{
  "id": "gen9championsvgc2026regma-2589565141",
  "format": "[Gen 9 Champions] VGC 2026 Reg M-A",
  "players": [
    "benjiapollo",
    "PPPOOPOOMANthe3rd"
  ],
  "log": "|j|\u2606benjiapollo\n|j|\u2606PPPOOPOOMANthe3rd\n|t:|1776734638\n|gametype|doubles\n|player|p1|benjiapollo|giovanni|1338\n|player|p2|PPPOOPOOMANthe3rd|101|1326\n|gen|9\n|tier|[Gen 9 Champions] VGC 2026 Reg M-A\n|rated|\n|rule|Species Clause: Limit one of each Pok\u00e9mon\n|rule|Item Clause: Limit 1 of each item\n|clearpoke\n|poke|p1|Basculegion, L50, M|\n|poke|p1|Charizard, L50, F|\n|poke|p1|Kingambit, L50, M|\n|poke|p1|Sneasler, L50, M|\n|poke|p1|Venusaur, L50, F|\n|poke|p1|Talonflame, L50, F|\n|poke|p2|Garchomp, L50, M|\n|poke|p2|Rotom-Heat, L50|\n|poke|p2|Sinistcha, L50|\n|poke|p2|Altaria, L50, F|\n|poke|p2|Lucario, L50, F|\n|poke|p2|Primarina, L50, M|\n|teampreview|4\n|inactive|Battle timer is ON: inactive players will automatically lose when time's up. (requested by PPPOOPOOMANthe3rd)\n|\n|t:|1776734664\n|teamsize|p1|4\n|teamsize|p2|4\n|start\n|switch|p1a: Talonflame|Talonflame, L50, F|100/100\n|switch|p1b: Charizard|Charizard, L50, F|100/100\n|switch|p2a: Sinistcha|Sinistcha, L50|100/100\n|switch|p2b: Rotom|Rotom-Heat, L50|100/100\n|turn|1\n|\n|t:|1776734680\n|switch|p2a: Primarina|Primarina, L50, M|100/100\n|detailschange|p1b: Charizard|Charizard-Mega-X, L50, F\n|-mega|p1b: Charizard|Charizard|Charizardite X\n|move|p1a: Talonflame|Tailwind|p1a: Talonflame\n|-sidestart|p1: benjiapollo|move: Tailwind\n|move|p1b: Charizard|Flare Blitz|p2a: Primarina\n|-resisted|p2a: Primarina|1\n|-damage|p2a: Primarina|59/100\n|-damage|p1b: Charizard|84/100|[from] Recoil\n|move|p2b: Rotom|Volt Switch|p1a: Talonflame\n|-supereffective|p1a: Talonflame|1\n|-enditem|p1a: Talonflame|Focus Sash\n|-damage|p1a: Talonflame|1/100\n|\n|t:|1776734694\n|switch|p2b: Sinistcha|Sinistcha, L50|100/100|[from] Volt Switch\n|-heal|p2a: Primarina|84/100|[from] ability: Hospitality|[of] p2b: Sinistcha\n|\n|-heal|p2a: Primarina|90/100|[from] item: Leftovers\n|upkeep\n|turn|2\n|\n|t:|1776734705\n|move|p1b: Charizard|Protect|p1b: Charizard\n|-singleturn|p1b: Charizard|Protect\n|move|p1a: Talonflame|Brave Bird|p2b: Sinistcha\n|-supereffective|p2b: Sinistcha|1\n|-damage|p2b: Sinistcha|30/100\n|-enditem|p2b: Sinistcha|Sitrus Berry|[eat]\n|-heal|p2b: Sinistcha|54/100|[from] item: Sitrus Berry\n|-damage|p1a: Talonflame|0 fnt|[from] Recoil\n|faint|p1a: Talonflame\n|move|p2a: Primarina|Hyper Voice|p1b: Charizard\n|-activate|p1b: Charizard|move: Protect\n|move|p2b: Sinistcha|Trick Room|p2b: Sinistcha\n|-fieldstart|move: Trick Room|[of] p2b: Sinistcha\n|\n|-heal|p2a: Primarina|96/100|[from] item: Leftovers\n|upkeep\n|\n|t:|1776734719\n|switch|p1a: Kingambit|Kingambit, L50, M|100/100\n|turn|3\n|\n|t:|1776734731\n|switch|p2b: Rotom|Rotom-Heat, L50|100/100\n|switch|p1b: Basculegion|Basculegion, L50, M|100/100\n|move|p2a: Primarina|Hyper Voice|p1b: Basculegion|[spread] p1a,p1b\n|-resisted|p1b: Basculegion|1\n|-damage|p1a: Kingambit|69/100\n|-damage|p1b: Basculegion|81/100\n|move|p1a: Kingambit|Kowtow Cleave|p2b: Rotom\n|-damage|p2b: Rotom|34/100\n|\n|-heal|p2a: Primarina|100/100|[from] item: Leftovers\n|upkeep\n|turn|4\n|\n|t:|1776734751\n|move|p1b: Basculegion|Aqua Jet|p2b: Rotom\n|-supereffective|p2b: Rotom|1\n|-damage|p2b: Rotom|0 fnt\n|faint|p2b: Rotom\n|move|p2a: Primarina|Moonblast|p1a: Kingambit\n|-damage|p1a: Kingambit|18/100\n|move|p1a: Kingambit|Iron Head|p2a: Primarina\n|-damage|p2a: Primarina|47/100\n|\n|-heal|p2a: Primarina|53/100|[from] item: Leftovers\n|-sideend|p1: benjiapollo|move: Tailwind\n|upkeep\n|\n|t:|1776734763\n|switch|p2b: Sinistcha|Sinistcha, L50|54/100\n|-heal|p2a: Primarina|78/100|[from] ability: Hospitality|[of] p2b: Sinistcha\n|turn|5\n|\n|t:|1776734771\n|switch|p2b: Garchomp|Garchomp, L50, M|100/100\n|switch|p1b: Charizard|Charizard-Mega-X, L50, F|84/100\n|move|p1a: Kingambit|Protect|p1a: Kingambit\n|-singleturn|p1a: Kingambit|Protect\n|move|p2a: Primarina|Hyper Voice|p1b: Charizard|[spread] p1b\n|-activate|p1a: Kingambit|move: Protect\n|-damage|p1b: Charizard|34/100\n|\n|-heal|p2a: Primarina|84/100|[from] item: Leftovers\n|upkeep\n|turn|6\n|inactive|PPPOOPOOMANthe3rd has 30 seconds left.\n|\n|t:|1776734800\n|detailschange|p2b: Garchomp|Garchomp-Mega, L50, M\n|-mega|p2b: Garchomp|Garchomp|Garchompite\n|move|p1a: Kingambit|Iron Head|p2a: Primarina\n|-damage|p2a: Primarina|30/100\n|move|p2a: Primarina|Moonblast|p1a: Kingambit\n|-damage|p1a: Kingambit|0 fnt\n|faint|p1a: Kingambit\n|move|p2b: Garchomp|Dragon Claw|p1b: Charizard\n|-supereffective|p1b: Charizard|1\n|-damage|p1b: Charizard|0 fnt\n|faint|p1b: Charizard\n|\n|-heal|p2a: Primarina|37/100|[from] item: Leftovers\n|-fieldend|move: Trick Room\n|upkeep\n|\n|t:|1776734813\n|switch|p1a: Basculegion|Basculegion, L50, M|81/100\n|turn|7\n|\n|t:|1776734818\n|switch|p2b: Sinistcha|Sinistcha, L50|54/100\n|-heal|p2a: Primarina|62/100|[from] ability: Hospitality|[of] p2b: Sinistcha\n|move|p1a: Basculegion|Last Respects|p2b: Sinistcha\n|-supereffective|p2b: Sinistcha|1\n|-damage|p2b: Sinistcha|0 fnt\n|faint|p2b: Sinistcha\n|move|p2a: Primarina|Moonblast|p1a: Basculegion\n|-damage|p1a: Basculegion|24/100\n|\n|-heal|p2a: Primarina|68/100|[from] item: Leftovers\n|upkeep\n|\n|t:|1776734825\n|switch|p2b: Garchomp|Garchomp-Mega, L50, M|100/100\n|turn|8\n|\n|t:|1776734832\n|move|p1a: Basculegion|Last Respects|p2a: Primarina\n|-damage|p2a: Primarina|0 fnt\n|faint|p2a: Primarina\n|move|p2b: Garchomp|Dragon Claw|p1a: Basculegion\n|-damage|p1a: Basculegion|0 fnt\n|faint|p1a: Basculegion\n|\n|win|PPPOOPOOMANthe3rd\n|raw|benjiapollo's rating: 1338 &rarr; <strong>1317</strong><br />(-21 for losing)\n|raw|PPPOOPOOMANthe3rd's rating: 1326 &rarr; <strong>1347</strong><br />(+21 for winning)\n",
  "uploadtime": 1776734840,
  "views": 4,
  "formatid": "gen9championsvgc2026regma",
  "rating": 1317,
  "private": 0,
  "password": null
}