{
  "id": "gen9championsvgc2026regma-2582151914",
  "format": "[Gen 9 Champions] VGC 2026 Reg M-A",
  "players": [
    "yixing_onestar",
    "OJ32"
  ],
  "log": "|j|\u2606yixing_onestar\n|j|\u2606OJ32\n|t:|1776064677\n|gametype|doubles\n|player|p1|yixing_onestar|swimmerf-gen4|1142\n|player|p2|OJ32|169|1047\n|gen|9\n|tier|[Gen 9 Champions] VGC 2026 Reg M-A\n|rated|\n|rule|Species Clause: Limit one of each Pok\u00e9mon\n|rule|Item Clause: Limit 1 of each item\n|clearpoke\n|poke|p1|Pelipper, L50, M|\n|poke|p1|Meganium, L50, F|\n|poke|p1|Archaludon, L50, F|\n|poke|p1|Basculegion, L50, M|\n|poke|p1|Talonflame, L50, F|\n|poke|p1|Palafin, L50, M|\n|poke|p2|Raichu, L50, F|\n|poke|p2|Sneasler, L50, M|\n|poke|p2|Froslass, L50, F|\n|poke|p2|Incineroar, L50, M|\n|poke|p2|Garchomp, L50, F|\n|poke|p2|Sinistcha, L50|\n|teampreview|4\n|inactive|Battle timer is ON: inactive players will automatically lose when time's up. (requested by OJ32)\n|inactive|yixing_onestar has 60 seconds left.\nOJ32 has agreed to open team sheets.\n|\n|t:|1776064707\n|teamsize|p1|4\n|teamsize|p2|4\n|start\n|switch|p1a: Talonflame|Talonflame, L50, F|100/100\n|switch|p1b: Palafin|Palafin, L50, M|100/100\n|switch|p2a: Raichu|Raichu, L50, F|100/100\n|switch|p2b: Sneasler|Sneasler, L50, M|100/100\n|turn|1\n|\n|t:|1776064723\n|detailschange|p1b: Palafin|Palafin-Hero, L50, M\n|switch|p1b: Pelipper|Pelipper, L50, M|100/100\n|-weather|RainDance|[from] ability: Drizzle|[of] p1b: Pelipper\n|move|p1a: Talonflame|Protect|p1a: Talonflame\n|-singleturn|p1a: Talonflame|Protect\n|move|p2b: Sneasler|Fake Out|p1b: Pelipper\n|-damage|p1b: Pelipper|82/100\n|move|p2a: Raichu|Fake Out|p1a: Talonflame\n|-activate|p1a: Talonflame|move: Protect\n|\n|-weather|RainDance|[upkeep]\n|upkeep\n|turn|2\n|\n|t:|1776064742\n|move|p1a: Talonflame|Tailwind|p1a: Talonflame\n|-sidestart|p1: yixing_onestar|move: Tailwind\n|move|p1b: Pelipper|Weather Ball|p2a: Raichu\n|-enditem|p2a: Raichu|Focus Sash\n|-damage|p2a: Raichu|1/100\n|move|p2b: Sneasler|Close Combat|p1a: Talonflame\n|-resisted|p1a: Talonflame|1\n|-damage|p1a: Talonflame|51/100\n|-unboost|p2b: Sneasler|def|1\n|-unboost|p2b: Sneasler|spd|1\n|-enditem|p2b: Sneasler|White Herb\n|-clearnegativeboost|p2b: Sneasler|[silent]\n|move|p2a: Raichu|Thunder|p1b: Pelipper\n|-supereffective|p1b: Pelipper|2\n|-damage|p1b: Pelipper|0 fnt\n|faint|p1b: Pelipper\n|\n|-weather|RainDance|[upkeep]\n|upkeep\n|\n|t:|1776064763\n|switch|p1b: Basculegion|Basculegion, L50, M|100/100\n|turn|3\n|\n|t:|1776064784\n|move|p2a: Raichu|Protect|p2a: Raichu\n|-singleturn|p2a: Raichu|Protect\n|move|p1b: Basculegion|Wave Crash|p2b: Sneasler\n|-damage|p2b: Sneasler|0 fnt\n|faint|p2b: Sneasler\n|-damage|p1b: Basculegion|74/100|[from] Recoil\n|move|p1a: Talonflame|Dual Wingbeat|p2a: Raichu\n|-activate|p2a: Raichu|move: Protect\n|\n|-weather|RainDance|[upkeep]\n|upkeep\n|\n|t:|1776064792\n|switch|p2b: Froslass|Froslass, L50, F|100/100\n|turn|4\n|\n|t:|1776064813\n|switch|p1b: Palafin|Palafin-Hero, L50, M|100/100\n|-activate|p1b: Palafin|ability: Zero to Hero\n|detailschange|p2b: Froslass|Froslass-Mega, L50, F\n|-mega|p2b: Froslass|Froslass|Froslassite\n|-weather|Snowscape|[from] ability: Snow Warning|[of] p2b: Froslass\n|move|p2b: Froslass|Protect|p2b: Froslass\n|-singleturn|p2b: Froslass|Protect\n|move|p1a: Talonflame|Dual Wingbeat|p2a: Raichu\n|-resisted|p2a: Raichu|1\n|-damage|p2a: Raichu|0 fnt\n|faint|p2a: Raichu\n|-hitcount|p2: Raichu|1\n|\n|-weather|Snowscape|[upkeep]\n|upkeep\n|\n|t:|1776064824\n|switch|p2a: Sinistcha|Sinistcha, L50|100/100\n|turn|5\n|\n|t:|1776064838\n|move|p2a: Sinistcha|Rage Powder|p2a: Sinistcha\n|-singleturn|p2a: Sinistcha|move: Rage Powder\n|move|p1a: Talonflame|Dual Wingbeat|p2a: Sinistcha\n|-supereffective|p2a: Sinistcha|1\n|-damage|p2a: Sinistcha|69/100\n|-supereffective|p2a: Sinistcha|1\n|-damage|p2a: Sinistcha|39/100\n|-hitcount|p2a: Sinistcha|2\n|move|p1b: Palafin|Wave Crash|p2a: Sinistcha\n|-resisted|p2a: Sinistcha|1\n|-damage|p2a: Sinistcha|3/100\n|-damage|p1b: Palafin|89/100|[from] Recoil\n|move|p2b: Froslass|Blizzard|p1b: Palafin|[spread] p1a,p1b\n|-resisted|p1b: Palafin|1\n|-damage|p1a: Talonflame|0 fnt\n|-damage|p1b: Palafin|65/100\n|faint|p1a: Talonflame\n|\n|-weather|Snowscape|[upkeep]\n|-heal|p2a: Sinistcha|9/100|[from] item: Leftovers\n|-sideend|p1: yixing_onestar|move: Tailwind\n|upkeep\n|\n|t:|1776064843\n|switch|p1a: Basculegion|Basculegion, L50, M|74/100\n|turn|6\n|\n|t:|1776064854\n|move|p1a: Basculegion|Aqua Jet|p2a: Sinistcha\n|-resisted|p2a: Sinistcha|1\n|-damage|p2a: Sinistcha|0 fnt\n|faint|p2a: Sinistcha\n|move|p2b: Froslass|Shadow Ball|p1a: Basculegion\n|-supereffective|p1a: Basculegion|1\n|-damage|p1a: Basculegion|0 fnt\n|faint|p1a: Basculegion\n|move|p1b: Palafin|Wave Crash|p2b: Froslass\n|-damage|p2b: Froslass|0 fnt\n|faint|p2b: Froslass\n|-damage|p1b: Palafin|37/100|[from] Recoil\n|\n|win|yixing_onestar\n|raw|yixing_onestar's rating: 1142 &rarr; <strong>1160</strong><br />(+18 for winning)\n|raw|OJ32's rating: 1047 &rarr; <strong>1034</strong><br />(-13 for losing)\n",
  "uploadtime": 1776064855,
  "views": 11,
  "formatid": "gen9championsvgc2026regma",
  "rating": 1034,
  "private": 0,
  "password": null
}