{
  "id": "gen9championsvgc2026regma-2586678942",
  "format": "[Gen 9 Champions] VGC 2026 Reg M-A",
  "players": [
    "mrguy888",
    "Pedro Leao"
  ],
  "log": "|j|\u2606mrguy888\n|j|\u2606Pedro Leao\n|t:|1776451542\n|gametype|doubles\n|player|p1|mrguy888|noland-gen3|1243\n|player|p2|Pedro Leao|n|1211\n|gen|9\n|tier|[Gen 9 Champions] VGC 2026 Reg M-A\n|rated|\n|rule|Species Clause: Limit one of each Pok\u00e9mon\n|rule|Item Clause: Limit 1 of each item\n|clearpoke\n|poke|p1|Floette-Eternal, L50, F|\n|poke|p1|Aerodactyl, L50, F|\n|poke|p1|Tauros-Paldea-Aqua, L50, M|\n|poke|p1|Kangaskhan, L50, F|\n|poke|p1|Rotom-Heat, L50|\n|poke|p1|Aegislash, L50, F|\n|poke|p2|Incineroar, L50, M|\n|poke|p2|Talonflame, L50, F|\n|poke|p2|Rotom-Wash, L50|\n|poke|p2|Empoleon, L50, M|\n|poke|p2|Kangaskhan, L50, F|\n|poke|p2|Froslass, L50, F|\n|teampreview|4\n|inactive|Battle timer is ON: inactive players will automatically lose when time's up. (requested by mrguy888)\n|\n|t:|1776451562\n|teamsize|p1|4\n|teamsize|p2|4\n|start\n|switch|p1a: Aerodactyl|Aerodactyl, L50, F|100/100\n|switch|p1b: Floette|Floette-Eternal, L50, F|100/100\n|switch|p2a: Empoleon|Empoleon, L50, M|100/100\n|switch|p2b: Rotom|Rotom-Wash, L50|100/100\n|-ability|p1a: Aerodactyl|Unnerve\n|turn|1\n|\n|t:|1776451582\n|detailschange|p1b: Floette|Floette-Mega, L50, F\n|-mega|p1b: Floette|Floette|Floettite\n|-ability|p1b: Floette|Fairy Aura\n|move|p1a: Aerodactyl|Tailwind|p1a: Aerodactyl\n|-sidestart|p1: mrguy888|move: Tailwind\n|move|p1b: Floette|Moonblast|p2b: Rotom\n|-damage|p2b: Rotom|12/100\n|move|p2b: Rotom|Electroweb|p1a: Aerodactyl|[spread] p1a,p1b\n|-supereffective|p1a: Aerodactyl|1\n|-damage|p1a: Aerodactyl|45/100\n|-damage|p1b: Floette|89/100\n|-unboost|p1a: Aerodactyl|spe|1\n|-unboost|p1b: Floette|spe|1\n|move|p2a: Empoleon|Flash Cannon|p1b: Floette\n|-supereffective|p1b: Floette|1\n|-damage|p1b: Floette|42/100\n|\n|-heal|p2b: Rotom|18/100|[from] item: Leftovers\n|upkeep\n|turn|2\n|inactive|mrguy888 has 30 seconds left.\n|\n|t:|1776451612\n|switch|p1a: Aegislash|Aegislash, L50, F|100/100\n|move|p2b: Rotom|Protect|p2b: Rotom\n|-singleturn|p2b: Rotom|Protect\n|move|p1b: Floette|Dazzling Gleam|p2a: Empoleon|[spread] p2a\n|-activate|p2b: Rotom|move: Protect\n|-resisted|p2a: Empoleon|1\n|-damage|p2a: Empoleon|81/100\n|move|p2a: Empoleon|Flash Cannon|p1a: Aegislash\n|-resisted|p1a: Aegislash|1\n|-damage|p1a: Aegislash|88/100\n|-unboost|p1a: Aegislash|spd|1\n|\n|-heal|p2b: Rotom|23/100|[from] item: Leftovers\n|upkeep\n|turn|3\n|\n|t:|1776451630\n|switch|p2b: Incineroar|Incineroar, L50, M|100/100\n|-ability|p2b: Incineroar|Intimidate|boost\n|-unboost|p1a: Aegislash|atk|1\n|-unboost|p1b: Floette|atk|1\n|-formechange|p1a: Aegislash|Aegislash-Blade|\n|move|p1a: Aegislash|Poltergeist|p2a: Empoleon\n|-activate|p2a: Empoleon|move: Poltergeist|Chople Berry\n|-damage|p2a: Empoleon|39/100\n|move|p1b: Floette|Dazzling Gleam|p2a: Empoleon|[spread] p2a,p2b\n|-resisted|p2a: Empoleon|1\n|-damage|p2a: Empoleon|17/100\n|-damage|p2b: Incineroar|60/100\n|move|p2a: Empoleon|Flash Cannon|p1b: Floette\n|-supereffective|p1b: Floette|1\n|-damage|p1b: Floette|0 fnt\n|faint|p1b: Floette\n|\n|upkeep\n|\n|t:|1776451644\n|switch|p1b: Tauros|Tauros-Paldea-Aqua, L50, M|100/100\n|-ability|p1b: Tauros|Intimidate|boost\n|-unboost|p2a: Empoleon|atk|1\n|-ability|p2a: Empoleon|Competitive|boost\n|-boost|p2a: Empoleon|spa|2\n|-unboost|p2b: Incineroar|atk|1\n|turn|4\n|\n|t:|1776451660\n|move|p2a: Empoleon|Protect|p2a: Empoleon\n|-singleturn|p2a: Empoleon|Protect\n|move|p2b: Incineroar|Fake Out|p1b: Tauros\n|-damage|p1b: Tauros|92/100\n|move|p1a: Aegislash|Shadow Sneak|p2a: Empoleon\n|-activate|p2a: Empoleon|move: Protect\n|cant|p1b: Tauros|flinch\n|\n|-sideend|p1: mrguy888|move: Tailwind\n|upkeep\n|turn|5\n|\n|t:|1776451683\n|switch|p2b: Rotom|Rotom-Wash, L50|23/100\n|move|p1a: Aegislash|Shadow Sneak|p2a: Empoleon\n|-damage|p2a: Empoleon|0 fnt\n|faint|p2a: Empoleon\n|move|p1b: Tauros|Wave Crash|p2b: Rotom\n|-resisted|p2b: Rotom|1\n|-damage|p2b: Rotom|0 fnt\n|faint|p2b: Rotom\n|-damage|p1b: Tauros|84/100|[from] Recoil\n|\n|upkeep\n|\n|t:|1776451695\n|switch|p2b: Kangaskhan|Kangaskhan, L50, F|100/100\n|switch|p2a: Incineroar|Incineroar, L50, M|60/100\n|-ability|p2a: Incineroar|Intimidate|boost\n|-unboost|p1a: Aegislash|atk|1\n|-unboost|p1b: Tauros|atk|1\n|turn|6\n|inactive|Pedro Leao has 30 seconds left.\n|\n|t:|1776451722\n|switch|p1b: Aerodactyl|Aerodactyl, L50, F|45/100\n|-ability|p1b: Aerodactyl|Unnerve\n|detailschange|p2b: Kangaskhan|Kangaskhan-Mega, L50, F\n|-mega|p2b: Kangaskhan|Kangaskhan|Kangaskhanite\n|-formechange|p1a: Aegislash|Aegislash|\n|move|p1a: Aegislash|King's Shield|p1a: Aegislash\n|-singleturn|p1a: Aegislash|Protect\n|move|p2a: Incineroar|Fake Out|p1b: Aerodactyl\n|-resisted|p1b: Aerodactyl|1\n|-damage|p1b: Aerodactyl|37/100\n|move|p2b: Kangaskhan|Sucker Punch||[still]\n|-fail|p2b: Kangaskhan\n|\n|upkeep\n|turn|7\n|\n|t:|1776451741\n|switch|p1a: Tauros|Tauros-Paldea-Aqua, L50, M|84/100\n|-ability|p1a: Tauros|Intimidate|boost\n|-unboost|p2a: Incineroar|atk|1\n|-unboost|p2b: Kangaskhan|atk|1\n|move|p1b: Aerodactyl|Rock Slide|p2a: Incineroar|[spread] p2a,p2b\n|-supereffective|p2a: Incineroar|1\n|-damage|p2a: Incineroar|12/100\n|-damage|p2b: Kangaskhan|74/100\n|move|p2b: Kangaskhan|Drain Punch|p1b: Aerodactyl\n|-crit|p1b: Aerodactyl\n|-damage|p1b: Aerodactyl|0 fnt\n|-heal|p2b: Kangaskhan|89/100|[from] drain|[of] p1b: Aerodactyl\n|-enditem|p2a: Incineroar|Sitrus Berry|[eat]\n|-heal|p2a: Incineroar|37/100|[from] item: Sitrus Berry\n|faint|p1b: Aerodactyl\n|-hitcount|p1: Aerodactyl|1\n|move|p2a: Incineroar|Flare Blitz|p1a: Tauros\n|-resisted|p1a: Tauros|1\n|-damage|p1a: Tauros|65/100\n|-status|p1a: Tauros|brn\n|-damage|p2a: Incineroar|32/100|[from] Recoil\n|\n|-damage|p1a: Tauros|59/100 brn|[from] brn\n|upkeep\n|\n|t:|1776451757\n|switch|p1b: Aegislash|Aegislash, L50, F|88/100\n|turn|8\n|\n|t:|1776451777\n|move|p2b: Kangaskhan|Protect|p2b: Kangaskhan\n|-singleturn|p2b: Kangaskhan|Protect\n|move|p1b: Aegislash|King's Shield|p1b: Aegislash\n|-singleturn|p1b: Aegislash|Protect\n|move|p1a: Tauros|Wave Crash|p2a: Incineroar\n|-supereffective|p2a: Incineroar|1\n|-damage|p2a: Incineroar|0 fnt\n|faint|p2a: Incineroar\n|-damage|p1a: Tauros|45/100 brn|[from] Recoil\n|\n|-damage|p1a: Tauros|39/100 brn|[from] brn\n|upkeep\n|turn|9\n|inactive|Pedro Leao has 30 seconds left.\n|inactive|Pedro Leao has 20 seconds left.\n|\n|t:|1776451815\n|move|p2b: Kangaskhan|Sucker Punch|p1a: Tauros\n|-resisted|p1a: Tauros|1\n|-damage|p1a: Tauros|29/100 brn\n|-resisted|p1a: Tauros|1\n|-damage|p1a: Tauros|27/100 brn\n|-hitcount|p1a: Tauros|2\n|move|p1a: Tauros|Close Combat|p2b: Kangaskhan\n|-supereffective|p2b: Kangaskhan|1\n|-damage|p2b: Kangaskhan|32/100\n|-unboost|p1a: Tauros|def|1\n|-unboost|p1a: Tauros|spd|1\n|-formechange|p1b: Aegislash|Aegislash-Blade|\n|move|p1b: Aegislash|Iron Head|p2b: Kangaskhan\n|-damage|p2b: Kangaskhan|0 fnt\n|faint|p2b: Kangaskhan\n|\n|win|mrguy888\n|raw|mrguy888's rating: 1243 &rarr; <strong>1266</strong><br />(+23 for winning)\n|raw|Pedro Leao's rating: 1211 &rarr; <strong>1188</strong><br />(-23 for losing)\n",
  "uploadtime": 1776451822,
  "views": 37,
  "formatid": "gen9championsvgc2026regma",
  "rating": 1188,
  "private": 0,
  "password": null
}