{
  "id": "gen9championsvgc2026regma-2589563512",
  "format": "[Gen 9 Champions] VGC 2026 Reg M-A",
  "players": [
    "guioguoguo",
    "Ethan-H-VGC"
  ],
  "log": "|j|\u2606guioguoguo\n|j|\u2606Ethan-H-VGC\n|t:|1776734488\n|gametype|doubles\n|player|p1|guioguoguo|266|1160\n|player|p2|Ethan-H-VGC|burglar|1121\n|gen|9\n|tier|[Gen 9 Champions] VGC 2026 Reg M-A\n|rated|\n|rule|Species Clause: Limit one of each Pok\u00e9mon\n|rule|Item Clause: Limit 1 of each item\n|clearpoke\n|poke|p1|Excadrill, L50, F, shiny|\n|poke|p1|Hawlucha, L50, M, shiny|\n|poke|p1|Tyranitar, L50, F, shiny|\n|poke|p1|Espathra, L50, F, shiny|\n|poke|p1|Sinistcha, L50, shiny|\n|poke|p1|Incineroar, L50, F, shiny|\n|poke|p2|Aerodactyl, L50, F|\n|poke|p2|Weavile, L50, M|\n|poke|p2|Sneasler, L50, M|\n|poke|p2|Floette-Eternal, L50, F|\n|poke|p2|Sinistcha, L50|\n|poke|p2|Tauros-Paldea-Aqua, L50, M|\n|teampreview|4\n|\n|t:|1776734514\n|teamsize|p1|4\n|teamsize|p2|4\n|start\n|switch|p1a: Excadrill|Excadrill, L50, F, shiny|100/100\n|switch|p1b: Hawlucha|Hawlucha, L50, M, shiny|100/100\n|switch|p2a: Aerodactyl|Aerodactyl, L50, F|100/100\n|switch|p2b: Weavile|Weavile, L50, M|100/100\n|-ability|p2a: Aerodactyl|Unnerve\n|-ability|p2b: Weavile|Pressure\n|-ability|p1b: Hawlucha|Mold Breaker\n|turn|1\n|\n|t:|1776734538\n|detailschange|p1b: Hawlucha|Hawlucha-Mega, L50, M, shiny\n|-mega|p1b: Hawlucha|Hawlucha|Hawluchanite\n|move|p2a: Aerodactyl|Wide Guard|p2a: Aerodactyl\n|-singleturn|p2a: Aerodactyl|Wide Guard\n|move|p2b: Weavile|Fake Out|p1b: Hawlucha\n|-damage|p1b: Hawlucha|84/100\n|cant|p1b: Hawlucha|flinch\n|move|p1a: Excadrill|Fissure|p2b: Weavile\n|-enditem|p2b: Weavile|Focus Sash\n|-damage|p2b: Weavile|1/100\n|\n|upkeep\n|turn|2\n|\n|t:|1776734575\n|move|p2a: Aerodactyl|Rock Slide|p1b: Hawlucha|[spread] p1a,p1b\n|-resisted|p1a: Excadrill|2\n|-damage|p1a: Excadrill|95/100\n|-damage|p1b: Hawlucha|57/100\n|move|p2b: Weavile|Icicle Crash|p1b: Hawlucha\n|-supereffective|p1b: Hawlucha|1\n|-damage|p1b: Hawlucha|0 fnt\n|faint|p1b: Hawlucha\n|move|p1a: Excadrill|Stomping Tantrum|p2b: Weavile\n|-damage|p2b: Weavile|0 fnt\n|faint|p2b: Weavile\n|\n|upkeep\n|\n|t:|1776734588\n|switch|p2b: Sneasler|Sneasler, L50, M|100/100\n|switch|p1b: Espathra|Espathra, L50, F, shiny|100/100\n|turn|3\n|\n|t:|1776734601\n|switch|p1b: Sinistcha|Sinistcha, L50, shiny|100/100\n|-heal|p1a: Excadrill|100/100|[from] ability: Hospitality|[of] p1b: Sinistcha\n|move|p2a: Aerodactyl|Crunch|p1b: Sinistcha\n|-supereffective|p1b: Sinistcha|1\n|-damage|p1b: Sinistcha|49/100\n|move|p2b: Sneasler|Close Combat|p1a: Excadrill\n|-supereffective|p1a: Excadrill|1\n|-enditem|p1a: Excadrill|Focus Sash\n|-damage|p1a: Excadrill|1/100\n|-unboost|p2b: Sneasler|def|1\n|-unboost|p2b: Sneasler|spd|1\n|move|p1a: Excadrill|Stomping Tantrum|p2b: Sneasler\n|-supereffective|p2b: Sneasler|1\n|-damage|p2b: Sneasler|0 fnt\n|faint|p2b: Sneasler\n|\n|upkeep\n|\n|t:|1776734620\n|switch|p2b: Floette|Floette-Eternal, L50, F|100/100\n|turn|4\n|\n|t:|1776734631\n|detailschange|p2b: Floette|Floette-Mega, L50, F\n|-mega|p2b: Floette|Floette|Floettite\n|-ability|p2b: Floette|Fairy Aura\n|move|p2a: Aerodactyl|Wide Guard|p2a: Aerodactyl\n|-singleturn|p2a: Aerodactyl|Wide Guard\n|move|p1b: Sinistcha|Matcha Gotcha|p2b: Floette|[spread] \n|-activate|p2a: Aerodactyl|move: Wide Guard\n|-activate|p2b: Floette|move: Wide Guard\n|move|p2b: Floette|Dazzling Gleam|p1b: Sinistcha|[spread] p1a,p1b\n|-resisted|p1a: Excadrill|1\n|-crit|p1b: Sinistcha\n|-damage|p1a: Excadrill|0 fnt\n|-damage|p1b: Sinistcha|0 fnt\n|faint|p1a: Excadrill\n|faint|p1b: Sinistcha\n|\n|upkeep\n|\n|t:|1776734644\n|switch|p1a: Espathra|Espathra, L50, F, shiny|100/100\n|turn|5\n|\n|t:|1776734655\n|move|p1a: Espathra|Protect|p1a: Espathra\n|-singleturn|p1a: Espathra|Protect\n|move|p2a: Aerodactyl|Crunch|p1a: Espathra\n|-activate|p1a: Espathra|move: Protect\n|move|p2b: Floette|Dazzling Gleam|p1a: Espathra\n|-activate|p1a: Espathra|move: Protect\n|\n|-ability|p1a: Espathra|Speed Boost|boost\n|-boost|p1a: Espathra|spe|1\n|upkeep\n|turn|6\n|inactive|Battle timer is ON: inactive players will automatically lose when time's up. (requested by guioguoguo)\n|\n|t:|1776734671\n|move|p1a: Espathra|Protect||[still]\n|-fail|p1a: Espathra\n|move|p2a: Aerodactyl|Crunch|p1a: Espathra\n|-supereffective|p1a: Espathra|1\n|-damage|p1a: Espathra|38/100\n|move|p2b: Floette|Light of Ruin|p1a: Espathra|[miss]\n|-miss|p2b: Floette|p1a: Espathra\n|\n|-ability|p1a: Espathra|Speed Boost|boost\n|-boost|p1a: Espathra|spe|1\n|upkeep\n|turn|7\n|\n|t:|1776734687\n|move|p1a: Espathra|Dazzling Gleam|p2b: Floette|[spread] p2a,p2b\n|-damage|p2a: Aerodactyl|71/100\n|-damage|p2b: Floette|80/100\n|move|p2a: Aerodactyl|Crunch|p1a: Espathra\n|-supereffective|p1a: Espathra|1\n|-damage|p1a: Espathra|0 fnt\n|faint|p1a: Espathra\n|\n|win|Ethan-H-VGC\n|raw|guioguoguo's rating: 1160 &rarr; <strong>1132</strong><br />(-28 for losing)\n|raw|Ethan-H-VGC's rating: 1121 &rarr; <strong>1149</strong><br />(+28 for winning)\n",
  "uploadtime": 1776734689,
  "views": 3,
  "formatid": "gen9championsvgc2026regma",
  "rating": 1132,
  "private": 0,
  "password": null
}