{
  "id": "gen9championsvgc2026regma-2586760254",
  "format": "[Gen 9 Champions] VGC 2026 Reg M-A",
  "players": [
    "guguchu",
    "GotGibaited"
  ],
  "log": "|j|\u2606guguchu\n|j|\u2606GotGibaited\n|t:|1776457750\n|gametype|doubles\n|player|p1|guguchu|266|1162\n|player|p2|GotGibaited|102|1219\n|gen|9\n|tier|[Gen 9 Champions] VGC 2026 Reg M-A\n|rated|\n|rule|Species Clause: Limit one of each Pok\u00e9mon\n|rule|Item Clause: Limit 1 of each item\n|clearpoke\n|poke|p1|Delphox, L50, F|\n|poke|p1|Araquanid, L50, M|\n|poke|p1|Garchomp, L50, M|\n|poke|p1|Maushold-Four, L50|\n|poke|p1|Incineroar, L50, M|\n|poke|p1|Dragonite, L50, F|\n|poke|p2|Talonflame, L50, M|\n|poke|p2|Garchomp, L50, F|\n|poke|p2|Incineroar, L50, F|\n|poke|p2|Floette-Eternal, L50, F|\n|poke|p2|Rotom-Wash, L50|\n|poke|p2|Aegislash, L50, M|\n|teampreview|4\n|\n|t:|1776457808\n|teamsize|p1|4\n|teamsize|p2|4\n|start\n|switch|p1a: goat|Araquanid, L50, M, shiny|100/100\n|switch|p1b: Maushold|Maushold-Four, L50, shiny|100/100\n|switch|p2a: Talonflame|Talonflame, L50, M|100/100\n|switch|p2b: Floette|Floette-Eternal, L50, F|100/100\n|turn|1\n|\n|t:|1776457820\n|detailschange|p2b: Floette|Floette-Mega, L50, F\n|-mega|p2b: Floette|Floette|Floettite\n|-ability|p2b: Floette|Fairy Aura\n|move|p1b: Maushold|Protect|p1b: Maushold\n|-singleturn|p1b: Maushold|Protect\n|move|p2a: Talonflame|Tailwind|p2a: Talonflame\n|-sidestart|p2: GotGibaited|move: Tailwind\n|move|p2b: Floette|Dazzling Gleam|p1a: goat|[spread] p1a\n|-activate|p1b: Maushold|move: Protect\n|-damage|p1a: goat|63/100\n|move|p1a: goat|Liquidation|p2a: Talonflame\n|-supereffective|p2a: Talonflame|1\n|-damage|p2a: Talonflame|0 fnt\n|faint|p2a: Talonflame\n|\n|-heal|p1a: goat|68/100|[from] item: Leftovers\n|upkeep\n|\n|t:|1776457831\n|switch|p2a: Rotom|Rotom-Wash, L50|100/100\n|turn|2\n|\n|t:|1776457849\n|move|p1a: goat|Wide Guard|p1a: goat\n|-singleturn|p1a: goat|Wide Guard\n|move|p2b: Floette|Dazzling Gleam|p1b: Maushold|[spread] \n|-activate|p1a: goat|move: Wide Guard\n|-activate|p1b: Maushold|move: Wide Guard\n|move|p2a: Rotom|Thunderbolt|p1a: goat\n|-supereffective|p1a: goat|1\n|-damage|p1a: goat|24/100\n|move|p1b: Maushold|Population Bomb|p2b: Floette\n|-damage|p2b: Floette|86/100\n|-damage|p2b: Floette|71/100\n|-damage|p2b: Floette|57/100\n|-damage|p2b: Floette|41/100\n|-hitcount|p2b: Floette|4\n|\n|-heal|p1a: goat|30/100|[from] item: Leftovers\n|upkeep\n|turn|3\n|\n|t:|1776457875\n|switch|p1a: Dragonite|Dragonite, L50, F, shiny|100/100\n|move|p1b: Maushold|Protect|p1b: Maushold\n|-singleturn|p1b: Maushold|Protect\n|move|p2b: Floette|Moonblast|p1b: Maushold\n|-activate|p1b: Maushold|move: Protect\n|move|p2a: Rotom|Hydro Pump|p1a: Dragonite\n|-resisted|p1a: Dragonite|1\n|-damage|p1a: Dragonite|92/100\n|\n|upkeep\n|turn|4\n|inactive|Battle timer is ON: inactive players will automatically lose when time's up. (requested by guguchu)\n|\n|t:|1776457914\n|switch|p2a: Incineroar|Incineroar, L50, F|100/100\n|-ability|p2a: Incineroar|Intimidate|boost\n|-unboost|p1a: Dragonite|atk|1\n|-unboost|p1b: Maushold|atk|1\n|switch|p1a: goat|Araquanid, L50, M, shiny|30/100\n|move|p2b: Floette|Dazzling Gleam|p1a: goat|[spread] p1a,p1b\n|-damage|p1a: goat|0 fnt\n|-damage|p1b: Maushold|20/100\n|faint|p1a: goat\n|move|p1b: Maushold|Population Bomb|p2b: Floette\n|-damage|p2b: Floette|31/100\n|-damage|p2b: Floette|21/100\n|-damage|p2b: Floette|11/100\n|-damage|p2b: Floette|1/100\n|-damage|p2b: Floette|0 fnt\n|faint|p2b: Floette\n|-hitcount|p2: Floette|5\n|\n|-sideend|p2: GotGibaited|move: Tailwind\n|upkeep\n|\n|t:|1776457931\n|switch|p2b: Rotom|Rotom-Wash, L50|100/100\n|switch|p1a: Dragonite|Dragonite, L50, F, shiny|92/100\n|turn|5\n|\n|t:|1776457956\n|move|p1b: Maushold|Protect|p1b: Maushold\n|-singleturn|p1b: Maushold|Protect\n|move|p2a: Incineroar|Fake Out|p1a: Dragonite\n|-damage|p1a: Dragonite|83/100\n|move|p2b: Rotom|Thunderbolt|p1b: Maushold\n|-activate|p1b: Maushold|move: Protect\n|cant|p1a: Dragonite|flinch\n|\n|upkeep\n|turn|6\n|inactive|guguchu has 30 seconds left.\n|\n|t:|1776457982\n|move|p1b: Maushold|Population Bomb|p2b: Rotom|[miss]\n|-miss|p1b: Maushold|p2b: Rotom\n|move|p2b: Rotom|Thunderbolt|p1b: Maushold\n|-damage|p1b: Maushold|0 fnt\n|faint|p1b: Maushold\n|move|p1a: Dragonite|Stomping Tantrum|p2a: Incineroar\n|-supereffective|p2a: Incineroar|1\n|-damage|p2a: Incineroar|9/100\n|move|p2a: Incineroar|Darkest Lariat|p1a: Dragonite\n|-damage|p1a: Dragonite|51/100\n|\n|-heal|p2a: Incineroar|15/100|[from] item: Leftovers\n|upkeep\n|\n|t:|1776457993\n|switch|p1b: Delphox|Delphox, L50, F, shiny|100/100\n|turn|7\n|inactive|GotGibaited has 30 seconds left.\n|inactive|guguchu has 30 seconds left.\n|\n|t:|1776458036\n|move|p1b: Delphox|Protect|p1b: Delphox\n|-singleturn|p1b: Delphox|Protect\n|move|p1a: Dragonite|Extreme Speed|p2a: Incineroar\n|-damage|p2a: Incineroar|0 fnt\n|faint|p2a: Incineroar\n|move|p2b: Rotom|Will-O-Wisp|p1a: Dragonite\n|-status|p1a: Dragonite|brn\n|\n|-damage|p1a: Dragonite|45/100 brn|[from] brn\n|upkeep\n|turn|8\n|\n|t:|1776458058\n|detailschange|p1b: Delphox|Delphox-Mega, L50, F, shiny\n|-mega|p1b: Delphox|Delphox|Delphoxite\n|move|p1b: Delphox|Psychic|p2b: Rotom\n|-damage|p2b: Rotom|34/100\n|-enditem|p2b: Rotom|Sitrus Berry|[eat]\n|-heal|p2b: Rotom|58/100|[from] item: Sitrus Berry\n|move|p2b: Rotom|Hydro Pump|p1b: Delphox\n|-supereffective|p1b: Delphox|1\n|-damage|p1b: Delphox|23/100\n|move|p1a: Dragonite|Roost|p1a: Dragonite\n|-heal|p1a: Dragonite|95/100 brn\n|-singleturn|p1a: Dragonite|move: Roost\n|\n|-damage|p1a: Dragonite|89/100 brn|[from] brn\n|upkeep\n|turn|9\n|\n|t:|1776458070\n|move|p1a: Dragonite|Extreme Speed|p2b: Rotom\n|-damage|p2b: Rotom|40/100\n|move|p1b: Delphox|Psychic|p2b: Rotom\n|-damage|p2b: Rotom|0 fnt\n|faint|p2b: Rotom\n|\n|win|guguchu\n|raw|guguchu's rating: 1162 &rarr; <strong>1191</strong><br />(+29 for winning)\n|raw|GotGibaited's rating: 1219 &rarr; <strong>1190</strong><br />(-29 for losing)\n|c|\u2606GotGibaited|gg\n",
  "uploadtime": 1776458081,
  "views": 30,
  "formatid": "gen9championsvgc2026regma",
  "rating": 1190,
  "private": 0,
  "password": null
}