{
  "id": "gen9championsvgc2026regma-2581596905",
  "format": "[Gen 9 Champions] VGC 2026 Reg M-A",
  "players": [
    "somebirdgal",
    "Potato1010"
  ],
  "log": "|j|\u2606somebirdgal\n|j|\u2606Potato1010\n|t:|1776013873\n|gametype|doubles\n|player|p1|somebirdgal|caitlin|1177\n|player|p2|Potato1010|102|1251\n|gen|9\n|tier|[Gen 9 Champions] VGC 2026 Reg M-A\n|rated|\n|rule|Species Clause: Limit one of each Pok\u00e9mon\n|rule|Item Clause: Limit 1 of each item\n|clearpoke\n|poke|p1|Sneasler, L50, F|\n|poke|p1|Kingambit, L50, F|\n|poke|p1|Basculegion, L50, M|\n|poke|p1|Delphox, L50, F|\n|poke|p1|Clefable, L50, F|\n|poke|p1|Torkoal, L50, F|\n|poke|p2|Hawlucha, L50, F|\n|poke|p2|Excadrill, L50, M|\n|poke|p2|Sinistcha, L50|\n|poke|p2|Vanilluxe, L50, F|\n|poke|p2|Mr. Rime, L50, F|\n|teampreview|4\n|\n|t:|1776013932\n|teamsize|p1|4\n|teamsize|p2|4\n|start\n|switch|p1a: Delphox|Delphox, L50, F|100/100\n|switch|p1b: Torkoal|Torkoal, L50, F|100/100\n|switch|p2a: Hawlucha|Hawlucha, L50, F|100/100\n|switch|p2b: Excadrill|Excadrill, L50, M|100/100\n|-weather|SunnyDay|[from] ability: Drought|[of] p1b: Torkoal\n|turn|1\n|-activate|p1b: Torkoal|item: Quick Claw\n|\n|t:|1776013968\n|detailschange|p2a: Hawlucha|Hawlucha-Mega, L50, F\n|-mega|p2a: Hawlucha|Hawlucha|Hawluchanite\n|detailschange|p1a: Delphox|Delphox-Mega, L50, F\n|-mega|p1a: Delphox|Delphox|Delphoxite\n|move|p1b: Torkoal|Helping Hand|p1a: Delphox\n|-singleturn|p1a: Delphox|Helping Hand|[of] p1b: Torkoal\n|move|p2b: Excadrill|Protect|p2b: Excadrill\n|-singleturn|p2b: Excadrill|Protect\n|move|p1a: Delphox|Heat Wave|p2a: Hawlucha|[spread] p2a\n|-activate|p2b: Excadrill|move: Protect\n|-damage|p2a: Hawlucha|14/100\n|move|p2a: Hawlucha|Entrainment|p1a: Delphox\n|-ability|p1a: Delphox|No Guard|Levitate|[from] move: Entrainment|[of] p2a: Hawlucha\n|\n|-weather|SunnyDay|[upkeep]\n|upkeep\n|turn|2\n|\n|t:|1776014012\n|switch|p1b: Clefable|Clefable, L50, F|100/100\n|move|p1a: Delphox|Protect|p1a: Delphox\n|-singleturn|p1a: Delphox|Protect\n|move|p2a: Hawlucha|Detect|p2a: Hawlucha\n|-singleturn|p2a: Hawlucha|Protect\n|move|p2b: Excadrill|Horn Drill|p1a: Delphox\n|-activate|p1a: Delphox|move: Protect\n|\n|-weather|SunnyDay|[upkeep]\n|upkeep\n|turn|3\n|\n|t:|1776014029\n|switch|p2a: Mr. Rime|Mr. Rime, L50, F|100/100\n|move|p2b: Excadrill|Protect|p2b: Excadrill\n|-singleturn|p2b: Excadrill|Protect\n|move|p1b: Clefable|Follow Me|p1b: Clefable\n|-singleturn|p1b: Clefable|move: Follow Me\n|move|p1a: Delphox|Heat Wave|p2b: Excadrill|[spread] p2a\n|-activate|p2b: Excadrill|move: Protect\n|-supereffective|p2a: Mr. Rime|1\n|-enditem|p2a: Mr. Rime|Focus Sash\n|-damage|p2a: Mr. Rime|1/100\n|\n|-weather|SunnyDay|[upkeep]\n|upkeep\n|turn|4\n|\n|t:|1776014056\n|move|p1a: Delphox|Protect|p1a: Delphox\n|-singleturn|p1a: Delphox|Protect\n|move|p1b: Clefable|Protect|p1b: Clefable\n|-singleturn|p1b: Clefable|Protect\n|move|p2a: Mr. Rime|Fake Out|p1a: Delphox\n|-activate|p1a: Delphox|move: Protect\n|move|p2b: Excadrill|Earthquake|p1b: Clefable|[spread] p2a\n|-activate|p1a: Delphox|move: Protect\n|-activate|p1b: Clefable|move: Protect\n|-damage|p2a: Mr. Rime|0 fnt\n|faint|p2a: Mr. Rime\n|\n|-weather|SunnyDay|[upkeep]\n|upkeep\n|\n|t:|1776014062\n|switch|p2a: Hawlucha|Hawlucha-Mega, L50, F|14/100\n|turn|5\n|-message|Potato1010 forfeited.\n|\n|win|somebirdgal\n|raw|somebirdgal's rating: 1177 &rarr; <strong>1207</strong><br />(+30 for winning)\n|raw|Potato1010's rating: 1251 &rarr; <strong>1221</strong><br />(-30 for losing)\n|l|\u2606Potato1010\n|player|p2|\n",
  "uploadtime": 1776014070,
  "views": 28,
  "formatid": "gen9championsvgc2026regma",
  "rating": 1207,
  "private": 0,
  "password": null
}