{
  "id": "gen9championsvgc2026regma-2587914076",
  "format": "[Gen 9 Champions] VGC 2026 Reg M-A",
  "players": [
    "JasmineThia",
    "AdnGG"
  ],
  "log": "|j|\u2606JasmineThia\n|j|\u2606AdnGG\n|t:|1776578329\n|gametype|doubles\n|player|p1|JasmineThia|selene-masters2|1264\n|player|p2|AdnGG|266|1205\n|gen|9\n|tier|[Gen 9 Champions] VGC 2026 Reg M-A\n|rated|\n|rule|Species Clause: Limit one of each Pok\u00e9mon\n|rule|Item Clause: Limit 1 of each item\n|clearpoke\n|poke|p1|Kangaskhan, L50, F|\n|poke|p1|Primarina, L50, M, shiny|\n|poke|p1|Aegislash, L50, M, shiny|\n|poke|p1|Farigiraf, L50, F|\n|poke|p1|Volcarona, L50, M|\n|poke|p1|Ninetales-Alola, L50, M|\n|poke|p2|Charizard, L50, M|\n|poke|p2|Sneasler, L50, M|\n|poke|p2|Kingambit, L50, M|\n|poke|p2|Maushold, L50|\n|poke|p2|Dragapult, L50, M|\n|poke|p2|Garchomp, L50, M|\n|teampreview|4\n|inactive|Battle timer is ON: inactive players will automatically lose when time's up. (requested by AdnGG)\n|inactive|AdnGG has 60 seconds left.\n|\n|t:|1776578369\n|teamsize|p1|4\n|teamsize|p2|4\n|start\n|switch|p1a: Kangaskhan|Kangaskhan, L50, F|100/100\n|switch|p1b: Ninetales|Ninetales-Alola, L50, M|100/100\n|switch|p2a: Maushold|Maushold, L50|100/100\n|switch|p2b: Kingambit|Kingambit, L50, M|100/100\n|-weather|Snowscape|[from] ability: Snow Warning|[of] p1b: Ninetales\n|turn|1\n|\n|t:|1776578388\n|detailschange|p1a: Kangaskhan|Kangaskhan-Mega, L50, F\n|-mega|p1a: Kangaskhan|Kangaskhan|Kangaskhanite\n|move|p2a: Maushold|Super Fang|p1b: Ninetales\n|-damage|p1b: Ninetales|50/100\n|move|p1b: Ninetales|Aurora Veil|p1b: Ninetales\n|-sidestart|p1: JasmineThia|move: Aurora Veil\n|move|p1a: Kangaskhan|Drain Punch|p2b: Kingambit\n|-supereffective|p2b: Kingambit|2\n|-damage|p2b: Kingambit|45/100\n|-supereffective|p2b: Kingambit|2\n|-damage|p2b: Kingambit|32/100\n|-hitcount|p2b: Kingambit|2\n|move|p2b: Kingambit|Swords Dance|p2b: Kingambit\n|-boost|p2b: Kingambit|atk|2\n|\n|-weather|Snowscape|[upkeep]\n|upkeep\n|turn|2\n|\n|t:|1776578409\n|move|p2b: Kingambit|Protect|p2b: Kingambit\n|-singleturn|p2b: Kingambit|Protect\n|move|p2a: Maushold|Encore|p1b: Ninetales\n|-start|p1b: Ninetales|Encore\n|move|p1b: Ninetales|Aurora Veil||[still]\n|-fail|p1b: Ninetales\n|move|p1a: Kangaskhan|Drain Punch|p2a: Maushold\n|-supereffective|p2a: Maushold|1\n|-enditem|p2a: Maushold|Chople Berry|[eat]\n|-enditem|p2a: Maushold|Chople Berry|[weaken]\n|-damage|p2a: Maushold|73/100\n|-supereffective|p2a: Maushold|1\n|-crit|p2a: Maushold\n|-damage|p2a: Maushold|53/100\n|-hitcount|p2a: Maushold|2\n|\n|-weather|Snowscape|[upkeep]\n|upkeep\n|turn|3\n|\n|t:|1776578432\n|switch|p1b: Volcarona|Volcarona, L50, M|100/100\n|move|p2a: Maushold|Follow Me|p2a: Maushold\n|-singleturn|p2a: Maushold|move: Follow Me\n|move|p1a: Kangaskhan|Drain Punch|p2a: Maushold\n|-supereffective|p2a: Maushold|1\n|-damage|p2a: Maushold|0 fnt\n|faint|p2a: Maushold\n|-hitcount|p2: Maushold|1\n|move|p2b: Kingambit|Kowtow Cleave|p1a: Kangaskhan\n|-damage|p1a: Kangaskhan|50/100\n|\n|-weather|Snowscape|[upkeep]\n|upkeep\n|\n|t:|1776578444\n|switch|p2a: Sneasler|Sneasler, L50, M|100/100\n|turn|4\n|\n|t:|1776578464\n|switch|p1a: Ninetales|Ninetales-Alola, L50, M|50/100\n|move|p2a: Sneasler|Fake Out|p1a: Ninetales\n|-damage|p1a: Ninetales|41/100\n|move|p1b: Volcarona|Quiver Dance|p1b: Volcarona\n|-boost|p1b: Volcarona|spa|1\n|-boost|p1b: Volcarona|spd|1\n|-boost|p1b: Volcarona|spe|1\n|move|p2b: Kingambit|Kowtow Cleave|p1b: Volcarona\n|-damage|p1b: Volcarona|25/100\n|-status|p2b: Kingambit|brn|[from] ability: Flame Body|[of] p1b: Volcarona\n|\n|-weather|Snowscape|[upkeep]\n|-damage|p2b: Kingambit|26/100 brn|[from] brn\n|upkeep\n|turn|5\n|\n|t:|1776578483\n|move|p1b: Volcarona|Protect|p1b: Volcarona\n|-singleturn|p1b: Volcarona|Protect\n|move|p2b: Kingambit|Sucker Punch||[still]\n|-fail|p2b: Kingambit\n|move|p2a: Sneasler|Dire Claw|p1a: Ninetales\n|-supereffective|p1a: Ninetales|1\n|-damage|p1a: Ninetales|0 fnt\n|faint|p1a: Ninetales\n|\n|-weather|none\n|-damage|p2b: Kingambit|21/100 brn|[from] brn\n|-sideend|p1: JasmineThia|move: Aurora Veil\n|upkeep\n|\n|t:|1776578490\n|switch|p1a: Kangaskhan|Kangaskhan-Mega, L50, F|50/100\n|turn|6\n|\n|t:|1776578506\n|move|p1a: Kangaskhan|Fake Out|p2a: Sneasler\n|-damage|p2a: Sneasler|68/100\n|-damage|p2a: Sneasler|60/100\n|-hitcount|p2a: Sneasler|2\n|move|p2b: Kingambit|Sucker Punch||[still]\n|-fail|p2b: Kingambit\n|move|p1b: Volcarona|Quiver Dance|p1b: Volcarona\n|-boost|p1b: Volcarona|spa|1\n|-boost|p1b: Volcarona|spd|1\n|-boost|p1b: Volcarona|spe|1\n|cant|p2a: Sneasler|flinch\n|\n|-damage|p2b: Kingambit|15/100 brn|[from] brn\n|upkeep\n|turn|7\n|\n|t:|1776578522\n|switch|p1a: Primarina|Primarina, L50, M, shiny|100/100\n|move|p1b: Volcarona|Heat Wave|p2b: Kingambit|[spread] p2a,p2b\n|-supereffective|p2b: Kingambit|1\n|-crit|p2b: Kingambit\n|-damage|p2a: Sneasler|0 fnt\n|-damage|p2b: Kingambit|0 fnt\n|faint|p2a: Sneasler\n|faint|p2b: Kingambit\n|\n|upkeep\n|\n|t:|1776578528\n|switch|p2b: Charizard|Charizard, L50, M|100/100\n|turn|8\n|\n|t:|1776578541\n|detailschange|p2b: Charizard|Charizard-Mega-Y, L50, M\n|-mega|p2b: Charizard|Charizard|Charizardite Y\n|-weather|SunnyDay|[from] ability: Drought|[of] p2b: Charizard\n|move|p1b: Volcarona|Heat Wave|p2b: Charizard\n|-resisted|p2b: Charizard|1\n|-damage|p2b: Charizard|38/100\n|move|p2b: Charizard|Solar Beam||[still]\n|-prepare|p2b: Charizard|Solar Beam\n|-anim|p2b: Charizard|Solar Beam|p1a: Primarina\n|-supereffective|p1a: Primarina|1\n|-crit|p1a: Primarina\n|-damage|p1a: Primarina|0 fnt\n|faint|p1a: Primarina\n|\n|-weather|SunnyDay|[upkeep]\n|upkeep\n|\n|t:|1776578547\n|switch|p1a: Kangaskhan|Kangaskhan-Mega, L50, F|50/100\n|turn|9\n|\n|t:|1776578556\n|move|p1a: Kangaskhan|Fake Out|p2b: Charizard\n|-damage|p2b: Charizard|15/100\n|-damage|p2b: Charizard|10/100\n|-hitcount|p2b: Charizard|2\n|move|p1b: Volcarona|Quiver Dance|p1b: Volcarona\n|-boost|p1b: Volcarona|spa|1\n|-boost|p1b: Volcarona|spd|1\n|-boost|p1b: Volcarona|spe|1\n|cant|p2b: Charizard|flinch\n|\n|-weather|SunnyDay|[upkeep]\n|upkeep\n|turn|10\n|\n|t:|1776578564\n|move|p1b: Volcarona|Giga Drain|p2b: Charizard\n|-resisted|p2b: Charizard|2\n|-damage|p2b: Charizard|0 fnt\n|-heal|p1b: Volcarona|29/100|[from] drain|[of] p2b: Charizard\n|faint|p2b: Charizard\n|\n|win|JasmineThia\n|raw|JasmineThia's rating: 1284 &rarr; <strong>1303</strong><br />(+19 for winning)\n|raw|AdnGG's rating: 1205 &rarr; <strong>1186</strong><br />(-19 for losing)\n|l|\u2606AdnGG\n|player|p2|\n",
  "uploadtime": 1776578569,
  "views": 17,
  "formatid": "gen9championsvgc2026regma",
  "rating": 1186,
  "private": 0,
  "password": null
}