{
  "id": "gen9championsvgc2026regma-2582303135",
  "format": "[Gen 9 Champions] VGC 2026 Reg M-A",
  "players": [
    "skelii",
    "Isidino"
  ],
  "log": "|j|\u2606skelii\n|j|\u2606Isidino\n|t:|1776081484\n|gametype|doubles\n|player|p1|skelii|265|1076\n|player|p2|Isidino|266|1106\n|gen|9\n|tier|[Gen 9 Champions] VGC 2026 Reg M-A\n|rated|\n|rule|Species Clause: Limit one of each Pok\u00e9mon\n|rule|Item Clause: Limit 1 of each item\n|clearpoke\n|poke|p1|Aegislash, L50, F|\n|poke|p1|Hydreigon, L50, M|\n|poke|p1|Floette-Eternal, L50, F|\n|poke|p1|Sneasler, L50, M|\n|poke|p1|Incineroar, L50, F|\n|poke|p1|Maushold, L50|\n|poke|p2|Pelipper, L50, F|\n|poke|p2|Basculegion-F, L50, F|\n|poke|p2|Starmie, L50|\n|poke|p2|Dragonite, L50, M|\n|poke|p2|Archaludon, L50, F|\n|poke|p2|Sneasler, L50, M|\n|teampreview|4\n|inactive|Battle timer is ON: inactive players will automatically lose when time's up. (requested by Isidino)\n|inactive|skelii has 60 seconds left.\n|inactive|Isidino has 60 seconds left.\n|\n|t:|1776081532\n|teamsize|p1|4\n|teamsize|p2|4\n|start\n|switch|p1a: Hydreigon|Hydreigon, L50, M|100/100\n|switch|p1b: Sneasler|Sneasler, L50, M|100/100\n|switch|p2a: Pelipper|Pelipper, L50, F|100/100\n|switch|p2b: Basculegion|Basculegion-F, L50, F, shiny|100/100\n|-weather|RainDance|[from] ability: Drizzle|[of] p2a: Pelipper\n|turn|1\n|\n|t:|1776081549\n|move|p2a: Pelipper|Protect|p2a: Pelipper\n|-singleturn|p2a: Pelipper|Protect\n|move|p1b: Sneasler|Fake Out|p2a: Pelipper\n|-activate|p2a: Pelipper|move: Protect\n|move|p2b: Basculegion|Muddy Water|p1a: Hydreigon|[spread] p1a,p1b\n|-resisted|p1a: Hydreigon|1\n|-damage|p1a: Hydreigon|75/100\n|-damage|p1b: Sneasler|43/100\n|-unboost|p1b: Sneasler|accuracy|1\n|move|p1a: Hydreigon|Dark Pulse|p2b: Basculegion\n|-supereffective|p2b: Basculegion|1\n|-damage|p2b: Basculegion|5/100\n|\n|-weather|RainDance|[upkeep]\n|upkeep\n|turn|2\n|inactive|skelii has 30 seconds left.\n|\n|t:|1776081579\n|switch|p1b: Aegislash|Aegislash, L50, F|100/100\n|move|p2b: Basculegion|Icy Wind|p1a: Hydreigon|[spread] p1a,p1b\n|-supereffective|p1a: Hydreigon|1\n|-resisted|p1b: Aegislash|1\n|-crit|p1b: Aegislash\n|-damage|p1a: Hydreigon|46/100\n|-damage|p1b: Aegislash|92/100\n|-unboost|p1a: Hydreigon|spe|1\n|-unboost|p1b: Aegislash|spe|1\n|move|p1a: Hydreigon|Dark Pulse|p2b: Basculegion\n|-supereffective|p2b: Basculegion|1\n|-damage|p2b: Basculegion|0 fnt\n|faint|p2b: Basculegion\n|move|p2a: Pelipper|Tailwind|p2a: Pelipper\n|-sidestart|p2: Isidino|move: Tailwind\n|\n|-weather|RainDance|[upkeep]\n|-heal|p1b: Aegislash|98/100|[from] item: Leftovers\n|upkeep\n|\n|t:|1776081595\n|switch|p2b: Starmie|Starmie, L50, shiny|100/100\n|turn|3\n|\n|t:|1776081613\n|detailschange|p2b: Starmie|Starmie-Mega, L50, shiny\n|-mega|p2b: Starmie|Starmie|Starminite\n|move|p2b: Starmie|Liquidation|p1a: Hydreigon\n|-resisted|p1a: Hydreigon|1\n|-damage|p1a: Hydreigon|0 fnt\n|faint|p1a: Hydreigon\n|move|p2a: Pelipper|Weather Ball|p1b: Aegislash\n|-damage|p1b: Aegislash|47/100\n|move|p1b: Aegislash|Swords Dance|p1b: Aegislash\n|-boost|p1b: Aegislash|atk|2\n|\n|-weather|RainDance|[upkeep]\n|-heal|p1b: Aegislash|53/100|[from] item: Leftovers\n|upkeep\n|\n|t:|1776081628\n|switch|p1a: Sneasler|Sneasler, L50, M|43/100\n|turn|4\n|\n|t:|1776081642\n|move|p2b: Starmie|Protect|p2b: Starmie\n|-singleturn|p2b: Starmie|Protect\n|move|p1a: Sneasler|Fake Out|p2a: Pelipper\n|-damage|p2a: Pelipper|82/100\n|-formechange|p1b: Aegislash|Aegislash-Blade|\n|move|p1b: Aegislash|Shadow Sneak|p2b: Starmie\n|-activate|p2b: Starmie|move: Protect\n|cant|p2a: Pelipper|flinch\n|\n|-weather|RainDance|[upkeep]\n|-heal|p1b: Aegislash|59/100|[from] item: Leftovers\n|upkeep\n|turn|5\n|inactive|skelii has 30 seconds left.\n|\n|t:|1776081675\n|move|p2b: Starmie|Aqua Jet|p1a: Sneasler\n|-damage|p1a: Sneasler|0 fnt\n|faint|p1a: Sneasler\n|move|p2a: Pelipper|Weather Ball|p1b: Aegislash\n|-damage|p1b: Aegislash|0 fnt\n|faint|p1b: Aegislash\n|\n|-weather|none\n|-sideend|p2: Isidino|move: Tailwind\n|upkeep\n|-message|skelii forfeited.\n|\n|win|Isidino\n|raw|skelii's rating: 1076 &rarr; <strong>1056</strong><br />(-20 for losing)\n|raw|Isidino's rating: 1106 &rarr; <strong>1129</strong><br />(+23 for winning)\n|l|\u2606skelii\n|player|p1|\n",
  "uploadtime": 1776081685,
  "views": 14,
  "formatid": "gen9championsvgc2026regma",
  "rating": 1056,
  "private": 0,
  "password": null
}