{
  "id": "gen9championsvgc2026regma-2583028353",
  "format": "[Gen 9 Champions] VGC 2026 Reg M-A",
  "players": [
    "Psicopatata",
    "chichinitz"
  ],
  "log": "|j|\u2606Psicopatata\n|j|\u2606chichinitz\n|t:|1776134711\n|gametype|doubles\n|player|p1|Psicopatata|170|1211\n|player|p2|chichinitz|psychic-gen4|1211\n|gen|9\n|tier|[Gen 9 Champions] VGC 2026 Reg M-A\n|rated|\n|rule|Species Clause: Limit one of each Pok\u00e9mon\n|rule|Item Clause: Limit 1 of each item\n|clearpoke\n|poke|p1|Farigiraf, L50, M|\n|poke|p1|Hydrapple, L50, F|\n|poke|p1|Decidueye-Hisui, L50, M|\n|poke|p1|Arcanine-Hisui, L50, M|\n|poke|p1|Gardevoir, L50, F|\n|poke|p1|Kingambit, L50, M|\n|poke|p2|Meganium, L50, F|\n|poke|p2|Pelipper, L50, M|\n|poke|p2|Basculegion, L50, M|\n|poke|p2|Archaludon, L50, F|\n|poke|p2|Sinistcha, L50|\n|poke|p2|Manectric, L50, M|\n|teampreview|4\n|inactive|Battle timer is ON: inactive players will automatically lose when time's up. (requested by Psicopatata)\n|\n|t:|1776134740\n|teamsize|p1|4\n|teamsize|p2|4\n|start\n|switch|p1a: Farigiraf|Farigiraf, L50, M|100/100\n|switch|p1b: Hydrapple|Hydrapple, L50, F|100/100\n|switch|p2a: Pelipper|Pelipper, L50, M|100/100\n|switch|p2b: Archaludon|Archaludon, L50, F|100/100\n|-weather|RainDance|[from] ability: Drizzle|[of] p2a: Pelipper\n|-ability|p1b: Hydrapple|Supersweet Syrup\n|-unboost|p2a: Pelipper|evasion|1\n|-unboost|p2b: Archaludon|evasion|1\n|turn|1\n|\n|t:|1776134756\n|move|p2a: Pelipper|Hurricane|p1a: Farigiraf\n|-damage|p1a: Farigiraf|56/100\n|move|p2b: Archaludon|Electro Shot||[still]\n|-prepare|p2b: Archaludon|Electro Shot\n|-boost|p2b: Archaludon|spa|1\n|-anim|p2b: Archaludon|Electro Shot|p1a: Farigiraf\n|-damage|p1a: Farigiraf|0 fnt\n|faint|p1a: Farigiraf\n|move|p1b: Hydrapple|Earth Power|p2b: Archaludon\n|-supereffective|p2b: Archaludon|1\n|-damage|p2b: Archaludon|37/100\n|-enditem|p2b: Archaludon|Sitrus Berry|[eat]\n|-heal|p2b: Archaludon|61/100|[from] item: Sitrus Berry\n|\n|-weather|RainDance|[upkeep]\n|upkeep\n|\n|t:|1776134770\n|switch|p1a: Gardevoir|Gardevoir, L50, F|100/100\n|-ability|p1a: Gardevoir|Drizzle|Trace|[from] ability: Trace|[of] p2a: Pelipper\n|turn|2\n|\n|t:|1776134782\n|detailschange|p1a: Gardevoir|Gardevoir-Mega, L50, F\n|-mega|p1a: Gardevoir|Gardevoir|Gardevoirite\n|move|p2a: Pelipper|Wide Guard|p2a: Pelipper\n|-singleturn|p2a: Pelipper|Wide Guard\n|move|p2b: Archaludon|Flash Cannon|p1a: Gardevoir\n|-supereffective|p1a: Gardevoir|1\n|-damage|p1a: Gardevoir|22/100\n|move|p1b: Hydrapple|Earth Power|p2b: Archaludon\n|-supereffective|p2b: Archaludon|1\n|-damage|p2b: Archaludon|0 fnt\n|faint|p2b: Archaludon\n|move|p1a: Gardevoir|Trick Room|p1a: Gardevoir\n|-fieldstart|move: Trick Room|[of] p1a: Gardevoir\n|\n|-weather|RainDance|[upkeep]\n|upkeep\n|\n|t:|1776134796\n|switch|p2b: Sinistcha|Sinistcha, L50|100/100\n|turn|3\n|\n|t:|1776134818\n|move|p2b: Sinistcha|Rage Powder|p2b: Sinistcha\n|-singleturn|p2b: Sinistcha|move: Rage Powder\n|move|p1b: Hydrapple|Dragon Pulse|p2a: Pelipper\n|-damage|p2a: Pelipper|20/100\n|move|p2a: Pelipper|Hurricane|p1a: Gardevoir\n|-damage|p1a: Gardevoir|0 fnt\n|faint|p1a: Gardevoir\n|\n|-weather|RainDance|[upkeep]\n|upkeep\n|\n|t:|1776134827\n|switch|p1a: Decidueye|Decidueye-Hisui, L50, M|100/100\n|turn|4\n|\n|t:|1776134842\n|move|p1b: Hydrapple|Dragon Pulse|p2a: Pelipper\n|-damage|p2a: Pelipper|0 fnt\n|faint|p2a: Pelipper\n|move|p1a: Decidueye|Dual Wingbeat|p2b: Sinistcha\n|-supereffective|p2b: Sinistcha|1\n|-damage|p2b: Sinistcha|77/100\n|-supereffective|p2b: Sinistcha|1\n|-damage|p2b: Sinistcha|51/100\n|-hitcount|p2b: Sinistcha|2\n|move|p2b: Sinistcha|Matcha Gotcha|p1a: Decidueye|[spread] p1a,p1b\n|-resisted|p1a: Decidueye|1\n|-resisted|p1b: Hydrapple|2\n|-damage|p1a: Decidueye|89/100\n|-heal|p2b: Sinistcha|57/100|[from] drain|[of] p1a: Decidueye\n|-damage|p1b: Hydrapple|95/100\n|-heal|p2b: Sinistcha|61/100|[from] drain|[of] p1b: Hydrapple\n|\n|-weather|RainDance|[upkeep]\n|upkeep\n|\n|t:|1776134858\n|switch|p2a: Meganium|Meganium, L50, F|100/100\n|turn|5\n|inactive|Psicopatata has 30 seconds left.\n|inactive|Psicopatata has 20 seconds left.\n|inactive|Psicopatata has 15 seconds left.\n|\n|t:|1776134900\n|detailschange|p2a: Meganium|Meganium-Mega, L50, F\n|-mega|p2a: Meganium|Meganium|Meganiumite\n|move|p1b: Hydrapple|Energy Ball|p2a: Meganium\n|-resisted|p2a: Meganium|1\n|-damage|p2a: Meganium|81/100\n|move|p1a: Decidueye|Dual Wingbeat|p2a: Meganium\n|-supereffective|p2a: Meganium|1\n|-crit|p2a: Meganium\n|-damage|p2a: Meganium|42/100\n|-supereffective|p2a: Meganium|1\n|-damage|p2a: Meganium|18/100\n|-hitcount|p2a: Meganium|2\n|move|p2b: Sinistcha|Life Dew|p2b: Sinistcha|[spread] p2a,p2b\n|-heal|p2a: Meganium|43/100\n|-heal|p2b: Sinistcha|86/100\n|move|p2a: Meganium|Dazzling Gleam|p1b: Hydrapple|[spread] p1a,p1b\n|-supereffective|p1a: Decidueye|1\n|-supereffective|p1b: Hydrapple|1\n|-damage|p1a: Decidueye|14/100\n|-damage|p1b: Hydrapple|30/100\n|\n|-weather|none\n|upkeep\n|turn|6\n|inactive|chichinitz has 30 seconds left.\n|\n|t:|1776134931\n|move|p2a: Meganium|Protect|p2a: Meganium\n|-singleturn|p2a: Meganium|Protect\n|move|p1b: Hydrapple|Dragon Pulse|p2b: Sinistcha\n|-damage|p2b: Sinistcha|47/100\n|move|p1a: Decidueye|Dual Wingbeat|p2a: Meganium\n|-activate|p2a: Meganium|move: Protect\n|move|p2b: Sinistcha|Life Dew|p2b: Sinistcha|[spread] p2a,p2b\n|-heal|p2a: Meganium|68/100\n|-heal|p2b: Sinistcha|72/100\n|\n|-fieldend|move: Trick Room\n|upkeep\n|turn|7\n|\n|t:|1776134950\n|move|p2a: Meganium|Dazzling Gleam|p1b: Hydrapple|[spread] p1a,p1b\n|-supereffective|p1a: Decidueye|1\n|-supereffective|p1b: Hydrapple|1\n|-damage|p1a: Decidueye|0 fnt\n|-damage|p1b: Hydrapple|0 fnt\n|faint|p1a: Decidueye\n|faint|p1b: Hydrapple\n|\n|win|chichinitz\n|raw|Psicopatata's rating: 1211 &rarr; <strong>1186</strong><br />(-25 for losing)\n|raw|chichinitz's rating: 1211 &rarr; <strong>1236</strong><br />(+25 for winning)\n|c|\u2606chichinitz|gg\n|l|\u2606Psicopatata\n|player|p1|\n",
  "uploadtime": 1776134959,
  "views": 20,
  "formatid": "gen9championsvgc2026regma",
  "rating": 1186,
  "private": 0,
  "password": null
}