{
  "id": "gen9championsvgc2026regma-2583821697",
  "format": "[Gen 9 Champions] VGC 2026 Reg M-A",
  "players": [
    "Qloser",
    "jayrome9000"
  ],
  "log": "|j|\u2606Qloser\n|j|\u2606jayrome9000\n|t:|1776200370\n|gametype|doubles\n|player|p1|Qloser|norman|1134\n|player|p2|jayrome9000|266|1129\n|gen|9\n|tier|[Gen 9 Champions] VGC 2026 Reg M-A\n|rated|\n|rule|Species Clause: Limit one of each Pok\u00e9mon\n|rule|Item Clause: Limit 1 of each item\n|clearpoke\n|poke|p1|Charizard, L50, M|\n|poke|p1|Kingambit, L50, M|\n|poke|p1|Rotom-Wash, L50|\n|poke|p1|Tyranitar, L50, M|\n|poke|p1|Sinistcha, L50|\n|poke|p1|Excadrill, L50, F|\n|poke|p2|Machamp, L50, M|\n|poke|p2|Milotic, L50, M|\n|poke|p2|Whimsicott, L50, M|\n|poke|p2|Venusaur, L50, F|\n|poke|p2|Charizard, L50, F|\n|poke|p2|Aerodactyl, L50, M|\n|teampreview|4\n|inactive|Battle timer is ON: inactive players will automatically lose when time's up. (requested by Qloser)\n|\n|t:|1776200394\n|teamsize|p1|4\n|teamsize|p2|4\n|start\n|switch|p1a: Excadrill|Excadrill, L50, F|100/100\n|switch|p1b: Rotom|Rotom-Wash, L50|100/100\n|switch|p2a: Breezy|Whimsicott, L50, M|100/100\n|switch|p2b: ShhhShhSh|Venusaur, L50, F|100/100\n|turn|1\n|\n|t:|1776200413\n|move|p1a: Excadrill|Protect|p1a: Excadrill\n|-singleturn|p1a: Excadrill|Protect\n|move|p2a: Breezy|Sunny Day|p2a: Breezy\n|-weather|SunnyDay\n|move|p2b: ShhhShhSh|Solar Beam||[still]\n|-prepare|p2b: ShhhShhSh|Solar Beam\n|-anim|p2b: ShhhShhSh|Solar Beam|p1b: Rotom\n|-supereffective|p1b: Rotom|1\n|-crit|p1b: Rotom\n|-damage|p1b: Rotom|0 fnt\n|faint|p1b: Rotom\n|\n|-weather|SunnyDay|[upkeep]\n|upkeep\n|\n|t:|1776200418\n|switch|p1b: Tyranitar|Tyranitar, L50, M|100/100\n|-weather|Sandstorm|[from] ability: Sand Stream|[of] p1b: Tyranitar\n|turn|2\n|\n|t:|1776200428\n|move|p2a: Breezy|Sunny Day|p2a: Breezy\n|-weather|SunnyDay\n|move|p2b: ShhhShhSh|Earth Power|p1a: Excadrill\n|-supereffective|p1a: Excadrill|1\n|-damage|p1a: Excadrill|25/100\n|move|p1b: Tyranitar|Ice Punch|p2b: ShhhShhSh\n|-supereffective|p2b: ShhhShhSh|1\n|-damage|p2b: ShhhShhSh|29/100\n|move|p1a: Excadrill|Rock Slide|p2b: ShhhShhSh|[spread] p2a\n|-miss|p1a: Excadrill|p2b: ShhhShhSh\n|-damage|p2a: Breezy|71/100\n|\n|-weather|SunnyDay|[upkeep]\n|upkeep\n|turn|3\n|inactive|jayrome9000 has 30 seconds left.\n|\n|t:|1776200459\n|move|p2b: ShhhShhSh|Earth Power|p1a: Excadrill\n|-supereffective|p1a: Excadrill|1\n|-damage|p1a: Excadrill|0 fnt\n|faint|p1a: Excadrill\n|move|p1b: Tyranitar|Ice Punch|p2b: ShhhShhSh\n|-supereffective|p2b: ShhhShhSh|1\n|-damage|p2b: ShhhShhSh|0 fnt\n|faint|p2b: ShhhShhSh\n|move|p2a: Breezy|Moonblast|p1b: Tyranitar\n|-supereffective|p1b: Tyranitar|1\n|-damage|p1b: Tyranitar|35/100\n|\n|-weather|SunnyDay|[upkeep]\n|upkeep\n|\n|t:|1776200473\n|switch|p2b: Machamp|Machamp, L50, M|100/100\n|switch|p1a: Charizard|Charizard, L50, M|100/100\n|turn|4\n|\n|t:|1776200490\n|detailschange|p1a: Charizard|Charizard-Mega-X, L50, M\n|-mega|p1a: Charizard|Charizard|Charizardite X\n|move|p2b: Machamp|Wide Guard|p2b: Machamp\n|-singleturn|p2b: Machamp|Wide Guard\n|move|p2a: Breezy|Tailwind|p2a: Breezy\n|-sidestart|p2: jayrome9000|move: Tailwind\n|move|p1b: Tyranitar|Ice Punch|p2a: Breezy\n|-supereffective|p2a: Breezy|1\n|-damage|p2a: Breezy|0 fnt\n|faint|p2a: Breezy\n|move|p1a: Charizard|Dragon Dance|p1a: Charizard\n|-boost|p1a: Charizard|atk|1\n|-boost|p1a: Charizard|spe|1\n|\n|-weather|SunnyDay|[upkeep]\n|upkeep\n|\n|t:|1776200506\n|switch|p2a: Charizard|Charizard, L50, F, shiny|100/100\n|turn|5\n|\n|t:|1776200518\n|move|p2b: Machamp|Bullet Punch|p1b: Tyranitar\n|-supereffective|p1b: Tyranitar|1\n|-damage|p1b: Tyranitar|7/100\n|move|p2a: Charizard|Heat Wave|p1b: Tyranitar|[spread] p1a\n|-miss|p2a: Charizard|p1b: Tyranitar\n|-resisted|p1a: Charizard|2\n|-damage|p1a: Charizard|84/100\n|move|p1a: Charizard|Flare Blitz|p2a: Charizard\n|-resisted|p2a: Charizard|1\n|-damage|p2a: Charizard|24/100\n|-damage|p1a: Charizard|63/100|[from] Recoil\n|move|p1b: Tyranitar|Ice Punch|p2a: Charizard\n|-damage|p2a: Charizard|0 fnt\n|faint|p2a: Charizard\n|\n|-weather|SunnyDay|[upkeep]\n|upkeep\n|turn|6\n|\n|t:|1776200537\n|move|p1a: Charizard|Flare Blitz|p2b: Machamp\n|-damage|p2b: Machamp|0 fnt\n|faint|p2b: Machamp\n|-damage|p1a: Charizard|28/100|[from] Recoil\n|\n|win|Qloser\n|raw|Qloser's rating: 1134 &rarr; <strong>1159</strong><br />(+25 for winning)\n|raw|jayrome9000's rating: 1129 &rarr; <strong>1104</strong><br />(-25 for losing)\n",
  "uploadtime": 1776200540,
  "views": 23,
  "formatid": "gen9championsvgc2026regma",
  "rating": 1104,
  "private": 0,
  "password": null
}