{
  "id": "gen9championsvgc2026regma-2585493840",
  "format": "[Gen 9 Champions] VGC 2026 Reg M-A",
  "players": [
    "Umbris Spectralis",
    "ScarletBlazey"
  ],
  "log": "|j|\u2606Umbris Spectralis\n|j|\u2606ScarletBlazey\n|t:|1776351287\n|gametype|doubles\n|player|p1|Umbris Spectralis|170|1045\n|player|p2|ScarletBlazey|clair|1059\n|gen|9\n|tier|[Gen 9 Champions] VGC 2026 Reg M-A\n|rated|\n|rule|Species Clause: Limit one of each Pok\u00e9mon\n|rule|Item Clause: Limit 1 of each item\n|clearpoke\n|poke|p1|Sableye, L50, M|\n|poke|p1|Glimmora, L50, M|\n|poke|p1|Basculegion, L50, M|\n|poke|p1|Aegislash, L50, F|\n|poke|p1|Charizard, L50, M|\n|poke|p1|Archaludon, L50, M|\n|poke|p2|Kingambit, L50, F|\n|poke|p2|Greninja-*, L50, M|\n|poke|p2|Meganium, L50, F|\n|poke|p2|Whimsicott, L50, M|\n|poke|p2|Arcanine-Hisui, L50, F|\n|poke|p2|Sneasler, L50, M|\n|teampreview|4\n|inactive|Battle timer is ON: inactive players will automatically lose when time's up. (requested by Umbris Spectralis)\n|\n|t:|1776351342\n|teamsize|p1|4\n|teamsize|p2|4\n|start\n|switch|p1a: Sableye|Sableye, L50, M|100/100\n|switch|p1b: Glimmora|Glimmora, L50, M|100/100\n|switch|p2a: Meganium|Meganium, L50, F|100/100\n|switch|p2b: Whimsicott|Whimsicott, L50, M|100/100\n|turn|1\n|inactive|ScarletBlazey has 30 seconds left.\n|\n|t:|1776351368\n|detailschange|p1b: Glimmora|Glimmora-Mega, L50, M\n|-mega|p1b: Glimmora|Glimmora|Glimmoranite\n|detailschange|p2a: Meganium|Meganium-Mega, L50, F\n|-mega|p2a: Meganium|Meganium|Meganiumite\n|move|p2a: Meganium|Protect|p2a: Meganium\n|-singleturn|p2a: Meganium|Protect\n|move|p2b: Whimsicott|Tailwind|p2b: Whimsicott\n|-sidestart|p2: ScarletBlazey|move: Tailwind\n|move|p1a: Sableye|Thunder Wave|p2a: Meganium\n|-activate|p2a: Meganium|move: Protect\n|move|p1b: Glimmora|Sludge Wave|p2a: Meganium|[spread] p1a,p2b\n|-activate|p2a: Meganium|move: Protect\n|-resisted|p1a: Sableye|1\n|-supereffective|p2b: Whimsicott|2\n|-damage|p1a: Sableye|58/100\n|-damage|p2b: Whimsicott|0 fnt\n|faint|p2b: Whimsicott\n|\n|upkeep\n|\n|t:|1776351384\n|switch|p2b: Kingambit|Kingambit, L50, F|100/100\n|turn|2\n|inactive|Umbris Spectralis has 30 seconds left.\n|\n|t:|1776351415\n|move|p1a: Sableye|Thunder Wave|p2a: Meganium\n|-status|p2a: Meganium|par\n|move|p2b: Kingambit|Iron Head|p1b: Glimmora\n|-supereffective|p1b: Glimmora|1\n|-damage|p1b: Glimmora|8/100\n|move|p1b: Glimmora|Sludge Wave|p2a: Meganium|[spread] p1a,p2a\n|-immune|p2b: Kingambit\n|-resisted|p1a: Sableye|1\n|-supereffective|p2a: Meganium|2\n|-damage|p1a: Sableye|12/100\n|-damage|p2a: Meganium|0 fnt\n|faint|p2a: Meganium\n|\n|upkeep\n|\n|t:|1776351427\n|switch|p2a: Keg|Arcanine-Hisui, L50, F, shiny|100/100\n|-ability|p2a: Keg|Intimidate|boost\n|-unboost|p1a: Sableye|atk|1\n|-unboost|p1b: Glimmora|atk|1\n|turn|3\n|\n|t:|1776351439\n|move|p1b: Glimmora|Spiky Shield|p1b: Glimmora\n|-singleturn|p1b: Glimmora|move: Protect\n|move|p2b: Kingambit|Sucker Punch||[still]\n|-fail|p2b: Kingambit\n|move|p1a: Sableye|Rain Dance|p1a: Sableye\n|-weather|RainDance\n|move|p2a: Keg|Rock Slide|p1a: Sableye|[spread] p1a\n|-activate|p1b: Glimmora|move: Protect\n|-damage|p1a: Sableye|0 fnt\n|faint|p1a: Sableye\n|\n|-weather|RainDance|[upkeep]\n|upkeep\n|\n|t:|1776351453\n|switch|p1a: Archaludon|Archaludon, L50, M|100/100\n|turn|4\n|inactive|ScarletBlazey has 30 seconds left.\n|\n|t:|1776351488\n|move|p1b: Glimmora|Spiky Shield|p1b: Glimmora\n|-singleturn|p1b: Glimmora|move: Protect\n|move|p2a: Keg|Rock Slide|p1b: Glimmora|[spread] p1a\n|-activate|p1b: Glimmora|move: Protect\n|-resisted|p1a: Archaludon|1\n|-damage|p1a: Archaludon|88/100\n|move|p2b: Kingambit|Kowtow Cleave|p1a: Archaludon\n|-crit|p1a: Archaludon\n|-damage|p1a: Archaludon|23/100\n|-enditem|p1a: Archaludon|Sitrus Berry|[eat]\n|-heal|p1a: Archaludon|48/100|[from] item: Sitrus Berry\n|move|p1a: Archaludon|Electro Shot||[still]\n|-prepare|p1a: Archaludon|Electro Shot\n|-boost|p1a: Archaludon|spa|1\n|-anim|p1a: Archaludon|Electro Shot|p2b: Kingambit\n|-damage|p2b: Kingambit|29/100\n|\n|-weather|RainDance|[upkeep]\n|-sideend|p2: ScarletBlazey|move: Tailwind\n|upkeep\n|turn|5\n|inactive|Umbris Spectralis has 30 seconds left.\n|inactive|Umbris Spectralis has 20 seconds left.\n|\n|t:|1776351525\n|move|p1b: Glimmora|Power Gem|p2a: Keg\n|-supereffective|p2a: Keg|1\n|-damage|p2a: Keg|0 fnt\n|faint|p2a: Keg\n|move|p1a: Archaludon|Electro Shot||[still]\n|-prepare|p1a: Archaludon|Electro Shot\n|-boost|p1a: Archaludon|spa|1\n|-anim|p1a: Archaludon|Electro Shot|p2b: Kingambit\n|-damage|p2b: Kingambit|0 fnt\n|faint|p2b: Kingambit\n|\n|win|Umbris Spectralis\n|raw|Umbris Spectralis's rating: 1045 &rarr; <strong>1080</strong><br />(+35 for winning)\n|raw|ScarletBlazey's rating: 1059 &rarr; <strong>1039</strong><br />(-20 for losing)\n|l|\u2606ScarletBlazey\n|player|p2|\n",
  "uploadtime": 1776351549,
  "views": 24,
  "formatid": "gen9championsvgc2026regma",
  "rating": 1039,
  "private": 0,
  "password": null
}