{
  "id": "gen9championsvgc2026regma-2584819265",
  "format": "[Gen 9 Champions] VGC 2026 Reg M-A",
  "players": [
    "felipe_officiale",
    "lisarb660"
  ],
  "log": "|j|\u2606felipe_officiale\n|j|\u2606lisarb660\n|t:|1776286040\n|gametype|doubles\n|player|p1|felipe_officiale|2|\n|player|p2|lisarb660|1|\n|gen|9\n|tier|[Gen 9 Champions] VGC 2026 Reg M-A\n|rule|Species Clause: Limit one of each Pok\u00e9mon\n|rule|Item Clause: Limit 1 of each item\n|clearpoke\n|poke|p1|Tyranitar, L50, F|\n|poke|p1|Hawlucha, L50, F|\n|poke|p1|Meganium, L50, M|\n|poke|p1|Basculegion-F, L50, F|\n|poke|p1|Camerupt, L50, M|\n|poke|p1|Ampharos, L50, M|\n|poke|p2|Basculegion, L50, M|\n|poke|p2|Pelipper, L50, M|\n|poke|p2|Dragonite, L50, M|\n|poke|p2|Archaludon, L50, F|\n|poke|p2|Sneasler, L50, M|\n|poke|p2|Rotom-Heat, L50|\n|teampreview|4\n|\n|t:|1776286069\n|teamsize|p1|4\n|teamsize|p2|4\n|start\n|switch|p1a: Ampharos|Ampharos, L50, M|100/100\n|switch|p1b: Meganium|Meganium, L50, M|100/100\n|switch|p2a: pelicano|Pelipper, L50, M|100/100\n|switch|p2b: sasukemon|Sneasler, L50, M|100/100\n|-weather|RainDance|[from] ability: Drizzle|[of] p2a: pelicano\n|turn|1\n|\n|t:|1776286116\n|move|p2b: sasukemon|Fake Out|p1b: Meganium\n|-damage|p1b: Meganium|84/100\n|move|p1a: Ampharos|Electro Ball|p2a: pelicano\n|-supereffective|p2a: pelicano|2\n|-enditem|p2a: pelicano|Focus Sash\n|-damage|p2a: pelicano|1/100\n|move|p2a: pelicano|Tailwind|p2a: pelicano\n|-sidestart|p2: lisarb660|move: Tailwind\n|cant|p1b: Meganium|flinch\n|\n|-weather|RainDance|[upkeep]\n|upkeep\n|turn|2\n|\n|t:|1776286140\n|detailschange|p1a: Ampharos|Ampharos-Mega, L50, M\n|-mega|p1a: Ampharos|Ampharos|Ampharosite\n|-ability|p1a: Ampharos|Mold Breaker\n|move|p2b: sasukemon|Dire Claw|p1b: Meganium\n|-supereffective|p1b: Meganium|1\n|-damage|p1b: Meganium|0 fnt\n|faint|p1b: Meganium\n|move|p2a: pelicano|Hurricane|p1a: Ampharos\n|-resisted|p1a: Ampharos|1\n|-damage|p1a: Ampharos|79/100\n|move|p1a: Ampharos|Electro Ball|p2a: pelicano\n|-supereffective|p2a: pelicano|2\n|-damage|p2a: pelicano|0 fnt\n|faint|p2a: pelicano\n|\n|-weather|RainDance|[upkeep]\n|upkeep\n|\n|t:|1776286158\n|switch|p2a: lagartixa pan\u00e7uda|Dragonite, L50, M, shiny|100/100\n|switch|p1b: Camerupt|Camerupt, L50, M|100/100\n|turn|3\n|\n|t:|1776286178\n|detailschange|p2a: lagartixa pan\u00e7uda|Dragonite-Mega, L50, M, shiny\n|-mega|p2a: lagartixa pan\u00e7uda|Dragonite|Dragoninite\n|move|p2b: sasukemon|Protect|p2b: sasukemon\n|-singleturn|p2b: sasukemon|Protect\n|move|p2a: lagartixa pan\u00e7uda|Dragon Pulse|p1a: Ampharos\n|-supereffective|p1a: Ampharos|1\n|-damage|p1a: Ampharos|0 fnt\n|faint|p1a: Ampharos\n|move|p1b: Camerupt|Eruption|p2a: lagartixa pan\u00e7uda|[spread] p2a\n|-activate|p2b: sasukemon|move: Protect\n|-resisted|p2a: lagartixa pan\u00e7uda|1\n|-damage|p2a: lagartixa pan\u00e7uda|96/100\n|\n|-weather|RainDance|[upkeep]\n|upkeep\n|\n|t:|1776286190\n|switch|p1a: Basculegion|Basculegion-F, L50, F|100/100\n|turn|4\n|\n|t:|1776286201\n|move|p2b: sasukemon|Dire Claw|p1a: Basculegion\n|-resisted|p1a: Basculegion|1\n|-damage|p1a: Basculegion|69/100\n|move|p2a: lagartixa pan\u00e7uda|Thunder|p1a: Basculegion\n|-supereffective|p1a: Basculegion|1\n|-damage|p1a: Basculegion|0 fnt\n|faint|p1a: Basculegion\n|move|p1b: Camerupt|Body Slam|p2a: lagartixa pan\u00e7uda\n|-damage|p2a: lagartixa pan\u00e7uda|78/100\n|\n|-weather|RainDance|[upkeep]\n|-sideend|p2: lisarb660|move: Tailwind\n|upkeep\n|turn|5\n|\n|t:|1776286219\n|move|p2b: sasukemon|Close Combat|p1b: Camerupt\n|-damage|p1b: Camerupt|4/100\n|-unboost|p2b: sasukemon|def|1\n|-unboost|p2b: sasukemon|spd|1\n|-enditem|p2b: sasukemon|White Herb\n|-clearnegativeboost|p2b: sasukemon|[silent]\n|move|p2a: lagartixa pan\u00e7uda|Hurricane|p1b: Camerupt\n|-damage|p1b: Camerupt|0 fnt\n|faint|p1b: Camerupt\n|\n|win|lisarb660\n|l|\u2606felipe_officiale\n|player|p1|\n|j|\u2606felipe_officiale\n|player|p1|felipe_officiale|2|\n|j| Jeanmixed\n",
  "uploadtime": 1776286267,
  "views": 21,
  "formatid": "gen9championsvgc2026regma",
  "rating": null,
  "private": 0,
  "password": null
}