{
  "id": "gen9championsvgc2026regma-2582325034",
  "format": "[Gen 9 Champions] VGC 2026 Reg M-A",
  "players": [
    "Braute",
    "sergiovicenteg3"
  ],
  "log": "|j|\u2606Braute\n|j|\u2606sergiovicenteg3\n|t:|1776083464\n|gametype|doubles\n|player|p1|Braute|miku-fire|1342\n|player|p2|sergiovicenteg3|wallace|1317\n|gen|9\n|tier|[Gen 9 Champions] VGC 2026 Reg M-A\n|rated|\n|rule|Species Clause: Limit one of each Pok\u00e9mon\n|rule|Item Clause: Limit 1 of each item\n|clearpoke\n|poke|p1|Beedrill, L50, F|\n|poke|p1|Incineroar, L50, F|\n|poke|p1|Talonflame, L50, F|\n|poke|p1|Kingambit, L50, F|\n|poke|p1|Tyranitar, L50, M|\n|poke|p1|Excadrill, L50, M|\n|poke|p2|Golurk, L50|\n|poke|p2|Sinistcha-Masterpiece, L50|\n|poke|p2|Farigiraf, L50, F|\n|poke|p2|Basculegion, L50, M|\n|poke|p2|Luxray, L50, M|\n|poke|p2|Hatterene, L50, F|\n|teampreview|4\n|inactive|Battle timer is ON: inactive players will automatically lose when time's up. (requested by Braute)\n|\n|t:|1776083481\n|teamsize|p1|4\n|teamsize|p2|4\n|start\n|switch|p1a: Beedrill|Beedrill, L50, F, shiny|100/100\n|switch|p1b: Kingambit|Kingambit, L50, F, shiny|100/100\n|switch|p2a: Sinistcha|Sinistcha-Masterpiece, L50|100/100\n|switch|p2b: Golurk|Golurk, L50|100/100\n|turn|1\n|\n|t:|1776083500\n|detailschange|p1a: Beedrill|Beedrill-Mega, L50, F, shiny\n|-mega|p1a: Beedrill|Beedrill|Beedrillite\n|move|p2b: Golurk|Protect|p2b: Golurk\n|-singleturn|p2b: Golurk|Protect\n|move|p1a: Beedrill|Poison Jab|p2a: Sinistcha\n|-damage|p2a: Sinistcha|36/100\n|move|p1b: Kingambit|Kowtow Cleave|p2b: Golurk\n|-activate|p2b: Golurk|move: Protect\n|move|p2a: Sinistcha|Trick Room|p2a: Sinistcha\n|-fieldstart|move: Trick Room|[of] p2a: Sinistcha\n|\n|upkeep\n|turn|2\n|inactive|Braute has 30 seconds left.\n|inactive|sergiovicenteg3 has 30 seconds left.\n|inactive|sergiovicenteg3 has 20 seconds left.\n|\n|t:|1776083537\n|switch|p1a: Tyranitar|Tyranitar, L50, M|100/100\n|-weather|Sandstorm|[from] ability: Sand Stream|[of] p1a: Tyranitar\n|detailschange|p2b: Golurk|Golurk-Mega, L50\n|-mega|p2b: Golurk|Golurk|Golurkite\n|move|p2a: Sinistcha|Rage Powder|p2a: Sinistcha\n|-singleturn|p2a: Sinistcha|move: Rage Powder\n|move|p2b: Golurk|Headlong Rush|p1b: Kingambit\n|-supereffective|p1b: Kingambit|1\n|-damage|p1b: Kingambit|0 fnt\n|-unboost|p2b: Golurk|def|1\n|-unboost|p2b: Golurk|spd|1\n|faint|p1b: Kingambit\n|\n|-weather|Sandstorm|[upkeep]\n|-damage|p2a: Sinistcha|30/100|[from] Sandstorm\n|upkeep\n|\n|t:|1776083551\n|switch|p1b: Excadrill|Excadrill, L50, M|100/100\n|turn|3\n|\n|t:|1776083574\n|move|p2a: Sinistcha|Rage Powder|p2a: Sinistcha\n|-singleturn|p2a: Sinistcha|move: Rage Powder\n|move|p2b: Golurk|Headlong Rush|p1b: Excadrill\n|-supereffective|p1b: Excadrill|1\n|-enditem|p1b: Excadrill|Focus Sash\n|-damage|p1b: Excadrill|1/100\n|-unboost|p2b: Golurk|def|1\n|-unboost|p2b: Golurk|spd|1\n|move|p1a: Tyranitar|Knock Off|p2a: Sinistcha\n|-supereffective|p2a: Sinistcha|1\n|-damage|p2a: Sinistcha|0 fnt\n|-enditem|p2a: Sinistcha|Focus Sash|[from] move: Knock Off|[of] p1a: Tyranitar\n|faint|p2a: Sinistcha\n|move|p1b: Excadrill|Iron Head|p2b: Golurk\n|-damage|p2b: Golurk|25/100\n|\n|-weather|Sandstorm|[upkeep]\n|upkeep\n|\n|t:|1776083586\n|switch|p2a: Basculegion|Basculegion, L50, M|100/100\n|turn|4\n|inactive|Braute has 30 seconds left.\n|\n|t:|1776083614\n|move|p2a: Basculegion|Aqua Jet|p1b: Excadrill\n|-supereffective|p1b: Excadrill|1\n|-damage|p1b: Excadrill|0 fnt\n|faint|p1b: Excadrill\n|move|p2b: Golurk|Headlong Rush|p1a: Tyranitar\n|-supereffective|p1a: Tyranitar|1\n|-damage|p1a: Tyranitar|0 fnt\n|-unboost|p2b: Golurk|def|1\n|-unboost|p2b: Golurk|spd|1\n|faint|p1a: Tyranitar\n|\n|-weather|Sandstorm|[upkeep]\n|-damage|p2a: Basculegion|94/100|[from] Sandstorm\n|upkeep\n|\n|t:|1776083621\n|switch|p1b: Beedrill|Beedrill-Mega, L50, F, shiny|100/100\n|turn|5\n|\n|t:|1776083634\n|move|p1b: Beedrill|Protect|p1b: Beedrill\n|-singleturn|p1b: Beedrill|Protect\n|move|p2b: Golurk|Headlong Rush|p1b: Beedrill\n|-ability|p2b: Golurk|Unseen Fist\n|-zbroken|p1b: Beedrill\n|-damage|p1b: Beedrill|48/100\n|-unboost|p2b: Golurk|def|1\n|-unboost|p2b: Golurk|spd|1\n|move|p2a: Basculegion|Wave Crash|p1b: Beedrill\n|-activate|p1b: Beedrill|move: Protect\n|\n|-weather|Sandstorm|[upkeep]\n|-damage|p2a: Basculegion|88/100|[from] Sandstorm\n|-damage|p1b: Beedrill|42/100|[from] Sandstorm\n|-fieldend|move: Trick Room\n|upkeep\n|turn|6\n|-message|Braute forfeited.\n|\n|win|sergiovicenteg3\n|raw|Braute's rating: 1342 &rarr; <strong>1321</strong><br />(-21 for losing)\n|raw|sergiovicenteg3's rating: 1317 &rarr; <strong>1338</strong><br />(+21 for winning)\n",
  "uploadtime": 1776083647,
  "views": 70,
  "formatid": "gen9championsvgc2026regma",
  "rating": 1321,
  "private": 0,
  "password": null
}