{
  "id": "gen9championsvgc2026regma-2581832387",
  "format": "[Gen 9 Champions] VGC 2026 Reg M-A",
  "players": [
    "canela_kuklcan",
    "maxirp_64"
  ],
  "log": "|j|\u2606canela_kuklcan\n|j|\u2606maxirp_64\n|t:|1776032073\n|gametype|doubles\n|player|p1|canela_kuklcan|red|1329\n|player|p2|maxirp_64|lass-gen4|1422\n|gen|9\n|tier|[Gen 9 Champions] VGC 2026 Reg M-A\n|rated|\n|rule|Species Clause: Limit one of each Pok\u00e9mon\n|rule|Item Clause: Limit 1 of each item\n|clearpoke\n|poke|p1|Dragonite, L50, F|\n|poke|p1|Pelipper, L50, M|\n|poke|p1|Basculegion, L50, M|\n|poke|p1|Sneasler, L50, F|\n|poke|p1|Scizor, L50, M|\n|poke|p1|Incineroar, L50, M|\n|poke|p2|Floette-Eternal, L50, F|\n|poke|p2|Garchomp, L50, M|\n|poke|p2|Basculegion, L50, M|\n|poke|p2|Sneasler, L50, M|\n|poke|p2|Talonflame, L50, M|\n|poke|p2|Milotic, L50, F|\n|teampreview|4\n|inactive|Battle timer is ON: inactive players will automatically lose when time's up. (requested by maxirp_64)\n|\n|t:|1776032113\n|teamsize|p1|4\n|teamsize|p2|4\n|start\n|switch|p1a: Basculegion|Basculegion, L50, M|100/100\n|switch|p1b: Sneasler|Sneasler, L50, F|100/100\n|switch|p2a: Milotic|Milotic, L50, F|100/100\n|switch|p2b: Talonflame|Talonflame, L50, M|100/100\n|turn|1\n|j| yeohgi\n|inactive|canela_kuklcan has 30 seconds left.\n|\n|t:|1776032138\n|move|p2b: Talonflame|Protect|p2b: Talonflame\n|-singleturn|p2b: Talonflame|Protect\n|move|p2a: Milotic|Protect|p2a: Milotic\n|-singleturn|p2a: Milotic|Protect\n|move|p1a: Basculegion|Aqua Jet|p2b: Talonflame\n|-activate|p2b: Talonflame|move: Protect\n|move|p1b: Sneasler|Dire Claw|p2b: Talonflame\n|-activate|p2b: Talonflame|move: Protect\n|\n|upkeep\n|turn|2\n|\n|t:|1776032157\n|switch|p2b: Basculegion|Basculegion, L50, M|100/100\n|move|p1a: Basculegion|Aqua Jet|p2b: Basculegion\n|-resisted|p2b: Basculegion|1\n|-damage|p2b: Basculegion|89/100\n|move|p1b: Sneasler|Dire Claw|p2b: Basculegion\n|-resisted|p2b: Basculegion|1\n|-damage|p2b: Basculegion|61/100\n|move|p2a: Milotic|Muddy Water|p1a: Basculegion|[spread] p1a,p1b\n|-resisted|p1a: Basculegion|1\n|-damage|p1a: Basculegion|87/100\n|-damage|p1b: Sneasler|66/100\n|\n|upkeep\n|turn|3\n|l| yeohgi\n|\n|t:|1776032174\n|switch|p1a: Pelipper|Pelipper, L50, M|100/100\n|-weather|RainDance|[from] ability: Drizzle|[of] p1a: Pelipper\n|move|p2b: Basculegion|Flip Turn|p1b: Sneasler\n|-damage|p1b: Sneasler|0 fnt\n|faint|p1b: Sneasler\n|\n|t:|1776032181\n|switch|p2b: Talonflame|Talonflame, L50, M|100/100|[from] Flip Turn\n|move|p2a: Milotic|Muddy Water|p1a: Pelipper\n|-resisted|p1a: Pelipper|1\n|-damage|p1a: Pelipper|53/100\n|\n|-weather|RainDance|[upkeep]\n|upkeep\n|\n|t:|1776032187\n|switch|p1b: Basculegion|Basculegion, L50, M|87/100\n|turn|4\n|j| HappyLiga\n|\n|t:|1776032195\n|move|p2b: Talonflame|Protect|p2b: Talonflame\n|-singleturn|p2b: Talonflame|Protect\n|move|p1b: Basculegion|Aqua Jet|p2b: Talonflame\n|-activate|p2b: Talonflame|move: Protect\n|move|p1a: Pelipper|Hurricane|p2a: Milotic\n|-damage|p2a: Milotic|70/100\n|-start|p2a: Milotic|confusion\n|-activate|p2a: Milotic|confusion\n|-damage|p2a: Milotic|65/100|[from] confusion\n|\n|-weather|RainDance|[upkeep]\n|-heal|p2a: Milotic|71/100|[from] item: Leftovers\n|upkeep\n|turn|5\n|\n|t:|1776032215\n|switch|p2b: Basculegion|Basculegion, L50, M|61/100\n|move|p1b: Basculegion|Aqua Jet|p2b: Basculegion\n|-resisted|p2b: Basculegion|1\n|-damage|p2b: Basculegion|42/100\n|move|p1a: Pelipper|Tailwind|p1a: Pelipper\n|-sidestart|p1: canela_kuklcan|move: Tailwind\n|-end|p2a: Milotic|confusion\n|move|p2a: Milotic|Muddy Water|p1b: Basculegion|[spread] p1b\n|-miss|p2a: Milotic|p1a: Pelipper\n|-resisted|p1b: Basculegion|1\n|-damage|p1b: Basculegion|67/100\n|\n|-weather|RainDance|[upkeep]\n|-heal|p2a: Milotic|77/100|[from] item: Leftovers\n|upkeep\n|turn|6\n|\n|t:|1776032237\n|move|p1b: Basculegion|Aqua Jet|p2b: Basculegion\n|-resisted|p2b: Basculegion|1\n|-damage|p2b: Basculegion|23/100\n|move|p1a: Pelipper|Hurricane|p2b: Basculegion\n|-damage|p2b: Basculegion|0 fnt\n|faint|p2b: Basculegion\n|move|p2a: Milotic|Muddy Water|p1a: Pelipper|[spread] p1a,p1b\n|-resisted|p1a: Pelipper|1\n|-crit|p1a: Pelipper\n|-resisted|p1b: Basculegion|1\n|-damage|p1a: Pelipper|4/100\n|-damage|p1b: Basculegion|46/100\n|-unboost|p1b: Basculegion|accuracy|1\n|\n|-weather|RainDance|[upkeep]\n|-heal|p2a: Milotic|83/100|[from] item: Leftovers\n|upkeep\n|\n|t:|1776032244\n|switch|p2b: Talonflame|Talonflame, L50, M|100/100\n|turn|7\n|\n|t:|1776032256\n|move|p2b: Talonflame|Protect|p2b: Talonflame\n|-singleturn|p2b: Talonflame|Protect\n|move|p1b: Basculegion|Aqua Jet|p2b: Talonflame\n|-activate|p2b: Talonflame|move: Protect\n|move|p1a: Pelipper|Hurricane|p2a: Milotic\n|-damage|p2a: Milotic|49/100\n|move|p2a: Milotic|Muddy Water|p1a: Pelipper|[spread] p1a,p1b\n|-resisted|p1a: Pelipper|1\n|-resisted|p1b: Basculegion|1\n|-damage|p1a: Pelipper|0 fnt\n|-damage|p1b: Basculegion|23/100\n|-unboost|p1b: Basculegion|accuracy|1\n|faint|p1a: Pelipper\n|\n|-weather|none\n|-heal|p2a: Milotic|54/100|[from] item: Leftovers\n|upkeep\n|\n|t:|1776032270\n|switch|p1a: Scizor|Scizor, L50, M|100/100\n|turn|8\n|\n|t:|1776032291\n|switch|p2b: Floette|Floette-Eternal, L50, F|100/100\n|move|p1a: Scizor|Protect|p1a: Scizor\n|-singleturn|p1a: Scizor|Protect\n|move|p1b: Basculegion|Aqua Jet|p2b: Floette\n|-damage|p2b: Floette|68/100\n|move|p2a: Milotic|Muddy Water|p1a: Scizor|[spread] p1b\n|-activate|p1a: Scizor|move: Protect\n|-resisted|p1b: Basculegion|1\n|-damage|p1b: Basculegion|8/100\n|\n|-heal|p2a: Milotic|60/100|[from] item: Leftovers\n|-sideend|p1: canela_kuklcan|move: Tailwind\n|upkeep\n|turn|9\n|\n|t:|1776032308\n|detailschange|p2b: Floette|Floette-Mega, L50, F\n|-mega|p2b: Floette|Floette|Floettite\n|-ability|p2b: Floette|Fairy Aura\n|detailschange|p1a: Scizor|Scizor-Mega, L50, M\n|-mega|p1a: Scizor|Scizor|Scizorite\n|move|p2b: Floette|Protect|p2b: Floette\n|-singleturn|p2b: Floette|Protect\n|move|p1b: Basculegion|Aqua Jet|p2b: Floette\n|-activate|p2b: Floette|move: Protect\n|move|p1a: Scizor|Swords Dance|p1a: Scizor\n|-boost|p1a: Scizor|atk|2\n|move|p2a: Milotic|Muddy Water|p1b: Basculegion|[spread] p1a,p1b\n|-resisted|p1b: Basculegion|1\n|-damage|p1a: Scizor|69/100\n|-damage|p1b: Basculegion|0 fnt\n|faint|p1b: Basculegion\n|\n|-heal|p2a: Milotic|66/100|[from] item: Leftovers\n|upkeep\n|turn|10\n|\n|t:|1776032325\n|move|p1a: Scizor|Bullet Punch|p2b: Floette\n|-supereffective|p2b: Floette|1\n|-damage|p2b: Floette|0 fnt\n|faint|p2b: Floette\n|move|p2a: Milotic|Muddy Water|p1a: Scizor|[miss]\n|-miss|p2a: Milotic|p1a: Scizor\n|\n|-heal|p2a: Milotic|72/100|[from] item: Leftovers\n|upkeep\n|\n|t:|1776032327\n|switch|p2b: Talonflame|Talonflame, L50, M|100/100\n|turn|11\n|\n|t:|1776032336\n|move|p1a: Scizor|Bullet Punch|p2b: Talonflame\n|-resisted|p2b: Talonflame|1\n|-damage|p2b: Talonflame|42/100\n|move|p2b: Talonflame|Flare Blitz|p1a: Scizor\n|-supereffective|p1a: Scizor|2\n|-crit|p1a: Scizor\n|-damage|p1a: Scizor|0 fnt\n|faint|p1a: Scizor\n|-damage|p2b: Talonflame|20/100|[from] Recoil\n|\n|win|maxirp_64\n|raw|canela_kuklcan's rating: 1329 &rarr; <strong>1314</strong><br />(-15 for losing)\n|raw|maxirp_64's rating: 1422 &rarr; <strong>1437</strong><br />(+15 for winning)\n|l|\u2606canela_kuklcan\n|player|p1|\n|l|\u2606maxirp_64\n|player|p2|\n|l| HappyLiga\n",
  "uploadtime": 1776033550,
  "views": 21,
  "formatid": "gen9championsvgc2026regma",
  "rating": 1314,
  "private": 0,
  "password": null
}