{
  "id": "gen9championsvgc2026regma-2589578332",
  "format": "[Gen 9 Champions] VGC 2026 Reg M-A",
  "players": [
    "inXuman",
    "TrollerMaximus"
  ],
  "log": "|j|\u2606inXuman\n|j|\u2606TrollerMaximus\n|t:|1776735851\n|gametype|doubles\n|player|p1|inXuman|shadowtriad|1160\n|player|p2|TrollerMaximus|1|1124\n|gen|9\n|tier|[Gen 9 Champions] VGC 2026 Reg M-A\n|rated|\n|rule|Species Clause: Limit one of each Pok\u00e9mon\n|rule|Item Clause: Limit 1 of each item\n|clearpoke\n|poke|p1|Delphox, L50, F|\n|poke|p1|Kingambit, L50, F|\n|poke|p1|Clefable, L50, M|\n|poke|p1|Sneasler, L50, F|\n|poke|p1|Aerodactyl, L50, M|\n|poke|p1|Basculegion, L50, M|\n|poke|p2|Araquanid, L50, M|\n|poke|p2|Volcarona, L50, M|\n|poke|p2|Kleavor, L50, F|\n|poke|p2|Vivillon, L50, M|\n|poke|p2|Scizor, L50, M|\n|poke|p2|Pinsir, L50, F|\n|teampreview|4\n|inactive|Battle timer is ON: inactive players will automatically lose when time's up. (requested by TrollerMaximus)\n|inactive|inXuman has 60 seconds left.\n|inactive|TrollerMaximus has 60 seconds left.\n|\n|t:|1776735893\n|teamsize|p1|4\n|teamsize|p2|4\n|start\n|switch|p1a: Delphox|Delphox, L50, F|100/100\n|switch|p1b: Aerodactyl|Aerodactyl, L50, M|100/100\n|switch|p2a: Pinsir|Pinsir, L50, F|100/100\n|switch|p2b: Kleavor|Kleavor, L50, F|100/100\n|turn|1\n|\n|t:|1776735907\n|detailschange|p2a: Pinsir|Pinsir-Mega, L50, F\n|-mega|p2a: Pinsir|Pinsir|Pinsirite\n|move|p1a: Delphox|Protect|p1a: Delphox\n|-singleturn|p1a: Delphox|Protect\n|move|p2a: Pinsir|Quick Attack|p1b: Aerodactyl\n|-resisted|p1b: Aerodactyl|1\n|-crit|p1b: Aerodactyl\n|-damage|p1b: Aerodactyl|67/100\n|move|p2b: Kleavor|Stone Axe|p1b: Aerodactyl\n|-supereffective|p1b: Aerodactyl|1\n|-damage|p1b: Aerodactyl|0 fnt\n|-sidestart|p1: inXuman|move: Stealth Rock\n|faint|p1b: Aerodactyl\n|\n|upkeep\n|\n|t:|1776735917\n|switch|p1b: Clefable|Clefable, L50, M|100/100\n|-damage|p1b: Clefable|88/100|[from] Stealth Rock\n|turn|2\n|\n|t:|1776735929\n|switch|p2b: Araquanid|Araquanid, L50, M|100/100\n|detailschange|p1a: Delphox|Delphox-Mega, L50, F\n|-mega|p1a: Delphox|Delphox|Delphoxite\n|move|p2a: Pinsir|Protect|p2a: Pinsir\n|-singleturn|p2a: Pinsir|Protect\n|move|p1b: Clefable|Follow Me|p1b: Clefable\n|-singleturn|p1b: Clefable|move: Follow Me\n|move|p1a: Delphox|Heat Wave|p2b: Araquanid|[spread] p2b\n|-activate|p2a: Pinsir|move: Protect\n|-damage|p2b: Araquanid|83/100\n|\n|-heal|p2b: Araquanid|88/100|[from] item: Leftovers\n|upkeep\n|turn|3\n|\n|t:|1776735954\n|move|p2b: Araquanid|Wide Guard|p2b: Araquanid\n|-singleturn|p2b: Araquanid|Wide Guard\n|move|p1b: Clefable|Follow Me|p1b: Clefable\n|-singleturn|p1b: Clefable|move: Follow Me\n|move|p1a: Delphox|Heat Wave|p2a: Pinsir|[spread] \n|-activate|p2a: Pinsir|move: Wide Guard\n|-activate|p2b: Araquanid|move: Wide Guard\n|move|p2a: Pinsir|Body Slam|p1b: Clefable\n|-damage|p1b: Clefable|45/100\n|-status|p1b: Clefable|par\n|-enditem|p1b: Clefable|Sitrus Berry|[eat]\n|-heal|p1b: Clefable|69/100 par|[from] item: Sitrus Berry\n|\n|-heal|p2b: Araquanid|94/100|[from] item: Leftovers\n|upkeep\n|turn|4\n|\n|t:|1776735968\n|move|p2b: Araquanid|Wide Guard|p2b: Araquanid\n|-singleturn|p2b: Araquanid|Wide Guard\n|move|p1b: Clefable|Follow Me|p1b: Clefable\n|-singleturn|p1b: Clefable|move: Follow Me\n|move|p1a: Delphox|Nasty Plot|p1a: Delphox\n|-boost|p1a: Delphox|spa|2\n|move|p2a: Pinsir|Body Slam|p1b: Clefable\n|-damage|p1b: Clefable|25/100 par\n|\n|-heal|p2b: Araquanid|99/100|[from] item: Leftovers\n|upkeep\n|turn|5\n|\n|t:|1776735989\n|move|p2b: Araquanid|Wide Guard|p2b: Araquanid\n|-singleturn|p2b: Araquanid|Wide Guard\n|move|p1b: Clefable|Follow Me|p1b: Clefable\n|-singleturn|p1b: Clefable|move: Follow Me\n|move|p1a: Delphox|Psychic|p2a: Pinsir\n|-damage|p2a: Pinsir|0 fnt\n|faint|p2a: Pinsir\n|\n|-heal|p2b: Araquanid|100/100|[from] item: Leftovers\n|upkeep\n|\n|t:|1776735996\n|switch|p2a: Kleavor|Kleavor, L50, F|100/100\n|turn|6\n|\n|t:|1776736003\n|move|p1a: Delphox|Protect|p1a: Delphox\n|-singleturn|p1a: Delphox|Protect\n|cant|p1b: Clefable|par\n|move|p2a: Kleavor|Stone Axe|p1b: Clefable\n|-damage|p1b: Clefable|0 fnt\n|faint|p1b: Clefable\n|move|p2b: Araquanid|Liquidation|p1a: Delphox\n|-activate|p1a: Delphox|move: Protect\n|\n|upkeep\n|\n|t:|1776736007\n|switch|p1b: Basculegion|Basculegion, L50, M|100/100\n|-damage|p1b: Basculegion|88/100|[from] Stealth Rock\n|turn|7\n|inactive|inXuman has 30 seconds left.\n|\n|t:|1776736033\n|move|p1a: Delphox|Protect|p1a: Delphox\n|-singleturn|p1a: Delphox|Protect\n|move|p2a: Kleavor|Stone Axe|p1a: Delphox\n|-activate|p1a: Delphox|move: Protect\n|move|p1b: Basculegion|Wave Crash|p2a: Kleavor\n|-supereffective|p2a: Kleavor|1\n|-damage|p2a: Kleavor|0 fnt\n|faint|p2a: Kleavor\n|-damage|p1b: Basculegion|63/100|[from] Recoil\n|move|p2b: Araquanid|Liquidation|p1a: Delphox\n|-activate|p1a: Delphox|move: Protect\n|\n|upkeep\n|\n|t:|1776736039\n|switch|p2a: Volcarona|Volcarona, L50, M|100/100\n|turn|8\n|\n|t:|1776736050\n|move|p2a: Volcarona|Protect|p2a: Volcarona\n|-singleturn|p2a: Volcarona|Protect\n|move|p1b: Basculegion|Wave Crash|p2a: Volcarona\n|-activate|p2a: Volcarona|move: Protect\n|move|p1a: Delphox|Psychic|p2b: Araquanid\n|-damage|p2b: Araquanid|7/100\n|-unboost|p2b: Araquanid|spd|1\n|move|p2b: Araquanid|Liquidation|p1a: Delphox\n|-supereffective|p1a: Delphox|1\n|-damage|p1a: Delphox|0 fnt\n|faint|p1a: Delphox\n|\n|-heal|p2b: Araquanid|13/100|[from] item: Leftovers\n|upkeep\n|turn|9\n|\n|t:|1776736069\n|move|p1b: Basculegion|Wave Crash|p2b: Araquanid\n|-resisted|p2b: Araquanid|1\n|-damage|p2b: Araquanid|0 fnt\n|faint|p2b: Araquanid\n|-damage|p1b: Basculegion|60/100|[from] Recoil\n|move|p2a: Volcarona|Giga Drain|p1b: Basculegion\n|-supereffective|p1b: Basculegion|1\n|-damage|p1b: Basculegion|3/100\n|\n|upkeep\n|turn|10\n|\n|t:|1776736078\n|move|p2a: Volcarona|Protect|p2a: Volcarona\n|-singleturn|p2a: Volcarona|Protect\n|move|p1b: Basculegion|Wave Crash|p2a: Volcarona\n|-activate|p2a: Volcarona|move: Protect\n|\n|upkeep\n|turn|11\n|\n|t:|1776736084\n|move|p1b: Basculegion|Wave Crash|p2a: Volcarona\n|-supereffective|p2a: Volcarona|1\n|-damage|p2a: Volcarona|0 fnt\n|faint|p2a: Volcarona\n|-damage|p1b: Basculegion|0 fnt|[from] Recoil\n|faint|p1b: Basculegion\n|\n|win|inXuman\n|raw|inXuman's rating: 1160 &rarr; <strong>1182</strong><br />(+22 for winning)\n|raw|TrollerMaximus's rating: 1124 &rarr; <strong>1102</strong><br />(-22 for losing)\n",
  "uploadtime": 1776736085,
  "views": 0,
  "formatid": "gen9championsvgc2026regma",
  "rating": 1102,
  "private": 0,
  "password": null
}