{
  "id": "gen9championsvgc2026regma-2584546798",
  "format": "[Gen 9 Champions] VGC 2026 Reg M-A",
  "players": [
    "yuriimon",
    "lhomkwai"
  ],
  "log": "|j|\u2606yuriimon\n|j|\u2606lhomkwai\n|t:|1776267930\n|gametype|doubles\n|player|p1|yuriimon|waitress-gen4|1214\n|player|p2|lhomkwai|victor-dojo|1300\n|gen|9\n|tier|[Gen 9 Champions] VGC 2026 Reg M-A\n|rated|\n|rule|Species Clause: Limit one of each Pok\u00e9mon\n|rule|Item Clause: Limit 1 of each item\n|clearpoke\n|poke|p1|Glimmora, L50, F|\n|poke|p1|Incineroar, L50, M|\n|poke|p1|Archaludon, L50, F|\n|poke|p1|Politoed, L50, M|\n|poke|p1|Basculegion, L50, M|\n|poke|p1|Chesnaught, L50, F|\n|poke|p2|Crabominable, L50, F|\n|poke|p2|Farigiraf, L50, F|\n|poke|p2|Kingambit, L50, M|\n|poke|p2|Incineroar, L50, F|\n|poke|p2|Sinistcha, L50|\n|poke|p2|Araquanid, L50, F|\n|teampreview|4\n|inactive|Battle timer is ON: inactive players will automatically lose when time's up. (requested by lhomkwai)\n|inactive|yuriimon also wants the timer to be on.\n|inactive|yuriimon has 60 seconds left.\n|inactive|lhomkwai has 60 seconds left.\n|inactive|yuriimon has 30 seconds left.\n|\n|t:|1776267991\n|teamsize|p1|4\n|teamsize|p2|4\n|start\n|switch|p1a: Chesnaught|Chesnaught, L50, F|100/100\n|switch|p1b: Incineroar|Incineroar, L50, M|100/100\n|switch|p2a: Sinistcha|Sinistcha, L50|100/100\n|switch|p2b: Araquanid|Araquanid, L50, F|100/100\n|-ability|p1b: Incineroar|Intimidate|boost\n|-unboost|p2a: Sinistcha|atk|1\n|-unboost|p2b: Araquanid|atk|1\n|turn|1\n|\n|t:|1776268012\n|detailschange|p1a: Chesnaught|Chesnaught-Mega, L50, F\n|-mega|p1a: Chesnaught|Chesnaught|Chesnaughtite\n|move|p1b: Incineroar|Flare Blitz|p2a: Sinistcha\n|-supereffective|p2a: Sinistcha|1\n|-damage|p2a: Sinistcha|13/100\n|-damage|p1b: Incineroar|75/100|[from] Recoil\n|move|p1a: Chesnaught|Iron Defense|p1a: Chesnaught\n|-boost|p1a: Chesnaught|def|2\n|move|p2b: Araquanid|Reflect|p2b: Araquanid\n|-sidestart|p2: lhomkwai|Reflect\n|move|p2a: Sinistcha|Trick Room|p2a: Sinistcha\n|-fieldstart|move: Trick Room|[of] p2a: Sinistcha\n|\n|upkeep\n|turn|2\n|\n|t:|1776268035\n|move|p2a: Sinistcha|Rage Powder|p2a: Sinistcha\n|-singleturn|p2a: Sinistcha|move: Rage Powder\n|move|p2b: Araquanid|Liquidation|p1b: Incineroar\n|-supereffective|p1b: Incineroar|1\n|-damage|p1b: Incineroar|15/100\n|-enditem|p1b: Incineroar|Sitrus Berry|[eat]\n|-heal|p1b: Incineroar|40/100|[from] item: Sitrus Berry\n|move|p1a: Chesnaught|Poison Jab|p2a: Sinistcha\n|-damage|p2a: Sinistcha|0 fnt\n|faint|p2a: Sinistcha\n|move|p1b: Incineroar|Parting Shot|p2b: Araquanid\n|-unboost|p2b: Araquanid|atk|1\n|-unboost|p2b: Araquanid|spa|1\n|\n|t:|1776268049\n|switch|p1b: Archaludon|Archaludon, L50, F|100/100|[from] Parting Shot\n|\n|upkeep\n|\n|t:|1776268053\n|switch|p2a: Crabominable|Crabominable, L50, F|100/100\n|turn|3\n|inactive|lhomkwai has 30 seconds left.\n|\n|t:|1776268083\n|switch|p2b: Kingambit|Kingambit, L50, M|100/100\n|switch|p1b: Incineroar|Incineroar, L50, M|40/100\n|-ability|p1b: Incineroar|Intimidate|boost\n|-unboost|p2a: Crabominable|atk|1\n|-unboost|p2b: Kingambit|atk|1\n|-ability|p2b: Kingambit|Defiant|boost\n|-boost|p2b: Kingambit|atk|2\n|detailschange|p2a: Crabominable|Crabominable-Mega, L50, F\n|-mega|p2a: Crabominable|Crabominable|Crabominite\n|move|p2a: Crabominable|Ice Hammer|p1a: Chesnaught\n|-supereffective|p1a: Chesnaught|1\n|-damage|p1a: Chesnaught|70/100\n|-unboost|p2a: Crabominable|spe|1\n|move|p1a: Chesnaught|Body Press|p2a: Crabominable\n|-supereffective|p2a: Crabominable|1\n|-damage|p2a: Crabominable|0 fnt\n|faint|p2a: Crabominable\n|\n|upkeep\n|\n|t:|1776268098\n|switch|p2a: Araquanid|Araquanid, L50, F|100/100\n|turn|4\n|\n|t:|1776268120\n|move|p1b: Incineroar|Fake Out|p2b: Kingambit\n|-resisted|p2b: Kingambit|1\n|-damage|p2b: Kingambit|98/100\n|move|p2a: Araquanid|Liquidation|p1b: Incineroar\n|-supereffective|p1b: Incineroar|1\n|-damage|p1b: Incineroar|0 fnt\n|faint|p1b: Incineroar\n|cant|p2b: Kingambit|flinch\n|move|p1a: Chesnaught|Body Press|p2b: Kingambit\n|-supereffective|p2b: Kingambit|2\n|-damage|p2b: Kingambit|0 fnt\n|faint|p2b: Kingambit\n|\n|upkeep\n|\n|t:|1776268131\n|switch|p1b: Archaludon|Archaludon, L50, F|100/100\n|turn|5\n|-message|lhomkwai forfeited.\n|\n|win|yuriimon\n|raw|yuriimon's rating: 1214 &rarr; <strong>1245</strong><br />(+31 for winning)\n|raw|lhomkwai's rating: 1300 &rarr; <strong>1269</strong><br />(-31 for losing)\n|l|\u2606lhomkwai\n|player|p2|\n",
  "uploadtime": 1776268141,
  "views": 27,
  "formatid": "gen9championsvgc2026regma",
  "rating": 1245,
  "private": 0,
  "password": null
}