{
  "id": "gen9championsvgc2026regma-2580676655",
  "format": "[Gen 9 Champions] VGC 2026 Reg M-A",
  "players": [
    "AAACompanyBtw",
    "rowliozzz"
  ],
  "log": "|j|\u2606AAACompanyBtw\n|j|\u2606rowliozzz\n|t:|1775923458\n|gametype|doubles\n|player|p1|AAACompanyBtw|2|1168\n|player|p2|rowliozzz|ogreclan|1076\n|gen|9\n|tier|[Gen 9 Champions] VGC 2026 Reg M-A\n|rated|\n|rule|Species Clause: Limit one of each Pok\u00e9mon\n|rule|Item Clause: Limit 1 of each item\n|clearpoke\n|poke|p1|Incineroar, L50, M|\n|poke|p1|Pelipper, L50, M|\n|poke|p1|Basculegion, L50, M|\n|poke|p1|Mamoswine, L50, F|\n|poke|p1|Rotom-Wash, L50|\n|poke|p1|Dragonite, L50, F|\n|poke|p2|Meowstic, L50, M|\n|poke|p2|Garchomp, L50, F|\n|poke|p2|Orthworm, L50, M|\n|poke|p2|Basculegion, L50, M|\n|poke|p2|Pelipper, L50, F|\n|poke|p2|Starmie, L50|\n|teampreview|4\n|inactive|Battle timer is ON: inactive players will automatically lose when time's up. (requested by rowliozzz)\n|inactive|AAACompanyBtw has 60 seconds left.\n|inactive|AAACompanyBtw has 30 seconds left.\n|\n|t:|1775923519\n|teamsize|p1|4\n|teamsize|p2|4\n|start\n|switch|p1a: Pelipper|Pelipper, L50, M|100/100\n|switch|p1b: Incineroar|Incineroar, L50, M|100/100\n|switch|p2a: Meowstic|Meowstic, L50, M|100/100\n|switch|p2b: Pelipper|Pelipper, L50, F|100/100\n|-weather|RainDance|[from] ability: Drizzle|[of] p2b: Pelipper\n|-ability|p1b: Incineroar|Intimidate|boost\n|-unboost|p2a: Meowstic|atk|1\n|-unboost|p2b: Pelipper|atk|1\n|turn|1\n|l|\u2606rowliozzz\n|inactive|rowliozzz disconnected and has a minute to reconnect!\n|player|p2|\n|j|\u2606rowliozzz\n|inactive|rowliozzz reconnected and has 55 seconds left.\n|player|p2|rowliozzz|ogreclan|\n|inactive|AAACompanyBtw has 30 seconds left.\n|inactive|AAACompanyBtw has 20 seconds left.\n|inactive|AAACompanyBtw has 15 seconds left.\n|\n|t:|1775923559\n|move|p2a: Meowstic|Protect|p2a: Meowstic\n|-singleturn|p2a: Meowstic|Protect\n|move|p1a: Pelipper|Protect|p1a: Pelipper\n|-singleturn|p1a: Pelipper|Protect\n|move|p1b: Incineroar|Fake Out|p2b: Pelipper\n|-damage|p2b: Pelipper|88/100\n|cant|p2b: Pelipper|flinch\n|\n|-weather|RainDance|[upkeep]\n|upkeep\n|turn|2\n|\n|t:|1775923571\n|switch|p1b: Dragonite|Dragonite, L50, F|100/100\n|move|p2a: Meowstic|Psychic Terrain|p2a: Meowstic\n|-fieldstart|move: Psychic Terrain\n|move|p2b: Pelipper|Tailwind|p2b: Pelipper\n|-sidestart|p2: rowliozzz|move: Tailwind\n|move|p1a: Pelipper|Tailwind|p1a: Pelipper\n|-sidestart|p1: AAACompanyBtw|move: Tailwind\n|\n|-weather|RainDance|[upkeep]\n|upkeep\n|turn|3\n|\n|t:|1775923590\n|detailschange|p1b: Dragonite|Dragonite-Mega, L50, F\n|-mega|p1b: Dragonite|Dragonite|Dragoninite\n|move|p2a: Meowstic|Expanding Force|p1b: Dragonite|[spread] p1a,p1b\n|-damage|p1a: Pelipper|35/100\n|-damage|p1b: Dragonite|78/100\n|move|p1b: Dragonite|Hurricane|p2a: Meowstic\n|-damage|p2a: Meowstic|1/100\n|move|p2b: Pelipper|Hurricane|p1a: Pelipper\n|-damage|p1a: Pelipper|0 fnt\n|faint|p1a: Pelipper\n|\n|-weather|RainDance|[upkeep]\n|upkeep\n|inactive|AAACompanyBtw has 30 seconds left.\n|\n|t:|1775923617\n|switch|p1a: Incineroar|Incineroar, L50, M|100/100\n|-ability|p1a: Incineroar|Intimidate|boost\n|-unboost|p2a: Meowstic|atk|1\n|-unboost|p2b: Pelipper|atk|1\n|turn|4\n|\n|t:|1775923631\n|move|p1a: Incineroar|Fake Out|p2a: Meowstic\n|-activate|p2a: Meowstic|move: Psychic Terrain\n|move|p2a: Meowstic|Expanding Force|p1b: Dragonite|[spread] p1b\n|-immune|p1a: Incineroar\n|-damage|p1b: Dragonite|34/100\n|move|p1b: Dragonite|Hurricane|p2b: Pelipper\n|-damage|p2b: Pelipper|0 fnt\n|faint|p2b: Pelipper\n|\n|-weather|RainDance|[upkeep]\n|upkeep\n|\n|t:|1775923643\n|switch|p2b: Starmie|Starmie, L50, shiny|100/100\n|turn|5\n|\n|t:|1775923653\n|detailschange|p2b: Starmie|Starmie-Mega, L50, shiny\n|-mega|p2b: Starmie|Starmie|Starminite\n|move|p1b: Dragonite|Protect|p1b: Dragonite\n|-singleturn|p1b: Dragonite|Protect\n|move|p2b: Starmie|Liquidation|p1a: Incineroar\n|-supereffective|p1a: Incineroar|1\n|-damage|p1a: Incineroar|0 fnt\n|faint|p1a: Incineroar\n|move|p2a: Meowstic|Expanding Force|p1b: Dragonite\n|-activate|p1b: Dragonite|move: Protect\n|\n|-weather|none\n|-sideend|p2: rowliozzz|move: Tailwind\n|-sideend|p1: AAACompanyBtw|move: Tailwind\n|upkeep\n|\n|t:|1775923664\n|switch|p1a: Basculegion|Basculegion, L50, M|100/100\n|turn|6\n|inactive|AAACompanyBtw has 30 seconds left.\n|inactive|AAACompanyBtw has 20 seconds left.\n|\n|t:|1775923702\n|move|p1a: Basculegion|Last Respects|p2b: Starmie\n|-supereffective|p2b: Starmie|1\n|-damage|p2b: Starmie|0 fnt\n|faint|p2b: Starmie\n|move|p2a: Meowstic|Expanding Force|p1a: Basculegion|[spread] p1a,p1b\n|-damage|p1a: Basculegion|44/100\n|-damage|p1b: Dragonite|0 fnt\n|faint|p1b: Dragonite\n|\n|-fieldend|move: Psychic Terrain\n|upkeep\n|\n|t:|1775923710\n|switch|p2b: Basculegion|Basculegion, L50, M, shiny|100/100\n|turn|7\n|\n|t:|1775923719\n|move|p1a: Basculegion|Last Respects|p2b: Basculegion\n|-supereffective|p2b: Basculegion|1\n|-damage|p2b: Basculegion|0 fnt\n|faint|p2b: Basculegion\n|move|p2a: Meowstic|Expanding Force|p1a: Basculegion\n|-damage|p1a: Basculegion|6/100\n|\n|upkeep\n|turn|8\n|\n|t:|1775923728\n|move|p2a: Meowstic|Protect|p2a: Meowstic\n|-singleturn|p2a: Meowstic|Protect\n|move|p1a: Basculegion|Last Respects|p2a: Meowstic\n|-activate|p2a: Meowstic|move: Protect\n|\n|upkeep\n|turn|9\n|\n|t:|1775923736\n|move|p1a: Basculegion|Last Respects|p2a: Meowstic\n|-supereffective|p2a: Meowstic|1\n|-damage|p2a: Meowstic|0 fnt\n|faint|p2a: Meowstic\n|\n|win|AAACompanyBtw\n|raw|AAACompanyBtw's rating: 1168 &rarr; <strong>1187</strong><br />(+19 for winning)\n|raw|rowliozzz's rating: 1076 &rarr; <strong>1060</strong><br />(-16 for losing)\n|l|\u2606rowliozzz\n|player|p2|\n",
  "uploadtime": 1775923743,
  "views": 12,
  "formatid": "gen9championsvgc2026regma",
  "rating": 1060,
  "private": 0,
  "password": null
}