{
  "id": "gen9championsvgc2026regma-2581035400",
  "format": "[Gen 9 Champions] VGC 2026 Reg M-A",
  "players": [
    "Burnam",
    "caramelpainn"
  ],
  "log": "|j|\u2606Burnam\n|j|\u2606caramelpainn\n|t:|1775953785\n|gametype|doubles\n|player|p1|Burnam|101|1000\n|player|p2|caramelpainn|cynthia-masters|1048\n|gen|9\n|tier|[Gen 9 Champions] VGC 2026 Reg M-A\n|rated|\n|rule|Species Clause: Limit one of each Pok\u00e9mon\n|rule|Item Clause: Limit 1 of each item\n|clearpoke\n|poke|p1|Golurk, L50|\n|poke|p1|Sinistcha, L50|\n|poke|p1|Arcanine-Hisui, L50, F|\n|poke|p1|Primarina, L50, F|\n|poke|p1|Slowking-Galar, L50, F|\n|poke|p1|Crabominable, L50, F|\n|poke|p2|Aerodactyl, L50, F|\n|poke|p2|Incineroar, L50, M|\n|poke|p2|Primarina, L50, M|\n|poke|p2|Volcarona, L50, M|\n|poke|p2|Scovillain, L50, M|\n|poke|p2|Kingambit, L50, M|\n|teampreview|4\nBurnam has agreed to open team sheets.\n|inactive|Battle timer is ON: inactive players will automatically lose when time's up. (requested by Burnam)\ncaramelpainn has agreed to open team sheets.\n|showteam|p1|Golurk||Golurkite|IronFist|DrainPunch,ShadowPunch,HighHorsepower,Protect||||||50|]Sinistcha||FocusSash|Hospitality|TrickRoom,RagePowder,MatchaGotcha,Protect||||||50|]Arcanine-Hisui||Charcoal|Intimidate|Snarl,FlareBlitz,ExtremeSpeed,Protect|||F|||50|]Primarina||Leftovers|LiquidVoice|HyperVoice,Moonblast,IceBeam,Protect|||F|||50|]Slowking-Galar||MentalHerb|CuriousMedicine|TrickRoom,ChillyReception,SludgeBomb,Protect|||F|||50|]Crabominable||NeverMeltIce|IronFist|DrainPunch,IcePunch,MachPunch,ThunderPunch|||F|||50|\n|showteam|p2|Aerodactyl||FocusSash|Unnerve|DualWingbeat,RockSlide,Tailwind,Protect|||F|||50|]Incineroar||SitrusBerry|Intimidate|FakeOut,ThroatChop,FlareBlitz,PartingShot|||M|||50|]Primarina||Leftovers|LiquidVoice|HyperVoice,Moonblast,Protect,CalmMind|||M|||50|]Volcarona||MentalHerb|FlameBody|QuiverDance,HeatWave,GigaDrain,Protect|||M|||50|]Scovillain||Scovillainite|Moody|Flamethrower,RagePowder,LeechSeed,Protect|||M|||50|]Kingambit||BlackGlasses|Defiant|KowtowCleave,IronHead,SuckerPunch,Protect|||M|||50|\n|inactive|caramelpainn has 60 seconds left.\n|\n|t:|1775953879\n|teamsize|p1|4\n|teamsize|p2|4\n|start\n|switch|p1a: Slowking|Slowking-Galar, L50, F|100/100\n|switch|p1b: Arcanine|Arcanine-Hisui, L50, F|100/100\n|switch|p2a: Radiance|Volcarona, L50, M, shiny|100/100\n|switch|p2b: Incineroar|Incineroar, L50, M|100/100\n|-ability|p1b: Arcanine|Intimidate|boost\n|-unboost|p2a: Radiance|atk|1\n|-unboost|p2b: Incineroar|atk|1\n|-ability|p2b: Incineroar|Intimidate|boost\n|-unboost|p1a: Slowking|atk|1\n|-unboost|p1b: Arcanine|atk|1\n|-clearboost|p1b: Arcanine|[from] ability: Curious Medicine|[of] p1a: Slowking\n|turn|1\n|inactive|caramelpainn has 30 seconds left.\n|inactive|caramelpainn has 20 seconds left.\n|\n|t:|1775953915\n|move|p2a: Radiance|Quiver Dance|p2a: Radiance\n|-boost|p2a: Radiance|spa|1\n|-boost|p2a: Radiance|spd|1\n|-boost|p2a: Radiance|spe|1\n|move|p1b: Arcanine|Flare Blitz|p2a: Radiance\n|-damage|p2a: Radiance|25/100\n|-damage|p1b: Arcanine|79/100|[from] Recoil\n|move|p2b: Incineroar|Parting Shot|p1a: Slowking\n|-unboost|p1a: Slowking|atk|1\n|-unboost|p1a: Slowking|spa|1\n|\n|t:|1775953918\n|switch|p2b: Primarina|Primarina, L50, M|100/100|[from] Parting Shot\n|move|p1a: Slowking|Trick Room|p1a: Slowking\n|-fieldstart|move: Trick Room|[of] p1a: Slowking\n|\n|upkeep\n|turn|2\n|\n|t:|1775953938\n|switch|p2a: Incineroar|Incineroar, L50, M|100/100\n|-ability|p2a: Incineroar|Intimidate|boost\n|-unboost|p1a: Slowking|atk|1\n|-unboost|p1b: Arcanine|atk|1\n|move|p1b: Arcanine|Extreme Speed|p2a: Incineroar\n|-damage|p2a: Incineroar|85/100\n|-prepare|p1a: Slowking|Chilly Reception|[premajor]\n|move|p1a: Slowking|Chilly Reception|p1a: Slowking\n|-weather|Snowscape\n|\n|t:|1775953943\n|switch|p1a: Primarina|Primarina, L50, F|100/100|[from] Chilly Reception\n|move|p2b: Primarina|Calm Mind|p2b: Primarina\n|-boost|p2b: Primarina|spa|1\n|-boost|p2b: Primarina|spd|1\n|\n|-weather|Snowscape|[upkeep]\n|upkeep\n|turn|3\n|\n|t:|1775953958\n|move|p2a: Incineroar|Fake Out|p1a: Primarina\n|-crit|p1a: Primarina\n|-damage|p1a: Primarina|80/100\n|move|p2b: Primarina|Hyper Voice|p1b: Arcanine|[spread] p1a,p1b\n|-resisted|p1a: Primarina|1\n|-supereffective|p1b: Arcanine|2\n|-damage|p1a: Primarina|61/100\n|-damage|p1b: Arcanine|0 fnt\n|faint|p1b: Arcanine\n|cant|p1a: Primarina|flinch\n|\n|-weather|Snowscape|[upkeep]\n|-heal|p1a: Primarina|67/100|[from] item: Leftovers\n|upkeep\n|\n|t:|1775953968\n|switch|p1b: Golurk|Golurk, L50|100/100\n|turn|4\n|\n|t:|1775953990\n|detailschange|p1b: Golurk|Golurk-Mega, L50\n|-mega|p1b: Golurk|Golurk|Golurkite\n|move|p2b: Primarina|Protect|p2b: Primarina\n|-singleturn|p2b: Primarina|Protect\n|move|p1b: Golurk|Shadow Punch|p2b: Primarina\n|-damage|p2b: Primarina|91/100\n|move|p2a: Incineroar|Parting Shot|p1b: Golurk\n|-unboost|p1b: Golurk|atk|1\n|-unboost|p1b: Golurk|spa|1\n|\n|t:|1775953997\n|switch|p2a: Scovillain|Scovillain, L50, M|100/100|[from] Parting Shot\n|move|p1a: Primarina|Hyper Voice|p2b: Primarina|[spread] p2a\n|-activate|p2b: Primarina|move: Protect\n|-damage|p2a: Scovillain|67/100\n|\n|-weather|Snowscape|[upkeep]\n|-heal|p1a: Primarina|73/100|[from] item: Leftovers\n|-heal|p2b: Primarina|96/100|[from] item: Leftovers\n|-ability|p2a: Scovillain|Moody|boost\n|-boost|p2a: Scovillain|spe|2\n|-unboost|p2a: Scovillain|spd|1\n|upkeep\n|turn|5\n|\n|t:|1775954009\n|switch|p1a: Slowking|Slowking-Galar, L50, F|100/100\n|-clearboost|p1b: Golurk|[from] ability: Curious Medicine|[of] p1a: Slowking\n|detailschange|p2a: Scovillain|Scovillain-Mega, L50, M\n|-mega|p2a: Scovillain|Scovillain|Scovillainite\n|move|p2a: Scovillain|Rage Powder|p2a: Scovillain\n|-singleturn|p2a: Scovillain|move: Rage Powder\n|move|p1b: Golurk|Drain Punch|p2a: Scovillain\n|-damage|p2a: Scovillain|30/100\n|-status|p1b: Golurk|brn|[from] ability: Spicy Spray|[of] p2a: Scovillain\n|move|p2b: Primarina|Hyper Voice|p1a: Slowking|[spread] p1a,p1b\n|-supereffective|p1b: Golurk|1\n|-damage|p1a: Slowking|71/100\n|-damage|p1b: Golurk|23/100 brn\n|\n|-weather|Snowscape|[upkeep]\n|-heal|p2b: Primarina|100/100|[from] item: Leftovers\n|-damage|p1b: Golurk|17/100 brn|[from] brn\n|-fieldend|move: Trick Room\n|upkeep\n|turn|6\n|\n|t:|1775954030\n|move|p2a: Scovillain|Leech Seed|p1a: Slowking\n|-start|p1a: Slowking|move: Leech Seed\n|move|p2b: Primarina|Calm Mind|p2b: Primarina\n|-boost|p2b: Primarina|spa|1\n|-boost|p2b: Primarina|spd|1\n|move|p1b: Golurk|Drain Punch|p2a: Scovillain\n|-damage|p2a: Scovillain|11/100\n|-heal|p1b: Golurk|25/100 brn|[from] drain|[of] p2a: Scovillain\n|move|p1a: Slowking|Sludge Bomb|p2b: Primarina\n|-supereffective|p2b: Primarina|1\n|-crit|p2b: Primarina\n|-damage|p2b: Primarina|21/100\n|\n|-weather|none\n|-heal|p2b: Primarina|27/100|[from] item: Leftovers\n|-damage|p1a: Slowking|58/100|[from] Leech Seed|[of] p2a: Scovillain\n|-heal|p2a: Scovillain|25/100|[silent]\n|-damage|p1b: Golurk|19/100 brn|[from] brn\n|upkeep\n|turn|7\n|\n|t:|1775954044\n|move|p2a: Scovillain|Rage Powder|p2a: Scovillain\n|-singleturn|p2a: Scovillain|move: Rage Powder\n|move|p2b: Primarina|Hyper Voice|p1a: Slowking|[spread] p1a,p1b\n|-supereffective|p1b: Golurk|1\n|-damage|p1a: Slowking|15/100\n|-damage|p1b: Golurk|0 fnt\n|faint|p1b: Golurk\n|move|p1a: Slowking|Sludge Bomb|p2a: Scovillain\n|-supereffective|p2a: Scovillain|1\n|-damage|p2a: Scovillain|0 fnt\n|-status|p1a: Slowking|brn|[from] ability: Spicy Spray|[of] p2a: Scovillain\n|faint|p2a: Scovillain\n|\n|-heal|p2b: Primarina|32/100|[from] item: Leftovers\n|-damage|p1a: Slowking|9/100 brn|[from] brn\n|upkeep\n|\n|t:|1775954054\n|switch|p2a: Radiance|Volcarona, L50, M, shiny|25/100\n|switch|p1b: Primarina|Primarina, L50, F|73/100\n|turn|8\n|\n|t:|1775954064\n|move|p2a: Radiance|Giga Drain|p1b: Primarina\n|-supereffective|p1b: Primarina|1\n|-damage|p1b: Primarina|32/100\n|-heal|p2a: Radiance|48/100|[from] drain|[of] p1b: Primarina\n|move|p1b: Primarina|Hyper Voice|p2b: Primarina|[spread] p2a,p2b\n|-supereffective|p2a: Radiance|1\n|-resisted|p2b: Primarina|1\n|-damage|p2a: Radiance|0 fnt\n|-damage|p2b: Primarina|25/100\n|faint|p2a: Radiance\n|move|p2b: Primarina|Hyper Voice|p1b: Primarina|[spread] p1a,p1b\n|-resisted|p1b: Primarina|1\n|-damage|p1a: Slowking|0 fnt\n|-damage|p1b: Primarina|7/100\n|faint|p1a: Slowking\n|\n|-heal|p2b: Primarina|31/100|[from] item: Leftovers\n|-heal|p1b: Primarina|13/100|[from] item: Leftovers\n|upkeep\n|\n|t:|1775954066\n|switch|p2a: Incineroar|Incineroar, L50, M|85/100\n|-ability|p2a: Incineroar|Intimidate|boost\n|-unboost|p1b: Primarina|atk|1\n|turn|9\n|\n|t:|1775954076\n|move|p2b: Primarina|Protect|p2b: Primarina\n|-singleturn|p2b: Primarina|Protect\n|move|p2a: Incineroar|Fake Out|p1b: Primarina\n|-crit|p1b: Primarina\n|-damage|p1b: Primarina|0 fnt\n|faint|p1b: Primarina\n|\n|win|caramelpainn\n|raw|Burnam's rating: 1000 &rarr; <strong>1000</strong><br />(+0 for losing)\n|raw|caramelpainn's rating: 1048 &rarr; <strong>1076</strong><br />(+28 for winning)\n|l|\u2606Burnam\n|player|p1|\n|c|\u2606caramelpainn|gg\n",
  "uploadtime": 1775954084,
  "views": 15,
  "formatid": "gen9championsvgc2026regma",
  "rating": 1000,
  "private": 0,
  "password": null
}