{
  "id": "gen9championsvgc2026regma-2583277720",
  "format": "[Gen 9 Champions] VGC 2026 Reg M-A",
  "players": [
    "Nordinjo",
    "Zapdos79"
  ],
  "log": "|j|\u2606Nordinjo\n|j|\u2606Zapdos79\n|t:|1776162399\n|gametype|doubles\n|player|p1|Nordinjo|juggler|1244\n|player|p2|Zapdos79|flannery|1171\n|gen|9\n|tier|[Gen 9 Champions] VGC 2026 Reg M-A\n|rated|\n|rule|Species Clause: Limit one of each Pok\u00e9mon\n|rule|Item Clause: Limit 1 of each item\n|clearpoke\n|poke|p1|Delphox, L50, F|\n|poke|p1|Garchomp, L50, F|\n|poke|p1|Floette-Eternal, L50, F|\n|poke|p1|Incineroar, L50, M|\n|poke|p1|Sneasler, L50, M|\n|poke|p1|Kingambit, L50, F|\n|poke|p2|Tyranitar, L50, F|\n|poke|p2|Basculegion, L50, M|\n|poke|p2|Excadrill, L50, F|\n|poke|p2|Meganium, L50, F|\n|poke|p2|Farigiraf, L50, M|\n|poke|p2|Incineroar, L50, M|\n|teampreview|4\n|c|\u2606Nordinjo|gl hf\n|\n|t:|1776162437\n|teamsize|p1|4\n|teamsize|p2|4\n|start\n|switch|p1a: Delphox|Delphox, L50, F, shiny|100/100\n|switch|p1b: Kingambit|Kingambit, L50, F|100/100\n|switch|p2a: Tyranitar|Tyranitar, L50, F|100/100\n|switch|p2b: Excadrill|Excadrill, L50, F|100/100\n|-weather|Sandstorm|[from] ability: Sand Stream|[of] p2a: Tyranitar\n|turn|1\n|inactive|Battle timer is ON: inactive players will automatically lose when time's up. (requested by Zapdos79)\n|inactive|Zapdos79 has 60 seconds left.\n|\n|t:|1776162469\n|switch|p1a: Incineroar|Incineroar, L50, M|100/100\n|-ability|p1a: Incineroar|Intimidate|boost\n|-unboost|p2a: Tyranitar|atk|1\n|-unboost|p2b: Excadrill|atk|1\n|-enditem|p2b: Excadrill|White Herb\n|-clearnegativeboost|p2b: Excadrill|[silent]\n|move|p2b: Excadrill|High Horsepower|p1b: Kingambit\n|-supereffective|p1b: Kingambit|1\n|-damage|p1b: Kingambit|31/100\n|move|p2a: Tyranitar|Knock Off|p1a: Incineroar\n|-resisted|p1a: Incineroar|1\n|-damage|p1a: Incineroar|84/100\n|-enditem|p1a: Incineroar|Leftovers|[from] move: Knock Off|[of] p2a: Tyranitar\n|move|p1b: Kingambit|Iron Head|p2a: Tyranitar\n|-supereffective|p2a: Tyranitar|1\n|-damage|p2a: Tyranitar|11/100\n|\n|-weather|Sandstorm|[upkeep]\n|-damage|p1a: Incineroar|78/100|[from] Sandstorm\n|upkeep\n|turn|2\n|inactive|Nordinjo has 30 seconds left.\n|inactive|Zapdos79 has 30 seconds left.\n|\n|t:|1776162504\n|switch|p2b: Farigiraf|Farigiraf, L50, M|100/100\n|move|p2a: Tyranitar|Rock Slide|p1a: Incineroar|[spread] p1a,p1b\n|-supereffective|p1a: Incineroar|1\n|-resisted|p1b: Kingambit|1\n|-damage|p1a: Incineroar|44/100\n|-damage|p1b: Kingambit|23/100\n|move|p1a: Incineroar|Flare Blitz|p2b: Farigiraf\n|-damage|p2b: Farigiraf|45/100\n|-damage|p1a: Incineroar|23/100|[from] Recoil\n|move|p1b: Kingambit|Kowtow Cleave|p2b: Farigiraf\n|-supereffective|p2b: Farigiraf|1\n|-damage|p2b: Farigiraf|0 fnt\n|faint|p2b: Farigiraf\n|\n|-weather|Sandstorm|[upkeep]\n|-damage|p1a: Incineroar|17/100|[from] Sandstorm\n|upkeep\n|inactive|Zapdos79 has 30 seconds left.\n|\n|t:|1776162533\n|switch|p2b: Excadrill|Excadrill, L50, F|100/100\n|turn|3\n|\n|t:|1776162543\n|switch|p1a: Garchomp|Garchomp, L50, F|100/100\n|move|p2a: Tyranitar|Protect|p2a: Tyranitar\n|-singleturn|p2a: Tyranitar|Protect\n|move|p1b: Kingambit|Sucker Punch|p2b: Excadrill\n|-damage|p2b: Excadrill|33/100\n|move|p2b: Excadrill|Rock Slide|p1a: Garchomp|[spread] p1a,p1b\n|-resisted|p1a: Garchomp|1\n|-resisted|p1b: Kingambit|1\n|-damage|p1a: Garchomp|91/100\n|-damage|p1b: Kingambit|16/100\n|\n|-weather|Sandstorm|[upkeep]\n|upkeep\n|turn|4\n|\n|t:|1776162563\n|move|p1b: Kingambit|Protect|p1b: Kingambit\n|-singleturn|p1b: Kingambit|Protect\n|move|p2b: Excadrill|High Horsepower|p1b: Kingambit\n|-activate|p1b: Kingambit|move: Protect\n|move|p1a: Garchomp|Earthquake|p2b: Excadrill|[spread] p2a,p2b\n|-activate|p1b: Kingambit|move: Protect\n|-supereffective|p2a: Tyranitar|1\n|-supereffective|p2b: Excadrill|1\n|-crit|p2b: Excadrill\n|-damage|p2a: Tyranitar|0 fnt\n|-damage|p2b: Excadrill|0 fnt\n|faint|p2a: Tyranitar\n|faint|p2b: Excadrill\n|\n|-weather|Sandstorm|[upkeep]\n|upkeep\n|\n|t:|1776162567\n|switch|p2b: Basculegion|Basculegion, L50, M|100/100\n|turn|5\n|\n|t:|1776162577\n|switch|p1a: Incineroar|Incineroar, L50, M|17/100\n|-ability|p1a: Incineroar|Intimidate|boost\n|-unboost|p2b: Basculegion|atk|1\n|move|p1b: Kingambit|Sucker Punch|p2b: Basculegion\n|-supereffective|p2b: Basculegion|1\n|-damage|p2b: Basculegion|0 fnt\n|faint|p2b: Basculegion\n|\n|win|Nordinjo\n|raw|Nordinjo's rating: 1244 &rarr; <strong>1264</strong><br />(+20 for winning)\n|raw|Zapdos79's rating: 1171 &rarr; <strong>1151</strong><br />(-20 for losing)\n|c|\u2606Zapdos79|gg\n|c|\u2606Nordinjo|gg\n|l|\u2606Nordinjo\n|player|p1|\n",
  "uploadtime": 1776162719,
  "views": 14,
  "formatid": "gen9championsvgc2026regma",
  "rating": 1151,
  "private": 0,
  "password": null
}