{
  "id": "gen9championsvgc2026regma-2581463939",
  "format": "[Gen 9 Champions] VGC 2026 Reg M-A",
  "players": [
    "sprezzatura_ck",
    "thatbigfish"
  ],
  "log": "|j|\u2606sprezzatura_ck\n|j|\u2606thatbigfish\n|t:|1776002907\n|gametype|doubles\n|player|p1|sprezzatura_ck|2|1073\n|player|p2|thatbigfish|170|1031\n|gen|9\n|tier|[Gen 9 Champions] VGC 2026 Reg M-A\n|rated|\n|rule|Species Clause: Limit one of each Pok\u00e9mon\n|rule|Item Clause: Limit 1 of each item\n|clearpoke\n|poke|p1|Meganium, L50, F|\n|poke|p1|Sneasler, L50, F|\n|poke|p1|Rhyperior, L50, M|\n|poke|p1|Wyrdeer, L50, F|\n|poke|p1|Milotic, L50, F|\n|poke|p1|Pelipper, L50, F|\n|poke|p2|Medicham, L50, M|\n|poke|p2|Arcanine, L50, F|\n|poke|p2|Garchomp, L50, M|\n|poke|p2|Charizard, L50, F|\n|poke|p2|Venusaur, L50, F|\n|poke|p2|Whimsicott, L50, M|\n|teampreview|4\n|\n|t:|1776002945\n|teamsize|p1|4\n|teamsize|p2|4\n|start\n|switch|p1a: Wyrdeer|Wyrdeer, L50, F|100/100\n|switch|p1b: Milotic|Milotic, L50, F|100/100\n|switch|p2a: Charizard|Charizard, L50, F|100/100\n|switch|p2b: Venusaur|Venusaur, L50, F|100/100\n|-ability|p1a: Wyrdeer|Intimidate|boost\n|-unboost|p2a: Charizard|atk|1\n|-unboost|p2b: Venusaur|atk|1\n|turn|1\n|\n|t:|1776002967\n|detailschange|p2a: Charizard|Charizard-Mega-Y, L50, F\n|-mega|p2a: Charizard|Charizard|Charizardite Y\n|-weather|SunnyDay|[from] ability: Drought|[of] p2a: Charizard\n|move|p1b: Milotic|Protect|p1b: Milotic\n|-singleturn|p1b: Milotic|Protect\n|move|p2b: Venusaur|Sleep Powder|p1a: Wyrdeer\n|-status|p1a: Wyrdeer|slp|[from] move: Sleep Powder\n|cant|p1a: Wyrdeer|slp\n|move|p2a: Charizard|Solar Beam||[still]\n|-prepare|p2a: Charizard|Solar Beam\n|-anim|p2a: Charizard|Solar Beam|p1b: Milotic\n|-activate|p1b: Milotic|move: Protect\n|\n|-weather|SunnyDay|[upkeep]\n|upkeep\n|turn|2\n|\n|t:|1776002993\n|switch|p1a: Pelipper|Pelipper, L50, F|100/100\n|-weather|RainDance|[from] ability: Drizzle|[of] p1a: Pelipper\n|move|p2a: Charizard|Heat Wave|p1a: Pelipper|[spread] p1a,p1b\n|-resisted|p1a: Pelipper|1\n|-resisted|p1b: Milotic|1\n|-damage|p1a: Pelipper|86/100\n|-damage|p1b: Milotic|92/100\n|move|p1b: Milotic|Blizzard|p2b: Venusaur|[spread] p2a,p2b\n|-supereffective|p2b: Venusaur|1\n|-damage|p2a: Charizard|73/100\n|-damage|p2b: Venusaur|41/100\n|-status|p2b: Venusaur|frz\n|cant|p2b: Venusaur|frz\n|\n|-weather|RainDance|[upkeep]\n|-heal|p2b: Venusaur|46/100 frz|[from] item: Leftovers\n|upkeep\n|turn|3\n|\n|t:|1776003022\n|switch|p2a: Arcanine|Arcanine, L50, F|100/100\n|-ability|p2a: Arcanine|Intimidate|boost\n|-unboost|p1a: Pelipper|atk|1\n|-unboost|p1b: Milotic|atk|1\n|-ability|p1b: Milotic|Competitive|boost\n|-boost|p1b: Milotic|spa|2\n|cant|p2b: Venusaur|frz\n|move|p1b: Milotic|Surf|p2b: Venusaur|[spread] p1a,p2a,p2b\n|-resisted|p1a: Pelipper|1\n|-supereffective|p2a: Arcanine|1\n|-resisted|p2b: Venusaur|1\n|-damage|p1a: Pelipper|11/100\n|-damage|p2a: Arcanine|0 fnt\n|-damage|p2b: Venusaur|0 fnt\n|faint|p2a: Arcanine\n|faint|p2b: Venusaur\n|move|p1a: Pelipper|Tailwind|p1a: Pelipper\n|-sidestart|p1: sprezzatura_ck|move: Tailwind\n|\n|-weather|RainDance|[upkeep]\n|upkeep\n|\n|t:|1776003026\n|switch|p2a: Charizard|Charizard-Mega-Y, L50, F|73/100\n|switch|p2b: Garchomp|Garchomp, L50, M|100/100\n|-weather|SunnyDay|[from] ability: Drought|[of] p2a: Charizard\n|turn|4\n|\n|t:|1776003054\n|switch|p1a: Wyrdeer|Wyrdeer, L50, F|100/100 slp\n|-ability|p1a: Wyrdeer|Intimidate|boost\n|-unboost|p2a: Charizard|atk|1\n|-unboost|p2b: Garchomp|atk|1\n|move|p1b: Milotic|Protect|p1b: Milotic\n|-singleturn|p1b: Milotic|Protect\n|move|p2b: Garchomp|Rock Slide|p1a: Wyrdeer|[spread] p1a\n|-activate|p1b: Milotic|move: Protect\n|-damage|p1a: Wyrdeer|82/100 slp\n|move|p2a: Charizard|Solar Beam||[still]\n|-prepare|p2a: Charizard|Solar Beam\n|-anim|p2a: Charizard|Solar Beam|p1b: Milotic\n|-activate|p1b: Milotic|move: Protect\n|\n|-weather|SunnyDay|[upkeep]\n|upkeep\n|turn|5\n|\n|t:|1776003073\n|switch|p1a: Pelipper|Pelipper, L50, F|11/100\n|-weather|RainDance|[from] ability: Drizzle|[of] p1a: Pelipper\n|move|p1b: Milotic|Surf|p2b: Garchomp|[spread] p1a,p2a,p2b\n|-resisted|p1a: Pelipper|1\n|-supereffective|p2a: Charizard|1\n|-damage|p1a: Pelipper|0 fnt\n|-damage|p2a: Charizard|0 fnt\n|-damage|p2b: Garchomp|0 fnt\n|faint|p1a: Pelipper\n|faint|p2a: Charizard\n|faint|p2b: Garchomp\n|\n|win|sprezzatura_ck\n|raw|sprezzatura_ck's rating: 1073 &rarr; <strong>1099</strong><br />(+26 for winning)\n|raw|thatbigfish's rating: 1031 &rarr; <strong>1018</strong><br />(-13 for losing)\n|l|\u2606thatbigfish\n|player|p2|\n|l|\u2606sprezzatura_ck\n|player|p1|\n|j|\u2606sprezzatura_ck\n|player|p1|sprezzatura_ck|2|\n",
  "uploadtime": 1776003390,
  "views": 18,
  "formatid": "gen9championsvgc2026regma",
  "rating": 1018,
  "private": 0,
  "password": null
}