{
  "id": "gen9championsvgc2026regma-2583458425",
  "format": "[Gen 9 Champions] VGC 2026 Reg M-A",
  "players": [
    "BmacMcFluff",
    "delefes"
  ],
  "log": "|j|\u2606BmacMcFluff\n|j|\u2606delefes\n|t:|1776176966\n|gametype|doubles\n|player|p1|BmacMcFluff|169|1050\n|player|p2|delefes|101|1000\n|gen|9\n|tier|[Gen 9 Champions] VGC 2026 Reg M-A\n|rated|\n|rule|Species Clause: Limit one of each Pok\u00e9mon\n|rule|Item Clause: Limit 1 of each item\n|clearpoke\n|poke|p1|Farigiraf, L50, F|\n|poke|p1|Chesnaught, L50, M|\n|poke|p1|Drampa, L50, M|\n|poke|p1|Incineroar, L50, F|\n|poke|p1|Alcremie, L50, F|\n|poke|p1|Blastoise, L50, F|\n|poke|p2|Drampa, L50, F|\n|poke|p2|Primarina, L50, M|\n|poke|p2|Farigiraf, L50, F|\n|poke|p2|Goodra-Hisui, L50, F|\n|poke|p2|Conkeldurr, L50, M|\n|poke|p2|Incineroar, L50, F|\n|teampreview|4\n|inactive|Battle timer is ON: inactive players will automatically lose when time's up. (requested by BmacMcFluff)\n|inactive|delefes has 60 seconds left.\n|\n|t:|1776177133\n|teamsize|p1|4\n|teamsize|p2|4\n|start\n|switch|p1a: Farigiraf|Farigiraf, L50, F|100/100\n|switch|p1b: Alcremie|Alcremie, L50, F, shiny|100/100\n|switch|p2a: Farigiraf|Farigiraf, L50, F|100/100\n|switch|p2b: Primarina|Primarina, L50, M|100/100\n|turn|1\n|\n|t:|1776177155\n|move|p1a: Farigiraf|Hyper Voice|p2b: Primarina|[spread] p2a,p2b\n|-damage|p2a: Farigiraf|72/100\n|-damage|p2b: Primarina|74/100\n|move|p1b: Alcremie|Decorate|p1a: Farigiraf\n|-boost|p1a: Farigiraf|atk|2\n|-boost|p1a: Farigiraf|spa|2\n|move|p2b: Primarina|Hyper Voice|p1b: Alcremie|[spread] p1a,p1b\n|-crit|p1a: Farigiraf\n|-damage|p1a: Farigiraf|39/100\n|-damage|p1b: Alcremie|77/100\n|-enditem|p1a: Farigiraf|Sitrus Berry|[eat]\n|-heal|p1a: Farigiraf|64/100|[from] item: Sitrus Berry\n|move|p2a: Farigiraf|Hyper Voice|p1a: Farigiraf|[spread] p1a,p1b\n|-damage|p1a: Farigiraf|38/100\n|-damage|p1b: Alcremie|61/100\n|\n|upkeep\n|turn|2\n|inactive|BmacMcFluff has 30 seconds left.\n|inactive|BmacMcFluff has 20 seconds left.\n|inactive|BmacMcFluff has 15 seconds left.\n|\n|t:|1776177198\n|move|p2a: Farigiraf|Protect|p2a: Farigiraf\n|-singleturn|p2a: Farigiraf|Protect\n|move|p1a: Farigiraf|Hyper Voice|p2a: Farigiraf|[spread] p2b\n|-activate|p2a: Farigiraf|move: Protect\n|-damage|p2b: Primarina|13/100\n|-enditem|p2b: Primarina|Sitrus Berry|[eat]\n|-heal|p2b: Primarina|38/100|[from] item: Sitrus Berry\n|move|p1b: Alcremie|Alluring Voice|p2b: Primarina\n|-damage|p2b: Primarina|8/100\n|move|p2b: Primarina|Hyper Voice|p1a: Farigiraf|[spread] p1a,p1b\n|-damage|p1a: Farigiraf|0 fnt\n|-damage|p1b: Alcremie|38/100\n|faint|p1a: Farigiraf\n|\n|upkeep\n|\n|t:|1776177217\n|switch|p1a: Blastoise|Blastoise, L50, F|100/100\n|turn|3\n|\n|t:|1776177238\n|detailschange|p1a: Blastoise|Blastoise-Mega, L50, F\n|-mega|p1a: Blastoise|Blastoise|Blastoisinite\n|move|p2b: Primarina|Protect|p2b: Primarina\n|-singleturn|p2b: Primarina|Protect\n|move|p1a: Blastoise|Water Spout|p2b: Primarina|[spread] p2a\n|-activate|p2b: Primarina|move: Protect\n|-damage|p2a: Farigiraf|14/100\n|move|p1b: Alcremie|Decorate|p1a: Blastoise\n|-boost|p1a: Blastoise|atk|2\n|-boost|p1a: Blastoise|spa|2\n|move|p2a: Farigiraf|Trick Room|p2a: Farigiraf\n|-fieldstart|move: Trick Room|[of] p2a: Farigiraf\n|\n|upkeep\n|turn|4\n|inactive|BmacMcFluff has 30 seconds left.\n|\n|t:|1776177267\n|move|p1a: Blastoise|Protect|p1a: Blastoise\n|-singleturn|p1a: Blastoise|Protect\n|move|p2b: Primarina|Moonblast|p1a: Blastoise\n|-activate|p1a: Blastoise|move: Protect\n|move|p2a: Farigiraf|Hyper Voice|p1a: Blastoise|[spread] p1b\n|-activate|p1a: Blastoise|move: Protect\n|-damage|p1b: Alcremie|19/100\n|move|p1b: Alcremie|Alluring Voice|p2b: Primarina\n|-damage|p2b: Primarina|0 fnt\n|faint|p2b: Primarina\n|\n|upkeep\n|\n|t:|1776177274\n|switch|p2b: Conkeldurr|Conkeldurr, L50, M|100/100\n|turn|5\n|\n|t:|1776177297\n|move|p1b: Alcremie|Protect|p1b: Alcremie\n|-singleturn|p1b: Alcremie|Protect\n|move|p2b: Conkeldurr|Thunder Punch|p1a: Blastoise\n|-supereffective|p1a: Blastoise|1\n|-damage|p1a: Blastoise|34/100\n|move|p2a: Farigiraf|Hyper Voice|p1b: Alcremie|[spread] p1a\n|-activate|p1b: Alcremie|move: Protect\n|-damage|p1a: Blastoise|11/100\n|move|p1a: Blastoise|Dragon Pulse|p2b: Conkeldurr\n|-damage|p2b: Conkeldurr|0 fnt\n|faint|p2b: Conkeldurr\n|\n|upkeep\n|\n|t:|1776177306\n|switch|p2b: Drampa|Drampa, L50, F|100/100\n|turn|6\n|inactive|BmacMcFluff has 30 seconds left.\n|\n|t:|1776177337\n|detailschange|p2b: Drampa|Drampa-Mega, L50, F\n|-mega|p2b: Drampa|Drampa|Drampanite\n|move|p1b: Alcremie|Protect||[still]\n|-fail|p1b: Alcremie\n|move|p1a: Blastoise|Protect|p1a: Blastoise\n|-singleturn|p1a: Blastoise|Protect\n|move|p2b: Drampa|Hyper Voice|p1a: Blastoise|[spread] p1b\n|-activate|p1a: Blastoise|move: Protect\n|-damage|p1b: Alcremie|0 fnt\n|faint|p1b: Alcremie\n|move|p2a: Farigiraf|Wish|p2a: Farigiraf\n|\n|upkeep\n|\n|t:|1776177348\n|switch|p1b: Incineroar|Incineroar, L50, F|100/100\n|-ability|p1b: Incineroar|Intimidate|boost\n|-unboost|p2a: Farigiraf|atk|1\n|-unboost|p2b: Drampa|atk|1\n|turn|7\n|\n|t:|1776177372\n|move|p2a: Farigiraf|Protect|p2a: Farigiraf\n|-singleturn|p2a: Farigiraf|Protect\n|move|p1a: Blastoise|Protect|p1a: Blastoise\n|-singleturn|p1a: Blastoise|Protect\n|move|p2b: Drampa|Hyper Voice|p1b: Incineroar|[spread] p1b\n|-activate|p1a: Blastoise|move: Protect\n|-damage|p1b: Incineroar|54/100\n|move|p1b: Incineroar|Darkest Lariat|p2a: Farigiraf\n|-activate|p2a: Farigiraf|move: Protect\n|\n|-heal|p2a: Farigiraf|64/100|[from] move: Wish|[wisher] Farigiraf\n|-heal|p1b: Incineroar|60/100|[from] item: Leftovers\n|-fieldend|move: Trick Room\n|upkeep\n|turn|8\n|\n|t:|1776177391\n|move|p1a: Blastoise|Dragon Pulse|p2b: Drampa\n|-supereffective|p2b: Drampa|1\n|-damage|p2b: Drampa|0 fnt\n|faint|p2b: Drampa\n|move|p1b: Incineroar|Darkest Lariat|p2a: Farigiraf\n|-supereffective|p2a: Farigiraf|1\n|-enditem|p2a: Farigiraf|Colbur Berry|[eat]\n|-enditem|p2a: Farigiraf|Colbur Berry|[weaken]\n|-damage|p2a: Farigiraf|28/100\n|move|p2a: Farigiraf|Trick Room|p2a: Farigiraf\n|-fieldstart|move: Trick Room|[of] p2a: Farigiraf\n|\n|-heal|p1b: Incineroar|66/100|[from] item: Leftovers\n|upkeep\n|turn|9\n|-message|delefes forfeited.\n|\n|win|BmacMcFluff\n|raw|BmacMcFluff's rating: 1050 &rarr; <strong>1078</strong><br />(+28 for winning)\n|raw|delefes's rating: 1000 &rarr; <strong>1000</strong><br />(+0 for losing)\n|l|\u2606delefes\n|player|p2|\n",
  "uploadtime": 1776177436,
  "views": 19,
  "formatid": "gen9championsvgc2026regma",
  "rating": 1000,
  "private": 0,
  "password": null
}