{
  "id": "gen9championsvgc2026regma-2584667259",
  "format": "[Gen 9 Champions] VGC 2026 Reg M-A",
  "players": [
    "Gelatina79",
    "The Big X_X"
  ],
  "log": "|j|\u2606Gelatina79\n|j|\u2606The Big X_X\n|t:|1776275525\n|gametype|doubles\n|player|p1|Gelatina79|artist-gen4|1113\n|player|p2|The Big X_X|266|1197\n|gen|9\n|tier|[Gen 9 Champions] VGC 2026 Reg M-A\n|rated|\n|rule|Species Clause: Limit one of each Pok\u00e9mon\n|rule|Item Clause: Limit 1 of each item\n|clearpoke\n|poke|p1|Tyranitar, L50, M|\n|poke|p1|Incineroar, L50, F|\n|poke|p1|Gengar, L50, M|\n|poke|p1|Excadrill, L50, M|\n|poke|p1|Kommo-o, L50, F|\n|poke|p1|Sinistcha, L50|\n|poke|p2|Charizard, L50, M|\n|poke|p2|Venusaur, L50, M|\n|poke|p2|Kingambit, L50, M|\n|poke|p2|Incineroar, L50, M|\n|poke|p2|Milotic, L50, F|\n|poke|p2|Farigiraf, L50, F|\n|teampreview|4\n|inactive|Battle timer is ON: inactive players will automatically lose when time's up. (requested by Gelatina79)\n|inactive|The Big X_X has 60 seconds left.\n|\n|t:|1776275584\n|teamsize|p1|4\n|teamsize|p2|4\n|start\n|switch|p1a: Tyranitar|Tyranitar, L50, M|100/100\n|switch|p1b: Kommo-o|Kommo-o, L50, F|100/100\n|switch|p2a: Kingambit|Kingambit, L50, M, shiny|100/100\n|switch|p2b: Milotic|Milotic, L50, F, shiny|100/100\n|-weather|Sandstorm|[from] ability: Sand Stream|[of] p1a: Tyranitar\n|turn|1\n|inactive|Gelatina79 has 30 seconds left.\n|inactive|The Big X_X has 30 seconds left.\n|inactive|Gelatina79 has 20 seconds left.\n|inactive|Gelatina79 has 15 seconds left.\n|\n|t:|1776275628\n|switch|p2a: Venusaur|Venusaur, L50, M, shiny|100/100\n|detailschange|p1a: Tyranitar|Tyranitar-Mega, L50, M\n|-mega|p1a: Tyranitar|Tyranitar|Tyranitarite\n|move|p1b: Kommo-o|Aura Sphere|p2a: Venusaur\n|-resisted|p2a: Venusaur|1\n|-damage|p2a: Venusaur|79/100\n|move|p2b: Milotic|Icy Wind|p1b: Kommo-o|[spread] p1a,p1b\n|-supereffective|p1b: Kommo-o|1\n|-damage|p1a: Tyranitar|94/100\n|-damage|p1b: Kommo-o|73/100\n|-unboost|p1a: Tyranitar|spe|1\n|-unboost|p1b: Kommo-o|spe|1\n|move|p1a: Tyranitar|Knock Off|p2b: Milotic\n|-damage|p2b: Milotic|44/100\n|-enditem|p2b: Milotic|Leftovers|[from] move: Knock Off|[of] p1a: Tyranitar\n|\n|-weather|Sandstorm|[upkeep]\n|-damage|p2a: Venusaur|73/100|[from] Sandstorm\n|-damage|p2b: Milotic|38/100|[from] Sandstorm\n|-heal|p1b: Kommo-o|79/100|[from] item: Leftovers\n|upkeep\n|turn|2\n|inactive|The Big X_X has 30 seconds left.\n|\n|t:|1776275657\n|detailschange|p2a: Venusaur|Venusaur-Mega, L50, M, shiny\n|-mega|p2a: Venusaur|Venusaur|Venusaurite\n|move|p2a: Venusaur|Giga Drain|p1a: Tyranitar\n|-supereffective|p1a: Tyranitar|1\n|-crit|p1a: Tyranitar\n|-damage|p1a: Tyranitar|28/100\n|-heal|p2a: Venusaur|100/100|[from] drain|[of] p1a: Tyranitar\n|move|p2b: Milotic|Life Dew||[still]|[spread] p2a,p2b\n|-fail|p2a: Venusaur|heal\n|-heal|p2b: Milotic|63/100\n|move|p1b: Kommo-o|Clanging Scales|p2b: Milotic|[spread] p2a,p2b\n|-damage|p2a: Venusaur|67/100\n|-damage|p2b: Milotic|34/100\n|-unboost|p1b: Kommo-o|def|1\n|move|p1a: Tyranitar|Rock Slide|p2b: Milotic|[spread] p2a,p2b\n|-damage|p2a: Venusaur|34/100\n|-damage|p2b: Milotic|0 fnt\n|faint|p2b: Milotic\n|\n|-weather|Sandstorm|[upkeep]\n|-damage|p2a: Venusaur|28/100|[from] Sandstorm\n|-heal|p1b: Kommo-o|85/100|[from] item: Leftovers\n|upkeep\n|\n|t:|1776275675\n|switch|p2b: Incineroar|Incineroar, L50, M, shiny|100/100\n|-ability|p2b: Incineroar|Intimidate|boost\n|-unboost|p1a: Tyranitar|atk|1\n|-unboost|p1b: Kommo-o|atk|1\n|turn|3\n|\n|t:|1776275686\n|switch|p1b: Sinistcha|Sinistcha, L50|100/100\n|-heal|p1a: Tyranitar|53/100|[from] ability: Hospitality|[of] p1b: Sinistcha\n|move|p1a: Tyranitar|Protect|p1a: Tyranitar\n|-singleturn|p1a: Tyranitar|Protect\n|move|p2b: Incineroar|Fake Out|p1b: Sinistcha\n|-immune|p1b: Sinistcha\n|move|p2a: Venusaur|Giga Drain|p1a: Tyranitar\n|-activate|p1a: Tyranitar|move: Protect\n|\n|-weather|Sandstorm|[upkeep]\n|-damage|p2a: Venusaur|22/100|[from] Sandstorm\n|-damage|p1b: Sinistcha|94/100|[from] Sandstorm\n|-damage|p2b: Incineroar|95/100|[from] Sandstorm\n|upkeep\n|turn|4\n|\n|t:|1776275704\n|switch|p1a: Kommo-o|Kommo-o, L50, F|85/100\n|move|p2a: Venusaur|Giga Drain|p1a: Kommo-o\n|-resisted|p1a: Kommo-o|1\n|-damage|p1a: Kommo-o|62/100\n|-heal|p2a: Venusaur|33/100|[from] drain|[of] p1a: Kommo-o\n|move|p1b: Sinistcha|Life Dew|p1b: Sinistcha|[spread] p1a,p1b\n|-heal|p1a: Kommo-o|87/100\n|-heal|p1b: Sinistcha|100/100\n|move|p2b: Incineroar|Parting Shot|p1b: Sinistcha\n|-unboost|p1b: Sinistcha|atk|1\n|-unboost|p1b: Sinistcha|spa|1\n|\n|t:|1776275714\n|switch|p2b: Kingambit|Kingambit, L50, M, shiny|100/100|[from] Parting Shot\n|\n|-weather|Sandstorm|[upkeep]\n|-damage|p2a: Venusaur|27/100|[from] Sandstorm\n|-damage|p1b: Sinistcha|94/100|[from] Sandstorm\n|-heal|p1a: Kommo-o|93/100|[from] item: Leftovers\n|upkeep\n|turn|5\n|inactive|The Big X_X has 30 seconds left.\n|\n|t:|1776275746\n|switch|p2b: Incineroar|Incineroar, L50, M, shiny|95/100\n|-ability|p2b: Incineroar|Intimidate|boost\n|-unboost|p1a: Kommo-o|atk|1\n|-unboost|p1b: Sinistcha|atk|1\n|move|p2a: Venusaur|Protect|p2a: Venusaur\n|-singleturn|p2a: Venusaur|Protect\n|move|p1b: Sinistcha|Protect|p1b: Sinistcha\n|-singleturn|p1b: Sinistcha|Protect\n|move|p1a: Kommo-o|Clangorous Soul|p1a: Kommo-o\n|-boost|p1a: Kommo-o|atk|1\n|-boost|p1a: Kommo-o|def|1\n|-boost|p1a: Kommo-o|spa|1\n|-boost|p1a: Kommo-o|spd|1\n|-boost|p1a: Kommo-o|spe|1\n|-damage|p1a: Kommo-o|60/100\n|\n|-weather|none\n|-heal|p1a: Kommo-o|66/100|[from] item: Leftovers\n|upkeep\n|turn|6\n|\n|t:|1776275767\n|move|p1a: Kommo-o|Protect|p1a: Kommo-o\n|-singleturn|p1a: Kommo-o|Protect\n|move|p2b: Incineroar|Fake Out|p1a: Kommo-o\n|-activate|p1a: Kommo-o|move: Protect\n|move|p2a: Venusaur|Sludge Bomb|p1b: Sinistcha\n|-damage|p1b: Sinistcha|49/100\n|-status|p1b: Sinistcha|psn\n|-enditem|p1b: Sinistcha|Sitrus Berry|[eat]\n|-heal|p1b: Sinistcha|73/100 psn|[from] item: Sitrus Berry\n|move|p1b: Sinistcha|Life Dew|p1b: Sinistcha|[spread] p1a,p1b\n|-heal|p1a: Kommo-o|91/100\n|-heal|p1b: Sinistcha|98/100 psn\n|\n|-heal|p1a: Kommo-o|97/100|[from] item: Leftovers\n|-damage|p1b: Sinistcha|86/100 psn|[from] psn\n|upkeep\n|turn|7\n|inactive|The Big X_X has 30 seconds left.\n|\n|t:|1776275794\n|switch|p1b: Tyranitar|Tyranitar-Mega, L50, M|53/100\n|-weather|Sandstorm|[from] ability: Sand Stream|[of] p1b: Tyranitar\n|move|p1a: Kommo-o|Clanging Scales|p2b: Incineroar|[spread] p2a,p2b\n|-crit|p2b: Incineroar\n|-damage|p2a: Venusaur|0 fnt\n|-damage|p2b: Incineroar|17/100\n|-enditem|p2b: Incineroar|Sitrus Berry|[eat]\n|-heal|p2b: Incineroar|42/100|[from] item: Sitrus Berry\n|faint|p2a: Venusaur\n|-unboost|p1a: Kommo-o|def|1\n|move|p2b: Incineroar|Flare Blitz|p1b: Tyranitar\n|-resisted|p1b: Tyranitar|1\n|-damage|p1b: Tyranitar|39/100\n|-damage|p2b: Incineroar|37/100|[from] Recoil\n|\n|-weather|Sandstorm|[upkeep]\n|-damage|p2b: Incineroar|31/100|[from] Sandstorm\n|-heal|p1a: Kommo-o|100/100|[from] item: Leftovers\n|upkeep\n|\n|t:|1776275806\n|switch|p2a: Kingambit|Kingambit, L50, M, shiny|100/100\n|turn|8\n|\n|t:|1776275826\n|move|p1a: Kommo-o|Aura Sphere|p2b: Incineroar\n|-supereffective|p2b: Incineroar|1\n|-damage|p2b: Incineroar|0 fnt\n|faint|p2b: Incineroar\n|move|p1b: Tyranitar|Low Kick|p2a: Kingambit\n|-supereffective|p2a: Kingambit|2\n|-damage|p2a: Kingambit|0 fnt\n|faint|p2a: Kingambit\n|\n|win|Gelatina79\n|raw|Gelatina79's rating: 1113 &rarr; <strong>1144</strong><br />(+31 for winning)\n|raw|The Big X_X's rating: 1197 &rarr; <strong>1166</strong><br />(-31 for losing)\n|l|\u2606The Big X_X\n|player|p2|\n",
  "uploadtime": 1776275834,
  "views": 21,
  "formatid": "gen9championsvgc2026regma",
  "rating": 1144,
  "private": 0,
  "password": null
}