{
  "id": "gen9championsvgc2026regma-2588930882",
  "format": "[Gen 9 Champions] VGC 2026 Reg M-A",
  "players": [
    "potater567889",
    "mizutiga"
  ],
  "log": "|j|\u2606potater567889\n|j|\u2606mizutiga\n|t:|1776686994\n|gametype|doubles\n|player|p1|potater567889|nate|1116\n|player|p2|mizutiga|266|1042\n|gen|9\n|tier|[Gen 9 Champions] VGC 2026 Reg M-A\n|rated|\n|rule|Species Clause: Limit one of each Pok\u00e9mon\n|rule|Item Clause: Limit 1 of each item\n|clearpoke\n|poke|p1|Feraligatr, L50, M|\n|poke|p1|Sinistcha, L50|\n|poke|p1|Talonflame, L50, F|\n|poke|p1|Sneasler, L50, F|\n|poke|p1|Kingambit, L50, M|\n|poke|p1|Gardevoir, L50, F, shiny|\n|poke|p2|Serperior, L50, M, shiny|\n|poke|p2|Incineroar, L50, M|\n|poke|p2|Tauros-Paldea-Aqua, L50, M|\n|poke|p2|Pelipper, L50, M|\n|poke|p2|Dragonite, L50, F|\n|poke|p2|Milotic, L50, F|\n|teampreview|4\n|inactive|Battle timer is ON: inactive players will automatically lose when time's up. (requested by potater567889)\n|\n|t:|1776687024\n|teamsize|p1|4\n|teamsize|p2|4\n|start\n|switch|p1a: Feraligatr|Feraligatr, L50, M|100/100\n|switch|p1b: Talonflame|Talonflame, L50, F|100/100\n|switch|p2a: Incineroar|Incineroar, L50, M|100/100\n|switch|p2b: Dragonite|Dragonite, L50, F|100/100\n|-ability|p2a: Incineroar|Intimidate|boost\n|-unboost|p1a: Feraligatr|atk|1\n|-unboost|p1b: Talonflame|atk|1\n|turn|1\n|\n|t:|1776687046\n|detailschange|p2b: Dragonite|Dragonite-Mega, L50, F\n|-mega|p2b: Dragonite|Dragonite|Dragoninite\n|move|p1a: Feraligatr|Protect|p1a: Feraligatr\n|-singleturn|p1a: Feraligatr|Protect\n|move|p2a: Incineroar|Fake Out|p1a: Feraligatr\n|-activate|p1a: Feraligatr|move: Protect\n|move|p1b: Talonflame|Tailwind|p1b: Talonflame\n|-sidestart|p1: potater567889|move: Tailwind\n|move|p2b: Dragonite|Tailwind|p2b: Dragonite\n|-sidestart|p2: mizutiga|move: Tailwind\n|\n|upkeep\n|turn|2\n|inactive|potater567889 has 30 seconds left.\n|\n|t:|1776687080\n|switch|p1b: Kingambit|Kingambit, L50, M|100/100\n|switch|p2a: Pelipper|Pelipper, L50, M|100/100\n|-weather|RainDance|[from] ability: Drizzle|[of] p2a: Pelipper\n|detailschange|p1a: Feraligatr|Feraligatr-Mega, L50, M\n|-mega|p1a: Feraligatr|Feraligatr|Feraligite\n|move|p2b: Dragonite|Thunder|p1a: Feraligatr\n|-damage|p1a: Feraligatr|57/100\n|-status|p1a: Feraligatr|par\n|move|p1a: Feraligatr|Double-Edge|p2b: Dragonite\n|-supereffective|p2b: Dragonite|1\n|-crit|p2b: Dragonite\n|-damage|p2b: Dragonite|0 fnt\n|faint|p2b: Dragonite\n|-damage|p1a: Feraligatr|19/100 par|[from] Recoil\n|\n|-weather|RainDance|[upkeep]\n|upkeep\n|\n|t:|1776687104\n|switch|p2b: Serperior|Serperior, L50, M, shiny|100/100\n|turn|3\n|inactive|potater567889 has 30 seconds left.\n|inactive|potater567889 has 20 seconds left.\n|\n|t:|1776687141\n|move|p1b: Kingambit|Sucker Punch|p2b: Serperior\n|-damage|p2b: Serperior|40/100\n|move|p1a: Feraligatr|Aqua Jet|p2b: Serperior\n|-resisted|p2b: Serperior|1\n|-damage|p2b: Serperior|24/100\n|move|p2b: Serperior|Leaf Storm|p1b: Kingambit\n|-resisted|p1b: Kingambit|1\n|-damage|p1b: Kingambit|72/100\n|-boost|p2b: Serperior|spa|2\n|move|p2a: Pelipper|Weather Ball|p1b: Kingambit\n|-damage|p1b: Kingambit|27/100\n|\n|-weather|RainDance|[upkeep]\n|upkeep\n|turn|4\n|\n|t:|1776687158\n|move|p2b: Serperior|Protect|p2b: Serperior\n|-singleturn|p2b: Serperior|Protect\n|move|p1b: Kingambit|Sucker Punch|p2a: Pelipper\n|-damage|p2a: Pelipper|66/100\n|cant|p1a: Feraligatr|par\n|move|p2a: Pelipper|Weather Ball|p1b: Kingambit\n|-damage|p1b: Kingambit|0 fnt\n|faint|p1b: Kingambit\n|\n|-weather|RainDance|[upkeep]\n|-sideend|p1: potater567889|move: Tailwind\n|-sideend|p2: mizutiga|move: Tailwind\n|upkeep\n|\n|t:|1776687165\n|switch|p1b: Sinistcha|Sinistcha, L50|100/100\n|-heal|p1a: Feraligatr|44/100 par|[from] ability: Hospitality|[of] p1b: Sinistcha\n|turn|5\n|\n|t:|1776687186\n|move|p1a: Feraligatr|Aqua Jet|p2b: Serperior\n|-resisted|p2b: Serperior|1\n|-damage|p2b: Serperior|8/100\n|move|p2b: Serperior|Dragon Pulse|p1a: Feraligatr\n|-supereffective|p1a: Feraligatr|1\n|-damage|p1a: Feraligatr|0 fnt\n|faint|p1a: Feraligatr\n|move|p1b: Sinistcha|Matcha Gotcha|p2a: Pelipper|[spread] p2a\n|-miss|p1b: Sinistcha|p2b: Serperior\n|-damage|p2a: Pelipper|30/100\n|move|p2a: Pelipper|Hurricane|p1b: Sinistcha\n|-supereffective|p1b: Sinistcha|1\n|-damage|p1b: Sinistcha|26/100\n|-enditem|p1b: Sinistcha|Sitrus Berry|[eat]\n|-heal|p1b: Sinistcha|51/100|[from] item: Sitrus Berry\n|\n|-weather|RainDance|[upkeep]\n|upkeep\n|\n|t:|1776687202\n|switch|p1a: Talonflame|Talonflame, L50, F|100/100\n|turn|6\n|inactive|mizutiga has 30 seconds left.\n|\n|t:|1776687229\n|move|p2a: Pelipper|Protect|p2a: Pelipper\n|-singleturn|p2a: Pelipper|Protect\n|move|p1a: Talonflame|Tailwind|p1a: Talonflame\n|-sidestart|p1: potater567889|move: Tailwind\n|move|p2b: Serperior|Dragon Pulse|p1b: Sinistcha\n|-crit|p1b: Sinistcha\n|-damage|p1b: Sinistcha|0 fnt\n|faint|p1b: Sinistcha\n|\n|-weather|none\n|upkeep\n|turn|7\n|-message|potater567889 forfeited.\n|\n|win|mizutiga\n|raw|potater567889's rating: 1116 &rarr; <strong>1086</strong><br />(-30 for losing)\n|raw|mizutiga's rating: 1042 &rarr; <strong>1083</strong><br />(+41 for winning)\n|l|\u2606potater567889\n|player|p1|\n",
  "uploadtime": 1776687239,
  "views": 4,
  "formatid": "gen9championsvgc2026regma",
  "rating": 1083,
  "private": 0,
  "password": null
}