{
  "id": "gen9championsvgc2026regma-2581750137",
  "format": "[Gen 9 Champions] VGC 2026 Reg M-A",
  "players": [
    "lordofthebagels89",
    "Darkshadow9810"
  ],
  "log": "|j|\u2606lordofthebagels89\n|j|\u2606Darkshadow9810\n|t:|1776025515\n|gametype|doubles\n|player|p1|lordofthebagels89|lucian|1088\n|player|p2|Darkshadow9810|ingo|1061\n|gen|9\n|tier|[Gen 9 Champions] VGC 2026 Reg M-A\n|rated|\n|rule|Species Clause: Limit one of each Pok\u00e9mon\n|rule|Item Clause: Limit 1 of each item\n|clearpoke\n|poke|p1|Glimmora, L50, M|\n|poke|p1|Sinistcha, L50|\n|poke|p1|Incineroar, L50, M|\n|poke|p1|Ninetales-Alola, L50, F|\n|poke|p1|Garchomp, L50, F|\n|poke|p1|Audino, L50, F|\n|poke|p2|Sneasler, L50, M|\n|poke|p2|Whimsicott, L50, M|\n|poke|p2|Basculegion, L50, M|\n|poke|p2|Dragapult, L50, F|\n|poke|p2|Incineroar, L50, F|\n|poke|p2|Altaria, L50, F|\n|teampreview|4\n|inactive|Battle timer is ON: inactive players will automatically lose when time's up. (requested by Darkshadow9810)\n|inactive|Darkshadow9810 has 60 seconds left.\n|\n|t:|1776025547\n|teamsize|p1|4\n|teamsize|p2|4\n|start\n|switch|p1a: Mcstuffins|Audino, L50, F|100/100\n|switch|p1b: Wolfey|Incineroar, L50, M|100/100\n|switch|p2a: Whimsicott|Whimsicott, L50, M|100/100\n|switch|p2b: Altaria|Altaria, L50, F|100/100\n|-ability|p2b: Altaria|Cloud Nine\n|-ability|p1b: Wolfey|Intimidate|boost\n|-unboost|p2a: Whimsicott|atk|1\n|-unboost|p2b: Altaria|atk|1\n|turn|1\n|\n|t:|1776025570\n|detailschange|p2b: Altaria|Altaria-Mega, L50, F\n|-mega|p2b: Altaria|Altaria|Altarianite\n|detailschange|p1a: Mcstuffins|Audino-Mega, L50, F\n|-mega|p1a: Mcstuffins|Audino|Audinite\n|move|p2a: Whimsicott|Tailwind|p2a: Whimsicott\n|-sidestart|p2: Darkshadow9810|move: Tailwind\n|move|p2b: Altaria|Hyper Voice|p1b: Wolfey|[spread] p1a,p1b\n|-damage|p1a: Mcstuffins|77/100\n|-damage|p1b: Wolfey|68/100\n|move|p1b: Wolfey|Flare Blitz|p2a: Whimsicott\n|-supereffective|p2a: Whimsicott|1\n|-damage|p2a: Whimsicott|0 fnt\n|faint|p2a: Whimsicott\n|-damage|p1b: Wolfey|45/100|[from] Recoil\n|move|p1a: Mcstuffins|Dazzling Gleam|p2b: Altaria\n|-supereffective|p2b: Altaria|1\n|-damage|p2b: Altaria|32/100\n|\n|upkeep\n|\n|t:|1776025581\n|switch|p2a: Incineroar|Incineroar, L50, F|100/100\n|-ability|p2a: Incineroar|Intimidate|boost\n|-unboost|p1a: Mcstuffins|atk|1\n|-unboost|p1b: Wolfey|atk|1\n|turn|2\n|\n|t:|1776025594\n|move|p1a: Mcstuffins|Protect|p1a: Mcstuffins\n|-singleturn|p1a: Mcstuffins|Protect\n|move|p2b: Altaria|Hyper Voice|p1a: Mcstuffins|[spread] p1b\n|-activate|p1a: Mcstuffins|move: Protect\n|-damage|p1b: Wolfey|15/100\n|move|p2a: Incineroar|Parting Shot|p1a: Mcstuffins\n|-activate|p1a: Mcstuffins|move: Protect\n|move|p1b: Wolfey|Parting Shot|p2b: Altaria\n|-unboost|p2b: Altaria|atk|1\n|-unboost|p2b: Altaria|spa|1\n|\n|t:|1776025608\n|switch|p1b: Temmie|Ninetales-Alola, L50, F|100/100|[from] Parting Shot\n|-weather|Snowscape|[from] ability: Snow Warning|[of] p1b: Temmie\n|\n|-weather|Snowscape|[upkeep]\n|upkeep\n|turn|3\n|\n|t:|1776025620\n|move|p2b: Altaria|Hyper Voice|p1b: Temmie|[spread] p1a,p1b\n|-damage|p1a: Mcstuffins|61/100\n|-damage|p1b: Temmie|68/100\n|move|p1b: Temmie|Blizzard|p2a: Incineroar|[spread] p2a,p2b\n|-resisted|p2a: Incineroar|1\n|-supereffective|p2b: Altaria|1\n|-damage|p2a: Incineroar|86/100\n|-damage|p2b: Altaria|0 fnt\n|faint|p2b: Altaria\n|move|p2a: Incineroar|Parting Shot|p1a: Mcstuffins\n|-unboost|p1a: Mcstuffins|atk|1\n|-unboost|p1a: Mcstuffins|spa|1\n|\n|t:|1776025626\n|switch|p2a: Sneasler|Sneasler, L50, M|100/100|[from] Parting Shot\n|move|p1a: Mcstuffins|Dazzling Gleam|p2a: Sneasler\n|-damage|p2a: Sneasler|75/100\n|\n|-weather|Snowscape|[upkeep]\n|upkeep\n|\n|t:|1776025629\n|switch|p2b: Incineroar|Incineroar, L50, F|86/100\n|-ability|p2b: Incineroar|Intimidate|boost\n|-unboost|p1a: Mcstuffins|atk|1\n|-unboost|p1b: Temmie|atk|1\n|turn|4\n|\n|t:|1776025639\n|switch|p1a: Wolfey|Incineroar, L50, M|15/100\n|-ability|p1a: Wolfey|Intimidate|boost\n|-unboost|p2a: Sneasler|atk|1\n|-unboost|p2b: Incineroar|atk|1\n|move|p1b: Temmie|Protect|p1b: Temmie\n|-singleturn|p1b: Temmie|Protect\n|move|p2b: Incineroar|Fake Out|p1a: Wolfey\n|-damage|p1a: Wolfey|10/100\n|move|p2a: Sneasler|Dire Claw|p1b: Temmie\n|-activate|p1b: Temmie|move: Protect\n|\n|-weather|Snowscape|[upkeep]\n|-sideend|p2: Darkshadow9810|move: Tailwind\n|upkeep\n|turn|5\n|inactive|Darkshadow9810 has 30 seconds left.\n|\n|t:|1776025670\n|move|p1a: Wolfey|Fake Out|p2a: Sneasler\n|-damage|p2a: Sneasler|58/100\n|move|p1b: Temmie|Encore|p2b: Incineroar\n|-start|p2b: Incineroar|Encore\n|move|p2b: Incineroar|Fake Out||[still]\n|-hint|Fake Out only works on your first turn out.\n|-fail|p2b: Incineroar\n|cant|p2a: Sneasler|flinch\n|\n|-weather|Snowscape|[upkeep]\n|upkeep\n|turn|6\n|-message|Darkshadow9810 forfeited.\n|\n|win|lordofthebagels89\n|raw|lordofthebagels89's rating: 1088 &rarr; <strong>1113</strong><br />(+25 for winning)\n|raw|Darkshadow9810's rating: 1061 &rarr; <strong>1043</strong><br />(-18 for losing)\n|l|\u2606Darkshadow9810\n|player|p2|\n",
  "uploadtime": 1776025679,
  "views": 17,
  "formatid": "gen9championsvgc2026regma",
  "rating": 1043,
  "private": 0,
  "password": null
}