{
  "id": "gen9championsvgc2026regma-2582583634",
  "format": "[Gen 9 Champions] VGC 2026 Reg M-A",
  "players": [
    "QuantumTwinSpark",
    "zammurock"
  ],
  "log": "|j|\u203dQuantumTwinSpark\n|j|\u2606zammurock\n|t:|1776100849\n|gametype|doubles\n|player|p1|QuantumTwinSpark|cress|1135\n|player|p2|zammurock|hilbert-wonderlauncher|1130\n|gen|9\n|tier|[Gen 9 Champions] VGC 2026 Reg M-A\n|rated|\n|rule|Species Clause: Limit one of each Pok\u00e9mon\n|rule|Item Clause: Limit 1 of each item\n|clearpoke\n|poke|p1|Vivillon, L50, F|\n|poke|p1|Clefable, L50, M|\n|poke|p1|Wyrdeer, L50, F|\n|poke|p1|Delphox, L50, M|\n|poke|p1|Gengar, L50, F|\n|poke|p1|Milotic, L50, F|\n|poke|p2|Charizard, L50, F|\n|poke|p2|Maushold-Four, L50|\n|poke|p2|Whimsicott, L50, F|\n|poke|p2|Milotic, L50, F|\n|poke|p2|Sinistcha, L50|\n|poke|p2|Lucario, L50, M|\n|teampreview|4\n|inactive|Battle timer is ON: inactive players will automatically lose when time's up. (requested by zammurock)\nQuantumTwinSpark rejected open team sheets.\n|inactive|QuantumTwinSpark has 60 seconds left.\n|inactive|zammurock has 60 seconds left.\n|inactive|zammurock has 30 seconds left.\n|\n|t:|1776100917\n|teamsize|p1|4\n|teamsize|p2|4\n|start\n|switch|p1a: Wyrdeer|Wyrdeer, L50, F|100/100\n|switch|p1b: Gengar|Gengar, L50, F|100/100\n|switch|p2a: Lucario|Lucario, L50, M|100/100\n|switch|p2b: Maushold|Maushold-Four, L50|100/100\n|-ability|p1a: Wyrdeer|Intimidate|boost\n|-fail|p2a: Lucario|unboost|Attack|[from] ability: Inner Focus|[of] p2a: Lucario\n|-unboost|p2b: Maushold|atk|1\n|turn|1\n|inactive|QuantumTwinSpark has 30 seconds left.\n|inactive|zammurock has 30 seconds left.\n|\n|t:|1776100944\n|detailschange|p1b: Gengar|Gengar-Mega, L50, F\n|-mega|p1b: Gengar|Gengar|Gengarite\n|detailschange|p2a: Lucario|Lucario-Mega, L50, M\n|-mega|p2a: Lucario|Lucario|Lucarionite\n|move|p1b: Gengar|Protect|p1b: Gengar\n|-singleturn|p1b: Gengar|Protect\n|move|p2b: Maushold|Follow Me|p2b: Maushold\n|-singleturn|p2b: Maushold|move: Follow Me\n|move|p2a: Lucario|Flash Cannon|p1b: Gengar\n|-activate|p1b: Gengar|move: Protect\n|move|p1a: Wyrdeer|Gravity|p1a: Wyrdeer\n|-fieldstart|move: Gravity\n|\n|upkeep\n|turn|2\n|\n|t:|1776100964\n|move|p2b: Maushold|Follow Me|p2b: Maushold\n|-singleturn|p2b: Maushold|move: Follow Me\n|move|p1b: Gengar|Hypnosis|p2b: Maushold\n|-status|p2b: Maushold|slp|[from] move: Hypnosis\n|move|p2a: Lucario|Flash Cannon|p1b: Gengar\n|-damage|p1b: Gengar|38/100\n|-unboost|p1b: Gengar|spd|1\n|move|p1a: Wyrdeer|Hypnosis|p2b: Maushold\n|-fail|p2b: Maushold|slp\n|\n|upkeep\n|turn|3\n|\n|t:|1776100989\n|move|p2a: Lucario|Protect|p2a: Lucario\n|-singleturn|p2a: Lucario|Protect\n|move|p1b: Gengar|Hypnosis|p2a: Lucario\n|-activate|p2a: Lucario|move: Protect\n|cant|p2b: Maushold|slp\n|move|p1a: Wyrdeer|Psyshield Bash|p2b: Maushold\n|-damage|p2b: Maushold|30/100 slp\n|-boost|p1a: Wyrdeer|def|1\n|\n|upkeep\n|turn|4\n|\n|t:|1776101008\n|move|p1b: Gengar|Protect|p1b: Gengar\n|-singleturn|p1b: Gengar|Protect\n|cant|p2b: Maushold|slp\n|move|p2a: Lucario|Bullet Punch|p1b: Gengar\n|-activate|p1b: Gengar|move: Protect\n|move|p1a: Wyrdeer|Psyshield Bash|p2b: Maushold\n|-crit|p2b: Maushold\n|-damage|p2b: Maushold|0 fnt\n|-boost|p1a: Wyrdeer|def|1\n|faint|p2b: Maushold\n|\n|upkeep\n|\n|t:|1776101014\n|switch|p2b: Milotic|Milotic, L50, F|100/100\n|turn|5\n|\n|t:|1776101022\n|move|p2a: Lucario|Bullet Punch|p1b: Gengar\n|-damage|p1b: Gengar|3/100\n|move|p1b: Gengar|Hypnosis|p2a: Lucario\n|-status|p2a: Lucario|slp|[from] move: Hypnosis\n|move|p2b: Milotic|Hypnosis|p1a: Wyrdeer\n|-status|p1a: Wyrdeer|slp|[from] move: Hypnosis\n|cant|p1a: Wyrdeer|slp\n|\n|-fieldend|move: Gravity\n|upkeep\n|turn|6\n|\n|t:|1776101040\n|cant|p2a: Lucario|slp\n|move|p1b: Gengar|Hypnosis|p2b: Milotic\n|-status|p2b: Milotic|slp|[from] move: Hypnosis\n|cant|p2b: Milotic|slp\n|-curestatus|p1a: Wyrdeer|slp|[msg]\n|move|p1a: Wyrdeer|Trailblaze|p2b: Milotic\n|-supereffective|p2b: Milotic|1\n|-damage|p2b: Milotic|54/100 slp\n|-boost|p1a: Wyrdeer|spe|1\n|\n|-heal|p2b: Milotic|60/100 slp|[from] item: Leftovers\n|upkeep\n|turn|7\n|\n|t:|1776101053\n|cant|p2a: Lucario|slp\n|move|p1b: Gengar|Perish Song|p1b: Gengar\n|-start|p1a: Wyrdeer|perish3|[silent]\n|-start|p1b: Gengar|perish3|[silent]\n|-start|p2a: Lucario|perish3|[silent]\n|-start|p2b: Milotic|perish3|[silent]\n|-fieldactivate|move: Perish Song\n|cant|p2b: Milotic|slp\n|move|p1a: Wyrdeer|Trailblaze|p2b: Milotic\n|-supereffective|p2b: Milotic|1\n|-damage|p2b: Milotic|17/100 slp\n|-boost|p1a: Wyrdeer|spe|1\n|\n|-heal|p2b: Milotic|23/100 slp|[from] item: Leftovers\n|-start|p1b: Gengar|perish3\n|-start|p2a: Lucario|perish3\n|-start|p1a: Wyrdeer|perish3\n|-start|p2b: Milotic|perish3\n|upkeep\n|turn|8\n|-message|zammurock forfeited.\n|\n|win|QuantumTwinSpark\n|raw|QuantumTwinSpark's rating: 1135 &rarr; <strong>1160</strong><br />(+25 for winning)\n|raw|zammurock's rating: 1130 &rarr; <strong>1105</strong><br />(-25 for losing)\n|l|\u2606zammurock\n|player|p2|\n",
  "uploadtime": 1776101063,
  "views": 17,
  "formatid": "gen9championsvgc2026regma",
  "rating": 1105,
  "private": 0,
  "password": null
}