{
  "id": "gen9championsvgc2026regma-2588744579",
  "format": "[Gen 9 Champions] VGC 2026 Reg M-A",
  "players": [
    "thegraffe",
    "erinsflames"
  ],
  "log": "|j|\u2606thegraffe\n|j|\u2606erinsflames\n|t:|1776665063\n|gametype|doubles\n|player|p1|thegraffe|norman|1104\n|player|p2|erinsflames|n|1131\n|gen|9\n|tier|[Gen 9 Champions] VGC 2026 Reg M-A\n|rated|\n|rule|Species Clause: Limit one of each Pok\u00e9mon\n|rule|Item Clause: Limit 1 of each item\n|clearpoke\n|poke|p1|Runerigus, L50, M|\n|poke|p1|Farigiraf, L50, M|\n|poke|p1|Sinistcha, L50|\n|poke|p1|Feraligatr, L50, F|\n|poke|p1|Talonflame, L50, F|\n|poke|p1|Sneasler, L50, F|\n|poke|p2|Charizard, L50, M|\n|poke|p2|Armarouge, L50, F|\n|poke|p2|Archaludon, L50, M|\n|poke|p2|Incineroar, L50, F|\n|poke|p2|Aerodactyl, L50, M|\n|poke|p2|Basculegion, L50, M|\n|teampreview|4\n|\n|t:|1776665107\n|teamsize|p1|4\n|teamsize|p2|4\n|start\n|switch|p1a: Feraligatr|Feraligatr, L50, F|100/100\n|switch|p1b: Sneasler|Sneasler, L50, F|100/100\n|switch|p2a: Incineroar|Incineroar, L50, F|100/100\n|switch|p2b: Charizard|Charizard, L50, M|100/100\n|-ability|p2a: Incineroar|Intimidate|boost\n|-unboost|p1a: Feraligatr|atk|1\n|-unboost|p1b: Sneasler|atk|1\n|-enditem|p1b: Sneasler|White Herb\n|-clearnegativeboost|p1b: Sneasler|[silent]\n|turn|1\n|\n|t:|1776665121\n|move|p2b: Charizard|Protect|p2b: Charizard\n|-singleturn|p2b: Charizard|Protect\n|move|p1a: Feraligatr|Protect|p1a: Feraligatr\n|-singleturn|p1a: Feraligatr|Protect\n|move|p2a: Incineroar|Fake Out|p1a: Feraligatr\n|-activate|p1a: Feraligatr|move: Protect\n|move|p1b: Sneasler|Coaching|p1a: Feraligatr\n|-boost|p1a: Feraligatr|atk|1\n|-boost|p1a: Feraligatr|def|1\n|\n|upkeep\n|turn|2\n|\n|t:|1776665142\n|detailschange|p2b: Charizard|Charizard-Mega-Y, L50, M\n|-mega|p2b: Charizard|Charizard|Charizardite Y\n|-weather|SunnyDay|[from] ability: Drought|[of] p2b: Charizard\n|detailschange|p1a: Feraligatr|Feraligatr-Mega, L50, F\n|-mega|p1a: Feraligatr|Feraligatr|Feraligite\n|move|p1b: Sneasler|Dire Claw|p2b: Charizard\n|-damage|p2b: Charizard|48/100\n|move|p2b: Charizard|Hurricane|p1b: Sneasler\n|-supereffective|p1b: Sneasler|1\n|-damage|p1b: Sneasler|0 fnt\n|faint|p1b: Sneasler\n|move|p1a: Feraligatr|Double-Edge|p2a: Incineroar\n|-damage|p2a: Incineroar|30/100\n|-enditem|p2a: Incineroar|Sitrus Berry|[eat]\n|-heal|p2a: Incineroar|55/100|[from] item: Sitrus Berry\n|-damage|p1a: Feraligatr|76/100|[from] Recoil\n|move|p2a: Incineroar|Parting Shot|p1a: Feraligatr\n|-unboost|p1a: Feraligatr|atk|1\n|-unboost|p1a: Feraligatr|spa|1\n|\n|t:|1776665167\n|switch|p2a: Armarouge|Armarouge, L50, F|100/100|[from] Parting Shot\n|\n|-weather|SunnyDay|[upkeep]\n|upkeep\n|\n|t:|1776665174\n|switch|p1b: Talonflame|Talonflame, L50, F|100/100\n|turn|3\n|\n|t:|1776665195\n|move|p2b: Charizard|Protect|p2b: Charizard\n|-singleturn|p2b: Charizard|Protect\n|move|p1b: Talonflame|Tailwind|p1b: Talonflame\n|-sidestart|p1: thegraffe|move: Tailwind\n|move|p1a: Feraligatr|Double-Edge|p2a: Armarouge\n|-damage|p2a: Armarouge|33/100\n|-damage|p1a: Feraligatr|57/100|[from] Recoil\n|move|p2a: Armarouge|Solar Beam||[still]\n|-prepare|p2a: Armarouge|Solar Beam\n|-anim|p2a: Armarouge|Solar Beam|p1a: Feraligatr\n|-damage|p1a: Feraligatr|16/100\n|\n|-weather|SunnyDay|[upkeep]\n|upkeep\n|turn|4\n|\n|t:|1776665214\n|move|p1b: Talonflame|Acrobatics|p2a: Armarouge\n|-damage|p2a: Armarouge|0 fnt\n|faint|p2a: Armarouge\n|move|p1a: Feraligatr|Liquidation|p2b: Charizard\n|-supereffective|p2b: Charizard|1\n|-crit|p2b: Charizard\n|-damage|p2b: Charizard|0 fnt\n|faint|p2b: Charizard\n|\n|-weather|SunnyDay|[upkeep]\n|upkeep\n|\n|t:|1776665217\n|switch|p2a: Incineroar|Incineroar, L50, F|55/100\n|switch|p2b: Basculegion|Basculegion, L50, M|100/100\n|-ability|p2a: Incineroar|Intimidate|boost\n|-unboost|p1a: Feraligatr|atk|1\n|-unboost|p1b: Talonflame|atk|1\n|turn|5\n|\n|t:|1776665245\n|move|p1a: Feraligatr|Protect|p1a: Feraligatr\n|-singleturn|p1a: Feraligatr|Protect\n|move|p2a: Incineroar|Fake Out|p1a: Feraligatr\n|-activate|p1a: Feraligatr|move: Protect\n|move|p1b: Talonflame|Acrobatics|p2b: Basculegion\n|-damage|p2b: Basculegion|62/100\n|move|p2b: Basculegion|Last Respects|p1b: Talonflame\n|-damage|p1b: Talonflame|0 fnt\n|faint|p1b: Talonflame\n|\n|-weather|SunnyDay|[upkeep]\n|upkeep\n|\n|t:|1776665256\n|switch|p1b: Sinistcha|Sinistcha, L50|100/100\n|-heal|p1a: Feraligatr|41/100|[from] ability: Hospitality|[of] p1b: Sinistcha\n|turn|6\n|\n|t:|1776665296\n|move|p2b: Basculegion|Protect|p2b: Basculegion\n|-singleturn|p2b: Basculegion|Protect\n|move|p1a: Feraligatr|Double-Edge|p2b: Basculegion\n|-activate|p2b: Basculegion|move: Protect\n|move|p1b: Sinistcha|Life Dew||[still]|[spread] p1a,p1b\n|-heal|p1a: Feraligatr|66/100\n|-fail|p1b: Sinistcha|heal\n|move|p2a: Incineroar|Throat Chop|p1a: Feraligatr\n|-damage|p1a: Feraligatr|48/100\n|-start|p1a: Feraligatr|Throat Chop|[silent]\n|\n|-weather|none\n|-sideend|p1: thegraffe|move: Tailwind\n|upkeep\n|turn|7\n|\n|t:|1776665320\n|move|p1a: Feraligatr|Protect|p1a: Feraligatr\n|-singleturn|p1a: Feraligatr|Protect\n|move|p2b: Basculegion|Last Respects|p1a: Feraligatr\n|-activate|p1a: Feraligatr|move: Protect\n|move|p2a: Incineroar|Flare Blitz|p1b: Sinistcha\n|-supereffective|p1b: Sinistcha|1\n|-damage|p1b: Sinistcha|23/100\n|-damage|p2a: Incineroar|32/100|[from] Recoil\n|move|p1b: Sinistcha|Trick Room|p1b: Sinistcha\n|-fieldstart|move: Trick Room|[of] p1b: Sinistcha\n|\n|-end|p1a: Feraligatr|Throat Chop|[silent]\n|upkeep\n|turn|8\n|\n|t:|1776665344\n|move|p1b: Sinistcha|Protect|p1b: Sinistcha\n|-singleturn|p1b: Sinistcha|Protect\n|move|p2a: Incineroar|Flare Blitz|p1b: Sinistcha\n|-activate|p1b: Sinistcha|move: Protect\n|move|p1a: Feraligatr|Double-Edge|p2b: Basculegion\n|-damage|p2b: Basculegion|0 fnt\n|faint|p2b: Basculegion\n|-damage|p1a: Feraligatr|28/100|[from] Recoil\n|\n|upkeep\n|turn|9\n|-message|erinsflames forfeited.\n|\n|win|thegraffe\n|raw|thegraffe's rating: 1104 &rarr; <strong>1131</strong><br />(+27 for winning)\n|raw|erinsflames's rating: 1131 &rarr; <strong>1104</strong><br />(-27 for losing)\n|l|\u2606erinsflames\n|player|p2|\n",
  "uploadtime": 1776665366,
  "views": 11,
  "formatid": "gen9championsvgc2026regma",
  "rating": 1104,
  "private": 0,
  "password": null
}