{
  "id": "gen9championsvgc2026regma-2586169556",
  "format": "[Gen 9 Champions] VGC 2026 Reg M-A",
  "players": [
    "djjdnenrbfjcid",
    "Padre de fafa"
  ],
  "log": "|j|\u2606djjdnenrbfjcid\n|j|\u2606Padre de fafa\n|t:|1776407863\n|gametype|doubles\n|player|p1|djjdnenrbfjcid|roughneck-gen4|1000\n|player|p2|Padre de fafa|fisherman-gen4|1069\n|gen|9\n|tier|[Gen 9 Champions] VGC 2026 Reg M-A\n|rated|\n|rule|Species Clause: Limit one of each Pok\u00e9mon\n|rule|Item Clause: Limit 1 of each item\n|clearpoke\n|poke|p1|Beedrill, L50, F|\n|poke|p1|Hydreigon, L50, M|\n|poke|p1|Skarmory, L50, F|\n|poke|p1|Incineroar, L50, M|\n|poke|p1|Garchomp, L50, M|\n|poke|p1|Meowscarada, L50, M|\n|poke|p2|Politoed, L50, F|\n|poke|p2|Incineroar, L50, F|\n|poke|p2|Whimsicott, L50, F|\n|poke|p2|Kommo-o, L50, M|\n|poke|p2|Gengar, L50, M|\n|poke|p2|Primarina, L50, F|\n|teampreview|4\n|\n|t:|1776407950\n|teamsize|p1|4\n|teamsize|p2|4\n|start\n|switch|p1a: Drill-O-Man|Beedrill, L50, F, shiny|100/100\n|switch|p1b: Skarmory|Skarmory, L50, F|100/100\n|switch|p2a: Gengar|Gengar, L50, M, shiny|100/100\n|switch|p2b: Incineroar|Incineroar, L50, F, shiny|100/100\n|-ability|p2b: Incineroar|Intimidate|boost\n|-unboost|p1a: Drill-O-Man|atk|1\n|-unboost|p1b: Skarmory|atk|1\n|turn|1\n|\n|t:|1776407998\n|detailschange|p2a: Gengar|Gengar-Mega, L50, M, shiny\n|-mega|p2a: Gengar|Gengar|Gengarite\n|detailschange|p1a: Drill-O-Man|Beedrill-Mega, L50, F, shiny\n|-mega|p1a: Drill-O-Man|Beedrill|Beedrillite\n|move|p2b: Incineroar|Fake Out|p1a: Drill-O-Man\n|-damage|p1a: Drill-O-Man|77/100\n|cant|p1a: Drill-O-Man|flinch\n|move|p2a: Gengar|Perish Song|p2a: Gengar\n|-start|p1a: Drill-O-Man|perish3|[silent]\n|-start|p1b: Skarmory|perish3|[silent]\n|-start|p2a: Gengar|perish3|[silent]\n|-start|p2b: Incineroar|perish3|[silent]\n|-fieldactivate|move: Perish Song\n|move|p1b: Skarmory|Iron Head|p2a: Gengar\n|-damage|p2a: Gengar|81/100\n|\n|-start|p1a: Drill-O-Man|perish3\n|-start|p2a: Gengar|perish3\n|-start|p1b: Skarmory|perish3\n|-start|p2b: Incineroar|perish3\n|upkeep\n|turn|2\n|\n|t:|1776408019\n|move|p2a: Gengar|Protect|p2a: Gengar\n|-singleturn|p2a: Gengar|Protect\n|move|p1a: Drill-O-Man|U-turn|p2b: Incineroar\n|-damage|p2b: Incineroar|73/100\n|\n|t:|1776408032\n|switch|p1a: Average Incineroar|Incineroar, L50, M|100/100|[from] U-turn\n|-ability|p1a: Average Incineroar|Intimidate|boost\n|-unboost|p2a: Gengar|atk|1\n|-unboost|p2b: Incineroar|atk|1\n|move|p2b: Incineroar|Parting Shot|p1a: Average Incineroar\n|-unboost|p1a: Average Incineroar|atk|1\n|-unboost|p1a: Average Incineroar|spa|1\n|\n|t:|1776408043\n|switch|p2b: Kommo-o|Kommo-o, L50, M|100/100|[from] Parting Shot\n|move|p1b: Skarmory|Whirlwind|p2a: Gengar\n|drag|p2a: Whimsicott|Whimsicott, L50, F|100/100\n|\n|-start|p1b: Skarmory|perish2\n|upkeep\n|turn|3\n|\n|t:|1776408066\n|switch|p1b: Drill-O-Man|Beedrill-Mega, L50, F, shiny|77/100\n|move|p2b: Kommo-o|Protect|p2b: Kommo-o\n|-singleturn|p2b: Kommo-o|Protect\n|move|p1a: Average Incineroar|Fake Out|p2b: Kommo-o\n|-activate|p2b: Kommo-o|move: Protect\n|move|p2a: Whimsicott|Tailwind|p2a: Whimsicott\n|-sidestart|p2: Padre de fafa|move: Tailwind\n|\n|upkeep\n|turn|4\n|\n|t:|1776408088\n|move|p2a: Whimsicott|Encore|p1a: Average Incineroar\n|-hint|Since gen 7, Dark is immune to Prankster moves.\n|-immune|p1a: Average Incineroar\n|move|p1b: Drill-O-Man|U-turn|p2a: Whimsicott\n|-damage|p2a: Whimsicott|47/100\n|\n|t:|1776408093\n|switch|p1b: Skarmory|Skarmory, L50, F|100/100|[from] U-turn\n|move|p2b: Kommo-o|Clangorous Soul|p2b: Kommo-o\n|-boost|p2b: Kommo-o|atk|1\n|-boost|p2b: Kommo-o|def|1\n|-boost|p2b: Kommo-o|spa|1\n|-boost|p2b: Kommo-o|spd|1\n|-boost|p2b: Kommo-o|spe|1\n|-damage|p2b: Kommo-o|68/100\n|move|p1a: Average Incineroar|Parting Shot|p2b: Kommo-o\n|-immune|p2b: Kommo-o|[from] ability: Soundproof\n|\n|upkeep\n|turn|5\n|\n|t:|1776408122\n|switch|p2a: Gengar|Gengar-Mega, L50, M, shiny|81/100\n|switch|p1a: Drill-O-Man|Beedrill-Mega, L50, F, shiny|77/100\n|move|p2b: Kommo-o|Clanging Scales|p1a: Drill-O-Man|[spread] p1a,p1b\n|-resisted|p1b: Skarmory|1\n|-damage|p1a: Drill-O-Man|0 fnt\n|-damage|p1b: Skarmory|69/100\n|faint|p1a: Drill-O-Man\n|-unboost|p2b: Kommo-o|def|1\n|move|p1b: Skarmory|Whirlwind|p2b: Kommo-o\n|drag|p2b: Incineroar|Incineroar, L50, F, shiny|73/100\n|-ability|p2b: Incineroar|Intimidate|boost\n|-unboost|p1b: Skarmory|atk|1\n|\n|-heal|p1b: Skarmory|75/100|[from] item: Leftovers\n|upkeep\n|\n|t:|1776408133\n|switch|p1a: Garchomp|Garchomp, L50, M|100/100\n|turn|6\n|\n|t:|1776408143\n|move|p2b: Incineroar|Fake Out|p1a: Garchomp\n|-damage|p1a: Garchomp|89/100\n|-damage|p2b: Incineroar|60/100|[from] ability: Rough Skin|[of] p1a: Garchomp\n|move|p2a: Gengar|Perish Song|p2a: Gengar\n|-start|p1a: Garchomp|perish3|[silent]\n|-start|p1b: Skarmory|perish3|[silent]\n|-start|p2a: Gengar|perish3|[silent]\n|-start|p2b: Incineroar|perish3|[silent]\n|-fieldactivate|move: Perish Song\n|cant|p1a: Garchomp|flinch\n|move|p1b: Skarmory|Tailwind|p1b: Skarmory\n|-sidestart|p1: djjdnenrbfjcid|move: Tailwind\n|\n|-heal|p1b: Skarmory|81/100|[from] item: Leftovers\n|-start|p1a: Garchomp|perish3\n|-start|p2a: Gengar|perish3\n|-start|p1b: Skarmory|perish3\n|-start|p2b: Incineroar|perish3\n|-sideend|p2: Padre de fafa|move: Tailwind\n|upkeep\n|turn|7\n|\n|t:|1776408170\n|move|p2a: Gengar|Protect|p2a: Gengar\n|-singleturn|p2a: Gengar|Protect\n|move|p1a: Garchomp|Earthquake|p2b: Incineroar|[spread] p2b\n|-activate|p2a: Gengar|move: Protect\n|-immune|p1b: Skarmory\n|-supereffective|p2b: Incineroar|1\n|-damage|p2b: Incineroar|0 fnt\n|faint|p2b: Incineroar\n|move|p1b: Skarmory|Whirlwind|p1a: Garchomp\n|drag|p1a: Average Incineroar|Incineroar, L50, M|100/100\n|-ability|p1a: Average Incineroar|Intimidate|boost\n|-unboost|p2a: Gengar|atk|1\n|\n|-heal|p1b: Skarmory|87/100|[from] item: Leftovers\n|-start|p2a: Gengar|perish2\n|-start|p1b: Skarmory|perish2\n|upkeep\n|\n|t:|1776408208\n|switch|p2b: Kommo-o|Kommo-o, L50, M|68/100\n|turn|8\n|\n|t:|1776408219\n|move|p2b: Kommo-o|Protect|p2b: Kommo-o\n|-singleturn|p2b: Kommo-o|Protect\n|move|p1a: Average Incineroar|Fake Out|p2b: Kommo-o\n|-activate|p2b: Kommo-o|move: Protect\n|move|p2a: Gengar|Disable|p1b: Skarmory\n|-start|p1b: Skarmory|Disable|Whirlwind\n|cant|p1b: Skarmory|Disable|Whirlwind\n|\n|-heal|p1b: Skarmory|92/100|[from] item: Leftovers\n|-start|p2a: Gengar|perish1\n|-start|p1b: Skarmory|perish1\n|upkeep\n|turn|9\n|\n|t:|1776408254\n|switch|p2a: Whimsicott|Whimsicott, L50, F|47/100\n|move|p1b: Skarmory|Iron Head|p2b: Kommo-o\n|-damage|p2b: Kommo-o|55/100\n|move|p1a: Average Incineroar|Flare Blitz|p2a: Whimsicott\n|-supereffective|p2a: Whimsicott|1\n|-damage|p2a: Whimsicott|0 fnt\n|faint|p2a: Whimsicott\n|-damage|p1a: Average Incineroar|88/100|[from] Recoil\n|move|p2b: Kommo-o|Clangorous Soul|p2b: Kommo-o\n|-boost|p2b: Kommo-o|atk|1\n|-boost|p2b: Kommo-o|def|1\n|-boost|p2b: Kommo-o|spa|1\n|-boost|p2b: Kommo-o|spd|1\n|-boost|p2b: Kommo-o|spe|1\n|-damage|p2b: Kommo-o|23/100\n|\n|-heal|p1b: Skarmory|98/100|[from] item: Leftovers\n|-start|p1b: Skarmory|perish0\n|-sideend|p1: djjdnenrbfjcid|move: Tailwind\n|upkeep\n|faint|p1b: Skarmory\n|\n|t:|1776408260\n|switch|p2a: Gengar|Gengar-Mega, L50, M, shiny|81/100\n|switch|p1b: Garchomp|Garchomp, L50, M|89/100\n|turn|10\n|\n|t:|1776408282\n|move|p1a: Average Incineroar|Helping Hand|p1b: Garchomp\n|-singleturn|p1b: Garchomp|Helping Hand|[of] p1a: Average Incineroar\n|move|p1b: Garchomp|Earthquake|p2b: Kommo-o|[spread] p1a,p2a,p2b\n|-supereffective|p1a: Average Incineroar|1\n|-supereffective|p2a: Gengar|1\n|-damage|p1a: Average Incineroar|0 fnt\n|-damage|p2a: Gengar|0 fnt\n|-damage|p2b: Kommo-o|0 fnt\n|faint|p1a: Average Incineroar\n|faint|p2a: Gengar\n|faint|p2b: Kommo-o\n|\n|win|djjdnenrbfjcid\n|raw|djjdnenrbfjcid's rating: 1000 &rarr; <strong>1048</strong><br />(+48 for winning)\n|raw|Padre de fafa's rating: 1069 &rarr; <strong>1045</strong><br />(-24 for losing)\n|l|\u2606Padre de fafa\n|player|p2|\n",
  "uploadtime": 1776408427,
  "views": 18,
  "formatid": "gen9championsvgc2026regma",
  "rating": 1045,
  "private": 0,
  "password": null
}