{
  "id": "gen9championsvgc2026regma-2585881070",
  "format": "[Gen 9 Champions] VGC 2026 Reg M-A",
  "players": [
    "Rufinius",
    "iliasdelm"
  ],
  "log": "|j|\u2606Rufinius\n|j|\u2606iliasdelm\n|t:|1776377999\n|gametype|doubles\n|player|p1|Rufinius|swimmer-gen4dp|1347\n|player|p2|iliasdelm|gambler|1334\n|gen|9\n|tier|[Gen 9 Champions] VGC 2026 Reg M-A\n|rated|\n|rule|Species Clause: Limit one of each Pok\u00e9mon\n|rule|Item Clause: Limit 1 of each item\n|clearpoke\n|poke|p1|Charizard, L50, M|\n|poke|p1|Maushold, L50|\n|poke|p1|Sneasler, L50, F|\n|poke|p1|Dragapult, L50, F|\n|poke|p1|Kingambit, L50, F|\n|poke|p1|Garchomp, L50, F|\n|poke|p2|Heracross, L50, M|\n|poke|p2|Pelipper, L50, M|\n|poke|p2|Archaludon, L50, M|\n|poke|p2|Sneasler, L50, F|\n|poke|p2|Basculegion, L50, M|\n|poke|p2|Kingambit, L50, F|\n|teampreview|4\n|inactive|Battle timer is ON: inactive players will automatically lose when time's up. (requested by Rufinius)\n|inactive|Rufinius has 60 seconds left.\n|inactive|iliasdelm has 60 seconds left.\n|\n|t:|1776378053\n|teamsize|p1|4\n|teamsize|p2|4\n|start\n|switch|p1a: Sneasler|Sneasler, L50, F|100/100\n|switch|p1b: Garchomp|Garchomp, L50, F|100/100\n|switch|p2a: Archaludon|Archaludon, L50, M|100/100\n|switch|p2b: Sneasler|Sneasler, L50, F|100/100\n|turn|1\n|inactive|Rufinius has 30 seconds left.\n|inactive|Rufinius has 20 seconds left.\n|\n|t:|1776378092\n|move|p2b: Sneasler|Fake Out|p1a: Sneasler\n|-damage|p1a: Sneasler|78/100\n|cant|p1a: Sneasler|flinch\n|move|p1b: Garchomp|Stomping Tantrum|p2a: Archaludon\n|-supereffective|p2a: Archaludon|1\n|-damage|p2a: Archaludon|42/100\n|-ability|p2a: Archaludon|Stamina|boost\n|-boost|p2a: Archaludon|def|1\n|-enditem|p2a: Archaludon|Sitrus Berry|[eat]\n|-heal|p2a: Archaludon|66/100|[from] item: Sitrus Berry\n|move|p2a: Archaludon|Draco Meteor|p1b: Garchomp\n|-supereffective|p1b: Garchomp|1\n|-damage|p1b: Garchomp|0 fnt\n|-unboost|p2a: Archaludon|spa|2\n|faint|p1b: Garchomp\n|\n|upkeep\n|\n|t:|1776378113\n|switch|p1b: Charizard|Charizard, L50, M, shiny|100/100\n|turn|2\n|\n|t:|1776378125\n|switch|p1a: Maushold|Maushold, L50|100/100\n|detailschange|p1b: Charizard|Charizard-Mega-Y, L50, M, shiny\n|-mega|p1b: Charizard|Charizard|Charizardite Y\n|-weather|SunnyDay|[from] ability: Drought|[of] p1b: Charizard\n|move|p2b: Sneasler|Protect|p2b: Sneasler\n|-singleturn|p2b: Sneasler|Protect\n|move|p2a: Archaludon|Protect|p2a: Archaludon\n|-singleturn|p2a: Archaludon|Protect\n|move|p1b: Charizard|Heat Wave|p2b: Sneasler|[spread] \n|-activate|p2a: Archaludon|move: Protect\n|-activate|p2b: Sneasler|move: Protect\n|\n|-weather|SunnyDay|[upkeep]\n|upkeep\n|turn|3\n|\n|t:|1776378144\n|switch|p1a: Sneasler|Sneasler, L50, F|78/100\n|switch|p2a: Pelipper|Pelipper, L50, M|100/100\n|-weather|RainDance|[from] ability: Drizzle|[of] p2a: Pelipper\n|move|p2b: Sneasler|Close Combat|p1a: Sneasler\n|-resisted|p1a: Sneasler|1\n|-damage|p1a: Sneasler|20/100\n|-unboost|p2b: Sneasler|def|1\n|-unboost|p2b: Sneasler|spd|1\n|-enditem|p2b: Sneasler|White Herb\n|-clearnegativeboost|p2b: Sneasler|[silent]\n|move|p1b: Charizard|Heat Wave|p2a: Pelipper|[spread] p2b\n|-miss|p1b: Charizard|p2a: Pelipper\n|-damage|p2b: Sneasler|68/100\n|\n|-weather|RainDance|[upkeep]\n|upkeep\n|turn|4\n|inactive|Rufinius has 30 seconds left.\n|\n|t:|1776378171\n|switch|p1b: Maushold|Maushold, L50|100/100\n|move|p1a: Sneasler|Fake Out|p2b: Sneasler\n|-damage|p2b: Sneasler|44/100\n|cant|p2b: Sneasler|flinch\n|move|p2a: Pelipper|Tailwind|p2a: Pelipper\n|-sidestart|p2: iliasdelm|move: Tailwind\n|\n|-weather|RainDance|[upkeep]\n|upkeep\n|turn|5\n|\n|t:|1776378194\n|move|p1b: Maushold|Follow Me|p1b: Maushold\n|-singleturn|p1b: Maushold|move: Follow Me\n|move|p2b: Sneasler|Close Combat|p1b: Maushold\n|-supereffective|p1b: Maushold|1\n|-enditem|p1b: Maushold|Chople Berry|[eat]\n|-enditem|p1b: Maushold|Chople Berry|[weaken]\n|-damage|p1b: Maushold|22/100\n|-unboost|p2b: Sneasler|def|1\n|-unboost|p2b: Sneasler|spd|1\n|move|p1a: Sneasler|Close Combat|p2b: Sneasler\n|-resisted|p2b: Sneasler|1\n|-damage|p2b: Sneasler|0 fnt\n|-unboost|p1a: Sneasler|def|1\n|-unboost|p1a: Sneasler|spd|1\n|faint|p2b: Sneasler\n|move|p2a: Pelipper|U-turn|p1b: Maushold\n|-damage|p1b: Maushold|11/100\n|\n|t:|1776378205\n|switch|p2a: Heracross|Heracross, L50, M|100/100|[from] U-turn\n|\n|-weather|RainDance|[upkeep]\n|upkeep\n|\n|t:|1776378208\n|switch|p2b: Archaludon|Archaludon, L50, M|66/100\n|turn|6\n|inactive|Rufinius has 30 seconds left.\n|inactive|Rufinius has 20 seconds left.\n|\n|t:|1776378244\n|detailschange|p2a: Heracross|Heracross-Mega, L50, M\n|-mega|p2a: Heracross|Heracross|Heracronite\n|move|p2b: Archaludon|Electro Shot||[still]\n|-prepare|p2b: Archaludon|Electro Shot\n|-boost|p2b: Archaludon|spa|1\n|-anim|p2b: Archaludon|Electro Shot|p1a: Sneasler\n|-damage|p1a: Sneasler|0 fnt\n|faint|p1a: Sneasler\n|move|p2a: Heracross|Rock Blast|p1b: Maushold\n|-damage|p1b: Maushold|0 fnt\n|faint|p1b: Maushold\n|-hitcount|p1: Maushold|1\n|\n|-weather|RainDance|[upkeep]\n|upkeep\n|\n|t:|1776378254\n|switch|p1b: Charizard|Charizard-Mega-Y, L50, M, shiny|100/100\n|-weather|SunnyDay|[from] ability: Drought|[of] p1b: Charizard\n|turn|7\n|\n|t:|1776378259\n|switch|p2b: Pelipper|Pelipper, L50, M|100/100\n|-weather|RainDance|[from] ability: Drizzle|[of] p2b: Pelipper\n|move|p2a: Heracross|Rock Blast|p1b: Charizard|[miss]\n|-miss|p2a: Heracross|p1b: Charizard\n|move|p1b: Charizard|Heat Wave|p2b: Pelipper|[spread] p2a,p2b\n|-supereffective|p2a: Heracross|1\n|-resisted|p2b: Pelipper|1\n|-damage|p2a: Heracross|64/100\n|-damage|p2b: Pelipper|89/100\n|\n|-weather|RainDance|[upkeep]\n|-sideend|p2: iliasdelm|move: Tailwind\n|upkeep\n|turn|8\n|\n|t:|1776378273\n|move|p2a: Heracross|Protect|p2a: Heracross\n|-singleturn|p2a: Heracross|Protect\n|move|p1b: Charizard|Heat Wave|p2a: Heracross|[spread] p2b\n|-activate|p2a: Heracross|move: Protect\n|-resisted|p2b: Pelipper|1\n|-damage|p2b: Pelipper|78/100\n|move|p2b: Pelipper|Tailwind|p2b: Pelipper\n|-sidestart|p2: iliasdelm|move: Tailwind\n|\n|-weather|RainDance|[upkeep]\n|upkeep\n|turn|9\n|-message|Rufinius forfeited.\n|\n|win|iliasdelm\n|raw|Rufinius's rating: 1347 &rarr; <strong>1326</strong><br />(-21 for losing)\n|raw|iliasdelm's rating: 1334 &rarr; <strong>1355</strong><br />(+21 for winning)\n",
  "uploadtime": 1776378280,
  "views": 27,
  "formatid": "gen9championsvgc2026regma",
  "rating": 1326,
  "private": 0,
  "password": null
}