{
  "id": "gen9championsvgc2026regma-2583050795",
  "format": "[Gen 9 Champions] VGC 2026 Reg M-A",
  "players": [
    "Just Fish'n",
    "lolgz"
  ],
  "log": "|j|\u2606Just Fish'n\n|j|\u2606lolgz\n|t:|1776136771\n|gametype|doubles\n|player|p1|Just Fish'n|fisherman-gen4|1123\n|player|p2|lolgz|265|1221\n|gen|9\n|tier|[Gen 9 Champions] VGC 2026 Reg M-A\n|rated|\n|rule|Species Clause: Limit one of each Pok\u00e9mon\n|rule|Item Clause: Limit 1 of each item\n|clearpoke\n|poke|p1|Tyranitar, L50, F|\n|poke|p1|Excadrill, L50, M|\n|poke|p1|Kangaskhan, L50, F|\n|poke|p1|Incineroar, L50, F|\n|poke|p1|Hydreigon, L50, M|\n|poke|p1|Rotom-Mow, L50|\n|poke|p2|Delphox, L50, F|\n|poke|p2|Aerodactyl, L50, M|\n|poke|p2|Incineroar, L50, F|\n|poke|p2|Sinistcha, L50|\n|poke|p2|Garchomp, L50, F|\n|poke|p2|Floette-Eternal, L50, F|\n|teampreview|4\n|inactive|Battle timer is ON: inactive players will automatically lose when time's up. (requested by Just Fish'n)\n|\n|t:|1776136791\n|teamsize|p1|4\n|teamsize|p2|4\n|start\n|switch|p1a: Kangaskhan|Kangaskhan, L50, F|100/100\n|switch|p1b: Tyranitar|Tyranitar, L50, F|100/100\n|switch|p2a: Incineroar|Incineroar, L50, F|100/100\n|switch|p2b: Aerodactyl|Aerodactyl, L50, M|100/100\n|-ability|p2b: Aerodactyl|Unnerve\n|-weather|Sandstorm|[from] ability: Sand Stream|[of] p1b: Tyranitar\n|-ability|p2a: Incineroar|Intimidate|boost\n|-fail|p1a: Kangaskhan|unboost|Attack|[from] ability: Scrappy|[of] p1a: Kangaskhan\n|-unboost|p1b: Tyranitar|atk|1\n|turn|1\n|\n|t:|1776136799\n|detailschange|p1a: Kangaskhan|Kangaskhan-Mega, L50, F\n|-mega|p1a: Kangaskhan|Kangaskhan|Kangaskhanite\n|move|p1a: Kangaskhan|Fake Out|p2a: Incineroar\n|-damage|p2a: Incineroar|82/100\n|-damage|p2a: Incineroar|78/100\n|-hitcount|p2a: Incineroar|2\n|cant|p2a: Incineroar|flinch\n|move|p2b: Aerodactyl|Tailwind|p2b: Aerodactyl\n|-sidestart|p2: lolgz|move: Tailwind\n|move|p1b: Tyranitar|Rock Slide|p2a: Incineroar|[spread] p2a\n|-miss|p1b: Tyranitar|p2b: Aerodactyl\n|-supereffective|p2a: Incineroar|1\n|-damage|p2a: Incineroar|38/100\n|\n|-weather|Sandstorm|[upkeep]\n|-damage|p2a: Incineroar|32/100|[from] Sandstorm\n|-damage|p1a: Kangaskhan|94/100|[from] Sandstorm\n|upkeep\n|turn|2\n|\n|t:|1776136824\n|move|p2b: Aerodactyl|Wide Guard|p2b: Aerodactyl\n|-singleturn|p2b: Aerodactyl|Wide Guard\n|move|p1b: Tyranitar|Rock Slide|p2b: Aerodactyl|[spread] \n|-activate|p2a: Incineroar|move: Wide Guard\n|-activate|p2b: Aerodactyl|move: Wide Guard\n|move|p2a: Incineroar|Parting Shot|p1a: Kangaskhan\n|-unboost|p1a: Kangaskhan|atk|1\n|-unboost|p1a: Kangaskhan|spa|1\n|\n|t:|1776136833\n|switch|p2a: Floette|Floette-Eternal, L50, F|100/100|[from] Parting Shot\n|move|p1a: Kangaskhan|Double-Edge|p2b: Aerodactyl\n|-resisted|p2b: Aerodactyl|1\n|-damage|p2b: Aerodactyl|64/100\n|-resisted|p2b: Aerodactyl|1\n|-damage|p2b: Aerodactyl|56/100\n|-hitcount|p2b: Aerodactyl|2\n|-damage|p1a: Kangaskhan|84/100|[from] Recoil\n|\n|-weather|Sandstorm|[upkeep]\n|-damage|p2a: Floette|94/100|[from] Sandstorm\n|-damage|p1a: Kangaskhan|77/100|[from] Sandstorm\n|upkeep\n|turn|3\n|\n|t:|1776136848\n|switch|p2b: Incineroar|Incineroar, L50, F|32/100\n|-ability|p2b: Incineroar|Intimidate|boost\n|-unboost|p1a: Kangaskhan|atk|1\n|-unboost|p1b: Tyranitar|atk|1\n|detailschange|p2a: Floette|Floette-Mega, L50, F\n|-mega|p2a: Floette|Floette|Floettite\n|-ability|p2a: Floette|Fairy Aura\n|move|p1a: Kangaskhan|Protect|p1a: Kangaskhan\n|-singleturn|p1a: Kangaskhan|Protect\n|move|p2a: Floette|Calm Mind|p2a: Floette\n|-boost|p2a: Floette|spa|1\n|-boost|p2a: Floette|spd|1\n|move|p1b: Tyranitar|Rock Slide|p2a: Floette|[spread] p2a,p2b\n|-supereffective|p2b: Incineroar|1\n|-damage|p2a: Floette|78/100\n|-damage|p2b: Incineroar|4/100\n|\n|-weather|Sandstorm|[upkeep]\n|-damage|p2a: Floette|72/100|[from] Sandstorm\n|-damage|p2b: Incineroar|0 fnt|[from] Sandstorm\n|-damage|p1a: Kangaskhan|71/100|[from] Sandstorm\n|faint|p2b: Incineroar\n|upkeep\n|\n|t:|1776136864\n|switch|p2b: Aerodactyl|Aerodactyl, L50, M|56/100\n|-ability|p2b: Aerodactyl|Unnerve\n|turn|4\n|\n|t:|1776136878\n|switch|p1b: Hydreigon|Hydreigon, L50, M|100/100\n|switch|p1a: Excadrill|Excadrill, L50, M|100/100\n|move|p2b: Aerodactyl|Wide Guard|p2b: Aerodactyl\n|-singleturn|p2b: Aerodactyl|Wide Guard\n|move|p2a: Floette|Dazzling Gleam|p1b: Hydreigon|[spread] p1a,p1b\n|-resisted|p1a: Excadrill|1\n|-supereffective|p1b: Hydreigon|2\n|-damage|p1a: Excadrill|45/100\n|-damage|p1b: Hydreigon|0 fnt\n|faint|p1b: Hydreigon\n|\n|-weather|Sandstorm|[upkeep]\n|-damage|p2a: Floette|66/100|[from] Sandstorm\n|-sideend|p2: lolgz|move: Tailwind\n|upkeep\n|\n|t:|1776136888\n|switch|p1b: Kangaskhan|Kangaskhan-Mega, L50, F|71/100\n|turn|5\n|\n|t:|1776136893\n|move|p2a: Floette|Protect|p2a: Floette\n|-singleturn|p2a: Floette|Protect\n|move|p1b: Kangaskhan|Fake Out|p2b: Aerodactyl\n|-resisted|p2b: Aerodactyl|1\n|-damage|p2b: Aerodactyl|39/100\n|-resisted|p2b: Aerodactyl|1\n|-damage|p2b: Aerodactyl|35/100\n|-hitcount|p2b: Aerodactyl|2\n|move|p1a: Excadrill|Iron Head|p2a: Floette\n|-activate|p2a: Floette|move: Protect\n|cant|p2b: Aerodactyl|flinch\n|\n|-weather|none\n|upkeep\n|turn|6\n|\n|t:|1776136908\n|switch|p1b: Tyranitar|Tyranitar, L50, F|100/100\n|-weather|Sandstorm|[from] ability: Sand Stream|[of] p1b: Tyranitar\n|move|p1a: Excadrill|Iron Head|p2a: Floette\n|-supereffective|p2a: Floette|1\n|-damage|p2a: Floette|0 fnt\n|faint|p2a: Floette\n|move|p2b: Aerodactyl|Tailwind|p2b: Aerodactyl\n|-sidestart|p2: lolgz|move: Tailwind\n|\n|-weather|Sandstorm|[upkeep]\n|upkeep\n|\n|t:|1776136915\n|switch|p2a: Garchomp|Garchomp, L50, F|100/100\n|turn|7\n|\n|t:|1776136925\n|move|p1a: Excadrill|Protect|p1a: Excadrill\n|-singleturn|p1a: Excadrill|Protect\n|move|p2b: Aerodactyl|Wide Guard|p2b: Aerodactyl\n|-singleturn|p2b: Aerodactyl|Wide Guard\n|move|p2a: Garchomp|Earthquake|p1b: Tyranitar|[spread] p1b\n|-activate|p2b: Aerodactyl|move: Wide Guard\n|-activate|p1a: Excadrill|move: Protect\n|-supereffective|p1b: Tyranitar|1\n|-damage|p1b: Tyranitar|10/100\n|move|p1b: Tyranitar|Ice Punch|p2a: Garchomp\n|-supereffective|p2a: Garchomp|2\n|-damage|p2a: Garchomp|0 fnt\n|-damage|p1b: Tyranitar|0 fnt|[from] ability: Rough Skin|[of] p2a: Garchomp\n|faint|p2a: Garchomp\n|faint|p1b: Tyranitar\n|\n|-weather|Sandstorm|[upkeep]\n|upkeep\n|\n|t:|1776136936\n|switch|p1b: Kangaskhan|Kangaskhan-Mega, L50, F|71/100\n|turn|8\n|-message|lolgz forfeited.\n|\n|win|Just Fish'n\n|raw|Just Fish&apos;n's rating: 1123 &rarr; <strong>1155</strong><br />(+32 for winning)\n|raw|lolgz's rating: 1221 &rarr; <strong>1189</strong><br />(-32 for losing)\n",
  "uploadtime": 1776136942,
  "views": 13,
  "formatid": "gen9championsvgc2026regma",
  "rating": 1155,
  "private": 0,
  "password": null
}