{
  "id": "gen9championsvgc2026regma-2581335508",
  "format": "[Gen 9 Champions] VGC 2026 Reg M-A",
  "players": [
    "siunhanech",
    "coldend"
  ],
  "log": "|j|\u2606siunhanech\n|j|\u2606coldend\n|t:|1775988270\n|gametype|doubles\n|player|p1|siunhanech|cynthia-gen4|1328\n|player|p2|coldend|170|1322\n|gen|9\n|tier|[Gen 9 Champions] VGC 2026 Reg M-A\n|rated|\n|rule|Species Clause: Limit one of each Pok\u00e9mon\n|rule|Item Clause: Limit 1 of each item\n|clearpoke\n|poke|p1|Incineroar, L50, F|\n|poke|p1|Garchomp, L50, F|\n|poke|p1|Rotom-Wash, L50|\n|poke|p1|Orthworm, L50, F|\n|poke|p1|Basculegion, L50, M|\n|poke|p1|Froslass, L50, F|\n|poke|p2|Incineroar, L50, F|\n|poke|p2|Charizard, L50, F|\n|poke|p2|Whimsicott, L50, F|\n|poke|p2|Sneasler, L50, F|\n|poke|p2|Garchomp, L50, M|\n|poke|p2|Maushold, L50|\n|teampreview|4\n|inactive|Battle timer is ON: inactive players will automatically lose when time's up. (requested by coldend)\n|l|\u2606coldend\n|inactive|coldend disconnected and has a minute to reconnect!\n|player|p2|\n|j|\u2606coldend\n|inactive|coldend reconnected and has 60 seconds left.\n|player|p2|coldend|170|\n|inactive|coldend has 30 seconds left.\n|\n|t:|1775988333\n|teamsize|p1|4\n|teamsize|p2|4\n|start\n|switch|p1a: M\u00e1y gi\u1eb7t b\u00e9o|Rotom-Wash, L50, shiny|100/100\n|switch|p1b: C\u00e1 m\u1eadp b\u00e9o|Garchomp, L50, F|100/100\n|switch|p2a: Charizard|Charizard, L50, F|100/100\n|switch|p2b: Whimsicott|Whimsicott, L50, F|100/100\n|turn|1\n|\n|t:|1775988347\n|move|p1b: C\u00e1 m\u1eadp b\u00e9o|Protect|p1b: C\u00e1 m\u1eadp b\u00e9o\n|-singleturn|p1b: C\u00e1 m\u1eadp b\u00e9o|Protect\n|move|p2a: Charizard|Protect|p2a: Charizard\n|-singleturn|p2a: Charizard|Protect\n|move|p2b: Whimsicott|Moonblast|p1b: C\u00e1 m\u1eadp b\u00e9o\n|-activate|p1b: C\u00e1 m\u1eadp b\u00e9o|move: Protect\n|move|p1a: M\u00e1y gi\u1eb7t b\u00e9o|Eerie Impulse|p2b: Whimsicott\n|-unboost|p2b: Whimsicott|spa|2\n|\n|upkeep\n|turn|2\n|j| KOPLUS\n|\n|t:|1775988369\n|switch|p2a: Garchomp|Garchomp, L50, M|100/100\n|move|p2b: Whimsicott|Tailwind|p2b: Whimsicott\n|-sidestart|p2: coldend|move: Tailwind\n|move|p1b: C\u00e1 m\u1eadp b\u00e9o|Rock Slide|p2a: Garchomp|[spread] p2a,p2b\n|-resisted|p2a: Garchomp|1\n|-crit|p2a: Garchomp\n|-damage|p2a: Garchomp|85/100\n|-damage|p2b: Whimsicott|69/100\n|move|p1a: M\u00e1y gi\u1eb7t b\u00e9o|Electroweb|p2a: Garchomp|[spread] p2b\n|-immune|p2a: Garchomp\n|-resisted|p2b: Whimsicott|1\n|-damage|p2b: Whimsicott|56/100\n|-unboost|p2b: Whimsicott|spe|1\n|\n|upkeep\n|turn|3\n|\n|t:|1775988386\n|move|p1b: C\u00e1 m\u1eadp b\u00e9o|Protect|p1b: C\u00e1 m\u1eadp b\u00e9o\n|-singleturn|p1b: C\u00e1 m\u1eadp b\u00e9o|Protect\n|move|p2b: Whimsicott|Encore|p1a: M\u00e1y gi\u1eb7t b\u00e9o\n|-start|p1a: M\u00e1y gi\u1eb7t b\u00e9o|Encore\n|move|p2a: Garchomp|Dragon Claw|p1a: M\u00e1y gi\u1eb7t b\u00e9o\n|-damage|p1a: M\u00e1y gi\u1eb7t b\u00e9o|55/100\n|move|p1a: M\u00e1y gi\u1eb7t b\u00e9o|Electroweb|p2a: Garchomp|[spread] p2b\n|-immune|p2a: Garchomp\n|-resisted|p2b: Whimsicott|1\n|-damage|p2b: Whimsicott|43/100\n|-unboost|p2b: Whimsicott|spe|1\n|\n|-heal|p1a: M\u00e1y gi\u1eb7t b\u00e9o|60/100|[from] item: Leftovers\n|upkeep\n|turn|4\n|j| gE1xjZRtuhW2DdT0AK\n|\n|t:|1775988408\n|switch|p1a: S\u00e2u b\u00e9o|Orthworm, L50, F|100/100\n|move|p2a: Garchomp|Dragon Claw|p1b: C\u00e1 m\u1eadp b\u00e9o\n|-supereffective|p1b: C\u00e1 m\u1eadp b\u00e9o|1\n|-damage|p1b: C\u00e1 m\u1eadp b\u00e9o|19/100\n|-damage|p2a: Garchomp|72/100|[from] ability: Rough Skin|[of] p1b: C\u00e1 m\u1eadp b\u00e9o\n|move|p2b: Whimsicott|Moonblast|p1b: C\u00e1 m\u1eadp b\u00e9o\n|-supereffective|p1b: C\u00e1 m\u1eadp b\u00e9o|1\n|-damage|p1b: C\u00e1 m\u1eadp b\u00e9o|0 fnt\n|faint|p1b: C\u00e1 m\u1eadp b\u00e9o\n|\n|upkeep\n|\n|t:|1775988422\n|switch|p1b: M\u00e1y gi\u1eb7t b\u00e9o|Rotom-Wash, L50, shiny|60/100\n|turn|5\n|\n|t:|1775988427\n|switch|p2b: Charizard|Charizard, L50, F|100/100\n|move|p2a: Garchomp|Dragon Claw|p1b: M\u00e1y gi\u1eb7t b\u00e9o\n|-damage|p1b: M\u00e1y gi\u1eb7t b\u00e9o|18/100\n|move|p1b: M\u00e1y gi\u1eb7t b\u00e9o|Will-O-Wisp|p2a: Garchomp\n|-status|p2a: Garchomp|brn\n|move|p1a: S\u00e2u b\u00e9o|Iron Defense|p1a: S\u00e2u b\u00e9o\n|-boost|p1a: S\u00e2u b\u00e9o|def|2\n|\n|-heal|p1b: M\u00e1y gi\u1eb7t b\u00e9o|23/100|[from] item: Leftovers\n|-damage|p2a: Garchomp|66/100 brn|[from] brn\n|-sideend|p2: coldend|move: Tailwind\n|upkeep\n|turn|6\n|inactive|coldend has 30 seconds left.\n|\n|t:|1775988458\n|switch|p1a: C\u00e1 ch\u00e9p r\u00e1n|Basculegion, L50, M, shiny|100/100\n|move|p2b: Charizard|Protect|p2b: Charizard\n|-singleturn|p2b: Charizard|Protect\n|move|p2a: Garchomp|Dragon Claw|p1b: M\u00e1y gi\u1eb7t b\u00e9o\n|-damage|p1b: M\u00e1y gi\u1eb7t b\u00e9o|1/100\n|move|p1b: M\u00e1y gi\u1eb7t b\u00e9o|Volt Switch|p2b: Charizard\n|-activate|p2b: Charizard|move: Protect\n|\n|-heal|p1b: M\u00e1y gi\u1eb7t b\u00e9o|7/100|[from] item: Leftovers\n|-damage|p2a: Garchomp|60/100 brn|[from] brn\n|upkeep\n|turn|7\n|\n|t:|1775988479\n|switch|p1b: S\u00e2u b\u00e9o|Orthworm, L50, F|100/100\n|detailschange|p2b: Charizard|Charizard-Mega-Y, L50, F\n|-mega|p2b: Charizard|Charizard|Charizardite Y\n|-weather|SunnyDay|[from] ability: Drought|[of] p2b: Charizard\n|move|p1a: C\u00e1 ch\u00e9p r\u00e1n|Last Respects|p2b: Charizard\n|-damage|p2b: Charizard|29/100\n|move|p2a: Garchomp|Rock Slide|p1b: S\u00e2u b\u00e9o|[spread] p1a,p1b\n|-resisted|p1b: S\u00e2u b\u00e9o|1\n|-damage|p1a: C\u00e1 ch\u00e9p r\u00e1n|88/100\n|-damage|p1b: S\u00e2u b\u00e9o|98/100\n|move|p2b: Charizard|Heat Wave|p1b: S\u00e2u b\u00e9o|[spread] p1a,p1b\n|-resisted|p1a: C\u00e1 ch\u00e9p r\u00e1n|1\n|-supereffective|p1b: S\u00e2u b\u00e9o|1\n|-damage|p1a: C\u00e1 ch\u00e9p r\u00e1n|48/100\n|-damage|p1b: S\u00e2u b\u00e9o|0 fnt\n|faint|p1b: S\u00e2u b\u00e9o\n|\n|-weather|SunnyDay|[upkeep]\n|-damage|p2a: Garchomp|55/100 brn|[from] brn\n|upkeep\n|\n|t:|1775988492\n|switch|p1b: M\u00e1y gi\u1eb7t b\u00e9o|Rotom-Wash, L50, shiny|7/100\n|turn|8\n|\n|t:|1775988500\n|move|p2b: Charizard|Protect|p2b: Charizard\n|-singleturn|p2b: Charizard|Protect\n|move|p1a: C\u00e1 ch\u00e9p r\u00e1n|Last Respects|p2b: Charizard\n|-activate|p2b: Charizard|move: Protect\n|move|p2a: Garchomp|Dragon Claw|p1b: M\u00e1y gi\u1eb7t b\u00e9o\n|-damage|p1b: M\u00e1y gi\u1eb7t b\u00e9o|0 fnt\n|faint|p1b: M\u00e1y gi\u1eb7t b\u00e9o\n|\n|-weather|SunnyDay|[upkeep]\n|-damage|p2a: Garchomp|49/100 brn|[from] brn\n|upkeep\n|turn|9\n|\n|t:|1775988507\n|move|p1a: C\u00e1 ch\u00e9p r\u00e1n|Last Respects|p2b: Charizard\n|-damage|p2b: Charizard|0 fnt\n|faint|p2b: Charizard\n|move|p2a: Garchomp|Dragon Claw|p1a: C\u00e1 ch\u00e9p r\u00e1n\n|-damage|p1a: C\u00e1 ch\u00e9p r\u00e1n|22/100\n|\n|-weather|SunnyDay|[upkeep]\n|-damage|p2a: Garchomp|43/100 brn|[from] brn\n|upkeep\n|\n|t:|1775988510\n|switch|p2b: Whimsicott|Whimsicott, L50, F|43/100\n|turn|10\n|\n|t:|1775988518\n|move|p2b: Whimsicott|Tailwind|p2b: Whimsicott\n|-sidestart|p2: coldend|move: Tailwind\n|move|p2a: Garchomp|Dragon Claw|p1a: C\u00e1 ch\u00e9p r\u00e1n\n|-damage|p1a: C\u00e1 ch\u00e9p r\u00e1n|0 fnt\n|faint|p1a: C\u00e1 ch\u00e9p r\u00e1n\n|\n|win|coldend\n|raw|siunhanech's rating: 1328 &rarr; <strong>1308</strong><br />(-20 for losing)\n|raw|coldend's rating: 1322 &rarr; <strong>1342</strong><br />(+20 for winning)\n",
  "uploadtime": 1775988523,
  "views": 37,
  "formatid": "gen9championsvgc2026regma",
  "rating": 1308,
  "private": 0,
  "password": null
}