{
  "id": "gen9championsvgc2026regma-2587891795",
  "format": "[Gen 9 Champions] VGC 2026 Reg M-A",
  "players": [
    "RyushinYuki",
    "noRNGplz"
  ],
  "log": "|j|\u2606RyushinYuki\n|j|\u2606noRNGplz\n|t:|1776575377\n|gametype|doubles\n|player|p1|RyushinYuki|cynthia-masters|1345\n|player|p2|noRNGplz|101|1362\n|gen|9\n|tier|[Gen 9 Champions] VGC 2026 Reg M-A\n|rated|\n|rule|Species Clause: Limit one of each Pok\u00e9mon\n|rule|Item Clause: Limit 1 of each item\n|clearpoke\n|poke|p1|Lopunny, L50, M|\n|poke|p1|Torkoal, L50, F|\n|poke|p1|Mimikyu, L50, F|\n|poke|p1|Golurk, L50|\n|poke|p1|Milotic, L50, M|\n|poke|p1|Venusaur, L50, F|\n|poke|p2|Pidgeot, L50, M|\n|poke|p2|Goodra-Hisui, L50, F|\n|poke|p2|Sneasler, L50, F|\n|poke|p2|Basculegion, L50, M|\n|poke|p2|Sinistcha-Masterpiece, L50|\n|poke|p2|Rotom-Heat, L50|\n|teampreview|4\n|\n|t:|1776575434\n|teamsize|p1|4\n|teamsize|p2|4\n|start\n|switch|p1a: Mimikyu|Mimikyu, L50, F|100/100\n|switch|p1b: Golurk|Golurk, L50|100/100\n|switch|p2a: Sinistcha|Sinistcha-Masterpiece, L50|100/100\n|switch|p2b: Goodra|Goodra-Hisui, L50, F|100/100\n|turn|1\n|\n|t:|1776575447\n|detailschange|p1b: Golurk|Golurk-Mega, L50\n|-mega|p1b: Golurk|Golurk|Golurkite\n|move|p1a: Mimikyu|Taunt|p2a: Sinistcha\n|-start|p2a: Sinistcha|move: Taunt\n|move|p2a: Sinistcha|Matcha Gotcha|p1a: Mimikyu|[spread] p1a,p1b\n|-supereffective|p1b: Golurk|1\n|-activate|p1a: Mimikyu|ability: Disguise\n|-damage|p1a: Mimikyu|100/100\n|-damage|p1b: Golurk|54/100\n|detailschange|p1a: Mimikyu|Mimikyu-Busted, L50, F\n|-damage|p1a: Mimikyu|88/100|[from] pokemon: Mimikyu-Busted\n|move|p2b: Goodra|Shelter|p2b: Goodra\n|-boost|p2b: Goodra|def|2\n|move|p1b: Golurk|Headlong Rush|p2b: Goodra\n|-supereffective|p2b: Goodra|1\n|-damage|p2b: Goodra|45/100\n|-unboost|p1b: Golurk|def|1\n|-unboost|p1b: Golurk|spd|1\n|\n|-heal|p2b: Goodra|51/100|[from] item: Leftovers\n|upkeep\n|turn|2\n|\n|t:|1776575468\n|move|p2b: Goodra|Protect|p2b: Goodra\n|-singleturn|p2b: Goodra|Protect\n|move|p1b: Golurk|Protect|p1b: Golurk\n|-singleturn|p1b: Golurk|Protect\n|move|p2a: Sinistcha|Matcha Gotcha|p1b: Golurk|[spread] p1a\n|-activate|p1b: Golurk|move: Protect\n|-damage|p1a: Mimikyu|62/100\n|move|p1a: Mimikyu|Trick Room|p1a: Mimikyu\n|-fieldstart|move: Trick Room|[of] p1a: Mimikyu\n|\n|-heal|p2b: Goodra|57/100|[from] item: Leftovers\n|upkeep\n|turn|3\n|\n|t:|1776575488\n|switch|p2a: Pidgeot|Pidgeot, L50, M|100/100\n|switch|p1a: Torkoal|Torkoal, L50, F|100/100\n|-weather|SunnyDay|[from] ability: Drought|[of] p1a: Torkoal\n|move|p1b: Golurk|Poltergeist|p2a: Pidgeot\n|-immune|p2a: Pidgeot\n|move|p2b: Goodra|Shelter|p2b: Goodra\n|-boost|p2b: Goodra|def|2\n|\n|-weather|SunnyDay|[upkeep]\n|-heal|p2b: Goodra|63/100|[from] item: Leftovers\n|upkeep\n|turn|4\n|\n|t:|1776575512\n|detailschange|p2a: Pidgeot|Pidgeot-Mega, L50, M\n|-mega|p2a: Pidgeot|Pidgeot|Pidgeotite\n|move|p2b: Goodra|Protect|p2b: Goodra\n|-singleturn|p2b: Goodra|Protect\n|move|p1a: Torkoal|Eruption|p2a: Pidgeot|[spread] p2a\n|-activate|p2b: Goodra|move: Protect\n|-damage|p2a: Pidgeot|0 fnt\n|faint|p2a: Pidgeot\n|move|p1b: Golurk|Headlong Rush|p2b: Goodra\n|-supereffective|p2b: Goodra|1\n|-ability|p1b: Golurk|Unseen Fist\n|-zbroken|p2b: Goodra\n|-damage|p2b: Goodra|54/100\n|-unboost|p1b: Golurk|def|1\n|-unboost|p1b: Golurk|spd|1\n|\n|-weather|SunnyDay|[upkeep]\n|-heal|p2b: Goodra|60/100|[from] item: Leftovers\n|upkeep\n|\n|t:|1776575522\n|switch|p2a: Sinistcha|Sinistcha-Masterpiece, L50|100/100\n|-heal|p2b: Goodra|84/100|[from] ability: Hospitality|[of] p2a: Sinistcha\n|turn|5\n|\n|t:|1776575534\n|move|p2a: Sinistcha|Protect|p2a: Sinistcha\n|-singleturn|p2a: Sinistcha|Protect\n|move|p1a: Torkoal|Eruption|p2b: Goodra|[spread] p2b\n|-activate|p2a: Sinistcha|move: Protect\n|-damage|p2b: Goodra|28/100\n|move|p1b: Golurk|Poltergeist|p2a: Sinistcha\n|-activate|p2a: Sinistcha|move: Protect\n|move|p2b: Goodra|Body Press|p1a: Torkoal\n|-damage|p1a: Torkoal|41/100\n|\n|-weather|SunnyDay|[upkeep]\n|-heal|p2b: Goodra|34/100|[from] item: Leftovers\n|upkeep\n|turn|6\n|\n|t:|1776575548\n|switch|p2a: Basculegion|Basculegion, L50, M|100/100\n|move|p2b: Goodra|Protect|p2b: Goodra\n|-singleturn|p2b: Goodra|Protect\n|move|p1a: Torkoal|Heat Wave|p2b: Goodra|[spread] p2a\n|-activate|p2b: Goodra|move: Protect\n|-resisted|p2a: Basculegion|1\n|-damage|p2a: Basculegion|68/100\n|move|p1b: Golurk|Poltergeist|p2a: Basculegion\n|-activate|p2a: Basculegion|move: Poltergeist|Choice Scarf\n|-supereffective|p2a: Basculegion|1\n|-damage|p2a: Basculegion|0 fnt\n|faint|p2a: Basculegion\n|\n|-weather|SunnyDay|[upkeep]\n|-heal|p2b: Goodra|40/100|[from] item: Leftovers\n|-fieldend|move: Trick Room\n|upkeep\n|\n|t:|1776575555\n|switch|p2a: Sinistcha|Sinistcha-Masterpiece, L50|100/100\n|-heal|p2b: Goodra|64/100|[from] ability: Hospitality|[of] p2a: Sinistcha\n|turn|7\n|\n|t:|1776575568\n|switch|p1b: Mimikyu|Mimikyu-Busted, L50, F|62/100\n|move|p1a: Torkoal|Protect|p1a: Torkoal\n|-singleturn|p1a: Torkoal|Protect\n|move|p2a: Sinistcha|Matcha Gotcha|p1b: Mimikyu|[spread] \n|-activate|p1a: Torkoal|move: Protect\n|-miss|p2a: Sinistcha|p1b: Mimikyu\n|move|p2b: Goodra|Body Press|p1a: Torkoal\n|-activate|p1a: Torkoal|move: Protect\n|\n|-weather|none\n|-heal|p2b: Goodra|70/100|[from] item: Leftovers\n|upkeep\n|turn|8\n|\n|t:|1776575597\n|switch|p1a: Milotic|Milotic, L50, M|100/100\n|move|p2a: Sinistcha|Shadow Ball|p1a: Milotic\n|-damage|p1a: Milotic|71/100\n|move|p2b: Goodra|Heavy Slam|p1b: Mimikyu\n|-supereffective|p1b: Mimikyu|1\n|-damage|p1b: Mimikyu|0 fnt\n|faint|p1b: Mimikyu\n|\n|-heal|p1a: Milotic|77/100|[from] item: Leftovers\n|-heal|p2b: Goodra|76/100|[from] item: Leftovers\n|upkeep\n|\n|t:|1776575607\n|switch|p1b: Torkoal|Torkoal, L50, F|41/100\n|-weather|SunnyDay|[from] ability: Drought|[of] p1b: Torkoal\n|turn|9\n|\n|t:|1776575616\n|move|p1b: Torkoal|Protect|p1b: Torkoal\n|-singleturn|p1b: Torkoal|Protect\n|move|p2a: Sinistcha|Matcha Gotcha|p1b: Torkoal|[spread] p1a\n|-activate|p1b: Torkoal|move: Protect\n|-supereffective|p1a: Milotic|1\n|-damage|p1a: Milotic|38/100\n|-status|p1a: Milotic|brn\n|move|p1a: Milotic|Hypnosis|p2b: Goodra|[miss]\n|-miss|p1a: Milotic|p2b: Goodra\n|move|p2b: Goodra|Body Press|p1b: Torkoal\n|-activate|p1b: Torkoal|move: Protect\n|\n|-weather|SunnyDay|[upkeep]\n|-heal|p1a: Milotic|44/100 brn|[from] item: Leftovers\n|-heal|p2b: Goodra|82/100|[from] item: Leftovers\n|-damage|p1a: Milotic|38/100 brn|[from] brn\n|upkeep\n|turn|10\n|\n|t:|1776575650\n|move|p2b: Goodra|Protect|p2b: Goodra\n|-singleturn|p2b: Goodra|Protect\n|move|p2a: Sinistcha|Shadow Ball|p1b: Torkoal\n|-damage|p1b: Torkoal|0 fnt\n|faint|p1b: Torkoal\n|move|p1a: Milotic|Ice Beam|p2a: Sinistcha\n|-supereffective|p2a: Sinistcha|1\n|-damage|p2a: Sinistcha|48/100\n|\n|-weather|SunnyDay|[upkeep]\n|-heal|p1a: Milotic|44/100 brn|[from] item: Leftovers\n|-heal|p2b: Goodra|88/100|[from] item: Leftovers\n|-damage|p1a: Milotic|38/100 brn|[from] brn\n|upkeep\n|\n|t:|1776575659\n|switch|p1b: Golurk|Golurk-Mega, L50|54/100\n|turn|11\n|-message|RyushinYuki forfeited.\n|\n|win|noRNGplz\n|raw|RyushinYuki's rating: 1345 &rarr; <strong>1326</strong><br />(-19 for losing)\n|raw|noRNGplz's rating: 1362 &rarr; <strong>1381</strong><br />(+19 for winning)\n|l|\u2606RyushinYuki\n|player|p1|\n",
  "uploadtime": 1776575676,
  "views": 25,
  "formatid": "gen9championsvgc2026regma",
  "rating": 1326,
  "private": 0,
  "password": null
}