{
  "id": "gen9championsvgc2026regma-2583895614",
  "format": "[Gen 9 Champions] VGC 2026 Reg M-A",
  "players": [
    "marcusav_",
    "DavidTIS"
  ],
  "log": "|j|\u2606marcusav_\n|j|\u2606DavidTIS\n|t:|1776206276\n|gametype|doubles\n|player|p1|marcusav_|n|1124\n|player|p2|DavidTIS|2|1096\n|gen|9\n|tier|[Gen 9 Champions] VGC 2026 Reg M-A\n|rated|\n|rule|Species Clause: Limit one of each Pok\u00e9mon\n|rule|Item Clause: Limit 1 of each item\n|clearpoke\n|poke|p1|Talonflame, L50, F|\n|poke|p1|Garchomp, L50, M|\n|poke|p1|Froslass, L50, F|\n|poke|p1|Sneasler, L50, F|\n|poke|p1|Sinistcha, L50|\n|poke|p1|Incineroar, L50, M|\n|poke|p2|Starmie, L50|\n|poke|p2|Lucario, L50, F|\n|poke|p2|Lycanroc-Dusk, L50, M|\n|poke|p2|Hydreigon, L50, F|\n|poke|p2|Slowbro-Galar, L50, F|\n|poke|p2|Skarmory, L50, M|\n|teampreview|4\n|inactive|Battle timer is ON: inactive players will automatically lose when time's up. (requested by marcusav_)\n|inactive|marcusav_ has 60 seconds left.\n|inactive|DavidTIS has 60 seconds left.\n|\n|t:|1776206331\n|teamsize|p1|4\n|teamsize|p2|4\n|start\n|switch|p1a: Talonflame|Talonflame, L50, F|100/100\n|switch|p1b: Froslass|Froslass, L50, F|100/100\n|switch|p2a: Starmie|Starmie, L50|100/100\n|switch|p2b: Lucario|Lucario, L50, F|100/100\n|turn|1\n|\n|t:|1776206349\n|detailschange|p2a: Starmie|Starmie-Mega, L50\n|-mega|p2a: Starmie|Starmie|Starminite\n|detailschange|p1b: Froslass|Froslass-Mega, L50, F\n|-mega|p1b: Froslass|Froslass|Froslassite\n|-weather|Snowscape|[from] ability: Snow Warning|[of] p1b: Froslass\n|move|p1a: Talonflame|Tailwind|p1a: Talonflame\n|-sidestart|p1: marcusav_|move: Tailwind\n|move|p1b: Froslass|Shadow Ball|p2a: Starmie\n|-supereffective|p2a: Starmie|1\n|-damage|p2a: Starmie|0 fnt\n|faint|p2a: Starmie\n|move|p2b: Lucario|Flash Cannon|p1b: Froslass\n|-supereffective|p1b: Froslass|1\n|-damage|p1b: Froslass|0 fnt\n|faint|p1b: Froslass\n|\n|-weather|Snowscape|[upkeep]\n|upkeep\n|\n|t:|1776206367\n|switch|p2a: Lycanroc|Lycanroc-Dusk, L50, M|100/100\n|switch|p1b: Sinistcha|Sinistcha, L50|100/100\n|turn|2\n|\n|t:|1776206381\n|switch|p2b: Hydreigon|Hydreigon, L50, F|100/100\n|move|p1b: Sinistcha|Rage Powder|p1b: Sinistcha\n|-singleturn|p1b: Sinistcha|move: Rage Powder\n|move|p2a: Lycanroc|Accelerock|p1b: Sinistcha\n|-damage|p1b: Sinistcha|75/100\n|move|p1a: Talonflame|Flare Blitz|p2b: Hydreigon\n|-resisted|p2b: Hydreigon|1\n|-damage|p2b: Hydreigon|73/100\n|-damage|p1a: Talonflame|91/100|[from] Recoil\n|\n|-weather|Snowscape|[upkeep]\n|-heal|p1b: Sinistcha|81/100|[from] item: Leftovers\n|upkeep\n|turn|3\n|\n|t:|1776206401\n|switch|p1a: Incineroar|Incineroar, L50, M|100/100\n|-ability|p1a: Incineroar|Intimidate|boost\n|-unboost|p2a: Lycanroc|atk|1\n|-unboost|p2b: Hydreigon|atk|1\n|-enditem|p2b: Hydreigon|White Herb\n|-clearnegativeboost|p2b: Hydreigon|[silent]\n|move|p2a: Lycanroc|Accelerock|p1a: Incineroar\n|-supereffective|p1a: Incineroar|1\n|-damage|p1a: Incineroar|67/100\n|move|p1b: Sinistcha|Matcha Gotcha|p2b: Hydreigon|[spread] p2a,p2b\n|-supereffective|p2a: Lycanroc|1\n|-resisted|p2b: Hydreigon|1\n|-damage|p2a: Lycanroc|22/100\n|-heal|p1b: Sinistcha|100/100|[from] drain|[of] p2a: Lycanroc\n|-damage|p2b: Hydreigon|59/100\n|move|p2b: Hydreigon|Dark Pulse|p1b: Sinistcha\n|-supereffective|p1b: Sinistcha|1\n|-damage|p1b: Sinistcha|25/100\n|\n|-weather|Snowscape|[upkeep]\n|-heal|p1b: Sinistcha|31/100|[from] item: Leftovers\n|upkeep\n|turn|4\n|inactive|DavidTIS has 30 seconds left.\n|\n|t:|1776206426\n|switch|p2a: Lucario|Lucario, L50, F|100/100\n|move|p1a: Incineroar|Fake Out|p2b: Hydreigon\n|-damage|p2b: Hydreigon|47/100\n|move|p1b: Sinistcha|Matcha Gotcha|p2a: Lucario|[spread] p2a,p2b\n|-resisted|p2a: Lucario|1\n|-resisted|p2b: Hydreigon|1\n|-damage|p2a: Lucario|79/100\n|-heal|p1b: Sinistcha|40/100|[from] drain|[of] p2a: Lucario\n|-damage|p2b: Hydreigon|34/100\n|-heal|p1b: Sinistcha|47/100|[from] drain|[of] p2b: Hydreigon\n|-status|p2b: Hydreigon|brn\n|cant|p2b: Hydreigon|flinch\n|\n|-weather|Snowscape|[upkeep]\n|-heal|p1b: Sinistcha|53/100|[from] item: Leftovers\n|-damage|p2b: Hydreigon|28/100 brn|[from] brn\n|-sideend|p1: marcusav_|move: Tailwind\n|upkeep\n|turn|5\n|inactive|marcusav_ has 30 seconds left.\n|inactive|DavidTIS has 30 seconds left.\n|\n|t:|1776206461\n|switch|p1b: Talonflame|Talonflame, L50, F|91/100\n|move|p1a: Incineroar|Protect|p1a: Incineroar\n|-singleturn|p1a: Incineroar|Protect\n|move|p2b: Hydreigon|Tailwind|p2b: Hydreigon\n|-sidestart|p2: DavidTIS|move: Tailwind\n|move|p2a: Lucario|Aura Sphere|p1a: Incineroar\n|-activate|p1a: Incineroar|move: Protect\n|\n|-weather|none\n|-damage|p2b: Hydreigon|22/100 brn|[from] brn\n|upkeep\n|turn|6\n|\n|t:|1776206480\n|move|p2b: Hydreigon|Draco Meteor|p1b: Talonflame\n|-damage|p1b: Talonflame|0 fnt\n|-unboost|p2b: Hydreigon|spa|2\n|faint|p1b: Talonflame\n|move|p2a: Lucario|Aura Sphere|p1a: Incineroar\n|-supereffective|p1a: Incineroar|1\n|-damage|p1a: Incineroar|0 fnt\n|faint|p1a: Incineroar\n|\n|-damage|p2b: Hydreigon|16/100 brn|[from] brn\n|upkeep\n|-message|marcusav_ forfeited.\n|\n|win|DavidTIS\n|raw|marcusav_'s rating: 1124 &rarr; <strong>1097</strong><br />(-27 for losing)\n|raw|DavidTIS's rating: 1096 &rarr; <strong>1124</strong><br />(+28 for winning)\n|l|\u2606marcusav_\n|player|p1|\n",
  "uploadtime": 1776206494,
  "views": 46,
  "formatid": "gen9championsvgc2026regma",
  "rating": 1097,
  "private": 0,
  "password": null
}