{
  "id": "gen9championsvgc2026regma-2581539594",
  "format": "[Gen 9 Champions] VGC 2026 Reg M-A",
  "players": [
    "yagostik",
    "ThePeasent"
  ],
  "log": "|j|\u2606yagostik\n|j|\u2606ThePeasent\n|t:|1776009340\n|gametype|doubles\n|player|p1|yagostik|169|1051\n|player|p2|ThePeasent|170|1058\n|gen|9\n|tier|[Gen 9 Champions] VGC 2026 Reg M-A\n|rated|\n|rule|Species Clause: Limit one of each Pok\u00e9mon\n|rule|Item Clause: Limit 1 of each item\n|clearpoke\n|poke|p1|Clefable, L50, M|\n|poke|p1|Krookodile, L50, F|\n|poke|p1|Infernape, L50, M|\n|poke|p1|Whimsicott, L50, M|\n|poke|p1|Archaludon, L50, M|\n|poke|p1|Politoed, L50, F|\n|poke|p2|Glimmora, L50, M|\n|poke|p2|Tyranitar, L50, F|\n|poke|p2|Excadrill, L50, F|\n|poke|p2|Milotic, L50, F|\n|poke|p2|Sneasler, L50, F|\n|poke|p2|Rotom-Wash, L50|\n|teampreview|4\n|inactive|Battle timer is ON: inactive players will automatically lose when time's up. (requested by ThePeasent)\n|\n|t:|1776009350\n|teamsize|p1|4\n|teamsize|p2|4\n|start\n|switch|p1a: Krookodile|Krookodile, L50, F|100/100\n|switch|p1b: Clefable|Clefable, L50, M|100/100\n|switch|p2a: Glimmora|Glimmora, L50, M|100/100\n|switch|p2b: Milotic|Milotic, L50, F|100/100\n|turn|1\n|\n|t:|1776009367\n|move|p2a: Glimmora|Spiky Shield|p2a: Glimmora\n|-singleturn|p2a: Glimmora|move: Protect\n|move|p1b: Clefable|Protect|p1b: Clefable\n|-singleturn|p1b: Clefable|Protect\n|move|p1a: Krookodile|Bulk Up|p1a: Krookodile\n|-boost|p1a: Krookodile|atk|1\n|-boost|p1a: Krookodile|def|1\n|move|p2b: Milotic|Icy Wind|p1b: Clefable|[spread] \n|-activate|p1b: Clefable|move: Protect\n|-miss|p2b: Milotic|p1a: Krookodile\n|\n|upkeep\n|turn|2\n|inactive|yagostik has 30 seconds left.\n|\n|t:|1776009392\n|switch|p2a: Rotom|Rotom-Wash, L50|100/100\n|detailschange|p1b: Clefable|Clefable-Mega, L50, M\n|-mega|p1b: Clefable|Clefable|Clefablite\n|move|p1a: Krookodile|Earthquake|p2b: Milotic|[spread] p2b\n|-immune|p1b: Clefable\n|-immune|p2a: Rotom|[from] ability: Levitate\n|-damage|p2b: Milotic|60/100\n|move|p2b: Milotic|Icy Wind|p1a: Krookodile|[spread] p1a,p1b\n|-supereffective|p1a: Krookodile|1\n|-supereffective|p1b: Clefable|1\n|-damage|p1a: Krookodile|71/100\n|-damage|p1b: Clefable|85/100\n|-unboost|p1a: Krookodile|spe|1\n|-unboost|p1b: Clefable|spe|1\n|move|p1b: Clefable|Moonblast|p2b: Milotic\n|-damage|p2b: Milotic|29/100\n|\n|-heal|p2b: Milotic|35/100|[from] item: Leftovers\n|upkeep\n|turn|3\n|\n|t:|1776009412\n|move|p1b: Clefable|Follow Me|p1b: Clefable\n|-singleturn|p1b: Clefable|move: Follow Me\n|move|p2a: Rotom|Hydro Pump|p1b: Clefable|[miss]\n|-miss|p2a: Rotom|p1b: Clefable\n|move|p1a: Krookodile|Crunch|p2a: Rotom\n|-damage|p2a: Rotom|49/100\n|-enditem|p2a: Rotom|Sitrus Berry|[eat]\n|-heal|p2a: Rotom|74/100|[from] item: Sitrus Berry\n|move|p2b: Milotic|Muddy Water|p1a: Krookodile|[spread] p1a,p1b\n|-supereffective|p1a: Krookodile|1\n|-damage|p1a: Krookodile|2/100\n|-damage|p1b: Clefable|66/100\n|\n|-heal|p2b: Milotic|41/100|[from] item: Leftovers\n|upkeep\n|turn|4\n|\n|t:|1776009424\n|move|p2a: Rotom|Volt Switch|p1b: Clefable\n|-supereffective|p1b: Clefable|1\n|-damage|p1b: Clefable|21/100\n|\n|t:|1776009431\n|switch|p2a: Glimmora|Glimmora, L50, M|100/100|[from] Volt Switch\n|move|p2b: Milotic|Icy Wind|p1a: Krookodile|[spread] p1a,p1b\n|-supereffective|p1a: Krookodile|1\n|-supereffective|p1b: Clefable|1\n|-damage|p1a: Krookodile|0 fnt\n|-damage|p1b: Clefable|6/100\n|-unboost|p1b: Clefable|spe|1\n|faint|p1a: Krookodile\n|move|p1b: Clefable|Moonblast|p2b: Milotic\n|-damage|p2b: Milotic|11/100\n|\n|-heal|p2b: Milotic|17/100|[from] item: Leftovers\n|upkeep\n|\n|t:|1776009434\n|switch|p1a: Archaludon|Archaludon, L50, M|100/100\n|turn|5\n|\n|t:|1776009446\n|detailschange|p2a: Glimmora|Glimmora-Mega, L50, M\n|-mega|p2a: Glimmora|Glimmora|Glimmoranite\n|move|p2b: Milotic|Helping Hand|p2a: Glimmora\n|-singleturn|p2a: Glimmora|Helping Hand|[of] p2b: Milotic\n|move|p2a: Glimmora|Earth Power|p1a: Archaludon\n|-supereffective|p1a: Archaludon|1\n|-enditem|p1a: Archaludon|Shuca Berry|[eat]\n|-enditem|p1a: Archaludon|Shuca Berry|[weaken]\n|-damage|p1a: Archaludon|28/100\n|move|p1a: Archaludon|Flash Cannon|p2a: Glimmora\n|-supereffective|p2a: Glimmora|1\n|-damage|p2a: Glimmora|8/100\n|move|p1b: Clefable|Moonblast|p2b: Milotic\n|-damage|p2b: Milotic|0 fnt\n|faint|p2b: Milotic\n|\n|upkeep\n|\n|t:|1776009455\n|switch|p2b: Rotom|Rotom-Wash, L50|74/100\n|turn|6\n|\n|t:|1776009465\n|move|p2a: Glimmora|Spiky Shield|p2a: Glimmora\n|-singleturn|p2a: Glimmora|move: Protect\n|move|p1a: Archaludon|Draco Meteor|p2b: Rotom|[miss]\n|-miss|p1a: Archaludon|p2b: Rotom\n|move|p2b: Rotom|Electroweb|p1b: Clefable|[spread] p1a,p1b\n|-resisted|p1a: Archaludon|1\n|-supereffective|p1b: Clefable|1\n|-damage|p1a: Archaludon|17/100\n|-damage|p1b: Clefable|0 fnt\n|-unboost|p1a: Archaludon|spe|1\n|faint|p1b: Clefable\n|\n|upkeep\n|\n|t:|1776009471\n|switch|p1b: Whimsicott|Whimsicott, L50, M|100/100\n|turn|7\n|\n|t:|1776009486\n|move|p1b: Whimsicott|Tailwind|p1b: Whimsicott\n|-sidestart|p1: yagostik|move: Tailwind\n|move|p1a: Archaludon|Draco Meteor|p2b: Rotom\n|-damage|p2b: Rotom|5/100\n|-unboost|p1a: Archaludon|spa|2\n|move|p2a: Glimmora|Sludge Bomb|p1b: Whimsicott\n|-supereffective|p1b: Whimsicott|2\n|-damage|p1b: Whimsicott|0 fnt\n|faint|p1b: Whimsicott\n|move|p2b: Rotom|Electroweb|p1a: Archaludon\n|-resisted|p1a: Archaludon|1\n|-damage|p1a: Archaludon|1/100\n|-unboost|p1a: Archaludon|spe|1\n|\n|upkeep\n|turn|8\n|\n|t:|1776009495\n|move|p2a: Glimmora|Earth Power|p1a: Archaludon\n|-supereffective|p1a: Archaludon|1\n|-damage|p1a: Archaludon|0 fnt\n|faint|p1a: Archaludon\n|\n|win|ThePeasent\n|raw|yagostik's rating: 1051 &rarr; <strong>1034</strong><br />(-17 for losing)\n|raw|ThePeasent's rating: 1058 &rarr; <strong>1089</strong><br />(+31 for winning)\n",
  "uploadtime": 1776009497,
  "views": 42,
  "formatid": "gen9championsvgc2026regma",
  "rating": 1034,
  "private": 0,
  "password": null
}