{
  "id": "gen9championsvgc2026regma-2587766959",
  "format": "[Gen 9 Champions] VGC 2026 Reg M-A",
  "players": [
    "Noobilio",
    "partyspider"
  ],
  "log": "|j|\u2606Noobilio\n|j|\u2606partyspider\n|t:|1776561913\n|gametype|doubles\n|player|p1|Noobilio|nurse|1313\n|player|p2|partyspider|101|1252\n|gen|9\n|tier|[Gen 9 Champions] VGC 2026 Reg M-A\n|rated|\n|rule|Species Clause: Limit one of each Pok\u00e9mon\n|rule|Item Clause: Limit 1 of each item\n|clearpoke\n|poke|p1|Froslass, L50, F|\n|poke|p1|Palafin, L50, F|\n|poke|p1|Kingambit, L50, F|\n|poke|p1|Arcanine-Hisui, L50, F|\n|poke|p1|Sinistcha, L50|\n|poke|p1|Sneasler, L50, M|\n|poke|p2|Gengar, L50, M|\n|poke|p2|Whimsicott, L50, F|\n|poke|p2|Basculegion, L50, M|\n|poke|p2|Maushold, L50|\n|poke|p2|Incineroar, L50, M|\n|poke|p2|Pelipper, L50, F|\n|teampreview|4\n|\n|t:|1776561939\n|teamsize|p1|4\n|teamsize|p2|4\n|start\n|switch|p1a: Sneasler|Sneasler, L50, M|100/100\n|switch|p1b: Palafin|Palafin, L50, F|100/100\n|switch|p2a: Gengar|Gengar, L50, M|100/100\n|switch|p2b: Basculegion|Basculegion, L50, M|100/100\n|turn|1\n|\n|t:|1776561963\n|detailschange|p1b: Palafin|Palafin-Hero, L50, F\n|switch|p1b: Kingambit|Kingambit, L50, F|100/100\n|detailschange|p2a: Gengar|Gengar-Mega, L50, M\n|-mega|p2a: Gengar|Gengar|Gengarite\n|move|p2a: Gengar|Protect|p2a: Gengar\n|-singleturn|p2a: Gengar|Protect\n|move|p2b: Basculegion|Wave Crash|p1a: Sneasler\n|-damage|p1a: Sneasler|0 fnt\n|faint|p1a: Sneasler\n|-damage|p2b: Basculegion|75/100|[from] Recoil\n|\n|upkeep\n|\n|t:|1776561976\n|switch|p1a: Palafin|Palafin-Hero, L50, F|100/100\n|-activate|p1a: Palafin|ability: Zero to Hero\n|turn|2\n|\n|t:|1776561985\n|switch|p2b: Whimsicott|Whimsicott, L50, F|100/100\n|switch|p2a: Maushold|Maushold, L50|100/100\n|move|p1a: Palafin|Jet Punch|p2a: Maushold\n|-damage|p2a: Maushold|41/100\n|move|p1b: Kingambit|Sucker Punch||[still]\n|-fail|p1b: Kingambit\n|\n|upkeep\n|turn|3\n|\n|t:|1776561995\n|move|p2b: Whimsicott|Tailwind|p2b: Whimsicott\n|-sidestart|p2: partyspider|move: Tailwind\n|move|p1a: Palafin|Jet Punch|p2a: Maushold\n|-damage|p2a: Maushold|0 fnt\n|faint|p2a: Maushold\n|move|p1b: Kingambit|Swords Dance|p1b: Kingambit\n|-boost|p1b: Kingambit|atk|2\n|\n|upkeep\n|\n|t:|1776562001\n|switch|p2a: Gengar|Gengar-Mega, L50, M|100/100\n|turn|4\n|\n|t:|1776562012\n|move|p2a: Gengar|Protect|p2a: Gengar\n|-singleturn|p2a: Gengar|Protect\n|move|p2b: Whimsicott|Encore|p1b: Kingambit\n|-hint|Since gen 7, Dark is immune to Prankster moves.\n|-immune|p1b: Kingambit\n|move|p1a: Palafin|Jet Punch|p2a: Gengar\n|-activate|p2a: Gengar|move: Protect\n|move|p1b: Kingambit|Kowtow Cleave|p2b: Whimsicott\n|-resisted|p2b: Whimsicott|1\n|-damage|p2b: Whimsicott|17/100\n|\n|upkeep\n|turn|5\n|c|\u2606partyspider|real\n|\n|t:|1776562032\n|move|p1a: Palafin|Jet Punch|p2b: Whimsicott\n|-resisted|p2b: Whimsicott|1\n|-damage|p2b: Whimsicott|0 fnt\n|faint|p2b: Whimsicott\n|move|p1b: Kingambit|Sucker Punch||[still]\n|-fail|p1b: Kingambit\n|move|p2a: Gengar|Disable|p1b: Kingambit\n|-start|p1b: Kingambit|Disable|Sucker Punch\n|\n|upkeep\n|\n|t:|1776562037\n|switch|p2b: Basculegion|Basculegion, L50, M|75/100\n|turn|6\n|\n|t:|1776562072\n|move|p1a: Palafin|Protect|p1a: Palafin\n|-singleturn|p1a: Palafin|Protect\n|move|p2b: Basculegion|Last Respects|p1b: Kingambit\n|-resisted|p1b: Kingambit|1\n|-damage|p1b: Kingambit|62/100\n|move|p2a: Gengar|Shadow Ball|p1b: Kingambit\n|-resisted|p1b: Kingambit|1\n|-crit|p1b: Kingambit\n|-damage|p1b: Kingambit|25/100\n|move|p1b: Kingambit|Kowtow Cleave|p2b: Basculegion\n|-supereffective|p2b: Basculegion|1\n|-damage|p2b: Basculegion|0 fnt\n|faint|p2b: Basculegion\n|\n|-sideend|p2: partyspider|move: Tailwind\n|upkeep\n|turn|7\n|\n|t:|1776562087\n|move|p2a: Gengar|Shadow Ball|p1b: Kingambit\n|-resisted|p1b: Kingambit|1\n|-damage|p1b: Kingambit|2/100\n|move|p1a: Palafin|Wave Crash|p2a: Gengar\n|-damage|p2a: Gengar|0 fnt\n|faint|p2a: Gengar\n|-damage|p1a: Palafin|77/100|[from] Recoil\n|\n|win|Noobilio\n|raw|Noobilio's rating: 1313 &rarr; <strong>1330</strong><br />(+17 for winning)\n|raw|partyspider's rating: 1252 &rarr; <strong>1231</strong><br />(-21 for losing)\n|c|\u2606partyspider|gg\n",
  "uploadtime": 1776562092,
  "views": 20,
  "formatid": "gen9championsvgc2026regma",
  "rating": 1231,
  "private": 0,
  "password": null
}