{
  "id": "gen9championsvgc2026regma-2587165575",
  "format": "[Gen 9 Champions] VGC 2026 Reg M-A",
  "players": [
    "SHHEP",
    "Pokeventurer"
  ],
  "log": "|j|\u2606SHHEP\n|j|\u2606Pokeventurer\n|t:|1776503044\n|gametype|doubles\n|player|p1|SHHEP|170|1464\n|player|p2|Pokeventurer|265|1507\n|gen|9\n|tier|[Gen 9 Champions] VGC 2026 Reg M-A\n|rated|\n|rule|Species Clause: Limit one of each Pok\u00e9mon\n|rule|Item Clause: Limit 1 of each item\n|clearpoke\n|poke|p1|Kommo-o, L50, M|\n|poke|p1|Aegislash, L50, F|\n|poke|p1|Incineroar, L50, F|\n|poke|p1|Whimsicott, L50, F|\n|poke|p1|Tyranitar, L50, F|\n|poke|p1|Venusaur, L50, M|\n|poke|p2|Talonflame, L50, M|\n|poke|p2|Kingambit, L50, M|\n|poke|p2|Garchomp, L50, F|\n|poke|p2|Basculegion, L50, M|\n|poke|p2|Floette-Eternal, L50, F|\n|poke|p2|Pelipper, L50, F|\n|teampreview|4\n|inactive|Battle timer is ON: inactive players will automatically lose when time's up. (requested by Pokeventurer)\n|\n|t:|1776503068\n|teamsize|p1|4\n|teamsize|p2|4\n|start\n|switch|p1a: Kommo-o|Kommo-o, L50, M|100/100\n|switch|p1b: Aegislash|Aegislash, L50, F|100/100\n|switch|p2a: Talonflame|Talonflame, L50, M|100/100\n|switch|p2b: Garchomp|Garchomp, L50, F|100/100\n|turn|1\n|\n|t:|1776503084\n|move|p1a: Kommo-o|Protect|p1a: Kommo-o\n|-singleturn|p1a: Kommo-o|Protect\n|move|p2a: Talonflame|Dual Wingbeat|p1a: Kommo-o\n|-activate|p1a: Kommo-o|move: Protect\n|move|p2b: Garchomp|Dragon Claw|p1a: Kommo-o\n|-activate|p1a: Kommo-o|move: Protect\n|-formechange|p1b: Aegislash|Aegislash-Blade|\n|move|p1b: Aegislash|Poltergeist|p2a: Talonflame\n|-activate|p2a: Talonflame|move: Poltergeist|Sharp Beak\n|-damage|p2a: Talonflame|0 fnt\n|faint|p2a: Talonflame\n|\n|upkeep\n|\n|t:|1776503090\n|switch|p2a: Basculegion|Basculegion, L50, M|100/100\n|turn|2\n|\n|t:|1776503108\n|move|p2a: Basculegion|Last Respects|p1b: Aegislash\n|-supereffective|p1b: Aegislash|1\n|-enditem|p1b: Aegislash|Focus Sash\n|-damage|p1b: Aegislash|1/100\n|move|p2b: Garchomp|Dragon Claw|p1a: Kommo-o\n|-supereffective|p1a: Kommo-o|1\n|-damage|p1a: Kommo-o|26/100\n|move|p1a: Kommo-o|Clanging Scales|p2a: Basculegion|[spread] p2a,p2b\n|-supereffective|p2b: Garchomp|1\n|-damage|p2a: Basculegion|62/100\n|-damage|p2b: Garchomp|29/100\n|-unboost|p1a: Kommo-o|def|1\n|move|p1b: Aegislash|Poltergeist|p2b: Garchomp\n|-activate|p2b: Garchomp|move: Poltergeist|White Herb\n|-damage|p2b: Garchomp|0 fnt\n|faint|p2b: Garchomp\n|\n|-heal|p1a: Kommo-o|32/100|[from] item: Leftovers\n|upkeep\n|\n|t:|1776503111\n|switch|p2b: Floette|Floette-Eternal, L50, F|100/100\n|turn|3\n|\n|t:|1776503126\n|detailschange|p2b: Floette|Floette-Mega, L50, F\n|-mega|p2b: Floette|Floette|Floettite\n|-ability|p2b: Floette|Fairy Aura\n|move|p1b: Aegislash|Shadow Sneak|p2a: Basculegion\n|-supereffective|p2a: Basculegion|1\n|-damage|p2a: Basculegion|4/100\n|move|p2a: Basculegion|Last Respects|p1a: Kommo-o\n|-damage|p1a: Kommo-o|0 fnt\n|faint|p1a: Kommo-o\n|move|p2b: Floette|Dazzling Gleam|p1b: Aegislash\n|-resisted|p1b: Aegislash|1\n|-damage|p1b: Aegislash|0 fnt\n|faint|p1b: Aegislash\n|\n|upkeep\n|\n|t:|1776503133\n|switch|p1a: Whimsicott|Whimsicott, L50, F|100/100\n|switch|p1b: Tyranitar|Tyranitar, L50, F|100/100\n|-weather|Sandstorm|[from] ability: Sand Stream|[of] p1b: Tyranitar\n|turn|4\n|\n|t:|1776503144\n|move|p1a: Whimsicott|Protect|p1a: Whimsicott\n|-singleturn|p1a: Whimsicott|Protect\n|move|p1b: Tyranitar|Protect|p1b: Tyranitar\n|-singleturn|p1b: Tyranitar|Protect\n|move|p2a: Basculegion|Last Respects|p1a: Whimsicott\n|-activate|p1a: Whimsicott|move: Protect\n|move|p2b: Floette|Moonblast|p1b: Tyranitar\n|-activate|p1b: Tyranitar|move: Protect\n|\n|-weather|Sandstorm|[upkeep]\n|-damage|p2a: Basculegion|0 fnt|[from] Sandstorm\n|-damage|p2b: Floette|95/100|[from] Sandstorm\n|-damage|p1a: Whimsicott|95/100|[from] Sandstorm\n|faint|p2a: Basculegion\n|upkeep\n|turn|5\n|\n|t:|1776503151\n|detailschange|p1b: Tyranitar|Tyranitar-Mega, L50, F\n|-mega|p1b: Tyranitar|Tyranitar|Tyranitarite\n|move|p1a: Whimsicott|Tailwind|p1a: Whimsicott\n|-sidestart|p1: SHHEP|move: Tailwind\n|move|p1b: Tyranitar|Rock Slide|p2b: Floette\n|-damage|p2b: Floette|43/100\n|cant|p2b: Floette|flinch\n|\n|-weather|Sandstorm|[upkeep]\n|-damage|p1a: Whimsicott|89/100|[from] Sandstorm\n|-damage|p2b: Floette|37/100|[from] Sandstorm\n|upkeep\n|turn|6\n|\n|t:|1776503162\n|move|p1a: Whimsicott|Moonblast|p2b: Floette\n|-damage|p2b: Floette|4/100\n|move|p1b: Tyranitar|Knock Off|p2b: Floette\n|-resisted|p2b: Floette|1\n|-damage|p2b: Floette|0 fnt\n|faint|p2b: Floette\n|\n|win|SHHEP\n|raw|SHHEP's rating: 1464 &rarr; <strong>1486</strong><br />(+22 for winning)\n|raw|Pokeventurer's rating: 1507 &rarr; <strong>1485</strong><br />(-22 for losing)\n|l|\u2606SHHEP\n|player|p1|\n|l|\u2606Pokeventurer\n|player|p2|\n",
  "uploadtime": 1776503210,
  "views": 33,
  "formatid": "gen9championsvgc2026regma",
  "rating": 1485,
  "private": 0,
  "password": null
}