{
  "id": "gen9championsvgc2026regma-2583872528",
  "format": "[Gen 9 Champions] VGC 2026 Reg M-A",
  "players": [
    "angemorgs",
    "fjdjsjjdnc"
  ],
  "log": "|j|\u2606angemorgs\n|j|\u2606fjdjsjjdnc\n|t:|1776204360\n|gametype|doubles\n|player|p1|angemorgs|backersf|1029\n|player|p2|fjdjsjjdnc|marley|1000\n|gen|9\n|tier|[Gen 9 Champions] VGC 2026 Reg M-A\n|rated|\n|rule|Species Clause: Limit one of each Pok\u00e9mon\n|rule|Item Clause: Limit 1 of each item\n|clearpoke\n|poke|p1|Floette-Eternal, L50, F|\n|poke|p1|Maushold, L50|\n|poke|p1|Garchomp, L50, F|\n|poke|p1|Talonflame, L50, F|\n|poke|p1|Rotom-Wash, L50|\n|poke|p1|Aegislash, L50, F|\n|poke|p2|Banette, L50, F|\n|poke|p2|Incineroar, L50, F|\n|poke|p2|Lycanroc-Dusk, L50, M|\n|poke|p2|Rotom-Wash, L50|\n|poke|p2|Tinkaton, L50, F|\n|poke|p2|Hydrapple, L50, M|\n|teampreview|4\n|inactive|Battle timer is ON: inactive players will automatically lose when time's up. (requested by angemorgs)\n|\n|t:|1776204407\n|teamsize|p1|4\n|teamsize|p2|4\n|start\n|switch|p1a: Rotom|Rotom-Wash, L50|100/100\n|switch|p1b: Garchomp|Garchomp, L50, F|100/100\n|switch|p2a: Banette|Banette, L50, F|100/100\n|switch|p2b: Incineroar|Incineroar, L50, F|100/100\n|-ability|p2b: Incineroar|Intimidate|boost\n|-unboost|p1a: Rotom|atk|1\n|-unboost|p1b: Garchomp|atk|1\n|turn|1\n|inactive|angemorgs has 30 seconds left.\n|\n|t:|1776204434\n|detailschange|p2a: Banette|Banette-Mega, L50, F\n|-mega|p2a: Banette|Banette|Banettite\n|move|p1b: Garchomp|Protect|p1b: Garchomp\n|-singleturn|p1b: Garchomp|Protect\n|move|p2b: Incineroar|Fake Out|p1a: Rotom\n|-damage|p1a: Rotom|89/100\n|cant|p1a: Rotom|flinch\n|move|p2a: Banette|Poltergeist|p1b: Garchomp\n|-activate|p1b: Garchomp|move: Protect\n|\n|upkeep\n|turn|2\n|\n|t:|1776204459\n|move|p1a: Rotom|Helping Hand|p1b: Garchomp\n|-singleturn|p1b: Garchomp|Helping Hand|[of] p1a: Rotom\n|move|p2a: Banette|Encore|p1b: Garchomp\n|-start|p1b: Garchomp|Encore\n|move|p1b: Garchomp|Protect||[still]\n|-fail|p1b: Garchomp\n|move|p2b: Incineroar|Parting Shot|p1a: Rotom\n|-unboost|p1a: Rotom|atk|1\n|-unboost|p1a: Rotom|spa|1\n|\n|t:|1776204474\n|switch|p2b: Rotom|Rotom-Wash, L50|100/100|[from] Parting Shot\n|\n|upkeep\n|turn|3\n|\n|t:|1776204483\n|switch|p1a: Aegislash|Aegislash, L50, F|100/100\n|move|p1b: Garchomp|Protect|p1b: Garchomp\n|-singleturn|p1b: Garchomp|Protect\n|move|p2b: Rotom|Will-O-Wisp|p1a: Aegislash\n|-status|p1a: Aegislash|brn\n|move|p2a: Banette|Poltergeist|p1b: Garchomp\n|-activate|p1b: Garchomp|move: Protect\n|\n|-damage|p1a: Aegislash|95/100 brn|[from] brn\n|upkeep\n|turn|4\n|\n|t:|1776204502\n|switch|p1b: Rotom|Rotom-Wash, L50|89/100\n|switch|p2a: Incineroar|Incineroar, L50, F|100/100\n|-ability|p2a: Incineroar|Intimidate|boost\n|-unboost|p1a: Aegislash|atk|1\n|-unboost|p1b: Rotom|atk|1\n|move|p2b: Rotom|Will-O-Wisp|p1b: Rotom|[miss]\n|-miss|p2b: Rotom|p1b: Rotom\n|-formechange|p1a: Aegislash|Aegislash-Blade|\n|move|p1a: Aegislash|Poltergeist|p2a: Incineroar\n|-activate|p2a: Incineroar|move: Poltergeist|Sitrus Berry\n|-resisted|p2a: Incineroar|1\n|-damage|p2a: Incineroar|90/100\n|\n|-damage|p1a: Aegislash|89/100 brn|[from] brn\n|upkeep\n|turn|5\n|inactive|angemorgs has 30 seconds left.\n|inactive|fjdjsjjdnc has 30 seconds left.\n|\n|t:|1776204534\n|-formechange|p1a: Aegislash|Aegislash|\n|move|p1a: Aegislash|King's Shield|p1a: Aegislash\n|-singleturn|p1a: Aegislash|Protect\n|move|p1b: Rotom|Volt Switch|p2b: Rotom\n|-damage|p2b: Rotom|66/100\n|\n|t:|1776204540\n|switch|p1b: Floette|Floette-Eternal, L50, F|100/100|[from] Volt Switch\n|move|p2b: Rotom|Volt Switch|p1b: Floette\n|-damage|p1b: Floette|79/100\n|\n|t:|1776204548\n|switch|p2b: Tinkaton|Tinkaton, L50, F|100/100|[from] Volt Switch\n|-ability|p2b: Tinkaton|Mold Breaker\n|move|p2a: Incineroar|Parting Shot|p1b: Floette\n|-unboost|p1b: Floette|atk|1\n|-unboost|p1b: Floette|spa|1\n|\n|t:|1776204551\n|switch|p2a: Banette|Banette-Mega, L50, F|100/100|[from] Parting Shot\n|\n|-damage|p1a: Aegislash|83/100 brn|[from] brn\n|upkeep\n|turn|6\n|\n|t:|1776204574\n|switch|p1b: Rotom|Rotom-Wash, L50|89/100\n|move|p2a: Banette|Encore|p1a: Aegislash\n|-start|p1a: Aegislash|Encore\n|move|p1a: Aegislash|King's Shield||[still]\n|-fail|p1a: Aegislash\n|move|p2b: Tinkaton|Gigaton Hammer|p1b: Rotom\n|-resisted|p1b: Rotom|2\n|-damage|p1b: Rotom|78/100\n|\n|-damage|p1a: Aegislash|77/100 brn|[from] brn\n|upkeep\n|turn|7\n|\n|t:|1776204591\n|switch|p1a: Garchomp|Garchomp, L50, F|100/100\n|move|p2b: Tinkaton|Protect|p2b: Tinkaton\n|-singleturn|p2b: Tinkaton|Protect\n|move|p1b: Rotom|Volt Switch|p2a: Banette\n|-damage|p2a: Banette|59/100\n|\n|t:|1776204598\n|switch|p1b: Floette|Floette-Eternal, L50, F|79/100|[from] Volt Switch\n|move|p2a: Banette|Poltergeist|p1b: Floette\n|-activate|p1b: Floette|move: Poltergeist|Floettite\n|-damage|p1b: Floette|0 fnt\n|faint|p1b: Floette\n|\n|upkeep\n|\n|t:|1776204607\n|switch|p1b: Rotom|Rotom-Wash, L50|78/100\n|turn|8\n|\n|t:|1776204614\n|move|p1b: Rotom|Helping Hand|p1a: Garchomp\n|-singleturn|p1a: Garchomp|Helping Hand|[of] p1b: Rotom\n|move|p2a: Banette|Protect|p2a: Banette\n|-singleturn|p2a: Banette|Protect\n|move|p1a: Garchomp|Earthquake|p2b: Tinkaton|[spread] p2b\n|-activate|p2a: Banette|move: Protect\n|-immune|p1b: Rotom|[from] ability: Levitate\n|-supereffective|p2b: Tinkaton|1\n|-enditem|p2b: Tinkaton|Shuca Berry|[eat]\n|-enditem|p2b: Tinkaton|Shuca Berry|[weaken]\n|-damage|p2b: Tinkaton|18/100\n|move|p2b: Tinkaton|Gigaton Hammer|p1a: Garchomp\n|-damage|p1a: Garchomp|53/100\n|\n|upkeep\n|turn|9\n|inactive|fjdjsjjdnc has 30 seconds left.\n|inactive|fjdjsjjdnc has 20 seconds left.\n|inactive|fjdjsjjdnc has 15 seconds left.\n|\n|t:|1776204655\n|move|p1b: Rotom|Helping Hand|p1a: Garchomp\n|-singleturn|p1a: Garchomp|Helping Hand|[of] p1b: Rotom\n|move|p2b: Tinkaton|Protect|p2b: Tinkaton\n|-singleturn|p2b: Tinkaton|Protect\n|move|p2a: Banette|Destiny Bond|p2a: Banette\n|-singlemove|p2a: Banette|Destiny Bond\n|move|p1a: Garchomp|Earthquake|p2a: Banette|[spread] p2a\n|-activate|p2b: Tinkaton|move: Protect\n|-immune|p1b: Rotom|[from] ability: Levitate\n|-damage|p2a: Banette|0 fnt\n|faint|p2a: Banette\n|-activate|p2a: Banette|move: Destiny Bond\n|faint|p1a: Garchomp\n|\n|upkeep\n|\n|t:|1776204670\n|switch|p1a: Aegislash|Aegislash, L50, F|77/100 brn\n|switch|p2a: Rotom|Rotom-Wash, L50|66/100\n|turn|10\n|c|\u2606angemorgs|that banette is a menace lmao\n|inactive|angemorgs has 30 seconds left.\n|\n|t:|1776204702\n|-formechange|p1a: Aegislash|Aegislash-Blade|\n|move|p1a: Aegislash|Shadow Sneak|p2b: Tinkaton\n|-damage|p2b: Tinkaton|3/100\n|move|p2b: Tinkaton|Gigaton Hammer|p1b: Rotom\n|-resisted|p1b: Rotom|2\n|-damage|p1b: Rotom|65/100\n|move|p1b: Rotom|Thunderbolt|p2a: Rotom\n|-damage|p2a: Rotom|23/100\n|move|p2a: Rotom|Volt Switch|p1b: Rotom\n|-damage|p1b: Rotom|40/100\n|-enditem|p1b: Rotom|Sitrus Berry|[eat]\n|-heal|p1b: Rotom|65/100|[from] item: Sitrus Berry\n|\n|t:|1776204715\n|switch|p2a: Incineroar|Incineroar, L50, F|90/100|[from] Volt Switch\n|-ability|p2a: Incineroar|Intimidate|boost\n|-unboost|p1a: Aegislash|atk|1\n|-unboost|p1b: Rotom|atk|1\n|\n|-damage|p1a: Aegislash|71/100 brn|[from] brn\n|upkeep\n|turn|11\n|inactive|fjdjsjjdnc has 30 seconds left.\n|\n|t:|1776204750\n|move|p2b: Tinkaton|Protect|p2b: Tinkaton\n|-singleturn|p2b: Tinkaton|Protect\n|move|p2a: Incineroar|Fake Out|p1b: Rotom\n|-damage|p1b: Rotom|53/100\n|move|p1a: Aegislash|Shadow Sneak|p2b: Tinkaton\n|-activate|p2b: Tinkaton|move: Protect\n|cant|p1b: Rotom|flinch\n|\n|-damage|p1a: Aegislash|65/100 brn|[from] brn\n|upkeep\n|turn|12\n|\n|t:|1776204762\n|move|p1a: Aegislash|Shadow Sneak|p2b: Tinkaton\n|-crit|p2b: Tinkaton\n|-damage|p2b: Tinkaton|0 fnt\n|faint|p2b: Tinkaton\n|move|p1b: Rotom|Hydro Pump|p2a: Incineroar\n|-supereffective|p2a: Incineroar|1\n|-damage|p2a: Incineroar|14/100\n|-enditem|p2a: Incineroar|Sitrus Berry|[eat]\n|-heal|p2a: Incineroar|39/100|[from] item: Sitrus Berry\n|move|p2a: Incineroar|Darkest Lariat|p1b: Rotom\n|-damage|p1b: Rotom|16/100\n|\n|-damage|p1a: Aegislash|59/100 brn|[from] brn\n|upkeep\n|\n|t:|1776204773\n|switch|p2b: Rotom|Rotom-Wash, L50|23/100\n|turn|13\n|\n|t:|1776204797\n|move|p1b: Rotom|Hydro Pump|p2a: Incineroar\n|-supereffective|p2a: Incineroar|1\n|-damage|p2a: Incineroar|0 fnt\n|faint|p2a: Incineroar\n|move|p2b: Rotom|Volt Switch|p1b: Rotom\n|-damage|p1b: Rotom|0 fnt\n|faint|p1b: Rotom\n|move|p1a: Aegislash|Poltergeist|p2b: Rotom\n|-activate|p2b: Rotom|move: Poltergeist|Leftovers\n|-damage|p2b: Rotom|4/100\n|\n|-heal|p2b: Rotom|10/100|[from] item: Leftovers\n|-damage|p1a: Aegislash|53/100 brn|[from] brn\n|upkeep\n|turn|14\n|\n|t:|1776204821\n|move|p1a: Aegislash|Shadow Sneak|p2b: Rotom\n|-damage|p2b: Rotom|2/100\n|move|p2b: Rotom|Hydro Pump|p1a: Aegislash|[miss]\n|-miss|p2b: Rotom|p1a: Aegislash\n|\n|-heal|p2b: Rotom|8/100|[from] item: Leftovers\n|-damage|p1a: Aegislash|47/100 brn|[from] brn\n|upkeep\n|turn|15\n|\n|t:|1776204826\n|move|p2b: Rotom|Protect|p2b: Rotom\n|-singleturn|p2b: Rotom|Protect\n|move|p1a: Aegislash|Shadow Sneak|p2b: Rotom\n|-activate|p2b: Rotom|move: Protect\n|\n|-heal|p2b: Rotom|14/100|[from] item: Leftovers\n|-damage|p1a: Aegislash|41/100 brn|[from] brn\n|upkeep\n|turn|16\n|\n|t:|1776204830\n|move|p2b: Rotom|Hydro Pump|p1a: Aegislash\n|-damage|p1a: Aegislash|0 fnt\n|faint|p1a: Aegislash\n|\n|win|fjdjsjjdnc\n",
  "uploadtime": 1776204362,
  "views": 16,
  "formatid": "gen9championsvgc2026regma",
  "rating": null,
  "private": 0,
  "password": null
}