{
  "id": "gen9championsvgc2026regma-2588114049",
  "format": "[Gen 9 Champions] VGC 2026 Reg M-A",
  "players": [
    "SimMikaze",
    "RadiatorPlease"
  ],
  "log": "|j|\u2606SimMikaze\n|j|\u2606RadiatorPlease\n|t:|1776605790\n|gametype|doubles\n|player|p1|SimMikaze|miku-ghost|1332\n|player|p2|RadiatorPlease|170|1247\n|gen|9\n|tier|[Gen 9 Champions] VGC 2026 Reg M-A\n|rated|\n|rule|Species Clause: Limit one of each Pok\u00e9mon\n|rule|Item Clause: Limit 1 of each item\n|clearpoke\n|poke|p1|Gardevoir, L50, F, shiny|\n|poke|p1|Garchomp, L50, F|\n|poke|p1|Incineroar, L50, M, shiny|\n|poke|p1|Sinistcha, L50, shiny|\n|poke|p1|Corviknight, L50, M, shiny|\n|poke|p1|Milotic, L50, F|\n|poke|p2|Froslass, L50, F|\n|poke|p2|Kingambit, L50, M|\n|poke|p2|Incineroar, L50, F|\n|poke|p2|Basculegion, L50, M|\n|poke|p2|Rotom-Frost, L50|\n|poke|p2|Aerodactyl, L50, F|\n|teampreview|4\n|inactive|Battle timer is ON: inactive players will automatically lose when time's up. (requested by RadiatorPlease)\n|\n|t:|1776605816\n|teamsize|p1|4\n|teamsize|p2|4\n|start\n|switch|p1a: Corviknight|Corviknight, L50, M, shiny|100/100\n|switch|p1b: Garchomp|Garchomp, L50, F|100/100\n|switch|p2a: Basculegion|Basculegion, L50, M|100/100\n|switch|p2b: Froslass|Froslass, L50, F|100/100\n|turn|1\n|\n|t:|1776605828\n|detailschange|p2b: Froslass|Froslass-Mega, L50, F\n|-mega|p2b: Froslass|Froslass|Froslassite\n|-weather|Snowscape|[from] ability: Snow Warning|[of] p2b: Froslass\n|move|p1b: Garchomp|Protect|p1b: Garchomp\n|-singleturn|p1b: Garchomp|Protect\n|move|p2a: Basculegion|Ice Fang|p1b: Garchomp\n|-activate|p1b: Garchomp|move: Protect\n|move|p2b: Froslass|Aurora Veil|p2b: Froslass\n|-sidestart|p2: RadiatorPlease|move: Aurora Veil\n|move|p1a: Corviknight|Tailwind|p1a: Corviknight\n|-sidestart|p1: SimMikaze|move: Tailwind\n|\n|-weather|Snowscape|[upkeep]\n|upkeep\n|turn|2\n|inactive|SimMikaze has 30 seconds left.\n|\n|t:|1776605863\n|switch|p1b: Gardevoir|Gardevoir, L50, F, shiny|100/100\n|-ability|p1b: Gardevoir|Snow Warning|Trace|[from] ability: Trace|[of] p2b: Froslass\n|switch|p2a: Kingambit|Kingambit, L50, M|100/100\n|move|p1a: Corviknight|Brave Bird|p2b: Froslass\n|-damage|p2b: Froslass|76/100\n|-damage|p1a: Corviknight|95/100|[from] Recoil\n|move|p2b: Froslass|Blizzard|p1b: Gardevoir|[spread] p1a,p1b\n|-crit|p1a: Corviknight\n|-damage|p1a: Corviknight|19/100\n|-damage|p1b: Gardevoir|55/100\n|\n|-weather|Snowscape|[upkeep]\n|upkeep\n|turn|3\n|\n|t:|1776605879\n|detailschange|p1b: Gardevoir|Gardevoir-Mega, L50, F, shiny\n|-mega|p1b: Gardevoir|Gardevoir|Gardevoirite\n|move|p1b: Gardevoir|Hyper Voice|p2b: Froslass|[spread] p2a,p2b\n|-damage|p2a: Kingambit|65/100\n|-damage|p2b: Froslass|41/100\n|move|p1a: Corviknight|Body Press|p2a: Kingambit\n|-supereffective|p2a: Kingambit|2\n|-damage|p2a: Kingambit|9/100\n|move|p2b: Froslass|Blizzard|p1a: Corviknight|[spread] p1a,p1b\n|-crit|p1a: Corviknight\n|-damage|p1a: Corviknight|0 fnt\n|-damage|p1b: Gardevoir|14/100\n|faint|p1a: Corviknight\n|move|p2a: Kingambit|Iron Head|p1b: Gardevoir\n|-supereffective|p1b: Gardevoir|1\n|-damage|p1b: Gardevoir|0 fnt\n|faint|p1b: Gardevoir\n|\n|-weather|Snowscape|[upkeep]\n|upkeep\n|\n|t:|1776605887\n|switch|p1b: Sinistcha|Sinistcha, L50, shiny|100/100\n|switch|p1a: Garchomp|Garchomp, L50, F|100/100\n|turn|4\n|\n|t:|1776605910\n|switch|p2b: Basculegion|Basculegion, L50, M|100/100\n|move|p2a: Kingambit|Sucker Punch|p1a: Garchomp\n|-damage|p1a: Garchomp|53/100\n|-damage|p2a: Kingambit|0 fnt|[from] ability: Rough Skin|[of] p1a: Garchomp\n|faint|p2a: Kingambit\n|move|p1a: Garchomp|Rock Slide|p2b: Basculegion|[miss]\n|-miss|p1a: Garchomp|p2b: Basculegion\n|move|p1b: Sinistcha|Trick Room|p1b: Sinistcha\n|-fieldstart|move: Trick Room|[of] p1b: Sinistcha\n|\n|-weather|Snowscape|[upkeep]\n|-sideend|p1: SimMikaze|move: Tailwind\n|upkeep\n|\n|t:|1776605920\n|switch|p2a: Rotom|Rotom-Frost, L50|100/100\n|turn|5\n|inactive|SimMikaze has 30 seconds left.\n|\n|t:|1776605946\n|move|p1b: Sinistcha|Rage Powder|p1b: Sinistcha\n|-singleturn|p1b: Sinistcha|move: Rage Powder\n|move|p2a: Rotom|Blizzard|p1a: Garchomp|[spread] p1a,p1b\n|-supereffective|p1a: Garchomp|2\n|-supereffective|p1b: Sinistcha|1\n|-damage|p1a: Garchomp|0 fnt\n|-damage|p1b: Sinistcha|0 fnt\n|faint|p1a: Garchomp\n|faint|p1b: Sinistcha\n|\n|win|RadiatorPlease\n|raw|SimMikaze's rating: 1332 &rarr; <strong>1307</strong><br />(-25 for losing)\n|raw|RadiatorPlease's rating: 1247 &rarr; <strong>1278</strong><br />(+31 for winning)\n",
  "uploadtime": 1776605950,
  "views": 13,
  "formatid": "gen9championsvgc2026regma",
  "rating": 1278,
  "private": 0,
  "password": null
}