{
  "id": "gen9championsvgc2026regma-2584763802",
  "format": "[Gen 9 Champions] VGC 2026 Reg M-A",
  "players": [
    "joshferd",
    "auraguardian343"
  ],
  "log": "|j|\u2606joshferd\n|j|\u2606auraguardian343\n|t:|1776281971\n|gametype|doubles\n|player|p1|joshferd|169|1148\n|player|p2|auraguardian343|170|1138\n|gen|9\n|tier|[Gen 9 Champions] VGC 2026 Reg M-A\n|rated|\n|rule|Species Clause: Limit one of each Pok\u00e9mon\n|rule|Item Clause: Limit 1 of each item\n|clearpoke\n|poke|p1|Ditto, L50|\n|poke|p1|Aegislash, L50, M|\n|poke|p1|Lopunny, L50, F|\n|poke|p1|Ninetales-Alola, L50, F|\n|poke|p1|Rotom-Heat, L50|\n|poke|p1|Hydreigon, L50, F|\n|poke|p2|Lucario, L50, M|\n|poke|p2|Dragonite, L50, M|\n|poke|p2|Archaludon, L50, M|\n|poke|p2|Kingambit, L50, F|\n|poke|p2|Basculegion, L50, M|\n|poke|p2|Pelipper, L50, F|\n|teampreview|4\n|\n|t:|1776282000\n|teamsize|p1|4\n|teamsize|p2|4\n|start\n|switch|p1a: Lopunny|Lopunny, L50, F, shiny|100/100\n|switch|p1b: Rotom|Rotom-Heat, L50|100/100\n|switch|p2a: Lucario|Lucario, L50, M|100/100\n|switch|p2b: Basculegion|Basculegion, L50, M|100/100\n|turn|1\n|\n|t:|1776282021\n|switch|p1b: Ninetales|Ninetales-Alola, L50, F|100/100\n|-weather|Snowscape|[from] ability: Snow Warning|[of] p1b: Ninetales\n|detailschange|p1a: Lopunny|Lopunny-Mega, L50, F, shiny\n|-mega|p1a: Lopunny|Lopunny|Lopunnite\n|move|p2b: Basculegion|Flip Turn|p1b: Ninetales\n|-damage|p1b: Ninetales|63/100\n|\n|t:|1776282031\n|switch|p2b: Pelipper|Pelipper, L50, F|100/100|[from] Flip Turn\n|-weather|RainDance|[from] ability: Drizzle|[of] p2b: Pelipper\n|move|p1a: Lopunny|Close Combat|p2a: Lucario\n|-supereffective|p2a: Lucario|1\n|-damage|p2a: Lucario|0 fnt\n|-unboost|p1a: Lopunny|def|1\n|-unboost|p1a: Lopunny|spd|1\n|faint|p2a: Lucario\n|\n|-weather|RainDance|[upkeep]\n|upkeep\n|\n|t:|1776282045\n|switch|p2a: Basculegion|Basculegion, L50, M|100/100\n|turn|2\n|\n|t:|1776282063\n|move|p1a: Lopunny|Protect|p1a: Lopunny\n|-singleturn|p1a: Lopunny|Protect\n|move|p2a: Basculegion|Wave Crash|p1b: Ninetales\n|-damage|p1b: Ninetales|0 fnt\n|faint|p1b: Ninetales\n|-damage|p2a: Basculegion|85/100|[from] Recoil\n|move|p2b: Pelipper|Hurricane|p1a: Lopunny\n|-activate|p1a: Lopunny|move: Protect\n|\n|-weather|RainDance|[upkeep]\n|upkeep\n|\n|t:|1776282070\n|switch|p1b: Ditto|Ditto, L50|100/100\n|-transform|p1b: Ditto|p2a: Basculegion|[from] ability: Imposter\n|turn|3\n|\n|t:|1776282090\n|switch|p2a: Archaludon|Archaludon, L50, M|100/100\n|switch|p1a: Rotom|Rotom-Heat, L50|100/100\n|move|p1b: Ditto|Last Respects|p2a: Archaludon\n|-damage|p2a: Archaludon|59/100\n|-ability|p2a: Archaludon|Stamina|boost\n|-boost|p2a: Archaludon|def|1\n|move|p2b: Pelipper|Hurricane|p1a: Rotom\n|-resisted|p1a: Rotom|1\n|-damage|p1a: Rotom|71/100\n|-start|p1a: Rotom|confusion\n|\n|-weather|RainDance|[upkeep]\n|-heal|p2a: Archaludon|65/100|[from] item: Leftovers\n|upkeep\n|turn|4\n|\n|t:|1776282107\n|move|p2a: Archaludon|Protect|p2a: Archaludon\n|-singleturn|p2a: Archaludon|Protect\n|move|p1b: Ditto|Last Respects|p2b: Pelipper\n|-damage|p2b: Pelipper|28/100\n|move|p2b: Pelipper|Hurricane|p1b: Ditto\n|-damage|p1b: Ditto|32/100\n|-activate|p1a: Rotom|confusion\n|move|p1a: Rotom|Volt Switch|p2b: Pelipper\n|-supereffective|p2b: Pelipper|2\n|-damage|p2b: Pelipper|0 fnt\n|faint|p2b: Pelipper\n|\n|t:|1776282118\n|switch|p1a: Lopunny|Lopunny-Mega, L50, F, shiny|100/100|[from] Volt Switch\n|\n|-weather|RainDance|[upkeep]\n|-heal|p2a: Archaludon|71/100|[from] item: Leftovers\n|upkeep\n|\n|t:|1776282121\n|switch|p2b: Basculegion|Basculegion, L50, M|85/100\n|turn|5\n|inactive|Battle timer is ON: inactive players will automatically lose when time's up. (requested by joshferd)\n|\n|t:|1776282182\n|move|p1b: Ditto|Last Respects|p2b: Basculegion\n|-supereffective|p2b: Basculegion|1\n|-damage|p2b: Basculegion|0 fnt\n|faint|p2b: Basculegion\n|move|p1a: Lopunny|Encore|p2a: Archaludon\n|-start|p2a: Archaludon|Encore\n|move|p2a: Archaludon|Protect||[still]\n|-fail|p2a: Archaludon\n|\n|-weather|none\n|-heal|p2a: Archaludon|77/100|[from] item: Leftovers\n|upkeep\n|turn|6\n|\n|t:|1776282196\n|move|p2a: Archaludon|Protect|p2a: Archaludon\n|-singleturn|p2a: Archaludon|Protect\n|move|p1b: Ditto|Last Respects|p2a: Archaludon\n|-activate|p2a: Archaludon|move: Protect\n|move|p1a: Lopunny|Close Combat|p2a: Archaludon\n|-activate|p2a: Archaludon|move: Protect\n|\n|-heal|p2a: Archaludon|83/100|[from] item: Leftovers\n|upkeep\n|turn|7\n|\n|t:|1776282200\n|move|p2a: Archaludon|Protect||[still]\n|-fail|p2a: Archaludon\n|move|p1b: Ditto|Last Respects|p2a: Archaludon\n|-damage|p2a: Archaludon|58/100\n|-ability|p2a: Archaludon|Stamina|boost\n|-boost|p2a: Archaludon|def|1\n|move|p1a: Lopunny|Close Combat|p2a: Archaludon\n|-supereffective|p2a: Archaludon|1\n|-damage|p2a: Archaludon|14/100\n|-unboost|p1a: Lopunny|def|1\n|-unboost|p1a: Lopunny|spd|1\n|-ability|p2a: Archaludon|Stamina|boost\n|-boost|p2a: Archaludon|def|1\n|\n|-heal|p2a: Archaludon|20/100|[from] item: Leftovers\n|-end|p2a: Archaludon|Encore\n|upkeep\n|turn|8\n|-message|auraguardian343 forfeited.\n|\n|win|joshferd\n|raw|joshferd's rating: 1148 &rarr; <strong>1172</strong><br />(+24 for winning)\n|raw|auraguardian343's rating: 1138 &rarr; <strong>1114</strong><br />(-24 for losing)\n|l|\u2606auraguardian343\n|player|p2|\n",
  "uploadtime": 1776282211,
  "views": 25,
  "formatid": "gen9championsvgc2026regma",
  "rating": 1114,
  "private": 0,
  "password": null
}