{
  "id": "gen9championsvgc2026regma-2587261136",
  "format": "[Gen 9 Champions] VGC 2026 Reg M-A",
  "players": [
    "zmiski",
    "mtnchad69"
  ],
  "log": "|j|\u2606zmiski\n|j|\u2606mtnchad69\n|t:|1776515674\n|gametype|doubles\n|player|p1|zmiski|266|1193\n|player|p2|mtnchad69|brycen|1187\n|gen|9\n|tier|[Gen 9 Champions] VGC 2026 Reg M-A\n|rated|\n|rule|Species Clause: Limit one of each Pok\u00e9mon\n|rule|Item Clause: Limit 1 of each item\n|clearpoke\n|poke|p1|Ninetales-Alola, L50, F|\n|poke|p1|Meganium, L50, M|\n|poke|p1|Ditto, L50|\n|poke|p1|Incineroar, L50, M|\n|poke|p1|Rotom-Wash, L50|\n|poke|p1|Sneasler, L50, F|\n|poke|p2|Floette-Eternal, L50, F|\n|poke|p2|Talonflame, L50, M, shiny|\n|poke|p2|Whimsicott, L50, M|\n|poke|p2|Garchomp, L50, F|\n|poke|p2|Aegislash, L50, M|\n|poke|p2|Charizard, L50, M, shiny|\n|teampreview|4\n|c|\u2606mtnchad69|DITTO?\n|c|\u2606zmiski|;)\n|\n|t:|1776515727\n|teamsize|p1|4\n|teamsize|p2|4\n|start\n|switch|p1a: Rotom|Rotom-Wash, L50|100/100\n|switch|p1b: Ninetales|Ninetales-Alola, L50, F|100/100\n|switch|p2a: Evil Rillaboom|Talonflame, L50, M, shiny|100/100\n|switch|p2b: ZA HANDO|Garchomp, L50, F|100/100\n|-weather|Snowscape|[from] ability: Snow Warning|[of] p1b: Ninetales\n|turn|1\n|c|\u2606mtnchad69|that's so funny\n|\n|t:|1776515749\n|move|p1b: Ninetales|Protect|p1b: Ninetales\n|-singleturn|p1b: Ninetales|Protect\n|move|p2a: Evil Rillaboom|Tailwind|p2a: Evil Rillaboom\n|-sidestart|p2: mtnchad69|move: Tailwind\n|move|p2b: ZA HANDO|Stone Edge|p1b: Ninetales\n|-activate|p1b: Ninetales|move: Protect\n|move|p1a: Rotom|Thunderbolt|p2a: Evil Rillaboom\n|-supereffective|p2a: Evil Rillaboom|1\n|-damage|p2a: Evil Rillaboom|0 fnt\n|faint|p2a: Evil Rillaboom\n|\n|-weather|Snowscape|[upkeep]\n|upkeep\n|\n|t:|1776515761\n|switch|p2a: Dio|Aegislash, L50, M|100/100\n|turn|2\n|\n|t:|1776515773\n|switch|p1b: Incineroar|Incineroar, L50, M|100/100\n|-ability|p1b: Incineroar|Intimidate|boost\n|-unboost|p2a: Dio|atk|1\n|-unboost|p2b: ZA HANDO|atk|1\n|move|p2b: ZA HANDO|Protect|p2b: ZA HANDO\n|-singleturn|p2b: ZA HANDO|Protect\n|-formechange|p2a: Dio|Aegislash-Blade|\n|move|p2a: Dio|Iron Head|p1b: Incineroar\n|-resisted|p1b: Incineroar|1\n|-damage|p1b: Incineroar|85/100\n|move|p1a: Rotom|Hydro Pump|p2b: ZA HANDO\n|-activate|p2b: ZA HANDO|move: Protect\n|\n|-weather|Snowscape|[upkeep]\n|upkeep\n|turn|3\n|\n|t:|1776515806\n|switch|p2b: OH MY GOD THE SUN|Charizard, L50, M, shiny|100/100\n|-formechange|p2a: Dio|Aegislash|\n|move|p2a: Dio|King's Shield|p2a: Dio\n|-singleturn|p2a: Dio|Protect\n|move|p1a: Rotom|Thunderbolt|p2a: Dio\n|-activate|p2a: Dio|move: Protect\n|move|p1b: Incineroar|Flare Blitz|p2a: Dio\n|-activate|p2a: Dio|move: Protect\n|-unboost|p1b: Incineroar|atk|1\n|\n|-weather|Snowscape|[upkeep]\n|upkeep\n|turn|4\n|\n|t:|1776515843\n|switch|p2a: ZA HANDO|Garchomp, L50, F|100/100\n|detailschange|p2b: OH MY GOD THE SUN|Charizard-Mega-Y, L50, M, shiny\n|-mega|p2b: OH MY GOD THE SUN|Charizard|Charizardite Y\n|-weather|SunnyDay|[from] ability: Drought|[of] p2b: OH MY GOD THE SUN\n|move|p2b: OH MY GOD THE SUN|Solar Beam||[still]\n|-prepare|p2b: OH MY GOD THE SUN|Solar Beam\n|-anim|p2b: OH MY GOD THE SUN|Solar Beam|p1a: Rotom\n|-supereffective|p1a: Rotom|1\n|-damage|p1a: Rotom|0 fnt\n|faint|p1a: Rotom\n|move|p1b: Incineroar|Flare Blitz|p2a: ZA HANDO\n|-resisted|p2a: ZA HANDO|1\n|-damage|p2a: ZA HANDO|70/100\n|-damage|p1b: Incineroar|73/100|[from] ability: Rough Skin|[of] p2a: ZA HANDO\n|-damage|p1b: Incineroar|63/100|[from] Recoil\n|\n|-weather|SunnyDay|[upkeep]\n|-sideend|p2: mtnchad69|move: Tailwind\n|upkeep\n|\n|t:|1776515852\n|switch|p1a: Ditto|Ditto, L50|100/100\n|-transform|p1a: Ditto|p2b: OH MY GOD THE SUN|[from] ability: Imposter\n|turn|5\n|\n|t:|1776515882\n|switch|p2b: Dio|Aegislash, L50, M|100/100\n|move|p1a: Ditto|Heat Wave|p2a: ZA HANDO|[spread] p2a,p2b\n|-resisted|p2a: ZA HANDO|1\n|-supereffective|p2b: Dio|1\n|-damage|p2a: ZA HANDO|34/100\n|-damage|p2b: Dio|2/100\n|move|p2a: ZA HANDO|Stone Edge|p1a: Ditto\n|-supereffective|p1a: Ditto|2\n|-damage|p1a: Ditto|0 fnt\n|faint|p1a: Ditto\n|move|p1b: Incineroar|Parting Shot|p2b: Dio\n|-unboost|p2b: Dio|atk|1\n|-unboost|p2b: Dio|spa|1\n|\n|t:|1776515887\n|switch|p1b: Ninetales|Ninetales-Alola, L50, F|100/100|[from] Parting Shot\n|-weather|Snowscape|[from] ability: Snow Warning|[of] p1b: Ninetales\n|\n|-weather|Snowscape|[upkeep]\n|upkeep\n|\n|t:|1776515890\n|switch|p1a: Incineroar|Incineroar, L50, M|63/100\n|-ability|p1a: Incineroar|Intimidate|boost\n|-unboost|p2a: ZA HANDO|atk|1\n|-unboost|p2b: Dio|atk|1\n|turn|6\n|\n|t:|1776515933\n|move|p2b: Dio|King's Shield|p2b: Dio\n|-singleturn|p2b: Dio|Protect\n|move|p1a: Incineroar|Fake Out|p2a: ZA HANDO\n|-damage|p2a: ZA HANDO|21/100\n|-damage|p1a: Incineroar|51/100|[from] ability: Rough Skin|[of] p2a: ZA HANDO\n|move|p1b: Ninetales|Moonblast|p2a: ZA HANDO\n|-supereffective|p2a: ZA HANDO|1\n|-damage|p2a: ZA HANDO|0 fnt\n|faint|p2a: ZA HANDO\n|\n|-weather|Snowscape|[upkeep]\n|upkeep\n|\n|t:|1776515943\n|switch|p2a: OH MY GOD THE SUN|Charizard-Mega-Y, L50, M, shiny|100/100\n|-weather|SunnyDay|[from] ability: Drought|[of] p2a: OH MY GOD THE SUN\n|turn|7\n|\n|t:|1776515957\n|move|p1b: Ninetales|Protect|p1b: Ninetales\n|-singleturn|p1b: Ninetales|Protect\n|-formechange|p2b: Dio|Aegislash-Blade|\n|move|p2b: Dio|Shadow Sneak|p1b: Ninetales\n|-activate|p1b: Ninetales|move: Protect\n|move|p2a: OH MY GOD THE SUN|Heat Wave|p1b: Ninetales|[spread] p1a\n|-activate|p1b: Ninetales|move: Protect\n|-resisted|p1a: Incineroar|1\n|-damage|p1a: Incineroar|22/100\n|-enditem|p1a: Incineroar|Sitrus Berry|[eat]\n|-heal|p1a: Incineroar|47/100|[from] item: Sitrus Berry\n|move|p1a: Incineroar|Parting Shot|p2a: OH MY GOD THE SUN\n|-unboost|p2a: OH MY GOD THE SUN|atk|1\n|-unboost|p2a: OH MY GOD THE SUN|spa|1\n|\n|-weather|SunnyDay|[upkeep]\n|upkeep\n|turn|8\n|\n|t:|1776515976\n|move|p1b: Ninetales|Moonblast|p2a: OH MY GOD THE SUN\n|-resisted|p2a: OH MY GOD THE SUN|1\n|-damage|p2a: OH MY GOD THE SUN|83/100\n|move|p2a: OH MY GOD THE SUN|Weather Ball|p1b: Ninetales\n|-supereffective|p1b: Ninetales|1\n|-damage|p1b: Ninetales|0 fnt\n|faint|p1b: Ninetales\n|move|p2b: Dio|Poltergeist||[still]\n|-fail|p2b: Dio\n|move|p1a: Incineroar|Parting Shot|p2a: OH MY GOD THE SUN\n|-unboost|p2a: OH MY GOD THE SUN|atk|1\n|-unboost|p2a: OH MY GOD THE SUN|spa|1\n|\n|-weather|SunnyDay|[upkeep]\n|upkeep\n|turn|9\n|\n|t:|1776516002\n|move|p2a: OH MY GOD THE SUN|Weather Ball|p1a: Incineroar\n|-resisted|p1a: Incineroar|1\n|-damage|p1a: Incineroar|25/100\n|move|p2b: Dio|Iron Head|p1a: Incineroar\n|-resisted|p1a: Incineroar|1\n|-damage|p1a: Incineroar|14/100\n|move|p1a: Incineroar|Darkest Lariat|p2a: OH MY GOD THE SUN\n|-damage|p2a: OH MY GOD THE SUN|25/100\n|\n|-weather|SunnyDay|[upkeep]\n|upkeep\n|turn|10\n|c|\u2606zmiski|ggs\n|c|\u2606mtnchad69|gg\n|\n|t:|1776516016\n|move|p2a: OH MY GOD THE SUN|Weather Ball|p1a: Incineroar\n|-resisted|p1a: Incineroar|1\n|-damage|p1a: Incineroar|0 fnt\n|faint|p1a: Incineroar\n|\n|win|mtnchad69\n|raw|zmiski's rating: 1193 &rarr; <strong>1168</strong><br />(-25 for losing)\n|raw|mtnchad69's rating: 1187 &rarr; <strong>1212</strong><br />(+25 for winning)\n|l|\u2606zmiski\n|player|p1|\n",
  "uploadtime": 1776516043,
  "views": 12,
  "formatid": "gen9championsvgc2026regma",
  "rating": 1168,
  "private": 0,
  "password": null
}