{
  "id": "gen9championsvgc2026regma-2582092080",
  "format": "[Gen 9 Champions] VGC 2026 Reg M-A",
  "players": [
    "kukuxia",
    "bojingle"
  ],
  "log": "|j|\u2606kukuxia\n|j|\u2606bojingle\n|t:|1776056844\n|gametype|doubles\n|player|p1|kukuxia|101|1024\n|player|p2|bojingle|workerice|1041\n|gen|9\n|tier|[Gen 9 Champions] VGC 2026 Reg M-A\n|rated|\n|rule|Species Clause: Limit one of each Pok\u00e9mon\n|rule|Item Clause: Limit 1 of each item\n|clearpoke\n|poke|p1|Excadrill, L50, F|\n|poke|p1|Hawlucha, L50, M|\n|poke|p1|Archaludon, L50, F|\n|poke|p1|Incineroar, L50, M|\n|poke|p1|Garganacl, L50, F|\n|poke|p1|Snorlax, L50, M|\n|poke|p2|Farigiraf, L50, F|\n|poke|p2|Golurk, L50|\n|poke|p2|Hatterene, L50, F|\n|poke|p2|Torkoal, L50, F|\n|poke|p2|Venusaur, L50, F|\n|poke|p2|Kangaskhan, L50, F|\n|teampreview|4\nbojingle has agreed to open team sheets.\n|\n|t:|1776056883\n|teamsize|p1|4\n|teamsize|p2|4\n|start\n|switch|p1a: Hawlucha|Hawlucha, L50, M|100/100\n|switch|p1b: Excadrill|Excadrill, L50, F|100/100\n|switch|p2a: Farigiraf|Farigiraf, L50, F|100/100\n|switch|p2b: Golurk|Golurk, L50, shiny|100/100\n|-ability|p1b: Excadrill|Mold Breaker\n|turn|1\n|\n|t:|1776056899\n|detailschange|p1a: Hawlucha|Hawlucha-Mega, L50, M\n|-mega|p1a: Hawlucha|Hawlucha|Hawluchanite\n|move|p1a: Hawlucha|Entrainment|p1b: Excadrill\n|-ability|p1b: Excadrill|No Guard|Mold Breaker|[from] move: Entrainment|[of] p1a: Hawlucha\n|move|p1b: Excadrill|Horn Drill|p2a: Farigiraf\n|-damage|p2a: Farigiraf|0 fnt\n|faint|p2a: Farigiraf\n|-ohko\n|move|p2b: Golurk|Dynamic Punch|p1b: Excadrill\n|-supereffective|p1b: Excadrill|1\n|-damage|p1b: Excadrill|3/100\n|-start|p1b: Excadrill|confusion\n|\n|upkeep\n|\n|t:|1776056916\n|switch|p2a: Venusaur|Venusaur, L50, F|100/100\n|turn|2\n|\n|t:|1776056939\n|switch|p1a: Incineroar|Incineroar, L50, M|100/100\n|-ability|p1a: Incineroar|Intimidate|boost\n|-unboost|p2a: Venusaur|atk|1\n|-unboost|p2b: Golurk|atk|1\n|-activate|p1b: Excadrill|confusion\n|move|p1b: Excadrill|Horn Drill|p2a: Venusaur\n|-damage|p2a: Venusaur|0 fnt\n|faint|p2a: Venusaur\n|-ohko\n|move|p2b: Golurk|Thunder Punch|p1a: Incineroar\n|-damage|p1a: Incineroar|85/100\n|\n|upkeep\n|\n|t:|1776056950\n|switch|p2a: Kangaskhan|Kangaskhan, L50, F|100/100\n|turn|3\n|\n|t:|1776056962\n|move|p2a: Kangaskhan|Fake Out|p1b: Excadrill\n|-resisted|p1b: Excadrill|1\n|-damage|p1b: Excadrill|0 fnt\n|faint|p1b: Excadrill\n|move|p1a: Incineroar|Fake Out|p2a: Kangaskhan\n|-damage|p2a: Kangaskhan|91/100\n|move|p2b: Golurk|Dynamic Punch|p1a: Incineroar\n|-supereffective|p1a: Incineroar|1\n|-damage|p1a: Incineroar|43/100\n|-start|p1a: Incineroar|confusion\n|-enditem|p1a: Incineroar|Sitrus Berry|[eat]\n|-heal|p1a: Incineroar|68/100|[from] item: Sitrus Berry\n|\n|-heal|p2a: Kangaskhan|97/100|[from] item: Leftovers\n|upkeep\n|\n|t:|1776056971\n|switch|p1b: Hawlucha|Hawlucha-Mega, L50, M|100/100\n|turn|4\n|\n|t:|1776056990\n|move|p2a: Kangaskhan|Helping Hand|p2b: Golurk\n|-singleturn|p2b: Golurk|Helping Hand|[of] p2a: Kangaskhan\n|move|p1b: Hawlucha|High Jump Kick|p2a: Kangaskhan\n|-supereffective|p2a: Kangaskhan|1\n|-crit|p2a: Kangaskhan\n|-damage|p2a: Kangaskhan|0 fnt\n|faint|p2a: Kangaskhan\n|-activate|p1a: Incineroar|confusion\n|move|p1a: Incineroar|Will-O-Wisp|p2b: Golurk\n|-status|p2b: Golurk|brn\n|move|p2b: Golurk|Thunder Punch|p1b: Hawlucha\n|-supereffective|p1b: Hawlucha|1\n|-damage|p1b: Hawlucha|73/100\n|\n|-damage|p2b: Golurk|95/100 brn|[from] brn\n|upkeep\n|turn|5\n|\n|t:|1776057016\n|move|p1b: Hawlucha|Protect|p1b: Hawlucha\n|-singleturn|p1b: Hawlucha|Protect\n|-end|p1a: Incineroar|confusion\n|move|p1a: Incineroar|Parting Shot|p2b: Golurk\n|-unboost|p2b: Golurk|atk|1\n|-unboost|p2b: Golurk|spa|1\n|\n|t:|1776057022\n|switch|p1a: Garganacl|Garganacl, L50, F|100/100|[from] Parting Shot\n|move|p2b: Golurk|Thunder Punch|p1b: Hawlucha\n|-activate|p1b: Hawlucha|move: Protect\n|\n|-damage|p2b: Golurk|89/100 brn|[from] brn\n|upkeep\n|turn|6\n|\n|t:|1776057039\n|move|p1b: Hawlucha|Encore|p2b: Golurk\n|-start|p2b: Golurk|Encore\n|move|p2b: Golurk|Thunder Punch|p1a: Garganacl\n|-damage|p1a: Garganacl|97/100\n|move|p1a: Garganacl|Salt Cure|p2b: Golurk\n|-resisted|p2b: Golurk|1\n|-damage|p2b: Golurk|80/100 brn\n|-start|p2b: Golurk|Salt Cure\n|\n|-heal|p1a: Garganacl|100/100|[from] item: Leftovers\n|-damage|p2b: Golurk|74/100 brn|[from] brn\n|-damage|p2b: Golurk|68/100 brn|[from] Salt Cure\n|upkeep\n|turn|7\n|\n|t:|1776057056\n|move|p1b: Hawlucha|Protect|p1b: Hawlucha\n|-singleturn|p1b: Hawlucha|Protect\n|move|p2b: Golurk|Thunder Punch|p1b: Hawlucha\n|-activate|p1b: Hawlucha|move: Protect\n|move|p1a: Garganacl|Earthquake|p2b: Golurk|[spread] p2b\n|-activate|p1b: Hawlucha|move: Protect\n|-crit|p2b: Golurk\n|-damage|p2b: Golurk|39/100 brn\n|\n|-damage|p2b: Golurk|33/100 brn|[from] brn\n|-damage|p2b: Golurk|27/100 brn|[from] Salt Cure\n|upkeep\n|turn|8\n|-message|bojingle forfeited.\n|\n|win|kukuxia\n|raw|kukuxia's rating: 1024 &rarr; <strong>1062</strong><br />(+38 for winning)\n|raw|bojingle's rating: 1041 &rarr; <strong>1024</strong><br />(-17 for losing)\n|l|\u2606bojingle\n|player|p2|\n",
  "uploadtime": 1776057076,
  "views": 12,
  "formatid": "gen9championsvgc2026regma",
  "rating": 1024,
  "private": 0,
  "password": null
}