{
  "id": "gen9championsvgc2026regma-2586485652",
  "format": "[Gen 9 Champions] VGC 2026 Reg M-A",
  "players": [
    "jibanyan0721",
    "CarbMmm"
  ],
  "log": "|j|\u2606jibanyan0721\n|j|\u2606CarbMmm\n|t:|1776437933\n|gametype|doubles\n|player|p1|jibanyan0721|102|1037\n|player|p2|CarbMmm|170|1040\n|gen|9\n|tier|[Gen 9 Champions] VGC 2026 Reg M-A\n|rated|\n|rule|Species Clause: Limit one of each Pok\u00e9mon\n|rule|Item Clause: Limit 1 of each item\n|clearpoke\n|poke|p1|Garchomp, L50, F|\n|poke|p1|Basculegion, L50, M|\n|poke|p1|Hatterene, L50, F|\n|poke|p1|Blastoise, L50, F|\n|poke|p1|Incineroar, L50, F|\n|poke|p1|Dragonite, L50, M|\n|poke|p2|Audino, L50, F|\n|poke|p2|Arcanine, L50, M|\n|poke|p2|Klefki, L50, M|\n|poke|p2|Milotic, L50, F|\n|poke|p2|Farigiraf, L50, F|\n|poke|p2|Talonflame, L50, M|\n|teampreview|4\n|inactive|Battle timer is ON: inactive players will automatically lose when time's up. (requested by CarbMmm)\n|inactive|CarbMmm has 60 seconds left.\n|\n|t:|1776437965\n|teamsize|p1|4\n|teamsize|p2|4\n|start\n|switch|p1a: Dragonite|Dragonite, L50, M|100/100\n|switch|p1b: Basculegion|Basculegion, L50, M|100/100\n|switch|p2a: Farigiraf|Farigiraf, L50, F|100/100\n|switch|p2b: Audino|Audino, L50, F|100/100\n|turn|1\n|\n|t:|1776437985\n|detailschange|p2b: Audino|Audino-Mega, L50, F\n|-mega|p2b: Audino|Audino|Audinite\n|move|p1b: Basculegion|Flip Turn|p2a: Farigiraf\n|-damage|p2a: Farigiraf|79/100\n|\n|t:|1776437989\n|switch|p1b: Incineroar|Incineroar, L50, F|100/100|[from] Flip Turn\n|-ability|p1b: Incineroar|Intimidate|boost\n|-unboost|p2a: Farigiraf|atk|1\n|-unboost|p2b: Audino|atk|1\n|move|p1a: Dragonite|Dragon Claw|p2a: Farigiraf\n|-damage|p2a: Farigiraf|49/100\n|-enditem|p2a: Farigiraf|Sitrus Berry|[eat]\n|-heal|p2a: Farigiraf|73/100|[from] item: Sitrus Berry\n|move|p2a: Farigiraf|Hyper Voice|p1b: Incineroar|[spread] p1a,p1b\n|-damage|p1a: Dragonite|76/100\n|-damage|p1b: Incineroar|79/100\n|move|p2b: Audino|Calm Mind|p2b: Audino\n|-boost|p2b: Audino|spa|1\n|-boost|p2b: Audino|spd|1\n|\n|upkeep\n|turn|2\n|\n|t:|1776438010\n|move|p1a: Dragonite|Protect|p1a: Dragonite\n|-singleturn|p1a: Dragonite|Protect\n|move|p2a: Farigiraf|Skill Swap|p1b: Incineroar\n|-activate|p2a: Farigiraf|Skill Swap|Intimidate|Armor Tail|[of] p1b: Incineroar\n|-ability|p2a: Farigiraf|Intimidate|boost\n|-fail|p1a: Dragonite|unboost|Attack|[from] ability: Inner Focus|[of] p1a: Dragonite\n|-unboost|p1b: Incineroar|atk|1\n|move|p1b: Incineroar|Throat Chop|p2a: Farigiraf\n|-supereffective|p2a: Farigiraf|1\n|-damage|p2a: Farigiraf|35/100\n|-start|p2a: Farigiraf|Throat Chop|[silent]\n|move|p2b: Audino|Calm Mind|p2b: Audino\n|-boost|p2b: Audino|spa|1\n|-boost|p2b: Audino|spd|1\n|\n|upkeep\n|turn|3\n|\n|t:|1776438029\n|switch|p2a: Arcanine|Arcanine, L50, M|100/100\n|-ability|p2a: Arcanine|Intimidate|boost\n|-fail|p1a: Dragonite|unboost|Attack|[from] ability: Inner Focus|[of] p1a: Dragonite\n|-unboost|p1b: Incineroar|atk|1\n|move|p1a: Dragonite|Dragon Claw|p2a: Arcanine\n|-damage|p2a: Arcanine|55/100\n|move|p1b: Incineroar|Parting Shot|p2b: Audino\n|-unboost|p2b: Audino|atk|1\n|-unboost|p2b: Audino|spa|1\n|\n|t:|1776438044\n|switch|p1b: Basculegion|Basculegion, L50, M|100/100|[from] Parting Shot\n|move|p2b: Audino|Draining Kiss|p1a: Dragonite\n|-supereffective|p1a: Dragonite|1\n|-damage|p1a: Dragonite|16/100\n|\n|upkeep\n|turn|4\n|\n|t:|1776438069\n|switch|p1a: Incineroar|Incineroar, L50, F|79/100\n|-ability|p1a: Incineroar|Intimidate|boost\n|-unboost|p2a: Arcanine|atk|1\n|-unboost|p2b: Audino|atk|1\n|switch|p2a: Milotic|Milotic, L50, F|100/100\n|move|p1b: Basculegion|Wave Crash|p2a: Milotic\n|-resisted|p2a: Milotic|1\n|-damage|p2a: Milotic|68/100\n|-damage|p1b: Basculegion|90/100|[from] Recoil\n|move|p2b: Audino|Draining Kiss|p1b: Basculegion\n|-damage|p1b: Basculegion|53/100\n|\n|-heal|p2a: Milotic|74/100|[from] item: Leftovers\n|upkeep\n|turn|5\n|\n|t:|1776438091\n|move|p2b: Audino|Protect|p2b: Audino\n|-singleturn|p2b: Audino|Protect\n|move|p1a: Incineroar|Fake Out|p2b: Audino\n|-activate|p2b: Audino|move: Protect\n|move|p1b: Basculegion|Wave Crash|p2b: Audino\n|-activate|p2b: Audino|move: Protect\n|move|p2a: Milotic|Scald|p1a: Incineroar\n|-supereffective|p1a: Incineroar|1\n|-damage|p1a: Incineroar|32/100\n|-enditem|p1a: Incineroar|Sitrus Berry|[eat]\n|-heal|p1a: Incineroar|56/100|[from] item: Sitrus Berry\n|\n|-heal|p2a: Milotic|80/100|[from] item: Leftovers\n|upkeep\n|turn|6\n|\n|t:|1776438109\n|switch|p1b: Dragonite|Dragonite, L50, M|16/100\n|switch|p2a: Arcanine|Arcanine, L50, M|55/100\n|-ability|p2a: Arcanine|Intimidate|boost\n|-unboost|p1a: Incineroar|atk|1\n|-fail|p1b: Dragonite|unboost|Attack|[from] ability: Inner Focus|[of] p1b: Dragonite\n|move|p1a: Incineroar|Parting Shot|p2b: Audino\n|-unboost|p2b: Audino|atk|1\n|-unboost|p2b: Audino|spa|1\n|inactive|jibanyan0721 has 30 seconds left.\n|\n|t:|1776438137\n|switch|p1a: Basculegion|Basculegion, L50, M|53/100|[from] Parting Shot\n|move|p2b: Audino|Hyper Voice|p1b: Dragonite|[spread] p1b\n|-immune|p1a: Basculegion\n|-damage|p1b: Dragonite|0 fnt\n|faint|p1b: Dragonite\n|\n|upkeep\n|\n|t:|1776438148\n|switch|p1b: Incineroar|Incineroar, L50, F|56/100\n|-ability|p1b: Incineroar|Intimidate|boost\n|-unboost|p2a: Arcanine|atk|1\n|-unboost|p2b: Audino|atk|1\n|turn|7\n|\n|t:|1776438156\n|switch|p2a: Farigiraf|Farigiraf, L50, F|35/100\n|move|p1b: Incineroar|Fake Out||[still]\n|cant|p2a: Farigiraf|ability: Armor Tail|Fake Out|[of] p1b: Incineroar\n|move|p1a: Basculegion|Last Respects|p2a: Farigiraf\n|-immune|p2a: Farigiraf\n|move|p2b: Audino|Draining Kiss|p1a: Basculegion\n|-damage|p1a: Basculegion|30/100\n|\n|upkeep\n|turn|8\n|-message|jibanyan0721 forfeited.\n|\n|win|CarbMmm\n|raw|jibanyan0721's rating: 1037 &rarr; <strong>1022</strong><br />(-15 for losing)\n|raw|CarbMmm's rating: 1040 &rarr; <strong>1074</strong><br />(+34 for winning)\n|l|\u2606jibanyan0721\n|player|p1|\n|c|\u2606CarbMmm|shit on\n",
  "uploadtime": 1776438173,
  "views": 20,
  "formatid": "gen9championsvgc2026regma",
  "rating": 1022,
  "private": 0,
  "password": null
}