{
  "id": "gen9championsvgc2026regma-2584890677",
  "format": "[Gen 9 Champions] VGC 2026 Reg M-A",
  "players": [
    "kynshi",
    "halalchi"
  ],
  "log": "|j|\u2606kynshi\n|j|\u2606halalchi\n|t:|1776291958\n|gametype|doubles\n|player|p1|kynshi|red|1111\n|player|p2|halalchi|dawn|1089\n|gen|9\n|tier|[Gen 9 Champions] VGC 2026 Reg M-A\n|rated|\n|rule|Species Clause: Limit one of each Pok\u00e9mon\n|rule|Item Clause: Limit 1 of each item\n|clearpoke\n|poke|p1|Whimsicott, L50, F|\n|poke|p1|Charizard, L50, M|\n|poke|p1|Garchomp, L50, M|\n|poke|p1|Incineroar, L50, M|\n|poke|p1|Venusaur, L50, F|\n|poke|p1|Sneasler, L50, M|\n|poke|p2|Sylveon, L50, M|\n|poke|p2|Camerupt, L50, F|\n|poke|p2|Farigiraf, L50, F|\n|poke|p2|Slowbro-Galar, L50, F|\n|poke|p2|Hatterene, L50, F|\n|poke|p2|Incineroar, L50, M|\n|teampreview|4\n|inactive|Battle timer is ON: inactive players will automatically lose when time's up. (requested by kynshi)\n|inactive|kynshi has 60 seconds left.\n|inactive|halalchi has 60 seconds left.\n|\n|t:|1776292014\n|teamsize|p1|4\n|teamsize|p2|4\n|start\n|switch|p1a: Wata|Whimsicott, L50, F|100/100\n|switch|p1b: Charizard|Charizard, L50, M|100/100\n|switch|p2a: Slowbro|Slowbro-Galar, L50, F|100/100\n|switch|p2b: Incineroar|Incineroar, L50, M|100/100\n|-ability|p2b: Incineroar|Intimidate|boost\n|-unboost|p1a: Wata|atk|1\n|-unboost|p1b: Charizard|atk|1\n|turn|1\n|-activate|p2a: Slowbro|item: Quick Claw\n|\n|t:|1776292027\n|move|p1a: Wata|Protect|p1a: Wata\n|-singleturn|p1a: Wata|Protect\n|move|p1b: Charizard|Protect|p1b: Charizard\n|-singleturn|p1b: Charizard|Protect\n|move|p2b: Incineroar|Fake Out|p1b: Charizard\n|-activate|p1b: Charizard|move: Protect\n|move|p2a: Slowbro|Trick Room|p2a: Slowbro\n|-fieldstart|move: Trick Room|[of] p2a: Slowbro\n|\n|upkeep\n|turn|2\n|\n|t:|1776292051\n|switch|p1b: Sneasler|Sneasler, L50, M|100/100\n|move|p1a: Wata|Encore|p2a: Slowbro\n|-start|p2a: Slowbro|Encore\n|move|p2b: Incineroar|Parting Shot|p1b: Sneasler\n|-unboost|p1b: Sneasler|atk|1\n|-unboost|p1b: Sneasler|spa|1\n|\n|t:|1776292063\n|switch|p2b: Camerupt|Camerupt, L50, F|100/100|[from] Parting Shot\n|-enditem|p1b: Sneasler|White Herb\n|-clearnegativeboost|p1b: Sneasler|[silent]\n|move|p2a: Slowbro|Trick Room|p2a: Slowbro\n|-fieldend|move: Trick Room\n|\n|upkeep\n|turn|3\n|inactive|kynshi has 30 seconds left.\n|inactive|halalchi has 30 seconds left.\n|\n|t:|1776292093\n|switch|p1a: Charizard|Charizard, L50, M|100/100\n|switch|p2a: Incineroar|Incineroar, L50, M|100/100\n|-ability|p2a: Incineroar|Intimidate|boost\n|-unboost|p1a: Charizard|atk|1\n|-unboost|p1b: Sneasler|atk|1\n|move|p2b: Camerupt|Protect|p2b: Camerupt\n|-singleturn|p2b: Camerupt|Protect\n|move|p1b: Sneasler|Taunt|p2a: Incineroar\n|-start|p2a: Incineroar|move: Taunt\n|\n|upkeep\n|turn|4\n|\n|t:|1776292117\n|detailschange|p2b: Camerupt|Camerupt-Mega, L50, F\n|-mega|p2b: Camerupt|Camerupt|Cameruptite\n|move|p1a: Charizard|Protect|p1a: Charizard\n|-singleturn|p1a: Charizard|Protect\n|move|p2a: Incineroar|Fake Out|p1a: Charizard\n|-activate|p1a: Charizard|move: Protect\n|move|p1b: Sneasler|Close Combat|p2a: Incineroar\n|-supereffective|p2a: Incineroar|1\n|-damage|p2a: Incineroar|14/100\n|-unboost|p1b: Sneasler|def|1\n|-unboost|p1b: Sneasler|spd|1\n|move|p2b: Camerupt|Eruption|p1b: Sneasler|[spread] p1b\n|-activate|p1a: Charizard|move: Protect\n|-damage|p1b: Sneasler|0 fnt\n|faint|p1b: Sneasler\n|\n|upkeep\n|\n|t:|1776292133\n|switch|p1b: Venusaur|Venusaur, L50, F, shiny|100/100\n|turn|5\n|\n|t:|1776292154\n|detailschange|p1a: Charizard|Charizard-Mega-Y, L50, M\n|-mega|p1a: Charizard|Charizard|Charizardite Y\n|-weather|SunnyDay|[from] ability: Drought|[of] p1a: Charizard\n|move|p1b: Venusaur|Sleep Powder|p2b: Camerupt\n|-status|p2b: Camerupt|slp|[from] move: Sleep Powder\n|move|p1a: Charizard|Heat Wave|p2b: Camerupt|[spread] p2a,p2b\n|-resisted|p2a: Incineroar|1\n|-resisted|p2b: Camerupt|1\n|-damage|p2a: Incineroar|0 fnt\n|-damage|p2b: Camerupt|63/100 slp\n|faint|p2a: Incineroar\n|cant|p2b: Camerupt|slp\n|\n|-weather|SunnyDay|[upkeep]\n|upkeep\n|\n|t:|1776292159\n|switch|p2a: Slowbro|Slowbro-Galar, L50, F|100/100\n|turn|6\n|\n|t:|1776292178\n|move|p1b: Venusaur|Sleep Powder|p2a: Slowbro\n|-status|p2a: Slowbro|slp|[from] move: Sleep Powder\n|move|p1a: Charizard|Heat Wave|p2b: Camerupt|[spread] p2a,p2b\n|-resisted|p2b: Camerupt|1\n|-damage|p2a: Slowbro|32/100 slp\n|-damage|p2b: Camerupt|31/100 slp\n|cant|p2b: Camerupt|slp\n|cant|p2a: Slowbro|slp\n|\n|-weather|SunnyDay|[upkeep]\n|upkeep\n|turn|7\n|\n|t:|1776292195\n|move|p1b: Venusaur|Sludge Bomb|p2b: Camerupt\n|-resisted|p2b: Camerupt|1\n|-damage|p2b: Camerupt|13/100 slp\n|move|p1a: Charizard|Heat Wave|p2b: Camerupt|[spread] p2a,p2b\n|-resisted|p2b: Camerupt|1\n|-damage|p2a: Slowbro|0 fnt\n|-damage|p2b: Camerupt|0 fnt\n|faint|p2a: Slowbro\n|faint|p2b: Camerupt\n|\n|-weather|SunnyDay|[upkeep]\n|upkeep\n|-message|halalchi forfeited.\n|\n|win|kynshi\n|raw|kynshi's rating: 1111 &rarr; <strong>1134</strong><br />(+23 for winning)\n|raw|halalchi's rating: 1089 &rarr; <strong>1067</strong><br />(-22 for losing)\n|l|\u2606halalchi\n|player|p2|\n",
  "uploadtime": 1776292209,
  "views": 19,
  "formatid": "gen9championsvgc2026regma",
  "rating": 1067,
  "private": 0,
  "password": null
}