{
  "id": "gen9championsvgc2026regma-2586267919",
  "format": "[Gen 9 Champions] VGC 2026 Reg M-A",
  "players": [
    "EXSA",
    "TinoD"
  ],
  "log": "|j|\u2606EXSA\n|j|\u2606TinoD\n|t:|1776419387\n|gametype|doubles\n|player|p1|EXSA|2|1187\n|player|p2|TinoD|preschooler|1214\n|gen|9\n|tier|[Gen 9 Champions] VGC 2026 Reg M-A\n|rated|\n|rule|Species Clause: Limit one of each Pok\u00e9mon\n|rule|Item Clause: Limit 1 of each item\n|clearpoke\n|poke|p1|Charizard, L50, F|\n|poke|p1|Incineroar, L50, M|\n|poke|p1|Maushold-Four, L50|\n|poke|p1|Garchomp, L50, M|\n|poke|p1|Whimsicott, L50, F|\n|poke|p1|Kingambit, L50, M|\n|poke|p2|Dragonite, L50, M|\n|poke|p2|Incineroar, L50, M|\n|poke|p2|Pelipper, L50, F|\n|poke|p2|Garchomp, L50, M|\n|poke|p2|Basculegion, L50, M|\n|poke|p2|Rotom-Wash, L50|\n|teampreview|4\n|inactive|Battle timer is ON: inactive players will automatically lose when time's up. (requested by TinoD)\n|inactive|EXSA has 60 seconds left.\n|inactive|TinoD has 60 seconds left.\n|inactive|EXSA has 30 seconds left.\n|inactive|TinoD has 30 seconds left.\n|inactive|TinoD has 20 seconds left.\n|inactive|TinoD has 15 seconds left.\n|inactive|TinoD has 10 seconds left.\n|inactive|TinoD has 5 seconds left.\n|\n|t:|1776419475\n|teamsize|p1|4\n|teamsize|p2|4\n|start\n|switch|p1a: Kingambit|Kingambit, L50, M|100/100\n|switch|p1b: Incineroar|Incineroar, L50, M|100/100\n|switch|p2a: Incineroar|Incineroar, L50, M|100/100\n|switch|p2b: Basculegion|Basculegion, L50, M|100/100\n|-ability|p2a: Incineroar|Intimidate|boost\n|-unboost|p1a: Kingambit|atk|1\n|-ability|p1a: Kingambit|Defiant|boost\n|-boost|p1a: Kingambit|atk|2\n|-unboost|p1b: Incineroar|atk|1\n|-ability|p1b: Incineroar|Intimidate|boost\n|-unboost|p2a: Incineroar|atk|1\n|-unboost|p2b: Basculegion|atk|1\n|turn|1\n|\n|t:|1776419492\n|switch|p1b: Whimsicott|Whimsicott, L50, F|100/100\n|move|p1a: Kingambit|Protect|p1a: Kingambit\n|-singleturn|p1a: Kingambit|Protect\n|move|p2a: Incineroar|Fake Out|p1a: Kingambit\n|-activate|p1a: Kingambit|move: Protect\n|move|p2b: Basculegion|Wave Crash|p1b: Whimsicott\n|-resisted|p1b: Whimsicott|1\n|-damage|p1b: Whimsicott|61/100\n|-damage|p2b: Basculegion|92/100|[from] Recoil\n|\n|upkeep\n|turn|2\n|\n|t:|1776419511\n|switch|p2b: Garchomp|Garchomp, L50, M|100/100\n|move|p1b: Whimsicott|Tailwind|p1b: Whimsicott\n|-sidestart|p1: EXSA|move: Tailwind\n|move|p1a: Kingambit|Kowtow Cleave|p2b: Garchomp\n|-damage|p2b: Garchomp|10/100\n|-damage|p1a: Kingambit|88/100|[from] ability: Rough Skin|[of] p2b: Garchomp\n|move|p2a: Incineroar|Close Combat|p1a: Kingambit\n|-supereffective|p1a: Kingambit|2\n|-damage|p1a: Kingambit|11/100\n|-unboost|p2a: Incineroar|def|1\n|-unboost|p2a: Incineroar|spd|1\n|\n|upkeep\n|turn|3\n|\n|t:|1776419536\n|switch|p2b: Basculegion|Basculegion, L50, M|92/100\n|move|p1a: Kingambit|Protect|p1a: Kingambit\n|-singleturn|p1a: Kingambit|Protect\n|move|p1b: Whimsicott|Moonblast|p2b: Basculegion\n|-damage|p2b: Basculegion|55/100\n|move|p2a: Incineroar|Close Combat|p1a: Kingambit\n|-activate|p1a: Kingambit|move: Protect\n|\n|upkeep\n|turn|4\n|\n|t:|1776419549\n|switch|p1a: Incineroar|Incineroar, L50, M|100/100\n|-ability|p1a: Incineroar|Intimidate|boost\n|-unboost|p2a: Incineroar|atk|1\n|-unboost|p2b: Basculegion|atk|1\n|switch|p2b: Garchomp|Garchomp, L50, M|10/100\n|move|p1b: Whimsicott|Moonblast|p2a: Incineroar\n|-damage|p2a: Incineroar|54/100\n|move|p2a: Incineroar|Close Combat|p1a: Incineroar\n|-supereffective|p1a: Incineroar|1\n|-damage|p1a: Incineroar|64/100\n|-unboost|p2a: Incineroar|def|1\n|-unboost|p2a: Incineroar|spd|1\n|\n|-heal|p2a: Incineroar|60/100|[from] item: Leftovers\n|upkeep\n|turn|5\n|\n|t:|1776419564\n|switch|p2b: Basculegion|Basculegion, L50, M|55/100\n|move|p1a: Incineroar|Fake Out|p2b: Basculegion\n|-immune|p2b: Basculegion\n|move|p1b: Whimsicott|Moonblast|p2a: Incineroar\n|-damage|p2a: Incineroar|0 fnt\n|faint|p2a: Incineroar\n|\n|-sideend|p1: EXSA|move: Tailwind\n|upkeep\n|\n|t:|1776419578\n|switch|p2a: Pelipper|Pelipper, L50, F|100/100\n|-weather|RainDance|[from] ability: Drizzle|[of] p2a: Pelipper\n|turn|6\n|inactive|EXSA has 30 seconds left.\n|\n|t:|1776419609\n|move|p1b: Whimsicott|Sunny Day|p1b: Whimsicott\n|-weather|SunnyDay\n|move|p2a: Pelipper|Hurricane|p1b: Whimsicott|[miss]\n|-miss|p2a: Pelipper|p1b: Whimsicott\n|move|p2b: Basculegion|Flip Turn|p1a: Incineroar\n|-supereffective|p1a: Incineroar|1\n|-damage|p1a: Incineroar|29/100\n|-enditem|p1a: Incineroar|Sitrus Berry|[eat]\n|-heal|p1a: Incineroar|54/100|[from] item: Sitrus Berry\n|\n|t:|1776419616\n|switch|p2b: Garchomp|Garchomp, L50, M|10/100|[from] Flip Turn\n|move|p1a: Incineroar|Throat Chop|p2b: Garchomp\n|-damage|p2b: Garchomp|0 fnt\n|-damage|p1a: Incineroar|42/100|[from] ability: Rough Skin|[of] p2b: Garchomp\n|faint|p2b: Garchomp\n|\n|-weather|SunnyDay|[upkeep]\n|upkeep\n|\n|t:|1776419618\n|switch|p2b: Basculegion|Basculegion, L50, M|55/100\n|turn|7\n|\n|t:|1776419633\n|move|p1b: Whimsicott|Tailwind|p1b: Whimsicott\n|-sidestart|p1: EXSA|move: Tailwind\n|move|p2a: Pelipper|Hurricane|p1b: Whimsicott\n|-supereffective|p1b: Whimsicott|1\n|-damage|p1b: Whimsicott|0 fnt\n|faint|p1b: Whimsicott\n|move|p1a: Incineroar|Throat Chop|p2b: Basculegion\n|-supereffective|p2b: Basculegion|1\n|-damage|p2b: Basculegion|0 fnt\n|faint|p2b: Basculegion\n|\n|-weather|SunnyDay|[upkeep]\n|upkeep\n|\n|t:|1776419642\n|switch|p1b: Kingambit|Kingambit, L50, M|11/100\n|turn|8\n|\n|t:|1776419648\n|move|p1b: Kingambit|Sucker Punch|p2a: Pelipper\n|-damage|p2a: Pelipper|40/100\n|move|p2a: Pelipper|Hurricane|p1b: Kingambit|[miss]\n|-miss|p2a: Pelipper|p1b: Kingambit\n|move|p1a: Incineroar|Throat Chop|p2a: Pelipper\n|-damage|p2a: Pelipper|0 fnt\n|faint|p2a: Pelipper\n|\n|win|EXSA\n|raw|EXSA's rating: 1187 &rarr; <strong>1214</strong><br />(+27 for winning)\n|raw|TinoD's rating: 1214 &rarr; <strong>1187</strong><br />(-27 for losing)\n|l|\u2606TinoD\n|player|p2|\n",
  "uploadtime": 1776419656,
  "views": 23,
  "formatid": "gen9championsvgc2026regma",
  "rating": 1187,
  "private": 0,
  "password": null
}