{
  "id": "gen9championsvgc2026regma-2587407729",
  "format": "[Gen 9 Champions] VGC 2026 Reg M-A",
  "players": [
    "shieldar",
    "MrMagikarplml"
  ],
  "log": "|j|\u2606shieldar\n|j|\u2606MrMagikarplml\n|t:|1776529293\n|gametype|doubles\n|player|p1|shieldar|169|1107\n|player|p2|MrMagikarplml|chuck|1080\n|gen|9\n|tier|[Gen 9 Champions] VGC 2026 Reg M-A\n|rated|\n|rule|Species Clause: Limit one of each Pok\u00e9mon\n|rule|Item Clause: Limit 1 of each item\n|clearpoke\n|poke|p1|Passimian, L50, F, shiny|\n|poke|p1|Incineroar, L50, F|\n|poke|p1|Dragonite, L50, M|\n|poke|p1|Sinistcha, L50|\n|poke|p1|Tinkaton, L50, F|\n|poke|p1|Aerodactyl, L50, M|\n|poke|p2|Whimsicott, L50, F|\n|poke|p2|Charizard, L50, M|\n|poke|p2|Incineroar, L50, M|\n|poke|p2|Kingambit, L50, M|\n|poke|p2|Garchomp, L50, F|\n|poke|p2|Sneasler, L50, M|\n|teampreview|4\n|inactive|Battle timer is ON: inactive players will automatically lose when time's up. (requested by MrMagikarplml)\nshieldar rejected open team sheets.\n|inactive|MrMagikarplml has 60 seconds left.\n|\n|t:|1776529324\n|teamsize|p1|4\n|teamsize|p2|4\n|start\n|switch|p1a: Aerodactyl|Aerodactyl, L50, M|100/100\n|switch|p1b: Passimian|Passimian, L50, F, shiny|100/100\n|switch|p2a: Whimsicott|Whimsicott, L50, F|100/100\n|switch|p2b: Garchomp|Garchomp, L50, F|100/100\n|turn|1\n|\n|t:|1776529342\n|move|p1b: Passimian|Protect|p1b: Passimian\n|-singleturn|p1b: Passimian|Protect\n|move|p2a: Whimsicott|Tailwind|p2a: Whimsicott\n|-sidestart|p2: MrMagikarplml|move: Tailwind\n|move|p2b: Garchomp|Rock Slide|p1b: Passimian|[spread] p1a\n|-activate|p1b: Passimian|move: Protect\n|-supereffective|p1a: Aerodactyl|1\n|-damage|p1a: Aerodactyl|43/100\n|move|p1a: Aerodactyl|Dual Wingbeat|p2a: Whimsicott\n|-supereffective|p2a: Whimsicott|1\n|-damage|p2a: Whimsicott|42/100\n|-supereffective|p2a: Whimsicott|1\n|-damage|p2a: Whimsicott|0 fnt\n|faint|p2a: Whimsicott\n|-hitcount|p2: Whimsicott|2\n|\n|upkeep\n|\n|t:|1776529361\n|switch|p2a: Incineroar|Incineroar, L50, M|100/100\n|-ability|p2a: Incineroar|Intimidate|boost\n|-unboost|p1a: Aerodactyl|atk|1\n|-unboost|p1b: Passimian|atk|1\n|-ability|p1b: Passimian|Defiant|boost\n|-boost|p1b: Passimian|atk|2\n|turn|2\n|\n|t:|1776529371\n|move|p2a: Incineroar|Fake Out|p1b: Passimian\n|-damage|p1b: Passimian|88/100\n|cant|p1b: Passimian|flinch\n|move|p2b: Garchomp|Rock Slide|p1b: Passimian|[spread] p1a\n|-miss|p2b: Garchomp|p1b: Passimian\n|-supereffective|p1a: Aerodactyl|1\n|-damage|p1a: Aerodactyl|0 fnt\n|faint|p1a: Aerodactyl\n|\n|upkeep\n|c|\u2606shieldar|evs on ur incin?\n|\n|t:|1776529395\n|switch|p1a: Dragonite|Dragonite, L50, M|100/100\n|turn|3\n|inactive|MrMagikarplml has 30 seconds left.\n|\n|t:|1776529420\n|detailschange|p1a: Dragonite|Dragonite-Mega, L50, M\n|-mega|p1a: Dragonite|Dragonite|Dragoninite\n|move|p2b: Garchomp|Dragon Claw|p1a: Dragonite\n|-supereffective|p1a: Dragonite|1\n|-damage|p1a: Dragonite|63/100\n|move|p2a: Incineroar|Parting Shot|p1a: Dragonite\n|-unboost|p1a: Dragonite|atk|1\n|-unboost|p1a: Dragonite|spa|1\n|\n|t:|1776529429\n|switch|p2a: Sneasler|Sneasler, L50, M|100/100|[from] Parting Shot\n|move|p1a: Dragonite|Ice Beam|p2b: Garchomp\n|-supereffective|p2b: Garchomp|2\n|-damage|p2b: Garchomp|0 fnt\n|faint|p2b: Garchomp\n|move|p1b: Passimian|Close Combat|p2a: Sneasler\n|-resisted|p2a: Sneasler|1\n|-damage|p2a: Sneasler|13/100\n|-unboost|p1b: Passimian|def|1\n|-unboost|p1b: Passimian|spd|1\n|-enditem|p1b: Passimian|White Herb\n|-clearnegativeboost|p1b: Passimian|[silent]\n|\n|upkeep\n|\n|t:|1776529443\n|switch|p2b: Incineroar|Incineroar, L50, M|100/100\n|-ability|p2b: Incineroar|Intimidate|boost\n|-unboost|p1a: Dragonite|atk|1\n|-unboost|p1b: Passimian|atk|1\n|-ability|p1b: Passimian|Defiant|boost\n|-boost|p1b: Passimian|atk|2\n|turn|4\n|inactive|MrMagikarplml has 30 seconds left.\n|\n|t:|1776529473\n|move|p1a: Dragonite|Protect|p1a: Dragonite\n|-singleturn|p1a: Dragonite|Protect\n|move|p2a: Sneasler|Fake Out|p1b: Passimian\n|-damage|p1b: Passimian|74/100\n|move|p2b: Incineroar|Fake Out|p1a: Dragonite\n|-activate|p1a: Dragonite|move: Protect\n|cant|p1b: Passimian|flinch\n|\n|-sideend|p2: MrMagikarplml|move: Tailwind\n|upkeep\n|turn|5\n|inactive|MrMagikarplml has 30 seconds left.\n|\n|t:|1776529501\n|move|p2a: Sneasler|Close Combat|p1b: Passimian\n|-damage|p1b: Passimian|7/100\n|-unboost|p2a: Sneasler|def|1\n|-unboost|p2a: Sneasler|spd|1\n|-enditem|p2a: Sneasler|White Herb\n|-clearnegativeboost|p2a: Sneasler|[silent]\n|move|p1a: Dragonite|Ice Beam|p2a: Sneasler\n|-damage|p2a: Sneasler|0 fnt\n|faint|p2a: Sneasler\n|move|p1b: Passimian|Close Combat|p2b: Incineroar\n|-supereffective|p2b: Incineroar|1\n|-damage|p2b: Incineroar|0 fnt\n|-unboost|p1b: Passimian|def|1\n|-unboost|p1b: Passimian|spd|1\n|faint|p2b: Incineroar\n|\n|win|shieldar\n|raw|shieldar's rating: 1107 &rarr; <strong>1130</strong><br />(+23 for winning)\n|raw|MrMagikarplml's rating: 1080 &rarr; <strong>1060</strong><br />(-20 for losing)\n|l|\u2606MrMagikarplml\n|player|p2|\n",
  "uploadtime": 1776529578,
  "views": 11,
  "formatid": "gen9championsvgc2026regma",
  "rating": 1060,
  "private": 0,
  "password": null
}