{
  "id": "gen9championsvgc2026regma-2588932912",
  "format": "[Gen 9 Champions] VGC 2026 Reg M-A",
  "players": [
    "Virone",
    "jingming"
  ],
  "log": "|j|\u2606Virone\n|j|\u2606jingming\n|t:|1776687186\n|gametype|doubles\n|player|p1|Virone|veteranf|1291\n|player|p2|jingming|rosa|1215\n|gen|9\n|tier|[Gen 9 Champions] VGC 2026 Reg M-A\n|rated|\n|rule|Species Clause: Limit one of each Pok\u00e9mon\n|rule|Item Clause: Limit 1 of each item\n|clearpoke\n|poke|p1|Charizard, L50, M|\n|poke|p1|Serperior, L50, M|\n|poke|p1|Aerodactyl, L50, M|\n|poke|p1|Sinistcha, L50|\n|poke|p1|Rotom-Wash, L50, shiny|\n|poke|p1|Lopunny, L50, F, shiny|\n|poke|p2|Aerodactyl, L50, F|\n|poke|p2|Tyranitar, L50, M|\n|poke|p2|Excadrill, L50, M|\n|poke|p2|Corviknight, L50, F|\n|poke|p2|Sinistcha, L50|\n|poke|p2|Dragapult, L50, M|\n|teampreview|4\n|inactive|Battle timer is ON: inactive players will automatically lose when time's up. (requested by jingming)\n|inactive|Virone has 60 seconds left.\n|inactive|jingming has 60 seconds left.\n|\n|t:|1776687220\n|teamsize|p1|4\n|teamsize|p2|4\n|start\n|switch|p1a: Lopunny|Lopunny, L50, F, shiny|100/100\n|switch|p1b: Aerodactyl|Aerodactyl, L50, M|100/100\n|switch|p2a: Corviknight|Corviknight, L50, F|100/100\n|switch|p2b: Excadrill|Excadrill, L50, M|100/100\n|-ability|p1b: Aerodactyl|Unnerve\n|turn|1\n|\n|t:|1776687241\n|detailschange|p1a: Lopunny|Lopunny-Mega, L50, F, shiny\n|-mega|p1a: Lopunny|Lopunny|Lopunnite\n|move|p2b: Excadrill|Rock Slide|p1b: Aerodactyl|[spread] p1a,p1b\n|-resisted|p1a: Lopunny|1\n|-supereffective|p1b: Aerodactyl|1\n|-damage|p1a: Lopunny|88/100\n|-damage|p1b: Aerodactyl|33/100\n|move|p1a: Lopunny|U-turn|p2a: Corviknight\n|-resisted|p2a: Corviknight|2\n|-damage|p2a: Corviknight|96/100\n|\n|t:|1776687254\n|switch|p1a: Rotom|Rotom-Wash, L50, shiny|100/100|[from] U-turn\n|move|p1b: Aerodactyl|Tailwind|p1b: Aerodactyl\n|-sidestart|p1: Virone|move: Tailwind\n|move|p2a: Corviknight|Brave Bird|p1a: Rotom\n|-resisted|p1a: Rotom|1\n|-damage|p1a: Rotom|81/100\n|-damage|p2a: Corviknight|91/100|[from] Recoil\n|\n|-heal|p2a: Corviknight|97/100|[from] item: Leftovers\n|upkeep\n|turn|2\n|\n|t:|1776687265\n|switch|p2a: Sinistcha|Sinistcha, L50|100/100\n|move|p1b: Aerodactyl|Rock Slide|p2a: Sinistcha|[spread] p2a,p2b\n|-resisted|p2b: Excadrill|2\n|-damage|p2a: Sinistcha|83/100\n|-damage|p2b: Excadrill|92/100\n|move|p2b: Excadrill|Rock Slide|p1a: Rotom|[spread] p1b\n|-miss|p2b: Excadrill|p1a: Rotom\n|-supereffective|p1b: Aerodactyl|1\n|-damage|p1b: Aerodactyl|0 fnt\n|faint|p1b: Aerodactyl\n|move|p1a: Rotom|Hydro Pump|p2b: Excadrill|[miss]\n|-miss|p1a: Rotom|p2b: Excadrill\n|\n|upkeep\n|\n|t:|1776687275\n|switch|p1b: Lopunny|Lopunny-Mega, L50, F, shiny|88/100\n|turn|3\n|\n|t:|1776687288\n|move|p1b: Lopunny|Fake Out|p2b: Excadrill\n|-resisted|p2b: Excadrill|1\n|-damage|p2b: Excadrill|76/100\n|move|p2a: Sinistcha|Rage Powder|p2a: Sinistcha\n|-singleturn|p2a: Sinistcha|move: Rage Powder\n|cant|p2b: Excadrill|flinch\n|move|p1a: Rotom|Hydro Pump|p2a: Sinistcha\n|-resisted|p2a: Sinistcha|1\n|-damage|p2a: Sinistcha|52/100\n|\n|upkeep\n|turn|4\n|\n|t:|1776687298\n|move|p2a: Sinistcha|Rage Powder|p2a: Sinistcha\n|-singleturn|p2a: Sinistcha|move: Rage Powder\n|move|p1b: Lopunny|Triple Axel|p2a: Sinistcha\n|-supereffective|p2a: Sinistcha|1\n|-damage|p2a: Sinistcha|40/100\n|-supereffective|p2a: Sinistcha|1\n|-damage|p2a: Sinistcha|20/100\n|-supereffective|p2a: Sinistcha|1\n|-damage|p2a: Sinistcha|0 fnt\n|faint|p2a: Sinistcha\n|-hitcount|p2: Sinistcha|3\n|move|p2b: Excadrill|Rock Slide|p1b: Lopunny|[spread] p1a,p1b\n|-resisted|p1b: Lopunny|1\n|-damage|p1a: Rotom|62/100\n|-damage|p1b: Lopunny|75/100\n|cant|p1a: Rotom|flinch\n|\n|-sideend|p1: Virone|move: Tailwind\n|upkeep\n|\n|t:|1776687314\n|switch|p2a: Dragapult|Dragapult, L50, M|100/100\n|turn|5\n|\n|t:|1776687333\n|switch|p2b: Corviknight|Corviknight, L50, F|97/100\n|move|p2a: Dragapult|Will-O-Wisp|p1b: Lopunny\n|-status|p1b: Lopunny|brn\n|move|p1b: Lopunny|Close Combat|p2b: Corviknight\n|-damage|p2b: Corviknight|71/100\n|-unboost|p1b: Lopunny|def|1\n|-unboost|p1b: Lopunny|spd|1\n|move|p1a: Rotom|Hydro Pump|p2b: Corviknight\n|-crit|p2b: Corviknight\n|-damage|p2b: Corviknight|19/100\n|\n|-heal|p2b: Corviknight|24/100|[from] item: Leftovers\n|-damage|p1b: Lopunny|69/100 brn|[from] brn\n|upkeep\n|turn|6\n|\n|t:|1776687352\n|move|p2a: Dragapult|Shadow Ball|p1a: Rotom\n|-damage|p1a: Rotom|16/100\n|-enditem|p1a: Rotom|Sitrus Berry|[eat]\n|-heal|p1a: Rotom|41/100|[from] item: Sitrus Berry\n|move|p1b: Lopunny|U-turn|p2a: Dragapult\n|-resisted|p2a: Dragapult|1\n|-damage|p2a: Dragapult|91/100\n|\n|t:|1776687358\n|switch|p1b: Serperior|Serperior, L50, M|100/100|[from] U-turn\n|move|p1a: Rotom|Electroweb|p2b: Corviknight|[spread] p2a,p2b\n|-resisted|p2a: Dragapult|1\n|-supereffective|p2b: Corviknight|1\n|-damage|p2a: Dragapult|78/100\n|-damage|p2b: Corviknight|0 fnt\n|faint|p2b: Corviknight\n|\n|upkeep\n|\n|t:|1776687365\n|switch|p2b: Excadrill|Excadrill, L50, M|76/100\n|turn|7\n|\n|t:|1776687375\n|move|p2b: Excadrill|Iron Head|p1b: Serperior\n|-damage|p1b: Serperior|47/100\n|move|p2a: Dragapult|Shadow Ball|p1a: Rotom\n|-damage|p1a: Rotom|0 fnt\n|faint|p1a: Rotom\n|move|p1b: Serperior|Glare|p2b: Excadrill\n|-status|p2b: Excadrill|par\n|\n|upkeep\n|\n|t:|1776687382\n|switch|p1a: Lopunny|Lopunny-Mega, L50, F, shiny|69/100 brn\n|turn|8\n|\n|t:|1776687399\n|move|p1a: Lopunny|Fake Out|p2a: Dragapult\n|-damage|p2a: Dragapult|64/100\n|cant|p2a: Dragapult|flinch\n|move|p1b: Serperior|Dragon Pulse|p2a: Dragapult\n|-supereffective|p2a: Dragapult|1\n|-damage|p2a: Dragapult|4/100\n|move|p2b: Excadrill|Iron Head|p1a: Lopunny\n|-damage|p1a: Lopunny|15/100 brn\n|\n|-damage|p1a: Lopunny|9/100 brn|[from] brn\n|upkeep\n|turn|9\n|\n|t:|1776687419\n|move|p2a: Dragapult|Protect|p2a: Dragapult\n|-singleturn|p2a: Dragapult|Protect\n|move|p1a: Lopunny|Close Combat|p2b: Excadrill\n|-supereffective|p2b: Excadrill|1\n|-damage|p2b: Excadrill|0 fnt\n|-unboost|p1a: Lopunny|def|1\n|-unboost|p1a: Lopunny|spd|1\n|faint|p2b: Excadrill\n|move|p1b: Serperior|Leaf Storm|p2a: Dragapult\n|-activate|p2a: Dragapult|move: Protect\n|\n|-damage|p1a: Lopunny|3/100 brn|[from] brn\n|upkeep\n|turn|10\n|\n|t:|1776687433\n|move|p2a: Dragapult|Protect||[still]\n|-fail|p2a: Dragapult\n|move|p1a: Lopunny|Close Combat|p2a: Dragapult\n|-damage|p2a: Dragapult|0 fnt\n|-unboost|p1a: Lopunny|def|1\n|-unboost|p1a: Lopunny|spd|1\n|faint|p2a: Dragapult\n|\n|win|Virone\n|raw|Virone's rating: 1291 &rarr; <strong>1311</strong><br />(+20 for winning)\n|raw|jingming's rating: 1215 &rarr; <strong>1195</strong><br />(-20 for losing)\n",
  "uploadtime": 1776687438,
  "views": 3,
  "formatid": "gen9championsvgc2026regma",
  "rating": 1195,
  "private": 0,
  "password": null
}