{
  "id": "gen9championsvgc2026regma-2586097896",
  "format": "[Gen 9 Champions] VGC 2026 Reg M-A",
  "players": [
    "BGY\u2605LiEL",
    "Saachan46"
  ],
  "log": "|j|\u2606BGY\u2605LiEL\n|j|\u2606Saachan46\n|t:|1776398747\n|gametype|doubles\n|player|p1|BGY\u2605LiEL|169|1287\n|player|p2|Saachan46|170|1290\n|gen|9\n|tier|[Gen 9 Champions] VGC 2026 Reg M-A\n|rated|\n|rule|Species Clause: Limit one of each Pok\u00e9mon\n|rule|Item Clause: Limit 1 of each item\n|clearpoke\n|poke|p1|Emolga, L50, F|\n|poke|p1|Sneasler, L50, F|\n|poke|p1|Snorlax, L50, M|\n|poke|p1|Steelix, L50, M|\n|poke|p1|Tyranitar, L50, M|\n|poke|p1|Sinistcha-Masterpiece, L50|\n|poke|p2|Floette-Eternal, L50, F|\n|poke|p2|Aegislash, L50, M|\n|poke|p2|Incineroar, L50, M|\n|poke|p2|Sneasler, L50, M|\n|poke|p2|Rotom-Wash, L50|\n|poke|p2|Greninja-*, L50, M|\n|teampreview|4\n|j| kunal56\n|\n|t:|1776398792\n|teamsize|p1|4\n|teamsize|p2|4\n|start\n|switch|p1a: Sneasler|Sneasler, L50, F|100/100\n|switch|p1b: Sinistcha|Sinistcha-Masterpiece, L50|100/100\n|switch|p2a: Greninja|Greninja, L50, M|100/100\n|switch|p2b: Sneasler|Sneasler, L50, M|100/100\n|turn|1\n|l| kunal56\n|\n|t:|1776398831\n|detailschange|p2a: Greninja|Greninja-Mega, L50, M\n|-mega|p2a: Greninja|Greninja|Greninjite\n|move|p1a: Sneasler|Fake Out|p2a: Greninja\n|-damage|p2a: Greninja|79/100\n|move|p2b: Sneasler|Fake Out|p1a: Sneasler\n|-damage|p1a: Sneasler|77/100\n|cant|p2a: Greninja|flinch\n|move|p1b: Sinistcha|Trick Room|p1b: Sinistcha\n|-fieldstart|move: Trick Room|[of] p1b: Sinistcha\n|\n|upkeep\n|turn|2\n|\n|t:|1776398851\n|switch|p2a: Incineroar|Incineroar, L50, M|100/100\n|-ability|p2a: Incineroar|Intimidate|boost\n|-unboost|p1a: Sneasler|atk|1\n|-unboost|p1b: Sinistcha|atk|1\n|-enditem|p1a: Sneasler|White Herb\n|-clearnegativeboost|p1a: Sneasler|[silent]\n|move|p1b: Sinistcha|Matcha Gotcha|p2b: Sneasler|[spread] p2a,p2b\n|-resisted|p2a: Incineroar|1\n|-resisted|p2b: Sneasler|1\n|-damage|p2a: Incineroar|90/100\n|-damage|p2b: Sneasler|84/100\n|move|p2b: Sneasler|Dire Claw|p1b: Sinistcha\n|-damage|p1b: Sinistcha|71/100\n|move|p1a: Sneasler|Close Combat|p2b: Sneasler\n|-resisted|p2b: Sneasler|1\n|-damage|p2b: Sneasler|32/100\n|-unboost|p1a: Sneasler|def|1\n|-unboost|p1a: Sneasler|spd|1\n|\n|upkeep\n|turn|3\n|\n|t:|1776398874\n|switch|p1a: Snorlax|Snorlax, L50, M|100/100\n|move|p2b: Sneasler|Protect|p2b: Sneasler\n|-singleturn|p2b: Sneasler|Protect\n|move|p2a: Incineroar|Flare Blitz|p1a: Snorlax\n|-damage|p1a: Snorlax|82/100\n|-damage|p2a: Incineroar|83/100|[from] Recoil\n|move|p1b: Sinistcha|Matcha Gotcha|p2b: Sneasler|[spread] p2a\n|-activate|p2b: Sneasler|move: Protect\n|-resisted|p2a: Incineroar|1\n|-damage|p2a: Incineroar|73/100\n|-heal|p1b: Sinistcha|77/100|[from] drain|[of] p2a: Incineroar\n|\n|upkeep\n|turn|4\n|\n|t:|1776398892\n|switch|p1b: Sneasler|Sneasler, L50, F|77/100\n|switch|p2b: Rotom|Rotom-Wash, L50|100/100\n|move|p1a: Snorlax|High Horsepower|p2b: Rotom\n|-immune|p2b: Rotom|[from] ability: Levitate\n|move|p2a: Incineroar|Flare Blitz|p1b: Sneasler\n|-damage|p1b: Sneasler|0 fnt\n|faint|p1b: Sneasler\n|-damage|p2a: Incineroar|53/100|[from] Recoil\n|\n|upkeep\n|\n|t:|1776398899\n|switch|p1b: Sinistcha|Sinistcha-Masterpiece, L50|77/100\n|-heal|p1a: Snorlax|100/100|[from] ability: Hospitality|[of] p1b: Sinistcha\n|turn|5\n|\n|t:|1776398917\n|move|p1a: Snorlax|Belly Drum|p1a: Snorlax\n|-damage|p1a: Snorlax|50/100\n|-setboost|p1a: Snorlax|atk|6|[from] move: Belly Drum\n|-enditem|p1a: Snorlax|Sitrus Berry|[eat]\n|-heal|p1a: Snorlax|75/100|[from] item: Sitrus Berry\n|move|p1b: Sinistcha|Matcha Gotcha|p2a: Incineroar|[spread] p2a,p2b\n|-resisted|p2a: Incineroar|1\n|-supereffective|p2b: Rotom|1\n|-damage|p2a: Incineroar|43/100\n|-heal|p1b: Sinistcha|83/100|[from] drain|[of] p2a: Incineroar\n|-damage|p2b: Rotom|37/100\n|-heal|p1b: Sinistcha|100/100|[from] drain|[of] p2b: Rotom\n|-status|p2b: Rotom|brn\n|-enditem|p2a: Incineroar|Sitrus Berry|[eat]\n|-heal|p2a: Incineroar|68/100|[from] item: Sitrus Berry\n|move|p2a: Incineroar|Parting Shot|p1a: Snorlax\n|-unboost|p1a: Snorlax|atk|1\n|-unboost|p1a: Snorlax|spa|1\n|\n|t:|1776398925\n|switch|p2a: Greninja|Greninja-Mega, L50, M|79/100|[from] Parting Shot\n|move|p2b: Rotom|Volt Switch|p1a: Snorlax\n|-damage|p1a: Snorlax|52/100\n|\n|t:|1776398928\n|switch|p2b: Sneasler|Sneasler, L50, M|32/100|[from] Volt Switch\n|\n|-fieldend|move: Trick Room\n|upkeep\n|turn|6\n|\n|t:|1776398934\n|move|p1a: Snorlax|Protect|p1a: Snorlax\n|-singleturn|p1a: Snorlax|Protect\n|move|p2a: Greninja|Dark Pulse|p1b: Sinistcha\n|-start|p2a: Greninja|typechange|Dark|[from] ability: Protean\n|-supereffective|p1b: Sinistcha|1\n|-damage|p1b: Sinistcha|0 fnt\n|faint|p1b: Sinistcha\n|move|p2b: Sneasler|Close Combat|p1a: Snorlax\n|-activate|p1a: Snorlax|move: Protect\n|\n|upkeep\n|\n|t:|1776398939\n|switch|p1b: Steelix|Steelix, L50, M|100/100\n|turn|7\n|-message|BGY\u2605LiEL forfeited.\n|\n|win|Saachan46\n|raw|BGY\u2605LiEL's rating: 1287 &rarr; <strong>1262</strong><br />(-25 for losing)\n|raw|Saachan46's rating: 1290 &rarr; <strong>1315</strong><br />(+25 for winning)\n",
  "uploadtime": 1776398941,
  "views": 45,
  "formatid": "gen9championsvgc2026regma",
  "rating": 1262,
  "private": 0,
  "password": null
}