{
  "id": "gen9championsvgc2026regma-2584453846",
  "format": "[Gen 9 Champions] VGC 2026 Reg M-A",
  "players": [
    "petercastf14",
    "NathanaelW19"
  ],
  "log": "|j|\u2606petercastf14\n|j|\u2606NathanaelW19\n|t:|1776261957\n|gametype|doubles\n|player|p1|petercastf14|266|1199\n|player|p2|NathanaelW19|dragontamer|1217\n|gen|9\n|tier|[Gen 9 Champions] VGC 2026 Reg M-A\n|rated|\n|rule|Species Clause: Limit one of each Pok\u00e9mon\n|rule|Item Clause: Limit 1 of each item\n|clearpoke\n|poke|p1|Charizard, L50, M|\n|poke|p1|Venusaur, L50, F|\n|poke|p1|Garchomp, L50, M|\n|poke|p1|Gardevoir, L50, F|\n|poke|p1|Milotic, L50, F|\n|poke|p1|Incineroar, L50, M|\n|poke|p2|Emboar, L50, M|\n|poke|p2|Heliolisk, L50, M|\n|poke|p2|Sneasler, L50, F|\n|poke|p2|Aerodactyl, L50, F|\n|poke|p2|Hydreigon, L50, F|\n|poke|p2|Sinistcha-Masterpiece, L50|\n|teampreview|4\n|inactive|Battle timer is ON: inactive players will automatically lose when time's up. (requested by NathanaelW19)\n|\n|t:|1776261976\n|teamsize|p1|4\n|teamsize|p2|4\n|start\n|switch|p1a: CRISTININI|Gardevoir, L50, F|100/100\n|switch|p1b: PITEI|Incineroar, L50, M, shiny|100/100\n|switch|p2a: Aerodactyl|Aerodactyl, L50, F|100/100\n|switch|p2b: Sneasler|Sneasler, L50, F, shiny|100/100\n|-ability|p2a: Aerodactyl|Unnerve\n|-ability|p1a: CRISTININI|Unnerve|Trace|[from] ability: Trace|[of] p2a: Aerodactyl\n|-ability|p1a: CRISTININI|Unnerve\n|-ability|p1b: PITEI|Intimidate|boost\n|-unboost|p2a: Aerodactyl|atk|1\n|-unboost|p2b: Sneasler|atk|1\n|-enditem|p2b: Sneasler|White Herb\n|-clearnegativeboost|p2b: Sneasler|[silent]\n|turn|1\n|inactive|NathanaelW19 has 30 seconds left.\n|\n|t:|1776262001\n|move|p2b: Sneasler|Fake Out|p1a: CRISTININI\n|-damage|p1a: CRISTININI|78/100\n|move|p1b: PITEI|Fake Out|p2b: Sneasler\n|-damage|p2b: Sneasler|80/100\n|cant|p1a: CRISTININI|flinch\n|move|p2a: Aerodactyl|Rock Slide|p1a: CRISTININI|[spread] p1a,p1b\n|-supereffective|p1b: PITEI|1\n|-damage|p1a: CRISTININI|50/100\n|-damage|p1b: PITEI|70/100\n|\n|-heal|p1b: PITEI|76/100|[from] item: Leftovers\n|upkeep\n|turn|2\n|inactive|petercastf14 has 30 seconds left.\n|inactive|petercastf14 has 20 seconds left.\n|inactive|petercastf14 has 15 seconds left.\n|\n|t:|1776262044\n|switch|p1a: FARROLITO|Venusaur, L50, F|100/100\n|move|p2b: Sneasler|Acrobatics|p1a: FARROLITO\n|-supereffective|p1a: FARROLITO|1\n|-enditem|p1a: FARROLITO|Focus Sash\n|-damage|p1a: FARROLITO|1/100\n|move|p2a: Aerodactyl|Rock Slide|p1a: FARROLITO|[spread] p1b\n|-miss|p2a: Aerodactyl|p1a: FARROLITO\n|-supereffective|p1b: PITEI|1\n|-damage|p1b: PITEI|45/100\n|move|p1b: PITEI|Flare Blitz|p2b: Sneasler\n|-damage|p2b: Sneasler|0 fnt\n|faint|p2b: Sneasler\n|-damage|p1b: PITEI|25/100|[from] Recoil\n|\n|-heal|p1b: PITEI|31/100|[from] item: Leftovers\n|upkeep\n|\n|t:|1776262060\n|switch|p2b: Emboar|Emboar, L50, M, shiny|100/100\n|turn|3\n|inactive|NathanaelW19 has 30 seconds left.\n|inactive|petercastf14 has 30 seconds left.\n|\n|t:|1776262091\n|switch|p1b: CRISTININI|Gardevoir, L50, F|50/100\n|-ability|p1b: CRISTININI|Unnerve|Trace|[from] ability: Trace|[of] p2a: Aerodactyl\n|-ability|p1b: CRISTININI|Unnerve\n|detailschange|p2b: Emboar|Emboar-Mega, L50, M, shiny\n|-mega|p2b: Emboar|Emboar|Emboarite\n|-ability|p2b: Emboar|Mold Breaker\n|move|p1a: FARROLITO|Protect|p1a: FARROLITO\n|-singleturn|p1a: FARROLITO|Protect\n|move|p2a: Aerodactyl|Dual Wingbeat|p1a: FARROLITO\n|-activate|p1a: FARROLITO|move: Protect\n|move|p2b: Emboar|Close Combat|p1b: CRISTININI\n|-resisted|p1b: CRISTININI|2\n|-damage|p1b: CRISTININI|20/100\n|-unboost|p2b: Emboar|def|1\n|-unboost|p2b: Emboar|spd|1\n|\n|upkeep\n|turn|4\n|inactive|petercastf14 has 30 seconds left.\n|inactive|petercastf14 has 20 seconds left.\n|\n|t:|1776262126\n|switch|p1a: PITEI|Incineroar, L50, M, shiny|31/100\n|-ability|p1a: PITEI|Intimidate|boost\n|-unboost|p2a: Aerodactyl|atk|1\n|-unboost|p2b: Emboar|atk|1\n|switch|p2b: Hydreigon|Hydreigon, L50, F|100/100\n|move|p1b: CRISTININI|Icy Wind|p2a: Aerodactyl|[spread] p2a,p2b\n|-supereffective|p2a: Aerodactyl|1\n|-supereffective|p2b: Hydreigon|1\n|-damage|p2a: Aerodactyl|58/100\n|-damage|p2b: Hydreigon|67/100\n|-unboost|p2a: Aerodactyl|spe|1\n|-unboost|p2b: Hydreigon|spe|1\n|move|p2a: Aerodactyl|Rock Slide|p1a: PITEI|[spread] p1a\n|-miss|p2a: Aerodactyl|p1b: CRISTININI\n|-supereffective|p1a: PITEI|1\n|-damage|p1a: PITEI|7/100\n|\n|-heal|p1a: PITEI|13/100|[from] item: Leftovers\n|upkeep\n|turn|5\n|inactive|NathanaelW19 has 30 seconds left.\n|inactive|petercastf14 has 30 seconds left.\n|\n|t:|1776262166\n|move|p1a: PITEI|Fake Out|p2a: Aerodactyl\n|-resisted|p2a: Aerodactyl|1\n|-damage|p2a: Aerodactyl|48/100\n|move|p1b: CRISTININI|Icy Wind|p2a: Aerodactyl|[spread] p2a,p2b\n|-supereffective|p2a: Aerodactyl|1\n|-supereffective|p2b: Hydreigon|1\n|-damage|p2a: Aerodactyl|5/100\n|-damage|p2b: Hydreigon|38/100\n|-unboost|p2a: Aerodactyl|spe|1\n|-unboost|p2b: Hydreigon|spe|1\n|cant|p2a: Aerodactyl|flinch\n|move|p2b: Hydreigon|Dark Pulse|p1b: CRISTININI\n|-damage|p1b: CRISTININI|0 fnt\n|faint|p1b: CRISTININI\n|\n|-heal|p1a: PITEI|19/100|[from] item: Leftovers\n|upkeep\n|\n|t:|1776262184\n|switch|p1b: KAKAROT|Charizard, L50, M, shiny|100/100\n|turn|6\n|\n|t:|1776262198\n|switch|p2a: Emboar|Emboar-Mega, L50, M, shiny|100/100\n|-ability|p2a: Emboar|Mold Breaker\n|detailschange|p1b: KAKAROT|Charizard-Mega-Y, L50, M, shiny\n|-mega|p1b: KAKAROT|Charizard|Charizardite Y\n|-weather|SunnyDay|[from] ability: Drought|[of] p1b: KAKAROT\n|move|p1b: KAKAROT|Protect|p1b: KAKAROT\n|-singleturn|p1b: KAKAROT|Protect\n|move|p1a: PITEI|Throat Chop|p2a: Emboar\n|-resisted|p2a: Emboar|1\n|-damage|p2a: Emboar|81/100\n|-start|p2a: Emboar|Throat Chop|[silent]\n|move|p2b: Hydreigon|Draco Meteor|p1b: KAKAROT\n|-activate|p1b: KAKAROT|move: Protect\n|\n|-weather|SunnyDay|[upkeep]\n|-heal|p1a: PITEI|25/100|[from] item: Leftovers\n|upkeep\n|turn|7\n|inactive|petercastf14 has 30 seconds left.\n|\n|t:|1776262223\n|move|p2a: Emboar|Protect|p2a: Emboar\n|-singleturn|p2a: Emboar|Protect\n|move|p1b: KAKAROT|Heat Wave|p2a: Emboar|[spread] p2b\n|-activate|p2a: Emboar|move: Protect\n|-resisted|p2b: Hydreigon|1\n|-damage|p2b: Hydreigon|0 fnt\n|faint|p2b: Hydreigon\n|move|p1a: PITEI|Throat Chop|p2a: Emboar\n|-activate|p2a: Emboar|move: Protect\n|\n|-weather|SunnyDay|[upkeep]\n|-heal|p1a: PITEI|31/100|[from] item: Leftovers\n|-end|p2a: Emboar|Throat Chop|[silent]\n|upkeep\n|\n|t:|1776262229\n|switch|p2b: Aerodactyl|Aerodactyl, L50, F|5/100\n|-ability|p2b: Aerodactyl|Unnerve\n|turn|8\n|\n|t:|1776262248\n|move|p2b: Aerodactyl|Rock Slide|p1a: PITEI|[spread] p1a,p1b\n|-supereffective|p1a: PITEI|1\n|-supereffective|p1b: KAKAROT|2\n|-damage|p1a: PITEI|0 fnt\n|-damage|p1b: KAKAROT|0 fnt\n|faint|p1a: PITEI\n|faint|p1b: KAKAROT\n|move|p2a: Emboar|Flare Blitz|p1: PITEI|[notarget]\n|-fail|p2a: Emboar\n|\n|-weather|SunnyDay|[upkeep]\n|upkeep\n|\n|t:|1776262251\n|switch|p1b: FARROLITO|Venusaur, L50, F|1/100\n|turn|9\n|\n|t:|1776262264\n|move|p1b: FARROLITO|Sleep Powder|p2b: Aerodactyl|[miss]\n|-miss|p1b: FARROLITO|p2b: Aerodactyl\n|move|p2b: Aerodactyl|Tailwind|p2b: Aerodactyl\n|-sidestart|p2: NathanaelW19|move: Tailwind\n|move|p2a: Emboar|Flare Blitz|p1b: FARROLITO\n|-supereffective|p1b: FARROLITO|1\n|-damage|p1b: FARROLITO|0 fnt\n|faint|p1b: FARROLITO\n|-damage|p2a: Emboar|80/100|[from] Recoil\n|\n|win|NathanaelW19\n|raw|petercastf14's rating: 1199 &rarr; <strong>1175</strong><br />(-24 for losing)\n|raw|NathanaelW19's rating: 1217 &rarr; <strong>1241</strong><br />(+24 for winning)\n|l|\u2606petercastf14\n|player|p1|\n",
  "uploadtime": 1776262281,
  "views": 21,
  "formatid": "gen9championsvgc2026regma",
  "rating": 1175,
  "private": 0,
  "password": null
}