{
  "id": "gen9championsvgc2026regma-2589593425",
  "format": "[Gen 9 Champions] VGC 2026 Reg M-A",
  "players": [
    "JohnsonLamborghini",
    "Spliffbaeless"
  ],
  "log": "|init|battle\n|title|JohnsonLamborghini vs. Spliffbaeless\n|j|\u2606JohnsonLamborghini\n|j|\u2606Spliffbaeless\n|t:|1776737287\n|gametype|doubles\n|player|p1|JohnsonLamborghini|2|1068\n|player|p2|Spliffbaeless|steven|1133\n|gen|9\n|tier|[Gen 9 Champions] VGC 2026 Reg M-A\n|rated|\n|rule|Species Clause: Limit one of each Pok\u00e9mon\n|rule|Item Clause: Limit 1 of each item\n|clearpoke\n|poke|p1|Araquanid, L50, M|\n|poke|p1|Sinistcha, L50|\n|poke|p1|Incineroar, L50, M|\n|poke|p1|Farigiraf, L50, M|\n|poke|p1|Crabominable, L50, M|\n|poke|p1|Camerupt, L50, M|\n|poke|p2|Talonflame, L50, M|\n|poke|p2|Samurott-Hisui, L50, M|\n|poke|p2|Ninetales-Alola, L50, F|\n|poke|p2|Garchomp, L50, F|\n|poke|p2|Farigiraf, L50, F|\n|poke|p2|Glimmora, L50, M|\n|teampreview|4\n|inactive|Battle timer is ON: inactive players will automatically lose when time's up. (requested by JohnsonLamborghini)\n|inactive|Spliffbaeless has 60 seconds left.\n|\n|t:|1776737325\n|teamsize|p1|4\n|teamsize|p2|4\n|start\n|switch|p1a: Sinistcha|Sinistcha, L50|100/100\n|switch|p1b: Incineroar|Incineroar, L50, M|100/100\n|switch|p2a: Farigiraf|Farigiraf, L50, F|100/100\n|switch|p2b: Samurott|Samurott-Hisui, L50, M|100/100\n|-ability|p1b: Incineroar|Intimidate|boost\n|-unboost|p2a: Farigiraf|atk|1\n|-unboost|p2b: Samurott|atk|1\n|turn|1\n|\n|t:|1776737349\n|move|p1a: Sinistcha|Protect|p1a: Sinistcha\n|-singleturn|p1a: Sinistcha|Protect\n|move|p2b: Samurott|Sacred Sword|p1b: Incineroar\n|-supereffective|p1b: Incineroar|1\n|-damage|p1b: Incineroar|70/100\n|move|p2a: Farigiraf|Imprison|p2a: Farigiraf\n|-start|p2a: Farigiraf|move: Imprison\n|move|p1b: Incineroar|Parting Shot|p2b: Samurott\n|-unboost|p2b: Samurott|atk|1\n|-unboost|p2b: Samurott|spa|1\n|\n|t:|1776737361\n|switch|p1b: Araquanid|Araquanid, L50, M|100/100|[from] Parting Shot\n|\n|upkeep\n|turn|2\n|\n|t:|1776737374\n|move|p2b: Samurott|Night Slash|p1a: Sinistcha\n|-supereffective|p1a: Sinistcha|1\n|-crit|p1a: Sinistcha\n|-damage|p1a: Sinistcha|12/100\n|move|p2a: Farigiraf|Dazzling Gleam|p1a: Sinistcha|[spread] p1a,p1b\n|-damage|p1a: Sinistcha|0 fnt\n|-damage|p1b: Araquanid|88/100\n|faint|p1a: Sinistcha\n|move|p1b: Araquanid|Liquidation|p2a: Farigiraf\n|-damage|p2a: Farigiraf|52/100\n|\n|-heal|p1b: Araquanid|94/100|[from] item: Leftovers\n|upkeep\n|\n|t:|1776737381\n|switch|p1a: Incineroar|Incineroar, L50, M|70/100\n|-ability|p1a: Incineroar|Intimidate|boost\n|-unboost|p2a: Farigiraf|atk|1\n|-unboost|p2b: Samurott|atk|1\n|turn|3\n|\n|t:|1776737392\n|move|p2b: Samurott|Aqua Cutter|p1a: Incineroar\n|-supereffective|p1a: Incineroar|1\n|-crit|p1a: Incineroar\n|-damage|p1a: Incineroar|0 fnt\n|faint|p1a: Incineroar\n|move|p2a: Farigiraf|Dazzling Gleam|p1b: Araquanid\n|-damage|p1b: Araquanid|76/100\n|move|p1b: Araquanid|Liquidation|p2b: Samurott\n|-resisted|p2b: Samurott|1\n|-damage|p2b: Samurott|73/100\n|\n|-heal|p1b: Araquanid|82/100|[from] item: Leftovers\n|upkeep\n|\n|t:|1776737401\n|switch|p1a: Crabominable|Crabominable, L50, M|100/100\n|turn|4\n|\n|t:|1776737415\n|detailschange|p1a: Crabominable|Crabominable-Mega, L50, M\n|-mega|p1a: Crabominable|Crabominable|Crabominite\n|move|p1b: Araquanid|Wide Guard|p1b: Araquanid\n|-singleturn|p1b: Araquanid|Wide Guard\n|move|p2b: Samurott|Aqua Cutter|p1a: Crabominable\n|-crit|p1a: Crabominable\n|-damage|p1a: Crabominable|61/100\n|move|p2a: Farigiraf|Psychic|p1a: Crabominable\n|-supereffective|p1a: Crabominable|1\n|-damage|p1a: Crabominable|0 fnt\n|faint|p1a: Crabominable\n|\n|-heal|p1b: Araquanid|88/100|[from] item: Leftovers\n|upkeep\n|turn|5\n|-message|JohnsonLamborghini forfeited.\n|\n|win|Spliffbaeless",
  "uploadtime": 1776737425,
  "rating": 1133,
  "source": "spectated"
}