{
  "id": "gen9championsvgc2026regma-2588484872",
  "format": "[Gen 9 Champions] VGC 2026 Reg M-A",
  "players": [
    "saddeq",
    "thicc latina lover"
  ],
  "log": "|j|\u2606saddeq\n|j|\u2606thicc latina lover\n|t:|1776637727\n|gametype|doubles\n|player|p1|saddeq|marshal|1373\n|player|p2|thicc latina lover|skyla|1402\n|gen|9\n|tier|[Gen 9 Champions] VGC 2026 Reg M-A\n|rated|\n|rule|Species Clause: Limit one of each Pok\u00e9mon\n|rule|Item Clause: Limit 1 of each item\n|clearpoke\n|poke|p1|Feraligatr, L50, F|\n|poke|p1|Aggron, L50, M|\n|poke|p1|Farigiraf, L50, M|\n|poke|p1|Incineroar, L50, M|\n|poke|p1|Sinistcha-Masterpiece, L50|\n|poke|p1|Basculegion, L50, M|\n|poke|p2|Venusaur, L50, F, shiny|\n|poke|p2|Pelipper, L50, F, shiny|\n|poke|p2|Basculegion, L50, M|\n|poke|p2|Archaludon, L50, M|\n|poke|p2|Sneasler, L50, M|\n|poke|p2|Incineroar, L50, F|\n|teampreview|4\n|\n|t:|1776637749\n|teamsize|p1|4\n|teamsize|p2|4\n|start\n|switch|p1a: Sinistcha|Sinistcha-Masterpiece, L50|100/100\n|switch|p1b: Feraligatr|Feraligatr, L50, F|100/100\n|switch|p2a: Venusaur|Venusaur, L50, F, shiny|100/100\n|switch|p2b: Incineroar|Incineroar, L50, F|100/100\n|-ability|p2b: Incineroar|Intimidate|boost\n|-unboost|p1a: Sinistcha|atk|1\n|-unboost|p1b: Feraligatr|atk|1\n|turn|1\n|\n|t:|1776637760\n|detailschange|p2a: Venusaur|Venusaur-Mega, L50, F, shiny\n|-mega|p2a: Venusaur|Venusaur|Venusaurite\n|detailschange|p1b: Feraligatr|Feraligatr-Mega, L50, F\n|-mega|p1b: Feraligatr|Feraligatr|Feraligite\n|move|p1b: Feraligatr|Protect|p1b: Feraligatr\n|-singleturn|p1b: Feraligatr|Protect\n|move|p2b: Incineroar|Fake Out|p1b: Feraligatr\n|-activate|p1b: Feraligatr|move: Protect\n|move|p2a: Venusaur|Leech Seed|p1b: Feraligatr\n|-activate|p1b: Feraligatr|move: Protect\n|move|p1a: Sinistcha|Trick Room|p1a: Sinistcha\n|-fieldstart|move: Trick Room|[of] p1a: Sinistcha\n|\n|upkeep\n|turn|2\n|\n|t:|1776637773\n|move|p1a: Sinistcha|Rage Powder|p1a: Sinistcha\n|-singleturn|p1a: Sinistcha|move: Rage Powder\n|move|p2b: Incineroar|Parting Shot|p1a: Sinistcha\n|-unboost|p1a: Sinistcha|atk|1\n|-unboost|p1a: Sinistcha|spa|1\n|\n|t:|1776637780\n|switch|p2b: Basculegion|Basculegion, L50, M|100/100|[from] Parting Shot\n|move|p1b: Feraligatr|Swords Dance|p1b: Feraligatr\n|-boost|p1b: Feraligatr|atk|2\n|move|p2a: Venusaur|Leech Seed|p1b: Feraligatr\n|-start|p1b: Feraligatr|move: Leech Seed\n|\n|-damage|p1b: Feraligatr|88/100|[from] Leech Seed|[of] p2a: Venusaur\n|upkeep\n|turn|3\n|\n|t:|1776637789\n|switch|p2b: Incineroar|Incineroar, L50, F|100/100\n|-ability|p2b: Incineroar|Intimidate|boost\n|-unboost|p1a: Sinistcha|atk|1\n|-unboost|p1b: Feraligatr|atk|1\n|move|p1a: Sinistcha|Matcha Gotcha|p2b: Incineroar|[spread] \n|-miss|p1a: Sinistcha|p2a: Venusaur\n|-miss|p1a: Sinistcha|p2b: Incineroar\n|move|p1b: Feraligatr|Body Slam|p2a: Venusaur\n|-damage|p2a: Venusaur|46/100\n|move|p2a: Venusaur|Giga Drain|p1b: Feraligatr\n|-damage|p1b: Feraligatr|56/100\n|-heal|p2a: Venusaur|63/100|[from] drain|[of] p1b: Feraligatr\n|\n|-damage|p1b: Feraligatr|44/100|[from] Leech Seed|[of] p2a: Venusaur\n|-heal|p2a: Venusaur|75/100|[silent]\n|upkeep\n|turn|4\n|\n|t:|1776637815\n|move|p1b: Feraligatr|Protect|p1b: Feraligatr\n|-singleturn|p1b: Feraligatr|Protect\n|move|p2b: Incineroar|Fake Out|p1b: Feraligatr\n|-activate|p1b: Feraligatr|move: Protect\n|move|p1a: Sinistcha|Life Dew||[still]|[spread] p1a,p1b\n|-fail|p1a: Sinistcha|heal\n|-heal|p1b: Feraligatr|69/100\n|move|p2a: Venusaur|Sludge Bomb|p1a: Sinistcha\n|-damage|p1a: Sinistcha|61/100\n|-status|p1a: Sinistcha|psn\n|\n|-damage|p1b: Feraligatr|56/100|[from] Leech Seed|[of] p2a: Venusaur\n|-heal|p2a: Venusaur|88/100|[silent]\n|-damage|p1a: Sinistcha|48/100 psn|[from] psn\n|upkeep\n|turn|5\n|\n|t:|1776637827\n|move|p1a: Sinistcha|Rage Powder|p1a: Sinistcha\n|-singleturn|p1a: Sinistcha|move: Rage Powder\n|move|p2b: Incineroar|Parting Shot|p1a: Sinistcha\n|-unboost|p1a: Sinistcha|atk|1\n|-unboost|p1a: Sinistcha|spa|1\n|\n|t:|1776637834\n|switch|p2b: Sneasler|Sneasler, L50, M|100/100|[from] Parting Shot\n|move|p1b: Feraligatr|Swords Dance|p1b: Feraligatr\n|-boost|p1b: Feraligatr|atk|2\n|move|p2a: Venusaur|Giga Drain|p1b: Feraligatr\n|-damage|p1b: Feraligatr|28/100\n|-heal|p2a: Venusaur|100/100|[from] drain|[of] p1b: Feraligatr\n|\n|-damage|p1b: Feraligatr|15/100|[from] Leech Seed|[of] p2a: Venusaur\n|-damage|p1a: Sinistcha|36/100 psn|[from] psn\n|-fieldend|move: Trick Room\n|upkeep\n|turn|6\n|\n|t:|1776637848\n|move|p1b: Feraligatr|Protect|p1b: Feraligatr\n|-singleturn|p1b: Feraligatr|Protect\n|move|p2b: Sneasler|Dire Claw|p1a: Sinistcha\n|-damage|p1a: Sinistcha|0 fnt\n|faint|p1a: Sinistcha\n|move|p2a: Venusaur|Giga Drain|p1b: Feraligatr\n|-activate|p1b: Feraligatr|move: Protect\n|\n|-damage|p1b: Feraligatr|3/100|[from] Leech Seed|[of] p2a: Venusaur\n|upkeep\n|-message|saddeq forfeited.\n|\n|win|thicc latina lover\n|raw|saddeq's rating: 1373 &rarr; <strong>1355</strong><br />(-18 for losing)\n|raw|thicc latina lover's rating: 1402 &rarr; <strong>1420</strong><br />(+18 for winning)\n",
  "uploadtime": 1776637854,
  "views": 10,
  "formatid": "gen9championsvgc2026regma",
  "rating": 1355,
  "private": 0,
  "password": null
}