{
  "id": "gen9championsvgc2026regma-2585363183",
  "format": "[Gen 9 Champions] VGC 2026 Reg M-A",
  "players": [
    "dejavu1337",
    "Aabraao"
  ],
  "log": "|j|\u2606dejavu1337\n|j|\u2606Aabraao\n|t:|1776341481\n|gametype|doubles\n|player|p1|dejavu1337|brycenman|1419\n|player|p2|Aabraao|169|1435\n|gen|9\n|tier|[Gen 9 Champions] VGC 2026 Reg M-A\n|rated|\n|rule|Species Clause: Limit one of each Pok\u00e9mon\n|rule|Item Clause: Limit 1 of each item\n|clearpoke\n|poke|p1|Greninja-*, L50, F|\n|poke|p1|Ninetales-Alola, L50, M|\n|poke|p1|Sneasler, L50, F|\n|poke|p1|Aegislash, L50, M|\n|poke|p1|Garchomp, L50, F|\n|poke|p1|Aerodactyl, L50, F|\n|poke|p2|Camerupt, L50, M|\n|poke|p2|Dragapult, L50, F|\n|poke|p2|Basculegion, L50, M|\n|poke|p2|Charizard, L50, M|\n|poke|p2|Venusaur, L50, M|\n|poke|p2|Oranguru, L50, F|\n|teampreview|4\n|inactive|Battle timer is ON: inactive players will automatically lose when time's up. (requested by dejavu1337)\n|inactive|dejavu1337 has 60 seconds left.\n|\n|t:|1776341532\n|teamsize|p1|4\n|teamsize|p2|4\n|start\n|switch|p1a: Aerodactyl|Aerodactyl, L50, F|100/100\n|switch|p1b: Greninja|Greninja, L50, F, shiny|100/100\n|switch|p2a: Dragapult|Dragapult, L50, F|100/100\n|switch|p2b: Oranguru|Oranguru, L50, F|100/100\n|-ability|p1a: Aerodactyl|Unnerve\n|turn|1\n|j| DEAD_BURG\n|inactive|dejavu1337 has 30 seconds left.\n|inactive|Aabraao has 30 seconds left.\n|inactive|Aabraao has 20 seconds left.\n|inactive|Aabraao has 15 seconds left.\n|inactive|Aabraao has 10 seconds left.\n|inactive|Aabraao has 5 seconds left.\n|\n|t:|1776341583\n|detailschange|p1b: Greninja|Greninja-Mega, L50, F, shiny\n|-mega|p1b: Greninja|Greninja|Greninjite\n|move|p1b: Greninja|Dark Pulse|p2a: Dragapult\n|-start|p1b: Greninja|typechange|Dark|[from] ability: Protean\n|-supereffective|p2a: Dragapult|1\n|-enditem|p2a: Dragapult|Focus Sash\n|-damage|p2a: Dragapult|1/100\n|move|p1a: Aerodactyl|Rock Slide|p2b: Oranguru|[spread] p2b\n|-miss|p1a: Aerodactyl|p2a: Dragapult\n|-damage|p2b: Oranguru|82/100\n|move|p2a: Dragapult|Dragon Dance|p2a: Dragapult\n|-boost|p2a: Dragapult|atk|1\n|-boost|p2a: Dragapult|spe|1\n|move|p2b: Oranguru|Instruct|p2a: Dragapult\n|-singleturn|p2a: Dragapult|move: Instruct|[of] p2b: Oranguru\n|move|p2a: Dragapult|Dragon Dance|p2a: Dragapult\n|-boost|p2a: Dragapult|atk|1\n|-boost|p2a: Dragapult|spe|1\n|\n|upkeep\n|turn|2\n|inactive|dejavu1337 has 30 seconds left.\n|\n|t:|1776341612\n|switch|p1a: Ninetales|Ninetales-Alola, L50, M, shiny|100/100\n|-weather|Snowscape|[from] ability: Snow Warning|[of] p1a: Ninetales\n|move|p2a: Dragapult|Dragon Darts|p1b: Greninja\n|-damage|p1b: Greninja|15/100\n|-anim|p2a: Dragapult|Dragon Darts|p1b: Greninja\n|-damage|p1b: Greninja|0 fnt\n|faint|p1b: Greninja\n|move|p2b: Oranguru|Trick Room|p2b: Oranguru\n|-fieldstart|move: Trick Room|[of] p2b: Oranguru\n|\n|-weather|Snowscape|[upkeep]\n|upkeep\n|\n|t:|1776341627\n|switch|p1b: Aerodactyl|Aerodactyl, L50, F|100/100\n|-ability|p1b: Aerodactyl|Unnerve\n|turn|3\n|\n|t:|1776341641\n|move|p2b: Oranguru|Instruct|p2a: Dragapult\n|-singleturn|p2a: Dragapult|move: Instruct|[of] p2b: Oranguru\n|move|p2a: Dragapult|Dragon Darts|p1b: Aerodactyl\n|-damage|p1b: Aerodactyl|9/100\n|-anim|p2a: Dragapult|Dragon Darts|p1b: Aerodactyl\n|-damage|p1b: Aerodactyl|0 fnt\n|faint|p1b: Aerodactyl\n|move|p1a: Ninetales|Aurora Veil|p1a: Ninetales\n|-sidestart|p1: dejavu1337|move: Aurora Veil\n|move|p2a: Dragapult|Phantom Force||[still]\n|-prepare|p2a: Dragapult|Phantom Force\n|\n|-weather|Snowscape|[upkeep]\n|upkeep\n|\n|t:|1776341655\n|switch|p1b: Garchomp|Garchomp, L50, F, shiny|100/100\n|turn|4\n|\n|t:|1776341680\n|move|p2b: Oranguru|Sunny Day|p2b: Oranguru\n|-weather|SunnyDay\n|move|p1a: Ninetales|Icy Wind|p2b: Oranguru|[spread] p2b\n|-miss|p1a: Ninetales|p2a: Dragapult\n|-damage|p2b: Oranguru|68/100\n|-unboost|p2b: Oranguru|spe|1\n|move|p1b: Garchomp|Stomping Tantrum|p2b: Oranguru\n|-damage|p2b: Oranguru|38/100\n|-enditem|p2b: Oranguru|Sitrus Berry|[eat]\n|-heal|p2b: Oranguru|63/100|[from] item: Sitrus Berry\n|move|p2a: Dragapult|Phantom Force|p1a: Ninetales|[from] lockedmove\n|-damage|p1a: Ninetales|6/100\n|\n|-weather|SunnyDay|[upkeep]\n|upkeep\n|turn|5\n|-message|dejavu1337 forfeited.\n|\n|win|Aabraao\n|raw|dejavu1337's rating: 1419 &rarr; <strong>1400</strong><br />(-19 for losing)\n|raw|Aabraao's rating: 1435 &rarr; <strong>1454</strong><br />(+19 for winning)\n|l|\u2606dejavu1337\n|player|p1|\n",
  "uploadtime": 1776341698,
  "views": 54,
  "formatid": "gen9championsvgc2026regma",
  "rating": 1400,
  "private": 0,
  "password": null
}