{
  "id": "gen9championsvgc2026regma-2581968856",
  "format": "[Gen 9 Champions] VGC 2026 Reg M-A",
  "players": [
    "ihausduihahsiud",
    "savemelivie"
  ],
  "log": "|j|\u2606ihausduihahsiud\n|j|\u2606savemelivie\n|t:|1776044218\n|gametype|doubles\n|player|p1|ihausduihahsiud|ruinmaniac|1054\n|player|p2|savemelivie|swimmerf-gen4|1100\n|gen|9\n|tier|[Gen 9 Champions] VGC 2026 Reg M-A\n|rated|\n|rule|Species Clause: Limit one of each Pok\u00e9mon\n|rule|Item Clause: Limit 1 of each item\n|clearpoke\n|poke|p1|Lucario, L50, M|\n|poke|p1|Aerodactyl, L50, F|\n|poke|p1|Tyranitar, L50, F|\n|poke|p1|Gyarados, L50, F|\n|poke|p1|Incineroar, L50, M|\n|poke|p1|Aggron, L50, M|\n|poke|p2|Skarmory, L50, M|\n|poke|p2|Kommo-o, L50, F|\n|poke|p2|Maushold-Four, L50|\n|poke|p2|Sinistcha, L50|\n|poke|p2|Meowscarada, L50, F|\n|poke|p2|Klefki, L50, M|\n|teampreview|4\n|inactive|Battle timer is ON: inactive players will automatically lose when time's up. (requested by ihausduihahsiud)\n|\n|t:|1776044247\n|teamsize|p1|4\n|teamsize|p2|4\n|start\n|switch|p1a: Lucario|Lucario, L50, M, shiny|100/100\n|switch|p1b: Aerodactyl|Aerodactyl, L50, F|100/100\n|switch|p2a: Kommo-o|Kommo-o, L50, F|100/100\n|switch|p2b: Klefki|Klefki, L50, M|100/100\n|-ability|p1b: Aerodactyl|Unnerve\n|turn|1\n|\n|t:|1776044268\n|detailschange|p1a: Lucario|Lucario-Mega, L50, M, shiny\n|-mega|p1a: Lucario|Lucario|Lucarionite\n|move|p2b: Klefki|Reflect|p2b: Klefki\n|-sidestart|p2: savemelivie|Reflect\n|move|p1b: Aerodactyl|Tailwind|p1b: Aerodactyl\n|-sidestart|p1: ihausduihahsiud|move: Tailwind\n|move|p1a: Lucario|Ice Punch|p2a: Kommo-o\n|-supereffective|p2a: Kommo-o|1\n|-damage|p2a: Kommo-o|62/100\n|move|p2a: Kommo-o|Clangorous Soul|p2a: Kommo-o\n|-boost|p2a: Kommo-o|atk|1\n|-boost|p2a: Kommo-o|def|1\n|-boost|p2a: Kommo-o|spa|1\n|-boost|p2a: Kommo-o|spd|1\n|-boost|p2a: Kommo-o|spe|1\n|-damage|p2a: Kommo-o|30/100\n|\n|upkeep\n|turn|2\n|inactive|savemelivie has 30 seconds left.\n|\n|t:|1776044296\n|switch|p1a: Gyarados|Gyarados, L50, F|100/100\n|-ability|p1a: Gyarados|Intimidate|boost\n|-unboost|p2a: Kommo-o|atk|1\n|-unboost|p2b: Klefki|atk|1\n|switch|p2b: Sinistcha|Sinistcha, L50|100/100\n|-heal|p2a: Kommo-o|54/100|[from] ability: Hospitality|[of] p2b: Sinistcha\n|move|p1b: Aerodactyl|Dual Wingbeat|p2a: Kommo-o\n|-supereffective|p2a: Kommo-o|1\n|-damage|p2a: Kommo-o|38/100\n|-supereffective|p2a: Kommo-o|1\n|-damage|p2a: Kommo-o|20/100\n|-hitcount|p2a: Kommo-o|2\n|move|p2a: Kommo-o|Aura Sphere|p1a: Gyarados\n|-resisted|p1a: Gyarados|1\n|-damage|p1a: Gyarados|73/100\n|\n|upkeep\n|turn|3\n|inactive|ihausduihahsiud has 30 seconds left.\n|inactive|savemelivie has 30 seconds left.\n|\n|t:|1776044327\n|move|p1b: Aerodactyl|Dual Wingbeat|p2a: Kommo-o|[miss]\n|-miss|p1b: Aerodactyl|p2a: Kommo-o\n|move|p1a: Gyarados|Dragon Dance|p1a: Gyarados\n|-boost|p1a: Gyarados|atk|1\n|-boost|p1a: Gyarados|spe|1\n|move|p2a: Kommo-o|Clanging Scales|p1b: Aerodactyl|[spread] p1a,p1b\n|-damage|p1a: Gyarados|16/100\n|-damage|p1b: Aerodactyl|20/100\n|-unboost|p2a: Kommo-o|def|1\n|move|p2b: Sinistcha|Life Dew||[still]|[spread] p2a,p2b\n|-heal|p2a: Kommo-o|45/100\n|-fail|p2b: Sinistcha|heal\n|\n|upkeep\n|turn|4\n|\n|t:|1776044351\n|move|p1a: Gyarados|Waterfall|p2a: Kommo-o\n|-resisted|p2a: Kommo-o|1\n|-damage|p2a: Kommo-o|20/100\n|move|p1b: Aerodactyl|Dual Wingbeat|p2a: Kommo-o\n|-supereffective|p2a: Kommo-o|1\n|-damage|p2a: Kommo-o|0 fnt\n|faint|p2a: Kommo-o\n|-hitcount|p2: Kommo-o|1\n|move|p2b: Sinistcha|Life Dew||[still]\n|-fail|p2b: Sinistcha|heal\n|\n|-sideend|p1: ihausduihahsiud|move: Tailwind\n|upkeep\n|\n|t:|1776044368\n|switch|p2a: Klefki|Klefki, L50, M|100/100\n|turn|5\n|\n|t:|1776044391\n|switch|p1a: Lucario|Lucario-Mega, L50, M, shiny|100/100\n|switch|p2b: Skarmory|Skarmory, L50, M|100/100\n|move|p2a: Klefki|Thunder Wave|p1a: Lucario\n|-status|p1a: Lucario|par\n|move|p1b: Aerodactyl|Dual Wingbeat|p2b: Skarmory\n|-resisted|p2b: Skarmory|1\n|-damage|p2b: Skarmory|95/100\n|-ability|p2b: Skarmory|Weak Armor|boost\n|-unboost|p2b: Skarmory|def|1\n|-boost|p2b: Skarmory|spe|2\n|-resisted|p2b: Skarmory|1\n|-damage|p2b: Skarmory|85/100\n|-ability|p2b: Skarmory|Weak Armor|boost\n|-unboost|p2b: Skarmory|def|1\n|-boost|p2b: Skarmory|spe|2\n|-hitcount|p2b: Skarmory|2\n|\n|-sideend|p2: savemelivie|Reflect\n|upkeep\n|turn|6\n|inactive|ihausduihahsiud has 30 seconds left.\n|inactive|savemelivie has 30 seconds left.\n|inactive|ihausduihahsiud has 20 seconds left.\n|inactive|savemelivie has 20 seconds left.\n|inactive|ihausduihahsiud has 15 seconds left.\n|inactive|savemelivie has 15 seconds left.\n|inactive|savemelivie has 10 seconds left.\n|\n|t:|1776044441\n|switch|p1a: Tyranitar|Tyranitar, L50, F|100/100\n|-weather|Sandstorm|[from] ability: Sand Stream|[of] p1a: Tyranitar\n|detailschange|p2b: Skarmory|Skarmory-Mega, L50, M\n|-mega|p2b: Skarmory|Skarmory|Skarmorite\n|move|p2a: Klefki|Reflect|p2a: Klefki\n|-sidestart|p2: savemelivie|Reflect\n|move|p2b: Skarmory|Iron Head|p1b: Aerodactyl\n|-supereffective|p1b: Aerodactyl|1\n|-damage|p1b: Aerodactyl|0 fnt\n|faint|p1b: Aerodactyl\n|\n|-weather|Sandstorm|[upkeep]\n|upkeep\n|\n|t:|1776044453\n|switch|p1b: Gyarados|Gyarados, L50, F|16/100\n|-ability|p1b: Gyarados|Intimidate|boost\n|-unboost|p2a: Klefki|atk|1\n|-unboost|p2b: Skarmory|atk|1\n|turn|7\n|\n|t:|1776044469\n|move|p2a: Klefki|Thunder Wave|p1b: Gyarados\n|-status|p1b: Gyarados|par\n|move|p2b: Skarmory|Iron Head|p1a: Tyranitar\n|-supereffective|p1a: Tyranitar|1\n|-damage|p1a: Tyranitar|54/100\n|cant|p1a: Tyranitar|flinch\n|move|p1b: Gyarados|Waterfall|p2b: Skarmory\n|-damage|p2b: Skarmory|2/100\n|\n|-weather|Sandstorm|[upkeep]\n|-damage|p1b: Gyarados|10/100 par|[from] Sandstorm\n|upkeep\n|turn|8\n|inactive|savemelivie has 30 seconds left.\n|inactive|savemelivie has 20 seconds left.\n|inactive|savemelivie has 15 seconds left.\n|\n|t:|1776044513\n|move|p1b: Gyarados|Protect|p1b: Gyarados\n|-singleturn|p1b: Gyarados|Protect\n|move|p2b: Skarmory|Iron Head|p1a: Tyranitar\n|-supereffective|p1a: Tyranitar|1\n|-damage|p1a: Tyranitar|4/100\n|move|p2a: Klefki|Steel Beam|p1b: Gyarados\n|-activate|p1b: Gyarados|move: Protect\n|-damage|p2a: Klefki|50/100|[from] steelbeam\n|move|p1a: Tyranitar|Rock Slide|p2a: Klefki|[spread] p2b\n|-miss|p1a: Tyranitar|p2a: Klefki\n|-damage|p2b: Skarmory|0 fnt\n|faint|p2b: Skarmory\n|\n|-weather|Sandstorm|[upkeep]\n|-damage|p1b: Gyarados|5/100 par|[from] Sandstorm\n|upkeep\n|\n|t:|1776044526\n|switch|p2b: Sinistcha|Sinistcha, L50|100/100\n|-heal|p2a: Klefki|75/100|[from] ability: Hospitality|[of] p2b: Sinistcha\n|turn|9\n|inactive|savemelivie has 30 seconds left.\n|\n|t:|1776044553\n|switch|p1b: Lucario|Lucario-Mega, L50, M, shiny|100/100 par\n|move|p2a: Klefki|Thunder Wave|p1a: Tyranitar\n|-hint|Since gen 7, Dark is immune to Prankster moves.\n|-immune|p1a: Tyranitar\n|move|p2b: Sinistcha|Matcha Gotcha|p1b: Lucario|[spread] p1a,p1b\n|-supereffective|p1a: Tyranitar|1\n|-resisted|p1b: Lucario|1\n|-damage|p1a: Tyranitar|0 fnt\n|-damage|p1b: Lucario|82/100 par\n|faint|p1a: Tyranitar\n|\n|-weather|Sandstorm|[upkeep]\n|-damage|p2b: Sinistcha|94/100|[from] Sandstorm\n|-heal|p2b: Sinistcha|100/100|[from] item: Leftovers\n|upkeep\n|\n|t:|1776044566\n|switch|p1a: Gyarados|Gyarados, L50, F|5/100 par\n|-ability|p1a: Gyarados|Intimidate|boost\n|-unboost|p2a: Klefki|atk|1\n|-unboost|p2b: Sinistcha|atk|1\n|turn|10\n|inactive|ihausduihahsiud has 30 seconds left.\n|inactive|savemelivie has 30 seconds left.\n|inactive|savemelivie has 20 seconds left.\n|\n|t:|1776044606\n|move|p2b: Sinistcha|Protect|p2b: Sinistcha\n|-singleturn|p2b: Sinistcha|Protect\n|move|p2a: Klefki|Light Screen|p2a: Klefki\n|-sidestart|p2: savemelivie|move: Light Screen\n|cant|p1b: Lucario|par\n|move|p1a: Gyarados|Waterfall|p2a: Klefki\n|-damage|p2a: Klefki|42/100\n|\n|-weather|none\n|-sideend|p2: savemelivie|Reflect\n|upkeep\n|turn|11\n|\n|t:|1776044623\n|move|p2a: Klefki|Reflect|p2a: Klefki\n|-sidestart|p2: savemelivie|Reflect\n|move|p1b: Lucario|Meteor Mash|p2a: Klefki\n|-damage|p2a: Klefki|0 fnt\n|faint|p2a: Klefki\n|move|p2b: Sinistcha|Matcha Gotcha|p1b: Lucario|[spread] p1a\n|-miss|p2b: Sinistcha|p1b: Lucario\n|-damage|p1a: Gyarados|0 fnt\n|faint|p1a: Gyarados\n|\n|upkeep\n|turn|12\n|\n|t:|1776044638\n|move|p2b: Sinistcha|Shadow Ball|p1b: Lucario\n|-damage|p1b: Lucario|30/100 par\n|move|p1b: Lucario|Ice Punch|p2b: Sinistcha\n|-supereffective|p2b: Sinistcha|1\n|-damage|p2b: Sinistcha|72/100\n|-status|p2b: Sinistcha|frz\n|\n|-heal|p2b: Sinistcha|78/100 frz|[from] item: Leftovers\n|upkeep\n|turn|13\n|\n|t:|1776044651\n|move|p1b: Lucario|Meteor Mash|p2b: Sinistcha\n|-damage|p2b: Sinistcha|46/100 frz\n|-curestatus|p2b: Sinistcha|frz|[msg]\n|move|p2b: Sinistcha|Shadow Ball|p1b: Lucario\n|-damage|p1b: Lucario|0 fnt\n|faint|p1b: Lucario\n|\n|win|savemelivie\n|raw|ihausduihahsiud's rating: 1054 &rarr; <strong>1038</strong><br />(-16 for losing)\n|raw|savemelivie's rating: 1100 &rarr; <strong>1122</strong><br />(+22 for winning)\n",
  "uploadtime": 1776044660,
  "views": 21,
  "formatid": "gen9championsvgc2026regma",
  "rating": 1038,
  "private": 0,
  "password": null
}