{
  "id": "gen9championsvgc2026regma-2582558945",
  "format": "[Gen 9 Champions] VGC 2026 Reg M-A",
  "players": [
    "PlayingViking",
    "gmt2007"
  ],
  "log": "|j|\u2606PlayingViking\n|j|\u2606gmt2007\n|t:|1776099317\n|gametype|doubles\n|player|p1|PlayingViking|101|1099\n|player|p2|gmt2007|101|1044\n|gen|9\n|tier|[Gen 9 Champions] VGC 2026 Reg M-A\n|rated|\n|rule|Species Clause: Limit one of each Pok\u00e9mon\n|rule|Item Clause: Limit 1 of each item\n|clearpoke\n|poke|p1|Gliscor, L50, M|\n|poke|p1|Arcanine-Hisui, L50, M|\n|poke|p1|Milotic, L50, M|\n|poke|p1|Gardevoir, L50, F|\n|poke|p1|Rotom-Wash, L50|\n|poke|p1|Farigiraf, L50, M|\n|poke|p2|Charizard, L50, F|\n|poke|p2|Serperior, L50, F|\n|poke|p2|Torkoal, L50, M|\n|poke|p2|Chandelure, L50, F|\n|poke|p2|Snorlax, L50, M|\n|poke|p2|Sylveon, L50, M|\n|teampreview|4\nPlayingViking rejected open team sheets.\n|inactive|Battle timer is ON: inactive players will automatically lose when time's up. (requested by gmt2007)\n|\n|t:|1776099407\n|teamsize|p1|4\n|teamsize|p2|4\n|start\n|switch|p1a: Arcanine|Arcanine-Hisui, L50, M|100/100\n|switch|p1b: Farigiraf|Farigiraf, L50, M|100/100\n|switch|p2a: Torkoal|Torkoal, L50, M, shiny|100/100\n|switch|p2b: Chandelure|Chandelure, L50, F, shiny|100/100\n|-ability|p1a: Arcanine|Intimidate|boost\n|-unboost|p2a: Torkoal|atk|1\n|-unboost|p2b: Chandelure|atk|1\n|-weather|SunnyDay|[from] ability: Drought|[of] p2a: Torkoal\n|turn|1\n|\n|t:|1776099427\n|move|p2a: Torkoal|Protect|p2a: Torkoal\n|-singleturn|p2a: Torkoal|Protect\n|move|p1a: Arcanine|Rock Slide|p2a: Torkoal|[spread] p2b\n|-activate|p2a: Torkoal|move: Protect\n|-supereffective|p2b: Chandelure|1\n|-damage|p2b: Chandelure|32/100\n|cant|p2b: Chandelure|flinch\n|move|p1b: Farigiraf|Trick Room|p1b: Farigiraf\n|-fieldstart|move: Trick Room|[of] p1b: Farigiraf\n|\n|-weather|SunnyDay|[upkeep]\n|upkeep\n|turn|2\n|\n|t:|1776099449\n|move|p1a: Arcanine|Extreme Speed|p2a: Torkoal\n|-damage|p2a: Torkoal|80/100\n|move|p2a: Torkoal|Eruption|p1a: Arcanine|[spread] p1a,p1b\n|-resisted|p1a: Arcanine|2\n|-damage|p1a: Arcanine|80/100\n|-damage|p1b: Farigiraf|34/100\n|move|p2b: Chandelure|Heat Wave|p1b: Farigiraf|[spread] p1a,p1b\n|-resisted|p1a: Arcanine|2\n|-damage|p1a: Arcanine|59/100\n|-damage|p1b: Farigiraf|0 fnt\n|faint|p1b: Farigiraf\n|\n|-weather|SunnyDay|[upkeep]\n|upkeep\n|\n|t:|1776099469\n|switch|p1b: Gardevoir|Gardevoir, L50, F|100/100\n|turn|3\n|\n|t:|1776099479\n|detailschange|p1b: Gardevoir|Gardevoir-Mega, L50, F\n|-mega|p1b: Gardevoir|Gardevoir|Gardevoirite\n|move|p1b: Gardevoir|Protect|p1b: Gardevoir\n|-singleturn|p1b: Gardevoir|Protect\n|move|p2a: Torkoal|Eruption|p1b: Gardevoir|[spread] p1a\n|-activate|p1b: Gardevoir|move: Protect\n|-resisted|p1a: Arcanine|2\n|-damage|p1a: Arcanine|38/100\n|move|p2b: Chandelure|Heat Wave|p1a: Arcanine|[spread] p1a\n|-activate|p1b: Gardevoir|move: Protect\n|-resisted|p1a: Arcanine|2\n|-damage|p1a: Arcanine|18/100\n|move|p1a: Arcanine|Rock Slide|p2a: Torkoal|[spread] p2a,p2b\n|-supereffective|p2a: Torkoal|1\n|-supereffective|p2b: Chandelure|1\n|-damage|p2a: Torkoal|38/100\n|-damage|p2b: Chandelure|0 fnt\n|faint|p2b: Chandelure\n|\n|-weather|SunnyDay|[upkeep]\n|upkeep\n|\n|t:|1776099499\n|switch|p2b: Snorlax|Snorlax, L50, M|100/100\n|turn|4\n|\n|t:|1776099514\n|switch|p1a: Milotic|Milotic, L50, M|100/100\n|move|p2a: Torkoal|Heat Wave|p1a: Milotic|[spread] p1b\n|-miss|p2a: Torkoal|p1a: Milotic\n|-damage|p1b: Gardevoir|47/100\n|move|p2b: Snorlax|Stockpile|p2b: Snorlax\n|-start|p2b: Snorlax|stockpile1\n|-boost|p2b: Snorlax|def|1\n|-boost|p2b: Snorlax|spd|1\n|move|p1b: Gardevoir|Hyper Voice|p2a: Torkoal|[spread] p2a,p2b\n|-resisted|p2a: Torkoal|1\n|-damage|p2a: Torkoal|2/100\n|-damage|p2b: Snorlax|79/100\n|\n|-weather|SunnyDay|[upkeep]\n|upkeep\n|turn|5\n|inactive|PlayingViking has 30 seconds left.\n|inactive|gmt2007 has 30 seconds left.\n|\n|t:|1776099541\n|move|p1b: Gardevoir|Protect|p1b: Gardevoir\n|-singleturn|p1b: Gardevoir|Protect\n|move|p2a: Torkoal|Heat Wave|p1a: Milotic|[spread] p1a\n|-activate|p1b: Gardevoir|move: Protect\n|-resisted|p1a: Milotic|1\n|-damage|p1a: Milotic|80/100\n|move|p2b: Snorlax|Body Slam|p1a: Milotic\n|-damage|p1a: Milotic|50/100\n|move|p1a: Milotic|Icy Wind|p2a: Torkoal|[spread] p2a,p2b\n|-resisted|p2a: Torkoal|1\n|-damage|p2a: Torkoal|0 fnt\n|-damage|p2b: Snorlax|77/100\n|-unboost|p2b: Snorlax|spe|1\n|faint|p2a: Torkoal\n|\n|-weather|none\n|-heal|p1a: Milotic|56/100|[from] item: Leftovers\n|-fieldend|move: Trick Room\n|upkeep\n|\n|t:|1776099557\n|switch|p2a: oberon|Sylveon, L50, M, shiny|100/100\n|turn|6\n|\n|t:|1776099577\n|move|p1b: Gardevoir|Hyper Voice|p2a: oberon|[spread] p2a,p2b\n|-damage|p2a: oberon|65/100\n|-damage|p2b: Snorlax|57/100\n|move|p1a: Milotic|Recover|p1a: Milotic\n|-heal|p1a: Milotic|100/100\n|move|p2a: oberon|Hyper Voice|p1a: Milotic|[spread] p1a,p1b\n|-damage|p1a: Milotic|62/100\n|-damage|p1b: Gardevoir|3/100\n|move|p2b: Snorlax|Heat Crash|p1b: Gardevoir\n|-damage|p1b: Gardevoir|0 fnt\n|faint|p1b: Gardevoir\n|\n|-heal|p1a: Milotic|68/100|[from] item: Leftovers\n|upkeep\n|\n|t:|1776099589\n|switch|p1b: Arcanine|Arcanine-Hisui, L50, M|18/100\n|-ability|p1b: Arcanine|Intimidate|boost\n|-unboost|p2a: oberon|atk|1\n|-unboost|p2b: Snorlax|atk|1\n|turn|7\n|\n|t:|1776099611\n|move|p1b: Arcanine|Close Combat|p2b: Snorlax\n|-supereffective|p2b: Snorlax|1\n|-damage|p2b: Snorlax|17/100\n|-unboost|p1b: Arcanine|def|1\n|-unboost|p1b: Arcanine|spd|1\n|-enditem|p2b: Snorlax|Sitrus Berry|[eat]\n|-heal|p2b: Snorlax|42/100|[from] item: Sitrus Berry\n|move|p1a: Milotic|Recover|p1a: Milotic\n|-heal|p1a: Milotic|100/100\n|move|p2a: oberon|Hyper Voice|p1b: Arcanine|[spread] p1a,p1b\n|-resisted|p1b: Arcanine|1\n|-damage|p1a: Milotic|64/100\n|-damage|p1b: Arcanine|0 fnt\n|faint|p1b: Arcanine\n|move|p2b: Snorlax|Last Resort|p1a: Milotic\n|-damage|p1a: Milotic|34/100\n|\n|-heal|p1a: Milotic|40/100|[from] item: Leftovers\n|upkeep\n|turn|8\n|\n|t:|1776099636\n|move|p1a: Milotic|Scald|p2b: Snorlax\n|-damage|p2b: Snorlax|29/100\n|move|p2a: oberon|Hyper Voice|p1a: Milotic\n|-damage|p1a: Milotic|0 fnt\n|faint|p1a: Milotic\n|\n|win|gmt2007\n|raw|PlayingViking's rating: 1099 &rarr; <strong>1070</strong><br />(-29 for losing)\n|raw|gmt2007's rating: 1044 &rarr; <strong>1083</strong><br />(+39 for winning)\n",
  "uploadtime": 1776099643,
  "views": 14,
  "formatid": "gen9championsvgc2026regma",
  "rating": 1070,
  "private": 0,
  "password": null
}