{
  "id": "gen9championsvgc2026regma-2584097391",
  "format": "[Gen 9 Champions] VGC 2026 Reg M-A",
  "players": [
    "Veridis Quo Zurau",
    "bighamsterbaseball"
  ],
  "log": "|j|\u2606Veridis Quo Zurau\n|j|\u2606bighamsterbaseball\n|t:|1776224821\n|gametype|doubles\n|player|p1|Veridis Quo Zurau|bellelba|1122\n|player|p2|bighamsterbaseball|pokemaniac|1193\n|gen|9\n|tier|[Gen 9 Champions] VGC 2026 Reg M-A\n|rated|\n|rule|Species Clause: Limit one of each Pok\u00e9mon\n|rule|Item Clause: Limit 1 of each item\n|clearpoke\n|poke|p1|Whimsicott, L50, M|\n|poke|p1|Typhlosion-Hisui, L50, F|\n|poke|p1|Lopunny, L50, M|\n|poke|p1|Aegislash, L50, M|\n|poke|p1|Incineroar, L50, M|\n|poke|p1|Rotom-Wash, L50|\n|poke|p2|Glimmora, L50, M|\n|poke|p2|Tinkaton, L50, F|\n|poke|p2|Hydreigon, L50, M|\n|poke|p2|Pelipper, L50, F|\n|poke|p2|Basculegion, L50, M|\n|poke|p2|Tauros-Paldea-Aqua, L50, M|\n|teampreview|4\n|inactive|Battle timer is ON: inactive players will automatically lose when time's up. (requested by Veridis Quo Zurau)\n|inactive|Veridis Quo Zurau has 60 seconds left.\n|inactive|bighamsterbaseball has 60 seconds left.\n|inactive|Veridis Quo Zurau has 30 seconds left.\n|inactive|Veridis Quo Zurau has 20 seconds left.\n|inactive|Veridis Quo Zurau has 15 seconds left.\n|inactive|Veridis Quo Zurau has 10 seconds left.\n|inactive|Veridis Quo Zurau has 5 seconds left.\n|\n|t:|1776224908\n|teamsize|p1|4\n|teamsize|p2|4\n|start\n|switch|p1a: Lopunny|Lopunny, L50, M|100/100\n|switch|p1b: Rotom|Rotom-Wash, L50|100/100\n|switch|p2a: Glimmora|Glimmora, L50, M|100/100\n|switch|p2b: Tinkaton|Tinkaton, L50, F|100/100\n|-ability|p2b: Tinkaton|Mold Breaker\n|turn|1\n|\n|t:|1776224927\n|detailschange|p1a: Lopunny|Lopunny-Mega, L50, M\n|-mega|p1a: Lopunny|Lopunny|Lopunnite\n|move|p2a: Glimmora|Spiky Shield|p2a: Glimmora\n|-singleturn|p2a: Glimmora|move: Protect\n|move|p1a: Lopunny|Fake Out|p2b: Tinkaton\n|-resisted|p2b: Tinkaton|1\n|-damage|p2b: Tinkaton|88/100\n|cant|p2b: Tinkaton|flinch\n|move|p1b: Rotom|Hydro Pump|p2a: Glimmora\n|-activate|p2a: Glimmora|move: Protect\n|\n|upkeep\n|turn|2\n|\n|t:|1776224947\n|detailschange|p2a: Glimmora|Glimmora-Mega, L50, M\n|-mega|p2a: Glimmora|Glimmora|Glimmoranite\n|move|p2b: Tinkaton|Helping Hand|p2a: Glimmora\n|-singleturn|p2a: Glimmora|Helping Hand|[of] p2b: Tinkaton\n|move|p1a: Lopunny|Close Combat|p2b: Tinkaton\n|-damage|p2b: Tinkaton|15/100\n|-unboost|p1a: Lopunny|def|1\n|-unboost|p1a: Lopunny|spd|1\n|move|p2a: Glimmora|Sludge Wave|p1b: Rotom|[spread] p1a,p1b\n|-immune|p2b: Tinkaton\n|-damage|p1a: Lopunny|0 fnt\n|-damage|p1b: Rotom|13/100\n|-enditem|p1b: Rotom|Sitrus Berry|[eat]\n|-heal|p1b: Rotom|37/100|[from] item: Sitrus Berry\n|faint|p1a: Lopunny\n|move|p1b: Rotom|Hydro Pump|p2a: Glimmora|[miss]\n|-miss|p1b: Rotom|p2a: Glimmora\n|\n|upkeep\n|\n|t:|1776224969\n|switch|p1a: Aegislash|Aegislash, L50, M|100/100\n|turn|3\n|inactive|bighamsterbaseball has 30 seconds left.\n|inactive|bighamsterbaseball has 20 seconds left.\n|\n|t:|1776225005\n|switch|p2b: Hydreigon|Hydreigon, L50, M|100/100\n|move|p2a: Glimmora|Spiky Shield|p2a: Glimmora\n|-singleturn|p2a: Glimmora|move: Protect\n|move|p1b: Rotom|Protect|p1b: Rotom\n|-singleturn|p1b: Rotom|Protect\n|-formechange|p1a: Aegislash|Aegislash-Blade|\n|move|p1a: Aegislash|Iron Head|p2a: Glimmora\n|-activate|p2a: Glimmora|move: Protect\n|-damage|p1a: Aegislash|89/100|[from] Spiky Shield|[of] p2a: Glimmora\n|\n|-heal|p1a: Aegislash|95/100|[from] item: Leftovers\n|upkeep\n|turn|4\n|\n|t:|1776225016\n|-formechange|p1a: Aegislash|Aegislash|\n|move|p1a: Aegislash|King's Shield|p1a: Aegislash\n|-singleturn|p1a: Aegislash|Protect\n|move|p2b: Hydreigon|Dark Pulse|p1a: Aegislash\n|-activate|p1a: Aegislash|move: Protect\n|move|p2a: Glimmora|Power Gem|p1b: Rotom\n|-damage|p1b: Rotom|0 fnt\n|faint|p1b: Rotom\n|\n|-heal|p1a: Aegislash|100/100|[from] item: Leftovers\n|upkeep\n|\n|t:|1776225020\n|switch|p1b: Whimsicott|Whimsicott, L50, M|100/100\n|turn|5\n|\n|t:|1776225036\n|move|p1b: Whimsicott|Tailwind|p1b: Whimsicott\n|-sidestart|p1: Veridis Quo Zurau|move: Tailwind\n|move|p2b: Hydreigon|Dark Pulse|p1a: Aegislash\n|-supereffective|p1a: Aegislash|1\n|-damage|p1a: Aegislash|21/100\n|move|p2a: Glimmora|Power Gem|p1b: Whimsicott\n|-crit|p1b: Whimsicott\n|-enditem|p1b: Whimsicott|Focus Sash\n|-damage|p1b: Whimsicott|1/100\n|cant|p1a: Aegislash|flinch\n|\n|-heal|p1a: Aegislash|27/100|[from] item: Leftovers\n|upkeep\n|turn|6\n|\n|t:|1776225058\n|switch|p2a: Pelipper|Pelipper, L50, F|100/100\n|-weather|RainDance|[from] ability: Drizzle|[of] p2a: Pelipper\n|move|p1b: Whimsicott|Moonblast|p2b: Hydreigon\n|-supereffective|p2b: Hydreigon|2\n|-damage|p2b: Hydreigon|0 fnt\n|faint|p2b: Hydreigon\n|-formechange|p1a: Aegislash|Aegislash-Blade|\n|move|p1a: Aegislash|Iron Head|p2a: Pelipper\n|-resisted|p2a: Pelipper|1\n|-damage|p2a: Pelipper|68/100\n|\n|-weather|RainDance|[upkeep]\n|-heal|p1a: Aegislash|33/100|[from] item: Leftovers\n|upkeep\n|\n|t:|1776225068\n|switch|p2b: Tinkaton|Tinkaton, L50, F|15/100\n|-ability|p2b: Tinkaton|Mold Breaker\n|turn|7\n|\n|t:|1776225081\n|move|p2b: Tinkaton|Fake Out|p1b: Whimsicott\n|-damage|p1b: Whimsicott|0 fnt\n|faint|p1b: Whimsicott\n|move|p1a: Aegislash|Poltergeist|p2a: Pelipper\n|-activate|p2a: Pelipper|move: Poltergeist|Focus Sash\n|-damage|p2a: Pelipper|0 fnt\n|faint|p2a: Pelipper\n|\n|-weather|RainDance|[upkeep]\n|-heal|p1a: Aegislash|39/100|[from] item: Leftovers\n|upkeep\n|\n|t:|1776225087\n|switch|p2a: Glimmora|Glimmora-Mega, L50, M|100/100\n|turn|8\n|\n|t:|1776225094\n|move|p2a: Glimmora|Spiky Shield|p2a: Glimmora\n|-singleturn|p2a: Glimmora|move: Protect\n|move|p1a: Aegislash|Iron Head|p2a: Glimmora\n|-activate|p2a: Glimmora|move: Protect\n|-damage|p1a: Aegislash|27/100|[from] Spiky Shield|[of] p2a: Glimmora\n|move|p2b: Tinkaton|Gigaton Hammer|p1a: Aegislash\n|-resisted|p1a: Aegislash|1\n|-damage|p1a: Aegislash|0 fnt\n|faint|p1a: Aegislash\n|\n|win|bighamsterbaseball\n|raw|Veridis Quo Zurau's rating: 1122 &rarr; <strong>1102</strong><br />(-20 for losing)\n|raw|bighamsterbaseball's rating: 1193 &rarr; <strong>1213</strong><br />(+20 for winning)\n|l|\u2606Veridis Quo Zurau\n|player|p1|\n",
  "uploadtime": 1776225112,
  "views": 24,
  "formatid": "gen9championsvgc2026regma",
  "rating": 1102,
  "private": 0,
  "password": null
}