{
  "id": "gen9championsvgc2026regma-2587763302",
  "format": "[Gen 9 Champions] VGC 2026 Reg M-A",
  "players": [
    "mandukito",
    "BM_bryka"
  ],
  "log": "|j|\u2606mandukito\n|j|\u2606BM_bryka\n|t:|1776561542\n|gametype|doubles\n|player|p1|mandukito|teamrocket|1180\n|player|p2|BM_bryka|ingo|1277\n|gen|9\n|tier|[Gen 9 Champions] VGC 2026 Reg M-A\n|rated|\n|rule|Species Clause: Limit one of each Pok\u00e9mon\n|rule|Item Clause: Limit 1 of each item\n|clearpoke\n|poke|p1|Basculegion, L50, M|\n|poke|p1|Kingambit, L50, M|\n|poke|p1|Rotom-Heat, L50|\n|poke|p1|Froslass, L50, F|\n|poke|p1|Sneasler, L50, F|\n|poke|p1|Clefable, L50, F|\n|poke|p2|Aggron, L50, M|\n|poke|p2|Tyranitar, L50, M|\n|poke|p2|Garchomp, L50, M|\n|poke|p2|Incineroar, L50, M, shiny|\n|poke|p2|Primarina, L50, F|\n|poke|p2|Sinistcha-Masterpiece, L50|\n|teampreview|4\n|inactive|Battle timer is ON: inactive players will automatically lose when time's up. (requested by mandukito)\n|\n|t:|1776561566\n|teamsize|p1|4\n|teamsize|p2|4\n|start\n|switch|p1a: Kingambit|Kingambit, L50, M|100/100\n|switch|p1b: Sneasler|Sneasler, L50, F|100/100\n|switch|p2a: Aggr(essi)on|Aggron, L50, M|100/100\n|switch|p2b: VGC_CEO|Incineroar, L50, M, shiny|100/100\n|-ability|p2b: VGC_CEO|Intimidate|boost\n|-unboost|p1a: Kingambit|atk|1\n|-ability|p1a: Kingambit|Defiant|boost\n|-boost|p1a: Kingambit|atk|2\n|-unboost|p1b: Sneasler|atk|1\n|-enditem|p1b: Sneasler|White Herb\n|-clearnegativeboost|p1b: Sneasler|[silent]\n|turn|1\n|inactive|BM_bryka has 30 seconds left.\n|inactive|BM_bryka has 20 seconds left.\n|\n|t:|1776561604\n|detailschange|p2a: Aggr(essi)on|Aggron-Mega, L50, M\n|-mega|p2a: Aggr(essi)on|Aggron|Aggronite\n|move|p2a: Aggr(essi)on|Protect|p2a: Aggr(essi)on\n|-singleturn|p2a: Aggr(essi)on|Protect\n|move|p1b: Sneasler|Close Combat|p2b: VGC_CEO\n|-supereffective|p2b: VGC_CEO|1\n|-enditem|p2b: VGC_CEO|Focus Sash\n|-damage|p2b: VGC_CEO|1/100\n|-unboost|p1b: Sneasler|def|1\n|-unboost|p1b: Sneasler|spd|1\n|move|p2b: VGC_CEO|Will-O-Wisp|p1a: Kingambit\n|-status|p1a: Kingambit|brn\n|move|p1a: Kingambit|Low Kick|p2a: Aggr(essi)on\n|-activate|p2a: Aggr(essi)on|move: Protect\n|\n|-damage|p1a: Kingambit|95/100 brn|[from] brn\n|upkeep\n|turn|2\n|inactive|BM_bryka has 30 seconds left.\n|\n|t:|1776561633\n|switch|p2a: Chimarr\u00e3o|Sinistcha-Masterpiece, L50|100/100\n|-heal|p2b: VGC_CEO|26/100|[from] ability: Hospitality|[of] p2a: Chimarr\u00e3o\n|move|p1b: Sneasler|Close Combat|p2a: Chimarr\u00e3o\n|-immune|p2a: Chimarr\u00e3o\n|move|p2b: VGC_CEO|Parting Shot|p1b: Sneasler\n|-unboost|p1b: Sneasler|atk|1\n|-unboost|p1b: Sneasler|spa|1\n|\n|t:|1776561648\n|switch|p2b: Aggr(essi)on|Aggron-Mega, L50, M|100/100|[from] Parting Shot\n|move|p1a: Kingambit|Low Kick|p2a: Chimarr\u00e3o\n|-immune|p2a: Chimarr\u00e3o\n|\n|-damage|p1a: Kingambit|89/100 brn|[from] brn\n|upkeep\n|turn|3\n|\n|t:|1776561664\n|move|p2b: Aggr(essi)on|Protect|p2b: Aggr(essi)on\n|-singleturn|p2b: Aggr(essi)on|Protect\n|move|p1b: Sneasler|Close Combat|p2b: Aggr(essi)on\n|-activate|p2b: Aggr(essi)on|move: Protect\n|move|p1a: Kingambit|Low Kick|p2b: Aggr(essi)on\n|-activate|p2b: Aggr(essi)on|move: Protect\n|move|p2a: Chimarr\u00e3o|Trick Room|p2a: Chimarr\u00e3o\n|-fieldstart|move: Trick Room|[of] p2a: Chimarr\u00e3o\n|\n|-damage|p1a: Kingambit|83/100 brn|[from] brn\n|upkeep\n|turn|4\n|\n|t:|1776561679\n|switch|p1b: Basculegion|Basculegion, L50, M|100/100\n|move|p2a: Chimarr\u00e3o|Rage Powder|p2a: Chimarr\u00e3o\n|-singleturn|p2a: Chimarr\u00e3o|move: Rage Powder\n|move|p2b: Aggr(essi)on|Iron Defense|p2b: Aggr(essi)on\n|-boost|p2b: Aggr(essi)on|def|2\n|move|p1a: Kingambit|Low Kick|p2a: Chimarr\u00e3o\n|-immune|p2a: Chimarr\u00e3o\n|\n|-damage|p1a: Kingambit|77/100 brn|[from] brn\n|upkeep\n|turn|5\n|\n|t:|1776561704\n|switch|p2a: VGC_CEO|Incineroar, L50, M, shiny|26/100\n|-ability|p2a: VGC_CEO|Intimidate|boost\n|-unboost|p1a: Kingambit|atk|1\n|-ability|p1a: Kingambit|Defiant|boost\n|-boost|p1a: Kingambit|atk|2\n|-unboost|p1b: Basculegion|atk|1\n|move|p2b: Aggr(essi)on|Body Press|p1a: Kingambit\n|-supereffective|p1a: Kingambit|2\n|-enditem|p1a: Kingambit|Chople Berry|[eat]\n|-enditem|p1a: Kingambit|Chople Berry|[weaken]\n|-damage|p1a: Kingambit|0 fnt\n|faint|p1a: Kingambit\n|move|p1b: Basculegion|Wave Crash|p2b: Aggr(essi)on\n|-damage|p2b: Aggr(essi)on|88/100\n|-damage|p1b: Basculegion|97/100|[from] Recoil\n|\n|upkeep\n|\n|t:|1776561713\n|switch|p1a: Froslass|Froslass, L50, F|100/100\n|turn|6\n|\n|t:|1776561736\n|detailschange|p1a: Froslass|Froslass-Mega, L50, F\n|-mega|p1a: Froslass|Froslass|Froslassite\n|-weather|Snowscape|[from] ability: Snow Warning|[of] p1a: Froslass\n|move|p2b: Aggr(essi)on|Heavy Slam|p1a: Froslass\n|-supereffective|p1a: Froslass|1\n|-damage|p1a: Froslass|0 fnt\n|faint|p1a: Froslass\n|move|p2a: VGC_CEO|Flare Blitz|p1b: Basculegion\n|-resisted|p1b: Basculegion|1\n|-damage|p1b: Basculegion|65/100\n|-damage|p2a: VGC_CEO|16/100|[from] Recoil\n|move|p1b: Basculegion|Wave Crash|p2b: Aggr(essi)on\n|-damage|p2b: Aggr(essi)on|78/100\n|-damage|p1b: Basculegion|62/100|[from] Recoil\n|\n|-weather|Snowscape|[upkeep]\n|upkeep\n|\n|t:|1776561756\n|switch|p1a: Sneasler|Sneasler, L50, F|100/100\n|turn|7\n|\n|t:|1776561773\n|move|p1a: Sneasler|Protect|p1a: Sneasler\n|-singleturn|p1a: Sneasler|Protect\n|move|p2b: Aggr(essi)on|Iron Defense|p2b: Aggr(essi)on\n|-boost|p2b: Aggr(essi)on|def|2\n|move|p2a: VGC_CEO|Parting Shot|p1a: Sneasler\n|-activate|p1a: Sneasler|move: Protect\n|move|p1b: Basculegion|Wave Crash|p2b: Aggr(essi)on\n|-damage|p2b: Aggr(essi)on|70/100\n|-damage|p1b: Basculegion|60/100|[from] Recoil\n|\n|-weather|Snowscape|[upkeep]\n|-fieldend|move: Trick Room\n|upkeep\n|turn|8\n|inactive|BM_bryka has 30 seconds left.\n|\n|t:|1776561808\n|move|p1b: Basculegion|Wave Crash|p2a: VGC_CEO\n|-supereffective|p2a: VGC_CEO|1\n|-damage|p2a: VGC_CEO|0 fnt\n|faint|p2a: VGC_CEO\n|-damage|p1b: Basculegion|55/100|[from] Recoil\n|move|p1a: Sneasler|Close Combat|p2b: Aggr(essi)on\n|-supereffective|p2b: Aggr(essi)on|1\n|-damage|p2b: Aggr(essi)on|56/100\n|-unboost|p1a: Sneasler|def|1\n|-unboost|p1a: Sneasler|spd|1\n|move|p2b: Aggr(essi)on|Heavy Slam|p1a: Sneasler\n|-damage|p1a: Sneasler|0 fnt\n|faint|p1a: Sneasler\n|\n|-weather|Snowscape|[upkeep]\n|upkeep\n|\n|t:|1776561811\n|switch|p2a: Chimarr\u00e3o|Sinistcha-Masterpiece, L50|100/100\n|-heal|p2b: Aggr(essi)on|81/100|[from] ability: Hospitality|[of] p2a: Chimarr\u00e3o\n|turn|9\n|inactive|mandukito has 30 seconds left.\n|\n|t:|1776561844\n|move|p1b: Basculegion|Wave Crash|p2b: Aggr(essi)on\n|-damage|p2b: Aggr(essi)on|73/100\n|-damage|p1b: Basculegion|52/100|[from] Recoil\n|move|p2b: Aggr(essi)on|Heavy Slam|p1b: Basculegion\n|-resisted|p1b: Basculegion|1\n|-crit|p1b: Basculegion\n|-damage|p1b: Basculegion|17/100\n|move|p2a: Chimarr\u00e3o|Trick Room|p2a: Chimarr\u00e3o\n|-fieldstart|move: Trick Room|[of] p2a: Chimarr\u00e3o\n|\n|-weather|Snowscape|[upkeep]\n|upkeep\n|turn|10\n|-message|mandukito forfeited.\n|\n|win|BM_bryka\n|raw|mandukito's rating: 1180 &rarr; <strong>1162</strong><br />(-18 for losing)\n|raw|BM_bryka's rating: 1277 &rarr; <strong>1295</strong><br />(+18 for winning)\n|l|\u2606mandukito\n|player|p1|\n",
  "uploadtime": 1776562168,
  "views": 12,
  "formatid": "gen9championsvgc2026regma",
  "rating": 1162,
  "private": 0,
  "password": null
}