{
  "id": "gen9championsvgc2026regma-2581765180",
  "format": "[Gen 9 Champions] VGC 2026 Reg M-A",
  "players": [
    "Extro91",
    "Amoguslolli"
  ],
  "log": "|j|\u2606Extro91\n|j|\u2606Amoguslolli\n|t:|1776026657\n|gametype|doubles\n|player|p1|Extro91|n|1128\n|player|p2|Amoguslolli|101|1173\n|gen|9\n|tier|[Gen 9 Champions] VGC 2026 Reg M-A\n|rated|\n|rule|Species Clause: Limit one of each Pok\u00e9mon\n|rule|Item Clause: Limit 1 of each item\n|clearpoke\n|poke|p1|Tyranitar, L50, M|\n|poke|p1|Excadrill, L50, M|\n|poke|p1|Dragapult, L50, F|\n|poke|p1|Sinistcha, L50|\n|poke|p1|Rotom-Wash, L50|\n|poke|p1|Sylveon, L50, M|\n|poke|p2|Kommo-o, L50, M|\n|poke|p2|Basculegion, L50, M|\n|poke|p2|Incineroar, L50, F|\n|poke|p2|Scizor, L50, F|\n|poke|p2|Sneasler, L50, F|\n|poke|p2|Ninetales-Alola, L50, M|\n|teampreview|4\n|\n|t:|1776026695\n|teamsize|p1|4\n|teamsize|p2|4\n|start\n|switch|p1a: Dragapult|Dragapult, L50, F|100/100\n|switch|p1b: Sylveon|Sylveon, L50, M|100/100\n|switch|p2a: Sneasler|Sneasler, L50, F|100/100\n|switch|p2b: Scizor|Scizor, L50, F|100/100\n|turn|1\n|\n|t:|1776026727\n|move|p2a: Sneasler|Protect|p2a: Sneasler\n|-singleturn|p2a: Sneasler|Protect\n|move|p1b: Sylveon|Protect|p1b: Sylveon\n|-singleturn|p1b: Sylveon|Protect\n|move|p2b: Scizor|Protect|p2b: Scizor\n|-singleturn|p2b: Scizor|Protect\n|move|p1a: Dragapult|Breaking Swipe|p2a: Sneasler|[spread] \n|-activate|p2a: Sneasler|move: Protect\n|-activate|p2b: Scizor|move: Protect\n|\n|upkeep\n|turn|2\n|\n|t:|1776026758\n|switch|p1b: Tyranitar|Tyranitar, L50, M|100/100\n|-weather|Sandstorm|[from] ability: Sand Stream|[of] p1b: Tyranitar\n|detailschange|p2b: Scizor|Scizor-Mega, L50, F\n|-mega|p2b: Scizor|Scizor|Scizorite\n|move|p1a: Dragapult|Breaking Swipe|p2a: Sneasler|[spread] p2a,p2b\n|-resisted|p2b: Scizor|1\n|-damage|p2a: Sneasler|68/100\n|-damage|p2b: Scizor|92/100\n|-unboost|p2a: Sneasler|atk|1\n|-unboost|p2b: Scizor|atk|1\n|-enditem|p2a: Sneasler|White Herb\n|-clearnegativeboost|p2a: Sneasler|[silent]\n|move|p2a: Sneasler|Dire Claw|p1b: Tyranitar\n|-resisted|p1b: Tyranitar|1\n|-damage|p1b: Tyranitar|82/100\n|move|p2b: Scizor|Swords Dance|p2b: Scizor\n|-boost|p2b: Scizor|atk|2\n|\n|-weather|Sandstorm|[upkeep]\n|-damage|p2a: Sneasler|62/100|[from] Sandstorm\n|-damage|p1a: Dragapult|95/100|[from] Sandstorm\n|upkeep\n|turn|3\n|\n|t:|1776026802\n|switch|p1b: Sylveon|Sylveon, L50, M|100/100\n|move|p2b: Scizor|Bullet Punch|p1a: Dragapult\n|-damage|p1a: Dragapult|27/100\n|move|p2a: Sneasler|Dire Claw|p1a: Dragapult\n|-resisted|p1a: Dragapult|1\n|-damage|p1a: Dragapult|3/100\n|move|p1a: Dragapult|Breaking Swipe|p2a: Sneasler|[spread] p2a,p2b\n|-crit|p2a: Sneasler\n|-resisted|p2b: Scizor|1\n|-crit|p2b: Scizor\n|-damage|p2a: Sneasler|8/100\n|-damage|p2b: Scizor|80/100\n|-unboost|p2a: Sneasler|atk|1\n|-unboost|p2b: Scizor|atk|1\n|\n|-weather|Sandstorm|[upkeep]\n|-damage|p2a: Sneasler|2/100|[from] Sandstorm\n|-damage|p1a: Dragapult|0 fnt|[from] Sandstorm\n|-damage|p1b: Sylveon|95/100|[from] Sandstorm\n|faint|p1a: Dragapult\n|-heal|p1b: Sylveon|100/100|[from] item: Leftovers\n|upkeep\n|\n|t:|1776026822\n|switch|p1a: Excadrill|Excadrill, L50, M|100/100\n|turn|4\n|\n|t:|1776026843\n|move|p2a: Sneasler|Close Combat|p1a: Excadrill\n|-supereffective|p1a: Excadrill|1\n|-damage|p1a: Excadrill|0 fnt\n|-unboost|p2a: Sneasler|def|1\n|-unboost|p2a: Sneasler|spd|1\n|faint|p1a: Excadrill\n|move|p2b: Scizor|Swords Dance|p2b: Scizor\n|-boost|p2b: Scizor|atk|2\n|move|p1b: Sylveon|Mystical Fire|p2b: Scizor\n|-supereffective|p2b: Scizor|2\n|-damage|p2b: Scizor|0 fnt\n|faint|p2b: Scizor\n|\n|-weather|Sandstorm|[upkeep]\n|-damage|p2a: Sneasler|0 fnt|[from] Sandstorm\n|-damage|p1b: Sylveon|95/100|[from] Sandstorm\n|faint|p2a: Sneasler\n|-heal|p1b: Sylveon|100/100|[from] item: Leftovers\n|upkeep\n|\n|t:|1776026859\n|switch|p2a: Basculegion|Basculegion, L50, M|100/100\n|switch|p1a: Tyranitar|Tyranitar, L50, M|82/100\n|switch|p2b: Ninetales|Ninetales-Alola, L50, M|100/100\n|-weather|Snowscape|[from] ability: Snow Warning|[of] p2b: Ninetales\n|-weather|Sandstorm|[from] ability: Sand Stream|[of] p1a: Tyranitar\n|turn|5\n|\n|t:|1776026890\n|detailschange|p1a: Tyranitar|Tyranitar-Mega, L50, M\n|-mega|p1a: Tyranitar|Tyranitar|Tyranitarite\n|move|p2a: Basculegion|Wave Crash|p1a: Tyranitar\n|-supereffective|p1a: Tyranitar|1\n|-damage|p1a: Tyranitar|0 fnt\n|faint|p1a: Tyranitar\n|-damage|p2a: Basculegion|76/100|[from] Recoil\n|move|p2b: Ninetales|Encore|p1b: Sylveon\n|-start|p1b: Sylveon|Encore\n|move|p1b: Sylveon|Mystical Fire|p2b: Ninetales\n|-supereffective|p2b: Ninetales|1\n|-crit|p2b: Ninetales\n|-damage|p2b: Ninetales|7/100\n|-unboost|p2b: Ninetales|spa|1\n|\n|-weather|Sandstorm|[upkeep]\n|-damage|p2a: Basculegion|70/100|[from] Sandstorm\n|-damage|p2b: Ninetales|1/100|[from] Sandstorm\n|-damage|p1b: Sylveon|95/100|[from] Sandstorm\n|-heal|p1b: Sylveon|100/100|[from] item: Leftovers\n|upkeep\n|turn|6\n|\n|t:|1776026910\n|move|p2a: Basculegion|Wave Crash|p1b: Sylveon\n|-damage|p1b: Sylveon|3/100\n|-damage|p2a: Basculegion|36/100|[from] Recoil\n|move|p2b: Ninetales|Freeze-Dry|p1b: Sylveon\n|-damage|p1b: Sylveon|0 fnt\n|faint|p1b: Sylveon\n|\n|win|Amoguslolli\n|raw|Extro91's rating: 1128 &rarr; <strong>1106</strong><br />(-22 for losing)\n|raw|Amoguslolli's rating: 1173 &rarr; <strong>1195</strong><br />(+22 for winning)\n|l|\u2606Amoguslolli\n|player|p2|\n|j|\u2606Amoguslolli\n|player|p2|Amoguslolli|101|\n|l|\u2606Amoguslolli\n|player|p2|\n",
  "uploadtime": 1776027201,
  "views": 15,
  "formatid": "gen9championsvgc2026regma",
  "rating": 1106,
  "private": 0,
  "password": null
}