{
  "id": "gen9championsvgc2026regma-2586690333",
  "format": "[Gen 9 Champions] VGC 2026 Reg M-A",
  "players": [
    "tealpens2",
    "shedinja's 2 fan"
  ],
  "log": "|j|\u2606tealpens2\n|j|\u2606shedinja's 2 fan\n|t:|1776452448\n|gametype|doubles\n|player|p1|tealpens2|1|1123\n|player|p2|shedinja's 2 fan|170|1111\n|gen|9\n|tier|[Gen 9 Champions] VGC 2026 Reg M-A\n|rated|\n|rule|Species Clause: Limit one of each Pok\u00e9mon\n|rule|Item Clause: Limit 1 of each item\n|clearpoke\n|poke|p1|Tyranitar, L50, F|\n|poke|p1|Garchomp, L50, M|\n|poke|p1|Corviknight, L50, F|\n|poke|p1|Sneasler, L50, F|\n|poke|p1|Rotom-Wash, L50|\n|poke|p1|Sinistcha, L50|\n|poke|p2|Glimmora, L50, F|\n|poke|p2|Milotic, L50, F|\n|poke|p2|Ninetales-Alola, L50, F|\n|poke|p2|Gyarados, L50, M|\n|poke|p2|Garchomp, L50, M|\n|poke|p2|Corviknight, L50, F|\n|teampreview|4\nshedinja's 2 fan rejected open team sheets.\n|\n|t:|1776452506\n|teamsize|p1|4\n|teamsize|p2|4\n|start\n|switch|p1a: Corviknight|Corviknight, L50, F|100/100\n|switch|p1b: Rotom|Rotom-Wash, L50|100/100\n|switch|p2a: Corviknight|Corviknight, L50, F, shiny|100/100\n|switch|p2b: Glimmora|Glimmora, L50, F|100/100\n|turn|1\n|\n|t:|1776452525\n|move|p2b: Glimmora|Substitute|p2b: Glimmora\n|-start|p2b: Glimmora|Substitute\n|-damage|p2b: Glimmora|76/100\n|move|p1b: Rotom|Electroweb|p2a: Corviknight|[spread] p2a,p2b\n|-activate|p2b: Glimmora|move: Substitute|[damage]\n|-supereffective|p2a: Corviknight|1\n|-damage|p2a: Corviknight|61/100\n|-ability|p2a: Corviknight|Mirror Armor\n|-unboost|p1b: Rotom|spe|1\n|move|p1a: Corviknight|Iron Head|p2b: Glimmora\n|-supereffective|p2b: Glimmora|1\n|-end|p2b: Glimmora|Substitute\n|move|p2a: Corviknight|Tailwind|p2a: Corviknight\n|-sidestart|p2: shedinja's 2 fan|move: Tailwind\n|\n|upkeep\n|turn|2\n|\n|t:|1776452560\n|detailschange|p2b: Glimmora|Glimmora-Mega, L50, F\n|-mega|p2b: Glimmora|Glimmora|Glimmoranite\n|move|p2b: Glimmora|Power Gem|p1a: Corviknight\n|-damage|p1a: Corviknight|43/100\n|move|p2a: Corviknight|Body Press|p1b: Rotom\n|-damage|p1b: Rotom|76/100\n|move|p1a: Corviknight|Iron Head|p2b: Glimmora\n|-supereffective|p2b: Glimmora|1\n|-damage|p2b: Glimmora|15/100\n|move|p1b: Rotom|Volt Switch|p2a: Corviknight\n|-supereffective|p2a: Corviknight|1\n|-damage|p2a: Corviknight|0 fnt\n|faint|p2a: Corviknight\n|\n|t:|1776452580\n|switch|p1b: Sneasler|Sneasler, L50, F|100/100|[from] Volt Switch\n|\n|upkeep\n|\n|t:|1776452589\n|switch|p2a: Garchomp|Garchomp, L50, M|100/100\n|turn|3\n|\n|t:|1776452629\n|switch|p1a: Tyranitar|Tyranitar, L50, F|100/100\n|-weather|Sandstorm|[from] ability: Sand Stream|[of] p1a: Tyranitar\n|move|p2b: Glimmora|Protect|p2b: Glimmora\n|-singleturn|p2b: Glimmora|Protect\n|move|p2a: Garchomp|Breaking Swipe|p1b: Sneasler|[spread] p1a,p1b\n|-damage|p1a: Tyranitar|77/100\n|-damage|p1b: Sneasler|60/100\n|-unboost|p1a: Tyranitar|atk|1\n|-unboost|p1b: Sneasler|atk|1\n|-enditem|p1b: Sneasler|White Herb\n|-clearnegativeboost|p1b: Sneasler|[silent]\n|move|p1b: Sneasler|Close Combat|p2b: Glimmora\n|-activate|p2b: Glimmora|move: Protect\n|\n|-weather|Sandstorm|[upkeep]\n|-damage|p1b: Sneasler|54/100|[from] Sandstorm\n|upkeep\n|turn|4\n|\n|t:|1776452668\n|switch|p2b: Gyarados|Gyarados, L50, M, shiny|100/100\n|-ability|p2b: Gyarados|Intimidate|boost\n|-unboost|p1a: Tyranitar|atk|1\n|-unboost|p1b: Sneasler|atk|1\n|move|p1b: Sneasler|Protect|p1b: Sneasler\n|-singleturn|p1b: Sneasler|Protect\n|move|p1a: Tyranitar|Protect|p1a: Tyranitar\n|-singleturn|p1a: Tyranitar|Protect\n|move|p2a: Garchomp|Breaking Swipe|p1b: Sneasler|[spread] \n|-activate|p1a: Tyranitar|move: Protect\n|-activate|p1b: Sneasler|move: Protect\n|\n|-weather|Sandstorm|[upkeep]\n|-damage|p1b: Sneasler|48/100|[from] Sandstorm\n|-damage|p2b: Gyarados|95/100|[from] Sandstorm\n|-sideend|p2: shedinja's 2 fan|move: Tailwind\n|upkeep\n|turn|5\n|\n|t:|1776452699\n|switch|p1b: Corviknight|Corviknight, L50, F|43/100\n|switch|p1a: Rotom|Rotom-Wash, L50|76/100\n|move|p2a: Garchomp|Breaking Swipe|p1a: Rotom|[spread] p1a,p1b\n|-resisted|p1b: Corviknight|1\n|-damage|p1a: Rotom|46/100\n|-damage|p1b: Corviknight|32/100\n|-unboost|p1a: Rotom|atk|1\n|-ability|p1b: Corviknight|Mirror Armor\n|-unboost|p2a: Garchomp|atk|1\n|move|p2b: Gyarados|Dragon Dance|p2b: Gyarados\n|-boost|p2b: Gyarados|atk|1\n|-boost|p2b: Gyarados|spe|1\n|\n|-weather|Sandstorm|[upkeep]\n|-damage|p2b: Gyarados|89/100|[from] Sandstorm\n|-damage|p1a: Rotom|41/100|[from] Sandstorm\n|-heal|p1a: Rotom|46/100|[from] item: Leftovers\n|upkeep\n|turn|6\n|\n|t:|1776452729\n|switch|p2a: Glimmora|Glimmora-Mega, L50, F|15/100\n|move|p2b: Gyarados|Crunch|p1b: Corviknight\n|-damage|p1b: Corviknight|0 fnt\n|faint|p1b: Corviknight\n|move|p1a: Rotom|Volt Switch|p2b: Gyarados\n|-supereffective|p2b: Gyarados|2\n|-damage|p2b: Gyarados|0 fnt\n|faint|p2b: Gyarados\n|\n|t:|1776452741\n|switch|p1a: Sneasler|Sneasler, L50, F|48/100|[from] Volt Switch\n|\n|-weather|Sandstorm|[upkeep]\n|-damage|p1a: Sneasler|42/100|[from] Sandstorm\n|upkeep\n|\n|t:|1776452754\n|switch|p1b: Tyranitar|Tyranitar, L50, F|77/100\n|switch|p2b: Garchomp|Garchomp, L50, M|100/100\n|turn|7\n|\n|t:|1776452788\n|detailschange|p1b: Tyranitar|Tyranitar-Mega, L50, F\n|-mega|p1b: Tyranitar|Tyranitar|Tyranitarite\n|move|p2a: Glimmora|Protect|p2a: Glimmora\n|-singleturn|p2a: Glimmora|Protect\n|move|p2b: Garchomp|Breaking Swipe|p1a: Sneasler|[spread] p1a,p1b\n|-damage|p1a: Sneasler|0 fnt\n|-damage|p1b: Tyranitar|61/100\n|-unboost|p1b: Tyranitar|atk|1\n|faint|p1a: Sneasler\n|move|p1b: Tyranitar|Dragon Dance|p1b: Tyranitar\n|-boost|p1b: Tyranitar|atk|1\n|-boost|p1b: Tyranitar|spe|1\n|\n|-weather|none\n|upkeep\n|\n|t:|1776452797\n|switch|p1a: Rotom|Rotom-Wash, L50|46/100\n|turn|8\n|\n|t:|1776452816\n|move|p2b: Garchomp|Breaking Swipe|p1a: Rotom|[spread] p1a,p1b\n|-damage|p1a: Rotom|18/100\n|-damage|p1b: Tyranitar|42/100\n|-unboost|p1a: Rotom|atk|1\n|-unboost|p1b: Tyranitar|atk|1\n|move|p1b: Tyranitar|Rock Slide|p2a: Glimmora|[spread] p2a,p2b\n|-resisted|p2b: Garchomp|1\n|-damage|p2a: Glimmora|0 fnt\n|-damage|p2b: Garchomp|90/100\n|faint|p2a: Glimmora\n|move|p1a: Rotom|Hydro Pump|p2b: Garchomp\n|-damage|p2b: Garchomp|36/100\n|\n|-heal|p1a: Rotom|23/100|[from] item: Leftovers\n|upkeep\n|turn|9\n|\n|t:|1776452844\n|move|p1a: Rotom|Protect|p1a: Rotom\n|-singleturn|p1a: Rotom|Protect\n|move|p2b: Garchomp|Breaking Swipe|p1b: Tyranitar|[spread] p1b\n|-activate|p1a: Rotom|move: Protect\n|-damage|p1b: Tyranitar|23/100\n|-unboost|p1b: Tyranitar|atk|1\n|move|p1b: Tyranitar|Knock Off|p2b: Garchomp\n|-damage|p2b: Garchomp|8/100\n|-damage|p1b: Tyranitar|11/100|[from] ability: Rough Skin|[of] p2b: Garchomp\n|-enditem|p2b: Garchomp|Choice Scarf|[from] move: Knock Off|[of] p1b: Tyranitar\n|\n|-heal|p1a: Rotom|29/100|[from] item: Leftovers\n|upkeep\n|turn|10\n|c|\u2606tealpens2|gg wp\n|\n|t:|1776452867\n|move|p1b: Tyranitar|Knock Off|p2b: Garchomp\n|-damage|p2b: Garchomp|0 fnt\n|-damage|p1b: Tyranitar|0 fnt|[from] ability: Rough Skin|[of] p2b: Garchomp\n|faint|p2b: Garchomp\n|faint|p1b: Tyranitar\n|\n|win|tealpens2\n|raw|tealpens2's rating: 1123 &rarr; <strong>1147</strong><br />(+24 for winning)\n|raw|shedinja&apos;s 2 fan's rating: 1111 &rarr; <strong>1087</strong><br />(-24 for losing)\n|c|\u2606shedinja's 2 fan|ggs\n|l|\u2606shedinja's 2 fan\n|player|p2|\n",
  "uploadtime": 1776452883,
  "views": 46,
  "formatid": "gen9championsvgc2026regma",
  "rating": 1087,
  "private": 0,
  "password": null
}