{
  "id": "gen9championsvgc2026regma-2586947670",
  "format": "[Gen 9 Champions] VGC 2026 Reg M-A",
  "players": [
    "Meddizzle",
    "bigboiryker"
  ],
  "log": "|j|\u2606Meddizzle\n|j|\u2606bigboiryker\n|t:|1776474569\n|gametype|doubles\n|player|p1|Meddizzle|steven|1042\n|player|p2|bigboiryker|169|1000\n|gen|9\n|tier|[Gen 9 Champions] VGC 2026 Reg M-A\n|rated|\n|rule|Species Clause: Limit one of each Pok\u00e9mon\n|rule|Item Clause: Limit 1 of each item\n|clearpoke\n|poke|p1|Reuniclus, L50, M|\n|poke|p1|Armarouge, L50, M|\n|poke|p1|Toxapex, L50, M|\n|poke|p1|Araquanid, L50, M|\n|poke|p1|Gliscor, L50, F|\n|poke|p1|Blastoise, L50, F|\n|poke|p2|Alakazam, L50, M|\n|poke|p2|Meowstic, L50, M|\n|poke|p2|Sinistcha, L50|\n|poke|p2|Incineroar, L50, M|\n|poke|p2|Armarouge, L50, F|\n|poke|p2|Rotom-Wash, L50|\n|teampreview|4\nbigboiryker has agreed to open team sheets.\n|inactive|Battle timer is ON: inactive players will automatically lose when time's up. (requested by bigboiryker)\n|\n|t:|1776474649\n|teamsize|p1|4\n|teamsize|p2|4\n|start\n|switch|p1a: Reuniclus|Reuniclus, L50, M|100/100\n|switch|p1b: Araquanid|Araquanid, L50, M, shiny|100/100\n|switch|p2a: Meowstic|Meowstic, L50, M|100/100\n|switch|p2b: Alakazam|Alakazam, L50, M|100/100\n|turn|1\n|inactive|Meddizzle has 30 seconds left.\n|inactive|bigboiryker has 30 seconds left.\n|inactive|bigboiryker has 20 seconds left.\n|\n|t:|1776474686\n|detailschange|p2b: Alakazam|Alakazam-Mega, L50, M\n|-mega|p2b: Alakazam|Alakazam|Alakazite\n|-ability|p2b: Alakazam|Water Absorb|Trace|[from] ability: Trace|[of] p1b: Araquanid\n|move|p2a: Meowstic|Psychic Terrain|p2a: Meowstic\n|-fieldstart|move: Psychic Terrain\n|move|p2b: Alakazam|Expanding Force|p1a: Reuniclus|[spread] p1a,p1b\n|-resisted|p1a: Reuniclus|1\n|-damage|p1a: Reuniclus|58/100\n|-damage|p1b: Araquanid|43/100\n|move|p1b: Araquanid|Liquidation|p2b: Alakazam\n|-immune|p2b: Alakazam|[from] ability: Water Absorb\n|move|p1a: Reuniclus|Shadow Ball|p2b: Alakazam\n|-supereffective|p2b: Alakazam|1\n|-damage|p2b: Alakazam|20/100\n|\n|upkeep\n|turn|2\n|inactive|Meddizzle has 30 seconds left.\n|\n|t:|1776474714\n|switch|p1b: Toxapex|Toxapex, L50, M|100/100\n|move|p2a: Meowstic|Light Screen|p2a: Meowstic\n|-sidestart|p2: bigboiryker|move: Light Screen\n|move|p2b: Alakazam|Expanding Force|p1a: Reuniclus|[spread] p1a,p1b\n|-resisted|p1a: Reuniclus|1\n|-supereffective|p1b: Toxapex|1\n|-damage|p1a: Reuniclus|18/100\n|-damage|p1b: Toxapex|0 fnt\n|faint|p1b: Toxapex\n|move|p1a: Reuniclus|Trick Room|p1a: Reuniclus\n|-fieldstart|move: Trick Room|[of] p1a: Reuniclus\n|\n|upkeep\n|\n|t:|1776474727\n|switch|p1b: Araquanid|Araquanid, L50, M, shiny|43/100\n|turn|3\n|\n|t:|1776474751\n|switch|p2b: Incineroar|Incineroar, L50, M|100/100\n|-ability|p2b: Incineroar|Intimidate|boost\n|-unboost|p1a: Reuniclus|atk|1\n|-unboost|p1b: Araquanid|atk|1\n|move|p2a: Meowstic|Reflect|p2a: Meowstic\n|-sidestart|p2: bigboiryker|Reflect\n|move|p1a: Reuniclus|Shadow Ball|p2b: Incineroar\n|-resisted|p2b: Incineroar|1\n|-damage|p2b: Incineroar|94/100\n|move|p1b: Araquanid|Liquidation|p2a: Meowstic\n|-damage|p2a: Meowstic|86/100\n|\n|upkeep\n|turn|4\n|inactive|bigboiryker has 30 seconds left.\n|\n|t:|1776474776\n|switch|p1a: Blastoise|Blastoise, L50, F|100/100\n|switch|p2a: Armarouge|Armarouge, L50, F|100/100\n|move|p2b: Incineroar|Fake Out|p1b: Araquanid\n|-activate|p1b: Araquanid|move: Psychic Terrain\n|move|p1b: Araquanid|Rain Dance|p1b: Araquanid\n|-weather|RainDance\n|\n|-weather|RainDance|[upkeep]\n|upkeep\n|turn|5\n|inactive|Meddizzle has 30 seconds left.\n|inactive|bigboiryker has 30 seconds left.\n|inactive|Meddizzle has 20 seconds left.\n|inactive|bigboiryker has 20 seconds left.\n|inactive|Meddizzle has 15 seconds left.\n|inactive|Meddizzle has 10 seconds left.\n|inactive|Meddizzle has 5 seconds left.\n|\n|t:|1776474826\n|detailschange|p1a: Blastoise|Blastoise-Mega, L50, F\n|-mega|p1a: Blastoise|Blastoise|Blastoisinite\n|move|p1b: Araquanid|Entrainment|p1a: Blastoise\n|-ability|p1a: Blastoise|Water Absorb|Mega Launcher|[from] move: Entrainment|[of] p1b: Araquanid\n|move|p2b: Incineroar|Parting Shot|p1a: Blastoise\n|-unboost|p1a: Blastoise|atk|1\n|-unboost|p1a: Blastoise|spa|1\n|\n|t:|1776474837\n|switch|p2b: Meowstic|Meowstic, L50, M|86/100|[from] Parting Shot\n|move|p1a: Blastoise|Surf|p2a: Armarouge|[spread] p2a,p2b\n|-heal|p1b: Araquanid|68/100|[from] ability: Water Absorb|[of] p1a: Blastoise\n|-supereffective|p2a: Armarouge|1\n|-damage|p2a: Armarouge|48/100\n|-damage|p2b: Meowstic|70/100\n|move|p2a: Armarouge|Expanding Force|p1a: Blastoise|[spread] p1a,p1b\n|-damage|p1a: Blastoise|64/100\n|-damage|p1b: Araquanid|28/100\n|\n|-weather|RainDance|[upkeep]\n|-fieldend|move: Psychic Terrain\n|upkeep\n|turn|6\n|inactive|bigboiryker has 30 seconds left.\n|\n|t:|1776474866\n|move|p2b: Meowstic|Fake Out|p1a: Blastoise\n|-damage|p1a: Blastoise|60/100\n|move|p1b: Araquanid|Liquidation|p1a: Blastoise\n|-heal|p1a: Blastoise|84/100|[from] ability: Water Absorb|[of] p1b: Araquanid\n|cant|p1a: Blastoise|flinch\n|move|p2a: Armarouge|Expanding Force|p1b: Araquanid\n|-damage|p1b: Araquanid|0 fnt\n|faint|p1b: Araquanid\n|\n|-weather|RainDance|[upkeep]\n|-sideend|p2: bigboiryker|move: Light Screen\n|-fieldend|move: Trick Room\n|upkeep\n|\n|t:|1776474877\n|switch|p1b: Reuniclus|Reuniclus, L50, M|51/100\n|turn|7\n|inactive|Meddizzle has 30 seconds left.\n|inactive|Meddizzle has 20 seconds left.\n|inactive|Meddizzle has 15 seconds left.\n|\n|t:|1776474921\n|move|p2b: Meowstic|Psychic Terrain|p2b: Meowstic\n|-fieldstart|move: Psychic Terrain\n|move|p2a: Armarouge|Taunt|p1b: Reuniclus\n|-start|p1b: Reuniclus|move: Taunt\n|move|p1a: Blastoise|Ice Beam|p2b: Meowstic\n|-damage|p2b: Meowstic|54/100\n|move|p1b: Reuniclus|Shadow Ball|p2a: Armarouge\n|-supereffective|p2a: Armarouge|1\n|-damage|p2a: Armarouge|0 fnt\n|faint|p2a: Armarouge\n|\n|-weather|RainDance|[upkeep]\n|-sideend|p2: bigboiryker|Reflect\n|upkeep\n|\n|t:|1776474936\n|switch|p2a: Alakazam|Alakazam-Mega, L50, M|20/100\n|-ability|p2a: Alakazam|Water Absorb|Trace|[from] ability: Trace|[of] p1a: Blastoise\n|turn|8\n|inactive|Meddizzle has 30 seconds left.\n|\n|t:|1776474969\n|move|p2b: Meowstic|Light Screen|p2b: Meowstic\n|-sidestart|p2: bigboiryker|move: Light Screen\n|move|p2a: Alakazam|Expanding Force|p1a: Blastoise|[spread] p1a,p1b\n|-resisted|p1b: Reuniclus|1\n|-damage|p1a: Blastoise|31/100\n|-damage|p1b: Reuniclus|15/100\n|move|p1a: Blastoise|Ice Beam|p2b: Meowstic\n|-damage|p2b: Meowstic|44/100\n|move|p1b: Reuniclus|Psychic|p2a: Alakazam\n|-resisted|p2a: Alakazam|1\n|-damage|p2a: Alakazam|0 fnt\n|faint|p2a: Alakazam\n|\n|-weather|none\n|upkeep\n|\n|t:|1776474976\n|switch|p2a: Incineroar|Incineroar, L50, M|94/100\n|-ability|p2a: Incineroar|Intimidate|boost\n|-unboost|p1a: Blastoise|atk|1\n|-unboost|p1b: Reuniclus|atk|1\n|turn|9\n|inactive|Meddizzle has 30 seconds left.\n|inactive|Meddizzle has 20 seconds left.\n|inactive|Meddizzle has 15 seconds left.\n|inactive|Meddizzle has 10 seconds left.\n|inactive|Meddizzle has 5 seconds left.\n|\n|t:|1776475031\n|move|p1a: Blastoise|Protect|p1a: Blastoise\n|-singleturn|p1a: Blastoise|Protect\n|move|p2b: Meowstic|Reflect|p2b: Meowstic\n|-sidestart|p2: bigboiryker|Reflect\n|move|p2a: Incineroar|Will-O-Wisp|p1a: Blastoise\n|-activate|p1a: Blastoise|move: Protect\n|move|p1b: Reuniclus|Shadow Ball|p2a: Incineroar\n|-resisted|p2a: Incineroar|1\n|-damage|p2a: Incineroar|87/100\n|\n|-end|p1b: Reuniclus|move: Taunt\n|upkeep\n|turn|10\n|\n|t:|1776475049\n|move|p2b: Meowstic|Light Screen||[still]\n|-fail|p2b: Meowstic\n|move|p1a: Blastoise|Ice Beam|p2b: Meowstic\n|-damage|p2b: Meowstic|35/100\n|move|p2a: Incineroar|Will-O-Wisp|p1a: Blastoise\n|-status|p1a: Blastoise|brn\n|move|p1b: Reuniclus|Shadow Ball|p2b: Meowstic\n|-supereffective|p2b: Meowstic|1\n|-damage|p2b: Meowstic|2/100\n|\n|-damage|p1a: Blastoise|25/100 brn|[from] brn\n|upkeep\n|turn|11\n|\n|t:|1776475072\n|move|p2b: Meowstic|Light Screen||[still]\n|-fail|p2b: Meowstic\n|move|p1a: Blastoise|Ice Beam|p2b: Meowstic\n|-damage|p2b: Meowstic|0 fnt\n|faint|p2b: Meowstic\n|move|p2a: Incineroar|Parting Shot|p1a: Blastoise\n|-unboost|p1a: Blastoise|atk|1\n|-unboost|p1a: Blastoise|spa|1\n|move|p1b: Reuniclus|Trick Room|p1b: Reuniclus\n|-fieldstart|move: Trick Room|[of] p1b: Reuniclus\n|\n|-damage|p1a: Blastoise|19/100 brn|[from] brn\n|-fieldend|move: Psychic Terrain\n|upkeep\n|turn|12\n|\n|t:|1776475097\n|move|p1b: Reuniclus|Shadow Ball|p2a: Incineroar\n|-resisted|p2a: Incineroar|1\n|-damage|p2a: Incineroar|80/100\n|move|p2a: Incineroar|Will-O-Wisp|p1b: Reuniclus\n|-status|p1b: Reuniclus|brn\n|move|p1a: Blastoise|Ice Beam|p2a: Incineroar\n|-resisted|p2a: Incineroar|1\n|-damage|p2a: Incineroar|77/100\n|\n|-damage|p1b: Reuniclus|9/100 brn|[from] brn\n|-damage|p1a: Blastoise|13/100 brn|[from] brn\n|-sideend|p2: bigboiryker|move: Light Screen\n|upkeep\n|turn|13\n|\n|t:|1776475111\n|move|p1b: Reuniclus|Shadow Ball|p2a: Incineroar\n|-resisted|p2a: Incineroar|1\n|-crit|p2a: Incineroar\n|-damage|p2a: Incineroar|62/100\n|move|p2a: Incineroar|Parting Shot|p1a: Blastoise\n|-unboost|p1a: Blastoise|atk|1\n|-unboost|p1a: Blastoise|spa|1\n|move|p1a: Blastoise|Ice Beam|p2a: Incineroar\n|-resisted|p2a: Incineroar|1\n|-damage|p2a: Incineroar|58/100\n|\n|-damage|p1b: Reuniclus|3/100 brn|[from] brn\n|-damage|p1a: Blastoise|7/100 brn|[from] brn\n|-sideend|p2: bigboiryker|Reflect\n|upkeep\n|turn|14\n|\n|t:|1776475125\n|move|p1b: Reuniclus|Shadow Ball|p2a: Incineroar\n|-resisted|p2a: Incineroar|1\n|-damage|p2a: Incineroar|48/100\n|move|p2a: Incineroar|Parting Shot|p1a: Blastoise\n|-unboost|p1a: Blastoise|atk|1\n|-unboost|p1a: Blastoise|spa|1\n|move|p1a: Blastoise|Ice Beam|p2a: Incineroar\n|-resisted|p2a: Incineroar|1\n|-damage|p2a: Incineroar|44/100\n|-status|p2a: Incineroar|frz\n|\n|-damage|p1b: Reuniclus|0 fnt|[from] brn\n|faint|p1b: Reuniclus\n|-damage|p1a: Blastoise|2/100 brn|[from] brn\n|upkeep\n|turn|15\n|\n|t:|1776475140\n|cant|p2a: Incineroar|frz\n|move|p1a: Blastoise|Surf|p2a: Incineroar\n|-supereffective|p2a: Incineroar|1\n|-damage|p2a: Incineroar|26/100 frz\n|\n|-damage|p1a: Blastoise|0 fnt|[from] brn\n|faint|p1a: Blastoise\n|\n|win|bigboiryker\n|raw|Meddizzle's rating: 1042 &rarr; <strong>1024</strong><br />(-18 for losing)\n|raw|bigboiryker's rating: 1000 &rarr; <strong>1045</strong><br />(+45 for winning)\n",
  "uploadtime": 1776475145,
  "views": 18,
  "formatid": "gen9championsvgc2026regma",
  "rating": 1024,
  "private": 0,
  "password": null
}