{
  "id": "gen9championsvgc2026regma-2588352423",
  "format": "[Gen 9 Champions] VGC 2026 Reg M-A",
  "players": [
    "z3r0cool",
    "Leander15"
  ],
  "log": "|j|\u2606z3r0cool\n|j|\u2606Leander15\n|t:|1776626444\n|gametype|doubles\n|player|p1|z3r0cool|lorelei-gen1|1100\n|player|p2|Leander15|ghetsis|1130\n|gen|9\n|tier|[Gen 9 Champions] VGC 2026 Reg M-A\n|rated|\n|rule|Species Clause: Limit one of each Pok\u00e9mon\n|rule|Item Clause: Limit 1 of each item\n|clearpoke\n|poke|p1|Sneasler, L50, M, shiny|\n|poke|p1|Feraligatr, L50, F, shiny|\n|poke|p1|Talonflame, L50, F, shiny|\n|poke|p1|Kingambit, L50, M|\n|poke|p1|Gardevoir, L50, M, shiny|\n|poke|p1|Sinistcha, L50|\n|poke|p2|Sneasler, L50, F|\n|poke|p2|Milotic, L50, F, shiny|\n|poke|p2|Skarmory, L50, F, shiny|\n|poke|p2|Garchomp, L50, F|\n|poke|p2|Tauros-Paldea-Aqua, L50, M|\n|poke|p2|Aerodactyl, L50, F|\n|teampreview|4\nLeander15 rejected open team sheets.\n|inactive|Battle timer is ON: inactive players will automatically lose when time's up. (requested by z3r0cool)\n|\n|t:|1776626472\n|teamsize|p1|4\n|teamsize|p2|4\n|start\n|switch|p1a: Sneasler|Sneasler, L50, M, shiny|100/100\n|switch|p1b: Feraligatr|Feraligatr, L50, F, shiny|100/100\n|switch|p2a: Sneasler|Sneasler, L50, F|100/100\n|switch|p2b: Aerodactyl|Aerodactyl, L50, F|100/100\n|-ability|p2b: Aerodactyl|Unnerve\n|turn|1\n|inactive|z3r0cool has 30 seconds left.\n|inactive|Leander15 has 30 seconds left.\n|\n|t:|1776626504\n|detailschange|p1b: Feraligatr|Feraligatr-Mega, L50, F, shiny\n|-mega|p1b: Feraligatr|Feraligatr|Feraligite\n|move|p2b: Aerodactyl|Protect|p2b: Aerodactyl\n|-singleturn|p2b: Aerodactyl|Protect\n|move|p2a: Sneasler|Protect|p2a: Sneasler\n|-singleturn|p2a: Sneasler|Protect\n|move|p1a: Sneasler|Fake Out|p2b: Aerodactyl\n|-activate|p2b: Aerodactyl|move: Protect\n|move|p1b: Feraligatr|Liquidation|p2b: Aerodactyl\n|-activate|p2b: Aerodactyl|move: Protect\n|\n|upkeep\n|turn|2\n|inactive|z3r0cool has 30 seconds left.\n|\n|t:|1776626533\n|switch|p1a: Sinistcha|Sinistcha, L50|100/100\n|move|p2b: Aerodactyl|Dual Wingbeat|p1a: Sinistcha\n|-supereffective|p1a: Sinistcha|1\n|-damage|p1a: Sinistcha|67/100\n|-supereffective|p1a: Sinistcha|1\n|-damage|p1a: Sinistcha|36/100\n|-hitcount|p1a: Sinistcha|2\n|move|p2a: Sneasler|Close Combat|p1b: Feraligatr\n|-crit|p1b: Feraligatr\n|-damage|p1b: Feraligatr|5/100\n|-unboost|p2a: Sneasler|def|1\n|-unboost|p2a: Sneasler|spd|1\n|-enditem|p2a: Sneasler|White Herb\n|-clearnegativeboost|p2a: Sneasler|[silent]\n|move|p1b: Feraligatr|Liquidation|p2b: Aerodactyl\n|-supereffective|p2b: Aerodactyl|1\n|-enditem|p2b: Aerodactyl|Focus Sash\n|-damage|p2b: Aerodactyl|1/100\n|\n|upkeep\n|turn|3\n|inactive|z3r0cool has 30 seconds left.\n|inactive|Leander15 has 30 seconds left.\n|inactive|Leander15 has 20 seconds left.\n|c|\u2606z3r0cool|i keep getting crit\n|inactive|Leander15 has 15 seconds left.\n|\n|t:|1776626573\n|move|p1a: Sinistcha|Rage Powder|p1a: Sinistcha\n|-singleturn|p1a: Sinistcha|move: Rage Powder\n|move|p2a: Sneasler|Dire Claw|p1a: Sinistcha\n|-damage|p1a: Sinistcha|0 fnt\n|faint|p1a: Sinistcha\n|move|p2b: Aerodactyl|Dual Wingbeat|p1b: Feraligatr\n|-damage|p1b: Feraligatr|0 fnt\n|faint|p1b: Feraligatr\n|-hitcount|p1: Feraligatr|1\n|\n|upkeep\n|c|\u2606z3r0cool|so important\n|\n|t:|1776626587\n|switch|p1b: Kingambit|Kingambit, L50, M|100/100\n|switch|p1a: Sneasler|Sneasler, L50, M, shiny|100/100\n|turn|4\n|\n|t:|1776626601\n|move|p2b: Aerodactyl|Protect|p2b: Aerodactyl\n|-singleturn|p2b: Aerodactyl|Protect\n|move|p1a: Sneasler|Fake Out|p2a: Sneasler\n|-damage|p2a: Sneasler|76/100\n|-immune|p2a: Sneasler\n|cant|p2a: Sneasler|flinch\n|move|p1b: Kingambit|Iron Head|p2a: Sneasler\n|-damage|p2a: Sneasler|0 fnt\n|faint|p2a: Sneasler\n|\n|upkeep\n|\n|t:|1776626620\n|switch|p2a: Milotic|Milotic, L50, F, shiny|100/100\n|turn|5\n|\n|t:|1776626632\n|move|p1b: Kingambit|Sucker Punch||[still]\n|-fail|p1b: Kingambit\n|move|p2b: Aerodactyl|Tailwind|p2b: Aerodactyl\n|-sidestart|p2: Leander15|move: Tailwind\n|move|p2a: Milotic|Scald|p1b: Kingambit\n|-damage|p1b: Kingambit|70/100\n|move|p1a: Sneasler|Dire Claw|p2a: Milotic\n|-damage|p2a: Milotic|69/100\n|-status|p2a: Milotic|psn|[from] ability: Poison Touch|[of] p1a: Sneasler\n|\n|-damage|p2a: Milotic|56/100 psn|[from] psn\n|upkeep\n|turn|6\n|inactive|z3r0cool has 30 seconds left.\n|\n|t:|1776626666\n|move|p2b: Aerodactyl|Protect|p2b: Aerodactyl\n|-singleturn|p2b: Aerodactyl|Protect\n|move|p1b: Kingambit|Sucker Punch||[still]\n|-fail|p1b: Kingambit\n|move|p2a: Milotic|Recover|p2a: Milotic\n|-heal|p2a: Milotic|100/100 psn\n|move|p1a: Sneasler|Close Combat|p2a: Milotic\n|-damage|p2a: Milotic|54/100 psn\n|-unboost|p1a: Sneasler|def|1\n|-unboost|p1a: Sneasler|spd|1\n|\n|-damage|p2a: Milotic|42/100 psn|[from] psn\n|upkeep\n|-enditem|p2a: Milotic|Sitrus Berry|[eat]\n|-heal|p2a: Milotic|66/100 psn|[from] item: Sitrus Berry\n|turn|7\n|inactive|z3r0cool has 30 seconds left.\n|\n|t:|1776626696\n|move|p1b: Kingambit|Sucker Punch|p2b: Aerodactyl\n|-damage|p2b: Aerodactyl|0 fnt\n|faint|p2b: Aerodactyl\n|move|p2a: Milotic|Scald|p1a: Sneasler\n|-damage|p1a: Sneasler|38/100\n|-status|p1a: Sneasler|brn\n|move|p1a: Sneasler|Coaching|p1b: Kingambit\n|-boost|p1b: Kingambit|atk|1\n|-boost|p1b: Kingambit|def|1\n|\n|-damage|p2a: Milotic|54/100 psn|[from] psn\n|-damage|p1a: Sneasler|32/100 brn|[from] brn\n|upkeep\n|\n|t:|1776626703\n|switch|p2b: Skarmory|Skarmory, L50, F, shiny|100/100\n|turn|8\n|\n|t:|1776626721\n|move|p2b: Skarmory|Swords Dance|p2b: Skarmory\n|-boost|p2b: Skarmory|atk|2\n|move|p2a: Milotic|Scald|p1a: Sneasler\n|-damage|p1a: Sneasler|0 fnt\n|faint|p1a: Sneasler\n|move|p1b: Kingambit|Kowtow Cleave|p2a: Milotic\n|-damage|p2a: Milotic|0 fnt\n|faint|p2a: Milotic\n|\n|-sideend|p2: Leander15|move: Tailwind\n|upkeep\n|turn|9\n|\n|t:|1776626739\n|detailschange|p2b: Skarmory|Skarmory-Mega, L50, F, shiny\n|-mega|p2b: Skarmory|Skarmory|Skarmorite\n|move|p2b: Skarmory|Iron Head|p1b: Kingambit\n|-resisted|p1b: Kingambit|1\n|-damage|p1b: Kingambit|48/100\n|move|p1b: Kingambit|Kowtow Cleave|p2b: Skarmory\n|-crit|p2b: Skarmory\n|-damage|p2b: Skarmory|0 fnt\n|faint|p2b: Skarmory\n|\n|win|z3r0cool\n|raw|z3r0cool's rating: 1100 &rarr; <strong>1127</strong><br />(+27 for winning)\n|raw|Leander15's rating: 1130 &rarr; <strong>1103</strong><br />(-27 for losing)\n|l|\u2606Leander15\n|player|p2|\n",
  "uploadtime": 1776626748,
  "views": 9,
  "formatid": "gen9championsvgc2026regma",
  "rating": 1103,
  "private": 0,
  "password": null
}