{
  "id": "gen9championsvgc2026regma-2585945704",
  "format": "[Gen 9 Champions] VGC 2026 Reg M-A",
  "players": [
    "Mfoster1110",
    "Cumdoy"
  ],
  "log": "|j|\u2606Mfoster1110\n|j|\u2606Cumdoy\n|t:|1776383904\n|gametype|doubles\n|player|p1|Mfoster1110|266|1076\n|player|p2|Cumdoy|1|1082\n|gen|9\n|tier|[Gen 9 Champions] VGC 2026 Reg M-A\n|rated|\n|rule|Species Clause: Limit one of each Pok\u00e9mon\n|rule|Item Clause: Limit 1 of each item\n|clearpoke\n|poke|p1|Lycanroc-Dusk, L50, M|\n|poke|p1|Noivern, L50, M|\n|poke|p1|Meowscarada, L50, F|\n|poke|p1|Chandelure, L50, M|\n|poke|p1|Sableye, L50, M|\n|poke|p1|Corviknight, L50, M|\n|poke|p2|Ariados, L50, M|\n|poke|p2|Pinsir, L50, M|\n|poke|p2|Medicham, L50, M|\n|poke|p2|Froslass, L50, F|\n|poke|p2|Araquanid, L50, M|\n|poke|p2|Vivillon, L50, F|\n|teampreview|4\n|inactive|Battle timer is ON: inactive players will automatically lose when time's up. (requested by Mfoster1110)\n|\n|t:|1776383929\n|teamsize|p1|4\n|teamsize|p2|4\n|start\n|switch|p1a: Gabbaghoul|Sableye, L50, M, shiny|100/100\n|switch|p1b: Count|Noivern, L50, M, shiny|100/100\n|switch|p2a: Froslass|Froslass, L50, F|100/100\n|switch|p2b: Vivillon|Vivillon, L50, F|100/100\n|turn|1\n|\n|t:|1776383953\n|detailschange|p2a: Froslass|Froslass-Mega, L50, F\n|-mega|p2a: Froslass|Froslass|Froslassite\n|-weather|Snowscape|[from] ability: Snow Warning|[of] p2a: Froslass\n|move|p1a: Gabbaghoul|Fake Out|p2b: Vivillon\n|-damage|p2b: Vivillon|86/100\n|move|p1b: Count|Tailwind|p1b: Count\n|-sidestart|p1: Mfoster1110|move: Tailwind\n|move|p2a: Froslass|Shadow Ball|p1a: Gabbaghoul\n|-damage|p1a: Gabbaghoul|26/100\n|cant|p2b: Vivillon|flinch\n|\n|-weather|Snowscape|[upkeep]\n|upkeep\n|turn|2\n|\n|t:|1776383978\n|move|p2a: Froslass|Protect|p2a: Froslass\n|-singleturn|p2a: Froslass|Protect\n|move|p1b: Count|Draco Meteor|p2a: Froslass\n|-activate|p2a: Froslass|move: Protect\n|move|p2b: Vivillon|Tailwind|p2b: Vivillon\n|-sidestart|p2: Cumdoy|move: Tailwind\n|move|p1a: Gabbaghoul|Foul Play|p2a: Froslass\n|-activate|p2a: Froslass|move: Protect\n|\n|-weather|Snowscape|[upkeep]\n|upkeep\n|turn|3\n|\n|t:|1776384000\n|switch|p2a: Araquanid|Araquanid, L50, M|100/100\n|move|p1b: Count|Draco Meteor|p2a: Araquanid\n|-damage|p2a: Araquanid|50/100\n|-unboost|p1b: Count|spa|2\n|move|p2b: Vivillon|Sleep Powder|p1b: Count\n|-status|p1b: Count|slp|[from] move: Sleep Powder\n|move|p1a: Gabbaghoul|Foul Play|p2a: Araquanid\n|-damage|p2a: Araquanid|12/100\n|\n|-weather|Snowscape|[upkeep]\n|upkeep\n|turn|4\n|inactive|Mfoster1110 has 30 seconds left.\n|\n|t:|1776384026\n|cant|p1b: Count|slp\n|move|p2b: Vivillon|Hurricane|p1b: Count\n|-damage|p1b: Count|40/100 slp\n|move|p1a: Gabbaghoul|Foul Play|p2a: Araquanid\n|-crit|p2a: Araquanid\n|-damage|p2a: Araquanid|0 fnt\n|faint|p2a: Araquanid\n|\n|-weather|Snowscape|[upkeep]\n|-sideend|p1: Mfoster1110|move: Tailwind\n|upkeep\n|\n|t:|1776384037\n|switch|p2a: Froslass|Froslass-Mega, L50, F|100/100\n|turn|5\n|\n|t:|1776384048\n|move|p1a: Gabbaghoul|Protect|p1a: Gabbaghoul\n|-singleturn|p1a: Gabbaghoul|Protect\n|move|p2b: Vivillon|Protect|p2b: Vivillon\n|-singleturn|p2b: Vivillon|Protect\n|move|p2a: Froslass|Blizzard|p1a: Gabbaghoul|[spread] p1b\n|-activate|p1a: Gabbaghoul|move: Protect\n|-supereffective|p1b: Count|2\n|-damage|p1b: Count|0 fnt\n|faint|p1b: Count\n|\n|-weather|none\n|-sideend|p2: Cumdoy|move: Tailwind\n|upkeep\n|\n|t:|1776384058\n|switch|p1b: Chandy|Chandelure, L50, M, shiny|100/100\n|turn|6\n|\n|t:|1776384070\n|detailschange|p1b: Chandy|Chandelure-Mega, L50, M, shiny\n|-mega|p1b: Chandy|Chandelure|Chandelurite\n|move|p1a: Gabbaghoul|Encore|p2b: Vivillon\n|-start|p2b: Vivillon|Encore\n|move|p2b: Vivillon|Protect|p2b: Vivillon\n|-singleturn|p2b: Vivillon|Protect\n|move|p2a: Froslass|Shadow Ball|p1b: Chandy\n|-supereffective|p1b: Chandy|1\n|-damage|p1b: Chandy|0 fnt\n|faint|p1b: Chandy\n|\n|upkeep\n|\n|t:|1776384079\n|switch|p1b: Vannie|Lycanroc-Dusk, L50, M, shiny|100/100\n|turn|7\n|\n|t:|1776384090\n|switch|p2a: Ariados|Ariados, L50, M|100/100\n|move|p2b: Vivillon|Protect||[still]\n|-fail|p2b: Vivillon\n|move|p1a: Gabbaghoul|Encore||[still]\n|-fail|p1a: Gabbaghoul\n|move|p1b: Vannie|Rock Slide|p2b: Vivillon|[spread] p2a,p2b\n|-supereffective|p2a: Ariados|1\n|-supereffective|p2b: Vivillon|2\n|-damage|p2a: Ariados|33/100\n|-damage|p2b: Vivillon|0 fnt\n|faint|p2b: Vivillon\n|\n|upkeep\n|\n|t:|1776384102\n|switch|p2b: Froslass|Froslass-Mega, L50, F|100/100\n|-weather|Snowscape|[from] ability: Snow Warning|[of] p2b: Froslass\n|turn|8\n|\n|t:|1776384124\n|move|p2a: Ariados|Sucker Punch|p1a: Gabbaghoul\n|-damage|p1a: Gabbaghoul|3/100\n|move|p2b: Froslass|Blizzard|p1b: Vannie|[spread] p1a,p1b\n|-damage|p1a: Gabbaghoul|0 fnt\n|-damage|p1b: Vannie|20/100\n|-status|p1b: Vannie|frz\n|faint|p1a: Gabbaghoul\n|cant|p1b: Vannie|frz\n|\n|-weather|Snowscape|[upkeep]\n|upkeep\n|turn|9\n|\n|t:|1776384139\n|move|p2b: Froslass|Blizzard|p1b: Vannie\n|-damage|p1b: Vannie|0 fnt\n|faint|p1b: Vannie\n|\n|win|Cumdoy\n|raw|Mfoster1110's rating: 1076 &rarr; <strong>1055</strong><br />(-21 for losing)\n|raw|Cumdoy's rating: 1082 &rarr; <strong>1109</strong><br />(+27 for winning)\n|l|\u2606Mfoster1110\n|player|p1|\n|c|\u2606Cumdoy|BUGS\n|c|\u2606Cumdoy|gg\n",
  "uploadtime": 1776384146,
  "views": 31,
  "formatid": "gen9championsvgc2026regma",
  "rating": 1055,
  "private": 0,
  "password": null
}