{
  "id": "gen9championsvgc2026regma-2588128029",
  "format": "[Gen 9 Champions] VGC 2026 Reg M-A",
  "players": [
    "Palillosilva",
    "campeondelfitness"
  ],
  "log": "|j|\u2606Palillosilva\n|j|\u2606campeondelfitness\n|t:|1776607232\n|gametype|doubles\n|player|p1|Palillosilva|2|1356\n|player|p2|campeondelfitness|swimmer|1300\n|gen|9\n|tier|[Gen 9 Champions] VGC 2026 Reg M-A\n|rated|\n|rule|Species Clause: Limit one of each Pok\u00e9mon\n|rule|Item Clause: Limit 1 of each item\n|clearpoke\n|poke|p1|Blastoise, L50, M|\n|poke|p1|Sylveon, L50, F, shiny|\n|poke|p1|Garchomp, L50, M|\n|poke|p1|Aerodactyl, L50, M|\n|poke|p1|Sneasler, L50, M|\n|poke|p1|Sinistcha, L50|\n|poke|p2|Tyranitar, L50, F|\n|poke|p2|Garchomp, L50, F|\n|poke|p2|Heliolisk, L50, F|\n|poke|p2|Rotom-Heat, L50|\n|poke|p2|Orthworm, L50, F|\n|poke|p2|Aerodactyl, L50, F|\n|teampreview|4\n|inactive|Battle timer is ON: inactive players will automatically lose when time's up. (requested by campeondelfitness)\nPalillosilva rejected open team sheets.\n|\n|t:|1776607257\n|teamsize|p1|4\n|teamsize|p2|4\n|start\n|switch|p1a: Sneasler|Sneasler, L50, M|100/100\n|switch|p1b: Blastoise|Blastoise, L50, M|100/100\n|switch|p2a: Heliolisk|Heliolisk, L50, F|100/100\n|switch|p2b: Tyranitar|Tyranitar, L50, F|100/100\n|-weather|Sandstorm|[from] ability: Sand Stream|[of] p2b: Tyranitar\n|turn|1\n|c|\u2606campeondelfitness|que feo el silveon azul\n|\n|t:|1776607274\n|detailschange|p1b: Blastoise|Blastoise-Mega, L50, M\n|-mega|p1b: Blastoise|Blastoise|Blastoisinite\n|move|p2b: Tyranitar|Protect|p2b: Tyranitar\n|-singleturn|p2b: Tyranitar|Protect\n|move|p1a: Sneasler|Fake Out|p2a: Heliolisk|[miss]\n|-miss|p1a: Sneasler|p2a: Heliolisk\n|move|p2a: Heliolisk|Discharge|p1a: Sneasler|[spread] p1a,p1b\n|-activate|p2b: Tyranitar|move: Protect\n|-crit|p1a: Sneasler\n|-supereffective|p1b: Blastoise|1\n|-damage|p1a: Sneasler|54/100\n|-damage|p1b: Blastoise|51/100\n|move|p1b: Blastoise|Shell Smash|p1b: Blastoise\n|-unboost|p1b: Blastoise|def|1\n|-unboost|p1b: Blastoise|spd|1\n|-boost|p1b: Blastoise|atk|2\n|-boost|p1b: Blastoise|spa|2\n|-boost|p1b: Blastoise|spe|2\n|\n|-weather|Sandstorm|[upkeep]\n|-damage|p1b: Blastoise|45/100|[from] Sandstorm\n|-damage|p1a: Sneasler|48/100|[from] Sandstorm\n|upkeep\n|turn|2\n|inactive|Palillosilva has 30 seconds left.\n|inactive|campeondelfitness has 30 seconds left.\n|inactive|campeondelfitness has 20 seconds left.\n|\n|t:|1776607310\n|switch|p1a: Sinistcha|Sinistcha, L50|100/100\n|-heal|p1b: Blastoise|70/100|[from] ability: Hospitality|[of] p1a: Sinistcha\n|switch|p2b: Rotom|Rotom-Heat, L50|100/100\n|move|p1b: Blastoise|Protect|p1b: Blastoise\n|-singleturn|p1b: Blastoise|Protect\n|move|p2a: Heliolisk|Discharge|p1a: Sinistcha|[spread] p2b,p1a\n|-activate|p1b: Blastoise|move: Protect\n|-resisted|p2b: Rotom|1\n|-resisted|p1a: Sinistcha|1\n|-damage|p2b: Rotom|86/100\n|-damage|p1a: Sinistcha|88/100\n|\n|-weather|Sandstorm|[upkeep]\n|-damage|p1b: Blastoise|64/100|[from] Sandstorm\n|-damage|p2b: Rotom|81/100|[from] Sandstorm\n|-damage|p1a: Sinistcha|82/100|[from] Sandstorm\n|upkeep\n|turn|3\n|inactive|Palillosilva has 30 seconds left.\n|\n|t:|1776607338\n|switch|p1a: Garchomp|Garchomp, L50, M|100/100\n|move|p1b: Blastoise|Water Spout|p2b: Rotom|[spread] p2b\n|-miss|p1b: Blastoise|p2a: Heliolisk\n|-supereffective|p2b: Rotom|1\n|-damage|p2b: Rotom|0 fnt\n|faint|p2b: Rotom\n|move|p2a: Heliolisk|Discharge|p1a: Garchomp|[spread] p1b\n|-immune|p1a: Garchomp\n|-supereffective|p1b: Blastoise|1\n|-damage|p1b: Blastoise|0 fnt\n|faint|p1b: Blastoise\n|\n|-weather|Sandstorm|[upkeep]\n|upkeep\n|\n|t:|1776607363\n|switch|p2b: Tyranitar|Tyranitar, L50, F|100/100\n|switch|p1b: Sneasler|Sneasler, L50, M|48/100\n|turn|4\n|\n|t:|1776607378\n|move|p1b: Sneasler|Fake Out|p2b: Tyranitar\n|-resisted|p2b: Tyranitar|1\n|-damage|p2b: Tyranitar|97/100\n|move|p1a: Garchomp|Stomping Tantrum|p2a: Heliolisk|[miss]\n|-miss|p1a: Garchomp|p2a: Heliolisk\n|move|p2a: Heliolisk|Discharge|p1b: Sneasler|[spread] p2b,p1b\n|-immune|p1a: Garchomp\n|-damage|p2b: Tyranitar|81/100\n|-damage|p1b: Sneasler|13/100\n|cant|p2b: Tyranitar|flinch\n|\n|-weather|Sandstorm|[upkeep]\n|-damage|p1b: Sneasler|7/100|[from] Sandstorm\n|upkeep\n|turn|5\n|c|\u2606Palillosilva|Como esquiva\n|c|\u2606Palillosilva|Dejate de joder\n|\n|t:|1776607402\n|move|p1a: Garchomp|Stomping Tantrum|p2a: Heliolisk\n|-supereffective|p2a: Heliolisk|1\n|-damage|p2a: Heliolisk|0 fnt\n|faint|p2a: Heliolisk\n|move|p1b: Sneasler|Close Combat|p2b: Tyranitar\n|-supereffective|p2b: Tyranitar|2\n|-damage|p2b: Tyranitar|0 fnt\n|-unboost|p1b: Sneasler|def|1\n|-unboost|p1b: Sneasler|spd|1\n|faint|p2b: Tyranitar\n|-enditem|p1b: Sneasler|White Herb\n|-clearnegativeboost|p1b: Sneasler|[silent]\n|\n|-weather|none\n|upkeep\n|\n|t:|1776607423\n|switch|p2a: Garchomp|Garchomp, L50, F|100/100\n|turn|6\n|\n|t:|1776607447\n|detailschange|p2a: Garchomp|Garchomp-Mega, L50, F\n|-mega|p2a: Garchomp|Garchomp|Garchompite\n|move|p1b: Sneasler|Close Combat|p2a: Garchomp\n|-damage|p2a: Garchomp|55/100\n|-unboost|p1b: Sneasler|def|1\n|-unboost|p1b: Sneasler|spd|1\n|move|p1a: Garchomp|Stomping Tantrum|p2a: Garchomp\n|-damage|p2a: Garchomp|20/100\n|move|p2a: Garchomp|Earthquake|p1a: Garchomp|[spread] p1a,p1b\n|-supereffective|p1b: Sneasler|1\n|-damage|p1a: Garchomp|56/100\n|-damage|p1b: Sneasler|0 fnt\n|faint|p1b: Sneasler\n|\n|upkeep\n|\n|t:|1776607459\n|switch|p1b: Sinistcha|Sinistcha, L50|82/100\n|-heal|p1a: Garchomp|81/100|[from] ability: Hospitality|[of] p1b: Sinistcha\n|turn|7\n|\n|t:|1776607465\n|move|p1a: Garchomp|Stomping Tantrum|p2a: Garchomp\n|-damage|p2a: Garchomp|0 fnt\n|faint|p2a: Garchomp\n|\n|win|Palillosilva\n|raw|Palillosilva's rating: 1356 &rarr; <strong>1373</strong><br />(+17 for winning)\n|raw|campeondelfitness's rating: 1300 &rarr; <strong>1279</strong><br />(-21 for losing)\n",
  "uploadtime": 1776607470,
  "views": 13,
  "formatid": "gen9championsvgc2026regma",
  "rating": 1279,
  "private": 0,
  "password": null
}