{
  "id": "gen9championsvgc2026regma-2585022744",
  "format": "[Gen 9 Champions] VGC 2026 Reg M-A",
  "players": [
    "Skadoty",
    "Volk0Nara"
  ],
  "log": "|j|\u2606Skadoty\n|j|\u2606Volk0Nara\n|t:|1776304207\n|gametype|doubles\n|player|p1|Skadoty|101|1409\n|player|p2|Volk0Nara|nate|1382\n|gen|9\n|tier|[Gen 9 Champions] VGC 2026 Reg M-A\n|rated|\n|rule|Species Clause: Limit one of each Pok\u00e9mon\n|rule|Item Clause: Limit 1 of each item\n|clearpoke\n|poke|p1|Hydreigon, L50, F|\n|poke|p1|Farigiraf, L50, F|\n|poke|p1|Torkoal, L50, M|\n|poke|p1|Crabominable, L50, F|\n|poke|p1|Kingambit, L50, F|\n|poke|p1|Armarouge, L50, F|\n|poke|p2|Pelipper, L50, F|\n|poke|p2|Archaludon, L50, F|\n|poke|p2|Palafin, L50, M|\n|poke|p2|Sneasler, L50, M|\n|poke|p2|Dragonite, L50, M|\n|poke|p2|Sinistcha, L50|\n|teampreview|4\n|inactive|Battle timer is ON: inactive players will automatically lose when time's up. (requested by Skadoty)\n|\n|t:|1776304240\n|teamsize|p1|4\n|teamsize|p2|4\n|start\n|switch|p1a: Farigiraf|Farigiraf, L50, F|100/100\n|switch|p1b: Crabominable|Crabominable, L50, F|100/100\n|switch|p2a: Palafin|Palafin, L50, M|100/100\n|switch|p2b: Archaludon|Archaludon, L50, F|100/100\n|turn|1\n|j| Crvstal_K!tty\n|\n|t:|1776304264\n|switch|p2b: Sneasler|Sneasler, L50, M|100/100\n|detailschange|p1b: Crabominable|Crabominable-Mega, L50, F\n|-mega|p1b: Crabominable|Crabominable|Crabominite\n|move|p2a: Palafin|Flip Turn|p1a: Farigiraf\n|-damage|p1a: Farigiraf|84/100\n|\n|t:|1776304271\n|detailschange|p2a: Palafin|Palafin-Hero, L50, M\n|switch|p2a: Archaludon|Archaludon, L50, F|100/100|[from] Flip Turn\n|move|p1b: Crabominable|Drain Punch|p2b: Sneasler\n|-resisted|p2b: Sneasler|1\n|-damage|p2b: Sneasler|58/100\n|move|p1a: Farigiraf|Trick Room|p1a: Farigiraf\n|-fieldstart|move: Trick Room|[of] p1a: Farigiraf\n|\n|upkeep\n|turn|2\n|inactive|Volk0Nara has 30 seconds left.\n|inactive|Volk0Nara has 20 seconds left.\n|\n|t:|1776304311\n|move|p2b: Sneasler|Protect|p2b: Sneasler\n|-singleturn|p2b: Sneasler|Protect\n|move|p1b: Crabominable|Drain Punch|p2a: Archaludon\n|-supereffective|p2a: Archaludon|1\n|-damage|p2a: Archaludon|17/100\n|-ability|p2a: Archaludon|Stamina|boost\n|-boost|p2a: Archaludon|def|1\n|move|p1a: Farigiraf|Dazzling Gleam|p2b: Sneasler|[spread] p2a\n|-activate|p2b: Sneasler|move: Protect\n|-damage|p2a: Archaludon|4/100\n|-ability|p2a: Archaludon|Stamina|boost\n|-boost|p2a: Archaludon|def|1\n|move|p2a: Archaludon|Flash Cannon|p1b: Crabominable\n|-supereffective|p1b: Crabominable|1\n|-damage|p1b: Crabominable|35/100\n|\n|-heal|p2a: Archaludon|10/100|[from] item: Leftovers\n|upkeep\n|turn|3\n|inactive|Volk0Nara has 30 seconds left.\n|inactive|Volk0Nara has 20 seconds left.\n|inactive|Volk0Nara has 15 seconds left.\n|inactive|Volk0Nara has 10 seconds left.\n|\n|t:|1776304360\n|move|p1b: Crabominable|Drain Punch|p2b: Sneasler\n|-resisted|p2b: Sneasler|1\n|-damage|p2b: Sneasler|15/100\n|-heal|p1b: Crabominable|57/100|[from] drain|[of] p2b: Sneasler\n|move|p1a: Farigiraf|Dazzling Gleam|p2a: Archaludon|[spread] p2a,p2b\n|-damage|p2a: Archaludon|0 fnt\n|-damage|p2b: Sneasler|0 fnt\n|faint|p2a: Archaludon\n|faint|p2b: Sneasler\n|\n|upkeep\n|\n|t:|1776304371\n|switch|p2a: Pelipper|Pelipper, L50, F|100/100\n|switch|p2b: Palafin|Palafin-Hero, L50, M|100/100\n|-weather|RainDance|[from] ability: Drizzle|[of] p2a: Pelipper\n|-activate|p2b: Palafin|ability: Zero to Hero\n|turn|4\n|inactive|Volk0Nara has 30 seconds left.\n|\n|t:|1776304398\n|move|p1a: Farigiraf|Helping Hand|p1b: Crabominable\n|-singleturn|p1b: Crabominable|Helping Hand|[of] p1a: Farigiraf\n|move|p2a: Pelipper|Protect|p2a: Pelipper\n|-singleturn|p2a: Pelipper|Protect\n|move|p1b: Crabominable|Drain Punch|p2b: Palafin\n|-damage|p2b: Palafin|15/100\n|-heal|p1b: Crabominable|99/100|[from] drain|[of] p2b: Palafin\n|move|p2b: Palafin|Close Combat|p1b: Crabominable\n|-supereffective|p1b: Crabominable|1\n|-damage|p1b: Crabominable|20/100\n|-unboost|p2b: Palafin|def|1\n|-unboost|p2b: Palafin|spd|1\n|\n|-weather|RainDance|[upkeep]\n|upkeep\n|turn|5\n|\n|t:|1776304417\n|switch|p1b: Torkoal|Torkoal, L50, M|100/100\n|-weather|SunnyDay|[from] ability: Drought|[of] p1b: Torkoal\n|move|p1a: Farigiraf|Dazzling Gleam|p2b: Palafin|[spread] p2a,p2b\n|-damage|p2a: Pelipper|76/100\n|-damage|p2b: Palafin|0 fnt\n|faint|p2b: Palafin\n|move|p2a: Pelipper|Weather Ball|p1b: Torkoal\n|-resisted|p1b: Torkoal|1\n|-damage|p1b: Torkoal|74/100\n|\n|-weather|SunnyDay|[upkeep]\n|-fieldend|move: Trick Room\n|upkeep\n|turn|6\n|c|\u2606Volk0Nara|gg\n|\n|t:|1776304432\n|move|p2a: Pelipper|Hurricane|p1b: Torkoal\n|-damage|p1b: Torkoal|6/100\n|move|p1b: Torkoal|Solar Beam||[still]\n|-prepare|p1b: Torkoal|Solar Beam\n|-anim|p1b: Torkoal|Solar Beam|p2a: Pelipper\n|-damage|p2a: Pelipper|17/100\n|move|p1a: Farigiraf|Trick Room|p1a: Farigiraf\n|-fieldstart|move: Trick Room|[of] p1a: Farigiraf\n|\n|-weather|SunnyDay|[upkeep]\n|upkeep\n|turn|7\n|c|\u2606Skadoty|gg\n|\n|t:|1776304444\n|switch|p1b: Kingambit|Kingambit, L50, F|100/100\n|move|p1a: Farigiraf|Dazzling Gleam|p2a: Pelipper\n|-crit|p2a: Pelipper\n|-damage|p2a: Pelipper|0 fnt\n|faint|p2a: Pelipper\n|\n|win|Skadoty\n|raw|Skadoty's rating: 1409 &rarr; <strong>1427</strong><br />(+18 for winning)\n|raw|Volk0Nara's rating: 1382 &rarr; <strong>1364</strong><br />(-18 for losing)\n|l|\u2606Volk0Nara\n|player|p2|\n",
  "uploadtime": 1776304451,
  "views": 45,
  "formatid": "gen9championsvgc2026regma",
  "rating": 1364,
  "private": 0,
  "password": null
}