{
  "id": "gen9championsvgc2026regma-2586061298",
  "format": "[Gen 9 Champions] VGC 2026 Reg M-A",
  "players": [
    "viendan279",
    "AidzPlayz"
  ],
  "log": "|j|\u2606viendan279\n|j|\u2606AidzPlayz\n|t:|1776394898\n|gametype|doubles\n|player|p1|viendan279|hilbert-wonderlauncher|1243\n|player|p2|AidzPlayz|ghetsis-gen5bw|1266\n|gen|9\n|tier|[Gen 9 Champions] VGC 2026 Reg M-A\n|rated|\n|rule|Species Clause: Limit one of each Pok\u00e9mon\n|rule|Item Clause: Limit 1 of each item\n|clearpoke\n|poke|p1|Gardevoir, L50, F|\n|poke|p1|Empoleon, L50, F|\n|poke|p1|Garchomp, L50, M|\n|poke|p1|Volcarona, L50, F|\n|poke|p1|Aerodactyl, L50, F|\n|poke|p1|Basculegion, L50, M|\n|poke|p2|Aerodactyl, L50, F|\n|poke|p2|Incineroar, L50, M|\n|poke|p2|Floette-Eternal, L50, F|\n|poke|p2|Basculegion, L50, M|\n|poke|p2|Garchomp, L50, F|\n|poke|p2|Sneasler, L50, F|\n|teampreview|4\n|\n|t:|1776394940\n|teamsize|p1|4\n|teamsize|p2|4\n|start\n|switch|p1a: Volcarona|Volcarona, L50, F|100/100\n|switch|p1b: Empoleon|Empoleon, L50, F|100/100\n|switch|p2a: Aerodactyl|Aerodactyl, L50, F|100/100\n|switch|p2b: Floette|Floette-Eternal, L50, F|100/100\n|-ability|p2a: Aerodactyl|Unnerve\n|turn|1\n|\n|t:|1776394959\n|detailschange|p2b: Floette|Floette-Mega, L50, F\n|-mega|p2b: Floette|Floette|Floettite\n|-ability|p2b: Floette|Fairy Aura\n|move|p2b: Floette|Protect|p2b: Floette\n|-singleturn|p2b: Floette|Protect\n|move|p2a: Aerodactyl|Rock Slide|p1b: Empoleon|[spread] p1a,p1b\n|-supereffective|p1a: Volcarona|2\n|-resisted|p1b: Empoleon|1\n|-damage|p1a: Volcarona|0 fnt\n|-damage|p1b: Empoleon|87/100\n|faint|p1a: Volcarona\n|cant|p1b: Empoleon|flinch\n|\n|-heal|p1b: Empoleon|94/100|[from] item: Leftovers\n|upkeep\n|\n|t:|1776394963\n|switch|p1a: Garchomp|Garchomp, L50, M|100/100\n|turn|2\n|\n|t:|1776394978\n|move|p1a: Garchomp|Protect|p1a: Garchomp\n|-singleturn|p1a: Garchomp|Protect\n|move|p2a: Aerodactyl|Tailwind|p2a: Aerodactyl\n|-sidestart|p2: AidzPlayz|move: Tailwind\n|move|p2b: Floette|Dazzling Gleam|p1a: Garchomp|[spread] p1b\n|-activate|p1a: Garchomp|move: Protect\n|-resisted|p1b: Empoleon|1\n|-damage|p1b: Empoleon|66/100\n|move|p1b: Empoleon|Flash Cannon|p2b: Floette\n|-supereffective|p2b: Floette|1\n|-damage|p2b: Floette|28/100\n|\n|-heal|p1b: Empoleon|72/100|[from] item: Leftovers\n|upkeep\n|turn|3\n|\n|t:|1776395003\n|switch|p1a: Basculegion|Basculegion, L50, M|100/100\n|move|p2a: Aerodactyl|Dual Wingbeat|p1a: Basculegion\n|-damage|p1a: Basculegion|78/100\n|-damage|p1a: Basculegion|54/100\n|-hitcount|p1a: Basculegion|2\n|move|p2b: Floette|Dazzling Gleam|p1a: Basculegion|[spread] p1a,p1b\n|-resisted|p1b: Empoleon|1\n|-damage|p1a: Basculegion|0 fnt\n|-damage|p1b: Empoleon|45/100\n|faint|p1a: Basculegion\n|move|p1b: Empoleon|Flash Cannon|p2b: Floette\n|-supereffective|p2b: Floette|1\n|-damage|p2b: Floette|0 fnt\n|faint|p2b: Floette\n|\n|-heal|p1b: Empoleon|51/100|[from] item: Leftovers\n|upkeep\n|inactive|Battle timer is ON: inactive players will automatically lose when time's up. (requested by AidzPlayz)\n|\n|t:|1776395025\n|switch|p2b: Incineroar|Incineroar, L50, M|100/100\n|switch|p1a: Garchomp|Garchomp, L50, M|100/100\n|-ability|p2b: Incineroar|Intimidate|boost\n|-unboost|p1a: Garchomp|atk|1\n|-unboost|p1b: Empoleon|atk|1\n|-ability|p1b: Empoleon|Competitive|boost\n|-boost|p1b: Empoleon|spa|2\n|turn|4\n|inactive|AidzPlayz has 30 seconds left.\n|\n|t:|1776395057\n|move|p2a: Aerodactyl|Dual Wingbeat|p1a: Garchomp\n|-damage|p1a: Garchomp|81/100\n|-damage|p2a: Aerodactyl|88/100|[from] ability: Rough Skin|[of] p1a: Garchomp\n|-damage|p1a: Garchomp|63/100\n|-damage|p2a: Aerodactyl|76/100|[from] ability: Rough Skin|[of] p1a: Garchomp\n|-hitcount|p1a: Garchomp|2\n|move|p1a: Garchomp|Rock Slide|p2b: Incineroar|[spread] p2a,p2b\n|-supereffective|p2a: Aerodactyl|1\n|-supereffective|p2b: Incineroar|1\n|-damage|p2a: Aerodactyl|37/100\n|-damage|p2b: Incineroar|74/100\n|move|p2b: Incineroar|Flare Blitz|p1b: Empoleon\n|-damage|p1b: Empoleon|7/100\n|-damage|p2b: Incineroar|62/100|[from] Recoil\n|move|p1b: Empoleon|Flash Cannon|p2a: Aerodactyl\n|-supereffective|p2a: Aerodactyl|1\n|-damage|p2a: Aerodactyl|0 fnt\n|faint|p2a: Aerodactyl\n|\n|-heal|p1b: Empoleon|14/100|[from] item: Leftovers\n|upkeep\n|\n|t:|1776395073\n|switch|p2a: Basculegion|Basculegion, L50, M|100/100\n|turn|5\n|\n|t:|1776395090\n|move|p1a: Garchomp|Protect|p1a: Garchomp\n|-singleturn|p1a: Garchomp|Protect\n|move|p1b: Empoleon|Protect|p1b: Empoleon\n|-singleturn|p1b: Empoleon|Protect\n|move|p2a: Basculegion|Last Respects|p1a: Garchomp\n|-activate|p1a: Garchomp|move: Protect\n|move|p2b: Incineroar|Flare Blitz|p1b: Empoleon\n|-activate|p1b: Empoleon|move: Protect\n|\n|-heal|p1b: Empoleon|20/100|[from] item: Leftovers\n|-sideend|p2: AidzPlayz|move: Tailwind\n|upkeep\n|turn|6\n|\n|t:|1776395103\n|move|p2a: Basculegion|Last Respects|p1a: Garchomp\n|-damage|p1a: Garchomp|0 fnt\n|faint|p1a: Garchomp\n|move|p2b: Incineroar|Flare Blitz|p1b: Empoleon\n|-damage|p1b: Empoleon|0 fnt\n|faint|p1b: Empoleon\n|-damage|p2b: Incineroar|57/100|[from] Recoil\n|\n|win|AidzPlayz\n|raw|viendan279's rating: 1243 &rarr; <strong>1220</strong><br />(-23 for losing)\n|raw|AidzPlayz's rating: 1266 &rarr; <strong>1289</strong><br />(+23 for winning)\n",
  "uploadtime": 1776395103,
  "views": 36,
  "formatid": "gen9championsvgc2026regma",
  "rating": 1220,
  "private": 0,
  "password": null
}