{
  "id": "gen9championsvgc2026regma-2582894479",
  "format": "[Gen 9 Champions] VGC 2026 Reg M-A",
  "players": [
    "Snowball_seer",
    "TengoMuchaSed"
  ],
  "log": "|j|\u2606Snowball_seer\n|j|\u2606TengoMuchaSed\n|t:|1776122785\n|gametype|doubles\n|player|p1|Snowball_seer|allister-masters|1075\n|player|p2|TengoMuchaSed|tate|1049\n|gen|9\n|tier|[Gen 9 Champions] VGC 2026 Reg M-A\n|rated|\n|rule|Species Clause: Limit one of each Pok\u00e9mon\n|rule|Item Clause: Limit 1 of each item\n|clearpoke\n|poke|p1|Delphox, L50, F|\n|poke|p1|Garchomp, L50, F|\n|poke|p1|Gyarados, L50, M|\n|poke|p1|Rotom-Wash, L50|\n|poke|p1|Whimsicott, L50, F|\n|poke|p1|Clefable, L50, M|\n|poke|p2|Delphox, L50, F|\n|poke|p2|Torkoal, L50, F|\n|poke|p2|Camerupt, L50, F|\n|poke|p2|Reuniclus, L50, F|\n|poke|p2|Heliolisk, L50, M|\n|poke|p2|Tauros-Paldea-Aqua, L50, M|\n|teampreview|4\n|inactive|Battle timer is ON: inactive players will automatically lose when time's up. (requested by TengoMuchaSed)\nTengoMuchaSed has agreed to open team sheets.\nSnowball_seer has agreed to open team sheets.\n|showteam|p1|Delphox||Delphoxite|Blaze|Protect,Flamethrower,Psychic,HeatWave|||F|||50|]Garchomp||SoftSand|RoughSkin|Protect,Earthquake,StompingTantrum,DragonClaw|||F|||50|]Gyarados||LumBerry|Intimidate|Protect,Waterfall,IceFang,Taunt|||M|||50|]Rotom-Wash||ChoiceScarf|Levitate|Thunderbolt,HydroPump,Electroweb,VoltSwitch||||||50|]Whimsicott||FocusSash|Prankster|Protect,Moonblast,Encore,Tailwind|||F|||50|]Clefable||SitrusBerry|Unaware|Protect,Moonblast,LifeDew,FollowMe|||M|||50|\n|showteam|p2|Delphox||Delphoxite|Blaze|HeatWave,Psyshock,Substitute,Protect|||F|||50|]Torkoal||Charcoal|Drought|Eruption,WeatherBall,HelpingHand,Protect|||F|||50|]Camerupt||Cameruptite|MagmaArmor|FireBlast,HeatWave,EarthPower,Protect|||F|||50|]Reuniclus||ColburBerry|Overcoat|Psychic,PainSplit,TrickRoom,Protect|||F|||50|]Heliolisk||Magnet|DrySkin|Electroweb,VoltSwitch,HyperVoice,Protect|||M|||50|]Tauros-Paldea-Aqua||WhiteHerb|Intimidate|CloseCombat,RagingBull,StoneEdge,Protect|||M|||50|\n|inactive|Snowball_seer has 60 seconds left.\n|inactive|TengoMuchaSed has 60 seconds left.\n|inactive|Snowball_seer has 30 seconds left.\n|inactive|TengoMuchaSed has 30 seconds left.\n|inactive|Snowball_seer has 20 seconds left.\n|inactive|Snowball_seer has 15 seconds left.\n|inactive|Snowball_seer has 10 seconds left.\n|\n|t:|1776122872\n|teamsize|p1|4\n|teamsize|p2|4\n|start\n|switch|p1a: Rotom|Rotom-Wash, L50|100/100\n|switch|p1b: Clefable|Clefable, L50, M|100/100\n|switch|p2a: Reuniclus|Reuniclus, L50, F|100/100\n|switch|p2b: Camerupt|Camerupt, L50, F|100/100\n|turn|1\n|\n|t:|1776122892\n|move|p2b: Camerupt|Protect|p2b: Camerupt\n|-singleturn|p2b: Camerupt|Protect\n|move|p1a: Rotom|Hydro Pump|p2b: Camerupt\n|-activate|p2b: Camerupt|move: Protect\n|move|p1b: Clefable|Life Dew||[still]|[still]|[spread] \n|-fail|p1a: Rotom|heal\n|-fail|p1b: Clefable|heal\n|move|p2a: Reuniclus|Trick Room|p2a: Reuniclus\n|-fieldstart|move: Trick Room|[of] p2a: Reuniclus\n|\n|upkeep\n|turn|2\n|inactive|TengoMuchaSed has 30 seconds left.\n|inactive|TengoMuchaSed has 20 seconds left.\n|\n|t:|1776122931\n|switch|p2b: Torkoal|Torkoal, L50, F|100/100\n|-weather|SunnyDay|[from] ability: Drought|[of] p2b: Torkoal\n|move|p2a: Reuniclus|Psychic|p1a: Rotom\n|-damage|p1a: Rotom|60/100\n|move|p1b: Clefable|Life Dew||[still]|[spread] p1a,p1b\n|-heal|p1a: Rotom|85/100\n|-fail|p1b: Clefable|heal\n|move|p1a: Rotom|Hydro Pump|p2a: Reuniclus|[miss]\n|-miss|p1a: Rotom|p2a: Reuniclus\n|\n|-weather|SunnyDay|[upkeep]\n|upkeep\n|turn|3\n|\n|t:|1776122951\n|move|p2b: Torkoal|Eruption|p1b: Clefable|[spread] p1a,p1b\n|-resisted|p1a: Rotom|1\n|-damage|p1a: Rotom|41/100\n|-damage|p1b: Clefable|30/100\n|-enditem|p1b: Clefable|Sitrus Berry|[eat]\n|-heal|p1b: Clefable|55/100|[from] item: Sitrus Berry\n|move|p2a: Reuniclus|Psychic|p1a: Rotom\n|-damage|p1a: Rotom|3/100\n|move|p1b: Clefable|Life Dew|p1b: Clefable|[spread] p1a,p1b\n|-heal|p1a: Rotom|28/100\n|-heal|p1b: Clefable|80/100\n|move|p1a: Rotom|Hydro Pump|p2b: Torkoal|[miss]\n|-miss|p1a: Rotom|p2b: Torkoal\n|\n|-weather|SunnyDay|[upkeep]\n|upkeep\n|turn|4\n|\n|t:|1776122968\n|move|p1b: Clefable|Protect|p1b: Clefable\n|-singleturn|p1b: Clefable|Protect\n|move|p2b: Torkoal|Eruption|p1a: Rotom|[spread] p1a\n|-activate|p1b: Clefable|move: Protect\n|-resisted|p1a: Rotom|1\n|-damage|p1a: Rotom|0 fnt\n|faint|p1a: Rotom\n|move|p2a: Reuniclus|Psychic|p1b: Clefable\n|-activate|p1b: Clefable|move: Protect\n|\n|-weather|SunnyDay|[upkeep]\n|upkeep\n|\n|t:|1776122971\n|switch|p1a: Delphox|Delphox, L50, F, shiny|100/100\n|turn|5\n|\n|t:|1776122985\n|detailschange|p1a: Delphox|Delphox-Mega, L50, F, shiny\n|-mega|p1a: Delphox|Delphox|Delphoxite\n|move|p2b: Torkoal|Eruption|p1b: Clefable|[spread] p1a,p1b\n|-resisted|p1a: Delphox|1\n|-damage|p1a: Delphox|64/100\n|-damage|p1b: Clefable|14/100\n|move|p2a: Reuniclus|Psychic|p1b: Clefable\n|-damage|p1b: Clefable|0 fnt\n|faint|p1b: Clefable\n|move|p1a: Delphox|Flamethrower|p2a: Reuniclus\n|-damage|p2a: Reuniclus|46/100\n|\n|-weather|SunnyDay|[upkeep]\n|-fieldend|move: Trick Room\n|upkeep\n|\n|t:|1776122992\n|switch|p1b: Garchomp|Garchomp, L50, F|100/100\n|turn|6\n|\n|t:|1776123005\n|switch|p2b: Tauros|Tauros-Paldea-Aqua, L50, M|100/100\n|-ability|p2b: Tauros|Intimidate|boost\n|-unboost|p1a: Delphox|atk|1\n|-unboost|p1b: Garchomp|atk|1\n|move|p2a: Reuniclus|Protect|p2a: Reuniclus\n|-singleturn|p2a: Reuniclus|Protect\n|move|p1a: Delphox|Heat Wave|p2b: Tauros|[spread] p2b\n|-activate|p2a: Reuniclus|move: Protect\n|-resisted|p2b: Tauros|1\n|-damage|p2b: Tauros|59/100\n|move|p1b: Garchomp|Earthquake|p2a: Reuniclus|[spread] p2b\n|-activate|p2a: Reuniclus|move: Protect\n|-immune|p1a: Delphox|[from] ability: Levitate\n|-damage|p2b: Tauros|25/100\n|\n|-weather|none\n|upkeep\n|turn|7\n|inactive|TengoMuchaSed has 30 seconds left.\n|\n|t:|1776123031\n|move|p1a: Delphox|Flamethrower|p2a: Reuniclus\n|-damage|p2a: Reuniclus|8/100\n|move|p1b: Garchomp|Earthquake|p2b: Tauros|[spread] p2a,p2b\n|-immune|p1a: Delphox|[from] ability: Levitate\n|-damage|p2a: Reuniclus|0 fnt\n|-damage|p2b: Tauros|0 fnt\n|faint|p2a: Reuniclus\n|faint|p2b: Tauros\n|\n|upkeep\n|\n|t:|1776123038\n|switch|p2b: Torkoal|Torkoal, L50, F|100/100\n|switch|p2a: Camerupt|Camerupt, L50, F|100/100\n|-weather|SunnyDay|[from] ability: Drought|[of] p2b: Torkoal\n|turn|8\n|\n|t:|1776123063\n|detailschange|p2a: Camerupt|Camerupt-Mega, L50, F\n|-mega|p2a: Camerupt|Camerupt|Cameruptite\n|move|p1a: Delphox|Psychic|p2b: Torkoal\n|-damage|p2b: Torkoal|24/100\n|move|p1b: Garchomp|Earthquake|p2a: Camerupt|[spread] p2a,p2b\n|-immune|p1a: Delphox|[from] ability: Levitate\n|-supereffective|p2a: Camerupt|1\n|-supereffective|p2b: Torkoal|1\n|-damage|p2a: Camerupt|43/100\n|-damage|p2b: Torkoal|0 fnt\n|faint|p2b: Torkoal\n|move|p2a: Camerupt|Heat Wave|p1a: Delphox|[spread] p1a\n|-miss|p2a: Camerupt|p1b: Garchomp\n|-resisted|p1a: Delphox|1\n|-crit|p1a: Delphox\n|-damage|p1a: Delphox|4/100\n|\n|-weather|SunnyDay|[upkeep]\n|upkeep\n|turn|9\n|-message|TengoMuchaSed forfeited.\n|\n|win|Snowball_seer\n|raw|Snowball_seer's rating: 1075 &rarr; <strong>1102</strong><br />(+27 for winning)\n|raw|TengoMuchaSed's rating: 1049 &rarr; <strong>1033</strong><br />(-16 for losing)\n",
  "uploadtime": 1776123075,
  "views": 10,
  "formatid": "gen9championsvgc2026regma",
  "rating": 1033,
  "private": 0,
  "password": null
}