{
  "id": "gen9championsvgc2026regma-2586293825",
  "format": "[Gen 9 Champions] VGC 2026 Reg M-A",
  "players": [
    "aguenic",
    "storm93ita"
  ],
  "log": "|j|\u2606aguenic\n|j|\u2606storm93ita\n|t:|1776422220\n|gametype|doubles\n|player|p1|aguenic|266|1117\n|player|p2|storm93ita|volkner|1034\n|gen|9\n|tier|[Gen 9 Champions] VGC 2026 Reg M-A\n|rated|\n|rule|Species Clause: Limit one of each Pok\u00e9mon\n|rule|Item Clause: Limit 1 of each item\n|clearpoke\n|poke|p1|Skarmory, L50, M|\n|poke|p1|Garchomp, L50, M|\n|poke|p1|Garganacl, L50, F|\n|poke|p1|Weavile, L50, M|\n|poke|p1|Sinistcha, L50|\n|poke|p1|Farigiraf, L50, F|\n|poke|p2|Dragonite, L50, M|\n|poke|p2|Basculegion, L50, M|\n|poke|p2|Archaludon, L50, M|\n|poke|p2|Meganium, L50, F|\n|poke|p2|Sneasler, L50, M|\n|poke|p2|Pelipper, L50, F|\n|teampreview|4\n|inactive|Battle timer is ON: inactive players will automatically lose when time's up. (requested by aguenic)\n|inactive|aguenic has 60 seconds left.\n|\n|t:|1776422267\n|teamsize|p1|4\n|teamsize|p2|4\n|start\n|switch|p1a: Farigiraf|Farigiraf, L50, F|100/100\n|switch|p1b: Weavile|Weavile, L50, M|100/100\n|switch|p2a: Basculegion|Basculegion, L50, M|100/100\n|switch|p2b: Pelipper|Pelipper, L50, F|100/100\n|-weather|RainDance|[from] ability: Drizzle|[of] p2b: Pelipper\n|turn|1\n|\n|t:|1776422289\n|move|p1b: Weavile|Fake Out|p2b: Pelipper\n|-damage|p2b: Pelipper|87/100\n|move|p2a: Basculegion|Wave Crash|p1b: Weavile\n|-enditem|p1b: Weavile|Focus Sash\n|-damage|p1b: Weavile|1/100\n|-damage|p2a: Basculegion|76/100|[from] Recoil\n|-enditem|p2a: Basculegion|Choice Scarf|[silent]|[from] ability: Pickpocket|[of] p2a: Basculegion\n|-item|p1b: Weavile|Choice Scarf|[from] ability: Pickpocket|[of] p2a: Basculegion\n|cant|p2b: Pelipper|flinch\n|move|p1a: Farigiraf|Trick Room|p1a: Farigiraf\n|-fieldstart|move: Trick Room|[of] p1a: Farigiraf\n|\n|-weather|RainDance|[upkeep]\n|upkeep\n|turn|2\n|inactive|aguenic has 30 seconds left.\n|inactive|storm93ita has 30 seconds left.\n|\n|t:|1776422316\n|switch|p1b: Garganacl|Garganacl, L50, F|100/100\n|move|p2b: Pelipper|Protect|p2b: Pelipper\n|-singleturn|p2b: Pelipper|Protect\n|move|p1a: Farigiraf|Hyper Voice|p2a: Basculegion|[spread] \n|-activate|p2b: Pelipper|move: Protect\n|-immune|p2a: Basculegion\n|move|p2a: Basculegion|Flip Turn|p1b: Garganacl\n|-supereffective|p1b: Garganacl|1\n|-damage|p1b: Garganacl|56/100\n|\n|t:|1776422332\n|switch|p2a: Archaludon|Archaludon, L50, M|100/100|[from] Flip Turn\n|\n|-weather|RainDance|[upkeep]\n|-heal|p1b: Garganacl|62/100|[from] item: Leftovers\n|upkeep\n|turn|3\n|inactive|aguenic has 30 seconds left.\n|\n|t:|1776422358\n|move|p2a: Archaludon|Protect|p2a: Archaludon\n|-singleturn|p2a: Archaludon|Protect\n|move|p1b: Garganacl|Iron Defense|p1b: Garganacl\n|-boost|p1b: Garganacl|def|2\n|move|p1a: Farigiraf|Psychic|p2b: Pelipper\n|-damage|p2b: Pelipper|41/100\n|move|p2b: Pelipper|Weather Ball|p1b: Garganacl\n|-supereffective|p1b: Garganacl|1\n|-damage|p1b: Garganacl|0 fnt\n|faint|p1b: Garganacl\n|\n|-weather|RainDance|[upkeep]\n|upkeep\n|\n|t:|1776422375\n|switch|p1b: Weavile|Weavile, L50, M|1/100\n|turn|4\n|\n|t:|1776422393\n|switch|p2a: Basculegion|Basculegion, L50, M|76/100\n|move|p2b: Pelipper|Protect|p2b: Pelipper\n|-singleturn|p2b: Pelipper|Protect\n|move|p1a: Farigiraf|Psychic|p2b: Pelipper\n|-activate|p2b: Pelipper|move: Protect\n|move|p1b: Weavile|Triple Axel|p2a: Basculegion\n|-resisted|p2a: Basculegion|1\n|-damage|p2a: Basculegion|70/100\n|-resisted|p2a: Basculegion|1\n|-damage|p2a: Basculegion|56/100\n|-resisted|p2a: Basculegion|1\n|-damage|p2a: Basculegion|37/100\n|-hitcount|p2a: Basculegion|3\n|\n|-weather|RainDance|[upkeep]\n|upkeep\n|turn|5\n|\n|t:|1776422414\n|switch|p2b: Archaludon|Archaludon, L50, M|100/100\n|switch|p1b: Skarmory|Skarmory, L50, M|100/100\n|move|p2a: Basculegion|Aqua Jet||[still]\n|cant|p1a: Farigiraf|ability: Armor Tail|Aqua Jet|[of] p2a: Basculegion\n|move|p1a: Farigiraf|Dazzling Gleam|p2b: Archaludon|[spread] p2a,p2b\n|-damage|p2a: Basculegion|14/100\n|-damage|p2b: Archaludon|77/100\n|-ability|p2b: Archaludon|Stamina|boost\n|-boost|p2b: Archaludon|def|1\n|\n|-weather|none\n|-heal|p2b: Archaludon|83/100|[from] item: Leftovers\n|-fieldend|move: Trick Room\n|upkeep\n|turn|6\n|inactive|aguenic has 30 seconds left.\n|\n|t:|1776422446\n|switch|p2a: Pelipper|Pelipper, L50, F|41/100\n|-weather|RainDance|[from] ability: Drizzle|[of] p2a: Pelipper\n|detailschange|p1b: Skarmory|Skarmory-Mega, L50, M\n|-mega|p1b: Skarmory|Skarmory|Skarmorite\n|move|p1b: Skarmory|Drill Run|p2b: Archaludon\n|-supereffective|p2b: Archaludon|1\n|-damage|p2b: Archaludon|50/100\n|-ability|p2b: Archaludon|Stamina|boost\n|-boost|p2b: Archaludon|def|1\n|move|p2b: Archaludon|Electro Shot||[still]\n|-prepare|p2b: Archaludon|Electro Shot\n|-boost|p2b: Archaludon|spa|1\n|-anim|p2b: Archaludon|Electro Shot|p1b: Skarmory\n|-supereffective|p1b: Skarmory|1\n|-damage|p1b: Skarmory|0 fnt\n|faint|p1b: Skarmory\n|move|p1a: Farigiraf|Psychic|p2a: Pelipper\n|-damage|p2a: Pelipper|0 fnt\n|faint|p2a: Pelipper\n|\n|-weather|RainDance|[upkeep]\n|-heal|p2b: Archaludon|56/100|[from] item: Leftovers\n|upkeep\n|\n|t:|1776422467\n|switch|p1b: Weavile|Weavile, L50, M|1/100\n|switch|p2a: Dragonite|Dragonite, L50, M|100/100\n|turn|7\n|-message|aguenic forfeited.\n|\n|win|storm93ita\n|raw|aguenic's rating: 1117 &rarr; <strong>1086</strong><br />(-31 for losing)\n|raw|storm93ita's rating: 1034 &rarr; <strong>1077</strong><br />(+43 for winning)\n|l|\u2606aguenic\n|player|p1|\n",
  "uploadtime": 1776422477,
  "views": 23,
  "formatid": "gen9championsvgc2026regma",
  "rating": 1077,
  "private": 0,
  "password": null
}