{
  "id": "gen9championsvgc2026regma-2584497744",
  "format": "[Gen 9 Champions] VGC 2026 Reg M-A",
  "players": [
    "Tapferkeitsameise",
    "EDJPP"
  ],
  "log": "|j|\u2606Tapferkeitsameise\n|j|\u2606EDJPP\n|t:|1776264792\n|gametype|doubles\n|player|p1|Tapferkeitsameise|serena-masters3|\n|player|p2|EDJPP|volkner|\n|gen|9\n|tier|[Gen 9 Champions] VGC 2026 Reg M-A\n|rated|Tournament battle\n|rule|Species Clause: Limit one of each Pok\u00e9mon\n|rule|Item Clause: Limit 1 of each item\n|raw|<div class=\"infobox\"><details class=\"readmore\" open><summary><strong>1 custom rule:</strong></summary> Force Open Team Sheets</details></div>\n|clearpoke\n|poke|p1|Gardevoir, L50, M|\n|poke|p1|Aegislash, L50, F|\n|poke|p1|Aerodactyl, L50, M|\n|poke|p1|Sneasler, L50, F|\n|poke|p1|Rotom-Wash, L50|\n|poke|p1|Incineroar, L50, M|\n|poke|p2|Garganacl, L50, F|\n|poke|p2|Sinistcha, L50|\n|poke|p2|Primarina, L50, M|\n|poke|p2|Incineroar, L50, M|\n|poke|p2|Froslass, L50, F|\n|poke|p2|Aerodactyl, L50, M|\n|teampreview|4\n|showteam|p1|Gardevoir||Gardevoirite|Synchronize|HyperVoice,Psyshock,Protect,CalmMind|||M|||50|]Aegislash||SpellTag|StanceChange|Poltergeist,ShadowSneak,KingsShield,IronHead|||F|||50|]Aerodactyl||FocusSash|Unnerve|RockSlide,DualWingbeat,Protect,Tailwind|||M|||50|]Sneasler||WhiteHerb|Unburden|FakeOut,CloseCombat,DireClaw,Protect|||F|||50|]Rotom-Wash||ChoiceScarf|Levitate|VoltSwitch,HydroPump,Thunderbolt,Trick||||||50|]Incineroar||SitrusBerry|Intimidate|FakeOut,PartingShot,FlareBlitz,ThroatChop|||M|||50|\n|showteam|p2|Garganacl||Leftovers|ClearBody|SaltCure,RockSlide,BodyPress,HeavySlam|||F|||50|]Sinistcha||SitrusBerry|Hospitality|LifeDew,MatchaGotcha,TrickRoom,RagePowder||||||50|]Primarina||FairyFeather|LiquidVoice|HyperVoice,Moonblast,DazzlingGleam,Protect|||M|||50|]Incineroar||Charcoal|Intimidate|FakeOut,HelpingHand,FlareBlitz,DarkestLariat|||M|||50|]Froslass||Froslassite|CursedBody|AuroraVeil,Blizzard,ShadowBall,NastyPlot|||F|||50|]Aerodactyl||FocusSash|Unnerve|Tailwind,DualWingbeat,RockSlide,Protect|||M|||50|\n|inactive|Battle timer is ON: inactive players will automatically lose when time's up. (requested by Tapferkeitsameise)\n|inactive|EDJPP also wants the timer to be on.\n|j| I Like Wafflz\n|l| I Like Wafflz\n|inactive|Tapferkeitsameise has 60 seconds left.\n|inactive|EDJPP has 60 seconds left.\n|\n|t:|1776264843\n|teamsize|p1|4\n|teamsize|p2|4\n|start\n|switch|p1a: Aerodactyl|Aerodactyl, L50, M|100/100\n|switch|p1b: Aegislash|Aegislash, L50, F|100/100\n|switch|p2a: Froslass|Froslass, L50, F|100/100\n|switch|p2b: Aerodactyl|Aerodactyl, L50, M|100/100\n|-ability|p1a: Aerodactyl|Unnerve\n|-ability|p2b: Aerodactyl|Unnerve\n|turn|1\n|inactive|EDJPP has 30 seconds left.\n|inactive|EDJPP has 20 seconds left.\n|inactive|EDJPP has 15 seconds left.\n|inactive|EDJPP has 10 seconds left.\n|inactive|Tapferkeitsameise has 30 seconds left.\n|\n|t:|1776264904\n|switch|p2a: Incineroar|Incineroar, L50, M|100/100\n|-ability|p2a: Incineroar|Intimidate|boost\n|-unboost|p1a: Aerodactyl|atk|1\n|-unboost|p1b: Aegislash|atk|1\n|move|p2b: Aerodactyl|Tailwind|p2b: Aerodactyl\n|-sidestart|p2: EDJPP|move: Tailwind\n|move|p1a: Aerodactyl|Tailwind|p1a: Aerodactyl\n|-sidestart|p1: Tapferkeitsameise|move: Tailwind\n|-formechange|p1b: Aegislash|Aegislash-Blade|\n|move|p1b: Aegislash|Poltergeist|p2a: Incineroar\n|-activate|p2a: Incineroar|move: Poltergeist|Charcoal\n|-resisted|p2a: Incineroar|1\n|-damage|p2a: Incineroar|79/100\n|\n|upkeep\n|turn|2\n|inactive|EDJPP has 30 seconds left.\n|inactive|EDJPP has 20 seconds left.\n|\n|t:|1776264943\n|switch|p2b: Froslass|Froslass, L50, F|100/100\n|-formechange|p1b: Aegislash|Aegislash|\n|move|p1b: Aegislash|King's Shield|p1b: Aegislash\n|-singleturn|p1b: Aegislash|Protect\n|move|p2a: Incineroar|Fake Out|p1a: Aerodactyl\n|-resisted|p1a: Aerodactyl|1\n|-damage|p1a: Aerodactyl|90/100\n|cant|p1a: Aerodactyl|flinch\n|\n|upkeep\n|turn|3\n|inactive|Tapferkeitsameise has 30 seconds left.\n|inactive|EDJPP has 30 seconds left.\n|inactive|Tapferkeitsameise has 20 seconds left.\n|inactive|EDJPP has 20 seconds left.\n|\n|t:|1776264985\n|detailschange|p2b: Froslass|Froslass-Mega, L50, F\n|-mega|p2b: Froslass|Froslass|Froslassite\n|-weather|Snowscape|[from] ability: Snow Warning|[of] p2b: Froslass\n|move|p2a: Incineroar|Helping Hand|p2b: Froslass\n|-singleturn|p2b: Froslass|Helping Hand|[of] p2a: Incineroar\n|move|p1a: Aerodactyl|Rock Slide|p2a: Incineroar|[spread] p2a,p2b\n|-supereffective|p2a: Incineroar|1\n|-supereffective|p2b: Froslass|1\n|-damage|p2a: Incineroar|50/100\n|-damage|p2b: Froslass|64/100\n|move|p2b: Froslass|Shadow Ball|p1b: Aegislash\n|-supereffective|p1b: Aegislash|1\n|-damage|p1b: Aegislash|0 fnt\n|faint|p1b: Aegislash\n|\n|-weather|Snowscape|[upkeep]\n|upkeep\n|\n|t:|1776265000\n|switch|p1b: Gardevoir|Gardevoir, L50, M|100/100\n|turn|4\n|\n|t:|1776265015\n|switch|p2a: Aerodactyl|Aerodactyl, L50, M|100/100\n|-ability|p2a: Aerodactyl|Unnerve\n|move|p1a: Aerodactyl|Protect|p1a: Aerodactyl\n|-singleturn|p1a: Aerodactyl|Protect\n|move|p1b: Gardevoir|Protect|p1b: Gardevoir\n|-singleturn|p1b: Gardevoir|Protect\n|move|p2b: Froslass|Blizzard|p1b: Gardevoir|[spread] \n|-activate|p1a: Aerodactyl|move: Protect\n|-activate|p1b: Gardevoir|move: Protect\n|\n|-weather|Snowscape|[upkeep]\n|-sideend|p1: Tapferkeitsameise|move: Tailwind\n|-sideend|p2: EDJPP|move: Tailwind\n|upkeep\n|turn|5\n|inactive|Tapferkeitsameise has 30 seconds left.\n|inactive|Tapferkeitsameise has 20 seconds left.\n|\n|t:|1776265059\n|detailschange|p1b: Gardevoir|Gardevoir-Mega, L50, M\n|-mega|p1b: Gardevoir|Gardevoir|Gardevoirite\n|move|p2a: Aerodactyl|Tailwind|p2a: Aerodactyl\n|-sidestart|p2: EDJPP|move: Tailwind\n|move|p2b: Froslass|Aurora Veil|p2b: Froslass\n|-sidestart|p2: EDJPP|move: Aurora Veil\n|move|p1a: Aerodactyl|Tailwind|p1a: Aerodactyl\n|-sidestart|p1: Tapferkeitsameise|move: Tailwind\n|move|p1b: Gardevoir|Hyper Voice|p2a: Aerodactyl|[spread] p2a,p2b\n|-crit|p2b: Froslass\n|-damage|p2a: Aerodactyl|56/100\n|-damage|p2b: Froslass|0 fnt\n|faint|p2b: Froslass\n|\n|-weather|Snowscape|[upkeep]\n|upkeep\n|\n|t:|1776265069\n|switch|p2b: Incineroar|Incineroar, L50, M|50/100\n|-ability|p2b: Incineroar|Intimidate|boost\n|-unboost|p1a: Aerodactyl|atk|1\n|-unboost|p1b: Gardevoir|atk|1\n|turn|6\n|\n|t:|1776265080\n|move|p1a: Aerodactyl|Rock Slide|p2a: Aerodactyl|[spread] p2a,p2b\n|-supereffective|p2a: Aerodactyl|1\n|-supereffective|p2b: Incineroar|1\n|-damage|p2a: Aerodactyl|30/100\n|-damage|p2b: Incineroar|35/100\n|move|p2a: Aerodactyl|Rock Slide|p1b: Gardevoir|[spread] p1a,p1b\n|-supereffective|p1a: Aerodactyl|1\n|-damage|p1a: Aerodactyl|6/100\n|-damage|p1b: Gardevoir|68/100\n|cant|p1b: Gardevoir|flinch\n|move|p2b: Incineroar|Flare Blitz|p1b: Gardevoir\n|-damage|p1b: Gardevoir|0 fnt\n|faint|p1b: Gardevoir\n|-damage|p2b: Incineroar|14/100|[from] Recoil\n|\n|-weather|Snowscape|[upkeep]\n|upkeep\n|\n|t:|1776265089\n|switch|p1b: Sneasler|Sneasler, L50, F|100/100\n|turn|7\n|c|\u2606Tapferkeitsameise|an eye for an eye or something\n|inactive|EDJPP has 30 seconds left.\n|\n|t:|1776265115\n|move|p2b: Incineroar|Helping Hand|p2a: Aerodactyl\n|-singleturn|p2a: Aerodactyl|Helping Hand|[of] p2b: Incineroar\n|move|p1b: Sneasler|Fake Out|p2a: Aerodactyl\n|-resisted|p2a: Aerodactyl|1\n|-damage|p2a: Aerodactyl|22/100\n|move|p1a: Aerodactyl|Rock Slide|p2b: Incineroar|[spread] p2a,p2b\n|-supereffective|p2a: Aerodactyl|1\n|-supereffective|p2b: Incineroar|1\n|-damage|p2a: Aerodactyl|0 fnt\n|-damage|p2b: Incineroar|0 fnt\n|faint|p2a: Aerodactyl\n|faint|p2b: Incineroar\n|\n|-weather|none\n|upkeep\n|\n|t:|1776265120\n|switch|p2b: Primarina|Primarina, L50, M|100/100\n|turn|8\n|inactive|Tapferkeitsameise has 30 seconds left.\n|\n|t:|1776265145\n|move|p1a: Aerodactyl|Dual Wingbeat|p2b: Primarina\n|-damage|p2b: Primarina|95/100\n|-damage|p2b: Primarina|89/100\n|-hitcount|p2b: Primarina|2\n|move|p1b: Sneasler|Dire Claw|p2b: Primarina\n|-supereffective|p2b: Primarina|1\n|-damage|p2b: Primarina|35/100\n|move|p2b: Primarina|Dazzling Gleam|p1a: Aerodactyl|[spread] p1a,p1b\n|-damage|p1a: Aerodactyl|0 fnt\n|-damage|p1b: Sneasler|53/100\n|faint|p1a: Aerodactyl\n|\n|-sideend|p1: Tapferkeitsameise|move: Tailwind\n|-sideend|p2: EDJPP|move: Tailwind\n|upkeep\n|turn|9\n|c|\u2606Tapferkeitsameise|ggs\n|\n|t:|1776265165\n|move|p1b: Sneasler|Dire Claw|p2b: Primarina\n|-supereffective|p2b: Primarina|1\n|-crit|p2b: Primarina\n|-damage|p2b: Primarina|0 fnt\n|faint|p2b: Primarina\n|\n|win|Tapferkeitsameise\n|n|\u2606Tapferkeitsameise|tapferkeitsameise\n|n|\u2606EDJPP|edjpp\n",
  "uploadtime": 1776265169,
  "views": 23,
  "formatid": "gen9championsvgc2026regma",
  "rating": null,
  "private": 0,
  "password": null
}