{
  "id": "gen9championsvgc2026regma-2580601380",
  "format": "[Gen 9 Champions] VGC 2026 Reg M-A",
  "players": [
    "hibikiqu",
    "ClearFox"
  ],
  "log": "|j|\u2606hibikiqu\n|j|\u2606ClearFox\n|html|<table width=\"100%\"><tr><td align=\"left\">hibikiqu</td><td align=\"right\">ClearFox</tr><tr><td align=\"left\"><i class=\"fa fa-circle-o\"></i> <i class=\"fa fa-circle-o\"></i> </td><td align=\"right\"><i class=\"fa fa-circle-o\"></i> <i class=\"fa fa-circle\"></i> </tr></table>\n|uhtml|bestof|<h2><strong>Game 2</strong> of <a href=\"/game-bestof3-gen9championsvgc2026regma-2580598723\">a best-of-3</a></h2>\n|t:|1775917021\n|gametype|doubles\n|player|p1|hibikiqu|dawn|\n|player|p2|ClearFox|101|\n|gen|9\n|tier|[Gen 9 Champions] VGC 2026 Reg M-A\n|rated|Tournament battle\n|rule|Species Clause: Limit one of each Pok\u00e9mon\n|rule|Item Clause: Limit 1 of each item\n|raw|<div class=\"infobox\"><details class=\"readmore\" open><summary><strong>2 custom rules:</strong></summary> Force Open Team Sheets, Best of = 3</details></div>\n|clearpoke\n|poke|p1|Rotom-Mow, L50|\n|poke|p1|Charizard, L50, M|\n|poke|p1|Whimsicott, L50, F|\n|poke|p1|Conkeldurr, L50, M|\n|poke|p1|Garchomp, L50, M|\n|poke|p1|Incineroar, L50, F|\n|poke|p2|Archaludon, L50, F|\n|poke|p2|Pelipper, L50, M|\n|poke|p2|Dragonite, L50, F|\n|poke|p2|Sneasler, L50, M|\n|poke|p2|Sinistcha, L50|\n|poke|p2|Basculegion, L50, M|\n|teampreview|4\n|showteam|p1|Rotom-Mow||ChoiceScarf|Levitate|VoltSwitch,Thunderbolt,LeafStorm,Poltergeist||||||50|]Charizard||CharizarditeY|Blaze|HeatWave,Protect,SolarBeam,WeatherBall|||M|||50|]Whimsicott||FocusSash|Prankster|Encore,Moonblast,Tailwind,SunnyDay|||F|||50|]Conkeldurr||BlackBelt|IronFist|DrainPunch,MachPunch,IcePunch,Protect|||M|||50|]Garchomp||Leftovers|RoughSkin|DragonClaw,RockSlide,Protect,Earthquake|||M|||50|]Incineroar||SitrusBerry|Intimidate|FakeOut,Roar,Protect,PartingShot|||F|||50|\n|showteam|p2|Archaludon||Magnet|Stamina|ElectroShot,DracoMeteor,FlashCannon,Protect|||F|||50|]Pelipper||FocusSash|Drizzle|Surf,Hurricane,Protect,Tailwind|||M|||50|]Dragonite||Dragoninite|Multiscale|DracoMeteor,Hurricane,Tailwind,Protect|||F|||50|]Sneasler||WhiteHerb|Unburden|CloseCombat,Acrobatics,DireClaw,FakeOut|||M|||50|]Sinistcha||Leftovers|Hospitality|MatchaGotcha,RagePowder,TrickRoom,Protect||||||50|]Basculegion||ChoiceScarf|SwiftSwim|LastRespects,FlipTurn,WaveCrash,AquaJet|||M|||50|\n|j| Litten 2.0\n|j| Solanum\n|\n|t:|1775917047\n|teamsize|p1|4\n|teamsize|p2|4\n|start\n|switch|p1a: Conkeldurr|Conkeldurr, L50, M|100/100\n|switch|p1b: Charizard|Charizard, L50, M|100/100\n|switch|p2a: Sneasler|Sneasler, L50, M|100/100\n|switch|p2b: Dragonite|Dragonite, L50, F|100/100\n|turn|1\n|\n|t:|1775917066\n|detailschange|p1b: Charizard|Charizard-Mega-Y, L50, M\n|-mega|p1b: Charizard|Charizard|Charizardite Y\n|-weather|SunnyDay|[from] ability: Drought|[of] p1b: Charizard\n|detailschange|p2b: Dragonite|Dragonite-Mega, L50, F\n|-mega|p2b: Dragonite|Dragonite|Dragoninite\n|move|p2a: Sneasler|Fake Out|p1b: Charizard\n|-damage|p1b: Charizard|83/100\n|cant|p1b: Charizard|flinch\n|move|p2b: Dragonite|Hurricane|p1a: Conkeldurr|[miss]\n|-miss|p2b: Dragonite|p1a: Conkeldurr\n|move|p1a: Conkeldurr|Ice Punch|p2b: Dragonite\n|-supereffective|p2b: Dragonite|2\n|-damage|p2b: Dragonite|44/100\n|\n|-weather|SunnyDay|[upkeep]\n|upkeep\n|turn|2\n|inactive|Battle timer is ON: inactive players will automatically lose when time's up. (requested by ClearFox)\n|\n|t:|1775917124\n|switch|p2a: Pelipper|Pelipper, L50, M|100/100\n|-weather|RainDance|[from] ability: Drizzle|[of] p2a: Pelipper\n|move|p1b: Charizard|Weather Ball|p2a: Pelipper\n|-resisted|p2a: Pelipper|1\n|-damage|p2a: Pelipper|59/100\n|move|p2b: Dragonite|Hurricane|p1a: Conkeldurr\n|-supereffective|p1a: Conkeldurr|1\n|-damage|p1a: Conkeldurr|0 fnt\n|faint|p1a: Conkeldurr\n|\n|-weather|RainDance|[upkeep]\n|upkeep\n|l|\u2606ClearFox\n|inactive|ClearFox disconnected and has a minute to reconnect!\n|player|p2|\n|j|\u2606ClearFox\n|inactive|ClearFox reconnected.\n|player|p2|ClearFox|101|\n|\n|t:|1775917136\n|switch|p1a: Whimsicott|Whimsicott, L50, F|100/100\n|turn|3\n|\n|t:|1775917150\n|switch|p1b: Rotom|Rotom-Mow, L50|100/100\n|move|p1a: Whimsicott|Tailwind|p1a: Whimsicott\n|-sidestart|p1: hibikiqu|move: Tailwind\n|move|p2b: Dragonite|Hurricane|p1a: Whimsicott\n|-supereffective|p1a: Whimsicott|1\n|-enditem|p1a: Whimsicott|Focus Sash\n|-damage|p1a: Whimsicott|1/100\n|-start|p1a: Whimsicott|confusion\n|move|p2a: Pelipper|Surf|p1a: Whimsicott|[spread] p2b,p1a,p1b\n|-resisted|p2b: Dragonite|1\n|-resisted|p1a: Whimsicott|1\n|-resisted|p1b: Rotom|1\n|-damage|p2b: Dragonite|26/100\n|-damage|p1a: Whimsicott|0 fnt\n|-damage|p1b: Rotom|70/100\n|faint|p1a: Whimsicott\n|\n|-weather|RainDance|[upkeep]\n|upkeep\n|\n|t:|1775917161\n|switch|p1a: Charizard|Charizard-Mega-Y, L50, M|83/100\n|-weather|SunnyDay|[from] ability: Drought|[of] p1a: Charizard\n|turn|4\n|\n|t:|1775917182\n|switch|p2a: Sneasler|Sneasler, L50, M|100/100\n|move|p2b: Dragonite|Protect|p2b: Dragonite\n|-singleturn|p2b: Dragonite|Protect\n|move|p1b: Rotom|Thunderbolt|p2b: Dragonite\n|-activate|p2b: Dragonite|move: Protect\n|move|p1a: Charizard|Heat Wave|p2a: Sneasler|[spread] p2a\n|-activate|p2b: Dragonite|move: Protect\n|-damage|p2a: Sneasler|10/100\n|\n|-weather|SunnyDay|[upkeep]\n|upkeep\n|turn|5\n|inactive|hibikiqu has 30 seconds left.\n|\n|t:|1775917212\n|move|p2a: Sneasler|Fake Out|p1b: Rotom\n|-damage|p1b: Rotom|48/100\n|cant|p1b: Rotom|flinch\n|move|p1a: Charizard|Weather Ball|p2a: Sneasler\n|-damage|p2a: Sneasler|0 fnt\n|faint|p2a: Sneasler\n|move|p2b: Dragonite|Draco Meteor|p1a: Charizard\n|-damage|p1a: Charizard|2/100\n|-unboost|p2b: Dragonite|spa|2\n|\n|-weather|SunnyDay|[upkeep]\n|upkeep\n|\n|t:|1775917222\n|switch|p2a: Pelipper|Pelipper, L50, M|59/100\n|-weather|RainDance|[from] ability: Drizzle|[of] p2a: Pelipper\n|turn|6\n|\n|t:|1775917235\n|move|p1a: Charizard|Protect|p1a: Charizard\n|-singleturn|p1a: Charizard|Protect\n|move|p2b: Dragonite|Protect|p2b: Dragonite\n|-singleturn|p2b: Dragonite|Protect\n|move|p1b: Rotom|Thunderbolt|p2b: Dragonite\n|-activate|p2b: Dragonite|move: Protect\n|move|p2a: Pelipper|Surf|p1a: Charizard|[spread] p1b\n|-activate|p2b: Dragonite|move: Protect\n|-activate|p1a: Charizard|move: Protect\n|-resisted|p1b: Rotom|1\n|-damage|p1b: Rotom|16/100\n|\n|-weather|RainDance|[upkeep]\n|-sideend|p1: hibikiqu|move: Tailwind\n|upkeep\n|turn|7\n|-message|hibikiqu forfeited.\n|\n|win|ClearFox\n",
  "uploadtime": 1775917249,
  "views": 8,
  "formatid": "gen9championsvgc2026regma",
  "rating": null,
  "private": 0,
  "password": null
}