{
  "id": "gen9championsvgc2026regma-2585431295",
  "format": "[Gen 9 Champions] VGC 2026 Reg M-A",
  "players": [
    "arthur.ayms",
    "shakyjed"
  ],
  "log": "|j|\u2606arthur.ayms\n|j|\u2606shakyjed\n|t:|1776346832\n|gametype|doubles\n|player|p1|arthur.ayms|170|1158\n|player|p2|shakyjed|1|1139\n|gen|9\n|tier|[Gen 9 Champions] VGC 2026 Reg M-A\n|rated|\n|rule|Species Clause: Limit one of each Pok\u00e9mon\n|rule|Item Clause: Limit 1 of each item\n|clearpoke\n|poke|p1|Farigiraf, L50, M|\n|poke|p1|Incineroar, L50, F|\n|poke|p1|Machamp, L50, M|\n|poke|p1|Torkoal, L50, M|\n|poke|p1|Sinistcha-Masterpiece, L50|\n|poke|p1|Empoleon, L50, F|\n|poke|p2|Aegislash, L50, F|\n|poke|p2|Golurk, L50|\n|poke|p2|Farigiraf, L50, F|\n|poke|p2|Araquanid, L50, F|\n|poke|p2|Incineroar, L50, F|\n|poke|p2|Sinistcha-Masterpiece, L50|\n|teampreview|4\n|\n|t:|1776346876\n|teamsize|p1|4\n|teamsize|p2|4\n|start\n|switch|p1a: Incineroar|Incineroar, L50, F|100/100\n|switch|p1b: Empoleon|Empoleon, L50, F|100/100\n|switch|p2a: Incineroar|Incineroar, L50, F, shiny|100/100\n|switch|p2b: Araquanid|Araquanid, L50, F, shiny|100/100\n|-ability|p1a: Incineroar|Intimidate|boost\n|-unboost|p2a: Incineroar|atk|1\n|-unboost|p2b: Araquanid|atk|1\n|-ability|p2a: Incineroar|Intimidate|boost\n|-unboost|p1a: Incineroar|atk|1\n|-unboost|p1b: Empoleon|atk|1\n|-ability|p1b: Empoleon|Competitive|boost\n|-boost|p1b: Empoleon|spa|2\n|-enditem|p2a: Incineroar|White Herb\n|-clearnegativeboost|p2a: Incineroar|[silent]\n|turn|1\n|inactive|Battle timer is ON: inactive players will automatically lose when time's up. (requested by arthur.ayms)\n|\n|t:|1776346906\n|move|p2a: Incineroar|Fake Out|p1b: Empoleon\n|-resisted|p1b: Empoleon|1\n|-damage|p1b: Empoleon|95/100\n|cant|p1b: Empoleon|flinch\n|move|p1a: Incineroar|Parting Shot|p2b: Araquanid\n|-unboost|p2b: Araquanid|atk|1\n|-unboost|p2b: Araquanid|spa|1\n|\n|t:|1776346917\n|switch|p1a: Sinistcha|Sinistcha-Masterpiece, L50|100/100|[from] Parting Shot\n|-heal|p1b: Empoleon|100/100|[from] ability: Hospitality|[of] p1a: Sinistcha\n|move|p2b: Araquanid|Liquidation|p1a: Sinistcha\n|-resisted|p1a: Sinistcha|1\n|-damage|p1a: Sinistcha|87/100\n|\n|upkeep\n|turn|2\n|\n|t:|1776346936\n|switch|p1a: Incineroar|Incineroar, L50, F|100/100\n|-ability|p1a: Incineroar|Intimidate|boost\n|-unboost|p2a: Incineroar|atk|1\n|-unboost|p2b: Araquanid|atk|1\n|switch|p2b: Aegislash|Aegislash, L50, F, shiny|100/100\n|move|p1b: Empoleon|Hydro Pump|p2a: Incineroar|[miss]\n|-miss|p1b: Empoleon|p2a: Incineroar\n|move|p2a: Incineroar|Flare Blitz|p1a: Incineroar\n|-resisted|p1a: Incineroar|1\n|-damage|p1a: Incineroar|86/100\n|-damage|p2a: Incineroar|96/100|[from] Recoil\n|\n|upkeep\n|turn|3\n|inactive|shakyjed has 30 seconds left.\n|\n|t:|1776346965\n|switch|p2a: Araquanid|Araquanid, L50, F, shiny|100/100\n|move|p1b: Empoleon|Hydro Pump|p2a: Araquanid\n|-resisted|p2a: Araquanid|1\n|-crit|p2a: Araquanid\n|-damage|p2a: Araquanid|28/100\n|-enditem|p2a: Araquanid|Sitrus Berry|[eat]\n|-heal|p2a: Araquanid|53/100|[from] item: Sitrus Berry\n|move|p1a: Incineroar|Throat Chop|p2b: Aegislash\n|-supereffective|p2b: Aegislash|1\n|-damage|p2b: Aegislash|36/100\n|-start|p2b: Aegislash|Throat Chop|[silent]\n|move|p2b: Aegislash|Substitute|p2b: Aegislash\n|-start|p2b: Aegislash|Substitute\n|-damage|p2b: Aegislash|11/100\n|\n|-heal|p2b: Aegislash|17/100|[from] item: Leftovers\n|upkeep\n|turn|4\n|inactive|arthur.ayms has 30 seconds left.\n|inactive|shakyjed has 30 seconds left.\n|\n|t:|1776347000\n|move|p1b: Empoleon|Flash Cannon|p2a: Araquanid\n|-resisted|p2a: Araquanid|1\n|-damage|p2a: Araquanid|22/100\n|move|p1a: Incineroar|Throat Chop|p2a: Araquanid\n|-damage|p2a: Araquanid|0 fnt\n|faint|p2a: Araquanid\n|-formechange|p2b: Aegislash|Aegislash-Blade|\n|move|p2b: Aegislash|Shadow Ball|p1a: Incineroar\n|-resisted|p1a: Incineroar|1\n|-damage|p1a: Incineroar|64/100\n|\n|-heal|p2b: Aegislash|23/100|[from] item: Leftovers\n|-end|p2b: Aegislash|Throat Chop|[silent]\n|upkeep\n|\n|t:|1776347014\n|switch|p2a: Incineroar|Incineroar, L50, F, shiny|96/100\n|-ability|p2a: Incineroar|Intimidate|boost\n|-unboost|p1a: Incineroar|atk|1\n|-unboost|p1b: Empoleon|atk|1\n|-ability|p1b: Empoleon|Competitive|boost\n|-boost|p1b: Empoleon|spa|2\n|turn|5\n|\n|t:|1776347029\n|-formechange|p2b: Aegislash|Aegislash|\n|move|p2b: Aegislash|King's Shield|p2b: Aegislash\n|-singleturn|p2b: Aegislash|Protect\n|move|p2a: Incineroar|Fake Out|p1b: Empoleon\n|-resisted|p1b: Empoleon|1\n|-damage|p1b: Empoleon|95/100\n|cant|p1b: Empoleon|flinch\n|move|p1a: Incineroar|Throat Chop|p2b: Aegislash\n|-activate|p2b: Aegislash|move: Protect\n|-unboost|p1a: Incineroar|atk|1\n|\n|-heal|p2b: Aegislash|29/100|[from] item: Leftovers\n|upkeep\n|turn|6\n|inactive|arthur.ayms has 30 seconds left.\n|inactive|shakyjed has 30 seconds left.\n|\n|t:|1776347063\n|switch|p1a: Sinistcha|Sinistcha-Masterpiece, L50|87/100\n|-heal|p1b: Empoleon|100/100|[from] ability: Hospitality|[of] p1a: Sinistcha\n|move|p1b: Empoleon|Hydro Pump|p2a: Incineroar\n|-supereffective|p2a: Incineroar|1\n|-damage|p2a: Incineroar|0 fnt\n|faint|p2a: Incineroar\n|-formechange|p2b: Aegislash|Aegislash-Blade|\n|move|p2b: Aegislash|Shadow Ball|p1b: Empoleon\n|-damage|p1b: Empoleon|54/100\n|-unboost|p1b: Empoleon|spd|1\n|-ability|p1b: Empoleon|Competitive|boost\n|-boost|p1b: Empoleon|spa|2\n|\n|-heal|p2b: Aegislash|35/100|[from] item: Leftovers\n|upkeep\n|\n|t:|1776347080\n|switch|p2a: Golurk|Golurk, L50, shiny|100/100\n|turn|7\n|\n|t:|1776347105\n|detailschange|p2a: Golurk|Golurk-Mega, L50, shiny\n|-mega|p2a: Golurk|Golurk|Golurkite\n|move|p1a: Sinistcha|Rage Powder|p1a: Sinistcha\n|-singleturn|p1a: Sinistcha|move: Rage Powder\n|move|p1b: Empoleon|Ice Beam|p2a: Golurk\n|-supereffective|p2a: Golurk|1\n|-damage|p2a: Golurk|0 fnt\n|faint|p2a: Golurk\n|move|p2b: Aegislash|Shadow Ball|p1a: Sinistcha\n|-supereffective|p1a: Sinistcha|1\n|-damage|p1a: Sinistcha|0 fnt\n|faint|p1a: Sinistcha\n|\n|-heal|p2b: Aegislash|41/100|[from] item: Leftovers\n|upkeep\n|\n|t:|1776347116\n|switch|p1a: Incineroar|Incineroar, L50, F|64/100\n|-ability|p1a: Incineroar|Intimidate|boost\n|-immune|p2b: Aegislash\n|turn|8\n|\n|t:|1776347136\n|move|p1b: Empoleon|Protect|p1b: Empoleon\n|-singleturn|p1b: Empoleon|Protect\n|-formechange|p2b: Aegislash|Aegislash|\n|move|p2b: Aegislash|King's Shield|p2b: Aegislash\n|-singleturn|p2b: Aegislash|Protect\n|move|p1a: Incineroar|Parting Shot|p2b: Aegislash\n|-unboost|p2b: Aegislash|atk|1\n|-unboost|p2b: Aegislash|spa|1\n|\n|t:|1776347143\n|switch|p1a: Torkoal|Torkoal, L50, M|100/100|[from] Parting Shot\n|-weather|SunnyDay|[from] ability: Drought|[of] p1a: Torkoal\n|\n|-weather|SunnyDay|[upkeep]\n|-heal|p2b: Aegislash|47/100|[from] item: Leftovers\n|upkeep\n|turn|9\n|\n|t:|1776347165\n|move|p1b: Empoleon|Flash Cannon|p2b: Aegislash\n|-resisted|p2b: Aegislash|1\n|-end|p2b: Aegislash|Substitute\n|-formechange|p2b: Aegislash|Aegislash-Blade|\n|move|p2b: Aegislash|Shadow Ball|p1b: Empoleon\n|-damage|p1b: Empoleon|8/100\n|move|p1a: Torkoal|Earth Power|p2b: Aegislash\n|-supereffective|p2b: Aegislash|1\n|-damage|p2b: Aegislash|0 fnt\n|faint|p2b: Aegislash\n|\n|win|arthur.ayms\n|raw|arthur.ayms's rating: 1158 &rarr; <strong>1182</strong><br />(+24 for winning)\n|raw|shakyjed's rating: 1139 &rarr; <strong>1115</strong><br />(-24 for losing)\n",
  "uploadtime": 1776347174,
  "views": 32,
  "formatid": "gen9championsvgc2026regma",
  "rating": 1115,
  "private": 0,
  "password": null
}