{
  "id": "gen9championsvgc2026regma-2583648436",
  "format": "[Gen 9 Champions] VGC 2026 Reg M-A",
  "players": [
    "Kirbo5500",
    "mazztermaz"
  ],
  "log": "|j|\u2606Kirbo5500\n|j|\u2606mazztermaz\n|t:|1776188662\n|gametype|doubles\n|player|p1|Kirbo5500|2|1011\n|player|p2|mazztermaz|2|1111\n|gen|9\n|tier|[Gen 9 Champions] VGC 2026 Reg M-A\n|rated|\n|rule|Species Clause: Limit one of each Pok\u00e9mon\n|rule|Item Clause: Limit 1 of each item\n|clearpoke\n|poke|p1|Meganium, L50, M|\n|poke|p1|Primarina, L50, M|\n|poke|p1|Incineroar, L50, M|\n|poke|p1|Hawlucha, L50, M|\n|poke|p1|Garchomp, L50, M|\n|poke|p1|Zoroark-Hisui, L50, F|\n|poke|p2|Farigiraf, L50, F|\n|poke|p2|Ampharos, L50, M|\n|poke|p2|Sableye, L50, M|\n|poke|p2|Rotom-Wash, L50|\n|poke|p2|Armarouge, L50, M|\n|poke|p2|Aggron, L50, M|\n|teampreview|4\n|\n|t:|1776188686\n|teamsize|p1|4\n|teamsize|p2|4\n|start\n|switch|p1a: Incineroar|Incineroar, L50, M|100/100\n|switch|p1b: Garchomp|Garchomp, L50, M|100/100\n|switch|p2a: Farigiraf|Farigiraf, L50, F|100/100\n|switch|p2b: Aggron|Aggron, L50, M|100/100\n|-ability|p1a: Incineroar|Intimidate|boost\n|-unboost|p2a: Farigiraf|atk|1\n|-unboost|p2b: Aggron|atk|1\n|turn|1\n|\n|t:|1776188699\n|detailschange|p2b: Aggron|Aggron-Mega, L50, M\n|-mega|p2b: Aggron|Aggron|Aggronite\n|move|p1b: Garchomp|Stealth Rock|p2b: Aggron\n|-sidestart|p2: mazztermaz|move: Stealth Rock\n|move|p1a: Incineroar|Flare Blitz|p2b: Aggron\n|-supereffective|p2b: Aggron|1\n|-damage|p2b: Aggron|63/100\n|-damage|p1a: Incineroar|90/100|[from] Recoil\n|move|p2b: Aggron|Iron Defense|p2b: Aggron\n|-boost|p2b: Aggron|def|2\n|move|p2a: Farigiraf|Trick Room|p2a: Farigiraf\n|-fieldstart|move: Trick Room|[of] p2a: Farigiraf\n|\n|upkeep\n|turn|2\n|\n|t:|1776188717\n|switch|p2a: Sableye|Sableye, L50, M|100/100\n|-damage|p2a: Sableye|88/100|[from] Stealth Rock\n|move|p2b: Aggron|Body Press|p1a: Incineroar\n|-supereffective|p1a: Incineroar|1\n|-damage|p1a: Incineroar|0 fnt\n|faint|p1a: Incineroar\n|move|p1b: Garchomp|Earthquake|p2a: Sableye|[spread] p2a,p2b\n|-supereffective|p2b: Aggron|1\n|-damage|p2a: Sableye|50/100\n|-damage|p2b: Aggron|52/100\n|-enditem|p2a: Sableye|Sitrus Berry|[eat]\n|-heal|p2a: Sableye|75/100|[from] item: Sitrus Berry\n|\n|upkeep\n|\n|t:|1776188737\n|switch|p1a: Meganium|Meganium, L50, M|100/100\n|turn|3\n|\n|t:|1776188756\n|detailschange|p1a: Meganium|Meganium-Mega, L50, M\n|-mega|p1a: Meganium|Meganium|Meganiumite\n|move|p1b: Garchomp|Protect|p1b: Garchomp\n|-singleturn|p1b: Garchomp|Protect\n|move|p2a: Sableye|Fake Out|p1b: Garchomp\n|-activate|p1b: Garchomp|move: Protect\n|move|p2b: Aggron|Body Press|p1a: Meganium\n|-resisted|p1a: Meganium|1\n|-damage|p1a: Meganium|50/100\n|move|p1a: Meganium|Weather Ball|p2b: Aggron\n|-supereffective|p2b: Aggron|1\n|-damage|p2b: Aggron|0 fnt\n|faint|p2b: Aggron\n|\n|upkeep\n|\n|t:|1776188770\n|switch|p2b: Rotom|Rotom-Wash, L50|100/100\n|-damage|p2b: Rotom|88/100|[from] Stealth Rock\n|turn|4\n|\n|t:|1776188779\n|move|p1a: Meganium|Protect|p1a: Meganium\n|-singleturn|p1a: Meganium|Protect\n|move|p2a: Sableye|Will-O-Wisp|p1b: Garchomp|[miss]\n|-miss|p2a: Sableye|p1b: Garchomp\n|move|p2b: Rotom|Hydro Pump|p1b: Garchomp\n|-damage|p1b: Garchomp|36/100\n|move|p1b: Garchomp|Earthquake|p2b: Rotom|[spread] p2a\n|-activate|p1a: Meganium|move: Protect\n|-immune|p2b: Rotom|[from] ability: Levitate\n|-damage|p2a: Sableye|35/100\n|\n|upkeep\n|turn|5\n|\n|t:|1776188798\n|move|p2a: Sableye|Will-O-Wisp|p1b: Garchomp\n|-status|p1b: Garchomp|brn\n|move|p2b: Rotom|Hydro Pump|p1b: Garchomp\n|-damage|p1b: Garchomp|0 fnt\n|faint|p1b: Garchomp\n|move|p1a: Meganium|Solar Beam||[still]\n|-prepare|p1a: Meganium|Solar Beam\n|-activate|p1a: Meganium|ability: Mega Sol\n|-anim|p1a: Meganium|Solar Beam|p2b: Rotom\n|-supereffective|p2b: Rotom|1\n|-damage|p2b: Rotom|0 fnt\n|faint|p2b: Rotom\n|\n|-fieldend|move: Trick Room\n|upkeep\n|\n|t:|1776188811\n|switch|p1b: Primarina|Primarina, L50, M|100/100\n|switch|p2b: Farigiraf|Farigiraf, L50, F|100/100\n|-damage|p2b: Farigiraf|88/100|[from] Stealth Rock\n|turn|6\n|\n|t:|1776188827\n|move|p2a: Sableye|Will-O-Wisp|p1a: Meganium|[miss]\n|-miss|p2a: Sableye|p1a: Meganium\n|move|p1a: Meganium|Synthesis|p1a: Meganium\n|-heal|p1a: Meganium|100/100\n|move|p1b: Primarina|Hyper Voice|p2a: Sableye|[spread] p2a,p2b\n|-damage|p2a: Sableye|0 fnt\n|-damage|p2b: Farigiraf|59/100\n|faint|p2a: Sableye\n|move|p2b: Farigiraf|Trick Room|p2b: Farigiraf\n|-fieldstart|move: Trick Room|[of] p2b: Farigiraf\n|\n|upkeep\n|turn|7\n|-message|mazztermaz forfeited.\n|\n|win|Kirbo5500\n|raw|Kirbo5500's rating: 1011 &rarr; <strong>1060</strong><br />(+49 for winning)\n|raw|mazztermaz's rating: 1111 &rarr; <strong>1079</strong><br />(-32 for losing)\n|l|\u2606mazztermaz\n|player|p2|\n",
  "uploadtime": 1776188843,
  "views": 23,
  "formatid": "gen9championsvgc2026regma",
  "rating": 1060,
  "private": 0,
  "password": null
}