{
  "id": "gen9championsvgc2026regma-2584723963",
  "format": "[Gen 9 Champions] VGC 2026 Reg M-A",
  "players": [
    "toxmyself",
    "Ruan Nicolas10"
  ],
  "log": "|j|\u2606toxmyself\n|j|\u2606Ruan Nicolas10\n|t:|1776279194\n|gametype|doubles\n|player|p1|toxmyself|norman|1154\n|player|p2|Ruan Nicolas10|riley|1192\n|gen|9\n|tier|[Gen 9 Champions] VGC 2026 Reg M-A\n|rated|\n|rule|Species Clause: Limit one of each Pok\u00e9mon\n|rule|Item Clause: Limit 1 of each item\n|clearpoke\n|poke|p1|Charizard, L50, F|\n|poke|p1|Venusaur, L50, F|\n|poke|p1|Garchomp, L50, F|\n|poke|p1|Incineroar, L50, F|\n|poke|p1|Gardevoir, L50, F|\n|poke|p1|Milotic, L50, F|\n|poke|p2|Floette-Eternal, L50, F|\n|poke|p2|Garchomp, L50, F|\n|poke|p2|Rotom-Wash, L50|\n|poke|p2|Aegislash, L50, F|\n|poke|p2|Talonflame, L50, M|\n|poke|p2|Maushold-Four, L50|\n|teampreview|4\n|inactive|Battle timer is ON: inactive players will automatically lose when time's up. (requested by toxmyself)\n|inactive|Ruan Nicolas10 has 60 seconds left.\n|\n|t:|1776279232\n|teamsize|p1|4\n|teamsize|p2|4\n|start\n|switch|p1a: Charizard|Charizard, L50, F|100/100\n|switch|p1b: Incineroar|Incineroar, L50, F|100/100\n|switch|p2a: Garchomp|Garchomp, L50, F, shiny|100/100\n|switch|p2b: Talonflame|Talonflame, L50, M, shiny|100/100\n|-ability|p1b: Incineroar|Intimidate|boost\n|-unboost|p2a: Garchomp|atk|1\n|-unboost|p2b: Talonflame|atk|1\n|turn|1\n|\n|t:|1776279253\n|switch|p1a: Milotic|Milotic, L50, F|100/100\n|move|p2b: Talonflame|Tailwind|p2b: Talonflame\n|-sidestart|p2: Ruan Nicolas10|move: Tailwind\n|move|p2a: Garchomp|Rock Slide|p1a: Milotic|[spread] p1a,p1b\n|-supereffective|p1b: Incineroar|1\n|-damage|p1a: Milotic|90/100\n|-damage|p1b: Incineroar|81/100\n|cant|p1b: Incineroar|flinch\n|\n|-heal|p1a: Milotic|96/100|[from] item: Leftovers\n|upkeep\n|turn|2\n|\n|t:|1776279269\n|switch|p2b: Rotom|Rotom-Wash, L50, shiny|100/100\n|move|p1b: Incineroar|Helping Hand|p1a: Milotic\n|-singleturn|p1a: Milotic|Helping Hand|[of] p1b: Incineroar\n|move|p2a: Garchomp|Protect|p2a: Garchomp\n|-singleturn|p2a: Garchomp|Protect\n|move|p1a: Milotic|Ice Beam|p2a: Garchomp\n|-activate|p2a: Garchomp|move: Protect\n|\n|-heal|p1a: Milotic|100/100|[from] item: Leftovers\n|upkeep\n|turn|3\n|\n|t:|1776279292\n|move|p1a: Milotic|Protect|p1a: Milotic\n|-singleturn|p1a: Milotic|Protect\n|move|p2a: Garchomp|Rock Slide|p1a: Milotic|[spread] p1b\n|-activate|p1a: Milotic|move: Protect\n|-supereffective|p1b: Incineroar|1\n|-damage|p1b: Incineroar|60/100\n|move|p2b: Rotom|Thunderbolt|p1a: Milotic\n|-activate|p1a: Milotic|move: Protect\n|move|p1b: Incineroar|Throat Chop|p2b: Rotom\n|-damage|p2b: Rotom|66/100\n|-start|p2b: Rotom|Throat Chop|[silent]\n|\n|upkeep\n|turn|4\n|inactive|Ruan Nicolas10 has 30 seconds left.\n|\n|t:|1776279319\n|switch|p2a: Talonflame|Talonflame, L50, M, shiny|100/100\n|switch|p1a: Venusaur|Venusaur, L50, F|100/100\n|move|p2b: Rotom|Thunderbolt|p1a: Venusaur\n|-resisted|p1a: Venusaur|1\n|-damage|p1a: Venusaur|75/100\n|move|p1b: Incineroar|Throat Chop|p2b: Rotom\n|-damage|p2b: Rotom|34/100\n|-enditem|p2b: Rotom|Sitrus Berry|[eat]\n|-heal|p2b: Rotom|58/100|[from] item: Sitrus Berry\n|\n|-end|p2b: Rotom|Throat Chop|[silent]\n|-sideend|p2: Ruan Nicolas10|move: Tailwind\n|upkeep\n|turn|5\n|\n|t:|1776279341\n|switch|p2b: Garchomp|Garchomp, L50, F, shiny|100/100\n|move|p2a: Talonflame|Tailwind|p2a: Talonflame\n|-sidestart|p2: Ruan Nicolas10|move: Tailwind\n|move|p1a: Venusaur|Energy Ball|p2b: Garchomp\n|-damage|p2b: Garchomp|55/100\n|move|p1b: Incineroar|Throat Chop|p2a: Talonflame\n|-damage|p2a: Talonflame|50/100\n|-start|p2a: Talonflame|Throat Chop|[silent]\n|\n|upkeep\n|turn|6\n|\n|t:|1776279358\n|move|p1a: Venusaur|Protect|p1a: Venusaur\n|-singleturn|p1a: Venusaur|Protect\n|move|p2a: Talonflame|Acrobatics|p1a: Venusaur\n|-activate|p1a: Venusaur|move: Protect\n|move|p2b: Garchomp|Earthquake|p1b: Incineroar|[spread] p1b\n|-activate|p1a: Venusaur|move: Protect\n|-immune|p2a: Talonflame\n|-supereffective|p1b: Incineroar|1\n|-damage|p1b: Incineroar|0 fnt\n|faint|p1b: Incineroar\n|\n|-end|p2a: Talonflame|Throat Chop|[silent]\n|upkeep\n|\n|t:|1776279369\n|switch|p1b: Milotic|Milotic, L50, F|100/100\n|turn|7\n|inactive|Ruan Nicolas10 has 30 seconds left.\n|\n|t:|1776279400\n|switch|p1a: Charizard|Charizard, L50, F|100/100\n|move|p2b: Garchomp|Protect|p2b: Garchomp\n|-singleturn|p2b: Garchomp|Protect\n|move|p2a: Talonflame|Acrobatics|p1a: Charizard\n|-crit|p1a: Charizard\n|-damage|p1a: Charizard|14/100\n|move|p1b: Milotic|Scald|p2a: Talonflame\n|-supereffective|p2a: Talonflame|1\n|-damage|p2a: Talonflame|0 fnt\n|faint|p2a: Talonflame\n|\n|upkeep\n|\n|t:|1776279415\n|switch|p2a: Rotom|Rotom-Wash, L50, shiny|58/100\n|turn|8\n|\n|t:|1776279430\n|move|p1a: Charizard|Protect|p1a: Charizard\n|-singleturn|p1a: Charizard|Protect\n|move|p2b: Garchomp|Dragon Claw|p1a: Charizard\n|-activate|p1a: Charizard|move: Protect\n|move|p2a: Rotom|Thunderbolt|p1b: Milotic\n|-supereffective|p1b: Milotic|1\n|-damage|p1b: Milotic|40/100\n|move|p1b: Milotic|Ice Beam|p2b: Garchomp\n|-supereffective|p2b: Garchomp|2\n|-damage|p2b: Garchomp|0 fnt\n|faint|p2b: Garchomp\n|\n|-heal|p1b: Milotic|46/100|[from] item: Leftovers\n|-sideend|p2: Ruan Nicolas10|move: Tailwind\n|upkeep\n|\n|t:|1776279445\n|switch|p2b: Floette|Floette-Eternal, L50, F, shiny|100/100\n|turn|9\n|\n|t:|1776279464\n|detailschange|p1a: Charizard|Charizard-Mega-Y, L50, F\n|-mega|p1a: Charizard|Charizard|Charizardite Y\n|-weather|SunnyDay|[from] ability: Drought|[of] p1a: Charizard\n|detailschange|p2b: Floette|Floette-Mega, L50, F, shiny\n|-mega|p2b: Floette|Floette|Floettite\n|-ability|p2b: Floette|Fairy Aura\n|move|p1a: Charizard|Solar Beam||[still]\n|-prepare|p1a: Charizard|Solar Beam\n|-anim|p1a: Charizard|Solar Beam|p2a: Rotom\n|-supereffective|p2a: Rotom|1\n|-damage|p2a: Rotom|0 fnt\n|faint|p2a: Rotom\n|move|p2b: Floette|Dazzling Gleam|p1b: Milotic|[spread] p1a,p1b\n|-resisted|p1a: Charizard|1\n|-damage|p1a: Charizard|0 fnt\n|-damage|p1b: Milotic|5/100\n|faint|p1a: Charizard\n|move|p1b: Milotic|Life Dew|p1b: Milotic\n|-heal|p1b: Milotic|30/100\n|\n|-weather|SunnyDay|[upkeep]\n|-heal|p1b: Milotic|36/100|[from] item: Leftovers\n|upkeep\n|\n|t:|1776279479\n|switch|p1a: Venusaur|Venusaur, L50, F|75/100\n|turn|10\n|\n|t:|1776279488\n|move|p1b: Milotic|Protect|p1b: Milotic\n|-singleturn|p1b: Milotic|Protect\n|move|p1a: Venusaur|Sludge Bomb|p2b: Floette\n|-supereffective|p2b: Floette|1\n|-damage|p2b: Floette|38/100\n|move|p2b: Floette|Dazzling Gleam|p1b: Milotic|[spread] p1a\n|-activate|p1b: Milotic|move: Protect\n|-resisted|p1a: Venusaur|1\n|-damage|p1a: Venusaur|46/100\n|\n|-weather|SunnyDay|[upkeep]\n|-heal|p1b: Milotic|43/100|[from] item: Leftovers\n|upkeep\n|turn|11\n|\n|t:|1776279502\n|move|p1a: Venusaur|Sludge Bomb|p2b: Floette\n|-supereffective|p2b: Floette|1\n|-damage|p2b: Floette|0 fnt\n|faint|p2b: Floette\n|\n|win|toxmyself\n|raw|toxmyself's rating: 1154 &rarr; <strong>1182</strong><br />(+28 for winning)\n|raw|Ruan Nicolas10's rating: 1192 &rarr; <strong>1164</strong><br />(-28 for losing)\n",
  "uploadtime": 1776279503,
  "views": 19,
  "formatid": "gen9championsvgc2026regma",
  "rating": 1164,
  "private": 0,
  "password": null
}