{
  "id": "gen9championsvgc2026regma-2582072940",
  "format": "[Gen 9 Champions] VGC 2026 Reg M-A",
  "players": [
    "ToranVGC",
    "tragyc22"
  ],
  "log": "|j|\u2606ToranVGC\n|j|\u203dtragyc22\n|t:|1776054519\n|gametype|doubles\n|player|p1|ToranVGC|supernerd|1197\n|player|p2|tragyc22|skierf|1106\n|gen|9\n|tier|[Gen 9 Champions] VGC 2026 Reg M-A\n|rated|\n|rule|Species Clause: Limit one of each Pok\u00e9mon\n|rule|Item Clause: Limit 1 of each item\n|clearpoke\n|poke|p1|Cofagrigus, L50, M|\n|poke|p1|Scovillain, L50, F|\n|poke|p1|Primarina, L50, F|\n|poke|p1|Kangaskhan, L50, F|\n|poke|p1|Sneasler, L50, M|\n|poke|p1|Aerodactyl, L50, M|\n|poke|p2|Sneasler, L50, M|\n|poke|p2|Delphox, L50, M|\n|poke|p2|Kingambit, L50, F|\n|poke|p2|Dragonite, L50, F|\n|poke|p2|Clefable, L50, F|\n|poke|p2|Basculegion-F, L50, F|\n|teampreview|4\n|\n|t:|1776054576\n|teamsize|p1|4\n|teamsize|p2|4\n|start\n|switch|p1a: Kangaskhan|Kangaskhan, L50, F|100/100\n|switch|p1b: barney|Aerodactyl, L50, M, shiny|100/100\n|switch|p2a: Clefable|Clefable, L50, F|100/100\n|switch|p2b: Delphox|Delphox, L50, M, shiny|100/100\n|-ability|p1b: barney|Unnerve\n|turn|1\n|inactive|Battle timer is ON: inactive players will automatically lose when time's up. (requested by tragyc22)\n|\n|t:|1776054600\n|detailschange|p2b: Delphox|Delphox-Mega, L50, M, shiny\n|-mega|p2b: Delphox|Delphox|Delphoxite\n|move|p1a: Kangaskhan|Fake Out|p2b: Delphox\n|-damage|p2b: Delphox|74/100\n|move|p2a: Clefable|Follow Me|p2a: Clefable\n|-singleturn|p2a: Clefable|move: Follow Me\n|cant|p2b: Delphox|flinch\n|move|p1b: barney|Tailwind|p1b: barney\n|-sidestart|p1: ToranVGC|move: Tailwind\n|\n|upkeep\n|turn|2\n|\n|t:|1776054618\n|detailschange|p1a: Kangaskhan|Kangaskhan-Mega, L50, F\n|-mega|p1a: Kangaskhan|Kangaskhan|Kangaskhanite\n|move|p2a: Clefable|Follow Me|p2a: Clefable\n|-singleturn|p2a: Clefable|move: Follow Me\n|move|p1b: barney|Rock Slide|p2b: Delphox|[spread] p2a,p2b\n|-crit|p2a: Clefable\n|-supereffective|p2b: Delphox|1\n|-damage|p2a: Clefable|57/100\n|-damage|p2b: Delphox|0 fnt\n|faint|p2b: Delphox\n|move|p1a: Kangaskhan|Double-Edge|p2a: Clefable\n|-damage|p2a: Clefable|0 fnt\n|faint|p2a: Clefable\n|-hitcount|p2: Clefable|1\n|-damage|p1a: Kangaskhan|83/100|[from] Recoil\n|\n|upkeep\n|\n|t:|1776054628\n|switch|p2b: Sneasler|Sneasler, L50, M|100/100\n|switch|p2a: Basculegion|Basculegion-F, L50, F, shiny|100/100\n|turn|3\n|\n|t:|1776054645\n|move|p1b: barney|Protect|p1b: barney\n|-singleturn|p1b: barney|Protect\n|move|p2b: Sneasler|Fake Out|p1a: Kangaskhan\n|-damage|p1a: Kangaskhan|70/100\n|cant|p1a: Kangaskhan|flinch\n|move|p2a: Basculegion|Last Respects|p1b: barney\n|-activate|p1b: barney|move: Protect\n|\n|upkeep\n|turn|4\n|\n|t:|1776054657\n|move|p1a: Kangaskhan|Sucker Punch|p2a: Basculegion\n|-supereffective|p2a: Basculegion|1\n|-damage|p2a: Basculegion|34/100\n|-supereffective|p2a: Basculegion|1\n|-damage|p2a: Basculegion|17/100\n|-hitcount|p2a: Basculegion|2\n|move|p1b: barney|Dual Wingbeat|p2b: Sneasler\n|-supereffective|p2b: Sneasler|1\n|-damage|p2b: Sneasler|33/100\n|-supereffective|p2b: Sneasler|1\n|-damage|p2b: Sneasler|0 fnt\n|faint|p2b: Sneasler\n|-hitcount|p2: Sneasler|2\n|move|p2a: Basculegion|Last Respects|p1b: barney\n|-enditem|p1b: barney|Focus Sash\n|-damage|p1b: barney|1/100\n|\n|-sideend|p1: ToranVGC|move: Tailwind\n|upkeep\n|turn|5\n|inactive|tragyc22 has 30 seconds left.\n|c|\u2606ToranVGC|female basc? physical?\n|inactive|tragyc22 has 20 seconds left.\n|c|\u2606ToranVGC|need to change to male bud.\n|inactive|tragyc22 has 15 seconds left.\n|inactive|tragyc22 has 10 seconds left.\n|inactive|tragyc22 has 5 seconds left.\n|\n|t:|1776054713\n|move|p1a: Kangaskhan|Sucker Punch|p2a: Basculegion\n|-supereffective|p2a: Basculegion|1\n|-damage|p2a: Basculegion|0 fnt\n|faint|p2a: Basculegion\n|-hitcount|p2: Basculegion|1\n|\n|win|ToranVGC\n|raw|ToranVGC's rating: 1197 &rarr; <strong>1216</strong><br />(+19 for winning)\n|raw|tragyc22's rating: 1106 &rarr; <strong>1087</strong><br />(-19 for losing)\n",
  "uploadtime": 1776054719,
  "views": 22,
  "formatid": "gen9championsvgc2026regma",
  "rating": 1087,
  "private": 0,
  "password": null
}