{
  "id": "gen9championsvgc2026regma-2584887684",
  "format": "[Gen 9 Champions] VGC 2026 Reg M-A",
  "players": [
    "Bmkc5",
    "joej m"
  ],
  "log": "|j|\u2606Bmkc5\n|j|\u2606joej m\n|t:|1776291696\n|gametype|doubles\n|player|p1|Bmkc5|169|1510\n|player|p2|joej m|265|1427\n|gen|9\n|tier|[Gen 9 Champions] VGC 2026 Reg M-A\n|rated|\n|rule|Species Clause: Limit one of each Pok\u00e9mon\n|rule|Item Clause: Limit 1 of each item\n|clearpoke\n|poke|p1|Scizor, L50, M|\n|poke|p1|Ninetales-Alola, L50, M|\n|poke|p1|Rotom-Wash, L50|\n|poke|p1|Farigiraf, L50, M|\n|poke|p1|Kingambit, L50, F|\n|poke|p1|Sylveon, L50, F|\n|poke|p2|Basculegion, L50, M|\n|poke|p2|Floette-Eternal, L50, F|\n|poke|p2|Rotom-Heat, L50|\n|poke|p2|Liepard, L50, F|\n|poke|p2|Corviknight, L50, F|\n|poke|p2|Sinistcha, L50|\n|teampreview|4\n|\n|t:|1776291730\n|teamsize|p1|4\n|teamsize|p2|4\n|start\n|switch|p1a: Scizor|Scizor, L50, M|100/100\n|switch|p1b: Ninetales|Ninetales-Alola, L50, M|100/100\n|switch|p2a: Rotom|Rotom-Heat, L50|100/100\n|switch|p2b: Floette|Floette-Eternal, L50, F|100/100\n|-weather|Snowscape|[from] ability: Snow Warning|[of] p1b: Ninetales\n|turn|1\n|\n|t:|1776291761\n|switch|p2b: Corviknight|Corviknight, L50, F|100/100\n|detailschange|p1a: Scizor|Scizor-Mega, L50, M\n|-mega|p1a: Scizor|Scizor|Scizorite\n|move|p1a: Scizor|Bullet Punch|p2b: Corviknight\n|-resisted|p2b: Corviknight|1\n|-damage|p2b: Corviknight|85/100\n|move|p1b: Ninetales|Aurora Veil|p1b: Ninetales\n|-sidestart|p1: Bmkc5|move: Aurora Veil\n|move|p2a: Rotom|Electroweb|p1a: Scizor|[spread] p1a,p1b\n|-damage|p1a: Scizor|89/100\n|-damage|p1b: Ninetales|87/100\n|-unboost|p1a: Scizor|spe|1\n|-unboost|p1b: Ninetales|spe|1\n|\n|-weather|Snowscape|[upkeep]\n|-heal|p2b: Corviknight|91/100|[from] item: Leftovers\n|upkeep\n|turn|2\n|\n|t:|1776291779\n|switch|p1a: Farigiraf|Farigiraf, L50, M|100/100\n|move|p2a: Rotom|Will-O-Wisp|p1a: Farigiraf\n|-status|p1a: Farigiraf|brn\n|move|p1b: Ninetales|Blizzard|p2a: Rotom|[spread] p2a,p2b\n|-resisted|p2a: Rotom|1\n|-damage|p2a: Rotom|85/100\n|-damage|p2b: Corviknight|63/100\n|move|p2b: Corviknight|Iron Head|p1b: Ninetales\n|-supereffective|p1b: Ninetales|2\n|-damage|p1b: Ninetales|2/100\n|\n|-weather|Snowscape|[upkeep]\n|-heal|p2b: Corviknight|69/100|[from] item: Leftovers\n|-damage|p1a: Farigiraf|94/100 brn|[from] brn\n|upkeep\n|turn|3\n|\n|t:|1776291823\n|move|p2b: Corviknight|Protect|p2b: Corviknight\n|-singleturn|p2b: Corviknight|Protect\n|move|p2a: Rotom|Electroweb|p1b: Ninetales|[spread] p1a,p1b\n|-damage|p1a: Farigiraf|82/100 brn\n|-damage|p1b: Ninetales|0 fnt\n|-unboost|p1a: Farigiraf|spe|1\n|faint|p1b: Ninetales\n|move|p1a: Farigiraf|Trick Room|p1a: Farigiraf\n|-fieldstart|move: Trick Room|[of] p1a: Farigiraf\n|\n|-weather|Snowscape|[upkeep]\n|-heal|p2b: Corviknight|75/100|[from] item: Leftovers\n|-damage|p1a: Farigiraf|75/100 brn|[from] brn\n|upkeep\n|\n|t:|1776291839\n|switch|p1b: Kingambit|Kingambit, L50, F|100/100\n|turn|4\n|\n|t:|1776291862\n|move|p1a: Farigiraf|Helping Hand|p1b: Kingambit\n|-singleturn|p1b: Kingambit|Helping Hand|[of] p1a: Farigiraf\n|move|p2a: Rotom|Protect|p2a: Rotom\n|-singleturn|p2a: Rotom|Protect\n|move|p1b: Kingambit|Kowtow Cleave|p2a: Rotom\n|-activate|p2a: Rotom|move: Protect\n|move|p2b: Corviknight|Body Press|p1b: Kingambit\n|-supereffective|p1b: Kingambit|2\n|-enditem|p1b: Kingambit|Chople Berry|[eat]\n|-enditem|p1b: Kingambit|Chople Berry|[weaken]\n|-damage|p1b: Kingambit|81/100\n|\n|-weather|Snowscape|[upkeep]\n|-heal|p2b: Corviknight|80/100|[from] item: Leftovers\n|-damage|p1a: Farigiraf|69/100 brn|[from] brn\n|upkeep\n|turn|5\n|\n|t:|1776291885\n|switch|p2b: Sinistcha|Sinistcha, L50|100/100\n|-heal|p2a: Rotom|100/100|[from] ability: Hospitality|[of] p2b: Sinistcha\n|move|p1a: Farigiraf|Dazzling Gleam|p2b: Sinistcha|[spread] p2a,p2b\n|-resisted|p2a: Rotom|1\n|-damage|p2a: Rotom|92/100\n|-damage|p2b: Sinistcha|84/100\n|move|p1b: Kingambit|Iron Head|p2a: Rotom\n|-resisted|p2a: Rotom|2\n|-damage|p2a: Rotom|79/100\n|move|p2a: Rotom|Will-O-Wisp|p1b: Kingambit|[miss]\n|-miss|p2a: Rotom|p1b: Kingambit\n|\n|-weather|none\n|-damage|p1a: Farigiraf|63/100 brn|[from] brn\n|-sideend|p1: Bmkc5|move: Aurora Veil\n|upkeep\n|turn|6\n|-message|Bmkc5 forfeited.\n|\n|win|joej m\n|raw|Bmkc5's rating: 1510 &rarr; <strong>1485</strong><br />(-25 for losing)\n|raw|joej m's rating: 1427 &rarr; <strong>1452</strong><br />(+25 for winning)\n|l|\u2606Bmkc5\n|player|p1|\n",
  "uploadtime": 1776291896,
  "views": 55,
  "formatid": "gen9championsvgc2026regma",
  "rating": 1452,
  "private": 0,
  "password": null
}