{
  "id": "gen9championsvgc2026regma-2585215469",
  "format": "[Gen 9 Champions] VGC 2026 Reg M-A",
  "players": [
    "zeimei",
    "nsbnsb"
  ],
  "log": "|j|\u2606zeimei\n|j|\u2606nsbnsb\n|t:|1776325974\n|gametype|doubles\n|player|p1|zeimei|2|1464\n|player|p2|nsbnsb|ghetsis|1555\n|gen|9\n|tier|[Gen 9 Champions] VGC 2026 Reg M-A\n|rated|\n|rule|Species Clause: Limit one of each Pok\u00e9mon\n|rule|Item Clause: Limit 1 of each item\n|clearpoke\n|poke|p1|Sinistcha, L50|\n|poke|p1|Incineroar, L50, F|\n|poke|p1|Aggron, L50, M|\n|poke|p1|Dragapult, L50, M|\n|poke|p1|Rotom-Wash, L50|\n|poke|p1|Floette-Eternal, L50, F|\n|poke|p2|Crabominable, L50, M|\n|poke|p2|Farigiraf, L50, M|\n|poke|p2|Kingambit, L50, M|\n|poke|p2|Sinistcha, L50|\n|poke|p2|Camerupt, L50, M|\n|poke|p2|Sneasler, L50, M|\n|teampreview|4\n|inactive|Battle timer is ON: inactive players will automatically lose when time's up. (requested by nsbnsb)\n|inactive|zeimei has 60 seconds left.\n|inactive|nsbnsb has 60 seconds left.\n|\n|t:|1776326008\n|teamsize|p1|4\n|teamsize|p2|4\n|start\n|switch|p1a: Dragapult|Dragapult, L50, M|100/100\n|switch|p1b: Aggron|Aggron, L50, M|100/100\n|switch|p2a: Sinistcha|Sinistcha, L50|100/100\n|switch|p2b: Sneasler|Sneasler, L50, M|100/100\n|turn|1\n|j| NoSidE417\n|inactive|nsbnsb has 30 seconds left.\n|j| maliciousdeez\n|inactive|zeimei has 30 seconds left.\n|inactive|nsbnsb has 20 seconds left.\n|inactive|nsbnsb has 15 seconds left.\n|\n|t:|1776326050\n|detailschange|p1b: Aggron|Aggron-Mega, L50, M\n|-mega|p1b: Aggron|Aggron|Aggronite\n|move|p1a: Dragapult|Psychic Fangs|p2b: Sneasler\n|-supereffective|p2b: Sneasler|2\n|-damage|p2b: Sneasler|0 fnt\n|faint|p2b: Sneasler\n|move|p1b: Aggron|Heavy Slam|p2a: Sinistcha\n|-damage|p2a: Sinistcha|50/100\n|move|p2a: Sinistcha|Trick Room|p2a: Sinistcha\n|-fieldstart|move: Trick Room|[of] p2a: Sinistcha\n|\n|upkeep\n|\n|t:|1776326056\n|switch|p2b: Camerupt|Camerupt, L50, M|100/100\n|turn|2\n|\n|t:|1776326069\n|detailschange|p2b: Camerupt|Camerupt-Mega, L50, M\n|-mega|p2b: Camerupt|Camerupt|Cameruptite\n|move|p1b: Aggron|Protect|p1b: Aggron\n|-singleturn|p1b: Aggron|Protect\n|move|p2b: Camerupt|Eruption|p1b: Aggron|[spread] p1a\n|-activate|p1b: Aggron|move: Protect\n|-resisted|p1a: Dragapult|1\n|-damage|p1a: Dragapult|55/100\n|move|p2a: Sinistcha|Matcha Gotcha|p1a: Dragapult|[spread] p1a\n|-activate|p1b: Aggron|move: Protect\n|-resisted|p1a: Dragapult|1\n|-damage|p1a: Dragapult|35/100\n|-heal|p2a: Sinistcha|59/100|[from] drain|[of] p1a: Dragapult\n|move|p1a: Dragapult|Light Screen|p1a: Dragapult\n|-sidestart|p1: zeimei|move: Light Screen\n|\n|upkeep\n|turn|3\n|\n|t:|1776326090\n|switch|p1b: Incineroar|Incineroar, L50, F|100/100\n|-ability|p1b: Incineroar|Intimidate|boost\n|-unboost|p2a: Sinistcha|atk|1\n|-unboost|p2b: Camerupt|atk|1\n|move|p2b: Camerupt|Eruption|p1b: Incineroar|[spread] p1a,p1b\n|-resisted|p1a: Dragapult|1\n|-resisted|p1b: Incineroar|1\n|-damage|p1a: Dragapult|4/100\n|-damage|p1b: Incineroar|79/100\n|move|p2a: Sinistcha|Matcha Gotcha|p1a: Dragapult|[spread] p1a,p1b\n|-resisted|p1a: Dragapult|1\n|-resisted|p1b: Incineroar|1\n|-damage|p1a: Dragapult|0 fnt\n|-heal|p2a: Sinistcha|61/100|[from] drain|[of] p1a: Dragapult\n|-damage|p1b: Incineroar|71/100\n|-heal|p2a: Sinistcha|66/100|[from] drain|[of] p1b: Incineroar\n|faint|p1a: Dragapult\n|\n|upkeep\n|\n|t:|1776326112\n|switch|p1a: Aggron|Aggron-Mega, L50, M|100/100\n|turn|4\n|\n|t:|1776326129\n|move|p2b: Camerupt|Protect|p2b: Camerupt\n|-singleturn|p2b: Camerupt|Protect\n|move|p1a: Aggron|Iron Defense|p1a: Aggron\n|-boost|p1a: Aggron|def|2\n|move|p1b: Incineroar|Throat Chop|p2a: Sinistcha\n|-supereffective|p2a: Sinistcha|1\n|-damage|p2a: Sinistcha|15/100\n|-start|p2a: Sinistcha|Throat Chop|[silent]\n|move|p2a: Sinistcha|Shadow Ball|p1a: Aggron\n|-damage|p1a: Aggron|72/100\n|\n|upkeep\n|turn|5\n|\n|t:|1776326152\n|move|p1a: Aggron|Protect|p1a: Aggron\n|-singleturn|p1a: Aggron|Protect\n|move|p2b: Camerupt|Earth Power|p1b: Incineroar\n|-supereffective|p1b: Incineroar|1\n|-damage|p1b: Incineroar|0 fnt\n|faint|p1b: Incineroar\n|move|p2a: Sinistcha|Shadow Ball|p1a: Aggron\n|-activate|p1a: Aggron|move: Protect\n|\n|-end|p2a: Sinistcha|Throat Chop|[silent]\n|-fieldend|move: Trick Room\n|upkeep\n|\n|t:|1776326164\n|switch|p1b: Rotom|Rotom-Wash, L50|100/100\n|turn|6\n|\n|t:|1776326170\n|move|p2a: Sinistcha|Rage Powder|p2a: Sinistcha\n|-singleturn|p2a: Sinistcha|move: Rage Powder\n|move|p1b: Rotom|Thunderbolt|p2a: Sinistcha\n|-resisted|p2a: Sinistcha|1\n|-damage|p2a: Sinistcha|0 fnt\n|faint|p2a: Sinistcha\n|move|p1a: Aggron|Body Press|p2b: Camerupt\n|-damage|p2b: Camerupt|8/100\n|move|p2b: Camerupt|Earth Power|p1a: Aggron\n|-supereffective|p1a: Aggron|1\n|-damage|p1a: Aggron|0 fnt\n|faint|p1a: Aggron\n|\n|-sideend|p1: zeimei|move: Light Screen\n|upkeep\n|\n|t:|1776326177\n|switch|p2a: Kingambit|Kingambit, L50, M, shiny|100/100\n|turn|7\n|\n|t:|1776326188\n|move|p1b: Rotom|Will-O-Wisp|p2a: Kingambit\n|-status|p2a: Kingambit|brn\n|move|p2a: Kingambit|Kowtow Cleave|p1b: Rotom\n|-damage|p1b: Rotom|71/100\n|move|p2b: Camerupt|Heat Wave|p1b: Rotom\n|-resisted|p1b: Rotom|1\n|-damage|p1b: Rotom|34/100\n|\n|-heal|p1b: Rotom|40/100|[from] item: Leftovers\n|-damage|p2a: Kingambit|95/100 brn|[from] brn\n|upkeep\n|turn|8\n|\n|t:|1776326202\n|move|p1b: Rotom|Hydro Pump|p2b: Camerupt\n|-supereffective|p2b: Camerupt|2\n|-damage|p2b: Camerupt|0 fnt\n|faint|p2b: Camerupt\n|move|p2a: Kingambit|Kowtow Cleave|p1b: Rotom\n|-damage|p1b: Rotom|8/100\n|\n|-heal|p1b: Rotom|14/100|[from] item: Leftovers\n|-damage|p2a: Kingambit|89/100 brn|[from] brn\n|upkeep\n|turn|9\n|\n|t:|1776326213\n|move|p1b: Rotom|Protect|p1b: Rotom\n|-singleturn|p1b: Rotom|Protect\n|move|p2a: Kingambit|Kowtow Cleave|p1b: Rotom\n|-activate|p1b: Rotom|move: Protect\n|\n|-heal|p1b: Rotom|20/100|[from] item: Leftovers\n|-damage|p2a: Kingambit|83/100 brn|[from] brn\n|upkeep\n|turn|10\n|\n|t:|1776326223\n|move|p1b: Rotom|Thunderbolt|p2a: Kingambit\n|-damage|p2a: Kingambit|46/100 brn\n|move|p2a: Kingambit|Kowtow Cleave|p1b: Rotom\n|-damage|p1b: Rotom|0 fnt\n|faint|p1b: Rotom\n|\n|win|nsbnsb\n|raw|zeimei's rating: 1464 &rarr; <strong>1450</strong><br />(-14 for losing)\n|raw|nsbnsb's rating: 1575 &rarr; <strong>1589</strong><br />(+14 for winning)\n|l|\u2606nsbnsb\n|player|p2|\n",
  "uploadtime": 1776326236,
  "views": 52,
  "formatid": "gen9championsvgc2026regma",
  "rating": 1450,
  "private": 0,
  "password": null
}