{
  "id": "gen9championsvgc2026regma-2587677744",
  "format": "[Gen 9 Champions] VGC 2026 Reg M-A",
  "players": [
    "UnovAgenda",
    "Stillhung"
  ],
  "log": "|j|\u2606UnovAgenda\n|j|\u2606Stillhung\n|t:|1776552991\n|gametype|doubles\n|player|p1|UnovAgenda|n|1221\n|player|p2|Stillhung|265|1214\n|gen|9\n|tier|[Gen 9 Champions] VGC 2026 Reg M-A\n|rated|\n|rule|Species Clause: Limit one of each Pok\u00e9mon\n|rule|Item Clause: Limit 1 of each item\n|clearpoke\n|poke|p1|Kingambit, L50, M, shiny|\n|poke|p1|Simisear, L50, F|\n|poke|p1|Emboar, L50, M, shiny|\n|poke|p1|Audino, L50, F|\n|poke|p1|Basculegion, L50, M|\n|poke|p1|Cofagrigus, L50, M|\n|poke|p2|Kangaskhan, L50, F|\n|poke|p2|Sneasler, L50, M, shiny|\n|poke|p2|Whimsicott, L50, F|\n|poke|p2|Ninetales, L50, F, shiny|\n|poke|p2|Garchomp, L50, F|\n|poke|p2|Arcanine-Hisui, L50, M|\n|teampreview|4\n|\n|t:|1776553018\n|teamsize|p1|4\n|teamsize|p2|4\n|start\n|switch|p1a: Audino|Audino, L50, F|100/100\n|switch|p1b: Cofagrigus|Cofagrigus, L50, M|100/100\n|switch|p2a: Ninetales|Ninetales, L50, F, shiny|100/100\n|switch|p2b: Arcanine|Arcanine-Hisui, L50, M|100/100\n|-ability|p2b: Arcanine|Intimidate|boost\n|-unboost|p1a: Audino|atk|1\n|-unboost|p1b: Cofagrigus|atk|1\n|-weather|SunnyDay|[from] ability: Drought|[of] p2a: Ninetales\n|turn|1\n|inactive|Battle timer is ON: inactive players will automatically lose when time's up. (requested by Stillhung)\n|\n|t:|1776553035\n|detailschange|p1a: Audino|Audino-Mega, L50, F\n|-mega|p1a: Audino|Audino|Audinite\n|move|p2b: Arcanine|Rock Slide|p1a: Audino|[spread] p1a,p1b\n|-damage|p1a: Audino|84/100\n|-damage|p1b: Cofagrigus|79/100\n|move|p2a: Ninetales|Heat Wave|p1b: Cofagrigus|[spread] p1a,p1b\n|-damage|p1a: Audino|52/100\n|-damage|p1b: Cofagrigus|37/100\n|move|p1b: Cofagrigus|Nasty Plot|p1b: Cofagrigus\n|-boost|p1b: Cofagrigus|spa|2\n|move|p1a: Audino|Trick Room|p1a: Audino\n|-fieldstart|move: Trick Room|[of] p1a: Audino\n|\n|-weather|SunnyDay|[upkeep]\n|-heal|p1b: Cofagrigus|43/100|[from] item: Leftovers\n|upkeep\n|turn|2\n|\n|t:|1776553048\n|move|p1b: Cofagrigus|Giga Drain|p2b: Arcanine\n|-crit|p2b: Arcanine\n|-damage|p2b: Arcanine|38/100\n|-heal|p1b: Cofagrigus|77/100|[from] drain|[of] p2b: Arcanine\n|move|p1a: Audino|Life Dew|p1a: Audino|[spread] p1a,p1b\n|-heal|p1a: Audino|78/100\n|-heal|p1b: Cofagrigus|100/100\n|move|p2a: Ninetales|Heat Wave|p1b: Cofagrigus|[spread] p1b\n|-miss|p2a: Ninetales|p1a: Audino\n|-damage|p1b: Cofagrigus|56/100\n|move|p2b: Arcanine|Rock Slide|p1b: Cofagrigus|[spread] p1a\n|-miss|p2b: Arcanine|p1b: Cofagrigus\n|-damage|p1a: Audino|61/100\n|\n|-weather|SunnyDay|[upkeep]\n|-heal|p1b: Cofagrigus|62/100|[from] item: Leftovers\n|upkeep\n|turn|3\n|\n|t:|1776553070\n|move|p1b: Cofagrigus|Shadow Ball|p2a: Ninetales\n|-damage|p2a: Ninetales|34/100\n|-unboost|p2a: Ninetales|spd|1\n|move|p1a: Audino|Life Dew|p1a: Audino|[spread] p1a,p1b\n|-heal|p1a: Audino|87/100\n|-heal|p1b: Cofagrigus|86/100\n|move|p2a: Ninetales|Heat Wave|p1b: Cofagrigus|[spread] p1a,p1b\n|-crit|p1b: Cofagrigus\n|-damage|p1a: Audino|58/100\n|-damage|p1b: Cofagrigus|23/100\n|-status|p1b: Cofagrigus|brn\n|move|p2b: Arcanine|Rock Slide|p1a: Audino|[spread] p1a,p1b\n|-damage|p1a: Audino|41/100\n|-damage|p1b: Cofagrigus|1/100 brn\n|\n|-weather|SunnyDay|[upkeep]\n|-heal|p1b: Cofagrigus|7/100 brn|[from] item: Leftovers\n|-activate|p1a: Audino|ability: Healer\n|-curestatus|p1b: Cofagrigus|brn|[msg]\n|upkeep\n|turn|4\n|\n|t:|1776553091\n|move|p2a: Ninetales|Protect|p2a: Ninetales\n|-singleturn|p2a: Ninetales|Protect\n|move|p1b: Cofagrigus|Giga Drain|p2b: Arcanine\n|-damage|p2b: Arcanine|0 fnt\n|-heal|p1b: Cofagrigus|27/100|[from] drain|[of] p2b: Arcanine\n|faint|p2b: Arcanine\n|move|p1a: Audino|Heal Pulse|p1b: Cofagrigus\n|-heal|p1b: Cofagrigus|78/100\n|\n|-weather|SunnyDay|[upkeep]\n|-heal|p1b: Cofagrigus|83/100|[from] item: Leftovers\n|upkeep\n|\n|t:|1776553100\n|switch|p2b: Kangaskhan|Kangaskhan, L50, F|100/100\n|turn|5\n|\n|t:|1776553109\n|detailschange|p2b: Kangaskhan|Kangaskhan-Mega, L50, F\n|-mega|p2b: Kangaskhan|Kangaskhan|Kangaskhanite\n|move|p2b: Kangaskhan|Sucker Punch|p1b: Cofagrigus\n|-supereffective|p1b: Cofagrigus|1\n|-damage|p1b: Cofagrigus|46/100\n|-activate|p1b: Cofagrigus|ability: Mummy|p2b: Kangaskhan|[ability] Parental Bond\n|-supereffective|p1b: Cofagrigus|1\n|-damage|p1b: Cofagrigus|36/100\n|-hitcount|p1b: Cofagrigus|2\n|move|p1b: Cofagrigus|Shadow Ball|p2a: Ninetales\n|-damage|p2a: Ninetales|0 fnt\n|faint|p2a: Ninetales\n|move|p1a: Audino|Life Dew|p1a: Audino|[spread] p1a,p1b\n|-heal|p1a: Audino|66/100\n|-heal|p1b: Cofagrigus|61/100\n|\n|-weather|none\n|-heal|p1b: Cofagrigus|67/100|[from] item: Leftovers\n|-fieldend|move: Trick Room\n|upkeep\n|\n|t:|1776553120\n|switch|p2a: Garchomp|Garchomp, L50, F|100/100\n|turn|6\n|\n|t:|1776553131\n|move|p2a: Garchomp|Earthquake|p1b: Cofagrigus|[spread] p2b,p1a,p1b\n|-damage|p2b: Kangaskhan|64/100\n|-damage|p1a: Audino|42/100\n|-damage|p1b: Cofagrigus|29/100\n|move|p2b: Kangaskhan|Double-Edge|p1a: Audino\n|-damage|p1a: Audino|8/100\n|-damage|p2b: Kangaskhan|52/100|[from] Recoil\n|move|p1a: Audino|Life Dew|p1a: Audino|[spread] p1a,p1b\n|-heal|p1a: Audino|33/100\n|-heal|p1b: Cofagrigus|53/100\n|move|p1b: Cofagrigus|Giga Drain|p2a: Garchomp\n|-damage|p2a: Garchomp|61/100\n|-heal|p1b: Cofagrigus|77/100|[from] drain|[of] p2a: Garchomp\n|\n|-heal|p1b: Cofagrigus|83/100|[from] item: Leftovers\n|upkeep\n|turn|7\n|\n|t:|1776553150\n|move|p2b: Kangaskhan|Sucker Punch|p1b: Cofagrigus\n|-supereffective|p1b: Cofagrigus|1\n|-damage|p1b: Cofagrigus|44/100\n|move|p2a: Garchomp|Rock Slide|p1a: Audino|[spread] p1a,p1b\n|-damage|p1a: Audino|19/100\n|-damage|p1b: Cofagrigus|27/100\n|move|p1a: Audino|Dazzling Gleam|p2a: Garchomp|[spread] p2a,p2b\n|-supereffective|p2a: Garchomp|1\n|-crit|p2a: Garchomp\n|-crit|p2b: Kangaskhan\n|-damage|p2a: Garchomp|4/100\n|-damage|p2b: Kangaskhan|31/100\n|move|p1b: Cofagrigus|Shadow Ball|p2a: Garchomp\n|-damage|p2a: Garchomp|0 fnt\n|faint|p2a: Garchomp\n|\n|-heal|p1b: Cofagrigus|33/100|[from] item: Leftovers\n|upkeep\n|turn|8\n|\n|t:|1776553165\n|move|p2b: Kangaskhan|Sucker Punch||[still]\n|-fail|p2b: Kangaskhan\n|move|p1a: Audino|Heal Pulse|p1b: Cofagrigus\n|-heal|p1b: Cofagrigus|83/100\n|move|p1b: Cofagrigus|Nasty Plot|p1b: Cofagrigus\n|-boost|p1b: Cofagrigus|spa|2\n|\n|-heal|p1b: Cofagrigus|89/100|[from] item: Leftovers\n|upkeep\n|turn|9\n|\n|t:|1776553174\n|move|p2b: Kangaskhan|Double-Edge|p1a: Audino\n|-damage|p1a: Audino|0 fnt\n|faint|p1a: Audino\n|-damage|p2b: Kangaskhan|25/100|[from] Recoil\n|move|p1b: Cofagrigus|Body Press|p2b: Kangaskhan\n|-supereffective|p2b: Kangaskhan|1\n|-damage|p2b: Kangaskhan|0 fnt\n|faint|p2b: Kangaskhan\n|\n|win|UnovAgenda\n|raw|UnovAgenda's rating: 1221 &rarr; <strong>1245</strong><br />(+24 for winning)\n|raw|Stillhung's rating: 1214 &rarr; <strong>1190</strong><br />(-24 for losing)\n|l|\u2606UnovAgenda\n|player|p1|\n|c|\u2606Stillhung|What is this set\n",
  "uploadtime": 1776553194,
  "views": 22,
  "formatid": "gen9championsvgc2026regma",
  "rating": 1190,
  "private": 0,
  "password": null
}