{
  "id": "gen9championsvgc2026regma-2587418443",
  "format": "[Gen 9 Champions] VGC 2026 Reg M-A",
  "players": [
    "Merinotrallamon",
    "ShaggyMetagross"
  ],
  "log": "|j|\u2606Merinotrallamon\n|j|\u2606ShaggyMetagross\n|t:|1776530163\n|gametype|doubles\n|player|p1|Merinotrallamon|2|1166\n|player|p2|ShaggyMetagross|102|1166\n|gen|9\n|tier|[Gen 9 Champions] VGC 2026 Reg M-A\n|rated|\n|rule|Species Clause: Limit one of each Pok\u00e9mon\n|rule|Item Clause: Limit 1 of each item\n|clearpoke\n|poke|p1|Meganium, L50, M|\n|poke|p1|Tyranitar, L50, M|\n|poke|p1|Garchomp, L50, M|\n|poke|p1|Aegislash, L50, M|\n|poke|p1|Milotic, L50, F|\n|poke|p1|Aerodactyl, L50, M|\n|poke|p2|Meganium, L50, M|\n|poke|p2|Milotic, L50, M|\n|poke|p2|Aerodactyl, L50, M|\n|poke|p2|Kangaskhan, L50, F|\n|poke|p2|Typhlosion-Hisui, L50, M|\n|poke|p2|Weavile, L50, F, shiny|\n|teampreview|4\n|inactive|Battle timer is ON: inactive players will automatically lose when time's up. (requested by Merinotrallamon)\n|\n|t:|1776530220\n|teamsize|p1|4\n|teamsize|p2|4\n|start\n|switch|p1a: Milotic|Milotic, L50, F|100/100\n|switch|p1b: Aerodactyl|Aerodactyl, L50, M|100/100\n|switch|p2a: Aerodactyl|Aerodactyl, L50, M|100/100\n|switch|p2b: Milotic|Milotic, L50, M|100/100\n|-ability|p1b: Aerodactyl|Unnerve\n|-ability|p2a: Aerodactyl|Pressure\n|turn|1\n|\n|t:|1776530239\n|move|p2a: Aerodactyl|Tailwind|p2a: Aerodactyl\n|-sidestart|p2: ShaggyMetagross|move: Tailwind\n|move|p2b: Milotic|Coil|p2b: Milotic\n|-boost|p2b: Milotic|atk|1\n|-boost|p2b: Milotic|def|1\n|-boost|p2b: Milotic|accuracy|1\n|move|p1b: Aerodactyl|Tailwind|p1b: Aerodactyl\n|-sidestart|p1: Merinotrallamon|move: Tailwind\n|move|p1a: Milotic|Scald|p2a: Aerodactyl\n|-supereffective|p2a: Aerodactyl|1\n|-damage|p2a: Aerodactyl|1/100\n|\n|upkeep\n|turn|2\n|\n|t:|1776530263\n|move|p1b: Aerodactyl|Protect|p1b: Aerodactyl\n|-singleturn|p1b: Aerodactyl|Protect\n|move|p2a: Aerodactyl|Rock Slide|p1b: Aerodactyl|[spread] p1a\n|-activate|p1b: Aerodactyl|move: Protect\n|-damage|p1a: Milotic|77/100\n|move|p1a: Milotic|Icy Wind|p2b: Milotic|[spread] p2a,p2b\n|-supereffective|p2a: Aerodactyl|1\n|-resisted|p2b: Milotic|1\n|-damage|p2a: Aerodactyl|0 fnt\n|-damage|p2b: Milotic|96/100\n|-unboost|p2b: Milotic|spe|1\n|-ability|p2b: Milotic|Competitive|boost\n|-boost|p2b: Milotic|spa|2\n|faint|p2a: Aerodactyl\n|move|p2b: Milotic|Blizzard|p1b: Aerodactyl|[spread] p1a\n|-activate|p1b: Aerodactyl|move: Protect\n|-resisted|p1a: Milotic|1\n|-damage|p1a: Milotic|60/100\n|\n|-heal|p1a: Milotic|66/100|[from] item: Leftovers\n|upkeep\n|inactive|ShaggyMetagross has 30 seconds left.\n|\n|t:|1776530291\n|switch|p2a: Weavile|Weavile, L50, F, shiny|100/100\n|-ability|p2a: Weavile|Pressure\n|turn|3\n|\n|t:|1776530314\n|move|p2a: Weavile|Fake Out|p1b: Aerodactyl\n|-resisted|p1b: Aerodactyl|1\n|-damage|p1b: Aerodactyl|91/100\n|cant|p1b: Aerodactyl|flinch\n|move|p1a: Milotic|Scald|p2b: Milotic\n|-resisted|p2b: Milotic|1\n|-damage|p2b: Milotic|84/100\n|move|p2b: Milotic|Coil|p2b: Milotic\n|-boost|p2b: Milotic|atk|1\n|-boost|p2b: Milotic|def|1\n|-boost|p2b: Milotic|accuracy|1\n|\n|-heal|p1a: Milotic|72/100|[from] item: Leftovers\n|upkeep\n|turn|4\n|\n|t:|1776530339\n|move|p2a: Weavile|Protect|p2a: Weavile\n|-singleturn|p2a: Weavile|Protect\n|move|p1b: Aerodactyl|Rock Slide|p2a: Weavile|[spread] p2b\n|-activate|p2a: Weavile|move: Protect\n|-damage|p2b: Milotic|73/100\n|move|p1a: Milotic|Scald|p2b: Milotic\n|-resisted|p2b: Milotic|1\n|-damage|p2b: Milotic|62/100\n|-status|p2b: Milotic|brn\n|cant|p2b: Milotic|flinch\n|\n|-heal|p1a: Milotic|78/100|[from] item: Leftovers\n|-damage|p2b: Milotic|55/100 brn|[from] brn\n|-sideend|p2: ShaggyMetagross|move: Tailwind\n|-sideend|p1: Merinotrallamon|move: Tailwind\n|upkeep\n|turn|5\n|inactive|Merinotrallamon has 30 seconds left.\n|\n|t:|1776530367\n|move|p1a: Milotic|Protect|p1a: Milotic\n|-singleturn|p1a: Milotic|Protect\n|move|p1b: Aerodactyl|Tailwind|p1b: Aerodactyl\n|-sidestart|p1: Merinotrallamon|move: Tailwind\n|move|p2a: Weavile|Ice Spinner|p1b: Aerodactyl\n|-supereffective|p1b: Aerodactyl|1\n|-damage|p1b: Aerodactyl|0 fnt\n|faint|p1b: Aerodactyl\n|move|p2b: Milotic|Blizzard|p1a: Milotic\n|-activate|p1a: Milotic|move: Protect\n|\n|-heal|p1a: Milotic|84/100|[from] item: Leftovers\n|-damage|p2b: Milotic|49/100 brn|[from] brn\n|upkeep\n|\n|t:|1776530388\n|switch|p1b: Tyranitar|Tyranitar, L50, M|100/100\n|-weather|Sandstorm|[from] ability: Sand Stream|[of] p1b: Tyranitar\n|turn|6\n|inactive|Merinotrallamon has 30 seconds left.\n|\n|t:|1776530415\n|detailschange|p1b: Tyranitar|Tyranitar-Mega, L50, M\n|-mega|p1b: Tyranitar|Tyranitar|Tyranitarite\n|move|p1b: Tyranitar|Knock Off|p2b: Milotic\n|-damage|p2b: Milotic|22/100 brn\n|-enditem|p2b: Milotic|Rindo Berry|[from] move: Knock Off|[of] p1b: Tyranitar\n|move|p1a: Milotic|Scald|p2b: Milotic\n|-resisted|p2b: Milotic|1\n|-crit|p2b: Milotic\n|-damage|p2b: Milotic|2/100 brn\n|move|p2a: Weavile|Low Kick|p1b: Tyranitar\n|-supereffective|p1b: Tyranitar|2\n|-damage|p1b: Tyranitar|0 fnt\n|faint|p1b: Tyranitar\n|move|p2b: Milotic|Scald|p1a: Milotic\n|-resisted|p1a: Milotic|1\n|-damage|p1a: Milotic|56/100\n|-status|p1a: Milotic|brn\n|\n|-weather|Sandstorm|[upkeep]\n|-damage|p1a: Milotic|50/100 brn|[from] Sandstorm\n|-damage|p2a: Weavile|94/100|[from] Sandstorm\n|-damage|p2b: Milotic|0 fnt|[from] Sandstorm\n|faint|p2b: Milotic\n|-heal|p1a: Milotic|56/100 brn|[from] item: Leftovers\n|-damage|p1a: Milotic|50/100 brn|[from] brn\n|upkeep\n|\n|t:|1776530439\n|switch|p1b: Garchomp|Garchomp, L50, M|100/100\n|switch|p2b: Meganium|Meganium, L50, M|100/100\n|turn|7\n|inactive|Merinotrallamon has 30 seconds left.\n|\n|t:|1776530468\n|detailschange|p2b: Meganium|Meganium-Mega, L50, M\n|-mega|p2b: Meganium|Meganium|Meganiumite\n|move|p1b: Garchomp|Earthquake|p2a: Weavile|[spread] p1a,p2a,p2b\n|-resisted|p2b: Meganium|1\n|-damage|p1a: Milotic|12/100 brn\n|-damage|p2a: Weavile|23/100\n|-damage|p2b: Meganium|83/100\n|move|p1a: Milotic|Ice Beam|p2b: Meganium\n|-supereffective|p2b: Meganium|1\n|-damage|p2b: Meganium|43/100\n|move|p2a: Weavile|Ice Spinner|p1b: Garchomp\n|-supereffective|p1b: Garchomp|2\n|-damage|p1b: Garchomp|0 fnt\n|-damage|p2a: Weavile|11/100|[from] ability: Rough Skin|[of] p1b: Garchomp\n|faint|p1b: Garchomp\n|move|p2b: Meganium|Dazzling Gleam|p1a: Milotic\n|-damage|p1a: Milotic|0 fnt\n|faint|p1a: Milotic\n|\n|win|ShaggyMetagross\n|raw|Merinotrallamon's rating: 1166 &rarr; <strong>1141</strong><br />(-25 for losing)\n|raw|ShaggyMetagross's rating: 1166 &rarr; <strong>1191</strong><br />(+25 for winning)\n|l|\u2606Merinotrallamon\n|player|p1|\n",
  "uploadtime": 1776530490,
  "views": 28,
  "formatid": "gen9championsvgc2026regma",
  "rating": 1141,
  "private": 0,
  "password": null
}