{
  "id": "gen9championsvgc2026regma-2585114462",
  "format": "[Gen 9 Champions] VGC 2026 Reg M-A",
  "players": [
    "Anditto612",
    "SloppySunday"
  ],
  "log": "|j|\u2606Anditto612\n|j|\u2606SloppySunday\n|t:|1776313408\n|gametype|doubles\n|player|p1|Anditto612|169|1000\n|player|p2|SloppySunday|byron|1025\n|gen|9\n|tier|[Gen 9 Champions] VGC 2026 Reg M-A\n|rated|\n|rule|Species Clause: Limit one of each Pok\u00e9mon\n|rule|Item Clause: Limit 1 of each item\n|clearpoke\n|poke|p1|Typhlosion-Hisui, L50, M|\n|poke|p1|Whimsicott, L50, F|\n|poke|p1|Garchomp, L50, M|\n|poke|p1|Farigiraf, L50, M|\n|poke|p1|Primarina, L50, F|\n|poke|p1|Tauros-Paldea-Aqua, L50, M|\n|poke|p2|Aggron, L50, M|\n|poke|p2|Primarina, L50, F|\n|poke|p2|Sinistcha, L50|\n|poke|p2|Slowking-Galar, L50, F|\n|poke|p2|Mamoswine, L50, M|\n|poke|p2|Rotom-Heat, L50|\n|teampreview|4\n|\n|t:|1776313437\n|teamsize|p1|4\n|teamsize|p2|4\n|start\n|switch|p1a: Garchomp|Garchomp, L50, M|100/100\n|switch|p1b: Tauros|Tauros-Paldea-Aqua, L50, M|100/100\n|switch|p2a: Mamoswine|Mamoswine, L50, M|100/100\n|switch|p2b: Sinistcha|Sinistcha, L50|100/100\n|-ability|p1b: Tauros|Intimidate|boost\n|-fail|p2a: Mamoswine|unboost|Attack|[from] ability: Oblivious|[of] p2a: Mamoswine\n|-unboost|p2b: Sinistcha|atk|1\n|turn|1\n|\n|t:|1776313481\n|move|p1a: Garchomp|Protect|p1a: Garchomp\n|-singleturn|p1a: Garchomp|Protect\n|move|p2b: Sinistcha|Rage Powder|p2b: Sinistcha\n|-singleturn|p2b: Sinistcha|move: Rage Powder\n|move|p2a: Mamoswine|Icicle Crash|p1a: Garchomp\n|-activate|p1a: Garchomp|move: Protect\n|move|p1b: Tauros|Wave Crash|p2b: Sinistcha\n|-resisted|p2b: Sinistcha|1\n|-damage|p2b: Sinistcha|74/100\n|-damage|p1b: Tauros|92/100|[from] Recoil\n|\n|upkeep\n|turn|2\n|\n|t:|1776313519\n|move|p2b: Sinistcha|Rage Powder|p2b: Sinistcha\n|-singleturn|p2b: Sinistcha|move: Rage Powder\n|move|p2a: Mamoswine|Icicle Crash|p1a: Garchomp\n|-supereffective|p1a: Garchomp|2\n|-damage|p1a: Garchomp|0 fnt\n|faint|p1a: Garchomp\n|move|p1b: Tauros|Wave Crash|p2b: Sinistcha\n|-resisted|p2b: Sinistcha|1\n|-damage|p2b: Sinistcha|45/100\n|-damage|p1b: Tauros|82/100|[from] Recoil\n|\n|upkeep\n|\n|t:|1776313527\n|switch|p1a: Igni|Typhlosion-Hisui, L50, M|100/100\n|turn|3\n|\n|t:|1776313543\n|switch|p2a: Rotom|Rotom-Heat, L50|100/100\n|switch|p2b: Aggron|Aggron, L50, M|100/100\n|move|p1a: Igni|Eruption|p2a: Rotom|[spread] p2a,p2b\n|-resisted|p2a: Rotom|1\n|-damage|p2a: Rotom|71/100\n|-damage|p2b: Aggron|36/100\n|move|p1b: Tauros|Wave Crash|p2a: Rotom\n|-supereffective|p2a: Rotom|1\n|-damage|p2a: Rotom|0 fnt\n|faint|p2a: Rotom\n|-damage|p1b: Tauros|62/100|[from] Recoil\n|\n|upkeep\n|\n|t:|1776313549\n|switch|p2a: Mamoswine|Mamoswine, L50, M|100/100\n|turn|4\n|\n|t:|1776313555\n|detailschange|p2b: Aggron|Aggron-Mega, L50, M\n|-mega|p2b: Aggron|Aggron|Aggronite\n|move|p1a: Igni|Eruption|p2a: Mamoswine|[spread] p2a,p2b\n|-supereffective|p2a: Mamoswine|1\n|-supereffective|p2b: Aggron|1\n|-damage|p2a: Mamoswine|0 fnt\n|-damage|p2b: Aggron|0 fnt\n|faint|p2a: Mamoswine\n|faint|p2b: Aggron\n|move|p1b: Tauros|Wave Crash|p2: Mamoswine|[notarget]\n|-fail|p1b: Tauros\n|\n|upkeep\n|\n|t:|1776313571\n|switch|p2b: Sinistcha|Sinistcha, L50|45/100\n|turn|5\n|\n|t:|1776313579\n|move|p1b: Tauros|Aqua Jet|p2b: Sinistcha\n|-resisted|p2b: Sinistcha|1\n|-damage|p2b: Sinistcha|35/100\n|move|p1a: Igni|Eruption|p2b: Sinistcha\n|-supereffective|p2b: Sinistcha|1\n|-damage|p2b: Sinistcha|0 fnt\n|faint|p2b: Sinistcha\n|\n|win|Anditto612\n|raw|Anditto612's rating: 1000 &rarr; <strong>1047</strong><br />(+47 for winning)\n|raw|SloppySunday's rating: 1063 &rarr; <strong>1040</strong><br />(-23 for losing)\n",
  "uploadtime": 1776313590,
  "views": 23,
  "formatid": "gen9championsvgc2026regma",
  "rating": 1040,
  "private": 0,
  "password": null
}