{
  "id": "gen9championsvgc2026regma-2589549047",
  "format": "[Gen 9 Champions] VGC 2026 Reg M-A",
  "players": [
    "Nanndemoiidesu",
    "sdlt 2krl coolguy"
  ],
  "log": "|j|\u2606Nanndemoiidesu\n|j|\u2606sdlt 2krl coolguy\n|t:|1776733147\n|gametype|doubles\n|player|p1|Nanndemoiidesu|twins-gen4dp|1372\n|player|p2|sdlt 2krl coolguy|leon-masters2|1447\n|gen|9\n|tier|[Gen 9 Champions] VGC 2026 Reg M-A\n|rated|\n|rule|Species Clause: Limit one of each Pok\u00e9mon\n|rule|Item Clause: Limit 1 of each item\n|clearpoke\n|poke|p1|Aerodactyl, L50, M|\n|poke|p1|Garchomp, L50, M|\n|poke|p1|Sneasler, L50, F|\n|poke|p1|Gyarados, L50, M|\n|poke|p1|Kingambit, L50, F|\n|poke|p1|Rotom-Mow, L50|\n|poke|p2|Floette-Eternal, L50, F|\n|poke|p2|Incineroar, L50, M|\n|poke|p2|Sinistcha, L50|\n|poke|p2|Garchomp, L50, F|\n|poke|p2|Sneasler, L50, M|\n|poke|p2|Kingambit, L50, F|\n|teampreview|4\n|inactive|Battle timer is ON: inactive players will automatically lose when time's up. (requested by sdlt 2krl coolguy)\n|inactive|Nanndemoiidesu also wants the timer to be on.\n|inactive|Nanndemoiidesu has 60 seconds left.\n|inactive|sdlt 2krl coolguy has 60 seconds left.\n|\n|t:|1776733192\n|teamsize|p1|4\n|teamsize|p2|4\n|start\n|switch|p1a: Kingambit|Kingambit, L50, F|100/100\n|switch|p1b: Aerodactyl|Aerodactyl, L50, M|100/100\n|switch|p2a: Garchomp|Garchomp, L50, F|100/100\n|switch|p2b: Sinistcha|Sinistcha, L50|100/100\n|-ability|p1b: Aerodactyl|Unnerve\n|turn|1\n|\n|t:|1776733214\n|switch|p2b: Floette|Floette-Eternal, L50, F|100/100\n|detailschange|p1b: Aerodactyl|Aerodactyl-Mega, L50, M\n|-mega|p1b: Aerodactyl|Aerodactyl|Aerodactylite\n|move|p1a: Kingambit|Protect|p1a: Kingambit\n|-singleturn|p1a: Kingambit|Protect\n|move|p1b: Aerodactyl|Dual Wingbeat|p2b: Floette\n|-damage|p2b: Floette|68/100\n|-damage|p2b: Floette|32/100\n|-hitcount|p2b: Floette|2\n|move|p2a: Garchomp|Rock Slide|p1a: Kingambit|[spread] p1b\n|-activate|p1a: Kingambit|move: Protect\n|-supereffective|p1b: Aerodactyl|1\n|-damage|p1b: Aerodactyl|53/100\n|\n|upkeep\n|turn|2\n|inactive|Nanndemoiidesu has 30 seconds left.\n|\n|t:|1776733243\n|switch|p1a: Gyarados|Gyarados, L50, M|100/100\n|-ability|p1a: Gyarados|Intimidate|boost\n|-unboost|p2a: Garchomp|atk|1\n|-unboost|p2b: Floette|atk|1\n|detailschange|p2b: Floette|Floette-Mega, L50, F\n|-mega|p2b: Floette|Floette|Floettite\n|-ability|p2b: Floette|Fairy Aura\n|move|p2b: Floette|Protect|p2b: Floette\n|-singleturn|p2b: Floette|Protect\n|move|p1b: Aerodactyl|Dual Wingbeat|p2b: Floette\n|-activate|p2b: Floette|move: Protect\n|move|p2a: Garchomp|Stomping Tantrum|p1a: Gyarados\n|-immune|p1a: Gyarados\n|\n|upkeep\n|turn|3\n|\n|t:|1776733266\n|switch|p2b: Incineroar|Incineroar, L50, M|100/100\n|-ability|p2b: Incineroar|Intimidate|boost\n|-unboost|p1a: Gyarados|atk|1\n|-unboost|p1b: Aerodactyl|atk|1\n|move|p1b: Aerodactyl|Dual Wingbeat|p2b: Incineroar\n|-damage|p2b: Incineroar|87/100\n|-damage|p2b: Incineroar|72/100\n|-hitcount|p2b: Incineroar|2\n|move|p2a: Garchomp|Rock Slide|p1b: Aerodactyl|[spread] p1a\n|-miss|p2a: Garchomp|p1b: Aerodactyl\n|-supereffective|p1a: Gyarados|1\n|-damage|p1a: Gyarados|74/100\n|move|p1a: Gyarados|Dragon Dance|p1a: Gyarados\n|-boost|p1a: Gyarados|atk|1\n|-boost|p1a: Gyarados|spe|1\n|\n|upkeep\n|turn|4\n|inactive|Nanndemoiidesu has 30 seconds left.\n|\n|t:|1776733299\n|move|p1b: Aerodactyl|Protect|p1b: Aerodactyl\n|-singleturn|p1b: Aerodactyl|Protect\n|move|p1a: Gyarados|Protect|p1a: Gyarados\n|-singleturn|p1a: Gyarados|Protect\n|move|p2b: Incineroar|Fake Out|p1a: Gyarados\n|-activate|p1a: Gyarados|move: Protect\n|move|p2a: Garchomp|Rock Slide|p1a: Gyarados|[spread] \n|-activate|p1a: Gyarados|move: Protect\n|-activate|p1b: Aerodactyl|move: Protect\n|\n|upkeep\n|turn|5\n|\n|t:|1776733308\n|switch|p1b: Kingambit|Kingambit, L50, F|100/100\n|move|p1a: Gyarados|Dragon Dance|p1a: Gyarados\n|-boost|p1a: Gyarados|atk|1\n|-boost|p1a: Gyarados|spe|1\n|move|p2a: Garchomp|Rock Slide|p1b: Kingambit|[spread] p1a,p1b\n|-supereffective|p1a: Gyarados|1\n|-resisted|p1b: Kingambit|1\n|-damage|p1a: Gyarados|47/100\n|-damage|p1b: Kingambit|96/100\n|move|p2b: Incineroar|Parting Shot|p1a: Gyarados\n|-unboost|p1a: Gyarados|atk|1\n|-unboost|p1a: Gyarados|spa|1\n|\n|t:|1776733320\n|switch|p2b: Floette|Floette-Mega, L50, F|32/100|[from] Parting Shot\n|-ability|p2b: Floette|Fairy Aura\n|\n|-heal|p1b: Kingambit|100/100|[from] item: Leftovers\n|upkeep\n|turn|6\n|\n|t:|1776733334\n|move|p2b: Floette|Protect|p2b: Floette\n|-singleturn|p2b: Floette|Protect\n|move|p1a: Gyarados|Ice Fang|p2a: Garchomp\n|-supereffective|p2a: Garchomp|2\n|-damage|p2a: Garchomp|2/100\n|-damage|p1a: Gyarados|35/100|[from] ability: Rough Skin|[of] p2a: Garchomp\n|move|p2a: Garchomp|Stomping Tantrum|p1b: Kingambit\n|-supereffective|p1b: Kingambit|1\n|-damage|p1b: Kingambit|65/100\n|move|p1b: Kingambit|Low Kick|p2b: Floette\n|-activate|p2b: Floette|move: Protect\n|\n|-heal|p1b: Kingambit|71/100|[from] item: Leftovers\n|upkeep\n|turn|7\n|inactive|Nanndemoiidesu has 30 seconds left.\n|\n|t:|1776733361\n|switch|p2a: Sinistcha|Sinistcha, L50|100/100\n|-heal|p2b: Floette|57/100|[from] ability: Hospitality|[of] p2a: Sinistcha\n|move|p1b: Kingambit|Sucker Punch||[still]\n|-fail|p1b: Kingambit\n|move|p1a: Gyarados|Waterfall|p2b: Floette\n|-damage|p2b: Floette|12/100\n|move|p2b: Floette|Moonblast|p1b: Kingambit\n|-damage|p1b: Kingambit|0 fnt\n|faint|p1b: Kingambit\n|\n|upkeep\n|\n|t:|1776733375\n|switch|p1b: Aerodactyl|Aerodactyl-Mega, L50, M|53/100\n|turn|8\n|\n|t:|1776733382\n|switch|p2b: Incineroar|Incineroar, L50, M|72/100\n|-ability|p2b: Incineroar|Intimidate|boost\n|-unboost|p1a: Gyarados|atk|1\n|-unboost|p1b: Aerodactyl|atk|1\n|move|p1a: Gyarados|Ice Fang|p2a: Sinistcha\n|-supereffective|p2a: Sinistcha|1\n|-damage|p2a: Sinistcha|76/100\n|move|p1b: Aerodactyl|Rock Slide|p2b: Incineroar|[spread] p2a,p2b\n|-supereffective|p2b: Incineroar|1\n|-damage|p2a: Sinistcha|57/100\n|-damage|p2b: Incineroar|45/100\n|cant|p2a: Sinistcha|flinch\n|\n|upkeep\n|turn|9\n|\n|t:|1776733405\n|move|p1b: Aerodactyl|Protect|p1b: Aerodactyl\n|-singleturn|p1b: Aerodactyl|Protect\n|move|p2b: Incineroar|Fake Out|p1a: Gyarados\n|-damage|p1a: Gyarados|24/100\n|cant|p1a: Gyarados|flinch\n|move|p2a: Sinistcha|Trick Room|p2a: Sinistcha\n|-fieldstart|move: Trick Room|[of] p2a: Sinistcha\n|\n|upkeep\n|turn|10\n|\n|t:|1776733424\n|switch|p1b: Sneasler|Sneasler, L50, F|100/100\n|move|p2b: Incineroar|Darkest Lariat|p1a: Gyarados\n|-damage|p1a: Gyarados|0 fnt\n|faint|p1a: Gyarados\n|move|p2a: Sinistcha|Life Dew|p2a: Sinistcha|[spread] p2a,p2b\n|-heal|p2a: Sinistcha|83/100\n|-heal|p2b: Incineroar|70/100\n|\n|upkeep\n|\n|t:|1776733439\n|switch|p1a: Aerodactyl|Aerodactyl-Mega, L50, M|53/100\n|turn|11\n|\n|t:|1776733456\n|switch|p2b: Garchomp|Garchomp, L50, F|2/100\n|move|p2a: Sinistcha|Matcha Gotcha|p1b: Sneasler|[spread] p1a,p1b\n|-resisted|p1b: Sneasler|1\n|-damage|p1a: Aerodactyl|21/100\n|-heal|p2a: Sinistcha|97/100|[from] drain|[of] p1a: Aerodactyl\n|-damage|p1b: Sneasler|87/100\n|-heal|p2a: Sinistcha|100/100|[from] drain|[of] p1b: Sneasler\n|-status|p1a: Aerodactyl|brn\n|-status|p1b: Sneasler|brn\n|move|p1b: Sneasler|Lash Out|p2a: Sinistcha\n|-supereffective|p2a: Sinistcha|1\n|-damage|p2a: Sinistcha|75/100\n|move|p1a: Aerodactyl|Dual Wingbeat|p2a: Sinistcha\n|-supereffective|p2a: Sinistcha|1\n|-damage|p2a: Sinistcha|49/100\n|-enditem|p2a: Sinistcha|Sitrus Berry|[eat]\n|-heal|p2a: Sinistcha|74/100|[from] item: Sitrus Berry\n|-supereffective|p2a: Sinistcha|1\n|-damage|p2a: Sinistcha|52/100\n|-hitcount|p2a: Sinistcha|2\n|\n|-damage|p1b: Sneasler|81/100 brn|[from] brn\n|-damage|p1a: Aerodactyl|15/100 brn|[from] brn\n|upkeep\n|turn|12\n|inactive|Nanndemoiidesu has 30 seconds left.\n|\n|t:|1776733482\n|move|p2a: Sinistcha|Matcha Gotcha|p1b: Sneasler|[spread] p1a,p1b\n|-resisted|p1b: Sneasler|1\n|-damage|p1a: Aerodactyl|0 fnt\n|-heal|p2a: Sinistcha|58/100|[from] drain|[of] p1a: Aerodactyl\n|-damage|p1b: Sneasler|68/100 brn\n|-heal|p2a: Sinistcha|66/100|[from] drain|[of] p1b: Sneasler\n|faint|p1a: Aerodactyl\n|move|p1b: Sneasler|Lash Out|p2a: Sinistcha\n|-supereffective|p2a: Sinistcha|1\n|-damage|p2a: Sinistcha|39/100\n|move|p2b: Garchomp|Stomping Tantrum|p1b: Sneasler\n|-supereffective|p1b: Sneasler|1\n|-damage|p1b: Sneasler|0 fnt\n|faint|p1b: Sneasler\n|\n|win|sdlt 2krl coolguy\n|raw|Nanndemoiidesu's rating: 1372 &rarr; <strong>1356</strong><br />(-16 for losing)\n|raw|sdlt 2krl coolguy's rating: 1447 &rarr; <strong>1463</strong><br />(+16 for winning)\n",
  "uploadtime": 1776733482,
  "views": 3,
  "formatid": "gen9championsvgc2026regma",
  "rating": 1356,
  "private": 0,
  "password": null
}