{
  "id": "gen9championsvgc2026regma-2580724550",
  "format": "[Gen 9 Champions] VGC 2026 Reg M-A",
  "players": [
    "yundrex",
    "StrawberryBalloons"
  ],
  "log": "|j|\u203dyundrex\n|j|\u2606StrawberryBalloons\n|t:|1775927336\n|gametype|doubles\n|player|p1|yundrex|266|1143\n|player|p2|StrawberryBalloons|fisherman-gen4|1066\n|gen|9\n|tier|[Gen 9 Champions] VGC 2026 Reg M-A\n|rated|\n|rule|Species Clause: Limit one of each Pok\u00e9mon\n|rule|Item Clause: Limit 1 of each item\n|clearpoke\n|poke|p1|Basculegion, L50, M|\n|poke|p1|Dragapult, L50, M|\n|poke|p1|Froslass, L50, F|\n|poke|p1|Glaceon, L50, M|\n|poke|p1|Sneasler, L50, F|\n|poke|p1|Incineroar, L50, F|\n|poke|p2|Incineroar, L50, F|\n|poke|p2|Ninetales-Alola, L50, F|\n|poke|p2|Floette-Eternal, L50, F|\n|poke|p2|Sableye, L50, F|\n|poke|p2|Gengar, L50, M|\n|poke|p2|Aegislash, L50, F|\n|teampreview|4\n|inactive|Battle timer is ON: inactive players will automatically lose when time's up. (requested by StrawberryBalloons)\n|\n|t:|1775927357\n|teamsize|p1|4\n|teamsize|p2|4\n|start\n|switch|p1a: Froslass|Froslass, L50, F|100/100\n|switch|p1b: Glaceon|Glaceon, L50, M|100/100\n|switch|p2a: Sableye|Sableye, L50, F|100/100\n|switch|p2b: Gengar|Gengar, L50, M, shiny|100/100\n|turn|1\n|\n|t:|1775927376\n|detailschange|p2b: Gengar|Gengar-Mega, L50, M, shiny\n|-mega|p2b: Gengar|Gengar|Gengarite\n|detailschange|p1a: Froslass|Froslass-Mega, L50, F\n|-mega|p1a: Froslass|Froslass|Froslassite\n|-weather|Snowscape|[from] ability: Snow Warning|[of] p1a: Froslass\n|move|p2a: Sableye|Fake Out|p1b: Glaceon|[miss]\n|-miss|p2a: Sableye|p1b: Glaceon\n|move|p2b: Gengar|Shadow Ball|p1a: Froslass\n|-supereffective|p1a: Froslass|1\n|-damage|p1a: Froslass|0 fnt\n|faint|p1a: Froslass\n|move|p1b: Glaceon|Blizzard|p2b: Gengar|[spread] p2a,p2b\n|-damage|p2a: Sableye|7/100\n|-damage|p2b: Gengar|28/100\n|-status|p2b: Gengar|frz\n|\n|-weather|Snowscape|[upkeep]\n|upkeep\n|inactive|yundrex has 30 seconds left.\n|\n|t:|1775927402\n|switch|p1a: Basculegion|Basculegion, L50, M|100/100\n|turn|2\n|\n|t:|1775927416\n|move|p2a: Sableye|Disable|p1b: Glaceon\n|-start|p1b: Glaceon|Disable|Blizzard\n|-curestatus|p2b: Gengar|frz|[msg]\n|move|p2b: Gengar|Shadow Ball|p1a: Basculegion\n|-supereffective|p1a: Basculegion|1\n|-damage|p1a: Basculegion|0 fnt\n|faint|p1a: Basculegion\n|cant|p1b: Glaceon|Disable|Blizzard\n|\n|-weather|Snowscape|[upkeep]\n|upkeep\n|\n|t:|1775927427\n|switch|p1a: Sneasler|Sneasler, L50, F|100/100\n|turn|3\n|\n|t:|1775927441\n|move|p2a: Sableye|Swagger|p1b: Glaceon\n|-boost|p1b: Glaceon|atk|2\n|-start|p1b: Glaceon|confusion\n|move|p2b: Gengar|Destiny Bond|p2b: Gengar\n|-singlemove|p2b: Gengar|Destiny Bond\n|move|p1a: Sneasler|Dire Claw|p2a: Sableye\n|-resisted|p2a: Sableye|1\n|-damage|p2a: Sableye|0 fnt\n|faint|p2a: Sableye\n|-activate|p1b: Glaceon|confusion\n|-damage|p1b: Glaceon|88/100|[from] confusion\n|\n|-weather|Snowscape|[upkeep]\n|upkeep\n|\n|t:|1775927452\n|switch|p2a: Aegislash|Aegislash, L50, F|100/100\n|turn|4\n|\n|t:|1775927472\n|move|p2b: Gengar|Protect|p2b: Gengar\n|-singleturn|p2b: Gengar|Protect\n|move|p1a: Sneasler|Dire Claw|p2b: Gengar\n|-activate|p2b: Gengar|move: Protect\n|-end|p1b: Glaceon|confusion\n|move|p1b: Glaceon|Weather Ball|p2a: Aegislash\n|-resisted|p2a: Aegislash|1\n|-crit|p2a: Aegislash\n|-damage|p2a: Aegislash|57/100\n|-formechange|p2a: Aegislash|Aegislash-Blade|\n|move|p2a: Aegislash|Iron Head|p1b: Glaceon|[miss]\n|-miss|p2a: Aegislash|p1b: Glaceon\n|\n|-weather|Snowscape|[upkeep]\n|upkeep\n|turn|5\n|\n|t:|1775927490\n|-formechange|p2a: Aegislash|Aegislash|\n|move|p2a: Aegislash|King's Shield|p2a: Aegislash\n|-singleturn|p2a: Aegislash|Protect\n|move|p2b: Gengar|Destiny Bond|p2b: Gengar\n|-singlemove|p2b: Gengar|Destiny Bond\n|move|p1a: Sneasler|Dire Claw|p2b: Gengar\n|-resisted|p2b: Gengar|2\n|-damage|p2b: Gengar|11/100\n|move|p1b: Glaceon|Weather Ball|p2a: Aegislash\n|-activate|p2a: Aegislash|move: Protect\n|\n|-weather|none\n|-end|p1b: Glaceon|Disable\n|upkeep\n|turn|6\n|inactive|yundrex has 30 seconds left.\n|\n|t:|1775927518\n|move|p2b: Gengar|Protect|p2b: Gengar\n|-singleturn|p2b: Gengar|Protect\n|move|p1a: Sneasler|Dire Claw|p2b: Gengar\n|-activate|p2b: Gengar|move: Protect\n|move|p1b: Glaceon|Blizzard|p2b: Gengar|[spread] p2a\n|-activate|p2b: Gengar|move: Protect\n|-resisted|p2a: Aegislash|1\n|-damage|p2a: Aegislash|37/100\n|-formechange|p2a: Aegislash|Aegislash-Blade|\n|move|p2a: Aegislash|Iron Head|p1b: Glaceon\n|-supereffective|p1b: Glaceon|1\n|-damage|p1b: Glaceon|0 fnt\n|faint|p1b: Glaceon\n|\n|upkeep\n|turn|7\n|\n|t:|1775927535\n|move|p2b: Gengar|Destiny Bond|p2b: Gengar\n|-singlemove|p2b: Gengar|Destiny Bond\n|move|p1a: Sneasler|Dire Claw|p2b: Gengar\n|-resisted|p2b: Gengar|2\n|-damage|p2b: Gengar|0 fnt\n|faint|p2b: Gengar\n|-activate|p2b: Gengar|move: Destiny Bond\n|faint|p1a: Sneasler\n|\n|win|StrawberryBalloons\n|raw|yundrex's rating: 1143 &rarr; <strong>1113</strong><br />(-30 for losing)\n|raw|StrawberryBalloons's rating: 1066 &rarr; <strong>1103</strong><br />(+37 for winning)\n|l|\u203dyundrex\n|player|p1|\n",
  "uploadtime": 1775927544,
  "views": 11,
  "formatid": "gen9championsvgc2026regma",
  "rating": 1103,
  "private": 0,
  "password": null
}