{
  "id": "gen9championsvgc2026regma-2581974939",
  "format": "[Gen 9 Champions] VGC 2026 Reg M-A",
  "players": [
    "roherto",
    "25th_mang"
  ],
  "log": "|j|\u2606roherto\n|j|\u260625th_mang\n|t:|1776044760\n|gametype|doubles\n|player|p1|roherto|hilbert|1116\n|player|p2|25th_mang|ballguy|1193\n|gen|9\n|tier|[Gen 9 Champions] VGC 2026 Reg M-A\n|rated|\n|rule|Species Clause: Limit one of each Pok\u00e9mon\n|rule|Item Clause: Limit 1 of each item\n|clearpoke\n|poke|p1|Mudsdale, L50, F|\n|poke|p1|Maushold-Four, L50|\n|poke|p1|Sinistcha, L50|\n|poke|p1|Floette-Eternal, L50, F|\n|poke|p1|Rotom-Wash, L50|\n|poke|p1|Talonflame, L50, F|\n|poke|p2|Crabominable, L50, M|\n|poke|p2|Farigiraf, L50, F|\n|poke|p2|Incineroar, L50, F|\n|poke|p2|Archaludon, L50, F|\n|poke|p2|Pelipper, L50, M|\n|poke|p2|Sinistcha, L50|\n|teampreview|4\n|inactive|Battle timer is ON: inactive players will automatically lose when time's up. (requested by 25th_mang)\n|inactive|roherto has 60 seconds left.\n|inactive|25th_mang has 60 seconds left.\n|inactive|roherto has 30 seconds left.\n|inactive|roherto has 20 seconds left.\n|inactive|roherto has 15 seconds left.\n|\n|t:|1776044839\n|teamsize|p1|4\n|teamsize|p2|4\n|start\n|switch|p1a: Maushold|Maushold-Four, L50|100/100\n|switch|p1b: Rotom|Rotom-Wash, L50|100/100\n|switch|p2a: Flip|Farigiraf, L50, F|100/100\n|switch|p2b: Roar|Incineroar, L50, F|100/100\n|-ability|p2b: Roar|Intimidate|boost\n|-unboost|p1a: Maushold|atk|1\n|-unboost|p1b: Rotom|atk|1\n|turn|1\n|inactive|roherto has 30 seconds left.\n|inactive|25th_mang has 30 seconds left.\n|\n|t:|1776044868\n|move|p2b: Roar|Fake Out|p1b: Rotom\n|-damage|p1b: Rotom|88/100\n|cant|p1b: Rotom|flinch\n|move|p1a: Maushold|Super Fang|p2a: Flip\n|-damage|p2a: Flip|51/100\n|move|p2a: Flip|Trick Room|p2a: Flip\n|-fieldstart|move: Trick Room|[of] p2a: Flip\n|\n|upkeep\n|turn|2\n|inactive|roherto has 30 seconds left.\n|inactive|roherto has 20 seconds left.\n|inactive|roherto has 15 seconds left.\n|inactive|roherto has 10 seconds left.\n|\n|t:|1776044914\n|move|p2a: Flip|Hyper Voice|p1b: Rotom|[spread] p1a,p1b\n|-damage|p1a: Maushold|70/100\n|-damage|p1b: Rotom|64/100\n|move|p2b: Roar|Assurance|p1b: Rotom\n|-damage|p1b: Rotom|2/100\n|move|p1a: Maushold|Super Fang|p2b: Roar\n|-damage|p2b: Roar|50/100\n|move|p1b: Rotom|Trick|p2b: Roar\n|-activate|p1b: Rotom|move: Trick|[of] p2b: Roar\n|-item|p2b: Roar|Choice Scarf|[from] move: Trick\n|-item|p1b: Rotom|Charcoal|[from] move: Trick\n|\n|upkeep\n|turn|3\n|\n|t:|1776044938\n|switch|p1a: Sinistcha|Sinistcha, L50|100/100\n|-heal|p1b: Rotom|26/100|[from] ability: Hospitality|[of] p1a: Sinistcha\n|move|p2a: Flip|Hyper Voice|p1b: Rotom|[spread] p1b\n|-immune|p1a: Sinistcha\n|-damage|p1b: Rotom|0 fnt\n|faint|p1b: Rotom\n|move|p2b: Roar|Assurance|p1a: Sinistcha\n|-supereffective|p1a: Sinistcha|1\n|-damage|p1a: Sinistcha|56/100\n|\n|-heal|p1a: Sinistcha|62/100|[from] item: Leftovers\n|upkeep\n|\n|t:|1776044951\n|switch|p1b: Floette|Floette-Eternal, L50, F|100/100\n|turn|4\n|inactive|25th_mang has 30 seconds left.\n|inactive|25th_mang has 20 seconds left.\n|\n|t:|1776044990\n|switch|p2a: Stup!b|Pelipper, L50, M|100/100\n|-weather|RainDance|[from] ability: Drizzle|[of] p2a: Stup!b\n|detailschange|p1b: Floette|Floette-Mega, L50, F\n|-mega|p1b: Floette|Floette|Floettite\n|-ability|p1b: Floette|Fairy Aura\n|move|p1a: Sinistcha|Rage Powder|p1a: Sinistcha\n|-singleturn|p1a: Sinistcha|move: Rage Powder\n|move|p2b: Roar|Assurance|p1a: Sinistcha\n|-supereffective|p1a: Sinistcha|1\n|-crit|p1a: Sinistcha\n|-damage|p1a: Sinistcha|0 fnt\n|faint|p1a: Sinistcha\n|move|p1b: Floette|Calm Mind|p1b: Floette\n|-boost|p1b: Floette|spa|1\n|-boost|p1b: Floette|spd|1\n|\n|-weather|RainDance|[upkeep]\n|upkeep\n|\n|t:|1776045006\n|switch|p1a: Maushold|Maushold-Four, L50|70/100\n|turn|5\n|\n|t:|1776045018\n|switch|p2b: Flip|Farigiraf, L50, F|51/100\n|move|p1b: Floette|Protect|p1b: Floette\n|-singleturn|p1b: Floette|Protect\n|move|p1a: Maushold|Protect|p1a: Maushold\n|-singleturn|p1a: Maushold|Protect\n|move|p2a: Stup!b|Weather Ball|p1a: Maushold\n|-activate|p1a: Maushold|move: Protect\n|\n|-weather|RainDance|[upkeep]\n|-fieldend|move: Trick Room\n|upkeep\n|turn|6\n|\n|t:|1776045033\n|move|p2a: Stup!b|Wide Guard|p2a: Stup!b\n|-singleturn|p2a: Stup!b|Wide Guard\n|move|p1a: Maushold|Super Fang|p2a: Stup!b\n|-damage|p2a: Stup!b|51/100\n|move|p1b: Floette|Dazzling Gleam|p2b: Flip|[spread] \n|-activate|p2a: Stup!b|move: Wide Guard\n|-activate|p2b: Flip|move: Wide Guard\n|move|p2b: Flip|Trick Room|p2b: Flip\n|-fieldstart|move: Trick Room|[of] p2b: Flip\n|\n|-weather|RainDance|[upkeep]\n|upkeep\n|turn|7\n|\n|t:|1776045050\n|switch|p2b: Roar|Incineroar, L50, F|50/100\n|-ability|p2b: Roar|Intimidate|boost\n|-unboost|p1a: Maushold|atk|1\n|-unboost|p1b: Floette|atk|1\n|move|p2a: Stup!b|Weather Ball|p1a: Maushold\n|-damage|p1a: Maushold|0 fnt\n|faint|p1a: Maushold\n|move|p1b: Floette|Pollen Puff|p2b: Roar\n|-damage|p2b: Roar|0 fnt\n|faint|p2b: Roar\n|\n|-weather|RainDance|[upkeep]\n|upkeep\n|\n|t:|1776045062\n|switch|p2b: Hockey Reference|Crabominable, L50, M|100/100\n|turn|8\n|\n|t:|1776045069\n|detailschange|p2b: Hockey Reference|Crabominable-Mega, L50, M\n|-mega|p2b: Hockey Reference|Crabominable|Crabominite\n|move|p2b: Hockey Reference|Ice Hammer|p1b: Floette\n|-damage|p1b: Floette|0 fnt\n|-unboost|p2b: Hockey Reference|spe|1\n|faint|p1b: Floette\n|\n|win|25th_mang\n|raw|roherto's rating: 1116 &rarr; <strong>1096</strong><br />(-20 for losing)\n|raw|25th_mang's rating: 1193 &rarr; <strong>1213</strong><br />(+20 for winning)\n",
  "uploadtime": 1776045077,
  "views": 15,
  "formatid": "gen9championsvgc2026regma",
  "rating": 1096,
  "private": 0,
  "password": null
}