{
  "id": "gen9championsvgc2026regma-2582879868",
  "format": "[Gen 9 Champions] VGC 2026 Reg M-A",
  "players": [
    "kauezaovgc",
    "skinner77"
  ],
  "log": "|j|\u2606kauezaovgc\n|j|\u2606skinner77\n|t:|1776121521\n|gametype|doubles\n|player|p1|kauezaovgc|2|1191\n|player|p2|skinner77|lucas|1111\n|gen|9\n|tier|[Gen 9 Champions] VGC 2026 Reg M-A\n|rated|\n|rule|Species Clause: Limit one of each Pok\u00e9mon\n|rule|Item Clause: Limit 1 of each item\n|clearpoke\n|poke|p1|Meowstic, L50, M|\n|poke|p1|Alakazam, L50, F|\n|poke|p1|Sneasler, L50, F|\n|poke|p1|Basculegion, L50, M|\n|poke|p1|Incineroar, L50, F|\n|poke|p1|Sinistcha, L50|\n|poke|p2|Charizard, L50, M|\n|poke|p2|Venusaur, L50, M|\n|poke|p2|Garchomp, L50, M|\n|poke|p2|Whimsicott, L50, F|\n|poke|p2|Incineroar, L50, M|\n|poke|p2|Sneasler, L50, F|\n|teampreview|4\n|inactive|Battle timer is ON: inactive players will automatically lose when time's up. (requested by kauezaovgc)\n|inactive|kauezaovgc has 60 seconds left.\n|inactive|skinner77 has 60 seconds left.\n|\n|t:|1776121565\n|teamsize|p1|4\n|teamsize|p2|4\n|start\n|switch|p1a: Meowstic|Meowstic, L50, M|100/100\n|switch|p1b: Incineroar|Incineroar, L50, F|100/100\n|switch|p2a: Incineroar|Incineroar, L50, M|100/100\n|switch|p2b: Whimsicott|Whimsicott, L50, F|100/100\n|-ability|p2a: Incineroar|Intimidate|boost\n|-unboost|p1a: Meowstic|atk|1\n|-unboost|p1b: Incineroar|atk|1\n|-ability|p1b: Incineroar|Intimidate|boost\n|-unboost|p2a: Incineroar|atk|1\n|-unboost|p2b: Whimsicott|atk|1\n|turn|1\n|\n|t:|1776121582\n|move|p2a: Incineroar|Fake Out|p1b: Incineroar\n|-damage|p1b: Incineroar|91/100\n|cant|p1b: Incineroar|flinch\n|move|p2b: Whimsicott|Tailwind|p2b: Whimsicott\n|-sidestart|p2: skinner77|move: Tailwind\n|move|p1a: Meowstic|Psychic Terrain|p1a: Meowstic\n|-fieldstart|move: Psychic Terrain\n|\n|upkeep\n|turn|2\n|\n|t:|1776121603\n|move|p1a: Meowstic|Reflect|p1a: Meowstic\n|-sidestart|p1: kauezaovgc|Reflect\n|move|p2b: Whimsicott|Dazzling Gleam|p1b: Incineroar|[spread] p1a,p1b\n|-damage|p1a: Meowstic|78/100\n|-damage|p1b: Incineroar|73/100\n|move|p2a: Incineroar|Parting Shot|p1b: Incineroar\n|-unboost|p1b: Incineroar|atk|1\n|-unboost|p1b: Incineroar|spa|1\n|\n|t:|1776121612\n|switch|p2a: Garchomp|Garchomp, L50, M|100/100|[from] Parting Shot\n|move|p1b: Incineroar|Flare Blitz|p2b: Whimsicott\n|-supereffective|p2b: Whimsicott|1\n|-damage|p2b: Whimsicott|16/100\n|-damage|p1b: Incineroar|54/100|[from] Recoil\n|\n|upkeep\n|turn|3\n|\n|t:|1776121629\n|move|p2b: Whimsicott|Taunt|p1a: Meowstic\n|-activate|p1a: Meowstic|move: Psychic Terrain\n|move|p2a: Garchomp|Earthquake|p1a: Meowstic|[spread] p2b,p1a,p1b\n|-resisted|p2b: Whimsicott|1\n|-supereffective|p1b: Incineroar|1\n|-damage|p2b: Whimsicott|0 fnt\n|-damage|p1a: Meowstic|54/100\n|-damage|p1b: Incineroar|7/100\n|-enditem|p1b: Incineroar|Sitrus Berry|[eat]\n|-heal|p1b: Incineroar|32/100|[from] item: Sitrus Berry\n|faint|p2b: Whimsicott\n|move|p1a: Meowstic|Expanding Force|p2a: Garchomp\n|-damage|p2a: Garchomp|53/100\n|move|p1b: Incineroar|Parting Shot|p2a: Garchomp\n|-unboost|p2a: Garchomp|atk|1\n|-unboost|p2a: Garchomp|spa|1\n|\n|t:|1776121637\n|switch|p1b: Alakazam|Alakazam, L50, F|100/100|[from] Parting Shot\n|\n|upkeep\n|\n|t:|1776121652\n|switch|p2b: Incineroar|Incineroar, L50, M|100/100\n|-ability|p2b: Incineroar|Intimidate|boost\n|-unboost|p1a: Meowstic|atk|1\n|-fail|p1b: Alakazam|unboost|Attack|[from] ability: Inner Focus|[of] p1b: Alakazam\n|turn|4\n|\n|t:|1776121670\n|switch|p1a: Incineroar|Incineroar, L50, F|32/100\n|-ability|p1a: Incineroar|Intimidate|boost\n|-unboost|p2a: Garchomp|atk|1\n|-unboost|p2b: Incineroar|atk|1\n|move|p2a: Garchomp|Protect|p2a: Garchomp\n|-singleturn|p2a: Garchomp|Protect\n|move|p1b: Alakazam|Protect|p1b: Alakazam\n|-singleturn|p1b: Alakazam|Protect\n|move|p2b: Incineroar|Darkest Lariat|p1b: Alakazam\n|-activate|p1b: Alakazam|move: Protect\n|\n|-sideend|p2: skinner77|move: Tailwind\n|upkeep\n|turn|5\n|inactive|kauezaovgc has 30 seconds left.\n|\n|t:|1776121697\n|detailschange|p1b: Alakazam|Alakazam-Mega, L50, F\n|-mega|p1b: Alakazam|Alakazam|Alakazite\n|-ability|p1b: Alakazam|Rough Skin|Trace|[from] ability: Trace|[of] p2a: Garchomp\n|move|p1b: Alakazam|Expanding Force|p2b: Incineroar|[spread] p2a\n|-immune|p2b: Incineroar\n|-damage|p2a: Garchomp|0 fnt\n|faint|p2a: Garchomp\n|move|p2b: Incineroar|Parting Shot|p1b: Alakazam\n|-unboost|p1b: Alakazam|atk|1\n|-unboost|p1b: Alakazam|spa|1\n|\n|t:|1776121708\n|switch|p2b: Charizard|Charizard, L50, M, shiny|100/100|[from] Parting Shot\n|move|p1a: Incineroar|Parting Shot|p2b: Charizard\n|-unboost|p2b: Charizard|atk|1\n|-unboost|p2b: Charizard|spa|1\n|\n|t:|1776121716\n|switch|p1a: Meowstic|Meowstic, L50, M|54/100|[from] Parting Shot\n|\n|-fieldend|move: Psychic Terrain\n|upkeep\n|\n|t:|1776121724\n|switch|p2a: Incineroar|Incineroar, L50, M|100/100\n|-ability|p2a: Incineroar|Intimidate|boost\n|-unboost|p1a: Meowstic|atk|1\n|-unboost|p1b: Alakazam|atk|1\n|turn|6\n|\n|t:|1776121738\n|switch|p1a: Incineroar|Incineroar, L50, F|32/100\n|-ability|p1a: Incineroar|Intimidate|boost\n|-unboost|p2a: Incineroar|atk|1\n|-unboost|p2b: Charizard|atk|1\n|detailschange|p2b: Charizard|Charizard-Mega-Y, L50, M, shiny\n|-mega|p2b: Charizard|Charizard|Charizardite Y\n|-weather|SunnyDay|[from] ability: Drought|[of] p2b: Charizard\n|move|p1b: Alakazam|Protect|p1b: Alakazam\n|-singleturn|p1b: Alakazam|Protect\n|move|p2a: Incineroar|Fake Out|p1a: Incineroar\n|-damage|p1a: Incineroar|25/100\n|move|p2b: Charizard|Heat Wave|p1a: Incineroar|[spread] p1a\n|-activate|p1b: Alakazam|move: Protect\n|-resisted|p1a: Incineroar|1\n|-damage|p1a: Incineroar|8/100\n|\n|-weather|SunnyDay|[upkeep]\n|-sideend|p1: kauezaovgc|Reflect\n|upkeep\n|turn|7\n|inactive|skinner77 has 30 seconds left.\n|\n|t:|1776121764\n|switch|p1b: Meowstic|Meowstic, L50, M|54/100\n|move|p1a: Incineroar|Fake Out|p2b: Charizard\n|-damage|p2b: Charizard|85/100\n|cant|p2b: Charizard|flinch\n|move|p2a: Incineroar|Darkest Lariat|p1b: Meowstic\n|-supereffective|p1b: Meowstic|1\n|-damage|p1b: Meowstic|0 fnt\n|faint|p1b: Meowstic\n|\n|-weather|SunnyDay|[upkeep]\n|upkeep\n|\n|t:|1776121777\n|switch|p1b: Alakazam|Alakazam-Mega, L50, F|100/100\n|-ability|p1b: Alakazam|Intimidate|Trace|[from] ability: Trace|[of] p2a: Incineroar\n|-ability|p1b: Alakazam|Intimidate|boost\n|-unboost|p2a: Incineroar|atk|1\n|-unboost|p2b: Charizard|atk|1\n|turn|8\n|\n|t:|1776121792\n|move|p1b: Alakazam|Protect|p1b: Alakazam\n|-singleturn|p1b: Alakazam|Protect\n|move|p2b: Charizard|Heat Wave|p1b: Alakazam|[spread] p1a\n|-activate|p1b: Alakazam|move: Protect\n|-resisted|p1a: Incineroar|1\n|-damage|p1a: Incineroar|0 fnt\n|faint|p1a: Incineroar\n|move|p2a: Incineroar|Darkest Lariat|p1b: Alakazam\n|-activate|p1b: Alakazam|move: Protect\n|\n|-weather|SunnyDay|[upkeep]\n|upkeep\n|\n|t:|1776121796\n|switch|p1a: Basculegion|Basculegion, L50, M|100/100\n|turn|9\n|\n|t:|1776121818\n|move|p1b: Alakazam|Focus Blast|p2a: Incineroar\n|-supereffective|p2a: Incineroar|1\n|-damage|p2a: Incineroar|0 fnt\n|faint|p2a: Incineroar\n|move|p1a: Basculegion|Wave Crash|p2b: Charizard\n|-supereffective|p2b: Charizard|1\n|-damage|p2b: Charizard|0 fnt\n|faint|p2b: Charizard\n|-damage|p1a: Basculegion|79/100|[from] Recoil\n|\n|win|kauezaovgc\n|raw|kauezaovgc's rating: 1191 &rarr; <strong>1210</strong><br />(+19 for winning)\n|raw|skinner77's rating: 1111 &rarr; <strong>1092</strong><br />(-19 for losing)\n",
  "uploadtime": 1776121829,
  "views": 12,
  "formatid": "gen9championsvgc2026regma",
  "rating": 1092,
  "private": 0,
  "password": null
}