{
  "id": "gen9championsvgc2026regma-2583815017",
  "format": "[Gen 9 Champions] VGC 2026 Reg M-A",
  "players": [
    "Gust_gomes1",
    "AthenaStrive9"
  ],
  "log": "|j|\u2606Gust_gomes1\n|j|\u2606AthenaStrive9\n|t:|1776199821\n|gametype|doubles\n|player|p1|Gust_gomes1|buck|\n|player|p2|AthenaStrive9|nancy|\n|gen|9\n|tier|[Gen 9 Champions] VGC 2026 Reg M-A\n|rated|Tournament battle\n|rule|Species Clause: Limit one of each Pok\u00e9mon\n|rule|Item Clause: Limit 1 of each item\n|clearpoke\n|poke|p1|Scizor, L50, M|\n|poke|p1|Pelipper, L50, M|\n|poke|p1|Basculegion, L50, M|\n|poke|p1|Sneasler, L50, M|\n|poke|p1|Garchomp, L50, M|\n|poke|p1|Clefable, L50, F|\n|poke|p2|Floette-Eternal, L50, F|\n|poke|p2|Sneasler, L50, F|\n|poke|p2|Corviknight, L50, M|\n|poke|p2|Aerodactyl, L50, F|\n|poke|p2|Sinistcha-Masterpiece, L50|\n|poke|p2|Incineroar, L50, M|\n|teampreview|4\n|inactive|Battle timer is ON: inactive players will automatically lose when time's up. (requested by Gust_gomes1)\n|j| Perhaps Perish?\n|j| All-StarVGC\n|j| anderoid\nAthenaStrive9 has agreed to open team sheets.\n|c|\u2606AthenaStrive9|hf :3\n|j| kemp1412\n|j| Aggli\n|j| peekay ex\n|inactive|Gust_gomes1 has 60 seconds left.\n|inactive|AthenaStrive9 has 60 seconds left.\n|\n|t:|1776199867\n|teamsize|p1|4\n|teamsize|p2|4\n|start\n|switch|p1a: Garchomp|Garchomp, L50, M|100/100\n|switch|p1b: Sneasler|Sneasler, L50, M|100/100\n|switch|p2a: Floette|Floette-Eternal, L50, F|100/100\n|switch|p2b: Sneasler|Sneasler, L50, F|100/100\n|turn|1\n|l| Perhaps Perish?\n|inactive|Gust_gomes1 has 30 seconds left.\n|inactive|AthenaStrive9 has 30 seconds left.\n|j| VARANSPIRE 3\n|inactive|Gust_gomes1 has 20 seconds left.\n|\n|t:|1776199904\n|detailschange|p2a: Floette|Floette-Mega, L50, F\n|-mega|p2a: Floette|Floette|Floettite\n|-ability|p2a: Floette|Fairy Aura\n|move|p2b: Sneasler|Fake Out|p1a: Garchomp\n|-damage|p1a: Garchomp|84/100\n|-damage|p2b: Sneasler|88/100|[from] ability: Rough Skin|[of] p1a: Garchomp\n|move|p1b: Sneasler|Fake Out|p2a: Floette\n|-damage|p2a: Floette|83/100\n|cant|p1a: Garchomp|flinch\n|cant|p2a: Floette|flinch\n|\n|upkeep\n|turn|2\n|inactive|Gust_gomes1 has 30 seconds left.\n|\n|t:|1776199931\n|switch|p1a: Scizor|Scizor, L50, M, shiny|100/100\n|move|p2a: Floette|Protect|p2a: Floette\n|-singleturn|p2a: Floette|Protect\n|move|p1b: Sneasler|Dire Claw|p2a: Floette\n|-activate|p2a: Floette|move: Protect\n|move|p2b: Sneasler|Coaching|p2a: Floette\n|-boost|p2a: Floette|atk|1\n|-boost|p2a: Floette|def|1\n|\n|upkeep\n|turn|3\n|j| OnToTheOther\n|inactive|Gust_gomes1 has 30 seconds left.\n|inactive|AthenaStrive9 has 30 seconds left.\n|j| felipesol2\n|j| 200Wurmples\n|inactive|AthenaStrive9 has 20 seconds left.\n|\n|t:|1776199971\n|switch|p2a: Incineroar|Incineroar, L50, M, shiny|100/100\n|-ability|p2a: Incineroar|Intimidate|boost\n|-unboost|p1a: Scizor|atk|1\n|-unboost|p1b: Sneasler|atk|1\n|-enditem|p1b: Sneasler|White Herb\n|-clearnegativeboost|p1b: Sneasler|[silent]\n|switch|p1a: Pelipper|Pelipper, L50, M|100/100\n|-weather|RainDance|[from] ability: Drizzle|[of] p1a: Pelipper\n|move|p1b: Sneasler|Dire Claw|p2a: Incineroar\n|-damage|p2a: Incineroar|57/100\n|-status|p2a: Incineroar|par\n|-enditem|p2a: Incineroar|Lum Berry|[eat]\n|-curestatus|p2a: Incineroar|par|[msg]\n|move|p2b: Sneasler|Close Combat|p1a: Pelipper\n|-resisted|p1a: Pelipper|1\n|-damage|p1a: Pelipper|62/100\n|-unboost|p2b: Sneasler|def|1\n|-unboost|p2b: Sneasler|spd|1\n|\n|-weather|RainDance|[upkeep]\n|upkeep\n|turn|4\n|l| felipesol2\n|j| nohaters\n|inactive|Gust_gomes1 has 30 seconds left.\n|inactive|AthenaStrive9 has 30 seconds left.\n|inactive|Gust_gomes1 has 20 seconds left.\n|inactive|AthenaStrive9 has 20 seconds left.\n|\n|t:|1776200010\n|move|p2a: Incineroar|Fake Out|p1a: Pelipper\n|-damage|p1a: Pelipper|49/100\n|move|p1b: Sneasler|Close Combat|p2a: Incineroar\n|-supereffective|p2a: Incineroar|1\n|-damage|p2a: Incineroar|0 fnt\n|-unboost|p1b: Sneasler|def|1\n|-unboost|p1b: Sneasler|spd|1\n|faint|p2a: Incineroar\n|move|p2b: Sneasler|Dire Claw|p1a: Pelipper\n|-damage|p1a: Pelipper|0 fnt\n|faint|p1a: Pelipper\n|\n|-weather|RainDance|[upkeep]\n|upkeep\n|inactive|Gust_gomes1 has 30 seconds left.\n|\n|t:|1776200041\n|switch|p2a: Sinistcha|Sinistcha-Masterpiece, L50, shiny|100/100\n|switch|p1a: Scizor|Scizor, L50, M, shiny|100/100\n|-heal|p2b: Sneasler|100/100|[from] ability: Hospitality|[of] p2a: Sinistcha\n|turn|5\n|\n|t:|1776200062\n|detailschange|p1a: Scizor|Scizor-Mega, L50, M, shiny\n|-mega|p1a: Scizor|Scizor|Scizorite\n|move|p1b: Sneasler|Dire Claw|p2a: Sinistcha\n|-damage|p2a: Sinistcha|61/100\n|move|p2b: Sneasler|Close Combat|p1a: Scizor\n|-damage|p1a: Scizor|46/100\n|-unboost|p2b: Sneasler|def|1\n|-unboost|p2b: Sneasler|spd|1\n|move|p1a: Scizor|Swords Dance|p1a: Scizor\n|-boost|p1a: Scizor|atk|2\n|move|p2a: Sinistcha|Matcha Gotcha|p1b: Sneasler|[spread] p1a,p1b\n|-resisted|p1a: Scizor|2\n|-resisted|p1b: Sneasler|1\n|-damage|p1a: Scizor|40/100\n|-heal|p2a: Sinistcha|64/100|[from] drain|[of] p1a: Scizor\n|-damage|p1b: Sneasler|78/100\n|-heal|p2a: Sinistcha|74/100|[from] drain|[of] p1b: Sneasler\n|-status|p1a: Scizor|brn\n|\n|-weather|RainDance|[upkeep]\n|-damage|p1a: Scizor|34/100 brn|[from] brn\n|upkeep\n|turn|6\n|j| test for tour v15\n|inactive|Gust_gomes1 has 30 seconds left.\n|\n|t:|1776200095\n|move|p2a: Sinistcha|Rage Powder|p2a: Sinistcha\n|-singleturn|p2a: Sinistcha|move: Rage Powder\n|move|p1a: Scizor|Bullet Punch|p2a: Sinistcha\n|-damage|p2a: Sinistcha|45/100\n|-enditem|p2a: Sinistcha|Sitrus Berry|[eat]\n|-heal|p2a: Sinistcha|70/100|[from] item: Sitrus Berry\n|move|p1b: Sneasler|Dire Claw|p2a: Sinistcha\n|-damage|p2a: Sinistcha|29/100\n|-status|p2a: Sinistcha|par\n|move|p2b: Sneasler|Close Combat|p1a: Scizor\n|-damage|p1a: Scizor|0 fnt\n|-unboost|p2b: Sneasler|def|1\n|-unboost|p2b: Sneasler|spd|1\n|faint|p1a: Scizor\n|\n|-weather|RainDance|[upkeep]\n|upkeep\n|\n|t:|1776200107\n|switch|p1a: Garchomp|Garchomp, L50, M|84/100\n|turn|7\n|inactive|Gust_gomes1 has 30 seconds left.\n|\n|t:|1776200133\n|move|p1b: Sneasler|Protect|p1b: Sneasler\n|-singleturn|p1b: Sneasler|Protect\n|move|p1a: Garchomp|Earthquake|p2b: Sneasler|[spread] p2a,p2b\n|-activate|p1b: Sneasler|move: Protect\n|-resisted|p2a: Sinistcha|1\n|-supereffective|p2b: Sneasler|1\n|-damage|p2a: Sinistcha|12/100 par\n|-enditem|p2b: Sneasler|Focus Sash\n|-damage|p2b: Sneasler|1/100\n|move|p2b: Sneasler|Dire Claw|p1b: Sneasler\n|-activate|p1b: Sneasler|move: Protect\n|move|p2a: Sinistcha|Trick Room|p2a: Sinistcha\n|-fieldstart|move: Trick Room|[of] p2a: Sinistcha\n|\n|-weather|none\n|upkeep\n|turn|8\n|\n|t:|1776200152\n|move|p1b: Sneasler|Protect|p1b: Sneasler\n|-singleturn|p1b: Sneasler|Protect\n|move|p2a: Sinistcha|Matcha Gotcha|p1a: Garchomp|[spread] p1a\n|-activate|p1b: Sneasler|move: Protect\n|-damage|p1a: Garchomp|58/100\n|-heal|p2a: Sinistcha|26/100 par|[from] drain|[of] p1a: Garchomp\n|move|p1a: Garchomp|Earthquake|p2a: Sinistcha|[spread] p2a,p2b\n|-activate|p1b: Sneasler|move: Protect\n|-resisted|p2a: Sinistcha|1\n|-supereffective|p2b: Sneasler|1\n|-damage|p2a: Sinistcha|7/100 par\n|-damage|p2b: Sneasler|0 fnt\n|faint|p2b: Sneasler\n|\n|upkeep\n|\n|t:|1776200156\n|switch|p2b: Floette|Floette-Mega, L50, F|83/100\n|-ability|p2b: Floette|Fairy Aura\n|turn|9\n|j| dannyboy2000\n|\n|t:|1776200178\n|move|p2a: Sinistcha|Matcha Gotcha|p1b: Sneasler|[spread] p1a,p1b\n|-crit|p1a: Garchomp\n|-resisted|p1b: Sneasler|1\n|-damage|p1a: Garchomp|15/100\n|-heal|p2a: Sinistcha|30/100 par|[from] drain|[of] p1a: Garchomp\n|-damage|p1b: Sneasler|55/100\n|-heal|p2a: Sinistcha|40/100 par|[from] drain|[of] p1b: Sneasler\n|move|p2b: Floette|Dazzling Gleam|p1b: Sneasler|[spread] p1a,p1b\n|-supereffective|p1a: Garchomp|1\n|-damage|p1a: Garchomp|0 fnt\n|-damage|p1b: Sneasler|0 fnt\n|faint|p1a: Garchomp\n|faint|p1b: Sneasler\n|\n|win|AthenaStrive9\n|n|\u2606Gust_gomes1|gustgomes1\n|n|\u2606AthenaStrive9|athenastrive9\n|n| All-StarVGC|allstarvgc\n|n| anderoid|anderoid\n|n| kemp1412|kemp1412\n|n| Aggli|aggli\n|n| peekay ex|peekayex\n|n| VARANSPIRE 3|varanspire3\n|n| OnToTheOther|ontotheother\n|n| 200Wurmples|200wurmples\n|n| nohaters|nohaters\n|n| test for tour v15|testfortourv15\n|n| dannyboy2000|dannyboy2000\n",
  "uploadtime": 1776200178,
  "views": 20,
  "formatid": "gen9championsvgc2026regma",
  "rating": null,
  "private": 0,
  "password": null
}