{
  "id": "gen9championsvgc2026regma-2580891937",
  "format": "[Gen 9 Champions] VGC 2026 Reg M-A",
  "players": [
    "CristianoCristiano",
    "jyotsha"
  ],
  "log": "|j|\u2606CristianoCristiano\n|j|\u2606jyotsha\n|t:|1775941020\n|gametype|doubles\n|player|p1|CristianoCristiano|169|1131\n|player|p2|jyotsha|102|1169\n|gen|9\n|tier|[Gen 9 Champions] VGC 2026 Reg M-A\n|rated|\n|rule|Species Clause: Limit one of each Pok\u00e9mon\n|rule|Item Clause: Limit 1 of each item\n|clearpoke\n|poke|p1|Lucario, L50, F|\n|poke|p1|Milotic, L50, F|\n|poke|p1|Aerodactyl, L50, F|\n|poke|p1|Incineroar, L50, F|\n|poke|p1|Sinistcha, L50|\n|poke|p1|Garchomp, L50, F|\n|poke|p2|Aegislash, L50, M|\n|poke|p2|Aerodactyl, L50, F|\n|poke|p2|Incineroar, L50, M|\n|poke|p2|Lucario, L50, M|\n|poke|p2|Milotic, L50, M|\n|poke|p2|Rotom-Wash, L50|\n|teampreview|4\n|inactive|Battle timer is ON: inactive players will automatically lose when time's up. (requested by jyotsha)\n|\n|t:|1775941051\n|teamsize|p1|4\n|teamsize|p2|4\n|start\n|switch|p1a: Garchomp|Garchomp, L50, F|100/100\n|switch|p1b: Milotic|Milotic, L50, F|100/100\n|switch|p2a: Milotic|Milotic, L50, M|100/100\n|switch|p2b: Rotom|Rotom-Wash, L50|100/100\n|turn|1\n|\n|t:|1775941068\n|move|p1a: Garchomp|Dragon Claw|p2a: Milotic\n|-damage|p2a: Milotic|66/100\n|move|p2b: Rotom|Volt Switch|p1b: Milotic\n|-supereffective|p1b: Milotic|1\n|-damage|p1b: Milotic|50/100\n|\n|t:|1775941075\n|switch|p2b: Aegislash|Aegislash, L50, M|100/100|[from] Volt Switch\n|move|p2a: Milotic|Ice Beam|p1a: Garchomp\n|-supereffective|p1a: Garchomp|2\n|-damage|p1a: Garchomp|14/100\n|-status|p1a: Garchomp|frz\n|move|p1b: Milotic|Icy Wind|p2b: Aegislash|[spread] p2a,p2b\n|-resisted|p2a: Milotic|1\n|-resisted|p2b: Aegislash|1\n|-damage|p2a: Milotic|62/100\n|-damage|p2b: Aegislash|96/100\n|-unboost|p2a: Milotic|spe|1\n|-ability|p2a: Milotic|Competitive|boost\n|-boost|p2a: Milotic|spa|2\n|-unboost|p2b: Aegislash|spe|1\n|\n|-heal|p1b: Milotic|57/100|[from] item: Leftovers\n|-heal|p2a: Milotic|68/100|[from] item: Leftovers\n|upkeep\n|turn|2\n|\n|t:|1775941099\n|switch|p1b: Sinistcha|Sinistcha, L50|100/100\n|-heal|p1a: Garchomp|39/100 frz|[from] ability: Hospitality|[of] p1b: Sinistcha\n|-formechange|p2b: Aegislash|Aegislash-Blade|\n|move|p2b: Aegislash|Shadow Sneak|p1a: Garchomp\n|-crit|p1a: Garchomp\n|-damage|p1a: Garchomp|2/100 frz\n|-damage|p2b: Aegislash|84/100|[from] ability: Rough Skin|[of] p1a: Garchomp\n|cant|p1a: Garchomp|frz\n|move|p2a: Milotic|Scald|p1b: Sinistcha\n|-resisted|p1b: Sinistcha|1\n|-damage|p1b: Sinistcha|77/100\n|\n|-heal|p2a: Milotic|74/100|[from] item: Leftovers\n|upkeep\n|turn|3\n|\n|t:|1775941118\n|switch|p2b: Aerodactyl|Aerodactyl, L50, F|100/100\n|cant|p1a: Garchomp|frz\n|move|p1b: Sinistcha|Matcha Gotcha|p2a: Milotic|[spread] p2a\n|-miss|p1b: Sinistcha|p2b: Aerodactyl\n|-supereffective|p2a: Milotic|1\n|-crit|p2a: Milotic\n|-damage|p2a: Milotic|24/100\n|-heal|p1b: Sinistcha|100/100|[from] drain|[of] p2a: Milotic\n|move|p2a: Milotic|Muddy Water|p1a: Garchomp|[spread] p1a,p1b\n|-resisted|p1b: Sinistcha|1\n|-crit|p1b: Sinistcha\n|-damage|p1a: Garchomp|0 fnt\n|-damage|p1b: Sinistcha|68/100\n|faint|p1a: Garchomp\n|\n|-heal|p2a: Milotic|30/100|[from] item: Leftovers\n|upkeep\n|\n|t:|1775941136\n|switch|p1a: Incineroar|Incineroar, L50, F, shiny|100/100\n|-ability|p1a: Incineroar|Intimidate|boost\n|-unboost|p2a: Milotic|atk|1\n|-ability|p2a: Milotic|Competitive|boost\n|-boost|p2a: Milotic|spa|2\n|-unboost|p2b: Aerodactyl|atk|1\n|turn|4\n|\n|t:|1775941146\n|switch|p2b: Aegislash|Aegislash, L50, M|84/100\n|move|p2a: Milotic|Protect|p2a: Milotic\n|-singleturn|p2a: Milotic|Protect\n|move|p1a: Incineroar|Fake Out|p2b: Aegislash\n|-immune|p2b: Aegislash\n|move|p1b: Sinistcha|Matcha Gotcha|p2a: Milotic|[spread] p2b\n|-activate|p2a: Milotic|move: Protect\n|-resisted|p2b: Aegislash|1\n|-damage|p2b: Aegislash|74/100\n|-heal|p1b: Sinistcha|73/100|[from] drain|[of] p2b: Aegislash\n|-status|p2b: Aegislash|brn\n|\n|-heal|p2a: Milotic|36/100|[from] item: Leftovers\n|-damage|p2b: Aegislash|68/100 brn|[from] brn\n|upkeep\n|turn|5\n|inactive|jyotsha has 30 seconds left.\n|\n|t:|1775941177\n|move|p2b: Aegislash|King's Shield|p2b: Aegislash\n|-singleturn|p2b: Aegislash|Protect\n|move|p1a: Incineroar|Flare Blitz|p2b: Aegislash\n|-activate|p2b: Aegislash|move: Protect\n|-unboost|p1a: Incineroar|atk|1\n|move|p1b: Sinistcha|Matcha Gotcha|p2b: Aegislash|[spread] p2a\n|-activate|p2b: Aegislash|move: Protect\n|-supereffective|p2a: Milotic|1\n|-damage|p2a: Milotic|0 fnt\n|-heal|p1b: Sinistcha|93/100|[from] drain|[of] p2a: Milotic\n|faint|p2a: Milotic\n|\n|-damage|p2b: Aegislash|62/100 brn|[from] brn\n|upkeep\n|\n|t:|1775941189\n|switch|p2a: Aerodactyl|Aerodactyl, L50, F|100/100\n|turn|6\n|\n|t:|1775941207\n|detailschange|p2a: Aerodactyl|Aerodactyl-Mega, L50, F\n|-mega|p2a: Aerodactyl|Aerodactyl|Aerodactylite\n|move|p1b: Sinistcha|Protect|p1b: Sinistcha\n|-singleturn|p1b: Sinistcha|Protect\n|-formechange|p2b: Aegislash|Aegislash-Blade|\n|move|p2b: Aegislash|Shadow Sneak|p1b: Sinistcha\n|-activate|p1b: Sinistcha|move: Protect\n|move|p2a: Aerodactyl|Dual Wingbeat|p1b: Sinistcha\n|-activate|p1b: Sinistcha|move: Protect\n|move|p1a: Incineroar|Parting Shot|p2a: Aerodactyl\n|-unboost|p2a: Aerodactyl|atk|1\n|-unboost|p2a: Aerodactyl|spa|1\n|\n|t:|1775941219\n|switch|p1a: Milotic|Milotic, L50, F|57/100|[from] Parting Shot\n|\n|-heal|p1a: Milotic|63/100|[from] item: Leftovers\n|-damage|p2b: Aegislash|56/100 brn|[from] brn\n|upkeep\n|turn|7\n|\n|t:|1775941231\n|switch|p1b: Incineroar|Incineroar, L50, F, shiny|100/100\n|-ability|p1b: Incineroar|Intimidate|boost\n|-unboost|p2a: Aerodactyl|atk|1\n|-unboost|p2b: Aegislash|atk|1\n|move|p2a: Aerodactyl|Rock Slide|p1a: Milotic|[spread] p1a,p1b\n|-supereffective|p1b: Incineroar|1\n|-damage|p1a: Milotic|48/100\n|-damage|p1b: Incineroar|71/100\n|cant|p1a: Milotic|flinch\n|move|p2b: Aegislash|Poltergeist|p1a: Milotic\n|-activate|p1a: Milotic|move: Poltergeist|Leftovers\n|-damage|p1a: Milotic|29/100\n|\n|-heal|p1a: Milotic|35/100|[from] item: Leftovers\n|-damage|p2b: Aegislash|50/100 brn|[from] brn\n|upkeep\n|turn|8\n|\n|t:|1775941256\n|switch|p2a: Rotom|Rotom-Wash, L50|100/100\n|move|p1b: Incineroar|Fake Out|p2a: Rotom\n|-damage|p2a: Rotom|84/100\n|move|p1a: Milotic|Icy Wind|p2a: Rotom|[spread] p2a,p2b\n|-resisted|p2a: Rotom|1\n|-resisted|p2b: Aegislash|1\n|-damage|p2a: Rotom|76/100\n|-damage|p2b: Aegislash|39/100 brn\n|-unboost|p2a: Rotom|spe|1\n|-unboost|p2b: Aegislash|spe|1\n|move|p2b: Aegislash|Poltergeist|p1a: Milotic|[miss]\n|-miss|p2b: Aegislash|p1a: Milotic\n|\n|-heal|p1a: Milotic|41/100|[from] item: Leftovers\n|-damage|p2b: Aegislash|33/100 brn|[from] brn\n|upkeep\n|turn|9\n|inactive|CristianoCristiano has 30 seconds left.\n|\n|t:|1775941282\n|move|p2a: Rotom|Volt Switch|p1b: Incineroar\n|-damage|p1b: Incineroar|36/100\n|\n|t:|1775941285\n|switch|p2a: Aerodactyl|Aerodactyl-Mega, L50, F|100/100|[from] Volt Switch\n|move|p1a: Milotic|Recover|p1a: Milotic\n|-heal|p1a: Milotic|91/100\n|move|p1b: Incineroar|Parting Shot|p2a: Aerodactyl\n|-unboost|p2a: Aerodactyl|atk|1\n|-unboost|p2a: Aerodactyl|spa|1\n|\n|t:|1775941293\n|switch|p1b: Sinistcha|Sinistcha, L50|93/100|[from] Parting Shot\n|-heal|p1a: Milotic|100/100|[from] ability: Hospitality|[of] p1b: Sinistcha\n|move|p2b: Aegislash|Poltergeist|p1b: Sinistcha\n|-activate|p1b: Sinistcha|move: Poltergeist|Focus Sash\n|-supereffective|p1b: Sinistcha|1\n|-damage|p1b: Sinistcha|54/100\n|\n|-damage|p2b: Aegislash|27/100 brn|[from] brn\n|upkeep\n|turn|10\n|inactive|CristianoCristiano has 30 seconds left.\n|\n|t:|1775941320\n|move|p2a: Aerodactyl|Rock Slide|p1b: Sinistcha|[spread] p1a,p1b\n|-damage|p1a: Milotic|80/100\n|-damage|p1b: Sinistcha|35/100\n|cant|p1a: Milotic|flinch\n|move|p1b: Sinistcha|Matcha Gotcha|p2a: Aerodactyl|[spread] p2a,p2b\n|-resisted|p2b: Aegislash|1\n|-damage|p2a: Aerodactyl|71/100\n|-heal|p1b: Sinistcha|48/100|[from] drain|[of] p2a: Aerodactyl\n|-damage|p2b: Aegislash|6/100 brn\n|-heal|p1b: Sinistcha|58/100|[from] drain|[of] p2b: Aegislash\n|move|p2b: Aegislash|Poltergeist|p1b: Sinistcha\n|-activate|p1b: Sinistcha|move: Poltergeist|Focus Sash\n|-supereffective|p1b: Sinistcha|1\n|-damage|p1b: Sinistcha|18/100\n|\n|-heal|p1a: Milotic|86/100|[from] item: Leftovers\n|-damage|p2b: Aegislash|0 fnt|[from] brn\n|faint|p2b: Aegislash\n|upkeep\n|\n|t:|1775941336\n|switch|p2b: Rotom|Rotom-Wash, L50|76/100\n|turn|11\n|\n|t:|1775941350\n|move|p1b: Sinistcha|Rage Powder|p1b: Sinistcha\n|-singleturn|p1b: Sinistcha|move: Rage Powder\n|move|p2a: Aerodactyl|Rock Slide|p1a: Milotic|[spread] p1a\n|-miss|p2a: Aerodactyl|p1b: Sinistcha\n|-damage|p1a: Milotic|67/100\n|move|p2b: Rotom|Thunderbolt|p1b: Sinistcha\n|-resisted|p1b: Sinistcha|1\n|-damage|p1b: Sinistcha|0 fnt\n|faint|p1b: Sinistcha\n|move|p1a: Milotic|Icy Wind|p2b: Rotom|[spread] p2a,p2b\n|-supereffective|p2a: Aerodactyl|1\n|-resisted|p2b: Rotom|1\n|-damage|p2a: Aerodactyl|41/100\n|-damage|p2b: Rotom|69/100\n|-unboost|p2a: Aerodactyl|spe|1\n|-unboost|p2b: Rotom|spe|1\n|\n|-heal|p1a: Milotic|73/100|[from] item: Leftovers\n|upkeep\n|\n|t:|1775941365\n|switch|p1b: Incineroar|Incineroar, L50, F, shiny|36/100\n|-ability|p1b: Incineroar|Intimidate|boost\n|-unboost|p2a: Aerodactyl|atk|1\n|-unboost|p2b: Rotom|atk|1\n|turn|12\n|\n|t:|1775941376\n|move|p2a: Aerodactyl|Protect|p2a: Aerodactyl\n|-singleturn|p2a: Aerodactyl|Protect\n|move|p1b: Incineroar|Fake Out|p2b: Rotom\n|-damage|p2b: Rotom|52/100\n|cant|p2b: Rotom|flinch\n|move|p1a: Milotic|Icy Wind|p2b: Rotom|[spread] p2b\n|-activate|p2a: Aerodactyl|move: Protect\n|-resisted|p2b: Rotom|1\n|-damage|p2b: Rotom|45/100\n|-unboost|p2b: Rotom|spe|1\n|\n|-heal|p1a: Milotic|80/100|[from] item: Leftovers\n|upkeep\n|turn|13\n|\n|t:|1775941398\n|move|p2a: Aerodactyl|Rock Slide|p1a: Milotic|[spread] p1a,p1b\n|-supereffective|p1b: Incineroar|1\n|-damage|p1a: Milotic|67/100\n|-damage|p1b: Incineroar|6/100\n|move|p2b: Rotom|Thunderbolt|p1b: Incineroar\n|-damage|p1b: Incineroar|0 fnt\n|faint|p1b: Incineroar\n|move|p1a: Milotic|Scald|p2b: Rotom\n|-resisted|p2b: Rotom|1\n|-damage|p2b: Rotom|23/100\n|-status|p2b: Rotom|brn\n|\n|-heal|p1a: Milotic|73/100|[from] item: Leftovers\n|-damage|p2b: Rotom|17/100 brn|[from] brn\n|upkeep\n|turn|14\n|\n|t:|1775941413\n|move|p1a: Milotic|Protect|p1a: Milotic\n|-singleturn|p1a: Milotic|Protect\n|move|p2a: Aerodactyl|Rock Slide|p1a: Milotic\n|-activate|p1a: Milotic|move: Protect\n|move|p2b: Rotom|Thunderbolt|p1a: Milotic\n|-activate|p1a: Milotic|move: Protect\n|\n|-heal|p1a: Milotic|79/100|[from] item: Leftovers\n|-damage|p2b: Rotom|12/100 brn|[from] brn\n|upkeep\n|turn|15\n|\n|t:|1775941428\n|move|p2a: Aerodactyl|Rock Slide|p1a: Milotic\n|-damage|p1a: Milotic|59/100\n|move|p2b: Rotom|Thunderbolt|p1a: Milotic\n|-supereffective|p1a: Milotic|1\n|-damage|p1a: Milotic|0 fnt\n|faint|p1a: Milotic\n|\n|win|jyotsha\n|raw|CristianoCristiano's rating: 1131 &rarr; <strong>1109</strong><br />(-22 for losing)\n|raw|jyotsha's rating: 1169 &rarr; <strong>1191</strong><br />(+22 for winning)\n",
  "uploadtime": 1775941428,
  "views": 12,
  "formatid": "gen9championsvgc2026regma",
  "rating": 1109,
  "private": 0,
  "password": null
}