{
  "id": "gen9championsvgc2026regma-2581376067",
  "format": "[Gen 9 Champions] VGC 2026 Reg M-A",
  "players": [
    "f8s",
    "jibaobao"
  ],
  "log": "|j|\u2606f8s\n|j|\u2606jibaobao\n|t:|1775993554\n|gametype|doubles\n|player|p1|f8s|1|1115\n|player|p2|jibaobao|266|1179\n|gen|9\n|tier|[Gen 9 Champions] VGC 2026 Reg M-A\n|rated|\n|rule|Species Clause: Limit one of each Pok\u00e9mon\n|rule|Item Clause: Limit 1 of each item\n|clearpoke\n|poke|p1|Tyranitar, L50, F|\n|poke|p1|Excadrill, L50, M|\n|poke|p1|Rotom-Wash, L50|\n|poke|p1|Incineroar, L50, F|\n|poke|p1|Talonflame, L50, M|\n|poke|p1|Farigiraf, L50, F|\n|poke|p2|Dragonite, L50, F|\n|poke|p2|Pelipper, L50, F|\n|poke|p2|Manectric, L50, F|\n|poke|p2|Incineroar, L50, F|\n|poke|p2|Basculegion, L50, M|\n|poke|p2|Sinistcha, L50|\n|teampreview|4\n|inactive|Battle timer is ON: inactive players will automatically lose when time's up. (requested by f8s)\n|\n|t:|1775993580\n|teamsize|p1|4\n|teamsize|p2|4\n|start\n|switch|p1a: Rotom|Rotom-Wash, L50|100/100\n|switch|p1b: Excadrill|Excadrill, L50, M|100/100\n|switch|p2a: Manectric|Manectric, L50, F|100/100\n|switch|p2b: Basculegion|Basculegion, L50, M|100/100\n|turn|1\n|\n|t:|1775993605\n|move|p2a: Manectric|Protect|p2a: Manectric\n|-singleturn|p2a: Manectric|Protect\n|move|p2b: Basculegion|Flip Turn|p1b: Excadrill\n|-supereffective|p1b: Excadrill|1\n|-enditem|p1b: Excadrill|Focus Sash\n|-damage|p1b: Excadrill|1/100\n|\n|t:|1775993612\n|switch|p2b: Incineroar|Incineroar, L50, F|100/100|[from] Flip Turn\n|-ability|p2b: Incineroar|Intimidate|boost\n|-unboost|p1a: Rotom|atk|1\n|-unboost|p1b: Excadrill|atk|1\n|move|p1b: Excadrill|Stomping Tantrum|p2a: Manectric\n|-activate|p2a: Manectric|move: Protect\n|move|p1a: Rotom|Hydro Pump|p2a: Manectric\n|-activate|p2a: Manectric|move: Protect\n|\n|upkeep\n|turn|2\n|\n|t:|1775993630\n|switch|p1b: Tyranitar|Tyranitar, L50, F|100/100\n|-weather|Sandstorm|[from] ability: Sand Stream|[of] p1b: Tyranitar\n|move|p2b: Incineroar|Fake Out|p1a: Rotom\n|-damage|p1a: Rotom|88/100\n|move|p2a: Manectric|Snarl|p1a: Rotom|[spread] p1a,p1b\n|-resisted|p1b: Tyranitar|1\n|-damage|p1a: Rotom|78/100\n|-damage|p1b: Tyranitar|98/100\n|-unboost|p1a: Rotom|spa|1\n|-unboost|p1b: Tyranitar|spa|1\n|cant|p1a: Rotom|flinch\n|\n|-weather|Sandstorm|[upkeep]\n|-damage|p2a: Manectric|95/100|[from] Sandstorm\n|-damage|p1a: Rotom|72/100|[from] Sandstorm\n|-damage|p2b: Incineroar|94/100|[from] Sandstorm\n|-heal|p1a: Rotom|78/100|[from] item: Leftovers\n|upkeep\n|turn|3\n|inactive|jibaobao has 30 seconds left.\n|\n|t:|1775993655\n|switch|p2b: Pelipper|Pelipper, L50, F|100/100\n|-weather|RainDance|[from] ability: Drizzle|[of] p2b: Pelipper\n|detailschange|p1b: Tyranitar|Tyranitar-Mega, L50, F\n|-mega|p1b: Tyranitar|Tyranitar|Tyranitarite\n|-weather|Sandstorm|[from] ability: Sand Stream|[of] p1b: Tyranitar\n|move|p2a: Manectric|Volt Switch|p1a: Rotom\n|-damage|p1a: Rotom|47/100\n|\n|t:|1775993666\n|switch|p2a: Incineroar|Incineroar, L50, F|94/100|[from] Volt Switch\n|-ability|p2a: Incineroar|Intimidate|boost\n|-unboost|p1a: Rotom|atk|1\n|-unboost|p1b: Tyranitar|atk|1\n|move|p1a: Rotom|Hydro Pump|p2b: Pelipper\n|-resisted|p2b: Pelipper|1\n|-damage|p2b: Pelipper|69/100\n|move|p1b: Tyranitar|Rock Slide|p2b: Pelipper|[spread] p2a,p2b\n|-supereffective|p2a: Incineroar|1\n|-supereffective|p2b: Pelipper|1\n|-damage|p2a: Incineroar|46/100\n|-damage|p2b: Pelipper|0 fnt\n|-enditem|p2a: Incineroar|Sitrus Berry|[eat]\n|-heal|p2a: Incineroar|71/100|[from] item: Sitrus Berry\n|faint|p2b: Pelipper\n|\n|-weather|Sandstorm|[upkeep]\n|-damage|p1a: Rotom|41/100|[from] Sandstorm\n|-damage|p2a: Incineroar|65/100|[from] Sandstorm\n|-heal|p1a: Rotom|47/100|[from] item: Leftovers\n|upkeep\n|\n|t:|1775993687\n|switch|p2b: Basculegion|Basculegion, L50, M|100/100\n|turn|4\n|\n|t:|1775993697\n|switch|p2a: Manectric|Manectric, L50, F|95/100\n|move|p2b: Basculegion|Wave Crash|p1b: Tyranitar\n|-supereffective|p1b: Tyranitar|1\n|-damage|p1b: Tyranitar|1/100\n|-damage|p2b: Basculegion|67/100|[from] Recoil\n|move|p1a: Rotom|Volt Switch|p2a: Manectric\n|-activate|p2a: Manectric|ability: Lightning Rod\n|-ability|p2a: Manectric|Lightning Rod|boost\n|-boost|p2a: Manectric|spa|1\n|move|p1b: Tyranitar|Rock Slide|p2b: Basculegion|[spread] p2a,p2b\n|-damage|p2a: Manectric|57/100\n|-damage|p2b: Basculegion|37/100\n|\n|-weather|Sandstorm|[upkeep]\n|-damage|p2b: Basculegion|30/100|[from] Sandstorm\n|-damage|p2a: Manectric|51/100|[from] Sandstorm\n|-damage|p1a: Rotom|41/100|[from] Sandstorm\n|-heal|p1a: Rotom|47/100|[from] item: Leftovers\n|upkeep\n|turn|5\n|\n|t:|1775993719\n|move|p1b: Tyranitar|Protect|p1b: Tyranitar\n|-singleturn|p1b: Tyranitar|Protect\n|move|p2b: Basculegion|Wave Crash|p1a: Rotom\n|-resisted|p1a: Rotom|1\n|-damage|p1a: Rotom|5/100\n|-damage|p2b: Basculegion|19/100|[from] Recoil\n|move|p2a: Manectric|Snarl|p1a: Rotom|[spread] p1a\n|-activate|p1b: Tyranitar|move: Protect\n|-damage|p1a: Rotom|0 fnt\n|faint|p1a: Rotom\n|\n|-weather|Sandstorm|[upkeep]\n|-damage|p2b: Basculegion|13/100|[from] Sandstorm\n|-damage|p2a: Manectric|46/100|[from] Sandstorm\n|upkeep\n|\n|t:|1775993730\n|switch|p1a: Excadrill|Excadrill, L50, M|1/100\n|turn|6\n|\n|t:|1775993745\n|switch|p2b: Incineroar|Incineroar, L50, F|65/100\n|-ability|p2b: Incineroar|Intimidate|boost\n|-unboost|p1a: Excadrill|atk|1\n|-unboost|p1b: Tyranitar|atk|1\n|move|p2a: Manectric|Protect|p2a: Manectric\n|-singleturn|p2a: Manectric|Protect\n|move|p1a: Excadrill|Rock Slide|p2a: Manectric|[spread] p2b\n|-activate|p2a: Manectric|move: Protect\n|-supereffective|p2b: Incineroar|1\n|-damage|p2b: Incineroar|41/100\n|move|p1b: Tyranitar|Rock Slide|p2a: Manectric|[spread] \n|-activate|p2a: Manectric|move: Protect\n|-miss|p1b: Tyranitar|p2b: Incineroar\n|\n|-weather|Sandstorm|[upkeep]\n|-damage|p2a: Manectric|40/100|[from] Sandstorm\n|-damage|p2b: Incineroar|35/100|[from] Sandstorm\n|upkeep\n|turn|7\n|\n|t:|1775993766\n|move|p1a: Excadrill|Protect|p1a: Excadrill\n|-singleturn|p1a: Excadrill|Protect\n|move|p1b: Tyranitar|Protect|p1b: Tyranitar\n|-singleturn|p1b: Tyranitar|Protect\n|move|p2b: Incineroar|Fake Out|p1a: Excadrill\n|-activate|p1a: Excadrill|move: Protect\n|move|p2a: Manectric|Snarl|p1a: Excadrill|[spread] \n|-activate|p1a: Excadrill|move: Protect\n|-activate|p1b: Tyranitar|move: Protect\n|\n|-weather|none\n|upkeep\n|turn|8\n|\n|t:|1775993785\n|switch|p1a: Talonflame|Talonflame, L50, M|100/100\n|switch|p2b: Basculegion|Basculegion, L50, M|13/100\n|move|p2a: Manectric|Snarl|p1b: Tyranitar|[spread] p1a,p1b\n|-resisted|p1b: Tyranitar|1\n|-damage|p1a: Talonflame|76/100\n|-damage|p1b: Tyranitar|0 fnt\n|-unboost|p1a: Talonflame|spa|1\n|faint|p1b: Tyranitar\n|\n|upkeep\n|\n|t:|1775993795\n|switch|p1b: Excadrill|Excadrill, L50, M|1/100\n|turn|9\n|\n|t:|1775993810\n|detailschange|p2a: Manectric|Manectric-Mega, L50, F\n|-mega|p2a: Manectric|Manectric|Manectite\n|-ability|p2a: Manectric|Intimidate|boost\n|-unboost|p1a: Talonflame|atk|1\n|-unboost|p1b: Excadrill|atk|1\n|move|p2b: Basculegion|Aqua Jet|p1b: Excadrill\n|-supereffective|p1b: Excadrill|1\n|-damage|p1b: Excadrill|0 fnt\n|faint|p1b: Excadrill\n|move|p2a: Manectric|Volt Switch|p1a: Talonflame\n|-supereffective|p1a: Talonflame|1\n|-damage|p1a: Talonflame|0 fnt\n|faint|p1a: Talonflame\n|\n|win|jibaobao\n|raw|f8s's rating: 1115 &rarr; <strong>1095</strong><br />(-20 for losing)\n|raw|jibaobao's rating: 1179 &rarr; <strong>1199</strong><br />(+20 for winning)\n|l|\u2606f8s\n|player|p1|\n",
  "uploadtime": 1775993824,
  "views": 22,
  "formatid": "gen9championsvgc2026regma",
  "rating": 1095,
  "private": 0,
  "password": null
}