{
  "id": "gen9championsvgc2026regma-2581435384",
  "format": "[Gen 9 Champions] VGC 2026 Reg M-A",
  "players": [
    "dghjjjpoke",
    "anxeity"
  ],
  "log": "|j|\u2606dghjjjpoke\n|j|\u2606anxeity\n|t:|1776000140\n|gametype|doubles\n|player|p1|dghjjjpoke|266|1000\n|player|p2|anxeity|102|1083\n|gen|9\n|tier|[Gen 9 Champions] VGC 2026 Reg M-A\n|rated|\n|rule|Species Clause: Limit one of each Pok\u00e9mon\n|rule|Item Clause: Limit 1 of each item\n|clearpoke\n|poke|p1|Victreebel, L50, F|\n|poke|p1|Torkoal, L50, F|\n|poke|p1|Meganium, L50, M|\n|poke|p1|Emboar, L50, M|\n|poke|p1|Glimmora, L50, M|\n|poke|p1|Tyranitar, L50, M|\n|poke|p2|Gengar, L50, F|\n|poke|p2|Sinistcha, L50|\n|poke|p2|Incineroar, L50, F|\n|poke|p2|Palafin, L50, F|\n|poke|p2|Kingambit, L50, M|\n|poke|p2|Talonflame, L50, M|\n|teampreview|4\n|c|\u2606anxeity|5/6 can mega evolve i have no idea who it is\n|\n|t:|1776000245\n|teamsize|p1|4\n|teamsize|p2|4\n|start\n|switch|p1a: Torkoal|Torkoal, L50, F|100/100\n|switch|p1b: Victreebel|Victreebel, L50, F, shiny|100/100\n|switch|p2a: Incineroar|Incineroar, L50, F, shiny|100/100\n|switch|p2b: Palafin|Palafin, L50, F, shiny|100/100\n|-ability|p2a: Incineroar|Intimidate|boost\n|-unboost|p1a: Torkoal|atk|1\n|-unboost|p1b: Victreebel|atk|1\n|-weather|SunnyDay|[from] ability: Drought|[of] p1a: Torkoal\n|turn|1\n|\n|t:|1776000310\n|detailschange|p1b: Victreebel|Victreebel-Mega, L50, F, shiny\n|-mega|p1b: Victreebel|Victreebel|Victreebelite\n|move|p2b: Palafin|Flip Turn|p1a: Torkoal\n|-supereffective|p1a: Torkoal|1\n|-damage|p1a: Torkoal|80/100\n|\n|t:|1776000318\n|detailschange|p2b: Palafin|Palafin-Hero, L50, F, shiny\n|switch|p2b: Gengar|Gengar, L50, F, shiny|100/100|[from] Flip Turn\n|move|p1b: Victreebel|Strength Sap|p2a: Incineroar\n|-unboost|p2a: Incineroar|atk|1\n|move|p2a: Incineroar|Flare Blitz|p1b: Victreebel\n|-supereffective|p1b: Victreebel|1\n|-damage|p1b: Victreebel|0 fnt\n|-damage|p2a: Incineroar|8/100|[from] ability: Innards Out|[of] p1b: Victreebel\n|-enditem|p2a: Incineroar|Sitrus Berry|[eat]\n|-heal|p2a: Incineroar|33/100|[from] item: Sitrus Berry\n|faint|p1b: Victreebel\n|-damage|p2a: Incineroar|2/100|[from] Recoil\n|move|p1a: Torkoal|Solar Beam||[still]\n|-prepare|p1a: Torkoal|Solar Beam\n|-anim|p1a: Torkoal|Solar Beam|p2b: Gengar\n|-resisted|p2b: Gengar|1\n|-damage|p2b: Gengar|73/100\n|\n|-weather|SunnyDay|[upkeep]\n|upkeep\n|\n|t:|1776000341\n|switch|p1b: Tyranitar|Tyranitar, L50, M|100/100\n|-weather|Sandstorm|[from] ability: Sand Stream|[of] p1b: Tyranitar\n|turn|2\n|\n|t:|1776000371\n|detailschange|p2b: Gengar|Gengar-Mega, L50, F, shiny\n|-mega|p2b: Gengar|Gengar|Gengarite\n|move|p2b: Gengar|Protect|p2b: Gengar\n|-singleturn|p2b: Gengar|Protect\n|move|p1b: Tyranitar|Earthquake|p2a: Incineroar|[spread] p1a,p2a\n|-activate|p2b: Gengar|move: Protect\n|-supereffective|p1a: Torkoal|1\n|-supereffective|p2a: Incineroar|1\n|-crit|p2a: Incineroar\n|-damage|p1a: Torkoal|28/100\n|-damage|p2a: Incineroar|0 fnt\n|faint|p2a: Incineroar\n|move|p1a: Torkoal|Amnesia|p1a: Torkoal\n|-boost|p1a: Torkoal|spd|2\n|\n|-weather|Sandstorm|[upkeep]\n|-damage|p2b: Gengar|68/100|[from] Sandstorm\n|-damage|p1a: Torkoal|22/100|[from] Sandstorm\n|upkeep\n|\n|t:|1776000390\n|switch|p2a: Palafin|Palafin-Hero, L50, F, shiny|100/100\n|-activate|p2a: Palafin|ability: Zero to Hero\n|turn|3\n|\n|t:|1776000414\n|move|p2a: Palafin|Close Combat|p1b: Tyranitar\n|-supereffective|p1b: Tyranitar|2\n|-damage|p1b: Tyranitar|0 fnt\n|-unboost|p2a: Palafin|def|1\n|-unboost|p2a: Palafin|spd|1\n|faint|p1b: Tyranitar\n|move|p2b: Gengar|Sludge Bomb|p1a: Torkoal\n|-damage|p1a: Torkoal|0 fnt\n|faint|p1a: Torkoal\n|\n|-weather|Sandstorm|[upkeep]\n|-damage|p2a: Palafin|94/100|[from] Sandstorm\n|-damage|p2b: Gengar|62/100|[from] Sandstorm\n|upkeep\n|\n|t:|1776000429\n|switch|p1b: Glimmora|Glimmora, L50, M|100/100\n|turn|4\n|\n|t:|1776000436\n|switch|p2a: Kingambit|Kingambit, L50, M|100/100\n|move|p1b: Glimmora|Spiky Shield|p1b: Glimmora\n|-singleturn|p1b: Glimmora|move: Protect\n|move|p2b: Gengar|Perish Song|p2b: Gengar\n|-start|p1b: Glimmora|perish3|[silent]\n|-start|p2a: Kingambit|perish3|[silent]\n|-start|p2b: Gengar|perish3|[silent]\n|-fieldactivate|move: Perish Song\n|\n|-weather|Sandstorm|[upkeep]\n|-damage|p2b: Gengar|56/100|[from] Sandstorm\n|-start|p2b: Gengar|perish3\n|-start|p1b: Glimmora|perish3\n|-start|p2a: Kingambit|perish3\n|upkeep\n|turn|5\n|\n|t:|1776000450\n|move|p2b: Gengar|Protect|p2b: Gengar\n|-singleturn|p2b: Gengar|Protect\n|move|p2a: Kingambit|Protect|p2a: Kingambit\n|-singleturn|p2a: Kingambit|Protect\n|move|p1b: Glimmora|Mortal Spin|p2b: Gengar|[spread] \n|-activate|p2a: Kingambit|move: Protect\n|-activate|p2b: Gengar|move: Protect\n|\n|-weather|Sandstorm|[upkeep]\n|-damage|p2b: Gengar|50/100|[from] Sandstorm\n|-start|p2b: Gengar|perish2\n|-start|p1b: Glimmora|perish2\n|-start|p2a: Kingambit|perish2\n|upkeep\n|turn|6\n|\n|t:|1776000466\n|switch|p2a: Palafin|Palafin-Hero, L50, F, shiny|94/100\n|move|p2b: Gengar|Icy Wind|p1b: Glimmora\n|-damage|p1b: Glimmora|79/100\n|-unboost|p1b: Glimmora|spe|1\n|move|p1b: Glimmora|Mortal Spin|p2b: Gengar|[spread] p2a,p2b\n|-resisted|p2b: Gengar|2\n|-damage|p2a: Palafin|90/100\n|-damage|p2b: Gengar|49/100\n|-status|p2a: Palafin|psn\n|\n|-weather|none\n|-damage|p2a: Palafin|77/100 psn|[from] psn\n|-start|p2b: Gengar|perish1\n|-start|p1b: Glimmora|perish1\n|upkeep\n|turn|7\n|\n|t:|1776000484\n|switch|p2b: Kingambit|Kingambit, L50, M|100/100\n|move|p2a: Palafin|Flip Turn|p1b: Glimmora\n|-supereffective|p1b: Glimmora|1\n|-damage|p1b: Glimmora|0 fnt\n|-activate|p1b: Glimmora|ability: Toxic Debris\n|-sidestart|p2: anxeity|move: Toxic Spikes\n|faint|p1b: Glimmora\n|\n|win|anxeity\n|raw|dghjjjpoke's rating: 1000 &rarr; <strong>1000</strong><br />(+0 for losing)\n|raw|anxeity's rating: 1083 &rarr; <strong>1104</strong><br />(+21 for winning)\n",
  "uploadtime": 1776000495,
  "views": 16,
  "formatid": "gen9championsvgc2026regma",
  "rating": 1000,
  "private": 0,
  "password": null
}