{
  "id": "gen9championsvgc2026regma-2587335859",
  "format": "[Gen 9 Champions] VGC 2026 Reg M-A",
  "players": [
    "Toalhitas",
    "z3r0cool"
  ],
  "log": "|j|\u2606Toalhitas\n|j|\u2606z3r0cool\n|t:|1776523120\n|gametype|doubles\n|player|p1|Toalhitas|102|1108\n|player|p2|z3r0cool|lorelei-gen1|1095\n|gen|9\n|tier|[Gen 9 Champions] VGC 2026 Reg M-A\n|rated|\n|rule|Species Clause: Limit one of each Pok\u00e9mon\n|rule|Item Clause: Limit 1 of each item\n|clearpoke\n|poke|p1|Gengar, L50, M|\n|poke|p1|Politoed, L50, F|\n|poke|p1|Incineroar, L50, F|\n|poke|p1|Basculegion, L50, M|\n|poke|p1|Archaludon, L50, F|\n|poke|p1|Whimsicott, L50, F|\n|poke|p2|Incineroar, L50, M|\n|poke|p2|Torkoal, L50, M|\n|poke|p2|Venusaur, L50, F, shiny|\n|poke|p2|Golurk, L50, shiny|\n|poke|p2|Sneasler, L50, M, shiny|\n|poke|p2|Farigiraf, L50, M|\n|teampreview|4\n|inactive|Battle timer is ON: inactive players will automatically lose when time's up. (requested by z3r0cool)\n|\n|t:|1776523135\n|teamsize|p1|4\n|teamsize|p2|4\n|start\n|switch|p1a: Gengar|Gengar, L50, M|100/100\n|switch|p1b: Incineroar|Incineroar, L50, F|100/100\n|switch|p2a: Incineroar|Incineroar, L50, M|100/100\n|switch|p2b: Farigiraf|Farigiraf, L50, M|100/100\n|-ability|p2a: Incineroar|Intimidate|boost\n|-unboost|p1a: Gengar|atk|1\n|-unboost|p1b: Incineroar|atk|1\n|-ability|p1b: Incineroar|Intimidate|boost\n|-unboost|p2a: Incineroar|atk|1\n|-unboost|p2b: Farigiraf|atk|1\n|turn|1\n|inactive|z3r0cool has 30 seconds left.\n|\n|t:|1776523160\n|detailschange|p1a: Gengar|Gengar-Mega, L50, M\n|-mega|p1a: Gengar|Gengar|Gengarite\n|move|p1b: Incineroar|Fake Out||[still]\n|cant|p2b: Farigiraf|ability: Armor Tail|Fake Out|[of] p1b: Incineroar\n|move|p1a: Gengar|Perish Song|p1a: Gengar\n|-start|p1a: Gengar|perish3|[silent]\n|-start|p1b: Incineroar|perish3|[silent]\n|-start|p2a: Incineroar|perish3|[silent]\n|-start|p2b: Farigiraf|perish3|[silent]\n|-fieldactivate|move: Perish Song\n|move|p2a: Incineroar|Parting Shot|p1b: Incineroar\n|-unboost|p1b: Incineroar|atk|1\n|-unboost|p1b: Incineroar|spa|1\n|\n|t:|1776523181\n|switch|p2a: Golurk|Golurk, L50, shiny|100/100|[from] Parting Shot\n|move|p2b: Farigiraf|Trick Room|p2b: Farigiraf\n|-fieldstart|move: Trick Room|[of] p2b: Farigiraf\n|\n|-start|p2b: Farigiraf|perish3\n|-start|p1b: Incineroar|perish3\n|-start|p1a: Gengar|perish3\n|upkeep\n|turn|2\n|inactive|Toalhitas has 30 seconds left.\n|\n|t:|1776523207\n|detailschange|p2a: Golurk|Golurk-Mega, L50, shiny\n|-mega|p2a: Golurk|Golurk|Golurkite\n|move|p2b: Farigiraf|Twin Beam|p1a: Gengar\n|-supereffective|p1a: Gengar|1\n|-damage|p1a: Gengar|67/100\n|-supereffective|p1a: Gengar|1\n|-damage|p1a: Gengar|33/100\n|-hitcount|p1a: Gengar|2\n|move|p2a: Golurk|Headlong Rush|p1b: Incineroar\n|-supereffective|p1b: Incineroar|1\n|-damage|p1b: Incineroar|0 fnt\n|-unboost|p2a: Golurk|def|1\n|-unboost|p2a: Golurk|spd|1\n|faint|p1b: Incineroar\n|move|p1a: Gengar|Perish Song|p1a: Gengar\n|-start|p2a: Golurk|perish3|[silent]\n|-fieldactivate|move: Perish Song\n|\n|-start|p2b: Farigiraf|perish2\n|-start|p2a: Golurk|perish3\n|-start|p1a: Gengar|perish2\n|upkeep\n|inactive|Toalhitas has 30 seconds left.\n|\n|t:|1776523232\n|switch|p1b: Basculegion|Basculegion, L50, M|100/100\n|turn|3\n|inactive|z3r0cool has 30 seconds left.\n|\n|t:|1776523262\n|move|p1a: Gengar|Protect|p1a: Gengar\n|-singleturn|p1a: Gengar|Protect\n|move|p2b: Farigiraf|Twin Beam|p1a: Gengar\n|-activate|p1a: Gengar|move: Protect\n|move|p2a: Golurk|Poltergeist|p1b: Basculegion\n|-activate|p1b: Basculegion|move: Poltergeist|Choice Scarf\n|-supereffective|p1b: Basculegion|1\n|-damage|p1b: Basculegion|0 fnt\n|faint|p1b: Basculegion\n|\n|-start|p2b: Farigiraf|perish1\n|-start|p2a: Golurk|perish2\n|-start|p1a: Gengar|perish1\n|upkeep\n|\n|t:|1776523280\n|switch|p1b: Politoed|Politoed, L50, F|100/100\n|-weather|RainDance|[from] ability: Drizzle|[of] p1b: Politoed\n|turn|4\n|\n|t:|1776523292\n|move|p2b: Farigiraf|Helping Hand|p2a: Golurk\n|-singleturn|p2a: Golurk|Helping Hand|[of] p2b: Farigiraf\n|move|p2a: Golurk|Headlong Rush|p1a: Gengar\n|-supereffective|p1a: Gengar|1\n|-damage|p1a: Gengar|0 fnt\n|-unboost|p2a: Golurk|def|1\n|-unboost|p2a: Golurk|spd|1\n|faint|p1a: Gengar\n|move|p1b: Politoed|Muddy Water|p2b: Farigiraf|[spread] p2a,p2b\n|-supereffective|p2a: Golurk|1\n|-damage|p2a: Golurk|0 fnt\n|-damage|p2b: Farigiraf|70/100\n|-unboost|p2b: Farigiraf|accuracy|1\n|faint|p2a: Golurk\n|\n|-weather|RainDance|[upkeep]\n|-start|p2b: Farigiraf|perish0\n|faint|p2b: Farigiraf\n|upkeep\n|\n|t:|1776523312\n|switch|p2b: Incineroar|Incineroar, L50, M|100/100\n|switch|p2a: Torkoal|Torkoal, L50, M|100/100\n|-weather|SunnyDay|[from] ability: Drought|[of] p2a: Torkoal\n|-ability|p2b: Incineroar|Intimidate|boost\n|-unboost|p1b: Politoed|atk|1\n|turn|5\n|\n|t:|1776523335\n|move|p2b: Incineroar|Fake Out|p1b: Politoed\n|-damage|p1b: Politoed|90/100\n|move|p2a: Torkoal|Eruption|p1b: Politoed\n|-resisted|p1b: Politoed|1\n|-crit|p1b: Politoed\n|-damage|p1b: Politoed|30/100\n|-enditem|p1b: Politoed|Sitrus Berry|[eat]\n|-heal|p1b: Politoed|55/100|[from] item: Sitrus Berry\n|cant|p1b: Politoed|flinch\n|\n|-weather|SunnyDay|[upkeep]\n|-fieldend|move: Trick Room\n|upkeep\n|turn|6\n|\n|t:|1776523354\n|move|p1b: Politoed|Muddy Water|p2b: Incineroar|[spread] p2b\n|-miss|p1b: Politoed|p2a: Torkoal\n|-supereffective|p2b: Incineroar|1\n|-damage|p2b: Incineroar|82/100\n|move|p2b: Incineroar|Throat Chop|p1b: Politoed\n|-damage|p1b: Politoed|21/100\n|-start|p1b: Politoed|Throat Chop|[silent]\n|move|p2a: Torkoal|Weather Ball|p1b: Politoed\n|-resisted|p1b: Politoed|1\n|-damage|p1b: Politoed|0 fnt\n|faint|p1b: Politoed\n|\n|win|z3r0cool\n|raw|Toalhitas's rating: 1108 &rarr; <strong>1082</strong><br />(-26 for losing)\n|raw|z3r0cool's rating: 1095 &rarr; <strong>1122</strong><br />(+27 for winning)\n",
  "uploadtime": 1776523365,
  "views": 12,
  "formatid": "gen9championsvgc2026regma",
  "rating": 1082,
  "private": 0,
  "password": null
}