{
  "id": "gen9championsvgc2026regma-2585918798",
  "format": "[Gen 9 Champions] VGC 2026 Reg M-A",
  "players": [
    "SuguruKarma",
    "Dext09"
  ],
  "log": "|j|\u2606SuguruKarma\n|j|\u2606Dext09\n|t:|1776381414\n|gametype|doubles\n|player|p1|SuguruKarma|n|1164\n|player|p2|Dext09|170|1118\n|gen|9\n|tier|[Gen 9 Champions] VGC 2026 Reg M-A\n|rated|\n|rule|Species Clause: Limit one of each Pok\u00e9mon\n|rule|Item Clause: Limit 1 of each item\n|clearpoke\n|poke|p1|Froslass, L50, F|\n|poke|p1|Rotom-Frost, L50|\n|poke|p1|Garchomp, L50, F|\n|poke|p1|Empoleon, L50, M|\n|poke|p1|Incineroar, L50, F|\n|poke|p1|Kingambit, L50, M|\n|poke|p2|Gardevoir, L50, F|\n|poke|p2|Maushold, L50|\n|poke|p2|Basculegion, L50, M|\n|poke|p2|Talonflame, L50, F|\n|poke|p2|Kingambit, L50, F|\n|poke|p2|Garchomp, L50, M|\n|teampreview|4\nDext09 rejected open team sheets.\n|inactive|Battle timer is ON: inactive players will automatically lose when time's up. (requested by Dext09)\n|\n|t:|1776381474\n|teamsize|p1|4\n|teamsize|p2|4\n|start\n|switch|p1a: Rotom|Rotom-Frost, L50|100/100\n|switch|p1b: Garchomp|Garchomp, L50, F|100/100\n|switch|p2a: Gardevoir|Gardevoir, L50, F|100/100\n|switch|p2b: Maushold|Maushold, L50|100/100\n|turn|1\n|\n|t:|1776381490\n|detailschange|p2a: Gardevoir|Gardevoir-Mega, L50, F\n|-mega|p2a: Gardevoir|Gardevoir|Gardevoirite\n|move|p2b: Maushold|Follow Me|p2b: Maushold\n|-singleturn|p2b: Maushold|move: Follow Me\n|move|p1a: Rotom|Blizzard|p2b: Maushold|[spread] p2a,p2b\n|-damage|p2a: Gardevoir|81/100\n|-damage|p2b: Maushold|51/100\n|move|p1b: Garchomp|Earthquake|p2b: Maushold|[spread] p2a,p2b\n|-immune|p1a: Rotom|[from] ability: Levitate\n|-damage|p2a: Gardevoir|43/100\n|-damage|p2b: Maushold|0 fnt\n|faint|p2b: Maushold\n|move|p2a: Gardevoir|Trick Room|p2a: Gardevoir\n|-fieldstart|move: Trick Room|[of] p2a: Gardevoir\n|\n|upkeep\n|\n|t:|1776381510\n|switch|p2b: Basculegion|Basculegion, L50, M|100/100\n|turn|2\n|\n|t:|1776381522\n|switch|p1a: Kingambit|Kingambit, L50, M|100/100\n|move|p2b: Basculegion|Protect|p2b: Basculegion\n|-singleturn|p2b: Basculegion|Protect\n|move|p1b: Garchomp|Protect|p1b: Garchomp\n|-singleturn|p1b: Garchomp|Protect\n|move|p2a: Gardevoir|Hyper Voice|p1a: Kingambit|[spread] p1a\n|-activate|p1b: Garchomp|move: Protect\n|-damage|p1a: Kingambit|36/100\n|\n|upkeep\n|turn|3\n|\n|t:|1776381543\n|move|p1a: Kingambit|Iron Head|p2a: Gardevoir\n|-supereffective|p2a: Gardevoir|1\n|-damage|p2a: Gardevoir|0 fnt\n|faint|p2a: Gardevoir\n|move|p2b: Basculegion|Flip Turn|p1a: Kingambit\n|-damage|p1a: Kingambit|0 fnt\n|faint|p1a: Kingambit\n|\n|t:|1776381551\n|switch|p2b: Talonflame|Talonflame, L50, F|100/100|[from] Flip Turn\n|move|p1b: Garchomp|Rock Slide|p2b: Talonflame\n|-supereffective|p2b: Talonflame|2\n|-damage|p2b: Talonflame|0 fnt\n|faint|p2b: Talonflame\n|\n|upkeep\n|\n|t:|1776381569\n|switch|p1a: Rotom|Rotom-Frost, L50|100/100\n|switch|p2a: Basculegion|Basculegion, L50, M|100/100\n|turn|4\n|\n|t:|1776381583\n|move|p2a: Basculegion|Last Respects|p1b: Garchomp\n|-damage|p1b: Garchomp|0 fnt\n|faint|p1b: Garchomp\n|move|p1a: Rotom|Electroweb|p2a: Basculegion\n|-supereffective|p2a: Basculegion|1\n|-damage|p2a: Basculegion|50/100\n|-unboost|p2a: Basculegion|spe|1\n|-enditem|p2a: Basculegion|Sitrus Berry|[eat]\n|-heal|p2a: Basculegion|75/100|[from] item: Sitrus Berry\n|\n|upkeep\n|\n|t:|1776381589\n|switch|p1b: Froslass|Froslass, L50, F|100/100\n|turn|5\n|\n|t:|1776381594\n|detailschange|p1b: Froslass|Froslass-Mega, L50, F\n|-mega|p1b: Froslass|Froslass|Froslassite\n|-weather|Snowscape|[from] ability: Snow Warning|[of] p1b: Froslass\n|move|p2a: Basculegion|Last Respects|p1b: Froslass\n|-supereffective|p1b: Froslass|1\n|-damage|p1b: Froslass|0 fnt\n|faint|p1b: Froslass\n|move|p1a: Rotom|Electroweb|p2a: Basculegion\n|-supereffective|p2a: Basculegion|1\n|-damage|p2a: Basculegion|27/100\n|-unboost|p2a: Basculegion|spe|1\n|\n|-weather|Snowscape|[upkeep]\n|-fieldend|move: Trick Room\n|upkeep\n|turn|6\n|\n|t:|1776381615\n|move|p1a: Rotom|Electroweb|p2a: Basculegion\n|-supereffective|p2a: Basculegion|1\n|-damage|p2a: Basculegion|0 fnt\n|faint|p2a: Basculegion\n|\n|win|SuguruKarma\n|raw|SuguruKarma's rating: 1164 &rarr; <strong>1186</strong><br />(+22 for winning)\n|raw|Dext09's rating: 1118 &rarr; <strong>1096</strong><br />(-22 for losing)\n",
  "uploadtime": 1776381620,
  "views": 23,
  "formatid": "gen9championsvgc2026regma",
  "rating": 1096,
  "private": 0,
  "password": null
}