{
  "id": "gen9championsvgc2026regma-2587286658",
  "format": "[Gen 9 Champions] VGC 2026 Reg M-A",
  "players": [
    "mimo532",
    "A New Way"
  ],
  "log": "|j|\u2606mimo532\n|j|\u2606A New Way\n|t:|1776518443\n|gametype|doubles\n|player|p1|mimo532|266|1153\n|player|p2|A New Way|giovanni-gen3|1184\n|gen|9\n|tier|[Gen 9 Champions] VGC 2026 Reg M-A\n|rated|\n|rule|Species Clause: Limit one of each Pok\u00e9mon\n|rule|Item Clause: Limit 1 of each item\n|clearpoke\n|poke|p1|Kommo-o, L50, F|\n|poke|p1|Kangaskhan, L50, F|\n|poke|p1|Sinistcha, L50|\n|poke|p1|Incineroar, L50, M|\n|poke|p1|Volcarona, L50, F|\n|poke|p1|Milotic, L50, F|\n|poke|p2|Scovillain, L50, F|\n|poke|p2|Garganacl, L50, F|\n|poke|p2|Primarina, L50, F|\n|poke|p2|Dragonite, L50, M|\n|poke|p2|Farigiraf, L50, F|\n|poke|p2|Sinistcha, L50|\n|teampreview|4\n|inactive|Battle timer is ON: inactive players will automatically lose when time's up. (requested by A New Way)\n|inactive|mimo532 has 60 seconds left.\n|\n|t:|1776518479\n|teamsize|p1|4\n|teamsize|p2|4\n|start\n|switch|p1a: Kommo-o|Kommo-o, L50, F|100/100\n|switch|p1b: Kangaskhan|Kangaskhan, L50, F|100/100\n|switch|p2a: Scovillain|Scovillain, L50, F|100/100\n|switch|p2b: Garganacl|Garganacl, L50, F|100/100\n|turn|1\n|\n|t:|1776518492\n|detailschange|p1b: Kangaskhan|Kangaskhan-Mega, L50, F\n|-mega|p1b: Kangaskhan|Kangaskhan|Kangaskhanite\n|detailschange|p2a: Scovillain|Scovillain-Mega, L50, F\n|-mega|p2a: Scovillain|Scovillain|Scovillainite\n|move|p1b: Kangaskhan|Fake Out|p2b: Garganacl\n|-resisted|p2b: Garganacl|1\n|-damage|p2b: Garganacl|93/100\n|-resisted|p2b: Garganacl|1\n|-damage|p2b: Garganacl|92/100\n|-hitcount|p2b: Garganacl|2\n|move|p2a: Scovillain|Rage Powder|p2a: Scovillain\n|-singleturn|p2a: Scovillain|move: Rage Powder\n|move|p1a: Kommo-o|Clangorous Soul|p1a: Kommo-o\n|-boost|p1a: Kommo-o|atk|1\n|-boost|p1a: Kommo-o|def|1\n|-boost|p1a: Kommo-o|spa|1\n|-boost|p1a: Kommo-o|spd|1\n|-boost|p1a: Kommo-o|spe|1\n|-damage|p1a: Kommo-o|68/100\n|cant|p2b: Garganacl|flinch\n|\n|-heal|p1a: Kommo-o|74/100|[from] item: Leftovers\n|upkeep\n|turn|2\n|\n|t:|1776518510\n|switch|p1b: Sinistcha|Sinistcha, L50|100/100\n|-heal|p1a: Kommo-o|99/100|[from] ability: Hospitality|[of] p1b: Sinistcha\n|move|p2b: Garganacl|Wide Guard|p2b: Garganacl\n|-singleturn|p2b: Garganacl|Wide Guard\n|move|p2a: Scovillain|Rage Powder|p2a: Scovillain\n|-singleturn|p2a: Scovillain|move: Rage Powder\n|move|p1a: Kommo-o|Clanging Scales|p2a: Scovillain|[spread] \n|-activate|p2a: Scovillain|move: Wide Guard\n|-activate|p2b: Garganacl|move: Wide Guard\n|\n|-heal|p1a: Kommo-o|100/100|[from] item: Leftovers\n|upkeep\n|turn|3\n|\n|t:|1776518530\n|move|p2b: Garganacl|Wide Guard|p2b: Garganacl\n|-singleturn|p2b: Garganacl|Wide Guard\n|move|p1b: Sinistcha|Rage Powder|p1b: Sinistcha\n|-singleturn|p1b: Sinistcha|move: Rage Powder\n|move|p1a: Kommo-o|Aura Sphere|p2b: Garganacl\n|-supereffective|p2b: Garganacl|1\n|-crit|p2b: Garganacl\n|-damage|p2b: Garganacl|0 fnt\n|faint|p2b: Garganacl\n|move|p2a: Scovillain|Leech Seed|p1a: Kommo-o\n|-start|p1a: Kommo-o|move: Leech Seed\n|\n|-damage|p1a: Kommo-o|88/100|[from] Leech Seed|[of] p2a: Scovillain\n|upkeep\n|\n|t:|1776518538\n|switch|p2b: Primarina|Primarina, L50, F|100/100\n|turn|4\n|\n|t:|1776518549\n|move|p1a: Kommo-o|Protect|p1a: Kommo-o\n|-singleturn|p1a: Kommo-o|Protect\n|move|p2b: Primarina|Calm Mind|p2b: Primarina\n|-boost|p2b: Primarina|spa|1\n|-boost|p2b: Primarina|spd|1\n|move|p2a: Scovillain|Flamethrower|p1b: Sinistcha\n|-supereffective|p1b: Sinistcha|1\n|-damage|p1b: Sinistcha|23/100\n|-enditem|p1b: Sinistcha|Sitrus Berry|[eat]\n|-heal|p1b: Sinistcha|48/100|[from] item: Sitrus Berry\n|move|p1b: Sinistcha|Matcha Gotcha|p2b: Primarina|[spread] p2a,p2b\n|-resisted|p2a: Scovillain|2\n|-supereffective|p2b: Primarina|1\n|-damage|p2a: Scovillain|96/100\n|-heal|p1b: Sinistcha|50/100|[from] drain|[of] p2a: Scovillain\n|-damage|p2b: Primarina|66/100\n|-heal|p1b: Sinistcha|65/100|[from] drain|[of] p2b: Primarina\n|-status|p1b: Sinistcha|brn|[from] ability: Spicy Spray|[of] p2a: Scovillain\n|\n|-heal|p1a: Kommo-o|94/100|[from] item: Leftovers\n|-heal|p2b: Primarina|71/100|[from] item: Leftovers\n|-damage|p1a: Kommo-o|82/100|[from] Leech Seed|[of] p2a: Scovillain\n|-heal|p2a: Scovillain|100/100|[silent]\n|-damage|p1b: Sinistcha|59/100 brn|[from] brn\n|upkeep\n|turn|5\n|inactive|mimo532 has 30 seconds left.\n|inactive|A New Way has 30 seconds left.\n|inactive|mimo532 has 20 seconds left.\n|\n|t:|1776518585\n|switch|p1a: Volcarona|Volcarona, L50, F|100/100\n|move|p1b: Sinistcha|Protect|p1b: Sinistcha\n|-singleturn|p1b: Sinistcha|Protect\n|move|p2b: Primarina|Calm Mind|p2b: Primarina\n|-boost|p2b: Primarina|spa|1\n|-boost|p2b: Primarina|spd|1\n|move|p2a: Scovillain|Flamethrower|p1b: Sinistcha\n|-activate|p1b: Sinistcha|move: Protect\n|\n|-heal|p2b: Primarina|77/100|[from] item: Leftovers\n|-damage|p1b: Sinistcha|53/100 brn|[from] brn\n|upkeep\n|turn|6\n|\n|t:|1776518603\n|switch|p1b: Kommo-o|Kommo-o, L50, F|82/100\n|move|p1a: Volcarona|Tailwind|p1a: Volcarona\n|-sidestart|p1: mimo532|move: Tailwind\n|move|p2b: Primarina|Hyper Voice|p1b: Kommo-o|[spread] p1a\n|-immune|p1b: Kommo-o|[from] ability: Soundproof\n|-supereffective|p1a: Volcarona|1\n|-damage|p1a: Volcarona|0 fnt\n|faint|p1a: Volcarona\n|move|p2a: Scovillain|Flamethrower|p1b: Kommo-o\n|-resisted|p1b: Kommo-o|1\n|-damage|p1b: Kommo-o|60/100\n|\n|-heal|p1b: Kommo-o|66/100|[from] item: Leftovers\n|-heal|p2b: Primarina|83/100|[from] item: Leftovers\n|upkeep\n|\n|t:|1776518606\n|switch|p1a: Kangaskhan|Kangaskhan-Mega, L50, F|100/100\n|turn|7\n|\n|t:|1776518623\n|move|p2b: Primarina|Protect|p2b: Primarina\n|-singleturn|p2b: Primarina|Protect\n|move|p1a: Kangaskhan|Fake Out|p2b: Primarina\n|-activate|p2b: Primarina|move: Protect\n|move|p1b: Kommo-o|Aura Sphere|p2a: Scovillain\n|-damage|p2a: Scovillain|69/100\n|-status|p1b: Kommo-o|brn|[from] ability: Spicy Spray|[of] p2a: Scovillain\n|move|p2a: Scovillain|Leech Seed|p1b: Kommo-o\n|-start|p1b: Kommo-o|move: Leech Seed\n|\n|-heal|p1b: Kommo-o|72/100 brn|[from] item: Leftovers\n|-heal|p2b: Primarina|89/100|[from] item: Leftovers\n|-damage|p1b: Kommo-o|60/100 brn|[from] Leech Seed|[of] p2a: Scovillain\n|-heal|p2a: Scovillain|81/100|[silent]\n|-damage|p1b: Kommo-o|54/100 brn|[from] brn\n|upkeep\n|turn|8\n|\n|t:|1776518644\n|move|p2a: Scovillain|Rage Powder|p2a: Scovillain\n|-singleturn|p2a: Scovillain|move: Rage Powder\n|move|p1a: Kangaskhan|Double-Edge|p2a: Scovillain\n|-damage|p2a: Scovillain|8/100\n|-status|p1a: Kangaskhan|brn|[from] ability: Spicy Spray|[of] p2a: Scovillain\n|-crit|p2a: Scovillain\n|-damage|p2a: Scovillain|0 fnt\n|faint|p2a: Scovillain\n|-hitcount|p2: Scovillain|2\n|-damage|p1a: Kangaskhan|76/100 brn|[from] Recoil\n|move|p1b: Kommo-o|Aura Sphere|p2b: Primarina\n|-resisted|p2b: Primarina|1\n|-damage|p2b: Primarina|80/100\n|move|p2b: Primarina|Moonblast|p1b: Kommo-o\n|-supereffective|p1b: Kommo-o|2\n|-damage|p1b: Kommo-o|0 fnt\n|faint|p1b: Kommo-o\n|\n|-heal|p2b: Primarina|86/100|[from] item: Leftovers\n|-damage|p1a: Kangaskhan|70/100 brn|[from] brn\n|upkeep\n|\n|t:|1776518651\n|switch|p1b: Sinistcha|Sinistcha, L50|53/100 brn\n|switch|p2a: Sinistcha|Sinistcha, L50|100/100\n|-heal|p1a: Kangaskhan|94/100 brn|[from] ability: Hospitality|[of] p1b: Sinistcha\n|-heal|p2b: Primarina|100/100|[from] ability: Hospitality|[of] p2a: Sinistcha\n|turn|9\n|\n|t:|1776518657\n|move|p2a: Sinistcha|Rage Powder|p2a: Sinistcha\n|-singleturn|p2a: Sinistcha|move: Rage Powder\n|move|p1a: Kangaskhan|Double-Edge|p2a: Sinistcha\n|-immune|p2a: Sinistcha\n|move|p1b: Sinistcha|Matcha Gotcha|p2a: Sinistcha|[spread] p2a,p2b\n|-resisted|p2a: Sinistcha|1\n|-supereffective|p2b: Primarina|1\n|-damage|p2a: Sinistcha|90/100\n|-heal|p1b: Sinistcha|58/100 brn|[from] drain|[of] p2a: Sinistcha\n|-damage|p2b: Primarina|76/100\n|-heal|p1b: Sinistcha|68/100 brn|[from] drain|[of] p2b: Primarina\n|move|p2b: Primarina|Moonblast|p1a: Kangaskhan\n|-damage|p1a: Kangaskhan|0 fnt\n|faint|p1a: Kangaskhan\n|\n|-heal|p2b: Primarina|82/100|[from] item: Leftovers\n|-damage|p1b: Sinistcha|62/100 brn|[from] brn\n|-sideend|p1: mimo532|move: Tailwind\n|upkeep\n|turn|10\n|-message|mimo532 forfeited.\n|\n|win|A New Way\n|raw|mimo532's rating: 1153 &rarr; <strong>1130</strong><br />(-23 for losing)\n|raw|A New Way's rating: 1184 &rarr; <strong>1207</strong><br />(+23 for winning)\n|l|\u2606mimo532\n|player|p1|\n",
  "uploadtime": 1776518668,
  "views": 25,
  "formatid": "gen9championsvgc2026regma",
  "rating": 1130,
  "private": 0,
  "password": null
}