{
  "id": "gen9championsvgc2026regma-2585954474",
  "format": "[Gen 9 Champions] VGC 2026 Reg M-A",
  "players": [
    "nlits",
    "pevetos"
  ],
  "log": "|j|\u2606nlits\n|j|\u2606pevetos\n|t:|1776384740\n|gametype|doubles\n|player|p1|nlits|fisherman|1000\n|player|p2|pevetos|266|1000\n|gen|9\n|tier|[Gen 9 Champions] VGC 2026 Reg M-A\n|rated|\n|rule|Species Clause: Limit one of each Pok\u00e9mon\n|rule|Item Clause: Limit 1 of each item\n|clearpoke\n|poke|p1|Banette, L50, F|\n|poke|p1|Medicham, L50, M|\n|poke|p1|Archaludon, L50, M|\n|poke|p1|Greninja-*, L50, M|\n|poke|p1|Incineroar, L50, F|\n|poke|p1|Furfrou-Dandy, L50, M|\n|poke|p2|Castform, L50, M|\n|poke|p2|Pelipper, L50, M|\n|poke|p2|Farigiraf, L50, M|\n|poke|p2|Chesnaught, L50, M|\n|poke|p2|Aegislash, L50, M|\n|poke|p2|Runerigus, L50, F|\n|teampreview|4\npevetos rejected open team sheets.\n|inactive|Battle timer is ON: inactive players will automatically lose when time's up. (requested by nlits)\n|\n|t:|1776384771\n|teamsize|p1|4\n|teamsize|p2|4\n|start\n|switch|p1a: Banette|Banette, L50, F|100/100\n|switch|p1b: Bimbo|Incineroar, L50, F|100/100\n|switch|p2a: Chesnaught|Chesnaught, L50, M, shiny|100/100\n|switch|p2b: Farigiraf|Farigiraf, L50, M, shiny|100/100\n|-ability|p1b: Bimbo|Intimidate|boost\n|-unboost|p2a: Chesnaught|atk|1\n|-unboost|p2b: Farigiraf|atk|1\n|turn|1\n|\n|t:|1776384789\n|detailschange|p1a: Banette|Banette-Mega, L50, F\n|-mega|p1a: Banette|Banette|Banettite\n|detailschange|p2a: Chesnaught|Chesnaught-Mega, L50, M, shiny\n|-mega|p2a: Chesnaught|Chesnaught|Chesnaughtite\n|move|p2a: Chesnaught|Spiky Shield|p2a: Chesnaught\n|-singleturn|p2a: Chesnaught|move: Protect\n|move|p1a: Banette|Skitter Smack|p2b: Farigiraf\n|-supereffective|p2b: Farigiraf|1\n|-damage|p2b: Farigiraf|34/100\n|-unboost|p2b: Farigiraf|spa|1\n|move|p1b: Bimbo|Darkest Lariat|p2b: Farigiraf\n|-supereffective|p2b: Farigiraf|1\n|-enditem|p2b: Farigiraf|Colbur Berry|[eat]\n|-enditem|p2b: Farigiraf|Colbur Berry|[weaken]\n|-damage|p2b: Farigiraf|0 fnt\n|faint|p2b: Farigiraf\n|\n|upkeep\n|\n|t:|1776384803\n|switch|p2b: Pelipper|Pelipper, L50, M|100/100\n|-weather|RainDance|[from] ability: Drizzle|[of] p2b: Pelipper\n|turn|2\n|\n|t:|1776384825\n|move|p1a: Banette|Protect|p1a: Banette\n|-singleturn|p1a: Banette|Protect\n|move|p2b: Pelipper|Hurricane|p1a: Banette\n|-activate|p1a: Banette|move: Protect\n|move|p1b: Bimbo|Parting Shot|p2a: Chesnaught\n|-unboost|p2a: Chesnaught|atk|1\n|-unboost|p2a: Chesnaught|spa|1\n|\n|t:|1776384834\n|switch|p1b: Greninja|Greninja, L50, M|100/100|[from] Parting Shot\n|move|p2a: Chesnaught|Iron Defense|p2a: Chesnaught\n|-boost|p2a: Chesnaught|def|2\n|\n|-weather|RainDance|[upkeep]\n|upkeep\n|turn|3\n|\n|t:|1776384850\n|move|p1a: Banette|Role Play|p1b: Greninja\n|-ability|p1a: Banette|Protean|Prankster|[from] move: Role Play|[of] p1b: Greninja\n|move|p1b: Greninja|Sludge Wave|p2b: Pelipper|[spread] p1a,p2a,p2b\n|-start|p1b: Greninja|typechange|Poison|[from] ability: Protean\n|-resisted|p1a: Banette|1\n|-supereffective|p2a: Chesnaught|1\n|-damage|p1a: Banette|78/100\n|-damage|p2a: Chesnaught|60/100\n|-damage|p2b: Pelipper|63/100\n|move|p2b: Pelipper|Hurricane|p1a: Banette\n|-damage|p1a: Banette|11/100\n|-start|p1a: Banette|confusion\n|move|p2a: Chesnaught|Body Press|p1b: Greninja\n|-resisted|p1b: Greninja|1\n|-damage|p1b: Greninja|29/100\n|\n|-weather|RainDance|[upkeep]\n|upkeep\n|turn|4\n|inactive|nlits has 30 seconds left.\n|inactive|pevetos has 30 seconds left.\n|\n|t:|1776384877\n|switch|p2b: Castform|Castform, L50, M, shiny|100/100\n|-formechange|p2b: Castform|Castform-Rainy|[msg]|[from] ability: Forecast\n|move|p2a: Chesnaught|Spiky Shield|p2a: Chesnaught\n|-singleturn|p2a: Chesnaught|move: Protect\n|-activate|p1a: Banette|confusion\n|-damage|p1a: Banette|0 fnt|[from] confusion\n|faint|p1a: Banette\n|move|p1b: Greninja|Sludge Wave|p2b: Castform|[spread] p2b\n|-activate|p2a: Chesnaught|move: Protect\n|-damage|p2b: Castform|55/100\n|-status|p2b: Castform|psn\n|\n|-weather|RainDance|[upkeep]\n|-damage|p2b: Castform|42/100 psn|[from] psn\n|upkeep\n|\n|t:|1776384886\n|switch|p1a: Bimbo|Incineroar, L50, F|100/100\n|-ability|p1a: Bimbo|Intimidate|boost\n|-unboost|p2a: Chesnaught|atk|1\n|-unboost|p2b: Castform|atk|1\n|turn|5\n|\n|t:|1776384900\n|move|p1a: Bimbo|Fake Out|p2a: Chesnaught\n|-damage|p2a: Chesnaught|57/100\n|move|p1b: Greninja|Sludge Wave|p2b: Castform|[spread] p1a,p2a,p2b\n|-supereffective|p2a: Chesnaught|1\n|-damage|p1a: Bimbo|72/100\n|-damage|p2a: Chesnaught|14/100\n|-damage|p2b: Castform|3/100 psn\n|-status|p1a: Bimbo|psn\n|move|p2b: Castform|Thunder|p1b: Greninja\n|-damage|p1b: Greninja|0 fnt\n|faint|p1b: Greninja\n|cant|p2a: Chesnaught|flinch\n|\n|-weather|RainDance|[upkeep]\n|-damage|p1a: Bimbo|59/100 psn|[from] psn\n|-damage|p2b: Castform|0 fnt|[from] psn\n|faint|p2b: Castform\n|upkeep\n|\n|t:|1776384916\n|switch|p1b: Furfrou|Furfrou-Dandy, L50, M|100/100\n|switch|p2b: Pelipper|Pelipper, L50, M|63/100\n|turn|6\n|\n|t:|1776384939\n|move|p1b: Furfrou|Facade|p2a: Chesnaught\n|-damage|p2a: Chesnaught|8/100\n|move|p2b: Pelipper|Hurricane|p1a: Bimbo\n|-crit|p1a: Bimbo\n|-damage|p1a: Bimbo|3/100 psn\n|-enditem|p1a: Bimbo|Sitrus Berry|[eat]\n|-heal|p1a: Bimbo|28/100 psn|[from] item: Sitrus Berry\n|move|p1a: Bimbo|Darkest Lariat|p2b: Pelipper\n|-damage|p2b: Pelipper|20/100\n|move|p2a: Chesnaught|Drain Punch|p1b: Furfrou\n|-supereffective|p1b: Furfrou|1\n|-damage|p1b: Furfrou|83/100\n|-heal|p2a: Chesnaught|14/100|[from] drain|[of] p1b: Furfrou\n|\n|-weather|none\n|-damage|p1a: Bimbo|16/100 psn|[from] psn\n|upkeep\n|turn|7\n|\n|t:|1776384962\n|move|p2a: Chesnaught|Spiky Shield|p2a: Chesnaught\n|-singleturn|p2a: Chesnaught|move: Protect\n|move|p1b: Furfrou|Facade|p2a: Chesnaught\n|-activate|p2a: Chesnaught|move: Protect\n|-damage|p1b: Furfrou|71/100|[from] Spiky Shield|[of] p2a: Chesnaught\n|move|p2b: Pelipper|Roost|p2b: Pelipper\n|-heal|p2b: Pelipper|71/100\n|-singleturn|p2b: Pelipper|move: Roost\n|move|p1a: Bimbo|Darkest Lariat|p2b: Pelipper\n|-damage|p2b: Pelipper|28/100\n|\n|-damage|p1a: Bimbo|3/100 psn|[from] psn\n|upkeep\n|turn|8\n|inactive|pevetos has 30 seconds left.\n|\n|t:|1776384991\n|move|p1b: Furfrou|Double-Edge|p2a: Chesnaught\n|-damage|p2a: Chesnaught|2/100\n|-damage|p1b: Furfrou|66/100|[from] Recoil\n|move|p2b: Pelipper|Ice Beam|p1a: Bimbo\n|-resisted|p1a: Bimbo|1\n|-damage|p1a: Bimbo|0 fnt\n|faint|p1a: Bimbo\n|move|p2a: Chesnaught|Body Press|p1b: Furfrou\n|-supereffective|p1b: Furfrou|1\n|-damage|p1b: Furfrou|0 fnt\n|faint|p1b: Furfrou\n|\n|win|pevetos\n|raw|nlits's rating: 1000 &rarr; <strong>1000</strong><br />(+0 for losing)\n|raw|pevetos's rating: 1000 &rarr; <strong>1040</strong><br />(+40 for winning)\n|c|\u2606pevetos|damn\n",
  "uploadtime": 1776385064,
  "views": 18,
  "formatid": "gen9championsvgc2026regma",
  "rating": 1000,
  "private": 0,
  "password": null
}