{
  "id": "gen9championsvgc2026regma-2582781611",
  "format": "[Gen 9 Champions] VGC 2026 Reg M-A",
  "players": [
    "trashtile",
    "augsaas"
  ],
  "log": "|j|\u2606trashtile\n|j|\u2606augsaas\n|t:|1776113690\n|gametype|doubles\n|player|p1|trashtile|red|\n|player|p2|augsaas|cynthia-gen4|\n|gen|9\n|tier|[Gen 9 Champions] VGC 2026 Reg M-A\n|rule|Species Clause: Limit one of each Pok\u00e9mon\n|rule|Item Clause: Limit 1 of each item\n|clearpoke\n|poke|p1|Floette-Eternal, L50, F|\n|poke|p1|Chandelure, L50, M|\n|poke|p1|Maushold-Four, L50|\n|poke|p1|Sinistcha, L50|\n|poke|p1|Dragapult, L50, M|\n|poke|p1|Clefable, L50, F|\n|poke|p2|Gyarados, L50, F|\n|poke|p2|Palafin, L50, M|\n|poke|p2|Sinistcha, L50|\n|poke|p2|Delphox, L50, M|\n|poke|p2|Maushold, L50|\n|poke|p2|Kingambit, L50, M|\n|teampreview|4\n|inactive|Battle timer is ON: inactive players will automatically lose when time's up. (requested by trashtile)\n|c|\u2606augsaas|calma paizao q esse time fiz em 5 min\naugsaas rejected open team sheets.\n|inactive|trashtile has 60 seconds left.\n|inactive|augsaas has 60 seconds left.\n|\n|t:|1776113747\n|teamsize|p1|4\n|teamsize|p2|4\n|start\n|switch|p1a: Dragapult|Dragapult, L50, M|100/100\n|switch|p1b: Floette|Floette-Eternal, L50, F|100/100\n|switch|p2a: Sinistcha|Sinistcha, L50|100/100\n|switch|p2b: Palafin|Palafin, L50, M|100/100\n|turn|1\n|\n|t:|1776113770\n|detailschange|p1b: Floette|Floette-Mega, L50, F\n|-mega|p1b: Floette|Floette|Floettite\n|-ability|p1b: Floette|Fairy Aura\n|move|p2a: Sinistcha|Rage Powder|p2a: Sinistcha\n|-singleturn|p2a: Sinistcha|move: Rage Powder\n|move|p1a: Dragapult|Light Screen|p1a: Dragapult\n|-sidestart|p1: trashtile|move: Light Screen\n|move|p2b: Palafin|Flip Turn|p1b: Floette\n|-damage|p1b: Floette|68/100\n|\n|t:|1776113786\n|detailschange|p2b: Palafin|Palafin-Hero, L50, M\n|switch|p2b: Gyarados|Gyarados, L50, F|100/100|[from] Flip Turn\n|-ability|p2b: Gyarados|Intimidate|boost\n|-unboost|p1a: Dragapult|atk|1\n|-unboost|p1b: Floette|atk|1\n|move|p1b: Floette|Dazzling Gleam|p2b: Gyarados|[spread] p2a,p2b\n|-damage|p2a: Sinistcha|50/100\n|-damage|p2b: Gyarados|66/100\n|-enditem|p2a: Sinistcha|Sitrus Berry|[eat]\n|-heal|p2a: Sinistcha|75/100|[from] item: Sitrus Berry\n|\n|upkeep\n|turn|2\n|inactive|augsaas has 30 seconds left.\n|\n|t:|1776113812\n|move|p1a: Dragapult|Will-O-Wisp|p2b: Gyarados\n|-status|p2b: Gyarados|brn\n|move|p1b: Floette|Dazzling Gleam|p2a: Sinistcha|[spread] p2a,p2b\n|-damage|p2a: Sinistcha|29/100\n|-damage|p2b: Gyarados|30/100 brn\n|move|p2b: Gyarados|Dragon Dance|p2b: Gyarados\n|-boost|p2b: Gyarados|atk|1\n|-boost|p2b: Gyarados|spe|1\n|move|p2a: Sinistcha|Life Dew|p2a: Sinistcha|[spread] p2a,p2b\n|-heal|p2a: Sinistcha|54/100\n|-heal|p2b: Gyarados|55/100 brn\n|\n|-damage|p2b: Gyarados|49/100 brn|[from] brn\n|upkeep\n|turn|3\n|\n|t:|1776113828\n|detailschange|p2b: Gyarados|Gyarados-Mega, L50, F\n|-mega|p2b: Gyarados|Gyarados|Gyaradosite\n|-ability|p2b: Gyarados|Mold Breaker\n|move|p1a: Dragapult|Reflect|p1a: Dragapult\n|-sidestart|p1: trashtile|Reflect\n|move|p2b: Gyarados|Waterfall|p1b: Floette\n|-damage|p1b: Floette|35/100\n|move|p1b: Floette|Dazzling Gleam|p2b: Gyarados|[spread] p2a,p2b\n|-supereffective|p2b: Gyarados|1\n|-damage|p2a: Sinistcha|8/100\n|-damage|p2b: Gyarados|0 fnt\n|faint|p2b: Gyarados\n|move|p2a: Sinistcha|Life Dew|p2a: Sinistcha\n|-heal|p2a: Sinistcha|34/100\n|\n|upkeep\n|c|\u2606augsaas|o prr\n|c|\u2606augsaas|meu gyarados ta sem ev\n|\n|t:|1776113846\n|switch|p2b: Palafin|Palafin-Hero, L50, M|100/100\n|-activate|p2b: Palafin|ability: Zero to Hero\n|turn|4\n|\n|t:|1776113856\n|switch|p2a: Kingambit|Kingambit, L50, M|100/100\n|move|p2b: Palafin|Protect|p2b: Palafin\n|-singleturn|p2b: Palafin|Protect\n|move|p1a: Dragapult|Will-O-Wisp|p2b: Palafin\n|-activate|p2b: Palafin|move: Protect\n|move|p1b: Floette|Draining Kiss|p2a: Kingambit\n|-damage|p2a: Kingambit|68/100\n|-heal|p1b: Floette|67/100|[from] drain|[of] p2a: Kingambit\n|\n|upkeep\n|turn|5\n|\n|t:|1776113879\n|move|p1b: Floette|Protect|p1b: Floette\n|-singleturn|p1b: Floette|Protect\n|move|p1a: Dragapult|Will-O-Wisp|p2b: Palafin\n|-status|p2b: Palafin|brn\n|move|p2b: Palafin|Wave Crash|p1b: Floette\n|-activate|p1b: Floette|move: Protect\n|move|p2a: Kingambit|Kowtow Cleave|p1a: Dragapult\n|-supereffective|p1a: Dragapult|1\n|-damage|p1a: Dragapult|2/100\n|-start|p2a: Kingambit|Disable|Kowtow Cleave|[from] ability: Cursed Body|[of] p1a: Dragapult\n|-enditem|p1a: Dragapult|Sitrus Berry|[eat]\n|-heal|p1a: Dragapult|27/100|[from] item: Sitrus Berry\n|\n|-damage|p2b: Palafin|94/100 brn|[from] brn\n|-sideend|p1: trashtile|move: Light Screen\n|upkeep\n|turn|6\n|c|\u2606augsaas|pare filho so cadeirante\n|\n|t:|1776113899\n|move|p2a: Kingambit|Sucker Punch|p1a: Dragapult\n|-supereffective|p1a: Dragapult|1\n|-damage|p1a: Dragapult|0 fnt\n|faint|p1a: Dragapult\n|move|p2b: Palafin|Wave Crash|p1b: Floette\n|-damage|p1b: Floette|27/100\n|-damage|p2b: Palafin|84/100 brn|[from] Recoil\n|move|p1b: Floette|Dazzling Gleam|p2a: Kingambit|[spread] p2a,p2b\n|-damage|p2a: Kingambit|30/100\n|-damage|p2b: Palafin|41/100 brn\n|\n|-damage|p2b: Palafin|35/100 brn|[from] brn\n|upkeep\n|\n|t:|1776113914\n|switch|p1a: Sinistcha|Sinistcha, L50|100/100\n|-heal|p1b: Floette|52/100|[from] ability: Hospitality|[of] p1a: Sinistcha\n|turn|7\n|\n|t:|1776113930\n|switch|p2b: Sinistcha|Sinistcha, L50|34/100\n|-heal|p2a: Kingambit|55/100|[from] ability: Hospitality|[of] p2b: Sinistcha\n|move|p2a: Kingambit|Protect|p2a: Kingambit\n|-singleturn|p2a: Kingambit|Protect\n|move|p1b: Floette|Dazzling Gleam|p2b: Sinistcha|[spread] p2b\n|-activate|p2a: Kingambit|move: Protect\n|-damage|p2b: Sinistcha|0 fnt\n|faint|p2b: Sinistcha\n|move|p1a: Sinistcha|Matcha Gotcha|p2a: Kingambit\n|-activate|p2a: Kingambit|move: Protect\n|\n|-sideend|p1: trashtile|Reflect\n|upkeep\n|\n|t:|1776113933\n|switch|p2b: Palafin|Palafin-Hero, L50, M|35/100 brn\n|turn|8\n|\n|t:|1776113949\n|move|p2b: Palafin|Protect|p2b: Palafin\n|-singleturn|p2b: Palafin|Protect\n|move|p1b: Floette|Protect|p1b: Floette\n|-singleturn|p1b: Floette|Protect\n|move|p2a: Kingambit|Sucker Punch||[still]\n|-fail|p2a: Kingambit\n|move|p1a: Sinistcha|Strength Sap|p2a: Kingambit\n|-unboost|p2a: Kingambit|atk|1\n|-ability|p2a: Kingambit|Defiant|boost\n|-boost|p2a: Kingambit|atk|2\n|\n|-damage|p2b: Palafin|29/100 brn|[from] brn\n|-end|p2a: Kingambit|Disable\n|upkeep\n|turn|9\n|c|\u2606augsaas|uai\n|c|\u2606trashtile|Ata\n|inactive|trashtile has 30 seconds left.\n|inactive|augsaas has 30 seconds left.\n|inactive|augsaas has 20 seconds left.\n|inactive|augsaas has 15 seconds left.\n|\n|t:|1776113994\n|switch|p1b: Clefable|Clefable, L50, F|100/100\n|move|p2a: Kingambit|Sucker Punch||[still]\n|-fail|p2a: Kingambit\n|move|p2b: Palafin|Wave Crash|p1b: Clefable\n|-damage|p1b: Clefable|49/100\n|-damage|p2b: Palafin|9/100 brn|[from] Recoil\n|move|p1a: Sinistcha|Matcha Gotcha|p2a: Kingambit|[spread] p2b\n|-miss|p1a: Sinistcha|p2a: Kingambit\n|-supereffective|p2b: Palafin|1\n|-damage|p2b: Palafin|0 fnt\n|faint|p2b: Palafin\n|\n|upkeep\n|turn|10\n|c|\u2606augsaas|calmai paizao\n|\n|t:|1776114013\n|move|p1a: Sinistcha|Shadow Ball|p2a: Kingambit\n|-resisted|p2a: Kingambit|1\n|-damage|p2a: Kingambit|34/100\n|move|p2a: Kingambit|Kowtow Cleave|p1a: Sinistcha\n|-supereffective|p1a: Sinistcha|1\n|-damage|p1a: Sinistcha|0 fnt\n|faint|p1a: Sinistcha\n|move|p1b: Clefable|Fire Blast|p2a: Kingambit\n|-supereffective|p2a: Kingambit|1\n|-damage|p2a: Kingambit|0 fnt\n|faint|p2a: Kingambit\n|\n|win|trashtile\n|l|\u2606augsaas\n|player|p2|\n",
  "uploadtime": 1776114027,
  "views": 32,
  "formatid": "gen9championsvgc2026regma",
  "rating": null,
  "private": 0,
  "password": null
}