{
  "id": "gen9championsvgc2026regma-2581647145",
  "format": "[Gen 9 Champions] VGC 2026 Reg M-A",
  "players": [
    "kanto25",
    "chaarlyyyyy"
  ],
  "log": "|j|\u2606kanto25\n|j|\u2606chaarlyyyyy\n|t:|1776017714\n|gametype|doubles\n|player|p1|kanto25|2|1323\n|player|p2|chaarlyyyyy|170|1328\n|gen|9\n|tier|[Gen 9 Champions] VGC 2026 Reg M-A\n|rated|\n|rule|Species Clause: Limit one of each Pok\u00e9mon\n|rule|Item Clause: Limit 1 of each item\n|clearpoke\n|poke|p1|Floette-Eternal, L50, F|\n|poke|p1|Primarina, L50, M|\n|poke|p1|Whimsicott, L50, M|\n|poke|p1|Incineroar, L50, M|\n|poke|p1|Garchomp, L50, F|\n|poke|p1|Delphox, L50, M|\n|poke|p2|Politoed, L50, M|\n|poke|p2|Gengar, L50, M|\n|poke|p2|Basculegion, L50, M|\n|poke|p2|Incineroar, L50, M|\n|poke|p2|Whimsicott, L50, F|\n|poke|p2|Lucario, L50, M|\n|teampreview|4\n|inactive|Battle timer is ON: inactive players will automatically lose when time's up. (requested by kanto25)\n|\n|t:|1776017736\n|teamsize|p1|4\n|teamsize|p2|4\n|start\n|switch|p1a: Whimsicott|Whimsicott, L50, M, shiny|100/100\n|switch|p1b: Floette|Floette-Eternal, L50, F|100/100\n|switch|p2a: Basculegion|Basculegion, L50, M|100/100\n|switch|p2b: Whimsicott|Whimsicott, L50, F, shiny|100/100\n|turn|1\n|j| gE1xjZRtuhW2DdT0AK\n|\n|t:|1776017750\n|move|p1b: Floette|Protect|p1b: Floette\n|-singleturn|p1b: Floette|Protect\n|move|p1a: Whimsicott|Tailwind|p1a: Whimsicott\n|-sidestart|p1: kanto25|move: Tailwind\n|move|p2b: Whimsicott|Tailwind|p2b: Whimsicott\n|-sidestart|p2: chaarlyyyyy|move: Tailwind\n|move|p2a: Basculegion|Flip Turn|p1b: Floette\n|-activate|p1b: Floette|move: Protect\n|\n|upkeep\n|turn|2\n|\n|t:|1776017771\n|detailschange|p1b: Floette|Floette-Mega, L50, F\n|-mega|p1b: Floette|Floette|Floettite\n|-ability|p1b: Floette|Fairy Aura\n|move|p1a: Whimsicott|Encore|p2b: Whimsicott\n|-start|p2b: Whimsicott|Encore\n|move|p2b: Whimsicott|Tailwind||[still]\n|-fail|p2b: Whimsicott\n|move|p2a: Basculegion|Flip Turn|p1b: Floette\n|-damage|p1b: Floette|49/100\n|\n|t:|1776017778\n|switch|p2a: CARLITOS|Politoed, L50, M, shiny|100/100|[from] Flip Turn\n|-weather|RainDance|[from] ability: Drizzle|[of] p2a: CARLITOS\n|move|p1b: Floette|Moonblast|p2a: CARLITOS\n|-damage|p2a: CARLITOS|27/100\n|-unboost|p2a: CARLITOS|spa|1\n|\n|-weather|RainDance|[upkeep]\n|upkeep\n|turn|3\n|\n|t:|1776017801\n|switch|p2b: Basculegion|Basculegion, L50, M|100/100\n|move|p2a: CARLITOS|Protect|p2a: CARLITOS\n|-singleturn|p2a: CARLITOS|Protect\n|move|p1b: Floette|Moonblast|p2b: Basculegion\n|-damage|p2b: Basculegion|23/100\n|move|p1a: Whimsicott|Moonblast|p2a: CARLITOS\n|-activate|p2a: CARLITOS|move: Protect\n|\n|-weather|RainDance|[upkeep]\n|upkeep\n|turn|4\n|\n|t:|1776017819\n|move|p1b: Floette|Protect|p1b: Floette\n|-singleturn|p1b: Floette|Protect\n|move|p2b: Basculegion|Flip Turn|p1a: Whimsicott\n|-resisted|p1a: Whimsicott|1\n|-damage|p1a: Whimsicott|72/100\n|\n|t:|1776017826\n|switch|p2b: Whimsicott|Whimsicott, L50, F, shiny|100/100|[from] Flip Turn\n|move|p1a: Whimsicott|Moonblast|p2b: Whimsicott\n|-damage|p2b: Whimsicott|50/100\n|move|p2a: CARLITOS|Muddy Water|p1a: Whimsicott|[spread] p1a\n|-activate|p1b: Floette|move: Protect\n|-resisted|p1a: Whimsicott|1\n|-damage|p1a: Whimsicott|49/100\n|-unboost|p1a: Whimsicott|accuracy|1\n|\n|-weather|RainDance|[upkeep]\n|-sideend|p2: chaarlyyyyy|move: Tailwind\n|-sideend|p1: kanto25|move: Tailwind\n|upkeep\n|turn|5\n|\n|t:|1776017839\n|move|p1a: Whimsicott|Tailwind|p1a: Whimsicott\n|-sidestart|p1: kanto25|move: Tailwind\n|move|p2b: Whimsicott|Tailwind|p2b: Whimsicott\n|-sidestart|p2: chaarlyyyyy|move: Tailwind\n|move|p1b: Floette|Dazzling Gleam|p2a: CARLITOS|[spread] p2a,p2b\n|-damage|p2a: CARLITOS|0 fnt\n|-damage|p2b: Whimsicott|0 fnt\n|faint|p2a: CARLITOS\n|faint|p2b: Whimsicott\n|\n|-weather|RainDance|[upkeep]\n|upkeep\n|\n|t:|1776017843\n|switch|p2b: Basculegion|Basculegion, L50, M|23/100\n|switch|p2a: Gengar|Gengar, L50, M|100/100\n|turn|6\n|inactive|kanto25 has 30 seconds left.\n|\n|t:|1776017872\n|detailschange|p2a: Gengar|Gengar-Mega, L50, M\n|-mega|p2a: Gengar|Gengar|Gengarite\n|move|p2b: Basculegion|Last Respects|p1b: Floette\n|-damage|p1b: Floette|0 fnt\n|faint|p1b: Floette\n|move|p2a: Gengar|Shadow Ball|p1a: Whimsicott\n|-damage|p1a: Whimsicott|0 fnt\n|faint|p1a: Whimsicott\n|\n|-weather|none\n|upkeep\n|\n|t:|1776017879\n|switch|p1b: Primarina|Primarina, L50, M|100/100\n|switch|p1a: Incineroar|Incineroar, L50, M|100/100\n|-ability|p1a: Incineroar|Intimidate|boost\n|-unboost|p2a: Gengar|atk|1\n|-unboost|p2b: Basculegion|atk|1\n|turn|7\n|\n|t:|1776017897\n|move|p2a: Gengar|Protect|p2a: Gengar\n|-singleturn|p2a: Gengar|Protect\n|move|p2b: Basculegion|Last Respects|p1b: Primarina\n|-damage|p1b: Primarina|30/100\n|-enditem|p1b: Primarina|Sitrus Berry|[eat]\n|-heal|p1b: Primarina|55/100|[from] item: Sitrus Berry\n|move|p1a: Incineroar|Darkest Lariat|p2a: Gengar\n|-activate|p2a: Gengar|move: Protect\n|move|p1b: Primarina|Hyper Voice|p2b: Basculegion|[spread] p2b\n|-activate|p2a: Gengar|move: Protect\n|-resisted|p2b: Basculegion|1\n|-damage|p2b: Basculegion|3/100\n|\n|upkeep\n|turn|8\n|\n|t:|1776017907\n|move|p2b: Basculegion|Last Respects|p1b: Primarina\n|-damage|p1b: Primarina|0 fnt\n|faint|p1b: Primarina\n|move|p2a: Gengar|Disable|p1a: Incineroar\n|-start|p1a: Incineroar|Disable|Darkest Lariat\n|cant|p1a: Incineroar|Disable|Darkest Lariat\n|\n|-sideend|p2: chaarlyyyyy|move: Tailwind\n|-sideend|p1: kanto25|move: Tailwind\n|upkeep\n|turn|9\n|\n|t:|1776017924\n|move|p2b: Basculegion|Last Respects|p1a: Incineroar\n|-resisted|p1a: Incineroar|1\n|-damage|p1a: Incineroar|69/100\n|move|p2a: Gengar|Shadow Ball|p1a: Incineroar\n|-resisted|p1a: Incineroar|1\n|-damage|p1a: Incineroar|47/100\n|move|p1a: Incineroar|Flare Blitz|p2a: Gengar\n|-damage|p2a: Gengar|7/100\n|-damage|p1a: Incineroar|25/100|[from] Recoil\n|\n|upkeep\n|turn|10\n|\n|t:|1776017933\n|move|p2b: Basculegion|Last Respects|p1a: Incineroar|[miss]\n|-miss|p2b: Basculegion|p1a: Incineroar\n|move|p2a: Gengar|Shadow Ball|p1a: Incineroar\n|-resisted|p1a: Incineroar|1\n|-damage|p1a: Incineroar|1/100\n|move|p1a: Incineroar|Flare Blitz|p2b: Basculegion\n|-resisted|p2b: Basculegion|1\n|-damage|p2b: Basculegion|0 fnt\n|faint|p2b: Basculegion\n|-damage|p1a: Incineroar|0 fnt|[from] Recoil\n|faint|p1a: Incineroar\n|\n|win|chaarlyyyyy\n|raw|kanto25's rating: 1323 &rarr; <strong>1303</strong><br />(-20 for losing)\n|raw|chaarlyyyyy's rating: 1328 &rarr; <strong>1348</strong><br />(+20 for winning)\n|c|\u2606chaarlyyyyy|gg\n|c|\u2606kanto25|gg wp\n|l|\u2606chaarlyyyyy\n|player|p2|\n|l|\u2606kanto25\n|player|p1|\n",
  "uploadtime": 1776017948,
  "views": 26,
  "formatid": "gen9championsvgc2026regma",
  "rating": 1303,
  "private": 0,
  "password": null
}