{
  "id": "gen9championsvgc2026regma-2585199519",
  "format": "[Gen 9 Champions] VGC 2026 Reg M-A",
  "players": [
    "reddev94",
    "lucio m"
  ],
  "log": "|j|\u2606reddev94\n|j|\u2606lucio m\n|t:|1776324099\n|gametype|doubles\n|player|p1|reddev94|2|1311\n|player|p2|lucio m|101|1362\n|gen|9\n|tier|[Gen 9 Champions] VGC 2026 Reg M-A\n|rated|\n|rule|Species Clause: Limit one of each Pok\u00e9mon\n|rule|Item Clause: Limit 1 of each item\n|clearpoke\n|poke|p1|Charizard, L50, F|\n|poke|p1|Venusaur, L50, F|\n|poke|p1|Incineroar, L50, F|\n|poke|p1|Garchomp, L50, F|\n|poke|p1|Sneasler, L50, F|\n|poke|p1|Basculegion, L50, M|\n|poke|p2|Charizard, L50, M|\n|poke|p2|Meganium, L50, M|\n|poke|p2|Corviknight, L50, F|\n|poke|p2|Garchomp, L50, F|\n|poke|p2|Gengar, L50, F|\n|poke|p2|Rotom-Wash, L50|\n|teampreview|4\n|inactive|Battle timer is ON: inactive players will automatically lose when time's up. (requested by reddev94)\n|\n|t:|1776324138\n|teamsize|p1|4\n|teamsize|p2|4\n|start\n|switch|p1a: Incineroar|Incineroar, L50, F|100/100\n|switch|p1b: Garchomp|Garchomp, L50, F|100/100\n|switch|p2a: Charizard|Charizard, L50, M|100/100\n|switch|p2b: Garchomp|Garchomp, L50, F|100/100\n|-ability|p1a: Incineroar|Intimidate|boost\n|-unboost|p2a: Charizard|atk|1\n|-unboost|p2b: Garchomp|atk|1\n|turn|1\n|inactive|lucio m has 30 seconds left.\n|\n|t:|1776324165\n|switch|p2b: Rotom|Rotom-Wash, L50|100/100\n|detailschange|p2a: Charizard|Charizard-Mega-Y, L50, M\n|-mega|p2a: Charizard|Charizard|Charizardite Y\n|-weather|SunnyDay|[from] ability: Drought|[of] p2a: Charizard\n|move|p2a: Charizard|Protect|p2a: Charizard\n|-singleturn|p2a: Charizard|Protect\n|move|p1a: Incineroar|Fake Out|p2b: Rotom\n|-damage|p2b: Rotom|88/100\n|move|p1b: Garchomp|Rock Slide|p2a: Charizard|[spread] p2b\n|-activate|p2a: Charizard|move: Protect\n|-damage|p2b: Rotom|70/100\n|\n|-weather|SunnyDay|[upkeep]\n|upkeep\n|turn|2\n|inactive|reddev94 has 30 seconds left.\n|inactive|reddev94 has 20 seconds left.\n|\n|t:|1776324200\n|switch|p2a: Garchomp|Garchomp, L50, F|100/100\n|move|p1b: Garchomp|Rock Slide|p2a: Garchomp|[spread] p2a,p2b\n|-resisted|p2a: Garchomp|1\n|-damage|p2a: Garchomp|91/100\n|-damage|p2b: Rotom|49/100\n|-enditem|p2b: Rotom|Sitrus Berry|[eat]\n|-heal|p2b: Rotom|74/100|[from] item: Sitrus Berry\n|move|p2b: Rotom|Will-O-Wisp|p1b: Garchomp\n|-status|p1b: Garchomp|brn\n|move|p1a: Incineroar|Parting Shot|p2a: Garchomp\n|-unboost|p2a: Garchomp|atk|1\n|-unboost|p2a: Garchomp|spa|1\n|\n|t:|1776324214\n|switch|p1a: Venusaur|Venusaur, L50, F|100/100|[from] Parting Shot\n|\n|-weather|SunnyDay|[upkeep]\n|-damage|p1b: Garchomp|94/100 brn|[from] brn\n|upkeep\n|turn|3\n|\n|t:|1776324225\n|move|p2a: Garchomp|Earthquake|p1b: Garchomp|[spread] p1a,p1b\n|-immune|p2b: Rotom|[from] ability: Levitate\n|-damage|p1a: Venusaur|69/100\n|-damage|p1b: Garchomp|71/100 brn\n|move|p1a: Venusaur|Sleep Powder|p2a: Garchomp\n|-status|p2a: Garchomp|slp|[from] move: Sleep Powder\n|move|p1b: Garchomp|Dragon Claw|p2b: Rotom\n|-damage|p2b: Rotom|51/100\n|move|p2b: Rotom|Volt Switch|p1a: Venusaur\n|-resisted|p1a: Venusaur|1\n|-damage|p1a: Venusaur|52/100\n|\n|t:|1776324235\n|switch|p2b: Gengar|Gengar, L50, F|100/100|[from] Volt Switch\n|\n|-weather|SunnyDay|[upkeep]\n|-heal|p1b: Garchomp|77/100 brn|[from] item: Leftovers\n|-damage|p1b: Garchomp|71/100 brn|[from] brn\n|upkeep\n|turn|4\n|\n|t:|1776324247\n|switch|p1a: Incineroar|Incineroar, L50, F|100/100\n|-ability|p1a: Incineroar|Intimidate|boost\n|-unboost|p2a: Garchomp|atk|1\n|-unboost|p2b: Gengar|atk|1\n|cant|p2a: Garchomp|slp\n|move|p2b: Gengar|Sludge Bomb|p1a: Incineroar\n|-damage|p1a: Incineroar|59/100\n|move|p1b: Garchomp|Stomping Tantrum|p2b: Gengar\n|-supereffective|p2b: Gengar|1\n|-damage|p2b: Gengar|22/100\n|\n|-weather|SunnyDay|[upkeep]\n|-heal|p1b: Garchomp|77/100 brn|[from] item: Leftovers\n|-damage|p1b: Garchomp|71/100 brn|[from] brn\n|upkeep\n|turn|5\n|\n|t:|1776324268\n|switch|p2a: Rotom|Rotom-Wash, L50|51/100\n|move|p2b: Gengar|Destiny Bond|p2b: Gengar\n|-singlemove|p2b: Gengar|Destiny Bond\n|move|p1b: Garchomp|Dragon Claw|p2b: Gengar\n|-damage|p2b: Gengar|0 fnt\n|-start|p1b: Garchomp|Disable|Dragon Claw|[from] ability: Cursed Body|[of] p2b: Gengar\n|faint|p2b: Gengar\n|-activate|p2b: Gengar|move: Destiny Bond\n|faint|p1b: Garchomp\n|move|p1a: Incineroar|Parting Shot|p2a: Rotom\n|-unboost|p2a: Rotom|atk|1\n|-unboost|p2a: Rotom|spa|1\n|\n|t:|1776324283\n|switch|p1a: Venusaur|Venusaur, L50, F|52/100|[from] Parting Shot\n|\n|-weather|none\n|upkeep\n|\n|t:|1776324286\n|switch|p2b: Charizard|Charizard-Mega-Y, L50, M|100/100\n|switch|p1b: Incineroar|Incineroar, L50, F|59/100\n|-weather|SunnyDay|[from] ability: Drought|[of] p2b: Charizard\n|-ability|p1b: Incineroar|Intimidate|boost\n|-unboost|p2a: Rotom|atk|1\n|-unboost|p2b: Charizard|atk|1\n|turn|6\n|\n|t:|1776324306\n|switch|p2a: Garchomp|Garchomp, L50, F|91/100 slp\n|move|p2b: Charizard|Protect|p2b: Charizard\n|-singleturn|p2b: Charizard|Protect\n|move|p1b: Incineroar|Fake Out|p2b: Charizard\n|-activate|p2b: Charizard|move: Protect\n|move|p1a: Venusaur|Energy Ball|p2a: Garchomp\n|-damage|p2a: Garchomp|41/100 slp\n|\n|-weather|SunnyDay|[upkeep]\n|upkeep\n|turn|7\n|inactive|reddev94 has 30 seconds left.\n|inactive|reddev94 has 20 seconds left.\n|\n|t:|1776324344\n|cant|p2a: Garchomp|slp\n|move|p1a: Venusaur|Sleep Powder|p2b: Charizard|[miss]\n|-miss|p1a: Venusaur|p2b: Charizard\n|move|p2b: Charizard|Heat Wave|p1a: Venusaur|[spread] p1a,p1b\n|-supereffective|p1a: Venusaur|1\n|-resisted|p1b: Incineroar|1\n|-damage|p1a: Venusaur|0 fnt\n|-damage|p1b: Incineroar|32/100\n|-enditem|p1b: Incineroar|Sitrus Berry|[eat]\n|-heal|p1b: Incineroar|56/100|[from] item: Sitrus Berry\n|faint|p1a: Venusaur\n|move|p1b: Incineroar|Parting Shot|p2a: Garchomp\n|-unboost|p2a: Garchomp|atk|1\n|-unboost|p2a: Garchomp|spa|1\n|\n|t:|1776324350\n|switch|p1b: Charizard|Charizard, L50, F|100/100|[from] Parting Shot\n|\n|-weather|SunnyDay|[upkeep]\n|upkeep\n|\n|t:|1776324352\n|switch|p1a: Incineroar|Incineroar, L50, F|56/100\n|-ability|p1a: Incineroar|Intimidate|boost\n|-unboost|p2a: Garchomp|atk|1\n|-unboost|p2b: Charizard|atk|1\n|turn|8\n|\n|t:|1776324373\n|switch|p2a: Rotom|Rotom-Wash, L50|51/100\n|detailschange|p1b: Charizard|Charizard-Mega-Y, L50, F\n|-mega|p1b: Charizard|Charizard|Charizardite Y\n|move|p2b: Charizard|Protect|p2b: Charizard\n|-singleturn|p2b: Charizard|Protect\n|move|p1a: Incineroar|Fake Out|p2b: Charizard\n|-activate|p2b: Charizard|move: Protect\n|move|p1b: Charizard|Heat Wave|p2a: Rotom|[spread] p2a\n|-activate|p2b: Charizard|move: Protect\n|-resisted|p2a: Rotom|1\n|-damage|p2a: Rotom|11/100\n|\n|-weather|SunnyDay|[upkeep]\n|upkeep\n|turn|9\n|\n|t:|1776324393\n|move|p2b: Charizard|Blast Burn|p1a: Incineroar\n|-resisted|p1a: Incineroar|1\n|-damage|p1a: Incineroar|0 fnt\n|-mustrecharge|p2b: Charizard\n|faint|p1a: Incineroar\n|move|p1b: Charizard|Heat Wave|p2a: Rotom|[spread] p2a,p2b\n|-resisted|p2a: Rotom|1\n|-resisted|p2b: Charizard|1\n|-damage|p2a: Rotom|0 fnt\n|-damage|p2b: Charizard|69/100\n|faint|p2a: Rotom\n|\n|-weather|SunnyDay|[upkeep]\n|upkeep\n|\n|t:|1776324396\n|switch|p2a: Garchomp|Garchomp, L50, F|41/100 slp\n|turn|10\n|\n|t:|1776324402\n|-curestatus|p2a: Garchomp|slp|[msg]\n|move|p2a: Garchomp|Rock Slide|p1b: Charizard\n|-supereffective|p1b: Charizard|2\n|-damage|p1b: Charizard|0 fnt\n|faint|p1b: Charizard\n|\n|win|lucio m\n|raw|reddev94's rating: 1311 &rarr; <strong>1293</strong><br />(-18 for losing)\n|raw|lucio m's rating: 1342 &rarr; <strong>1360</strong><br />(+18 for winning)\n|l|\u2606reddev94\n|player|p1|\n",
  "uploadtime": 1776324407,
  "views": 30,
  "formatid": "gen9championsvgc2026regma",
  "rating": 1293,
  "private": 0,
  "password": null
}