{
  "id": "gen9championsvgc2026regma-2581577317",
  "format": "[Gen 9 Champions] VGC 2026 Reg M-A",
  "players": [
    "HealborforHire",
    "lokotess0"
  ],
  "log": "|j|\u2606HealborforHire\n|j|\u2606lokotess0\n|t:|1776012343\n|gametype|doubles\n|player|p1|HealborforHire|101|1302\n|player|p2|lokotess0|2|1266\n|gen|9\n|tier|[Gen 9 Champions] VGC 2026 Reg M-A\n|rated|\n|rule|Species Clause: Limit one of each Pok\u00e9mon\n|rule|Item Clause: Limit 1 of each item\n|clearpoke\n|poke|p1|Tyranitar, L50, M|\n|poke|p1|Excadrill, L50, F|\n|poke|p1|Delphox, L50, F|\n|poke|p1|Milotic, L50, M|\n|poke|p1|Sinistcha, L50|\n|poke|p1|Sylveon, L50, F|\n|poke|p2|Archaludon, L50, F|\n|poke|p2|Pelipper, L50, M|\n|poke|p2|Sinistcha, L50|\n|poke|p2|Kingambit, L50, F|\n|poke|p2|Dragonite, L50, M|\n|poke|p2|Incineroar, L50, M|\n|teampreview|4\n|\n|t:|1776012370\n|teamsize|p1|4\n|teamsize|p2|4\n|start\n|switch|p1a: Milotic|Milotic, L50, M|100/100\n|switch|p1b: Tyranitar|Tyranitar, L50, M|100/100\n|switch|p2a: Archaludon|Archaludon, L50, F|100/100\n|switch|p2b: Sinistcha|Sinistcha, L50|100/100\n|-weather|Sandstorm|[from] ability: Sand Stream|[of] p1b: Tyranitar\n|turn|1\n|inactive|Battle timer is ON: inactive players will automatically lose when time's up. (requested by lokotess0)\n|\n|t:|1776012385\n|switch|p2b: Pelipper|Pelipper, L50, M, shiny|100/100\n|-weather|RainDance|[from] ability: Drizzle|[of] p2b: Pelipper\n|move|p2a: Archaludon|Electro Shot||[still]\n|-prepare|p2a: Archaludon|Electro Shot\n|-boost|p2a: Archaludon|spa|1\n|-anim|p2a: Archaludon|Electro Shot|p1a: Milotic\n|-supereffective|p1a: Milotic|1\n|-damage|p1a: Milotic|17/100\n|move|p1a: Milotic|Icy Wind|p2a: Archaludon|[spread] p2a,p2b\n|-damage|p2a: Archaludon|91/100\n|-damage|p2b: Pelipper|85/100\n|-unboost|p2a: Archaludon|spe|1\n|-unboost|p2b: Pelipper|spe|1\n|-ability|p2a: Archaludon|Stamina|boost\n|-boost|p2a: Archaludon|def|1\n|move|p1b: Tyranitar|Crunch|p2b: Pelipper\n|-damage|p2b: Pelipper|28/100\n|-unboost|p2b: Pelipper|def|1\n|\n|-weather|RainDance|[upkeep]\n|-heal|p1a: Milotic|23/100|[from] item: Leftovers\n|-heal|p2a: Archaludon|97/100|[from] item: Leftovers\n|upkeep\n|turn|2\n|\n|t:|1776012410\n|detailschange|p1b: Tyranitar|Tyranitar-Mega, L50, M\n|-mega|p1b: Tyranitar|Tyranitar|Tyranitarite\n|-weather|Sandstorm|[from] ability: Sand Stream|[of] p1b: Tyranitar\n|move|p1a: Milotic|Helping Hand|p1b: Tyranitar\n|-singleturn|p1b: Tyranitar|Helping Hand|[of] p1a: Milotic\n|move|p2b: Pelipper|Wide Guard|p2b: Pelipper\n|-singleturn|p2b: Pelipper|Wide Guard\n|move|p1b: Tyranitar|Rock Slide|p2a: Archaludon|[spread] \n|-activate|p2a: Archaludon|move: Wide Guard\n|-activate|p2b: Pelipper|move: Wide Guard\n|move|p2a: Archaludon|Electro Shot||[still]\n|-prepare|p2a: Archaludon|Electro Shot\n|-boost|p2a: Archaludon|spa|1\n|\n|-weather|Sandstorm|[upkeep]\n|-damage|p1a: Milotic|17/100|[from] Sandstorm\n|-damage|p2b: Pelipper|22/100|[from] Sandstorm\n|-heal|p1a: Milotic|23/100|[from] item: Leftovers\n|-heal|p2a: Archaludon|100/100|[from] item: Leftovers\n|upkeep\n|turn|3\n|\n|t:|1776012428\n|switch|p1a: Narita Brian|Excadrill, L50, F|100/100\n|switch|p2b: Sinistcha|Sinistcha, L50|100/100\n|move|p1b: Tyranitar|Crunch|p2b: Sinistcha\n|-supereffective|p2b: Sinistcha|1\n|-damage|p2b: Sinistcha|20/100\n|-enditem|p2b: Sinistcha|Sitrus Berry|[eat]\n|-heal|p2b: Sinistcha|44/100|[from] item: Sitrus Berry\n|move|p2a: Archaludon|Electro Shot|p1a: Narita Brian|[from] lockedmove\n|-immune|p1a: Narita Brian\n|\n|-weather|Sandstorm|[upkeep]\n|-damage|p2b: Sinistcha|38/100|[from] Sandstorm\n|upkeep\n|turn|4\n|inactive|HealborforHire has 30 seconds left.\n|\n|t:|1776012460\n|move|p1a: Narita Brian|Earthquake|p2a: Archaludon|[spread] p1b,p2a,p2b\n|-supereffective|p1b: Tyranitar|1\n|-supereffective|p2a: Archaludon|1\n|-resisted|p2b: Sinistcha|1\n|-damage|p1b: Tyranitar|50/100\n|-damage|p2a: Archaludon|57/100\n|-damage|p2b: Sinistcha|21/100\n|-ability|p2a: Archaludon|Stamina|boost\n|-boost|p2a: Archaludon|def|1\n|move|p1b: Tyranitar|Crunch|p2b: Sinistcha\n|-supereffective|p2b: Sinistcha|1\n|-damage|p2b: Sinistcha|0 fnt\n|faint|p2b: Sinistcha\n|move|p2a: Archaludon|Aura Sphere|p1b: Tyranitar\n|-supereffective|p1b: Tyranitar|2\n|-damage|p1b: Tyranitar|0 fnt\n|faint|p1b: Tyranitar\n|\n|-weather|Sandstorm|[upkeep]\n|-heal|p2a: Archaludon|63/100|[from] item: Leftovers\n|upkeep\n|\n|t:|1776012470\n|switch|p1b: Sylveon|Sylveon, L50, F|100/100\n|switch|p2b: Pelipper|Pelipper, L50, M, shiny|22/100\n|-weather|RainDance|[from] ability: Drizzle|[of] p2b: Pelipper\n|turn|5\n|\n|t:|1776012482\n|move|p1a: Narita Brian|Protect|p1a: Narita Brian\n|-singleturn|p1a: Narita Brian|Protect\n|move|p2b: Pelipper|Wide Guard|p2b: Pelipper\n|-singleturn|p2b: Pelipper|Wide Guard\n|move|p1b: Sylveon|Moonblast|p2a: Archaludon\n|-damage|p2a: Archaludon|14/100\n|-ability|p2a: Archaludon|Stamina|boost\n|-boost|p2a: Archaludon|def|1\n|move|p2a: Archaludon|Aura Sphere|p1a: Narita Brian\n|-activate|p1a: Narita Brian|move: Protect\n|\n|-weather|RainDance|[upkeep]\n|-heal|p2a: Archaludon|20/100|[from] item: Leftovers\n|upkeep\n|turn|6\n|\n|t:|1776012503\n|move|p1a: Narita Brian|Rock Slide|p2a: Archaludon|[spread] p2a,p2b\n|-resisted|p2a: Archaludon|1\n|-supereffective|p2b: Pelipper|1\n|-damage|p2a: Archaludon|17/100\n|-damage|p2b: Pelipper|0 fnt\n|-ability|p2a: Archaludon|Stamina|boost\n|-boost|p2a: Archaludon|def|1\n|faint|p2b: Pelipper\n|move|p1b: Sylveon|Moonblast|p2a: Archaludon\n|-damage|p2a: Archaludon|0 fnt\n|faint|p2a: Archaludon\n|\n|-weather|RainDance|[upkeep]\n|upkeep\n|\n|t:|1776012513\n|switch|p2b: Dragonite|Dragonite, L50, M, shiny|100/100\n|turn|7\n|\n|t:|1776012520\n|detailschange|p2b: Dragonite|Dragonite-Mega, L50, M, shiny\n|-mega|p2b: Dragonite|Dragonite|Dragoninite\n|move|p1a: Narita Brian|Rock Slide|p2b: Dragonite\n|-supereffective|p2b: Dragonite|1\n|-damage|p2b: Dragonite|79/100\n|cant|p2b: Dragonite|flinch\n|move|p1b: Sylveon|Hyper Voice|p2b: Dragonite\n|-supereffective|p2b: Dragonite|1\n|-crit|p2b: Dragonite\n|-damage|p2b: Dragonite|0 fnt\n|faint|p2b: Dragonite\n|\n|win|HealborforHire\n|raw|HealborforHire's rating: 1302 &rarr; <strong>1320</strong><br />(+18 for winning)\n|raw|lokotess0's rating: 1266 &rarr; <strong>1244</strong><br />(-22 for losing)\n|l|\u2606lokotess0\n|player|p2|\n",
  "uploadtime": 1776012556,
  "views": 29,
  "formatid": "gen9championsvgc2026regma",
  "rating": 1244,
  "private": 0,
  "password": null
}