{
  "id": "gen9championsvgc2026regma-2586031873",
  "format": "[Gen 9 Champions] VGC 2026 Reg M-A",
  "players": [
    "pacrat27",
    "Mystic_Bandit"
  ],
  "log": "|j|\u2606pacrat27\n|j|\u2606Mystic_Bandit\n|t:|1776392048\n|gametype|doubles\n|player|p1|pacrat27|silver|1041\n|player|p2|Mystic_Bandit|265|1000\n|gen|9\n|tier|[Gen 9 Champions] VGC 2026 Reg M-A\n|rated|\n|rule|Species Clause: Limit one of each Pok\u00e9mon\n|rule|Item Clause: Limit 1 of each item\n|clearpoke\n|poke|p1|Typhlosion-Hisui, L50, F|\n|poke|p1|Rotom-Wash, L50|\n|poke|p1|Torkoal, L50, F|\n|poke|p1|Whimsicott, L50, F|\n|poke|p1|Scovillain, L50, M|\n|poke|p1|Tinkaton, L50, F|\n|poke|p2|Whimsicott, L50, F|\n|poke|p2|Oranguru, L50, F|\n|poke|p2|Golurk, L50|\n|poke|p2|Sneasler, L50, F|\n|poke|p2|Clawitzer, L50, F|\n|poke|p2|Incineroar, L50, M|\n|teampreview|4\n|\n|t:|1776392090\n|teamsize|p1|4\n|teamsize|p2|4\n|start\n|switch|p1a: Torkoal|Torkoal, L50, F|100/100\n|switch|p1b: Scovillain|Scovillain, L50, M|100/100\n|switch|p2a: Sneasler|Sneasler, L50, F|100/100\n|switch|p2b: Clawitzer|Clawitzer, L50, F|100/100\n|-weather|SunnyDay|[from] ability: Drought|[of] p1a: Torkoal\n|turn|1\n|\n|t:|1776392112\n|switch|p1a: Rotom|Rotom-Wash, L50|100/100\n|move|p1b: Scovillain|Growth|p1b: Scovillain\n|-boost|p1b: Scovillain|atk|2\n|-boost|p1b: Scovillain|spa|2\n|move|p2a: Sneasler|Dire Claw|p1b: Scovillain\n|-supereffective|p1b: Scovillain|1\n|-damage|p1b: Scovillain|0 fnt\n|faint|p1b: Scovillain\n|move|p2b: Clawitzer|Water Pulse|p1a: Rotom\n|-resisted|p1a: Rotom|1\n|-damage|p1a: Rotom|84/100\n|\n|-weather|SunnyDay|[upkeep]\n|-heal|p1a: Rotom|90/100|[from] item: Leftovers\n|upkeep\n|\n|t:|1776392123\n|switch|p1b: Typhlosion|Typhlosion-Hisui, L50, F|100/100\n|-item|p2a: Sneasler|White Herb|[from] ability: Frisk|[of] p1b: Typhlosion\n|-item|p2b: Clawitzer|Leftovers|[from] ability: Frisk|[of] p1b: Typhlosion\n|turn|2\n|\n|t:|1776392151\n|move|p1b: Typhlosion|Flamethrower|p2a: Sneasler\n|-damage|p2a: Sneasler|0 fnt\n|faint|p2a: Sneasler\n|move|p1a: Rotom|Electroweb|p2b: Clawitzer\n|-supereffective|p2b: Clawitzer|1\n|-damage|p2b: Clawitzer|42/100\n|-unboost|p2b: Clawitzer|spe|1\n|move|p2b: Clawitzer|Water Pulse|p1b: Typhlosion\n|-supereffective|p1b: Typhlosion|1\n|-damage|p1b: Typhlosion|40/100\n|\n|-weather|SunnyDay|[upkeep]\n|-heal|p1a: Rotom|97/100|[from] item: Leftovers\n|-heal|p2b: Clawitzer|48/100|[from] item: Leftovers\n|upkeep\n|\n|t:|1776392160\n|switch|p2a: Whimsicott|Whimsicott, L50, F|100/100\n|turn|3\n|\n|t:|1776392171\n|move|p2b: Clawitzer|Protect|p2b: Clawitzer\n|-singleturn|p2b: Clawitzer|Protect\n|move|p1b: Typhlosion|Flamethrower|p2a: Whimsicott\n|-supereffective|p2a: Whimsicott|1\n|-enditem|p2a: Whimsicott|Focus Sash\n|-damage|p2a: Whimsicott|1/100\n|move|p2a: Whimsicott|Energy Ball|p1a: Rotom\n|-supereffective|p1a: Rotom|1\n|-damage|p1a: Rotom|3/100\n|move|p1a: Rotom|Electroweb|p2b: Clawitzer|[spread] p2a\n|-activate|p2b: Clawitzer|move: Protect\n|-resisted|p2a: Whimsicott|1\n|-damage|p2a: Whimsicott|0 fnt\n|faint|p2a: Whimsicott\n|\n|-weather|SunnyDay|[upkeep]\n|-heal|p1a: Rotom|9/100|[from] item: Leftovers\n|-heal|p2b: Clawitzer|54/100|[from] item: Leftovers\n|upkeep\n|\n|t:|1776392182\n|switch|p2a: Golurk|Golurk, L50|100/100\n|turn|4\n|\n|t:|1776392206\n|switch|p1b: Torkoal|Torkoal, L50, F|100/100\n|detailschange|p2a: Golurk|Golurk-Mega, L50\n|-mega|p2a: Golurk|Golurk|Golurkite\n|move|p1a: Rotom|Electroweb|p2a: Golurk|[spread] p2b\n|-immune|p2a: Golurk\n|-supereffective|p2b: Clawitzer|1\n|-crit|p2b: Clawitzer\n|-damage|p2b: Clawitzer|0 fnt\n|faint|p2b: Clawitzer\n|move|p2a: Golurk|Poltergeist|p1b: Torkoal\n|-activate|p1b: Torkoal|move: Poltergeist|Sitrus Berry\n|-damage|p1b: Torkoal|30/100\n|-enditem|p1b: Torkoal|Sitrus Berry|[eat]\n|-heal|p1b: Torkoal|55/100|[from] item: Sitrus Berry\n|\n|-weather|SunnyDay|[upkeep]\n|-heal|p1a: Rotom|15/100|[from] item: Leftovers\n|upkeep\n|turn|5\n|\n|t:|1776392219\n|move|p1a: Rotom|Dark Pulse|p2a: Golurk\n|-supereffective|p2a: Golurk|1\n|-damage|p2a: Golurk|59/100\n|move|p2a: Golurk|Poltergeist|p1a: Rotom\n|-activate|p1a: Rotom|move: Poltergeist|Leftovers\n|-damage|p1a: Rotom|0 fnt\n|faint|p1a: Rotom\n|move|p1b: Torkoal|Heat Wave|p2a: Golurk\n|-damage|p2a: Golurk|9/100\n|\n|-weather|none\n|upkeep\n|\n|t:|1776392230\n|switch|p1a: Typhlosion|Typhlosion-Hisui, L50, F|40/100\n|-item|p2a: Golurk|Golurkite|[from] ability: Frisk|[of] p1a: Typhlosion\n|turn|6\n|\n|t:|1776392242\n|move|p1a: Typhlosion|Solar Beam||[still]\n|-prepare|p1a: Typhlosion|Solar Beam\n|move|p2a: Golurk|Poltergeist|p1a: Typhlosion\n|-activate|p1a: Typhlosion|move: Poltergeist|Choice Scarf\n|-supereffective|p1a: Typhlosion|1\n|-damage|p1a: Typhlosion|0 fnt\n|faint|p1a: Typhlosion\n|move|p1b: Torkoal|Will-O-Wisp|p2a: Golurk\n|-status|p2a: Golurk|brn\n|\n|-damage|p2a: Golurk|3/100 brn|[from] brn\n|upkeep\n|turn|7\n|\n|t:|1776392252\n|move|p1b: Torkoal|Protect|p1b: Torkoal\n|-singleturn|p1b: Torkoal|Protect\n|move|p2a: Golurk|Headlong Rush|p1b: Torkoal\n|-supereffective|p1b: Torkoal|1\n|-ability|p2a: Golurk|Unseen Fist\n|-zbroken|p1b: Torkoal\n|-damage|p1b: Torkoal|38/100\n|-unboost|p2a: Golurk|def|1\n|-unboost|p2a: Golurk|spd|1\n|\n|-damage|p2a: Golurk|0 fnt|[from] brn\n|faint|p2a: Golurk\n|\n|win|pacrat27\n|raw|pacrat27's rating: 1041 &rarr; <strong>1071</strong><br />(+30 for winning)\n|raw|Mystic_Bandit's rating: 1000 &rarr; <strong>1000</strong><br />(+0 for losing)\n|l|\u2606Mystic_Bandit\n|player|p2|\n|c|\u2606pacrat27|Gg\n|l|\u2606pacrat27\n|player|p1|\n|j|\u2606pacrat27\n|player|p1|pacrat27|silver|\n",
  "uploadtime": 1776392754,
  "views": 21,
  "formatid": "gen9championsvgc2026regma",
  "rating": 1000,
  "private": 0,
  "password": null
}