{
  "id": "gen9championsvgc2026regma-2585654431",
  "format": "[Gen 9 Champions] VGC 2026 Reg M-A",
  "players": [
    "emilyabcde1ara",
    "yellowish sunbeam"
  ],
  "log": "|j|\u2606emilyabcde1ara\n|j|\u2606yellowish sunbeam\n|t:|1776361533\n|gametype|doubles\n|player|p1|emilyabcde1ara|lass|1191\n|player|p2|yellowish sunbeam|steven|1236\n|gen|9\n|tier|[Gen 9 Champions] VGC 2026 Reg M-A\n|rated|\n|rule|Species Clause: Limit one of each Pok\u00e9mon\n|rule|Item Clause: Limit 1 of each item\n|clearpoke\n|poke|p1|Lucario, L50, F|\n|poke|p1|Talonflame, L50, M|\n|poke|p1|Primarina, L50, M|\n|poke|p1|Meowscarada, L50, M|\n|poke|p1|Dragapult, L50, F|\n|poke|p1|Clefable, L50, F|\n|poke|p2|Talonflame, L50, M|\n|poke|p2|Gengar, L50, F|\n|poke|p2|Archaludon, L50, F|\n|poke|p2|Pelipper, L50, F|\n|poke|p2|Whimsicott, L50, F|\n|poke|p2|Kangaskhan, L50, F|\n|teampreview|4\n|inactive|Battle timer is ON: inactive players will automatically lose when time's up. (requested by emilyabcde1ara)\n|c|\u2606yellowish sunbeam|glhf\n|inactive|yellowish sunbeam has 60 seconds left.\n|\n|t:|1776361564\n|teamsize|p1|4\n|teamsize|p2|4\n|start\n|switch|p1a: Dragapult|Dragapult, L50, F|100/100\n|switch|p1b: Clefable|Clefable, L50, F|100/100\n|switch|p2a: imablisey|Gengar, L50, F, shiny|100/100\n|switch|p2b: Whimsicott|Whimsicott, L50, F|100/100\n|turn|1\n|\n|t:|1776361579\n|detailschange|p2a: imablisey|Gengar-Mega, L50, F, shiny\n|-mega|p2a: imablisey|Gengar|Gengarite\n|move|p1b: Clefable|Helping Hand|p1a: Dragapult\n|-singleturn|p1a: Dragapult|Helping Hand|[of] p1b: Clefable\n|move|p2a: imablisey|Protect|p2a: imablisey\n|-singleturn|p2a: imablisey|Protect\n|move|p2b: Whimsicott|Taunt|p1b: Clefable\n|-start|p1b: Clefable|move: Taunt\n|move|p1a: Dragapult|Dragon Darts|p2a: imablisey\n|-immune|p2b: Whimsicott\n|\n|upkeep\n|turn|2\n|inactive|emilyabcde1ara has 30 seconds left.\n|inactive|emilyabcde1ara has 20 seconds left.\n|inactive|emilyabcde1ara has 15 seconds left.\n|inactive|yellowish sunbeam has 30 seconds left.\n|\n|t:|1776361627\n|move|p2b: Whimsicott|Tailwind|p2b: Whimsicott\n|-sidestart|p2: yellowish sunbeam|move: Tailwind\n|move|p2a: imablisey|Shadow Ball|p1a: Dragapult\n|-supereffective|p1a: Dragapult|1\n|-damage|p1a: Dragapult|0 fnt\n|faint|p1a: Dragapult\n|move|p1b: Clefable|Draining Kiss|p2b: Whimsicott\n|-damage|p2b: Whimsicott|86/100\n|\n|upkeep\n|\n|t:|1776361640\n|switch|p1a: Lucario|Lucario, L50, F|100/100\n|turn|3\n|inactive|yellowish sunbeam has 30 seconds left.\n|\n|t:|1776361673\n|detailschange|p1a: Lucario|Lucario-Mega, L50, F\n|-mega|p1a: Lucario|Lucario|Lucarionite\n|move|p2b: Whimsicott|Protect|p2b: Whimsicott\n|-singleturn|p2b: Whimsicott|Protect\n|move|p2a: imablisey|Protect|p2a: imablisey\n|-singleturn|p2a: imablisey|Protect\n|move|p1a: Lucario|Flash Cannon|p2b: Whimsicott\n|-activate|p2b: Whimsicott|move: Protect\n|move|p1b: Clefable|Draining Kiss|p2b: Whimsicott\n|-activate|p2b: Whimsicott|move: Protect\n|\n|upkeep\n|turn|4\n|\n|t:|1776361691\n|move|p2b: Whimsicott|Encore|p1a: Lucario\n|-start|p1a: Lucario|Encore\n|move|p2a: imablisey|Disable|p1a: Lucario\n|-start|p1a: Lucario|Disable|Flash Cannon\n|cant|p1a: Lucario|Disable|Flash Cannon\n|move|p1b: Clefable|Draining Kiss|p2b: Whimsicott\n|-damage|p2b: Whimsicott|68/100\n|\n|-end|p1b: Clefable|move: Taunt\n|upkeep\n|turn|5\n|\n|t:|1776361713\n|move|p2b: Whimsicott|Taunt|p1b: Clefable\n|-start|p1b: Clefable|move: Taunt\n|move|p2a: imablisey|Sludge Bomb|p1b: Clefable\n|-supereffective|p1b: Clefable|1\n|-damage|p1b: Clefable|0 fnt\n|faint|p1b: Clefable\n|-activate|p1a: Lucario|move: Struggle\n|move|p1a: Lucario|Struggle|p2b: Whimsicott\n|-damage|p2b: Whimsicott|47/100\n|-damage|p1a: Lucario|76/100|[from] recoil\n|\n|-sideend|p2: yellowish sunbeam|move: Tailwind\n|upkeep\n|\n|t:|1776361719\n|switch|p1b: Poppy|Primarina, L50, M|100/100\n|turn|6\n|\n|t:|1776361728\n|move|p2a: imablisey|Protect|p2a: imablisey\n|-singleturn|p2a: imablisey|Protect\n|move|p2b: Whimsicott|Tailwind|p2b: Whimsicott\n|-sidestart|p2: yellowish sunbeam|move: Tailwind\n|-activate|p1a: Lucario|move: Struggle\n|move|p1a: Lucario|Struggle|p2b: Whimsicott\n|-damage|p2b: Whimsicott|27/100\n|-damage|p1a: Lucario|51/100|[from] recoil\n|move|p1b: Poppy|Hyper Voice|p2a: imablisey|[spread] p2b\n|-activate|p2a: imablisey|move: Protect\n|-resisted|p2b: Whimsicott|1\n|-damage|p2b: Whimsicott|4/100\n|\n|-end|p1a: Lucario|Encore\n|upkeep\n|turn|7\n|\n|t:|1776361742\n|move|p2b: Whimsicott|Encore||[still]\n|-fail|p2b: Whimsicott\n|move|p1a: Lucario|Vacuum Wave|p2b: Whimsicott\n|-resisted|p2b: Whimsicott|1\n|-damage|p2b: Whimsicott|0 fnt\n|faint|p2b: Whimsicott\n|move|p2a: imablisey|Sludge Bomb|p1b: Poppy\n|-supereffective|p1b: Poppy|1\n|-damage|p1b: Poppy|0 fnt\n|faint|p1b: Poppy\n|\n|-end|p1a: Lucario|Disable\n|upkeep\n|\n|t:|1776361750\n|switch|p2b: Staple Remover|Archaludon, L50, F|100/100\n|turn|8\n|\n|t:|1776361756\n|move|p2a: imablisey|Shadow Ball|p1a: Lucario\n|-damage|p1a: Lucario|0 fnt\n|faint|p1a: Lucario\n|\n|win|yellowish sunbeam\n|raw|emilyabcde1ara's rating: 1191 &rarr; <strong>1169</strong><br />(-22 for losing)\n|raw|yellowish sunbeam's rating: 1236 &rarr; <strong>1258</strong><br />(+22 for winning)\n|l|\u2606emilyabcde1ara\n|player|p1|\n",
  "uploadtime": 1776361758,
  "views": 37,
  "formatid": "gen9championsvgc2026regma",
  "rating": 1169,
  "private": 0,
  "password": null
}