{
  "id": "gen9championsvgc2026regma-2588330648",
  "format": "[Gen 9 Champions] VGC 2026 Reg M-A",
  "players": [
    "Autin Mago",
    "venusaurrr"
  ],
  "log": "|j|\u2606Autin Mago\n|j|\u203dvenusaurrr\n|t:|1776624680\n|gametype|doubles\n|player|p1|Autin Mago|flannery|1431\n|player|p2|venusaurrr|boarder|1456\n|gen|9\n|tier|[Gen 9 Champions] VGC 2026 Reg M-A\n|rated|\n|rule|Species Clause: Limit one of each Pok\u00e9mon\n|rule|Item Clause: Limit 1 of each item\n|clearpoke\n|poke|p1|Floette-Eternal, L50, F|\n|poke|p1|Kingambit, L50, M|\n|poke|p1|Sneasler, L50, M|\n|poke|p1|Dragapult, L50, M|\n|poke|p1|Corviknight, L50, M|\n|poke|p1|Rotom-Heat, L50|\n|poke|p2|Golurk, L50|\n|poke|p2|Farigiraf, L50, M|\n|poke|p2|Incineroar, L50, F|\n|poke|p2|Torkoal, L50, F|\n|poke|p2|Sneasler, L50, M|\n|poke|p2|Venusaur, L50, M|\n|teampreview|4\nAutin Mago has agreed to open team sheets.\n|inactive|Battle timer is ON: inactive players will automatically lose when time's up. (requested by venusaurrr)\n|inactive|Autin Mago has 60 seconds left.\n|inactive|Autin Mago has 30 seconds left.\n|inactive|Autin Mago has 20 seconds left.\n|\n|t:|1776624790\n|teamsize|p1|4\n|teamsize|p2|4\n|start\n|switch|p1a: Dragapult|Dragapult, L50, M|100/100\n|switch|p1b: Kingambit|Kingambit, L50, M|100/100\n|switch|p2a: Sneasler|Sneasler, L50, M|100/100\n|switch|p2b: Farigiraf|Farigiraf, L50, M|100/100\n|turn|1\n|inactive|Autin Mago has 30 seconds left.\n|inactive|Autin Mago has 20 seconds left.\n|inactive|Autin Mago has 15 seconds left.\n|\n|t:|1776624831\n|move|p1b: Kingambit|Protect|p1b: Kingambit\n|-singleturn|p1b: Kingambit|Protect\n|move|p1a: Dragapult|Phantom Force||[still]\n|-prepare|p1a: Dragapult|Phantom Force\n|move|p2a: Sneasler|Close Combat|p1b: Kingambit\n|-activate|p1b: Kingambit|move: Protect\n|move|p2b: Farigiraf|Trick Room|p2b: Farigiraf\n|-fieldstart|move: Trick Room|[of] p2b: Farigiraf\n|\n|upkeep\n|turn|2\n|inactive|venusaurrr has 30 seconds left.\n|inactive|Autin Mago has 30 seconds left.\n|inactive|venusaurrr has 20 seconds left.\n|inactive|venusaurrr has 15 seconds left.\n|\n|t:|1776624872\n|switch|p1b: Corviknight|Corviknight, L50, M|100/100\n|move|p2b: Farigiraf|Psychic|p1a: Dragapult|[miss]\n|-miss|p2b: Farigiraf|p1a: Dragapult\n|move|p2a: Sneasler|Close Combat|p1b: Corviknight\n|-damage|p1b: Corviknight|51/100\n|-unboost|p2a: Sneasler|def|1\n|-unboost|p2a: Sneasler|spd|1\n|-enditem|p2a: Sneasler|White Herb\n|-clearnegativeboost|p2a: Sneasler|[silent]\n|move|p1a: Dragapult|Phantom Force|p2a: Sneasler|[from] lockedmove\n|-damage|p2a: Sneasler|31/100\n|\n|-heal|p1b: Corviknight|57/100|[from] item: Leftovers\n|upkeep\n|turn|3\n|inactive|Autin Mago has 30 seconds left.\n|inactive|venusaurrr has 30 seconds left.\n|inactive|Autin Mago has 20 seconds left.\n|\n|t:|1776624909\n|switch|p1b: Floette|Floette-Eternal, L50, F|100/100\n|move|p2b: Farigiraf|Psychic|p1b: Floette\n|-damage|p1b: Floette|65/100\n|move|p1a: Dragapult|Dragon Darts|p2a: Sneasler\n|-damage|p2a: Sneasler|0 fnt\n|-anim|p1a: Dragapult|Dragon Darts|p2b: Farigiraf\n|-damage|p2b: Farigiraf|78/100\n|faint|p2a: Sneasler\n|\n|upkeep\n|\n|t:|1776624931\n|switch|p2a: Torkoal|Torkoal, L50, F|100/100\n|-weather|SunnyDay|[from] ability: Drought|[of] p2a: Torkoal\n|turn|4\n|j| Winieska Rambulera\n|\n|t:|1776624954\n|detailschange|p1b: Floette|Floette-Mega, L50, F\n|-mega|p1b: Floette|Floette|Floettite\n|-ability|p1b: Floette|Fairy Aura\n|move|p2b: Farigiraf|Helping Hand|p2a: Torkoal\n|-singleturn|p2a: Torkoal|Helping Hand|[of] p2b: Farigiraf\n|move|p2a: Torkoal|Eruption|p1b: Floette|[spread] p1a,p1b\n|-resisted|p1a: Dragapult|1\n|-damage|p1a: Dragapult|5/100\n|-damage|p1b: Floette|0 fnt\n|faint|p1b: Floette\n|move|p1a: Dragapult|Phantom Force||[still]\n|-prepare|p1a: Dragapult|Phantom Force\n|\n|-weather|SunnyDay|[upkeep]\n|upkeep\n|\n|t:|1776624964\n|switch|p1b: Kingambit|Kingambit, L50, M|100/100\n|turn|5\n|\n|t:|1776624980\n|switch|p2a: Golurk|Golurk, L50|100/100\n|move|p1b: Kingambit|Protect|p1b: Kingambit\n|-singleturn|p1b: Kingambit|Protect\n|move|p2b: Farigiraf|Hyper Voice|p1a: Dragapult|[spread] \n|-miss|p2b: Farigiraf|p1a: Dragapult\n|-activate|p1b: Kingambit|move: Protect\n|move|p1a: Dragapult|Phantom Force|p2a: Golurk|[from] lockedmove\n|-supereffective|p2a: Golurk|1\n|-damage|p2a: Golurk|9/100\n|\n|-weather|SunnyDay|[upkeep]\n|-fieldend|move: Trick Room\n|upkeep\n|turn|6\n|inactive|venusaurrr has 30 seconds left.\n|inactive|venusaurrr has 20 seconds left.\n|\n|t:|1776625016\n|switch|p2b: Torkoal|Torkoal, L50, F|100/100\n|move|p1a: Dragapult|Dragon Darts|p2a: Golurk\n|-damage|p2a: Golurk|0 fnt\n|-anim|p1a: Dragapult|Dragon Darts|p2b: Torkoal\n|-damage|p2b: Torkoal|79/100\n|faint|p2a: Golurk\n|move|p1b: Kingambit|Kowtow Cleave|p2b: Torkoal\n|-damage|p2b: Torkoal|30/100\n|\n|-weather|SunnyDay|[upkeep]\n|upkeep\n|\n|t:|1776625023\n|switch|p2a: Farigiraf|Farigiraf, L50, M|78/100\n|turn|7\n|\n|t:|1776625042\n|move|p1a: Dragapult|Dragon Darts|p2a: Farigiraf\n|-damage|p2a: Farigiraf|55/100\n|-anim|p1a: Dragapult|Dragon Darts|p2b: Torkoal\n|-damage|p2b: Torkoal|8/100\n|move|p1b: Kingambit|Kowtow Cleave|p2a: Farigiraf\n|-supereffective|p2a: Farigiraf|1\n|-damage|p2a: Farigiraf|0 fnt\n|faint|p2a: Farigiraf\n|move|p2b: Torkoal|Heat Wave|p1a: Dragapult|[spread] p1b\n|-miss|p2b: Torkoal|p1a: Dragapult\n|-supereffective|p1b: Kingambit|1\n|-crit|p1b: Kingambit\n|-damage|p1b: Kingambit|0 fnt\n|faint|p1b: Kingambit\n|\n|-weather|SunnyDay|[upkeep]\n|upkeep\n|\n|t:|1776625050\n|switch|p1b: Corviknight|Corviknight, L50, M|57/100\n|turn|8\n|\n|t:|1776625058\n|move|p1a: Dragapult|Dragon Darts|p2b: Torkoal\n|-damage|p2b: Torkoal|0 fnt\n|faint|p2b: Torkoal\n|\n|win|Autin Mago\n|raw|Autin Mago's rating: 1431 &rarr; <strong>1452</strong><br />(+21 for winning)\n|raw|venusaurrr's rating: 1456 &rarr; <strong>1435</strong><br />(-21 for losing)\n|l|\u203dvenusaurrr\n|player|p2|\n",
  "uploadtime": 1776625299,
  "views": 11,
  "formatid": "gen9championsvgc2026regma",
  "rating": 1435,
  "private": 0,
  "password": null
}