{
  "id": "gen9championsvgc2026regma-2580416346",
  "format": "[Gen 9 Champions] VGC 2026 Reg M-A",
  "players": [
    "bujo0n",
    "TorkoalWQuickclaw"
  ],
  "log": "|j|\u2606bujo0n\n|j|\u2606TorkoalWQuickclaw\n|t:|1775893215\n|gametype|doubles\n|player|p1|bujo0n|pokemaniac|1161\n|player|p2|TorkoalWQuickclaw|169|1155\n|gen|9\n|tier|[Gen 9 Champions] VGC 2026 Reg M-A\n|rated|\n|rule|Species Clause: Limit one of each Pok\u00e9mon\n|rule|Item Clause: Limit 1 of each item\n|clearpoke\n|poke|p1|Gengar, L50, F|\n|poke|p1|Incineroar, L50, F|\n|poke|p1|Kingambit, L50, F|\n|poke|p1|Kommo-o, L50, M|\n|poke|p1|Sinistcha-Masterpiece, L50|\n|poke|p1|Tyranitar, L50, F|\n|poke|p2|Floette-Eternal, L50, F|\n|poke|p2|Maushold, L50|\n|poke|p2|Garchomp, L50, M|\n|poke|p2|Talonflame, L50, F|\n|poke|p2|Rotom-Wash, L50|\n|poke|p2|Aegislash, L50, M|\n|teampreview|4\nTorkoalWQuickclaw has agreed to open team sheets.\n|inactive|Battle timer is ON: inactive players will automatically lose when time's up. (requested by TorkoalWQuickclaw)\n|inactive|bujo0n has 60 seconds left.\n|\n|t:|1775893315\n|teamsize|p1|4\n|teamsize|p2|4\n|start\n|switch|p1a: Gengar|Gengar, L50, F, shiny|100/100\n|switch|p1b: Incineroar|Incineroar, L50, F, shiny|100/100\n|switch|p2a: Maushold|Maushold, L50|100/100\n|switch|p2b: Garchomp|Garchomp, L50, M|100/100\n|-ability|p1b: Incineroar|Intimidate|boost\n|-unboost|p2a: Maushold|atk|1\n|-unboost|p2b: Garchomp|atk|1\n|turn|1\n|\n|t:|1775893329\n|detailschange|p1a: Gengar|Gengar-Mega, L50, F, shiny\n|-mega|p1a: Gengar|Gengar|Gengarite\n|move|p1b: Incineroar|Fake Out|p2b: Garchomp\n|-damage|p2b: Garchomp|93/100\n|-damage|p1b: Incineroar|88/100|[from] ability: Rough Skin|[of] p2b: Garchomp\n|move|p1a: Gengar|Perish Song|p1a: Gengar\n|-start|p1a: Gengar|perish3|[silent]\n|-start|p1b: Incineroar|perish3|[silent]\n|-start|p2a: Maushold|perish3|[silent]\n|-start|p2b: Garchomp|perish3|[silent]\n|-fieldactivate|move: Perish Song\n|move|p2a: Maushold|Taunt|p1a: Gengar\n|-start|p1a: Gengar|move: Taunt\n|cant|p2b: Garchomp|flinch\n|\n|-start|p1a: Gengar|perish3\n|-start|p2a: Maushold|perish3\n|-start|p2b: Garchomp|perish3\n|-start|p1b: Incineroar|perish3\n|upkeep\n|turn|2\n|\n|t:|1775893352\n|move|p1a: Gengar|Shadow Ball|p2b: Garchomp\n|-damage|p2b: Garchomp|58/100\n|move|p2a: Maushold|Super Fang|p1b: Incineroar\n|-damage|p1b: Incineroar|44/100\n|move|p2b: Garchomp|Earthquake|p1a: Gengar|[spread] p2a,p1a,p1b\n|-crit|p2a: Maushold\n|-supereffective|p1a: Gengar|1\n|-supereffective|p1b: Incineroar|1\n|-enditem|p1b: Incineroar|Shuca Berry|[eat]\n|-enditem|p1b: Incineroar|Shuca Berry|[weaken]\n|-damage|p2a: Maushold|3/100\n|-damage|p1a: Gengar|32/100\n|-damage|p1b: Incineroar|17/100\n|move|p1b: Incineroar|Throat Chop|p2b: Garchomp\n|-damage|p2b: Garchomp|32/100\n|-start|p2b: Garchomp|Throat Chop|[silent]\n|-damage|p1b: Incineroar|5/100|[from] ability: Rough Skin|[of] p2b: Garchomp\n|\n|-start|p1a: Gengar|perish2\n|-start|p2a: Maushold|perish2\n|-start|p2b: Garchomp|perish2\n|-start|p1b: Incineroar|perish2\n|upkeep\n|turn|3\n|inactive|bujo0n has 30 seconds left.\n|inactive|bujo0n has 20 seconds left.\n|\n|t:|1775893388\n|move|p2a: Maushold|Follow Me|p2a: Maushold\n|-singleturn|p2a: Maushold|move: Follow Me\n|move|p1a: Gengar|Shadow Ball|p2a: Maushold\n|-immune|p2a: Maushold\n|move|p2b: Garchomp|Earthquake|p1a: Gengar|[spread] p2a,p1a,p1b\n|-supereffective|p1a: Gengar|1\n|-supereffective|p1b: Incineroar|1\n|-damage|p2a: Maushold|0 fnt\n|-damage|p1a: Gengar|0 fnt\n|-damage|p1b: Incineroar|0 fnt\n|faint|p2a: Maushold\n|faint|p1a: Gengar\n|faint|p1b: Incineroar\n|\n|-end|p2b: Garchomp|Throat Chop|[silent]\n|-start|p2b: Garchomp|perish1\n|upkeep\n|\n|t:|1775893400\n|switch|p1a: Sinistcha|Sinistcha-Masterpiece, L50, shiny|100/100\n|switch|p2a: Talonflame|Talonflame, L50, F|100/100\n|switch|p1b: Kingambit|Kingambit, L50, F, shiny|100/100\n|turn|4\n|\n|t:|1775893415\n|move|p1a: Sinistcha|Rage Powder|p1a: Sinistcha\n|-singleturn|p1a: Sinistcha|move: Rage Powder\n|move|p2a: Talonflame|Acrobatics|p1a: Sinistcha\n|-supereffective|p1a: Sinistcha|1\n|-damage|p1a: Sinistcha|32/100\n|-enditem|p1a: Sinistcha|Sitrus Berry|[eat]\n|-heal|p1a: Sinistcha|56/100|[from] item: Sitrus Berry\n|move|p2b: Garchomp|Earthquake|p1a: Sinistcha|[spread] p1a,p1b\n|-immune|p2a: Talonflame\n|-resisted|p1a: Sinistcha|1\n|-supereffective|p1b: Kingambit|1\n|-damage|p1a: Sinistcha|42/100\n|-damage|p1b: Kingambit|53/100\n|move|p1b: Kingambit|Iron Head|p2a: Talonflame\n|-resisted|p2a: Talonflame|1\n|-damage|p2a: Talonflame|65/100\n|\n|-start|p2b: Garchomp|perish0\n|upkeep\n|faint|p2b: Garchomp\n|\n|t:|1775893425\n|switch|p2b: Floette|Floette-Eternal, L50, F|100/100\n|turn|5\n|\n|t:|1775893439\n|detailschange|p2b: Floette|Floette-Mega, L50, F\n|-mega|p2b: Floette|Floette|Floettite\n|-ability|p2b: Floette|Fairy Aura\n|move|p1a: Sinistcha|Rage Powder|p1a: Sinistcha\n|-singleturn|p1a: Sinistcha|move: Rage Powder\n|move|p2a: Talonflame|Flare Blitz|p1a: Sinistcha\n|-supereffective|p1a: Sinistcha|1\n|-damage|p1a: Sinistcha|0 fnt\n|faint|p1a: Sinistcha\n|-damage|p2a: Talonflame|50/100|[from] Recoil\n|move|p2b: Floette|Moonblast|p1b: Kingambit\n|-damage|p1b: Kingambit|0 fnt\n|faint|p1b: Kingambit\n|\n|win|TorkoalWQuickclaw\n|raw|bujo0n's rating: 1161 &rarr; <strong>1136</strong><br />(-25 for losing)\n|raw|TorkoalWQuickclaw's rating: 1155 &rarr; <strong>1180</strong><br />(+25 for winning)\n|l|\u2606TorkoalWQuickclaw\n|player|p2|\n|l|\u2606bujo0n\n|player|p1|\n",
  "uploadtime": 1775893453,
  "views": 26,
  "formatid": "gen9championsvgc2026regma",
  "rating": 1136,
  "private": 0,
  "password": null
}