{
  "id": "gen9championsvgc2026regma-2588630324",
  "format": "[Gen 9 Champions] VGC 2026 Reg M-A",
  "players": [
    "slypig",
    "art09"
  ],
  "log": "|j|\u2606slypig\n|j|\u2606art09\n|t:|1776651819\n|gametype|doubles\n|player|p1|slypig|guitarist-gen4|1169\n|player|p2|art09|colress|1236\n|gen|9\n|tier|[Gen 9 Champions] VGC 2026 Reg M-A\n|rated|\n|rule|Species Clause: Limit one of each Pok\u00e9mon\n|rule|Item Clause: Limit 1 of each item\n|clearpoke\n|poke|p1|Tyranitar, L50, M|\n|poke|p1|Rotom-Wash, L50|\n|poke|p1|Garchomp, L50, F|\n|poke|p1|Aerodactyl, L50, M|\n|poke|p1|Sinistcha, L50|\n|poke|p1|Sneasler, L50, F|\n|poke|p2|Meowstic, L50, M|\n|poke|p2|Alakazam, L50, M|\n|poke|p2|Hatterene, L50, F|\n|poke|p2|Espeon, L50, M|\n|poke|p2|Armarouge, L50, F|\n|poke|p2|Azumarill, L50, F|\n|teampreview|4\nart09 rejected open team sheets.\n|inactive|Battle timer is ON: inactive players will automatically lose when time's up. (requested by art09)\n|\n|t:|1776651867\n|teamsize|p1|4\n|teamsize|p2|4\n|start\n|switch|p1a: Tyranitar|Tyranitar, L50, M|100/100\n|switch|p1b: Rotom|Rotom-Wash, L50|100/100\n|switch|p2a: Meowstic|Meowstic, L50, M|100/100\n|switch|p2b: Armarouge|Armarouge, L50, F|100/100\n|-weather|Sandstorm|[from] ability: Sand Stream|[of] p1a: Tyranitar\n|turn|1\n|inactive|slypig has 30 seconds left.\n|inactive|art09 has 30 seconds left.\n|\n|t:|1776651898\n|detailschange|p1a: Tyranitar|Tyranitar-Mega, L50, M\n|-mega|p1a: Tyranitar|Tyranitar|Tyranitarite\n|move|p2a: Meowstic|Fake Out|p1a: Tyranitar\n|-resisted|p1a: Tyranitar|1\n|-damage|p1a: Tyranitar|99/100\n|move|p1b: Rotom|Electroweb|p2b: Armarouge|[spread] p2a,p2b\n|-damage|p2a: Meowstic|82/100\n|-damage|p2b: Armarouge|80/100\n|-unboost|p2a: Meowstic|spe|1\n|-unboost|p2b: Armarouge|spe|1\n|cant|p1a: Tyranitar|flinch\n|move|p2b: Armarouge|Aura Sphere|p1a: Tyranitar\n|-supereffective|p1a: Tyranitar|2\n|-damage|p1a: Tyranitar|48/100\n|\n|-weather|Sandstorm|[upkeep]\n|-damage|p1b: Rotom|95/100|[from] Sandstorm\n|-damage|p2a: Meowstic|76/100|[from] Sandstorm\n|-damage|p2b: Armarouge|74/100|[from] Sandstorm\n|upkeep\n|turn|2\n|\n|t:|1776651920\n|switch|p1b: Sinistcha|Sinistcha, L50|100/100\n|-heal|p1a: Tyranitar|73/100|[from] ability: Hospitality|[of] p1b: Sinistcha\n|move|p2b: Armarouge|Wide Guard|p2b: Armarouge\n|-singleturn|p2b: Armarouge|Wide Guard\n|move|p1a: Tyranitar|Knock Off|p2b: Armarouge\n|-supereffective|p2b: Armarouge|1\n|-damage|p2b: Armarouge|0 fnt\n|-enditem|p2b: Armarouge|Charcoal|[from] move: Knock Off|[of] p1a: Tyranitar\n|faint|p2b: Armarouge\n|move|p2a: Meowstic|Trick Room|p2a: Meowstic\n|-fieldstart|move: Trick Room|[of] p2a: Meowstic\n|\n|-weather|Sandstorm|[upkeep]\n|-damage|p2a: Meowstic|70/100|[from] Sandstorm\n|-damage|p1b: Sinistcha|94/100|[from] Sandstorm\n|-heal|p1b: Sinistcha|100/100|[from] item: Leftovers\n|upkeep\n|\n|t:|1776651937\n|switch|p2b: Azumarill|Azumarill, L50, F|100/100\n|turn|3\n|\n|t:|1776651953\n|switch|p2a: Hatterene|Hatterene, L50, F|100/100\n|switch|p1a: Rotom|Rotom-Wash, L50|95/100\n|move|p2b: Azumarill|Liquidation|p1a: Rotom\n|-resisted|p1a: Rotom|1\n|-damage|p1a: Rotom|56/100\n|-unboost|p1a: Rotom|def|1\n|move|p1b: Sinistcha|Matcha Gotcha|p2a: Hatterene|[spread] p2b\n|-miss|p1b: Sinistcha|p2a: Hatterene\n|-supereffective|p2b: Azumarill|1\n|-damage|p2b: Azumarill|51/100\n|\n|-weather|Sandstorm|[upkeep]\n|-damage|p2a: Hatterene|94/100|[from] Sandstorm\n|-damage|p2b: Azumarill|45/100|[from] Sandstorm\n|-damage|p1b: Sinistcha|94/100|[from] Sandstorm\n|-damage|p1a: Rotom|51/100|[from] Sandstorm\n|-enditem|p2b: Azumarill|Sitrus Berry|[eat]\n|-heal|p2b: Azumarill|70/100|[from] item: Sitrus Berry\n|-heal|p1b: Sinistcha|100/100|[from] item: Leftovers\n|upkeep\n|turn|4\n|inactive|slypig has 30 seconds left.\n|inactive|art09 has 30 seconds left.\n|inactive|slypig has 20 seconds left.\n|inactive|slypig has 15 seconds left.\n|inactive|slypig has 10 seconds left.\n|c|\u2606art09|u won this already\n|inactive|slypig has 5 seconds left.\n|\n|t:|1776652006\n|move|p1b: Sinistcha|Rage Powder|p1b: Sinistcha\n|-singleturn|p1b: Sinistcha|move: Rage Powder\n|move|p2a: Hatterene|Dazzling Gleam|p1b: Sinistcha|[spread] p1a,p1b\n|-damage|p1a: Rotom|5/100\n|-damage|p1b: Sinistcha|61/100\n|move|p2b: Azumarill|Liquidation|p1b: Sinistcha\n|-resisted|p1b: Sinistcha|1\n|-damage|p1b: Sinistcha|42/100\n|move|p1a: Rotom|Electroweb|p2b: Azumarill|[spread] p2a,p2b\n|-crit|p2a: Hatterene\n|-supereffective|p2b: Azumarill|1\n|-damage|p2a: Hatterene|63/100\n|-damage|p2b: Azumarill|32/100\n|-unboost|p2a: Hatterene|spe|1\n|-unboost|p2b: Azumarill|spe|1\n|\n|-weather|Sandstorm|[upkeep]\n|-damage|p2a: Hatterene|57/100|[from] Sandstorm\n|-damage|p2b: Azumarill|27/100|[from] Sandstorm\n|-damage|p1b: Sinistcha|35/100|[from] Sandstorm\n|-damage|p1a: Rotom|0 fnt|[from] Sandstorm\n|faint|p1a: Rotom\n|-heal|p1b: Sinistcha|42/100|[from] item: Leftovers\n|upkeep\n|inactive|slypig has 30 seconds left.\n|\n|t:|1776652037\n|switch|p1a: Tyranitar|Tyranitar-Mega, L50, M|73/100\n|turn|5\n|\n|t:|1776652054\n|move|p2b: Azumarill|Protect|p2b: Azumarill\n|-singleturn|p2b: Azumarill|Protect\n|move|p1a: Tyranitar|Protect|p1a: Tyranitar\n|-singleturn|p1a: Tyranitar|Protect\n|move|p2a: Hatterene|Mystical Fire|p1b: Sinistcha\n|-supereffective|p1b: Sinistcha|1\n|-damage|p1b: Sinistcha|0 fnt\n|faint|p1b: Sinistcha\n|\n|-weather|none\n|upkeep\n|\n|t:|1776652063\n|switch|p1b: Garchomp|Garchomp, L50, F|100/100\n|turn|6\n|\n|t:|1776652078\n|move|p2a: Hatterene|Dazzling Gleam|p1a: Tyranitar|[spread] p1a,p1b\n|-supereffective|p1a: Tyranitar|1\n|-supereffective|p1b: Garchomp|1\n|-damage|p1a: Tyranitar|29/100\n|-damage|p1b: Garchomp|15/100\n|move|p2b: Azumarill|Liquidation|p1a: Tyranitar\n|-supereffective|p1a: Tyranitar|1\n|-damage|p1a: Tyranitar|0 fnt\n|faint|p1a: Tyranitar\n|move|p1b: Garchomp|Poison Jab|p2b: Azumarill\n|-supereffective|p2b: Azumarill|1\n|-damage|p2b: Azumarill|0 fnt\n|faint|p2b: Azumarill\n|\n|-fieldend|move: Trick Room\n|upkeep\n|\n|t:|1776652089\n|switch|p2b: Meowstic|Meowstic, L50, M|70/100\n|turn|7\n|c|\u2606art09|how\n|\n|t:|1776652097\n|detailschange|p2b: Meowstic|Meowstic-M-Mega, L50, M\n|-mega|p2b: Meowstic|Meowstic|Meowsticite\n|-ability|p2b: Meowstic|Sand Veil|Trace|[from] ability: Trace|[of] p1b: Garchomp\n|move|p1b: Garchomp|Earthquake|p2a: Hatterene|[spread] p2a,p2b\n|-damage|p2a: Hatterene|15/100\n|-damage|p2b: Meowstic|30/100\n|move|p2b: Meowstic|Expanding Force|p1b: Garchomp\n|-damage|p1b: Garchomp|0 fnt\n|faint|p1b: Garchomp\n|\n|win|art09\n|raw|slypig's rating: 1169 &rarr; <strong>1149</strong><br />(-20 for losing)\n|raw|art09's rating: 1236 &rarr; <strong>1256</strong><br />(+20 for winning)\n|l|\u2606art09\n|player|p2|\n",
  "uploadtime": 1776652108,
  "views": 4,
  "formatid": "gen9championsvgc2026regma",
  "rating": 1149,
  "private": 0,
  "password": null
}