{
  "id": "gen9championsvgc2026regma-2581952975",
  "format": "[Gen 9 Champions] VGC 2026 Reg M-A",
  "players": [
    "htr my love",
    "KingOvershield"
  ],
  "log": "|j|\u2606htr my love\n|j|\u2606KingOvershield\n|t:|1776042776\n|gametype|doubles\n|player|p1|htr my love|102|1000\n|player|p2|KingOvershield|bugcatcher-gen4dp|1046\n|gen|9\n|tier|[Gen 9 Champions] VGC 2026 Reg M-A\n|rated|\n|rule|Species Clause: Limit one of each Pok\u00e9mon\n|rule|Item Clause: Limit 1 of each item\n|clearpoke\n|poke|p1|Ampharos, L50, M|\n|poke|p1|Politoed, L50, M|\n|poke|p1|Farigiraf, L50, M|\n|poke|p1|Kingambit, L50, F|\n|poke|p1|Incineroar, L50, F|\n|poke|p1|Sinistcha, L50|\n|poke|p2|Hawlucha, L50, M|\n|poke|p2|Excadrill, L50, M|\n|poke|p2|Kingambit, L50, M|\n|poke|p2|Whimsicott, L50, M|\n|poke|p2|Weavile, L50, F|\n|poke|p2|Tyranitar, L50, M|\n|teampreview|4\n|inactive|Battle timer is ON: inactive players will automatically lose when time's up. (requested by htr my love)\n|\n|t:|1776042841\n|teamsize|p1|4\n|teamsize|p2|4\n|start\n|switch|p1a: Farigiraf|Farigiraf, L50, M|100/100\n|switch|p1b: Kingambit|Kingambit, L50, F|100/100\n|switch|p2a: Hawlucha|Hawlucha, L50, M|100/100\n|switch|p2b: Excadrill|Excadrill, L50, M|100/100\n|-ability|p2b: Excadrill|Mold Breaker\n|turn|1\n|inactive|htr my love has 30 seconds left.\n|inactive|KingOvershield has 30 seconds left.\n|\n|t:|1776042870\n|detailschange|p2a: Hawlucha|Hawlucha-Mega, L50, M\n|-mega|p2a: Hawlucha|Hawlucha|Hawluchanite\n|move|p1b: Kingambit|Protect|p1b: Kingambit\n|-singleturn|p1b: Kingambit|Protect\n|move|p2a: Hawlucha|Entrainment|p2b: Excadrill\n|-ability|p2b: Excadrill|No Guard|Mold Breaker|[from] move: Entrainment|[of] p2a: Hawlucha\n|move|p2b: Excadrill|Earthquake|p1b: Kingambit|[spread] p1a\n|-activate|p1b: Kingambit|move: Protect\n|-immune|p2a: Hawlucha\n|-damage|p1a: Farigiraf|71/100\n|move|p1a: Farigiraf|Trick Room|p1a: Farigiraf\n|-fieldstart|move: Trick Room|[of] p1a: Farigiraf\n|\n|upkeep\n|turn|2\n|inactive|KingOvershield has 30 seconds left.\n|inactive|KingOvershield has 20 seconds left.\n|\n|t:|1776042908\n|move|p2b: Excadrill|Protect|p2b: Excadrill\n|-singleturn|p2b: Excadrill|Protect\n|move|p1b: Kingambit|Low Kick|p2b: Excadrill\n|-activate|p2b: Excadrill|move: Protect\n|move|p1a: Farigiraf|Hyper Voice|p2a: Hawlucha|[spread] p2a\n|-activate|p2b: Excadrill|move: Protect\n|-damage|p2a: Hawlucha|77/100\n|move|p2a: Hawlucha|Close Combat|p1b: Kingambit\n|-supereffective|p1b: Kingambit|2\n|-damage|p1b: Kingambit|0 fnt\n|-unboost|p2a: Hawlucha|def|1\n|-unboost|p2a: Hawlucha|spd|1\n|faint|p1b: Kingambit\n|\n|upkeep\n|\n|t:|1776042913\n|switch|p1b: Politoed|Politoed, L50, M, shiny|100/100\n|-weather|RainDance|[from] ability: Drizzle|[of] p1b: Politoed\n|turn|3\n|inactive|KingOvershield has 30 seconds left.\n|inactive|KingOvershield has 20 seconds left.\n|inactive|KingOvershield has 15 seconds left.\n|inactive|KingOvershield has 10 seconds left.\n|\n|t:|1776042962\n|switch|p2a: Whimsicott|Whimsicott, L50, M|100/100\n|move|p1a: Farigiraf|Psychic Noise|p2a: Whimsicott|[miss]\n|-miss|p1a: Farigiraf|p2a: Whimsicott\n|move|p1b: Politoed|Encore|p2b: Excadrill\n|-start|p2b: Excadrill|Encore\n|move|p2b: Excadrill|Protect||[still]\n|-fail|p2b: Excadrill\n|\n|-weather|RainDance|[upkeep]\n|upkeep\n|turn|4\n|\n|t:|1776042985\n|move|p2b: Excadrill|Protect|p2b: Excadrill\n|-singleturn|p2b: Excadrill|Protect\n|move|p2a: Whimsicott|Light Screen|p2a: Whimsicott\n|-sidestart|p2: KingOvershield|move: Light Screen\n|move|p1a: Farigiraf|Hyper Voice|p2b: Excadrill|[spread] p2a\n|-activate|p2b: Excadrill|move: Protect\n|-damage|p2a: Whimsicott|78/100\n|move|p1b: Politoed|Ice Beam|p2a: Whimsicott\n|-supereffective|p2a: Whimsicott|1\n|-damage|p2a: Whimsicott|42/100\n|\n|-weather|RainDance|[upkeep]\n|upkeep\n|turn|5\n|\n|t:|1776043009\n|move|p2b: Excadrill|Protect||[still]\n|-fail|p2b: Excadrill\n|move|p1a: Farigiraf|Hyper Voice|p2a: Whimsicott|[spread] p2a,p2b\n|-resisted|p2b: Excadrill|1\n|-damage|p2a: Whimsicott|22/100\n|-damage|p2b: Excadrill|89/100\n|move|p1b: Politoed|Muddy Water|p2a: Whimsicott|[spread] p2a,p2b\n|-resisted|p2a: Whimsicott|1\n|-supereffective|p2b: Excadrill|1\n|-damage|p2a: Whimsicott|6/100\n|-damage|p2b: Excadrill|26/100\n|-unboost|p2a: Whimsicott|accuracy|1\n|move|p2a: Whimsicott|Moonblast|p1a: Farigiraf|[miss]\n|-miss|p2a: Whimsicott|p1a: Farigiraf\n|\n|-weather|RainDance|[upkeep]\n|-end|p2b: Excadrill|Encore\n|-fieldend|move: Trick Room\n|upkeep\n|turn|6\n|inactive|KingOvershield has 30 seconds left.\n|inactive|KingOvershield has 20 seconds left.\n|\n|t:|1776043045\n|switch|p2a: Tyranitar|Tyranitar, L50, M|100/100\n|-weather|Sandstorm|[from] ability: Sand Stream|[of] p2a: Tyranitar\n|switch|p1a: Ampharos|Ampharos, L50, M, shiny|100/100\n|move|p2b: Excadrill|Horn Drill|p1a: Ampharos\n|-damage|p1a: Ampharos|0 fnt\n|-status|p2b: Excadrill|par|[from] ability: Static|[of] p1a: Ampharos\n|faint|p1a: Ampharos\n|-ohko\n|move|p1b: Politoed|Muddy Water|p2a: Tyranitar|[spread] p2a,p2b\n|-supereffective|p2a: Tyranitar|1\n|-enditem|p2a: Tyranitar|Passho Berry|[eat]\n|-enditem|p2a: Tyranitar|Passho Berry|[weaken]\n|-supereffective|p2b: Excadrill|1\n|-damage|p2a: Tyranitar|91/100\n|-damage|p2b: Excadrill|0 fnt\n|-unboost|p2a: Tyranitar|accuracy|1\n|faint|p2b: Excadrill\n|\n|-weather|Sandstorm|[upkeep]\n|-damage|p1b: Politoed|94/100|[from] Sandstorm\n|-heal|p1b: Politoed|100/100|[from] item: Leftovers\n|upkeep\n|inactive|KingOvershield has 30 seconds left.\n|\n|t:|1776043074\n|switch|p2b: Whimsicott|Whimsicott, L50, M|6/100\n|switch|p1a: Farigiraf|Farigiraf, L50, M|71/100\n|turn|7\n|inactive|KingOvershield has 30 seconds left.\n|\n|t:|1776043104\n|move|p1b: Politoed|Protect|p1b: Politoed\n|-singleturn|p1b: Politoed|Protect\n|move|p2b: Whimsicott|Moonblast|p1a: Farigiraf\n|-damage|p1a: Farigiraf|44/100\n|move|p2a: Tyranitar|Knock Off|p1a: Farigiraf\n|-supereffective|p1a: Farigiraf|1\n|-damage|p1a: Farigiraf|0 fnt\n|-enditem|p1a: Farigiraf|Mental Herb|[from] move: Knock Off|[of] p2a: Tyranitar\n|faint|p1a: Farigiraf\n|\n|-weather|Sandstorm|[upkeep]\n|-damage|p2b: Whimsicott|0 fnt|[from] Sandstorm\n|-damage|p1b: Politoed|94/100|[from] Sandstorm\n|faint|p2b: Whimsicott\n|-heal|p1b: Politoed|100/100|[from] item: Leftovers\n|upkeep\n|-message|htr my love forfeited.\n|\n|win|KingOvershield\n|raw|htr my love's rating: 1000 &rarr; <strong>1000</strong><br />(+0 for losing)\n|raw|KingOvershield's rating: 1046 &rarr; <strong>1075</strong><br />(+29 for winning)\n|l|\u2606htr my love\n|player|p1|\n",
  "uploadtime": 1776043125,
  "views": 13,
  "formatid": "gen9championsvgc2026regma",
  "rating": 1000,
  "private": 0,
  "password": null
}