{
  "id": "gen9championsvgc2026regma-2585053974",
  "format": "[Gen 9 Champions] VGC 2026 Reg M-A",
  "players": [
    "gymnmons",
    "It'sJustKen VGC"
  ],
  "log": "|j|\u2606gymnmons\n|j|\u2606It'sJustKen VGC\n|t:|1776307134\n|gametype|doubles\n|player|p1|gymnmons|lance|\n|player|p2|It'sJustKen VGC|player-go|\n|gen|9\n|tier|[Gen 9 Champions] VGC 2026 Reg M-A\n|rated|Tournament battle\n|rule|Species Clause: Limit one of each Pok\u00e9mon\n|rule|Item Clause: Limit 1 of each item\n|clearpoke\n|poke|p1|Kangaskhan, L50, F|\n|poke|p1|Delphox, L50, F|\n|poke|p1|Hydreigon, L50, M|\n|poke|p1|Garchomp, L50, M|\n|poke|p1|Sneasler, L50, M|\n|poke|p1|Farigiraf, L50, M|\n|poke|p2|Floette-Eternal, L50, F|\n|poke|p2|Espathra, L50, F|\n|poke|p2|Incineroar, L50, M|\n|poke|p2|Sneasler, L50, M|\n|poke|p2|Basculegion, L50, M|\n|poke|p2|Kingambit, L50, M|\n|teampreview|4\n|inactive|Battle timer is ON: inactive players will automatically lose when time's up. (requested by It'sJustKen VGC)\n|c|\u2606It'sJustKen VGC|glhf\nIt'sJustKen VGC has agreed to open team sheets.\n|j| pkkhex\n|l| pkkhex\n|inactive|gymnmons has 60 seconds left.\n|inactive|It'sJustKen VGC has 60 seconds left.\n|c|\u2606gymnmons|gl\n|inactive|gymnmons has 30 seconds left.\n|inactive|gymnmons has 20 seconds left.\n|inactive|gymnmons has 15 seconds left.\n|j| ScorrchingTheaph\n|inactive|gymnmons has 10 seconds left.\n|l| ScorrchingTheaph\n|inactive|gymnmons has 5 seconds left.\n|\n|t:|1776307225\n|teamsize|p1|4\n|teamsize|p2|4\n|start\n|switch|p1a: Kangaskhan|Kangaskhan, L50, F|100/100\n|switch|p1b: Delphox|Delphox, L50, F, shiny|100/100\n|switch|p2a: Just Dance|Floette-Eternal, L50, F|100/100\n|switch|p2b: Shallow|Basculegion, L50, M|100/100\n|turn|1\n|\n|t:|1776307234\n|detailschange|p1b: Delphox|Delphox-Mega, L50, F, shiny\n|-mega|p1b: Delphox|Delphox|Delphoxite\n|detailschange|p2a: Just Dance|Floette-Mega, L50, F\n|-mega|p2a: Just Dance|Floette|Floettite\n|-ability|p2a: Just Dance|Fairy Aura\n|move|p1a: Kangaskhan|Fake Out|p2b: Shallow\n|-damage|p2b: Shallow|82/100\n|cant|p2b: Shallow|flinch\n|move|p1b: Delphox|Substitute|p1b: Delphox\n|-start|p1b: Delphox|Substitute\n|-damage|p1b: Delphox|76/100\n|move|p2a: Just Dance|Substitute|p2a: Just Dance\n|-start|p2a: Just Dance|Substitute\n|-damage|p2a: Just Dance|76/100\n|\n|upkeep\n|turn|2\n|\n|t:|1776307245\n|move|p1b: Delphox|Protect|p1b: Delphox\n|-singleturn|p1b: Delphox|Protect\n|move|p2a: Just Dance|Protect|p2a: Just Dance\n|-singleturn|p2a: Just Dance|Protect\n|move|p1a: Kangaskhan|Sucker Punch|p2b: Shallow\n|-supereffective|p2b: Shallow|1\n|-crit|p2b: Shallow\n|-damage|p2b: Shallow|12/100\n|move|p2b: Shallow|Flip Turn|p1b: Delphox\n|-activate|p1b: Delphox|move: Protect\n|\n|upkeep\n|turn|3\n|inactive|gymnmons has 30 seconds left.\n|j| h3h\n|inactive|gymnmons has 20 seconds left.\n|inactive|gymnmons has 15 seconds left.\n|\n|t:|1776307288\n|switch|p2b: Bad Romance|Espathra, L50, F|100/100\n|move|p1a: Kangaskhan|Sucker Punch||[still]\n|-fail|p1a: Kangaskhan\n|move|p1b: Delphox|Heat Wave|p2a: Just Dance|[spread] p2a,p2b\n|-end|p2a: Just Dance|Substitute\n|-damage|p2b: Bad Romance|37/100\n|move|p2a: Just Dance|Dazzling Gleam|p1b: Delphox|[spread] p1a,p1b\n|-resisted|p1b: Delphox|1\n|-activate|p1b: Delphox|move: Substitute|[damage]\n|-damage|p1a: Kangaskhan|58/100\n|\n|upkeep\n|turn|4\n|\n|t:|1776307303\n|move|p2b: Bad Romance|Protect|p2b: Bad Romance\n|-singleturn|p2b: Bad Romance|Protect\n|move|p1b: Delphox|Heat Wave|p2a: Just Dance|[spread] p2a\n|-activate|p2b: Bad Romance|move: Protect\n|-damage|p2a: Just Dance|44/100\n|move|p2a: Just Dance|Dazzling Gleam|p1a: Kangaskhan|[spread] p1a,p1b\n|-resisted|p1b: Delphox|1\n|-end|p1b: Delphox|Substitute\n|-damage|p1a: Kangaskhan|20/100\n|move|p1a: Kangaskhan|Double-Edge|p2a: Just Dance\n|-damage|p2a: Just Dance|0 fnt\n|faint|p2a: Just Dance\n|-damage|p1a: Kangaskhan|10/100|[from] Recoil\n|\n|-ability|p2b: Bad Romance|Speed Boost|boost\n|-boost|p2b: Bad Romance|spe|1\n|upkeep\n|\n|t:|1776307312\n|switch|p2a: Shallow|Basculegion, L50, M|12/100\n|turn|5\n|inactive|gymnmons has 30 seconds left.\n|\n|t:|1776307342\n|move|p2b: Bad Romance|Protect||[still]\n|-fail|p2b: Bad Romance\n|move|p2a: Shallow|Aqua Jet|p1a: Kangaskhan\n|-damage|p1a: Kangaskhan|0 fnt\n|faint|p1a: Kangaskhan\n|move|p1b: Delphox|Substitute|p1b: Delphox\n|-start|p1b: Delphox|Substitute\n|-damage|p1b: Delphox|51/100\n|\n|-ability|p2b: Bad Romance|Speed Boost|boost\n|-boost|p2b: Bad Romance|spe|1\n|upkeep\n|\n|t:|1776307348\n|switch|p1a: Hydreigon|Hydreigon, L50, M|100/100\n|turn|6\n|\n|t:|1776307369\n|switch|p2a: Poker Face|Sneasler, L50, M|100/100\n|move|p1b: Delphox|Protect|p1b: Delphox\n|-singleturn|p1b: Delphox|Protect\n|move|p2b: Bad Romance|Lumina Crash|p1b: Delphox\n|-activate|p1b: Delphox|move: Protect\n|move|p1a: Hydreigon|Snarl|p2b: Bad Romance|[spread] p2a,p2b\n|-resisted|p2a: Poker Face|1\n|-supereffective|p2b: Bad Romance|1\n|-damage|p2a: Poker Face|87/100\n|-damage|p2b: Bad Romance|0 fnt\n|-unboost|p2a: Poker Face|spa|1\n|faint|p2b: Bad Romance\n|-enditem|p2a: Poker Face|White Herb\n|-clearnegativeboost|p2a: Poker Face|[silent]\n|\n|upkeep\n|\n|t:|1776307372\n|switch|p2b: Shallow|Basculegion, L50, M|12/100\n|turn|7\n|\n|t:|1776307393\n|switch|p1a: Garchomp|Garchomp, L50, M|100/100\n|move|p2a: Poker Face|Fake Out|p1b: Delphox\n|-end|p1b: Delphox|Substitute\n|move|p2b: Shallow|Last Respects|p1b: Delphox\n|-supereffective|p1b: Delphox|1\n|-damage|p1b: Delphox|0 fnt\n|faint|p1b: Delphox\n|\n|upkeep\n|\n|t:|1776307406\n|switch|p1b: Hydreigon|Hydreigon, L50, M|100/100\n|turn|8\n|\n|t:|1776307420\n|move|p2a: Poker Face|Close Combat|p1b: Hydreigon\n|-supereffective|p1b: Hydreigon|1\n|-damage|p1b: Hydreigon|0 fnt\n|-unboost|p2a: Poker Face|def|1\n|-unboost|p2a: Poker Face|spd|1\n|faint|p1b: Hydreigon\n|move|p2b: Shallow|Last Respects|p1a: Garchomp\n|-damage|p1a: Garchomp|17/100\n|move|p1a: Garchomp|Earthquake|p2b: Shallow|[spread] p2a,p2b\n|-supereffective|p2a: Poker Face|1\n|-damage|p2a: Poker Face|0 fnt\n|-damage|p2b: Shallow|0 fnt\n|faint|p2a: Poker Face\n|faint|p2b: Shallow\n|\n|win|gymnmons\n|n|\u2606gymnmons|gymnmons\n|n|\u2606It'sJustKen VGC|itsjustkenvgc\n|n| h3h|h3h\n|c|\u2606gymnmons|g\n|c|\u2606gymnmons|g\n|c|\u2606It'sJustKen VGC|gg\n|l|\u2606gymnmons\n|player|p1|\n",
  "uploadtime": 1776307423,
  "views": 20,
  "formatid": "gen9championsvgc2026regma",
  "rating": null,
  "private": 0,
  "password": null
}