{
  "id": "gen9championsvgc2026regma-2584291220",
  "format": "[Gen 9 Champions] VGC 2026 Reg M-A",
  "players": [
    "GeellGee",
    "lorenzoidol"
  ],
  "log": "|j|\u2606GeellGee\n|j|\u2606lorenzoidol\n|t:|1776247777\n|gametype|doubles\n|player|p1|GeellGee|102|1123\n|player|p2|lorenzoidol|169|1087\n|gen|9\n|tier|[Gen 9 Champions] VGC 2026 Reg M-A\n|rated|\n|rule|Species Clause: Limit one of each Pok\u00e9mon\n|rule|Item Clause: Limit 1 of each item\n|clearpoke\n|poke|p1|Sneasler, L50, M|\n|poke|p1|Meganium, L50, M|\n|poke|p1|Farigiraf, L50, F|\n|poke|p1|Aerodactyl, L50, M|\n|poke|p1|Torkoal, L50, F|\n|poke|p1|Meowscarada, L50, F|\n|poke|p2|Charizard, L50, F|\n|poke|p2|Venusaur, L50, M|\n|poke|p2|Incineroar, L50, F|\n|poke|p2|Rotom-Wash, L50|\n|poke|p2|Garchomp, L50, F|\n|poke|p2|Sneasler, L50, M|\n|teampreview|4\n|\n|t:|1776247797\n|teamsize|p1|4\n|teamsize|p2|4\n|start\n|switch|p1a: Meowscarada|Meowscarada, L50, F|100/100\n|switch|p1b: Farigiraf|Farigiraf, L50, F|100/100\n|switch|p2a: Rotom|Rotom-Wash, L50|100/100\n|switch|p2b: Garchomp|Garchomp, L50, F|100/100\n|turn|1\n|\n|t:|1776247826\n|switch|p2b: Incineroar|Incineroar, L50, F|100/100\n|-ability|p2b: Incineroar|Intimidate|boost\n|-unboost|p1a: Meowscarada|atk|1\n|-unboost|p1b: Farigiraf|atk|1\n|move|p1a: Meowscarada|Triple Axel|p2b: Incineroar\n|-start|p1a: Meowscarada|typechange|Ice|[from] ability: Protean\n|-resisted|p2b: Incineroar|1\n|-damage|p2b: Incineroar|98/100\n|-hitcount|p2b: Incineroar|1\n|move|p2a: Rotom|Eerie Impulse|p1b: Farigiraf\n|-unboost|p1b: Farigiraf|spa|2\n|move|p1b: Farigiraf|Calm Mind|p1b: Farigiraf\n|-boost|p1b: Farigiraf|spa|1\n|-boost|p1b: Farigiraf|spd|1\n|\n|upkeep\n|turn|2\n|\n|t:|1776247860\n|switch|p1a: Aerodactyl|Aerodactyl, L50, M|100/100\n|-ability|p1a: Aerodactyl|Unnerve\n|move|p2b: Incineroar|Fake Out||[still]\n|cant|p1b: Farigiraf|ability: Armor Tail|Fake Out|[of] p2b: Incineroar\n|move|p2a: Rotom|Eerie Impulse|p1b: Farigiraf\n|-unboost|p1b: Farigiraf|spa|2\n|move|p1b: Farigiraf|Calm Mind|p1b: Farigiraf\n|-boost|p1b: Farigiraf|spa|1\n|-boost|p1b: Farigiraf|spd|1\n|\n|upkeep\n|turn|3\n|\n|t:|1776247903\n|switch|p1b: Meowscarada|Meowscarada, L50, F|100/100\n|move|p1a: Aerodactyl|Rock Slide|p2a: Rotom|[spread] p2a,p2b\n|-supereffective|p2b: Incineroar|1\n|-damage|p2a: Rotom|69/100\n|-damage|p2b: Incineroar|62/100\n|move|p2a: Rotom|Will-O-Wisp|p1a: Aerodactyl|[miss]\n|-miss|p2a: Rotom|p1a: Aerodactyl\n|move|p2b: Incineroar|Darkest Lariat|p1b: Meowscarada\n|-resisted|p1b: Meowscarada|1\n|-crit|p1b: Meowscarada\n|-damage|p1b: Meowscarada|59/100\n|\n|-heal|p2a: Rotom|75/100|[from] item: Leftovers\n|upkeep\n|turn|4\n|\n|t:|1776247924\n|move|p1b: Meowscarada|Flower Trick|p2a: Rotom\n|-start|p1b: Meowscarada|typechange|Grass|[from] ability: Protean\n|-supereffective|p2a: Rotom|1\n|-crit|p2a: Rotom\n|-damage|p2a: Rotom|0 fnt\n|faint|p2a: Rotom\n|move|p1a: Aerodactyl|Rock Slide|p2b: Incineroar\n|-supereffective|p2b: Incineroar|1\n|-damage|p2b: Incineroar|13/100\n|move|p2b: Incineroar|Flare Blitz|p1b: Meowscarada\n|-supereffective|p1b: Meowscarada|1\n|-damage|p1b: Meowscarada|0 fnt\n|faint|p1b: Meowscarada\n|-damage|p2b: Incineroar|0 fnt|[from] Recoil\n|faint|p2b: Incineroar\n|\n|upkeep\n|\n|t:|1776247941\n|switch|p1b: Meganium|Meganium, L50, M|100/100\n|switch|p2a: Charizard|Charizard, L50, F|100/100\n|switch|p2b: Garchomp|Garchomp, L50, F|100/100\n|turn|5\n|\n|t:|1776247958\n|detailschange|p2a: Charizard|Charizard-Mega-Y, L50, F\n|-mega|p2a: Charizard|Charizard|Charizardite Y\n|-weather|SunnyDay|[from] ability: Drought|[of] p2a: Charizard\n|move|p1b: Meganium|Protect|p1b: Meganium\n|-singleturn|p1b: Meganium|Protect\n|move|p2b: Garchomp|Dragon Claw|p1a: Aerodactyl\n|-damage|p1a: Aerodactyl|28/100\n|move|p1a: Aerodactyl|Tailwind|p1a: Aerodactyl\n|-sidestart|p1: GeellGee|move: Tailwind\n|move|p2a: Charizard|Solar Beam||[still]\n|-prepare|p2a: Charizard|Solar Beam\n|-anim|p2a: Charizard|Solar Beam|p1a: Aerodactyl\n|-damage|p1a: Aerodactyl|0 fnt\n|faint|p1a: Aerodactyl\n|\n|-weather|SunnyDay|[upkeep]\n|upkeep\n|\n|t:|1776247972\n|switch|p1a: Farigiraf|Farigiraf, L50, F|100/100\n|turn|6\n|\n|t:|1776247984\n|move|p2b: Garchomp|Dragon Claw|p1a: Farigiraf\n|-damage|p1a: Farigiraf|54/100\n|move|p1b: Meganium|Dazzling Gleam|p2b: Garchomp|[spread] p2a,p2b\n|-resisted|p2a: Charizard|1\n|-supereffective|p2b: Garchomp|1\n|-damage|p2a: Charizard|92/100\n|-damage|p2b: Garchomp|69/100\n|move|p1a: Farigiraf|Hyper Voice|p2b: Garchomp|[spread] p2a,p2b\n|-damage|p2a: Charizard|57/100\n|-damage|p2b: Garchomp|28/100\n|move|p2a: Charizard|Heat Wave|p1b: Meganium|[spread] p1a,p1b\n|-supereffective|p1b: Meganium|1\n|-damage|p1a: Farigiraf|0 fnt\n|-damage|p1b: Meganium|0 fnt\n|faint|p1a: Farigiraf\n|faint|p1b: Meganium\n|\n|win|lorenzoidol\n|raw|GeellGee's rating: 1123 &rarr; <strong>1095</strong><br />(-28 for losing)\n|raw|lorenzoidol's rating: 1087 &rarr; <strong>1117</strong><br />(+30 for winning)\n|l|\u2606GeellGee\n|player|p1|\n",
  "uploadtime": 1776248000,
  "views": 25,
  "formatid": "gen9championsvgc2026regma",
  "rating": 1095,
  "private": 0,
  "password": null
}