{
  "id": "gen9championsvgc2026regma-2584230168",
  "format": "[Gen 9 Champions] VGC 2026 Reg M-A",
  "players": [
    "fyouchina9999",
    "Eye_Doc"
  ],
  "log": "|j|\u2606fyouchina9999\n|j|\u2606Eye_Doc\n|t:|1776240929\n|gametype|doubles\n|player|p1|fyouchina9999|101|1103\n|player|p2|Eye_Doc|guitarist|1044\n|gen|9\n|tier|[Gen 9 Champions] VGC 2026 Reg M-A\n|rated|\n|rule|Species Clause: Limit one of each Pok\u00e9mon\n|rule|Item Clause: Limit 1 of each item\n|clearpoke\n|poke|p1|Whimsicott, L50, F|\n|poke|p1|Froslass, L50, F|\n|poke|p1|Gengar, L50, M|\n|poke|p1|Floette-Eternal, L50, F|\n|poke|p1|Gardevoir, L50, F|\n|poke|p1|Alakazam, L50, M|\n|poke|p2|Meowscarada, L50, M|\n|poke|p2|Tauros-Paldea-Blaze, L50, M|\n|poke|p2|Rotom-Wash, L50|\n|poke|p2|Aerodactyl, L50, M|\n|poke|p2|Delphox, L50, F|\n|poke|p2|Garchomp, L50, M|\n|teampreview|4\n|\n|t:|1776240951\n|teamsize|p1|4\n|teamsize|p2|4\n|start\n|switch|p1a: Whimsicott|Whimsicott, L50, F, shiny|100/100\n|switch|p1b: Gengar|Gengar, L50, M, shiny|100/100\n|switch|p2a: Tauros|Tauros-Paldea-Blaze, L50, M|100/100\n|switch|p2b: Meowscarada|Meowscarada, L50, M|100/100\n|turn|1\n|\n|t:|1776240973\n|move|p1a: Whimsicott|Tailwind|p1a: Whimsicott\n|-sidestart|p1: fyouchina9999|move: Tailwind\n|move|p1b: Gengar|Nasty Plot|p1b: Gengar\n|-boost|p1b: Gengar|spa|2\n|move|p2b: Meowscarada|Flower Trick|p2a: Tauros\n|-start|p2b: Meowscarada|typechange|Grass|[from] ability: Protean\n|-resisted|p2a: Tauros|1\n|-crit|p2a: Tauros\n|-damage|p2a: Tauros|82/100\n|-setboost|p2a: Tauros|atk|6|[from] ability: Anger Point\n|move|p2a: Tauros|Trailblaze|p1a: Whimsicott\n|-resisted|p1a: Whimsicott|1\n|-crit|p1a: Whimsicott\n|-damage|p1a: Whimsicott|50/100\n|-boost|p2a: Tauros|spe|1\n|\n|-heal|p2a: Tauros|88/100|[from] item: Leftovers\n|upkeep\n|turn|2\n|\n|t:|1776240999\n|detailschange|p1b: Gengar|Gengar-Mega, L50, M, shiny\n|-mega|p1b: Gengar|Gengar|Gengarite\n|move|p1a: Whimsicott|Helping Hand|p1b: Gengar\n|-singleturn|p1b: Gengar|Helping Hand|[of] p1a: Whimsicott\n|move|p1b: Gengar|Sludge Wave|p2b: Meowscarada|[spread] p1a,p2a,p2b\n|-supereffective|p1a: Whimsicott|2\n|-crit|p2a: Tauros\n|-supereffective|p2b: Meowscarada|1\n|-damage|p1a: Whimsicott|0 fnt\n|-damage|p2a: Tauros|0 fnt\n|-enditem|p2b: Meowscarada|Focus Sash\n|-damage|p2b: Meowscarada|1/100\n|faint|p1a: Whimsicott\n|faint|p2a: Tauros\n|move|p2b: Meowscarada|Knock Off|p1b: Gengar\n|-supereffective|p1b: Gengar|1\n|-damage|p1b: Gengar|49/100\n|\n|upkeep\n|\n|t:|1776241016\n|switch|p1a: Alakazam|Alakazam, L50, M, shiny|100/100\n|switch|p2a: Rotom|Rotom-Wash, L50|100/100\n|turn|3\n|\n|t:|1776241030\n|move|p1a: Alakazam|Protect|p1a: Alakazam\n|-singleturn|p1a: Alakazam|Protect\n|move|p1b: Gengar|Sludge Wave|p2b: Meowscarada|[spread] p2a,p2b\n|-activate|p1a: Alakazam|move: Protect\n|-supereffective|p2b: Meowscarada|1\n|-damage|p2a: Rotom|0 fnt\n|-damage|p2b: Meowscarada|0 fnt\n|faint|p2a: Rotom\n|faint|p2b: Meowscarada\n|\n|upkeep\n|\n|t:|1776241034\n|switch|p2b: Delphox|Delphox, L50, F|100/100\n|turn|4\n|\n|t:|1776241052\n|detailschange|p2b: Delphox|Delphox-Mega, L50, F\n|-mega|p2b: Delphox|Delphox|Delphoxite\n|move|p1b: Gengar|Sludge Wave|p2b: Delphox|[spread] p1a,p2b\n|-damage|p1a: Alakazam|0 fnt\n|-damage|p2b: Delphox|11/100\n|faint|p1a: Alakazam\n|move|p2b: Delphox|Calm Mind|p2b: Delphox\n|-boost|p2b: Delphox|spa|1\n|-boost|p2b: Delphox|spd|1\n|\n|-sideend|p1: fyouchina9999|move: Tailwind\n|upkeep\n|\n|t:|1776241063\n|switch|p1a: Gardevoir|Gardevoir, L50, F, shiny|100/100\n|-ability|p1a: Gardevoir|Levitate|Trace|[from] ability: Trace|[of] p2b: Delphox\n|turn|5\n|\n|t:|1776241073\n|move|p1a: Gardevoir|Protect|p1a: Gardevoir\n|-singleturn|p1a: Gardevoir|Protect\n|move|p1b: Gengar|Sludge Wave|p2b: Delphox|[spread] p2b\n|-activate|p1a: Gardevoir|move: Protect\n|-damage|p2b: Delphox|0 fnt\n|faint|p2b: Delphox\n|\n|win|fyouchina9999\n|raw|fyouchina9999's rating: 1103 &rarr; <strong>1124</strong><br />(+21 for winning)\n|raw|Eye_Doc's rating: 1044 &rarr; <strong>1030</strong><br />(-14 for losing)\n|l|\u2606Eye_Doc\n|player|p2|\n",
  "uploadtime": 1776241171,
  "views": 17,
  "formatid": "gen9championsvgc2026regma",
  "rating": 1030,
  "private": 0,
  "password": null
}