{
  "id": "gen9championsvgc2026regma-2581710738",
  "format": "[Gen 9 Champions] VGC 2026 Reg M-A",
  "players": [
    "Gonzacs",
    "f1ish"
  ],
  "log": "|badge|p2|bronze|gen9randombattle|100-9\n|uhtml|medal-msg|<div class=\"broadcast-blue\">Curious what those medals under the avatar are? PS now has Ladder Seasons! For more information, check out the <a href=\"https://www.smogon.com/forums/threads/3740067/\">thread on Smogon.</a></div>\n|j|\u2606Gonzacs\n|j|\u203df1ish\n|t:|1776022529\n|gametype|doubles\n|player|p1|Gonzacs|hilbert-wonderlauncher|1289\n|player|p2|f1ish|102|1381\n|gen|9\n|tier|[Gen 9 Champions] VGC 2026 Reg M-A\n|rated|\n|rule|Species Clause: Limit one of each Pok\u00e9mon\n|rule|Item Clause: Limit 1 of each item\n|clearpoke\n|poke|p1|Talonflame, L50, M|\n|poke|p1|Garchomp, L50, F|\n|poke|p1|Rotom-Wash, L50|\n|poke|p1|Kingambit, L50, M|\n|poke|p1|Sinistcha, L50|\n|poke|p1|Floette-Eternal, L50, F|\n|poke|p2|Politoed, L50, M|\n|poke|p2|Archaludon, L50, M|\n|poke|p2|Basculegion, L50, M|\n|poke|p2|Incineroar, L50, M|\n|poke|p2|Sinistcha, L50|\n|poke|p2|Gengar, L50, M|\n|teampreview|4\n|inactive|Battle timer is ON: inactive players will automatically lose when time's up. (requested by f1ish)\n|\n|t:|1776022546\n|teamsize|p1|4\n|teamsize|p2|4\n|start\n|switch|p1a: Talonflame|Talonflame, L50, M|100/100\n|switch|p1b: Garchomp|Garchomp, L50, F|100/100\n|switch|p2a: Incineroar|Incineroar, L50, M|100/100\n|switch|p2b: Gengar|Gengar, L50, M|100/100\n|-ability|p2a: Incineroar|Intimidate|boost\n|-unboost|p1a: Talonflame|atk|1\n|-unboost|p1b: Garchomp|atk|1\n|turn|1\n|\n|t:|1776022558\n|detailschange|p2b: Gengar|Gengar-Mega, L50, M\n|-mega|p2b: Gengar|Gengar|Gengarite\n|move|p1a: Talonflame|Quick Guard|p1a: Talonflame\n|-singleturn|p1a: Talonflame|Quick Guard\n|move|p2a: Incineroar|Fake Out|p1b: Garchomp\n|-activate|p1b: Garchomp|move: Quick Guard\n|move|p2b: Gengar|Perish Song|p2b: Gengar\n|-start|p1a: Talonflame|perish3|[silent]\n|-start|p1b: Garchomp|perish3|[silent]\n|-start|p2a: Incineroar|perish3|[silent]\n|-start|p2b: Gengar|perish3|[silent]\n|-fieldactivate|move: Perish Song\n|move|p1b: Garchomp|Earthquake|p2a: Incineroar|[spread] p2a,p2b\n|-immune|p1a: Talonflame\n|-supereffective|p2a: Incineroar|1\n|-supereffective|p2b: Gengar|1\n|-damage|p2a: Incineroar|46/100\n|-damage|p2b: Gengar|31/100\n|-enditem|p2a: Incineroar|Sitrus Berry|[eat]\n|-heal|p2a: Incineroar|71/100|[from] item: Sitrus Berry\n|\n|-start|p2b: Gengar|perish3\n|-start|p1a: Talonflame|perish3\n|-start|p1b: Garchomp|perish3\n|-start|p2a: Incineroar|perish3\n|upkeep\n|turn|2\n|inactive|Gonzacs has 30 seconds left.\n|inactive|f1ish has 30 seconds left.\n|inactive|f1ish has 20 seconds left.\n|\n|t:|1776022596\n|move|p2b: Gengar|Protect|p2b: Gengar\n|-singleturn|p2b: Gengar|Protect\n|move|p2a: Incineroar|Protect|p2a: Incineroar\n|-singleturn|p2a: Incineroar|Protect\n|move|p1a: Talonflame|Tailwind|p1a: Talonflame\n|-sidestart|p1: Gonzacs|move: Tailwind\n|move|p1b: Garchomp|Swords Dance|p1b: Garchomp\n|-boost|p1b: Garchomp|atk|2\n|\n|-start|p1a: Talonflame|perish2\n|-start|p1b: Garchomp|perish2\n|-start|p2b: Gengar|perish2\n|-start|p2a: Incineroar|perish2\n|upkeep\n|turn|3\n|j| zeph24_mh\n|inactive|f1ish has 30 seconds left.\n|\n|t:|1776022625\n|switch|p2b: Sinistcha|Sinistcha, L50|100/100\n|-heal|p2a: Incineroar|96/100|[from] ability: Hospitality|[of] p2b: Sinistcha\n|move|p1b: Garchomp|Protect|p1b: Garchomp\n|-singleturn|p1b: Garchomp|Protect\n|move|p1a: Talonflame|Dual Wingbeat|p2b: Sinistcha\n|-supereffective|p2b: Sinistcha|1\n|-damage|p2b: Sinistcha|83/100\n|-supereffective|p2b: Sinistcha|1\n|-damage|p2b: Sinistcha|66/100\n|-hitcount|p2b: Sinistcha|2\n|move|p2a: Incineroar|Parting Shot|p1b: Garchomp\n|-activate|p1b: Garchomp|move: Protect\n|\n|-start|p1a: Talonflame|perish1\n|-start|p1b: Garchomp|perish1\n|-start|p2a: Incineroar|perish1\n|upkeep\n|turn|4\n|inactive|f1ish has 30 seconds left.\n|\n|t:|1776022657\n|switch|p1a: Rotom|Rotom-Wash, L50|100/100\n|switch|p1b: Kingambit|Kingambit, L50, M|100/100\n|move|p2b: Sinistcha|Strength Sap|p1b: Kingambit\n|-unboost|p1b: Kingambit|atk|1\n|-ability|p1b: Kingambit|Defiant|boost\n|-boost|p1b: Kingambit|atk|2\n|-heal|p2b: Sinistcha|100/100\n|move|p2a: Incineroar|Parting Shot|p1a: Rotom\n|-unboost|p1a: Rotom|atk|1\n|-unboost|p1a: Rotom|spa|1\n|\n|t:|1776022669\n|switch|p2a: Gengar|Gengar-Mega, L50, M|31/100|[from] Parting Shot\n|\n|upkeep\n|turn|5\n|\n|t:|1776022685\n|move|p2b: Sinistcha|Rage Powder|p2b: Sinistcha\n|-singleturn|p2b: Sinistcha|move: Rage Powder\n|move|p1a: Rotom|Nasty Plot|p1a: Rotom\n|-boost|p1a: Rotom|spa|2\n|move|p2a: Gengar|Perish Song|p2a: Gengar\n|-start|p1a: Rotom|perish3|[silent]\n|-start|p1b: Kingambit|perish3|[silent]\n|-start|p2a: Gengar|perish3|[silent]\n|-start|p2b: Sinistcha|perish3|[silent]\n|-fieldactivate|move: Perish Song\n|move|p1b: Kingambit|Kowtow Cleave|p2b: Sinistcha\n|-supereffective|p2b: Sinistcha|1\n|-enditem|p2b: Sinistcha|Colbur Berry|[eat]\n|-enditem|p2b: Sinistcha|Colbur Berry|[weaken]\n|-damage|p2b: Sinistcha|19/100\n|\n|-start|p1a: Rotom|perish3\n|-start|p2a: Gengar|perish3\n|-start|p1b: Kingambit|perish3\n|-start|p2b: Sinistcha|perish3\n|-sideend|p1: Gonzacs|move: Tailwind\n|upkeep\n|turn|6\n|inactive|f1ish has 30 seconds left.\n|inactive|f1ish has 20 seconds left.\n|\n|t:|1776022724\n|move|p2b: Sinistcha|Rage Powder|p2b: Sinistcha\n|-singleturn|p2b: Sinistcha|move: Rage Powder\n|move|p2a: Gengar|Disable|p1b: Kingambit\n|-start|p1b: Kingambit|Disable|Kowtow Cleave\n|move|p1a: Rotom|Hydro Pump|p2b: Sinistcha\n|-resisted|p2b: Sinistcha|1\n|-damage|p2b: Sinistcha|0 fnt\n|faint|p2b: Sinistcha\n|cant|p1b: Kingambit|Disable|Kowtow Cleave\n|\n|-start|p2a: Gengar|perish2\n|-start|p1a: Rotom|perish2\n|-start|p1b: Kingambit|perish2\n|upkeep\n|inactive|f1ish has 30 seconds left.\n|\n|t:|1776022758\n|switch|p2b: Politoed|Politoed, L50, M|100/100\n|-weather|RainDance|[from] ability: Drizzle|[of] p2b: Politoed\n|turn|7\n|inactive|Gonzacs has 30 seconds left.\n|\n|t:|1776022785\n|move|p2a: Gengar|Protect|p2a: Gengar\n|-singleturn|p2a: Gengar|Protect\n|move|p2b: Politoed|Protect|p2b: Politoed\n|-singleturn|p2b: Politoed|Protect\n|move|p1a: Rotom|Thunderbolt|p2b: Politoed\n|-activate|p2b: Politoed|move: Protect\n|move|p1b: Kingambit|Iron Head|p2a: Gengar\n|-activate|p2a: Gengar|move: Protect\n|\n|-weather|RainDance|[upkeep]\n|-start|p2a: Gengar|perish1\n|-start|p1a: Rotom|perish1\n|-start|p1b: Kingambit|perish1\n|upkeep\n|turn|8\n|inactive|Gonzacs has 30 seconds left.\n|inactive|f1ish has 30 seconds left.\n|inactive|Gonzacs has 20 seconds left.\n|inactive|f1ish has 20 seconds left.\n|\n|t:|1776022822\n|move|p2a: Gengar|Disable|p1a: Rotom\n|-start|p1a: Rotom|Disable|Thunderbolt\n|cant|p1a: Rotom|Disable|Thunderbolt\n|move|p2b: Politoed|Weather Ball|p1b: Kingambit\n|-damage|p1b: Kingambit|55/100\n|move|p1b: Kingambit|Iron Head|p2a: Gengar\n|-damage|p2a: Gengar|0 fnt\n|faint|p2a: Gengar\n|\n|-weather|RainDance|[upkeep]\n|-start|p1a: Rotom|perish0\n|-start|p1b: Kingambit|perish0\n|upkeep\n|faint|p1a: Rotom\n|faint|p1b: Kingambit\n|\n|t:|1776022835\n|switch|p2a: Incineroar|Incineroar, L50, M|96/100\n|switch|p1a: Talonflame|Talonflame, L50, M|100/100\n|switch|p1b: Garchomp|Garchomp, L50, F|100/100\n|-ability|p2a: Incineroar|Intimidate|boost\n|-unboost|p1a: Talonflame|atk|1\n|-unboost|p1b: Garchomp|atk|1\n|turn|9\n|\n|t:|1776022855\n|move|p1a: Talonflame|Quick Guard|p1a: Talonflame\n|-singleturn|p1a: Talonflame|Quick Guard\n|move|p1b: Garchomp|Swords Dance|p1b: Garchomp\n|-boost|p1b: Garchomp|atk|2\n|move|p2b: Politoed|Perish Song|p2b: Politoed\n|-start|p1a: Talonflame|perish3|[silent]\n|-start|p1b: Garchomp|perish3|[silent]\n|-start|p2a: Incineroar|perish3|[silent]\n|-start|p2b: Politoed|perish3|[silent]\n|-fieldactivate|move: Perish Song\n|move|p2a: Incineroar|Parting Shot|p1b: Garchomp\n|-unboost|p1b: Garchomp|atk|1\n|-unboost|p1b: Garchomp|spa|1\n|\n|-weather|RainDance|[upkeep]\n|-start|p1a: Talonflame|perish3\n|-start|p1b: Garchomp|perish3\n|-start|p2b: Politoed|perish3\n|-start|p2a: Incineroar|perish3\n|upkeep\n|turn|10\n|inactive|Gonzacs has 30 seconds left.\n|\n|t:|1776022885\n|move|p1a: Talonflame|Dual Wingbeat|p2a: Incineroar|[miss]\n|-miss|p1a: Talonflame|p2a: Incineroar\n|move|p1b: Garchomp|Earthquake|p2b: Politoed|[spread] p2a,p2b\n|-immune|p1a: Talonflame\n|-supereffective|p2a: Incineroar|1\n|-damage|p2a: Incineroar|8/100\n|-damage|p2b: Politoed|48/100\n|move|p2b: Politoed|Encore|p1b: Garchomp\n|-start|p1b: Garchomp|Encore\n|move|p2a: Incineroar|Parting Shot|p1b: Garchomp\n|-unboost|p1b: Garchomp|atk|1\n|-unboost|p1b: Garchomp|spa|1\n|\n|-weather|RainDance|[upkeep]\n|-heal|p2b: Politoed|54/100|[from] item: Leftovers\n|-start|p1a: Talonflame|perish2\n|-start|p1b: Garchomp|perish2\n|-start|p2b: Politoed|perish2\n|-start|p2a: Incineroar|perish2\n|upkeep\n|turn|11\n|inactive|f1ish has 30 seconds left.\n|inactive|f1ish has 20 seconds left.\n|\n|t:|1776022920\n|move|p2b: Politoed|Protect|p2b: Politoed\n|-singleturn|p2b: Politoed|Protect\n|move|p2a: Incineroar|Protect|p2a: Incineroar\n|-singleturn|p2a: Incineroar|Protect\n|move|p1a: Talonflame|Dual Wingbeat|p2b: Politoed\n|-activate|p2b: Politoed|move: Protect\n|move|p1b: Garchomp|Earthquake|p2a: Incineroar|[spread] \n|-activate|p2a: Incineroar|move: Protect\n|-activate|p2b: Politoed|move: Protect\n|-immune|p1a: Talonflame\n|\n|-weather|none\n|-heal|p2b: Politoed|60/100|[from] item: Leftovers\n|-start|p1a: Talonflame|perish1\n|-start|p1b: Garchomp|perish1\n|-start|p2b: Politoed|perish1\n|-start|p2a: Incineroar|perish1\n|upkeep\n|turn|12\n|\n|t:|1776022940\n|move|p2b: Politoed|Protect||[still]\n|-fail|p2b: Politoed\n|move|p2a: Incineroar|Protect||[still]\n|-fail|p2a: Incineroar\n|move|p1a: Talonflame|Dual Wingbeat|p2b: Politoed\n|-damage|p2b: Politoed|49/100\n|-damage|p2b: Politoed|38/100\n|-hitcount|p2b: Politoed|2\n|move|p1b: Garchomp|Earthquake|p2a: Incineroar|[spread] p2a,p2b\n|-immune|p1a: Talonflame\n|-supereffective|p2a: Incineroar|1\n|-crit|p2b: Politoed\n|-damage|p2a: Incineroar|0 fnt\n|-damage|p2b: Politoed|0 fnt\n|faint|p2a: Incineroar\n|faint|p2b: Politoed\n|\n|win|Gonzacs\n|raw|Gonzacs's rating: 1289 &rarr; <strong>1320</strong><br />(+31 for winning)\n|raw|f1ish's rating: 1381 &rarr; <strong>1356</strong><br />(-25 for losing)\n|c|\u2606Gonzacs|ohh\n|c|\u2606Gonzacs|you are so annoying\n|c|\u2606Gonzacs|but gg\n|l| zeph24_mh\n",
  "uploadtime": 1776023047,
  "views": 38,
  "formatid": "gen9championsvgc2026regma",
  "rating": 1320,
  "private": 0,
  "password": null
}