{
  "id": "gen9championsvgc2026regma-2581644949",
  "format": "[Gen 9 Champions] VGC 2026 Reg M-A",
  "players": [
    "tf2026",
    "3000 moths"
  ],
  "log": "|j|\u2606tf2026\n|j|\u26063000 moths\n|t:|1776017554\n|gametype|doubles\n|player|p1|tf2026|1|1405\n|player|p2|3000 moths|miku-ghost|1381\n|gen|9\n|tier|[Gen 9 Champions] VGC 2026 Reg M-A\n|rated|\n|rule|Species Clause: Limit one of each Pok\u00e9mon\n|rule|Item Clause: Limit 1 of each item\n|clearpoke\n|poke|p1|Froslass, L50, F|\n|poke|p1|Milotic, L50, M|\n|poke|p1|Azumarill, L50, F|\n|poke|p1|Sinistcha-Masterpiece, L50|\n|poke|p1|Sneasler, L50, M|\n|poke|p1|Whimsicott, L50, F|\n|poke|p2|Maushold, L50|\n|poke|p2|Garchomp, L50, F|\n|poke|p2|Incineroar, L50, F|\n|poke|p2|Floette-Eternal, L50, F|\n|poke|p2|Farigiraf, L50, M|\n|poke|p2|Whimsicott, L50, F|\n|teampreview|4\n|inactive|Battle timer is ON: inactive players will automatically lose when time's up. (requested by 3000 moths)\n|j| stagory\n|l| stagory\n|j| zane121\n|\n|t:|1776017579\n|teamsize|p1|4\n|teamsize|p2|4\n|start\n|switch|p1a: Froslass|Froslass, L50, F|100/100\n|switch|p1b: Whimsicott|Whimsicott, L50, F|100/100\n|switch|p2a: Floette|Floette-Eternal, L50, F|100/100\n|switch|p2b: Maushold|Maushold, L50|100/100\n|turn|1\n|\n|t:|1776017596\n|detailschange|p1a: Froslass|Froslass-Mega, L50, F\n|-mega|p1a: Froslass|Froslass|Froslassite\n|-weather|Snowscape|[from] ability: Snow Warning|[of] p1a: Froslass\n|detailschange|p2a: Floette|Floette-Mega, L50, F\n|-mega|p2a: Floette|Floette|Floettite\n|-ability|p2a: Floette|Fairy Aura\n|move|p1b: Whimsicott|Taunt|p2b: Maushold\n|-start|p2b: Maushold|move: Taunt\n|move|p1a: Froslass|Aurora Veil|p1a: Froslass\n|-sidestart|p1: tf2026|move: Aurora Veil\n|move|p2b: Maushold|Super Fang|p1b: Whimsicott\n|-damage|p1b: Whimsicott|51/100\n|move|p2a: Floette|Dazzling Gleam|p1b: Whimsicott|[spread] p1a,p1b\n|-damage|p1a: Froslass|55/100\n|-damage|p1b: Whimsicott|0 fnt\n|faint|p1b: Whimsicott\n|\n|-weather|Snowscape|[upkeep]\n|upkeep\n|j| JangoMuice\n|\n|t:|1776017600\n|switch|p1b: Milotic|Milotic, L50, M|100/100\n|turn|2\n|j| gE1xjZRtuhW2DdT0AK\n|\n|t:|1776017611\n|move|p1a: Froslass|Blizzard|p2a: Floette|[spread] p2a,p2b\n|-crit|p2a: Floette\n|-damage|p2a: Floette|63/100\n|-damage|p2b: Maushold|49/100\n|move|p2b: Maushold|Super Fang|p1b: Milotic\n|-damage|p1b: Milotic|51/100\n|move|p2a: Floette|Calm Mind|p2a: Floette\n|-boost|p2a: Floette|spa|1\n|-boost|p2a: Floette|spd|1\n|move|p1b: Milotic|Muddy Water|p2a: Floette|[spread] p2b\n|-miss|p1b: Milotic|p2a: Floette\n|-damage|p2b: Maushold|11/100\n|\n|-weather|Snowscape|[upkeep]\n|-heal|p1b: Milotic|57/100|[from] item: Leftovers\n|upkeep\n|turn|3\n|\n|t:|1776017620\n|move|p1a: Froslass|Blizzard|p2b: Maushold|[spread] p2a,p2b\n|-damage|p2a: Floette|48/100\n|-damage|p2b: Maushold|0 fnt\n|faint|p2b: Maushold\n|move|p2a: Floette|Dazzling Gleam|p1b: Milotic|[spread] p1a,p1b\n|-damage|p1a: Froslass|0 fnt\n|-damage|p1b: Milotic|21/100\n|faint|p1a: Froslass\n|move|p1b: Milotic|Haze|p1b: Milotic\n|-clearallboost\n|\n|-weather|Snowscape|[upkeep]\n|-heal|p1b: Milotic|27/100|[from] item: Leftovers\n|upkeep\n|\n|t:|1776017629\n|switch|p1a: Sneasler|Sneasler, L50, M|100/100\n|switch|p2b: Garchomp|Garchomp, L50, F|100/100\n|turn|4\n|\n|t:|1776017643\n|switch|p2a: Farigiraf|Farigiraf, L50, M|100/100\n|move|p1a: Sneasler|Protect|p1a: Sneasler\n|-singleturn|p1a: Sneasler|Protect\n|move|p2b: Garchomp|Stomping Tantrum|p1a: Sneasler\n|-activate|p1a: Sneasler|move: Protect\n|move|p1b: Milotic|Blizzard|p2a: Farigiraf|[spread] p2a,p2b\n|-supereffective|p2b: Garchomp|2\n|-damage|p2a: Farigiraf|83/100\n|-damage|p2b: Garchomp|0 fnt\n|faint|p2b: Garchomp\n|\n|-weather|Snowscape|[upkeep]\n|-heal|p1b: Milotic|34/100|[from] item: Leftovers\n|upkeep\n|\n|t:|1776017649\n|switch|p2b: Floette|Floette-Mega, L50, F|48/100\n|-ability|p2b: Floette|Fairy Aura\n|turn|5\n|\n|t:|1776017664\n|move|p2b: Floette|Protect|p2b: Floette\n|-singleturn|p2b: Floette|Protect\n|move|p1a: Sneasler|Close Combat|p2a: Farigiraf\n|-damage|p2a: Farigiraf|5/100\n|-unboost|p1a: Sneasler|def|1\n|-unboost|p1a: Sneasler|spd|1\n|-enditem|p2a: Farigiraf|Sitrus Berry|[eat]\n|-heal|p2a: Farigiraf|30/100|[from] item: Sitrus Berry\n|-enditem|p1a: Sneasler|White Herb\n|-clearnegativeboost|p1a: Sneasler|[silent]\n|move|p1b: Milotic|Muddy Water|p2a: Farigiraf|[spread] \n|-activate|p2b: Floette|move: Protect\n|-miss|p1b: Milotic|p2a: Farigiraf\n|move|p2a: Farigiraf|Psychic|p1a: Sneasler\n|-supereffective|p1a: Sneasler|2\n|-damage|p1a: Sneasler|0 fnt\n|faint|p1a: Sneasler\n|\n|-weather|none\n|-heal|p1b: Milotic|40/100|[from] item: Leftovers\n|-sideend|p1: tf2026|move: Aurora Veil\n|upkeep\n|turn|6\n|\n|t:|1776017682\n|move|p2b: Floette|Moonblast|p1b: Milotic\n|-damage|p1b: Milotic|0 fnt\n|faint|p1b: Milotic\n|\n|win|3000 moths\n|raw|tf2026's rating: 1422 &rarr; <strong>1400</strong><br />(-22 for losing)\n|raw|3000 moths's rating: 1381 &rarr; <strong>1403</strong><br />(+22 for winning)\n|l|\u26063000 moths\n|player|p2|\n|l|\u2606tf2026\n|player|p1|\n|l| gE1xjZRtuhW2DdT0AK\n",
  "uploadtime": 1776017690,
  "views": 39,
  "formatid": "gen9championsvgc2026regma",
  "rating": 1400,
  "private": 0,
  "password": null
}