{
  "id": "gen9championsvgc2026regma-2585983880",
  "format": "[Gen 9 Champions] VGC 2026 Reg M-A",
  "players": [
    "JonBazte",
    "Juya"
  ],
  "log": "|j|\u2606JonBazte\n|j|\u2606Juya\n|t:|1776387490\n|gametype|doubles\n|player|p1|JonBazte|rocketgrunt|1364\n|player|p2|Juya|169|1382\n|gen|9\n|tier|[Gen 9 Champions] VGC 2026 Reg M-A\n|rated|\n|rule|Species Clause: Limit one of each Pok\u00e9mon\n|rule|Item Clause: Limit 1 of each item\n|clearpoke\n|poke|p1|Whimsicott, L50, M|\n|poke|p1|Garchomp, L50, M|\n|poke|p1|Charizard, L50, M|\n|poke|p1|Venusaur, L50, F|\n|poke|p1|Sneasler, L50, M|\n|poke|p1|Incineroar, L50, M|\n|poke|p2|Tyranitar, L50, M|\n|poke|p2|Excadrill, L50, F|\n|poke|p2|Incineroar, L50, F|\n|poke|p2|Corviknight, L50, M|\n|poke|p2|Sinistcha, L50|\n|poke|p2|Milotic, L50, F|\n|teampreview|4\n|inactive|Battle timer is ON: inactive players will automatically lose when time's up. (requested by Juya)\n|inactive|JonBazte has 60 seconds left.\n|inactive|Juya has 60 seconds left.\n|\n|t:|1776387548\n|teamsize|p1|4\n|teamsize|p2|4\n|start\n|switch|p1a: Whimsicott|Whimsicott, L50, M|100/100\n|switch|p1b: Sneasler|Sneasler, L50, M|100/100\n|switch|p2a: Corviknight|Corviknight, L50, M|100/100\n|switch|p2b: Tyranitar|Tyranitar, L50, M|100/100\n|-weather|Sandstorm|[from] ability: Sand Stream|[of] p2b: Tyranitar\n|turn|1\n|\n|t:|1776387564\n|move|p2b: Tyranitar|Protect|p2b: Tyranitar\n|-singleturn|p2b: Tyranitar|Protect\n|move|p1b: Sneasler|Fake Out|p2a: Corviknight\n|-resisted|p2a: Corviknight|1\n|-damage|p2a: Corviknight|95/100\n|move|p1a: Whimsicott|Sunny Day|p1a: Whimsicott\n|-weather|SunnyDay\n|cant|p2a: Corviknight|flinch\n|\n|-weather|SunnyDay|[upkeep]\n|-heal|p2a: Corviknight|100/100|[from] item: Leftovers\n|upkeep\n|turn|2\n|\n|t:|1776387586\n|switch|p2b: Milotic|Milotic, L50, F|100/100\n|move|p1a: Whimsicott|Protect|p1a: Whimsicott\n|-singleturn|p1a: Whimsicott|Protect\n|move|p1b: Sneasler|Close Combat|p2b: Milotic\n|-damage|p2b: Milotic|45/100\n|-unboost|p1b: Sneasler|def|1\n|-unboost|p1b: Sneasler|spd|1\n|-enditem|p1b: Sneasler|White Herb\n|-clearnegativeboost|p1b: Sneasler|[silent]\n|move|p2a: Corviknight|Brave Bird|p1b: Sneasler\n|-supereffective|p1b: Sneasler|1\n|-damage|p1b: Sneasler|0 fnt\n|faint|p1b: Sneasler\n|-damage|p2a: Corviknight|73/100|[from] Recoil\n|\n|-weather|SunnyDay|[upkeep]\n|-heal|p2a: Corviknight|79/100|[from] item: Leftovers\n|upkeep\n|\n|t:|1776387602\n|switch|p1b: Charizard|Charizard, L50, M, shiny|100/100\n|turn|3\n|\n|t:|1776387618\n|switch|p2a: Tyranitar|Tyranitar, L50, M|100/100\n|-weather|Sandstorm|[from] ability: Sand Stream|[of] p2a: Tyranitar\n|detailschange|p1b: Charizard|Charizard-Mega-Y, L50, M, shiny\n|-mega|p1b: Charizard|Charizard|Charizardite Y\n|-weather|SunnyDay|[from] ability: Drought|[of] p1b: Charizard\n|move|p1a: Whimsicott|Sunny Day||[still]\n|-fail|p1a: Whimsicott\n|move|p1b: Charizard|Heat Wave|p2b: Milotic|[spread] p2a,p2b\n|-resisted|p2a: Tyranitar|1\n|-crit|p2a: Tyranitar\n|-resisted|p2b: Milotic|1\n|-damage|p2a: Tyranitar|50/100\n|-damage|p2b: Milotic|20/100\n|move|p2b: Milotic|Recover|p2b: Milotic\n|-heal|p2b: Milotic|70/100\n|\n|-weather|SunnyDay|[upkeep]\n|upkeep\n|turn|4\n|inactive|JonBazte has 30 seconds left.\n|inactive|Juya has 30 seconds left.\n|\n|t:|1776387651\n|detailschange|p2a: Tyranitar|Tyranitar-Mega, L50, M\n|-mega|p2a: Tyranitar|Tyranitar|Tyranitarite\n|-weather|Sandstorm|[from] ability: Sand Stream|[of] p2a: Tyranitar\n|move|p1a: Whimsicott|Moonblast|p2a: Tyranitar\n|-supereffective|p2a: Tyranitar|1\n|-damage|p2a: Tyranitar|23/100\n|move|p1b: Charizard|Heat Wave|p2b: Milotic|[spread] p2b\n|-miss|p1b: Charizard|p2a: Tyranitar\n|-resisted|p2b: Milotic|1\n|-damage|p2b: Milotic|53/100\n|move|p2b: Milotic|Scald|p1b: Charizard\n|-supereffective|p1b: Charizard|1\n|-damage|p1b: Charizard|36/100\n|move|p2a: Tyranitar|Rock Slide|p1a: Whimsicott|[spread] p1b\n|-miss|p2a: Tyranitar|p1a: Whimsicott\n|-supereffective|p1b: Charizard|2\n|-damage|p1b: Charizard|0 fnt\n|faint|p1b: Charizard\n|\n|-weather|Sandstorm|[upkeep]\n|-damage|p1a: Whimsicott|95/100|[from] Sandstorm\n|-damage|p2b: Milotic|47/100|[from] Sandstorm\n|upkeep\n|\n|t:|1776387664\n|switch|p1b: Venusaur|Venusaur, L50, F, shiny|100/100\n|turn|5\n|\n|t:|1776387686\n|switch|p2a: Corviknight|Corviknight, L50, M|79/100\n|move|p2b: Milotic|Protect|p2b: Milotic\n|-singleturn|p2b: Milotic|Protect\n|move|p1a: Whimsicott|Moonblast|p2a: Corviknight\n|-resisted|p2a: Corviknight|1\n|-damage|p2a: Corviknight|66/100\n|move|p1b: Venusaur|Sleep Powder|p2b: Milotic\n|-activate|p2b: Milotic|move: Protect\n|\n|-weather|Sandstorm|[upkeep]\n|-damage|p1a: Whimsicott|89/100|[from] Sandstorm\n|-damage|p1b: Venusaur|94/100|[from] Sandstorm\n|-damage|p2b: Milotic|41/100|[from] Sandstorm\n|-heal|p2a: Corviknight|72/100|[from] item: Leftovers\n|upkeep\n|turn|6\n|\n|t:|1776387706\n|move|p1a: Whimsicott|Tailwind|p1a: Whimsicott\n|-sidestart|p1: JonBazte|move: Tailwind\n|move|p1b: Venusaur|Sleep Powder|p2a: Corviknight\n|-status|p2a: Corviknight|slp|[from] move: Sleep Powder\n|move|p2b: Milotic|Ice Beam|p1b: Venusaur\n|-supereffective|p1b: Venusaur|1\n|-damage|p1b: Venusaur|46/100\n|cant|p2a: Corviknight|slp\n|\n|-weather|Sandstorm|[upkeep]\n|-damage|p1a: Whimsicott|83/100|[from] Sandstorm\n|-damage|p1b: Venusaur|39/100|[from] Sandstorm\n|-damage|p2b: Milotic|35/100|[from] Sandstorm\n|-heal|p2a: Corviknight|78/100 slp|[from] item: Leftovers\n|upkeep\n|turn|7\n|\n|t:|1776387728\n|move|p2b: Milotic|Protect|p2b: Milotic\n|-singleturn|p2b: Milotic|Protect\n|move|p1a: Whimsicott|Moonblast|p2a: Corviknight\n|-resisted|p2a: Corviknight|1\n|-damage|p2a: Corviknight|65/100 slp\n|move|p1b: Venusaur|Sludge Bomb|p2b: Milotic\n|-activate|p2b: Milotic|move: Protect\n|cant|p2a: Corviknight|slp\n|\n|-weather|Sandstorm|[upkeep]\n|-damage|p1a: Whimsicott|77/100|[from] Sandstorm\n|-damage|p1b: Venusaur|33/100|[from] Sandstorm\n|-damage|p2b: Milotic|29/100|[from] Sandstorm\n|-heal|p2a: Corviknight|71/100 slp|[from] item: Leftovers\n|upkeep\n|turn|8\n|\n|t:|1776387750\n|move|p1a: Whimsicott|Moonblast|p2b: Milotic\n|-crit|p2b: Milotic\n|-damage|p2b: Milotic|0 fnt\n|faint|p2b: Milotic\n|move|p1b: Venusaur|Leaf Storm|p2a: Corviknight\n|-resisted|p2a: Corviknight|2\n|-damage|p2a: Corviknight|58/100 slp\n|-unboost|p1b: Venusaur|spa|2\n|-curestatus|p2a: Corviknight|slp|[msg]\n|move|p2a: Corviknight|Brave Bird|p1a: Whimsicott\n|-supereffective|p1a: Whimsicott|1\n|-damage|p1a: Whimsicott|0 fnt\n|faint|p1a: Whimsicott\n|-damage|p2a: Corviknight|36/100|[from] Recoil\n|\n|-weather|none\n|-heal|p2a: Corviknight|42/100|[from] item: Leftovers\n|upkeep\n|-message|JonBazte forfeited.\n|\n|win|Juya\n|raw|JonBazte's rating: 1364 &rarr; <strong>1345</strong><br />(-19 for losing)\n|raw|Juya's rating: 1382 &rarr; <strong>1401</strong><br />(+19 for winning)\n|l|\u2606JonBazte\n|player|p1|\n",
  "uploadtime": 1776387769,
  "views": 27,
  "formatid": "gen9championsvgc2026regma",
  "rating": 1345,
  "private": 0,
  "password": null
}