{
  "id": "gen9championsvgc2026regma-2587056923",
  "format": "[Gen 9 Champions] VGC 2026 Reg M-A",
  "players": [
    "Thefastpig",
    "TheBallistic1"
  ],
  "log": "|j|\u2606Thefastpig\n|j|\u2606TheBallistic1\n|t:|1776487709\n|gametype|doubles\n|player|p1|Thefastpig|colress|\n|player|p2|TheBallistic1|colress|\n|gen|9\n|tier|[Gen 9 Champions] VGC 2026 Reg M-A\n|rated|Tournament battle\n|rule|Species Clause: Limit one of each Pok\u00e9mon\n|rule|Item Clause: Limit 1 of each item\n|raw|<div class=\"infobox\"><details class=\"readmore\" open><summary><strong>1 custom rule:</strong></summary> Force Open Team Sheets</details></div>\n|clearpoke\n|poke|p1|Meowstic, L50, M|\n|poke|p1|Arcanine-Hisui, L50, M|\n|poke|p1|Rotom-Wash, L50|\n|poke|p1|Garchomp, L50, M|\n|poke|p1|Sneasler, L50, F|\n|poke|p1|Floette-Eternal, L50, F|\n|poke|p2|Floette-Eternal, L50, F|\n|poke|p2|Sneasler, L50, F|\n|poke|p2|Milotic, L50, F|\n|poke|p2|Incineroar, L50, F|\n|poke|p2|Sinistcha, L50|\n|poke|p2|Garchomp, L50, F|\n|teampreview|4\n|showteam|p1|Meowstic||Meowsticite|Prankster|ThunderWave,Psychic,FakeOut,Protect|||M|||50|]Arcanine-Hisui||HardStone|Intimidate|RockSlide,FlareBlitz,ExtremeSpeed,Protect|||M|||50|]Rotom-Wash||Leftovers|Levitate|Discharge,WillOWisp,VoltSwitch,HydroPump||||||50|]Garchomp||YacheBerry|RoughSkin|DragonClaw,Earthquake,StompingTantrum,Protect|||M|||50|]Sneasler||WhiteHerb|Unburden|FakeOut,DireClaw,CloseCombat,Protect|||F|||50|]Floette-Eternal||Floettite|FlowerVeil|Moonblast,DazzlingGleam,LightofRuin,Protect|||F|||50|\n|showteam|p2|Floette-Eternal||Floettite|FlowerVeil|Protect,CalmMind,Moonblast,DazzlingGleam|||F|||50|]Sneasler||WhiteHerb|Unburden|FakeOut,Uturn,CloseCombat,DireClaw|||F|||50|]Milotic||Leftovers|Competitive|Protect,Haze,Scald,IceBeam|||F|||50|]Incineroar||SitrusBerry|Intimidate|FakeOut,PartingShot,FlareBlitz,DarkestLariat|||F|||50|]Sinistcha||MentalHerb|Hospitality|Protect,RagePowder,MatchaGotcha,StrengthSap||||||50|]Garchomp||ChoiceScarf|RoughSkin|DragonClaw,StompingTantrum,IronHead,Earthquake|||F|||50|\n|inactive|Battle timer is ON: inactive players will automatically lose when time's up. (requested by Thefastpig)\n|c|\u2606Thefastpig|Glhf\n|inactive|Thefastpig has 60 seconds left.\n|\n|t:|1776487745\n|teamsize|p1|4\n|teamsize|p2|4\n|start\n|switch|p1a: Meowstic|Meowstic, L50, M|100/100\n|switch|p1b: Arcanine|Arcanine-Hisui, L50, M|100/100\n|switch|p2a: Milotic|Milotic, L50, F|100/100\n|switch|p2b: Sneasler|Sneasler, L50, F|100/100\n|-ability|p1b: Arcanine|Intimidate|boost\n|-unboost|p2a: Milotic|atk|1\n|-ability|p2a: Milotic|Competitive|boost\n|-boost|p2a: Milotic|spa|2\n|-unboost|p2b: Sneasler|atk|1\n|-enditem|p2b: Sneasler|White Herb\n|-clearnegativeboost|p2b: Sneasler|[silent]\n|turn|1\n|\n|t:|1776487767\n|switch|p1b: Rotom|Rotom-Wash, L50|100/100\n|move|p1a: Meowstic|Protect|p1a: Meowstic\n|-singleturn|p1a: Meowstic|Protect\n|move|p2b: Sneasler|Fake Out|p1a: Meowstic\n|-activate|p1a: Meowstic|move: Protect\n|move|p2a: Milotic|Scald|p1b: Rotom\n|-resisted|p1b: Rotom|1\n|-damage|p1b: Rotom|65/100\n|\n|-heal|p1b: Rotom|71/100|[from] item: Leftovers\n|upkeep\n|turn|2\n|\n|t:|1776487783\n|move|p1a: Meowstic|Thunder Wave|p2a: Milotic\n|-status|p2a: Milotic|par\n|move|p2b: Sneasler|Close Combat|p1b: Rotom\n|-damage|p1b: Rotom|16/100\n|-unboost|p2b: Sneasler|def|1\n|-unboost|p2b: Sneasler|spd|1\n|move|p1b: Rotom|Volt Switch|p2a: Milotic\n|-supereffective|p2a: Milotic|1\n|-damage|p2a: Milotic|57/100 par\n|\n|t:|1776487799\n|switch|p1b: Floette|Floette-Eternal, L50, F|100/100|[from] Volt Switch\n|move|p2a: Milotic|Scald|p1a: Meowstic\n|-damage|p1a: Meowstic|0 fnt\n|faint|p1a: Meowstic\n|\n|-heal|p2a: Milotic|63/100 par|[from] item: Leftovers\n|upkeep\n|\n|t:|1776487804\n|switch|p1a: Arcanine|Arcanine-Hisui, L50, M|100/100\n|-ability|p1a: Arcanine|Intimidate|boost\n|-unboost|p2a: Milotic|atk|1\n|-ability|p2a: Milotic|Competitive|boost\n|-boost|p2a: Milotic|spa|2\n|-unboost|p2b: Sneasler|atk|1\n|turn|3\n|\n|t:|1776487821\n|move|p1b: Floette|Protect|p1b: Floette\n|-singleturn|p1b: Floette|Protect\n|move|p2b: Sneasler|Dire Claw|p1b: Floette\n|-activate|p1b: Floette|move: Protect\n|move|p1a: Arcanine|Rock Slide|p2a: Milotic|[spread] p2a\n|-miss|p1a: Arcanine|p2b: Sneasler\n|-damage|p2a: Milotic|20/100 par\n|move|p2a: Milotic|Scald|p1a: Arcanine\n|-supereffective|p1a: Arcanine|2\n|-damage|p1a: Arcanine|0 fnt\n|faint|p1a: Arcanine\n|\n|-heal|p2a: Milotic|26/100 par|[from] item: Leftovers\n|upkeep\n|\n|t:|1776487835\n|switch|p1a: Rotom|Rotom-Wash, L50|16/100\n|turn|4\n|\n|t:|1776487849\n|detailschange|p1b: Floette|Floette-Mega, L50, F\n|-mega|p1b: Floette|Floette|Floettite\n|-ability|p1b: Floette|Fairy Aura\n|move|p2b: Sneasler|Dire Claw|p1b: Floette\n|-supereffective|p1b: Floette|1\n|-damage|p1b: Floette|54/100\n|move|p1b: Floette|Dazzling Gleam|p2a: Milotic|[spread] p2a,p2b\n|-damage|p2a: Milotic|0 fnt\n|-damage|p2b: Sneasler|9/100\n|faint|p2a: Milotic\n|move|p1a: Rotom|Volt Switch|p2b: Sneasler\n|-damage|p2b: Sneasler|0 fnt\n|faint|p2b: Sneasler\n|\n|-heal|p1a: Rotom|22/100|[from] item: Leftovers\n|upkeep\n|\n|t:|1776487858\n|switch|p2b: Sinistcha|Sinistcha, L50|100/100\n|switch|p2a: Floette|Floette-Eternal, L50, F|100/100\n|turn|5\n|\n|t:|1776487877\n|move|p2a: Floette|Protect|p2a: Floette\n|-singleturn|p2a: Floette|Protect\n|move|p1b: Floette|Moonblast|p2b: Sinistcha\n|-damage|p2b: Sinistcha|11/100\n|move|p1a: Rotom|Hydro Pump|p2a: Floette\n|-activate|p2a: Floette|move: Protect\n|move|p2b: Sinistcha|Matcha Gotcha|p1a: Rotom|[spread] p1b\n|-miss|p2b: Sinistcha|p1a: Rotom\n|-damage|p1b: Floette|35/100\n|-heal|p2b: Sinistcha|21/100|[from] drain|[of] p1b: Floette\n|\n|-heal|p1a: Rotom|27/100|[from] item: Leftovers\n|upkeep\n|turn|6\n|\n|t:|1776487892\n|detailschange|p2a: Floette|Floette-Mega, L50, F\n|-mega|p2a: Floette|Floette|Floettite\n|-ability|p2a: Floette|Fairy Aura\n|move|p2a: Floette|Dazzling Gleam|p1a: Rotom|[spread] p1a,p1b\n|-damage|p1a: Rotom|0 fnt\n|-damage|p1b: Floette|5/100\n|faint|p1a: Rotom\n|move|p1b: Floette|Dazzling Gleam|p2a: Floette|[spread] p2a,p2b\n|-damage|p2a: Floette|58/100\n|-damage|p2b: Sinistcha|0 fnt\n|faint|p2b: Sinistcha\n|\n|upkeep\n|turn|7\n|\n|t:|1776487899\n|move|p2a: Floette|Dazzling Gleam|p1b: Floette\n|-damage|p1b: Floette|0 fnt\n|faint|p1b: Floette\n|\n|win|TheBallistic1\n|n|\u2606Thefastpig|thefastpig\n|n|\u2606TheBallistic1|theballistic1\n",
  "uploadtime": 1776487903,
  "views": 23,
  "formatid": "gen9championsvgc2026regma",
  "rating": null,
  "private": 0,
  "password": null
}