{
  "id": "gen9championsvgc2026regma-2584713405",
  "format": "[Gen 9 Champions] VGC 2026 Reg M-A",
  "players": [
    "henitusec",
    "AndyWarh01"
  ],
  "log": "|j|\u2606henitusec\n|j|\u2606AndyWarh01\n|t:|1776278512\n|gametype|doubles\n|player|p1|henitusec|volo|1128\n|player|p2|AndyWarh01|parasollady-gen4|1159\n|gen|9\n|tier|[Gen 9 Champions] VGC 2026 Reg M-A\n|rated|\n|rule|Species Clause: Limit one of each Pok\u00e9mon\n|rule|Item Clause: Limit 1 of each item\n|clearpoke\n|poke|p1|Gardevoir, L50, F|\n|poke|p1|Aegislash, L50, M|\n|poke|p1|Incineroar, L50, F|\n|poke|p1|Vivillon-Polar, L50, M|\n|poke|p1|Whimsicott, L50, F|\n|poke|p1|Tauros-Paldea-Aqua, L50, M|\n|poke|p2|Samurott-Hisui, L50, M|\n|poke|p2|Sneasler, L50, F|\n|poke|p2|Whimsicott, L50, F|\n|poke|p2|Froslass, L50, F|\n|poke|p2|Farigiraf, L50, F|\n|poke|p2|Mamoswine, L50, F|\n|teampreview|4\n|inactive|Battle timer is ON: inactive players will automatically lose when time's up. (requested by henitusec)\n|j| Clintonk\n|\n|t:|1776278529\n|teamsize|p1|4\n|teamsize|p2|4\n|start\n|switch|p1a: Whimsicott|Whimsicott, L50, F|100/100\n|switch|p1b: Gardevoir|Gardevoir, L50, F, shiny|100/100\n|switch|p2a: Sneasler|Sneasler, L50, F|100/100\n|switch|p2b: Froslass|Froslass, L50, F|100/100\n|-ability|p1b: Gardevoir|Unburden|Trace|[from] ability: Trace|[of] p2a: Sneasler\n|turn|1\n|l|\u2606henitusec\n|inactive|henitusec disconnected and has a minute to reconnect!\n|player|p1|\n|j|\u2606henitusec\n|inactive|henitusec reconnected and has 45 seconds left.\n|player|p1|henitusec|volo|\n|inactive|henitusec has 30 seconds left.\n|\n|t:|1776278557\n|detailschange|p2b: Froslass|Froslass-Mega, L50, F\n|-mega|p2b: Froslass|Froslass|Froslassite\n|-weather|Snowscape|[from] ability: Snow Warning|[of] p2b: Froslass\n|detailschange|p1b: Gardevoir|Gardevoir-Mega, L50, F, shiny\n|-mega|p1b: Gardevoir|Gardevoir|Gardevoirite\n|move|p2a: Sneasler|Fake Out|p1a: Whimsicott\n|-damage|p1a: Whimsicott|80/100\n|cant|p1a: Whimsicott|flinch\n|move|p2b: Froslass|Shadow Ball|p1b: Gardevoir\n|-supereffective|p1b: Gardevoir|1\n|-damage|p1b: Gardevoir|31/100\n|move|p1b: Gardevoir|Psychic|p2a: Sneasler\n|-supereffective|p2a: Sneasler|2\n|-damage|p2a: Sneasler|0 fnt\n|faint|p2a: Sneasler\n|\n|-weather|Snowscape|[upkeep]\n|upkeep\n|inactive|AndyWarh01 has 30 seconds left.\n|\n|t:|1776278582\n|switch|p2a: Samurott|Samurott-Hisui, L50, M|100/100\n|turn|2\n|\n|t:|1776278600\n|switch|p2a: Farigiraf|Farigiraf, L50, F|100/100\n|move|p1a: Whimsicott|Tailwind|p1a: Whimsicott\n|-sidestart|p1: henitusec|move: Tailwind\n|move|p1b: Gardevoir|Hyper Voice|p2b: Froslass|[spread] p2a,p2b\n|-damage|p2a: Farigiraf|56/100\n|-damage|p2b: Froslass|44/100\n|move|p2b: Froslass|Blizzard|p1b: Gardevoir|[spread] p1a,p1b\n|-supereffective|p1a: Whimsicott|1\n|-damage|p1a: Whimsicott|0 fnt\n|-damage|p1b: Gardevoir|0 fnt\n|faint|p1a: Whimsicott\n|faint|p1b: Gardevoir\n|\n|-weather|Snowscape|[upkeep]\n|upkeep\n|\n|t:|1776278611\n|switch|p1a: Aegislash|Aegislash, L50, M|100/100\n|switch|p1b: Vivillon|Vivillon-Polar, L50, M|100/100\n|turn|3\n|\n|t:|1776278620\n|move|p2b: Froslass|Protect|p2b: Froslass\n|-singleturn|p2b: Froslass|Protect\n|move|p1b: Vivillon|Sleep Powder|p2a: Farigiraf\n|-status|p2a: Farigiraf|slp|[from] move: Sleep Powder\n|-formechange|p1a: Aegislash|Aegislash-Blade|\n|move|p1a: Aegislash|Poltergeist|p2b: Froslass\n|-activate|p2b: Froslass|move: Protect\n|cant|p2a: Farigiraf|slp\n|\n|-weather|Snowscape|[upkeep]\n|upkeep\n|turn|4\n|inactive|AndyWarh01 has 30 seconds left.\n|\n|t:|1776278646\n|switch|p2b: Samurott|Samurott-Hisui, L50, M|100/100\n|move|p1b: Vivillon|Hurricane|p2a: Farigiraf\n|-crit|p2a: Farigiraf\n|-damage|p2a: Farigiraf|0 fnt\n|faint|p2a: Farigiraf\n|move|p1a: Aegislash|Poltergeist|p2b: Samurott\n|-activate|p2b: Samurott|move: Poltergeist|Choice Scarf\n|-resisted|p2b: Samurott|1\n|-crit|p2b: Samurott\n|-damage|p2b: Samurott|40/100\n|\n|-weather|Snowscape|[upkeep]\n|upkeep\n|\n|t:|1776278660\n|switch|p2a: Froslass|Froslass-Mega, L50, F|44/100\n|turn|5\n|\n|t:|1776278673\n|move|p2a: Froslass|Protect|p2a: Froslass\n|-singleturn|p2a: Froslass|Protect\n|move|p1b: Vivillon|Sleep Powder|p2b: Samurott\n|-status|p2b: Samurott|slp|[from] move: Sleep Powder\n|cant|p2b: Samurott|slp\n|move|p1a: Aegislash|Rock Slide|p2b: Samurott|[spread] p2b\n|-activate|p2a: Froslass|move: Protect\n|-damage|p2b: Samurott|16/100 slp\n|\n|-weather|none\n|-sideend|p1: henitusec|move: Tailwind\n|upkeep\n|turn|6\n|\n|t:|1776278692\n|move|p1b: Vivillon|Rage Powder|p1b: Vivillon\n|-singleturn|p1b: Vivillon|move: Rage Powder\n|cant|p2b: Samurott|slp\n|move|p2a: Froslass|Shadow Ball|p1b: Vivillon\n|-damage|p1b: Vivillon|18/100\n|move|p1a: Aegislash|Poltergeist|p2a: Froslass\n|-activate|p2a: Froslass|move: Poltergeist|Froslassite\n|-supereffective|p2a: Froslass|1\n|-damage|p2a: Froslass|0 fnt\n|faint|p2a: Froslass\n|\n|upkeep\n|turn|7\n|-message|AndyWarh01 forfeited.\n|\n|win|henitusec\n|raw|henitusec's rating: 1128 &rarr; <strong>1155</strong><br />(+27 for winning)\n|raw|AndyWarh01's rating: 1159 &rarr; <strong>1132</strong><br />(-27 for losing)\n|l|\u2606AndyWarh01\n|player|p2|\n",
  "uploadtime": 1776278704,
  "views": 18,
  "formatid": "gen9championsvgc2026regma",
  "rating": 1132,
  "private": 0,
  "password": null
}