{
  "id": "gen9championsvgc2026regma-2584939791",
  "format": "[Gen 9 Champions] VGC 2026 Reg M-A",
  "players": [
    "CanaryKill",
    "SunTufo"
  ],
  "log": "|j|\u2606CanaryKill\n|j|\u2606SunTufo\n|t:|1776296431\n|gametype|doubles\n|player|p1|CanaryKill|102|1161\n|player|p2|SunTufo|li|1238\n|gen|9\n|tier|[Gen 9 Champions] VGC 2026 Reg M-A\n|rated|\n|rule|Species Clause: Limit one of each Pok\u00e9mon\n|rule|Item Clause: Limit 1 of each item\n|clearpoke\n|poke|p1|Dragonite, L50, M|\n|poke|p1|Pelipper, L50, F|\n|poke|p1|Archaludon, L50, F|\n|poke|p1|Meganium, L50, F|\n|poke|p1|Sneasler, L50, M|\n|poke|p1|Basculegion, L50, M|\n|poke|p2|Aerodactyl, L50, M|\n|poke|p2|Floette-Eternal, L50, F|\n|poke|p2|Incineroar, L50, M|\n|poke|p2|Sinistcha-Masterpiece, L50|\n|poke|p2|Palafin, L50, M|\n|poke|p2|Sableye, L50, M|\n|teampreview|4\n|inactive|Battle timer is ON: inactive players will automatically lose when time's up. (requested by SunTufo)\n|inactive|CanaryKill also wants the timer to be on.\n|inactive|CanaryKill has 60 seconds left.\n|\n|t:|1776296482\n|teamsize|p1|4\n|teamsize|p2|4\n|start\n|switch|p1a: Pelipper|Pelipper, L50, F|100/100\n|switch|p1b: Dragonite|Dragonite, L50, M|100/100\n|switch|p2a: Floette|Floette-Eternal, L50, F|100/100\n|switch|p2b: Sableye|Sableye, L50, M, shiny|100/100\n|-weather|RainDance|[from] ability: Drizzle|[of] p1a: Pelipper\n|turn|1\n|inactive|CanaryKill has 30 seconds left.\n|\n|t:|1776296510\n|detailschange|p2a: Floette|Floette-Mega, L50, F\n|-mega|p2a: Floette|Floette|Floettite\n|-ability|p2a: Floette|Fairy Aura\n|detailschange|p1b: Dragonite|Dragonite-Mega, L50, M\n|-mega|p1b: Dragonite|Dragonite|Dragoninite\n|move|p1b: Dragonite|Protect|p1b: Dragonite\n|-singleturn|p1b: Dragonite|Protect\n|move|p2b: Sableye|Fake Out|p1b: Dragonite\n|-activate|p1b: Dragonite|move: Protect\n|move|p2a: Floette|Calm Mind|p2a: Floette\n|-boost|p2a: Floette|spa|1\n|-boost|p2a: Floette|spd|1\n|move|p1a: Pelipper|Tailwind|p1a: Pelipper\n|-sidestart|p1: CanaryKill|move: Tailwind\n|\n|-weather|RainDance|[upkeep]\n|upkeep\n|turn|2\n|\n|t:|1776296525\n|move|p1a: Pelipper|Wide Guard|p1a: Pelipper\n|-singleturn|p1a: Pelipper|Wide Guard\n|move|p2b: Sableye|Quash|p1b: Dragonite\n|-activate|p1b: Dragonite|move: Quash\n|move|p2a: Floette|Moonblast|p1b: Dragonite\n|-supereffective|p1b: Dragonite|1\n|-damage|p1b: Dragonite|22/100\n|move|p1b: Dragonite|Hurricane|p2a: Floette\n|-damage|p2a: Floette|65/100\n|-start|p2a: Floette|confusion\n|\n|-weather|RainDance|[upkeep]\n|upkeep\n|turn|3\n|\n|t:|1776296547\n|move|p1a: Pelipper|Helping Hand|p1b: Dragonite\n|-singleturn|p1b: Dragonite|Helping Hand|[of] p1a: Pelipper\n|move|p2b: Sableye|Encore|p1a: Pelipper\n|-start|p1a: Pelipper|Encore\n|move|p1b: Dragonite|Hurricane|p2a: Floette\n|-damage|p2a: Floette|11/100\n|-activate|p2a: Floette|confusion\n|move|p2a: Floette|Draining Kiss|p1b: Dragonite\n|-supereffective|p1b: Dragonite|1\n|-damage|p1b: Dragonite|0 fnt\n|-heal|p2a: Floette|30/100|[from] drain|[of] p1b: Dragonite\n|faint|p1b: Dragonite\n|\n|-weather|RainDance|[upkeep]\n|upkeep\n|\n|t:|1776296556\n|switch|p1b: Basculegion|Basculegion, L50, M|100/100\n|turn|4\n|\n|t:|1776296563\n|switch|p1a: Archaludon|Archaludon, L50, F|100/100\n|-activate|p2a: Floette|confusion\n|move|p2a: Floette|Protect|p2a: Floette\n|-singleturn|p2a: Floette|Protect\n|move|p2b: Sableye|Will-O-Wisp|p1b: Basculegion\n|-status|p1b: Basculegion|brn\n|move|p1b: Basculegion|Flip Turn|p2a: Floette\n|-activate|p2a: Floette|move: Protect\n|\n|-weather|RainDance|[upkeep]\n|-damage|p1b: Basculegion|94/100 brn|[from] brn\n|-sideend|p1: CanaryKill|move: Tailwind\n|upkeep\n|turn|5\n|\n|t:|1776296584\n|move|p2b: Sableye|Quash|p1b: Basculegion\n|-activate|p1b: Basculegion|move: Quash\n|move|p1a: Archaludon|Electro Shot||[still]\n|-prepare|p1a: Archaludon|Electro Shot\n|-boost|p1a: Archaludon|spa|1\n|-anim|p1a: Archaludon|Electro Shot|p2b: Sableye\n|-damage|p2b: Sableye|13/100\n|-enditem|p2b: Sableye|Sitrus Berry|[eat]\n|-heal|p2b: Sableye|38/100|[from] item: Sitrus Berry\n|-activate|p2a: Floette|confusion\n|move|p2a: Floette|Draining Kiss|p1b: Basculegion\n|-damage|p1b: Basculegion|30/100 brn\n|-heal|p2a: Floette|85/100|[from] drain|[of] p1b: Basculegion\n|move|p1b: Basculegion|Flip Turn|p2a: Floette\n|-damage|p2a: Floette|57/100\n|inactive|CanaryKill has 30 seconds left.\n|\n|t:|1776296610\n|switch|p1b: Pelipper|Pelipper, L50, F|100/100|[from] Flip Turn\n|\n|-weather|none\n|upkeep\n|turn|6\n|\n|t:|1776296618\n|move|p1a: Archaludon|Protect|p1a: Archaludon\n|-singleturn|p1a: Archaludon|Protect\n|move|p2b: Sableye|Encore|p1a: Archaludon\n|-activate|p1a: Archaludon|move: Protect\n|-activate|p2a: Floette|confusion\n|-damage|p2a: Floette|50/100|[from] confusion\n|move|p1b: Pelipper|Tailwind|p1b: Pelipper\n|-sidestart|p1: CanaryKill|move: Tailwind\n|\n|upkeep\n|turn|7\n|inactive|CanaryKill has 30 seconds left.\n|\n|t:|1776296644\n|switch|p1b: Basculegion|Basculegion, L50, M|30/100 brn\n|move|p2b: Sableye|Encore|p1a: Archaludon\n|-start|p1a: Archaludon|Encore\n|move|p1a: Archaludon|Protect||[still]\n|-fail|p1a: Archaludon\n|-end|p2a: Floette|confusion\n|move|p2a: Floette|Draining Kiss|p1b: Basculegion\n|-damage|p1b: Basculegion|0 fnt\n|-heal|p2a: Floette|75/100|[from] drain|[of] p1b: Basculegion\n|faint|p1b: Basculegion\n|\n|upkeep\n|\n|t:|1776296649\n|switch|p1b: Pelipper|Pelipper, L50, F|100/100\n|-weather|RainDance|[from] ability: Drizzle|[of] p1b: Pelipper\n|turn|8\n|-message|CanaryKill forfeited.\n|\n|win|SunTufo\n|raw|CanaryKill's rating: 1161 &rarr; <strong>1141</strong><br />(-20 for losing)\n|raw|SunTufo's rating: 1238 &rarr; <strong>1258</strong><br />(+20 for winning)\n|l|\u2606CanaryKill\n|player|p1|\n",
  "uploadtime": 1776296652,
  "views": 54,
  "formatid": "gen9championsvgc2026regma",
  "rating": 1141,
  "private": 0,
  "password": null
}