{
  "id": "gen9championsvgc2026regma-2584611149",
  "format": "[Gen 9 Champions] VGC 2026 Reg M-A",
  "players": [
    "etrdyfyiu",
    "sekkiz"
  ],
  "log": "|j|\u2606etrdyfyiu\n|j|\u2606sekkiz\n|t:|1776272006\n|gametype|doubles\n|player|p1|etrdyfyiu|266|1222\n|player|p2|sekkiz|265|1202\n|gen|9\n|tier|[Gen 9 Champions] VGC 2026 Reg M-A\n|rated|\n|rule|Species Clause: Limit one of each Pok\u00e9mon\n|rule|Item Clause: Limit 1 of each item\n|clearpoke\n|poke|p1|Palafin, L50, M|\n|poke|p1|Arcanine, L50, M|\n|poke|p1|Scizor, L50, F|\n|poke|p1|Tyranitar, L50, M|\n|poke|p1|Sneasler, L50, M|\n|poke|p1|Sinistcha, L50|\n|poke|p2|Meganium, L50, F|\n|poke|p2|Archaludon, L50, F|\n|poke|p2|Typhlosion-Hisui, L50, F|\n|poke|p2|Tauros-Paldea-Aqua, L50, M|\n|poke|p2|Aerodactyl, L50, F|\n|poke|p2|Kangaskhan, L50, F|\n|teampreview|4\n|c|\u2606etrdyfyiu|well well well\n|\n|t:|1776272043\n|teamsize|p1|4\n|teamsize|p2|4\n|start\n|switch|p1a: Tyranitar|Tyranitar, L50, M, shiny|100/100\n|switch|p1b: Sneasler|Sneasler, L50, M, shiny|100/100\n|switch|p2a: Kangaskhan|Kangaskhan, L50, F|100/100\n|switch|p2b: Typhlosion|Typhlosion-Hisui, L50, F|100/100\n|-item|p1a: Tyranitar|Tyranitarite|[from] ability: Frisk|[of] p2b: Typhlosion\n|-item|p1b: Sneasler|White Herb|[from] ability: Frisk|[of] p2b: Typhlosion\n|-weather|Sandstorm|[from] ability: Sand Stream|[of] p1a: Tyranitar\n|turn|1\n|\n|t:|1776272092\n|detailschange|p2a: Kangaskhan|Kangaskhan-Mega, L50, F\n|-mega|p2a: Kangaskhan|Kangaskhan|Kangaskhanite\n|detailschange|p1a: Tyranitar|Tyranitar-Mega, L50, M, shiny\n|-mega|p1a: Tyranitar|Tyranitar|Tyranitarite\n|move|p1a: Tyranitar|Protect|p1a: Tyranitar\n|-singleturn|p1a: Tyranitar|Protect\n|move|p2a: Kangaskhan|Fake Out|p1b: Sneasler\n|-damage|p1b: Sneasler|62/100\n|-damage|p1b: Sneasler|52/100\n|-hitcount|p1b: Sneasler|2\n|move|p2b: Typhlosion|Eruption|p1b: Sneasler|[spread] p1b\n|-activate|p1a: Tyranitar|move: Protect\n|-damage|p1b: Sneasler|0 fnt\n|faint|p1b: Sneasler\n|\n|-weather|Sandstorm|[upkeep]\n|-damage|p2b: Typhlosion|94/100|[from] Sandstorm\n|-damage|p2a: Kangaskhan|94/100|[from] Sandstorm\n|upkeep\n|\n|t:|1776272111\n|switch|p1b: Arcanine|Arcanine, L50, M, shiny|100/100\n|-ability|p1b: Arcanine|Intimidate|boost\n|-unboost|p2a: Kangaskhan|atk|1\n|-unboost|p2b: Typhlosion|atk|1\n|turn|2\n|\n|t:|1776272135\n|switch|p2b: Tauros|Tauros-Paldea-Aqua, L50, M|100/100\n|-ability|p2b: Tauros|Intimidate|boost\n|-unboost|p1a: Tyranitar|atk|1\n|-unboost|p1b: Arcanine|atk|1\n|move|p2a: Kangaskhan|Drain Punch|p1a: Tyranitar\n|-supereffective|p1a: Tyranitar|2\n|-damage|p1a: Tyranitar|58/100\n|-heal|p2a: Kangaskhan|100/100|[from] drain|[of] p1a: Tyranitar\n|-supereffective|p1a: Tyranitar|2\n|-damage|p1a: Tyranitar|46/100\n|-hitcount|p1a: Tyranitar|2\n|move|p1b: Arcanine|Flare Blitz|p2a: Kangaskhan\n|-damage|p2a: Kangaskhan|60/100\n|-status|p2a: Kangaskhan|brn\n|-damage|p1b: Arcanine|88/100|[from] Recoil\n|move|p1a: Tyranitar|Low Kick|p2a: Kangaskhan\n|-supereffective|p2a: Kangaskhan|1\n|-damage|p2a: Kangaskhan|5/100 brn\n|\n|-weather|Sandstorm|[upkeep]\n|-damage|p2b: Tauros|95/100|[from] Sandstorm\n|-damage|p2a: Kangaskhan|0 fnt|[from] Sandstorm\n|-damage|p1b: Arcanine|82/100|[from] Sandstorm\n|faint|p2a: Kangaskhan\n|upkeep\n|\n|t:|1776272158\n|switch|p2a: Archaludon|Archaludon, L50, F|100/100\n|turn|3\n|\n|t:|1776272180\n|switch|p1a: Sinistcha|Sinistcha, L50|100/100\n|-heal|p1b: Arcanine|100/100|[from] ability: Hospitality|[of] p1a: Sinistcha\n|move|p2a: Archaludon|Protect|p2a: Archaludon\n|-singleturn|p2a: Archaludon|Protect\n|move|p2b: Tauros|Wave Crash|p1b: Arcanine\n|-supereffective|p1b: Arcanine|1\n|-enditem|p1b: Arcanine|Passho Berry|[eat]\n|-enditem|p1b: Arcanine|Passho Berry|[weaken]\n|-damage|p1b: Arcanine|47/100\n|-damage|p2b: Tauros|72/100|[from] Recoil\n|move|p1b: Arcanine|Will-O-Wisp|p2b: Tauros\n|-status|p2b: Tauros|brn\n|\n|-weather|Sandstorm|[upkeep]\n|-damage|p2b: Tauros|66/100 brn|[from] Sandstorm\n|-damage|p1b: Arcanine|41/100|[from] Sandstorm\n|-damage|p1a: Sinistcha|94/100|[from] Sandstorm\n|-damage|p2b: Tauros|60/100 brn|[from] brn\n|upkeep\n|turn|4\n|\n|t:|1776272216\n|move|p2b: Tauros|Protect|p2b: Tauros\n|-singleturn|p2b: Tauros|Protect\n|move|p2a: Archaludon|Dragon Pulse|p1b: Arcanine\n|-damage|p1b: Arcanine|0 fnt\n|faint|p1b: Arcanine\n|move|p1a: Sinistcha|Matcha Gotcha|p2a: Archaludon|[spread] p2a\n|-activate|p2b: Tauros|move: Protect\n|-resisted|p2a: Archaludon|2\n|-damage|p2a: Archaludon|91/100\n|-heal|p1a: Sinistcha|99/100|[from] drain|[of] p2a: Archaludon\n|-status|p2a: Archaludon|brn\n|\n|-weather|Sandstorm|[upkeep]\n|-damage|p2b: Tauros|54/100 brn|[from] Sandstorm\n|-damage|p1a: Sinistcha|93/100|[from] Sandstorm\n|-heal|p2a: Archaludon|97/100 brn|[from] item: Leftovers\n|-damage|p2b: Tauros|49/100 brn|[from] brn\n|-damage|p2a: Archaludon|91/100 brn|[from] brn\n|upkeep\n|\n|t:|1776272228\n|switch|p1b: Tyranitar|Tyranitar-Mega, L50, M, shiny|46/100\n|turn|5\n|\n|t:|1776272262\n|move|p2a: Archaludon|Protect|p2a: Archaludon\n|-singleturn|p2a: Archaludon|Protect\n|move|p1b: Tyranitar|Protect|p1b: Tyranitar\n|-singleturn|p1b: Tyranitar|Protect\n|move|p2b: Tauros|Close Combat|p1b: Tyranitar\n|-activate|p1b: Tyranitar|move: Protect\n|move|p1a: Sinistcha|Matcha Gotcha|p2b: Tauros|[spread] p2b\n|-activate|p2a: Archaludon|move: Protect\n|-supereffective|p2b: Tauros|1\n|-damage|p2b: Tauros|0 fnt\n|-heal|p1a: Sinistcha|100/100|[from] drain|[of] p2b: Tauros\n|faint|p2b: Tauros\n|\n|-weather|none\n|-heal|p2a: Archaludon|97/100 brn|[from] item: Leftovers\n|-damage|p2a: Archaludon|91/100 brn|[from] brn\n|upkeep\n|\n|t:|1776272282\n|switch|p2b: Typhlosion|Typhlosion-Hisui, L50, F|94/100\n|-item|p1a: Sinistcha|Sitrus Berry|[from] ability: Frisk|[of] p2b: Typhlosion\n|-item|p1b: Tyranitar|Tyranitarite|[from] ability: Frisk|[of] p2b: Typhlosion\n|turn|6\n|\n|t:|1776272326\n|move|p1a: Sinistcha|Rage Powder|p1a: Sinistcha\n|-singleturn|p1a: Sinistcha|move: Rage Powder\n|move|p2b: Typhlosion|Overheat|p1a: Sinistcha|[miss]\n|-miss|p2b: Typhlosion|p1a: Sinistcha\n|move|p2a: Archaludon|Flash Cannon|p1a: Sinistcha\n|-crit|p1a: Sinistcha\n|-damage|p1a: Sinistcha|28/100\n|-enditem|p1a: Sinistcha|Sitrus Berry|[eat]\n|-heal|p1a: Sinistcha|53/100|[from] item: Sitrus Berry\n|move|p1b: Tyranitar|Knock Off|p2b: Typhlosion\n|-supereffective|p2b: Typhlosion|1\n|-damage|p2b: Typhlosion|0 fnt\n|-enditem|p2b: Typhlosion|Choice Scarf|[from] move: Knock Off|[of] p1b: Tyranitar\n|faint|p2b: Typhlosion\n|\n|-heal|p2a: Archaludon|97/100 brn|[from] item: Leftovers\n|-damage|p2a: Archaludon|91/100 brn|[from] brn\n|upkeep\n|turn|7\n|c|\u2606etrdyfyiu|honestly eruption wouldve cooked me\n|\n|t:|1776272359\n|move|p1a: Sinistcha|Rage Powder|p1a: Sinistcha\n|-singleturn|p1a: Sinistcha|move: Rage Powder\n|move|p2a: Archaludon|Flash Cannon|p1a: Sinistcha\n|-damage|p1a: Sinistcha|9/100\n|-unboost|p1a: Sinistcha|spd|1\n|move|p1b: Tyranitar|Low Kick|p2a: Archaludon\n|-supereffective|p2a: Archaludon|1\n|-crit|p2a: Archaludon\n|-damage|p2a: Archaludon|0 fnt\n|faint|p2a: Archaludon\n|\n|win|etrdyfyiu\n|raw|etrdyfyiu's rating: 1222 &rarr; <strong>1246</strong><br />(+24 for winning)\n|raw|sekkiz's rating: 1202 &rarr; <strong>1178</strong><br />(-24 for losing)\n",
  "uploadtime": 1776272369,
  "views": 18,
  "formatid": "gen9championsvgc2026regma",
  "rating": 1178,
  "private": 0,
  "password": null
}