{
  "id": "gen9championsvgc2026regma-2589549827",
  "format": "[Gen 9 Champions] VGC 2026 Reg M-A",
  "players": [
    "guioguoguo",
    "Shadydraw"
  ],
  "log": "|j|\u2606guioguoguo\n|j|\u2606Shadydraw\n|t:|1776733217\n|gametype|doubles\n|player|p1|guioguoguo|266|1177\n|player|p2|Shadydraw|rocketgrunt|1131\n|gen|9\n|tier|[Gen 9 Champions] VGC 2026 Reg M-A\n|rated|\n|rule|Species Clause: Limit one of each Pok\u00e9mon\n|rule|Item Clause: Limit 1 of each item\n|clearpoke\n|poke|p1|Excadrill, L50, M, shiny|\n|poke|p1|Hawlucha, L50, M, shiny|\n|poke|p1|Tyranitar, L50, M, shiny|\n|poke|p1|Espathra, L50, F, shiny|\n|poke|p1|Sinistcha, L50, shiny|\n|poke|p1|Incineroar, L50, M, shiny|\n|poke|p2|Lopunny, L50, F|\n|poke|p2|Vaporeon, L50, F|\n|poke|p2|Salazzle, L50, F|\n|poke|p2|Ditto, L50|\n|poke|p2|Gardevoir, L50, F|\n|poke|p2|Meowscarada, L50, F|\n|teampreview|4\n|inactive|Battle timer is ON: inactive players will automatically lose when time's up. (requested by Shadydraw)\n|\n|t:|1776733238\n|teamsize|p1|4\n|teamsize|p2|4\n|start\n|switch|p1a: Excadrill|Excadrill, L50, M, shiny|100/100\n|switch|p1b: Hawlucha|Hawlucha, L50, M, shiny|100/100\n|switch|p2a: Vaporeon|Vaporeon, L50, F|100/100\n|switch|p2b: Meowscarada|Meowscarada, L50, F|100/100\n|-ability|p1b: Hawlucha|Mold Breaker\n|turn|1\n|inactive|guioguoguo has 30 seconds left.\n|\n|t:|1776733264\n|detailschange|p1b: Hawlucha|Hawlucha-Mega, L50, M, shiny\n|-mega|p1b: Hawlucha|Hawlucha|Hawluchanite\n|move|p2b: Meowscarada|Flower Trick|p1a: Excadrill\n|-crit|p1a: Excadrill\n|-damage|p1a: Excadrill|62/100\n|move|p1b: Hawlucha|Entrainment|p1a: Excadrill\n|-ability|p1a: Excadrill|No Guard|Sand Rush|[from] move: Entrainment|[of] p1b: Hawlucha\n|move|p1a: Excadrill|Horn Drill|p2b: Meowscarada\n|-enditem|p2b: Meowscarada|Focus Sash\n|-damage|p2b: Meowscarada|1/100\n|move|p2a: Vaporeon|Yawn|p1b: Hawlucha\n|-start|p1b: Hawlucha|move: Yawn|[of] p2a: Vaporeon\n|\n|upkeep\n|turn|2\n|inactive|guioguoguo has 30 seconds left.\n|\n|t:|1776733294\n|move|p2b: Meowscarada|Flower Trick|p1b: Hawlucha\n|-resisted|p1b: Hawlucha|1\n|-crit|p1b: Hawlucha\n|-damage|p1b: Hawlucha|61/100\n|move|p1b: Hawlucha|Rock Slide|p2b: Meowscarada|[spread] p2a,p2b\n|-damage|p2a: Vaporeon|82/100\n|-damage|p2b: Meowscarada|0 fnt\n|faint|p2b: Meowscarada\n|move|p1a: Excadrill|Horn Drill|p2a: Vaporeon\n|-damage|p2a: Vaporeon|0 fnt\n|faint|p2a: Vaporeon\n|-ohko\n|\n|-end|p1b: Hawlucha|move: Yawn|[silent]\n|-status|p1b: Hawlucha|slp\n|upkeep\n|\n|t:|1776733303\n|switch|p2b: Ditto|Ditto, L50|100/100\n|switch|p2a: Gardevoir|Gardevoir, L50, F|100/100\n|-transform|p2b: Ditto|p1a: Excadrill|[from] ability: Imposter\n|turn|3\n|inactive|guioguoguo has 30 seconds left.\n|inactive|guioguoguo has 20 seconds left.\n|\n|t:|1776733340\n|switch|p1b: Espathra|Espathra, L50, F, shiny|100/100\n|detailschange|p2a: Gardevoir|Gardevoir-Mega, L50, F\n|-mega|p2a: Gardevoir|Gardevoir|Gardevoirite\n|move|p2b: Ditto|Horn Drill|p1a: Excadrill\n|-damage|p1a: Excadrill|0 fnt\n|faint|p1a: Excadrill\n|-ohko\n|move|p2a: Gardevoir|Calm Mind|p2a: Gardevoir\n|-boost|p2a: Gardevoir|spa|1\n|-boost|p2a: Gardevoir|spd|1\n|\n|upkeep\n|inactive|guioguoguo has 30 seconds left.\n|\n|t:|1776733366\n|switch|p1a: Sinistcha|Sinistcha, L50, shiny|100/100\n|turn|4\n|\n|t:|1776733378\n|move|p1b: Espathra|Protect|p1b: Espathra\n|-singleturn|p1b: Espathra|Protect\n|move|p1a: Sinistcha|Matcha Gotcha|p2a: Gardevoir|[spread] p2a,p2b\n|-damage|p2a: Gardevoir|83/100\n|-damage|p2b: Ditto|50/100\n|move|p2b: Ditto|Horn Drill|p1b: Espathra\n|-activate|p1b: Espathra|move: Protect\n|move|p2a: Gardevoir|Hyper Voice|p1a: Sinistcha|[spread] p1a\n|-activate|p1b: Espathra|move: Protect\n|-damage|p1a: Sinistcha|0 fnt\n|faint|p1a: Sinistcha\n|\n|-ability|p1b: Espathra|Speed Boost|boost\n|-boost|p1b: Espathra|spe|1\n|upkeep\n|\n|t:|1776733393\n|switch|p1a: Hawlucha|Hawlucha-Mega, L50, M, shiny|61/100 slp\n|turn|5\n|\n|t:|1776733407\n|move|p1b: Espathra|Dazzling Gleam|p2b: Ditto|[spread] p2a,p2b\n|-resisted|p2b: Ditto|1\n|-damage|p2a: Gardevoir|74/100\n|-damage|p2b: Ditto|36/100\n|cant|p1a: Hawlucha|slp\n|move|p2b: Ditto|Horn Drill|p1b: Espathra\n|-damage|p1b: Espathra|0 fnt\n|faint|p1b: Espathra\n|-ohko\n|move|p2a: Gardevoir|Hyper Voice|p1a: Hawlucha\n|-supereffective|p1a: Hawlucha|1\n|-damage|p1a: Hawlucha|0 fnt\n|faint|p1a: Hawlucha\n|\n|win|Shadydraw\n|raw|guioguoguo's rating: 1177 &rarr; <strong>1149</strong><br />(-28 for losing)\n|raw|Shadydraw's rating: 1131 &rarr; <strong>1159</strong><br />(+28 for winning)\n|c|\u2606Shadydraw|lol ggs\n|c|\u2606guioguoguo|lol ggs\n|l|\u2606Shadydraw\n|player|p2|\n|j|\u2606Shadydraw\n|player|p2|Shadydraw|rocketgrunt|\n",
  "uploadtime": 1776733426,
  "views": 6,
  "formatid": "gen9championsvgc2026regma",
  "rating": 1149,
  "private": 0,
  "password": null
}