{
  "id": "gen9championsvgc2026regma-2584559920",
  "format": "[Gen 9 Champions] VGC 2026 Reg M-A",
  "players": [
    "Yunobo7",
    "C_H_A_N_T_Y457"
  ],
  "log": "|j|\u2606Yunobo7\n|j|\u2606C_H_A_N_T_Y457\n|t:|1776268765\n|gametype|doubles\n|player|p1|Yunobo7|miku-ghost|1322\n|player|p2|C_H_A_N_T_Y457|1|1276\n|gen|9\n|tier|[Gen 9 Champions] VGC 2026 Reg M-A\n|rated|\n|rule|Species Clause: Limit one of each Pok\u00e9mon\n|rule|Item Clause: Limit 1 of each item\n|clearpoke\n|poke|p1|Delphox, L50, F|\n|poke|p1|Garchomp, L50, M|\n|poke|p1|Rotom-Wash, L50|\n|poke|p1|Kingambit, L50, F|\n|poke|p1|Sneasler, L50, F|\n|poke|p1|Sinistcha, L50|\n|poke|p2|Raichu, L50, M|\n|poke|p2|Gyarados, L50, M|\n|poke|p2|Talonflame, L50, M|\n|poke|p2|Farigiraf, L50, F|\n|poke|p2|Sneasler, L50, F|\n|poke|p2|Milotic, L50, M|\n|teampreview|4\n|inactive|Battle timer is ON: inactive players will automatically lose when time's up. (requested by Yunobo7)\nC_H_A_N_T_Y457 rejected open team sheets.\n|inactive|C_H_A_N_T_Y457 has 60 seconds left.\n|inactive|C_H_A_N_T_Y457 has 30 seconds left.\n|inactive|C_H_A_N_T_Y457 has 20 seconds left.\n|\n|t:|1776268837\n|teamsize|p1|4\n|teamsize|p2|4\n|start\n|switch|p1a: Delphox|Delphox, L50, F|100/100\n|switch|p1b: Sneasler|Sneasler, L50, F|100/100\n|switch|p2a: Gyarados|Gyarados, L50, M|100/100\n|switch|p2b: Talonflame|Talonflame, L50, M|100/100\n|-ability|p2a: Gyarados|Intimidate|boost\n|-unboost|p1a: Delphox|atk|1\n|-unboost|p1b: Sneasler|atk|1\n|-enditem|p1b: Sneasler|White Herb\n|-clearnegativeboost|p1b: Sneasler|[silent]\n|turn|1\n|\n|t:|1776268854\n|switch|p1a: Rotom|Rotom-Wash, L50|100/100\n|detailschange|p2a: Gyarados|Gyarados-Mega, L50, M\n|-mega|p2a: Gyarados|Gyarados|Gyaradosite\n|-ability|p2a: Gyarados|Mold Breaker\n|move|p2a: Gyarados|Protect|p2a: Gyarados\n|-singleturn|p2a: Gyarados|Protect\n|move|p1b: Sneasler|Fake Out|p2b: Talonflame\n|-damage|p2b: Talonflame|79/100\n|cant|p2b: Talonflame|flinch\n|\n|upkeep\n|turn|2\n|\n|t:|1776268874\n|switch|p1b: Garchomp|Garchomp, L50, M|100/100\n|switch|p2a: Raichu|Raichu, L50, M|100/100\n|move|p1a: Rotom|Discharge|p2a: Raichu|[spread] p2b\n|-ability|p2a: Raichu|Lightning Rod|boost\n|-boost|p2a: Raichu|spa|1\n|-immune|p1b: Garchomp\n|-supereffective|p2b: Talonflame|1\n|-damage|p2b: Talonflame|0 fnt\n|faint|p2b: Talonflame\n|\n|upkeep\n|\n|t:|1776268885\n|switch|p2b: Sneasler|Sneasler, L50, F|100/100\n|turn|3\n|\n|t:|1776268898\n|switch|p1a: Sneasler|Sneasler, L50, F|100/100\n|move|p2a: Raichu|Fake Out|p1a: Sneasler\n|-damage|p1a: Sneasler|87/100\n|move|p2b: Sneasler|Close Combat|p1b: Garchomp\n|-damage|p1b: Garchomp|39/100\n|-unboost|p2b: Sneasler|def|1\n|-unboost|p2b: Sneasler|spd|1\n|-damage|p2b: Sneasler|88/100|[from] ability: Rough Skin|[of] p1b: Garchomp\n|-enditem|p2b: Sneasler|White Herb\n|-clearnegativeboost|p2b: Sneasler|[silent]\n|move|p1b: Garchomp|Stomping Tantrum|p2a: Raichu\n|-supereffective|p2a: Raichu|1\n|-enditem|p2a: Raichu|Focus Sash\n|-damage|p2a: Raichu|1/100\n|\n|upkeep\n|turn|4\n|inactive|C_H_A_N_T_Y457 has 30 seconds left.\n|\n|t:|1776268924\n|move|p2b: Sneasler|Acrobatics|p1a: Sneasler\n|-supereffective|p1a: Sneasler|1\n|-damage|p1a: Sneasler|0 fnt\n|faint|p1a: Sneasler\n|move|p2a: Raichu|Endeavor|p1b: Garchomp\n|-damage|p1b: Garchomp|1/100\n|-damage|p2a: Raichu|0 fnt|[from] ability: Rough Skin|[of] p1b: Garchomp\n|faint|p2a: Raichu\n|move|p1b: Garchomp|Stomping Tantrum|p2b: Sneasler\n|-supereffective|p2b: Sneasler|1\n|-damage|p2b: Sneasler|0 fnt\n|faint|p2b: Sneasler\n|\n|upkeep\n|\n|t:|1776268931\n|switch|p2b: Gyarados|Gyarados-Mega, L50, M|100/100\n|switch|p1a: Rotom|Rotom-Wash, L50|100/100\n|-ability|p2b: Gyarados|Mold Breaker\n|turn|5\n|\n|t:|1776268938\n|move|p1a: Rotom|Thunderbolt|p2b: Gyarados\n|-supereffective|p2b: Gyarados|1\n|-damage|p2b: Gyarados|25/100\n|move|p1b: Garchomp|Earthquake|p2b: Gyarados|[spread] p2b\n|-immune|p1a: Rotom|[from] ability: Levitate\n|-damage|p2b: Gyarados|0 fnt\n|faint|p2b: Gyarados\n|\n|win|Yunobo7\n|raw|Yunobo7's rating: 1322 &rarr; <strong>1339</strong><br />(+17 for winning)\n|raw|C_H_A_N_T_Y457's rating: 1276 &rarr; <strong>1254</strong><br />(-22 for losing)\n",
  "uploadtime": 1776268943,
  "views": 49,
  "formatid": "gen9championsvgc2026regma",
  "rating": 1254,
  "private": 0,
  "password": null
}