{
  "id": "gen9championsvgc2026regma-2588177290",
  "format": "[Gen 9 Champions] VGC 2026 Reg M-A",
  "players": [
    "TheBallistic1",
    "skidog"
  ],
  "log": "|j|\u2606TheBallistic1\n|j|\u2606skidog\n|t:|1776611770\n|gametype|doubles\n|player|p1|TheBallistic1|colress|1131\n|player|p2|skidog|170|1109\n|gen|9\n|tier|[Gen 9 Champions] VGC 2026 Reg M-A\n|rated|\n|rule|Species Clause: Limit one of each Pok\u00e9mon\n|rule|Item Clause: Limit 1 of each item\n|clearpoke\n|poke|p1|Floette-Eternal, L50, F|\n|poke|p1|Charizard, L50, F|\n|poke|p1|Sneasler, L50, M|\n|poke|p1|Milotic, L50, M|\n|poke|p1|Incineroar, L50, F|\n|poke|p1|Sinistcha, L50|\n|poke|p2|Golurk, L50|\n|poke|p2|Farigiraf, L50, F|\n|poke|p2|Incineroar, L50, F|\n|poke|p2|Torkoal, L50, F|\n|poke|p2|Sneasler, L50, M|\n|poke|p2|Venusaur, L50, F|\n|teampreview|4\n|inactive|Battle timer is ON: inactive players will automatically lose when time's up. (requested by skidog)\n|inactive|skidog has 60 seconds left.\n|\n|t:|1776611804\n|teamsize|p1|4\n|teamsize|p2|4\n|start\n|switch|p1a: Charizard|Charizard, L50, F|100/100\n|switch|p1b: Sneasler|Sneasler, L50, M|100/100\n|switch|p2a: Venusaur|Venusaur, L50, F|100/100\n|switch|p2b: Torkoal|Torkoal, L50, F|100/100\n|-weather|SunnyDay|[from] ability: Drought|[of] p2b: Torkoal\n|turn|1\n|inactive|TheBallistic1 has 30 seconds left.\n|\n|t:|1776611831\n|move|p2a: Venusaur|Protect|p2a: Venusaur\n|-singleturn|p2a: Venusaur|Protect\n|move|p2b: Torkoal|Protect|p2b: Torkoal\n|-singleturn|p2b: Torkoal|Protect\n|move|p1b: Sneasler|Fake Out|p2a: Venusaur\n|-activate|p2a: Venusaur|move: Protect\n|move|p1a: Charizard|Air Slash|p2a: Venusaur\n|-activate|p2a: Venusaur|move: Protect\n|\n|-weather|SunnyDay|[upkeep]\n|upkeep\n|turn|2\n|inactive|TheBallistic1 has 30 seconds left.\n|\n|t:|1776611865\n|detailschange|p1a: Charizard|Charizard-Mega-Y, L50, F\n|-mega|p1a: Charizard|Charizard|Charizardite Y\n|move|p2a: Venusaur|Sludge Bomb|p1a: Charizard\n|-damage|p1a: Charizard|53/100\n|move|p1b: Sneasler|Close Combat|p2b: Torkoal\n|-damage|p2b: Torkoal|49/100\n|-unboost|p1b: Sneasler|def|1\n|-unboost|p1b: Sneasler|spd|1\n|-enditem|p1b: Sneasler|White Herb\n|-clearnegativeboost|p1b: Sneasler|[silent]\n|move|p1a: Charizard|Heat Wave|p2b: Torkoal|[spread] p2a,p2b\n|-supereffective|p2a: Venusaur|1\n|-resisted|p2b: Torkoal|1\n|-enditem|p2a: Venusaur|Focus Sash\n|-damage|p2a: Venusaur|1/100\n|-damage|p2b: Torkoal|8/100\n|move|p2b: Torkoal|Eruption|p1a: Charizard|[spread] p1a,p1b\n|-resisted|p1a: Charizard|1\n|-damage|p1a: Charizard|49/100\n|-damage|p1b: Sneasler|91/100\n|\n|-weather|SunnyDay|[upkeep]\n|upkeep\n|turn|3\n|inactive|skidog has 30 seconds left.\n|\n|t:|1776611890\n|switch|p1b: Sinistcha|Sinistcha, L50|100/100\n|-heal|p1a: Charizard|74/100|[from] ability: Hospitality|[of] p1b: Sinistcha\n|move|p2a: Venusaur|Sludge Bomb|p1a: Charizard\n|-damage|p1a: Charizard|27/100\n|-status|p1a: Charizard|psn\n|move|p1a: Charizard|Heat Wave|p2b: Torkoal|[spread] p2a,p2b\n|-supereffective|p2a: Venusaur|1\n|-resisted|p2b: Torkoal|1\n|-damage|p2a: Venusaur|0 fnt\n|-damage|p2b: Torkoal|0 fnt\n|faint|p2a: Venusaur\n|faint|p2b: Torkoal\n|\n|-weather|SunnyDay|[upkeep]\n|-damage|p1a: Charizard|14/100 psn|[from] psn\n|upkeep\n|\n|t:|1776611905\n|switch|p2a: Sneasler|Sneasler, L50, M|100/100\n|switch|p2b: Golurk|Golurk, L50|100/100\n|turn|4\n|\n|t:|1776611914\n|detailschange|p2b: Golurk|Golurk-Mega, L50\n|-mega|p2b: Golurk|Golurk|Golurkite\n|move|p1a: Charizard|Protect|p1a: Charizard\n|-singleturn|p1a: Charizard|Protect\n|move|p2b: Golurk|Protect|p2b: Golurk\n|-singleturn|p2b: Golurk|Protect\n|move|p2a: Sneasler|Coaching|p2b: Golurk\n|-boost|p2b: Golurk|atk|1\n|-boost|p2b: Golurk|def|1\n|move|p1b: Sinistcha|Matcha Gotcha|p2a: Sneasler|[spread] \n|-activate|p2b: Golurk|move: Protect\n|-miss|p1b: Sinistcha|p2a: Sneasler\n|\n|-weather|SunnyDay|[upkeep]\n|-damage|p1a: Charizard|2/100 psn|[from] psn\n|upkeep\n|turn|5\n|\n|t:|1776611939\n|move|p2a: Sneasler|Dire Claw|p1a: Charizard\n|-damage|p1a: Charizard|0 fnt\n|faint|p1a: Charizard\n|move|p2b: Golurk|Poltergeist|p1b: Sinistcha\n|-activate|p1b: Sinistcha|move: Poltergeist|Kasib Berry\n|-supereffective|p1b: Sinistcha|1\n|-enditem|p1b: Sinistcha|Kasib Berry|[eat]\n|-enditem|p1b: Sinistcha|Kasib Berry|[weaken]\n|-damage|p1b: Sinistcha|8/100\n|move|p1b: Sinistcha|Trick Room|p1b: Sinistcha\n|-fieldstart|move: Trick Room|[of] p1b: Sinistcha\n|\n|-weather|none\n|upkeep\n|\n|t:|1776611950\n|switch|p1a: Milotic|Milotic, L50, M|100/100\n|turn|6\n|inactive|skidog has 30 seconds left.\n|\n|t:|1776611976\n|move|p2b: Golurk|Poltergeist|p1a: Milotic|[miss]\n|-miss|p2b: Golurk|p1a: Milotic\n|move|p1b: Sinistcha|Matcha Gotcha|p2b: Golurk|[spread] p2a,p2b\n|-resisted|p2a: Sneasler|1\n|-supereffective|p2b: Golurk|1\n|-damage|p2a: Sneasler|83/100\n|-heal|p1b: Sinistcha|17/100|[from] drain|[of] p2a: Sneasler\n|-damage|p2b: Golurk|55/100\n|-heal|p1b: Sinistcha|43/100|[from] drain|[of] p2b: Golurk\n|move|p1a: Milotic|Scald|p2b: Golurk\n|-supereffective|p2b: Golurk|1\n|-damage|p2b: Golurk|0 fnt\n|faint|p2b: Golurk\n|move|p2a: Sneasler|Dire Claw|p1b: Sinistcha\n|-damage|p1b: Sinistcha|9/100\n|-status|p1b: Sinistcha|psn\n|\n|-damage|p1b: Sinistcha|0 fnt|[from] psn\n|faint|p1b: Sinistcha\n|upkeep\n|-message|skidog forfeited.\n|\n|win|TheBallistic1\n|raw|TheBallistic1's rating: 1131 &rarr; <strong>1154</strong><br />(+23 for winning)\n|raw|skidog's rating: 1109 &rarr; <strong>1086</strong><br />(-23 for losing)\n|l|\u2606skidog\n|player|p2|\n",
  "uploadtime": 1776611993,
  "views": 16,
  "formatid": "gen9championsvgc2026regma",
  "rating": 1086,
  "private": 0,
  "password": null
}