{
  "id": "gen9championsvgc2026regma-2581828762",
  "format": "[Gen 9 Champions] VGC 2026 Reg M-A",
  "players": [
    "pengu",
    "nightpigeon"
  ],
  "log": "|j|\u2606pengu\n|j|\u2606nightpigeon\n|t:|1776031765\n|gametype|doubles\n|player|p1|pengu|rosa-masters|\n|player|p2|nightpigeon|266|\n|gen|9\n|tier|[Gen 9 Champions] VGC 2026 Reg M-A\n|rated|Tournament battle\n|rule|Species Clause: Limit one of each Pok\u00e9mon\n|rule|Item Clause: Limit 1 of each item\n|raw|<div class=\"infobox\"><details class=\"readmore\" open><summary><strong>1 custom rule:</strong></summary> Force Open Team Sheets</details></div>\n|clearpoke\n|poke|p1|Pelipper, L50, M|\n|poke|p1|Aegislash, L50, M|\n|poke|p1|Meganium, L50, M|\n|poke|p1|Sneasler, L50, F|\n|poke|p1|Basculegion, L50, M|\n|poke|p1|Farigiraf, L50, F|\n|poke|p2|Incineroar, L50, F|\n|poke|p2|Garchomp, L50, F|\n|poke|p2|Aegislash, L50, F|\n|poke|p2|Rotom-Wash, L50|\n|poke|p2|Delphox, L50, M|\n|poke|p2|Kingambit, L50, F|\n|teampreview|4\n|showteam|p1|Pelipper||FocusSash|Drizzle|WeatherBall,Hurricane,Tailwind,Protect|||M|||50|]Aegislash||Leftovers|StanceChange|Poltergeist,SacredSword,WideGuard,KingsShield|||M|||50|]Meganium||Meganiumite|Overgrow|SolarBeam,DazzlingGleam,WeatherBall,Protect|||M|||50|]Sneasler||ChoiceScarf|PoisonTouch|Uturn,CloseCombat,DireClaw,RockSlide|||F|||50|]Basculegion||MysticWater|SwiftSwim|WaveCrash,FlipTurn,LastRespects,Protect|||M|||50|]Farigiraf||SitrusBerry|ArmorTail|HyperVoice,Psychic,TrickRoom,Protect|||F|||50|\n|showteam|p2|Incineroar||SitrusBerry|Intimidate|FlareBlitz,ThroatChop,FakeOut,PartingShot|||F|||50|]Garchomp||SoftSand|RoughSkin|Earthquake,RockSlide,SwordsDance,Protect|||F|||50|]Aegislash||OccaBerry|StanceChange|ShadowBall,FlashCannon,WideGuard,KingsShield|||F|||50|]Rotom-Wash||ChoiceScarf|Levitate|Electroweb,Thunderbolt,VoltSwitch,HydroPump||||||50|]Delphox||Delphoxite|Blaze|HeatWave,Psychic,Encore,Protect|||M|||50|]Kingambit||BlackGlasses|Defiant|KowtowCleave,SuckerPunch,LowKick,Protect|||F|||50|\n|inactive|Battle timer is ON: inactive players will automatically lose when time's up. (requested by pengu)\n|j| hiyopon\n|j| Genis69\n|c|\u2606pengu|hf\n|j| Ducktile\n|j| HardFreaQ\n|c|\u2606nightpigeon|u2\n|j| 23456ujhgrew\n|j| SeulClef\n|inactive|nightpigeon has 60 seconds left.\n|\n|t:|1776031800\n|teamsize|p1|4\n|teamsize|p2|4\n|start\n|switch|p1a: Sneasler|Sneasler, L50, F|100/100\n|switch|p1b: Basculegion|Basculegion, L50, M|100/100\n|switch|p2a: Garchomp|Garchomp, L50, F|100/100\n|switch|p2b: Rotom|Rotom-Wash, L50|100/100\n|turn|1\n|j| Firebee033\n|inactive|pengu has 30 seconds left.\n|j| FTSYHCS\n|inactive|pengu has 20 seconds left.\n|\n|t:|1776031839\n|move|p2a: Garchomp|Protect|p2a: Garchomp\n|-singleturn|p2a: Garchomp|Protect\n|move|p1b: Basculegion|Protect|p1b: Basculegion\n|-singleturn|p1b: Basculegion|Protect\n|move|p1a: Sneasler|U-turn|p2b: Rotom\n|-crit|p2b: Rotom\n|-damage|p2b: Rotom|63/100\n|\n|t:|1776031841\n|switch|p1a: Pelipper|Pelipper, L50, M|100/100|[from] U-turn\n|-weather|RainDance|[from] ability: Drizzle|[of] p1a: Pelipper\n|move|p2b: Rotom|Electroweb|p1a: Pelipper|[spread] p1a\n|-activate|p1b: Basculegion|move: Protect\n|-supereffective|p1a: Pelipper|2\n|-enditem|p1a: Pelipper|Focus Sash\n|-damage|p1a: Pelipper|1/100\n|-unboost|p1a: Pelipper|spe|1\n|\n|-weather|RainDance|[upkeep]\n|upkeep\n|turn|2\n|l| Firebee033\n|\n|t:|1776031869\n|switch|p1a: Aegislash|Aegislash, L50, M|100/100\n|move|p1b: Basculegion|Flip Turn|p2b: Rotom\n|-resisted|p2b: Rotom|1\n|-damage|p2b: Rotom|35/100\n|\n|t:|1776031871\n|switch|p1b: Pelipper|Pelipper, L50, M|1/100|[from] Flip Turn\n|move|p2b: Rotom|Electroweb|p1b: Pelipper|[spread] p1a,p1b\n|-supereffective|p1b: Pelipper|2\n|-damage|p1a: Aegislash|89/100\n|-damage|p1b: Pelipper|0 fnt\n|-unboost|p1a: Aegislash|spe|1\n|faint|p1b: Pelipper\n|move|p2a: Garchomp|Earthquake|p1a: Aegislash|[spread] p1a\n|-immune|p2b: Rotom|[from] ability: Levitate\n|-supereffective|p1a: Aegislash|1\n|-damage|p1a: Aegislash|17/100\n|\n|-weather|RainDance|[upkeep]\n|-heal|p1a: Aegislash|23/100|[from] item: Leftovers\n|upkeep\n|\n|t:|1776031874\n|switch|p1b: Sneasler|Sneasler, L50, F|100/100\n|turn|3\n|\n|t:|1776031888\n|switch|p2b: Aegislash|Aegislash, L50, F, shiny|100/100\n|move|p2a: Garchomp|Protect|p2a: Garchomp\n|-singleturn|p2a: Garchomp|Protect\n|move|p1a: Aegislash|Wide Guard|p1a: Aegislash\n|-singleturn|p1a: Aegislash|Wide Guard\n|move|p1b: Sneasler|Close Combat|p2b: Aegislash\n|-immune|p2b: Aegislash\n|\n|-weather|RainDance|[upkeep]\n|-heal|p1a: Aegislash|29/100|[from] item: Leftovers\n|upkeep\n|turn|4\n|\n|t:|1776031901\n|switch|p2b: Rotom|Rotom-Wash, L50|35/100\n|move|p1a: Aegislash|King's Shield|p1a: Aegislash\n|-singleturn|p1a: Aegislash|Protect\n|move|p1b: Sneasler|Close Combat|p2a: Garchomp\n|-damage|p2a: Garchomp|40/100\n|-unboost|p1b: Sneasler|def|1\n|-unboost|p1b: Sneasler|spd|1\n|-damage|p1b: Sneasler|88/100|[from] ability: Rough Skin|[of] p2a: Garchomp\n|move|p2a: Garchomp|Earthquake|p1b: Sneasler|[spread] p1b\n|-activate|p1a: Aegislash|move: Protect\n|-immune|p2b: Rotom|[from] ability: Levitate\n|-supereffective|p1b: Sneasler|1\n|-damage|p1b: Sneasler|0 fnt\n|faint|p1b: Sneasler\n|\n|-weather|RainDance|[upkeep]\n|-heal|p1a: Aegislash|35/100|[from] item: Leftovers\n|upkeep\n|\n|t:|1776031903\n|switch|p1b: Basculegion|Basculegion, L50, M|100/100\n|turn|5\n|inactive|nightpigeon has 30 seconds left.\n|\n|t:|1776031928\n|move|p2a: Garchomp|Protect|p2a: Garchomp\n|-singleturn|p2a: Garchomp|Protect\n|move|p1a: Aegislash|Wide Guard|p1a: Aegislash\n|-singleturn|p1a: Aegislash|Wide Guard\n|move|p1b: Basculegion|Last Respects|p2b: Rotom\n|-damage|p2b: Rotom|0 fnt\n|faint|p2b: Rotom\n|\n|-weather|none\n|-heal|p1a: Aegislash|41/100|[from] item: Leftovers\n|upkeep\n|\n|t:|1776031936\n|switch|p2b: Kingambit|Kingambit, L50, F|100/100\n|turn|6\n|\n|t:|1776031944\n|move|p1b: Basculegion|Protect|p1b: Basculegion\n|-singleturn|p1b: Basculegion|Protect\n|move|p2b: Kingambit|Protect|p2b: Kingambit\n|-singleturn|p2b: Kingambit|Protect\n|move|p1a: Aegislash|King's Shield||[still]\n|-fail|p1a: Aegislash\n|move|p2a: Garchomp|Earthquake|p1a: Aegislash|[spread] p1a\n|-activate|p2b: Kingambit|move: Protect\n|-activate|p1b: Basculegion|move: Protect\n|-supereffective|p1a: Aegislash|1\n|-crit|p1a: Aegislash\n|-damage|p1a: Aegislash|0 fnt\n|faint|p1a: Aegislash\n|\n|upkeep\n|turn|7\n|c|\u2606pengu|oof\n|c|\u2606pengu|ggs\n|j| Morasardo\n|-message|pengu forfeited.\n|\n|win|nightpigeon\n|n|\u2606pengu|pengu\n|n|\u2606nightpigeon|nightpigeon\n|n| hiyopon|hiyopon\n|n| Genis69|genis69\n|n| Ducktile|ducktile\n|n| HardFreaQ|hardfreaq\n|n| 23456ujhgrew|23456ujhgrew\n|n| SeulClef|seulclef\n|n| FTSYHCS|ftsyhcs\n|n| Morasardo|morasardo\n",
  "uploadtime": 1776031950,
  "views": 8,
  "formatid": "gen9championsvgc2026regma",
  "rating": null,
  "private": 0,
  "password": null
}