{
  "id": "gen9championsvgc2026regma-2585565384",
  "format": "[Gen 9 Champions] VGC 2026 Reg M-A",
  "players": [
    "ObliviouslyPyro",
    "Feettickler423"
  ],
  "log": "|j|\u2606ObliviouslyPyro\n|j|\u2606Feettickler423\n|t:|1776355886\n|gametype|doubles\n|player|p1|ObliviouslyPyro|265|1041\n|player|p2|Feettickler423|102|1029\n|gen|9\n|tier|[Gen 9 Champions] VGC 2026 Reg M-A\n|rated|\n|rule|Species Clause: Limit one of each Pok\u00e9mon\n|rule|Item Clause: Limit 1 of each item\n|clearpoke\n|poke|p1|Froslass, L50, F|\n|poke|p1|Gardevoir, L50, M|\n|poke|p1|Kingambit, L50, M|\n|poke|p1|Rotom-Heat, L50|\n|poke|p1|Maushold, L50|\n|poke|p1|Espathra, L50, F|\n|poke|p2|Scizor, L50, F|\n|poke|p2|Araquanid, L50, F|\n|poke|p2|Hydrapple, L50, M|\n|poke|p2|Oranguru, L50, F|\n|poke|p2|Drampa, L50, M|\n|poke|p2|Hatterene, L50, F|\n|teampreview|4\n|c|\u2606ObliviouslyPyro|glhf\n|c|\u2606ObliviouslyPyro|glhf\n|c|\u2606ObliviouslyPyro|oops\nObliviouslyPyro rejected open team sheets.\n|c|\u2606Feettickler423|u2!\n|c|\u2606ObliviouslyPyro|thank you!\n|\n|t:|1776355961\n|teamsize|p1|4\n|teamsize|p2|4\n|start\n|switch|p1a: Froslass|Froslass, L50, F, shiny|100/100\n|switch|p1b: Espathra|Espathra, L50, F|100/100\n|switch|p2a: Hatterene|Hatterene, L50, F|100/100\n|switch|p2b: Hydrapple|Hydrapple, L50, M, shiny|100/100\n|turn|1\n|\n|t:|1776355976\n|detailschange|p1a: Froslass|Froslass-Mega, L50, F, shiny\n|-mega|p1a: Froslass|Froslass|Froslassite\n|-weather|Snowscape|[from] ability: Snow Warning|[of] p1a: Froslass\n|move|p1a: Froslass|Blizzard|p2b: Hydrapple|[spread] p2a,p2b\n|-supereffective|p2b: Hydrapple|2\n|-damage|p2a: Hatterene|46/100\n|-damage|p2b: Hydrapple|0 fnt\n|faint|p2b: Hydrapple\n|move|p1b: Espathra|Lumina Crash|p2a: Hatterene\n|-resisted|p2a: Hatterene|1\n|-damage|p2a: Hatterene|27/100\n|-unboost|p2a: Hatterene|spd|2\n|move|p2a: Hatterene|Trick Room|p2a: Hatterene\n|-fieldstart|move: Trick Room|[of] p2a: Hatterene\n|\n|-weather|Snowscape|[upkeep]\n|-ability|p1b: Espathra|Speed Boost|boost\n|-boost|p1b: Espathra|spe|1\n|upkeep\n|\n|t:|1776355984\n|switch|p2b: Scizor|Scizor, L50, F|100/100\n|turn|2\n|\n|t:|1776355997\n|move|p1a: Froslass|Protect|p1a: Froslass\n|-singleturn|p1a: Froslass|Protect\n|move|p2a: Hatterene|Light Screen|p2a: Hatterene\n|-sidestart|p2: Feettickler423|move: Light Screen\n|move|p2b: Scizor|Swords Dance|p2b: Scizor\n|-boost|p2b: Scizor|atk|2\n|move|p1b: Espathra|Shadow Ball|p2a: Hatterene\n|-supereffective|p2a: Hatterene|1\n|-damage|p2a: Hatterene|0 fnt\n|faint|p2a: Hatterene\n|\n|-weather|Snowscape|[upkeep]\n|-ability|p1b: Espathra|Speed Boost|boost\n|-boost|p1b: Espathra|spe|1\n|upkeep\n|\n|t:|1776356005\n|switch|p2a: Oranguru|Oranguru, L50, F, shiny|100/100\n|turn|3\n|\n|t:|1776356027\n|switch|p1a: Kingambit|Kingambit, L50, M|100/100\n|detailschange|p2b: Scizor|Scizor-Mega, L50, F\n|-mega|p2b: Scizor|Scizor|Scizorite\n|move|p2a: Oranguru|Thunderbolt|p1a: Kingambit\n|-damage|p1a: Kingambit|82/100\n|move|p2b: Scizor|Aerial Ace|p1a: Kingambit\n|-resisted|p1a: Kingambit|1\n|-damage|p1a: Kingambit|53/100\n|move|p1b: Espathra|Hypnosis|p2b: Scizor|[miss]\n|-miss|p1b: Espathra|p2b: Scizor\n|\n|-weather|Snowscape|[upkeep]\n|-ability|p1b: Espathra|Speed Boost|boost\n|-boost|p1b: Espathra|spe|1\n|upkeep\n|turn|4\n|\n|t:|1776356053\n|move|p1a: Kingambit|Kowtow Cleave|p2a: Oranguru\n|-supereffective|p2a: Oranguru|1\n|-damage|p2a: Oranguru|0 fnt\n|faint|p2a: Oranguru\n|move|p2b: Scizor|Close Combat|p1a: Kingambit\n|-supereffective|p1a: Kingambit|2\n|-damage|p1a: Kingambit|0 fnt\n|-unboost|p2b: Scizor|def|1\n|-unboost|p2b: Scizor|spd|1\n|faint|p1a: Kingambit\n|move|p1b: Espathra|Hypnosis|p2b: Scizor\n|-status|p2b: Scizor|slp|[from] move: Hypnosis\n|\n|-weather|Snowscape|[upkeep]\n|-ability|p1b: Espathra|Speed Boost|boost\n|-boost|p1b: Espathra|spe|1\n|upkeep\n|\n|t:|1776356067\n|switch|p1a: Froslass|Froslass-Mega, L50, F, shiny|100/100\n|turn|5\n|\n|t:|1776356117\n|cant|p2b: Scizor|slp\n|move|p1a: Froslass|Blizzard|p2b: Scizor\n|-resisted|p2b: Scizor|1\n|-damage|p2b: Scizor|65/100 slp\n|move|p1b: Espathra|Shadow Ball|p2b: Scizor\n|-damage|p2b: Scizor|36/100 slp\n|\n|-weather|none\n|-fieldend|move: Trick Room\n|-ability|p1b: Espathra|Speed Boost|boost\n|-boost|p1b: Espathra|spe|1\n|upkeep\n|turn|6\n|\n|t:|1776356134\n|move|p1a: Froslass|Protect|p1a: Froslass\n|-singleturn|p1a: Froslass|Protect\n|move|p1b: Espathra|Lumina Crash|p2b: Scizor\n|-resisted|p2b: Scizor|1\n|-damage|p2b: Scizor|14/100 slp\n|-unboost|p2b: Scizor|spd|2\n|cant|p2b: Scizor|slp\n|\n|-sideend|p2: Feettickler423|move: Light Screen\n|-ability|p1b: Espathra|Speed Boost|boost\n|-boost|p1b: Espathra|spe|1\n|upkeep\n|turn|7\n|\n|t:|1776356150\n|switch|p1b: Maushold|Maushold, L50|100/100\n|move|p1a: Froslass|Blizzard|p2b: Scizor\n|-resisted|p2b: Scizor|1\n|-damage|p2b: Scizor|0 fnt\n|faint|p2b: Scizor\n|\n|win|ObliviouslyPyro\n|raw|ObliviouslyPyro's rating: 1041 &rarr; <strong>1074</strong><br />(+33 for winning)\n|raw|Feettickler423's rating: 1029 &rarr; <strong>1015</strong><br />(-14 for losing)\n|c|\u2606Feettickler423|gg\n|c|\u2606ObliviouslyPyro|ggs\n",
  "uploadtime": 1776356160,
  "views": 26,
  "formatid": "gen9championsvgc2026regma",
  "rating": 1015,
  "private": 0,
  "password": null
}