{
  "id": "gen9championsvgc2026regma-2581630018",
  "format": "[Gen 9 Champions] VGC 2026 Reg M-A",
  "players": [
    "DRX34",
    "memigames"
  ],
  "log": "|j|\u2606DRX34\n|j|\u2606memigames\n|t:|1776016437\n|gametype|doubles\n|player|p1|DRX34|ruinmaniac|1024\n|player|p2|memigames|chuck|1021\n|gen|9\n|tier|[Gen 9 Champions] VGC 2026 Reg M-A\n|rated|\n|rule|Species Clause: Limit one of each Pok\u00e9mon\n|rule|Item Clause: Limit 1 of each item\n|clearpoke\n|poke|p1|Scovillain, L50, M|\n|poke|p1|Goodra-Hisui, L50, F|\n|poke|p1|Rotom-Frost, L50|\n|poke|p1|Talonflame, L50, M|\n|poke|p1|Alcremie-Ruby-Swirl, L50, F|\n|poke|p1|Toxicroak, L50, F|\n|poke|p2|Archaludon, L50, M|\n|poke|p2|Politoed, L50, F|\n|poke|p2|Incineroar, L50, M|\n|poke|p2|Basculegion, L50, M|\n|poke|p2|Beedrill, L50, M|\n|poke|p2|Manectric, L50, F|\n|teampreview|4\n|inactive|Battle timer is ON: inactive players will automatically lose when time's up. (requested by memigames)\nmemigames rejected open team sheets.\n|\n|t:|1776016472\n|teamsize|p1|4\n|teamsize|p2|4\n|start\n|switch|p1a: Goodra|Goodra-Hisui, L50, F|100/100\n|switch|p1b: Talonflame|Talonflame, L50, M|100/100\n|switch|p2a: Mamacita|Politoed, L50, F, shiny|100/100\n|switch|p2b: Profundo|Basculegion, L50, M|100/100\n|-weather|RainDance|[from] ability: Drizzle|[of] p2a: Mamacita\n|turn|1\n|\n|t:|1776016496\n|move|p2b: Profundo|Waterfall|p1b: Talonflame\n|-supereffective|p1b: Talonflame|1\n|-damage|p1b: Talonflame|0 fnt\n|faint|p1b: Talonflame\n|move|p2a: Mamacita|Icy Wind|p1a: Goodra\n|-damage|p1a: Goodra|94/100\n|-unboost|p1a: Goodra|spe|1\n|move|p1a: Goodra|Dragon Tail|p2b: Profundo\n|-damage|p2b: Profundo|65/100\n|drag|p2b: Coragem|Archaludon, L50, M|100/100\n|\n|-weather|RainDance|[upkeep]\n|-heal|p1a: Goodra|99/100|[from] item: Leftovers\n|upkeep\n|\n|t:|1776016512\n|switch|p1b: Rotom|Rotom-Frost, L50|100/100\n|turn|2\n|\n|t:|1776016529\n|move|p2a: Mamacita|Helping Hand|p2b: Coragem\n|-singleturn|p2b: Coragem|Helping Hand|[of] p2a: Mamacita\n|move|p1b: Rotom|Thunderbolt|p2b: Coragem\n|-resisted|p2b: Coragem|1\n|-damage|p2b: Coragem|69/100\n|-ability|p2b: Coragem|Stamina|boost\n|-boost|p2b: Coragem|def|1\n|move|p2b: Coragem|Flash Cannon|p1b: Rotom\n|-damage|p1b: Rotom|32/100\n|move|p1a: Goodra|Heavy Slam|p2a: Mamacita\n|-resisted|p2a: Mamacita|1\n|-crit|p2a: Mamacita\n|-damage|p2a: Mamacita|58/100\n|\n|-weather|RainDance|[upkeep]\n|-heal|p2a: Mamacita|63/100|[from] item: Leftovers\n|-heal|p1a: Goodra|100/100|[from] item: Leftovers\n|upkeep\n|turn|3\n|inactive|DRX34 has 30 seconds left.\n|\n|t:|1776016557\n|move|p2b: Coragem|Protect|p2b: Coragem\n|-singleturn|p2b: Coragem|Protect\n|move|p1b: Rotom|Thunderbolt|p2a: Mamacita\n|-supereffective|p2a: Mamacita|1\n|-damage|p2a: Mamacita|12/100\n|move|p2a: Mamacita|Icy Wind|p1a: Goodra|[spread] p1a,p1b\n|-resisted|p1b: Rotom|1\n|-damage|p1a: Goodra|95/100\n|-damage|p1b: Rotom|27/100\n|-unboost|p1a: Goodra|spe|1\n|-unboost|p1b: Rotom|spe|1\n|move|p1a: Goodra|Dragon Tail|p2b: Coragem\n|-activate|p2b: Coragem|move: Protect\n|\n|-weather|RainDance|[upkeep]\n|-heal|p2a: Mamacita|18/100|[from] item: Leftovers\n|-heal|p1a: Goodra|100/100|[from] item: Leftovers\n|upkeep\n|turn|4\n|\n|t:|1776016579\n|switch|p2a: Gogoboy|Incineroar, L50, M|100/100\n|-ability|p2a: Gogoboy|Intimidate|boost\n|-unboost|p1a: Goodra|atk|1\n|-unboost|p1b: Rotom|atk|1\n|move|p2b: Coragem|Flash Cannon|p1b: Rotom\n|-damage|p1b: Rotom|0 fnt\n|faint|p1b: Rotom\n|move|p1a: Goodra|Dragon Tail|p2b: Coragem|[miss]\n|-miss|p1a: Goodra|p2b: Coragem\n|\n|-weather|RainDance|[upkeep]\n|upkeep\n|\n|t:|1776016590\n|switch|p1b: Scovillain|Scovillain, L50, M|100/100\n|turn|5\n|\n|t:|1776016605\n|move|p1b: Scovillain|Protect|p1b: Scovillain\n|-singleturn|p1b: Scovillain|Protect\n|move|p1a: Goodra|Protect|p1a: Goodra\n|-singleturn|p1a: Goodra|Protect\n|move|p2a: Gogoboy|Fake Out|p1b: Scovillain\n|-activate|p1b: Scovillain|move: Protect\n|move|p2b: Coragem|Draco Meteor|p1a: Goodra\n|-activate|p1a: Goodra|move: Protect\n|\n|-weather|none\n|upkeep\n|turn|6\n|\n|t:|1776016628\n|detailschange|p1b: Scovillain|Scovillain-Mega, L50, M\n|-mega|p1b: Scovillain|Scovillain|Scovillainite\n|move|p2b: Coragem|Protect|p2b: Coragem\n|-singleturn|p2b: Coragem|Protect\n|move|p1b: Scovillain|Rage Powder|p1b: Scovillain\n|-singleturn|p1b: Scovillain|move: Rage Powder\n|move|p2a: Gogoboy|Parting Shot|p1b: Scovillain\n|-unboost|p1b: Scovillain|atk|1\n|-unboost|p1b: Scovillain|spa|1\n|\n|t:|1776016636\n|switch|p2a: Mamacita|Politoed, L50, F, shiny|18/100|[from] Parting Shot\n|-weather|RainDance|[from] ability: Drizzle|[of] p2a: Mamacita\n|move|p1a: Goodra|Dragon Tail|p2b: Coragem\n|-activate|p2b: Coragem|move: Protect\n|\n|-weather|RainDance|[upkeep]\n|-heal|p2a: Mamacita|24/100|[from] item: Leftovers\n|upkeep\n|turn|7\n|\n|t:|1776016655\n|move|p2a: Mamacita|Protect|p2a: Mamacita\n|-singleturn|p2a: Mamacita|Protect\n|move|p2b: Coragem|Electro Shot||[still]\n|-prepare|p2b: Coragem|Electro Shot\n|-boost|p2b: Coragem|spa|1\n|-anim|p2b: Coragem|Electro Shot|p1b: Scovillain\n|-resisted|p1b: Scovillain|1\n|-damage|p1b: Scovillain|64/100\n|-status|p2b: Coragem|brn|[from] ability: Spicy Spray|[of] p1b: Scovillain\n|move|p1b: Scovillain|Giga Drain|p2a: Mamacita\n|-activate|p2a: Mamacita|move: Protect\n|move|p1a: Goodra|Dragon Tail|p2b: Coragem\n|-damage|p2b: Coragem|62/100 brn\n|-ability|p2b: Coragem|Stamina|boost\n|-boost|p2b: Coragem|def|1\n|drag|p2b: Gogoboy|Incineroar, L50, M|100/100\n|-ability|p2b: Gogoboy|Intimidate|boost\n|-unboost|p1a: Goodra|atk|1\n|-unboost|p1b: Scovillain|atk|1\n|\n|-weather|RainDance|[upkeep]\n|-heal|p2a: Mamacita|29/100|[from] item: Leftovers\n|upkeep\n|turn|8\n|\n|t:|1776016680\n|move|p2b: Gogoboy|Fake Out|p1b: Scovillain\n|-damage|p1b: Scovillain|53/100\n|-immune|p2b: Gogoboy\n|move|p2a: Mamacita|Icy Wind|p1a: Goodra|[spread] p1a,p1b\n|-damage|p1a: Goodra|95/100\n|-damage|p1b: Scovillain|44/100\n|-unboost|p1a: Goodra|spe|1\n|-unboost|p1b: Scovillain|spe|1\n|-status|p2a: Mamacita|brn|[from] ability: Spicy Spray|[of] p1b: Scovillain\n|cant|p1b: Scovillain|flinch\n|move|p1a: Goodra|Heavy Slam|p2b: Gogoboy\n|-resisted|p2b: Gogoboy|1\n|-damage|p2b: Gogoboy|91/100\n|\n|-weather|RainDance|[upkeep]\n|-heal|p2a: Mamacita|35/100 brn|[from] item: Leftovers\n|-heal|p1a: Goodra|100/100|[from] item: Leftovers\n|-damage|p2a: Mamacita|29/100 brn|[from] brn\n|upkeep\n|turn|9\n|inactive|memigames has 30 seconds left.\n|\n|t:|1776016708\n|switch|p2a: Coragem|Archaludon, L50, M|62/100 brn\n|move|p2b: Gogoboy|Parting Shot|p1b: Scovillain\n|-unboost|p1b: Scovillain|atk|1\n|-unboost|p1b: Scovillain|spa|1\n|\n|t:|1776016714\n|switch|p2b: Profundo|Basculegion, L50, M|65/100|[from] Parting Shot\n|move|p1b: Scovillain|Giga Drain|p2a: Coragem\n|-resisted|p2a: Coragem|2\n|-damage|p2a: Coragem|56/100 brn\n|-heal|p1b: Scovillain|46/100|[from] drain|[of] p2a: Coragem\n|-ability|p2a: Coragem|Stamina|boost\n|-boost|p2a: Coragem|def|1\n|move|p1a: Goodra|Heavy Slam|p2b: Profundo\n|-resisted|p2b: Profundo|1\n|-damage|p2b: Profundo|53/100\n|\n|-weather|RainDance|[upkeep]\n|-damage|p2a: Coragem|50/100 brn|[from] brn\n|upkeep\n|turn|10\n|inactive|DRX34 has 30 seconds left.\n|\n|t:|1776016743\n|move|p1b: Scovillain|Protect|p1b: Scovillain\n|-singleturn|p1b: Scovillain|Protect\n|move|p2b: Profundo|Waterfall|p1b: Scovillain\n|-activate|p1b: Scovillain|move: Protect\n|move|p2a: Coragem|Draco Meteor|p1a: Goodra\n|-damage|p1a: Goodra|62/100\n|-unboost|p2a: Coragem|spa|2\n|move|p1a: Goodra|Dragon Tail|p2b: Profundo\n|-damage|p2b: Profundo|38/100\n|drag|p2b: Gogoboy|Incineroar, L50, M|91/100\n|-ability|p2b: Gogoboy|Intimidate|boost\n|-unboost|p1a: Goodra|atk|1\n|-unboost|p1b: Scovillain|atk|1\n|\n|-weather|none\n|-heal|p1a: Goodra|68/100|[from] item: Leftovers\n|-damage|p2a: Coragem|44/100 brn|[from] brn\n|upkeep\n|turn|11\n|inactive|memigames has 30 seconds left.\n|\n|t:|1776016770\n|move|p2a: Coragem|Protect|p2a: Coragem\n|-singleturn|p2a: Coragem|Protect\n|move|p2b: Gogoboy|Fake Out|p1b: Scovillain\n|-damage|p1b: Scovillain|37/100\n|-immune|p2b: Gogoboy\n|cant|p1b: Scovillain|flinch\n|move|p1a: Goodra|Dragon Tail|p2a: Coragem\n|-activate|p2a: Coragem|move: Protect\n|\n|-heal|p1a: Goodra|74/100|[from] item: Leftovers\n|-damage|p2a: Coragem|38/100 brn|[from] brn\n|upkeep\n|turn|12\n|\n|t:|1776016794\n|move|p1b: Scovillain|Protect|p1b: Scovillain\n|-singleturn|p1b: Scovillain|Protect\n|move|p1a: Goodra|Protect|p1a: Goodra\n|-singleturn|p1a: Goodra|Protect\n|move|p2a: Coragem|Draco Meteor|p1b: Scovillain\n|-activate|p1b: Scovillain|move: Protect\n|move|p2b: Gogoboy|Parting Shot|p1a: Goodra\n|-activate|p1a: Goodra|move: Protect\n|\n|-heal|p1a: Goodra|80/100|[from] item: Leftovers\n|-damage|p2a: Coragem|32/100 brn|[from] brn\n|upkeep\n|turn|13\n|c|\u2606memigames|thats just stupid bro\n|\n|t:|1776016818\n|move|p2a: Coragem|Draco Meteor|p1b: Scovillain\n|-damage|p1b: Scovillain|3/100\n|-unboost|p2a: Coragem|spa|2\n|move|p2b: Gogoboy|Parting Shot|p1a: Goodra\n|-unboost|p1a: Goodra|atk|1\n|-unboost|p1a: Goodra|spa|1\n|\n|t:|1776016826\n|switch|p2b: Mamacita|Politoed, L50, F, shiny|29/100 brn|[from] Parting Shot\n|-weather|RainDance|[from] ability: Drizzle|[of] p2b: Mamacita\n|move|p1b: Scovillain|Flamethrower|p2a: Coragem\n|-damage|p2a: Coragem|18/100 brn\n|-ability|p2a: Coragem|Stamina|boost\n|-boost|p2a: Coragem|def|1\n|move|p1a: Goodra|Life Dew|p1a: Goodra|[spread] p1a,p1b\n|-heal|p1a: Goodra|100/100\n|-heal|p1b: Scovillain|28/100\n|\n|-weather|RainDance|[upkeep]\n|-heal|p2b: Mamacita|35/100 brn|[from] item: Leftovers\n|-damage|p2a: Coragem|12/100 brn|[from] brn\n|-damage|p2b: Mamacita|29/100 brn|[from] brn\n|upkeep\n|turn|14\n|\n|t:|1776016850\n|move|p1a: Goodra|Protect|p1a: Goodra\n|-singleturn|p1a: Goodra|Protect\n|move|p2a: Coragem|Draco Meteor|p1b: Scovillain|[miss]\n|-miss|p2a: Coragem|p1b: Scovillain\n|move|p2b: Mamacita|Chilling Water|p1b: Scovillain\n|-damage|p1b: Scovillain|2/100\n|-unboost|p1b: Scovillain|atk|1\n|move|p1b: Scovillain|Giga Drain|p2b: Mamacita\n|-supereffective|p2b: Mamacita|1\n|-damage|p2b: Mamacita|4/100 brn\n|-heal|p1b: Scovillain|16/100|[from] drain|[of] p2b: Mamacita\n|\n|-weather|RainDance|[upkeep]\n|-heal|p2b: Mamacita|10/100 brn|[from] item: Leftovers\n|-damage|p2a: Coragem|6/100 brn|[from] brn\n|-damage|p2b: Mamacita|4/100 brn|[from] brn\n|upkeep\n|turn|15\n|inactive|DRX34 has 30 seconds left.\n|\n|t:|1776016875\n|move|p1b: Scovillain|Protect|p1b: Scovillain\n|-singleturn|p1b: Scovillain|Protect\n|move|p2a: Coragem|Draco Meteor|p1b: Scovillain\n|-activate|p1b: Scovillain|move: Protect\n|move|p2b: Mamacita|Chilling Water|p1b: Scovillain\n|-activate|p1b: Scovillain|move: Protect\n|move|p1a: Goodra|Dragon Tail|p2b: Mamacita\n|-crit|p2b: Mamacita\n|-damage|p2b: Mamacita|0 fnt\n|faint|p2b: Mamacita\n|\n|-weather|RainDance|[upkeep]\n|-damage|p2a: Coragem|0 fnt|[from] brn\n|faint|p2a: Coragem\n|upkeep\n|n|!memigames|memigames\n|-message|memigames forfeited.\n|\n|win|DRX34\n",
  "uploadtime": 1776016887,
  "views": 15,
  "formatid": "gen9championsvgc2026regma",
  "rating": null,
  "private": 0,
  "password": null
}