{
  "id": "gen9championsvgc2026regma-2587402256",
  "format": "[Gen 9 Champions] VGC 2026 Reg M-A",
  "players": [
    "Yammander",
    "STNKYJ"
  ],
  "log": "|j|\u2606Yammander\n|j|\u2606STNKYJ\n|t:|1776528836\n|gametype|doubles\n|player|p1|Yammander|plasmagruntf-gen5bw|1161\n|player|p2|STNKYJ|169|1137\n|gen|9\n|tier|[Gen 9 Champions] VGC 2026 Reg M-A\n|rated|\n|rule|Species Clause: Limit one of each Pok\u00e9mon\n|rule|Item Clause: Limit 1 of each item\n|clearpoke\n|poke|p1|Slowking, L50, F, shiny|\n|poke|p1|Incineroar, L50, M, shiny|\n|poke|p1|Crabominable, L50, M|\n|poke|p1|Hatterene, L50, F|\n|poke|p1|Tsareena, L50, F|\n|poke|p1|Camerupt, L50, F, shiny|\n|poke|p2|Cofagrigus, L50, M|\n|poke|p2|Reuniclus, L50, F|\n|poke|p2|Incineroar, L50, M|\n|poke|p2|Sinistcha, L50|\n|poke|p2|Politoed, L50, F|\n|poke|p2|Feraligatr, L50, M|\n|teampreview|4\n|\n|t:|1776528892\n|teamsize|p1|4\n|teamsize|p2|4\n|start\n|switch|p1a: Slowking|Slowking, L50, F, shiny|100/100\n|switch|p1b: Incineroar|Incineroar, L50, M, shiny|100/100\n|switch|p2a: Cofagrigus|Cofagrigus, L50, M|100/100\n|switch|p2b: Reuniclus|Reuniclus, L50, F|100/100\n|-ability|p1b: Incineroar|Intimidate|boost\n|-unboost|p2a: Cofagrigus|atk|1\n|-unboost|p2b: Reuniclus|atk|1\n|turn|1\n|inactive|Battle timer is ON: inactive players will automatically lose when time's up. (requested by STNKYJ)\n|\n|t:|1776528940\n|move|p1b: Incineroar|Fake Out|p2b: Reuniclus\n|-damage|p2b: Reuniclus|85/100\n|cant|p2b: Reuniclus|flinch\n|move|p2a: Cofagrigus|Body Press|p1b: Incineroar\n|-supereffective|p1b: Incineroar|1\n|-damage|p1b: Incineroar|36/100\n|-enditem|p1b: Incineroar|Sitrus Berry|[eat]\n|-heal|p1b: Incineroar|61/100|[from] item: Sitrus Berry\n|move|p1a: Slowking|Trick Room|p1a: Slowking\n|-fieldstart|move: Trick Room|[of] p1a: Slowking\n|\n|upkeep\n|turn|2\n|inactive|STNKYJ has 30 seconds left.\n|\n|t:|1776528973\n|move|p2a: Cofagrigus|Body Press|p1b: Incineroar\n|-supereffective|p1b: Incineroar|1\n|-damage|p1b: Incineroar|6/100\n|move|p2b: Reuniclus|Shadow Ball|p1a: Slowking\n|-supereffective|p1a: Slowking|1\n|-damage|p1a: Slowking|61/100\n|move|p1a: Slowking|Hydro Pump|p2a: Cofagrigus|[miss]\n|-miss|p1a: Slowking|p2a: Cofagrigus\n|move|p1b: Incineroar|Darkest Lariat|p2a: Cofagrigus\n|-supereffective|p2a: Cofagrigus|1\n|-damage|p2a: Cofagrigus|45/100\n|-activate|p2a: Cofagrigus|ability: Mummy|p1b: Incineroar|[ability] Intimidate\n|\n|upkeep\n|turn|3\n|inactive|STNKYJ has 30 seconds left.\n|inactive|STNKYJ has 20 seconds left.\n|inactive|STNKYJ has 15 seconds left.\n|\n|t:|1776529013\n|switch|p1b: Tsareena|Tsareena, L50, F|100/100\n|move|p2a: Cofagrigus|Body Press|p1b: Tsareena\n|-damage|p1b: Tsareena|69/100\n|move|p2b: Reuniclus|Shadow Ball|p1a: Slowking\n|-supereffective|p1a: Slowking|1\n|-damage|p1a: Slowking|17/100\n|-prepare|p1a: Slowking|Chilly Reception|[premajor]\n|move|p1a: Slowking|Chilly Reception|p1a: Slowking\n|-weather|Snowscape\n|\n|t:|1776529022\n|switch|p1a: Crabominable|Crabominable, L50, M|100/100|[from] Chilly Reception\n|\n|-weather|Snowscape|[upkeep]\n|upkeep\n|turn|4\n|\n|t:|1776529030\n|switch|p2b: Politoed|Politoed, L50, F|100/100\n|-weather|RainDance|[from] ability: Drizzle|[of] p2b: Politoed\n|detailschange|p1a: Crabominable|Crabominable-Mega, L50, M\n|-mega|p1a: Crabominable|Crabominable|Crabominite\n|move|p2a: Cofagrigus|Will-O-Wisp|p1a: Crabominable\n|-status|p1a: Crabominable|brn\n|move|p1a: Crabominable|Ice Hammer|p2b: Politoed\n|-resisted|p2b: Politoed|1\n|-damage|p2b: Politoed|84/100\n|-unboost|p1a: Crabominable|spe|1\n|move|p1b: Tsareena|Knock Off|p2b: Politoed\n|-damage|p2b: Politoed|53/100\n|-enditem|p2b: Politoed|Wacan Berry|[from] move: Knock Off|[of] p1b: Tsareena\n|\n|-weather|RainDance|[upkeep]\n|-damage|p1a: Crabominable|95/100 brn|[from] brn\n|upkeep\n|turn|5\n|-message|Yammander forfeited.\n|\n|win|STNKYJ\n|raw|Yammander's rating: 1161 &rarr; <strong>1134</strong><br />(-27 for losing)\n|raw|STNKYJ's rating: 1137 &rarr; <strong>1164</strong><br />(+27 for winning)\n|l|\u2606Yammander\n|player|p1|\n",
  "uploadtime": 1776529063,
  "views": 21,
  "formatid": "gen9championsvgc2026regma",
  "rating": 1134,
  "private": 0,
  "password": null
}