{
  "id": "gen9championsvgc2026regma-2587118865",
  "format": "[Gen 9 Champions] VGC 2026 Reg M-A",
  "players": [
    "z42067",
    "fellaclot"
  ],
  "log": "|j|\u2606z42067\n|j|\u2606fellaclot\n|t:|1776496072\n|gametype|doubles\n|player|p1|z42067|169|1070\n|player|p2|fellaclot|169|1109\n|gen|9\n|tier|[Gen 9 Champions] VGC 2026 Reg M-A\n|rated|\n|rule|Species Clause: Limit one of each Pok\u00e9mon\n|rule|Item Clause: Limit 1 of each item\n|clearpoke\n|poke|p1|Torkoal, L50, M, shiny|\n|poke|p1|Appletun, L50, M|\n|poke|p1|Aromatisse, L50, F, shiny|\n|poke|p1|Camerupt, L50, M, shiny|\n|poke|p1|Cofagrigus, L50, M, shiny|\n|poke|p1|Clefable, L50, F, shiny|\n|poke|p2|Delphox, L50, F|\n|poke|p2|Floette-Eternal, L50, F|\n|poke|p2|Sneasler, L50, M|\n|poke|p2|Kingambit, L50, F|\n|poke|p2|Incineroar, L50, F|\n|poke|p2|Garchomp, L50, M|\n|teampreview|4\n|\n|t:|1776496108\n|teamsize|p1|4\n|teamsize|p2|4\n|start\n|switch|p1a: steve|Torkoal, L50, M, shiny|100/100\n|switch|p1b: marie|Aromatisse, L50, F, shiny|100/100\n|switch|p2a: Delphox|Delphox, L50, F|100/100\n|switch|p2b: Incineroar|Incineroar, L50, F|100/100\n|-ability|p2b: Incineroar|Intimidate|boost\n|-unboost|p1a: steve|atk|1\n|-unboost|p1b: marie|atk|1\n|-weather|SunnyDay|[from] ability: Drought|[of] p1a: steve\n|turn|1\n|\n|t:|1776496128\n|move|p2b: Incineroar|Fake Out|p1b: marie\n|-damage|p1b: marie|90/100\n|move|p2a: Delphox|Psychic|p1a: steve\n|-damage|p1a: steve|52/100\n|move|p1a: steve|Earthquake|p2b: Incineroar|[spread] p1b,p2a,p2b\n|-supereffective|p2a: Delphox|1\n|-supereffective|p2b: Incineroar|1\n|-damage|p1b: marie|78/100\n|-damage|p2a: Delphox|75/100\n|-damage|p2b: Incineroar|81/100\n|cant|p1b: marie|flinch\n|\n|-weather|SunnyDay|[upkeep]\n|upkeep\n|turn|2\n|\n|t:|1776496155\n|detailschange|p2a: Delphox|Delphox-Mega, L50, F\n|-mega|p2a: Delphox|Delphox|Delphoxite\n|move|p2a: Delphox|Psychic|p1a: steve\n|-damage|p1a: steve|0 fnt\n|faint|p1a: steve\n|move|p2b: Incineroar|Flare Blitz|p1b: marie\n|-damage|p1b: marie|6/100\n|-damage|p2b: Incineroar|60/100|[from] Recoil\n|move|p1b: marie|Trick Room|p1b: marie\n|-fieldstart|move: Trick Room|[of] p1b: marie\n|\n|-weather|SunnyDay|[upkeep]\n|upkeep\n|\n|t:|1776496168\n|switch|p1a: isabelle|Clefable, L50, F, shiny|100/100\n|turn|3\n|\n|t:|1776496195\n|move|p1b: marie|Protect|p1b: marie\n|-singleturn|p1b: marie|Protect\n|move|p2a: Delphox|Protect|p2a: Delphox\n|-singleturn|p2a: Delphox|Protect\n|move|p1a: isabelle|Moonblast|p2b: Incineroar\n|-damage|p2b: Incineroar|18/100\n|-enditem|p2b: Incineroar|Sitrus Berry|[eat]\n|-heal|p2b: Incineroar|43/100|[from] item: Sitrus Berry\n|move|p2b: Incineroar|Parting Shot|p1a: isabelle\n|-unboost|p1a: isabelle|atk|1\n|-unboost|p1a: isabelle|spa|1\n|l|\u2606fellaclot\n|player|p2|\n|j|\u2606fellaclot\n|player|p2|fellaclot|169|\n|\n|t:|1776496250\n|switch|p2b: Garchomp|Garchomp, L50, M|100/100|[from] Parting Shot\n|\n|-weather|SunnyDay|[upkeep]\n|upkeep\n|turn|4\n|\n|t:|1776496265\n|switch|p2b: Incineroar|Incineroar, L50, F|43/100\n|-ability|p2b: Incineroar|Intimidate|boost\n|-unboost|p1a: isabelle|atk|1\n|-unboost|p1b: marie|atk|1\n|move|p1b: marie|Encore|p2a: Delphox\n|-start|p2a: Delphox|Encore\n|move|p2a: Delphox|Protect||[still]\n|-fail|p2a: Delphox\n|move|p1a: isabelle|Moonblast|p2b: Incineroar\n|-damage|p2b: Incineroar|13/100\n|\n|-weather|SunnyDay|[upkeep]\n|upkeep\n|turn|5\n|\n|t:|1776496285\n|switch|p2a: Garchomp|Garchomp, L50, M|100/100\n|move|p2b: Incineroar|Fake Out|p1b: marie\n|-damage|p1b: marie|0 fnt\n|faint|p1b: marie\n|move|p1a: isabelle|Moonblast|p2b: Incineroar\n|-damage|p2b: Incineroar|0 fnt\n|faint|p2b: Incineroar\n|\n|-weather|none\n|upkeep\n|\n|t:|1776496296\n|switch|p1b: clark|Cofagrigus, L50, M, shiny|100/100\n|switch|p2b: Delphox|Delphox-Mega, L50, F|75/100\n|turn|6\n|\n|t:|1776496325\n|switch|p2a: Sneasler|Sneasler, L50, M|100/100\n|move|p2b: Delphox|Protect|p2b: Delphox\n|-singleturn|p2b: Delphox|Protect\n|move|p1b: clark|Toxic Spikes|p2b: Delphox\n|-sidestart|p2: fellaclot|move: Toxic Spikes\n|move|p1a: isabelle|Moonblast|p2a: Sneasler\n|-crit|p2a: Sneasler\n|-damage|p2a: Sneasler|0 fnt\n|faint|p2a: Sneasler\n|\n|-fieldend|move: Trick Room\n|upkeep\n|\n|t:|1776496333\n|switch|p2a: Garchomp|Garchomp, L50, M|100/100\n|-status|p2a: Garchomp|psn\n|turn|7\n|\n|t:|1776496369\n|move|p2a: Garchomp|Iron Head|p1a: isabelle\n|-supereffective|p1a: isabelle|1\n|-damage|p1a: isabelle|42/100\n|move|p2b: Delphox|Encore|p1b: clark\n|-start|p1b: clark|Encore\n|move|p1a: isabelle|Moonblast|p2a: Garchomp\n|-supereffective|p2a: Garchomp|1\n|-damage|p2a: Garchomp|31/100 psn\n|move|p1b: clark|Toxic Spikes|p2b: Delphox\n|-sidestart|p2: fellaclot|move: Toxic Spikes\n|\n|-damage|p2a: Garchomp|19/100 psn|[from] psn\n|upkeep\n|turn|8\n|\n|t:|1776496401\n|move|p2a: Garchomp|Iron Head|p1a: isabelle\n|-supereffective|p1a: isabelle|1\n|-crit|p1a: isabelle\n|-damage|p1a: isabelle|0 fnt\n|faint|p1a: isabelle\n|move|p2b: Delphox|Psychic|p1b: clark\n|-damage|p1b: clark|51/100\n|move|p1b: clark|Toxic Spikes||[still]\n|-fail|p1b: clark\n|\n|-heal|p1b: clark|57/100|[from] item: Leftovers\n|-damage|p2a: Garchomp|7/100 psn|[from] psn\n|upkeep\n|turn|9\n|\n|t:|1776496425\n|move|p2a: Garchomp|Iron Head|p1b: clark\n|-damage|p1b: clark|30/100\n|-activate|p1b: clark|ability: Mummy|p2a: Garchomp|[ability] Rough Skin\n|move|p2b: Delphox|Psychic|p1b: clark\n|-damage|p1b: clark|0 fnt\n|faint|p1b: clark\n|\n|win|fellaclot\n|raw|z42067's rating: 1070 &rarr; <strong>1052</strong><br />(-18 for losing)\n|raw|fellaclot's rating: 1109 &rarr; <strong>1131</strong><br />(+22 for winning)\n|l|\u2606z42067\n|player|p1|\n",
  "uploadtime": 1776497071,
  "views": 15,
  "formatid": "gen9championsvgc2026regma",
  "rating": 1052,
  "private": 0,
  "password": null
}