{
  "id": "gen9championsvgc2026regma-2581367284",
  "format": "[Gen 9 Champions] VGC 2026 Reg M-A",
  "players": [
    "klemenzza",
    "nusocs-m"
  ],
  "log": "|j|\u2606klemenzza\n|j|\u2606nusocs-m\n|t:|1775992450\n|gametype|doubles\n|player|p1|klemenzza|101|1052\n|player|p2|nusocs-m|unknown|1112\n|gen|9\n|tier|[Gen 9 Champions] VGC 2026 Reg M-A\n|rated|\n|rule|Species Clause: Limit one of each Pok\u00e9mon\n|rule|Item Clause: Limit 1 of each item\n|clearpoke\n|poke|p1|Tyranitar, L50, M|\n|poke|p1|Venusaur, L50, F|\n|poke|p1|Sandaconda, L50, M|\n|poke|p1|Aerodactyl, L50, F|\n|poke|p1|Incineroar, L50, M|\n|poke|p1|Excadrill, L50, M|\n|poke|p2|Charizard, L50, M|\n|poke|p2|Aerodactyl, L50, M|\n|poke|p2|Garchomp, L50, F|\n|poke|p2|Glimmora, L50, F|\n|poke|p2|Incineroar, L50, F|\n|poke|p2|Venusaur, L50, M|\n|teampreview|4\n|\n|t:|1775992506\n|teamsize|p1|4\n|teamsize|p2|4\n|start\n|switch|p1a: Excadrill|Excadrill, L50, M|100/100\n|switch|p1b: Venusaur|Venusaur, L50, F|100/100\n|switch|p2a: Aerodactyl|Aerodactyl, L50, M|100/100\n|switch|p2b: Garchomp|Garchomp, L50, F|100/100\n|-ability|p2a: Aerodactyl|Unnerve\n|turn|1\n|\n|t:|1775992563\n|switch|p1a: Sandaconda|Sandaconda, L50, M|100/100\n|detailschange|p1b: Venusaur|Venusaur-Mega, L50, F\n|-mega|p1b: Venusaur|Venusaur|Venusaurite\n|move|p2a: Aerodactyl|Tailwind|p2a: Aerodactyl\n|-sidestart|p2: nusocs-m|move: Tailwind\n|move|p2b: Garchomp|Earthquake|p1b: Venusaur|[spread] p1a,p1b\n|-immune|p2a: Aerodactyl\n|-damage|p1a: Sandaconda|72/100\n|-damage|p1b: Venusaur|68/100\n|-weather|Sandstorm|[from] ability: Sand Spit|[of] p1a: Sandaconda\n|move|p1b: Venusaur|Leech Seed|p2b: Garchomp\n|-start|p2b: Garchomp|move: Leech Seed\n|\n|-weather|Sandstorm|[upkeep]\n|-damage|p1b: Venusaur|62/100|[from] Sandstorm\n|-heal|p1a: Sandaconda|79/100|[from] item: Leftovers\n|-damage|p2b: Garchomp|88/100|[from] Leech Seed|[of] p1b: Venusaur\n|-heal|p1b: Venusaur|76/100|[silent]\n|upkeep\n|turn|2\n|\n|t:|1775992619\n|move|p2a: Aerodactyl|Dual Wingbeat|p1b: Venusaur\n|-supereffective|p1b: Venusaur|1\n|-damage|p1b: Venusaur|40/100\n|-supereffective|p1b: Venusaur|1\n|-damage|p1b: Venusaur|7/100\n|-hitcount|p1b: Venusaur|2\n|move|p2b: Garchomp|Dragon Claw|p1b: Venusaur\n|-damage|p1b: Venusaur|0 fnt\n|faint|p1b: Venusaur\n|move|p1a: Sandaconda|Glare|p2a: Aerodactyl\n|-status|p2a: Aerodactyl|par\n|\n|-weather|Sandstorm|[upkeep]\n|-heal|p1a: Sandaconda|85/100|[from] item: Leftovers\n|upkeep\n|\n|t:|1775992638\n|switch|p1b: Excadrill|Excadrill, L50, M|100/100\n|turn|3\n|\n|t:|1775992661\n|switch|p2a: Incineroar|Incineroar, L50, F|100/100\n|-ability|p2a: Incineroar|Intimidate|boost\n|-unboost|p1a: Sandaconda|atk|1\n|-unboost|p1b: Excadrill|atk|1\n|move|p1b: Excadrill|Iron Head|p2b: Garchomp\n|-damage|p2b: Garchomp|59/100\n|-damage|p1b: Excadrill|88/100|[from] ability: Rough Skin|[of] p2b: Garchomp\n|move|p2b: Garchomp|Earthquake|p1a: Sandaconda|[spread] p2a,p1a,p1b\n|-supereffective|p2a: Incineroar|1\n|-supereffective|p1b: Excadrill|1\n|-damage|p2a: Incineroar|31/100\n|-damage|p1a: Sandaconda|59/100\n|-damage|p1b: Excadrill|0 fnt\n|faint|p1b: Excadrill\n|move|p1a: Sandaconda|High Horsepower|p2b: Garchomp\n|-crit|p2b: Garchomp\n|-damage|p2b: Garchomp|0 fnt\n|-damage|p1a: Sandaconda|46/100|[from] ability: Rough Skin|[of] p2b: Garchomp\n|faint|p2b: Garchomp\n|\n|-weather|Sandstorm|[upkeep]\n|-damage|p2a: Incineroar|25/100|[from] Sandstorm\n|-heal|p1a: Sandaconda|52/100|[from] item: Leftovers\n|upkeep\n|\n|t:|1775992682\n|switch|p2b: Glimmora|Glimmora, L50, F|100/100\n|switch|p1b: Aerodactyl|Aerodactyl, L50, F|100/100\n|-ability|p1b: Aerodactyl|Pressure\n|turn|4\n|\n|t:|1775992721\n|detailschange|p2b: Glimmora|Glimmora-Mega, L50, F\n|-mega|p2b: Glimmora|Glimmora|Glimmoranite\n|move|p2a: Incineroar|Fake Out|p1b: Aerodactyl\n|-resisted|p1b: Aerodactyl|1\n|-damage|p1b: Aerodactyl|91/100\n|move|p2b: Glimmora|Power Gem|p1b: Aerodactyl\n|-supereffective|p1b: Aerodactyl|1\n|-damage|p1b: Aerodactyl|0 fnt\n|faint|p1b: Aerodactyl\n|move|p1a: Sandaconda|High Horsepower|p2b: Glimmora\n|-supereffective|p2b: Glimmora|2\n|-damage|p2b: Glimmora|0 fnt\n|faint|p2b: Glimmora\n|\n|-weather|Sandstorm|[upkeep]\n|-damage|p2a: Incineroar|19/100|[from] Sandstorm\n|-heal|p1a: Sandaconda|59/100|[from] item: Leftovers\n|-sideend|p2: nusocs-m|move: Tailwind\n|upkeep\n|\n|t:|1775992726\n|switch|p2b: Aerodactyl|Aerodactyl, L50, M|100/100 par\n|-ability|p2b: Aerodactyl|Unnerve\n|turn|5\n|\n|t:|1775992753\n|move|p1a: Sandaconda|Protect|p1a: Sandaconda\n|-singleturn|p1a: Sandaconda|Protect\n|move|p2a: Incineroar|Protect|p2a: Incineroar\n|-singleturn|p2a: Incineroar|Protect\n|move|p2b: Aerodactyl|Dual Wingbeat|p1a: Sandaconda\n|-activate|p1a: Sandaconda|move: Protect\n|\n|-weather|none\n|-heal|p1a: Sandaconda|65/100|[from] item: Leftovers\n|upkeep\n|turn|6\n|\n|t:|1775992770\n|move|p2b: Aerodactyl|Dual Wingbeat|p1a: Sandaconda\n|-damage|p1a: Sandaconda|52/100\n|-weather|Sandstorm|[from] ability: Sand Spit|[of] p1a: Sandaconda\n|-damage|p1a: Sandaconda|38/100\n|-hitcount|p1a: Sandaconda|2\n|move|p1a: Sandaconda|Body Press|p2b: Aerodactyl\n|-damage|p2b: Aerodactyl|55/100 par\n|move|p2a: Incineroar|Parting Shot|p1a: Sandaconda\n|-unboost|p1a: Sandaconda|atk|1\n|-unboost|p1a: Sandaconda|spa|1\n|\n|-weather|Sandstorm|[upkeep]\n|-damage|p2a: Incineroar|13/100|[from] Sandstorm\n|-heal|p1a: Sandaconda|44/100|[from] item: Leftovers\n|upkeep\n|turn|7\n|\n|t:|1775992793\n|move|p1a: Sandaconda|Protect|p1a: Sandaconda\n|-singleturn|p1a: Sandaconda|Protect\n|move|p2b: Aerodactyl|Dual Wingbeat|p1a: Sandaconda\n|-activate|p1a: Sandaconda|move: Protect\n|move|p2a: Incineroar|Flare Blitz|p1a: Sandaconda\n|-activate|p1a: Sandaconda|move: Protect\n|\n|-weather|Sandstorm|[upkeep]\n|-damage|p2a: Incineroar|7/100|[from] Sandstorm\n|-heal|p1a: Sandaconda|50/100|[from] item: Leftovers\n|upkeep\n|turn|8\n|\n|t:|1775992809\n|move|p2b: Aerodactyl|Dual Wingbeat|p1a: Sandaconda\n|-damage|p1a: Sandaconda|35/100\n|-damage|p1a: Sandaconda|20/100\n|-hitcount|p1a: Sandaconda|2\n|move|p1a: Sandaconda|Body Press|p2b: Aerodactyl\n|-damage|p2b: Aerodactyl|10/100 par\n|move|p2a: Incineroar|Flare Blitz|p1a: Sandaconda\n|-damage|p1a: Sandaconda|0 fnt\n|faint|p1a: Sandaconda\n|-damage|p2a: Incineroar|2/100|[from] Recoil\n|\n|win|nusocs-m\n|raw|klemenzza's rating: 1052 &rarr; <strong>1037</strong><br />(-15 for losing)\n|raw|nusocs-m's rating: 1112 &rarr; <strong>1133</strong><br />(+21 for winning)\n|c|\u2606nusocs-m|gg\n",
  "uploadtime": 1775992819,
  "views": 17,
  "formatid": "gen9championsvgc2026regma",
  "rating": 1037,
  "private": 0,
  "password": null
}