{
  "id": "gen9championsvgc2026regma-2584736615",
  "format": "[Gen 9 Champions] VGC 2026 Reg M-A",
  "players": [
    "Unova First",
    "catpotatt"
  ],
  "log": "|j|\u2606Unova First\n|j|\u2606catpotatt\n|t:|1776280068\n|gametype|doubles\n|player|p1|Unova First|drayton|1375\n|player|p2|catpotatt|roxie|1388\n|gen|9\n|tier|[Gen 9 Champions] VGC 2026 Reg M-A\n|rated|\n|rule|Species Clause: Limit one of each Pok\u00e9mon\n|rule|Item Clause: Limit 1 of each item\n|clearpoke\n|poke|p1|Floette-Eternal, L50, F|\n|poke|p1|Garchomp, L50, M|\n|poke|p1|Aerodactyl, L50, M|\n|poke|p1|Incineroar, L50, M|\n|poke|p1|Rotom-Wash, L50|\n|poke|p1|Sneasler, L50, F|\n|poke|p2|Basculegion, L50, M|\n|poke|p2|Floette-Eternal, L50, F|\n|poke|p2|Talonflame, L50, M|\n|poke|p2|Garchomp, L50, M|\n|poke|p2|Gardevoir, L50, M|\n|poke|p2|Rotom-Heat, L50|\n|teampreview|4\n|inactive|Battle timer is ON: inactive players will automatically lose when time's up. (requested by Unova First)\n|\n|t:|1776280093\n|teamsize|p1|4\n|teamsize|p2|4\n|start\n|switch|p1a: OG Sama|Aerodactyl, L50, M|100/100\n|switch|p1b: Nummies>:)|Rotom-Wash, L50|100/100\n|switch|p2a: Garchomp|Garchomp, L50, M|100/100\n|switch|p2b: Gardevoir|Gardevoir, L50, M|100/100\n|turn|1\n|\n|t:|1776280115\n|move|p1a: OG Sama|Protect|p1a: OG Sama\n|-singleturn|p1a: OG Sama|Protect\n|move|p1b: Nummies>:)|Will-O-Wisp|p2a: Garchomp\n|-status|p2a: Garchomp|brn\n|move|p2a: Garchomp|Dragon Claw|p1a: OG Sama\n|-activate|p1a: OG Sama|move: Protect\n|move|p2b: Gardevoir|Trick Room|p2b: Gardevoir\n|-fieldstart|move: Trick Room|[of] p2b: Gardevoir\n|\n|-damage|p2a: Garchomp|94/100 brn|[from] brn\n|upkeep\n|turn|2\n|\n|t:|1776280130\n|switch|p1b: LetsSmashBro|Incineroar, L50, M, shiny|100/100\n|-ability|p1b: LetsSmashBro|Intimidate|boost\n|-unboost|p2a: Garchomp|atk|1\n|-unboost|p2b: Gardevoir|atk|1\n|-enditem|p2a: Garchomp|White Herb\n|-clearnegativeboost|p2a: Garchomp|[silent]\n|move|p2b: Gardevoir|Moonblast|p1b: LetsSmashBro\n|-crit|p1b: LetsSmashBro\n|-damage|p1b: LetsSmashBro|38/100\n|-enditem|p1b: LetsSmashBro|Sitrus Berry|[eat]\n|-heal|p1b: LetsSmashBro|62/100|[from] item: Sitrus Berry\n|move|p2a: Garchomp|Dragon Claw|p1a: OG Sama\n|-damage|p1a: OG Sama|65/100\n|move|p1a: OG Sama|Rock Slide|p2a: Garchomp|[spread] p2a,p2b\n|-resisted|p2a: Garchomp|1\n|-damage|p2a: Garchomp|82/100 brn\n|-damage|p2b: Gardevoir|64/100\n|\n|-damage|p2a: Garchomp|76/100 brn|[from] brn\n|upkeep\n|turn|3\n|\n|t:|1776280146\n|move|p2b: Gardevoir|Protect|p2b: Gardevoir\n|-singleturn|p2b: Gardevoir|Protect\n|move|p2a: Garchomp|Protect|p2a: Garchomp\n|-singleturn|p2a: Garchomp|Protect\n|move|p1a: OG Sama|Protect|p1a: OG Sama\n|-singleturn|p1a: OG Sama|Protect\n|move|p1b: LetsSmashBro|Parting Shot|p2a: Garchomp\n|-activate|p2a: Garchomp|move: Protect\n|\n|-damage|p2a: Garchomp|70/100 brn|[from] brn\n|upkeep\n|turn|4\n|\n|t:|1776280156\n|switch|p1a: Nummies>:)|Rotom-Wash, L50|100/100\n|move|p1b: LetsSmashBro|Parting Shot|p2a: Garchomp\n|-unboost|p2a: Garchomp|atk|1\n|-unboost|p2a: Garchomp|spa|1\n|\n|t:|1776280161\n|switch|p1b: OG Sama|Aerodactyl, L50, M|65/100|[from] Parting Shot\n|move|p2b: Gardevoir|Moonblast|p1a: Nummies>:)\n|-damage|p1a: Nummies>:)|52/100\n|move|p2a: Garchomp|Stone Edge|p1b: OG Sama\n|-supereffective|p1b: OG Sama|1\n|-damage|p1b: OG Sama|24/100\n|\n|-damage|p2a: Garchomp|64/100 brn|[from] brn\n|upkeep\n|turn|5\n|\n|t:|1776280183\n|switch|p2a: Talonflame|Talonflame, L50, M|100/100\n|move|p1b: OG Sama|Protect|p1b: OG Sama\n|-singleturn|p1b: OG Sama|Protect\n|move|p2b: Gardevoir|Moonblast|p1a: Nummies>:)\n|-damage|p1a: Nummies>:)|7/100\n|move|p1a: Nummies>:)|Volt Switch|p2b: Gardevoir\n|-damage|p2b: Gardevoir|40/100\n|\n|t:|1776280190\n|switch|p1a: Flo State|Floette-Eternal, L50, F|100/100|[from] Volt Switch\n|\n|-fieldend|move: Trick Room\n|upkeep\n|turn|6\n|inactive|catpotatt has 30 seconds left.\n|inactive|catpotatt has 20 seconds left.\n|\n|t:|1776280226\n|switch|p1b: LetsSmashBro|Incineroar, L50, M, shiny|62/100\n|-ability|p1b: LetsSmashBro|Intimidate|boost\n|-unboost|p2a: Talonflame|atk|1\n|-unboost|p2b: Gardevoir|atk|1\n|detailschange|p1a: Flo State|Floette-Mega, L50, F\n|-mega|p1a: Flo State|Floette|Floettite\n|-ability|p1a: Flo State|Fairy Aura\n|move|p2a: Talonflame|Tailwind|p2a: Talonflame\n|-sidestart|p2: catpotatt|move: Tailwind\n|move|p2b: Gardevoir|Moonblast|p1b: LetsSmashBro\n|-damage|p1b: LetsSmashBro|6/100\n|move|p1a: Flo State|Calm Mind|p1a: Flo State\n|-boost|p1a: Flo State|spa|1\n|-boost|p1a: Flo State|spd|1\n|\n|upkeep\n|turn|7\n|inactive|catpotatt has 30 seconds left.\n|\n|t:|1776280254\n|move|p1b: LetsSmashBro|Fake Out|p2a: Talonflame\n|-damage|p2a: Talonflame|82/100\n|cant|p2a: Talonflame|flinch\n|move|p2b: Gardevoir|Moonblast|p1b: LetsSmashBro\n|-damage|p1b: LetsSmashBro|0 fnt\n|faint|p1b: LetsSmashBro\n|move|p1a: Flo State|Dazzling Gleam|p2a: Talonflame|[spread] p2a,p2b\n|-resisted|p2a: Talonflame|1\n|-damage|p2a: Talonflame|24/100\n|-damage|p2b: Gardevoir|0 fnt\n|faint|p2b: Gardevoir\n|\n|upkeep\n|\n|t:|1776280262\n|switch|p2b: Basculegion|Basculegion, L50, M|100/100\n|switch|p1b: Nummies>:)|Rotom-Wash, L50|7/100\n|turn|8\n|inactive|catpotatt has 30 seconds left.\n|\n|t:|1776280288\n|move|p2b: Basculegion|Flip Turn|p1a: Flo State\n|-damage|p1a: Flo State|59/100\n|\n|t:|1776280291\n|switch|p2b: Garchomp|Garchomp, L50, M|64/100 brn|[from] Flip Turn\n|move|p2a: Talonflame|Overheat|p1b: Nummies>:)\n|-resisted|p1b: Nummies>:)|1\n|-damage|p1b: Nummies>:)|0 fnt\n|-unboost|p2a: Talonflame|spa|2\n|faint|p1b: Nummies>:)\n|move|p1a: Flo State|Moonblast|p2b: Garchomp\n|-supereffective|p2b: Garchomp|1\n|-damage|p2b: Garchomp|0 fnt\n|faint|p2b: Garchomp\n|\n|upkeep\n|\n|t:|1776280297\n|switch|p2b: Basculegion|Basculegion, L50, M|100/100\n|switch|p1b: OG Sama|Aerodactyl, L50, M|24/100\n|turn|9\n|inactive|catpotatt has 30 seconds left.\n|inactive|catpotatt has 20 seconds left.\n|\n|t:|1776280333\n|move|p1b: OG Sama|Protect|p1b: OG Sama\n|-singleturn|p1b: OG Sama|Protect\n|move|p1a: Flo State|Protect|p1a: Flo State\n|-singleturn|p1a: Flo State|Protect\n|move|p2b: Basculegion|Last Respects|p1a: Flo State\n|-activate|p1a: Flo State|move: Protect\n|move|p2a: Talonflame|Dual Wingbeat|p1b: OG Sama\n|-activate|p1b: OG Sama|move: Protect\n|\n|-sideend|p2: catpotatt|move: Tailwind\n|upkeep\n|turn|10\n|\n|t:|1776280357\n|move|p2b: Basculegion|Last Respects|p1a: Flo State\n|-damage|p1a: Flo State|0 fnt\n|faint|p1a: Flo State\n|move|p1b: OG Sama|Tailwind|p1b: OG Sama\n|-sidestart|p1: Unova First|move: Tailwind\n|move|p2a: Talonflame|Tailwind|p2a: Talonflame\n|-sidestart|p2: catpotatt|move: Tailwind\n|\n|upkeep\n|turn|11\n|\n|t:|1776280364\n|move|p2b: Basculegion|Last Respects|p1b: OG Sama\n|-damage|p1b: OG Sama|0 fnt\n|faint|p1b: OG Sama\n|\n|win|catpotatt\n|raw|Unova First's rating: 1375 &rarr; <strong>1356</strong><br />(-19 for losing)\n|raw|catpotatt's rating: 1388 &rarr; <strong>1407</strong><br />(+19 for winning)\n|l|\u2606Unova First\n|player|p1|\n|c|\u2606catpotatt|gg\n",
  "uploadtime": 1776280371,
  "views": 42,
  "formatid": "gen9championsvgc2026regma",
  "rating": 1356,
  "private": 0,
  "password": null
}