{
  "id": "gen9championsvgc2026regma-2582161199",
  "format": "[Gen 9 Champions] VGC 2026 Reg M-A",
  "players": [
    "GodPig.cn",
    "labaladecos"
  ],
  "log": "|j|\u2606GodPig.cn\n|j|\u2606labaladecos\n|t:|1776065817\n|gametype|doubles\n|player|p1|GodPig.cn|102|1076\n|player|p2|labaladecos|hugh|1114\n|gen|9\n|tier|[Gen 9 Champions] VGC 2026 Reg M-A\n|rated|\n|rule|Species Clause: Limit one of each Pok\u00e9mon\n|rule|Item Clause: Limit 1 of each item\n|clearpoke\n|poke|p1|Gengar, L50, F|\n|poke|p1|Kommo-o, L50, M|\n|poke|p1|Incineroar, L50, M|\n|poke|p1|Maushold, L50|\n|poke|p1|Pelipper, L50, F|\n|poke|p1|Sinistcha, L50|\n|poke|p2|Charizard, L50, M|\n|poke|p2|Whimsicott, L50, F|\n|poke|p2|Kingambit, L50, F|\n|poke|p2|Garchomp, L50, F|\n|poke|p2|Incineroar, L50, M|\n|poke|p2|Sneasler, L50, M|\n|teampreview|4\n|inactive|Battle timer is ON: inactive players will automatically lose when time's up. (requested by GodPig.cn)\n|\n|t:|1776065883\n|teamsize|p1|4\n|teamsize|p2|4\n|start\n|switch|p1a: Gengar|Gengar, L50, F, shiny|100/100\n|switch|p1b: Kommo-o|Kommo-o, L50, M|100/100\n|switch|p2a: Garchomp|Garchomp, L50, F|100/100\n|switch|p2b: Charizard|Charizard, L50, M, shiny|100/100\n|turn|1\n|inactive|GodPig.cn has 30 seconds left.\n|\n|t:|1776065911\n|detailschange|p1a: Gengar|Gengar-Mega, L50, F, shiny\n|-mega|p1a: Gengar|Gengar|Gengarite\n|detailschange|p2b: Charizard|Charizard-Mega-Y, L50, M, shiny\n|-mega|p2b: Charizard|Charizard|Charizardite Y\n|-weather|SunnyDay|[from] ability: Drought|[of] p2b: Charizard\n|move|p1a: Gengar|Protect|p1a: Gengar\n|-singleturn|p1a: Gengar|Protect\n|move|p1b: Kommo-o|Protect|p1b: Kommo-o\n|-singleturn|p1b: Kommo-o|Protect\n|move|p2a: Garchomp|Earthquake|p1b: Kommo-o|[spread] \n|-activate|p1a: Gengar|move: Protect\n|-activate|p1b: Kommo-o|move: Protect\n|-immune|p2b: Charizard\n|move|p2b: Charizard|Heat Wave|p1a: Gengar|[spread] \n|-activate|p1a: Gengar|move: Protect\n|-activate|p1b: Kommo-o|move: Protect\n|\n|-weather|SunnyDay|[upkeep]\n|upkeep\n|turn|2\n|\n|t:|1776065932\n|switch|p1a: Pelipper|Pelipper, L50, F|100/100\n|-weather|RainDance|[from] ability: Drizzle|[of] p1a: Pelipper\n|move|p2a: Garchomp|Earthquake|p1a: Pelipper|[spread] p1b\n|-immune|p2b: Charizard\n|-immune|p1a: Pelipper\n|-damage|p1b: Kommo-o|66/100\n|move|p2b: Charizard|Heat Wave|p1a: Pelipper|[spread] p1a,p1b\n|-resisted|p1a: Pelipper|1\n|-resisted|p1b: Kommo-o|1\n|-damage|p1a: Pelipper|84/100\n|-damage|p1b: Kommo-o|57/100\n|move|p1b: Kommo-o|Clangorous Soul|p1b: Kommo-o\n|-boost|p1b: Kommo-o|atk|1\n|-boost|p1b: Kommo-o|def|1\n|-boost|p1b: Kommo-o|spa|1\n|-boost|p1b: Kommo-o|spd|1\n|-boost|p1b: Kommo-o|spe|1\n|-damage|p1b: Kommo-o|24/100\n|\n|-weather|RainDance|[upkeep]\n|-heal|p1b: Kommo-o|31/100|[from] item: Leftovers\n|upkeep\n|turn|3\n|inactive|GodPig.cn has 30 seconds left.\n|inactive|labaladecos has 30 seconds left.\n|inactive|labaladecos has 20 seconds left.\n|inactive|labaladecos has 15 seconds left.\n|\n|t:|1776065976\n|switch|p1a: Sinistcha|Sinistcha, L50|100/100\n|-heal|p1b: Kommo-o|56/100|[from] ability: Hospitality|[of] p1a: Sinistcha\n|move|p2b: Charizard|Protect|p2b: Charizard\n|-singleturn|p2b: Charizard|Protect\n|move|p2a: Garchomp|Earthquake|p1b: Kommo-o|[spread] p1a,p1b\n|-activate|p2b: Charizard|move: Protect\n|-resisted|p1a: Sinistcha|1\n|-damage|p1a: Sinistcha|79/100\n|-damage|p1b: Kommo-o|30/100\n|move|p1b: Kommo-o|Clangorous Soul||[still]\n|-fail|p1b: Kommo-o\n|\n|-weather|RainDance|[upkeep]\n|-heal|p1b: Kommo-o|36/100|[from] item: Leftovers\n|upkeep\n|turn|4\n|inactive|labaladecos has 30 seconds left.\n|inactive|labaladecos has 20 seconds left.\n|\n|t:|1776066011\n|move|p2a: Garchomp|Earthquake|p1a: Sinistcha|[spread] p1a,p1b\n|-immune|p2b: Charizard\n|-resisted|p1a: Sinistcha|1\n|-damage|p1a: Sinistcha|59/100\n|-damage|p1b: Kommo-o|14/100\n|move|p1b: Kommo-o|Clanging Scales|p2b: Charizard|[spread] p2a,p2b\n|-supereffective|p2a: Garchomp|1\n|-damage|p2a: Garchomp|6/100\n|-damage|p2b: Charizard|50/100\n|-unboost|p1b: Kommo-o|def|1\n|move|p2b: Charizard|Weather Ball|p1b: Kommo-o\n|-resisted|p1b: Kommo-o|1\n|-damage|p1b: Kommo-o|0 fnt\n|faint|p1b: Kommo-o\n|move|p1a: Sinistcha|Life Dew|p1a: Sinistcha\n|-heal|p1a: Sinistcha|84/100\n|\n|-weather|RainDance|[upkeep]\n|upkeep\n|\n|t:|1776066028\n|switch|p1b: Gengar|Gengar-Mega, L50, F, shiny|100/100\n|turn|5\n|\n|t:|1776066040\n|move|p2b: Charizard|Protect|p2b: Charizard\n|-singleturn|p2b: Charizard|Protect\n|move|p2a: Garchomp|Earthquake|p1a: Sinistcha|[spread] p1a,p1b\n|-activate|p2b: Charizard|move: Protect\n|-resisted|p1a: Sinistcha|1\n|-supereffective|p1b: Gengar|1\n|-damage|p1a: Sinistcha|66/100\n|-damage|p1b: Gengar|0 fnt\n|faint|p1b: Gengar\n|move|p1a: Sinistcha|Life Dew|p1a: Sinistcha\n|-heal|p1a: Sinistcha|91/100\n|\n|-weather|RainDance|[upkeep]\n|upkeep\n|-message|GodPig.cn forfeited.\n|\n|win|labaladecos\n|raw|GodPig.cn's rating: 1076 &rarr; <strong>1057</strong><br />(-19 for losing)\n|raw|labaladecos's rating: 1114 &rarr; <strong>1136</strong><br />(+22 for winning)\n|l|\u2606GodPig.cn\n|player|p1|\n",
  "uploadtime": 1776066054,
  "views": 18,
  "formatid": "gen9championsvgc2026regma",
  "rating": 1057,
  "private": 0,
  "password": null
}