{
  "id": "gen9championsvgc2026regma-2581216081",
  "format": "[Gen 9 Champions] VGC 2026 Reg M-A",
  "players": [
    "MakoGP",
    "TwiLITEskies"
  ],
  "log": "|j|\u2606MakoGP\n|j|\u2606TwiLITEskies\n|t:|1775971877\n|gametype|doubles\n|player|p1|MakoGP|elesa-masters2|1107\n|player|p2|TwiLITEskies|169|1057\n|gen|9\n|tier|[Gen 9 Champions] VGC 2026 Reg M-A\n|rated|\n|rule|Species Clause: Limit one of each Pok\u00e9mon\n|rule|Item Clause: Limit 1 of each item\n|clearpoke\n|poke|p1|Tyranitar, L50, M|\n|poke|p1|Excadrill, L50, F|\n|poke|p1|Delphox, L50, F|\n|poke|p1|Rotom-Wash, L50|\n|poke|p1|Conkeldurr, L50, F|\n|poke|p1|Sinistcha, L50|\n|poke|p2|Aurorus, L50, M|\n|poke|p2|Maushold-Four, L50|\n|poke|p2|Slowking, L50, M|\n|poke|p2|Crabominable, L50, M|\n|poke|p2|Abomasnow, L50, M|\n|poke|p2|Forretress, L50, F|\n|teampreview|4\n|inactive|Battle timer is ON: inactive players will automatically lose when time's up. (requested by MakoGP)\n|\n|t:|1775971933\n|teamsize|p1|4\n|teamsize|p2|4\n|start\n|switch|p1a: Sand Chud|Tyranitar, L50, M|100/100\n|switch|p1b: Sand Foid|Excadrill, L50, F|100/100\n|switch|p2a: Slowking|Slowking, L50, M|100/100\n|switch|p2b: Maushold|Maushold-Four, L50|100/100\n|-weather|Sandstorm|[from] ability: Sand Stream|[of] p1a: Sand Chud\n|turn|1\n|\n|t:|1775971954\n|move|p1a: Sand Chud|Protect|p1a: Sand Chud\n|-singleturn|p1a: Sand Chud|Protect\n|move|p2b: Maushold|Follow Me|p2b: Maushold\n|-singleturn|p2b: Maushold|move: Follow Me\n|move|p1b: Sand Foid|Earthquake|p2a: Slowking|[spread] p2a,p2b\n|-activate|p1a: Sand Chud|move: Protect\n|-damage|p2a: Slowking|73/100\n|-damage|p2b: Maushold|31/100\n|move|p2a: Slowking|Trick Room|p2a: Slowking\n|-fieldstart|move: Trick Room|[of] p2a: Slowking\n|\n|-weather|Sandstorm|[upkeep]\n|-damage|p2a: Slowking|67/100|[from] Sandstorm\n|-damage|p2b: Maushold|25/100|[from] Sandstorm\n|upkeep\n|turn|2\n|inactive|MakoGP has 30 seconds left.\n|\n|t:|1775971986\n|-prepare|p2a: Slowking|Chilly Reception|[premajor]\n|move|p2a: Slowking|Chilly Reception|p2a: Slowking\n|-weather|Snowscape\n|\n|t:|1775971992\n|switch|p2a: Aurorus|Aurorus, L50, M|100/100|[from] Chilly Reception\n|move|p1a: Sand Chud|Rock Slide|p2b: Maushold|[spread] p2a,p2b\n|-supereffective|p2a: Aurorus|1\n|-damage|p2a: Aurorus|73/100\n|-damage|p2b: Maushold|0 fnt\n|faint|p2b: Maushold\n|move|p1b: Sand Foid|High Horsepower|p2a: Aurorus\n|-supereffective|p2a: Aurorus|1\n|-damage|p2a: Aurorus|0 fnt\n|faint|p2a: Aurorus\n|\n|-weather|Snowscape|[upkeep]\n|upkeep\n|\n|t:|1775972007\n|switch|p2a: Slowking|Slowking, L50, M|67/100\n|switch|p2b: Crabominable|Crabominable, L50, M|100/100\n|turn|3\n|\n|t:|1775972024\n|switch|p1a: Goilla|Conkeldurr, L50, F|100/100\n|detailschange|p2b: Crabominable|Crabominable-Mega, L50, M\n|-mega|p2b: Crabominable|Crabominable|Crabominite\n|move|p2b: Crabominable|Protect|p2b: Crabominable\n|-singleturn|p2b: Crabominable|Protect\n|move|p2a: Slowking|Reflect|p2a: Slowking\n|-sidestart|p2: TwiLITEskies|Reflect\n|move|p1b: Sand Foid|Earthquake|p2b: Crabominable|[spread] p1a,p2a\n|-activate|p2b: Crabominable|move: Protect\n|-damage|p1a: Goilla|61/100\n|-damage|p2a: Slowking|43/100\n|\n|-weather|Snowscape|[upkeep]\n|upkeep\n|turn|4\n|inactive|MakoGP has 30 seconds left.\n|inactive|MakoGP has 20 seconds left.\n|inactive|TwiLITEskies has 30 seconds left.\n|\n|t:|1775972073\n|move|p2a: Slowking|Psychic|p1a: Goilla\n|-supereffective|p1a: Goilla|1\n|-damage|p1a: Goilla|0 fnt\n|faint|p1a: Goilla\n|move|p2b: Crabominable|Close Combat|p1b: Sand Foid\n|-supereffective|p1b: Sand Foid|1\n|-enditem|p1b: Sand Foid|Focus Sash\n|-damage|p1b: Sand Foid|1/100\n|-unboost|p2b: Crabominable|def|1\n|-unboost|p2b: Crabominable|spd|1\n|move|p1b: Sand Foid|High Horsepower|p2b: Crabominable\n|-damage|p2b: Crabominable|71/100\n|\n|-weather|Snowscape|[upkeep]\n|upkeep\n|\n|t:|1775972088\n|switch|p1a: Sand Chud|Tyranitar, L50, M|100/100\n|-weather|Sandstorm|[from] ability: Sand Stream|[of] p1a: Sand Chud\n|turn|5\n|\n|t:|1775972104\n|move|p1a: Sand Chud|Protect|p1a: Sand Chud\n|-singleturn|p1a: Sand Chud|Protect\n|move|p1b: Sand Foid|Protect|p1b: Sand Foid\n|-singleturn|p1b: Sand Foid|Protect\n|move|p2a: Slowking|Psychic|p1b: Sand Foid\n|-activate|p1b: Sand Foid|move: Protect\n|move|p2b: Crabominable|Close Combat|p1a: Sand Chud\n|-activate|p1a: Sand Chud|move: Protect\n|\n|-weather|Sandstorm|[upkeep]\n|-damage|p2a: Slowking|37/100|[from] Sandstorm\n|-damage|p2b: Crabominable|65/100|[from] Sandstorm\n|-fieldend|move: Trick Room\n|upkeep\n|turn|6\n|inactive|MakoGP has 30 seconds left.\n|\n|t:|1775972139\n|move|p2b: Crabominable|Protect|p2b: Crabominable\n|-singleturn|p2b: Crabominable|Protect\n|move|p1b: Sand Foid|Iron Head|p2b: Crabominable\n|-activate|p2b: Crabominable|move: Protect\n|move|p1a: Sand Chud|Knock Off|p2a: Slowking\n|-supereffective|p2a: Slowking|1\n|-enditem|p2a: Slowking|Colbur Berry|[eat]\n|-enditem|p2a: Slowking|Colbur Berry|[weaken]\n|-damage|p2a: Slowking|11/100\n|-prepare|p2a: Slowking|Chilly Reception|[premajor]\n|move|p2a: Slowking|Chilly Reception|p2a: Slowking\n|-weather|Snowscape\n|\n|-weather|Snowscape|[upkeep]\n|upkeep\n|turn|7\n|\n|t:|1775972160\n|detailschange|p1a: Sand Chud|Tyranitar-Mega, L50, M\n|-mega|p1a: Sand Chud|Tyranitar|Tyranitarite\n|-weather|Sandstorm|[from] ability: Sand Stream|[of] p1a: Sand Chud\n|move|p1a: Sand Chud|Protect|p1a: Sand Chud\n|-singleturn|p1a: Sand Chud|Protect\n|move|p1b: Sand Foid|Earthquake|p2a: Slowking|[spread] p2a,p2b\n|-activate|p1a: Sand Chud|move: Protect\n|-damage|p2a: Slowking|0 fnt\n|-damage|p2b: Crabominable|30/100\n|faint|p2a: Slowking\n|move|p2b: Crabominable|Close Combat|p1a: Sand Chud\n|-activate|p1a: Sand Chud|move: Protect\n|\n|-weather|Sandstorm|[upkeep]\n|-damage|p2b: Crabominable|24/100|[from] Sandstorm\n|-sideend|p2: TwiLITEskies|Reflect\n|upkeep\n|turn|8\n|-message|TwiLITEskies forfeited.\n|\n|win|MakoGP\n|raw|MakoGP's rating: 1107 &rarr; <strong>1128</strong><br />(+21 for winning)\n|raw|TwiLITEskies's rating: 1057 &rarr; <strong>1041</strong><br />(-16 for losing)\n|l|\u2606TwiLITEskies\n|player|p2|\n",
  "uploadtime": 1775972202,
  "views": 11,
  "formatid": "gen9championsvgc2026regma",
  "rating": 1041,
  "private": 0,
  "password": null
}