{
  "id": "gen9championsvgc2026regma-2583309464",
  "format": "[Gen 9 Champions] VGC 2026 Reg M-A",
  "players": [
    "dugongyyy",
    "kydr"
  ],
  "log": "|j|\u2606dugongyyy\n|j|\u203dkydr\n|t:|1776165576\n|gametype|doubles\n|player|p1|dugongyyy|n-masters|1161\n|player|p2|kydr|170|1234\n|gen|9\n|tier|[Gen 9 Champions] VGC 2026 Reg M-A\n|rated|\n|rule|Species Clause: Limit one of each Pok\u00e9mon\n|rule|Item Clause: Limit 1 of each item\n|clearpoke\n|poke|p1|Greninja-*, L50, M|\n|poke|p1|Floette-Eternal, L50, F|\n|poke|p1|Aerodactyl, L50, F|\n|poke|p1|Garchomp, L50, F|\n|poke|p1|Maushold-Four, L50|\n|poke|p1|Incineroar, L50, M|\n|poke|p2|Incineroar, L50, M|\n|poke|p2|Dragapult, L50, F|\n|poke|p2|Charizard, L50, M|\n|poke|p2|Hydreigon, L50, M|\n|poke|p2|Snorlax, L50, M|\n|poke|p2|Tsareena, L50, F|\n|teampreview|4\n|\n|t:|1776165635\n|teamsize|p1|4\n|teamsize|p2|4\n|start\n|switch|p1a: Aerodactyl|Aerodactyl, L50, F|100/100\n|switch|p1b: Incineroar|Incineroar, L50, M, shiny|100/100\n|switch|p2a: Hydreigon|Hydreigon, L50, M|100/100\n|switch|p2b: Snorlax|Snorlax, L50, M|100/100\n|-ability|p1a: Aerodactyl|Unnerve\n|-ability|p1b: Incineroar|Intimidate|boost\n|-unboost|p2a: Hydreigon|atk|1\n|-unboost|p2b: Snorlax|atk|1\n|turn|1\n|\n|t:|1776165676\n|switch|p2a: Incineroar|Incineroar, L50, M|100/100\n|-ability|p2a: Incineroar|Intimidate|boost\n|-unboost|p1a: Aerodactyl|atk|1\n|-unboost|p1b: Incineroar|atk|1\n|move|p2b: Snorlax|Protect|p2b: Snorlax\n|-singleturn|p2b: Snorlax|Protect\n|move|p1a: Aerodactyl|Tailwind|p1a: Aerodactyl\n|-sidestart|p1: dugongyyy|move: Tailwind\n|move|p1b: Incineroar|Parting Shot|p2a: Incineroar\n|-unboost|p2a: Incineroar|atk|1\n|-unboost|p2a: Incineroar|spa|1\n|\n|t:|1776165688\n|switch|p1b: Floette|Floette-Eternal, L50, F|100/100|[from] Parting Shot\n|\n|upkeep\n|turn|2\n|\n|t:|1776165725\n|move|p1b: Floette|Protect|p1b: Floette\n|-singleturn|p1b: Floette|Protect\n|move|p2a: Incineroar|Fake Out|p1b: Floette\n|-activate|p1b: Floette|move: Protect\n|move|p1a: Aerodactyl|Rock Slide|p2a: Incineroar|[spread] p2a,p2b\n|-supereffective|p2a: Incineroar|1\n|-damage|p2a: Incineroar|73/100\n|-damage|p2b: Snorlax|90/100\n|move|p2b: Snorlax|Stockpile|p2b: Snorlax\n|-start|p2b: Snorlax|stockpile1\n|-boost|p2b: Snorlax|def|1\n|-boost|p2b: Snorlax|spd|1\n|\n|-heal|p2b: Snorlax|96/100|[from] item: Leftovers\n|upkeep\n|turn|3\n|\n|t:|1776165747\n|switch|p1a: Maushold|Maushold-Four, L50|100/100\n|detailschange|p1b: Floette|Floette-Mega, L50, F\n|-mega|p1b: Floette|Floette|Floettite\n|-ability|p1b: Floette|Fairy Aura\n|move|p1b: Floette|Calm Mind|p1b: Floette\n|-boost|p1b: Floette|spa|1\n|-boost|p1b: Floette|spd|1\n|move|p2a: Incineroar|Parting Shot|p1b: Floette\n|-unboost|p1b: Floette|atk|1\n|-unboost|p1b: Floette|spa|1\n|\n|t:|1776165759\n|switch|p2a: Dragapult|Dragapult, L50, F|100/100|[from] Parting Shot\n|move|p2b: Snorlax|Body Press|p1a: Maushold\n|-supereffective|p1a: Maushold|1\n|-enditem|p1a: Maushold|Chople Berry|[eat]\n|-enditem|p1a: Maushold|Chople Berry|[weaken]\n|-damage|p1a: Maushold|62/100\n|\n|-heal|p2b: Snorlax|100/100|[from] item: Leftovers\n|upkeep\n|turn|4\n|\n|t:|1776165794\n|switch|p2a: Incineroar|Incineroar, L50, M|73/100\n|-ability|p2a: Incineroar|Intimidate|boost\n|-unboost|p1a: Maushold|atk|1\n|-unboost|p1b: Floette|atk|1\n|move|p1a: Maushold|Super Fang|p2b: Snorlax\n|-damage|p2b: Snorlax|51/100\n|move|p1b: Floette|Calm Mind|p1b: Floette\n|-boost|p1b: Floette|spa|1\n|-boost|p1b: Floette|spd|1\n|move|p2b: Snorlax|Body Press|p1a: Maushold\n|-supereffective|p1a: Maushold|1\n|-damage|p1a: Maushold|0 fnt\n|faint|p1a: Maushold\n|\n|-heal|p2b: Snorlax|57/100|[from] item: Leftovers\n|-sideend|p1: dugongyyy|move: Tailwind\n|upkeep\n|\n|t:|1776165818\n|switch|p1a: Aerodactyl|Aerodactyl, L50, F|100/100\n|-ability|p1a: Aerodactyl|Unnerve\n|turn|5\n|\n|t:|1776165840\n|move|p2a: Incineroar|Fake Out|p1b: Floette\n|-damage|p1b: Floette|87/100\n|move|p1a: Aerodactyl|Tailwind|p1a: Aerodactyl\n|-sidestart|p1: dugongyyy|move: Tailwind\n|cant|p1b: Floette|flinch\n|move|p2b: Snorlax|Stockpile|p2b: Snorlax\n|-start|p2b: Snorlax|stockpile2\n|-boost|p2b: Snorlax|def|1\n|-boost|p2b: Snorlax|spd|1\n|\n|-heal|p2b: Snorlax|63/100|[from] item: Leftovers\n|upkeep\n|turn|6\n|\n|t:|1776165858\n|move|p1a: Aerodactyl|Rock Slide|p2b: Snorlax|[spread] p2a,p2b\n|-supereffective|p2a: Incineroar|1\n|-damage|p2a: Incineroar|34/100\n|-damage|p2b: Snorlax|55/100\n|move|p1b: Floette|Moonblast|p2b: Snorlax\n|-damage|p2b: Snorlax|18/100\n|cant|p2a: Incineroar|flinch\n|cant|p2b: Snorlax|flinch\n|\n|-heal|p2b: Snorlax|24/100|[from] item: Leftovers\n|upkeep\n|turn|7\n|-message|kydr forfeited.\n|\n|win|dugongyyy\n|raw|dugongyyy's rating: 1161 &rarr; <strong>1191</strong><br />(+30 for winning)\n|raw|kydr's rating: 1234 &rarr; <strong>1204</strong><br />(-30 for losing)\n|l|\u203dkydr\n|player|p2|\n",
  "uploadtime": 1776165870,
  "views": 15,
  "formatid": "gen9championsvgc2026regma",
  "rating": 1191,
  "private": 0,
  "password": null
}