{
  "id": "gen9championsvgc2026regma-2586199901",
  "format": "[Gen 9 Champions] VGC 2026 Reg M-A",
  "players": [
    "roofslayer",
    "caustic soda"
  ],
  "log": "|j|\u2606roofslayer\n|j|\u2606caustic soda\n|t:|1776411560\n|gametype|doubles\n|player|p1|roofslayer|101|1190\n|player|p2|caustic soda|1|1260\n|gen|9\n|tier|[Gen 9 Champions] VGC 2026 Reg M-A\n|rated|\n|rule|Species Clause: Limit one of each Pok\u00e9mon\n|rule|Item Clause: Limit 1 of each item\n|clearpoke\n|poke|p1|Pelipper, L50, M|\n|poke|p1|Meganium, L50, F|\n|poke|p1|Archaludon, L50, F|\n|poke|p1|Farigiraf, L50, F|\n|poke|p1|Golurk, L50|\n|poke|p1|Drampa, L50, M|\n|poke|p2|Tyranitar, L50, F|\n|poke|p2|Excadrill, L50, M|\n|poke|p2|Garchomp, L50, F|\n|poke|p2|Aerodactyl, L50, M|\n|poke|p2|Gardevoir, L50, F|\n|poke|p2|Incineroar, L50, F|\n|teampreview|4\n|\n|t:|1776411628\n|teamsize|p1|4\n|teamsize|p2|4\n|start\n|switch|p1a: Farigiraf|Farigiraf, L50, F|100/100\n|switch|p1b: Drampa|Drampa, L50, M|100/100\n|switch|p2a: Tyranitar|Tyranitar, L50, F|100/100\n|switch|p2b: Aerodactyl|Aerodactyl, L50, M|100/100\n|-ability|p2b: Aerodactyl|Unnerve\n|-weather|Sandstorm|[from] ability: Sand Stream|[of] p2a: Tyranitar\n|-ability|p1b: Drampa|Cloud Nine\n|turn|1\n|\n|t:|1776411654\n|move|p2b: Aerodactyl|Rock Slide|p1b: Drampa|[spread] p1a,p1b\n|-damage|p1a: Farigiraf|80/100\n|-damage|p1b: Drampa|80/100\n|move|p2a: Tyranitar|Knock Off|p1a: Farigiraf\n|-supereffective|p1a: Farigiraf|1\n|-damage|p1a: Farigiraf|0 fnt\n|-enditem|p1a: Farigiraf|Mental Herb|[from] move: Knock Off|[of] p2a: Tyranitar\n|faint|p1a: Farigiraf\n|move|p1b: Drampa|Glare|p2b: Aerodactyl\n|-status|p2b: Aerodactyl|par\n|-enditem|p2b: Aerodactyl|Lum Berry|[eat]\n|-curestatus|p2b: Aerodactyl|par|[msg]\n|\n|-weather|Sandstorm|[upkeep]\n|upkeep\n|\n|t:|1776411669\n|switch|p1a: Archaludon|Archaludon, L50, F|100/100\n|turn|2\n|\n|t:|1776411687\n|move|p1b: Drampa|Helping Hand|p1a: Archaludon\n|-singleturn|p1a: Archaludon|Helping Hand|[of] p1b: Drampa\n|move|p2b: Aerodactyl|Dual Wingbeat|p1b: Drampa\n|-damage|p1b: Drampa|64/100\n|-damage|p1b: Drampa|49/100\n|-hitcount|p1b: Drampa|2\n|move|p1a: Archaludon|Flash Cannon|p2a: Tyranitar\n|-supereffective|p2a: Tyranitar|1\n|-damage|p2a: Tyranitar|0 fnt\n|faint|p2a: Tyranitar\n|\n|-weather|Sandstorm|[upkeep]\n|upkeep\n|\n|t:|1776411693\n|switch|p2a: Gardevoir|Gardevoir, L50, F|100/100\n|turn|3\n|inactive|Battle timer is ON: inactive players will automatically lose when time's up. (requested by roofslayer)\n|\n|t:|1776411724\n|switch|p2b: Excadrill|Excadrill, L50, M|100/100\n|move|p2a: Gardevoir|Protect|p2a: Gardevoir\n|-singleturn|p2a: Gardevoir|Protect\n|move|p1a: Archaludon|Flash Cannon|p2b: Excadrill\n|-resisted|p2b: Excadrill|1\n|-damage|p2b: Excadrill|72/100\n|move|p1b: Drampa|Glare|p2a: Gardevoir\n|-activate|p2a: Gardevoir|move: Protect\n|\n|-weather|Sandstorm|[upkeep]\n|upkeep\n|turn|4\n|\n|t:|1776411740\n|move|p2a: Gardevoir|Moonblast|p1a: Archaludon\n|-damage|p1a: Archaludon|44/100\n|-ability|p1a: Archaludon|Stamina|boost\n|-boost|p1a: Archaludon|def|1\n|move|p2b: Excadrill|Earthquake|p1a: Archaludon|[spread] p1a,p1b\n|-activate|p2a: Gardevoir|ability: Telepathy\n|-supereffective|p1a: Archaludon|1\n|-damage|p1a: Archaludon|0 fnt\n|-damage|p1b: Drampa|13/100\n|faint|p1a: Archaludon\n|move|p1b: Drampa|Heat Wave|p2b: Excadrill|[spread] p2a,p2b\n|-supereffective|p2b: Excadrill|1\n|-damage|p2a: Gardevoir|75/100\n|-damage|p2b: Excadrill|16/100\n|-status|p2b: Excadrill|brn\n|\n|-weather|Sandstorm|[upkeep]\n|-damage|p2b: Excadrill|10/100 brn|[from] brn\n|upkeep\n|\n|t:|1776411751\n|switch|p1a: Meganium|Meganium, L50, F|100/100\n|turn|5\n|\n|t:|1776411766\n|detailschange|p2a: Gardevoir|Gardevoir-Mega, L50, F\n|-mega|p2a: Gardevoir|Gardevoir|Gardevoirite\n|detailschange|p1a: Meganium|Meganium-Mega, L50, F\n|-mega|p1a: Meganium|Meganium|Meganiumite\n|move|p2a: Gardevoir|Hyper Voice|p1a: Meganium|[spread] p1a,p1b\n|-supereffective|p1b: Drampa|1\n|-damage|p1a: Meganium|57/100\n|-damage|p1b: Drampa|0 fnt\n|faint|p1b: Drampa\n|move|p2b: Excadrill|Iron Head|p1a: Meganium\n|-supereffective|p1a: Meganium|1\n|-damage|p1a: Meganium|16/100\n|move|p1a: Meganium|Solar Beam||[still]\n|-prepare|p1a: Meganium|Solar Beam\n|-activate|p1a: Meganium|ability: Mega Sol\n|-anim|p1a: Meganium|Solar Beam|p2a: Gardevoir\n|-damage|p2a: Gardevoir|3/100\n|\n|-weather|none\n|-damage|p2b: Excadrill|4/100 brn|[from] brn\n|upkeep\n|turn|6\n|-message|roofslayer forfeited.\n|\n|win|caustic soda\n|raw|roofslayer's rating: 1190 &rarr; <strong>1170</strong><br />(-20 for losing)\n|raw|caustic soda's rating: 1260 &rarr; <strong>1280</strong><br />(+20 for winning)\n|l|\u2606roofslayer\n|player|p1|\n",
  "uploadtime": 1776411789,
  "views": 35,
  "formatid": "gen9championsvgc2026regma",
  "rating": 1170,
  "private": 0,
  "password": null
}