{
  "id": "gen9championsvgc2026regma-2582708281",
  "format": "[Gen 9 Champions] VGC 2026 Reg M-A",
  "players": [
    "Wendall555",
    "Bardo52"
  ],
  "log": "|j|\u2606Wendall555\n|j|\u2606Bardo52\n|html|<table width=\"100%\"><tr><td align=\"left\">Wendall555</td><td align=\"right\">Bardo52</tr><tr><td align=\"left\"><i class=\"fa fa-circle\"></i> <i class=\"fa fa-circle-o\"></i> </td><td align=\"right\"><i class=\"fa fa-circle-o\"></i> <i class=\"fa fa-circle-o\"></i> </tr></table>\n|uhtml|bestof|<h2><strong>Game 2</strong> of <a href=\"/game-bestof3-gen9championsvgc2026regma-2582704108\">a best-of-3</a></h2>\n|t:|1776108693\n|gametype|doubles\n|player|p1|Wendall555|lucas-gen4pt|\n|player|p2|Bardo52|2|\n|gen|9\n|tier|[Gen 9 Champions] VGC 2026 Reg M-A\n|rule|Species Clause: Limit one of each Pok\u00e9mon\n|rule|Item Clause: Limit 1 of each item\n|raw|<div class=\"infobox\"><details class=\"readmore\" open><summary><strong>1 custom rule:</strong></summary> Best of = 3</details></div>\n|clearpoke\n|poke|p1|Golurk, L50|\n|poke|p1|Rotom-Wash, L50|\n|poke|p1|Oranguru, L50, F|\n|poke|p1|Typhlosion, L50, M|\n|poke|p1|Torkoal, L50, M|\n|poke|p1|Liepard, L50, F|\n|poke|p2|Glimmora, L50, F|\n|poke|p2|Gyarados, L50, M|\n|poke|p2|Reuniclus, L50, F|\n|poke|p2|Altaria, L50, M|\n|poke|p2|Decidueye-Hisui, L50, M|\n|poke|p2|Rotom-Heat, L50|\n|teampreview|4\nWendall555 rejected open team sheets.\n|j| k3ksmann\n|\n|t:|1776108725\n|teamsize|p1|4\n|teamsize|p2|4\n|start\n|switch|p1a: Rotom|Rotom-Wash, L50|100/100\n|switch|p1b: Golurk|Golurk, L50|100/100\n|switch|p2a: Decidueye|Decidueye-Hisui, L50, M|100/100\n|switch|p2b: Gyarados|Gyarados, L50, M|100/100\n|-ability|p2b: Gyarados|Intimidate|boost\n|-unboost|p1a: Rotom|atk|1\n|-unboost|p1b: Golurk|atk|1\n|turn|1\n|\n|t:|1776108764\n|move|p1a: Rotom|Protect|p1a: Rotom\n|-singleturn|p1a: Rotom|Protect\n|move|p2b: Gyarados|Protect|p2b: Gyarados\n|-singleturn|p2b: Gyarados|Protect\n|move|p1b: Golurk|Protect|p1b: Golurk\n|-singleturn|p1b: Golurk|Protect\n|move|p2a: Decidueye|Leaf Blade|p1a: Rotom\n|-activate|p1a: Rotom|move: Protect\n|\n|upkeep\n|turn|2\n|\n|t:|1776108794\n|switch|p1a: Torkoal|Torkoal, L50, M|100/100\n|-weather|SunnyDay|[from] ability: Drought|[of] p1a: Torkoal\n|detailschange|p1b: Golurk|Golurk-Mega, L50\n|-mega|p1b: Golurk|Golurk|Golurkite\n|move|p2b: Gyarados|Waterfall|p1b: Golurk\n|-supereffective|p1b: Golurk|1\n|-damage|p1b: Golurk|63/100\n|move|p2a: Decidueye|Leaf Blade|p1a: Torkoal\n|-resisted|p1a: Torkoal|1\n|-damage|p1a: Torkoal|84/100\n|move|p1b: Golurk|Poltergeist|p2a: Decidueye\n|-activate|p2a: Decidueye|move: Poltergeist|Focus Sash\n|-damage|p2a: Decidueye|46/100\n|\n|-weather|SunnyDay|[upkeep]\n|upkeep\n|turn|3\n|\n|t:|1776108838\n|move|p2b: Gyarados|Protect|p2b: Gyarados\n|-singleturn|p2b: Gyarados|Protect\n|move|p1b: Golurk|Protect|p1b: Golurk\n|-singleturn|p1b: Golurk|Protect\n|move|p2a: Decidueye|Triple Arrows|p1a: Torkoal\n|-damage|p1a: Torkoal|48/100\n|cant|p1a: Torkoal|flinch\n|\n|-weather|SunnyDay|[upkeep]\n|upkeep\n|turn|4\n|\n|t:|1776108854\n|move|p2b: Gyarados|Waterfall|p1a: Torkoal\n|-supereffective|p1a: Torkoal|1\n|-damage|p1a: Torkoal|13/100\n|move|p2a: Decidueye|Leaf Blade|p1b: Golurk\n|-supereffective|p1b: Golurk|1\n|-damage|p1b: Golurk|0 fnt\n|faint|p1b: Golurk\n|move|p1a: Torkoal|Heat Wave|p2a: Decidueye|[spread] p2a,p2b\n|-supereffective|p2a: Decidueye|1\n|-resisted|p2b: Gyarados|1\n|-damage|p2a: Decidueye|0 fnt\n|-damage|p2b: Gyarados|77/100\n|faint|p2a: Decidueye\n|\n|-weather|SunnyDay|[upkeep]\n|upkeep\n|\n|t:|1776108871\n|switch|p2a: Reuniclus|Reuniclus, L50, F|100/100\n|switch|p1b: Typhlosion|Typhlosion, L50, M|100/100\n|turn|5\n|\n|t:|1776108909\n|switch|p2a: Glimmora|Glimmora, L50, F|100/100\n|move|p1b: Typhlosion|Eruption|p2a: Glimmora|[spread] p2a,p2b\n|-resisted|p2a: Glimmora|1\n|-resisted|p2b: Gyarados|1\n|-crit|p2b: Gyarados\n|-damage|p2a: Glimmora|49/100\n|-damage|p2b: Gyarados|30/100\n|move|p2b: Gyarados|Waterfall|p1b: Typhlosion\n|-supereffective|p1b: Typhlosion|1\n|-damage|p1b: Typhlosion|30/100\n|move|p1a: Torkoal|Heat Wave|p2a: Glimmora|[spread] p2a,p2b\n|-resisted|p2a: Glimmora|1\n|-resisted|p2b: Gyarados|1\n|-damage|p2a: Glimmora|10/100\n|-damage|p2b: Gyarados|5/100\n|\n|-weather|SunnyDay|[upkeep]\n|upkeep\n|turn|6\n|\n|t:|1776108934\n|switch|p1b: Rotom|Rotom-Wash, L50|100/100\n|switch|p2a: Reuniclus|Reuniclus, L50, F|100/100\n|move|p2b: Gyarados|Protect|p2b: Gyarados\n|-singleturn|p2b: Gyarados|Protect\n|move|p1a: Torkoal|Heat Wave|p2b: Gyarados|[spread] p2a\n|-activate|p2b: Gyarados|move: Protect\n|-damage|p2a: Reuniclus|48/100\n|\n|-weather|none\n|upkeep\n|turn|7\n|\n|t:|1776108977\n|move|p2b: Gyarados|Protect|p2b: Gyarados\n|-singleturn|p2b: Gyarados|Protect\n|move|p1a: Torkoal|Protect|p1a: Torkoal\n|-singleturn|p1a: Torkoal|Protect\n|move|p1b: Rotom|Discharge|p2a: Reuniclus|[spread] p2a\n|-activate|p1a: Torkoal|move: Protect\n|-activate|p2b: Gyarados|move: Protect\n|-damage|p2a: Reuniclus|22/100\n|move|p2a: Reuniclus|Energy Ball|p1b: Rotom\n|-supereffective|p1b: Rotom|1\n|-damage|p1b: Rotom|27/100\n|-enditem|p1b: Rotom|Sitrus Berry|[eat]\n|-heal|p1b: Rotom|51/100|[from] item: Sitrus Berry\n|\n|upkeep\n|turn|8\n|\n|t:|1776109005\n|move|p2b: Gyarados|Protect||[still]\n|-fail|p2b: Gyarados\n|move|p1a: Torkoal|Protect||[still]\n|-fail|p1a: Torkoal\n|move|p1b: Rotom|Discharge|p2b: Gyarados|[spread] p1a,p2a,p2b\n|-supereffective|p2b: Gyarados|2\n|-enditem|p2b: Gyarados|Wacan Berry|[eat]\n|-enditem|p2b: Gyarados|Wacan Berry|[weaken]\n|-damage|p1a: Torkoal|0 fnt\n|-damage|p2a: Reuniclus|0 fnt\n|-damage|p2b: Gyarados|0 fnt\n|faint|p1a: Torkoal\n|faint|p2a: Reuniclus\n|faint|p2b: Gyarados\n|\n|upkeep\n|\n|t:|1776109019\n|switch|p2a: Glimmora|Glimmora, L50, F|10/100\n|switch|p1a: Typhlosion|Typhlosion, L50, M|30/100\n|turn|9\n|\n|t:|1776109040\n|detailschange|p2a: Glimmora|Glimmora-Mega, L50, F\n|-mega|p2a: Glimmora|Glimmora|Glimmoranite\n|move|p1a: Typhlosion|Scorching Sands|p2a: Glimmora\n|-supereffective|p2a: Glimmora|2\n|-damage|p2a: Glimmora|0 fnt\n|faint|p2a: Glimmora\n|\n|win|Wendall555\n|c|\u2606Wendall555|ggs\n|c|\u2606Bardo52|I might have overprepped for tr\n|l| k3ksmann\n|c|\u2606Wendall555|my main gimmick was disquake lol\n|c|\u2606Bardo52|Later dude\n|l|\u2606Bardo52\n|player|p2|\n",
  "uploadtime": 1776109100,
  "views": 18,
  "formatid": "gen9championsvgc2026regma",
  "rating": null,
  "private": 0,
  "password": null
}