{
  "id": "gen9championsvgc2026regma-2587542181",
  "format": "[Gen 9 Champions] VGC 2026 Reg M-A",
  "players": [
    "Manimanz",
    "blazegeo"
  ],
  "log": "|j|\u2606Manimanz\n|j|\u2606blazegeo\n|t:|1776540754\n|gametype|doubles\n|player|p1|Manimanz|1|1094\n|player|p2|blazegeo|102|1000\n|gen|9\n|tier|[Gen 9 Champions] VGC 2026 Reg M-A\n|rated|\n|rule|Species Clause: Limit one of each Pok\u00e9mon\n|rule|Item Clause: Limit 1 of each item\n|clearpoke\n|poke|p1|Tsareena, L50, F, shiny|\n|poke|p1|Kommo-o, L50, M, shiny|\n|poke|p1|Hawlucha, L50, F, shiny|\n|poke|p1|Snorlax, L50, F, shiny|\n|poke|p1|Aerodactyl, L50, M, shiny|\n|poke|p1|Mimikyu, L50, F, shiny|\n|poke|p2|Kommo-o, L50, M|\n|poke|p2|Tinkaton, L50, F|\n|poke|p2|Milotic, L50, M|\n|poke|p2|Sableye, L50, M|\n|poke|p2|Arcanine, L50, M|\n|poke|p2|Tsareena, L50, F|\n|teampreview|4\n|inactive|Battle timer is ON: inactive players will automatically lose when time's up. (requested by blazegeo)\nblazegeo has agreed to open team sheets.\n|inactive|Manimanz has 60 seconds left.\n|\n|t:|1776540791\n|teamsize|p1|4\n|teamsize|p2|4\n|start\n|switch|p1a: Mimikyu|Mimikyu, L50, F, shiny|100/100\n|switch|p1b: Snorlax|Snorlax, L50, F, shiny|100/100\n|switch|p2a: Sableye|Sableye, L50, M|100/100\n|switch|p2b: Kommo-o|Kommo-o, L50, M|100/100\n|turn|1\n|inactive|Manimanz has 30 seconds left.\n|inactive|blazegeo has 30 seconds left.\n|\n|t:|1776540826\n|switch|p2b: Tinkaton|Tinkaton, L50, F|100/100\n|-ability|p2b: Tinkaton|Mold Breaker\n|switch|p1b: Hawlucha|Hawlucha, L50, F, shiny|100/100\n|move|p2a: Sableye|Fake Out|p1b: Hawlucha\n|-damage|p1b: Hawlucha|91/100\n|move|p1a: Mimikyu|Swords Dance|p1a: Mimikyu\n|-boost|p1a: Mimikyu|atk|2\n|\n|upkeep\n|turn|2\n|\n|t:|1776540850\n|switch|p1b: Snorlax|Snorlax, L50, F, shiny|100/100\n|move|p2a: Sableye|Thunder Wave|p1a: Mimikyu\n|-status|p1a: Mimikyu|par\n|move|p2b: Tinkaton|Gigaton Hammer|p1a: Mimikyu\n|-supereffective|p1a: Mimikyu|1\n|-damage|p1a: Mimikyu|0 fnt\n|faint|p1a: Mimikyu\n|\n|upkeep\n|\n|t:|1776540863\n|switch|p1a: Hawlucha|Hawlucha, L50, F, shiny|91/100\n|turn|3\n|\n|t:|1776540881\n|detailschange|p1a: Hawlucha|Hawlucha-Mega, L50, F, shiny\n|-mega|p1a: Hawlucha|Hawlucha|Hawluchanite\n|move|p2b: Tinkaton|Protect|p2b: Tinkaton\n|-singleturn|p2b: Tinkaton|Protect\n|move|p2a: Sableye|Taunt|p1b: Snorlax\n|-start|p1b: Snorlax|move: Taunt\n|move|p1a: Hawlucha|Entrainment|p1b: Snorlax\n|-ability|p1b: Snorlax|No Guard|Thick Fat|[from] move: Entrainment|[of] p1a: Hawlucha\n|move|p1b: Snorlax|Fissure|p2a: Sableye\n|-enditem|p2a: Sableye|Focus Sash\n|-damage|p2a: Sableye|1/100\n|\n|upkeep\n|turn|4\n|inactive|blazegeo has 30 seconds left.\n|\n|t:|1776540916\n|switch|p1a: Aerodactyl|Aerodactyl, L50, M, shiny|100/100\n|-ability|p1a: Aerodactyl|Unnerve\n|switch|p2b: Kommo-o|Kommo-o, L50, M|100/100\n|move|p2a: Sableye|Disable|p1b: Snorlax\n|-start|p1b: Snorlax|Disable|Fissure\n|cant|p1b: Snorlax|Disable|Fissure\n|\n|upkeep\n|turn|5\n|\n|t:|1776540937\n|switch|p1b: Hawlucha|Hawlucha-Mega, L50, F, shiny|91/100\n|move|p2a: Sableye|Thunder Wave|p1a: Aerodactyl\n|-status|p1a: Aerodactyl|par\n|move|p2b: Kommo-o|Clanging Scales|p1b: Hawlucha|[spread] p1a,p1b\n|-damage|p1a: Aerodactyl|39/100 par\n|-damage|p1b: Hawlucha|35/100\n|-unboost|p2b: Kommo-o|def|1\n|move|p1a: Aerodactyl|Dual Wingbeat|p2b: Kommo-o|[miss]\n|-miss|p1a: Aerodactyl|p2b: Kommo-o\n|\n|upkeep\n|turn|6\n|\n|t:|1776540954\n|move|p2a: Sableye|Disable|p1a: Aerodactyl\n|-start|p1a: Aerodactyl|Disable|Dual Wingbeat\n|move|p1b: Hawlucha|Dual Wingbeat|p2b: Kommo-o\n|-supereffective|p2b: Kommo-o|1\n|-damage|p2b: Kommo-o|27/100\n|-supereffective|p2b: Kommo-o|1\n|-damage|p2b: Kommo-o|0 fnt\n|faint|p2b: Kommo-o\n|-hitcount|p2: Kommo-o|2\n|move|p1a: Aerodactyl|Crunch|p2a: Sableye\n|-damage|p2a: Sableye|0 fnt\n|faint|p2a: Sableye\n|\n|upkeep\n|\n|t:|1776540966\n|switch|p2b: Arcanine|Arcanine, L50, M|100/100\n|switch|p2a: Tinkaton|Tinkaton, L50, F|100/100\n|-ability|p2b: Arcanine|Intimidate|boost\n|-unboost|p1a: Aerodactyl|atk|1\n|-unboost|p1b: Hawlucha|atk|1\n|-ability|p2a: Tinkaton|Mold Breaker\n|turn|7\n|inactive|blazegeo has 30 seconds left.\n|\n|t:|1776540998\n|move|p2a: Tinkaton|Fake Out|p1a: Aerodactyl\n|-resisted|p1a: Aerodactyl|1\n|-damage|p1a: Aerodactyl|33/100 par\n|move|p2b: Arcanine|Iron Head|p1a: Aerodactyl\n|-supereffective|p1a: Aerodactyl|1\n|-damage|p1a: Aerodactyl|0 fnt\n|faint|p1a: Aerodactyl\n|move|p1b: Hawlucha|Cross Chop|p2a: Tinkaton\n|-damage|p2a: Tinkaton|52/100\n|\n|upkeep\n|\n|t:|1776541008\n|switch|p1a: Snorlax|Snorlax, L50, F, shiny|100/100\n|turn|8\n|\n|t:|1776541022\n|move|p2b: Arcanine|Iron Head|p1b: Hawlucha\n|-damage|p1b: Hawlucha|6/100\n|cant|p1b: Hawlucha|flinch\n|move|p2a: Tinkaton|Gigaton Hammer|p1b: Hawlucha\n|-damage|p1b: Hawlucha|0 fnt\n|faint|p1b: Hawlucha\n|move|p1a: Snorlax|Fissure|p2b: Arcanine|[miss]\n|-miss|p1a: Snorlax|p2b: Arcanine\n|\n|upkeep\n|turn|9\n|\n|t:|1776541038\n|move|p2b: Arcanine|Iron Head|p1a: Snorlax\n|-damage|p1a: Snorlax|84/100\n|move|p2a: Tinkaton|Knock Off|p1a: Snorlax\n|-damage|p1a: Snorlax|72/100\n|-enditem|p1a: Snorlax|Chesto Berry|[from] move: Knock Off|[of] p2a: Tinkaton\n|move|p1a: Snorlax|Fissure|p2a: Tinkaton|[miss]\n|-miss|p1a: Snorlax|p2a: Tinkaton\n|\n|upkeep\n|turn|10\n|\n|t:|1776541049\n|move|p2b: Arcanine|Iron Head|p1a: Snorlax\n|-damage|p1a: Snorlax|56/100\n|move|p2a: Tinkaton|Gigaton Hammer|p1a: Snorlax\n|-damage|p1a: Snorlax|21/100\n|move|p1a: Snorlax|Fissure|p2a: Tinkaton|[miss]\n|-miss|p1a: Snorlax|p2a: Tinkaton\n|\n|upkeep\n|turn|11\n|\n|t:|1776541059\n|move|p2b: Arcanine|Iron Head|p1a: Snorlax\n|-damage|p1a: Snorlax|5/100\n|move|p2a: Tinkaton|Knock Off|p1a: Snorlax\n|-damage|p1a: Snorlax|0 fnt\n|faint|p1a: Snorlax\n|\n|win|blazegeo\n|raw|Manimanz's rating: 1094 &rarr; <strong>1064</strong><br />(-30 for losing)\n|raw|blazegeo's rating: 1000 &rarr; <strong>1051</strong><br />(+51 for winning)\n|l|\u2606Manimanz\n|player|p1|\n|c|\u2606blazegeo|gg\n",
  "uploadtime": 1776541070,
  "views": 14,
  "formatid": "gen9championsvgc2026regma",
  "rating": 1051,
  "private": 0,
  "password": null
}