{
  "id": "gen9championsvgc2026regma-2584677212",
  "format": "[Gen 9 Champions] VGC 2026 Reg M-A",
  "players": [
    "etrdyfyiu",
    "adriangpulido2"
  ],
  "log": "|j|\u2606etrdyfyiu\n|j|\u2606adriangpulido2\n|t:|1776276166\n|gametype|doubles\n|player|p1|etrdyfyiu|266|1162\n|player|p2|adriangpulido2|cyrus|1247\n|gen|9\n|tier|[Gen 9 Champions] VGC 2026 Reg M-A\n|rated|\n|rule|Species Clause: Limit one of each Pok\u00e9mon\n|rule|Item Clause: Limit 1 of each item\n|clearpoke\n|poke|p1|Palafin, L50, M|\n|poke|p1|Arcanine, L50, F|\n|poke|p1|Scizor, L50, M|\n|poke|p1|Tyranitar, L50, F|\n|poke|p1|Sneasler, L50, M|\n|poke|p1|Sinistcha, L50|\n|poke|p2|Sneasler, L50, F|\n|poke|p2|Gallade, L50, M|\n|poke|p2|Gengar, L50, F|\n|poke|p2|Aerodactyl, L50, F|\n|poke|p2|Corviknight, L50, M|\n|poke|p2|Milotic, L50, M|\n|teampreview|4\n|\n|t:|1776276209\n|teamsize|p1|4\n|teamsize|p2|4\n|start\n|switch|p1a: Tyranitar|Tyranitar, L50, F, shiny|100/100\n|switch|p1b: Sneasler|Sneasler, L50, M, shiny|100/100\n|switch|p2a: Sneasler|Sneasler, L50, F|100/100\n|switch|p2b: Gengar|Gengar, L50, F|100/100\n|-weather|Sandstorm|[from] ability: Sand Stream|[of] p1a: Tyranitar\n|turn|1\n|j| thebeast4895\n|\n|t:|1776276237\n|switch|p2a: Corviknight|Corviknight, L50, M|100/100\n|detailschange|p2b: Gengar|Gengar-Mega, L50, F\n|-mega|p2b: Gengar|Gengar|Gengarite\n|detailschange|p1a: Tyranitar|Tyranitar-Mega, L50, F, shiny\n|-mega|p1a: Tyranitar|Tyranitar|Tyranitarite\n|move|p1b: Sneasler|Fake Out|p2a: Corviknight\n|-resisted|p2a: Corviknight|1\n|-damage|p2a: Corviknight|96/100\n|move|p2b: Gengar|Will-O-Wisp|p1a: Tyranitar|[miss]\n|-miss|p2b: Gengar|p1a: Tyranitar\n|move|p1a: Tyranitar|Knock Off|p2b: Gengar\n|-supereffective|p2b: Gengar|1\n|-damage|p2b: Gengar|0 fnt\n|faint|p2b: Gengar\n|\n|-weather|Sandstorm|[upkeep]\n|-damage|p1b: Sneasler|95/100|[from] Sandstorm\n|-heal|p2a: Corviknight|100/100|[from] item: Leftovers\n|upkeep\n|\n|t:|1776276253\n|switch|p2b: Sneasler|Sneasler, L50, F|100/100\n|turn|2\n|\n|t:|1776276270\n|switch|p1b: Arcanine|Arcanine, L50, F, shiny|100/100\n|-ability|p1b: Arcanine|Intimidate|boost\n|-ability|p2a: Corviknight|Mirror Armor\n|-unboost|p1b: Arcanine|atk|1\n|-unboost|p2b: Sneasler|atk|1\n|move|p1a: Tyranitar|Protect|p1a: Tyranitar\n|-singleturn|p1a: Tyranitar|Protect\n|move|p2b: Sneasler|Close Combat|p1a: Tyranitar\n|-activate|p1a: Tyranitar|move: Protect\n|move|p2a: Corviknight|Bulk Up|p2a: Corviknight\n|-boost|p2a: Corviknight|atk|1\n|-boost|p2a: Corviknight|def|1\n|\n|-weather|Sandstorm|[upkeep]\n|-damage|p2b: Sneasler|95/100|[from] Sandstorm\n|-damage|p1b: Arcanine|95/100|[from] Sandstorm\n|upkeep\n|turn|3\n|c|\u2606etrdyfyiu|hey beast do i live cc from sneasler?\n|\n|t:|1776276308\n|switch|p1b: Sinistcha|Sinistcha, L50|100/100\n|move|p2b: Sneasler|Close Combat|p1b: Sinistcha\n|-immune|p1b: Sinistcha\n|move|p1a: Tyranitar|Rock Slide|p2b: Sneasler|[spread] p2b\n|-miss|p1a: Tyranitar|p2a: Corviknight\n|-resisted|p2b: Sneasler|1\n|-damage|p2b: Sneasler|65/100\n|move|p2a: Corviknight|Body Press|p1a: Tyranitar\n|-supereffective|p1a: Tyranitar|2\n|-damage|p1a: Tyranitar|14/100\n|\n|-weather|Sandstorm|[upkeep]\n|-damage|p2b: Sneasler|59/100|[from] Sandstorm\n|-damage|p1b: Sinistcha|94/100|[from] Sandstorm\n|upkeep\n|turn|4\n|c|\u2606etrdyfyiu|misinput\n|\n|t:|1776276358\n|move|p1b: Sinistcha|Rage Powder|p1b: Sinistcha\n|-singleturn|p1b: Sinistcha|move: Rage Powder\n|move|p2b: Sneasler|Dire Claw|p1b: Sinistcha\n|-damage|p1b: Sinistcha|69/100\n|-status|p1b: Sinistcha|par\n|move|p1a: Tyranitar|Rock Slide|p2a: Corviknight|[spread] p2a,p2b\n|-resisted|p2b: Sneasler|1\n|-damage|p2a: Corviknight|82/100\n|-damage|p2b: Sneasler|27/100\n|cant|p2a: Corviknight|flinch\n|\n|-weather|Sandstorm|[upkeep]\n|-damage|p2b: Sneasler|22/100|[from] Sandstorm\n|-damage|p1b: Sinistcha|63/100 par|[from] Sandstorm\n|-heal|p2a: Corviknight|88/100|[from] item: Leftovers\n|upkeep\n|turn|5\n|c| thebeast4895|i dunno\n|\n|t:|1776276377\n|move|p1b: Sinistcha|Rage Powder|p1b: Sinistcha\n|-singleturn|p1b: Sinistcha|move: Rage Powder\n|move|p2b: Sneasler|Dire Claw|p1b: Sinistcha\n|-damage|p1b: Sinistcha|39/100 par\n|-enditem|p1b: Sinistcha|Sitrus Berry|[eat]\n|-heal|p1b: Sinistcha|64/100 par|[from] item: Sitrus Berry\n|move|p1a: Tyranitar|Rock Slide|p2a: Corviknight|[spread] p2a,p2b\n|-resisted|p2b: Sneasler|1\n|-damage|p2a: Corviknight|72/100\n|-damage|p2b: Sneasler|0 fnt\n|faint|p2b: Sneasler\n|cant|p2a: Corviknight|flinch\n|\n|-weather|none\n|-heal|p2a: Corviknight|78/100|[from] item: Leftovers\n|upkeep\n|c|\u2606etrdyfyiu|imma say no\n|\n|t:|1776276391\n|switch|p2b: Aerodactyl|Aerodactyl, L50, F|100/100\n|-ability|p2b: Aerodactyl|Unnerve\n|turn|6\n|c| thebeast4895|on t tar?\n|c| thebeast4895|mega t tar yeah\n|\n|t:|1776276409\n|switch|p1b: Sneasler|Sneasler, L50, M, shiny|95/100\n|move|p1a: Tyranitar|Protect|p1a: Tyranitar\n|-singleturn|p1a: Tyranitar|Protect\n|move|p2b: Aerodactyl|Fly||[still]\n|-prepare|p2b: Aerodactyl|Fly\n|move|p2a: Corviknight|Bulk Up|p2a: Corviknight\n|-boost|p2a: Corviknight|atk|1\n|-boost|p2a: Corviknight|def|1\n|\n|-heal|p2a: Corviknight|84/100|[from] item: Leftovers\n|upkeep\n|turn|7\n|c|\u2606etrdyfyiu|oh\n|c| thebeast4895|its not adamanet\n|c| thebeast4895|but not by much\n|c|\u2606etrdyfyiu|ah\n|c| thebeast4895|most go speed build anyway\n|\n|t:|1776276435\n|move|p2a: Corviknight|Protect|p2a: Corviknight\n|-singleturn|p2a: Corviknight|Protect\n|move|p2b: Aerodactyl|Fly|p1b: Sneasler|[from] lockedmove\n|-supereffective|p1b: Sneasler|1\n|-damage|p1b: Sneasler|0 fnt\n|faint|p1b: Sneasler\n|move|p1a: Tyranitar|Rock Slide|p2b: Aerodactyl|[spread] p2b\n|-activate|p2a: Corviknight|move: Protect\n|-supereffective|p2b: Aerodactyl|1\n|-damage|p2b: Aerodactyl|0 fnt\n|faint|p2b: Aerodactyl\n|\n|-heal|p2a: Corviknight|90/100|[from] item: Leftovers\n|upkeep\n|\n|t:|1776276444\n|switch|p1b: Sinistcha|Sinistcha, L50|64/100 par\n|-heal|p1a: Tyranitar|38/100|[from] ability: Hospitality|[of] p1b: Sinistcha\n|turn|8\n|c| thebeast4895|fly is insane\n|c| thebeast4895|like dog how you faint from that\n|c|\u2606etrdyfyiu|thats what i was thinking\n|c|\u2606etrdyfyiu|OKAY\n|c| thebeast4895|just protect\n|c|\u2606etrdyfyiu|bro\n|c|\u2606etrdyfyiu|i dont think that hard\n|c|\u2606etrdyfyiu|come on\n|c| thebeast4895|its not even that hard\n|\n|t:|1776276497\n|move|p1b: Sinistcha|Rage Powder|p1b: Sinistcha\n|-singleturn|p1b: Sinistcha|move: Rage Powder\n|move|p1a: Tyranitar|Knock Off|p2a: Corviknight\n|-damage|p2a: Corviknight|67/100\n|-enditem|p2a: Corviknight|Leftovers|[from] move: Knock Off|[of] p1a: Tyranitar\n|move|p2a: Corviknight|Body Press|p1b: Sinistcha\n|-immune|p1b: Sinistcha\n|\n|upkeep\n|turn|9\n|c| thebeast4895|like what\n|c|\u2606etrdyfyiu|ITS 4AM\n|c| thebeast4895|i dunno sounds like an excuse\n|c|\u2606etrdyfyiu|bruhh\n|c| thebeast4895|but see how t tar covers for sin so well\n|\n|t:|1776276530\n|move|p1b: Sinistcha|Rage Powder|p1b: Sinistcha\n|-singleturn|p1b: Sinistcha|move: Rage Powder\n|move|p1a: Tyranitar|Rock Slide|p2a: Corviknight\n|-damage|p2a: Corviknight|51/100\n|move|p2a: Corviknight|Body Press|p1b: Sinistcha\n|-immune|p1b: Sinistcha\n|\n|upkeep\n|turn|10\n|c| thebeast4895|like a 1 am shower show and i went wait\n|c|\u2606etrdyfyiu|oh yeah bro this is like my favourite mid - endgame combo\n|\n|t:|1776276563\n|move|p1b: Sinistcha|Rage Powder|p1b: Sinistcha\n|-singleturn|p1b: Sinistcha|move: Rage Powder\n|move|p1a: Tyranitar|Rock Slide|p2a: Corviknight\n|-damage|p2a: Corviknight|35/100\n|cant|p2a: Corviknight|flinch\n|\n|upkeep\n|turn|11\n|c| thebeast4895|fighting sin is a ghost with rage.. water.. sin is a ghost with rage.. just cant do grass or fairy\n|c| thebeast4895|but guess what you have in the back that handles both of those typing\n|c|\u2606etrdyfyiu|adrian do you have roost by any chance?\n|c| thebeast4895|if you guessed scizor you would be correst\n|\n|t:|1776276595\n|move|p1b: Sinistcha|Rage Powder|p1b: Sinistcha\n|-singleturn|p1b: Sinistcha|move: Rage Powder\n|move|p1a: Tyranitar|Rock Slide|p2a: Corviknight\n|-damage|p2a: Corviknight|19/100\n|cant|p2a: Corviknight|flinch\n|\n|upkeep\n|turn|12\n|c| thebeast4895|even if he does\n|\n|t:|1776276603\n|move|p1a: Tyranitar|Rock Slide|p2a: Corviknight\n|-damage|p2a: Corviknight|2/100\n|cant|p2a: Corviknight|flinch\n|move|p1b: Sinistcha|Matcha Gotcha|p2a: Corviknight\n|-resisted|p2a: Corviknight|2\n|-crit|p2a: Corviknight\n|-damage|p2a: Corviknight|0 fnt\n|-heal|p1b: Sinistcha|65/100 par|[from] drain|[of] p2a: Corviknight\n|faint|p2a: Corviknight\n|\n|win|etrdyfyiu\n|raw|etrdyfyiu's rating: 1162 &rarr; <strong>1193</strong><br />(+31 for winning)\n|raw|adriangpulido2's rating: 1247 &rarr; <strong>1216</strong><br />(-31 for losing)\n|c| thebeast4895|you have arcanine\n|c| thebeast4895|just ope\n|c| thebeast4895|okay\n|c| thebeast4895|insane flinch\n|l|\u2606adriangpulido2\n|player|p2|\n|c|\u2606etrdyfyiu|fr id be mad asf\n|c| thebeast4895|was gonna say will o wisp\n|c| thebeast4895|but not needed ig\n|c|\u2606etrdyfyiu|yeah but this works\n",
  "uploadtime": 1776276645,
  "views": 21,
  "formatid": "gen9championsvgc2026regma",
  "rating": 1193,
  "private": 0,
  "password": null
}