{
  "id": "gen9championsvgc2026regma-2581134278",
  "format": "[Gen 9 Champions] VGC 2026 Reg M-A",
  "players": [
    "SpaghettiBoy25",
    "phan of phanpy"
  ],
  "log": "|j|\u2606SpaghettiBoy25\n|j|\u2606phan of phanpy\n|t:|1775963163\n|gametype|doubles\n|player|p1|SpaghettiBoy25|fantina|1081\n|player|p2|phan of phanpy|pokemaniac|1057\n|gen|9\n|tier|[Gen 9 Champions] VGC 2026 Reg M-A\n|rated|\n|rule|Species Clause: Limit one of each Pok\u00e9mon\n|rule|Item Clause: Limit 1 of each item\n|clearpoke\n|poke|p1|Excadrill, L50, M|\n|poke|p1|Sneasler, L50, M|\n|poke|p1|Tyranitar, L50, M|\n|poke|p1|Rotom-Wash, L50|\n|poke|p1|Sinistcha-Masterpiece, L50|\n|poke|p1|Dragapult, L50, F|\n|poke|p2|Blastoise, L50, F|\n|poke|p2|Toxicroak, L50, M|\n|poke|p2|Pelipper, L50, F|\n|poke|p2|Medicham, L50, F|\n|poke|p2|Clefable, L50, F|\n|poke|p2|Basculegion, L50, M|\n|teampreview|4\n|\n|t:|1775963189\n|teamsize|p1|4\n|teamsize|p2|4\n|start\n|switch|p1a: Rotom|Rotom-Wash, L50|100/100\n|switch|p1b: Tyranitar|Tyranitar, L50, M|100/100\n|switch|p2a: Namaste|Clefable, L50, F|100/100\n|switch|p2b: Big Man|Blastoise, L50, F|100/100\n|-weather|Sandstorm|[from] ability: Sand Stream|[of] p1b: Tyranitar\n|turn|1\n|\n|t:|1775963206\n|detailschange|p2b: Big Man|Blastoise-Mega, L50, F\n|-mega|p2b: Big Man|Blastoise|Blastoisinite\n|move|p1b: Tyranitar|Protect|p1b: Tyranitar\n|-singleturn|p1b: Tyranitar|Protect\n|move|p2a: Namaste|Follow Me|p2a: Namaste\n|-singleturn|p2a: Namaste|move: Follow Me\n|move|p2b: Big Man|Shell Smash|p2b: Big Man\n|-unboost|p2b: Big Man|def|1\n|-unboost|p2b: Big Man|spd|1\n|-boost|p2b: Big Man|atk|2\n|-boost|p2b: Big Man|spa|2\n|-boost|p2b: Big Man|spe|2\n|move|p1a: Rotom|Discharge|p2b: Big Man|[spread] p2a,p2b\n|-activate|p1b: Tyranitar|move: Protect\n|-supereffective|p2b: Big Man|1\n|-damage|p2a: Namaste|81/100\n|-damage|p2b: Big Man|17/100\n|-status|p2a: Namaste|par\n|\n|-weather|Sandstorm|[upkeep]\n|-damage|p2b: Big Man|11/100|[from] Sandstorm\n|-damage|p1a: Rotom|95/100|[from] Sandstorm\n|-damage|p2a: Namaste|75/100 par|[from] Sandstorm\n|upkeep\n|turn|2\n|\n|t:|1775963226\n|switch|p1b: Excadrill|Excadrill, L50, M, shiny|100/100\n|switch|p2a: Rick Flair Drip|Pelipper, L50, F|100/100\n|-weather|RainDance|[from] ability: Drizzle|[of] p2a: Rick Flair Drip\n|move|p2b: Big Man|Surf|p1a: Rotom|[spread] p2a,p1a,p1b\n|-resisted|p2a: Rick Flair Drip|1\n|-resisted|p1a: Rotom|1\n|-supereffective|p1b: Excadrill|1\n|-damage|p2a: Rick Flair Drip|46/100\n|-damage|p1a: Rotom|36/100\n|-enditem|p1b: Excadrill|Focus Sash\n|-damage|p1b: Excadrill|1/100\n|move|p1a: Rotom|Discharge|p2b: Big Man|[spread] p2a,p2b\n|-immune|p1b: Excadrill\n|-supereffective|p2a: Rick Flair Drip|2\n|-supereffective|p2b: Big Man|1\n|-damage|p2a: Rick Flair Drip|0 fnt\n|-damage|p2b: Big Man|0 fnt\n|faint|p2a: Rick Flair Drip\n|faint|p2b: Big Man\n|\n|-weather|RainDance|[upkeep]\n|upkeep\n|\n|t:|1775963235\n|switch|p2b: Namaste|Clefable, L50, F|75/100 par\n|switch|p2a: Slippery Frog|Toxicroak, L50, M|100/100\n|turn|3\n|\n|t:|1775963250\n|switch|p1a: Tyranitar|Tyranitar, L50, M|100/100\n|-weather|Sandstorm|[from] ability: Sand Stream|[of] p1a: Tyranitar\n|move|p2a: Slippery Frog|Fake Out|p1b: Excadrill\n|-resisted|p1b: Excadrill|1\n|-damage|p1b: Excadrill|0 fnt\n|faint|p1b: Excadrill\n|move|p2b: Namaste|Moonblast|p1a: Tyranitar\n|-supereffective|p1a: Tyranitar|1\n|-damage|p1a: Tyranitar|63/100\n|\n|-weather|Sandstorm|[upkeep]\n|-damage|p2a: Slippery Frog|95/100|[from] Sandstorm\n|-damage|p2b: Namaste|69/100 par|[from] Sandstorm\n|upkeep\n|\n|t:|1775963256\n|switch|p1b: Dragapult|Dragapult, L50, F|100/100\n|turn|4\n|\n|t:|1775963282\n|detailschange|p1a: Tyranitar|Tyranitar-Mega, L50, M\n|-mega|p1a: Tyranitar|Tyranitar|Tyranitarite\n|move|p1a: Tyranitar|Protect|p1a: Tyranitar\n|-singleturn|p1a: Tyranitar|Protect\n|move|p2b: Namaste|Follow Me|p2b: Namaste\n|-singleturn|p2b: Namaste|move: Follow Me\n|move|p2a: Slippery Frog|Sucker Punch|p1b: Dragapult\n|-supereffective|p1b: Dragapult|1\n|-damage|p1b: Dragapult|48/100\n|move|p1b: Dragapult|Dragon Darts|p2b: Namaste\n|-immune|p2b: Namaste\n|\n|-weather|Sandstorm|[upkeep]\n|-damage|p1b: Dragapult|42/100|[from] Sandstorm\n|-damage|p2a: Slippery Frog|89/100|[from] Sandstorm\n|-damage|p2b: Namaste|63/100 par|[from] Sandstorm\n|upkeep\n|turn|5\n|\n|t:|1775963299\n|switch|p1b: Rotom|Rotom-Wash, L50|36/100\n|move|p2b: Namaste|Follow Me|p2b: Namaste\n|-singleturn|p2b: Namaste|move: Follow Me\n|move|p2a: Slippery Frog|Close Combat|p1a: Tyranitar\n|-supereffective|p1a: Tyranitar|2\n|-crit|p1a: Tyranitar\n|-damage|p1a: Tyranitar|0 fnt\n|-unboost|p2a: Slippery Frog|def|1\n|-unboost|p2a: Slippery Frog|spd|1\n|faint|p1a: Tyranitar\n|\n|-weather|Sandstorm|[upkeep]\n|-damage|p2a: Slippery Frog|83/100|[from] Sandstorm\n|-damage|p1b: Rotom|30/100|[from] Sandstorm\n|-damage|p2b: Namaste|57/100 par|[from] Sandstorm\n|upkeep\n|\n|t:|1775963305\n|switch|p1a: Dragapult|Dragapult, L50, F|42/100\n|turn|6\n|\n|t:|1775963319\n|move|p2b: Namaste|Follow Me|p2b: Namaste\n|-singleturn|p2b: Namaste|move: Follow Me\n|move|p1a: Dragapult|Shadow Ball|p2b: Namaste\n|-damage|p2b: Namaste|41/100 par\n|-unboost|p2b: Namaste|spd|1\n|move|p2a: Slippery Frog|Close Combat|p1b: Rotom\n|-damage|p1b: Rotom|0 fnt\n|-unboost|p2a: Slippery Frog|def|1\n|-unboost|p2a: Slippery Frog|spd|1\n|faint|p1b: Rotom\n|\n|-weather|Sandstorm|[upkeep]\n|-damage|p1a: Dragapult|36/100|[from] Sandstorm\n|-damage|p2a: Slippery Frog|78/100|[from] Sandstorm\n|-damage|p2b: Namaste|35/100 par|[from] Sandstorm\n|upkeep\n|turn|7\n|-message|SpaghettiBoy25 forfeited.\n|\n|win|phan of phanpy\n|raw|SpaghettiBoy25's rating: 1081 &rarr; <strong>1057</strong><br />(-24 for losing)\n|raw|phan of phanpy's rating: 1057 &rarr; <strong>1091</strong><br />(+34 for winning)\n|l|\u2606SpaghettiBoy25\n|player|p1|\n",
  "uploadtime": 1775964281,
  "views": 29,
  "formatid": "gen9championsvgc2026regma",
  "rating": 1057,
  "private": 0,
  "password": null
}