{
  "id": "gen9championsvgc2026regma-2583594890",
  "format": "[Gen 9 Champions] VGC 2026 Reg M-A",
  "players": [
    "crownedaurea",
    "ShinyMacaroni1i"
  ],
  "log": "|j|\u2606crownedaurea\n|j|\u2606ShinyMacaroni1i\n|t:|1776185460\n|gametype|doubles\n|player|p1|crownedaurea|lady-gen4|1172\n|player|p2|ShinyMacaroni1i|169|1101\n|gen|9\n|tier|[Gen 9 Champions] VGC 2026 Reg M-A\n|rated|\n|rule|Species Clause: Limit one of each Pok\u00e9mon\n|rule|Item Clause: Limit 1 of each item\n|clearpoke\n|poke|p1|Gardevoir, L50, F|\n|poke|p1|Aerodactyl, L50, F|\n|poke|p1|Sneasler, L50, F|\n|poke|p1|Incineroar, L50, F|\n|poke|p1|Sinistcha, L50|\n|poke|p1|Typhlosion-Hisui, L50, F|\n|poke|p2|Greninja-*, L50, M|\n|poke|p2|Maushold-Four, L50|\n|poke|p2|Chandelure, L50, F|\n|poke|p2|Whimsicott, L50, F|\n|poke|p2|Sneasler, L50, F|\n|poke|p2|Meowscarada, L50, F|\n|teampreview|4\n|inactive|Battle timer is ON: inactive players will automatically lose when time's up. (requested by ShinyMacaroni1i)\n|\n|t:|1776185533\n|teamsize|p1|4\n|teamsize|p2|4\n|start\n|switch|p1a: Gardevoir|Gardevoir, L50, F, shiny|100/100\n|switch|p1b: Aerodactyl|Aerodactyl, L50, F|100/100\n|switch|p2a: Chandelure|Chandelure, L50, F|100/100\n|switch|p2b: Whimsicott|Whimsicott, L50, F|100/100\n|-ability|p1b: Aerodactyl|Unnerve\n|turn|1\n|inactive|crownedaurea has 30 seconds left.\n|inactive|ShinyMacaroni1i has 30 seconds left.\n|inactive|crownedaurea has 20 seconds left.\n|\n|t:|1776185568\n|detailschange|p2a: Chandelure|Chandelure-Mega, L50, F\n|-mega|p2a: Chandelure|Chandelure|Chandelurite\n|move|p1a: Gardevoir|Protect|p1a: Gardevoir\n|-singleturn|p1a: Gardevoir|Protect\n|move|p2b: Whimsicott|Tailwind|p2b: Whimsicott\n|-sidestart|p2: ShinyMacaroni1i|move: Tailwind\n|move|p2a: Chandelure|Calm Mind|p2a: Chandelure\n|-boost|p2a: Chandelure|spa|1\n|-boost|p2a: Chandelure|spd|1\n|move|p1b: Aerodactyl|Rock Slide|p2b: Whimsicott|[spread] p2a,p2b\n|-supereffective|p2a: Chandelure|1\n|-damage|p2a: Chandelure|38/100\n|-damage|p2b: Whimsicott|61/100\n|\n|upkeep\n|turn|2\n|inactive|ShinyMacaroni1i has 30 seconds left.\n|\n|t:|1776185594\n|move|p2b: Whimsicott|Sunny Day|p2b: Whimsicott\n|-weather|SunnyDay\n|move|p2a: Chandelure|Shadow Ball|p1a: Gardevoir\n|-supereffective|p1a: Gardevoir|1\n|-damage|p1a: Gardevoir|0 fnt\n|faint|p1a: Gardevoir\n|move|p1b: Aerodactyl|Tailwind|p1b: Aerodactyl\n|-sidestart|p1: crownedaurea|move: Tailwind\n|\n|-weather|SunnyDay|[upkeep]\n|upkeep\n|\n|t:|1776185604\n|switch|p1a: Sneasler|Sneasler, L50, F|100/100\n|turn|3\n|\n|t:|1776185620\n|move|p1a: Sneasler|Fake Out|p2b: Whimsicott\n|-damage|p2b: Whimsicott|40/100\n|cant|p2b: Whimsicott|flinch\n|move|p1b: Aerodactyl|Rock Slide|p2b: Whimsicott|[spread] p2a,p2b\n|-supereffective|p2a: Chandelure|1\n|-damage|p2a: Chandelure|0 fnt\n|-damage|p2b: Whimsicott|5/100\n|faint|p2a: Chandelure\n|\n|-weather|SunnyDay|[upkeep]\n|upkeep\n|inactive|ShinyMacaroni1i has 30 seconds left.\n|inactive|ShinyMacaroni1i has 20 seconds left.\n|inactive|ShinyMacaroni1i has 15 seconds left.\n|inactive|ShinyMacaroni1i has 10 seconds left.\n|\n|t:|1776185666\n|switch|p2a: Sneasler|Sneasler, L50, F|100/100\n|turn|4\n|\n|t:|1776185686\n|move|p1b: Aerodactyl|Protect|p1b: Aerodactyl\n|-singleturn|p1b: Aerodactyl|Protect\n|move|p1a: Sneasler|Protect|p1a: Sneasler\n|-singleturn|p1a: Sneasler|Protect\n|move|p2a: Sneasler|Fake Out|p1b: Aerodactyl\n|-activate|p1b: Aerodactyl|move: Protect\n|move|p2b: Whimsicott|Encore|p1a: Sneasler\n|-activate|p1a: Sneasler|move: Protect\n|\n|-weather|SunnyDay|[upkeep]\n|-sideend|p2: ShinyMacaroni1i|move: Tailwind\n|upkeep\n|turn|5\n|inactive|crownedaurea has 30 seconds left.\n|inactive|ShinyMacaroni1i has 30 seconds left.\n|inactive|crownedaurea has 20 seconds left.\n|inactive|ShinyMacaroni1i has 20 seconds left.\n|inactive|ShinyMacaroni1i has 15 seconds left.\n|inactive|ShinyMacaroni1i has 10 seconds left.\n|inactive|ShinyMacaroni1i has 5 seconds left.\n|\n|t:|1776185741\n|switch|p1b: Sinistcha|Sinistcha, L50|100/100\n|move|p2b: Whimsicott|Encore||[still]\n|-fail|p2b: Whimsicott\n|move|p1a: Sneasler|Dire Claw|p2b: Whimsicott\n|-supereffective|p2b: Whimsicott|2\n|-damage|p2b: Whimsicott|0 fnt\n|faint|p2b: Whimsicott\n|move|p2a: Sneasler|Close Combat|p1b: Sinistcha\n|-immune|p1b: Sinistcha\n|\n|-weather|SunnyDay|[upkeep]\n|-sideend|p1: crownedaurea|move: Tailwind\n|upkeep\n|inactive|ShinyMacaroni1i has 30 seconds left.\n|\n|t:|1776185772\n|switch|p2b: Meowscarada|Meowscarada, L50, F|100/100\n|turn|6\n|\n|t:|1776185790\n|move|p1b: Sinistcha|Rage Powder|p1b: Sinistcha\n|-singleturn|p1b: Sinistcha|move: Rage Powder\n|move|p2b: Meowscarada|Knock Off|p1b: Sinistcha\n|-start|p2b: Meowscarada|typechange|Dark|[from] ability: Protean\n|-supereffective|p1b: Sinistcha|1\n|-damage|p1b: Sinistcha|29/100\n|-enditem|p1b: Sinistcha|Sitrus Berry|[from] move: Knock Off|[of] p2b: Meowscarada\n|move|p2a: Sneasler|Close Combat|p1b: Sinistcha\n|-immune|p1b: Sinistcha\n|move|p1a: Sneasler|Dire Claw|p2b: Meowscarada\n|-damage|p2b: Meowscarada|31/100\n|-status|p2b: Meowscarada|par\n|\n|-weather|none\n|upkeep\n|turn|7\n|inactive|crownedaurea has 30 seconds left.\n|inactive|ShinyMacaroni1i has 30 seconds left.\n|inactive|ShinyMacaroni1i has 20 seconds left.\n|inactive|ShinyMacaroni1i has 15 seconds left.\n|inactive|ShinyMacaroni1i has 10 seconds left.\n|inactive|ShinyMacaroni1i has 5 seconds left.\n|\n|t:|1776185845\n|move|p1b: Sinistcha|Rage Powder|p1b: Sinistcha\n|-singleturn|p1b: Sinistcha|move: Rage Powder\n|move|p2a: Sneasler|Dire Claw|p1b: Sinistcha\n|-damage|p1b: Sinistcha|0 fnt\n|faint|p1b: Sinistcha\n|move|p1a: Sneasler|Dire Claw|p2b: Meowscarada\n|-damage|p2b: Meowscarada|0 fnt\n|faint|p2b: Meowscarada\n|\n|upkeep\n|\n|t:|1776185856\n|switch|p1b: Aerodactyl|Aerodactyl, L50, F|100/100\n|-ability|p1b: Aerodactyl|Unnerve\n|turn|8\n|inactive|ShinyMacaroni1i has 30 seconds left.\n|inactive|ShinyMacaroni1i has 20 seconds left.\n|\n|t:|1776185895\n|move|p1b: Aerodactyl|Dual Wingbeat|p2a: Sneasler\n|-supereffective|p2a: Sneasler|1\n|-damage|p2a: Sneasler|36/100\n|-supereffective|p2a: Sneasler|1\n|-damage|p2a: Sneasler|0 fnt\n|faint|p2a: Sneasler\n|-hitcount|p2: Sneasler|2\n|\n|win|crownedaurea\n|raw|crownedaurea's rating: 1172 &rarr; <strong>1192</strong><br />(+20 for winning)\n|raw|ShinyMacaroni1i's rating: 1101 &rarr; <strong>1081</strong><br />(-20 for losing)\n",
  "uploadtime": 1776185913,
  "views": 38,
  "formatid": "gen9championsvgc2026regma",
  "rating": 1081,
  "private": 0,
  "password": null
}