{
  "id": "gen9championsvgc2026regma-2586249168",
  "format": "[Gen 9 Champions] VGC 2026 Reg M-A",
  "players": [
    "EliDux",
    "jolumilbacano"
  ],
  "log": "|j|\u203dEliDux\n|j|\u2606jolumilbacano\n|t:|1776417236\n|gametype|doubles\n|player|p1|EliDux|morty|1000\n|player|p2|jolumilbacano|1|1000\n|gen|9\n|tier|[Gen 9 Champions] VGC 2026 Reg M-A\n|rated|\n|rule|Species Clause: Limit one of each Pok\u00e9mon\n|rule|Item Clause: Limit 1 of each item\n|clearpoke\n|poke|p1|Gengar, L50, M|\n|poke|p1|Aegislash, L50, M|\n|poke|p1|Basculegion, L50, M|\n|poke|p1|Decidueye, L50, M|\n|poke|p1|Froslass, L50, F|\n|poke|p1|Chandelure, L50, F|\n|poke|p2|Froslass, L50, F|\n|poke|p2|Ninetales-Alola, L50, M|\n|poke|p2|Excadrill, L50, F|\n|poke|p2|Corviknight, L50, M|\n|poke|p2|Rotom-Wash, L50|\n|poke|p2|Palafin, L50, F|\n|teampreview|4\n|\n|t:|1776417252\n|teamsize|p1|4\n|teamsize|p2|4\n|start\n|switch|p1a: Aegislash|Aegislash, L50, M|100/100\n|switch|p1b: Decidueye|Decidueye, L50, M|100/100\n|switch|p2a: Froslass|Froslass, L50, F|100/100\n|switch|p2b: Ninetales|Ninetales-Alola, L50, M|100/100\n|-weather|Snowscape|[from] ability: Snow Warning|[of] p2b: Ninetales\n|turn|1\n|\n|t:|1776417273\n|switch|p1b: Basculegion|Basculegion, L50, M|100/100\n|move|p2a: Froslass|Blizzard|p1a: Aegislash|[spread] p1a,p1b\n|-resisted|p1a: Aegislash|1\n|-resisted|p1b: Basculegion|1\n|-damage|p1a: Aegislash|86/100\n|-damage|p1b: Basculegion|85/100\n|-status|p1b: Basculegion|frz\n|move|p2b: Ninetales|Aurora Veil|p2b: Ninetales\n|-sidestart|p2: jolumilbacano|move: Aurora Veil\n|-formechange|p1a: Aegislash|Aegislash-Blade|\n|move|p1a: Aegislash|Iron Head|p2b: Ninetales\n|-supereffective|p2b: Ninetales|2\n|-damage|p2b: Ninetales|10/100\n|\n|-weather|Snowscape|[upkeep]\n|-heal|p1a: Aegislash|92/100|[from] item: Leftovers\n|upkeep\n|turn|2\n|\n|t:|1776417318\n|switch|p2b: Excadrill|Excadrill, L50, F|100/100\n|-ability|p2b: Excadrill|Mold Breaker\n|-formechange|p1a: Aegislash|Aegislash|\n|move|p1a: Aegislash|King's Shield|p1a: Aegislash\n|-singleturn|p1a: Aegislash|Protect\n|cant|p1b: Basculegion|frz\n|move|p2a: Froslass|Shadow Ball|p1a: Aegislash\n|-activate|p1a: Aegislash|move: Protect\n|\n|-weather|Snowscape|[upkeep]\n|-heal|p1a: Aegislash|98/100|[from] item: Leftovers\n|upkeep\n|turn|3\n|\n|t:|1776417344\n|move|p2a: Froslass|Shadow Ball|p1a: Aegislash\n|-supereffective|p1a: Aegislash|1\n|-damage|p1a: Aegislash|44/100\n|-formechange|p1a: Aegislash|Aegislash-Blade|\n|move|p1a: Aegislash|Night Slash|p2a: Froslass\n|-supereffective|p2a: Froslass|1\n|-damage|p2a: Froslass|63/100\n|move|p2b: Excadrill|Stealth Rock|p1a: Aegislash\n|-sidestart|p1: EliDux|move: Stealth Rock\n|cant|p1b: Basculegion|frz\n|\n|-weather|Snowscape|[upkeep]\n|-heal|p1a: Aegislash|50/100|[from] item: Leftovers\n|upkeep\n|turn|4\n|\n|t:|1776417363\n|-formechange|p1a: Aegislash|Aegislash|\n|move|p1a: Aegislash|King's Shield|p1a: Aegislash\n|-singleturn|p1a: Aegislash|Protect\n|move|p2a: Froslass|Shadow Ball|p1a: Aegislash\n|-activate|p1a: Aegislash|move: Protect\n|move|p2b: Excadrill|Earth Power|p1a: Aegislash\n|-activate|p1a: Aegislash|move: Protect\n|-curestatus|p1b: Basculegion|frz|[msg]\n|move|p1b: Basculegion|Wave Crash|p2b: Excadrill\n|-supereffective|p2b: Excadrill|1\n|-damage|p2b: Excadrill|17/100\n|-damage|p1b: Basculegion|54/100|[from] Recoil\n|\n|-weather|Snowscape|[upkeep]\n|-heal|p1a: Aegislash|56/100|[from] item: Leftovers\n|-heal|p2b: Excadrill|23/100|[from] item: Leftovers\n|upkeep\n|turn|5\n|\n|t:|1776417421\n|detailschange|p2a: Froslass|Froslass-Mega, L50, F\n|-mega|p2a: Froslass|Froslass|Froslassite\n|move|p1b: Basculegion|Aqua Jet|p2b: Excadrill\n|-supereffective|p2b: Excadrill|1\n|-damage|p2b: Excadrill|0 fnt\n|faint|p2b: Excadrill\n|move|p2a: Froslass|Blizzard|p1a: Aegislash|[spread] p1a,p1b\n|-resisted|p1a: Aegislash|1\n|-resisted|p1b: Basculegion|1\n|-damage|p1a: Aegislash|32/100\n|-damage|p1b: Basculegion|33/100\n|-status|p1a: Aegislash|frz\n|cant|p1a: Aegislash|frz\n|\n|-weather|none\n|-heal|p1a: Aegislash|38/100 frz|[from] item: Leftovers\n|-sideend|p2: jolumilbacano|move: Aurora Veil\n|upkeep\n|\n|t:|1776417435\n|switch|p2b: Corviknight|Corviknight, L50, M|100/100\n|-ability|p2b: Corviknight|Pressure\n|turn|6\n|\n|t:|1776417465\n|move|p2a: Froslass|Shadow Ball|p1b: Basculegion\n|-supereffective|p1b: Basculegion|1\n|-damage|p1b: Basculegion|0 fnt\n|faint|p1b: Basculegion\n|-curestatus|p1a: Aegislash|frz|[msg]\n|-formechange|p1a: Aegislash|Aegislash-Blade|\n|move|p1a: Aegislash|Iron Head|p2a: Froslass\n|-supereffective|p2a: Froslass|1\n|-damage|p2a: Froslass|0 fnt\n|faint|p2a: Froslass\n|move|p2b: Corviknight|Brave Bird|p1a: Aegislash\n|-resisted|p1a: Aegislash|1\n|-damage|p1a: Aegislash|0 fnt\n|faint|p1a: Aegislash\n|-damage|p2b: Corviknight|92/100|[from] Recoil\n|\n|upkeep\n|\n|t:|1776417480\n|switch|p2a: Ninetales|Ninetales-Alola, L50, M|10/100\n|switch|p1a: Chandelure|Chandelure, L50, F|100/100\n|switch|p1b: Decidueye|Decidueye, L50, M|100/100\n|-weather|Snowscape|[from] ability: Snow Warning|[of] p2a: Ninetales\n|-damage|p1a: Chandelure|76/100|[from] Stealth Rock\n|-damage|p1b: Decidueye|88/100|[from] Stealth Rock\n|turn|7\n|\n|t:|1776417498\n|detailschange|p1a: Chandelure|Chandelure-Mega, L50, F\n|-mega|p1a: Chandelure|Chandelure|Chandelurite\n|move|p2a: Ninetales|Freeze-Dry|p1b: Decidueye\n|-supereffective|p1b: Decidueye|1\n|-damage|p1b: Decidueye|41/100\n|move|p1a: Chandelure|Heat Wave|p2b: Corviknight|[spread] p2a,p2b\n|-supereffective|p2a: Ninetales|1\n|-supereffective|p2b: Corviknight|1\n|-damage|p2a: Ninetales|0 fnt\n|-damage|p2b: Corviknight|21/100\n|-enditem|p2b: Corviknight|Sitrus Berry|[eat]\n|-heal|p2b: Corviknight|46/100|[from] item: Sitrus Berry\n|faint|p2a: Ninetales\n|move|p1b: Decidueye|Spirit Shackle|p2b: Corviknight\n|-damage|p2b: Corviknight|20/100\n|-activate|p2b: Corviknight|trapped\n|move|p2b: Corviknight|Brave Bird|p1b: Decidueye\n|-supereffective|p1b: Decidueye|1\n|-damage|p1b: Decidueye|0 fnt\n|faint|p1b: Decidueye\n|-damage|p2b: Corviknight|10/100|[from] Recoil\n|\n|-weather|Snowscape|[upkeep]\n|upkeep\n|turn|8\n|\n|t:|1776417515\n|move|p1a: Chandelure|Heat Wave|p2b: Corviknight\n|-supereffective|p2b: Corviknight|1\n|-damage|p2b: Corviknight|0 fnt\n|faint|p2b: Corviknight\n|\n|win|EliDux\n|raw|EliDux's rating: 1000 &rarr; <strong>1040</strong><br />(+40 for winning)\n|raw|jolumilbacano's rating: 1000 &rarr; <strong>1000</strong><br />(+0 for losing)\n|l|\u2606jolumilbacano\n|player|p2|\n",
  "uploadtime": 1776417527,
  "views": 18,
  "formatid": "gen9championsvgc2026regma",
  "rating": 1000,
  "private": 0,
  "password": null
}