{
  "id": "gen9championsvgc2026regma-2586668200",
  "format": "[Gen 9 Champions] VGC 2026 Reg M-A",
  "players": [
    "Xelemental 4ever",
    "ToffeeApples"
  ],
  "log": "|j|\u2606Xelemental 4ever\n|j|\u2606ToffeeApples\n|t:|1776450666\n|gametype|doubles\n|player|p1|Xelemental 4ever|2|1296\n|player|p2|ToffeeApples|170|1292\n|gen|9\n|tier|[Gen 9 Champions] VGC 2026 Reg M-A\n|rated|\n|rule|Species Clause: Limit one of each Pok\u00e9mon\n|rule|Item Clause: Limit 1 of each item\n|clearpoke\n|poke|p1|Froslass, L50, F|\n|poke|p1|Empoleon, L50, M|\n|poke|p1|Tsareena, L50, F|\n|poke|p1|Garchomp, L50, M|\n|poke|p1|Armarouge, L50, F|\n|poke|p1|Sableye, L50, M|\n|poke|p2|Tyranitar, L50, F|\n|poke|p2|Excadrill, L50, M|\n|poke|p2|Rotom-Wash, L50|\n|poke|p2|Aerodactyl, L50, F|\n|poke|p2|Sinistcha, L50|\n|poke|p2|Sneasler, L50, F|\n|teampreview|4\n|c|\u2606Xelemental 4ever|Gl hf\n|\n|t:|1776450708\n|teamsize|p1|4\n|teamsize|p2|4\n|start\n|switch|p1a: Sableye|Sableye, L50, M|100/100\n|switch|p1b: Empoleon|Empoleon, L50, M|100/100\n|switch|p2a: Aerodactyl|Aerodactyl, L50, F|100/100\n|switch|p2b: Rotom|Rotom-Wash, L50|100/100\n|-ability|p2a: Aerodactyl|Unnerve\n|turn|1\n|\n|t:|1776450718\n|move|p1a: Sableye|Fake Out|p2b: Rotom\n|-damage|p2b: Rotom|91/100\n|move|p2a: Aerodactyl|Tailwind|p2a: Aerodactyl\n|-sidestart|p2: ToffeeApples|move: Tailwind\n|cant|p2b: Rotom|flinch\n|move|p1b: Empoleon|Flash Cannon|p2a: Aerodactyl\n|-supereffective|p2a: Aerodactyl|1\n|-damage|p2a: Aerodactyl|0 fnt\n|faint|p2a: Aerodactyl\n|\n|upkeep\n|\n|t:|1776450725\n|switch|p2a: Excadrill|Excadrill, L50, M|100/100\n|turn|2\n|\n|t:|1776450732\n|move|p2a: Excadrill|Protect|p2a: Excadrill\n|-singleturn|p2a: Excadrill|Protect\n|move|p1a: Sableye|Quash|p2a: Excadrill\n|-activate|p2a: Excadrill|move: Protect\n|move|p2b: Rotom|Thunderbolt|p1b: Empoleon\n|-supereffective|p1b: Empoleon|1\n|-damage|p1b: Empoleon|11/100\n|move|p1b: Empoleon|Hydro Pump|p2a: Excadrill\n|-activate|p2a: Excadrill|move: Protect\n|\n|upkeep\n|turn|3\n|\n|t:|1776450750\n|switch|p1b: Garchomp|Garchomp, L50, M|100/100\n|move|p2b: Rotom|Thunderbolt|p1b: Garchomp\n|-immune|p1b: Garchomp\n|move|p2a: Excadrill|High Horsepower|p1b: Garchomp\n|-damage|p1b: Garchomp|42/100\n|-damage|p2a: Excadrill|88/100|[from] ability: Rough Skin|[of] p1b: Garchomp\n|move|p1a: Sableye|Foul Play|p2a: Excadrill\n|-damage|p2a: Excadrill|5/100\n|\n|upkeep\n|turn|4\n|\n|t:|1776450769\n|move|p2a: Excadrill|Protect|p2a: Excadrill\n|-singleturn|p2a: Excadrill|Protect\n|move|p1a: Sableye|Quash|p2b: Rotom\n|-activate|p2b: Rotom|move: Quash\n|move|p1b: Garchomp|Rock Slide|p2b: Rotom|[spread] \n|-activate|p2a: Excadrill|move: Protect\n|-miss|p1b: Garchomp|p2b: Rotom\n|move|p2b: Rotom|Thunderbolt|p1a: Sableye\n|-damage|p1a: Sableye|49/100\n|-status|p1a: Sableye|par\n|-enditem|p1a: Sableye|Sitrus Berry|[eat]\n|-heal|p1a: Sableye|74/100 par|[from] item: Sitrus Berry\n|\n|-sideend|p2: ToffeeApples|move: Tailwind\n|upkeep\n|turn|5\n|\n|t:|1776450791\n|switch|p2a: Tyranitar|Tyranitar, L50, F|100/100\n|-weather|Sandstorm|[from] ability: Sand Stream|[of] p2a: Tyranitar\n|cant|p1a: Sableye|par\n|move|p2b: Rotom|Thunderbolt|p1a: Sableye\n|-damage|p1a: Sableye|23/100 par\n|move|p1b: Garchomp|Rock Slide|p2a: Tyranitar|[spread] p2a,p2b\n|-damage|p2a: Tyranitar|85/100\n|-damage|p2b: Rotom|71/100\n|\n|-weather|Sandstorm|[upkeep]\n|-damage|p2b: Rotom|65/100|[from] Sandstorm\n|-damage|p1a: Sableye|18/100 par|[from] Sandstorm\n|upkeep\n|turn|6\n|\n|t:|1776450809\n|move|p1a: Sableye|Helping Hand|p1b: Garchomp\n|-singleturn|p1b: Garchomp|Helping Hand|[of] p1a: Sableye\n|move|p1b: Garchomp|Earthquake|p2a: Tyranitar|[spread] p1a,p2a\n|-immune|p2b: Rotom|[from] ability: Levitate\n|-supereffective|p2a: Tyranitar|1\n|-damage|p1a: Sableye|0 fnt\n|-damage|p2a: Tyranitar|0 fnt\n|faint|p1a: Sableye\n|faint|p2a: Tyranitar\n|move|p2b: Rotom|Thunderbolt|p1b: Garchomp\n|-immune|p1b: Garchomp\n|\n|-weather|Sandstorm|[upkeep]\n|-damage|p2b: Rotom|59/100|[from] Sandstorm\n|upkeep\n|\n|t:|1776450820\n|switch|p2a: Excadrill|Excadrill, L50, M|5/100\n|switch|p1a: Froslass|Froslass, L50, F|100/100\n|turn|7\n|-message|ToffeeApples forfeited.\n|\n|win|Xelemental 4ever\n|raw|Xelemental 4ever's rating: 1296 &rarr; <strong>1321</strong><br />(+25 for winning)\n|raw|ToffeeApples's rating: 1292 &rarr; <strong>1267</strong><br />(-25 for losing)\n|l|\u2606ToffeeApples\n|player|p2|\n",
  "uploadtime": 1776450830,
  "views": 61,
  "formatid": "gen9championsvgc2026regma",
  "rating": 1267,
  "private": 0,
  "password": null
}