{
  "id": "gen9championsvgc2026regma-2584353093",
  "format": "[Gen 9 Champions] VGC 2026 Reg M-A",
  "players": [
    "KittyPrincess194",
    "rajyesh1"
  ],
  "log": "|j|\u2606KittyPrincess194\n|j|\u2606rajyesh1\n|t:|1776254127\n|gametype|doubles\n|player|p1|KittyPrincess194|1|1066\n|player|p2|rajyesh1|unknown|1131\n|gen|9\n|tier|[Gen 9 Champions] VGC 2026 Reg M-A\n|rated|\n|rule|Species Clause: Limit one of each Pok\u00e9mon\n|rule|Item Clause: Limit 1 of each item\n|clearpoke\n|poke|p1|Incineroar, L50, M|\n|poke|p1|Froslass, L50, F|\n|poke|p1|Kommo-o, L50, M|\n|poke|p1|Whimsicott, L50, F|\n|poke|p1|Basculegion, L50, M|\n|poke|p1|Archaludon, L50, F|\n|poke|p2|Charizard, L50, M|\n|poke|p2|Venusaur, L50, F|\n|poke|p2|Garchomp, L50, M|\n|poke|p2|Rotom-Wash, L50|\n|poke|p2|Sneasler, L50, F|\n|poke|p2|Incineroar, L50, F|\n|teampreview|4\n|inactive|Battle timer is ON: inactive players will automatically lose when time's up. (requested by rajyesh1)\n|inactive|rajyesh1 has 60 seconds left.\n|inactive|rajyesh1 has 30 seconds left.\n|inactive|rajyesh1 has 20 seconds left.\n|inactive|rajyesh1 has 15 seconds left.\n|\n|t:|1776254207\n|teamsize|p1|4\n|teamsize|p2|4\n|start\n|switch|p1a: Whimsicott|Whimsicott, L50, F|100/100\n|switch|p1b: Kommo-o|Kommo-o, L50, M|100/100\n|switch|p2a: Charizard|Charizard, L50, M|100/100\n|switch|p2b: Sneasler|Sneasler, L50, F|100/100\n|turn|1\n|inactive|rajyesh1 has 30 seconds left.\n|\n|t:|1776254235\n|switch|p2a: Incineroar|Incineroar, L50, F|100/100\n|-ability|p2a: Incineroar|Intimidate|boost\n|-unboost|p1a: Whimsicott|atk|1\n|-unboost|p1b: Kommo-o|atk|1\n|move|p2b: Sneasler|Fake Out|p1a: Whimsicott\n|-damage|p1a: Whimsicott|84/100\n|cant|p1a: Whimsicott|flinch\n|move|p1b: Kommo-o|Boomburst|p2b: Sneasler|[spread] p1a,p2a,p2b\n|-damage|p1a: Whimsicott|43/100\n|-damage|p2a: Incineroar|69/100\n|-damage|p2b: Sneasler|62/100\n|\n|upkeep\n|turn|2\n|inactive|rajyesh1 has 30 seconds left.\n|\n|t:|1776254267\n|move|p2a: Incineroar|Fake Out|p1a: Whimsicott\n|-damage|p1a: Whimsicott|25/100\n|cant|p1a: Whimsicott|flinch\n|move|p2b: Sneasler|Dire Claw|p1b: Kommo-o\n|-damage|p1b: Kommo-o|70/100\n|move|p1b: Kommo-o|Boomburst|p2a: Incineroar|[spread] p1a,p2a,p2b\n|-damage|p1a: Whimsicott|0 fnt\n|-damage|p2a: Incineroar|39/100\n|-damage|p2b: Sneasler|23/100\n|-enditem|p2a: Incineroar|Sitrus Berry|[eat]\n|-heal|p2a: Incineroar|64/100|[from] item: Sitrus Berry\n|faint|p1a: Whimsicott\n|\n|upkeep\n|\n|t:|1776254280\n|switch|p1a: Incineroar|Incineroar, L50, M|100/100\n|-ability|p1a: Incineroar|Intimidate|boost\n|-unboost|p2a: Incineroar|atk|1\n|-unboost|p2b: Sneasler|atk|1\n|-enditem|p2b: Sneasler|White Herb\n|-clearnegativeboost|p2b: Sneasler|[silent]\n|turn|3\n|\n|t:|1776254304\n|switch|p2b: Rotom|Rotom-Wash, L50|100/100\n|move|p1a: Incineroar|Fake Out|p2b: Rotom\n|-damage|p2b: Rotom|90/100\n|move|p1b: Kommo-o|Boomburst|p2a: Incineroar|[spread] p1a,p2a,p2b\n|-damage|p1a: Incineroar|78/100\n|-damage|p2a: Incineroar|32/100\n|-damage|p2b: Rotom|58/100\n|move|p2a: Incineroar|Parting Shot|p1b: Kommo-o\n|-unboost|p1b: Kommo-o|atk|1\n|-unboost|p1b: Kommo-o|spa|1\n|\n|t:|1776254315\n|switch|p2a: Sneasler|Sneasler, L50, F|23/100|[from] Parting Shot\n|\n|-heal|p2b: Rotom|64/100|[from] item: Leftovers\n|upkeep\n|turn|4\n|inactive|KittyPrincess194 has 30 seconds left.\n|inactive|rajyesh1 has 30 seconds left.\n|inactive|KittyPrincess194 has 20 seconds left.\n|\n|t:|1776254350\n|switch|p1b: Froslass|Froslass, L50, F|100/100\n|move|p2a: Sneasler|Fake Out|p1b: Froslass\n|-immune|p1b: Froslass\n|move|p2b: Rotom|Hydro Pump|p1a: Incineroar|[miss]\n|-miss|p2b: Rotom|p1a: Incineroar\n|move|p1a: Incineroar|Throat Chop|p2b: Rotom\n|-damage|p2b: Rotom|33/100\n|-start|p2b: Rotom|Throat Chop|[silent]\n|\n|-heal|p2b: Rotom|39/100|[from] item: Leftovers\n|upkeep\n|turn|5\n|inactive|KittyPrincess194 has 30 seconds left.\n|inactive|rajyesh1 has 30 seconds left.\n|\n|t:|1776254384\n|detailschange|p1b: Froslass|Froslass-Mega, L50, F\n|-mega|p1b: Froslass|Froslass|Froslassite\n|-weather|Snowscape|[from] ability: Snow Warning|[of] p1b: Froslass\n|move|p2a: Sneasler|Rock Tomb|p1b: Froslass\n|-supereffective|p1b: Froslass|1\n|-damage|p1b: Froslass|62/100\n|-unboost|p1b: Froslass|spe|1\n|move|p2b: Rotom|Hydro Pump|p1a: Incineroar\n|-supereffective|p1a: Incineroar|1\n|-damage|p1a: Incineroar|8/100\n|move|p1b: Froslass|Blizzard|p2b: Rotom|[spread] p2a,p2b\n|-resisted|p2b: Rotom|1\n|-damage|p2a: Sneasler|0 fnt\n|-damage|p2b: Rotom|14/100\n|faint|p2a: Sneasler\n|move|p1a: Incineroar|Fire Blast|p2b: Rotom\n|-resisted|p2b: Rotom|1\n|-crit|p2b: Rotom\n|-damage|p2b: Rotom|0 fnt\n|faint|p2b: Rotom\n|\n|-weather|Snowscape|[upkeep]\n|upkeep\n|\n|t:|1776254400\n|switch|p2a: Charizard|Charizard, L50, M|100/100\n|switch|p2b: Incineroar|Incineroar, L50, F|32/100\n|-ability|p2b: Incineroar|Intimidate|boost\n|-unboost|p1a: Incineroar|atk|1\n|-unboost|p1b: Froslass|atk|1\n|turn|6\n|inactive|KittyPrincess194 has 30 seconds left.\n|inactive|KittyPrincess194 has 20 seconds left.\n|inactive|KittyPrincess194 has 15 seconds left.\n|inactive|KittyPrincess194 has 10 seconds left.\n|inactive|rajyesh1 has 30 seconds left.\n|inactive|KittyPrincess194 has 5 seconds left.\n|\n|t:|1776254455\n|move|p2b: Incineroar|Fake Out|p1a: Incineroar\n|-damage|p1a: Incineroar|0 fnt\n|faint|p1a: Incineroar\n|move|p2a: Charizard|Heat Wave|p1b: Froslass\n|-supereffective|p1b: Froslass|1\n|-damage|p1b: Froslass|0 fnt\n|faint|p1b: Froslass\n|\n|-weather|Snowscape|[upkeep]\n|upkeep\n|\n|t:|1776254464\n|switch|p1b: Kommo-o|Kommo-o, L50, M|70/100\n|turn|7\n|\n|t:|1776254484\n|detailschange|p2a: Charizard|Charizard-Mega-Y, L50, M\n|-mega|p2a: Charizard|Charizard|Charizardite Y\n|-weather|SunnyDay|[from] ability: Drought|[of] p2a: Charizard\n|move|p1b: Kommo-o|Clanging Scales|p2b: Incineroar|[spread] p2a,p2b\n|-damage|p2a: Charizard|65/100\n|-damage|p2b: Incineroar|0 fnt\n|faint|p2b: Incineroar\n|-unboost|p1b: Kommo-o|def|1\n|move|p2a: Charizard|Heat Wave|p1b: Kommo-o\n|-resisted|p1b: Kommo-o|1\n|-damage|p1b: Kommo-o|19/100\n|-status|p1b: Kommo-o|brn\n|\n|-weather|SunnyDay|[upkeep]\n|-damage|p1b: Kommo-o|13/100 brn|[from] brn\n|upkeep\n|turn|8\n|\n|t:|1776254499\n|move|p1b: Kommo-o|Clanging Scales|p2a: Charizard\n|-damage|p2a: Charizard|13/100\n|-unboost|p1b: Kommo-o|def|1\n|move|p2a: Charizard|Heat Wave|p1b: Kommo-o\n|-resisted|p1b: Kommo-o|1\n|-damage|p1b: Kommo-o|0 fnt\n|faint|p1b: Kommo-o\n|\n|win|rajyesh1\n|raw|KittyPrincess194's rating: 1066 &rarr; <strong>1050</strong><br />(-16 for losing)\n|raw|rajyesh1's rating: 1131 &rarr; <strong>1151</strong><br />(+20 for winning)\n|l|\u2606KittyPrincess194\n|player|p1|\n",
  "uploadtime": 1776254509,
  "views": 25,
  "formatid": "gen9championsvgc2026regma",
  "rating": 1050,
  "private": 0,
  "password": null
}