{
  "id": "gen9championsvgc2026regma-2585434025",
  "format": "[Gen 9 Champions] VGC 2026 Reg M-A",
  "players": [
    "1#MiraidonHater",
    "pokemoncrusader"
  ],
  "log": "|j|\u26061#MiraidonHater\n|j|\u2606pokemoncrusader\n|t:|1776347016\n|gametype|doubles\n|player|p1|1#MiraidonHater|266|1277\n|player|p2|pokemoncrusader|fisherman-gen4|1337\n|gen|9\n|tier|[Gen 9 Champions] VGC 2026 Reg M-A\n|rated|\n|rule|Species Clause: Limit one of each Pok\u00e9mon\n|rule|Item Clause: Limit 1 of each item\n|clearpoke\n|poke|p1|Houndoom, L50, F|\n|poke|p1|Gengar, L50, M|\n|poke|p1|Torkoal, L50, F|\n|poke|p1|Sinistcha-Masterpiece, L50|\n|poke|p1|Gyarados, L50, F|\n|poke|p1|Farigiraf, L50, M|\n|poke|p2|Chandelure, L50, F|\n|poke|p2|Aerodactyl, L50, F|\n|poke|p2|Incineroar, L50, F|\n|poke|p2|Primarina, L50, M|\n|poke|p2|Corviknight, L50, F|\n|poke|p2|Garchomp, L50, M|\n|teampreview|4\n|inactive|Battle timer is ON: inactive players will automatically lose when time's up. (requested by pokemoncrusader)\n|\n|t:|1776347035\n|teamsize|p1|4\n|teamsize|p2|4\n|start\n|switch|p1a: Houndoom|Houndoom, L50, F|100/100\n|switch|p1b: Gengar|Gengar, L50, M|100/100\n|switch|p2a: Aerodactyl|Aerodactyl, L50, F|100/100\n|switch|p2b: Garchomp|Garchomp, L50, M|100/100\n|-ability|p2a: Aerodactyl|Unnerve\n|-ability|p1a: Houndoom|Unnerve\n|turn|1\n|\n|t:|1776347049\n|detailschange|p1a: Houndoom|Houndoom-Mega, L50, F\n|-mega|p1a: Houndoom|Houndoom|Houndoominite\n|move|p1b: Gengar|Icy Wind|p2b: Garchomp|[spread] p2a,p2b\n|-supereffective|p2a: Aerodactyl|1\n|-supereffective|p2b: Garchomp|2\n|-damage|p2a: Aerodactyl|58/100\n|-damage|p2b: Garchomp|28/100\n|-unboost|p2a: Aerodactyl|spe|1\n|-unboost|p2b: Garchomp|spe|1\n|move|p1a: Houndoom|Dark Pulse|p2b: Garchomp\n|-damage|p2b: Garchomp|0 fnt\n|faint|p2b: Garchomp\n|move|p2a: Aerodactyl|Rock Slide|p1a: Houndoom|[spread] p1b\n|-miss|p2a: Aerodactyl|p1a: Houndoom\n|-damage|p1b: Gengar|54/100\n|-start|p2a: Aerodactyl|Disable|Rock Slide|[from] ability: Cursed Body|[of] p1b: Gengar\n|\n|upkeep\n|c|\u2606pokemoncrusader|scarfed gen\n|c|\u2606pokemoncrusader|dangit\n|c|\u26061#MiraidonHater|yep\n|inactive|pokemoncrusader has 30 seconds left.\n|c|\u2606pokemoncrusader|probs gg the, but ill try\n|inactive|pokemoncrusader has 20 seconds left.\n|c|\u26061#MiraidonHater|outside of mega its the only set\n|\n|t:|1776347086\n|switch|p2b: Primarina|Primarina, L50, M|100/100\n|turn|2\n|\n|t:|1776347103\n|switch|p1b: Torkoal|Torkoal, L50, F|100/100\n|-weather|SunnyDay|[from] ability: Drought|[of] p1b: Torkoal\n|move|p1a: Houndoom|Protect|p1a: Houndoom\n|-singleturn|p1a: Houndoom|Protect\n|move|p2a: Aerodactyl|Protect|p2a: Aerodactyl\n|-singleturn|p2a: Aerodactyl|Protect\n|move|p2b: Primarina|Calm Mind|p2b: Primarina\n|-boost|p2b: Primarina|spa|1\n|-boost|p2b: Primarina|spd|1\n|\n|-weather|SunnyDay|[upkeep]\n|-damage|p1a: Houndoom|88/100|[from] ability: Solar Power|[of] p1a: Houndoom\n|upkeep\n|turn|3\n|c|\u2606pokemoncrusader|i had scared chomp so i was ready lol\n|\n|t:|1776347123\n|move|p1a: Houndoom|Snarl|p2a: Aerodactyl|[spread] p2a,p2b\n|-resisted|p2b: Primarina|1\n|-damage|p2a: Aerodactyl|11/100\n|-damage|p2b: Primarina|91/100\n|-unboost|p2a: Aerodactyl|spa|1\n|-unboost|p2b: Primarina|spa|1\n|move|p2a: Aerodactyl|Tailwind|p2a: Aerodactyl\n|-sidestart|p2: pokemoncrusader|move: Tailwind\n|move|p2b: Primarina|Calm Mind|p2b: Primarina\n|-boost|p2b: Primarina|spa|1\n|-boost|p2b: Primarina|spd|1\n|move|p1b: Torkoal|Heat Wave|p2a: Aerodactyl|[spread] p2a,p2b\n|-resisted|p2a: Aerodactyl|1\n|-resisted|p2b: Primarina|1\n|-damage|p2a: Aerodactyl|0 fnt\n|-damage|p2b: Primarina|77/100\n|faint|p2a: Aerodactyl\n|\n|-weather|SunnyDay|[upkeep]\n|-damage|p1a: Houndoom|76/100|[from] ability: Solar Power|[of] p1a: Houndoom\n|upkeep\n|\n|t:|1776347138\n|switch|p2a: Chandelure|Chandelure, L50, F|100/100\n|turn|4\n|\n|t:|1776347147\n|detailschange|p2a: Chandelure|Chandelure-Mega, L50, F\n|-mega|p2a: Chandelure|Chandelure|Chandelurite\n|move|p2a: Chandelure|Shadow Ball|p1b: Torkoal\n|-damage|p1b: Torkoal|21/100\n|move|p2b: Primarina|Hyper Voice|p1b: Torkoal|[spread] p1a,p1b\n|-supereffective|p1a: Houndoom|1\n|-supereffective|p1b: Torkoal|1\n|-damage|p1a: Houndoom|5/100\n|-damage|p1b: Torkoal|0 fnt\n|faint|p1b: Torkoal\n|move|p1a: Houndoom|Snarl|p2a: Chandelure|[spread] p2a,p2b\n|-supereffective|p2a: Chandelure|1\n|-resisted|p2b: Primarina|1\n|-damage|p2a: Chandelure|16/100\n|-damage|p2b: Primarina|69/100\n|-unboost|p2a: Chandelure|spa|1\n|-unboost|p2b: Primarina|spa|1\n|\n|-weather|SunnyDay|[upkeep]\n|-damage|p1a: Houndoom|0 fnt|[from] ability: Solar Power|[of] p1a: Houndoom\n|faint|p1a: Houndoom\n|upkeep\n|\n|t:|1776347155\n|switch|p1a: Gengar|Gengar, L50, M|54/100\n|switch|p1b: Farigiraf|Farigiraf, L50, M|100/100\n|turn|5\n|c|\u26061#MiraidonHater|i think i lose\n|\n|t:|1776347177\n|move|p2a: Chandelure|Shadow Ball|p1a: Gengar\n|-supereffective|p1a: Gengar|1\n|-damage|p1a: Gengar|0 fnt\n|faint|p1a: Gengar\n|move|p2b: Primarina|Hyper Voice|p1b: Farigiraf\n|-damage|p1b: Farigiraf|74/100\n|move|p1b: Farigiraf|Psychic|p2a: Chandelure\n|-damage|p2a: Chandelure|0 fnt\n|faint|p2a: Chandelure\n|\n|-weather|SunnyDay|[upkeep]\n|upkeep\n|turn|6\n|c|\u2606pokemoncrusader|oh dang\n|c|\u26061#MiraidonHater|yeah\n|c|\u26061#MiraidonHater|i couldnt deal damage to prim sadlyt\n|inactive|1#MiraidonHater has 30 seconds left.\n|\n|t:|1776347205\n|move|p2b: Primarina|Moonblast|p1b: Farigiraf\n|-damage|p1b: Farigiraf|23/100\n|-enditem|p1b: Farigiraf|Sitrus Berry|[eat]\n|-heal|p1b: Farigiraf|47/100|[from] item: Sitrus Berry\n|move|p1b: Farigiraf|Psychic|p2b: Primarina\n|-damage|p2b: Primarina|48/100\n|\n|-weather|none\n|-sideend|p2: pokemoncrusader|move: Tailwind\n|upkeep\n|turn|7\n|c|\u2606pokemoncrusader|well, lets see how much moon blast does. prim has been my mv\n|c|\u2606pokemoncrusader|mvp\n|c|\u26061#MiraidonHater|if i crit i win\n|c|\u2606pokemoncrusader|better than megas alot of time\n|\n|t:|1776347224\n|move|p2b: Primarina|Moonblast|p1b: Farigiraf\n|-damage|p1b: Farigiraf|0 fnt\n|faint|p1b: Farigiraf\n|\n|win|pokemoncrusader\n",
  "uploadtime": 1776347019,
  "views": 26,
  "formatid": "gen9championsvgc2026regma",
  "rating": null,
  "private": 0,
  "password": null
}