{
  "id": "gen9championsvgc2026regma-2585967688",
  "format": "[Gen 9 Champions] VGC 2026 Reg M-A",
  "players": [
    "Bun0p",
    "dr.ultraball head"
  ],
  "log": "|j|\u2606Bun0p\n|j|\u2606dr.ultraball head\n|t:|1776385979\n|gametype|doubles\n|player|p1|Bun0p|harlequin|1087\n|player|p2|dr.ultraball head|gardenia-masters|1126\n|gen|9\n|tier|[Gen 9 Champions] VGC 2026 Reg M-A\n|rated|\n|rule|Species Clause: Limit one of each Pok\u00e9mon\n|rule|Item Clause: Limit 1 of each item\n|clearpoke\n|poke|p1|Tyranitar, L50, F|\n|poke|p1|Excadrill, L50, F|\n|poke|p1|Corviknight, L50, F|\n|poke|p1|Sinistcha, L50|\n|poke|p1|Milotic, L50, M|\n|poke|p1|Incineroar, L50, M|\n|poke|p2|Sinistcha, L50|\n|poke|p2|Slowking, L50, M|\n|poke|p2|Incineroar, L50, F|\n|poke|p2|Crabominable, L50, M|\n|poke|p2|Farigiraf, L50, F|\n|poke|p2|Aegislash, L50, F|\n|teampreview|4\n|\n|t:|1776386000\n|teamsize|p1|4\n|teamsize|p2|4\n|start\n|switch|p1a: Tyranitar|Tyranitar, L50, F|100/100\n|switch|p1b: Excadrill|Excadrill, L50, F, shiny|100/100\n|switch|p2a: Incineroar|Incineroar, L50, F|100/100\n|switch|p2b: Sinistcha|Sinistcha, L50|100/100\n|-weather|Sandstorm|[from] ability: Sand Stream|[of] p1a: Tyranitar\n|-ability|p2a: Incineroar|Intimidate|boost\n|-unboost|p1a: Tyranitar|atk|1\n|-unboost|p1b: Excadrill|atk|1\n|turn|1\n|\n|t:|1776386033\n|detailschange|p1a: Tyranitar|Tyranitar-Mega, L50, F\n|-mega|p1a: Tyranitar|Tyranitar|Tyranitarite\n|move|p2a: Incineroar|Fake Out|p1a: Tyranitar\n|-resisted|p1a: Tyranitar|1\n|-damage|p1a: Tyranitar|96/100\n|move|p1b: Excadrill|High Horsepower|p2a: Incineroar\n|-supereffective|p2a: Incineroar|1\n|-damage|p2a: Incineroar|26/100\n|-enditem|p2a: Incineroar|Sitrus Berry|[eat]\n|-heal|p2a: Incineroar|51/100|[from] item: Sitrus Berry\n|cant|p1a: Tyranitar|flinch\n|move|p2b: Sinistcha|Trick Room|p2b: Sinistcha\n|-fieldstart|move: Trick Room|[of] p2b: Sinistcha\n|\n|-weather|Sandstorm|[upkeep]\n|-damage|p2a: Incineroar|45/100|[from] Sandstorm\n|-damage|p2b: Sinistcha|94/100|[from] Sandstorm\n|-heal|p2b: Sinistcha|100/100|[from] item: Leftovers\n|upkeep\n|turn|2\n|\n|t:|1776386059\n|switch|p1b: Incineroar|Incineroar, L50, M|100/100\n|-ability|p1b: Incineroar|Intimidate|boost\n|-unboost|p2a: Incineroar|atk|1\n|-unboost|p2b: Sinistcha|atk|1\n|move|p2a: Incineroar|Flare Blitz|p1b: Incineroar\n|-resisted|p1b: Incineroar|1\n|-damage|p1b: Incineroar|80/100\n|-damage|p2a: Incineroar|38/100|[from] Recoil\n|move|p2b: Sinistcha|Matcha Gotcha|p1a: Tyranitar|[spread] p1a,p1b\n|-supereffective|p1a: Tyranitar|1\n|-resisted|p1b: Incineroar|1\n|-damage|p1a: Tyranitar|70/100\n|-damage|p1b: Incineroar|71/100\n|move|p1a: Tyranitar|Rock Slide|p2b: Sinistcha|[spread] p2a,p2b\n|-supereffective|p2a: Incineroar|1\n|-damage|p2a: Incineroar|0 fnt\n|-damage|p2b: Sinistcha|81/100\n|faint|p2a: Incineroar\n|\n|-weather|Sandstorm|[upkeep]\n|-damage|p1b: Incineroar|65/100|[from] Sandstorm\n|-damage|p2b: Sinistcha|75/100|[from] Sandstorm\n|-heal|p2b: Sinistcha|81/100|[from] item: Leftovers\n|upkeep\n|\n|t:|1776386084\n|switch|p2a: Crabominable|Crabominable, L50, M|100/100\n|turn|3\n|\n|t:|1776386104\n|switch|p1a: Sinistcha|Sinistcha, L50|100/100\n|-heal|p1b: Incineroar|90/100|[from] ability: Hospitality|[of] p1a: Sinistcha\n|detailschange|p2a: Crabominable|Crabominable-Mega, L50, M\n|-mega|p2a: Crabominable|Crabominable|Crabominite\n|move|p2a: Crabominable|Protect|p2a: Crabominable\n|-singleturn|p2a: Crabominable|Protect\n|move|p2b: Sinistcha|Protect|p2b: Sinistcha\n|-singleturn|p2b: Sinistcha|Protect\n|move|p1b: Incineroar|Darkest Lariat|p2b: Sinistcha\n|-activate|p2b: Sinistcha|move: Protect\n|\n|-weather|Sandstorm|[upkeep]\n|-damage|p2a: Crabominable|95/100|[from] Sandstorm\n|-damage|p1b: Incineroar|84/100|[from] Sandstorm\n|-damage|p2b: Sinistcha|75/100|[from] Sandstorm\n|-damage|p1a: Sinistcha|94/100|[from] Sandstorm\n|-heal|p2b: Sinistcha|81/100|[from] item: Leftovers\n|upkeep\n|turn|4\n|inactive|Battle timer is ON: inactive players will automatically lose when time's up. (requested by Bun0p)\n|\n|t:|1776386142\n|move|p1a: Sinistcha|Rage Powder|p1a: Sinistcha\n|-singleturn|p1a: Sinistcha|move: Rage Powder\n|move|p2a: Crabominable|Drain Punch|p1a: Sinistcha\n|-immune|p1a: Sinistcha\n|move|p1b: Incineroar|Darkest Lariat|p2b: Sinistcha\n|-supereffective|p2b: Sinistcha|1\n|-damage|p2b: Sinistcha|17/100\n|move|p2b: Sinistcha|Matcha Gotcha|p1a: Sinistcha|[spread] p1a,p1b\n|-resisted|p1a: Sinistcha|1\n|-resisted|p1b: Incineroar|1\n|-damage|p1a: Sinistcha|84/100\n|-heal|p2b: Sinistcha|22/100|[from] drain|[of] p1a: Sinistcha\n|-damage|p1b: Incineroar|75/100\n|-heal|p2b: Sinistcha|27/100|[from] drain|[of] p1b: Incineroar\n|\n|-weather|Sandstorm|[upkeep]\n|-damage|p2a: Crabominable|89/100|[from] Sandstorm\n|-damage|p1b: Incineroar|69/100|[from] Sandstorm\n|-damage|p2b: Sinistcha|21/100|[from] Sandstorm\n|-damage|p1a: Sinistcha|78/100|[from] Sandstorm\n|-heal|p2b: Sinistcha|27/100|[from] item: Leftovers\n|upkeep\n|turn|5\n|\n|t:|1776386167\n|move|p2b: Sinistcha|Protect|p2b: Sinistcha\n|-singleturn|p2b: Sinistcha|Protect\n|move|p1a: Sinistcha|Rage Powder|p1a: Sinistcha\n|-singleturn|p1a: Sinistcha|move: Rage Powder\n|move|p2a: Crabominable|Ice Hammer|p1a: Sinistcha\n|-supereffective|p1a: Sinistcha|1\n|-damage|p1a: Sinistcha|0 fnt\n|-unboost|p2a: Crabominable|spe|1\n|faint|p1a: Sinistcha\n|move|p1b: Incineroar|Parting Shot|p2a: Crabominable\n|-unboost|p2a: Crabominable|atk|1\n|-unboost|p2a: Crabominable|spa|1\n|\n|t:|1776386178\n|switch|p1b: Excadrill|Excadrill, L50, F, shiny|100/100|[from] Parting Shot\n|\n|-weather|none\n|-heal|p2b: Sinistcha|34/100|[from] item: Leftovers\n|-fieldend|move: Trick Room\n|upkeep\n|\n|t:|1776386181\n|switch|p1a: Tyranitar|Tyranitar-Mega, L50, F|70/100\n|-weather|Sandstorm|[from] ability: Sand Stream|[of] p1a: Tyranitar\n|turn|6\n|\n|t:|1776386201\n|switch|p1a: Incineroar|Incineroar, L50, M|69/100\n|-ability|p1a: Incineroar|Intimidate|boost\n|-unboost|p2a: Crabominable|atk|1\n|-unboost|p2b: Sinistcha|atk|1\n|move|p2b: Sinistcha|Rage Powder|p2b: Sinistcha\n|-singleturn|p2b: Sinistcha|move: Rage Powder\n|move|p1b: Excadrill|Iron Head|p2b: Sinistcha\n|-damage|p2b: Sinistcha|0 fnt\n|faint|p2b: Sinistcha\n|move|p2a: Crabominable|Drain Punch|p1a: Incineroar\n|-supereffective|p1a: Incineroar|1\n|-damage|p1a: Incineroar|9/100\n|-heal|p2a: Crabominable|100/100|[from] drain|[of] p1a: Incineroar\n|-enditem|p1a: Incineroar|Sitrus Berry|[eat]\n|-heal|p1a: Incineroar|34/100|[from] item: Sitrus Berry\n|\n|-weather|Sandstorm|[upkeep]\n|-damage|p1a: Incineroar|28/100|[from] Sandstorm\n|-damage|p2a: Crabominable|95/100|[from] Sandstorm\n|upkeep\n|\n|t:|1776386220\n|switch|p2b: Aegislash|Aegislash, L50, F|100/100\n|turn|7\n|\n|t:|1776386237\n|switch|p1a: Tyranitar|Tyranitar-Mega, L50, F|70/100\n|move|p2b: Aegislash|King's Shield|p2b: Aegislash\n|-singleturn|p2b: Aegislash|Protect\n|move|p1b: Excadrill|High Horsepower|p2a: Crabominable\n|-damage|p2a: Crabominable|50/100\n|move|p2a: Crabominable|Drain Punch|p1a: Tyranitar\n|-supereffective|p1a: Tyranitar|2\n|-damage|p1a: Tyranitar|0 fnt\n|-heal|p2a: Crabominable|86/100|[from] drain|[of] p1a: Tyranitar\n|faint|p1a: Tyranitar\n|\n|-weather|Sandstorm|[upkeep]\n|-damage|p2a: Crabominable|80/100|[from] Sandstorm\n|upkeep\n|\n|t:|1776386247\n|switch|p1a: Incineroar|Incineroar, L50, M|28/100\n|-ability|p1a: Incineroar|Intimidate|boost\n|-unboost|p2a: Crabominable|atk|1\n|-unboost|p2b: Aegislash|atk|1\n|turn|8\n|\n|t:|1776386267\n|move|p2b: Aegislash|Wide Guard|p2b: Aegislash\n|-singleturn|p2b: Aegislash|Wide Guard\n|move|p1b: Excadrill|High Horsepower|p2a: Crabominable\n|-damage|p2a: Crabominable|39/100\n|move|p1a: Incineroar|Flare Blitz|p2b: Aegislash\n|-supereffective|p2b: Aegislash|1\n|-damage|p2b: Aegislash|27/100\n|-status|p2b: Aegislash|brn\n|-damage|p1a: Incineroar|8/100|[from] Recoil\n|move|p2a: Crabominable|Drain Punch|p1b: Excadrill\n|-supereffective|p1b: Excadrill|1\n|-damage|p1b: Excadrill|36/100\n|-heal|p2a: Crabominable|68/100|[from] drain|[of] p1b: Excadrill\n|\n|-weather|Sandstorm|[upkeep]\n|-damage|p1a: Incineroar|2/100|[from] Sandstorm\n|-damage|p2a: Crabominable|62/100|[from] Sandstorm\n|-damage|p2b: Aegislash|21/100 brn|[from] brn\n|upkeep\n|turn|9\n|\n|t:|1776386290\n|move|p2b: Aegislash|King's Shield||[still]\n|-fail|p2b: Aegislash\n|move|p2a: Crabominable|Protect|p2a: Crabominable\n|-singleturn|p2a: Crabominable|Protect\n|move|p1b: Excadrill|High Horsepower|p2a: Crabominable\n|-activate|p2a: Crabominable|move: Protect\n|move|p1a: Incineroar|Flare Blitz|p2a: Crabominable\n|-activate|p2a: Crabominable|move: Protect\n|\n|-weather|Sandstorm|[upkeep]\n|-damage|p1a: Incineroar|0 fnt|[from] Sandstorm\n|-damage|p2a: Crabominable|56/100|[from] Sandstorm\n|faint|p1a: Incineroar\n|-damage|p2b: Aegislash|15/100 brn|[from] brn\n|upkeep\n|turn|10\n|\n|t:|1776386315\n|move|p1b: Excadrill|Iron Head|p2a: Crabominable\n|-supereffective|p2a: Crabominable|1\n|-damage|p2a: Crabominable|0 fnt\n|faint|p2a: Crabominable\n|-formechange|p2b: Aegislash|Aegislash-Blade|\n|move|p2b: Aegislash|Shadow Ball|p1b: Excadrill\n|-damage|p1b: Excadrill|0 fnt\n|faint|p1b: Excadrill\n|\n|win|dr.ultraball head\n|raw|Bun0p's rating: 1087 &rarr; <strong>1067</strong><br />(-20 for losing)\n|raw|dr.ultraball head's rating: 1126 &rarr; <strong>1148</strong><br />(+22 for winning)\n|c|\u2606dr.ultraball head|Ggs\n|c|\u2606Bun0p|ggs\n|l|\u2606Bun0p\n|player|p1|\n|l|\u2606dr.ultraball head\n|player|p2|\n|j|\u2606dr.ultraball head\n|player|p2|dr.ultraball head|gardenia-masters|\n",
  "uploadtime": 1776386428,
  "views": 17,
  "formatid": "gen9championsvgc2026regma",
  "rating": 1067,
  "private": 0,
  "password": null
}