{
  "id": "gen9championsvgc2026regma-2586373118",
  "format": "[Gen 9 Champions] VGC 2026 Reg M-A",
  "players": [
    "mckfungus",
    "thebigyeast"
  ],
  "log": "|j|\u2606mckfungus\n|j|\u2606thebigyeast\n|t:|1776429796\n|gametype|doubles\n|player|p1|mckfungus|zinzolin|\n|player|p2|thebigyeast|101|\n|gen|9\n|tier|[Gen 9 Champions] VGC 2026 Reg M-A\n|rule|Species Clause: Limit one of each Pok\u00e9mon\n|rule|Item Clause: Limit 1 of each item\n|clearpoke\n|poke|p1|Altaria, L50, F|\n|poke|p1|Aerodactyl, L50, M|\n|poke|p1|Dragapult, L50, M|\n|poke|p1|Incineroar, L50, F|\n|poke|p1|Kangaskhan, L50, F|\n|poke|p1|Lycanroc-Dusk, L50, F|\n|poke|p2|Feraligatr, L50, M|\n|poke|p2|Arcanine-Hisui, L50, F|\n|poke|p2|Ninetales-Alola, L50, F|\n|poke|p2|Dragapult, L50, M|\n|poke|p2|Mamoswine, L50, M|\n|poke|p2|Whimsicott, L50, M|\n|teampreview|4\n|\n|t:|1776429852\n|teamsize|p1|4\n|teamsize|p2|4\n|start\n|switch|p1a: Aerodactyl|Aerodactyl, L50, M|100/100\n|switch|p1b: Altaria|Altaria, L50, F|100/100\n|switch|p2a: Feraligatr|Feraligatr, L50, M|100/100\n|switch|p2b: Ninetales|Ninetales-Alola, L50, F|100/100\n|-ability|p1a: Aerodactyl|Unnerve\n|-ability|p1b: Altaria|Cloud Nine\n|-weather|Snowscape|[from] ability: Snow Warning|[of] p2b: Ninetales\n|turn|1\n|\n|t:|1776429873\n|detailschange|p1b: Altaria|Altaria-Mega, L50, F\n|-mega|p1b: Altaria|Altaria|Altarianite\n|move|p1a: Aerodactyl|Taunt|p2b: Ninetales\n|-start|p2b: Ninetales|move: Taunt\n|move|p1b: Altaria|Hyper Voice|p2a: Feraligatr|[spread] p2a,p2b\n|-damage|p2a: Feraligatr|61/100\n|-damage|p2b: Ninetales|60/100\n|move|p2b: Ninetales|Dazzling Gleam|p1b: Altaria|[spread] p1a,p1b\n|-supereffective|p1b: Altaria|1\n|-crit|p1b: Altaria\n|-damage|p1a: Aerodactyl|78/100\n|-damage|p1b: Altaria|40/100\n|move|p2a: Feraligatr|Dragon Dance|p2a: Feraligatr\n|-boost|p2a: Feraligatr|atk|1\n|-boost|p2a: Feraligatr|spe|1\n|\n|-weather|Snowscape|[upkeep]\n|-heal|p2b: Ninetales|67/100|[from] item: Leftovers\n|upkeep\n|turn|2\n|\n|t:|1776429895\n|detailschange|p2a: Feraligatr|Feraligatr-Mega, L50, M\n|-mega|p2a: Feraligatr|Feraligatr|Feraligite\n|move|p1b: Altaria|Protect|p1b: Altaria\n|-singleturn|p1b: Altaria|Protect\n|move|p1a: Aerodactyl|Tailwind|p1a: Aerodactyl\n|-sidestart|p1: mckfungus|move: Tailwind\n|move|p2a: Feraligatr|Body Slam|p1b: Altaria\n|-activate|p1b: Altaria|move: Protect\n|move|p2b: Ninetales|Blizzard|p1a: Aerodactyl|[spread] p1a\n|-activate|p1b: Altaria|move: Protect\n|-supereffective|p1a: Aerodactyl|1\n|-damage|p1a: Aerodactyl|5/100\n|\n|-weather|Snowscape|[upkeep]\n|-heal|p2b: Ninetales|73/100|[from] item: Leftovers\n|upkeep\n|turn|3\n|\n|t:|1776429908\n|move|p2a: Feraligatr|Protect|p2a: Feraligatr\n|-singleturn|p2a: Feraligatr|Protect\n|move|p1a: Aerodactyl|Rock Slide|p2b: Ninetales|[spread] p2b\n|-activate|p2a: Feraligatr|move: Protect\n|-supereffective|p2b: Ninetales|1\n|-damage|p2b: Ninetales|39/100\n|move|p1b: Altaria|Hyper Voice|p2b: Ninetales|[spread] p2b\n|-activate|p2a: Feraligatr|move: Protect\n|-damage|p2b: Ninetales|0 fnt\n|faint|p2b: Ninetales\n|\n|-weather|Snowscape|[upkeep]\n|upkeep\n|\n|t:|1776429919\n|switch|p2b: Mamoswine|Mamoswine, L50, M|100/100\n|turn|4\n|\n|t:|1776429933\n|switch|p1a: Kangaskhan|Kangaskhan, L50, F|100/100\n|move|p2b: Mamoswine|Ice Shard|p1b: Altaria\n|-supereffective|p1b: Altaria|1\n|-damage|p1b: Altaria|0 fnt\n|faint|p1b: Altaria\n|move|p2a: Feraligatr|Liquidation|p1a: Kangaskhan\n|-damage|p1a: Kangaskhan|5/100\n|\n|-weather|Snowscape|[upkeep]\n|upkeep\n|\n|t:|1776429940\n|switch|p1b: Lycanroc|Lycanroc-Dusk, L50, F|100/100\n|turn|5\n|\n|t:|1776429954\n|move|p1a: Kangaskhan|Fake Out|p2a: Feraligatr\n|-damage|p2a: Feraligatr|46/100\n|move|p2b: Mamoswine|Ice Shard|p1a: Kangaskhan\n|-damage|p1a: Kangaskhan|0 fnt\n|faint|p1a: Kangaskhan\n|move|p1b: Lycanroc|Close Combat|p2a: Feraligatr\n|-damage|p2a: Feraligatr|4/100\n|-unboost|p1b: Lycanroc|def|1\n|-unboost|p1b: Lycanroc|spd|1\n|cant|p2a: Feraligatr|flinch\n|\n|-weather|none\n|-sideend|p1: mckfungus|move: Tailwind\n|upkeep\n|\n|t:|1776429959\n|switch|p1a: Aerodactyl|Aerodactyl, L50, M|5/100\n|-ability|p1a: Aerodactyl|Unnerve\n|turn|6\n|\n|t:|1776429970\n|move|p2b: Mamoswine|Ice Shard|p1a: Aerodactyl\n|-supereffective|p1a: Aerodactyl|1\n|-damage|p1a: Aerodactyl|0 fnt\n|faint|p1a: Aerodactyl\n|move|p1b: Lycanroc|Close Combat|p2a: Feraligatr\n|-damage|p2a: Feraligatr|0 fnt\n|-unboost|p1b: Lycanroc|def|1\n|-unboost|p1b: Lycanroc|spd|1\n|faint|p2a: Feraligatr\n|\n|upkeep\n|\n|t:|1776429973\n|switch|p2a: Dragapult|Dragapult, L50, M|100/100\n|turn|7\n|\n|t:|1776429996\n|move|p2b: Mamoswine|Ice Shard|p1b: Lycanroc\n|-damage|p1b: Lycanroc|27/100\n|move|p1b: Lycanroc|Close Combat|p2b: Mamoswine\n|-supereffective|p2b: Mamoswine|1\n|-damage|p2b: Mamoswine|0 fnt\n|-unboost|p1b: Lycanroc|def|1\n|-unboost|p1b: Lycanroc|spd|1\n|faint|p2b: Mamoswine\n|move|p2a: Dragapult|Dragon Darts|p1b: Lycanroc\n|-damage|p1b: Lycanroc|0 fnt\n|faint|p1b: Lycanroc\n|\n|win|thebigyeast\n|l|\u2606mckfungus\n|player|p1|\n",
  "uploadtime": 1776430016,
  "views": 22,
  "formatid": "gen9championsvgc2026regma",
  "rating": null,
  "private": 0,
  "password": null
}