{
  "id": "gen9championsvgc2026regma-2589390678",
  "format": "[Gen 9 Champions] VGC 2026 Reg M-A",
  "players": [
    "pipeei",
    "Drewster18"
  ],
  "log": "|j|\u2606pipeei\n|j|\u203dDrewster18\n|t:|1776719149\n|gametype|doubles\n|player|p1|pipeei|ingo|1248\n|player|p2|Drewster18|1|1189\n|gen|9\n|tier|[Gen 9 Champions] VGC 2026 Reg M-A\n|rated|\n|rule|Species Clause: Limit one of each Pok\u00e9mon\n|rule|Item Clause: Limit 1 of each item\n|clearpoke\n|poke|p1|Froslass, L50, F|\n|poke|p1|Ninetales-Alola, L50, F|\n|poke|p1|Garchomp, L50, M|\n|poke|p1|Corviknight, L50, F|\n|poke|p1|Basculegion, L50, M|\n|poke|p1|Pelipper, L50, M|\n|poke|p2|Aerodactyl, L50, F, shiny|\n|poke|p2|Incineroar, L50, F|\n|poke|p2|Kangaskhan, L50, F, shiny|\n|poke|p2|Milotic, L50, M, shiny|\n|poke|p2|Sinistcha, L50|\n|poke|p2|Sneasler, L50, M|\n|teampreview|4\n|\n|t:|1776719183\n|teamsize|p1|4\n|teamsize|p2|4\n|start\n|switch|p1a: Froslass|Froslass, L50, F|100/100\n|switch|p1b: Garchomp|Garchomp, L50, M|100/100\n|switch|p2a: Aerodactyl|Aerodactyl, L50, F, shiny|100/100\n|switch|p2b: Sneasler|Sneasler, L50, M|100/100\n|-ability|p2a: Aerodactyl|Unnerve\n|turn|1\n|\n|t:|1776719199\n|switch|p1b: Basculegion|Basculegion, L50, M|100/100\n|detailschange|p1a: Froslass|Froslass-Mega, L50, F\n|-mega|p1a: Froslass|Froslass|Froslassite\n|-weather|Snowscape|[from] ability: Snow Warning|[of] p1a: Froslass\n|move|p2a: Aerodactyl|Tailwind|p2a: Aerodactyl\n|-sidestart|p2: Drewster18|move: Tailwind\n|move|p2b: Sneasler|Throat Chop|p1a: Froslass\n|-supereffective|p1a: Froslass|1\n|-damage|p1a: Froslass|39/100\n|-start|p1a: Froslass|Throat Chop|[silent]\n|move|p1a: Froslass|Blizzard|p2b: Sneasler|[spread] p2a,p2b\n|-supereffective|p2a: Aerodactyl|1\n|-enditem|p2a: Aerodactyl|Focus Sash\n|-damage|p2a: Aerodactyl|1/100\n|-damage|p2b: Sneasler|41/100\n|\n|-weather|Snowscape|[upkeep]\n|upkeep\n|turn|2\n|\n|t:|1776719230\n|move|p1a: Froslass|Protect|p1a: Froslass\n|-singleturn|p1a: Froslass|Protect\n|move|p2a: Aerodactyl|Rock Slide|p1a: Froslass|[spread] p1b\n|-activate|p1a: Froslass|move: Protect\n|-damage|p1b: Basculegion|70/100\n|move|p2b: Sneasler|Throat Chop|p1b: Basculegion\n|-supereffective|p1b: Basculegion|1\n|-damage|p1b: Basculegion|0 fnt\n|faint|p1b: Basculegion\n|\n|-weather|Snowscape|[upkeep]\n|-end|p1a: Froslass|Throat Chop|[silent]\n|upkeep\n|\n|t:|1776719245\n|switch|p1b: Garchomp|Garchomp, L50, M|100/100\n|turn|3\n|\n|t:|1776719255\n|move|p2a: Aerodactyl|Rock Slide|p1b: Garchomp|[spread] p1a\n|-miss|p2a: Aerodactyl|p1b: Garchomp\n|-supereffective|p1a: Froslass|1\n|-damage|p1a: Froslass|0 fnt\n|faint|p1a: Froslass\n|move|p2b: Sneasler|Dire Claw|p1b: Garchomp\n|-resisted|p1b: Garchomp|1\n|-damage|p1b: Garchomp|80/100\n|-damage|p2b: Sneasler|29/100|[from] ability: Rough Skin|[of] p1b: Garchomp\n|move|p1b: Garchomp|Rock Slide|p2b: Sneasler|[spread] p2a,p2b\n|-supereffective|p2a: Aerodactyl|1\n|-resisted|p2b: Sneasler|1\n|-damage|p2a: Aerodactyl|0 fnt\n|-damage|p2b: Sneasler|11/100\n|faint|p2a: Aerodactyl\n|\n|-weather|Snowscape|[upkeep]\n|upkeep\n|\n|t:|1776719271\n|switch|p2a: Milotic|Milotic, L50, M, shiny|100/100\n|switch|p1a: Pelipper|Pelipper, L50, M|100/100\n|-weather|RainDance|[from] ability: Drizzle|[of] p1a: Pelipper\n|turn|4\n|\n|t:|1776719281\n|move|p2b: Sneasler|Dire Claw|p1a: Pelipper\n|-crit|p1a: Pelipper\n|-damage|p1a: Pelipper|14/100\n|-enditem|p1a: Pelipper|Sitrus Berry|[eat]\n|-heal|p1a: Pelipper|39/100|[from] item: Sitrus Berry\n|move|p1b: Garchomp|Rock Slide|p2a: Milotic|[spread] p2a,p2b\n|-resisted|p2b: Sneasler|1\n|-damage|p2a: Milotic|82/100\n|-damage|p2b: Sneasler|0 fnt\n|faint|p2b: Sneasler\n|cant|p2a: Milotic|flinch\n|move|p1a: Pelipper|Hurricane|p2a: Milotic\n|-damage|p2a: Milotic|50/100\n|\n|-weather|RainDance|[upkeep]\n|-heal|p2a: Milotic|56/100|[from] item: Leftovers\n|-sideend|p2: Drewster18|move: Tailwind\n|upkeep\n|\n|t:|1776719299\n|switch|p2b: Kangaskhan|Kangaskhan, L50, F, shiny|100/100\n|turn|5\n|\n|t:|1776719310\n|detailschange|p2b: Kangaskhan|Kangaskhan-Mega, L50, F, shiny\n|-mega|p2b: Kangaskhan|Kangaskhan|Kangaskhanite\n|move|p1b: Garchomp|Rock Slide|p2a: Milotic|[spread] p2a\n|-miss|p1b: Garchomp|p2b: Kangaskhan\n|-damage|p2a: Milotic|39/100\n|move|p1a: Pelipper|Hurricane|p2a: Milotic\n|-damage|p2a: Milotic|4/100\n|move|p2b: Kangaskhan|Double-Edge|p1b: Garchomp\n|-damage|p1b: Garchomp|17/100\n|-damage|p2b: Kangaskhan|88/100|[from] ability: Rough Skin|[of] p1b: Garchomp\n|-damage|p1b: Garchomp|2/100\n|-damage|p2b: Kangaskhan|76/100|[from] ability: Rough Skin|[of] p1b: Garchomp\n|-hitcount|p1b: Garchomp|2\n|-damage|p2b: Kangaskhan|53/100|[from] Recoil\n|cant|p2a: Milotic|flinch\n|\n|-weather|RainDance|[upkeep]\n|-heal|p2a: Milotic|10/100|[from] item: Leftovers\n|upkeep\n|turn|6\n|\n|t:|1776719340\n|move|p2a: Milotic|Protect|p2a: Milotic\n|-singleturn|p2a: Milotic|Protect\n|move|p2b: Kangaskhan|Sucker Punch|p1b: Garchomp\n|-damage|p1b: Garchomp|0 fnt\n|-damage|p2b: Kangaskhan|41/100|[from] ability: Rough Skin|[of] p1b: Garchomp\n|faint|p1b: Garchomp\n|-hitcount|p1: Garchomp|1\n|move|p1a: Pelipper|Weather Ball|p2b: Kangaskhan\n|-damage|p2b: Kangaskhan|0 fnt\n|faint|p2b: Kangaskhan\n|\n|-weather|RainDance|[upkeep]\n|-heal|p2a: Milotic|16/100|[from] item: Leftovers\n|upkeep\n|turn|7\n|\n|t:|1776719357\n|move|p1a: Pelipper|Hurricane|p2a: Milotic\n|-damage|p2a: Milotic|0 fnt\n|faint|p2a: Milotic\n|\n|win|pipeei\n|raw|pipeei's rating: 1248 &rarr; <strong>1269</strong><br />(+21 for winning)\n|raw|Drewster18's rating: 1189 &rarr; <strong>1168</strong><br />(-21 for losing)\n|l|\u203dDrewster18\n|player|p2|\n",
  "uploadtime": 1776719365,
  "views": 6,
  "formatid": "gen9championsvgc2026regma",
  "rating": 1168,
  "private": 0,
  "password": null
}