{
  "id": "gen9championsvgc2026regma-2586092226",
  "format": "[Gen 9 Champions] VGC 2026 Reg M-A",
  "players": [
    "s!dd_1",
    "Stinky52"
  ],
  "log": "|j|\u2606s!dd_1\n|j|\u2606Stinky52\n|t:|1776398106\n|gametype|doubles\n|player|p1|s!dd_1|cynthia-gen4|1573\n|player|p2|Stinky52|2|1493\n|gen|9\n|tier|[Gen 9 Champions] VGC 2026 Reg M-A\n|rated|\n|rule|Species Clause: Limit one of each Pok\u00e9mon\n|rule|Item Clause: Limit 1 of each item\n|clearpoke\n|poke|p1|Ampharos, L50, F|\n|poke|p1|Sneasler, L50, M|\n|poke|p1|Tyranitar, L50, M|\n|poke|p1|Milotic, L50, M|\n|poke|p1|Sinistcha, L50|\n|poke|p1|Charizard, L50, M|\n|poke|p2|Charizard, L50, M|\n|poke|p2|Venusaur, L50, M|\n|poke|p2|Garchomp, L50, F|\n|poke|p2|Sylveon, L50, F|\n|poke|p2|Incineroar, L50, F|\n|poke|p2|Farigiraf, L50, M|\n|teampreview|4\n|inactive|Battle timer is ON: inactive players will automatically lose when time's up. (requested by s!dd_1)\n|inactive|Stinky52 has 60 seconds left.\n|\n|t:|1776398145\n|teamsize|p1|4\n|teamsize|p2|4\n|start\n|switch|p1a: Panch|Milotic, L50, M|100/100\n|switch|p1b: Char|Charizard, L50, M|100/100\n|switch|p2a: Charizard|Charizard, L50, M, shiny|100/100\n|switch|p2b: Garchomp|Garchomp, L50, F|100/100\n|turn|1\n|\n|t:|1776398164\n|detailschange|p1b: Char|Charizard-Mega-X, L50, M\n|-mega|p1b: Char|Charizard|Charizardite X\n|detailschange|p2a: Charizard|Charizard-Mega-Y, L50, M, shiny\n|-mega|p2a: Charizard|Charizard|Charizardite Y\n|-weather|SunnyDay|[from] ability: Drought|[of] p2a: Charizard\n|move|p1b: Char|Protect|p1b: Char\n|-singleturn|p1b: Char|Protect\n|move|p2b: Garchomp|Dragon Claw|p1a: Panch\n|-damage|p1a: Panch|63/100\n|move|p2a: Charizard|Solar Beam||[still]\n|-prepare|p2a: Charizard|Solar Beam\n|-anim|p2a: Charizard|Solar Beam|p1a: Panch\n|-supereffective|p1a: Panch|1\n|-damage|p1a: Panch|0 fnt\n|faint|p1a: Panch\n|\n|-weather|SunnyDay|[upkeep]\n|upkeep\n|\n|t:|1776398177\n|switch|p1a: Teen|Tyranitar, L50, M|100/100\n|-weather|Sandstorm|[from] ability: Sand Stream|[of] p1a: Teen\n|turn|2\n|\n|t:|1776398185\n|switch|p2a: Incineroar|Incineroar, L50, F|100/100\n|-ability|p2a: Incineroar|Intimidate|boost\n|-unboost|p1a: Teen|atk|1\n|-unboost|p1b: Char|atk|1\n|move|p2b: Garchomp|Protect|p2b: Garchomp\n|-singleturn|p2b: Garchomp|Protect\n|move|p1a: Teen|Ice Punch|p2b: Garchomp\n|-activate|p2b: Garchomp|move: Protect\n|move|p1b: Char|Dragon Dance|p1b: Char\n|-boost|p1b: Char|atk|1\n|-boost|p1b: Char|spe|1\n|\n|-weather|Sandstorm|[upkeep]\n|-damage|p1b: Char|95/100|[from] Sandstorm\n|-damage|p2a: Incineroar|95/100|[from] Sandstorm\n|upkeep\n|turn|3\n|j| radioiamp\n|\n|t:|1776398207\n|switch|p2a: Charizard|Charizard-Mega-Y, L50, M, shiny|100/100\n|-weather|SunnyDay|[from] ability: Drought|[of] p2a: Charizard\n|move|p1b: Char|Dragon Claw|p2b: Garchomp\n|-supereffective|p2b: Garchomp|1\n|-damage|p2b: Garchomp|0 fnt\n|-damage|p1b: Char|82/100|[from] ability: Rough Skin|[of] p2b: Garchomp\n|faint|p2b: Garchomp\n|move|p1a: Teen|Ice Punch|p2a: Charizard\n|-damage|p2a: Charizard|78/100\n|\n|-weather|SunnyDay|[upkeep]\n|upkeep\n|\n|t:|1776398214\n|switch|p2b: Venusaur|Venusaur, L50, M|100/100\n|turn|4\n|\n|t:|1776398226\n|switch|p1a: Zhe|Sneasler, L50, M|100/100\n|move|p1b: Char|Protect|p1b: Char\n|-singleturn|p1b: Char|Protect\n|move|p2b: Venusaur|Sleep Powder|p1b: Char\n|-activate|p1b: Char|move: Protect\n|move|p2a: Charizard|Solar Beam||[still]\n|-prepare|p2a: Charizard|Solar Beam\n|-anim|p2a: Charizard|Solar Beam|p1a: Zhe\n|-resisted|p1a: Zhe|1\n|-damage|p1a: Zhe|69/100\n|\n|-weather|SunnyDay|[upkeep]\n|upkeep\n|turn|5\n|\n|t:|1776398239\n|switch|p1a: Teen|Tyranitar, L50, M|100/100\n|-weather|Sandstorm|[from] ability: Sand Stream|[of] p1a: Teen\n|switch|p2a: Incineroar|Incineroar, L50, F|95/100\n|-ability|p2a: Incineroar|Intimidate|boost\n|-unboost|p1a: Teen|atk|1\n|-unboost|p1b: Char|atk|1\n|move|p2b: Venusaur|Protect|p2b: Venusaur\n|-singleturn|p2b: Venusaur|Protect\n|move|p1b: Char|Flare Blitz|p2b: Venusaur\n|-activate|p2b: Venusaur|move: Protect\n|\n|-weather|Sandstorm|[upkeep]\n|-damage|p1b: Char|77/100|[from] Sandstorm\n|-damage|p2b: Venusaur|95/100|[from] Sandstorm\n|-damage|p2a: Incineroar|89/100|[from] Sandstorm\n|upkeep\n|turn|6\n|\n|t:|1776398254\n|switch|p1a: Zhe|Sneasler, L50, M|69/100\n|move|p2a: Incineroar|Fake Out|p1a: Zhe\n|-damage|p1a: Zhe|48/100\n|move|p1b: Char|Flare Blitz|p2b: Venusaur\n|-supereffective|p2b: Venusaur|1\n|-damage|p2b: Venusaur|0 fnt\n|faint|p2b: Venusaur\n|-damage|p1b: Char|45/100|[from] Recoil\n|\n|-weather|Sandstorm|[upkeep]\n|-damage|p1b: Char|39/100|[from] Sandstorm\n|-damage|p1a: Zhe|42/100|[from] Sandstorm\n|-damage|p2a: Incineroar|83/100|[from] Sandstorm\n|upkeep\n|\n|t:|1776398257\n|switch|p2b: Charizard|Charizard-Mega-Y, L50, M, shiny|78/100\n|-weather|SunnyDay|[from] ability: Drought|[of] p2b: Charizard\n|turn|7\n|\n|t:|1776398272\n|move|p1a: Zhe|Fake Out|p2b: Charizard\n|-damage|p2b: Charizard|58/100\n|move|p1b: Char|Dragon Claw|p2a: Incineroar\n|-damage|p2a: Incineroar|51/100\n|cant|p2b: Charizard|flinch\n|move|p2a: Incineroar|Darkest Lariat|p1b: Char\n|-damage|p1b: Char|0 fnt\n|faint|p1b: Char\n|\n|-weather|SunnyDay|[upkeep]\n|upkeep\n|\n|t:|1776398281\n|switch|p1b: Teen|Tyranitar, L50, M|100/100\n|-weather|Sandstorm|[from] ability: Sand Stream|[of] p1b: Teen\n|turn|8\n|\n|t:|1776398294\n|move|p2b: Charizard|Protect|p2b: Charizard\n|-singleturn|p2b: Charizard|Protect\n|move|p1b: Teen|Rock Slide|p2a: Incineroar|[spread] p2a\n|-activate|p2b: Charizard|move: Protect\n|-supereffective|p2a: Incineroar|1\n|-damage|p2a: Incineroar|0 fnt\n|faint|p2a: Incineroar\n|move|p1a: Zhe|Close Combat|p2b: Charizard\n|-activate|p2b: Charizard|move: Protect\n|\n|-weather|Sandstorm|[upkeep]\n|-damage|p1a: Zhe|36/100|[from] Sandstorm\n|-damage|p2b: Charizard|52/100|[from] Sandstorm\n|upkeep\n|turn|9\n|\n|t:|1776398301\n|move|p1b: Teen|Rock Slide|p2b: Charizard\n|-supereffective|p2b: Charizard|2\n|-damage|p2b: Charizard|0 fnt\n|faint|p2b: Charizard\n|\n|win|s!dd_1\n|raw|s!dd_1's rating: 1573 &rarr; <strong>1588</strong><br />(+15 for winning)\n|raw|Stinky52's rating: 1493 &rarr; <strong>1478</strong><br />(-15 for losing)\n",
  "uploadtime": 1776398303,
  "views": 51,
  "formatid": "gen9championsvgc2026regma",
  "rating": 1478,
  "private": 0,
  "password": null
}