{
  "id": "gen9championsvgc2026regma-2587489579",
  "format": "[Gen 9 Champions] VGC 2026 Reg M-A",
  "players": [
    "PyriteSkies",
    "rosato"
  ],
  "log": "|j|\u2606PyriteSkies\n|j|\u2606rosato\n|t:|1776536173\n|gametype|doubles\n|player|p1|PyriteSkies|169|\n|player|p2|rosato|fisherman-gen4|\n|gen|9\n|tier|[Gen 9 Champions] VGC 2026 Reg M-A\n|rule|Species Clause: Limit one of each Pok\u00e9mon\n|rule|Item Clause: Limit 1 of each item\n|clearpoke\n|poke|p1|Banette, L50, F|\n|poke|p1|Ninetales-Alola, L50, F|\n|poke|p1|Aerodactyl, L50, M|\n|poke|p1|Archaludon, L50, M|\n|poke|p1|Incineroar, L50, F|\n|poke|p1|Maushold-Four, L50|\n|poke|p2|Scizor, L50, M|\n|poke|p2|Milotic, L50, F|\n|poke|p2|Pelipper, L50, M|\n|poke|p2|Basculegion-F, L50, F|\n|poke|p2|Garchomp, L50, M|\n|poke|p2|Aerodactyl, L50, M|\n|teampreview|4\n|\n|t:|1776536186\n|teamsize|p1|4\n|teamsize|p2|4\n|start\n|switch|p1a: Maushold|Maushold-Four, L50|100/100\n|switch|p1b: Archaludon|Archaludon, L50, M|100/100\n|switch|p2a: Milotic|Milotic, L50, F|100/100\n|switch|p2b: Basculegion|Basculegion-F, L50, F|100/100\n|turn|1\n|\n|t:|1776536236\n|move|p1a: Maushold|Population Bomb|p1b: Archaludon\n|-resisted|p1b: Archaludon|1\n|-damage|p1b: Archaludon|99/100\n|-ability|p1b: Archaludon|Stamina|boost\n|-boost|p1b: Archaludon|def|1\n|-resisted|p1b: Archaludon|1\n|-damage|p1b: Archaludon|98/100\n|-ability|p1b: Archaludon|Stamina|boost\n|-boost|p1b: Archaludon|def|1\n|-resisted|p1b: Archaludon|1\n|-damage|p1b: Archaludon|98/100\n|-ability|p1b: Archaludon|Stamina|boost\n|-boost|p1b: Archaludon|def|1\n|-resisted|p1b: Archaludon|1\n|-damage|p1b: Archaludon|97/100\n|-ability|p1b: Archaludon|Stamina|boost\n|-boost|p1b: Archaludon|def|1\n|-resisted|p1b: Archaludon|1\n|-damage|p1b: Archaludon|97/100\n|-ability|p1b: Archaludon|Stamina|boost\n|-boost|p1b: Archaludon|def|1\n|-resisted|p1b: Archaludon|1\n|-damage|p1b: Archaludon|96/100\n|-ability|p1b: Archaludon|Stamina|boost\n|-boost|p1b: Archaludon|def|1\n|-resisted|p1b: Archaludon|1\n|-damage|p1b: Archaludon|96/100\n|-hitcount|p1b: Archaludon|7\n|move|p2b: Basculegion|Shadow Ball|p1b: Archaludon\n|-damage|p1b: Archaludon|72/100\n|cant|p1b: Archaludon|flinch\n|move|p2a: Milotic|Scald|p1b: Archaludon\n|-resisted|p1b: Archaludon|1\n|-damage|p1b: Archaludon|60/100\n|\n|-heal|p1b: Archaludon|66/100|[from] item: Leftovers\n|upkeep\n|turn|2\n|\n|t:|1776536272\n|move|p1a: Maushold|Population Bomb|p2a: Milotic\n|-damage|p2a: Milotic|94/100\n|-damage|p2a: Milotic|88/100\n|-damage|p2a: Milotic|82/100\n|-damage|p2a: Milotic|76/100\n|-damage|p2a: Milotic|71/100\n|-damage|p2a: Milotic|65/100\n|-damage|p2a: Milotic|60/100\n|-hitcount|p2a: Milotic|7\n|move|p2b: Basculegion|Shadow Ball|p1b: Archaludon\n|-damage|p1b: Archaludon|42/100\n|move|p1b: Archaludon|Electro Shot||[still]\n|-prepare|p1b: Archaludon|Electro Shot\n|-boost|p1b: Archaludon|spa|1\n|cant|p2a: Milotic|flinch\n|\n|-heal|p1b: Archaludon|48/100|[from] item: Leftovers\n|-heal|p2a: Milotic|66/100|[from] item: Leftovers\n|upkeep\n|turn|3\n|\n|t:|1776536303\n|move|p1a: Maushold|Population Bomb|p2a: Milotic\n|-damage|p2a: Milotic|60/100\n|-damage|p2a: Milotic|54/100\n|-damage|p2a: Milotic|50/100\n|-crit|p2a: Milotic\n|-damage|p2a: Milotic|41/100\n|-damage|p2a: Milotic|35/100\n|-damage|p2a: Milotic|29/100\n|-damage|p2a: Milotic|24/100\n|-damage|p2a: Milotic|18/100\n|-damage|p2a: Milotic|12/100\n|-damage|p2a: Milotic|6/100\n|-hitcount|p2a: Milotic|10\n|move|p2b: Basculegion|Shadow Ball|p1b: Archaludon\n|-damage|p1b: Archaludon|25/100\n|move|p1b: Archaludon|Electro Shot|p2b: Basculegion|[from] lockedmove\n|-supereffective|p2b: Basculegion|1\n|-crit|p2b: Basculegion\n|-damage|p2b: Basculegion|0 fnt\n|faint|p2b: Basculegion\n|cant|p2a: Milotic|flinch\n|\n|-heal|p1b: Archaludon|31/100|[from] item: Leftovers\n|-heal|p2a: Milotic|12/100|[from] item: Leftovers\n|upkeep\n|\n|t:|1776536328\n|switch|p2b: Aerodactyl|Aerodactyl, L50, M|100/100\n|-ability|p2b: Aerodactyl|Unnerve\n|turn|4\n|\n|t:|1776536340\n|detailschange|p2b: Aerodactyl|Aerodactyl-Mega, L50, M\n|-mega|p2b: Aerodactyl|Aerodactyl|Aerodactylite\n|move|p1a: Maushold|Follow Me|p1a: Maushold\n|-singleturn|p1a: Maushold|move: Follow Me\n|move|p2b: Aerodactyl|Dragon Dance|p2b: Aerodactyl\n|-boost|p2b: Aerodactyl|atk|1\n|-boost|p2b: Aerodactyl|spe|1\n|move|p1b: Archaludon|Electro Shot||[still]\n|-prepare|p1b: Archaludon|Electro Shot\n|-boost|p1b: Archaludon|spa|1\n|move|p2a: Milotic|Icy Wind|p1a: Maushold|[spread] p1a,p1b\n|-damage|p1a: Maushold|85/100\n|-damage|p1b: Archaludon|23/100\n|-unboost|p1a: Maushold|spe|1\n|-unboost|p1b: Archaludon|spe|1\n|\n|-heal|p2a: Milotic|18/100|[from] item: Leftovers\n|-heal|p1b: Archaludon|29/100|[from] item: Leftovers\n|upkeep\n|turn|5\n|\n|t:|1776536382\n|move|p2b: Aerodactyl|Rock Slide|p1b: Archaludon|[spread] p1a,p1b\n|-resisted|p1b: Archaludon|1\n|-damage|p1a: Maushold|31/100\n|-damage|p1b: Archaludon|27/100\n|move|p1a: Maushold|Population Bomb|p2b: Aerodactyl\n|-resisted|p2b: Aerodactyl|1\n|-damage|p2b: Aerodactyl|98/100\n|-resisted|p2b: Aerodactyl|1\n|-damage|p2b: Aerodactyl|96/100\n|-resisted|p2b: Aerodactyl|1\n|-damage|p2b: Aerodactyl|94/100\n|-hitcount|p2b: Aerodactyl|3\n|move|p2a: Milotic|Icy Wind|p1b: Archaludon|[spread] p1b\n|-miss|p2a: Milotic|p1a: Maushold\n|-damage|p1b: Archaludon|19/100\n|-unboost|p1b: Archaludon|spe|1\n|move|p1b: Archaludon|Electro Shot|p2a: Milotic|[from] lockedmove\n|-supereffective|p2a: Milotic|1\n|-damage|p2a: Milotic|0 fnt\n|faint|p2a: Milotic\n|\n|-heal|p1b: Archaludon|25/100|[from] item: Leftovers\n|upkeep\n|\n|t:|1776536402\n|switch|p2a: Garchomp|Garchomp, L50, M|100/100\n|turn|6\n|\n|t:|1776536417\n|move|p1a: Maushold|Follow Me|p1a: Maushold\n|-singleturn|p1a: Maushold|move: Follow Me\n|move|p2b: Aerodactyl|Rock Slide|p1b: Archaludon|[spread] p1a,p1b\n|-resisted|p1b: Archaludon|1\n|-damage|p1a: Maushold|0 fnt\n|-damage|p1b: Archaludon|23/100\n|faint|p1a: Maushold\n|move|p2a: Garchomp|Earthquake|p1b: Archaludon|[spread] p1b\n|-immune|p2b: Aerodactyl\n|-supereffective|p1b: Archaludon|1\n|-damage|p1b: Archaludon|10/100\n|move|p1b: Archaludon|Dragon Pulse|p2a: Garchomp\n|-supereffective|p2a: Garchomp|1\n|-damage|p2a: Garchomp|0 fnt\n|faint|p2a: Garchomp\n|\n|-heal|p1b: Archaludon|16/100|[from] item: Leftovers\n|upkeep\n|\n|t:|1776536433\n|switch|p1a: Ninetales|Ninetales-Alola, L50, F|100/100\n|-weather|Snowscape|[from] ability: Snow Warning|[of] p1a: Ninetales\n|turn|7\n|\n|t:|1776536440\n|move|p2b: Aerodactyl|Rock Slide|p1a: Ninetales|[spread] p1a,p1b\n|-supereffective|p1a: Ninetales|1\n|-resisted|p1b: Archaludon|1\n|-damage|p1a: Ninetales|24/100\n|-damage|p1b: Archaludon|13/100\n|move|p1a: Ninetales|Aurora Veil|p1a: Ninetales\n|-sidestart|p1: PyriteSkies|move: Aurora Veil\n|move|p1b: Archaludon|Thunderbolt|p2b: Aerodactyl\n|-supereffective|p2b: Aerodactyl|1\n|-damage|p2b: Aerodactyl|0 fnt\n|faint|p2b: Aerodactyl\n|\n|win|PyriteSkies\n",
  "uploadtime": 1776536456,
  "views": 13,
  "formatid": "gen9championsvgc2026regma",
  "rating": null,
  "private": 0,
  "password": null
}