{
  "id": "gen9championsvgc2026regma-2583605914",
  "format": "[Gen 9 Champions] VGC 2026 Reg M-A",
  "players": [
    "LockinLoki",
    "FastForwardMyGame"
  ],
  "log": "|j|\u2606LockinLoki\n|j|\u2606FastForwardMyGame\n|t:|1776186119\n|gametype|doubles\n|player|p1|LockinLoki|elesa|1087\n|player|p2|FastForwardMyGame|cyclist|1140\n|gen|9\n|tier|[Gen 9 Champions] VGC 2026 Reg M-A\n|rated|\n|rule|Species Clause: Limit one of each Pok\u00e9mon\n|rule|Item Clause: Limit 1 of each item\n|clearpoke\n|poke|p1|Aerodactyl, L50, F|\n|poke|p1|Gengar, L50, M|\n|poke|p1|Tyranitar, L50, M|\n|poke|p1|Sneasler, L50, M|\n|poke|p1|Rotom-Mow, L50|\n|poke|p1|Volcarona, L50, F|\n|poke|p2|Aromatisse, L50, M|\n|poke|p2|Heracross, L50, M|\n|poke|p2|Aerodactyl, L50, F|\n|poke|p2|Aegislash, L50, F|\n|poke|p2|Torkoal, L50, F|\n|poke|p2|Ampharos, L50, M|\n|teampreview|4\n|inactive|Battle timer is ON: inactive players will automatically lose when time's up. (requested by FastForwardMyGame)\n|inactive|LockinLoki has 60 seconds left.\n|\n|t:|1776186191\n|teamsize|p1|4\n|teamsize|p2|4\n|start\n|switch|p1a: Rotom|Rotom-Mow, L50, shiny|100/100\n|switch|p1b: Gengar|Gengar, L50, M|100/100\n|switch|p2a: Rockman.OS|Heracross, L50, M, shiny|100/100\n|switch|p2b: HarpNote|Aromatisse, L50, M, shiny|100/100\n|turn|1\n|inactive|LockinLoki has 30 seconds left.\n|\n|t:|1776186226\n|detailschange|p1b: Gengar|Gengar-Mega, L50, M\n|-mega|p1b: Gengar|Gengar|Gengarite\n|move|p1a: Rotom|Trick|p2b: HarpNote\n|-activate|p1a: Rotom|move: Trick|[of] p2b: HarpNote\n|-item|p2b: HarpNote|Choice Scarf|[from] move: Trick\n|-item|p1a: Rotom|Lum Berry|[from] move: Trick\n|move|p1b: Gengar|Shadow Ball|p2a: Rockman.OS\n|-damage|p2a: Rockman.OS|42/100\n|move|p2a: Rockman.OS|Pin Missile|p1a: Rotom\n|-supereffective|p1a: Rotom|1\n|-damage|p1a: Rotom|64/100\n|-supereffective|p1a: Rotom|1\n|-damage|p1a: Rotom|28/100\n|-supereffective|p1a: Rotom|1\n|-damage|p1a: Rotom|0 fnt\n|faint|p1a: Rotom\n|-hitcount|p1: Rotom|3\n|move|p2b: HarpNote|Trick Room|p2b: HarpNote\n|-fieldstart|move: Trick Room|[of] p2b: HarpNote\n|\n|upkeep\n|inactive|LockinLoki has 30 seconds left.\n|\n|t:|1776186254\n|switch|p1a: Aerodactyl|Aerodactyl, L50, F|100/100\n|-ability|p1a: Aerodactyl|Unnerve\n|turn|2\n|\n|t:|1776186262\n|detailschange|p2a: Rockman.OS|Heracross-Mega, L50, M, shiny\n|-mega|p2a: Rockman.OS|Heracross|Heracronite\n|move|p1a: Aerodactyl|Protect|p1a: Aerodactyl\n|-singleturn|p1a: Aerodactyl|Protect\n|move|p1b: Gengar|Protect|p1b: Gengar\n|-singleturn|p1b: Gengar|Protect\n|move|p2a: Rockman.OS|Rock Slide|p1b: Gengar|[spread] \n|-activate|p1a: Aerodactyl|move: Protect\n|-activate|p1b: Gengar|move: Protect\n|move|p2b: HarpNote|Trick Room|p2b: HarpNote\n|-fieldend|move: Trick Room\n|\n|upkeep\n|turn|3\n|\n|t:|1776186280\n|move|p1b: Gengar|Taunt|p2b: HarpNote\n|-block|p2b: HarpNote|ability: Aroma Veil|[of] p2b: HarpNote\n|move|p1a: Aerodactyl|Dual Wingbeat|p2a: Rockman.OS\n|-supereffective|p2a: Rockman.OS|2\n|-damage|p2a: Rockman.OS|0 fnt\n|faint|p2a: Rockman.OS\n|-hitcount|p2: Rockman.OS|1\n|move|p2b: HarpNote|Trick Room|p2b: HarpNote\n|-fieldstart|move: Trick Room|[of] p2b: HarpNote\n|\n|upkeep\n|\n|t:|1776186289\n|switch|p2a: KingTribe|Aegislash, L50, F|100/100\n|turn|4\n|\n|t:|1776186297\n|move|p1a: Aerodactyl|Protect|p1a: Aerodactyl\n|-singleturn|p1a: Aerodactyl|Protect\n|move|p1b: Gengar|Protect|p1b: Gengar\n|-singleturn|p1b: Gengar|Protect\n|move|p2a: KingTribe|Swords Dance|p2a: KingTribe\n|-boost|p2a: KingTribe|atk|2\n|move|p2b: HarpNote|Trick Room|p2b: HarpNote\n|-fieldend|move: Trick Room\n|\n|upkeep\n|turn|5\n|\n|t:|1776186312\n|move|p1b: Gengar|Shadow Ball|p2a: KingTribe\n|-supereffective|p2a: KingTribe|1\n|-damage|p2a: KingTribe|13/100\n|move|p1a: Aerodactyl|Rock Slide|p2a: KingTribe|[spread] p2a\n|-miss|p1a: Aerodactyl|p2b: HarpNote\n|-resisted|p2a: KingTribe|1\n|-damage|p2a: KingTribe|2/100\n|cant|p2a: KingTribe|flinch\n|move|p2b: HarpNote|Trick Room|p2b: HarpNote\n|-fieldstart|move: Trick Room|[of] p2b: HarpNote\n|\n|upkeep\n|turn|6\n|\n|t:|1776186325\n|move|p1a: Aerodactyl|Protect|p1a: Aerodactyl\n|-singleturn|p1a: Aerodactyl|Protect\n|move|p1b: Gengar|Protect|p1b: Gengar\n|-singleturn|p1b: Gengar|Protect\n|-formechange|p2a: KingTribe|Aegislash-Blade|\n|move|p2a: KingTribe|Poltergeist|p2b: HarpNote\n|-activate|p2b: HarpNote|move: Poltergeist|Choice Scarf\n|-damage|p2b: HarpNote|0 fnt\n|faint|p2b: HarpNote\n|\n|upkeep\n|\n|t:|1776186334\n|switch|p2b: FireSaurian|Torkoal, L50, F|100/100\n|-weather|SunnyDay|[from] ability: Drought|[of] p2b: FireSaurian\n|turn|7\n|\n|t:|1776186346\n|switch|p1b: Tyranitar|Tyranitar, L50, M|100/100\n|-weather|Sandstorm|[from] ability: Sand Stream|[of] p1b: Tyranitar\n|move|p2b: FireSaurian|Eruption|p1a: Aerodactyl|[spread] p1a,p1b\n|-resisted|p1a: Aerodactyl|1\n|-resisted|p1b: Tyranitar|1\n|-damage|p1a: Aerodactyl|78/100\n|-damage|p1b: Tyranitar|84/100\n|move|p2a: KingTribe|Poltergeist|p1a: Aerodactyl\n|-activate|p1a: Aerodactyl|move: Poltergeist|Focus Sash\n|-damage|p1a: Aerodactyl|0 fnt\n|faint|p1a: Aerodactyl\n|\n|-weather|Sandstorm|[upkeep]\n|-damage|p2b: FireSaurian|94/100|[from] Sandstorm\n|-heal|p2b: FireSaurian|100/100|[from] item: Leftovers\n|upkeep\n|\n|t:|1776186362\n|switch|p1a: Gengar|Gengar-Mega, L50, M|100/100\n|turn|8\n|\n|t:|1776186374\n|move|p1a: Gengar|Protect|p1a: Gengar\n|-singleturn|p1a: Gengar|Protect\n|move|p2b: FireSaurian|Earth Power|p1a: Gengar\n|-activate|p1a: Gengar|move: Protect\n|move|p2a: KingTribe|Close Combat|p1b: Tyranitar\n|-supereffective|p1b: Tyranitar|2\n|-damage|p1b: Tyranitar|0 fnt\n|-unboost|p2a: KingTribe|def|1\n|-unboost|p2a: KingTribe|spd|1\n|faint|p1b: Tyranitar\n|-enditem|p2a: KingTribe|White Herb\n|-clearnegativeboost|p2a: KingTribe|[silent]\n|\n|-weather|Sandstorm|[upkeep]\n|-damage|p2b: FireSaurian|94/100|[from] Sandstorm\n|-damage|p1a: Gengar|95/100|[from] Sandstorm\n|-heal|p2b: FireSaurian|100/100|[from] item: Leftovers\n|upkeep\n|turn|9\n|\n|t:|1776186382\n|move|p1a: Gengar|Protect||[still]\n|-fail|p1a: Gengar\n|move|p2b: FireSaurian|Earth Power|p1a: Gengar\n|-supereffective|p1a: Gengar|1\n|-damage|p1a: Gengar|28/100\n|move|p2a: KingTribe|Poltergeist|p1a: Gengar\n|-activate|p1a: Gengar|move: Poltergeist|Gengarite\n|-supereffective|p1a: Gengar|1\n|-damage|p1a: Gengar|0 fnt\n|faint|p1a: Gengar\n|\n|win|FastForwardMyGame\n|raw|LockinLoki's rating: 1087 &rarr; <strong>1067</strong><br />(-20 for losing)\n|raw|FastForwardMyGame's rating: 1140 &rarr; <strong>1161</strong><br />(+21 for winning)\n",
  "uploadtime": 1776186387,
  "views": 34,
  "formatid": "gen9championsvgc2026regma",
  "rating": 1067,
  "private": 0,
  "password": null
}