{
  "id": "gen9championsvgc2026regma-2582774968",
  "format": "[Gen 9 Champions] VGC 2026 Reg M-A",
  "players": [
    "LordSnorlax2727",
    "coummmfpk"
  ],
  "log": "|j|\u2606LordSnorlax2727\n|j|\u2606coummmfpk\n|t:|1776113215\n|gametype|doubles\n|player|p1|LordSnorlax2727|harlequin|1338\n|player|p2|coummmfpk|flannery|1271\n|gen|9\n|tier|[Gen 9 Champions] VGC 2026 Reg M-A\n|rated|\n|rule|Species Clause: Limit one of each Pok\u00e9mon\n|rule|Item Clause: Limit 1 of each item\n|clearpoke\n|poke|p1|Charizard, L50, M|\n|poke|p1|Whimsicott, L50, M|\n|poke|p1|Gallade, L50, M|\n|poke|p1|Garchomp, L50, M|\n|poke|p1|Basculegion-F, L50, F|\n|poke|p1|Incineroar, L50, M|\n|poke|p2|Volcarona, L50, M|\n|poke|p2|Tyranitar, L50, F|\n|poke|p2|Garchomp, L50, M|\n|poke|p2|Gengar, L50, M|\n|poke|p2|Rotom-Wash, L50|\n|poke|p2|Meowscarada, L50, F|\n|teampreview|4\n|inactive|Battle timer is ON: inactive players will automatically lose when time's up. (requested by LordSnorlax2727)\n|inactive|coummmfpk has 60 seconds left.\n|\n|t:|1776113294\n|teamsize|p1|4\n|teamsize|p2|4\n|start\n|switch|p1a: Whimsicott|Whimsicott, L50, M|100/100\n|switch|p1b: Gallade|Gallade, L50, M|100/100\n|switch|p2a: Garchomp|Garchomp, L50, M|100/100\n|switch|p2b: Gengar|Gengar, L50, M|100/100\n|turn|1\n|inactive|coummmfpk has 30 seconds left.\n|inactive|coummmfpk has 20 seconds left.\n|inactive|coummmfpk has 15 seconds left.\n|inactive|coummmfpk has 10 seconds left.\n|\n|t:|1776113339\n|switch|p2b: Meowscarada|Meowscarada, L50, F|100/100\n|move|p1a: Whimsicott|Protect|p1a: Whimsicott\n|-singleturn|p1a: Whimsicott|Protect\n|move|p1b: Gallade|Protect|p1b: Gallade\n|-singleturn|p1b: Gallade|Protect\n|move|p2a: Garchomp|Rock Slide|p1a: Whimsicott|[spread] \n|-activate|p1a: Whimsicott|move: Protect\n|-activate|p1b: Gallade|move: Protect\n|\n|upkeep\n|turn|2\n|\n|t:|1776113357\n|switch|p2a: Gengar|Gengar, L50, M|100/100\n|move|p2b: Meowscarada|Protect|p2b: Meowscarada\n|-singleturn|p2b: Meowscarada|Protect\n|move|p1a: Whimsicott|Tailwind|p1a: Whimsicott\n|-sidestart|p1: LordSnorlax2727|move: Tailwind\n|move|p1b: Gallade|Sacred Sword|p2b: Meowscarada\n|-activate|p2b: Meowscarada|move: Protect\n|\n|upkeep\n|turn|3\n|\n|t:|1776113381\n|detailschange|p2a: Gengar|Gengar-Mega, L50, M\n|-mega|p2a: Gengar|Gengar|Gengarite\n|move|p2a: Gengar|Protect|p2a: Gengar\n|-singleturn|p2a: Gengar|Protect\n|move|p2b: Meowscarada|Sucker Punch|p1b: Gallade\n|-damage|p1b: Gallade|47/100\n|move|p1a: Whimsicott|Moonblast|p2b: Meowscarada\n|-supereffective|p2b: Meowscarada|1\n|-enditem|p2b: Meowscarada|Focus Sash\n|-damage|p2b: Meowscarada|1/100\n|move|p1b: Gallade|Psycho Cut|p2a: Gengar\n|-activate|p2a: Gengar|move: Protect\n|\n|upkeep\n|turn|4\n|inactive|coummmfpk has 30 seconds left.\n|inactive|coummmfpk has 20 seconds left.\n|\n|t:|1776113420\n|move|p1b: Gallade|Protect|p1b: Gallade\n|-singleturn|p1b: Gallade|Protect\n|move|p2b: Meowscarada|Protect|p2b: Meowscarada\n|-singleturn|p2b: Meowscarada|Protect\n|move|p1a: Whimsicott|Encore|p2a: Gengar\n|-start|p2a: Gengar|Encore\n|move|p2a: Gengar|Protect||[still]\n|-fail|p2a: Gengar\n|\n|upkeep\n|turn|5\n|\n|t:|1776113445\n|switch|p2a: Garchomp|Garchomp, L50, M|100/100\n|switch|p2b: Rotom|Rotom-Wash, L50|100/100\n|move|p1b: Gallade|Protect||[still]\n|-fail|p1b: Gallade\n|move|p1a: Whimsicott|Moonblast|p2b: Rotom\n|-damage|p2b: Rotom|60/100\n|\n|-sideend|p1: LordSnorlax2727|move: Tailwind\n|upkeep\n|turn|6\n|\n|t:|1776113471\n|move|p1a: Whimsicott|Tailwind|p1a: Whimsicott\n|-sidestart|p1: LordSnorlax2727|move: Tailwind\n|move|p1b: Gallade|Psycho Cut|p2b: Rotom\n|-damage|p2b: Rotom|0 fnt\n|faint|p2b: Rotom\n|move|p2a: Garchomp|Stomping Tantrum|p1b: Gallade\n|-damage|p1b: Gallade|0 fnt\n|faint|p1b: Gallade\n|\n|upkeep\n|\n|t:|1776113481\n|switch|p2b: Gengar|Gengar-Mega, L50, M|100/100\n|switch|p1b: Garchomp|Garchomp, L50, M|100/100\n|turn|7\n|\n|t:|1776113492\n|move|p1b: Garchomp|Protect|p1b: Garchomp\n|-singleturn|p1b: Garchomp|Protect\n|move|p1a: Whimsicott|Moonblast|p2a: Garchomp\n|-supereffective|p2a: Garchomp|1\n|-damage|p2a: Garchomp|15/100\n|move|p2a: Garchomp|Stomping Tantrum|p1b: Garchomp\n|-activate|p1b: Garchomp|move: Protect\n|move|p2b: Gengar|Icy Wind|p1a: Whimsicott|[spread] p1a\n|-activate|p1b: Garchomp|move: Protect\n|-supereffective|p1a: Whimsicott|1\n|-damage|p1a: Whimsicott|47/100\n|-unboost|p1a: Whimsicott|spe|1\n|\n|upkeep\n|turn|8\n|\n|t:|1776113516\n|move|p1b: Garchomp|Earthquake|p2b: Gengar|[spread] p1a,p2a,p2b\n|-resisted|p1a: Whimsicott|1\n|-supereffective|p2b: Gengar|1\n|-damage|p1a: Whimsicott|16/100\n|-damage|p2a: Garchomp|0 fnt\n|-damage|p2b: Gengar|0 fnt\n|faint|p2a: Garchomp\n|faint|p2b: Gengar\n|move|p1a: Whimsicott|Moonblast|p2: Garchomp|[notarget]\n|-fail|p1a: Whimsicott\n|\n|upkeep\n|-message|coummmfpk forfeited.\n|\n|win|LordSnorlax2727\n|raw|LordSnorlax2727's rating: 1338 &rarr; <strong>1354</strong><br />(+16 for winning)\n|raw|coummmfpk's rating: 1271 &rarr; <strong>1251</strong><br />(-20 for losing)\n|l|\u2606coummmfpk\n|player|p2|\n",
  "uploadtime": 1776113522,
  "views": 37,
  "formatid": "gen9championsvgc2026regma",
  "rating": 1251,
  "private": 0,
  "password": null
}