{
  "id": "gen9championsvgc2026regma-2585286664",
  "format": "[Gen 9 Champions] VGC 2026 Reg M-A",
  "players": [
    "etrdyfyiu",
    "pateemaw"
  ],
  "log": "|j|\u2606etrdyfyiu\n|j|\u2606pateemaw\n|t:|1776333975\n|gametype|doubles\n|player|p1|etrdyfyiu|1|1161\n|player|p2|pateemaw|pilot|1197\n|gen|9\n|tier|[Gen 9 Champions] VGC 2026 Reg M-A\n|rated|\n|rule|Species Clause: Limit one of each Pok\u00e9mon\n|rule|Item Clause: Limit 1 of each item\n|clearpoke\n|poke|p1|Palafin, L50, F|\n|poke|p1|Arcanine, L50, M|\n|poke|p1|Scizor, L50, F|\n|poke|p1|Tyranitar, L50, M|\n|poke|p1|Sneasler, L50, F|\n|poke|p1|Sinistcha, L50|\n|poke|p2|Floette-Eternal, L50, F|\n|poke|p2|Sinistcha, L50|\n|poke|p2|Delphox, L50, F|\n|poke|p2|Talonflame, L50, M|\n|poke|p2|Garchomp, L50, M|\n|poke|p2|Sneasler, L50, F|\n|teampreview|4\npateemaw has agreed to open team sheets.\netrdyfyiu has agreed to open team sheets.\n|showteam|p1|Palafin||ChoiceScarf|ZerotoHero|FlipTurn,WaveCrash,CloseCombat,JetPunch|||F|||50|]Arcanine||PasshoBerry|Intimidate|WillOWisp,ExtremeSpeed,FlareBlitz,Protect|||M|||50|]Scizor||Scizorite|Technician|Protect,BugBite,BulletPunch,DualWingbeat|||F|||50|]Tyranitar||Tyranitarite|SandStream|Protect,RockSlide,KnockOff,LowKick|||M|||50|]Sneasler||WhiteHerb|Unburden|FakeOut,CloseCombat,DireClaw,Protect|||F|||50|]Sinistcha||SitrusBerry|Hospitality|Protect,MatchaGotcha,RagePowder,TrickRoom||||||50|\n|showteam|p2|Floette-Eternal||Floettite|FlowerVeil|CalmMind,DazzlingGleam,Moonblast,Protect|||F|||50|]Sinistcha||OccaBerry|Hospitality|RagePowder,LifeDew,MatchaGotcha,TrickRoom||||||50|]Delphox||Delphoxite|Blaze|HeatWave,Psychic,Protect,Encore|||F|||50|]Talonflame||FocusSash|GaleWings|DualWingbeat,Tailwind,SunnyDay,UpperHand|||M|||50|]Garchomp||RoseliBerry|RoughSkin|Protect,DragonClaw,Earthquake,RockSlide|||M|||50|]Sneasler||WhiteHerb|Unburden|FakeOut,DireClaw,CloseCombat,Protect|||F|||50|\n|inactive|Battle timer is ON: inactive players will automatically lose when time's up. (requested by etrdyfyiu)\n|\n|t:|1776334075\n|teamsize|p1|4\n|teamsize|p2|4\n|start\n|switch|p1a: Palafin|Palafin, L50, F|100/100\n|switch|p1b: Sneasler|Sneasler, L50, F, shiny|100/100\n|switch|p2a: Talonflame|Talonflame, L50, M|100/100\n|switch|p2b: Delphox|Delphox, L50, F|100/100\n|turn|1\n|inactive|etrdyfyiu has 30 seconds left.\n|\n|t:|1776334101\n|switch|p2a: Sinistcha|Sinistcha, L50|100/100\n|move|p2b: Delphox|Protect|p2b: Delphox\n|-singleturn|p2b: Delphox|Protect\n|move|p1b: Sneasler|Fake Out|p2a: Sinistcha\n|-immune|p2a: Sinistcha\n|move|p1a: Palafin|Flip Turn|p2b: Delphox\n|-activate|p2b: Delphox|move: Protect\n|\n|upkeep\n|turn|2\n|\n|t:|1776334123\n|detailschange|p2b: Delphox|Delphox-Mega, L50, F\n|-mega|p2b: Delphox|Delphox|Delphoxite\n|move|p1b: Sneasler|Protect|p1b: Sneasler\n|-singleturn|p1b: Sneasler|Protect\n|move|p2a: Sinistcha|Rage Powder|p2a: Sinistcha\n|-singleturn|p2a: Sinistcha|move: Rage Powder\n|move|p2b: Delphox|Psychic|p1b: Sneasler\n|-activate|p1b: Sneasler|move: Protect\n|move|p1a: Palafin|Flip Turn|p2a: Sinistcha\n|-resisted|p2a: Sinistcha|1\n|-damage|p2a: Sinistcha|89/100\n|\n|t:|1776334136\n|detailschange|p1a: Palafin|Palafin-Hero, L50, F\n|switch|p1a: Tyranitar|Tyranitar, L50, M, shiny|100/100|[from] Flip Turn\n|-weather|Sandstorm|[from] ability: Sand Stream|[of] p1a: Tyranitar\n|\n|-weather|Sandstorm|[upkeep]\n|-damage|p2b: Delphox|95/100|[from] Sandstorm\n|-damage|p1b: Sneasler|95/100|[from] Sandstorm\n|-damage|p2a: Sinistcha|83/100|[from] Sandstorm\n|upkeep\n|turn|3\n|\n|t:|1776334159\n|switch|p1b: Sinistcha|Sinistcha, L50|100/100\n|detailschange|p1a: Tyranitar|Tyranitar-Mega, L50, M, shiny\n|-mega|p1a: Tyranitar|Tyranitar|Tyranitarite\n|move|p2a: Sinistcha|Rage Powder|p2a: Sinistcha\n|-singleturn|p2a: Sinistcha|move: Rage Powder\n|move|p2b: Delphox|Psychic|p1b: Sinistcha\n|-damage|p1b: Sinistcha|49/100\n|-enditem|p1b: Sinistcha|Sitrus Berry|[eat]\n|-heal|p1b: Sinistcha|74/100|[from] item: Sitrus Berry\n|move|p1a: Tyranitar|Knock Off|p2a: Sinistcha\n|-supereffective|p2a: Sinistcha|1\n|-damage|p2a: Sinistcha|0 fnt\n|-enditem|p2a: Sinistcha|Occa Berry|[from] move: Knock Off|[of] p1a: Tyranitar\n|faint|p2a: Sinistcha\n|\n|-weather|Sandstorm|[upkeep]\n|-damage|p2b: Delphox|89/100|[from] Sandstorm\n|-damage|p1b: Sinistcha|68/100|[from] Sandstorm\n|upkeep\n|\n|t:|1776334163\n|switch|p2a: Talonflame|Talonflame, L50, M|100/100\n|turn|4\n|\n|t:|1776334181\n|switch|p2b: Garchomp|Garchomp, L50, M|100/100\n|move|p1b: Sinistcha|Protect|p1b: Sinistcha\n|-singleturn|p1b: Sinistcha|Protect\n|move|p2a: Talonflame|Sunny Day|p2a: Talonflame\n|-weather|SunnyDay\n|move|p1a: Tyranitar|Rock Slide|p2a: Talonflame|[spread] p2a,p2b\n|-supereffective|p2a: Talonflame|2\n|-resisted|p2b: Garchomp|1\n|-enditem|p2a: Talonflame|Focus Sash\n|-damage|p2a: Talonflame|1/100\n|-damage|p2b: Garchomp|81/100\n|\n|-weather|SunnyDay|[upkeep]\n|upkeep\n|turn|5\n|inactive|etrdyfyiu has 30 seconds left.\n|\n|t:|1776334211\n|switch|p2a: Delphox|Delphox-Mega, L50, F|89/100\n|switch|p1b: Palafin|Palafin-Hero, L50, F|100/100\n|-activate|p1b: Palafin|ability: Zero to Hero\n|move|p2b: Garchomp|Earthquake|p1b: Palafin|[spread] p1a,p1b\n|-immune|p2a: Delphox|[from] ability: Levitate\n|-supereffective|p1a: Tyranitar|1\n|-damage|p1a: Tyranitar|51/100\n|-damage|p1b: Palafin|61/100\n|move|p1a: Tyranitar|Knock Off|p2b: Garchomp\n|-damage|p2b: Garchomp|17/100\n|-damage|p1a: Tyranitar|39/100|[from] ability: Rough Skin|[of] p2b: Garchomp\n|-enditem|p2b: Garchomp|Roseli Berry|[from] move: Knock Off|[of] p1a: Tyranitar\n|\n|-weather|SunnyDay|[upkeep]\n|upkeep\n|turn|6\n|inactive|pateemaw has 30 seconds left.\n|\n|t:|1776334244\n|move|p2b: Garchomp|Protect|p2b: Garchomp\n|-singleturn|p2b: Garchomp|Protect\n|move|p1b: Palafin|Jet Punch|p2b: Garchomp\n|-activate|p2b: Garchomp|move: Protect\n|move|p2a: Delphox|Psychic|p1b: Palafin\n|-damage|p1b: Palafin|8/100\n|move|p1a: Tyranitar|Knock Off|p2a: Delphox\n|-supereffective|p2a: Delphox|1\n|-damage|p2a: Delphox|0 fnt\n|faint|p2a: Delphox\n|\n|-weather|SunnyDay|[upkeep]\n|upkeep\n|\n|t:|1776334252\n|switch|p2a: Talonflame|Talonflame, L50, M|1/100\n|turn|7\n|\n|t:|1776334259\n|move|p2a: Talonflame|Upper Hand|p1b: Palafin\n|-damage|p1b: Palafin|0 fnt\n|faint|p1b: Palafin\n|move|p2b: Garchomp|Earthquake|p1a: Tyranitar|[spread] p1a\n|-immune|p2a: Talonflame\n|-supereffective|p1a: Tyranitar|1\n|-damage|p1a: Tyranitar|0 fnt\n|faint|p1a: Tyranitar\n|\n|-weather|SunnyDay|[upkeep]\n|upkeep\n|\n|t:|1776334268\n|switch|p1b: Sneasler|Sneasler, L50, F, shiny|95/100\n|switch|p1a: Sinistcha|Sinistcha, L50|68/100\n|-heal|p1b: Sneasler|100/100|[from] ability: Hospitality|[of] p1a: Sinistcha\n|turn|8\n|inactive|etrdyfyiu has 30 seconds left.\n|\n|t:|1776334295\n|move|p1a: Sinistcha|Protect|p1a: Sinistcha\n|-singleturn|p1a: Sinistcha|Protect\n|move|p2a: Talonflame|Upper Hand||[still]\n|-fail|p2a: Talonflame\n|move|p1b: Sneasler|Close Combat|p2b: Garchomp\n|-damage|p2b: Garchomp|0 fnt\n|-unboost|p1b: Sneasler|def|1\n|-unboost|p1b: Sneasler|spd|1\n|-damage|p1b: Sneasler|88/100|[from] ability: Rough Skin|[of] p2b: Garchomp\n|faint|p2b: Garchomp\n|-enditem|p1b: Sneasler|White Herb\n|-clearnegativeboost|p1b: Sneasler|[silent]\n|\n|-weather|none\n|upkeep\n|turn|9\n|-message|pateemaw forfeited.\n|\n|win|etrdyfyiu\n|raw|etrdyfyiu's rating: 1161 &rarr; <strong>1189</strong><br />(+28 for winning)\n|raw|pateemaw's rating: 1197 &rarr; <strong>1169</strong><br />(-28 for losing)\n|l|\u2606pateemaw\n|player|p2|\n|c|\u2606etrdyfyiu|gg\n",
  "uploadtime": 1776334312,
  "views": 18,
  "formatid": "gen9championsvgc2026regma",
  "rating": 1169,
  "private": 0,
  "password": null
}