{
  "id": "gen9championsvgc2026regma-2582326247",
  "format": "[Gen 9 Champions] VGC 2026 Reg M-A",
  "players": [
    "shanghai sharks",
    "Barber1"
  ],
  "log": "|j|\u2606shanghai sharks\n|j|\u2606Barber1\n|t:|1776083570\n|gametype|doubles\n|player|p1|shanghai sharks|265|1085\n|player|p2|Barber1|cynthia-gen4|1060\n|gen|9\n|tier|[Gen 9 Champions] VGC 2026 Reg M-A\n|rated|\n|rule|Species Clause: Limit one of each Pok\u00e9mon\n|rule|Item Clause: Limit 1 of each item\n|clearpoke\n|poke|p1|Gengar, L50, F|\n|poke|p1|Incineroar, L50, F|\n|poke|p1|Rotom-Wash, L50|\n|poke|p1|Sinistcha, L50|\n|poke|p1|Sneasler, L50, F|\n|poke|p1|Aerodactyl, L50, M|\n|poke|p2|Floette-Eternal, L50, F|\n|poke|p2|Sneasler, L50, F|\n|poke|p2|Aerodactyl, L50, F|\n|poke|p2|Basculegion, L50, M|\n|poke|p2|Delphox, L50, F|\n|poke|p2|Kingambit, L50, F|\n|teampreview|4\n|inactive|Battle timer is ON: inactive players will automatically lose when time's up. (requested by Barber1)\n|inactive|shanghai sharks has 60 seconds left.\n|inactive|Barber1 has 60 seconds left.\n|inactive|shanghai sharks has 30 seconds left.\n|\n|t:|1776083639\n|teamsize|p1|4\n|teamsize|p2|4\n|start\n|switch|p1a: Gengar|Gengar, L50, F|100/100\n|switch|p1b: Aerodactyl|Aerodactyl, L50, M|100/100\n|switch|p2a: Basculegion|Basculegion, L50, M|100/100\n|switch|p2b: Aerodactyl|Aerodactyl, L50, F|100/100\n|-ability|p1b: Aerodactyl|Unnerve\n|turn|1\n|inactive|Barber1 has 30 seconds left.\n|inactive|Barber1 has 20 seconds left.\n|\n|t:|1776083677\n|detailschange|p1a: Gengar|Gengar-Mega, L50, F\n|-mega|p1a: Gengar|Gengar|Gengarite\n|move|p1a: Gengar|Protect|p1a: Gengar\n|-singleturn|p1a: Gengar|Protect\n|move|p2a: Basculegion|Flip Turn|p1b: Aerodactyl\n|-supereffective|p1b: Aerodactyl|1\n|-enditem|p1b: Aerodactyl|Focus Sash\n|-damage|p1b: Aerodactyl|1/100\n|\n|t:|1776083688\n|switch|p2a: Kingambit|Kingambit, L50, F|100/100|[from] Flip Turn\n|move|p2b: Aerodactyl|Tailwind|p2b: Aerodactyl\n|-sidestart|p2: Barber1|move: Tailwind\n|move|p1b: Aerodactyl|Tailwind|p1b: Aerodactyl\n|-sidestart|p1: shanghai sharks|move: Tailwind\n|\n|upkeep\n|turn|2\n|\n|t:|1776083712\n|switch|p1a: Rotom|Rotom-Wash, L50|100/100\n|move|p2a: Kingambit|Sucker Punch||[still]\n|-fail|p2a: Kingambit\n|move|p2b: Aerodactyl|Rock Slide|p1b: Aerodactyl|[spread] p1a\n|-miss|p2b: Aerodactyl|p1b: Aerodactyl\n|-damage|p1a: Rotom|77/100\n|move|p1b: Aerodactyl|Rock Slide|p2b: Aerodactyl|[spread] p2a\n|-miss|p1b: Aerodactyl|p2b: Aerodactyl\n|-resisted|p2a: Kingambit|1\n|-damage|p2a: Kingambit|92/100\n|\n|upkeep\n|turn|3\n|\n|t:|1776083732\n|move|p1b: Aerodactyl|Protect|p1b: Aerodactyl\n|-singleturn|p1b: Aerodactyl|Protect\n|move|p2b: Aerodactyl|Dual Wingbeat|p1a: Rotom\n|-resisted|p1a: Rotom|1\n|-damage|p1a: Rotom|69/100\n|-resisted|p1a: Rotom|1\n|-damage|p1a: Rotom|62/100\n|-hitcount|p1a: Rotom|2\n|move|p1a: Rotom|Will-O-Wisp|p2a: Kingambit\n|-status|p2a: Kingambit|brn\n|move|p2a: Kingambit|Iron Head|p1a: Rotom\n|-resisted|p1a: Rotom|2\n|-damage|p1a: Rotom|58/100\n|\n|-damage|p2a: Kingambit|86/100 brn|[from] brn\n|upkeep\n|turn|4\n|inactive|Barber1 has 30 seconds left.\n|\n|t:|1776083759\n|move|p2a: Kingambit|Sucker Punch|p1b: Aerodactyl\n|-damage|p1b: Aerodactyl|0 fnt\n|faint|p1b: Aerodactyl\n|move|p2b: Aerodactyl|Dual Wingbeat|p1a: Rotom\n|-resisted|p1a: Rotom|1\n|-damage|p1a: Rotom|50/100\n|-enditem|p1a: Rotom|Sitrus Berry|[eat]\n|-heal|p1a: Rotom|74/100|[from] item: Sitrus Berry\n|-resisted|p1a: Rotom|1\n|-damage|p1a: Rotom|67/100\n|-hitcount|p1a: Rotom|2\n|move|p1a: Rotom|Volt Switch|p2b: Aerodactyl\n|-supereffective|p2b: Aerodactyl|1\n|-damage|p2b: Aerodactyl|24/100\n|\n|t:|1776083773\n|switch|p1a: Gengar|Gengar-Mega, L50, F|100/100|[from] Volt Switch\n|\n|-damage|p2a: Kingambit|80/100 brn|[from] brn\n|-sideend|p2: Barber1|move: Tailwind\n|-sideend|p1: shanghai sharks|move: Tailwind\n|upkeep\n|\n|t:|1776083779\n|switch|p1b: Sneasler|Sneasler, L50, F|100/100\n|turn|5\n|\n|t:|1776083791\n|move|p2b: Aerodactyl|Protect|p2b: Aerodactyl\n|-singleturn|p2b: Aerodactyl|Protect\n|move|p2a: Kingambit|Protect|p2a: Kingambit\n|-singleturn|p2a: Kingambit|Protect\n|move|p1a: Gengar|Sludge Bomb|p2b: Aerodactyl\n|-activate|p2b: Aerodactyl|move: Protect\n|move|p1b: Sneasler|Close Combat|p2a: Kingambit\n|-activate|p2a: Kingambit|move: Protect\n|\n|-damage|p2a: Kingambit|74/100 brn|[from] brn\n|upkeep\n|turn|6\n|\n|t:|1776083807\n|move|p2a: Kingambit|Sucker Punch|p1a: Gengar\n|-supereffective|p1a: Gengar|1\n|-damage|p1a: Gengar|41/100\n|move|p2b: Aerodactyl|Dual Wingbeat|p1b: Sneasler\n|-supereffective|p1b: Sneasler|1\n|-damage|p1b: Sneasler|36/100\n|-supereffective|p1b: Sneasler|1\n|-damage|p1b: Sneasler|0 fnt\n|faint|p1b: Sneasler\n|-hitcount|p1: Sneasler|2\n|move|p1a: Gengar|Sludge Bomb|p2b: Aerodactyl\n|-resisted|p2b: Aerodactyl|1\n|-damage|p2b: Aerodactyl|0 fnt\n|faint|p2b: Aerodactyl\n|\n|-damage|p2a: Kingambit|68/100 brn|[from] brn\n|upkeep\n|\n|t:|1776083819\n|switch|p2b: Basculegion|Basculegion, L50, M|100/100\n|switch|p1b: Rotom|Rotom-Wash, L50|67/100\n|turn|7\n|\n|t:|1776083834\n|move|p1a: Gengar|Protect|p1a: Gengar\n|-singleturn|p1a: Gengar|Protect\n|move|p2a: Kingambit|Sucker Punch|p1b: Rotom\n|-damage|p1b: Rotom|50/100\n|move|p2b: Basculegion|Last Respects|p1a: Gengar\n|-activate|p1a: Gengar|move: Protect\n|move|p1b: Rotom|Volt Switch|p2b: Basculegion\n|-supereffective|p2b: Basculegion|1\n|-damage|p2b: Basculegion|33/100\n|\n|-damage|p2a: Kingambit|62/100 brn|[from] brn\n|upkeep\n|turn|8\n|\n|t:|1776083857\n|move|p2a: Kingambit|Sucker Punch|p1a: Gengar\n|-supereffective|p1a: Gengar|1\n|-damage|p1a: Gengar|0 fnt\n|faint|p1a: Gengar\n|move|p2b: Basculegion|Last Respects|p1b: Rotom\n|-damage|p1b: Rotom|0 fnt\n|faint|p1b: Rotom\n|\n|win|Barber1\n|raw|shanghai sharks's rating: 1085 &rarr; <strong>1061</strong><br />(-24 for losing)\n|raw|Barber1's rating: 1060 &rarr; <strong>1093</strong><br />(+33 for winning)\n|l|\u2606shanghai sharks\n|player|p1|\n",
  "uploadtime": 1776083867,
  "views": 15,
  "formatid": "gen9championsvgc2026regma",
  "rating": 1061,
  "private": 0,
  "password": null
}