{
  "id": "gen9championsvgc2026regma-2583476507",
  "format": "[Gen 9 Champions] VGC 2026 Reg M-A",
  "players": [
    "literaldog121212",
    "madhav56464"
  ],
  "log": "|j|\u2606literaldog121212\n|j|\u2606madhav56464\n|t:|1776178091\n|gametype|doubles\n|player|p1|literaldog121212|hanbei-conquest|1091\n|player|p2|madhav56464|will|1020\n|gen|9\n|tier|[Gen 9 Champions] VGC 2026 Reg M-A\n|rated|\n|rule|Species Clause: Limit one of each Pok\u00e9mon\n|rule|Item Clause: Limit 1 of each item\n|clearpoke\n|poke|p1|Dragonite, L50, F|\n|poke|p1|Tinkaton, L50, F|\n|poke|p1|Samurott-Hisui, L50, M|\n|poke|p1|Zoroark-Hisui, L50, M|\n|poke|p1|Greninja-*, L50, M|\n|poke|p1|Meowstic, L50, M|\n|poke|p2|Delphox, L50, F|\n|poke|p2|Basculegion, L50, M|\n|poke|p2|Whimsicott, L50, F|\n|poke|p2|Kingambit, L50, F|\n|poke|p2|Dragonite, L50, F|\n|poke|p2|Sneasler, L50, M|\n|teampreview|4\n|inactive|Battle timer is ON: inactive players will automatically lose when time's up. (requested by literaldog121212)\nmadhav56464 has agreed to open team sheets.\n|\n|t:|1776178113\n|teamsize|p1|4\n|teamsize|p2|4\n|start\n|switch|p1a: tina|Tinkaton, L50, F|100/100\n|switch|p1b: samuel|Samurott-Hisui, L50, M|100/100\n|switch|p2a: SurviveThisLol|Basculegion, L50, M|100/100\n|switch|p2b: TheDiva|Delphox, L50, F, shiny|100/100\n|turn|1\n|\n|t:|1776178128\n|detailschange|p2b: TheDiva|Delphox-Mega, L50, F, shiny\n|-mega|p2b: TheDiva|Delphox|Delphoxite\n|move|p1a: tina|Fake Out|p2b: TheDiva\n|-damage|p2b: TheDiva|85/100\n|cant|p2b: TheDiva|flinch\n|move|p2a: SurviveThisLol|Wave Crash|p1b: samuel\n|-enditem|p1b: samuel|Focus Sash\n|-damage|p1b: samuel|1/100\n|replace|p1b: zippy|Zoroark-Hisui, L50, M\n|-end|p1b: zippy|Illusion\n|-damage|p2a: SurviveThisLol|79/100|[from] Recoil\n|move|p1b: zippy|Bitter Malice|p2a: SurviveThisLol\n|-supereffective|p2a: SurviveThisLol|1\n|-damage|p2a: SurviveThisLol|0 fnt\n|faint|p2a: SurviveThisLol\n|\n|upkeep\n|\n|t:|1776178146\n|switch|p2a: \"Queen\"OfSpain|Kingambit, L50, F|100/100\n|turn|2\n|\n|t:|1776178155\n|move|p1b: zippy|Protect|p1b: zippy\n|-singleturn|p1b: zippy|Protect\n|move|p2a: \"Queen\"OfSpain|Sucker Punch||[still]\n|-fail|p2a: \"Queen\"OfSpain\n|move|p2b: TheDiva|Heat Wave|p1b: zippy|[spread] p1a\n|-activate|p1b: zippy|move: Protect\n|-supereffective|p1a: tina|1\n|-damage|p1a: tina|21/100\n|move|p1a: tina|Brick Break|p2a: \"Queen\"OfSpain\n|-supereffective|p2a: \"Queen\"OfSpain|2\n|-damage|p2a: \"Queen\"OfSpain|44/100\n|\n|-heal|p1a: tina|28/100|[from] item: Leftovers\n|upkeep\n|turn|3\n|\n|t:|1776178173\n|switch|p1a: samuel|Samurott-Hisui, L50, M|100/100\n|move|p2a: \"Queen\"OfSpain|Sucker Punch|p1b: zippy\n|-supereffective|p1b: zippy|1\n|-damage|p1b: zippy|0 fnt\n|faint|p1b: zippy\n|move|p2b: TheDiva|Heat Wave|p1a: samuel\n|-resisted|p1a: samuel|1\n|-damage|p1a: samuel|63/100\n|-status|p1a: samuel|brn\n|\n|-damage|p1a: samuel|57/100 brn|[from] brn\n|upkeep\n|\n|t:|1776178178\n|switch|p1b: tina|Tinkaton, L50, F|28/100\n|turn|4\n|\n|t:|1776178199\n|move|p2b: TheDiva|Protect|p2b: TheDiva\n|-singleturn|p2b: TheDiva|Protect\n|move|p2a: \"Queen\"OfSpain|Protect|p2a: \"Queen\"OfSpain\n|-singleturn|p2a: \"Queen\"OfSpain|Protect\n|move|p1b: tina|Fake Out|p2b: TheDiva\n|-activate|p2b: TheDiva|move: Protect\n|move|p1a: samuel|Sacred Sword|p2a: \"Queen\"OfSpain\n|-activate|p2a: \"Queen\"OfSpain|move: Protect\n|\n|-heal|p1b: tina|34/100|[from] item: Leftovers\n|-damage|p1a: samuel|51/100 brn|[from] brn\n|upkeep\n|turn|5\n|\n|t:|1776178217\n|switch|p1b: rawr.next question|Dragonite, L50, F, shiny|100/100\n|move|p2a: \"Queen\"OfSpain|Sucker Punch|p1a: samuel\n|-resisted|p1a: samuel|1\n|-damage|p1a: samuel|23/100 brn\n|move|p2b: TheDiva|Heat Wave|p1a: samuel|[spread] p1a,p1b\n|-resisted|p1a: samuel|1\n|-resisted|p1b: rawr.next question|1\n|-damage|p1a: samuel|0 fnt\n|-damage|p1b: rawr.next question|90/100\n|faint|p1a: samuel\n|\n|upkeep\n|\n|t:|1776178219\n|switch|p1a: tina|Tinkaton, L50, F|34/100\n|turn|6\n|\n|t:|1776178232\n|detailschange|p1b: rawr.next question|Dragonite-Mega, L50, F, shiny\n|-mega|p1b: rawr.next question|Dragonite|Dragoninite\n|move|p1a: tina|Fake Out|p2b: TheDiva\n|-damage|p2b: TheDiva|70/100\n|move|p2a: \"Queen\"OfSpain|Sucker Punch|p1b: rawr.next question\n|-damage|p1b: rawr.next question|46/100\n|cant|p2b: TheDiva|flinch\n|move|p1b: rawr.next question|Air Slash|p2b: TheDiva\n|-damage|p2b: TheDiva|30/100\n|\n|-heal|p1a: tina|40/100|[from] item: Leftovers\n|upkeep\n|turn|7\n|\n|t:|1776178246\n|move|p2a: \"Queen\"OfSpain|Sucker Punch||[still]\n|-fail|p2a: \"Queen\"OfSpain\n|move|p2b: TheDiva|Heat Wave|p1b: rawr.next question|[spread] p1a,p1b\n|-supereffective|p1a: tina|1\n|-resisted|p1b: rawr.next question|1\n|-damage|p1a: tina|0 fnt\n|-damage|p1b: rawr.next question|29/100\n|faint|p1a: tina\n|move|p1b: rawr.next question|Roost|p1b: rawr.next question\n|-heal|p1b: rawr.next question|79/100\n|-singleturn|p1b: rawr.next question|move: Roost\n|\n|upkeep\n|turn|8\n|\n|t:|1776178259\n|move|p2b: TheDiva|Psychic|p1b: rawr.next question\n|-damage|p1b: rawr.next question|37/100\n|move|p1b: rawr.next question|Air Slash|p2b: TheDiva\n|-damage|p2b: TheDiva|0 fnt\n|faint|p2b: TheDiva\n|move|p2a: \"Queen\"OfSpain|Kowtow Cleave|p1b: rawr.next question\n|-damage|p1b: rawr.next question|0 fnt\n|faint|p1b: rawr.next question\n|\n|win|madhav56464\n|raw|literaldog121212's rating: 1091 &rarr; <strong>1063</strong><br />(-28 for losing)\n|raw|madhav56464's rating: 1020 &rarr; <strong>1064</strong><br />(+44 for winning)\n|l|\u2606literaldog121212\n|player|p1|\n",
  "uploadtime": 1776178269,
  "views": 25,
  "formatid": "gen9championsvgc2026regma",
  "rating": 1063,
  "private": 0,
  "password": null
}