{
  "id": "gen9championsvgc2026regma-2583539911",
  "format": "[Gen 9 Champions] VGC 2026 Reg M-A",
  "players": [
    "bakaboy2016",
    "Gorthax_SD"
  ],
  "log": "|j|\u2606bakaboy2016\n|j|\u2606Gorthax_SD\n|t:|1776182069\n|gametype|doubles\n|player|p1|bakaboy2016|102|1110\n|player|p2|Gorthax_SD|lucas|1147\n|gen|9\n|tier|[Gen 9 Champions] VGC 2026 Reg M-A\n|rated|\n|rule|Species Clause: Limit one of each Pok\u00e9mon\n|rule|Item Clause: Limit 1 of each item\n|clearpoke\n|poke|p1|Sneasler, L50, F|\n|poke|p1|Kingambit, L50, M|\n|poke|p1|Clefable, L50, F|\n|poke|p1|Delphox, L50, M|\n|poke|p1|Dragonite, L50, M|\n|poke|p1|Basculegion, L50, M|\n|poke|p2|Aerodactyl, L50, M|\n|poke|p2|Tyranitar, L50, F|\n|poke|p2|Sneasler, L50, M|\n|poke|p2|Basculegion, L50, M|\n|poke|p2|Meganium, L50, F|\n|poke|p2|Volcarona, L50, F|\n|teampreview|4\n|\n|t:|1776182095\n|teamsize|p1|4\n|teamsize|p2|4\n|start\n|switch|p1a: Delphox|Delphox, L50, M|100/100\n|switch|p1b: Basculegion|Basculegion, L50, M|100/100\n|switch|p2a: Rodan|Aerodactyl, L50, M|100/100\n|switch|p2b: Manda|Basculegion, L50, M|100/100\n|-ability|p2a: Rodan|Unnerve\n|turn|1\n|\n|t:|1776182115\n|detailschange|p1a: Delphox|Delphox-Mega, L50, M\n|-mega|p1a: Delphox|Delphox|Delphoxite\n|move|p1a: Delphox|Protect|p1a: Delphox\n|-singleturn|p1a: Delphox|Protect\n|move|p2a: Rodan|Tailwind|p2a: Rodan\n|-sidestart|p2: Gorthax_SD|move: Tailwind\n|move|p2b: Manda|Wave Crash|p1a: Delphox\n|-activate|p1a: Delphox|move: Protect\n|move|p1b: Basculegion|Flip Turn|p2a: Rodan\n|-supereffective|p2a: Rodan|1\n|-enditem|p2a: Rodan|Focus Sash\n|-damage|p2a: Rodan|1/100\n|\n|t:|1776182129\n|switch|p1b: Sneasler|Sneasler, L50, F|100/100|[from] Flip Turn\n|\n|upkeep\n|turn|2\n|\n|t:|1776182141\n|switch|p2a: Mothra|Volcarona, L50, F|100/100\n|switch|p1a: Clefable|Clefable, L50, F|100/100\n|move|p1b: Sneasler|Fake Out|p2a: Mothra\n|-damage|p2a: Mothra|84/100\n|-status|p1b: Sneasler|brn|[from] ability: Flame Body|[of] p2a: Mothra\n|move|p2b: Manda|Wave Crash|p1a: Clefable\n|-damage|p1a: Clefable|31/100\n|-enditem|p1a: Clefable|Sitrus Berry|[eat]\n|-heal|p1a: Clefable|56/100|[from] item: Sitrus Berry\n|-damage|p2b: Manda|77/100|[from] Recoil\n|\n|-heal|p2a: Mothra|90/100|[from] item: Leftovers\n|-damage|p1b: Sneasler|95/100 brn|[from] brn\n|upkeep\n|turn|3\n|\n|t:|1776182170\n|move|p1a: Clefable|Follow Me|p1a: Clefable\n|-singleturn|p1a: Clefable|move: Follow Me\n|move|p2b: Manda|Wave Crash|p1a: Clefable\n|-damage|p1a: Clefable|0 fnt\n|faint|p1a: Clefable\n|-damage|p2b: Manda|58/100|[from] Recoil\n|move|p2a: Mothra|Fiery Dance|p1b: Sneasler\n|-damage|p1b: Sneasler|42/100 brn\n|move|p1b: Sneasler|Dire Claw|p2a: Mothra\n|-damage|p2a: Mothra|68/100\n|\n|-heal|p2a: Mothra|74/100|[from] item: Leftovers\n|-damage|p1b: Sneasler|37/100 brn|[from] brn\n|upkeep\n|\n|t:|1776182188\n|switch|p1a: Basculegion|Basculegion, L50, M|100/100\n|turn|4\n|\n|t:|1776182203\n|switch|p2b: Rodan|Aerodactyl, L50, M|1/100\n|-ability|p2b: Rodan|Unnerve\n|move|p1b: Sneasler|Protect|p1b: Sneasler\n|-singleturn|p1b: Sneasler|Protect\n|move|p2a: Mothra|Rage Powder|p2a: Mothra\n|-singleturn|p2a: Mothra|move: Rage Powder\n|move|p1a: Basculegion|Last Respects|p2a: Mothra\n|-damage|p2a: Mothra|12/100\n|\n|-heal|p2a: Mothra|19/100|[from] item: Leftovers\n|-damage|p1b: Sneasler|31/100 brn|[from] brn\n|-sideend|p2: Gorthax_SD|move: Tailwind\n|upkeep\n|turn|5\n|\n|t:|1776182222\n|move|p2b: Rodan|Tailwind|p2b: Rodan\n|-sidestart|p2: Gorthax_SD|move: Tailwind\n|move|p2a: Mothra|Fiery Dance|p1b: Sneasler\n|-damage|p1b: Sneasler|0 fnt\n|faint|p1b: Sneasler\n|move|p1a: Basculegion|Last Respects|p2a: Mothra\n|-damage|p2a: Mothra|0 fnt\n|faint|p2a: Mothra\n|\n|upkeep\n|\n|t:|1776182237\n|switch|p1b: Delphox|Delphox-Mega, L50, M|100/100\n|switch|p2a: Godzilla|Tyranitar, L50, F, shiny|100/100\n|-weather|Sandstorm|[from] ability: Sand Stream|[of] p2a: Godzilla\n|turn|6\n|\n|t:|1776182253\n|switch|p2b: Manda|Basculegion, L50, M|58/100\n|move|p1a: Basculegion|Last Respects|p2a: Godzilla\n|-resisted|p2a: Godzilla|1\n|-damage|p2a: Godzilla|59/100\n|move|p2a: Godzilla|Knock Off|p1b: Delphox\n|-supereffective|p1b: Delphox|1\n|-damage|p1b: Delphox|0 fnt\n|faint|p1b: Delphox\n|\n|-weather|Sandstorm|[upkeep]\n|-damage|p2b: Manda|52/100|[from] Sandstorm\n|-damage|p1a: Basculegion|94/100|[from] Sandstorm\n|upkeep\n|turn|7\n|-message|bakaboy2016 forfeited.\n|\n|win|Gorthax_SD\n|raw|bakaboy2016's rating: 1110 &rarr; <strong>1088</strong><br />(-22 for losing)\n|raw|Gorthax_SD's rating: 1147 &rarr; <strong>1169</strong><br />(+22 for winning)\n|l|\u2606bakaboy2016\n|player|p1|\n",
  "uploadtime": 1776182275,
  "views": 35,
  "formatid": "gen9championsvgc2026regma",
  "rating": 1088,
  "private": 0,
  "password": null
}