{
  "id": "gen9championsvgc2026regma-2582605627",
  "format": "[Gen 9 Champions] VGC 2026 Reg M-A",
  "players": [
    "fizixes",
    "feistyballs"
  ],
  "log": "|j|\u2606fizixes\n|j|\u2606feistyballs\n|t:|1776102195\n|gametype|doubles\n|player|p1|fizixes|266|1124\n|player|p2|feistyballs|janitor|1195\n|gen|9\n|tier|[Gen 9 Champions] VGC 2026 Reg M-A\n|rated|\n|rule|Species Clause: Limit one of each Pok\u00e9mon\n|rule|Item Clause: Limit 1 of each item\n|clearpoke\n|poke|p1|Weavile, L50, F|\n|poke|p1|Lucario, L50, F|\n|poke|p1|Gallade, L50, M|\n|poke|p1|Kleavor, L50, F|\n|poke|p1|Quaquaval, L50, F|\n|poke|p1|Meganium, L50, F|\n|poke|p2|Starmie, L50|\n|poke|p2|Chesnaught, L50, F|\n|poke|p2|Incineroar, L50, M|\n|poke|p2|Sableye, L50, F|\n|poke|p2|Sinistcha, L50|\n|poke|p2|Aerodactyl, L50, F|\n|teampreview|4\n|inactive|Battle timer is ON: inactive players will automatically lose when time's up. (requested by feistyballs)\n|inactive|fizixes also wants the timer to be on.\n|\n|t:|1776102219\n|teamsize|p1|4\n|teamsize|p2|4\n|start\n|switch|p1a: Kleavor|Kleavor, L50, F|100/100\n|switch|p1b: Weavile|Weavile, L50, F|100/100\n|switch|p2a: Aerodactyl|Aerodactyl, L50, F|100/100\n|switch|p2b: Sableye|Sableye, L50, F|100/100\n|-ability|p2a: Aerodactyl|Unnerve\n|-ability|p1b: Weavile|Pressure\n|turn|1\n|\n|t:|1776102228\n|move|p2b: Sableye|Will-O-Wisp|p1a: Kleavor\n|-status|p1a: Kleavor|brn\n|move|p1a: Kleavor|Stone Axe|p2a: Aerodactyl\n|-supereffective|p2a: Aerodactyl|1\n|-damage|p2a: Aerodactyl|8/100\n|-sidestart|p2: feistyballs|move: Stealth Rock\n|move|p1b: Weavile|Triple Axel|p2a: Aerodactyl\n|-supereffective|p2a: Aerodactyl|1\n|-damage|p2a: Aerodactyl|0 fnt\n|faint|p2a: Aerodactyl\n|-hitcount|p2: Aerodactyl|1\n|\n|-damage|p1a: Kleavor|94/100 brn|[from] brn\n|upkeep\n|\n|t:|1776102239\n|switch|p2a: Starmie|Starmie, L50|100/100\n|-damage|p2a: Starmie|88/100|[from] Stealth Rock\n|turn|2\n|\n|t:|1776102256\n|switch|p1a: Quaquaval|Quaquaval, L50, F|100/100\n|switch|p1b: Meganium|Meganium, L50, F|100/100\n|detailschange|p2a: Starmie|Starmie-Mega, L50\n|-mega|p2a: Starmie|Starmie|Starminite\n|move|p2b: Sableye|Quash||[still]\n|-fail|p2b: Sableye\n|move|p2a: Starmie|Liquidation|p1b: Meganium\n|-resisted|p1b: Meganium|1\n|-damage|p1b: Meganium|61/100\n|\n|upkeep\n|turn|3\n|\n|t:|1776102275\n|detailschange|p1b: Meganium|Meganium-Mega, L50, F\n|-mega|p1b: Meganium|Meganium|Meganiumite\n|move|p2b: Sableye|Will-O-Wisp|p1a: Quaquaval\n|-status|p1a: Quaquaval|brn\n|move|p2a: Starmie|Psycho Cut|p1b: Meganium\n|-damage|p1b: Meganium|8/100\n|move|p1a: Quaquaval|Aqua Step|p2b: Sableye\n|-damage|p2b: Sableye|80/100\n|-boost|p1a: Quaquaval|spe|1\n|move|p1b: Meganium|Synthesis|p1b: Meganium\n|-heal|p1b: Meganium|75/100\n|\n|-damage|p1a: Quaquaval|94/100 brn|[from] brn\n|upkeep\n|turn|4\n|\n|t:|1776102293\n|move|p2b: Sableye|Encore|p1b: Meganium\n|-start|p1b: Meganium|Encore\n|move|p1a: Quaquaval|Aqua Step|p2b: Sableye\n|-damage|p2b: Sableye|57/100\n|-boost|p1a: Quaquaval|spe|1\n|move|p2a: Starmie|Psycho Cut|p1b: Meganium\n|-damage|p1b: Meganium|18/100\n|move|p1b: Meganium|Synthesis|p1b: Meganium\n|-heal|p1b: Meganium|85/100\n|\n|-damage|p1a: Quaquaval|88/100 brn|[from] brn\n|upkeep\n|turn|5\n|\n|t:|1776102309\n|switch|p1b: Kleavor|Kleavor, L50, F|94/100 brn\n|move|p2b: Sableye|Protect|p2b: Sableye\n|-singleturn|p2b: Sableye|Protect\n|move|p1a: Quaquaval|Aqua Step|p2b: Sableye\n|-activate|p2b: Sableye|move: Protect\n|move|p2a: Starmie|Psycho Cut|p1a: Quaquaval\n|-supereffective|p1a: Quaquaval|1\n|-damage|p1a: Quaquaval|0 fnt\n|faint|p1a: Quaquaval\n|\n|-damage|p1b: Kleavor|88/100 brn|[from] brn\n|upkeep\n|\n|t:|1776102319\n|switch|p1a: Meganium|Meganium-Mega, L50, F|85/100\n|turn|6\n|\n|t:|1776102328\n|switch|p2a: Sinistcha|Sinistcha, L50|100/100\n|-damage|p2a: Sinistcha|88/100|[from] Stealth Rock\n|-heal|p2b: Sableye|82/100|[from] ability: Hospitality|[of] p2a: Sinistcha\n|move|p2b: Sableye|Protect|p2b: Sableye\n|-singleturn|p2b: Sableye|Protect\n|move|p1b: Kleavor|X-Scissor|p2a: Sinistcha\n|-damage|p2a: Sinistcha|63/100\n|move|p1a: Meganium|Weather Ball|p2b: Sableye\n|-activate|p2b: Sableye|move: Protect\n|\n|-damage|p1b: Kleavor|82/100 brn|[from] brn\n|upkeep\n|turn|7\n|\n|t:|1776102343\n|move|p2a: Sinistcha|Rage Powder|p2a: Sinistcha\n|-singleturn|p2a: Sinistcha|move: Rage Powder\n|move|p2b: Sableye|Encore|p1a: Meganium\n|-start|p1a: Meganium|Encore\n|move|p1b: Kleavor|X-Scissor|p2a: Sinistcha\n|-damage|p2a: Sinistcha|40/100\n|move|p1a: Meganium|Weather Ball|p2b: Sableye\n|-damage|p2b: Sableye|0 fnt\n|faint|p2b: Sableye\n|\n|-damage|p1b: Kleavor|76/100 brn|[from] brn\n|upkeep\n|\n|t:|1776102346\n|switch|p2b: Starmie|Starmie-Mega, L50|88/100\n|-damage|p2b: Starmie|76/100|[from] Stealth Rock\n|turn|8\n|\n|t:|1776102358\n|move|p1b: Kleavor|X-Scissor|p2b: Starmie\n|-supereffective|p2b: Starmie|1\n|-damage|p2b: Starmie|0 fnt\n|faint|p2b: Starmie\n|move|p1a: Meganium|Weather Ball|p2a: Sinistcha\n|-supereffective|p2a: Sinistcha|1\n|-damage|p2a: Sinistcha|0 fnt\n|faint|p2a: Sinistcha\n|\n|win|fizixes\n|raw|fizixes's rating: 1124 &rarr; <strong>1154</strong><br />(+30 for winning)\n|raw|feistyballs's rating: 1195 &rarr; <strong>1165</strong><br />(-30 for losing)\n|l|\u2606feistyballs\n|player|p2|\n",
  "uploadtime": 1776102391,
  "views": 14,
  "formatid": "gen9championsvgc2026regma",
  "rating": 1154,
  "private": 0,
  "password": null
}