{
  "id": "gen9championsvgc2026regma-2587917907",
  "format": "[Gen 9 Champions] VGC 2026 Reg M-A",
  "players": [
    "Rem0raide",
    "machuey"
  ],
  "log": "|j|\u2606Rem0raide\n|j|\u2606machuey\n|t:|1776578863\n|gametype|doubles\n|player|p1|Rem0raide|lucas-gen4pt|1188\n|player|p2|machuey|li|1247\n|gen|9\n|tier|[Gen 9 Champions] VGC 2026 Reg M-A\n|rated|\n|rule|Species Clause: Limit one of each Pok\u00e9mon\n|rule|Item Clause: Limit 1 of each item\n|clearpoke\n|poke|p1|Lucario, L50, F|\n|poke|p1|Garchomp, L50, F|\n|poke|p1|Clefable, L50, M|\n|poke|p1|Aerodactyl, L50, M|\n|poke|p1|Sinistcha, L50|\n|poke|p1|Basculegion, L50, M|\n|poke|p2|Golurk, L50|\n|poke|p2|Sneasler, L50, F|\n|poke|p2|Farigiraf, L50, F|\n|poke|p2|Incineroar, L50, F|\n|poke|p2|Venusaur, L50, F|\n|poke|p2|Torkoal, L50, M|\n|teampreview|4\n|\n|t:|1776578910\n|teamsize|p1|4\n|teamsize|p2|4\n|start\n|switch|p1a: Basculegion|Basculegion, L50, M|100/100\n|switch|p1b: Garchomp|Garchomp, L50, F|100/100\n|switch|p2a: Farigiraf|Farigiraf, L50, F|100/100\n|switch|p2b: Incineroar|Incineroar, L50, F|100/100\n|-ability|p2b: Incineroar|Intimidate|boost\n|-unboost|p1a: Basculegion|atk|1\n|-unboost|p1b: Garchomp|atk|1\n|-enditem|p1b: Garchomp|White Herb\n|-clearnegativeboost|p1b: Garchomp|[silent]\n|turn|1\n|inactive|Battle timer is ON: inactive players will automatically lose when time's up. (requested by Rem0raide)\n|\n|t:|1776578970\n|move|p1b: Garchomp|Protect|p1b: Garchomp\n|-singleturn|p1b: Garchomp|Protect\n|move|p2a: Farigiraf|Protect|p2a: Farigiraf\n|-singleturn|p2a: Farigiraf|Protect\n|move|p1a: Basculegion|Wave Crash|p2a: Farigiraf\n|-activate|p2a: Farigiraf|move: Protect\n|move|p2b: Incineroar|Throat Chop|p1a: Basculegion\n|-supereffective|p1a: Basculegion|1\n|-damage|p1a: Basculegion|5/100\n|-start|p1a: Basculegion|Throat Chop|[silent]\n|\n|upkeep\n|turn|2\n|inactive|Rem0raide has 30 seconds left.\n|inactive|machuey has 30 seconds left.\n|\n|t:|1776579002\n|switch|p1a: Lucario|Lucario, L50, F|100/100\n|switch|p2b: Torkoal|Torkoal, L50, M|100/100\n|-weather|SunnyDay|[from] ability: Drought|[of] p2b: Torkoal\n|move|p1b: Garchomp|Swords Dance|p1b: Garchomp\n|-boost|p1b: Garchomp|atk|2\n|move|p2a: Farigiraf|Trick Room|p2a: Farigiraf\n|-fieldstart|move: Trick Room|[of] p2a: Farigiraf\n|\n|-weather|SunnyDay|[upkeep]\n|upkeep\n|turn|3\n|inactive|Rem0raide has 30 seconds left.\n|inactive|machuey has 30 seconds left.\n|inactive|machuey has 20 seconds left.\n|inactive|machuey has 15 seconds left.\n|\n|t:|1776579045\n|move|p1a: Lucario|Protect|p1a: Lucario\n|-singleturn|p1a: Lucario|Protect\n|move|p2b: Torkoal|Eruption|p1b: Garchomp|[spread] p1b\n|-activate|p1a: Lucario|move: Protect\n|-resisted|p1b: Garchomp|1\n|-damage|p1b: Garchomp|56/100\n|move|p2a: Farigiraf|Psychic|p1b: Garchomp\n|-damage|p1b: Garchomp|21/100\n|move|p1b: Garchomp|Stomping Tantrum|p2b: Torkoal\n|-supereffective|p2b: Torkoal|1\n|-damage|p2b: Torkoal|0 fnt\n|faint|p2b: Torkoal\n|\n|-weather|SunnyDay|[upkeep]\n|upkeep\n|\n|t:|1776579061\n|switch|p2b: Golurk|Golurk, L50|100/100\n|turn|4\n|\n|t:|1776579087\n|switch|p1a: Basculegion|Basculegion, L50, M|5/100\n|detailschange|p2b: Golurk|Golurk-Mega, L50\n|-mega|p2b: Golurk|Golurk|Golurkite\n|move|p1b: Garchomp|Protect|p1b: Garchomp\n|-singleturn|p1b: Garchomp|Protect\n|move|p2b: Golurk|Ice Punch|p1a: Basculegion\n|-resisted|p1a: Basculegion|1\n|-damage|p1a: Basculegion|0 fnt\n|faint|p1a: Basculegion\n|move|p2a: Farigiraf|Psychic|p1b: Garchomp\n|-activate|p1b: Garchomp|move: Protect\n|\n|-weather|SunnyDay|[upkeep]\n|upkeep\n|\n|t:|1776579105\n|switch|p1a: Sinistcha|Sinistcha, L50|100/100\n|-heal|p1b: Garchomp|45/100|[from] ability: Hospitality|[of] p1a: Sinistcha\n|turn|5\n|inactive|Rem0raide has 30 seconds left.\n|inactive|machuey has 30 seconds left.\n|\n|t:|1776579135\n|switch|p2a: Incineroar|Incineroar, L50, F|100/100\n|-ability|p2a: Incineroar|Intimidate|boost\n|-unboost|p1a: Sinistcha|atk|1\n|-unboost|p1b: Garchomp|atk|1\n|move|p1a: Sinistcha|Rage Powder|p1a: Sinistcha\n|-singleturn|p1a: Sinistcha|move: Rage Powder\n|move|p2b: Golurk|Ice Punch|p1a: Sinistcha\n|-supereffective|p1a: Sinistcha|1\n|-damage|p1a: Sinistcha|50/100\n|-enditem|p1a: Sinistcha|Sitrus Berry|[eat]\n|-heal|p1a: Sinistcha|75/100|[from] item: Sitrus Berry\n|move|p1b: Garchomp|Dragon Claw|p2a: Incineroar\n|-damage|p2a: Incineroar|41/100\n|\n|-weather|SunnyDay|[upkeep]\n|upkeep\n|turn|6\n|\n|t:|1776579160\n|move|p1a: Sinistcha|Protect|p1a: Sinistcha\n|-singleturn|p1a: Sinistcha|Protect\n|move|p1b: Garchomp|Protect|p1b: Garchomp\n|-singleturn|p1b: Garchomp|Protect\n|move|p2b: Golurk|Ice Punch|p1b: Garchomp\n|-supereffective|p1b: Garchomp|2\n|-ability|p2b: Golurk|Unseen Fist\n|-zbroken|p1b: Garchomp\n|-damage|p1b: Garchomp|13/100\n|-damage|p2b: Golurk|88/100|[from] ability: Rough Skin|[of] p1b: Garchomp\n|move|p2a: Incineroar|Flare Blitz|p1a: Sinistcha\n|-activate|p1a: Sinistcha|move: Protect\n|\n|-weather|none\n|-fieldend|move: Trick Room\n|upkeep\n|turn|7\n|inactive|Rem0raide has 30 seconds left.\n|inactive|machuey has 30 seconds left.\n|\n|t:|1776579193\n|switch|p2b: Farigiraf|Farigiraf, L50, F|100/100\n|move|p1b: Garchomp|Stomping Tantrum|p2a: Incineroar\n|-supereffective|p2a: Incineroar|1\n|-enditem|p2a: Incineroar|Shuca Berry|[eat]\n|-enditem|p2a: Incineroar|Shuca Berry|[weaken]\n|-damage|p2a: Incineroar|0 fnt\n|faint|p2a: Incineroar\n|move|p1a: Sinistcha|Matcha Gotcha|p2b: Farigiraf\n|-damage|p2b: Farigiraf|71/100\n|-heal|p1a: Sinistcha|94/100|[from] drain|[of] p2b: Farigiraf\n|\n|upkeep\n|\n|t:|1776579200\n|switch|p2a: Golurk|Golurk-Mega, L50|88/100\n|turn|8\n|inactive|machuey has 30 seconds left.\n|\n|t:|1776579232\n|move|p2b: Farigiraf|Protect|p2b: Farigiraf\n|-singleturn|p2b: Farigiraf|Protect\n|move|p1b: Garchomp|Dragon Claw|p2b: Farigiraf\n|-activate|p2b: Farigiraf|move: Protect\n|move|p1a: Sinistcha|Matcha Gotcha|p2a: Golurk|[spread] p2a\n|-activate|p2b: Farigiraf|move: Protect\n|-supereffective|p2a: Golurk|1\n|-damage|p2a: Golurk|41/100\n|-heal|p1a: Sinistcha|100/100|[from] drain|[of] p2a: Golurk\n|move|p2a: Golurk|Ice Punch|p1a: Sinistcha\n|-supereffective|p1a: Sinistcha|1\n|-damage|p1a: Sinistcha|57/100\n|\n|upkeep\n|turn|9\n|\n|t:|1776579252\n|move|p2a: Golurk|Protect|p2a: Golurk\n|-singleturn|p2a: Golurk|Protect\n|move|p1b: Garchomp|Dragon Claw|p2b: Farigiraf\n|-damage|p2b: Farigiraf|25/100\n|-enditem|p2b: Farigiraf|Sitrus Berry|[eat]\n|-heal|p2b: Farigiraf|50/100|[from] item: Sitrus Berry\n|move|p1a: Sinistcha|Matcha Gotcha|p2b: Farigiraf|[spread] p2b\n|-activate|p2a: Golurk|move: Protect\n|-damage|p2b: Farigiraf|25/100\n|-heal|p1a: Sinistcha|72/100|[from] drain|[of] p2b: Farigiraf\n|move|p2b: Farigiraf|Trick Room|p2b: Farigiraf\n|-fieldstart|move: Trick Room|[of] p2b: Farigiraf\n|\n|upkeep\n|turn|10\n|\n|t:|1776579274\n|move|p1b: Garchomp|Protect|p1b: Garchomp\n|-singleturn|p1b: Garchomp|Protect\n|move|p2a: Golurk|Ice Punch|p1b: Garchomp\n|-supereffective|p1b: Garchomp|2\n|-ability|p2a: Golurk|Unseen Fist\n|-zbroken|p1b: Garchomp\n|-damage|p1b: Garchomp|0 fnt\n|-damage|p2a: Golurk|29/100|[from] ability: Rough Skin|[of] p1b: Garchomp\n|faint|p1b: Garchomp\n|move|p2b: Farigiraf|Hyper Voice|p1a: Sinistcha\n|-immune|p1a: Sinistcha\n|move|p1a: Sinistcha|Matcha Gotcha|p2a: Golurk|[spread] p2b\n|-miss|p1a: Sinistcha|p2a: Golurk\n|-damage|p2b: Farigiraf|4/100\n|-heal|p1a: Sinistcha|86/100|[from] drain|[of] p2b: Farigiraf\n|\n|upkeep\n|\n|t:|1776579294\n|switch|p1b: Lucario|Lucario, L50, F|100/100\n|turn|11\n|\n|t:|1776579309\n|detailschange|p1b: Lucario|Lucario-Mega, L50, F\n|-mega|p1b: Lucario|Lucario|Lucarionite\n|move|p1a: Sinistcha|Rage Powder|p1a: Sinistcha\n|-singleturn|p1a: Sinistcha|move: Rage Powder\n|move|p2a: Golurk|Ice Punch|p1a: Sinistcha\n|-supereffective|p1a: Sinistcha|1\n|-damage|p1a: Sinistcha|39/100\n|move|p2b: Farigiraf|Psychic|p1a: Sinistcha\n|-damage|p1a: Sinistcha|0 fnt\n|faint|p1a: Sinistcha\n|move|p1b: Lucario|Drain Punch|p2b: Farigiraf\n|-crit|p2b: Farigiraf\n|-damage|p2b: Farigiraf|0 fnt\n|faint|p2b: Farigiraf\n|\n|upkeep\n|turn|12\n|\n|t:|1776579325\n|move|p1b: Lucario|Protect|p1b: Lucario\n|-singleturn|p1b: Lucario|Protect\n|move|p2a: Golurk|Headlong Rush|p1b: Lucario\n|-supereffective|p1b: Lucario|1\n|-ability|p2a: Golurk|Unseen Fist\n|-zbroken|p1b: Lucario\n|-damage|p1b: Lucario|43/100\n|-unboost|p2a: Golurk|def|1\n|-unboost|p2a: Golurk|spd|1\n|\n|upkeep\n|turn|13\n|\n|t:|1776579340\n|move|p2a: Golurk|Headlong Rush|p1b: Lucario\n|-supereffective|p1b: Lucario|1\n|-damage|p1b: Lucario|0 fnt\n|-unboost|p2a: Golurk|def|1\n|-unboost|p2a: Golurk|spd|1\n|faint|p1b: Lucario\n|\n|win|machuey\n|raw|Rem0raide's rating: 1188 &rarr; <strong>1167</strong><br />(-21 for losing)\n|raw|machuey's rating: 1247 &rarr; <strong>1268</strong><br />(+21 for winning)\n|l|\u2606machuey\n|player|p2|\n|l|\u2606Rem0raide\n|player|p1|\n|j|\u2606Rem0raide\n|player|p1|Rem0raide|lucas-gen4pt|\n",
  "uploadtime": 1776579511,
  "views": 10,
  "formatid": "gen9championsvgc2026regma",
  "rating": 1167,
  "private": 0,
  "password": null
}