{
  "id": "gen9championsvgc2026regma-2587492240",
  "format": "[Gen 9 Champions] VGC 2026 Reg M-A",
  "players": [
    "imcaio",
    "fidelgbill"
  ],
  "log": "|j|\u2606imcaio\n|j|\u2606fidelgbill\n|t:|1776536403\n|gametype|doubles\n|player|p1|imcaio|101|1116\n|player|p2|fidelgbill|nate|1170\n|gen|9\n|tier|[Gen 9 Champions] VGC 2026 Reg M-A\n|rated|\n|rule|Species Clause: Limit one of each Pok\u00e9mon\n|rule|Item Clause: Limit 1 of each item\n|clearpoke\n|poke|p1|Gengar, L50, M|\n|poke|p1|Tinkaton, L50, F|\n|poke|p1|Kangaskhan, L50, F|\n|poke|p1|Milotic, L50, M|\n|poke|p1|Whimsicott, L50, F|\n|poke|p1|Incineroar, L50, M|\n|poke|p2|Excadrill, L50, F|\n|poke|p2|Talonflame, L50, F|\n|poke|p2|Tyranitar, L50, M|\n|poke|p2|Sinistcha, L50|\n|poke|p2|Dedenne, L50, F|\n|poke|p2|Glimmora, L50, F|\n|teampreview|4\n|inactive|Battle timer is ON: inactive players will automatically lose when time's up. (requested by fidelgbill)\n|\n|t:|1776536438\n|teamsize|p1|4\n|teamsize|p2|4\n|start\n|switch|p1a: Tinkaton|Tinkaton, L50, F|100/100\n|switch|p1b: Kangaskhan|Kangaskhan, L50, F|100/100\n|switch|p2a: Excadrill|Excadrill, L50, F|100/100\n|switch|p2b: Talonflame|Talonflame, L50, F|100/100\n|-ability|p1a: Tinkaton|Mold Breaker\n|turn|1\n|\n|t:|1776536448\n|detailschange|p1b: Kangaskhan|Kangaskhan-Mega, L50, F\n|-mega|p1b: Kangaskhan|Kangaskhan|Kangaskhanite\n|detailschange|p2a: Excadrill|Excadrill-Mega, L50, F\n|-mega|p2a: Excadrill|Excadrill|Excadrite\n|move|p1a: Tinkaton|Fake Out|p2b: Talonflame\n|-damage|p2b: Talonflame|89/100\n|cant|p2b: Talonflame|flinch\n|move|p2a: Excadrill|Earthquake|p1a: Tinkaton|[spread] p1a,p1b\n|-immune|p2b: Talonflame\n|-supereffective|p1a: Tinkaton|1\n|-damage|p1a: Tinkaton|15/100\n|-damage|p1b: Kangaskhan|58/100\n|move|p1b: Kangaskhan|Low Kick|p2a: Excadrill\n|-supereffective|p2a: Excadrill|1\n|-damage|p2a: Excadrill|49/100\n|-supereffective|p2a: Excadrill|1\n|-damage|p2a: Excadrill|37/100\n|-hitcount|p2a: Excadrill|2\n|\n|upkeep\n|turn|2\n|inactive|fidelgbill has 30 seconds left.\n|\n|t:|1776536475\n|switch|p1a: Whimsicott|Whimsicott, L50, F|100/100\n|move|p1b: Kangaskhan|Sucker Punch|p2a: Excadrill\n|-damage|p2a: Excadrill|14/100\n|-damage|p2a: Excadrill|9/100\n|-hitcount|p2a: Excadrill|2\n|move|p2b: Talonflame|Tailwind|p2b: Talonflame\n|-sidestart|p2: fidelgbill|move: Tailwind\n|move|p2a: Excadrill|Iron Head|p1b: Kangaskhan\n|-damage|p1b: Kangaskhan|11/100\n|\n|upkeep\n|turn|3\n|\n|t:|1776536494\n|switch|p2a: Tyranitar|Tyranitar, L50, M|100/100\n|-weather|Sandstorm|[from] ability: Sand Stream|[of] p2a: Tyranitar\n|move|p1b: Kangaskhan|Sucker Punch||[still]\n|-fail|p1b: Kangaskhan\n|move|p1a: Whimsicott|Encore|p2b: Talonflame\n|-start|p2b: Talonflame|Encore\n|move|p2b: Talonflame|Tailwind||[still]\n|-fail|p2b: Talonflame\n|\n|-weather|Sandstorm|[upkeep]\n|-damage|p2b: Talonflame|83/100|[from] Sandstorm\n|-damage|p1b: Kangaskhan|5/100|[from] Sandstorm\n|-damage|p1a: Whimsicott|95/100|[from] Sandstorm\n|upkeep\n|turn|4\n|\n|t:|1776536510\n|switch|p2b: Excadrill|Excadrill-Mega, L50, F|9/100\n|move|p1a: Whimsicott|Tailwind|p1a: Whimsicott\n|-sidestart|p1: imcaio|move: Tailwind\n|move|p1b: Kangaskhan|Low Kick|p2a: Tyranitar\n|-supereffective|p2a: Tyranitar|2\n|-damage|p2a: Tyranitar|0 fnt\n|faint|p2a: Tyranitar\n|-hitcount|p2: Tyranitar|1\n|\n|-weather|Sandstorm|[upkeep]\n|-damage|p1b: Kangaskhan|0 fnt|[from] Sandstorm\n|-damage|p1a: Whimsicott|89/100|[from] Sandstorm\n|faint|p1b: Kangaskhan\n|upkeep\n|\n|t:|1776536521\n|switch|p1b: Tinkaton|Tinkaton, L50, F|15/100\n|switch|p2a: Sinistcha|Sinistcha, L50|100/100\n|-ability|p1b: Tinkaton|Mold Breaker\n|-heal|p2b: Excadrill|34/100|[from] ability: Hospitality|[of] p2a: Sinistcha\n|turn|5\n|\n|t:|1776536530\n|move|p2b: Excadrill|Protect|p2b: Excadrill\n|-singleturn|p2b: Excadrill|Protect\n|move|p1b: Tinkaton|Fake Out|p2b: Excadrill\n|-activate|p2b: Excadrill|move: Protect\n|move|p1a: Whimsicott|Moonblast|p2a: Sinistcha\n|-damage|p2a: Sinistcha|70/100\n|move|p2a: Sinistcha|Matcha Gotcha|p1b: Tinkaton|[spread] p1a\n|-miss|p2a: Sinistcha|p1b: Tinkaton\n|-resisted|p1a: Whimsicott|1\n|-crit|p1a: Whimsicott\n|-damage|p1a: Whimsicott|68/100\n|-heal|p2a: Sinistcha|80/100|[from] drain|[of] p1a: Whimsicott\n|\n|-weather|Sandstorm|[upkeep]\n|-damage|p1a: Whimsicott|62/100|[from] Sandstorm\n|-damage|p2a: Sinistcha|74/100|[from] Sandstorm\n|-sideend|p2: fidelgbill|move: Tailwind\n|upkeep\n|turn|6\n|\n|t:|1776536552\n|move|p1a: Whimsicott|Encore|p2b: Excadrill\n|-start|p2b: Excadrill|Encore\n|move|p2b: Excadrill|Protect||[still]\n|-fail|p2b: Excadrill\n|move|p1b: Tinkaton|Gigaton Hammer|p2a: Sinistcha\n|-damage|p2a: Sinistcha|29/100\n|move|p2a: Sinistcha|Strength Sap|p1b: Tinkaton\n|-unboost|p1b: Tinkaton|atk|1\n|-heal|p2a: Sinistcha|85/100\n|\n|-weather|Sandstorm|[upkeep]\n|-damage|p1a: Whimsicott|56/100|[from] Sandstorm\n|-damage|p2a: Sinistcha|79/100|[from] Sandstorm\n|upkeep\n|turn|7\n|\n|t:|1776536571\n|move|p1b: Tinkaton|Helping Hand|p1a: Whimsicott\n|-singleturn|p1a: Whimsicott|Helping Hand|[of] p1b: Tinkaton\n|move|p2b: Excadrill|Protect|p2b: Excadrill\n|-singleturn|p2b: Excadrill|Protect\n|move|p1a: Whimsicott|Moonblast|p2a: Sinistcha\n|-damage|p2a: Sinistcha|35/100\n|move|p2a: Sinistcha|Shadow Ball|p1a: Whimsicott\n|-damage|p1a: Whimsicott|18/100\n|\n|-weather|none\n|-sideend|p1: imcaio|move: Tailwind\n|upkeep\n|turn|8\n|inactive|imcaio has 30 seconds left.\n|inactive|fidelgbill has 30 seconds left.\n|\n|t:|1776536602\n|switch|p2b: Talonflame|Talonflame, L50, F|83/100\n|move|p2a: Sinistcha|Protect|p2a: Sinistcha\n|-singleturn|p2a: Sinistcha|Protect\n|move|p1a: Whimsicott|Tailwind|p1a: Whimsicott\n|-sidestart|p1: imcaio|move: Tailwind\n|move|p1b: Tinkaton|Gigaton Hammer|p2a: Sinistcha\n|-activate|p2a: Sinistcha|move: Protect\n|\n|upkeep\n|turn|9\n|\n|t:|1776536625\n|switch|p1a: Milotic|Milotic, L50, M|100/100\n|switch|p2a: Excadrill|Excadrill-Mega, L50, F|34/100\n|move|p1b: Tinkaton|Encore||[still]\n|-fail|p1b: Tinkaton\n|move|p2b: Talonflame|Brave Bird|p1a: Milotic\n|-damage|p1a: Milotic|49/100\n|-damage|p2b: Talonflame|62/100|[from] Recoil\n|\n|-heal|p1a: Milotic|55/100|[from] item: Leftovers\n|upkeep\n|turn|10\n|inactive|imcaio has 30 seconds left.\n|inactive|fidelgbill has 30 seconds left.\n|inactive|imcaio has 20 seconds left.\n|inactive|fidelgbill has 20 seconds left.\n|inactive|fidelgbill has 15 seconds left.\n|inactive|imcaio has 15 seconds left.\n|inactive|fidelgbill has 10 seconds left.\n|inactive|imcaio has 10 seconds left.\n|\n|t:|1776536676\n|move|p2a: Excadrill|Protect|p2a: Excadrill\n|-singleturn|p2a: Excadrill|Protect\n|move|p1b: Tinkaton|Gigaton Hammer|p2a: Excadrill\n|-activate|p2a: Excadrill|move: Protect\n|move|p1a: Milotic|Scald|p2b: Talonflame\n|-supereffective|p2b: Talonflame|1\n|-damage|p2b: Talonflame|0 fnt\n|faint|p2b: Talonflame\n|\n|-heal|p1a: Milotic|61/100|[from] item: Leftovers\n|upkeep\n|\n|t:|1776536684\n|switch|p2b: Sinistcha|Sinistcha, L50|35/100\n|-heal|p2a: Excadrill|59/100|[from] ability: Hospitality|[of] p2b: Sinistcha\n|turn|11\n|\n|t:|1776536697\n|move|p2b: Sinistcha|Protect|p2b: Sinistcha\n|-singleturn|p2b: Sinistcha|Protect\n|move|p1b: Tinkaton|Encore|p2a: Excadrill\n|-start|p2a: Excadrill|Encore\n|move|p2a: Excadrill|Protect|p2a: Excadrill\n|-singleturn|p2a: Excadrill|Protect\n|move|p1a: Milotic|Ice Beam|p2b: Sinistcha\n|-activate|p2b: Sinistcha|move: Protect\n|\n|-heal|p1a: Milotic|68/100|[from] item: Leftovers\n|-sideend|p1: imcaio|move: Tailwind\n|upkeep\n|turn|12\n|\n|t:|1776536712\n|move|p1b: Tinkaton|Helping Hand|p1a: Milotic\n|-singleturn|p1a: Milotic|Helping Hand|[of] p1b: Tinkaton\n|move|p2a: Excadrill|Protect||[still]\n|-fail|p2a: Excadrill\n|move|p1a: Milotic|Ice Beam|p2b: Sinistcha\n|-supereffective|p2b: Sinistcha|1\n|-damage|p2b: Sinistcha|0 fnt\n|faint|p2b: Sinistcha\n|\n|-heal|p1a: Milotic|74/100|[from] item: Leftovers\n|upkeep\n|turn|13\n|\n|t:|1776536723\n|move|p2a: Excadrill|Protect|p2a: Excadrill\n|-singleturn|p2a: Excadrill|Protect\n|move|p1b: Tinkaton|Gigaton Hammer|p2a: Excadrill\n|-activate|p2a: Excadrill|move: Protect\n|move|p1a: Milotic|Scald|p2a: Excadrill\n|-activate|p2a: Excadrill|move: Protect\n|\n|-heal|p1a: Milotic|80/100|[from] item: Leftovers\n|-end|p2a: Excadrill|Encore\n|upkeep\n|turn|14\n|\n|t:|1776536738\n|move|p1b: Tinkaton|Helping Hand|p1a: Milotic\n|-singleturn|p1a: Milotic|Helping Hand|[of] p1b: Tinkaton\n|move|p2a: Excadrill|Earthquake|p1a: Milotic|[spread] p1a,p1b\n|-supereffective|p1b: Tinkaton|1\n|-damage|p1a: Milotic|33/100\n|-damage|p1b: Tinkaton|0 fnt\n|faint|p1b: Tinkaton\n|move|p1a: Milotic|Scald|p2a: Excadrill\n|-supereffective|p2a: Excadrill|1\n|-damage|p2a: Excadrill|0 fnt\n|faint|p2a: Excadrill\n|\n|win|imcaio\n|raw|imcaio's rating: 1116 &rarr; <strong>1145</strong><br />(+29 for winning)\n|raw|fidelgbill's rating: 1170 &rarr; <strong>1141</strong><br />(-29 for losing)\n",
  "uploadtime": 1776536746,
  "views": 13,
  "formatid": "gen9championsvgc2026regma",
  "rating": 1141,
  "private": 0,
  "password": null
}