{
  "id": "gen9championsvgc2026regma-2588069549",
  "format": "[Gen 9 Champions] VGC 2026 Reg M-A",
  "players": [
    "dhteamo",
    "Eeeeeeeewe"
  ],
  "log": "|j|\u2606dhteamo\n|j|\u203dEeeeeeeewe\n|t:|1776600648\n|gametype|doubles\n|player|p1|dhteamo|101|1102\n|player|p2|Eeeeeeeewe|265|1044\n|gen|9\n|tier|[Gen 9 Champions] VGC 2026 Reg M-A\n|rated|\n|rule|Species Clause: Limit one of each Pok\u00e9mon\n|rule|Item Clause: Limit 1 of each item\n|clearpoke\n|poke|p1|Gardevoir, L50, M|\n|poke|p1|Garchomp, L50, M|\n|poke|p1|Altaria, L50, F|\n|poke|p1|Chandelure, L50, M|\n|poke|p1|Araquanid, L50, M|\n|poke|p1|Maushold-Four, L50|\n|poke|p2|Incineroar, L50, F|\n|poke|p2|Kangaskhan, L50, F|\n|poke|p2|Tauros-Paldea-Aqua, L50, M|\n|poke|p2|Gengar, L50, F|\n|poke|p2|Aerodactyl, L50, M|\n|poke|p2|Garchomp, L50, M|\n|teampreview|4\n|inactive|Battle timer is ON: inactive players will automatically lose when time's up. (requested by dhteamo)\n|inactive|Eeeeeeeewe has 60 seconds left.\n|inactive|Eeeeeeeewe has 30 seconds left.\n|inactive|Eeeeeeeewe has 20 seconds left.\n|\n|t:|1776600741\n|teamsize|p1|4\n|teamsize|p2|4\n|start\n|switch|p1a: Garchomp|Garchomp, L50, M|100/100\n|switch|p1b: Maushold|Maushold-Four, L50|100/100\n|switch|p2a: Tauros|Tauros-Paldea-Aqua, L50, M|100/100\n|switch|p2b: Gengar|Gengar, L50, F|100/100\n|-ability|p2a: Tauros|Intimidate|boost\n|-unboost|p1a: Garchomp|atk|1\n|-unboost|p1b: Maushold|atk|1\n|turn|1\n|inactive|Eeeeeeeewe has 30 seconds left.\n|\n|t:|1776600770\n|move|p2b: Gengar|Protect|p2b: Gengar\n|-singleturn|p2b: Gengar|Protect\n|move|p1b: Maushold|Thunder Wave|p2a: Tauros\n|-status|p2a: Tauros|par\n|move|p1a: Garchomp|Scale Shot|p2b: Gengar\n|-activate|p2b: Gengar|move: Protect\n|move|p2a: Tauros|Wave Crash|p1a: Garchomp\n|-damage|p1a: Garchomp|61/100\n|-damage|p2a: Tauros|88/100 par|[from] ability: Rough Skin|[of] p1a: Garchomp\n|-damage|p2a: Tauros|72/100 par|[from] Recoil\n|\n|upkeep\n|turn|2\n|inactive|Eeeeeeeewe has 30 seconds left.\n|inactive|Eeeeeeeewe has 20 seconds left.\n|\n|t:|1776600806\n|detailschange|p2b: Gengar|Gengar-Mega, L50, F\n|-mega|p2b: Gengar|Gengar|Gengarite\n|move|p1b: Maushold|Helping Hand|p1a: Garchomp\n|-singleturn|p1a: Garchomp|Helping Hand|[of] p1b: Maushold\n|move|p2b: Gengar|Sludge Bomb|p1a: Garchomp\n|-resisted|p1a: Garchomp|1\n|-damage|p1a: Garchomp|40/100\n|-status|p1a: Garchomp|psn\n|move|p1a: Garchomp|Earthquake|p2a: Tauros|[spread] p1b,p2a,p2b\n|-supereffective|p2b: Gengar|1\n|-damage|p1b: Maushold|44/100\n|-damage|p2a: Tauros|27/100 par\n|-damage|p2b: Gengar|0 fnt\n|-enditem|p1b: Maushold|Sitrus Berry|[eat]\n|-heal|p1b: Maushold|69/100|[from] item: Sitrus Berry\n|faint|p2b: Gengar\n|move|p2a: Tauros|Close Combat|p1b: Maushold\n|-supereffective|p1b: Maushold|1\n|-damage|p1b: Maushold|0 fnt\n|-unboost|p2a: Tauros|def|1\n|-unboost|p2a: Tauros|spd|1\n|faint|p1b: Maushold\n|-enditem|p2a: Tauros|White Herb\n|-clearnegativeboost|p2a: Tauros|[silent]\n|\n|-damage|p1a: Garchomp|28/100 psn|[from] psn\n|upkeep\n|inactive|Eeeeeeeewe has 30 seconds left.\n|\n|t:|1776600833\n|switch|p2b: Kangaskhan|Kangaskhan, L50, F|100/100\n|switch|p1b: Chandelure|Chandelure, L50, M|100/100\n|turn|3\n|inactive|Eeeeeeeewe has 30 seconds left.\n|inactive|Eeeeeeeewe has 20 seconds left.\n|inactive|Eeeeeeeewe has 15 seconds left.\n|inactive|Eeeeeeeewe has 10 seconds left.\n|\n|t:|1776600880\n|switch|p2b: Incineroar|Incineroar, L50, F|100/100\n|-ability|p2b: Incineroar|Intimidate|boost\n|-unboost|p1a: Garchomp|atk|1\n|-unboost|p1b: Chandelure|atk|1\n|move|p2a: Tauros|Aqua Jet|p1b: Chandelure\n|-supereffective|p1b: Chandelure|1\n|-damage|p1b: Chandelure|48/100\n|move|p1b: Chandelure|Heat Wave|p2a: Tauros|[spread] p2a,p2b\n|-resisted|p2a: Tauros|1\n|-resisted|p2b: Incineroar|1\n|-damage|p2a: Tauros|2/100 par\n|-damage|p2b: Incineroar|84/100\n|move|p1a: Garchomp|Rock Slide|p2b: Incineroar|[spread] p2a,p2b\n|-resisted|p2a: Tauros|1\n|-supereffective|p2b: Incineroar|1\n|-damage|p2a: Tauros|0 fnt\n|-damage|p2b: Incineroar|65/100\n|faint|p2a: Tauros\n|\n|-damage|p1a: Garchomp|16/100 psn|[from] psn\n|upkeep\n|\n|t:|1776600899\n|switch|p2a: Kangaskhan|Kangaskhan, L50, F|100/100\n|turn|4\n|\n|t:|1776600908\n|move|p2a: Kangaskhan|Fake Out|p1a: Garchomp\n|-damage|p1a: Garchomp|0 fnt\n|-damage|p2a: Kangaskhan|88/100|[from] ability: Rough Skin|[of] p1a: Garchomp\n|faint|p1a: Garchomp\n|move|p1b: Chandelure|Heat Wave|p2a: Kangaskhan|[spread] \n|-miss|p1b: Chandelure|p2a: Kangaskhan\n|-miss|p1b: Chandelure|p2b: Incineroar\n|move|p2b: Incineroar|Throat Chop|p1b: Chandelure\n|-supereffective|p1b: Chandelure|1\n|-damage|p1b: Chandelure|0 fnt\n|faint|p1b: Chandelure\n|\n|upkeep\n|\n|t:|1776600919\n|switch|p1b: Gardevoir|Gardevoir, L50, M|100/100\n|-ability|p1b: Gardevoir|Scrappy|Trace|[from] ability: Trace|[of] p2a: Kangaskhan\n|turn|5\n|\n|t:|1776600938\n|detailschange|p1b: Gardevoir|Gardevoir-Mega, L50, M\n|-mega|p1b: Gardevoir|Gardevoir|Gardevoirite\n|move|p2a: Kangaskhan|Double-Edge|p1b: Gardevoir\n|-damage|p1b: Gardevoir|16/100\n|-damage|p2a: Kangaskhan|65/100|[from] Recoil\n|move|p1b: Gardevoir|Hyper Voice|p2b: Incineroar|[spread] p2a,p2b\n|-damage|p2a: Kangaskhan|3/100\n|-damage|p2b: Incineroar|16/100\n|move|p2b: Incineroar|Flare Blitz|p1b: Gardevoir\n|-damage|p1b: Gardevoir|0 fnt\n|faint|p1b: Gardevoir\n|-damage|p2b: Incineroar|12/100|[from] Recoil\n|\n|win|Eeeeeeeewe\n|raw|dhteamo's rating: 1102 &rarr; <strong>1073</strong><br />(-29 for losing)\n|raw|Eeeeeeeewe's rating: 1044 &rarr; <strong>1083</strong><br />(+39 for winning)\n",
  "uploadtime": 1776600962,
  "views": 14,
  "formatid": "gen9championsvgc2026regma",
  "rating": 1073,
  "private": 0,
  "password": null
}