{
  "id": "gen9championsvgc2026regma-2580772624",
  "format": "[Gen 9 Champions] VGC 2026 Reg M-A",
  "players": [
    "yulius",
    "OrugaVeluga"
  ],
  "log": "|j|\u2606yulius\n|j|\u2606OrugaVeluga\n|t:|1775931264\n|gametype|doubles\n|player|p1|yulius|170|1000\n|player|p2|OrugaVeluga|265|1016\n|gen|9\n|tier|[Gen 9 Champions] VGC 2026 Reg M-A\n|rated|\n|rule|Species Clause: Limit one of each Pok\u00e9mon\n|rule|Item Clause: Limit 1 of each item\n|clearpoke\n|poke|p1|Gallade, L50, M|\n|poke|p1|Whimsicott, L50, F|\n|poke|p1|Meowscarada, L50, F|\n|poke|p1|Ninetales-Alola, L50, M|\n|poke|p1|Incineroar, L50, M|\n|poke|p1|Rotom-Wash, L50|\n|poke|p2|Chandelure, L50, F|\n|poke|p2|Whimsicott, L50, F|\n|poke|p2|Froslass, L50, F|\n|poke|p2|Glaceon, L50, M|\n|poke|p2|Gyarados, L50, M|\n|poke|p2|Kingambit, L50, F|\n|teampreview|4\n|inactive|Battle timer is ON: inactive players will automatically lose when time's up. (requested by OrugaVeluga)\n|inactive|yulius has 60 seconds left.\n|\n|t:|1775931321\n|teamsize|p1|4\n|teamsize|p2|4\n|start\n|switch|p1a: Incineroar|Incineroar, L50, M|100/100\n|switch|p1b: Gallade|Gallade, L50, M|100/100\n|switch|p2a: Whimsicott|Whimsicott, L50, F|100/100\n|switch|p2b: Chandelure|Chandelure, L50, F|100/100\n|-ability|p1a: Incineroar|Intimidate|boost\n|-unboost|p2a: Whimsicott|atk|1\n|-unboost|p2b: Chandelure|atk|1\n|turn|1\n|\n|t:|1775931346\n|detailschange|p1b: Gallade|Gallade-Mega, L50, M\n|-mega|p1b: Gallade|Gallade|Galladite\n|move|p1b: Gallade|Protect|p1b: Gallade\n|-singleturn|p1b: Gallade|Protect\n|move|p2b: Chandelure|Protect|p2b: Chandelure\n|-singleturn|p2b: Chandelure|Protect\n|move|p1a: Incineroar|Fake Out|p2a: Whimsicott\n|-damage|p2a: Whimsicott|80/100\n|cant|p2a: Whimsicott|flinch\n|\n|upkeep\n|turn|2\n|inactive|OrugaVeluga has 30 seconds left.\n|\n|t:|1775931379\n|detailschange|p2b: Chandelure|Chandelure-Mega, L50, F\n|-mega|p2b: Chandelure|Chandelure|Chandelurite\n|move|p2a: Whimsicott|Moonblast|p1a: Incineroar\n|-damage|p1a: Incineroar|70/100\n|move|p1b: Gallade|Triple Axel|p2a: Whimsicott\n|-supereffective|p2a: Whimsicott|1\n|-damage|p2a: Whimsicott|54/100\n|-supereffective|p2a: Whimsicott|1\n|-damage|p2a: Whimsicott|5/100\n|-supereffective|p2a: Whimsicott|1\n|-damage|p2a: Whimsicott|0 fnt\n|faint|p2a: Whimsicott\n|-hitcount|p2: Whimsicott|3\n|move|p2b: Chandelure|Heat Wave|p1b: Gallade|[spread] p1a,p1b\n|-resisted|p1a: Incineroar|1\n|-damage|p1a: Incineroar|47/100\n|-damage|p1b: Gallade|54/100\n|-status|p1b: Gallade|brn\n|-enditem|p1a: Incineroar|Sitrus Berry|[eat]\n|-heal|p1a: Incineroar|71/100|[from] item: Sitrus Berry\n|move|p1a: Incineroar|Parting Shot|p2b: Chandelure\n|-unboost|p2b: Chandelure|atk|1\n|-unboost|p2b: Chandelure|spa|1\n|\n|t:|1775931403\n|switch|p1a: Meowscarada|Meowscarada, L50, F|100/100|[from] Parting Shot\n|\n|-damage|p1b: Gallade|48/100 brn|[from] brn\n|upkeep\n|\n|t:|1775931409\n|switch|p2a: Gyarados|Gyarados, L50, M|100/100\n|-ability|p2a: Gyarados|Intimidate|boost\n|-unboost|p1a: Meowscarada|atk|1\n|-fail|p1b: Gallade|unboost|Attack|[from] ability: Inner Focus|[of] p1b: Gallade\n|turn|3\n|\n|t:|1775931422\n|switch|p2b: Kingambit|Kingambit, L50, F|100/100\n|move|p1a: Meowscarada|Knock Off|p2b: Kingambit\n|-start|p1a: Meowscarada|typechange|Dark|[from] ability: Protean\n|-resisted|p2b: Kingambit|1\n|-damage|p2b: Kingambit|90/100\n|-enditem|p2b: Kingambit|Chople Berry|[from] move: Knock Off|[of] p1a: Meowscarada\n|move|p1b: Gallade|Psycho Cut|p2b: Kingambit\n|-immune|p2b: Kingambit\n|move|p2a: Gyarados|Thunder Wave|p1a: Meowscarada|[miss]\n|-miss|p2a: Gyarados|p1a: Meowscarada\n|\n|-damage|p1b: Gallade|42/100 brn|[from] brn\n|upkeep\n|turn|4\n|\n|t:|1775931441\n|switch|p2b: Chandelure|Chandelure-Mega, L50, F|100/100\n|move|p1a: Meowscarada|U-turn|p2b: Chandelure\n|-resisted|p2b: Chandelure|2\n|-damage|p2b: Chandelure|96/100\n|\n|t:|1775931447\n|switch|p1a: Rotom|Rotom-Wash, L50|100/100|[from] U-turn\n|move|p1b: Gallade|Sacred Sword|p2b: Chandelure\n|-immune|p2b: Chandelure\n|move|p2a: Gyarados|Waterfall|p1a: Rotom\n|-resisted|p1a: Rotom|1\n|-damage|p1a: Rotom|79/100\n|\n|-heal|p1a: Rotom|85/100|[from] item: Leftovers\n|-damage|p1b: Gallade|37/100 brn|[from] brn\n|upkeep\n|turn|5\n|\n|t:|1775931465\n|move|p1b: Gallade|Psycho Cut|p2a: Gyarados\n|-damage|p2a: Gyarados|78/100\n|move|p2b: Chandelure|Shadow Ball|p1a: Rotom\n|-damage|p1a: Rotom|46/100\n|move|p1a: Rotom|Hydro Pump|p2b: Chandelure\n|-supereffective|p2b: Chandelure|1\n|-damage|p2b: Chandelure|1/100\n|move|p2a: Gyarados|Waterfall|p1b: Gallade\n|-damage|p1b: Gallade|0 fnt\n|faint|p1b: Gallade\n|\n|-heal|p1a: Rotom|52/100|[from] item: Leftovers\n|upkeep\n|\n|t:|1775931476\n|switch|p1b: Incineroar|Incineroar, L50, M|71/100\n|-ability|p1b: Incineroar|Intimidate|boost\n|-unboost|p2a: Gyarados|atk|1\n|-unboost|p2b: Chandelure|atk|1\n|turn|6\n|\n|t:|1775931496\n|switch|p2a: Kingambit|Kingambit, L50, F|90/100\n|move|p1b: Incineroar|Fake Out|p2a: Kingambit\n|-resisted|p2a: Kingambit|1\n|-damage|p2a: Kingambit|86/100\n|move|p2b: Chandelure|Shadow Ball|p1a: Rotom\n|-damage|p1a: Rotom|10/100\n|-unboost|p1a: Rotom|spd|1\n|move|p1a: Rotom|Electroweb|p2a: Kingambit|[spread] p2a,p2b\n|-damage|p2a: Kingambit|72/100\n|-damage|p2b: Chandelure|0 fnt\n|-unboost|p2a: Kingambit|spe|1\n|-ability|p2a: Kingambit|Defiant|boost\n|-boost|p2a: Kingambit|atk|2\n|faint|p2b: Chandelure\n|\n|-heal|p1a: Rotom|16/100|[from] item: Leftovers\n|upkeep\n|\n|t:|1775931508\n|switch|p2b: Gyarados|Gyarados, L50, M|78/100\n|-ability|p2b: Gyarados|Intimidate|boost\n|-unboost|p1a: Rotom|atk|1\n|-unboost|p1b: Incineroar|atk|1\n|turn|7\n|\n|t:|1775931528\n|move|p1a: Rotom|Protect|p1a: Rotom\n|-singleturn|p1a: Rotom|Protect\n|move|p2b: Gyarados|Waterfall|p1a: Rotom\n|-activate|p1a: Rotom|move: Protect\n|move|p1b: Incineroar|Flare Blitz|p2a: Kingambit\n|-supereffective|p2a: Kingambit|1\n|-damage|p2a: Kingambit|16/100\n|-damage|p1b: Incineroar|53/100|[from] Recoil\n|move|p2a: Kingambit|Low Kick|p1b: Incineroar\n|-supereffective|p1b: Incineroar|1\n|-damage|p1b: Incineroar|0 fnt\n|faint|p1b: Incineroar\n|\n|-heal|p1a: Rotom|22/100|[from] item: Leftovers\n|upkeep\n|\n|t:|1775931539\n|switch|p1b: Meowscarada|Meowscarada, L50, F|100/100\n|turn|8\n|\n|t:|1775931552\n|move|p2a: Kingambit|Sucker Punch||[still]\n|-fail|p2a: Kingambit\n|move|p1b: Meowscarada|Flower Trick|p2a: Kingambit\n|-start|p1b: Meowscarada|typechange|Grass|[from] ability: Protean\n|-resisted|p2a: Kingambit|1\n|-crit|p2a: Kingambit\n|-damage|p2a: Kingambit|0 fnt\n|faint|p2a: Kingambit\n|move|p1a: Rotom|Will-O-Wisp|p2b: Gyarados\n|-status|p2b: Gyarados|brn\n|move|p2b: Gyarados|Thunder Wave|p1b: Meowscarada\n|-status|p1b: Meowscarada|par\n|\n|-heal|p1a: Rotom|27/100|[from] item: Leftovers\n|-damage|p2b: Gyarados|72/100 brn|[from] brn\n|upkeep\n|turn|9\n|\n|t:|1775931567\n|move|p1a: Rotom|Electroweb|p2b: Gyarados\n|-supereffective|p2b: Gyarados|2\n|-damage|p2b: Gyarados|0 fnt\n|faint|p2b: Gyarados\n|\n|win|yulius\n|raw|yulius's rating: 1000 &rarr; <strong>1042</strong><br />(+42 for winning)\n|raw|OrugaVeluga's rating: 1016 &rarr; <strong>1003</strong><br />(-13 for losing)\n",
  "uploadtime": 1775931567,
  "views": 12,
  "formatid": "gen9championsvgc2026regma",
  "rating": 1003,
  "private": 0,
  "password": null
}