{
  "id": "gen9championsvgc2026regma-2583820760",
  "format": "[Gen 9 Champions] VGC 2026 Reg M-A",
  "players": [
    "gorditamorada",
    "thattube"
  ],
  "log": "|j|\u2606gorditamorada\n|j|\u2606thattube\n|t:|1776200296\n|gametype|doubles\n|player|p1|gorditamorada|byron|1048\n|player|p2|thattube|bellelba|1143\n|gen|9\n|tier|[Gen 9 Champions] VGC 2026 Reg M-A\n|rated|\n|rule|Species Clause: Limit one of each Pok\u00e9mon\n|rule|Item Clause: Limit 1 of each item\n|clearpoke\n|poke|p1|Kingambit, L50, M|\n|poke|p1|Sableye, L50, F|\n|poke|p1|Sneasler, L50, F|\n|poke|p1|Politoed, L50, M|\n|poke|p1|Dragonite, L50, M|\n|poke|p1|Empoleon, L50, M|\n|poke|p2|Tyranitar, L50, F|\n|poke|p2|Milotic, L50, F|\n|poke|p2|Tinkaton, L50, F|\n|poke|p2|Aerodactyl, L50, M|\n|poke|p2|Excadrill, L50, F|\n|poke|p2|Hydreigon, L50, M|\n|teampreview|4\n|\n|t:|1776200324\n|teamsize|p1|4\n|teamsize|p2|4\n|start\n|switch|p1a: Dragonite|Dragonite, L50, M|100/100\n|switch|p1b: Sneasler|Sneasler, L50, F|100/100\n|switch|p2a: Hydreigon|Hydreigon, L50, M|100/100\n|switch|p2b: Aerodactyl|Aerodactyl, L50, M|100/100\n|-ability|p2b: Aerodactyl|Unnerve\n|turn|1\n|\n|t:|1776200350\n|detailschange|p1a: Dragonite|Dragonite-Mega, L50, M\n|-mega|p1a: Dragonite|Dragonite|Dragoninite\n|move|p2a: Hydreigon|Protect|p2a: Hydreigon\n|-singleturn|p2a: Hydreigon|Protect\n|move|p1b: Sneasler|Fake Out|p2a: Hydreigon\n|-activate|p2a: Hydreigon|move: Protect\n|move|p2b: Aerodactyl|Dual Wingbeat|p1b: Sneasler\n|-supereffective|p1b: Sneasler|1\n|-damage|p1b: Sneasler|60/100\n|-supereffective|p1b: Sneasler|1\n|-damage|p1b: Sneasler|16/100\n|-hitcount|p1b: Sneasler|2\n|move|p1a: Dragonite|Dragon Pulse|p2a: Hydreigon\n|-activate|p2a: Hydreigon|move: Protect\n|\n|upkeep\n|turn|2\n|\n|t:|1776200376\n|switch|p2a: Milotic|Milotic, L50, F|100/100\n|move|p1b: Sneasler|Protect|p1b: Sneasler\n|-singleturn|p1b: Sneasler|Protect\n|move|p2b: Aerodactyl|Tailwind|p2b: Aerodactyl\n|-sidestart|p2: thattube|move: Tailwind\n|move|p1a: Dragonite|Dragon Pulse|p2a: Milotic\n|-damage|p2a: Milotic|59/100\n|\n|upkeep\n|turn|3\n|\n|t:|1776200405\n|move|p2b: Aerodactyl|Dual Wingbeat|p1b: Sneasler\n|-supereffective|p1b: Sneasler|1\n|-damage|p1b: Sneasler|0 fnt\n|faint|p1b: Sneasler\n|-hitcount|p1: Sneasler|1\n|move|p2a: Milotic|Alluring Voice|p1a: Dragonite\n|-supereffective|p1a: Dragonite|1\n|-crit|p1a: Dragonite\n|-damage|p1a: Dragonite|71/100\n|move|p1a: Dragonite|Dragon Pulse|p2a: Milotic\n|-crit|p2a: Milotic\n|-damage|p2a: Milotic|2/100\n|\n|upkeep\n|\n|t:|1776200418\n|switch|p1b: Empoleon|Empoleon, L50, M|100/100\n|turn|4\n|\n|t:|1776200435\n|move|p1b: Empoleon|Aqua Jet|p2a: Milotic\n|-resisted|p2a: Milotic|1\n|-damage|p2a: Milotic|0 fnt\n|faint|p2a: Milotic\n|move|p2b: Aerodactyl|Rock Slide|p1a: Dragonite|[spread] p1a,p1b\n|-supereffective|p1a: Dragonite|1\n|-resisted|p1b: Empoleon|1\n|-damage|p1a: Dragonite|30/100\n|-damage|p1b: Empoleon|89/100\n|cant|p1a: Dragonite|flinch\n|\n|upkeep\n|\n|t:|1776200445\n|switch|p2a: Hydreigon|Hydreigon, L50, M|100/100\n|turn|5\n|\n|t:|1776200468\n|move|p2b: Aerodactyl|Rock Slide|p1b: Empoleon|[spread] p1a,p1b\n|-supereffective|p1a: Dragonite|1\n|-resisted|p1b: Empoleon|1\n|-damage|p1a: Dragonite|0 fnt\n|-damage|p1b: Empoleon|76/100\n|faint|p1a: Dragonite\n|move|p2a: Hydreigon|Dark Pulse|p1b: Empoleon\n|-damage|p1b: Empoleon|28/100\n|cant|p1b: Empoleon|flinch\n|\n|-sideend|p2: thattube|move: Tailwind\n|upkeep\n|\n|t:|1776200479\n|switch|p1a: Politoed|Politoed, L50, M|100/100\n|-weather|RainDance|[from] ability: Drizzle|[of] p1a: Politoed\n|turn|6\n|\n|t:|1776200497\n|move|p1b: Empoleon|Protect|p1b: Empoleon\n|-singleturn|p1b: Empoleon|Protect\n|move|p2b: Aerodactyl|Dual Wingbeat|p1b: Empoleon\n|-activate|p1b: Empoleon|move: Protect\n|move|p2a: Hydreigon|Draco Meteor|p1a: Politoed\n|-damage|p1a: Politoed|28/100\n|-unboost|p2a: Hydreigon|spa|2\n|move|p1a: Politoed|Weather Ball|p2b: Aerodactyl\n|-supereffective|p2b: Aerodactyl|1\n|-enditem|p2b: Aerodactyl|Focus Sash\n|-damage|p2b: Aerodactyl|1/100\n|\n|-weather|RainDance|[upkeep]\n|-heal|p1a: Politoed|35/100|[from] item: Leftovers\n|upkeep\n|turn|7\n|\n|t:|1776200518\n|move|p1a: Politoed|Protect|p1a: Politoed\n|-singleturn|p1a: Politoed|Protect\n|move|p1b: Empoleon|Aqua Jet|p2b: Aerodactyl\n|-supereffective|p2b: Aerodactyl|1\n|-damage|p2b: Aerodactyl|0 fnt\n|-enditem|p1b: Empoleon|Sitrus Berry|[eat]\n|-heal|p1b: Empoleon|53/100|[from] item: Sitrus Berry\n|faint|p2b: Aerodactyl\n|move|p2a: Hydreigon|Dark Pulse|p1b: Empoleon\n|-damage|p1b: Empoleon|26/100\n|\n|-weather|RainDance|[upkeep]\n|-heal|p1a: Politoed|41/100|[from] item: Leftovers\n|upkeep\n|\n|t:|1776200530\n|switch|p2b: Tyranitar|Tyranitar, L50, F|100/100\n|-weather|Sandstorm|[from] ability: Sand Stream|[of] p2b: Tyranitar\n|turn|8\n|\n|t:|1776200542\n|move|p2b: Tyranitar|Protect|p2b: Tyranitar\n|-singleturn|p2b: Tyranitar|Protect\n|move|p1b: Empoleon|Aqua Jet|p2b: Tyranitar\n|-activate|p2b: Tyranitar|move: Protect\n|move|p2a: Hydreigon|Heat Wave|p1b: Empoleon|[spread] p1a,p1b\n|-resisted|p1a: Politoed|1\n|-crit|p1b: Empoleon\n|-damage|p1a: Politoed|35/100\n|-damage|p1b: Empoleon|0 fnt\n|faint|p1b: Empoleon\n|move|p1a: Politoed|Chilling Water|p2b: Tyranitar\n|-activate|p2b: Tyranitar|move: Protect\n|\n|-weather|Sandstorm|[upkeep]\n|-damage|p2a: Hydreigon|95/100|[from] Sandstorm\n|-damage|p1a: Politoed|28/100|[from] Sandstorm\n|-heal|p1a: Politoed|35/100|[from] item: Leftovers\n|upkeep\n|turn|9\n|\n|t:|1776200562\n|move|p2a: Hydreigon|Draco Meteor|p1a: Politoed|[miss]\n|-miss|p2a: Hydreigon|p1a: Politoed\n|move|p1a: Politoed|Chilling Water|p2b: Tyranitar\n|-supereffective|p2b: Tyranitar|1\n|-damage|p2b: Tyranitar|77/100\n|-unboost|p2b: Tyranitar|atk|1\n|move|p2b: Tyranitar|Knock Off|p1a: Politoed\n|-damage|p1a: Politoed|0 fnt\n|-enditem|p1a: Politoed|Leftovers|[from] move: Knock Off|[of] p2b: Tyranitar\n|faint|p1a: Politoed\n|\n|win|thattube\n|raw|gorditamorada's rating: 1048 &rarr; <strong>1035</strong><br />(-13 for losing)\n|raw|thattube's rating: 1143 &rarr; <strong>1161</strong><br />(+18 for winning)\n|l|\u2606gorditamorada\n|player|p1|\n",
  "uploadtime": 1776200572,
  "views": 21,
  "formatid": "gen9championsvgc2026regma",
  "rating": 1035,
  "private": 0,
  "password": null
}