{
  "id": "gen9championsvgc2026regma-2582483539",
  "format": "[Gen 9 Champions] VGC 2026 Reg M-A",
  "players": [
    "Mdjfbd",
    "jose.torres.1"
  ],
  "log": "|j|\u2606Mdjfbd\n|j|\u2606jose.torres.1\n|t:|1776094604\n|gametype|doubles\n|player|p1|Mdjfbd|1|1066\n|player|p2|jose.torres.1|striker|1120\n|gen|9\n|tier|[Gen 9 Champions] VGC 2026 Reg M-A\n|rated|\n|rule|Species Clause: Limit one of each Pok\u00e9mon\n|rule|Item Clause: Limit 1 of each item\n|clearpoke\n|poke|p1|Wyrdeer, L50, M|\n|poke|p1|Kingambit, L50, F|\n|poke|p1|Meowstic-F, L50, F|\n|poke|p1|Farigiraf, L50, M|\n|poke|p1|Passimian, L50, F|\n|poke|p1|Incineroar, L50, F|\n|poke|p2|Aerodactyl, L50, M|\n|poke|p2|Tyranitar, L50, M|\n|poke|p2|Lycanroc, L50, F|\n|poke|p2|Zoroark-Hisui, L50, M|\n|poke|p2|Kingambit, L50, F|\n|poke|p2|Floette-Eternal, L50, F|\n|teampreview|4\n|inactive|Battle timer is ON: inactive players will automatically lose when time's up. (requested by Mdjfbd)\n|inactive|Mdjfbd has 60 seconds left.\n|inactive|jose.torres.1 has 60 seconds left.\n|\n|t:|1776094664\n|teamsize|p1|4\n|teamsize|p2|4\n|start\n|switch|p1a: Wyrdeer|Wyrdeer, L50, M|100/100\n|switch|p1b: Kingambit|Kingambit, L50, F|100/100\n|switch|p2a: Kingambit|Kingambit, L50, F|100/100\n|switch|p2b: Tyranitar|Tyranitar, L50, M|100/100\n|-ability|p1a: Wyrdeer|Intimidate|boost\n|-unboost|p2a: Kingambit|atk|1\n|-ability|p2a: Kingambit|Defiant|boost\n|-boost|p2a: Kingambit|atk|2\n|-unboost|p2b: Tyranitar|atk|1\n|turn|1\n|inactive|Mdjfbd has 30 seconds left.\n|inactive|jose.torres.1 has 30 seconds left.\n|\n|t:|1776094695\n|move|p1b: Kingambit|Protect|p1b: Kingambit\n|-singleturn|p1b: Kingambit|Protect\n|move|p2b: Tyranitar|Hyper Voice|p1a: Wyrdeer|[spread] p1a\n|-activate|p1b: Kingambit|move: Protect\n|-damage|p1a: Wyrdeer|74/100\n|move|p1a: Wyrdeer|Skill Swap|p2a: Kingambit\n|-activate|p1a: Wyrdeer|Skill Swap|Defiant|Intimidate|[of] p2a: Kingambit\n|-ability|p2a: Kingambit|Intimidate|boost\n|-unboost|p1a: Wyrdeer|atk|1\n|-ability|p1a: Wyrdeer|Defiant|boost\n|-boost|p1a: Wyrdeer|atk|2\n|-unboost|p1b: Kingambit|atk|1\n|-ability|p1b: Kingambit|Defiant|boost\n|-boost|p1b: Kingambit|atk|2\n|move|p2a: Kingambit|Assurance|p1a: Wyrdeer\n|-supereffective|p1a: Wyrdeer|1\n|-crit|p1a: Wyrdeer\n|-damage|p1a: Wyrdeer|0 fnt\n|faint|p1a: Wyrdeer\n|\n|upkeep\n|\n|t:|1776094712\n|switch|p1a: Passimian|Passimian, L50, F|100/100\n|turn|2\n|\n|t:|1776094722\n|move|p2a: Kingambit|Protect|p2a: Kingambit\n|-singleturn|p2a: Kingambit|Protect\n|move|p2b: Tyranitar|Bitter Malice|p1a: Passimian\n|-damage|p1a: Passimian|59/100\n|-unboost|p1a: Passimian|atk|1\n|-ability|p1a: Passimian|Defiant|boost\n|-boost|p1a: Passimian|atk|2\n|move|p1a: Passimian|Close Combat|p2a: Kingambit\n|-activate|p2a: Kingambit|move: Protect\n|move|p1b: Kingambit|Kowtow Cleave|p2b: Tyranitar\n|-supereffective|p2b: Tyranitar|1\n|-enditem|p2b: Tyranitar|Focus Sash\n|-damage|p2b: Tyranitar|1/100\n|replace|p2b: Zoroark|Zoroark-Hisui, L50, M\n|-end|p2b: Zoroark|Illusion\n|\n|upkeep\n|turn|3\n|\n|t:|1776094742\n|move|p2a: Kingambit|Sucker Punch|p1a: Passimian\n|-resisted|p1a: Passimian|1\n|-crit|p1a: Passimian\n|-damage|p1a: Passimian|0 fnt\n|faint|p1a: Passimian\n|move|p2b: Zoroark|Bitter Malice|p1b: Kingambit\n|-resisted|p1b: Kingambit|1\n|-damage|p1b: Kingambit|86/100\n|-unboost|p1b: Kingambit|atk|1\n|-ability|p1b: Kingambit|Defiant|boost\n|-boost|p1b: Kingambit|atk|2\n|move|p1b: Kingambit|Low Kick|p2a: Kingambit\n|-supereffective|p2a: Kingambit|2\n|-damage|p2a: Kingambit|0 fnt\n|faint|p2a: Kingambit\n|\n|upkeep\n|\n|t:|1776094756\n|switch|p1a: Incineroar|Incineroar, L50, F|100/100\n|switch|p2a: Lycanroc|Lycanroc, L50, F|100/100\n|-ability|p1a: Incineroar|Intimidate|boost\n|-unboost|p2a: Lycanroc|atk|1\n|-unboost|p2b: Zoroark|atk|1\n|turn|4\n|\n|t:|1776094771\n|move|p2b: Zoroark|Protect|p2b: Zoroark\n|-singleturn|p2b: Zoroark|Protect\n|move|p2a: Lycanroc|Protect|p2a: Lycanroc\n|-singleturn|p2a: Lycanroc|Protect\n|move|p1a: Incineroar|Fake Out|p2a: Lycanroc\n|-activate|p2a: Lycanroc|move: Protect\n|move|p1b: Kingambit|Iron Head|p2a: Lycanroc\n|-activate|p2a: Lycanroc|move: Protect\n|\n|upkeep\n|turn|5\n|\n|t:|1776094784\n|move|p2b: Zoroark|Hyper Voice|p1b: Kingambit|[spread] p1a,p1b\n|-resisted|p1b: Kingambit|1\n|-damage|p1a: Incineroar|75/100\n|-damage|p1b: Kingambit|71/100\n|move|p2a: Lycanroc|Close Combat|p1b: Kingambit\n|-supereffective|p1b: Kingambit|2\n|-enditem|p1b: Kingambit|Chople Berry|[eat]\n|-enditem|p1b: Kingambit|Chople Berry|[weaken]\n|-damage|p1b: Kingambit|31/100\n|-unboost|p2a: Lycanroc|def|1\n|-unboost|p2a: Lycanroc|spd|1\n|move|p1a: Incineroar|Throat Chop|p2b: Zoroark\n|-supereffective|p2b: Zoroark|1\n|-damage|p2b: Zoroark|0 fnt\n|faint|p2b: Zoroark\n|move|p1b: Kingambit|Iron Head|p2a: Lycanroc\n|-supereffective|p2a: Lycanroc|1\n|-crit|p2a: Lycanroc\n|-damage|p2a: Lycanroc|0 fnt\n|faint|p2a: Lycanroc\n|\n|upkeep\n|\n|t:|1776094800\n|switch|p2b: Tyranitar|Tyranitar, L50, M|100/100\n|-weather|Sandstorm|[from] ability: Sand Stream|[of] p2b: Tyranitar\n|turn|6\n|\n|t:|1776094804\n|move|p1b: Kingambit|Protect|p1b: Kingambit\n|-singleturn|p1b: Kingambit|Protect\n|move|p2b: Tyranitar|Rock Slide|p1a: Incineroar|[spread] p1a\n|-activate|p1b: Kingambit|move: Protect\n|-supereffective|p1a: Incineroar|1\n|-damage|p1a: Incineroar|33/100\n|-enditem|p1a: Incineroar|Sitrus Berry|[eat]\n|-heal|p1a: Incineroar|57/100|[from] item: Sitrus Berry\n|cant|p1a: Incineroar|flinch\n|\n|-weather|Sandstorm|[upkeep]\n|-damage|p1a: Incineroar|52/100|[from] Sandstorm\n|upkeep\n|turn|7\n|\n|t:|1776094817\n|move|p2b: Tyranitar|Rock Slide|p1b: Kingambit|[spread] p1a\n|-miss|p2b: Tyranitar|p1b: Kingambit\n|-supereffective|p1a: Incineroar|1\n|-damage|p1a: Incineroar|9/100\n|cant|p1a: Incineroar|flinch\n|move|p1b: Kingambit|Low Kick|p2b: Tyranitar\n|-supereffective|p2b: Tyranitar|2\n|-damage|p2b: Tyranitar|0 fnt\n|faint|p2b: Tyranitar\n|\n|win|Mdjfbd\n|raw|Mdjfbd's rating: 1066 &rarr; <strong>1101</strong><br />(+35 for winning)\n|raw|jose.torres.1's rating: 1120 &rarr; <strong>1091</strong><br />(-29 for losing)\n|l|\u2606jose.torres.1\n|player|p2|\n",
  "uploadtime": 1776094829,
  "views": 8,
  "formatid": "gen9championsvgc2026regma",
  "rating": 1091,
  "private": 0,
  "password": null
}