{
  "id": "gen9championsvgc2026regma-2581295271",
  "format": "[Gen 9 Champions] VGC 2026 Reg M-A",
  "players": [
    "Adricrack2090",
    "Lyiter"
  ],
  "log": "|j|\u2606Adricrack2090\n|j|\u2606Lyiter\n|t:|1775982729\n|gametype|doubles\n|player|p1|Adricrack2090|bruno|1388\n|player|p2|Lyiter|skier|1377\n|gen|9\n|tier|[Gen 9 Champions] VGC 2026 Reg M-A\n|rated|\n|rule|Species Clause: Limit one of each Pok\u00e9mon\n|rule|Item Clause: Limit 1 of each item\n|clearpoke\n|poke|p1|Charizard, L50, F|\n|poke|p1|Kingambit, L50, M|\n|poke|p1|Maushold-Four, L50|\n|poke|p1|Sneasler, L50, M|\n|poke|p1|Dragapult, L50, F|\n|poke|p1|Garchomp, L50, F|\n|poke|p2|Excadrill, L50, M|\n|poke|p2|Weavile, L50, M|\n|poke|p2|Tyranitar, L50, M|\n|poke|p2|Sneasler, L50, F|\n|poke|p2|Azumarill, L50, F|\n|poke|p2|Gardevoir, L50, M|\n|teampreview|4\n|inactive|Battle timer is ON: inactive players will automatically lose when time's up. (requested by Lyiter)\n|\n|t:|1775982777\n|teamsize|p1|4\n|teamsize|p2|4\n|start\n|switch|p1a: Sneasler|Sneasler, L50, M|100/100\n|switch|p1b: Charizard|Charizard, L50, F|100/100\n|switch|p2a: Azumarill|Azumarill, L50, F|100/100\n|switch|p2b: Weavile|Weavile, L50, M|100/100\n|-ability|p2b: Weavile|Pressure\n|turn|1\n|\n|t:|1775982788\n|move|p2b: Weavile|Fake Out|p1b: Charizard\n|-damage|p1b: Charizard|84/100\n|move|p1a: Sneasler|Fake Out|p2a: Azumarill\n|-damage|p2a: Azumarill|88/100\n|cant|p1b: Charizard|flinch\n|cant|p2a: Azumarill|flinch\n|\n|upkeep\n|turn|2\n|\n|t:|1775982804\n|move|p1b: Charizard|Protect|p1b: Charizard\n|-singleturn|p1b: Charizard|Protect\n|move|p2a: Azumarill|Aqua Jet|p1a: Sneasler\n|-damage|p1a: Sneasler|56/100\n|move|p2b: Weavile|Triple Axel|p1a: Sneasler\n|-damage|p1a: Sneasler|40/100\n|-damage|p1a: Sneasler|5/100\n|-damage|p1a: Sneasler|0 fnt\n|faint|p1a: Sneasler\n|-hitcount|p1: Sneasler|3\n|\n|upkeep\n|j| jungro\n|\n|t:|1775982817\n|switch|p1a: Maushold|Maushold-Four, L50|100/100\n|turn|3\n|\n|t:|1775982827\n|detailschange|p1b: Charizard|Charizard-Mega-Y, L50, F\n|-mega|p1b: Charizard|Charizard|Charizardite Y\n|-weather|SunnyDay|[from] ability: Drought|[of] p1b: Charizard\n|move|p2b: Weavile|Triple Axel|p1b: Charizard\n|-damage|p1b: Charizard|75/100\n|-crit|p1b: Charizard\n|-damage|p1b: Charizard|50/100\n|-damage|p1b: Charizard|27/100\n|-hitcount|p1b: Charizard|3\n|move|p1a: Maushold|Super Fang|p2a: Azumarill\n|-damage|p2a: Azumarill|45/100\n|-enditem|p2a: Azumarill|Sitrus Berry|[eat]\n|-heal|p2a: Azumarill|69/100|[from] item: Sitrus Berry\n|move|p1b: Charizard|Heat Wave|p2a: Azumarill|[spread] p2a,p2b\n|-resisted|p2a: Azumarill|1\n|-supereffective|p2b: Weavile|1\n|-damage|p2a: Azumarill|26/100\n|-enditem|p2b: Weavile|Focus Sash\n|-damage|p2b: Weavile|1/100\n|-status|p2b: Weavile|brn\n|move|p2a: Azumarill|Play Rough|p1a: Maushold\n|-damage|p1a: Maushold|25/100\n|\n|-weather|SunnyDay|[upkeep]\n|-damage|p2b: Weavile|0 fnt|[from] brn\n|faint|p2b: Weavile\n|upkeep\n|\n|t:|1775982831\n|switch|p2b: Tyranitar|Tyranitar, L50, M|100/100\n|-weather|Sandstorm|[from] ability: Sand Stream|[of] p2b: Tyranitar\n|turn|4\n|j| gE1xjZRtuhW2DdT0AK\n|inactive|Adricrack2090 has 30 seconds left.\n|\n|t:|1775982859\n|switch|p1b: Garchomp|Garchomp, L50, F|100/100\n|move|p1a: Maushold|Protect|p1a: Maushold\n|-singleturn|p1a: Maushold|Protect\n|move|p2a: Azumarill|Aqua Jet|p1a: Maushold\n|-activate|p1a: Maushold|move: Protect\n|move|p2b: Tyranitar|Dragon Dance|p2b: Tyranitar\n|-boost|p2b: Tyranitar|atk|1\n|-boost|p2b: Tyranitar|spe|1\n|\n|-weather|Sandstorm|[upkeep]\n|-damage|p1a: Maushold|18/100|[from] Sandstorm\n|-damage|p2a: Azumarill|20/100|[from] Sandstorm\n|upkeep\n|turn|5\n|inactive|Adricrack2090 has 30 seconds left.\n|\n|t:|1775982892\n|detailschange|p2b: Tyranitar|Tyranitar-Mega, L50, M\n|-mega|p2b: Tyranitar|Tyranitar|Tyranitarite\n|move|p2a: Azumarill|Aqua Jet|p1b: Garchomp\n|-damage|p1b: Garchomp|84/100\n|-damage|p2a: Azumarill|8/100|[from] ability: Rough Skin|[of] p1b: Garchomp\n|move|p1b: Garchomp|Stomping Tantrum|p2a: Azumarill\n|-damage|p2a: Azumarill|0 fnt\n|faint|p2a: Azumarill\n|move|p2b: Tyranitar|Crunch|p1b: Garchomp\n|-damage|p1b: Garchomp|25/100\n|-damage|p2b: Tyranitar|88/100|[from] ability: Rough Skin|[of] p1b: Garchomp\n|move|p1a: Maushold|Super Fang|p2b: Tyranitar|[miss]\n|-miss|p1a: Maushold|p2b: Tyranitar\n|\n|-weather|Sandstorm|[upkeep]\n|-damage|p1a: Maushold|12/100|[from] Sandstorm\n|upkeep\n|\n|t:|1775982896\n|switch|p2a: Sneasler|Sneasler, L50, F|100/100\n|turn|6\n|\n|t:|1775982912\n|move|p2a: Sneasler|Fake Out|p1a: Maushold\n|-damage|p1a: Maushold|0 fnt\n|faint|p1a: Maushold\n|move|p1b: Garchomp|Stomping Tantrum|p2a: Sneasler\n|-supereffective|p2a: Sneasler|1\n|-damage|p2a: Sneasler|0 fnt\n|faint|p2a: Sneasler\n|move|p2b: Tyranitar|Crunch|p1b: Garchomp\n|-damage|p1b: Garchomp|0 fnt\n|-damage|p2b: Tyranitar|76/100|[from] ability: Rough Skin|[of] p1b: Garchomp\n|faint|p1b: Garchomp\n|\n|-weather|Sandstorm|[upkeep]\n|upkeep\n|\n|t:|1775982925\n|switch|p1a: Charizard|Charizard-Mega-Y, L50, F|27/100\n|-weather|SunnyDay|[from] ability: Drought|[of] p1a: Charizard\n|turn|7\n|\n|t:|1775982931\n|move|p2b: Tyranitar|Crunch|p1a: Charizard\n|-damage|p1a: Charizard|0 fnt\n|faint|p1a: Charizard\n|\n|win|Lyiter\n|raw|Adricrack2090's rating: 1388 &rarr; <strong>1367</strong><br />(-21 for losing)\n|raw|Lyiter's rating: 1377 &rarr; <strong>1398</strong><br />(+21 for winning)\n|l| jungro\n|c|\u2606Lyiter|gg\n|l|\u2606Lyiter\n|player|p2|\n|l|\u2606Adricrack2090\n|player|p1|\n",
  "uploadtime": 1775982939,
  "views": 55,
  "formatid": "gen9championsvgc2026regma",
  "rating": 1367,
  "private": 0,
  "password": null
}