{
  "id": "gen9championsvgc2026regma-2584063473",
  "format": "[Gen 9 Champions] VGC 2026 Reg M-A",
  "players": [
    "thealex610",
    "littleoddi"
  ],
  "log": "|j|\u2606thealex610\n|j|\u2606littleoddi\n|t:|1776221463\n|gametype|doubles\n|player|p1|thealex610|265|1136\n|player|p2|littleoddi|265|1133\n|gen|9\n|tier|[Gen 9 Champions] VGC 2026 Reg M-A\n|rated|\n|rule|Species Clause: Limit one of each Pok\u00e9mon\n|rule|Item Clause: Limit 1 of each item\n|clearpoke\n|poke|p1|Sneasler, L50, M|\n|poke|p1|Talonflame, L50, F|\n|poke|p1|Milotic, L50, F|\n|poke|p1|Aegislash, L50, F|\n|poke|p1|Scizor, L50, F|\n|poke|p1|Tyranitar, L50, F|\n|poke|p2|Orthworm, L50, M|\n|poke|p2|Incineroar, L50, M|\n|poke|p2|Froslass, L50, F|\n|poke|p2|Basculegion, L50, M|\n|poke|p2|Rotom-Frost, L50|\n|poke|p2|Garchomp, L50, M|\n|teampreview|4\n|inactive|Battle timer is ON: inactive players will automatically lose when time's up. (requested by littleoddi)\n|inactive|thealex610 also wants the timer to be on.\nlittleoddi rejected open team sheets.\n|inactive|littleoddi has 60 seconds left.\n|inactive|littleoddi has 30 seconds left.\n|\n|t:|1776221529\n|teamsize|p1|4\n|teamsize|p2|4\n|start\n|switch|p1a: Sneasler|Sneasler, L50, M|100/100\n|switch|p1b: Milotic|Milotic, L50, F|100/100\n|switch|p2a: cabra|Garchomp, L50, M|100/100\n|switch|p2b: tom|Basculegion, L50, M|100/100\n|turn|1\n|inactive|littleoddi has 30 seconds left.\n|\n|t:|1776221558\n|move|p1a: Sneasler|Fake Out|p2a: cabra\n|-damage|p2a: cabra|83/100\n|-damage|p1a: Sneasler|88/100|[from] ability: Rough Skin|[of] p2a: cabra\n|move|p2b: tom|Flip Turn|p1a: Sneasler\n|-damage|p1a: Sneasler|25/100\n|\n|t:|1776221566\n|switch|p2b: zandher|Orthworm, L50, M, shiny|100/100|[from] Flip Turn\n|cant|p2a: cabra|flinch\n|move|p1b: Milotic|Icy Wind|p2a: cabra|[spread] p2a,p2b\n|-supereffective|p2a: cabra|2\n|-resisted|p2b: zandher|1\n|-crit|p2b: zandher\n|-damage|p2a: cabra|28/100\n|-damage|p2b: zandher|90/100\n|-unboost|p2a: cabra|spe|1\n|-unboost|p2b: zandher|spe|1\n|\n|upkeep\n|turn|2\n|\n|t:|1776221582\n|switch|p2b: palonso|Froslass, L50, F|100/100\n|move|p2a: cabra|Protect|p2a: cabra\n|-singleturn|p2a: cabra|Protect\n|move|p1a: Sneasler|Close Combat|p2b: palonso\n|-immune|p2b: palonso\n|move|p1b: Milotic|Icy Wind|p2a: cabra|[spread] p2b\n|-activate|p2a: cabra|move: Protect\n|-resisted|p2b: palonso|1\n|-damage|p2b: palonso|92/100\n|-unboost|p2b: palonso|spe|1\n|\n|upkeep\n|turn|3\n|\n|t:|1776221601\n|switch|p2b: tom|Basculegion, L50, M|100/100\n|move|p1a: Sneasler|Dire Claw|p2b: tom\n|-resisted|p2b: tom|1\n|-damage|p2b: tom|71/100\n|move|p1b: Milotic|Icy Wind|p2a: cabra|[spread] p2a,p2b\n|-supereffective|p2a: cabra|2\n|-resisted|p2b: tom|1\n|-damage|p2a: cabra|0 fnt\n|-damage|p2b: tom|65/100\n|-unboost|p2b: tom|spe|1\n|faint|p2a: cabra\n|\n|upkeep\n|inactive|littleoddi has 30 seconds left.\n|\n|t:|1776221636\n|switch|p2a: zandher|Orthworm, L50, M, shiny|90/100\n|turn|4\n|\n|t:|1776221661\n|move|p2b: tom|Aqua Jet|p1a: Sneasler\n|-damage|p1a: Sneasler|0 fnt\n|faint|p1a: Sneasler\n|move|p1b: Milotic|Scald|p2a: zandher\n|-damage|p2a: zandher|47/100\n|-status|p2a: zandher|brn\n|-enditem|p2a: zandher|Sitrus Berry|[eat]\n|-heal|p2a: zandher|71/100 brn|[from] item: Sitrus Berry\n|move|p2a: zandher|Iron Defense|p2a: zandher\n|-boost|p2a: zandher|def|2\n|\n|-damage|p2a: zandher|65/100 brn|[from] brn\n|upkeep\n|\n|t:|1776221678\n|switch|p1a: Aegislash|Aegislash, L50, F|100/100\n|turn|5\n|\n|t:|1776221692\n|switch|p2b: palonso|Froslass, L50, F|92/100\n|-formechange|p1a: Aegislash|Aegislash-Blade|\n|move|p1a: Aegislash|Shadow Sneak|p2b: palonso\n|-supereffective|p2b: palonso|1\n|-damage|p2b: palonso|26/100\n|move|p1b: Milotic|Scald|p2a: zandher\n|-damage|p2a: zandher|24/100 brn\n|move|p2a: zandher|Shed Tail|p2a: zandher\n|-fail|p2a: zandher|move: Shed Tail|[weak]\n|\n|-damage|p2a: zandher|18/100 brn|[from] brn\n|upkeep\n|turn|6\n|\n|t:|1776221709\n|detailschange|p2b: palonso|Froslass-Mega, L50, F\n|-mega|p2b: palonso|Froslass|Froslassite\n|-weather|Snowscape|[from] ability: Snow Warning|[of] p2b: palonso\n|move|p1a: Aegislash|Shadow Sneak|p2b: palonso\n|-supereffective|p2b: palonso|1\n|-damage|p2b: palonso|0 fnt\n|faint|p2b: palonso\n|move|p1b: Milotic|Scald|p2a: zandher\n|-damage|p2a: zandher|0 fnt\n|faint|p2a: zandher\n|\n|-weather|Snowscape|[upkeep]\n|upkeep\n|\n|t:|1776221717\n|switch|p2a: tom|Basculegion, L50, M|65/100\n|turn|7\n|\n|t:|1776221725\n|move|p1a: Aegislash|Shadow Sneak|p2a: tom\n|-supereffective|p2a: tom|1\n|-damage|p2a: tom|14/100\n|move|p2a: tom|Last Respects|p1a: Aegislash\n|-supereffective|p1a: Aegislash|1\n|-crit|p1a: Aegislash\n|-damage|p1a: Aegislash|0 fnt\n|faint|p1a: Aegislash\n|move|p1b: Milotic|Scald|p2a: tom\n|-resisted|p2a: tom|1\n|-damage|p2a: tom|0 fnt\n|faint|p2a: tom\n|\n|win|thealex610\n|raw|thealex610's rating: 1136 &rarr; <strong>1161</strong><br />(+25 for winning)\n|raw|littleoddi's rating: 1133 &rarr; <strong>1108</strong><br />(-25 for losing)\n|l|\u2606littleoddi\n|player|p2|\n",
  "uploadtime": 1776221736,
  "views": 24,
  "formatid": "gen9championsvgc2026regma",
  "rating": 1108,
  "private": 0,
  "password": null
}