{
  "id": "gen9championsvgc2026regma-2582811030",
  "format": "[Gen 9 Champions] VGC 2026 Reg M-A",
  "players": [
    "Port0goose",
    "loklastaji"
  ],
  "log": "|j|\u2606Port0goose\n|j|\u2606loklastaji\n|t:|1776115882\n|gametype|doubles\n|player|p1|Port0goose|169|1240\n|player|p2|loklastaji|102|1243\n|gen|9\n|tier|[Gen 9 Champions] VGC 2026 Reg M-A\n|rated|\n|rule|Species Clause: Limit one of each Pok\u00e9mon\n|rule|Item Clause: Limit 1 of each item\n|clearpoke\n|poke|p1|Emboar, L50, F|\n|poke|p1|Archaludon, L50, M|\n|poke|p1|Whimsicott, L50, M|\n|poke|p1|Zoroark-Hisui, L50, F|\n|poke|p1|Milotic, L50, F|\n|poke|p1|Dragonite, L50, F|\n|poke|p2|Samurott-Hisui, L50, M|\n|poke|p2|Mamoswine, L50, F|\n|poke|p2|Delphox, L50, F|\n|poke|p2|Tsareena, L50, F|\n|poke|p2|Corviknight, L50, M|\n|poke|p2|Altaria, L50, M|\n|teampreview|4\n|inactive|Battle timer is ON: inactive players will automatically lose when time's up. (requested by Port0goose)\n|inactive|loklastaji has 60 seconds left.\n|\n|t:|1776115979\n|teamsize|p1|4\n|teamsize|p2|4\n|start\n|switch|p1a: Whimsicott|Whimsicott, L50, M|100/100\n|switch|p1b: Archaludon|Archaludon, L50, M|100/100\n|switch|p2a: Mamoswine|Mamoswine, L50, F|100/100\n|switch|p2b: Corviknight|Corviknight, L50, M|100/100\n|turn|1\n|\n|t:|1776115999\n|move|p1a: Whimsicott|Taunt|p2b: Corviknight\n|-start|p2b: Corviknight|move: Taunt\n|move|p2a: Mamoswine|Earthquake|p1b: Archaludon|[spread] p1a,p1b\n|-immune|p2b: Corviknight\n|-resisted|p1a: Whimsicott|1\n|-damage|p1a: Whimsicott|81/100\n|-damage|p1b: Archaludon|19/100\n|replace|p1b: Zoroark|Zoroark-Hisui, L50, F\n|-end|p1b: Zoroark|Illusion\n|move|p1b: Zoroark|Icy Wind|p2b: Corviknight|[spread] p2a,p2b\n|-damage|p2a: Mamoswine|82/100\n|-damage|p2b: Corviknight|85/100\n|-unboost|p2a: Mamoswine|spe|1\n|-ability|p2b: Corviknight|Mirror Armor\n|-unboost|p1b: Zoroark|spe|1\n|cant|p2b: Corviknight|move: Taunt|Tailwind\n|\n|-heal|p2b: Corviknight|91/100|[from] item: Leftovers\n|upkeep\n|turn|2\n|inactive|loklastaji has 30 seconds left.\n|\n|t:|1776116029\n|move|p1a: Whimsicott|Tailwind|p1a: Whimsicott\n|-sidestart|p1: Port0goose|move: Tailwind\n|move|p1b: Zoroark|Bitter Malice|p2a: Mamoswine\n|-damage|p2a: Mamoswine|30/100\n|-unboost|p2a: Mamoswine|atk|1\n|move|p2a: Mamoswine|Earthquake|p1b: Zoroark|[spread] p1a,p1b\n|-immune|p2b: Corviknight\n|-resisted|p1a: Whimsicott|1\n|-damage|p1a: Whimsicott|69/100\n|-damage|p1b: Zoroark|0 fnt\n|faint|p1b: Zoroark\n|move|p2b: Corviknight|Iron Head|p1a: Whimsicott\n|-supereffective|p1a: Whimsicott|1\n|-damage|p1a: Whimsicott|0 fnt\n|faint|p1a: Whimsicott\n|\n|-heal|p2b: Corviknight|97/100|[from] item: Leftovers\n|upkeep\n|\n|t:|1776116041\n|switch|p1b: Archaludon|Archaludon, L50, M|100/100\n|switch|p1a: Emboar|Emboar, L50, F|100/100\n|turn|3\n|\n|t:|1776116062\n|switch|p2a: Samurott|Samurott-Hisui, L50, M|100/100\n|switch|p2b: Tsareena|Tsareena, L50, F|100/100\n|detailschange|p1a: Emboar|Emboar-Mega, L50, F\n|-mega|p1a: Emboar|Emboar|Emboarite\n|-ability|p1a: Emboar|Mold Breaker\n|move|p1b: Archaludon|Flash Cannon|p2a: Samurott\n|-resisted|p2a: Samurott|1\n|-damage|p2a: Samurott|70/100\n|move|p1a: Emboar|Flare Blitz|p2b: Tsareena\n|-supereffective|p2b: Tsareena|1\n|-enditem|p2b: Tsareena|Focus Sash\n|-damage|p2b: Tsareena|1/100\n|-damage|p1a: Emboar|76/100|[from] Recoil\n|\n|upkeep\n|turn|4\n|inactive|Port0goose has 30 seconds left.\n|inactive|loklastaji has 30 seconds left.\n|inactive|loklastaji has 20 seconds left.\n|\n|t:|1776116102\n|switch|p2a: Corviknight|Corviknight, L50, M|97/100\n|move|p1a: Emboar|Protect|p1a: Emboar\n|-singleturn|p1a: Emboar|Protect\n|move|p2b: Tsareena|Protect|p2b: Tsareena\n|-singleturn|p2b: Tsareena|Protect\n|move|p1b: Archaludon|Electro Shot||[still]\n|-prepare|p1b: Archaludon|Electro Shot\n|-boost|p1b: Archaludon|spa|1\n|\n|-heal|p2a: Corviknight|100/100|[from] item: Leftovers\n|upkeep\n|turn|5\n|\n|t:|1776116123\n|move|p2a: Corviknight|Protect|p2a: Corviknight\n|-singleturn|p2a: Corviknight|Protect\n|move|p1b: Archaludon|Electro Shot|p2a: Corviknight|[from] lockedmove\n|-activate|p2a: Corviknight|move: Protect\n|move|p1a: Emboar|Flare Blitz|p2b: Tsareena\n|-supereffective|p2b: Tsareena|1\n|-damage|p2b: Tsareena|0 fnt\n|faint|p2b: Tsareena\n|-damage|p1a: Emboar|76/100|[from] Recoil\n|\n|-sideend|p1: Port0goose|move: Tailwind\n|upkeep\n|\n|t:|1776116137\n|switch|p2b: Mamoswine|Mamoswine, L50, F|30/100\n|turn|6\n|\n|t:|1776116159\n|move|p2b: Mamoswine|Earthquake|p1a: Emboar|[spread] p1a,p1b\n|-immune|p2a: Corviknight\n|-supereffective|p1a: Emboar|1\n|-supereffective|p1b: Archaludon|1\n|-damage|p1a: Emboar|0 fnt\n|-damage|p1b: Archaludon|36/100\n|-ability|p1b: Archaludon|Stamina|boost\n|-boost|p1b: Archaludon|def|1\n|faint|p1a: Emboar\n|move|p1b: Archaludon|Flash Cannon|p2b: Mamoswine\n|-supereffective|p2b: Mamoswine|1\n|-damage|p2b: Mamoswine|0 fnt\n|faint|p2b: Mamoswine\n|move|p2a: Corviknight|Tailwind|p2a: Corviknight\n|-sidestart|p2: loklastaji|move: Tailwind\n|\n|upkeep\n|\n|t:|1776116171\n|switch|p2b: Samurott|Samurott-Hisui, L50, M|70/100\n|turn|7\n|\n|t:|1776116189\n|move|p2b: Samurott|Sacred Sword|p1b: Archaludon\n|-supereffective|p1b: Archaludon|1\n|-damage|p1b: Archaludon|0 fnt\n|faint|p1b: Archaludon\n|\n|win|loklastaji\n|raw|Port0goose's rating: 1240 &rarr; <strong>1215</strong><br />(-25 for losing)\n|raw|loklastaji's rating: 1243 &rarr; <strong>1268</strong><br />(+25 for winning)\n|l|\u2606Port0goose\n|player|p1|\n",
  "uploadtime": 1776116200,
  "views": 33,
  "formatid": "gen9championsvgc2026regma",
  "rating": 1215,
  "private": 0,
  "password": null
}