{
  "id": "gen9championsvgc2026regma-2581989629",
  "format": "[Gen 9 Champions] VGC 2026 Reg M-A",
  "players": [
    "julipipi",
    "StrikerMohamud"
  ],
  "log": "|j|\u2606julipipi\n|j|\u2606StrikerMohamud\n|t:|1776046100\n|gametype|doubles\n|player|p1|julipipi|265|1110\n|player|p2|StrikerMohamud|unknown|1201\n|gen|9\n|tier|[Gen 9 Champions] VGC 2026 Reg M-A\n|rated|\n|rule|Species Clause: Limit one of each Pok\u00e9mon\n|rule|Item Clause: Limit 1 of each item\n|clearpoke\n|poke|p1|Kingambit, L50, F|\n|poke|p1|Sneasler, L50, M|\n|poke|p1|Charizard, L50, F|\n|poke|p1|Whimsicott, L50, F|\n|poke|p1|Maushold, L50|\n|poke|p1|Garchomp, L50, M|\n|poke|p2|Kangaskhan, L50, F|\n|poke|p2|Incineroar, L50, F|\n|poke|p2|Azumarill, L50, M|\n|poke|p2|Froslass, L50, F|\n|poke|p2|Garchomp, L50, M|\n|poke|p2|Talonflame, L50, M|\n|teampreview|4\n|\n|t:|1776046119\n|teamsize|p1|4\n|teamsize|p2|4\n|start\n|switch|p1a: Charizard|Charizard, L50, F|100/100\n|switch|p1b: Kingambit|Kingambit, L50, F|100/100\n|switch|p2a: Talonflame|Talonflame, L50, M, shiny|100/100\n|switch|p2b: Garchomp|Garchomp, L50, M|100/100\n|turn|1\n|\n|t:|1776046142\n|move|p2a: Talonflame|Dual Wingbeat|p1b: Kingambit\n|-resisted|p1b: Kingambit|1\n|-damage|p1b: Kingambit|93/100\n|-resisted|p1b: Kingambit|1\n|-damage|p1b: Kingambit|86/100\n|-hitcount|p1b: Kingambit|2\n|move|p2b: Garchomp|Rock Slide|p1b: Kingambit|[spread] p1a,p1b\n|-supereffective|p1a: Charizard|2\n|-resisted|p1b: Kingambit|1\n|-damage|p1a: Charizard|0 fnt\n|-damage|p1b: Kingambit|77/100\n|faint|p1a: Charizard\n|move|p1b: Kingambit|Kowtow Cleave|p2a: Talonflame\n|-damage|p2a: Talonflame|16/100\n|\n|upkeep\n|\n|t:|1776046152\n|switch|p1a: Sneasler|Sneasler, L50, M|100/100\n|turn|2\n|j| noahtdiditfirst\n|l| noahtdiditfirst\n|\n|t:|1776046180\n|switch|p2b: Azumarill|Azumarill, L50, M, shiny|100/100\n|move|p1a: Sneasler|Fake Out|p2b: Azumarill\n|-damage|p2b: Azumarill|85/100\n|move|p2a: Talonflame|Dual Wingbeat|p1a: Sneasler\n|-supereffective|p1a: Sneasler|1\n|-crit|p1a: Sneasler\n|-damage|p1a: Sneasler|0 fnt\n|faint|p1a: Sneasler\n|-hitcount|p1: Sneasler|1\n|move|p1b: Kingambit|Kowtow Cleave|p2b: Azumarill\n|-resisted|p2b: Azumarill|1\n|-damage|p2b: Azumarill|51/100\n|\n|upkeep\n|\n|t:|1776046190\n|switch|p1a: Whimsicott|Whimsicott, L50, F|100/100\n|turn|3\n|\n|t:|1776046203\n|move|p2a: Talonflame|Quick Guard|p2a: Talonflame\n|-singleturn|p2a: Talonflame|Quick Guard\n|move|p1a: Whimsicott|Moonblast|p2b: Azumarill\n|-damage|p2b: Azumarill|22/100\n|-enditem|p2b: Azumarill|Sitrus Berry|[eat]\n|-heal|p2b: Azumarill|47/100|[from] item: Sitrus Berry\n|move|p1b: Kingambit|Kowtow Cleave|p2b: Azumarill\n|-resisted|p2b: Azumarill|1\n|-damage|p2b: Azumarill|17/100\n|move|p2b: Azumarill|Belly Drum||[still]\n|-fail|p2b: Azumarill\n|\n|upkeep\n|turn|4\n|\n|t:|1776046221\n|move|p2b: Azumarill|Aqua Jet|p1b: Kingambit\n|-damage|p1b: Kingambit|57/100\n|move|p2a: Talonflame|Dual Wingbeat|p1a: Whimsicott\n|-supereffective|p1a: Whimsicott|1\n|-damage|p1a: Whimsicott|50/100\n|-supereffective|p1a: Whimsicott|1\n|-damage|p1a: Whimsicott|0 fnt\n|faint|p1a: Whimsicott\n|-hitcount|p1: Whimsicott|2\n|move|p1b: Kingambit|Kowtow Cleave|p2b: Azumarill\n|-resisted|p2b: Azumarill|1\n|-damage|p2b: Azumarill|0 fnt\n|faint|p2b: Azumarill\n|\n|upkeep\n|\n|t:|1776046232\n|switch|p2b: Garchomp|Garchomp, L50, M|100/100\n|turn|5\n|\n|t:|1776046237\n|move|p2a: Talonflame|Quick Guard|p2a: Talonflame\n|-singleturn|p2a: Talonflame|Quick Guard\n|move|p1b: Kingambit|Sucker Punch||[still]\n|-fail|p1b: Kingambit\n|move|p2b: Garchomp|Earthquake|p1b: Kingambit|[spread] p1b\n|-immune|p2a: Talonflame\n|-supereffective|p1b: Kingambit|1\n|-damage|p1b: Kingambit|0 fnt\n|faint|p1b: Kingambit\n|\n|win|StrikerMohamud\n|raw|julipipi's rating: 1110 &rarr; <strong>1091</strong><br />(-19 for losing)\n|raw|StrikerMohamud's rating: 1201 &rarr; <strong>1220</strong><br />(+19 for winning)\n|l|\u2606julipipi\n|player|p1|\n",
  "uploadtime": 1776046103,
  "views": 13,
  "formatid": "gen9championsvgc2026regma",
  "rating": 1091,
  "private": 0,
  "password": null
}