{
  "id": "gen9championsvgc2026regma-2582619869",
  "format": "[Gen 9 Champions] VGC 2026 Reg M-A",
  "players": [
    "chaarlyyyyy",
    "Tamejo"
  ],
  "log": "|j|\u2606chaarlyyyyy\n|j|\u2606Tamejo\n|t:|1776103069\n|gametype|doubles\n|player|p1|chaarlyyyyy|102|1344\n|player|p2|Tamejo|caitlin|1361\n|gen|9\n|tier|[Gen 9 Champions] VGC 2026 Reg M-A\n|rated|\n|rule|Species Clause: Limit one of each Pok\u00e9mon\n|rule|Item Clause: Limit 1 of each item\n|clearpoke\n|poke|p1|Maushold-Four, L50|\n|poke|p1|Zoroark-Hisui, L50, M|\n|poke|p1|Floette-Eternal, L50, F|\n|poke|p1|Sinistcha, L50|\n|poke|p1|Incineroar, L50, M|\n|poke|p1|Kingambit, L50, M|\n|poke|p2|Dragapult, L50, M|\n|poke|p2|Farigiraf, L50, F|\n|poke|p2|Sylveon, L50, F|\n|poke|p2|Whimsicott, L50, F|\n|poke|p2|Glimmora, L50, F|\n|poke|p2|Crabominable, L50, M|\n|teampreview|4\n|inactive|Battle timer is ON: inactive players will automatically lose when time's up. (requested by chaarlyyyyy)\n|j| Bobbertests\n|j| CARtu348rjf90\n|\n|t:|1776103122\n|teamsize|p1|4\n|teamsize|p2|4\n|start\n|switch|p1a: Kingambit|Kingambit, L50, M|100/100\n|switch|p1b: Floette|Floette-Eternal, L50, F|100/100\n|switch|p2a: Sylveon|Sylveon, L50, F|100/100\n|switch|p2b: Whimsicott|Whimsicott, L50, F|100/100\n|turn|1\n|j| your stepsister\n|\n|t:|1776103140\n|detailschange|p1b: Floette|Floette-Mega, L50, F\n|-mega|p1b: Floette|Floette|Floettite\n|-ability|p1b: Floette|Fairy Aura\n|move|p2b: Whimsicott|Tailwind|p2b: Whimsicott\n|-sidestart|p2: Tamejo|move: Tailwind\n|move|p1a: Kingambit|Icy Wind|p2a: Sylveon|[spread] p2a,p2b\n|-supereffective|p2b: Whimsicott|1\n|-damage|p2a: Sylveon|90/100\n|-damage|p2b: Whimsicott|60/100\n|-unboost|p2a: Sylveon|spe|1\n|-unboost|p2b: Whimsicott|spe|1\n|move|p1b: Floette|Light of Ruin|p2a: Sylveon|[miss]\n|-miss|p1b: Floette|p2a: Sylveon\n|move|p2a: Sylveon|Hyper Voice|p1b: Floette|[spread] p1a,p1b\n|-damage|p1a: Kingambit|16/100\n|-damage|p1b: Floette|67/100\n|replace|p1a: Zoroark|Zoroark-Hisui, L50, M\n|-end|p1a: Zoroark|Illusion\n|\n|-heal|p2a: Sylveon|96/100|[from] item: Leftovers\n|upkeep\n|turn|2\n|l| CARtu348rjf90\n|c|\u2606chaarlyyyyy|always\n|inactive|Tamejo has 30 seconds left.\n|c|\u2606Tamejo|Rip man\n|inactive|Tamejo has 20 seconds left.\n|c|\u2606chaarlyyyyy|miss every single time\n|inactive|Tamejo has 15 seconds left.\n|\n|t:|1776103184\n|move|p2a: Sylveon|Protect|p2a: Sylveon\n|-singleturn|p2a: Sylveon|Protect\n|move|p1a: Zoroark|Icy Wind|p2b: Whimsicott|[spread] p2b\n|-activate|p2a: Sylveon|move: Protect\n|-supereffective|p2b: Whimsicott|1\n|-damage|p2b: Whimsicott|21/100\n|-unboost|p2b: Whimsicott|spe|1\n|move|p2b: Whimsicott|Moonblast|p1b: Floette\n|-damage|p1b: Floette|38/100\n|move|p1b: Floette|Light of Ruin|p2a: Sylveon\n|-activate|p2a: Sylveon|move: Protect\n|\n|-heal|p2a: Sylveon|100/100|[from] item: Leftovers\n|upkeep\n|turn|3\n|c|\u2606chaarlyyyyy|90 accuracy\n|\n|t:|1776103205\n|switch|p1a: Sinistcha|Sinistcha, L50|100/100\n|-heal|p1b: Floette|62/100|[from] ability: Hospitality|[of] p1a: Sinistcha\n|switch|p2b: Glimmora|Glimmora, L50, F|100/100\n|move|p1b: Floette|Light of Ruin|p2a: Sylveon\n|-damage|p2a: Sylveon|7/100\n|-damage|p1b: Floette|9/100|[from] Recoil\n|move|p2a: Sylveon|Hyper Voice|p1b: Floette|[spread] p1a,p1b\n|-damage|p1a: Sinistcha|55/100\n|-damage|p1b: Floette|0 fnt\n|faint|p1b: Floette\n|\n|-heal|p2a: Sylveon|13/100|[from] item: Leftovers\n|upkeep\n|\n|t:|1776103218\n|switch|p1b: Kingambit|Kingambit, L50, M|16/100\n|turn|4\n|l| your stepsister\n|inactive|Tamejo has 30 seconds left.\n|j| number86\n|inactive|Tamejo has 20 seconds left.\n|inactive|Tamejo has 15 seconds left.\n|\n|t:|1776103263\n|switch|p2a: Whimsicott|Whimsicott, L50, F|21/100\n|detailschange|p2b: Glimmora|Glimmora-Mega, L50, F\n|-mega|p2b: Glimmora|Glimmora|Glimmoranite\n|move|p2b: Glimmora|Sludge Bomb|p1a: Sinistcha\n|-damage|p1a: Sinistcha|0 fnt\n|faint|p1a: Sinistcha\n|move|p1b: Kingambit|Hyper Voice|p2a: Whimsicott|[spread] p2a,p2b\n|-resisted|p2b: Glimmora|1\n|-damage|p2a: Whimsicott|0 fnt\n|-damage|p2b: Glimmora|80/100\n|faint|p2a: Whimsicott\n|\n|-sideend|p2: Tamejo|move: Tailwind\n|upkeep\n|l| number86\n|\n|t:|1776103276\n|switch|p2a: Dragapult|Dragapult, L50, M|100/100\n|switch|p1a: Kingambit|Kingambit, L50, M|100/100\n|turn|5\n|inactive|Tamejo has 30 seconds left.\n|\n|t:|1776103302\n|move|p1a: Kingambit|Sucker Punch|p2b: Glimmora\n|-damage|p2b: Glimmora|30/100\n|move|p1b: Kingambit|Hyper Voice|p2a: Dragapult|[spread] p2b\n|-immune|p2a: Dragapult\n|-resisted|p2b: Glimmora|1\n|-damage|p2b: Glimmora|9/100\n|move|p2a: Dragapult|Dragon Darts|p1b: Kingambit\n|-damage|p1b: Kingambit|0 fnt\n|replace|p1b: Zoroark|Zoroark-Hisui, L50, M\n|-end|p1b: Zoroark|Illusion\n|-anim|p2a: Dragapult|Dragon Darts|p1a: Kingambit\n|-resisted|p1a: Kingambit|1\n|-damage|p1a: Kingambit|91/100\n|faint|p1b: Zoroark\n|move|p2b: Glimmora|Earth Power|p1a: Kingambit\n|-supereffective|p1a: Kingambit|1\n|-damage|p1a: Kingambit|26/100\n|\n|upkeep\n|turn|6\n|-message|chaarlyyyyy forfeited.\n|\n|win|Tamejo\n|raw|chaarlyyyyy's rating: 1344 &rarr; <strong>1325</strong><br />(-19 for losing)\n|raw|Tamejo's rating: 1361 &rarr; <strong>1380</strong><br />(+19 for winning)\n|l|\u2606chaarlyyyyy\n|player|p1|\n",
  "uploadtime": 1776103312,
  "views": 22,
  "formatid": "gen9championsvgc2026regma",
  "rating": 1325,
  "private": 0,
  "password": null
}