{
  "id": "gen9championsvgc2026regma-2584951609",
  "format": "[Gen 9 Champions] VGC 2026 Reg M-A",
  "players": [
    "Jah_08",
    "MUpigg"
  ],
  "log": "|j|\u2606Jah_08\n|j|\u2606MUpigg\n|t:|1776297524\n|gametype|doubles\n|player|p1|Jah_08|alder|1239\n|player|p2|MUpigg|wattson|1141\n|gen|9\n|tier|[Gen 9 Champions] VGC 2026 Reg M-A\n|rated|\n|rule|Species Clause: Limit one of each Pok\u00e9mon\n|rule|Item Clause: Limit 1 of each item\n|clearpoke\n|poke|p1|Excadrill, L50, M|\n|poke|p1|Whimsicott, L50, M|\n|poke|p1|Chandelure, L50, F|\n|poke|p1|Zoroark-Hisui, L50, M|\n|poke|p1|Basculegion, L50, M|\n|poke|p1|Hydreigon, L50, M|\n|poke|p2|Sinistcha, L50|\n|poke|p2|Hawlucha, L50, F|\n|poke|p2|Pelipper, L50, M|\n|poke|p2|Kingambit, L50, M|\n|poke|p2|Archaludon, L50, F|\n|poke|p2|Dragonite, L50, F|\n|teampreview|4\n|inactive|Battle timer is ON: inactive players will automatically lose when time's up. (requested by MUpigg)\nMUpigg rejected open team sheets.\n|\n|t:|1776297561\n|teamsize|p1|4\n|teamsize|p2|4\n|start\n|switch|p1a: Excadrill|Excadrill, L50, M|100/100\n|switch|p1b: Basculegion|Basculegion, L50, M|100/100\n|switch|p2a: Sinistcha|Sinistcha, L50|100/100\n|switch|p2b: Hawlucha|Hawlucha, L50, F|100/100\n|-ability|p2b: Hawlucha|Mold Breaker\n|turn|1\n|\n|t:|1776297583\n|detailschange|p2b: Hawlucha|Hawlucha-Mega, L50, F\n|-mega|p2b: Hawlucha|Hawlucha|Hawluchanite\n|move|p1b: Basculegion|Flip Turn|p2b: Hawlucha\n|-damage|p2b: Hawlucha|57/100\n|\n|t:|1776297590\n|switch|p1b: Whimsicott|Whimsicott, L50, M, shiny|100/100|[from] Flip Turn\n|move|p2b: Hawlucha|High Jump Kick|p1a: Excadrill\n|-immune|p1a: Excadrill\n|-damage|p2b: Hawlucha|7/100|[from] highjumpkick\n|move|p1a: Excadrill|Shadow Ball|p2a: Sinistcha\n|-supereffective|p2a: Sinistcha|1\n|-damage|p2a: Sinistcha|9/100\n|move|p2a: Sinistcha|Trick Room|p2a: Sinistcha\n|-fieldstart|move: Trick Room|[of] p2a: Sinistcha\n|\n|upkeep\n|turn|2\n|\n|t:|1776297613\n|move|p1b: Whimsicott|Protect|p1b: Whimsicott\n|-singleturn|p1b: Whimsicott|Protect\n|move|p2a: Sinistcha|Matcha Gotcha|p1a: Excadrill|[spread] p1a\n|-activate|p1b: Whimsicott|move: Protect\n|-damage|p1a: Excadrill|47/100\n|-heal|p2a: Sinistcha|29/100|[from] drain|[of] p1a: Excadrill\n|replace|p1a: Zoroark|Zoroark-Hisui, L50, M\n|-end|p1a: Zoroark|Illusion\n|move|p1a: Zoroark|Icy Wind|p2a: Sinistcha|[spread] p2a,p2b\n|-supereffective|p2a: Sinistcha|1\n|-supereffective|p2b: Hawlucha|1\n|-damage|p2a: Sinistcha|3/100\n|-damage|p2b: Hawlucha|0 fnt\n|-unboost|p2a: Sinistcha|spe|1\n|faint|p2b: Hawlucha\n|\n|upkeep\n|\n|t:|1776297631\n|switch|p2b: Kingambit|Kingambit, L50, M|100/100\n|turn|3\n|\n|t:|1776297640\n|move|p1a: Zoroark|Protect|p1a: Zoroark\n|-singleturn|p1a: Zoroark|Protect\n|move|p1b: Whimsicott|Encore|p2a: Sinistcha\n|-start|p2a: Sinistcha|Encore\n|-enditem|p2a: Sinistcha|Mental Herb\n|-end|p2a: Sinistcha|Encore\n|move|p2a: Sinistcha|Matcha Gotcha|p1a: Zoroark|[spread] p1b\n|-activate|p1a: Zoroark|move: Protect\n|-resisted|p1b: Whimsicott|1\n|-crit|p1b: Whimsicott\n|-damage|p1b: Whimsicott|72/100\n|-heal|p2a: Sinistcha|15/100|[from] drain|[of] p1b: Whimsicott\n|move|p2b: Kingambit|Iron Head|p1b: Whimsicott\n|-supereffective|p1b: Whimsicott|1\n|-damage|p1b: Whimsicott|0 fnt\n|faint|p1b: Whimsicott\n|\n|upkeep\n|\n|t:|1776297664\n|switch|p1b: Excadrill|Excadrill, L50, M|100/100\n|-ability|p1b: Excadrill|Mold Breaker\n|turn|4\n|\n|t:|1776297681\n|move|p2a: Sinistcha|Matcha Gotcha|p1b: Excadrill|[spread] p1b\n|-miss|p2a: Sinistcha|p1a: Zoroark\n|-damage|p1b: Excadrill|64/100\n|-heal|p2a: Sinistcha|34/100|[from] drain|[of] p1b: Excadrill\n|move|p2b: Kingambit|Kowtow Cleave|p1a: Zoroark\n|-supereffective|p1a: Zoroark|1\n|-damage|p1a: Zoroark|0 fnt\n|faint|p1a: Zoroark\n|move|p1b: Excadrill|High Horsepower|p2b: Kingambit\n|-supereffective|p2b: Kingambit|1\n|-damage|p2b: Kingambit|29/100\n|\n|upkeep\n|inactive|Jah_08 has 30 seconds left.\n|\n|t:|1776297708\n|switch|p1a: Basculegion|Basculegion, L50, M|100/100\n|turn|5\n|inactive|Jah_08 has 30 seconds left.\n|inactive|Jah_08 has 20 seconds left.\n|inactive|Jah_08 has 15 seconds left.\n|inactive|Jah_08 has 10 seconds left.\n|\n|t:|1776297757\n|move|p1b: Excadrill|Protect|p1b: Excadrill\n|-singleturn|p1b: Excadrill|Protect\n|move|p2b: Kingambit|Sucker Punch|p1a: Basculegion\n|-supereffective|p1a: Basculegion|1\n|-damage|p1a: Basculegion|0 fnt\n|faint|p1a: Basculegion\n|move|p2a: Sinistcha|Matcha Gotcha|p1b: Excadrill\n|-activate|p1b: Excadrill|move: Protect\n|\n|-fieldend|move: Trick Room\n|upkeep\n|turn|6\n|\n|t:|1776297771\n|move|p2b: Kingambit|Sucker Punch|p1b: Excadrill\n|-damage|p1b: Excadrill|0 fnt\n|faint|p1b: Excadrill\n|\n|win|MUpigg\n|raw|Jah_08's rating: 1239 &rarr; <strong>1207</strong><br />(-32 for losing)\n|raw|MUpigg's rating: 1141 &rarr; <strong>1173</strong><br />(+32 for winning)\n",
  "uploadtime": 1776297776,
  "views": 20,
  "formatid": "gen9championsvgc2026regma",
  "rating": 1173,
  "private": 0,
  "password": null
}