{
  "id": "gen9championsvgc2026regma-2582549335",
  "format": "[Gen 9 Champions] VGC 2026 Reg M-A",
  "players": [
    "Xalvadore",
    "LogosVD"
  ],
  "log": "|j|\u2606Xalvadore\n|j|\u2606LogosVD\n|t:|1776098724\n|gametype|doubles\n|player|p1|Xalvadore|266|1032\n|player|p2|LogosVD|101|1046\n|gen|9\n|tier|[Gen 9 Champions] VGC 2026 Reg M-A\n|rated|\n|rule|Species Clause: Limit one of each Pok\u00e9mon\n|rule|Item Clause: Limit 1 of each item\n|clearpoke\n|poke|p1|Gyarados, L50, F|\n|poke|p1|Tyranitar, L50, M|\n|poke|p1|Excadrill, L50, F|\n|poke|p1|Sneasler, L50, F|\n|poke|p1|Garchomp, L50, M|\n|poke|p1|Incineroar, L50, F|\n|poke|p2|Floette-Eternal, L50, F|\n|poke|p2|Incineroar, L50, F|\n|poke|p2|Garchomp, L50, M|\n|poke|p2|Rotom-Heat, L50|\n|poke|p2|Gengar, L50, M|\n|poke|p2|Maushold-Four, L50|\n|teampreview|4\n|\n|t:|1776098737\n|teamsize|p1|4\n|teamsize|p2|4\n|start\n|switch|p1a: Sneasler|Sneasler, L50, F|100/100\n|switch|p1b: Gyarados|Gyarados, L50, F|100/100\n|switch|p2a: Garchomp|Garchomp, L50, M|100/100\n|switch|p2b: Gengar|Gengar, L50, M|100/100\n|-ability|p1a: Sneasler|Pressure\n|-ability|p1b: Gyarados|Intimidate|boost\n|-unboost|p2a: Garchomp|atk|1\n|-unboost|p2b: Gengar|atk|1\n|turn|1\n|\n|t:|1776098749\n|move|p2b: Gengar|Protect|p2b: Gengar\n|-singleturn|p2b: Gengar|Protect\n|move|p2a: Garchomp|Protect|p2a: Garchomp\n|-singleturn|p2a: Garchomp|Protect\n|move|p1a: Sneasler|Fake Out|p2a: Garchomp\n|-activate|p2a: Garchomp|move: Protect\n|move|p1b: Gyarados|Thunder Wave|p2b: Gengar\n|-activate|p2b: Gengar|move: Protect\n|\n|upkeep\n|turn|2\n|\n|t:|1776098761\n|move|p1a: Sneasler|Protect|p1a: Sneasler\n|-singleturn|p1a: Sneasler|Protect\n|move|p2b: Gengar|Icy Wind|p1b: Gyarados|[spread] p1b\n|-activate|p1a: Sneasler|move: Protect\n|-damage|p1b: Gyarados|89/100\n|-unboost|p1b: Gyarados|spe|1\n|move|p2a: Garchomp|Stomping Tantrum|p1a: Sneasler\n|-activate|p1a: Sneasler|move: Protect\n|move|p1b: Gyarados|Thunder Wave|p2b: Gengar\n|-status|p2b: Gengar|par\n|\n|upkeep\n|turn|3\n|\n|t:|1776098794\n|move|p1a: Sneasler|Protect||[still]\n|-fail|p1a: Sneasler\n|move|p2a: Garchomp|Stomping Tantrum|p1a: Sneasler\n|-supereffective|p1a: Sneasler|1\n|-damage|p1a: Sneasler|0 fnt\n|faint|p1a: Sneasler\n|move|p2b: Gengar|Icy Wind|p1b: Gyarados\n|-damage|p1b: Gyarados|73/100\n|-unboost|p1b: Gyarados|spe|1\n|move|p1b: Gyarados|Waterfall|p2b: Gengar\n|-damage|p2b: Gengar|34/100 par\n|\n|upkeep\n|\n|t:|1776098801\n|switch|p1a: Excadrill|Excadrill, L50, F|100/100\n|turn|4\n|\n|t:|1776098837\n|switch|p2a: Incineroar|Incineroar, L50, F|100/100\n|-ability|p2a: Incineroar|Intimidate|boost\n|-unboost|p1a: Excadrill|atk|1\n|-unboost|p1b: Gyarados|atk|1\n|switch|p1b: Tyranitar|Tyranitar, L50, M|100/100\n|-weather|Sandstorm|[from] ability: Sand Stream|[of] p1b: Tyranitar\n|move|p1a: Excadrill|Earthquake|p2b: Gengar|[spread] p1b,p2a,p2b\n|-supereffective|p1b: Tyranitar|1\n|-supereffective|p2a: Incineroar|1\n|-supereffective|p2b: Gengar|1\n|-damage|p1b: Tyranitar|53/100\n|-damage|p2a: Incineroar|47/100\n|-damage|p2b: Gengar|0 fnt\n|-enditem|p2a: Incineroar|Sitrus Berry|[eat]\n|-heal|p2a: Incineroar|72/100|[from] item: Sitrus Berry\n|faint|p2b: Gengar\n|\n|-weather|Sandstorm|[upkeep]\n|-damage|p2a: Incineroar|66/100|[from] Sandstorm\n|upkeep\n|\n|t:|1776098849\n|switch|p2b: Garchomp|Garchomp, L50, M|100/100\n|turn|5\n|\n|t:|1776098856\n|move|p1b: Tyranitar|Protect|p1b: Tyranitar\n|-singleturn|p1b: Tyranitar|Protect\n|move|p2a: Incineroar|Fake Out|p1a: Excadrill\n|-resisted|p1a: Excadrill|1\n|-damage|p1a: Excadrill|94/100\n|cant|p1a: Excadrill|flinch\n|move|p2b: Garchomp|Stomping Tantrum|p1b: Tyranitar\n|-activate|p1b: Tyranitar|move: Protect\n|\n|-weather|Sandstorm|[upkeep]\n|-damage|p2a: Incineroar|60/100|[from] Sandstorm\n|upkeep\n|turn|6\n|\n|t:|1776098868\n|detailschange|p1b: Tyranitar|Tyranitar-Mega, L50, M\n|-mega|p1b: Tyranitar|Tyranitar|Tyranitarite\n|move|p1a: Excadrill|Earthquake|p2a: Incineroar|[spread] p1b,p2a,p2b\n|-supereffective|p1b: Tyranitar|1\n|-crit|p1b: Tyranitar\n|-supereffective|p2a: Incineroar|1\n|-damage|p1b: Tyranitar|0 fnt\n|-damage|p2a: Incineroar|5/100\n|-damage|p2b: Garchomp|71/100\n|faint|p1b: Tyranitar\n|move|p2b: Garchomp|Earthquake|p1a: Excadrill|[spread] p2a,p1a\n|-supereffective|p2a: Incineroar|1\n|-supereffective|p1a: Excadrill|1\n|-enditem|p1a: Excadrill|Shuca Berry|[eat]\n|-enditem|p1a: Excadrill|Shuca Berry|[weaken]\n|-damage|p2a: Incineroar|0 fnt\n|-damage|p1a: Excadrill|29/100\n|faint|p2a: Incineroar\n|\n|-weather|Sandstorm|[upkeep]\n|upkeep\n|\n|t:|1776098880\n|switch|p1b: Gyarados|Gyarados, L50, F|73/100\n|switch|p2a: Floette|Floette-Eternal, L50, F|100/100\n|-ability|p1b: Gyarados|Intimidate|boost\n|-unboost|p2a: Floette|atk|1\n|-unboost|p2b: Garchomp|atk|1\n|turn|7\n|\n|t:|1776098895\n|detailschange|p2a: Floette|Floette-Mega, L50, F\n|-mega|p2a: Floette|Floette|Floettite\n|-ability|p2a: Floette|Fairy Aura\n|move|p1a: Excadrill|Iron Head|p2a: Floette\n|-supereffective|p2a: Floette|1\n|-damage|p2a: Floette|40/100\n|move|p2b: Garchomp|Stomping Tantrum|p1a: Excadrill\n|-supereffective|p1a: Excadrill|1\n|-damage|p1a: Excadrill|0 fnt\n|faint|p1a: Excadrill\n|move|p2a: Floette|Calm Mind|p2a: Floette\n|-boost|p2a: Floette|spa|1\n|-boost|p2a: Floette|spd|1\n|move|p1b: Gyarados|Waterfall|p2b: Garchomp\n|-damage|p2b: Garchomp|33/100\n|-damage|p1b: Gyarados|60/100|[from] ability: Rough Skin|[of] p2b: Garchomp\n|\n|-weather|Sandstorm|[upkeep]\n|-damage|p2a: Floette|34/100|[from] Sandstorm\n|-damage|p1b: Gyarados|54/100|[from] Sandstorm\n|upkeep\n|turn|8\n|\n|t:|1776098916\n|move|p2b: Garchomp|Protect|p2b: Garchomp\n|-singleturn|p2b: Garchomp|Protect\n|move|p2a: Floette|Dazzling Gleam|p1b: Gyarados\n|-damage|p1b: Gyarados|0 fnt\n|faint|p1b: Gyarados\n|\n|win|LogosVD\n|raw|Xalvadore's rating: 1032 &rarr; <strong>1018</strong><br />(-14 for losing)\n|raw|LogosVD's rating: 1046 &rarr; <strong>1078</strong><br />(+32 for winning)\n|c|\u2606Xalvadore|gg\n",
  "uploadtime": 1776098921,
  "views": 10,
  "formatid": "gen9championsvgc2026regma",
  "rating": 1018,
  "private": 0,
  "password": null
}