{
  "id": "gen9championsvgc2026regma-2588778606",
  "format": "[Gen 9 Champions] VGC 2026 Reg M-A",
  "players": [
    "martisparkles",
    "Pokemon GHY"
  ],
  "log": "|j|\u2606martisparkles\n|j|\u2606Pokemon GHY\n|t:|1776669640\n|gametype|doubles\n|player|p1|martisparkles|lyra|1076\n|player|p2|Pokemon GHY|170|1119\n|gen|9\n|tier|[Gen 9 Champions] VGC 2026 Reg M-A\n|rated|\n|rule|Species Clause: Limit one of each Pok\u00e9mon\n|rule|Item Clause: Limit 1 of each item\n|clearpoke\n|poke|p1|Delphox, L50, M|\n|poke|p1|Basculegion, L50, M|\n|poke|p1|Clefable, L50, M|\n|poke|p1|Kingambit, L50, F|\n|poke|p1|Dragonite, L50, F|\n|poke|p1|Sneasler, L50, F|\n|poke|p2|Feraligatr, L50, F|\n|poke|p2|Talonflame, L50, M, shiny|\n|poke|p2|Sinistcha, L50|\n|poke|p2|Sneasler, L50, M|\n|poke|p2|Floette-Eternal, L50, F|\n|poke|p2|Archaludon, L50, M|\n|teampreview|4\n|inactive|Battle timer is ON: inactive players will automatically lose when time's up. (requested by Pokemon GHY)\nmartisparkles has agreed to open team sheets.\n|inactive|Pokemon GHY has 60 seconds left.\n|\n|t:|1776669674\n|teamsize|p1|4\n|teamsize|p2|4\n|start\n|switch|p1a: Basculegion|Basculegion, L50, M|100/100\n|switch|p1b: Delphox|Delphox, L50, M|100/100\n|switch|p2a: Talonflame|Talonflame, L50, M, shiny|100/100\n|switch|p2b: Floette|Floette-Eternal, L50, F|100/100\n|turn|1\n|inactive|martisparkles has 30 seconds left.\n|\n|t:|1776669701\n|detailschange|p1b: Delphox|Delphox-Mega, L50, M\n|-mega|p1b: Delphox|Delphox|Delphoxite\n|move|p2a: Talonflame|Tailwind|p2a: Talonflame\n|-sidestart|p2: Pokemon GHY|move: Tailwind\n|move|p2b: Floette|Calm Mind|p2b: Floette\n|-boost|p2b: Floette|spa|1\n|-boost|p2b: Floette|spd|1\n|move|p1b: Delphox|Substitute|p1b: Delphox\n|-start|p1b: Delphox|Substitute\n|-damage|p1b: Delphox|76/100\n|move|p1a: Basculegion|Flip Turn|p2a: Talonflame\n|-supereffective|p2a: Talonflame|1\n|-damage|p2a: Talonflame|0 fnt\n|faint|p2a: Talonflame\n|\n|t:|1776669713\n|switch|p1a: Sneasler|Sneasler, L50, F|100/100|[from] Flip Turn\n|\n|upkeep\n|\n|t:|1776669726\n|switch|p2a: Feraligatr|Feraligatr, L50, F|100/100\n|turn|2\n|\n|t:|1776669747\n|detailschange|p2a: Feraligatr|Feraligatr-Mega, L50, F\n|-mega|p2a: Feraligatr|Feraligatr|Feraligite\n|move|p1a: Sneasler|Fake Out|p2a: Feraligatr\n|-damage|p2a: Feraligatr|88/100\n|move|p2b: Floette|Moonblast|p1a: Sneasler\n|-enditem|p1a: Sneasler|Focus Sash\n|-damage|p1a: Sneasler|1/100\n|cant|p2a: Feraligatr|flinch\n|move|p1b: Delphox|Heat Wave|p2b: Floette|[spread] p2a,p2b\n|-resisted|p2a: Feraligatr|2\n|-crit|p2b: Floette\n|-damage|p2a: Feraligatr|75/100\n|-damage|p2b: Floette|36/100\n|\n|upkeep\n|turn|3\n|\n|t:|1776669772\n|move|p1a: Sneasler|Protect|p1a: Sneasler\n|-singleturn|p1a: Sneasler|Protect\n|move|p2b: Floette|Protect|p2b: Floette\n|-singleturn|p2b: Floette|Protect\n|move|p2a: Feraligatr|Liquidation|p1b: Delphox\n|-supereffective|p1b: Delphox|1\n|-end|p1b: Delphox|Substitute\n|move|p1b: Delphox|Psychic|p2a: Feraligatr\n|-damage|p2a: Feraligatr|10/100\n|-unboost|p2a: Feraligatr|spd|1\n|\n|upkeep\n|turn|4\n|\n|t:|1776669796\n|switch|p1a: Basculegion|Basculegion, L50, M|100/100\n|move|p2b: Floette|Moonblast|p1a: Basculegion\n|-damage|p1a: Basculegion|16/100\n|move|p2a: Feraligatr|Liquidation|p1b: Delphox\n|-supereffective|p1b: Delphox|1\n|-damage|p1b: Delphox|0 fnt\n|faint|p1b: Delphox\n|\n|-sideend|p2: Pokemon GHY|move: Tailwind\n|upkeep\n|l|\u2606martisparkles\n|inactive|martisparkles disconnected and has a minute to reconnect!\n|player|p1|\n|inactive|martisparkles has 30 seconds left.\n|j|\u2606martisparkles\n|inactive|martisparkles reconnected and has 30 seconds left.\n|player|p1|martisparkles|lyra|\n|inactive|martisparkles has 20 seconds left.\n|\n|t:|1776669836\n|switch|p1b: Sneasler|Sneasler, L50, F|1/100\n|turn|5\n|inactive|Pokemon GHY has 30 seconds left.\n|inactive|Pokemon GHY has 20 seconds left.\n|inactive|Pokemon GHY has 15 seconds left.\n|\n|t:|1776669879\n|move|p2a: Feraligatr|Protect|p2a: Feraligatr\n|-singleturn|p2a: Feraligatr|Protect\n|move|p1b: Sneasler|Fake Out|p2a: Feraligatr\n|-activate|p2a: Feraligatr|move: Protect\n|move|p1a: Basculegion|Last Respects|p2b: Floette\n|-damage|p2b: Floette|0 fnt\n|faint|p2b: Floette\n|\n|upkeep\n|l|\u2606martisparkles\n|inactive|martisparkles disconnected and has a minute to reconnect!\n|player|p1|\n|\n|t:|1776669888\n|switch|p2b: Sinistcha|Sinistcha, L50|100/100\n|-heal|p2a: Feraligatr|34/100|[from] ability: Hospitality|[of] p2b: Sinistcha\n|turn|6\n|j|\u2606martisparkles\n|inactive|martisparkles reconnected and has 35 seconds left.\n|player|p1|martisparkles|lyra|\n|inactive|martisparkles has 30 seconds left.\n|inactive|Pokemon GHY has 30 seconds left.\n|inactive|martisparkles has 20 seconds left.\n|\n|t:|1776669927\n|move|p1a: Basculegion|Last Respects|p2b: Sinistcha\n|-supereffective|p2b: Sinistcha|1\n|-damage|p2b: Sinistcha|0 fnt\n|faint|p2b: Sinistcha\n|move|p1b: Sneasler|Dire Claw|p2a: Feraligatr\n|-damage|p2a: Feraligatr|0 fnt\n|faint|p2a: Feraligatr\n|\n|win|martisparkles\n|raw|martisparkles's rating: 1076 &rarr; <strong>1108</strong><br />(+32 for winning)\n|raw|Pokemon GHY's rating: 1119 &rarr; <strong>1091</strong><br />(-28 for losing)\n|l|\u2606Pokemon GHY\n|player|p2|\n",
  "uploadtime": 1776669939,
  "views": 10,
  "formatid": "gen9championsvgc2026regma",
  "rating": 1091,
  "private": 0,
  "password": null
}