{
  "id": "gen9championsvgc2026regma-2582347391",
  "format": "[Gen 9 Champions] VGC 2026 Reg M-A",
  "players": [
    "olho do corvo",
    "red_277353"
  ],
  "log": "|j|\u2606olho do corvo\n|j|\u2606red_277353\n|t:|1776085317\n|gametype|doubles\n|player|p1|olho do corvo|1|1166\n|player|p2|red_277353|101|1144\n|gen|9\n|tier|[Gen 9 Champions] VGC 2026 Reg M-A\n|rated|\n|rule|Species Clause: Limit one of each Pok\u00e9mon\n|rule|Item Clause: Limit 1 of each item\n|clearpoke\n|poke|p1|Greninja-*, L50, M|\n|poke|p1|Ninetales-Alola, L50, M|\n|poke|p1|Sneasler, L50, M|\n|poke|p1|Farigiraf, L50, M|\n|poke|p1|Kingambit, L50, F|\n|poke|p1|Arcanine-Hisui, L50, F|\n|poke|p2|Lopunny, L50, M|\n|poke|p2|Excadrill, L50, F|\n|poke|p2|Altaria, L50, M|\n|poke|p2|Delphox, L50, M|\n|poke|p2|Incineroar, L50, F|\n|poke|p2|Milotic, L50, M|\n|teampreview|4\n|j| flaemm\n|\n|t:|1776085360\n|teamsize|p1|4\n|teamsize|p2|4\n|start\n|switch|p1a: Ninetales|Ninetales-Alola, L50, M, shiny|100/100\n|switch|p1b: Sneasler|Sneasler, L50, M|100/100\n|switch|p2a: Milotic|Milotic, L50, M|100/100\n|switch|p2b: Excadrill|Excadrill, L50, F|100/100\n|-ability|p2b: Excadrill|Mold Breaker\n|-weather|Snowscape|[from] ability: Snow Warning|[of] p1a: Ninetales\n|turn|1\n|\n|t:|1776085375\n|switch|p2a: Altaria|Altaria, L50, M|100/100\n|-ability|p2a: Altaria|Cloud Nine\n|move|p1b: Sneasler|Fake Out|p2b: Excadrill\n|-resisted|p2b: Excadrill|1\n|-damage|p2b: Excadrill|89/100\n|cant|p2b: Excadrill|flinch\n|move|p1a: Ninetales|Nasty Plot|p1a: Ninetales\n|-boost|p1a: Ninetales|spa|2\n|\n|-weather|Snowscape|[upkeep]\n|upkeep\n|turn|2\n|\n|t:|1776085401\n|move|p2a: Altaria|Helping Hand|p2b: Excadrill\n|-singleturn|p2b: Excadrill|Helping Hand|[of] p2a: Altaria\n|move|p2b: Excadrill|Earthquake|p1a: Ninetales|[spread] p1a,p1b\n|-immune|p2a: Altaria\n|-supereffective|p1b: Sneasler|1\n|-damage|p1a: Ninetales|14/100\n|-enditem|p1b: Sneasler|Focus Sash\n|-damage|p1b: Sneasler|1/100\n|move|p1b: Sneasler|Close Combat|p2b: Excadrill\n|-supereffective|p2b: Excadrill|1\n|-crit|p2b: Excadrill\n|-damage|p2b: Excadrill|0 fnt\n|-unboost|p1b: Sneasler|def|1\n|-unboost|p1b: Sneasler|spd|1\n|faint|p2b: Excadrill\n|move|p1a: Ninetales|Baton Pass|p1a: Ninetales\n|\n|t:|1776085417\n|switch|p1a: Greninja|Greninja, L50, M|100/100|[from] Baton Pass\n|\n|-weather|Snowscape|[upkeep]\n|upkeep\n|\n|t:|1776085448\n|switch|p2b: Milotic|Milotic, L50, M|100/100\n|turn|3\n|\n|t:|1776085477\n|detailschange|p1a: Greninja|Greninja-Mega, L50, M\n|-mega|p1a: Greninja|Greninja|Greninjite\n|move|p1b: Sneasler|Dire Claw|p2a: Altaria\n|-damage|p2a: Altaria|54/100\n|move|p1a: Greninja|Hydro Pump|p2a: Altaria\n|-start|p1a: Greninja|typechange|Water|[from] ability: Protean\n|-resisted|p2a: Altaria|1\n|-damage|p2a: Altaria|16/100\n|move|p2b: Milotic|Muddy Water|p1a: Greninja|[spread] p1a,p1b\n|-resisted|p1a: Greninja|1\n|-damage|p1a: Greninja|78/100\n|-damage|p1b: Sneasler|0 fnt\n|faint|p1b: Sneasler\n|move|p2a: Altaria|Tailwind|p2a: Altaria\n|-sidestart|p2: red_277353|move: Tailwind\n|\n|-weather|Snowscape|[upkeep]\n|upkeep\n|\n|t:|1776085498\n|switch|p1b: Kingambit|Kingambit, L50, F|100/100\n|turn|4\n|\n|t:|1776085520\n|move|p1b: Kingambit|Sucker Punch||[still]\n|-fail|p1b: Kingambit\n|move|p1a: Greninja|Dark Pulse|p2b: Milotic\n|-damage|p2b: Milotic|59/100\n|move|p2b: Milotic|Scald|p1a: Greninja\n|-resisted|p1a: Greninja|1\n|-damage|p1a: Greninja|50/100\n|-status|p1a: Greninja|brn\n|move|p2a: Altaria|Will-O-Wisp|p1b: Kingambit\n|-status|p1b: Kingambit|brn\n|\n|-weather|Snowscape|[upkeep]\n|-heal|p2b: Milotic|65/100|[from] item: Leftovers\n|-damage|p1a: Greninja|44/100 brn|[from] brn\n|-damage|p1b: Kingambit|95/100 brn|[from] brn\n|upkeep\n|turn|5\n|\n|t:|1776085548\n|move|p2a: Altaria|Helping Hand|p2b: Milotic\n|-singleturn|p2b: Milotic|Helping Hand|[of] p2a: Altaria\n|move|p1b: Kingambit|Sucker Punch|p2b: Milotic\n|-damage|p2b: Milotic|40/100\n|move|p1a: Greninja|Dark Pulse|p2b: Milotic\n|-damage|p2b: Milotic|0 fnt\n|faint|p2b: Milotic\n|\n|-weather|none\n|-damage|p1a: Greninja|38/100 brn|[from] brn\n|-damage|p1b: Kingambit|89/100 brn|[from] brn\n|upkeep\n|\n|t:|1776085559\n|switch|p2b: Delphox|Delphox, L50, M|100/100\n|turn|6\n|inactive|Battle timer is ON: inactive players will automatically lose when time's up. (requested by olho do corvo)\n|\n|t:|1776085580\n|detailschange|p2b: Delphox|Delphox-Mega, L50, M\n|-mega|p2b: Delphox|Delphox|Delphoxite\n|move|p2a: Altaria|Helping Hand|p2b: Delphox\n|-singleturn|p2b: Delphox|Helping Hand|[of] p2a: Altaria\n|move|p1b: Kingambit|Sucker Punch|p2b: Delphox\n|-supereffective|p2b: Delphox|1\n|-damage|p2b: Delphox|18/100\n|move|p2b: Delphox|Heat Wave|p1b: Kingambit|[spread] p1a,p1b\n|-resisted|p1a: Greninja|1\n|-supereffective|p1b: Kingambit|1\n|-damage|p1a: Greninja|0 fnt\n|-damage|p1b: Kingambit|0 fnt\n|faint|p1a: Greninja\n|faint|p1b: Kingambit\n|\n|-sideend|p2: red_277353|move: Tailwind\n|upkeep\n|\n|t:|1776085596\n|switch|p1a: Ninetales|Ninetales-Alola, L50, M, shiny|14/100\n|-weather|Snowscape|[from] ability: Snow Warning|[of] p1a: Ninetales\n|turn|7\n|\n|t:|1776085617\n|move|p2b: Delphox|Psychic|p1a: Ninetales\n|-damage|p1a: Ninetales|0 fnt\n|faint|p1a: Ninetales\n|\n|win|red_277353\n|raw|olho do corvo's rating: 1166 &rarr; <strong>1139</strong><br />(-27 for losing)\n|raw|red_277353's rating: 1144 &rarr; <strong>1171</strong><br />(+27 for winning)\n|l|\u2606olho do corvo\n|player|p1|\n|l| flaemm\n",
  "uploadtime": 1776085711,
  "views": 17,
  "formatid": "gen9championsvgc2026regma",
  "rating": 1139,
  "private": 0,
  "password": null
}