{
  "id": "gen9championsvgc2026regma-2584633896",
  "format": "[Gen 9 Champions] VGC 2026 Reg M-A",
  "players": [
    "KogaAF1219",
    "SleepyBadBoy"
  ],
  "log": "|j|\u2606KogaAF1219\n|j|\u2606SleepyBadBoy\n|t:|1776273440\n|gametype|doubles\n|player|p1|KogaAF1219|koga|1256\n|player|p2|SleepyBadBoy|102|1262\n|gen|9\n|tier|[Gen 9 Champions] VGC 2026 Reg M-A\n|rated|\n|rule|Species Clause: Limit one of each Pok\u00e9mon\n|rule|Item Clause: Limit 1 of each item\n|clearpoke\n|poke|p1|Torkoal, L50, M|\n|poke|p1|Venusaur, L50, M|\n|poke|p1|Incineroar, L50, M|\n|poke|p1|Farigiraf, L50, M|\n|poke|p1|Rotom-Fan, L50|\n|poke|p1|Excadrill, L50, F|\n|poke|p2|Gengar, L50, M|\n|poke|p2|Incineroar, L50, F|\n|poke|p2|Kommo-o, L50, F|\n|poke|p2|Sinistcha, L50|\n|poke|p2|Kingambit, L50, F|\n|poke|p2|Tyranitar, L50, F|\n|teampreview|4\n|inactive|Battle timer is ON: inactive players will automatically lose when time's up. (requested by SleepyBadBoy)\n|inactive|KogaAF1219 has 60 seconds left.\n|inactive|SleepyBadBoy has 60 seconds left.\nKogaAF1219 has agreed to open team sheets.\n|inactive|SleepyBadBoy has 30 seconds left.\n|\n|t:|1776273509\n|teamsize|p1|4\n|teamsize|p2|4\n|start\n|switch|p1a: Rotom|Rotom-Fan, L50|100/100\n|switch|p1b: Incineroar|Incineroar, L50, M|100/100\n|switch|p2a: Gengar|Gengar, L50, M|100/100\n|switch|p2b: Kommo-o|Kommo-o, L50, F|100/100\n|-ability|p1b: Incineroar|Intimidate|boost\n|-unboost|p2a: Gengar|atk|1\n|-unboost|p2b: Kommo-o|atk|1\n|turn|1\n|\n|t:|1776273522\n|switch|p2a: Incineroar|Incineroar, L50, F|100/100\n|-ability|p2a: Incineroar|Intimidate|boost\n|-unboost|p1a: Rotom|atk|1\n|-unboost|p1b: Incineroar|atk|1\n|move|p2b: Kommo-o|Protect|p2b: Kommo-o\n|-singleturn|p2b: Kommo-o|Protect\n|move|p1a: Rotom|Air Slash|p2b: Kommo-o\n|-activate|p2b: Kommo-o|move: Protect\n|move|p1b: Incineroar|Flare Blitz|p2a: Incineroar\n|-resisted|p2a: Incineroar|1\n|-damage|p2a: Incineroar|85/100\n|-damage|p1b: Incineroar|96/100|[from] Recoil\n|\n|upkeep\n|turn|2\n|\n|t:|1776273537\n|switch|p1b: Farigiraf|Farigiraf, L50, M|100/100\n|move|p2a: Incineroar|Fake Out||[still]\n|cant|p1b: Farigiraf|ability: Armor Tail|Fake Out|[of] p2a: Incineroar\n|move|p1a: Rotom|Air Slash|p2b: Kommo-o\n|-supereffective|p2b: Kommo-o|1\n|-damage|p2b: Kommo-o|37/100\n|cant|p2b: Kommo-o|flinch\n|\n|-heal|p2b: Kommo-o|43/100|[from] item: Leftovers\n|upkeep\n|turn|3\n|inactive|SleepyBadBoy has 30 seconds left.\n|\n|t:|1776273564\n|switch|p1a: Incineroar|Incineroar, L50, M|96/100\n|-ability|p1a: Incineroar|Intimidate|boost\n|-unboost|p2a: Incineroar|atk|1\n|-unboost|p2b: Kommo-o|atk|1\n|switch|p2b: Tyranitar|Tyranitar, L50, F|100/100\n|-weather|Sandstorm|[from] ability: Sand Stream|[of] p2b: Tyranitar\n|move|p2a: Incineroar|Parting Shot|p1b: Farigiraf\n|-unboost|p1b: Farigiraf|atk|1\n|-unboost|p1b: Farigiraf|spa|1\n|\n|t:|1776273576\n|switch|p2a: Gengar|Gengar, L50, M|100/100|[from] Parting Shot\n|move|p1b: Farigiraf|Dazzling Gleam|p2a: Gengar|[spread] p2a,p2b\n|-resisted|p2a: Gengar|1\n|-supereffective|p2b: Tyranitar|1\n|-damage|p2a: Gengar|92/100\n|-damage|p2b: Tyranitar|85/100\n|-start|p1b: Farigiraf|Disable|Dazzling Gleam|[from] ability: Cursed Body|[of] p2a: Gengar\n|\n|-weather|Sandstorm|[upkeep]\n|-damage|p2a: Gengar|86/100|[from] Sandstorm\n|-damage|p1a: Incineroar|90/100|[from] Sandstorm\n|-damage|p1b: Farigiraf|94/100|[from] Sandstorm\n|upkeep\n|turn|4\n|\n|t:|1776273594\n|detailschange|p2a: Gengar|Gengar-Mega, L50, M\n|-mega|p2a: Gengar|Gengar|Gengarite\n|move|p1b: Farigiraf|Helping Hand|p1a: Incineroar\n|-singleturn|p1a: Incineroar|Helping Hand|[of] p1b: Farigiraf\n|move|p2a: Gengar|Protect|p2a: Gengar\n|-singleturn|p2a: Gengar|Protect\n|move|p2b: Tyranitar|Low Kick|p1a: Incineroar\n|-supereffective|p1a: Incineroar|1\n|-damage|p1a: Incineroar|33/100\n|move|p1a: Incineroar|Close Combat|p2b: Tyranitar\n|-supereffective|p2b: Tyranitar|2\n|-damage|p2b: Tyranitar|0 fnt\n|-unboost|p1a: Incineroar|def|1\n|-unboost|p1a: Incineroar|spd|1\n|faint|p2b: Tyranitar\n|\n|-weather|Sandstorm|[upkeep]\n|-damage|p2a: Gengar|80/100|[from] Sandstorm\n|-damage|p1a: Incineroar|27/100|[from] Sandstorm\n|-damage|p1b: Farigiraf|88/100|[from] Sandstorm\n|upkeep\n|\n|t:|1776273612\n|switch|p2b: Kommo-o|Kommo-o, L50, F|43/100\n|turn|5\n|\n|t:|1776273628\n|move|p2b: Kommo-o|Protect|p2b: Kommo-o\n|-singleturn|p2b: Kommo-o|Protect\n|move|p2a: Gengar|Shadow Ball|p1a: Incineroar\n|-resisted|p1a: Incineroar|1\n|-damage|p1a: Incineroar|0 fnt\n|faint|p1a: Incineroar\n|move|p1b: Farigiraf|Trick Room|p1b: Farigiraf\n|-fieldstart|move: Trick Room|[of] p1b: Farigiraf\n|\n|-weather|Sandstorm|[upkeep]\n|-damage|p1b: Farigiraf|82/100|[from] Sandstorm\n|-damage|p2b: Kommo-o|37/100|[from] Sandstorm\n|-damage|p2a: Gengar|74/100|[from] Sandstorm\n|-heal|p2b: Kommo-o|43/100|[from] item: Leftovers\n|upkeep\n|\n|t:|1776273634\n|switch|p1a: Torkoal|Torkoal, L50, M|100/100\n|-weather|SunnyDay|[from] ability: Drought|[of] p1a: Torkoal\n|turn|6\n|\n|t:|1776273645\n|switch|p2a: Incineroar|Incineroar, L50, F|85/100\n|-ability|p2a: Incineroar|Intimidate|boost\n|-unboost|p1a: Torkoal|atk|1\n|-unboost|p1b: Farigiraf|atk|1\n|move|p1b: Farigiraf|Helping Hand|p1a: Torkoal\n|-singleturn|p1a: Torkoal|Helping Hand|[of] p1b: Farigiraf\n|move|p1a: Torkoal|Eruption|p2a: Incineroar|[spread] p2a,p2b\n|-resisted|p2a: Incineroar|1\n|-resisted|p2b: Kommo-o|1\n|-damage|p2a: Incineroar|26/100\n|-damage|p2b: Kommo-o|0 fnt\n|faint|p2b: Kommo-o\n|\n|-weather|SunnyDay|[upkeep]\n|-end|p1b: Farigiraf|Disable\n|upkeep\n|-message|SleepyBadBoy forfeited.\n|\n|win|KogaAF1219\n|raw|KogaAF1219's rating: 1256 &rarr; <strong>1281</strong><br />(+25 for winning)\n|raw|SleepyBadBoy's rating: 1262 &rarr; <strong>1237</strong><br />(-25 for losing)\n|l|\u2606SleepyBadBoy\n|player|p2|\n",
  "uploadtime": 1776273660,
  "views": 40,
  "formatid": "gen9championsvgc2026regma",
  "rating": 1237,
  "private": 0,
  "password": null
}