{
  "id": "gen9championsvgc2026regma-2587787894",
  "format": "[Gen 9 Champions] VGC 2026 Reg M-A",
  "players": [
    "ADV169",
    "bobibobobo"
  ],
  "log": "|j|\u2606ADV169\n|j|\u2606bobibobobo\n|t:|1776564036\n|gametype|doubles\n|player|p1|ADV169|cynthia-gen4|1177\n|player|p2|bobibobobo|101|1114\n|gen|9\n|tier|[Gen 9 Champions] VGC 2026 Reg M-A\n|rated|\n|rule|Species Clause: Limit one of each Pok\u00e9mon\n|rule|Item Clause: Limit 1 of each item\n|clearpoke\n|poke|p1|Gardevoir, L50, M|\n|poke|p1|Farigiraf, L50, F|\n|poke|p1|Incineroar, L50, F|\n|poke|p1|Rotom-Wash, L50|\n|poke|p1|Archaludon, L50, F|\n|poke|p1|Sinistcha, L50|\n|poke|p2|Tyranitar, L50, M|\n|poke|p2|Excadrill, L50, F|\n|poke|p2|Incineroar, L50, F|\n|poke|p2|Sinistcha, L50|\n|poke|p2|Primarina, L50, M|\n|poke|p2|Sneasler, L50, F|\n|teampreview|4\n|inactive|Battle timer is ON: inactive players will automatically lose when time's up. (requested by ADV169)\n|\n|t:|1776564094\n|teamsize|p1|4\n|teamsize|p2|4\n|start\n|switch|p1a: Carcosa|Farigiraf, L50, F|100/100\n|switch|p1b: Poppy juice|Sinistcha, L50|100/100\n|switch|p2a: Sneasler|Sneasler, L50, F|100/100\n|switch|p2b: Primarina|Primarina, L50, M|100/100\n|turn|1\n|inactive|bobibobobo has 30 seconds left.\n|\n|t:|1776564119\n|move|p1a: Carcosa|Protect|p1a: Carcosa\n|-singleturn|p1a: Carcosa|Protect\n|move|p2a: Sneasler|Dire Claw|p1b: Poppy juice\n|-damage|p1b: Poppy juice|67/100\n|-status|p1b: Poppy juice|psn\n|move|p2b: Primarina|Hyper Voice|p1a: Carcosa|[spread] p1b\n|-activate|p1a: Carcosa|move: Protect\n|-resisted|p1b: Poppy juice|1\n|-damage|p1b: Poppy juice|52/100 psn\n|move|p1b: Poppy juice|Trick Room|p1b: Poppy juice\n|-fieldstart|move: Trick Room|[of] p1b: Poppy juice\n|\n|-damage|p1b: Poppy juice|39/100 psn|[from] psn\n|upkeep\n|turn|2\n|inactive|bobibobobo has 30 seconds left.\n|\n|t:|1776564149\n|move|p2b: Primarina|Protect|p2b: Primarina\n|-singleturn|p2b: Primarina|Protect\n|move|p1b: Poppy juice|Matcha Gotcha|p2b: Primarina|[spread] p2a\n|-activate|p2b: Primarina|move: Protect\n|-resisted|p2a: Sneasler|1\n|-damage|p2a: Sneasler|85/100\n|-heal|p1b: Poppy juice|46/100 psn|[from] drain|[of] p2a: Sneasler\n|move|p1a: Carcosa|Expanding Force|p2a: Sneasler\n|-supereffective|p2a: Sneasler|2\n|-damage|p2a: Sneasler|0 fnt\n|faint|p2a: Sneasler\n|\n|-damage|p1b: Poppy juice|34/100 psn|[from] psn\n|upkeep\n|\n|t:|1776564166\n|switch|p2a: Tyranitar|Tyranitar, L50, M|100/100\n|-weather|Sandstorm|[from] ability: Sand Stream|[of] p2a: Tyranitar\n|turn|3\n|\n|t:|1776564175\n|move|p2b: Primarina|Hyper Voice|p1b: Poppy juice|[spread] p1a,p1b\n|-resisted|p1b: Poppy juice|1\n|-damage|p1a: Carcosa|76/100\n|-damage|p1b: Poppy juice|18/100 psn\n|move|p2a: Tyranitar|Knock Off|p1a: Carcosa\n|-supereffective|p1a: Carcosa|1\n|-damage|p1a: Carcosa|0 fnt\n|-enditem|p1a: Carcosa|Sitrus Berry|[from] move: Knock Off|[of] p2a: Tyranitar\n|faint|p1a: Carcosa\n|move|p1b: Poppy juice|Matcha Gotcha|p2b: Primarina|[spread] p2a,p2b\n|-supereffective|p2a: Tyranitar|1\n|-supereffective|p2b: Primarina|1\n|-damage|p2a: Tyranitar|73/100\n|-heal|p1b: Poppy juice|34/100 psn|[from] drain|[of] p2a: Tyranitar\n|-damage|p2b: Primarina|68/100\n|-heal|p1b: Poppy juice|51/100 psn|[from] drain|[of] p2b: Primarina\n|-status|p2b: Primarina|brn\n|\n|-weather|Sandstorm|[upkeep]\n|-damage|p2b: Primarina|63/100 brn|[from] Sandstorm\n|-damage|p1b: Poppy juice|45/100 psn|[from] Sandstorm\n|-damage|p1b: Poppy juice|33/100 psn|[from] psn\n|-damage|p2b: Primarina|57/100 brn|[from] brn\n|upkeep\n|\n|t:|1776564182\n|switch|p1a: Current|Rotom-Wash, L50|100/100\n|turn|4\n|inactive|bobibobobo has 30 seconds left.\n|\n|t:|1776564209\n|switch|p2b: Excadrill|Excadrill, L50, F|100/100\n|move|p2a: Tyranitar|Protect|p2a: Tyranitar\n|-singleturn|p2a: Tyranitar|Protect\n|move|p1b: Poppy juice|Life Dew||[still]|[spread] p1a,p1b\n|-fail|p1a: Current|heal\n|-heal|p1b: Poppy juice|58/100 psn\n|move|p1a: Current|Hydro Pump|p2a: Tyranitar\n|-activate|p2a: Tyranitar|move: Protect\n|\n|-weather|Sandstorm|[upkeep]\n|-damage|p1b: Poppy juice|52/100 psn|[from] Sandstorm\n|-damage|p1a: Current|95/100|[from] Sandstorm\n|-damage|p1b: Poppy juice|39/100 psn|[from] psn\n|upkeep\n|turn|5\n|inactive|bobibobobo has 30 seconds left.\n|\n|t:|1776564242\n|move|p1b: Poppy juice|Matcha Gotcha|p2a: Tyranitar|[spread] p2a,p2b\n|-supereffective|p2a: Tyranitar|1\n|-damage|p2a: Tyranitar|47/100\n|-heal|p1b: Poppy juice|54/100 psn|[from] drain|[of] p2a: Tyranitar\n|-damage|p2b: Excadrill|65/100\n|-heal|p1b: Poppy juice|74/100 psn|[from] drain|[of] p2b: Excadrill\n|move|p2a: Tyranitar|Rock Slide|p1a: Current|[spread] p1a,p1b\n|-crit|p1a: Current\n|-damage|p1a: Current|50/100\n|-damage|p1b: Poppy juice|51/100 psn\n|cant|p1a: Current|flinch\n|move|p2b: Excadrill|Rock Slide|p1b: Poppy juice|[spread] p1a,p1b\n|-crit|p1b: Poppy juice\n|-damage|p1a: Current|30/100\n|-damage|p1b: Poppy juice|27/100 psn\n|\n|-weather|Sandstorm|[upkeep]\n|-damage|p1b: Poppy juice|21/100 psn|[from] Sandstorm\n|-damage|p1a: Current|24/100|[from] Sandstorm\n|-damage|p1b: Poppy juice|8/100 psn|[from] psn\n|-fieldend|move: Trick Room\n|upkeep\n|turn|6\n|inactive|ADV169 has 30 seconds left.\n|inactive|bobibobobo has 30 seconds left.\n|\n|t:|1776564272\n|move|p2b: Excadrill|Protect|p2b: Excadrill\n|-singleturn|p2b: Excadrill|Protect\n|move|p2a: Tyranitar|Protect|p2a: Tyranitar\n|-singleturn|p2a: Tyranitar|Protect\n|move|p1a: Current|Hydro Pump|p2b: Excadrill\n|-activate|p2b: Excadrill|move: Protect\n|move|p1b: Poppy juice|Matcha Gotcha|p2a: Tyranitar|[spread] \n|-activate|p2a: Tyranitar|move: Protect\n|-activate|p2b: Excadrill|move: Protect\n|\n|-weather|Sandstorm|[upkeep]\n|-damage|p1a: Current|18/100|[from] Sandstorm\n|-damage|p1b: Poppy juice|2/100 psn|[from] Sandstorm\n|-damage|p1b: Poppy juice|0 fnt|[from] psn\n|faint|p1b: Poppy juice\n|upkeep\n|\n|t:|1776564274\n|switch|p1b: Babylon|Archaludon, L50, F|100/100\n|turn|7\n|inactive|bobibobobo has 30 seconds left.\n|\n|t:|1776564304\n|switch|p2b: Primarina|Primarina, L50, M|57/100 brn\n|move|p1a: Current|Helping Hand|p1b: Babylon\n|-singleturn|p1b: Babylon|Helping Hand|[of] p1a: Current\n|move|p1b: Babylon|Aura Sphere|p2b: Primarina\n|-resisted|p2b: Primarina|1\n|-damage|p2b: Primarina|46/100 brn\n|-enditem|p2b: Primarina|Sitrus Berry|[eat]\n|-heal|p2b: Primarina|71/100 brn|[from] item: Sitrus Berry\n|move|p2a: Tyranitar|Low Kick|p1b: Babylon\n|-supereffective|p1b: Babylon|1\n|-damage|p1b: Babylon|58/100\n|-ability|p1b: Babylon|Stamina|boost\n|-boost|p1b: Babylon|def|1\n|\n|-weather|none\n|-heal|p1b: Babylon|64/100|[from] item: Leftovers\n|-damage|p2b: Primarina|65/100 brn|[from] brn\n|upkeep\n|turn|8\n|inactive|bobibobobo has 30 seconds left.\n|\n|t:|1776564330\n|detailschange|p2a: Tyranitar|Tyranitar-Mega, L50, M\n|-mega|p2a: Tyranitar|Tyranitar|Tyranitarite\n|-weather|Sandstorm|[from] ability: Sand Stream|[of] p2a: Tyranitar\n|move|p1a: Current|Protect|p1a: Current\n|-singleturn|p1a: Current|Protect\n|move|p1b: Babylon|Protect|p1b: Babylon\n|-singleturn|p1b: Babylon|Protect\n|move|p2a: Tyranitar|Low Kick|p1b: Babylon\n|-activate|p1b: Babylon|move: Protect\n|move|p2b: Primarina|Haze|p2b: Primarina\n|-clearallboost\n|\n|-weather|Sandstorm|[upkeep]\n|-damage|p1a: Current|13/100|[from] Sandstorm\n|-damage|p2b: Primarina|59/100 brn|[from] Sandstorm\n|-heal|p1b: Babylon|70/100|[from] item: Leftovers\n|-damage|p2b: Primarina|53/100 brn|[from] brn\n|upkeep\n|turn|9\n|inactive|bobibobobo has 30 seconds left.\n|\n|t:|1776564358\n|move|p1a: Current|Hydro Pump|p2a: Tyranitar\n|-supereffective|p2a: Tyranitar|1\n|-damage|p2a: Tyranitar|0 fnt\n|faint|p2a: Tyranitar\n|move|p1b: Babylon|Aura Sphere|p2b: Primarina\n|-resisted|p2b: Primarina|1\n|-damage|p2b: Primarina|46/100 brn\n|move|p2b: Primarina|Hyper Voice|p1a: Current|[spread] p1a,p1b\n|-resisted|p1a: Current|1\n|-resisted|p1b: Babylon|1\n|-damage|p1a: Current|0 fnt\n|-damage|p1b: Babylon|58/100\n|-ability|p1b: Babylon|Stamina|boost\n|-boost|p1b: Babylon|def|1\n|faint|p1a: Current\n|\n|-weather|Sandstorm|[upkeep]\n|-damage|p2b: Primarina|40/100 brn|[from] Sandstorm\n|-heal|p1b: Babylon|64/100|[from] item: Leftovers\n|-damage|p2b: Primarina|34/100 brn|[from] brn\n|upkeep\n|\n|t:|1776564369\n|switch|p2a: Excadrill|Excadrill, L50, F|65/100\n|turn|10\n|\n|t:|1776564380\n|move|p2a: Excadrill|High Horsepower|p1b: Babylon\n|-supereffective|p1b: Babylon|1\n|-damage|p1b: Babylon|15/100\n|-ability|p1b: Babylon|Stamina|boost\n|-boost|p1b: Babylon|def|1\n|move|p1b: Babylon|Aura Sphere|p2a: Excadrill\n|-supereffective|p2a: Excadrill|1\n|-damage|p2a: Excadrill|0 fnt\n|faint|p2a: Excadrill\n|move|p2b: Primarina|Haze|p2b: Primarina\n|-clearallboost\n|\n|-weather|Sandstorm|[upkeep]\n|-damage|p2b: Primarina|28/100 brn|[from] Sandstorm\n|-heal|p1b: Babylon|21/100|[from] item: Leftovers\n|-damage|p2b: Primarina|22/100 brn|[from] brn\n|upkeep\n|turn|11\n|\n|t:|1776564390\n|move|p1b: Babylon|Protect|p1b: Babylon\n|-singleturn|p1b: Babylon|Protect\n|move|p2b: Primarina|Hyper Voice|p1b: Babylon\n|-activate|p1b: Babylon|move: Protect\n|\n|-weather|Sandstorm|[upkeep]\n|-damage|p2b: Primarina|17/100 brn|[from] Sandstorm\n|-heal|p1b: Babylon|27/100|[from] item: Leftovers\n|-damage|p2b: Primarina|11/100 brn|[from] brn\n|upkeep\n|turn|12\n|\n|t:|1776564400\n|move|p1b: Babylon|Flash Cannon|p2b: Primarina\n|-damage|p2b: Primarina|0 fnt\n|faint|p2b: Primarina\n|\n|win|ADV169\n|raw|ADV169's rating: 1177 &rarr; <strong>1198</strong><br />(+21 for winning)\n|raw|bobibobobo's rating: 1114 &rarr; <strong>1093</strong><br />(-21 for losing)\n|c|\u2606ADV169|Gg\n|l|\u2606bobibobobo\n|player|p2|\n|l|\u2606ADV169\n|player|p1|\n|j|\u2606ADV169\n|player|p1|ADV169|cynthia-gen4|\n",
  "uploadtime": 1776564408,
  "views": 14,
  "formatid": "gen9championsvgc2026regma",
  "rating": 1093,
  "private": 0,
  "password": null
}