{
  "id": "gen9championsvgc2026regma-2582459337",
  "format": "[Gen 9 Champions] VGC 2026 Reg M-A",
  "players": [
    "Angelhuberpokr",
    "colfox"
  ],
  "log": "|j|\u2606Angelhuberpokr\n|j|\u2606colfox\n|t:|1776093068\n|gametype|doubles\n|player|p1|Angelhuberpokr|hilbert|1124\n|player|p2|colfox|265|1191\n|gen|9\n|tier|[Gen 9 Champions] VGC 2026 Reg M-A\n|rated|\n|rule|Species Clause: Limit one of each Pok\u00e9mon\n|rule|Item Clause: Limit 1 of each item\n|clearpoke\n|poke|p1|Lucario, L50, F|\n|poke|p1|Whimsicott, L50, M|\n|poke|p1|Garchomp, L50, F|\n|poke|p1|Sneasler, L50, F|\n|poke|p1|Hydreigon, L50, M|\n|poke|p1|Milotic, L50, F|\n|poke|p2|Ninetales, L50, F|\n|poke|p2|Dragonite, L50, F|\n|poke|p2|Sylveon, L50, F|\n|poke|p2|Milotic, L50, F|\n|poke|p2|Delphox, L50, M|\n|poke|p2|Garchomp, L50, M|\n|teampreview|4\n|j| fatherferguson\n|\n|t:|1776093113\n|teamsize|p1|4\n|teamsize|p2|4\n|start\n|switch|p1a: Whimsicott|Whimsicott, L50, M|100/100\n|switch|p1b: Sneasler|Sneasler, L50, F|100/100\n|switch|p2a: Delphox|Delphox, L50, M|100/100\n|switch|p2b: Garchomp|Garchomp, L50, M|100/100\n|turn|1\n|\n|t:|1776093144\n|detailschange|p2a: Delphox|Delphox-Mega, L50, M\n|-mega|p2a: Delphox|Delphox|Delphoxite\n|move|p1b: Sneasler|Fake Out|p2a: Delphox\n|-damage|p2a: Delphox|78/100\n|cant|p2a: Delphox|flinch\n|move|p2b: Garchomp|Earthquake|p1b: Sneasler|[spread] p1a,p1b\n|-immune|p2a: Delphox|[from] ability: Levitate\n|-resisted|p1a: Whimsicott|1\n|-supereffective|p1b: Sneasler|1\n|-damage|p1a: Whimsicott|70/100\n|-damage|p1b: Sneasler|0 fnt\n|faint|p1b: Sneasler\n|move|p1a: Whimsicott|Moonblast|p2b: Garchomp\n|-supereffective|p2b: Garchomp|1\n|-damage|p2b: Garchomp|35/100\n|-unboost|p2b: Garchomp|spa|1\n|\n|upkeep\n|\n|t:|1776093156\n|switch|p1b: Garchomp|Garchomp, L50, F|100/100\n|turn|2\n|\n|t:|1776093172\n|switch|p2b: Sylveon|Sylveon, L50, F|100/100\n|move|p1a: Whimsicott|Tailwind|p1a: Whimsicott\n|-sidestart|p1: Angelhuberpokr|move: Tailwind\n|move|p1b: Garchomp|Rock Slide|p2b: Sylveon|[spread] p2a,p2b\n|-supereffective|p2a: Delphox|1\n|-crit|p2a: Delphox\n|-damage|p2a: Delphox|0 fnt\n|-damage|p2b: Sylveon|74/100\n|faint|p2a: Delphox\n|\n|upkeep\n|\n|t:|1776093185\n|switch|p2a: Dragonite|Dragonite, L50, F|100/100\n|turn|3\n|\n|t:|1776093193\n|move|p2a: Dragonite|Protect|p2a: Dragonite\n|-singleturn|p2a: Dragonite|Protect\n|move|p1a: Whimsicott|Moonblast|p2a: Dragonite\n|-activate|p2a: Dragonite|move: Protect\n|move|p1b: Garchomp|Dragon Claw|p2a: Dragonite\n|-activate|p2a: Dragonite|move: Protect\n|move|p2b: Sylveon|Hyper Voice|p1a: Whimsicott|[spread] p1a,p1b\n|-supereffective|p1b: Garchomp|1\n|-damage|p1a: Whimsicott|7/100\n|-damage|p1b: Garchomp|0 fnt\n|faint|p1b: Garchomp\n|\n|upkeep\n|\n|t:|1776093195\n|switch|p1b: Lucario|Lucario, L50, F|100/100\n|turn|4\n|\n|t:|1776093218\n|move|p2b: Sylveon|Protect|p2b: Sylveon\n|-singleturn|p2b: Sylveon|Protect\n|move|p1a: Whimsicott|Beat Up|p1b: Lucario\n|-resisted|p1b: Lucario|1\n|-damage|p1b: Lucario|99/100\n|-ability|p1b: Lucario|Justified|boost\n|-boost|p1b: Lucario|atk|1\n|-resisted|p1b: Lucario|1\n|-damage|p1b: Lucario|96/100\n|-ability|p1b: Lucario|Justified|boost\n|-boost|p1b: Lucario|atk|1\n|-hitcount|p1b: Lucario|2\n|move|p1b: Lucario|Rock Slide|p2a: Dragonite|[spread] p2a\n|-activate|p2b: Sylveon|move: Protect\n|-supereffective|p2a: Dragonite|1\n|-damage|p2a: Dragonite|24/100\n|move|p2a: Dragonite|Tailwind|p2a: Dragonite\n|-sidestart|p2: colfox|move: Tailwind\n|\n|upkeep\n|turn|5\n|\n|t:|1776093248\n|detailschange|p1b: Lucario|Lucario-Mega, L50, F\n|-mega|p1b: Lucario|Lucario|Lucarionite\n|move|p2a: Dragonite|Protect|p2a: Dragonite\n|-singleturn|p2a: Dragonite|Protect\n|move|p1b: Lucario|Rock Slide|p2a: Dragonite|[spread] \n|-activate|p2a: Dragonite|move: Protect\n|-miss|p1b: Lucario|p2b: Sylveon\n|move|p1a: Whimsicott|Moonblast|p2b: Sylveon\n|-damage|p2b: Sylveon|52/100\n|move|p2b: Sylveon|Mystical Fire|p1b: Lucario\n|-supereffective|p1b: Lucario|1\n|-damage|p1b: Lucario|9/100\n|-unboost|p1b: Lucario|spa|1\n|\n|-sideend|p1: Angelhuberpokr|move: Tailwind\n|upkeep\n|turn|6\n|\n|t:|1776093274\n|move|p1a: Whimsicott|Tailwind|p1a: Whimsicott\n|-sidestart|p1: Angelhuberpokr|move: Tailwind\n|move|p1b: Lucario|Rock Slide|p2a: Dragonite|[spread] p2a,p2b\n|-supereffective|p2a: Dragonite|1\n|-damage|p2a: Dragonite|0 fnt\n|-damage|p2b: Sylveon|4/100\n|faint|p2a: Dragonite\n|move|p2b: Sylveon|Hyper Voice|p1a: Whimsicott|[spread] p1a,p1b\n|-damage|p1a: Whimsicott|0 fnt\n|-damage|p1b: Lucario|0 fnt\n|faint|p1a: Whimsicott\n|faint|p1b: Lucario\n|\n|win|colfox\n|raw|Angelhuberpokr's rating: 1124 &rarr; <strong>1104</strong><br />(-20 for losing)\n|raw|colfox's rating: 1191 &rarr; <strong>1211</strong><br />(+20 for winning)\n|l|\u2606Angelhuberpokr\n|player|p1|\n",
  "uploadtime": 1776093302,
  "views": 24,
  "formatid": "gen9championsvgc2026regma",
  "rating": 1104,
  "private": 0,
  "password": null
}