{
  "id": "gen9championsvgc2026regma-2585067782",
  "format": "[Gen 9 Champions] VGC 2026 Reg M-A",
  "players": [
    "lalo's pollos",
    "ihatethenaming"
  ],
  "log": "|j|\u2606lalo's pollos\n|j|\u2606ihatethenaming\n|t:|1776308453\n|gametype|doubles\n|player|p1|lalo's pollos|2|1294\n|player|p2|ihatethenaming|266|1268\n|gen|9\n|tier|[Gen 9 Champions] VGC 2026 Reg M-A\n|rated|\n|rule|Species Clause: Limit one of each Pok\u00e9mon\n|rule|Item Clause: Limit 1 of each item\n|clearpoke\n|poke|p1|Charizard, L50, M|\n|poke|p1|Whimsicott, L50, M|\n|poke|p1|Garchomp, L50, M|\n|poke|p1|Sneasler, L50, F|\n|poke|p1|Rotom-Wash, L50|\n|poke|p1|Lucario, L50, F|\n|poke|p2|Crabominable, L50, F|\n|poke|p2|Pelipper, L50, F|\n|poke|p2|Blastoise, L50, M|\n|poke|p2|Araquanid, L50, F|\n|poke|p2|Farigiraf, L50, M|\n|poke|p2|Kingambit, L50, M|\n|teampreview|4\n|inactive|Battle timer is ON: inactive players will automatically lose when time's up. (requested by ihatethenaming)\n|\n|t:|1776308473\n|teamsize|p1|4\n|teamsize|p2|4\n|start\n|switch|p1a: Charizard|Charizard, L50, M|100/100\n|switch|p1b: Garchomp|Garchomp, L50, M|100/100\n|switch|p2a: Farigiraf|Farigiraf, L50, M|100/100\n|switch|p2b: Araquanid|Araquanid, L50, F|100/100\n|turn|1\n|\n|t:|1776308491\n|detailschange|p1a: Charizard|Charizard-Mega-Y, L50, M\n|-mega|p1a: Charizard|Charizard|Charizardite Y\n|-weather|SunnyDay|[from] ability: Drought|[of] p1a: Charizard\n|move|p1b: Garchomp|Dragon Claw|p2a: Farigiraf\n|-damage|p2a: Farigiraf|66/100\n|move|p1a: Charizard|Weather Ball|p2a: Farigiraf\n|-damage|p2a: Farigiraf|0 fnt\n|faint|p2a: Farigiraf\n|move|p2b: Araquanid|Mirror Coat||[still]\n|-fail|p2b: Araquanid\n|\n|-weather|SunnyDay|[upkeep]\n|upkeep\n|\n|t:|1776308504\n|switch|p2a: Pelipper|Pelipper, L50, F|100/100\n|-weather|RainDance|[from] ability: Drizzle|[of] p2a: Pelipper\n|turn|2\n|\n|t:|1776308526\n|switch|p1a: Whimsicott|Whimsicott, L50, M|100/100\n|move|p1b: Garchomp|Rock Slide|p2b: Araquanid|[spread] p2a,p2b\n|-supereffective|p2a: Pelipper|1\n|-supereffective|p2b: Araquanid|1\n|-damage|p2a: Pelipper|60/100\n|-damage|p2b: Araquanid|60/100\n|move|p2a: Pelipper|Hurricane|p1a: Whimsicott\n|-supereffective|p1a: Whimsicott|1\n|-enditem|p1a: Whimsicott|Focus Sash\n|-damage|p1a: Whimsicott|1/100\n|cant|p2b: Araquanid|flinch\n|\n|-weather|RainDance|[upkeep]\n|upkeep\n|turn|3\n|inactive|lalo's pollos has 30 seconds left.\n|\n|t:|1776308551\n|move|p1a: Whimsicott|Moonblast|p2a: Pelipper\n|-damage|p2a: Pelipper|15/100\n|-unboost|p2a: Pelipper|spa|1\n|move|p1b: Garchomp|Dragon Claw|p2a: Pelipper\n|-damage|p2a: Pelipper|0 fnt\n|faint|p2a: Pelipper\n|move|p2b: Araquanid|Liquidation|p1b: Garchomp\n|-damage|p1b: Garchomp|0 fnt\n|-damage|p2b: Araquanid|48/100|[from] ability: Rough Skin|[of] p1b: Garchomp\n|faint|p1b: Garchomp\n|\n|-weather|RainDance|[upkeep]\n|upkeep\n|\n|t:|1776308565\n|switch|p1b: Charizard|Charizard-Mega-Y, L50, M|100/100\n|switch|p2a: Crabominable|Crabominable, L50, F|100/100\n|-weather|SunnyDay|[from] ability: Drought|[of] p1b: Charizard\n|turn|4\n|\n|t:|1776308574\n|detailschange|p2a: Crabominable|Crabominable-Mega, L50, F\n|-mega|p2a: Crabominable|Crabominable|Crabominite\n|move|p2a: Crabominable|Protect|p2a: Crabominable\n|-singleturn|p2a: Crabominable|Protect\n|move|p1a: Whimsicott|Moonblast|p2a: Crabominable\n|-activate|p2a: Crabominable|move: Protect\n|move|p1b: Charizard|Weather Ball|p2a: Crabominable\n|-activate|p2a: Crabominable|move: Protect\n|move|p2b: Araquanid|Liquidation|p1b: Charizard\n|-supereffective|p1b: Charizard|1\n|-damage|p1b: Charizard|0 fnt\n|faint|p1b: Charizard\n|\n|-weather|SunnyDay|[upkeep]\n|upkeep\n|\n|t:|1776308580\n|switch|p1b: Sneasler|Sneasler, L50, F|100/100\n|turn|5\n|\n|t:|1776308591\n|move|p1b: Sneasler|Fake Out|p2b: Araquanid\n|-damage|p2b: Araquanid|32/100\n|move|p1a: Whimsicott|Encore|p2a: Crabominable\n|-start|p2a: Crabominable|Encore\n|move|p2a: Crabominable|Protect|p2a: Crabominable\n|-singleturn|p2a: Crabominable|Protect\n|cant|p2b: Araquanid|flinch\n|\n|-weather|SunnyDay|[upkeep]\n|upkeep\n|turn|6\n|\n|t:|1776308605\n|move|p2a: Crabominable|Protect||[still]\n|-fail|p2a: Crabominable\n|move|p1a: Whimsicott|Moonblast|p2b: Araquanid\n|-damage|p2b: Araquanid|3/100\n|move|p1b: Sneasler|Dire Claw|p2b: Araquanid\n|-damage|p2b: Araquanid|0 fnt\n|faint|p2b: Araquanid\n|\n|-weather|SunnyDay|[upkeep]\n|upkeep\n|turn|7\n|-message|ihatethenaming forfeited.\n|\n|win|lalo's pollos\n|raw|lalo&apos;s pollos's rating: 1294 &rarr; <strong>1317</strong><br />(+23 for winning)\n|raw|ihatethenaming's rating: 1268 &rarr; <strong>1245</strong><br />(-23 for losing)\n|l|\u2606ihatethenaming\n|player|p2|\n",
  "uploadtime": 1776308775,
  "views": 26,
  "formatid": "gen9championsvgc2026regma",
  "rating": 1245,
  "private": 0,
  "password": null
}