{
  "id": "gen9championsvgc2026regma-2580958342",
  "format": "[Gen 9 Champions] VGC 2026 Reg M-A",
  "players": [
    "CastilloVGC",
    "PPYYY"
  ],
  "log": "|j|\u2606CastilloVGC\n|j|\u2606PPYYY\n|html|<table width=\"100%\"><tr><td align=\"left\">CastilloVGC</td><td align=\"right\">PPYYY</tr><tr><td align=\"left\"><i class=\"fa fa-circle\"></i> <i class=\"fa fa-circle-o\"></i> </td><td align=\"right\"><i class=\"fa fa-circle-o\"></i> <i class=\"fa fa-circle-o\"></i> </tr></table>\n|uhtml|bestof|<h2><strong>Game 2</strong> of <a href=\"/game-bestof3-gen9championsvgc2026regma-2580955271\">a best-of-3</a></h2>\n|t:|1775946694\n|gametype|doubles\n|player|p1|CastilloVGC|102|\n|player|p2|PPYYY|miku-water|\n|gen|9\n|tier|[Gen 9 Champions] VGC 2026 Reg M-A\n|rated|Tournament battle\n|rule|Species Clause: Limit one of each Pok\u00e9mon\n|rule|Item Clause: Limit 1 of each item\n|raw|<div class=\"infobox\"><details class=\"readmore\" open><summary><strong>2 custom rules:</strong></summary> Force Open Team Sheets, Best of = 3</details></div>\n|clearpoke\n|poke|p1|Aggron, L50, M|\n|poke|p1|Rotom-Heat, L50|\n|poke|p1|Sinistcha, L50|\n|poke|p1|Tyranitar, L50, F|\n|poke|p1|Gyarados, L50, F|\n|poke|p1|Sneasler, L50, F|\n|poke|p2|Gengar, L50, M|\n|poke|p2|Tinkaton, L50, F|\n|poke|p2|Incineroar, L50, M|\n|poke|p2|Whimsicott, L50, M|\n|poke|p2|Kommo-o, L50, M|\n|poke|p2|Rotom-Wash, L50|\n|teampreview|4\n|showteam|p1|Aggron||Aggronite|Sturdy|BodyPress,HeavySlam,IronDefense,Protect|||M|||50|]Rotom-Heat||ChoiceScarf|Levitate|Thunderbolt,Overheat,VoltSwitch,Electroweb||||||50|]Sinistcha||SitrusBerry|Hospitality|RagePowder,MatchaGotcha,StrengthSap,TrickRoom||||||50|]Tyranitar||FocusSash|SandStream|RockSlide,KnockOff,LowKick,Protect|||F|||50|]Gyarados||LumBerry|Intimidate|Waterfall,ThunderWave,HelpingHand,Taunt|||F|||50|]Sneasler||WhiteHerb|Unburden|DireClaw,CloseCombat,FakeOut,Protect|||F|||50|\n|showteam|p2|Gengar||Gengarite|CursedBody|SludgeBomb,ShadowBall,Taunt,Protect|||M|||50|]Tinkaton||ShucaBerry|OwnTempo|FakeOut,Feint,GigatonHammer,PlayRough|||F|||50|]Incineroar||PasshoBerry|Intimidate|FakeOut,FlareBlitz,ThroatChop,PartingShot|||M|||50|]Whimsicott||FocusSash|Prankster|Moonblast,Tailwind,FakeTears,Protect|||M|||50|]Kommo-o||DragonFang|Bulletproof|ClangingScales,ClangorousSoul,AuraSphere,Protect|||M|||50|]Rotom-Wash||SitrusBerry|Levitate|HydroPump,Thunderbolt,WillOWisp,Protect||||||50|\n|inactive|Battle timer is ON: inactive players will automatically lose when time's up. (requested by CastilloVGC)\n|\n|t:|1775946718\n|teamsize|p1|4\n|teamsize|p2|4\n|start\n|switch|p1a: Sneasler|Sneasler, L50, F|100/100\n|switch|p1b: Rotom|Rotom-Heat, L50|100/100\n|switch|p2a: Kommo-o|Kommo-o, L50, M|100/100\n|switch|p2b: Whimsicott|Whimsicott, L50, M|100/100\n|turn|1\n|inactive|PPYYY has 30 seconds left.\n|inactive|CastilloVGC has 30 seconds left.\n|\n|t:|1775946760\n|move|p2b: Whimsicott|Protect|p2b: Whimsicott\n|-singleturn|p2b: Whimsicott|Protect\n|move|p2a: Kommo-o|Protect|p2a: Kommo-o\n|-singleturn|p2a: Kommo-o|Protect\n|move|p1b: Rotom|Volt Switch|p2b: Whimsicott\n|-activate|p2b: Whimsicott|move: Protect\n|move|p1a: Sneasler|Close Combat|p2a: Kommo-o\n|-activate|p2a: Kommo-o|move: Protect\n|\n|upkeep\n|turn|2\n|inactive|PPYYY has 30 seconds left.\n|\n|t:|1775946786\n|move|p2b: Whimsicott|Tailwind|p2b: Whimsicott\n|-sidestart|p2: PPYYY|move: Tailwind\n|move|p1b: Rotom|Volt Switch|p2a: Kommo-o\n|-resisted|p2a: Kommo-o|1\n|-damage|p2a: Kommo-o|86/100\n|\n|t:|1775946790\n|switch|p1b: Tyranitar|Tyranitar, L50, F|100/100|[from] Volt Switch\n|-weather|Sandstorm|[from] ability: Sand Stream|[of] p1b: Tyranitar\n|move|p2a: Kommo-o|Clanging Scales|p1b: Tyranitar|[spread] p1a,p1b\n|-damage|p1a: Sneasler|41/100\n|-damage|p1b: Tyranitar|72/100\n|-unboost|p2a: Kommo-o|def|1\n|move|p1a: Sneasler|Dire Claw|p2b: Whimsicott\n|-supereffective|p2b: Whimsicott|2\n|-enditem|p2b: Whimsicott|Focus Sash\n|-damage|p2b: Whimsicott|1/100\n|\n|-weather|Sandstorm|[upkeep]\n|-damage|p2b: Whimsicott|0 fnt|[from] Sandstorm\n|-damage|p2a: Kommo-o|80/100|[from] Sandstorm\n|-damage|p1a: Sneasler|35/100|[from] Sandstorm\n|faint|p2b: Whimsicott\n|upkeep\n|\n|t:|1775946797\n|switch|p2b: Gengar|Gengar, L50, M|100/100\n|turn|3\n|\n|t:|1775946809\n|detailschange|p2b: Gengar|Gengar-Mega, L50, M\n|-mega|p2b: Gengar|Gengar|Gengarite\n|move|p2b: Gengar|Shadow Ball|p1a: Sneasler\n|-damage|p1a: Sneasler|0 fnt\n|faint|p1a: Sneasler\n|move|p2a: Kommo-o|Aura Sphere|p1b: Tyranitar\n|-supereffective|p1b: Tyranitar|2\n|-damage|p1b: Tyranitar|0 fnt\n|faint|p1b: Tyranitar\n|\n|-weather|Sandstorm|[upkeep]\n|-damage|p2b: Gengar|95/100|[from] Sandstorm\n|-damage|p2a: Kommo-o|74/100|[from] Sandstorm\n|upkeep\n|\n|t:|1775946811\n|switch|p1a: Aggron|Aggron, L50, M|100/100\n|switch|p1b: Rotom|Rotom-Heat, L50|100/100\n|turn|4\n|\n|t:|1775946819\n|detailschange|p1a: Aggron|Aggron-Mega, L50, M\n|-mega|p1a: Aggron|Aggron|Aggronite\n|move|p2b: Gengar|Sludge Bomb|p1b: Rotom\n|-damage|p1b: Rotom|22/100\n|-status|p1b: Rotom|psn\n|move|p1b: Rotom|Overheat|p2b: Gengar\n|-damage|p2b: Gengar|16/100\n|-unboost|p1b: Rotom|spa|2\n|move|p2a: Kommo-o|Clanging Scales|p1b: Rotom|[spread] p1a,p1b\n|-resisted|p1a: Aggron|1\n|-damage|p1a: Aggron|81/100\n|-damage|p1b: Rotom|0 fnt\n|faint|p1b: Rotom\n|-unboost|p2a: Kommo-o|def|1\n|move|p1a: Aggron|Body Press|p2a: Kommo-o\n|-damage|p2a: Kommo-o|13/100\n|\n|-weather|Sandstorm|[upkeep]\n|-damage|p2b: Gengar|10/100|[from] Sandstorm\n|-damage|p2a: Kommo-o|7/100|[from] Sandstorm\n|upkeep\n|turn|5\n|\n|t:|1775946833\n|move|p1a: Aggron|Protect|p1a: Aggron\n|-singleturn|p1a: Aggron|Protect\n|move|p2b: Gengar|Shadow Ball|p1a: Aggron\n|-activate|p1a: Aggron|move: Protect\n|move|p2a: Kommo-o|Aura Sphere|p1a: Aggron\n|-activate|p1a: Aggron|move: Protect\n|\n|-weather|Sandstorm|[upkeep]\n|-damage|p2b: Gengar|4/100|[from] Sandstorm\n|-damage|p2a: Kommo-o|1/100|[from] Sandstorm\n|-sideend|p2: PPYYY|move: Tailwind\n|upkeep\n|turn|6\n|\n|t:|1775946838\n|move|p1a: Aggron|Protect||[still]\n|-fail|p1a: Aggron\n|move|p2b: Gengar|Shadow Ball|p1a: Aggron\n|-damage|p1a: Aggron|39/100\n|move|p2a: Kommo-o|Aura Sphere|p1a: Aggron\n|-supereffective|p1a: Aggron|1\n|-damage|p1a: Aggron|0 fnt\n|faint|p1a: Aggron\n|\n|win|PPYYY\n|l|\u2606CastilloVGC\n|player|p1|\n||CastilloVGC is ready for game 3.\n",
  "uploadtime": 1775946842,
  "views": 11,
  "formatid": "gen9championsvgc2026regma",
  "rating": null,
  "private": 0,
  "password": null
}