{
  "id": "gen9championsvgc2026regma-2583693566",
  "format": "[Gen 9 Champions] VGC 2026 Reg M-A",
  "players": [
    "Valloo MLA",
    "cabrino"
  ],
  "log": "|j|\u2606Valloo MLA\n|j|\u2606cabrino\n|t:|1776191446\n|gametype|doubles\n|player|p1|Valloo MLA|102|1429\n|player|p2|cabrino|depotagent|1524\n|gen|9\n|tier|[Gen 9 Champions] VGC 2026 Reg M-A\n|rated|\n|rule|Species Clause: Limit one of each Pok\u00e9mon\n|rule|Item Clause: Limit 1 of each item\n|clearpoke\n|poke|p1|Floette-Eternal, L50, F|\n|poke|p1|Delphox, L50, F|\n|poke|p1|Sneasler, L50, F|\n|poke|p1|Garchomp, L50, F|\n|poke|p1|Whimsicott, L50, M|\n|poke|p1|Basculegion, L50, M|\n|poke|p2|Aerodactyl, L50, F|\n|poke|p2|Sneasler, L50, M|\n|poke|p2|Kingambit, L50, M|\n|poke|p2|Floette-Eternal, L50, F|\n|poke|p2|Sinistcha, L50|\n|poke|p2|Garchomp, L50, F|\n|teampreview|4\n|j| golett kombucha\n|\n|t:|1776191466\n|teamsize|p1|4\n|teamsize|p2|4\n|start\n|switch|p1a: Basculegion|Basculegion, L50, M|100/100\n|switch|p1b: Garchomp|Garchomp, L50, F|100/100\n|switch|p2a: AeroNarfi|Aerodactyl, L50, F, shiny|100/100\n|switch|p2b: Garchalipe|Garchomp, L50, F|100/100\n|-ability|p2a: AeroNarfi|Unnerve\n|turn|1\n|\n|t:|1776191479\n|switch|p1b: Whimsicott|Whimsicott, L50, M|100/100\n|move|p2b: Garchalipe|Dragon Claw|p1b: Whimsicott\n|-immune|p1b: Whimsicott\n|move|p2a: AeroNarfi|Tailwind|p2a: AeroNarfi\n|-sidestart|p2: cabrino|move: Tailwind\n|move|p1a: Basculegion|Wave Crash|p2a: AeroNarfi\n|-supereffective|p2a: AeroNarfi|1\n|-enditem|p2a: AeroNarfi|Focus Sash\n|-damage|p2a: AeroNarfi|1/100\n|-damage|p1a: Basculegion|74/100|[from] Recoil\n|\n|upkeep\n|turn|2\n|\n|t:|1776191495\n|move|p1b: Whimsicott|Tailwind|p1b: Whimsicott\n|-sidestart|p1: Valloo MLA|move: Tailwind\n|move|p2b: Garchalipe|Dragon Claw|p1a: Basculegion\n|-damage|p1a: Basculegion|14/100\n|move|p2a: AeroNarfi|Dual Wingbeat|p1b: Whimsicott|[miss]\n|-miss|p2a: AeroNarfi|p1b: Whimsicott\n|move|p1a: Basculegion|Wave Crash|p2b: Garchalipe\n|-damage|p2b: Garchalipe|0 fnt\n|faint|p2b: Garchalipe\n|-damage|p1a: Basculegion|0 fnt|[from] Recoil\n|faint|p1a: Basculegion\n|\n|upkeep\n|j| Scotchthedoggo\n|\n|t:|1776191510\n|switch|p2b: 7Cryo|Floette-Eternal, L50, F|100/100\n|switch|p1a: Floette|Floette-Eternal, L50, F|100/100\n|turn|3\n|l| golett kombucha\n|\n|t:|1776191539\n|detailschange|p2b: 7Cryo|Floette-Mega, L50, F\n|-mega|p2b: 7Cryo|Floette|Floettite\n|-ability|p2b: 7Cryo|Fairy Aura\n|move|p2a: AeroNarfi|Dual Wingbeat|p1b: Whimsicott\n|-supereffective|p1b: Whimsicott|1\n|-damage|p1b: Whimsicott|48/100\n|-supereffective|p1b: Whimsicott|1\n|-damage|p1b: Whimsicott|0 fnt\n|faint|p1b: Whimsicott\n|-hitcount|p1: Whimsicott|2\n|move|p2b: 7Cryo|Calm Mind|p2b: 7Cryo\n|-boost|p2b: 7Cryo|spa|1\n|-boost|p2b: 7Cryo|spd|1\n|move|p1a: Floette|Calm Mind|p1a: Floette\n|-boost|p1a: Floette|spa|1\n|-boost|p1a: Floette|spd|1\n|\n|upkeep\n|\n|t:|1776191546\n|switch|p1b: Garchomp|Garchomp, L50, F|100/100\n|turn|4\n|\n|t:|1776191565\n|move|p1b: Garchomp|Rock Slide|p2a: AeroNarfi|[spread] p2a,p2b\n|-supereffective|p2a: AeroNarfi|1\n|-damage|p2a: AeroNarfi|0 fnt\n|-damage|p2b: 7Cryo|79/100\n|faint|p2a: AeroNarfi\n|move|p2b: 7Cryo|Dazzling Gleam|p1a: Floette|[spread] p1a,p1b\n|-supereffective|p1b: Garchomp|1\n|-damage|p1a: Floette|49/100\n|-damage|p1b: Garchomp|0 fnt\n|faint|p1b: Garchomp\n|move|p1a: Floette|Moonblast|p2b: 7Cryo\n|-damage|p2b: 7Cryo|21/100\n|\n|-sideend|p2: cabrino|move: Tailwind\n|upkeep\n|\n|t:|1776191577\n|switch|p2a: PablitoGames|Kingambit, L50, M, shiny|100/100\n|turn|5\n|\n|t:|1776191609\n|detailschange|p1a: Floette|Floette-Mega, L50, F\n|-mega|p1a: Floette|Floette|Floettite\n|-ability|p1a: Floette|Fairy Aura\n|move|p2b: 7Cryo|Protect|p2b: 7Cryo\n|-singleturn|p2b: 7Cryo|Protect\n|move|p2a: PablitoGames|Protect|p2a: PablitoGames\n|-singleturn|p2a: PablitoGames|Protect\n|move|p1a: Floette|Draining Kiss|p2a: PablitoGames\n|-activate|p2a: PablitoGames|move: Protect\n|\n|-sideend|p1: Valloo MLA|move: Tailwind\n|upkeep\n|turn|6\n|\n|t:|1776191626\n|move|p2a: PablitoGames|Sucker Punch|p1a: Floette\n|-resisted|p1a: Floette|1\n|-damage|p1a: Floette|21/100\n|move|p2b: 7Cryo|Moonblast|p1a: Floette\n|-damage|p1a: Floette|0 fnt\n|faint|p1a: Floette\n|\n|win|cabrino\n|raw|Valloo MLA's rating: 1429 &rarr; <strong>1414</strong><br />(-15 for losing)\n|raw|cabrino's rating: 1524 &rarr; <strong>1539</strong><br />(+15 for winning)\n|l|\u2606Valloo MLA\n|player|p1|\n",
  "uploadtime": 1776191644,
  "views": 37,
  "formatid": "gen9championsvgc2026regma",
  "rating": 1414,
  "private": 0,
  "password": null
}