{
  "id": "gen9championsvgc2026regma-2588472077",
  "format": "[Gen 9 Champions] VGC 2026 Reg M-A",
  "players": [
    "fractal_face",
    "tealpens2"
  ],
  "log": "|j|\u2606fractal_face\n|j|\u2606tealpens2\n|t:|1776636547\n|gametype|doubles\n|player|p1|fractal_face|ghetsis-gen5bw|1079\n|player|p2|tealpens2|266|1173\n|gen|9\n|tier|[Gen 9 Champions] VGC 2026 Reg M-A\n|rated|\n|rule|Species Clause: Limit one of each Pok\u00e9mon\n|rule|Item Clause: Limit 1 of each item\n|clearpoke\n|poke|p1|Starmie, L50|\n|poke|p1|Maushold-Four, L50|\n|poke|p1|Skarmory, L50, M|\n|poke|p1|Basculegion-F, L50, F|\n|poke|p1|Pelipper, L50, M|\n|poke|p1|Incineroar, L50, F|\n|poke|p2|Talonflame, L50, M|\n|poke|p2|Garchomp, L50, F|\n|poke|p2|Sneasler, L50, M|\n|poke|p2|Sinistcha, L50|\n|poke|p2|Kingambit, L50, M|\n|poke|p2|Floette-Eternal, L50, F|\n|teampreview|4\n|inactive|Battle timer is ON: inactive players will automatically lose when time's up. (requested by fractal_face)\n|inactive|tealpens2 has 60 seconds left.\n|\n|t:|1776636586\n|teamsize|p1|4\n|teamsize|p2|4\n|start\n|switch|p1a: Pelipper|Pelipper, L50, M|100/100\n|switch|p1b: Incineroar|Incineroar, L50, F|100/100\n|switch|p2a: Sneasler|Sneasler, L50, M|100/100\n|switch|p2b: Floette|Floette-Eternal, L50, F|100/100\n|-weather|RainDance|[from] ability: Drizzle|[of] p1a: Pelipper\n|-ability|p1b: Incineroar|Intimidate|boost\n|-unboost|p2a: Sneasler|atk|1\n|-unboost|p2b: Floette|atk|1\n|-enditem|p2a: Sneasler|White Herb\n|-clearnegativeboost|p2a: Sneasler|[silent]\n|turn|1\n|\n|t:|1776636611\n|move|p2a: Sneasler|Fake Out|p1a: Pelipper\n|-damage|p1a: Pelipper|85/100\n|move|p2b: Floette|Calm Mind|p2b: Floette\n|-boost|p2b: Floette|spa|1\n|-boost|p2b: Floette|spd|1\n|cant|p1a: Pelipper|flinch\n|move|p1b: Incineroar|Parting Shot|p2b: Floette\n|-unboost|p2b: Floette|atk|1\n|-unboost|p2b: Floette|spa|1\n|\n|t:|1776636623\n|switch|p1b: Starmie|Starmie, L50|100/100|[from] Parting Shot\n|\n|-weather|RainDance|[upkeep]\n|-heal|p1a: Pelipper|91/100|[from] item: Leftovers\n|upkeep\n|turn|2\n|inactive|fractal_face has 30 seconds left.\n|inactive|tealpens2 has 30 seconds left.\n|inactive|fractal_face has 20 seconds left.\n|inactive|tealpens2 has 20 seconds left.\n|\n|t:|1776636659\n|detailschange|p2b: Floette|Floette-Mega, L50, F\n|-mega|p2b: Floette|Floette|Floettite\n|-ability|p2b: Floette|Fairy Aura\n|move|p2a: Sneasler|Protect|p2a: Sneasler\n|-singleturn|p2a: Sneasler|Protect\n|move|p1b: Starmie|Protect|p1b: Starmie\n|-singleturn|p1b: Starmie|Protect\n|move|p2b: Floette|Moonblast|p1a: Pelipper\n|-damage|p1a: Pelipper|0 fnt\n|faint|p1a: Pelipper\n|\n|-weather|RainDance|[upkeep]\n|upkeep\n|\n|t:|1776636667\n|switch|p1a: Incineroar|Incineroar, L50, F|100/100\n|-ability|p1a: Incineroar|Intimidate|boost\n|-unboost|p2a: Sneasler|atk|1\n|-unboost|p2b: Floette|atk|1\n|turn|3\n|\n|t:|1776636690\n|detailschange|p1b: Starmie|Starmie-Mega, L50\n|-mega|p1b: Starmie|Starmie|Starminite\n|move|p2a: Sneasler|Protect||[still]\n|-fail|p2a: Sneasler\n|move|p2b: Floette|Protect|p2b: Floette\n|-singleturn|p2b: Floette|Protect\n|move|p1b: Starmie|Bulk Up|p1b: Starmie\n|-boost|p1b: Starmie|atk|1\n|-boost|p1b: Starmie|def|1\n|move|p1a: Incineroar|Parting Shot|p2b: Floette\n|-activate|p2b: Floette|move: Protect\n|\n|-weather|RainDance|[upkeep]\n|upkeep\n|turn|4\n|inactive|fractal_face has 30 seconds left.\n|inactive|fractal_face has 20 seconds left.\n|inactive|fractal_face has 15 seconds left.\n|inactive|fractal_face has 10 seconds left.\n|inactive|fractal_face has 5 seconds left.\n|\n|t:|1776636743\n|move|p1b: Starmie|Aqua Jet|p2b: Floette\n|-damage|p2b: Floette|27/100\n|move|p2a: Sneasler|Close Combat|p1a: Incineroar\n|-supereffective|p1a: Incineroar|1\n|-damage|p1a: Incineroar|10/100\n|-unboost|p2a: Sneasler|def|1\n|-unboost|p2a: Sneasler|spd|1\n|move|p2b: Floette|Dazzling Gleam|p1a: Incineroar|[spread] p1a,p1b\n|-damage|p1a: Incineroar|0 fnt\n|-damage|p1b: Starmie|41/100\n|faint|p1a: Incineroar\n|\n|-weather|RainDance|[upkeep]\n|upkeep\n|\n|t:|1776636753\n|switch|p1a: Basculegion|Basculegion-F, L50, F|100/100\n|turn|5\n|inactive|tealpens2 has 30 seconds left.\n|\n|t:|1776636782\n|move|p1b: Starmie|Protect|p1b: Starmie\n|-singleturn|p1b: Starmie|Protect\n|move|p2b: Floette|Protect|p2b: Floette\n|-singleturn|p2b: Floette|Protect\n|move|p2a: Sneasler|Dire Claw|p1b: Starmie\n|-activate|p1b: Starmie|move: Protect\n|move|p1a: Basculegion|Surf|p2b: Floette|[spread] p2a\n|-activate|p1b: Starmie|move: Protect\n|-activate|p2b: Floette|move: Protect\n|-damage|p2a: Sneasler|0 fnt\n|faint|p2a: Sneasler\n|\n|-weather|none\n|upkeep\n|\n|t:|1776636794\n|switch|p2a: Talonflame|Talonflame, L50, M|100/100\n|turn|6\n|inactive|tealpens2 has 30 seconds left.\n|inactive|tealpens2 has 20 seconds left.\n|inactive|tealpens2 has 15 seconds left.\n|\n|t:|1776636835\n|move|p2a: Talonflame|Dual Wingbeat|p1a: Basculegion\n|-damage|p1a: Basculegion|78/100\n|-crit|p1a: Basculegion\n|-damage|p1a: Basculegion|42/100\n|-hitcount|p1a: Basculegion|2\n|move|p1b: Starmie|Aqua Jet|p2b: Floette\n|-damage|p2b: Floette|0 fnt\n|faint|p2b: Floette\n|move|p1a: Basculegion|Surf|p2a: Talonflame|[spread] p1b,p2a\n|-resisted|p1b: Starmie|1\n|-supereffective|p2a: Talonflame|1\n|-damage|p1b: Starmie|15/100\n|-enditem|p2a: Talonflame|Focus Sash\n|-damage|p2a: Talonflame|1/100\n|\n|upkeep\n|\n|t:|1776636847\n|switch|p2b: Garchomp|Garchomp, L50, F|100/100\n|turn|7\n|inactive|fractal_face has 30 seconds left.\n|\n|t:|1776636873\n|move|p2a: Talonflame|Protect|p2a: Talonflame\n|-singleturn|p2a: Talonflame|Protect\n|move|p1b: Starmie|Aqua Jet|p2a: Talonflame\n|-activate|p2a: Talonflame|move: Protect\n|move|p2b: Garchomp|Earthquake|p1b: Starmie|[spread] p1a,p1b\n|-activate|p2a: Talonflame|move: Protect\n|-damage|p1a: Basculegion|0 fnt\n|-damage|p1b: Starmie|0 fnt\n|faint|p1a: Basculegion\n|faint|p1b: Starmie\n|\n|win|tealpens2\n|raw|fractal_face's rating: 1079 &rarr; <strong>1063</strong><br />(-16 for losing)\n|raw|tealpens2's rating: 1173 &rarr; <strong>1191</strong><br />(+18 for winning)\n|l|\u2606fractal_face\n|player|p1|\n|c|\u2606tealpens2|gg\n",
  "uploadtime": 1776636895,
  "views": 14,
  "formatid": "gen9championsvgc2026regma",
  "rating": 1063,
  "private": 0,
  "password": null
}