{
  "id": "gen9championsvgc2026regma-2585952276",
  "format": "[Gen 9 Champions] VGC 2026 Reg M-A",
  "players": [
    "darthmorton",
    "Billyroro10"
  ],
  "log": "|j|\u2606darthmorton\n|j|\u2606Billyroro10\n|t:|1776384535\n|gametype|doubles\n|player|p1|darthmorton|dragontamer|1078\n|player|p2|Billyroro10|scientist-gen4|1178\n|gen|9\n|tier|[Gen 9 Champions] VGC 2026 Reg M-A\n|rated|\n|rule|Species Clause: Limit one of each Pok\u00e9mon\n|rule|Item Clause: Limit 1 of each item\n|clearpoke\n|poke|p1|Incineroar, L50, F|\n|poke|p1|Sinistcha, L50|\n|poke|p1|Sneasler, L50, F|\n|poke|p1|Milotic, L50, M|\n|poke|p1|Scizor, L50, M|\n|poke|p1|Tyranitar, L50, M|\n|poke|p2|Crabominable, L50, F|\n|poke|p2|Cofagrigus, L50, F|\n|poke|p2|Hatterene, L50, F|\n|poke|p2|Tyranitar, L50, M|\n|poke|p2|Camerupt, L50, F|\n|poke|p2|Slowking, L50, F|\n|teampreview|4\n|inactive|Battle timer is ON: inactive players will automatically lose when time's up. (requested by darthmorton)\n|inactive|darthmorton has 60 seconds left.\n|inactive|Billyroro10 has 60 seconds left.\n|inactive|darthmorton has 30 seconds left.\n|\n|t:|1776384601\n|teamsize|p1|4\n|teamsize|p2|4\n|start\n|switch|p1a: Scizor|Scizor, L50, M|100/100\n|switch|p1b: Incineroar|Incineroar, L50, F|100/100\n|switch|p2a: Slowking|Slowking, L50, F|100/100\n|switch|p2b: Cofagrigus|Cofagrigus, L50, F|100/100\n|-ability|p1b: Incineroar|Intimidate|boost\n|-unboost|p2a: Slowking|atk|1\n|-unboost|p2b: Cofagrigus|atk|1\n|turn|1\n|\n|t:|1776384612\n|detailschange|p1a: Scizor|Scizor-Mega, L50, M\n|-mega|p1a: Scizor|Scizor|Scizorite\n|move|p1a: Scizor|Swords Dance|p1a: Scizor\n|-boost|p1a: Scizor|atk|2\n|move|p1b: Incineroar|Parting Shot|p2b: Cofagrigus\n|-unboost|p2b: Cofagrigus|atk|1\n|-unboost|p2b: Cofagrigus|spa|1\n|\n|t:|1776384620\n|switch|p1b: Milotic|Milotic, L50, M|100/100|[from] Parting Shot\n|-prepare|p2a: Slowking|Chilly Reception|[premajor]\n|move|p2a: Slowking|Chilly Reception|p2a: Slowking\n|-weather|Snowscape\n|\n|t:|1776384626\n|switch|p2a: Crabominable|Crabominable, L50, F|100/100|[from] Chilly Reception\n|move|p2b: Cofagrigus|Trick Room|p2b: Cofagrigus\n|-fieldstart|move: Trick Room|[of] p2b: Cofagrigus\n|\n|-weather|Snowscape|[upkeep]\n|upkeep\n|turn|2\n|inactive|Billyroro10 has 30 seconds left.\n|\n|t:|1776384654\n|detailschange|p2a: Crabominable|Crabominable-Mega, L50, F\n|-mega|p2a: Crabominable|Crabominable|Crabominite\n|move|p1a: Scizor|Bullet Punch|p2a: Crabominable\n|-supereffective|p2a: Crabominable|1\n|-damage|p2a: Crabominable|18/100\n|move|p2b: Cofagrigus|Will-O-Wisp|p1b: Milotic\n|-status|p1b: Milotic|brn\n|move|p2a: Crabominable|Drain Punch|p1a: Scizor\n|-damage|p1a: Scizor|52/100\n|-heal|p2a: Crabominable|41/100|[from] drain|[of] p1a: Scizor\n|move|p1b: Milotic|Scald|p2b: Cofagrigus\n|-damage|p2b: Cofagrigus|75/100\n|-status|p2b: Cofagrigus|brn\n|\n|-weather|Snowscape|[upkeep]\n|-damage|p2b: Cofagrigus|69/100 brn|[from] brn\n|-damage|p1b: Milotic|95/100 brn|[from] brn\n|upkeep\n|turn|3\n|inactive|darthmorton has 30 seconds left.\n|inactive|darthmorton has 20 seconds left.\n|\n|t:|1776384690\n|switch|p2a: Slowking|Slowking, L50, F|100/100\n|switch|p1b: Sinistcha|Sinistcha, L50|100/100\n|-heal|p1a: Scizor|77/100|[from] ability: Hospitality|[of] p1b: Sinistcha\n|move|p1a: Scizor|Bullet Punch|p2a: Slowking\n|-resisted|p2a: Slowking|1\n|-damage|p2a: Slowking|71/100\n|move|p2b: Cofagrigus|Will-O-Wisp|p1a: Scizor\n|-status|p1a: Scizor|brn\n|\n|-weather|Snowscape|[upkeep]\n|-heal|p2a: Slowking|77/100|[from] item: Leftovers\n|-damage|p2b: Cofagrigus|63/100 brn|[from] brn\n|-damage|p1a: Scizor|71/100 brn|[from] brn\n|upkeep\n|turn|4\n|\n|t:|1776384706\n|move|p2b: Cofagrigus|Will-O-Wisp|p1b: Sinistcha\n|-status|p1b: Sinistcha|brn\n|move|p2a: Slowking|Calm Mind|p2a: Slowking\n|-boost|p2a: Slowking|spa|1\n|-boost|p2a: Slowking|spd|1\n|move|p1b: Sinistcha|Matcha Gotcha|p2b: Cofagrigus|[spread] p2b\n|-miss|p1b: Sinistcha|p2a: Slowking\n|-damage|p2b: Cofagrigus|42/100 brn\n|-enditem|p2b: Cofagrigus|Sitrus Berry|[eat]\n|-heal|p2b: Cofagrigus|67/100 brn|[from] item: Sitrus Berry\n|move|p1a: Scizor|Swords Dance|p1a: Scizor\n|-boost|p1a: Scizor|atk|2\n|\n|-weather|Snowscape|[upkeep]\n|-heal|p2a: Slowking|83/100|[from] item: Leftovers\n|-damage|p2b: Cofagrigus|61/100 brn|[from] brn\n|-damage|p1b: Sinistcha|94/100 brn|[from] brn\n|-damage|p1a: Scizor|65/100 brn|[from] brn\n|upkeep\n|turn|5\n|inactive|darthmorton has 30 seconds left.\n|inactive|darthmorton has 20 seconds left.\n|inactive|darthmorton has 15 seconds left.\n|inactive|darthmorton has 10 seconds left.\n|\n|t:|1776384754\n|move|p2b: Cofagrigus|Shadow Ball|p1a: Scizor\n|-damage|p1a: Scizor|46/100 brn\n|move|p2a: Slowking|Psychic|p1a: Scizor\n|-resisted|p1a: Scizor|1\n|-damage|p1a: Scizor|24/100 brn\n|move|p1b: Sinistcha|Matcha Gotcha|p2b: Cofagrigus|[spread] p2b\n|-miss|p1b: Sinistcha|p2a: Slowking\n|-damage|p2b: Cofagrigus|39/100 brn\n|-heal|p1b: Sinistcha|100/100 brn|[from] drain|[of] p2b: Cofagrigus\n|move|p1a: Scizor|Swords Dance|p1a: Scizor\n|-boost|p1a: Scizor|atk|2\n|\n|-weather|none\n|-heal|p2a: Slowking|89/100|[from] item: Leftovers\n|-damage|p2b: Cofagrigus|33/100 brn|[from] brn\n|-damage|p1b: Sinistcha|94/100 brn|[from] brn\n|-damage|p1a: Scizor|17/100 brn|[from] brn\n|-fieldend|move: Trick Room\n|upkeep\n|turn|6\n|\n|t:|1776384771\n|move|p2b: Cofagrigus|Protect|p2b: Cofagrigus\n|-singleturn|p2b: Cofagrigus|Protect\n|move|p1a: Scizor|Dual Wingbeat|p2a: Slowking|[miss]\n|-miss|p1a: Scizor|p2a: Slowking\n|move|p1b: Sinistcha|Life Dew|p1b: Sinistcha|[spread] p1a,p1b\n|-heal|p1a: Scizor|42/100 brn\n|-heal|p1b: Sinistcha|100/100 brn\n|move|p2a: Slowking|Psychic|p1a: Scizor\n|-resisted|p1a: Scizor|1\n|-damage|p1a: Scizor|21/100 brn\n|-unboost|p1a: Scizor|spd|1\n|\n|-heal|p2a: Slowking|95/100|[from] item: Leftovers\n|-damage|p1a: Scizor|15/100 brn|[from] brn\n|-damage|p1b: Sinistcha|94/100 brn|[from] brn\n|-damage|p2b: Cofagrigus|27/100 brn|[from] brn\n|upkeep\n|turn|7\n|c|\u2606Billyroro10|wow\n|c|\u2606darthmorton|?\n|c|\u2606Billyroro10|how has bro missed every attack\n|inactive|Billyroro10 has 30 seconds left.\n|c|\u2606Billyroro10|unlucky\n|inactive|Billyroro10 has 20 seconds left.\n|inactive|Billyroro10 has 15 seconds left.\n|\n|t:|1776384811\n|move|p1a: Scizor|Dual Wingbeat|p2a: Slowking\n|-damage|p2a: Slowking|57/100\n|-damage|p2a: Slowking|19/100\n|-hitcount|p2a: Slowking|2\n|move|p1b: Sinistcha|Life Dew|p1b: Sinistcha|[spread] p1a,p1b\n|-heal|p1a: Scizor|39/100 brn\n|-heal|p1b: Sinistcha|100/100 brn\n|move|p2a: Slowking|Psychic|p1a: Scizor\n|-resisted|p1a: Scizor|1\n|-damage|p1a: Scizor|7/100 brn\n|move|p2b: Cofagrigus|Shadow Ball|p1b: Sinistcha\n|-supereffective|p1b: Sinistcha|1\n|-damage|p1b: Sinistcha|67/100 brn\n|\n|-heal|p2a: Slowking|25/100|[from] item: Leftovers\n|-damage|p1a: Scizor|1/100 brn|[from] brn\n|-damage|p1b: Sinistcha|61/100 brn|[from] brn\n|-damage|p2b: Cofagrigus|21/100 brn|[from] brn\n|upkeep\n|turn|8\n|\n|t:|1776384831\n|move|p2b: Cofagrigus|Protect|p2b: Cofagrigus\n|-singleturn|p2b: Cofagrigus|Protect\n|move|p1a: Scizor|Bullet Punch|p2b: Cofagrigus\n|-activate|p2b: Cofagrigus|move: Protect\n|move|p1b: Sinistcha|Matcha Gotcha|p2b: Cofagrigus|[spread] p2a\n|-activate|p2b: Cofagrigus|move: Protect\n|-supereffective|p2a: Slowking|1\n|-damage|p2a: Slowking|1/100\n|-heal|p1b: Sinistcha|74/100 brn|[from] drain|[of] p2a: Slowking\n|-status|p2a: Slowking|brn\n|move|p2a: Slowking|Psychic|p1a: Scizor\n|-resisted|p1a: Scizor|1\n|-damage|p1a: Scizor|0 fnt\n|faint|p1a: Scizor\n|\n|-heal|p2a: Slowking|7/100 brn|[from] item: Leftovers\n|-damage|p1b: Sinistcha|68/100 brn|[from] brn\n|-damage|p2a: Slowking|1/100 brn|[from] brn\n|-damage|p2b: Cofagrigus|15/100 brn|[from] brn\n|upkeep\n|\n|t:|1776384836\n|switch|p1a: Milotic|Milotic, L50, M|95/100 brn\n|turn|9\n|\n|t:|1776384852\n|move|p2a: Slowking|Protect|p2a: Slowking\n|-singleturn|p2a: Slowking|Protect\n|move|p1a: Milotic|Icy Wind|p2a: Slowking|[spread] p2b\n|-activate|p2a: Slowking|move: Protect\n|-damage|p2b: Cofagrigus|6/100 brn\n|-unboost|p2b: Cofagrigus|spe|1\n|move|p1b: Sinistcha|Matcha Gotcha|p2a: Slowking|[spread] p2b\n|-activate|p2a: Slowking|move: Protect\n|-damage|p2b: Cofagrigus|0 fnt\n|-heal|p1b: Sinistcha|71/100 brn|[from] drain|[of] p2b: Cofagrigus\n|faint|p2b: Cofagrigus\n|\n|-heal|p1a: Milotic|100/100 brn|[from] item: Leftovers\n|-heal|p2a: Slowking|7/100 brn|[from] item: Leftovers\n|-damage|p1a: Milotic|95/100 brn|[from] brn\n|-damage|p1b: Sinistcha|65/100 brn|[from] brn\n|-damage|p2a: Slowking|1/100 brn|[from] brn\n|upkeep\n|\n|t:|1776384873\n|switch|p2b: Crabominable|Crabominable-Mega, L50, F|41/100\n|turn|10\n|\n|t:|1776384884\n|move|p1a: Milotic|Scald|p2b: Crabominable\n|-damage|p2b: Crabominable|14/100\n|move|p1b: Sinistcha|Matcha Gotcha|p2b: Crabominable|[spread] p2a,p2b\n|-supereffective|p2a: Slowking|1\n|-damage|p2a: Slowking|0 fnt\n|-heal|p1b: Sinistcha|65/100 brn|[from] drain|[of] p2a: Slowking\n|-damage|p2b: Crabominable|0 fnt\n|-heal|p1b: Sinistcha|72/100 brn|[from] drain|[of] p2b: Crabominable\n|faint|p2a: Slowking\n|faint|p2b: Crabominable\n|\n|-heal|p1a: Milotic|100/100 brn|[from] item: Leftovers\n|-damage|p1a: Milotic|95/100 brn|[from] brn\n|-damage|p1b: Sinistcha|66/100 brn|[from] brn\n|upkeep\n|\n|t:|1776384894\n|switch|p2b: Camerupt|Camerupt, L50, F|100/100\n|turn|11\n|\n|t:|1776384900\n|move|p1a: Milotic|Scald|p2b: Camerupt\n|-supereffective|p2b: Camerupt|2\n|-damage|p2b: Camerupt|0 fnt\n|faint|p2b: Camerupt\n|\n|win|darthmorton\n|raw|darthmorton's rating: 1078 &rarr; <strong>1114</strong><br />(+36 for winning)\n|raw|Billyroro10's rating: 1178 &rarr; <strong>1146</strong><br />(-32 for losing)\n",
  "uploadtime": 1776384901,
  "views": 21,
  "formatid": "gen9championsvgc2026regma",
  "rating": 1114,
  "private": 0,
  "password": null
}