{
  "id": "gen9championsvgc2026regma-2582757061",
  "format": "[Gen 9 Champions] VGC 2026 Reg M-A",
  "players": [
    "Kwiper",
    "Goober581"
  ],
  "log": "|j|\u2606Kwiper\n|j|\u2606Goober581\n|t:|1776111964\n|gametype|doubles\n|player|p1|Kwiper|sycamore|1098\n|player|p2|Goober581|lucas|1029\n|gen|9\n|tier|[Gen 9 Champions] VGC 2026 Reg M-A\n|rated|\n|rule|Species Clause: Limit one of each Pok\u00e9mon\n|rule|Item Clause: Limit 1 of each item\n|clearpoke\n|poke|p1|Starmie, L50|\n|poke|p1|Tyranitar, L50, F|\n|poke|p1|Garchomp, L50, F|\n|poke|p1|Aegislash, L50, M|\n|poke|p1|Aerodactyl, L50, F|\n|poke|p1|Rotom-Heat, L50|\n|poke|p2|Meowstic-F, L50, F|\n|poke|p2|Whimsicott, L50, M|\n|poke|p2|Sinistcha, L50|\n|poke|p2|Incineroar, L50, M|\n|poke|p2|Slowking, L50, F|\n|poke|p2|Aggron, L50, F|\n|teampreview|4\n|inactive|Battle timer is ON: inactive players will automatically lose when time's up. (requested by Kwiper)\n|inactive|Kwiper has 60 seconds left.\n|inactive|Goober581 has 60 seconds left.\n|inactive|Goober581 has 30 seconds left.\n|\n|t:|1776112035\n|teamsize|p1|4\n|teamsize|p2|4\n|start\n|switch|p1a: Garchomp|Garchomp, L50, F|100/100\n|switch|p1b: mr starfish|Starmie, L50, shiny|100/100\n|switch|p2a: Sinistcha|Sinistcha, L50|100/100\n|switch|p2b: Incineroar|Incineroar, L50, M|100/100\n|-ability|p2b: Incineroar|Intimidate|boost\n|-unboost|p1a: Garchomp|atk|1\n|-unboost|p1b: mr starfish|atk|1\n|-enditem|p1a: Garchomp|White Herb\n|-clearnegativeboost|p1a: Garchomp|[silent]\n|turn|1\n|\n|t:|1776112058\n|detailschange|p1b: mr starfish|Starmie-Mega, L50, shiny\n|-mega|p1b: mr starfish|Starmie|Starminite\n|move|p2b: Incineroar|Fake Out|p1a: Garchomp\n|-damage|p1a: Garchomp|87/100\n|move|p1b: mr starfish|Skill Swap|p1a: Garchomp\n|-activate|p1b: mr starfish|Skill Swap|||[of] p1a: Garchomp\n|cant|p1a: Garchomp|flinch\n|move|p2a: Sinistcha|Matcha Gotcha|p1a: Garchomp|[spread] p1a,p1b\n|-supereffective|p1b: mr starfish|1\n|-damage|p1a: Garchomp|59/100\n|-damage|p1b: mr starfish|35/100\n|-status|p1a: Garchomp|brn\n|\n|-damage|p1a: Garchomp|53/100 brn|[from] brn\n|upkeep\n|turn|2\n|inactive|Goober581 has 30 seconds left.\n|\n|t:|1776112086\n|switch|p1b: Rotom|Rotom-Heat, L50|100/100\n|switch|p2b: Slowking|Slowking, L50, F|100/100\n|move|p1a: Garchomp|Earthquake|p2b: Slowking|[spread] p2a,p2b\n|-immune|p1b: Rotom|[from] ability: Levitate\n|-resisted|p2a: Sinistcha|1\n|-damage|p2a: Sinistcha|88/100\n|-damage|p2b: Slowking|57/100\n|move|p2a: Sinistcha|Strength Sap|p1a: Garchomp\n|-unboost|p1a: Garchomp|atk|1\n|-heal|p2a: Sinistcha|100/100\n|\n|-damage|p1a: Garchomp|47/100 brn|[from] brn\n|upkeep\n|turn|3\n|inactive|Goober581 has 30 seconds left.\n|inactive|Goober581 has 20 seconds left.\n|\n|t:|1776112121\n|switch|p1a: Aegislash|Aegislash, L50, M|100/100\n|switch|p2a: Incineroar|Incineroar, L50, M|100/100\n|-ability|p2a: Incineroar|Intimidate|boost\n|-unboost|p1a: Aegislash|atk|1\n|-unboost|p1b: Rotom|atk|1\n|move|p1b: Rotom|Thunderbolt|p2b: Slowking\n|-supereffective|p2b: Slowking|1\n|-damage|p2b: Slowking|11/100\n|-enditem|p2b: Slowking|Sitrus Berry|[eat]\n|-heal|p2b: Slowking|36/100|[from] item: Sitrus Berry\n|move|p2b: Slowking|Ice Beam|p1a: Aegislash\n|-resisted|p1a: Aegislash|1\n|-damage|p1a: Aegislash|93/100\n|-status|p1a: Aegislash|frz\n|\n|-heal|p1a: Aegislash|99/100 frz|[from] item: Leftovers\n|upkeep\n|turn|4\n|inactive|Goober581 has 30 seconds left.\n|\n|t:|1776112154\n|switch|p2b: Sinistcha|Sinistcha, L50|100/100\n|move|p1b: Rotom|Protect|p1b: Rotom\n|-singleturn|p1b: Rotom|Protect\n|cant|p1a: Aegislash|frz\n|move|p2a: Incineroar|Flare Blitz|p1a: Aegislash\n|-supereffective|p1a: Aegislash|1\n|-damage|p1a: Aegislash|9/100 frz\n|-curestatus|p1a: Aegislash|frz|[msg]\n|-damage|p2a: Incineroar|76/100|[from] Recoil\n|\n|-heal|p1a: Aegislash|15/100|[from] item: Leftovers\n|upkeep\n|turn|5\n|inactive|Goober581 has 30 seconds left.\n|inactive|Goober581 has 20 seconds left.\n|inactive|Goober581 has 15 seconds left.\n|inactive|Goober581 has 10 seconds left.\n|\n|t:|1776112201\n|move|p1b: Rotom|Overheat|p2b: Sinistcha\n|-supereffective|p2b: Sinistcha|1\n|-damage|p2b: Sinistcha|0 fnt\n|-unboost|p1b: Rotom|spa|2\n|faint|p2b: Sinistcha\n|-formechange|p1a: Aegislash|Aegislash-Blade|\n|move|p1a: Aegislash|Shadow Ball|p2a: Incineroar\n|-resisted|p2a: Incineroar|1\n|-damage|p2a: Incineroar|53/100\n|move|p2a: Incineroar|Parting Shot|p1b: Rotom\n|-unboost|p1b: Rotom|atk|1\n|-unboost|p1b: Rotom|spa|1\n|\n|t:|1776112212\n|switch|p2a: Slowking|Slowking, L50, F|69/100|[from] Parting Shot\n|\n|-heal|p1a: Aegislash|21/100|[from] item: Leftovers\n|upkeep\n|\n|t:|1776112219\n|switch|p2b: Meowstic|Meowstic-F, L50, F|100/100\n|turn|6\n|\n|t:|1776112234\n|switch|p1b: Garchomp|Garchomp, L50, F|47/100 brn\n|detailschange|p2b: Meowstic|Meowstic-F-Mega, L50, F\n|-mega|p2b: Meowstic|Meowstic|Meowsticite\n|-ability|p2b: Meowstic|Sand Veil|Trace|[from] ability: Trace|[of] p1b: Garchomp\n|move|p2b: Meowstic|Protect|p2b: Meowstic\n|-singleturn|p2b: Meowstic|Protect\n|-formechange|p1a: Aegislash|Aegislash|\n|move|p1a: Aegislash|King's Shield|p1a: Aegislash\n|-singleturn|p1a: Aegislash|Protect\n|move|p2a: Slowking|Psychic Terrain|p2a: Slowking\n|-fieldstart|move: Psychic Terrain\n|\n|-heal|p1a: Aegislash|27/100|[from] item: Leftovers\n|-damage|p1b: Garchomp|41/100 brn|[from] brn\n|upkeep\n|turn|7\n|inactive|Goober581 has 30 seconds left.\n|inactive|Goober581 has 20 seconds left.\n|\n|t:|1776112270\n|switch|p2a: Incineroar|Incineroar, L50, M|53/100\n|-ability|p2a: Incineroar|Intimidate|boost\n|-unboost|p1a: Aegislash|atk|1\n|-unboost|p1b: Garchomp|atk|1\n|move|p1a: Aegislash|Wide Guard|p1a: Aegislash\n|-singleturn|p1a: Aegislash|Wide Guard\n|move|p2b: Meowstic|Expanding Force|p1a: Aegislash|[spread] \n|-activate|p1a: Aegislash|move: Wide Guard\n|-activate|p1b: Garchomp|move: Wide Guard\n|move|p1b: Garchomp|Earthquake|p2a: Incineroar|[spread] p2a,p2b\n|-activate|p1a: Aegislash|move: Wide Guard\n|-supereffective|p2a: Incineroar|1\n|-damage|p2a: Incineroar|28/100\n|-damage|p2b: Meowstic|80/100\n|\n|-heal|p1a: Aegislash|33/100|[from] item: Leftovers\n|-damage|p1b: Garchomp|35/100 brn|[from] brn\n|upkeep\n|turn|8\n|inactive|Goober581 has 30 seconds left.\n|\n|t:|1776112300\n|move|p1a: Aegislash|King's Shield||[still]\n|-fail|p1a: Aegislash\n|move|p2a: Incineroar|Fake Out|p1b: Garchomp\n|-activate|p1b: Garchomp|move: Psychic Terrain\n|move|p2b: Meowstic|Expanding Force|p1b: Garchomp|[spread] p1a,p1b\n|-resisted|p1a: Aegislash|1\n|-damage|p1a: Aegislash|5/100\n|-damage|p1b: Garchomp|0 fnt\n|faint|p1b: Garchomp\n|\n|-heal|p1a: Aegislash|11/100|[from] item: Leftovers\n|upkeep\n|\n|t:|1776112312\n|switch|p1b: mr starfish|Starmie-Mega, L50, shiny|35/100\n|turn|9\n|\n|t:|1776112327\n|switch|p2a: Slowking|Slowking, L50, F|100/100\n|move|p1a: Aegislash|Wide Guard|p1a: Aegislash\n|-singleturn|p1a: Aegislash|Wide Guard\n|move|p2b: Meowstic|Thunderbolt|p1b: mr starfish\n|-supereffective|p1b: mr starfish|1\n|-damage|p1b: mr starfish|0 fnt\n|faint|p1b: mr starfish\n|\n|-heal|p1a: Aegislash|17/100|[from] item: Leftovers\n|upkeep\n|\n|t:|1776112330\n|switch|p1b: Rotom|Rotom-Heat, L50|100/100\n|turn|10\n|-message|Kwiper forfeited.\n|\n|win|Goober581\n|raw|Kwiper's rating: 1098 &rarr; <strong>1068</strong><br />(-30 for losing)\n|raw|Goober581's rating: 1029 &rarr; <strong>1072</strong><br />(+43 for winning)\n",
  "uploadtime": 1776112341,
  "views": 15,
  "formatid": "gen9championsvgc2026regma",
  "rating": 1068,
  "private": 0,
  "password": null
}