{
  "id": "gen9championsvgc2026regma-2585170673",
  "format": "[Gen 9 Champions] VGC 2026 Reg M-A",
  "players": [
    "EXSA",
    "Fneis"
  ],
  "log": "|j|\u2606EXSA\n|j|\u2606Fneis\n|t:|1776320587\n|gametype|doubles\n|player|p1|EXSA|102|1154\n|player|p2|Fneis|1|1170\n|gen|9\n|tier|[Gen 9 Champions] VGC 2026 Reg M-A\n|rated|\n|rule|Species Clause: Limit one of each Pok\u00e9mon\n|rule|Item Clause: Limit 1 of each item\n|clearpoke\n|poke|p1|Orthworm, L50, M|\n|poke|p1|Garchomp, L50, F|\n|poke|p1|Tyranitar, L50, M|\n|poke|p1|Rotom-Wash, L50|\n|poke|p1|Sinistcha, L50|\n|poke|p1|Tinkaton, L50, F|\n|poke|p2|Meganium, L50, F|\n|poke|p2|Archaludon, L50, F|\n|poke|p2|Pelipper, L50, F|\n|poke|p2|Basculegion, L50, M|\n|poke|p2|Sneasler, L50, F|\n|poke|p2|Farigiraf, L50, F|\n|teampreview|4\n|inactive|Battle timer is ON: inactive players will automatically lose when time's up. (requested by Fneis)\n|inactive|EXSA has 60 seconds left.\n|inactive|Fneis has 60 seconds left.\n|inactive|EXSA has 30 seconds left.\n|inactive|EXSA has 20 seconds left.\n|inactive|EXSA has 15 seconds left.\n|inactive|EXSA has 10 seconds left.\n|inactive|EXSA has 5 seconds left.\n|\n|t:|1776320673\n|teamsize|p1|4\n|teamsize|p2|4\n|start\n|switch|p1a: Tyranitar|Tyranitar, L50, M|100/100\n|switch|p1b: Tinkaton|Tinkaton, L50, F, shiny|100/100\n|switch|p2a: Meganium|Meganium, L50, F, shiny|100/100\n|switch|p2b: Sneasler|Sneasler, L50, F|100/100\n|-ability|p1b: Tinkaton|Mold Breaker\n|-weather|Sandstorm|[from] ability: Sand Stream|[of] p1a: Tyranitar\n|turn|1\n|inactive|EXSA has 30 seconds left.\n|inactive|Fneis has 30 seconds left.\n|inactive|EXSA has 20 seconds left.\n|\n|t:|1776320712\n|switch|p2a: Farigiraf|Farigiraf, L50, F|100/100\n|switch|p1a: Sinistcha|Sinistcha, L50, shiny|100/100\n|move|p2b: Sneasler|Close Combat|p1a: Sinistcha\n|-immune|p1a: Sinistcha\n|move|p1b: Tinkaton|Gigaton Hammer|p2a: Farigiraf\n|-crit|p2a: Farigiraf\n|-damage|p2a: Farigiraf|58/100\n|\n|-weather|Sandstorm|[upkeep]\n|-damage|p2b: Sneasler|95/100|[from] Sandstorm\n|-damage|p1a: Sinistcha|94/100|[from] Sandstorm\n|-damage|p2a: Farigiraf|52/100|[from] Sandstorm\n|upkeep\n|turn|2\n|inactive|EXSA has 30 seconds left.\n|\n|t:|1776320746\n|move|p2a: Farigiraf|Helping Hand|p2b: Sneasler\n|-singleturn|p2b: Sneasler|Helping Hand|[of] p2a: Farigiraf\n|move|p2b: Sneasler|Dire Claw|p1a: Sinistcha\n|-damage|p1a: Sinistcha|28/100\n|-status|p1a: Sinistcha|slp\n|move|p1b: Tinkaton|Thunder Wave|p2b: Sneasler\n|-status|p2b: Sneasler|par\n|cant|p1a: Sinistcha|slp\n|\n|-weather|Sandstorm|[upkeep]\n|-damage|p1a: Sinistcha|22/100 slp|[from] Sandstorm\n|-damage|p2b: Sneasler|89/100 par|[from] Sandstorm\n|-damage|p2a: Farigiraf|46/100|[from] Sandstorm\n|upkeep\n|turn|3\n|\n|t:|1776320761\n|move|p2a: Farigiraf|Helping Hand|p2b: Sneasler\n|-singleturn|p2b: Sneasler|Helping Hand|[of] p2a: Farigiraf\n|move|p1b: Tinkaton|Gigaton Hammer|p2b: Sneasler\n|-damage|p2b: Sneasler|20/100 par\n|-curestatus|p1a: Sinistcha|slp|[msg]\n|move|p1a: Sinistcha|Matcha Gotcha|p2b: Sneasler|[spread] p2a,p2b\n|-resisted|p2b: Sneasler|1\n|-damage|p2a: Farigiraf|18/100\n|-heal|p1a: Sinistcha|40/100|[from] drain|[of] p2a: Farigiraf\n|-damage|p2b: Sneasler|4/100 par\n|-heal|p1a: Sinistcha|47/100|[from] drain|[of] p2b: Sneasler\n|move|p2b: Sneasler|Close Combat|p1b: Tinkaton\n|-damage|p1b: Tinkaton|3/100\n|-unboost|p2b: Sneasler|def|1\n|-unboost|p2b: Sneasler|spd|1\n|-enditem|p2b: Sneasler|White Herb\n|-clearnegativeboost|p2b: Sneasler|[silent]\n|\n|-weather|Sandstorm|[upkeep]\n|-damage|p2b: Sneasler|0 fnt|[from] Sandstorm\n|-damage|p1a: Sinistcha|41/100|[from] Sandstorm\n|-damage|p2a: Farigiraf|12/100|[from] Sandstorm\n|faint|p2b: Sneasler\n|-heal|p1b: Tinkaton|9/100|[from] item: Leftovers\n|upkeep\n|\n|t:|1776320781\n|switch|p2b: Meganium|Meganium, L50, F, shiny|100/100\n|turn|4\n|inactive|EXSA has 30 seconds left.\n|\n|t:|1776320812\n|detailschange|p2b: Meganium|Meganium-Mega, L50, F, shiny\n|-mega|p2b: Meganium|Meganium|Meganiumite\n|move|p2a: Farigiraf|Helping Hand|p2b: Meganium\n|-singleturn|p2b: Meganium|Helping Hand|[of] p2a: Farigiraf\n|move|p1a: Sinistcha|Rage Powder|p1a: Sinistcha\n|-singleturn|p1a: Sinistcha|move: Rage Powder\n|move|p1b: Tinkaton|Thunder Wave|p2b: Meganium\n|-status|p2b: Meganium|par\n|cant|p2b: Meganium|par\n|\n|-weather|Sandstorm|[upkeep]\n|-damage|p1a: Sinistcha|35/100|[from] Sandstorm\n|-damage|p2a: Farigiraf|6/100|[from] Sandstorm\n|-damage|p2b: Meganium|95/100 par|[from] Sandstorm\n|-heal|p1b: Tinkaton|15/100|[from] item: Leftovers\n|upkeep\n|turn|5\n|\n|t:|1776320834\n|move|p2b: Meganium|Protect|p2b: Meganium\n|-singleturn|p2b: Meganium|Protect\n|move|p1b: Tinkaton|Feint|p2a: Farigiraf\n|-damage|p2a: Farigiraf|2/100\n|move|p1a: Sinistcha|Life Dew|p1a: Sinistcha|[spread] p1a,p1b\n|-heal|p1a: Sinistcha|60/100\n|-heal|p1b: Tinkaton|40/100\n|move|p2a: Farigiraf|Trick Room|p2a: Farigiraf\n|-fieldstart|move: Trick Room|[of] p2a: Farigiraf\n|\n|-weather|none\n|-heal|p1b: Tinkaton|46/100|[from] item: Leftovers\n|upkeep\n|turn|6\n|inactive|EXSA has 30 seconds left.\n|inactive|Fneis has 30 seconds left.\n|inactive|Fneis has 20 seconds left.\n|\n|t:|1776320873\n|switch|p1a: Tyranitar|Tyranitar, L50, M|100/100\n|-weather|Sandstorm|[from] ability: Sand Stream|[of] p1a: Tyranitar\n|switch|p1b: Rotom|Rotom-Wash, L50, shiny|100/100\n|move|p2b: Meganium|Weather Ball|p1b: Rotom\n|-resisted|p1b: Rotom|1\n|-damage|p1b: Rotom|60/100\n|move|p2a: Farigiraf|Imprison|p2a: Farigiraf\n|-start|p2a: Farigiraf|move: Imprison\n|\n|-weather|Sandstorm|[upkeep]\n|-damage|p2b: Meganium|89/100 par|[from] Sandstorm\n|-damage|p2a: Farigiraf|0 fnt|[from] Sandstorm\n|-damage|p1b: Rotom|54/100|[from] Sandstorm\n|faint|p2a: Farigiraf\n|upkeep\n|\n|t:|1776320881\n|switch|p2a: Basculegion|Basculegion, L50, M|100/100\n|turn|7\n|\n|t:|1776320899\n|detailschange|p1a: Tyranitar|Tyranitar-Mega, L50, M\n|-mega|p1a: Tyranitar|Tyranitar|Tyranitarite\n|move|p2a: Basculegion|Aqua Jet|p1a: Tyranitar\n|-supereffective|p1a: Tyranitar|1\n|-damage|p1a: Tyranitar|64/100\n|move|p2b: Meganium|Solar Beam||[still]\n|-prepare|p2b: Meganium|Solar Beam\n|-activate|p2b: Meganium|ability: Mega Sol\n|-anim|p2b: Meganium|Solar Beam|p1b: Rotom\n|-supereffective|p1b: Rotom|1\n|-damage|p1b: Rotom|0 fnt\n|faint|p1b: Rotom\n|move|p1a: Tyranitar|Rock Slide|p2b: Meganium|[spread] p2b\n|-miss|p1a: Tyranitar|p2a: Basculegion\n|-damage|p2b: Meganium|55/100 par\n|\n|-weather|Sandstorm|[upkeep]\n|-damage|p2b: Meganium|49/100 par|[from] Sandstorm\n|-damage|p2a: Basculegion|94/100|[from] Sandstorm\n|upkeep\n|\n|t:|1776320909\n|switch|p1b: Tinkaton|Tinkaton, L50, F, shiny|46/100\n|-ability|p1b: Tinkaton|Mold Breaker\n|turn|8\n|\n|t:|1776320917\n|move|p2b: Meganium|Protect|p2b: Meganium\n|-singleturn|p2b: Meganium|Protect\n|move|p2a: Basculegion|Aqua Jet|p1b: Tinkaton\n|-damage|p1b: Tinkaton|19/100\n|move|p1a: Tyranitar|Rock Slide|p2b: Meganium|[spread] p2a\n|-activate|p2b: Meganium|move: Protect\n|-damage|p2a: Basculegion|43/100\n|move|p1b: Tinkaton|Gigaton Hammer|p2b: Meganium\n|-activate|p2b: Meganium|move: Protect\n|\n|-weather|Sandstorm|[upkeep]\n|-damage|p2b: Meganium|43/100 par|[from] Sandstorm\n|-damage|p2a: Basculegion|37/100|[from] Sandstorm\n|-heal|p1b: Tinkaton|25/100|[from] item: Leftovers\n|upkeep\n|turn|9\n|\n|t:|1776320935\n|move|p2a: Basculegion|Aqua Jet|p1a: Tyranitar\n|-supereffective|p1a: Tyranitar|1\n|-damage|p1a: Tyranitar|29/100\n|move|p2b: Meganium|Weather Ball|p1b: Tinkaton\n|-supereffective|p1b: Tinkaton|1\n|-damage|p1b: Tinkaton|0 fnt\n|faint|p1b: Tinkaton\n|move|p1a: Tyranitar|Rock Slide|p2b: Meganium|[spread] p2a,p2b\n|-damage|p2a: Basculegion|0 fnt\n|-damage|p2b: Meganium|9/100 par\n|faint|p2a: Basculegion\n|\n|-weather|Sandstorm|[upkeep]\n|-damage|p2b: Meganium|3/100 par|[from] Sandstorm\n|-fieldend|move: Trick Room\n|upkeep\n|\n|t:|1776320943\n|switch|p1b: Sinistcha|Sinistcha, L50, shiny|60/100\n|-heal|p1a: Tyranitar|54/100|[from] ability: Hospitality|[of] p1b: Sinistcha\n|turn|10\n|-message|Fneis forfeited.\n|\n|win|EXSA\n|raw|EXSA's rating: 1154 &rarr; <strong>1180</strong><br />(+26 for winning)\n|raw|Fneis's rating: 1170 &rarr; <strong>1144</strong><br />(-26 for losing)\n|l|\u2606Fneis\n|player|p2|\n",
  "uploadtime": 1776320946,
  "views": 17,
  "formatid": "gen9championsvgc2026regma",
  "rating": 1144,
  "private": 0,
  "password": null
}