{
  "id": "gen9championsvgc2026regma-2584905577",
  "format": "[Gen 9 Champions] VGC 2026 Reg M-A",
  "players": [
    "wnsty",
    "Jah_08"
  ],
  "log": "|j|\u2606wnsty\n|j|\u2606Jah_08\n|t:|1776293268\n|gametype|doubles\n|player|p1|wnsty|lucas|1206\n|player|p2|Jah_08|alder|1219\n|gen|9\n|tier|[Gen 9 Champions] VGC 2026 Reg M-A\n|rated|\n|rule|Species Clause: Limit one of each Pok\u00e9mon\n|rule|Item Clause: Limit 1 of each item\n|clearpoke\n|poke|p1|Spiritomb, L50, F|\n|poke|p1|Rhyperior, L50, F|\n|poke|p1|Abomasnow, L50, M|\n|poke|p1|Empoleon, L50, M|\n|poke|p1|Gallade, L50, M|\n|poke|p1|Garchomp, L50, M|\n|poke|p2|Excadrill, L50, M|\n|poke|p2|Whimsicott, L50, M|\n|poke|p2|Chandelure, L50, F|\n|poke|p2|Zoroark-Hisui, L50, M|\n|poke|p2|Basculegion, L50, M|\n|poke|p2|Hydreigon, L50, M|\n|teampreview|4\n|inactive|Battle timer is ON: inactive players will automatically lose when time's up. (requested by wnsty)\n|\n|t:|1776293304\n|teamsize|p1|4\n|teamsize|p2|4\n|start\n|switch|p1a: Spiritomb|Spiritomb, L50, F|100/100\n|switch|p1b: Rhyperior|Rhyperior, L50, F|100/100\n|switch|p2a: Whimsicott|Whimsicott, L50, M, shiny|100/100\n|switch|p2b: Chandelure|Chandelure, L50, F|100/100\n|-ability|p1a: Spiritomb|Pressure\n|turn|1\n|inactive|Jah_08 has 30 seconds left.\n|\n|t:|1776293331\n|detailschange|p2b: Chandelure|Chandelure-Mega, L50, F\n|-mega|p2b: Chandelure|Chandelure|Chandelurite\n|move|p2b: Chandelure|Protect|p2b: Chandelure\n|-singleturn|p2b: Chandelure|Protect\n|move|p2a: Whimsicott|Moonblast|p1a: Spiritomb\n|-supereffective|p1a: Spiritomb|1\n|-damage|p1a: Spiritomb|30/100\n|-enditem|p1a: Spiritomb|Sitrus Berry|[eat]\n|-heal|p1a: Spiritomb|55/100|[from] item: Sitrus Berry\n|move|p1b: Rhyperior|Rock Slide|p2b: Chandelure|[spread] \n|-activate|p2b: Chandelure|move: Protect\n|-miss|p1b: Rhyperior|p2a: Whimsicott\n|move|p1a: Spiritomb|Trick Room|p1a: Spiritomb\n|-fieldstart|move: Trick Room|[of] p1a: Spiritomb\n|\n|upkeep\n|turn|2\n|inactive|Jah_08 has 30 seconds left.\n|\n|t:|1776293359\n|switch|p2b: Excadrill|Excadrill, L50, M|100/100\n|-ability|p2b: Excadrill|Mold Breaker\n|move|p1a: Spiritomb|Dark Pulse|p2b: Excadrill\n|-damage|p2b: Excadrill|55/100\n|move|p1b: Rhyperior|Rock Slide|p2a: Whimsicott|[spread] p2a,p2b\n|-resisted|p2b: Excadrill|2\n|-damage|p2a: Whimsicott|62/100\n|-damage|p2b: Excadrill|42/100\n|cant|p2a: Whimsicott|flinch\n|\n|upkeep\n|turn|3\n|inactive|wnsty has 30 seconds left.\n|inactive|wnsty has 20 seconds left.\n|\n|t:|1776293395\n|move|p1a: Spiritomb|Dark Pulse|p2b: Excadrill\n|-damage|p2b: Excadrill|0 fnt\n|faint|p2b: Excadrill\n|move|p1b: Rhyperior|Rock Slide|p2a: Whimsicott|[miss]\n|-miss|p1b: Rhyperior|p2a: Whimsicott\n|move|p2a: Whimsicott|Moonblast|p1a: Spiritomb\n|-supereffective|p1a: Spiritomb|1\n|-damage|p1a: Spiritomb|0 fnt\n|faint|p1a: Spiritomb\n|\n|upkeep\n|\n|t:|1776293409\n|switch|p1a: Abomasnow|Abomasnow, L50, M|100/100\n|switch|p2b: Basculegion|Basculegion, L50, M|100/100\n|-weather|Snowscape|[from] ability: Snow Warning|[of] p1a: Abomasnow\n|turn|4\n|inactive|Jah_08 has 30 seconds left.\n|\n|t:|1776293437\n|detailschange|p1a: Abomasnow|Abomasnow-Mega, L50, M\n|-mega|p1a: Abomasnow|Abomasnow|Abomasite\n|move|p2b: Basculegion|Aqua Jet|p1b: Rhyperior\n|-supereffective|p1b: Rhyperior|2\n|-damage|p1b: Rhyperior|55/100\n|move|p1a: Abomasnow|Ice Beam|p2a: Whimsicott\n|-supereffective|p2a: Whimsicott|1\n|-damage|p2a: Whimsicott|0 fnt\n|faint|p2a: Whimsicott\n|move|p1b: Rhyperior|Supercell Slam|p2b: Basculegion|[miss]\n|-miss|p1b: Rhyperior|p2b: Basculegion\n|-damage|p1b: Rhyperior|5/100|[from] supercellslam\n|\n|-weather|Snowscape|[upkeep]\n|upkeep\n|\n|t:|1776293453\n|switch|p2a: Chandelure|Chandelure-Mega, L50, F|100/100\n|turn|5\n|\n|t:|1776293470\n|move|p1b: Rhyperior|Protect|p1b: Rhyperior\n|-singleturn|p1b: Rhyperior|Protect\n|move|p2a: Chandelure|Protect|p2a: Chandelure\n|-singleturn|p2a: Chandelure|Protect\n|move|p2b: Basculegion|Aqua Jet|p1b: Rhyperior\n|-activate|p1b: Rhyperior|move: Protect\n|move|p1a: Abomasnow|Energy Ball|p2b: Basculegion\n|-supereffective|p2b: Basculegion|1\n|-damage|p2b: Basculegion|0 fnt\n|faint|p2b: Basculegion\n|\n|-weather|Snowscape|[upkeep]\n|-fieldend|move: Trick Room\n|upkeep\n|turn|6\n|\n|t:|1776293487\n|move|p2a: Chandelure|Heat Wave|p1a: Abomasnow|[spread] p1a,p1b\n|-supereffective|p1a: Abomasnow|2\n|-resisted|p1b: Rhyperior|1\n|-damage|p1a: Abomasnow|0 fnt\n|-damage|p1b: Rhyperior|0 fnt\n|faint|p1a: Abomasnow\n|faint|p1b: Rhyperior\n|\n|-weather|Snowscape|[upkeep]\n|upkeep\n|\n|t:|1776293494\n|switch|p1a: Empoleon|Empoleon, L50, M|100/100\n|turn|7\n|\n|t:|1776293504\n|move|p2a: Chandelure|Heat Wave|p1a: Empoleon\n|-damage|p1a: Empoleon|32/100\n|-status|p1a: Empoleon|brn\n|move|p1a: Empoleon|Hydro Pump|p2a: Chandelure\n|-supereffective|p2a: Chandelure|1\n|-damage|p2a: Chandelure|0 fnt\n|faint|p2a: Chandelure\n|\n|win|wnsty\n|raw|wnsty's rating: 1206 &rarr; <strong>1232</strong><br />(+26 for winning)\n|raw|Jah_08's rating: 1219 &rarr; <strong>1193</strong><br />(-26 for losing)\n|l|\u2606wnsty\n|player|p1|\n",
  "uploadtime": 1776293515,
  "views": 21,
  "formatid": "gen9championsvgc2026regma",
  "rating": 1193,
  "private": 0,
  "password": null
}