{
  "id": "gen9championsvgc2026regma-2581951045",
  "format": "[Gen 9 Champions] VGC 2026 Reg M-A",
  "players": [
    "goomba number two",
    "Porygon 32"
  ],
  "log": "|j|\u2606goomba number two\n|j|\u2606Porygon 32\n|t:|1776042607\n|gametype|doubles\n|player|p1|goomba number two|barry|1301\n|player|p2|Porygon 32|gambler|1304\n|gen|9\n|tier|[Gen 9 Champions] VGC 2026 Reg M-A\n|rated|\n|rule|Species Clause: Limit one of each Pok\u00e9mon\n|rule|Item Clause: Limit 1 of each item\n|clearpoke\n|poke|p1|Vaporeon, L50, M|\n|poke|p1|Jolteon, L50, F|\n|poke|p1|Flareon, L50, M|\n|poke|p1|Espeon, L50, F|\n|poke|p1|Umbreon, L50, M|\n|poke|p1|Sylveon, L50, M|\n|poke|p2|Crabominable, L50, M|\n|poke|p2|Rotom-Heat, L50|\n|poke|p2|Empoleon, L50, F|\n|poke|p2|Farigiraf, L50, F|\n|poke|p2|Sableye, L50, F|\n|poke|p2|Sinistcha, L50|\n|teampreview|4\n|j| Asheeeeeee\n|inactive|Battle timer is ON: inactive players will automatically lose when time's up. (requested by goomba number two)\n|inactive|Porygon 32 has 60 seconds left.\n|\n|t:|1776042704\n|teamsize|p1|4\n|teamsize|p2|4\n|start\n|switch|p1a: Espeon|Espeon, L50, F|100/100\n|switch|p1b: Sylveon|Sylveon, L50, M|100/100\n|switch|p2a: Rotom|Rotom-Heat, L50|100/100\n|switch|p2b: Smoothie|Farigiraf, L50, F|100/100\n|turn|1\n|\n|t:|1776042728\n|move|p2a: Rotom|Volt Switch|p1a: Espeon\n|-damage|p1a: Espeon|67/100\n|\n|t:|1776042730\n|switch|p2a: Empoleon|Empoleon, L50, F|100/100|[from] Volt Switch\n|move|p1b: Sylveon|Hyper Voice|p2b: Smoothie|[spread] p2a,p2b\n|-resisted|p2a: Empoleon|1\n|-damage|p2a: Empoleon|77/100\n|-damage|p2b: Smoothie|68/100\n|move|p1a: Espeon|Trick Room|p1a: Espeon\n|-fieldstart|move: Trick Room|[of] p1a: Espeon\n|move|p2b: Smoothie|Trick Room|p2b: Smoothie\n|-fieldend|move: Trick Room\n|\n|upkeep\n|turn|2\n|j| No.1yZap2\n|l| No.1yZap2\n|\n|t:|1776042752\n|move|p1a: Espeon|Helping Hand|p1b: Sylveon\n|-singleturn|p1b: Sylveon|Helping Hand|[of] p1a: Espeon\n|move|p2b: Smoothie|Helping Hand|p2a: Empoleon\n|-singleturn|p2a: Empoleon|Helping Hand|[of] p2b: Smoothie\n|move|p1b: Sylveon|Hyper Voice|p2b: Smoothie|[spread] p2a,p2b\n|-resisted|p2a: Empoleon|1\n|-damage|p2a: Empoleon|48/100\n|-damage|p2b: Smoothie|17/100\n|move|p2a: Empoleon|Hydro Pump|p1a: Espeon\n|-damage|p1a: Espeon|0 fnt\n|faint|p1a: Espeon\n|\n|upkeep\n|\n|t:|1776042765\n|switch|p1a: Umbreon|Umbreon, L50, M|100/100\n|turn|3\n|\n|t:|1776042771\n|move|p2b: Smoothie|Protect|p2b: Smoothie\n|-singleturn|p2b: Smoothie|Protect\n|move|p1a: Umbreon|Foul Play|p2a: Empoleon\n|-damage|p2a: Empoleon|19/100\n|move|p1b: Sylveon|Hyper Voice|p2b: Smoothie|[spread] p2a\n|-activate|p2b: Smoothie|move: Protect\n|-resisted|p2a: Empoleon|1\n|-damage|p2a: Empoleon|0 fnt\n|faint|p2a: Empoleon\n|\n|upkeep\n|\n|t:|1776042780\n|switch|p2a: Rotom|Rotom-Heat, L50|100/100\n|turn|4\n|\n|t:|1776042787\n|move|p2a: Rotom|Will-O-Wisp|p1a: Umbreon\n|-status|p1a: Umbreon|brn\n|move|p1a: Umbreon|Yawn|p2a: Rotom\n|-start|p2a: Rotom|move: Yawn|[of] p1a: Umbreon\n|move|p1b: Sylveon|Hyper Voice|p2a: Rotom|[spread] p2a,p2b\n|-resisted|p2a: Rotom|1\n|-damage|p2a: Rotom|71/100\n|-damage|p2b: Smoothie|0 fnt\n|faint|p2b: Smoothie\n|\n|-damage|p1a: Umbreon|95/100 brn|[from] brn\n|upkeep\n|\n|t:|1776042791\n|switch|p2b: Inevitability|Crabominable, L50, M|100/100\n|turn|5\n|\n|t:|1776042801\n|switch|p1a: Vaporeon|Vaporeon, L50, M|100/100\n|detailschange|p2b: Inevitability|Crabominable-Mega, L50, M\n|-mega|p2b: Inevitability|Crabominable|Crabominite\n|move|p1b: Sylveon|Detect|p1b: Sylveon\n|-singleturn|p1b: Sylveon|Protect\n|move|p2a: Rotom|Will-O-Wisp|p1b: Sylveon\n|-activate|p1b: Sylveon|move: Protect\n|move|p2b: Inevitability|Ice Hammer|p1b: Sylveon\n|-activate|p1b: Sylveon|move: Protect\n|\n|-end|p2a: Rotom|move: Yawn|[silent]\n|-status|p2a: Rotom|slp\n|upkeep\n|turn|6\n|\n|t:|1776042813\n|cant|p2a: Rotom|slp\n|move|p1a: Vaporeon|Fake Tears|p2b: Inevitability\n|-unboost|p2b: Inevitability|spd|2\n|move|p1b: Sylveon|Hyper Voice|p2a: Rotom|[spread] p2a,p2b\n|-resisted|p2a: Rotom|1\n|-supereffective|p2b: Inevitability|1\n|-damage|p2a: Rotom|41/100 slp\n|-damage|p2b: Inevitability|0 fnt\n|faint|p2b: Inevitability\n|\n|upkeep\n|turn|7\n|-message|Porygon 32 forfeited.\n|\n|win|goomba number two\n|raw|goomba number two's rating: 1301 &rarr; <strong>1321</strong><br />(+20 for winning)\n|raw|Porygon 32's rating: 1304 &rarr; <strong>1284</strong><br />(-20 for losing)\n|l|\u2606Porygon 32\n|player|p2|\n",
  "uploadtime": 1776042831,
  "views": 34,
  "formatid": "gen9championsvgc2026regma",
  "rating": 1284,
  "private": 0,
  "password": null
}