{
  "id": "gen9championsvgc2026regma-2586864015",
  "format": "[Gen 9 Champions] VGC 2026 Reg M-A",
  "players": [
    "Johten",
    "llamatruama"
  ],
  "log": "|j|\u2606Johten\n|j|\u2606llamatruama\n|t:|1776466456\n|gametype|doubles\n|player|p1|Johten|veteran|1179\n|player|p2|llamatruama|102|1172\n|gen|9\n|tier|[Gen 9 Champions] VGC 2026 Reg M-A\n|rated|\n|rule|Species Clause: Limit one of each Pok\u00e9mon\n|rule|Item Clause: Limit 1 of each item\n|clearpoke\n|poke|p1|Aggron, L50, F|\n|poke|p1|Farigiraf, L50, M|\n|poke|p1|Aerodactyl, L50, F|\n|poke|p1|Gallade, L50, M|\n|poke|p1|Luxray, L50, F|\n|poke|p1|Primarina, L50, M|\n|poke|p2|Rotom-Heat, L50|\n|poke|p2|Aegislash, L50, F|\n|poke|p2|Tyranitar, L50, F|\n|poke|p2|Starmie, L50|\n|poke|p2|Aerodactyl, L50, F|\n|poke|p2|Garchomp, L50, F|\n|teampreview|4\n|inactive|Battle timer is ON: inactive players will automatically lose when time's up. (requested by Johten)\n|inactive|Johten has 60 seconds left.\n|\n|t:|1776466490\n|teamsize|p1|4\n|teamsize|p2|4\n|start\n|switch|p1a: Luxray|Luxray, L50, F|100/100\n|switch|p1b: Aggron|Aggron, L50, F|100/100\n|switch|p2a: Starmie|Starmie, L50|100/100\n|switch|p2b: Aerodactyl|Aerodactyl, L50, F|100/100\n|-ability|p2b: Aerodactyl|Unnerve\n|-ability|p1a: Luxray|Intimidate|boost\n|-unboost|p2a: Starmie|atk|1\n|-unboost|p2b: Aerodactyl|atk|1\n|turn|1\n|\n|t:|1776466509\n|switch|p2b: Tyranitar|Tyranitar, L50, F|100/100\n|-weather|Sandstorm|[from] ability: Sand Stream|[of] p2b: Tyranitar\n|detailschange|p2a: Starmie|Starmie-Mega, L50\n|-mega|p2a: Starmie|Starmie|Starminite\n|detailschange|p1b: Aggron|Aggron-Mega, L50, F\n|-mega|p1b: Aggron|Aggron|Aggronite\n|move|p2a: Starmie|Skill Swap|p2b: Tyranitar\n|-activate|p2a: Starmie|Skill Swap|||[of] p2b: Tyranitar\n|move|p1a: Luxray|Volt Switch|p2a: Starmie\n|-supereffective|p2a: Starmie|1\n|-damage|p2a: Starmie|51/100\n|\n|t:|1776466520\n|switch|p1a: Aerodactyl|Aerodactyl, L50, F|100/100|[from] Volt Switch\n|-ability|p1a: Aerodactyl|Unnerve\n|move|p1b: Aggron|Iron Defense|p1b: Aggron\n|-boost|p1b: Aggron|def|2\n|\n|-weather|Sandstorm|[upkeep]\n|-damage|p2a: Starmie|45/100|[from] Sandstorm\n|upkeep\n|turn|2\n|inactive|Johten has 30 seconds left.\n|inactive|llamatruama has 30 seconds left.\n|inactive|Johten has 20 seconds left.\n|\n|t:|1776466559\n|switch|p1a: Luxray|Luxray, L50, F|100/100\n|-ability|p1a: Luxray|Intimidate|boost\n|-unboost|p2a: Starmie|atk|1\n|-unboost|p2b: Tyranitar|atk|1\n|move|p2a: Starmie|Zen Headbutt|p1b: Aggron\n|-resisted|p1b: Aggron|1\n|-damage|p1b: Aggron|98/100\n|move|p2b: Tyranitar|Rock Slide|p1a: Luxray|[spread] p1a,p1b\n|-resisted|p1b: Aggron|1\n|-damage|p1a: Luxray|53/100\n|-damage|p1b: Aggron|93/100\n|cant|p1b: Aggron|flinch\n|\n|-weather|Sandstorm|[upkeep]\n|-damage|p2a: Starmie|39/100|[from] Sandstorm\n|-damage|p1a: Luxray|47/100|[from] Sandstorm\n|upkeep\n|turn|3\n|inactive|llamatruama has 30 seconds left.\n|inactive|llamatruama has 20 seconds left.\n|\n|t:|1776466595\n|move|p2a: Starmie|Skill Swap|p1a: Luxray\n|-activate|p2a: Starmie|Skill Swap|Intimidate|Sand Stream|[of] p1a: Luxray\n|-ability|p2a: Starmie|Intimidate|boost\n|-unboost|p1a: Luxray|atk|1\n|-unboost|p1b: Aggron|atk|1\n|move|p2b: Tyranitar|Rock Slide|p1a: Luxray|[spread] p1a,p1b\n|-resisted|p1b: Aggron|1\n|-damage|p1a: Luxray|2/100\n|-damage|p1b: Aggron|89/100\n|move|p1a: Luxray|Superpower|p2b: Tyranitar\n|-supereffective|p2b: Tyranitar|2\n|-damage|p2b: Tyranitar|6/100\n|-unboost|p1a: Luxray|atk|1\n|-unboost|p1a: Luxray|def|1\n|move|p1b: Aggron|Iron Defense|p1b: Aggron\n|-boost|p1b: Aggron|def|2\n|\n|-weather|Sandstorm|[upkeep]\n|-damage|p2a: Starmie|33/100|[from] Sandstorm\n|-damage|p1a: Luxray|0 fnt|[from] Sandstorm\n|faint|p1a: Luxray\n|upkeep\n|\n|t:|1776466613\n|switch|p1a: Aerodactyl|Aerodactyl, L50, F|100/100\n|-ability|p1a: Aerodactyl|Unnerve\n|turn|4\n|\n|t:|1776466627\n|move|p1a: Aerodactyl|Rock Slide|p2b: Tyranitar|[spread] p2a,p2b\n|-damage|p2a: Starmie|2/100\n|-damage|p2b: Tyranitar|0 fnt\n|faint|p2b: Tyranitar\n|move|p2a: Starmie|Liquidation|p1a: Aerodactyl\n|-supereffective|p1a: Aerodactyl|1\n|-damage|p1a: Aerodactyl|42/100\n|move|p1b: Aggron|Heavy Slam|p2a: Starmie\n|-resisted|p2a: Starmie|1\n|-damage|p2a: Starmie|0 fnt\n|faint|p2a: Starmie\n|\n|-weather|Sandstorm|[upkeep]\n|upkeep\n|\n|t:|1776466636\n|switch|p2a: Garchomp|Garchomp, L50, F|100/100\n|switch|p2b: Aerodactyl|Aerodactyl, L50, F|100/100\n|-ability|p2b: Aerodactyl|Unnerve\n|turn|5\n|\n|t:|1776466644\n|move|p2b: Aerodactyl|Rock Slide|p1b: Aggron|[spread] p1a,p1b\n|-supereffective|p1a: Aerodactyl|1\n|-resisted|p1b: Aggron|1\n|-damage|p1a: Aerodactyl|0 fnt\n|-damage|p1b: Aggron|87/100\n|faint|p1a: Aerodactyl\n|move|p2a: Garchomp|Iron Head|p1b: Aggron\n|-resisted|p1b: Aggron|1\n|-damage|p1b: Aggron|85/100\n|cant|p1b: Aggron|flinch\n|\n|-weather|none\n|upkeep\n|\n|t:|1776466653\n|switch|p1a: Primarina|Primarina, L50, M|100/100\n|turn|6\n|\n|t:|1776466658\n|move|p2b: Aerodactyl|Rock Slide|p1a: Primarina|[spread] p1a\n|-miss|p2b: Aerodactyl|p1b: Aggron\n|-damage|p1a: Primarina|69/100\n|move|p2a: Garchomp|Iron Head|p1a: Primarina\n|-crit|p1a: Primarina\n|-damage|p1a: Primarina|13/100\n|cant|p1a: Primarina|flinch\n|move|p1b: Aggron|Body Press|p2a: Garchomp\n|-damage|p2a: Garchomp|0 fnt\n|faint|p2a: Garchomp\n|\n|upkeep\n|turn|7\n|\n|t:|1776466676\n|move|p1a: Primarina|Protect|p1a: Primarina\n|-singleturn|p1a: Primarina|Protect\n|move|p2b: Aerodactyl|Rock Slide|p1a: Primarina|[spread] p1b\n|-activate|p1a: Primarina|move: Protect\n|-resisted|p1b: Aggron|1\n|-damage|p1b: Aggron|83/100\n|move|p1b: Aggron|Heavy Slam|p2b: Aerodactyl\n|-supereffective|p2b: Aerodactyl|1\n|-enditem|p2b: Aerodactyl|Focus Sash\n|-damage|p2b: Aerodactyl|1/100\n|\n|upkeep\n|turn|8\n|\n|t:|1776466687\n|move|p2b: Aerodactyl|Rock Slide|p1a: Primarina|[spread] p1a,p1b\n|-resisted|p1b: Aggron|1\n|-damage|p1a: Primarina|0 fnt\n|-damage|p1b: Aggron|81/100\n|faint|p1a: Primarina\n|move|p1b: Aggron|Body Press|p2b: Aerodactyl\n|-damage|p2b: Aerodactyl|0 fnt\n|faint|p2b: Aerodactyl\n|\n|win|Johten\n|raw|Johten's rating: 1179 &rarr; <strong>1203</strong><br />(+24 for winning)\n|raw|llamatruama's rating: 1172 &rarr; <strong>1148</strong><br />(-24 for losing)\n|l|\u2606llamatruama\n|player|p2|\n",
  "uploadtime": 1776466695,
  "views": 30,
  "formatid": "gen9championsvgc2026regma",
  "rating": 1148,
  "private": 0,
  "password": null
}