{
  "id": "gen9championsvgc2026regma-2587498645",
  "format": "[Gen 9 Champions] VGC 2026 Reg M-A",
  "players": [
    "Blooddemo",
    "dr.ultraball head"
  ],
  "log": "|j|\u2606Blooddemo\n|j|\u2606dr.ultraball head\n|t:|1776536953\n|gametype|doubles\n|player|p1|Blooddemo|pokemaniac|1110\n|player|p2|dr.ultraball head|gardenia-masters|1190\n|gen|9\n|tier|[Gen 9 Champions] VGC 2026 Reg M-A\n|rated|\n|rule|Species Clause: Limit one of each Pok\u00e9mon\n|rule|Item Clause: Limit 1 of each item\n|clearpoke\n|poke|p1|Meganium, L50, M|\n|poke|p1|Whimsicott, L50, M|\n|poke|p1|Pelipper, L50, M|\n|poke|p1|Basculegion, L50, M|\n|poke|p1|Incineroar, L50, F|\n|poke|p1|Maushold-Four, L50|\n|poke|p2|Incineroar, L50, F|\n|poke|p2|Aggron, L50, F|\n|poke|p2|Sinistcha, L50|\n|poke|p2|Primarina, L50, F|\n|poke|p2|Farigiraf, L50, M|\n|poke|p2|Pelipper, L50, M|\n|teampreview|4\n|\n|t:|1776536983\n|teamsize|p1|4\n|teamsize|p2|4\n|start\n|switch|p1a: Pelipper|Pelipper, L50, M|100/100\n|switch|p1b: Maushold|Maushold-Four, L50|100/100\n|switch|p2a: Duo|Farigiraf, L50, M|100/100\n|switch|p2b: Stripes|Incineroar, L50, F|100/100\n|-weather|RainDance|[from] ability: Drizzle|[of] p1a: Pelipper\n|-ability|p2b: Stripes|Intimidate|boost\n|-unboost|p1a: Pelipper|atk|1\n|-unboost|p1b: Maushold|atk|1\n|turn|1\n|\n|t:|1776537007\n|switch|p2b: Nino|Primarina, L50, F|100/100\n|move|p1a: Pelipper|Protect|p1a: Pelipper\n|-singleturn|p1a: Pelipper|Protect\n|move|p1b: Maushold|Population Bomb|p2a: Duo\n|-damage|p2a: Duo|96/100\n|-damage|p2a: Duo|92/100\n|-damage|p2a: Duo|88/100\n|-damage|p2a: Duo|83/100\n|-hitcount|p2a: Duo|4\n|move|p2a: Duo|Trick Room|p2a: Duo\n|-fieldstart|move: Trick Room|[of] p2a: Duo\n|\n|-weather|RainDance|[upkeep]\n|upkeep\n|turn|2\n|\n|t:|1776537049\n|move|p2a: Duo|Hyper Voice|p1b: Maushold|[spread] p1a,p1b\n|-damage|p1a: Pelipper|60/100\n|-damage|p1b: Maushold|62/100\n|move|p2b: Nino|Hyper Voice|p1a: Pelipper|[spread] p1a,p1b\n|-resisted|p1a: Pelipper|1\n|-crit|p1b: Maushold\n|-damage|p1a: Pelipper|28/100\n|-damage|p1b: Maushold|0 fnt\n|faint|p1b: Maushold\n|move|p1a: Pelipper|Muddy Water|p2a: Duo|[spread] p2a,p2b\n|-resisted|p2b: Nino|1\n|-damage|p2a: Duo|47/100\n|-damage|p2b: Nino|87/100\n|-unboost|p2a: Duo|accuracy|1\n|\n|-weather|RainDance|[upkeep]\n|-heal|p2b: Nino|93/100|[from] item: Leftovers\n|upkeep\n|\n|t:|1776537066\n|switch|p1b: Basculegion|Basculegion, L50, M|100/100\n|turn|3\n|\n|t:|1776537087\n|switch|p2a: Stripes|Incineroar, L50, F|100/100\n|-ability|p2a: Stripes|Intimidate|boost\n|-unboost|p1a: Pelipper|atk|1\n|-unboost|p1b: Basculegion|atk|1\n|move|p1b: Basculegion|Protect|p1b: Basculegion\n|-singleturn|p1b: Basculegion|Protect\n|move|p2b: Nino|Dazzling Gleam|p1b: Basculegion|[spread] p1a\n|-activate|p1b: Basculegion|move: Protect\n|-damage|p1a: Pelipper|0 fnt\n|faint|p1a: Pelipper\n|\n|-weather|RainDance|[upkeep]\n|-heal|p2b: Nino|99/100|[from] item: Leftovers\n|upkeep\n|\n|t:|1776537101\n|switch|p1a: Meganium|Meganium, L50, M|100/100\n|turn|4\n|\n|t:|1776537116\n|detailschange|p1a: Meganium|Meganium-Mega, L50, M\n|-mega|p1a: Meganium|Meganium|Meganiumite\n|move|p2b: Nino|Protect|p2b: Nino\n|-singleturn|p2b: Nino|Protect\n|move|p2a: Stripes|Throat Chop|p1b: Basculegion\n|-supereffective|p1b: Basculegion|1\n|-damage|p1b: Basculegion|0 fnt\n|faint|p1b: Basculegion\n|move|p1a: Meganium|Synthesis|p1a: Meganium\n|-fail|p1a: Meganium|heal\n|\n|-weather|RainDance|[upkeep]\n|-heal|p2b: Nino|100/100|[from] item: Leftovers\n|upkeep\n|turn|5\n|\n|t:|1776537138\n|move|p2a: Stripes|Parting Shot|p1a: Meganium\n|-unboost|p1a: Meganium|atk|1\n|-unboost|p1a: Meganium|spa|1\n|\n|t:|1776537141\n|switch|p2a: Mecha|Aggron, L50, F|100/100|[from] Parting Shot\n|move|p2b: Nino|Encore|p1a: Meganium\n|-start|p1a: Meganium|Encore\n|move|p1a: Meganium|Synthesis|p1a: Meganium\n|-fail|p1a: Meganium|heal\n|\n|-weather|none\n|-fieldend|move: Trick Room\n|upkeep\n|turn|6\n|\n|t:|1776537158\n|switch|p2b: Stripes|Incineroar, L50, F|100/100\n|-ability|p2b: Stripes|Intimidate|boost\n|-unboost|p1a: Meganium|atk|1\n|detailschange|p2a: Mecha|Aggron-Mega, L50, F\n|-mega|p2a: Mecha|Aggron|Aggronite\n|move|p1a: Meganium|Synthesis|p1a: Meganium\n|-fail|p1a: Meganium|heal\n|move|p2a: Mecha|Heavy Slam|p1a: Meganium\n|-supereffective|p1a: Meganium|1\n|-damage|p1a: Meganium|58/100\n|\n|upkeep\n|turn|7\n|\n|t:|1776537175\n|move|p2b: Stripes|Fake Out|p1a: Meganium\n|-damage|p1a: Meganium|43/100\n|cant|p1a: Meganium|flinch\n|move|p2a: Mecha|Heavy Slam|p1a: Meganium\n|-supereffective|p1a: Meganium|1\n|-damage|p1a: Meganium|0 fnt\n|faint|p1a: Meganium\n|\n|win|dr.ultraball head\n|raw|Blooddemo's rating: 1110 &rarr; <strong>1091</strong><br />(-19 for losing)\n|raw|dr.ultraball head's rating: 1190 &rarr; <strong>1209</strong><br />(+19 for winning)\n|c|\u2606dr.ultraball head|Ggs\n|l|\u2606Blooddemo\n|player|p1|\n",
  "uploadtime": 1776537205,
  "views": 35,
  "formatid": "gen9championsvgc2026regma",
  "rating": 1091,
  "private": 0,
  "password": null
}