{
  "id": "gen9championsvgc2026regma-2581358862",
  "format": "[Gen 9 Champions] VGC 2026 Reg M-A",
  "players": [
    "he0",
    "Kobeisherepokemon"
  ],
  "log": "|j|\u2606he0\n|j|\u2606Kobeisherepokemon\n|t:|1775991372\n|gametype|doubles\n|player|p1|he0|sabrina-masters|1076\n|player|p2|Kobeisherepokemon|265|1000\n|gen|9\n|tier|[Gen 9 Champions] VGC 2026 Reg M-A\n|rated|\n|rule|Species Clause: Limit one of each Pok\u00e9mon\n|rule|Item Clause: Limit 1 of each item\n|clearpoke\n|poke|p1|Aggron, L50, M|\n|poke|p1|Garchomp, L50, M|\n|poke|p1|Talonflame, L50, M|\n|poke|p1|Floette-Eternal, L50, F|\n|poke|p1|Tyranitar, L50, F|\n|poke|p1|Sneasler, L50, M|\n|poke|p2|Feraligatr, L50, F|\n|poke|p2|Pelipper, L50, M|\n|poke|p2|Cofagrigus, L50, F|\n|poke|p2|Aggron, L50, F|\n|poke|p2|Farigiraf, L50, M|\n|poke|p2|Liepard, L50, M|\n|teampreview|4\n|inactive|Battle timer is ON: inactive players will automatically lose when time's up. (requested by Kobeisherepokemon)\n|inactive|he0 has 60 seconds left.\n|inactive|Kobeisherepokemon has 60 seconds left.\n|\n|t:|1775991434\n|teamsize|p1|4\n|teamsize|p2|4\n|start\n|switch|p1a: Aggron|Aggron, L50, M|100/100\n|switch|p1b: Sneasler|Sneasler, L50, M|100/100\n|switch|p2a: Liepard|Liepard, L50, M|100/100\n|switch|p2b: Feraligatr|Feraligatr, L50, F|100/100\n|turn|1\n|\n|t:|1775991457\n|switch|p2b: Cofagrigus|Cofagrigus, L50, F|100/100\n|move|p1b: Sneasler|Fake Out|p2b: Cofagrigus\n|-immune|p2b: Cofagrigus\n|move|p2a: Liepard|Thunder Wave|p1b: Sneasler\n|-status|p1b: Sneasler|par\n|move|p1a: Aggron|Iron Defense|p1a: Aggron\n|-boost|p1a: Aggron|def|2\n|\n|upkeep\n|turn|2\n|inactive|he0 has 30 seconds left.\n|\n|t:|1775991485\n|move|p2a: Liepard|Thunder Wave|p1a: Aggron\n|-status|p1a: Aggron|par\n|move|p1b: Sneasler|Dire Claw|p2b: Cofagrigus\n|-resisted|p2b: Cofagrigus|1\n|-damage|p2b: Cofagrigus|84/100\n|-activate|p2b: Cofagrigus|ability: Mummy|p1b: Sneasler|[ability] Unburden\n|move|p2b: Cofagrigus|Will-O-Wisp||[still]\n|-fail|p2b: Cofagrigus\n|cant|p1a: Aggron|par\n|\n|upkeep\n|turn|3\n|\n|t:|1775991503\n|move|p2a: Liepard|Foul Play|p1a: Aggron\n|-damage|p1a: Aggron|90/100 par\n|move|p1b: Sneasler|Close Combat|p2a: Liepard\n|-supereffective|p2a: Liepard|1\n|-crit|p2a: Liepard\n|-enditem|p2a: Liepard|Focus Sash\n|-damage|p2a: Liepard|1/100\n|-unboost|p1b: Sneasler|def|1\n|-unboost|p1b: Sneasler|spd|1\n|-enditem|p1b: Sneasler|White Herb\n|-clearnegativeboost|p1b: Sneasler|[silent]\n|move|p2b: Cofagrigus|Hex|p1a: Aggron\n|-damage|p1a: Aggron|41/100 par\n|move|p1a: Aggron|Head Smash|p2b: Cofagrigus\n|-damage|p2b: Cofagrigus|44/100\n|-activate|p2b: Cofagrigus|ability: Mummy|p1a: Aggron|[ability] Rock Head\n|-damage|p1a: Aggron|22/100 par|[from] Recoil\n|\n|-heal|p1a: Aggron|28/100 par|[from] item: Leftovers\n|upkeep\n|turn|4\n|inactive|he0 has 30 seconds left.\n|\n|t:|1775991533\n|switch|p1a: Tyranitar|Tyranitar, L50, F|100/100\n|-weather|Sandstorm|[from] ability: Sand Stream|[of] p1a: Tyranitar\n|move|p2a: Liepard|Foul Play|p1b: Sneasler\n|-resisted|p1b: Sneasler|1\n|-damage|p1b: Sneasler|60/100 par\n|-activate|p1b: Sneasler|ability: Mummy|p2a: Liepard|[ability] Limber\n|move|p1b: Sneasler|Dire Claw|p2b: Cofagrigus\n|-resisted|p2b: Cofagrigus|1\n|-damage|p2b: Cofagrigus|27/100\n|move|p2b: Cofagrigus|Hex|p1a: Tyranitar\n|-resisted|p1a: Tyranitar|1\n|-damage|p1a: Tyranitar|95/100\n|\n|-weather|Sandstorm|[upkeep]\n|-damage|p2a: Liepard|0 fnt|[from] Sandstorm\n|-damage|p1b: Sneasler|54/100 par|[from] Sandstorm\n|-damage|p2b: Cofagrigus|21/100|[from] Sandstorm\n|faint|p2a: Liepard\n|upkeep\n|\n|t:|1775991541\n|switch|p2a: Feraligatr|Feraligatr, L50, F|100/100\n|turn|5\n|\n|t:|1775991561\n|switch|p1a: Aggron|Aggron, L50, M|28/100 par\n|move|p2a: Feraligatr|Protect|p2a: Feraligatr\n|-singleturn|p2a: Feraligatr|Protect\n|move|p1b: Sneasler|Close Combat|p2a: Feraligatr\n|-activate|p2a: Feraligatr|move: Protect\n|move|p2b: Cofagrigus|Trick Room|p2b: Cofagrigus\n|-fieldstart|move: Trick Room|[of] p2b: Cofagrigus\n|\n|-weather|Sandstorm|[upkeep]\n|-damage|p2b: Cofagrigus|15/100|[from] Sandstorm\n|-damage|p1b: Sneasler|48/100 par|[from] Sandstorm\n|-damage|p2a: Feraligatr|94/100|[from] Sandstorm\n|-heal|p1a: Aggron|34/100 par|[from] item: Leftovers\n|upkeep\n|turn|6\n|\n|t:|1775991582\n|switch|p2a: Pelipper|Pelipper, L50, M|100/100\n|-weather|RainDance|[from] ability: Drizzle|[of] p2a: Pelipper\n|move|p1a: Aggron|Iron Defense|p1a: Aggron\n|-boost|p1a: Aggron|def|2\n|move|p2b: Cofagrigus|Hex|p1a: Aggron\n|-crit|p1a: Aggron\n|-damage|p1a: Aggron|0 fnt\n|faint|p1a: Aggron\n|move|p1b: Sneasler|Dire Claw|p2b: Cofagrigus\n|-resisted|p2b: Cofagrigus|1\n|-damage|p2b: Cofagrigus|0 fnt\n|faint|p2b: Cofagrigus\n|\n|-weather|RainDance|[upkeep]\n|upkeep\n|\n|t:|1775991600\n|switch|p2b: Feraligatr|Feraligatr, L50, F|94/100\n|switch|p1a: Tyranitar|Tyranitar, L50, F|95/100\n|-weather|Sandstorm|[from] ability: Sand Stream|[of] p1a: Tyranitar\n|turn|7\n|\n|t:|1775991614\n|detailschange|p1a: Tyranitar|Tyranitar-Mega, L50, F\n|-mega|p1a: Tyranitar|Tyranitar|Tyranitarite\n|detailschange|p2b: Feraligatr|Feraligatr-Mega, L50, F\n|-mega|p2b: Feraligatr|Feraligatr|Feraligite\n|move|p1b: Sneasler|Dire Claw|p2a: Pelipper\n|-damage|p2a: Pelipper|52/100\n|move|p1a: Tyranitar|Rock Slide|p2b: Feraligatr|[spread] p2a,p2b\n|-supereffective|p2a: Pelipper|1\n|-damage|p2a: Pelipper|0 fnt\n|-damage|p2b: Feraligatr|66/100\n|faint|p2a: Pelipper\n|cant|p2b: Feraligatr|flinch\n|\n|-weather|Sandstorm|[upkeep]\n|-damage|p1b: Sneasler|43/100 par|[from] Sandstorm\n|-damage|p2b: Feraligatr|60/100|[from] Sandstorm\n|upkeep\n|turn|8\n|inactive|Kobeisherepokemon has 30 seconds left.\n|l|\u2606Kobeisherepokemon\n|inactive|Kobeisherepokemon disconnected and has a minute to reconnect!\n|player|p2|\n|inactive|Kobeisherepokemon has 20 seconds left.\n|inactive|Kobeisherepokemon has 15 seconds left.\n|inactive|Kobeisherepokemon has 10 seconds left.\n|inactive|Kobeisherepokemon has 5 seconds left.\n|-message|Kobeisherepokemon lost due to inactivity.\n|\n|win|he0\n|raw|he0's rating: 1076 &rarr; <strong>1098</strong><br />(+22 for winning)\n|raw|Kobeisherepokemon's rating: 1000 &rarr; <strong>1000</strong><br />(+0 for losing)\n|l|\u2606he0\n|player|p1|\n|j|\u2606Kobeisherepokemon\n|player|p2|Kobeisherepokemon|265|\n|l|\u2606Kobeisherepokemon\n|player|p2|\n|j|\u2606he0\n|player|p1|he0|sabrina-masters|\n",
  "uploadtime": 1775991879,
  "views": 16,
  "formatid": "gen9championsvgc2026regma",
  "rating": 1000,
  "private": 0,
  "password": null
}