{
  "id": "gen9championsvgc2026regma-2581712989",
  "format": "[Gen 9 Champions] VGC 2026 Reg M-A",
  "players": [
    "SweetNyxiePie",
    "mysticldt"
  ],
  "log": "|j|\u2606SweetNyxiePie\n|j|\u2606mysticldt\n|t:|1776022700\n|gametype|doubles\n|player|p1|SweetNyxiePie|clerkf|1090\n|player|p2|mysticldt|hiker-gen4|1014\n|gen|9\n|tier|[Gen 9 Champions] VGC 2026 Reg M-A\n|rated|\n|rule|Species Clause: Limit one of each Pok\u00e9mon\n|rule|Item Clause: Limit 1 of each item\n|clearpoke\n|poke|p1|Leafeon, L50, F|\n|poke|p1|Dragonite, L50, F|\n|poke|p1|Clefable, L50, F|\n|poke|p1|Incineroar, L50, M|\n|poke|p1|Milotic, L50, F|\n|poke|p1|Torkoal, L50, F|\n|poke|p2|Tinkaton, L50, F|\n|poke|p2|Gengar, L50, M|\n|poke|p2|Beartic, L50, M|\n|poke|p2|Pelipper, L50, M|\n|poke|p2|Meowscarada, L50, M|\n|poke|p2|Dragonite, L50, M|\n|teampreview|4\n|inactive|Battle timer is ON: inactive players will automatically lose when time's up. (requested by mysticldt)\n|\n|t:|1776022724\n|teamsize|p1|4\n|teamsize|p2|4\n|start\n|switch|p1a: Torkoal|Torkoal, L50, F|100/100\n|switch|p1b: Leafeon|Leafeon, L50, F, shiny|100/100\n|switch|p2a: Beartic|Beartic, L50, M|100/100\n|switch|p2b: Meowscarada|Meowscarada, L50, M|100/100\n|-weather|SunnyDay|[from] ability: Drought|[of] p1a: Torkoal\n|turn|1\n|\n|t:|1776022746\n|move|p1b: Leafeon|X-Scissor|p2b: Meowscarada\n|-supereffective|p2b: Meowscarada|2\n|-enditem|p2b: Meowscarada|Focus Sash\n|-damage|p2b: Meowscarada|1/100\n|move|p2b: Meowscarada|U-turn|p1b: Leafeon\n|-start|p2b: Meowscarada|typechange|Bug|[from] ability: Protean\n|-supereffective|p1b: Leafeon|1\n|-damage|p1b: Leafeon|34/100\n|\n|t:|1776022756\n|switch|p2b: Pelipper|Pelipper, L50, M|100/100|[from] U-turn\n|-weather|RainDance|[from] ability: Drizzle|[of] p2b: Pelipper\n|move|p2a: Beartic|Icicle Crash|p1b: Leafeon\n|-supereffective|p1b: Leafeon|1\n|-damage|p1b: Leafeon|0 fnt\n|faint|p1b: Leafeon\n|move|p1a: Torkoal|Eruption|p2b: Pelipper|[spread] p2a,p2b\n|-supereffective|p2a: Beartic|1\n|-resisted|p2b: Pelipper|1\n|-damage|p2a: Beartic|43/100\n|-damage|p2b: Pelipper|83/100\n|\n|-weather|RainDance|[upkeep]\n|upkeep\n|\n|t:|1776022761\n|switch|p1b: Clefable|Clefable, L50, F, shiny|100/100\n|turn|2\n|\n|t:|1776022779\n|switch|p1a: Incineroar|Incineroar, L50, M, shiny|100/100\n|move|p2b: Pelipper|Helping Hand|p2a: Beartic\n|-singleturn|p2a: Beartic|Helping Hand|[of] p2b: Pelipper\n|move|p2a: Beartic|Earthquake|p1b: Clefable|[spread] p1a,p1b\n|-immune|p2b: Pelipper\n|-supereffective|p1a: Incineroar|1\n|-damage|p1a: Incineroar|1/100\n|-damage|p1b: Clefable|49/100\n|-enditem|p1b: Clefable|Sitrus Berry|[eat]\n|-heal|p1b: Clefable|73/100|[from] item: Sitrus Berry\n|move|p1b: Clefable|Moonblast|p2a: Beartic\n|-damage|p2a: Beartic|0 fnt\n|faint|p2a: Beartic\n|\n|-weather|RainDance|[upkeep]\n|-heal|p1a: Incineroar|7/100|[from] item: Leftovers\n|upkeep\n|\n|t:|1776022801\n|switch|p2a: Dragonite|Dragonite, L50, M|100/100\n|turn|3\n|\n|t:|1776022819\n|move|p1a: Incineroar|Fake Out|p2a: Dragonite\n|-damage|p2a: Dragonite|94/100\n|cant|p2a: Dragonite|flinch\n|move|p1b: Clefable|Moonblast|p2a: Dragonite\n|-supereffective|p2a: Dragonite|1\n|-damage|p2a: Dragonite|30/100\n|-unboost|p2a: Dragonite|spa|1\n|move|p2b: Pelipper|Muddy Water|p1a: Incineroar|[spread] p1a\n|-miss|p2b: Pelipper|p1b: Clefable\n|-supereffective|p1a: Incineroar|1\n|-damage|p1a: Incineroar|0 fnt\n|faint|p1a: Incineroar\n|\n|-weather|RainDance|[upkeep]\n|upkeep\n|\n|t:|1776022826\n|switch|p1a: Torkoal|Torkoal, L50, F|100/100\n|-weather|SunnyDay|[from] ability: Drought|[of] p1a: Torkoal\n|turn|4\n|\n|t:|1776022864\n|switch|p2b: Meowscarada|Meowscarada, L50, M|1/100\n|move|p2a: Dragonite|Protect|p2a: Dragonite\n|-singleturn|p2a: Dragonite|Protect\n|move|p1a: Torkoal|Ancient Power|p2b: Meowscarada\n|-damage|p2b: Meowscarada|0 fnt\n|-boost|p1a: Torkoal|atk|1\n|-boost|p1a: Torkoal|def|1\n|-boost|p1a: Torkoal|spa|1\n|-boost|p1a: Torkoal|spd|1\n|-boost|p1a: Torkoal|spe|1\n|faint|p2b: Meowscarada\n|move|p1b: Clefable|Moonblast|p2a: Dragonite\n|-activate|p2a: Dragonite|move: Protect\n|\n|-weather|SunnyDay|[upkeep]\n|upkeep\n|\n|t:|1776022882\n|switch|p2b: Pelipper|Pelipper, L50, M|83/100\n|-weather|RainDance|[from] ability: Drizzle|[of] p2b: Pelipper\n|turn|5\n|\n|t:|1776022898\n|detailschange|p2a: Dragonite|Dragonite-Mega, L50, M\n|-mega|p2a: Dragonite|Dragonite|Dragoninite\n|move|p1a: Torkoal|Ancient Power|p2b: Pelipper\n|-supereffective|p2b: Pelipper|1\n|-damage|p2b: Pelipper|17/100\n|move|p2a: Dragonite|Hurricane|p1b: Clefable\n|-damage|p1b: Clefable|35/100\n|-start|p1b: Clefable|confusion\n|-activate|p1b: Clefable|confusion\n|move|p1b: Clefable|Moonblast|p2a: Dragonite\n|-supereffective|p2a: Dragonite|1\n|-damage|p2a: Dragonite|0 fnt\n|faint|p2a: Dragonite\n|move|p2b: Pelipper|Muddy Water|p1a: Torkoal|[spread] p1a,p1b\n|-supereffective|p1a: Torkoal|1\n|-damage|p1a: Torkoal|5/100\n|-damage|p1b: Clefable|0 fnt\n|faint|p1b: Clefable\n|\n|-weather|RainDance|[upkeep]\n|upkeep\n|turn|6\n|c|\u2606SweetNyxiePie|ggwp!\n|inactive|mysticldt has 30 seconds left.\n|\n|t:|1776022927\n|move|p1a: Torkoal|Ancient Power|p2b: Pelipper\n|-supereffective|p2b: Pelipper|1\n|-damage|p2b: Pelipper|0 fnt\n|faint|p2b: Pelipper\n|\n|win|SweetNyxiePie\n|raw|SweetNyxiePie's rating: 1090 &rarr; <strong>1111</strong><br />(+21 for winning)\n|raw|mysticldt's rating: 1014 &rarr; <strong>1005</strong><br />(-9 for losing)\n|l|\u2606mysticldt\n|player|p2|\n",
  "uploadtime": 1776022943,
  "views": 16,
  "formatid": "gen9championsvgc2026regma",
  "rating": 1005,
  "private": 0,
  "password": null
}