{
  "id": "gen9championsvgc2026regma-2580760140",
  "format": "[Gen 9 Champions] VGC 2026 Reg M-A",
  "players": [
    "migolazo04",
    "Sklapr"
  ],
  "log": "|j|\u2606migolazo04\n|j|\u2606Sklapr\n|t:|1775930246\n|gametype|doubles\n|player|p1|migolazo04|265|1150\n|player|p2|Sklapr|102|1153\n|gen|9\n|tier|[Gen 9 Champions] VGC 2026 Reg M-A\n|rated|\n|rule|Species Clause: Limit one of each Pok\u00e9mon\n|rule|Item Clause: Limit 1 of each item\n|clearpoke\n|poke|p1|Starmie, L50|\n|poke|p1|Sneasler, L50, M|\n|poke|p1|Sinistcha, L50|\n|poke|p1|Kingambit, L50, F|\n|poke|p1|Dragonite, L50, F|\n|poke|p1|Pelipper, L50, F|\n|poke|p2|Greninja-*, L50, F|\n|poke|p2|Whimsicott, L50, F|\n|poke|p2|Volcarona, L50, M|\n|poke|p2|Charizard, L50, F|\n|poke|p2|Garchomp, L50, F|\n|poke|p2|Dragapult, L50, M|\n|teampreview|4\n|inactive|Battle timer is ON: inactive players will automatically lose when time's up. (requested by Sklapr)\n|\n|t:|1775930296\n|teamsize|p1|4\n|teamsize|p2|4\n|start\n|switch|p1a: Sneasler|Sneasler, L50, M|100/100\n|switch|p1b: Dragonite|Dragonite, L50, F|100/100\n|switch|p2a: Greninja|Greninja, L50, F, shiny|100/100\n|switch|p2b: Whimsicott|Whimsicott, L50, F, shiny|100/100\n|turn|1\n|\n|t:|1775930317\n|detailschange|p1b: Dragonite|Dragonite-Mega, L50, F\n|-mega|p1b: Dragonite|Dragonite|Dragoninite\n|move|p2a: Greninja|Protect|p2a: Greninja\n|-start|p2a: Greninja|typechange|Normal|[from] ability: Protean\n|-singleturn|p2a: Greninja|Protect\n|move|p1a: Sneasler|Fake Out|p2b: Whimsicott\n|-damage|p2b: Whimsicott|80/100\n|cant|p2b: Whimsicott|flinch\n|move|p1b: Dragonite|Tailwind|p1b: Dragonite\n|-sidestart|p1: migolazo04|move: Tailwind\n|\n|upkeep\n|turn|2\n|inactive|migolazo04 has 30 seconds left.\n|inactive|Sklapr has 30 seconds left.\n|\n|t:|1775930346\n|switch|p2a: Garchomp|Garchomp, L50, F, shiny|100/100\n|move|p2b: Whimsicott|Encore|p1b: Dragonite\n|-start|p1b: Dragonite|Encore\n|move|p1a: Sneasler|Close Combat|p2a: Garchomp\n|-damage|p2a: Garchomp|34/100\n|-unboost|p1a: Sneasler|def|1\n|-unboost|p1a: Sneasler|spd|1\n|-damage|p1a: Sneasler|88/100|[from] ability: Rough Skin|[of] p2a: Garchomp\n|move|p1b: Dragonite|Tailwind||[still]\n|-fail|p1b: Dragonite\n|\n|upkeep\n|turn|3\n|inactive|migolazo04 has 30 seconds left.\n|inactive|Sklapr has 30 seconds left.\n|\n|t:|1775930376\n|switch|p1b: Kingambit|Kingambit, L50, F|100/100\n|move|p2a: Garchomp|Protect|p2a: Garchomp\n|-singleturn|p2a: Garchomp|Protect\n|move|p2b: Whimsicott|Tailwind|p2b: Whimsicott\n|-sidestart|p2: Sklapr|move: Tailwind\n|move|p1a: Sneasler|Dire Claw|p2b: Whimsicott\n|-supereffective|p2b: Whimsicott|2\n|-damage|p2b: Whimsicott|0 fnt\n|faint|p2b: Whimsicott\n|\n|upkeep\n|\n|t:|1775930394\n|switch|p2b: Greninja|Greninja, L50, F, shiny|100/100\n|turn|4\n|inactive|migolazo04 has 30 seconds left.\n|inactive|migolazo04 has 20 seconds left.\n|\n|t:|1775930433\n|switch|p1a: Pelipper|Pelipper, L50, F|100/100\n|-weather|RainDance|[from] ability: Drizzle|[of] p1a: Pelipper\n|detailschange|p2b: Greninja|Greninja-Mega, L50, F, shiny\n|-mega|p2b: Greninja|Greninja|Greninjite\n|move|p1b: Kingambit|Sucker Punch|p2a: Garchomp\n|-damage|p2a: Garchomp|0 fnt\n|-damage|p1b: Kingambit|88/100|[from] ability: Rough Skin|[of] p2a: Garchomp\n|faint|p2a: Garchomp\n|move|p2b: Greninja|Ice Beam|p1a: Pelipper\n|-start|p2b: Greninja|typechange|Ice|[from] ability: Protean\n|-damage|p1a: Pelipper|14/100\n|\n|-weather|RainDance|[upkeep]\n|-sideend|p1: migolazo04|move: Tailwind\n|upkeep\n|\n|t:|1775930437\n|switch|p2a: Charizard|Charizard, L50, F, shiny|100/100\n|turn|5\n|inactive|migolazo04 has 30 seconds left.\n|inactive|migolazo04 has 20 seconds left.\n|inactive|migolazo04 has 15 seconds left.\n|\n|t:|1775930478\n|switch|p1a: Sneasler|Sneasler, L50, M|88/100\n|move|p1b: Kingambit|Protect|p1b: Kingambit\n|-singleturn|p1b: Kingambit|Protect\n|move|p2b: Greninja|Ice Beam|p1a: Sneasler\n|-damage|p1a: Sneasler|20/100\n|move|p2a: Charizard|Heat Wave|p1a: Sneasler|[spread] p1a\n|-activate|p1b: Kingambit|move: Protect\n|-damage|p1a: Sneasler|0 fnt\n|faint|p1a: Sneasler\n|\n|-weather|RainDance|[upkeep]\n|upkeep\n|\n|t:|1775930491\n|switch|p1a: Dragonite|Dragonite-Mega, L50, F|100/100\n|turn|6\n|\n|t:|1775930506\n|move|p1a: Dragonite|Protect|p1a: Dragonite\n|-singleturn|p1a: Dragonite|Protect\n|move|p2b: Greninja|Ice Beam|p1a: Dragonite\n|-activate|p1a: Dragonite|move: Protect\n|move|p2a: Charizard|Air Slash|p1a: Dragonite\n|-activate|p1a: Dragonite|move: Protect\n|move|p1b: Kingambit|Iron Head|p2b: Greninja\n|-supereffective|p2b: Greninja|1\n|-damage|p2b: Greninja|0 fnt\n|faint|p2b: Greninja\n|\n|-weather|RainDance|[upkeep]\n|-sideend|p2: Sklapr|move: Tailwind\n|upkeep\n|turn|7\n|\n|t:|1775930527\n|move|p2a: Charizard|Overheat|p1b: Kingambit\n|-supereffective|p1b: Kingambit|1\n|-crit|p1b: Kingambit\n|-damage|p1b: Kingambit|0 fnt\n|-unboost|p2a: Charizard|spa|2\n|faint|p1b: Kingambit\n|move|p1a: Dragonite|Hurricane|p2a: Charizard\n|-damage|p2a: Charizard|15/100\n|\n|-weather|RainDance|[upkeep]\n|upkeep\n|\n|t:|1775930535\n|switch|p1b: Pelipper|Pelipper, L50, F|14/100\n|turn|8\n|l|\u2606Sklapr\n|inactive|Sklapr disconnected and has a minute to reconnect!\n|player|p2|\n|inactive|Sklapr has 30 seconds left.\n|inactive|Sklapr has 20 seconds left.\n|inactive|Sklapr has 15 seconds left.\n|inactive|Sklapr has 10 seconds left.\n|j|\u2606Sklapr\n|inactive|Sklapr reconnected and has 10 seconds left.\n|player|p2|Sklapr|102|\n|inactive|Sklapr has 5 seconds left.\n|\n|t:|1775930588\n|move|p1b: Pelipper|Weather Ball|p2a: Charizard\n|-supereffective|p2a: Charizard|1\n|-damage|p2a: Charizard|0 fnt\n|faint|p2a: Charizard\n|\n|win|migolazo04\n|raw|migolazo04's rating: 1150 &rarr; <strong>1175</strong><br />(+25 for winning)\n|raw|Sklapr's rating: 1153 &rarr; <strong>1128</strong><br />(-25 for losing)\n|l|\u2606Sklapr\n|player|p2|\n",
  "uploadtime": 1775930599,
  "views": 14,
  "formatid": "gen9championsvgc2026regma",
  "rating": 1128,
  "private": 0,
  "password": null
}