{
  "id": "gen9championsvgc2026regma-2582983776",
  "format": "[Gen 9 Champions] VGC 2026 Reg M-A",
  "players": [
    "sabers wife",
    "redstonejesus"
  ],
  "log": "|j|\u2606sabers wife\n|j|\u2606redstonejesus\n|t:|1776130712\n|gametype|doubles\n|player|p1|sabers wife|169|1040\n|player|p2|redstonejesus|101|1094\n|gen|9\n|tier|[Gen 9 Champions] VGC 2026 Reg M-A\n|rated|\n|rule|Species Clause: Limit one of each Pok\u00e9mon\n|rule|Item Clause: Limit 1 of each item\n|clearpoke\n|poke|p1|Gyarados, L50, F|\n|poke|p1|Sinistcha, L50|\n|poke|p1|Arcanine, L50, F|\n|poke|p1|Raichu, L50, F|\n|poke|p1|Kingambit, L50, M|\n|poke|p1|Dragapult, L50, M|\n|poke|p2|Archaludon, L50, F|\n|poke|p2|Pelipper, L50, M|\n|poke|p2|Basculegion, L50, M|\n|poke|p2|Sneasler, L50, M|\n|poke|p2|Incineroar, L50, M|\n|poke|p2|Gengar, L50, F|\n|teampreview|4\n|inactive|Battle timer is ON: inactive players will automatically lose when time's up. (requested by sabers wife)\n|\n|t:|1776130737\n|teamsize|p1|4\n|teamsize|p2|4\n|start\n|switch|p1a: Gyarados|Gyarados, L50, F|100/100\n|switch|p1b: Sinistcha|Sinistcha, L50|100/100\n|switch|p2a: Archaludon|Archaludon, L50, F|100/100\n|switch|p2b: Basculegion|Basculegion, L50, M|100/100\n|-ability|p1a: Gyarados|Intimidate|boost\n|-unboost|p2a: Archaludon|atk|1\n|-unboost|p2b: Basculegion|atk|1\n|turn|1\n|inactive|redstonejesus has 30 seconds left.\n|inactive|redstonejesus has 20 seconds left.\n|\n|t:|1776130772\n|switch|p2b: Pelipper|Pelipper, L50, M, shiny|100/100\n|-weather|RainDance|[from] ability: Drizzle|[of] p2b: Pelipper\n|detailschange|p1a: Gyarados|Gyarados-Mega, L50, F\n|-mega|p1a: Gyarados|Gyarados|Gyaradosite\n|-ability|p1a: Gyarados|Mold Breaker\n|move|p1b: Sinistcha|Rage Powder|p1b: Sinistcha\n|-singleturn|p1b: Sinistcha|move: Rage Powder\n|move|p2a: Archaludon|Electro Shot||[still]\n|-prepare|p2a: Archaludon|Electro Shot\n|-boost|p2a: Archaludon|spa|1\n|-anim|p2a: Archaludon|Electro Shot|p1b: Sinistcha\n|-resisted|p1b: Sinistcha|1\n|-damage|p1b: Sinistcha|53/100\n|move|p1a: Gyarados|Dragon Dance|p1a: Gyarados\n|-boost|p1a: Gyarados|atk|1\n|-boost|p1a: Gyarados|spe|1\n|\n|-weather|RainDance|[upkeep]\n|-heal|p1b: Sinistcha|60/100|[from] item: Leftovers\n|upkeep\n|turn|2\n|inactive|sabers wife has 30 seconds left.\n|inactive|redstonejesus has 30 seconds left.\n|inactive|sabers wife has 20 seconds left.\n|\n|t:|1776130809\n|move|p1a: Gyarados|Protect|p1a: Gyarados\n|-singleturn|p1a: Gyarados|Protect\n|move|p2a: Archaludon|Protect|p2a: Archaludon\n|-singleturn|p2a: Archaludon|Protect\n|move|p2b: Pelipper|Tailwind|p2b: Pelipper\n|-sidestart|p2: redstonejesus|move: Tailwind\n|move|p1b: Sinistcha|Matcha Gotcha|p2a: Archaludon|[spread] p2b\n|-activate|p2a: Archaludon|move: Protect\n|-damage|p2b: Pelipper|56/100\n|-heal|p1b: Sinistcha|77/100|[from] drain|[of] p2b: Pelipper\n|\n|-weather|RainDance|[upkeep]\n|-heal|p1b: Sinistcha|83/100|[from] item: Leftovers\n|upkeep\n|turn|3\n|inactive|sabers wife has 30 seconds left.\n|inactive|redstonejesus has 30 seconds left.\n|\n|t:|1776130837\n|switch|p2a: Sneasler|Sneasler, L50, M|100/100\n|move|p2b: Pelipper|Hurricane|p1b: Sinistcha\n|-supereffective|p1b: Sinistcha|1\n|-damage|p1b: Sinistcha|0 fnt\n|faint|p1b: Sinistcha\n|move|p1a: Gyarados|Crunch|p2b: Pelipper\n|-damage|p2b: Pelipper|0 fnt\n|faint|p2b: Pelipper\n|\n|-weather|RainDance|[upkeep]\n|upkeep\n|\n|t:|1776130849\n|switch|p2b: Archaludon|Archaludon, L50, F|100/100\n|switch|p1b: Raichu|Raichu, L50, F|100/100\n|turn|4\n|\n|t:|1776130861\n|move|p1b: Raichu|Fake Out|p2a: Sneasler\n|-damage|p2a: Sneasler|86/100\n|cant|p2a: Sneasler|flinch\n|move|p2b: Archaludon|Flash Cannon|p1b: Raichu\n|-resisted|p1b: Raichu|1\n|-damage|p1b: Raichu|65/100\n|move|p1a: Gyarados|Waterfall|p2a: Sneasler\n|-damage|p2a: Sneasler|0 fnt\n|faint|p2a: Sneasler\n|\n|-weather|RainDance|[upkeep]\n|upkeep\n|\n|t:|1776130872\n|switch|p2a: Basculegion|Basculegion, L50, M|100/100\n|turn|5\n|\n|t:|1776130880\n|move|p2a: Basculegion|Last Respects|p1b: Raichu\n|-damage|p1b: Raichu|0 fnt\n|faint|p1b: Raichu\n|move|p2b: Archaludon|Electro Shot||[still]\n|-prepare|p2b: Archaludon|Electro Shot\n|-boost|p2b: Archaludon|spa|1\n|-anim|p2b: Archaludon|Electro Shot|p1a: Gyarados\n|-supereffective|p1a: Gyarados|1\n|-damage|p1a: Gyarados|0 fnt\n|faint|p1a: Gyarados\n|\n|-weather|none\n|-sideend|p2: redstonejesus|move: Tailwind\n|upkeep\n|\n|t:|1776130885\n|switch|p1b: Dragapult|Dragapult, L50, M|100/100\n|turn|6\n|\n|t:|1776130899\n|move|p2a: Basculegion|Last Respects|p1b: Dragapult\n|-supereffective|p1b: Dragapult|1\n|-damage|p1b: Dragapult|0 fnt\n|faint|p1b: Dragapult\n|\n|win|redstonejesus\n|raw|sabers wife's rating: 1040 &rarr; <strong>1026</strong><br />(-14 for losing)\n|raw|redstonejesus's rating: 1094 &rarr; <strong>1116</strong><br />(+22 for winning)\n|l|\u2606sabers wife\n|player|p1|\n",
  "uploadtime": 1776130911,
  "views": 10,
  "formatid": "gen9championsvgc2026regma",
  "rating": 1026,
  "private": 0,
  "password": null
}