{
  "id": "gen9championsvgc2026regma-2586629226",
  "format": "[Gen 9 Champions] VGC 2026 Reg M-A",
  "players": [
    "orionsayshi",
    "Oscarm92"
  ],
  "log": "|j|\u2606orionsayshi\n|j|\u2606Oscarm92\n|t:|1776447995\n|gametype|doubles\n|player|p1|orionsayshi|elesa|1106\n|player|p2|Oscarm92|1|1184\n|gen|9\n|tier|[Gen 9 Champions] VGC 2026 Reg M-A\n|rated|\n|rule|Species Clause: Limit one of each Pok\u00e9mon\n|rule|Item Clause: Limit 1 of each item\n|clearpoke\n|poke|p1|Incineroar, L50, M|\n|poke|p1|Gengar, L50, F|\n|poke|p1|Sableye, L50, M|\n|poke|p1|Arcanine-Hisui, L50, F|\n|poke|p1|Bellibolt, L50, F|\n|poke|p1|Sinistcha, L50|\n|poke|p2|Dragapult, L50, F|\n|poke|p2|Charizard, L50, F|\n|poke|p2|Garchomp, L50, M|\n|poke|p2|Kingambit, L50, M|\n|poke|p2|Sneasler, L50, F|\n|poke|p2|Incineroar, L50, M|\n|teampreview|4\n|inactive|Battle timer is ON: inactive players will automatically lose when time's up. (requested by orionsayshi)\n|\n|t:|1776448056\n|teamsize|p1|4\n|teamsize|p2|4\n|start\n|switch|p1a: Arcanine|Arcanine-Hisui, L50, F|100/100\n|switch|p1b: Bellibolt|Bellibolt, L50, F|100/100\n|switch|p2a: Dragapult|Dragapult, L50, F, shiny|100/100\n|switch|p2b: Charizard|Charizard, L50, F, shiny|100/100\n|-ability|p1a: Arcanine|Intimidate|boost\n|-fail|p2a: Dragapult|unboost|[from] ability: Clear Body|[of] p2a: Dragapult\n|-unboost|p2b: Charizard|atk|1\n|turn|1\n|inactive|orionsayshi has 30 seconds left.\n|inactive|Oscarm92 has 30 seconds left.\n|\n|t:|1776448085\n|switch|p2a: Incineroar|Incineroar, L50, M, shiny|100/100\n|-ability|p2a: Incineroar|Intimidate|boost\n|-unboost|p1a: Arcanine|atk|1\n|-unboost|p1b: Bellibolt|atk|1\n|move|p2b: Charizard|Protect|p2b: Charizard\n|-singleturn|p2b: Charizard|Protect\n|move|p1a: Arcanine|Head Smash|p2a: Incineroar\n|-supereffective|p2a: Incineroar|1\n|-damage|p2a: Incineroar|10/100\n|-enditem|p2a: Incineroar|Sitrus Berry|[eat]\n|-heal|p2a: Incineroar|35/100|[from] item: Sitrus Berry\n|-damage|p1a: Arcanine|48/100|[from] Recoil\n|move|p1b: Bellibolt|Volt Switch|p2b: Charizard\n|-activate|p2b: Charizard|move: Protect\n|\n|upkeep\n|turn|2\n|inactive|Oscarm92 has 30 seconds left.\n|inactive|Oscarm92 has 20 seconds left.\n|inactive|Oscarm92 has 15 seconds left.\n|inactive|orionsayshi has 30 seconds left.\n|inactive|Oscarm92 has 10 seconds left.\n|inactive|Oscarm92 has 5 seconds left.\n|\n|t:|1776448136\n|switch|p2b: Kingambit|Kingambit, L50, M|100/100\n|move|p2a: Incineroar|Fake Out|p1b: Bellibolt\n|-damage|p1b: Bellibolt|90/100\n|-start|p1b: Bellibolt|Charge|Fake Out|[from] ability: Electromorphosis\n|move|p1a: Arcanine|Head Smash|p2b: Kingambit\n|-resisted|p2b: Kingambit|1\n|-crit|p2b: Kingambit\n|-damage|p2b: Kingambit|55/100\n|-damage|p1a: Arcanine|21/100|[from] Recoil\n|cant|p1b: Bellibolt|flinch\n|-end|p1b: Bellibolt|Charge|[silent]\n|\n|upkeep\n|turn|3\n|inactive|Oscarm92 has 30 seconds left.\n|\n|t:|1776448165\n|switch|p1a: Sableye|Sableye, L50, M|100/100\n|move|p2b: Kingambit|Sucker Punch||[still]\n|-fail|p2b: Kingambit\n|move|p2a: Incineroar|Flare Blitz|p1b: Bellibolt\n|-damage|p1b: Bellibolt|47/100\n|-start|p1b: Bellibolt|Charge|Flare Blitz|[from] ability: Electromorphosis\n|-damage|p2a: Incineroar|20/100|[from] Recoil\n|move|p1b: Bellibolt|Parabolic Charge|p2a: Incineroar|[spread] p1a,p2a,p2b\n|-damage|p1a: Sableye|32/100\n|-heal|p1b: Bellibolt|72/100|[from] drain|[of] p1a: Sableye\n|-damage|p2a: Incineroar|0 fnt\n|-heal|p1b: Bellibolt|81/100|[from] drain|[of] p2a: Incineroar\n|-damage|p2b: Kingambit|12/100\n|-heal|p1b: Bellibolt|100/100|[from] drain|[of] p2b: Kingambit\n|faint|p2a: Incineroar\n|-end|p1b: Bellibolt|Charge|[silent]\n|\n|upkeep\n|inactive|Oscarm92 has 30 seconds left.\n|\n|t:|1776448198\n|switch|p2a: Dragapult|Dragapult, L50, F, shiny|100/100\n|turn|4\n|inactive|Oscarm92 has 30 seconds left.\n|\n|t:|1776448223\n|move|p2b: Kingambit|Sucker Punch||[still]\n|-fail|p2b: Kingambit\n|move|p1a: Sableye|Gravity|p1a: Sableye\n|-fieldstart|move: Gravity\n|move|p2a: Dragapult|Shadow Ball|p1b: Bellibolt\n|-crit|p1b: Bellibolt\n|-damage|p1b: Bellibolt|53/100\n|-start|p1b: Bellibolt|Charge|Shadow Ball|[from] ability: Electromorphosis\n|move|p1b: Bellibolt|Zap Cannon|p2a: Dragapult\n|-resisted|p2a: Dragapult|1\n|-damage|p2a: Dragapult|8/100\n|-status|p2a: Dragapult|par\n|-enditem|p2a: Dragapult|Lum Berry|[eat]\n|-curestatus|p2a: Dragapult|par|[msg]\n|-end|p1b: Bellibolt|Charge|[silent]\n|\n|upkeep\n|turn|5\n|\n|t:|1776448241\n|move|p1a: Sableye|Protect|p1a: Sableye\n|-singleturn|p1a: Sableye|Protect\n|move|p2b: Kingambit|Sucker Punch||[still]\n|-fail|p2b: Kingambit\n|move|p2a: Dragapult|Shadow Ball|p1b: Bellibolt\n|-damage|p1b: Bellibolt|21/100\n|-unboost|p1b: Bellibolt|spd|1\n|-start|p1b: Bellibolt|Charge|Shadow Ball|[from] ability: Electromorphosis\n|move|p1b: Bellibolt|Parabolic Charge|p2a: Dragapult|[spread] p2a,p2b\n|-activate|p1a: Sableye|move: Protect\n|-resisted|p2a: Dragapult|1\n|-damage|p2a: Dragapult|0 fnt\n|-heal|p1b: Bellibolt|24/100|[from] drain|[of] p2a: Dragapult\n|-damage|p2b: Kingambit|0 fnt\n|-heal|p1b: Bellibolt|30/100|[from] drain|[of] p2b: Kingambit\n|faint|p2a: Dragapult\n|faint|p2b: Kingambit\n|-end|p1b: Bellibolt|Charge|[silent]\n|\n|upkeep\n|\n|t:|1776448247\n|switch|p2a: Charizard|Charizard, L50, F, shiny|100/100\n|turn|6\n|-message|Oscarm92 forfeited.\n|\n|win|orionsayshi\n|raw|orionsayshi's rating: 1106 &rarr; <strong>1137</strong><br />(+31 for winning)\n|raw|Oscarm92's rating: 1184 &rarr; <strong>1153</strong><br />(-31 for losing)\n|l|\u2606Oscarm92\n|player|p2|\n",
  "uploadtime": 1776448279,
  "views": 31,
  "formatid": "gen9championsvgc2026regma",
  "rating": 1137,
  "private": 0,
  "password": null
}