{
  "id": "gen9championsvgc2026regma-2588362891",
  "format": "[Gen 9 Champions] VGC 2026 Reg M-A",
  "players": [
    "CappyCappy",
    "Srgt.Hunter"
  ],
  "log": "|j|\u2606CappyCappy\n|j|\u2606Srgt.Hunter\n|t:|1776627276\n|gametype|doubles\n|player|p1|CappyCappy|miku-fairy|1258\n|player|p2|Srgt.Hunter|red|1335\n|gen|9\n|tier|[Gen 9 Champions] VGC 2026 Reg M-A\n|rated|\n|rule|Species Clause: Limit one of each Pok\u00e9mon\n|rule|Item Clause: Limit 1 of each item\n|clearpoke\n|poke|p1|Sneasler, L50, F|\n|poke|p1|Basculegion, L50, M|\n|poke|p1|Aerodactyl, L50, M|\n|poke|p1|Kingambit, L50, M|\n|poke|p1|Froslass, L50, F, shiny|\n|poke|p1|Charizard, L50, M|\n|poke|p2|Garchomp, L50, M|\n|poke|p2|Orthworm, L50, F, shiny|\n|poke|p2|Froslass, L50, F|\n|poke|p2|Incineroar, L50, M|\n|poke|p2|Armarouge, L50, M|\n|poke|p2|Milotic, L50, F|\n|teampreview|4\n|inactive|Battle timer is ON: inactive players will automatically lose when time's up. (requested by CappyCappy)\n|\n|t:|1776627314\n|teamsize|p1|4\n|teamsize|p2|4\n|start\n|switch|p1a: Sneasler|Sneasler, L50, F|100/100\n|switch|p1b: Charizard|Charizard, L50, M|100/100\n|switch|p2a: Garchomp|Garchomp, L50, M|100/100\n|switch|p2b: Orthworm|Orthworm, L50, F, shiny|100/100\n|turn|1\n|\n|t:|1776627325\n|move|p2a: Garchomp|Protect|p2a: Garchomp\n|-singleturn|p2a: Garchomp|Protect\n|move|p2b: Orthworm|Protect|p2b: Orthworm\n|-singleturn|p2b: Orthworm|Protect\n|move|p1a: Sneasler|Close Combat|p2b: Orthworm\n|-activate|p2b: Orthworm|move: Protect\n|move|p1b: Charizard|Heat Wave|p2b: Orthworm|[spread] \n|-activate|p2a: Garchomp|move: Protect\n|-activate|p2b: Orthworm|move: Protect\n|\n|upkeep\n|turn|2\n|\n|t:|1776627345\n|switch|p2b: Armarouge|Armarouge, L50, M|100/100\n|move|p1a: Sneasler|Close Combat|p2b: Armarouge\n|-resisted|p2b: Armarouge|1\n|-damage|p2b: Armarouge|63/100\n|-unboost|p1a: Sneasler|def|1\n|-unboost|p1a: Sneasler|spd|1\n|-enditem|p1a: Sneasler|White Herb\n|-clearnegativeboost|p1a: Sneasler|[silent]\n|move|p2a: Garchomp|Rock Slide|p1b: Charizard|[spread] p1a,p1b\n|-resisted|p1a: Sneasler|1\n|-supereffective|p1b: Charizard|2\n|-damage|p1a: Sneasler|83/100\n|-damage|p1b: Charizard|0 fnt\n|faint|p1b: Charizard\n|\n|upkeep\n|\n|t:|1776627357\n|switch|p1b: Basculegion|Basculegion, L50, M|100/100\n|turn|3\n|\n|t:|1776627369\n|switch|p2b: Orthworm|Orthworm, L50, F, shiny|100/100\n|move|p1a: Sneasler|Close Combat|p2a: Garchomp\n|-damage|p2a: Garchomp|36/100\n|-unboost|p1a: Sneasler|def|1\n|-unboost|p1a: Sneasler|spd|1\n|-damage|p1a: Sneasler|71/100|[from] ability: Rough Skin|[of] p2a: Garchomp\n|move|p1b: Basculegion|Wave Crash|p2b: Orthworm\n|-damage|p2b: Orthworm|46/100\n|-enditem|p2b: Orthworm|Sitrus Berry|[eat]\n|-heal|p2b: Orthworm|71/100|[from] item: Sitrus Berry\n|-damage|p1b: Basculegion|84/100|[from] Recoil\n|move|p2a: Garchomp|Earthquake|p1b: Basculegion|[spread] p1a,p1b\n|-heal|p2b: Orthworm|96/100|[from] ability: Earth Eater|[of] p2a: Garchomp\n|-supereffective|p1a: Sneasler|1\n|-damage|p1a: Sneasler|0 fnt\n|-damage|p1b: Basculegion|26/100\n|faint|p1a: Sneasler\n|\n|upkeep\n|\n|t:|1776627383\n|switch|p1a: Froslass|Froslass, L50, F, shiny|100/100\n|turn|4\n|\n|t:|1776627394\n|detailschange|p1a: Froslass|Froslass-Mega, L50, F, shiny\n|-mega|p1a: Froslass|Froslass|Froslassite\n|-weather|Snowscape|[from] ability: Snow Warning|[of] p1a: Froslass\n|move|p1b: Basculegion|Wave Crash|p2b: Orthworm\n|-damage|p2b: Orthworm|38/100\n|-damage|p1b: Basculegion|9/100|[from] Recoil\n|move|p1a: Froslass|Blizzard|p2b: Orthworm|[spread] p2a,p2b\n|-supereffective|p2a: Garchomp|2\n|-resisted|p2b: Orthworm|1\n|-crit|p2b: Orthworm\n|-damage|p2a: Garchomp|0 fnt\n|-damage|p2b: Orthworm|0 fnt\n|faint|p2a: Garchomp\n|faint|p2b: Orthworm\n|\n|-weather|Snowscape|[upkeep]\n|upkeep\n|\n|t:|1776627409\n|switch|p2a: Armarouge|Armarouge, L50, M|63/100\n|switch|p2b: Froslass|Froslass, L50, F|100/100\n|turn|5\n|\n|t:|1776627429\n|detailschange|p2b: Froslass|Froslass-Mega, L50, F\n|-mega|p2b: Froslass|Froslass|Froslassite\n|move|p1b: Basculegion|Wave Crash|p2a: Armarouge\n|-supereffective|p2a: Armarouge|1\n|-damage|p2a: Armarouge|0 fnt\n|faint|p2a: Armarouge\n|-damage|p1b: Basculegion|0 fnt|[from] Recoil\n|faint|p1b: Basculegion\n|move|p2b: Froslass|Shadow Ball|p1a: Froslass\n|-supereffective|p1a: Froslass|1\n|-damage|p1a: Froslass|0 fnt\n|faint|p1a: Froslass\n|\n|win|Srgt.Hunter\n|raw|CappyCappy's rating: 1258 &rarr; <strong>1238</strong><br />(-20 for losing)\n|raw|Srgt.Hunter's rating: 1335 &rarr; <strong>1351</strong><br />(+16 for winning)\n",
  "uploadtime": 1776627429,
  "views": 12,
  "formatid": "gen9championsvgc2026regma",
  "rating": 1238,
  "private": 0,
  "password": null
}