{
  "id": "gen9championsvgc2026regma-2583906027",
  "format": "[Gen 9 Champions] VGC 2026 Reg M-A",
  "players": [
    "Give_Rn",
    "vnunesp12"
  ],
  "log": "|j|\u2606Give_Rn\n|j|\u2606vnunesp12\n|t:|1776207145\n|gametype|doubles\n|player|p1|Give_Rn|lance|1093\n|player|p2|vnunesp12|red|1111\n|gen|9\n|tier|[Gen 9 Champions] VGC 2026 Reg M-A\n|rated|\n|rule|Species Clause: Limit one of each Pok\u00e9mon\n|rule|Item Clause: Limit 1 of each item\n|clearpoke\n|poke|p1|Archaludon, L50, F|\n|poke|p1|Pelipper, L50, F|\n|poke|p1|Basculegion, L50, M|\n|poke|p1|Sneasler, L50, M|\n|poke|p1|Dragonite, L50, F|\n|poke|p1|Gengar, L50, M|\n|poke|p2|Manectric, L50, M|\n|poke|p2|Pelipper, L50, M|\n|poke|p2|Sinistcha, L50|\n|poke|p2|Basculegion, L50, M|\n|poke|p2|Sneasler, L50, M|\n|poke|p2|Kingambit, L50, M|\n|teampreview|4\n|inactive|Battle timer is ON: inactive players will automatically lose when time's up. (requested by vnunesp12)\nGive_Rn rejected open team sheets.\n|inactive|vnunesp12 has 60 seconds left.\n|\n|t:|1776207185\n|teamsize|p1|4\n|teamsize|p2|4\n|start\n|switch|p1a: Pelipper|Pelipper, L50, F|100/100\n|switch|p1b: Sneasler|Sneasler, L50, M|100/100\n|switch|p2a: Pulga|Sneasler, L50, M|100/100\n|switch|p2b: Erick|Kingambit, L50, M|100/100\n|-weather|RainDance|[from] ability: Drizzle|[of] p1a: Pelipper\n|turn|1\n|inactive|vnunesp12 has 30 seconds left.\n|\n|t:|1776207216\n|move|p1b: Sneasler|Fake Out|p2a: Pulga\n|-damage|p2a: Pulga|77/100\n|cant|p2a: Pulga|flinch\n|move|p1a: Pelipper|Tailwind|p1a: Pelipper\n|-sidestart|p1: Give_Rn|move: Tailwind\n|move|p2b: Erick|Kowtow Cleave|p1a: Pelipper\n|-damage|p1a: Pelipper|32/100\n|\n|-weather|RainDance|[upkeep]\n|upkeep\n|turn|2\n|inactive|vnunesp12 has 30 seconds left.\n|inactive|vnunesp12 has 20 seconds left.\n|inactive|vnunesp12 has 15 seconds left.\n|inactive|vnunesp12 has 10 seconds left.\n|\n|t:|1776207264\n|move|p2b: Erick|Protect|p2b: Erick\n|-singleturn|p2b: Erick|Protect\n|move|p1b: Sneasler|Close Combat|p2b: Erick\n|-activate|p2b: Erick|move: Protect\n|move|p1a: Pelipper|Hurricane|p2a: Pulga\n|-supereffective|p2a: Pulga|1\n|-damage|p2a: Pulga|0 fnt\n|faint|p2a: Pulga\n|\n|-weather|RainDance|[upkeep]\n|upkeep\n|\n|t:|1776207280\n|switch|p2a: Jean Lucas|Basculegion, L50, M|100/100\n|turn|3\n|\n|t:|1776207301\n|move|p2b: Erick|Sucker Punch|p1b: Sneasler\n|-resisted|p1b: Sneasler|1\n|-damage|p1b: Sneasler|60/100\n|move|p2a: Jean Lucas|Flip Turn|p1b: Sneasler\n|-damage|p1b: Sneasler|0 fnt\n|faint|p1b: Sneasler\n|\n|t:|1776207310\n|switch|p2a: Luciano Juba|Manectric, L50, M|100/100|[from] Flip Turn\n|move|p1a: Pelipper|Hurricane|p2a: Luciano Juba\n|-resisted|p2a: Luciano Juba|1\n|-damage|p2a: Luciano Juba|57/100\n|-start|p2a: Luciano Juba|confusion\n|\n|-weather|RainDance|[upkeep]\n|upkeep\n|\n|t:|1776207321\n|switch|p1b: Archaludon|Archaludon, L50, F, shiny|100/100\n|turn|4\n|inactive|vnunesp12 has 30 seconds left.\n|inactive|vnunesp12 has 20 seconds left.\n|\n|t:|1776207358\n|detailschange|p2a: Luciano Juba|Manectric-Mega, L50, M\n|-mega|p2a: Luciano Juba|Manectric|Manectite\n|-ability|p2a: Luciano Juba|Intimidate|boost\n|-unboost|p1a: Pelipper|atk|1\n|-unboost|p1b: Archaludon|atk|1\n|move|p2b: Erick|Sucker Punch|p1b: Archaludon\n|-damage|p1b: Archaludon|70/100\n|-ability|p1b: Archaludon|Stamina|boost\n|-boost|p1b: Archaludon|def|1\n|move|p1a: Pelipper|Weather Ball|p2b: Erick\n|-damage|p2b: Erick|33/100\n|move|p1b: Archaludon|Electro Shot||[still]\n|-prepare|p1b: Archaludon|Electro Shot\n|-boost|p1b: Archaludon|spa|1\n|-anim|p1b: Archaludon|Electro Shot|p2b: Erick\n|-damage|p2b: Erick|0 fnt\n|faint|p2b: Erick\n|-activate|p2a: Luciano Juba|confusion\n|move|p2a: Luciano Juba|Volt Switch|p1a: Pelipper\n|-supereffective|p1a: Pelipper|2\n|-damage|p1a: Pelipper|0 fnt\n|faint|p1a: Pelipper\n|\n|t:|1776207379\n|switch|p2a: Jean Lucas|Basculegion, L50, M|100/100|[from] Volt Switch\n|\n|-weather|RainDance|[upkeep]\n|-heal|p1b: Archaludon|76/100|[from] item: Leftovers\n|-sideend|p1: Give_Rn|move: Tailwind\n|upkeep\n|\n|t:|1776207387\n|switch|p1a: Basculegion|Basculegion, L50, M|100/100\n|switch|p2b: Luciano Juba|Manectric-Mega, L50, M|57/100\n|-ability|p2b: Luciano Juba|Intimidate|boost\n|-unboost|p1a: Basculegion|atk|1\n|-unboost|p1b: Archaludon|atk|1\n|turn|5\n|inactive|vnunesp12 has 30 seconds left.\n|\n|t:|1776207416\n|move|p2a: Jean Lucas|Last Respects|p1b: Archaludon\n|-crit|p1b: Archaludon\n|-damage|p1b: Archaludon|0 fnt\n|faint|p1b: Archaludon\n|move|p1a: Basculegion|Last Respects|p2a: Jean Lucas\n|-supereffective|p2a: Jean Lucas|1\n|-damage|p2a: Jean Lucas|0 fnt\n|faint|p2a: Jean Lucas\n|move|p2b: Luciano Juba|Thunder|p1a: Basculegion\n|-supereffective|p1a: Basculegion|1\n|-damage|p1a: Basculegion|0 fnt\n|faint|p1a: Basculegion\n|\n|win|vnunesp12\n|raw|Give_Rn's rating: 1093 &rarr; <strong>1070</strong><br />(-23 for losing)\n|raw|vnunesp12's rating: 1111 &rarr; <strong>1135</strong><br />(+24 for winning)\n|l|\u2606Give_Rn\n|player|p1|\n",
  "uploadtime": 1776207433,
  "views": 18,
  "formatid": "gen9championsvgc2026regma",
  "rating": 1070,
  "private": 0,
  "password": null
}