{
  "id": "gen9championsvgc2026regma-2584722384",
  "format": "[Gen 9 Champions] VGC 2026 Reg M-A",
  "players": [
    "klaun26",
    "scottyylmao"
  ],
  "log": "|j|\u2606klaun26\n|j|\u2606scottyylmao\n|t:|1776279091\n|gametype|doubles\n|player|p1|klaun26|170|1168\n|player|p2|scottyylmao|caitlin|1193\n|gen|9\n|tier|[Gen 9 Champions] VGC 2026 Reg M-A\n|rated|\n|rule|Species Clause: Limit one of each Pok\u00e9mon\n|rule|Item Clause: Limit 1 of each item\n|clearpoke\n|poke|p1|Sneasler, L50, M|\n|poke|p1|Pelipper, L50, M|\n|poke|p1|Basculegion, L50, M|\n|poke|p1|Sinistcha, L50|\n|poke|p1|Archaludon, L50, M|\n|poke|p1|Floette-Eternal, L50, F|\n|poke|p2|Talonflame, L50, F|\n|poke|p2|Lucario, L50, F|\n|poke|p2|Milotic, L50, F|\n|poke|p2|Jolteon, L50, M|\n|poke|p2|Froslass, L50, F|\n|poke|p2|Samurott-Hisui, L50, M|\n|teampreview|4\n|inactive|Battle timer is ON: inactive players will automatically lose when time's up. (requested by klaun26)\nklaun26 rejected open team sheets.\n|inactive|klaun26 has 60 seconds left.\n|inactive|scottyylmao has 60 seconds left.\n|\n|t:|1776279125\n|teamsize|p1|4\n|teamsize|p2|4\n|start\n|switch|p1a: Pelipper|Pelipper, L50, M, shiny|100/100\n|switch|p1b: Archaludon|Archaludon, L50, M|100/100\n|switch|p2a: Talonflame|Talonflame, L50, F|100/100\n|switch|p2b: Froslass|Froslass, L50, F|100/100\n|-weather|RainDance|[from] ability: Drizzle|[of] p1a: Pelipper\n|turn|1\n|\n|t:|1776279138\n|detailschange|p2b: Froslass|Froslass-Mega, L50, F\n|-mega|p2b: Froslass|Froslass|Froslassite\n|-weather|Snowscape|[from] ability: Snow Warning|[of] p2b: Froslass\n|move|p2a: Talonflame|Dual Wingbeat|p1a: Pelipper\n|-damage|p1a: Pelipper|78/100\n|-damage|p1a: Pelipper|56/100\n|-hitcount|p1a: Pelipper|2\n|move|p2b: Froslass|Thunderbolt|p1a: Pelipper\n|-supereffective|p1a: Pelipper|2\n|-damage|p1a: Pelipper|0 fnt\n|faint|p1a: Pelipper\n|move|p1b: Archaludon|Flash Cannon|p2b: Froslass\n|-supereffective|p2b: Froslass|1\n|-damage|p2b: Froslass|0 fnt\n|faint|p2b: Froslass\n|\n|-weather|Snowscape|[upkeep]\n|upkeep\n|\n|t:|1776279155\n|switch|p2b: Jolteon|Jolteon, L50, M|100/100\n|switch|p1a: Floette|Floette-Eternal, L50, F|100/100\n|turn|2\n|\n|t:|1776279176\n|detailschange|p1a: Floette|Floette-Mega, L50, F\n|-mega|p1a: Floette|Floette|Floettite\n|-ability|p1a: Floette|Fairy Aura\n|move|p2b: Jolteon|Thunderbolt|p1a: Floette\n|-crit|p1a: Floette\n|-damage|p1a: Floette|44/100\n|move|p2a: Talonflame|Flare Blitz|p1a: Floette\n|-damage|p1a: Floette|0 fnt\n|faint|p1a: Floette\n|-damage|p2a: Talonflame|88/100|[from] Recoil\n|move|p1b: Archaludon|Dragon Pulse|p2a: Talonflame\n|-damage|p2a: Talonflame|13/100\n|\n|-weather|Snowscape|[upkeep]\n|upkeep\n|\n|t:|1776279184\n|switch|p1a: Sneasler|Sneasler, L50, M|100/100\n|-ability|p1a: Sneasler|Pressure\n|turn|3\n|\n|t:|1776279191\n|move|p2a: Talonflame|Protect|p2a: Talonflame\n|-singleturn|p2a: Talonflame|Protect\n|move|p1a: Sneasler|Fake Out|p2a: Talonflame\n|-activate|p2a: Talonflame|move: Protect\n|move|p2b: Jolteon|Thunderbolt|p1a: Sneasler\n|-damage|p1a: Sneasler|42/100\n|move|p1b: Archaludon|Dragon Pulse|p2b: Jolteon\n|-damage|p2b: Jolteon|40/100\n|\n|-weather|Snowscape|[upkeep]\n|upkeep\n|turn|4\n|\n|t:|1776279202\n|move|p2b: Jolteon|Thunderbolt|p1a: Sneasler\n|-damage|p1a: Sneasler|0 fnt\n|faint|p1a: Sneasler\n|move|p2a: Talonflame|Tailwind|p2a: Talonflame\n|-sidestart|p2: scottyylmao|move: Tailwind\n|move|p1b: Archaludon|Dragon Pulse|p2a: Talonflame\n|-damage|p2a: Talonflame|0 fnt\n|faint|p2a: Talonflame\n|\n|-weather|Snowscape|[upkeep]\n|upkeep\n|\n|t:|1776279208\n|switch|p2a: Lucario|Lucario, L50, F|100/100\n|turn|5\n|\n|t:|1776279214\n|move|p2b: Jolteon|Thunderbolt|p1b: Archaludon\n|-resisted|p1b: Archaludon|1\n|-damage|p1b: Archaludon|64/100\n|-status|p1b: Archaludon|par\n|-ability|p1b: Archaludon|Stamina|boost\n|-boost|p1b: Archaludon|def|1\n|move|p2a: Lucario|Close Combat|p1b: Archaludon\n|-supereffective|p1b: Archaludon|1\n|-enditem|p1b: Archaludon|Chople Berry|[eat]\n|-enditem|p1b: Archaludon|Chople Berry|[weaken]\n|-damage|p1b: Archaludon|38/100 par\n|-unboost|p2a: Lucario|def|1\n|-unboost|p2a: Lucario|spd|1\n|-ability|p1b: Archaludon|Stamina|boost\n|-boost|p1b: Archaludon|def|1\n|move|p1b: Archaludon|Dragon Pulse|p2b: Jolteon\n|-damage|p2b: Jolteon|0 fnt\n|faint|p2b: Jolteon\n|\n|-weather|none\n|upkeep\n|turn|6\n|\n|t:|1776279222\n|move|p2a: Lucario|Close Combat|p1b: Archaludon\n|-supereffective|p1b: Archaludon|1\n|-damage|p1b: Archaludon|0 fnt\n|-unboost|p2a: Lucario|def|1\n|-unboost|p2a: Lucario|spd|1\n|faint|p1b: Archaludon\n|\n|win|scottyylmao\n|raw|klaun26's rating: 1168 &rarr; <strong>1145</strong><br />(-23 for losing)\n|raw|scottyylmao's rating: 1193 &rarr; <strong>1216</strong><br />(+23 for winning)\n|l|\u2606klaun26\n|player|p1|\n|c|\u2606scottyylmao|gg\n",
  "uploadtime": 1776279234,
  "views": 16,
  "formatid": "gen9championsvgc2026regma",
  "rating": 1145,
  "private": 0,
  "password": null
}