{
  "id": "gen9championsvgc2026regma-2582185860",
  "format": "[Gen 9 Champions] VGC 2026 Reg M-A",
  "players": [
    "SunTufo",
    "Inciniroarrr"
  ],
  "log": "|j|\u2606SunTufo\n|j|\u2606Inciniroarrr\n|t:|1776068810\n|gametype|doubles\n|player|p1|SunTufo|li|1268\n|player|p2|Inciniroarrr|2|1340\n|gen|9\n|tier|[Gen 9 Champions] VGC 2026 Reg M-A\n|rated|\n|rule|Species Clause: Limit one of each Pok\u00e9mon\n|rule|Item Clause: Limit 1 of each item\n|clearpoke\n|poke|p1|Venusaur, L50, M|\n|poke|p1|Charizard, L50, M|\n|poke|p1|Maushold-Four, L50|\n|poke|p1|Floette-Eternal, L50, F|\n|poke|p1|Incineroar, L50, M|\n|poke|p1|Garchomp, L50, M|\n|poke|p2|Gyarados, L50, M|\n|poke|p2|Delphox, L50, F|\n|poke|p2|Sneasler, L50, F|\n|poke|p2|Garchomp, L50, M|\n|poke|p2|Sinistcha, L50|\n|poke|p2|Tyranitar, L50, F|\n|teampreview|4\n|inactive|Battle timer is ON: inactive players will automatically lose when time's up. (requested by Inciniroarrr)\n|\n|t:|1776068844\n|teamsize|p1|4\n|teamsize|p2|4\n|start\n|switch|p1a: Floette|Floette-Eternal, L50, F|100/100\n|switch|p1b: Maushold|Maushold-Four, L50|100/100\n|switch|p2a: Delphox|Delphox, L50, F|100/100\n|switch|p2b: Sneasler|Sneasler, L50, F|100/100\n|turn|1\n|\n|t:|1776068867\n|switch|p1b: Incineroar|Incineroar, L50, M, shiny|100/100\n|-ability|p1b: Incineroar|Intimidate|boost\n|-unboost|p2a: Delphox|atk|1\n|-unboost|p2b: Sneasler|atk|1\n|-enditem|p2b: Sneasler|White Herb\n|-clearnegativeboost|p2b: Sneasler|[silent]\n|detailschange|p2a: Delphox|Delphox-Mega, L50, F\n|-mega|p2a: Delphox|Delphox|Delphoxite\n|move|p1a: Floette|Protect|p1a: Floette\n|-singleturn|p1a: Floette|Protect\n|move|p2b: Sneasler|Close Combat|p1b: Incineroar\n|-supereffective|p1b: Incineroar|1\n|-damage|p1b: Incineroar|6/100\n|-unboost|p2b: Sneasler|def|1\n|-unboost|p2b: Sneasler|spd|1\n|move|p2a: Delphox|Nasty Plot|p2a: Delphox\n|-boost|p2a: Delphox|spa|2\n|\n|upkeep\n|turn|2\n|\n|t:|1776068884\n|detailschange|p1a: Floette|Floette-Mega, L50, F\n|-mega|p1a: Floette|Floette|Floettite\n|-ability|p1a: Floette|Fairy Aura\n|move|p1b: Incineroar|Fake Out|p2b: Sneasler\n|-damage|p2b: Sneasler|76/100\n|cant|p2b: Sneasler|flinch\n|move|p2a: Delphox|Heat Wave|p1a: Floette|[spread] p1a,p1b\n|-resisted|p1b: Incineroar|1\n|-damage|p1a: Floette|42/100\n|-damage|p1b: Incineroar|0 fnt\n|faint|p1b: Incineroar\n|move|p1a: Floette|Calm Mind|p1a: Floette\n|-boost|p1a: Floette|spa|1\n|-boost|p1a: Floette|spd|1\n|\n|upkeep\n|\n|t:|1776068889\n|switch|p1b: Maushold|Maushold-Four, L50|100/100\n|turn|3\n|\n|t:|1776068901\n|move|p1b: Maushold|Follow Me|p1b: Maushold\n|-singleturn|p1b: Maushold|move: Follow Me\n|move|p2b: Sneasler|Close Combat|p1b: Maushold\n|-supereffective|p1b: Maushold|1\n|-enditem|p1b: Maushold|Chople Berry|[eat]\n|-enditem|p1b: Maushold|Chople Berry|[weaken]\n|-damage|p1b: Maushold|23/100\n|-unboost|p2b: Sneasler|def|1\n|-unboost|p2b: Sneasler|spd|1\n|move|p2a: Delphox|Psyshock|p1b: Maushold\n|-damage|p1b: Maushold|0 fnt\n|faint|p1b: Maushold\n|move|p1a: Floette|Draining Kiss|p2b: Sneasler\n|-damage|p2b: Sneasler|0 fnt\n|-heal|p1a: Floette|94/100|[from] drain|[of] p2b: Sneasler\n|faint|p2b: Sneasler\n|\n|upkeep\n|\n|t:|1776068916\n|switch|p2b: Gyarados|Gyarados, L50, M|100/100\n|switch|p1b: Garchomp|Garchomp, L50, M|100/100\n|-ability|p2b: Gyarados|Intimidate|boost\n|-unboost|p1a: Floette|atk|1\n|-unboost|p1b: Garchomp|atk|1\n|turn|4\n|\n|t:|1776068928\n|move|p1b: Garchomp|Rock Slide|p2a: Delphox|[spread] p2a,p2b\n|-supereffective|p2a: Delphox|1\n|-supereffective|p2b: Gyarados|1\n|-damage|p2a: Delphox|61/100\n|-damage|p2b: Gyarados|61/100\n|move|p2a: Delphox|Psyshock|p1a: Floette\n|-damage|p1a: Floette|2/100\n|move|p2b: Gyarados|Dragon Dance|p2b: Gyarados\n|-boost|p2b: Gyarados|atk|1\n|-boost|p2b: Gyarados|spe|1\n|move|p1a: Floette|Draining Kiss|p2a: Delphox\n|-resisted|p2a: Delphox|1\n|-damage|p2a: Delphox|32/100\n|-heal|p1a: Floette|21/100|[from] drain|[of] p2a: Delphox\n|\n|upkeep\n|turn|5\n|inactive|Inciniroarrr has 30 seconds left.\n|inactive|Inciniroarrr has 20 seconds left.\n|inactive|Inciniroarrr has 15 seconds left.\n|inactive|Inciniroarrr has 10 seconds left.\n|inactive|Inciniroarrr has 5 seconds left.\n|\n|t:|1776068979\n|move|p1a: Floette|Protect|p1a: Floette\n|-singleturn|p1a: Floette|Protect\n|move|p2b: Gyarados|Dragon Dance|p2b: Gyarados\n|-boost|p2b: Gyarados|atk|1\n|-boost|p2b: Gyarados|spe|1\n|move|p1b: Garchomp|Rock Slide|p2b: Gyarados|[spread] p2a,p2b\n|-supereffective|p2a: Delphox|1\n|-supereffective|p2b: Gyarados|1\n|-damage|p2a: Delphox|0 fnt\n|-damage|p2b: Gyarados|27/100\n|faint|p2a: Delphox\n|\n|upkeep\n|\n|t:|1776068990\n|switch|p2a: Tyranitar|Tyranitar, L50, F|100/100\n|-weather|Sandstorm|[from] ability: Sand Stream|[of] p2a: Tyranitar\n|turn|6\n|\n|t:|1776068997\n|move|p1a: Floette|Protect||[still]\n|-fail|p1a: Floette\n|move|p2b: Gyarados|Waterfall|p1a: Floette\n|-damage|p1a: Floette|0 fnt\n|faint|p1a: Floette\n|move|p1b: Garchomp|Rock Slide|p2a: Tyranitar|[spread] p2a,p2b\n|-supereffective|p2b: Gyarados|1\n|-damage|p2a: Tyranitar|90/100\n|-damage|p2b: Gyarados|0 fnt\n|faint|p2b: Gyarados\n|move|p2a: Tyranitar|Knock Off|p1b: Garchomp\n|-damage|p1b: Garchomp|55/100\n|-damage|p2a: Tyranitar|78/100|[from] ability: Rough Skin|[of] p1b: Garchomp\n|-enditem|p1b: Garchomp|Choice Scarf|[from] move: Knock Off|[of] p2a: Tyranitar\n|\n|-weather|Sandstorm|[upkeep]\n|upkeep\n|turn|7\n|c|\u2606Inciniroarrr|oh no\n|inactive|Inciniroarrr has 30 seconds left.\n|c|\u2606Inciniroarrr|seem both of us aint so clever\n|inactive|Inciniroarrr has 20 seconds left.\n|inactive|Inciniroarrr has 15 seconds left.\n|\n|t:|1776069040\n|move|p1b: Garchomp|Earthquake|p2a: Tyranitar\n|-supereffective|p2a: Tyranitar|1\n|-damage|p2a: Tyranitar|25/100\n|move|p2a: Tyranitar|High Horsepower|p1b: Garchomp\n|-damage|p1b: Garchomp|20/100\n|-damage|p2a: Tyranitar|13/100|[from] ability: Rough Skin|[of] p1b: Garchomp\n|\n|-weather|Sandstorm|[upkeep]\n|upkeep\n|turn|8\n|-message|Inciniroarrr forfeited.\n|\n|win|SunTufo\n|raw|SunTufo's rating: 1268 &rarr; <strong>1298</strong><br />(+30 for winning)\n|raw|Inciniroarrr's rating: 1340 &rarr; <strong>1316</strong><br />(-24 for losing)\n",
  "uploadtime": 1776069051,
  "views": 31,
  "formatid": "gen9championsvgc2026regma",
  "rating": 1298,
  "private": 0,
  "password": null
}