{
  "id": "gen9championsvgc2026regma-2582898967",
  "format": "[Gen 9 Champions] VGC 2026 Reg M-A",
  "players": [
    "Gloryrush",
    "maxAshgreninja"
  ],
  "log": "|j|\u2606Gloryrush\n|j|\u2606maxAshgreninja\n|t:|1776123181\n|gametype|doubles\n|player|p1|Gloryrush|266|1334\n|player|p2|maxAshgreninja|102|1313\n|gen|9\n|tier|[Gen 9 Champions] VGC 2026 Reg M-A\n|rated|\n|rule|Species Clause: Limit one of each Pok\u00e9mon\n|rule|Item Clause: Limit 1 of each item\n|clearpoke\n|poke|p1|Froslass, L50, F|\n|poke|p1|Aggron, L50, M|\n|poke|p1|Sneasler, L50, F|\n|poke|p1|Tyranitar, L50, M|\n|poke|p1|Milotic, L50, F|\n|poke|p1|Aurorus, L50, M|\n|poke|p2|Meganium, L50, M|\n|poke|p2|Pelipper, L50, F|\n|poke|p2|Archaludon, L50, M|\n|poke|p2|Rhyperior, L50, M|\n|poke|p2|Basculegion, L50, M|\n|poke|p2|Incineroar, L50, M|\n|teampreview|4\n|inactive|Battle timer is ON: inactive players will automatically lose when time's up. (requested by maxAshgreninja)\n|inactive|Gloryrush has 60 seconds left.\n|\n|t:|1776123226\n|teamsize|p1|4\n|teamsize|p2|4\n|start\n|switch|p1a: Aurorus|Aurorus, L50, M|100/100\n|switch|p1b: Sneasler|Sneasler, L50, F|100/100\n|switch|p2a: Meganium|Meganium, L50, M, shiny|100/100\n|switch|p2b: Incineroar|Incineroar, L50, M|100/100\n|-weather|Snowscape|[from] ability: Snow Warning|[of] p1a: Aurorus\n|-ability|p2b: Incineroar|Intimidate|boost\n|-unboost|p1a: Aurorus|atk|1\n|-unboost|p1b: Sneasler|atk|1\n|-enditem|p1b: Sneasler|White Herb\n|-clearnegativeboost|p1b: Sneasler|[silent]\n|turn|1\n|\n|t:|1776123250\n|detailschange|p2a: Meganium|Meganium-Mega, L50, M, shiny\n|-mega|p2a: Meganium|Meganium|Meganiumite\n|move|p2a: Meganium|Protect|p2a: Meganium\n|-singleturn|p2a: Meganium|Protect\n|move|p1b: Sneasler|Fake Out|p2b: Incineroar\n|-damage|p2b: Incineroar|89/100\n|cant|p2b: Incineroar|flinch\n|move|p1a: Aurorus|Blizzard|p2b: Incineroar|[spread] p2b\n|-activate|p2a: Meganium|move: Protect\n|-resisted|p2b: Incineroar|1\n|-damage|p2b: Incineroar|74/100\n|\n|-weather|Snowscape|[upkeep]\n|-heal|p2b: Incineroar|80/100|[from] item: Leftovers\n|upkeep\n|turn|2\n|\n|t:|1776123271\n|switch|p2a: Basculegion|Basculegion, L50, M, shiny|100/100\n|move|p1b: Sneasler|Close Combat|p2b: Incineroar\n|-supereffective|p2b: Incineroar|1\n|-damage|p2b: Incineroar|0 fnt\n|-unboost|p1b: Sneasler|def|1\n|-unboost|p1b: Sneasler|spd|1\n|faint|p2b: Incineroar\n|move|p1a: Aurorus|Blizzard|p2a: Basculegion\n|-resisted|p2a: Basculegion|1\n|-damage|p2a: Basculegion|74/100\n|\n|-weather|Snowscape|[upkeep]\n|upkeep\n|\n|t:|1776123287\n|switch|p2b: Archaludon|Archaludon, L50, M, shiny|100/100\n|turn|3\n|\n|t:|1776123300\n|move|p1b: Sneasler|Close Combat|p2b: Archaludon\n|-supereffective|p2b: Archaludon|1\n|-damage|p2b: Archaludon|0 fnt\n|-unboost|p1b: Sneasler|def|1\n|-unboost|p1b: Sneasler|spd|1\n|faint|p2b: Archaludon\n|move|p2a: Basculegion|Rain Dance|p2a: Basculegion\n|-weather|RainDance\n|move|p1a: Aurorus|Freeze-Dry|p2a: Basculegion\n|-supereffective|p2a: Basculegion|1\n|-damage|p2a: Basculegion|8/100\n|\n|-weather|RainDance|[upkeep]\n|upkeep\n|\n|t:|1776123311\n|switch|p2b: Meganium|Meganium-Mega, L50, M, shiny|100/100\n|turn|4\n|\n|t:|1776123335\n|switch|p1a: Tyranitar|Tyranitar, L50, M|100/100\n|-weather|Sandstorm|[from] ability: Sand Stream|[of] p1a: Tyranitar\n|move|p1b: Sneasler|Dire Claw|p2a: Basculegion\n|-resisted|p2a: Basculegion|1\n|-damage|p2a: Basculegion|0 fnt\n|faint|p2a: Basculegion\n|move|p2b: Meganium|Solar Beam||[still]\n|-prepare|p2b: Meganium|Solar Beam\n|-activate|p2b: Meganium|ability: Mega Sol\n|-anim|p2b: Meganium|Solar Beam|p1a: Tyranitar\n|-supereffective|p1a: Tyranitar|1\n|-damage|p1a: Tyranitar|0 fnt\n|faint|p1a: Tyranitar\n|\n|-weather|Sandstorm|[upkeep]\n|-damage|p1b: Sneasler|95/100|[from] Sandstorm\n|-damage|p2b: Meganium|95/100|[from] Sandstorm\n|upkeep\n|\n|t:|1776123350\n|switch|p1a: Aurorus|Aurorus, L50, M|100/100\n|-weather|Snowscape|[from] ability: Snow Warning|[of] p1a: Aurorus\n|turn|5\n|\n|t:|1776123357\n|move|p1b: Sneasler|Dire Claw|p2b: Meganium\n|-supereffective|p2b: Meganium|2\n|-damage|p2b: Meganium|0 fnt\n|faint|p2b: Meganium\n|\n|win|Gloryrush\n|raw|Gloryrush's rating: 1334 &rarr; <strong>1353</strong><br />(+19 for winning)\n|raw|maxAshgreninja's rating: 1313 &rarr; <strong>1294</strong><br />(-19 for losing)\n|l|\u2606Gloryrush\n|player|p1|\n",
  "uploadtime": 1776123363,
  "views": 33,
  "formatid": "gen9championsvgc2026regma",
  "rating": 1294,
  "private": 0,
  "password": null
}