{
  "id": "gen9championsvgc2026regma-2587981791",
  "format": "[Gen 9 Champions] VGC 2026 Reg M-A",
  "players": [
    "sara seo",
    "Kloroxy"
  ],
  "log": "|j|\u2606sara seo\n|j|\u2606Kloroxy\n|t:|1776588328\n|gametype|doubles\n|player|p1|sara seo|fisherman-gen4|1095\n|player|p2|Kloroxy|gambler|1022\n|gen|9\n|tier|[Gen 9 Champions] VGC 2026 Reg M-A\n|rated|\n|rule|Species Clause: Limit one of each Pok\u00e9mon\n|rule|Item Clause: Limit 1 of each item\n|clearpoke\n|poke|p1|Floette-Eternal, L50, F|\n|poke|p1|Talonflame, L50, F|\n|poke|p1|Sneasler, L50, F|\n|poke|p1|Incineroar, L50, F|\n|poke|p1|Sinistcha, L50|\n|poke|p1|Garchomp, L50, F|\n|poke|p2|Lopunny, L50, M|\n|poke|p2|Milotic, L50, F|\n|poke|p2|Gengar, L50, F|\n|poke|p2|Talonflame, L50, M|\n|poke|p2|Dragonite, L50, M|\n|poke|p2|Charizard, L50, F|\n|teampreview|4\n|inactive|Battle timer is ON: inactive players will automatically lose when time's up. (requested by sara seo)\n|inactive|Kloroxy has 60 seconds left.\n|\n|t:|1776588387\n|teamsize|p1|4\n|teamsize|p2|4\n|start\n|switch|p1a: Sneasler|Sneasler, L50, F|100/100\n|switch|p1b: Garchomp|Garchomp, L50, F|100/100\n|switch|p2a: Lopunny|Lopunny, L50, M|100/100\n|switch|p2b: Milotic|Milotic, L50, F|100/100\n|turn|1\n|\n|t:|1776588411\n|switch|p1b: Sinistcha|Sinistcha, L50|100/100\n|move|p1a: Sneasler|Upper Hand|p2a: Lopunny\n|-supereffective|p2a: Lopunny|1\n|-damage|p2a: Lopunny|12/100\n|cant|p2a: Lopunny|flinch\n|move|p2b: Milotic|Icy Wind|p1a: Sneasler|[spread] p1a,p1b\n|-supereffective|p1b: Sinistcha|1\n|-damage|p1a: Sneasler|85/100\n|-damage|p1b: Sinistcha|77/100\n|-unboost|p1a: Sneasler|spe|1\n|-unboost|p1b: Sinistcha|spe|1\n|-enditem|p1a: Sneasler|White Herb\n|-clearnegativeboost|p1a: Sneasler|[silent]\n|\n|-heal|p2a: Lopunny|17/100|[from] item: Leftovers\n|-heal|p1b: Sinistcha|83/100|[from] item: Leftovers\n|upkeep\n|turn|2\n|\n|t:|1776588435\n|move|p2b: Milotic|Protect|p2b: Milotic\n|-singleturn|p2b: Milotic|Protect\n|move|p1a: Sneasler|Close Combat|p2b: Milotic\n|-activate|p2b: Milotic|move: Protect\n|move|p2a: Lopunny|U-turn|p1b: Sinistcha\n|-damage|p1b: Sinistcha|72/100\n|\n|t:|1776588451\n|switch|p2a: Gengar|Gengar, L50, F|100/100|[from] U-turn\n|move|p1b: Sinistcha|Matcha Gotcha|p2a: Gengar|[spread] p2a\n|-activate|p2b: Milotic|move: Protect\n|-resisted|p2a: Gengar|1\n|-damage|p2a: Gengar|85/100\n|-heal|p1b: Sinistcha|79/100|[from] drain|[of] p2a: Gengar\n|\n|-heal|p1b: Sinistcha|85/100|[from] item: Leftovers\n|upkeep\n|turn|3\n|\n|t:|1776588472\n|move|p1a: Sneasler|Close Combat|p2b: Milotic\n|-damage|p2b: Milotic|35/100\n|-unboost|p1a: Sneasler|def|1\n|-unboost|p1a: Sneasler|spd|1\n|-enditem|p2b: Milotic|Sitrus Berry|[eat]\n|-heal|p2b: Milotic|59/100|[from] item: Sitrus Berry\n|move|p2a: Gengar|Shadow Ball|p1b: Sinistcha\n|-supereffective|p1b: Sinistcha|1\n|-damage|p1b: Sinistcha|9/100\n|-unboost|p1b: Sinistcha|spd|1\n|move|p2b: Milotic|Icy Wind|p1a: Sneasler|[spread] p1a,p1b\n|-supereffective|p1b: Sinistcha|1\n|-damage|p1a: Sneasler|64/100\n|-damage|p1b: Sinistcha|0 fnt\n|-unboost|p1a: Sneasler|spe|1\n|faint|p1b: Sinistcha\n|\n|upkeep\n|\n|t:|1776588477\n|switch|p1b: Garchomp|Garchomp, L50, F|100/100\n|turn|4\n|\n|t:|1776588498\n|move|p1b: Garchomp|Stomping Tantrum|p2a: Gengar\n|-supereffective|p2a: Gengar|1\n|-damage|p2a: Gengar|0 fnt\n|faint|p2a: Gengar\n|move|p1a: Sneasler|Close Combat|p2b: Milotic\n|-damage|p2b: Milotic|0 fnt\n|-unboost|p1a: Sneasler|def|1\n|-unboost|p1a: Sneasler|spd|1\n|faint|p2b: Milotic\n|\n|upkeep\n|\n|t:|1776588511\n|switch|p2a: Charizard|Charizard, L50, F|100/100\n|switch|p2b: Lopunny|Lopunny, L50, M|17/100\n|turn|5\n|inactive|Kloroxy has 30 seconds left.\n|\n|t:|1776588541\n|switch|p1b: Floette|Floette-Eternal, L50, F|100/100\n|detailschange|p2a: Charizard|Charizard-Mega-Y, L50, F\n|-mega|p2a: Charizard|Charizard|Charizardite Y\n|-weather|SunnyDay|[from] ability: Drought|[of] p2a: Charizard\n|move|p2b: Lopunny|Protect|p2b: Lopunny\n|-singleturn|p2b: Lopunny|Protect\n|move|p1a: Sneasler|Close Combat|p2b: Lopunny\n|-activate|p2b: Lopunny|move: Protect\n|move|p2a: Charizard|Earthquake|p1a: Sneasler|[spread] p1a,p1b\n|-activate|p2b: Lopunny|move: Protect\n|-supereffective|p1a: Sneasler|1\n|-damage|p1a: Sneasler|0 fnt\n|-damage|p1b: Floette|77/100\n|faint|p1a: Sneasler\n|\n|-weather|SunnyDay|[upkeep]\n|-heal|p2b: Lopunny|23/100|[from] item: Leftovers\n|upkeep\n|\n|t:|1776588550\n|switch|p1a: Garchomp|Garchomp, L50, F|100/100\n|turn|6\n|inactive|Kloroxy has 30 seconds left.\n|\n|t:|1776588578\n|detailschange|p1b: Floette|Floette-Mega, L50, F\n|-mega|p1b: Floette|Floette|Floettite\n|-ability|p1b: Floette|Fairy Aura\n|move|p1a: Garchomp|Rock Slide|p2b: Lopunny|[spread] p2a,p2b\n|-supereffective|p2a: Charizard|2\n|-damage|p2a: Charizard|12/100\n|-damage|p2b: Lopunny|0 fnt\n|faint|p2b: Lopunny\n|move|p1b: Floette|Dazzling Gleam|p2a: Charizard\n|-resisted|p2a: Charizard|1\n|-damage|p2a: Charizard|0 fnt\n|faint|p2a: Charizard\n|\n|win|sara seo\n|raw|sara seo's rating: 1095 &rarr; <strong>1115</strong><br />(+20 for winning)\n|raw|Kloroxy's rating: 1022 &rarr; <strong>1011</strong><br />(-11 for losing)\n|l|\u2606Kloroxy\n|player|p2|\n|c|\u2606sara seo|ggwp\n",
  "uploadtime": 1776588601,
  "views": 16,
  "formatid": "gen9championsvgc2026regma",
  "rating": 1011,
  "private": 0,
  "password": null
}