{
  "id": "gen9championsvgc2026regma-2587029226",
  "format": "[Gen 9 Champions] VGC 2026 Reg M-A",
  "players": [
    "fmichilotfkms",
    "FGX123456"
  ],
  "log": "|j|\u2606fmichilotfkms\n|j|\u2606FGX123456\n|t:|1776482937\n|gametype|doubles\n|player|p1|fmichilotfkms|101|1055\n|player|p2|FGX123456|265|1136\n|gen|9\n|tier|[Gen 9 Champions] VGC 2026 Reg M-A\n|rated|\n|rule|Species Clause: Limit one of each Pok\u00e9mon\n|rule|Item Clause: Limit 1 of each item\n|clearpoke\n|poke|p1|Incineroar, L50, M|\n|poke|p1|Corviknight, L50, M|\n|poke|p1|Milotic, L50, M|\n|poke|p1|Tyranitar, L50, F|\n|poke|p1|Archaludon, L50, M|\n|poke|p1|Rotom-Frost, L50|\n|poke|p2|Incineroar, L50, F|\n|poke|p2|Charizard, L50, M|\n|poke|p2|Kingambit, L50, F|\n|poke|p2|Aerodactyl, L50, F|\n|poke|p2|Gardevoir, L50, M|\n|poke|p2|Gallade, L50, M|\n|teampreview|4\n|\n|t:|1776482961\n|teamsize|p1|4\n|teamsize|p2|4\n|start\n|switch|p1a: Incineroar|Incineroar, L50, M, shiny|100/100\n|switch|p1b: Corviknight|Corviknight, L50, M|100/100\n|switch|p2a: Gardevoir|Gardevoir, L50, M|100/100\n|switch|p2b: Incineroar|Incineroar, L50, F|100/100\n|-ability|p2a: Gardevoir|Mirror Armor|Trace|[from] ability: Trace|[of] p1b: Corviknight\n|-ability|p1a: Incineroar|Intimidate|boost\n|-ability|p2a: Gardevoir|Mirror Armor\n|-unboost|p1a: Incineroar|atk|1\n|-unboost|p2b: Incineroar|atk|1\n|-ability|p2b: Incineroar|Intimidate|boost\n|-unboost|p1a: Incineroar|atk|1\n|-ability|p1b: Corviknight|Mirror Armor\n|-unboost|p2b: Incineroar|atk|1\n|turn|1\n|inactive|Battle timer is ON: inactive players will automatically lose when time's up. (requested by fmichilotfkms)\n|\n|t:|1776482987\n|detailschange|p2a: Gardevoir|Gardevoir-Mega, L50, M\n|-mega|p2a: Gardevoir|Gardevoir|Gardevoirite\n|move|p2b: Incineroar|Fake Out|p1b: Corviknight\n|-resisted|p1b: Corviknight|1\n|-crit|p1b: Corviknight\n|-damage|p1b: Corviknight|94/100\n|move|p2a: Gardevoir|Thunderbolt|p1b: Corviknight\n|-supereffective|p1b: Corviknight|1\n|-damage|p1b: Corviknight|33/100\n|-status|p1b: Corviknight|par\n|move|p1a: Incineroar|Parting Shot|p2a: Gardevoir\n|-unboost|p2a: Gardevoir|atk|1\n|-unboost|p2a: Gardevoir|spa|1\n|\n|t:|1776483000\n|switch|p1a: Tyranitar|Tyranitar, L50, F|100/100|[from] Parting Shot\n|-weather|Sandstorm|[from] ability: Sand Stream|[of] p1a: Tyranitar\n|cant|p1b: Corviknight|flinch\n|\n|-weather|Sandstorm|[upkeep]\n|-damage|p2a: Gardevoir|95/100|[from] Sandstorm\n|-damage|p2b: Incineroar|95/100|[from] Sandstorm\n|-heal|p1b: Corviknight|39/100 par|[from] item: Leftovers\n|upkeep\n|turn|2\n|\n|t:|1776483023\n|switch|p2a: Gallade|Gallade, L50, M|100/100\n|move|p1a: Tyranitar|Iron Head|p2a: Gallade\n|-damage|p2a: Gallade|50/100\n|move|p2b: Incineroar|Parting Shot|p1a: Tyranitar\n|-unboost|p1a: Tyranitar|atk|1\n|-unboost|p1a: Tyranitar|spa|1\n|\n|t:|1776483033\n|switch|p2b: Gardevoir|Gardevoir-Mega, L50, M|95/100|[from] Parting Shot\n|move|p1b: Corviknight|Roost|p1b: Corviknight\n|-heal|p1b: Corviknight|89/100 par\n|-singleturn|p1b: Corviknight|move: Roost\n|\n|-weather|Sandstorm|[upkeep]\n|-damage|p2a: Gallade|44/100|[from] Sandstorm\n|-damage|p2b: Gardevoir|89/100|[from] Sandstorm\n|-heal|p1b: Corviknight|95/100 par|[from] item: Leftovers\n|upkeep\n|turn|3\n|\n|t:|1776483054\n|switch|p1a: Milotic|Milotic, L50, M|100/100\n|move|p2a: Gallade|Sacred Sword|p1b: Corviknight\n|-damage|p1b: Corviknight|44/100 par\n|move|p2b: Gardevoir|Hyper Voice|p1b: Corviknight|[spread] p1a,p1b\n|-resisted|p1b: Corviknight|1\n|-damage|p1a: Milotic|67/100\n|-damage|p1b: Corviknight|23/100 par\n|move|p1b: Corviknight|Brave Bird|p2a: Gallade\n|-supereffective|p2a: Gallade|1\n|-damage|p2a: Gallade|0 fnt\n|faint|p2a: Gallade\n|-damage|p1b: Corviknight|12/100 par|[from] Recoil\n|\n|-weather|Sandstorm|[upkeep]\n|-damage|p2b: Gardevoir|84/100|[from] Sandstorm\n|-damage|p1a: Milotic|61/100|[from] Sandstorm\n|-heal|p1b: Corviknight|18/100 par|[from] item: Leftovers\n|upkeep\n|\n|t:|1776483070\n|switch|p2a: Kingambit|Kingambit, L50, F|100/100\n|turn|4\n|\n|t:|1776483084\n|switch|p1a: Tyranitar|Tyranitar, L50, F|100/100\n|move|p2b: Gardevoir|Hyper Voice|p1b: Corviknight|[spread] p1a,p1b\n|-supereffective|p1a: Tyranitar|1\n|-resisted|p1b: Corviknight|1\n|-damage|p1a: Tyranitar|49/100\n|-damage|p1b: Corviknight|0 fnt\n|faint|p1b: Corviknight\n|move|p2a: Kingambit|Swords Dance|p2a: Kingambit\n|-boost|p2a: Kingambit|atk|2\n|\n|-weather|Sandstorm|[upkeep]\n|-damage|p2b: Gardevoir|78/100|[from] Sandstorm\n|upkeep\n|\n|t:|1776483091\n|switch|p1b: Milotic|Milotic, L50, M|61/100\n|turn|5\n|\n|t:|1776483107\n|detailschange|p1a: Tyranitar|Tyranitar-Mega, L50, F\n|-mega|p1a: Tyranitar|Tyranitar|Tyranitarite\n|move|p1a: Tyranitar|Protect|p1a: Tyranitar\n|-singleturn|p1a: Tyranitar|Protect\n|move|p2a: Kingambit|Sucker Punch|p1b: Milotic\n|-damage|p1b: Milotic|0 fnt\n|faint|p1b: Milotic\n|move|p2b: Gardevoir|Hyper Voice|p1a: Tyranitar\n|-activate|p1a: Tyranitar|move: Protect\n|\n|-weather|none\n|upkeep\n|\n|t:|1776483115\n|switch|p1b: Incineroar|Incineroar, L50, M, shiny|100/100\n|-ability|p1b: Incineroar|Intimidate|boost\n|-unboost|p2a: Kingambit|atk|1\n|-ability|p2a: Kingambit|Defiant|boost\n|-boost|p2a: Kingambit|atk|2\n|-unboost|p2b: Gardevoir|atk|1\n|turn|6\n|inactive|fmichilotfkms has 30 seconds left.\n|inactive|fmichilotfkms has 20 seconds left.\n|inactive|fmichilotfkms has 15 seconds left.\n|l|\u2606fmichilotfkms\n|inactive|fmichilotfkms disconnected and has a minute to reconnect!\n|player|p1|\n|inactive|fmichilotfkms has 10 seconds left.\n|inactive|fmichilotfkms has 5 seconds left.\n|-message|fmichilotfkms lost due to inactivity.\n|\n|win|FGX123456\n|raw|fmichilotfkms's rating: 1055 &rarr; <strong>1041</strong><br />(-14 for losing)\n|raw|FGX123456's rating: 1136 &rarr; <strong>1155</strong><br />(+19 for winning)\n",
  "uploadtime": 1776483178,
  "views": 13,
  "formatid": "gen9championsvgc2026regma",
  "rating": 1041,
  "private": 0,
  "password": null
}