{
  "id": "gen9championsvgc2026regma-2586661857",
  "format": "[Gen 9 Champions] VGC 2026 Reg M-A",
  "players": [
    "alacran",
    "oilive"
  ],
  "log": "|j|\u2606alacran\n|j|\u2606oilive\n|t:|1776450227\n|gametype|doubles\n|player|p1|alacran|volkner|1316\n|player|p2|oilive|iris|1231\n|gen|9\n|tier|[Gen 9 Champions] VGC 2026 Reg M-A\n|rated|\n|rule|Species Clause: Limit one of each Pok\u00e9mon\n|rule|Item Clause: Limit 1 of each item\n|clearpoke\n|poke|p1|Incineroar, L50, F|\n|poke|p1|Farigiraf, L50, F|\n|poke|p1|Kangaskhan, L50, F|\n|poke|p1|Zoroark-Hisui, L50, F|\n|poke|p1|Sinistcha, L50|\n|poke|p1|Sneasler, L50, M|\n|poke|p2|Araquanid, L50, F|\n|poke|p2|Hatterene, L50, F|\n|poke|p2|Tsareena, L50, F|\n|poke|p2|Maushold, L50|\n|poke|p2|Camerupt, L50, M|\n|poke|p2|Crabominable, L50, F|\n|teampreview|4\n|\n|t:|1776450257\n|teamsize|p1|4\n|teamsize|p2|4\n|start\n|switch|p1a: Sneasler|Sneasler, L50, M|100/100\n|switch|p1b: Kangaskhan|Kangaskhan, L50, F|100/100\n|switch|p2a: Hatterene|Hatterene, L50, F|100/100\n|switch|p2b: Maushold|Maushold, L50|100/100\n|turn|1\n|inactive|Battle timer is ON: inactive players will automatically lose when time's up. (requested by oilive)\n|\n|t:|1776450271\n|switch|p2b: Tsareena|Tsareena, L50, F|100/100\n|detailschange|p1b: Kangaskhan|Kangaskhan-Mega, L50, F\n|-mega|p1b: Kangaskhan|Kangaskhan|Kangaskhanite\n|move|p1b: Kangaskhan|Fake Out||[still]\n|cant|p2b: Tsareena|ability: Queenly Majesty|Fake Out|[of] p1b: Kangaskhan\n|move|p1a: Sneasler|Coaching|p1b: Kangaskhan\n|-boost|p1b: Kangaskhan|atk|1\n|-boost|p1b: Kangaskhan|def|1\n|move|p2a: Hatterene|Trick Room|p2a: Hatterene\n|-fieldstart|move: Trick Room|[of] p2a: Hatterene\n|\n|upkeep\n|turn|2\n|inactive|alacran has 30 seconds left.\n|inactive|oilive has 30 seconds left.\n|\n|t:|1776450301\n|switch|p1b: Sinistcha|Sinistcha, L50|100/100\n|move|p2a: Hatterene|Psychic|p1a: Sneasler\n|-supereffective|p1a: Sneasler|2\n|-enditem|p1a: Sneasler|Focus Sash\n|-damage|p1a: Sneasler|1/100\n|move|p2b: Tsareena|U-turn|p1b: Sinistcha\n|-damage|p1b: Sinistcha|83/100\n|\n|t:|1776450316\n|switch|p2b: Maushold|Maushold, L50|100/100|[from] U-turn\n|move|p1a: Sneasler|Dire Claw|p2b: Maushold\n|-damage|p2b: Maushold|49/100\n|-status|p2b: Maushold|par\n|\n|-heal|p1b: Sinistcha|89/100|[from] item: Leftovers\n|upkeep\n|turn|3\n|inactive|oilive has 30 seconds left.\n|\n|t:|1776450350\n|switch|p1a: Farigiraf|Farigiraf, L50, F|100/100\n|move|p2b: Maushold|Protect|p2b: Maushold\n|-singleturn|p2b: Maushold|Protect\n|move|p2a: Hatterene|Dazzling Gleam|p1b: Sinistcha|[spread] p1a,p1b\n|-damage|p1a: Farigiraf|75/100\n|-damage|p1b: Sinistcha|49/100\n|move|p1b: Sinistcha|Matcha Gotcha|p2a: Hatterene|[spread] p2a\n|-activate|p2b: Maushold|move: Protect\n|-damage|p2a: Hatterene|80/100\n|-heal|p1b: Sinistcha|59/100|[from] drain|[of] p2a: Hatterene\n|-status|p2a: Hatterene|brn\n|\n|-heal|p1b: Sinistcha|65/100|[from] item: Leftovers\n|-damage|p2a: Hatterene|74/100 brn|[from] brn\n|upkeep\n|turn|4\n|inactive|alacran has 30 seconds left.\n|inactive|alacran has 20 seconds left.\n|inactive|alacran has 15 seconds left.\n|inactive|alacran has 10 seconds left.\n|\n|t:|1776450398\n|move|p1b: Sinistcha|Protect|p1b: Sinistcha\n|-singleturn|p1b: Sinistcha|Protect\n|move|p2a: Hatterene|Dazzling Gleam|p1a: Farigiraf|[spread] p1a\n|-activate|p1b: Sinistcha|move: Protect\n|-damage|p1a: Farigiraf|48/100\n|-enditem|p1a: Farigiraf|Sitrus Berry|[eat]\n|-heal|p1a: Farigiraf|73/100|[from] item: Sitrus Berry\n|move|p2b: Maushold|Population Bomb|p1a: Farigiraf\n|-damage|p1a: Farigiraf|65/100\n|-damage|p1a: Farigiraf|57/100\n|-crit|p1a: Farigiraf\n|-damage|p1a: Farigiraf|43/100\n|-damage|p1a: Farigiraf|35/100\n|-damage|p1a: Farigiraf|26/100\n|-damage|p1a: Farigiraf|18/100\n|-damage|p1a: Farigiraf|8/100\n|-damage|p1a: Farigiraf|0 fnt\n|faint|p1a: Farigiraf\n|-hitcount|p1: Farigiraf|8\n|\n|-heal|p1b: Sinistcha|71/100|[from] item: Leftovers\n|-damage|p2a: Hatterene|68/100 brn|[from] brn\n|upkeep\n|inactive|alacran has 30 seconds left.\n|inactive|alacran has 20 seconds left.\n|\n|t:|1776450433\n|switch|p1a: Sneasler|Sneasler, L50, M|1/100\n|turn|5\n|\n|t:|1776450444\n|switch|p2b: Tsareena|Tsareena, L50, F|100/100\n|move|p1a: Sneasler|Fake Out||[still]\n|cant|p2b: Tsareena|ability: Queenly Majesty|Fake Out|[of] p1a: Sneasler\n|move|p2a: Hatterene|Dazzling Gleam|p1a: Sneasler|[spread] p1a,p1b\n|-crit|p1b: Sinistcha\n|-damage|p1a: Sneasler|0 fnt\n|-damage|p1b: Sinistcha|9/100\n|faint|p1a: Sneasler\n|move|p1b: Sinistcha|Matcha Gotcha|p2a: Hatterene|[spread] p2a,p2b\n|-resisted|p2b: Tsareena|1\n|-damage|p2a: Hatterene|42/100 brn\n|-heal|p1b: Sinistcha|21/100|[from] drain|[of] p2a: Hatterene\n|-damage|p2b: Tsareena|87/100\n|-heal|p1b: Sinistcha|27/100|[from] drain|[of] p2b: Tsareena\n|\n|-heal|p1b: Sinistcha|34/100|[from] item: Leftovers\n|-damage|p2a: Hatterene|36/100 brn|[from] brn\n|-fieldend|move: Trick Room\n|upkeep\n|\n|t:|1776450464\n|switch|p1a: Kangaskhan|Kangaskhan-Mega, L50, F|100/100\n|turn|6\n|\n|t:|1776450470\n|move|p1a: Kangaskhan|Double-Edge|p2b: Tsareena\n|-damage|p2b: Tsareena|18/100\n|-damage|p2b: Tsareena|0 fnt\n|faint|p2b: Tsareena\n|-hitcount|p2: Tsareena|2\n|-damage|p1a: Kangaskhan|76/100|[from] Recoil\n|move|p1b: Sinistcha|Life Dew|p1b: Sinistcha|[spread] p1a,p1b\n|-heal|p1a: Kangaskhan|100/100\n|-heal|p1b: Sinistcha|59/100\n|move|p2a: Hatterene|Trick Room|p2a: Hatterene\n|-fieldstart|move: Trick Room|[of] p2a: Hatterene\n|\n|-heal|p1b: Sinistcha|65/100|[from] item: Leftovers\n|-damage|p2a: Hatterene|30/100 brn|[from] brn\n|upkeep\n|\n|t:|1776450483\n|switch|p2b: Camerupt|Camerupt, L50, M|100/100\n|turn|7\n|\n|t:|1776450502\n|detailschange|p2b: Camerupt|Camerupt-Mega, L50, M\n|-mega|p2b: Camerupt|Camerupt|Cameruptite\n|move|p1b: Sinistcha|Rage Powder|p1b: Sinistcha\n|-singleturn|p1b: Sinistcha|move: Rage Powder\n|move|p1a: Kangaskhan|Sucker Punch|p2b: Camerupt\n|-damage|p2b: Camerupt|76/100\n|-damage|p2b: Camerupt|70/100\n|-hitcount|p2b: Camerupt|2\n|move|p2b: Camerupt|Eruption|p1b: Sinistcha|[spread] p1a,p1b\n|-supereffective|p1b: Sinistcha|1\n|-damage|p1a: Kangaskhan|60/100\n|-damage|p1b: Sinistcha|0 fnt\n|faint|p1b: Sinistcha\n|move|p2a: Hatterene|Dazzling Gleam|p1a: Kangaskhan\n|-damage|p1a: Kangaskhan|21/100\n|\n|-damage|p2a: Hatterene|24/100 brn|[from] brn\n|upkeep\n|turn|8\n|\n|t:|1776450522\n|move|p1a: Kangaskhan|Sucker Punch|p2a: Hatterene\n|-damage|p2a: Hatterene|0 fnt\n|faint|p2a: Hatterene\n|-hitcount|p2: Hatterene|1\n|move|p2b: Camerupt|Flamethrower|p1a: Kangaskhan\n|-damage|p1a: Kangaskhan|0 fnt\n|faint|p1a: Kangaskhan\n|\n|win|oilive\n|raw|alacran's rating: 1316 &rarr; <strong>1291</strong><br />(-25 for losing)\n|raw|oilive's rating: 1231 &rarr; <strong>1262</strong><br />(+31 for winning)\n|c|\u2606oilive|gg\n|l|\u2606alacran\n|player|p1|\n",
  "uploadtime": 1776450539,
  "views": 40,
  "formatid": "gen9championsvgc2026regma",
  "rating": 1262,
  "private": 0,
  "password": null
}