{
  "id": "gen9championsvgc2026regma-2588946791",
  "format": "[Gen 9 Champions] VGC 2026 Reg M-A",
  "players": [
    "TheBallistic1",
    "kashorts"
  ],
  "log": "|j|\u2606TheBallistic1\n|j|\u2606kashorts\n|t:|1776688473\n|gametype|doubles\n|player|p1|TheBallistic1|colress|1132\n|player|p2|kashorts|roxie|1067\n|gen|9\n|tier|[Gen 9 Champions] VGC 2026 Reg M-A\n|rated|\n|rule|Species Clause: Limit one of each Pok\u00e9mon\n|rule|Item Clause: Limit 1 of each item\n|clearpoke\n|poke|p1|Floette-Eternal, L50, F|\n|poke|p1|Charizard, L50, M|\n|poke|p1|Sneasler, L50, F|\n|poke|p1|Milotic, L50, M|\n|poke|p1|Incineroar, L50, M|\n|poke|p1|Sinistcha, L50|\n|poke|p2|Pidgeot, L50, F|\n|poke|p2|Alcremie, L50, F|\n|poke|p2|Raichu, L50, F|\n|poke|p2|Hydrapple, L50, F|\n|poke|p2|Primarina, L50, M|\n|poke|p2|Aegislash, L50, M|\n|teampreview|4\n|inactive|Battle timer is ON: inactive players will automatically lose when time's up. (requested by kashorts)\n|\n|t:|1776688503\n|teamsize|p1|4\n|teamsize|p2|4\n|start\n|switch|p1a: Floette|Floette-Eternal, L50, F|100/100\n|switch|p1b: Incineroar|Incineroar, L50, M|100/100\n|switch|p2a: Pidgeot|Pidgeot, L50, F|100/100\n|switch|p2b: Alcremie|Alcremie, L50, F|100/100\n|-ability|p1b: Incineroar|Intimidate|boost\n|-unboost|p2a: Pidgeot|atk|1\n|-unboost|p2b: Alcremie|atk|1\n|turn|1\n|\n|t:|1776688524\n|detailschange|p2a: Pidgeot|Pidgeot-Mega, L50, F\n|-mega|p2a: Pidgeot|Pidgeot|Pidgeotite\n|detailschange|p1a: Floette|Floette-Mega, L50, F\n|-mega|p1a: Floette|Floette|Floettite\n|-ability|p1a: Floette|Fairy Aura\n|move|p2a: Pidgeot|Protect|p2a: Pidgeot\n|-singleturn|p2a: Pidgeot|Protect\n|move|p1b: Incineroar|Fake Out|p2b: Alcremie\n|-damage|p2b: Alcremie|83/100\n|move|p1a: Floette|Moonblast|p2a: Pidgeot\n|-activate|p2a: Pidgeot|move: Protect\n|cant|p2b: Alcremie|flinch\n|\n|upkeep\n|turn|2\n|\n|t:|1776688543\n|move|p2b: Alcremie|Helping Hand|p2a: Pidgeot\n|-singleturn|p2a: Pidgeot|Helping Hand|[of] p2b: Alcremie\n|move|p2a: Pidgeot|Hurricane|p1a: Floette\n|-damage|p1a: Floette|24/100\n|move|p1a: Floette|Moonblast|p2a: Pidgeot\n|-damage|p2a: Pidgeot|0 fnt\n|faint|p2a: Pidgeot\n|move|p1b: Incineroar|Parting Shot|p2b: Alcremie\n|-unboost|p2b: Alcremie|atk|1\n|-unboost|p2b: Alcremie|spa|1\n|\n|t:|1776688554\n|switch|p1b: Sinistcha|Sinistcha, L50|100/100|[from] Parting Shot\n|-heal|p1a: Floette|49/100|[from] ability: Hospitality|[of] p1b: Sinistcha\n|\n|upkeep\n|\n|t:|1776688562\n|switch|p2a: Primarina|Primarina, L50, M|100/100\n|turn|3\n|\n|t:|1776688583\n|move|p2b: Alcremie|Helping Hand|p2a: Primarina\n|-singleturn|p2a: Primarina|Helping Hand|[of] p2b: Alcremie\n|move|p1a: Floette|Protect|p1a: Floette\n|-singleturn|p1a: Floette|Protect\n|move|p2a: Primarina|Dazzling Gleam|p1a: Floette|[spread] p1b\n|-activate|p1a: Floette|move: Protect\n|-damage|p1b: Sinistcha|33/100\n|move|p1b: Sinistcha|Matcha Gotcha|p2b: Alcremie|[spread] p2a,p2b\n|-supereffective|p2a: Primarina|1\n|-damage|p2a: Primarina|50/100\n|-heal|p1b: Sinistcha|57/100|[from] drain|[of] p2a: Primarina\n|-damage|p2b: Alcremie|66/100\n|-heal|p1b: Sinistcha|67/100|[from] drain|[of] p2b: Alcremie\n|-status|p2a: Primarina|brn\n|\n|-damage|p2a: Primarina|44/100 brn|[from] brn\n|upkeep\n|turn|4\n|\n|t:|1776688606\n|switch|p1a: Incineroar|Incineroar, L50, M|100/100\n|-ability|p1a: Incineroar|Intimidate|boost\n|-unboost|p2a: Primarina|atk|1\n|-unboost|p2b: Alcremie|atk|1\n|move|p2b: Alcremie|Helping Hand|p2a: Primarina\n|-singleturn|p2a: Primarina|Helping Hand|[of] p2b: Alcremie\n|move|p2a: Primarina|Dazzling Gleam|p1b: Sinistcha|[spread] p1a,p1b\n|-damage|p1a: Incineroar|55/100\n|-damage|p1b: Sinistcha|13/100\n|move|p1b: Sinistcha|Matcha Gotcha|p2a: Primarina|[spread] p2a,p2b\n|-supereffective|p2a: Primarina|1\n|-damage|p2a: Primarina|0 fnt\n|-heal|p1b: Sinistcha|34/100|[from] drain|[of] p2a: Primarina\n|-damage|p2b: Alcremie|49/100\n|-heal|p1b: Sinistcha|42/100|[from] drain|[of] p2b: Alcremie\n|faint|p2a: Primarina\n|\n|upkeep\n|\n|t:|1776688615\n|switch|p2a: Hydrapple|Hydrapple, L50, F|100/100\n|turn|5\n|\n|t:|1776688638\n|switch|p1b: Floette|Floette-Mega, L50, F|49/100\n|-ability|p1b: Floette|Fairy Aura\n|move|p1a: Incineroar|Fake Out|p2b: Alcremie\n|-damage|p2b: Alcremie|31/100\n|cant|p2b: Alcremie|flinch\n|move|p2a: Hydrapple|Earth Power|p1a: Incineroar\n|-supereffective|p1a: Incineroar|1\n|-damage|p1a: Incineroar|0 fnt\n|faint|p1a: Incineroar\n|\n|upkeep\n|\n|t:|1776688647\n|switch|p1a: Sinistcha|Sinistcha, L50|42/100\n|-heal|p1b: Floette|74/100|[from] ability: Hospitality|[of] p1a: Sinistcha\n|turn|6\n|\n|t:|1776688665\n|switch|p1a: Milotic|Milotic, L50, M|100/100\n|move|p2b: Alcremie|Helping Hand|p2a: Hydrapple\n|-singleturn|p2a: Hydrapple|Helping Hand|[of] p2b: Alcremie\n|move|p1b: Floette|Protect|p1b: Floette\n|-singleturn|p1b: Floette|Protect\n|move|p2a: Hydrapple|Energy Ball|p1b: Floette\n|-activate|p1b: Floette|move: Protect\n|\n|upkeep\n|turn|7\n|\n|t:|1776688679\n|switch|p1a: Sinistcha|Sinistcha, L50|42/100\n|-heal|p1b: Floette|98/100|[from] ability: Hospitality|[of] p1a: Sinistcha\n|move|p2b: Alcremie|Helping Hand|p2a: Hydrapple\n|-singleturn|p2a: Hydrapple|Helping Hand|[of] p2b: Alcremie\n|move|p1b: Floette|Moonblast|p2a: Hydrapple\n|-supereffective|p2a: Hydrapple|1\n|-damage|p2a: Hydrapple|0 fnt\n|faint|p2a: Hydrapple\n|\n|upkeep\n|turn|8\n|-message|kashorts forfeited.\n|\n|win|TheBallistic1\n|raw|TheBallistic1's rating: 1132 &rarr; <strong>1152</strong><br />(+20 for winning)\n|raw|kashorts's rating: 1067 &rarr; <strong>1051</strong><br />(-16 for losing)\n",
  "uploadtime": 1776688897,
  "views": 12,
  "formatid": "gen9championsvgc2026regma",
  "rating": 1051,
  "private": 0,
  "password": null
}