{
  "id": "gen9championsvgc2026regma-2588356606",
  "format": "[Gen 9 Champions] VGC 2026 Reg M-A",
  "players": [
    "1#MiraidonHater",
    "LyonFyre4"
  ],
  "log": "|j|\u26061#MiraidonHater\n|j|\u2606LyonFyre4\n|t:|1776626778\n|gametype|doubles\n|player|p1|1#MiraidonHater|volkner|1496\n|player|p2|LyonFyre4|169|1545\n|gen|9\n|tier|[Gen 9 Champions] VGC 2026 Reg M-A\n|rated|\n|rule|Species Clause: Limit one of each Pok\u00e9mon\n|rule|Item Clause: Limit 1 of each item\n|clearpoke\n|poke|p1|Gardevoir, L50, M|\n|poke|p1|Basculegion, L50, M|\n|poke|p1|Tsareena, L50, F|\n|poke|p1|Incineroar, L50, M|\n|poke|p1|Pelipper, L50, F|\n|poke|p1|Archaludon, L50, M|\n|poke|p2|Basculegion, L50, M|\n|poke|p2|Sneasler, L50, F|\n|poke|p2|Garchomp, L50, F|\n|poke|p2|Floette-Eternal, L50, F|\n|poke|p2|Corviknight, L50, M|\n|poke|p2|Delphox, L50, M|\n|teampreview|4\n|inactive|Battle timer is ON: inactive players will automatically lose when time's up. (requested by LyonFyre4)\n|\n|t:|1776626832\n|teamsize|p1|4\n|teamsize|p2|4\n|start\n|switch|p1a: EVERY LAST DROP|Archaludon, L50, M|100/100\n|switch|p1b: Dop Dururum|Basculegion, L50, M|100/100\n|switch|p2a: Floette|Floette-Eternal, L50, F|100/100\n|switch|p2b: Sneasler|Sneasler, L50, F|100/100\n|turn|1\n|j| porygon-epilepz\n|inactive|1#MiraidonHater has 30 seconds left.\n|inactive|1#MiraidonHater has 20 seconds left.\n|inactive|1#MiraidonHater has 15 seconds left.\n|\n|t:|1776626876\n|detailschange|p2a: Floette|Floette-Mega, L50, F\n|-mega|p2a: Floette|Floette|Floettite\n|-ability|p2a: Floette|Fairy Aura\n|move|p1a: EVERY LAST DROP|Protect|p1a: EVERY LAST DROP\n|-singleturn|p1a: EVERY LAST DROP|Protect\n|move|p2b: Sneasler|Feint|p1a: EVERY LAST DROP\n|-activate|p1a: EVERY LAST DROP|move: Feint\n|-resisted|p1a: EVERY LAST DROP|1\n|-damage|p1a: EVERY LAST DROP|96/100\n|move|p1b: Dop Dururum|Wave Crash|p2a: Floette\n|-damage|p2a: Floette|15/100\n|-damage|p1b: Dop Dururum|76/100|[from] Recoil\n|move|p2a: Floette|Dazzling Gleam|p1b: Dop Dururum|[spread] p1a,p1b\n|-damage|p1a: EVERY LAST DROP|18/100\n|-damage|p1b: Dop Dururum|18/100\n|\n|upkeep\n|turn|2\n|inactive|LyonFyre4 has 30 seconds left.\n|inactive|LyonFyre4 has 20 seconds left.\n|\n|t:|1776626916\n|switch|p1b: Bohemian Rhapsody|Pelipper, L50, F|100/100\n|-weather|RainDance|[from] ability: Drizzle|[of] p1b: Bohemian Rhapsody\n|move|p2a: Floette|Protect|p2a: Floette\n|-singleturn|p2a: Floette|Protect\n|move|p2b: Sneasler|Close Combat|p1a: EVERY LAST DROP\n|-supereffective|p1a: EVERY LAST DROP|1\n|-damage|p1a: EVERY LAST DROP|0 fnt\n|-unboost|p2b: Sneasler|def|1\n|-unboost|p2b: Sneasler|spd|1\n|faint|p1a: EVERY LAST DROP\n|\n|-weather|RainDance|[upkeep]\n|upkeep\n|inactive|1#MiraidonHater has 30 seconds left.\n|inactive|1#MiraidonHater has 20 seconds left.\n|\n|t:|1776626956\n|switch|p1a: Dop Dururum|Basculegion, L50, M|18/100\n|turn|3\n|inactive|LyonFyre4 has 30 seconds left.\n|inactive|LyonFyre4 has 20 seconds left.\n|inactive|LyonFyre4 has 15 seconds left.\n|inactive|LyonFyre4 has 10 seconds left.\n|\n|t:|1776627004\n|switch|p2a: Basculegion|Basculegion, L50, M|100/100\n|move|p1a: Dop Dururum|Aqua Jet|p2b: Sneasler\n|-damage|p2b: Sneasler|8/100\n|move|p2b: Sneasler|Dire Claw|p1a: Dop Dururum\n|-resisted|p1a: Dop Dururum|1\n|-damage|p1a: Dop Dururum|0 fnt\n|faint|p1a: Dop Dururum\n|move|p1b: Bohemian Rhapsody|Tailwind|p1b: Bohemian Rhapsody\n|-sidestart|p1: 1#MiraidonHater|move: Tailwind\n|\n|-weather|RainDance|[upkeep]\n|upkeep\n|\n|t:|1776627011\n|switch|p1a: Bishow|Gardevoir, L50, M|100/100\n|-ability|p1a: Bishow|Poison Touch|Trace|[from] ability: Trace|[of] p2b: Sneasler\n|turn|4\n|\n|t:|1776627026\n|detailschange|p1a: Bishow|Gardevoir-Mega, L50, M\n|-mega|p1a: Bishow|Gardevoir|Gardevoirite\n|move|p1a: Bishow|Hyper Voice|p2a: Basculegion|[spread] p2a,p2b\n|-crit|p2a: Basculegion\n|-damage|p2a: Basculegion|9/100\n|-damage|p2b: Sneasler|0 fnt\n|faint|p2b: Sneasler\n|move|p1b: Bohemian Rhapsody|Hurricane|p2a: Basculegion\n|-damage|p2a: Basculegion|0 fnt\n|faint|p2a: Basculegion\n|\n|-weather|RainDance|[upkeep]\n|upkeep\n|\n|t:|1776627035\n|switch|p2b: Floette|Floette-Mega, L50, F|15/100\n|switch|p2a: Garchomp|Garchomp, L50, F|100/100\n|-ability|p2b: Floette|Fairy Aura\n|turn|5\n|inactive|1#MiraidonHater has 30 seconds left.\n|\n|t:|1776627065\n|move|p2a: Garchomp|Protect|p2a: Garchomp\n|-singleturn|p2a: Garchomp|Protect\n|move|p2b: Floette|Protect|p2b: Floette\n|-singleturn|p2b: Floette|Protect\n|move|p1a: Bishow|Hyper Voice|p2a: Garchomp|[spread] \n|-activate|p2a: Garchomp|move: Protect\n|-activate|p2b: Floette|move: Protect\n|move|p1b: Bohemian Rhapsody|Weather Ball|p2a: Garchomp\n|-activate|p2a: Garchomp|move: Protect\n|\n|-weather|RainDance|[upkeep]\n|upkeep\n|turn|6\n|\n|t:|1776627081\n|move|p2a: Garchomp|Protect|p2a: Garchomp\n|-singleturn|p2a: Garchomp|Protect\n|move|p2b: Floette|Protect||[still]\n|-fail|p2b: Floette\n|move|p1a: Bishow|Hyper Voice|p2a: Garchomp|[spread] p2b\n|-activate|p2a: Garchomp|move: Protect\n|-damage|p2b: Floette|0 fnt\n|faint|p2b: Floette\n|move|p1b: Bohemian Rhapsody|Weather Ball|p2a: Garchomp\n|-activate|p2a: Garchomp|move: Protect\n|\n|-weather|none\n|-sideend|p1: 1#MiraidonHater|move: Tailwind\n|upkeep\n|turn|7\n|\n|t:|1776627094\n|move|p1a: Bishow|Protect|p1a: Bishow\n|-singleturn|p1a: Bishow|Protect\n|move|p2a: Garchomp|Rock Slide|p1a: Bishow|[spread] \n|-activate|p1a: Bishow|move: Protect\n|-miss|p2a: Garchomp|p1b: Bohemian Rhapsody\n|move|p1b: Bohemian Rhapsody|Tailwind|p1b: Bohemian Rhapsody\n|-sidestart|p1: 1#MiraidonHater|move: Tailwind\n|\n|upkeep\n|turn|8\n|-message|LyonFyre4 forfeited.\n|\n|win|1#MiraidonHater\n|raw|1#MiraidonHater's rating: 1496 &rarr; <strong>1519</strong><br />(+23 for winning)\n|raw|LyonFyre4's rating: 1545 &rarr; <strong>1522</strong><br />(-23 for losing)\n|l|\u2606LyonFyre4\n|player|p2|\n|l| porygon-epilepz\n|j| porygon-epilepz\n|l| porygon-epilepz\n|j| porygon-epilepz\n|l| porygon-epilepz\n|j| porygon-epilepz\n",
  "uploadtime": 1776626781,
  "views": 39,
  "formatid": "gen9championsvgc2026regma",
  "rating": 1519,
  "private": 0,
  "password": null
}