{
  "id": "gen9championsvgc2026regma-2580735050",
  "format": "[Gen 9 Champions] VGC 2026 Reg M-A",
  "players": [
    "alvin776",
    "RazzvyBerry"
  ],
  "log": "|j|\u2606alvin776\n|j|\u2606RazzvyBerry\n|t:|1775928182\n|gametype|doubles\n|player|p1|alvin776|1|1187\n|player|p2|RazzvyBerry|harlequin|1220\n|gen|9\n|tier|[Gen 9 Champions] VGC 2026 Reg M-A\n|rated|\n|rule|Species Clause: Limit one of each Pok\u00e9mon\n|rule|Item Clause: Limit 1 of each item\n|clearpoke\n|poke|p1|Gengar, L50, F|\n|poke|p1|Arcanine, L50, M|\n|poke|p1|Basculegion, L50, M|\n|poke|p1|Archaludon, L50, F|\n|poke|p1|Gallade, L50, M|\n|poke|p1|Politoed, L50, M|\n|poke|p2|Azumarill, L50, M|\n|poke|p2|Froslass, L50, F|\n|poke|p2|Sinistcha, L50|\n|poke|p2|Incineroar, L50, M|\n|poke|p2|Sneasler, L50, F|\n|poke|p2|Maushold, L50|\n|teampreview|4\n|inactive|Battle timer is ON: inactive players will automatically lose when time's up. (requested by alvin776)\n|inactive|RazzvyBerry has 60 seconds left.\n|inactive|RazzvyBerry has 30 seconds left.\n|\n|t:|1775928283\n|teamsize|p1|4\n|teamsize|p2|4\n|start\n|switch|p1a: Gallade|Gallade, L50, M|100/100\n|switch|p1b: Gengar|Gengar, L50, F|100/100\n|switch|p2a: Incineroar|Incineroar, L50, M|100/100\n|switch|p2b: Sinistcha|Sinistcha, L50|100/100\n|-ability|p2a: Incineroar|Intimidate|boost\n|-unboost|p1a: Gallade|atk|1\n|-unboost|p1b: Gengar|atk|1\n|-enditem|p1a: Gallade|White Herb\n|-clearnegativeboost|p1a: Gallade|[silent]\n|turn|1\n|inactive|alvin776 has 30 seconds left.\n|inactive|RazzvyBerry has 30 seconds left.\n|inactive|RazzvyBerry has 20 seconds left.\n|\n|t:|1775928322\n|switch|p1b: Arcanine|Arcanine, L50, M|100/100\n|-ability|p1b: Arcanine|Intimidate|boost\n|-unboost|p2a: Incineroar|atk|1\n|-unboost|p2b: Sinistcha|atk|1\n|move|p1a: Gallade|Sacred Sword|p2a: Incineroar\n|-supereffective|p2a: Incineroar|1\n|-damage|p2a: Incineroar|11/100\n|move|p2a: Incineroar|Darkest Lariat|p1b: Arcanine\n|-damage|p1b: Arcanine|70/100\n|move|p2b: Sinistcha|Trick Room|p2b: Sinistcha\n|-fieldstart|move: Trick Room|[of] p2b: Sinistcha\n|\n|upkeep\n|turn|2\n|inactive|RazzvyBerry has 30 seconds left.\n|\n|t:|1775928356\n|switch|p1a: Archaludon|Archaludon, L50, F|100/100\n|move|p2b: Sinistcha|Protect|p2b: Sinistcha\n|-singleturn|p2b: Sinistcha|Protect\n|move|p2a: Incineroar|Parting Shot|p1a: Archaludon\n|-unboost|p1a: Archaludon|atk|1\n|-unboost|p1a: Archaludon|spa|1\n|\n|t:|1775928365\n|switch|p2a: Azumarill|Azumarill, L50, M|100/100|[from] Parting Shot\n|move|p1b: Arcanine|Heat Wave|p2a: Azumarill|[spread] p2a\n|-activate|p2b: Sinistcha|move: Protect\n|-resisted|p2a: Azumarill|1\n|-damage|p2a: Azumarill|87/100\n|\n|upkeep\n|turn|3\n|inactive|RazzvyBerry has 30 seconds left.\n|inactive|alvin776 has 30 seconds left.\n|inactive|alvin776 has 20 seconds left.\n|inactive|alvin776 has 15 seconds left.\n|\n|t:|1775928410\n|switch|p1a: Gengar|Gengar, L50, F|100/100\n|move|p2b: Sinistcha|Rage Powder|p2b: Sinistcha\n|-singleturn|p2b: Sinistcha|move: Rage Powder\n|move|p2a: Azumarill|Belly Drum|p2a: Azumarill\n|-damage|p2a: Azumarill|37/100\n|-setboost|p2a: Azumarill|atk|6|[from] move: Belly Drum\n|-enditem|p2a: Azumarill|Sitrus Berry|[eat]\n|-heal|p2a: Azumarill|62/100|[from] item: Sitrus Berry\n|move|p1b: Arcanine|Will-O-Wisp|p2b: Sinistcha\n|-status|p2b: Sinistcha|brn\n|\n|-damage|p2b: Sinistcha|94/100 brn|[from] brn\n|upkeep\n|turn|4\n|inactive|RazzvyBerry has 30 seconds left.\n|\n|t:|1775928443\n|detailschange|p1a: Gengar|Gengar-Mega, L50, F\n|-mega|p1a: Gengar|Gengar|Gengarite\n|move|p1b: Arcanine|Protect|p1b: Arcanine\n|-singleturn|p1b: Arcanine|Protect\n|move|p1a: Gengar|Protect|p1a: Gengar\n|-singleturn|p1a: Gengar|Protect\n|move|p2b: Sinistcha|Rage Powder|p2b: Sinistcha\n|-singleturn|p2b: Sinistcha|move: Rage Powder\n|move|p2a: Azumarill|Aqua Jet|p1a: Gengar\n|-activate|p1a: Gengar|move: Protect\n|\n|-damage|p2b: Sinistcha|88/100 brn|[from] brn\n|upkeep\n|turn|5\n|\n|t:|1775928464\n|switch|p1a: Archaludon|Archaludon, L50, F|100/100\n|move|p2b: Sinistcha|Rage Powder|p2b: Sinistcha\n|-singleturn|p2b: Sinistcha|move: Rage Powder\n|move|p2a: Azumarill|Aqua Jet|p1a: Archaludon\n|-resisted|p1a: Archaludon|1\n|-damage|p1a: Archaludon|60/100\n|-ability|p1a: Archaludon|Stamina|boost\n|-boost|p1a: Archaludon|def|1\n|move|p1b: Arcanine|Heat Wave|p2a: Azumarill|[spread] p2a,p2b\n|-resisted|p2a: Azumarill|1\n|-supereffective|p2b: Sinistcha|1\n|-damage|p2a: Azumarill|47/100\n|-damage|p2b: Sinistcha|9/100 brn\n|\n|-damage|p2b: Sinistcha|3/100 brn|[from] brn\n|-fieldend|move: Trick Room\n|upkeep\n|turn|6\n|\n|t:|1775928485\n|move|p1b: Arcanine|Protect|p1b: Arcanine\n|-singleturn|p1b: Arcanine|Protect\n|move|p2a: Azumarill|Aqua Jet|p1b: Arcanine\n|-activate|p1b: Arcanine|move: Protect\n|move|p1a: Archaludon|Flash Cannon|p2b: Sinistcha\n|-damage|p2b: Sinistcha|0 fnt\n|faint|p2b: Sinistcha\n|\n|upkeep\n|\n|t:|1775928503\n|switch|p2b: Froslass|Froslass, L50, F|100/100\n|turn|7\n|\n|t:|1775928522\n|detailschange|p2b: Froslass|Froslass-Mega, L50, F\n|-mega|p2b: Froslass|Froslass|Froslassite\n|-weather|Snowscape|[from] ability: Snow Warning|[of] p2b: Froslass\n|move|p2a: Azumarill|Aqua Jet|p1b: Arcanine\n|-supereffective|p1b: Arcanine|1\n|-damage|p1b: Arcanine|0 fnt\n|faint|p1b: Arcanine\n|move|p2b: Froslass|Blizzard|p1a: Archaludon\n|-damage|p1a: Archaludon|0 fnt\n|faint|p1a: Archaludon\n|\n|-weather|Snowscape|[upkeep]\n|upkeep\n|\n|t:|1775928531\n|switch|p1b: Gallade|Gallade, L50, M|100/100\n|switch|p1a: Gengar|Gengar-Mega, L50, F|100/100\n|turn|8\n|inactive|RazzvyBerry has 30 seconds left.\n|inactive|RazzvyBerry has 20 seconds left.\n|inactive|RazzvyBerry has 15 seconds left.\n|inactive|RazzvyBerry has 10 seconds left.\n|\n|t:|1775928579\n|move|p1a: Gengar|Protect|p1a: Gengar\n|-singleturn|p1a: Gengar|Protect\n|move|p2a: Azumarill|Aqua Jet|p1a: Gengar\n|-activate|p1a: Gengar|move: Protect\n|move|p2b: Froslass|Shadow Ball|p1b: Gallade\n|-supereffective|p1b: Gallade|1\n|-damage|p1b: Gallade|3/100\n|move|p1b: Gallade|Psycho Cut|p2a: Azumarill\n|-damage|p2a: Azumarill|10/100\n|\n|-weather|Snowscape|[upkeep]\n|upkeep\n|turn|9\n|\n|t:|1775928599\n|move|p1b: Gallade|Shadow Sneak|p2a: Azumarill\n|-damage|p2a: Azumarill|0 fnt\n|faint|p2a: Azumarill\n|move|p1a: Gengar|Shadow Ball|p2b: Froslass\n|-supereffective|p2b: Froslass|1\n|-damage|p2b: Froslass|0 fnt\n|faint|p2b: Froslass\n|\n|-weather|Snowscape|[upkeep]\n|upkeep\n|\n|t:|1775928608\n|switch|p2a: Incineroar|Incineroar, L50, M|11/100\n|-ability|p2a: Incineroar|Intimidate|boost\n|-unboost|p1a: Gengar|atk|1\n|-unboost|p1b: Gallade|atk|1\n|turn|10\n|c|\u2606RazzvyBerry|excuse me\n|c|\u2606RazzvyBerry|since when does gallade have sn?\n|c|\u2606alvin776|GALLADE IS THE GOAT\n|inactive|alvin776 has 30 seconds left.\n|inactive|RazzvyBerry has 30 seconds left.\n|c|\u2606RazzvyBerry|did they add it just now?\n|\n|t:|1775928641\n|move|p1b: Gallade|Protect|p1b: Gallade\n|-singleturn|p1b: Gallade|Protect\n|move|p2a: Incineroar|Fake Out|p1b: Gallade\n|-activate|p1b: Gallade|move: Protect\n|move|p1a: Gengar|Shadow Ball|p2a: Incineroar\n|-resisted|p2a: Incineroar|1\n|-damage|p2a: Incineroar|0 fnt\n|faint|p2a: Incineroar\n|\n|win|alvin776\n|raw|alvin776's rating: 1187 &rarr; <strong>1214</strong><br />(+27 for winning)\n|raw|RazzvyBerry's rating: 1220 &rarr; <strong>1193</strong><br />(-27 for losing)\n|c|\u2606RazzvyBerry|no\n|c|\u2606RazzvyBerry|til\n|c|\u2606alvin776|WHAT'S SN?\n|c|\u2606RazzvyBerry|shadow sneak\n|c|\u2606alvin776|yeah, like a whiule\n|c|\u2606alvin776|gen 6 i think\n|l|\u2606RazzvyBerry\n|player|p2|\n",
  "uploadtime": 1775928705,
  "views": 24,
  "formatid": "gen9championsvgc2026regma",
  "rating": 1193,
  "private": 0,
  "password": null
}