{
  "id": "gen9championsvgc2026regma-2585480521",
  "format": "[Gen 9 Champions] VGC 2026 Reg M-A",
  "players": [
    "zhennnc",
    "Jah_08"
  ],
  "log": "|j|\u2606zhennnc\n|j|\u2606Jah_08\n|t:|1776350331\n|gametype|doubles\n|player|p1|zhennnc|caitlin|1394\n|player|p2|Jah_08|alder|1368\n|gen|9\n|tier|[Gen 9 Champions] VGC 2026 Reg M-A\n|rated|\n|rule|Species Clause: Limit one of each Pok\u00e9mon\n|rule|Item Clause: Limit 1 of each item\n|clearpoke\n|poke|p1|Floette-Eternal, L50, F|\n|poke|p1|Incineroar, L50, M|\n|poke|p1|Tyranitar, L50, F|\n|poke|p1|Corviknight, L50, F|\n|poke|p1|Rotom-Wash, L50|\n|poke|p1|Sneasler, L50, F|\n|poke|p2|Excadrill, L50, M|\n|poke|p2|Whimsicott, L50, M|\n|poke|p2|Chandelure, L50, M|\n|poke|p2|Zoroark-Hisui, L50, M|\n|poke|p2|Basculegion, L50, M|\n|poke|p2|Hydreigon, L50, M|\n|teampreview|4\n|j| TeamShanghaiAlice\n|inactive|Battle timer is ON: inactive players will automatically lose when time's up. (requested by Jah_08)\n|\n|t:|1776350355\n|teamsize|p1|4\n|teamsize|p2|4\n|start\n|switch|p1a: Incineroar|Incineroar, L50, M, shiny|100/100\n|switch|p1b: Corviknight|Corviknight, L50, F|100/100\n|switch|p2a: Basculegion|Basculegion, L50, M|100/100\n|switch|p2b: Whimsicott|Whimsicott, L50, M, shiny|100/100\n|-ability|p1a: Incineroar|Intimidate|boost\n|-unboost|p2a: Basculegion|atk|1\n|-unboost|p2b: Whimsicott|atk|1\n|turn|1\n|\n|t:|1776350374\n|switch|p1a: Rotom|Rotom-Wash, L50, shiny|100/100\n|move|p2b: Whimsicott|Protect|p2b: Whimsicott\n|-singleturn|p2b: Whimsicott|Protect\n|move|p2a: Basculegion|Wave Crash|p1a: Rotom\n|-resisted|p1a: Rotom|1\n|-damage|p1a: Rotom|68/100\n|-damage|p2a: Basculegion|93/100|[from] Recoil\n|move|p1b: Corviknight|Brave Bird|p2b: Whimsicott\n|-activate|p2b: Whimsicott|move: Protect\n|\n|upkeep\n|turn|2\n|inactive|Jah_08 has 30 seconds left.\n|inactive|Jah_08 has 20 seconds left.\n|\n|t:|1776350412\n|switch|p2a: Excadrill|Excadrill, L50, M|100/100\n|-ability|p2a: Excadrill|Mold Breaker\n|switch|p2b: Chandelure|Chandelure, L50, M|100/100\n|move|p1a: Rotom|Will-O-Wisp|p2a: Excadrill|[miss]\n|-miss|p1a: Rotom|p2a: Excadrill\n|move|p1b: Corviknight|Brave Bird|p2b: Chandelure\n|-damage|p2b: Chandelure|50/100\n|-damage|p1b: Corviknight|87/100|[from] Recoil\n|\n|-heal|p1b: Corviknight|93/100|[from] item: Leftovers\n|upkeep\n|turn|3\n|\n|t:|1776350434\n|switch|p1b: Incineroar|Incineroar, L50, M, shiny|100/100\n|-ability|p1b: Incineroar|Intimidate|boost\n|-unboost|p2a: Excadrill|atk|1\n|-unboost|p2b: Chandelure|atk|1\n|detailschange|p2b: Chandelure|Chandelure-Mega, L50, M\n|-mega|p2b: Chandelure|Chandelure|Chandelurite\n|move|p1a: Rotom|Will-O-Wisp|p2a: Excadrill\n|-status|p2a: Excadrill|brn\n|move|p2a: Excadrill|High Horsepower|p1a: Rotom\n|-supereffective|p1a: Rotom|1\n|-damage|p1a: Rotom|28/100\n|move|p2b: Chandelure|Heat Wave|p1b: Incineroar|[spread] p1a,p1b\n|-resisted|p1a: Rotom|1\n|-resisted|p1b: Incineroar|1\n|-damage|p1a: Rotom|0 fnt\n|-damage|p1b: Incineroar|78/100\n|faint|p1a: Rotom\n|\n|-damage|p2a: Excadrill|95/100 brn|[from] brn\n|upkeep\n|\n|t:|1776350448\n|switch|p1a: Floette|Floette-Eternal, L50, F, shiny|100/100\n|turn|4\n|inactive|Jah_08 has 30 seconds left.\n|\n|t:|1776350474\n|detailschange|p1a: Floette|Floette-Mega, L50, F, shiny\n|-mega|p1a: Floette|Floette|Floettite\n|-ability|p1a: Floette|Fairy Aura\n|move|p1a: Floette|Protect|p1a: Floette\n|-singleturn|p1a: Floette|Protect\n|move|p2a: Excadrill|Protect|p2a: Excadrill\n|-singleturn|p2a: Excadrill|Protect\n|move|p2b: Chandelure|Shadow Ball|p1a: Floette\n|-activate|p1a: Floette|move: Protect\n|move|p1b: Incineroar|Parting Shot|p2b: Chandelure\n|-unboost|p2b: Chandelure|atk|1\n|-unboost|p2b: Chandelure|spa|1\n|\n|t:|1776350483\n|switch|p1b: Corviknight|Corviknight, L50, F|93/100|[from] Parting Shot\n|\n|-heal|p1b: Corviknight|99/100|[from] item: Leftovers\n|-damage|p2a: Excadrill|89/100 brn|[from] brn\n|upkeep\n|turn|5\n|\n|t:|1776350498\n|switch|p1b: Incineroar|Incineroar, L50, M, shiny|78/100\n|-ability|p1b: Incineroar|Intimidate|boost\n|-unboost|p2a: Excadrill|atk|1\n|-unboost|p2b: Chandelure|atk|1\n|move|p1a: Floette|Calm Mind|p1a: Floette\n|-boost|p1a: Floette|spa|1\n|-boost|p1a: Floette|spd|1\n|move|p2a: Excadrill|Iron Head|p1a: Floette\n|-supereffective|p1a: Floette|1\n|-damage|p1a: Floette|79/100\n|move|p2b: Chandelure|Shadow Ball|p1a: Floette\n|-damage|p1a: Floette|61/100\n|\n|-damage|p2a: Excadrill|83/100 brn|[from] brn\n|upkeep\n|turn|6\n|\n|t:|1776350523\n|move|p1b: Incineroar|Fake Out|p2a: Excadrill\n|-resisted|p2a: Excadrill|1\n|-damage|p2a: Excadrill|75/100 brn\n|move|p1a: Floette|Moonblast|p2b: Chandelure\n|-resisted|p2b: Chandelure|1\n|-damage|p2b: Chandelure|0 fnt\n|faint|p2b: Chandelure\n|cant|p2a: Excadrill|flinch\n|\n|-damage|p2a: Excadrill|69/100 brn|[from] brn\n|upkeep\n|\n|t:|1776350536\n|switch|p2b: Basculegion|Basculegion, L50, M|93/100\n|turn|7\n|\n|t:|1776350552\n|switch|p1b: Corviknight|Corviknight, L50, F|99/100\n|move|p1a: Floette|Protect|p1a: Floette\n|-singleturn|p1a: Floette|Protect\n|move|p2b: Basculegion|Wave Crash|p1b: Corviknight\n|-damage|p1b: Corviknight|44/100\n|-damage|p2b: Basculegion|74/100|[from] Recoil\n|move|p2a: Excadrill|Iron Head|p1a: Floette\n|-activate|p1a: Floette|move: Protect\n|\n|-heal|p1b: Corviknight|50/100|[from] item: Leftovers\n|-damage|p2a: Excadrill|63/100 brn|[from] brn\n|upkeep\n|turn|8\n|\n|t:|1776350572\n|switch|p1b: Incineroar|Incineroar, L50, M, shiny|78/100\n|-ability|p1b: Incineroar|Intimidate|boost\n|-unboost|p2a: Excadrill|atk|1\n|-unboost|p2b: Basculegion|atk|1\n|move|p2b: Basculegion|Wave Crash|p1a: Floette\n|-damage|p1a: Floette|14/100\n|-damage|p2b: Basculegion|59/100|[from] Recoil\n|move|p1a: Floette|Moonblast|p2b: Basculegion\n|-damage|p2b: Basculegion|0 fnt\n|faint|p2b: Basculegion\n|move|p2a: Excadrill|Rock Slide|p1b: Incineroar|[spread] p1a,p1b\n|-supereffective|p1b: Incineroar|1\n|-crit|p1b: Incineroar\n|-damage|p1a: Floette|10/100\n|-damage|p1b: Incineroar|57/100\n|\n|-damage|p2a: Excadrill|57/100 brn|[from] brn\n|upkeep\n|\n|t:|1776350590\n|switch|p2b: Whimsicott|Whimsicott, L50, M, shiny|100/100\n|turn|9\n|\n|t:|1776350601\n|move|p2b: Whimsicott|Protect|p2b: Whimsicott\n|-singleturn|p2b: Whimsicott|Protect\n|move|p1a: Floette|Protect|p1a: Floette\n|-singleturn|p1a: Floette|Protect\n|move|p2a: Excadrill|Protect|p2a: Excadrill\n|-singleturn|p2a: Excadrill|Protect\n|move|p1b: Incineroar|Flare Blitz|p2b: Whimsicott\n|-activate|p2b: Whimsicott|move: Protect\n|\n|-damage|p2a: Excadrill|51/100 brn|[from] brn\n|upkeep\n|turn|10\n|inactive|Jah_08 has 30 seconds left.\n|\n|t:|1776350630\n|move|p2b: Whimsicott|Moonblast|p1b: Incineroar\n|-damage|p1b: Incineroar|20/100\n|-enditem|p1b: Incineroar|Sitrus Berry|[eat]\n|-heal|p1b: Incineroar|45/100|[from] item: Sitrus Berry\n|move|p1a: Floette|Moonblast|p2b: Whimsicott\n|-damage|p2b: Whimsicott|0 fnt\n|faint|p2b: Whimsicott\n|move|p2a: Excadrill|Iron Head|p1a: Floette\n|-supereffective|p1a: Floette|1\n|-damage|p1a: Floette|0 fnt\n|faint|p1a: Floette\n|move|p1b: Incineroar|Flare Blitz|p2a: Excadrill\n|-supereffective|p2a: Excadrill|1\n|-damage|p2a: Excadrill|0 fnt\n|faint|p2a: Excadrill\n|-damage|p1b: Incineroar|29/100|[from] Recoil\n|\n|win|zhennnc\n|raw|zhennnc's rating: 1394 &rarr; <strong>1413</strong><br />(+19 for winning)\n|raw|Jah_08's rating: 1368 &rarr; <strong>1349</strong><br />(-19 for losing)\n|l|\u2606zhennnc\n|player|p1|\n",
  "uploadtime": 1776350648,
  "views": 28,
  "formatid": "gen9championsvgc2026regma",
  "rating": 1349,
  "private": 0,
  "password": null
}