{
  "id": "gen9championsvgc2026regma-2584115666",
  "format": "[Gen 9 Champions] VGC 2026 Reg M-A",
  "players": [
    "REALBEASTBRYAN",
    "potaajyu_jv"
  ],
  "log": "|j|\u2606REALBEASTBRYAN\n|j|\u2606potaajyu_jv\n|t:|1776226833\n|gametype|doubles\n|player|p1|REALBEASTBRYAN|youngster-gen4dp|1123\n|player|p2|potaajyu_jv|cheryl|1154\n|gen|9\n|tier|[Gen 9 Champions] VGC 2026 Reg M-A\n|rated|\n|rule|Species Clause: Limit one of each Pok\u00e9mon\n|rule|Item Clause: Limit 1 of each item\n|clearpoke\n|poke|p1|Charizard, L50, M|\n|poke|p1|Venusaur, L50, M|\n|poke|p1|Incineroar, L50, F|\n|poke|p1|Rotom-Wash, L50|\n|poke|p1|Garchomp, L50, M|\n|poke|p1|Torkoal, L50, M|\n|poke|p2|Primarina, L50, M|\n|poke|p2|Drampa, L50, F|\n|poke|p2|Sneasler, L50, F|\n|poke|p2|Sinistcha, L50|\n|poke|p2|Farigiraf, L50, M|\n|poke|p2|Crabominable, L50, F|\n|teampreview|4\n|\n|t:|1776226867\n|teamsize|p1|4\n|teamsize|p2|4\n|start\n|switch|p1a: Rotom|Rotom-Wash, L50|100/100\n|switch|p1b: Garchomp|Garchomp, L50, M|100/100\n|switch|p2a: \u30a2\u30b7\u30ec\u30fc\u30cc|Primarina, L50, M|100/100\n|switch|p2b: \u30ea\u30ad\u30ad\u30ea\u30f3|Farigiraf, L50, M|100/100\n|turn|1\n|\n|t:|1776226887\n|move|p1b: Garchomp|Earthquake|p2b: \u30ea\u30ad\u30ad\u30ea\u30f3|[spread] p2a,p2b\n|-immune|p1a: Rotom|[from] ability: Levitate\n|-damage|p2a: \u30a2\u30b7\u30ec\u30fc\u30cc|45/100\n|-damage|p2b: \u30ea\u30ad\u30ad\u30ea\u30f3|63/100\n|move|p1a: Rotom|Thunderbolt|p2a: \u30a2\u30b7\u30ec\u30fc\u30cc\n|-supereffective|p2a: \u30a2\u30b7\u30ec\u30fc\u30cc|1\n|-enditem|p2a: \u30a2\u30b7\u30ec\u30fc\u30cc|Wacan Berry|[eat]\n|-enditem|p2a: \u30a2\u30b7\u30ec\u30fc\u30cc|Wacan Berry|[weaken]\n|-damage|p2a: \u30a2\u30b7\u30ec\u30fc\u30cc|8/100\n|move|p2a: \u30a2\u30b7\u30ec\u30fc\u30cc|Moonblast|p1b: Garchomp\n|-supereffective|p1b: Garchomp|1\n|-damage|p1b: Garchomp|0 fnt\n|faint|p1b: Garchomp\n|move|p2b: \u30ea\u30ad\u30ad\u30ea\u30f3|Trick Room|p2b: \u30ea\u30ad\u30ad\u30ea\u30f3\n|-fieldstart|move: Trick Room|[of] p2b: \u30ea\u30ad\u30ad\u30ea\u30f3\n|\n|upkeep\n|\n|t:|1776226900\n|switch|p1b: Torkoal|Torkoal, L50, M|100/100\n|-weather|SunnyDay|[from] ability: Drought|[of] p1b: Torkoal\n|turn|2\n|inactive|Battle timer is ON: inactive players will automatically lose when time's up. (requested by REALBEASTBRYAN)\n|\n|t:|1776226941\n|switch|p2a: \u30b8\u30b8\u30fc\u30ed\u30f3|Drampa, L50, F|100/100\n|-ability|p2a: \u30b8\u30b8\u30fc\u30ed\u30f3|Cloud Nine\n|move|p1b: Torkoal|Eruption|p2a: \u30b8\u30b8\u30fc\u30ed\u30f3|[spread] p2a,p2b\n|-resisted|p2a: \u30b8\u30b8\u30fc\u30ed\u30f3|1\n|-damage|p2a: \u30b8\u30b8\u30fc\u30ed\u30f3|79/100\n|-damage|p2b: \u30ea\u30ad\u30ad\u30ea\u30f3|11/100\n|-enditem|p2b: \u30ea\u30ad\u30ad\u30ea\u30f3|Sitrus Berry|[eat]\n|-heal|p2b: \u30ea\u30ad\u30ad\u30ea\u30f3|36/100|[from] item: Sitrus Berry\n|move|p2b: \u30ea\u30ad\u30ad\u30ea\u30f3|Night Shade|p1b: Torkoal\n|-damage|p1b: Torkoal|72/100\n|move|p1a: Rotom|Thunderbolt|p2b: \u30ea\u30ad\u30ad\u30ea\u30f3\n|-damage|p2b: \u30ea\u30ad\u30ad\u30ea\u30f3|4/100\n|\n|-weather|SunnyDay|[upkeep]\n|upkeep\n|turn|3\n|inactive|potaajyu_jv has 30 seconds left.\n|\n|t:|1776226970\n|move|p2b: \u30ea\u30ad\u30ad\u30ea\u30f3|Ally Switch|p2b: \u30ea\u30ad\u30ad\u30ea\u30f3\n|swap|p2b: \u30ea\u30ad\u30ad\u30ea\u30f3|0|[from] move: Ally Switch\n|move|p1b: Torkoal|Eruption|p2b: \u30b8\u30b8\u30fc\u30ed\u30f3|[spread] p2a,p2b\n|-resisted|p2b: \u30b8\u30b8\u30fc\u30ed\u30f3|1\n|-crit|p2b: \u30b8\u30b8\u30fc\u30ed\u30f3\n|-damage|p2a: \u30ea\u30ad\u30ad\u30ea\u30f3|0 fnt\n|-damage|p2b: \u30b8\u30b8\u30fc\u30ed\u30f3|59/100\n|faint|p2a: \u30ea\u30ad\u30ad\u30ea\u30f3\n|move|p2b: \u30b8\u30b8\u30fc\u30ed\u30f3|Earth Power|p1b: Torkoal\n|-supereffective|p1b: Torkoal|1\n|-damage|p1b: Torkoal|4/100\n|move|p1a: Rotom|Thunderbolt|p2b: \u30b8\u30b8\u30fc\u30ed\u30f3\n|-resisted|p2b: \u30b8\u30b8\u30fc\u30ed\u30f3|1\n|-damage|p2b: \u30b8\u30b8\u30fc\u30ed\u30f3|45/100\n|\n|-weather|SunnyDay|[upkeep]\n|upkeep\n|\n|t:|1776226982\n|switch|p2a: \u30e4\u30d0\u30bd\u30c1\u30e3|Sinistcha, L50|100/100\n|-heal|p2b: \u30b8\u30b8\u30fc\u30ed\u30f3|70/100|[from] ability: Hospitality|[of] p2a: \u30e4\u30d0\u30bd\u30c1\u30e3\n|turn|4\n|\n|t:|1776226996\n|move|p1b: Torkoal|Heat Wave|p2a: \u30e4\u30d0\u30bd\u30c1\u30e3|[spread] p2a,p2b\n|-supereffective|p2a: \u30e4\u30d0\u30bd\u30c1\u30e3|1\n|-resisted|p2b: \u30b8\u30b8\u30fc\u30ed\u30f3|1\n|-damage|p2a: \u30e4\u30d0\u30bd\u30c1\u30e3|22/100\n|-damage|p2b: \u30b8\u30b8\u30fc\u30ed\u30f3|57/100\n|move|p2b: \u30b8\u30b8\u30fc\u30ed\u30f3|Hyper Voice|p1a: Rotom|[spread] p1a,p1b\n|-damage|p1a: Rotom|69/100\n|-damage|p1b: Torkoal|0 fnt\n|faint|p1b: Torkoal\n|move|p2a: \u30e4\u30d0\u30bd\u30c1\u30e3|Life Dew|p2a: \u30e4\u30d0\u30bd\u30c1\u30e3|[spread] p2a,p2b\n|-heal|p2a: \u30e4\u30d0\u30bd\u30c1\u30e3|47/100\n|-heal|p2b: \u30b8\u30b8\u30fc\u30ed\u30f3|82/100\n|move|p1a: Rotom|Light Screen|p1a: Rotom\n|-sidestart|p1: REALBEASTBRYAN|move: Light Screen\n|\n|-weather|SunnyDay|[upkeep]\n|-heal|p1a: Rotom|75/100|[from] item: Leftovers\n|upkeep\n|\n|t:|1776227010\n|switch|p1b: Charizard|Charizard, L50, M|100/100\n|turn|5\n|\n|t:|1776227027\n|detailschange|p1b: Charizard|Charizard-Mega-Y, L50, M\n|-mega|p1b: Charizard|Charizard|Charizardite Y\n|move|p2b: \u30b8\u30b8\u30fc\u30ed\u30f3|Hyper Voice|p1a: Rotom|[spread] p1a,p1b\n|-damage|p1a: Rotom|53/100\n|-damage|p1b: Charizard|80/100\n|move|p2a: \u30e4\u30d0\u30bd\u30c1\u30e3|Life Dew|p2a: \u30e4\u30d0\u30bd\u30c1\u30e3|[spread] p2a,p2b\n|-heal|p2a: \u30e4\u30d0\u30bd\u30c1\u30e3|72/100\n|-heal|p2b: \u30b8\u30b8\u30fc\u30ed\u30f3|100/100\n|move|p1a: Rotom|Thunderbolt|p2b: \u30b8\u30b8\u30fc\u30ed\u30f3\n|-resisted|p2b: \u30b8\u30b8\u30fc\u30ed\u30f3|1\n|-damage|p2b: \u30b8\u30b8\u30fc\u30ed\u30f3|88/100\n|-status|p2b: \u30b8\u30b8\u30fc\u30ed\u30f3|par\n|move|p1b: Charizard|Heat Wave|p2b: \u30b8\u30b8\u30fc\u30ed\u30f3|[spread] p2a\n|-miss|p1b: Charizard|p2b: \u30b8\u30b8\u30fc\u30ed\u30f3\n|-supereffective|p2a: \u30e4\u30d0\u30bd\u30c1\u30e3|1\n|-damage|p2a: \u30e4\u30d0\u30bd\u30c1\u30e3|0 fnt\n|faint|p2a: \u30e4\u30d0\u30bd\u30c1\u30e3\n|\n|-weather|SunnyDay|[upkeep]\n|-heal|p1a: Rotom|58/100|[from] item: Leftovers\n|-fieldend|move: Trick Room\n|upkeep\n|\n|t:|1776227049\n|switch|p2a: \u30a2\u30b7\u30ec\u30fc\u30cc|Primarina, L50, M|8/100\n|turn|6\n|\n|t:|1776227060\n|move|p2a: \u30a2\u30b7\u30ec\u30fc\u30cc|Aqua Jet|p1b: Charizard\n|-supereffective|p1b: Charizard|1\n|-damage|p1b: Charizard|53/100\n|move|p1b: Charizard|Heat Wave|p2a: \u30a2\u30b7\u30ec\u30fc\u30cc|[spread] p2a,p2b\n|-resisted|p2a: \u30a2\u30b7\u30ec\u30fc\u30cc|1\n|-resisted|p2b: \u30b8\u30b8\u30fc\u30ed\u30f3|1\n|-damage|p2a: \u30a2\u30b7\u30ec\u30fc\u30cc|0 fnt\n|-damage|p2b: \u30b8\u30b8\u30fc\u30ed\u30f3|73/100 par\n|faint|p2a: \u30a2\u30b7\u30ec\u30fc\u30cc\n|move|p1a: Rotom|Thunderbolt|p2b: \u30b8\u30b8\u30fc\u30ed\u30f3\n|-resisted|p2b: \u30b8\u30b8\u30fc\u30ed\u30f3|1\n|-damage|p2b: \u30b8\u30b8\u30fc\u30ed\u30f3|59/100 par\n|move|p2b: \u30b8\u30b8\u30fc\u30ed\u30f3|Hyper Voice|p1b: Charizard|[spread] p1a,p1b\n|-crit|p1b: Charizard\n|-damage|p1a: Rotom|36/100\n|-damage|p1b: Charizard|4/100\n|\n|-weather|none\n|-heal|p1a: Rotom|42/100|[from] item: Leftovers\n|upkeep\n|turn|7\n|inactive|REALBEASTBRYAN has 30 seconds left.\n|inactive|potaajyu_jv has 30 seconds left.\n|\n|t:|1776227092\n|detailschange|p2b: \u30b8\u30b8\u30fc\u30ed\u30f3|Drampa-Mega, L50, F\n|-mega|p2b: \u30b8\u30b8\u30fc\u30ed\u30f3|Drampa|Drampanite\n|move|p1b: Charizard|Overheat|p2b: \u30b8\u30b8\u30fc\u30ed\u30f3|[miss]\n|-miss|p1b: Charizard|p2b: \u30b8\u30b8\u30fc\u30ed\u30f3\n|move|p1a: Rotom|Thunderbolt|p2b: \u30b8\u30b8\u30fc\u30ed\u30f3\n|-resisted|p2b: \u30b8\u30b8\u30fc\u30ed\u30f3|1\n|-damage|p2b: \u30b8\u30b8\u30fc\u30ed\u30f3|48/100 par\n|-ability|p2b: \u30b8\u30b8\u30fc\u30ed\u30f3|Berserk|boost\n|-boost|p2b: \u30b8\u30b8\u30fc\u30ed\u30f3|spa|1\n|move|p2b: \u30b8\u30b8\u30fc\u30ed\u30f3|Hyper Voice|p1b: Charizard|[spread] p1a,p1b\n|-damage|p1a: Rotom|5/100\n|-damage|p1b: Charizard|0 fnt\n|faint|p1b: Charizard\n|\n|-heal|p1a: Rotom|11/100|[from] item: Leftovers\n|upkeep\n|turn|8\n|\n|t:|1776227108\n|move|p1a: Rotom|Thunderbolt|p2b: \u30b8\u30b8\u30fc\u30ed\u30f3\n|-resisted|p2b: \u30b8\u30b8\u30fc\u30ed\u30f3|1\n|-damage|p2b: \u30b8\u30b8\u30fc\u30ed\u30f3|36/100 par\n|move|p2b: \u30b8\u30b8\u30fc\u30ed\u30f3|Hyper Voice|p1a: Rotom\n|-damage|p1a: Rotom|0 fnt\n|faint|p1a: Rotom\n|\n|win|potaajyu_jv\n|raw|REALBEASTBRYAN's rating: 1123 &rarr; <strong>1100</strong><br />(-23 for losing)\n|raw|potaajyu_jv's rating: 1154 &rarr; <strong>1177</strong><br />(+23 for winning)\n|l|\u2606REALBEASTBRYAN\n|player|p1|\n",
  "uploadtime": 1776227118,
  "views": 24,
  "formatid": "gen9championsvgc2026regma",
  "rating": 1100,
  "private": 0,
  "password": null
}