{
  "id": "gen9championsvgc2026regma-2584439979",
  "format": "[Gen 9 Champions] VGC 2026 Reg M-A",
  "players": [
    "Zeedee",
    "sprushy"
  ],
  "log": "|j|\u2606Zeedee\n|j|\u2606sprushy\n|t:|1776260996\n|gametype|doubles\n|player|p1|Zeedee|caitlin|1115\n|player|p2|sprushy|102|1107\n|gen|9\n|tier|[Gen 9 Champions] VGC 2026 Reg M-A\n|rated|\n|rule|Species Clause: Limit one of each Pok\u00e9mon\n|rule|Item Clause: Limit 1 of each item\n|clearpoke\n|poke|p1|Incineroar, L50, M|\n|poke|p1|Sylveon, L50, F|\n|poke|p1|Sneasler, L50, M|\n|poke|p1|Rotom-Wash, L50|\n|poke|p1|Whimsicott, L50, F|\n|poke|p1|Sinistcha, L50|\n|poke|p2|Snorlax, L50, F|\n|poke|p2|Toxapex, L50, M|\n|poke|p2|Sinistcha, L50|\n|poke|p2|Incineroar, L50, M|\n|poke|p2|Venusaur, L50, M|\n|poke|p2|Hawlucha, L50, F|\n|teampreview|4\n|\n|t:|1776261033\n|teamsize|p1|4\n|teamsize|p2|4\n|start\n|switch|p1a: Incineroar|Incineroar, L50, M|100/100\n|switch|p1b: Sylveon|Sylveon, L50, F, shiny|100/100\n|switch|p2a: Toxapex|Toxapex, L50, M|100/100\n|switch|p2b: Venusaur|Venusaur, L50, M|100/100\n|-ability|p1a: Incineroar|Intimidate|boost\n|-unboost|p2a: Toxapex|atk|1\n|-unboost|p2b: Venusaur|atk|1\n|turn|1\n|\n|t:|1776261058\n|detailschange|p2b: Venusaur|Venusaur-Mega, L50, M\n|-mega|p2b: Venusaur|Venusaur|Venusaurite\n|move|p1a: Incineroar|Fake Out|p2b: Venusaur\n|-damage|p2b: Venusaur|93/100\n|cant|p2b: Venusaur|flinch\n|move|p1b: Sylveon|Calm Mind|p1b: Sylveon\n|-boost|p1b: Sylveon|spa|1\n|-boost|p1b: Sylveon|spd|1\n|move|p2a: Toxapex|Infestation|p1b: Sylveon\n|-resisted|p1b: Sylveon|1\n|-damage|p1b: Sylveon|99/100\n|-activate|p1b: Sylveon|move: Infestation|[of] p2a: Toxapex\n|\n|-damage|p1b: Sylveon|88/100|[from] move: Infestation|[partiallytrapped]\n|upkeep\n|turn|2\n|\n|t:|1776261075\n|move|p1b: Sylveon|Protect|p1b: Sylveon\n|-singleturn|p1b: Sylveon|Protect\n|move|p1a: Incineroar|Parting Shot|p2b: Venusaur\n|-unboost|p2b: Venusaur|atk|1\n|-unboost|p2b: Venusaur|spa|1\n|\n|t:|1776261080\n|switch|p1a: Rotom|Rotom-Wash, L50|100/100|[from] Parting Shot\n|move|p2b: Venusaur|Leech Seed|p1b: Sylveon\n|-activate|p1b: Sylveon|move: Protect\n|move|p2a: Toxapex|Toxic|p1b: Sylveon\n|-activate|p1b: Sylveon|move: Protect\n|\n|-damage|p1b: Sylveon|75/100|[from] move: Infestation|[partiallytrapped]\n|upkeep\n|turn|3\n|\n|t:|1776261093\n|move|p1a: Rotom|Thunderbolt|p2a: Toxapex\n|-supereffective|p2a: Toxapex|1\n|-damage|p2a: Toxapex|43/100\n|move|p2b: Venusaur|Leech Seed|p1b: Sylveon\n|-start|p1b: Sylveon|move: Leech Seed\n|move|p1b: Sylveon|Mystical Fire|p2b: Venusaur\n|-supereffective|p2b: Venusaur|1\n|-damage|p2b: Venusaur|63/100\n|-unboost|p2b: Venusaur|spa|1\n|move|p2a: Toxapex|Toxic|p1b: Sylveon\n|-status|p1b: Sylveon|tox\n|\n|-damage|p1b: Sylveon|63/100 tox|[from] Leech Seed|[of] p2b: Venusaur\n|-heal|p2b: Venusaur|74/100|[silent]\n|-damage|p1b: Sylveon|57/100 tox|[from] psn\n|-damage|p1b: Sylveon|45/100 tox|[from] move: Infestation|[partiallytrapped]\n|upkeep\n|turn|4\n|\n|t:|1776261120\n|switch|p2b: Sinistcha|Sinistcha, L50|100/100\n|-heal|p2a: Toxapex|68/100|[from] ability: Hospitality|[of] p2b: Sinistcha\n|move|p2a: Toxapex|Baneful Bunker|p2a: Toxapex\n|-singleturn|p2a: Toxapex|move: Protect\n|move|p1a: Rotom|Thunderbolt|p2a: Toxapex\n|-activate|p2a: Toxapex|move: Protect\n|move|p1b: Sylveon|Mystical Fire|p2b: Sinistcha\n|-supereffective|p2b: Sinistcha|1\n|-damage|p2b: Sinistcha|3/100\n|-unboost|p2b: Sinistcha|spa|1\n|\n|-damage|p1b: Sylveon|33/100 tox|[from] Leech Seed|[of] p2b: Sinistcha\n|-heal|p2b: Sinistcha|15/100|[silent]\n|-damage|p1b: Sylveon|21/100 tox|[from] psn\n|-damage|p1b: Sylveon|9/100 tox|[from] move: Infestation|[partiallytrapped]\n|upkeep\n|turn|5\n|\n|t:|1776261148\n|switch|p2b: Venusaur|Venusaur-Mega, L50, M|74/100\n|switch|p2a: Incineroar|Incineroar, L50, M|100/100\n|-ability|p2a: Incineroar|Intimidate|boost\n|-unboost|p1a: Rotom|atk|1\n|-unboost|p1b: Sylveon|atk|1\n|move|p1a: Rotom|Thunderbolt|p2a: Incineroar\n|-damage|p2a: Incineroar|58/100\n|move|p1b: Sylveon|Hyper Voice|p2b: Venusaur|[spread] p2a,p2b\n|-resisted|p2b: Venusaur|1\n|-damage|p2a: Incineroar|0 fnt\n|-damage|p2b: Venusaur|49/100\n|faint|p2a: Incineroar\n|\n|-damage|p1b: Sylveon|0 fnt|[from] Leech Seed|[of] p2b: Venusaur\n|-heal|p2b: Venusaur|57/100|[silent]\n|faint|p1b: Sylveon\n|upkeep\n|\n|t:|1776261165\n|switch|p2a: Sinistcha|Sinistcha, L50|15/100\n|switch|p1b: Incineroar|Incineroar, L50, M|100/100\n|-ability|p1b: Incineroar|Intimidate|boost\n|-unboost|p2a: Sinistcha|atk|1\n|-unboost|p2b: Venusaur|atk|1\n|-heal|p2b: Venusaur|81/100|[from] ability: Hospitality|[of] p2a: Sinistcha\n|turn|6\n|\n|t:|1776261194\n|switch|p1a: Sinistcha|Sinistcha, L50|100/100\n|switch|p2a: Toxapex|Toxapex, L50, M|100/100\n|move|p2b: Venusaur|Protect|p2b: Venusaur\n|-singleturn|p2b: Venusaur|Protect\n|move|p1b: Incineroar|Throat Chop|p2a: Toxapex\n|-damage|p2a: Toxapex|70/100\n|-start|p2a: Toxapex|Throat Chop|[silent]\n|\n|upkeep\n|turn|7\n|\n|t:|1776261224\n|move|p1b: Incineroar|Throat Chop|p2a: Toxapex\n|-damage|p2a: Toxapex|39/100\n|move|p2b: Venusaur|Leech Seed|p1b: Incineroar\n|-start|p1b: Incineroar|move: Leech Seed\n|move|p1a: Sinistcha|Matcha Gotcha|p2a: Toxapex|[spread] p2a,p2b\n|-resisted|p2b: Venusaur|2\n|-damage|p2a: Toxapex|22/100\n|-damage|p2b: Venusaur|76/100\n|move|p2a: Toxapex|Recover|p2a: Toxapex\n|-heal|p2a: Toxapex|72/100\n|\n|-damage|p1b: Incineroar|88/100|[from] Leech Seed|[of] p2b: Venusaur\n|-heal|p2b: Venusaur|89/100|[silent]\n|-end|p2a: Toxapex|Throat Chop|[silent]\n|upkeep\n|turn|8\n|\n|t:|1776261253\n|move|p1a: Sinistcha|Rage Powder|p1a: Sinistcha\n|-singleturn|p1a: Sinistcha|move: Rage Powder\n|move|p1b: Incineroar|Parting Shot|p2b: Venusaur\n|-unboost|p2b: Venusaur|atk|1\n|-unboost|p2b: Venusaur|spa|1\n|\n|t:|1776261257\n|switch|p1b: Rotom|Rotom-Wash, L50|100/100|[from] Parting Shot\n|move|p2b: Venusaur|Sludge Bomb|p1a: Sinistcha\n|-damage|p1a: Sinistcha|77/100\n|move|p2a: Toxapex|Recover|p2a: Toxapex\n|-heal|p2a: Toxapex|100/100\n|\n|-heal|p1a: Sinistcha|83/100|[from] item: Leftovers\n|upkeep\n|turn|9\n|\n|t:|1776261276\n|move|p1b: Rotom|Trick|p2a: Toxapex\n|-activate|p1b: Rotom|move: Trick|[of] p2a: Toxapex\n|-item|p2a: Toxapex|Choice Scarf|[from] move: Trick\n|-item|p1b: Rotom|Mental Herb|[from] move: Trick\n|move|p2b: Venusaur|Leech Seed|p1b: Rotom\n|-start|p1b: Rotom|move: Leech Seed\n|move|p1a: Sinistcha|Matcha Gotcha|p2b: Venusaur|[spread] p2a,p2b\n|-resisted|p2b: Venusaur|2\n|-damage|p2a: Toxapex|85/100\n|-heal|p1a: Sinistcha|90/100|[from] drain|[of] p2a: Toxapex\n|-damage|p2b: Venusaur|85/100\n|-heal|p1a: Sinistcha|92/100|[from] drain|[of] p2b: Venusaur\n|-status|p2a: Toxapex|brn\n|move|p2a: Toxapex|Infestation|p1a: Sinistcha\n|-damage|p1a: Sinistcha|89/100\n|-activate|p1a: Sinistcha|move: Infestation|[of] p2a: Toxapex\n|\n|-heal|p1a: Sinistcha|95/100|[from] item: Leftovers\n|-damage|p1b: Rotom|88/100|[from] Leech Seed|[of] p2b: Venusaur\n|-heal|p2b: Venusaur|93/100|[silent]\n|-damage|p2a: Toxapex|79/100 brn|[from] brn\n|-damage|p1a: Sinistcha|83/100|[from] move: Infestation|[partiallytrapped]\n|upkeep\n|turn|10\n|\n|t:|1776261309\n|move|p1b: Rotom|Volt Switch|p2a: Toxapex\n|-supereffective|p2a: Toxapex|1\n|-damage|p2a: Toxapex|37/100 brn\n|\n|t:|1776261316\n|switch|p1b: Incineroar|Incineroar, L50, M|88/100|[from] Volt Switch\n|-ability|p1b: Incineroar|Intimidate|boost\n|-unboost|p2a: Toxapex|atk|1\n|-unboost|p2b: Venusaur|atk|1\n|move|p2b: Venusaur|Energy Ball|p1b: Incineroar\n|-resisted|p1b: Incineroar|1\n|-damage|p1b: Incineroar|76/100\n|move|p1a: Sinistcha|Matcha Gotcha|p2b: Venusaur|[spread] p2a,p2b\n|-resisted|p2b: Venusaur|2\n|-damage|p2a: Toxapex|22/100 brn\n|-heal|p1a: Sinistcha|90/100|[from] drain|[of] p2a: Toxapex\n|-damage|p2b: Venusaur|88/100\n|-heal|p1a: Sinistcha|93/100|[from] drain|[of] p2b: Venusaur\n|move|p2a: Toxapex|Infestation|p1b: Incineroar\n|-damage|p1b: Incineroar|73/100\n|-activate|p1b: Incineroar|move: Infestation|[of] p2a: Toxapex\n|\n|-heal|p1a: Sinistcha|99/100|[from] item: Leftovers\n|-damage|p2a: Toxapex|16/100 brn|[from] brn\n|-damage|p1b: Incineroar|60/100|[from] move: Infestation|[partiallytrapped]\n|-damage|p1a: Sinistcha|86/100|[from] move: Infestation|[partiallytrapped]\n|upkeep\n|turn|11\n|\n|t:|1776261352\n|switch|p2b: Sinistcha|Sinistcha, L50|15/100\n|-heal|p2a: Toxapex|41/100 brn|[from] ability: Hospitality|[of] p2b: Sinistcha\n|move|p1b: Incineroar|Flare Blitz|p2b: Sinistcha\n|-supereffective|p2b: Sinistcha|1\n|-damage|p2b: Sinistcha|0 fnt\n|faint|p2b: Sinistcha\n|-damage|p1b: Incineroar|56/100|[from] Recoil\n|move|p1a: Sinistcha|Matcha Gotcha|p2a: Toxapex\n|-damage|p2a: Toxapex|20/100 brn\n|-heal|p1a: Sinistcha|96/100|[from] drain|[of] p2a: Toxapex\n|move|p2a: Toxapex|Infestation|p1a: Sinistcha\n|-damage|p1a: Sinistcha|93/100\n|\n|-heal|p1a: Sinistcha|99/100|[from] item: Leftovers\n|-damage|p2a: Toxapex|14/100 brn|[from] brn\n|-damage|p1b: Incineroar|44/100|[from] move: Infestation|[partiallytrapped]\n|-damage|p1a: Sinistcha|86/100|[from] move: Infestation|[partiallytrapped]\n|upkeep\n|-enditem|p1b: Incineroar|Sitrus Berry|[eat]\n|-heal|p1b: Incineroar|69/100|[from] item: Sitrus Berry\n|\n|t:|1776261372\n|switch|p2b: Venusaur|Venusaur-Mega, L50, M|88/100\n|turn|12\n|\n|t:|1776261386\n|move|p1b: Incineroar|Flare Blitz|p2b: Venusaur\n|-supereffective|p2b: Venusaur|1\n|-damage|p2b: Venusaur|56/100\n|-status|p2b: Venusaur|brn\n|-damage|p1b: Incineroar|58/100|[from] Recoil\n|move|p2b: Venusaur|Sludge Bomb|p1a: Sinistcha\n|-damage|p1a: Sinistcha|51/100\n|move|p1a: Sinistcha|Life Dew|p1a: Sinistcha|[spread] p1a,p1b\n|-heal|p1a: Sinistcha|76/100\n|-heal|p1b: Incineroar|83/100\n|move|p2a: Toxapex|Infestation|p1a: Sinistcha\n|-damage|p1a: Sinistcha|73/100\n|\n|-heal|p1a: Sinistcha|79/100|[from] item: Leftovers\n|-damage|p2b: Venusaur|50/100 brn|[from] brn\n|-damage|p2a: Toxapex|8/100 brn|[from] brn\n|-damage|p1b: Incineroar|71/100|[from] move: Infestation|[partiallytrapped]\n|-damage|p1a: Sinistcha|67/100|[from] move: Infestation|[partiallytrapped]\n|upkeep\n|turn|13\n|\n|t:|1776261410\n|move|p1b: Incineroar|Flare Blitz|p2b: Venusaur\n|-supereffective|p2b: Venusaur|1\n|-damage|p2b: Venusaur|17/100 brn\n|-damage|p1b: Incineroar|61/100|[from] Recoil\n|move|p2b: Venusaur|Leech Seed|p1b: Incineroar\n|-start|p1b: Incineroar|move: Leech Seed\n|move|p1a: Sinistcha|Life Dew|p1a: Sinistcha|[spread] p1a,p1b\n|-heal|p1a: Sinistcha|92/100\n|-heal|p1b: Incineroar|86/100\n|move|p2a: Toxapex|Infestation|p1a: Sinistcha\n|-damage|p1a: Sinistcha|89/100\n|\n|-heal|p1a: Sinistcha|95/100|[from] item: Leftovers\n|-damage|p1b: Incineroar|74/100|[from] Leech Seed|[of] p2b: Venusaur\n|-heal|p2b: Venusaur|30/100 brn|[silent]\n|-damage|p2b: Venusaur|24/100 brn|[from] brn\n|-damage|p2a: Toxapex|2/100 brn|[from] brn\n|-damage|p1b: Incineroar|61/100|[from] move: Infestation|[partiallytrapped]\n|-end|p1a: Sinistcha|Infestation|[partiallytrapped]\n|upkeep\n|turn|14\n|\n|t:|1776261433\n|move|p2b: Venusaur|Protect|p2b: Venusaur\n|-singleturn|p2b: Venusaur|Protect\n|move|p1a: Sinistcha|Rage Powder|p1a: Sinistcha\n|-singleturn|p1a: Sinistcha|move: Rage Powder\n|move|p1b: Incineroar|Parting Shot|p2b: Venusaur\n|-activate|p2b: Venusaur|move: Protect\n|move|p2a: Toxapex|Infestation|p1a: Sinistcha\n|-damage|p1a: Sinistcha|92/100\n|-activate|p1a: Sinistcha|move: Infestation|[of] p2a: Toxapex\n|\n|-heal|p1a: Sinistcha|98/100|[from] item: Leftovers\n|-damage|p1b: Incineroar|49/100|[from] Leech Seed|[of] p2b: Venusaur\n|-heal|p2b: Venusaur|37/100 brn|[silent]\n|-damage|p2b: Venusaur|31/100 brn|[from] brn\n|-damage|p2a: Toxapex|0 fnt|[from] brn\n|faint|p2a: Toxapex\n|-end|p1b: Incineroar|Infestation|[partiallytrapped]\n|-end|p1a: Sinistcha|Infestation|[partiallytrapped]|[silent]\n|upkeep\n|turn|15\n|\n|t:|1776261451\n|move|p1b: Incineroar|Parting Shot|p2b: Venusaur\n|-unboost|p2b: Venusaur|atk|1\n|-unboost|p2b: Venusaur|spa|1\n|\n|t:|1776261454\n|switch|p1b: Rotom|Rotom-Wash, L50|88/100|[from] Parting Shot\n|move|p2b: Venusaur|Sludge Bomb|p1a: Sinistcha\n|-damage|p1a: Sinistcha|74/100\n|move|p1a: Sinistcha|Life Dew|p1a: Sinistcha|[spread] p1a,p1b\n|-heal|p1a: Sinistcha|99/100\n|-heal|p1b: Rotom|100/100\n|\n|-heal|p1a: Sinistcha|100/100|[from] item: Leftovers\n|-damage|p2b: Venusaur|25/100 brn|[from] brn\n|upkeep\n|turn|16\n|-message|sprushy forfeited.\n|\n|win|Zeedee\n|raw|Zeedee's rating: 1115 &rarr; <strong>1139</strong><br />(+24 for winning)\n|raw|sprushy's rating: 1107 &rarr; <strong>1083</strong><br />(-24 for losing)\n|l|\u2606sprushy\n|player|p2|\n",
  "uploadtime": 1776261488,
  "views": 19,
  "formatid": "gen9championsvgc2026regma",
  "rating": 1083,
  "private": 0,
  "password": null
}