{
  "id": "gen9championsvgc2026regma-2581491838",
  "format": "[Gen 9 Champions] VGC 2026 Reg M-A",
  "players": [
    "Volcano0",
    "Igorillo"
  ],
  "log": "|j|\u203dVolcano0\n|j|\u2606Igorillo\n|t:|1776005407\n|gametype|doubles\n|player|p1|Volcano0|n|1064\n|player|p2|Igorillo|acetrainerf|1000\n|gen|9\n|tier|[Gen 9 Champions] VGC 2026 Reg M-A\n|rated|\n|rule|Species Clause: Limit one of each Pok\u00e9mon\n|rule|Item Clause: Limit 1 of each item\n|clearpoke\n|poke|p1|Charizard, L50, F|\n|poke|p1|Venusaur, L50, F|\n|poke|p1|Incineroar, L50, F|\n|poke|p1|Garchomp, L50, F|\n|poke|p1|Floette-Eternal, L50, F|\n|poke|p1|Maushold-Four, L50|\n|poke|p2|Lucario, L50, F|\n|poke|p2|Tyranitar, L50, M|\n|poke|p2|Sinistcha, L50|\n|poke|p2|Hatterene, L50, F|\n|poke|p2|Garchomp, L50, F|\n|poke|p2|Incineroar, L50, F|\n|teampreview|4\n|inactive|Battle timer is ON: inactive players will automatically lose when time's up. (requested by Volcano0)\n|\n|t:|1776005421\n|teamsize|p1|4\n|teamsize|p2|4\n|start\n|switch|p1a: Incineroar|Incineroar, L50, F, shiny|100/100\n|switch|p1b: Garchomp|Garchomp, L50, F|100/100\n|switch|p2a: Tyranitar|Tyranitar, L50, M|100/100\n|switch|p2b: Garchomp|Garchomp, L50, F|100/100\n|-weather|Sandstorm|[from] ability: Sand Stream|[of] p2a: Tyranitar\n|-ability|p1a: Incineroar|Intimidate|boost\n|-unboost|p2a: Tyranitar|atk|1\n|-unboost|p2b: Garchomp|atk|1\n|turn|1\n|\n|t:|1776005433\n|move|p1a: Incineroar|Fake Out|p2a: Tyranitar\n|-resisted|p2a: Tyranitar|1\n|-damage|p2a: Tyranitar|96/100\n|move|p1b: Garchomp|Dragon Claw|p2b: Garchomp\n|-supereffective|p2b: Garchomp|1\n|-damage|p2b: Garchomp|17/100\n|cant|p2a: Tyranitar|flinch\n|move|p2b: Garchomp|Stomping Tantrum|p1b: Garchomp\n|-damage|p1b: Garchomp|73/100\n|-damage|p2b: Garchomp|5/100|[from] ability: Rough Skin|[of] p1b: Garchomp\n|\n|-weather|Sandstorm|[upkeep]\n|-damage|p1a: Incineroar|94/100|[from] Sandstorm\n|upkeep\n|turn|2\n|inactive|Volcano0 has 30 seconds left.\n|inactive|Volcano0 has 20 seconds left.\n|inactive|Volcano0 has 15 seconds left.\n|\n|t:|1776005475\n|switch|p2b: Incineroar|Incineroar, L50, F|100/100\n|-ability|p2b: Incineroar|Intimidate|boost\n|-unboost|p1a: Incineroar|atk|1\n|-unboost|p1b: Garchomp|atk|1\n|move|p1b: Garchomp|Dragon Claw|p2a: Tyranitar\n|-damage|p2a: Tyranitar|70/100\n|move|p2a: Tyranitar|Ice Punch|p1b: Garchomp\n|-supereffective|p1b: Garchomp|2\n|-damage|p1b: Garchomp|5/100\n|-damage|p2a: Tyranitar|58/100|[from] ability: Rough Skin|[of] p1b: Garchomp\n|move|p1a: Incineroar|Darkest Lariat|p2b: Incineroar\n|-resisted|p2b: Incineroar|1\n|-damage|p2b: Incineroar|90/100\n|\n|-weather|Sandstorm|[upkeep]\n|-damage|p2b: Incineroar|84/100|[from] Sandstorm\n|-damage|p1a: Incineroar|88/100|[from] Sandstorm\n|upkeep\n|turn|3\n|\n|t:|1776005492\n|switch|p2a: Garchomp|Garchomp, L50, F|5/100\n|move|p2b: Incineroar|Fake Out|p1b: Garchomp\n|-damage|p1b: Garchomp|0 fnt\n|-damage|p2b: Incineroar|71/100|[from] ability: Rough Skin|[of] p1b: Garchomp\n|faint|p1b: Garchomp\n|move|p1a: Incineroar|Flare Blitz|p2a: Garchomp\n|-resisted|p2a: Garchomp|1\n|-damage|p2a: Garchomp|0 fnt\n|faint|p2a: Garchomp\n|-damage|p1a: Incineroar|87/100|[from] Recoil\n|\n|-weather|Sandstorm|[upkeep]\n|-damage|p2b: Incineroar|66/100|[from] Sandstorm\n|-damage|p1a: Incineroar|81/100|[from] Sandstorm\n|upkeep\n|\n|t:|1776005506\n|switch|p2a: Tyranitar|Tyranitar, L50, M|58/100\n|switch|p1b: Venusaur|Venusaur, L50, F, shiny|100/100\n|turn|4\n|\n|t:|1776005518\n|move|p1b: Venusaur|Protect|p1b: Venusaur\n|-singleturn|p1b: Venusaur|Protect\n|move|p2a: Tyranitar|Rock Slide|p1a: Incineroar|[spread] p1a\n|-activate|p1b: Venusaur|move: Protect\n|-supereffective|p1a: Incineroar|1\n|-damage|p1a: Incineroar|24/100\n|-enditem|p1a: Incineroar|Sitrus Berry|[eat]\n|-heal|p1a: Incineroar|49/100|[from] item: Sitrus Berry\n|move|p2b: Incineroar|Flare Blitz|p1b: Venusaur\n|-activate|p1b: Venusaur|move: Protect\n|cant|p1a: Incineroar|flinch\n|\n|-weather|Sandstorm|[upkeep]\n|-damage|p1b: Venusaur|95/100|[from] Sandstorm\n|-damage|p2b: Incineroar|60/100|[from] Sandstorm\n|-damage|p1a: Incineroar|43/100|[from] Sandstorm\n|upkeep\n|turn|5\n|inactive|Volcano0 has 30 seconds left.\n|\n|t:|1776005545\n|move|p2a: Tyranitar|Rock Slide|p1a: Incineroar|[spread] p1a,p1b\n|-supereffective|p1a: Incineroar|1\n|-damage|p1a: Incineroar|0 fnt\n|-damage|p1b: Venusaur|54/100\n|faint|p1a: Incineroar\n|move|p1b: Venusaur|Leaf Storm|p2a: Tyranitar|[miss]\n|-miss|p1b: Venusaur|p2a: Tyranitar\n|move|p2b: Incineroar|Flare Blitz|p1b: Venusaur\n|-supereffective|p1b: Venusaur|1\n|-damage|p1b: Venusaur|0 fnt\n|faint|p1b: Venusaur\n|-damage|p2b: Incineroar|45/100|[from] Recoil\n|\n|-weather|none\n|upkeep\n|\n|t:|1776005557\n|switch|p1a: Charizard|Charizard, L50, F, shiny|100/100\n|turn|6\n|inactive|Igorillo has 30 seconds left.\n|inactive|Igorillo has 20 seconds left.\n|\n|t:|1776005596\n|move|p1a: Charizard|Protect|p1a: Charizard\n|-singleturn|p1a: Charizard|Protect\n|move|p2a: Tyranitar|Rock Slide|p1a: Charizard\n|-activate|p1a: Charizard|move: Protect\n|move|p2b: Incineroar|Flare Blitz|p1a: Charizard\n|-activate|p1a: Charizard|move: Protect\n|\n|upkeep\n|turn|7\n|inactive|Volcano0 has 30 seconds left.\n|\n|t:|1776005623\n|switch|p2b: Lucario|Lucario, L50, F|100/100\n|detailschange|p1a: Charizard|Charizard-Mega-Y, L50, F, shiny\n|-mega|p1a: Charizard|Charizard|Charizardite Y\n|-weather|SunnyDay|[from] ability: Drought|[of] p1a: Charizard\n|move|p2a: Tyranitar|Rock Slide|p1a: Charizard\n|-supereffective|p1a: Charizard|2\n|-damage|p1a: Charizard|0 fnt\n|faint|p1a: Charizard\n|\n|win|Igorillo\n|raw|Volcano0's rating: 1064 &rarr; <strong>1041</strong><br />(-23 for losing)\n|raw|Igorillo's rating: 1000 &rarr; <strong>1047</strong><br />(+47 for winning)\n",
  "uploadtime": 1776005684,
  "views": 38,
  "formatid": "gen9championsvgc2026regma",
  "rating": 1041,
  "private": 0,
  "password": null
}