{
  "id": "gen9championsvgc2026regma-2581257117",
  "format": "[Gen 9 Champions] VGC 2026 Reg M-A",
  "players": [
    "smk1111",
    "XungLao"
  ],
  "log": "|j|\u2606smk1111\n|j|\u2606XungLao\n|t:|1775977260\n|gametype|doubles\n|player|p1|smk1111|harlequin|1077\n|player|p2|XungLao|rood|1168\n|gen|9\n|tier|[Gen 9 Champions] VGC 2026 Reg M-A\n|rated|\n|rule|Species Clause: Limit one of each Pok\u00e9mon\n|rule|Item Clause: Limit 1 of each item\n|clearpoke\n|poke|p1|Meganium, L50, F|\n|poke|p1|Pelipper, L50, M|\n|poke|p1|Incineroar, L50, M|\n|poke|p1|Archaludon, L50, F|\n|poke|p1|Sneasler, L50, M|\n|poke|p1|Basculegion, L50, M|\n|poke|p2|Froslass, L50, F|\n|poke|p2|Aerodactyl, L50, F|\n|poke|p2|Maushold, L50|\n|poke|p2|Sneasler, L50, M|\n|poke|p2|Farigiraf, L50, M|\n|poke|p2|Kingambit, L50, M|\n|teampreview|4\n|\n|t:|1775977295\n|teamsize|p1|4\n|teamsize|p2|4\n|start\n|switch|p1a: Meganium|Meganium, L50, F, shiny|100/100\n|switch|p1b: Incineroar|Incineroar, L50, M, shiny|100/100\n|switch|p2a: Aerodactyl|Aerodactyl, L50, F|100/100\n|switch|p2b: Sneasler|Sneasler, L50, M|100/100\n|-ability|p2a: Aerodactyl|Unnerve\n|-ability|p1b: Incineroar|Intimidate|boost\n|-unboost|p2a: Aerodactyl|atk|1\n|-unboost|p2b: Sneasler|atk|1\n|-enditem|p2b: Sneasler|White Herb\n|-clearnegativeboost|p2b: Sneasler|[silent]\n|turn|1\n|\n|t:|1775977331\n|move|p1a: Meganium|Protect|p1a: Meganium\n|-singleturn|p1a: Meganium|Protect\n|move|p2b: Sneasler|Fake Out|p1b: Incineroar\n|-damage|p1b: Incineroar|86/100\n|cant|p1b: Incineroar|flinch\n|move|p2a: Aerodactyl|Dual Wingbeat|p1a: Meganium\n|-activate|p1a: Meganium|move: Protect\n|\n|upkeep\n|turn|2\n|inactive|Battle timer is ON: inactive players will automatically lose when time's up. (requested by XungLao)\n|\n|t:|1775977348\n|switch|p1a: Pelipper|Pelipper, L50, M, shiny|100/100\n|-weather|RainDance|[from] ability: Drizzle|[of] p1a: Pelipper\n|move|p2b: Sneasler|Dire Claw|p1a: Pelipper\n|-damage|p1a: Pelipper|64/100\n|move|p2a: Aerodactyl|Dual Wingbeat|p1b: Incineroar\n|-damage|p1b: Incineroar|75/100\n|-damage|p1b: Incineroar|63/100\n|-hitcount|p1b: Incineroar|2\n|move|p1b: Incineroar|Parting Shot|p2b: Sneasler\n|-unboost|p2b: Sneasler|atk|1\n|-unboost|p2b: Sneasler|spa|1\n|\n|t:|1775977363\n|switch|p1b: Sneasler|Sneasler, L50, M, shiny|100/100|[from] Parting Shot\n|\n|-weather|RainDance|[upkeep]\n|upkeep\n|turn|3\n|\n|t:|1775977379\n|switch|p2a: Froslass|Froslass, L50, F|100/100\n|move|p2b: Sneasler|Protect|p2b: Sneasler\n|-singleturn|p2b: Sneasler|Protect\n|move|p1b: Sneasler|Fake Out|p2a: Froslass\n|-immune|p2a: Froslass\n|move|p1a: Pelipper|Hurricane|p2b: Sneasler\n|-activate|p2b: Sneasler|move: Protect\n|\n|-weather|RainDance|[upkeep]\n|upkeep\n|turn|4\n|\n|t:|1775977402\n|switch|p2b: Kingambit|Kingambit, L50, M|100/100\n|switch|p1b: Meganium|Meganium, L50, F, shiny|100/100\n|detailschange|p2a: Froslass|Froslass-Mega, L50, F\n|-mega|p2a: Froslass|Froslass|Froslassite\n|-weather|Snowscape|[from] ability: Snow Warning|[of] p2a: Froslass\n|move|p2a: Froslass|Blizzard|p1a: Pelipper|[spread] p1a,p1b\n|-supereffective|p1b: Meganium|1\n|-damage|p1a: Pelipper|14/100\n|-damage|p1b: Meganium|22/100\n|move|p1a: Pelipper|Hurricane|p2b: Kingambit\n|-resisted|p2b: Kingambit|1\n|-damage|p2b: Kingambit|85/100\n|-start|p2b: Kingambit|confusion\n|\n|-weather|Snowscape|[upkeep]\n|upkeep\n|turn|5\n|\n|t:|1775977423\n|switch|p2b: Sneasler|Sneasler, L50, M|100/100\n|detailschange|p1b: Meganium|Meganium-Mega, L50, F, shiny\n|-mega|p1b: Meganium|Meganium|Meganiumite\n|move|p1a: Pelipper|Protect|p1a: Pelipper\n|-singleturn|p1a: Pelipper|Protect\n|move|p2a: Froslass|Blizzard|p1b: Meganium|[spread] p1b\n|-activate|p1a: Pelipper|move: Protect\n|-supereffective|p1b: Meganium|1\n|-damage|p1b: Meganium|0 fnt\n|faint|p1b: Meganium\n|\n|-weather|Snowscape|[upkeep]\n|upkeep\n|\n|t:|1775977435\n|switch|p1b: Incineroar|Incineroar, L50, M, shiny|63/100\n|-ability|p1b: Incineroar|Intimidate|boost\n|-unboost|p2a: Froslass|atk|1\n|-unboost|p2b: Sneasler|atk|1\n|turn|6\n|-message|smk1111 forfeited.\n|\n|win|XungLao\n|raw|smk1111's rating: 1077 &rarr; <strong>1061</strong><br />(-16 for losing)\n|raw|XungLao's rating: 1168 &rarr; <strong>1187</strong><br />(+19 for winning)\n|l|\u2606smk1111\n|player|p1|\n",
  "uploadtime": 1775977448,
  "views": 15,
  "formatid": "gen9championsvgc2026regma",
  "rating": 1061,
  "private": 0,
  "password": null
}