{
  "id": "gen9championsvgc2026regma-2586983619",
  "format": "[Gen 9 Champions] VGC 2026 Reg M-A",
  "players": [
    "mahery8",
    "colourwolf"
  ],
  "log": "|j|\u2606mahery8\n|j|\u2606colourwolf\n|t:|1776478191\n|gametype|doubles\n|player|p1|mahery8|265|1160\n|player|p2|colourwolf|2|1262\n|gen|9\n|tier|[Gen 9 Champions] VGC 2026 Reg M-A\n|rated|\n|rule|Species Clause: Limit one of each Pok\u00e9mon\n|rule|Item Clause: Limit 1 of each item\n|clearpoke\n|poke|p1|Ninetales, L50, M|\n|poke|p1|Incineroar, L50, F|\n|poke|p1|Goodra-Hisui, L50, F|\n|poke|p1|Dragonite, L50, F|\n|poke|p1|Sylveon, L50, M|\n|poke|p1|Chandelure, L50, M|\n|poke|p2|Meganium, L50, F|\n|poke|p2|Farigiraf, L50, M|\n|poke|p2|Milotic, L50, M|\n|poke|p2|Incineroar, L50, M|\n|poke|p2|Aerodactyl, L50, M|\n|poke|p2|Sneasler, L50, F|\n|teampreview|4\n|\n|t:|1776478230\n|teamsize|p1|4\n|teamsize|p2|4\n|start\n|switch|p1a: Dragonite|Dragonite, L50, F|100/100\n|switch|p1b: Ninetales|Ninetales, L50, M|100/100\n|switch|p2a: Aerodactyl|Aerodactyl, L50, M|100/100\n|switch|p2b: Incineroar|Incineroar, L50, M|100/100\n|-ability|p2a: Aerodactyl|Unnerve\n|-weather|SunnyDay|[from] ability: Drought|[of] p1b: Ninetales\n|-ability|p2b: Incineroar|Intimidate|boost\n|-unboost|p1a: Dragonite|atk|1\n|-unboost|p1b: Ninetales|atk|1\n|turn|1\n|\n|t:|1776478237\n|switch|p1b: Incineroar|Incineroar, L50, F|100/100\n|-ability|p1b: Incineroar|Intimidate|boost\n|-unboost|p2a: Aerodactyl|atk|1\n|-unboost|p2b: Incineroar|atk|1\n|move|p2b: Incineroar|Fake Out|p1a: Dragonite\n|-damage|p1a: Dragonite|97/100\n|move|p2a: Aerodactyl|Rock Slide|p1b: Incineroar|[spread] p1a,p1b\n|-supereffective|p1a: Dragonite|1\n|-supereffective|p1b: Incineroar|1\n|-damage|p1a: Dragonite|70/100\n|-damage|p1b: Incineroar|76/100\n|cant|p1a: Dragonite|flinch\n|\n|-weather|SunnyDay|[upkeep]\n|upkeep\n|turn|2\n|\n|t:|1776478259\n|move|p2a: Aerodactyl|Tailwind|p2a: Aerodactyl\n|-sidestart|p2: colourwolf|move: Tailwind\n|move|p2b: Incineroar|Parting Shot|p1a: Dragonite\n|-unboost|p1a: Dragonite|atk|1\n|-unboost|p1a: Dragonite|spa|1\n|\n|t:|1776478264\n|switch|p2b: Milotic|Milotic, L50, M|100/100|[from] Parting Shot\n|move|p1a: Dragonite|Tailwind|p1a: Dragonite\n|-sidestart|p1: mahery8|move: Tailwind\n|move|p1b: Incineroar|Parting Shot|p2a: Aerodactyl\n|-unboost|p2a: Aerodactyl|atk|1\n|-unboost|p2a: Aerodactyl|spa|1\n|\n|t:|1776478276\n|switch|p1b: Chandelure|Chandelure, L50, M|100/100|[from] Parting Shot\n|\n|-weather|SunnyDay|[upkeep]\n|upkeep\n|turn|3\n|\n|t:|1776478291\n|switch|p2a: Incineroar|Incineroar, L50, M|100/100\n|-ability|p2a: Incineroar|Intimidate|boost\n|-unboost|p1a: Dragonite|atk|1\n|-unboost|p1b: Chandelure|atk|1\n|switch|p1a: Incineroar|Incineroar, L50, F|76/100\n|-ability|p1a: Incineroar|Intimidate|boost\n|-unboost|p2a: Incineroar|atk|1\n|-unboost|p2b: Milotic|atk|1\n|-ability|p2b: Milotic|Competitive|boost\n|-boost|p2b: Milotic|spa|2\n|detailschange|p1b: Chandelure|Chandelure-Mega, L50, M\n|-mega|p1b: Chandelure|Chandelure|Chandelurite\n|move|p1b: Chandelure|Energy Ball|p2b: Milotic\n|-supereffective|p2b: Milotic|1\n|-damage|p2b: Milotic|36/100\n|move|p2b: Milotic|Icy Wind|p1b: Chandelure|[spread] p1b\n|-miss|p2b: Milotic|p1a: Incineroar\n|-resisted|p1b: Chandelure|1\n|-damage|p1b: Chandelure|87/100\n|-unboost|p1b: Chandelure|spe|1\n|\n|-weather|SunnyDay|[upkeep]\n|-heal|p2b: Milotic|42/100|[from] item: Leftovers\n|upkeep\n|turn|4\n|\n|t:|1776478327\n|move|p2b: Milotic|Protect|p2b: Milotic\n|-singleturn|p2b: Milotic|Protect\n|move|p1a: Incineroar|Fake Out|p2b: Milotic\n|-activate|p2b: Milotic|move: Protect\n|move|p2a: Incineroar|Darkest Lariat|p1b: Chandelure\n|-supereffective|p1b: Chandelure|1\n|-damage|p1b: Chandelure|32/100\n|move|p1b: Chandelure|Energy Ball|p2b: Milotic\n|-activate|p2b: Milotic|move: Protect\n|\n|-weather|SunnyDay|[upkeep]\n|-heal|p2b: Milotic|48/100|[from] item: Leftovers\n|upkeep\n|turn|5\n|\n|t:|1776478352\n|move|p2b: Milotic|Scald|p1a: Incineroar\n|-supereffective|p1a: Incineroar|1\n|-damage|p1a: Incineroar|7/100\n|move|p2a: Incineroar|Darkest Lariat|p1b: Chandelure\n|-supereffective|p1b: Chandelure|1\n|-damage|p1b: Chandelure|0 fnt\n|faint|p1b: Chandelure\n|move|p1a: Incineroar|Darkest Lariat|p2b: Milotic\n|-damage|p2b: Milotic|14/100\n|\n|-weather|none\n|-heal|p2b: Milotic|20/100|[from] item: Leftovers\n|-sideend|p1: mahery8|move: Tailwind\n|-sideend|p2: colourwolf|move: Tailwind\n|upkeep\n|\n|t:|1776478367\n|switch|p1b: Dragonite|Dragonite, L50, F|70/100\n|turn|6\n|\n|t:|1776478376\n|move|p2b: Milotic|Protect|p2b: Milotic\n|-singleturn|p2b: Milotic|Protect\n|move|p1b: Dragonite|Extreme Speed|p2b: Milotic\n|-activate|p2b: Milotic|move: Protect\n|move|p2a: Incineroar|Parting Shot|p1b: Dragonite\n|-unboost|p1b: Dragonite|atk|1\n|-unboost|p1b: Dragonite|spa|1\n|\n|t:|1776478386\n|switch|p2a: Aerodactyl|Aerodactyl, L50, M|100/100|[from] Parting Shot\n|-ability|p2a: Aerodactyl|Unnerve\n|move|p1a: Incineroar|Parting Shot|p2a: Aerodactyl\n|-unboost|p2a: Aerodactyl|atk|1\n|-unboost|p2a: Aerodactyl|spa|1\n|\n|t:|1776478389\n|switch|p1a: Ninetales|Ninetales, L50, M|100/100|[from] Parting Shot\n|-weather|SunnyDay|[from] ability: Drought|[of] p1a: Ninetales\n|\n|-weather|SunnyDay|[upkeep]\n|-heal|p2b: Milotic|26/100|[from] item: Leftovers\n|upkeep\n|turn|7\n|\n|t:|1776478397\n|switch|p2b: Incineroar|Incineroar, L50, M|100/100\n|-ability|p2b: Incineroar|Intimidate|boost\n|-unboost|p1a: Ninetales|atk|1\n|-unboost|p1b: Dragonite|atk|1\n|move|p1a: Ninetales|Helping Hand|p1b: Dragonite\n|-singleturn|p1b: Dragonite|Helping Hand|[of] p1a: Ninetales\n|move|p1b: Dragonite|Extreme Speed|p2b: Incineroar\n|-damage|p2b: Incineroar|85/100\n|move|p2a: Aerodactyl|Rock Slide|p1a: Ninetales|[spread] p1a,p1b\n|-supereffective|p1a: Ninetales|1\n|-supereffective|p1b: Dragonite|1\n|-crit|p1b: Dragonite\n|-damage|p1a: Ninetales|64/100\n|-damage|p1b: Dragonite|9/100\n|\n|-weather|SunnyDay|[upkeep]\n|upkeep\n|turn|8\n|\n|t:|1776478416\n|switch|p1b: Incineroar|Incineroar, L50, F|7/100\n|-ability|p1b: Incineroar|Intimidate|boost\n|-unboost|p2a: Aerodactyl|atk|1\n|-unboost|p2b: Incineroar|atk|1\n|move|p2b: Incineroar|Fake Out|p1b: Incineroar\n|-damage|p1b: Incineroar|0 fnt\n|faint|p1b: Incineroar\n|move|p2a: Aerodactyl|Tailwind|p2a: Aerodactyl\n|-sidestart|p2: colourwolf|move: Tailwind\n|move|p1a: Ninetales|Will-O-Wisp|p2a: Aerodactyl\n|-status|p2a: Aerodactyl|brn\n|\n|-weather|SunnyDay|[upkeep]\n|-damage|p2a: Aerodactyl|95/100 brn|[from] brn\n|upkeep\n|\n|t:|1776478429\n|switch|p1b: Dragonite|Dragonite, L50, F|9/100\n|turn|9\n|\n|t:|1776478440\n|move|p1b: Dragonite|Extreme Speed|p2b: Incineroar\n|-damage|p2b: Incineroar|61/100\n|move|p2a: Aerodactyl|Rock Slide|p1a: Ninetales|[spread] p1a,p1b\n|-supereffective|p1a: Ninetales|1\n|-supereffective|p1b: Dragonite|1\n|-damage|p1a: Ninetales|52/100\n|-damage|p1b: Dragonite|0 fnt\n|faint|p1b: Dragonite\n|move|p2b: Incineroar|Parting Shot|p1a: Ninetales\n|-unboost|p1a: Ninetales|atk|1\n|-unboost|p1a: Ninetales|spa|1\n|\n|t:|1776478448\n|switch|p2b: Sneasler|Sneasler, L50, F|100/100|[from] Parting Shot\n|move|p1a: Ninetales|Scorching Sands|p2b: Sneasler\n|-supereffective|p2b: Sneasler|1\n|-damage|p2b: Sneasler|76/100\n|\n|-weather|SunnyDay|[upkeep]\n|-damage|p2a: Aerodactyl|89/100 brn|[from] brn\n|upkeep\n|turn|10\n|\n|t:|1776478457\n|move|p2a: Aerodactyl|Rock Slide|p1a: Ninetales\n|-supereffective|p1a: Ninetales|1\n|-damage|p1a: Ninetales|33/100\n|move|p2b: Sneasler|Dire Claw|p1a: Ninetales\n|-damage|p1a: Ninetales|0 fnt\n|faint|p1a: Ninetales\n|\n|win|colourwolf\n|raw|mahery8's rating: 1160 &rarr; <strong>1142</strong><br />(-18 for losing)\n|raw|colourwolf's rating: 1262 &rarr; <strong>1280</strong><br />(+18 for winning)\n|l|\u2606mahery8\n|player|p1|\n",
  "uploadtime": 1776478470,
  "views": 18,
  "formatid": "gen9championsvgc2026regma",
  "rating": 1142,
  "private": 0,
  "password": null
}