{
  "id": "gen9championsvgc2026regma-2589491059",
  "format": "[Gen 9 Champions] VGC 2026 Reg M-A",
  "players": [
    "Tito_1790",
    "KilamanolaVGC"
  ],
  "log": "|j|\u2606Tito_1790\n|j|\u203dKilamanolaVGC\n|t:|1776727762\n|gametype|doubles\n|player|p1|Tito_1790|169|1472\n|player|p2|KilamanolaVGC|benga|1537\n|gen|9\n|tier|[Gen 9 Champions] VGC 2026 Reg M-A\n|rated|\n|rule|Species Clause: Limit one of each Pok\u00e9mon\n|rule|Item Clause: Limit 1 of each item\n|clearpoke\n|poke|p1|Floette-Eternal, L50, F|\n|poke|p1|Corviknight, L50, M|\n|poke|p1|Sneasler, L50, F|\n|poke|p1|Garchomp, L50, M|\n|poke|p1|Basculegion, L50, M|\n|poke|p1|Froslass, L50, F|\n|poke|p2|Hawlucha, L50, F, shiny|\n|poke|p2|Maushold, L50|\n|poke|p2|Garganacl, L50, F, shiny|\n|poke|p2|Sableye, L50, F, shiny|\n|poke|p2|Politoed, L50, M, shiny|\n|poke|p2|Gengar, L50, M, shiny|\n|teampreview|4\n|inactive|Battle timer is ON: inactive players will automatically lose when time's up. (requested by KilamanolaVGC)\n|inactive|Tito_1790 has 60 seconds left.\n|\n|t:|1776727794\n|teamsize|p1|4\n|teamsize|p2|4\n|start\n|switch|p1a: Froslass|Froslass, L50, F|100/100\n|switch|p1b: Floette|Floette-Eternal, L50, F|100/100\n|switch|p2a: Sableye|Sableye, L50, F, shiny|100/100\n|switch|p2b: Gengar|Gengar, L50, M, shiny|100/100\n|turn|1\n|inactive|Tito_1790 has 30 seconds left.\n|\n|t:|1776727821\n|detailschange|p2b: Gengar|Gengar-Mega, L50, M, shiny\n|-mega|p2b: Gengar|Gengar|Gengarite\n|detailschange|p1a: Froslass|Froslass-Mega, L50, F\n|-mega|p1a: Froslass|Froslass|Froslassite\n|-weather|Snowscape|[from] ability: Snow Warning|[of] p1a: Froslass\n|move|p2a: Sableye|Fake Out|p1b: Floette\n|-damage|p1b: Floette|91/100\n|move|p2b: Gengar|Shadow Ball|p1a: Froslass\n|-supereffective|p1a: Froslass|1\n|-damage|p1a: Froslass|15/100\n|move|p1a: Froslass|Shadow Ball|p2b: Gengar\n|-supereffective|p2b: Gengar|1\n|-damage|p2b: Gengar|13/100\n|cant|p1b: Floette|flinch\n|\n|-weather|Snowscape|[upkeep]\n|upkeep\n|turn|2\n|inactive|KilamanolaVGC has 30 seconds left.\n|\n|t:|1776727851\n|move|p2a: Sableye|Protect|p2a: Sableye\n|-singleturn|p2a: Sableye|Protect\n|move|p2b: Gengar|Protect|p2b: Gengar\n|-singleturn|p2b: Gengar|Protect\n|move|p1a: Froslass|Protect|p1a: Froslass\n|-singleturn|p1a: Froslass|Protect\n|move|p1b: Floette|Dazzling Gleam|p2b: Gengar|[spread] \n|-activate|p2a: Sableye|move: Protect\n|-activate|p2b: Gengar|move: Protect\n|\n|-weather|Snowscape|[upkeep]\n|upkeep\n|turn|3\n|inactive|KilamanolaVGC has 30 seconds left.\n|inactive|KilamanolaVGC has 20 seconds left.\n|\n|t:|1776727890\n|move|p2a: Sableye|Disable|p1b: Floette\n|-start|p1b: Floette|Disable|Dazzling Gleam\n|move|p2b: Gengar|Shadow Ball|p1a: Froslass\n|-supereffective|p1a: Froslass|1\n|-damage|p1a: Froslass|0 fnt\n|faint|p1a: Froslass\n|cant|p1b: Floette|Disable|Dazzling Gleam\n|\n|-weather|Snowscape|[upkeep]\n|upkeep\n|\n|t:|1776727901\n|switch|p1a: Garchomp|Garchomp, L50, M|100/100\n|turn|4\n|\n|t:|1776727913\n|move|p2b: Gengar|Protect|p2b: Gengar\n|-singleturn|p2b: Gengar|Protect\n|move|p2a: Sableye|Encore|p1b: Floette\n|-start|p1b: Floette|Encore\n|move|p1a: Garchomp|Dragon Claw|p2b: Gengar\n|-activate|p2b: Gengar|move: Protect\n|cant|p1b: Floette|Disable|Dazzling Gleam\n|\n|-weather|Snowscape|[upkeep]\n|upkeep\n|turn|5\n|inactive|KilamanolaVGC has 30 seconds left.\n|inactive|Tito_1790 has 30 seconds left.\n|inactive|KilamanolaVGC has 20 seconds left.\n|\n|t:|1776727949\n|move|p2a: Sableye|Disable|p1a: Garchomp\n|-start|p1a: Garchomp|Disable|Dragon Claw\n|move|p2b: Gengar|Perish Song|p2b: Gengar\n|-start|p1a: Garchomp|perish3|[silent]\n|-start|p1b: Floette|perish3|[silent]\n|-start|p2a: Sableye|perish3|[silent]\n|-start|p2b: Gengar|perish3|[silent]\n|-fieldactivate|move: Perish Song\n|move|p1a: Garchomp|Earthquake|p2a: Sableye|[spread] p1b,p2a,p2b\n|-crit|p1b: Floette\n|-supereffective|p2b: Gengar|1\n|-damage|p1b: Floette|2/100\n|-damage|p2a: Sableye|58/100\n|-damage|p2b: Gengar|0 fnt\n|faint|p2b: Gengar\n|-activate|p1b: Floette|move: Struggle\n|move|p1b: Floette|Struggle|p2a: Sableye\n|-damage|p2a: Sableye|48/100\n|-damage|p1b: Floette|0 fnt|[from] recoil\n|faint|p1b: Floette\n|\n|-weather|none\n|-start|p1a: Garchomp|perish3\n|-start|p2a: Sableye|perish3\n|upkeep\n|\n|t:|1776727967\n|switch|p2b: Politoed|Politoed, L50, M, shiny|100/100\n|switch|p1b: Basculegion|Basculegion, L50, M|100/100\n|-weather|RainDance|[from] ability: Drizzle|[of] p2b: Politoed\n|turn|6\n|\n|t:|1776727980\n|move|p2a: Sableye|Protect|p2a: Sableye\n|-singleturn|p2a: Sableye|Protect\n|move|p2b: Politoed|Protect|p2b: Politoed\n|-singleturn|p2b: Politoed|Protect\n|move|p1b: Basculegion|Last Respects|p2b: Politoed\n|-activate|p2b: Politoed|move: Protect\n|move|p1a: Garchomp|Earthquake|p2a: Sableye|[spread] p1b\n|-activate|p2a: Sableye|move: Protect\n|-activate|p2b: Politoed|move: Protect\n|-damage|p1b: Basculegion|55/100\n|\n|-weather|RainDance|[upkeep]\n|-start|p1a: Garchomp|perish2\n|-start|p2a: Sableye|perish2\n|upkeep\n|turn|7\n|\n|t:|1776728001\n|switch|p2b: Maushold|Maushold, L50|100/100\n|move|p2a: Sableye|Disable|p1b: Basculegion\n|-start|p1b: Basculegion|Disable|Last Respects\n|cant|p1b: Basculegion|Disable|Last Respects\n|move|p1a: Garchomp|Rock Slide|p2b: Maushold|[spread] p2a,p2b\n|-damage|p2a: Sableye|32/100\n|-damage|p2b: Maushold|78/100\n|\n|-weather|RainDance|[upkeep]\n|-start|p1a: Garchomp|perish1\n|-start|p2a: Sableye|perish1\n|upkeep\n|turn|8\n|inactive|KilamanolaVGC has 30 seconds left.\n|inactive|KilamanolaVGC has 20 seconds left.\n|\n|t:|1776728037\n|move|p2a: Sableye|Encore|p1a: Garchomp\n|-start|p1a: Garchomp|Encore\n|-activate|p1b: Basculegion|move: Struggle\n|move|p1b: Basculegion|Struggle|p2a: Sableye\n|-damage|p2a: Sableye|16/100\n|-damage|p1b: Basculegion|30/100|[from] recoil\n|move|p2b: Maushold|Taunt|p1a: Garchomp\n|-start|p1a: Garchomp|move: Taunt\n|move|p1a: Garchomp|Rock Slide|p2b: Maushold|[spread] p2a,p2b\n|-damage|p2a: Sableye|0 fnt\n|-damage|p2b: Maushold|55/100\n|faint|p2a: Sableye\n|\n|-weather|RainDance|[upkeep]\n|-end|p1a: Garchomp|Disable\n|-start|p1a: Garchomp|perish0\n|upkeep\n|faint|p1a: Garchomp\n|\n|t:|1776728054\n|switch|p2a: Politoed|Politoed, L50, M, shiny|100/100\n|turn|9\n|\n|t:|1776728062\n|move|p2b: Maushold|Follow Me|p2b: Maushold\n|-singleturn|p2b: Maushold|move: Follow Me\n|-activate|p1b: Basculegion|move: Struggle\n|move|p1b: Basculegion|Struggle|p2b: Maushold\n|-damage|p2b: Maushold|33/100\n|-damage|p1b: Basculegion|5/100|[from] recoil\n|move|p2a: Politoed|Weather Ball|p1b: Basculegion\n|-resisted|p1b: Basculegion|1\n|-damage|p1b: Basculegion|0 fnt\n|faint|p1b: Basculegion\n|\n|win|KilamanolaVGC\n|raw|Tito_1790's rating: 1472 &rarr; <strong>1456</strong><br />(-16 for losing)\n|raw|KilamanolaVGC's rating: 1537 &rarr; <strong>1553</strong><br />(+16 for winning)\n|l|\u2606Tito_1790\n|player|p1|\n",
  "uploadtime": 1776728143,
  "views": 9,
  "formatid": "gen9championsvgc2026regma",
  "rating": 1456,
  "private": 0,
  "password": null
}