{
  "id": "gen9championsvgc2026regma-2581187627",
  "format": "[Gen 9 Champions] VGC 2026 Reg M-A",
  "players": [
    "red_277353",
    "StrikerMohamud"
  ],
  "log": "|j|\u2606red_277353\n|j|\u2606StrikerMohamud\n|t:|1775968616\n|gametype|doubles\n|player|p1|red_277353|170|1130\n|player|p2|StrikerMohamud|unknown|1047\n|gen|9\n|tier|[Gen 9 Champions] VGC 2026 Reg M-A\n|rated|\n|rule|Species Clause: Limit one of each Pok\u00e9mon\n|rule|Item Clause: Limit 1 of each item\n|clearpoke\n|poke|p1|Kingambit, L50, M|\n|poke|p1|Sneasler, L50, F|\n|poke|p1|Dragonite, L50, M|\n|poke|p1|Clefable, L50, F|\n|poke|p1|Medicham, L50, M|\n|poke|p1|Aerodactyl, L50, F|\n|poke|p2|Kangaskhan, L50, F|\n|poke|p2|Incineroar, L50, F|\n|poke|p2|Azumarill, L50, M|\n|poke|p2|Froslass, L50, F|\n|poke|p2|Garchomp, L50, F|\n|poke|p2|Talonflame, L50, M|\n|teampreview|4\n|\n|t:|1775968644\n|teamsize|p1|4\n|teamsize|p2|4\n|start\n|switch|p1a: Aerodactyl|Aerodactyl, L50, F, shiny|100/100\n|switch|p1b: Clefable|Clefable, L50, F|100/100\n|switch|p2a: Talonflame|Talonflame, L50, M, shiny|100/100\n|switch|p2b: Kangaskhan|Kangaskhan, L50, F|100/100\n|turn|1\n|\n|t:|1775968663\n|switch|p2b: Azumarill|Azumarill, L50, M, shiny|100/100\n|move|p1b: Clefable|Follow Me|p1b: Clefable\n|-singleturn|p1b: Clefable|move: Follow Me\n|move|p2a: Talonflame|Tailwind|p2a: Talonflame\n|-sidestart|p2: StrikerMohamud|move: Tailwind\n|move|p1a: Aerodactyl|Rock Slide|p2a: Talonflame|[spread] p2a,p2b\n|-supereffective|p2a: Talonflame|2\n|-crit|p2a: Talonflame\n|-damage|p2a: Talonflame|0 fnt\n|-damage|p2b: Azumarill|72/100\n|faint|p2a: Talonflame\n|\n|upkeep\n|\n|t:|1775968682\n|switch|p2a: Kangaskhan|Kangaskhan, L50, F|100/100\n|turn|2\n|\n|t:|1775968688\n|detailschange|p2a: Kangaskhan|Kangaskhan-Mega, L50, F\n|-mega|p2a: Kangaskhan|Kangaskhan|Kangaskhanite\n|move|p2a: Kangaskhan|Fake Out|p1a: Aerodactyl\n|-resisted|p1a: Aerodactyl|1\n|-damage|p1a: Aerodactyl|85/100\n|-resisted|p1a: Aerodactyl|1\n|-damage|p1a: Aerodactyl|81/100\n|-hitcount|p1a: Aerodactyl|2\n|move|p1b: Clefable|Follow Me|p1b: Clefable\n|-singleturn|p1b: Clefable|move: Follow Me\n|cant|p1a: Aerodactyl|flinch\n|move|p2b: Azumarill|Belly Drum|p2b: Azumarill\n|-damage|p2b: Azumarill|22/100\n|-setboost|p2b: Azumarill|atk|6|[from] move: Belly Drum\n|-enditem|p2b: Azumarill|Sitrus Berry|[eat]\n|-heal|p2b: Azumarill|47/100|[from] item: Sitrus Berry\n|\n|upkeep\n|turn|3\n|\n|t:|1775968705\n|move|p2b: Azumarill|Protect|p2b: Azumarill\n|-singleturn|p2b: Azumarill|Protect\n|move|p1b: Clefable|Follow Me|p1b: Clefable\n|-singleturn|p1b: Clefable|move: Follow Me\n|move|p2a: Kangaskhan|Double-Edge|p1b: Clefable\n|-damage|p1b: Clefable|32/100\n|-enditem|p1b: Clefable|Sitrus Berry|[eat]\n|-heal|p1b: Clefable|56/100|[from] item: Sitrus Berry\n|-damage|p1b: Clefable|41/100\n|-hitcount|p1b: Clefable|2\n|-damage|p2a: Kangaskhan|71/100|[from] Recoil\n|move|p1a: Aerodactyl|Rock Slide|p2a: Kangaskhan|[spread] p2a\n|-activate|p2b: Azumarill|move: Protect\n|-damage|p2a: Kangaskhan|47/100\n|\n|upkeep\n|turn|4\n|\n|t:|1775968753\n|move|p1b: Clefable|Helping Hand|p1a: Aerodactyl\n|-singleturn|p1a: Aerodactyl|Helping Hand|[of] p1b: Clefable\n|move|p2b: Azumarill|Aqua Jet|p1a: Aerodactyl\n|-supereffective|p1a: Aerodactyl|1\n|-damage|p1a: Aerodactyl|0 fnt\n|faint|p1a: Aerodactyl\n|move|p2a: Kangaskhan|Double-Edge|p1b: Clefable\n|-damage|p1b: Clefable|0 fnt\n|faint|p1b: Clefable\n|-hitcount|p1: Clefable|1\n|-damage|p2a: Kangaskhan|33/100|[from] Recoil\n|\n|-sideend|p2: StrikerMohamud|move: Tailwind\n|upkeep\n|\n|t:|1775968760\n|switch|p1a: Kingambit|Kingambit, L50, M|100/100\n|switch|p1b: Medicham|Medicham, L50, M|100/100\n|turn|5\n|\n|t:|1775968769\n|detailschange|p1b: Medicham|Medicham-Mega, L50, M\n|-mega|p1b: Medicham|Medicham|Medichamite\n|move|p1b: Medicham|Fake Out|p2b: Azumarill\n|-damage|p2b: Azumarill|22/100\n|move|p1a: Kingambit|Sucker Punch|p2a: Kangaskhan\n|-crit|p2a: Kangaskhan\n|-damage|p2a: Kangaskhan|0 fnt\n|faint|p2a: Kangaskhan\n|cant|p2b: Azumarill|flinch\n|\n|upkeep\n|\n|t:|1775968777\n|switch|p2a: Garchomp|Garchomp, L50, F|100/100\n|turn|6\n|\n|t:|1775968802\n|move|p1a: Kingambit|Sucker Punch|p2b: Azumarill\n|-resisted|p2b: Azumarill|1\n|-damage|p2b: Azumarill|0 fnt\n|faint|p2b: Azumarill\n|move|p2a: Garchomp|Stomping Tantrum|p1a: Kingambit\n|-supereffective|p1a: Kingambit|1\n|-damage|p1a: Kingambit|33/100\n|move|p1b: Medicham|High Jump Kick|p2a: Garchomp\n|-damage|p2a: Garchomp|0 fnt\n|faint|p2a: Garchomp\n|\n|win|red_277353\n",
  "uploadtime": 1775968621,
  "views": 12,
  "formatid": "gen9championsvgc2026regma",
  "rating": null,
  "private": 0,
  "password": null
}