{
  "id": "gen9championsvgc2026regma-2587614291",
  "format": "[Gen 9 Champions] VGC 2026 Reg M-A",
  "players": [
    "24Smguld",
    "try0000"
  ],
  "log": "|j|\u260624Smguld\n|j|\u2606try0000\n|t:|1776547095\n|gametype|doubles\n|player|p1|24Smguld|101|1476\n|player|p2|try0000|veteran|1639\n|gen|9\n|tier|[Gen 9 Champions] VGC 2026 Reg M-A\n|rated|\n|rule|Species Clause: Limit one of each Pok\u00e9mon\n|rule|Item Clause: Limit 1 of each item\n|clearpoke\n|poke|p1|Meganium, L50, M|\n|poke|p1|Aerodactyl, L50, F|\n|poke|p1|Incineroar, L50, F|\n|poke|p1|Farigiraf, L50, F|\n|poke|p1|Kingambit, L50, F|\n|poke|p1|Basculegion, L50, M|\n|poke|p2|Gengar, L50, M|\n|poke|p2|Incineroar, L50, F|\n|poke|p2|Maushold-Four, L50|\n|poke|p2|Gardevoir, L50, M|\n|poke|p2|Kingambit, L50, F|\n|poke|p2|Ninetales-Alola, L50, M|\n|teampreview|4\n|inactive|Battle timer is ON: inactive players will automatically lose when time's up. (requested by try0000)\n|inactive|24Smguld has 60 seconds left.\n|inactive|try0000 has 60 seconds left.\n|\n|t:|1776547144\n|teamsize|p1|4\n|teamsize|p2|4\n|start\n|switch|p1a: Aerodactyl|Aerodactyl, L50, F|100/100\n|switch|p1b: Basculegion|Basculegion, L50, M|100/100\n|switch|p2a: Ninetales|Ninetales-Alola, L50, M|100/100\n|switch|p2b: Gardevoir|Gardevoir, L50, M|100/100\n|-weather|Snowscape|[from] ability: Snow Warning|[of] p2a: Ninetales\n|-ability|p2b: Gardevoir|Adaptability|Trace|[from] ability: Trace|[of] p1b: Basculegion\n|turn|1\n|inactive|24Smguld has 30 seconds left.\n|inactive|24Smguld has 20 seconds left.\n|inactive|24Smguld has 15 seconds left.\n|\n|t:|1776547186\n|move|p2b: Gardevoir|Protect|p2b: Gardevoir\n|-singleturn|p2b: Gardevoir|Protect\n|move|p1b: Basculegion|Flip Turn|p2b: Gardevoir\n|-activate|p2b: Gardevoir|move: Protect\n|move|p1a: Aerodactyl|Tailwind|p1a: Aerodactyl\n|-sidestart|p1: 24Smguld|move: Tailwind\n|move|p2a: Ninetales|Icy Wind|p1b: Basculegion|[spread] p1a,p1b\n|-supereffective|p1a: Aerodactyl|1\n|-resisted|p1b: Basculegion|1\n|-damage|p1a: Aerodactyl|62/100\n|-damage|p1b: Basculegion|92/100\n|-unboost|p1a: Aerodactyl|spe|1\n|-unboost|p1b: Basculegion|spe|1\n|\n|-weather|Snowscape|[upkeep]\n|upkeep\n|turn|2\n|inactive|24Smguld has 30 seconds left.\n|inactive|try0000 has 30 seconds left.\n|\n|t:|1776547216\n|switch|p2a: Maushold|Maushold-Four, L50|100/100\n|detailschange|p2b: Gardevoir|Gardevoir-Mega, L50, M\n|-mega|p2b: Gardevoir|Gardevoir|Gardevoirite\n|move|p1b: Basculegion|Flip Turn|p2b: Gardevoir\n|-damage|p2b: Gardevoir|64/100\n|\n|t:|1776547241\n|switch|p1b: Meganium|Meganium, L50, M|100/100|[from] Flip Turn\n|move|p1a: Aerodactyl|Rock Slide|p2b: Gardevoir|[spread] p2a,p2b\n|-crit|p2a: Maushold\n|-damage|p2a: Maushold|55/100\n|-damage|p2b: Gardevoir|42/100\n|move|p2b: Gardevoir|Hyper Voice|p1b: Meganium|[spread] p1a,p1b\n|-damage|p1a: Aerodactyl|0 fnt\n|-damage|p1b: Meganium|48/100\n|faint|p1a: Aerodactyl\n|\n|-weather|Snowscape|[upkeep]\n|upkeep\n|\n|t:|1776547254\n|switch|p1a: Kingambit|Kingambit, L50, F|100/100\n|turn|3\n|\n|t:|1776547272\n|detailschange|p1b: Meganium|Meganium-Mega, L50, M\n|-mega|p1b: Meganium|Meganium|Meganiumite\n|move|p2a: Maushold|Protect|p2a: Maushold\n|-singleturn|p2a: Maushold|Protect\n|move|p2b: Gardevoir|Protect|p2b: Gardevoir\n|-singleturn|p2b: Gardevoir|Protect\n|move|p1a: Kingambit|Sucker Punch||[still]\n|-fail|p1a: Kingambit\n|move|p1b: Meganium|Dazzling Gleam|p2b: Gardevoir|[spread] \n|-activate|p2a: Maushold|move: Protect\n|-activate|p2b: Gardevoir|move: Protect\n|\n|-weather|Snowscape|[upkeep]\n|upkeep\n|turn|4\n|inactive|24Smguld has 30 seconds left.\n|inactive|24Smguld has 20 seconds left.\n|\n|t:|1776547307\n|move|p2a: Maushold|Follow Me|p2a: Maushold\n|-singleturn|p2a: Maushold|move: Follow Me\n|move|p1b: Meganium|Dazzling Gleam|p2a: Maushold|[spread] p2a,p2b\n|-damage|p2a: Maushold|13/100\n|-damage|p2b: Gardevoir|18/100\n|move|p1a: Kingambit|Iron Head|p2a: Maushold\n|-damage|p2a: Maushold|0 fnt\n|faint|p2a: Maushold\n|move|p2b: Gardevoir|Hyper Voice|p1b: Meganium|[spread] p1a,p1b\n|-damage|p1a: Kingambit|48/100\n|-damage|p1b: Meganium|0 fnt\n|faint|p1b: Meganium\n|\n|-weather|Snowscape|[upkeep]\n|-sideend|p1: 24Smguld|move: Tailwind\n|upkeep\n|\n|t:|1776547323\n|switch|p2a: Kingambit|Kingambit, L50, F|100/100\n|switch|p1b: Basculegion|Basculegion, L50, M|92/100\n|turn|5\n|inactive|24Smguld has 30 seconds left.\n|\n|t:|1776547353\n|move|p2b: Gardevoir|Protect|p2b: Gardevoir\n|-singleturn|p2b: Gardevoir|Protect\n|move|p2a: Kingambit|Protect|p2a: Kingambit\n|-singleturn|p2a: Kingambit|Protect\n|move|p1b: Basculegion|Aqua Jet|p2b: Gardevoir\n|-activate|p2b: Gardevoir|move: Protect\n|move|p1a: Kingambit|Iron Head|p2a: Kingambit\n|-activate|p2a: Kingambit|move: Protect\n|\n|-weather|none\n|upkeep\n|turn|6\n|\n|t:|1776547371\n|move|p1b: Basculegion|Aqua Jet|p2b: Gardevoir\n|-damage|p2b: Gardevoir|0 fnt\n|faint|p2b: Gardevoir\n|move|p2a: Kingambit|Low Kick|p1a: Kingambit\n|-supereffective|p1a: Kingambit|2\n|-enditem|p1a: Kingambit|Chople Berry|[eat]\n|-enditem|p1a: Kingambit|Chople Berry|[weaken]\n|-damage|p1a: Kingambit|0 fnt\n|faint|p1a: Kingambit\n|\n|upkeep\n|\n|t:|1776547374\n|switch|p2b: Ninetales|Ninetales-Alola, L50, M|100/100\n|-weather|Snowscape|[from] ability: Snow Warning|[of] p2b: Ninetales\n|turn|7\n|\n|t:|1776547384\n|move|p1b: Basculegion|Aqua Jet|p2b: Ninetales\n|-damage|p2b: Ninetales|78/100\n|move|p2b: Ninetales|Aurora Veil|p2b: Ninetales\n|-sidestart|p2: try0000|move: Aurora Veil\n|move|p2a: Kingambit|Kowtow Cleave|p1b: Basculegion\n|-supereffective|p1b: Basculegion|1\n|-damage|p1b: Basculegion|0 fnt\n|faint|p1b: Basculegion\n|\n|win|try0000\n|raw|24Smguld's rating: 1476 &rarr; <strong>1465</strong><br />(-11 for losing)\n|raw|try0000's rating: 1639 &rarr; <strong>1650</strong><br />(+11 for winning)\n|l|\u260624Smguld\n|player|p1|\n|l|\u2606try0000\n|player|p2|\n",
  "uploadtime": 1776547425,
  "views": 19,
  "formatid": "gen9championsvgc2026regma",
  "rating": 1465,
  "private": 0,
  "password": null
}