{
  "id": "gen9championsvgc2026regma-2583494820",
  "format": "[Gen 9 Champions] VGC 2026 Reg M-A",
  "players": [
    "robboneal",
    "FabricioPlayApk"
  ],
  "log": "|j|\u2606robboneal\n|j|\u2606FabricioPlayApk\n|t:|1776179249\n|gametype|doubles\n|player|p1|robboneal|169|1127\n|player|p2|FabricioPlayApk|youngcouple-gen4dp|1135\n|gen|9\n|tier|[Gen 9 Champions] VGC 2026 Reg M-A\n|rated|\n|rule|Species Clause: Limit one of each Pok\u00e9mon\n|rule|Item Clause: Limit 1 of each item\n|clearpoke\n|poke|p1|Blastoise, L50, F|\n|poke|p1|Pelipper, L50, F|\n|poke|p1|Sinistcha, L50|\n|poke|p1|Kingambit, L50, M|\n|poke|p1|Dragonite, L50, M|\n|poke|p1|Sneasler, L50, F|\n|poke|p2|Milotic, L50, F|\n|poke|p2|Farigiraf, L50, M|\n|poke|p2|Crabominable, L50, M|\n|poke|p2|Sinistcha, L50|\n|poke|p2|Torkoal, L50, M|\n|poke|p2|Basculegion, L50, M|\n|teampreview|4\n|inactive|Battle timer is ON: inactive players will automatically lose when time's up. (requested by FabricioPlayApk)\n|inactive|robboneal has 60 seconds left.\n|inactive|FabricioPlayApk has 60 seconds left.\n|\n|t:|1776179289\n|teamsize|p1|4\n|teamsize|p2|4\n|start\n|switch|p1a: Kingambit|Kingambit, L50, M|100/100\n|switch|p1b: Pelipper|Pelipper, L50, F|100/100\n|switch|p2a: Sinistcha|Sinistcha, L50|100/100\n|switch|p2b: Milotic|Milotic, L50, F|100/100\n|-weather|RainDance|[from] ability: Drizzle|[of] p1b: Pelipper\n|turn|1\n|\n|t:|1776179309\n|move|p1b: Pelipper|Tailwind|p1b: Pelipper\n|-sidestart|p1: robboneal|move: Tailwind\n|move|p1a: Kingambit|Kowtow Cleave|p2a: Sinistcha\n|-supereffective|p2a: Sinistcha|1\n|-damage|p2a: Sinistcha|16/100\n|-enditem|p2a: Sinistcha|Sitrus Berry|[eat]\n|-heal|p2a: Sinistcha|41/100|[from] item: Sitrus Berry\n|move|p2b: Milotic|Scald|p1a: Kingambit\n|-damage|p1a: Kingambit|59/100\n|-status|p1a: Kingambit|brn\n|move|p2a: Sinistcha|Trick Room|p2a: Sinistcha\n|-fieldstart|move: Trick Room|[of] p2a: Sinistcha\n|\n|-weather|RainDance|[upkeep]\n|-damage|p1a: Kingambit|54/100 brn|[from] brn\n|upkeep\n|turn|2\n|\n|t:|1776179333\n|move|p1a: Kingambit|Protect|p1a: Kingambit\n|-singleturn|p1a: Kingambit|Protect\n|move|p2a: Sinistcha|Matcha Gotcha|p1b: Pelipper|[spread] \n|-activate|p1a: Kingambit|move: Protect\n|-miss|p2a: Sinistcha|p1b: Pelipper\n|move|p2b: Milotic|Flip Turn|p1b: Pelipper\n|-resisted|p1b: Pelipper|1\n|-damage|p1b: Pelipper|89/100\n|\n|t:|1776179346\n|switch|p2b: Crabominable|Crabominable, L50, M|100/100|[from] Flip Turn\n|move|p1b: Pelipper|Icy Wind|p2a: Sinistcha|[spread] p2a,p2b\n|-supereffective|p2a: Sinistcha|1\n|-resisted|p2b: Crabominable|1\n|-damage|p2a: Sinistcha|12/100\n|-damage|p2b: Crabominable|94/100\n|-unboost|p2a: Sinistcha|spe|1\n|-unboost|p2b: Crabominable|spe|1\n|\n|-weather|RainDance|[upkeep]\n|-damage|p1a: Kingambit|48/100 brn|[from] brn\n|upkeep\n|turn|3\n|inactive|robboneal has 30 seconds left.\n|\n|t:|1776179380\n|switch|p2a: Torkoal|Torkoal, L50, M|100/100\n|-weather|SunnyDay|[from] ability: Drought|[of] p2a: Torkoal\n|detailschange|p2b: Crabominable|Crabominable-Mega, L50, M\n|-mega|p2b: Crabominable|Crabominable|Crabominite\n|move|p2b: Crabominable|Mach Punch|p1a: Kingambit\n|-supereffective|p1a: Kingambit|2\n|-damage|p1a: Kingambit|0 fnt\n|faint|p1a: Kingambit\n|move|p1b: Pelipper|Hurricane|p2b: Crabominable|[miss]\n|-miss|p1b: Pelipper|p2b: Crabominable\n|\n|-weather|SunnyDay|[upkeep]\n|upkeep\n|\n|t:|1776179397\n|switch|p1a: Sinistcha|Sinistcha, L50|100/100\n|-heal|p1b: Pelipper|100/100|[from] ability: Hospitality|[of] p1a: Sinistcha\n|turn|4\n|\n|t:|1776179410\n|switch|p1b: Blastoise|Blastoise, L50, F|100/100\n|move|p1a: Sinistcha|Rage Powder|p1a: Sinistcha\n|-singleturn|p1a: Sinistcha|move: Rage Powder\n|move|p2b: Crabominable|Ice Hammer|p1a: Sinistcha\n|-supereffective|p1a: Sinistcha|1\n|-damage|p1a: Sinistcha|0 fnt\n|-unboost|p2b: Crabominable|spe|1\n|faint|p1a: Sinistcha\n|move|p2a: Torkoal|Eruption|p1b: Blastoise\n|-resisted|p1b: Blastoise|1\n|-damage|p1b: Blastoise|32/100\n|\n|-weather|SunnyDay|[upkeep]\n|-sideend|p1: robboneal|move: Tailwind\n|upkeep\n|\n|t:|1776179425\n|switch|p1a: Pelipper|Pelipper, L50, F|100/100\n|-weather|RainDance|[from] ability: Drizzle|[of] p1a: Pelipper\n|turn|5\n|\n|t:|1776179442\n|switch|p2a: Sinistcha|Sinistcha, L50|12/100\n|-heal|p2b: Crabominable|100/100|[from] ability: Hospitality|[of] p2a: Sinistcha\n|detailschange|p1b: Blastoise|Blastoise-Mega, L50, F\n|-mega|p1b: Blastoise|Blastoise|Blastoisinite\n|move|p2b: Crabominable|Close Combat|p1b: Blastoise\n|-damage|p1b: Blastoise|0 fnt\n|-unboost|p2b: Crabominable|def|1\n|-unboost|p2b: Crabominable|spd|1\n|faint|p1b: Blastoise\n|move|p1a: Pelipper|Hurricane|p2b: Crabominable\n|-supereffective|p2b: Crabominable|1\n|-damage|p2b: Crabominable|0 fnt\n|faint|p2b: Crabominable\n|\n|-weather|RainDance|[upkeep]\n|-fieldend|move: Trick Room\n|upkeep\n|\n|t:|1776179463\n|switch|p2b: Milotic|Milotic, L50, F|100/100\n|turn|6\n|\n|t:|1776179484\n|switch|p2a: Torkoal|Torkoal, L50, M|100/100\n|-weather|SunnyDay|[from] ability: Drought|[of] p2a: Torkoal\n|move|p1a: Pelipper|Weather Ball|p2a: Torkoal\n|-resisted|p2a: Torkoal|1\n|-damage|p2a: Torkoal|72/100\n|move|p2b: Milotic|Scald|p1a: Pelipper\n|-resisted|p1a: Pelipper|1\n|-damage|p1a: Pelipper|90/100\n|\n|-weather|SunnyDay|[upkeep]\n|upkeep\n|turn|7\n|\n|t:|1776179503\n|move|p1a: Pelipper|Icy Wind|p2a: Torkoal|[spread] p2a,p2b\n|-resisted|p2a: Torkoal|1\n|-resisted|p2b: Milotic|1\n|-damage|p2a: Torkoal|64/100\n|-damage|p2b: Milotic|98/100\n|-unboost|p2a: Torkoal|spe|1\n|-unboost|p2b: Milotic|spe|1\n|-ability|p2b: Milotic|Competitive|boost\n|-boost|p2b: Milotic|spa|2\n|move|p2b: Milotic|Scald|p1a: Pelipper\n|-resisted|p1a: Pelipper|1\n|-crit|p1a: Pelipper\n|-damage|p1a: Pelipper|58/100\n|move|p2a: Torkoal|Solar Beam||[still]\n|-prepare|p2a: Torkoal|Solar Beam\n|-anim|p2a: Torkoal|Solar Beam|p1a: Pelipper\n|-damage|p1a: Pelipper|4/100\n|\n|-weather|SunnyDay|[upkeep]\n|-heal|p2b: Milotic|100/100|[from] item: Leftovers\n|upkeep\n|turn|8\n|-message|robboneal forfeited.\n|\n|win|FabricioPlayApk\n|raw|robboneal's rating: 1127 &rarr; <strong>1103</strong><br />(-24 for losing)\n|raw|FabricioPlayApk's rating: 1135 &rarr; <strong>1159</strong><br />(+24 for winning)\n|l|\u2606robboneal\n|player|p1|\n",
  "uploadtime": 1776179525,
  "views": 15,
  "formatid": "gen9championsvgc2026regma",
  "rating": 1103,
  "private": 0,
  "password": null
}