{
  "id": "gen9championsvgc2026regma-2585062548",
  "format": "[Gen 9 Champions] VGC 2026 Reg M-A",
  "players": [
    "toxicwyvern",
    "walmark"
  ],
  "log": "|j|\u2606toxicwyvern\n|j|\u2606walmark\n|t:|1776307943\n|gametype|doubles\n|player|p1|toxicwyvern|170|1146\n|player|p2|walmark|266|1126\n|gen|9\n|tier|[Gen 9 Champions] VGC 2026 Reg M-A\n|rated|\n|rule|Species Clause: Limit one of each Pok\u00e9mon\n|rule|Item Clause: Limit 1 of each item\n|clearpoke\n|poke|p1|Whimsicott, L50, M|\n|poke|p1|Typhlosion, L50, M|\n|poke|p1|Incineroar, L50, M|\n|poke|p1|Charizard, L50, F|\n|poke|p1|Milotic, L50, F|\n|poke|p1|Sinistcha, L50|\n|poke|p2|Charizard, L50, F|\n|poke|p2|Venusaur, L50, M|\n|poke|p2|Whimsicott, L50, M|\n|poke|p2|Incineroar, L50, M|\n|poke|p2|Kingambit, L50, M|\n|poke|p2|Garchomp, L50, F|\n|teampreview|4\ntoxicwyvern rejected open team sheets.\n|inactive|Battle timer is ON: inactive players will automatically lose when time's up. (requested by toxicwyvern)\n|\n|t:|1776307968\n|teamsize|p1|4\n|teamsize|p2|4\n|start\n|switch|p1a: Whimsicott|Whimsicott, L50, M|100/100\n|switch|p1b: Incineroar|Incineroar, L50, M|100/100\n|switch|p2a: Whimsicott|Whimsicott, L50, M|100/100\n|switch|p2b: Garchomp|Garchomp, L50, F|100/100\n|-ability|p1b: Incineroar|Intimidate|boost\n|-unboost|p2a: Whimsicott|atk|1\n|-unboost|p2b: Garchomp|atk|1\n|turn|1\n|\n|t:|1776307987\n|move|p1b: Incineroar|Fake Out|p2a: Whimsicott\n|-damage|p2a: Whimsicott|85/100\n|cant|p2a: Whimsicott|flinch\n|move|p1a: Whimsicott|Moonblast|p2b: Garchomp\n|-supereffective|p2b: Garchomp|1\n|-damage|p2b: Garchomp|27/100\n|move|p2b: Garchomp|Rock Slide|p1b: Incineroar|[spread] p1a,p1b\n|-supereffective|p1b: Incineroar|1\n|-damage|p1a: Whimsicott|81/100\n|-damage|p1b: Incineroar|77/100\n|\n|upkeep\n|turn|2\n|inactive|walmark has 30 seconds left.\n|\n|t:|1776308019\n|move|p2b: Garchomp|Protect|p2b: Garchomp\n|-singleturn|p2b: Garchomp|Protect\n|move|p2a: Whimsicott|Tailwind|p2a: Whimsicott\n|-sidestart|p2: walmark|move: Tailwind\n|move|p1a: Whimsicott|Tailwind|p1a: Whimsicott\n|-sidestart|p1: toxicwyvern|move: Tailwind\n|move|p1b: Incineroar|Flare Blitz|p2a: Whimsicott\n|-supereffective|p2a: Whimsicott|1\n|-damage|p2a: Whimsicott|0 fnt\n|faint|p2a: Whimsicott\n|-damage|p1b: Incineroar|57/100|[from] Recoil\n|\n|upkeep\n|\n|t:|1776308031\n|switch|p2a: Charizard|Charizard, L50, F|100/100\n|turn|3\n|\n|t:|1776308047\n|detailschange|p2a: Charizard|Charizard-Mega-Y, L50, F\n|-mega|p2a: Charizard|Charizard|Charizardite Y\n|-weather|SunnyDay|[from] ability: Drought|[of] p2a: Charizard\n|move|p1a: Whimsicott|Moonblast|p2b: Garchomp\n|-supereffective|p2b: Garchomp|1\n|-damage|p2b: Garchomp|0 fnt\n|faint|p2b: Garchomp\n|move|p2a: Charizard|Heat Wave|p1b: Incineroar|[spread] p1a,p1b\n|-supereffective|p1a: Whimsicott|1\n|-resisted|p1b: Incineroar|1\n|-damage|p1a: Whimsicott|0 fnt\n|-damage|p1b: Incineroar|37/100\n|-enditem|p1b: Incineroar|Sitrus Berry|[eat]\n|-heal|p1b: Incineroar|62/100|[from] item: Sitrus Berry\n|faint|p1a: Whimsicott\n|move|p1b: Incineroar|Parting Shot|p2a: Charizard\n|-unboost|p2a: Charizard|atk|1\n|-unboost|p2a: Charizard|spa|1\n|\n|t:|1776308069\n|switch|p1b: Typhlosion|Typhlosion, L50, M|100/100|[from] Parting Shot\n|\n|-weather|SunnyDay|[upkeep]\n|upkeep\n|\n|t:|1776308073\n|switch|p1a: Charizard|Charizard, L50, F|100/100\n|switch|p2b: Venusaur|Venusaur, L50, M|100/100\n|turn|4\n|inactive|walmark has 30 seconds left.\n|inactive|walmark has 20 seconds left.\n|\n|t:|1776308108\n|detailschange|p1a: Charizard|Charizard-Mega-Y, L50, F\n|-mega|p1a: Charizard|Charizard|Charizardite Y\n|move|p2b: Venusaur|Earth Power|p1b: Typhlosion\n|-supereffective|p1b: Typhlosion|1\n|-damage|p1b: Typhlosion|22/100\n|move|p1a: Charizard|Heat Wave|p2a: Charizard|[spread] p2b\n|-miss|p1a: Charizard|p2a: Charizard\n|-supereffective|p2b: Venusaur|1\n|-damage|p2b: Venusaur|0 fnt\n|faint|p2b: Venusaur\n|move|p1b: Typhlosion|Eruption|p2a: Charizard\n|-resisted|p2a: Charizard|1\n|-damage|p2a: Charizard|87/100\n|move|p2a: Charizard|Dragon Pulse|p1a: Charizard\n|-damage|p1a: Charizard|76/100\n|\n|-weather|SunnyDay|[upkeep]\n|upkeep\n|turn|5\n|\n|t:|1776308126\n|move|p1a: Charizard|Weather Ball|p2a: Charizard\n|-resisted|p2a: Charizard|1\n|-damage|p2a: Charizard|39/100\n|move|p1b: Typhlosion|Heat Wave|p2a: Charizard\n|-resisted|p2a: Charizard|1\n|-damage|p2a: Charizard|3/100\n|move|p2a: Charizard|Heat Wave|p1b: Typhlosion|[spread] p1a\n|-start|p1b: Typhlosion|ability: Flash Fire\n|-resisted|p1a: Charizard|1\n|-damage|p1a: Charizard|54/100\n|\n|-weather|SunnyDay|[upkeep]\n|-sideend|p1: toxicwyvern|move: Tailwind\n|-sideend|p2: walmark|move: Tailwind\n|upkeep\n|turn|6\n|\n|t:|1776308138\n|move|p1b: Typhlosion|Heat Wave|p2a: Charizard\n|-resisted|p2a: Charizard|1\n|-damage|p2a: Charizard|0 fnt\n|faint|p2a: Charizard\n|\n|win|toxicwyvern\n|raw|toxicwyvern's rating: 1146 &rarr; <strong>1170</strong><br />(+24 for winning)\n|raw|walmark's rating: 1126 &rarr; <strong>1102</strong><br />(-24 for losing)\n|l|\u2606walmark\n|player|p2|\n|l|\u2606toxicwyvern\n|player|p1|\n|j|\u2606toxicwyvern\n|player|p1|toxicwyvern|170|\n",
  "uploadtime": 1776308151,
  "views": 22,
  "formatid": "gen9championsvgc2026regma",
  "rating": 1102,
  "private": 0,
  "password": null
}