{
  "id": "gen9championsvgc2026regma-2587651012",
  "format": "[Gen 9 Champions] VGC 2026 Reg M-A",
  "players": [
    "LeumisAndracon",
    "KryptoChaos7133"
  ],
  "log": "|j|\u2606LeumisAndracon\n|j|\u2606KryptoChaos7133\n|t:|1776550474\n|gametype|doubles\n|player|p1|LeumisAndracon|benga|1043\n|player|p2|KryptoChaos7133|169|1142\n|gen|9\n|tier|[Gen 9 Champions] VGC 2026 Reg M-A\n|rated|\n|rule|Species Clause: Limit one of each Pok\u00e9mon\n|rule|Item Clause: Limit 1 of each item\n|clearpoke\n|poke|p1|Charizard, L50, F, shiny|\n|poke|p1|Garchomp, L50, F|\n|poke|p1|Kingambit, L50, M|\n|poke|p1|Sneasler, L50, M|\n|poke|p1|Incineroar, L50, M|\n|poke|p1|Whimsicott, L50, M|\n|poke|p2|Aerodactyl, L50, M, shiny|\n|poke|p2|Meganium, L50, M|\n|poke|p2|Torkoal, L50, M|\n|poke|p2|Incineroar, L50, M|\n|poke|p2|Stunfisk, L50, F|\n|poke|p2|Maushold, L50|\n|teampreview|4\n|\n|t:|1776550493\n|teamsize|p1|4\n|teamsize|p2|4\n|start\n|switch|p1a: Charizard|Charizard, L50, F, shiny|100/100\n|switch|p1b: Garchomp|Garchomp, L50, F|100/100\n|switch|p2a: Incineroar|Incineroar, L50, M|100/100\n|switch|p2b: Torkoal|Torkoal, L50, M|100/100\n|-ability|p2a: Incineroar|Intimidate|boost\n|-unboost|p1a: Charizard|atk|1\n|-unboost|p1b: Garchomp|atk|1\n|-weather|SunnyDay|[from] ability: Drought|[of] p2b: Torkoal\n|turn|1\n|\n|t:|1776550510\n|detailschange|p1a: Charizard|Charizard-Mega-Y, L50, F, shiny\n|-mega|p1a: Charizard|Charizard|Charizardite Y\n|move|p1b: Garchomp|Earthquake|p2b: Torkoal|[spread] p2a,p2b\n|-immune|p1a: Charizard\n|-supereffective|p2a: Incineroar|1\n|-supereffective|p2b: Torkoal|1\n|-damage|p2a: Incineroar|44/100\n|-damage|p2b: Torkoal|60/100\n|move|p1a: Charizard|Scorching Sands|p2b: Torkoal\n|-supereffective|p2b: Torkoal|1\n|-damage|p2b: Torkoal|0 fnt\n|faint|p2b: Torkoal\n|move|p2a: Incineroar|Parting Shot|p1a: Charizard\n|-unboost|p1a: Charizard|atk|1\n|-unboost|p1a: Charizard|spa|1\n|\n|t:|1776550525\n|switch|p2a: Aerodactyl|Aerodactyl, L50, M, shiny|100/100|[from] Parting Shot\n|-ability|p2a: Aerodactyl|Pressure\n|\n|-weather|SunnyDay|[upkeep]\n|upkeep\n|\n|t:|1776550527\n|switch|p2b: Meganium|Meganium, L50, M|100/100\n|turn|2\n|\n|t:|1776550541\n|switch|p1a: Incineroar|Incineroar, L50, M|100/100\n|-ability|p1a: Incineroar|Intimidate|boost\n|-unboost|p2a: Aerodactyl|atk|1\n|-unboost|p2b: Meganium|atk|1\n|detailschange|p2a: Aerodactyl|Aerodactyl-Mega, L50, M, shiny\n|-mega|p2a: Aerodactyl|Aerodactyl|Aerodactylite\n|move|p1b: Garchomp|Protect|p1b: Garchomp\n|-singleturn|p1b: Garchomp|Protect\n|move|p2a: Aerodactyl|Rock Slide|p1a: Incineroar|[spread] p1a\n|-activate|p1b: Garchomp|move: Protect\n|-supereffective|p1a: Incineroar|1\n|-damage|p1a: Incineroar|64/100\n|move|p2b: Meganium|Dazzling Gleam|p1a: Incineroar|[spread] p1a\n|-activate|p1b: Garchomp|move: Protect\n|-damage|p1a: Incineroar|51/100\n|\n|-weather|SunnyDay|[upkeep]\n|upkeep\n|turn|3\n|n|!KryptoChaos7133|kryptochaos7133\n|inactive|Battle timer is ON: inactive players will automatically lose when time's up. (requested by LeumisAndracon)\n|inactive|KryptoChaos7133 has 60 seconds left.\n|inactive|KryptoChaos7133 has 30 seconds left.\n|inactive|KryptoChaos7133 has 20 seconds left.\n|inactive|KryptoChaos7133 has 15 seconds left.\n|inactive|KryptoChaos7133 has 10 seconds left.\n|inactive|KryptoChaos7133 has 5 seconds left.\n|\n|t:|1776550701\n|switch|p1b: Whimsicott|Whimsicott, L50, M|100/100\n|move|p1a: Incineroar|Fake Out|p2b: Meganium\n|-damage|p2b: Meganium|90/100\n|move|p2a: Aerodactyl|Dual Wingbeat|p1a: Incineroar\n|-damage|p1a: Incineroar|33/100\n|-enditem|p1a: Incineroar|Sitrus Berry|[eat]\n|-heal|p1a: Incineroar|58/100|[from] item: Sitrus Berry\n|-damage|p1a: Incineroar|39/100\n|-hitcount|p1a: Incineroar|2\n|cant|p2b: Meganium|flinch\n|\n|-weather|SunnyDay|[upkeep]\n|-heal|p2b: Meganium|96/100|[from] item: Leftovers\n|upkeep\n|turn|4\n|inactive|KryptoChaos7133 has 30 seconds left.\n|inactive|KryptoChaos7133 has 20 seconds left.\n|inactive|KryptoChaos7133 has 15 seconds left.\n|inactive|KryptoChaos7133 has 10 seconds left.\n|inactive|KryptoChaos7133 has 5 seconds left.\n|\n|t:|1776550757\n|switch|p1a: Garchomp|Garchomp, L50, F|100/100\n|move|p1b: Whimsicott|Tailwind|p1b: Whimsicott\n|-sidestart|p1: LeumisAndracon|move: Tailwind\n|move|p2a: Aerodactyl|Dual Wingbeat|p1b: Whimsicott\n|-supereffective|p1b: Whimsicott|1\n|-damage|p1b: Whimsicott|56/100\n|-supereffective|p1b: Whimsicott|1\n|-damage|p1b: Whimsicott|9/100\n|-hitcount|p1b: Whimsicott|2\n|move|p2b: Meganium|Energy Ball|p1a: Garchomp\n|-damage|p1a: Garchomp|58/100\n|\n|-weather|SunnyDay|[upkeep]\n|-heal|p2b: Meganium|100/100|[from] item: Leftovers\n|upkeep\n|turn|5\n|inactive|KryptoChaos7133 has 30 seconds left.\n|inactive|KryptoChaos7133 has 20 seconds left.\n|inactive|KryptoChaos7133 has 15 seconds left.\n|inactive|KryptoChaos7133 has 10 seconds left.\n|inactive|KryptoChaos7133 has 5 seconds left.\n|\n|t:|1776550812\n|move|p1b: Whimsicott|Encore|p2b: Meganium\n|-start|p2b: Meganium|Encore\n|move|p1a: Garchomp|Rock Slide|p2b: Meganium|[spread] p2a\n|-miss|p1a: Garchomp|p2b: Meganium\n|-supereffective|p2a: Aerodactyl|1\n|-damage|p2a: Aerodactyl|53/100\n|move|p2a: Aerodactyl|Dual Wingbeat|p1b: Whimsicott\n|-supereffective|p1b: Whimsicott|1\n|-damage|p1b: Whimsicott|0 fnt\n|faint|p1b: Whimsicott\n|-hitcount|p1: Whimsicott|1\n|move|p2b: Meganium|Energy Ball|p1a: Garchomp\n|-damage|p1a: Garchomp|13/100\n|\n|-weather|none\n|upkeep\n|\n|t:|1776550825\n|switch|p1b: Charizard|Charizard-Mega-Y, L50, F, shiny|100/100\n|-weather|SunnyDay|[from] ability: Drought|[of] p1b: Charizard\n|turn|6\n|inactive|KryptoChaos7133 has 30 seconds left.\n|inactive|KryptoChaos7133 has 20 seconds left.\n|inactive|KryptoChaos7133 has 15 seconds left.\n|inactive|KryptoChaos7133 has 10 seconds left.\n|inactive|KryptoChaos7133 has 5 seconds left.\n|\n|t:|1776550881\n|move|p1a: Garchomp|Protect|p1a: Garchomp\n|-singleturn|p1a: Garchomp|Protect\n|move|p1b: Charizard|Heat Wave|p2b: Meganium|[spread] p2b\n|-miss|p1b: Charizard|p2a: Aerodactyl\n|-supereffective|p2b: Meganium|1\n|-damage|p2b: Meganium|0 fnt\n|faint|p2b: Meganium\n|move|p2a: Aerodactyl|Dual Wingbeat|p1b: Charizard\n|-crit|p1b: Charizard\n|-damage|p1b: Charizard|40/100\n|-damage|p1b: Charizard|15/100\n|-hitcount|p1b: Charizard|2\n|\n|-weather|SunnyDay|[upkeep]\n|upkeep\n|inactive|KryptoChaos7133 has 30 seconds left.\n|inactive|KryptoChaos7133 has 20 seconds left.\n|-message|KryptoChaos7133 forfeited.\n|\n|win|LeumisAndracon\n",
  "uploadtime": 1776550565,
  "views": 9,
  "formatid": "gen9championsvgc2026regma",
  "rating": null,
  "private": 0,
  "password": null
}