{
  "id": "gen9championsvgc2026regma-2588823770",
  "format": "[Gen 9 Champions] VGC 2026 Reg M-A",
  "players": [
    "cakesgalore3",
    "crazyshit14"
  ],
  "log": "|j|\u2606cakesgalore3\n|j|\u2606crazyshit14\n|t:|1776675273\n|gametype|doubles\n|player|p1|cakesgalore3|169|1437\n|player|p2|crazyshit14|1|1400\n|gen|9\n|tier|[Gen 9 Champions] VGC 2026 Reg M-A\n|rated|\n|rule|Species Clause: Limit one of each Pok\u00e9mon\n|rule|Item Clause: Limit 1 of each item\n|clearpoke\n|poke|p1|Floette-Eternal, L50, F|\n|poke|p1|Incineroar, L50, F|\n|poke|p1|Sinistcha, L50|\n|poke|p1|Aerodactyl, L50, F|\n|poke|p1|Scizor, L50, F|\n|poke|p1|Garchomp, L50, F|\n|poke|p2|Floette-Eternal, L50, F|\n|poke|p2|Sableye, L50, F|\n|poke|p2|Ceruledge, L50, M|\n|poke|p2|Slowbro, L50, M|\n|poke|p2|Incineroar, L50, F|\n|poke|p2|Tsareena, L50, F|\n|teampreview|4\n|\n|t:|1776675293\n|teamsize|p1|4\n|teamsize|p2|4\n|start\n|switch|p1a: Incineroar|Incineroar, L50, F|100/100\n|switch|p1b: Aerodactyl|Aerodactyl, L50, F|100/100\n|switch|p2a: Ceruledge|Ceruledge, L50, M|100/100\n|switch|p2b: Sableye|Sableye, L50, F|100/100\n|-ability|p1b: Aerodactyl|Unnerve\n|-ability|p1a: Incineroar|Intimidate|boost\n|-unboost|p2a: Ceruledge|atk|1\n|-unboost|p2b: Sableye|atk|1\n|turn|1\n|\n|t:|1776675304\n|move|p2b: Sableye|Reflect|p2b: Sableye\n|-sidestart|p2: crazyshit14|Reflect\n|move|p1b: Aerodactyl|Rock Slide|p2a: Ceruledge|[spread] p2a,p2b\n|-supereffective|p2a: Ceruledge|1\n|-damage|p2a: Ceruledge|70/100\n|-damage|p2b: Sableye|79/100\n|cant|p2a: Ceruledge|flinch\n|move|p1a: Incineroar|Darkest Lariat|p2b: Sableye\n|-damage|p2b: Sableye|41/100\n|\n|-heal|p2a: Ceruledge|76/100|[from] item: Leftovers\n|upkeep\n|turn|2\n|\n|t:|1776675322\n|move|p2b: Sableye|Disable|p1b: Aerodactyl\n|-start|p1b: Aerodactyl|Disable|Rock Slide\n|cant|p1b: Aerodactyl|Disable|Rock Slide\n|move|p2a: Ceruledge|Bulk Up|p2a: Ceruledge\n|-boost|p2a: Ceruledge|atk|1\n|-boost|p2a: Ceruledge|def|1\n|move|p1a: Incineroar|Darkest Lariat|p2a: Ceruledge\n|-supereffective|p2a: Ceruledge|1\n|-damage|p2a: Ceruledge|22/100\n|\n|-heal|p2a: Ceruledge|29/100|[from] item: Leftovers\n|upkeep\n|turn|3\n|\n|t:|1776675340\n|move|p2a: Ceruledge|Protect|p2a: Ceruledge\n|-singleturn|p2a: Ceruledge|Protect\n|move|p2b: Sableye|Encore|p1b: Aerodactyl\n|-start|p1b: Aerodactyl|Encore\n|cant|p1b: Aerodactyl|Disable|Rock Slide\n|move|p1a: Incineroar|Darkest Lariat|p2a: Ceruledge\n|-activate|p2a: Ceruledge|move: Protect\n|\n|-heal|p2a: Ceruledge|35/100|[from] item: Leftovers\n|upkeep\n|turn|4\n|\n|t:|1776675354\n|switch|p1b: Scizor|Scizor, L50, F|100/100\n|switch|p2b: Incineroar|Incineroar, L50, F|100/100\n|-ability|p2b: Incineroar|Intimidate|boost\n|-unboost|p1a: Incineroar|atk|1\n|-unboost|p1b: Scizor|atk|1\n|move|p2a: Ceruledge|Bulk Up|p2a: Ceruledge\n|-boost|p2a: Ceruledge|atk|1\n|-boost|p2a: Ceruledge|def|1\n|move|p1a: Incineroar|Flare Blitz|p2b: Incineroar\n|-resisted|p2b: Incineroar|1\n|-damage|p2b: Incineroar|88/100\n|-damage|p1a: Incineroar|97/100|[from] Recoil\n|\n|-heal|p2a: Ceruledge|41/100|[from] item: Leftovers\n|upkeep\n|turn|5\n|\n|t:|1776675374\n|switch|p1b: Aerodactyl|Aerodactyl, L50, F|100/100\n|-ability|p1b: Aerodactyl|Unnerve\n|move|p2b: Incineroar|Fake Out|p1a: Incineroar\n|-damage|p1a: Incineroar|87/100\n|move|p2a: Ceruledge|Bitter Blade|p1b: Aerodactyl\n|-resisted|p1b: Aerodactyl|1\n|-damage|p1b: Aerodactyl|51/100\n|-heal|p2a: Ceruledge|62/100|[from] drain|[of] p1b: Aerodactyl\n|cant|p1a: Incineroar|flinch\n|\n|-heal|p2a: Ceruledge|68/100|[from] item: Leftovers\n|-sideend|p2: crazyshit14|Reflect\n|upkeep\n|turn|6\n|\n|t:|1776675392\n|move|p1b: Aerodactyl|Rock Slide|p2a: Ceruledge|[spread] p2a,p2b\n|-supereffective|p2a: Ceruledge|1\n|-supereffective|p2b: Incineroar|1\n|-damage|p2a: Ceruledge|42/100\n|-damage|p2b: Incineroar|40/100\n|move|p2a: Ceruledge|Bulk Up|p2a: Ceruledge\n|-boost|p2a: Ceruledge|atk|1\n|-boost|p2a: Ceruledge|def|1\n|cant|p2b: Incineroar|flinch\n|move|p1a: Incineroar|Parting Shot|p2b: Incineroar\n|-unboost|p2b: Incineroar|atk|1\n|-unboost|p2b: Incineroar|spa|1\n|\n|t:|1776675405\n|switch|p1a: Sinistcha|Sinistcha, L50|100/100|[from] Parting Shot\n|-heal|p1b: Aerodactyl|76/100|[from] ability: Hospitality|[of] p1a: Sinistcha\n|\n|-heal|p2a: Ceruledge|48/100|[from] item: Leftovers\n|upkeep\n|turn|7\n|\n|t:|1776675415\n|switch|p1a: Incineroar|Incineroar, L50, F|87/100\n|-ability|p1a: Incineroar|Intimidate|boost\n|-unboost|p2a: Ceruledge|atk|1\n|-unboost|p2b: Incineroar|atk|1\n|move|p1b: Aerodactyl|Rock Slide|p2b: Incineroar|[spread] p2a,p2b\n|-supereffective|p2a: Ceruledge|1\n|-supereffective|p2b: Incineroar|1\n|-damage|p2a: Ceruledge|28/100\n|-damage|p2b: Incineroar|0 fnt\n|faint|p2b: Incineroar\n|move|p2a: Ceruledge|Bitter Blade|p1a: Incineroar\n|-resisted|p1a: Incineroar|1\n|-damage|p1a: Incineroar|55/100\n|-heal|p2a: Ceruledge|46/100|[from] drain|[of] p1a: Incineroar\n|\n|-heal|p2a: Ceruledge|52/100|[from] item: Leftovers\n|upkeep\n|\n|t:|1776675434\n|switch|p2b: Sableye|Sableye, L50, F|41/100\n|turn|8\n|\n|t:|1776675449\n|move|p2b: Sableye|Reflect|p2b: Sableye\n|-sidestart|p2: crazyshit14|Reflect\n|move|p1b: Aerodactyl|Tailwind|p1b: Aerodactyl\n|-sidestart|p1: cakesgalore3|move: Tailwind\n|move|p1a: Incineroar|Darkest Lariat|p2b: Sableye\n|-damage|p2b: Sableye|4/100\n|move|p2a: Ceruledge|Bulk Up|p2a: Ceruledge\n|-boost|p2a: Ceruledge|atk|1\n|-boost|p2a: Ceruledge|def|1\n|\n|-heal|p2a: Ceruledge|58/100|[from] item: Leftovers\n|upkeep\n|turn|9\n|\n|t:|1776675465\n|move|p2b: Sableye|Encore|p1b: Aerodactyl\n|-start|p1b: Aerodactyl|Encore\n|move|p1b: Aerodactyl|Tailwind||[still]\n|-fail|p1b: Aerodactyl\n|move|p1a: Incineroar|Darkest Lariat|p2a: Ceruledge\n|-supereffective|p2a: Ceruledge|1\n|-damage|p2a: Ceruledge|5/100\n|move|p2a: Ceruledge|Bitter Blade|p1b: Aerodactyl\n|-resisted|p1b: Aerodactyl|1\n|-damage|p1b: Aerodactyl|10/100\n|-heal|p2a: Ceruledge|33/100|[from] drain|[of] p1b: Aerodactyl\n|\n|-heal|p2a: Ceruledge|40/100|[from] item: Leftovers\n|upkeep\n|turn|10\n|\n|t:|1776675499\n|switch|p1b: Sinistcha|Sinistcha, L50|100/100\n|-heal|p1a: Incineroar|80/100|[from] ability: Hospitality|[of] p1b: Sinistcha\n|move|p2b: Sableye|Light Screen|p2b: Sableye\n|-sidestart|p2: crazyshit14|move: Light Screen\n|move|p1a: Incineroar|Parting Shot|p2a: Ceruledge\n|-unboost|p2a: Ceruledge|atk|1\n|-unboost|p2a: Ceruledge|spa|1\n|\n|t:|1776675507\n|switch|p1a: Aerodactyl|Aerodactyl, L50, F|10/100|[from] Parting Shot\n|-ability|p1a: Aerodactyl|Unnerve\n|move|p2a: Ceruledge|Bitter Blade|p1a: Aerodactyl\n|-resisted|p1a: Aerodactyl|1\n|-damage|p1a: Aerodactyl|0 fnt\n|-heal|p2a: Ceruledge|44/100|[from] drain|[of] p1a: Aerodactyl\n|faint|p1a: Aerodactyl\n|\n|-heal|p2a: Ceruledge|50/100|[from] item: Leftovers\n|upkeep\n|\n|t:|1776675515\n|switch|p1a: Incineroar|Incineroar, L50, F|80/100\n|-ability|p1a: Incineroar|Intimidate|boost\n|-unboost|p2a: Ceruledge|atk|1\n|-unboost|p2b: Sableye|atk|1\n|turn|11\n|\n|t:|1776675533\n|switch|p2b: Slowbro|Slowbro, L50, M|100/100\n|move|p1a: Incineroar|Darkest Lariat|p2b: Slowbro\n|-supereffective|p2b: Slowbro|1\n|-enditem|p2b: Slowbro|Colbur Berry|[eat]\n|-enditem|p2b: Slowbro|Colbur Berry|[weaken]\n|-damage|p2b: Slowbro|79/100\n|move|p2a: Ceruledge|Bitter Blade|p1b: Sinistcha\n|-supereffective|p1b: Sinistcha|1\n|-damage|p1b: Sinistcha|23/100\n|-heal|p2a: Ceruledge|88/100|[from] drain|[of] p1b: Sinistcha\n|move|p1b: Sinistcha|Trick Room|p1b: Sinistcha\n|-fieldstart|move: Trick Room|[of] p1b: Sinistcha\n|\n|-heal|p2a: Ceruledge|94/100|[from] item: Leftovers\n|-sideend|p1: cakesgalore3|move: Tailwind\n|upkeep\n|turn|12\n|\n|t:|1776675567\n|move|p1b: Sinistcha|Rage Powder|p1b: Sinistcha\n|-singleturn|p1b: Sinistcha|move: Rage Powder\n|move|p2a: Ceruledge|Shadow Sneak|p1b: Sinistcha\n|-supereffective|p1b: Sinistcha|1\n|-damage|p1b: Sinistcha|0 fnt\n|faint|p1b: Sinistcha\n|move|p1a: Incineroar|Darkest Lariat|p2b: Slowbro\n|-supereffective|p2b: Slowbro|1\n|-damage|p2b: Slowbro|35/100\n|move|p2b: Slowbro|Trick Room|p2b: Slowbro\n|-fieldend|move: Trick Room\n|\n|-heal|p2a: Ceruledge|99/100|[from] item: Leftovers\n|-sideend|p2: crazyshit14|Reflect\n|upkeep\n|\n|t:|1776675578\n|switch|p1b: Scizor|Scizor, L50, F|100/100\n|turn|13\n|\n|t:|1776675588\n|detailschange|p1b: Scizor|Scizor-Mega, L50, F\n|-mega|p1b: Scizor|Scizor|Scizorite\n|move|p2a: Ceruledge|Bulk Up|p2a: Ceruledge\n|-boost|p2a: Ceruledge|atk|1\n|-boost|p2a: Ceruledge|def|1\n|move|p1b: Scizor|Swords Dance|p1b: Scizor\n|-boost|p1b: Scizor|atk|2\n|move|p1a: Incineroar|Darkest Lariat|p2b: Slowbro\n|-supereffective|p2b: Slowbro|1\n|-damage|p2b: Slowbro|0 fnt\n|faint|p2b: Slowbro\n|\n|-heal|p2a: Ceruledge|100/100|[from] item: Leftovers\n|upkeep\n|\n|t:|1776675603\n|switch|p2b: Sableye|Sableye, L50, F|4/100\n|turn|14\n|\n|t:|1776675608\n|move|p1b: Scizor|Protect|p1b: Scizor\n|-singleturn|p1b: Scizor|Protect\n|move|p2b: Sableye|Reflect|p2b: Sableye\n|-sidestart|p2: crazyshit14|Reflect\n|move|p2a: Ceruledge|Bitter Blade|p1b: Scizor\n|-activate|p1b: Scizor|move: Protect\n|move|p1a: Incineroar|Darkest Lariat|p2b: Sableye\n|-damage|p2b: Sableye|0 fnt\n|faint|p2b: Sableye\n|\n|-sideend|p2: crazyshit14|move: Light Screen\n|upkeep\n|turn|15\n|\n|t:|1776675638\n|move|p2a: Ceruledge|Bitter Blade|p1b: Scizor\n|-supereffective|p1b: Scizor|2\n|-damage|p1b: Scizor|0 fnt\n|faint|p1b: Scizor\n|move|p1a: Incineroar|Darkest Lariat|p2a: Ceruledge\n|-supereffective|p2a: Ceruledge|1\n|-damage|p2a: Ceruledge|52/100\n|\n|-heal|p2a: Ceruledge|58/100|[from] item: Leftovers\n|upkeep\n|turn|16\n|\n|t:|1776675648\n|move|p2a: Ceruledge|Bitter Blade|p1a: Incineroar\n|-resisted|p1a: Incineroar|1\n|-damage|p1a: Incineroar|53/100\n|-heal|p2a: Ceruledge|72/100|[from] drain|[of] p1a: Incineroar\n|move|p1a: Incineroar|Darkest Lariat|p2a: Ceruledge\n|-supereffective|p2a: Ceruledge|1\n|-damage|p2a: Ceruledge|19/100\n|\n|-heal|p2a: Ceruledge|25/100|[from] item: Leftovers\n|upkeep\n|turn|17\n|\n|t:|1776675658\n|move|p2a: Ceruledge|Protect|p2a: Ceruledge\n|-singleturn|p2a: Ceruledge|Protect\n|move|p1a: Incineroar|Darkest Lariat|p2a: Ceruledge\n|-activate|p2a: Ceruledge|move: Protect\n|\n|-heal|p2a: Ceruledge|31/100|[from] item: Leftovers\n|upkeep\n|turn|18\n|l|\u2606cakesgalore3\n|player|p1|\n|j|\u2606cakesgalore3\n|player|p1|cakesgalore3|169|\n|\n|t:|1776675684\n|move|p2a: Ceruledge|Bitter Blade|p1a: Incineroar\n|-resisted|p1a: Incineroar|1\n|-damage|p1a: Incineroar|25/100\n|-heal|p2a: Ceruledge|47/100|[from] drain|[of] p1a: Incineroar\n|-enditem|p1a: Incineroar|Sitrus Berry|[eat]\n|-heal|p1a: Incineroar|50/100|[from] item: Sitrus Berry\n|move|p1a: Incineroar|Flare Blitz|p2a: Ceruledge\n|-start|p2a: Ceruledge|ability: Flash Fire\n|\n|-heal|p2a: Ceruledge|53/100|[from] item: Leftovers\n|-sideend|p2: crazyshit14|Reflect\n|upkeep\n|turn|19\n|\n|t:|1776675694\n|move|p2a: Ceruledge|Bitter Blade|p1a: Incineroar\n|-resisted|p1a: Incineroar|1\n|-damage|p1a: Incineroar|8/100\n|-heal|p2a: Ceruledge|77/100|[from] drain|[of] p1a: Incineroar\n|move|p1a: Incineroar|Parting Shot|p2a: Ceruledge\n|-unboost|p2a: Ceruledge|atk|1\n|-unboost|p2a: Ceruledge|spa|1\n|\n|-heal|p2a: Ceruledge|83/100|[from] item: Leftovers\n|upkeep\n|turn|20\n|-message|cakesgalore3 forfeited.\n|\n|win|crazyshit14\n|raw|cakesgalore3's rating: 1437 &rarr; <strong>1415</strong><br />(-22 for losing)\n|raw|crazyshit14's rating: 1400 &rarr; <strong>1422</strong><br />(+22 for winning)\n|l|\u2606cakesgalore3\n|player|p1|\n",
  "uploadtime": 1776675713,
  "views": 13,
  "formatid": "gen9championsvgc2026regma",
  "rating": 1415,
  "private": 0,
  "password": null
}