{
  "id": "gen9championsvgc2026regma-2588713706",
  "format": "[Gen 9 Champions] VGC 2026 Reg M-A",
  "players": [
    "happidoodledoo",
    "It'sJustKen VGC"
  ],
  "log": "|j|\u2606happidoodledoo\n|j|\u2606It'sJustKen VGC\n|html|<table width=\"100%\"><tr><td align=\"left\">happidoodledoo</td><td align=\"right\">It&apos;sJustKen VGC</tr><tr><td align=\"left\"><i class=\"fa fa-circle-o\"></i> <i class=\"fa fa-circle-o\"></i> </td><td align=\"right\"><i class=\"fa fa-circle-o\"></i> <i class=\"fa fa-circle\"></i> </tr></table>\n|uhtml|bestof|<h2><strong>Game 2</strong> of <a href=\"/game-bestof3-gen9championsvgc2026regma-2588710731\">a best-of-3</a></h2>\n|t:|1776660959\n|gametype|doubles\n|player|p1|happidoodledoo|ghetsis|\n|player|p2|It'sJustKen VGC|player-go|\n|gen|9\n|tier|[Gen 9 Champions] VGC 2026 Reg M-A\n|rated|Tournament battle\n|rule|Species Clause: Limit one of each Pok\u00e9mon\n|rule|Item Clause: Limit 1 of each item\n|raw|<div class=\"infobox\"><details class=\"readmore\" open><summary><strong>2 custom rules:</strong></summary> Force Open Team Sheets, Best of = 3</details></div>\n|clearpoke\n|poke|p1|Basculegion, L50, M|\n|poke|p1|Pelipper, L50, F|\n|poke|p1|Archaludon, L50, F|\n|poke|p1|Farigiraf, L50, F|\n|poke|p1|Blastoise, L50, M|\n|poke|p1|Kangaskhan, L50, F|\n|poke|p2|Floette-Eternal, L50, F|\n|poke|p2|Espathra, L50, M|\n|poke|p2|Incineroar, L50, M|\n|poke|p2|Sneasler, L50, M|\n|poke|p2|Basculegion, L50, M|\n|poke|p2|Kingambit, L50, F|\n|teampreview|4\n|showteam|p1|Basculegion||ColburBerry|SwiftSwim|FlipTurn,WaveCrash,LastRespects,Protect|||M|||50|]Pelipper||FocusSash|Drizzle|Tailwind,Hurricane,Protect,WeatherBall|||F|||50|]Archaludon||ChoiceScarf|Sturdy|ElectroShot,FlashCannon,DracoMeteor,DragonPulse|||F|||50|]Farigiraf||SitrusBerry|ArmorTail|TrickRoom,HyperVoice,Psyshock,HelpingHand|||F|||50|]Blastoise||Blastoisinite|RainDish|FakeOut,DarkPulse,WaterSpout,AuraSphere|||M|||50|]Kangaskhan||Kangaskhanite|Scrappy|FakeOut,LowKick,SuckerPunch,DoubleEdge|||F|||50|\n|showteam|p2|Floette-Eternal||Floettite|FlowerVeil|Protect,Moonblast,DazzlingGleam,Substitute|||F|||50|]Espathra||FocusSash|SpeedBoost|Protect,LuminaCrash,HelpingHand,TrickRoom|||M|||50|]Incineroar||SitrusBerry|Intimidate|FakeOut,PartingShot,FlareBlitz,Taunt|||M|||50|]Sneasler||WhiteHerb|Unburden|Protect,DireClaw,CloseCombat,FakeOut|||M|||50|]Basculegion||ChoiceScarf|Adaptability|WaveCrash,FlipTurn,AquaJet,LastRespects|||M|||50|]Kingambit||BlackGlasses|Defiant|Protect,SuckerPunch,SwordsDance,KowtowCleave|||F|||50|\n|inactive|Battle timer is ON: inactive players will automatically lose when time's up. (requested by It'sJustKen VGC)\n|j|@Radio Free C-Side\n|j|%Tb0lt\n|c|\u2606It'sJustKen VGC|glhf\n|j| paldean ice cream\n|j| Ducktile\n|inactive|happidoodledoo has 60 seconds left.\n|j| Teeam Rocket\n|inactive|happidoodledoo has 30 seconds left.\n|c|\u2606It'sJustKen VGC|teeam rocket joined?\n|inactive|happidoodledoo has 20 seconds left.\n|inactive|happidoodledoo has 15 seconds left.\n|\n|t:|1776661039\n|teamsize|p1|4\n|teamsize|p2|4\n|start\n|switch|p1a: Pelipper|Pelipper, L50, F|100/100\n|switch|p1b: Basculegion|Basculegion, L50, M|100/100\n|switch|p2a: Just Dance|Floette-Eternal, L50, F|100/100\n|switch|p2b: Bad Romance|Espathra, L50, M|100/100\n|-weather|RainDance|[from] ability: Drizzle|[of] p1a: Pelipper\n|turn|1\n|c|@Radio Free C-Side|blasting off agaain\n|inactive|happidoodledoo has 30 seconds left.\n|\n|t:|1776661066\n|move|p2a: Just Dance|Protect|p2a: Just Dance\n|-singleturn|p2a: Just Dance|Protect\n|move|p1b: Basculegion|Flip Turn|p2b: Bad Romance\n|-damage|p2b: Bad Romance|33/100\n|j| knoxxzeta\n|\n|t:|1776661072\n|switch|p1b: Archaludon|Archaludon, L50, F|100/100|[from] Flip Turn\n|move|p2b: Bad Romance|Lumina Crash|p1a: Pelipper\n|-damage|p1a: Pelipper|35/100\n|-unboost|p1a: Pelipper|spd|2\n|move|p1a: Pelipper|Weather Ball|p2b: Bad Romance\n|-damage|p2b: Bad Romance|0 fnt\n|faint|p2b: Bad Romance\n|\n|-weather|RainDance|[upkeep]\n|upkeep\n|\n|t:|1776661079\n|switch|p2b: Die With A Smile|Incineroar, L50, M|100/100\n|-ability|p2b: Die With A Smile|Intimidate|boost\n|-unboost|p1a: Pelipper|atk|1\n|-unboost|p1b: Archaludon|atk|1\n|turn|2\n|inactive|happidoodledoo has 30 seconds left.\n|j| boi7264\n|inactive|happidoodledoo has 20 seconds left.\n|j|+Hobbit\n|inactive|happidoodledoo has 15 seconds left.\n|\n|t:|1776661120\n|switch|p1b: Kangaskhan|Kangaskhan, L50, F|100/100\n|detailschange|p2a: Just Dance|Floette-Mega, L50, F\n|-mega|p2a: Just Dance|Floette|Floettite\n|-ability|p2a: Just Dance|Fairy Aura\n|move|p1a: Pelipper|Protect|p1a: Pelipper\n|-singleturn|p1a: Pelipper|Protect\n|move|p2b: Die With A Smile|Fake Out|p1b: Kangaskhan\n|-damage|p1b: Kangaskhan|89/100\n|move|p2a: Just Dance|Moonblast|p1b: Kangaskhan\n|-damage|p1b: Kangaskhan|20/100\n|\n|-weather|RainDance|[upkeep]\n|upkeep\n|turn|3\n|\n|t:|1776661138\n|detailschange|p1b: Kangaskhan|Kangaskhan-Mega, L50, F\n|-mega|p1b: Kangaskhan|Kangaskhan|Kangaskhanite\n|move|p1b: Kangaskhan|Fake Out|p2a: Just Dance\n|-damage|p2a: Just Dance|80/100\n|-damage|p2a: Just Dance|74/100\n|-hitcount|p2a: Just Dance|2\n|cant|p2a: Just Dance|flinch\n|move|p1a: Pelipper|Tailwind|p1a: Pelipper\n|-sidestart|p1: happidoodledoo|move: Tailwind\n|move|p2b: Die With A Smile|Parting Shot|p1b: Kangaskhan\n|-unboost|p1b: Kangaskhan|atk|1\n|-unboost|p1b: Kangaskhan|spa|1\n|\n|t:|1776661141\n|switch|p2b: Poker Face|Sneasler, L50, M|100/100|[from] Parting Shot\n|\n|-weather|RainDance|[upkeep]\n|upkeep\n|turn|4\n|\n|t:|1776661161\n|switch|p2b: Die With A Smile|Incineroar, L50, M|100/100\n|-ability|p2b: Die With A Smile|Intimidate|boost\n|-unboost|p1a: Pelipper|atk|1\n|-unboost|p1b: Kangaskhan|atk|1\n|move|p1a: Pelipper|Protect|p1a: Pelipper\n|-singleturn|p1a: Pelipper|Protect\n|move|p2a: Just Dance|Protect|p2a: Just Dance\n|-singleturn|p2a: Just Dance|Protect\n|move|p1b: Kangaskhan|Double-Edge|p2a: Just Dance\n|-activate|p2a: Just Dance|move: Protect\n|\n|-weather|RainDance|[upkeep]\n|upkeep\n|turn|5\n|l| boi7264\n|inactive|happidoodledoo has 30 seconds left.\n|\n|t:|1776661193\n|switch|p1a: Basculegion|Basculegion, L50, M|100/100\n|move|p2b: Die With A Smile|Fake Out|p1b: Kangaskhan\n|-damage|p1b: Kangaskhan|9/100\n|cant|p1b: Kangaskhan|flinch\n|move|p2a: Just Dance|Dazzling Gleam|p1b: Kangaskhan|[spread] p1a,p1b\n|-crit|p1a: Basculegion\n|-damage|p1a: Basculegion|27/100\n|-damage|p1b: Kangaskhan|0 fnt\n|faint|p1b: Kangaskhan\n|\n|-weather|none\n|upkeep\n|\n|t:|1776661203\n|switch|p1b: Pelipper|Pelipper, L50, F|35/100\n|-weather|RainDance|[from] ability: Drizzle|[of] p1b: Pelipper\n|turn|6\n|\n|t:|1776661212\n|switch|p2b: Poker Face|Sneasler, L50, M|100/100\n|move|p2a: Just Dance|Protect|p2a: Just Dance\n|-singleturn|p2a: Just Dance|Protect\n|move|p1a: Basculegion|Wave Crash|p2a: Just Dance\n|-activate|p2a: Just Dance|move: Protect\n|move|p1b: Pelipper|Weather Ball|p2b: Poker Face\n|-damage|p2b: Poker Face|13/100\n|\n|-weather|RainDance|[upkeep]\n|-sideend|p1: happidoodledoo|move: Tailwind\n|upkeep\n|turn|7\n|l| paldean ice cream\n|inactive|happidoodledoo has 30 seconds left.\n|inactive|happidoodledoo has 20 seconds left.\n|j| boi7264\n|inactive|happidoodledoo has 15 seconds left.\n|inactive|happidoodledoo has 10 seconds left.\n|inactive|happidoodledoo has 5 seconds left.\n|\n|t:|1776661266\n|switch|p2b: Die With A Smile|Incineroar, L50, M|100/100\n|-ability|p2b: Die With A Smile|Intimidate|boost\n|-unboost|p1a: Basculegion|atk|1\n|-unboost|p1b: Pelipper|atk|1\n|move|p1a: Basculegion|Wave Crash|p2a: Just Dance\n|-damage|p2a: Just Dance|9/100\n|-damage|p1a: Basculegion|9/100|[from] Recoil\n|move|p2a: Just Dance|Dazzling Gleam|p1b: Pelipper|[spread] p1a,p1b\n|-damage|p1a: Basculegion|0 fnt\n|-damage|p1b: Pelipper|0 fnt\n|faint|p1a: Basculegion\n|faint|p1b: Pelipper\n|\n|-weather|RainDance|[upkeep]\n|upkeep\n|l|@Radio Free C-Side\n|c|\u2606happidoodledoo|gg\n|c|\u2606It'sJustKen VGC|gg wp\n|\n|t:|1776661281\n|switch|p1b: Archaludon|Archaludon, L50, F|100/100\n|turn|8\n|\n|t:|1776661300\n|move|p2b: Die With A Smile|Fake Out|p1b: Archaludon\n|-resisted|p1b: Archaludon|1\n|-damage|p1b: Archaludon|96/100\n|cant|p1b: Archaludon|flinch\n|move|p2a: Just Dance|Moonblast|p1b: Archaludon\n|-damage|p1b: Archaludon|0 fnt\n|faint|p1b: Archaludon\n|\n|win|It'sJustKen VGC\n|l|\u2606happidoodledoo\n|player|p1|\n",
  "uploadtime": 1776661307,
  "views": 4,
  "formatid": "gen9championsvgc2026regma",
  "rating": null,
  "private": 0,
  "password": null
}