{
  "id": "gen9championsvgc2026regma-2580755059",
  "format": "[Gen 9 Champions] VGC 2026 Reg M-A",
  "players": [
    "TonySopranosWife",
    "grok how do i win?"
  ],
  "log": "|j|\u2606TonySopranosWife\n|j|\u2606grok how do i win?\n|t:|1775929826\n|gametype|doubles\n|player|p1|TonySopranosWife|battlegirl-gen4|1034\n|player|p2|grok how do i win?|2|1118\n|gen|9\n|tier|[Gen 9 Champions] VGC 2026 Reg M-A\n|rated|\n|rule|Species Clause: Limit one of each Pok\u00e9mon\n|rule|Item Clause: Limit 1 of each item\n|clearpoke\n|poke|p1|Arcanine-Hisui, L50, F|\n|poke|p1|Starmie, L50|\n|poke|p1|Sinistcha, L50|\n|poke|p1|Volcarona, L50, M|\n|poke|p1|Farigiraf, L50, F|\n|poke|p1|Kingambit, L50, M|\n|poke|p2|Charizard, L50, M|\n|poke|p2|Venusaur, L50, M|\n|poke|p2|Garchomp, L50, F|\n|poke|p2|Incineroar, L50, F|\n|poke|p2|Whimsicott, L50, M|\n|poke|p2|Raichu, L50, F|\n|teampreview|4\n|\n|t:|1775929850\n|teamsize|p1|4\n|teamsize|p2|4\n|start\n|switch|p1a: Arcanine|Arcanine-Hisui, L50, F|100/100\n|switch|p1b: Starmie|Starmie, L50|100/100\n|switch|p2a: Charizard|Charizard, L50, M, shiny|100/100\n|switch|p2b: Garchomp|Garchomp, L50, F|100/100\n|-ability|p1a: Arcanine|Intimidate|boost\n|-unboost|p2a: Charizard|atk|1\n|-unboost|p2b: Garchomp|atk|1\n|turn|1\n|\n|t:|1775929874\n|switch|p2a: Whimsicott|Whimsicott, L50, M, shiny|100/100\n|switch|p1a: Volcarona|Volcarona, L50, M|100/100\n|detailschange|p1b: Starmie|Starmie-Mega, L50\n|-mega|p1b: Starmie|Starmie|Starminite\n|move|p2b: Garchomp|Protect|p2b: Garchomp\n|-singleturn|p2b: Garchomp|Protect\n|move|p1b: Starmie|Flip Turn|p2a: Whimsicott\n|-resisted|p2a: Whimsicott|1\n|-damage|p2a: Whimsicott|66/100\n|\n|t:|1775929886\n|switch|p1b: Arcanine|Arcanine-Hisui, L50, F|100/100|[from] Flip Turn\n|-ability|p1b: Arcanine|Intimidate|boost\n|-unboost|p2a: Whimsicott|atk|1\n|-unboost|p2b: Garchomp|atk|1\n|\n|upkeep\n|turn|2\n|\n|t:|1775929897\n|switch|p1b: Sinistcha|Sinistcha, L50|100/100\n|move|p2a: Whimsicott|Tailwind|p2a: Whimsicott\n|-sidestart|p2: grok how do i win?|move: Tailwind\n|move|p2b: Garchomp|Rock Slide|p1b: Sinistcha|[spread] p1a,p1b\n|-supereffective|p1a: Volcarona|2\n|-damage|p1a: Volcarona|60/100\n|-damage|p1b: Sinistcha|94/100\n|cant|p1a: Volcarona|flinch\n|\n|upkeep\n|turn|3\n|\n|t:|1775929921\n|move|p2a: Whimsicott|Fake Tears|p1b: Sinistcha\n|-unboost|p1b: Sinistcha|spd|2\n|move|p2b: Garchomp|Rock Slide|p1a: Volcarona|[spread] p1a,p1b\n|-supereffective|p1a: Volcarona|2\n|-damage|p1a: Volcarona|18/100\n|-damage|p1b: Sinistcha|86/100\n|move|p1a: Volcarona|Will-O-Wisp|p2b: Garchomp\n|-status|p2b: Garchomp|brn\n|-enditem|p2b: Garchomp|Lum Berry|[eat]\n|-curestatus|p2b: Garchomp|brn|[msg]\n|move|p1b: Sinistcha|Matcha Gotcha|p2b: Garchomp|[spread] p2a,p2b\n|-resisted|p2a: Whimsicott|1\n|-damage|p2a: Whimsicott|51/100\n|-heal|p1b: Sinistcha|94/100|[from] drain|[of] p2a: Whimsicott\n|-damage|p2b: Garchomp|75/100\n|-heal|p1b: Sinistcha|100/100|[from] drain|[of] p2b: Garchomp\n|-status|p2b: Garchomp|brn\n|\n|-damage|p2b: Garchomp|69/100 brn|[from] brn\n|upkeep\n|turn|4\n|\n|t:|1775929953\n|switch|p1b: Arcanine|Arcanine-Hisui, L50, F|100/100\n|-ability|p1b: Arcanine|Intimidate|boost\n|-unboost|p2a: Whimsicott|atk|1\n|-unboost|p2b: Garchomp|atk|1\n|move|p2a: Whimsicott|Moonblast|p1b: Arcanine\n|-resisted|p1b: Arcanine|1\n|-damage|p1b: Arcanine|85/100\n|move|p2b: Garchomp|Rock Slide|p1a: Volcarona|[spread] p1a\n|-miss|p2b: Garchomp|p1b: Arcanine\n|-supereffective|p1a: Volcarona|2\n|-damage|p1a: Volcarona|3/100\n|cant|p1a: Volcarona|flinch\n|\n|-damage|p2b: Garchomp|63/100 brn|[from] brn\n|upkeep\n|turn|5\n|\n|t:|1775929978\n|move|p2a: Whimsicott|Fake Tears|p1a: Volcarona\n|-unboost|p1a: Volcarona|spd|2\n|move|p2b: Garchomp|Earthquake|p1b: Arcanine|[spread] p2a,p1a,p1b\n|-resisted|p2a: Whimsicott|1\n|-supereffective|p1b: Arcanine|2\n|-damage|p2a: Whimsicott|47/100\n|-damage|p1a: Volcarona|0 fnt\n|-damage|p1b: Arcanine|57/100\n|faint|p1a: Volcarona\n|move|p1b: Arcanine|Flare Blitz|p2a: Whimsicott\n|-supereffective|p2a: Whimsicott|1\n|-damage|p2a: Whimsicott|0 fnt\n|faint|p2a: Whimsicott\n|-damage|p1b: Arcanine|44/100|[from] Recoil\n|\n|-damage|p2b: Garchomp|57/100 brn|[from] brn\n|-sideend|p2: grok how do i win?|move: Tailwind\n|upkeep\n|\n|t:|1775929994\n|switch|p2a: Venusaur|Venusaur, L50, M, shiny|100/100\n|switch|p1a: Starmie|Starmie-Mega, L50|100/100\n|turn|6\n|\n|t:|1775930001\n|move|p2a: Venusaur|Protect|p2a: Venusaur\n|-singleturn|p2a: Venusaur|Protect\n|move|p1a: Starmie|Skill Swap|p1b: Arcanine\n|-activate|p1a: Starmie|Skill Swap|||[of] p1b: Arcanine\n|-ability|p1a: Starmie|Intimidate|boost\n|-unboost|p2a: Venusaur|atk|1\n|-unboost|p2b: Garchomp|atk|1\n|move|p2b: Garchomp|Earthquake|p1b: Arcanine|[spread] p1a,p1b\n|-activate|p2a: Venusaur|move: Protect\n|-supereffective|p1b: Arcanine|2\n|-crit|p1b: Arcanine\n|-damage|p1a: Starmie|93/100\n|-damage|p1b: Arcanine|0 fnt\n|faint|p1b: Arcanine\n|\n|-damage|p2b: Garchomp|51/100 brn|[from] brn\n|upkeep\n|\n|t:|1775930014\n|switch|p1b: Sinistcha|Sinistcha, L50|100/100\n|-heal|p1a: Starmie|100/100|[from] ability: Hospitality|[of] p1b: Sinistcha\n|turn|7\n|-message|TonySopranosWife forfeited.\n|\n|win|grok how do i win?\n|raw|TonySopranosWife's rating: 1034 &rarr; <strong>1022</strong><br />(-12 for losing)\n|raw|grok how do i win?'s rating: 1118 &rarr; <strong>1137</strong><br />(+19 for winning)\n|l|\u2606TonySopranosWife\n|player|p1|\n",
  "uploadtime": 1775930023,
  "views": 9,
  "formatid": "gen9championsvgc2026regma",
  "rating": 1022,
  "private": 0,
  "password": null
}