{
  "id": "gen9championsvgc2026regma-2583822996",
  "format": "[Gen 9 Champions] VGC 2026 Reg M-A",
  "players": [
    "HyruleanTubist",
    "MegaArmarougeWhen"
  ],
  "log": "|j|\u2606HyruleanTubist\n|j|\u2606MegaArmarougeWhen\n|t:|1776200476\n|gametype|doubles\n|player|p1|HyruleanTubist|102|1210\n|player|p2|MegaArmarougeWhen|1|1279\n|gen|9\n|tier|[Gen 9 Champions] VGC 2026 Reg M-A\n|rated|\n|rule|Species Clause: Limit one of each Pok\u00e9mon\n|rule|Item Clause: Limit 1 of each item\n|clearpoke\n|poke|p1|Aggron, L50, M|\n|poke|p1|Sinistcha, L50|\n|poke|p1|Incineroar, L50, F|\n|poke|p1|Pelipper, L50, F|\n|poke|p1|Archaludon, L50, F|\n|poke|p1|Dragonite, L50, M|\n|poke|p2|Aggron, L50, M|\n|poke|p2|Farigiraf, L50, F|\n|poke|p2|Incineroar, L50, F|\n|poke|p2|Tyranitar, L50, F|\n|poke|p2|Sinistcha, L50|\n|poke|p2|Drampa, L50, M|\n|teampreview|4\n|inactive|Battle timer is ON: inactive players will automatically lose when time's up. (requested by HyruleanTubist)\n|inactive|HyruleanTubist has 60 seconds left.\n|\n|t:|1776200535\n|teamsize|p1|4\n|teamsize|p2|4\n|start\n|switch|p1a: Aggron|Aggron, L50, M|100/100\n|switch|p1b: Dragonite|Dragonite, L50, M|100/100\n|switch|p2a: Farigiraf|Farigiraf, L50, F|100/100\n|switch|p2b: Drampa|Drampa, L50, M|100/100\n|-ability|p2b: Drampa|Cloud Nine\n|turn|1\n|\n|t:|1776200556\n|detailschange|p1a: Aggron|Aggron-Mega, L50, M\n|-mega|p1a: Aggron|Aggron|Aggronite\n|move|p2b: Drampa|Protect|p2b: Drampa\n|-singleturn|p2b: Drampa|Protect\n|move|p1b: Dragonite|Draco Meteor|p2b: Drampa\n|-activate|p2b: Drampa|move: Protect\n|move|p2a: Farigiraf|Light Screen|p2a: Farigiraf\n|-sidestart|p2: MegaArmarougeWhen|move: Light Screen\n|move|p1a: Aggron|Iron Defense|p1a: Aggron\n|-boost|p1a: Aggron|def|2\n|\n|upkeep\n|turn|2\n|\n|t:|1776200580\n|switch|p2b: Sinistcha|Sinistcha, L50|100/100\n|move|p1b: Dragonite|Draco Meteor|p2a: Farigiraf\n|-damage|p2a: Farigiraf|63/100\n|-unboost|p1b: Dragonite|spa|2\n|move|p2a: Farigiraf|Psychic|p1a: Aggron\n|-resisted|p1a: Aggron|1\n|-damage|p1a: Aggron|80/100\n|move|p1a: Aggron|Body Press|p2b: Sinistcha\n|-immune|p2b: Sinistcha\n|\n|upkeep\n|turn|3\n|inactive|HyruleanTubist has 30 seconds left.\n|inactive|HyruleanTubist has 20 seconds left.\n|\n|t:|1776200623\n|switch|p1b: Incineroar|Incineroar, L50, F|100/100\n|-ability|p1b: Incineroar|Intimidate|boost\n|-unboost|p2a: Farigiraf|atk|1\n|-unboost|p2b: Sinistcha|atk|1\n|move|p2b: Sinistcha|Life Dew||[still]|[spread] p2a,p2b\n|-heal|p2a: Farigiraf|88/100\n|-fail|p2b: Sinistcha|heal\n|move|p2a: Farigiraf|Psychic|p1a: Aggron\n|-resisted|p1a: Aggron|1\n|-damage|p1a: Aggron|56/100\n|move|p1a: Aggron|Iron Defense|p1a: Aggron\n|-boost|p1a: Aggron|def|2\n|\n|upkeep\n|turn|4\n|\n|t:|1776200643\n|move|p2b: Sinistcha|Rage Powder|p2b: Sinistcha\n|-singleturn|p2b: Sinistcha|move: Rage Powder\n|move|p1b: Incineroar|Flare Blitz|p2b: Sinistcha\n|-supereffective|p2b: Sinistcha|1\n|-damage|p2b: Sinistcha|15/100\n|-damage|p1b: Incineroar|75/100|[from] Recoil\n|move|p2a: Farigiraf|Psychic|p1a: Aggron\n|-resisted|p1a: Aggron|1\n|-damage|p1a: Aggron|36/100\n|move|p1a: Aggron|Body Press|p2b: Sinistcha\n|-immune|p2b: Sinistcha\n|\n|-heal|p2b: Sinistcha|21/100|[from] item: Leftovers\n|upkeep\n|turn|5\n|\n|t:|1776200670\n|move|p2b: Sinistcha|Life Dew|p2b: Sinistcha|[spread] p2a,p2b\n|-heal|p2a: Farigiraf|100/100\n|-heal|p2b: Sinistcha|47/100\n|move|p1b: Incineroar|Flare Blitz|p2b: Sinistcha\n|-supereffective|p2b: Sinistcha|1\n|-damage|p2b: Sinistcha|0 fnt\n|faint|p2b: Sinistcha\n|-damage|p1b: Incineroar|61/100|[from] Recoil\n|move|p2a: Farigiraf|Psychic|p1a: Aggron\n|-resisted|p1a: Aggron|1\n|-damage|p1a: Aggron|14/100\n|move|p1a: Aggron|Body Press|p2a: Farigiraf\n|-damage|p2a: Farigiraf|0 fnt\n|faint|p2a: Farigiraf\n|\n|-sideend|p2: MegaArmarougeWhen|move: Light Screen\n|upkeep\n|\n|t:|1776200681\n|switch|p2b: Drampa|Drampa, L50, M|100/100\n|switch|p2a: Tyranitar|Tyranitar, L50, F|100/100\n|-weather|Sandstorm|[from] ability: Sand Stream|[of] p2a: Tyranitar\n|-ability|p2b: Drampa|Cloud Nine\n|turn|6\n|inactive|HyruleanTubist has 30 seconds left.\n|inactive|HyruleanTubist has 20 seconds left.\n|\n|t:|1776200720\n|detailschange|p2b: Drampa|Drampa-Mega, L50, M\n|-mega|p2b: Drampa|Drampa|Drampanite\n|move|p1a: Aggron|Protect|p1a: Aggron\n|-singleturn|p1a: Aggron|Protect\n|move|p2a: Tyranitar|Rock Slide|p1a: Aggron|[spread] p1b\n|-activate|p1a: Aggron|move: Protect\n|-supereffective|p1b: Incineroar|1\n|-damage|p1b: Incineroar|6/100\n|-enditem|p1b: Incineroar|Sitrus Berry|[eat]\n|-heal|p1b: Incineroar|31/100|[from] item: Sitrus Berry\n|move|p1b: Incineroar|Parting Shot|p2a: Tyranitar\n|-unboost|p2a: Tyranitar|atk|1\n|-unboost|p2a: Tyranitar|spa|1\n|\n|t:|1776200733\n|switch|p1b: Pelipper|Pelipper, L50, F|100/100|[from] Parting Shot\n|-weather|RainDance|[from] ability: Drizzle|[of] p1b: Pelipper\n|move|p2b: Drampa|Earth Power|p1a: Aggron\n|-activate|p1a: Aggron|move: Protect\n|\n|-weather|RainDance|[upkeep]\n|upkeep\n|turn|7\n|\n|t:|1776200751\n|move|p2a: Tyranitar|Rock Slide|p1a: Aggron|[spread] p1a,p1b\n|-resisted|p1a: Aggron|1\n|-supereffective|p1b: Pelipper|1\n|-damage|p1a: Aggron|13/100\n|-damage|p1b: Pelipper|46/100\n|move|p1b: Pelipper|Tailwind|p1b: Pelipper\n|-sidestart|p1: HyruleanTubist|move: Tailwind\n|move|p1a: Aggron|Body Press|p2a: Tyranitar\n|-supereffective|p2a: Tyranitar|2\n|-damage|p2a: Tyranitar|0 fnt\n|faint|p2a: Tyranitar\n|move|p2b: Drampa|Earth Power|p1a: Aggron\n|-supereffective|p1a: Aggron|1\n|-damage|p1a: Aggron|0 fnt\n|faint|p1a: Aggron\n|\n|-weather|RainDance|[upkeep]\n|upkeep\n|\n|t:|1776200770\n|switch|p1a: Dragonite|Dragonite, L50, M|100/100\n|turn|8\n|-message|MegaArmarougeWhen forfeited.\n|\n|win|HyruleanTubist\n|raw|HyruleanTubist's rating: 1210 &rarr; <strong>1240</strong><br />(+30 for winning)\n|raw|MegaArmarougeWhen's rating: 1279 &rarr; <strong>1249</strong><br />(-30 for losing)\n|l|\u2606MegaArmarougeWhen\n|player|p2|\n",
  "uploadtime": 1776200775,
  "views": 33,
  "formatid": "gen9championsvgc2026regma",
  "rating": 1240,
  "private": 0,
  "password": null
}