{
  "id": "gen9championsvgc2026regma-2588543297",
  "format": "[Gen 9 Champions] VGC 2026 Reg M-A",
  "players": [
    "Jeazoal",
    "Hubertbutbetter"
  ],
  "log": "|j|\u2606Jeazoal\n|j|\u2606Hubertbutbetter\n|t:|1776643348\n|gametype|doubles\n|player|p1|Jeazoal|pokemonranger-gen4|1039\n|player|p2|Hubertbutbetter|miku-ghost|1048\n|gen|9\n|tier|[Gen 9 Champions] VGC 2026 Reg M-A\n|rated|\n|rule|Species Clause: Limit one of each Pok\u00e9mon\n|rule|Item Clause: Limit 1 of each item\n|clearpoke\n|poke|p1|Pelipper, L50, F|\n|poke|p1|Basculegion, L50, M|\n|poke|p1|Archaludon, L50, M|\n|poke|p1|Sinistcha, L50|\n|poke|p1|Dragonite, L50, M|\n|poke|p1|Sneasler, L50, M|\n|poke|p2|Excadrill, L50, F|\n|poke|p2|Tyranitar, L50, F|\n|poke|p2|Sinistcha, L50|\n|poke|p2|Aerodactyl, L50, M|\n|poke|p2|Skarmory, L50, F|\n|poke|p2|Raichu, L50, F|\n|teampreview|4\n|\n|t:|1776643403\n|teamsize|p1|4\n|teamsize|p2|4\n|start\n|switch|p1a: Pelipper|Pelipper, L50, F|100/100\n|switch|p1b: Archaludon|Archaludon, L50, M|100/100\n|switch|p2a: Sinistcha|Sinistcha, L50|100/100\n|switch|p2b: Skarmory|Skarmory, L50, F|100/100\n|-weather|RainDance|[from] ability: Drizzle|[of] p1a: Pelipper\n|turn|1\n|\n|t:|1776643437\n|detailschange|p2b: Skarmory|Skarmory-Mega, L50, F\n|-mega|p2b: Skarmory|Skarmory|Skarmorite\n|move|p2a: Sinistcha|Rage Powder|p2a: Sinistcha\n|-singleturn|p2a: Sinistcha|move: Rage Powder\n|move|p2b: Skarmory|Swords Dance|p2b: Skarmory\n|-boost|p2b: Skarmory|atk|2\n|move|p1a: Pelipper|Hurricane|p2a: Sinistcha\n|-supereffective|p2a: Sinistcha|1\n|-damage|p2a: Sinistcha|0 fnt\n|faint|p2a: Sinistcha\n|move|p1b: Archaludon|Flash Cannon|p2b: Skarmory\n|-resisted|p2b: Skarmory|1\n|-damage|p2b: Skarmory|83/100\n|\n|-weather|RainDance|[upkeep]\n|upkeep\n|\n|t:|1776643454\n|switch|p2a: Raichu|Raichu, L50, F|100/100\n|turn|2\n|\n|t:|1776643472\n|move|p1a: Pelipper|Protect|p1a: Pelipper\n|-singleturn|p1a: Pelipper|Protect\n|move|p2a: Raichu|Encore|p1b: Archaludon\n|-start|p1b: Archaludon|Encore\n|move|p2b: Skarmory|Brave Bird|p1b: Archaludon\n|-resisted|p1b: Archaludon|1\n|-damage|p1b: Archaludon|56/100\n|-ability|p1b: Archaludon|Stamina|boost\n|-boost|p1b: Archaludon|def|1\n|-damage|p2b: Skarmory|62/100|[from] Recoil\n|move|p1b: Archaludon|Flash Cannon|p2b: Skarmory\n|-resisted|p2b: Skarmory|1\n|-damage|p2b: Skarmory|44/100\n|\n|-weather|RainDance|[upkeep]\n|-heal|p1b: Archaludon|62/100|[from] item: Leftovers\n|upkeep\n|turn|3\n|\n|t:|1776643498\n|switch|p1b: Sinistcha|Sinistcha, L50|100/100\n|move|p2b: Skarmory|Protect|p2b: Skarmory\n|-singleturn|p2b: Skarmory|Protect\n|move|p1a: Pelipper|Protect|p1a: Pelipper\n|-singleturn|p1a: Pelipper|Protect\n|move|p2a: Raichu|Thunderbolt|p1a: Pelipper\n|-activate|p1a: Pelipper|move: Protect\n|\n|-weather|RainDance|[upkeep]\n|upkeep\n|turn|4\n|\n|t:|1776643543\n|switch|p1a: Archaludon|Archaludon, L50, M|62/100\n|move|p2a: Raichu|Volt Switch|p1a: Archaludon\n|-resisted|p1a: Archaludon|1\n|-damage|p1a: Archaludon|48/100\n|-ability|p1a: Archaludon|Stamina|boost\n|-boost|p1a: Archaludon|def|1\n|\n|t:|1776643551\n|switch|p2a: Tyranitar|Tyranitar, L50, F|100/100|[from] Volt Switch\n|-weather|Sandstorm|[from] ability: Sand Stream|[of] p2a: Tyranitar\n|move|p2b: Skarmory|Brave Bird|p1b: Sinistcha\n|-supereffective|p1b: Sinistcha|1\n|-damage|p1b: Sinistcha|0 fnt\n|faint|p1b: Sinistcha\n|-damage|p2b: Skarmory|3/100|[from] Recoil\n|\n|-weather|Sandstorm|[upkeep]\n|-heal|p1a: Archaludon|54/100|[from] item: Leftovers\n|upkeep\n|\n|t:|1776643577\n|switch|p1b: Pelipper|Pelipper, L50, F|100/100\n|-weather|RainDance|[from] ability: Drizzle|[of] p1b: Pelipper\n|turn|5\n|\n|t:|1776643603\n|move|p1a: Archaludon|Protect|p1a: Archaludon\n|-singleturn|p1a: Archaludon|Protect\n|move|p2a: Tyranitar|Protect|p2a: Tyranitar\n|-singleturn|p2a: Tyranitar|Protect\n|move|p2b: Skarmory|Brave Bird|p1b: Pelipper\n|-enditem|p1b: Pelipper|Focus Sash\n|-damage|p1b: Pelipper|1/100\n|-damage|p2b: Skarmory|0 fnt|[from] Recoil\n|faint|p2b: Skarmory\n|move|p1b: Pelipper|Weather Ball|p2a: Tyranitar\n|-activate|p2a: Tyranitar|move: Protect\n|\n|-weather|RainDance|[upkeep]\n|-heal|p1a: Archaludon|60/100|[from] item: Leftovers\n|upkeep\n|\n|t:|1776643619\n|switch|p2b: Raichu|Raichu, L50, F|100/100\n|turn|6\n|\n|t:|1776643642\n|move|p1b: Pelipper|Protect|p1b: Pelipper\n|-singleturn|p1b: Pelipper|Protect\n|move|p2b: Raichu|Encore|p1a: Archaludon\n|-start|p1a: Archaludon|Encore\n|move|p1a: Archaludon|Protect|p1a: Archaludon\n|-singleturn|p1a: Archaludon|Protect\n|move|p2a: Tyranitar|Rock Slide|p1b: Pelipper|[spread] \n|-activate|p1a: Archaludon|move: Protect\n|-activate|p1b: Pelipper|move: Protect\n|\n|-weather|RainDance|[upkeep]\n|-heal|p1a: Archaludon|66/100|[from] item: Leftovers\n|upkeep\n|turn|7\n|\n|t:|1776643671\n|move|p1a: Archaludon|Protect||[still]\n|-fail|p1a: Archaludon\n|move|p2b: Raichu|Thunderbolt|p1b: Pelipper\n|-supereffective|p1b: Pelipper|2\n|-damage|p1b: Pelipper|0 fnt\n|faint|p1b: Pelipper\n|move|p2a: Tyranitar|Knock Off|p1a: Archaludon\n|-damage|p1a: Archaludon|42/100\n|-ability|p1a: Archaludon|Stamina|boost\n|-boost|p1a: Archaludon|def|1\n|-enditem|p1a: Archaludon|Leftovers|[from] move: Knock Off|[of] p2a: Tyranitar\n|\n|-weather|RainDance|[upkeep]\n|upkeep\n|\n|t:|1776643684\n|switch|p1b: Sneasler|Sneasler, L50, M|100/100\n|turn|8\n|\n|t:|1776643697\n|move|p1a: Archaludon|Protect|p1a: Archaludon\n|-singleturn|p1a: Archaludon|Protect\n|move|p1b: Sneasler|Close Combat|p2a: Tyranitar\n|-supereffective|p2a: Tyranitar|2\n|-enditem|p2a: Tyranitar|Chople Berry|[eat]\n|-enditem|p2a: Tyranitar|Chople Berry|[weaken]\n|-damage|p2a: Tyranitar|5/100\n|-unboost|p1b: Sneasler|def|1\n|-unboost|p1b: Sneasler|spd|1\n|-enditem|p1b: Sneasler|White Herb\n|-clearnegativeboost|p1b: Sneasler|[silent]\n|move|p2b: Raichu|Thunderbolt|p1b: Sneasler\n|-damage|p1b: Sneasler|54/100\n|move|p2a: Tyranitar|High Horsepower|p1b: Sneasler|[miss]\n|-miss|p2a: Tyranitar|p1b: Sneasler\n|\n|-weather|RainDance|[upkeep]\n|-end|p1a: Archaludon|Encore\n|upkeep\n|turn|9\n|\n|t:|1776643733\n|move|p2a: Tyranitar|Protect|p2a: Tyranitar\n|-singleturn|p2a: Tyranitar|Protect\n|move|p1b: Sneasler|Close Combat|p2a: Tyranitar\n|-activate|p2a: Tyranitar|move: Protect\n|move|p2b: Raichu|Thunderbolt|p1b: Sneasler\n|-damage|p1b: Sneasler|3/100\n|move|p1a: Archaludon|Draco Meteor|p2b: Raichu\n|-damage|p2b: Raichu|6/100\n|-unboost|p1a: Archaludon|spa|2\n|\n|-weather|none\n|upkeep\n|turn|10\n|\n|t:|1776643759\n|move|p1b: Sneasler|Close Combat|p2a: Tyranitar\n|-supereffective|p2a: Tyranitar|2\n|-damage|p2a: Tyranitar|0 fnt\n|-unboost|p1b: Sneasler|def|1\n|-unboost|p1b: Sneasler|spd|1\n|faint|p2a: Tyranitar\n|move|p2b: Raichu|Thunderbolt|p1b: Sneasler\n|-damage|p1b: Sneasler|0 fnt\n|faint|p1b: Sneasler\n|move|p1a: Archaludon|Flash Cannon|p2b: Raichu\n|-resisted|p2b: Raichu|1\n|-damage|p2b: Raichu|0 fnt\n|faint|p2b: Raichu\n|\n|win|Jeazoal\n|raw|Jeazoal's rating: 1039 &rarr; <strong>1074</strong><br />(+35 for winning)\n|raw|Hubertbutbetter's rating: 1048 &rarr; <strong>1030</strong><br />(-18 for losing)\n|l|\u2606Hubertbutbetter\n|player|p2|\n",
  "uploadtime": 1776643784,
  "views": 8,
  "formatid": "gen9championsvgc2026regma",
  "rating": 1030,
  "private": 0,
  "password": null
}