{
  "id": "gen9championsvgc2026regma-2582285582",
  "format": "[Gen 9 Champions] VGC 2026 Reg M-A",
  "players": [
    "aakw0",
    "noslen9385"
  ],
  "log": "|j|\u2606aakw0\n|j|\u2606noslen9385\n|t:|1776079825\n|gametype|doubles\n|player|p1|aakw0|nurse|1000\n|player|p2|noslen9385|clerk-boss|1053\n|gen|9\n|tier|[Gen 9 Champions] VGC 2026 Reg M-A\n|rated|\n|rule|Species Clause: Limit one of each Pok\u00e9mon\n|rule|Item Clause: Limit 1 of each item\n|clearpoke\n|poke|p1|Dragonite, L50, F|\n|poke|p1|Tsareena, L50, F|\n|poke|p1|Klefki, L50, M|\n|poke|p1|Maushold-Four, L50|\n|poke|p2|Charizard, L50, F|\n|poke|p2|Incineroar, L50, F|\n|poke|p2|Rotom-Wash, L50|\n|poke|p2|Sneasler, L50, F|\n|poke|p2|Sinistcha, L50|\n|poke|p2|Whimsicott, L50, M|\n|teampreview|4\n|inactive|Battle timer is ON: inactive players will automatically lose when time's up. (requested by noslen9385)\n|\n|t:|1776079836\n|teamsize|p1|4\n|teamsize|p2|4\n|start\n|switch|p1a: Dragonite|Dragonite, L50, F, shiny|100/100\n|switch|p1b: Tsareena|Tsareena, L50, F, shiny|100/100\n|switch|p2a: Charizard|Charizard, L50, F|100/100\n|switch|p2b: Whimsicott|Whimsicott, L50, M|100/100\n|turn|1\n|\n|t:|1776079856\n|detailschange|p2a: Charizard|Charizard-Mega-X, L50, F\n|-mega|p2a: Charizard|Charizard|Charizardite X\n|detailschange|p1a: Dragonite|Dragonite-Mega, L50, F, shiny\n|-mega|p1a: Dragonite|Dragonite|Dragoninite\n|move|p2b: Whimsicott|Tailwind|p2b: Whimsicott\n|-sidestart|p2: noslen9385|move: Tailwind\n|move|p2a: Charizard|Dragon Dance|p2a: Charizard\n|-boost|p2a: Charizard|atk|1\n|-boost|p2a: Charizard|spe|1\n|move|p1a: Dragonite|Scale Shot|p2a: Charizard\n|-supereffective|p2a: Charizard|1\n|-damage|p2a: Charizard|76/100\n|-supereffective|p2a: Charizard|1\n|-damage|p2a: Charizard|47/100\n|-supereffective|p2a: Charizard|1\n|-damage|p2a: Charizard|19/100\n|-hitcount|p2a: Charizard|3\n|-unboost|p1a: Dragonite|def|1\n|-boost|p1a: Dragonite|spe|1\n|move|p1b: Tsareena|Sweet Scent|p2b: Whimsicott|[spread] p2a,p2b\n|-unboost|p2a: Charizard|evasion|2\n|-unboost|p2b: Whimsicott|evasion|2\n|\n|upkeep\n|turn|2\n|inactive|aakw0 has 30 seconds left.\n|inactive|noslen9385 has 30 seconds left.\n|\n|t:|1776079882\n|switch|p2b: Sinistcha|Sinistcha, L50|100/100\n|-heal|p2a: Charizard|43/100|[from] ability: Hospitality|[of] p2b: Sinistcha\n|move|p2a: Charizard|Flare Blitz|p1b: Tsareena\n|-supereffective|p1b: Tsareena|1\n|-enditem|p1b: Tsareena|Focus Sash\n|-damage|p1b: Tsareena|1/100\n|-damage|p2a: Charizard|12/100|[from] Recoil\n|move|p1a: Dragonite|Tailwind|p1a: Dragonite\n|-sidestart|p1: aakw0|move: Tailwind\n|move|p1b: Tsareena|High Jump Kick|p2a: Charizard\n|-damage|p2a: Charizard|0 fnt\n|faint|p2a: Charizard\n|\n|upkeep\n|\n|t:|1776079886\n|switch|p2a: Incineroar|Incineroar, L50, F, shiny|100/100\n|-ability|p2a: Incineroar|Intimidate|boost\n|-unboost|p1a: Dragonite|atk|1\n|-unboost|p1b: Tsareena|atk|1\n|turn|3\n|\n|t:|1776079903\n|move|p2a: Incineroar|Fake Out||[still]\n|cant|p1b: Tsareena|ability: Queenly Majesty|Fake Out|[of] p2a: Incineroar\n|move|p1a: Dragonite|Fire Punch|p2b: Sinistcha\n|-supereffective|p2b: Sinistcha|1\n|-damage|p2b: Sinistcha|71/100\n|move|p1b: Tsareena|High Jump Kick|p2a: Incineroar\n|-supereffective|p2a: Incineroar|1\n|-enditem|p2a: Incineroar|Chople Berry|[eat]\n|-enditem|p2a: Incineroar|Chople Berry|[weaken]\n|-damage|p2a: Incineroar|75/100\n|move|p2b: Sinistcha|Matcha Gotcha|p1b: Tsareena|[spread] p1a,p1b\n|-resisted|p1a: Dragonite|2\n|-resisted|p1b: Tsareena|1\n|-damage|p1a: Dragonite|97/100\n|-heal|p2b: Sinistcha|73/100|[from] drain|[of] p1a: Dragonite\n|-damage|p1b: Tsareena|0 fnt\n|-heal|p2b: Sinistcha|74/100|[from] drain|[of] p1b: Tsareena\n|-status|p1a: Dragonite|brn\n|faint|p1b: Tsareena\n|\n|-heal|p2b: Sinistcha|80/100|[from] item: Leftovers\n|-damage|p1a: Dragonite|91/100 brn|[from] brn\n|upkeep\n|inactive|aakw0 has 30 seconds left.\n|inactive|aakw0 has 20 seconds left.\n|inactive|aakw0 has 15 seconds left.\n|inactive|aakw0 has 10 seconds left.\n|inactive|aakw0 has 5 seconds left.\n|\n|t:|1776079958\n|switch|p1b: Klefki|Klefki, L50, M, shiny|100/100\n|turn|4\n|inactive|aakw0 has 30 seconds left.\n|inactive|aakw0 has 20 seconds left.\n|inactive|aakw0 has 15 seconds left.\n|inactive|aakw0 has 10 seconds left.\n|inactive|aakw0 has 5 seconds left.\n|\n|t:|1776080014\n|move|p1b: Klefki|Calm Mind|p1b: Klefki\n|-boost|p1b: Klefki|spa|1\n|-boost|p1b: Klefki|spd|1\n|move|p1a: Dragonite|Scale Shot|p2b: Sinistcha\n|-damage|p2b: Sinistcha|76/100\n|-damage|p2b: Sinistcha|72/100\n|-hitcount|p2b: Sinistcha|2\n|-unboost|p1a: Dragonite|def|1\n|-boost|p1a: Dragonite|spe|1\n|move|p2b: Sinistcha|Giga Drain|p1a: Dragonite\n|-resisted|p1a: Dragonite|2\n|-damage|p1a: Dragonite|81/100 brn\n|-heal|p2b: Sinistcha|77/100|[from] drain|[of] p1a: Dragonite\n|move|p2a: Incineroar|Flare Blitz|p1b: Klefki\n|-supereffective|p1b: Klefki|1\n|-damage|p1b: Klefki|0 fnt\n|faint|p1b: Klefki\n|-damage|p2a: Incineroar|53/100|[from] Recoil\n|\n|-heal|p2b: Sinistcha|83/100|[from] item: Leftovers\n|-damage|p1a: Dragonite|75/100 brn|[from] brn\n|-sideend|p2: noslen9385|move: Tailwind\n|upkeep\n|inactive|aakw0 has 30 seconds left.\n|inactive|aakw0 has 20 seconds left.\n|inactive|aakw0 has 15 seconds left.\n|inactive|aakw0 has 10 seconds left.\n|inactive|aakw0 has 5 seconds left.\n|\n|t:|1776080069\n|switch|p1b: Maushold|Maushold-Four, L50, shiny|100/100\n|turn|5\n|inactive|aakw0 has 30 seconds left.\n|inactive|aakw0 has 20 seconds left.\n|inactive|aakw0 has 15 seconds left.\n|inactive|aakw0 has 10 seconds left.\n|inactive|aakw0 has 5 seconds left.\n|\n|t:|1776080124\n|move|p1b: Maushold|Follow Me|p1b: Maushold\n|-singleturn|p1b: Maushold|move: Follow Me\n|move|p2b: Sinistcha|Rage Powder|p2b: Sinistcha\n|-singleturn|p2b: Sinistcha|move: Rage Powder\n|move|p1a: Dragonite|Scale Shot|p2b: Sinistcha\n|-damage|p2b: Sinistcha|80/100\n|-damage|p2b: Sinistcha|76/100\n|-hitcount|p2b: Sinistcha|2\n|-unboost|p1a: Dragonite|def|1\n|-boost|p1a: Dragonite|spe|1\n|move|p2a: Incineroar|Flare Blitz|p1b: Maushold\n|-damage|p1b: Maushold|4/100\n|-damage|p2a: Incineroar|29/100|[from] Recoil\n|\n|-heal|p2b: Sinistcha|82/100|[from] item: Leftovers\n|-damage|p1a: Dragonite|70/100 brn|[from] brn\n|-sideend|p1: aakw0|move: Tailwind\n|upkeep\n|turn|6\n|inactive|aakw0 has 30 seconds left.\n|inactive|aakw0 has 20 seconds left.\n|inactive|aakw0 has 15 seconds left.\n|inactive|aakw0 has 10 seconds left.\n|inactive|aakw0 has 5 seconds left.\n|\n|t:|1776080179\n|move|p1b: Maushold|Follow Me|p1b: Maushold\n|-singleturn|p1b: Maushold|move: Follow Me\n|move|p2b: Sinistcha|Rage Powder|p2b: Sinistcha\n|-singleturn|p2b: Sinistcha|move: Rage Powder\n|move|p1a: Dragonite|Scale Shot|p2b: Sinistcha\n|-damage|p2b: Sinistcha|78/100\n|-damage|p2b: Sinistcha|74/100\n|-hitcount|p2b: Sinistcha|2\n|-unboost|p1a: Dragonite|def|1\n|-boost|p1a: Dragonite|spe|1\n|move|p2a: Incineroar|Flare Blitz|p1b: Maushold\n|-damage|p1b: Maushold|0 fnt\n|faint|p1b: Maushold\n|-damage|p2a: Incineroar|28/100|[from] Recoil\n|\n|-heal|p2b: Sinistcha|80/100|[from] item: Leftovers\n|-damage|p1a: Dragonite|64/100 brn|[from] brn\n|upkeep\n|turn|7\n|inactive|aakw0 has 30 seconds left.\n|inactive|noslen9385 has 30 seconds left.\n|inactive|aakw0 has 20 seconds left.\n|inactive|noslen9385 has 20 seconds left.\n|inactive|aakw0 has 15 seconds left.\n|inactive|aakw0 has 10 seconds left.\n|inactive|aakw0 has 5 seconds left.\n|\n|t:|1776080234\n|move|p1a: Dragonite|Scale Shot|p2b: Sinistcha\n|-damage|p2b: Sinistcha|76/100\n|-damage|p2b: Sinistcha|73/100\n|-damage|p2b: Sinistcha|69/100\n|-damage|p2b: Sinistcha|65/100\n|-hitcount|p2b: Sinistcha|4\n|-unboost|p1a: Dragonite|def|1\n|-boost|p1a: Dragonite|spe|1\n|move|p2b: Sinistcha|Giga Drain|p1a: Dragonite\n|-resisted|p1a: Dragonite|2\n|-damage|p1a: Dragonite|55/100 brn\n|-heal|p2b: Sinistcha|69/100|[from] drain|[of] p1a: Dragonite\n|move|p2a: Incineroar|Darkest Lariat|p1a: Dragonite\n|-damage|p1a: Dragonite|9/100 brn\n|\n|-heal|p2b: Sinistcha|75/100|[from] item: Leftovers\n|-damage|p1a: Dragonite|3/100 brn|[from] brn\n|upkeep\n|turn|8\n|inactive|aakw0 has 30 seconds left this turn.\n|inactive|aakw0 has 20 seconds left.\n|inactive|aakw0 has 15 seconds left.\n|inactive|aakw0 has 10 seconds left.\n|inactive|aakw0 has 5 seconds left.\n|-message|aakw0 lost due to inactivity.\n|\n|win|noslen9385\n|raw|aakw0's rating: 1000 &rarr; <strong>1000</strong><br />(+0 for losing)\n|raw|noslen9385's rating: 1053 &rarr; <strong>1080</strong><br />(+27 for winning)\n|l|\u2606noslen9385\n|player|p2|\n",
  "uploadtime": 1776081952,
  "views": 20,
  "formatid": "gen9championsvgc2026regma",
  "rating": 1000,
  "private": 0,
  "password": null
}