{
  "id": "gen9championsvgc2026regma-2586143780",
  "format": "[Gen 9 Champions] VGC 2026 Reg M-A",
  "players": [
    "MindOverMeta",
    "Cygis11"
  ],
  "log": "|j|\u2606MindOverMeta\n|j|\u2606Cygis11\n|t:|1776404499\n|gametype|doubles\n|player|p1|MindOverMeta|266|1042\n|player|p2|Cygis11|lisia|1083\n|gen|9\n|tier|[Gen 9 Champions] VGC 2026 Reg M-A\n|rated|\n|rule|Species Clause: Limit one of each Pok\u00e9mon\n|rule|Item Clause: Limit 1 of each item\n|clearpoke\n|poke|p1|Lucario, L50, F|\n|poke|p1|Garchomp, L50, F|\n|poke|p1|Talonflame, L50, F|\n|poke|p1|Incineroar, L50, M|\n|poke|p1|Tyranitar, L50, M|\n|poke|p1|Aegislash, L50, F|\n|poke|p2|Froslass, L50, F|\n|poke|p2|Rotom-Frost, L50|\n|poke|p2|Aerodactyl, L50, F|\n|poke|p2|Aggron, L50, M|\n|poke|p2|Volcarona, L50, F|\n|poke|p2|Samurott-Hisui, L50, M|\n|teampreview|4\n|inactive|Battle timer is ON: inactive players will automatically lose when time's up. (requested by Cygis11)\n|\n|t:|1776404537\n|teamsize|p1|4\n|teamsize|p2|4\n|start\n|switch|p1a: Incineroar|Incineroar, L50, M|100/100\n|switch|p1b: Lucario|Lucario, L50, F|100/100\n|switch|p2a: Aerodactyl|Aerodactyl, L50, F, shiny|100/100\n|switch|p2b: Samurott|Samurott-Hisui, L50, M, shiny|100/100\n|-ability|p2a: Aerodactyl|Unnerve\n|-ability|p1a: Incineroar|Intimidate|boost\n|-unboost|p2a: Aerodactyl|atk|1\n|-unboost|p2b: Samurott|atk|1\n|turn|1\n|\n|t:|1776404562\n|detailschange|p1b: Lucario|Lucario-Mega, L50, F\n|-mega|p1b: Lucario|Lucario|Lucarionite\n|move|p2a: Aerodactyl|Protect|p2a: Aerodactyl\n|-singleturn|p2a: Aerodactyl|Protect\n|move|p1b: Lucario|Bullet Punch|p2a: Aerodactyl\n|-activate|p2a: Aerodactyl|move: Protect\n|move|p2b: Samurott|Sacred Sword|p1b: Lucario\n|-supereffective|p1b: Lucario|1\n|-damage|p1b: Lucario|18/100\n|move|p1a: Incineroar|Darkest Lariat|p2b: Samurott\n|-resisted|p2b: Samurott|1\n|-damage|p2b: Samurott|78/100\n|\n|upkeep\n|turn|2\n|\n|t:|1776404582\n|move|p1b: Lucario|Protect|p1b: Lucario\n|-singleturn|p1b: Lucario|Protect\n|move|p2b: Samurott|Sacred Sword|p1b: Lucario\n|-activate|p1b: Lucario|move: Protect\n|move|p2a: Aerodactyl|Rock Slide|p1b: Lucario|[spread] p1a\n|-activate|p1b: Lucario|move: Protect\n|-supereffective|p1a: Incineroar|1\n|-damage|p1a: Incineroar|72/100\n|cant|p1a: Incineroar|flinch\n|\n|upkeep\n|turn|3\n|\n|t:|1776404600\n|switch|p1b: Aegislash|Aegislash, L50, F|100/100\n|move|p2a: Aerodactyl|Protect|p2a: Aerodactyl\n|-singleturn|p2a: Aerodactyl|Protect\n|move|p2b: Samurott|Sacred Sword|p1b: Aegislash\n|-immune|p1b: Aegislash\n|move|p1a: Incineroar|Will-O-Wisp|p2b: Samurott|[miss]\n|-miss|p1a: Incineroar|p2b: Samurott\n|\n|upkeep\n|turn|4\n|\n|t:|1776404620\n|switch|p2b: Volcarona|Volcarona, L50, F, shiny|100/100\n|move|p1b: Aegislash|Protect|p1b: Aegislash\n|-singleturn|p1b: Aegislash|Protect\n|move|p2a: Aerodactyl|Tailwind|p2a: Aerodactyl\n|-sidestart|p2: Cygis11|move: Tailwind\n|move|p1a: Incineroar|Will-O-Wisp|p2b: Volcarona\n|-immune|p2b: Volcarona\n|\n|upkeep\n|turn|5\n|\n|t:|1776404638\n|move|p2b: Volcarona|Rage Powder|p2b: Volcarona\n|-singleturn|p2b: Volcarona|move: Rage Powder\n|move|p2a: Aerodactyl|Rock Slide|p1a: Incineroar|[spread] p1a,p1b\n|-supereffective|p1a: Incineroar|1\n|-resisted|p1b: Aegislash|1\n|-damage|p1a: Incineroar|45/100\n|-damage|p1b: Aegislash|93/100\n|-formechange|p1b: Aegislash|Aegislash-Blade|\n|move|p1b: Aegislash|Iron Head|p2b: Volcarona\n|-resisted|p2b: Volcarona|1\n|-damage|p2b: Volcarona|71/100\n|cant|p1a: Incineroar|flinch\n|\n|-heal|p2b: Volcarona|78/100|[from] item: Leftovers\n|-heal|p1b: Aegislash|99/100|[from] item: Leftovers\n|upkeep\n|turn|6\n|\n|t:|1776404657\n|move|p1b: Aegislash|Protect|p1b: Aegislash\n|-singleturn|p1b: Aegislash|Protect\n|move|p2a: Aerodactyl|Rock Slide|p1b: Aegislash|[spread] p1a\n|-activate|p1b: Aegislash|move: Protect\n|-supereffective|p1a: Incineroar|1\n|-damage|p1a: Incineroar|15/100\n|move|p2b: Volcarona|Quiver Dance|p2b: Volcarona\n|-boost|p2b: Volcarona|spa|1\n|-boost|p2b: Volcarona|spd|1\n|-boost|p2b: Volcarona|spe|1\n|move|p1a: Incineroar|Flare Blitz|p2b: Volcarona\n|-damage|p2b: Volcarona|12/100\n|-damage|p1a: Incineroar|0 fnt|[from] Recoil\n|faint|p1a: Incineroar\n|\n|-heal|p2b: Volcarona|18/100|[from] item: Leftovers\n|-heal|p1b: Aegislash|100/100|[from] item: Leftovers\n|upkeep\n|\n|t:|1776404668\n|switch|p1a: Tyranitar|Tyranitar, L50, M|100/100\n|-weather|Sandstorm|[from] ability: Sand Stream|[of] p1a: Tyranitar\n|turn|7\n|\n|t:|1776404677\n|move|p2a: Aerodactyl|Rock Slide|p1b: Aegislash|[spread] p1a,p1b\n|-resisted|p1b: Aegislash|1\n|-damage|p1a: Tyranitar|85/100\n|-damage|p1b: Aegislash|85/100\n|move|p2b: Volcarona|Heat Wave|p1b: Aegislash|[spread] p1a,p1b\n|-resisted|p1a: Tyranitar|1\n|-supereffective|p1b: Aegislash|1\n|-damage|p1a: Tyranitar|64/100\n|-damage|p1b: Aegislash|0 fnt\n|faint|p1b: Aegislash\n|cant|p1a: Tyranitar|flinch\n|\n|-weather|Sandstorm|[upkeep]\n|-damage|p2b: Volcarona|12/100|[from] Sandstorm\n|-heal|p2b: Volcarona|18/100|[from] item: Leftovers\n|-sideend|p2: Cygis11|move: Tailwind\n|upkeep\n|\n|t:|1776404681\n|switch|p1b: Lucario|Lucario-Mega, L50, F|18/100\n|turn|8\n|\n|t:|1776404694\n|move|p2b: Volcarona|Protect|p2b: Volcarona\n|-singleturn|p2b: Volcarona|Protect\n|move|p1b: Lucario|Protect|p1b: Lucario\n|-singleturn|p1b: Lucario|Protect\n|move|p2a: Aerodactyl|Rock Slide|p1b: Lucario|[spread] p1a\n|-activate|p1b: Lucario|move: Protect\n|-damage|p1a: Tyranitar|47/100\n|move|p1a: Tyranitar|Rock Slide|p2a: Aerodactyl|[spread] \n|-activate|p2b: Volcarona|move: Protect\n|-miss|p1a: Tyranitar|p2a: Aerodactyl\n|\n|-weather|Sandstorm|[upkeep]\n|-damage|p2b: Volcarona|12/100|[from] Sandstorm\n|-heal|p2b: Volcarona|18/100|[from] item: Leftovers\n|upkeep\n|turn|9\n|\n|t:|1776404711\n|move|p1b: Lucario|Bullet Punch|p2a: Aerodactyl\n|-supereffective|p2a: Aerodactyl|1\n|-damage|p2a: Aerodactyl|9/100\n|move|p2a: Aerodactyl|Rock Slide|p1a: Tyranitar|[spread] p1a,p1b\n|-resisted|p1b: Lucario|2\n|-damage|p1a: Tyranitar|30/100\n|-damage|p1b: Lucario|12/100\n|move|p1a: Tyranitar|Rock Slide|p2a: Aerodactyl|[spread] p2a,p2b\n|-supereffective|p2a: Aerodactyl|1\n|-supereffective|p2b: Volcarona|2\n|-damage|p2a: Aerodactyl|0 fnt\n|-damage|p2b: Volcarona|0 fnt\n|faint|p2a: Aerodactyl\n|faint|p2b: Volcarona\n|\n|-weather|Sandstorm|[upkeep]\n|upkeep\n|\n|t:|1776404731\n|switch|p2a: Aggron|Aggron, L50, M, shiny|100/100\n|switch|p2b: Samurott|Samurott-Hisui, L50, M, shiny|78/100\n|turn|10\n|\n|t:|1776404742\n|detailschange|p2a: Aggron|Aggron-Mega, L50, M, shiny\n|-mega|p2a: Aggron|Aggron|Aggronite\n|move|p2b: Samurott|Aqua Cutter|p1b: Lucario\n|-crit|p1b: Lucario\n|-damage|p1b: Lucario|0 fnt\n|faint|p1b: Lucario\n|move|p1a: Tyranitar|Rock Slide|p2a: Aggron|[spread] p2a,p2b\n|-resisted|p2a: Aggron|1\n|-damage|p2a: Aggron|94/100\n|-damage|p2b: Samurott|37/100\n|cant|p2a: Aggron|flinch\n|\n|-weather|Sandstorm|[upkeep]\n|-damage|p2b: Samurott|31/100|[from] Sandstorm\n|upkeep\n|turn|11\n|-message|MindOverMeta forfeited.\n|\n|win|Cygis11\n|raw|MindOverMeta's rating: 1042 &rarr; <strong>1028</strong><br />(-14 for losing)\n|raw|Cygis11's rating: 1083 &rarr; <strong>1107</strong><br />(+24 for winning)\n",
  "uploadtime": 1776404752,
  "views": 17,
  "formatid": "gen9championsvgc2026regma",
  "rating": 1028,
  "private": 0,
  "password": null
}