{
  "id": "gen9championsvgc2026regma-2586770409",
  "format": "[Gen 9 Champions] VGC 2026 Reg M-A",
  "players": [
    "raimeki",
    "areestoo"
  ],
  "log": "|j|\u2606raimeki\n|j|\u2606areestoo\n|t:|1776458544\n|gametype|doubles\n|player|p1|raimeki|hilbert-wonderlauncher|1163\n|player|p2|areestoo|101|1203\n|gen|9\n|tier|[Gen 9 Champions] VGC 2026 Reg M-A\n|rated|\n|rule|Species Clause: Limit one of each Pok\u00e9mon\n|rule|Item Clause: Limit 1 of each item\n|clearpoke\n|poke|p1|Tyranitar, L50, F|\n|poke|p1|Corviknight, L50, F|\n|poke|p1|Torkoal, L50, F|\n|poke|p1|Slowbro, L50, M|\n|poke|p1|Tinkaton, L50, F|\n|poke|p1|Sinistcha, L50|\n|poke|p2|Incineroar, L50, F|\n|poke|p2|Farigiraf, L50, M|\n|poke|p2|Torkoal, L50, F|\n|poke|p2|Scovillain, L50, M|\n|poke|p2|Hatterene, L50, F|\n|poke|p2|Crabominable, L50, F|\n|teampreview|4\n|inactive|Battle timer is ON: inactive players will automatically lose when time's up. (requested by areestoo)\n|inactive|areestoo has 60 seconds left.\n|\n|t:|1776458585\n|teamsize|p1|4\n|teamsize|p2|4\n|start\n|switch|p1a: Corviknight|Corviknight, L50, F|100/100\n|switch|p1b: Tinkaton|Tinkaton, L50, F|100/100\n|switch|p2a: Farigiraf|Farigiraf, L50, M|100/100\n|switch|p2b: Scovillain|Scovillain, L50, M|100/100\n|-ability|p1b: Tinkaton|Mold Breaker\n|turn|1\n|\n|t:|1776458598\n|detailschange|p2b: Scovillain|Scovillain-Mega, L50, M\n|-mega|p2b: Scovillain|Scovillain|Scovillainite\n|move|p2b: Scovillain|Overheat|p1b: Tinkaton\n|-supereffective|p1b: Tinkaton|1\n|-damage|p1b: Tinkaton|0 fnt\n|-unboost|p2b: Scovillain|spa|2\n|faint|p1b: Tinkaton\n|move|p1a: Corviknight|Brave Bird|p2b: Scovillain\n|-supereffective|p2b: Scovillain|1\n|-damage|p2b: Scovillain|2/100\n|-status|p1a: Corviknight|brn|[from] ability: Spicy Spray|[of] p2b: Scovillain\n|-damage|p1a: Corviknight|71/100 brn|[from] Recoil\n|move|p2a: Farigiraf|Trick Room|p2a: Farigiraf\n|-fieldstart|move: Trick Room|[of] p2a: Farigiraf\n|\n|-damage|p1a: Corviknight|65/100 brn|[from] brn\n|upkeep\n|\n|t:|1776458613\n|switch|p1b: Tyranitar|Tyranitar, L50, F|100/100\n|-weather|Sandstorm|[from] ability: Sand Stream|[of] p1b: Tyranitar\n|turn|2\n|\n|t:|1776458627\n|switch|p2b: Incineroar|Incineroar, L50, F|100/100\n|-ability|p2b: Incineroar|Intimidate|boost\n|-ability|p1a: Corviknight|Mirror Armor\n|-unboost|p2b: Incineroar|atk|1\n|-unboost|p1b: Tyranitar|atk|1\n|-enditem|p2b: Incineroar|White Herb\n|-clearnegativeboost|p2b: Incineroar|[silent]\n|move|p1a: Corviknight|Protect|p1a: Corviknight\n|-singleturn|p1a: Corviknight|Protect\n|move|p2a: Farigiraf|Nasty Plot|p2a: Farigiraf\n|-boost|p2a: Farigiraf|spa|2\n|move|p1b: Tyranitar|Knock Off|p2a: Farigiraf\n|-supereffective|p2a: Farigiraf|1\n|-damage|p2a: Farigiraf|37/100\n|-enditem|p2a: Farigiraf|Mental Herb|[from] move: Knock Off|[of] p1b: Tyranitar\n|\n|-weather|Sandstorm|[upkeep]\n|-damage|p2b: Incineroar|95/100|[from] Sandstorm\n|-damage|p2a: Farigiraf|31/100|[from] Sandstorm\n|-damage|p1a: Corviknight|59/100 brn|[from] brn\n|upkeep\n|turn|3\n|inactive|raimeki has 30 seconds left.\n|inactive|areestoo has 30 seconds left.\n|\n|t:|1776458659\n|switch|p1a: Sinistcha|Sinistcha, L50|100/100\n|move|p2a: Farigiraf|Hyper Voice|p1a: Sinistcha|[spread] p1b\n|-immune|p1a: Sinistcha\n|-resisted|p1b: Tyranitar|1\n|-damage|p1b: Tyranitar|81/100\n|move|p2b: Incineroar|Close Combat|p1b: Tyranitar\n|-supereffective|p1b: Tyranitar|2\n|-damage|p1b: Tyranitar|0 fnt\n|-unboost|p2b: Incineroar|def|1\n|-unboost|p2b: Incineroar|spd|1\n|faint|p1b: Tyranitar\n|\n|-weather|Sandstorm|[upkeep]\n|-damage|p2b: Incineroar|89/100|[from] Sandstorm\n|-damage|p2a: Farigiraf|25/100|[from] Sandstorm\n|-damage|p1a: Sinistcha|95/100|[from] Sandstorm\n|-heal|p1a: Sinistcha|100/100|[from] item: Leftovers\n|upkeep\n|\n|t:|1776458675\n|switch|p1b: Corviknight|Corviknight, L50, F|59/100 brn\n|turn|4\n|\n|t:|1776458683\n|move|p2b: Incineroar|Flare Blitz|p1b: Corviknight\n|-supereffective|p1b: Corviknight|1\n|-damage|p1b: Corviknight|0 fnt\n|faint|p1b: Corviknight\n|-damage|p2b: Incineroar|70/100|[from] Recoil\n|move|p2a: Farigiraf|Psychic|p1a: Sinistcha\n|-damage|p1a: Sinistcha|25/100\n|move|p1a: Sinistcha|Matcha Gotcha|p2a: Farigiraf|[spread] p2a,p2b\n|-resisted|p2b: Incineroar|1\n|-damage|p2a: Farigiraf|1/100\n|-heal|p1a: Sinistcha|40/100|[from] drain|[of] p2a: Farigiraf\n|-damage|p2b: Incineroar|50/100\n|-heal|p1a: Sinistcha|52/100|[from] drain|[of] p2b: Incineroar\n|\n|-weather|Sandstorm|[upkeep]\n|-damage|p2a: Farigiraf|0 fnt|[from] Sandstorm\n|-damage|p2b: Incineroar|44/100|[from] Sandstorm\n|-damage|p1a: Sinistcha|46/100|[from] Sandstorm\n|faint|p2a: Farigiraf\n|-heal|p1a: Sinistcha|52/100|[from] item: Leftovers\n|upkeep\n|\n|t:|1776458688\n|switch|p2a: Crabominable|Crabominable, L50, F|100/100\n|turn|5\n|\n|t:|1776458707\n|move|p2a: Crabominable|Ice Hammer|p1a: Sinistcha|[miss]\n|-miss|p2a: Crabominable|p1a: Sinistcha\n|move|p2b: Incineroar|Flare Blitz|p1a: Sinistcha\n|-supereffective|p1a: Sinistcha|1\n|-damage|p1a: Sinistcha|0 fnt\n|faint|p1a: Sinistcha\n|-damage|p2b: Incineroar|29/100|[from] Recoil\n|\n|win|areestoo\n|raw|raimeki's rating: 1163 &rarr; <strong>1141</strong><br />(-22 for losing)\n|raw|areestoo's rating: 1203 &rarr; <strong>1225</strong><br />(+22 for winning)\n",
  "uploadtime": 1776458707,
  "views": 26,
  "formatid": "gen9championsvgc2026regma",
  "rating": 1141,
  "private": 0,
  "password": null
}