{
  "id": "gen9championsvgc2026regma-2584018426",
  "format": "[Gen 9 Champions] VGC 2026 Reg M-A",
  "players": [
    "kylegibs",
    "yoogween"
  ],
  "log": "|j|\u2606kylegibs\n|j|\u2606yoogween\n|html|<table width=\"100%\"><tr><td align=\"left\">kylegibs</td><td align=\"right\">yoogween</tr><tr><td align=\"left\"><i class=\"fa fa-circle-o\"></i> <i class=\"fa fa-circle-o\"></i> </td><td align=\"right\"><i class=\"fa fa-circle-o\"></i> <i class=\"fa fa-circle-o\"></i> </tr></table>\n|uhtml|bestof|<h2><strong>Game 1</strong> of <a href=\"/game-bestof3-gen9championsvgc2026regma-2584018425\">a best-of-3</a></h2>\n|t:|1776217243\n|gametype|doubles\n|player|p1|kylegibs|ingo|\n|player|p2|yoogween|102|\n|gen|9\n|tier|[Gen 9 Champions] VGC 2026 Reg M-A\n|rule|Species Clause: Limit one of each Pok\u00e9mon\n|rule|Item Clause: Limit 1 of each item\n|raw|<div class=\"infobox\"><details class=\"readmore\" open><summary><strong>1 custom rule:</strong></summary> Best of = 3</details></div>\n|clearpoke\n|poke|p1|Archaludon, L50, M|\n|poke|p1|Sneasler, L50, M|\n|poke|p1|Sinistcha, L50|\n|poke|p1|Floette-Eternal, L50, F|\n|poke|p1|Tauros-Paldea-Aqua, L50, M|\n|poke|p1|Aggron, L50, M|\n|poke|p2|Froslass, L50, F|\n|poke|p2|Ninetales-Alola, L50, F|\n|poke|p2|Whimsicott, L50, F|\n|poke|p2|Palafin, L50, F|\n|poke|p2|Arcanine-Hisui, L50, M|\n|poke|p2|Garchomp, L50, F|\n|teampreview|4\nkylegibs rejected open team sheets.\n|j| Skelitron\n|inactive|Battle timer is ON: inactive players will automatically lose when time's up. (requested by kylegibs)\n|\n|t:|1776217339\n|teamsize|p1|4\n|teamsize|p2|4\n|start\n|switch|p1a: Floatzal|Tauros-Paldea-Aqua, L50, M|100/100\n|switch|p1b: Landon|Archaludon, L50, M|100/100\n|switch|p2a: Whimsicott|Whimsicott, L50, F|100/100\n|switch|p2b: Palafin|Palafin, L50, F|100/100\n|-ability|p1a: Floatzal|Intimidate|boost\n|-unboost|p2a: Whimsicott|atk|1\n|-unboost|p2b: Palafin|atk|1\n|turn|1\n|inactive|kylegibs has 30 seconds left.\n|inactive|yoogween has 30 seconds left.\n|inactive|yoogween has 20 seconds left.\n|\n|t:|1776217378\n|move|p1a: Floatzal|Protect|p1a: Floatzal\n|-singleturn|p1a: Floatzal|Protect\n|move|p2b: Palafin|Protect|p2b: Palafin\n|-singleturn|p2b: Palafin|Protect\n|move|p2a: Whimsicott|Tailwind|p2a: Whimsicott\n|-sidestart|p2: yoogween|move: Tailwind\n|move|p1b: Landon|Flash Cannon|p2a: Whimsicott\n|-supereffective|p2a: Whimsicott|1\n|-crit|p2a: Whimsicott\n|-enditem|p2a: Whimsicott|Focus Sash\n|-damage|p2a: Whimsicott|1/100\n|\n|upkeep\n|turn|2\n|inactive|kylegibs has 30 seconds left.\n|inactive|yoogween has 30 seconds left.\n|inactive|yoogween has 20 seconds left.\n|inactive|kylegibs has 20 seconds left.\n|\n|t:|1776217425\n|detailschange|p2b: Palafin|Palafin-Hero, L50, F\n|switch|p2b: Arcanine|Arcanine-Hisui, L50, M|100/100\n|-ability|p2b: Arcanine|Intimidate|boost\n|-unboost|p1a: Floatzal|atk|1\n|-unboost|p1b: Landon|atk|1\n|move|p2a: Whimsicott|Encore|p1a: Floatzal\n|-start|p1a: Floatzal|Encore\n|move|p1a: Floatzal|Protect|p1a: Floatzal\n|-singleturn|p1a: Floatzal|Protect\n|move|p1b: Landon|Flash Cannon|p2a: Whimsicott\n|-supereffective|p2a: Whimsicott|1\n|-damage|p2a: Whimsicott|0 fnt\n|faint|p2a: Whimsicott\n|\n|upkeep\n|\n|t:|1776217447\n|switch|p2a: Palafin|Palafin-Hero, L50, F|100/100\n|-activate|p2a: Palafin|ability: Zero to Hero\n|turn|3\n|inactive|yoogween has 30 seconds left.\n|inactive|yoogween has 20 seconds left.\n|inactive|yoogween has 15 seconds left.\n|inactive|yoogween has 10 seconds left.\n|inactive|yoogween has 5 seconds left.\n|\n|t:|1776217499\n|switch|p1a: Girth|Aggron, L50, M, shiny|100/100\n|move|p2a: Palafin|Protect|p2a: Palafin\n|-singleturn|p2a: Palafin|Protect\n|move|p1b: Landon|Protect|p1b: Landon\n|-singleturn|p1b: Landon|Protect\n|move|p2b: Arcanine|Rock Slide|p1b: Landon|[spread] p1a\n|-activate|p1b: Landon|move: Protect\n|-resisted|p1a: Girth|1\n|-damage|p1a: Girth|91/100\n|\n|upkeep\n|turn|4\n|inactive|yoogween has 30 seconds left.\n|inactive|yoogween has 20 seconds left.\n|inactive|yoogween has 15 seconds left.\n|inactive|yoogween has 10 seconds left.\n|\n|t:|1776217548\n|switch|p1b: Floatzal|Tauros-Paldea-Aqua, L50, M|100/100\n|-ability|p1b: Floatzal|Intimidate|boost\n|-unboost|p2a: Palafin|atk|1\n|-unboost|p2b: Arcanine|atk|1\n|detailschange|p1a: Girth|Aggron-Mega, L50, M, shiny\n|-mega|p1a: Girth|Aggron|Aggronite\n|move|p2b: Arcanine|Rock Slide|p1a: Girth|[spread] p1a,p1b\n|-resisted|p1a: Girth|1\n|-resisted|p1b: Floatzal|1\n|-damage|p1a: Girth|88/100\n|-damage|p1b: Floatzal|90/100\n|move|p2a: Palafin|Close Combat|p1b: Floatzal\n|-damage|p1b: Floatzal|49/100\n|-unboost|p2a: Palafin|def|1\n|-unboost|p2a: Palafin|spd|1\n|cant|p1a: Girth|flinch\n|\n|-sideend|p2: yoogween|move: Tailwind\n|upkeep\n|turn|5\n|\n|t:|1776217567\n|switch|p2a: Cold|Froslass, L50, F|100/100\n|move|p2b: Arcanine|Rock Slide|p1b: Floatzal|[spread] p1a,p1b\n|-resisted|p1a: Girth|1\n|-resisted|p1b: Floatzal|1\n|-damage|p1a: Girth|82/100\n|-damage|p1b: Floatzal|39/100\n|cant|p1b: Floatzal|flinch\n|cant|p1a: Girth|flinch\n|\n|upkeep\n|turn|6\n|\n|t:|1776217592\n|detailschange|p2a: Cold|Froslass-Mega, L50, F\n|-mega|p2a: Cold|Froslass|Froslassite\n|-weather|Snowscape|[from] ability: Snow Warning|[of] p2a: Cold\n|move|p2b: Arcanine|Rock Slide|p1a: Girth|[spread] p1a\n|-miss|p2b: Arcanine|p1b: Floatzal\n|-resisted|p1a: Girth|1\n|-damage|p1a: Girth|78/100\n|move|p2a: Cold|Aurora Veil|p2a: Cold\n|-sidestart|p2: yoogween|move: Aurora Veil\n|move|p1b: Floatzal|Rain Dance|p1b: Floatzal\n|-weather|RainDance\n|move|p1a: Girth|Body Press|p2b: Arcanine\n|-supereffective|p2b: Arcanine|1\n|-damage|p2b: Arcanine|30/100\n|\n|-weather|RainDance|[upkeep]\n|upkeep\n|turn|7\n|\n|t:|1776217610\n|switch|p2a: Palafin|Palafin-Hero, L50, F|100/100\n|move|p2b: Arcanine|Rock Slide|p1b: Floatzal|[spread] p1a,p1b\n|-resisted|p1a: Girth|1\n|-resisted|p1b: Floatzal|1\n|-damage|p1a: Girth|74/100\n|-damage|p1b: Floatzal|30/100\n|move|p1b: Floatzal|Close Combat|p2b: Arcanine\n|-supereffective|p2b: Arcanine|1\n|-damage|p2b: Arcanine|0 fnt\n|-unboost|p1b: Floatzal|def|1\n|-unboost|p1b: Floatzal|spd|1\n|faint|p2b: Arcanine\n|move|p1a: Girth|Heavy Slam|p2a: Palafin\n|-resisted|p2a: Palafin|1\n|-damage|p2a: Palafin|86/100\n|\n|-weather|RainDance|[upkeep]\n|upkeep\n|\n|t:|1776217624\n|switch|p2b: Cold|Froslass-Mega, L50, F|100/100\n|-weather|Snowscape|[from] ability: Snow Warning|[of] p2b: Cold\n|turn|8\n|inactive|yoogween has 30 seconds left.\n|inactive|yoogween has 20 seconds left.\n|\n|t:|1776217660\n|move|p2a: Palafin|Jet Punch|p1b: Floatzal\n|-resisted|p1b: Floatzal|1\n|-damage|p1b: Floatzal|0 fnt\n|faint|p1b: Floatzal\n|move|p2b: Cold|Blizzard|p1a: Girth\n|-resisted|p1a: Girth|1\n|-damage|p1a: Girth|44/100\n|-status|p1a: Girth|frz\n|cant|p1a: Girth|frz\n|\n|-weather|Snowscape|[upkeep]\n|upkeep\n|\n|t:|1776217672\n|switch|p1b: Landon|Archaludon, L50, M|100/100\n|turn|9\n|\n|t:|1776217685\n|move|p2b: Cold|Blizzard|p1b: Landon|[spread] p1a,p1b\n|-resisted|p1a: Girth|1\n|-crit|p1a: Girth\n|-damage|p1a: Girth|11/100 frz\n|-damage|p1b: Landon|29/100\n|move|p2a: Palafin|Close Combat|p1b: Landon\n|-supereffective|p1b: Landon|1\n|-damage|p1b: Landon|0 fnt\n|-unboost|p2a: Palafin|def|1\n|-unboost|p2a: Palafin|spd|1\n|faint|p1b: Landon\n|cant|p1a: Girth|frz\n|\n|-weather|Snowscape|[upkeep]\n|upkeep\n|\n|t:|1776217697\n|switch|p1b: LaMelo Ball|Sneasler, L50, M|100/100\n|turn|10\n|\n|t:|1776217719\n|move|p1b: LaMelo Ball|Fake Out|p2a: Palafin\n|-damage|p2a: Palafin|71/100\n|move|p2b: Cold|Blizzard|p1b: LaMelo Ball|[spread] p1a,p1b\n|-resisted|p1a: Girth|1\n|-damage|p1a: Girth|0 fnt\n|-damage|p1b: LaMelo Ball|33/100\n|faint|p1a: Girth\n|cant|p2a: Palafin|flinch\n|\n|-weather|Snowscape|[upkeep]\n|-sideend|p2: yoogween|move: Aurora Veil\n|upkeep\n|turn|11\n|\n|t:|1776217732\n|move|p2a: Palafin|Jet Punch|p1b: LaMelo Ball\n|-damage|p1b: LaMelo Ball|0 fnt\n|faint|p1b: LaMelo Ball\n|\n|win|yoogween\n||kylegibs is ready for game 2.\n||yoogween is ready for game 2.\n|uhtml|next|Next: <a href=\"/battle-gen9championsvgc2026regma-2584023955\"><strong>Game 2 of 3</strong></a>\n|l| Skelitron\n",
  "uploadtime": 1776218468,
  "views": 30,
  "formatid": "gen9championsvgc2026regma",
  "rating": null,
  "private": 0,
  "password": null
}