{
  "id": "gen9championsvgc2026regma-2587738628",
  "format": "[Gen 9 Champions] VGC 2026 Reg M-A",
  "players": [
    "squigglybuff",
    "Raichu95lucario"
  ],
  "log": "|j|\u203dsquigglybuff\n|j|\u2606Raichu95lucario\n|inactive|Battle timer is ON: inactive players will automatically lose when time's up.\n|html|<table width=\"100%\"><tr><td align=\"left\">squigglybuff</td><td align=\"right\">Raichu95lucario</tr><tr><td align=\"left\"><i class=\"fa fa-circle-o\"></i> <i class=\"fa fa-circle-o\"></i> </td><td align=\"right\"><i class=\"fa fa-circle-o\"></i> <i class=\"fa fa-circle-o\"></i> </tr></table>\n|uhtml|bestof|<h2><strong>Game 1</strong> of <a href=\"/game-bestof3-gen9championsvgc2026regma-2587738627\">a best-of-3</a></h2>\n|t:|1776559065\n|gametype|doubles\n|player|p1|squigglybuff|2|\n|player|p2|Raichu95lucario|riley|\n|gen|9\n|tier|[Gen 9 Champions] VGC 2026 Reg M-A\n|rated|Tournament battle\n|rule|Species Clause: Limit one of each Pok\u00e9mon\n|rule|Item Clause: Limit 1 of each item\n|rule|Evasion Abilities Clause: Evasion abilities are banned\n|rule|Evasion Items Clause: Evasion items are banned\n|rule|Evasion Moves Clause: Evasion moves are banned\n|rule|OHKO Clause: OHKO moves are banned\n|raw|<div class=\"infobox\"><details class=\"readmore\" open><summary><strong>5 custom rules:</strong></summary> bestof = 3, Evasion Abilities Clause, Evasion Items Clause, Evasion Moves Clause, OHKO Clause</details></div>\n|clearpoke\n|poke|p1|Gengar, L50, F|\n|poke|p1|Garchomp, L50, F|\n|poke|p1|Skarmory, L50, M|\n|poke|p1|Rotom-Heat, L50|\n|poke|p1|Primarina, L50, F|\n|poke|p1|Aerodactyl, L50, M|\n|poke|p2|Floette-Eternal, L50, F|\n|poke|p2|Dragapult, L50, F|\n|poke|p2|Kingambit, L50, M|\n|poke|p2|Gyarados, L50, M|\n|poke|p2|Decidueye, L50, M|\n|poke|p2|Krookodile, L50, M|\n|teampreview|4\n|inactive|Raichu95lucario also wants the timer to be on.\nRaichu95lucario rejected open team sheets.\n|inactive|squigglybuff has 60 seconds left.\n|inactive|squigglybuff has 30 seconds left.\n|j| Dddddsf\n|inactive|squigglybuff has 20 seconds left.\n|\n|t:|1776559138\n|teamsize|p1|4\n|teamsize|p2|4\n|start\n|switch|p1a: Aerodactyl|Aerodactyl, L50, M|100/100\n|switch|p1b: Gengar|Gengar, L50, F|100/100\n|switch|p2a: Floette|Floette-Eternal, L50, F|100/100\n|switch|p2b: Decidueye|Decidueye, L50, M|100/100\n|-ability|p1a: Aerodactyl|Unnerve\n|turn|1\n|\n|t:|1776559150\n|switch|p2a: Krookodile|Krookodile, L50, M|100/100\n|-ability|p2a: Krookodile|Intimidate|boost\n|-unboost|p1a: Aerodactyl|atk|1\n|-unboost|p1b: Gengar|atk|1\n|detailschange|p1b: Gengar|Gengar-Mega, L50, F\n|-mega|p1b: Gengar|Gengar|Gengarite\n|move|p1b: Gengar|Protect|p1b: Gengar\n|-singleturn|p1b: Gengar|Protect\n|move|p1a: Aerodactyl|Tailwind|p1a: Aerodactyl\n|-sidestart|p1: squigglybuff|move: Tailwind\n|move|p2b: Decidueye|Tailwind|p2b: Decidueye\n|-sidestart|p2: Raichu95lucario|move: Tailwind\n|\n|upkeep\n|turn|2\n|\n|t:|1776559160\n|switch|p1b: Skarmory|Skarmory, L50, M|100/100\n|move|p2a: Krookodile|High Horsepower|p1b: Skarmory\n|-immune|p1b: Skarmory\n|move|p1a: Aerodactyl|Rock Slide|p2b: Decidueye|[spread] p2a,p2b\n|-resisted|p2a: Krookodile|1\n|-damage|p2a: Krookodile|91/100\n|-damage|p2b: Decidueye|75/100\n|cant|p2b: Decidueye|flinch\n|\n|upkeep\n|turn|3\n|l| Dddddsf\n|\n|t:|1776559176\n|switch|p2a: Gyarados|Gyarados, L50, M|100/100\n|-ability|p2a: Gyarados|Intimidate|boost\n|-unboost|p1a: Aerodactyl|atk|1\n|-unboost|p1b: Skarmory|atk|1\n|move|p1a: Aerodactyl|Rock Slide|p2b: Decidueye|[spread] p2a\n|-miss|p1a: Aerodactyl|p2b: Decidueye\n|-supereffective|p2a: Gyarados|1\n|-damage|p2a: Gyarados|74/100\n|move|p2b: Decidueye|Leaf Blade|p1a: Aerodactyl\n|-crit|p1a: Aerodactyl\n|-damage|p1a: Aerodactyl|9/100\n|move|p1b: Skarmory|Iron Defense|p1b: Skarmory\n|-boost|p1b: Skarmory|def|2\n|\n|upkeep\n|turn|4\n|\n|t:|1776559192\n|move|p1a: Aerodactyl|Protect|p1a: Aerodactyl\n|-singleturn|p1a: Aerodactyl|Protect\n|move|p2a: Gyarados|Protect|p2a: Gyarados\n|-singleturn|p2a: Gyarados|Protect\n|move|p2b: Decidueye|Leaf Blade|p1a: Aerodactyl\n|-activate|p1a: Aerodactyl|move: Protect\n|move|p1b: Skarmory|Iron Defense|p1b: Skarmory\n|-boost|p1b: Skarmory|def|2\n|\n|-sideend|p2: Raichu95lucario|move: Tailwind\n|-sideend|p1: squigglybuff|move: Tailwind\n|upkeep\n|turn|5\n|\n|t:|1776559215\n|move|p1a: Aerodactyl|Tailwind|p1a: Aerodactyl\n|-sidestart|p1: squigglybuff|move: Tailwind\n|move|p1b: Skarmory|Iron Defense|p1b: Skarmory\n|-boost|p1b: Skarmory|def|2\n|move|p2a: Gyarados|Temper Flare|p1b: Skarmory\n|-supereffective|p1b: Skarmory|1\n|-damage|p1b: Skarmory|91/100\n|move|p2b: Decidueye|Tailwind|p2b: Decidueye\n|-sidestart|p2: Raichu95lucario|move: Tailwind\n|\n|-heal|p1b: Skarmory|97/100|[from] item: Leftovers\n|upkeep\n|turn|6\n|\n|t:|1776559227\n|move|p1a: Aerodactyl|Rock Slide|p2b: Decidueye|[spread] p2a,p2b\n|-supereffective|p2a: Gyarados|1\n|-damage|p2a: Gyarados|46/100\n|-damage|p2b: Decidueye|55/100\n|move|p2a: Gyarados|Temper Flare|p1b: Skarmory\n|-supereffective|p1b: Skarmory|1\n|-damage|p1b: Skarmory|88/100\n|move|p2b: Decidueye|Leaf Blade|p1a: Aerodactyl\n|-damage|p1a: Aerodactyl|0 fnt\n|faint|p1a: Aerodactyl\n|move|p1b: Skarmory|Body Press|p2a: Gyarados\n|-resisted|p2a: Gyarados|1\n|-damage|p2a: Gyarados|0 fnt\n|faint|p2a: Gyarados\n|\n|-heal|p1b: Skarmory|94/100|[from] item: Leftovers\n|upkeep\n|\n|t:|1776559243\n|switch|p1a: Gengar|Gengar-Mega, L50, F|100/100\n|switch|p2a: Krookodile|Krookodile, L50, M|91/100\n|-ability|p2a: Krookodile|Intimidate|boost\n|-unboost|p1a: Gengar|atk|1\n|-unboost|p1b: Skarmory|atk|1\n|turn|7\n|\n|t:|1776559263\n|move|p1a: Gengar|Protect|p1a: Gengar\n|-singleturn|p1a: Gengar|Protect\n|move|p2a: Krookodile|High Horsepower|p1a: Gengar\n|-activate|p1a: Gengar|move: Protect\n|move|p2b: Decidueye|Brave Bird|p1b: Skarmory\n|-resisted|p1b: Skarmory|1\n|-damage|p1b: Skarmory|90/100\n|-damage|p2b: Decidueye|53/100|[from] Recoil\n|move|p1b: Skarmory|Body Press|p2a: Krookodile\n|-supereffective|p2a: Krookodile|1\n|-damage|p2a: Krookodile|0 fnt\n|faint|p2a: Krookodile\n|\n|-heal|p1b: Skarmory|96/100|[from] item: Leftovers\n|upkeep\n|\n|t:|1776559267\n|switch|p2a: Floette|Floette-Eternal, L50, F|100/100\n|turn|8\n|\n|t:|1776559274\n|detailschange|p2a: Floette|Floette-Mega, L50, F\n|-mega|p2a: Floette|Floette|Floettite\n|-ability|p2a: Floette|Fairy Aura\n|move|p1a: Gengar|Sludge Bomb|p2a: Floette\n|-supereffective|p2a: Floette|1\n|-damage|p2a: Floette|9/100\n|move|p2a: Floette|Moonblast|p1b: Skarmory\n|-resisted|p1b: Skarmory|1\n|-damage|p1b: Skarmory|61/100\n|move|p2b: Decidueye|Brave Bird|p1a: Gengar\n|-damage|p1a: Gengar|50/100\n|-damage|p2b: Decidueye|38/100|[from] Recoil\n|move|p1b: Skarmory|Iron Head|p2a: Floette\n|-supereffective|p2a: Floette|1\n|-damage|p2a: Floette|0 fnt\n|faint|p2a: Floette\n|\n|-heal|p1b: Skarmory|67/100|[from] item: Leftovers\n|-sideend|p1: squigglybuff|move: Tailwind\n|-sideend|p2: Raichu95lucario|move: Tailwind\n|upkeep\n|turn|9\n|inactive|squigglybuff has 30 seconds left.\n|\n|t:|1776559301\n|move|p1a: Gengar|Shadow Ball|p2b: Decidueye\n|-supereffective|p2b: Decidueye|1\n|-damage|p2b: Decidueye|0 fnt\n|faint|p2b: Decidueye\n|\n|win|squigglybuff\n||squigglybuff is ready for game 2.\n|l|\u2606Raichu95lucario\n|player|p2|\n||Raichu95lucario is ready for game 2.\n|uhtml|next|Next: <a href=\"/battle-gen9championsvgc2026regma-2587741027\"><strong>Game 2 of 3</strong></a>\n",
  "uploadtime": 1776559431,
  "views": 11,
  "formatid": "gen9championsvgc2026regma",
  "rating": null,
  "private": 0,
  "password": null
}