{
  "id": "gen9championsvgc2026regma-2587991705",
  "format": "[Gen 9 Champions] VGC 2026 Reg M-A",
  "players": [
    "brojonski",
    "arbokiara"
  ],
  "log": "|j|\u2606brojonski\n|j|\u2606arbokiara\n|t:|1776589802\n|gametype|doubles\n|player|p1|brojonski|brock|1339\n|player|p2|arbokiara|169|1439\n|gen|9\n|tier|[Gen 9 Champions] VGC 2026 Reg M-A\n|rated|\n|rule|Species Clause: Limit one of each Pok\u00e9mon\n|rule|Item Clause: Limit 1 of each item\n|clearpoke\n|poke|p1|Kommo-o, L50, M|\n|poke|p1|Gengar, L50, M|\n|poke|p1|Tyranitar, L50, M|\n|poke|p1|Incineroar, L50, M|\n|poke|p1|Sinistcha, L50|\n|poke|p1|Excadrill, L50, F|\n|poke|p2|Tyranitar, L50, F|\n|poke|p2|Corviknight, L50, F|\n|poke|p2|Floette-Eternal, L50, F|\n|poke|p2|Rotom-Heat, L50|\n|poke|p2|Tauros-Paldea-Aqua, L50, M|\n|poke|p2|Sinistcha, L50|\n|teampreview|4\n|inactive|Battle timer is ON: inactive players will automatically lose when time's up. (requested by brojonski)\n|\n|t:|1776589829\n|teamsize|p1|4\n|teamsize|p2|4\n|start\n|switch|p1a: Kommo-o|Kommo-o, L50, M|100/100\n|switch|p1b: Incineroar|Incineroar, L50, M|100/100\n|switch|p2a: Corviknight|Corviknight, L50, F|100/100\n|switch|p2b: Sinistcha|Sinistcha, L50|100/100\n|-ability|p1b: Incineroar|Intimidate|boost\n|-ability|p2a: Corviknight|Mirror Armor\n|-unboost|p1b: Incineroar|atk|1\n|-unboost|p2b: Sinistcha|atk|1\n|turn|1\n|inactive|arbokiara has 30 seconds left.\n|inactive|arbokiara has 20 seconds left.\n|\n|t:|1776589865\n|move|p1b: Incineroar|Fake Out|p2a: Corviknight\n|-resisted|p2a: Corviknight|1\n|-damage|p2a: Corviknight|98/100\n|move|p1a: Kommo-o|Clangorous Soul|p1a: Kommo-o\n|-boost|p1a: Kommo-o|atk|1\n|-boost|p1a: Kommo-o|def|1\n|-boost|p1a: Kommo-o|spa|1\n|-boost|p1a: Kommo-o|spd|1\n|-boost|p1a: Kommo-o|spe|1\n|-damage|p1a: Kommo-o|68/100\n|cant|p2a: Corviknight|flinch\n|move|p2b: Sinistcha|Trick Room|p2b: Sinistcha\n|-fieldstart|move: Trick Room|[of] p2b: Sinistcha\n|\n|-heal|p1a: Kommo-o|73/100|[from] item: Leftovers\n|upkeep\n|turn|2\n|inactive|brojonski has 30 seconds left.\n|inactive|arbokiara has 30 seconds left.\n|inactive|brojonski has 20 seconds left.\n|inactive|brojonski has 15 seconds left.\n|\n|t:|1776589907\n|switch|p2b: Tauros|Tauros-Paldea-Aqua, L50, M|100/100\n|-ability|p2b: Tauros|Intimidate|boost\n|-unboost|p1a: Kommo-o|atk|1\n|-unboost|p1b: Incineroar|atk|1\n|move|p1b: Incineroar|Parting Shot|p2b: Tauros\n|-unboost|p2b: Tauros|atk|1\n|-unboost|p2b: Tauros|spa|1\n|\n|t:|1776589914\n|switch|p1b: Sinistcha|Sinistcha, L50|100/100|[from] Parting Shot\n|-enditem|p2b: Tauros|White Herb\n|-clearnegativeboost|p2b: Tauros|[silent]\n|-heal|p1a: Kommo-o|98/100|[from] ability: Hospitality|[of] p1b: Sinistcha\n|move|p2a: Corviknight|Body Press|p1b: Sinistcha\n|-immune|p1b: Sinistcha\n|move|p1a: Kommo-o|Clangorous Soul|p1a: Kommo-o\n|-boost|p1a: Kommo-o|atk|1\n|-boost|p1a: Kommo-o|def|1\n|-boost|p1a: Kommo-o|spa|1\n|-boost|p1a: Kommo-o|spd|1\n|-boost|p1a: Kommo-o|spe|1\n|-damage|p1a: Kommo-o|65/100\n|\n|-heal|p1a: Kommo-o|71/100|[from] item: Leftovers\n|upkeep\n|turn|3\n|inactive|brojonski has 30 seconds left.\n|\n|t:|1776589942\n|move|p2b: Tauros|Protect|p2b: Tauros\n|-singleturn|p2b: Tauros|Protect\n|move|p1b: Sinistcha|Rage Powder|p1b: Sinistcha\n|-singleturn|p1b: Sinistcha|move: Rage Powder\n|move|p2a: Corviknight|Iron Defense|p2a: Corviknight\n|-boost|p2a: Corviknight|def|2\n|move|p1a: Kommo-o|Clanging Scales|p2a: Corviknight|[spread] p2a\n|-activate|p2b: Tauros|move: Protect\n|-resisted|p2a: Corviknight|1\n|-damage|p2a: Corviknight|64/100\n|-unboost|p1a: Kommo-o|def|1\n|\n|-heal|p1a: Kommo-o|77/100|[from] item: Leftovers\n|upkeep\n|turn|4\n|inactive|arbokiara has 30 seconds left.\n|\n|t:|1776589967\n|switch|p2b: Floette|Floette-Eternal, L50, F|100/100\n|move|p2a: Corviknight|Iron Head|p1b: Sinistcha\n|-damage|p1b: Sinistcha|78/100\n|move|p1b: Sinistcha|Matcha Gotcha|p2a: Corviknight|[spread] p2a\n|-miss|p1b: Sinistcha|p2b: Floette\n|-resisted|p2a: Corviknight|2\n|-damage|p2a: Corviknight|59/100\n|-heal|p1b: Sinistcha|82/100|[from] drain|[of] p2a: Corviknight\n|move|p1a: Kommo-o|Clanging Scales|p2b: Floette|[spread] p2a\n|-immune|p2b: Floette\n|-resisted|p2a: Corviknight|1\n|-damage|p2a: Corviknight|30/100\n|-enditem|p2a: Corviknight|Sitrus Berry|[eat]\n|-heal|p2a: Corviknight|55/100|[from] item: Sitrus Berry\n|-unboost|p1a: Kommo-o|def|1\n|\n|-heal|p1a: Kommo-o|82/100|[from] item: Leftovers\n|upkeep\n|turn|5\n|inactive|brojonski has 30 seconds left.\n|inactive|brojonski has 20 seconds left.\n|inactive|brojonski has 15 seconds left.\n|inactive|brojonski has 10 seconds left.\n|inactive|brojonski has 5 seconds left.\n|\n|t:|1776590022\n|detailschange|p2b: Floette|Floette-Mega, L50, F\n|-mega|p2b: Floette|Floette|Floettite\n|-ability|p2b: Floette|Fairy Aura\n|move|p2a: Corviknight|Roost|p2a: Corviknight\n|-heal|p2a: Corviknight|100/100\n|-singleturn|p2a: Corviknight|move: Roost\n|move|p1b: Sinistcha|Matcha Gotcha|p2a: Corviknight|[spread] p2a,p2b\n|-resisted|p2a: Corviknight|1\n|-damage|p2a: Corviknight|91/100\n|-heal|p1b: Sinistcha|88/100|[from] drain|[of] p2a: Corviknight\n|-damage|p2b: Floette|82/100\n|-heal|p1b: Sinistcha|97/100|[from] drain|[of] p2b: Floette\n|-status|p2b: Floette|brn\n|move|p2b: Floette|Calm Mind|p2b: Floette\n|-boost|p2b: Floette|spa|1\n|-boost|p2b: Floette|spd|1\n|move|p1a: Kommo-o|Clanging Scales|p2a: Corviknight|[spread] p2a\n|-immune|p2b: Floette\n|-resisted|p2a: Corviknight|1\n|-damage|p2a: Corviknight|57/100\n|-unboost|p1a: Kommo-o|def|1\n|\n|-heal|p1a: Kommo-o|88/100|[from] item: Leftovers\n|-damage|p2b: Floette|76/100 brn|[from] brn\n|-fieldend|move: Trick Room\n|upkeep\n|turn|6\n|inactive|brojonski has 30 seconds left.\n|inactive|arbokiara has 30 seconds left.\n|inactive|brojonski has 20 seconds left.\n|inactive|arbokiara has 20 seconds left.\n|inactive|brojonski has 15 seconds left.\n|inactive|arbokiara has 15 seconds left.\n|inactive|brojonski has 10 seconds left.\n|inactive|brojonski has 5 seconds left.\n|\n|t:|1776590073\n|switch|p2a: Sinistcha|Sinistcha, L50|100/100\n|-heal|p2b: Floette|100/100 brn|[from] ability: Hospitality|[of] p2a: Sinistcha\n|move|p1a: Kommo-o|Aura Sphere|p2a: Sinistcha\n|-immune|p2a: Sinistcha\n|move|p2b: Floette|Moonblast|p1a: Kommo-o\n|-supereffective|p1a: Kommo-o|2\n|-damage|p1a: Kommo-o|0 fnt\n|faint|p1a: Kommo-o\n|move|p1b: Sinistcha|Life Dew|p1b: Sinistcha\n|-heal|p1b: Sinistcha|100/100\n|\n|-damage|p2b: Floette|94/100 brn|[from] brn\n|upkeep\n|\n|t:|1776590082\n|switch|p1a: Excadrill|Excadrill, L50, F|100/100\n|turn|7\n|-message|brojonski forfeited.\n|\n|win|arbokiara\n|raw|brojonski's rating: 1339 &rarr; <strong>1325</strong><br />(-14 for losing)\n|raw|arbokiara's rating: 1439 &rarr; <strong>1453</strong><br />(+14 for winning)\n",
  "uploadtime": 1776590088,
  "views": 18,
  "formatid": "gen9championsvgc2026regma",
  "rating": 1325,
  "private": 0,
  "password": null
}