{
  "id": "gen9championsvgc2026regma-2585967581",
  "format": "[Gen 9 Champions] VGC 2026 Reg M-A",
  "players": [
    "jhaluszka2025",
    "LeoFall2296"
  ],
  "log": "|j|\u2606jhaluszka2025\n|j|\u2606LeoFall2296\n|t:|1776385968\n|gametype|doubles\n|player|p1|jhaluszka2025|ingo|1056\n|player|p2|LeoFall2296|169|1000\n|gen|9\n|tier|[Gen 9 Champions] VGC 2026 Reg M-A\n|rated|\n|rule|Species Clause: Limit one of each Pok\u00e9mon\n|rule|Item Clause: Limit 1 of each item\n|clearpoke\n|poke|p1|Hydrapple, L50, M|\n|poke|p1|Ampharos, L50, F|\n|poke|p1|Slurpuff, L50, F|\n|poke|p1|Arcanine-Hisui, L50, F|\n|poke|p1|Espathra, L50, M|\n|poke|p1|Pinsir, L50, F|\n|poke|p2|Charizard, L50, F|\n|poke|p2|Venusaur, L50, M|\n|poke|p2|Sneasler, L50, M|\n|poke|p2|Whimsicott, L50, M|\n|poke|p2|Archaludon, L50, F|\n|poke|p2|Milotic, L50, M|\n|teampreview|4\n|inactive|Battle timer is ON: inactive players will automatically lose when time's up. (requested by jhaluszka2025)\n|\n|t:|1776385994\n|teamsize|p1|4\n|teamsize|p2|4\n|start\n|switch|p1a: Slurpuff|Slurpuff, L50, F|100/100\n|switch|p1b: Espathra|Espathra, L50, M|100/100\n|switch|p2a: Whimsicott|Whimsicott, L50, M|100/100\n|switch|p2b: Milotic|Milotic, L50, M|100/100\n|turn|1\n|\n|t:|1776386014\n|move|p2a: Whimsicott|Tailwind|p2a: Whimsicott\n|-sidestart|p2: LeoFall2296|move: Tailwind\n|move|p2b: Milotic|Icy Wind|p1b: Espathra|[spread] p1a,p1b\n|-damage|p1a: Slurpuff|88/100\n|-damage|p1b: Espathra|86/100\n|-unboost|p1a: Slurpuff|spe|1\n|-unboost|p1b: Espathra|spe|1\n|move|p1b: Espathra|Calm Mind|p1b: Espathra\n|-boost|p1b: Espathra|spa|1\n|-boost|p1b: Espathra|spd|1\n|move|p1a: Slurpuff|Sticky Web|p2a: Whimsicott\n|-sidestart|p2: LeoFall2296|move: Sticky Web\n|\n|-ability|p1b: Espathra|Speed Boost|boost\n|-boost|p1b: Espathra|spe|1\n|upkeep\n|turn|2\n|inactive|jhaluszka2025 has 30 seconds left.\n|\n|t:|1776386040\n|move|p2a: Whimsicott|Encore|p1a: Slurpuff\n|-start|p1a: Slurpuff|Encore\n|move|p2b: Milotic|Icy Wind|p1a: Slurpuff|[spread] p1a,p1b\n|-damage|p1a: Slurpuff|76/100\n|-damage|p1b: Espathra|75/100\n|-unboost|p1a: Slurpuff|spe|1\n|-unboost|p1b: Espathra|spe|1\n|move|p1b: Espathra|Calm Mind|p1b: Espathra\n|-boost|p1b: Espathra|spa|1\n|-boost|p1b: Espathra|spd|1\n|move|p1a: Slurpuff|Sticky Web||[still]\n|-fail|p1a: Slurpuff\n|\n|-ability|p1b: Espathra|Speed Boost|boost\n|-boost|p1b: Espathra|spe|1\n|upkeep\n|turn|3\n|\n|t:|1776386062\n|switch|p1a: Ampharos|Ampharos, L50, F|100/100\n|move|p1b: Espathra|Protect|p1b: Espathra\n|-singleturn|p1b: Espathra|Protect\n|move|p2a: Whimsicott|Moonblast|p1b: Espathra\n|-activate|p1b: Espathra|move: Protect\n|move|p2b: Milotic|Scald|p1b: Espathra\n|-activate|p1b: Espathra|move: Protect\n|\n|-ability|p1b: Espathra|Speed Boost|boost\n|-boost|p1b: Espathra|spe|1\n|upkeep\n|turn|4\n|\n|t:|1776386083\n|move|p2a: Whimsicott|Encore|p1b: Espathra\n|-start|p1b: Espathra|Encore\n|move|p1b: Espathra|Protect||[still]\n|-fail|p1b: Espathra\n|move|p2b: Milotic|Scald|p1b: Espathra\n|-damage|p1b: Espathra|55/100\n|move|p1a: Ampharos|Electroweb|p2b: Milotic|[spread] p2a,p2b\n|-resisted|p2a: Whimsicott|1\n|-supereffective|p2b: Milotic|1\n|-damage|p2a: Whimsicott|84/100\n|-damage|p2b: Milotic|77/100\n|-unboost|p2a: Whimsicott|spe|1\n|-unboost|p2b: Milotic|spe|1\n|-ability|p2b: Milotic|Competitive|boost\n|-boost|p2b: Milotic|spa|2\n|\n|-heal|p2b: Milotic|83/100|[from] item: Leftovers\n|-sideend|p2: LeoFall2296|move: Tailwind\n|-ability|p1b: Espathra|Speed Boost|boost\n|-boost|p1b: Espathra|spe|1\n|upkeep\n|turn|5\n|inactive|LeoFall2296 has 30 seconds left.\n|inactive|LeoFall2296 has 20 seconds left.\n|\n|t:|1776386119\n|move|p1b: Espathra|Protect|p1b: Espathra\n|-singleturn|p1b: Espathra|Protect\n|move|p2a: Whimsicott|Tailwind|p2a: Whimsicott\n|-sidestart|p2: LeoFall2296|move: Tailwind\n|move|p2b: Milotic|Scald|p1a: Ampharos\n|-damage|p1a: Ampharos|38/100\n|move|p1a: Ampharos|Electroweb|p2b: Milotic|[spread] p2a,p2b\n|-resisted|p2a: Whimsicott|1\n|-supereffective|p2b: Milotic|1\n|-damage|p2a: Whimsicott|66/100\n|-damage|p2b: Milotic|56/100\n|-unboost|p2a: Whimsicott|spe|1\n|-unboost|p2b: Milotic|spe|1\n|-ability|p2b: Milotic|Competitive|boost\n|-boost|p2b: Milotic|spa|2\n|\n|-heal|p2b: Milotic|62/100|[from] item: Leftovers\n|-heal|p1a: Ampharos|44/100|[from] item: Leftovers\n|-ability|p1b: Espathra|Speed Boost|boost\n|-boost|p1b: Espathra|spe|1\n|upkeep\n|turn|6\n|\n|t:|1776386140\n|switch|p1a: Slurpuff|Slurpuff, L50, F|76/100\n|move|p1b: Espathra|Protect||[still]\n|-fail|p1b: Espathra\n|move|p2a: Whimsicott|Moonblast|p1a: Slurpuff\n|-damage|p1a: Slurpuff|37/100\n|move|p2b: Milotic|Life Dew|p2b: Milotic|[spread] p2a,p2b\n|-heal|p2a: Whimsicott|91/100\n|-heal|p2b: Milotic|87/100\n|\n|-heal|p2b: Milotic|93/100|[from] item: Leftovers\n|-end|p1b: Espathra|Encore\n|-ability|p1b: Espathra|Speed Boost|boost\n|-boost|p1b: Espathra|spe|1\n|upkeep\n|turn|7\n|inactive|jhaluszka2025 has 30 seconds left.\n|inactive|LeoFall2296 has 30 seconds left.\n|\n|t:|1776386172\n|switch|p1a: Ampharos|Ampharos, L50, F|44/100\n|move|p2a: Whimsicott|Encore|p1b: Espathra\n|-start|p1b: Espathra|Encore\n|move|p1b: Espathra|Protect|p1b: Espathra\n|-singleturn|p1b: Espathra|Protect\n|move|p2b: Milotic|Scald|p1a: Ampharos\n|-damage|p1a: Ampharos|0 fnt\n|faint|p1a: Ampharos\n|\n|-heal|p2b: Milotic|99/100|[from] item: Leftovers\n|-ability|p1b: Espathra|Speed Boost|boost\n|-boost|p1b: Espathra|spe|1\n|upkeep\n|\n|t:|1776386179\n|switch|p1a: Hydrapple|Hydrapple, L50, M|100/100\n|-ability|p1a: Hydrapple|Supersweet Syrup\n|-unboost|p2a: Whimsicott|evasion|1\n|-unboost|p2b: Milotic|evasion|1\n|-ability|p2b: Milotic|Competitive|boost\n|-boost|p2b: Milotic|spa|2\n|turn|8\n|\n|t:|1776386198\n|move|p1b: Espathra|Protect||[still]\n|-fail|p1b: Espathra\n|move|p2a: Whimsicott|Moonblast|p1b: Espathra\n|-damage|p1b: Espathra|28/100\n|-enditem|p1b: Espathra|Sitrus Berry|[eat]\n|-heal|p1b: Espathra|53/100|[from] item: Sitrus Berry\n|move|p2b: Milotic|Icy Wind|p1b: Espathra|[spread] p1a,p1b\n|-supereffective|p1a: Hydrapple|2\n|-damage|p1a: Hydrapple|0 fnt\n|-damage|p1b: Espathra|21/100\n|-unboost|p1b: Espathra|spe|1\n|faint|p1a: Hydrapple\n|\n|-heal|p2b: Milotic|100/100|[from] item: Leftovers\n|-sideend|p2: LeoFall2296|move: Tailwind\n|-ability|p1b: Espathra|Speed Boost|boost\n|-boost|p1b: Espathra|spe|1\n|upkeep\n|\n|t:|1776386200\n|switch|p1a: Slurpuff|Slurpuff, L50, F|37/100\n|turn|9\n|\n|t:|1776386222\n|move|p1b: Espathra|Protect|p1b: Espathra\n|-singleturn|p1b: Espathra|Protect\n|move|p1a: Slurpuff|Misty Explosion|p2b: Milotic|[spread] p2a,p2b\n|-activate|p1b: Espathra|move: Protect\n|-damage|p2a: Whimsicott|55/100\n|-damage|p2b: Milotic|89/100\n|faint|p1a: Slurpuff\n|move|p2a: Whimsicott|Moonblast|p1b: Espathra\n|-activate|p1b: Espathra|move: Protect\n|move|p2b: Milotic|Scald|p1b: Espathra\n|-activate|p1b: Espathra|move: Protect\n|\n|-heal|p2b: Milotic|95/100|[from] item: Leftovers\n|-end|p1b: Espathra|Encore\n|-ability|p1b: Espathra|Speed Boost|boost\n|-boost|p1b: Espathra|spe|1\n|upkeep\n|turn|10\n|\n|t:|1776386241\n|move|p1b: Espathra|Stored Power|p2b: Milotic\n|-damage|p2b: Milotic|0 fnt\n|faint|p2b: Milotic\n|move|p2a: Whimsicott|Moonblast|p1b: Espathra\n|-damage|p1b: Espathra|0 fnt\n|faint|p1b: Espathra\n|\n|win|LeoFall2296\n|raw|jhaluszka2025's rating: 1056 &rarr; <strong>1035</strong><br />(-21 for losing)\n|raw|LeoFall2296's rating: 1000 &rarr; <strong>1046</strong><br />(+46 for winning)\n|l|\u2606jhaluszka2025\n|player|p1|\n",
  "uploadtime": 1776386256,
  "views": 35,
  "formatid": "gen9championsvgc2026regma",
  "rating": 1035,
  "private": 0,
  "password": null
}