{
  "id": "gen9championsvgc2026regma-2586074724",
  "format": "[Gen 9 Champions] VGC 2026 Reg M-A",
  "players": [
    "Lax Machine",
    "silvermagicianvgc"
  ],
  "log": "|j|\u2606Lax Machine\n|j|\u2606silvermagicianvgc\n|t:|1776396262\n|gametype|doubles\n|player|p1|Lax Machine|102|1485\n|player|p2|silvermagicianvgc|silver|1509\n|gen|9\n|tier|[Gen 9 Champions] VGC 2026 Reg M-A\n|rated|\n|rule|Species Clause: Limit one of each Pok\u00e9mon\n|rule|Item Clause: Limit 1 of each item\n|clearpoke\n|poke|p1|Dragapult, L50, M|\n|poke|p1|Sneasler, L50, F|\n|poke|p1|Incineroar, L50, F|\n|poke|p1|Scovillain, L50, F|\n|poke|p1|Maushold, L50|\n|poke|p1|Espathra, L50, M|\n|poke|p2|Floette-Eternal, L50, F|\n|poke|p2|Garchomp, L50, F|\n|poke|p2|Talonflame, L50, M|\n|poke|p2|Incineroar, L50, M|\n|poke|p2|Milotic, L50, F|\n|poke|p2|Sinistcha, L50|\n|teampreview|4\n|inactive|Battle timer is ON: inactive players will automatically lose when time's up. (requested by Lax Machine)\n|inactiveoff|Battle timer is now OFF.\n|\n|t:|1776396302\n|teamsize|p1|4\n|teamsize|p2|4\n|start\n|switch|p1a: Scovillain|Scovillain, L50, F|100/100\n|switch|p1b: Incineroar|Incineroar, L50, F|100/100\n|switch|p2a: Floette|Floette-Eternal, L50, F, shiny|100/100\n|switch|p2b: Incineroar|Incineroar, L50, M|100/100\n|-ability|p2b: Incineroar|Intimidate|boost\n|-unboost|p1a: Scovillain|atk|1\n|-unboost|p1b: Incineroar|atk|1\n|-ability|p1b: Incineroar|Intimidate|boost\n|-unboost|p2a: Floette|atk|1\n|-unboost|p2b: Incineroar|atk|1\n|turn|1\n|\n|t:|1776396317\n|detailschange|p2a: Floette|Floette-Mega, L50, F, shiny\n|-mega|p2a: Floette|Floette|Floettite\n|-ability|p2a: Floette|Fairy Aura\n|move|p1b: Incineroar|Fake Out|p2a: Floette\n|-damage|p2a: Floette|91/100\n|move|p2b: Incineroar|Fake Out|p1b: Incineroar\n|-damage|p1b: Incineroar|92/100\n|cant|p2a: Floette|flinch\n|move|p1a: Scovillain|Leech Seed|p2a: Floette\n|-start|p2a: Floette|move: Leech Seed\n|\n|-damage|p2a: Floette|79/100|[from] Leech Seed|[of] p1a: Scovillain\n|-ability|p1a: Scovillain|Moody|boost\n|-boost|p1a: Scovillain|def|2\n|-unboost|p1a: Scovillain|spa|1\n|upkeep\n|turn|2\n|\n|t:|1776396353\n|detailschange|p1a: Scovillain|Scovillain-Mega, L50, F\n|-mega|p1a: Scovillain|Scovillain|Scovillainite\n|move|p2a: Floette|Moonblast|p1a: Scovillain\n|-resisted|p1a: Scovillain|1\n|-damage|p1a: Scovillain|59/100\n|-status|p2a: Floette|brn|[from] ability: Spicy Spray|[of] p1a: Scovillain\n|move|p2b: Incineroar|Flare Blitz|p1a: Scovillain\n|-damage|p1a: Scovillain|44/100\n|-immune|p2b: Incineroar\n|-damage|p2b: Incineroar|96/100|[from] Recoil\n|move|p1b: Incineroar|Throat Chop|p2b: Incineroar\n|-resisted|p2b: Incineroar|1\n|-damage|p2b: Incineroar|85/100\n|-start|p2b: Incineroar|Throat Chop|[silent]\n|move|p1a: Scovillain|Leech Seed|p2b: Incineroar\n|-start|p2b: Incineroar|move: Leech Seed\n|\n|-damage|p2a: Floette|67/100 brn|[from] Leech Seed|[of] p1a: Scovillain\n|-heal|p1a: Scovillain|57/100|[silent]\n|-damage|p2b: Incineroar|73/100|[from] Leech Seed|[of] p1a: Scovillain\n|-heal|p1a: Scovillain|71/100|[silent]\n|-damage|p2a: Floette|60/100 brn|[from] brn\n|upkeep\n|turn|3\n|\n|t:|1776396388\n|switch|p2a: Sinistcha|Sinistcha, L50|100/100\n|-heal|p2b: Incineroar|98/100|[from] ability: Hospitality|[of] p2a: Sinistcha\n|move|p2b: Incineroar|Flare Blitz|p1a: Scovillain\n|-damage|p1a: Scovillain|55/100\n|-immune|p2b: Incineroar\n|-damage|p2b: Incineroar|93/100|[from] Recoil\n|move|p1b: Incineroar|Parting Shot|p2b: Incineroar\n|-unboost|p2b: Incineroar|atk|1\n|-unboost|p2b: Incineroar|spa|1\n|\n|t:|1776396394\n|switch|p1b: Espathra|Espathra, L50, M|100/100|[from] Parting Shot\n|move|p1a: Scovillain|Leech Seed|p2a: Sinistcha\n|-immune|p2a: Sinistcha\n|\n|-damage|p2b: Incineroar|81/100|[from] Leech Seed|[of] p1a: Scovillain\n|-heal|p1a: Scovillain|70/100|[silent]\n|-end|p2b: Incineroar|Throat Chop|[silent]\n|upkeep\n|turn|4\n|inactive|Battle timer is ON: inactive players will automatically lose when time's up. (requested by Lax Machine)\n|inactive|silvermagicianvgc has 30 seconds left.\n|inactive|silvermagicianvgc has 20 seconds left.\n|\n|t:|1776396447\n|move|p1b: Espathra|Calm Mind|p1b: Espathra\n|-boost|p1b: Espathra|spa|1\n|-boost|p1b: Espathra|spd|1\n|move|p2a: Sinistcha|Matcha Gotcha|p1b: Espathra|[spread] p1a\n|-miss|p2a: Sinistcha|p1b: Espathra\n|-resisted|p1a: Scovillain|2\n|-damage|p1a: Scovillain|63/100\n|-status|p2a: Sinistcha|brn|[from] ability: Spicy Spray|[of] p1a: Scovillain\n|move|p2b: Incineroar|Parting Shot|p1a: Scovillain\n|-unboost|p1a: Scovillain|atk|1\n|-unboost|p1a: Scovillain|spa|1\n|\n|t:|1776396463\n|switch|p2b: Floette|Floette-Mega, L50, F, shiny|60/100 brn|[from] Parting Shot\n|-ability|p2b: Floette|Fairy Aura\n|move|p1a: Scovillain|Leech Seed|p2b: Floette\n|-start|p2b: Floette|move: Leech Seed\n|\n|-damage|p2b: Floette|48/100 brn|[from] Leech Seed|[of] p1a: Scovillain\n|-heal|p1a: Scovillain|76/100|[silent]\n|-damage|p2b: Floette|42/100 brn|[from] brn\n|-damage|p2a: Sinistcha|94/100 brn|[from] brn\n|-ability|p1b: Espathra|Speed Boost|boost\n|-boost|p1b: Espathra|spe|1\n|upkeep\n|turn|5\n|inactive|silvermagicianvgc has 30 seconds left.\n|\n|t:|1776396497\n|switch|p2a: Incineroar|Incineroar, L50, M|81/100\n|-ability|p2a: Incineroar|Intimidate|boost\n|-unboost|p1a: Scovillain|atk|1\n|-unboost|p1b: Espathra|atk|1\n|move|p1b: Espathra|Calm Mind|p1b: Espathra\n|-boost|p1b: Espathra|spa|1\n|-boost|p1b: Espathra|spd|1\n|move|p2b: Floette|Dazzling Gleam|p1b: Espathra|[spread] p1a,p1b\n|-resisted|p1a: Scovillain|1\n|-damage|p1a: Scovillain|48/100\n|-damage|p1b: Espathra|65/100\n|move|p1a: Scovillain|Leech Seed||[still]\n|-fail|p1a: Scovillain\n|\n|-heal|p1b: Espathra|71/100|[from] item: Leftovers\n|-damage|p2b: Floette|29/100 brn|[from] Leech Seed|[of] p1a: Scovillain\n|-heal|p1a: Scovillain|60/100|[silent]\n|-damage|p2b: Floette|23/100 brn|[from] brn\n|-ability|p1b: Espathra|Speed Boost|boost\n|-boost|p1b: Espathra|spe|1\n|upkeep\n|turn|6\n|inactive|Lax Machine has 30 seconds left.\n|\n|t:|1776396522\n|switch|p1a: Incineroar|Incineroar, L50, F|92/100\n|-ability|p1a: Incineroar|Intimidate|boost\n|-unboost|p2a: Incineroar|atk|1\n|-unboost|p2b: Floette|atk|1\n|switch|p2a: Sinistcha|Sinistcha, L50|94/100 brn\n|-heal|p2b: Floette|48/100 brn|[from] ability: Hospitality|[of] p2a: Sinistcha\n|move|p1b: Espathra|Protect|p1b: Espathra\n|-singleturn|p1b: Espathra|Protect\n|move|p2b: Floette|Dazzling Gleam|p1a: Incineroar|[spread] p1a\n|-activate|p1b: Espathra|move: Protect\n|-damage|p1a: Incineroar|48/100\n|\n|-heal|p1b: Espathra|77/100|[from] item: Leftovers\n|-damage|p2b: Floette|36/100 brn|[from] Leech Seed|[of] p1a: Incineroar\n|-heal|p1a: Incineroar|59/100|[silent]\n|-damage|p2b: Floette|29/100 brn|[from] brn\n|-damage|p2a: Sinistcha|88/100 brn|[from] brn\n|-ability|p1b: Espathra|Speed Boost|boost\n|-boost|p1b: Espathra|spe|1\n|upkeep\n|turn|7\n|\n|t:|1776396543\n|switch|p2b: Incineroar|Incineroar, L50, M|81/100\n|-ability|p2b: Incineroar|Intimidate|boost\n|-unboost|p1a: Incineroar|atk|1\n|-unboost|p1b: Espathra|atk|1\n|move|p1a: Incineroar|Fake Out|p2b: Incineroar\n|-crit|p2b: Incineroar\n|-damage|p2b: Incineroar|66/100\n|move|p1b: Espathra|Stored Power|p2a: Sinistcha\n|-damage|p2a: Sinistcha|0 fnt\n|faint|p2a: Sinistcha\n|\n|-heal|p1b: Espathra|83/100|[from] item: Leftovers\n|-ability|p1b: Espathra|Speed Boost|boost\n|-boost|p1b: Espathra|spe|1\n|upkeep\n|\n|t:|1776396557\n|switch|p2a: Floette|Floette-Mega, L50, F, shiny|29/100 brn\n|-ability|p2a: Floette|Fairy Aura\n|turn|8\n|\n|t:|1776396580\n|switch|p1a: Scovillain|Scovillain-Mega, L50, F|60/100\n|move|p1b: Espathra|Protect|p1b: Espathra\n|-singleturn|p1b: Espathra|Protect\n|move|p2b: Incineroar|Fake Out|p1b: Espathra\n|-activate|p1b: Espathra|move: Protect\n|move|p2a: Floette|Dazzling Gleam|p1b: Espathra|[spread] p1a\n|-activate|p1b: Espathra|move: Protect\n|-resisted|p1a: Scovillain|1\n|-damage|p1a: Scovillain|33/100\n|\n|-heal|p1b: Espathra|89/100|[from] item: Leftovers\n|-damage|p2a: Floette|23/100 brn|[from] brn\n|-ability|p1b: Espathra|Speed Boost|boost\n|-boost|p1b: Espathra|spe|1\n|upkeep\n|turn|9\n|inactive|silvermagicianvgc has 30 seconds left.\n|\n|t:|1776396612\n|move|p2a: Floette|Protect|p2a: Floette\n|-singleturn|p2a: Floette|Protect\n|move|p1a: Scovillain|Rage Powder|p1a: Scovillain\n|-singleturn|p1a: Scovillain|move: Rage Powder\n|move|p1b: Espathra|Dazzling Gleam|p2a: Floette|[spread] p2b\n|-activate|p2a: Floette|move: Protect\n|-damage|p2b: Incineroar|31/100\n|-enditem|p2b: Incineroar|Sitrus Berry|[eat]\n|-heal|p2b: Incineroar|56/100|[from] item: Sitrus Berry\n|move|p2b: Incineroar|Throat Chop|p1a: Scovillain\n|-damage|p1a: Scovillain|3/100\n|-start|p1a: Scovillain|Throat Chop|[silent]\n|-immune|p2b: Incineroar\n|\n|-heal|p1b: Espathra|95/100|[from] item: Leftovers\n|-damage|p2a: Floette|17/100 brn|[from] brn\n|-ability|p1b: Espathra|Speed Boost|boost\n|-boost|p1b: Espathra|spe|1\n|upkeep\n|turn|10\n|inactive|silvermagicianvgc has 30 seconds left.\n|\n|t:|1776396637\n|move|p1a: Scovillain|Rage Powder|p1a: Scovillain\n|-singleturn|p1a: Scovillain|move: Rage Powder\n|move|p1b: Espathra|Dazzling Gleam|p2a: Floette|[spread] p2a,p2b\n|-damage|p2a: Floette|0 fnt\n|-damage|p2b: Incineroar|25/100\n|faint|p2a: Floette\n|move|p2b: Incineroar|Throat Chop|p1a: Scovillain\n|-damage|p1a: Scovillain|0 fnt\n|-immune|p2b: Incineroar\n|faint|p1a: Scovillain\n|\n|-heal|p1b: Espathra|100/100|[from] item: Leftovers\n|upkeep\n|inactive|Lax Machine has 30 seconds left.\n|\n|t:|1776396670\n|switch|p2a: Talonflame|Talonflame, L50, M|100/100\n|switch|p1a: Maushold|Maushold, L50|100/100\n|turn|11\n|j| Thegaybowserking\n|-message|silvermagicianvgc forfeited.\n|\n|win|Lax Machine\n|raw|Lax Machine's rating: 1485 &rarr; <strong>1506</strong><br />(+21 for winning)\n|raw|silvermagicianvgc's rating: 1509 &rarr; <strong>1488</strong><br />(-21 for losing)\n|l|\u2606silvermagicianvgc\n|player|p2|\n|j| Meh Decisions\n",
  "uploadtime": 1776396729,
  "views": 64,
  "formatid": "gen9championsvgc2026regma",
  "rating": 1488,
  "private": 0,
  "password": null
}