{
  "id": "gen9championsvgc2026regma-2586072551",
  "format": "[Gen 9 Champions] VGC 2026 Reg M-A",
  "players": [
    "Shimichin",
    "Bman311"
  ],
  "log": "|j|\u2606Shimichin\n|j|\u2606Bman311\n|t:|1776396039\n|gametype|doubles\n|player|p1|Shimichin|266|1401\n|player|p2|Bman311|169|1442\n|gen|9\n|tier|[Gen 9 Champions] VGC 2026 Reg M-A\n|rated|\n|rule|Species Clause: Limit one of each Pok\u00e9mon\n|rule|Item Clause: Limit 1 of each item\n|clearpoke\n|poke|p1|Froslass, L50, F|\n|poke|p1|Rotom-Frost, L50|\n|poke|p1|Sneasler, L50, F|\n|poke|p1|Garchomp, L50, F|\n|poke|p1|Sinistcha, L50|\n|poke|p1|Arcanine-Hisui, L50, M|\n|poke|p2|Floette-Eternal, L50, F|\n|poke|p2|Aerodactyl, L50, F|\n|poke|p2|Sneasler, L50, F|\n|poke|p2|Incineroar, L50, M|\n|poke|p2|Sinistcha, L50|\n|poke|p2|Basculegion, L50, M|\n|teampreview|4\n|inactive|Battle timer is ON: inactive players will automatically lose when time's up. (requested by Bman311)\nBman311 has agreed to open team sheets.\n|inactive|Shimichin has 60 seconds left.\n|inactive|Bman311 has 60 seconds left.\n|\n|t:|1776396082\n|teamsize|p1|4\n|teamsize|p2|4\n|start\n|switch|p1a: Sneasler|Sneasler, L50, F|100/100\n|switch|p1b: Rotom|Rotom-Frost, L50|100/100\n|switch|p2a: Aerodactyl|Aerodactyl, L50, F|100/100\n|switch|p2b: Basculegion|Basculegion, L50, M|100/100\n|-ability|p2a: Aerodactyl|Unnerve\n|turn|1\n|\n|t:|1776396099\n|move|p2a: Aerodactyl|Protect|p2a: Aerodactyl\n|-singleturn|p2a: Aerodactyl|Protect\n|move|p1a: Sneasler|Fake Out|p2a: Aerodactyl\n|-activate|p2a: Aerodactyl|move: Protect\n|move|p1b: Rotom|Volt Switch|p2b: Basculegion\n|-supereffective|p2b: Basculegion|1\n|-damage|p2b: Basculegion|33/100\n|\n|t:|1776396113\n|switch|p1b: Garchomp|Garchomp, L50, F|100/100|[from] Volt Switch\n|move|p2b: Basculegion|Wave Crash|p1b: Garchomp\n|-damage|p1b: Garchomp|28/100\n|-damage|p2b: Basculegion|21/100|[from] ability: Rough Skin|[of] p1b: Garchomp\n|-damage|p2b: Basculegion|0 fnt|[from] Recoil\n|faint|p2b: Basculegion\n|\n|upkeep\n|\n|t:|1776396121\n|switch|p2b: Floette|Floette-Eternal, L50, F|100/100\n|turn|2\n|inactive|Shimichin has 30 seconds left.\n|inactive|Shimichin has 20 seconds left.\n|inactive|Shimichin has 15 seconds left.\n|\n|t:|1776396161\n|detailschange|p2b: Floette|Floette-Mega, L50, F\n|-mega|p2b: Floette|Floette|Floettite\n|-ability|p2b: Floette|Fairy Aura\n|move|p2a: Aerodactyl|Tailwind|p2a: Aerodactyl\n|-sidestart|p2: Bman311|move: Tailwind\n|move|p2b: Floette|Moonblast|p1a: Sneasler\n|-damage|p1a: Sneasler|0 fnt\n|faint|p1a: Sneasler\n|move|p1b: Garchomp|Rock Slide|p2b: Floette|[spread] p2a,p2b\n|-supereffective|p2a: Aerodactyl|1\n|-damage|p2a: Aerodactyl|30/100\n|-damage|p2b: Floette|77/100\n|\n|upkeep\n|\n|t:|1776396180\n|switch|p1a: Froslass|Froslass, L50, F|100/100\n|turn|3\n|\n|t:|1776396201\n|detailschange|p1a: Froslass|Froslass-Mega, L50, F\n|-mega|p1a: Froslass|Froslass|Froslassite\n|-weather|Snowscape|[from] ability: Snow Warning|[of] p1a: Froslass\n|move|p1b: Garchomp|Protect|p1b: Garchomp\n|-singleturn|p1b: Garchomp|Protect\n|move|p2a: Aerodactyl|Rock Slide|p1a: Froslass|[spread] p1a\n|-activate|p1b: Garchomp|move: Protect\n|-supereffective|p1a: Froslass|1\n|-damage|p1a: Froslass|55/100\n|move|p2b: Floette|Dazzling Gleam|p1a: Froslass|[spread] p1a\n|-activate|p1b: Garchomp|move: Protect\n|-damage|p1a: Froslass|6/100\n|move|p1a: Froslass|Blizzard|p2b: Floette|[spread] p2a,p2b\n|-supereffective|p2a: Aerodactyl|1\n|-damage|p2a: Aerodactyl|0 fnt\n|-damage|p2b: Floette|50/100\n|-enditem|p1b: Garchomp|Sitrus Berry|[eat]\n|-heal|p1b: Garchomp|53/100|[from] item: Sitrus Berry\n|faint|p2a: Aerodactyl\n|\n|-weather|Snowscape|[upkeep]\n|upkeep\n|\n|t:|1776396213\n|switch|p2a: Sinistcha|Sinistcha, L50|100/100\n|-heal|p2b: Floette|75/100|[from] ability: Hospitality|[of] p2a: Sinistcha\n|turn|4\n|inactive|Shimichin has 30 seconds left.\n|\n|t:|1776396243\n|move|p1a: Froslass|Protect|p1a: Froslass\n|-singleturn|p1a: Froslass|Protect\n|move|p2b: Floette|Dazzling Gleam|p1b: Garchomp|[spread] p1b\n|-activate|p1a: Froslass|move: Protect\n|-supereffective|p1b: Garchomp|1\n|-damage|p1b: Garchomp|0 fnt\n|faint|p1b: Garchomp\n|move|p2a: Sinistcha|Life Dew||[still]|[spread] p2a,p2b\n|-fail|p2a: Sinistcha|heal\n|-heal|p2b: Floette|99/100\n|\n|-weather|Snowscape|[upkeep]\n|upkeep\n|\n|t:|1776396256\n|switch|p1b: Rotom|Rotom-Frost, L50|100/100\n|turn|5\n|-message|Shimichin forfeited.\n|\n|win|Bman311\n|raw|Shimichin's rating: 1401 &rarr; <strong>1383</strong><br />(-18 for losing)\n|raw|Bman311's rating: 1442 &rarr; <strong>1460</strong><br />(+18 for winning)\n|l|\u2606Shimichin\n|player|p1|\n",
  "uploadtime": 1776396268,
  "views": 33,
  "formatid": "gen9championsvgc2026regma",
  "rating": 1383,
  "private": 0,
  "password": null
}