{
  "id": "gen9championsvgc2026regma-2582828107",
  "format": "[Gen 9 Champions] VGC 2026 Reg M-A",
  "players": [
    "miseria010",
    "wester7"
  ],
  "log": "|j|\u2606miseria010\n|j|\u2606wester7\n|t:|1776117201\n|gametype|doubles\n|player|p1|miseria010|unknown|1219\n|player|p2|wester7|1|1321\n|gen|9\n|tier|[Gen 9 Champions] VGC 2026 Reg M-A\n|rated|\n|rule|Species Clause: Limit one of each Pok\u00e9mon\n|rule|Item Clause: Limit 1 of each item\n|clearpoke\n|poke|p1|Charizard, L50, M|\n|poke|p1|Venusaur, L50, M|\n|poke|p1|Whimsicott, L50, F|\n|poke|p1|Incineroar, L50, M|\n|poke|p1|Garchomp, L50, M|\n|poke|p1|Conkeldurr, L50, M|\n|poke|p2|Gengar, L50, M|\n|poke|p2|Sylveon, L50, F|\n|poke|p2|Samurott-Hisui, L50, F|\n|poke|p2|Dragonite, L50, M|\n|poke|p2|Maushold, L50|\n|poke|p2|Incineroar, L50, F|\n|teampreview|4\n|inactive|Battle timer is ON: inactive players will automatically lose when time's up. (requested by miseria010)\n|\n|t:|1776117261\n|teamsize|p1|4\n|teamsize|p2|4\n|start\n|switch|p1a: Garchomp|Garchomp, L50, M|100/100\n|switch|p1b: Whimsicott|Whimsicott, L50, F|100/100\n|switch|p2a: Incineroar|Incineroar, L50, F|100/100\n|switch|p2b: Dragonite|Dragonite, L50, M|100/100\n|-ability|p2a: Incineroar|Intimidate|boost\n|-unboost|p1a: Garchomp|atk|1\n|-unboost|p1b: Whimsicott|atk|1\n|-enditem|p1a: Garchomp|White Herb\n|-clearnegativeboost|p1a: Garchomp|[silent]\n|turn|1\n|\n|t:|1776117283\n|switch|p2b: Maushold|Maushold, L50|100/100\n|move|p1a: Garchomp|Protect|p1a: Garchomp\n|-singleturn|p1a: Garchomp|Protect\n|move|p1b: Whimsicott|Tailwind|p1b: Whimsicott\n|-sidestart|p1: miseria010|move: Tailwind\n|move|p2a: Incineroar|Parting Shot|p1a: Garchomp\n|-activate|p1a: Garchomp|move: Protect\n|\n|upkeep\n|turn|2\n|\n|t:|1776117298\n|switch|p1b: Charizard|Charizard, L50, M, shiny|100/100\n|move|p2b: Maushold|Protect|p2b: Maushold\n|-singleturn|p2b: Maushold|Protect\n|move|p1a: Garchomp|Earthquake|p2a: Incineroar|[spread] p2a\n|-activate|p2b: Maushold|move: Protect\n|-immune|p1b: Charizard\n|-supereffective|p2a: Incineroar|1\n|-damage|p2a: Incineroar|51/100\n|move|p2a: Incineroar|Parting Shot|p1a: Garchomp\n|-unboost|p1a: Garchomp|atk|1\n|-unboost|p1a: Garchomp|spa|1\n|\n|t:|1776117318\n|switch|p2a: Dragonite|Dragonite, L50, M|100/100|[from] Parting Shot\n|\n|upkeep\n|turn|3\n|inactive|wester7 has 30 seconds left.\n|\n|t:|1776117346\n|switch|p2b: Incineroar|Incineroar, L50, F|51/100\n|-ability|p2b: Incineroar|Intimidate|boost\n|-unboost|p1a: Garchomp|atk|1\n|-unboost|p1b: Charizard|atk|1\n|detailschange|p1b: Charizard|Charizard-Mega-Y, L50, M, shiny\n|-mega|p1b: Charizard|Charizard|Charizardite Y\n|-weather|SunnyDay|[from] ability: Drought|[of] p1b: Charizard\n|move|p1a: Garchomp|Rock Slide|p2a: Dragonite|[spread] p2b\n|-miss|p1a: Garchomp|p2a: Dragonite\n|-supereffective|p2b: Incineroar|1\n|-damage|p2b: Incineroar|36/100\n|move|p1b: Charizard|Heat Wave|p2a: Dragonite|[spread] p2a,p2b\n|-resisted|p2a: Dragonite|1\n|-resisted|p2b: Incineroar|1\n|-crit|p2b: Incineroar\n|-damage|p2a: Dragonite|70/100\n|-damage|p2b: Incineroar|0 fnt\n|faint|p2b: Incineroar\n|move|p2a: Dragonite|Dragon Claw|p1a: Garchomp\n|-supereffective|p1a: Garchomp|1\n|-damage|p1a: Garchomp|1/100\n|-damage|p2a: Dragonite|58/100|[from] ability: Rough Skin|[of] p1a: Garchomp\n|\n|-weather|SunnyDay|[upkeep]\n|upkeep\n|inactive|wester7 has 30 seconds left.\n|\n|t:|1776117372\n|switch|p2b: Gengar|Gengar, L50, M|100/100\n|turn|4\n|\n|t:|1776117389\n|switch|p1a: Incineroar|Incineroar, L50, M, shiny|100/100\n|-ability|p1a: Incineroar|Intimidate|boost\n|-fail|p2a: Dragonite|unboost|Attack|[from] ability: Inner Focus|[of] p2a: Dragonite\n|-unboost|p2b: Gengar|atk|1\n|detailschange|p2b: Gengar|Gengar-Mega, L50, M\n|-mega|p2b: Gengar|Gengar|Gengarite\n|move|p2a: Dragonite|Extreme Speed|p1a: Incineroar\n|-damage|p1a: Incineroar|74/100\n|move|p1b: Charizard|Heat Wave|p2a: Dragonite|[spread] p2a,p2b\n|-resisted|p2a: Dragonite|1\n|-damage|p2a: Dragonite|27/100\n|-damage|p2b: Gengar|12/100\n|-enditem|p2a: Dragonite|Sitrus Berry|[eat]\n|-heal|p2a: Dragonite|52/100|[from] item: Sitrus Berry\n|move|p2b: Gengar|Sludge Bomb|p1b: Charizard\n|-damage|p1b: Charizard|40/100\n|\n|-weather|SunnyDay|[upkeep]\n|-sideend|p1: miseria010|move: Tailwind\n|upkeep\n|turn|5\n|inactive|miseria010 has 30 seconds left.\n|inactive|wester7 has 30 seconds left.\n|inactive|miseria010 has 20 seconds left.\n|inactive|wester7 has 20 seconds left.\n|inactive|miseria010 has 15 seconds left.\n|inactive|wester7 has 15 seconds left.\n|inactive|wester7 has 10 seconds left.\n|inactive|wester7 has 5 seconds left.\n|\n|t:|1776117443\n|switch|p2b: Maushold|Maushold, L50|100/100\n|move|p1b: Charizard|Protect|p1b: Charizard\n|-singleturn|p1b: Charizard|Protect\n|move|p2a: Dragonite|Low Kick|p1a: Incineroar\n|-supereffective|p1a: Incineroar|1\n|-crit|p1a: Incineroar\n|-damage|p1a: Incineroar|0 fnt\n|faint|p1a: Incineroar\n|\n|-weather|SunnyDay|[upkeep]\n|upkeep\n|\n|t:|1776117455\n|switch|p1a: Whimsicott|Whimsicott, L50, F|100/100\n|turn|6\n|inactive|miseria010 has 30 seconds left.\n|c|\u2606miseria010|Xd\n|c|\u2606miseria010|Que basura de juego\n|inactive|miseria010 has 20 seconds left.\n|inactive|miseria010 has 15 seconds left.\n|inactive|miseria010 has 10 seconds left.\n|\n|t:|1776117500\n|move|p2b: Maushold|Follow Me|p2b: Maushold\n|-singleturn|p2b: Maushold|move: Follow Me\n|move|p1a: Whimsicott|Tailwind|p1a: Whimsicott\n|-sidestart|p1: miseria010|move: Tailwind\n|move|p1b: Charizard|Heat Wave|p2a: Dragonite|[spread] p2a,p2b\n|-resisted|p2a: Dragonite|1\n|-damage|p2a: Dragonite|29/100\n|-damage|p2b: Maushold|19/100\n|-status|p2b: Maushold|brn\n|-enditem|p2b: Maushold|Lum Berry|[eat]\n|-curestatus|p2b: Maushold|brn|[msg]\n|move|p2a: Dragonite|Dragon Claw|p1b: Charizard\n|-damage|p1b: Charizard|0 fnt\n|faint|p1b: Charizard\n|\n|-weather|SunnyDay|[upkeep]\n|upkeep\n|\n|t:|1776117517\n|switch|p1b: Garchomp|Garchomp, L50, M|1/100\n|turn|7\n|\n|t:|1776117532\n|move|p1b: Garchomp|Protect|p1b: Garchomp\n|-singleturn|p1b: Garchomp|Protect\n|move|p2b: Maushold|Follow Me|p2b: Maushold\n|-singleturn|p2b: Maushold|move: Follow Me\n|move|p2a: Dragonite|Extreme Speed|p1b: Garchomp\n|-activate|p1b: Garchomp|move: Protect\n|move|p1a: Whimsicott|Moonblast|p2b: Maushold\n|-damage|p2b: Maushold|0 fnt\n|faint|p2b: Maushold\n|\n|-weather|none\n|upkeep\n|\n|t:|1776117535\n|switch|p2b: Gengar|Gengar-Mega, L50, M|12/100\n|turn|8\n|\n|t:|1776117558\n|move|p2a: Dragonite|Extreme Speed|p1b: Garchomp\n|-damage|p1b: Garchomp|0 fnt\n|-damage|p2a: Dragonite|17/100|[from] ability: Rough Skin|[of] p1b: Garchomp\n|faint|p1b: Garchomp\n|move|p1a: Whimsicott|Moonblast|p2b: Gengar\n|-resisted|p2b: Gengar|1\n|-damage|p2b: Gengar|0 fnt\n|faint|p2b: Gengar\n|\n|upkeep\n|turn|9\n|\n|t:|1776117569\n|move|p2a: Dragonite|Extreme Speed|p1a: Whimsicott\n|-damage|p1a: Whimsicott|54/100\n|move|p1a: Whimsicott|Moonblast|p2a: Dragonite\n|-supereffective|p2a: Dragonite|1\n|-damage|p2a: Dragonite|0 fnt\n|faint|p2a: Dragonite\n|\n|win|miseria010\n|raw|miseria010's rating: 1219 &rarr; <strong>1251</strong><br />(+32 for winning)\n|raw|wester7's rating: 1321 &rarr; <strong>1295</strong><br />(-26 for losing)\n",
  "uploadtime": 1776117578,
  "views": 23,
  "formatid": "gen9championsvgc2026regma",
  "rating": 1251,
  "private": 0,
  "password": null
}