{
  "id": "gen9championsvgc2026regma-2582592050",
  "format": "[Gen 9 Champions] VGC 2026 Reg M-A",
  "players": [
    "balzzzzz",
    "kronos22"
  ],
  "log": "|j|\u2606balzzzzz\n|j|\u2606kronos22\n|t:|1776101366\n|gametype|doubles\n|player|p1|balzzzzz|ballguy|1334\n|player|p2|kronos22|266|1358\n|gen|9\n|tier|[Gen 9 Champions] VGC 2026 Reg M-A\n|rated|\n|rule|Species Clause: Limit one of each Pok\u00e9mon\n|rule|Item Clause: Limit 1 of each item\n|clearpoke\n|poke|p1|Aegislash, L50, F|\n|poke|p1|Glimmora, L50, F|\n|poke|p1|Incineroar, L50, F|\n|poke|p1|Sinistcha, L50|\n|poke|p1|Rotom-Wash, L50|\n|poke|p1|Kommo-o, L50, F|\n|poke|p2|Slowbro, L50, M|\n|poke|p2|Farigiraf, L50, M|\n|poke|p2|Abomasnow, L50, F|\n|poke|p2|Primarina, L50, F|\n|poke|p2|Kingambit, L50, M|\n|poke|p2|Sneasler, L50, F|\n|teampreview|4\n|inactive|Battle timer is ON: inactive players will automatically lose when time's up. (requested by balzzzzz)\n|j| CARtu348rjf90\n|l| CARtu348rjf90\n|inactive|kronos22 has 60 seconds left.\n|\n|t:|1776101404\n|teamsize|p1|4\n|teamsize|p2|4\n|start\n|switch|p1a: Aegislash|Aegislash, L50, F, shiny|100/100\n|switch|p1b: Glimmora|Glimmora, L50, F, shiny|100/100\n|switch|p2a: Sneasler|Sneasler, L50, F|100/100\n|switch|p2b: Farigiraf|Farigiraf, L50, M|100/100\n|turn|1\n|j| number86\n|inactive|kronos22 has 30 seconds left.\n|\n|t:|1776101440\n|detailschange|p1b: Glimmora|Glimmora-Mega, L50, F, shiny\n|-mega|p1b: Glimmora|Glimmora|Glimmoranite\n|move|p2a: Sneasler|Fake Out|p1b: Glimmora\n|-resisted|p1b: Glimmora|1\n|-damage|p1b: Glimmora|93/100\n|cant|p1b: Glimmora|flinch\n|-formechange|p1a: Aegislash|Aegislash-Blade|\n|move|p1a: Aegislash|Sacred Sword|p2b: Farigiraf\n|-damage|p2b: Farigiraf|68/100\n|move|p2b: Farigiraf|Light Screen|p2b: Farigiraf\n|-sidestart|p2: kronos22|move: Light Screen\n|\n|-heal|p2b: Farigiraf|74/100|[from] item: Leftovers\n|upkeep\n|turn|2\n|inactive|balzzzzz has 30 seconds left.\n|\n|t:|1776101474\n|move|p2a: Sneasler|Close Combat|p1b: Glimmora\n|-damage|p1b: Glimmora|26/100\n|-unboost|p2a: Sneasler|def|1\n|-unboost|p2a: Sneasler|spd|1\n|-enditem|p2a: Sneasler|White Herb\n|-clearnegativeboost|p2a: Sneasler|[silent]\n|move|p1b: Glimmora|Earth Power|p2a: Sneasler\n|-supereffective|p2a: Sneasler|1\n|-damage|p2a: Sneasler|39/100\n|move|p1a: Aegislash|Iron Head|p2b: Farigiraf\n|-damage|p2b: Farigiraf|34/100\n|move|p2b: Farigiraf|Trick Room|p2b: Farigiraf\n|-fieldstart|move: Trick Room|[of] p2b: Farigiraf\n|\n|-heal|p2b: Farigiraf|41/100|[from] item: Leftovers\n|upkeep\n|turn|3\n|inactive|balzzzzz has 30 seconds left.\n|\n|t:|1776101505\n|switch|p2a: Primarina|Primarina, L50, F|100/100\n|move|p1b: Glimmora|Spiky Shield|p1b: Glimmora\n|-singleturn|p1b: Glimmora|move: Protect\n|move|p2b: Farigiraf|Psychic Noise|p1b: Glimmora\n|-activate|p1b: Glimmora|move: Protect\n|move|p1a: Aegislash|Iron Head|p2a: Primarina\n|-damage|p2a: Primarina|52/100\n|\n|-heal|p2b: Farigiraf|47/100|[from] item: Leftovers\n|upkeep\n|turn|4\n|inactive|balzzzzz has 30 seconds left.\n|\n|t:|1776101531\n|switch|p1b: Sinistcha|Sinistcha, L50|100/100\n|move|p2a: Primarina|Hyper Voice|p1b: Sinistcha|[spread] p1a,p1b\n|-resisted|p1b: Sinistcha|1\n|-damage|p1a: Aegislash|23/100\n|-damage|p1b: Sinistcha|83/100\n|move|p2b: Farigiraf|Reflect|p2b: Farigiraf\n|-sidestart|p2: kronos22|Reflect\n|move|p1a: Aegislash|Poltergeist|p2a: Primarina\n|-activate|p2a: Primarina|move: Poltergeist|Sitrus Berry\n|-damage|p2a: Primarina|11/100\n|-enditem|p2a: Primarina|Sitrus Berry|[eat]\n|-heal|p2a: Primarina|35/100|[from] item: Sitrus Berry\n|\n|-heal|p2b: Farigiraf|53/100|[from] item: Leftovers\n|upkeep\n|turn|5\n|\n|t:|1776101546\n|-formechange|p1a: Aegislash|Aegislash|\n|move|p1a: Aegislash|King's Shield|p1a: Aegislash\n|-singleturn|p1a: Aegislash|Protect\n|move|p2a: Primarina|Hyper Voice|p1b: Sinistcha|[spread] p1b\n|-activate|p1a: Aegislash|move: Protect\n|-resisted|p1b: Sinistcha|1\n|-crit|p1b: Sinistcha\n|-damage|p1b: Sinistcha|56/100\n|move|p2b: Farigiraf|Psychic Noise|p1b: Sinistcha\n|-damage|p1b: Sinistcha|25/100\n|-start|p1b: Sinistcha|move: Heal Block\n|cant|p1b: Sinistcha|move: Heal Block|Matcha Gotcha\n|\n|-heal|p2b: Farigiraf|59/100|[from] item: Leftovers\n|-sideend|p2: kronos22|move: Light Screen\n|upkeep\n|turn|6\n|inactive|balzzzzz has 30 seconds left.\n|\n|t:|1776101575\n|move|p1b: Sinistcha|Protect|p1b: Sinistcha\n|-singleturn|p1b: Sinistcha|Protect\n|move|p2a: Primarina|Hyper Voice|p1b: Sinistcha|[spread] p1a\n|-activate|p1b: Sinistcha|move: Protect\n|-damage|p1a: Aegislash|0 fnt\n|faint|p1a: Aegislash\n|move|p2b: Farigiraf|Light Screen|p2b: Farigiraf\n|-sidestart|p2: kronos22|move: Light Screen\n|\n|-heal|p2b: Farigiraf|65/100|[from] item: Leftovers\n|-end|p1b: Sinistcha|move: Heal Block\n|-fieldend|move: Trick Room\n|upkeep\n|-enditem|p1b: Sinistcha|Sitrus Berry|[eat]\n|-heal|p1b: Sinistcha|50/100|[from] item: Sitrus Berry\n|\n|t:|1776101583\n|switch|p1a: Glimmora|Glimmora-Mega, L50, F, shiny|26/100\n|turn|7\n|\n|t:|1776101594\n|move|p2a: Primarina|Protect|p2a: Primarina\n|-singleturn|p2a: Primarina|Protect\n|move|p1a: Glimmora|Sludge Bomb|p2a: Primarina\n|-activate|p2a: Primarina|move: Protect\n|move|p1b: Sinistcha|Life Dew|p1b: Sinistcha|[spread] p1a,p1b\n|-heal|p1a: Glimmora|52/100\n|-heal|p1b: Sinistcha|75/100\n|move|p2b: Farigiraf|Trick Room|p2b: Farigiraf\n|-fieldstart|move: Trick Room|[of] p2b: Farigiraf\n|\n|-heal|p2b: Farigiraf|71/100|[from] item: Leftovers\n|upkeep\n|turn|8\n|\n|t:|1776101606\n|move|p1a: Glimmora|Spiky Shield|p1a: Glimmora\n|-singleturn|p1a: Glimmora|move: Protect\n|move|p2a: Primarina|Hyper Voice|p1a: Glimmora|[spread] p1b\n|-activate|p1a: Glimmora|move: Protect\n|-resisted|p1b: Sinistcha|1\n|-damage|p1b: Sinistcha|59/100\n|move|p2b: Farigiraf|Psychic Noise|p1b: Sinistcha\n|-damage|p1b: Sinistcha|31/100\n|-start|p1b: Sinistcha|move: Heal Block\n|cant|p1b: Sinistcha|move: Heal Block|Life Dew\n|\n|-heal|p2b: Farigiraf|78/100|[from] item: Leftovers\n|-sideend|p2: kronos22|Reflect\n|upkeep\n|turn|9\n|\n|t:|1776101630\n|move|p1b: Sinistcha|Rage Powder|p1b: Sinistcha\n|-singleturn|p1b: Sinistcha|move: Rage Powder\n|move|p2a: Primarina|Hyper Voice|p1b: Sinistcha|[spread] p1a,p1b\n|-supereffective|p1a: Glimmora|1\n|-resisted|p1b: Sinistcha|1\n|-damage|p1a: Glimmora|0 fnt\n|-damage|p1b: Sinistcha|15/100\n|faint|p1a: Glimmora\n|move|p2b: Farigiraf|Psychic Noise|p1b: Sinistcha\n|-damage|p1b: Sinistcha|0 fnt\n|faint|p1b: Sinistcha\n|\n|-heal|p2b: Farigiraf|84/100|[from] item: Leftovers\n|upkeep\n|\n|t:|1776101632\n|switch|p1b: Kommo-o|Kommo-o, L50, F, shiny|100/100\n|turn|10\n|-message|balzzzzz forfeited.\n|\n|win|kronos22\n|raw|balzzzzz's rating: 1334 &rarr; <strong>1315</strong><br />(-19 for losing)\n|raw|kronos22's rating: 1358 &rarr; <strong>1377</strong><br />(+19 for winning)\n|l|\u2606balzzzzz\n|player|p1|\n",
  "uploadtime": 1776101649,
  "views": 42,
  "formatid": "gen9championsvgc2026regma",
  "rating": 1315,
  "private": 0,
  "password": null
}