{
  "id": "gen9championsvgc2026regma-2588201237",
  "format": "[Gen 9 Champions] VGC 2026 Reg M-A",
  "players": [
    "treehuggingbunny",
    "Viviexists"
  ],
  "log": "|j|\u2606treehuggingbunny\n|j|\u2606Viviexists\n|t:|1776613898\n|gametype|doubles\n|player|p1|treehuggingbunny|pokekid|1163\n|player|p2|Viviexists|mela|1137\n|gen|9\n|tier|[Gen 9 Champions] VGC 2026 Reg M-A\n|rated|\n|rule|Species Clause: Limit one of each Pok\u00e9mon\n|rule|Item Clause: Limit 1 of each item\n|clearpoke\n|poke|p1|Aegislash, L50, F|\n|poke|p1|Floette-Eternal, L50, F|\n|poke|p1|Garchomp, L50, M|\n|poke|p1|Sinistcha, L50|\n|poke|p1|Rotom-Heat, L50|\n|poke|p1|Aerodactyl, L50, F|\n|poke|p2|Whimsicott, L50, F|\n|poke|p2|Palafin, L50, F, shiny|\n|poke|p2|Farigiraf, L50, F|\n|poke|p2|Incineroar, L50, M, shiny|\n|poke|p2|Delphox, L50, F, shiny|\n|poke|p2|Kingambit, L50, F|\n|teampreview|4\n|inactive|Battle timer is ON: inactive players will automatically lose when time's up. (requested by treehuggingbunny)\ntreehuggingbunny has agreed to open team sheets.\n|inactive|treehuggingbunny has 60 seconds left.\n|inactive|Viviexists has 60 seconds left.\n|inactive|treehuggingbunny has 30 seconds left.\n|inactive|treehuggingbunny has 20 seconds left.\n|inactive|treehuggingbunny has 15 seconds left.\n|\n|t:|1776613977\n|teamsize|p1|4\n|teamsize|p2|4\n|start\n|switch|p1a: Aerodactyl|Aerodactyl, L50, F|100/100\n|switch|p1b: Garchomp|Garchomp, L50, M|100/100\n|switch|p2a: Delphox|Delphox, L50, F, shiny|100/100\n|switch|p2b: Palafin|Palafin, L50, F, shiny|100/100\n|-ability|p1a: Aerodactyl|Unnerve\n|turn|1\n|\n|t:|1776613993\n|detailschange|p2b: Palafin|Palafin-Hero, L50, F, shiny\n|switch|p2b: Kingambit|Kingambit, L50, F|100/100\n|detailschange|p2a: Delphox|Delphox-Mega, L50, F, shiny\n|-mega|p2a: Delphox|Delphox|Delphoxite\n|move|p2a: Delphox|Protect|p2a: Delphox\n|-singleturn|p2a: Delphox|Protect\n|move|p1b: Garchomp|Earthquake|p2a: Delphox|[spread] p2b\n|-activate|p2a: Delphox|move: Protect\n|-immune|p1a: Aerodactyl\n|-supereffective|p2b: Kingambit|1\n|-damage|p2b: Kingambit|43/100\n|move|p1a: Aerodactyl|Tailwind|p1a: Aerodactyl\n|-sidestart|p1: treehuggingbunny|move: Tailwind\n|\n|upkeep\n|turn|2\n|\n|t:|1776614015\n|move|p2b: Kingambit|Sucker Punch|p1b: Garchomp\n|-damage|p1b: Garchomp|53/100\n|move|p1b: Garchomp|Earthquake|p2a: Delphox|[spread] p2b\n|-immune|p1a: Aerodactyl\n|-immune|p2a: Delphox|[from] ability: Levitate\n|-supereffective|p2b: Kingambit|1\n|-damage|p2b: Kingambit|0 fnt\n|faint|p2b: Kingambit\n|move|p1a: Aerodactyl|Rock Slide|p2a: Delphox\n|-supereffective|p2a: Delphox|1\n|-crit|p2a: Delphox\n|-damage|p2a: Delphox|0 fnt\n|faint|p2a: Delphox\n|\n|upkeep\n|\n|t:|1776614029\n|switch|p2a: Palafin|Palafin-Hero, L50, F, shiny|100/100\n|switch|p2b: Farigiraf|Farigiraf, L50, F|100/100\n|-activate|p2a: Palafin|ability: Zero to Hero\n|turn|3\n|\n|t:|1776614046\n|move|p2a: Palafin|Protect|p2a: Palafin\n|-singleturn|p2a: Palafin|Protect\n|move|p1b: Garchomp|Earthquake|p2b: Farigiraf|[spread] p2b\n|-activate|p2a: Palafin|move: Protect\n|-immune|p1a: Aerodactyl\n|-damage|p2b: Farigiraf|71/100\n|move|p1a: Aerodactyl|Rock Slide|p2a: Palafin|[spread] p2b\n|-activate|p2a: Palafin|move: Protect\n|-damage|p2b: Farigiraf|54/100\n|cant|p2b: Farigiraf|flinch\n|\n|-heal|p2b: Farigiraf|60/100|[from] item: Leftovers\n|upkeep\n|turn|4\n|inactive|treehuggingbunny has 30 seconds left.\n|\n|t:|1776614072\n|move|p2a: Palafin|Jet Punch|p1a: Aerodactyl\n|-supereffective|p1a: Aerodactyl|1\n|-enditem|p1a: Aerodactyl|Focus Sash\n|-damage|p1a: Aerodactyl|1/100\n|move|p1b: Garchomp|Earthquake|p2a: Palafin|[spread] p2a,p2b\n|-immune|p1a: Aerodactyl\n|-damage|p2a: Palafin|67/100\n|-damage|p2b: Farigiraf|32/100\n|move|p1a: Aerodactyl|Rock Slide|p2a: Palafin|[spread] p2a,p2b\n|-damage|p2a: Palafin|46/100\n|-damage|p2b: Farigiraf|15/100\n|cant|p2b: Farigiraf|flinch\n|\n|-heal|p2b: Farigiraf|21/100|[from] item: Leftovers\n|-sideend|p1: treehuggingbunny|move: Tailwind\n|upkeep\n|turn|5\n|\n|t:|1776614088\n|move|p1a: Aerodactyl|Protect|p1a: Aerodactyl\n|-singleturn|p1a: Aerodactyl|Protect\n|move|p2a: Palafin|Jet Punch|p1b: Garchomp\n|-damage|p1b: Garchomp|1/100\n|move|p1b: Garchomp|Earthquake|p2b: Farigiraf|[spread] p2a,p2b\n|-activate|p1a: Aerodactyl|move: Protect\n|-damage|p2a: Palafin|14/100\n|-damage|p2b: Farigiraf|0 fnt\n|faint|p2b: Farigiraf\n|\n|upkeep\n|turn|6\n|\n|t:|1776614105\n|move|p2a: Palafin|Jet Punch|p1a: Aerodactyl\n|-supereffective|p1a: Aerodactyl|1\n|-damage|p1a: Aerodactyl|0 fnt\n|faint|p1a: Aerodactyl\n|move|p1b: Garchomp|Earthquake|p2a: Palafin\n|-damage|p2a: Palafin|0 fnt\n|faint|p2a: Palafin\n|\n|win|treehuggingbunny\n|raw|treehuggingbunny's rating: 1163 &rarr; <strong>1186</strong><br />(+23 for winning)\n|raw|Viviexists's rating: 1137 &rarr; <strong>1114</strong><br />(-23 for losing)\n|l|\u2606treehuggingbunny\n|player|p1|\n",
  "uploadtime": 1776614120,
  "views": 13,
  "formatid": "gen9championsvgc2026regma",
  "rating": 1114,
  "private": 0,
  "password": null
}