{
  "id": "gen9championsvgc2026regma-2582870426",
  "format": "[Gen 9 Champions] VGC 2026 Reg M-A",
  "players": [
    "itsfrancoxx",
    "uberdu"
  ],
  "log": "|j|\u2606itsfrancoxx\n|j|\u2606uberdu\n|t:|1776120707\n|gametype|doubles\n|player|p1|itsfrancoxx|2|1027\n|player|p2|uberdu|blackbelt-gen4dp|1051\n|gen|9\n|tier|[Gen 9 Champions] VGC 2026 Reg M-A\n|rated|\n|rule|Species Clause: Limit one of each Pok\u00e9mon\n|rule|Item Clause: Limit 1 of each item\n|clearpoke\n|poke|p1|Incineroar, L50, M|\n|poke|p1|Basculegion, L50, M|\n|poke|p1|Pelipper, L50, M|\n|poke|p1|Archaludon, L50, F|\n|poke|p1|Dragonite, L50, M|\n|poke|p1|Sinistcha, L50|\n|poke|p2|Lucario, L50, F|\n|poke|p2|Umbreon, L50, M|\n|poke|p2|Scovillain, L50, F|\n|poke|p2|Whimsicott, L50, F|\n|poke|p2|Gyarados, L50, F|\n|poke|p2|Incineroar, L50, F|\n|teampreview|4\nitsfrancoxx rejected open team sheets.\n|inactive|Battle timer is ON: inactive players will automatically lose when time's up. (requested by uberdu)\n|\n|t:|1776120800\n|teamsize|p1|4\n|teamsize|p2|4\n|start\n|switch|p1a: Pelipper|Pelipper, L50, M|100/100\n|switch|p1b: Archaludon|Archaludon, L50, F|100/100\n|switch|p2a: Lucario|Lucario, L50, F|100/100\n|switch|p2b: Whimsicott|Whimsicott, L50, F|100/100\n|-weather|RainDance|[from] ability: Drizzle|[of] p1a: Pelipper\n|turn|1\n|\n|t:|1776120818\n|detailschange|p2a: Lucario|Lucario-Mega, L50, F\n|-mega|p2a: Lucario|Lucario|Lucarionite\n|move|p2b: Whimsicott|Light Screen|p2b: Whimsicott\n|-sidestart|p2: uberdu|move: Light Screen\n|move|p2a: Lucario|Aura Sphere|p1b: Archaludon\n|-supereffective|p1b: Archaludon|1\n|-damage|p1b: Archaludon|0 fnt\n|faint|p1b: Archaludon\n|move|p1a: Pelipper|Hurricane|p2a: Lucario\n|-damage|p2a: Lucario|43/100\n|-start|p2a: Lucario|confusion\n|\n|-weather|RainDance|[upkeep]\n|upkeep\n|\n|t:|1776120830\n|switch|p1b: Dragonite|Dragonite, L50, M|100/100\n|turn|2\n|\n|t:|1776120848\n|switch|p2a: Umbreon|Umbreon, L50, M, shiny|100/100\n|detailschange|p1b: Dragonite|Dragonite-Mega, L50, M\n|-mega|p1b: Dragonite|Dragonite|Dragoninite\n|move|p2b: Whimsicott|Moonblast|p1b: Dragonite\n|-supereffective|p1b: Dragonite|1\n|-damage|p1b: Dragonite|79/100\n|move|p1b: Dragonite|Hurricane|p2a: Umbreon\n|-damage|p2a: Umbreon|75/100\n|-start|p2a: Umbreon|confusion\n|move|p1a: Pelipper|Hurricane|p2b: Whimsicott\n|-supereffective|p2b: Whimsicott|1\n|-crit|p2b: Whimsicott\n|-enditem|p2b: Whimsicott|Focus Sash\n|-damage|p2b: Whimsicott|1/100\n|\n|-weather|RainDance|[upkeep]\n|-heal|p2a: Umbreon|81/100|[from] item: Leftovers\n|upkeep\n|turn|3\n|\n|t:|1776120870\n|move|p1b: Dragonite|Protect|p1b: Dragonite\n|-singleturn|p1b: Dragonite|Protect\n|move|p2b: Whimsicott|Moonblast|p1b: Dragonite\n|-activate|p1b: Dragonite|move: Protect\n|-activate|p2a: Umbreon|confusion\n|-damage|p2a: Umbreon|77/100|[from] confusion\n|move|p1a: Pelipper|U-turn|p2b: Whimsicott\n|-damage|p2b: Whimsicott|0 fnt\n|faint|p2b: Whimsicott\n|\n|t:|1776120878\n|switch|p1a: Basculegion|Basculegion, L50, M|100/100|[from] U-turn\n|\n|-weather|RainDance|[upkeep]\n|-heal|p2a: Umbreon|83/100|[from] item: Leftovers\n|upkeep\n|\n|t:|1776120884\n|switch|p2b: Scovillain|Scovillain, L50, F, shiny|100/100\n|turn|4\n|\n|t:|1776120904\n|move|p2b: Scovillain|Protect|p2b: Scovillain\n|-singleturn|p2b: Scovillain|Protect\n|move|p1a: Basculegion|Wave Crash|p2b: Scovillain\n|-activate|p2b: Scovillain|move: Protect\n|move|p1b: Dragonite|Draco Meteor|p2a: Umbreon|[miss]\n|-miss|p1b: Dragonite|p2a: Umbreon\n|-activate|p2a: Umbreon|confusion\n|move|p2a: Umbreon|Foul Play|p1a: Basculegion\n|-supereffective|p1a: Basculegion|1\n|-crit|p1a: Basculegion\n|-damage|p1a: Basculegion|0 fnt\n|faint|p1a: Basculegion\n|\n|-weather|RainDance|[upkeep]\n|-heal|p2a: Umbreon|89/100|[from] item: Leftovers\n|-ability|p2b: Scovillain|Moody|boost\n|-boost|p2b: Scovillain|atk|2\n|-unboost|p2b: Scovillain|def|1\n|upkeep\n|\n|t:|1776120914\n|switch|p1a: Pelipper|Pelipper, L50, M|100/100\n|turn|5\n|\n|t:|1776120927\n|move|p1b: Dragonite|Draco Meteor|p2a: Umbreon\n|-damage|p2a: Umbreon|58/100\n|-unboost|p1b: Dragonite|spa|2\n|move|p2b: Scovillain|Giga Drain|p1a: Pelipper\n|-damage|p1a: Pelipper|63/100\n|move|p1a: Pelipper|Hurricane|p2b: Scovillain\n|-supereffective|p2b: Scovillain|1\n|-damage|p2b: Scovillain|0 fnt\n|faint|p2b: Scovillain\n|-activate|p2a: Umbreon|confusion\n|move|p2a: Umbreon|Snarl|p1b: Dragonite|[spread] p1a,p1b\n|-damage|p1a: Pelipper|48/100\n|-damage|p1b: Dragonite|73/100\n|-unboost|p1a: Pelipper|spa|1\n|-unboost|p1b: Dragonite|spa|1\n|\n|-weather|none\n|-heal|p2a: Umbreon|64/100|[from] item: Leftovers\n|-sideend|p2: uberdu|move: Light Screen\n|upkeep\n|\n|t:|1776120941\n|switch|p2b: Lucario|Lucario-Mega, L50, F|43/100\n|turn|6\n|\n|t:|1776120950\n|move|p1b: Dragonite|Protect|p1b: Dragonite\n|-singleturn|p1b: Dragonite|Protect\n|move|p2b: Lucario|Stone Edge|p1a: Pelipper\n|-supereffective|p1a: Pelipper|1\n|-damage|p1a: Pelipper|0 fnt\n|faint|p1a: Pelipper\n|-end|p2a: Umbreon|confusion\n|move|p2a: Umbreon|Moonlight|p2a: Umbreon\n|-heal|p2a: Umbreon|100/100\n|\n|upkeep\n|turn|7\n|\n|t:|1776120961\n|move|p2b: Lucario|Stone Edge|p1b: Dragonite\n|-supereffective|p1b: Dragonite|1\n|-damage|p1b: Dragonite|20/100\n|move|p1b: Dragonite|Hurricane|p2b: Lucario\n|-damage|p2b: Lucario|0 fnt\n|faint|p2b: Lucario\n|move|p2a: Umbreon|Snarl|p1b: Dragonite\n|-damage|p1b: Dragonite|10/100\n|-unboost|p1b: Dragonite|spa|1\n|\n|upkeep\n|turn|8\n|\n|t:|1776120975\n|move|p1b: Dragonite|Protect|p1b: Dragonite\n|-singleturn|p1b: Dragonite|Protect\n|move|p2a: Umbreon|Foul Play|p1b: Dragonite\n|-activate|p1b: Dragonite|move: Protect\n|\n|upkeep\n|turn|9\n|\n|t:|1776120982\n|move|p1b: Dragonite|Hurricane|p2a: Umbreon\n|-crit|p2a: Umbreon\n|-damage|p2a: Umbreon|43/100\n|-start|p2a: Umbreon|confusion\n|-activate|p2a: Umbreon|confusion\n|move|p2a: Umbreon|Foul Play|p1b: Dragonite\n|-damage|p1b: Dragonite|0 fnt\n|faint|p1b: Dragonite\n|\n|win|uberdu\n|raw|itsfrancoxx's rating: 1027 &rarr; <strong>1014</strong><br />(-13 for losing)\n|raw|uberdu's rating: 1051 &rarr; <strong>1081</strong><br />(+30 for winning)\n|l|\u2606itsfrancoxx\n|player|p1|\n",
  "uploadtime": 1776121073,
  "views": 11,
  "formatid": "gen9championsvgc2026regma",
  "rating": 1014,
  "private": 0,
  "password": null
}