{
  "id": "gen9championsvgc2026regma-2583166497",
  "format": "[Gen 9 Champions] VGC 2026 Reg M-A",
  "players": [
    "YasuhiroHiga",
    "25528989d"
  ],
  "log": "|j|\u2606YasuhiroHiga\n|j|\u260625528989d\n|t:|1776150106\n|gametype|doubles\n|player|p1|YasuhiroHiga|266|1089\n|player|p2|25528989d|roxie-masters|1000\n|gen|9\n|tier|[Gen 9 Champions] VGC 2026 Reg M-A\n|rated|\n|rule|Species Clause: Limit one of each Pok\u00e9mon\n|rule|Item Clause: Limit 1 of each item\n|clearpoke\n|poke|p1|Arcanine, L50, M|\n|poke|p1|Rotom-Wash, L50|\n|poke|p1|Garchomp, L50, M|\n|poke|p1|Venusaur, L50, M|\n|poke|p1|Corviknight, L50, M|\n|poke|p1|Sneasler, L50, F|\n|poke|p2|Charizard, L50, F|\n|poke|p2|Tyranitar, L50, F|\n|poke|p2|Gyarados, L50, F|\n|poke|p2|Garchomp, L50, F|\n|poke|p2|Rotom-Mow, L50|\n|poke|p2|Lucario, L50, F|\n|teampreview|4\n|\n|t:|1776150180\n|teamsize|p1|4\n|teamsize|p2|4\n|start\n|switch|p1a: Corviknight|Corviknight, L50, M|100/100\n|switch|p1b: Garchomp|Garchomp, L50, M|100/100\n|switch|p2a: Charizard|Charizard, L50, F|100/100\n|switch|p2b: Gyarados|Gyarados, L50, F|100/100\n|-ability|p2b: Gyarados|Intimidate|boost\n|-ability|p1a: Corviknight|Mirror Armor\n|-unboost|p2b: Gyarados|atk|1\n|-unboost|p1b: Garchomp|atk|1\n|-enditem|p1b: Garchomp|White Herb\n|-clearnegativeboost|p1b: Garchomp|[silent]\n|turn|1\n|\n|t:|1776150218\n|switch|p2a: Garchomp|Garchomp, L50, F|100/100\n|move|p1b: Garchomp|Stone Edge|p2a: Garchomp\n|-resisted|p2a: Garchomp|1\n|-damage|p2a: Garchomp|84/100\n|move|p2b: Gyarados|Thunder Wave|p1a: Corviknight\n|-status|p1a: Corviknight|par\n|move|p1a: Corviknight|Tailwind|p1a: Corviknight\n|-sidestart|p1: YasuhiroHiga|move: Tailwind\n|\n|upkeep\n|turn|2\n|\n|t:|1776150248\n|switch|p2a: Rotom|Rotom-Mow, L50|100/100\n|move|p2b: Gyarados|Protect|p2b: Gyarados\n|-singleturn|p2b: Gyarados|Protect\n|move|p1b: Garchomp|Dragon Claw|p2a: Rotom\n|-damage|p2a: Rotom|64/100\n|move|p1a: Corviknight|Brave Bird|p2b: Gyarados\n|-activate|p2b: Gyarados|move: Protect\n|\n|upkeep\n|turn|3\n|\n|t:|1776150267\n|switch|p2b: Garchomp|Garchomp, L50, F|84/100\n|switch|p1a: Sneasler|Sneasler, L50, F|100/100\n|move|p1b: Garchomp|Dragon Claw|p2b: Garchomp\n|-supereffective|p2b: Garchomp|1\n|-damage|p2b: Garchomp|9/100\n|move|p2a: Rotom|Will-O-Wisp|p1b: Garchomp\n|-status|p1b: Garchomp|brn\n|\n|-damage|p1b: Garchomp|95/100 brn|[from] brn\n|upkeep\n|turn|4\n|\n|t:|1776150290\n|switch|p2b: Gyarados|Gyarados, L50, F|100/100\n|-ability|p2b: Gyarados|Intimidate|boost\n|-unboost|p1a: Sneasler|atk|1\n|-unboost|p1b: Garchomp|atk|1\n|move|p2a: Rotom|Protect|p2a: Rotom\n|-singleturn|p2a: Rotom|Protect\n|move|p1a: Sneasler|Fake Out|p2b: Gyarados\n|-damage|p2b: Gyarados|92/100\n|move|p1b: Garchomp|Dragon Claw|p2a: Rotom\n|-activate|p2a: Rotom|move: Protect\n|\n|-damage|p1b: Garchomp|89/100 brn|[from] brn\n|-sideend|p1: YasuhiroHiga|move: Tailwind\n|upkeep\n|turn|5\n|\n|t:|1776150336\n|switch|p1b: Venusaur|Venusaur, L50, M|100/100\n|move|p1a: Sneasler|Dire Claw|p2a: Rotom\n|-supereffective|p2a: Rotom|1\n|-damage|p2a: Rotom|18/100\n|-enditem|p2a: Rotom|Sitrus Berry|[eat]\n|-heal|p2a: Rotom|43/100|[from] item: Sitrus Berry\n|move|p2a: Rotom|Thunderbolt|p1a: Sneasler\n|-damage|p1a: Sneasler|56/100\n|move|p2b: Gyarados|Thunder Wave|p1a: Sneasler\n|-status|p1a: Sneasler|par\n|\n|upkeep\n|turn|6\n|\n|t:|1776150360\n|detailschange|p1b: Venusaur|Venusaur-Mega, L50, M\n|-mega|p1b: Venusaur|Venusaur|Venusaurite\n|move|p2a: Rotom|Leaf Storm|p1a: Sneasler|[miss]\n|-miss|p2a: Rotom|p1a: Sneasler\n|move|p1b: Venusaur|Leech Seed|p2b: Gyarados\n|-start|p2b: Gyarados|move: Leech Seed\n|move|p2b: Gyarados|Thunder Wave|p1b: Venusaur\n|-status|p1b: Venusaur|par\n|move|p1a: Sneasler|Dire Claw|p2a: Rotom\n|-supereffective|p2a: Rotom|1\n|-damage|p2a: Rotom|0 fnt\n|faint|p2a: Rotom\n|\n|-damage|p2b: Gyarados|79/100|[from] Leech Seed|[of] p1b: Venusaur\n|upkeep\n|\n|t:|1776150380\n|switch|p2a: Garchomp|Garchomp, L50, F|9/100\n|turn|7\n|\n|t:|1776150399\n|switch|p2b: Charizard|Charizard, L50, F|100/100\n|move|p2a: Garchomp|Earthquake|p1a: Sneasler|[spread] p1a,p1b\n|-immune|p2b: Charizard\n|-supereffective|p1a: Sneasler|1\n|-damage|p1a: Sneasler|0 fnt\n|-damage|p1b: Venusaur|68/100 par\n|faint|p1a: Sneasler\n|move|p1b: Venusaur|Leech Seed|p2a: Garchomp\n|-start|p2a: Garchomp|move: Leech Seed\n|\n|-damage|p2a: Garchomp|0 fnt|[from] Leech Seed|[of] p1b: Venusaur\n|-heal|p1b: Venusaur|77/100 par|[silent]\n|faint|p2a: Garchomp\n|upkeep\n|\n|t:|1776150412\n|switch|p1a: Garchomp|Garchomp, L50, M|89/100 brn\n|switch|p2a: Gyarados|Gyarados, L50, F|79/100\n|-ability|p2a: Gyarados|Intimidate|boost\n|-unboost|p1a: Garchomp|atk|1\n|-unboost|p1b: Venusaur|atk|1\n|turn|8\n|\n|t:|1776150436\n|detailschange|p2b: Charizard|Charizard-Mega-Y, L50, F\n|-mega|p2b: Charizard|Charizard|Charizardite Y\n|-weather|SunnyDay|[from] ability: Drought|[of] p2b: Charizard\n|move|p2a: Gyarados|Helping Hand|p2b: Charizard\n|-singleturn|p2b: Charizard|Helping Hand|[of] p2a: Gyarados\n|move|p1a: Garchomp|Stone Edge|p2b: Charizard\n|-supereffective|p2b: Charizard|2\n|-damage|p2b: Charizard|45/100\n|move|p2b: Charizard|Air Slash|p1a: Garchomp\n|-damage|p1a: Garchomp|17/100 brn\n|move|p1b: Venusaur|Leech Seed|p2a: Gyarados\n|-start|p2a: Gyarados|move: Leech Seed\n|\n|-weather|SunnyDay|[upkeep]\n|-damage|p2a: Gyarados|67/100|[from] Leech Seed|[of] p1b: Venusaur\n|-heal|p1b: Venusaur|90/100 par|[silent]\n|-damage|p1a: Garchomp|11/100 brn|[from] brn\n|upkeep\n|turn|9\n|\n|t:|1776150455\n|move|p2b: Charizard|Protect|p2b: Charizard\n|-singleturn|p2b: Charizard|Protect\n|move|p1a: Garchomp|Stone Edge|p2b: Charizard\n|-activate|p2b: Charizard|move: Protect\n|move|p2a: Gyarados|Waterfall|p1a: Garchomp\n|-damage|p1a: Garchomp|0 fnt\n|-damage|p2a: Gyarados|54/100|[from] ability: Rough Skin|[of] p1a: Garchomp\n|faint|p1a: Garchomp\n|move|p1b: Venusaur|Giga Drain|p2a: Gyarados\n|-damage|p2a: Gyarados|29/100\n|-heal|p1b: Venusaur|100/100 par|[from] drain|[of] p2a: Gyarados\n|\n|-weather|SunnyDay|[upkeep]\n|-damage|p2a: Gyarados|16/100|[from] Leech Seed|[of] p1b: Venusaur\n|upkeep\n|\n|t:|1776150469\n|switch|p1a: Corviknight|Corviknight, L50, M|100/100 par\n|turn|10\n|\n|t:|1776150483\n|move|p2a: Gyarados|Helping Hand|p2b: Charizard\n|-singleturn|p2b: Charizard|Helping Hand|[of] p2a: Gyarados\n|move|p2b: Charizard|Heat Wave|p1a: Corviknight|[spread] p1a,p1b\n|-supereffective|p1a: Corviknight|1\n|-supereffective|p1b: Venusaur|1\n|-damage|p1a: Corviknight|0 fnt\n|-damage|p1b: Venusaur|27/100 par\n|faint|p1a: Corviknight\n|move|p1b: Venusaur|Sludge Bomb|p2b: Charizard\n|-damage|p2b: Charizard|8/100\n|\n|-weather|SunnyDay|[upkeep]\n|-damage|p2a: Gyarados|4/100|[from] Leech Seed|[of] p1b: Venusaur\n|-heal|p1b: Venusaur|40/100 par|[silent]\n|upkeep\n|turn|11\n|\n|t:|1776150499\n|move|p1b: Venusaur|Protect|p1b: Venusaur\n|-singleturn|p1b: Venusaur|Protect\n|move|p2b: Charizard|Air Slash|p1b: Venusaur\n|-activate|p1b: Venusaur|move: Protect\n|move|p2a: Gyarados|Waterfall|p1b: Venusaur\n|-activate|p1b: Venusaur|move: Protect\n|\n|-weather|SunnyDay|[upkeep]\n|-damage|p2a: Gyarados|0 fnt|[from] Leech Seed|[of] p1b: Venusaur\n|-heal|p1b: Venusaur|44/100 par|[silent]\n|faint|p2a: Gyarados\n|upkeep\n|turn|12\n|\n|t:|1776150514\n|move|p2b: Charizard|Air Slash|p1b: Venusaur\n|-supereffective|p1b: Venusaur|1\n|-damage|p1b: Venusaur|0 fnt\n|faint|p1b: Venusaur\n|\n|win|25528989d\n|raw|YasuhiroHiga's rating: 1089 &rarr; <strong>1060</strong><br />(-29 for losing)\n|raw|25528989d's rating: 1000 &rarr; <strong>1050</strong><br />(+50 for winning)\n",
  "uploadtime": 1776150514,
  "views": 23,
  "formatid": "gen9championsvgc2026regma",
  "rating": 1050,
  "private": 0,
  "password": null
}