{
  "id": "gen9championsvgc2026regma-2588543810",
  "format": "[Gen 9 Champions] VGC 2026 Reg M-A",
  "players": [
    "notcheetofingers",
    "Zeldiha11"
  ],
  "log": "|j|\u2606notcheetofingers\n|j|\u2606Zeldiha11\n|t:|1776643400\n|gametype|doubles\n|player|p1|notcheetofingers|pokemaniac|1173\n|player|p2|Zeldiha11|169|1180\n|gen|9\n|tier|[Gen 9 Champions] VGC 2026 Reg M-A\n|rated|\n|rule|Species Clause: Limit one of each Pok\u00e9mon\n|rule|Item Clause: Limit 1 of each item\n|clearpoke\n|poke|p1|Ampharos, L50, M|\n|poke|p1|Klefki, L50, F|\n|poke|p1|Farigiraf, L50, M|\n|poke|p1|Primarina, L50, M|\n|poke|p1|Incineroar, L50, F|\n|poke|p1|Snorlax, L50, M|\n|poke|p2|Gengar, L50, F|\n|poke|p2|Incineroar, L50, M|\n|poke|p2|Rotom-Wash, L50|\n|poke|p2|Corviknight, L50, F|\n|poke|p2|Politoed, L50, M|\n|poke|p2|Jolteon, L50, M|\n|teampreview|4\n|j| taterwow\n|l| taterwow\n|\n|t:|1776643437\n|teamsize|p1|4\n|teamsize|p2|4\n|start\n|switch|p1a: Farigiraf|Farigiraf, L50, M|100/100\n|switch|p1b: Snorlax|Snorlax, L50, M|100/100\n|switch|p2a: Incineroar|Incineroar, L50, M|100/100\n|switch|p2b: Gengar|Gengar, L50, F|100/100\n|-ability|p2a: Incineroar|Intimidate|boost\n|-unboost|p1a: Farigiraf|atk|1\n|-unboost|p1b: Snorlax|atk|1\n|turn|1\n|\n|t:|1776643457\n|detailschange|p2b: Gengar|Gengar-Mega, L50, F\n|-mega|p2b: Gengar|Gengar|Gengarite\n|move|p2b: Gengar|Perish Song|p2b: Gengar\n|-start|p1a: Farigiraf|perish3|[silent]\n|-start|p1b: Snorlax|perish3|[silent]\n|-start|p2a: Incineroar|perish3|[silent]\n|-start|p2b: Gengar|perish3|[silent]\n|-fieldactivate|move: Perish Song\n|move|p2a: Incineroar|Darkest Lariat|p1a: Farigiraf\n|-supereffective|p1a: Farigiraf|1\n|-damage|p1a: Farigiraf|34/100\n|-enditem|p1a: Farigiraf|Sitrus Berry|[eat]\n|-heal|p1a: Farigiraf|59/100|[from] item: Sitrus Berry\n|move|p1b: Snorlax|Curse|p1b: Snorlax\n|-unboost|p1b: Snorlax|spe|1\n|-boost|p1b: Snorlax|atk|1\n|-boost|p1b: Snorlax|def|1\n|move|p1a: Farigiraf|Trick Room|p1a: Farigiraf\n|-fieldstart|move: Trick Room|[of] p1a: Farigiraf\n|\n|-start|p1b: Snorlax|perish3\n|-start|p1a: Farigiraf|perish3\n|-start|p2a: Incineroar|perish3\n|-start|p2b: Gengar|perish3\n|upkeep\n|turn|2\n|\n|t:|1776643498\n|move|p1a: Farigiraf|Protect|p1a: Farigiraf\n|-singleturn|p1a: Farigiraf|Protect\n|move|p2a: Incineroar|Protect|p2a: Incineroar\n|-singleturn|p2a: Incineroar|Protect\n|move|p2b: Gengar|Protect|p2b: Gengar\n|-singleturn|p2b: Gengar|Protect\n|move|p1b: Snorlax|Curse|p1b: Snorlax\n|-unboost|p1b: Snorlax|spe|1\n|-boost|p1b: Snorlax|atk|1\n|-boost|p1b: Snorlax|def|1\n|\n|-start|p1b: Snorlax|perish2\n|-start|p1a: Farigiraf|perish2\n|-start|p2a: Incineroar|perish2\n|-start|p2b: Gengar|perish2\n|upkeep\n|turn|3\n|\n|t:|1776643520\n|switch|p2b: Politoed|Politoed, L50, M|100/100\n|-weather|RainDance|[from] ability: Drizzle|[of] p2b: Politoed\n|move|p1b: Snorlax|High Horsepower|p2b: Politoed\n|-damage|p2b: Politoed|43/100\n|move|p1a: Farigiraf|Hyper Voice|p2a: Incineroar|[spread] p2a,p2b\n|-damage|p2a: Incineroar|75/100\n|-damage|p2b: Politoed|23/100\n|move|p2a: Incineroar|Parting Shot|p1b: Snorlax\n|-unboost|p1b: Snorlax|atk|1\n|-unboost|p1b: Snorlax|spa|1\n|\n|t:|1776643532\n|switch|p2a: Gengar|Gengar-Mega, L50, F|100/100|[from] Parting Shot\n|\n|-weather|RainDance|[upkeep]\n|-start|p1b: Snorlax|perish1\n|-start|p1a: Farigiraf|perish1\n|upkeep\n|turn|4\n|\n|t:|1776643549\n|move|p2b: Politoed|Protect|p2b: Politoed\n|-singleturn|p2b: Politoed|Protect\n|move|p2a: Gengar|Protect|p2a: Gengar\n|-singleturn|p2a: Gengar|Protect\n|move|p1b: Snorlax|Curse|p1b: Snorlax\n|-unboost|p1b: Snorlax|spe|1\n|-boost|p1b: Snorlax|atk|1\n|-boost|p1b: Snorlax|def|1\n|move|p1a: Farigiraf|Psychic|p2a: Gengar\n|-activate|p2a: Gengar|move: Protect\n|\n|-weather|RainDance|[upkeep]\n|-start|p1b: Snorlax|perish0\n|-start|p1a: Farigiraf|perish0\n|faint|p1b: Snorlax\n|faint|p1a: Farigiraf\n|upkeep\n|\n|t:|1776643562\n|switch|p1b: Ampharos|Ampharos, L50, M|100/100\n|switch|p1a: Incineroar|Incineroar, L50, F|100/100\n|-ability|p1a: Incineroar|Intimidate|boost\n|-unboost|p2a: Gengar|atk|1\n|-unboost|p2b: Politoed|atk|1\n|turn|5\n|\n|t:|1776643581\n|switch|p2b: Incineroar|Incineroar, L50, M|75/100\n|-ability|p2b: Incineroar|Intimidate|boost\n|-unboost|p1a: Incineroar|atk|1\n|-unboost|p1b: Ampharos|atk|1\n|detailschange|p1b: Ampharos|Ampharos-Mega, L50, M\n|-mega|p1b: Ampharos|Ampharos|Ampharosite\n|-ability|p1b: Ampharos|Mold Breaker\n|move|p1b: Ampharos|Thunderbolt|p2a: Gengar\n|-damage|p2a: Gengar|20/100\n|-status|p2a: Gengar|par\n|move|p1a: Incineroar|Darkest Lariat|p2a: Gengar\n|-supereffective|p2a: Gengar|1\n|-damage|p2a: Gengar|0 fnt\n|faint|p2a: Gengar\n|\n|-weather|RainDance|[upkeep]\n|-fieldend|move: Trick Room\n|upkeep\n|\n|t:|1776643598\n|switch|p2a: Jolteon|Jolteon, L50, M|100/100\n|turn|6\n|\n|t:|1776643624\n|move|p2a: Jolteon|Wish|p2a: Jolteon\n|move|p2b: Incineroar|Parting Shot|p1b: Ampharos\n|-unboost|p1b: Ampharos|atk|1\n|-unboost|p1b: Ampharos|spa|1\n|\n|t:|1776643631\n|switch|p2b: Politoed|Politoed, L50, M|23/100|[from] Parting Shot\n|move|p1a: Incineroar|Darkest Lariat|p2a: Jolteon\n|-damage|p2a: Jolteon|55/100\n|move|p1b: Ampharos|Dragon Pulse|p2a: Jolteon\n|-damage|p2a: Jolteon|5/100\n|\n|-weather|RainDance|[upkeep]\n|upkeep\n|turn|7\n|\n|t:|1776643655\n|switch|p2b: Incineroar|Incineroar, L50, M|75/100\n|-ability|p2b: Incineroar|Intimidate|boost\n|-unboost|p1a: Incineroar|atk|1\n|-unboost|p1b: Ampharos|atk|1\n|move|p2a: Jolteon|Protect|p2a: Jolteon\n|-singleturn|p2a: Jolteon|Protect\n|move|p1a: Incineroar|Darkest Lariat|p2a: Jolteon\n|-activate|p2a: Jolteon|move: Protect\n|move|p1b: Ampharos|Thunderbolt|p2b: Incineroar\n|-crit|p2b: Incineroar\n|-damage|p2b: Incineroar|3/100\n|-enditem|p2b: Incineroar|Sitrus Berry|[eat]\n|-heal|p2b: Incineroar|28/100|[from] item: Sitrus Berry\n|\n|-weather|none\n|-heal|p2a: Jolteon|55/100|[from] move: Wish|[wisher] Jolteon\n|upkeep\n|turn|8\n|\n|t:|1776643696\n|move|p2a: Jolteon|Shadow Ball|p1b: Ampharos\n|-damage|p1b: Ampharos|78/100\n|move|p2b: Incineroar|Darkest Lariat|p1b: Ampharos\n|-damage|p1b: Ampharos|46/100\n|move|p1a: Incineroar|Darkest Lariat|p2a: Jolteon\n|-damage|p2a: Jolteon|23/100\n|move|p1b: Ampharos|Thunderbolt|p2b: Incineroar\n|-damage|p2b: Incineroar|0 fnt\n|faint|p2b: Incineroar\n|\n|upkeep\n|\n|t:|1776643706\n|switch|p2b: Politoed|Politoed, L50, M|23/100\n|-weather|RainDance|[from] ability: Drizzle|[of] p2b: Politoed\n|turn|9\n|\n|t:|1776643730\n|move|p2a: Jolteon|Shadow Ball|p1b: Ampharos\n|-damage|p1b: Ampharos|22/100\n|-unboost|p1b: Ampharos|spd|1\n|move|p2b: Politoed|Hydro Pump|p1a: Incineroar\n|-supereffective|p1a: Incineroar|1\n|-damage|p1a: Incineroar|0 fnt\n|faint|p1a: Incineroar\n|move|p1b: Ampharos|Thunderbolt|p2b: Politoed\n|-supereffective|p2b: Politoed|1\n|-damage|p2b: Politoed|0 fnt\n|faint|p2b: Politoed\n|\n|-weather|RainDance|[upkeep]\n|upkeep\n|turn|10\n|\n|t:|1776643747\n|move|p2a: Jolteon|Shadow Ball|p1b: Ampharos\n|-damage|p1b: Ampharos|0 fnt\n|faint|p1b: Ampharos\n|\n|win|Zeldiha11\n|raw|notcheetofingers's rating: 1173 &rarr; <strong>1149</strong><br />(-24 for losing)\n|raw|Zeldiha11's rating: 1180 &rarr; <strong>1204</strong><br />(+24 for winning)\n",
  "uploadtime": 1776643752,
  "views": 6,
  "formatid": "gen9championsvgc2026regma",
  "rating": 1149,
  "private": 0,
  "password": null
}