{
  "id": "gen9championsvgc2026regma-2581011818",
  "format": "[Gen 9 Champions] VGC 2026 Reg M-A",
  "players": [
    "namboyVGC",
    "CrossAlter"
  ],
  "log": "|j|\u2606namboyVGC\n|j|\u2606CrossAlter\n|t:|1775951570\n|gametype|doubles\n|player|p1|namboyVGC|pokemonranger-gen4|1116\n|player|p2|CrossAlter|yellow|1029\n|gen|9\n|tier|[Gen 9 Champions] VGC 2026 Reg M-A\n|rated|\n|rule|Species Clause: Limit one of each Pok\u00e9mon\n|rule|Item Clause: Limit 1 of each item\n|clearpoke\n|poke|p1|Sableye, L50, F|\n|poke|p1|Sneasler, L50, M|\n|poke|p1|Maushold, L50|\n|poke|p1|Starmie, L50|\n|poke|p1|Delphox, L50, F|\n|poke|p1|Garchomp, L50, F|\n|poke|p2|Farigiraf, L50, F|\n|poke|p2|Clefable, L50, F|\n|poke|p2|Venusaur, L50, M|\n|poke|p2|Sneasler, L50, M|\n|poke|p2|Primarina, L50, F|\n|poke|p2|Rotom-Heat, L50|\n|teampreview|4\n|inactive|Battle timer is ON: inactive players will automatically lose when time's up. (requested by namboyVGC)\nnamboyVGC has agreed to open team sheets.\nCrossAlter has agreed to open team sheets.\n|showteam|p1|Sableye||MentalHerb|Prankster|Swagger,FakeOut,Gravity,Quash|||F|||50|]Sneasler||LumBerry|Unburden|CloseCombat,DireClaw,ThroatChop,Protect|||M|||50|]Maushold||SilkScarf|Technician|PopulationBomb,ThunderWave,FollowMe,Protect||||||50|]Starmie||Starminite|Illuminate|Liquidation,AquaJet,IceSpinner,Protect||||||50|]Delphox||Delphoxite|Blaze|BlastBurn,Psychic,ShadowBall,Protect|||F|||50|]Garchomp||SoftSand|SandVeil|Earthquake,StompingTantrum,DragonClaw,Protect|||F|||50|\n|showteam|p2|Farigiraf||SitrusBerry|ArmorTail|Protect,HyperVoice,Psychic,TrickRoom|||F|||50|]Clefable||Leftovers|Unaware|Protect,FollowMe,Moonblast,ShadowBall|||F|||50|]Venusaur||Venusaurite|Chlorophyll|Protect,SludgeBomb,SleepPowder,SunnyDay|||M|||50|]Sneasler||WhiteHerb|Unburden|Protect,DireClaw,CloseCombat,FakeOut|||M|||50|]Primarina||MysticWater|LiquidVoice|Protect,Moonblast,HyperVoice,CalmMind|||F|||50|]Rotom-Heat||FocusSash|Levitate|Protect,VoltSwitch,WillOWisp,Overheat||||||50|\n|inactive|namboyVGC has 60 seconds left.\n|inactive|CrossAlter has 60 seconds left.\n|inactive|CrossAlter has 30 seconds left.\n|inactive|CrossAlter has 20 seconds left.\n|\n|t:|1775951645\n|teamsize|p1|4\n|teamsize|p2|4\n|start\n|switch|p1a: Maushold|Maushold, L50|100/100\n|switch|p1b: Sableye|Sableye, L50, F|100/100\n|switch|p2a: Venusaur|Venusaur, L50, M|100/100\n|switch|p2b: Farigiraf|Farigiraf, L50, F|100/100\n|turn|1\n|\n|t:|1775951657\n|move|p1b: Sableye|Gravity|p1b: Sableye\n|-fieldstart|move: Gravity\n|move|p1a: Maushold|Population Bomb|p2b: Farigiraf\n|-damage|p2b: Farigiraf|85/100\n|-damage|p2b: Farigiraf|70/100\n|-damage|p2b: Farigiraf|55/100\n|-damage|p2b: Farigiraf|40/100\n|-enditem|p2b: Farigiraf|Sitrus Berry|[eat]\n|-heal|p2b: Farigiraf|65/100|[from] item: Sitrus Berry\n|-damage|p2b: Farigiraf|51/100\n|-damage|p2b: Farigiraf|35/100\n|-damage|p2b: Farigiraf|19/100\n|-damage|p2b: Farigiraf|3/100\n|-damage|p2b: Farigiraf|0 fnt\n|faint|p2b: Farigiraf\n|-hitcount|p2: Farigiraf|9\n|move|p2a: Venusaur|Sunny Day|p2a: Venusaur\n|-weather|SunnyDay\n|\n|-weather|SunnyDay|[upkeep]\n|upkeep\n|\n|t:|1775951675\n|switch|p2b: Sneasler|Sneasler, L50, M|100/100\n|turn|2\n|\n|t:|1775951700\n|move|p1a: Maushold|Protect|p1a: Maushold\n|-singleturn|p1a: Maushold|Protect\n|move|p1b: Sableye|Swagger|p2a: Venusaur\n|-boost|p2a: Venusaur|atk|2\n|-start|p2a: Venusaur|confusion\n|-activate|p2a: Venusaur|confusion\n|move|p2a: Venusaur|Sleep Powder|p1a: Maushold\n|-activate|p1a: Maushold|move: Protect\n|move|p2b: Sneasler|Close Combat|p1a: Maushold\n|-activate|p1a: Maushold|move: Protect\n|\n|-weather|SunnyDay|[upkeep]\n|upkeep\n|turn|3\n|inactive|namboyVGC has 30 seconds left.\n|\n|t:|1775951727\n|move|p1b: Sableye|Quash|p2a: Venusaur\n|-activate|p2a: Venusaur|move: Quash\n|move|p1a: Maushold|Population Bomb|p2b: Sneasler\n|-damage|p2b: Sneasler|82/100\n|-damage|p2b: Sneasler|61/100\n|-damage|p2b: Sneasler|42/100\n|-damage|p2b: Sneasler|22/100\n|-damage|p2b: Sneasler|3/100\n|-damage|p2b: Sneasler|0 fnt\n|faint|p2b: Sneasler\n|-hitcount|p2: Sneasler|6\n|-activate|p2a: Venusaur|confusion\n|move|p2a: Venusaur|Sleep Powder|p1a: Maushold\n|-status|p1a: Maushold|slp|[from] move: Sleep Powder\n|\n|-weather|SunnyDay|[upkeep]\n|upkeep\n|\n|t:|1775951742\n|switch|p2b: Primarina|Primarina, L50, F|100/100\n|turn|4\n|\n|t:|1775951751\n|move|p1b: Sableye|Swagger|p2b: Primarina\n|-boost|p2b: Primarina|atk|2\n|-start|p2b: Primarina|confusion\n|-activate|p2a: Venusaur|confusion\n|move|p2a: Venusaur|Sludge Bomb|p1b: Sableye\n|-resisted|p1b: Sableye|1\n|-damage|p1b: Sableye|79/100\n|cant|p1a: Maushold|slp\n|-activate|p2b: Primarina|confusion\n|move|p2b: Primarina|Moonblast|p1b: Sableye\n|-supereffective|p1b: Sableye|1\n|-damage|p1b: Sableye|0 fnt\n|faint|p1b: Sableye\n|\n|-weather|SunnyDay|[upkeep]\n|upkeep\n|\n|t:|1775951765\n|switch|p1b: Sneasler|Sneasler, L50, M|100/100\n|turn|5\n|\n|t:|1775951773\n|move|p1b: Sneasler|Protect|p1b: Sneasler\n|-singleturn|p1b: Sneasler|Protect\n|-activate|p2b: Primarina|confusion\n|-damage|p2b: Primarina|84/100|[from] confusion\n|-end|p2a: Venusaur|confusion\n|move|p2a: Venusaur|Sleep Powder|p1b: Sneasler\n|-activate|p1b: Sneasler|move: Protect\n|-curestatus|p1a: Maushold|slp|[msg]\n|move|p1a: Maushold|Population Bomb|p2a: Venusaur\n|-damage|p2a: Venusaur|88/100\n|-damage|p2a: Venusaur|74/100\n|-crit|p2a: Venusaur\n|-damage|p2a: Venusaur|56/100\n|-damage|p2a: Venusaur|44/100\n|-damage|p2a: Venusaur|32/100\n|-damage|p2a: Venusaur|20/100\n|-damage|p2a: Venusaur|8/100\n|-damage|p2a: Venusaur|0 fnt\n|faint|p2a: Venusaur\n|-hitcount|p2: Venusaur|8\n|\n|-weather|none\n|-fieldend|move: Gravity\n|upkeep\n|turn|6\n|\n|t:|1775951792\n|move|p1a: Maushold|Thunder Wave|p2b: Primarina\n|-status|p2b: Primarina|par\n|move|p1b: Sneasler|Dire Claw|p2b: Primarina\n|-supereffective|p2b: Primarina|1\n|-damage|p2b: Primarina|0 fnt\n|faint|p2b: Primarina\n|\n|win|namboyVGC\n|raw|namboyVGC's rating: 1116 &rarr; <strong>1135</strong><br />(+19 for winning)\n|raw|CrossAlter's rating: 1029 &rarr; <strong>1018</strong><br />(-11 for losing)\n",
  "uploadtime": 1775951793,
  "views": 13,
  "formatid": "gen9championsvgc2026regma",
  "rating": 1018,
  "private": 0,
  "password": null
}