{
  "id": "gen9championsvgc2026regma-2584596144",
  "format": "[Gen 9 Champions] VGC 2026 Reg M-A",
  "players": [
    "askeru",
    "killerash20"
  ],
  "log": "|j|\u2606askeru\n|j|\u2606killerash20\n|t:|1776271067\n|gametype|doubles\n|player|p1|askeru|aromalady|1081\n|player|p2|killerash20|170|1101\n|gen|9\n|tier|[Gen 9 Champions] VGC 2026 Reg M-A\n|rated|\n|rule|Species Clause: Limit one of each Pok\u00e9mon\n|rule|Item Clause: Limit 1 of each item\n|clearpoke\n|poke|p1|Umbreon, L50, M|\n|poke|p1|Gardevoir, L50, F|\n|poke|p1|Sneasler, L50, F|\n|poke|p1|Arcanine, L50, M|\n|poke|p1|Sinistcha, L50|\n|poke|p1|Hydreigon, L50, M|\n|poke|p2|Liepard, L50, F|\n|poke|p2|Leafeon, L50, F|\n|poke|p2|Meganium, L50, M|\n|poke|p2|Delphox, L50, M|\n|poke|p2|Heliolisk, L50, F|\n|poke|p2|Kommo-o, L50, F|\n|teampreview|4\n|inactive|Battle timer is ON: inactive players will automatically lose when time's up. (requested by killerash20)\n|\n|t:|1776271090\n|teamsize|p1|4\n|teamsize|p2|4\n|start\n|switch|p1a: Umbreon|Umbreon, L50, M|100/100\n|switch|p1b: Hydreigon|Hydreigon, L50, M|100/100\n|switch|p2a: Liepard|Liepard, L50, F|100/100\n|switch|p2b: Delphox|Delphox, L50, M|100/100\n|turn|1\n|inactive|askeru has 30 seconds left.\n|inactive|askeru has 20 seconds left.\n|\n|t:|1776271129\n|detailschange|p2b: Delphox|Delphox-Mega, L50, M\n|-mega|p2b: Delphox|Delphox|Delphoxite\n|move|p2a: Liepard|Fake Out|p1b: Hydreigon\n|-damage|p1b: Hydreigon|88/100\n|move|p2b: Delphox|Flamethrower|p1a: Umbreon\n|-damage|p1a: Umbreon|66/100\n|cant|p1b: Hydreigon|flinch\n|move|p1a: Umbreon|Snarl|p2a: Liepard|[spread] p2a\n|-miss|p1a: Umbreon|p2b: Delphox\n|-resisted|p2a: Liepard|1\n|-damage|p2a: Liepard|90/100\n|-unboost|p2a: Liepard|spa|1\n|\n|-heal|p1a: Umbreon|72/100|[from] item: Leftovers\n|upkeep\n|turn|2\n|inactive|askeru has 30 seconds left.\n|inactive|killerash20 has 30 seconds left.\n|inactive|askeru has 20 seconds left.\n|\n|t:|1776271167\n|switch|p2b: Heliolisk|Heliolisk, L50, F|100/100\n|move|p1a: Umbreon|Helping Hand|p1b: Hydreigon\n|-singleturn|p1b: Hydreigon|Helping Hand|[of] p1a: Umbreon\n|move|p2a: Liepard|Sunny Day|p2a: Liepard\n|-weather|SunnyDay\n|move|p1b: Hydreigon|Dark Pulse|p2b: Heliolisk\n|-damage|p2b: Heliolisk|33/100\n|\n|-weather|SunnyDay|[upkeep]\n|-damage|p2b: Heliolisk|20/100|[from] ability: Solar Power|[of] p2b: Heliolisk\n|-heal|p1a: Umbreon|78/100|[from] item: Leftovers\n|upkeep\n|turn|3\n|inactive|askeru has 30 seconds left.\n|inactive|askeru has 20 seconds left.\n|inactive|askeru has 15 seconds left.\n|inactive|askeru has 10 seconds left.\n|inactive|askeru has 5 seconds left.\n|\n|t:|1776271222\n|move|p2b: Heliolisk|Hyper Voice|p1a: Umbreon|[spread] p1a,p1b\n|-damage|p1a: Umbreon|47/100\n|-damage|p1b: Hydreigon|33/100\n|move|p1b: Hydreigon|Dark Pulse|p2b: Heliolisk\n|-damage|p2b: Heliolisk|0 fnt\n|faint|p2b: Heliolisk\n|move|p2a: Liepard|U-turn|p1b: Hydreigon\n|-supereffective|p1b: Hydreigon|1\n|-damage|p1b: Hydreigon|0 fnt\n|faint|p1b: Hydreigon\n|\n|t:|1776271233\n|switch|p2a: Delphox|Delphox-Mega, L50, M|100/100|[from] U-turn\n|move|p1a: Umbreon|Foul Play|p2a: Delphox\n|-supereffective|p2a: Delphox|1\n|-damage|p2a: Delphox|28/100\n|\n|-weather|SunnyDay|[upkeep]\n|-heal|p1a: Umbreon|53/100|[from] item: Leftovers\n|upkeep\n|\n|t:|1776271247\n|switch|p1b: Sinistcha|Sinistcha, L50|100/100\n|switch|p2b: Meganium|Meganium, L50, M|100/100\n|-heal|p1a: Umbreon|78/100|[from] ability: Hospitality|[of] p1b: Sinistcha\n|turn|4\n|\n|t:|1776271272\n|move|p1b: Sinistcha|Rage Powder|p1b: Sinistcha\n|-singleturn|p1b: Sinistcha|move: Rage Powder\n|move|p2a: Delphox|Flamethrower|p1b: Sinistcha\n|-supereffective|p1b: Sinistcha|1\n|-enditem|p1b: Sinistcha|Occa Berry|[eat]\n|-enditem|p1b: Sinistcha|Occa Berry|[weaken]\n|-damage|p1b: Sinistcha|24/100\n|move|p2b: Meganium|Dazzling Gleam|p1a: Umbreon|[spread] p1a,p1b\n|-supereffective|p1a: Umbreon|1\n|-damage|p1a: Umbreon|59/100\n|-damage|p1b: Sinistcha|11/100\n|move|p1a: Umbreon|Snarl|p2a: Delphox|[spread] p2a,p2b\n|-supereffective|p2a: Delphox|1\n|-damage|p2a: Delphox|8/100\n|-damage|p2b: Meganium|91/100\n|-unboost|p2a: Delphox|spa|1\n|-unboost|p2b: Meganium|spa|1\n|\n|-weather|SunnyDay|[upkeep]\n|-heal|p1a: Umbreon|65/100|[from] item: Leftovers\n|upkeep\n|turn|5\n|inactive|askeru has 30 seconds left.\n|\n|t:|1776271301\n|switch|p1b: Gardevoir|Gardevoir, L50, F|100/100\n|-ability|p1b: Gardevoir|Levitate|Trace|[from] ability: Trace|[of] p2a: Delphox\n|move|p2a: Delphox|Flamethrower|p1a: Umbreon\n|-damage|p1a: Umbreon|26/100\n|move|p2b: Meganium|Dazzling Gleam|p1a: Umbreon|[spread] p1a,p1b\n|-supereffective|p1a: Umbreon|1\n|-damage|p1a: Umbreon|11/100\n|-damage|p1b: Gardevoir|91/100\n|move|p1a: Umbreon|Snarl|p2b: Meganium|[spread] p2a,p2b\n|-supereffective|p2a: Delphox|1\n|-damage|p2a: Delphox|0 fnt\n|-damage|p2b: Meganium|82/100\n|-unboost|p2b: Meganium|spa|1\n|faint|p2a: Delphox\n|\n|-weather|SunnyDay|[upkeep]\n|-heal|p1a: Umbreon|17/100|[from] item: Leftovers\n|upkeep\n|\n|t:|1776271318\n|switch|p2a: Liepard|Liepard, L50, F|90/100\n|turn|6\n|\n|t:|1776271335\n|detailschange|p1b: Gardevoir|Gardevoir-Mega, L50, F\n|-mega|p1b: Gardevoir|Gardevoir|Gardevoirite\n|move|p1a: Umbreon|Helping Hand|p1b: Gardevoir\n|-singleturn|p1b: Gardevoir|Helping Hand|[of] p1a: Umbreon\n|move|p2a: Liepard|Fake Out|p1b: Gardevoir\n|-damage|p1b: Gardevoir|76/100\n|cant|p1b: Gardevoir|flinch\n|move|p2b: Meganium|Solar Beam||[still]\n|-prepare|p2b: Meganium|Solar Beam\n|-anim|p2b: Meganium|Solar Beam|p1a: Umbreon\n|-damage|p1a: Umbreon|1/100\n|\n|-weather|none\n|-heal|p1a: Umbreon|7/100|[from] item: Leftovers\n|upkeep\n|turn|7\n|\n|t:|1776271359\n|move|p1a: Umbreon|Helping Hand|p1b: Gardevoir\n|-singleturn|p1b: Gardevoir|Helping Hand|[of] p1a: Umbreon\n|move|p2a: Liepard|Sunny Day|p2a: Liepard\n|-weather|SunnyDay\n|move|p1b: Gardevoir|Hyper Voice|p2a: Liepard|[spread] p2a,p2b\n|-supereffective|p2a: Liepard|1\n|-damage|p2a: Liepard|0 fnt\n|-damage|p2b: Meganium|14/100\n|faint|p2a: Liepard\n|move|p2b: Meganium|Solar Beam||[still]\n|-prepare|p2b: Meganium|Solar Beam\n|-anim|p2b: Meganium|Solar Beam|p1b: Gardevoir\n|-damage|p1b: Gardevoir|59/100\n|\n|-weather|SunnyDay|[upkeep]\n|-heal|p1a: Umbreon|13/100|[from] item: Leftovers\n|upkeep\n|turn|8\n|inactive|askeru has 30 seconds left.\n|\n|t:|1776271385\n|switch|p1b: Sinistcha|Sinistcha, L50|11/100\n|-heal|p1a: Umbreon|38/100|[from] ability: Hospitality|[of] p1b: Sinistcha\n|move|p2b: Meganium|Dazzling Gleam|p1b: Sinistcha|[spread] p1a,p1b\n|-supereffective|p1a: Umbreon|1\n|-damage|p1a: Umbreon|28/100\n|-damage|p1b: Sinistcha|3/100\n|move|p1a: Umbreon|Snarl|p2b: Meganium\n|-damage|p2b: Meganium|0 fnt\n|faint|p2b: Meganium\n|\n|win|askeru\n|raw|askeru's rating: 1081 &rarr; <strong>1110</strong><br />(+29 for winning)\n|raw|killerash20's rating: 1101 &rarr; <strong>1075</strong><br />(-26 for losing)\n|l|\u2606killerash20\n|player|p2|\n|c|\u2606askeru|gg\n",
  "uploadtime": 1776271404,
  "views": 19,
  "formatid": "gen9championsvgc2026regma",
  "rating": 1075,
  "private": 0,
  "password": null
}