{
  "id": "gen9championsvgc2026regma-2584702086",
  "format": "[Gen 9 Champions] VGC 2026 Reg M-A",
  "players": [
    "amongdripgoku",
    "Toed Rose"
  ],
  "log": "|j|\u2606amongdripgoku\n|j|\u2606Toed Rose\n|t:|1776277776\n|gametype|doubles\n|player|p1|amongdripgoku|102|1125\n|player|p2|Toed Rose|grimsley|1155\n|gen|9\n|tier|[Gen 9 Champions] VGC 2026 Reg M-A\n|rated|\n|rule|Species Clause: Limit one of each Pok\u00e9mon\n|rule|Item Clause: Limit 1 of each item\n|clearpoke\n|poke|p1|Pelipper, L50, F|\n|poke|p1|Gengar, L50, F|\n|poke|p1|Greninja-*, L50, M|\n|poke|p1|Basculegion, L50, M|\n|poke|p1|Archaludon, L50, M|\n|poke|p1|Decidueye-Hisui, L50, F|\n|poke|p2|Glimmora, L50, M|\n|poke|p2|Talonflame, L50, F|\n|poke|p2|Palafin, L50, M|\n|poke|p2|Garchomp, L50, F|\n|poke|p2|Rotom-Mow, L50|\n|poke|p2|Incineroar, L50, M|\n|teampreview|4\n|inactive|Battle timer is ON: inactive players will automatically lose when time's up. (requested by Toed Rose)\namongdripgoku has agreed to open team sheets.\n|inactive|Toed Rose has 60 seconds left.\n|\n|t:|1776277816\n|teamsize|p1|4\n|teamsize|p2|4\n|start\n|switch|p1a: Archaludon|Archaludon, L50, M|100/100\n|switch|p1b: Greninja|Greninja, L50, M|100/100\n|switch|p2a: Talonflame|Talonflame, L50, F, shiny|100/100\n|switch|p2b: Garchomp|Garchomp, L50, F|100/100\n|turn|1\n|\n|t:|1776277829\n|move|p1a: Archaludon|Protect|p1a: Archaludon\n|-singleturn|p1a: Archaludon|Protect\n|move|p2a: Talonflame|Tailwind|p2a: Talonflame\n|-sidestart|p2: Toed Rose|move: Tailwind\n|move|p2b: Garchomp|Earthquake|p1a: Archaludon|[spread] p1b\n|-activate|p1a: Archaludon|move: Protect\n|-immune|p2a: Talonflame\n|-damage|p1b: Greninja|27/100\n|move|p1b: Greninja|Ice Beam|p2b: Garchomp\n|-start|p1b: Greninja|typechange|Ice|[from] ability: Protean\n|-supereffective|p2b: Garchomp|2\n|-damage|p2b: Garchomp|0 fnt\n|faint|p2b: Garchomp\n|\n|upkeep\n|\n|t:|1776277844\n|switch|p2b: Glimmora|Glimmora, L50, M, shiny|100/100\n|turn|2\n|\n|t:|1776277856\n|switch|p1b: Pelipper|Pelipper, L50, F|100/100\n|-weather|RainDance|[from] ability: Drizzle|[of] p1b: Pelipper\n|detailschange|p2b: Glimmora|Glimmora-Mega, L50, M, shiny\n|-mega|p2b: Glimmora|Glimmora|Glimmoranite\n|move|p2a: Talonflame|Dual Wingbeat|p1b: Pelipper\n|-damage|p1b: Pelipper|82/100\n|-crit|p1b: Pelipper\n|-damage|p1b: Pelipper|55/100\n|-hitcount|p1b: Pelipper|2\n|move|p2b: Glimmora|Earth Power|p1a: Archaludon\n|-supereffective|p1a: Archaludon|1\n|-damage|p1a: Archaludon|18/100\n|-enditem|p1a: Archaludon|Sitrus Berry|[eat]\n|-heal|p1a: Archaludon|43/100|[from] item: Sitrus Berry\n|move|p1a: Archaludon|Electro Shot||[still]\n|-prepare|p1a: Archaludon|Electro Shot\n|-boost|p1a: Archaludon|spa|1\n|-anim|p1a: Archaludon|Electro Shot|p2a: Talonflame\n|-supereffective|p2a: Talonflame|1\n|-enditem|p2a: Talonflame|Focus Sash\n|-damage|p2a: Talonflame|1/100\n|\n|-weather|RainDance|[upkeep]\n|upkeep\n|turn|3\n|inactive|amongdripgoku has 30 seconds left.\n|inactive|Toed Rose has 30 seconds left.\n|\n|t:|1776277886\n|move|p2a: Talonflame|Protect|p2a: Talonflame\n|-singleturn|p2a: Talonflame|Protect\n|move|p1a: Archaludon|Protect|p1a: Archaludon\n|-singleturn|p1a: Archaludon|Protect\n|move|p2b: Glimmora|Power Gem|p1b: Pelipper\n|-supereffective|p1b: Pelipper|1\n|-damage|p1b: Pelipper|0 fnt\n|faint|p1b: Pelipper\n|\n|-weather|RainDance|[upkeep]\n|upkeep\n|\n|t:|1776277897\n|switch|p1b: Basculegion|Basculegion, L50, M|100/100\n|turn|4\n|\n|t:|1776277910\n|switch|p2a: Rotom|Rotom-Mow, L50, shiny|100/100\n|move|p2b: Glimmora|Earth Power|p1a: Archaludon\n|-supereffective|p1a: Archaludon|1\n|-damage|p1a: Archaludon|0 fnt\n|faint|p1a: Archaludon\n|move|p1b: Basculegion|Wave Crash|p2b: Glimmora\n|-supereffective|p2b: Glimmora|1\n|-crit|p2b: Glimmora\n|-damage|p2b: Glimmora|0 fnt\n|faint|p2b: Glimmora\n|-damage|p1b: Basculegion|73/100|[from] Recoil\n|\n|-weather|RainDance|[upkeep]\n|-sideend|p2: Toed Rose|move: Tailwind\n|upkeep\n|\n|t:|1776277919\n|switch|p2b: Talonflame|Talonflame, L50, F, shiny|1/100\n|switch|p1a: Greninja|Greninja, L50, M|27/100\n|turn|5\n|\n|t:|1776277931\n|detailschange|p1a: Greninja|Greninja-Mega, L50, M\n|-mega|p1a: Greninja|Greninja|Greninjite\n|move|p2a: Rotom|Protect|p2a: Rotom\n|-singleturn|p2a: Rotom|Protect\n|move|p1b: Basculegion|Aqua Jet|p2b: Talonflame\n|-supereffective|p2b: Talonflame|1\n|-damage|p2b: Talonflame|0 fnt\n|faint|p2b: Talonflame\n|move|p1a: Greninja|Ice Beam|p2a: Rotom\n|-start|p1a: Greninja|typechange|Ice|[from] ability: Protean\n|-activate|p2a: Rotom|move: Protect\n|\n|-weather|RainDance|[upkeep]\n|upkeep\n|turn|6\n|\n|t:|1776277946\n|move|p1b: Basculegion|Last Respects|p2a: Rotom\n|-damage|p2a: Rotom|0 fnt\n|faint|p2a: Rotom\n|\n|win|amongdripgoku\n|raw|amongdripgoku's rating: 1125 &rarr; <strong>1152</strong><br />(+27 for winning)\n|raw|Toed Rose's rating: 1155 &rarr; <strong>1128</strong><br />(-27 for losing)\n",
  "uploadtime": 1776277946,
  "views": 17,
  "formatid": "gen9championsvgc2026regma",
  "rating": 1128,
  "private": 0,
  "password": null
}