{
  "id": "gen9championsvgc2026regma-2585900540",
  "format": "[Gen 9 Champions] VGC 2026 Reg M-A",
  "players": [
    "yetujei",
    "Ranmados"
  ],
  "log": "|j|\u2606yetujei\n|j|\u2606Ranmados\n|t:|1776379731\n|gametype|doubles\n|player|p1|yetujei|crasherwake|1093\n|player|p2|Ranmados|coin|1069\n|gen|9\n|tier|[Gen 9 Champions] VGC 2026 Reg M-A\n|rated|\n|rule|Species Clause: Limit one of each Pok\u00e9mon\n|rule|Item Clause: Limit 1 of each item\n|clearpoke\n|poke|p1|Golurk, L50|\n|poke|p1|Farigiraf, L50, F|\n|poke|p1|Incineroar, L50, F|\n|poke|p1|Torkoal, L50, M|\n|poke|p1|Venusaur, L50, M|\n|poke|p1|Sneasler, L50, M|\n|poke|p2|Hawlucha, L50, M|\n|poke|p2|Maushold-Four, L50|\n|poke|p2|Snorlax, L50, F|\n|poke|p2|Basculegion, L50, M|\n|poke|p2|Delphox, L50, M|\n|poke|p2|Garchomp, L50, M|\n|teampreview|4\n|inactive|Battle timer is ON: inactive players will automatically lose when time's up. (requested by Ranmados)\n|\n|t:|1776379759\n|teamsize|p1|4\n|teamsize|p2|4\n|start\n|switch|p1a: Sneasler|Sneasler, L50, M|100/100\n|switch|p1b: Farigiraf|Farigiraf, L50, F|100/100\n|switch|p2a: Hawlucha|Hawlucha, L50, M|100/100\n|switch|p2b: Snorlax|Snorlax, L50, F|100/100\n|turn|1\n|\n|t:|1776379780\n|detailschange|p2a: Hawlucha|Hawlucha-Mega, L50, M\n|-mega|p2a: Hawlucha|Hawlucha|Hawluchanite\n|move|p1a: Sneasler|Fake Out|p2b: Snorlax\n|-damage|p2b: Snorlax|89/100\n|move|p2a: Hawlucha|Dual Wingbeat|p1a: Sneasler\n|-supereffective|p1a: Sneasler|1\n|-damage|p1a: Sneasler|33/100\n|-supereffective|p1a: Sneasler|1\n|-damage|p1a: Sneasler|0 fnt\n|faint|p1a: Sneasler\n|-hitcount|p1: Sneasler|2\n|move|p1b: Farigiraf|Psychic|p2a: Hawlucha\n|-supereffective|p2a: Hawlucha|1\n|-damage|p2a: Hawlucha|10/100\n|-unboost|p2a: Hawlucha|spd|1\n|cant|p2b: Snorlax|flinch\n|\n|-heal|p2b: Snorlax|95/100|[from] item: Leftovers\n|upkeep\n|\n|t:|1776379798\n|switch|p1a: Golurk|Golurk, L50|100/100\n|turn|2\n|\n|t:|1776379805\n|move|p1a: Golurk|Protect|p1a: Golurk\n|-singleturn|p1a: Golurk|Protect\n|move|p2a: Hawlucha|Entrainment|p2b: Snorlax\n|-ability|p2b: Snorlax|No Guard|Thick Fat|[from] move: Entrainment|[of] p2a: Hawlucha\n|move|p2b: Snorlax|Stockpile|p2b: Snorlax\n|-start|p2b: Snorlax|stockpile1\n|-boost|p2b: Snorlax|def|1\n|-boost|p2b: Snorlax|spd|1\n|move|p1b: Farigiraf|Trick Room|p1b: Farigiraf\n|-fieldstart|move: Trick Room|[of] p1b: Farigiraf\n|\n|-heal|p2b: Snorlax|100/100|[from] item: Leftovers\n|upkeep\n|turn|3\n|\n|t:|1776379828\n|switch|p2a: Maushold|Maushold-Four, L50|100/100\n|detailschange|p1a: Golurk|Golurk-Mega, L50\n|-mega|p1a: Golurk|Golurk|Golurkite\n|move|p2b: Snorlax|Fissure|p1a: Golurk\n|-damage|p1a: Golurk|0 fnt\n|faint|p1a: Golurk\n|-ohko\n|move|p1b: Farigiraf|Hyper Voice|p2a: Maushold|[spread] p2a,p2b\n|-damage|p2a: Maushold|67/100\n|-damage|p2b: Snorlax|93/100\n|\n|-heal|p2b: Snorlax|99/100|[from] item: Leftovers\n|upkeep\n|\n|t:|1776379841\n|switch|p1a: Venusaur|Venusaur, L50, M, shiny|100/100\n|turn|4\n|\n|t:|1776379851\n|move|p2a: Maushold|Follow Me|p2a: Maushold\n|-singleturn|p2a: Maushold|move: Follow Me\n|move|p2b: Snorlax|Fissure|p1b: Farigiraf\n|-damage|p1b: Farigiraf|0 fnt\n|faint|p1b: Farigiraf\n|-ohko\n|move|p1a: Venusaur|Sleep Powder|p2a: Maushold|[miss]\n|-miss|p1a: Venusaur|p2a: Maushold\n|\n|-heal|p2b: Snorlax|100/100|[from] item: Leftovers\n|upkeep\n|turn|5\n|inactive|yetujei has 30 seconds left.\n|\n|t:|1776379878\n|move|p2a: Maushold|Follow Me|p2a: Maushold\n|-singleturn|p2a: Maushold|move: Follow Me\n|move|p2b: Snorlax|Fissure|p1a: Venusaur\n|-enditem|p1a: Venusaur|Focus Sash\n|-damage|p1a: Venusaur|1/100\n|move|p1a: Venusaur|Sludge Bomb|p2a: Maushold\n|-crit|p2a: Maushold\n|-damage|p2a: Maushold|0 fnt\n|faint|p2a: Maushold\n|\n|upkeep\n|\n|t:|1776379885\n|switch|p2a: Hawlucha|Hawlucha-Mega, L50, M|10/100\n|turn|6\n|\n|t:|1776379896\n|move|p2b: Snorlax|Fissure|p1a: Venusaur\n|-damage|p1a: Venusaur|0 fnt\n|faint|p1a: Venusaur\n|-ohko\n|\n|win|Ranmados\n|raw|yetujei's rating: 1093 &rarr; <strong>1067</strong><br />(-26 for losing)\n|raw|Ranmados's rating: 1069 &rarr; <strong>1101</strong><br />(+32 for winning)\n",
  "uploadtime": 1776379898,
  "views": 16,
  "formatid": "gen9championsvgc2026regma",
  "rating": 1067,
  "private": 0,
  "password": null
}