{
  "id": "gen9championsvgc2026regma-2582113628",
  "format": "[Gen 9 Champions] VGC 2026 Reg M-A",
  "players": [
    "khubbs",
    "zantir"
  ],
  "log": "|j|\u2606khubbs\n|j|\u2606zantir\n|t:|1776059624\n|gametype|doubles\n|player|p1|khubbs|265|1000\n|player|p2|zantir|palmer|1000\n|gen|9\n|tier|[Gen 9 Champions] VGC 2026 Reg M-A\n|rated|\n|rule|Species Clause: Limit one of each Pok\u00e9mon\n|rule|Item Clause: Limit 1 of each item\n|clearpoke\n|poke|p1|Incineroar, L50, F|\n|poke|p1|Gengar, L50, F|\n|poke|p1|Tyranitar, L50, F|\n|poke|p1|Kingambit, L50, M|\n|poke|p1|Sinistcha, L50|\n|poke|p1|Kommo-o, L50, M|\n|poke|p2|Meganium, L50, M|\n|poke|p2|Dragonite, L50, F|\n|poke|p2|Archaludon, L50, F|\n|poke|p2|Pelipper, L50, M|\n|poke|p2|Basculegion, L50, M|\n|poke|p2|Sneasler, L50, F|\n|teampreview|4\n|inactive|Battle timer is ON: inactive players will automatically lose when time's up. (requested by zantir)\n|\n|t:|1776059653\n|teamsize|p1|4\n|teamsize|p2|4\n|start\n|switch|p1a: Incineroar|Incineroar, L50, F|100/100\n|switch|p1b: Gengar|Gengar, L50, F|100/100\n|switch|p2a: Basculegion|Basculegion, L50, M|100/100\n|switch|p2b: Sneasler|Sneasler, L50, F|100/100\n|-ability|p1a: Incineroar|Intimidate|boost\n|-unboost|p2a: Basculegion|atk|1\n|-unboost|p2b: Sneasler|atk|1\n|-enditem|p2b: Sneasler|White Herb\n|-clearnegativeboost|p2b: Sneasler|[silent]\n|turn|1\n|inactive|khubbs has 30 seconds left.\n|\n|t:|1776059681\n|switch|p1a: Sinistcha|Sinistcha, L50|100/100\n|detailschange|p1b: Gengar|Gengar-Mega, L50, F\n|-mega|p1b: Gengar|Gengar|Gengarite\n|move|p2b: Sneasler|Fake Out|p1a: Sinistcha\n|-immune|p1a: Sinistcha\n|move|p1b: Gengar|Perish Song|p1b: Gengar\n|-start|p1a: Sinistcha|perish3|[silent]\n|-start|p1b: Gengar|perish3|[silent]\n|-start|p2a: Basculegion|perish3|[silent]\n|-start|p2b: Sneasler|perish3|[silent]\n|-fieldactivate|move: Perish Song\n|move|p2a: Basculegion|Flip Turn|p1b: Gengar\n|-damage|p1b: Gengar|67/100\n|\n|t:|1776059692\n|switch|p2a: Pelipper|Pelipper, L50, M|100/100|[from] Flip Turn\n|-weather|RainDance|[from] ability: Drizzle|[of] p2a: Pelipper\n|\n|-weather|RainDance|[upkeep]\n|-start|p2b: Sneasler|perish3\n|-start|p1b: Gengar|perish3\n|-start|p1a: Sinistcha|perish3\n|upkeep\n|turn|2\n|\n|t:|1776059709\n|move|p1b: Gengar|Protect|p1b: Gengar\n|-singleturn|p1b: Gengar|Protect\n|move|p1a: Sinistcha|Protect|p1a: Sinistcha\n|-singleturn|p1a: Sinistcha|Protect\n|move|p2a: Pelipper|Protect|p2a: Pelipper\n|-singleturn|p2a: Pelipper|Protect\n|move|p2b: Sneasler|Dire Claw|p1a: Sinistcha\n|-activate|p1a: Sinistcha|move: Protect\n|\n|-weather|RainDance|[upkeep]\n|-start|p2b: Sneasler|perish2\n|-start|p1b: Gengar|perish2\n|-start|p1a: Sinistcha|perish2\n|upkeep\n|turn|3\n|inactive|khubbs has 30 seconds left.\n|\n|t:|1776059740\n|move|p2b: Sneasler|Dire Claw|p1b: Gengar\n|-resisted|p1b: Gengar|2\n|-damage|p1b: Gengar|53/100\n|move|p1b: Gengar|Substitute|p1b: Gengar\n|-start|p1b: Gengar|Substitute\n|-damage|p1b: Gengar|29/100\n|move|p1a: Sinistcha|Life Dew||[still]|[spread] p1a,p1b\n|-fail|p1a: Sinistcha|heal\n|-heal|p1b: Gengar|54/100\n|move|p2a: Pelipper|Tailwind|p2a: Pelipper\n|-sidestart|p2: zantir|move: Tailwind\n|\n|-weather|RainDance|[upkeep]\n|-start|p2b: Sneasler|perish1\n|-start|p1b: Gengar|perish1\n|-start|p1a: Sinistcha|perish1\n|upkeep\n|turn|4\n|inactive|zantir has 30 seconds left.\n|\n|t:|1776059769\n|switch|p1b: Kommo-o|Kommo-o, L50, M|100/100\n|switch|p1a: Incineroar|Incineroar, L50, F|100/100\n|-ability|p1a: Incineroar|Intimidate|boost\n|-unboost|p2a: Pelipper|atk|1\n|-unboost|p2b: Sneasler|atk|1\n|move|p2b: Sneasler|Dire Claw|p1b: Kommo-o\n|-damage|p1b: Kommo-o|74/100\n|move|p2a: Pelipper|Hurricane|p1a: Incineroar\n|-damage|p1a: Incineroar|77/100\n|-start|p1a: Incineroar|confusion\n|\n|-weather|RainDance|[upkeep]\n|-heal|p1b: Kommo-o|80/100|[from] item: Leftovers\n|-start|p2b: Sneasler|perish0\n|faint|p2b: Sneasler\n|upkeep\n|\n|t:|1776059787\n|switch|p2b: Meganium|Meganium, L50, M|100/100\n|turn|5\n|inactive|khubbs has 30 seconds left.\n|\n|t:|1776059813\n|detailschange|p2b: Meganium|Meganium-Mega, L50, M\n|-mega|p2b: Meganium|Meganium|Meganiumite\n|move|p2b: Meganium|Protect|p2b: Meganium\n|-singleturn|p2b: Meganium|Protect\n|move|p2a: Pelipper|Protect|p2a: Pelipper\n|-singleturn|p2a: Pelipper|Protect\n|-activate|p1a: Incineroar|confusion\n|move|p1a: Incineroar|Fake Out|p2a: Pelipper\n|-activate|p2a: Pelipper|move: Protect\n|move|p1b: Kommo-o|Clanging Scales|p2a: Pelipper|[spread] \n|-activate|p2a: Pelipper|move: Protect\n|-activate|p2b: Meganium|move: Protect\n|\n|-weather|none\n|-heal|p1b: Kommo-o|86/100|[from] item: Leftovers\n|upkeep\n|turn|6\n|\n|t:|1776059833\n|switch|p2a: Basculegion|Basculegion, L50, M|100/100\n|move|p1b: Kommo-o|Protect|p1b: Kommo-o\n|-singleturn|p1b: Kommo-o|Protect\n|-activate|p1a: Incineroar|confusion\n|move|p1a: Incineroar|Protect|p1a: Incineroar\n|-singleturn|p1a: Incineroar|Protect\n|move|p2b: Meganium|Dazzling Gleam|p1b: Kommo-o|[spread] \n|-activate|p1a: Incineroar|move: Protect\n|-activate|p1b: Kommo-o|move: Protect\n|\n|-heal|p1b: Kommo-o|92/100|[from] item: Leftovers\n|-sideend|p2: zantir|move: Tailwind\n|upkeep\n|turn|7\n|\n|t:|1776059856\n|switch|p1b: Sinistcha|Sinistcha, L50|100/100\n|-heal|p1a: Incineroar|100/100|[from] ability: Hospitality|[of] p1b: Sinistcha\n|move|p2a: Basculegion|Soak|p1b: Sinistcha\n|-start|p1b: Sinistcha|typechange|Water\n|move|p2b: Meganium|Solar Beam||[still]\n|-prepare|p2b: Meganium|Solar Beam\n|-activate|p2b: Meganium|ability: Mega Sol\n|-anim|p2b: Meganium|Solar Beam|p1b: Sinistcha\n|-supereffective|p1b: Sinistcha|1\n|-damage|p1b: Sinistcha|0 fnt\n|faint|p1b: Sinistcha\n|-activate|p1a: Incineroar|confusion\n|move|p1a: Incineroar|Parting Shot|p2a: Basculegion\n|-unboost|p2a: Basculegion|atk|1\n|-unboost|p2a: Basculegion|spa|1\n|\n|t:|1776059876\n|switch|p1a: Gengar|Gengar-Mega, L50, F|54/100|[from] Parting Shot\n|\n|upkeep\n|\n|t:|1776059879\n|switch|p1b: Incineroar|Incineroar, L50, F|100/100\n|-ability|p1b: Incineroar|Intimidate|boost\n|-unboost|p2a: Basculegion|atk|1\n|-unboost|p2b: Meganium|atk|1\n|turn|8\n|\n|t:|1776059904\n|move|p1b: Incineroar|Fake Out|p2b: Meganium\n|-damage|p2b: Meganium|91/100\n|move|p1a: Gengar|Perish Song|p1a: Gengar\n|-start|p1a: Gengar|perish3|[silent]\n|-start|p1b: Incineroar|perish3|[silent]\n|-start|p2a: Basculegion|perish3|[silent]\n|-start|p2b: Meganium|perish3|[silent]\n|-fieldactivate|move: Perish Song\n|move|p2a: Basculegion|Soak|p1b: Incineroar\n|-start|p1b: Incineroar|typechange|Water\n|cant|p2b: Meganium|flinch\n|\n|-start|p1a: Gengar|perish3\n|-start|p2a: Basculegion|perish3\n|-start|p2b: Meganium|perish3\n|-start|p1b: Incineroar|perish3\n|upkeep\n|turn|9\n|\n|t:|1776059919\n|move|p1a: Gengar|Protect|p1a: Gengar\n|-singleturn|p1a: Gengar|Protect\n|move|p1b: Incineroar|Protect|p1b: Incineroar\n|-singleturn|p1b: Incineroar|Protect\n|move|p2a: Basculegion|Soak|p1a: Gengar\n|-activate|p1a: Gengar|move: Protect\n|move|p2b: Meganium|Solar Beam||[still]\n|-prepare|p2b: Meganium|Solar Beam\n|-activate|p2b: Meganium|ability: Mega Sol\n|-anim|p2b: Meganium|Solar Beam|p1b: Incineroar\n|-activate|p1b: Incineroar|move: Protect\n|\n|-start|p1a: Gengar|perish2\n|-start|p2a: Basculegion|perish2\n|-start|p2b: Meganium|perish2\n|-start|p1b: Incineroar|perish2\n|upkeep\n|turn|10\n|c|\u2606zantir|This is fucking gay\n|c|\u2606zantir|Ggs\n|\n|t:|1776059941\n|switch|p1a: Kommo-o|Kommo-o, L50, M|92/100\n|move|p2a: Basculegion|Soak|p1a: Kommo-o\n|-start|p1a: Kommo-o|typechange|Water\n|move|p2b: Meganium|Solar Beam||[still]\n|-prepare|p2b: Meganium|Solar Beam\n|-activate|p2b: Meganium|ability: Mega Sol\n|-anim|p2b: Meganium|Solar Beam|p1b: Incineroar\n|-supereffective|p1b: Incineroar|1\n|-damage|p1b: Incineroar|4/100\n|move|p1b: Incineroar|Parting Shot|p2b: Meganium\n|-unboost|p2b: Meganium|atk|1\n|-unboost|p2b: Meganium|spa|1\n|\n|t:|1776059954\n|switch|p1b: Gengar|Gengar-Mega, L50, F|54/100|[from] Parting Shot\n|\n|-heal|p1a: Kommo-o|98/100|[from] item: Leftovers\n|-start|p2a: Basculegion|perish1\n|-start|p2b: Meganium|perish1\n|upkeep\n|turn|11\n|l|\u2606zantir\n|inactive|zantir disconnected and has a minute to reconnect!\n|player|p2|\n|j|\u2606zantir\n|inactive|zantir reconnected and has 50 seconds left.\n|player|p2|zantir|palmer|\n|l|\u2606zantir\n|inactive|zantir disconnected and has a minute to reconnect!\n|player|p2|\n|inactive|zantir has 30 seconds left.\n|inactive|zantir has 20 seconds left.\n|inactive|zantir has 15 seconds left.\n|inactive|zantir has 10 seconds left.\n|inactive|zantir has 5 seconds left.\n|-message|zantir lost due to inactivity.\n|\n|win|khubbs\n",
  "uploadtime": 1776059937,
  "views": 9,
  "formatid": "gen9championsvgc2026regma",
  "rating": null,
  "private": 0,
  "password": null
}