{
  "id": "gen9championsvgc2026regma-2581865120",
  "format": "[Gen 9 Champions] VGC 2026 Reg M-A",
  "players": [
    "Meh0809",
    "ParadoxPerry"
  ],
  "log": "|j|\u2606Meh0809\n|j|\u2606ParadoxPerry\n|t:|1776034880\n|gametype|doubles\n|player|p1|Meh0809|1|1176\n|player|p2|ParadoxPerry|guitarist|1255\n|gen|9\n|tier|[Gen 9 Champions] VGC 2026 Reg M-A\n|rated|\n|rule|Species Clause: Limit one of each Pok\u00e9mon\n|rule|Item Clause: Limit 1 of each item\n|clearpoke\n|poke|p1|Froslass, L50, F|\n|poke|p1|Rotom-Frost, L50|\n|poke|p1|Garchomp, L50, F|\n|poke|p1|Kingambit, L50, F|\n|poke|p1|Arcanine, L50, F|\n|poke|p1|Basculegion, L50, M|\n|poke|p2|Aerodactyl, L50, M|\n|poke|p2|Meowscarada, L50, M|\n|poke|p2|Floette-Eternal, L50, F|\n|poke|p2|Maushold, L50|\n|poke|p2|Basculegion, L50, M|\n|poke|p2|Sneasler, L50, M|\n|teampreview|4\n|inactive|Battle timer is ON: inactive players will automatically lose when time's up. (requested by ParadoxPerry)\n|inactive|ParadoxPerry has 60 seconds left.\n|\n|t:|1776034944\n|teamsize|p1|4\n|teamsize|p2|4\n|start\n|switch|p1a: Basculegion|Basculegion, L50, M|100/100\n|switch|p1b: Garchomp|Garchomp, L50, F|100/100\n|switch|p2a: Aerodactyl|Aerodactyl, L50, M|100/100\n|switch|p2b: Meowscarada|Meowscarada, L50, M|100/100\n|-ability|p2a: Aerodactyl|Unnerve\n|turn|1\n|inactive|Meh0809 has 30 seconds left.\n|\n|t:|1776034970\n|switch|p1a: Kingambit|Kingambit, L50, F|100/100\n|move|p2b: Meowscarada|Sucker Punch||[still]\n|-fail|p2b: Meowscarada\n|move|p2a: Aerodactyl|Tailwind|p2a: Aerodactyl\n|-sidestart|p2: ParadoxPerry|move: Tailwind\n|move|p1b: Garchomp|Rock Slide|p2a: Aerodactyl|[spread] p2a,p2b\n|-supereffective|p2a: Aerodactyl|1\n|-damage|p2a: Aerodactyl|42/100\n|-damage|p2b: Meowscarada|72/100\n|\n|upkeep\n|turn|2\n|\n|t:|1776034986\n|move|p2a: Aerodactyl|Wide Guard|p2a: Aerodactyl\n|-singleturn|p2a: Aerodactyl|Wide Guard\n|move|p2b: Meowscarada|Low Kick|p1a: Kingambit\n|-start|p2b: Meowscarada|typechange|Fighting|[from] ability: Protean\n|-supereffective|p1a: Kingambit|2\n|-damage|p1a: Kingambit|0 fnt\n|faint|p1a: Kingambit\n|move|p1b: Garchomp|Dragon Claw|p2b: Meowscarada\n|-damage|p2b: Meowscarada|11/100\n|\n|upkeep\n|\n|t:|1776034997\n|switch|p1a: Basculegion|Basculegion, L50, M|100/100\n|turn|3\n|inactive|ParadoxPerry has 30 seconds left.\n|inactive|ParadoxPerry has 20 seconds left.\n|inactive|ParadoxPerry has 15 seconds left.\n|\n|t:|1776035039\n|switch|p2a: Basculegion|Basculegion, L50, M|100/100\n|move|p2b: Meowscarada|Sucker Punch|p1a: Basculegion\n|-supereffective|p1a: Basculegion|1\n|-damage|p1a: Basculegion|30/100\n|move|p1a: Basculegion|Aqua Jet|p2b: Meowscarada\n|-damage|p2b: Meowscarada|0 fnt\n|faint|p2b: Meowscarada\n|move|p1b: Garchomp|Dragon Claw|p2a: Basculegion\n|-damage|p2a: Basculegion|50/100\n|\n|upkeep\n|\n|t:|1776035053\n|switch|p2b: Floette|Floette-Eternal, L50, F|100/100\n|turn|4\n|\n|t:|1776035071\n|detailschange|p2b: Floette|Floette-Mega, L50, F\n|-mega|p2b: Floette|Floette|Floettite\n|-ability|p2b: Floette|Fairy Aura\n|move|p1a: Basculegion|Aqua Jet|p2a: Basculegion\n|-resisted|p2a: Basculegion|1\n|-damage|p2a: Basculegion|31/100\n|move|p2a: Basculegion|Wave Crash|p1b: Garchomp\n|-damage|p1b: Garchomp|18/100\n|-damage|p2a: Basculegion|19/100|[from] ability: Rough Skin|[of] p1b: Garchomp\n|-damage|p2a: Basculegion|0 fnt|[from] Recoil\n|faint|p2a: Basculegion\n|move|p2b: Floette|Dazzling Gleam|p1b: Garchomp|[spread] p1a,p1b\n|-supereffective|p1b: Garchomp|1\n|-damage|p1a: Basculegion|0 fnt\n|-damage|p1b: Garchomp|0 fnt\n|faint|p1a: Basculegion\n|faint|p1b: Garchomp\n|\n|-sideend|p2: ParadoxPerry|move: Tailwind\n|upkeep\n|\n|t:|1776035092\n|switch|p2a: Aerodactyl|Aerodactyl, L50, M|42/100\n|switch|p1a: Froslass|Froslass, L50, F|100/100\n|-ability|p2a: Aerodactyl|Unnerve\n|turn|5\n|\n|t:|1776035107\n|detailschange|p1a: Froslass|Froslass-Mega, L50, F\n|-mega|p1a: Froslass|Froslass|Froslassite\n|-weather|Snowscape|[from] ability: Snow Warning|[of] p1a: Froslass\n|move|p2a: Aerodactyl|Wide Guard|p2a: Aerodactyl\n|-singleturn|p2a: Aerodactyl|Wide Guard\n|move|p1a: Froslass|Blizzard|p2b: Floette|[spread] \n|-activate|p2a: Aerodactyl|move: Wide Guard\n|-activate|p2b: Floette|move: Wide Guard\n|move|p2b: Floette|Moonblast|p1a: Froslass\n|-damage|p1a: Froslass|10/100\n|\n|-weather|Snowscape|[upkeep]\n|upkeep\n|turn|6\n|-message|Meh0809 forfeited.\n|\n|win|ParadoxPerry\n|raw|Meh0809's rating: 1176 &rarr; <strong>1157</strong><br />(-19 for losing)\n|raw|ParadoxPerry's rating: 1255 &rarr; <strong>1274</strong><br />(+19 for winning)\n|l|\u2606Meh0809\n|player|p1|\n",
  "uploadtime": 1776035130,
  "views": 24,
  "formatid": "gen9championsvgc2026regma",
  "rating": 1157,
  "private": 0,
  "password": null
}