{
  "id": "gen9championsvgc2026regma-2588595740",
  "format": "[Gen 9 Champions] VGC 2026 Reg M-A",
  "players": [
    "Jim's Esports",
    "Gosuguy"
  ],
  "log": "|j|\u2606Jim's Esports\n|j|\u2606Gosuguy\n|t:|1776648479\n|gametype|doubles\n|player|p1|Jim's Esports|zinnia|1434\n|player|p2|Gosuguy|steven|1540\n|gen|9\n|tier|[Gen 9 Champions] VGC 2026 Reg M-A\n|rated|\n|rule|Species Clause: Limit one of each Pok\u00e9mon\n|rule|Item Clause: Limit 1 of each item\n|clearpoke\n|poke|p1|Gardevoir, L50, M|\n|poke|p1|Incineroar, L50, F|\n|poke|p1|Sinistcha, L50|\n|poke|p1|Rotom-Wash, L50|\n|poke|p1|Tyranitar, L50, F|\n|poke|p1|Conkeldurr, L50, M|\n|poke|p2|Delphox, L50, M|\n|poke|p2|Basculegion, L50, M|\n|poke|p2|Clefable, L50, F|\n|poke|p2|Kingambit, L50, M|\n|poke|p2|Dragonite, L50, M|\n|poke|p2|Sneasler, L50, M|\n|teampreview|4\n|inactive|Battle timer is ON: inactive players will automatically lose when time's up. (requested by Gosuguy)\n|inactive|Gosuguy has 60 seconds left.\n|\n|t:|1776648521\n|teamsize|p1|4\n|teamsize|p2|4\n|start\n|switch|p1a: Gardevoir|Gardevoir, L50, M|100/100\n|switch|p1b: Sinistcha|Sinistcha, L50|100/100\n|switch|p2a: Delphox|Delphox, L50, M|100/100\n|switch|p2b: Basculegion|Basculegion, L50, M|100/100\n|-ability|p1a: Gardevoir|Blaze|Trace|[from] ability: Trace|[of] p2a: Delphox\n|turn|1\n|\n|t:|1776648543\n|switch|p1b: Incineroar|Incineroar, L50, F|100/100\n|-ability|p1b: Incineroar|Intimidate|boost\n|-unboost|p2a: Delphox|atk|1\n|-unboost|p2b: Basculegion|atk|1\n|detailschange|p2a: Delphox|Delphox-Mega, L50, M\n|-mega|p2a: Delphox|Delphox|Delphoxite\n|move|p1a: Gardevoir|Protect|p1a: Gardevoir\n|-singleturn|p1a: Gardevoir|Protect\n|move|p2a: Delphox|Heat Wave|p1b: Incineroar|[spread] p1b\n|-activate|p1a: Gardevoir|move: Protect\n|-resisted|p1b: Incineroar|1\n|-damage|p1b: Incineroar|83/100\n|move|p2b: Basculegion|Last Respects|p1b: Incineroar\n|-resisted|p1b: Incineroar|1\n|-damage|p1b: Incineroar|72/100\n|\n|upkeep\n|turn|2\n|\n|t:|1776648561\n|switch|p2b: Clefable|Clefable, L50, F|100/100\n|detailschange|p1a: Gardevoir|Gardevoir-Mega, L50, M\n|-mega|p1a: Gardevoir|Gardevoir|Gardevoirite\n|move|p2a: Delphox|Protect|p2a: Delphox\n|-singleturn|p2a: Delphox|Protect\n|move|p1b: Incineroar|Fake Out|p2a: Delphox\n|-activate|p2a: Delphox|move: Protect\n|move|p1a: Gardevoir|Trick Room|p1a: Gardevoir\n|-fieldstart|move: Trick Room|[of] p1a: Gardevoir\n|\n|upkeep\n|turn|3\n|inactive|Gosuguy has 30 seconds left.\n|\n|t:|1776648589\n|switch|p2a: Sneasler|Sneasler, L50, M|100/100\n|move|p2b: Clefable|Moonblast|p1a: Gardevoir\n|-damage|p1a: Gardevoir|76/100\n|move|p1b: Incineroar|Parting Shot|p2a: Sneasler\n|-unboost|p2a: Sneasler|atk|1\n|-unboost|p2a: Sneasler|spa|1\n|\n|t:|1776648596\n|switch|p1b: Sinistcha|Sinistcha, L50|100/100|[from] Parting Shot\n|-heal|p1a: Gardevoir|100/100|[from] ability: Hospitality|[of] p1b: Sinistcha\n|move|p1a: Gardevoir|Hyper Voice|p2a: Sneasler|[spread] p2a,p2b\n|-crit|p2a: Sneasler\n|-damage|p2a: Sneasler|1/100\n|-damage|p2b: Clefable|57/100\n|\n|upkeep\n|turn|4\n|\n|t:|1776648615\n|switch|p2b: Delphox|Delphox-Mega, L50, M|100/100\n|move|p1a: Gardevoir|Protect|p1a: Gardevoir\n|-singleturn|p1a: Gardevoir|Protect\n|move|p1b: Sinistcha|Matcha Gotcha|p2b: Delphox|[spread] p2a,p2b\n|-resisted|p2a: Sneasler|1\n|-resisted|p2b: Delphox|1\n|-damage|p2a: Sneasler|0 fnt\n|-damage|p2b: Delphox|89/100\n|faint|p2a: Sneasler\n|\n|upkeep\n|\n|t:|1776648627\n|switch|p2a: Clefable|Clefable, L50, F|57/100\n|turn|5\n|\n|t:|1776648633\n|switch|p1b: Incineroar|Incineroar, L50, F|72/100\n|-ability|p1b: Incineroar|Intimidate|boost\n|-unboost|p2a: Clefable|atk|1\n|-unboost|p2b: Delphox|atk|1\n|move|p2a: Clefable|Helping Hand|p2b: Delphox\n|-singleturn|p2b: Delphox|Helping Hand|[of] p2a: Clefable\n|move|p1a: Gardevoir|Hyper Voice|p2b: Delphox|[spread] p2a,p2b\n|-resisted|p2b: Delphox|1\n|-damage|p2a: Clefable|15/100\n|-damage|p2b: Delphox|67/100\n|-enditem|p2a: Clefable|Sitrus Berry|[eat]\n|-heal|p2a: Clefable|40/100|[from] item: Sitrus Berry\n|move|p2b: Delphox|Heat Wave|p1a: Gardevoir|[spread] p1a,p1b\n|-resisted|p1b: Incineroar|1\n|-damage|p1a: Gardevoir|54/100\n|-damage|p1b: Incineroar|47/100\n|-status|p1a: Gardevoir|brn\n|-enditem|p1b: Incineroar|Sitrus Berry|[eat]\n|-heal|p1b: Incineroar|72/100|[from] item: Sitrus Berry\n|\n|-damage|p1a: Gardevoir|48/100 brn|[from] brn\n|upkeep\n|turn|6\n|inactive|Jim's Esports has 30 seconds left.\n|inactive|Jim's Esports has 20 seconds left.\n|inactive|Jim's Esports has 15 seconds left.\n|\n|t:|1776648677\n|move|p2a: Clefable|Protect|p2a: Clefable\n|-singleturn|p2a: Clefable|Protect\n|move|p2b: Delphox|Protect|p2b: Delphox\n|-singleturn|p2b: Delphox|Protect\n|move|p1b: Incineroar|Darkest Lariat|p2b: Delphox\n|-activate|p2b: Delphox|move: Protect\n|move|p1a: Gardevoir|Hyper Voice|p2a: Clefable|[spread] \n|-activate|p2a: Clefable|move: Protect\n|-activate|p2b: Delphox|move: Protect\n|\n|-damage|p1a: Gardevoir|43/100 brn|[from] brn\n|-fieldend|move: Trick Room\n|upkeep\n|turn|7\n|\n|t:|1776648692\n|move|p1a: Gardevoir|Protect|p1a: Gardevoir\n|-singleturn|p1a: Gardevoir|Protect\n|move|p2a: Clefable|Follow Me|p2a: Clefable\n|-singleturn|p2a: Clefable|move: Follow Me\n|move|p2b: Delphox|Heat Wave|p1b: Incineroar|[spread] p1b\n|-activate|p1a: Gardevoir|move: Protect\n|-resisted|p1b: Incineroar|1\n|-damage|p1b: Incineroar|55/100\n|move|p1b: Incineroar|Parting Shot|p2a: Clefable\n|-unboost|p2a: Clefable|atk|1\n|-unboost|p2a: Clefable|spa|1\n|\n|t:|1776648702\n|switch|p1b: Sinistcha|Sinistcha, L50|100/100|[from] Parting Shot\n|-heal|p1a: Gardevoir|67/100 brn|[from] ability: Hospitality|[of] p1b: Sinistcha\n|\n|-damage|p1a: Gardevoir|62/100 brn|[from] brn\n|upkeep\n|turn|8\n|\n|t:|1776648712\n|switch|p1b: Incineroar|Incineroar, L50, F|55/100\n|-ability|p1b: Incineroar|Intimidate|boost\n|-unboost|p2a: Clefable|atk|1\n|-unboost|p2b: Delphox|atk|1\n|move|p2a: Clefable|Helping Hand|p2b: Delphox\n|-singleturn|p2b: Delphox|Helping Hand|[of] p2a: Clefable\n|move|p2b: Delphox|Heat Wave|p1b: Incineroar|[spread] p1a,p1b\n|-resisted|p1b: Incineroar|1\n|-damage|p1a: Gardevoir|7/100 brn\n|-damage|p1b: Incineroar|28/100\n|move|p1a: Gardevoir|Hyper Voice|p2a: Clefable|[spread] p2a,p2b\n|-resisted|p2b: Delphox|1\n|-damage|p2a: Clefable|0 fnt\n|-damage|p2b: Delphox|45/100\n|faint|p2a: Clefable\n|\n|-damage|p1a: Gardevoir|1/100 brn|[from] brn\n|upkeep\n|\n|t:|1776648735\n|switch|p2a: Basculegion|Basculegion, L50, M|100/100\n|turn|9\n|\n|t:|1776648760\n|switch|p1a: Sinistcha|Sinistcha, L50|100/100\n|-heal|p1b: Incineroar|53/100|[from] ability: Hospitality|[of] p1a: Sinistcha\n|move|p1b: Incineroar|Fake Out|p2b: Delphox\n|-damage|p2b: Delphox|25/100\n|cant|p2b: Delphox|flinch\n|move|p2a: Basculegion|Last Respects|p1b: Incineroar\n|-resisted|p1b: Incineroar|1\n|-damage|p1b: Incineroar|6/100\n|\n|upkeep\n|turn|10\n|inactive|Gosuguy has 30 seconds left.\n|\n|t:|1776648786\n|switch|p1a: Gardevoir|Gardevoir-Mega, L50, M|1/100 brn\n|move|p2b: Delphox|Heat Wave|p1b: Incineroar|[spread] p1a\n|-miss|p2b: Delphox|p1b: Incineroar\n|-damage|p1a: Gardevoir|0 fnt\n|faint|p1a: Gardevoir\n|move|p2a: Basculegion|Last Respects|p1b: Incineroar\n|-resisted|p1b: Incineroar|1\n|-damage|p1b: Incineroar|0 fnt\n|faint|p1b: Incineroar\n|\n|upkeep\n|\n|t:|1776648792\n|switch|p1a: Sinistcha|Sinistcha, L50|100/100\n|switch|p1b: Conkeldurr|Conkeldurr, L50, M|100/100\n|turn|11\n|\n|t:|1776648813\n|move|p2b: Delphox|Protect|p2b: Delphox\n|-singleturn|p2b: Delphox|Protect\n|move|p1b: Conkeldurr|Mach Punch|p2b: Delphox\n|-activate|p2b: Delphox|move: Protect\n|move|p2a: Basculegion|Last Respects|p1b: Conkeldurr\n|-damage|p1b: Conkeldurr|12/100\n|move|p1a: Sinistcha|Matcha Gotcha|p2b: Delphox|[spread] p2a\n|-activate|p2b: Delphox|move: Protect\n|-supereffective|p2a: Basculegion|1\n|-damage|p2a: Basculegion|44/100\n|\n|upkeep\n|turn|12\n|\n|t:|1776648837\n|move|p1b: Conkeldurr|Mach Punch|p2b: Delphox\n|-resisted|p2b: Delphox|1\n|-damage|p2b: Delphox|7/100\n|move|p2b: Delphox|Heat Wave|p1b: Conkeldurr|[spread] p1a,p1b\n|-supereffective|p1a: Sinistcha|1\n|-crit|p1b: Conkeldurr\n|-damage|p1a: Sinistcha|8/100\n|-damage|p1b: Conkeldurr|0 fnt\n|faint|p1b: Conkeldurr\n|move|p2a: Basculegion|Last Respects|p1a: Sinistcha\n|-supereffective|p1a: Sinistcha|1\n|-damage|p1a: Sinistcha|0 fnt\n|faint|p1a: Sinistcha\n|\n|win|Gosuguy\n|raw|Jim&apos;s Esports's rating: 1434 &rarr; <strong>1420</strong><br />(-14 for losing)\n|raw|Gosuguy's rating: 1540 &rarr; <strong>1554</strong><br />(+14 for winning)\n|l|\u2606Jim's Esports\n|player|p1|\n",
  "uploadtime": 1776648849,
  "views": 8,
  "formatid": "gen9championsvgc2026regma",
  "rating": 1420,
  "private": 0,
  "password": null
}