{
  "id": "gen9championsvgc2026regma-2580710841",
  "format": "[Gen 9 Champions] VGC 2026 Reg M-A",
  "players": [
    "Vaonir",
    "bored_bones00"
  ],
  "log": "|j|\u2606Vaonir\n|j|\u2606bored_bones00\n|t:|1775926222\n|gametype|doubles\n|player|p1|Vaonir|1|1043\n|player|p2|bored_bones00|rosa|1115\n|gen|9\n|tier|[Gen 9 Champions] VGC 2026 Reg M-A\n|rated|\n|rule|Species Clause: Limit one of each Pok\u00e9mon\n|rule|Item Clause: Limit 1 of each item\n|clearpoke\n|poke|p1|Archaludon, L50, F|\n|poke|p1|Greninja-*, L50, F|\n|poke|p1|Whimsicott, L50, F|\n|poke|p1|Pelipper, L50, F|\n|poke|p1|Sneasler, L50, F|\n|poke|p1|Gengar, L50, F|\n|poke|p2|Froslass, L50, F|\n|poke|p2|Garchomp, L50, F|\n|poke|p2|Sneasler, L50, F|\n|poke|p2|Crabominable, L50, F|\n|poke|p2|Farigiraf, L50, M|\n|poke|p2|Incineroar, L50, M|\n|teampreview|4\n|inactive|Battle timer is ON: inactive players will automatically lose when time's up. (requested by Vaonir)\nVaonir has agreed to open team sheets.\n|\n|t:|1775926254\n|teamsize|p1|4\n|teamsize|p2|4\n|start\n|switch|p1a: Greninja|Greninja, L50, F, shiny|100/100\n|switch|p1b: Whimsicott|Whimsicott, L50, F, shiny|100/100\n|switch|p2a: Froslass|Froslass, L50, F|100/100\n|switch|p2b: Sneasler|Sneasler, L50, F|100/100\n|turn|1\n|inactive|bored_bones00 has 30 seconds left.\n|\n|t:|1775926281\n|detailschange|p2a: Froslass|Froslass-Mega, L50, F\n|-mega|p2a: Froslass|Froslass|Froslassite\n|-weather|Snowscape|[from] ability: Snow Warning|[of] p2a: Froslass\n|move|p2b: Sneasler|Fake Out|p1b: Whimsicott\n|-damage|p1b: Whimsicott|84/100\n|cant|p1b: Whimsicott|flinch\n|move|p2a: Froslass|Blizzard|p1b: Whimsicott|[spread] p1a,p1b\n|-resisted|p1a: Greninja|1\n|-supereffective|p1b: Whimsicott|1\n|-damage|p1a: Greninja|72/100\n|-damage|p1b: Whimsicott|12/100\n|move|p1a: Greninja|Swords Dance|p1a: Greninja\n|-start|p1a: Greninja|typechange|Normal|[from] ability: Protean\n|-boost|p1a: Greninja|atk|2\n|\n|-weather|Snowscape|[upkeep]\n|upkeep\n|turn|2\n|inactive|bored_bones00 has 30 seconds left.\n|inactive|bored_bones00 has 20 seconds left.\n|inactive|bored_bones00 has 15 seconds left.\n|inactive|bored_bones00 has 10 seconds left.\n|\n|t:|1775926331\n|detailschange|p1a: Greninja|Greninja-Mega, L50, F, shiny\n|-mega|p1a: Greninja|Greninja|Greninjite\n|move|p1b: Whimsicott|Tailwind|p1b: Whimsicott\n|-sidestart|p1: Vaonir|move: Tailwind\n|move|p1a: Greninja|Liquidation|p2b: Sneasler\n|-start|p1a: Greninja|typechange|Water|[from] ability: Protean\n|-damage|p2b: Sneasler|0 fnt\n|faint|p2b: Sneasler\n|move|p2a: Froslass|Will-O-Wisp|p1a: Greninja\n|-status|p1a: Greninja|brn\n|\n|-weather|Snowscape|[upkeep]\n|-damage|p1a: Greninja|66/100 brn|[from] brn\n|upkeep\n|\n|t:|1775926344\n|switch|p2b: Crabominable|Crabominable, L50, F|100/100\n|turn|3\n|\n|t:|1775926361\n|move|p1b: Whimsicott|Encore|p2a: Froslass\n|-start|p2a: Froslass|Encore\n|move|p2b: Crabominable|Mach Punch|p1b: Whimsicott\n|-resisted|p1b: Whimsicott|1\n|-damage|p1b: Whimsicott|0 fnt\n|faint|p1b: Whimsicott\n|move|p1a: Greninja|Low Kick|p2b: Crabominable\n|-supereffective|p2b: Crabominable|1\n|-damage|p2b: Crabominable|48/100\n|move|p2a: Froslass|Will-O-Wisp|p1a: Greninja\n|-fail|p1a: Greninja|brn\n|\n|-weather|Snowscape|[upkeep]\n|-damage|p1a: Greninja|60/100 brn|[from] brn\n|upkeep\n|\n|t:|1775926374\n|switch|p1b: Sneasler|Sneasler, L50, F, shiny|100/100\n|turn|4\n|inactive|bored_bones00 has 30 seconds left.\n|\n|t:|1775926401\n|switch|p2a: Farigiraf|Farigiraf, L50, M|100/100\n|move|p1b: Sneasler|Fake Out||[still]\n|cant|p2a: Farigiraf|ability: Armor Tail|Fake Out|[of] p1b: Sneasler\n|move|p2b: Crabominable|Mach Punch|p1a: Greninja\n|-damage|p1a: Greninja|24/100 brn\n|move|p1a: Greninja|Liquidation|p2a: Farigiraf\n|-crit|p2a: Farigiraf\n|-damage|p2a: Farigiraf|43/100\n|\n|-weather|Snowscape|[upkeep]\n|-damage|p1a: Greninja|18/100 brn|[from] brn\n|upkeep\n|turn|5\n|inactive|bored_bones00 has 30 seconds left.\n|inactive|bored_bones00 has 20 seconds left.\n|\n|t:|1775926440\n|move|p2b: Crabominable|Protect|p2b: Crabominable\n|-singleturn|p2b: Crabominable|Protect\n|move|p1a: Greninja|Low Kick|p2b: Crabominable\n|-activate|p2b: Crabominable|move: Protect\n|move|p1b: Sneasler|Close Combat|p2a: Farigiraf\n|-damage|p2a: Farigiraf|0 fnt\n|-unboost|p1b: Sneasler|def|1\n|-unboost|p1b: Sneasler|spd|1\n|faint|p2a: Farigiraf\n|-enditem|p1b: Sneasler|White Herb\n|-clearnegativeboost|p1b: Sneasler|[silent]\n|\n|-weather|none\n|-damage|p1a: Greninja|12/100 brn|[from] brn\n|-sideend|p1: Vaonir|move: Tailwind\n|upkeep\n|\n|t:|1775926453\n|switch|p2a: Froslass|Froslass-Mega, L50, F|100/100\n|-weather|Snowscape|[from] ability: Snow Warning|[of] p2a: Froslass\n|turn|6\n|\n|t:|1775926471\n|move|p2b: Crabominable|Mach Punch|p1a: Greninja\n|-damage|p1a: Greninja|0 fnt\n|faint|p1a: Greninja\n|move|p1b: Sneasler|Acrobatics|p2a: Froslass\n|-damage|p2a: Froslass|58/100\n|move|p2a: Froslass|Will-O-Wisp|p1b: Sneasler\n|-status|p1b: Sneasler|brn\n|\n|-weather|Snowscape|[upkeep]\n|-damage|p1b: Sneasler|95/100 brn|[from] brn\n|upkeep\n|\n|t:|1775926483\n|switch|p1a: Gengar|Gengar, L50, F, shiny|100/100\n|turn|7\n|\n|t:|1775926498\n|move|p2b: Crabominable|Protect|p2b: Crabominable\n|-singleturn|p2b: Crabominable|Protect\n|move|p1b: Sneasler|Close Combat|p2b: Crabominable\n|-activate|p2b: Crabominable|move: Protect\n|move|p2a: Froslass|Aurora Veil|p2a: Froslass\n|-sidestart|p2: bored_bones00|move: Aurora Veil\n|move|p1a: Gengar|Shadow Ball|p2a: Froslass\n|-supereffective|p2a: Froslass|1\n|-damage|p2a: Froslass|4/100\n|\n|-weather|Snowscape|[upkeep]\n|-damage|p1b: Sneasler|89/100 brn|[from] brn\n|upkeep\n|turn|8\n|\n|t:|1775926517\n|move|p1b: Sneasler|Acrobatics|p2b: Crabominable\n|-supereffective|p2b: Crabominable|1\n|-crit|p2b: Crabominable\n|-damage|p2b: Crabominable|1/100\n|move|p2a: Froslass|Blizzard|p1b: Sneasler|[spread] p1a,p1b\n|-damage|p1a: Gengar|44/100\n|-damage|p1b: Sneasler|31/100 brn\n|move|p1a: Gengar|Shadow Ball|p2a: Froslass\n|-supereffective|p2a: Froslass|1\n|-damage|p2a: Froslass|0 fnt\n|faint|p2a: Froslass\n|move|p2b: Crabominable|Ice Hammer|p1a: Gengar\n|-damage|p1a: Gengar|0 fnt\n|-unboost|p2b: Crabominable|spe|1\n|faint|p1a: Gengar\n|\n|-weather|Snowscape|[upkeep]\n|-damage|p1b: Sneasler|25/100 brn|[from] brn\n|upkeep\n|turn|9\n|\n|t:|1775926535\n|move|p2b: Crabominable|Protect|p2b: Crabominable\n|-singleturn|p2b: Crabominable|Protect\n|move|p1b: Sneasler|Acrobatics|p2b: Crabominable\n|-activate|p2b: Crabominable|move: Protect\n|\n|-weather|Snowscape|[upkeep]\n|-damage|p1b: Sneasler|19/100 brn|[from] brn\n|upkeep\n|turn|10\n|\n|t:|1775926544\n|move|p2b: Crabominable|Mach Punch|p1b: Sneasler\n|-resisted|p1b: Sneasler|1\n|-damage|p1b: Sneasler|0 fnt\n|faint|p1b: Sneasler\n|\n|win|bored_bones00\n|raw|Vaonir's rating: 1043 &rarr; <strong>1030</strong><br />(-13 for losing)\n|raw|bored_bones00's rating: 1115 &rarr; <strong>1135</strong><br />(+20 for winning)\n|l|\u2606Vaonir\n|player|p1|\n",
  "uploadtime": 1775926551,
  "views": 12,
  "formatid": "gen9championsvgc2026regma",
  "rating": 1030,
  "private": 0,
  "password": null
}