{
  "id": "gen9championsvgc2026regma-2584639036",
  "format": "[Gen 9 Champions] VGC 2026 Reg M-A",
  "players": [
    "toxmyself",
    "miwtdl"
  ],
  "log": "|j|\u2606toxmyself\n|j|\u2606miwtdl\n|t:|1776273760\n|gametype|doubles\n|player|p1|toxmyself|norman|1000\n|player|p2|miwtdl|winona|1090\n|gen|9\n|tier|[Gen 9 Champions] VGC 2026 Reg M-A\n|rated|\n|rule|Species Clause: Limit one of each Pok\u00e9mon\n|rule|Item Clause: Limit 1 of each item\n|clearpoke\n|poke|p1|Charizard, L50, M|\n|poke|p1|Venusaur, L50, F|\n|poke|p1|Garchomp, L50, F|\n|poke|p1|Incineroar, L50, M|\n|poke|p1|Gardevoir, L50, F|\n|poke|p1|Milotic, L50, M|\n|poke|p2|Milotic, L50, M|\n|poke|p2|Incineroar, L50, F|\n|poke|p2|Whimsicott, L50, M|\n|poke|p2|Tinkaton, L50, F|\n|poke|p2|Rotom-Mow, L50|\n|poke|p2|Kangaskhan, L50, F|\n|teampreview|4\n|inactive|Battle timer is ON: inactive players will automatically lose when time's up. (requested by toxmyself)\n|inactive|miwtdl has 60 seconds left.\n|\n|t:|1776273813\n|teamsize|p1|4\n|teamsize|p2|4\n|start\n|switch|p1a: Milotic|Milotic, L50, M|100/100\n|switch|p1b: Charizard|Charizard, L50, M|100/100\n|switch|p2a: Kangaskhan|Kangaskhan, L50, F|100/100\n|switch|p2b: Milotic|Milotic, L50, M|100/100\n|turn|1\n|\n|t:|1776273828\n|detailschange|p2a: Kangaskhan|Kangaskhan-Mega, L50, F\n|-mega|p2a: Kangaskhan|Kangaskhan|Kangaskhanite\n|move|p1b: Charizard|Protect|p1b: Charizard\n|-singleturn|p1b: Charizard|Protect\n|move|p2a: Kangaskhan|Fake Out|p1a: Milotic\n|-damage|p1a: Milotic|84/100\n|-damage|p1a: Milotic|81/100\n|-hitcount|p1a: Milotic|2\n|move|p2b: Milotic|Scald|p1b: Charizard\n|-activate|p1b: Charizard|move: Protect\n|cant|p1a: Milotic|flinch\n|\n|-heal|p1a: Milotic|87/100|[from] item: Leftovers\n|upkeep\n|turn|2\n|\n|t:|1776273847\n|switch|p2b: Incineroar|Incineroar, L50, F|100/100\n|-ability|p2b: Incineroar|Intimidate|boost\n|-unboost|p1a: Milotic|atk|1\n|-ability|p1a: Milotic|Competitive|boost\n|-boost|p1a: Milotic|spa|2\n|-unboost|p1b: Charizard|atk|1\n|detailschange|p1b: Charizard|Charizard-Mega-Y, L50, M\n|-mega|p1b: Charizard|Charizard|Charizardite Y\n|-weather|SunnyDay|[from] ability: Drought|[of] p1b: Charizard\n|move|p1b: Charizard|Solar Beam||[still]\n|-prepare|p1b: Charizard|Solar Beam\n|-anim|p1b: Charizard|Solar Beam|p2b: Incineroar\n|-resisted|p2b: Incineroar|1\n|-damage|p2b: Incineroar|77/100\n|move|p2a: Kangaskhan|Double-Edge|p1b: Charizard\n|-damage|p1b: Charizard|12/100\n|-damage|p1b: Charizard|0 fnt\n|faint|p1b: Charizard\n|-hitcount|p1: Charizard|2\n|-damage|p2a: Kangaskhan|77/100|[from] Recoil\n|move|p1a: Milotic|Life Dew|p1a: Milotic\n|-heal|p1a: Milotic|100/100\n|\n|-weather|SunnyDay|[upkeep]\n|upkeep\n|\n|t:|1776273854\n|switch|p1b: Venusaur|Venusaur, L50, F|100/100\n|turn|3\n|\n|t:|1776273875\n|move|p1b: Venusaur|Protect|p1b: Venusaur\n|-singleturn|p1b: Venusaur|Protect\n|move|p1a: Milotic|Protect|p1a: Milotic\n|-singleturn|p1a: Milotic|Protect\n|move|p2a: Kangaskhan|Double-Edge|p1a: Milotic\n|-activate|p1a: Milotic|move: Protect\n|move|p2b: Incineroar|Flare Blitz|p1b: Venusaur\n|-activate|p1b: Venusaur|move: Protect\n|\n|-weather|SunnyDay|[upkeep]\n|upkeep\n|turn|4\n|\n|t:|1776273894\n|switch|p2b: Milotic|Milotic, L50, M|100/100\n|move|p1b: Venusaur|Sleep Powder|p2a: Kangaskhan\n|-status|p2a: Kangaskhan|slp|[from] move: Sleep Powder\n|cant|p2a: Kangaskhan|slp\n|move|p1a: Milotic|Scald|p2b: Milotic\n|-resisted|p2b: Milotic|1\n|-damage|p2b: Milotic|90/100\n|\n|-weather|SunnyDay|[upkeep]\n|-heal|p2b: Milotic|96/100|[from] item: Leftovers\n|upkeep\n|turn|5\n|\n|t:|1776273912\n|move|p2b: Milotic|Protect|p2b: Milotic\n|-singleturn|p2b: Milotic|Protect\n|move|p1b: Venusaur|Energy Ball|p2a: Kangaskhan\n|-damage|p2a: Kangaskhan|42/100 slp\n|cant|p2a: Kangaskhan|slp\n|move|p1a: Milotic|Scald|p2a: Kangaskhan\n|-damage|p2a: Kangaskhan|17/100 slp\n|\n|-weather|SunnyDay|[upkeep]\n|-heal|p2b: Milotic|100/100|[from] item: Leftovers\n|upkeep\n|turn|6\n|\n|t:|1776273937\n|switch|p2b: Rotom|Rotom-Mow, L50|100/100\n|move|p1b: Venusaur|Protect|p1b: Venusaur\n|-singleturn|p1b: Venusaur|Protect\n|-curestatus|p2a: Kangaskhan|slp|[msg]\n|move|p2a: Kangaskhan|Double-Edge|p1a: Milotic\n|-damage|p1a: Milotic|47/100\n|-damage|p1a: Milotic|36/100\n|-hitcount|p1a: Milotic|2\n|-damage|p2a: Kangaskhan|0 fnt|[from] Recoil\n|faint|p2a: Kangaskhan\n|move|p1a: Milotic|Scald|p2b: Rotom\n|-resisted|p2b: Rotom|1\n|-damage|p2b: Rotom|83/100\n|\n|-weather|none\n|-heal|p1a: Milotic|42/100|[from] item: Leftovers\n|upkeep\n|\n|t:|1776273954\n|switch|p2a: Incineroar|Incineroar, L50, F|77/100\n|-ability|p2a: Incineroar|Intimidate|boost\n|-unboost|p1a: Milotic|atk|1\n|-ability|p1a: Milotic|Competitive|boost\n|-boost|p1a: Milotic|spa|2\n|-unboost|p1b: Venusaur|atk|1\n|turn|7\n|\n|t:|1776273969\n|move|p1a: Milotic|Protect|p1a: Milotic\n|-singleturn|p1a: Milotic|Protect\n|move|p2a: Incineroar|Fake Out|p1b: Venusaur\n|-damage|p1b: Venusaur|82/100\n|cant|p1b: Venusaur|flinch\n|move|p2b: Rotom|Volt Switch|p1a: Milotic\n|-activate|p1a: Milotic|move: Protect\n|\n|-heal|p1a: Milotic|48/100|[from] item: Leftovers\n|upkeep\n|turn|8\n|\n|t:|1776273992\n|move|p1b: Venusaur|Sludge Bomb|p2b: Rotom\n|-supereffective|p2b: Rotom|1\n|-damage|p2b: Rotom|0 fnt\n|faint|p2b: Rotom\n|move|p1a: Milotic|Scald|p2a: Incineroar\n|-supereffective|p2a: Incineroar|1\n|-damage|p2a: Incineroar|0 fnt\n|faint|p2a: Incineroar\n|\n|-heal|p1a: Milotic|55/100|[from] item: Leftovers\n|upkeep\n|-message|miwtdl forfeited.\n|\n|win|toxmyself\n|raw|toxmyself's rating: 1000 &rarr; <strong>1050</strong><br />(+50 for winning)\n|raw|miwtdl's rating: 1090 &rarr; <strong>1061</strong><br />(-29 for losing)\n",
  "uploadtime": 1776274002,
  "views": 18,
  "formatid": "gen9championsvgc2026regma",
  "rating": 1050,
  "private": 0,
  "password": null
}