{
  "id": "gen9championsvgc2026regma-2581382267",
  "format": "[Gen 9 Champions] VGC 2026 Reg M-A",
  "players": [
    "Kitsune.Post",
    "ibbette"
  ],
  "log": "|j|\u2606Kitsune.Post\n|j|\u2606ibbette\n|t:|1775994315\n|gametype|doubles\n|player|p1|Kitsune.Post|medium|1000\n|player|p2|ibbette|170|1040\n|gen|9\n|tier|[Gen 9 Champions] VGC 2026 Reg M-A\n|rated|\n|rule|Species Clause: Limit one of each Pok\u00e9mon\n|rule|Item Clause: Limit 1 of each item\n|clearpoke\n|poke|p1|Dragonite, L50, M|\n|poke|p1|Ditto, L50|\n|poke|p1|Starmie, L50|\n|poke|p1|Sylveon, L50, M|\n|poke|p1|Lucario, L50, F|\n|poke|p1|Whimsicott, L50, M|\n|poke|p2|Charizard, L50, M|\n|poke|p2|Whimsicott, L50, M|\n|poke|p2|Jolteon, L50, F|\n|poke|p2|Primarina, L50, F|\n|poke|p2|Rotom-Heat, L50|\n|poke|p2|Incineroar, L50, F|\n|teampreview|4\nibbette has agreed to open team sheets.\n|inactive|Battle timer is ON: inactive players will automatically lose when time's up. (requested by Kitsune.Post)\n|\n|t:|1775994366\n|teamsize|p1|4\n|teamsize|p2|4\n|start\n|switch|p1a: Dragonite|Dragonite, L50, M|100/100\n|switch|p1b: Starmie|Starmie, L50|100/100\n|switch|p2a: Incineroar|Incineroar, L50, F, shiny|100/100\n|switch|p2b: Charizard|Charizard, L50, M, shiny|100/100\n|turn|1\n|inactive|Kitsune.Post has 30 seconds left.\n|inactive|Kitsune.Post has 20 seconds left.\n|\n|t:|1775994405\n|detailschange|p1b: Starmie|Starmie-Mega, L50\n|-mega|p1b: Starmie|Starmie|Starminite\n|move|p2b: Charizard|Protect|p2b: Charizard\n|-singleturn|p2b: Charizard|Protect\n|move|p1b: Starmie|Flip Turn|p2b: Charizard\n|-activate|p2b: Charizard|move: Protect\n|move|p1a: Dragonite|Dragon Dance|p1a: Dragonite\n|-boost|p1a: Dragonite|atk|1\n|-boost|p1a: Dragonite|spe|1\n|move|p2a: Incineroar|Darkest Lariat|p1b: Starmie\n|-supereffective|p1b: Starmie|1\n|-damage|p1b: Starmie|7/100\n|\n|upkeep\n|turn|2\n|inactive|Kitsune.Post has 30 seconds left.\n|inactive|ibbette has 30 seconds left.\n|\n|t:|1775994437\n|switch|p2b: Primarina|Primarina, L50, F|100/100\n|move|p1a: Dragonite|Protect|p1a: Dragonite\n|-singleturn|p1a: Dragonite|Protect\n|move|p1b: Starmie|Self-Destruct|p2a: Incineroar|[spread] p2a,p2b\n|-activate|p1a: Dragonite|move: Protect\n|-damage|p2a: Incineroar|20/100\n|-damage|p2b: Primarina|0 fnt\n|-enditem|p2a: Incineroar|Sitrus Berry|[eat]\n|-heal|p2a: Incineroar|45/100|[from] item: Sitrus Berry\n|faint|p1b: Starmie\n|faint|p2b: Primarina\n|move|p2a: Incineroar|Parting Shot|p1a: Dragonite\n|-activate|p1a: Dragonite|move: Protect\n|\n|upkeep\n|\n|t:|1775994458\n|switch|p1b: Ditto|Ditto, L50|100/100\n|switch|p2b: Jolteon|Jolteon, L50, F|100/100\n|-transform|p1b: Ditto|p2a: Incineroar|[from] ability: Imposter\n|turn|3\n|inactive|ibbette has 30 seconds left.\n|\n|t:|1775994484\n|move|p1b: Ditto|Fake Out|p2a: Incineroar\n|-damage|p2a: Incineroar|36/100\n|move|p2b: Jolteon|Electroweb|p1b: Ditto|[spread] p1a,p1b\n|-damage|p1a: Dragonite|80/100\n|-damage|p1b: Ditto|79/100\n|-unboost|p1a: Dragonite|spe|1\n|-unboost|p1b: Ditto|spe|1\n|move|p1a: Dragonite|Dragon Dance|p1a: Dragonite\n|-boost|p1a: Dragonite|atk|1\n|-boost|p1a: Dragonite|spe|1\n|cant|p2a: Incineroar|flinch\n|\n|upkeep\n|turn|4\n|\n|t:|1775994501\n|switch|p1b: Sylveon|Sylveon, L50, M|100/100\n|move|p1a: Dragonite|Extreme Speed|p2a: Incineroar\n|-damage|p2a: Incineroar|0 fnt\n|faint|p2a: Incineroar\n|move|p2b: Jolteon|Electroweb|p1b: Sylveon|[spread] p1a,p1b\n|-damage|p1a: Dragonite|58/100\n|-damage|p1b: Sylveon|85/100\n|-unboost|p1a: Dragonite|spe|1\n|-unboost|p1b: Sylveon|spe|1\n|\n|-heal|p1b: Sylveon|91/100|[from] item: Leftovers\n|upkeep\n|\n|t:|1775994512\n|switch|p2a: Charizard|Charizard, L50, M, shiny|100/100\n|turn|5\n|inactive|ibbette has 30 seconds left.\n|\n|t:|1775994546\n|detailschange|p2a: Charizard|Charizard-Mega-Y, L50, M, shiny\n|-mega|p2a: Charizard|Charizard|Charizardite Y\n|-weather|SunnyDay|[from] ability: Drought|[of] p2a: Charizard\n|move|p1a: Dragonite|Protect|p1a: Dragonite\n|-singleturn|p1a: Dragonite|Protect\n|move|p1b: Sylveon|Protect|p1b: Sylveon\n|-singleturn|p1b: Sylveon|Protect\n|move|p2b: Jolteon|Electroweb|p1b: Sylveon|[spread] \n|-activate|p1a: Dragonite|move: Protect\n|-activate|p1b: Sylveon|move: Protect\n|move|p2a: Charizard|Heat Wave|p1a: Dragonite|[spread] \n|-activate|p1a: Dragonite|move: Protect\n|-activate|p1b: Sylveon|move: Protect\n|\n|-weather|SunnyDay|[upkeep]\n|-heal|p1b: Sylveon|97/100|[from] item: Leftovers\n|upkeep\n|turn|6\n|\n|t:|1775994583\n|switch|p1b: Ditto|Ditto, L50|79/100\n|-transform|p1b: Ditto|p2a: Charizard|[from] ability: Imposter\n|move|p1a: Dragonite|Extreme Speed|p2a: Charizard\n|-damage|p2a: Charizard|0 fnt\n|faint|p2a: Charizard\n|move|p2b: Jolteon|Thunderbolt|p1a: Dragonite\n|-damage|p1a: Dragonite|15/100\n|\n|-weather|SunnyDay|[upkeep]\n|upkeep\n|turn|7\n|\n|t:|1775994598\n|move|p1a: Dragonite|Extreme Speed|p2b: Jolteon\n|-enditem|p2b: Jolteon|Focus Sash\n|-damage|p2b: Jolteon|1/100\n|move|p1b: Ditto|Weather Ball|p2b: Jolteon\n|-damage|p2b: Jolteon|0 fnt\n|faint|p2b: Jolteon\n|\n|win|Kitsune.Post\n|raw|Kitsune.Post's rating: 1000 &rarr; <strong>1045</strong><br />(+45 for winning)\n|raw|ibbette's rating: 1040 &rarr; <strong>1022</strong><br />(-18 for losing)\n|l|\u2606ibbette\n|player|p2|\n",
  "uploadtime": 1775994620,
  "views": 23,
  "formatid": "gen9championsvgc2026regma",
  "rating": 1022,
  "private": 0,
  "password": null
}