{
  "id": "gen9championsvgc2026regma-2582169521",
  "format": "[Gen 9 Champions] VGC 2026 Reg M-A",
  "players": [
    "spection",
    "clammer9"
  ],
  "log": "|j|\u2606spection\n|j|\u2606clammer9\n|t:|1776066825\n|gametype|doubles\n|player|p1|spection|170|1075\n|player|p2|clammer9|101|1046\n|gen|9\n|tier|[Gen 9 Champions] VGC 2026 Reg M-A\n|rated|\n|rule|Species Clause: Limit one of each Pok\u00e9mon\n|rule|Item Clause: Limit 1 of each item\n|clearpoke\n|poke|p1|Whimsicott, L50, F|\n|poke|p1|Dragonite, L50, F|\n|poke|p1|Gengar, L50, M|\n|poke|p1|Gardevoir, L50, F|\n|poke|p1|Rotom-Wash, L50|\n|poke|p1|Sneasler, L50, F|\n|poke|p2|Lucario, L50, F|\n|poke|p2|Incineroar, L50, M|\n|poke|p2|Dragapult, L50, M|\n|poke|p2|Goodra, L50, F|\n|poke|p2|Araquanid, L50, F|\n|poke|p2|Medicham, L50, F|\n|teampreview|4\nclammer9 has agreed to open team sheets.\n|\n|t:|1776066876\n|teamsize|p1|4\n|teamsize|p2|4\n|start\n|switch|p1a: Whimsicott|Whimsicott, L50, F|100/100\n|switch|p1b: Dragonite|Dragonite, L50, F|100/100\n|switch|p2a: Lucario|Lucario, L50, F|100/100\n|switch|p2b: Dragapult|Dragapult, L50, M|100/100\n|turn|1\n|\n|t:|1776066896\n|move|p2b: Dragapult|Protect|p2b: Dragapult\n|-singleturn|p2b: Dragapult|Protect\n|move|p1a: Whimsicott|Tailwind|p1a: Whimsicott\n|-sidestart|p1: spection|move: Tailwind\n|move|p1b: Dragonite|Dragon Dance|p1b: Dragonite\n|-boost|p1b: Dragonite|atk|1\n|-boost|p1b: Dragonite|spe|1\n|move|p2a: Lucario|Flash Cannon|p1a: Whimsicott\n|-supereffective|p1a: Whimsicott|1\n|-enditem|p1a: Whimsicott|Focus Sash\n|-damage|p1a: Whimsicott|1/100\n|\n|upkeep\n|turn|2\n|\n|t:|1776066924\n|move|p2b: Dragapult|Sucker Punch|p1b: Dragonite\n|-damage|p1b: Dragonite|87/100\n|move|p2a: Lucario|Vacuum Wave|p1a: Whimsicott\n|-resisted|p1a: Whimsicott|1\n|-damage|p1a: Whimsicott|0 fnt\n|faint|p1a: Whimsicott\n|move|p1b: Dragonite|Outrage|p2b: Dragapult\n|-supereffective|p2b: Dragapult|1\n|-damage|p2b: Dragapult|0 fnt\n|faint|p2b: Dragapult\n|-heal|p1b: Dragonite|99/100|[from] item: Shell Bell|[of] p2: Dragapult\n|\n|upkeep\n|\n|t:|1776066939\n|switch|p2b: Medicham|Medicham, L50, F|100/100\n|switch|p1a: Gardevoir|Gardevoir, L50, F|100/100\n|turn|3\n|\n|t:|1776066958\n|detailschange|p1a: Gardevoir|Gardevoir-Mega, L50, F\n|-mega|p1a: Gardevoir|Gardevoir|Gardevoirite\n|detailschange|p2a: Lucario|Lucario-Mega, L50, F\n|-mega|p2a: Lucario|Lucario|Lucarionite\n|move|p1a: Gardevoir|Protect|p1a: Gardevoir\n|-singleturn|p1a: Gardevoir|Protect\n|move|p2b: Medicham|Fake Out|p1a: Gardevoir\n|-activate|p1a: Gardevoir|move: Protect\n|move|p1b: Dragonite|Outrage|p2b: Medicham|[from] lockedmove\n|-damage|p2b: Medicham|0 fnt\n|faint|p2b: Medicham\n|-heal|p1b: Dragonite|100/100|[from] item: Shell Bell|[of] p2: Medicham\n|move|p2a: Lucario|Flash Cannon|p1a: Gardevoir\n|-activate|p1a: Gardevoir|move: Protect\n|\n|upkeep\n|\n|t:|1776066967\n|switch|p2b: Goodra|Goodra, L50, F|100/100\n|turn|4\n|\n|t:|1776066977\n|move|p2b: Goodra|Protect|p2b: Goodra\n|-singleturn|p2b: Goodra|Protect\n|move|p1b: Dragonite|Outrage|p2a: Lucario|[from] lockedmove\n|-resisted|p2a: Lucario|1\n|-damage|p2a: Lucario|26/100\n|-start|p1b: Dragonite|confusion|[fatigue]\n|move|p1a: Gardevoir|Hyper Voice|p2b: Goodra|[spread] p2a\n|-activate|p2b: Goodra|move: Protect\n|-damage|p2a: Lucario|0 fnt\n|faint|p2a: Lucario\n|\n|-sideend|p1: spection|move: Tailwind\n|upkeep\n|turn|5\n|\n|t:|1776066989\n|-activate|p1b: Dragonite|confusion\n|move|p1b: Dragonite|Outrage|p2b: Goodra\n|-supereffective|p2b: Goodra|1\n|-damage|p2b: Goodra|0 fnt\n|-ability|p2b: Goodra|Gooey\n|-unboost|p1b: Dragonite|spe|1\n|faint|p2b: Goodra\n|\n|win|spection\n|raw|spection's rating: 1075 &rarr; <strong>1101</strong><br />(+26 for winning)\n|raw|clammer9's rating: 1046 &rarr; <strong>1031</strong><br />(-15 for losing)\n|c|\u2606clammer9|gg\n|c|\u2606spection|gg\n",
  "uploadtime": 1776066999,
  "views": 12,
  "formatid": "gen9championsvgc2026regma",
  "rating": 1031,
  "private": 0,
  "password": null
}