{
  "id": "gen9championsvgc2026regma-2582797345",
  "format": "[Gen 9 Champions] VGC 2026 Reg M-A",
  "players": [
    "jeanmixed",
    "lisarb660"
  ],
  "log": "|j|\u2606jeanmixed\n|j|\u2606lisarb660\n|t:|1776114864\n|gametype|doubles\n|player|p1|jeanmixed|veteran|\n|player|p2|lisarb660|volkner|\n|gen|9\n|tier|[Gen 9 Champions] VGC 2026 Reg M-A\n|rule|Species Clause: Limit one of each Pok\u00e9mon\n|rule|Item Clause: Limit 1 of each item\n|clearpoke\n|poke|p1|Venusaur, L50, F|\n|poke|p1|Incineroar, L50, M|\n|poke|p1|Empoleon, L50, M|\n|poke|p1|Aerodactyl, L50, M|\n|poke|p1|Sableye, L50, F|\n|poke|p1|Dragonite, L50, M|\n|poke|p2|Basculegion, L50, M|\n|poke|p2|Pelipper, L50, M|\n|poke|p2|Dragonite, L50, M|\n|poke|p2|Archaludon, L50, F|\n|poke|p2|Sneasler, L50, F|\n|poke|p2|Rotom-Heat, L50|\n|teampreview|4\n|\n|t:|1776114945\n|teamsize|p1|4\n|teamsize|p2|4\n|start\n|switch|p1a: Aerodactyl|Aerodactyl, L50, M|100/100\n|switch|p1b: Sableye|Sableye, L50, F|100/100\n|switch|p2a: sasukemon|Sneasler, L50, F|100/100\n|switch|p2b: air fryer|Rotom-Heat, L50|100/100\n|-ability|p1a: Aerodactyl|Unnerve\n|turn|1\n|j| mofriu4334\n|\n|t:|1776114968\n|move|p1b: Sableye|Protect|p1b: Sableye\n|-singleturn|p1b: Sableye|Protect\n|move|p1a: Aerodactyl|Protect|p1a: Aerodactyl\n|-singleturn|p1a: Aerodactyl|Protect\n|move|p2a: sasukemon|Fake Out|p1a: Aerodactyl\n|-activate|p1a: Aerodactyl|move: Protect\n|move|p2b: air fryer|Trick|p1b: Sableye\n|-activate|p1b: Sableye|move: Protect\n|\n|upkeep\n|turn|2\n|\n|t:|1776114995\n|switch|p2b: pelicano|Pelipper, L50, M|100/100\n|-weather|RainDance|[from] ability: Drizzle|[of] p2b: pelicano\n|move|p2a: sasukemon|Protect|p2a: sasukemon\n|-singleturn|p2a: sasukemon|Protect\n|move|p1b: Sableye|Encore|p2a: sasukemon\n|-activate|p2a: sasukemon|move: Protect\n|move|p1a: Aerodactyl|Dual Wingbeat|p2a: sasukemon\n|-activate|p2a: sasukemon|move: Protect\n|\n|-weather|RainDance|[upkeep]\n|upkeep\n|turn|3\n|\n|t:|1776115015\n|switch|p2a: lagartixa pan\u00e7uda|Dragonite, L50, M, shiny|100/100\n|move|p1a: Aerodactyl|Protect|p1a: Aerodactyl\n|-singleturn|p1a: Aerodactyl|Protect\n|move|p1b: Sableye|Encore||[still]\n|-fail|p1b: Sableye\n|move|p2b: pelicano|Tailwind|p2b: pelicano\n|-sidestart|p2: lisarb660|move: Tailwind\n|\n|-weather|RainDance|[upkeep]\n|upkeep\n|turn|4\n|\n|t:|1776115042\n|detailschange|p2a: lagartixa pan\u00e7uda|Dragonite-Mega, L50, M, shiny\n|-mega|p2a: lagartixa pan\u00e7uda|Dragonite|Dragoninite\n|move|p1b: Sableye|Encore|p2b: pelicano\n|-start|p2b: pelicano|Encore\n|move|p2a: lagartixa pan\u00e7uda|Thunder|p1a: Aerodactyl\n|-supereffective|p1a: Aerodactyl|1\n|-enditem|p1a: Aerodactyl|Focus Sash\n|-damage|p1a: Aerodactyl|1/100\n|-status|p1a: Aerodactyl|par\n|move|p2b: pelicano|Tailwind||[still]\n|-fail|p2b: pelicano\n|move|p1a: Aerodactyl|Rock Slide|p2b: pelicano|[spread] p2a,p2b\n|-supereffective|p2a: lagartixa pan\u00e7uda|1\n|-supereffective|p2b: pelicano|1\n|-damage|p2a: lagartixa pan\u00e7uda|77/100\n|-damage|p2b: pelicano|39/100\n|\n|-weather|RainDance|[upkeep]\n|upkeep\n|turn|5\n|\n|t:|1776115069\n|switch|p2b: air fryer|Rotom-Heat, L50|100/100\n|move|p1b: Sableye|Disable|p2a: lagartixa pan\u00e7uda\n|-start|p2a: lagartixa pan\u00e7uda|Disable|Thunder\n|cant|p2a: lagartixa pan\u00e7uda|Disable|Thunder\n|move|p1a: Aerodactyl|Rock Slide|p2a: lagartixa pan\u00e7uda|[spread] p2a,p2b\n|-supereffective|p2a: lagartixa pan\u00e7uda|1\n|-supereffective|p2b: air fryer|1\n|-damage|p2a: lagartixa pan\u00e7uda|29/100\n|-damage|p2b: air fryer|33/100\n|\n|-weather|RainDance|[upkeep]\n|upkeep\n|turn|6\n|\n|t:|1776115101\n|cant|p1a: Aerodactyl|par\n|move|p1b: Sableye|Encore|p2a: lagartixa pan\u00e7uda\n|-start|p2a: lagartixa pan\u00e7uda|Encore\n|move|p2b: air fryer|Thunderbolt|p1a: Aerodactyl\n|-supereffective|p1a: Aerodactyl|1\n|-damage|p1a: Aerodactyl|0 fnt\n|faint|p1a: Aerodactyl\n|cant|p2a: lagartixa pan\u00e7uda|Disable|Thunder\n|\n|-weather|none\n|-sideend|p2: lisarb660|move: Tailwind\n|upkeep\n|\n|t:|1776115115\n|switch|p1a: Empoleon|Empoleon, L50, M|100/100\n|turn|7\n|\n|t:|1776115129\n|move|p1a: Empoleon|Protect|p1a: Empoleon\n|-singleturn|p1a: Empoleon|Protect\n|move|p1b: Sableye|Disable|p2b: air fryer\n|-start|p2b: air fryer|Disable|Thunderbolt\n|cant|p2b: air fryer|Disable|Thunderbolt\n|-activate|p2a: lagartixa pan\u00e7uda|move: Struggle\n|move|p2a: lagartixa pan\u00e7uda|Struggle|p1b: Sableye\n|-damage|p1b: Sableye|86/100\n|-damage|p2a: lagartixa pan\u00e7uda|4/100|[from] recoil\n|\n|upkeep\n|turn|8\n|\n|t:|1776115145\n|switch|p2b: pelicano|Pelipper, L50, M|39/100\n|-weather|RainDance|[from] ability: Drizzle|[of] p2b: pelicano\n|switch|p2a: sasukemon|Sneasler, L50, F|100/100\n|move|p1b: Sableye|Protect|p1b: Sableye\n|-singleturn|p1b: Sableye|Protect\n|move|p1a: Empoleon|Surf|p2b: pelicano|[spread] p2a,p2b\n|-activate|p1b: Sableye|move: Protect\n|-resisted|p2b: pelicano|1\n|-damage|p2a: sasukemon|27/100\n|-damage|p2b: pelicano|0 fnt\n|faint|p2b: pelicano\n|\n|-weather|RainDance|[upkeep]\n|upkeep\n|\n|t:|1776115158\n|switch|p2b: lagartixa pan\u00e7uda|Dragonite-Mega, L50, M, shiny|4/100\n|turn|9\n|\n|t:|1776115171\n|move|p1b: Sableye|Protect|p1b: Sableye\n|-singleturn|p1b: Sableye|Protect\n|move|p1a: Empoleon|Protect|p1a: Empoleon\n|-singleturn|p1a: Empoleon|Protect\n|move|p2a: sasukemon|Fake Out|p1a: Empoleon\n|-activate|p1a: Empoleon|move: Protect\n|move|p2b: lagartixa pan\u00e7uda|Tailwind|p2b: lagartixa pan\u00e7uda\n|-sidestart|p2: lisarb660|move: Tailwind\n|\n|-weather|RainDance|[upkeep]\n|upkeep\n|turn|10\n|\n|t:|1776115185\n|move|p1b: Sableye|Encore|p2b: lagartixa pan\u00e7uda\n|-start|p2b: lagartixa pan\u00e7uda|Encore\n|move|p2a: sasukemon|Close Combat|p1a: Empoleon\n|-supereffective|p1a: Empoleon|1\n|-damage|p1a: Empoleon|0 fnt\n|-unboost|p2a: sasukemon|def|1\n|-unboost|p2a: sasukemon|spd|1\n|faint|p1a: Empoleon\n|-enditem|p2a: sasukemon|White Herb\n|-clearnegativeboost|p2a: sasukemon|[silent]\n|move|p2b: lagartixa pan\u00e7uda|Tailwind||[still]\n|-fail|p2b: lagartixa pan\u00e7uda\n|\n|-weather|RainDance|[upkeep]\n|upkeep\n|\n|t:|1776115197\n|switch|p1a: Venusaur|Venusaur, L50, F, shiny|100/100\n|turn|11\n|\n|t:|1776115216\n|detailschange|p1a: Venusaur|Venusaur-Mega, L50, F, shiny\n|-mega|p1a: Venusaur|Venusaur|Venusaurite\n|move|p2a: sasukemon|Protect|p2a: sasukemon\n|-singleturn|p2a: sasukemon|Protect\n|move|p1b: Sableye|Encore|p2a: sasukemon\n|-activate|p2a: sasukemon|move: Protect\n|move|p2b: lagartixa pan\u00e7uda|Tailwind||[still]\n|-fail|p2b: lagartixa pan\u00e7uda\n|move|p1a: Venusaur|Sludge Bomb|p2b: lagartixa pan\u00e7uda\n|-damage|p2b: lagartixa pan\u00e7uda|0 fnt\n|faint|p2b: lagartixa pan\u00e7uda\n|\n|-weather|RainDance|[upkeep]\n|upkeep\n|\n|t:|1776115226\n|switch|p2b: air fryer|Rotom-Heat, L50|33/100\n|turn|12\n|\n|t:|1776115249\n|move|p1b: Sableye|Encore|p2a: sasukemon\n|-start|p2a: sasukemon|Encore\n|move|p2a: sasukemon|Protect|p2a: sasukemon\n|-singleturn|p2a: sasukemon|Protect\n|move|p2b: air fryer|Overheat|p1b: Sableye|[miss]\n|-miss|p2b: air fryer|p1b: Sableye\n|move|p1a: Venusaur|Sludge Bomb|p2b: air fryer\n|-damage|p2b: air fryer|0 fnt\n|faint|p2b: air fryer\n|\n|-weather|none\n|-sideend|p2: lisarb660|move: Tailwind\n|upkeep\n|turn|13\n|\n|t:|1776115270\n|move|p2a: sasukemon|Protect||[still]\n|-fail|p2a: sasukemon\n|move|p1b: Sableye|Disable|p2a: sasukemon\n|-start|p2a: sasukemon|Disable|Protect\n|move|p1a: Venusaur|Earth Power|p2a: sasukemon\n|-supereffective|p2a: sasukemon|1\n|-damage|p2a: sasukemon|0 fnt\n|faint|p2a: sasukemon\n|\n|win|jeanmixed\n",
  "uploadtime": 1776115279,
  "views": 17,
  "formatid": "gen9championsvgc2026regma",
  "rating": null,
  "private": 0,
  "password": null
}