{
  "id": "gen9championsvgc2026regma-2581260647",
  "format": "[Gen 9 Champions] VGC 2026 Reg M-A",
  "players": [
    "Fizzayyy",
    "volkara"
  ],
  "log": "|j|\u2606Fizzayyy\n|j|\u2606volkara\n|t:|1775977762\n|gametype|doubles\n|player|p1|Fizzayyy|1|1229\n|player|p2|volkara|265|1290\n|gen|9\n|tier|[Gen 9 Champions] VGC 2026 Reg M-A\n|rated|\n|rule|Species Clause: Limit one of each Pok\u00e9mon\n|rule|Item Clause: Limit 1 of each item\n|clearpoke\n|poke|p1|Incineroar, L50, F|\n|poke|p1|Orthworm, L50, M|\n|poke|p1|Froslass, L50, F|\n|poke|p1|Excadrill, L50, M|\n|poke|p1|Rotom-Wash, L50|\n|poke|p1|Farigiraf, L50, M|\n|poke|p2|Incineroar, L50, F|\n|poke|p2|Garchomp, L50, F|\n|poke|p2|Sinistcha, L50|\n|poke|p2|Aggron, L50, M|\n|poke|p2|Torkoal, L50, M|\n|poke|p2|Kingambit, L50, M|\n|teampreview|4\n|inactive|Battle timer is ON: inactive players will automatically lose when time's up. (requested by volkara)\n|\n|t:|1775977788\n|teamsize|p1|4\n|teamsize|p2|4\n|start\n|switch|p1a: Incineroar|Incineroar, L50, F, shiny|100/100\n|switch|p1b: Orthworm|Orthworm, L50, M, shiny|100/100\n|switch|p2a: Kingambit|Kingambit, L50, M|100/100\n|switch|p2b: Sinistcha|Sinistcha, L50|100/100\n|-ability|p1a: Incineroar|Intimidate|boost\n|-unboost|p2a: Kingambit|atk|1\n|-ability|p2a: Kingambit|Defiant|boost\n|-boost|p2a: Kingambit|atk|2\n|-unboost|p2b: Sinistcha|atk|1\n|turn|1\n|\n|t:|1775977807\n|move|p2a: Kingambit|Protect|p2a: Kingambit\n|-singleturn|p2a: Kingambit|Protect\n|move|p1a: Incineroar|Fake Out|p2a: Kingambit\n|-activate|p2a: Kingambit|move: Protect\n|move|p1b: Orthworm|Shed Tail|p1b: Orthworm\n|-start|p1b: Orthworm|Substitute|[from] move: Shed Tail\n|-damage|p1b: Orthworm|50/100\n|-enditem|p1b: Orthworm|Sitrus Berry|[eat]\n|-heal|p1b: Orthworm|75/100|[from] item: Sitrus Berry\n|\n|t:|1775977818\n|switch|p1b: Excadrill|Excadrill, L50, M|100/100|[from] Shed Tail\n|-ability|p1b: Excadrill|Mold Breaker\n|move|p2b: Sinistcha|Trick Room|p2b: Sinistcha\n|-fieldstart|move: Trick Room|[of] p2b: Sinistcha\n|\n|upkeep\n|turn|2\n|\n|t:|1775977833\n|move|p1b: Excadrill|Protect|p1b: Excadrill\n|-singleturn|p1b: Excadrill|Protect\n|move|p2b: Sinistcha|Rage Powder|p2b: Sinistcha\n|-singleturn|p2b: Sinistcha|move: Rage Powder\n|move|p2a: Kingambit|Kowtow Cleave|p1b: Excadrill\n|-activate|p1b: Excadrill|move: Protect\n|move|p1a: Incineroar|Flare Blitz|p2b: Sinistcha\n|-supereffective|p2b: Sinistcha|1\n|-damage|p2b: Sinistcha|15/100\n|-damage|p1a: Incineroar|76/100|[from] Recoil\n|\n|upkeep\n|turn|3\n|\n|t:|1775977853\n|switch|p2b: Torkoal|Torkoal, L50, M|100/100\n|-weather|SunnyDay|[from] ability: Drought|[of] p2b: Torkoal\n|switch|p1a: Orthworm|Orthworm, L50, M, shiny|75/100\n|detailschange|p1b: Excadrill|Excadrill-Mega, L50, M\n|-mega|p1b: Excadrill|Excadrill|Excadrite\n|move|p2a: Kingambit|Kowtow Cleave|p1b: Excadrill\n|-end|p1b: Excadrill|Substitute\n|move|p1b: Excadrill|Earthquake|p2a: Kingambit|[spread] p2a,p2b\n|-heal|p1a: Orthworm|100/100|[from] ability: Earth Eater|[of] p1b: Excadrill\n|-supereffective|p2a: Kingambit|1\n|-supereffective|p2b: Torkoal|1\n|-damage|p2a: Kingambit|16/100\n|-damage|p2b: Torkoal|29/100\n|\n|-weather|SunnyDay|[upkeep]\n|upkeep\n|turn|4\n|inactive|Fizzayyy has 30 seconds left.\n|\n|t:|1775977878\n|switch|p1b: Incineroar|Incineroar, L50, F, shiny|76/100\n|-ability|p1b: Incineroar|Intimidate|boost\n|-unboost|p2a: Kingambit|atk|1\n|-ability|p2a: Kingambit|Defiant|boost\n|-boost|p2a: Kingambit|atk|2\n|-unboost|p2b: Torkoal|atk|1\n|move|p1a: Orthworm|Protect|p1a: Orthworm\n|-singleturn|p1a: Orthworm|Protect\n|move|p2b: Torkoal|Heat Wave|p1b: Incineroar|[spread] \n|-activate|p1a: Orthworm|move: Protect\n|-miss|p2b: Torkoal|p1b: Incineroar\n|move|p2a: Kingambit|Swords Dance|p2a: Kingambit\n|-boost|p2a: Kingambit|atk|2\n|\n|-weather|SunnyDay|[upkeep]\n|upkeep\n|turn|5\n|\n|t:|1775977902\n|move|p2b: Torkoal|Protect|p2b: Torkoal\n|-singleturn|p2b: Torkoal|Protect\n|move|p1b: Incineroar|Fake Out|p2b: Torkoal\n|-activate|p2b: Torkoal|move: Protect\n|move|p2a: Kingambit|Sucker Punch||[still]\n|-fail|p2a: Kingambit\n|move|p1a: Orthworm|Shed Tail|p1a: Orthworm\n|-start|p1a: Orthworm|Substitute|[from] move: Shed Tail\n|-damage|p1a: Orthworm|50/100\n|\n|t:|1775977912\n|switch|p1a: Excadrill|Excadrill-Mega, L50, M|100/100|[from] Shed Tail\n|\n|-weather|SunnyDay|[upkeep]\n|-fieldend|move: Trick Room\n|upkeep\n|turn|6\n|\n|t:|1775977926\n|move|p2a: Kingambit|Sucker Punch|p1b: Incineroar\n|-resisted|p1b: Incineroar|1\n|-damage|p1b: Incineroar|6/100\n|move|p1a: Excadrill|Swords Dance|p1a: Excadrill\n|-boost|p1a: Excadrill|atk|2\n|move|p1b: Incineroar|Flare Blitz|p2a: Kingambit\n|-supereffective|p2a: Kingambit|1\n|-damage|p2a: Kingambit|0 fnt\n|faint|p2a: Kingambit\n|-damage|p1b: Incineroar|1/100|[from] Recoil\n|move|p2b: Torkoal|Heat Wave|p1b: Incineroar|[spread] p1a,p1b\n|-supereffective|p1a: Excadrill|1\n|-end|p1a: Excadrill|Substitute\n|-resisted|p1b: Incineroar|1\n|-damage|p1b: Incineroar|0 fnt\n|faint|p1b: Incineroar\n|\n|-weather|SunnyDay|[upkeep]\n|upkeep\n|\n|t:|1775977945\n|switch|p1b: Rotom|Rotom-Wash, L50|100/100\n|switch|p2a: Aggron|Aggron, L50, M|100/100\n|turn|7\n|\n|t:|1775977960\n|detailschange|p2a: Aggron|Aggron-Mega, L50, M\n|-mega|p2a: Aggron|Aggron|Aggronite\n|move|p2b: Torkoal|Protect|p2b: Torkoal\n|-singleturn|p2b: Torkoal|Protect\n|move|p1b: Rotom|Thunderbolt|p2a: Aggron\n|-damage|p2a: Aggron|59/100\n|move|p1a: Excadrill|Earthquake|p2b: Torkoal|[spread] p2a\n|-activate|p2b: Torkoal|move: Protect\n|-immune|p1b: Rotom|[from] ability: Levitate\n|-supereffective|p2a: Aggron|1\n|-damage|p2a: Aggron|0 fnt\n|faint|p2a: Aggron\n|\n|-weather|none\n|upkeep\n|\n|t:|1775977977\n|switch|p2a: Sinistcha|Sinistcha, L50|15/100\n|-heal|p2b: Torkoal|54/100|[from] ability: Hospitality|[of] p2a: Sinistcha\n|turn|8\n|\n|t:|1775977983\n|move|p1b: Rotom|Thunderbolt|p2b: Torkoal\n|-damage|p2b: Torkoal|0 fnt\n|faint|p2b: Torkoal\n|move|p1a: Excadrill|Earthquake|p2a: Sinistcha|[spread] p2a\n|-immune|p1b: Rotom|[from] ability: Levitate\n|-resisted|p2a: Sinistcha|1\n|-damage|p2a: Sinistcha|0 fnt\n|faint|p2a: Sinistcha\n|\n|win|Fizzayyy\n|raw|Fizzayyy's rating: 1229 &rarr; <strong>1258</strong><br />(+29 for winning)\n|raw|volkara's rating: 1290 &rarr; <strong>1261</strong><br />(-29 for losing)\n|l|\u2606volkara\n|player|p2|\n",
  "uploadtime": 1775977994,
  "views": 32,
  "formatid": "gen9championsvgc2026regma",
  "rating": 1258,
  "private": 0,
  "password": null
}