{
  "id": "gen9championsvgc2026regma-2586108453",
  "format": "[Gen 9 Champions] VGC 2026 Reg M-A",
  "players": [
    "BundleMySon",
    "Phillip Blevin"
  ],
  "log": "|j|\u2606BundleMySon\n|j|\u2606Phillip Blevin\n|t:|1776399980\n|gametype|doubles\n|player|p1|BundleMySon|169|1251\n|player|p2|Phillip Blevin|cynthia-masters4|1310\n|gen|9\n|tier|[Gen 9 Champions] VGC 2026 Reg M-A\n|rated|\n|rule|Species Clause: Limit one of each Pok\u00e9mon\n|rule|Item Clause: Limit 1 of each item\n|clearpoke\n|poke|p1|Charizard, L50, F|\n|poke|p1|Whimsicott, L50, M|\n|poke|p1|Milotic, L50, M|\n|poke|p1|Corviknight, L50, F|\n|poke|p1|Arcanine-Hisui, L50, F|\n|poke|p1|Sinistcha, L50|\n|poke|p2|Froslass, L50, F|\n|poke|p2|Corviknight, L50, F|\n|poke|p2|Incineroar, L50, M|\n|poke|p2|Rotom-Mow, L50|\n|poke|p2|Sneasler, L50, F|\n|poke|p2|Primarina, L50, F|\n|teampreview|4\n|inactive|Battle timer is ON: inactive players will automatically lose when time's up. (requested by Phillip Blevin)\n|inactive|BundleMySon also wants the timer to be on.\nPhillip Blevin has agreed to open team sheets.\n|inactive|BundleMySon has 60 seconds left.\n|\n|t:|1776400010\n|teamsize|p1|4\n|teamsize|p2|4\n|start\n|switch|p1a: Charizard|Charizard, L50, F|100/100\n|switch|p1b: Milotic|Milotic, L50, M|100/100\n|switch|p2a: Sneasler|Sneasler, L50, F|100/100\n|switch|p2b: Rotom|Rotom-Mow, L50|100/100\n|-ability|p2a: Sneasler|Pressure\n|turn|1\n|\n|t:|1776400023\n|move|p1a: Charizard|Protect|p1a: Charizard\n|-singleturn|p1a: Charizard|Protect\n|move|p1b: Milotic|Protect|p1b: Milotic\n|-singleturn|p1b: Milotic|Protect\n|move|p2a: Sneasler|Fake Out|p1a: Charizard\n|-activate|p1a: Charizard|move: Protect\n|move|p2b: Rotom|Leaf Storm|p1b: Milotic\n|-activate|p1b: Milotic|move: Protect\n|\n|upkeep\n|turn|2\n|\n|t:|1776400044\n|switch|p1b: Whimsicott|Whimsicott, L50, M|100/100\n|detailschange|p1a: Charizard|Charizard-Mega-X, L50, F\n|-mega|p1a: Charizard|Charizard|Charizardite X\n|move|p2b: Rotom|Leaf Storm|p1b: Whimsicott\n|-resisted|p1b: Whimsicott|1\n|-damage|p1b: Whimsicott|66/100\n|-unboost|p2b: Rotom|spa|2\n|move|p2a: Sneasler|Dire Claw|p1a: Charizard\n|-damage|p1a: Charizard|65/100\n|-status|p1a: Charizard|psn\n|move|p1a: Charizard|Swords Dance|p1a: Charizard\n|-boost|p1a: Charizard|atk|2\n|\n|-damage|p1a: Charizard|52/100 psn|[from] psn\n|upkeep\n|turn|3\n|\n|t:|1776400067\n|switch|p2b: Primarina|Primarina, L50, F|100/100\n|move|p1b: Whimsicott|Tailwind|p1b: Whimsicott\n|-sidestart|p1: BundleMySon|move: Tailwind\n|move|p1a: Charizard|Dragon Claw|p2a: Sneasler\n|-damage|p2a: Sneasler|0 fnt\n|faint|p2a: Sneasler\n|\n|-damage|p1a: Charizard|40/100 psn|[from] psn\n|upkeep\n|\n|t:|1776400077\n|switch|p2a: Rotom|Rotom-Mow, L50|100/100\n|turn|4\n|\n|t:|1776400094\n|move|p1a: Charizard|Protect|p1a: Charizard\n|-singleturn|p1a: Charizard|Protect\n|move|p1b: Whimsicott|Moonblast|p2b: Primarina\n|-damage|p2b: Primarina|78/100\n|move|p2a: Rotom|Electroweb|p1b: Whimsicott|[spread] p1b\n|-activate|p1a: Charizard|move: Protect\n|-resisted|p1b: Whimsicott|1\n|-damage|p1b: Whimsicott|57/100\n|-unboost|p1b: Whimsicott|spe|1\n|move|p2b: Primarina|Hyper Voice|p1a: Charizard|[spread] p1b\n|-activate|p1a: Charizard|move: Protect\n|-resisted|p1b: Whimsicott|1\n|-damage|p1b: Whimsicott|35/100\n|\n|-damage|p1a: Charizard|28/100 psn|[from] psn\n|upkeep\n|turn|5\n|\n|t:|1776400110\n|move|p1b: Whimsicott|Moonblast|p2b: Primarina\n|-damage|p2b: Primarina|55/100\n|move|p1a: Charizard|Flare Blitz|p2b: Primarina\n|-resisted|p2b: Primarina|1\n|-damage|p2b: Primarina|0 fnt\n|faint|p2b: Primarina\n|-damage|p1a: Charizard|10/100 psn|[from] Recoil\n|move|p2a: Rotom|Electroweb|p1a: Charizard|[spread] p1a,p1b\n|-resisted|p1a: Charizard|1\n|-resisted|p1b: Whimsicott|1\n|-damage|p1a: Charizard|2/100 psn\n|-damage|p1b: Whimsicott|24/100\n|-unboost|p1a: Charizard|spe|1\n|-unboost|p1b: Whimsicott|spe|1\n|\n|-damage|p1a: Charizard|0 fnt|[from] psn\n|faint|p1a: Charizard\n|upkeep\n|\n|t:|1776400119\n|switch|p1a: Milotic|Milotic, L50, M|100/100\n|switch|p2b: Froslass|Froslass, L50, F|100/100\n|turn|6\n|\n|t:|1776400129\n|detailschange|p2b: Froslass|Froslass-Mega, L50, F\n|-mega|p2b: Froslass|Froslass|Froslassite\n|-weather|Snowscape|[from] ability: Snow Warning|[of] p2b: Froslass\n|move|p1b: Whimsicott|Light Screen|p1b: Whimsicott\n|-sidestart|p1: BundleMySon|move: Light Screen\n|move|p2a: Rotom|Electroweb|p1b: Whimsicott|[spread] p1a,p1b\n|-supereffective|p1a: Milotic|1\n|-resisted|p1b: Whimsicott|1\n|-damage|p1a: Milotic|83/100\n|-damage|p1b: Whimsicott|18/100\n|-unboost|p1a: Milotic|spe|1\n|-ability|p1a: Milotic|Competitive|boost\n|-boost|p1a: Milotic|spa|2\n|-unboost|p1b: Whimsicott|spe|1\n|move|p2b: Froslass|Shadow Ball|p1a: Milotic\n|-damage|p1a: Milotic|60/100\n|move|p1a: Milotic|Scald|p2b: Froslass\n|-damage|p2b: Froslass|25/100\n|\n|-weather|Snowscape|[upkeep]\n|-heal|p1a: Milotic|66/100|[from] item: Leftovers\n|-sideend|p1: BundleMySon|move: Tailwind\n|upkeep\n|turn|7\n|-message|Phillip Blevin forfeited.\n|\n|win|BundleMySon\n|raw|BundleMySon's rating: 1251 &rarr; <strong>1280</strong><br />(+29 for winning)\n|raw|Phillip Blevin's rating: 1310 &rarr; <strong>1287</strong><br />(-23 for losing)\n",
  "uploadtime": 1776400139,
  "views": 29,
  "formatid": "gen9championsvgc2026regma",
  "rating": 1280,
  "private": 0,
  "password": null
}