{
  "id": "gen9championsvgc2026regma-2588950462",
  "format": "[Gen 9 Champions] VGC 2026 Reg M-A",
  "players": [
    "kecap52",
    "23456789XB"
  ],
  "log": "|j|\u2606kecap52\n|j|\u260623456789XB\n|t:|1776688795\n|gametype|doubles\n|player|p1|kecap52|dawn|1118\n|player|p2|23456789XB|cynthia|1194\n|gen|9\n|tier|[Gen 9 Champions] VGC 2026 Reg M-A\n|rated|\n|rule|Species Clause: Limit one of each Pok\u00e9mon\n|rule|Item Clause: Limit 1 of each item\n|clearpoke\n|poke|p1|Aerodactyl, L50, F|\n|poke|p1|Incineroar, L50, M, shiny|\n|poke|p1|Floette-Eternal, L50, F|\n|poke|p1|Basculegion, L50, M|\n|poke|p1|Garchomp, L50, M|\n|poke|p1|Sneasler, L50, M|\n|poke|p2|Incineroar, L50, F|\n|poke|p2|Gardevoir, L50, M|\n|poke|p2|Sinistcha, L50|\n|poke|p2|Rotom-Heat, L50|\n|poke|p2|Slowbro, L50, F|\n|poke|p2|Garchomp, L50, F|\n|teampreview|4\n|inactive|Battle timer is ON: inactive players will automatically lose when time's up. (requested by 23456789XB)\n|\n|t:|1776688824\n|teamsize|p1|4\n|teamsize|p2|4\n|start\n|switch|p1a: Aerodactyl|Aerodactyl, L50, F|100/100\n|switch|p1b: Incineroar|Incineroar, L50, M, shiny|100/100\n|switch|p2a: Gardevoir|Gardevoir, L50, M|100/100\n|switch|p2b: Health pack|Sinistcha, L50|100/100\n|-ability|p1a: Aerodactyl|Unnerve\n|-ability|p1b: Incineroar|Intimidate|boost\n|-unboost|p2a: Gardevoir|atk|1\n|-unboost|p2b: Health pack|atk|1\n|turn|1\n|\n|t:|1776688841\n|detailschange|p2a: Gardevoir|Gardevoir-Mega, L50, M\n|-mega|p2a: Gardevoir|Gardevoir|Gardevoirite\n|move|p1b: Incineroar|Fake Out|p2a: Gardevoir\n|-damage|p2a: Gardevoir|82/100\n|move|p1a: Aerodactyl|Tailwind|p1a: Aerodactyl\n|-sidestart|p1: kecap52|move: Tailwind\n|cant|p2a: Gardevoir|flinch\n|move|p2b: Health pack|Trick Room|p2b: Health pack\n|-fieldstart|move: Trick Room|[of] p2b: Health pack\n|\n|upkeep\n|turn|2\n|\n|t:|1776688855\n|move|p2b: Health pack|Matcha Gotcha|p1b: Incineroar|[spread] p1a,p1b\n|-resisted|p1b: Incineroar|1\n|-damage|p1a: Aerodactyl|68/100\n|-damage|p1b: Incineroar|93/100\n|move|p2a: Gardevoir|Hyper Voice|p1b: Incineroar|[spread] p1a,p1b\n|-damage|p1a: Aerodactyl|0 fnt\n|-damage|p1b: Incineroar|58/100\n|faint|p1a: Aerodactyl\n|move|p1b: Incineroar|Parting Shot|p2a: Gardevoir\n|-unboost|p2a: Gardevoir|atk|1\n|-unboost|p2a: Gardevoir|spa|1\n|\n|t:|1776688868\n|switch|p1b: Sneasler|Sneasler, L50, M|100/100|[from] Parting Shot\n|\n|upkeep\n|\n|t:|1776688873\n|switch|p1a: Incineroar|Incineroar, L50, M, shiny|58/100\n|-ability|p1a: Incineroar|Intimidate|boost\n|-unboost|p2a: Gardevoir|atk|1\n|-unboost|p2b: Health pack|atk|1\n|turn|3\n|\n|t:|1776688886\n|switch|p2a: Incineroar|Incineroar, L50, F|100/100\n|-ability|p2a: Incineroar|Intimidate|boost\n|-unboost|p1a: Incineroar|atk|1\n|-unboost|p1b: Sneasler|atk|1\n|-enditem|p1b: Sneasler|White Herb\n|-clearnegativeboost|p1b: Sneasler|[silent]\n|move|p2b: Health pack|Matcha Gotcha|p1a: Incineroar|[spread] p1a,p1b\n|-resisted|p1a: Incineroar|1\n|-crit|p1a: Incineroar\n|-resisted|p1b: Sneasler|1\n|-damage|p1a: Incineroar|46/100\n|-damage|p1b: Sneasler|83/100\n|-enditem|p1a: Incineroar|Sitrus Berry|[eat]\n|-heal|p1a: Incineroar|71/100|[from] item: Sitrus Berry\n|move|p1a: Incineroar|Flare Blitz|p2b: Health pack\n|-supereffective|p2b: Health pack|1\n|-damage|p2b: Health pack|49/100\n|-damage|p1a: Incineroar|56/100|[from] Recoil\n|move|p1b: Sneasler|Dire Claw|p2a: Incineroar\n|-damage|p2a: Incineroar|68/100\n|\n|upkeep\n|turn|4\n|inactive|kecap52 has 30 seconds left.\n|\n|t:|1776688912\n|move|p2a: Incineroar|Flare Blitz|p1b: Sneasler\n|-damage|p1b: Sneasler|0 fnt\n|faint|p1b: Sneasler\n|-damage|p2a: Incineroar|47/100|[from] Recoil\n|-enditem|p2a: Incineroar|Sitrus Berry|[eat]\n|-heal|p2a: Incineroar|72/100|[from] item: Sitrus Berry\n|move|p2b: Health pack|Life Dew|p2b: Health pack|[spread] p2a,p2b\n|-heal|p2a: Incineroar|97/100\n|-heal|p2b: Health pack|74/100\n|move|p1a: Incineroar|Flare Blitz|p2b: Health pack\n|-supereffective|p2b: Health pack|1\n|-damage|p2b: Health pack|19/100\n|-damage|p1a: Incineroar|40/100|[from] Recoil\n|\n|-sideend|p1: kecap52|move: Tailwind\n|upkeep\n|\n|t:|1776688926\n|switch|p1b: Floette|Floette-Eternal, L50, F|100/100\n|turn|5\n|\n|t:|1776688941\n|detailschange|p1b: Floette|Floette-Mega, L50, F\n|-mega|p1b: Floette|Floette|Floettite\n|-ability|p1b: Floette|Fairy Aura\n|move|p2a: Incineroar|Throat Chop|p1a: Incineroar\n|-resisted|p1a: Incineroar|1\n|-damage|p1a: Incineroar|25/100\n|-start|p1a: Incineroar|Throat Chop|[silent]\n|move|p1a: Incineroar|Flare Blitz|p2b: Health pack\n|-supereffective|p2b: Health pack|1\n|-damage|p2b: Health pack|0 fnt\n|faint|p2b: Health pack\n|-damage|p1a: Incineroar|20/100|[from] Recoil\n|move|p1b: Floette|Light of Ruin|p2a: Incineroar\n|-damage|p2a: Incineroar|0 fnt\n|faint|p2a: Incineroar\n|-damage|p1b: Floette|36/100|[from] Recoil\n|\n|-fieldend|move: Trick Room\n|upkeep\n|\n|t:|1776688951\n|switch|p2b: Gardevoir|Gardevoir-Mega, L50, M|82/100\n|switch|p2a: Air fryer|Rotom-Heat, L50|100/100\n|turn|6\n|\n|t:|1776688970\n|move|p2a: Air fryer|Thunderbolt|p1a: Incineroar\n|-damage|p1a: Incineroar|0 fnt\n|faint|p1a: Incineroar\n|move|p1b: Floette|Light of Ruin|p2b: Gardevoir\n|-damage|p2b: Gardevoir|0 fnt\n|faint|p2b: Gardevoir\n|-damage|p1b: Floette|0 fnt|[from] Recoil\n|faint|p1b: Floette\n|\n|win|23456789XB\n|raw|kecap52's rating: 1118 &rarr; <strong>1098</strong><br />(-20 for losing)\n|raw|23456789XB's rating: 1194 &rarr; <strong>1214</strong><br />(+20 for winning)\n",
  "uploadtime": 1776688979,
  "views": 15,
  "formatid": "gen9championsvgc2026regma",
  "rating": 1098,
  "private": 0,
  "password": null
}