{
  "id": "gen9championsvgc2026regma-2585034610",
  "format": "[Gen 9 Champions] VGC 2026 Reg M-A",
  "players": [
    "Hi jump kicker",
    "lakeandbake"
  ],
  "log": "|j|\u2606Hi jump kicker\n|j|\u203dlakeandbake\n|t:|1776305322\n|gametype|doubles\n|player|p1|Hi jump kicker|psychicf-gen4|1227\n|player|p2|lakeandbake|iono-masters|1167\n|gen|9\n|tier|[Gen 9 Champions] VGC 2026 Reg M-A\n|rated|\n|rule|Species Clause: Limit one of each Pok\u00e9mon\n|rule|Item Clause: Limit 1 of each item\n|clearpoke\n|poke|p1|Altaria, L50, F|\n|poke|p1|Arcanine, L50, M|\n|poke|p1|Basculegion-F, L50, F|\n|poke|p1|Meowscarada, L50, M|\n|poke|p1|Sylveon, L50, M|\n|poke|p1|Aegislash, L50, M|\n|poke|p2|Farigiraf, L50, F|\n|poke|p2|Drampa, L50, F|\n|poke|p2|Sinistcha, L50|\n|poke|p2|Torkoal, L50, M|\n|poke|p2|Sneasler, L50, F|\n|poke|p2|Incineroar, L50, M|\n|teampreview|4\n|inactive|Battle timer is ON: inactive players will automatically lose when time's up. (requested by lakeandbake)\n|\n|t:|1776305347\n|teamsize|p1|4\n|teamsize|p2|4\n|start\n|switch|p1a: Sylveon|Sylveon, L50, M|100/100\n|switch|p1b: Basculegion|Basculegion-F, L50, F|100/100\n|switch|p2a: Incineroar|Incineroar, L50, M|100/100\n|switch|p2b: Sinistcha|Sinistcha, L50|100/100\n|-ability|p2a: Incineroar|Intimidate|boost\n|-unboost|p1a: Sylveon|atk|1\n|-unboost|p1b: Basculegion|atk|1\n|turn|1\n|inactive|lakeandbake has 30 seconds left.\n|\n|t:|1776305374\n|move|p1b: Basculegion|Shadow Ball|p2b: Sinistcha\n|-supereffective|p2b: Sinistcha|1\n|-damage|p2b: Sinistcha|11/100\n|-enditem|p2b: Sinistcha|Sitrus Berry|[eat]\n|-heal|p2b: Sinistcha|35/100|[from] item: Sitrus Berry\n|move|p2a: Incineroar|Parting Shot|p1b: Basculegion\n|-unboost|p1b: Basculegion|atk|1\n|-unboost|p1b: Basculegion|spa|1\n|\n|t:|1776305383\n|switch|p2a: Drampa|Drampa, L50, F|100/100|[from] Parting Shot\n|-ability|p2a: Drampa|Cloud Nine\n|move|p1a: Sylveon|Calm Mind|p1a: Sylveon\n|-boost|p1a: Sylveon|spa|1\n|-boost|p1a: Sylveon|spd|1\n|move|p2b: Sinistcha|Trick Room|p2b: Sinistcha\n|-fieldstart|move: Trick Room|[of] p2b: Sinistcha\n|\n|upkeep\n|turn|2\n|j| dream_pirata\n|\n|t:|1776305406\n|detailschange|p2a: Drampa|Drampa-Mega, L50, F\n|-mega|p2a: Drampa|Drampa|Drampanite\n|move|p1a: Sylveon|Protect|p1a: Sylveon\n|-singleturn|p1a: Sylveon|Protect\n|move|p1b: Basculegion|Protect|p1b: Basculegion\n|-singleturn|p1b: Basculegion|Protect\n|move|p2a: Drampa|Hyper Voice|p1b: Basculegion|[spread] \n|-activate|p1a: Sylveon|move: Protect\n|-activate|p1b: Basculegion|move: Protect\n|move|p2b: Sinistcha|Matcha Gotcha|p1b: Basculegion|[spread] \n|-activate|p1a: Sylveon|move: Protect\n|-activate|p1b: Basculegion|move: Protect\n|\n|upkeep\n|turn|3\n|inactive|Hi jump kicker has 30 seconds left.\n|inactive|lakeandbake has 30 seconds left.\n|inactive|lakeandbake has 20 seconds left.\n|\n|t:|1776305443\n|switch|p2b: Torkoal|Torkoal, L50, M|100/100\n|-weather|SunnyDay|[from] ability: Drought|[of] p2b: Torkoal\n|switch|p1b: Altaria|Altaria, L50, F|100/100\n|-ability|p1b: Altaria|Cloud Nine\n|move|p2a: Drampa|Protect|p2a: Drampa\n|-singleturn|p2a: Drampa|Protect\n|move|p1a: Sylveon|Calm Mind|p1a: Sylveon\n|-boost|p1a: Sylveon|spa|1\n|-boost|p1a: Sylveon|spd|1\n|\n|-weather|SunnyDay|[upkeep]\n|upkeep\n|turn|4\n|l| dream_pirata\n|\n|t:|1776305462\n|move|p1b: Altaria|Protect|p1b: Altaria\n|-singleturn|p1b: Altaria|Protect\n|move|p2b: Torkoal|Eruption|p1b: Altaria|[spread] p1a\n|-activate|p1b: Altaria|move: Protect\n|-damage|p1a: Sylveon|81/100\n|move|p2a: Drampa|Hyper Voice|p1a: Sylveon|[spread] p1a\n|-activate|p1b: Altaria|move: Protect\n|-damage|p1a: Sylveon|64/100\n|move|p1a: Sylveon|Hyper Voice|p2a: Drampa|[spread] p2a,p2b\n|-supereffective|p2a: Drampa|1\n|-crit|p2a: Drampa\n|-resisted|p2b: Torkoal|1\n|-damage|p2a: Drampa|0 fnt\n|-damage|p2b: Torkoal|60/100\n|faint|p2a: Drampa\n|\n|-weather|SunnyDay|[upkeep]\n|-heal|p1a: Sylveon|70/100|[from] item: Leftovers\n|upkeep\n|\n|t:|1776305479\n|switch|p2a: Sinistcha|Sinistcha, L50|35/100\n|-heal|p2b: Torkoal|85/100|[from] ability: Hospitality|[of] p2a: Sinistcha\n|turn|5\n|\n|t:|1776305500\n|move|p2b: Torkoal|Yawn|p1a: Sylveon\n|-start|p1a: Sylveon|move: Yawn|[of] p2b: Torkoal\n|move|p1a: Sylveon|Hyper Voice|p2a: Sinistcha|[spread] p2a,p2b\n|-resisted|p2b: Torkoal|1\n|-damage|p2a: Sinistcha|0 fnt\n|-damage|p2b: Torkoal|43/100\n|faint|p2a: Sinistcha\n|move|p1b: Altaria|Dragon Pulse|p2b: Torkoal\n|-damage|p2b: Torkoal|6/100\n|\n|-weather|SunnyDay|[upkeep]\n|-heal|p1a: Sylveon|76/100|[from] item: Leftovers\n|-fieldend|move: Trick Room\n|upkeep\n|\n|t:|1776305511\n|switch|p2a: Incineroar|Incineroar, L50, M|100/100\n|-ability|p2a: Incineroar|Intimidate|boost\n|-unboost|p1a: Sylveon|atk|1\n|-unboost|p1b: Altaria|atk|1\n|turn|6\n|\n|t:|1776305527\n|switch|p1a: Basculegion|Basculegion-F, L50, F|100/100\n|move|p2a: Incineroar|Fake Out|p1b: Altaria\n|-damage|p1b: Altaria|86/100\n|cant|p1b: Altaria|flinch\n|move|p2b: Torkoal|Yawn|p1a: Basculegion\n|-start|p1a: Basculegion|move: Yawn|[of] p2b: Torkoal\n|\n|-weather|SunnyDay|[upkeep]\n|upkeep\n|turn|7\n|\n|t:|1776305546\n|move|p1a: Basculegion|Muddy Water|p2b: Torkoal|[spread] p2a,p2b\n|-supereffective|p2a: Incineroar|1\n|-supereffective|p2b: Torkoal|1\n|-crit|p2b: Torkoal\n|-damage|p2a: Incineroar|9/100\n|-damage|p2b: Torkoal|0 fnt\n|faint|p2b: Torkoal\n|move|p1b: Altaria|Dragon Pulse|p2a: Incineroar\n|-damage|p2a: Incineroar|0 fnt\n|faint|p2a: Incineroar\n|\n|win|Hi jump kicker\n|raw|Hi jump kicker's rating: 1227 &rarr; <strong>1248</strong><br />(+21 for winning)\n|raw|lakeandbake's rating: 1167 &rarr; <strong>1146</strong><br />(-21 for losing)\n",
  "uploadtime": 1776305546,
  "views": 23,
  "formatid": "gen9championsvgc2026regma",
  "rating": 1146,
  "private": 0,
  "password": null
}