{
  "id": "gen9championsvgc2026regma-2586618371",
  "format": "[Gen 9 Champions] VGC 2026 Reg M-A",
  "players": [
    "isabellissima",
    "ThatSteelOwl"
  ],
  "log": "|j|\u2606isabellissima\n|j|\u2606ThatSteelOwl\n|t:|1776447247\n|gametype|doubles\n|player|p1|isabellissima|170|1340\n|player|p2|ThatSteelOwl|265|1438\n|gen|9\n|tier|[Gen 9 Champions] VGC 2026 Reg M-A\n|rated|\n|rule|Species Clause: Limit one of each Pok\u00e9mon\n|rule|Item Clause: Limit 1 of each item\n|clearpoke\n|poke|p1|Incineroar, L50, F|\n|poke|p1|Gengar, L50, F|\n|poke|p1|Sneasler, L50, F|\n|poke|p1|Maushold-Four, L50|\n|poke|p1|Kommo-o, L50, F|\n|poke|p1|Politoed, L50, F|\n|poke|p2|Meganium, L50, F|\n|poke|p2|Gengar, L50, M|\n|poke|p2|Lucario, L50, F|\n|poke|p2|Pelipper, L50, M|\n|poke|p2|Basculegion, L50, M|\n|poke|p2|Kingambit, L50, M|\n|teampreview|4\n|\n|t:|1776447292\n|teamsize|p1|4\n|teamsize|p2|4\n|start\n|switch|p1a: Sneasler|Sneasler, L50, F|100/100\n|switch|p1b: Gengar|Gengar, L50, F, shiny|100/100\n|switch|p2a: Gengar|Gengar, L50, M|100/100\n|switch|p2b: Pelipper|Pelipper, L50, M|100/100\n|-weather|RainDance|[from] ability: Drizzle|[of] p2b: Pelipper\n|turn|1\n|inactive|Battle timer is ON: inactive players will automatically lose when time's up. (requested by isabellissima)\n|\n|t:|1776447314\n|detailschange|p1b: Gengar|Gengar-Mega, L50, F, shiny\n|-mega|p1b: Gengar|Gengar|Gengarite\n|move|p2b: Pelipper|Protect|p2b: Pelipper\n|-singleturn|p2b: Pelipper|Protect\n|move|p1a: Sneasler|Fake Out|p2b: Pelipper\n|-activate|p2b: Pelipper|move: Protect\n|move|p2a: Gengar|Icy Wind|p1b: Gengar|[spread] p1a,p1b\n|-crit|p1a: Sneasler\n|-damage|p1a: Sneasler|70/100\n|-damage|p1b: Gengar|84/100\n|-unboost|p1a: Sneasler|spe|1\n|-unboost|p1b: Gengar|spe|1\n|-enditem|p1a: Sneasler|White Herb\n|-clearnegativeboost|p1a: Sneasler|[silent]\n|move|p1b: Gengar|Shadow Ball|p2a: Gengar\n|-supereffective|p2a: Gengar|1\n|-enditem|p2a: Gengar|Focus Sash\n|-damage|p2a: Gengar|1/100\n|\n|-weather|RainDance|[upkeep]\n|upkeep\n|turn|2\n|inactive|isabellissima has 30 seconds left.\n|\n|t:|1776447342\n|move|p1a: Sneasler|Dire Claw|p2b: Pelipper\n|-damage|p2b: Pelipper|44/100\n|-enditem|p2b: Pelipper|Sitrus Berry|[eat]\n|-heal|p2b: Pelipper|69/100|[from] item: Sitrus Berry\n|move|p2a: Gengar|Psychic|p1b: Gengar\n|-supereffective|p1b: Gengar|1\n|-damage|p1b: Gengar|14/100\n|move|p2b: Pelipper|Hurricane|p1a: Sneasler\n|-supereffective|p1a: Sneasler|1\n|-damage|p1a: Sneasler|0 fnt\n|faint|p1a: Sneasler\n|move|p1b: Gengar|Shadow Ball|p2b: Pelipper\n|-damage|p2b: Pelipper|0 fnt\n|faint|p2b: Pelipper\n|\n|-weather|RainDance|[upkeep]\n|upkeep\n|\n|t:|1776447364\n|switch|p1a: Maushold|Maushold-Four, L50|100/100\n|switch|p2b: Basculegion|Basculegion, L50, M|100/100\n|turn|3\n|\n|t:|1776447372\n|move|p1a: Maushold|Follow Me|p1a: Maushold\n|-singleturn|p1a: Maushold|move: Follow Me\n|move|p2a: Gengar|Icy Wind|p1b: Gengar|[spread] p1a,p1b\n|-damage|p1a: Maushold|82/100\n|-damage|p1b: Gengar|2/100\n|-unboost|p1a: Maushold|spe|1\n|-unboost|p1b: Gengar|spe|1\n|move|p2b: Basculegion|Wave Crash|p1a: Maushold\n|-damage|p1a: Maushold|0 fnt\n|faint|p1a: Maushold\n|-damage|p2b: Basculegion|75/100|[from] Recoil\n|move|p1b: Gengar|Shadow Ball|p2b: Basculegion\n|-supereffective|p2b: Basculegion|1\n|-damage|p2b: Basculegion|0 fnt\n|faint|p2b: Basculegion\n|\n|-weather|RainDance|[upkeep]\n|upkeep\n|\n|t:|1776447387\n|switch|p1a: Incineroar|Incineroar, L50, F, shiny|100/100\n|switch|p2b: Meganium|Meganium, L50, F|100/100\n|-ability|p1a: Incineroar|Intimidate|boost\n|-unboost|p2a: Gengar|atk|1\n|-unboost|p2b: Meganium|atk|1\n|turn|4\n|inactive|isabellissima has 30 seconds left.\n|\n|t:|1776447414\n|move|p1b: Gengar|Protect|p1b: Gengar\n|-singleturn|p1b: Gengar|Protect\n|move|p2a: Gengar|Icy Wind|p1a: Incineroar|[spread] p1a\n|-activate|p1b: Gengar|move: Protect\n|-resisted|p1a: Incineroar|1\n|-damage|p1a: Incineroar|93/100\n|-unboost|p1a: Incineroar|spe|1\n|move|p2b: Meganium|Weather Ball|p1a: Incineroar\n|-supereffective|p1a: Incineroar|1\n|-damage|p1a: Incineroar|14/100\n|-enditem|p1a: Incineroar|Sitrus Berry|[eat]\n|-heal|p1a: Incineroar|39/100|[from] item: Sitrus Berry\n|move|p1a: Incineroar|Throat Chop|p2a: Gengar\n|-supereffective|p2a: Gengar|1\n|-damage|p2a: Gengar|0 fnt\n|faint|p2a: Gengar\n|\n|-weather|RainDance|[upkeep]\n|upkeep\n|turn|5\n|\n|t:|1776447437\n|detailschange|p2b: Meganium|Meganium-Mega, L50, F\n|-mega|p2b: Meganium|Meganium|Meganiumite\n|move|p1a: Incineroar|Protect|p1a: Incineroar\n|-singleturn|p1a: Incineroar|Protect\n|move|p2b: Meganium|Dazzling Gleam|p1b: Gengar|[spread] p1b\n|-activate|p1a: Incineroar|move: Protect\n|-resisted|p1b: Gengar|1\n|-crit|p1b: Gengar\n|-damage|p1b: Gengar|0 fnt\n|faint|p1b: Gengar\n|\n|-weather|none\n|upkeep\n|turn|6\n|\n|t:|1776447446\n|move|p2b: Meganium|Dazzling Gleam|p1a: Incineroar\n|-damage|p1a: Incineroar|0 fnt\n|faint|p1a: Incineroar\n|\n|win|ThatSteelOwl\n|raw|isabellissima's rating: 1340 &rarr; <strong>1325</strong><br />(-15 for losing)\n|raw|ThatSteelOwl's rating: 1438 &rarr; <strong>1453</strong><br />(+15 for winning)\n",
  "uploadtime": 1776447448,
  "views": 58,
  "formatid": "gen9championsvgc2026regma",
  "rating": 1325,
  "private": 0,
  "password": null
}