{
  "id": "gen9championsvgc2026regma-2584451197",
  "format": "[Gen 9 Champions] VGC 2026 Reg M-A",
  "players": [
    "mukining",
    "5wamp"
  ],
  "log": "|j|\u2606mukining\n|j|\u26065wamp\n|html|<table width=\"100%\"><tr><td align=\"left\">mukining</td><td align=\"right\">5wamp</tr><tr><td align=\"left\"><i class=\"fa fa-circle-o\"></i> <i class=\"fa fa-circle-o\"></i> </td><td align=\"right\"><i class=\"fa fa-circle-o\"></i> <i class=\"fa fa-circle-o\"></i> </tr></table>\n|uhtml|bestof|<h2><strong>Game 1</strong> of <a href=\"/game-bestof3-gen9championsvgc2026regma-2584451196\">a best-of-3</a></h2>\n|t:|1776261778\n|gametype|doubles\n|player|p1|mukining|gentleman-gen4|\n|player|p2|5wamp|iono-masters|\n|gen|9\n|tier|[Gen 9 Champions] VGC 2026 Reg M-A\n|rated|Tournament battle\n|rule|Species Clause: Limit one of each Pok\u00e9mon\n|rule|Item Clause: Limit 1 of each item\n|raw|<div class=\"infobox\"><details class=\"readmore\" open><summary><strong>2 custom rules:</strong></summary> Force Open Team Sheets, Best of = 3</details></div>\n|clearpoke\n|poke|p1|Basculegion, L50, M|\n|poke|p1|Incineroar, L50, M|\n|poke|p1|Rotom-Wash, L50|\n|poke|p1|Scovillain, L50, M|\n|poke|p1|Charizard, L50, M|\n|poke|p1|Archaludon, L50, M|\n|poke|p2|Floette-Eternal, L50, F|\n|poke|p2|Sneasler, L50, F|\n|poke|p2|Basculegion, L50, M|\n|poke|p2|Aerodactyl, L50, M|\n|poke|p2|Kingambit, L50, F|\n|poke|p2|Incineroar, L50, M|\n|teampreview|4\n|showteam|p1|Basculegion||FocusSash|Adaptability|LastRespects,AquaJet,FlipTurn,WaveCrash|||M|||50|]Incineroar||SitrusBerry|Intimidate|FakeOut,FlareBlitz,PartingShot,Protect|||M|||50|]Rotom-Wash||Leftovers|Levitate|VoltSwitch,HydroPump,WillOWisp,Protect||||||50|]Scovillain||Scovillainite|Chlorophyll|RagePowder,Protect,Flamethrower,GigaDrain|||M|||50|]Charizard||CharizarditeY|Blaze|HeatWave,AirSlash,Protect,SolarBeam|||M|||50|]Archaludon||ChopleBerry|Stamina|Thunderbolt,FlashCannon,DracoMeteor,Protect|||M|||50|\n|showteam|p2|Floette-Eternal||Floettite|FlowerVeil|Moonblast,DazzlingGleam,DrainingKiss,Protect|||F|||50|]Sneasler||WhiteHerb|Unburden|FakeOut,CloseCombat,DireClaw,Protect|||F|||50|]Basculegion||ChoiceScarf|Adaptability|WaveCrash,LastRespects,AquaJet,FlipTurn|||M|||50|]Aerodactyl||FocusSash|Unnerve|RockSlide,DualWingbeat,Tailwind,Protect|||M|||50|]Kingambit||ChopleBerry|Defiant|IronHead,LowKick,SuckerPunch,Protect|||F|||50|]Incineroar||SitrusBerry|Intimidate|FakeOut,FlareBlitz,ThroatChop,PartingShot|||M|||50|\n|inactive|Battle timer is ON: inactive players will automatically lose when time's up. (requested by 5wamp)\n|c|\u2606mukining|glhf\n|c|\u26065wamp|u2\n|j| forkuser2\n|inactive|mukining has 60 seconds left.\n|inactive|5wamp has 60 seconds left.\n|j| mysticmarshtomp\n|\n|t:|1776261836\n|teamsize|p1|4\n|teamsize|p2|4\n|start\n|switch|p1a: Scovillain|Scovillain, L50, M|100/100\n|switch|p1b: Rotom|Rotom-Wash, L50|100/100\n|switch|p2a: Aerodactyl|Aerodactyl, L50, M|100/100\n|switch|p2b: Floette|Floette-Eternal, L50, F|100/100\n|-ability|p2a: Aerodactyl|Unnerve\n|turn|1\n|inactive|mukining has 30 seconds left.\n|\n|t:|1776261863\n|detailschange|p2b: Floette|Floette-Mega, L50, F\n|-mega|p2b: Floette|Floette|Floettite\n|-ability|p2b: Floette|Fairy Aura\n|detailschange|p1a: Scovillain|Scovillain-Mega, L50, M\n|-mega|p1a: Scovillain|Scovillain|Scovillainite\n|move|p1b: Rotom|Protect|p1b: Rotom\n|-singleturn|p1b: Rotom|Protect\n|move|p2a: Aerodactyl|Rock Slide|p1a: Scovillain|[spread] p1a\n|-activate|p1b: Rotom|move: Protect\n|-supereffective|p1a: Scovillain|1\n|-damage|p1a: Scovillain|44/100\n|-status|p2a: Aerodactyl|brn|[from] ability: Spicy Spray|[of] p1a: Scovillain\n|move|p2b: Floette|Dazzling Gleam|p1a: Scovillain|[spread] p1a\n|-activate|p1b: Rotom|move: Protect\n|-resisted|p1a: Scovillain|1\n|-damage|p1a: Scovillain|22/100\n|-status|p2b: Floette|brn|[from] ability: Spicy Spray|[of] p1a: Scovillain\n|move|p1a: Scovillain|Giga Drain|p2a: Aerodactyl\n|-damage|p2a: Aerodactyl|47/100 brn\n|-heal|p1a: Scovillain|46/100|[from] drain|[of] p2a: Aerodactyl\n|\n|-damage|p2a: Aerodactyl|41/100 brn|[from] brn\n|-damage|p2b: Floette|94/100 brn|[from] brn\n|upkeep\n|turn|2\n|\n|t:|1776261883\n|move|p1a: Scovillain|Protect|p1a: Scovillain\n|-singleturn|p1a: Scovillain|Protect\n|move|p2a: Aerodactyl|Rock Slide|p1a: Scovillain|[spread] p1b\n|-activate|p1a: Scovillain|move: Protect\n|-damage|p1b: Rotom|86/100\n|move|p2b: Floette|Dazzling Gleam|p1b: Rotom|[spread] p1b\n|-activate|p1a: Scovillain|move: Protect\n|-damage|p1b: Rotom|41/100\n|cant|p1b: Rotom|flinch\n|\n|-heal|p1b: Rotom|47/100|[from] item: Leftovers\n|-damage|p2a: Aerodactyl|36/100 brn|[from] brn\n|-damage|p2b: Floette|88/100 brn|[from] brn\n|upkeep\n|turn|3\n|\n|t:|1776261895\n|move|p1b: Rotom|Protect|p1b: Rotom\n|-singleturn|p1b: Rotom|Protect\n|move|p2a: Aerodactyl|Rock Slide|p1b: Rotom|[spread] p1a\n|-activate|p1b: Rotom|move: Protect\n|-supereffective|p1a: Scovillain|1\n|-damage|p1a: Scovillain|19/100\n|move|p2b: Floette|Dazzling Gleam|p1a: Scovillain|[spread] p1a\n|-activate|p1b: Rotom|move: Protect\n|-resisted|p1a: Scovillain|1\n|-damage|p1a: Scovillain|0 fnt\n|faint|p1a: Scovillain\n|\n|-heal|p1b: Rotom|53/100|[from] item: Leftovers\n|-damage|p2a: Aerodactyl|30/100 brn|[from] brn\n|-damage|p2b: Floette|82/100 brn|[from] brn\n|upkeep\n|\n|t:|1776261900\n|switch|p1a: Archaludon|Archaludon, L50, M|100/100\n|turn|4\n|\n|t:|1776261905\n|move|p2a: Aerodactyl|Tailwind|p2a: Aerodactyl\n|-sidestart|p2: 5wamp|move: Tailwind\n|move|p2b: Floette|Dazzling Gleam|p1a: Archaludon|[spread] p1a,p1b\n|-damage|p1a: Archaludon|48/100\n|-damage|p1b: Rotom|3/100\n|-ability|p1a: Archaludon|Stamina|boost\n|-boost|p1a: Archaludon|def|1\n|move|p1b: Rotom|Volt Switch|p2b: Floette\n|-damage|p2b: Floette|57/100 brn\n|\n|t:|1776261910\n|switch|p1b: Basculegion|Basculegion, L50, M|100/100|[from] Volt Switch\n|move|p1a: Archaludon|Flash Cannon|p2b: Floette\n|-supereffective|p2b: Floette|1\n|-damage|p2b: Floette|0 fnt\n|faint|p2b: Floette\n|\n|-damage|p2a: Aerodactyl|24/100 brn|[from] brn\n|upkeep\n|j| stinkyton\n|\n|t:|1776261933\n|switch|p2b: Basculegion|Basculegion, L50, M|100/100\n|turn|5\n|\n|t:|1776261950\n|move|p1b: Basculegion|Aqua Jet|p2a: Aerodactyl\n|-supereffective|p2a: Aerodactyl|1\n|-damage|p2a: Aerodactyl|0 fnt\n|faint|p2a: Aerodactyl\n|move|p2b: Basculegion|Flip Turn|p1b: Basculegion\n|-resisted|p1b: Basculegion|1\n|-damage|p1b: Basculegion|79/100\n|\n|t:|1776261952\n|switch|p2b: Sneasler|Sneasler, L50, F|100/100|[from] Flip Turn\n|move|p1a: Archaludon|Thunderbolt|p2b: Sneasler\n|-damage|p2b: Sneasler|54/100\n|\n|upkeep\n|\n|t:|1776261954\n|switch|p2a: Basculegion|Basculegion, L50, M|100/100\n|turn|6\n|inactive|mukining has 30 seconds left.\n|inactive|5wamp has 30 seconds left.\n|\n|t:|1776261985\n|move|p2a: Basculegion|Last Respects|p1a: Archaludon\n|-damage|p1a: Archaludon|5/100\n|-ability|p1a: Archaludon|Stamina|boost\n|-boost|p1a: Archaludon|def|1\n|move|p2b: Sneasler|Close Combat|p1a: Archaludon\n|-supereffective|p1a: Archaludon|1\n|-enditem|p1a: Archaludon|Chople Berry|[eat]\n|-enditem|p1a: Archaludon|Chople Berry|[weaken]\n|-damage|p1a: Archaludon|0 fnt\n|-unboost|p2b: Sneasler|def|1\n|-unboost|p2b: Sneasler|spd|1\n|faint|p1a: Archaludon\n|-enditem|p2b: Sneasler|White Herb\n|-clearnegativeboost|p2b: Sneasler|[silent]\n|move|p1b: Basculegion|Flip Turn|p2b: Sneasler\n|-damage|p2b: Sneasler|0 fnt\n|faint|p2b: Sneasler\n|\n|t:|1776261991\n|switch|p1b: Rotom|Rotom-Wash, L50|3/100|[from] Flip Turn\n|\n|-heal|p1b: Rotom|9/100|[from] item: Leftovers\n|upkeep\n|\n|t:|1776261993\n|switch|p1a: Basculegion|Basculegion, L50, M|79/100\n|turn|7\n|\n|t:|1776262006\n|move|p1a: Basculegion|Aqua Jet|p2a: Basculegion\n|-resisted|p2a: Basculegion|1\n|-damage|p2a: Basculegion|85/100\n|move|p2a: Basculegion|Last Respects|p1b: Rotom\n|-damage|p1b: Rotom|0 fnt\n|faint|p1b: Rotom\n|\n|-sideend|p2: 5wamp|move: Tailwind\n|upkeep\n|turn|8\n|\n|t:|1776262009\n|move|p2a: Basculegion|Last Respects|p1a: Basculegion\n|-supereffective|p1a: Basculegion|1\n|-damage|p1a: Basculegion|0 fnt\n|faint|p1a: Basculegion\n|\n|win|5wamp\n||5wamp is ready for game 2.\n|l| mysticmarshtomp\n",
  "uploadtime": 1776262009,
  "views": 23,
  "formatid": "gen9championsvgc2026regma",
  "rating": null,
  "private": 0,
  "password": null
}