{
  "id": "gen9championsvgc2026regma-2586822089",
  "format": "[Gen 9 Champions] VGC 2026 Reg M-A",
  "players": [
    "Vgcproto",
    "AidzPlayz"
  ],
  "log": "|j|\u2606Vgcproto\n|j|\u2606AidzPlayz\n|t:|1776462755\n|gametype|doubles\n|player|p1|Vgcproto|101|1350\n|player|p2|AidzPlayz|ghetsis-gen5bw|1338\n|gen|9\n|tier|[Gen 9 Champions] VGC 2026 Reg M-A\n|rated|\n|rule|Species Clause: Limit one of each Pok\u00e9mon\n|rule|Item Clause: Limit 1 of each item\n|clearpoke\n|poke|p1|Tyranitar, L50, M|\n|poke|p1|Excadrill, L50, M|\n|poke|p1|Garchomp, L50, M|\n|poke|p1|Corviknight, L50, M|\n|poke|p1|Talonflame, L50, F|\n|poke|p1|Basculegion, L50, M|\n|poke|p2|Aerodactyl, L50, F|\n|poke|p2|Incineroar, L50, M|\n|poke|p2|Floette-Eternal, L50, F|\n|poke|p2|Basculegion, L50, M|\n|poke|p2|Garchomp, L50, F|\n|poke|p2|Sneasler, L50, F|\n|teampreview|4\n|\n|t:|1776462798\n|teamsize|p1|4\n|teamsize|p2|4\n|start\n|switch|p1a: Talonflame|Talonflame, L50, F|100/100\n|switch|p1b: Garchomp|Garchomp, L50, M|100/100\n|switch|p2a: Aerodactyl|Aerodactyl, L50, F|100/100\n|switch|p2b: Garchomp|Garchomp, L50, F|100/100\n|-ability|p2a: Aerodactyl|Unnerve\n|turn|1\n|inactive|Battle timer is ON: inactive players will automatically lose when time's up. (requested by Vgcproto)\n|\n|t:|1776462808\n|move|p1a: Talonflame|Tailwind|p1a: Talonflame\n|-sidestart|p1: Vgcproto|move: Tailwind\n|move|p1b: Garchomp|Rock Slide|p2b: Garchomp|[spread] p2a,p2b\n|-supereffective|p2a: Aerodactyl|1\n|-resisted|p2b: Garchomp|1\n|-damage|p2a: Aerodactyl|33/100\n|-damage|p2b: Garchomp|89/100\n|cant|p2a: Aerodactyl|flinch\n|move|p2b: Garchomp|Rock Slide|p1a: Talonflame|[spread] p1a,p1b\n|-supereffective|p1a: Talonflame|2\n|-resisted|p1b: Garchomp|1\n|-damage|p1a: Talonflame|0 fnt\n|-damage|p1b: Garchomp|90/100\n|faint|p1a: Talonflame\n|\n|upkeep\n|\n|t:|1776462820\n|switch|p1a: Basculegion|Basculegion, L50, M|100/100\n|turn|2\n|\n|t:|1776462843\n|move|p2a: Aerodactyl|Protect|p2a: Aerodactyl\n|-singleturn|p2a: Aerodactyl|Protect\n|move|p1a: Basculegion|Flip Turn|p2a: Aerodactyl\n|-activate|p2a: Aerodactyl|move: Protect\n|move|p1b: Garchomp|Dragon Claw|p2b: Garchomp\n|-supereffective|p2b: Garchomp|1\n|-enditem|p2b: Garchomp|Haban Berry|[eat]\n|-enditem|p2b: Garchomp|Haban Berry|[weaken]\n|-damage|p2b: Garchomp|45/100\n|-damage|p1b: Garchomp|77/100|[from] ability: Rough Skin|[of] p2b: Garchomp\n|move|p2b: Garchomp|Dragon Claw|p1b: Garchomp\n|-supereffective|p1b: Garchomp|1\n|-damage|p1b: Garchomp|0 fnt\n|faint|p1b: Garchomp\n|\n|upkeep\n|\n|t:|1776462853\n|switch|p1b: Tyranitar|Tyranitar, L50, M|100/100\n|-weather|Sandstorm|[from] ability: Sand Stream|[of] p1b: Tyranitar\n|turn|3\n|inactive|AidzPlayz has 30 seconds left.\n|\n|t:|1776462881\n|switch|p2a: Basculegion|Basculegion, L50, M|100/100\n|detailschange|p1b: Tyranitar|Tyranitar-Mega, L50, M\n|-mega|p1b: Tyranitar|Tyranitar|Tyranitarite\n|move|p2b: Garchomp|Protect|p2b: Garchomp\n|-singleturn|p2b: Garchomp|Protect\n|move|p1a: Basculegion|Flip Turn|p2a: Basculegion\n|-resisted|p2a: Basculegion|1\n|-damage|p2a: Basculegion|73/100\n|move|p1b: Tyranitar|Knock Off|p2b: Garchomp\n|-activate|p2b: Garchomp|move: Protect\n|\n|-weather|Sandstorm|[upkeep]\n|-damage|p1a: Basculegion|94/100|[from] Sandstorm\n|-damage|p2a: Basculegion|67/100|[from] Sandstorm\n|upkeep\n|turn|4\n|inactive|AidzPlayz has 30 seconds left.\n|\n|t:|1776462915\n|switch|p2a: Floette|Floette-Eternal, L50, F|100/100\n|move|p1a: Basculegion|Flip Turn|p2b: Garchomp\n|-damage|p2b: Garchomp|3/100\n|-damage|p1a: Basculegion|82/100|[from] ability: Rough Skin|[of] p2b: Garchomp\n|move|p1b: Tyranitar|Knock Off|p2a: Floette\n|-resisted|p2a: Floette|1\n|-damage|p2a: Floette|65/100\n|move|p2b: Garchomp|Rock Slide|p1b: Tyranitar|[spread] p1a,p1b\n|-damage|p1a: Basculegion|55/100\n|-damage|p1b: Tyranitar|88/100\n|\n|-weather|Sandstorm|[upkeep]\n|-damage|p1a: Basculegion|49/100|[from] Sandstorm\n|-damage|p2a: Floette|59/100|[from] Sandstorm\n|-sideend|p1: Vgcproto|move: Tailwind\n|upkeep\n|turn|5\n|\n|t:|1776462932\n|move|p2a: Floette|Protect|p2a: Floette\n|-singleturn|p2a: Floette|Protect\n|move|p1a: Basculegion|Flip Turn|p2a: Floette\n|-activate|p2a: Floette|move: Protect\n|move|p2b: Garchomp|Earthquake|p1b: Tyranitar|[spread] p1a,p1b\n|-activate|p2a: Floette|move: Protect\n|-supereffective|p1b: Tyranitar|1\n|-damage|p1a: Basculegion|0 fnt\n|-damage|p1b: Tyranitar|36/100\n|faint|p1a: Basculegion\n|move|p1b: Tyranitar|Rock Slide|p2a: Floette|[spread] p2b\n|-activate|p2a: Floette|move: Protect\n|-resisted|p2b: Garchomp|1\n|-damage|p2b: Garchomp|0 fnt\n|faint|p2b: Garchomp\n|\n|-weather|Sandstorm|[upkeep]\n|-damage|p2a: Floette|53/100|[from] Sandstorm\n|upkeep\n|-message|Vgcproto forfeited.\n|\n|win|AidzPlayz\n|raw|Vgcproto's rating: 1350 &rarr; <strong>1329</strong><br />(-21 for losing)\n|raw|AidzPlayz's rating: 1338 &rarr; <strong>1359</strong><br />(+21 for winning)\n|l|\u2606Vgcproto\n|player|p1|\n|l|\u2606AidzPlayz\n|player|p2|\n|j|\u2606AidzPlayz\n|player|p2|AidzPlayz|ghetsis-gen5bw|\n",
  "uploadtime": 1776462943,
  "views": 47,
  "formatid": "gen9championsvgc2026regma",
  "rating": 1329,
  "private": 0,
  "password": null
}