{
  "id": "gen9championsvgc2026regma-2583231389",
  "format": "[Gen 9 Champions] VGC 2026 Reg M-A",
  "players": [
    "mspiers",
    "amendoleaa"
  ],
  "log": "|j|\u2606mspiers\n|j|\u2606amendoleaa\n|t:|1776157444\n|gametype|doubles\n|player|p1|mspiers|266|1046\n|player|p2|amendoleaa|170|1094\n|gen|9\n|tier|[Gen 9 Champions] VGC 2026 Reg M-A\n|rated|\n|rule|Species Clause: Limit one of each Pok\u00e9mon\n|rule|Item Clause: Limit 1 of each item\n|clearpoke\n|poke|p1|Weavile, L50, M|\n|poke|p1|Talonflame, L50, F|\n|poke|p1|Venusaur, L50, F|\n|poke|p1|Charizard, L50, M|\n|poke|p1|Whimsicott, L50, F|\n|poke|p1|Rotom-Wash, L50|\n|poke|p2|Charizard, L50, M|\n|poke|p2|Sneasler, L50, F|\n|poke|p2|Basculegion, L50, M|\n|poke|p2|Garchomp, L50, F|\n|poke|p2|Incineroar, L50, M|\n|poke|p2|Venusaur, L50, M|\n|teampreview|4\n|inactive|Battle timer is ON: inactive players will automatically lose when time's up. (requested by amendoleaa)\n|inactive|amendoleaa has 60 seconds left.\n|inactive|amendoleaa has 30 seconds left.\n|inactive|amendoleaa has 20 seconds left.\n|inactive|amendoleaa has 15 seconds left.\n|inactive|amendoleaa has 10 seconds left.\n|\n|t:|1776157527\n|teamsize|p1|4\n|teamsize|p2|4\n|start\n|switch|p1a: Talonflame|Talonflame, L50, F|100/100\n|switch|p1b: Rotom|Rotom-Wash, L50|100/100\n|switch|p2a: Charizard|Charizard, L50, M|100/100\n|switch|p2b: Sneasler|Sneasler, L50, F|100/100\n|turn|1\n|inactive|amendoleaa has 30 seconds left.\n|\n|t:|1776157562\n|switch|p2a: Incineroar|Incineroar, L50, M|100/100\n|-ability|p2a: Incineroar|Intimidate|boost\n|-unboost|p1a: Talonflame|atk|1\n|-unboost|p1b: Rotom|atk|1\n|move|p1a: Talonflame|Dual Wingbeat|p2b: Sneasler\n|-supereffective|p2b: Sneasler|1\n|-damage|p2b: Sneasler|62/100\n|-supereffective|p2b: Sneasler|1\n|-damage|p2b: Sneasler|19/100\n|-hitcount|p2b: Sneasler|2\n|move|p2b: Sneasler|Rock Slide|p1a: Talonflame|[spread] p1a\n|-miss|p2b: Sneasler|p1b: Rotom\n|-supereffective|p1a: Talonflame|2\n|-crit|p1a: Talonflame\n|-damage|p1a: Talonflame|0 fnt\n|faint|p1a: Talonflame\n|move|p1b: Rotom|Thunderbolt|p2a: Incineroar\n|-damage|p2a: Incineroar|57/100\n|\n|upkeep\n|\n|t:|1776157578\n|switch|p1a: Weavile|Weavile, L50, M, shiny|100/100\n|-ability|p1a: Weavile|Pressure\n|turn|2\n|\n|t:|1776157600\n|move|p2b: Sneasler|Protect|p2b: Sneasler\n|-singleturn|p2b: Sneasler|Protect\n|move|p1a: Weavile|Fake Out|p2b: Sneasler\n|-activate|p2b: Sneasler|move: Protect\n|move|p1b: Rotom|Hydro Pump|p2a: Incineroar\n|-supereffective|p2a: Incineroar|1\n|-damage|p2a: Incineroar|0 fnt\n|faint|p2a: Incineroar\n|\n|upkeep\n|\n|t:|1776157609\n|switch|p2a: Venusaur|Venusaur, L50, M|100/100\n|turn|3\n|\n|t:|1776157623\n|move|p1b: Rotom|Protect|p1b: Rotom\n|-singleturn|p1b: Rotom|Protect\n|move|p1a: Weavile|Ice Spinner|p2a: Venusaur\n|-supereffective|p2a: Venusaur|1\n|-enditem|p2a: Venusaur|Focus Sash\n|-damage|p2a: Venusaur|1/100\n|move|p2b: Sneasler|Close Combat|p1a: Weavile\n|-supereffective|p1a: Weavile|2\n|-damage|p1a: Weavile|0 fnt\n|-unboost|p2b: Sneasler|def|1\n|-unboost|p2b: Sneasler|spd|1\n|faint|p1a: Weavile\n|-enditem|p2b: Sneasler|White Herb\n|-clearnegativeboost|p2b: Sneasler|[silent]\n|move|p2a: Venusaur|Energy Ball|p1b: Rotom\n|-activate|p1b: Rotom|move: Protect\n|\n|upkeep\n|\n|t:|1776157640\n|switch|p1a: Charizard|Charizard, L50, M, shiny|100/100\n|turn|4\n|\n|t:|1776157655\n|detailschange|p1a: Charizard|Charizard-Mega-Y, L50, M, shiny\n|-mega|p1a: Charizard|Charizard|Charizardite Y\n|-weather|SunnyDay|[from] ability: Drought|[of] p1a: Charizard\n|move|p2b: Sneasler|Rock Slide|p1a: Charizard|[spread] p1a,p1b\n|-supereffective|p1a: Charizard|2\n|-damage|p1a: Charizard|0 fnt\n|-damage|p1b: Rotom|72/100\n|faint|p1a: Charizard\n|move|p2a: Venusaur|Sleep Powder|p1b: Rotom\n|-status|p1b: Rotom|slp|[from] move: Sleep Powder\n|cant|p1b: Rotom|slp\n|\n|-weather|SunnyDay|[upkeep]\n|upkeep\n|turn|5\n|\n|t:|1776157677\n|move|p2b: Sneasler|Close Combat|p1b: Rotom\n|-damage|p1b: Rotom|0 fnt\n|-unboost|p2b: Sneasler|def|1\n|-unboost|p2b: Sneasler|spd|1\n|faint|p1b: Rotom\n|\n|win|amendoleaa\n|raw|mspiers's rating: 1046 &rarr; <strong>1031</strong><br />(-15 for losing)\n|raw|amendoleaa's rating: 1094 &rarr; <strong>1116</strong><br />(+22 for winning)\n|l|\u2606mspiers\n|player|p1|\n",
  "uploadtime": 1776157684,
  "views": 17,
  "formatid": "gen9championsvgc2026regma",
  "rating": 1031,
  "private": 0,
  "password": null
}