{
  "id": "gen9championsvgc2026regma-2589503717",
  "format": "[Gen 9 Champions] VGC 2026 Reg M-A",
  "players": [
    "benjiapollo",
    "darkmaikshark"
  ],
  "log": "|j|\u2606benjiapollo\n|j|\u2606darkmaikshark\n|t:|1776728928\n|gametype|doubles\n|player|p1|benjiapollo|giovanni|1458\n|player|p2|darkmaikshark|102|1357\n|gen|9\n|tier|[Gen 9 Champions] VGC 2026 Reg M-A\n|rated|\n|rule|Species Clause: Limit one of each Pok\u00e9mon\n|rule|Item Clause: Limit 1 of each item\n|clearpoke\n|poke|p1|Basculegion, L50, M|\n|poke|p1|Charizard, L50, M|\n|poke|p1|Kingambit, L50, F|\n|poke|p1|Sneasler, L50, M|\n|poke|p1|Venusaur, L50, M|\n|poke|p1|Talonflame, L50, M|\n|poke|p2|Starmie, L50|\n|poke|p2|Incineroar, L50, M|\n|poke|p2|Sneasler, L50, F|\n|poke|p2|Pelipper, L50, F|\n|poke|p2|Rotom-Mow, L50|\n|poke|p2|Archaludon, L50, F|\n|teampreview|4\n|inactive|Battle timer is ON: inactive players will automatically lose when time's up. (requested by benjiapollo)\n|\n|t:|1776728956\n|teamsize|p1|4\n|teamsize|p2|4\n|start\n|switch|p1a: Talonflame|Talonflame, L50, M|100/100\n|switch|p1b: Charizard|Charizard, L50, M|100/100\n|switch|p2a: Starmie|Starmie, L50|100/100\n|switch|p2b: Incineroar|Incineroar, L50, M|100/100\n|-ability|p2b: Incineroar|Intimidate|boost\n|-unboost|p1a: Talonflame|atk|1\n|-unboost|p1b: Charizard|atk|1\n|turn|1\n|\n|t:|1776728969\n|switch|p2b: Pelipper|Pelipper, L50, F|100/100\n|-weather|RainDance|[from] ability: Drizzle|[of] p2b: Pelipper\n|detailschange|p2a: Starmie|Starmie-Mega, L50\n|-mega|p2a: Starmie|Starmie|Starminite\n|detailschange|p1b: Charizard|Charizard-Mega-X, L50, M\n|-mega|p1b: Charizard|Charizard|Charizardite X\n|move|p1a: Talonflame|Quick Guard|p1a: Talonflame\n|-singleturn|p1a: Talonflame|Quick Guard\n|move|p2a: Starmie|Flip Turn|p1b: Charizard\n|-damage|p1b: Charizard|14/100\n|\n|t:|1776728983\n|switch|p2a: Incineroar|Incineroar, L50, M|100/100|[from] Flip Turn\n|-ability|p2a: Incineroar|Intimidate|boost\n|-unboost|p1a: Talonflame|atk|1\n|-unboost|p1b: Charizard|atk|1\n|move|p1b: Charizard|Dragon Claw|p2a: Incineroar\n|-damage|p2a: Incineroar|75/100\n|\n|-weather|RainDance|[upkeep]\n|upkeep\n|turn|2\n|\n|t:|1776728994\n|switch|p1b: Kingambit|Kingambit, L50, F|100/100\n|move|p1a: Talonflame|Quick Guard|p1a: Talonflame\n|-singleturn|p1a: Talonflame|Quick Guard\n|move|p2a: Incineroar|Fake Out|p1a: Talonflame\n|-activate|p1a: Talonflame|move: Quick Guard\n|move|p2b: Pelipper|Weather Ball|p1b: Kingambit\n|-damage|p1b: Kingambit|35/100\n|\n|-weather|RainDance|[upkeep]\n|upkeep\n|turn|3\n|\n|t:|1776729010\n|switch|p1a: Sneasler|Sneasler, L50, M|100/100\n|move|p1b: Kingambit|Protect|p1b: Kingambit\n|-singleturn|p1b: Kingambit|Protect\n|move|p2b: Pelipper|Weather Ball|p1b: Kingambit\n|-activate|p1b: Kingambit|move: Protect\n|move|p2a: Incineroar|Parting Shot|p1a: Sneasler\n|-unboost|p1a: Sneasler|atk|1\n|-unboost|p1a: Sneasler|spa|1\n|\n|t:|1776729017\n|switch|p2a: Starmie|Starmie-Mega, L50|100/100|[from] Parting Shot\n|-enditem|p1a: Sneasler|White Herb\n|-clearnegativeboost|p1a: Sneasler|[silent]\n|\n|-weather|RainDance|[upkeep]\n|upkeep\n|turn|4\n|\n|t:|1776729032\n|move|p2a: Starmie|Protect|p2a: Starmie\n|-singleturn|p2a: Starmie|Protect\n|move|p1a: Sneasler|Fake Out|p2b: Pelipper\n|-damage|p2b: Pelipper|86/100\n|cant|p2b: Pelipper|flinch\n|move|p1b: Kingambit|Kowtow Cleave|p2a: Starmie\n|-activate|p2a: Starmie|move: Protect\n|\n|-weather|RainDance|[upkeep]\n|upkeep\n|turn|5\n|\n|t:|1776729047\n|move|p1b: Kingambit|Sucker Punch|p2a: Starmie\n|-supereffective|p2a: Starmie|1\n|-damage|p2a: Starmie|0 fnt\n|faint|p2a: Starmie\n|move|p1a: Sneasler|Dire Claw|p2b: Pelipper\n|-damage|p2b: Pelipper|46/100\n|move|p2b: Pelipper|Weather Ball|p1b: Kingambit\n|-damage|p1b: Kingambit|0 fnt\n|faint|p1b: Kingambit\n|\n|-weather|none\n|upkeep\n|\n|t:|1776729057\n|switch|p2a: Incineroar|Incineroar, L50, M|75/100\n|switch|p1b: Talonflame|Talonflame, L50, M|100/100\n|-ability|p2a: Incineroar|Intimidate|boost\n|-unboost|p1a: Sneasler|atk|1\n|-unboost|p1b: Talonflame|atk|1\n|turn|6\n|\n|t:|1776729070\n|switch|p2b: Archaludon|Archaludon, L50, F|100/100\n|move|p1b: Talonflame|Quick Guard|p1b: Talonflame\n|-singleturn|p1b: Talonflame|Quick Guard\n|move|p1a: Sneasler|Close Combat|p2a: Incineroar\n|-supereffective|p2a: Incineroar|1\n|-damage|p2a: Incineroar|0 fnt\n|-unboost|p1a: Sneasler|def|1\n|-unboost|p1a: Sneasler|spd|1\n|faint|p2a: Incineroar\n|\n|upkeep\n|\n|t:|1776729081\n|switch|p2a: Pelipper|Pelipper, L50, F|46/100\n|-weather|RainDance|[from] ability: Drizzle|[of] p2a: Pelipper\n|turn|7\n|\n|t:|1776729088\n|switch|p1a: Charizard|Charizard-Mega-X, L50, M|14/100\n|move|p1b: Talonflame|Tailwind|p1b: Talonflame\n|-sidestart|p1: benjiapollo|move: Tailwind\n|move|p2b: Archaludon|Electro Shot||[still]\n|-prepare|p2b: Archaludon|Electro Shot\n|-boost|p2b: Archaludon|spa|1\n|-anim|p2b: Archaludon|Electro Shot|p1a: Charizard\n|-resisted|p1a: Charizard|1\n|-damage|p1a: Charizard|0 fnt\n|faint|p1a: Charizard\n|move|p2a: Pelipper|Weather Ball|p1b: Talonflame\n|-supereffective|p1b: Talonflame|1\n|-enditem|p1b: Talonflame|Focus Sash\n|-damage|p1b: Talonflame|1/100\n|\n|-weather|RainDance|[upkeep]\n|upkeep\n|\n|t:|1776729102\n|switch|p1a: Sneasler|Sneasler, L50, M|100/100\n|turn|8\n|\n|t:|1776729119\n|move|p1b: Talonflame|Brave Bird|p2a: Pelipper\n|-damage|p2a: Pelipper|17/100\n|-damage|p1b: Talonflame|0 fnt|[from] Recoil\n|faint|p1b: Talonflame\n|move|p1a: Sneasler|Close Combat|p2b: Archaludon\n|-supereffective|p2b: Archaludon|1\n|-damage|p2b: Archaludon|21/100\n|-unboost|p1a: Sneasler|def|1\n|-unboost|p1a: Sneasler|spd|1\n|-ability|p2b: Archaludon|Stamina|boost\n|-boost|p2b: Archaludon|def|1\n|move|p2b: Archaludon|Electro Shot||[still]\n|-prepare|p2b: Archaludon|Electro Shot\n|-boost|p2b: Archaludon|spa|1\n|-anim|p2b: Archaludon|Electro Shot|p1a: Sneasler\n|-damage|p1a: Sneasler|0 fnt\n|faint|p1a: Sneasler\n|\n|win|darkmaikshark\n|raw|benjiapollo's rating: 1458 &rarr; <strong>1432</strong><br />(-26 for losing)\n|raw|darkmaikshark's rating: 1357 &rarr; <strong>1383</strong><br />(+26 for winning)\n",
  "uploadtime": 1776729136,
  "views": 5,
  "formatid": "gen9championsvgc2026regma",
  "rating": 1383,
  "private": 0,
  "password": null
}