{
  "id": "gen9championsvgc2026regma-2580971541",
  "format": "[Gen 9 Champions] VGC 2026 Reg M-A",
  "players": [
    "gamerninjaa",
    "Hykari"
  ],
  "log": "|j|\u2606gamerninjaa\n|j|\u2606Hykari\n|t:|1775947864\n|gametype|doubles\n|player|p1|gamerninjaa|steven|1095\n|player|p2|Hykari|scientistf|1108\n|gen|9\n|tier|[Gen 9 Champions] VGC 2026 Reg M-A\n|rated|\n|rule|Species Clause: Limit one of each Pok\u00e9mon\n|rule|Item Clause: Limit 1 of each item\n|clearpoke\n|poke|p1|Lucario, L50, F|\n|poke|p1|Incineroar, L50, M|\n|poke|p1|Pelipper, L50, F|\n|poke|p1|Archaludon, L50, F|\n|poke|p1|Sinistcha, L50|\n|poke|p1|Basculegion, L50, M|\n|poke|p2|Incineroar, L50, F|\n|poke|p2|Victreebel, L50, M|\n|poke|p2|Ninetales-Alola, L50, M|\n|poke|p2|Aerodactyl, L50, F|\n|poke|p2|Volcarona, L50, M|\n|poke|p2|Rotom-Wash, L50|\n|teampreview|4\n|inactive|Battle timer is ON: inactive players will automatically lose when time's up. (requested by gamerninjaa)\n|inactive|gamerninjaa has 60 seconds left.\n|inactive|Hykari has 60 seconds left.\n|\n|t:|1775947900\n|teamsize|p1|4\n|teamsize|p2|4\n|start\n|switch|p1a: Lucario|Lucario, L50, F|100/100\n|switch|p1b: Basculegion|Basculegion, L50, M|100/100\n|switch|p2a: Victreebel|Victreebel, L50, M, shiny|100/100\n|switch|p2b: Rotom|Rotom-Wash, L50|100/100\n|turn|1\n|\n|t:|1775947916\n|detailschange|p2a: Victreebel|Victreebel-Mega, L50, M, shiny\n|-mega|p2a: Victreebel|Victreebel|Victreebelite\n|move|p1a: Lucario|Protect|p1a: Lucario\n|-singleturn|p1a: Lucario|Protect\n|move|p1b: Basculegion|Flip Turn|p2b: Rotom\n|-resisted|p2b: Rotom|1\n|-damage|p2b: Rotom|84/100\n|\n|t:|1775947923\n|switch|p1b: Pelipper|Pelipper, L50, F|100/100|[from] Flip Turn\n|-weather|RainDance|[from] ability: Drizzle|[of] p1b: Pelipper\n|move|p2a: Victreebel|Energy Ball|p1b: Pelipper\n|-damage|p1b: Pelipper|39/100\n|move|p2b: Rotom|Thunder Wave|p1a: Lucario\n|-activate|p1a: Lucario|move: Protect\n|\n|-weather|RainDance|[upkeep]\n|-heal|p2b: Rotom|90/100|[from] item: Leftovers\n|upkeep\n|turn|2\n|\n|t:|1775947946\n|switch|p2a: Ninetales|Ninetales-Alola, L50, M, shiny|100/100\n|-weather|Snowscape|[from] ability: Snow Warning|[of] p2a: Ninetales\n|detailschange|p1a: Lucario|Lucario-Mega, L50, F\n|-mega|p1a: Lucario|Lucario|Lucarionite\n|move|p1a: Lucario|Close Combat|p2b: Rotom\n|-damage|p2b: Rotom|16/100\n|-unboost|p1a: Lucario|def|1\n|-unboost|p1a: Lucario|spd|1\n|move|p2b: Rotom|Volt Switch|p1b: Pelipper\n|-supereffective|p1b: Pelipper|2\n|-damage|p1b: Pelipper|0 fnt\n|faint|p1b: Pelipper\n|\n|t:|1775947960\n|switch|p2b: Incineroar|Incineroar, L50, F, shiny|100/100|[from] Volt Switch\n|-ability|p2b: Incineroar|Intimidate|boost\n|-unboost|p1a: Lucario|atk|1\n|\n|-weather|Snowscape|[upkeep]\n|upkeep\n|\n|t:|1775947965\n|switch|p1b: Basculegion|Basculegion, L50, M|100/100\n|turn|3\n|\n|t:|1775947977\n|move|p1a: Lucario|Protect|p1a: Lucario\n|-singleturn|p1a: Lucario|Protect\n|move|p1b: Basculegion|Wave Crash|p2b: Incineroar\n|-supereffective|p2b: Incineroar|1\n|-damage|p2b: Incineroar|0 fnt\n|faint|p2b: Incineroar\n|-damage|p1b: Basculegion|66/100|[from] Recoil\n|move|p2a: Ninetales|Aurora Veil|p2a: Ninetales\n|-sidestart|p2: Hykari|move: Aurora Veil\n|\n|-weather|Snowscape|[upkeep]\n|upkeep\n|\n|t:|1775947986\n|switch|p2b: Victreebel|Victreebel-Mega, L50, M, shiny|100/100\n|turn|4\n|\n|t:|1775948001\n|switch|p1a: Sinistcha|Sinistcha, L50|100/100\n|-heal|p1b: Basculegion|91/100|[from] ability: Hospitality|[of] p1a: Sinistcha\n|move|p1b: Basculegion|Wave Crash|p2a: Ninetales\n|-crit|p2a: Ninetales\n|-enditem|p2a: Ninetales|Focus Sash\n|-damage|p2a: Ninetales|1/100\n|-damage|p1b: Basculegion|66/100|[from] Recoil\n|move|p2a: Ninetales|Blizzard|p1a: Sinistcha|[spread] p1a,p1b\n|-supereffective|p1a: Sinistcha|1\n|-resisted|p1b: Basculegion|1\n|-damage|p1a: Sinistcha|34/100\n|-damage|p1b: Basculegion|48/100\n|-status|p1a: Sinistcha|frz\n|-enditem|p1a: Sinistcha|Sitrus Berry|[eat]\n|-heal|p1a: Sinistcha|59/100 frz|[from] item: Sitrus Berry\n|move|p2b: Victreebel|Energy Ball|p1b: Basculegion\n|-supereffective|p1b: Basculegion|1\n|-damage|p1b: Basculegion|0 fnt\n|faint|p1b: Basculegion\n|\n|-weather|Snowscape|[upkeep]\n|upkeep\n|\n|t:|1775948005\n|switch|p1b: Lucario|Lucario-Mega, L50, F|100/100\n|turn|5\n|inactive|Hykari has 30 seconds left.\n|\n|t:|1775948032\n|move|p1b: Lucario|Meteor Mash|p2b: Victreebel\n|-damage|p2b: Victreebel|41/100\n|move|p2a: Ninetales|Dazzling Gleam|p1b: Lucario|[spread] p1a,p1b\n|-damage|p1a: Sinistcha|35/100 frz\n|-damage|p1b: Lucario|60/100\n|move|p2b: Victreebel|Substitute|p2b: Victreebel\n|-start|p2b: Victreebel|Substitute\n|-damage|p2b: Victreebel|16/100\n|-curestatus|p1a: Sinistcha|frz|[from] move: Matcha Gotcha\n|move|p1a: Sinistcha|Matcha Gotcha|p2b: Victreebel|[spread] p2a,p2b\n|-resisted|p2b: Victreebel|2\n|-activate|p2b: Victreebel|move: Substitute|[damage]\n|-heal|p1a: Sinistcha|38/100|[from] drain|[of] p2b: Victreebel\n|-damage|p2a: Ninetales|0 fnt\n|-heal|p1a: Sinistcha|38/100|[from] drain|[of] p2a: Ninetales\n|faint|p2a: Ninetales\n|\n|-weather|Snowscape|[upkeep]\n|upkeep\n|\n|t:|1775948048\n|switch|p2a: Rotom|Rotom-Wash, L50|16/100\n|turn|6\n|\n|t:|1775948060\n|move|p1b: Lucario|Meteor Mash|p2b: Victreebel\n|-end|p2b: Victreebel|Substitute\n|move|p2b: Victreebel|Strength Sap|p1b: Lucario\n|-unboost|p1b: Lucario|atk|1\n|-heal|p2b: Victreebel|100/100\n|move|p2a: Rotom|Thunder Wave|p1b: Lucario\n|-status|p1b: Lucario|par\n|move|p1a: Sinistcha|Matcha Gotcha|p2b: Victreebel|[spread] p2a,p2b\n|-supereffective|p2a: Rotom|1\n|-resisted|p2b: Victreebel|2\n|-damage|p2a: Rotom|0 fnt\n|-heal|p1a: Sinistcha|46/100|[from] drain|[of] p2a: Rotom\n|-damage|p2b: Victreebel|96/100\n|-heal|p1a: Sinistcha|49/100|[from] drain|[of] p2b: Victreebel\n|faint|p2a: Rotom\n|\n|-weather|none\n|upkeep\n|turn|7\n|\n|t:|1775948076\n|move|p1a: Sinistcha|Rage Powder|p1a: Sinistcha\n|-singleturn|p1a: Sinistcha|move: Rage Powder\n|move|p2b: Victreebel|Sludge Bomb|p1a: Sinistcha\n|-damage|p1a: Sinistcha|0 fnt\n|faint|p1a: Sinistcha\n|move|p1b: Lucario|Meteor Mash|p2b: Victreebel|[miss]\n|-miss|p1b: Lucario|p2b: Victreebel\n|\n|-sideend|p2: Hykari|move: Aurora Veil\n|upkeep\n|turn|8\n|\n|t:|1775948084\n|move|p2b: Victreebel|Substitute|p2b: Victreebel\n|-start|p2b: Victreebel|Substitute\n|-damage|p2b: Victreebel|71/100\n|move|p1b: Lucario|Meteor Mash|p2b: Victreebel\n|-end|p2b: Victreebel|Substitute\n|\n|upkeep\n|turn|9\n|\n|t:|1775948091\n|move|p2b: Victreebel|Substitute|p2b: Victreebel\n|-start|p2b: Victreebel|Substitute\n|-damage|p2b: Victreebel|47/100\n|move|p1b: Lucario|Meteor Mash|p2b: Victreebel\n|-end|p2b: Victreebel|Substitute\n|\n|upkeep\n|turn|10\n|\n|t:|1775948098\n|move|p2b: Victreebel|Substitute|p2b: Victreebel\n|-start|p2b: Victreebel|Substitute\n|-damage|p2b: Victreebel|22/100\n|move|p1b: Lucario|Meteor Mash|p2b: Victreebel|[miss]\n|-miss|p1b: Lucario|p2b: Victreebel\n|\n|upkeep\n|turn|11\n|\n|t:|1775948107\n|cant|p1b: Lucario|par\n|move|p2b: Victreebel|Strength Sap|p1b: Lucario\n|-unboost|p1b: Lucario|atk|1\n|-heal|p2b: Victreebel|100/100\n|\n|upkeep\n|turn|12\n|-message|gamerninjaa forfeited.\n|\n|win|Hykari\n|raw|gamerninjaa's rating: 1095 &rarr; <strong>1072</strong><br />(-23 for losing)\n|raw|Hykari's rating: 1108 &rarr; <strong>1132</strong><br />(+24 for winning)\n|l|\u2606gamerninjaa\n|player|p1|\n",
  "uploadtime": 1775948118,
  "views": 32,
  "formatid": "gen9championsvgc2026regma",
  "rating": 1072,
  "private": 0,
  "password": null
}