{
  "id": "gen9championsvgc2026regma-2585063374",
  "format": "[Gen 9 Champions] VGC 2026 Reg M-A",
  "players": [
    "Coldblooded0706",
    "aceofspadesctg"
  ],
  "log": "|j|\u2606Coldblooded0706\n|j|\u2606aceofspadesctg\n|t:|1776308019\n|gametype|doubles\n|player|p1|Coldblooded0706|1|1227\n|player|p2|aceofspadesctg|2|1204\n|gen|9\n|tier|[Gen 9 Champions] VGC 2026 Reg M-A\n|rated|\n|rule|Species Clause: Limit one of each Pok\u00e9mon\n|rule|Item Clause: Limit 1 of each item\n|clearpoke\n|poke|p1|Whimsicott, L50, M|\n|poke|p1|Tyranitar, L50, M|\n|poke|p1|Excadrill, L50, F|\n|poke|p1|Rotom-Wash, L50|\n|poke|p1|Delphox, L50, F|\n|poke|p1|Farigiraf, L50, M|\n|poke|p2|Alakazam, L50, M|\n|poke|p2|Farigiraf, L50, F|\n|poke|p2|Ninetales-Alola, L50, M|\n|poke|p2|Kleavor, L50, F|\n|poke|p2|Whimsicott, L50, F|\n|poke|p2|Volcarona, L50, F|\n|teampreview|4\n|inactive|Battle timer is ON: inactive players will automatically lose when time's up. (requested by Coldblooded0706)\n|\n|t:|1776308048\n|teamsize|p1|4\n|teamsize|p2|4\n|start\n|switch|p1a: Rotom|Rotom-Wash, L50|100/100\n|switch|p1b: Excadrill|Excadrill, L50, F|100/100\n|switch|p2a: Farigiraf|Farigiraf, L50, F|100/100\n|switch|p2b: Kleavor|Kleavor, L50, F|100/100\n|turn|1\n|\n|t:|1776308061\n|move|p1a: Rotom|Volt Switch|p2b: Kleavor\n|-damage|p2b: Kleavor|43/100\n|\n|t:|1776308064\n|switch|p1a: Tyranitar|Tyranitar, L50, M|100/100|[from] Volt Switch\n|-weather|Sandstorm|[from] ability: Sand Stream|[of] p1a: Tyranitar\n|move|p1b: Excadrill|High Horsepower|p2b: Kleavor\n|-damage|p2b: Kleavor|0 fnt\n|faint|p2b: Kleavor\n|move|p2a: Farigiraf|Psychic Terrain|p2a: Farigiraf\n|-fieldstart|move: Psychic Terrain\n|\n|-weather|Sandstorm|[upkeep]\n|-damage|p2a: Farigiraf|94/100|[from] Sandstorm\n|upkeep\n|\n|t:|1776308073\n|switch|p2b: Alakazam|Alakazam, L50, M|100/100\n|turn|2\n|\n|t:|1776308089\n|switch|p1a: Rotom|Rotom-Wash, L50|100/100\n|switch|p2a: Ninetales|Ninetales-Alola, L50, M|100/100\n|-weather|Snowscape|[from] ability: Snow Warning|[of] p2a: Ninetales\n|detailschange|p2b: Alakazam|Alakazam-Mega, L50, M\n|-mega|p2b: Alakazam|Alakazam|Alakazite\n|-ability|p2b: Alakazam|Levitate|Trace|[from] ability: Trace|[of] p1a: Rotom\n|move|p2b: Alakazam|Focus Blast|p1a: Rotom\n|-damage|p1a: Rotom|22/100\n|-unboost|p1a: Rotom|spd|1\n|move|p1b: Excadrill|High Horsepower|p2b: Alakazam\n|-immune|p2b: Alakazam|[from] ability: Levitate\n|\n|-weather|Snowscape|[upkeep]\n|upkeep\n|turn|3\n|\n|t:|1776308109\n|switch|p1a: Tyranitar|Tyranitar, L50, M|100/100\n|-weather|Sandstorm|[from] ability: Sand Stream|[of] p1a: Tyranitar\n|move|p1b: Excadrill|Rock Slide|p2b: Alakazam|[spread] p2a,p2b\n|-supereffective|p2a: Ninetales|1\n|-damage|p2a: Ninetales|36/100\n|-damage|p2b: Alakazam|64/100\n|move|p2b: Alakazam|Expanding Force|p1a: Tyranitar\n|-immune|p1a: Tyranitar\n|move|p2a: Ninetales|Aurora Veil||[still]\n|-fail|p2a: Ninetales\n|\n|-weather|Sandstorm|[upkeep]\n|-damage|p2b: Alakazam|57/100|[from] Sandstorm\n|-damage|p2a: Ninetales|30/100|[from] Sandstorm\n|upkeep\n|turn|4\n|inactive|Coldblooded0706 has 30 seconds left.\n|inactive|aceofspadesctg has 30 seconds left.\n|\n|t:|1776308139\n|switch|p2a: Farigiraf|Farigiraf, L50, F|94/100\n|move|p2b: Alakazam|Protect|p2b: Alakazam\n|-singleturn|p2b: Alakazam|Protect\n|move|p1b: Excadrill|Rock Slide|p2b: Alakazam|[spread] p2a\n|-activate|p2b: Alakazam|move: Protect\n|-damage|p2a: Farigiraf|71/100\n|move|p1a: Tyranitar|Rock Slide|p2b: Alakazam|[spread] p2a\n|-activate|p2b: Alakazam|move: Protect\n|-damage|p2a: Farigiraf|38/100\n|-enditem|p2a: Farigiraf|Sitrus Berry|[eat]\n|-heal|p2a: Farigiraf|63/100|[from] item: Sitrus Berry\n|\n|-weather|Sandstorm|[upkeep]\n|-damage|p2b: Alakazam|51/100|[from] Sandstorm\n|-damage|p2a: Farigiraf|57/100|[from] Sandstorm\n|upkeep\n|turn|5\n|\n|t:|1776308160\n|switch|p2a: Ninetales|Ninetales-Alola, L50, M|30/100\n|-weather|Snowscape|[from] ability: Snow Warning|[of] p2a: Ninetales\n|detailschange|p1a: Tyranitar|Tyranitar-Mega, L50, M\n|-mega|p1a: Tyranitar|Tyranitar|Tyranitarite\n|-weather|Sandstorm|[from] ability: Sand Stream|[of] p1a: Tyranitar\n|move|p1b: Excadrill|Rock Slide|p2a: Ninetales|[spread] p2a\n|-miss|p1b: Excadrill|p2b: Alakazam\n|-supereffective|p2a: Ninetales|1\n|-damage|p2a: Ninetales|0 fnt\n|faint|p2a: Ninetales\n|move|p2b: Alakazam|Focus Blast|p1b: Excadrill|[miss]\n|-miss|p2b: Alakazam|p1b: Excadrill\n|move|p1a: Tyranitar|Rock Slide|p2b: Alakazam\n|-damage|p2b: Alakazam|0 fnt\n|faint|p2b: Alakazam\n|\n|-weather|Sandstorm|[upkeep]\n|-fieldend|move: Psychic Terrain\n|upkeep\n|-message|aceofspadesctg forfeited.\n|\n|win|Coldblooded0706\n|raw|Coldblooded0706's rating: 1227 &rarr; <strong>1250</strong><br />(+23 for winning)\n|raw|aceofspadesctg's rating: 1204 &rarr; <strong>1181</strong><br />(-23 for losing)\n|l|\u2606aceofspadesctg\n|player|p2|\n",
  "uploadtime": 1776308183,
  "views": 29,
  "formatid": "gen9championsvgc2026regma",
  "rating": 1181,
  "private": 0,
  "password": null
}