{
  "id": "gen9championsvgc2026regma-2581863023",
  "format": "[Gen 9 Champions] VGC 2026 Reg M-A",
  "players": [
    "The ShimonMaster",
    "Jenryk"
  ],
  "log": "|j|\u2606The ShimonMaster\n|j|\u2606Jenryk\n|t:|1776034693\n|gametype|doubles\n|player|p1|The ShimonMaster|ingo|1139\n|player|p2|Jenryk|265|1162\n|gen|9\n|tier|[Gen 9 Champions] VGC 2026 Reg M-A\n|rated|\n|rule|Species Clause: Limit one of each Pok\u00e9mon\n|rule|Item Clause: Limit 1 of each item\n|clearpoke\n|poke|p1|Froslass, L50, F|\n|poke|p1|Orthworm, L50, M|\n|poke|p1|Incineroar, L50, M|\n|poke|p1|Rotom-Wash, L50|\n|poke|p1|Aerodactyl, L50, M|\n|poke|p1|Floette-Eternal, L50, F|\n|poke|p2|Drampa, L50, F|\n|poke|p2|Farigiraf, L50, F|\n|poke|p2|Kingambit, L50, M|\n|poke|p2|Primarina, L50, F|\n|poke|p2|Incineroar, L50, F|\n|poke|p2|Torkoal, L50, F|\n|teampreview|4\n|\n|t:|1776034721\n|teamsize|p1|4\n|teamsize|p2|4\n|start\n|switch|p1a: Orthworm|Orthworm, L50, M|100/100\n|switch|p1b: Rotom|Rotom-Wash, L50|100/100\n|switch|p2a: Incineroar|Incineroar, L50, F, shiny|100/100\n|switch|p2b: Farigiraf|Farigiraf, L50, F|100/100\n|-ability|p2a: Incineroar|Intimidate|boost\n|-unboost|p1a: Orthworm|atk|1\n|-unboost|p1b: Rotom|atk|1\n|turn|1\n|inactive|Battle timer is ON: inactive players will automatically lose when time's up. (requested by The ShimonMaster)\n|inactive|Jenryk has 60 seconds left.\n|\n|t:|1776034754\n|move|p1b: Rotom|Hydro Pump|p2a: Incineroar\n|-supereffective|p2a: Incineroar|1\n|-damage|p2a: Incineroar|0 fnt\n|faint|p2a: Incineroar\n|move|p1a: Orthworm|Body Press|p2b: Farigiraf\n|-damage|p2b: Farigiraf|82/100\n|move|p2b: Farigiraf|Trick Room|p2b: Farigiraf\n|-fieldstart|move: Trick Room|[of] p2b: Farigiraf\n|\n|upkeep\n|\n|t:|1776034766\n|switch|p2a: Drampa|Drampa, L50, F, shiny|100/100\n|-ability|p2a: Drampa|Cloud Nine\n|turn|2\n|\n|t:|1776034782\n|move|p2a: Drampa|Flamethrower|p1a: Orthworm\n|-supereffective|p1a: Orthworm|1\n|-damage|p1a: Orthworm|27/100\n|-enditem|p1a: Orthworm|Sitrus Berry|[eat]\n|-heal|p1a: Orthworm|52/100|[from] item: Sitrus Berry\n|move|p2b: Farigiraf|Hyper Voice|p1a: Orthworm|[spread] p1a,p1b\n|-resisted|p1a: Orthworm|1\n|-crit|p1b: Rotom\n|-damage|p1a: Orthworm|38/100\n|-damage|p1b: Rotom|58/100\n|move|p1a: Orthworm|Body Press|p2a: Drampa\n|-supereffective|p2a: Drampa|1\n|-damage|p2a: Drampa|41/100\n|move|p1b: Rotom|Hydro Pump|p2b: Farigiraf\n|-damage|p2b: Farigiraf|30/100\n|\n|upkeep\n|turn|3\n|inactive|Jenryk has 30 seconds left.\n|\n|t:|1776034813\n|switch|p2b: Primarina|Primarina, L50, F, shiny|100/100\n|detailschange|p2a: Drampa|Drampa-Mega, L50, F, shiny\n|-mega|p2a: Drampa|Drampa|Drampanite\n|move|p1a: Orthworm|Protect|p1a: Orthworm\n|-singleturn|p1a: Orthworm|Protect\n|move|p2a: Drampa|Hyper Voice|p1a: Orthworm|[spread] p1b\n|-activate|p1a: Orthworm|move: Protect\n|-damage|p1b: Rotom|6/100\n|move|p1b: Rotom|Volt Switch|p2b: Primarina\n|-supereffective|p2b: Primarina|1\n|-damage|p2b: Primarina|55/100\n|\n|t:|1776034831\n|switch|p1b: Froslass|Froslass, L50, F|100/100|[from] Volt Switch\n|\n|-heal|p2b: Primarina|60/100|[from] item: Leftovers\n|upkeep\n|turn|4\n|\n|t:|1776034846\n|detailschange|p1b: Froslass|Froslass-Mega, L50, F\n|-mega|p1b: Froslass|Froslass|Froslassite\n|-weather|Snowscape|[from] ability: Snow Warning|[of] p1b: Froslass\n|move|p1b: Froslass|Protect|p1b: Froslass\n|-singleturn|p1b: Froslass|Protect\n|move|p2a: Drampa|Flamethrower|p1b: Froslass\n|-activate|p1b: Froslass|move: Protect\n|move|p2b: Primarina|Hyper Voice|p1b: Froslass|[spread] p1a\n|-activate|p1b: Froslass|move: Protect\n|-damage|p1a: Orthworm|0 fnt\n|faint|p1a: Orthworm\n|\n|-weather|Snowscape|[upkeep]\n|-heal|p2b: Primarina|66/100|[from] item: Leftovers\n|upkeep\n|\n|t:|1776034863\n|switch|p1a: Rotom|Rotom-Wash, L50|6/100\n|turn|5\n|\n|t:|1776034876\n|switch|p1b: Incineroar|Incineroar, L50, M|100/100\n|-ability|p1b: Incineroar|Intimidate|boost\n|-unboost|p2a: Drampa|atk|1\n|-unboost|p2b: Primarina|atk|1\n|move|p2a: Drampa|Flamethrower|p1b: Incineroar\n|-resisted|p1b: Incineroar|1\n|-damage|p1b: Incineroar|85/100\n|move|p2b: Primarina|Hyper Voice|p1a: Rotom|[spread] p1a,p1b\n|-resisted|p1a: Rotom|1\n|-crit|p1a: Rotom\n|-supereffective|p1b: Incineroar|1\n|-damage|p1a: Rotom|0 fnt\n|-damage|p1b: Incineroar|31/100\n|faint|p1a: Rotom\n|\n|-weather|Snowscape|[upkeep]\n|-heal|p2b: Primarina|72/100|[from] item: Leftovers\n|-fieldend|move: Trick Room\n|upkeep\n|\n|t:|1776034890\n|switch|p1a: Froslass|Froslass-Mega, L50, F|100/100\n|turn|6\n|\n|t:|1776034904\n|move|p1b: Incineroar|Fake Out|p2b: Primarina\n|-damage|p2b: Primarina|57/100\n|move|p1a: Froslass|Blizzard|p2a: Drampa|[spread] p2a,p2b\n|-supereffective|p2a: Drampa|1\n|-resisted|p2b: Primarina|1\n|-damage|p2a: Drampa|0 fnt\n|-damage|p2b: Primarina|40/100\n|faint|p2a: Drampa\n|cant|p2b: Primarina|flinch\n|\n|-weather|Snowscape|[upkeep]\n|-heal|p2b: Primarina|45/100|[from] item: Leftovers\n|upkeep\n|\n|t:|1776034914\n|switch|p2a: Farigiraf|Farigiraf, L50, F|30/100\n|turn|7\n|\n|t:|1776034922\n|move|p1a: Froslass|Shadow Ball|p2b: Primarina\n|-damage|p2b: Primarina|10/100\n|-unboost|p2b: Primarina|spd|1\n|move|p1b: Incineroar|Darkest Lariat|p2a: Farigiraf\n|-supereffective|p2a: Farigiraf|1\n|-damage|p2a: Farigiraf|0 fnt\n|faint|p2a: Farigiraf\n|move|p2b: Primarina|Hyper Voice|p1b: Incineroar|[spread] p1a,p1b\n|-supereffective|p1b: Incineroar|1\n|-damage|p1a: Froslass|53/100\n|-damage|p1b: Incineroar|0 fnt\n|faint|p1b: Incineroar\n|\n|-weather|Snowscape|[upkeep]\n|-heal|p2b: Primarina|15/100|[from] item: Leftovers\n|upkeep\n|turn|8\n|\n|t:|1776034941\n|move|p2b: Primarina|Protect|p2b: Primarina\n|-singleturn|p2b: Primarina|Protect\n|move|p1a: Froslass|Shadow Ball|p2b: Primarina\n|-activate|p2b: Primarina|move: Protect\n|\n|-weather|none\n|-heal|p2b: Primarina|21/100|[from] item: Leftovers\n|upkeep\n|turn|9\n|\n|t:|1776034950\n|move|p1a: Froslass|Shadow Ball|p2b: Primarina\n|-damage|p2b: Primarina|0 fnt\n|faint|p2b: Primarina\n|\n|win|The ShimonMaster\n|raw|The ShimonMaster's rating: 1139 &rarr; <strong>1166</strong><br />(+27 for winning)\n|raw|Jenryk's rating: 1162 &rarr; <strong>1135</strong><br />(-27 for losing)\n|c|\u2606Jenryk|gg\n",
  "uploadtime": 1776034955,
  "views": 19,
  "formatid": "gen9championsvgc2026regma",
  "rating": 1135,
  "private": 0,
  "password": null
}