{
  "id": "gen9championsvgc2026regma-2581429127",
  "format": "[Gen 9 Champions] VGC 2026 Reg M-A",
  "players": [
    "Mask4M",
    "mksgms"
  ],
  "log": "|j|\u2606Mask4M\n|j|\u2606mksgms\n|t:|1775999507\n|gametype|doubles\n|player|p1|Mask4M|102|1120\n|player|p2|mksgms|1|1217\n|gen|9\n|tier|[Gen 9 Champions] VGC 2026 Reg M-A\n|rated|\n|rule|Species Clause: Limit one of each Pok\u00e9mon\n|rule|Item Clause: Limit 1 of each item\n|clearpoke\n|poke|p1|Glimmora, L50, M|\n|poke|p1|Froslass, L50, F|\n|poke|p1|Sneasler, L50, M|\n|poke|p1|Incineroar, L50, M|\n|poke|p1|Whimsicott, L50, M|\n|poke|p1|Gyarados, L50, M|\n|poke|p2|Conkeldurr, L50, M|\n|poke|p2|Aurorus, L50, F|\n|poke|p2|Farigiraf, L50, F|\n|poke|p2|Incineroar, L50, F|\n|poke|p2|Drampa, L50, M|\n|poke|p2|Basculegion, L50, M|\n|teampreview|4\n|inactive|Battle timer is ON: inactive players will automatically lose when time's up. (requested by mksgms)\nMask4M has agreed to open team sheets.\n|inactive|Mask4M has 60 seconds left.\n|inactive|mksgms has 60 seconds left.\n|\n|t:|1775999564\n|teamsize|p1|4\n|teamsize|p2|4\n|start\n|switch|p1a: Sneasler|Sneasler, L50, M|100/100\n|switch|p1b: Gyarados|Gyarados, L50, M|100/100\n|switch|p2a: Basculegion|Basculegion, L50, M|100/100\n|switch|p2b: Farigiraf|Farigiraf, L50, F|100/100\n|-ability|p1b: Gyarados|Intimidate|boost\n|-unboost|p2a: Basculegion|atk|1\n|-unboost|p2b: Farigiraf|atk|1\n|turn|1\n|\n|t:|1775999587\n|switch|p1b: Incineroar|Incineroar, L50, M|100/100\n|-ability|p1b: Incineroar|Intimidate|boost\n|-unboost|p2a: Basculegion|atk|1\n|-unboost|p2b: Farigiraf|atk|1\n|move|p1a: Sneasler|Dire Claw|p2b: Farigiraf\n|-damage|p2b: Farigiraf|50/100\n|-enditem|p2b: Farigiraf|Sitrus Berry|[eat]\n|-heal|p2b: Farigiraf|75/100|[from] item: Sitrus Berry\n|move|p2a: Basculegion|Flip Turn|p1a: Sneasler\n|-damage|p1a: Sneasler|62/100\n|\n|t:|1775999603\n|switch|p2a: Aurorus|Aurorus, L50, F|100/100|[from] Flip Turn\n|move|p2b: Farigiraf|Trick Room|p2b: Farigiraf\n|-fieldstart|move: Trick Room|[of] p2b: Farigiraf\n|\n|upkeep\n|turn|2\n|inactive|mksgms has 30 seconds left.\n|\n|t:|1775999630\n|move|p1a: Sneasler|Protect|p1a: Sneasler\n|-singleturn|p1a: Sneasler|Protect\n|move|p2a: Aurorus|Ancient Power|p1b: Incineroar\n|-supereffective|p1b: Incineroar|1\n|-damage|p1b: Incineroar|43/100\n|-enditem|p1b: Incineroar|Sitrus Berry|[eat]\n|-heal|p1b: Incineroar|68/100|[from] item: Sitrus Berry\n|move|p1b: Incineroar|Throat Chop|p2b: Farigiraf\n|-supereffective|p2b: Farigiraf|1\n|-damage|p2b: Farigiraf|15/100\n|-start|p2b: Farigiraf|Throat Chop|[silent]\n|cant|p2b: Farigiraf|move: Throat Chop\n|\n|upkeep\n|turn|3\n|inactive|Mask4M has 30 seconds left.\n|inactive|mksgms has 30 seconds left.\n|\n|t:|1775999655\n|move|p2a: Aurorus|Ancient Power|p1b: Incineroar\n|-supereffective|p1b: Incineroar|1\n|-damage|p1b: Incineroar|14/100\n|move|p2b: Farigiraf|Psychic|p1a: Sneasler\n|-supereffective|p1a: Sneasler|2\n|-damage|p1a: Sneasler|0 fnt\n|faint|p1a: Sneasler\n|move|p1b: Incineroar|Throat Chop|p2b: Farigiraf\n|-supereffective|p2b: Farigiraf|1\n|-damage|p2b: Farigiraf|0 fnt\n|faint|p2b: Farigiraf\n|\n|upkeep\n|\n|t:|1775999667\n|switch|p2b: Incineroar|Incineroar, L50, F|100/100\n|switch|p1a: Glimmora|Glimmora, L50, M|100/100\n|-ability|p2b: Incineroar|Intimidate|boost\n|-unboost|p1a: Glimmora|atk|1\n|-unboost|p1b: Incineroar|atk|1\n|turn|4\n|\n|t:|1775999676\n|detailschange|p1a: Glimmora|Glimmora-Mega, L50, M\n|-mega|p1a: Glimmora|Glimmora|Glimmoranite\n|move|p1a: Glimmora|Spiky Shield|p1a: Glimmora\n|-singleturn|p1a: Glimmora|move: Protect\n|move|p2b: Incineroar|Fake Out|p1a: Glimmora\n|-activate|p1a: Glimmora|move: Protect\n|-damage|p2b: Incineroar|88/100|[from] Spiky Shield|[of] p1a: Glimmora\n|move|p2a: Aurorus|Hyper Voice|p1a: Glimmora|[spread] p1b\n|-activate|p1a: Glimmora|move: Protect\n|-resisted|p1b: Incineroar|1\n|-damage|p1b: Incineroar|0 fnt\n|faint|p1b: Incineroar\n|\n|-heal|p2b: Incineroar|94/100|[from] item: Leftovers\n|upkeep\n|\n|t:|1775999689\n|switch|p1b: Gyarados|Gyarados, L50, M|100/100\n|-ability|p1b: Gyarados|Intimidate|boost\n|-unboost|p2a: Aurorus|atk|1\n|-unboost|p2b: Incineroar|atk|1\n|turn|5\n|\n|t:|1775999713\n|move|p2a: Aurorus|Thunderbolt|p1b: Gyarados\n|-supereffective|p1b: Gyarados|2\n|-damage|p1b: Gyarados|19/100\n|move|p2b: Incineroar|Parting Shot|p1a: Glimmora\n|-unboost|p1a: Glimmora|atk|1\n|-unboost|p1a: Glimmora|spa|1\n|\n|t:|1775999720\n|switch|p2b: Basculegion|Basculegion, L50, M|100/100|[from] Parting Shot\n|move|p1b: Gyarados|Taunt|p2b: Basculegion\n|-start|p2b: Basculegion|move: Taunt\n|move|p1a: Glimmora|Power Gem|p2b: Basculegion\n|-damage|p2b: Basculegion|59/100\n|\n|-heal|p1b: Gyarados|25/100|[from] item: Leftovers\n|-fieldend|move: Trick Room\n|upkeep\n|turn|6\n|\n|t:|1775999740\n|move|p1a: Glimmora|Spiky Shield|p1a: Glimmora\n|-singleturn|p1a: Glimmora|move: Protect\n|move|p2b: Basculegion|Aqua Jet|p1b: Gyarados\n|-resisted|p1b: Gyarados|1\n|-damage|p1b: Gyarados|13/100\n|move|p1b: Gyarados|Waterfall|p2a: Aurorus\n|-supereffective|p2a: Aurorus|1\n|-damage|p2a: Aurorus|37/100\n|move|p2a: Aurorus|Hyper Voice|p1a: Glimmora|[spread] p1b\n|-activate|p1a: Glimmora|move: Protect\n|-damage|p1b: Gyarados|0 fnt\n|faint|p1b: Gyarados\n|\n|upkeep\n|turn|7\n|\n|t:|1775999762\n|move|p2b: Basculegion|Aqua Jet|p1a: Glimmora\n|-supereffective|p1a: Glimmora|1\n|-damage|p1a: Glimmora|42/100\n|move|p1a: Glimmora|Power Gem|p2a: Aurorus\n|-supereffective|p2a: Aurorus|1\n|-damage|p2a: Aurorus|0 fnt\n|faint|p2a: Aurorus\n|\n|-end|p2b: Basculegion|move: Taunt\n|upkeep\n|\n|t:|1775999771\n|switch|p2a: Incineroar|Incineroar, L50, F|94/100\n|-ability|p2a: Incineroar|Intimidate|boost\n|-unboost|p1a: Glimmora|atk|1\n|turn|8\n|-message|Mask4M forfeited.\n|\n|win|mksgms\n|raw|Mask4M's rating: 1120 &rarr; <strong>1102</strong><br />(-18 for losing)\n|raw|mksgms's rating: 1217 &rarr; <strong>1235</strong><br />(+18 for winning)\n",
  "uploadtime": 1775999778,
  "views": 25,
  "formatid": "gen9championsvgc2026regma",
  "rating": 1102,
  "private": 0,
  "password": null
}