{
  "id": "gen9championsvgc2026regma-2586142520",
  "format": "[Gen 9 Champions] VGC 2026 Reg M-A",
  "players": [
    "loklastaji",
    "monstermixmuffin"
  ],
  "log": "|j|\u2606loklastaji\n|j|\u2606monstermixmuffin\n|t:|1776404335\n|gametype|doubles\n|player|p1|loklastaji|170|1133\n|player|p2|monstermixmuffin|hanbei-conquest|1105\n|gen|9\n|tier|[Gen 9 Champions] VGC 2026 Reg M-A\n|rated|\n|rule|Species Clause: Limit one of each Pok\u00e9mon\n|rule|Item Clause: Limit 1 of each item\n|clearpoke\n|poke|p1|Samurott-Hisui, L50, M|\n|poke|p1|Delphox, L50, M|\n|poke|p1|Tinkaton, L50, F|\n|poke|p1|Decidueye-Hisui, L50, M|\n|poke|p1|Dragonite, L50, M|\n|poke|p1|Farigiraf, L50, M|\n|poke|p2|Beartic, L50, M|\n|poke|p2|Slowking, L50, F|\n|poke|p2|Crabominable, L50, F|\n|poke|p2|Basculegion, L50, M|\n|poke|p2|Kingambit, L50, F|\n|poke|p2|Mr. Rime, L50, F|\n|teampreview|4\nmonstermixmuffin rejected open team sheets.\n|\n|t:|1776404391\n|teamsize|p1|4\n|teamsize|p2|4\n|start\n|switch|p1a: Tinkaton|Tinkaton, L50, F|100/100\n|switch|p1b: Samurott|Samurott-Hisui, L50, M|100/100\n|switch|p2a: Slowking|Slowking, L50, F|100/100\n|switch|p2b: Crabominable|Crabominable, L50, F|100/100\n|turn|1\n|\n|t:|1776404418\n|switch|p2b: Mr. Rime|Mr. Rime, L50, F|100/100\n|move|p1a: Tinkaton|Fake Out|p2a: Slowking\n|-damage|p2a: Slowking|89/100\n|move|p1b: Samurott|Sacred Sword|p2b: Mr. Rime\n|-damage|p2b: Mr. Rime|49/100\n|cant|p2a: Slowking|flinch\n|\n|-heal|p2b: Mr. Rime|55/100|[from] item: Leftovers\n|upkeep\n|turn|2\n|\n|t:|1776404437\n|move|p2b: Mr. Rime|Fake Out|p1a: Tinkaton\n|-resisted|p1a: Tinkaton|1\n|-damage|p1a: Tinkaton|94/100\n|cant|p1a: Tinkaton|flinch\n|move|p1b: Samurott|Ceaseless Edge|p2a: Slowking\n|-supereffective|p2a: Slowking|1\n|-enditem|p2a: Slowking|Colbur Berry|[eat]\n|-enditem|p2a: Slowking|Colbur Berry|[weaken]\n|-damage|p2a: Slowking|39/100\n|-sidestart|p2: monstermixmuffin|Spikes\n|move|p2a: Slowking|Trick Room|p2a: Slowking\n|-fieldstart|move: Trick Room|[of] p2a: Slowking\n|\n|-heal|p2b: Mr. Rime|61/100|[from] item: Leftovers\n|upkeep\n|turn|3\n|\n|t:|1776404458\n|move|p1b: Samurott|Sucker Punch||[still]\n|-fail|p1b: Samurott\n|-prepare|p2a: Slowking|Chilly Reception|[premajor]\n|move|p2a: Slowking|Chilly Reception|p2a: Slowking\n|-weather|Snowscape\n|\n|t:|1776404469\n|switch|p2a: Crabominable|Crabominable, L50, F|100/100|[from] Chilly Reception\n|-damage|p2a: Crabominable|88/100|[from] Spikes\n|move|p2b: Mr. Rime|Thunderbolt|p1b: Samurott\n|-supereffective|p1b: Samurott|1\n|-damage|p1b: Samurott|8/100\n|move|p1a: Tinkaton|Gigaton Hammer|p2b: Mr. Rime\n|-supereffective|p2b: Mr. Rime|1\n|-damage|p2b: Mr. Rime|0 fnt\n|faint|p2b: Mr. Rime\n|\n|-weather|Snowscape|[upkeep]\n|upkeep\n|\n|t:|1776404478\n|switch|p2b: Kingambit|Kingambit, L50, F|100/100\n|-damage|p2b: Kingambit|88/100|[from] Spikes\n|turn|4\n|\n|t:|1776404498\n|switch|p1b: Farigiraf|Farigiraf, L50, M|100/100\n|switch|p1a: Delphox|Delphox, L50, M|100/100\n|detailschange|p2a: Crabominable|Crabominable-Mega, L50, F\n|-mega|p2a: Crabominable|Crabominable|Crabominite\n|move|p2a: Crabominable|Rock Slide|p1b: Farigiraf|[spread] p1a,p1b\n|-supereffective|p1a: Delphox|1\n|-damage|p1a: Delphox|24/100\n|-damage|p1b: Farigiraf|78/100\n|move|p2b: Kingambit|Iron Head|p1a: Delphox\n|-resisted|p1a: Delphox|1\n|-damage|p1a: Delphox|0 fnt\n|faint|p1a: Delphox\n|\n|-weather|Snowscape|[upkeep]\n|upkeep\n|\n|t:|1776404516\n|switch|p1a: Tinkaton|Tinkaton, L50, F|94/100\n|turn|5\n|\n|t:|1776404532\n|move|p2a: Crabominable|Protect|p2a: Crabominable\n|-singleturn|p2a: Crabominable|Protect\n|move|p1a: Tinkaton|Fake Out|p2b: Kingambit\n|-resisted|p2b: Kingambit|1\n|-damage|p2b: Kingambit|85/100\n|cant|p2b: Kingambit|flinch\n|move|p1b: Farigiraf|Expanding Force|p2a: Crabominable\n|-activate|p2a: Crabominable|move: Protect\n|\n|-weather|Snowscape|[upkeep]\n|upkeep\n|turn|6\n|\n|t:|1776404552\n|move|p1b: Farigiraf|Protect|p1b: Farigiraf\n|-singleturn|p1b: Farigiraf|Protect\n|move|p1a: Tinkaton|Protect|p1a: Tinkaton\n|-singleturn|p1a: Tinkaton|Protect\n|move|p2a: Crabominable|Close Combat|p1a: Tinkaton\n|-activate|p1a: Tinkaton|move: Protect\n|move|p2b: Kingambit|Kowtow Cleave|p1b: Farigiraf\n|-activate|p1b: Farigiraf|move: Protect\n|\n|-weather|Snowscape|[upkeep]\n|-fieldend|move: Trick Room\n|upkeep\n|turn|7\n|\n|t:|1776404587\n|move|p1a: Tinkaton|Play Rough|p2b: Kingambit\n|-damage|p2b: Kingambit|59/100\n|move|p1b: Farigiraf|Expanding Force|p2a: Crabominable\n|-supereffective|p2a: Crabominable|1\n|-damage|p2a: Crabominable|17/100\n|move|p2b: Kingambit|Iron Head|p1a: Tinkaton\n|-damage|p1a: Tinkaton|30/100\n|move|p2a: Crabominable|Close Combat|p1a: Tinkaton\n|-damage|p1a: Tinkaton|0 fnt\n|-unboost|p2a: Crabominable|def|1\n|-unboost|p2a: Crabominable|spd|1\n|faint|p1a: Tinkaton\n|\n|-weather|none\n|upkeep\n|\n|t:|1776404604\n|switch|p1a: Samurott|Samurott-Hisui, L50, M|8/100\n|turn|8\n|\n|t:|1776404630\n|move|p2b: Kingambit|Sucker Punch||[still]\n|cant|p1b: Farigiraf|ability: Armor Tail|Sucker Punch|[of] p2b: Kingambit\n|move|p1a: Samurott|Sacred Sword|p2b: Kingambit\n|-supereffective|p2b: Kingambit|2\n|-damage|p2b: Kingambit|0 fnt\n|faint|p2b: Kingambit\n|move|p1b: Farigiraf|Expanding Force|p2a: Crabominable\n|-supereffective|p2a: Crabominable|1\n|-damage|p2a: Crabominable|0 fnt\n|faint|p2a: Crabominable\n|\n|upkeep\n|\n|t:|1776404634\n|switch|p2b: Slowking|Slowking, L50, F|39/100\n|-damage|p2b: Slowking|26/100|[from] Spikes\n|turn|9\n|c|\u2606monstermixmuffin|gg\n|\n|t:|1776404649\n|move|p1a: Samurott|Ceaseless Edge|p2b: Slowking\n|-supereffective|p2b: Slowking|1\n|-damage|p2b: Slowking|0 fnt\n|-sidestart|p2: monstermixmuffin|Spikes\n|faint|p2b: Slowking\n|\n|win|loklastaji\n|raw|loklastaji's rating: 1133 &rarr; <strong>1156</strong><br />(+23 for winning)\n|raw|monstermixmuffin's rating: 1105 &rarr; <strong>1082</strong><br />(-23 for losing)\n",
  "uploadtime": 1776404655,
  "views": 17,
  "formatid": "gen9championsvgc2026regma",
  "rating": 1082,
  "private": 0,
  "password": null
}