{
  "id": "gen9championsvgc2026regma-2584980127",
  "format": "[Gen 9 Champions] VGC 2026 Reg M-A",
  "players": [
    "F14ppy6ird",
    "jeffersonlandin"
  ],
  "log": "|j|\u2606F14ppy6ird\n|j|\u2606jeffersonlandin\n|t:|1776300214\n|gametype|doubles\n|player|p1|F14ppy6ird|265|1000\n|player|p2|jeffersonlandin|2|1019\n|gen|9\n|tier|[Gen 9 Champions] VGC 2026 Reg M-A\n|rated|\n|rule|Species Clause: Limit one of each Pok\u00e9mon\n|rule|Item Clause: Limit 1 of each item\n|clearpoke\n|poke|p1|Gardevoir, L50, F|\n|poke|p1|Sinistcha, L50|\n|poke|p1|Rotom-Wash, L50|\n|poke|p1|Corviknight, L50, M|\n|poke|p1|Arcanine, L50, M|\n|poke|p1|Clefable, L50, F|\n|poke|p2|Starmie, L50|\n|poke|p2|Pelipper, L50, M|\n|poke|p2|Incineroar, L50, F|\n|poke|p2|Sinistcha, L50|\n|poke|p2|Archaludon, L50, F|\n|poke|p2|Kangaskhan, L50, F|\n|teampreview|4\n|\n|t:|1776300253\n|teamsize|p1|4\n|teamsize|p2|4\n|start\n|switch|p1a: Shield|Corviknight, L50, M, shiny|100/100\n|switch|p1b: Dress|Gardevoir, L50, F, shiny|100/100\n|switch|p2a: Starmie|Starmie, L50|100/100\n|switch|p2b: Sinistcha|Sinistcha, L50|100/100\n|-ability|p1b: Dress|Natural Cure|Trace|[from] ability: Trace|[of] p2a: Starmie\n|turn|1\n|\n|t:|1776300285\n|detailschange|p2a: Starmie|Starmie-Mega, L50\n|-mega|p2a: Starmie|Starmie|Starminite\n|detailschange|p1b: Dress|Gardevoir-Mega, L50, F, shiny\n|-mega|p1b: Dress|Gardevoir|Gardevoirite\n|move|p2a: Starmie|Aqua Jet|p1b: Dress\n|-damage|p1b: Dress|46/100\n|move|p1b: Dress|Psychic|p2b: Sinistcha\n|-damage|p2b: Sinistcha|23/100\n|move|p2b: Sinistcha|Calm Mind|p2b: Sinistcha\n|-boost|p2b: Sinistcha|spa|1\n|-boost|p2b: Sinistcha|spd|1\n|move|p1a: Shield|Tailwind|p1a: Shield\n|-sidestart|p1: F14ppy6ird|move: Tailwind\n|\n|upkeep\n|turn|2\n|\n|t:|1776300303\n|move|p1b: Dress|Protect|p1b: Dress\n|-singleturn|p1b: Dress|Protect\n|move|p2a: Starmie|Aqua Jet|p1b: Dress\n|-activate|p1b: Dress|move: Protect\n|move|p1a: Shield|Iron Defense|p1a: Shield\n|-boost|p1a: Shield|def|2\n|move|p2b: Sinistcha|Matcha Gotcha|p1a: Shield|[spread] p1a\n|-activate|p1b: Dress|move: Protect\n|-resisted|p1a: Shield|2\n|-damage|p1a: Shield|92/100\n|-heal|p2b: Sinistcha|29/100|[from] drain|[of] p1a: Shield\n|-status|p1a: Shield|brn\n|\n|-damage|p1a: Shield|86/100 brn|[from] brn\n|upkeep\n|turn|3\n|\n|t:|1776300327\n|switch|p1b: Star|Clefable, L50, F, shiny|100/100\n|move|p2b: Sinistcha|Protect|p2b: Sinistcha\n|-singleturn|p2b: Sinistcha|Protect\n|move|p2a: Starmie|Aqua Jet|p1b: Star\n|-damage|p1b: Star|67/100\n|move|p1a: Shield|Iron Head|p2b: Sinistcha\n|-activate|p2b: Sinistcha|move: Protect\n|\n|-heal|p1b: Star|73/100|[from] item: Leftovers\n|-damage|p1a: Shield|80/100 brn|[from] brn\n|upkeep\n|turn|4\n|\n|t:|1776300351\n|move|p1a: Shield|Iron Head|p2b: Sinistcha\n|-damage|p2b: Sinistcha|16/100\n|-heal|p1a: Shield|81/100 brn|[from] item: Shell Bell|[of] p2b: Sinistcha\n|move|p2a: Starmie|Zen Headbutt|p1b: Star\n|-damage|p1b: Star|6/100\n|cant|p1b: Star|flinch\n|move|p2b: Sinistcha|Matcha Gotcha|p1a: Shield|[spread] p1a,p1b\n|-resisted|p1a: Shield|2\n|-damage|p1a: Shield|72/100 brn\n|-heal|p2b: Sinistcha|22/100|[from] drain|[of] p1a: Shield\n|-damage|p1b: Star|0 fnt\n|-heal|p2b: Sinistcha|26/100|[from] drain|[of] p1b: Star\n|faint|p1b: Star\n|\n|-damage|p1a: Shield|66/100 brn|[from] brn\n|-sideend|p1: F14ppy6ird|move: Tailwind\n|upkeep\n|\n|t:|1776300369\n|switch|p1b: Tasty tea|Sinistcha, L50|100/100\n|-heal|p1a: Shield|91/100 brn|[from] ability: Hospitality|[of] p1b: Tasty tea\n|turn|5\n|\n|t:|1776300390\n|move|p2a: Starmie|Zen Headbutt|p1b: Tasty tea\n|-damage|p1b: Tasty tea|42/100\n|move|p2b: Sinistcha|Calm Mind|p2b: Sinistcha\n|-boost|p2b: Sinistcha|spa|1\n|-boost|p2b: Sinistcha|spd|1\n|move|p1b: Tasty tea|Matcha Gotcha|p2a: Starmie|[spread] p2a,p2b\n|-supereffective|p2a: Starmie|1\n|-resisted|p2b: Sinistcha|1\n|-damage|p2a: Starmie|32/100\n|-heal|p1b: Tasty tea|67/100|[from] drain|[of] p2a: Starmie\n|-damage|p2b: Sinistcha|16/100\n|-heal|p1b: Tasty tea|72/100|[from] drain|[of] p2b: Sinistcha\n|-status|p2b: Sinistcha|brn\n|move|p1a: Shield|Tailwind|p1a: Shield\n|-sidestart|p1: F14ppy6ird|move: Tailwind\n|\n|-damage|p1a: Shield|85/100 brn|[from] brn\n|-damage|p2b: Sinistcha|10/100 brn|[from] brn\n|upkeep\n|turn|6\n|\n|t:|1776300418\n|move|p1b: Tasty tea|Matcha Gotcha|p2b: Sinistcha|[spread] p2a,p2b\n|-supereffective|p2a: Starmie|1\n|-crit|p2a: Starmie\n|-resisted|p2b: Sinistcha|1\n|-damage|p2a: Starmie|0 fnt\n|-heal|p1b: Tasty tea|84/100|[from] drain|[of] p2a: Starmie\n|-damage|p2b: Sinistcha|1/100 brn\n|-heal|p1b: Tasty tea|88/100|[from] drain|[of] p2b: Sinistcha\n|faint|p2a: Starmie\n|move|p1a: Shield|Iron Head|p2b: Sinistcha\n|-damage|p2b: Sinistcha|0 fnt\n|faint|p2b: Sinistcha\n|-heal|p1a: Shield|86/100 brn|[from] item: Shell Bell|[of] p2: Sinistcha\n|\n|-damage|p1a: Shield|80/100 brn|[from] brn\n|upkeep\n|\n|t:|1776300434\n|switch|p2a: Incineroar|Incineroar, L50, F|100/100\n|switch|p2b: Archaludon|Archaludon, L50, F|100/100\n|turn|7\n|\n|t:|1776300453\n|move|p2a: Incineroar|Fake Out|p1b: Tasty tea\n|-immune|p1b: Tasty tea\n|move|p1b: Tasty tea|Scald|p2a: Incineroar\n|-supereffective|p2a: Incineroar|1\n|-damage|p2a: Incineroar|48/100\n|move|p1a: Shield|Body Press|p2b: Archaludon\n|-supereffective|p2b: Archaludon|1\n|-damage|p2b: Archaludon|65/100\n|-ability|p2b: Archaludon|Stamina|boost\n|-boost|p2b: Archaludon|def|1\n|-heal|p1a: Shield|83/100 brn|[from] item: Shell Bell|[of] p2b: Archaludon\n|move|p2b: Archaludon|Electro Shot||[still]\n|-prepare|p2b: Archaludon|Electro Shot\n|-boost|p2b: Archaludon|spa|1\n|\n|-heal|p2a: Incineroar|54/100|[from] item: Leftovers\n|-damage|p1a: Shield|78/100 brn|[from] brn\n|upkeep\n|turn|8\n|\n|t:|1776300485\n|move|p1b: Tasty tea|Scald|p2a: Incineroar\n|-supereffective|p2a: Incineroar|1\n|-damage|p2a: Incineroar|4/100\n|move|p1a: Shield|Body Press|p2b: Archaludon\n|-supereffective|p2b: Archaludon|1\n|-damage|p2b: Archaludon|39/100\n|-ability|p2b: Archaludon|Stamina|boost\n|-boost|p2b: Archaludon|def|1\n|-heal|p1a: Shield|80/100 brn|[from] item: Shell Bell|[of] p2b: Archaludon\n|move|p2b: Archaludon|Electro Shot|p1a: Shield|[from] lockedmove\n|-supereffective|p1a: Shield|1\n|-damage|p1a: Shield|0 fnt\n|faint|p1a: Shield\n|move|p2a: Incineroar|Blaze Kick|p1b: Tasty tea\n|-supereffective|p1b: Tasty tea|1\n|-damage|p1b: Tasty tea|0 fnt\n|faint|p1b: Tasty tea\n|\n|-heal|p2a: Incineroar|10/100|[from] item: Leftovers\n|-sideend|p1: F14ppy6ird|move: Tailwind\n|upkeep\n|\n|t:|1776300521\n|switch|p1b: Dress|Gardevoir-Mega, L50, F, shiny|46/100\n|turn|9\n|\n|t:|1776300541\n|move|p2b: Archaludon|Aura Sphere|p1b: Dress\n|-resisted|p1b: Dress|2\n|-damage|p1b: Dress|39/100\n|move|p1b: Dress|Hyper Voice|p2a: Incineroar|[spread] p2a,p2b\n|-damage|p2a: Incineroar|0 fnt\n|-damage|p2b: Archaludon|0 fnt\n|faint|p2a: Incineroar\n|faint|p2b: Archaludon\n|\n|win|F14ppy6ird\n|raw|F14ppy6ird's rating: 1000 &rarr; <strong>1042</strong><br />(+42 for winning)\n|raw|jeffersonlandin's rating: 1019 &rarr; <strong>1005</strong><br />(-14 for losing)\n|l|\u2606jeffersonlandin\n|player|p2|\n",
  "uploadtime": 1776300613,
  "views": 27,
  "formatid": "gen9championsvgc2026regma",
  "rating": 1005,
  "private": 0,
  "password": null
}