{
  "id": "gen9championsvgc2026regma-2582273120",
  "format": "[Gen 9 Champions] VGC 2026 Reg M-A",
  "players": [
    "evokenz",
    "diestehlampe"
  ],
  "log": "|j|\u2606evokenz\n|j|\u2606diestehlampe\n|t:|1776078570\n|gametype|doubles\n|player|p1|evokenz|265|1190\n|player|p2|diestehlampe|gambler|1255\n|gen|9\n|tier|[Gen 9 Champions] VGC 2026 Reg M-A\n|rated|\n|rule|Species Clause: Limit one of each Pok\u00e9mon\n|rule|Item Clause: Limit 1 of each item\n|clearpoke\n|poke|p1|Dragapult, L50, F|\n|poke|p1|Sneasler, L50, F|\n|poke|p1|Incineroar, L50, F|\n|poke|p1|Maushold, L50|\n|poke|p1|Floette-Eternal, L50, F|\n|poke|p1|Kingambit, L50, M|\n|poke|p2|Manectric, L50, F|\n|poke|p2|Scizor, L50, M|\n|poke|p2|Pelipper, L50, F|\n|poke|p2|Basculegion, L50, M|\n|poke|p2|Incineroar, L50, M|\n|poke|p2|Sinistcha, L50|\n|teampreview|4\n|inactive|Battle timer is ON: inactive players will automatically lose when time's up. (requested by diestehlampe)\nevokenz has agreed to open team sheets.\n|\n|t:|1776078599\n|teamsize|p1|4\n|teamsize|p2|4\n|start\n|switch|p1a: Dragapult|Dragapult, L50, F|100/100\n|switch|p1b: Incineroar|Incineroar, L50, F|100/100\n|switch|p2a: Scizor|Scizor, L50, M|100/100\n|switch|p2b: Pelipper|Pelipper, L50, F|100/100\n|-weather|RainDance|[from] ability: Drizzle|[of] p2b: Pelipper\n|-ability|p1b: Incineroar|Intimidate|boost\n|-unboost|p2a: Scizor|atk|1\n|-unboost|p2b: Pelipper|atk|1\n|turn|1\n|\n|t:|1776078623\n|detailschange|p2a: Scizor|Scizor-Mega, L50, M\n|-mega|p2a: Scizor|Scizor|Scizorite\n|move|p1b: Incineroar|Fake Out|p2b: Pelipper\n|-damage|p2b: Pelipper|83/100\n|move|p1a: Dragapult|Will-O-Wisp|p2a: Scizor\n|-status|p2a: Scizor|brn\n|cant|p2b: Pelipper|flinch\n|move|p2a: Scizor|Swords Dance|p2a: Scizor\n|-boost|p2a: Scizor|atk|2\n|\n|-weather|RainDance|[upkeep]\n|-damage|p2a: Scizor|94/100 brn|[from] brn\n|upkeep\n|turn|2\n|\n|t:|1776078642\n|move|p1a: Dragapult|Shadow Ball|p2b: Pelipper\n|-damage|p2b: Pelipper|21/100\n|-unboost|p2b: Pelipper|spd|1\n|move|p2b: Pelipper|Weather Ball|p1b: Incineroar\n|-supereffective|p1b: Incineroar|1\n|-damage|p1b: Incineroar|0 fnt\n|faint|p1b: Incineroar\n|move|p2a: Scizor|Swords Dance|p2a: Scizor\n|-boost|p2a: Scizor|atk|2\n|\n|-weather|RainDance|[upkeep]\n|-damage|p2a: Scizor|88/100 brn|[from] brn\n|upkeep\n|\n|t:|1776078654\n|switch|p1b: Maushold|Maushold, L50|100/100\n|turn|3\n|\n|t:|1776078670\n|switch|p2b: Incineroar|Incineroar, L50, M|100/100\n|-ability|p2b: Incineroar|Intimidate|boost\n|-fail|p1a: Dragapult|unboost|[from] ability: Clear Body|[of] p1a: Dragapult\n|-unboost|p1b: Maushold|atk|1\n|move|p2a: Scizor|Bullet Punch|p1b: Maushold\n|-damage|p1b: Maushold|60/100\n|move|p1a: Dragapult|Shadow Ball|p2a: Scizor\n|-damage|p2a: Scizor|61/100 brn\n|-unboost|p2a: Scizor|spd|1\n|move|p1b: Maushold|Thunder Wave|p2b: Incineroar\n|-status|p2b: Incineroar|par\n|\n|-weather|RainDance|[upkeep]\n|-damage|p2a: Scizor|55/100 brn|[from] brn\n|upkeep\n|turn|4\n|\n|t:|1776078691\n|move|p1b: Maushold|Helping Hand|p1a: Dragapult\n|-singleturn|p1a: Dragapult|Helping Hand|[of] p1b: Maushold\n|move|p1a: Dragapult|Shadow Ball|p2a: Scizor\n|-damage|p2a: Scizor|2/100 brn\n|move|p2a: Scizor|Roost|p2a: Scizor\n|-heal|p2a: Scizor|52/100 brn\n|-singleturn|p2a: Scizor|move: Roost\n|move|p2b: Incineroar|Throat Chop|p1a: Dragapult\n|-supereffective|p1a: Dragapult|1\n|-damage|p1a: Dragapult|45/100\n|-start|p1a: Dragapult|Throat Chop|[silent]\n|\n|-weather|RainDance|[upkeep]\n|-damage|p2a: Scizor|46/100 brn|[from] brn\n|upkeep\n|turn|5\n|\n|t:|1776078710\n|move|p1b: Maushold|Helping Hand|p1a: Dragapult\n|-singleturn|p1a: Dragapult|Helping Hand|[of] p1b: Maushold\n|move|p2a: Scizor|Bullet Punch|p1a: Dragapult\n|-damage|p1a: Dragapult|13/100\n|move|p1a: Dragapult|Shadow Ball|p2a: Scizor\n|-damage|p2a: Scizor|0 fnt\n|faint|p2a: Scizor\n|cant|p2b: Incineroar|par\n|\n|-weather|none\n|-end|p1a: Dragapult|Throat Chop|[silent]\n|upkeep\n|\n|t:|1776078720\n|switch|p2a: Basculegion|Basculegion, L50, M|100/100\n|turn|6\n|\n|t:|1776078728\n|switch|p2b: Pelipper|Pelipper, L50, F|21/100\n|-weather|RainDance|[from] ability: Drizzle|[of] p2b: Pelipper\n|move|p1b: Maushold|Helping Hand|p1a: Dragapult\n|-singleturn|p1a: Dragapult|Helping Hand|[of] p1b: Maushold\n|move|p2a: Basculegion|Flip Turn|p1a: Dragapult\n|-resisted|p1a: Dragapult|1\n|-damage|p1a: Dragapult|0 fnt\n|faint|p1a: Dragapult\n|\n|t:|1776078737\n|switch|p2a: Incineroar|Incineroar, L50, M|100/100 par|[from] Flip Turn\n|-ability|p2a: Incineroar|Intimidate|boost\n|-unboost|p1b: Maushold|atk|1\n|\n|-weather|RainDance|[upkeep]\n|upkeep\n|\n|t:|1776078743\n|switch|p1a: Floette|Floette-Eternal, L50, F|100/100\n|turn|7\n|\n|t:|1776078766\n|detailschange|p1a: Floette|Floette-Mega, L50, F\n|-mega|p1a: Floette|Floette|Floettite\n|-ability|p1a: Floette|Fairy Aura\n|move|p1b: Maushold|Follow Me|p1b: Maushold\n|-singleturn|p1b: Maushold|move: Follow Me\n|move|p2b: Pelipper|Hurricane|p1b: Maushold\n|-damage|p1b: Maushold|0 fnt\n|faint|p1b: Maushold\n|move|p1a: Floette|Calm Mind|p1a: Floette\n|-boost|p1a: Floette|spa|1\n|-boost|p1a: Floette|spd|1\n|move|p2a: Incineroar|Parting Shot|p1a: Floette\n|-unboost|p1a: Floette|atk|1\n|-unboost|p1a: Floette|spa|1\n|\n|t:|1776078779\n|switch|p2a: Basculegion|Basculegion, L50, M|100/100|[from] Parting Shot\n|\n|-weather|RainDance|[upkeep]\n|upkeep\n|turn|8\n|\n|t:|1776078787\n|move|p2a: Basculegion|Wave Crash|p1a: Floette\n|-damage|p1a: Floette|0 fnt\n|faint|p1a: Floette\n|-damage|p2a: Basculegion|70/100|[from] Recoil\n|\n|win|diestehlampe\n|raw|evokenz's rating: 1190 &rarr; <strong>1170</strong><br />(-20 for losing)\n|raw|diestehlampe's rating: 1255 &rarr; <strong>1275</strong><br />(+20 for winning)\n",
  "uploadtime": 1776078787,
  "views": 13,
  "formatid": "gen9championsvgc2026regma",
  "rating": 1170,
  "private": 0,
  "password": null
}