{
  "id": "gen9championsvgc2026regma-2581393012",
  "format": "[Gen 9 Champions] VGC 2026 Reg M-A",
  "players": [
    "Douglas Viana",
    "soulo333"
  ],
  "log": "|j|\u2606Douglas Viana\n|j|\u2606soulo333\n|t:|1775995612\n|gametype|doubles\n|player|p1|Douglas Viana|juan|1230\n|player|p2|soulo333|2|1142\n|gen|9\n|tier|[Gen 9 Champions] VGC 2026 Reg M-A\n|rated|\n|rule|Species Clause: Limit one of each Pok\u00e9mon\n|rule|Item Clause: Limit 1 of each item\n|clearpoke\n|poke|p1|Garchomp, L50, M|\n|poke|p1|Froslass, L50, F|\n|poke|p1|Kingambit, L50, M|\n|poke|p1|Sneasler, L50, F|\n|poke|p1|Talonflame, L50, F|\n|poke|p1|Milotic, L50, F|\n|poke|p2|Charizard, L50, F|\n|poke|p2|Kingambit, L50, F|\n|poke|p2|Rotom-Wash, L50|\n|poke|p2|Sinistcha, L50|\n|poke|p2|Ninetales-Alola, L50, F|\n|poke|p2|Sneasler, L50, M|\n|teampreview|4\n|inactive|Battle timer is ON: inactive players will automatically lose when time's up. (requested by Douglas Viana)\n|\n|t:|1775995634\n|teamsize|p1|4\n|teamsize|p2|4\n|start\n|switch|p1a: Talonflame|Talonflame, L50, F|100/100\n|switch|p1b: Sneasler|Sneasler, L50, F|100/100\n|switch|p2a: Ninetales|Ninetales-Alola, L50, F|100/100\n|switch|p2b: Charizard|Charizard, L50, F|100/100\n|-weather|Snowscape|[from] ability: Snow Warning|[of] p2a: Ninetales\n|turn|1\n|\n|t:|1775995650\n|detailschange|p2b: Charizard|Charizard-Mega-X, L50, F\n|-mega|p2b: Charizard|Charizard|Charizardite X\n|move|p1a: Talonflame|Tailwind|p1a: Talonflame\n|-sidestart|p1: Douglas Viana|move: Tailwind\n|move|p1b: Sneasler|Dire Claw|p2a: Ninetales\n|-supereffective|p2a: Ninetales|1\n|-damage|p2a: Ninetales|15/100\n|move|p2a: Ninetales|Blizzard|p1a: Talonflame|[spread] p1a,p1b\n|-damage|p1a: Talonflame|53/100\n|-damage|p1b: Sneasler|65/100\n|move|p2b: Charizard|Dragon Dance|p2b: Charizard\n|-boost|p2b: Charizard|atk|1\n|-boost|p2b: Charizard|spe|1\n|\n|-weather|Snowscape|[upkeep]\n|upkeep\n|turn|2\n|inactive|soulo333 has 30 seconds left.\n|\n|t:|1775995676\n|switch|p2a: Sneasler|Sneasler, L50, M|100/100\n|move|p1b: Sneasler|Close Combat|p2b: Charizard\n|-damage|p2b: Charizard|44/100\n|-unboost|p1b: Sneasler|def|1\n|-unboost|p1b: Sneasler|spd|1\n|move|p1a: Talonflame|Brave Bird|p2b: Charizard\n|-damage|p2b: Charizard|0 fnt\n|faint|p2b: Charizard\n|-damage|p1a: Talonflame|37/100|[from] Recoil\n|\n|-weather|Snowscape|[upkeep]\n|upkeep\n|\n|t:|1775995690\n|switch|p2b: Kingambit|Kingambit, L50, F|100/100\n|turn|3\n|\n|t:|1775995704\n|move|p2b: Kingambit|Sucker Punch|p1a: Talonflame\n|-damage|p1a: Talonflame|0 fnt\n|faint|p1a: Talonflame\n|move|p1b: Sneasler|Close Combat|p2b: Kingambit\n|-supereffective|p2b: Kingambit|2\n|-enditem|p2b: Kingambit|Chople Berry|[eat]\n|-enditem|p2b: Kingambit|Chople Berry|[weaken]\n|-damage|p2b: Kingambit|6/100\n|-unboost|p1b: Sneasler|def|1\n|-unboost|p1b: Sneasler|spd|1\n|move|p2a: Sneasler|Close Combat|p1b: Sneasler\n|-resisted|p1b: Sneasler|1\n|-damage|p1b: Sneasler|0 fnt\n|-unboost|p2a: Sneasler|def|1\n|-unboost|p2a: Sneasler|spd|1\n|faint|p1b: Sneasler\n|-enditem|p2a: Sneasler|White Herb\n|-clearnegativeboost|p2a: Sneasler|[silent]\n|\n|-weather|Snowscape|[upkeep]\n|upkeep\n|\n|t:|1775995723\n|switch|p1b: Froslass|Froslass, L50, F|100/100\n|switch|p1a: Garchomp|Garchomp, L50, M|100/100\n|turn|4\n|\n|t:|1775995733\n|detailschange|p1b: Froslass|Froslass-Mega, L50, F\n|-mega|p1b: Froslass|Froslass|Froslassite\n|move|p1b: Froslass|Protect|p1b: Froslass\n|-singleturn|p1b: Froslass|Protect\n|move|p2b: Kingambit|Sucker Punch|p1a: Garchomp\n|-damage|p1a: Garchomp|63/100\n|-damage|p2b: Kingambit|0 fnt|[from] ability: Rough Skin|[of] p1a: Garchomp\n|faint|p2b: Kingambit\n|move|p1a: Garchomp|Rock Slide|p2a: Sneasler\n|-resisted|p2a: Sneasler|1\n|-damage|p2a: Sneasler|79/100\n|cant|p2a: Sneasler|flinch\n|\n|-weather|Snowscape|[upkeep]\n|-sideend|p1: Douglas Viana|move: Tailwind\n|upkeep\n|\n|t:|1775995744\n|switch|p2b: Ninetales|Ninetales-Alola, L50, F|15/100\n|turn|5\n|\n|t:|1775995753\n|move|p2a: Sneasler|Close Combat|p1a: Garchomp\n|-damage|p1a: Garchomp|0 fnt\n|-unboost|p2a: Sneasler|def|1\n|-unboost|p2a: Sneasler|spd|1\n|-damage|p2a: Sneasler|67/100|[from] ability: Rough Skin|[of] p1a: Garchomp\n|faint|p1a: Garchomp\n|move|p1b: Froslass|Blizzard|p2b: Ninetales|[spread] p2a,p2b\n|-resisted|p2b: Ninetales|1\n|-damage|p2a: Sneasler|0 fnt\n|-damage|p2b: Ninetales|0 fnt\n|faint|p2a: Sneasler\n|faint|p2b: Ninetales\n|\n|win|Douglas Viana\n|raw|Douglas Viana's rating: 1230 &rarr; <strong>1249</strong><br />(+19 for winning)\n|raw|soulo333's rating: 1142 &rarr; <strong>1123</strong><br />(-19 for losing)\n",
  "uploadtime": 1775995753,
  "views": 25,
  "formatid": "gen9championsvgc2026regma",
  "rating": 1123,
  "private": 0,
  "password": null
}