{
  "id": "gen9championsvgc2026regma-2586798324",
  "format": "[Gen 9 Champions] VGC 2026 Reg M-A",
  "players": [
    "Yahia Salman",
    "tubbatub"
  ],
  "log": "|j|\u2606Yahia Salman\n|j|\u2606tubbatub\n|t:|1776460765\n|gametype|doubles\n|player|p1|Yahia Salman|2|1064\n|player|p2|tubbatub|fantina|1057\n|gen|9\n|tier|[Gen 9 Champions] VGC 2026 Reg M-A\n|rated|\n|rule|Species Clause: Limit one of each Pok\u00e9mon\n|rule|Item Clause: Limit 1 of each item\n|clearpoke\n|poke|p1|Sableye, L50, M|\n|poke|p1|Floette-Eternal, L50, F|\n|poke|p1|Espathra, L50, M|\n|poke|p1|Clefable, L50, M|\n|poke|p1|Basculegion, L50, M|\n|poke|p1|Volcarona, L50, F|\n|poke|p2|Floette-Eternal, L50, F|\n|poke|p2|Aegislash, L50, M|\n|poke|p2|Ninetales-Alola, L50, M|\n|poke|p2|Incineroar, L50, F|\n|poke|p2|Aerodactyl, L50, M|\n|poke|p2|Sneasler, L50, M|\n|teampreview|4\n|inactive|Battle timer is ON: inactive players will automatically lose when time's up. (requested by tubbatub)\n|inactive|tubbatub has 60 seconds left.\n|\n|t:|1776460801\n|teamsize|p1|4\n|teamsize|p2|4\n|start\n|switch|p1a: Espathra|Espathra, L50, M|100/100\n|switch|p1b: Sableye|Sableye, L50, M|100/100\n|switch|p2a: Ninetales|Ninetales-Alola, L50, M|100/100\n|switch|p2b: Sneasler|Sneasler, L50, M|100/100\n|-weather|Snowscape|[from] ability: Snow Warning|[of] p2a: Ninetales\n|turn|1\n|inactive|Yahia Salman has 30 seconds left.\n|\n|t:|1776460827\n|move|p2a: Ninetales|Protect|p2a: Ninetales\n|-singleturn|p2a: Ninetales|Protect\n|move|p2b: Sneasler|Protect|p2b: Sneasler\n|-singleturn|p2b: Sneasler|Protect\n|move|p1a: Espathra|Protect|p1a: Espathra\n|-singleturn|p1a: Espathra|Protect\n|move|p1b: Sableye|Rain Dance|p1b: Sableye\n|-weather|RainDance\n|\n|-weather|RainDance|[upkeep]\n|-ability|p1a: Espathra|Speed Boost|boost\n|-boost|p1a: Espathra|spe|1\n|upkeep\n|turn|2\n|inactive|Yahia Salman has 30 seconds left.\n|\n|t:|1776460859\n|switch|p2b: Aegislash|Aegislash, L50, M|100/100\n|move|p1b: Sableye|Encore||[still]\n|-fail|p1b: Sableye\n|move|p1a: Espathra|Calm Mind|p1a: Espathra\n|-boost|p1a: Espathra|spa|1\n|-boost|p1a: Espathra|spd|1\n|move|p2a: Ninetales|Encore||[still]\n|-fail|p2a: Ninetales\n|\n|-weather|RainDance|[upkeep]\n|-ability|p1a: Espathra|Speed Boost|boost\n|-boost|p1a: Espathra|spe|1\n|upkeep\n|turn|3\n|inactive|Yahia Salman has 30 seconds left.\n|\n|t:|1776460889\n|switch|p2a: Sneasler|Sneasler, L50, M|100/100\n|move|p1b: Sableye|Will-O-Wisp|p2b: Aegislash\n|-status|p2b: Aegislash|brn\n|move|p1a: Espathra|Baton Pass|p1a: Espathra\n|\n|t:|1776460897\n|switch|p1a: Floette|Floette-Eternal, L50, F|100/100|[from] Baton Pass\n|-formechange|p2b: Aegislash|Aegislash-Blade|\n|move|p2b: Aegislash|Shadow Ball|p1a: Floette\n|-damage|p1a: Floette|79/100\n|-unboost|p1a: Floette|spd|1\n|\n|-weather|RainDance|[upkeep]\n|-damage|p2b: Aegislash|95/100 brn|[from] brn\n|upkeep\n|turn|4\n|\n|t:|1776460918\n|detailschange|p1a: Floette|Floette-Mega, L50, F\n|-mega|p1a: Floette|Floette|Floettite\n|-ability|p1a: Floette|Fairy Aura\n|move|p1a: Floette|Protect|p1a: Floette\n|-singleturn|p1a: Floette|Protect\n|move|p1b: Sableye|Will-O-Wisp|p2a: Sneasler\n|-status|p2a: Sneasler|brn\n|move|p2a: Sneasler|Dire Claw|p1a: Floette\n|-activate|p1a: Floette|move: Protect\n|move|p2b: Aegislash|Iron Head|p1a: Floette\n|-activate|p1a: Floette|move: Protect\n|\n|-weather|RainDance|[upkeep]\n|-damage|p2a: Sneasler|95/100 brn|[from] brn\n|-damage|p2b: Aegislash|89/100 brn|[from] brn\n|upkeep\n|turn|5\n|inactive|Yahia Salman has 30 seconds left.\n|\n|t:|1776460949\n|switch|p1b: Basculegion|Basculegion, L50, M|100/100\n|move|p1a: Floette|Psychic|p2a: Sneasler\n|-supereffective|p2a: Sneasler|2\n|-damage|p2a: Sneasler|0 fnt\n|faint|p2a: Sneasler\n|move|p2b: Aegislash|Iron Head|p1a: Floette\n|-supereffective|p1a: Floette|1\n|-damage|p1a: Floette|49/100\n|\n|-weather|none\n|-damage|p2b: Aegislash|83/100 brn|[from] brn\n|upkeep\n|\n|t:|1776460961\n|switch|p2a: Ninetales|Ninetales-Alola, L50, M|100/100\n|-weather|Snowscape|[from] ability: Snow Warning|[of] p2a: Ninetales\n|turn|6\n|\n|t:|1776460973\n|switch|p1b: Sableye|Sableye, L50, M|100/100\n|move|p1a: Floette|Protect|p1a: Floette\n|-singleturn|p1a: Floette|Protect\n|move|p2b: Aegislash|Wide Guard|p2b: Aegislash\n|-singleturn|p2b: Aegislash|Wide Guard\n|move|p2a: Ninetales|Blizzard|p1a: Floette|[spread] p1b\n|-activate|p1a: Floette|move: Protect\n|-damage|p1b: Sableye|66/100\n|\n|-weather|Snowscape|[upkeep]\n|-damage|p2b: Aegislash|77/100 brn|[from] brn\n|upkeep\n|turn|7\n|inactive|Yahia Salman has 30 seconds left.\n|\n|t:|1776460999\n|switch|p2a: Floette|Floette-Eternal, L50, F|100/100\n|move|p1b: Sableye|Rain Dance|p1b: Sableye\n|-weather|RainDance\n|move|p1a: Floette|Moonblast|p2a: Floette\n|-damage|p2a: Floette|16/100\n|move|p2b: Aegislash|Iron Head|p1a: Floette\n|-supereffective|p1a: Floette|1\n|-damage|p1a: Floette|18/100\n|\n|-weather|RainDance|[upkeep]\n|-damage|p2b: Aegislash|71/100 brn|[from] brn\n|upkeep\n|turn|8\n|inactive|Yahia Salman has 30 seconds left.\n|inactive|Yahia Salman has 20 seconds left.\n|\n|t:|1776461039\n|switch|p1b: Basculegion|Basculegion, L50, M|100/100\n|move|p2a: Floette|Protect|p2a: Floette\n|-singleturn|p2a: Floette|Protect\n|move|p1a: Floette|Moonblast|p2a: Floette\n|-activate|p2a: Floette|move: Protect\n|move|p2b: Aegislash|Iron Head|p1a: Floette\n|-supereffective|p1a: Floette|1\n|-damage|p1a: Floette|0 fnt\n|faint|p1a: Floette\n|\n|-weather|RainDance|[upkeep]\n|-damage|p2b: Aegislash|65/100 brn|[from] brn\n|upkeep\n|\n|t:|1776461054\n|switch|p1a: Sableye|Sableye, L50, M|66/100\n|turn|9\n|\n|t:|1776461067\n|switch|p2a: Ninetales|Ninetales-Alola, L50, M|100/100\n|-weather|Snowscape|[from] ability: Snow Warning|[of] p2a: Ninetales\n|move|p1a: Sableye|Fake Out|p2b: Aegislash\n|-immune|p2b: Aegislash\n|move|p1b: Basculegion|Wave Crash|p2a: Ninetales\n|-crit|p2a: Ninetales\n|-damage|p2a: Ninetales|21/100\n|-damage|p1b: Basculegion|78/100|[from] Recoil\n|move|p2b: Aegislash|Shadow Ball|p1b: Basculegion\n|-supereffective|p1b: Basculegion|1\n|-damage|p1b: Basculegion|0 fnt\n|faint|p1b: Basculegion\n|\n|-weather|Snowscape|[upkeep]\n|-damage|p2b: Aegislash|59/100 brn|[from] brn\n|upkeep\n|\n|t:|1776461085\n|switch|p1b: Espathra|Espathra, L50, M|100/100\n|turn|10\n|\n|t:|1776461102\n|move|p1b: Espathra|Protect|p1b: Espathra\n|-singleturn|p1b: Espathra|Protect\n|move|p1a: Sableye|Rain Dance|p1a: Sableye\n|-weather|RainDance\n|move|p2a: Ninetales|Encore|p1a: Sableye\n|-start|p1a: Sableye|Encore\n|-enditem|p1a: Sableye|Mental Herb\n|-end|p1a: Sableye|Encore\n|move|p2b: Aegislash|Shadow Ball|p1b: Espathra\n|-activate|p1b: Espathra|move: Protect\n|\n|-weather|RainDance|[upkeep]\n|-damage|p2b: Aegislash|53/100 brn|[from] brn\n|-ability|p1b: Espathra|Speed Boost|boost\n|-boost|p1b: Espathra|spe|1\n|upkeep\n|turn|11\n|inactive|Yahia Salman has 30 seconds left.\n|inactive|Yahia Salman has 20 seconds left.\n|\n|t:|1776461138\n|switch|p2a: Floette|Floette-Eternal, L50, F|16/100\n|move|p1a: Sableye|Encore||[still]\n|-fail|p1a: Sableye\n|move|p1b: Espathra|Calm Mind|p1b: Espathra\n|-boost|p1b: Espathra|spa|1\n|-boost|p1b: Espathra|spd|1\n|move|p2b: Aegislash|Shadow Ball|p1b: Espathra\n|-supereffective|p1b: Espathra|1\n|-damage|p1b: Espathra|28/100\n|\n|-weather|RainDance|[upkeep]\n|-damage|p2b: Aegislash|47/100 brn|[from] brn\n|-ability|p1b: Espathra|Speed Boost|boost\n|-boost|p1b: Espathra|spe|1\n|upkeep\n|-enditem|p2b: Aegislash|Sitrus Berry|[eat]\n|-heal|p2b: Aegislash|71/100 brn|[from] item: Sitrus Berry\n|turn|12\n|inactive|Yahia Salman has 30 seconds left.\n|inactive|tubbatub has 30 seconds left.\n|\n|t:|1776461170\n|switch|p2a: Ninetales|Ninetales-Alola, L50, M|21/100\n|-weather|Snowscape|[from] ability: Snow Warning|[of] p2a: Ninetales\n|move|p1a: Sableye|Will-O-Wisp|p2a: Ninetales\n|-status|p2a: Ninetales|brn\n|move|p1b: Espathra|Psychic|p2b: Aegislash\n|-resisted|p2b: Aegislash|1\n|-damage|p2b: Aegislash|31/100 brn\n|move|p2b: Aegislash|Shadow Ball|p1b: Espathra\n|-supereffective|p1b: Espathra|1\n|-damage|p1b: Espathra|0 fnt\n|faint|p1b: Espathra\n|\n|-weather|Snowscape|[upkeep]\n|-damage|p2a: Ninetales|15/100 brn|[from] brn\n|-damage|p2b: Aegislash|25/100 brn|[from] brn\n|upkeep\n|turn|13\n|-message|Yahia Salman forfeited.\n|\n|win|tubbatub\n|raw|Yahia Salman's rating: 1064 &rarr; <strong>1044</strong><br />(-20 for losing)\n|raw|tubbatub's rating: 1057 &rarr; <strong>1089</strong><br />(+32 for winning)\n|l|\u2606Yahia Salman\n|player|p1|\n",
  "uploadtime": 1776461188,
  "views": 19,
  "formatid": "gen9championsvgc2026regma",
  "rating": 1044,
  "private": 0,
  "password": null
}