{
  "id": "gen9championsvgc2026regma-2584575100",
  "format": "[Gen 9 Champions] VGC 2026 Reg M-A",
  "players": [
    "oxPAX0300",
    "MatchMeUP"
  ],
  "log": "|j|\u2606oxPAX0300\n|j|\u2606MatchMeUP\n|t:|1776269743\n|gametype|doubles\n|player|p1|oxPAX0300|medium|1040\n|player|p2|MatchMeUP|ninjaboy|1137\n|gen|9\n|tier|[Gen 9 Champions] VGC 2026 Reg M-A\n|rated|\n|rule|Species Clause: Limit one of each Pok\u00e9mon\n|rule|Item Clause: Limit 1 of each item\n|clearpoke\n|poke|p1|Rotom-Heat, L50|\n|poke|p1|Talonflame, L50, M|\n|poke|p1|Milotic, L50, F|\n|poke|p1|Trevenant, L50, M|\n|poke|p1|Hydreigon, L50, M|\n|poke|p1|Glimmora, L50, F|\n|poke|p2|Meganium, L50, F|\n|poke|p2|Pelipper, L50, F|\n|poke|p2|Archaludon, L50, F|\n|poke|p2|Basculegion, L50, M|\n|poke|p2|Rotom-Wash, L50|\n|poke|p2|Sneasler, L50, F|\n|teampreview|4\n|inactive|Battle timer is ON: inactive players will automatically lose when time's up. (requested by oxPAX0300)\n|\n|t:|1776269797\n|teamsize|p1|4\n|teamsize|p2|4\n|start\n|switch|p1a: Hydreigon|Hydreigon, L50, M|100/100\n|switch|p1b: Rotom|Rotom-Heat, L50|100/100\n|switch|p2a: Pelipper|Pelipper, L50, F|100/100\n|switch|p2b: Rotom|Rotom-Wash, L50|100/100\n|-weather|RainDance|[from] ability: Drizzle|[of] p2a: Pelipper\n|turn|1\n|\n|t:|1776269810\n|move|p2b: Rotom|Protect|p2b: Rotom\n|-singleturn|p2b: Rotom|Protect\n|move|p1a: Hydreigon|Tailwind|p1a: Hydreigon\n|-sidestart|p1: oxPAX0300|move: Tailwind\n|move|p1b: Rotom|Electroweb|p2a: Pelipper|[spread] p2a\n|-activate|p2b: Rotom|move: Protect\n|-supereffective|p2a: Pelipper|2\n|-crit|p2a: Pelipper\n|-enditem|p2a: Pelipper|Focus Sash\n|-damage|p2a: Pelipper|1/100\n|-unboost|p2a: Pelipper|spe|1\n|move|p2a: Pelipper|Tailwind|p2a: Pelipper\n|-sidestart|p2: MatchMeUP|move: Tailwind\n|\n|-weather|RainDance|[upkeep]\n|upkeep\n|turn|2\n|inactive|MatchMeUP has 30 seconds left.\n|\n|t:|1776269845\n|switch|p2b: Archaludon|Archaludon, L50, F|100/100\n|move|p1a: Hydreigon|Draco Meteor|p2b: Archaludon\n|-damage|p2b: Archaludon|36/100\n|-unboost|p1a: Hydreigon|spa|2\n|-ability|p2b: Archaludon|Stamina|boost\n|-boost|p2b: Archaludon|def|1\n|move|p1b: Rotom|Electroweb|p2a: Pelipper|[spread] p2a,p2b\n|-supereffective|p2a: Pelipper|2\n|-resisted|p2b: Archaludon|1\n|-damage|p2a: Pelipper|0 fnt\n|-damage|p2b: Archaludon|27/100\n|-unboost|p2b: Archaludon|spe|1\n|-ability|p2b: Archaludon|Stamina|boost\n|-boost|p2b: Archaludon|def|1\n|faint|p2a: Pelipper\n|\n|-weather|RainDance|[upkeep]\n|-heal|p2b: Archaludon|33/100|[from] item: Leftovers\n|upkeep\n|\n|t:|1776269862\n|switch|p2a: Sneasler|Sneasler, L50, F|100/100\n|turn|3\n|inactive|MatchMeUP has 30 seconds left.\n|\n|t:|1776269893\n|switch|p1a: Trevenant|Trevenant, L50, M|100/100\n|move|p1b: Rotom|Protect|p1b: Rotom\n|-singleturn|p1b: Rotom|Protect\n|move|p2a: Sneasler|Fake Out|p1a: Trevenant\n|-immune|p1a: Trevenant\n|move|p2b: Archaludon|Draco Meteor|p1a: Trevenant\n|-damage|p1a: Trevenant|58/100\n|-unboost|p2b: Archaludon|spa|2\n|\n|-weather|RainDance|[upkeep]\n|-heal|p2b: Archaludon|39/100|[from] item: Leftovers\n|upkeep\n|turn|4\n|\n|t:|1776269913\n|move|p2b: Archaludon|Protect|p2b: Archaludon\n|-singleturn|p2b: Archaludon|Protect\n|move|p2a: Sneasler|Dire Claw|p1a: Trevenant\n|-damage|p1a: Trevenant|7/100\n|-enditem|p1a: Trevenant|Sitrus Berry|[eat]\n|-heal|p1a: Trevenant|32/100|[from] item: Sitrus Berry\n|move|p1b: Rotom|Will-O-Wisp|p2a: Sneasler\n|-status|p2a: Sneasler|brn\n|move|p1a: Trevenant|Poltergeist|p2b: Archaludon\n|-activate|p2b: Archaludon|move: Protect\n|\n|-weather|RainDance|[upkeep]\n|-heal|p2b: Archaludon|45/100|[from] item: Leftovers\n|-damage|p2a: Sneasler|95/100 brn|[from] brn\n|-sideend|p1: oxPAX0300|move: Tailwind\n|-sideend|p2: MatchMeUP|move: Tailwind\n|-item|p1a: Trevenant|Sitrus Berry|[from] ability: Harvest\n|upkeep\n|-enditem|p1a: Trevenant|Sitrus Berry|[eat]\n|-heal|p1a: Trevenant|57/100|[from] item: Sitrus Berry\n|turn|5\n|inactive|oxPAX0300 has 30 seconds left.\n|inactive|MatchMeUP has 30 seconds left.\n|inactive|oxPAX0300 has 20 seconds left.\n|inactive|oxPAX0300 has 15 seconds left.\n|\n|t:|1776269953\n|switch|p1a: Hydreigon|Hydreigon, L50, M|100/100\n|move|p2a: Sneasler|Close Combat|p1b: Rotom\n|-crit|p1b: Rotom\n|-damage|p1b: Rotom|37/100\n|-unboost|p2a: Sneasler|def|1\n|-unboost|p2a: Sneasler|spd|1\n|-enditem|p2a: Sneasler|White Herb\n|-clearnegativeboost|p2a: Sneasler|[silent]\n|move|p1b: Rotom|Electroweb|p2a: Sneasler|[spread] p2a,p2b\n|-resisted|p2b: Archaludon|1\n|-damage|p2a: Sneasler|67/100 brn\n|-damage|p2b: Archaludon|36/100\n|-unboost|p2a: Sneasler|spe|1\n|-unboost|p2b: Archaludon|spe|1\n|-ability|p2b: Archaludon|Stamina|boost\n|-boost|p2b: Archaludon|def|1\n|move|p2b: Archaludon|Electro Shot||[still]\n|-prepare|p2b: Archaludon|Electro Shot\n|-boost|p2b: Archaludon|spa|1\n|-anim|p2b: Archaludon|Electro Shot|p1a: Hydreigon\n|-resisted|p1a: Hydreigon|1\n|-damage|p1a: Hydreigon|87/100\n|\n|-weather|none\n|-heal|p1a: Hydreigon|93/100|[from] item: Leftovers\n|-heal|p2b: Archaludon|42/100|[from] item: Leftovers\n|-damage|p2a: Sneasler|62/100 brn|[from] brn\n|upkeep\n|turn|6\n|inactive|MatchMeUP has 30 seconds left.\n|inactive|oxPAX0300 has 30 seconds left.\n|\n|t:|1776269984\n|move|p1b: Rotom|Protect|p1b: Rotom\n|-singleturn|p1b: Rotom|Protect\n|move|p2b: Archaludon|Protect|p2b: Archaludon\n|-singleturn|p2b: Archaludon|Protect\n|move|p2a: Sneasler|Dire Claw|p1a: Hydreigon\n|-damage|p1a: Hydreigon|69/100\n|move|p1a: Hydreigon|Draco Meteor|p2a: Sneasler\n|-damage|p2a: Sneasler|0 fnt\n|-unboost|p1a: Hydreigon|spa|2\n|faint|p2a: Sneasler\n|\n|-heal|p1a: Hydreigon|75/100|[from] item: Leftovers\n|-heal|p2b: Archaludon|48/100|[from] item: Leftovers\n|upkeep\n|\n|t:|1776269998\n|switch|p2a: Rotom|Rotom-Wash, L50|100/100\n|turn|7\n|\n|t:|1776270014\n|switch|p1b: Trevenant|Trevenant, L50, M|57/100\n|move|p1a: Hydreigon|Tailwind|p1a: Hydreigon\n|-sidestart|p1: oxPAX0300|move: Tailwind\n|move|p2a: Rotom|Hydro Pump|p1b: Trevenant\n|-resisted|p1b: Trevenant|1\n|-damage|p1b: Trevenant|39/100\n|move|p2b: Archaludon|Draco Meteor|p1a: Hydreigon\n|-supereffective|p1a: Hydreigon|1\n|-damage|p1a: Hydreigon|0 fnt\n|-unboost|p2b: Archaludon|spa|2\n|faint|p1a: Hydreigon\n|\n|-heal|p2b: Archaludon|54/100|[from] item: Leftovers\n|-item|p1b: Trevenant|Sitrus Berry|[from] ability: Harvest\n|upkeep\n|-enditem|p1b: Trevenant|Sitrus Berry|[eat]\n|-heal|p1b: Trevenant|64/100|[from] item: Sitrus Berry\n|\n|t:|1776270025\n|switch|p1a: Rotom|Rotom-Heat, L50|37/100\n|turn|8\n|inactive|MatchMeUP has 30 seconds left.\n|inactive|MatchMeUP has 20 seconds left.\n|\n|t:|1776270061\n|move|p1b: Trevenant|Ally Switch|p1b: Trevenant\n|swap|p1b: Trevenant|0|[from] move: Ally Switch\n|move|p1b: Rotom|Overheat|p2b: Archaludon\n|-damage|p2b: Archaludon|0 fnt\n|-unboost|p1b: Rotom|spa|2\n|faint|p2b: Archaludon\n|move|p2a: Rotom|Will-O-Wisp|p1b: Rotom\n|-immune|p1b: Rotom\n|\n|upkeep\n|turn|9\n|-message|MatchMeUP forfeited.\n|\n|win|oxPAX0300\n|raw|oxPAX0300's rating: 1040 &rarr; <strong>1083</strong><br />(+43 for winning)\n|raw|MatchMeUP's rating: 1137 &rarr; <strong>1105</strong><br />(-32 for losing)\n|l|\u2606MatchMeUP\n|player|p2|\n",
  "uploadtime": 1776270076,
  "views": 27,
  "formatid": "gen9championsvgc2026regma",
  "rating": 1083,
  "private": 0,
  "password": null
}