{
  "id": "gen9championsvgc2026regma-2583717300",
  "format": "[Gen 9 Champions] VGC 2026 Reg M-A",
  "players": [
    "Todo CCT",
    "SimMikaze"
  ],
  "log": "|j|\u2606Todo CCT\n|j|\u2606SimMikaze\n|t:|1776192927\n|gametype|doubles\n|player|p1|Todo CCT|giovanni|1349\n|player|p2|SimMikaze|miku-ghost|1393\n|gen|9\n|tier|[Gen 9 Champions] VGC 2026 Reg M-A\n|rated|\n|rule|Species Clause: Limit one of each Pok\u00e9mon\n|rule|Item Clause: Limit 1 of each item\n|clearpoke\n|poke|p1|Charizard, L50, M|\n|poke|p1|Venusaur, L50, M|\n|poke|p1|Sneasler, L50, F|\n|poke|p1|Kingambit, L50, M|\n|poke|p1|Farigiraf, L50, M|\n|poke|p1|Torkoal, L50, F|\n|poke|p2|Aggron, L50, M|\n|poke|p2|Alakazam, L50, M|\n|poke|p2|Sinistcha, L50|\n|poke|p2|Politoed, L50, F|\n|poke|p2|Incineroar, L50, M|\n|poke|p2|Gengar, L50, M|\n|teampreview|4\n|\n|t:|1776192961\n|teamsize|p1|4\n|teamsize|p2|4\n|start\n|switch|p1a: Farigiraf|Farigiraf, L50, M|100/100\n|switch|p1b: Sneasler|Sneasler, L50, F|100/100\n|switch|p2a: Gengar|Gengar, L50, M, shiny|100/100\n|switch|p2b: Sinistcha|Sinistcha, L50, shiny|100/100\n|turn|1\n|inactive|Battle timer is ON: inactive players will automatically lose when time's up. (requested by SimMikaze)\n|inactive|SimMikaze has 60 seconds left.\n|\n|t:|1776193004\n|switch|p1b: Kingambit|Kingambit, L50, M|100/100\n|detailschange|p2a: Gengar|Gengar-Mega, L50, M, shiny\n|-mega|p2a: Gengar|Gengar|Gengarite\n|move|p2a: Gengar|Perish Song|p2a: Gengar\n|-start|p1a: Farigiraf|perish3|[silent]\n|-start|p1b: Kingambit|perish3|[silent]\n|-start|p2a: Gengar|perish3|[silent]\n|-start|p2b: Sinistcha|perish3|[silent]\n|-fieldactivate|move: Perish Song\n|move|p2b: Sinistcha|Matcha Gotcha|p1a: Farigiraf|[spread] p1a,p1b\n|-resisted|p1b: Kingambit|1\n|-damage|p1a: Farigiraf|76/100\n|-damage|p1b: Kingambit|89/100\n|move|p1a: Farigiraf|Twin Beam|p2a: Gengar\n|-supereffective|p2a: Gengar|1\n|-damage|p2a: Gengar|61/100\n|-supereffective|p2a: Gengar|1\n|-damage|p2a: Gengar|21/100\n|-hitcount|p2a: Gengar|2\n|\n|-start|p2a: Gengar|perish3\n|-start|p1b: Kingambit|perish3\n|-start|p2b: Sinistcha|perish3\n|-start|p1a: Farigiraf|perish3\n|upkeep\n|turn|2\n|inactive|SimMikaze has 30 seconds left.\n|inactive|SimMikaze has 20 seconds left.\n|\n|t:|1776193039\n|move|p2a: Gengar|Protect|p2a: Gengar\n|-singleturn|p2a: Gengar|Protect\n|move|p1b: Kingambit|Kowtow Cleave|p2b: Sinistcha\n|-supereffective|p2b: Sinistcha|1\n|-damage|p2b: Sinistcha|36/100\n|-enditem|p2b: Sinistcha|Sitrus Berry|[eat]\n|-heal|p2b: Sinistcha|61/100|[from] item: Sitrus Berry\n|move|p2b: Sinistcha|Life Dew|p2b: Sinistcha|[spread] p2a,p2b\n|-heal|p2a: Gengar|47/100\n|-heal|p2b: Sinistcha|86/100\n|move|p1a: Farigiraf|Trick Room|p1a: Farigiraf\n|-fieldstart|move: Trick Room|[of] p1a: Farigiraf\n|\n|-start|p1a: Farigiraf|perish2\n|-start|p2b: Sinistcha|perish2\n|-start|p1b: Kingambit|perish2\n|-start|p2a: Gengar|perish2\n|upkeep\n|turn|3\n|inactive|SimMikaze has 30 seconds left.\n|\n|t:|1776193065\n|move|p1a: Farigiraf|Helping Hand|p1b: Kingambit\n|-singleturn|p1b: Kingambit|Helping Hand|[of] p1a: Farigiraf\n|move|p2b: Sinistcha|Rage Powder|p2b: Sinistcha\n|-singleturn|p2b: Sinistcha|move: Rage Powder\n|move|p1b: Kingambit|Kowtow Cleave|p2b: Sinistcha\n|-supereffective|p2b: Sinistcha|1\n|-damage|p2b: Sinistcha|0 fnt\n|faint|p2b: Sinistcha\n|move|p2a: Gengar|Substitute|p2a: Gengar\n|-start|p2a: Gengar|Substitute\n|-damage|p2a: Gengar|22/100\n|\n|-start|p1a: Farigiraf|perish1\n|-start|p1b: Kingambit|perish1\n|-start|p2a: Gengar|perish1\n|upkeep\n|\n|t:|1776193085\n|switch|p2b: Politoed|Politoed, L50, F|100/100\n|-weather|RainDance|[from] ability: Drizzle|[of] p2b: Politoed\n|turn|4\n|\n|t:|1776193102\n|switch|p2a: Incineroar|Incineroar, L50, M, shiny|100/100\n|-ability|p2a: Incineroar|Intimidate|boost\n|-unboost|p1a: Farigiraf|atk|1\n|-unboost|p1b: Kingambit|atk|1\n|-ability|p1b: Kingambit|Defiant|boost\n|-boost|p1b: Kingambit|atk|2\n|move|p1a: Farigiraf|Helping Hand|p1b: Kingambit\n|-singleturn|p1b: Kingambit|Helping Hand|[of] p1a: Farigiraf\n|move|p2b: Politoed|Protect|p2b: Politoed\n|-singleturn|p2b: Politoed|Protect\n|move|p1b: Kingambit|Low Kick|p2a: Incineroar\n|-supereffective|p2a: Incineroar|1\n|-damage|p2a: Incineroar|5/100\n|\n|-weather|RainDance|[upkeep]\n|-start|p1a: Farigiraf|perish0\n|-start|p1b: Kingambit|perish0\n|faint|p1a: Farigiraf\n|faint|p1b: Kingambit\n|upkeep\n|\n|t:|1776193114\n|switch|p1a: Torkoal|Torkoal, L50, F|100/100\n|switch|p1b: Sneasler|Sneasler, L50, F|100/100\n|-weather|SunnyDay|[from] ability: Drought|[of] p1a: Torkoal\n|turn|5\n|inactive|SimMikaze has 30 seconds left.\n|inactive|SimMikaze has 20 seconds left.\n|\n|t:|1776193152\n|move|p2a: Incineroar|Fake Out|p1b: Sneasler\n|-damage|p1b: Sneasler|80/100\n|cant|p1b: Sneasler|flinch\n|move|p1a: Torkoal|Eruption|p2b: Politoed|[spread] p2a,p2b\n|-resisted|p2a: Incineroar|1\n|-resisted|p2b: Politoed|1\n|-damage|p2a: Incineroar|0 fnt\n|-damage|p2b: Politoed|62/100\n|faint|p2a: Incineroar\n|move|p2b: Politoed|Perish Song|p2b: Politoed\n|-start|p1a: Torkoal|perish3|[silent]\n|-start|p1b: Sneasler|perish3|[silent]\n|-start|p2b: Politoed|perish3|[silent]\n|-fieldactivate|move: Perish Song\n|\n|-weather|SunnyDay|[upkeep]\n|-heal|p2b: Politoed|69/100|[from] item: Leftovers\n|-start|p1a: Torkoal|perish3\n|-start|p2b: Politoed|perish3\n|-start|p1b: Sneasler|perish3\n|upkeep\n|\n|t:|1776193161\n|switch|p2a: Gengar|Gengar-Mega, L50, M, shiny|22/100\n|turn|6\n|\n|t:|1776193178\n|move|p2b: Politoed|Protect|p2b: Politoed\n|-singleturn|p2b: Politoed|Protect\n|move|p2a: Gengar|Protect|p2a: Gengar\n|-singleturn|p2a: Gengar|Protect\n|move|p1a: Torkoal|Eruption|p2b: Politoed|[spread] \n|-activate|p2a: Gengar|move: Protect\n|-activate|p2b: Politoed|move: Protect\n|move|p1b: Sneasler|Close Combat|p2b: Politoed\n|-activate|p2b: Politoed|move: Protect\n|\n|-weather|SunnyDay|[upkeep]\n|-heal|p2b: Politoed|75/100|[from] item: Leftovers\n|-start|p1a: Torkoal|perish2\n|-start|p2b: Politoed|perish2\n|-start|p1b: Sneasler|perish2\n|-fieldend|move: Trick Room\n|upkeep\n|turn|7\n|inactive|SimMikaze has 30 seconds left.\n|inactive|SimMikaze has 20 seconds left.\n|inactive|SimMikaze has 15 seconds left.\n|inactive|SimMikaze has 10 seconds left.\n|\n|t:|1776193224\n|move|p2a: Gengar|Shadow Ball|p1a: Torkoal\n|-damage|p1a: Torkoal|45/100\n|-unboost|p1a: Torkoal|spd|1\n|move|p1b: Sneasler|Dire Claw|p2a: Gengar\n|-resisted|p2a: Gengar|2\n|-damage|p2a: Gengar|9/100\n|-status|p2a: Gengar|par\n|move|p2b: Politoed|Weather Ball|p1a: Torkoal\n|-resisted|p1a: Torkoal|1\n|-damage|p1a: Torkoal|11/100\n|move|p1a: Torkoal|Heat Wave|p2a: Gengar|[spread] p2a,p2b\n|-crit|p2a: Gengar\n|-resisted|p2b: Politoed|1\n|-damage|p2a: Gengar|0 fnt\n|-damage|p2b: Politoed|49/100\n|-status|p2b: Politoed|brn\n|faint|p2a: Gengar\n|\n|-weather|SunnyDay|[upkeep]\n|-heal|p2b: Politoed|55/100 brn|[from] item: Leftovers\n|-damage|p2b: Politoed|49/100 brn|[from] brn\n|-start|p1b: Sneasler|perish1\n|-start|p2b: Politoed|perish1\n|-start|p1a: Torkoal|perish1\n|upkeep\n|turn|8\n|\n|t:|1776193244\n|move|p1b: Sneasler|Close Combat|p2b: Politoed\n|-damage|p2b: Politoed|0 fnt\n|-unboost|p1b: Sneasler|def|1\n|-unboost|p1b: Sneasler|spd|1\n|faint|p2b: Politoed\n|\n|win|Todo CCT\n|raw|Todo CCT's rating: 1349 &rarr; <strong>1372</strong><br />(+23 for winning)\n|raw|SimMikaze's rating: 1393 &rarr; <strong>1370</strong><br />(-23 for losing)\n|c|\u2606SimMikaze|Jeez\n",
  "uploadtime": 1776193246,
  "views": 50,
  "formatid": "gen9championsvgc2026regma",
  "rating": 1370,
  "private": 0,
  "password": null
}