{
  "id": "gen9championsvgc2026regma-2585902781",
  "format": "[Gen 9 Champions] VGC 2026 Reg M-A",
  "players": [
    "alejandro_l38",
    "benjiapollo"
  ],
  "log": "|j|\u2606alejandro_l38\n|j|\u2606benjiapollo\n|t:|1776379934\n|gametype|doubles\n|player|p1|alejandro_l38|lance|1437\n|player|p2|benjiapollo|giovanni|1433\n|gen|9\n|tier|[Gen 9 Champions] VGC 2026 Reg M-A\n|rated|\n|rule|Species Clause: Limit one of each Pok\u00e9mon\n|rule|Item Clause: Limit 1 of each item\n|clearpoke\n|poke|p1|Lopunny, L50, M|\n|poke|p1|Kommo-o, L50, M|\n|poke|p1|Zoroark-Hisui, L50, F|\n|poke|p1|Aerodactyl, L50, F|\n|poke|p1|Weavile, L50, F|\n|poke|p1|Sableye, L50, M|\n|poke|p2|Basculegion, L50, M|\n|poke|p2|Charizard, L50, F|\n|poke|p2|Kingambit, L50, F|\n|poke|p2|Sneasler, L50, M|\n|poke|p2|Venusaur, L50, F|\n|poke|p2|Talonflame, L50, F|\n|teampreview|4\n|inactive|Battle timer is ON: inactive players will automatically lose when time's up. (requested by benjiapollo)\n|\n|t:|1776379969\n|teamsize|p1|4\n|teamsize|p2|4\n|start\n|switch|p1a: Aerodactyl|Aerodactyl, L50, F|100/100\n|switch|p1b: Weavile|Weavile, L50, F|100/100\n|switch|p2a: Talonflame|Talonflame, L50, F|100/100\n|switch|p2b: Charizard|Charizard, L50, F|100/100\n|turn|1\n|inactive|alejandro_l38 has 30 seconds left.\n|\n|t:|1776379995\n|detailschange|p2b: Charizard|Charizard-Mega-X, L50, F\n|-mega|p2b: Charizard|Charizard|Charizardite X\n|move|p1b: Weavile|Protect|p1b: Weavile\n|-singleturn|p1b: Weavile|Protect\n|move|p2a: Talonflame|Quick Guard|p2a: Talonflame\n|-singleturn|p2a: Talonflame|Quick Guard\n|move|p1a: Aerodactyl|Rock Slide|p2b: Charizard|[spread] p2a,p2b\n|-supereffective|p2a: Talonflame|2\n|-supereffective|p2b: Charizard|1\n|-enditem|p2a: Talonflame|Focus Sash\n|-damage|p2a: Talonflame|1/100\n|-damage|p2b: Charizard|42/100\n|move|p2b: Charizard|Flare Blitz|p1b: Weavile\n|-activate|p1b: Weavile|move: Protect\n|\n|upkeep\n|turn|2\n|inactive|alejandro_l38 has 30 seconds left.\n|\n|t:|1776380023\n|switch|p1b: Lopunny|Lopunny, L50, M|100/100\n|move|p1a: Aerodactyl|Rock Slide|p2a: Talonflame|[spread] p2a,p2b\n|-supereffective|p2a: Talonflame|2\n|-supereffective|p2b: Charizard|1\n|-damage|p2a: Talonflame|0 fnt\n|-damage|p2b: Charizard|0 fnt\n|faint|p2a: Talonflame\n|faint|p2b: Charizard\n|\n|upkeep\n|\n|t:|1776380035\n|switch|p2a: Basculegion|Basculegion, L50, M|100/100\n|switch|p2b: Sneasler|Sneasler, L50, M|100/100\n|turn|3\n|inactive|alejandro_l38 has 30 seconds left.\n|inactive|alejandro_l38 has 20 seconds left.\n|inactive|alejandro_l38 has 15 seconds left.\n|inactive|alejandro_l38 has 10 seconds left.\n|inactive|alejandro_l38 has 5 seconds left.\n|\n|t:|1776380089\n|detailschange|p1b: Lopunny|Lopunny-Mega, L50, M\n|-mega|p1b: Lopunny|Lopunny|Lopunnite\n|move|p1b: Lopunny|Fake Out|p2a: Basculegion\n|-damage|p2a: Basculegion|71/100\n|move|p1a: Aerodactyl|Tailwind|p1a: Aerodactyl\n|-sidestart|p1: alejandro_l38|move: Tailwind\n|cant|p2a: Basculegion|flinch\n|move|p2b: Sneasler|Close Combat|p1b: Lopunny\n|-supereffective|p1b: Lopunny|1\n|-damage|p1b: Lopunny|0 fnt\n|-unboost|p2b: Sneasler|def|1\n|-unboost|p2b: Sneasler|spd|1\n|faint|p1b: Lopunny\n|-enditem|p2b: Sneasler|White Herb\n|-clearnegativeboost|p2b: Sneasler|[silent]\n|\n|upkeep\n|\n|t:|1776380108\n|switch|p1b: Weavile|Weavile, L50, F|100/100\n|turn|4\n|\n|t:|1776380127\n|move|p2b: Sneasler|Protect|p2b: Sneasler\n|-singleturn|p2b: Sneasler|Protect\n|move|p1a: Aerodactyl|Iron Head|p2b: Sneasler\n|-activate|p2b: Sneasler|move: Protect\n|move|p1b: Weavile|Shadow Ball|p2a: Basculegion\n|-supereffective|p2a: Basculegion|1\n|-damage|p2a: Basculegion|0 fnt\n|faint|p2a: Basculegion\n|\n|upkeep\n|turn|5\n|-message|benjiapollo forfeited.\n|\n|win|alejandro_l38\n|raw|alejandro_l38's rating: 1437 &rarr; <strong>1457</strong><br />(+20 for winning)\n|raw|benjiapollo's rating: 1433 &rarr; <strong>1413</strong><br />(-20 for losing)\n",
  "uploadtime": 1776380139,
  "views": 35,
  "formatid": "gen9championsvgc2026regma",
  "rating": 1413,
  "private": 0,
  "password": null
}