{
  "id": "gen9championsvgc2026regma-2585060849",
  "format": "[Gen 9 Champions] VGC 2026 Reg M-A",
  "players": [
    "lakeandbake",
    "dinobinoid7"
  ],
  "log": "|j|\u203dlakeandbake\n|j|\u2606dinobinoid7\n|t:|1776307778\n|gametype|doubles\n|player|p1|lakeandbake|iono-masters|1169\n|player|p2|dinobinoid7|cress|1134\n|gen|9\n|tier|[Gen 9 Champions] VGC 2026 Reg M-A\n|rated|\n|rule|Species Clause: Limit one of each Pok\u00e9mon\n|rule|Item Clause: Limit 1 of each item\n|clearpoke\n|poke|p1|Drampa, L50, M|\n|poke|p1|Sinistcha, L50|\n|poke|p1|Torkoal, L50, F|\n|poke|p1|Sneasler, L50, F|\n|poke|p1|Incineroar, L50, M|\n|poke|p1|Farigiraf, L50, M|\n|poke|p2|Crabominable, L50, F|\n|poke|p2|Slowking-Galar, L50, M|\n|poke|p2|Kingambit, L50, F|\n|poke|p2|Primarina, L50, F|\n|poke|p2|Incineroar, L50, F|\n|poke|p2|Sinistcha, L50|\n|teampreview|4\n|inactive|Battle timer is ON: inactive players will automatically lose when time's up. (requested by lakeandbake)\n|inactive|lakeandbake has 60 seconds left.\n|\n|t:|1776307818\n|teamsize|p1|4\n|teamsize|p2|4\n|start\n|switch|p1a: Sinistcha|Sinistcha, L50|100/100\n|switch|p1b: Torkoal|Torkoal, L50, F|100/100\n|switch|p2a: Slowking|Slowking-Galar, L50, M|100/100\n|switch|p2b: Incineroar|Incineroar, L50, F|100/100\n|-ability|p2b: Incineroar|Intimidate|boost\n|-unboost|p1a: Sinistcha|atk|1\n|-unboost|p1b: Torkoal|atk|1\n|-weather|SunnyDay|[from] ability: Drought|[of] p1b: Torkoal\n|turn|1\n|inactive|lakeandbake has 30 seconds left.\n|inactive|lakeandbake has 20 seconds left.\n|\n|t:|1776307857\n|switch|p1b: Drampa|Drampa, L50, M|100/100\n|-ability|p1b: Drampa|Cloud Nine\n|move|p2b: Incineroar|Throat Chop|p1a: Sinistcha\n|-supereffective|p1a: Sinistcha|1\n|-damage|p1a: Sinistcha|43/100\n|-start|p1a: Sinistcha|Throat Chop|[silent]\n|-enditem|p1a: Sinistcha|Sitrus Berry|[eat]\n|-heal|p1a: Sinistcha|68/100|[from] item: Sitrus Berry\n|move|p2a: Slowking|Sludge Bomb|p1b: Drampa\n|-damage|p1b: Drampa|68/100\n|move|p1a: Sinistcha|Trick Room|p1a: Sinistcha\n|-fieldstart|move: Trick Room|[of] p1a: Sinistcha\n|\n|-weather|SunnyDay|[upkeep]\n|upkeep\n|turn|2\n|\n|t:|1776307885\n|switch|p1a: Torkoal|Torkoal, L50, F|100/100\n|detailschange|p1b: Drampa|Drampa-Mega, L50, M\n|-mega|p1b: Drampa|Drampa|Drampanite\n|move|p2b: Incineroar|Protect|p2b: Incineroar\n|-singleturn|p2b: Incineroar|Protect\n|move|p1b: Drampa|Hyper Voice|p2a: Slowking|[spread] p2a\n|-activate|p2b: Incineroar|move: Protect\n|-damage|p2a: Slowking|74/100\n|move|p2a: Slowking|Trick Room|p2a: Slowking\n|-fieldend|move: Trick Room\n|\n|-weather|SunnyDay|[upkeep]\n|upkeep\n|turn|3\n|\n|t:|1776307907\n|switch|p2a: Primarina|Primarina, L50, F|100/100\n|move|p2b: Incineroar|Throat Chop|p1a: Torkoal\n|-damage|p1a: Torkoal|75/100\n|-start|p1a: Torkoal|Throat Chop|[silent]\n|move|p1b: Drampa|Hyper Voice|p2b: Incineroar|[spread] p2a,p2b\n|-damage|p2a: Primarina|65/100\n|-damage|p2b: Incineroar|72/100\n|move|p1a: Torkoal|Eruption|p2a: Primarina|[spread] p2a,p2b\n|-resisted|p2a: Primarina|1\n|-resisted|p2b: Incineroar|1\n|-damage|p2a: Primarina|40/100\n|-damage|p2b: Incineroar|50/100\n|-enditem|p2b: Incineroar|Sitrus Berry|[eat]\n|-heal|p2b: Incineroar|75/100|[from] item: Sitrus Berry\n|\n|-weather|SunnyDay|[upkeep]\n|-heal|p2a: Primarina|46/100|[from] item: Leftovers\n|upkeep\n|turn|4\n|\n|t:|1776307928\n|switch|p1b: Sinistcha|Sinistcha, L50|68/100\n|-heal|p1a: Torkoal|99/100|[from] ability: Hospitality|[of] p1b: Sinistcha\n|move|p2a: Primarina|Hyper Voice|p1a: Torkoal|[spread] p1a,p1b\n|-supereffective|p1a: Torkoal|1\n|-resisted|p1b: Sinistcha|1\n|-damage|p1a: Torkoal|54/100\n|-damage|p1b: Sinistcha|60/100\n|move|p2b: Incineroar|Throat Chop|p1a: Torkoal\n|-damage|p1a: Torkoal|30/100\n|move|p1a: Torkoal|Eruption|p2b: Incineroar|[spread] p2a,p2b\n|-resisted|p2a: Primarina|1\n|-resisted|p2b: Incineroar|1\n|-damage|p2a: Primarina|36/100\n|-damage|p2b: Incineroar|67/100\n|\n|-weather|SunnyDay|[upkeep]\n|-heal|p2a: Primarina|42/100|[from] item: Leftovers\n|-end|p1a: Torkoal|Throat Chop|[silent]\n|upkeep\n|turn|5\n|inactive|lakeandbake has 30 seconds left.\n|inactive|dinobinoid7 has 30 seconds left.\n|\n|t:|1776307955\n|switch|p2a: Slowking|Slowking-Galar, L50, M|100/100\n|switch|p1b: Drampa|Drampa-Mega, L50, M|68/100\n|move|p2b: Incineroar|Throat Chop|p1b: Drampa\n|-damage|p1b: Drampa|43/100\n|-start|p1b: Drampa|Throat Chop|[silent]\n|-ability|p1b: Drampa|Berserk|boost\n|-boost|p1b: Drampa|spa|1\n|move|p1a: Torkoal|Yawn|p2b: Incineroar\n|-start|p2b: Incineroar|move: Yawn|[of] p1a: Torkoal\n|\n|-weather|none\n|upkeep\n|turn|6\n|inactive|dinobinoid7 has 30 seconds left.\n|\n|t:|1776307988\n|switch|p2b: Primarina|Primarina, L50, F|42/100\n|switch|p1a: Sinistcha|Sinistcha, L50|60/100\n|-heal|p1b: Drampa|68/100|[from] ability: Hospitality|[of] p1a: Sinistcha\n|move|p1b: Drampa|Dragon Pulse|p2b: Primarina\n|-immune|p2b: Primarina\n|move|p2a: Slowking|Sludge Bomb|p1a: Sinistcha\n|-damage|p1a: Sinistcha|30/100\n|\n|-heal|p2b: Primarina|48/100|[from] item: Leftovers\n|-end|p1b: Drampa|Throat Chop|[silent]\n|upkeep\n|turn|7\n|inactive|dinobinoid7 has 30 seconds left.\n|inactive|dinobinoid7 has 20 seconds left.\n|inactive|dinobinoid7 has 15 seconds left.\n|\n|t:|1776308029\n|switch|p2b: Crabominable|Crabominable, L50, F, shiny|100/100\n|switch|p1a: Torkoal|Torkoal, L50, F|30/100\n|-weather|SunnyDay|[from] ability: Drought|[of] p1a: Torkoal\n|move|p1b: Drampa|Hyper Voice|p2a: Slowking|[spread] p2a,p2b\n|-crit|p2b: Crabominable\n|-damage|p2a: Slowking|57/100\n|-damage|p2b: Crabominable|0 fnt\n|faint|p2b: Crabominable\n|move|p2a: Slowking|Trick Room|p2a: Slowking\n|-fieldstart|move: Trick Room|[of] p2a: Slowking\n|\n|-weather|SunnyDay|[upkeep]\n|upkeep\n|\n|t:|1776308042\n|switch|p2b: Incineroar|Incineroar, L50, F|67/100\n|-ability|p2b: Incineroar|Intimidate|boost\n|-unboost|p1a: Torkoal|atk|1\n|-unboost|p1b: Drampa|atk|1\n|turn|8\n|\n|t:|1776308053\n|switch|p1a: Sinistcha|Sinistcha, L50|30/100\n|-heal|p1b: Drampa|92/100|[from] ability: Hospitality|[of] p1a: Sinistcha\n|move|p1b: Drampa|Protect|p1b: Drampa\n|-singleturn|p1b: Drampa|Protect\n|move|p2b: Incineroar|Fake Out|p1a: Sinistcha\n|-immune|p1a: Sinistcha\n|move|p2a: Slowking|Sludge Bomb|p1b: Drampa\n|-activate|p1b: Drampa|move: Protect\n|\n|-weather|SunnyDay|[upkeep]\n|upkeep\n|turn|9\n|-message|dinobinoid7 forfeited.\n|\n|win|lakeandbake\n|raw|lakeandbake's rating: 1169 &rarr; <strong>1191</strong><br />(+22 for winning)\n|raw|dinobinoid7's rating: 1134 &rarr; <strong>1112</strong><br />(-22 for losing)\n",
  "uploadtime": 1776308059,
  "views": 21,
  "formatid": "gen9championsvgc2026regma",
  "rating": 1112,
  "private": 0,
  "password": null
}