{
  "id": "gen9championsvgc2026regma-2587665973",
  "format": "[Gen 9 Champions] VGC 2026 Reg M-A",
  "players": [
    "GusGamer733",
    "Chickaen"
  ],
  "log": "|j|\u2606GusGamer733\n|j|\u2606Chickaen\n|t:|1776551859\n|gametype|doubles\n|player|p1|GusGamer733|cress|1075\n|player|p2|Chickaen|bugcatcher-gen2|1089\n|gen|9\n|tier|[Gen 9 Champions] VGC 2026 Reg M-A\n|rated|\n|rule|Species Clause: Limit one of each Pok\u00e9mon\n|rule|Item Clause: Limit 1 of each item\n|clearpoke\n|poke|p1|Sneasler, L50, F|\n|poke|p1|Floette-Eternal, L50, F|\n|poke|p1|Incineroar, L50, F|\n|poke|p1|Sinistcha, L50|\n|poke|p1|Aerodactyl, L50, M|\n|poke|p1|Delphox, L50, M|\n|poke|p2|Drampa, L50, M|\n|poke|p2|Kingambit, L50, M|\n|poke|p2|Slowking-Galar, L50, F|\n|poke|p2|Araquanid, L50, M|\n|poke|p2|Torkoal, L50, F|\n|poke|p2|Farigiraf, L50, F|\n|teampreview|4\n|\n|t:|1776551888\n|teamsize|p1|4\n|teamsize|p2|4\n|start\n|switch|p1a: Floette|Floette-Eternal, L50, F|100/100\n|switch|p1b: Sinistcha|Sinistcha, L50|100/100\n|switch|p2a: Kingambit|Kingambit, L50, M|100/100\n|switch|p2b: chucklenuts|Slowking-Galar, L50, F|100/100\n|turn|1\n|\n|t:|1776551914\n|detailschange|p1a: Floette|Floette-Mega, L50, F\n|-mega|p1a: Floette|Floette|Floettite\n|-ability|p1a: Floette|Fairy Aura\n|move|p1b: Sinistcha|Rage Powder|p1b: Sinistcha\n|-singleturn|p1b: Sinistcha|move: Rage Powder\n|move|p1a: Floette|Dazzling Gleam|p2b: chucklenuts|[spread] p2a,p2b\n|-resisted|p2b: chucklenuts|1\n|-damage|p2a: Kingambit|54/100\n|-damage|p2b: chucklenuts|77/100\n|move|p2a: Kingambit|Iron Head|p1b: Sinistcha\n|-damage|p1b: Sinistcha|48/100\n|move|p2b: chucklenuts|Trick Room|p2b: chucklenuts\n|-fieldstart|move: Trick Room|[of] p2b: chucklenuts\n|\n|upkeep\n|turn|2\n|\n|t:|1776551942\n|move|p1b: Sinistcha|Rage Powder|p1b: Sinistcha\n|-singleturn|p1b: Sinistcha|move: Rage Powder\n|move|p2b: chucklenuts|Sludge Bomb|p1b: Sinistcha\n|-damage|p1b: Sinistcha|0 fnt\n|faint|p1b: Sinistcha\n|move|p2a: Kingambit|Iron Head|p1a: Floette\n|-supereffective|p1a: Floette|1\n|-damage|p1a: Floette|0 fnt\n|faint|p1a: Floette\n|\n|upkeep\n|c|\u2606Chickaen|textbook\n|\n|t:|1776551953\n|switch|p1b: Incineroar|Incineroar, L50, F|100/100\n|switch|p1a: Sneasler|Sneasler, L50, F|100/100\n|-ability|p1b: Incineroar|Intimidate|boost\n|-unboost|p2a: Kingambit|atk|1\n|-ability|p2a: Kingambit|Defiant|boost\n|-boost|p2a: Kingambit|atk|2\n|-unboost|p2b: chucklenuts|atk|1\n|turn|3\n|\n|t:|1776551972\n|move|p2a: Kingambit|Protect|p2a: Kingambit\n|-singleturn|p2a: Kingambit|Protect\n|move|p1b: Incineroar|Fake Out|p2b: chucklenuts\n|-damage|p2b: chucklenuts|63/100\n|cant|p2b: chucklenuts|flinch\n|move|p1a: Sneasler|Close Combat|p2a: Kingambit\n|-activate|p2a: Kingambit|move: Protect\n|\n|upkeep\n|turn|4\n|\n|t:|1776551998\n|move|p2b: chucklenuts|Psychic Noise|p1a: Sneasler\n|-supereffective|p1a: Sneasler|2\n|-damage|p1a: Sneasler|0 fnt\n|faint|p1a: Sneasler\n|move|p2a: Kingambit|Iron Head|p1b: Incineroar\n|-resisted|p1b: Incineroar|1\n|-damage|p1b: Incineroar|58/100\n|move|p1b: Incineroar|Flare Blitz|p2a: Kingambit\n|-supereffective|p2a: Kingambit|1\n|-damage|p2a: Kingambit|0 fnt\n|faint|p2a: Kingambit\n|-damage|p1b: Incineroar|41/100|[from] Recoil\n|-enditem|p1b: Incineroar|Sitrus Berry|[eat]\n|-heal|p1b: Incineroar|65/100|[from] item: Sitrus Berry\n|\n|upkeep\n|\n|t:|1776552011\n|switch|p2a: Araquanid|Araquanid, L50, M|100/100\n|turn|5\n|\n|t:|1776552031\n|move|p2b: chucklenuts|Sludge Bomb|p1b: Incineroar\n|-damage|p1b: Incineroar|15/100\n|move|p2a: Araquanid|Liquidation|p1b: Incineroar\n|-supereffective|p1b: Incineroar|1\n|-damage|p1b: Incineroar|0 fnt\n|faint|p1b: Incineroar\n|\n|win|Chickaen\n|raw|GusGamer733's rating: 1075 &rarr; <strong>1055</strong><br />(-20 for losing)\n|raw|Chickaen's rating: 1089 &rarr; <strong>1115</strong><br />(+26 for winning)\n",
  "uploadtime": 1776552039,
  "views": 20,
  "formatid": "gen9championsvgc2026regma",
  "rating": 1055,
  "private": 0,
  "password": null
}