{
  "id": "gen9championsvgc2026regma-2583646319",
  "format": "[Gen 9 Champions] VGC 2026 Reg M-A",
  "players": [
    "Jah_08",
    "Jortiz23"
  ],
  "log": "|j|\u2606Jah_08\n|j|\u203dJortiz23\n|t:|1776188533\n|gametype|doubles\n|player|p1|Jah_08|alder|1266\n|player|p2|Jortiz23|266|1266\n|gen|9\n|tier|[Gen 9 Champions] VGC 2026 Reg M-A\n|rated|\n|rule|Species Clause: Limit one of each Pok\u00e9mon\n|rule|Item Clause: Limit 1 of each item\n|clearpoke\n|poke|p1|Excadrill, L50, F|\n|poke|p1|Whimsicott, L50, F|\n|poke|p1|Chandelure, L50, F|\n|poke|p1|Zoroark-Hisui, L50, F|\n|poke|p1|Basculegion, L50, M|\n|poke|p1|Conkeldurr, L50, M|\n|poke|p2|Incineroar, L50, F|\n|poke|p2|Ninetales-Alola, L50, F|\n|poke|p2|Kingambit, L50, M|\n|poke|p2|Sinistcha, L50|\n|poke|p2|Gengar, L50, F|\n|poke|p2|Rotom-Wash, L50|\n|teampreview|4\n|inactive|Battle timer is ON: inactive players will automatically lose when time's up. (requested by Jah_08)\n|\n|t:|1776188583\n|teamsize|p1|4\n|teamsize|p2|4\n|start\n|switch|p1a: Chandelure|Chandelure, L50, F|100/100\n|switch|p1b: Conkeldurr|Conkeldurr, L50, M, shiny|100/100\n|switch|p2a: Kingambit|Kingambit, L50, M|100/100\n|switch|p2b: Incineroar|Incineroar, L50, F|100/100\n|-ability|p2b: Incineroar|Intimidate|boost\n|-unboost|p1a: Chandelure|atk|1\n|-unboost|p1b: Conkeldurr|atk|1\n|turn|1\n|inactive|Jah_08 has 30 seconds left.\n|\n|t:|1776188609\n|detailschange|p1a: Chandelure|Chandelure-Mega, L50, F\n|-mega|p1a: Chandelure|Chandelure|Chandelurite\n|move|p1b: Conkeldurr|Protect|p1b: Conkeldurr\n|-singleturn|p1b: Conkeldurr|Protect\n|move|p1a: Chandelure|Protect|p1a: Chandelure\n|-singleturn|p1a: Chandelure|Protect\n|move|p2a: Kingambit|Protect|p2a: Kingambit\n|-singleturn|p2a: Kingambit|Protect\n|move|p2b: Incineroar|Darkest Lariat|p1a: Chandelure\n|-activate|p1a: Chandelure|move: Protect\n|\n|upkeep\n|turn|2\n|\n|t:|1776188634\n|switch|p1a: Conkeldurr|Conkeldurr, L50, M, shiny|100/100\n|switch|p2a: Gengar|Gengar, L50, F, shiny|100/100\n|move|p1b: Conkeldurr|Sludge Bomb|p2a: Gengar\n|-resisted|p2a: Gengar|2\n|-damage|p2a: Gengar|90/100\n|move|p2b: Incineroar|Darkest Lariat|p1a: Conkeldurr\n|-resisted|p1a: Conkeldurr|1\n|-damage|p1a: Conkeldurr|83/100\n|\n|upkeep\n|turn|3\n|\n|t:|1776188657\n|detailschange|p2a: Gengar|Gengar-Mega, L50, F, shiny\n|-mega|p2a: Gengar|Gengar|Gengarite\n|move|p2a: Gengar|Substitute|p2a: Gengar\n|-start|p2a: Gengar|Substitute\n|-damage|p2a: Gengar|66/100\n|move|p1b: Conkeldurr|Shadow Ball|p2a: Gengar\n|-supereffective|p2a: Gengar|1\n|-end|p2a: Gengar|Substitute\n|move|p2b: Incineroar|Darkest Lariat|p1b: Conkeldurr\n|-supereffective|p1b: Conkeldurr|1\n|-damage|p1b: Conkeldurr|0 fnt\n|replace|p1b: Zoroark|Zoroark-Hisui, L50, F\n|-end|p1b: Zoroark|Illusion\n|faint|p1b: Zoroark\n|move|p1a: Conkeldurr|Drain Punch|p2b: Incineroar\n|-supereffective|p2b: Incineroar|1\n|-damage|p2b: Incineroar|5/100\n|-heal|p1a: Conkeldurr|100/100|[from] drain|[of] p2b: Incineroar\n|\n|upkeep\n|\n|t:|1776188676\n|switch|p1b: Basculegion|Basculegion, L50, M|100/100\n|turn|4\n|\n|t:|1776188691\n|move|p2a: Gengar|Protect|p2a: Gengar\n|-singleturn|p2a: Gengar|Protect\n|move|p1a: Conkeldurr|Mach Punch|p2b: Incineroar\n|-supereffective|p2b: Incineroar|1\n|-damage|p2b: Incineroar|0 fnt\n|faint|p2b: Incineroar\n|move|p1b: Basculegion|Flip Turn|p2a: Gengar\n|-activate|p2a: Gengar|move: Protect\n|\n|upkeep\n|\n|t:|1776188698\n|switch|p2b: Kingambit|Kingambit, L50, M|100/100\n|turn|5\n|\n|t:|1776188715\n|switch|p1b: Chandelure|Chandelure-Mega, L50, F|100/100\n|move|p2b: Kingambit|Sucker Punch||[still]\n|-fail|p2b: Kingambit\n|move|p2a: Gengar|Perish Song|p2a: Gengar\n|-start|p1a: Conkeldurr|perish3|[silent]\n|-start|p1b: Chandelure|perish3|[silent]\n|-start|p2a: Gengar|perish3|[silent]\n|-start|p2b: Kingambit|perish3|[silent]\n|-fieldactivate|move: Perish Song\n|move|p1a: Conkeldurr|Drain Punch|p2b: Kingambit\n|-supereffective|p2b: Kingambit|2\n|-enditem|p2b: Kingambit|Chople Berry|[eat]\n|-enditem|p2b: Kingambit|Chople Berry|[weaken]\n|-damage|p2b: Kingambit|14/100\n|\n|-start|p2a: Gengar|perish3\n|-start|p1b: Chandelure|perish3\n|-start|p2b: Kingambit|perish3\n|-start|p1a: Conkeldurr|perish3\n|upkeep\n|turn|6\n|inactive|Jah_08 has 30 seconds left.\n|\n|t:|1776188742\n|move|p2b: Kingambit|Protect|p2b: Kingambit\n|-singleturn|p2b: Kingambit|Protect\n|move|p2a: Gengar|Substitute|p2a: Gengar\n|-start|p2a: Gengar|Substitute\n|-damage|p2a: Gengar|41/100\n|move|p1b: Chandelure|Heat Wave|p2b: Kingambit|[spread] p2a\n|-activate|p2b: Kingambit|move: Protect\n|-damage|p2a: Gengar|0 fnt\n|faint|p2a: Gengar\n|move|p1a: Conkeldurr|Knock Off|p2b: Kingambit\n|-activate|p2b: Kingambit|move: Protect\n|\n|-start|p1b: Chandelure|perish2\n|-start|p2b: Kingambit|perish2\n|-start|p1a: Conkeldurr|perish2\n|upkeep\n|-message|Jortiz23 forfeited.\n|\n|win|Jah_08\n|raw|Jah_08's rating: 1266 &rarr; <strong>1291</strong><br />(+25 for winning)\n|raw|Jortiz23's rating: 1266 &rarr; <strong>1241</strong><br />(-25 for losing)\n|l|\u203dJortiz23\n|player|p2|\n",
  "uploadtime": 1776188762,
  "views": 21,
  "formatid": "gen9championsvgc2026regma",
  "rating": 1241,
  "private": 0,
  "password": null
}