{
  "id": "gen9championsvgc2026regma-2581769529",
  "format": "[Gen 9 Champions] VGC 2026 Reg M-A",
  "players": [
    "Yamimari",
    "Djdjcncchc"
  ],
  "log": "|j|\u2606Yamimari\n|j|\u2606Djdjcncchc\n|t:|1776026992\n|gametype|doubles\n|player|p1|Yamimari|n|1087\n|player|p2|Djdjcncchc|101|1047\n|gen|9\n|tier|[Gen 9 Champions] VGC 2026 Reg M-A\n|rated|\n|rule|Species Clause: Limit one of each Pok\u00e9mon\n|rule|Item Clause: Limit 1 of each item\n|clearpoke\n|poke|p1|Sableye, L50, M|\n|poke|p1|Victreebel, L50, F|\n|poke|p1|Farigiraf, L50, M|\n|poke|p1|Araquanid, L50, F|\n|poke|p1|Arcanine, L50, M|\n|poke|p1|Raichu, L50, M|\n|poke|p2|Froslass, L50, F|\n|poke|p2|Kingambit, L50, M|\n|poke|p2|Incineroar, L50, M|\n|poke|p2|Basculegion, L50, M|\n|poke|p2|Rotom-Frost, L50|\n|poke|p2|Aerodactyl, L50, M|\n|teampreview|4\n|inactive|Battle timer is ON: inactive players will automatically lose when time's up. (requested by Yamimari)\n|\n|t:|1776027023\n|teamsize|p1|4\n|teamsize|p2|4\n|start\n|switch|p1a: Pippins|Raichu, L50, M|100/100\n|switch|p1b: Gabu|Arcanine, L50, M|100/100\n|switch|p2a: Kingambit|Kingambit, L50, M|100/100\n|switch|p2b: Aerodactyl|Aerodactyl, L50, M|100/100\n|-ability|p2b: Aerodactyl|Unnerve\n|-ability|p1b: Gabu|Intimidate|boost\n|-unboost|p2a: Kingambit|atk|1\n|-ability|p2a: Kingambit|Defiant|boost\n|-boost|p2a: Kingambit|atk|2\n|-unboost|p2b: Aerodactyl|atk|1\n|turn|1\n|\n|t:|1776027038\n|move|p1a: Pippins|Fake Out|p2b: Aerodactyl\n|-resisted|p2b: Aerodactyl|1\n|-damage|p2b: Aerodactyl|95/100\n|move|p2a: Kingambit|Sucker Punch||[still]\n|-fail|p2a: Kingambit\n|cant|p2b: Aerodactyl|flinch\n|move|p1b: Gabu|Will-O-Wisp|p2a: Kingambit\n|-status|p2a: Kingambit|brn\n|\n|-damage|p2a: Kingambit|95/100 brn|[from] brn\n|upkeep\n|turn|2\n|\n|t:|1776027058\n|move|p2a: Kingambit|Sucker Punch||[still]\n|-fail|p2a: Kingambit\n|move|p2b: Aerodactyl|Rock Slide|p1a: Pippins|[spread] p1a,p1b\n|-supereffective|p1b: Gabu|1\n|-damage|p1a: Pippins|77/100\n|-damage|p1b: Gabu|69/100\n|move|p1a: Pippins|Volt Switch|p2b: Aerodactyl\n|-supereffective|p2b: Aerodactyl|1\n|-damage|p2b: Aerodactyl|29/100\n|\n|t:|1776027069\n|switch|p1a: Weeber|Araquanid, L50, F, shiny|100/100|[from] Volt Switch\n|cant|p1b: Gabu|flinch\n|\n|-damage|p2a: Kingambit|89/100 brn|[from] brn\n|upkeep\n|turn|3\n|\n|t:|1776027080\n|move|p1a: Weeber|Wide Guard|p1a: Weeber\n|-singleturn|p1a: Weeber|Wide Guard\n|move|p2b: Aerodactyl|Rock Slide|p1b: Gabu|[spread] \n|-activate|p1a: Weeber|move: Wide Guard\n|-activate|p1b: Gabu|move: Wide Guard\n|move|p1b: Gabu|Will-O-Wisp|p2b: Aerodactyl|[miss]\n|-miss|p1b: Gabu|p2b: Aerodactyl\n|move|p2a: Kingambit|Kowtow Cleave|p1a: Weeber\n|-damage|p1a: Weeber|50/100\n|\n|-heal|p1a: Weeber|55/100|[from] item: Leftovers\n|-damage|p2a: Kingambit|83/100 brn|[from] brn\n|upkeep\n|turn|4\n|\n|t:|1776027093\n|move|p1a: Weeber|Wide Guard|p1a: Weeber\n|-singleturn|p1a: Weeber|Wide Guard\n|move|p2b: Aerodactyl|Tailwind|p2b: Aerodactyl\n|-sidestart|p2: Djdjcncchc|move: Tailwind\n|move|p2a: Kingambit|Kowtow Cleave|p1b: Gabu\n|-damage|p1b: Gabu|29/100\n|move|p1b: Gabu|Will-O-Wisp|p2b: Aerodactyl\n|-status|p2b: Aerodactyl|brn\n|\n|-heal|p1a: Weeber|61/100|[from] item: Leftovers\n|-damage|p2b: Aerodactyl|23/100 brn|[from] brn\n|-damage|p2a: Kingambit|77/100 brn|[from] brn\n|upkeep\n|turn|5\n|\n|t:|1776027108\n|move|p2a: Kingambit|Sucker Punch||[still]\n|-fail|p2a: Kingambit\n|move|p2b: Aerodactyl|Dual Wingbeat|p1a: Weeber\n|-supereffective|p1a: Weeber|1\n|-damage|p1a: Weeber|48/100\n|-supereffective|p1a: Weeber|1\n|-damage|p1a: Weeber|35/100\n|-hitcount|p1a: Weeber|2\n|move|p1b: Gabu|Morning Sun|p1b: Gabu\n|-heal|p1b: Gabu|79/100\n|move|p1a: Weeber|Liquidation|p2a: Kingambit\n|-damage|p2a: Kingambit|31/100 brn\n|\n|-heal|p1a: Weeber|40/100|[from] item: Leftovers\n|-damage|p2b: Aerodactyl|17/100 brn|[from] brn\n|-damage|p2a: Kingambit|25/100 brn|[from] brn\n|upkeep\n|turn|6\n|\n|t:|1776027122\n|move|p1a: Weeber|Wide Guard|p1a: Weeber\n|-singleturn|p1a: Weeber|Wide Guard\n|move|p2b: Aerodactyl|Dual Wingbeat|p1a: Weeber\n|-supereffective|p1a: Weeber|1\n|-damage|p1a: Weeber|27/100\n|-supereffective|p1a: Weeber|1\n|-damage|p1a: Weeber|13/100\n|-hitcount|p1a: Weeber|2\n|move|p2a: Kingambit|Kowtow Cleave|p1b: Gabu\n|-damage|p1b: Gabu|42/100\n|move|p1b: Gabu|Heat Wave|p2b: Aerodactyl|[spread] p2b\n|-miss|p1b: Gabu|p2a: Kingambit\n|-resisted|p2b: Aerodactyl|1\n|-damage|p2b: Aerodactyl|1/100 brn\n|\n|-heal|p1a: Weeber|19/100|[from] item: Leftovers\n|-damage|p2b: Aerodactyl|0 fnt|[from] brn\n|faint|p2b: Aerodactyl\n|-damage|p2a: Kingambit|19/100 brn|[from] brn\n|upkeep\n|-enditem|p1b: Gabu|Sitrus Berry|[eat]\n|-heal|p1b: Gabu|67/100|[from] item: Sitrus Berry\n|\n|t:|1776027140\n|switch|p2b: Rotom|Rotom-Frost, L50|100/100\n|turn|7\n|\n|t:|1776027151\n|move|p2b: Rotom|Electroweb|p1b: Gabu|[spread] p1a,p1b\n|-supereffective|p1a: Weeber|1\n|-damage|p1a: Weeber|0 fnt\n|-damage|p1b: Gabu|49/100\n|-unboost|p1b: Gabu|spe|1\n|faint|p1a: Weeber\n|move|p2a: Kingambit|Kowtow Cleave|p1b: Gabu\n|-damage|p1b: Gabu|7/100\n|move|p1b: Gabu|Morning Sun|p1b: Gabu\n|-heal|p1b: Gabu|57/100\n|\n|-damage|p2a: Kingambit|14/100 brn|[from] brn\n|-sideend|p2: Djdjcncchc|move: Tailwind\n|upkeep\n|\n|t:|1776027156\n|switch|p1a: Pippins|Raichu, L50, M|77/100\n|turn|8\n|\n|t:|1776027164\n|move|p2b: Rotom|Protect|p2b: Rotom\n|-singleturn|p2b: Rotom|Protect\n|move|p1a: Pippins|Fake Out|p2a: Kingambit\n|-resisted|p2a: Kingambit|1\n|-damage|p2a: Kingambit|11/100 brn\n|cant|p2a: Kingambit|flinch\n|move|p1b: Gabu|Snarl|p2a: Kingambit|[spread] p2a\n|-activate|p2b: Rotom|move: Protect\n|-resisted|p2a: Kingambit|1\n|-damage|p2a: Kingambit|6/100 brn\n|-unboost|p2a: Kingambit|spa|1\n|-ability|p2a: Kingambit|Defiant|boost\n|-boost|p2a: Kingambit|atk|2\n|\n|-damage|p2a: Kingambit|0 fnt|[from] brn\n|faint|p2a: Kingambit\n|upkeep\n|\n|t:|1776027168\n|switch|p2a: Froslass|Froslass, L50, F|100/100\n|turn|9\n|\n|t:|1776027178\n|detailschange|p2a: Froslass|Froslass-Mega, L50, F\n|-mega|p2a: Froslass|Froslass|Froslassite\n|-weather|Snowscape|[from] ability: Snow Warning|[of] p2a: Froslass\n|move|p2a: Froslass|Aurora Veil|p2a: Froslass\n|-sidestart|p2: Djdjcncchc|move: Aurora Veil\n|move|p1a: Pippins|Nuzzle|p2a: Froslass\n|-damage|p2a: Froslass|96/100\n|-status|p2a: Froslass|par\n|move|p2b: Rotom|Blizzard|p1a: Pippins|[spread] p1a,p1b\n|-resisted|p1b: Gabu|1\n|-damage|p1a: Pippins|10/100\n|-damage|p1b: Gabu|37/100\n|move|p1b: Gabu|Snarl|p2a: Froslass|[spread] p2a,p2b\n|-supereffective|p2a: Froslass|1\n|-damage|p2a: Froslass|80/100 par\n|-damage|p2b: Rotom|92/100\n|-unboost|p2a: Froslass|spa|1\n|-unboost|p2b: Rotom|spa|1\n|\n|-weather|Snowscape|[upkeep]\n|upkeep\n|turn|10\n|\n|t:|1776027193\n|move|p1a: Pippins|Endeavor|p2b: Rotom\n|-damage|p2b: Rotom|12/100\n|move|p2b: Rotom|Blizzard|p1b: Gabu|[spread] p1a,p1b\n|-resisted|p1b: Gabu|1\n|-damage|p1a: Pippins|0 fnt\n|-damage|p1b: Gabu|23/100\n|faint|p1a: Pippins\n|move|p2a: Froslass|Blizzard|p1b: Gabu\n|-resisted|p1b: Gabu|1\n|-damage|p1b: Gabu|3/100\n|move|p1b: Gabu|Snarl|p2b: Rotom|[spread] p2a,p2b\n|-supereffective|p2a: Froslass|1\n|-damage|p2a: Froslass|64/100 par\n|-damage|p2b: Rotom|3/100\n|-unboost|p2a: Froslass|spa|1\n|-unboost|p2b: Rotom|spa|1\n|\n|-weather|Snowscape|[upkeep]\n|upkeep\n|\n|t:|1776027205\n|switch|p1a: Baret|Victreebel, L50, F, shiny|100/100\n|turn|11\n|\n|t:|1776027212\n|detailschange|p1a: Baret|Victreebel-Mega, L50, F, shiny\n|-mega|p1a: Baret|Victreebel|Victreebelite\n|move|p2b: Rotom|Blizzard|p1a: Baret|[spread] p1a,p1b\n|-supereffective|p1a: Baret|1\n|-resisted|p1b: Gabu|1\n|-damage|p1a: Baret|57/100\n|-damage|p1b: Gabu|0 fnt\n|faint|p1b: Gabu\n|move|p1a: Baret|Giga Drain|p2b: Rotom\n|-damage|p2b: Rotom|0 fnt\n|-heal|p1a: Baret|58/100|[from] drain|[of] p2b: Rotom\n|faint|p2b: Rotom\n|move|p2a: Froslass|Blizzard|p1a: Baret\n|-supereffective|p1a: Baret|1\n|-damage|p1a: Baret|0 fnt\n|-damage|p2a: Froslass|0 fnt|[from] ability: Innards Out|[of] p1a: Baret\n|faint|p1a: Baret\n|faint|p2a: Froslass\n|\n|win|Djdjcncchc\n|raw|Yamimari's rating: 1087 &rarr; <strong>1061</strong><br />(-26 for losing)\n|raw|Djdjcncchc's rating: 1047 &rarr; <strong>1084</strong><br />(+37 for winning)\n|l|\u2606Djdjcncchc\n|player|p2|\n",
  "uploadtime": 1776027227,
  "views": 12,
  "formatid": "gen9championsvgc2026regma",
  "rating": 1061,
  "private": 0,
  "password": null
}