{
  "id": "gen9championsvgc2026regma-2587991007",
  "format": "[Gen 9 Champions] VGC 2026 Reg M-A",
  "players": [
    "RhubarbPiie",
    "bjhhrtr"
  ],
  "log": "|j|\u2606RhubarbPiie\n|j|\u2606bjhhrtr\n|t:|1776589704\n|gametype|doubles\n|player|p1|RhubarbPiie|hugh|1069\n|player|p2|bjhhrtr|1|1052\n|gen|9\n|tier|[Gen 9 Champions] VGC 2026 Reg M-A\n|rated|\n|rule|Species Clause: Limit one of each Pok\u00e9mon\n|rule|Item Clause: Limit 1 of each item\n|clearpoke\n|poke|p1|Sneasler, L50, M|\n|poke|p1|Kingambit, L50, F|\n|poke|p1|Clefable, L50, F|\n|poke|p1|Delphox, L50, F|\n|poke|p1|Dragonite, L50, F|\n|poke|p1|Basculegion, L50, M|\n|poke|p2|Meganium, L50, F|\n|poke|p2|Archaludon, L50, M|\n|poke|p2|Aerodactyl, L50, M|\n|poke|p2|Typhlosion-Hisui, L50, F|\n|poke|p2|Tauros-Paldea-Aqua, L50, M|\n|poke|p2|Kangaskhan, L50, F|\n|teampreview|4\n|inactive|Battle timer is ON: inactive players will automatically lose when time's up. (requested by RhubarbPiie)\n|inactive|RhubarbPiie has 60 seconds left.\n|inactive|bjhhrtr has 60 seconds left.\n|inactive|bjhhrtr has 30 seconds left.\n|inactive|bjhhrtr has 20 seconds left.\n|inactive|bjhhrtr has 15 seconds left.\n|\n|t:|1776589784\n|teamsize|p1|4\n|teamsize|p2|4\n|start\n|switch|p1a: Sneasler|Sneasler, L50, M|100/100\n|switch|p1b: Basculegion|Basculegion, L50, M|100/100\n|switch|p2a: Aerodactyl|Aerodactyl, L50, M|100/100\n|switch|p2b: Archaludon|Archaludon, L50, M|100/100\n|-ability|p2a: Aerodactyl|Unnerve\n|turn|1\n|\n|t:|1776589807\n|move|p2a: Aerodactyl|Protect|p2a: Aerodactyl\n|-singleturn|p2a: Aerodactyl|Protect\n|move|p1a: Sneasler|Fake Out|p2b: Archaludon\n|-resisted|p2b: Archaludon|1\n|-damage|p2b: Archaludon|94/100\n|move|p1b: Basculegion|Wave Crash|p2a: Aerodactyl\n|-activate|p2a: Aerodactyl|move: Protect\n|cant|p2b: Archaludon|flinch\n|\n|upkeep\n|turn|2\n|\n|t:|1776589821\n|move|p1b: Basculegion|Wave Crash|p2a: Aerodactyl\n|-supereffective|p2a: Aerodactyl|1\n|-enditem|p2a: Aerodactyl|Focus Sash\n|-damage|p2a: Aerodactyl|1/100\n|-damage|p1b: Basculegion|75/100|[from] Recoil\n|move|p2a: Aerodactyl|Dual Wingbeat|p1a: Sneasler\n|-supereffective|p1a: Sneasler|1\n|-damage|p1a: Sneasler|39/100\n|-supereffective|p1a: Sneasler|1\n|-damage|p1a: Sneasler|0 fnt\n|faint|p1a: Sneasler\n|-hitcount|p1: Sneasler|2\n|move|p2b: Archaludon|Thunderbolt|p1b: Basculegion\n|-supereffective|p1b: Basculegion|1\n|-damage|p1b: Basculegion|0 fnt\n|faint|p1b: Basculegion\n|\n|upkeep\n|\n|t:|1776589837\n|switch|p1a: Dragonite|Dragonite, L50, F|100/100\n|switch|p1b: Delphox|Delphox, L50, F|100/100\n|turn|3\n|\n|t:|1776589858\n|detailschange|p1b: Delphox|Delphox-Mega, L50, F\n|-mega|p1b: Delphox|Delphox|Delphoxite\n|move|p1a: Dragonite|Extreme Speed|p2a: Aerodactyl\n|-resisted|p2a: Aerodactyl|1\n|-damage|p2a: Aerodactyl|0 fnt\n|faint|p2a: Aerodactyl\n|move|p1b: Delphox|Substitute|p1b: Delphox\n|-start|p1b: Delphox|Substitute\n|-damage|p1b: Delphox|76/100\n|move|p2b: Archaludon|Dragon Pulse|p1a: Dragonite\n|-supereffective|p1a: Dragonite|1\n|-damage|p1a: Dragonite|46/100\n|\n|upkeep\n|inactive|bjhhrtr has 30 seconds left.\n|\n|t:|1776589884\n|switch|p2a: Meganium|Meganium, L50, F|100/100\n|turn|4\n|\n|t:|1776589903\n|detailschange|p2a: Meganium|Meganium-Mega, L50, F\n|-mega|p2a: Meganium|Meganium|Meganiumite\n|move|p1b: Delphox|Heat Wave|p2a: Meganium|[spread] p2a\n|-miss|p1b: Delphox|p2b: Archaludon\n|-supereffective|p2a: Meganium|1\n|-damage|p2a: Meganium|27/100\n|move|p2b: Archaludon|Dragon Pulse|p1a: Dragonite\n|-supereffective|p1a: Dragonite|1\n|-damage|p1a: Dragonite|0 fnt\n|faint|p1a: Dragonite\n|move|p2a: Meganium|Dazzling Gleam|p1b: Delphox\n|-resisted|p1b: Delphox|1\n|-activate|p1b: Delphox|move: Substitute|[damage]\n|\n|upkeep\n|turn|5\n|\n|t:|1776589921\n|move|p1b: Delphox|Heat Wave|p2b: Archaludon|[spread] p2a,p2b\n|-supereffective|p2a: Meganium|1\n|-damage|p2a: Meganium|0 fnt\n|-damage|p2b: Archaludon|25/100\n|-status|p2b: Archaludon|brn\n|faint|p2a: Meganium\n|move|p2b: Archaludon|Dragon Pulse|p1b: Delphox\n|-end|p1b: Delphox|Substitute\n|\n|-damage|p2b: Archaludon|19/100 brn|[from] brn\n|upkeep\n|\n|t:|1776589930\n|switch|p2a: Tauros|Tauros-Paldea-Aqua, L50, M|100/100\n|-ability|p2a: Tauros|Intimidate|boost\n|-unboost|p1b: Delphox|atk|1\n|turn|6\n|\n|t:|1776589936\n|move|p1b: Delphox|Heat Wave|p2a: Tauros|[spread] p2a,p2b\n|-resisted|p2a: Tauros|1\n|-damage|p2a: Tauros|66/100\n|-damage|p2b: Archaludon|0 fnt\n|faint|p2b: Archaludon\n|move|p2a: Tauros|Wave Crash|p1b: Delphox\n|-supereffective|p1b: Delphox|1\n|-damage|p1b: Delphox|0 fnt\n|faint|p1b: Delphox\n|-damage|p2a: Tauros|41/100|[from] Recoil\n|\n|win|bjhhrtr\n|raw|RhubarbPiie's rating: 1069 &rarr; <strong>1048</strong><br />(-21 for losing)\n|raw|bjhhrtr's rating: 1052 &rarr; <strong>1086</strong><br />(+34 for winning)\n",
  "uploadtime": 1776589940,
  "views": 9,
  "formatid": "gen9championsvgc2026regma",
  "rating": 1048,
  "private": 0,
  "password": null
}