{
  "id": "gen9championsvgc2026regma-2588803485",
  "format": "[Gen 9 Champions] VGC 2026 Reg M-A",
  "players": [
    "TheSwagMessiah",
    "mizutiga"
  ],
  "log": "|j|\u2606TheSwagMessiah\n|j|\u2606mizutiga\n|t:|1776672823\n|gametype|doubles\n|player|p1|TheSwagMessiah|iris-gen5bw2|1066\n|player|p2|mizutiga|266|1082\n|gen|9\n|tier|[Gen 9 Champions] VGC 2026 Reg M-A\n|rated|\n|rule|Species Clause: Limit one of each Pok\u00e9mon\n|rule|Item Clause: Limit 1 of each item\n|clearpoke\n|poke|p1|Aggron, L50, F, shiny|\n|poke|p1|Farigiraf, L50, F, shiny|\n|poke|p1|Zoroark-Hisui, L50, F, shiny|\n|poke|p1|Chesnaught, L50, M, shiny|\n|poke|p1|Tyranitar, L50, F, shiny|\n|poke|p1|Sylveon, L50, F, shiny|\n|poke|p2|Serperior, L50, F, shiny|\n|poke|p2|Incineroar, L50, M|\n|poke|p2|Tauros-Paldea-Aqua, L50, M|\n|poke|p2|Pelipper, L50, F|\n|poke|p2|Dragonite, L50, M|\n|poke|p2|Milotic, L50, M|\n|teampreview|4\n|inactive|Battle timer is ON: inactive players will automatically lose when time's up. (requested by TheSwagMessiah)\n|\n|t:|1776672854\n|teamsize|p1|4\n|teamsize|p2|4\n|start\n|switch|p1a: Asgore|Chesnaught, L50, M, shiny|100/100\n|switch|p1b: Maelstrom57|Farigiraf, L50, F, shiny|100/100\n|switch|p2a: Incineroar|Incineroar, L50, M|100/100\n|switch|p2b: Milotic|Milotic, L50, M|100/100\n|-ability|p2a: Incineroar|Intimidate|boost\n|-unboost|p1a: Asgore|atk|1\n|-unboost|p1b: Maelstrom57|atk|1\n|turn|1\n|\n|t:|1776672878\n|detailschange|p1a: Asgore|Chesnaught-Mega, L50, M, shiny\n|-mega|p1a: Asgore|Chesnaught|Chesnaughtite\n|move|p2a: Incineroar|Fake Out||[still]\n|cant|p1b: Maelstrom57|ability: Armor Tail|Fake Out|[of] p2a: Incineroar\n|move|p2b: Milotic|Alluring Voice|p1a: Asgore\n|-supereffective|p1a: Asgore|1\n|-damage|p1a: Asgore|70/100\n|move|p1a: Asgore|Wood Hammer|p2b: Milotic\n|-supereffective|p2b: Milotic|1\n|-damage|p2b: Milotic|35/100\n|-damage|p1a: Asgore|43/100|[from] Recoil\n|move|p1b: Maelstrom57|Trick Room|p1b: Maelstrom57\n|-fieldstart|move: Trick Room|[of] p1b: Maelstrom57\n|\n|-heal|p2b: Milotic|41/100|[from] item: Leftovers\n|upkeep\n|turn|2\n|\n|t:|1776672900\n|switch|p2b: Pelipper|Pelipper, L50, F|100/100\n|-weather|RainDance|[from] ability: Drizzle|[of] p2b: Pelipper\n|move|p1a: Asgore|Spiky Shield|p1a: Asgore\n|-singleturn|p1a: Asgore|move: Protect\n|move|p1b: Maelstrom57|Hyper Voice|p2a: Incineroar|[spread] p2a,p2b\n|-damage|p2a: Incineroar|79/100\n|-damage|p2b: Pelipper|59/100\n|move|p2a: Incineroar|Flare Blitz|p1a: Asgore\n|-activate|p1a: Asgore|move: Protect\n|-damage|p2a: Incineroar|67/100|[from] Spiky Shield|[of] p1a: Asgore\n|\n|-weather|RainDance|[upkeep]\n|upkeep\n|turn|3\n|inactive|TheSwagMessiah has 30 seconds left.\n|\n|t:|1776672930\n|switch|p1a: For Coverage|Tyranitar, L50, F, shiny|100/100\n|-ability|p1a: For Coverage|Unnerve\n|move|p1b: Maelstrom57|Hyper Voice|p2b: Pelipper|[spread] p2a,p2b\n|-damage|p2a: Incineroar|44/100\n|-damage|p2b: Pelipper|12/100\n|move|p2a: Incineroar|Darkest Lariat|p1b: Maelstrom57\n|-supereffective|p1b: Maelstrom57|1\n|-damage|p1b: Maelstrom57|40/100\n|move|p2b: Pelipper|Hurricane|p1a: For Coverage\n|-resisted|p1a: For Coverage|1\n|-damage|p1a: For Coverage|87/100\n|\n|-weather|RainDance|[upkeep]\n|-heal|p1b: Maelstrom57|46/100|[from] item: Leftovers\n|upkeep\n|turn|4\n|inactive|mizutiga has 30 seconds left.\n|\n|t:|1776672958\n|move|p2b: Pelipper|Protect|p2b: Pelipper\n|-singleturn|p2b: Pelipper|Protect\n|move|p1b: Maelstrom57|Hyper Voice|p2a: Incineroar|[spread] p2a\n|-activate|p2b: Pelipper|move: Protect\n|-damage|p2a: Incineroar|22/100\n|move|p2a: Incineroar|Darkest Lariat|p1b: Maelstrom57\n|-supereffective|p1b: Maelstrom57|1\n|-crit|p1b: Maelstrom57\n|-damage|p1b: Maelstrom57|0 fnt\n|faint|p1b: Maelstrom57\n|move|p1a: For Coverage|Crunch|p2b: Pelipper\n|-activate|p2b: Pelipper|move: Protect\n|\n|-weather|RainDance|[upkeep]\n|upkeep\n|\n|t:|1776672979\n|switch|p1b: Asgore|Chesnaught-Mega, L50, M, shiny|43/100\n|turn|5\n|\n|t:|1776672990\n|switch|p2b: Dragonite|Dragonite, L50, M|100/100\n|move|p1b: Asgore|Body Press|p2a: Incineroar\n|-supereffective|p2a: Incineroar|1\n|-damage|p2a: Incineroar|0 fnt\n|faint|p2a: Incineroar\n|move|p1a: For Coverage|Crunch|p2b: Dragonite\n|-crit|p2b: Dragonite\n|-damage|p2b: Dragonite|70/100\n|\n|-weather|RainDance|[upkeep]\n|-fieldend|move: Trick Room\n|upkeep\n|\n|t:|1776673000\n|switch|p2a: Milotic|Milotic, L50, M|41/100\n|turn|6\n|inactive|mizutiga has 30 seconds left.\n|inactive|mizutiga has 20 seconds left.\n|\n|t:|1776673035\n|detailschange|p2b: Dragonite|Dragonite-Mega, L50, M\n|-mega|p2b: Dragonite|Dragonite|Dragoninite\n|move|p1b: Asgore|Spiky Shield|p1b: Asgore\n|-singleturn|p1b: Asgore|move: Protect\n|move|p2b: Dragonite|Draco Meteor|p1b: Asgore\n|-activate|p1b: Asgore|move: Protect\n|move|p2a: Milotic|Muddy Water|p1a: For Coverage|[spread] \n|-activate|p1b: Asgore|move: Protect\n|-miss|p2a: Milotic|p1a: For Coverage\n|move|p1a: For Coverage|Stone Edge|p2b: Dragonite\n|-supereffective|p2b: Dragonite|1\n|-damage|p2b: Dragonite|0 fnt\n|faint|p2b: Dragonite\n|\n|-weather|none\n|-heal|p2a: Milotic|47/100|[from] item: Leftovers\n|upkeep\n|c|\u2606TheSwagMessiah|NO WAY\n|\n|t:|1776673048\n|switch|p2b: Pelipper|Pelipper, L50, F|12/100\n|-weather|RainDance|[from] ability: Drizzle|[of] p2b: Pelipper\n|turn|7\n|\n|t:|1776673061\n|move|p2a: Milotic|Muddy Water|p1a: For Coverage|[spread] p1a,p1b\n|-supereffective|p1a: For Coverage|1\n|-resisted|p1b: Asgore|1\n|-damage|p1a: For Coverage|32/100\n|-damage|p1b: Asgore|29/100\n|move|p2b: Pelipper|Hurricane|p1b: Asgore\n|-supereffective|p1b: Asgore|2\n|-damage|p1b: Asgore|0 fnt\n|faint|p1b: Asgore\n|move|p1a: For Coverage|Crunch|p2b: Pelipper\n|-damage|p2b: Pelipper|0 fnt\n|faint|p2b: Pelipper\n|\n|-weather|RainDance|[upkeep]\n|-heal|p2a: Milotic|53/100|[from] item: Leftovers\n|upkeep\n|\n|t:|1776673069\n|switch|p1b: Contrapoints|Sylveon, L50, F, shiny|100/100\n|turn|8\n|\n|t:|1776673080\n|move|p2a: Milotic|Muddy Water|p1a: For Coverage|[spread] p1a,p1b\n|-supereffective|p1a: For Coverage|1\n|-crit|p1a: For Coverage\n|-damage|p1a: For Coverage|0 fnt\n|-damage|p1b: Contrapoints|77/100\n|faint|p1a: For Coverage\n|move|p1b: Contrapoints|Calm Mind|p1b: Contrapoints\n|-boost|p1b: Contrapoints|spa|1\n|-boost|p1b: Contrapoints|spd|1\n|\n|-weather|RainDance|[upkeep]\n|-heal|p2a: Milotic|59/100|[from] item: Leftovers\n|upkeep\n|turn|9\n|c|\u2606TheSwagMessiah|just this once\n|\n|t:|1776673093\n|move|p2a: Milotic|Alluring Voice|p1b: Contrapoints\n|-damage|p1b: Contrapoints|67/100\n|move|p1b: Contrapoints|Hyper Beam|p2a: Milotic\n|-damage|p2a: Milotic|0 fnt\n|-mustrecharge|p1b: Contrapoints\n|faint|p2a: Milotic\n|\n|win|TheSwagMessiah\n|raw|TheSwagMessiah's rating: 1066 &rarr; <strong>1097</strong><br />(+31 for winning)\n|raw|mizutiga's rating: 1082 &rarr; <strong>1059</strong><br />(-23 for losing)\n",
  "uploadtime": 1776673097,
  "views": 11,
  "formatid": "gen9championsvgc2026regma",
  "rating": 1059,
  "private": 0,
  "password": null
}