{
  "id": "gen9championsvgc2026regma-2582312915",
  "format": "[Gen 9 Champions] VGC 2026 Reg M-A",
  "players": [
    "Spreyk",
    "RadarUndetectable"
  ],
  "log": "|j|\u2606Spreyk\n|j|\u2606RadarUndetectable\n|t:|1776082407\n|gametype|doubles\n|player|p1|Spreyk|emmet|1159\n|player|p2|RadarUndetectable|dawn|1102\n|gen|9\n|tier|[Gen 9 Champions] VGC 2026 Reg M-A\n|rated|\n|rule|Species Clause: Limit one of each Pok\u00e9mon\n|rule|Item Clause: Limit 1 of each item\n|clearpoke\n|poke|p1|Sneasler, L50, M|\n|poke|p1|Garchomp, L50, F|\n|poke|p1|Kingambit, L50, M|\n|poke|p1|Charizard, L50, F|\n|poke|p1|Whimsicott, L50, F|\n|poke|p1|Farigiraf, L50, F|\n|poke|p2|Mr. Rime, L50, M|\n|poke|p2|Altaria, L50, M|\n|poke|p2|Golurk, L50|\n|poke|p2|Farigiraf, L50, F|\n|poke|p2|Volcarona, L50, F|\n|poke|p2|Kingambit, L50, M|\n|teampreview|4\n|\n|t:|1776082474\n|teamsize|p1|4\n|teamsize|p2|4\n|start\n|switch|p1a: Charizard|Charizard, L50, F|100/100\n|switch|p1b: Farigiraf|Farigiraf, L50, F|100/100\n|switch|p2a: Farigiraf|Farigiraf, L50, F|100/100\n|switch|p2b: Altaria|Altaria, L50, M|100/100\n|-ability|p2b: Altaria|Cloud Nine\n|turn|1\n|\n|t:|1776082501\n|move|p1a: Charizard|Protect|p1a: Charizard\n|-singleturn|p1a: Charizard|Protect\n|move|p2b: Altaria|Protect|p2b: Altaria\n|-singleturn|p2b: Altaria|Protect\n|move|p2a: Farigiraf|Protect|p2a: Farigiraf\n|-singleturn|p2a: Farigiraf|Protect\n|move|p1b: Farigiraf|Imprison|p1b: Farigiraf\n|-start|p1b: Farigiraf|move: Imprison\n|\n|upkeep\n|turn|2\n|\n|t:|1776082570\n|switch|p1a: Garchomp|Garchomp, L50, F|100/100\n|switch|p2a: Mr. Rime|Mr. Rime, L50, M|100/100\n|move|p2b: Altaria|Earthquake|p1b: Farigiraf|[spread] p2a,p1a,p1b\n|-crit|p1b: Farigiraf\n|-damage|p2a: Mr. Rime|79/100\n|-damage|p1a: Garchomp|80/100\n|-damage|p1b: Farigiraf|79/100\n|move|p1b: Farigiraf|Hyper Voice|p2a: Mr. Rime|[spread] p2a,p2b\n|-damage|p2a: Mr. Rime|52/100\n|-damage|p2b: Altaria|69/100\n|\n|upkeep\n|turn|3\n|\n|t:|1776082603\n|switch|p1b: Charizard|Charizard, L50, F|100/100\n|move|p2b: Altaria|Protect|p2b: Altaria\n|-singleturn|p2b: Altaria|Protect\n|move|p1a: Garchomp|Rock Slide|p2b: Altaria|[spread] p2a\n|-activate|p2b: Altaria|move: Protect\n|-supereffective|p2a: Mr. Rime|1\n|-damage|p2a: Mr. Rime|5/100\n|move|p2a: Mr. Rime|Icy Wind|p1a: Garchomp|[spread] p1a,p1b\n|-supereffective|p1a: Garchomp|2\n|-damage|p1a: Garchomp|0 fnt\n|-damage|p1b: Charizard|73/100\n|-unboost|p1b: Charizard|spe|1\n|faint|p1a: Garchomp\n|\n|upkeep\n|\n|t:|1776082614\n|switch|p1a: Sneasler|Sneasler, L50, M|100/100\n|turn|4\n|\n|t:|1776082660\n|switch|p2a: Golurk|Golurk, L50|100/100\n|detailschange|p1b: Charizard|Charizard-Mega-Y, L50, F\n|-mega|p1b: Charizard|Charizard|Charizardite Y\n|-weather|SunnyDay|[from] ability: Drought|[of] p1b: Charizard\n|move|p1a: Sneasler|Dire Claw|p2a: Golurk\n|-resisted|p2a: Golurk|2\n|-damage|p2a: Golurk|89/100\n|move|p2b: Altaria|Dual Wingbeat|p1a: Sneasler\n|-supereffective|p1a: Sneasler|1\n|-damage|p1a: Sneasler|51/100\n|-supereffective|p1a: Sneasler|1\n|-damage|p1a: Sneasler|5/100\n|-hitcount|p1a: Sneasler|2\n|move|p1b: Charizard|Air Slash|p2b: Altaria\n|-damage|p2b: Altaria|21/100\n|\n|-weather|SunnyDay|[upkeep]\n|upkeep\n|turn|5\n|\n|t:|1776082722\n|move|p2b: Altaria|Protect|p2b: Altaria\n|-singleturn|p2b: Altaria|Protect\n|move|p1a: Sneasler|Throat Chop|p2a: Golurk\n|-supereffective|p2a: Golurk|1\n|-damage|p2a: Golurk|28/100\n|-start|p2a: Golurk|Throat Chop|[silent]\n|move|p1b: Charizard|Air Slash|p2b: Altaria\n|-activate|p2b: Altaria|move: Protect\n|move|p2a: Golurk|Poltergeist|p1b: Charizard\n|-activate|p1b: Charizard|move: Poltergeist|Charizardite Y\n|-damage|p1b: Charizard|0 fnt\n|faint|p1b: Charizard\n|\n|-weather|SunnyDay|[upkeep]\n|upkeep\n|\n|t:|1776082733\n|switch|p1b: Farigiraf|Farigiraf, L50, F|79/100\n|turn|6\n|\n|t:|1776082762\n|move|p1a: Sneasler|Throat Chop|p2a: Golurk\n|-supereffective|p2a: Golurk|1\n|-damage|p2a: Golurk|0 fnt\n|faint|p2a: Golurk\n|move|p2b: Altaria|Earthquake|p1b: Farigiraf|[spread] p1a,p1b\n|-supereffective|p1a: Sneasler|1\n|-damage|p1a: Sneasler|0 fnt\n|-damage|p1b: Farigiraf|64/100\n|faint|p1a: Sneasler\n|move|p1b: Farigiraf|Hyper Voice|p2b: Altaria\n|-damage|p2b: Altaria|0 fnt\n|faint|p2b: Altaria\n|\n|-weather|SunnyDay|[upkeep]\n|upkeep\n|\n|t:|1776082775\n|switch|p2b: Farigiraf|Farigiraf, L50, F|100/100\n|switch|p2a: Mr. Rime|Mr. Rime, L50, M|5/100\n|turn|7\n|\n|t:|1776082817\n|move|p2a: Mr. Rime|Icy Wind|p1b: Farigiraf\n|-damage|p1b: Farigiraf|36/100\n|-unboost|p1b: Farigiraf|spe|1\n|-enditem|p1b: Farigiraf|Sitrus Berry|[eat]\n|-heal|p1b: Farigiraf|61/100|[from] item: Sitrus Berry\n|move|p2b: Farigiraf|Psychic|p1b: Farigiraf\n|-resisted|p1b: Farigiraf|1\n|-damage|p1b: Farigiraf|45/100\n|move|p1b: Farigiraf|Imprison|p1b: Farigiraf\n|-start|p1b: Farigiraf|move: Imprison\n|\n|-weather|SunnyDay|[upkeep]\n|upkeep\n|turn|8\n|\n|t:|1776082848\n|move|p2b: Farigiraf|Protect|p2b: Farigiraf\n|-singleturn|p2b: Farigiraf|Protect\n|move|p2a: Mr. Rime|Icy Wind|p1b: Farigiraf\n|-damage|p1b: Farigiraf|16/100\n|-unboost|p1b: Farigiraf|spe|1\n|move|p1b: Farigiraf|Hyper Voice|p2a: Mr. Rime|[spread] p2a\n|-activate|p2b: Farigiraf|move: Protect\n|-damage|p2a: Mr. Rime|0 fnt\n|faint|p2a: Mr. Rime\n|\n|-weather|none\n|upkeep\n|turn|9\n|inactive|Battle timer is ON: inactive players will automatically lose when time's up. (requested by Spreyk)\n|\n|t:|1776082867\n|move|p2b: Farigiraf|Protect|p2b: Farigiraf\n|-singleturn|p2b: Farigiraf|Protect\n|move|p1b: Farigiraf|Hyper Voice|p2b: Farigiraf\n|-activate|p2b: Farigiraf|move: Protect\n|\n|upkeep\n|turn|10\n|\n|t:|1776082885\n|move|p2b: Farigiraf|Protect||[still]\n|-fail|p2b: Farigiraf\n|move|p1b: Farigiraf|Hyper Voice|p2b: Farigiraf\n|-damage|p2b: Farigiraf|74/100\n|\n|-heal|p2b: Farigiraf|80/100|[from] item: Leftovers\n|upkeep\n|turn|11\n|\n|t:|1776082895\n|move|p2b: Farigiraf|Protect|p2b: Farigiraf\n|-singleturn|p2b: Farigiraf|Protect\n|move|p1b: Farigiraf|Hyper Voice|p2b: Farigiraf\n|-activate|p2b: Farigiraf|move: Protect\n|\n|-heal|p2b: Farigiraf|86/100|[from] item: Leftovers\n|upkeep\n|turn|12\n|\n|t:|1776082909\n|move|p2b: Farigiraf|Protect||[still]\n|-fail|p2b: Farigiraf\n|move|p1b: Farigiraf|Psychic|p2b: Farigiraf\n|-resisted|p2b: Farigiraf|1\n|-damage|p2b: Farigiraf|75/100\n|\n|-heal|p2b: Farigiraf|81/100|[from] item: Leftovers\n|upkeep\n|turn|13\n|\n|t:|1776082915\n|move|p2b: Farigiraf|Protect|p2b: Farigiraf\n|-singleturn|p2b: Farigiraf|Protect\n|move|p1b: Farigiraf|Psychic|p2b: Farigiraf\n|-activate|p2b: Farigiraf|move: Protect\n|\n|-heal|p2b: Farigiraf|87/100|[from] item: Leftovers\n|upkeep\n|turn|14\n|\n|t:|1776082920\n|move|p2b: Farigiraf|Protect||[still]\n|-fail|p2b: Farigiraf\n|move|p1b: Farigiraf|Psychic|p2b: Farigiraf\n|-resisted|p2b: Farigiraf|1\n|-damage|p2b: Farigiraf|75/100\n|\n|-heal|p2b: Farigiraf|81/100|[from] item: Leftovers\n|upkeep\n|turn|15\n|\n|t:|1776082928\n|-activate|p2b: Farigiraf|move: Struggle\n|move|p2b: Farigiraf|Struggle|p1b: Farigiraf\n|-damage|p1b: Farigiraf|8/100\n|-damage|p2b: Farigiraf|56/100|[from] recoil\n|move|p1b: Farigiraf|Psychic|p2b: Farigiraf\n|-resisted|p2b: Farigiraf|1\n|-damage|p2b: Farigiraf|44/100\n|\n|-heal|p2b: Farigiraf|50/100|[from] item: Leftovers\n|upkeep\n|turn|16\n|\n|t:|1776082937\n|-activate|p2b: Farigiraf|move: Struggle\n|move|p2b: Farigiraf|Struggle|p1b: Farigiraf\n|-damage|p1b: Farigiraf|0 fnt\n|faint|p1b: Farigiraf\n|-damage|p2b: Farigiraf|25/100|[from] recoil\n|\n|win|RadarUndetectable\n|raw|Spreyk's rating: 1159 &rarr; <strong>1130</strong><br />(-29 for losing)\n|raw|RadarUndetectable's rating: 1102 &rarr; <strong>1131</strong><br />(+29 for winning)\n|l|\u2606Spreyk\n|player|p1|\n",
  "uploadtime": 1776082956,
  "views": 11,
  "formatid": "gen9championsvgc2026regma",
  "rating": 1130,
  "private": 0,
  "password": null
}