{
  "id": "gen9championsvgc2026regma-2582542088",
  "format": "[Gen 9 Champions] VGC 2026 Reg M-A",
  "players": [
    "Patatuela_8",
    "1#MiraidonHater"
  ],
  "log": "|j|\u2606Patatuela_8\n|j|\u26061#MiraidonHater\n|t:|1776098279\n|gametype|doubles\n|player|p1|Patatuela_8|266|1100\n|player|p2|1#MiraidonHater|170|1192\n|gen|9\n|tier|[Gen 9 Champions] VGC 2026 Reg M-A\n|rated|\n|rule|Species Clause: Limit one of each Pok\u00e9mon\n|rule|Item Clause: Limit 1 of each item\n|clearpoke\n|poke|p1|Whimsicott, L50, F|\n|poke|p1|Gardevoir, L50, F|\n|poke|p1|Garchomp, L50, M|\n|poke|p1|Charizard, L50, F|\n|poke|p1|Venusaur, L50, F|\n|poke|p1|Rotom-Wash, L50|\n|poke|p2|Kommo-o, L50, M|\n|poke|p2|Incineroar, L50, M|\n|poke|p2|Glimmora, L50, M|\n|poke|p2|Sinistcha, L50|\n|poke|p2|Talonflame, L50, M|\n|poke|p2|Palafin, L50, F|\n|teampreview|4\n|\n|t:|1776098317\n|teamsize|p1|4\n|teamsize|p2|4\n|start\n|switch|p1a: Whimsicott|Whimsicott, L50, F|100/100\n|switch|p1b: Garchomp|Garchomp, L50, M|100/100\n|switch|p2a: Kommo-o|Kommo-o, L50, M|100/100\n|switch|p2b: Incineroar|Incineroar, L50, M|100/100\n|-ability|p2b: Incineroar|Intimidate|boost\n|-unboost|p1a: Whimsicott|atk|1\n|-unboost|p1b: Garchomp|atk|1\n|turn|1\n|\n|t:|1776098350\n|switch|p1b: Gardevoir|Gardevoir, L50, F|100/100\n|move|p2b: Incineroar|Fake Out|p1a: Whimsicott\n|-damage|p1a: Whimsicott|83/100\n|cant|p1a: Whimsicott|flinch\n|move|p2a: Kommo-o|Clangorous Soul|p2a: Kommo-o\n|-boost|p2a: Kommo-o|atk|1\n|-boost|p2a: Kommo-o|def|1\n|-boost|p2a: Kommo-o|spa|1\n|-boost|p2a: Kommo-o|spd|1\n|-boost|p2a: Kommo-o|spe|1\n|-damage|p2a: Kommo-o|68/100\n|\n|-heal|p2a: Kommo-o|74/100|[from] item: Leftovers\n|upkeep\n|turn|2\n|\n|t:|1776098382\n|move|p2a: Kommo-o|Protect|p2a: Kommo-o\n|-singleturn|p2a: Kommo-o|Protect\n|move|p1a: Whimsicott|Tailwind|p1a: Whimsicott\n|-sidestart|p1: Patatuela_8|move: Tailwind\n|move|p1b: Gardevoir|Dazzling Gleam|p2a: Kommo-o|[spread] p2b\n|-activate|p2a: Kommo-o|move: Protect\n|-damage|p2b: Incineroar|74/100\n|move|p2b: Incineroar|Throat Chop|p1b: Gardevoir\n|-damage|p1b: Gardevoir|52/100\n|-start|p1b: Gardevoir|Throat Chop|[silent]\n|\n|-heal|p2a: Kommo-o|80/100|[from] item: Leftovers\n|upkeep\n|turn|3\n|\n|t:|1776098412\n|move|p2a: Kommo-o|Protect|p2a: Kommo-o\n|-singleturn|p2a: Kommo-o|Protect\n|move|p1b: Gardevoir|Dazzling Gleam|p2a: Kommo-o|[spread] p2b\n|-activate|p2a: Kommo-o|move: Protect\n|-damage|p2b: Incineroar|49/100\n|move|p1a: Whimsicott|Moonblast|p2a: Kommo-o\n|-activate|p2a: Kommo-o|move: Protect\n|move|p2b: Incineroar|Flare Blitz|p1b: Gardevoir\n|-damage|p1b: Gardevoir|0 fnt\n|faint|p1b: Gardevoir\n|-damage|p2b: Incineroar|37/100|[from] Recoil\n|\n|-heal|p2a: Kommo-o|86/100|[from] item: Leftovers\n|upkeep\n|\n|t:|1776098429\n|switch|p1b: Garchomp|Garchomp, L50, M|100/100\n|turn|4\n|\n|t:|1776098436\n|switch|p2b: Sinistcha|Sinistcha, L50|100/100\n|-heal|p2a: Kommo-o|100/100|[from] ability: Hospitality|[of] p2b: Sinistcha\n|move|p1a: Whimsicott|Moonblast|p2a: Kommo-o\n|-supereffective|p2a: Kommo-o|2\n|-damage|p2a: Kommo-o|3/100\n|move|p1b: Garchomp|Earthquake|p2a: Kommo-o|[spread] p1a,p2a,p2b\n|-resisted|p1a: Whimsicott|1\n|-resisted|p2b: Sinistcha|1\n|-damage|p1a: Whimsicott|46/100\n|-damage|p2a: Kommo-o|0 fnt\n|-damage|p2b: Sinistcha|82/100\n|faint|p2a: Kommo-o\n|\n|upkeep\n|\n|t:|1776098452\n|switch|p2a: Glimmora|Glimmora, L50, M|100/100\n|turn|5\n|\n|t:|1776098490\n|switch|p1a: Rotom|Rotom-Wash, L50|100/100\n|move|p2a: Glimmora|Spiky Shield|p2a: Glimmora\n|-singleturn|p2a: Glimmora|move: Protect\n|move|p1b: Garchomp|Dragon Claw|p2b: Sinistcha\n|-damage|p2b: Sinistcha|44/100\n|move|p2b: Sinistcha|Matcha Gotcha|p1a: Rotom|[spread] p1a,p1b\n|-supereffective|p1a: Rotom|1\n|-damage|p1a: Rotom|53/100\n|-heal|p2b: Sinistcha|65/100|[from] drain|[of] p1a: Rotom\n|-damage|p1b: Garchomp|74/100\n|-heal|p2b: Sinistcha|80/100|[from] drain|[of] p1b: Garchomp\n|\n|-sideend|p1: Patatuela_8|move: Tailwind\n|upkeep\n|turn|6\n|\n|t:|1776098514\n|switch|p2a: Incineroar|Incineroar, L50, M|37/100\n|-ability|p2a: Incineroar|Intimidate|boost\n|-unboost|p1a: Rotom|atk|1\n|-unboost|p1b: Garchomp|atk|1\n|move|p1b: Garchomp|Dragon Claw|p2a: Incineroar\n|-damage|p2a: Incineroar|17/100\n|move|p1a: Rotom|Volt Switch|p2a: Incineroar\n|-damage|p2a: Incineroar|0 fnt\n|faint|p2a: Incineroar\n|\n|t:|1776098524\n|switch|p1a: Whimsicott|Whimsicott, L50, F|46/100|[from] Volt Switch\n|move|p2b: Sinistcha|Matcha Gotcha|p1a: Whimsicott|[spread] p1a\n|-miss|p2b: Sinistcha|p1b: Garchomp\n|-resisted|p1a: Whimsicott|1\n|-damage|p1a: Whimsicott|28/100\n|-heal|p2b: Sinistcha|87/100|[from] drain|[of] p1a: Whimsicott\n|\n|upkeep\n|\n|t:|1776098533\n|switch|p2a: Glimmora|Glimmora, L50, M|100/100\n|turn|7\n|\n|t:|1776098547\n|move|p2a: Glimmora|Spiky Shield|p2a: Glimmora\n|-singleturn|p2a: Glimmora|move: Protect\n|move|p1a: Whimsicott|Tailwind|p1a: Whimsicott\n|-sidestart|p1: Patatuela_8|move: Tailwind\n|move|p1b: Garchomp|Dragon Claw|p2b: Sinistcha\n|-damage|p2b: Sinistcha|65/100\n|move|p2b: Sinistcha|Matcha Gotcha|p1a: Whimsicott|[spread] p1a,p1b\n|-resisted|p1a: Whimsicott|1\n|-damage|p1a: Whimsicott|7/100\n|-heal|p2b: Sinistcha|73/100|[from] drain|[of] p1a: Whimsicott\n|-damage|p1b: Garchomp|45/100\n|-heal|p2b: Sinistcha|88/100|[from] drain|[of] p1b: Garchomp\n|\n|upkeep\n|turn|8\n|\n|t:|1776098574\n|switch|p1b: Rotom|Rotom-Wash, L50|53/100\n|move|p2a: Glimmora|Spiky Shield|p2a: Glimmora\n|-singleturn|p2a: Glimmora|move: Protect\n|move|p1a: Whimsicott|Moonblast|p2b: Sinistcha\n|-damage|p2b: Sinistcha|48/100\n|move|p2b: Sinistcha|Matcha Gotcha|p1b: Rotom|[spread] p1a,p1b\n|-resisted|p1a: Whimsicott|1\n|-supereffective|p1b: Rotom|1\n|-damage|p1a: Whimsicott|0 fnt\n|-heal|p2b: Sinistcha|50/100|[from] drain|[of] p1a: Whimsicott\n|-damage|p1b: Rotom|0 fnt\n|-heal|p2b: Sinistcha|74/100|[from] drain|[of] p1b: Rotom\n|faint|p1a: Whimsicott\n|faint|p1b: Rotom\n|\n|upkeep\n|\n|t:|1776098592\n|switch|p1b: Garchomp|Garchomp, L50, M|45/100\n|turn|9\n|\n|t:|1776098618\n|detailschange|p2a: Glimmora|Glimmora-Mega, L50, M\n|-mega|p2a: Glimmora|Glimmora|Glimmoranite\n|move|p1b: Garchomp|Earthquake|p2b: Sinistcha|[spread] p2a,p2b\n|-supereffective|p2a: Glimmora|2\n|-resisted|p2b: Sinistcha|1\n|-damage|p2a: Glimmora|0 fnt\n|-damage|p2b: Sinistcha|54/100\n|faint|p2a: Glimmora\n|move|p2b: Sinistcha|Matcha Gotcha|p1b: Garchomp\n|-crit|p1b: Garchomp\n|-damage|p1b: Garchomp|0 fnt\n|-heal|p2b: Sinistcha|77/100|[from] drain|[of] p1b: Garchomp\n|faint|p1b: Garchomp\n|\n|win|1#MiraidonHater\n",
  "uploadtime": 1776098281,
  "views": 16,
  "formatid": "gen9championsvgc2026regma",
  "rating": null,
  "private": 0,
  "password": null
}