{
  "id": "gen9championsvgc2026regma-2584714080",
  "format": "[Gen 9 Champions] VGC 2026 Reg M-A",
  "players": [
    "akira33457",
    "GlaceusArcanine"
  ],
  "log": "|j|\u2606akira33457\n|j|\u2606GlaceusArcanine\n|t:|1776278556\n|gametype|doubles\n|player|p1|akira33457|266|1085\n|player|p2|GlaceusArcanine|266|1048\n|gen|9\n|tier|[Gen 9 Champions] VGC 2026 Reg M-A\n|rated|\n|rule|Species Clause: Limit one of each Pok\u00e9mon\n|rule|Item Clause: Limit 1 of each item\n|clearpoke\n|poke|p1|Froslass, L50, F|\n|poke|p1|Ninetales-Alola, L50, F|\n|poke|p1|Garchomp, L50, F|\n|poke|p1|Kingambit, L50, F|\n|poke|p1|Rotom-Wash, L50|\n|poke|p1|Sinistcha, L50|\n|poke|p2|Charizard, L50, M|\n|poke|p2|Farigiraf, L50, M|\n|poke|p2|Milotic, L50, M|\n|poke|p2|Camerupt, L50, M|\n|poke|p2|Liepard, L50, F|\n|poke|p2|Aerodactyl, L50, M|\n|teampreview|4\n|inactive|Battle timer is ON: inactive players will automatically lose when time's up. (requested by GlaceusArcanine)\n|inactive|GlaceusArcanine has 60 seconds left.\n|\n|t:|1776278612\n|teamsize|p1|4\n|teamsize|p2|4\n|start\n|switch|p1a: Pinky Pie|Froslass, L50, F, shiny|100/100\n|switch|p1b: iCarly|Ninetales-Alola, L50, F, shiny|100/100\n|switch|p2a: Liepard|Liepard, L50, F|100/100\n|switch|p2b: Farigiraf|Farigiraf, L50, M|100/100\n|turn|1\n|inactive|GlaceusArcanine has 30 seconds left.\n|\n|t:|1776278642\n|detailschange|p1a: Pinky Pie|Froslass-Mega, L50, F, shiny\n|-mega|p1a: Pinky Pie|Froslass|Froslassite\n|-weather|Snowscape|[from] ability: Snow Warning|[of] p1a: Pinky Pie\n|move|p1a: Pinky Pie|Protect|p1a: Pinky Pie\n|-singleturn|p1a: Pinky Pie|Protect\n|move|p1b: iCarly|Aurora Veil|p1b: iCarly\n|-sidestart|p1: akira33457|move: Aurora Veil\n|move|p2a: Liepard|Foul Play|p1a: Pinky Pie\n|-activate|p1a: Pinky Pie|move: Protect\n|move|p2b: Farigiraf|Trick Room|p2b: Farigiraf\n|-fieldstart|move: Trick Room|[of] p2b: Farigiraf\n|\n|-weather|Snowscape|[upkeep]\n|upkeep\n|turn|2\n|inactive|akira33457 has 30 seconds left.\n|inactive|GlaceusArcanine has 30 seconds left.\n|\n|t:|1776278673\n|switch|p2b: Milotic|Milotic, L50, M|100/100\n|switch|p1b: matcha<3|Sinistcha, L50, shiny|100/100\n|switch|p1a: spinster|Rotom-Wash, L50|100/100\n|move|p2a: Liepard|Encore||[still]\n|-fail|p2a: Liepard\n|\n|-weather|Snowscape|[upkeep]\n|upkeep\n|turn|3\n|\n|t:|1776278692\n|move|p2a: Liepard|Sunny Day|p2a: Liepard\n|-weather|SunnyDay\n|move|p2b: Milotic|Ice Beam|p1b: matcha<3\n|-supereffective|p1b: matcha<3|1\n|-crit|p1b: matcha<3\n|-damage|p1b: matcha<3|10/100\n|move|p1a: spinster|Volt Switch|p2b: Milotic\n|-supereffective|p2b: Milotic|1\n|-crit|p2b: Milotic\n|-damage|p2b: Milotic|53/100\n|\n|t:|1776278701\n|switch|p1a: Pinky Pie|Froslass-Mega, L50, F, shiny|100/100|[from] Volt Switch\n|-weather|Snowscape|[from] ability: Snow Warning|[of] p1a: Pinky Pie\n|move|p1b: matcha<3|Matcha Gotcha|p2b: Milotic|[spread] p2a,p2b\n|-supereffective|p2b: Milotic|1\n|-damage|p2a: Liepard|58/100\n|-heal|p1b: matcha<3|35/100|[from] drain|[of] p2a: Liepard\n|-damage|p2b: Milotic|19/100\n|-heal|p1b: matcha<3|59/100|[from] drain|[of] p2b: Milotic\n|\n|-weather|Snowscape|[upkeep]\n|-heal|p2b: Milotic|25/100|[from] item: Leftovers\n|-heal|p1b: matcha<3|65/100|[from] item: Leftovers\n|upkeep\n|turn|4\n|\n|t:|1776278726\n|switch|p1b: spinster|Rotom-Wash, L50|100/100\n|move|p2a: Liepard|Sunny Day|p2a: Liepard\n|-weather|SunnyDay\n|move|p2b: Milotic|Weather Ball|p1b: spinster\n|-resisted|p1b: spinster|1\n|-damage|p1b: spinster|85/100\n|move|p1a: Pinky Pie|Blizzard|p2a: Liepard|[spread] p2a,p2b\n|-resisted|p2b: Milotic|1\n|-damage|p2a: Liepard|0 fnt\n|-damage|p2b: Milotic|12/100\n|faint|p2a: Liepard\n|\n|-weather|SunnyDay|[upkeep]\n|-heal|p2b: Milotic|18/100|[from] item: Leftovers\n|upkeep\n|\n|t:|1776278739\n|switch|p2a: Camerupt|Camerupt, L50, M|100/100\n|turn|5\n|\n|t:|1776278757\n|switch|p1a: iCarly|Ninetales-Alola, L50, F, shiny|100/100\n|detailschange|p2a: Camerupt|Camerupt-Mega, L50, M\n|-mega|p2a: Camerupt|Camerupt|Cameruptite\n|move|p2a: Camerupt|Eruption|p1b: spinster|[spread] p1a,p1b\n|-supereffective|p1a: iCarly|1\n|-resisted|p1b: spinster|1\n|-damage|p1a: iCarly|0 fnt\n|-damage|p1b: spinster|47/100\n|faint|p1a: iCarly\n|move|p2b: Milotic|Ice Beam|p1b: spinster\n|-resisted|p1b: spinster|1\n|-damage|p1b: spinster|38/100\n|move|p1b: spinster|Thunderbolt|p2b: Milotic\n|-supereffective|p2b: Milotic|1\n|-damage|p2b: Milotic|0 fnt\n|faint|p2b: Milotic\n|\n|-weather|SunnyDay|[upkeep]\n|-sideend|p1: akira33457|move: Aurora Veil\n|-fieldend|move: Trick Room\n|upkeep\n|\n|t:|1776278779\n|switch|p1a: Pinky Pie|Froslass-Mega, L50, F, shiny|100/100\n|switch|p2b: Farigiraf|Farigiraf, L50, M|100/100\n|-weather|Snowscape|[from] ability: Snow Warning|[of] p1a: Pinky Pie\n|turn|6\n|\n|t:|1776278789\n|move|p2a: Camerupt|Protect|p2a: Camerupt\n|-singleturn|p2a: Camerupt|Protect\n|move|p1a: Pinky Pie|Blizzard|p2b: Farigiraf|[spread] p2b\n|-activate|p2a: Camerupt|move: Protect\n|-damage|p2b: Farigiraf|66/100\n|move|p1b: spinster|Pain Split|p2b: Farigiraf\n|-sethp|p2b: Farigiraf|48/100|[from] move: Pain Split|[silent]\n|-sethp|p1b: spinster|62/100|[from] move: Pain Split\n|-enditem|p2b: Farigiraf|Sitrus Berry|[eat]\n|-heal|p2b: Farigiraf|72/100|[from] item: Sitrus Berry\n|move|p2b: Farigiraf|Trick Room|p2b: Farigiraf\n|-fieldstart|move: Trick Room|[of] p2b: Farigiraf\n|\n|-weather|Snowscape|[upkeep]\n|upkeep\n|turn|7\n|\n|t:|1776278809\n|move|p1a: Pinky Pie|Protect|p1a: Pinky Pie\n|-singleturn|p1a: Pinky Pie|Protect\n|move|p2a: Camerupt|Eruption|p1b: spinster|[spread] p1b\n|-activate|p1a: Pinky Pie|move: Protect\n|-resisted|p1b: spinster|1\n|-damage|p1b: spinster|28/100\n|move|p2b: Farigiraf|Psychic|p1b: spinster\n|-damage|p1b: spinster|0 fnt\n|faint|p1b: spinster\n|\n|-weather|Snowscape|[upkeep]\n|upkeep\n|\n|t:|1776278822\n|switch|p1b: matcha<3|Sinistcha, L50, shiny|65/100\n|turn|8\n|\n|t:|1776278836\n|move|p2a: Camerupt|Eruption|p1a: Pinky Pie|[spread] p1a,p1b\n|-supereffective|p1a: Pinky Pie|1\n|-supereffective|p1b: matcha<3|1\n|-damage|p1a: Pinky Pie|0 fnt\n|-damage|p1b: matcha<3|0 fnt\n|faint|p1a: Pinky Pie\n|faint|p1b: matcha<3\n|\n|win|GlaceusArcanine\n|raw|akira33457's rating: 1085 &rarr; <strong>1060</strong><br />(-25 for losing)\n|raw|GlaceusArcanine's rating: 1048 &rarr; <strong>1084</strong><br />(+36 for winning)\n",
  "uploadtime": 1776278843,
  "views": 19,
  "formatid": "gen9championsvgc2026regma",
  "rating": 1060,
  "private": 0,
  "password": null
}