{
  "id": "gen9championsvgc2026regma-2589528910",
  "format": "[Gen 9 Champions] VGC 2026 Reg M-A",
  "players": [
    "Keeper of Night",
    "duvay"
  ],
  "log": "|j|\u2606Keeper of Night\n|j|\u2606duvay\n|t:|1776731253\n|gametype|doubles\n|player|p1|Keeper of Night|cilan|1108\n|player|p2|duvay|102|1120\n|gen|9\n|tier|[Gen 9 Champions] VGC 2026 Reg M-A\n|rated|\n|rule|Species Clause: Limit one of each Pok\u00e9mon\n|rule|Item Clause: Limit 1 of each item\n|clearpoke\n|poke|p1|Serperior, L50, M|\n|poke|p1|Liepard, L50, F, shiny|\n|poke|p1|Volcarona, L50, F|\n|poke|p1|Incineroar, L50, M|\n|poke|p1|Tauros-Paldea-Aqua, L50, M|\n|poke|p1|Delphox, L50, F|\n|poke|p2|Tyrantrum, L50, M|\n|poke|p2|Talonflame, L50, F|\n|poke|p2|Sinistcha, L50|\n|poke|p2|Milotic, L50, M|\n|poke|p2|Gardevoir, L50, F|\n|poke|p2|Sneasler, L50, M|\n|teampreview|4\n|inactive|Battle timer is ON: inactive players will automatically lose when time's up. (requested by duvay)\nKeeper of Night rejected open team sheets.\n|\n|t:|1776731285\n|teamsize|p1|4\n|teamsize|p2|4\n|start\n|switch|p1a: Incineroar|Incineroar, L50, M|100/100\n|switch|p1b: Volcarona|Volcarona, L50, F|100/100\n|switch|p2a: Sneasler|Sneasler, L50, M|100/100\n|switch|p2b: Milotic|Milotic, L50, M|100/100\n|-ability|p1a: Incineroar|Intimidate|boost\n|-unboost|p2a: Sneasler|atk|1\n|-unboost|p2b: Milotic|atk|1\n|-ability|p2b: Milotic|Competitive|boost\n|-boost|p2b: Milotic|spa|2\n|turn|1\n|\n|t:|1776731304\n|switch|p1a: Serperior|Serperior, L50, M|100/100\n|move|p2a: Sneasler|Fake Out|p1a: Serperior\n|-damage|p1a: Serperior|93/100\n|move|p1b: Volcarona|Will-O-Wisp|p2a: Sneasler\n|-status|p2a: Sneasler|brn\n|move|p2b: Milotic|Muddy Water|p1b: Volcarona|[spread] p1a,p1b\n|-resisted|p1a: Serperior|1\n|-crit|p1a: Serperior\n|-supereffective|p1b: Volcarona|1\n|-crit|p1b: Volcarona\n|-damage|p1a: Serperior|50/100\n|-damage|p1b: Volcarona|0 fnt\n|faint|p1b: Volcarona\n|\n|-heal|p1a: Serperior|56/100|[from] item: Leftovers\n|-damage|p2a: Sneasler|95/100 brn|[from] brn\n|upkeep\n|\n|t:|1776731314\n|switch|p1b: Liepard|Liepard, L50, F, shiny|100/100\n|turn|2\n|\n|t:|1776731337\n|move|p1b: Liepard|Fake Out|p2b: Milotic\n|-damage|p2b: Milotic|91/100\n|move|p2a: Sneasler|Dire Claw|p1a: Serperior\n|-supereffective|p1a: Serperior|1\n|-damage|p1a: Serperior|34/100\n|move|p1a: Serperior|Leech Seed|p2b: Milotic\n|-start|p2b: Milotic|move: Leech Seed\n|cant|p2b: Milotic|flinch\n|\n|-heal|p1a: Serperior|40/100|[from] item: Leftovers\n|-heal|p2b: Milotic|97/100|[from] item: Leftovers\n|-damage|p2b: Milotic|85/100|[from] Leech Seed|[of] p1a: Serperior\n|-heal|p1a: Serperior|54/100|[silent]\n|-damage|p2a: Sneasler|89/100 brn|[from] brn\n|upkeep\n|turn|3\n|\n|t:|1776731357\n|move|p1b: Liepard|Fake Tears|p1a: Serperior\n|-boost|p1a: Serperior|spd|2\n|move|p2a: Sneasler|Close Combat|p1b: Liepard\n|-supereffective|p1b: Liepard|1\n|-enditem|p1b: Liepard|Chople Berry|[eat]\n|-enditem|p1b: Liepard|Chople Berry|[weaken]\n|-damage|p1b: Liepard|74/100\n|-unboost|p2a: Sneasler|def|1\n|-unboost|p2a: Sneasler|spd|1\n|move|p1a: Serperior|Scale Shot|p2b: Milotic\n|-damage|p2b: Milotic|80/100\n|-damage|p2b: Milotic|74/100\n|-damage|p2b: Milotic|69/100\n|-damage|p2b: Milotic|63/100\n|-damage|p2b: Milotic|57/100\n|-hitcount|p2b: Milotic|5\n|-boost|p1a: Serperior|def|1\n|-unboost|p1a: Serperior|spe|1\n|move|p2b: Milotic|Muddy Water|p1a: Serperior|[spread] p1a,p1b\n|-resisted|p1a: Serperior|1\n|-damage|p1a: Serperior|39/100\n|-damage|p1b: Liepard|0 fnt\n|-boost|p1a: Serperior|accuracy|1\n|faint|p1b: Liepard\n|\n|-heal|p2b: Milotic|63/100|[from] item: Leftovers\n|-heal|p1a: Serperior|45/100|[from] item: Leftovers\n|-damage|p2b: Milotic|51/100|[from] Leech Seed|[of] p1a: Serperior\n|-heal|p1a: Serperior|59/100|[silent]\n|-damage|p2a: Sneasler|83/100 brn|[from] brn\n|upkeep\n|\n|t:|1776731375\n|switch|p1b: Incineroar|Incineroar, L50, M|100/100\n|-ability|p1b: Incineroar|Intimidate|boost\n|-unboost|p2a: Sneasler|atk|1\n|-unboost|p2b: Milotic|atk|1\n|-ability|p2b: Milotic|Competitive|boost\n|-boost|p2b: Milotic|spa|2\n|turn|4\n|\n|t:|1776731397\n|switch|p2a: Tyrantrum|Tyrantrum, L50, M|100/100\n|move|p1b: Incineroar|Fake Out|p2b: Milotic\n|-damage|p2b: Milotic|40/100\n|cant|p2b: Milotic|flinch\n|move|p1a: Serperior|Substitute|p1a: Serperior\n|-start|p1a: Serperior|Substitute\n|-damage|p1a: Serperior|34/100\n|\n|-heal|p2b: Milotic|46/100|[from] item: Leftovers\n|-heal|p1a: Serperior|40/100|[from] item: Leftovers\n|-damage|p2b: Milotic|33/100|[from] Leech Seed|[of] p1a: Serperior\n|-heal|p1a: Serperior|54/100|[silent]\n|upkeep\n|turn|5\n|\n|t:|1776731419\n|switch|p2b: Sneasler|Sneasler, L50, M|83/100 brn\n|move|p2a: Tyrantrum|Head Smash|p1b: Incineroar\n|-supereffective|p1b: Incineroar|1\n|-damage|p1b: Incineroar|0 fnt\n|faint|p1b: Incineroar\n|move|p1a: Serperior|Leech Seed|p2a: Tyrantrum\n|-start|p2a: Tyrantrum|move: Leech Seed\n|\n|-heal|p1a: Serperior|60/100|[from] item: Leftovers\n|-damage|p2a: Tyrantrum|88/100|[from] Leech Seed|[of] p1a: Serperior\n|-heal|p1a: Serperior|72/100|[silent]\n|-damage|p2b: Sneasler|78/100 brn|[from] brn\n|upkeep\n|turn|6\n|\n|t:|1776731437\n|move|p2b: Sneasler|Dire Claw|p1a: Serperior\n|-supereffective|p1a: Serperior|1\n|-activate|p1a: Serperior|move: Substitute|[damage]\n|move|p2a: Tyrantrum|Head Smash|p1a: Serperior|[miss]\n|-miss|p2a: Tyrantrum|p1a: Serperior\n|move|p1a: Serperior|Scale Shot|p2a: Tyrantrum\n|-supereffective|p2a: Tyrantrum|1\n|-damage|p2a: Tyrantrum|80/100\n|-supereffective|p2a: Tyrantrum|1\n|-damage|p2a: Tyrantrum|72/100\n|-supereffective|p2a: Tyrantrum|1\n|-damage|p2a: Tyrantrum|64/100\n|-supereffective|p2a: Tyrantrum|1\n|-damage|p2a: Tyrantrum|56/100\n|-hitcount|p2a: Tyrantrum|4\n|-boost|p1a: Serperior|def|1\n|-unboost|p1a: Serperior|spe|1\n|\n|-heal|p1a: Serperior|79/100|[from] item: Leftovers\n|-damage|p2a: Tyrantrum|43/100|[from] Leech Seed|[of] p1a: Serperior\n|-heal|p1a: Serperior|91/100|[silent]\n|-damage|p2b: Sneasler|72/100 brn|[from] brn\n|upkeep\n|turn|7\n|\n|t:|1776731458\n|switch|p2a: Milotic|Milotic, L50, M|33/100\n|move|p2b: Sneasler|Dire Claw|p1a: Serperior\n|-supereffective|p1a: Serperior|1\n|-end|p1a: Serperior|Substitute\n|move|p1a: Serperior|Substitute|p1a: Serperior\n|-start|p1a: Serperior|Substitute\n|-damage|p1a: Serperior|66/100\n|\n|-heal|p2a: Milotic|39/100|[from] item: Leftovers\n|-heal|p1a: Serperior|72/100|[from] item: Leftovers\n|-damage|p2b: Sneasler|66/100 brn|[from] brn\n|upkeep\n|turn|8\n|\n|t:|1776731473\n|move|p2b: Sneasler|Dire Claw|p1a: Serperior\n|-supereffective|p1a: Serperior|1\n|-activate|p1a: Serperior|move: Substitute|[damage]\n|move|p2a: Milotic|Coil|p2a: Milotic\n|-boost|p2a: Milotic|atk|1\n|-boost|p2a: Milotic|def|1\n|-boost|p2a: Milotic|accuracy|1\n|move|p1a: Serperior|Leech Seed|p2b: Sneasler\n|-start|p2b: Sneasler|move: Leech Seed\n|\n|-heal|p2a: Milotic|45/100|[from] item: Leftovers\n|-heal|p1a: Serperior|79/100|[from] item: Leftovers\n|-damage|p2b: Sneasler|54/100 brn|[from] Leech Seed|[of] p1a: Serperior\n|-heal|p1a: Serperior|89/100|[silent]\n|-damage|p2b: Sneasler|48/100 brn|[from] brn\n|upkeep\n|turn|9\n|\n|t:|1776731485\n|move|p2b: Sneasler|Dire Claw|p1a: Serperior\n|-supereffective|p1a: Serperior|1\n|-end|p1a: Serperior|Substitute\n|move|p2a: Milotic|Hypnosis|p1a: Serperior\n|-status|p1a: Serperior|slp|[from] move: Hypnosis\n|cant|p1a: Serperior|slp\n|\n|-heal|p2a: Milotic|51/100|[from] item: Leftovers\n|-heal|p1a: Serperior|95/100 slp|[from] item: Leftovers\n|-damage|p2b: Sneasler|36/100 brn|[from] Leech Seed|[of] p1a: Serperior\n|-heal|p1a: Serperior|100/100 slp|[silent]\n|-damage|p2b: Sneasler|30/100 brn|[from] brn\n|upkeep\n|turn|10\n|\n|t:|1776731497\n|move|p2b: Sneasler|Dire Claw|p1a: Serperior\n|-supereffective|p1a: Serperior|1\n|-damage|p1a: Serperior|83/100 slp\n|-fail|p2b: Sneasler\n|move|p2a: Milotic|Coil|p2a: Milotic\n|-boost|p2a: Milotic|atk|1\n|-boost|p2a: Milotic|def|1\n|-boost|p2a: Milotic|accuracy|1\n|-curestatus|p1a: Serperior|slp|[msg]\n|move|p1a: Serperior|Substitute|p1a: Serperior\n|-start|p1a: Serperior|Substitute\n|-damage|p1a: Serperior|59/100\n|\n|-heal|p2a: Milotic|57/100|[from] item: Leftovers\n|-heal|p1a: Serperior|65/100|[from] item: Leftovers\n|-damage|p2b: Sneasler|18/100 brn|[from] Leech Seed|[of] p1a: Serperior\n|-heal|p1a: Serperior|75/100|[silent]\n|-damage|p2b: Sneasler|13/100 brn|[from] brn\n|upkeep\n|turn|11\n|\n|t:|1776731517\n|move|p2b: Sneasler|Dire Claw|p1a: Serperior\n|-supereffective|p1a: Serperior|1\n|-activate|p1a: Serperior|move: Substitute|[damage]\n|move|p2a: Milotic|Icy Wind|p1a: Serperior\n|-supereffective|p1a: Serperior|1\n|-end|p1a: Serperior|Substitute\n|move|p1a: Serperior|Leech Seed|p2a: Milotic\n|-start|p2a: Milotic|move: Leech Seed\n|\n|-heal|p2a: Milotic|63/100|[from] item: Leftovers\n|-heal|p1a: Serperior|81/100|[from] item: Leftovers\n|-damage|p2b: Sneasler|0 fnt|[from] Leech Seed|[of] p1a: Serperior\n|-heal|p1a: Serperior|92/100|[silent]\n|faint|p2b: Sneasler\n|-damage|p2a: Milotic|50/100|[from] Leech Seed|[of] p1a: Serperior\n|-heal|p1a: Serperior|100/100|[silent]\n|upkeep\n|\n|t:|1776731526\n|switch|p2b: Gardevoir|Gardevoir, L50, F|100/100\n|-ability|p2b: Gardevoir|Contrary|Trace|[from] ability: Trace|[of] p1a: Serperior\n|turn|12\n|\n|t:|1776731535\n|detailschange|p2b: Gardevoir|Gardevoir-Mega, L50, F\n|-mega|p2b: Gardevoir|Gardevoir|Gardevoirite\n|move|p2b: Gardevoir|Hyper Voice|p1a: Serperior\n|-damage|p1a: Serperior|67/100\n|move|p2a: Milotic|Hypnosis|p1a: Serperior\n|-status|p1a: Serperior|slp|[from] move: Hypnosis\n|cant|p1a: Serperior|slp\n|\n|-heal|p2a: Milotic|56/100|[from] item: Leftovers\n|-heal|p1a: Serperior|73/100 slp|[from] item: Leftovers\n|-damage|p2a: Milotic|44/100|[from] Leech Seed|[of] p1a: Serperior\n|-heal|p1a: Serperior|87/100 slp|[silent]\n|upkeep\n|turn|13\n|\n|t:|1776731555\n|switch|p2a: Tyrantrum|Tyrantrum, L50, M|43/100\n|move|p2b: Gardevoir|Hyper Voice|p1a: Serperior\n|-damage|p1a: Serperior|54/100 slp\n|-curestatus|p1a: Serperior|slp|[msg]\n|move|p1a: Serperior|Petal Blizzard|p2a: Tyrantrum|[spread] p2a,p2b\n|-crit|p2b: Gardevoir\n|-damage|p2a: Tyrantrum|29/100\n|-damage|p2b: Gardevoir|67/100\n|\n|-heal|p1a: Serperior|60/100|[from] item: Leftovers\n|upkeep\n|turn|14\n|\n|t:|1776731573\n|move|p2b: Gardevoir|Hyper Voice|p1a: Serperior\n|-damage|p1a: Serperior|24/100\n|move|p2a: Tyrantrum|Head Smash|p1a: Serperior\n|-damage|p1a: Serperior|0 fnt\n|faint|p1a: Serperior\n|\n|win|duvay\n|raw|Keeper of Night's rating: 1108 &rarr; <strong>1084</strong><br />(-24 for losing)\n|raw|duvay's rating: 1120 &rarr; <strong>1144</strong><br />(+24 for winning)\n|l|\u2606Keeper of Night\n|player|p1|\n",
  "uploadtime": 1776731578,
  "views": 5,
  "formatid": "gen9championsvgc2026regma",
  "rating": 1084,
  "private": 0,
  "password": null
}