{
  "id": "gen9championsvgc2026regma-2585213456",
  "format": "[Gen 9 Champions] VGC 2026 Reg M-A",
  "players": [
    "ARAIV4",
    "dxdiag235"
  ],
  "log": "|j|\u2606ARAIV4\n|j|\u2606dxdiag235\n|t:|1776325745\n|gametype|doubles\n|player|p1|ARAIV4|blackbelt-gen4dp|1040\n|player|p2|dxdiag235|hilda-wonderlauncher|1045\n|gen|9\n|tier|[Gen 9 Champions] VGC 2026 Reg M-A\n|rated|\n|rule|Species Clause: Limit one of each Pok\u00e9mon\n|rule|Item Clause: Limit 1 of each item\n|clearpoke\n|poke|p1|Garchomp, L50, M|\n|poke|p1|Aerodactyl, L50, F|\n|poke|p1|Venusaur, L50, F|\n|poke|p1|Torkoal, L50, M|\n|poke|p1|Kingambit, L50, F|\n|poke|p1|Basculegion-F, L50, F|\n|poke|p2|Hawlucha, L50, M|\n|poke|p2|Vanilluxe, L50, F|\n|poke|p2|Excadrill, L50, M|\n|poke|p2|Tyranitar, L50, M|\n|poke|p2|Dragonite, L50, M|\n|poke|p2|Sableye, L50, M|\n|teampreview|4\ndxdiag235 rejected open team sheets.\n|inactive|Battle timer is ON: inactive players will automatically lose when time's up. (requested by ARAIV4)\n|inactive|ARAIV4 has 60 seconds left.\n|\n|t:|1776325807\n|teamsize|p1|4\n|teamsize|p2|4\n|start\n|switch|p1a: Torkoal|Torkoal, L50, M|100/100\n|switch|p1b: Venusaur|Venusaur, L50, F|100/100\n|switch|p2a: Sableye|Sableye, L50, M|100/100\n|switch|p2b: Dragonite|Dragonite, L50, M|100/100\n|-weather|SunnyDay|[from] ability: Drought|[of] p1a: Torkoal\n|turn|1\n|inactive|ARAIV4 has 30 seconds left.\n|inactive|dxdiag235 has 30 seconds left.\n|inactive|ARAIV4 has 20 seconds left.\n|inactive|ARAIV4 has 15 seconds left.\n|inactive|ARAIV4 has 10 seconds left.\n|inactive|ARAIV4 has 5 seconds left.\n|\n|t:|1776325860\n|detailschange|p1b: Venusaur|Venusaur-Mega, L50, F\n|-mega|p1b: Venusaur|Venusaur|Venusaurite\n|detailschange|p2b: Dragonite|Dragonite-Mega, L50, M\n|-mega|p2b: Dragonite|Dragonite|Dragoninite\n|move|p1a: Torkoal|Protect|p1a: Torkoal\n|-singleturn|p1a: Torkoal|Protect\n|move|p2a: Sableye|Rain Dance|p2a: Sableye\n|-weather|RainDance\n|move|p2b: Dragonite|Weather Ball|p1a: Torkoal\n|-activate|p1a: Torkoal|move: Protect\n|move|p1b: Venusaur|Sleep Powder|p2b: Dragonite\n|-status|p2b: Dragonite|slp|[from] move: Sleep Powder\n|\n|-weather|RainDance|[upkeep]\n|upkeep\n|turn|2\n|inactive|ARAIV4 has 30 seconds left.\n|inactive|dxdiag235 has 30 seconds left.\n|inactive|ARAIV4 has 20 seconds left.\n|inactive|dxdiag235 has 20 seconds left.\n|inactive|ARAIV4 has 15 seconds left.\n|inactive|dxdiag235 has 15 seconds left.\n|\n|t:|1776325903\n|switch|p1a: Basculegion|Basculegion-F, L50, F|100/100\n|move|p2a: Sableye|Encore||[still]\n|-fail|p2a: Sableye\n|cant|p2b: Dragonite|slp\n|move|p1b: Venusaur|Sleep Powder|p2a: Sableye\n|-status|p2a: Sableye|slp|[from] move: Sleep Powder\n|\n|-weather|RainDance|[upkeep]\n|upkeep\n|turn|3\n|inactive|ARAIV4 has 30 seconds left.\n|inactive|dxdiag235 has 30 seconds left.\n|inactive|ARAIV4 has 20 seconds left.\n|inactive|ARAIV4 has 15 seconds left.\n|\n|t:|1776325944\n|cant|p2a: Sableye|slp\n|move|p1a: Basculegion|Ice Beam|p2b: Dragonite\n|-supereffective|p2b: Dragonite|2\n|-damage|p2b: Dragonite|58/100 slp\n|-curestatus|p2b: Dragonite|slp|[msg]\n|move|p2b: Dragonite|Hurricane|p1b: Venusaur\n|-supereffective|p1b: Venusaur|1\n|-damage|p1b: Venusaur|0 fnt\n|faint|p1b: Venusaur\n|\n|-weather|RainDance|[upkeep]\n|upkeep\n|c|\u2606dxdiag235|lmfao\n|\n|t:|1776325958\n|switch|p1b: Aerodactyl|Aerodactyl, L50, F|100/100\n|-ability|p1b: Aerodactyl|Unnerve\n|turn|4\n|\n|t:|1776325974\n|cant|p2a: Sableye|slp\n|move|p1b: Aerodactyl|Rock Slide|p2b: Dragonite|[spread] p2a\n|-miss|p1b: Aerodactyl|p2b: Dragonite\n|-damage|p2a: Sableye|70/100 slp\n|move|p1a: Basculegion|Ice Beam|p2b: Dragonite\n|-supereffective|p2b: Dragonite|2\n|-damage|p2b: Dragonite|0 fnt\n|faint|p2b: Dragonite\n|\n|-weather|RainDance|[upkeep]\n|upkeep\n|\n|t:|1776325993\n|switch|p2b: Excadrill|Excadrill, L50, M|100/100\n|turn|5\n|inactive|ARAIV4 has 30 seconds left.\n|\n|t:|1776326022\n|switch|p1a: Torkoal|Torkoal, L50, M|100/100\n|-weather|SunnyDay|[from] ability: Drought|[of] p1a: Torkoal\n|move|p2b: Excadrill|Protect|p2b: Excadrill\n|-singleturn|p2b: Excadrill|Protect\n|-curestatus|p2a: Sableye|slp|[msg]\n|move|p2a: Sableye|Encore|p1b: Aerodactyl\n|-start|p1b: Aerodactyl|Encore\n|move|p1b: Aerodactyl|Rock Slide|p2b: Excadrill|[spread] p2a\n|-activate|p2b: Excadrill|move: Protect\n|-damage|p2a: Sableye|42/100\n|\n|-weather|SunnyDay|[upkeep]\n|upkeep\n|turn|6\n|inactive|ARAIV4 has 30 seconds left.\n|\n|t:|1776326052\n|switch|p2a: Tyranitar|Tyranitar, L50, M|100/100\n|-weather|Sandstorm|[from] ability: Sand Stream|[of] p2a: Tyranitar\n|move|p2b: Excadrill|High Horsepower|p1a: Torkoal\n|-supereffective|p1a: Torkoal|1\n|-damage|p1a: Torkoal|35/100\n|-enditem|p1a: Torkoal|Sitrus Berry|[eat]\n|-heal|p1a: Torkoal|60/100|[from] item: Sitrus Berry\n|move|p1b: Aerodactyl|Rock Slide|p2b: Excadrill|[spread] p2a,p2b\n|-resisted|p2b: Excadrill|2\n|-damage|p2a: Tyranitar|82/100\n|-damage|p2b: Excadrill|94/100\n|move|p1a: Torkoal|Eruption|p2b: Excadrill|[spread] p2a,p2b\n|-resisted|p2a: Tyranitar|1\n|-supereffective|p2b: Excadrill|1\n|-damage|p2a: Tyranitar|74/100\n|-damage|p2b: Excadrill|41/100\n|\n|-weather|Sandstorm|[upkeep]\n|-damage|p1a: Torkoal|54/100|[from] Sandstorm\n|upkeep\n|turn|7\n|inactive|ARAIV4 has 30 seconds left.\n|inactive|ARAIV4 has 20 seconds left.\n|inactive|ARAIV4 has 15 seconds left.\n|inactive|ARAIV4 has 10 seconds left.\n|inactive|ARAIV4 has 5 seconds left.\n|\n|t:|1776326107\n|move|p2b: Excadrill|Protect|p2b: Excadrill\n|-singleturn|p2b: Excadrill|Protect\n|move|p1b: Aerodactyl|Rock Slide|p2a: Tyranitar|[spread] p2a\n|-activate|p2b: Excadrill|move: Protect\n|-damage|p2a: Tyranitar|52/100\n|cant|p2a: Tyranitar|flinch\n|move|p1a: Torkoal|Eruption|p2b: Excadrill|[spread] p2a\n|-activate|p2b: Excadrill|move: Protect\n|-resisted|p2a: Tyranitar|1\n|-damage|p2a: Tyranitar|44/100\n|\n|-weather|Sandstorm|[upkeep]\n|-damage|p1a: Torkoal|47/100|[from] Sandstorm\n|-end|p1b: Aerodactyl|Encore\n|upkeep\n|turn|8\n|inactive|ARAIV4 has 30 seconds left.\n|inactive|ARAIV4 has 20 seconds left.\n|inactive|ARAIV4 has 15 seconds left.\n|\n|t:|1776326149\n|move|p2b: Excadrill|High Horsepower|p1a: Torkoal\n|-supereffective|p1a: Torkoal|1\n|-damage|p1a: Torkoal|0 fnt\n|faint|p1a: Torkoal\n|move|p1b: Aerodactyl|Tailwind|p1b: Aerodactyl\n|-sidestart|p1: ARAIV4|move: Tailwind\n|move|p2a: Tyranitar|Rock Slide|p1b: Aerodactyl\n|-supereffective|p1b: Aerodactyl|1\n|-damage|p1b: Aerodactyl|0 fnt\n|faint|p1b: Aerodactyl\n|\n|-weather|Sandstorm|[upkeep]\n|upkeep\n|\n|t:|1776326174\n|switch|p1b: Basculegion|Basculegion-F, L50, F|100/100\n|turn|9\n|\n|t:|1776326190\n|move|p2b: Excadrill|Protect|p2b: Excadrill\n|-singleturn|p2b: Excadrill|Protect\n|move|p2a: Tyranitar|Protect|p2a: Tyranitar\n|-singleturn|p2a: Tyranitar|Protect\n|move|p1b: Basculegion|Muddy Water|p2b: Excadrill|[spread] \n|-activate|p2a: Tyranitar|move: Protect\n|-activate|p2b: Excadrill|move: Protect\n|\n|-weather|Sandstorm|[upkeep]\n|-damage|p1b: Basculegion|94/100|[from] Sandstorm\n|upkeep\n|turn|10\n|\n|t:|1776326204\n|move|p1b: Basculegion|Muddy Water|p2b: Excadrill|[spread] p2a,p2b\n|-supereffective|p2a: Tyranitar|1\n|-supereffective|p2b: Excadrill|1\n|-damage|p2a: Tyranitar|0 fnt\n|-damage|p2b: Excadrill|0 fnt\n|faint|p2a: Tyranitar\n|faint|p2b: Excadrill\n|\n|-weather|none\n|upkeep\n|\n|t:|1776326219\n|switch|p2b: Sableye|Sableye, L50, M|42/100\n|turn|11\n|\n|t:|1776326230\n|move|p2b: Sableye|Rain Dance|p2b: Sableye\n|-weather|RainDance\n|move|p1b: Basculegion|Muddy Water|p2b: Sableye\n|-damage|p2b: Sableye|0 fnt\n|faint|p2b: Sableye\n|\n|win|ARAIV4\n|raw|ARAIV4's rating: 1040 &rarr; <strong>1074</strong><br />(+34 for winning)\n|raw|dxdiag235's rating: 1045 &rarr; <strong>1028</strong><br />(-17 for losing)\n|l|\u2606dxdiag235\n|player|p2|\n",
  "uploadtime": 1776326273,
  "views": 20,
  "formatid": "gen9championsvgc2026regma",
  "rating": 1028,
  "private": 0,
  "password": null
}