{
  "id": "gen9championsvgc2026regma-2585025457",
  "format": "[Gen 9 Champions] VGC 2026 Reg M-A",
  "players": [
    "ones_upon_a_time",
    "shepx2"
  ],
  "log": "|j|\u2606ones_upon_a_time\n|j|\u2606shepx2\n|t:|1776304454\n|gametype|doubles\n|player|p1|ones_upon_a_time|169|1100\n|player|p2|shepx2|benga|1000\n|gen|9\n|tier|[Gen 9 Champions] VGC 2026 Reg M-A\n|rated|\n|rule|Species Clause: Limit one of each Pok\u00e9mon\n|rule|Item Clause: Limit 1 of each item\n|clearpoke\n|poke|p1|Espathra, L50, M|\n|poke|p1|Sneasler, L50, F|\n|poke|p1|Dragonite, L50, F|\n|poke|p1|Pelipper, L50, M|\n|poke|p1|Archaludon, L50, F|\n|poke|p1|Venusaur, L50, F|\n|poke|p2|Pelipper, L50, M|\n|poke|p2|Archaludon, L50, F|\n|poke|p2|Feraligatr, L50, M|\n|poke|p2|Incineroar, L50, F|\n|poke|p2|Basculegion, L50, M|\n|poke|p2|Sinistcha, L50|\n|teampreview|4\n|\n|t:|1776304474\n|teamsize|p1|4\n|teamsize|p2|4\n|start\n|switch|p1a: Espathra|Espathra, L50, M|100/100\n|switch|p1b: Sneasler|Sneasler, L50, F|100/100\n|switch|p2a: Archaludon|Archaludon, L50, F|100/100\n|switch|p2b: Sinistcha|Sinistcha, L50|100/100\n|turn|1\n|\n|t:|1776304495\n|switch|p2b: Pelipper|Pelipper, L50, M|100/100\n|-weather|RainDance|[from] ability: Drizzle|[of] p2b: Pelipper\n|move|p1a: Espathra|Protect|p1a: Espathra\n|-singleturn|p1a: Espathra|Protect\n|move|p2a: Archaludon|Protect|p2a: Archaludon\n|-singleturn|p2a: Archaludon|Protect\n|move|p1b: Sneasler|Close Combat|p2a: Archaludon\n|-activate|p2a: Archaludon|move: Protect\n|\n|-weather|RainDance|[upkeep]\n|-ability|p1a: Espathra|Speed Boost|boost\n|-boost|p1a: Espathra|spe|1\n|upkeep\n|turn|2\n|\n|t:|1776304522\n|move|p1a: Espathra|Calm Mind|p1a: Espathra\n|-boost|p1a: Espathra|spa|1\n|-boost|p1a: Espathra|spd|1\n|move|p1b: Sneasler|Close Combat|p2a: Archaludon\n|-supereffective|p2a: Archaludon|1\n|-damage|p2a: Archaludon|0 fnt\n|-unboost|p1b: Sneasler|def|1\n|-unboost|p1b: Sneasler|spd|1\n|faint|p2a: Archaludon\n|-enditem|p1b: Sneasler|White Herb\n|-clearnegativeboost|p1b: Sneasler|[silent]\n|move|p2b: Pelipper|Tailwind|p2b: Pelipper\n|-sidestart|p2: shepx2|move: Tailwind\n|\n|-weather|RainDance|[upkeep]\n|-ability|p1a: Espathra|Speed Boost|boost\n|-boost|p1a: Espathra|spe|1\n|upkeep\n|\n|t:|1776304538\n|switch|p2a: Feraligatr|Feraligatr, L50, M|100/100\n|turn|3\n|\n|t:|1776304551\n|detailschange|p2a: Feraligatr|Feraligatr-Mega, L50, M\n|-mega|p2a: Feraligatr|Feraligatr|Feraligite\n|move|p1b: Sneasler|Dire Claw|p2a: Feraligatr\n|-damage|p2a: Feraligatr|62/100\n|move|p1a: Espathra|Baton Pass|p1a: Espathra\n|\n|t:|1776304557\n|switch|p1a: Dragonite|Dragonite, L50, F|100/100|[from] Baton Pass\n|move|p2a: Feraligatr|Double-Edge|p1b: Sneasler\n|-damage|p1b: Sneasler|0 fnt\n|faint|p1b: Sneasler\n|-damage|p2a: Feraligatr|36/100|[from] Recoil\n|move|p2b: Pelipper|Hurricane|p1a: Dragonite\n|-damage|p1a: Dragonite|84/100\n|\n|-weather|RainDance|[upkeep]\n|upkeep\n|\n|t:|1776304575\n|switch|p1b: Archaludon|Archaludon, L50, F|100/100\n|turn|4\n|\n|t:|1776304589\n|detailschange|p1a: Dragonite|Dragonite-Mega, L50, F\n|-mega|p1a: Dragonite|Dragonite|Dragoninite\n|move|p1a: Dragonite|Protect|p1a: Dragonite\n|-singleturn|p1a: Dragonite|Protect\n|move|p2b: Pelipper|Protect|p2b: Pelipper\n|-singleturn|p2b: Pelipper|Protect\n|move|p2a: Feraligatr|Double-Edge|p1a: Dragonite\n|-activate|p1a: Dragonite|move: Protect\n|move|p1b: Archaludon|Dragon Pulse|p2a: Feraligatr\n|-supereffective|p2a: Feraligatr|1\n|-damage|p2a: Feraligatr|0 fnt\n|faint|p2a: Feraligatr\n|\n|-weather|RainDance|[upkeep]\n|upkeep\n|\n|t:|1776304601\n|switch|p2a: Sinistcha|Sinistcha, L50|100/100\n|turn|5\n|\n|t:|1776304617\n|move|p1a: Dragonite|Hurricane|p2a: Sinistcha\n|-supereffective|p2a: Sinistcha|1\n|-damage|p2a: Sinistcha|0 fnt\n|faint|p2a: Sinistcha\n|move|p2b: Pelipper|Hurricane|p1a: Dragonite\n|-damage|p1a: Dragonite|58/100\n|move|p1b: Archaludon|Draco Meteor|p2b: Pelipper\n|-damage|p2b: Pelipper|22/100\n|-unboost|p1b: Archaludon|spa|2\n|\n|-weather|none\n|-sideend|p2: shepx2|move: Tailwind\n|upkeep\n|turn|6\n|-message|shepx2 forfeited.\n|\n|win|ones_upon_a_time\n|raw|ones_upon_a_time's rating: 1100 &rarr; <strong>1118</strong><br />(+18 for winning)\n|raw|shepx2's rating: 1000 &rarr; <strong>1000</strong><br />(+0 for losing)\n|l|\u2606shepx2\n|player|p2|\n",
  "uploadtime": 1776304641,
  "views": 29,
  "formatid": "gen9championsvgc2026regma",
  "rating": 1000,
  "private": 0,
  "password": null
}