{
  "id": "gen9championsvgc2026regma-2584816361",
  "format": "[Gen 9 Champions] VGC 2026 Reg M-A",
  "players": [
    "Jax4263808",
    "Pevar_8"
  ],
  "log": "|j|\u2606Jax4263808\n|j|\u2606Pevar_8\n|t:|1776285811\n|gametype|doubles\n|player|p1|Jax4263808|1|1098\n|player|p2|Pevar_8|265|1032\n|gen|9\n|tier|[Gen 9 Champions] VGC 2026 Reg M-A\n|rated|\n|rule|Species Clause: Limit one of each Pok\u00e9mon\n|rule|Item Clause: Limit 1 of each item\n|clearpoke\n|poke|p1|Starmie, L50|\n|poke|p1|Sableye, L50, F|\n|poke|p1|Dragonite, L50, M|\n|poke|p1|Conkeldurr, L50, F|\n|poke|p1|Blastoise, L50, F|\n|poke|p1|Whimsicott, L50, M|\n|poke|p2|Incineroar, L50, M|\n|poke|p2|Gengar, L50, F|\n|poke|p2|Kingambit, L50, F|\n|poke|p2|Corviknight, L50, F|\n|poke|p2|Maushold, L50|\n|poke|p2|Ninetales-Alola, L50, F|\n|teampreview|4\n|\n|t:|1776285840\n|teamsize|p1|4\n|teamsize|p2|4\n|start\n|switch|p1a: Starmie|Starmie, L50|100/100\n|switch|p1b: Sableye|Sableye, L50, F|100/100\n|switch|p2a: Gengar|Gengar, L50, F, shiny|100/100\n|switch|p2b: Maushold|Maushold, L50|100/100\n|turn|1\n|\n|t:|1776285866\n|detailschange|p1a: Starmie|Starmie-Mega, L50\n|-mega|p1a: Starmie|Starmie|Starminite\n|detailschange|p2a: Gengar|Gengar-Mega, L50, F, shiny\n|-mega|p2a: Gengar|Gengar|Gengarite\n|move|p1b: Sableye|Fake Out|p2b: Maushold\n|-damage|p2b: Maushold|87/100\n|cant|p2b: Maushold|flinch\n|move|p1a: Starmie|Bulk Up|p1a: Starmie\n|-boost|p1a: Starmie|atk|1\n|-boost|p1a: Starmie|def|1\n|move|p2a: Gengar|Perish Song|p2a: Gengar\n|-start|p1a: Starmie|perish3|[silent]\n|-start|p1b: Sableye|perish3|[silent]\n|-start|p2a: Gengar|perish3|[silent]\n|-start|p2b: Maushold|perish3|[silent]\n|-fieldactivate|move: Perish Song\n|\n|-start|p2b: Maushold|perish3\n|-start|p1a: Starmie|perish3\n|-start|p2a: Gengar|perish3\n|-start|p1b: Sableye|perish3\n|upkeep\n|turn|2\n|\n|t:|1776285896\n|move|p2a: Gengar|Protect|p2a: Gengar\n|-singleturn|p2a: Gengar|Protect\n|move|p1b: Sableye|Will-O-Wisp|p2b: Maushold\n|-status|p2b: Maushold|brn\n|move|p2b: Maushold|Switcheroo|p1b: Sableye\n|-activate|p2b: Maushold|move: Trick|[of] p1b: Sableye\n|-item|p1b: Sableye|Choice Scarf|[from] move: Switcheroo\n|-item|p2b: Maushold|Focus Sash|[from] move: Switcheroo\n|move|p1a: Starmie|Liquidation|p2a: Gengar\n|-activate|p2a: Gengar|move: Protect\n|\n|-damage|p2b: Maushold|81/100 brn|[from] brn\n|-start|p1a: Starmie|perish2\n|-start|p2a: Gengar|perish2\n|-start|p2b: Maushold|perish2\n|-start|p1b: Sableye|perish2\n|upkeep\n|turn|3\n|\n|t:|1776285953\n|move|p1b: Sableye|Helping Hand|p1a: Starmie\n|-singleturn|p1a: Starmie|Helping Hand|[of] p1b: Sableye\n|move|p2b: Maushold|Follow Me|p2b: Maushold\n|-singleturn|p2b: Maushold|move: Follow Me\n|move|p1a: Starmie|Liquidation|p2b: Maushold\n|-damage|p2b: Maushold|0 fnt\n|faint|p2b: Maushold\n|move|p2a: Gengar|Disable|p1b: Sableye\n|-start|p1b: Sableye|Disable|Helping Hand\n|\n|-start|p1a: Starmie|perish1\n|-start|p2a: Gengar|perish1\n|-start|p1b: Sableye|perish1\n|upkeep\n|\n|t:|1776285973\n|switch|p2b: Corviknight|Corviknight, L50, F|100/100\n|-ability|p2b: Corviknight|Unnerve\n|turn|4\n|\n|t:|1776285990\n|switch|p2a: Incineroar|Incineroar, L50, M|100/100\n|-ability|p2a: Incineroar|Intimidate|boost\n|-unboost|p1a: Starmie|atk|1\n|-unboost|p1b: Sableye|atk|1\n|switch|p1b: Conkeldurr|Conkeldurr, L50, F|100/100\n|move|p1a: Starmie|Liquidation|p2b: Corviknight\n|-damage|p2b: Corviknight|44/100\n|move|p2b: Corviknight|Iron Defense|p2b: Corviknight\n|-boost|p2b: Corviknight|def|2\n|\n|-heal|p2b: Corviknight|50/100|[from] item: Leftovers\n|-start|p1a: Starmie|perish0\n|upkeep\n|faint|p1a: Starmie\n|\n|t:|1776286006\n|switch|p1a: Sableye|Sableye, L50, F|100/100\n|turn|5\n|\n|t:|1776286019\n|move|p2a: Incineroar|Fake Out|p1b: Conkeldurr\n|-damage|p1b: Conkeldurr|88/100\n|move|p1a: Sableye|Will-O-Wisp|p2b: Corviknight\n|-status|p2b: Corviknight|brn\n|move|p2b: Corviknight|U-turn|p1a: Sableye\n|-damage|p1a: Sableye|90/100\n|\n|t:|1776286027\n|switch|p2b: Gengar|Gengar-Mega, L50, F, shiny|100/100|[from] U-turn\n|cant|p1b: Conkeldurr|flinch\n|\n|upkeep\n|turn|6\n|\n|t:|1776286054\n|move|p1a: Sableye|Will-O-Wisp|p1b: Conkeldurr\n|-status|p1b: Conkeldurr|brn\n|move|p2b: Gengar|Perish Song|p2b: Gengar\n|-start|p1a: Sableye|perish3|[silent]\n|-start|p1b: Conkeldurr|perish3|[silent]\n|-start|p2a: Incineroar|perish3|[silent]\n|-start|p2b: Gengar|perish3|[silent]\n|-fieldactivate|move: Perish Song\n|move|p2a: Incineroar|Parting Shot|p1b: Conkeldurr\n|-unboost|p1b: Conkeldurr|atk|1\n|-unboost|p1b: Conkeldurr|spa|1\n|\n|t:|1776286065\n|switch|p2a: Corviknight|Corviknight, L50, F|50/100 brn|[from] Parting Shot\n|-ability|p2a: Corviknight|Unnerve\n|move|p1b: Conkeldurr|Knock Off|p2b: Gengar\n|-supereffective|p2b: Gengar|1\n|-damage|p2b: Gengar|33/100\n|\n|-heal|p2a: Corviknight|56/100 brn|[from] item: Leftovers\n|-damage|p2a: Corviknight|50/100 brn|[from] brn\n|-damage|p1b: Conkeldurr|82/100 brn|[from] brn\n|-start|p2b: Gengar|perish3\n|-start|p1a: Sableye|perish3\n|-start|p1b: Conkeldurr|perish3\n|upkeep\n|turn|7\n|\n|t:|1776286093\n|switch|p1a: Dragonite|Dragonite, L50, M|100/100\n|move|p2b: Gengar|Substitute|p2b: Gengar\n|-start|p2b: Gengar|Substitute\n|-damage|p2b: Gengar|9/100\n|move|p2a: Corviknight|U-turn|p1a: Dragonite\n|-resisted|p1a: Dragonite|1\n|-damage|p1a: Dragonite|97/100\n|\n|t:|1776286101\n|switch|p2a: Incineroar|Incineroar, L50, M|100/100|[from] U-turn\n|-ability|p2a: Incineroar|Intimidate|boost\n|-fail|p1a: Dragonite|unboost|Attack|[from] ability: Inner Focus|[of] p1a: Dragonite\n|-unboost|p1b: Conkeldurr|atk|1\n|move|p1b: Conkeldurr|Bulk Up|p1b: Conkeldurr\n|-boost|p1b: Conkeldurr|atk|1\n|-boost|p1b: Conkeldurr|def|1\n|\n|-damage|p1b: Conkeldurr|76/100 brn|[from] brn\n|-start|p2b: Gengar|perish2\n|-start|p1b: Conkeldurr|perish2\n|upkeep\n|turn|8\n|\n|t:|1776286145\n|move|p2b: Gengar|Protect|p2b: Gengar\n|-singleturn|p2b: Gengar|Protect\n|move|p2a: Incineroar|Fake Out|p1b: Conkeldurr\n|-damage|p1b: Conkeldurr|69/100 brn\n|move|p1a: Dragonite|Dragon Dance|p1a: Dragonite\n|-boost|p1a: Dragonite|atk|1\n|-boost|p1a: Dragonite|spe|1\n|cant|p1b: Conkeldurr|flinch\n|\n|-damage|p1b: Conkeldurr|63/100 brn|[from] brn\n|-start|p2b: Gengar|perish1\n|-start|p1b: Conkeldurr|perish1\n|upkeep\n|turn|9\n|\n|t:|1776286167\n|move|p1a: Dragonite|Extreme Speed|p2a: Incineroar\n|-damage|p2a: Incineroar|50/100\n|move|p2b: Gengar|Perish Song|p2b: Gengar\n|-start|p1a: Dragonite|perish3|[silent]\n|-start|p2a: Incineroar|perish3|[silent]\n|-fieldactivate|move: Perish Song\n|move|p2a: Incineroar|Parting Shot|p1a: Dragonite\n|-unboost|p1a: Dragonite|atk|1\n|-unboost|p1a: Dragonite|spa|1\n|\n|t:|1776286176\n|switch|p2a: Corviknight|Corviknight, L50, F|50/100 brn|[from] Parting Shot\n|-ability|p2a: Corviknight|Unnerve\n|move|p1b: Conkeldurr|Drain Punch|p2a: Corviknight\n|-damage|p2a: Corviknight|10/100 brn\n|-heal|p1b: Conkeldurr|84/100 brn|[from] drain|[of] p2a: Corviknight\n|\n|-heal|p2a: Corviknight|16/100 brn|[from] item: Leftovers\n|-damage|p2a: Corviknight|10/100 brn|[from] brn\n|-damage|p1b: Conkeldurr|78/100 brn|[from] brn\n|-start|p2b: Gengar|perish0\n|-start|p1a: Dragonite|perish3\n|faint|p2b: Gengar\n|-start|p1b: Conkeldurr|perish0\n|upkeep\n|faint|p1b: Conkeldurr\n|\n|t:|1776286193\n|switch|p2b: Incineroar|Incineroar, L50, M|50/100\n|switch|p1b: Sableye|Sableye, L50, F|90/100\n|-ability|p2b: Incineroar|Intimidate|boost\n|-fail|p1a: Dragonite|unboost|Attack|[from] ability: Inner Focus|[of] p1a: Dragonite\n|-unboost|p1b: Sableye|atk|1\n|turn|10\n|\n|t:|1776286221\n|move|p1b: Sableye|Helping Hand|p1a: Dragonite\n|-singleturn|p1a: Dragonite|Helping Hand|[of] p1b: Sableye\n|move|p2b: Incineroar|Fake Out|p1a: Dragonite\n|-damage|p1a: Dragonite|87/100\n|move|p1a: Dragonite|Extreme Speed|p2b: Incineroar\n|-damage|p2b: Incineroar|3/100\n|move|p2a: Corviknight|Iron Defense|p2a: Corviknight\n|-boost|p2a: Corviknight|def|2\n|\n|-heal|p2a: Corviknight|16/100 brn|[from] item: Leftovers\n|-damage|p2a: Corviknight|10/100 brn|[from] brn\n|-start|p1a: Dragonite|perish2\n|upkeep\n|turn|11\n|\n|t:|1776286256\n|move|p1b: Sableye|Helping Hand|p1a: Dragonite\n|-singleturn|p1a: Dragonite|Helping Hand|[of] p1b: Sableye\n|move|p2a: Corviknight|Protect|p2a: Corviknight\n|-singleturn|p2a: Corviknight|Protect\n|move|p2b: Incineroar|Protect|p2b: Incineroar\n|-singleturn|p2b: Incineroar|Protect\n|move|p1a: Dragonite|Extreme Speed|p2a: Corviknight\n|-activate|p2a: Corviknight|move: Protect\n|\n|-heal|p2a: Corviknight|16/100 brn|[from] item: Leftovers\n|-damage|p2a: Corviknight|10/100 brn|[from] brn\n|-start|p1a: Dragonite|perish1\n|upkeep\n|turn|12\n|-message|Jax4263808 forfeited.\n|\n|win|Pevar_8\n|raw|Jax4263808's rating: 1098 &rarr; <strong>1069</strong><br />(-29 for losing)\n|raw|Pevar_8's rating: 1032 &rarr; <strong>1074</strong><br />(+42 for winning)\n|l|\u2606Jax4263808\n|player|p1|\n",
  "uploadtime": 1776286306,
  "views": 20,
  "formatid": "gen9championsvgc2026regma",
  "rating": 1069,
  "private": 0,
  "password": null
}