{
  "id": "gen9championsvgc2026regma-2585961949",
  "format": "[Gen 9 Champions] VGC 2026 Reg M-A",
  "players": [
    "Guy523",
    "superboy245"
  ],
  "log": "|j|\u2606Guy523\n|j|\u2606superboy245\n|t:|1776385433\n|gametype|doubles\n|player|p1|Guy523|guitarist|1284\n|player|p2|superboy245|buck|1369\n|gen|9\n|tier|[Gen 9 Champions] VGC 2026 Reg M-A\n|rated|\n|rule|Species Clause: Limit one of each Pok\u00e9mon\n|rule|Item Clause: Limit 1 of each item\n|clearpoke\n|poke|p1|Froslass, L50, F|\n|poke|p1|Aerodactyl, L50, F|\n|poke|p1|Kingambit, L50, M|\n|poke|p1|Sneasler, L50, M|\n|poke|p1|Arcanine-Hisui, L50, F|\n|poke|p1|Rotom-Frost, L50|\n|poke|p2|Glimmora, L50, F|\n|poke|p2|Chesnaught, L50, M|\n|poke|p2|Alakazam, L50, M|\n|poke|p2|Noivern, L50, M|\n|poke|p2|Cofagrigus, L50, M|\n|poke|p2|Heliolisk, L50, M|\n|teampreview|4\n|inactive|Battle timer is ON: inactive players will automatically lose when time's up. (requested by Guy523)\nsuperboy245 rejected open team sheets.\n|inactiveoff|Battle timer is now OFF.\n|inactive|Battle timer is ON: inactive players will automatically lose when time's up. (requested by superboy245)\n|inactiveoff|Battle timer is now OFF.\n|\n|t:|1776385494\n|teamsize|p1|4\n|teamsize|p2|4\n|start\n|switch|p1a: Kingambit|Kingambit, L50, M|100/100\n|switch|p1b: Aerodactyl|Aerodactyl, L50, F|100/100\n|switch|p2a: Chesnaught|Chesnaught, L50, M|100/100\n|switch|p2b: Cofagrigus|Cofagrigus, L50, M|100/100\n|-ability|p1b: Aerodactyl|Unnerve\n|turn|1\n|\n|t:|1776385511\n|move|p2a: Chesnaught|Spiky Shield|p2a: Chesnaught\n|-singleturn|p2a: Chesnaught|move: Protect\n|move|p1b: Aerodactyl|Dual Wingbeat|p2a: Chesnaught\n|-activate|p2a: Chesnaught|move: Protect\n|-damage|p1b: Aerodactyl|88/100|[from] Spiky Shield|[of] p2a: Chesnaught\n|move|p1a: Kingambit|Kowtow Cleave|p2b: Cofagrigus\n|-supereffective|p2b: Cofagrigus|1\n|-damage|p2b: Cofagrigus|31/100\n|-activate|p2b: Cofagrigus|ability: Mummy|p1a: Kingambit|[ability] Defiant\n|move|p2b: Cofagrigus|Trick Room|p2b: Cofagrigus\n|-fieldstart|move: Trick Room|[of] p2b: Cofagrigus\n|\n|-heal|p2b: Cofagrigus|37/100|[from] item: Leftovers\n|upkeep\n|turn|2\n|\n|t:|1776385531\n|switch|p1a: Froslass|Froslass, L50, F|100/100\n|detailschange|p2a: Chesnaught|Chesnaught-Mega, L50, M\n|-mega|p2a: Chesnaught|Chesnaught|Chesnaughtite\n|move|p2b: Cofagrigus|Will-O-Wisp|p1a: Froslass|[miss]\n|-miss|p2b: Cofagrigus|p1a: Froslass\n|move|p2a: Chesnaught|Wood Hammer|p1b: Aerodactyl\n|-damage|p1b: Aerodactyl|0 fnt\n|faint|p1b: Aerodactyl\n|-damage|p2a: Chesnaught|75/100|[from] Recoil\n|\n|-heal|p2b: Cofagrigus|44/100|[from] item: Leftovers\n|upkeep\n|\n|t:|1776385547\n|switch|p1b: Rotom|Rotom-Frost, L50|100/100\n|turn|3\n|\n|t:|1776385579\n|switch|p2b: Noivern|Noivern, L50, M|100/100\n|detailschange|p1a: Froslass|Froslass-Mega, L50, F\n|-mega|p1a: Froslass|Froslass|Froslassite\n|-weather|Snowscape|[from] ability: Snow Warning|[of] p1a: Froslass\n|move|p1a: Froslass|Protect|p1a: Froslass\n|-singleturn|p1a: Froslass|Protect\n|move|p2a: Chesnaught|Wide Guard|p2a: Chesnaught\n|-singleturn|p2a: Chesnaught|Wide Guard\n|move|p1b: Rotom|Nasty Plot|p1b: Rotom\n|-boost|p1b: Rotom|spa|2\n|\n|-weather|Snowscape|[upkeep]\n|upkeep\n|turn|4\n|\n|t:|1776385606\n|switch|p1a: Kingambit|Kingambit, L50, M|100/100\n|move|p1b: Rotom|Protect|p1b: Rotom\n|-singleturn|p1b: Rotom|Protect\n|move|p2a: Chesnaught|Body Press|p1b: Rotom\n|-activate|p1b: Rotom|move: Protect\n|move|p2b: Noivern|Tailwind|p2b: Noivern\n|-sidestart|p2: superboy245|move: Tailwind\n|\n|-weather|Snowscape|[upkeep]\n|upkeep\n|turn|5\n|inactive|Battle timer is ON: inactive players will automatically lose when time's up. (requested by superboy245)\n|\n|t:|1776385691\n|move|p1a: Kingambit|Kowtow Cleave|p2b: Noivern\n|-damage|p2b: Noivern|28/100\n|move|p2a: Chesnaught|Body Press|p1b: Rotom\n|-supereffective|p1b: Rotom|1\n|-damage|p1b: Rotom|4/100\n|move|p1b: Rotom|Blizzard|p2a: Chesnaught|[spread] p2a,p2b\n|-supereffective|p2a: Chesnaught|1\n|-supereffective|p2b: Noivern|2\n|-damage|p2a: Chesnaught|0 fnt\n|-damage|p2b: Noivern|0 fnt\n|faint|p2a: Chesnaught\n|faint|p2b: Noivern\n|\n|-weather|Snowscape|[upkeep]\n|-fieldend|move: Trick Room\n|upkeep\n|\n|t:|1776385707\n|switch|p2b: Cofagrigus|Cofagrigus, L50, M|44/100\n|switch|p2a: Glimmora|Glimmora, L50, F|100/100\n|turn|6\n|\n|t:|1776385720\n|move|p2a: Glimmora|Sludge Wave|p1b: Rotom|[spread] p2b,p1b\n|-immune|p1a: Kingambit\n|-resisted|p2b: Cofagrigus|1\n|-damage|p2b: Cofagrigus|29/100\n|-damage|p1b: Rotom|0 fnt\n|faint|p1b: Rotom\n|move|p1a: Kingambit|Iron Head|p2a: Glimmora\n|-supereffective|p2a: Glimmora|1\n|-damage|p2a: Glimmora|0 fnt\n|-activate|p2a: Glimmora|ability: Toxic Debris\n|-sidestart|p1: Guy523|move: Toxic Spikes\n|faint|p2a: Glimmora\n|move|p2b: Cofagrigus|Will-O-Wisp|p1a: Kingambit\n|-status|p1a: Kingambit|brn\n|\n|-weather|Snowscape|[upkeep]\n|-heal|p2b: Cofagrigus|35/100|[from] item: Leftovers\n|-damage|p1a: Kingambit|95/100 brn|[from] brn\n|upkeep\n|-message|superboy245 forfeited.\n|\n|win|Guy523\n|raw|Guy523's rating: 1284 &rarr; <strong>1315</strong><br />(+31 for winning)\n|raw|superboy245's rating: 1369 &rarr; <strong>1344</strong><br />(-25 for losing)\n",
  "uploadtime": 1776385737,
  "views": 27,
  "formatid": "gen9championsvgc2026regma",
  "rating": 1315,
  "private": 0,
  "password": null
}