{
  "id": "gen9championsvgc2026regma-2588081543",
  "format": "[Gen 9 Champions] VGC 2026 Reg M-A",
  "players": [
    "25Arcanines",
    "jennytells"
  ],
  "log": "|j|\u260625Arcanines\n|j|\u2606jennytells\n|t:|1776602116\n|gametype|doubles\n|player|p1|25Arcanines|rei|1137\n|player|p2|jennytells|skyla|1073\n|gen|9\n|tier|[Gen 9 Champions] VGC 2026 Reg M-A\n|rated|\n|rule|Species Clause: Limit one of each Pok\u00e9mon\n|rule|Item Clause: Limit 1 of each item\n|clearpoke\n|poke|p1|Arcanine-Hisui, L50, M|\n|poke|p1|Sneasler, L50, M|\n|poke|p1|Garchomp, L50, M|\n|poke|p1|Froslass, L50, F|\n|poke|p1|Kingambit, L50, M|\n|poke|p1|Rotom-Wash, L50|\n|poke|p2|Heracross, L50, F|\n|poke|p2|Aerodactyl, L50, M|\n|poke|p2|Incineroar, L50, F|\n|poke|p2|Volcarona, L50, F|\n|poke|p2|Conkeldurr, L50, M|\n|poke|p2|Reuniclus, L50, F|\n|teampreview|4\n|c|\u260625Arcanines|glhf\n|\n|t:|1776602172\n|teamsize|p1|4\n|teamsize|p2|4\n|start\n|switch|p1a: Pyroclast|Arcanine-Hisui, L50, M|100/100\n|switch|p1b: Permafrost|Froslass, L50, F|100/100\n|switch|p2a: Aerodactyl|Aerodactyl, L50, M|100/100\n|switch|p2b: Heracross|Heracross, L50, F|100/100\n|-ability|p2a: Aerodactyl|Unnerve\n|-ability|p1a: Pyroclast|Intimidate|boost\n|-unboost|p2a: Aerodactyl|atk|1\n|-unboost|p2b: Heracross|atk|1\n|turn|1\n|\n|t:|1776602197\n|switch|p1a: Spin Cycle|Rotom-Wash, L50|100/100\n|detailschange|p1b: Permafrost|Froslass-Mega, L50, F\n|-mega|p1b: Permafrost|Froslass|Froslassite\n|-weather|Snowscape|[from] ability: Snow Warning|[of] p1b: Permafrost\n|move|p2b: Heracross|Protect|p2b: Heracross\n|-singleturn|p2b: Heracross|Protect\n|move|p2a: Aerodactyl|Tailwind|p2a: Aerodactyl\n|-sidestart|p2: jennytells|move: Tailwind\n|move|p1b: Permafrost|Aurora Veil|p1b: Permafrost\n|-sidestart|p1: 25Arcanines|move: Aurora Veil\n|\n|-weather|Snowscape|[upkeep]\n|upkeep\n|turn|2\n|\n|t:|1776602235\n|detailschange|p2b: Heracross|Heracross-Mega, L50, F\n|-mega|p2b: Heracross|Heracross|Heracronite\n|move|p1b: Permafrost|Protect|p1b: Permafrost\n|-singleturn|p1b: Permafrost|Protect\n|move|p2a: Aerodactyl|Rock Slide|p1b: Permafrost|[spread] p1a\n|-activate|p1b: Permafrost|move: Protect\n|-damage|p1a: Spin Cycle|92/100\n|move|p2b: Heracross|Throat Chop|p1b: Permafrost\n|-activate|p1b: Permafrost|move: Protect\n|move|p1a: Spin Cycle|Electroweb|p2a: Aerodactyl|[spread] p2a,p2b\n|-supereffective|p2a: Aerodactyl|1\n|-damage|p2a: Aerodactyl|43/100\n|-damage|p2b: Heracross|79/100\n|-unboost|p2a: Aerodactyl|spe|1\n|-unboost|p2b: Heracross|spe|1\n|-enditem|p2a: Aerodactyl|Sitrus Berry|[eat]\n|-heal|p2a: Aerodactyl|68/100|[from] item: Sitrus Berry\n|\n|-weather|Snowscape|[upkeep]\n|-heal|p1a: Spin Cycle|97/100|[from] item: Leftovers\n|upkeep\n|turn|3\n|\n|t:|1776602264\n|switch|p1b: Gotta Sneas|Sneasler, L50, M|100/100\n|switch|p2b: Incineroar|Incineroar, L50, F|100/100\n|-ability|p2b: Incineroar|Intimidate|boost\n|-unboost|p1a: Spin Cycle|atk|1\n|-unboost|p1b: Gotta Sneas|atk|1\n|-enditem|p1b: Gotta Sneas|White Herb\n|-clearnegativeboost|p1b: Gotta Sneas|[silent]\n|move|p2a: Aerodactyl|Rock Slide|p1a: Spin Cycle|[spread] p1a,p1b\n|-resisted|p1b: Gotta Sneas|1\n|-damage|p1a: Spin Cycle|87/100\n|-damage|p1b: Gotta Sneas|93/100\n|move|p1a: Spin Cycle|Electroweb|p2b: Incineroar|[spread] p2a\n|-miss|p1a: Spin Cycle|p2b: Incineroar\n|-supereffective|p2a: Aerodactyl|1\n|-damage|p2a: Aerodactyl|10/100\n|-unboost|p2a: Aerodactyl|spe|1\n|\n|-weather|Snowscape|[upkeep]\n|-heal|p1a: Spin Cycle|93/100|[from] item: Leftovers\n|upkeep\n|turn|4\n|\n|t:|1776602313\n|switch|p2a: Heracross|Heracross-Mega, L50, F|79/100\n|move|p1b: Gotta Sneas|Fake Out|p2b: Incineroar\n|-damage|p2b: Incineroar|87/100\n|cant|p2b: Incineroar|flinch\n|move|p1a: Spin Cycle|Hydro Pump|p2b: Incineroar\n|-supereffective|p2b: Incineroar|1\n|-crit|p2b: Incineroar\n|-damage|p2b: Incineroar|0 fnt\n|faint|p2b: Incineroar\n|\n|-weather|Snowscape|[upkeep]\n|-heal|p1a: Spin Cycle|99/100|[from] item: Leftovers\n|-sideend|p2: jennytells|move: Tailwind\n|upkeep\n|\n|t:|1776602328\n|switch|p2b: Aerodactyl|Aerodactyl, L50, M|10/100\n|-ability|p2b: Aerodactyl|Unnerve\n|turn|5\n|\n|t:|1776602349\n|move|p1b: Gotta Sneas|Protect|p1b: Gotta Sneas\n|-singleturn|p1b: Gotta Sneas|Protect\n|move|p2b: Aerodactyl|Protect|p2b: Aerodactyl\n|-singleturn|p2b: Aerodactyl|Protect\n|move|p2a: Heracross|Protect|p2a: Heracross\n|-singleturn|p2a: Heracross|Protect\n|move|p1a: Spin Cycle|Electroweb|p2a: Heracross|[spread] \n|-activate|p2a: Heracross|move: Protect\n|-activate|p2b: Aerodactyl|move: Protect\n|\n|-weather|none\n|-heal|p1a: Spin Cycle|100/100|[from] item: Leftovers\n|-sideend|p1: 25Arcanines|move: Aurora Veil\n|upkeep\n|turn|6\n|\n|t:|1776602384\n|move|p1b: Gotta Sneas|Coaching|p1a: Spin Cycle\n|-boost|p1a: Spin Cycle|atk|1\n|-boost|p1a: Spin Cycle|def|1\n|move|p2b: Aerodactyl|Tailwind|p2b: Aerodactyl\n|-sidestart|p2: jennytells|move: Tailwind\n|move|p2a: Heracross|Close Combat|p1a: Spin Cycle\n|-damage|p1a: Spin Cycle|37/100\n|-unboost|p2a: Heracross|def|1\n|-unboost|p2a: Heracross|spd|1\n|move|p1a: Spin Cycle|Electroweb|p2b: Aerodactyl|[spread] p2a,p2b\n|-supereffective|p2b: Aerodactyl|1\n|-damage|p2a: Heracross|50/100\n|-damage|p2b: Aerodactyl|0 fnt\n|-unboost|p2a: Heracross|spe|1\n|faint|p2b: Aerodactyl\n|\n|-heal|p1a: Spin Cycle|43/100|[from] item: Leftovers\n|upkeep\n|\n|t:|1776602402\n|switch|p2b: Volcarona|Volcarona, L50, F|100/100\n|turn|7\n|\n|t:|1776602416\n|move|p1b: Gotta Sneas|Protect|p1b: Gotta Sneas\n|-singleturn|p1b: Gotta Sneas|Protect\n|move|p2b: Volcarona|Giga Drain|p1a: Spin Cycle\n|-supereffective|p1a: Spin Cycle|1\n|-damage|p1a: Spin Cycle|0 fnt\n|faint|p1a: Spin Cycle\n|move|p2a: Heracross|Close Combat|p1b: Gotta Sneas\n|-activate|p1b: Gotta Sneas|move: Protect\n|\n|upkeep\n|\n|t:|1776602428\n|switch|p1a: Permafrost|Froslass-Mega, L50, F|100/100\n|-weather|Snowscape|[from] ability: Snow Warning|[of] p1a: Permafrost\n|turn|8\n|\n|t:|1776602444\n|move|p1b: Gotta Sneas|Close Combat|p2b: Volcarona\n|-resisted|p2b: Volcarona|1\n|-damage|p2b: Volcarona|50/100\n|-unboost|p1b: Gotta Sneas|def|1\n|-unboost|p1b: Gotta Sneas|spd|1\n|-status|p1b: Gotta Sneas|brn|[from] ability: Flame Body|[of] p2b: Volcarona\n|move|p2b: Volcarona|Quiver Dance|p2b: Volcarona\n|-boost|p2b: Volcarona|spa|1\n|-boost|p2b: Volcarona|spd|1\n|-boost|p2b: Volcarona|spe|1\n|move|p1a: Permafrost|Blizzard|p2b: Volcarona|[spread] p2a,p2b\n|-resisted|p2b: Volcarona|1\n|-damage|p2a: Heracross|0 fnt\n|-damage|p2b: Volcarona|32/100\n|faint|p2a: Heracross\n|\n|-weather|Snowscape|[upkeep]\n|-damage|p1b: Gotta Sneas|88/100 brn|[from] brn\n|upkeep\n|turn|9\n|c|\u260625Arcanines|ggwp\n|\n|t:|1776602469\n|switch|p1b: Pyroclast|Arcanine-Hisui, L50, M|100/100\n|-ability|p1b: Pyroclast|Intimidate|boost\n|-unboost|p2b: Volcarona|atk|1\n|move|p2b: Volcarona|Fiery Dance|p1b: Pyroclast\n|-resisted|p1b: Pyroclast|2\n|-damage|p1b: Pyroclast|80/100\n|move|p1a: Permafrost|Aurora Veil|p1a: Permafrost\n|-sidestart|p1: 25Arcanines|move: Aurora Veil\n|\n|-weather|Snowscape|[upkeep]\n|-sideend|p2: jennytells|move: Tailwind\n|upkeep\n|turn|10\n|\n|t:|1776602488\n|move|p1a: Permafrost|Protect|p1a: Permafrost\n|-singleturn|p1a: Permafrost|Protect\n|move|p2b: Volcarona|Giga Drain|p1b: Pyroclast\n|-damage|p1b: Pyroclast|45/100\n|-heal|p2b: Volcarona|51/100|[from] drain|[of] p1b: Pyroclast\n|move|p1b: Pyroclast|Rock Slide|p2b: Volcarona\n|-supereffective|p2b: Volcarona|2\n|-damage|p2b: Volcarona|0 fnt\n|faint|p2b: Volcarona\n|\n|win|25Arcanines\n|raw|25Arcanines's rating: 1137 &rarr; <strong>1157</strong><br />(+20 for winning)\n|raw|jennytells's rating: 1073 &rarr; <strong>1056</strong><br />(-17 for losing)\n|l|\u2606jennytells\n|player|p2|\n",
  "uploadtime": 1776602542,
  "views": 7,
  "formatid": "gen9championsvgc2026regma",
  "rating": 1056,
  "private": 0,
  "password": null
}