{
  "id": "gen9championsvgc2026regma-2583571794",
  "format": "[Gen 9 Champions] VGC 2026 Reg M-A",
  "players": [
    "lizardon0516",
    "Maruja444"
  ],
  "log": "|j|\u2606lizardon0516\n|j|\u2606Maruja444\n|t:|1776184048\n|gametype|doubles\n|player|p1|lizardon0516|265|1149\n|player|p2|Maruja444|nurseryaide|1095\n|gen|9\n|tier|[Gen 9 Champions] VGC 2026 Reg M-A\n|rated|\n|rule|Species Clause: Limit one of each Pok\u00e9mon\n|rule|Item Clause: Limit 1 of each item\n|clearpoke\n|poke|p1|Charizard, L50, M|\n|poke|p1|Milotic, L50, F|\n|poke|p1|Sinistcha, L50|\n|poke|p1|Incineroar, L50, M|\n|poke|p1|Sneasler, L50, M|\n|poke|p1|Tyranitar, L50, M|\n|poke|p2|Aerodactyl, L50, F|\n|poke|p2|Charizard, L50, F|\n|poke|p2|Garchomp, L50, M|\n|poke|p2|Basculegion, L50, M|\n|poke|p2|Milotic, L50, M|\n|poke|p2|Jolteon, L50, F|\n|teampreview|4\n|inactive|Battle timer is ON: inactive players will automatically lose when time's up. (requested by Maruja444)\n|\n|t:|1776184091\n|teamsize|p1|4\n|teamsize|p2|4\n|start\n|switch|p1a: Sinistcha|Sinistcha, L50|100/100\n|switch|p1b: Charizard|Charizard, L50, M, shiny|100/100\n|switch|p2a: Milotic|Milotic, L50, M|100/100\n|switch|p2b: Jolteon|Jolteon, L50, F|100/100\n|turn|1\n|\n|t:|1776184104\n|detailschange|p1b: Charizard|Charizard-Mega-X, L50, M, shiny\n|-mega|p1b: Charizard|Charizard|Charizardite X\n|move|p1a: Sinistcha|Rage Powder|p1a: Sinistcha\n|-singleturn|p1a: Sinistcha|move: Rage Powder\n|move|p2b: Jolteon|Light Screen|p2b: Jolteon\n|-sidestart|p2: Maruja444|move: Light Screen\n|move|p1b: Charizard|Dragon Dance|p1b: Charizard\n|-boost|p1b: Charizard|atk|1\n|-boost|p1b: Charizard|spe|1\n|move|p2a: Milotic|Ice Beam|p1a: Sinistcha\n|-supereffective|p1a: Sinistcha|1\n|-damage|p1a: Sinistcha|56/100\n|\n|upkeep\n|turn|2\n|\n|t:|1776184126\n|move|p1b: Charizard|Dragon Claw|p2b: Jolteon\n|-damage|p2b: Jolteon|0 fnt\n|faint|p2b: Jolteon\n|move|p2a: Milotic|Coil|p2a: Milotic\n|-boost|p2a: Milotic|atk|1\n|-boost|p2a: Milotic|def|1\n|-boost|p2a: Milotic|accuracy|1\n|move|p1a: Sinistcha|Matcha Gotcha|p2a: Milotic\n|-supereffective|p2a: Milotic|1\n|-damage|p2a: Milotic|65/100\n|-heal|p1a: Sinistcha|73/100|[from] drain|[of] p2a: Milotic\n|\n|-heal|p2a: Milotic|71/100|[from] item: Leftovers\n|upkeep\n|\n|t:|1776184139\n|switch|p2b: Garchomp|Garchomp, L50, M|100/100\n|turn|3\n|inactive|Maruja444 has 30 seconds left.\n|\n|t:|1776184164\n|move|p1b: Charizard|Protect|p1b: Charizard\n|-singleturn|p1b: Charizard|Protect\n|move|p2b: Garchomp|Dragon Claw|p1b: Charizard\n|-activate|p1b: Charizard|move: Protect\n|move|p2a: Milotic|Ice Beam|p1a: Sinistcha\n|-supereffective|p1a: Sinistcha|1\n|-crit|p1a: Sinistcha\n|-damage|p1a: Sinistcha|5/100\n|move|p1a: Sinistcha|Matcha Gotcha|p2a: Milotic|[spread] p2a,p2b\n|-supereffective|p2a: Milotic|1\n|-damage|p2a: Milotic|48/100\n|-heal|p1a: Sinistcha|16/100|[from] drain|[of] p2a: Milotic\n|-damage|p2b: Garchomp|83/100\n|-heal|p1a: Sinistcha|25/100|[from] drain|[of] p2b: Garchomp\n|-status|p2a: Milotic|brn\n|-status|p2b: Garchomp|brn\n|\n|-heal|p2a: Milotic|53/100 brn|[from] item: Leftovers\n|-damage|p2b: Garchomp|77/100 brn|[from] brn\n|-damage|p2a: Milotic|48/100 brn|[from] brn\n|upkeep\n|turn|4\n|inactive|lizardon0516 has 30 seconds left.\n|\n|t:|1776184191\n|move|p1a: Sinistcha|Rage Powder|p1a: Sinistcha\n|-singleturn|p1a: Sinistcha|move: Rage Powder\n|move|p2b: Garchomp|Dragon Claw|p1a: Sinistcha\n|-damage|p1a: Sinistcha|8/100\n|move|p1b: Charizard|Dragon Dance|p1b: Charizard\n|-boost|p1b: Charizard|atk|1\n|-boost|p1b: Charizard|spe|1\n|move|p2a: Milotic|Ice Beam|p1a: Sinistcha\n|-supereffective|p1a: Sinistcha|1\n|-damage|p1a: Sinistcha|0 fnt\n|faint|p1a: Sinistcha\n|\n|-heal|p2a: Milotic|53/100 brn|[from] item: Leftovers\n|-damage|p2b: Garchomp|71/100 brn|[from] brn\n|-damage|p2a: Milotic|48/100 brn|[from] brn\n|upkeep\n|\n|t:|1776184197\n|switch|p1a: Milotic|Milotic, L50, F, shiny|100/100\n|turn|5\n|\n|t:|1776184215\n|move|p1b: Charizard|Dragon Claw|p2b: Garchomp\n|-supereffective|p2b: Garchomp|1\n|-damage|p2b: Garchomp|0 fnt\n|-damage|p1b: Charizard|88/100|[from] ability: Rough Skin|[of] p2b: Garchomp\n|faint|p2b: Garchomp\n|move|p1a: Milotic|Icy Wind|p2a: Milotic\n|-resisted|p2a: Milotic|1\n|-damage|p2a: Milotic|44/100 brn\n|-unboost|p2a: Milotic|spe|1\n|-ability|p2a: Milotic|Competitive|boost\n|-boost|p2a: Milotic|spa|2\n|move|p2a: Milotic|Scald|p1b: Charizard\n|-damage|p1b: Charizard|8/100\n|\n|-heal|p2a: Milotic|50/100 brn|[from] item: Leftovers\n|-damage|p2a: Milotic|44/100 brn|[from] brn\n|-sideend|p2: Maruja444|move: Light Screen\n|upkeep\n|\n|t:|1776184218\n|switch|p2b: Charizard|Charizard, L50, F|100/100\n|turn|6\n|\n|t:|1776184236\n|move|p1b: Charizard|Dragon Claw|p2a: Milotic\n|-damage|p2a: Milotic|0 fnt\n|faint|p2a: Milotic\n|move|p2b: Charizard|Thunder Punch|p1a: Milotic\n|-supereffective|p1a: Milotic|1\n|-damage|p1a: Milotic|67/100\n|move|p1a: Milotic|Scald|p2b: Charizard\n|-supereffective|p2b: Charizard|1\n|-damage|p2b: Charizard|36/100\n|\n|-heal|p1a: Milotic|73/100|[from] item: Leftovers\n|upkeep\n|turn|7\n|\n|t:|1776184252\n|detailschange|p2b: Charizard|Charizard-Mega-X, L50, F\n|-mega|p2b: Charizard|Charizard|Charizardite X\n|move|p1b: Charizard|Dragon Claw|p2b: Charizard\n|-supereffective|p2b: Charizard|1\n|-damage|p2b: Charizard|0 fnt\n|faint|p2b: Charizard\n|\n|win|lizardon0516\n|raw|lizardon0516's rating: 1149 &rarr; <strong>1170</strong><br />(+21 for winning)\n|raw|Maruja444's rating: 1095 &rarr; <strong>1074</strong><br />(-21 for losing)\n|l|\u2606Maruja444\n|player|p2|\n",
  "uploadtime": 1776184263,
  "views": 13,
  "formatid": "gen9championsvgc2026regma",
  "rating": 1074,
  "private": 0,
  "password": null
}