{
  "id": "gen9championsvgc2026regma-2583581947",
  "format": "[Gen 9 Champions] VGC 2026 Reg M-A",
  "players": [
    "dont ask tbh",
    "PureVoid_"
  ],
  "log": "|j|\u2606dont ask tbh\n|j|\u2606PureVoid_\n|t:|1776184674\n|gametype|doubles\n|player|p1|dont ask tbh|unknownf|1043\n|player|p2|PureVoid_|ghetsis|1046\n|gen|9\n|tier|[Gen 9 Champions] VGC 2026 Reg M-A\n|rated|\n|rule|Species Clause: Limit one of each Pok\u00e9mon\n|rule|Item Clause: Limit 1 of each item\n|clearpoke\n|poke|p1|Bastiodon, L50, F|\n|poke|p1|Gengar, L50, M|\n|poke|p1|Sinistcha, L50|\n|poke|p1|Clefable, L50, F|\n|poke|p1|Empoleon, L50, F|\n|poke|p1|Incineroar, L50, F|\n|poke|p2|Kangaskhan, L50, F|\n|poke|p2|Aerodactyl, L50, M|\n|poke|p2|Meganium, L50, M|\n|poke|p2|Archaludon, L50, M|\n|poke|p2|Typhlosion-Hisui, L50, M|\n|poke|p2|Tauros-Paldea-Aqua, L50, M|\n|teampreview|4\n|\n|t:|1776184710\n|teamsize|p1|4\n|teamsize|p2|4\n|start\n|switch|p1a: Empoleon|Empoleon, L50, F|100/100\n|switch|p1b: Bastiodon|Bastiodon, L50, F|100/100\n|switch|p2a: Aerodactyl|Aerodactyl, L50, M|100/100\n|switch|p2b: Typhlosion|Typhlosion-Hisui, L50, M|100/100\n|-ability|p2a: Aerodactyl|Unnerve\n|-item|p1a: Empoleon|Choice Scarf|[from] ability: Frisk|[of] p2b: Typhlosion\n|-item|p1b: Bastiodon|Leftovers|[from] ability: Frisk|[of] p2b: Typhlosion\n|turn|1\n|\n|t:|1776184744\n|move|p2b: Typhlosion|Eruption|p1b: Bastiodon|[spread] p1a,p1b\n|-damage|p1a: Empoleon|32/100\n|-damage|p1b: Bastiodon|41/100\n|move|p2a: Aerodactyl|Tailwind|p2a: Aerodactyl\n|-sidestart|p2: PureVoid_|move: Tailwind\n|move|p1a: Empoleon|Water Pulse|p2b: Typhlosion\n|-supereffective|p2b: Typhlosion|1\n|-damage|p2b: Typhlosion|26/100\n|move|p1b: Bastiodon|Iron Defense|p1b: Bastiodon\n|-boost|p1b: Bastiodon|def|2\n|\n|-heal|p1b: Bastiodon|47/100|[from] item: Leftovers\n|upkeep\n|turn|2\n|\n|t:|1776184770\n|switch|p2b: Meganium|Meganium, L50, M|100/100\n|move|p2a: Aerodactyl|Protect|p2a: Aerodactyl\n|-singleturn|p2a: Aerodactyl|Protect\n|move|p1b: Bastiodon|Protect|p1b: Bastiodon\n|-singleturn|p1b: Bastiodon|Protect\n|move|p1a: Empoleon|Water Pulse|p2b: Meganium\n|-resisted|p2b: Meganium|1\n|-damage|p2b: Meganium|88/100\n|-start|p2b: Meganium|confusion\n|\n|-heal|p1b: Bastiodon|53/100|[from] item: Leftovers\n|upkeep\n|turn|3\n|\n|t:|1776184794\n|switch|p1a: Sinistcha|Sinistcha, L50|100/100\n|-heal|p1b: Bastiodon|78/100|[from] ability: Hospitality|[of] p1a: Sinistcha\n|detailschange|p2b: Meganium|Meganium-Mega, L50, M\n|-mega|p2b: Meganium|Meganium|Meganiumite\n|move|p2a: Aerodactyl|Rock Slide|p1a: Sinistcha|[spread] p1a,p1b\n|-resisted|p1b: Bastiodon|1\n|-damage|p1a: Sinistcha|79/100\n|-damage|p1b: Bastiodon|73/100\n|-activate|p2b: Meganium|confusion\n|move|p2b: Meganium|Weather Ball|p1b: Bastiodon\n|-damage|p1b: Bastiodon|13/100\n|move|p1b: Bastiodon|Body Press|p2a: Aerodactyl\n|-enditem|p2a: Aerodactyl|Focus Sash\n|-damage|p2a: Aerodactyl|1/100\n|\n|-heal|p1b: Bastiodon|19/100|[from] item: Leftovers\n|upkeep\n|turn|4\n|\n|t:|1776184819\n|move|p1b: Bastiodon|Protect|p1b: Bastiodon\n|-singleturn|p1b: Bastiodon|Protect\n|move|p2a: Aerodactyl|Dual Wingbeat|p1a: Sinistcha\n|-supereffective|p1a: Sinistcha|1\n|-damage|p1a: Sinistcha|47/100\n|-supereffective|p1a: Sinistcha|1\n|-damage|p1a: Sinistcha|16/100\n|-hitcount|p1a: Sinistcha|2\n|-end|p2b: Meganium|confusion\n|move|p2b: Meganium|Dazzling Gleam|p1b: Bastiodon|[spread] p1a\n|-activate|p1b: Bastiodon|move: Protect\n|-damage|p1a: Sinistcha|0 fnt\n|faint|p1a: Sinistcha\n|\n|-heal|p1b: Bastiodon|25/100|[from] item: Leftovers\n|-sideend|p2: PureVoid_|move: Tailwind\n|upkeep\n|\n|t:|1776184835\n|switch|p1a: Gengar|Gengar, L50, M|100/100\n|turn|5\n|\n|t:|1776184864\n|switch|p2b: Typhlosion|Typhlosion-Hisui, L50, M|26/100\n|-item|p1a: Gengar|Gengarite|[from] ability: Frisk|[of] p2b: Typhlosion\n|-item|p1b: Bastiodon|Leftovers|[from] ability: Frisk|[of] p2b: Typhlosion\n|detailschange|p1a: Gengar|Gengar-Mega, L50, M\n|-mega|p1a: Gengar|Gengar|Gengarite\n|move|p1b: Bastiodon|Protect||[still]\n|-fail|p1b: Bastiodon\n|move|p2a: Aerodactyl|Tailwind|p2a: Aerodactyl\n|-sidestart|p2: PureVoid_|move: Tailwind\n|move|p1a: Gengar|Perish Song|p1a: Gengar\n|-start|p1a: Gengar|perish3|[silent]\n|-immune|p1b: Bastiodon|[from] ability: Soundproof\n|-start|p2a: Aerodactyl|perish3|[silent]\n|-start|p2b: Typhlosion|perish3|[silent]\n|-fieldactivate|move: Perish Song\n|\n|-heal|p1b: Bastiodon|30/100|[from] item: Leftovers\n|-start|p2b: Typhlosion|perish3\n|-start|p2a: Aerodactyl|perish3\n|-start|p1a: Gengar|perish3\n|upkeep\n|turn|6\n|\n|t:|1776184921\n|switch|p1a: Empoleon|Empoleon, L50, F|32/100\n|move|p2b: Typhlosion|Heat Wave|p1a: Empoleon|[spread] p1a,p1b\n|-damage|p1a: Empoleon|0 fnt\n|-damage|p1b: Bastiodon|0 fnt\n|faint|p1a: Empoleon\n|faint|p1b: Bastiodon\n|move|p2a: Aerodactyl|Rock Slide|p1: Empoleon|[notarget]\n|-fail|p2a: Aerodactyl\n|\n|-start|p2b: Typhlosion|perish2\n|-start|p2a: Aerodactyl|perish2\n|upkeep\n|\n|t:|1776184933\n|switch|p1b: Gengar|Gengar-Mega, L50, M|100/100\n|turn|7\n|\n|t:|1776184942\n|move|p1b: Gengar|Protect|p1b: Gengar\n|-singleturn|p1b: Gengar|Protect\n|move|p2b: Typhlosion|Heat Wave|p1b: Gengar\n|-activate|p1b: Gengar|move: Protect\n|move|p2a: Aerodactyl|Dual Wingbeat|p1b: Gengar\n|-activate|p1b: Gengar|move: Protect\n|\n|-start|p2b: Typhlosion|perish1\n|-start|p2a: Aerodactyl|perish1\n|upkeep\n|turn|8\n|\n|t:|1776184969\n|move|p1b: Gengar|Protect|p1b: Gengar\n|-singleturn|p1b: Gengar|Protect\n|move|p2b: Typhlosion|Heat Wave|p1b: Gengar\n|-activate|p1b: Gengar|move: Protect\n|move|p2a: Aerodactyl|Dual Wingbeat|p1b: Gengar\n|-activate|p1b: Gengar|move: Protect\n|\n|-start|p2b: Typhlosion|perish0\n|-start|p2a: Aerodactyl|perish0\n|-sideend|p2: PureVoid_|move: Tailwind\n|faint|p2b: Typhlosion\n|faint|p2a: Aerodactyl\n|upkeep\n|\n|t:|1776184972\n|switch|p2a: Meganium|Meganium-Mega, L50, M|88/100\n|switch|p2b: Tauros|Tauros-Paldea-Aqua, L50, M|100/100\n|-ability|p2b: Tauros|Intimidate|boost\n|-unboost|p1b: Gengar|atk|1\n|turn|9\n|\n|t:|1776184987\n|move|p2a: Meganium|Protect|p2a: Meganium\n|-singleturn|p2a: Meganium|Protect\n|move|p1b: Gengar|Sludge Bomb|p2a: Meganium\n|-activate|p2a: Meganium|move: Protect\n|move|p2b: Tauros|Wave Crash|p1b: Gengar\n|-damage|p1b: Gengar|34/100\n|-damage|p2b: Tauros|76/100|[from] Recoil\n|\n|upkeep\n|turn|10\n|\n|t:|1776185011\n|move|p1b: Gengar|Protect|p1b: Gengar\n|-singleturn|p1b: Gengar|Protect\n|move|p2b: Tauros|Wave Crash|p1b: Gengar\n|-activate|p1b: Gengar|move: Protect\n|move|p2a: Meganium|Weather Ball|p1b: Gengar\n|-activate|p1b: Gengar|move: Protect\n|\n|upkeep\n|turn|11\n|\n|t:|1776185022\n|move|p2a: Meganium|Protect|p2a: Meganium\n|-singleturn|p2a: Meganium|Protect\n|move|p1b: Gengar|Shadow Ball|p2b: Tauros\n|-damage|p2b: Tauros|0 fnt\n|faint|p2b: Tauros\n|\n|upkeep\n|turn|12\n|\n|t:|1776185031\n|move|p1b: Gengar|Sludge Bomb|p2a: Meganium\n|-supereffective|p2a: Meganium|2\n|-damage|p2a: Meganium|0 fnt\n|faint|p2a: Meganium\n|\n|win|dont ask tbh\n|raw|dont ask tbh's rating: 1043 &rarr; <strong>1077</strong><br />(+34 for winning)\n|raw|PureVoid_'s rating: 1046 &rarr; <strong>1029</strong><br />(-17 for losing)\n|l|\u2606PureVoid_\n|player|p2|\n",
  "uploadtime": 1776185054,
  "views": 14,
  "formatid": "gen9championsvgc2026regma",
  "rating": 1029,
  "private": 0,
  "password": null
}