{
  "id": "gen9championsvgc2026regma-2581393085",
  "format": "[Gen 9 Champions] VGC 2026 Reg M-A",
  "players": [
    "Mr shoey",
    "zan81"
  ],
  "log": "|j|\u2606Mr shoey\n|j|\u2606zan81\n|t:|1775995620\n|gametype|doubles\n|player|p1|Mr shoey|169|1230\n|player|p2|zan81|101|1210\n|gen|9\n|tier|[Gen 9 Champions] VGC 2026 Reg M-A\n|rated|\n|rule|Species Clause: Limit one of each Pok\u00e9mon\n|rule|Item Clause: Limit 1 of each item\n|clearpoke\n|poke|p1|Floette-Eternal, L50, F|\n|poke|p1|Sinistcha, L50|\n|poke|p1|Kingambit, L50, F|\n|poke|p1|Milotic, L50, F|\n|poke|p1|Whimsicott, L50, M|\n|poke|p1|Delphox, L50, F|\n|poke|p2|Kingambit, L50, F|\n|poke|p2|Sneasler, L50, M|\n|poke|p2|Basculegion, L50, M|\n|poke|p2|Froslass, L50, F|\n|poke|p2|Delphox, L50, F|\n|poke|p2|Whimsicott, L50, M|\n|teampreview|4\n|inactive|Battle timer is ON: inactive players will automatically lose when time's up. (requested by zan81)\n|inactive|zan81 has 60 seconds left.\n|inactive|Mr shoey has 60 seconds left.\n|inactive|zan81 has 30 seconds left.\n|\n|t:|1775995681\n|teamsize|p1|4\n|teamsize|p2|4\n|start\n|switch|p1a: Whimsicott|Whimsicott, L50, M|100/100\n|switch|p1b: Milotic|Milotic, L50, F|100/100\n|switch|p2a: Delphox|Delphox, L50, F|100/100\n|switch|p2b: Sneasler|Sneasler, L50, M|100/100\n|turn|1\n|\n|t:|1775995704\n|detailschange|p2a: Delphox|Delphox-Mega, L50, F\n|-mega|p2a: Delphox|Delphox|Delphoxite\n|move|p2b: Sneasler|Fake Out|p1b: Milotic\n|-damage|p1b: Milotic|89/100\n|move|p1a: Whimsicott|Tailwind|p1a: Whimsicott\n|-sidestart|p1: Mr shoey|move: Tailwind\n|cant|p1b: Milotic|flinch\n|move|p2a: Delphox|Heat Wave|p1b: Milotic|[spread] p1b\n|-miss|p2a: Delphox|p1a: Whimsicott\n|-resisted|p1b: Milotic|1\n|-damage|p1b: Milotic|74/100\n|\n|-heal|p1b: Milotic|80/100|[from] item: Leftovers\n|upkeep\n|turn|2\n|\n|t:|1775995724\n|move|p2a: Delphox|Protect|p2a: Delphox\n|-singleturn|p2a: Delphox|Protect\n|move|p1a: Whimsicott|Encore|p2b: Sneasler\n|-start|p2b: Sneasler|Encore\n|move|p2b: Sneasler|Fake Out||[still]\n|-hint|Fake Out only works on your first turn out.\n|-fail|p2b: Sneasler\n|move|p1b: Milotic|Scald|p2a: Delphox\n|-activate|p2a: Delphox|move: Protect\n|\n|-heal|p1b: Milotic|86/100|[from] item: Leftovers\n|upkeep\n|turn|3\n|\n|t:|1775995746\n|switch|p2a: Whimsicott|Whimsicott, L50, M|100/100\n|switch|p2b: Basculegion|Basculegion, L50, M|100/100\n|move|p1a: Whimsicott|Encore||[still]\n|-fail|p1a: Whimsicott\n|move|p1b: Milotic|Icy Wind|p2b: Basculegion|[spread] p2a\n|-miss|p1b: Milotic|p2b: Basculegion\n|-supereffective|p2a: Whimsicott|1\n|-damage|p2a: Whimsicott|74/100\n|-unboost|p2a: Whimsicott|spe|1\n|\n|-heal|p1b: Milotic|92/100|[from] item: Leftovers\n|upkeep\n|turn|4\n|\n|t:|1775995769\n|move|p2a: Whimsicott|Tailwind|p2a: Whimsicott\n|-sidestart|p2: zan81|move: Tailwind\n|move|p2b: Basculegion|Flip Turn|p1a: Whimsicott\n|-resisted|p1a: Whimsicott|1\n|-damage|p1a: Whimsicott|73/100\n|\n|t:|1775995778\n|switch|p2b: Sneasler|Sneasler, L50, M|100/100|[from] Flip Turn\n|move|p1a: Whimsicott|Dazzling Gleam|p2a: Whimsicott|[spread] p2a,p2b\n|-damage|p2a: Whimsicott|45/100\n|-damage|p2b: Sneasler|70/100\n|move|p1b: Milotic|Icy Wind|p2a: Whimsicott|[spread] p2a,p2b\n|-supereffective|p2a: Whimsicott|1\n|-damage|p2a: Whimsicott|19/100\n|-damage|p2b: Sneasler|55/100\n|-unboost|p2a: Whimsicott|spe|1\n|-unboost|p2b: Sneasler|spe|1\n|-enditem|p2b: Sneasler|White Herb\n|-clearnegativeboost|p2b: Sneasler|[silent]\n|\n|-heal|p1b: Milotic|98/100|[from] item: Leftovers\n|-sideend|p1: Mr shoey|move: Tailwind\n|upkeep\n|turn|5\n|inactive|zan81 has 30 seconds left.\n|\n|t:|1775995806\n|move|p1a: Whimsicott|Tailwind|p1a: Whimsicott\n|-sidestart|p1: Mr shoey|move: Tailwind\n|move|p2a: Whimsicott|Encore|p1b: Milotic\n|-start|p1b: Milotic|Encore\n|move|p2b: Sneasler|Dire Claw|p1a: Whimsicott\n|-supereffective|p1a: Whimsicott|2\n|-damage|p1a: Whimsicott|0 fnt\n|faint|p1a: Whimsicott\n|move|p1b: Milotic|Icy Wind|p2a: Whimsicott|[spread] p2a,p2b\n|-supereffective|p2a: Whimsicott|1\n|-damage|p2a: Whimsicott|0 fnt\n|-damage|p2b: Sneasler|42/100\n|-unboost|p2b: Sneasler|spe|1\n|faint|p2a: Whimsicott\n|\n|-heal|p1b: Milotic|100/100|[from] item: Leftovers\n|upkeep\n|inactive|Mr shoey has 30 seconds left.\n|\n|t:|1775995833\n|switch|p1a: Delphox|Delphox, L50, F|100/100\n|switch|p2a: Delphox|Delphox-Mega, L50, F|100/100\n|turn|6\n|inactive|zan81 has 30 seconds left.\n|\n|t:|1775995858\n|switch|p2b: Basculegion|Basculegion, L50, M|100/100\n|move|p2a: Delphox|Protect|p2a: Delphox\n|-singleturn|p2a: Delphox|Protect\n|move|p1a: Delphox|Protect|p1a: Delphox\n|-singleturn|p1a: Delphox|Protect\n|move|p1b: Milotic|Icy Wind|p2b: Basculegion|[spread] p2b\n|-activate|p2a: Delphox|move: Protect\n|-resisted|p2b: Basculegion|1\n|-damage|p2b: Basculegion|95/100\n|-unboost|p2b: Basculegion|spe|1\n|\n|upkeep\n|turn|7\n|inactive|Mr shoey has 30 seconds left.\n|\n|t:|1775995885\n|detailschange|p1a: Delphox|Delphox-Mega, L50, F\n|-mega|p1a: Delphox|Delphox|Delphoxite\n|move|p2a: Delphox|Heat Wave|p1b: Milotic|[spread] p1a,p1b\n|-resisted|p1a: Delphox|1\n|-resisted|p1b: Milotic|1\n|-crit|p1b: Milotic\n|-damage|p1a: Delphox|80/100\n|-damage|p1b: Milotic|78/100\n|move|p1a: Delphox|Psychic|p2b: Basculegion\n|-damage|p2b: Basculegion|28/100\n|move|p2b: Basculegion|Wave Crash|p1a: Delphox\n|-supereffective|p1a: Delphox|1\n|-damage|p1a: Delphox|0 fnt\n|faint|p1a: Delphox\n|-damage|p2b: Basculegion|8/100|[from] Recoil\n|move|p1b: Milotic|Icy Wind|p2a: Delphox|[spread] p2a,p2b\n|-resisted|p2a: Delphox|1\n|-resisted|p2b: Basculegion|1\n|-damage|p2a: Delphox|96/100\n|-damage|p2b: Basculegion|3/100\n|-unboost|p2a: Delphox|spe|1\n|-unboost|p2b: Basculegion|spe|1\n|\n|-heal|p1b: Milotic|84/100|[from] item: Leftovers\n|-end|p1b: Milotic|Encore\n|-sideend|p2: zan81|move: Tailwind\n|upkeep\n|\n|t:|1775995901\n|switch|p1a: Kingambit|Kingambit, L50, F|100/100\n|turn|8\n|inactive|zan81 has 30 seconds left.\n|inactive|zan81 has 20 seconds left.\n|inactive|zan81 has 15 seconds left.\n|inactive|zan81 has 10 seconds left.\n|\n|t:|1775995947\n|move|p1b: Milotic|Icy Wind|p2a: Delphox|[spread] p2a,p2b\n|-resisted|p2a: Delphox|1\n|-resisted|p2b: Basculegion|1\n|-damage|p2a: Delphox|91/100\n|-damage|p2b: Basculegion|0 fnt\n|-unboost|p2a: Delphox|spe|1\n|faint|p2b: Basculegion\n|move|p1a: Kingambit|Swords Dance|p1a: Kingambit\n|-boost|p1a: Kingambit|atk|2\n|move|p2a: Delphox|Encore|p1b: Milotic\n|-start|p1b: Milotic|Encore\n|\n|-heal|p1b: Milotic|90/100|[from] item: Leftovers\n|-sideend|p1: Mr shoey|move: Tailwind\n|upkeep\n|\n|t:|1775995958\n|switch|p2b: Sneasler|Sneasler, L50, M|42/100\n|turn|9\n|\n|t:|1775995974\n|move|p2b: Sneasler|Protect|p2b: Sneasler\n|-singleturn|p2b: Sneasler|Protect\n|move|p2a: Delphox|Protect|p2a: Delphox\n|-singleturn|p2a: Delphox|Protect\n|move|p1a: Kingambit|Sucker Punch||[still]\n|-fail|p1a: Kingambit\n|move|p1b: Milotic|Icy Wind|p2a: Delphox|[spread] \n|-activate|p2a: Delphox|move: Protect\n|-activate|p2b: Sneasler|move: Protect\n|\n|-heal|p1b: Milotic|96/100|[from] item: Leftovers\n|upkeep\n|turn|10\n|inactive|zan81 has 30 seconds left.\n|inactive|zan81 has 20 seconds left.\n|\n|t:|1775996012\n|move|p1a: Kingambit|Sucker Punch|p2b: Sneasler\n|-resisted|p2b: Sneasler|1\n|-damage|p2b: Sneasler|0 fnt\n|faint|p2b: Sneasler\n|move|p2a: Delphox|Heat Wave|p1b: Milotic|[spread] p1a,p1b\n|-supereffective|p1a: Kingambit|1\n|-resisted|p1b: Milotic|1\n|-damage|p1a: Kingambit|13/100\n|-damage|p1b: Milotic|79/100\n|move|p1b: Milotic|Icy Wind|p2a: Delphox\n|-resisted|p2a: Delphox|1\n|-damage|p2a: Delphox|85/100\n|-unboost|p2a: Delphox|spe|1\n|\n|-heal|p1b: Milotic|85/100|[from] item: Leftovers\n|upkeep\n|turn|11\n|-message|zan81 forfeited.\n|\n|win|Mr shoey\n|raw|Mr shoey's rating: 1230 &rarr; <strong>1254</strong><br />(+24 for winning)\n|raw|zan81's rating: 1210 &rarr; <strong>1186</strong><br />(-24 for losing)\n|l|\u2606zan81\n|player|p2|\n",
  "uploadtime": 1775996036,
  "views": 27,
  "formatid": "gen9championsvgc2026regma",
  "rating": 1186,
  "private": 0,
  "password": null
}