{
  "id": "gen9championsvgc2026regma-2588264615",
  "format": "[Gen 9 Champions] VGC 2026 Reg M-A",
  "players": [
    "snorlax2277",
    "sdlt 2krl coolguy"
  ],
  "log": "|raw|<div class=\"broadcast-blue\"><strong>This battle is required to be public due to a player having a name starting with 'sdlt'.</div>\n|j|\u2606snorlax2277\n|j|\u2606sdlt 2krl coolguy\n|t:|1776619260\n|gametype|doubles\n|player|p1|snorlax2277|riley|1314\n|player|p2|sdlt 2krl coolguy|leon-masters2|1281\n|gen|9\n|tier|[Gen 9 Champions] VGC 2026 Reg M-A\n|rated|\n|rule|Species Clause: Limit one of each Pok\u00e9mon\n|rule|Item Clause: Limit 1 of each item\n|clearpoke\n|poke|p1|Charizard, L50, M|\n|poke|p1|Whimsicott, L50, F|\n|poke|p1|Gallade, L50, M|\n|poke|p1|Rotom-Wash, L50|\n|poke|p1|Garchomp, L50, M|\n|poke|p1|Kingambit, L50, M|\n|poke|p2|Floette-Eternal, L50, F|\n|poke|p2|Incineroar, L50, F|\n|poke|p2|Sinistcha, L50|\n|poke|p2|Garchomp, L50, M|\n|poke|p2|Sneasler, L50, F|\n|poke|p2|Kingambit, L50, F|\n|teampreview|4\n|inactive|Battle timer is ON: inactive players will automatically lose when time's up. (requested by sdlt 2krl coolguy)\n|\n|t:|1776619273\n|teamsize|p1|4\n|teamsize|p2|4\n|start\n|switch|p1a: Whimsicott|Whimsicott, L50, F|100/100\n|switch|p1b: Gallade|Gallade, L50, M|100/100\n|switch|p2a: Garchomp|Garchomp, L50, M|100/100\n|switch|p2b: Floette|Floette-Eternal, L50, F|100/100\n|turn|1\n|\n|t:|1776619295\n|switch|p2a: Incineroar|Incineroar, L50, F|100/100\n|-ability|p2a: Incineroar|Intimidate|boost\n|-unboost|p1a: Whimsicott|atk|1\n|-unboost|p1b: Gallade|atk|1\n|detailschange|p2b: Floette|Floette-Mega, L50, F\n|-mega|p2b: Floette|Floette|Floettite\n|-ability|p2b: Floette|Fairy Aura\n|move|p1a: Whimsicott|Tailwind|p1a: Whimsicott\n|-sidestart|p1: snorlax2277|move: Tailwind\n|move|p1b: Gallade|Psycho Cut|p2b: Floette\n|-damage|p2b: Floette|66/100\n|move|p2b: Floette|Dazzling Gleam|p1a: Whimsicott|[spread] p1a,p1b\n|-supereffective|p1b: Gallade|1\n|-damage|p1a: Whimsicott|29/100\n|-damage|p1b: Gallade|0 fnt\n|faint|p1b: Gallade\n|\n|upkeep\n|\n|t:|1776619312\n|switch|p1b: Charizard|Charizard, L50, M|100/100\n|turn|2\n|\n|t:|1776619319\n|move|p1a: Whimsicott|Protect|p1a: Whimsicott\n|-singleturn|p1a: Whimsicott|Protect\n|move|p1b: Charizard|Protect|p1b: Charizard\n|-singleturn|p1b: Charizard|Protect\n|move|p2a: Incineroar|Fake Out|p1b: Charizard\n|-activate|p1b: Charizard|move: Protect\n|move|p2b: Floette|Dazzling Gleam|p1b: Charizard|[spread] \n|-activate|p1a: Whimsicott|move: Protect\n|-activate|p1b: Charizard|move: Protect\n|\n|upkeep\n|turn|3\n|inactive|snorlax2277 has 30 seconds left.\n|inactive|snorlax2277 has 20 seconds left.\n|inactive|snorlax2277 has 15 seconds left.\n|\n|t:|1776619359\n|detailschange|p1b: Charizard|Charizard-Mega-Y, L50, M\n|-mega|p1b: Charizard|Charizard|Charizardite Y\n|-weather|SunnyDay|[from] ability: Drought|[of] p1b: Charizard\n|move|p2b: Floette|Protect|p2b: Floette\n|-singleturn|p2b: Floette|Protect\n|move|p1a: Whimsicott|Moonblast|p2b: Floette\n|-activate|p2b: Floette|move: Protect\n|move|p1b: Charizard|Heat Wave|p2b: Floette|[spread] p2a\n|-activate|p2b: Floette|move: Protect\n|-resisted|p2a: Incineroar|1\n|-damage|p2a: Incineroar|68/100\n|move|p2a: Incineroar|Parting Shot|p1b: Charizard\n|-unboost|p1b: Charizard|atk|1\n|-unboost|p1b: Charizard|spa|1\n|\n|t:|1776619381\n|switch|p2a: Garchomp|Garchomp, L50, M|100/100|[from] Parting Shot\n|\n|-weather|SunnyDay|[upkeep]\n|upkeep\n|turn|4\n|\n|t:|1776619389\n|switch|p1b: Kingambit|Kingambit, L50, M|100/100\n|switch|p2b: Incineroar|Incineroar, L50, F|68/100\n|-ability|p2b: Incineroar|Intimidate|boost\n|-unboost|p1a: Whimsicott|atk|1\n|-unboost|p1b: Kingambit|atk|1\n|-ability|p1b: Kingambit|Defiant|boost\n|-boost|p1b: Kingambit|atk|2\n|move|p1a: Whimsicott|Encore|p2b: Incineroar\n|-hint|Since gen 7, Dark is immune to Prankster moves.\n|-immune|p2b: Incineroar\n|move|p2a: Garchomp|Rock Slide|p1b: Kingambit|[spread] p1a,p1b\n|-crit|p1a: Whimsicott\n|-resisted|p1b: Kingambit|1\n|-damage|p1a: Whimsicott|0 fnt\n|-damage|p1b: Kingambit|93/100\n|faint|p1a: Whimsicott\n|\n|-weather|SunnyDay|[upkeep]\n|-sideend|p1: snorlax2277|move: Tailwind\n|upkeep\n|\n|t:|1776619394\n|switch|p1a: Charizard|Charizard-Mega-Y, L50, M|100/100\n|turn|5\n|\n|t:|1776619405\n|move|p1b: Kingambit|Sucker Punch|p2a: Garchomp\n|-damage|p2a: Garchomp|38/100\n|-damage|p1b: Kingambit|81/100|[from] ability: Rough Skin|[of] p2a: Garchomp\n|move|p2a: Garchomp|Rock Slide|p1a: Charizard|[spread] p1a,p1b\n|-supereffective|p1a: Charizard|2\n|-resisted|p1b: Kingambit|1\n|-damage|p1a: Charizard|15/100\n|-damage|p1b: Kingambit|74/100\n|move|p1a: Charizard|Solar Beam||[still]\n|-prepare|p1a: Charizard|Solar Beam\n|-anim|p1a: Charizard|Solar Beam|p2a: Garchomp\n|-damage|p2a: Garchomp|0 fnt\n|faint|p2a: Garchomp\n|move|p2b: Incineroar|Flare Blitz|p1b: Kingambit\n|-supereffective|p1b: Kingambit|1\n|-damage|p1b: Kingambit|0 fnt\n|faint|p1b: Kingambit\n|-damage|p2b: Incineroar|43/100|[from] Recoil\n|\n|-weather|SunnyDay|[upkeep]\n|upkeep\n|\n|t:|1776619425\n|switch|p2a: Sneasler|Sneasler, L50, F|100/100\n|turn|6\n|-message|snorlax2277 forfeited.\n|\n|win|sdlt 2krl coolguy\n|raw|snorlax2277's rating: 1291 &rarr; <strong>1265</strong><br />(-26 for losing)\n|raw|sdlt 2krl coolguy's rating: 1281 &rarr; <strong>1307</strong><br />(+26 for winning)\n",
  "uploadtime": 1776619442,
  "views": 11,
  "formatid": "gen9championsvgc2026regma",
  "rating": 1265,
  "private": 0,
  "password": null
}