{
  "id": "gen9championsvgc2026regma-2581444671",
  "format": "[Gen 9 Champions] VGC 2026 Reg M-A",
  "players": [
    "ChronicNikos",
    "BeckerDaLoser"
  ],
  "log": "|j|\u2606ChronicNikos\n|j|\u2606BeckerDaLoser\n|t:|1776001063\n|gametype|doubles\n|player|p1|ChronicNikos|cynthia-gen4|1073\n|player|p2|BeckerDaLoser|170|1000\n|gen|9\n|tier|[Gen 9 Champions] VGC 2026 Reg M-A\n|rated|\n|rule|Species Clause: Limit one of each Pok\u00e9mon\n|rule|Item Clause: Limit 1 of each item\n|clearpoke\n|poke|p1|Gengar, L50, F|\n|poke|p1|Incineroar, L50, M|\n|poke|p1|Chesnaught, L50, M|\n|poke|p1|Politoed, L50, M|\n|poke|p1|Archaludon, L50, F|\n|poke|p1|Basculegion, L50, M|\n|poke|p2|Drampa, L50, M|\n|poke|p2|Incineroar, L50, M|\n|poke|p2|Vivillon, L50, M|\n|poke|p2|Bellibolt, L50, M|\n|poke|p2|Tinkaton, L50, F|\n|teampreview|4\nChronicNikos has agreed to open team sheets.\n|c|\u2606BeckerDaLoser|Jello\n|c|\u2606ChronicNikos|Hello!\n|\n|t:|1776001118\n|teamsize|p1|4\n|teamsize|p2|4\n|start\n|switch|p1a: Ian|Incineroar, L50, M|100/100\n|switch|p1b: Kathleen|Archaludon, L50, F|100/100\n|switch|p2a: Tinkaton|Tinkaton, L50, F|100/100\n|switch|p2b: Vivillon|Vivillon, L50, M|100/100\n|-ability|p2a: Tinkaton|Mold Breaker\n|-ability|p1a: Ian|Intimidate|boost\n|-unboost|p2a: Tinkaton|atk|1\n|-unboost|p2b: Vivillon|atk|1\n|turn|1\n|c|\u2606BeckerDaLoser|Finally someone who ANSWERED MA JELLO\n|c|\u2606ChronicNikos|Lol\n|\n|t:|1776001151\n|move|p2a: Tinkaton|Fake Out|p1a: Ian\n|-damage|p1a: Ian|96/100\n|cant|p1a: Ian|flinch\n|move|p1b: Kathleen|Electro Shot||[still]\n|-prepare|p1b: Kathleen|Electro Shot\n|-boost|p1b: Kathleen|spa|1\n|move|p2b: Vivillon|Sleep Powder|p1b: Kathleen\n|-status|p1b: Kathleen|slp|[from] move: Sleep Powder\n|\n|upkeep\n|turn|2\n|\n|t:|1776001174\n|move|p1a: Ian|Protect|p1a: Ian\n|-singleturn|p1a: Ian|Protect\n|cant|p1b: Kathleen|slp\n|move|p2b: Vivillon|Sleep Powder|p1a: Ian\n|-activate|p1a: Ian|move: Protect\n|move|p2a: Tinkaton|Swords Dance|p2a: Tinkaton\n|-boost|p2a: Tinkaton|atk|2\n|\n|upkeep\n|turn|3\n|\n|t:|1776001209\n|move|p2b: Vivillon|Rage Powder|p2b: Vivillon\n|-singleturn|p2b: Vivillon|move: Rage Powder\n|cant|p1b: Kathleen|slp\n|move|p2a: Tinkaton|Gigaton Hammer|p1a: Ian\n|-resisted|p1a: Ian|1\n|-damage|p1a: Ian|61/100\n|move|p1a: Ian|Parting Shot|p2b: Vivillon\n|-unboost|p2b: Vivillon|atk|1\n|-unboost|p2b: Vivillon|spa|1\n|\n|t:|1776001220\n|switch|p1a: Gengar|Gengar, L50, F, shiny|100/100|[from] Parting Shot\n|\n|upkeep\n|turn|4\n|c|\u2606BeckerDaLoser|Hehehe\n|\n|t:|1776001237\n|detailschange|p1a: Gengar|Gengar-Mega, L50, F, shiny\n|-mega|p1a: Gengar|Gengar|Gengarite\n|move|p1a: Gengar|Protect|p1a: Gengar\n|-singleturn|p1a: Gengar|Protect\n|move|p2b: Vivillon|Rage Powder|p2b: Vivillon\n|-singleturn|p2b: Vivillon|move: Rage Powder\n|-curestatus|p1b: Kathleen|slp|[msg]\n|move|p1b: Kathleen|Flash Cannon|p2b: Vivillon\n|-damage|p2b: Vivillon|7/100\n|move|p2a: Tinkaton|Foul Play|p1a: Gengar\n|-activate|p1a: Gengar|move: Protect\n|\n|upkeep\n|turn|5\n|c|\u2606ChronicNikos|What you cooking?\n|c|\u2606BeckerDaLoser|Aaaw\n|c|\u2606BeckerDaLoser|Things\n|c|\u2606ChronicNikos|I don't like that evil giggling lol\n|\n|t:|1776001297\n|switch|p1a: Ian|Incineroar, L50, M|61/100\n|-ability|p1a: Ian|Intimidate|boost\n|-unboost|p2a: Tinkaton|atk|1\n|-unboost|p2b: Vivillon|atk|1\n|move|p1b: Kathleen|Flash Cannon|p2b: Vivillon\n|-damage|p2b: Vivillon|0 fnt\n|faint|p2b: Vivillon\n|move|p2a: Tinkaton|Gigaton Hammer|p1b: Kathleen\n|-resisted|p1b: Kathleen|1\n|-damage|p1b: Kathleen|77/100\n|\n|upkeep\n|\n|t:|1776001307\n|switch|p2b: Bellibolt|Bellibolt, L50, M|100/100\n|turn|6\n|c|\u2606BeckerDaLoser|Fuck kathleen\n|c|\u2606BeckerDaLoser|No offense\n|c|\u2606ChronicNikos|None taken\n|c|\u2606BeckerDaLoser|Farewell\n|c|\u2606BeckerDaLoser|You won.\n|-message|BeckerDaLoser forfeited.\n|\n|win|ChronicNikos\n",
  "uploadtime": 1776001328,
  "views": 13,
  "formatid": "gen9championsvgc2026regma",
  "rating": null,
  "private": 0,
  "password": null
}