{
  "id": "gen9championsvgc2026regma-2583084350",
  "format": "[Gen 9 Champions] VGC 2026 Reg M-A",
  "players": [
    "shronkeykong",
    "Bman311"
  ],
  "log": "|j|\u2606shronkeykong\n|j|\u2606Bman311\n|t:|1776140188\n|gametype|doubles\n|player|p1|shronkeykong|266|1271\n|player|p2|Bman311|1|1378\n|gen|9\n|tier|[Gen 9 Champions] VGC 2026 Reg M-A\n|rated|\n|rule|Species Clause: Limit one of each Pok\u00e9mon\n|rule|Item Clause: Limit 1 of each item\n|clearpoke\n|poke|p1|Tsareena, L50, F|\n|poke|p1|Pelipper, L50, F|\n|poke|p1|Basculegion, L50, M|\n|poke|p1|Sneasler, L50, F|\n|poke|p1|Manectric, L50, M|\n|poke|p1|Dragonite, L50, F|\n|poke|p2|Aegislash, L50, M|\n|poke|p2|Garchomp, L50, M|\n|poke|p2|Delphox, L50, F|\n|poke|p2|Floette-Eternal, L50, F|\n|poke|p2|Maushold-Four, L50|\n|poke|p2|Talonflame, L50, F|\n|teampreview|4\n|inactive|Battle timer is ON: inactive players will automatically lose when time's up. (requested by Bman311)\n|inactive|shronkeykong also wants the timer to be on.\nBman311 has agreed to open team sheets.\n|inactive|Bman311 has 60 seconds left.\n|\n|t:|1776140224\n|teamsize|p1|4\n|teamsize|p2|4\n|start\n|switch|p1a: Sneasler|Sneasler, L50, F|100/100\n|switch|p1b: Manectric|Manectric, L50, M|100/100\n|switch|p2a: Talonflame|Talonflame, L50, F|100/100\n|switch|p2b: Garchomp|Garchomp, L50, M|100/100\n|turn|1\n|\n|t:|1776140243\n|detailschange|p1b: Manectric|Manectric-Mega, L50, M\n|-mega|p1b: Manectric|Manectric|Manectite\n|-ability|p1b: Manectric|Intimidate|boost\n|-unboost|p2a: Talonflame|atk|1\n|-unboost|p2b: Garchomp|atk|1\n|move|p2a: Talonflame|Protect|p2a: Talonflame\n|-singleturn|p2a: Talonflame|Protect\n|move|p2b: Garchomp|Protect|p2b: Garchomp\n|-singleturn|p2b: Garchomp|Protect\n|move|p1a: Sneasler|Fake Out|p2b: Garchomp\n|-activate|p2b: Garchomp|move: Protect\n|move|p1b: Manectric|Volt Switch|p2a: Talonflame\n|-activate|p2a: Talonflame|move: Protect\n|\n|upkeep\n|turn|2\n|inactive|shronkeykong has 30 seconds left.\n|\n|t:|1776140268\n|switch|p1b: Basculegion|Basculegion, L50, M|100/100\n|switch|p1a: Pelipper|Pelipper, L50, F|100/100\n|-weather|RainDance|[from] ability: Drizzle|[of] p1a: Pelipper\n|move|p2a: Talonflame|Tailwind|p2a: Talonflame\n|-sidestart|p2: Bman311|move: Tailwind\n|move|p2b: Garchomp|Earthquake|p1b: Basculegion|[spread] p1b\n|-immune|p2a: Talonflame\n|-immune|p1a: Pelipper\n|-damage|p1b: Basculegion|68/100\n|\n|-weather|RainDance|[upkeep]\n|upkeep\n|turn|3\n|\n|t:|1776140293\n|move|p1b: Basculegion|Protect|p1b: Basculegion\n|-singleturn|p1b: Basculegion|Protect\n|move|p2a: Talonflame|Acrobatics|p1a: Pelipper\n|-damage|p1a: Pelipper|65/100\n|move|p2b: Garchomp|Rock Slide|p1a: Pelipper|[spread] p1a\n|-activate|p1b: Basculegion|move: Protect\n|-supereffective|p1a: Pelipper|1\n|-damage|p1a: Pelipper|31/100\n|cant|p1a: Pelipper|flinch\n|\n|-weather|RainDance|[upkeep]\n|upkeep\n|turn|4\n|\n|t:|1776140308\n|move|p1a: Pelipper|Wide Guard|p1a: Pelipper\n|-singleturn|p1a: Pelipper|Wide Guard\n|move|p2a: Talonflame|Acrobatics|p1a: Pelipper\n|-damage|p1a: Pelipper|0 fnt\n|faint|p1a: Pelipper\n|move|p2b: Garchomp|Earthquake|p1b: Basculegion|[spread] \n|-activate|p1b: Basculegion|move: Wide Guard\n|-immune|p2a: Talonflame\n|move|p1b: Basculegion|Wave Crash|p2b: Garchomp\n|-damage|p2b: Garchomp|12/100\n|-damage|p1b: Basculegion|56/100|[from] ability: Rough Skin|[of] p2b: Garchomp\n|-enditem|p2b: Garchomp|Sitrus Berry|[eat]\n|-heal|p2b: Garchomp|36/100|[from] item: Sitrus Berry\n|-damage|p1b: Basculegion|24/100|[from] Recoil\n|\n|-weather|RainDance|[upkeep]\n|upkeep\n|\n|t:|1776140319\n|switch|p1a: Sneasler|Sneasler, L50, F|100/100\n|turn|5\n|\n|t:|1776140331\n|move|p2a: Talonflame|Protect|p2a: Talonflame\n|-singleturn|p2a: Talonflame|Protect\n|move|p2b: Garchomp|Protect|p2b: Garchomp\n|-singleturn|p2b: Garchomp|Protect\n|move|p1a: Sneasler|Fake Out|p2a: Talonflame\n|-activate|p2a: Talonflame|move: Protect\n|move|p1b: Basculegion|Aqua Jet|p2b: Garchomp\n|-activate|p2b: Garchomp|move: Protect\n|\n|-weather|RainDance|[upkeep]\n|-sideend|p2: Bman311|move: Tailwind\n|upkeep\n|turn|6\n|\n|t:|1776140351\n|switch|p1a: Manectric|Manectric-Mega, L50, M|100/100\n|-ability|p1a: Manectric|Intimidate|boost\n|-unboost|p2a: Talonflame|atk|1\n|-unboost|p2b: Garchomp|atk|1\n|move|p1b: Basculegion|Aqua Jet|p2a: Talonflame\n|-supereffective|p2a: Talonflame|1\n|-damage|p2a: Talonflame|0 fnt\n|faint|p2a: Talonflame\n|move|p2b: Garchomp|Earthquake|p1b: Basculegion|[spread] p1a,p1b\n|-supereffective|p1a: Manectric|1\n|-damage|p1a: Manectric|47/100\n|-damage|p1b: Basculegion|0 fnt\n|faint|p1b: Basculegion\n|\n|-weather|none\n|upkeep\n|\n|t:|1776140364\n|switch|p2a: Aegislash|Aegislash, L50, M|100/100\n|switch|p1b: Sneasler|Sneasler, L50, F|100/100\n|turn|7\n|\n|t:|1776140376\n|move|p1a: Manectric|Protect|p1a: Manectric\n|-singleturn|p1a: Manectric|Protect\n|move|p1b: Sneasler|Protect|p1b: Sneasler\n|-singleturn|p1b: Sneasler|Protect\n|move|p2b: Garchomp|Protect|p2b: Garchomp\n|-singleturn|p2b: Garchomp|Protect\n|-formechange|p2a: Aegislash|Aegislash-Blade|\n|move|p2a: Aegislash|Shadow Ball|p1a: Manectric\n|-activate|p1a: Manectric|move: Protect\n|\n|upkeep\n|turn|8\n|\n|t:|1776140388\n|-formechange|p2a: Aegislash|Aegislash|\n|move|p2a: Aegislash|King's Shield|p2a: Aegislash\n|-singleturn|p2a: Aegislash|Protect\n|move|p1a: Manectric|Thunderbolt|p2a: Aegislash\n|-activate|p2a: Aegislash|move: Protect\n|move|p1b: Sneasler|Close Combat|p2b: Garchomp\n|-damage|p2b: Garchomp|0 fnt\n|-unboost|p1b: Sneasler|def|1\n|-unboost|p1b: Sneasler|spd|1\n|-damage|p1b: Sneasler|88/100|[from] ability: Rough Skin|[of] p2b: Garchomp\n|faint|p2b: Garchomp\n|-enditem|p1b: Sneasler|White Herb\n|-clearnegativeboost|p1b: Sneasler|[silent]\n|\n|upkeep\n|\n|t:|1776140396\n|switch|p2b: Floette|Floette-Eternal, L50, F|100/100\n|turn|9\n|\n|t:|1776140413\n|detailschange|p2b: Floette|Floette-Mega, L50, F\n|-mega|p2b: Floette|Floette|Floettite\n|-ability|p2b: Floette|Fairy Aura\n|move|p1b: Sneasler|Dire Claw|p2b: Floette\n|-supereffective|p2b: Floette|1\n|-damage|p2b: Floette|11/100\n|move|p1a: Manectric|Snarl|p2a: Aegislash|[spread] p2a,p2b\n|-supereffective|p2a: Aegislash|1\n|-resisted|p2b: Floette|1\n|-damage|p2a: Aegislash|77/100\n|-damage|p2b: Floette|6/100\n|-unboost|p2a: Aegislash|spa|1\n|-unboost|p2b: Floette|spa|1\n|move|p2b: Floette|Moonblast|p1b: Sneasler\n|-damage|p1b: Sneasler|25/100\n|-formechange|p2a: Aegislash|Aegislash-Blade|\n|move|p2a: Aegislash|Shadow Ball|p1a: Manectric\n|-damage|p1a: Manectric|2/100\n|-unboost|p1a: Manectric|spd|1\n|\n|-heal|p2a: Aegislash|83/100|[from] item: Leftovers\n|upkeep\n|turn|10\n|\n|t:|1776140438\n|-formechange|p2a: Aegislash|Aegislash|\n|move|p2a: Aegislash|King's Shield|p2a: Aegislash\n|-singleturn|p2a: Aegislash|Protect\n|move|p1b: Sneasler|Dire Claw|p2b: Floette\n|-supereffective|p2b: Floette|1\n|-damage|p2b: Floette|0 fnt\n|faint|p2b: Floette\n|move|p1a: Manectric|Thunderbolt|p2a: Aegislash\n|-activate|p2a: Aegislash|move: Protect\n|\n|-heal|p2a: Aegislash|89/100|[from] item: Leftovers\n|upkeep\n|turn|11\n|\n|t:|1776140460\n|move|p1a: Manectric|Protect|p1a: Manectric\n|-singleturn|p1a: Manectric|Protect\n|move|p1b: Sneasler|Dire Claw|p2a: Aegislash\n|-immune|p2a: Aegislash\n|-formechange|p2a: Aegislash|Aegislash-Blade|\n|move|p2a: Aegislash|Shadow Ball|p1a: Manectric\n|-activate|p1a: Manectric|move: Protect\n|\n|-heal|p2a: Aegislash|95/100|[from] item: Leftovers\n|upkeep\n|turn|12\n|\n|t:|1776140469\n|-formechange|p2a: Aegislash|Aegislash|\n|move|p2a: Aegislash|King's Shield|p2a: Aegislash\n|-singleturn|p2a: Aegislash|Protect\n|move|p1b: Sneasler|Dire Claw|p2a: Aegislash\n|-activate|p2a: Aegislash|move: Protect\n|-unboost|p1b: Sneasler|atk|1\n|move|p1a: Manectric|Thunderbolt|p2a: Aegislash\n|-activate|p2a: Aegislash|move: Protect\n|\n|-heal|p2a: Aegislash|100/100|[from] item: Leftovers\n|upkeep\n|turn|13\n|\n|t:|1776140491\n|move|p1a: Manectric|Protect|p1a: Manectric\n|-singleturn|p1a: Manectric|Protect\n|move|p1b: Sneasler|Dire Claw|p2a: Aegislash\n|-immune|p2a: Aegislash\n|-formechange|p2a: Aegislash|Aegislash-Blade|\n|move|p2a: Aegislash|Flash Cannon|p1a: Manectric\n|-activate|p1a: Manectric|move: Protect\n|\n|upkeep\n|turn|14\n|\n|t:|1776140502\n|-formechange|p2a: Aegislash|Aegislash|\n|move|p2a: Aegislash|King's Shield|p2a: Aegislash\n|-singleturn|p2a: Aegislash|Protect\n|move|p1b: Sneasler|Dire Claw|p2a: Aegislash\n|-activate|p2a: Aegislash|move: Protect\n|-unboost|p1b: Sneasler|atk|1\n|move|p1a: Manectric|Thunderbolt|p2a: Aegislash\n|-activate|p2a: Aegislash|move: Protect\n|\n|upkeep\n|turn|15\n|c|\u2606Bman311|whats ur plan here\n|\n|t:|1776140518\n|move|p1a: Manectric|Protect|p1a: Manectric\n|-singleturn|p1a: Manectric|Protect\n|move|p1b: Sneasler|Dire Claw|p2a: Aegislash\n|-immune|p2a: Aegislash\n|-formechange|p2a: Aegislash|Aegislash-Blade|\n|move|p2a: Aegislash|Flash Cannon|p1a: Manectric\n|-activate|p1a: Manectric|move: Protect\n|\n|upkeep\n|turn|16\n|\n|t:|1776140528\n|-formechange|p2a: Aegislash|Aegislash|\n|move|p2a: Aegislash|King's Shield|p2a: Aegislash\n|-singleturn|p2a: Aegislash|Protect\n|move|p1b: Sneasler|Close Combat|p2a: Aegislash\n|-activate|p2a: Aegislash|move: Protect\n|-unboost|p1b: Sneasler|atk|1\n|move|p1a: Manectric|Thunderbolt|p2a: Aegislash\n|-activate|p2a: Aegislash|move: Protect\n|\n|upkeep\n|turn|17\n|\n|t:|1776140540\n|move|p1a: Manectric|Protect|p1a: Manectric\n|-singleturn|p1a: Manectric|Protect\n|move|p1b: Sneasler|Close Combat|p2a: Aegislash\n|-immune|p2a: Aegislash\n|-formechange|p2a: Aegislash|Aegislash-Blade|\n|move|p2a: Aegislash|Shadow Ball|p1a: Manectric\n|-activate|p1a: Manectric|move: Protect\n|\n|upkeep\n|turn|18\n|\n|t:|1776140552\n|-formechange|p2a: Aegislash|Aegislash|\n|move|p2a: Aegislash|King's Shield|p2a: Aegislash\n|-singleturn|p2a: Aegislash|Protect\n|move|p1b: Sneasler|Close Combat|p2a: Aegislash\n|-activate|p2a: Aegislash|move: Protect\n|-unboost|p1b: Sneasler|atk|1\n|move|p1a: Manectric|Thunderbolt|p2a: Aegislash\n|-activate|p2a: Aegislash|move: Protect\n|\n|upkeep\n|turn|19\n|\n|t:|1776140568\n|move|p1a: Manectric|Protect|p1a: Manectric\n|-singleturn|p1a: Manectric|Protect\n|move|p2a: Aegislash|Wide Guard|p2a: Aegislash\n|-singleturn|p2a: Aegislash|Wide Guard\n|move|p1b: Sneasler|Dire Claw|p2a: Aegislash\n|-immune|p2a: Aegislash\n|\n|upkeep\n|turn|20\n|\n|t:|1776140589\n|move|p1b: Sneasler|Dire Claw|p2a: Aegislash\n|-immune|p2a: Aegislash\n|move|p1a: Manectric|Thunderbolt|p2a: Aegislash\n|-damage|p2a: Aegislash|65/100\n|-formechange|p2a: Aegislash|Aegislash-Blade|\n|move|p2a: Aegislash|Shadow Ball|p1a: Manectric\n|-damage|p1a: Manectric|0 fnt\n|faint|p1a: Manectric\n|\n|-heal|p2a: Aegislash|71/100|[from] item: Leftovers\n|upkeep\n|turn|21\n|-message|shronkeykong forfeited.\n|\n|win|Bman311\n|raw|shronkeykong's rating: 1271 &rarr; <strong>1253</strong><br />(-18 for losing)\n|raw|Bman311's rating: 1378 &rarr; <strong>1392</strong><br />(+14 for winning)\n|l|\u2606shronkeykong\n|player|p1|\n",
  "uploadtime": 1776140604,
  "views": 23,
  "formatid": "gen9championsvgc2026regma",
  "rating": 1253,
  "private": 0,
  "password": null
}