{
  "id": "gen9championsvgc2026regma-2581702626",
  "format": "[Gen 9 Champions] VGC 2026 Reg M-A",
  "players": [
    "Guccisan1",
    "Abhrant1235"
  ],
  "log": "|j|\u2606Guccisan1\n|j|\u2606Abhrant1235\n|t:|1776021908\n|gametype|doubles\n|player|p1|Guccisan1|266|1279\n|player|p2|Abhrant1235|gambler|1279\n|gen|9\n|tier|[Gen 9 Champions] VGC 2026 Reg M-A\n|rated|\n|rule|Species Clause: Limit one of each Pok\u00e9mon\n|rule|Item Clause: Limit 1 of each item\n|clearpoke\n|poke|p1|Golurk, L50|\n|poke|p1|Farigiraf, L50, M|\n|poke|p1|Incineroar, L50, F|\n|poke|p1|Torkoal, L50, F|\n|poke|p1|Sneasler, L50, M|\n|poke|p1|Venusaur, L50, M|\n|poke|p2|Charizard, L50, M|\n|poke|p2|Venusaur, L50, M|\n|poke|p2|Garchomp, L50, F|\n|poke|p2|Rotom-Wash, L50|\n|poke|p2|Sneasler, L50, M|\n|poke|p2|Incineroar, L50, M|\n|teampreview|4\n|inactive|Battle timer is ON: inactive players will automatically lose when time's up. (requested by Guccisan1)\n|\n|t:|1776021943\n|teamsize|p1|4\n|teamsize|p2|4\n|start\n|switch|p1a: Sneasler|Sneasler, L50, M|100/100\n|switch|p1b: Farigiraf|Farigiraf, L50, M|100/100\n|switch|p2a: Incineroar|Incineroar, L50, M|100/100\n|switch|p2b: Sneasler|Sneasler, L50, M|100/100\n|-ability|p2a: Incineroar|Intimidate|boost\n|-unboost|p1a: Sneasler|atk|1\n|-unboost|p1b: Farigiraf|atk|1\n|-enditem|p1a: Sneasler|White Herb\n|-clearnegativeboost|p1a: Sneasler|[silent]\n|turn|1\n|inactive|Abhrant1235 has 30 seconds left.\n|\n|t:|1776021972\n|move|p1a: Sneasler|Close Combat|p2a: Incineroar\n|-supereffective|p2a: Incineroar|1\n|-damage|p2a: Incineroar|0 fnt\n|-unboost|p1a: Sneasler|def|1\n|-unboost|p1a: Sneasler|spd|1\n|faint|p2a: Incineroar\n|move|p2b: Sneasler|Close Combat|p1b: Farigiraf\n|-damage|p1b: Farigiraf|51/100\n|-unboost|p2b: Sneasler|def|1\n|-unboost|p2b: Sneasler|spd|1\n|-enditem|p2b: Sneasler|White Herb\n|-clearnegativeboost|p2b: Sneasler|[silent]\n|move|p1b: Farigiraf|Trick Room|p1b: Farigiraf\n|-fieldstart|move: Trick Room|[of] p1b: Farigiraf\n|\n|upkeep\n|\n|t:|1776021984\n|switch|p2a: Garchomp|Garchomp, L50, F|100/100\n|turn|2\n|inactive|Guccisan1 has 30 seconds left.\n|inactive|Abhrant1235 has 30 seconds left.\n|\n|t:|1776022011\n|switch|p2b: Charizard|Charizard, L50, M|100/100\n|move|p1b: Farigiraf|Psychic|p2b: Charizard\n|-damage|p2b: Charizard|54/100\n|move|p2a: Garchomp|Earthquake|p1a: Sneasler|[spread] p1a,p1b\n|-immune|p2b: Charizard\n|-supereffective|p1a: Sneasler|1\n|-damage|p1a: Sneasler|0 fnt\n|-damage|p1b: Farigiraf|14/100\n|-enditem|p1b: Farigiraf|Sitrus Berry|[eat]\n|-heal|p1b: Farigiraf|39/100|[from] item: Sitrus Berry\n|faint|p1a: Sneasler\n|\n|upkeep\n|\n|t:|1776022023\n|switch|p1a: Torkoal|Torkoal, L50, F|100/100\n|-weather|SunnyDay|[from] ability: Drought|[of] p1a: Torkoal\n|turn|3\n|\n|t:|1776022036\n|move|p2b: Charizard|Protect|p2b: Charizard\n|-singleturn|p2b: Charizard|Protect\n|move|p1a: Torkoal|Eruption|p2b: Charizard|[spread] p2a\n|-activate|p2b: Charizard|move: Protect\n|-resisted|p2a: Garchomp|1\n|-damage|p2a: Garchomp|55/100\n|move|p1b: Farigiraf|Hyper Voice|p2a: Garchomp|[spread] p2a\n|-activate|p2b: Charizard|move: Protect\n|-damage|p2a: Garchomp|25/100\n|move|p2a: Garchomp|Earthquake|p1a: Torkoal|[spread] p1a,p1b\n|-activate|p2b: Charizard|move: Protect\n|-supereffective|p1a: Torkoal|1\n|-crit|p1b: Farigiraf\n|-damage|p1a: Torkoal|32/100\n|-damage|p1b: Farigiraf|0 fnt\n|faint|p1b: Farigiraf\n|\n|-weather|SunnyDay|[upkeep]\n|-damage|p2b: Charizard|41/100|[from] ability: Solar Power|[of] p2b: Charizard\n|upkeep\n|\n|t:|1776022048\n|switch|p1b: Golurk|Golurk, L50|100/100\n|turn|4\n|\n|t:|1776022071\n|detailschange|p1b: Golurk|Golurk-Mega, L50\n|-mega|p1b: Golurk|Golurk|Golurkite\n|move|p2b: Charizard|Protect|p2b: Charizard\n|-singleturn|p2b: Charizard|Protect\n|move|p1a: Torkoal|Weather Ball|p2a: Garchomp\n|-resisted|p2a: Garchomp|1\n|-damage|p2a: Garchomp|0 fnt\n|faint|p2a: Garchomp\n|move|p1b: Golurk|Poltergeist|p2b: Charizard\n|-activate|p2b: Charizard|move: Protect\n|\n|-weather|SunnyDay|[upkeep]\n|-damage|p2b: Charizard|29/100|[from] ability: Solar Power|[of] p2b: Charizard\n|upkeep\n|\n|t:|1776022080\n|switch|p2a: Sneasler|Sneasler, L50, M|100/100\n|turn|5\n|\n|t:|1776022098\n|move|p2b: Charizard|Protect|p2b: Charizard\n|-singleturn|p2b: Charizard|Protect\n|move|p2a: Sneasler|Fake Out|p1b: Golurk\n|-immune|p1b: Golurk\n|move|p1a: Torkoal|Weather Ball|p2a: Sneasler\n|-damage|p2a: Sneasler|0 fnt\n|faint|p2a: Sneasler\n|move|p1b: Golurk|Poltergeist|p2b: Charizard\n|-activate|p2b: Charizard|move: Protect\n|\n|-weather|SunnyDay|[upkeep]\n|-damage|p2b: Charizard|17/100|[from] ability: Solar Power|[of] p2b: Charizard\n|-fieldend|move: Trick Room\n|upkeep\n|turn|6\n|\n|t:|1776022115\n|detailschange|p2b: Charizard|Charizard-Mega-Y, L50, M\n|-mega|p2b: Charizard|Charizard|Charizardite Y\n|move|p2b: Charizard|Solar Beam||[still]\n|-prepare|p2b: Charizard|Solar Beam\n|-anim|p2b: Charizard|Solar Beam|p1b: Golurk\n|-supereffective|p1b: Golurk|1\n|-damage|p1b: Golurk|9/100\n|move|p1b: Golurk|Poltergeist|p2b: Charizard\n|-activate|p2b: Charizard|move: Poltergeist|Charizardite Y\n|-damage|p2b: Charizard|0 fnt\n|faint|p2b: Charizard\n|\n|win|Guccisan1\n|raw|Guccisan1's rating: 1279 &rarr; <strong>1304</strong><br />(+25 for winning)\n|raw|Abhrant1235's rating: 1279 &rarr; <strong>1254</strong><br />(-25 for losing)\n|l|\u2606Abhrant1235\n|player|p2|\n",
  "uploadtime": 1776022125,
  "views": 35,
  "formatid": "gen9championsvgc2026regma",
  "rating": 1254,
  "private": 0,
  "password": null
}