{
  "id": "gen9championsvgc2026regma-2587546894",
  "format": "[Gen 9 Champions] VGC 2026 Reg M-A",
  "players": [
    "GanjasaurVGC",
    "Captain Clean 13"
  ],
  "log": "|j|\u203dGanjasaurVGC\n|j|\u2606Captain Clean 13\n|t:|1776541161\n|gametype|doubles\n|player|p1|GanjasaurVGC|265|1096\n|player|p2|Captain Clean 13|steven|1144\n|gen|9\n|tier|[Gen 9 Champions] VGC 2026 Reg M-A\n|rated|\n|rule|Species Clause: Limit one of each Pok\u00e9mon\n|rule|Item Clause: Limit 1 of each item\n|clearpoke\n|poke|p1|Farigiraf, L50, F, shiny|\n|poke|p1|Incineroar, L50, M, shiny|\n|poke|p1|Emboar, L50, F, shiny|\n|poke|p1|Milotic, L50, M, shiny|\n|poke|p1|Ditto, L50|\n|poke|p1|Espathra, L50, F, shiny|\n|poke|p2|Farigiraf, L50, F|\n|poke|p2|Volcarona, L50, M|\n|poke|p2|Torkoal, L50, F|\n|poke|p2|Meganium, L50, M|\n|poke|p2|Rhyperior, L50, M|\n|poke|p2|Heliolisk, L50, F|\n|teampreview|4\n|inactive|Battle timer is ON: inactive players will automatically lose when time's up. (requested by Captain Clean 13)\n|c|\u2606Captain Clean 13|glhf!\n|inactive|GanjasaurVGC has 60 seconds left.\n|\n|t:|1776541207\n|teamsize|p1|4\n|teamsize|p2|4\n|start\n|switch|p1a: Espathra|Espathra, L50, F, shiny|100/100\n|switch|p1b: Incineroar|Incineroar, L50, M, shiny|100/100\n|switch|p2a: Farigiraf|Farigiraf, L50, F|100/100\n|switch|p2b: Rohnta|Volcarona, L50, M|100/100\n|-ability|p1b: Incineroar|Intimidate|boost\n|-unboost|p2a: Farigiraf|atk|1\n|-unboost|p2b: Rohnta|atk|1\n|turn|1\n|inactive|Captain Clean 13 has 30 seconds left.\n|\n|t:|1776541235\n|move|p2b: Rohnta|Rage Powder|p2b: Rohnta\n|-singleturn|p2b: Rohnta|move: Rage Powder\n|move|p1a: Espathra|Calm Mind|p1a: Espathra\n|-boost|p1a: Espathra|spa|1\n|-boost|p1a: Espathra|spd|1\n|move|p1b: Incineroar|Darkest Lariat|p2b: Rohnta\n|-damage|p2b: Rohnta|45/100\n|move|p2a: Farigiraf|Trick Room|p2a: Farigiraf\n|-fieldstart|move: Trick Room|[of] p2a: Farigiraf\n|\n|-ability|p1a: Espathra|Speed Boost|boost\n|-boost|p1a: Espathra|spe|1\n|upkeep\n|turn|2\n|\n|t:|1776541249\n|move|p2a: Farigiraf|Wish|p2a: Farigiraf\n|move|p1b: Incineroar|Darkest Lariat|p2a: Farigiraf\n|-supereffective|p2a: Farigiraf|1\n|-damage|p2a: Farigiraf|44/100\n|-enditem|p2a: Farigiraf|Sitrus Berry|[eat]\n|-heal|p2a: Farigiraf|69/100|[from] item: Sitrus Berry\n|move|p2b: Rohnta|Struggle Bug|p1a: Espathra|[spread] p1a,p1b\n|-supereffective|p1a: Espathra|1\n|-damage|p1a: Espathra|55/100\n|-damage|p1b: Incineroar|79/100\n|-unboost|p1a: Espathra|spa|1\n|-unboost|p1b: Incineroar|spa|1\n|move|p1a: Espathra|Calm Mind|p1a: Espathra\n|-boost|p1a: Espathra|spa|1\n|-boost|p1a: Espathra|spd|1\n|\n|-ability|p1a: Espathra|Speed Boost|boost\n|-boost|p1a: Espathra|spe|1\n|upkeep\n|turn|3\n|inactive|Captain Clean 13 has 30 seconds left.\n|\n|t:|1776541275\n|switch|p2a: Rhyolite|Rhyperior, L50, M|100/100\n|switch|p1b: Milotic|Milotic, L50, M, shiny|100/100\n|move|p2b: Rohnta|Struggle Bug|p1a: Espathra|[spread] p1a,p1b\n|-supereffective|p1a: Espathra|1\n|-damage|p1a: Espathra|23/100\n|-damage|p1b: Milotic|84/100\n|-unboost|p1a: Espathra|spa|1\n|-unboost|p1b: Milotic|spa|1\n|-ability|p1b: Milotic|Competitive|boost\n|-boost|p1b: Milotic|spa|2\n|move|p1a: Espathra|Baton Pass|p1a: Espathra\n|c|\u2606Captain Clean 13|haha\n|c|\u2606Captain Clean 13|Baton Pass Espathra is funny\n|\n|t:|1776541293\n|switch|p1a: Incineroar|Incineroar, L50, M, shiny|79/100|[from] Baton Pass\n|-ability|p1a: Incineroar|Intimidate|boost\n|-unboost|p2a: Rhyolite|atk|1\n|-unboost|p2b: Rohnta|atk|1\n|\n|-heal|p1b: Milotic|90/100|[from] item: Leftovers\n|upkeep\n|turn|4\n|\n|t:|1776541307\n|switch|p2a: Meganium|Meganium, L50, M|100/100\n|switch|p2b: Farigiraf|Farigiraf, L50, F|69/100\n|move|p1a: Incineroar|Fake Out||[still]\n|cant|p2b: Farigiraf|ability: Armor Tail|Fake Out|[of] p1a: Incineroar\n|move|p1b: Milotic|Scald|p2a: Meganium\n|-resisted|p2a: Meganium|1\n|-damage|p2a: Meganium|80/100\n|\n|-heal|p1b: Milotic|96/100|[from] item: Leftovers\n|upkeep\n|turn|5\n|inactive|Captain Clean 13 has 30 seconds left.\n|\n|t:|1776541340\n|switch|p2b: Rohnta|Volcarona, L50, M|45/100\n|detailschange|p2a: Meganium|Meganium-Mega, L50, M\n|-mega|p2a: Meganium|Meganium|Meganiumite\n|move|p2a: Meganium|Protect|p2a: Meganium\n|-singleturn|p2a: Meganium|Protect\n|move|p1b: Milotic|Protect|p1b: Milotic\n|-singleturn|p1b: Milotic|Protect\n|move|p1a: Incineroar|Flare Blitz|p2a: Meganium\n|-activate|p2a: Meganium|move: Protect\n|\n|-heal|p1b: Milotic|100/100|[from] item: Leftovers\n|-fieldend|move: Trick Room\n|upkeep\n|turn|6\n|inactive|GanjasaurVGC has 30 seconds left.\n|inactive|GanjasaurVGC has 20 seconds left.\n|inactive|GanjasaurVGC has 15 seconds left.\n|\n|t:|1776541384\n|move|p2b: Rohnta|Rage Powder|p2b: Rohnta\n|-singleturn|p2b: Rohnta|move: Rage Powder\n|move|p1a: Incineroar|Flare Blitz|p2b: Rohnta\n|-damage|p2b: Rohnta|0 fnt\n|-immune|p1a: Incineroar\n|faint|p2b: Rohnta\n|-damage|p1a: Incineroar|64/100|[from] Recoil\n|move|p1b: Milotic|Life Dew||[still]|[spread] p1a,p1b\n|-heal|p1a: Incineroar|89/100\n|-fail|p1b: Milotic|heal\n|move|p2a: Meganium|Solar Beam||[still]\n|-prepare|p2a: Meganium|Solar Beam\n|-activate|p2a: Meganium|ability: Mega Sol\n|-anim|p2a: Meganium|Solar Beam|p1b: Milotic\n|-supereffective|p1b: Milotic|1\n|-damage|p1b: Milotic|0 fnt\n|faint|p1b: Milotic\n|\n|upkeep\n|\n|t:|1776541408\n|switch|p2b: Farigiraf|Farigiraf, L50, F|69/100\n|switch|p1b: Espathra|Espathra, L50, F, shiny|23/100\n|turn|7\n|\n|t:|1776541418\n|move|p1b: Espathra|Protect|p1b: Espathra\n|-singleturn|p1b: Espathra|Protect\n|move|p1a: Incineroar|Darkest Lariat|p2b: Farigiraf\n|-supereffective|p2b: Farigiraf|1\n|-damage|p2b: Farigiraf|7/100\n|move|p2a: Meganium|Dazzling Gleam|p1a: Incineroar|[spread] p1a\n|-activate|p1b: Espathra|move: Protect\n|-damage|p1a: Incineroar|71/100\n|move|p2b: Farigiraf|Trick Room|p2b: Farigiraf\n|-fieldstart|move: Trick Room|[of] p2b: Farigiraf\n|\n|-ability|p1b: Espathra|Speed Boost|boost\n|-boost|p1b: Espathra|spe|1\n|upkeep\n|turn|8\n|\n|t:|1776541435\n|switch|p2a: Rhyolite|Rhyperior, L50, M|100/100\n|move|p2b: Farigiraf|Wish|p2b: Farigiraf\n|move|p1a: Incineroar|Darkest Lariat|p2b: Farigiraf\n|-supereffective|p2b: Farigiraf|1\n|-damage|p2b: Farigiraf|0 fnt\n|faint|p2b: Farigiraf\n|move|p1b: Espathra|Lumina Crash|p2a: Rhyolite\n|-damage|p2a: Rhyolite|58/100\n|-unboost|p2a: Rhyolite|spd|2\n|\n|-ability|p1b: Espathra|Speed Boost|boost\n|-boost|p1b: Espathra|spe|1\n|upkeep\n|\n|t:|1776541443\n|switch|p2b: Meganium|Meganium-Mega, L50, M|80/100\n|turn|9\n|\n|t:|1776541457\n|move|p2a: Rhyolite|High Horsepower|p1a: Incineroar\n|-supereffective|p1a: Incineroar|1\n|-damage|p1a: Incineroar|0 fnt\n|faint|p1a: Incineroar\n|move|p2b: Meganium|Dazzling Gleam|p1b: Espathra\n|-damage|p1b: Espathra|0 fnt\n|faint|p1b: Espathra\n|\n|-heal|p2b: Meganium|100/100|[from] move: Wish|[wisher] Farigiraf\n|upkeep\n|\n|t:|1776541463\n|switch|p1b: Emboar|Emboar, L50, F, shiny|100/100\n|turn|10\n|inactive|Captain Clean 13 has 30 seconds left.\n|\n|t:|1776541495\n|detailschange|p1b: Emboar|Emboar-Mega, L50, F, shiny\n|-mega|p1b: Emboar|Emboar|Emboarite\n|-ability|p1b: Emboar|Mold Breaker\n|move|p2a: Rhyolite|High Horsepower|p1b: Emboar\n|-supereffective|p1b: Emboar|1\n|-damage|p1b: Emboar|2/100\n|move|p1b: Emboar|Flare Blitz|p2b: Meganium\n|-supereffective|p2b: Meganium|1\n|-damage|p2b: Meganium|0 fnt\n|faint|p2b: Meganium\n|-damage|p1b: Emboar|0 fnt|[from] Recoil\n|faint|p1b: Emboar\n|\n|win|Captain Clean 13\n|raw|GanjasaurVGC's rating: 1096 &rarr; <strong>1075</strong><br />(-21 for losing)\n|raw|Captain Clean 13's rating: 1144 &rarr; <strong>1166</strong><br />(+22 for winning)\n|c|\u2606Captain Clean 13|GG\n|l|\u203dGanjasaurVGC\n|player|p1|\n",
  "uploadtime": 1776541565,
  "views": 16,
  "formatid": "gen9championsvgc2026regma",
  "rating": 1075,
  "private": 0,
  "password": null
}