{
  "id": "gen9championsvgc2026regma-2587885349",
  "format": "[Gen 9 Champions] VGC 2026 Reg M-A",
  "players": [
    "torterrnite",
    "DyrennZ"
  ],
  "log": "|j|\u2606torterrnite\n|j|\u2606DyrennZ\n|t:|1776574573\n|gametype|doubles\n|player|p1|torterrnite|lana|1133\n|player|p2|DyrennZ|hilbert|1021\n|gen|9\n|tier|[Gen 9 Champions] VGC 2026 Reg M-A\n|rated|\n|rule|Species Clause: Limit one of each Pok\u00e9mon\n|rule|Item Clause: Limit 1 of each item\n|clearpoke\n|poke|p1|Heracross, L50, F|\n|poke|p1|Whimsicott, L50, M|\n|poke|p1|Farigiraf, L50, M|\n|poke|p1|Torkoal, L50, M|\n|poke|p1|Pidgeot, L50, M|\n|poke|p1|Aegislash, L50, M|\n|poke|p2|Froslass, L50, F|\n|poke|p2|Rotom-Frost, L50|\n|poke|p2|Talonflame, L50, F|\n|poke|p2|Garchomp, L50, F|\n|poke|p2|Ninetales-Alola, L50, F|\n|poke|p2|Sneasler, L50, M|\n|teampreview|4\n|inactive|Battle timer is ON: inactive players will automatically lose when time's up. (requested by torterrnite)\n|inactive|DyrennZ also wants the timer to be on.\n|\n|t:|1776574594\n|teamsize|p1|4\n|teamsize|p2|4\n|start\n|switch|p1a: Aegislash|Aegislash, L50, M|100/100\n|switch|p1b: Farigiraf|Farigiraf, L50, M|100/100\n|switch|p2a: Froslass|Froslass, L50, F|100/100\n|switch|p2b: Sneasler|Sneasler, L50, M|100/100\n|-ability|p2b: Sneasler|Pressure\n|turn|1\n|\n|t:|1776574617\n|detailschange|p2a: Froslass|Froslass-Mega, L50, F\n|-mega|p2a: Froslass|Froslass|Froslassite\n|-weather|Snowscape|[from] ability: Snow Warning|[of] p2a: Froslass\n|move|p2a: Froslass|Aurora Veil|p2a: Froslass\n|-sidestart|p2: DyrennZ|move: Aurora Veil\n|move|p2b: Sneasler|Night Slash|p1a: Aegislash\n|-supereffective|p1a: Aegislash|1\n|-damage|p1a: Aegislash|60/100\n|-formechange|p1a: Aegislash|Aegislash-Blade|\n|move|p1a: Aegislash|Shadow Ball|p2a: Froslass\n|-supereffective|p2a: Froslass|1\n|-damage|p2a: Froslass|22/100\n|move|p1b: Farigiraf|Trick Room|p1b: Farigiraf\n|-fieldstart|move: Trick Room|[of] p1b: Farigiraf\n|\n|-weather|Snowscape|[upkeep]\n|upkeep\n|turn|2\n|inactive|DyrennZ has 30 seconds left.\n|\n|t:|1776574647\n|move|p2a: Froslass|Protect|p2a: Froslass\n|-singleturn|p2a: Froslass|Protect\n|move|p1a: Aegislash|Shadow Ball|p2a: Froslass\n|-activate|p2a: Froslass|move: Protect\n|move|p1b: Farigiraf|Twin Beam|p2b: Sneasler\n|-supereffective|p2b: Sneasler|2\n|-damage|p2b: Sneasler|24/100\n|-supereffective|p2b: Sneasler|2\n|-damage|p2b: Sneasler|0 fnt\n|faint|p2b: Sneasler\n|-hitcount|p2: Sneasler|2\n|\n|-weather|Snowscape|[upkeep]\n|upkeep\n|\n|t:|1776574661\n|switch|p2b: Rotom|Rotom-Frost, L50|100/100\n|turn|3\n|\n|t:|1776574680\n|switch|p1b: Torkoal|Torkoal, L50, M|100/100\n|-weather|SunnyDay|[from] ability: Drought|[of] p1b: Torkoal\n|switch|p2a: Ninetales|Ninetales-Alola, L50, F|100/100\n|-weather|Snowscape|[from] ability: Snow Warning|[of] p2a: Ninetales\n|move|p1a: Aegislash|Shadow Ball|p2a: Ninetales\n|-damage|p2a: Ninetales|60/100\n|move|p2b: Rotom|Blizzard|p1b: Torkoal|[spread] p1a,p1b\n|-resisted|p1a: Aegislash|1\n|-resisted|p1b: Torkoal|1\n|-damage|p1a: Aegislash|24/100\n|-damage|p1b: Torkoal|75/100\n|\n|-weather|Snowscape|[upkeep]\n|upkeep\n|turn|4\n|inactive|DyrennZ has 30 seconds left.\n|\n|t:|1776574714\n|switch|p1b: Farigiraf|Farigiraf, L50, M|100/100\n|move|p1a: Aegislash|Flash Cannon|p2a: Ninetales\n|-supereffective|p2a: Ninetales|2\n|-damage|p2a: Ninetales|0 fnt\n|faint|p2a: Ninetales\n|move|p2b: Rotom|Blizzard|p1b: Farigiraf|[spread] p1a,p1b\n|-resisted|p1a: Aegislash|1\n|-damage|p1a: Aegislash|0 fnt\n|-damage|p1b: Farigiraf|63/100\n|faint|p1a: Aegislash\n|\n|-weather|Snowscape|[upkeep]\n|upkeep\n|\n|t:|1776574728\n|switch|p1a: Heracross|Heracross, L50, F|100/100\n|switch|p2a: Froslass|Froslass-Mega, L50, F|22/100\n|turn|5\n|\n|t:|1776574745\n|detailschange|p1a: Heracross|Heracross-Mega, L50, F\n|-mega|p1a: Heracross|Heracross|Heracronite\n|move|p2a: Froslass|Protect|p2a: Froslass\n|-singleturn|p2a: Froslass|Protect\n|move|p1b: Farigiraf|Twin Beam|p2a: Froslass\n|-activate|p2a: Froslass|move: Protect\n|move|p1a: Heracross|Close Combat|p2b: Rotom\n|-supereffective|p2b: Rotom|1\n|-damage|p2b: Rotom|0 fnt\n|-unboost|p1a: Heracross|def|1\n|-unboost|p1a: Heracross|spd|1\n|faint|p2b: Rotom\n|\n|-weather|Snowscape|[upkeep]\n|-sideend|p2: DyrennZ|move: Aurora Veil\n|-fieldend|move: Trick Room\n|upkeep\n|turn|6\n|-message|DyrennZ forfeited.\n|\n|win|torterrnite\n|raw|torterrnite's rating: 1133 &rarr; <strong>1150</strong><br />(+17 for winning)\n|raw|DyrennZ's rating: 1021 &rarr; <strong>1012</strong><br />(-9 for losing)\n|l|\u2606DyrennZ\n|player|p2|\n",
  "uploadtime": 1776574765,
  "views": 19,
  "formatid": "gen9championsvgc2026regma",
  "rating": 1012,
  "private": 0,
  "password": null
}