{
  "id": "gen9championsvgc2026regma-2588698234",
  "format": "[Gen 9 Champions] VGC 2026 Reg M-A",
  "players": [
    "OpenTeamPlz",
    "Sebby_379"
  ],
  "log": "|j|\u2606OpenTeamPlz\n|j|\u2606Sebby_379\n|t:|1776659050\n|gametype|doubles\n|player|p1|OpenTeamPlz|102|1197\n|player|p2|Sebby_379|n|1226\n|gen|9\n|tier|[Gen 9 Champions] VGC 2026 Reg M-A\n|rated|\n|rule|Species Clause: Limit one of each Pok\u00e9mon\n|rule|Item Clause: Limit 1 of each item\n|clearpoke\n|poke|p1|Maushold-Four, L50|\n|poke|p1|Gengar, L50, M|\n|poke|p1|Politoed, L50, M|\n|poke|p1|Basculegion, L50, M|\n|poke|p1|Aggron, L50, M|\n|poke|p1|Incineroar, L50, F|\n|poke|p2|Gengar, L50, F|\n|poke|p2|Garchomp, L50, M|\n|poke|p2|Sneasler, L50, F|\n|poke|p2|Kingambit, L50, M|\n|poke|p2|Incineroar, L50, M|\n|poke|p2|Rotom-Wash, L50|\n|teampreview|4\n|inactive|Battle timer is ON: inactive players will automatically lose when time's up. (requested by Sebby_379)\n|inactive|OpenTeamPlz also wants the timer to be on.\nOpenTeamPlz has agreed to open team sheets.\nSebby_379 has agreed to open team sheets.\n|showteam|p1|Maushold-Four||KingsRock|FriendGuard|Protect,FollowMe,PopulationBomb,HelpingHand||||||50|]Gengar||Gengarite|CursedBody|Protect,PerishSong,SludgeBomb,ShadowBall|||M|||50|]Politoed||BrightPowder|Drizzle|Protect,PerishSong,MuddyWater,HelpingHand|||M|||50|]Basculegion||SitrusBerry|SwiftSwim|Protect,AquaJet,Liquidation,LastRespects|||M|||50|]Aggron||Aggronite|Sturdy|Protect,IronDefense,BodyPress,HeavySlam|||M|||50|]Incineroar||Leftovers|Intimidate|Protect,FakeOut,FlareBlitz,PartingShot|||F|||50|\n|showteam|p2|Gengar||Gengarite|CursedBody|ShadowBall,SludgeBomb,Protect,IcyWind|||F|||50|]Garchomp||ChoiceScarf|RoughSkin|RockSlide,Earthquake,DragonClaw,StompingTantrum|||M|||50|]Sneasler||WhiteHerb|Unburden|FakeOut,DireClaw,CloseCombat,NightSlash|||F|||50|]Kingambit||BlackGlasses|Defiant|KowtowCleave,SuckerPunch,IronHead,LowKick|||M|||50|]Incineroar||SitrusBerry|Intimidate|FakeOut,FlareBlitz,DarkestLariat,PartingShot|||M|||50|]Rotom-Wash||Leftovers|Levitate|HydroPump,VoltSwitch,WillOWisp,PainSplit||||||50|\n|inactive|Sebby_379 has 60 seconds left.\n|\n|t:|1776659106\n|teamsize|p1|4\n|teamsize|p2|4\n|start\n|switch|p1a: King's Rock|Maushold-Four, L50|100/100\n|switch|p1b: Aggronite|Aggron, L50, M|100/100\n|switch|p2a: Garchomp|Garchomp, L50, M|100/100\n|switch|p2b: Kingambit|Kingambit, L50, M|100/100\n|turn|1\n|inactive|Sebby_379 has 30 seconds left.\n|\n|t:|1776659137\n|switch|p2b: Gengar|Gengar, L50, F|100/100\n|detailschange|p1b: Aggronite|Aggron-Mega, L50, M\n|-mega|p1b: Aggronite|Aggron|Aggronite\n|move|p1a: King's Rock|Follow Me|p1a: King's Rock\n|-singleturn|p1a: King's Rock|move: Follow Me\n|move|p2a: Garchomp|Stomping Tantrum|p1a: King's Rock\n|-damage|p1a: King's Rock|50/100\n|move|p1b: Aggronite|Iron Defense|p1b: Aggronite\n|-boost|p1b: Aggronite|def|2\n|\n|upkeep\n|turn|2\n|\n|t:|1776659160\n|detailschange|p2b: Gengar|Gengar-Mega, L50, F\n|-mega|p2b: Gengar|Gengar|Gengarite\n|move|p1a: King's Rock|Protect|p1a: King's Rock\n|-singleturn|p1a: King's Rock|Protect\n|move|p2a: Garchomp|Stomping Tantrum|p1a: King's Rock\n|-activate|p1a: King's Rock|move: Protect\n|move|p2b: Gengar|Sludge Bomb|p1a: King's Rock\n|-activate|p1a: King's Rock|move: Protect\n|move|p1b: Aggronite|Heavy Slam|p2b: Gengar\n|-damage|p2b: Gengar|23/100\n|\n|upkeep\n|turn|3\n|\n|t:|1776659178\n|move|p1a: King's Rock|Helping Hand|p1b: Aggronite\n|-singleturn|p1b: Aggronite|Helping Hand|[of] p1a: King's Rock\n|move|p2b: Gengar|Protect|p2b: Gengar\n|-singleturn|p2b: Gengar|Protect\n|move|p2a: Garchomp|Stomping Tantrum|p1b: Aggronite\n|-supereffective|p1b: Aggronite|1\n|-damage|p1b: Aggronite|89/100\n|move|p1b: Aggronite|Body Press|p2a: Garchomp\n|-damage|p2a: Garchomp|0 fnt\n|-damage|p1b: Aggronite|76/100|[from] ability: Rough Skin|[of] p2a: Garchomp\n|faint|p2a: Garchomp\n|\n|upkeep\n|\n|t:|1776659190\n|switch|p2a: Rotom|Rotom-Wash, L50|100/100\n|turn|4\n|\n|t:|1776659201\n|move|p1a: King's Rock|Follow Me|p1a: King's Rock\n|-singleturn|p1a: King's Rock|move: Follow Me\n|move|p2b: Gengar|Sludge Bomb|p1a: King's Rock\n|-damage|p1a: King's Rock|0 fnt\n|faint|p1a: King's Rock\n|move|p2a: Rotom|Will-O-Wisp|p1b: Aggronite\n|-status|p1b: Aggronite|brn\n|move|p1b: Aggronite|Body Press|p2a: Rotom\n|-damage|p2a: Rotom|64/100\n|\n|-heal|p2a: Rotom|69/100|[from] item: Leftovers\n|-damage|p1b: Aggronite|70/100 brn|[from] brn\n|upkeep\n|\n|t:|1776659217\n|switch|p1a: Bright Powder|Politoed, L50, M|100/100\n|-weather|RainDance|[from] ability: Drizzle|[of] p1a: Bright Powder\n|turn|5\n|inactive|Sebby_379 has 30 seconds left.\n|\n|t:|1776659251\n|move|p1a: Bright Powder|Protect|p1a: Bright Powder\n|-singleturn|p1a: Bright Powder|Protect\n|move|p2b: Gengar|Sludge Bomb|p1a: Bright Powder\n|-activate|p1a: Bright Powder|move: Protect\n|move|p2a: Rotom|Hydro Pump|p1b: Aggronite\n|-damage|p1b: Aggronite|17/100 brn\n|move|p1b: Aggronite|Body Press|p2a: Rotom\n|-damage|p2a: Rotom|37/100\n|\n|-weather|RainDance|[upkeep]\n|-heal|p2a: Rotom|43/100|[from] item: Leftovers\n|-damage|p1b: Aggronite|11/100 brn|[from] brn\n|upkeep\n|turn|6\n|\n|t:|1776659267\n|move|p2b: Gengar|Shadow Ball|p1b: Aggronite\n|-damage|p1b: Aggronite|0 fnt\n|faint|p1b: Aggronite\n|move|p2a: Rotom|Volt Switch|p1a: Bright Powder\n|-supereffective|p1a: Bright Powder|1\n|-damage|p1a: Bright Powder|57/100\n|\n|t:|1776659273\n|switch|p2a: Kingambit|Kingambit, L50, M|100/100|[from] Volt Switch\n|move|p1a: Bright Powder|Muddy Water|p2a: Kingambit|[spread] p2a,p2b\n|-damage|p2a: Kingambit|72/100\n|-damage|p2b: Gengar|0 fnt\n|faint|p2b: Gengar\n|\n|-weather|RainDance|[upkeep]\n|upkeep\n|\n|t:|1776659281\n|switch|p2b: Rotom|Rotom-Wash, L50|43/100\n|switch|p1b: Sitrus Berry|Basculegion, L50, M|100/100\n|turn|7\n|\n|t:|1776659303\n|move|p1b: Sitrus Berry|Protect|p1b: Sitrus Berry\n|-singleturn|p1b: Sitrus Berry|Protect\n|move|p2a: Kingambit|Sucker Punch||[still]\n|-fail|p2a: Kingambit\n|move|p2b: Rotom|Will-O-Wisp|p1b: Sitrus Berry\n|-activate|p1b: Sitrus Berry|move: Protect\n|move|p1a: Bright Powder|Muddy Water|p2b: Rotom|[spread] p2a,p2b\n|-resisted|p2b: Rotom|1\n|-damage|p2a: Kingambit|40/100\n|-damage|p2b: Rotom|29/100\n|\n|-weather|RainDance|[upkeep]\n|-heal|p2b: Rotom|35/100|[from] item: Leftovers\n|upkeep\n|turn|8\n|\n|t:|1776659318\n|move|p1a: Bright Powder|Helping Hand|p1b: Sitrus Berry\n|-singleturn|p1b: Sitrus Berry|Helping Hand|[of] p1a: Bright Powder\n|move|p1b: Sitrus Berry|Aqua Jet|p2a: Kingambit\n|-damage|p2a: Kingambit|1/100\n|move|p2a: Kingambit|Sucker Punch||[still]\n|-fail|p2a: Kingambit\n|move|p2b: Rotom|Pain Split|p1a: Bright Powder\n|-sethp|p1a: Bright Powder|42/100|[from] move: Pain Split|[silent]\n|-sethp|p2b: Rotom|53/100|[from] move: Pain Split\n|\n|-weather|RainDance|[upkeep]\n|-heal|p2b: Rotom|58/100|[from] item: Leftovers\n|upkeep\n|turn|9\n|\n|t:|1776659332\n|move|p1b: Sitrus Berry|Aqua Jet|p2a: Kingambit\n|-crit|p2a: Kingambit\n|-damage|p2a: Kingambit|0 fnt\n|faint|p2a: Kingambit\n|move|p2b: Rotom|Volt Switch|p1b: Sitrus Berry\n|-supereffective|p1b: Sitrus Berry|1\n|-damage|p1b: Sitrus Berry|43/100\n|-enditem|p1b: Sitrus Berry|Sitrus Berry|[eat]\n|-heal|p1b: Sitrus Berry|68/100|[from] item: Sitrus Berry\n|move|p1a: Bright Powder|Perish Song|p1a: Bright Powder\n|-start|p1a: Bright Powder|perish3|[silent]\n|-start|p1b: Sitrus Berry|perish3|[silent]\n|-start|p2b: Rotom|perish3|[silent]\n|-fieldactivate|move: Perish Song\n|\n|-weather|none\n|-heal|p2b: Rotom|64/100|[from] item: Leftovers\n|-start|p1b: Sitrus Berry|perish3\n|-start|p2b: Rotom|perish3\n|-start|p1a: Bright Powder|perish3\n|upkeep\n|turn|10\n|\n|t:|1776659344\n|move|p1b: Sitrus Berry|Protect|p1b: Sitrus Berry\n|-singleturn|p1b: Sitrus Berry|Protect\n|move|p1a: Bright Powder|Protect|p1a: Bright Powder\n|-singleturn|p1a: Bright Powder|Protect\n|move|p2b: Rotom|Volt Switch|p1a: Bright Powder\n|-activate|p1a: Bright Powder|move: Protect\n|\n|-heal|p2b: Rotom|70/100|[from] item: Leftovers\n|-start|p1b: Sitrus Berry|perish2\n|-start|p2b: Rotom|perish2\n|-start|p1a: Bright Powder|perish2\n|upkeep\n|turn|11\n|\n|t:|1776659355\n|move|p1a: Bright Powder|Helping Hand|p1b: Sitrus Berry\n|-singleturn|p1b: Sitrus Berry|Helping Hand|[of] p1a: Bright Powder\n|move|p1b: Sitrus Berry|Last Respects|p2b: Rotom\n|-damage|p2b: Rotom|0 fnt\n|faint|p2b: Rotom\n|\n|win|OpenTeamPlz\n|raw|OpenTeamPlz's rating: 1197 &rarr; <strong>1224</strong><br />(+27 for winning)\n|raw|Sebby_379's rating: 1226 &rarr; <strong>1199</strong><br />(-27 for losing)\n|l|\u2606Sebby_379\n|player|p2|\n",
  "uploadtime": 1776659368,
  "views": 4,
  "formatid": "gen9championsvgc2026regma",
  "rating": 1199,
  "private": 0,
  "password": null
}