{
  "id": "gen9championsvgc2026regma-2584641432",
  "format": "[Gen 9 Champions] VGC 2026 Reg M-A",
  "players": [
    "TheEeveeAnimations",
    "KennarDH"
  ],
  "log": "|j|\u2606TheEeveeAnimations\n|j|\u2606KennarDH\n|t:|1776273909\n|gametype|doubles\n|player|p1|TheEeveeAnimations|dahlia|\n|player|p2|KennarDH|rocketgruntf|\n|gen|9\n|tier|[Gen 9 Champions] VGC 2026 Reg M-A\n|rated|Tournament battle\n|rule|Species Clause: Limit one of each Pok\u00e9mon\n|rule|Item Clause: Limit 1 of each item\n|raw|<div class=\"infobox\"><details class=\"readmore\" open><summary><strong>1 custom rule:</strong></summary> -urshifu</details></div>\n|clearpoke\n|poke|p1|Aegislash, L50, M|\n|poke|p1|Kangaskhan, L50, F|\n|poke|p1|Sinistcha, L50|\n|poke|p1|Volcarona, L50, F|\n|poke|p1|Aerodactyl, L50, F|\n|poke|p1|Rotom-Wash, L50|\n|poke|p2|Charizard, L50, M|\n|poke|p2|Milotic, L50, M|\n|poke|p2|Maushold-Four, L50|\n|poke|p2|Hawlucha, L50, F|\n|poke|p2|Vanilluxe, L50, M|\n|poke|p2|Hydrapple, L50, F|\n|teampreview|4\nTheEeveeAnimations has agreed to open team sheets.\n|j| Passiv\n|c|\u2606TheEeveeAnimations|glhf\n|j| Luigi Magnezone\n|l| Luigi Magnezone\n|c|\u2606TheEeveeAnimations|oh im about to get cheesed\n|c|\u2606TheEeveeAnimations|it was fun knowing y'all\n|j|+Ramen Broth\n|j| Plopy14\n|c|+Ramen Broth|I believe in you\n|inactive|Battle timer is ON: inactive players will automatically lose when time's up. (requested by KennarDH)\n|\n|t:|1776274013\n|teamsize|p1|4\n|teamsize|p2|4\n|start\n|switch|p1a: Rotom|Rotom-Wash, L50|100/100\n|switch|p1b: Aerodactyl|Aerodactyl, L50, F|100/100\n|switch|p2a: Charizard|Charizard, L50, M|100/100\n|switch|p2b: Milotic|Milotic, L50, M|100/100\n|-ability|p1b: Aerodactyl|Unnerve\n|turn|1\n|\n|t:|1776274035\n|detailschange|p2a: Charizard|Charizard-Mega-X, L50, M\n|-mega|p2a: Charizard|Charizard|Charizardite X\n|move|p1a: Rotom|Thunderbolt|p2a: Charizard\n|-resisted|p2a: Charizard|1\n|-damage|p2a: Charizard|79/100\n|move|p1b: Aerodactyl|Tailwind|p1b: Aerodactyl\n|-sidestart|p1: TheEeveeAnimations|move: Tailwind\n|move|p2a: Charizard|Dragon Dance|p2a: Charizard\n|-boost|p2a: Charizard|atk|1\n|-boost|p2a: Charizard|spe|1\n|move|p2b: Milotic|Icy Wind|p1a: Rotom|[spread] p1a,p1b\n|-resisted|p1a: Rotom|1\n|-supereffective|p1b: Aerodactyl|1\n|-damage|p1a: Rotom|94/100\n|-damage|p1b: Aerodactyl|65/100\n|-unboost|p1a: Rotom|spe|1\n|-unboost|p1b: Aerodactyl|spe|1\n|\n|upkeep\n|turn|2\n|c|\u2606TheEeveeAnimations|i have been successfully goobed\n|\n|t:|1776274056\n|move|p1a: Rotom|Thunderbolt|p2b: Milotic\n|-supereffective|p2b: Milotic|1\n|-damage|p2b: Milotic|47/100\n|move|p1b: Aerodactyl|Rock Slide|p2b: Milotic|[spread] p2a,p2b\n|-supereffective|p2a: Charizard|1\n|-damage|p2a: Charizard|31/100\n|-damage|p2b: Milotic|24/100\n|move|p2a: Charizard|Dragon Claw|p1a: Rotom\n|-damage|p1a: Rotom|0 fnt\n|faint|p1a: Rotom\n|move|p2b: Milotic|Icy Wind|p1b: Aerodactyl\n|-supereffective|p1b: Aerodactyl|1\n|-damage|p1b: Aerodactyl|19/100\n|-unboost|p1b: Aerodactyl|spe|1\n|\n|-heal|p2b: Milotic|30/100|[from] item: Leftovers\n|upkeep\n|\n|t:|1776274068\n|switch|p1a: Kangaskhan|Kangaskhan, L50, F|100/100\n|turn|3\n|inactive|TheEeveeAnimations has 30 seconds left.\n|\n|t:|1776274098\n|switch|p2b: Maushold|Maushold-Four, L50|100/100\n|detailschange|p1a: Kangaskhan|Kangaskhan-Mega, L50, F\n|-mega|p1a: Kangaskhan|Kangaskhan|Kangaskhanite\n|move|p2a: Charizard|Protect|p2a: Charizard\n|-singleturn|p2a: Charizard|Protect\n|move|p1a: Kangaskhan|Sucker Punch||[still]\n|-fail|p1a: Kangaskhan\n|move|p1b: Aerodactyl|Rock Slide|p2b: Maushold|[spread] p2b\n|-activate|p2a: Charizard|move: Protect\n|-damage|p2b: Maushold|62/100\n|\n|upkeep\n|turn|4\n|inactive|TheEeveeAnimations has 30 seconds left.\n|\n|t:|1776274124\n|move|p2b: Maushold|Follow Me|p2b: Maushold\n|-singleturn|p2b: Maushold|move: Follow Me\n|move|p1a: Kangaskhan|Double-Edge|p2b: Maushold\n|-damage|p2b: Maushold|0 fnt\n|faint|p2b: Maushold\n|-hitcount|p2: Maushold|1\n|-damage|p1a: Kangaskhan|86/100|[from] Recoil\n|move|p2a: Charizard|Dragon Claw|p1b: Aerodactyl\n|-damage|p1b: Aerodactyl|0 fnt\n|faint|p1b: Aerodactyl\n|\n|-sideend|p1: TheEeveeAnimations|move: Tailwind\n|upkeep\n|\n|t:|1776274135\n|switch|p1b: Aegislash|Aegislash, L50, M|100/100\n|switch|p2b: Hydrapple|Hydrapple, L50, F|100/100\n|-ability|p2b: Hydrapple|Supersweet Syrup\n|-unboost|p1a: Kangaskhan|evasion|1\n|-unboost|p1b: Aegislash|evasion|1\n|turn|5\n|inactive|TheEeveeAnimations has 30 seconds left.\n|\n|t:|1776274168\n|move|p1a: Kangaskhan|Sucker Punch||[still]\n|-fail|p1a: Kangaskhan\n|move|p2a: Charizard|Dragon Dance|p2a: Charizard\n|-boost|p2a: Charizard|atk|1\n|-boost|p2a: Charizard|spe|1\n|-formechange|p1b: Aegislash|Aegislash-Blade|\n|move|p1b: Aegislash|Flash Cannon|p2a: Charizard\n|-resisted|p2a: Charizard|1\n|-damage|p2a: Charizard|4/100\n|move|p2b: Hydrapple|Pollen Puff|p2a: Charizard\n|-heal|p2a: Charizard|54/100\n|\n|upkeep\n|turn|6\n|c|\u2606TheEeveeAnimations|why did i flash cannon\n|\n|t:|1776274190\n|-formechange|p1b: Aegislash|Aegislash|\n|move|p1b: Aegislash|King's Shield|p1b: Aegislash\n|-singleturn|p1b: Aegislash|Protect\n|move|p2a: Charizard|Dragon Claw|p1a: Kangaskhan\n|-crit|p1a: Kangaskhan\n|-damage|p1a: Kangaskhan|0 fnt\n|faint|p1a: Kangaskhan\n|move|p2b: Hydrapple|Pollen Puff|p2a: Charizard\n|-heal|p2a: Charizard|100/100\n|\n|upkeep\n|turn|7\n|c|\u2606TheEeveeAnimations|TIL this got pollen puff\n|c|\u2606TheEeveeAnimations|very cool team 10/10\n|-message|TheEeveeAnimations forfeited.\n|\n|win|KennarDH\n|n|\u2606TheEeveeAnimations|theeeveeanimations\n|n|\u2606KennarDH|kennardh\n|n| Passiv|passiv\n|n| Ramen Broth|ramenbroth\n|n| Plopy14|plopy14\n|l| Ramen Broth\n|l| Passiv\n|l|\u2606TheEeveeAnimations\n|player|p1|\n|l|\u2606KennarDH\n|player|p2|\n|j| holdingb\n",
  "uploadtime": 1776274209,
  "views": 21,
  "formatid": "gen9championsvgc2026regma",
  "rating": null,
  "private": 0,
  "password": null
}