{
  "id": "gen9championsvgc2026regma-2582473396",
  "format": "[Gen 9 Champions] VGC 2026 Reg M-A",
  "players": [
    "itsjustsomni",
    "TweXD"
  ],
  "log": "|j|\u2606itsjustsomni\n|j|\u2606TweXD\n|t:|1776093968\n|gametype|doubles\n|player|p1|itsjustsomni|cyrus|1046\n|player|p2|TweXD|blue|1000\n|gen|9\n|tier|[Gen 9 Champions] VGC 2026 Reg M-A\n|rated|\n|rule|Species Clause: Limit one of each Pok\u00e9mon\n|rule|Item Clause: Limit 1 of each item\n|clearpoke\n|poke|p1|Charizard, L50, M|\n|poke|p1|Venusaur, L50, M|\n|poke|p1|Whimsicott, L50, M|\n|poke|p1|Incineroar, L50, F|\n|poke|p1|Gardevoir, L50, M|\n|poke|p1|Garchomp, L50, F|\n|poke|p2|Ceruledge, L50, M|\n|poke|p2|Dragonite, L50, M|\n|poke|p2|Samurott-Hisui, L50, M|\n|poke|p2|Goodra-Hisui, L50, M|\n|poke|p2|Raichu-Alola, L50, M|\n|poke|p2|Glimmora, L50, F|\n|teampreview|4\n|inactive|Battle timer is ON: inactive players will automatically lose when time's up. (requested by itsjustsomni)\n|inactive|TweXD has 60 seconds left.\n|\n|t:|1776094014\n|teamsize|p1|4\n|teamsize|p2|4\n|start\n|switch|p1a: Gardevoir|Gardevoir, L50, M, shiny|100/100\n|switch|p1b: Incineroar|Incineroar, L50, F|100/100\n|switch|p2a: Glimmora|Glimmora, L50, F|100/100\n|switch|p2b: Samurott|Samurott-Hisui, L50, M|100/100\n|-ability|p1a: Gardevoir|Sharpness|Trace|[from] ability: Trace|[of] p2b: Samurott\n|-ability|p1b: Incineroar|Intimidate|boost\n|-unboost|p2a: Glimmora|atk|1\n|-unboost|p2b: Samurott|atk|1\n|turn|1\n|inactive|itsjustsomni has 30 seconds left.\n|inactive|TweXD has 30 seconds left.\n|\n|t:|1776094040\n|switch|p2b: Goodra|Goodra-Hisui, L50, M|100/100\n|detailschange|p1a: Gardevoir|Gardevoir-Mega, L50, M, shiny\n|-mega|p1a: Gardevoir|Gardevoir|Gardevoirite\n|move|p1b: Incineroar|Fake Out|p2a: Glimmora\n|-resisted|p2a: Glimmora|1\n|-damage|p2a: Glimmora|96/100\n|-activate|p2a: Glimmora|ability: Toxic Debris\n|-sidestart|p1: itsjustsomni|move: Toxic Spikes\n|move|p1a: Gardevoir|Hyper Voice|p2b: Goodra|[spread] p2a,p2b\n|-resisted|p2a: Glimmora|1\n|-damage|p2a: Glimmora|69/100\n|-damage|p2b: Goodra|64/100\n|cant|p2a: Glimmora|flinch\n|\n|-heal|p2b: Goodra|69/100|[from] item: Leftovers\n|upkeep\n|turn|2\n|inactive|itsjustsomni has 30 seconds left.\n|inactive|itsjustsomni has 20 seconds left.\n|\n|t:|1776094079\n|move|p1a: Gardevoir|Protect|p1a: Gardevoir\n|-singleturn|p1a: Gardevoir|Protect\n|move|p2a: Glimmora|Reflect|p2a: Glimmora\n|-sidestart|p2: TweXD|Reflect\n|move|p1b: Incineroar|Parting Shot|p2b: Goodra\n|-unboost|p2b: Goodra|atk|1\n|-unboost|p2b: Goodra|spa|1\n|\n|t:|1776094087\n|switch|p1b: Whimsicott|Whimsicott, L50, M|100/100|[from] Parting Shot\n|-status|p1b: Whimsicott|psn\n|move|p2b: Goodra|Curse|p2b: Goodra\n|-unboost|p2b: Goodra|spe|1\n|-boost|p2b: Goodra|atk|1\n|-boost|p2b: Goodra|def|1\n|\n|-heal|p2b: Goodra|75/100|[from] item: Leftovers\n|-damage|p1b: Whimsicott|88/100 psn|[from] psn\n|upkeep\n|turn|3\n|inactive|TweXD has 30 seconds left.\n|\n|t:|1776094121\n|move|p1b: Whimsicott|Encore|p2b: Goodra\n|-start|p2b: Goodra|Encore\n|move|p1a: Gardevoir|Psychic|p2a: Glimmora\n|-supereffective|p2a: Glimmora|1\n|-damage|p2a: Glimmora|0 fnt\n|faint|p2a: Glimmora\n|move|p2b: Goodra|Curse|p2b: Goodra\n|-unboost|p2b: Goodra|spe|1\n|-boost|p2b: Goodra|atk|1\n|-boost|p2b: Goodra|def|1\n|\n|-heal|p2b: Goodra|81/100|[from] item: Leftovers\n|-damage|p1b: Whimsicott|76/100 psn|[from] psn\n|upkeep\n|\n|t:|1776094134\n|switch|p2a: Dragonite|Dragonite, L50, M, shiny|100/100\n|turn|4\n|\n|t:|1776094149\n|detailschange|p2a: Dragonite|Dragonite-Mega, L50, M, shiny\n|-mega|p2a: Dragonite|Dragonite|Dragoninite\n|move|p1b: Whimsicott|Moonblast|p2a: Dragonite\n|-supereffective|p2a: Dragonite|1\n|-damage|p2a: Dragonite|77/100\n|move|p2a: Dragonite|Ice Spinner|p1b: Whimsicott\n|-supereffective|p1b: Whimsicott|1\n|-damage|p1b: Whimsicott|0 fnt\n|faint|p1b: Whimsicott\n|move|p1a: Gardevoir|Hyper Voice|p2b: Goodra|[spread] p2a,p2b\n|-supereffective|p2a: Dragonite|1\n|-damage|p2a: Dragonite|0 fnt\n|-damage|p2b: Goodra|49/100\n|faint|p2a: Dragonite\n|move|p2b: Goodra|Curse|p2b: Goodra\n|-unboost|p2b: Goodra|spe|1\n|-boost|p2b: Goodra|atk|1\n|-boost|p2b: Goodra|def|1\n|\n|-heal|p2b: Goodra|55/100|[from] item: Leftovers\n|upkeep\n|\n|t:|1776094169\n|switch|p1b: Garchomp|Garchomp, L50, F|100/100\n|switch|p2a: Samurott|Samurott-Hisui, L50, M|100/100\n|-status|p1b: Garchomp|psn\n|turn|5\n|\n|t:|1776094179\n|move|p1b: Garchomp|Dragon Claw|p2b: Goodra\n|-damage|p2b: Goodra|45/100\n|-ability|p2b: Goodra|Gooey\n|-unboost|p1b: Garchomp|spe|1\n|move|p1a: Gardevoir|Hyper Voice|p2b: Goodra|[spread] p2a,p2b\n|-supereffective|p2a: Samurott|1\n|-damage|p2a: Samurott|0 fnt\n|-damage|p2b: Goodra|14/100\n|faint|p2a: Samurott\n|move|p2b: Goodra|Curse|p2b: Goodra\n|-unboost|p2b: Goodra|spe|1\n|-boost|p2b: Goodra|atk|1\n|-boost|p2b: Goodra|def|1\n|\n|-heal|p2b: Goodra|20/100|[from] item: Leftovers\n|-damage|p1b: Garchomp|88/100 psn|[from] psn\n|-end|p2b: Goodra|Encore\n|upkeep\n|turn|6\n|inactive|itsjustsomni has 30 seconds left.\n|\n|t:|1776094207\n|move|p1a: Gardevoir|Protect|p1a: Gardevoir\n|-singleturn|p1a: Gardevoir|Protect\n|move|p1b: Garchomp|Dragon Claw|p2b: Goodra\n|-damage|p2b: Goodra|12/100\n|-ability|p2b: Goodra|Gooey\n|-unboost|p1b: Garchomp|spe|1\n|move|p2b: Goodra|Heavy Slam|p1a: Gardevoir\n|-activate|p1a: Gardevoir|move: Protect\n|\n|-heal|p2b: Goodra|18/100|[from] item: Leftovers\n|-damage|p1b: Garchomp|76/100 psn|[from] psn\n|-sideend|p2: TweXD|Reflect\n|upkeep\n|turn|7\n|\n|t:|1776094232\n|move|p2b: Goodra|Protect|p2b: Goodra\n|-singleturn|p2b: Goodra|Protect\n|move|p1a: Gardevoir|Hyper Voice|p2b: Goodra\n|-activate|p2b: Goodra|move: Protect\n|move|p1b: Garchomp|Dragon Claw|p2b: Goodra\n|-activate|p2b: Goodra|move: Protect\n|\n|-heal|p2b: Goodra|24/100|[from] item: Leftovers\n|-damage|p1b: Garchomp|64/100 psn|[from] psn\n|upkeep\n|turn|8\n|\n|t:|1776094253\n|move|p1a: Gardevoir|Hyper Voice|p2b: Goodra\n|-damage|p2b: Goodra|0 fnt\n|faint|p2b: Goodra\n|\n|win|itsjustsomni\n|raw|itsjustsomni's rating: 1046 &rarr; <strong>1075</strong><br />(+29 for winning)\n|raw|TweXD's rating: 1000 &rarr; <strong>1000</strong><br />(+0 for losing)\n|l|\u2606TweXD\n|player|p2|\n",
  "uploadtime": 1776094258,
  "views": 14,
  "formatid": "gen9championsvgc2026regma",
  "rating": 1000,
  "private": 0,
  "password": null
}