{
  "id": "gen9championsvgc2026regma-2582555906",
  "format": "[Gen 9 Champions] VGC 2026 Reg M-A",
  "players": [
    "skajvppt",
    "Thechienchien"
  ],
  "log": "|j|\u2606skajvppt\n|j|\u2606Thechienchien\n|t:|1776099129\n|gametype|doubles\n|player|p1|skajvppt|n|1000\n|player|p2|Thechienchien|266|1080\n|gen|9\n|tier|[Gen 9 Champions] VGC 2026 Reg M-A\n|rated|\n|rule|Species Clause: Limit one of each Pok\u00e9mon\n|rule|Item Clause: Limit 1 of each item\n|clearpoke\n|poke|p1|Hawlucha, L50, M|\n|poke|p1|Excadrill, L50, F|\n|poke|p1|Talonflame, L50, M|\n|poke|p1|Basculegion, L50, M|\n|poke|p1|Incineroar, L50, F|\n|poke|p1|Sneasler, L50, F|\n|poke|p2|Froslass, L50, F|\n|poke|p2|Mimikyu, L50, M|\n|poke|p2|Goodra-Hisui, L50, F|\n|poke|p2|Sneasler, L50, F|\n|poke|p2|Primarina, L50, F|\n|poke|p2|Incineroar, L50, M|\n|teampreview|4\n|inactive|Battle timer is ON: inactive players will automatically lose when time's up. (requested by skajvppt)\n|\n|t:|1776099160\n|teamsize|p1|4\n|teamsize|p2|4\n|start\n|switch|p1a: Talonflame|Talonflame, L50, M|100/100\n|switch|p1b: Incineroar|Incineroar, L50, F|100/100\n|switch|p2a: Froslass|Froslass, L50, F|100/100\n|switch|p2b: Sneasler|Sneasler, L50, F|100/100\n|-ability|p1b: Incineroar|Intimidate|boost\n|-unboost|p2a: Froslass|atk|1\n|-unboost|p2b: Sneasler|atk|1\n|-enditem|p2b: Sneasler|White Herb\n|-clearnegativeboost|p2b: Sneasler|[silent]\n|turn|1\n|\n|t:|1776099176\n|detailschange|p2a: Froslass|Froslass-Mega, L50, F\n|-mega|p2a: Froslass|Froslass|Froslassite\n|-weather|Snowscape|[from] ability: Snow Warning|[of] p2a: Froslass\n|move|p1a: Talonflame|Protect|p1a: Talonflame\n|-singleturn|p1a: Talonflame|Protect\n|move|p2b: Sneasler|Fake Out|p1a: Talonflame\n|-activate|p1a: Talonflame|move: Protect\n|move|p2a: Froslass|Aurora Veil|p2a: Froslass\n|-sidestart|p2: Thechienchien|move: Aurora Veil\n|move|p1b: Incineroar|Darkest Lariat|p2a: Froslass\n|-supereffective|p2a: Froslass|1\n|-damage|p2a: Froslass|55/100\n|\n|-weather|Snowscape|[upkeep]\n|upkeep\n|turn|2\n|inactive|skajvppt has 30 seconds left.\n|inactive|skajvppt has 20 seconds left.\n|\n|t:|1776099213\n|move|p1a: Talonflame|Tailwind|p1a: Talonflame\n|-sidestart|p1: skajvppt|move: Tailwind\n|move|p2b: Sneasler|Close Combat|p1b: Incineroar\n|-supereffective|p1b: Incineroar|1\n|-damage|p1b: Incineroar|0 fnt\n|-unboost|p2b: Sneasler|def|1\n|-unboost|p2b: Sneasler|spd|1\n|faint|p1b: Incineroar\n|move|p2a: Froslass|Blizzard|p1a: Talonflame\n|-damage|p1a: Talonflame|25/100\n|\n|-weather|Snowscape|[upkeep]\n|upkeep\n|\n|t:|1776099230\n|switch|p1b: Hawlucha|Hawlucha, L50, M|100/100\n|turn|3\n|inactive|skajvppt has 30 seconds left.\n|\n|t:|1776099260\n|detailschange|p1b: Hawlucha|Hawlucha-Mega, L50, M\n|-mega|p1b: Hawlucha|Hawlucha|Hawluchanite\n|move|p1a: Talonflame|Flare Blitz|p2a: Froslass\n|-supereffective|p2a: Froslass|1\n|-damage|p2a: Froslass|2/100\n|-damage|p1a: Talonflame|5/100|[from] Recoil\n|move|p2b: Sneasler|Close Combat|p1a: Talonflame\n|-resisted|p1a: Talonflame|1\n|-damage|p1a: Talonflame|0 fnt\n|-unboost|p2b: Sneasler|def|1\n|-unboost|p2b: Sneasler|spd|1\n|faint|p1a: Talonflame\n|move|p1b: Hawlucha|Rock Slide|p2a: Froslass|[spread] p2a,p2b\n|-supereffective|p2a: Froslass|1\n|-resisted|p2b: Sneasler|1\n|-crit|p2b: Sneasler\n|-damage|p2a: Froslass|0 fnt\n|-damage|p2b: Sneasler|60/100\n|faint|p2a: Froslass\n|\n|-weather|Snowscape|[upkeep]\n|upkeep\n|\n|t:|1776099275\n|switch|p1a: Excadrill|Excadrill, L50, F|100/100\n|switch|p2a: Primarina|Primarina, L50, F|100/100\n|turn|4\n|\n|t:|1776099284\n|move|p2b: Sneasler|Close Combat|p1a: Excadrill\n|-supereffective|p1a: Excadrill|1\n|-enditem|p1a: Excadrill|Focus Sash\n|-damage|p1a: Excadrill|1/100\n|-unboost|p2b: Sneasler|def|1\n|-unboost|p2b: Sneasler|spd|1\n|move|p1b: Hawlucha|Entrainment|p1a: Excadrill\n|-ability|p1a: Excadrill|No Guard|Sand Rush|[from] move: Entrainment|[of] p1b: Hawlucha\n|move|p1a: Excadrill|Horn Drill|p2a: Primarina\n|-damage|p2a: Primarina|0 fnt\n|faint|p2a: Primarina\n|-ohko\n|\n|-weather|Snowscape|[upkeep]\n|upkeep\n|\n|t:|1776099295\n|switch|p2a: Goodra|Goodra-Hisui, L50, F|100/100\n|turn|5\n|\n|t:|1776099312\n|move|p2b: Sneasler|Close Combat|p1a: Excadrill\n|-supereffective|p1a: Excadrill|1\n|-damage|p1a: Excadrill|0 fnt\n|-unboost|p2b: Sneasler|def|1\n|-unboost|p2b: Sneasler|spd|1\n|faint|p1a: Excadrill\n|move|p1b: Hawlucha|High Jump Kick|p2b: Sneasler\n|-resisted|p2b: Sneasler|1\n|-damage|p2b: Sneasler|0 fnt\n|faint|p2b: Sneasler\n|move|p2a: Goodra|Shelter|p2a: Goodra\n|-boost|p2a: Goodra|def|2\n|\n|-weather|none\n|-sideend|p1: skajvppt|move: Tailwind\n|-sideend|p2: Thechienchien|move: Aurora Veil\n|upkeep\n|turn|6\n|\n|t:|1776099316\n|move|p1b: Hawlucha|High Jump Kick|p2a: Goodra\n|-supereffective|p2a: Goodra|1\n|-damage|p2a: Goodra|55/100\n|move|p2a: Goodra|Shelter|p2a: Goodra\n|-boost|p2a: Goodra|def|2\n|\n|-heal|p2a: Goodra|60/100|[from] item: Leftovers\n|upkeep\n|turn|7\n|\n|t:|1776099332\n|move|p1b: Hawlucha|High Jump Kick|p2a: Goodra\n|-supereffective|p2a: Goodra|1\n|-damage|p2a: Goodra|30/100\n|move|p2a: Goodra|Shelter|p2a: Goodra\n|-boost|p2a: Goodra|def|2\n|\n|-heal|p2a: Goodra|36/100|[from] item: Leftovers\n|upkeep\n|turn|8\n|\n|t:|1776099339\n|move|p1b: Hawlucha|High Jump Kick|p2a: Goodra\n|-supereffective|p2a: Goodra|1\n|-damage|p2a: Goodra|11/100\n|move|p2a: Goodra|Life Dew|p2a: Goodra\n|-heal|p2a: Goodra|36/100\n|\n|-heal|p2a: Goodra|42/100|[from] item: Leftovers\n|upkeep\n|turn|9\n|\n|t:|1776099347\n|move|p1b: Hawlucha|High Jump Kick|p2a: Goodra\n|-supereffective|p2a: Goodra|1\n|-damage|p2a: Goodra|18/100\n|move|p2a: Goodra|Life Dew|p2a: Goodra\n|-heal|p2a: Goodra|43/100\n|\n|-heal|p2a: Goodra|49/100|[from] item: Leftovers\n|upkeep\n|turn|10\n|\n|t:|1776099354\n|move|p1b: Hawlucha|High Jump Kick|p2a: Goodra\n|-supereffective|p2a: Goodra|1\n|-damage|p2a: Goodra|27/100\n|move|p2a: Goodra|Life Dew|p2a: Goodra\n|-heal|p2a: Goodra|52/100\n|\n|-heal|p2a: Goodra|58/100|[from] item: Leftovers\n|upkeep\n|turn|11\n|\n|t:|1776099366\n|move|p1b: Hawlucha|High Jump Kick|p2a: Goodra\n|-supereffective|p2a: Goodra|1\n|-damage|p2a: Goodra|34/100\n|move|p2a: Goodra|Life Dew|p2a: Goodra\n|-heal|p2a: Goodra|59/100\n|\n|-heal|p2a: Goodra|65/100|[from] item: Leftovers\n|upkeep\n|turn|12\n|\n|t:|1776099374\n|move|p1b: Hawlucha|High Jump Kick|p2a: Goodra\n|-supereffective|p2a: Goodra|1\n|-damage|p2a: Goodra|43/100\n|move|p2a: Goodra|Life Dew|p2a: Goodra\n|-heal|p2a: Goodra|68/100\n|\n|-heal|p2a: Goodra|74/100|[from] item: Leftovers\n|upkeep\n|turn|13\n|\n|t:|1776099381\n|move|p1b: Hawlucha|High Jump Kick|p2a: Goodra\n|-supereffective|p2a: Goodra|1\n|-damage|p2a: Goodra|51/100\n|move|p2a: Goodra|Life Dew|p2a: Goodra\n|-heal|p2a: Goodra|76/100\n|\n|-heal|p2a: Goodra|82/100|[from] item: Leftovers\n|upkeep\n|turn|14\n|\n|t:|1776099386\n|move|p1b: Hawlucha|Rock Slide|p2a: Goodra\n|-resisted|p2a: Goodra|1\n|-damage|p2a: Goodra|80/100\n|move|p2a: Goodra|Life Dew|p2a: Goodra\n|-heal|p2a: Goodra|100/100\n|\n|upkeep\n|turn|15\n|\n|t:|1776099391\n|move|p1b: Hawlucha|High Jump Kick|p2a: Goodra\n|-supereffective|p2a: Goodra|1\n|-damage|p2a: Goodra|77/100\n|move|p2a: Goodra|Body Press|p1b: Hawlucha\n|-resisted|p1b: Hawlucha|1\n|-damage|p1b: Hawlucha|57/100\n|\n|-heal|p2a: Goodra|83/100|[from] item: Leftovers\n|upkeep\n|turn|16\n|\n|t:|1776099399\n|move|p1b: Hawlucha|High Jump Kick|p2a: Goodra\n|-supereffective|p2a: Goodra|1\n|-damage|p2a: Goodra|57/100\n|move|p2a: Goodra|Life Dew|p2a: Goodra\n|-heal|p2a: Goodra|82/100\n|\n|-heal|p2a: Goodra|88/100|[from] item: Leftovers\n|upkeep\n|turn|17\n|\n|t:|1776099404\n|move|p1b: Hawlucha|High Jump Kick|p2a: Goodra\n|-supereffective|p2a: Goodra|1\n|-damage|p2a: Goodra|66/100\n|move|p2a: Goodra|Body Press|p1b: Hawlucha\n|-resisted|p1b: Hawlucha|1\n|-damage|p1b: Hawlucha|14/100\n|\n|-heal|p2a: Goodra|72/100|[from] item: Leftovers\n|upkeep\n|turn|18\n|\n|t:|1776099418\n|move|p1b: Hawlucha|Rock Slide|p2a: Goodra\n|-resisted|p2a: Goodra|1\n|-damage|p2a: Goodra|69/100\n|move|p2a: Goodra|Life Dew|p2a: Goodra\n|-heal|p2a: Goodra|94/100\n|\n|-heal|p2a: Goodra|99/100|[from] item: Leftovers\n|upkeep\n|turn|19\n|\n|t:|1776099421\n|move|p1b: Hawlucha|Rock Slide|p2a: Goodra\n|-resisted|p2a: Goodra|1\n|-damage|p2a: Goodra|97/100\n|move|p2a: Goodra|Body Press|p1b: Hawlucha\n|-resisted|p1b: Hawlucha|1\n|-crit|p1b: Hawlucha\n|-damage|p1b: Hawlucha|0 fnt\n|faint|p1b: Hawlucha\n|\n|win|Thechienchien\n|raw|skajvppt's rating: 1000 &rarr; <strong>1000</strong><br />(+0 for losing)\n|raw|Thechienchien's rating: 1080 &rarr; <strong>1102</strong><br />(+22 for winning)\n",
  "uploadtime": 1776099423,
  "views": 14,
  "formatid": "gen9championsvgc2026regma",
  "rating": 1000,
  "private": 0,
  "password": null
}