{
  "id": "gen9championsvgc2026regma-2586121183",
  "format": "[Gen 9 Champions] VGC 2026 Reg M-A",
  "players": [
    "roykeenkennedy",
    "Sethwell"
  ],
  "log": "|j|\u2606roykeenkennedy\n|j|\u2606Sethwell\n|t:|1776401530\n|gametype|doubles\n|player|p1|roykeenkennedy|1|1606\n|player|p2|Sethwell|blue|1644\n|gen|9\n|tier|[Gen 9 Champions] VGC 2026 Reg M-A\n|rated|\n|rule|Species Clause: Limit one of each Pok\u00e9mon\n|rule|Item Clause: Limit 1 of each item\n|clearpoke\n|poke|p1|Sableye, L50, M|\n|poke|p1|Sinistcha, L50|\n|poke|p1|Archaludon, L50, F|\n|poke|p1|Basculegion, L50, M|\n|poke|p1|Aerodactyl, L50, F|\n|poke|p1|Sneasler, L50, F|\n|poke|p2|Blastoise, L50, F|\n|poke|p2|Whimsicott, L50, M|\n|poke|p2|Incineroar, L50, M|\n|poke|p2|Sneasler, L50, M|\n|poke|p2|Kingambit, L50, F|\n|poke|p2|Sinistcha, L50|\n|teampreview|4\n|inactive|Battle timer is ON: inactive players will automatically lose when time's up. (requested by Sethwell)\n|inactive|Sethwell has 60 seconds left.\n|\n|t:|1776401579\n|teamsize|p1|4\n|teamsize|p2|4\n|start\n|switch|p1a: Sableye|Sableye, L50, M|100/100\n|switch|p1b: Archaludon|Archaludon, L50, F|100/100\n|switch|p2a: Sinistcha|Sinistcha, L50|100/100\n|switch|p2b: Incineroar|Incineroar, L50, M|100/100\n|-ability|p2b: Incineroar|Intimidate|boost\n|-unboost|p1a: Sableye|atk|1\n|-unboost|p1b: Archaludon|atk|1\n|turn|1\n|\n|t:|1776401596\n|move|p2a: Sinistcha|Protect|p2a: Sinistcha\n|-singleturn|p2a: Sinistcha|Protect\n|move|p1a: Sableye|Rain Dance|p1a: Sableye\n|-weather|RainDance\n|move|p1b: Archaludon|Electro Shot||[still]\n|-prepare|p1b: Archaludon|Electro Shot\n|-boost|p1b: Archaludon|spa|1\n|-anim|p1b: Archaludon|Electro Shot|p2b: Incineroar\n|-damage|p2b: Incineroar|36/100\n|move|p2b: Incineroar|Parting Shot|p1b: Archaludon\n|-unboost|p1b: Archaludon|atk|1\n|-unboost|p1b: Archaludon|spa|1\n|\n|t:|1776401608\n|switch|p2b: Blastoise|Blastoise, L50, F|100/100|[from] Parting Shot\n|\n|-weather|RainDance|[upkeep]\n|upkeep\n|turn|2\n|\n|t:|1776401615\n|detailschange|p2b: Blastoise|Blastoise-Mega, L50, F\n|-mega|p2b: Blastoise|Blastoise|Blastoisinite\n|move|p2a: Sinistcha|Rage Powder|p2a: Sinistcha\n|-singleturn|p2a: Sinistcha|move: Rage Powder\n|move|p1a: Sableye|Light Screen|p1a: Sableye\n|-sidestart|p1: roykeenkennedy|move: Light Screen\n|move|p2b: Blastoise|Shell Smash|p2b: Blastoise\n|-unboost|p2b: Blastoise|def|1\n|-unboost|p2b: Blastoise|spd|1\n|-boost|p2b: Blastoise|atk|2\n|-boost|p2b: Blastoise|spa|2\n|-boost|p2b: Blastoise|spe|2\n|move|p1b: Archaludon|Snarl|p2a: Sinistcha|[spread] p2a,p2b\n|-supereffective|p2a: Sinistcha|1\n|-damage|p2a: Sinistcha|74/100\n|-damage|p2b: Blastoise|78/100\n|-unboost|p2a: Sinistcha|spa|1\n|-unboost|p2b: Blastoise|spa|1\n|\n|-weather|RainDance|[upkeep]\n|upkeep\n|turn|3\n|\n|t:|1776401638\n|move|p2a: Sinistcha|Rage Powder|p2a: Sinistcha\n|-singleturn|p2a: Sinistcha|move: Rage Powder\n|move|p1a: Sableye|Will-O-Wisp|p2a: Sinistcha\n|-status|p2a: Sinistcha|brn\n|move|p2b: Blastoise|Water Spout|p1b: Archaludon|[spread] p1a,p1b\n|-resisted|p1b: Archaludon|1\n|-damage|p1a: Sableye|13/100\n|-damage|p1b: Archaludon|63/100\n|-ability|p1b: Archaludon|Stamina|boost\n|-boost|p1b: Archaludon|def|1\n|move|p1b: Archaludon|Electro Shot||[still]\n|-prepare|p1b: Archaludon|Electro Shot\n|-boost|p1b: Archaludon|spa|1\n|-anim|p1b: Archaludon|Electro Shot|p2a: Sinistcha\n|-resisted|p2a: Sinistcha|1\n|-damage|p2a: Sinistcha|44/100 brn\n|\n|-weather|RainDance|[upkeep]\n|-damage|p2a: Sinistcha|38/100 brn|[from] brn\n|upkeep\n|turn|4\n|\n|t:|1776401660\n|switch|p1a: Sinistcha|Sinistcha, L50|100/100\n|-heal|p1b: Archaludon|88/100|[from] ability: Hospitality|[of] p1a: Sinistcha\n|move|p2a: Sinistcha|Rage Powder|p2a: Sinistcha\n|-singleturn|p2a: Sinistcha|move: Rage Powder\n|move|p2b: Blastoise|Water Spout|p1a: Sinistcha|[spread] p1a,p1b\n|-resisted|p1a: Sinistcha|1\n|-resisted|p1b: Archaludon|1\n|-damage|p1a: Sinistcha|64/100\n|-damage|p1b: Archaludon|49/100\n|-ability|p1b: Archaludon|Stamina|boost\n|-boost|p1b: Archaludon|def|1\n|-enditem|p1b: Archaludon|Sitrus Berry|[eat]\n|-heal|p1b: Archaludon|74/100|[from] item: Sitrus Berry\n|move|p1b: Archaludon|Snarl|p2b: Blastoise|[spread] p2a\n|-miss|p1b: Archaludon|p2b: Blastoise\n|-supereffective|p2a: Sinistcha|1\n|-damage|p2a: Sinistcha|0 fnt\n|faint|p2a: Sinistcha\n|\n|-weather|RainDance|[upkeep]\n|-heal|p1a: Sinistcha|70/100|[from] item: Leftovers\n|upkeep\n|j| hazima\n|\n|t:|1776401677\n|switch|p2a: Kingambit|Kingambit, L50, F|100/100\n|turn|5\n|\n|t:|1776401699\n|move|p2b: Blastoise|Protect|p2b: Blastoise\n|-singleturn|p2b: Blastoise|Protect\n|move|p1b: Archaludon|Electro Shot||[still]\n|-prepare|p1b: Archaludon|Electro Shot\n|-boost|p1b: Archaludon|spa|1\n|-anim|p1b: Archaludon|Electro Shot|p2b: Blastoise\n|-activate|p2b: Blastoise|move: Protect\n|move|p1a: Sinistcha|Matcha Gotcha|p2a: Kingambit|[spread] p2a\n|-activate|p2b: Blastoise|move: Protect\n|-resisted|p2a: Kingambit|1\n|-damage|p2a: Kingambit|86/100\n|-heal|p1a: Sinistcha|79/100|[from] drain|[of] p2a: Kingambit\n|move|p2a: Kingambit|Kowtow Cleave|p1a: Sinistcha\n|-supereffective|p1a: Sinistcha|1\n|-damage|p1a: Sinistcha|0 fnt\n|faint|p1a: Sinistcha\n|\n|-weather|none\n|upkeep\n|\n|t:|1776401723\n|switch|p1a: Sneasler|Sneasler, L50, F|100/100\n|turn|6\n|inactive|Sethwell has 30 seconds left.\n|\n|t:|1776401751\n|move|p1a: Sneasler|Fake Out|p2b: Blastoise\n|-damage|p2b: Blastoise|57/100\n|move|p2a: Kingambit|Sucker Punch||[still]\n|-fail|p2a: Kingambit\n|cant|p2b: Blastoise|flinch\n|move|p1b: Archaludon|Dragon Pulse|p2b: Blastoise\n|-damage|p2b: Blastoise|0 fnt\n|faint|p2b: Blastoise\n|\n|-sideend|p1: roykeenkennedy|move: Light Screen\n|upkeep\n|\n|t:|1776401756\n|switch|p2b: Incineroar|Incineroar, L50, M|36/100\n|-ability|p2b: Incineroar|Intimidate|boost\n|-unboost|p1a: Sneasler|atk|1\n|-unboost|p1b: Archaludon|atk|1\n|-enditem|p1a: Sneasler|White Herb\n|-clearnegativeboost|p1a: Sneasler|[silent]\n|turn|7\n|-message|Sethwell forfeited.\n|\n|win|roykeenkennedy\n|raw|roykeenkennedy's rating: 1606 &rarr; <strong>1628</strong><br />(+22 for winning)\n|raw|Sethwell's rating: 1644 &rarr; <strong>1622</strong><br />(-22 for losing)\n|l|\u2606Sethwell\n|player|p2|\n|l|\u2606roykeenkennedy\n|player|p1|\n",
  "uploadtime": 1776401831,
  "views": 191,
  "formatid": "gen9championsvgc2026regma",
  "rating": 1622,
  "private": 0,
  "password": null
}