{
  "id": "gen9championsvgc2026regma-2585046733",
  "format": "[Gen 9 Champions] VGC 2026 Reg M-A",
  "players": [
    "Donuttverde12",
    "ShaggyMetagross"
  ],
  "log": "|j|\u2606Donuttverde12\n|j|\u2606ShaggyMetagross\n|t:|1776306452\n|gametype|doubles\n|player|p1|Donuttverde12|acetrainer-gen4dp|1119\n|player|p2|ShaggyMetagross|cyrus|1178\n|gen|9\n|tier|[Gen 9 Champions] VGC 2026 Reg M-A\n|rated|\n|rule|Species Clause: Limit one of each Pok\u00e9mon\n|rule|Item Clause: Limit 1 of each item\n|clearpoke\n|poke|p1|Crabominable, L50, F|\n|poke|p1|Slowking, L50, F|\n|poke|p1|Sinistcha, L50|\n|poke|p1|Aggron, L50, M|\n|poke|p1|Avalugg, L50, M|\n|poke|p1|Kangaskhan, L50, F|\n|poke|p2|Pelipper, L50, M|\n|poke|p2|Basculegion-F, L50, F|\n|poke|p2|Scizor, L50, F|\n|poke|p2|Sinistcha, L50|\n|poke|p2|Sneasler, L50, M|\n|poke|p2|Rhyperior, L50, M|\n|teampreview|4\nDonuttverde12 rejected open team sheets.\n|\n|t:|1776306511\n|teamsize|p1|4\n|teamsize|p2|4\n|start\n|switch|p1a: Slowking|Slowking, L50, F, shiny|100/100\n|switch|p1b: Kangaskhan|Kangaskhan, L50, F|100/100\n|switch|p2a: Pelipper|Pelipper, L50, M, shiny|100/100\n|switch|p2b: Basculegion|Basculegion-F, L50, F|100/100\n|-weather|RainDance|[from] ability: Drizzle|[of] p2a: Pelipper\n|turn|1\n|\n|t:|1776306532\n|move|p1b: Kangaskhan|Fake Out|p2b: Basculegion\n|-damage|p2b: Basculegion|85/100\n|move|p2a: Pelipper|Weather Ball|p1b: Kangaskhan\n|-damage|p1b: Kangaskhan|50/100\n|cant|p2b: Basculegion|flinch\n|move|p1a: Slowking|Trick Room|p1a: Slowking\n|-fieldstart|move: Trick Room|[of] p1a: Slowking\n|\n|-weather|RainDance|[upkeep]\n|upkeep\n|turn|2\n|\n|t:|1776306551\n|move|p2a: Pelipper|Wide Guard|p2a: Pelipper\n|-singleturn|p2a: Pelipper|Wide Guard\n|-prepare|p1a: Slowking|Chilly Reception|[premajor]\n|move|p1a: Slowking|Chilly Reception|p1a: Slowking\n|-weather|Snowscape\n|\n|t:|1776306571\n|switch|p1a: Crabominable|Crabominable, L50, F|100/100|[from] Chilly Reception\n|move|p1b: Kangaskhan|Disable|p2a: Pelipper\n|-start|p2a: Pelipper|Disable|Wide Guard\n|move|p2b: Basculegion|Muddy Water|p1a: Crabominable|[spread] p1a,p1b\n|-damage|p1a: Crabominable|55/100\n|-damage|p1b: Kangaskhan|9/100\n|\n|-weather|Snowscape|[upkeep]\n|upkeep\n|turn|3\n|\n|t:|1776306596\n|switch|p1b: Sinistcha|Sinistcha, L50|100/100\n|-heal|p1a: Crabominable|80/100|[from] ability: Hospitality|[of] p1b: Sinistcha\n|detailschange|p1a: Crabominable|Crabominable-Mega, L50, F\n|-mega|p1a: Crabominable|Crabominable|Crabominite\n|move|p2b: Basculegion|Protect|p2b: Basculegion\n|-singleturn|p2b: Basculegion|Protect\n|move|p1a: Crabominable|Thunder Punch|p2b: Basculegion\n|-activate|p2b: Basculegion|move: Protect\n|move|p2a: Pelipper|Weather Ball|p1b: Sinistcha\n|-supereffective|p1b: Sinistcha|1\n|-damage|p1b: Sinistcha|29/100\n|-enditem|p1b: Sinistcha|Sitrus Berry|[eat]\n|-heal|p1b: Sinistcha|53/100|[from] item: Sitrus Berry\n|\n|-weather|Snowscape|[upkeep]\n|upkeep\n|turn|4\n|\n|t:|1776306620\n|switch|p2b: Rhyperior|Rhyperior, L50, M|100/100\n|move|p1a: Crabominable|Thunder Punch|p2b: Rhyperior\n|-ability|p2b: Rhyperior|Lightning Rod|boost\n|-boost|p2b: Rhyperior|spa|1\n|move|p1b: Sinistcha|Matcha Gotcha|p2b: Rhyperior|[spread] p2a,p2b\n|-supereffective|p2b: Rhyperior|2\n|-enditem|p2b: Rhyperior|Rindo Berry|[eat]\n|-enditem|p2b: Rhyperior|Rindo Berry|[weaken]\n|-damage|p2a: Pelipper|61/100\n|-heal|p1b: Sinistcha|68/100|[from] drain|[of] p2a: Pelipper\n|-damage|p2b: Rhyperior|56/100\n|-heal|p1b: Sinistcha|96/100|[from] drain|[of] p2b: Rhyperior\n|move|p2a: Pelipper|Weather Ball|p1b: Sinistcha\n|-supereffective|p1b: Sinistcha|1\n|-damage|p1b: Sinistcha|31/100\n|\n|-weather|Snowscape|[upkeep]\n|upkeep\n|turn|5\n|\n|t:|1776306651\n|move|p1a: Crabominable|Thunder Punch|p2b: Rhyperior\n|-activate|p2b: Rhyperior|ability: Lightning Rod\n|-ability|p2b: Rhyperior|Lightning Rod|boost\n|-boost|p2b: Rhyperior|spa|1\n|move|p2b: Rhyperior|Hammer Arm|p1a: Crabominable\n|-supereffective|p1a: Crabominable|1\n|-damage|p1a: Crabominable|48/100\n|-unboost|p2b: Rhyperior|spe|1\n|move|p1b: Sinistcha|Matcha Gotcha|p2b: Rhyperior|[spread] p2a,p2b\n|-crit|p2a: Pelipper\n|-supereffective|p2b: Rhyperior|2\n|-damage|p2a: Pelipper|0 fnt\n|-heal|p1b: Sinistcha|54/100|[from] drain|[of] p2a: Pelipper\n|-damage|p2b: Rhyperior|0 fnt\n|-heal|p1b: Sinistcha|89/100|[from] drain|[of] p2b: Rhyperior\n|faint|p2a: Pelipper\n|faint|p2b: Rhyperior\n|\n|-weather|Snowscape|[upkeep]\n|-fieldend|move: Trick Room\n|upkeep\n|\n|t:|1776306672\n|switch|p2a: Sneasler|Sneasler, L50, M|100/100\n|switch|p2b: Basculegion|Basculegion-F, L50, F|85/100\n|turn|6\n|\n|t:|1776306693\n|switch|p1b: Kangaskhan|Kangaskhan, L50, F|9/100\n|move|p1a: Crabominable|Protect|p1a: Crabominable\n|-singleturn|p1a: Crabominable|Protect\n|move|p2a: Sneasler|Fake Out|p1a: Crabominable\n|-activate|p1a: Crabominable|move: Protect\n|move|p2b: Basculegion|Ice Beam|p1b: Kangaskhan\n|-damage|p1b: Kangaskhan|0 fnt\n|faint|p1b: Kangaskhan\n|\n|-weather|none\n|upkeep\n|\n|t:|1776306708\n|switch|p1b: Sinistcha|Sinistcha, L50|89/100\n|-heal|p1a: Crabominable|73/100|[from] ability: Hospitality|[of] p1b: Sinistcha\n|turn|7\n|\n|t:|1776306721\n|move|p2b: Basculegion|Protect|p2b: Basculegion\n|-singleturn|p2b: Basculegion|Protect\n|move|p2a: Sneasler|Close Combat|p1a: Crabominable\n|-supereffective|p1a: Crabominable|1\n|-damage|p1a: Crabominable|0 fnt\n|-unboost|p2a: Sneasler|def|1\n|-unboost|p2a: Sneasler|spd|1\n|faint|p1a: Crabominable\n|-enditem|p2a: Sneasler|White Herb\n|-clearnegativeboost|p2a: Sneasler|[silent]\n|move|p1b: Sinistcha|Matcha Gotcha|p2b: Basculegion|[spread] p2a\n|-activate|p2b: Basculegion|move: Protect\n|-resisted|p2a: Sneasler|1\n|-damage|p2a: Sneasler|83/100\n|-heal|p1b: Sinistcha|97/100|[from] drain|[of] p2a: Sneasler\n|-status|p2a: Sneasler|brn\n|\n|-damage|p2a: Sneasler|78/100 brn|[from] brn\n|upkeep\n|\n|t:|1776306725\n|switch|p1a: Slowking|Slowking, L50, F, shiny|100/100\n|turn|8\n|\n|t:|1776306757\n|move|p1b: Sinistcha|Rage Powder|p1b: Sinistcha\n|-singleturn|p1b: Sinistcha|move: Rage Powder\n|move|p2a: Sneasler|Dire Claw|p1b: Sinistcha\n|-damage|p1b: Sinistcha|80/100\n|-status|p1b: Sinistcha|psn\n|move|p2b: Basculegion|Shadow Ball|p1b: Sinistcha\n|-supereffective|p1b: Sinistcha|1\n|-damage|p1b: Sinistcha|0 fnt\n|faint|p1b: Sinistcha\n|move|p1a: Slowking|Psyshock|p2a: Sneasler\n|-supereffective|p2a: Sneasler|2\n|-damage|p2a: Sneasler|0 fnt\n|faint|p2a: Sneasler\n|\n|upkeep\n|turn|9\n|\n|t:|1776306776\n|move|p2b: Basculegion|Shadow Ball|p1a: Slowking\n|-supereffective|p1a: Slowking|1\n|-damage|p1a: Slowking|39/100\n|move|p1a: Slowking|Psyshock|p2b: Basculegion\n|-damage|p2b: Basculegion|53/100\n|\n|upkeep\n|turn|10\n|\n|t:|1776306784\n|move|p2b: Basculegion|Shadow Ball|p1a: Slowking\n|-supereffective|p1a: Slowking|1\n|-damage|p1a: Slowking|0 fnt\n|faint|p1a: Slowking\n|\n|win|ShaggyMetagross\n|raw|Donuttverde12's rating: 1119 &rarr; <strong>1098</strong><br />(-21 for losing)\n|raw|ShaggyMetagross's rating: 1178 &rarr; <strong>1199</strong><br />(+21 for winning)\n|l|\u2606Donuttverde12\n|player|p1|\n",
  "uploadtime": 1776306794,
  "views": 30,
  "formatid": "gen9championsvgc2026regma",
  "rating": 1098,
  "private": 0,
  "password": null
}