{
  "id": "gen9championsvgc2026regma-2582827071",
  "format": "[Gen 9 Champions] VGC 2026 Reg M-A",
  "players": [
    "Jonyko",
    "treehugger757"
  ],
  "log": "|j|\u2606Jonyko\n|j|\u2606treehugger757\n|t:|1776117120\n|gametype|doubles\n|player|p1|Jonyko|lucas-contest|1000\n|player|p2|treehugger757|169|1000\n|gen|9\n|tier|[Gen 9 Champions] VGC 2026 Reg M-A\n|rated|\n|rule|Species Clause: Limit one of each Pok\u00e9mon\n|rule|Item Clause: Limit 1 of each item\n|clearpoke\n|poke|p1|Charizard, L50, F|\n|poke|p1|Tyranitar, L50, M|\n|poke|p1|Milotic, L50, F|\n|poke|p1|Aegislash, L50, M|\n|poke|p1|Glimmora, L50, M|\n|poke|p1|Hydrapple, L50, M|\n|poke|p2|Whimsicott, L50, M|\n|poke|p2|Politoed, L50, M|\n|poke|p2|Basculegion, L50, M|\n|poke|p2|Dragonite, L50, M|\n|poke|p2|Aegislash, L50, M|\n|poke|p2|Archaludon, L50, M|\n|teampreview|4\n|inactive|Battle timer is ON: inactive players will automatically lose when time's up. (requested by treehugger757)\n|inactive|treehugger757 has 60 seconds left.\n|\n|t:|1776117159\n|teamsize|p1|4\n|teamsize|p2|4\n|start\n|switch|p1a: Charizard|Charizard, L50, F|100/100\n|switch|p1b: Glimmora|Glimmora, L50, M|100/100\n|switch|p2a: Whimsicott|Whimsicott, L50, M|100/100\n|switch|p2b: Dragonite|Dragonite, L50, M|100/100\n|turn|1\n|\n|t:|1776117166\n|detailschange|p1a: Charizard|Charizard-Mega-X, L50, F\n|-mega|p1a: Charizard|Charizard|Charizardite X\n|detailschange|p2b: Dragonite|Dragonite-Mega, L50, M\n|-mega|p2b: Dragonite|Dragonite|Dragoninite\n|move|p2b: Dragonite|Protect|p2b: Dragonite\n|-singleturn|p2b: Dragonite|Protect\n|move|p2a: Whimsicott|Tailwind|p2a: Whimsicott\n|-sidestart|p2: treehugger757|move: Tailwind\n|move|p1a: Charizard|Will-O-Wisp|p2b: Dragonite\n|-activate|p2b: Dragonite|move: Protect\n|move|p1b: Glimmora|Sludge Bomb|p2a: Whimsicott\n|-supereffective|p2a: Whimsicott|2\n|-enditem|p2a: Whimsicott|Focus Sash\n|-damage|p2a: Whimsicott|1/100\n|\n|upkeep\n|turn|2\n|inactive|treehugger757 has 30 seconds left.\n|inactive|treehugger757 has 20 seconds left.\n|\n|t:|1776117205\n|move|p2a: Whimsicott|Encore|p1a: Charizard\n|-start|p1a: Charizard|Encore\n|move|p2b: Dragonite|Thunder|p1b: Glimmora|[miss]\n|-miss|p2b: Dragonite|p1b: Glimmora\n|move|p1a: Charizard|Will-O-Wisp|p2a: Whimsicott\n|-status|p2a: Whimsicott|brn\n|move|p1b: Glimmora|Toxic|p2b: Dragonite\n|-status|p2b: Dragonite|tox\n|\n|-damage|p2b: Dragonite|95/100 tox|[from] psn\n|-damage|p2a: Whimsicott|0 fnt|[from] brn\n|faint|p2a: Whimsicott\n|upkeep\n|\n|t:|1776117209\n|switch|p2a: Politoed|Politoed, L50, M|100/100\n|-weather|RainDance|[from] ability: Drizzle|[of] p2a: Politoed\n|turn|3\n|\n|t:|1776117229\n|switch|p1a: Tyranitar|Tyranitar, L50, M|100/100\n|-weather|Sandstorm|[from] ability: Sand Stream|[of] p1a: Tyranitar\n|move|p2b: Dragonite|Draco Meteor|p1a: Tyranitar\n|-crit|p1a: Tyranitar\n|-damage|p1a: Tyranitar|23/100\n|-unboost|p2b: Dragonite|spa|2\n|move|p2a: Politoed|Weather Ball|p1b: Glimmora\n|-damage|p1b: Glimmora|85/100\n|move|p1b: Glimmora|Sludge Bomb|p2a: Politoed\n|-damage|p2a: Politoed|67/100\n|\n|-weather|Sandstorm|[upkeep]\n|-damage|p2b: Dragonite|89/100 tox|[from] Sandstorm\n|-damage|p2a: Politoed|61/100|[from] Sandstorm\n|-damage|p2b: Dragonite|77/100 tox|[from] psn\n|upkeep\n|turn|4\n|\n|t:|1776117243\n|move|p2b: Dragonite|Draco Meteor|p1a: Tyranitar\n|-damage|p1a: Tyranitar|0 fnt\n|-unboost|p2b: Dragonite|spa|2\n|faint|p1a: Tyranitar\n|move|p2a: Politoed|Earth Power|p1b: Glimmora\n|-supereffective|p1b: Glimmora|2\n|-damage|p1b: Glimmora|28/100\n|move|p1b: Glimmora|Toxic|p2a: Politoed\n|-status|p2a: Politoed|tox\n|\n|-weather|Sandstorm|[upkeep]\n|-damage|p2b: Dragonite|71/100 tox|[from] Sandstorm\n|-damage|p2a: Politoed|55/100 tox|[from] Sandstorm\n|-damage|p2b: Dragonite|53/100 tox|[from] psn\n|-damage|p2a: Politoed|49/100 tox|[from] psn\n|-sideend|p2: treehugger757|move: Tailwind\n|upkeep\n|-enditem|p2a: Politoed|Sitrus Berry|[eat]\n|-heal|p2a: Politoed|74/100 tox|[from] item: Sitrus Berry\n|\n|t:|1776117253\n|switch|p1a: Aegislash|Aegislash, L50, M|100/100\n|turn|5\n|inactive|treehugger757 has 30 seconds left.\n|inactive|Jonyko has 30 seconds left.\n|\n|t:|1776117286\n|switch|p2b: Basculegion|Basculegion, L50, M|100/100\n|move|p1b: Glimmora|Toxic|p2b: Basculegion\n|-status|p2b: Basculegion|tox\n|move|p1a: Aegislash|Substitute|p1a: Aegislash\n|-start|p1a: Aegislash|Substitute\n|-damage|p1a: Aegislash|76/100\n|move|p2a: Politoed|Earth Power|p1b: Glimmora\n|-supereffective|p1b: Glimmora|2\n|-damage|p1b: Glimmora|0 fnt\n|faint|p1b: Glimmora\n|\n|-weather|Sandstorm|[upkeep]\n|-damage|p2b: Basculegion|94/100 tox|[from] Sandstorm\n|-damage|p2a: Politoed|68/100 tox|[from] Sandstorm\n|-heal|p1a: Aegislash|82/100|[from] item: Leftovers\n|-damage|p2b: Basculegion|88/100 tox|[from] psn\n|-damage|p2a: Politoed|55/100 tox|[from] psn\n|upkeep\n|\n|t:|1776117297\n|switch|p1b: Charizard|Charizard-Mega-X, L50, F|100/100\n|turn|6\n|\n|t:|1776117316\n|switch|p2a: Dragonite|Dragonite-Mega, L50, M|53/100 tox\n|move|p1b: Charizard|Protect|p1b: Charizard\n|-singleturn|p1b: Charizard|Protect\n|move|p2b: Basculegion|Wave Crash|p1b: Charizard\n|-activate|p1b: Charizard|move: Protect\n|-formechange|p1a: Aegislash|Aegislash-Blade|\n|move|p1a: Aegislash|Shadow Ball|p2b: Basculegion\n|-supereffective|p2b: Basculegion|1\n|-damage|p2b: Basculegion|0 fnt\n|faint|p2b: Basculegion\n|\n|-weather|Sandstorm|[upkeep]\n|-damage|p2a: Dragonite|47/100 tox|[from] Sandstorm\n|-damage|p1b: Charizard|94/100|[from] Sandstorm\n|-heal|p1a: Aegislash|88/100|[from] item: Leftovers\n|-damage|p2a: Dragonite|41/100 tox|[from] psn\n|upkeep\n|\n|t:|1776117324\n|switch|p2b: Politoed|Politoed, L50, M|55/100 tox\n|-weather|RainDance|[from] ability: Drizzle|[of] p2b: Politoed\n|turn|7\n|\n|t:|1776117339\n|move|p1b: Charizard|Protect||[still]\n|-fail|p1b: Charizard\n|move|p2a: Dragonite|Draco Meteor|p1b: Charizard\n|-supereffective|p1b: Charizard|1\n|-damage|p1b: Charizard|0 fnt\n|-unboost|p2a: Dragonite|spa|2\n|faint|p1b: Charizard\n|move|p1a: Aegislash|Shadow Ball|p2a: Dragonite\n|-damage|p2a: Dragonite|9/100 tox\n|-unboost|p2a: Dragonite|spd|1\n|move|p2b: Politoed|Earth Power|p1a: Aegislash\n|-supereffective|p1a: Aegislash|1\n|-end|p1a: Aegislash|Substitute\n|\n|-weather|RainDance|[upkeep]\n|-heal|p1a: Aegislash|94/100|[from] item: Leftovers\n|-damage|p2a: Dragonite|0 fnt|[from] psn\n|faint|p2a: Dragonite\n|-damage|p2b: Politoed|49/100 tox|[from] psn\n|upkeep\n|turn|8\n|\n|t:|1776117357\n|move|p1a: Aegislash|Substitute|p1a: Aegislash\n|-start|p1a: Aegislash|Substitute\n|-damage|p1a: Aegislash|69/100\n|move|p2b: Politoed|Earth Power|p1a: Aegislash\n|-supereffective|p1a: Aegislash|1\n|-end|p1a: Aegislash|Substitute\n|\n|-weather|RainDance|[upkeep]\n|-heal|p1a: Aegislash|75/100|[from] item: Leftovers\n|-damage|p2b: Politoed|37/100 tox|[from] psn\n|upkeep\n|turn|9\n|\n|t:|1776117360\n|-formechange|p1a: Aegislash|Aegislash|\n|move|p1a: Aegislash|King's Shield|p1a: Aegislash\n|-singleturn|p1a: Aegislash|Protect\n|move|p2b: Politoed|Earth Power|p1a: Aegislash\n|-activate|p1a: Aegislash|move: Protect\n|\n|-weather|RainDance|[upkeep]\n|-heal|p1a: Aegislash|81/100|[from] item: Leftovers\n|-damage|p2b: Politoed|19/100 tox|[from] psn\n|upkeep\n|turn|10\n|\n|t:|1776117363\n|move|p1a: Aegislash|Substitute|p1a: Aegislash\n|-start|p1a: Aegislash|Substitute\n|-damage|p1a: Aegislash|57/100\n|move|p2b: Politoed|Earth Power|p1a: Aegislash\n|-supereffective|p1a: Aegislash|1\n|-end|p1a: Aegislash|Substitute\n|\n|-weather|RainDance|[upkeep]\n|-heal|p1a: Aegislash|63/100|[from] item: Leftovers\n|-damage|p2b: Politoed|0 fnt|[from] psn\n|faint|p2b: Politoed\n|\n|win|Jonyko\n|raw|Jonyko's rating: 1000 &rarr; <strong>1040</strong><br />(+40 for winning)\n|raw|treehugger757's rating: 1000 &rarr; <strong>1000</strong><br />(+0 for losing)\n|l|\u2606treehugger757\n|player|p2|\n",
  "uploadtime": 1776117389,
  "views": 15,
  "formatid": "gen9championsvgc2026regma",
  "rating": 1000,
  "private": 0,
  "password": null
}