{
  "id": "gen9championsvgc2026regma-2586993938",
  "format": "[Gen 9 Champions] VGC 2026 Reg M-A",
  "players": [
    "EXSA",
    "sword1211"
  ],
  "log": "|j|\u2606EXSA\n|j|\u2606sword1211\n|t:|1776479223\n|gametype|doubles\n|player|p1|EXSA|266|1096\n|player|p2|sword1211|265|1008\n|gen|9\n|tier|[Gen 9 Champions] VGC 2026 Reg M-A\n|rated|\n|rule|Species Clause: Limit one of each Pok\u00e9mon\n|rule|Item Clause: Limit 1 of each item\n|clearpoke\n|poke|p1|Orthworm, L50, F|\n|poke|p1|Garchomp, L50, F|\n|poke|p1|Tyranitar, L50, F|\n|poke|p1|Sinistcha, L50|\n|poke|p1|Primarina, L50, F|\n|poke|p1|Rotom-Heat, L50|\n|poke|p2|Basculegion, L50, M|\n|poke|p2|Garchomp, L50, M|\n|poke|p2|Pelipper, L50, M|\n|poke|p2|Archaludon, L50, M|\n|poke|p2|Feraligatr, L50, M|\n|poke|p2|Sneasler, L50, M|\n|teampreview|4\n|\n|t:|1776479271\n|teamsize|p1|4\n|teamsize|p2|4\n|start\n|switch|p1a: Garchomp|Garchomp, L50, F|100/100\n|switch|p1b: Tyranitar|Tyranitar, L50, F|100/100\n|switch|p2a: Basculegion|Basculegion, L50, M|100/100\n|switch|p2b: Sneasler|Sneasler, L50, M|100/100\n|-weather|Sandstorm|[from] ability: Sand Stream|[of] p1b: Tyranitar\n|turn|1\n|\n|t:|1776479312\n|switch|p1b: Sinistcha|Sinistcha, L50|100/100\n|move|p1a: Garchomp|Protect|p1a: Garchomp\n|-singleturn|p1a: Garchomp|Protect\n|move|p2b: Sneasler|Fake Out|p1a: Garchomp\n|-activate|p1a: Garchomp|move: Protect\n|move|p2a: Basculegion|Flip Turn|p1a: Garchomp\n|-activate|p1a: Garchomp|move: Protect\n|\n|-weather|Sandstorm|[upkeep]\n|-damage|p2b: Sneasler|94/100|[from] Sandstorm\n|-damage|p2a: Basculegion|94/100|[from] Sandstorm\n|-damage|p1b: Sinistcha|94/100|[from] Sandstorm\n|upkeep\n|turn|2\n|\n|t:|1776479330\n|move|p1b: Sinistcha|Rage Powder|p1b: Sinistcha\n|-singleturn|p1b: Sinistcha|move: Rage Powder\n|move|p2b: Sneasler|Dire Claw|p1b: Sinistcha\n|-damage|p1b: Sinistcha|62/100\n|-status|p1b: Sinistcha|slp\n|move|p1a: Garchomp|Earthquake|p2b: Sneasler|[spread] p1b,p2a,p2b\n|-resisted|p1b: Sinistcha|1\n|-supereffective|p2b: Sneasler|1\n|-damage|p1b: Sinistcha|44/100 slp\n|-damage|p2a: Basculegion|35/100\n|-damage|p2b: Sneasler|0 fnt\n|faint|p2b: Sneasler\n|move|p2a: Basculegion|Flip Turn|p1b: Sinistcha\n|-resisted|p1b: Sinistcha|1\n|-damage|p1b: Sinistcha|23/100 slp\n|\n|t:|1776479340\n|switch|p2a: Pelipper|Pelipper, L50, M|100/100|[from] Flip Turn\n|-weather|RainDance|[from] ability: Drizzle|[of] p2a: Pelipper\n|\n|-weather|RainDance|[upkeep]\n|upkeep\n|\n|t:|1776479344\n|switch|p2b: Feraligatr|Feraligatr, L50, M|100/100\n|turn|3\n|\n|t:|1776479382\n|switch|p1b: Tyranitar|Tyranitar, L50, F|100/100\n|-weather|Sandstorm|[from] ability: Sand Stream|[of] p1b: Tyranitar\n|detailschange|p2b: Feraligatr|Feraligatr-Mega, L50, M\n|-mega|p2b: Feraligatr|Feraligatr|Feraligite\n|move|p1a: Garchomp|Dragon Claw|p2b: Feraligatr\n|-supereffective|p2b: Feraligatr|1\n|-damage|p2b: Feraligatr|41/100\n|move|p2b: Feraligatr|Double-Edge|p1a: Garchomp\n|-supereffective|p1a: Garchomp|1\n|-damage|p1a: Garchomp|0 fnt\n|-damage|p2b: Feraligatr|29/100|[from] ability: Rough Skin|[of] p1a: Garchomp\n|faint|p1a: Garchomp\n|-damage|p2b: Feraligatr|0 fnt|[from] Recoil\n|faint|p2b: Feraligatr\n|move|p2a: Pelipper|Tailwind|p2a: Pelipper\n|-sidestart|p2: sword1211|move: Tailwind\n|\n|-weather|Sandstorm|[upkeep]\n|-damage|p2a: Pelipper|95/100|[from] Sandstorm\n|upkeep\n|\n|t:|1776479400\n|switch|p1a: Rotom|Rotom-Heat, L50|100/100\n|switch|p2b: Basculegion|Basculegion, L50, M|35/100\n|turn|4\n|\n|t:|1776479439\n|switch|p1a: Sinistcha|Sinistcha, L50|23/100 slp\n|detailschange|p1b: Tyranitar|Tyranitar-Mega, L50, F\n|-mega|p1b: Tyranitar|Tyranitar|Tyranitarite\n|move|p2b: Basculegion|Aqua Jet|p1a: Sinistcha\n|-resisted|p1a: Sinistcha|1\n|-damage|p1a: Sinistcha|9/100 slp\n|move|p2a: Pelipper|Muddy Water|p1a: Sinistcha|[spread] p1a,p1b\n|-resisted|p1a: Sinistcha|1\n|-supereffective|p1b: Tyranitar|1\n|-damage|p1a: Sinistcha|0 fnt\n|-damage|p1b: Tyranitar|74/100\n|-unboost|p1b: Tyranitar|accuracy|1\n|faint|p1a: Sinistcha\n|move|p1b: Tyranitar|Crunch|p2b: Basculegion|[miss]\n|-miss|p1b: Tyranitar|p2b: Basculegion\n|\n|-weather|Sandstorm|[upkeep]\n|-damage|p2b: Basculegion|29/100|[from] Sandstorm\n|-damage|p2a: Pelipper|89/100|[from] Sandstorm\n|upkeep\n|\n|t:|1776479450\n|switch|p1a: Rotom|Rotom-Heat, L50|100/100\n|turn|5\n|\n|t:|1776479470\n|move|p2b: Basculegion|Aqua Jet|p1b: Tyranitar\n|-supereffective|p1b: Tyranitar|1\n|-damage|p1b: Tyranitar|28/100\n|move|p2a: Pelipper|Muddy Water|p1a: Rotom|[spread] p1a,p1b\n|-supereffective|p1a: Rotom|1\n|-supereffective|p1b: Tyranitar|1\n|-damage|p1a: Rotom|46/100\n|-damage|p1b: Tyranitar|1/100\n|-unboost|p1a: Rotom|accuracy|1\n|-unboost|p1b: Tyranitar|accuracy|1\n|move|p1a: Rotom|Thunderbolt|p2a: Pelipper\n|-supereffective|p2a: Pelipper|2\n|-damage|p2a: Pelipper|0 fnt\n|faint|p2a: Pelipper\n|move|p1b: Tyranitar|Crunch|p2b: Basculegion\n|-supereffective|p2b: Basculegion|1\n|-damage|p2b: Basculegion|0 fnt\n|faint|p2b: Basculegion\n|\n|win|EXSA\n|raw|EXSA's rating: 1096 &rarr; <strong>1115</strong><br />(+19 for winning)\n|raw|sword1211's rating: 1008 &rarr; <strong>1000</strong><br />(-8 for losing)\n",
  "uploadtime": 1776479481,
  "views": 12,
  "formatid": "gen9championsvgc2026regma",
  "rating": 1000,
  "private": 0,
  "password": null
}