{
  "id": "gen9championsvgc2026regma-2582461551",
  "format": "[Gen 9 Champions] VGC 2026 Reg M-A",
  "players": [
    "FelipeSamurai",
    "MysticJJustin"
  ],
  "log": "|j|\u2606FelipeSamurai\n|j|\u2606MysticJJustin\n|t:|1776093211\n|gametype|doubles\n|player|p1|FelipeSamurai|buck|1080\n|player|p2|MysticJJustin|veteran|1097\n|gen|9\n|tier|[Gen 9 Champions] VGC 2026 Reg M-A\n|rated|\n|rule|Species Clause: Limit one of each Pok\u00e9mon\n|rule|Item Clause: Limit 1 of each item\n|clearpoke\n|poke|p1|Charizard, L50, M|\n|poke|p1|Venusaur, L50, M|\n|poke|p1|Garchomp, L50, M|\n|poke|p1|Incineroar, L50, M|\n|poke|p1|Gardevoir, L50, F|\n|poke|p1|Milotic, L50, F|\n|poke|p2|Golurk, L50|\n|poke|p2|Sinistcha, L50|\n|poke|p2|Primarina, L50, F|\n|poke|p2|Incineroar, L50, F|\n|poke|p2|Farigiraf, L50, F|\n|poke|p2|Kingambit, L50, F|\n|teampreview|4\n|\n|t:|1776093259\n|teamsize|p1|4\n|teamsize|p2|4\n|start\n|switch|p1a: Incineroar|Incineroar, L50, M|100/100\n|switch|p1b: Milotic|Milotic, L50, F|100/100\n|switch|p2a: Farigiraf|Farigiraf, L50, F|100/100\n|switch|p2b: Primarina|Primarina, L50, F|100/100\n|-ability|p1a: Incineroar|Intimidate|boost\n|-unboost|p2a: Farigiraf|atk|1\n|-unboost|p2b: Primarina|atk|1\n|turn|1\n|\n|t:|1776093280\n|move|p1a: Incineroar|Fake Out||[still]\n|cant|p2a: Farigiraf|ability: Armor Tail|Fake Out|[of] p1a: Incineroar\n|move|p1b: Milotic|Scald|p2a: Farigiraf\n|-damage|p2a: Farigiraf|77/100\n|move|p2b: Primarina|Hyper Voice|p1b: Milotic|[spread] p1a,p1b\n|-supereffective|p1a: Incineroar|1\n|-resisted|p1b: Milotic|1\n|-damage|p1a: Incineroar|16/100\n|-damage|p1b: Milotic|83/100\n|-enditem|p1a: Incineroar|Sitrus Berry|[eat]\n|-heal|p1a: Incineroar|41/100|[from] item: Sitrus Berry\n|move|p2a: Farigiraf|Trick Room|p2a: Farigiraf\n|-fieldstart|move: Trick Room|[of] p2a: Farigiraf\n|\n|-heal|p2a: Farigiraf|83/100|[from] item: Leftovers\n|-heal|p1b: Milotic|89/100|[from] item: Leftovers\n|upkeep\n|turn|2\n|\n|t:|1776093308\n|switch|p2a: Sinistcha|Sinistcha, L50|100/100\n|move|p2b: Primarina|Moonblast|p1a: Incineroar\n|-damage|p1a: Incineroar|0 fnt\n|faint|p1a: Incineroar\n|move|p1b: Milotic|Scald|p2a: Sinistcha\n|-resisted|p2a: Sinistcha|1\n|-damage|p2a: Sinistcha|84/100\n|-status|p2a: Sinistcha|brn\n|\n|-heal|p1b: Milotic|95/100|[from] item: Leftovers\n|-damage|p2a: Sinistcha|77/100 brn|[from] brn\n|upkeep\n|\n|t:|1776093327\n|switch|p1a: Charizard|Charizard, L50, M, shiny|100/100\n|turn|3\n|\n|t:|1776093344\n|detailschange|p1a: Charizard|Charizard-Mega-Y, L50, M, shiny\n|-mega|p1a: Charizard|Charizard|Charizardite Y\n|-weather|SunnyDay|[from] ability: Drought|[of] p1a: Charizard\n|move|p1a: Charizard|Protect|p1a: Charizard\n|-singleturn|p1a: Charizard|Protect\n|move|p2b: Primarina|Hyper Voice|p1a: Charizard|[spread] p1b\n|-activate|p1a: Charizard|move: Protect\n|-resisted|p1b: Milotic|1\n|-damage|p1b: Milotic|87/100\n|move|p2a: Sinistcha|Matcha Gotcha|p1a: Charizard|[spread] p1b\n|-activate|p1a: Charizard|move: Protect\n|-supereffective|p1b: Milotic|1\n|-damage|p1b: Milotic|49/100\n|-heal|p2a: Sinistcha|98/100 brn|[from] drain|[of] p1b: Milotic\n|move|p1b: Milotic|Ice Beam|p2a: Sinistcha\n|-supereffective|p2a: Sinistcha|1\n|-damage|p2a: Sinistcha|46/100 brn\n|-enditem|p2a: Sinistcha|Sitrus Berry|[eat]\n|-heal|p2a: Sinistcha|71/100 brn|[from] item: Sitrus Berry\n|\n|-weather|SunnyDay|[upkeep]\n|-heal|p1b: Milotic|56/100|[from] item: Leftovers\n|-damage|p2a: Sinistcha|65/100 brn|[from] brn\n|upkeep\n|turn|4\n|\n|t:|1776093378\n|move|p2b: Primarina|Moonblast|p1b: Milotic\n|-damage|p1b: Milotic|16/100\n|move|p2a: Sinistcha|Matcha Gotcha|p1a: Charizard|[spread] p1a,p1b\n|-resisted|p1a: Charizard|2\n|-supereffective|p1b: Milotic|1\n|-damage|p1a: Charizard|95/100\n|-heal|p2a: Sinistcha|67/100 brn|[from] drain|[of] p1a: Charizard\n|-damage|p1b: Milotic|0 fnt\n|-heal|p2a: Sinistcha|76/100 brn|[from] drain|[of] p1b: Milotic\n|faint|p1b: Milotic\n|move|p1a: Charizard|Solar Beam||[still]\n|-prepare|p1a: Charizard|Solar Beam\n|-anim|p1a: Charizard|Solar Beam|p2b: Primarina\n|-supereffective|p2b: Primarina|1\n|-damage|p2b: Primarina|15/100\n|\n|-weather|SunnyDay|[upkeep]\n|-damage|p2a: Sinistcha|70/100 brn|[from] brn\n|upkeep\n|\n|t:|1776093397\n|switch|p1b: Garchomp|Garchomp, L50, M|100/100\n|turn|5\n|\n|t:|1776093411\n|move|p2b: Primarina|Dazzling Gleam|p1b: Garchomp|[spread] p1a,p1b\n|-resisted|p1a: Charizard|1\n|-supereffective|p1b: Garchomp|1\n|-damage|p1a: Charizard|80/100\n|-damage|p1b: Garchomp|39/100\n|move|p2a: Sinistcha|Matcha Gotcha|p1b: Garchomp|[spread] p1a,p1b\n|-resisted|p1a: Charizard|2\n|-damage|p1a: Charizard|75/100\n|-heal|p2a: Sinistcha|72/100 brn|[from] drain|[of] p1a: Charizard\n|-damage|p1b: Garchomp|14/100\n|-heal|p2a: Sinistcha|85/100 brn|[from] drain|[of] p1b: Garchomp\n|-status|p1b: Garchomp|brn\n|move|p1b: Garchomp|Earthquake|p2b: Primarina|[spread] p2a,p2b\n|-immune|p1a: Charizard\n|-resisted|p2a: Sinistcha|1\n|-damage|p2a: Sinistcha|77/100 brn\n|-damage|p2b: Primarina|0 fnt\n|faint|p2b: Primarina\n|move|p1a: Charizard|Heat Wave|p2a: Sinistcha\n|-supereffective|p2a: Sinistcha|1\n|-crit|p2a: Sinistcha\n|-damage|p2a: Sinistcha|0 fnt\n|faint|p2a: Sinistcha\n|\n|-weather|SunnyDay|[upkeep]\n|-damage|p1b: Garchomp|8/100 brn|[from] brn\n|-fieldend|move: Trick Room\n|upkeep\n|\n|t:|1776093425\n|switch|p2a: Farigiraf|Farigiraf, L50, F|83/100\n|switch|p2b: Golurk|Golurk, L50|100/100\n|turn|6\n|\n|t:|1776093467\n|detailschange|p2b: Golurk|Golurk-Mega, L50\n|-mega|p2b: Golurk|Golurk|Golurkite\n|move|p1a: Charizard|Solar Beam||[still]\n|-prepare|p1a: Charizard|Solar Beam\n|-anim|p1a: Charizard|Solar Beam|p2b: Golurk\n|-supereffective|p2b: Golurk|1\n|-damage|p2b: Golurk|15/100\n|move|p1b: Garchomp|Earthquake|p2a: Farigiraf|[spread] p2a,p2b\n|-immune|p1a: Charizard\n|-damage|p2a: Farigiraf|60/100\n|-damage|p2b: Golurk|0 fnt\n|faint|p2b: Golurk\n|move|p2a: Farigiraf|Psychic Noise|p1a: Charizard\n|-damage|p1a: Charizard|47/100\n|-start|p1a: Charizard|move: Heal Block\n|\n|-weather|SunnyDay|[upkeep]\n|-heal|p2a: Farigiraf|66/100|[from] item: Leftovers\n|-damage|p1b: Garchomp|2/100 brn|[from] brn\n|upkeep\n|turn|7\n|\n|t:|1776093497\n|move|p1a: Charizard|Weather Ball|p2a: Farigiraf\n|-damage|p2a: Farigiraf|0 fnt\n|faint|p2a: Farigiraf\n|\n|win|FelipeSamurai\n|raw|FelipeSamurai's rating: 1080 &rarr; <strong>1109</strong><br />(+29 for winning)\n|raw|MysticJJustin's rating: 1097 &rarr; <strong>1071</strong><br />(-26 for losing)\n|l|\u2606MysticJJustin\n|player|p2|\n",
  "uploadtime": 1776093507,
  "views": 11,
  "formatid": "gen9championsvgc2026regma",
  "rating": 1071,
  "private": 0,
  "password": null
}