{
  "id": "gen9championsvgc2026regma-2584084200",
  "format": "[Gen 9 Champions] VGC 2026 Reg M-A",
  "players": [
    "tonybravais",
    "chungisamungus"
  ],
  "log": "|j|\u2606tonybravais\n|j|\u2606chungisamungus\n|t:|1776223476\n|gametype|doubles\n|player|p1|tonybravais|byron|1040\n|player|p2|chungisamungus|169|1039\n|gen|9\n|tier|[Gen 9 Champions] VGC 2026 Reg M-A\n|rated|\n|rule|Species Clause: Limit one of each Pok\u00e9mon\n|rule|Item Clause: Limit 1 of each item\n|clearpoke\n|poke|p1|Trevenant, L50, M|\n|poke|p1|Torkoal, L50, M|\n|poke|p1|Slowking-Galar, L50, F|\n|poke|p1|Glaceon, L50, F|\n|poke|p1|Golurk, L50|\n|poke|p1|Empoleon, L50, F|\n|poke|p2|Gengar, L50, M|\n|poke|p2|Sneasler, L50, M|\n|poke|p2|Whimsicott, L50, M|\n|poke|p2|Incineroar, L50, M|\n|poke|p2|Farigiraf, L50, M|\n|poke|p2|Politoed, L50, M|\n|teampreview|4\n|\n|t:|1776223501\n|teamsize|p1|4\n|teamsize|p2|4\n|start\n|switch|p1a: Trevenant|Trevenant, L50, M|100/100\n|switch|p1b: Empoleon|Empoleon, L50, F|100/100\n|switch|p2a: Gengar|Gengar, L50, M, shiny|100/100\n|switch|p2b: Whimsicott|Whimsicott, L50, M, shiny|100/100\n|turn|1\n|\n|t:|1776223526\n|detailschange|p2a: Gengar|Gengar-Mega, L50, M, shiny\n|-mega|p2a: Gengar|Gengar|Gengarite\n|move|p2a: Gengar|Shadow Ball|p1a: Trevenant\n|-supereffective|p1a: Trevenant|1\n|-damage|p1a: Trevenant|0 fnt\n|faint|p1a: Trevenant\n|move|p2b: Whimsicott|Moonblast|p1b: Empoleon\n|-resisted|p1b: Empoleon|1\n|-damage|p1b: Empoleon|82/100\n|move|p1b: Empoleon|Steel Beam|p2b: Whimsicott\n|-supereffective|p2b: Whimsicott|1\n|-enditem|p2b: Whimsicott|Focus Sash\n|-damage|p2b: Whimsicott|1/100\n|-damage|p1b: Empoleon|32/100|[from] steelbeam\n|\n|upkeep\n|\n|t:|1776223543\n|switch|p1a: Torkoal|Torkoal, L50, M|100/100\n|-weather|SunnyDay|[from] ability: Drought|[of] p1a: Torkoal\n|turn|2\n|\n|t:|1776223583\n|move|p2b: Whimsicott|Protect|p2b: Whimsicott\n|-singleturn|p2b: Whimsicott|Protect\n|move|p1b: Empoleon|Protect|p1b: Empoleon\n|-singleturn|p1b: Empoleon|Protect\n|move|p2a: Gengar|Shadow Ball|p1b: Empoleon\n|-activate|p1b: Empoleon|move: Protect\n|move|p1a: Torkoal|Heat Wave|p2a: Gengar|[spread] p2a\n|-activate|p2b: Whimsicott|move: Protect\n|-damage|p2a: Gengar|30/100\n|\n|-weather|SunnyDay|[upkeep]\n|upkeep\n|turn|3\n|\n|t:|1776223607\n|move|p2b: Whimsicott|Encore|p1b: Empoleon\n|-start|p1b: Empoleon|Encore\n|move|p1b: Empoleon|Protect|p1b: Empoleon\n|-singleturn|p1b: Empoleon|Protect\n|move|p2a: Gengar|Sludge Bomb|p1a: Torkoal\n|-damage|p1a: Torkoal|29/100\n|move|p1a: Torkoal|Heat Wave|p2b: Whimsicott|[spread] p2a,p2b\n|-supereffective|p2b: Whimsicott|1\n|-damage|p2a: Gengar|0 fnt\n|-damage|p2b: Whimsicott|0 fnt\n|faint|p2a: Gengar\n|faint|p2b: Whimsicott\n|\n|-weather|SunnyDay|[upkeep]\n|upkeep\n|\n|t:|1776223609\n|switch|p2a: Farigiraf|Farigiraf, L50, M, shiny|100/100\n|switch|p2b: Sneasler|Sneasler, L50, M, shiny|100/100\n|turn|4\n|\n|t:|1776223629\n|switch|p1b: Golurk|Golurk, L50|100/100\n|move|p1a: Torkoal|Protect|p1a: Torkoal\n|-singleturn|p1a: Torkoal|Protect\n|move|p2b: Sneasler|Dire Claw|p1a: Torkoal\n|-activate|p1a: Torkoal|move: Protect\n|move|p2a: Farigiraf|Dazzling Gleam|p1b: Golurk|[spread] p1b\n|-activate|p1a: Torkoal|move: Protect\n|-damage|p1b: Golurk|84/100\n|\n|-weather|SunnyDay|[upkeep]\n|upkeep\n|turn|5\n|\n|t:|1776223666\n|detailschange|p1b: Golurk|Golurk-Mega, L50\n|-mega|p1b: Golurk|Golurk|Golurkite\n|move|p2b: Sneasler|Dire Claw|p1a: Torkoal\n|-damage|p1a: Torkoal|0 fnt\n|faint|p1a: Torkoal\n|move|p1b: Golurk|Drain Punch|p2a: Farigiraf\n|-damage|p2a: Farigiraf|73/100\n|-heal|p1b: Golurk|99/100|[from] drain|[of] p2a: Farigiraf\n|move|p2a: Farigiraf|Psychic|p1b: Golurk\n|-damage|p1b: Golurk|70/100\n|\n|-weather|SunnyDay|[upkeep]\n|-heal|p2a: Farigiraf|80/100|[from] item: Leftovers\n|upkeep\n|\n|t:|1776223681\n|switch|p1a: Empoleon|Empoleon, L50, F|32/100\n|turn|6\n|\n|t:|1776223694\n|move|p1a: Empoleon|Protect|p1a: Empoleon\n|-singleturn|p1a: Empoleon|Protect\n|move|p2b: Sneasler|Close Combat|p1a: Empoleon\n|-activate|p1a: Empoleon|move: Protect\n|move|p1b: Golurk|Headlong Rush|p2b: Sneasler\n|-supereffective|p2b: Sneasler|1\n|-damage|p2b: Sneasler|0 fnt\n|-unboost|p1b: Golurk|def|1\n|-unboost|p1b: Golurk|spd|1\n|faint|p2b: Sneasler\n|move|p2a: Farigiraf|Psychic|p1b: Golurk\n|-damage|p1b: Golurk|24/100\n|\n|-weather|none\n|-heal|p2a: Farigiraf|86/100|[from] item: Leftovers\n|upkeep\n|turn|7\n|\n|t:|1776223730\n|move|p1a: Empoleon|Steel Beam|p2a: Farigiraf\n|-damage|p2a: Farigiraf|11/100\n|-damage|p1a: Empoleon|0 fnt|[from] steelbeam\n|faint|p1a: Empoleon\n|move|p1b: Golurk|Headlong Rush|p2a: Farigiraf\n|-damage|p2a: Farigiraf|0 fnt\n|-unboost|p1b: Golurk|def|1\n|-unboost|p1b: Golurk|spd|1\n|faint|p2a: Farigiraf\n|\n|win|tonybravais\n|raw|tonybravais's rating: 1040 &rarr; <strong>1074</strong><br />(+34 for winning)\n|raw|chungisamungus's rating: 1039 &rarr; <strong>1023</strong><br />(-16 for losing)\n|l|\u2606chungisamungus\n|player|p2|\n",
  "uploadtime": 1776223741,
  "views": 32,
  "formatid": "gen9championsvgc2026regma",
  "rating": 1023,
  "private": 0,
  "password": null
}