{
  "id": "gen9championsvgc2026regma-2581168088",
  "format": "[Gen 9 Champions] VGC 2026 Reg M-A",
  "players": [
    "OTC Ghost",
    "lolgz"
  ],
  "log": "|j|\u2606OTC Ghost\n|j|\u2606lolgz\n|t:|1775966526\n|gametype|doubles\n|player|p1|OTC Ghost|rye|\n|player|p2|lolgz|170|\n|gen|9\n|tier|[Gen 9 Champions] VGC 2026 Reg M-A\n|rated|Tournament battle\n|rule|Species Clause: Limit one of each Pok\u00e9mon\n|rule|Item Clause: Limit 1 of each item\n|clearpoke\n|poke|p1|Tyranitar, L50, F|\n|poke|p1|Excadrill, L50, F|\n|poke|p1|Sinistcha, L50|\n|poke|p1|Floette-Eternal, L50, F|\n|poke|p1|Rotom-Heat, L50|\n|poke|p1|Corviknight, L50, M|\n|poke|p2|Charizard, L50, M|\n|poke|p2|Whimsicott, L50, M|\n|poke|p2|Basculegion, L50, M|\n|poke|p2|Farigiraf, L50, M|\n|poke|p2|Sneasler, L50, M|\n|poke|p2|Floette-Eternal, L50, F|\n|teampreview|4\nOTC Ghost rejected open team sheets.\n|\n|t:|1775966572\n|teamsize|p1|4\n|teamsize|p2|4\n|start\n|switch|p1a: Corviknight|Corviknight, L50, M|100/100\n|switch|p1b: Sinistcha|Sinistcha, L50|100/100\n|switch|p2a: Sneasler|Sneasler, L50, M|100/100\n|switch|p2b: Basculegion|Basculegion, L50, M|100/100\n|turn|1\n|inactive|Battle timer is ON: inactive players will automatically lose when time's up. (requested by OTC Ghost)\n|\n|t:|1775966593\n|move|p2a: Sneasler|Fake Out|p1a: Corviknight\n|-resisted|p1a: Corviknight|1\n|-damage|p1a: Corviknight|96/100\n|move|p2b: Basculegion|Wave Crash|p1a: Corviknight\n|-damage|p1a: Corviknight|50/100\n|-damage|p2b: Basculegion|85/100|[from] Recoil\n|move|p1b: Sinistcha|Matcha Gotcha|p2a: Sneasler|[spread] p2a\n|-miss|p1b: Sinistcha|p2b: Basculegion\n|-resisted|p2a: Sneasler|1\n|-damage|p2a: Sneasler|83/100\n|cant|p1a: Corviknight|flinch\n|\n|upkeep\n|turn|2\n|\n|t:|1775966610\n|switch|p2b: Charizard|Charizard, L50, M|100/100\n|move|p1a: Corviknight|Protect|p1a: Corviknight\n|-singleturn|p1a: Corviknight|Protect\n|move|p2a: Sneasler|Close Combat|p1a: Corviknight\n|-activate|p1a: Corviknight|move: Protect\n|move|p1b: Sinistcha|Matcha Gotcha|p2a: Sneasler|[spread] p2a,p2b\n|-resisted|p2a: Sneasler|1\n|-resisted|p2b: Charizard|2\n|-damage|p2a: Sneasler|66/100\n|-damage|p2b: Charizard|93/100\n|\n|upkeep\n|turn|3\n|\n|t:|1775966633\n|switch|p1a: Tyranitar|Tyranitar, L50, F|100/100\n|-weather|Sandstorm|[from] ability: Sand Stream|[of] p1a: Tyranitar\n|move|p1b: Sinistcha|Protect|p1b: Sinistcha\n|-singleturn|p1b: Sinistcha|Protect\n|move|p2a: Sneasler|Throat Chop|p1b: Sinistcha\n|-activate|p1b: Sinistcha|move: Protect\n|move|p2b: Charizard|Heat Wave|p1a: Tyranitar|[spread] p1a\n|-activate|p1b: Sinistcha|move: Protect\n|-resisted|p1a: Tyranitar|1\n|-damage|p1a: Tyranitar|89/100\n|\n|-weather|Sandstorm|[upkeep]\n|-damage|p2a: Sneasler|60/100|[from] Sandstorm\n|-damage|p2b: Charizard|87/100|[from] Sandstorm\n|-damage|p1b: Sinistcha|94/100|[from] Sandstorm\n|upkeep\n|turn|4\n|\n|t:|1775966657\n|detailschange|p1a: Tyranitar|Tyranitar-Mega, L50, F\n|-mega|p1a: Tyranitar|Tyranitar|Tyranitarite\n|move|p2b: Charizard|Protect|p2b: Charizard\n|-singleturn|p2b: Charizard|Protect\n|move|p1a: Tyranitar|Protect|p1a: Tyranitar\n|-singleturn|p1a: Tyranitar|Protect\n|move|p2a: Sneasler|Close Combat|p1a: Tyranitar\n|-activate|p1a: Tyranitar|move: Protect\n|move|p1b: Sinistcha|Trick Room|p1b: Sinistcha\n|-fieldstart|move: Trick Room|[of] p1b: Sinistcha\n|\n|-weather|Sandstorm|[upkeep]\n|-damage|p1b: Sinistcha|88/100|[from] Sandstorm\n|-damage|p2b: Charizard|81/100|[from] Sandstorm\n|-damage|p2a: Sneasler|55/100|[from] Sandstorm\n|upkeep\n|turn|5\n|\n|t:|1775966669\n|switch|p2b: Whimsicott|Whimsicott, L50, M|100/100\n|move|p1b: Sinistcha|Matcha Gotcha|p2a: Sneasler|[spread] p2a,p2b\n|-resisted|p2a: Sneasler|1\n|-resisted|p2b: Whimsicott|1\n|-damage|p2a: Sneasler|38/100\n|-heal|p1b: Sinistcha|95/100|[from] drain|[of] p2a: Sneasler\n|-damage|p2b: Whimsicott|81/100\n|-heal|p1b: Sinistcha|100/100|[from] drain|[of] p2b: Whimsicott\n|move|p1a: Tyranitar|Rock Slide|p2a: Sneasler|[spread] p2a,p2b\n|-resisted|p2a: Sneasler|1\n|-damage|p2a: Sneasler|4/100\n|-damage|p2b: Whimsicott|24/100\n|move|p2a: Sneasler|Close Combat|p1a: Tyranitar\n|-supereffective|p1a: Tyranitar|2\n|-damage|p1a: Tyranitar|0 fnt\n|-unboost|p2a: Sneasler|def|1\n|-unboost|p2a: Sneasler|spd|1\n|faint|p1a: Tyranitar\n|-enditem|p2a: Sneasler|White Herb\n|-clearnegativeboost|p2a: Sneasler|[silent]\n|\n|-weather|Sandstorm|[upkeep]\n|-damage|p1b: Sinistcha|94/100|[from] Sandstorm\n|-damage|p2b: Whimsicott|18/100|[from] Sandstorm\n|-damage|p2a: Sneasler|0 fnt|[from] Sandstorm\n|faint|p2a: Sneasler\n|upkeep\n|\n|t:|1775966689\n|switch|p1a: Corviknight|Corviknight, L50, M|50/100\n|switch|p2a: Basculegion|Basculegion, L50, M|85/100\n|turn|6\n|\n|t:|1775966706\n|move|p2b: Whimsicott|Sunny Day|p2b: Whimsicott\n|-weather|SunnyDay\n|move|p1a: Corviknight|Brave Bird|p2a: Basculegion\n|-damage|p2a: Basculegion|36/100\n|-damage|p1a: Corviknight|35/100|[from] Recoil\n|move|p1b: Sinistcha|Matcha Gotcha|p2b: Whimsicott|[spread] p2a,p2b\n|-supereffective|p2a: Basculegion|1\n|-resisted|p2b: Whimsicott|1\n|-damage|p2a: Basculegion|0 fnt\n|-heal|p1b: Sinistcha|100/100|[from] drain|[of] p2a: Basculegion\n|-damage|p2b: Whimsicott|0 fnt\n|faint|p2a: Basculegion\n|faint|p2b: Whimsicott\n|\n|-weather|SunnyDay|[upkeep]\n|upkeep\n|\n|t:|1775966715\n|switch|p2b: Charizard|Charizard, L50, M|81/100\n|turn|7\n|\n|t:|1775966724\n|detailschange|p2b: Charizard|Charizard-Mega-Y, L50, M\n|-mega|p2b: Charizard|Charizard|Charizardite Y\n|move|p1a: Corviknight|Brave Bird|p2b: Charizard\n|-damage|p2b: Charizard|30/100\n|-damage|p1a: Corviknight|22/100|[from] Recoil\n|move|p1b: Sinistcha|Matcha Gotcha|p2b: Charizard\n|-resisted|p2b: Charizard|2\n|-damage|p2b: Charizard|22/100\n|move|p2b: Charizard|Heat Wave|p1a: Corviknight|[spread] p1a,p1b\n|-supereffective|p1a: Corviknight|1\n|-enditem|p1a: Corviknight|Occa Berry|[eat]\n|-enditem|p1a: Corviknight|Occa Berry|[weaken]\n|-supereffective|p1b: Sinistcha|1\n|-damage|p1a: Corviknight|0 fnt\n|-damage|p1b: Sinistcha|0 fnt\n|faint|p1a: Corviknight\n|faint|p1b: Sinistcha\n|\n|-weather|SunnyDay|[upkeep]\n|upkeep\n|\n|t:|1775966731\n|switch|p1b: Excadrill|Excadrill, L50, F|100/100\n|turn|8\n|\n|t:|1775966740\n|move|p2b: Charizard|Protect|p2b: Charizard\n|-singleturn|p2b: Charizard|Protect\n|move|p1b: Excadrill|Iron Head|p2b: Charizard\n|-activate|p2b: Charizard|move: Protect\n|\n|-weather|SunnyDay|[upkeep]\n|-fieldend|move: Trick Room\n|upkeep\n|turn|9\n|\n|t:|1775966745\n|move|p2b: Charizard|Weather Ball|p1b: Excadrill\n|-supereffective|p1b: Excadrill|1\n|-enditem|p1b: Excadrill|Focus Sash\n|-damage|p1b: Excadrill|1/100\n|move|p1b: Excadrill|Iron Head|p2b: Charizard\n|-resisted|p2b: Charizard|1\n|-damage|p2b: Charizard|0 fnt\n|faint|p2b: Charizard\n|\n|win|OTC Ghost\n|n|\u2606OTC Ghost|otcghost\n|n|\u2606lolgz|lolgz\n",
  "uploadtime": 1775966745,
  "views": 9,
  "formatid": "gen9championsvgc2026regma",
  "rating": null,
  "private": 0,
  "password": null
}