{
  "id": "gen9championsvgc2026regma-2588848885",
  "format": "[Gen 9 Champions] VGC 2026 Reg M-A",
  "players": [
    "Reallyreallybadboy",
    "Murphy's kitchen"
  ],
  "log": "|j|\u2606Reallyreallybadboy\n|j|\u2606Murphy's kitchen\n|t:|1776678240\n|gametype|doubles\n|player|p1|Reallyreallybadboy|265|1360\n|player|p2|Murphy's kitchen|265|1414\n|gen|9\n|tier|[Gen 9 Champions] VGC 2026 Reg M-A\n|rated|\n|rule|Species Clause: Limit one of each Pok\u00e9mon\n|rule|Item Clause: Limit 1 of each item\n|clearpoke\n|poke|p1|Milotic, L50, M|\n|poke|p1|Incineroar, L50, F|\n|poke|p1|Charizard, L50, F|\n|poke|p1|Sneasler, L50, M|\n|poke|p1|Garchomp, L50, M|\n|poke|p1|Venusaur, L50, F|\n|poke|p2|Aerodactyl, L50, F|\n|poke|p2|Dragapult, L50, M|\n|poke|p2|Kingambit, L50, M|\n|poke|p2|Primarina, L50, M|\n|poke|p2|Scovillain, L50, M|\n|poke|p2|Sneasler, L50, M|\n|teampreview|4\n|inactive|Battle timer is ON: inactive players will automatically lose when time's up. (requested by Reallyreallybadboy)\n|\n|t:|1776678279\n|teamsize|p1|4\n|teamsize|p2|4\n|start\n|switch|p1a: Sneasler|Sneasler, L50, M|100/100\n|switch|p1b: Garchomp|Garchomp, L50, M|100/100\n|switch|p2a: Sneasler|Sneasler, L50, M|100/100\n|switch|p2b: Aerodactyl|Aerodactyl, L50, F|100/100\n|-ability|p2b: Aerodactyl|Unnerve\n|turn|1\n|\n|t:|1776678297\n|move|p2a: Sneasler|Fake Out|p1b: Garchomp\n|-damage|p1b: Garchomp|88/100\n|-damage|p2a: Sneasler|88/100|[from] ability: Rough Skin|[of] p1b: Garchomp\n|move|p1a: Sneasler|Fake Out|p2b: Aerodactyl\n|-resisted|p2b: Aerodactyl|1\n|-damage|p2b: Aerodactyl|90/100\n|cant|p2b: Aerodactyl|flinch\n|cant|p1b: Garchomp|flinch\n|\n|upkeep\n|turn|2\n|inactive|Murphy's kitchen has 30 seconds left.\n|inactive|Reallyreallybadboy has 30 seconds left.\n|inactive|Murphy's kitchen has 20 seconds left.\n|inactive|Murphy's kitchen has 15 seconds left.\n|inactive|Murphy's kitchen has 10 seconds left.\n|\n|t:|1776678344\n|move|p1a: Sneasler|Protect|p1a: Sneasler\n|-singleturn|p1a: Sneasler|Protect\n|move|p2b: Aerodactyl|Dual Wingbeat|p1a: Sneasler\n|-activate|p1a: Sneasler|move: Protect\n|move|p2a: Sneasler|Close Combat|p1a: Sneasler\n|-activate|p1a: Sneasler|move: Protect\n|move|p1b: Garchomp|Earthquake|p2a: Sneasler|[spread] p2a\n|-activate|p1a: Sneasler|move: Protect\n|-immune|p2b: Aerodactyl\n|-supereffective|p2a: Sneasler|1\n|-damage|p2a: Sneasler|0 fnt\n|faint|p2a: Sneasler\n|\n|upkeep\n|\n|t:|1776678362\n|switch|p2a: Dragapult|Dragapult, L50, M|100/100\n|turn|3\n|\n|t:|1776678374\n|move|p2a: Dragapult|Draco Meteor|p1b: Garchomp|[miss]\n|-miss|p2a: Dragapult|p1b: Garchomp\n|move|p2b: Aerodactyl|Dual Wingbeat|p1a: Sneasler\n|-supereffective|p1a: Sneasler|1\n|-damage|p1a: Sneasler|39/100\n|-supereffective|p1a: Sneasler|1\n|-damage|p1a: Sneasler|0 fnt\n|faint|p1a: Sneasler\n|-hitcount|p1: Sneasler|2\n|move|p1b: Garchomp|Rock Slide|p2b: Aerodactyl|[spread] p2a,p2b\n|-crit|p2a: Dragapult\n|-supereffective|p2b: Aerodactyl|1\n|-damage|p2a: Dragapult|62/100\n|-damage|p2b: Aerodactyl|22/100\n|\n|upkeep\n|\n|t:|1776678388\n|switch|p1a: Charizard|Charizard, L50, F|100/100\n|turn|4\n|\n|t:|1776678397\n|switch|p1b: Venusaur|Venusaur, L50, F|100/100\n|detailschange|p2b: Aerodactyl|Aerodactyl-Mega, L50, F\n|-mega|p2b: Aerodactyl|Aerodactyl|Aerodactylite\n|detailschange|p1a: Charizard|Charizard-Mega-Y, L50, F\n|-mega|p1a: Charizard|Charizard|Charizardite Y\n|-weather|SunnyDay|[from] ability: Drought|[of] p1a: Charizard\n|move|p1a: Charizard|Protect|p1a: Charizard\n|-singleturn|p1a: Charizard|Protect\n|move|p2b: Aerodactyl|Rock Slide|p1a: Charizard|[spread] p1b\n|-activate|p1a: Charizard|move: Protect\n|-damage|p1b: Venusaur|62/100\n|move|p2a: Dragapult|Draco Meteor|p1b: Venusaur\n|-damage|p1b: Venusaur|0 fnt\n|-unboost|p2a: Dragapult|spa|2\n|faint|p1b: Venusaur\n|\n|-weather|SunnyDay|[upkeep]\n|upkeep\n|\n|t:|1776678413\n|switch|p1b: Garchomp|Garchomp, L50, M|88/100\n|turn|5\n|\n|t:|1776678421\n|switch|p2a: Scovillain|Scovillain, L50, M|100/100\n|move|p2b: Aerodactyl|Rock Slide|p1b: Garchomp|[spread] p1a\n|-miss|p2b: Aerodactyl|p1b: Garchomp\n|-supereffective|p1a: Charizard|2\n|-damage|p1a: Charizard|0 fnt\n|faint|p1a: Charizard\n|move|p1b: Garchomp|Rock Slide|p2b: Aerodactyl|[spread] p2a,p2b\n|-supereffective|p2a: Scovillain|1\n|-supereffective|p2b: Aerodactyl|1\n|-damage|p2a: Scovillain|62/100\n|-damage|p2b: Aerodactyl|0 fnt\n|faint|p2b: Aerodactyl\n|\n|-weather|SunnyDay|[upkeep]\n|-ability|p2a: Scovillain|Moody|boost\n|-boost|p2a: Scovillain|spd|2\n|-unboost|p2a: Scovillain|spa|1\n|upkeep\n|\n|t:|1776678438\n|switch|p2b: Dragapult|Dragapult, L50, M|62/100\n|turn|6\n|\n|t:|1776678447\n|move|p2b: Dragapult|Draco Meteor|p1b: Garchomp\n|-supereffective|p1b: Garchomp|1\n|-damage|p1b: Garchomp|0 fnt\n|-unboost|p2b: Dragapult|spa|2\n|faint|p1b: Garchomp\n|\n|win|Murphy's kitchen\n|raw|Reallyreallybadboy's rating: 1360 &rarr; <strong>1343</strong><br />(-17 for losing)\n|raw|Murphy&apos;s kitchen's rating: 1414 &rarr; <strong>1431</strong><br />(+17 for winning)\n",
  "uploadtime": 1776678457,
  "views": 20,
  "formatid": "gen9championsvgc2026regma",
  "rating": 1343,
  "private": 0,
  "password": null
}