{
  "id": "gen9championsvgc2026regma-2583839706",
  "format": "[Gen 9 Champions] VGC 2026 Reg M-A",
  "players": [
    "DaybreakDoll",
    "pics plz"
  ],
  "log": "|j|\u2606DaybreakDoll\n|j|\u2606pics plz\n|t:|1776201761\n|gametype|doubles\n|player|p1|DaybreakDoll|dahlia|1025\n|player|p2|pics plz|265|1000\n|gen|9\n|tier|[Gen 9 Champions] VGC 2026 Reg M-A\n|rated|\n|rule|Species Clause: Limit one of each Pok\u00e9mon\n|rule|Item Clause: Limit 1 of each item\n|clearpoke\n|poke|p1|Alcremie, L50, F|\n|poke|p1|Feraligatr, L50, M|\n|poke|p1|Sinistcha, L50|\n|poke|p1|Farigiraf, L50, F|\n|poke|p1|Aerodactyl, L50, M|\n|poke|p1|Volcarona, L50, M|\n|poke|p2|Raichu, L50, M|\n|poke|p2|Pelipper, L50, F|\n|poke|p2|Meganium, L50, F|\n|poke|p2|Incineroar, L50, F|\n|poke|p2|Garchomp, L50, M|\n|poke|p2|Basculegion, L50, M|\n|teampreview|4\n|inactive|Battle timer is ON: inactive players will automatically lose when time's up. (requested by DaybreakDoll)\n|inactive|pics plz has 60 seconds left.\n|\n|t:|1776201806\n|teamsize|p1|4\n|teamsize|p2|4\n|start\n|switch|p1a: Farigiraf|Farigiraf, L50, F|100/100\n|switch|p1b: Feraligatr|Feraligatr, L50, M|100/100\n|switch|p2a: Raichu|Raichu, L50, M|100/100\n|switch|p2b: Pelipper|Pelipper, L50, F|100/100\n|-weather|RainDance|[from] ability: Drizzle|[of] p2b: Pelipper\n|turn|1\n|inactive|pics plz has 30 seconds left.\n|\n|t:|1776201831\n|detailschange|p1b: Feraligatr|Feraligatr-Mega, L50, M\n|-mega|p1b: Feraligatr|Feraligatr|Feraligite\n|move|p1b: Feraligatr|Protect|p1b: Feraligatr\n|-singleturn|p1b: Feraligatr|Protect\n|move|p2a: Raichu|Thunder|p1a: Farigiraf\n|-damage|p1a: Farigiraf|60/100\n|move|p2b: Pelipper|Hurricane|p1a: Farigiraf\n|-damage|p1a: Farigiraf|19/100\n|move|p1a: Farigiraf|Trick Room|p1a: Farigiraf\n|-fieldstart|move: Trick Room|[of] p1a: Farigiraf\n|\n|-weather|RainDance|[upkeep]\n|upkeep\n|turn|2\n|inactive|pics plz has 30 seconds left.\n|\n|t:|1776201859\n|move|p1a: Farigiraf|Hyper Voice|p2b: Pelipper|[spread] p2a,p2b\n|-damage|p2a: Raichu|59/100\n|-damage|p2b: Pelipper|52/100\n|move|p1b: Feraligatr|Double-Edge|p2a: Raichu\n|-damage|p2a: Raichu|0 fnt\n|faint|p2a: Raichu\n|-damage|p1b: Feraligatr|85/100|[from] Recoil\n|move|p2b: Pelipper|Hurricane|p1a: Farigiraf\n|-damage|p1a: Farigiraf|0 fnt\n|faint|p1a: Farigiraf\n|\n|-weather|RainDance|[upkeep]\n|upkeep\n|\n|t:|1776201874\n|switch|p1a: Alcremie|Alcremie, L50, F|100/100\n|switch|p2a: Meganium|Meganium, L50, F|100/100\n|turn|3\n|\n|t:|1776201899\n|detailschange|p2a: Meganium|Meganium-Mega, L50, F\n|-mega|p2a: Meganium|Meganium|Meganiumite\n|move|p1a: Alcremie|Decorate|p1b: Feraligatr\n|-boost|p1b: Feraligatr|atk|2\n|-boost|p1b: Feraligatr|spa|2\n|move|p1b: Feraligatr|Liquidation|p2a: Meganium\n|-resisted|p2a: Meganium|1\n|-damage|p2a: Meganium|7/100\n|move|p2b: Pelipper|Hurricane|p1b: Feraligatr\n|-damage|p1b: Feraligatr|34/100\n|move|p2a: Meganium|Dazzling Gleam|p1b: Feraligatr|[spread] p1a,p1b\n|-supereffective|p1b: Feraligatr|1\n|-damage|p1a: Alcremie|81/100\n|-damage|p1b: Feraligatr|0 fnt\n|faint|p1b: Feraligatr\n|\n|-weather|RainDance|[upkeep]\n|-heal|p1a: Alcremie|87/100|[from] item: Leftovers\n|upkeep\n|\n|t:|1776201909\n|switch|p1b: Sinistcha|Sinistcha, L50|100/100\n|-heal|p1a: Alcremie|100/100|[from] ability: Hospitality|[of] p1b: Sinistcha\n|turn|4\n|inactive|pics plz has 30 seconds left.\n|\n|t:|1776201936\n|move|p2a: Meganium|Protect|p2a: Meganium\n|-singleturn|p2a: Meganium|Protect\n|move|p1b: Sinistcha|Matcha Gotcha|p2a: Meganium|[spread] p2b\n|-activate|p2a: Meganium|move: Protect\n|-damage|p2b: Pelipper|8/100\n|move|p1a: Alcremie|Dazzling Gleam|p2a: Meganium|[spread] p2b\n|-activate|p2a: Meganium|move: Protect\n|-damage|p2b: Pelipper|0 fnt\n|faint|p2b: Pelipper\n|\n|-weather|RainDance|[upkeep]\n|upkeep\n|\n|t:|1776201951\n|switch|p2b: Basculegion|Basculegion, L50, M|100/100\n|turn|5\n|\n|t:|1776201966\n|move|p1b: Sinistcha|Foul Play|p2b: Basculegion\n|-supereffective|p2b: Basculegion|1\n|-damage|p2b: Basculegion|24/100\n|move|p1a: Alcremie|Dazzling Gleam|p2a: Meganium|[spread] p2a,p2b\n|-damage|p2a: Meganium|0 fnt\n|-damage|p2b: Basculegion|0 fnt\n|faint|p2a: Meganium\n|faint|p2b: Basculegion\n|\n|win|DaybreakDoll\n|raw|DaybreakDoll's rating: 1025 &rarr; <strong>1059</strong><br />(+34 for winning)\n|raw|pics plz's rating: 1000 &rarr; <strong>1000</strong><br />(+0 for losing)\n",
  "uploadtime": 1776201979,
  "views": 18,
  "formatid": "gen9championsvgc2026regma",
  "rating": 1000,
  "private": 0,
  "password": null
}