{
  "id": "gen9championsvgc2026regma-2588724060",
  "format": "[Gen 9 Champions] VGC 2026 Reg M-A",
  "players": [
    "kiepa66",
    "Anditto612"
  ],
  "log": "|j|\u2606kiepa66\n|j|\u2606Anditto612\n|t:|1776662278\n|gametype|doubles\n|player|p1|kiepa66|burgh|1113\n|player|p2|Anditto612|266|1139\n|gen|9\n|tier|[Gen 9 Champions] VGC 2026 Reg M-A\n|rated|\n|rule|Species Clause: Limit one of each Pok\u00e9mon\n|rule|Item Clause: Limit 1 of each item\n|clearpoke\n|poke|p1|Absol, L50, F|\n|poke|p1|Sneasler, L50, F|\n|poke|p1|Whimsicott, L50, M|\n|poke|p1|Tauros-Paldea-Aqua, L50, M|\n|poke|p1|Runerigus, L50, F|\n|poke|p1|Archaludon, L50, M|\n|poke|p2|Typhlosion-Hisui, L50, M|\n|poke|p2|Whimsicott, L50, F|\n|poke|p2|Garchomp, L50, M|\n|poke|p2|Farigiraf, L50, F|\n|poke|p2|Primarina, L50, F|\n|poke|p2|Venusaur, L50, M|\n|teampreview|4\n|inactive|Battle timer is ON: inactive players will automatically lose when time's up. (requested by kiepa66)\nkiepa66 rejected open team sheets.\n|inactive|Anditto612 has 60 seconds left.\n|\n|t:|1776662313\n|teamsize|p1|4\n|teamsize|p2|4\n|start\n|switch|p1a: Absol|Absol, L50, F|100/100\n|switch|p1b: Whimsicott|Whimsicott, L50, M|100/100\n|switch|p2a: Whimsicott|Whimsicott, L50, F|100/100\n|switch|p2b: Igni|Typhlosion-Hisui, L50, M|100/100\n|-item|p1a: Absol|Absolite|[from] ability: Frisk|[of] p2b: Igni\n|-item|p1b: Whimsicott|Focus Sash|[from] ability: Frisk|[of] p2b: Igni\n|turn|1\n|\n|t:|1776662327\n|detailschange|p1a: Absol|Absol-Mega, L50, F\n|-mega|p1a: Absol|Absol|Absolite\n|move|p1b: Whimsicott|Tailwind|p1b: Whimsicott\n|-sidestart|p1: kiepa66|move: Tailwind\n|move|p1a: Absol|Sucker Punch||[still]\n|-fail|p1a: Absol\n|move|p2a: Whimsicott|Tailwind|p2a: Whimsicott\n|-sidestart|p2: Anditto612|move: Tailwind\n|move|p2b: Igni|Will-O-Wisp|p1a: Absol\n|move|p1a: Absol|Will-O-Wisp|p2b: Igni|[from] ability: Magic Bounce\n|-immune|p2b: Igni\n|\n|upkeep\n|turn|2\n|inactive|Anditto612 has 30 seconds left.\n|\n|t:|1776662353\n|switch|p2b: Razor|Venusaur, L50, M|100/100\n|move|p1b: Whimsicott|Encore||[still]\n|-fail|p1b: Whimsicott\n|move|p2a: Whimsicott|Moonblast|p1a: Absol\n|-supereffective|p1a: Absol|1\n|-damage|p1a: Absol|0 fnt\n|faint|p1a: Absol\n|\n|upkeep\n|\n|t:|1776662367\n|switch|p1a: Sneasler|Sneasler, L50, F|100/100\n|turn|3\n|inactive|Anditto612 has 30 seconds left.\n|inactive|kiepa66 has 30 seconds left.\n|inactive|Anditto612 has 20 seconds left.\n|inactive|Anditto612 has 15 seconds left.\n|inactive|Anditto612 has 10 seconds left.\n|\n|t:|1776662416\n|switch|p2a: Garchomp|Garchomp, L50, M|100/100\n|switch|p1b: Archaludon|Archaludon, L50, M|100/100\n|detailschange|p2b: Razor|Venusaur-Mega, L50, M\n|-mega|p2b: Razor|Venusaur|Venusaurite\n|move|p1a: Sneasler|Fake Out|p2a: Garchomp\n|-damage|p2a: Garchomp|86/100\n|move|p2b: Razor|Sleep Powder|p1b: Archaludon\n|-status|p1b: Archaludon|slp|[from] move: Sleep Powder\n|\n|upkeep\n|turn|4\n|inactive|kiepa66 has 30 seconds left.\n|inactive|kiepa66 has 20 seconds left.\n|\n|t:|1776662453\n|switch|p1b: Whimsicott|Whimsicott, L50, M|100/100\n|move|p1a: Sneasler|Close Combat|p2a: Garchomp\n|-damage|p2a: Garchomp|26/100\n|-unboost|p1a: Sneasler|def|1\n|-unboost|p1a: Sneasler|spd|1\n|-enditem|p1a: Sneasler|White Herb\n|-clearnegativeboost|p1a: Sneasler|[silent]\n|move|p2a: Garchomp|Dragon Claw|p1a: Sneasler\n|-damage|p1a: Sneasler|25/100\n|move|p2b: Razor|Leech Seed|p1b: Whimsicott\n|-immune|p1b: Whimsicott\n|\n|-sideend|p1: kiepa66|move: Tailwind\n|-sideend|p2: Anditto612|move: Tailwind\n|upkeep\n|turn|5\n|\n|t:|1776662476\n|switch|p2a: Igni|Typhlosion-Hisui, L50, M|100/100\n|-item|p1b: Whimsicott|Focus Sash|[from] ability: Frisk|[of] p2a: Igni\n|move|p1a: Sneasler|Dire Claw|p2b: Razor\n|-damage|p2b: Razor|67/100\n|move|p1b: Whimsicott|Moonblast|p2a: Igni\n|-resisted|p2a: Igni|1\n|-crit|p2a: Igni\n|-damage|p2a: Igni|72/100\n|-unboost|p2a: Igni|spa|1\n|move|p2b: Razor|Sludge Bomb|p1b: Whimsicott\n|-supereffective|p1b: Whimsicott|2\n|-enditem|p1b: Whimsicott|Focus Sash\n|-damage|p1b: Whimsicott|1/100\n|\n|upkeep\n|turn|6\n|inactive|kiepa66 has 30 seconds left.\n|inactive|kiepa66 has 20 seconds left.\n|inactive|kiepa66 has 15 seconds left.\n|\n|t:|1776662517\n|move|p1b: Whimsicott|Tailwind|p1b: Whimsicott\n|-sidestart|p1: kiepa66|move: Tailwind\n|move|p1a: Sneasler|Dire Claw|p2b: Razor\n|-damage|p2b: Razor|32/100\n|move|p2a: Igni|Eruption|p1b: Whimsicott|[spread] p1a,p1b\n|-crit|p1a: Sneasler\n|-supereffective|p1b: Whimsicott|1\n|-damage|p1a: Sneasler|0 fnt\n|-damage|p1b: Whimsicott|0 fnt\n|faint|p1a: Sneasler\n|faint|p1b: Whimsicott\n|move|p2b: Razor|Leech Seed|p1: Sneasler|[notarget]\n|-fail|p2b: Razor\n|\n|upkeep\n|\n|t:|1776662523\n|switch|p1b: Archaludon|Archaludon, L50, M|100/100 slp\n|turn|7\n|\n|t:|1776662541\n|switch|p2a: Garchomp|Garchomp, L50, M|26/100\n|cant|p1b: Archaludon|slp\n|move|p2b: Razor|Leech Seed|p1b: Archaludon|[miss]\n|-miss|p2b: Razor|p1b: Archaludon\n|\n|upkeep\n|turn|8\n|\n|t:|1776662552\n|cant|p1b: Archaludon|slp\n|move|p2a: Garchomp|Dragon Claw|p1b: Archaludon\n|-damage|p1b: Archaludon|64/100 slp\n|move|p2b: Razor|Leech Seed|p1b: Archaludon|[miss]\n|-miss|p2b: Razor|p1b: Archaludon\n|\n|-heal|p1b: Archaludon|70/100 slp|[from] item: Leftovers\n|upkeep\n|turn|9\n|\n|t:|1776662562\n|-curestatus|p1b: Archaludon|slp|[msg]\n|move|p1b: Archaludon|Dragon Pulse|p2a: Garchomp\n|-supereffective|p2a: Garchomp|1\n|-damage|p2a: Garchomp|0 fnt\n|faint|p2a: Garchomp\n|move|p2b: Razor|Leech Seed|p1b: Archaludon\n|-start|p1b: Archaludon|move: Leech Seed\n|\n|-heal|p1b: Archaludon|76/100|[from] item: Leftovers\n|-damage|p1b: Archaludon|64/100|[from] Leech Seed|[of] p2b: Razor\n|-heal|p2b: Razor|42/100|[silent]\n|-sideend|p1: kiepa66|move: Tailwind\n|upkeep\n|\n|t:|1776662570\n|switch|p2a: Whimsicott|Whimsicott, L50, F|100/100\n|turn|10\n|\n|t:|1776662573\n|move|p2a: Whimsicott|Tailwind|p2a: Whimsicott\n|-sidestart|p2: Anditto612|move: Tailwind\n|move|p2b: Razor|Sleep Powder|p1b: Archaludon\n|-status|p1b: Archaludon|slp|[from] move: Sleep Powder\n|cant|p1b: Archaludon|slp\n|\n|-heal|p1b: Archaludon|70/100 slp|[from] item: Leftovers\n|-damage|p1b: Archaludon|58/100 slp|[from] Leech Seed|[of] p2b: Razor\n|-heal|p2b: Razor|53/100|[silent]\n|upkeep\n|turn|11\n|\n|t:|1776662583\n|move|p2a: Whimsicott|Moonblast|p1b: Archaludon\n|-damage|p1b: Archaludon|0 fnt\n|faint|p1b: Archaludon\n|\n|win|Anditto612\n|raw|kiepa66's rating: 1113 &rarr; <strong>1090</strong><br />(-23 for losing)\n|raw|Anditto612's rating: 1139 &rarr; <strong>1162</strong><br />(+23 for winning)\n|l|\u2606kiepa66\n|player|p1|\n",
  "uploadtime": 1776662591,
  "views": 9,
  "formatid": "gen9championsvgc2026regma",
  "rating": 1090,
  "private": 0,
  "password": null
}