{
  "id": "gen9championsvgc2026regma-2587555422",
  "format": "[Gen 9 Champions] VGC 2026 Reg M-A",
  "players": [
    "zocktropey",
    "stevesaint"
  ],
  "log": "|j|\u2606zocktropey\n|j|\u2606stevesaint\n|t:|1776541910\n|gametype|doubles\n|player|p1|zocktropey|170|1433\n|player|p2|stevesaint|firebreather|1421\n|gen|9\n|tier|[Gen 9 Champions] VGC 2026 Reg M-A\n|rated|\n|rule|Species Clause: Limit one of each Pok\u00e9mon\n|rule|Item Clause: Limit 1 of each item\n|clearpoke\n|poke|p1|Floette-Eternal, L50, F|\n|poke|p1|Incineroar, L50, F|\n|poke|p1|Whimsicott, L50, F|\n|poke|p1|Garchomp, L50, M|\n|poke|p1|Farigiraf, L50, M|\n|poke|p1|Kingambit, L50, F|\n|poke|p2|Incineroar, L50, F, shiny|\n|poke|p2|Milotic, L50, M, shiny|\n|poke|p2|Sneasler, L50, M, shiny|\n|poke|p2|Garchomp, L50, M, shiny|\n|poke|p2|Charizard, L50, M, shiny|\n|poke|p2|Whimsicott, L50, M, shiny|\n|teampreview|4\n|inactive|Battle timer is ON: inactive players will automatically lose when time's up. (requested by stevesaint)\n|inactive|zocktropey has 60 seconds left.\n|\n|t:|1776541967\n|teamsize|p1|4\n|teamsize|p2|4\n|start\n|switch|p1a: Garchomp|Garchomp, L50, M|100/100\n|switch|p1b: Farigiraf|Farigiraf, L50, M|100/100\n|switch|p2a: Whimsicott|Whimsicott, L50, M, shiny|100/100\n|switch|p2b: Charizard|Charizard, L50, M, shiny|100/100\n|turn|1\n|inactive|stevesaint has 30 seconds left.\n|inactive|zocktropey has 30 seconds left.\n|inactive|stevesaint has 20 seconds left.\n|\n|t:|1776542003\n|detailschange|p2b: Charizard|Charizard-Mega-Y, L50, M, shiny\n|-mega|p2b: Charizard|Charizard|Charizardite Y\n|-weather|SunnyDay|[from] ability: Drought|[of] p2b: Charizard\n|move|p1b: Farigiraf|Ally Switch|p1b: Farigiraf\n|swap|p1b: Farigiraf|0|[from] move: Ally Switch\n|move|p2a: Whimsicott|Moonblast|p1a: Farigiraf\n|-damage|p1a: Farigiraf|68/100\n|move|p1b: Garchomp|Swords Dance|p1b: Garchomp\n|-boost|p1b: Garchomp|atk|2\n|move|p2b: Charizard|Heat Wave|p1b: Garchomp|[spread] p1a,p1b\n|-resisted|p1b: Garchomp|1\n|-damage|p1a: Farigiraf|20/100\n|-damage|p1b: Garchomp|69/100\n|-enditem|p1a: Farigiraf|Sitrus Berry|[eat]\n|-heal|p1a: Farigiraf|44/100|[from] item: Sitrus Berry\n|\n|-weather|SunnyDay|[upkeep]\n|upkeep\n|turn|2\n|inactive|zocktropey has 30 seconds left.\n|inactive|stevesaint has 30 seconds left.\n|\n|t:|1776542037\n|move|p1a: Farigiraf|Ally Switch||[still]\n|-fail|p1a: Farigiraf\n|move|p2a: Whimsicott|Encore||[still]\n|cant|p1a: Farigiraf|ability: Armor Tail|Encore|[of] p2a: Whimsicott\n|move|p1b: Garchomp|Rock Slide|p2b: Charizard|[spread] p2a,p2b\n|-supereffective|p2b: Charizard|2\n|-damage|p2a: Whimsicott|49/100\n|-damage|p2b: Charizard|0 fnt\n|faint|p2b: Charizard\n|\n|-weather|SunnyDay|[upkeep]\n|upkeep\n|\n|t:|1776542049\n|switch|p2b: Garchomp|Garchomp, L50, M, shiny|100/100\n|turn|3\n|c|\u2606zocktropey|wait you cant use it twice?\n|c|\u2606stevesaint|i guess not\n|\n|t:|1776542066\n|switch|p1a: Outcineroar|Incineroar, L50, F|100/100\n|-ability|p1a: Outcineroar|Intimidate|boost\n|-unboost|p2a: Whimsicott|atk|1\n|-unboost|p2b: Garchomp|atk|1\n|move|p2b: Garchomp|Dragon Claw|p1a: Outcineroar\n|-damage|p1a: Outcineroar|71/100\n|move|p2a: Whimsicott|Moonblast|p1a: Outcineroar\n|-damage|p1a: Outcineroar|47/100\n|move|p1b: Garchomp|Dragon Claw|p2b: Garchomp\n|-supereffective|p2b: Garchomp|1\n|-crit|p2b: Garchomp\n|-damage|p2b: Garchomp|0 fnt\n|-damage|p1b: Garchomp|57/100|[from] ability: Rough Skin|[of] p2b: Garchomp\n|faint|p2b: Garchomp\n|\n|-weather|SunnyDay|[upkeep]\n|upkeep\n|c|\u2606stevesaint|used to i beleve\n|\n|t:|1776542081\n|switch|p2b: Sneasler|Sneasler, L50, M, shiny|100/100\n|turn|4\n|inactive|zocktropey has 30 seconds left.\n|inactive|stevesaint has 30 seconds left.\n|j| Choklit Milk\n|inactive|zocktropey has 20 seconds left.\n|inactive|zocktropey has 15 seconds left.\n|inactive|zocktropey has 10 seconds left.\n|inactive|stevesaint has 20 seconds left.\n|inactive|zocktropey has 5 seconds left.\n|inactive|stevesaint has 15 seconds left.\n|\n|t:|1776542133\n|switch|p1b: Farigiraf|Farigiraf, L50, M|44/100\n|move|p2b: Sneasler|Night Slash|p1b: Farigiraf\n|-supereffective|p1b: Farigiraf|1\n|-damage|p1b: Farigiraf|0 fnt\n|faint|p1b: Farigiraf\n|move|p2a: Whimsicott|Moonblast|p1a: Outcineroar\n|-damage|p1a: Outcineroar|21/100\n|-unboost|p1a: Outcineroar|spa|1\n|move|p1a: Outcineroar|Flare Blitz|p2a: Whimsicott\n|-supereffective|p2a: Whimsicott|1\n|-damage|p2a: Whimsicott|0 fnt\n|faint|p2a: Whimsicott\n|-damage|p1a: Outcineroar|10/100|[from] Recoil\n|\n|-weather|SunnyDay|[upkeep]\n|upkeep\n|\n|t:|1776542153\n|switch|p1b: Floette|Floette-Eternal, L50, F|100/100\n|turn|5\n|l| Choklit Milk\n|\n|t:|1776542163\n|detailschange|p1b: Floette|Floette-Mega, L50, F\n|-mega|p1b: Floette|Floette|Floettite\n|-ability|p1b: Floette|Fairy Aura\n|move|p1b: Floette|Protect|p1b: Floette\n|-singleturn|p1b: Floette|Protect\n|move|p2b: Sneasler|Dire Claw|p1b: Floette\n|-activate|p1b: Floette|move: Protect\n|move|p1a: Outcineroar|Parting Shot|p2b: Sneasler\n|-unboost|p2b: Sneasler|atk|1\n|-unboost|p2b: Sneasler|spa|1\n|\n|t:|1776542173\n|switch|p1a: Garchomp|Garchomp, L50, M|57/100|[from] Parting Shot\n|-enditem|p2b: Sneasler|White Herb\n|-clearnegativeboost|p2b: Sneasler|[silent]\n|\n|-weather|none\n|upkeep\n|turn|6\n|\n|t:|1776542184\n|move|p2b: Sneasler|Dire Claw|p1b: Floette\n|-supereffective|p1b: Floette|1\n|-damage|p1b: Floette|19/100\n|move|p1a: Garchomp|Stomping Tantrum|p2b: Sneasler\n|-supereffective|p2b: Sneasler|1\n|-damage|p2b: Sneasler|0 fnt\n|faint|p2b: Sneasler\n|\n|win|zocktropey\n|raw|zocktropey's rating: 1433 &rarr; <strong>1452</strong><br />(+19 for winning)\n|raw|stevesaint's rating: 1421 &rarr; <strong>1402</strong><br />(-19 for losing)\n|c|\u2606zocktropey|gg\n|c|\u2606stevesaint|gg'\n|l|\u2606stevesaint\n|player|p2|\n",
  "uploadtime": 1776542195,
  "views": 26,
  "formatid": "gen9championsvgc2026regma",
  "rating": 1402,
  "private": 0,
  "password": null
}