{
  "id": "gen9championsvgc2026regma-2589402776",
  "format": "[Gen 9 Champions] VGC 2026 Reg M-A",
  "players": [
    "mrblackfootball",
    "begings"
  ],
  "log": "|j|\u2606mrblackfootball\n|j|\u2606begings\n|t:|1776720074\n|gametype|doubles\n|player|p1|mrblackfootball|cyrus|1114\n|player|p2|begings|169|1075\n|gen|9\n|tier|[Gen 9 Champions] VGC 2026 Reg M-A\n|rated|\n|rule|Species Clause: Limit one of each Pok\u00e9mon\n|rule|Item Clause: Limit 1 of each item\n|clearpoke\n|poke|p1|Milotic, L50, F|\n|poke|p1|Incineroar, L50, M|\n|poke|p1|Whimsicott, L50, F|\n|poke|p1|Rotom-Wash, L50|\n|poke|p1|Dragapult, L50, M|\n|poke|p1|Crabominable, L50, F|\n|poke|p2|Scovillain, L50, M|\n|poke|p2|Glimmora, L50, M|\n|poke|p2|Aerodactyl, L50, M|\n|poke|p2|Primarina, L50, M|\n|poke|p2|Garchomp, L50, F|\n|poke|p2|Sinistcha, L50|\n|teampreview|4\n|inactive|Battle timer is ON: inactive players will automatically lose when time's up. (requested by mrblackfootball)\nmrblackfootball has agreed to open team sheets.\n|inactive|mrblackfootball has 60 seconds left.\n|\n|t:|1776720112\n|teamsize|p1|4\n|teamsize|p2|4\n|start\n|switch|p1a: Dragapult|Dragapult, L50, M|100/100\n|switch|p1b: Milotic|Milotic, L50, F|100/100\n|switch|p2a: Scovillain|Scovillain, L50, M|100/100\n|switch|p2b: Garchomp|Garchomp, L50, F|100/100\n|turn|1\n|inactive|begings has 30 seconds left.\n|\n|t:|1776720140\n|move|p1a: Dragapult|Protect|p1a: Dragapult\n|-singleturn|p1a: Dragapult|Protect\n|move|p2b: Garchomp|Protect|p2b: Garchomp\n|-singleturn|p2b: Garchomp|Protect\n|move|p1b: Milotic|Icy Wind|p2b: Garchomp|[spread] p2a\n|-activate|p2b: Garchomp|move: Protect\n|-damage|p2a: Scovillain|91/100\n|-unboost|p2a: Scovillain|spe|1\n|move|p2a: Scovillain|Leech Seed|p1b: Milotic\n|-start|p1b: Milotic|move: Leech Seed\n|\n|-damage|p1b: Milotic|88/100|[from] Leech Seed|[of] p2a: Scovillain\n|-heal|p2a: Scovillain|100/100|[silent]\n|-ability|p2a: Scovillain|Moody|boost\n|-boost|p2a: Scovillain|spd|2\n|-unboost|p2a: Scovillain|spe|1\n|upkeep\n|turn|2\n|inactive|begings has 30 seconds left.\n|inactive|mrblackfootball has 30 seconds left.\n|\n|t:|1776720179\n|switch|p2b: Primarina|Primarina, L50, M|100/100\n|switch|p1b: Crabominable|Crabominable, L50, F|100/100\n|move|p1a: Dragapult|Draco Meteor|p2b: Primarina\n|-immune|p2b: Primarina\n|move|p2a: Scovillain|Flamethrower|p1a: Dragapult\n|-resisted|p1a: Dragapult|1\n|-damage|p1a: Dragapult|79/100\n|\n|-ability|p2a: Scovillain|Moody|boost\n|-boost|p2a: Scovillain|def|2\n|-unboost|p2a: Scovillain|spd|1\n|upkeep\n|turn|3\n|inactive|mrblackfootball has 30 seconds left.\n|inactive|mrblackfootball has 20 seconds left.\n|inactive|mrblackfootball has 15 seconds left.\n|inactive|mrblackfootball has 10 seconds left.\n|\n|t:|1776720228\n|switch|p1b: Whimsicott|Whimsicott, L50, F|100/100\n|detailschange|p2a: Scovillain|Scovillain-Mega, L50, M\n|-mega|p2a: Scovillain|Scovillain|Scovillainite\n|move|p1a: Dragapult|Protect|p1a: Dragapult\n|-singleturn|p1a: Dragapult|Protect\n|move|p2b: Primarina|Moonblast|p1b: Whimsicott\n|-damage|p1b: Whimsicott|17/100\n|move|p2a: Scovillain|Leech Seed|p1a: Dragapult\n|-activate|p1a: Dragapult|move: Protect\n|\n|upkeep\n|turn|4\n|inactive|mrblackfootball has 30 seconds left.\n|\n|t:|1776720259\n|move|p1b: Whimsicott|Fake Tears|p2b: Primarina\n|-unboost|p2b: Primarina|spd|2\n|move|p1a: Dragapult|Thunderbolt|p2b: Primarina\n|-supereffective|p2b: Primarina|1\n|-damage|p2b: Primarina|0 fnt\n|faint|p2b: Primarina\n|move|p2a: Scovillain|Flamethrower|p1b: Whimsicott\n|-supereffective|p1b: Whimsicott|1\n|-damage|p1b: Whimsicott|0 fnt\n|faint|p1b: Whimsicott\n|\n|upkeep\n|\n|t:|1776720274\n|switch|p1b: Milotic|Milotic, L50, F|88/100\n|switch|p2b: Sinistcha|Sinistcha, L50|100/100\n|turn|5\n|\n|t:|1776720291\n|move|p1a: Dragapult|Shadow Ball|p2b: Sinistcha\n|-supereffective|p2b: Sinistcha|1\n|-crit|p2b: Sinistcha\n|-damage|p2b: Sinistcha|0 fnt\n|faint|p2b: Sinistcha\n|move|p1b: Milotic|Icy Wind|p2a: Scovillain\n|-damage|p2a: Scovillain|93/100\n|-unboost|p2a: Scovillain|spe|1\n|-status|p1b: Milotic|brn|[from] ability: Spicy Spray|[of] p2a: Scovillain\n|move|p2a: Scovillain|Flamethrower|p1b: Milotic\n|-resisted|p1b: Milotic|1\n|-damage|p1b: Milotic|76/100 brn\n|\n|-heal|p1b: Milotic|82/100 brn|[from] item: Leftovers\n|-damage|p1b: Milotic|76/100 brn|[from] brn\n|upkeep\n|\n|t:|1776720296\n|switch|p2b: Garchomp|Garchomp, L50, F|100/100\n|turn|6\n|\n|t:|1776720312\n|move|p1a: Dragapult|Protect|p1a: Dragapult\n|-singleturn|p1a: Dragapult|Protect\n|move|p2b: Garchomp|Protect|p2b: Garchomp\n|-singleturn|p2b: Garchomp|Protect\n|move|p1b: Milotic|Icy Wind|p2b: Garchomp|[spread] p2a\n|-activate|p2b: Garchomp|move: Protect\n|-damage|p2a: Scovillain|87/100\n|-unboost|p2a: Scovillain|spe|1\n|move|p2a: Scovillain|Leech Seed|p1b: Milotic\n|-start|p1b: Milotic|move: Leech Seed\n|\n|-heal|p1b: Milotic|82/100 brn|[from] item: Leftovers\n|-damage|p1b: Milotic|70/100 brn|[from] Leech Seed|[of] p2a: Scovillain\n|-heal|p2a: Scovillain|100/100|[silent]\n|-damage|p1b: Milotic|64/100 brn|[from] brn\n|upkeep\n|turn|7\n|\n|t:|1776720330\n|move|p1a: Dragapult|Draco Meteor|p2b: Garchomp\n|-supereffective|p2b: Garchomp|1\n|-damage|p2b: Garchomp|0 fnt\n|-unboost|p1a: Dragapult|spa|2\n|faint|p2b: Garchomp\n|move|p1b: Milotic|Icy Wind|p2a: Scovillain\n|-damage|p2a: Scovillain|93/100\n|-unboost|p2a: Scovillain|spe|1\n|move|p2a: Scovillain|Leech Seed|p1a: Dragapult\n|-start|p1a: Dragapult|move: Leech Seed\n|\n|-heal|p1b: Milotic|70/100 brn|[from] item: Leftovers\n|-damage|p1a: Dragapult|67/100|[from] Leech Seed|[of] p2a: Scovillain\n|-heal|p2a: Scovillain|100/100|[silent]\n|-damage|p1b: Milotic|57/100 brn|[from] Leech Seed|[of] p2a: Scovillain\n|-damage|p1b: Milotic|51/100 brn|[from] brn\n|upkeep\n|turn|8\n|\n|t:|1776720353\n|switch|p1a: Crabominable|Crabominable, L50, F|100/100\n|move|p1b: Milotic|Recover|p1b: Milotic\n|-heal|p1b: Milotic|100/100 brn\n|move|p2a: Scovillain|Flamethrower|p1b: Milotic\n|-resisted|p1b: Milotic|1\n|-damage|p1b: Milotic|89/100 brn\n|\n|-heal|p1b: Milotic|95/100 brn|[from] item: Leftovers\n|-damage|p1b: Milotic|82/100 brn|[from] Leech Seed|[of] p2a: Scovillain\n|-damage|p1b: Milotic|76/100 brn|[from] brn\n|upkeep\n|turn|9\n|\n|t:|1776720365\n|switch|p1b: Dragapult|Dragapult, L50, M|67/100\n|detailschange|p1a: Crabominable|Crabominable-Mega, L50, F\n|-mega|p1a: Crabominable|Crabominable|Crabominite\n|move|p1a: Crabominable|Drain Punch|p2a: Scovillain\n|-damage|p2a: Scovillain|72/100\n|-status|p1a: Crabominable|brn|[from] ability: Spicy Spray|[of] p2a: Scovillain\n|move|p2a: Scovillain|Flamethrower|p1a: Crabominable\n|-supereffective|p1a: Crabominable|1\n|-crit|p1a: Crabominable\n|-damage|p1a: Crabominable|0 fnt\n|faint|p1a: Crabominable\n|\n|upkeep\n|c|\u2606begings|this will take 3 years\n|c|\u2606mrblackfootball|well yes ur the one playing like a bender\n|\n|t:|1776720384\n|switch|p1a: Milotic|Milotic, L50, F|76/100 brn\n|turn|10\n|c|\u2606begings|fair\n|c|\u2606mrblackfootball|hahahaha bro didnt even try and deny it\n|\n|t:|1776720401\n|move|p1b: Dragapult|Shadow Ball|p2a: Scovillain\n|-damage|p2a: Scovillain|48/100\n|-status|p1b: Dragapult|brn|[from] ability: Spicy Spray|[of] p2a: Scovillain\n|move|p1a: Milotic|Scald|p2a: Scovillain\n|-damage|p2a: Scovillain|28/100\n|move|p2a: Scovillain|Leech Seed|p1a: Milotic\n|-start|p1a: Milotic|move: Leech Seed\n|\n|-heal|p1a: Milotic|82/100 brn|[from] item: Leftovers\n|-damage|p1a: Milotic|70/100 brn|[from] Leech Seed|[of] p2a: Scovillain\n|-heal|p2a: Scovillain|43/100|[silent]\n|-damage|p1b: Dragapult|61/100 brn|[from] brn\n|-damage|p1a: Milotic|64/100 brn|[from] brn\n|upkeep\n|turn|11\n|c|\u2606begings|my team has no answers to dragapult + milotic\n|\n|t:|1776720425\n|move|p2a: Scovillain|Protect|p2a: Scovillain\n|-singleturn|p2a: Scovillain|Protect\n|move|p1b: Dragapult|Shadow Ball|p2a: Scovillain\n|-activate|p2a: Scovillain|move: Protect\n|move|p1a: Milotic|Recover|p1a: Milotic\n|-heal|p1a: Milotic|100/100 brn\n|\n|-damage|p1a: Milotic|88/100 brn|[from] Leech Seed|[of] p2a: Scovillain\n|-heal|p2a: Scovillain|57/100|[silent]\n|-damage|p1b: Dragapult|55/100 brn|[from] brn\n|-damage|p1a: Milotic|82/100 brn|[from] brn\n|upkeep\n|turn|12\n|c|\u2606begings|this is literally my best answer\n|\n|t:|1776720437\n|move|p1b: Dragapult|Shadow Ball|p2a: Scovillain\n|-damage|p2a: Scovillain|31/100\n|move|p1a: Milotic|Scald|p2a: Scovillain\n|-damage|p2a: Scovillain|13/100\n|move|p2a: Scovillain|Leech Seed|p1b: Dragapult\n|-start|p1b: Dragapult|move: Leech Seed\n|\n|-heal|p1a: Milotic|88/100 brn|[from] item: Leftovers\n|-damage|p1b: Dragapult|43/100 brn|[from] Leech Seed|[of] p2a: Scovillain\n|-heal|p2a: Scovillain|25/100|[silent]\n|-damage|p1a: Milotic|76/100 brn|[from] Leech Seed|[of] p2a: Scovillain\n|-heal|p2a: Scovillain|39/100|[silent]\n|-damage|p1b: Dragapult|37/100 brn|[from] brn\n|-damage|p1a: Milotic|70/100 brn|[from] brn\n|upkeep\n|turn|13\n|\n|t:|1776720457\n|move|p2a: Scovillain|Protect|p2a: Scovillain\n|-singleturn|p2a: Scovillain|Protect\n|move|p1b: Dragapult|Shadow Ball|p2a: Scovillain\n|-activate|p2a: Scovillain|move: Protect\n|move|p1a: Milotic|Recover|p1a: Milotic\n|-heal|p1a: Milotic|100/100 brn\n|\n|-damage|p1b: Dragapult|24/100 brn|[from] Leech Seed|[of] p2a: Scovillain\n|-heal|p2a: Scovillain|52/100|[silent]\n|-damage|p1a: Milotic|88/100 brn|[from] Leech Seed|[of] p2a: Scovillain\n|-heal|p2a: Scovillain|66/100|[silent]\n|-damage|p1b: Dragapult|19/100 brn|[from] brn\n|-damage|p1a: Milotic|82/100 brn|[from] brn\n|upkeep\n|turn|14\n|\n|t:|1776720475\n|move|p1b: Dragapult|Draco Meteor|p2a: Scovillain\n|-damage|p2a: Scovillain|31/100\n|-unboost|p1b: Dragapult|spa|2\n|move|p1a: Milotic|Scald|p2a: Scovillain\n|-damage|p2a: Scovillain|15/100\n|move|p2a: Scovillain|Flamethrower|p1a: Milotic\n|-resisted|p1a: Milotic|1\n|-damage|p1a: Milotic|70/100 brn\n|\n|-heal|p1a: Milotic|76/100 brn|[from] item: Leftovers\n|-damage|p1b: Dragapult|6/100 brn|[from] Leech Seed|[of] p2a: Scovillain\n|-heal|p2a: Scovillain|27/100|[silent]\n|-damage|p1a: Milotic|64/100 brn|[from] Leech Seed|[of] p2a: Scovillain\n|-heal|p2a: Scovillain|42/100|[silent]\n|-damage|p1b: Dragapult|0 fnt|[from] brn\n|faint|p1b: Dragapult\n|-damage|p1a: Milotic|58/100 brn|[from] brn\n|upkeep\n|turn|15\n|c|\u2606begings|damn right scovillain\n|c|\u2606mrblackfootball|youre so bent\n|\n|t:|1776720495\n|move|p2a: Scovillain|Protect|p2a: Scovillain\n|-singleturn|p2a: Scovillain|Protect\n|move|p1a: Milotic|Recover|p1a: Milotic\n|-heal|p1a: Milotic|100/100 brn\n|\n|-damage|p1a: Milotic|88/100 brn|[from] Leech Seed|[of] p2a: Scovillain\n|-heal|p2a: Scovillain|56/100|[silent]\n|-damage|p1a: Milotic|82/100 brn|[from] brn\n|upkeep\n|turn|16\n|c|\u2606begings|dawg what else do u want me to do\n|\n|t:|1776720511\n|move|p1a: Milotic|Scald|p2a: Scovillain\n|-damage|p2a: Scovillain|39/100\n|move|p2a: Scovillain|Flamethrower|p1a: Milotic\n|-resisted|p1a: Milotic|1\n|-damage|p1a: Milotic|71/100 brn\n|\n|-heal|p1a: Milotic|77/100 brn|[from] item: Leftovers\n|-damage|p1a: Milotic|65/100 brn|[from] Leech Seed|[of] p2a: Scovillain\n|-heal|p2a: Scovillain|53/100|[silent]\n|-damage|p1a: Milotic|59/100 brn|[from] brn\n|upkeep\n|turn|17\n|\n|t:|1776720524\n|move|p1a: Milotic|Scald|p2a: Scovillain\n|-damage|p2a: Scovillain|34/100\n|move|p2a: Scovillain|Flamethrower|p1a: Milotic\n|-resisted|p1a: Milotic|1\n|-damage|p1a: Milotic|48/100 brn\n|\n|-heal|p1a: Milotic|54/100 brn|[from] item: Leftovers\n|-damage|p1a: Milotic|42/100 brn|[from] Leech Seed|[of] p2a: Scovillain\n|-heal|p2a: Scovillain|49/100|[silent]\n|-damage|p1a: Milotic|36/100 brn|[from] brn\n|upkeep\n|turn|18\n|-message|mrblackfootball forfeited.\n|\n|win|begings\n|raw|mrblackfootball's rating: 1114 &rarr; <strong>1086</strong><br />(-28 for losing)\n|raw|begings's rating: 1075 &rarr; <strong>1107</strong><br />(+32 for winning)\n|l|\u2606mrblackfootball\n|player|p1|\n",
  "uploadtime": 1776720545,
  "views": 17,
  "formatid": "gen9championsvgc2026regma",
  "rating": 1086,
  "private": 0,
  "password": null
}