{
  "id": "gen9championsvgc2026regma-2581156283",
  "format": "[Gen 9 Champions] VGC 2026 Reg M-A",
  "players": [
    "Crotine",
    "Corsav."
  ],
  "log": "|j|\u2606Crotine\n|j|\u2606Corsav.\n|t:|1775965318\n|gametype|doubles\n|player|p1|Crotine|boarder|1193\n|player|p2|Corsav.|266|1238\n|gen|9\n|tier|[Gen 9 Champions] VGC 2026 Reg M-A\n|rated|\n|rule|Species Clause: Limit one of each Pok\u00e9mon\n|rule|Item Clause: Limit 1 of each item\n|clearpoke\n|poke|p1|Scizor, L50, M|\n|poke|p1|Hydrapple, L50, M|\n|poke|p1|Tyranitar, L50, M|\n|poke|p1|Farigiraf, L50, F|\n|poke|p1|Slowking-Galar, L50, M|\n|poke|p1|Incineroar, L50, M|\n|poke|p2|Tyranitar, L50, M|\n|poke|p2|Gyarados, L50, F|\n|poke|p2|Excadrill, L50, F|\n|poke|p2|Sinistcha, L50|\n|poke|p2|Gardevoir, L50, F|\n|poke|p2|Rotom-Heat, L50|\n|teampreview|4\n|\n|t:|1775965351\n|teamsize|p1|4\n|teamsize|p2|4\n|start\n|switch|p1a: Incineroar|Incineroar, L50, M|100/100\n|switch|p1b: Farigiraf|Farigiraf, L50, F|100/100\n|switch|p2a: Sinistcha|Sinistcha, L50|100/100\n|switch|p2b: Rotom|Rotom-Heat, L50|100/100\n|-ability|p1a: Incineroar|Intimidate|boost\n|-unboost|p2a: Sinistcha|atk|1\n|-unboost|p2b: Rotom|atk|1\n|turn|1\n|\n|t:|1775965392\n|move|p1a: Incineroar|Fake Out|p2b: Rotom\n|-damage|p2b: Rotom|83/100\n|cant|p2b: Rotom|flinch\n|move|p2a: Sinistcha|Matcha Gotcha|p1a: Incineroar|[spread] p1a\n|-miss|p2a: Sinistcha|p1b: Farigiraf\n|-resisted|p1a: Incineroar|1\n|-damage|p1a: Incineroar|88/100\n|move|p1b: Farigiraf|Trick Room|p1b: Farigiraf\n|-fieldstart|move: Trick Room|[of] p1b: Farigiraf\n|\n|upkeep\n|turn|2\n|\n|t:|1775965424\n|move|p1a: Incineroar|Flare Blitz|p2a: Sinistcha\n|-supereffective|p2a: Sinistcha|1\n|-damage|p2a: Sinistcha|0 fnt\n|faint|p2a: Sinistcha\n|-damage|p1a: Incineroar|58/100|[from] Recoil\n|move|p1b: Farigiraf|Calm Mind|p1b: Farigiraf\n|-boost|p1b: Farigiraf|spa|1\n|-boost|p1b: Farigiraf|spd|1\n|move|p2b: Rotom|Volt Switch|p1a: Incineroar\n|-damage|p1a: Incineroar|30/100\n|\n|t:|1775965436\n|switch|p2b: Excadrill|Excadrill, L50, F|100/100|[from] Volt Switch\n|\n|upkeep\n|\n|t:|1775965445\n|switch|p2a: Gardevoir|Gardevoir, L50, F|100/100\n|turn|3\n|\n|t:|1775965479\n|detailschange|p2a: Gardevoir|Gardevoir-Mega, L50, F\n|-mega|p2a: Gardevoir|Gardevoir|Gardevoirite\n|move|p1b: Farigiraf|Hyper Voice|p2b: Excadrill|[spread] p2a,p2b\n|-resisted|p2b: Excadrill|1\n|-damage|p2a: Gardevoir|70/100\n|-damage|p2b: Excadrill|75/100\n|move|p1a: Incineroar|Flare Blitz|p2b: Excadrill\n|-supereffective|p2b: Excadrill|1\n|-damage|p2b: Excadrill|0 fnt\n|faint|p2b: Excadrill\n|-damage|p1a: Incineroar|7/100|[from] Recoil\n|move|p2a: Gardevoir|Calm Mind|p2a: Gardevoir\n|-boost|p2a: Gardevoir|spa|1\n|-boost|p2a: Gardevoir|spd|1\n|\n|upkeep\n|\n|t:|1775965491\n|switch|p2b: Rotom|Rotom-Heat, L50|83/100\n|turn|4\n|\n|t:|1775965512\n|move|p2a: Gardevoir|Protect|p2a: Gardevoir\n|-singleturn|p2a: Gardevoir|Protect\n|move|p1b: Farigiraf|Hyper Voice|p2b: Rotom|[spread] p2b\n|-activate|p2a: Gardevoir|move: Protect\n|-damage|p2b: Rotom|36/100\n|move|p1a: Incineroar|Darkest Lariat|p2a: Gardevoir\n|-activate|p2a: Gardevoir|move: Protect\n|move|p2b: Rotom|Thunderbolt|p1a: Incineroar\n|-damage|p1a: Incineroar|0 fnt\n|faint|p1a: Incineroar\n|\n|upkeep\n|\n|t:|1775965522\n|switch|p1a: Scizor|Scizor, L50, M|100/100\n|turn|5\n|\n|t:|1775965534\n|detailschange|p1a: Scizor|Scizor-Mega, L50, M\n|-mega|p1a: Scizor|Scizor|Scizorite\n|move|p2a: Gardevoir|Protect||[still]\n|-fail|p2a: Gardevoir\n|move|p1a: Scizor|Bullet Punch|p2a: Gardevoir\n|-supereffective|p2a: Gardevoir|1\n|-damage|p2a: Gardevoir|0 fnt\n|faint|p2a: Gardevoir\n|move|p1b: Farigiraf|Hyper Voice|p2b: Rotom\n|-damage|p2b: Rotom|0 fnt\n|faint|p2b: Rotom\n|\n|win|Crotine\n|raw|Crotine's rating: 1193 &rarr; <strong>1221</strong><br />(+28 for winning)\n|raw|Corsav.'s rating: 1238 &rarr; <strong>1210</strong><br />(-28 for losing)\n|l|\u2606Corsav.\n|player|p2|\n",
  "uploadtime": 1775967799,
  "views": 23,
  "formatid": "gen9championsvgc2026regma",
  "rating": 1210,
  "private": 0,
  "password": null
}