{
  "id": "gen9championsvgc2026regma-2587535203",
  "format": "[Gen 9 Champions] VGC 2026 Reg M-A",
  "players": [
    "Dudthestud",
    "OyamaLama"
  ],
  "log": "|j|\u2606Dudthestud\n|j|\u2606OyamaLama\n|t:|1776540144\n|gametype|doubles\n|player|p1|Dudthestud|265|1370\n|player|p2|OyamaLama|169|1475\n|gen|9\n|tier|[Gen 9 Champions] VGC 2026 Reg M-A\n|rated|\n|rule|Species Clause: Limit one of each Pok\u00e9mon\n|rule|Item Clause: Limit 1 of each item\n|clearpoke\n|poke|p1|Charizard, L50, M|\n|poke|p1|Milotic, L50, F|\n|poke|p1|Aegislash, L50, F|\n|poke|p1|Sneasler, L50, F|\n|poke|p1|Aerodactyl, L50, M|\n|poke|p1|Sylveon, L50, M|\n|poke|p2|Floette-Eternal, L50, F|\n|poke|p2|Dragonite, L50, F|\n|poke|p2|Basculegion, L50, M|\n|poke|p2|Kingambit, L50, F|\n|poke|p2|Sinistcha-Masterpiece, L50|\n|poke|p2|Incineroar, L50, F|\n|teampreview|4\n|inactive|Battle timer is ON: inactive players will automatically lose when time's up. (requested by Dudthestud)\n|\n|t:|1776540219\n|teamsize|p1|4\n|teamsize|p2|4\n|start\n|switch|p1a: Aerodactyl|Aerodactyl, L50, M|100/100\n|switch|p1b: Sylveon|Sylveon, L50, M|100/100\n|switch|p2a: Basculegion|Basculegion, L50, M|100/100\n|switch|p2b: Kingambit|Kingambit, L50, F|100/100\n|-ability|p1a: Aerodactyl|Unnerve\n|turn|1\n|inactive|OyamaLama has 30 seconds left.\n|inactive|OyamaLama has 20 seconds left.\n|\n|t:|1776540259\n|move|p1a: Aerodactyl|Protect|p1a: Aerodactyl\n|-singleturn|p1a: Aerodactyl|Protect\n|move|p2a: Basculegion|Flip Turn|p1a: Aerodactyl\n|-activate|p1a: Aerodactyl|move: Protect\n|move|p1b: Sylveon|Hyper Beam|p2b: Kingambit\n|-damage|p2b: Kingambit|3/100\n|-mustrecharge|p1b: Sylveon\n|move|p2b: Kingambit|Swords Dance|p2b: Kingambit\n|-boost|p2b: Kingambit|atk|2\n|\n|upkeep\n|turn|2\n|\n|t:|1776540274\n|move|p2b: Kingambit|Sucker Punch||[still]\n|-fail|p2b: Kingambit\n|move|p2a: Basculegion|Flip Turn|p1a: Aerodactyl\n|-supereffective|p1a: Aerodactyl|1\n|-enditem|p1a: Aerodactyl|Focus Sash\n|-damage|p1a: Aerodactyl|1/100\n|\n|t:|1776540280\n|switch|p2a: Sinistcha|Sinistcha-Masterpiece, L50|100/100|[from] Flip Turn\n|-heal|p2b: Kingambit|28/100|[from] ability: Hospitality|[of] p2a: Sinistcha\n|move|p1a: Aerodactyl|Tailwind|p1a: Aerodactyl\n|-sidestart|p1: Dudthestud|move: Tailwind\n|cant|p1b: Sylveon|recharge\n|\n|upkeep\n|turn|3\n|\n|t:|1776540291\n|switch|p1a: Charizard|Charizard, L50, M|100/100\n|move|p2b: Kingambit|Protect|p2b: Kingambit\n|-singleturn|p2b: Kingambit|Protect\n|move|p1b: Sylveon|Hyper Beam|p2a: Sinistcha\n|-damage|p2a: Sinistcha|2/100\n|-mustrecharge|p1b: Sylveon\n|-enditem|p2a: Sinistcha|Sitrus Berry|[eat]\n|-heal|p2a: Sinistcha|27/100|[from] item: Sitrus Berry\n|move|p2a: Sinistcha|Life Dew|p2a: Sinistcha|[spread] p2a,p2b\n|-heal|p2a: Sinistcha|52/100\n|-heal|p2b: Kingambit|53/100\n|\n|upkeep\n|turn|4\n|\n|t:|1776540307\n|switch|p2a: Floette|Floette-Eternal, L50, F|100/100\n|detailschange|p1a: Charizard|Charizard-Mega-X, L50, M\n|-mega|p1a: Charizard|Charizard|Charizardite X\n|move|p2b: Kingambit|Sucker Punch|p1a: Charizard\n|-crit|p1a: Charizard\n|-damage|p1a: Charizard|0 fnt\n|faint|p1a: Charizard\n|cant|p1b: Sylveon|recharge\n|\n|upkeep\n|\n|t:|1776540314\n|switch|p1a: Sneasler|Sneasler, L50, F|100/100\n|turn|5\n|\n|t:|1776540323\n|switch|p2a: Sinistcha|Sinistcha-Masterpiece, L50|52/100\n|-heal|p2b: Kingambit|78/100|[from] ability: Hospitality|[of] p2a: Sinistcha\n|move|p2b: Kingambit|Protect|p2b: Kingambit\n|-singleturn|p2b: Kingambit|Protect\n|move|p1a: Sneasler|Dire Claw|p2a: Sinistcha\n|-damage|p2a: Sinistcha|17/100\n|-status|p2a: Sinistcha|par\n|move|p1b: Sylveon|Hyper Beam|p2b: Kingambit\n|-activate|p2b: Kingambit|move: Protect\n|\n|-sideend|p1: Dudthestud|move: Tailwind\n|upkeep\n|turn|6\n|inactive|OyamaLama has 30 seconds left.\n|inactive|OyamaLama has 20 seconds left.\n|inactive|OyamaLama has 15 seconds left.\n|inactive|OyamaLama has 10 seconds left.\n|\n|t:|1776540372\n|move|p2a: Sinistcha|Rage Powder|p2a: Sinistcha\n|-singleturn|p2a: Sinistcha|move: Rage Powder\n|move|p1b: Sylveon|Quick Attack|p2a: Sinistcha\n|-damage|p2a: Sinistcha|6/100 par\n|move|p2b: Kingambit|Sucker Punch||[still]\n|-fail|p2b: Kingambit\n|move|p1a: Sneasler|Close Combat|p2a: Sinistcha\n|-immune|p2a: Sinistcha\n|\n|upkeep\n|turn|7\n|\n|t:|1776540395\n|move|p2a: Sinistcha|Rage Powder|p2a: Sinistcha\n|-singleturn|p2a: Sinistcha|move: Rage Powder\n|move|p1b: Sylveon|Quick Attack|p2a: Sinistcha\n|-damage|p2a: Sinistcha|0 fnt\n|faint|p2a: Sinistcha\n|move|p2b: Kingambit|Sucker Punch|p1a: Sneasler\n|-resisted|p1a: Sneasler|1\n|-damage|p1a: Sneasler|11/100\n|move|p1a: Sneasler|Close Combat|p2b: Kingambit\n|-supereffective|p2b: Kingambit|2\n|-damage|p2b: Kingambit|0 fnt\n|-unboost|p1a: Sneasler|def|1\n|-unboost|p1a: Sneasler|spd|1\n|faint|p2b: Kingambit\n|-enditem|p1a: Sneasler|White Herb\n|-clearnegativeboost|p1a: Sneasler|[silent]\n|\n|upkeep\n|\n|t:|1776540408\n|switch|p2a: Floette|Floette-Eternal, L50, F|100/100\n|switch|p2b: Basculegion|Basculegion, L50, M|100/100\n|turn|8\n|\n|t:|1776540428\n|detailschange|p2a: Floette|Floette-Mega, L50, F\n|-mega|p2a: Floette|Floette|Floettite\n|-ability|p2a: Floette|Fairy Aura\n|move|p1a: Sneasler|Protect|p1a: Sneasler\n|-singleturn|p1a: Sneasler|Protect\n|move|p2a: Floette|Protect|p2a: Floette\n|-singleturn|p2a: Floette|Protect\n|move|p2b: Basculegion|Aqua Jet|p1a: Sneasler\n|-activate|p1a: Sneasler|move: Protect\n|move|p1b: Sylveon|Hyper Beam|p2b: Basculegion\n|-damage|p2b: Basculegion|0 fnt\n|-mustrecharge|p1b: Sylveon\n|faint|p2b: Basculegion\n|\n|upkeep\n|turn|9\n|\n|t:|1776540441\n|move|p1a: Sneasler|Dire Claw|p2a: Floette\n|-supereffective|p2a: Floette|1\n|-damage|p2a: Floette|0 fnt\n|faint|p2a: Floette\n|\n|win|Dudthestud\n|raw|Dudthestud's rating: 1370 &rarr; <strong>1396</strong><br />(+26 for winning)\n|raw|OyamaLama's rating: 1475 &rarr; <strong>1449</strong><br />(-26 for losing)\n|l|\u2606OyamaLama\n|player|p2|\n|l|\u2606Dudthestud\n|player|p1|\n|j|\u2606Dudthestud\n|player|p1|Dudthestud|265|\n",
  "uploadtime": 1776541077,
  "views": 40,
  "formatid": "gen9championsvgc2026regma",
  "rating": 1396,
  "private": 0,
  "password": null
}