{
  "id": "gen9championsvgc2026regma-2580614527",
  "format": "[Gen 9 Champions] VGC 2026 Reg M-A",
  "players": [
    "The Jhonier",
    "Fran651"
  ],
  "log": "|j|\u203dThe Jhonier\n|j|\u2606Fran651\n|t:|1775918228\n|gametype|doubles\n|player|p1|The Jhonier|red-masters|1000\n|player|p2|Fran651|266|1037\n|gen|9\n|tier|[Gen 9 Champions] VGC 2026 Reg M-A\n|rated|\n|rule|Species Clause: Limit one of each Pok\u00e9mon\n|rule|Item Clause: Limit 1 of each item\n|clearpoke\n|poke|p1|Incineroar, L50, F|\n|poke|p1|Whimsicott, L50, F|\n|poke|p1|Ampharos, L50, M|\n|poke|p1|Hawlucha, L50, M|\n|poke|p1|Feraligatr, L50, M|\n|poke|p1|Aerodactyl, L50, M|\n|poke|p2|Charizard, L50, M|\n|poke|p2|Garchomp, L50, M|\n|poke|p2|Whimsicott, L50, F|\n|poke|p2|Sneasler, L50, M|\n|poke|p2|Rotom-Wash, L50|\n|poke|p2|Incineroar, L50, M|\n|teampreview|4\n|inactive|Battle timer is ON: inactive players will automatically lose when time's up. (requested by The Jhonier)\n|\n|t:|1775918255\n|teamsize|p1|4\n|teamsize|p2|4\n|start\n|switch|p1a: Whimsicott|Whimsicott, L50, F|100/100\n|switch|p1b: Incineroar|Incineroar, L50, F|100/100\n|switch|p2a: Charizard|Charizard, L50, M|100/100\n|switch|p2b: Sneasler|Sneasler, L50, M|100/100\n|-ability|p2b: Sneasler|Pressure\n|-ability|p1b: Incineroar|Intimidate|boost\n|-unboost|p2a: Charizard|atk|1\n|-unboost|p2b: Sneasler|atk|1\n|-enditem|p2b: Sneasler|White Herb\n|-clearnegativeboost|p2b: Sneasler|[silent]\n|turn|1\n|\n|t:|1775918273\n|move|p2b: Sneasler|Fake Out|p1b: Incineroar\n|-damage|p1b: Incineroar|88/100\n|cant|p1b: Incineroar|flinch\n|move|p1a: Whimsicott|Tailwind|p1a: Whimsicott\n|-sidestart|p1: The Jhonier|move: Tailwind\n|move|p2a: Charizard|Heat Wave|p1b: Incineroar|[spread] p1a,p1b\n|-supereffective|p1a: Whimsicott|1\n|-resisted|p1b: Incineroar|1\n|-damage|p1a: Whimsicott|0 fnt\n|-damage|p1b: Incineroar|69/100\n|faint|p1a: Whimsicott\n|\n|upkeep\n|\n|t:|1775918282\n|switch|p1a: Ampharos|Ampharos, L50, M|100/100\n|turn|2\n|inactive|Fran651 has 30 seconds left.\n|\n|t:|1775918309\n|move|p2a: Charizard|Protect|p2a: Charizard\n|-singleturn|p2a: Charizard|Protect\n|move|p1a: Ampharos|Zap Cannon|p2a: Charizard\n|-activate|p2a: Charizard|move: Protect\n|move|p1b: Incineroar|Parting Shot|p2b: Sneasler\n|-unboost|p2b: Sneasler|atk|1\n|-unboost|p2b: Sneasler|spa|1\n|\n|t:|1775918316\n|switch|p1b: Hawlucha|Hawlucha, L50, M|100/100|[from] Parting Shot\n|move|p2b: Sneasler|Close Combat|p1b: Hawlucha\n|-resisted|p1b: Hawlucha|1\n|-damage|p1b: Hawlucha|72/100\n|-unboost|p2b: Sneasler|def|1\n|-unboost|p2b: Sneasler|spd|1\n|\n|upkeep\n|turn|3\n|\n|t:|1775918335\n|detailschange|p1b: Hawlucha|Hawlucha-Mega, L50, M\n|-mega|p1b: Hawlucha|Hawlucha|Hawluchanite\n|detailschange|p2a: Charizard|Charizard-Mega-Y, L50, M\n|-mega|p2a: Charizard|Charizard|Charizardite Y\n|-weather|SunnyDay|[from] ability: Drought|[of] p2a: Charizard\n|move|p2b: Sneasler|Protect|p2b: Sneasler\n|-singleturn|p2b: Sneasler|Protect\n|move|p1b: Hawlucha|Entrainment|p1a: Ampharos\n|-ability|p1a: Ampharos|No Guard|Static|[from] move: Entrainment|[of] p1b: Hawlucha\n|move|p1a: Ampharos|Zap Cannon|p2a: Charizard\n|-supereffective|p2a: Charizard|1\n|-damage|p2a: Charizard|0 fnt\n|faint|p2a: Charizard\n|\n|-weather|SunnyDay|[upkeep]\n|upkeep\n|\n|t:|1775918355\n|switch|p2a: Incineroar|Incineroar, L50, M|100/100\n|-ability|p2a: Incineroar|Intimidate|boost\n|-unboost|p1a: Ampharos|atk|1\n|-unboost|p1b: Hawlucha|atk|1\n|turn|4\n|\n|t:|1775918365\n|switch|p2b: Rotom|Rotom-Wash, L50|100/100\n|move|p2a: Incineroar|Fake Out|p1b: Hawlucha\n|-damage|p1b: Hawlucha|59/100\n|cant|p1b: Hawlucha|flinch\n|move|p1a: Ampharos|Zap Cannon|p2b: Rotom\n|-damage|p2b: Rotom|46/100\n|\n|-weather|SunnyDay|[upkeep]\n|-heal|p2b: Rotom|52/100|[from] item: Leftovers\n|-sideend|p1: The Jhonier|move: Tailwind\n|upkeep\n|turn|5\n|inactive|Fran651 has 30 seconds left.\n|\n|t:|1775918393\n|move|p2b: Rotom|Protect|p2b: Rotom\n|-singleturn|p2b: Rotom|Protect\n|move|p1b: Hawlucha|High Jump Kick|p2a: Incineroar\n|-supereffective|p2a: Incineroar|1\n|-damage|p2a: Incineroar|20/100\n|-enditem|p2a: Incineroar|Sitrus Berry|[eat]\n|-heal|p2a: Incineroar|45/100|[from] item: Sitrus Berry\n|move|p1a: Ampharos|Zap Cannon|p2b: Rotom\n|-activate|p2b: Rotom|move: Protect\n|move|p2a: Incineroar|Flare Blitz|p1b: Hawlucha\n|-damage|p1b: Hawlucha|0 fnt\n|faint|p1b: Hawlucha\n|-damage|p2a: Incineroar|31/100|[from] Recoil\n|\n|-weather|SunnyDay|[upkeep]\n|-heal|p2b: Rotom|58/100|[from] item: Leftovers\n|upkeep\n|\n|t:|1775918412\n|switch|p1b: Incineroar|Incineroar, L50, F|69/100\n|-ability|p1b: Incineroar|Intimidate|boost\n|-unboost|p2a: Incineroar|atk|1\n|-unboost|p2b: Rotom|atk|1\n|turn|6\n|\n|t:|1775918427\n|move|p2b: Rotom|Protect||[still]\n|-fail|p2b: Rotom\n|move|p1b: Incineroar|Fake Out|p2a: Incineroar\n|-damage|p2a: Incineroar|22/100\n|move|p1a: Ampharos|Zap Cannon|p2b: Rotom\n|-damage|p2b: Rotom|0 fnt\n|faint|p2b: Rotom\n|cant|p2a: Incineroar|flinch\n|\n|-weather|SunnyDay|[upkeep]\n|upkeep\n|\n|t:|1775918437\n|switch|p2b: Sneasler|Sneasler, L50, M|100/100\n|-ability|p2b: Sneasler|Pressure\n|turn|7\n|\n|t:|1775918455\n|move|p2b: Sneasler|Close Combat|p1a: Ampharos\n|-damage|p1a: Ampharos|39/100\n|-unboost|p2b: Sneasler|def|1\n|-unboost|p2b: Sneasler|spd|1\n|move|p1a: Ampharos|Zap Cannon|p2b: Sneasler\n|-damage|p2b: Sneasler|0 fnt\n|faint|p2b: Sneasler\n|move|p1b: Incineroar|Flare Blitz|p2a: Incineroar\n|-resisted|p2a: Incineroar|1\n|-damage|p2a: Incineroar|0 fnt\n|faint|p2a: Incineroar\n|-damage|p1b: Incineroar|60/100|[from] Recoil\n|\n|win|The Jhonier\n|raw|The Jhonier's rating: 1000 &rarr; <strong>1044</strong><br />(+44 for winning)\n|raw|Fran651's rating: 1037 &rarr; <strong>1020</strong><br />(-17 for losing)\n",
  "uploadtime": 1775918467,
  "views": 32,
  "formatid": "gen9championsvgc2026regma",
  "rating": 1020,
  "private": 0,
  "password": null
}