{
  "id": "gen9championsvgc2026regma-2586006625",
  "format": "[Gen 9 Champions] VGC 2026 Reg M-A",
  "players": [
    "Juya",
    "ClumbsyLilBeach"
  ],
  "log": "|j|\u2606Juya\n|j|\u2606ClumbsyLilBeach\n|t:|1776389628\n|gametype|doubles\n|player|p1|Juya|169|1397\n|player|p2|ClumbsyLilBeach|jasmine|1434\n|gen|9\n|tier|[Gen 9 Champions] VGC 2026 Reg M-A\n|rated|\n|rule|Species Clause: Limit one of each Pok\u00e9mon\n|rule|Item Clause: Limit 1 of each item\n|clearpoke\n|poke|p1|Tyranitar, L50, M|\n|poke|p1|Excadrill, L50, M|\n|poke|p1|Incineroar, L50, F|\n|poke|p1|Corviknight, L50, M|\n|poke|p1|Sinistcha, L50|\n|poke|p1|Milotic, L50, F|\n|poke|p2|Dragonite, L50, F|\n|poke|p2|Salazzle, L50, F|\n|poke|p2|Farigiraf, L50, M|\n|poke|p2|Chesnaught, L50, F|\n|poke|p2|Scizor, L50, M|\n|poke|p2|Sableye, L50, F|\n|teampreview|4\n|inactive|Battle timer is ON: inactive players will automatically lose when time's up. (requested by ClumbsyLilBeach)\n|inactive|Juya also wants the timer to be on.\n|inactive|Juya has 60 seconds left.\n|inactive|ClumbsyLilBeach has 60 seconds left.\n|\n|t:|1776389667\n|teamsize|p1|4\n|teamsize|p2|4\n|start\n|switch|p1a: Incineroar|Incineroar, L50, F|100/100\n|switch|p1b: Milotic|Milotic, L50, F|100/100\n|switch|p2a: Chesnaught|Chesnaught, L50, F|100/100\n|switch|p2b: Farigiraf|Farigiraf, L50, M|100/100\n|-ability|p1a: Incineroar|Intimidate|boost\n|-unboost|p2a: Chesnaught|atk|1\n|-unboost|p2b: Farigiraf|atk|1\n|turn|1\n|\n|t:|1776389683\n|move|p2b: Farigiraf|Ally Switch|p2b: Farigiraf\n|swap|p2b: Farigiraf|0|[from] move: Ally Switch\n|move|p2b: Chesnaught|Wood Hammer|p1b: Milotic\n|-supereffective|p1b: Milotic|1\n|-damage|p1b: Milotic|49/100\n|-damage|p2b: Chesnaught|82/100|[from] Recoil\n|move|p1b: Milotic|Ice Beam|p2a: Farigiraf\n|-crit|p2a: Farigiraf\n|-damage|p2a: Farigiraf|66/100\n|move|p1a: Incineroar|Flare Blitz|p2a: Farigiraf\n|-damage|p2a: Farigiraf|18/100\n|-enditem|p2a: Farigiraf|Sitrus Berry|[eat]\n|-heal|p2a: Farigiraf|43/100|[from] item: Sitrus Berry\n|-damage|p1a: Incineroar|83/100|[from] Recoil\n|\n|upkeep\n|turn|2\n|inactive|ClumbsyLilBeach has 30 seconds left.\n|\n|t:|1776389711\n|move|p2b: Chesnaught|Spiky Shield|p2b: Chesnaught\n|-singleturn|p2b: Chesnaught|move: Protect\n|move|p1b: Milotic|Protect|p1b: Milotic\n|-singleturn|p1b: Milotic|Protect\n|move|p2a: Farigiraf|Hyper Voice|p1a: Incineroar|[spread] p1a\n|-activate|p1b: Milotic|move: Protect\n|-damage|p1a: Incineroar|62/100\n|move|p1a: Incineroar|Flare Blitz|p2a: Farigiraf\n|-damage|p2a: Farigiraf|0 fnt\n|faint|p2a: Farigiraf\n|-damage|p1a: Incineroar|47/100|[from] Recoil\n|-enditem|p1a: Incineroar|Sitrus Berry|[eat]\n|-heal|p1a: Incineroar|72/100|[from] item: Sitrus Berry\n|\n|upkeep\n|\n|t:|1776389730\n|switch|p2a: Scizor|Scizor, L50, M|100/100\n|turn|3\n|inactive|Juya has 30 seconds left.\n|\n|t:|1776389764\n|move|p2b: Chesnaught|Body Press|p1a: Incineroar\n|-supereffective|p1a: Incineroar|1\n|-damage|p1a: Incineroar|5/100\n|move|p1b: Milotic|Ice Beam|p2b: Chesnaught\n|-supereffective|p2b: Chesnaught|1\n|-damage|p2b: Chesnaught|33/100\n|move|p2a: Scizor|Bug Bite|p1b: Milotic\n|-damage|p1b: Milotic|5/100\n|-enditem|p1b: Milotic|Wacan Berry|[from] stealeat|[move] Bug Bite|[of] p2a: Scizor\n|move|p1a: Incineroar|Parting Shot|p2b: Chesnaught\n|-unboost|p2b: Chesnaught|atk|1\n|-unboost|p2b: Chesnaught|spa|1\n|\n|t:|1776389781\n|switch|p1a: Excadrill|Excadrill, L50, M|100/100|[from] Parting Shot\n|\n|upkeep\n|turn|4\n|\n|t:|1776389803\n|switch|p1b: Incineroar|Incineroar, L50, F|5/100\n|-ability|p1b: Incineroar|Intimidate|boost\n|-unboost|p2a: Scizor|atk|1\n|-unboost|p2b: Chesnaught|atk|1\n|move|p1a: Excadrill|Protect|p1a: Excadrill\n|-singleturn|p1a: Excadrill|Protect\n|move|p2b: Chesnaught|Body Press|p1b: Incineroar\n|-supereffective|p1b: Incineroar|1\n|-damage|p1b: Incineroar|0 fnt\n|faint|p1b: Incineroar\n|move|p2a: Scizor|Focus Energy|p2a: Scizor\n|-start|p2a: Scizor|move: Focus Energy\n|\n|upkeep\n|\n|t:|1776389814\n|switch|p1b: Tyranitar|Tyranitar, L50, M|100/100\n|-weather|Sandstorm|[from] ability: Sand Stream|[of] p1b: Tyranitar\n|turn|5\n|\n|t:|1776389830\n|detailschange|p1b: Tyranitar|Tyranitar-Mega, L50, M\n|-mega|p1b: Tyranitar|Tyranitar|Tyranitarite\n|move|p2b: Chesnaught|Wide Guard|p2b: Chesnaught\n|-singleturn|p2b: Chesnaught|Wide Guard\n|move|p1a: Excadrill|High Horsepower|p2a: Scizor\n|-damage|p2a: Scizor|45/100\n|move|p2a: Scizor|Bug Bite|p1b: Tyranitar\n|-supereffective|p1b: Tyranitar|1\n|-crit|p1b: Tyranitar\n|-damage|p1b: Tyranitar|2/100\n|move|p1b: Tyranitar|Knock Off|p2a: Scizor\n|-damage|p2a: Scizor|0 fnt\n|-enditem|p2a: Scizor|Scope Lens|[from] move: Knock Off|[of] p1b: Tyranitar\n|faint|p2a: Scizor\n|\n|-weather|Sandstorm|[upkeep]\n|-damage|p2b: Chesnaught|27/100|[from] Sandstorm\n|upkeep\n|\n|t:|1776389848\n|switch|p2a: Salazzle|Salazzle, L50, F|100/100\n|turn|6\n|inactive|ClumbsyLilBeach has 30 seconds left.\n|\n|t:|1776389880\n|move|p2a: Salazzle|Fake Out|p1a: Excadrill\n|-resisted|p1a: Excadrill|1\n|-damage|p1a: Excadrill|96/100\n|cant|p1a: Excadrill|flinch\n|move|p2b: Chesnaught|Body Press|p1b: Tyranitar\n|-supereffective|p1b: Tyranitar|2\n|-damage|p1b: Tyranitar|0 fnt\n|faint|p1b: Tyranitar\n|\n|-weather|Sandstorm|[upkeep]\n|-damage|p2a: Salazzle|94/100|[from] Sandstorm\n|-damage|p2b: Chesnaught|21/100|[from] Sandstorm\n|upkeep\n|\n|t:|1776389887\n|switch|p1b: Milotic|Milotic, L50, F|5/100\n|turn|7\n|\n|t:|1776389910\n|move|p2b: Chesnaught|Spiky Shield|p2b: Chesnaught\n|-singleturn|p2b: Chesnaught|move: Protect\n|move|p1a: Excadrill|High Horsepower|p2a: Salazzle\n|-supereffective|p2a: Salazzle|2\n|-damage|p2a: Salazzle|0 fnt\n|faint|p2a: Salazzle\n|move|p1b: Milotic|Ice Beam|p2b: Chesnaught\n|-activate|p2b: Chesnaught|move: Protect\n|\n|-weather|Sandstorm|[upkeep]\n|-damage|p2b: Chesnaught|15/100|[from] Sandstorm\n|-damage|p1b: Milotic|0 fnt|[from] Sandstorm\n|faint|p1b: Milotic\n|upkeep\n|turn|8\n|\n|t:|1776389929\n|move|p1a: Excadrill|High Horsepower|p2b: Chesnaught\n|-resisted|p2b: Chesnaught|1\n|-damage|p2b: Chesnaught|0 fnt\n|faint|p2b: Chesnaught\n|\n|win|Juya\n|raw|Juya's rating: 1397 &rarr; <strong>1419</strong><br />(+22 for winning)\n|raw|ClumbsyLilBeach's rating: 1434 &rarr; <strong>1412</strong><br />(-22 for losing)\n",
  "uploadtime": 1776389937,
  "views": 41,
  "formatid": "gen9championsvgc2026regma",
  "rating": 1412,
  "private": 0,
  "password": null
}