{
  "id": "gen9championsvgc2026regma-2586664206",
  "format": "[Gen 9 Champions] VGC 2026 Reg M-A",
  "players": [
    "Wobcob",
    "hazima"
  ],
  "log": "|j|\u2606Wobcob\n|j|\u2606hazima\n|t:|1776450387\n|gametype|doubles\n|player|p1|Wobcob|cowgirl|1412\n|player|p2|hazima|lillie-masters2|1347\n|gen|9\n|tier|[Gen 9 Champions] VGC 2026 Reg M-A\n|rated|\n|rule|Species Clause: Limit one of each Pok\u00e9mon\n|rule|Item Clause: Limit 1 of each item\n|clearpoke\n|poke|p1|Pelipper, L50, F|\n|poke|p1|Basculegion, L50, M|\n|poke|p1|Incineroar, L50, F|\n|poke|p1|Sinistcha, L50|\n|poke|p1|Dragonite, L50, F|\n|poke|p1|Aggron, L50, M|\n|poke|p2|Volcarona, L50, F|\n|poke|p2|Sinistcha, L50|\n|poke|p2|Sneasler, L50, M|\n|poke|p2|Incineroar, L50, F|\n|poke|p2|Gengar, L50, F|\n|poke|p2|Maushold, L50|\n|teampreview|4\n|inactive|Battle timer is ON: inactive players will automatically lose when time's up. (requested by hazima)\n|\n|t:|1776450415\n|teamsize|p1|4\n|teamsize|p2|4\n|start\n|switch|p1a: Basculegion|Basculegion, L50, M|100/100\n|switch|p1b: Aggron|Aggron, L50, M|100/100\n|switch|p2a: Maushold|Maushold, L50|100/100\n|switch|p2b: Volcarona|Volcarona, L50, F|100/100\n|turn|1\n|\n|t:|1776450422\n|switch|p1b: Pelipper|Pelipper, L50, F|100/100\n|-weather|RainDance|[from] ability: Drizzle|[of] p1b: Pelipper\n|move|p2a: Maushold|Follow Me|p2a: Maushold\n|-singleturn|p2a: Maushold|move: Follow Me\n|move|p1a: Basculegion|Flip Turn|p2a: Maushold\n|-damage|p2a: Maushold|41/100\n|\n|t:|1776450430\n|switch|p1a: Incineroar|Incineroar, L50, F|100/100|[from] Flip Turn\n|-ability|p1a: Incineroar|Intimidate|boost\n|-unboost|p2a: Maushold|atk|1\n|-unboost|p2b: Volcarona|atk|1\n|move|p2b: Volcarona|Quiver Dance|p2b: Volcarona\n|-boost|p2b: Volcarona|spa|1\n|-boost|p2b: Volcarona|spd|1\n|-boost|p2b: Volcarona|spe|1\n|\n|-weather|RainDance|[upkeep]\n|upkeep\n|turn|2\n|\n|t:|1776450446\n|move|p1a: Incineroar|Fake Out|p2b: Volcarona\n|-damage|p2b: Volcarona|93/100\n|-immune|p1a: Incineroar\n|cant|p2b: Volcarona|flinch\n|move|p2a: Maushold|Super Fang|p1b: Pelipper|[miss]\n|-miss|p2a: Maushold|p1b: Pelipper\n|move|p1b: Pelipper|Tailwind|p1b: Pelipper\n|-sidestart|p1: Wobcob|move: Tailwind\n|\n|-weather|RainDance|[upkeep]\n|-heal|p2b: Volcarona|99/100|[from] item: Leftovers\n|upkeep\n|turn|3\n|\n|t:|1776450465\n|move|p2a: Maushold|Follow Me|p2a: Maushold\n|-singleturn|p2a: Maushold|move: Follow Me\n|move|p1b: Pelipper|Hurricane|p2a: Maushold\n|-damage|p2a: Maushold|0 fnt\n|faint|p2a: Maushold\n|move|p2b: Volcarona|Quiver Dance|p2b: Volcarona\n|-boost|p2b: Volcarona|spa|1\n|-boost|p2b: Volcarona|spd|1\n|-boost|p2b: Volcarona|spe|1\n|move|p1a: Incineroar|Parting Shot|p2b: Volcarona\n|-unboost|p2b: Volcarona|atk|1\n|-unboost|p2b: Volcarona|spa|1\n|\n|t:|1776450472\n|switch|p1a: Basculegion|Basculegion, L50, M|100/100|[from] Parting Shot\n|\n|-weather|RainDance|[upkeep]\n|-heal|p2b: Volcarona|100/100|[from] item: Leftovers\n|upkeep\n|\n|t:|1776450476\n|switch|p2a: Sinistcha|Sinistcha, L50|100/100\n|turn|4\n|\n|t:|1776450498\n|move|p2a: Sinistcha|Rage Powder|p2a: Sinistcha\n|-singleturn|p2a: Sinistcha|move: Rage Powder\n|move|p1a: Basculegion|Flip Turn|p2a: Sinistcha\n|-resisted|p2a: Sinistcha|1\n|-damage|p2a: Sinistcha|78/100\n|\n|t:|1776450503\n|switch|p1a: Incineroar|Incineroar, L50, F|100/100|[from] Flip Turn\n|-ability|p1a: Incineroar|Intimidate|boost\n|-unboost|p2a: Sinistcha|atk|1\n|-unboost|p2b: Volcarona|atk|1\n|move|p2b: Volcarona|Bug Buzz|p1b: Pelipper\n|-resisted|p1b: Pelipper|1\n|-crit|p1b: Pelipper\n|-damage|p1b: Pelipper|23/100\n|move|p1b: Pelipper|Hurricane|p2a: Sinistcha\n|-supereffective|p2a: Sinistcha|1\n|-damage|p2a: Sinistcha|0 fnt\n|faint|p2a: Sinistcha\n|\n|-weather|RainDance|[upkeep]\n|upkeep\n|\n|t:|1776450512\n|switch|p2a: Sneasler|Sneasler, L50, M|100/100\n|turn|5\n|\n|t:|1776450526\n|switch|p1b: Aggron|Aggron, L50, M|100/100\n|move|p2a: Sneasler|Fake Out|p1b: Aggron\n|-resisted|p1b: Aggron|2\n|-damage|p1b: Aggron|99/100\n|move|p1a: Incineroar|Fake Out|p2a: Sneasler\n|-damage|p2a: Sneasler|81/100\n|move|p2b: Volcarona|Quiver Dance|p2b: Volcarona\n|-boost|p2b: Volcarona|spa|1\n|-boost|p2b: Volcarona|spd|1\n|-boost|p2b: Volcarona|spe|1\n|\n|-weather|none\n|-sideend|p1: Wobcob|move: Tailwind\n|upkeep\n|turn|6\n|inactive|Wobcob has 30 seconds left.\n|\n|t:|1776450556\n|switch|p1a: Basculegion|Basculegion, L50, M|100/100\n|switch|p1b: Pelipper|Pelipper, L50, F|23/100\n|-weather|RainDance|[from] ability: Drizzle|[of] p1b: Pelipper\n|move|p2b: Volcarona|Bug Buzz|p1a: Basculegion\n|-resisted|p1a: Basculegion|1\n|-damage|p1a: Basculegion|53/100\n|move|p2a: Sneasler|Coaching|p2b: Volcarona\n|-boost|p2b: Volcarona|atk|1\n|-boost|p2b: Volcarona|def|1\n|\n|-weather|RainDance|[upkeep]\n|upkeep\n|turn|7\n|inactive|hazima has 30 seconds left.\n|inactive|Wobcob has 30 seconds left.\n|\n|t:|1776450592\n|switch|p1b: Incineroar|Incineroar, L50, F|100/100\n|-ability|p1b: Incineroar|Intimidate|boost\n|-unboost|p2a: Sneasler|atk|1\n|-unboost|p2b: Volcarona|atk|1\n|move|p1a: Basculegion|Aqua Jet|p2b: Volcarona\n|-supereffective|p2b: Volcarona|1\n|-damage|p2b: Volcarona|48/100\n|-status|p1a: Basculegion|brn|[from] ability: Flame Body|[of] p2b: Volcarona\n|move|p2b: Volcarona|Quiver Dance|p2b: Volcarona\n|-boost|p2b: Volcarona|spa|1\n|-boost|p2b: Volcarona|spd|1\n|-boost|p2b: Volcarona|spe|1\n|move|p2a: Sneasler|Coaching|p2b: Volcarona\n|-boost|p2b: Volcarona|atk|1\n|-boost|p2b: Volcarona|def|1\n|\n|-weather|RainDance|[upkeep]\n|-heal|p2b: Volcarona|55/100|[from] item: Leftovers\n|-damage|p1a: Basculegion|47/100 brn|[from] brn\n|upkeep\n|turn|8\n|\n|t:|1776450615\n|switch|p1b: Pelipper|Pelipper, L50, F|23/100\n|move|p2b: Volcarona|Protect|p2b: Volcarona\n|-singleturn|p2b: Volcarona|Protect\n|move|p2a: Sneasler|Protect|p2a: Sneasler\n|-singleturn|p2a: Sneasler|Protect\n|move|p1a: Basculegion|Aqua Jet|p2a: Sneasler\n|-activate|p2a: Sneasler|move: Protect\n|\n|-weather|RainDance|[upkeep]\n|-heal|p2b: Volcarona|61/100|[from] item: Leftovers\n|-damage|p1a: Basculegion|41/100 brn|[from] brn\n|upkeep\n|turn|9\n|\n|t:|1776450637\n|switch|p1b: Incineroar|Incineroar, L50, F|100/100\n|-ability|p1b: Incineroar|Intimidate|boost\n|-unboost|p2a: Sneasler|atk|1\n|-unboost|p2b: Volcarona|atk|1\n|move|p1a: Basculegion|Aqua Jet|p2b: Volcarona\n|-supereffective|p2b: Volcarona|1\n|-damage|p2b: Volcarona|39/100\n|move|p2b: Volcarona|Bug Buzz|p1b: Incineroar\n|-damage|p1b: Incineroar|7/100\n|-enditem|p1b: Incineroar|Sitrus Berry|[eat]\n|-heal|p1b: Incineroar|32/100|[from] item: Sitrus Berry\n|move|p2a: Sneasler|Coaching|p2b: Volcarona\n|-boost|p2b: Volcarona|atk|1\n|-boost|p2b: Volcarona|def|1\n|\n|-weather|RainDance|[upkeep]\n|-heal|p2b: Volcarona|45/100|[from] item: Leftovers\n|-damage|p1a: Basculegion|35/100 brn|[from] brn\n|upkeep\n|turn|10\n|\n|t:|1776450661\n|switch|p1b: Aggron|Aggron, L50, M|99/100\n|move|p2b: Volcarona|Protect|p2b: Volcarona\n|-singleturn|p2b: Volcarona|Protect\n|move|p2a: Sneasler|Protect|p2a: Sneasler\n|-singleturn|p2a: Sneasler|Protect\n|move|p1a: Basculegion|Aqua Jet|p2b: Volcarona\n|-activate|p2b: Volcarona|move: Protect\n|\n|-weather|none\n|-heal|p2b: Volcarona|52/100|[from] item: Leftovers\n|-damage|p1a: Basculegion|29/100 brn|[from] brn\n|upkeep\n|turn|11\n|\n|t:|1776450681\n|switch|p1a: Pelipper|Pelipper, L50, F|23/100\n|-weather|RainDance|[from] ability: Drizzle|[of] p1a: Pelipper\n|detailschange|p1b: Aggron|Aggron-Mega, L50, M\n|-mega|p1b: Aggron|Aggron|Aggronite\n|move|p2b: Volcarona|Heat Wave|p1b: Aggron|[spread] p1a,p1b\n|-resisted|p1a: Pelipper|1\n|-crit|p1a: Pelipper\n|-supereffective|p1b: Aggron|1\n|-damage|p1a: Pelipper|0 fnt\n|-damage|p1b: Aggron|48/100\n|faint|p1a: Pelipper\n|move|p2a: Sneasler|Coaching|p2b: Volcarona\n|-boost|p2b: Volcarona|atk|1\n|-boost|p2b: Volcarona|def|1\n|move|p1b: Aggron|Heavy Slam|p2b: Volcarona\n|-resisted|p2b: Volcarona|1\n|-damage|p2b: Volcarona|42/100\n|-status|p1b: Aggron|brn|[from] ability: Flame Body|[of] p2b: Volcarona\n|\n|-weather|RainDance|[upkeep]\n|-heal|p2b: Volcarona|48/100|[from] item: Leftovers\n|-damage|p1b: Aggron|42/100 brn|[from] brn\n|upkeep\n|\n|t:|1776450695\n|switch|p1a: Basculegion|Basculegion, L50, M|29/100 brn\n|turn|12\n|\n|t:|1776450705\n|switch|p1b: Incineroar|Incineroar, L50, F|32/100\n|-ability|p1b: Incineroar|Intimidate|boost\n|-unboost|p2a: Sneasler|atk|1\n|-unboost|p2b: Volcarona|atk|1\n|move|p1a: Basculegion|Aqua Jet|p2b: Volcarona\n|-supereffective|p2b: Volcarona|1\n|-damage|p2b: Volcarona|35/100\n|move|p2b: Volcarona|Bug Buzz|p1a: Basculegion\n|-resisted|p1a: Basculegion|1\n|-damage|p1a: Basculegion|0 fnt\n|faint|p1a: Basculegion\n|move|p2a: Sneasler|Coaching|p2b: Volcarona\n|-boost|p2b: Volcarona|atk|1\n|-boost|p2b: Volcarona|def|1\n|\n|-weather|RainDance|[upkeep]\n|-heal|p2b: Volcarona|41/100|[from] item: Leftovers\n|upkeep\n|\n|t:|1776450711\n|switch|p1a: Aggron|Aggron-Mega, L50, M|42/100 brn\n|turn|13\n|\n|t:|1776450724\n|move|p2b: Volcarona|Protect|p2b: Volcarona\n|-singleturn|p2b: Volcarona|Protect\n|move|p2a: Sneasler|Protect|p2a: Sneasler\n|-singleturn|p2a: Sneasler|Protect\n|move|p1b: Incineroar|Fake Out|p2b: Volcarona\n|-activate|p2b: Volcarona|move: Protect\n|move|p1a: Aggron|Heavy Slam|p2b: Volcarona\n|-activate|p2b: Volcarona|move: Protect\n|\n|-weather|RainDance|[upkeep]\n|-heal|p2b: Volcarona|47/100|[from] item: Leftovers\n|-damage|p1a: Aggron|36/100 brn|[from] brn\n|upkeep\n|turn|14\n|\n|t:|1776450733\n|move|p2b: Volcarona|Heat Wave|p1a: Aggron|[spread] p1a,p1b\n|-supereffective|p1a: Aggron|1\n|-resisted|p1b: Incineroar|1\n|-damage|p1a: Aggron|0 fnt\n|-damage|p1b: Incineroar|15/100\n|faint|p1a: Aggron\n|move|p2a: Sneasler|Close Combat|p1b: Incineroar\n|-supereffective|p1b: Incineroar|1\n|-damage|p1b: Incineroar|0 fnt\n|-unboost|p2a: Sneasler|def|1\n|-unboost|p2a: Sneasler|spd|1\n|faint|p1b: Incineroar\n|\n|win|hazima\n|raw|Wobcob's rating: 1412 &rarr; <strong>1388</strong><br />(-24 for losing)\n|raw|hazima's rating: 1347 &rarr; <strong>1371</strong><br />(+24 for winning)\n|l|\u2606Wobcob\n|player|p1|\n",
  "uploadtime": 1776450820,
  "views": 64,
  "formatid": "gen9championsvgc2026regma",
  "rating": 1371,
  "private": 0,
  "password": null
}