{
  "id": "gen9championsvgc2026regma-2584634094",
  "format": "[Gen 9 Champions] VGC 2026 Reg M-A",
  "players": [
    "PJWQuantom",
    "Amukhan"
  ],
  "log": "|j|\u2606PJWQuantom\n|j|\u2606Amukhan\n|t:|1776273452\n|gametype|doubles\n|player|p1|PJWQuantom|1|1022\n|player|p2|Amukhan|ingo|1081\n|gen|9\n|tier|[Gen 9 Champions] VGC 2026 Reg M-A\n|rated|\n|rule|Species Clause: Limit one of each Pok\u00e9mon\n|rule|Item Clause: Limit 1 of each item\n|clearpoke\n|poke|p1|Lucario, L50, M|\n|poke|p1|Sableye, L50, M|\n|poke|p1|Sinistcha-Masterpiece, L50|\n|poke|p1|Aegislash, L50, F|\n|poke|p1|Archaludon, L50, F|\n|poke|p1|Passimian, L50, M|\n|poke|p2|Pelipper, L50, M|\n|poke|p2|Basculegion, L50, M|\n|poke|p2|Dragonite, L50, F|\n|poke|p2|Whimsicott, L50, M|\n|poke|p2|Tyranitar, L50, M|\n|poke|p2|Garchomp, L50, M|\n|teampreview|4\n|\n|t:|1776273475\n|teamsize|p1|4\n|teamsize|p2|4\n|start\n|switch|p1a: Sableye|Sableye, L50, M|100/100\n|switch|p1b: Passimian|Passimian, L50, M|100/100\n|switch|p2a: Dragonite|Dragonite, L50, F, shiny|100/100\n|switch|p2b: Pelipper|Pelipper, L50, M|100/100\n|-weather|RainDance|[from] ability: Drizzle|[of] p2b: Pelipper\n|turn|1\n|\n|t:|1776273500\n|detailschange|p2a: Dragonite|Dragonite-Mega, L50, F, shiny\n|-mega|p2a: Dragonite|Dragonite|Dragoninite\n|move|p1a: Sableye|Fake Out|p2a: Dragonite\n|-damage|p2a: Dragonite|96/100\n|move|p1b: Passimian|Bulk Up|p1b: Passimian\n|-boost|p1b: Passimian|atk|1\n|-boost|p1b: Passimian|def|1\n|cant|p2a: Dragonite|flinch\n|move|p2b: Pelipper|Tailwind|p2b: Pelipper\n|-sidestart|p2: Amukhan|move: Tailwind\n|\n|-weather|RainDance|[upkeep]\n|upkeep\n|turn|2\n|\n|t:|1776273518\n|move|p1a: Sableye|Will-O-Wisp|p2a: Dragonite\n|-status|p2a: Dragonite|brn\n|move|p2a: Dragonite|Hurricane|p1b: Passimian\n|-supereffective|p1b: Passimian|1\n|-damage|p1b: Passimian|0 fnt\n|faint|p1b: Passimian\n|move|p2b: Pelipper|U-turn|p1a: Sableye\n|-damage|p1a: Sableye|84/100\n|\n|t:|1776273527\n|switch|p2b: Basculegion|Basculegion, L50, M|100/100|[from] U-turn\n|\n|-weather|RainDance|[upkeep]\n|-damage|p2a: Dragonite|90/100 brn|[from] brn\n|upkeep\n|\n|t:|1776273536\n|switch|p1b: Archaludon|Archaludon, L50, F|100/100\n|turn|3\n|\n|t:|1776273583\n|move|p1a: Sableye|Will-O-Wisp|p2b: Basculegion\n|-status|p2b: Basculegion|brn\n|move|p2b: Basculegion|Flip Turn|p1b: Archaludon\n|-resisted|p1b: Archaludon|1\n|-damage|p1b: Archaludon|92/100\n|-ability|p1b: Archaludon|Stamina|boost\n|-boost|p1b: Archaludon|def|1\n|\n|t:|1776273590\n|switch|p2b: Whimsicott|Whimsicott, L50, M, shiny|100/100|[from] Flip Turn\n|move|p2a: Dragonite|Hurricane|p1a: Sableye\n|-damage|p1a: Sableye|0 fnt\n|faint|p1a: Sableye\n|move|p1b: Archaludon|Stealth Rock|p2a: Dragonite\n|-sidestart|p2: Amukhan|move: Stealth Rock\n|\n|-weather|RainDance|[upkeep]\n|-heal|p1b: Archaludon|98/100|[from] item: Leftovers\n|-damage|p2a: Dragonite|84/100 brn|[from] brn\n|upkeep\n|\n|t:|1776273603\n|switch|p1a: Aegislash|Aegislash, L50, F|100/100\n|turn|4\n|\n|t:|1776273629\n|move|p1a: Aegislash|King's Shield|p1a: Aegislash\n|-singleturn|p1a: Aegislash|Protect\n|move|p2b: Whimsicott|Fake Tears|p1b: Archaludon\n|-unboost|p1b: Archaludon|spd|2\n|move|p2a: Dragonite|Ice Beam|p1b: Archaludon\n|-damage|p1b: Archaludon|20/100\n|-ability|p1b: Archaludon|Stamina|boost\n|-boost|p1b: Archaludon|def|1\n|move|p1b: Archaludon|Iron Head|p2b: Whimsicott\n|-supereffective|p2b: Whimsicott|1\n|-damage|p2b: Whimsicott|29/100\n|\n|-weather|RainDance|[upkeep]\n|-heal|p1b: Archaludon|26/100|[from] item: Leftovers\n|-damage|p2a: Dragonite|78/100 brn|[from] brn\n|-sideend|p2: Amukhan|move: Tailwind\n|upkeep\n|turn|5\n|\n|t:|1776273654\n|move|p2b: Whimsicott|Fake Tears|p1a: Aegislash\n|-unboost|p1a: Aegislash|spd|2\n|-formechange|p1a: Aegislash|Aegislash-Blade|\n|move|p1a: Aegislash|Shadow Sneak|p2b: Whimsicott\n|-damage|p2b: Whimsicott|0 fnt\n|faint|p2b: Whimsicott\n|move|p2a: Dragonite|Weather Ball|p1a: Aegislash\n|-damage|p1a: Aegislash|0 fnt\n|faint|p1a: Aegislash\n|move|p1b: Archaludon|Rest|p1b: Archaludon\n|-status|p1b: Archaludon|slp|[from] move: Rest\n|-heal|p1b: Archaludon|100/100 slp|[silent]\n|\n|-weather|none\n|-damage|p2a: Dragonite|72/100 brn|[from] brn\n|upkeep\n|-message|PJWQuantom forfeited.\n|\n|win|Amukhan\n|raw|PJWQuantom's rating: 1022 &rarr; <strong>1011</strong><br />(-11 for losing)\n|raw|Amukhan's rating: 1081 &rarr; <strong>1104</strong><br />(+23 for winning)\n|l|\u2606PJWQuantom\n|player|p1|\n",
  "uploadtime": 1776273671,
  "views": 21,
  "formatid": "gen9championsvgc2026regma",
  "rating": 1011,
  "private": 0,
  "password": null
}