{
  "id": "gen9championsvgc2026regma-2587993430",
  "format": "[Gen 9 Champions] VGC 2026 Reg M-A",
  "players": [
    "Jousef9",
    "Bastiodon Stan"
  ],
  "log": "|j|\u2606Jousef9\n|j|\u2606Bastiodon Stan\n|t:|1776590058\n|gametype|doubles\n|player|p1|Jousef9|265|1186\n|player|p2|Bastiodon Stan|pokemonbreederf|1126\n|gen|9\n|tier|[Gen 9 Champions] VGC 2026 Reg M-A\n|rated|\n|rule|Species Clause: Limit one of each Pok\u00e9mon\n|rule|Item Clause: Limit 1 of each item\n|clearpoke\n|poke|p1|Venusaur, L50, M|\n|poke|p1|Tyranitar, L50, F|\n|poke|p1|Excadrill, L50, F|\n|poke|p1|Rotom-Wash, L50|\n|poke|p1|Sneasler, L50, M|\n|poke|p1|Corviknight, L50, F|\n|poke|p2|Lopunny, L50, F|\n|poke|p2|Typhlosion-Hisui, L50, M|\n|poke|p2|Aerodactyl, L50, M|\n|poke|p2|Tauros-Paldea-Aqua, L50, M|\n|poke|p2|Sneasler, L50, M|\n|poke|p2|Rotom-Wash, L50|\n|teampreview|4\n|inactive|Battle timer is ON: inactive players will automatically lose when time's up. (requested by Jousef9)\n|inactive|Bastiodon Stan has 60 seconds left.\n|\n|t:|1776590089\n|teamsize|p1|4\n|teamsize|p2|4\n|start\n|switch|p1a: Tyranitar|Tyranitar, L50, F|100/100\n|switch|p1b: Rotom|Rotom-Wash, L50|100/100\n|switch|p2a: Tauros|Tauros-Paldea-Aqua, L50, M|100/100\n|switch|p2b: Sneasler|Sneasler, L50, M|100/100\n|-ability|p2a: Tauros|Intimidate|boost\n|-unboost|p1a: Tyranitar|atk|1\n|-unboost|p1b: Rotom|atk|1\n|-weather|Sandstorm|[from] ability: Sand Stream|[of] p1a: Tyranitar\n|turn|1\n|\n|t:|1776590114\n|move|p1a: Tyranitar|Protect|p1a: Tyranitar\n|-singleturn|p1a: Tyranitar|Protect\n|move|p2b: Sneasler|Fake Out|p1b: Rotom\n|-damage|p1b: Rotom|86/100\n|move|p2a: Tauros|Close Combat|p1a: Tyranitar\n|-activate|p1a: Tyranitar|move: Protect\n|cant|p1b: Rotom|flinch\n|\n|-weather|Sandstorm|[upkeep]\n|-damage|p2b: Sneasler|95/100|[from] Sandstorm\n|-damage|p2a: Tauros|95/100|[from] Sandstorm\n|-damage|p1b: Rotom|81/100|[from] Sandstorm\n|upkeep\n|turn|2\n|\n|t:|1776590134\n|switch|p1a: Venusaur|Venusaur, L50, M|100/100\n|move|p2b: Sneasler|Close Combat|p1a: Venusaur\n|-resisted|p1a: Venusaur|1\n|-damage|p1a: Venusaur|65/100\n|-unboost|p2b: Sneasler|def|1\n|-unboost|p2b: Sneasler|spd|1\n|-enditem|p2b: Sneasler|White Herb\n|-clearnegativeboost|p2b: Sneasler|[silent]\n|move|p2a: Tauros|Close Combat|p1b: Rotom\n|-damage|p1b: Rotom|29/100\n|-unboost|p2a: Tauros|def|1\n|-unboost|p2a: Tauros|spd|1\n|-enditem|p1b: Rotom|Sitrus Berry|[eat]\n|-heal|p1b: Rotom|53/100|[from] item: Sitrus Berry\n|move|p1b: Rotom|Volt Switch|p2a: Tauros\n|-supereffective|p2a: Tauros|1\n|-damage|p2a: Tauros|0 fnt\n|faint|p2a: Tauros\n|\n|t:|1776590154\n|switch|p1b: Excadrill|Excadrill, L50, F|100/100|[from] Volt Switch\n|\n|-weather|Sandstorm|[upkeep]\n|-damage|p2b: Sneasler|89/100|[from] Sandstorm\n|-damage|p1a: Venusaur|59/100|[from] Sandstorm\n|upkeep\n|\n|t:|1776590159\n|switch|p2a: Lopunny|Lopunny, L50, F|100/100\n|turn|3\n|inactive|Jousef9 has 30 seconds left.\n|inactive|Bastiodon Stan has 30 seconds left.\n|inactive|Jousef9 has 20 seconds left.\n|\n|t:|1776590195\n|detailschange|p2a: Lopunny|Lopunny-Mega, L50, F\n|-mega|p2a: Lopunny|Lopunny|Lopunnite\n|move|p2b: Sneasler|Protect|p2b: Sneasler\n|-singleturn|p2b: Sneasler|Protect\n|move|p1a: Venusaur|Protect|p1a: Venusaur\n|-singleturn|p1a: Venusaur|Protect\n|move|p2a: Lopunny|Fake Out|p1b: Excadrill\n|-resisted|p1b: Excadrill|1\n|-damage|p1b: Excadrill|84/100\n|cant|p1b: Excadrill|flinch\n|\n|-weather|Sandstorm|[upkeep]\n|-damage|p2b: Sneasler|83/100|[from] Sandstorm\n|-damage|p2a: Lopunny|95/100|[from] Sandstorm\n|-damage|p1a: Venusaur|53/100|[from] Sandstorm\n|upkeep\n|turn|4\n|\n|t:|1776590214\n|detailschange|p1a: Venusaur|Venusaur-Mega, L50, M\n|-mega|p1a: Venusaur|Venusaur|Venusaurite\n|move|p2b: Sneasler|Close Combat|p1b: Excadrill\n|-supereffective|p1b: Excadrill|1\n|-damage|p1b: Excadrill|0 fnt\n|-unboost|p2b: Sneasler|def|1\n|-unboost|p2b: Sneasler|spd|1\n|faint|p1b: Excadrill\n|move|p2a: Lopunny|Triple Axel|p1a: Venusaur\n|-supereffective|p1a: Venusaur|1\n|-damage|p1a: Venusaur|46/100\n|-supereffective|p1a: Venusaur|1\n|-damage|p1a: Venusaur|35/100\n|-supereffective|p1a: Venusaur|1\n|-damage|p1a: Venusaur|17/100\n|-hitcount|p1a: Venusaur|3\n|move|p1a: Venusaur|Giga Drain|p2a: Lopunny\n|-damage|p2a: Lopunny|46/100\n|-heal|p1a: Venusaur|35/100|[from] drain|[of] p2a: Lopunny\n|\n|-weather|Sandstorm|[upkeep]\n|-damage|p2b: Sneasler|78/100|[from] Sandstorm\n|-damage|p2a: Lopunny|40/100|[from] Sandstorm\n|-damage|p1a: Venusaur|29/100|[from] Sandstorm\n|upkeep\n|\n|t:|1776590224\n|switch|p1b: Tyranitar|Tyranitar, L50, F|100/100\n|turn|5\n|\n|t:|1776590250\n|move|p1a: Venusaur|Protect|p1a: Venusaur\n|-singleturn|p1a: Venusaur|Protect\n|move|p2b: Sneasler|Dire Claw|p1a: Venusaur\n|-activate|p1a: Venusaur|move: Protect\n|move|p2a: Lopunny|Close Combat|p1b: Tyranitar\n|-supereffective|p1b: Tyranitar|2\n|-enditem|p1b: Tyranitar|Chople Berry|[eat]\n|-enditem|p1b: Tyranitar|Chople Berry|[weaken]\n|-damage|p1b: Tyranitar|0 fnt\n|-unboost|p2a: Lopunny|def|1\n|-unboost|p2a: Lopunny|spd|1\n|faint|p1b: Tyranitar\n|\n|-weather|none\n|upkeep\n|-message|Jousef9 forfeited.\n|\n|win|Bastiodon Stan\n|raw|Jousef9's rating: 1186 &rarr; <strong>1157</strong><br />(-29 for losing)\n|raw|Bastiodon Stan's rating: 1126 &rarr; <strong>1155</strong><br />(+29 for winning)\n|l|\u2606Jousef9\n|player|p1|\n",
  "uploadtime": 1776590265,
  "views": 9,
  "formatid": "gen9championsvgc2026regma",
  "rating": 1155,
  "private": 0,
  "password": null
}