{
  "id": "gen9championsvgc2026regma-2583025851",
  "format": "[Gen 9 Champions] VGC 2026 Reg M-A",
  "players": [
    "trucmaib",
    "Pyukumukus Facts"
  ],
  "log": "|j|\u2606trucmaib\n|j|\u2606Pyukumukus Facts\n|t:|1776134475\n|gametype|doubles\n|player|p1|trucmaib|102|1065\n|player|p2|Pyukumukus Facts|caitlin|1000\n|gen|9\n|tier|[Gen 9 Champions] VGC 2026 Reg M-A\n|rated|\n|rule|Species Clause: Limit one of each Pok\u00e9mon\n|rule|Item Clause: Limit 1 of each item\n|clearpoke\n|poke|p1|Charizard, L50, F|\n|poke|p1|Incineroar, L50, F|\n|poke|p1|Archaludon, L50, M|\n|poke|p1|Sneasler, L50, M|\n|poke|p1|Whimsicott, L50, M|\n|poke|p1|Garchomp, L50, F|\n|poke|p2|Dragonite, L50, F|\n|poke|p2|Sneasler, L50, F|\n|poke|p2|Pelipper, L50, F|\n|poke|p2|Basculegion, L50, M|\n|poke|p2|Incineroar, L50, M|\n|poke|p2|Gourgeist-*, L50, F|\n|teampreview|4\n|inactive|Battle timer is ON: inactive players will automatically lose when time's up. (requested by Pyukumukus Facts)\n|\n|t:|1776134501\n|teamsize|p1|4\n|teamsize|p2|4\n|start\n|switch|p1a: Charizard|Charizard, L50, F, shiny|100/100\n|switch|p1b: Whimsicott|Whimsicott, L50, M, shiny|100/100\n|switch|p2a: Basculegion|Basculegion, L50, M, shiny|100/100\n|switch|p2b: Pumpkin|Gourgeist-Super, L50, F|100/100\n|-item|p1a: Charizard|Charizardite Y|[from] ability: Frisk|[of] p2b: Pumpkin\n|-item|p1b: Whimsicott|Focus Sash|[from] ability: Frisk|[of] p2b: Pumpkin\n|turn|1\n|inactive|trucmaib has 30 seconds left.\n|\n|t:|1776134535\n|switch|p2b: Pelipper|Pelipper, L50, F|100/100\n|-weather|RainDance|[from] ability: Drizzle|[of] p2b: Pelipper\n|move|p1a: Charizard|Protect|p1a: Charizard\n|-singleturn|p1a: Charizard|Protect\n|move|p1b: Whimsicott|Tailwind|p1b: Whimsicott\n|-sidestart|p1: trucmaib|move: Tailwind\n|move|p2a: Basculegion|Wave Crash|p1a: Charizard\n|-activate|p1a: Charizard|move: Protect\n|\n|-weather|RainDance|[upkeep]\n|upkeep\n|turn|2\n|inactive|trucmaib has 30 seconds left.\n|inactive|trucmaib has 20 seconds left.\n|inactive|trucmaib has 15 seconds left.\n|\n|t:|1776134577\n|switch|p2a: Pumpkin|Gourgeist-Super, L50, F|100/100\n|-item|p1a: Charizard|Charizardite Y|[from] ability: Frisk|[of] p2a: Pumpkin\n|-item|p1b: Whimsicott|Focus Sash|[from] ability: Frisk|[of] p2a: Pumpkin\n|detailschange|p1a: Charizard|Charizard-Mega-Y, L50, F, shiny\n|-mega|p1a: Charizard|Charizard|Charizardite Y\n|-weather|SunnyDay|[from] ability: Drought|[of] p1a: Charizard\n|move|p1a: Charizard|Solar Beam||[still]\n|-prepare|p1a: Charizard|Solar Beam\n|-anim|p1a: Charizard|Solar Beam|p2a: Pumpkin\n|-resisted|p2a: Pumpkin|1\n|-damage|p2a: Pumpkin|69/100\n|move|p1b: Whimsicott|Moonblast|p2a: Pumpkin\n|-damage|p2a: Pumpkin|36/100\n|move|p2b: Pelipper|Tailwind|p2b: Pelipper\n|-sidestart|p2: Pyukumukus Facts|move: Tailwind\n|\n|-weather|SunnyDay|[upkeep]\n|-heal|p2a: Pumpkin|42/100|[from] item: Leftovers\n|upkeep\n|turn|3\n|inactive|trucmaib has 30 seconds left.\n|\n|t:|1776134609\n|switch|p2b: Dragonite|Dragonite, L50, F|100/100\n|move|p1b: Whimsicott|Encore||[still]\n|-fail|p1b: Whimsicott\n|move|p1a: Charizard|Weather Ball|p2a: Pumpkin\n|-supereffective|p2a: Pumpkin|1\n|-damage|p2a: Pumpkin|0 fnt\n|faint|p2a: Pumpkin\n|\n|-weather|SunnyDay|[upkeep]\n|upkeep\n|\n|t:|1776134613\n|switch|p2a: Pelipper|Pelipper, L50, F|100/100\n|-weather|RainDance|[from] ability: Drizzle|[of] p2a: Pelipper\n|turn|4\n|inactive|trucmaib has 30 seconds left.\n|\n|t:|1776134645\n|detailschange|p2b: Dragonite|Dragonite-Mega, L50, F\n|-mega|p2b: Dragonite|Dragonite|Dragoninite\n|move|p1a: Charizard|Protect|p1a: Charizard\n|-singleturn|p1a: Charizard|Protect\n|move|p1b: Whimsicott|Sunny Day|p1b: Whimsicott\n|-weather|SunnyDay\n|move|p2b: Dragonite|Hurricane|p1b: Whimsicott\n|-supereffective|p1b: Whimsicott|1\n|-enditem|p1b: Whimsicott|Focus Sash\n|-damage|p1b: Whimsicott|1/100\n|move|p2a: Pelipper|Weather Ball|p1b: Whimsicott\n|-supereffective|p1b: Whimsicott|1\n|-damage|p1b: Whimsicott|0 fnt\n|faint|p1b: Whimsicott\n|\n|-weather|SunnyDay|[upkeep]\n|-sideend|p1: trucmaib|move: Tailwind\n|upkeep\n|\n|t:|1776134662\n|switch|p1b: Incineroar|Incineroar, L50, F|100/100\n|-ability|p1b: Incineroar|Intimidate|boost\n|-unboost|p2a: Pelipper|atk|1\n|-unboost|p2b: Dragonite|atk|1\n|turn|5\n|\n|t:|1776134673\n|switch|p2a: Basculegion|Basculegion, L50, M, shiny|100/100\n|move|p2b: Dragonite|Protect|p2b: Dragonite\n|-singleturn|p2b: Dragonite|Protect\n|move|p1b: Incineroar|Fake Out|p2a: Basculegion\n|-immune|p2a: Basculegion\n|move|p1a: Charizard|Weather Ball|p2b: Dragonite\n|-activate|p2b: Dragonite|move: Protect\n|\n|-weather|SunnyDay|[upkeep]\n|-sideend|p2: Pyukumukus Facts|move: Tailwind\n|upkeep\n|turn|6\n|\n|t:|1776134695\n|switch|p2b: Pelipper|Pelipper, L50, F|100/100\n|-weather|RainDance|[from] ability: Drizzle|[of] p2b: Pelipper\n|switch|p1a: Archaludon|Archaludon, L50, M, shiny|100/100\n|move|p2a: Basculegion|Wave Crash|p1b: Incineroar\n|-supereffective|p1b: Incineroar|1\n|-damage|p1b: Incineroar|0 fnt\n|faint|p1b: Incineroar\n|-damage|p2a: Basculegion|66/100|[from] Recoil\n|\n|-weather|RainDance|[upkeep]\n|upkeep\n|\n|t:|1776134709\n|switch|p1b: Charizard|Charizard-Mega-Y, L50, F, shiny|100/100\n|-weather|SunnyDay|[from] ability: Drought|[of] p1b: Charizard\n|turn|7\n|\n|t:|1776134730\n|switch|p2b: Dragonite|Dragonite-Mega, L50, F|100/100\n|move|p2a: Basculegion|Protect|p2a: Basculegion\n|-singleturn|p2a: Basculegion|Protect\n|move|p1b: Charizard|Weather Ball|p2b: Dragonite\n|-resisted|p2b: Dragonite|1\n|-damage|p2b: Dragonite|80/100\n|move|p1a: Archaludon|Flash Cannon|p2b: Dragonite\n|-damage|p2b: Dragonite|44/100\n|\n|-weather|SunnyDay|[upkeep]\n|upkeep\n|turn|8\n|\n|t:|1776134751\n|switch|p2a: Pelipper|Pelipper, L50, F|100/100\n|-weather|RainDance|[from] ability: Drizzle|[of] p2a: Pelipper\n|move|p1b: Charizard|Protect|p1b: Charizard\n|-singleturn|p1b: Charizard|Protect\n|move|p2b: Dragonite|Draco Meteor|p1a: Archaludon\n|-damage|p1a: Archaludon|18/100\n|-unboost|p2b: Dragonite|spa|2\n|-ability|p1a: Archaludon|Stamina|boost\n|-boost|p1a: Archaludon|def|1\n|move|p1a: Archaludon|Electro Shot||[still]\n|-prepare|p1a: Archaludon|Electro Shot\n|-boost|p1a: Archaludon|spa|1\n|-anim|p1a: Archaludon|Electro Shot|p2a: Pelipper\n|-supereffective|p2a: Pelipper|2\n|-enditem|p2a: Pelipper|Focus Sash\n|-damage|p2a: Pelipper|1/100\n|\n|-weather|RainDance|[upkeep]\n|-heal|p1a: Archaludon|24/100|[from] item: Leftovers\n|upkeep\n|turn|9\n|inactive|trucmaib has 30 seconds left.\n|inactive|Pyukumukus Facts has 30 seconds left.\n|\n|t:|1776134780\n|move|p1a: Archaludon|Protect|p1a: Archaludon\n|-singleturn|p1a: Archaludon|Protect\n|move|p2b: Dragonite|Draco Meteor|p1a: Archaludon\n|-activate|p1a: Archaludon|move: Protect\n|move|p1b: Charizard|Air Slash|p2a: Pelipper\n|-crit|p2a: Pelipper\n|-damage|p2a: Pelipper|0 fnt\n|faint|p2a: Pelipper\n|\n|-weather|RainDance|[upkeep]\n|-heal|p1a: Archaludon|30/100|[from] item: Leftovers\n|upkeep\n|\n|t:|1776134781\n|switch|p2a: Basculegion|Basculegion, L50, M, shiny|66/100\n|turn|10\n|\n|t:|1776134799\n|move|p2a: Basculegion|Wave Crash|p1b: Charizard\n|-supereffective|p1b: Charizard|1\n|-damage|p1b: Charizard|0 fnt\n|faint|p1b: Charizard\n|-damage|p2a: Basculegion|41/100|[from] Recoil\n|move|p2b: Dragonite|Draco Meteor|p1a: Archaludon\n|-damage|p1a: Archaludon|0 fnt\n|-unboost|p2b: Dragonite|spa|2\n|faint|p1a: Archaludon\n|\n|win|Pyukumukus Facts\n|raw|trucmaib's rating: 1065 &rarr; <strong>1042</strong><br />(-23 for losing)\n|raw|Pyukumukus Facts's rating: 1000 &rarr; <strong>1047</strong><br />(+47 for winning)\n",
  "uploadtime": 1776134801,
  "views": 41,
  "formatid": "gen9championsvgc2026regma",
  "rating": 1042,
  "private": 0,
  "password": null
}