{
  "id": "gen9championsvgc2026regma-2581710069",
  "format": "[Gen 9 Champions] VGC 2026 Reg M-A",
  "players": [
    "nicknicola",
    "Slapme2"
  ],
  "log": "|j|\u2606nicknicola\n|j|\u2606Slapme2\n|t:|1776022478\n|gametype|doubles\n|player|p1|nicknicola|266|1090\n|player|p2|Slapme2|chili|1159\n|gen|9\n|tier|[Gen 9 Champions] VGC 2026 Reg M-A\n|rated|\n|rule|Species Clause: Limit one of each Pok\u00e9mon\n|rule|Item Clause: Limit 1 of each item\n|clearpoke\n|poke|p1|Meganium, L50, M|\n|poke|p1|Pelipper, L50, M|\n|poke|p1|Incineroar, L50, F|\n|poke|p1|Basculegion, L50, M|\n|poke|p1|Sinistcha, L50|\n|poke|p1|Archaludon, L50, M|\n|poke|p2|Froslass, L50, F|\n|poke|p2|Rotom-Frost, L50|\n|poke|p2|Incineroar, L50, M|\n|poke|p2|Garchomp, L50, F|\n|poke|p2|Empoleon, L50, M|\n|poke|p2|Kingambit, L50, M|\n|teampreview|4\n|inactive|Battle timer is ON: inactive players will automatically lose when time's up. (requested by Slapme2)\n|inactive|nicknicola has 60 seconds left.\n|\n|t:|1776022549\n|teamsize|p1|4\n|teamsize|p2|4\n|start\n|switch|p1a: Incineroar|Incineroar, L50, F|100/100\n|switch|p1b: Pelipper|Pelipper, L50, M|100/100\n|switch|p2a: Empoleon|Empoleon, L50, M|100/100\n|switch|p2b: Rotom|Rotom-Frost, L50|100/100\n|-weather|RainDance|[from] ability: Drizzle|[of] p1b: Pelipper\n|-ability|p1a: Incineroar|Intimidate|boost\n|-unboost|p2a: Empoleon|atk|1\n|-ability|p2a: Empoleon|Competitive|boost\n|-boost|p2a: Empoleon|spa|2\n|-unboost|p2b: Rotom|atk|1\n|turn|1\n|inactive|nicknicola has 30 seconds left.\n|\n|t:|1776022580\n|move|p2a: Empoleon|Protect|p2a: Empoleon\n|-singleturn|p2a: Empoleon|Protect\n|move|p1a: Incineroar|Fake Out|p2a: Empoleon\n|-activate|p2a: Empoleon|move: Protect\n|move|p2b: Rotom|Volt Switch|p1b: Pelipper\n|-supereffective|p1b: Pelipper|2\n|-enditem|p1b: Pelipper|Focus Sash\n|-damage|p1b: Pelipper|1/100\n|\n|t:|1776022588\n|switch|p2b: Froslass|Froslass, L50, F|100/100|[from] Volt Switch\n|move|p1b: Pelipper|Tailwind|p1b: Pelipper\n|-sidestart|p1: nicknicola|move: Tailwind\n|\n|-weather|RainDance|[upkeep]\n|upkeep\n|turn|2\n|\n|t:|1776022604\n|detailschange|p2b: Froslass|Froslass-Mega, L50, F\n|-mega|p2b: Froslass|Froslass|Froslassite\n|-weather|Snowscape|[from] ability: Snow Warning|[of] p2b: Froslass\n|move|p1b: Pelipper|Weather Ball|p2b: Froslass\n|-resisted|p2b: Froslass|1\n|-damage|p2b: Froslass|83/100\n|move|p2b: Froslass|Aurora Veil|p2b: Froslass\n|-sidestart|p2: Slapme2|move: Aurora Veil\n|move|p1a: Incineroar|Throat Chop|p2b: Froslass\n|-supereffective|p2b: Froslass|1\n|-damage|p2b: Froslass|32/100\n|-start|p2b: Froslass|Throat Chop|[silent]\n|move|p2a: Empoleon|Water Pulse|p1a: Incineroar\n|-supereffective|p1a: Incineroar|1\n|-damage|p1a: Incineroar|0 fnt\n|faint|p1a: Incineroar\n|\n|-weather|Snowscape|[upkeep]\n|upkeep\n|\n|t:|1776022620\n|switch|p1a: Basculegion|Basculegion, L50, M|100/100\n|turn|3\n|\n|t:|1776022637\n|move|p2b: Froslass|Protect|p2b: Froslass\n|-singleturn|p2b: Froslass|Protect\n|move|p1a: Basculegion|Aqua Jet|p2b: Froslass\n|-activate|p2b: Froslass|move: Protect\n|move|p1b: Pelipper|Rain Dance|p1b: Pelipper\n|-weather|RainDance\n|move|p2a: Empoleon|Flash Cannon|p1a: Basculegion\n|-resisted|p1a: Basculegion|1\n|-damage|p1a: Basculegion|58/100\n|\n|-weather|RainDance|[upkeep]\n|-end|p2b: Froslass|Throat Chop|[silent]\n|upkeep\n|turn|4\n|\n|t:|1776022662\n|switch|p1b: Meganium|Meganium, L50, M|100/100\n|switch|p2b: Kingambit|Kingambit, L50, M|100/100\n|move|p2a: Empoleon|Protect|p2a: Empoleon\n|-singleturn|p2a: Empoleon|Protect\n|move|p1a: Basculegion|Aqua Jet|p2b: Kingambit\n|-damage|p2b: Kingambit|82/100\n|\n|-weather|RainDance|[upkeep]\n|-sideend|p1: nicknicola|move: Tailwind\n|upkeep\n|turn|5\n|inactive|nicknicola has 30 seconds left.\n|inactive|nicknicola has 20 seconds left.\n|inactive|nicknicola has 15 seconds left.\n|inactive|nicknicola has 10 seconds left.\n|inactive|nicknicola has 5 seconds left.\n|\n|t:|1776022717\n|move|p1a: Basculegion|Aqua Jet|p2b: Kingambit\n|-damage|p2b: Kingambit|61/100\n|move|p2b: Kingambit|Iron Head|p1a: Basculegion\n|-resisted|p1a: Basculegion|1\n|-damage|p1a: Basculegion|29/100\n|move|p1b: Meganium|Dazzling Gleam|p2a: Empoleon|[spread] p2a,p2b\n|-resisted|p2a: Empoleon|1\n|-damage|p2a: Empoleon|95/100\n|-damage|p2b: Kingambit|48/100\n|move|p2a: Empoleon|Flash Cannon|p1b: Meganium\n|-damage|p1b: Meganium|22/100\n|\n|-weather|RainDance|[upkeep]\n|-heal|p2a: Empoleon|100/100|[from] item: Leftovers\n|upkeep\n|turn|6\n|c|\u2606nicknicola|fucking timer\n|c|\u2606Slapme2|you are locked into aqua jet\n|inactive|Slapme2 has 30 seconds left.\n|c|\u2606Slapme2|just use your head\n|inactive|Slapme2 has 20 seconds left.\n|\n|t:|1776022759\n|detailschange|p1b: Meganium|Meganium-Mega, L50, M\n|-mega|p1b: Meganium|Meganium|Meganiumite\n|move|p1a: Basculegion|Wave Crash|p2b: Kingambit\n|-damage|p2b: Kingambit|0 fnt\n|faint|p2b: Kingambit\n|-damage|p1a: Basculegion|16/100|[from] Recoil\n|move|p1b: Meganium|Weather Ball|p2a: Empoleon\n|-damage|p2a: Empoleon|62/100\n|move|p2a: Empoleon|Flash Cannon|p1b: Meganium\n|-supereffective|p1b: Meganium|1\n|-damage|p1b: Meganium|0 fnt\n|faint|p1b: Meganium\n|\n|-weather|RainDance|[upkeep]\n|-heal|p2a: Empoleon|68/100|[from] item: Leftovers\n|-sideend|p2: Slapme2|move: Aurora Veil\n|upkeep\n|c|\u2606nicknicola|?\n|c|\u2606nicknicola|im not\n|c|\u2606Slapme2|then stop clicking it\n|\n|t:|1776022774\n|switch|p1b: Pelipper|Pelipper, L50, M|1/100\n|switch|p2b: Froslass|Froslass-Mega, L50, F|32/100\n|-weather|Snowscape|[from] ability: Snow Warning|[of] p2b: Froslass\n|-weather|RainDance|[from] ability: Drizzle|[of] p1b: Pelipper\n|turn|7\n|\n|t:|1776022788\n|move|p2b: Froslass|Protect|p2b: Froslass\n|-singleturn|p2b: Froslass|Protect\n|move|p1a: Basculegion|Aqua Jet|p2b: Froslass\n|-activate|p2b: Froslass|move: Protect\n|move|p1b: Pelipper|Hurricane|p2a: Empoleon\n|-resisted|p2a: Empoleon|1\n|-damage|p2a: Empoleon|47/100\n|-start|p2a: Empoleon|confusion\n|-activate|p2a: Empoleon|confusion\n|move|p2a: Empoleon|Flash Cannon|p1a: Basculegion\n|-resisted|p1a: Basculegion|1\n|-damage|p1a: Basculegion|0 fnt\n|faint|p1a: Basculegion\n|\n|-weather|RainDance|[upkeep]\n|-heal|p2a: Empoleon|52/100|[from] item: Leftovers\n|upkeep\n|turn|8\n|c|\u2606Slapme2|gg ez\n|c|\u2606nicknicola|suck my balls lol\n|inactive|nicknicola has 30 seconds left.\n|-message|nicknicola forfeited.\n|\n|win|Slapme2\n",
  "uploadtime": 1776022811,
  "views": 10,
  "formatid": "gen9championsvgc2026regma",
  "rating": null,
  "private": 0,
  "password": null
}