{
  "id": "gen9championsvgc2026regma-2586004396",
  "format": "[Gen 9 Champions] VGC 2026 Reg M-A",
  "players": [
    "Meldyfreld",
    "AsukaHikaru"
  ],
  "log": "|j|\u2606Meldyfreld\n|j|\u2606AsukaHikaru\n|t:|1776389412\n|gametype|doubles\n|player|p1|Meldyfreld|1|1266\n|player|p2|AsukaHikaru|volkner|1295\n|gen|9\n|tier|[Gen 9 Champions] VGC 2026 Reg M-A\n|rated|\n|rule|Species Clause: Limit one of each Pok\u00e9mon\n|rule|Item Clause: Limit 1 of each item\n|clearpoke\n|poke|p1|Meganium, L50, M|\n|poke|p1|Tyranitar, L50, F|\n|poke|p1|Excadrill, L50, F|\n|poke|p1|Rotom-Wash, L50|\n|poke|p1|Sinistcha, L50|\n|poke|p1|Sneasler, L50, M|\n|poke|p2|Floette-Eternal, L50, F|\n|poke|p2|Incineroar, L50, M|\n|poke|p2|Sinistcha, L50|\n|poke|p2|Aegislash, L50, M|\n|poke|p2|Rotom-Wash, L50|\n|poke|p2|Aerodactyl, L50, M|\n|teampreview|4\n|inactive|Battle timer is ON: inactive players will automatically lose when time's up. (requested by AsukaHikaru)\n|\n|t:|1776389523\n|teamsize|p1|4\n|teamsize|p2|4\n|start\n|switch|p1a: Rotom|Rotom-Wash, L50, shiny|100/100\n|switch|p1b: Tyranitar|Tyranitar, L50, F|100/100\n|switch|p2a: Incineroar|Incineroar, L50, M|100/100\n|switch|p2b: Floette|Floette-Eternal, L50, F|100/100\n|-weather|Sandstorm|[from] ability: Sand Stream|[of] p1b: Tyranitar\n|-ability|p2a: Incineroar|Intimidate|boost\n|-unboost|p1a: Rotom|atk|1\n|-unboost|p1b: Tyranitar|atk|1\n|turn|1\n|inactive|Meldyfreld has 30 seconds left.\n|inactive|AsukaHikaru has 30 seconds left.\n|\n|t:|1776389555\n|detailschange|p2b: Floette|Floette-Mega, L50, F\n|-mega|p2b: Floette|Floette|Floettite\n|-ability|p2b: Floette|Fairy Aura\n|move|p1a: Rotom|Electroweb|p2a: Incineroar|[spread] p2a,p2b\n|-crit|p2b: Floette\n|-damage|p2a: Incineroar|87/100\n|-damage|p2b: Floette|79/100\n|-unboost|p2a: Incineroar|spe|1\n|-unboost|p2b: Floette|spe|1\n|move|p1b: Tyranitar|Rock Slide|p2b: Floette|[spread] p2a,p2b\n|-supereffective|p2a: Incineroar|1\n|-damage|p2a: Incineroar|48/100\n|-damage|p2b: Floette|59/100\n|move|p2b: Floette|Calm Mind|p2b: Floette\n|-boost|p2b: Floette|spa|1\n|-boost|p2b: Floette|spd|1\n|cant|p2a: Incineroar|flinch\n|\n|-weather|Sandstorm|[upkeep]\n|-damage|p1a: Rotom|94/100|[from] Sandstorm\n|-damage|p2b: Floette|52/100|[from] Sandstorm\n|-damage|p2a: Incineroar|42/100|[from] Sandstorm\n|upkeep\n|turn|2\n|inactive|Meldyfreld also wants the timer to be on.\n|inactive|Meldyfreld has 30 seconds left.\n|inactive|Meldyfreld has 20 seconds left.\n|inactive|Meldyfreld has 15 seconds left.\n|inactive|Meldyfreld has 10 seconds left.\n|\n|t:|1776389604\n|switch|p2a: Sinistcha|Sinistcha, L50|100/100\n|-heal|p2b: Floette|77/100|[from] ability: Hospitality|[of] p2a: Sinistcha\n|move|p1a: Rotom|Electroweb|p2b: Floette|[spread] p2a,p2b\n|-resisted|p2a: Sinistcha|1\n|-damage|p2a: Sinistcha|93/100\n|-damage|p2b: Floette|68/100\n|-unboost|p2a: Sinistcha|spe|1\n|-unboost|p2b: Floette|spe|1\n|move|p1b: Tyranitar|Rock Slide|p2a: Sinistcha|[spread] p2a,p2b\n|-damage|p2a: Sinistcha|74/100\n|-damage|p2b: Floette|48/100\n|cant|p2b: Floette|flinch\n|\n|-weather|Sandstorm|[upkeep]\n|-damage|p1a: Rotom|88/100|[from] Sandstorm\n|-damage|p2b: Floette|42/100|[from] Sandstorm\n|-damage|p2a: Sinistcha|68/100|[from] Sandstorm\n|upkeep\n|turn|3\n|\n|t:|1776389627\n|switch|p2a: Incineroar|Incineroar, L50, M|42/100\n|-ability|p2a: Incineroar|Intimidate|boost\n|-unboost|p1a: Rotom|atk|1\n|-unboost|p1b: Tyranitar|atk|1\n|move|p1a: Rotom|Electroweb|p2a: Incineroar|[spread] p2a,p2b\n|-damage|p2a: Incineroar|29/100\n|-damage|p2b: Floette|32/100\n|-unboost|p2a: Incineroar|spe|1\n|-unboost|p2b: Floette|spe|1\n|move|p1b: Tyranitar|Knock Off|p2a: Incineroar\n|-resisted|p2a: Incineroar|1\n|-damage|p2a: Incineroar|16/100\n|-enditem|p2a: Incineroar|Chople Berry|[from] move: Knock Off|[of] p1b: Tyranitar\n|move|p2b: Floette|Dazzling Gleam|p1b: Tyranitar|[spread] p1a,p1b\n|-supereffective|p1b: Tyranitar|1\n|-damage|p1a: Rotom|6/100\n|-damage|p1b: Tyranitar|26/100\n|\n|-weather|Sandstorm|[upkeep]\n|-damage|p1a: Rotom|0 fnt|[from] Sandstorm\n|-damage|p2b: Floette|26/100|[from] Sandstorm\n|-damage|p2a: Incineroar|10/100|[from] Sandstorm\n|faint|p1a: Rotom\n|upkeep\n|\n|t:|1776389650\n|switch|p1a: Meganium|Meganium, L50, M|100/100\n|turn|4\n|\n|t:|1776389661\n|switch|p2a: Sinistcha|Sinistcha, L50|68/100\n|-heal|p2b: Floette|51/100|[from] ability: Hospitality|[of] p2a: Sinistcha\n|detailschange|p1a: Meganium|Meganium-Mega, L50, M\n|-mega|p1a: Meganium|Meganium|Meganiumite\n|move|p2b: Floette|Protect|p2b: Floette\n|-singleturn|p2b: Floette|Protect\n|move|p1a: Meganium|Solar Beam||[still]\n|-prepare|p1a: Meganium|Solar Beam\n|-activate|p1a: Meganium|ability: Mega Sol\n|-anim|p1a: Meganium|Solar Beam|p2b: Floette\n|-activate|p2b: Floette|move: Protect\n|move|p1b: Tyranitar|Rock Slide|p2a: Sinistcha|[spread] p2a\n|-activate|p2b: Floette|move: Protect\n|-damage|p2a: Sinistcha|54/100\n|\n|-weather|Sandstorm|[upkeep]\n|-damage|p1a: Meganium|95/100|[from] Sandstorm\n|-damage|p2a: Sinistcha|47/100|[from] Sandstorm\n|-damage|p2b: Floette|45/100|[from] Sandstorm\n|-enditem|p2a: Sinistcha|Sitrus Berry|[eat]\n|-heal|p2a: Sinistcha|72/100|[from] item: Sitrus Berry\n|upkeep\n|turn|5\n|\n|t:|1776389682\n|switch|p2b: Incineroar|Incineroar, L50, M|10/100\n|-ability|p2b: Incineroar|Intimidate|boost\n|-unboost|p1a: Meganium|atk|1\n|-unboost|p1b: Tyranitar|atk|1\n|move|p1a: Meganium|Solar Beam||[still]\n|-prepare|p1a: Meganium|Solar Beam\n|-activate|p1a: Meganium|ability: Mega Sol\n|-anim|p1a: Meganium|Solar Beam|p2b: Incineroar\n|-resisted|p2b: Incineroar|1\n|-damage|p2b: Incineroar|0 fnt\n|faint|p2b: Incineroar\n|move|p1b: Tyranitar|Rock Slide|p2a: Sinistcha\n|-damage|p2a: Sinistcha|56/100\n|move|p2a: Sinistcha|Matcha Gotcha|p1a: Meganium|[spread] p1b\n|-miss|p2a: Sinistcha|p1a: Meganium\n|-supereffective|p1b: Tyranitar|1\n|-damage|p1b: Tyranitar|0 fnt\n|-heal|p2a: Sinistcha|71/100|[from] drain|[of] p1b: Tyranitar\n|faint|p1b: Tyranitar\n|\n|-weather|none\n|upkeep\n|\n|t:|1776389702\n|switch|p1b: Sneasler|Sneasler, L50, M, shiny|100/100\n|switch|p2b: Aegislash|Aegislash, L50, M|100/100\n|turn|6\n|\n|t:|1776389712\n|move|p1b: Sneasler|Protect|p1b: Sneasler\n|-singleturn|p1b: Sneasler|Protect\n|-formechange|p2b: Aegislash|Aegislash-Blade|\n|move|p2b: Aegislash|Iron Head|p1a: Meganium\n|-supereffective|p1a: Meganium|1\n|-damage|p1a: Meganium|18/100\n|cant|p1a: Meganium|flinch\n|move|p2a: Sinistcha|Life Dew||[still]|[spread] p2a,p2b\n|-heal|p2a: Sinistcha|95/100\n|-fail|p2b: Aegislash|heal\n|\n|upkeep\n|turn|7\n|-message|Meldyfreld forfeited.\n|\n|win|AsukaHikaru\n|raw|Meldyfreld's rating: 1266 &rarr; <strong>1243</strong><br />(-23 for losing)\n|raw|AsukaHikaru's rating: 1295 &rarr; <strong>1318</strong><br />(+23 for winning)\n",
  "uploadtime": 1776389730,
  "views": 28,
  "formatid": "gen9championsvgc2026regma",
  "rating": 1243,
  "private": 0,
  "password": null
}