{
  "id": "gen9championsvgc2026regma-2584622216",
  "format": "[Gen 9 Champions] VGC 2026 Reg M-A",
  "players": [
    "mynamegrassgreen",
    "Zordor"
  ],
  "log": "|j|\u2606mynamegrassgreen\n|j|\u2606Zordor\n|html|<table width=\"100%\"><tr><td align=\"left\">mynamegrassgreen</td><td align=\"right\">Zordor</tr><tr><td align=\"left\"><i class=\"fa fa-circle-o\"></i> <i class=\"fa fa-circle-o\"></i> </td><td align=\"right\"><i class=\"fa fa-circle-o\"></i> <i class=\"fa fa-circle\"></i> </tr></table>\n|uhtml|bestof|<h2><strong>Game 2</strong> of <a href=\"/game-bestof3-gen9championsvgc2026regma-2584618538\">a best-of-3</a></h2>\n|t:|1776272702\n|gametype|doubles\n|player|p1|mynamegrassgreen|266|\n|player|p2|Zordor|pilot|\n|gen|9\n|tier|[Gen 9 Champions] VGC 2026 Reg M-A\n|rated|Tournament battle\n|rule|Species Clause: Limit one of each Pok\u00e9mon\n|rule|Item Clause: Limit 1 of each item\n|raw|<div class=\"infobox\"><details class=\"readmore\" open><summary><strong>2 custom rules:</strong></summary> Force Open Team Sheets, Best of = 3</details></div>\n|clearpoke\n|poke|p1|Kommo-o, L50, M|\n|poke|p1|Gengar, L50, F|\n|poke|p1|Whimsicott, L50, F|\n|poke|p1|Sinistcha-Masterpiece, L50|\n|poke|p1|Incineroar, L50, M|\n|poke|p1|Tyranitar, L50, F|\n|poke|p2|Rotom-Wash, L50|\n|poke|p2|Sneasler, L50, F|\n|poke|p2|Kingambit, L50, F|\n|poke|p2|Altaria, L50, F|\n|poke|p2|Arcanine, L50, M|\n|poke|p2|Dragapult, L50, F|\n|teampreview|4\n|showteam|p1|Kommo-o||Leftovers|Overcoat|ClangorousSoul,ClangingScales,AuraSphere,Protect|||M|||50|]Gengar||Gengarite|CursedBody|ShadowBall,PerishSong,Substitute,Protect|||F|||50|]Whimsicott||FocusSash|Prankster|Moonblast,Encore,Tailwind,Protect|||F|||50|]Sinistcha-Masterpiece||SitrusBerry|Hospitality|MatchaGotcha,RagePowder,TrickRoom,StrengthSap||||||50|]Incineroar||ShucaBerry|Intimidate|FakeOut,FlareBlitz,Protect,PartingShot|||M|||50|]Tyranitar||ChoiceScarf|SandStream|RockSlide,KnockOff,StoneEdge,LowKick|||F|||50|\n|showteam|p2|Rotom-Wash||SitrusBerry|Levitate|HydroPump,Thunderbolt,WillOWisp,Protect||||||50|]Sneasler||FocusSash|Unburden|DireClaw,CloseCombat,RockTomb,Protect|||F|||50|]Kingambit||ChopleBerry|Defiant|KowtowCleave,IronHead,SuckerPunch,Protect|||F|||50|]Altaria||Altarianite|CloudNine|HyperVoice,DragonPulse,Flamethrower,Protect|||F|||50|]Arcanine||Leftovers|Intimidate|FlareBlitz,PsychicFangs,ExtremeSpeed,Protect|||M|||50|]Dragapult||RoseliBerry|ClearBody|DracoMeteor,Hex,LightScreen,WillOWisp|||F|||50|\n|j| BIGGY STEELS\n|j| qmurda\n|j| larrazafio\n|j| tastyfloop\n|j| Zonkah\n|j| LamestAmos\n|j| Laskhoo\n|j| RatzG\n|c|\u2606mynamegrassgreen|getting hard walled by a bird \ud83e\udd40\n|j|+holdingb\n|j| stinkyton\n|j| island pocket\n|\n|t:|1776272748\n|teamsize|p1|4\n|teamsize|p2|4\n|start\n|switch|p1a: The King|Incineroar, L50, M|100/100\n|switch|p1b: LET IT RIP|Kommo-o, L50, M|100/100\n|switch|p2a: Dragapult|Dragapult, L50, F|100/100\n|switch|p2b: Sneasler|Sneasler, L50, F|100/100\n|-ability|p1a: The King|Intimidate|boost\n|-fail|p2a: Dragapult|unboost|[from] ability: Clear Body|[of] p2a: Dragapult\n|-unboost|p2b: Sneasler|atk|1\n|turn|1\n|c| LamestAmos|its more common than one would expect\n|c| LamestAmos|even irl\n|c|\u2606mynamegrassgreen|also\n|c|\u2606mynamegrassgreen|i thought abilities were dynamic\n|j| scalopocomascalo\n|j|%llefface\n|c|\u2606mynamegrassgreen|but sand seemed to restart only after the turn ended\n|\n|t:|1776272801\n|move|p1a: The King|Fake Out|p2b: Sneasler\n|-damage|p2b: Sneasler|83/100\n|move|p2a: Dragapult|Draco Meteor|p1b: LET IT RIP\n|-supereffective|p1b: LET IT RIP|1\n|-damage|p1b: LET IT RIP|4/100\n|-unboost|p2a: Dragapult|spa|2\n|cant|p2b: Sneasler|flinch\n|move|p1b: LET IT RIP|Clangorous Soul||[still]\n|-fail|p1b: LET IT RIP\n|\n|-heal|p1b: LET IT RIP|10/100|[from] item: Leftovers\n|upkeep\n|turn|2\n|c|\u2606mynamegrassgreen|lmao did lnt think u would do that too\n|\n|t:|1776272826\n|switch|p1a: beer|Sinistcha-Masterpiece, L50|100/100\n|-heal|p1b: LET IT RIP|35/100|[from] ability: Hospitality|[of] p1a: beer\n|move|p1b: LET IT RIP|Protect|p1b: LET IT RIP\n|-singleturn|p1b: LET IT RIP|Protect\n|move|p2a: Dragapult|Light Screen|p2a: Dragapult\n|-sidestart|p2: Zordor|move: Light Screen\n|move|p2b: Sneasler|Dire Claw|p1b: LET IT RIP\n|-activate|p1b: LET IT RIP|move: Protect\n|\n|-heal|p1b: LET IT RIP|41/100|[from] item: Leftovers\n|upkeep\n|turn|3\n|\n|t:|1776272846\n|switch|p2a: Kingambit|Kingambit, L50, F|100/100\n|move|p1a: beer|Rage Powder|p1a: beer\n|-singleturn|p1a: beer|move: Rage Powder\n|move|p2b: Sneasler|Dire Claw|p1a: beer\n|-damage|p1a: beer|79/100\n|move|p1b: LET IT RIP|Clangorous Soul|p1b: LET IT RIP\n|-boost|p1b: LET IT RIP|atk|1\n|-boost|p1b: LET IT RIP|def|1\n|-boost|p1b: LET IT RIP|spa|1\n|-boost|p1b: LET IT RIP|spd|1\n|-boost|p1b: LET IT RIP|spe|1\n|-damage|p1b: LET IT RIP|9/100\n|\n|-heal|p1b: LET IT RIP|15/100|[from] item: Leftovers\n|upkeep\n|turn|4\n|j| hiyopon\n|\n|t:|1776272866\n|move|p1a: beer|Rage Powder|p1a: beer\n|-singleturn|p1a: beer|move: Rage Powder\n|move|p1b: LET IT RIP|Aura Sphere|p2a: Kingambit\n|-supereffective|p2a: Kingambit|2\n|-enditem|p2a: Kingambit|Chople Berry|[eat]\n|-enditem|p2a: Kingambit|Chople Berry|[weaken]\n|-damage|p2a: Kingambit|46/100\n|move|p2b: Sneasler|Rock Tomb|p1a: beer\n|-damage|p1a: beer|66/100\n|-unboost|p1a: beer|spe|1\n|move|p2a: Kingambit|Kowtow Cleave|p1a: beer\n|-supereffective|p1a: beer|1\n|-damage|p1a: beer|0 fnt\n|faint|p1a: beer\n|\n|-heal|p1b: LET IT RIP|21/100|[from] item: Leftovers\n|upkeep\n|\n|t:|1776272881\n|switch|p1a: The King|Incineroar, L50, M|100/100\n|-ability|p1a: The King|Intimidate|boost\n|-unboost|p2a: Kingambit|atk|1\n|-ability|p2a: Kingambit|Defiant|boost\n|-boost|p2a: Kingambit|atk|2\n|-unboost|p2b: Sneasler|atk|1\n|turn|5\n|\n|t:|1776272896\n|move|p1a: The King|Fake Out|p2a: Kingambit\n|-resisted|p2a: Kingambit|1\n|-damage|p2a: Kingambit|43/100\n|cant|p2a: Kingambit|flinch\n|move|p1b: LET IT RIP|Clanging Scales|p2b: Sneasler|[spread] p2a,p2b\n|-resisted|p2a: Kingambit|1\n|-damage|p2a: Kingambit|27/100\n|-damage|p2b: Sneasler|41/100\n|-unboost|p1b: LET IT RIP|def|1\n|move|p2b: Sneasler|Close Combat|p1a: The King\n|-supereffective|p1a: The King|1\n|-damage|p1a: The King|43/100\n|-unboost|p2b: Sneasler|def|1\n|-unboost|p2b: Sneasler|spd|1\n|\n|-heal|p1b: LET IT RIP|27/100|[from] item: Leftovers\n|upkeep\n|turn|6\n|\n|t:|1776272914\n|switch|p2b: Dragapult|Dragapult, L50, F|100/100\n|switch|p1a: STAY WITH ME \ud83c\udfb5|Gengar, L50, F|100/100\n|move|p1b: LET IT RIP|Protect|p1b: LET IT RIP\n|-singleturn|p1b: LET IT RIP|Protect\n|move|p2a: Kingambit|Sucker Punch||[still]\n|-fail|p2a: Kingambit\n|\n|-heal|p1b: LET IT RIP|33/100|[from] item: Leftovers\n|-sideend|p2: Zordor|move: Light Screen\n|upkeep\n|turn|7\n|\n|t:|1776272932\n|detailschange|p1a: STAY WITH ME \ud83c\udfb5|Gengar-Mega, L50, F\n|-mega|p1a: STAY WITH ME \ud83c\udfb5|Gengar|Gengarite\n|move|p1b: LET IT RIP|Clanging Scales|p2a: Kingambit|[spread] p2a,p2b\n|-resisted|p2a: Kingambit|1\n|-supereffective|p2b: Dragapult|1\n|-damage|p2a: Kingambit|4/100\n|-damage|p2b: Dragapult|0 fnt\n|faint|p2b: Dragapult\n|-unboost|p1b: LET IT RIP|def|1\n|move|p1a: STAY WITH ME \ud83c\udfb5|Shadow Ball|p2a: Kingambit\n|-resisted|p2a: Kingambit|1\n|-damage|p2a: Kingambit|0 fnt\n|faint|p2a: Kingambit\n|\n|-heal|p1b: LET IT RIP|39/100|[from] item: Leftovers\n|upkeep\n|\n|t:|1776272937\n|switch|p2b: Sneasler|Sneasler, L50, F|41/100\n|switch|p2a: Altaria|Altaria, L50, F|100/100\n|-ability|p2a: Altaria|Cloud Nine\n|turn|8\n|j| chasekg\n|l| scalopocomascalo\n|j| scalopocomascalo\n|\n|t:|1776272964\n|detailschange|p2a: Altaria|Altaria-Mega, L50, F\n|-mega|p2a: Altaria|Altaria|Altarianite\n|move|p1b: LET IT RIP|Protect|p1b: LET IT RIP\n|-singleturn|p1b: LET IT RIP|Protect\n|move|p1a: STAY WITH ME \ud83c\udfb5|Perish Song|p1a: STAY WITH ME \ud83c\udfb5\n|-start|p1a: STAY WITH ME \ud83c\udfb5|perish3|[silent]\n|-start|p1b: LET IT RIP|perish3|[silent]\n|-start|p2a: Altaria|perish3|[silent]\n|-start|p2b: Sneasler|perish3|[silent]\n|-fieldactivate|move: Perish Song\n|move|p2b: Sneasler|Rock Tomb|p1a: STAY WITH ME \ud83c\udfb5\n|-damage|p1a: STAY WITH ME \ud83c\udfb5|74/100\n|-unboost|p1a: STAY WITH ME \ud83c\udfb5|spe|1\n|move|p2a: Altaria|Hyper Voice|p1a: STAY WITH ME \ud83c\udfb5|[spread] p1a\n|-activate|p1b: LET IT RIP|move: Protect\n|-resisted|p1a: STAY WITH ME \ud83c\udfb5|1\n|-damage|p1a: STAY WITH ME \ud83c\udfb5|53/100\n|\n|-heal|p1b: LET IT RIP|45/100|[from] item: Leftovers\n|-start|p1b: LET IT RIP|perish3\n|-start|p2b: Sneasler|perish3\n|-start|p1a: STAY WITH ME \ud83c\udfb5|perish3\n|-start|p2a: Altaria|perish3\n|upkeep\n|turn|9\n|\n|t:|1776272984\n|switch|p1a: The King|Incineroar, L50, M|43/100\n|-ability|p1a: The King|Intimidate|boost\n|-unboost|p2a: Altaria|atk|1\n|-unboost|p2b: Sneasler|atk|1\n|move|p2b: Sneasler|Protect|p2b: Sneasler\n|-singleturn|p2b: Sneasler|Protect\n|move|p1b: LET IT RIP|Clanging Scales|p2b: Sneasler|[spread] \n|-activate|p2b: Sneasler|move: Protect\n|-immune|p2a: Altaria\n|move|p2a: Altaria|Hyper Voice|p1b: LET IT RIP|[spread] p1a,p1b\n|-supereffective|p1b: LET IT RIP|2\n|-damage|p1a: The King|16/100\n|-damage|p1b: LET IT RIP|0 fnt\n|faint|p1b: LET IT RIP\n|\n|-start|p2b: Sneasler|perish2\n|-start|p2a: Altaria|perish2\n|upkeep\n|\n|t:|1776272991\n|switch|p1b: STAY WITH ME \ud83c\udfb5|Gengar-Mega, L50, F|53/100\n|turn|10\n|\n|t:|1776273001\n|move|p1a: The King|Fake Out|p2a: Altaria\n|-damage|p2a: Altaria|91/100\n|move|p1b: STAY WITH ME \ud83c\udfb5|Shadow Ball|p2b: Sneasler\n|-damage|p2b: Sneasler|0 fnt\n|faint|p2b: Sneasler\n|cant|p2a: Altaria|flinch\n|\n|-start|p2a: Altaria|perish1\n|upkeep\n|turn|11\n|\n|t:|1776273008\n|move|p1b: STAY WITH ME \ud83c\udfb5|Protect|p1b: STAY WITH ME \ud83c\udfb5\n|-singleturn|p1b: STAY WITH ME \ud83c\udfb5|Protect\n|move|p1a: The King|Protect|p1a: The King\n|-singleturn|p1a: The King|Protect\n|move|p2a: Altaria|Hyper Voice|p1b: STAY WITH ME \ud83c\udfb5|[spread] \n|-activate|p1a: The King|move: Protect\n|-activate|p1b: STAY WITH ME \ud83c\udfb5|move: Protect\n|\n|-start|p2a: Altaria|perish0\n|faint|p2a: Altaria\n|\n|win|mynamegrassgreen\n||Zordor is ready for game 3.\n|c|\u2606mynamegrassgreen|phew\n||mynamegrassgreen is ready for game 3.\n|uhtml|next|Next: <a href=\"/battle-gen9championsvgc2026regma-2584627164\"><strong>Game 3 of 3</strong></a>\n|l| scalopocomascalo\n|l|\u2606mynamegrassgreen\n|player|p1|\n|l| Laskhoo\n|l|%llefface\n|l| larrazafio\n|l|+holdingb\n|l| hiyopon\n|l| Zonkah\n|l| RatzG\n|l| tastyfloop\n|l| qmurda\n|l| chasekg\n|l| BIGGY STEELS\n|l| LamestAmos\n|l| stinkyton\n|j|\u2606mynamegrassgreen\n|player|p1|mynamegrassgreen|266|\n",
  "uploadtime": 1776273013,
  "views": 32,
  "formatid": "gen9championsvgc2026regma",
  "rating": null,
  "private": 0,
  "password": null
}