{
  "id": "gen9championsvgc2026regma-2588908532",
  "format": "[Gen 9 Champions] VGC 2026 Reg M-A",
  "players": [
    "AsinineShark",
    "namhoinon"
  ],
  "log": "|j|\u2606AsinineShark\n|j|\u2606namhoinon\n|t:|1776684807\n|gametype|doubles\n|player|p1|AsinineShark|iris|1132\n|player|p2|namhoinon|bugcatcher-gen4dp|1078\n|gen|9\n|tier|[Gen 9 Champions] VGC 2026 Reg M-A\n|rated|\n|rule|Species Clause: Limit one of each Pok\u00e9mon\n|rule|Item Clause: Limit 1 of each item\n|clearpoke\n|poke|p1|Goodra-Hisui, L50, M, shiny|\n|poke|p1|Sinistcha, L50, shiny|\n|poke|p1|Sneasler, L50, F|\n|poke|p1|Tyranitar, L50, F|\n|poke|p1|Excadrill, L50, M, shiny|\n|poke|p1|Chimecho, L50, F, shiny|\n|poke|p2|Scizor, L50, M|\n|poke|p2|Heracross, L50, F|\n|poke|p2|Volcarona, L50, F|\n|poke|p2|Araquanid, L50, M|\n|poke|p2|Vivillon, L50, M|\n|poke|p2|Beedrill, L50, F|\n|teampreview|4\n|inactive|Battle timer is ON: inactive players will automatically lose when time's up. (requested by namhoinon)\n|c|\u2606AsinineShark|Mono bug?\n|c|\u2606AsinineShark|I\u2019m scared of Araqua\n|inactive|AsinineShark has 60 seconds left.\n|\n|t:|1776684841\n|teamsize|p1|4\n|teamsize|p2|4\n|start\n|switch|p1a: Mista Dubstep|Goodra-Hisui, L50, M, shiny|100/100\n|switch|p1b: Tenshi\u2019s babie|Chimecho, L50, F, shiny|100/100\n|switch|p2a: Vivillon|Vivillon, L50, M|100/100\n|switch|p2b: Scizor|Scizor, L50, M|100/100\n|turn|1\n|c|\u2606namhoinon|Yes\n|\n|t:|1776684865\n|detailschange|p2b: Scizor|Scizor-Mega, L50, M\n|-mega|p2b: Scizor|Scizor|Scizorite\n|move|p2a: Vivillon|Sleep Powder|p1a: Mista Dubstep\n|-status|p1a: Mista Dubstep|slp|[from] move: Sleep Powder\n|move|p2b: Scizor|Swords Dance|p2b: Scizor\n|-boost|p2b: Scizor|atk|2\n|cant|p1a: Mista Dubstep|slp\n|move|p1b: Tenshi\u2019s babie|Trick Room|p1b: Tenshi\u2019s babie\n|-fieldstart|move: Trick Room|[of] p1b: Tenshi\u2019s babie\n|\n|upkeep\n|turn|2\n|c|\u2606namhoinon|Don't ask me why I did this\n|\n|t:|1776684885\n|move|p1b: Tenshi\u2019s babie|Protect|p1b: Tenshi\u2019s babie\n|-singleturn|p1b: Tenshi\u2019s babie|Protect\n|-curestatus|p1a: Mista Dubstep|slp|[msg]\n|move|p1a: Mista Dubstep|Heavy Slam|p2a: Vivillon\n|-damage|p2a: Vivillon|29/100\n|move|p2b: Scizor|Pounce|p1b: Tenshi\u2019s babie\n|-activate|p1b: Tenshi\u2019s babie|move: Protect\n|move|p2a: Vivillon|Sleep Powder|p1b: Tenshi\u2019s babie\n|-activate|p1b: Tenshi\u2019s babie|move: Protect\n|\n|upkeep\n|turn|3\n|inactive|AsinineShark has 30 seconds left.\n|\n|t:|1776684911\n|switch|p2a: Volcarona|Volcarona, L50, F|100/100\n|move|p1a: Mista Dubstep|Heavy Slam|p2b: Scizor\n|-resisted|p2b: Scizor|1\n|-damage|p2b: Scizor|91/100\n|move|p1b: Tenshi\u2019s babie|Psychic|p2a: Volcarona\n|-damage|p2a: Volcarona|72/100\n|-unboost|p2a: Volcarona|spd|1\n|move|p2b: Scizor|Pounce|p1b: Tenshi\u2019s babie\n|-supereffective|p1b: Tenshi\u2019s babie|1\n|-damage|p1b: Tenshi\u2019s babie|0 fnt\n|faint|p1b: Tenshi\u2019s babie\n|\n|upkeep\n|\n|t:|1776684928\n|switch|p1b: No more tower|Sinistcha, L50, shiny|100/100\n|turn|4\n|\n|t:|1776684938\n|move|p1b: No more tower|Rage Powder|p1b: No more tower\n|-singleturn|p1b: No more tower|move: Rage Powder\n|move|p1a: Mista Dubstep|Shelter|p1a: Mista Dubstep\n|-boost|p1a: Mista Dubstep|def|2\n|move|p2b: Scizor|Dual Wingbeat|p1b: No more tower\n|-supereffective|p1b: No more tower|1\n|-crit|p1b: No more tower\n|-damage|p1b: No more tower|0 fnt\n|faint|p1b: No more tower\n|-hitcount|p1: No more tower|1\n|move|p2a: Volcarona|Fiery Dance|p1a: Mista Dubstep\n|-damage|p1a: Mista Dubstep|75/100\n|-boost|p2a: Volcarona|spa|1\n|\n|-heal|p1a: Mista Dubstep|81/100|[from] item: Leftovers\n|upkeep\n|\n|t:|1776684956\n|switch|p1b: Yb feet stink|Tyranitar, L50, F|100/100\n|-weather|Sandstorm|[from] ability: Sand Stream|[of] p1b: Yb feet stink\n|turn|5\n|\n|t:|1776684969\n|detailschange|p1b: Yb feet stink|Tyranitar-Mega, L50, F\n|-mega|p1b: Yb feet stink|Tyranitar|Tyranitarite\n|move|p2b: Scizor|Bullet Punch|p1b: Yb feet stink\n|-supereffective|p1b: Yb feet stink|1\n|-damage|p1b: Yb feet stink|6/100\n|move|p1a: Mista Dubstep|Body Press|p2b: Scizor\n|-damage|p2b: Scizor|54/100\n|move|p1b: Yb feet stink|Rock Slide|p2b: Scizor|[spread] p2a,p2b\n|-supereffective|p2a: Volcarona|2\n|-damage|p2a: Volcarona|0 fnt\n|-damage|p2b: Scizor|23/100\n|faint|p2a: Volcarona\n|\n|-weather|Sandstorm|[upkeep]\n|-heal|p1a: Mista Dubstep|87/100|[from] item: Leftovers\n|-fieldend|move: Trick Room\n|upkeep\n|\n|t:|1776684985\n|switch|p2a: Vivillon|Vivillon, L50, M|29/100\n|turn|6\n|\n|t:|1776684992\n|move|p1a: Mista Dubstep|Protect|p1a: Mista Dubstep\n|-singleturn|p1a: Mista Dubstep|Protect\n|move|p2b: Scizor|Bullet Punch|p1b: Yb feet stink\n|-supereffective|p1b: Yb feet stink|1\n|-damage|p1b: Yb feet stink|0 fnt\n|faint|p1b: Yb feet stink\n|move|p2a: Vivillon|Sleep Powder|p1a: Mista Dubstep\n|-activate|p1a: Mista Dubstep|move: Protect\n|\n|-weather|Sandstorm|[upkeep]\n|-damage|p2a: Vivillon|23/100|[from] Sandstorm\n|-heal|p1a: Mista Dubstep|92/100|[from] item: Leftovers\n|upkeep\n|turn|7\n|\n|t:|1776685012\n|move|p2a: Vivillon|Sleep Powder|p1a: Mista Dubstep\n|-status|p1a: Mista Dubstep|slp|[from] move: Sleep Powder\n|move|p2b: Scizor|Dual Wingbeat|p1a: Mista Dubstep|[miss]\n|-miss|p2b: Scizor|p1a: Mista Dubstep\n|cant|p1a: Mista Dubstep|slp\n|\n|-weather|Sandstorm|[upkeep]\n|-damage|p2a: Vivillon|16/100|[from] Sandstorm\n|-heal|p1a: Mista Dubstep|98/100 slp|[from] item: Leftovers\n|upkeep\n|turn|8\n|\n|t:|1776685026\n|switch|p2a: Heracross|Heracross, L50, F|100/100\n|move|p2b: Scizor|Dual Wingbeat|p1a: Mista Dubstep\n|-resisted|p1a: Mista Dubstep|1\n|-damage|p1a: Mista Dubstep|89/100 slp\n|-resisted|p1a: Mista Dubstep|1\n|-damage|p1a: Mista Dubstep|80/100 slp\n|-hitcount|p1a: Mista Dubstep|2\n|cant|p1a: Mista Dubstep|slp\n|\n|-weather|Sandstorm|[upkeep]\n|-damage|p2a: Heracross|94/100|[from] Sandstorm\n|-heal|p1a: Mista Dubstep|86/100 slp|[from] item: Leftovers\n|upkeep\n|turn|9\n|\n|t:|1776685046\n|move|p2a: Heracross|Close Combat|p1a: Mista Dubstep\n|-supereffective|p1a: Mista Dubstep|1\n|-damage|p1a: Mista Dubstep|41/100 slp\n|-unboost|p2a: Heracross|def|1\n|-unboost|p2a: Heracross|spd|1\n|move|p2b: Scizor|Dual Wingbeat|p1a: Mista Dubstep\n|-resisted|p1a: Mista Dubstep|1\n|-damage|p1a: Mista Dubstep|31/100 slp\n|-resisted|p1a: Mista Dubstep|1\n|-damage|p1a: Mista Dubstep|21/100 slp\n|-hitcount|p1a: Mista Dubstep|2\n|-curestatus|p1a: Mista Dubstep|slp|[msg]\n|move|p1a: Mista Dubstep|Heavy Slam|p2a: Heracross\n|-damage|p2a: Heracross|8/100\n|\n|-weather|none\n|-heal|p1a: Mista Dubstep|27/100|[from] item: Leftovers\n|upkeep\n|turn|10\n|\n|t:|1776685066\n|move|p1a: Mista Dubstep|Protect|p1a: Mista Dubstep\n|-singleturn|p1a: Mista Dubstep|Protect\n|move|p2b: Scizor|Bullet Punch|p1a: Mista Dubstep\n|-activate|p1a: Mista Dubstep|move: Protect\n|move|p2a: Heracross|Close Combat|p1a: Mista Dubstep\n|-activate|p1a: Mista Dubstep|move: Protect\n|\n|-heal|p1a: Mista Dubstep|33/100|[from] item: Leftovers\n|upkeep\n|turn|11\n|\n|t:|1776685082\n|move|p2b: Scizor|Bullet Punch|p1a: Mista Dubstep\n|-resisted|p1a: Mista Dubstep|1\n|-damage|p1a: Mista Dubstep|19/100\n|move|p2a: Heracross|Close Combat|p1a: Mista Dubstep\n|-supereffective|p1a: Mista Dubstep|1\n|-damage|p1a: Mista Dubstep|0 fnt\n|-unboost|p2a: Heracross|def|1\n|-unboost|p2a: Heracross|spd|1\n|faint|p1a: Mista Dubstep\n|\n|win|namhoinon\n|raw|AsinineShark's rating: 1132 &rarr; <strong>1103</strong><br />(-29 for losing)\n|raw|namhoinon's rating: 1078 &rarr; <strong>1111</strong><br />(+33 for winning)\n|c|\u2606namhoinon|Gg\n|c|\u2606AsinineShark|Ggs\n",
  "uploadtime": 1776685099,
  "views": 29,
  "formatid": "gen9championsvgc2026regma",
  "rating": 1103,
  "private": 0,
  "password": null
}