{
  "id": "gen9championsvgc2026regma-2588486546",
  "format": "[Gen 9 Champions] VGC 2026 Reg M-A",
  "players": [
    "BossgodoraII",
    "thicc latina lover"
  ],
  "log": "|j|\u2606BossgodoraII\n|j|\u2606thicc latina lover\n|t:|1776637884\n|gametype|doubles\n|player|p1|BossgodoraII|gentleman-gen4|1526\n|player|p2|thicc latina lover|skyla|1420\n|gen|9\n|tier|[Gen 9 Champions] VGC 2026 Reg M-A\n|rated|\n|rule|Species Clause: Limit one of each Pok\u00e9mon\n|rule|Item Clause: Limit 1 of each item\n|clearpoke\n|poke|p1|Delphox, L50, F|\n|poke|p1|Floette-Eternal, L50, F|\n|poke|p1|Sneasler, L50, F|\n|poke|p1|Aerodactyl, L50, F|\n|poke|p1|Garchomp, L50, F|\n|poke|p1|Kingambit, L50, F|\n|poke|p2|Venusaur, L50, M, shiny|\n|poke|p2|Pelipper, L50, F, shiny|\n|poke|p2|Basculegion, L50, M|\n|poke|p2|Archaludon, L50, M|\n|poke|p2|Sneasler, L50, F|\n|poke|p2|Incineroar, L50, M|\n|teampreview|4\n|j| Oscarbolt\nBossgodoraII rejected open team sheets.\n|inactive|Battle timer is ON: inactive players will automatically lose when time's up. (requested by BossgodoraII)\n|inactive|thicc latina lover has 60 seconds left.\n|\n|t:|1776637945\n|teamsize|p1|4\n|teamsize|p2|4\n|start\n|switch|p1a: Sneasler|Sneasler, L50, F|100/100\n|switch|p1b: Kingambit|Kingambit, L50, F|100/100\n|switch|p2a: Venusaur|Venusaur, L50, M, shiny|100/100\n|switch|p2b: Sneasler|Sneasler, L50, F|100/100\n|turn|1\n|inactive|BossgodoraII has 30 seconds left.\n|\n|t:|1776637972\n|detailschange|p2a: Venusaur|Venusaur-Mega, L50, M, shiny\n|-mega|p2a: Venusaur|Venusaur|Venusaurite\n|move|p2b: Sneasler|Fake Out|p1b: Kingambit\n|-resisted|p1b: Kingambit|1\n|-damage|p1b: Kingambit|95/100\n|move|p1a: Sneasler|Dire Claw|p2b: Sneasler\n|-resisted|p2b: Sneasler|1\n|-damage|p2b: Sneasler|66/100\n|move|p2a: Venusaur|Leech Seed|p1a: Sneasler\n|-start|p1a: Sneasler|move: Leech Seed\n|cant|p1b: Kingambit|flinch\n|\n|-damage|p1a: Sneasler|89/100|[from] Leech Seed|[of] p2a: Venusaur\n|upkeep\n|turn|2\n|\n|t:|1776637991\n|move|p1b: Kingambit|Protect|p1b: Kingambit\n|-singleturn|p1b: Kingambit|Protect\n|move|p2b: Sneasler|Coaching|p2a: Venusaur\n|-boost|p2a: Venusaur|atk|1\n|-boost|p2a: Venusaur|def|1\n|move|p1a: Sneasler|Close Combat|p2b: Sneasler\n|-resisted|p2b: Sneasler|1\n|-damage|p2b: Sneasler|13/100\n|-unboost|p1a: Sneasler|def|1\n|-unboost|p1a: Sneasler|spd|1\n|-enditem|p1a: Sneasler|White Herb\n|-clearnegativeboost|p1a: Sneasler|[silent]\n|move|p2a: Venusaur|Leech Seed|p1b: Kingambit\n|-activate|p1b: Kingambit|move: Protect\n|\n|-damage|p1a: Sneasler|77/100|[from] Leech Seed|[of] p2a: Venusaur\n|upkeep\n|turn|3\n|j| oherrodersir\n|\n|t:|1776638004\n|move|p1a: Sneasler|Dire Claw|p2b: Sneasler\n|-resisted|p2b: Sneasler|1\n|-damage|p2b: Sneasler|0 fnt\n|faint|p2b: Sneasler\n|move|p2a: Venusaur|Leech Seed|p1b: Kingambit\n|-start|p1b: Kingambit|move: Leech Seed\n|move|p1b: Kingambit|Kowtow Cleave|p2a: Venusaur\n|-crit|p2a: Venusaur\n|-damage|p2a: Venusaur|28/100\n|\n|-damage|p1a: Sneasler|65/100|[from] Leech Seed|[of] p2a: Venusaur\n|-heal|p2a: Venusaur|38/100|[silent]\n|-damage|p1b: Kingambit|83/100|[from] Leech Seed|[of] p2a: Venusaur\n|-heal|p2a: Venusaur|52/100|[silent]\n|upkeep\n|\n|t:|1776638013\n|switch|p2b: Pelipper|Pelipper, L50, F, shiny|100/100\n|-weather|RainDance|[from] ability: Drizzle|[of] p2b: Pelipper\n|turn|4\n|\n|t:|1776638021\n|switch|p1a: Aerodactyl|Aerodactyl, L50, F|100/100\n|-ability|p1a: Aerodactyl|Unnerve\n|switch|p1b: Floette|Floette-Eternal, L50, F|100/100\n|move|p2b: Pelipper|Weather Ball|p1b: Floette\n|-damage|p1b: Floette|41/100\n|move|p2a: Venusaur|Giga Drain|p1a: Aerodactyl\n|-damage|p1a: Aerodactyl|58/100\n|-heal|p2a: Venusaur|69/100|[from] drain|[of] p1a: Aerodactyl\n|\n|-weather|RainDance|[upkeep]\n|upkeep\n|turn|5\n|\n|t:|1776638041\n|detailschange|p1b: Floette|Floette-Mega, L50, F\n|-mega|p1b: Floette|Floette|Floettite\n|-ability|p1b: Floette|Fairy Aura\n|move|p1a: Aerodactyl|Tailwind|p1a: Aerodactyl\n|-sidestart|p1: BossgodoraII|move: Tailwind\n|move|p1b: Floette|Dazzling Gleam|p2b: Pelipper|[spread] p2a,p2b\n|-resisted|p2a: Venusaur|1\n|-crit|p2a: Venusaur\n|-damage|p2a: Venusaur|46/100\n|-damage|p2b: Pelipper|22/100\n|move|p2b: Pelipper|Tailwind|p2b: Pelipper\n|-sidestart|p2: thicc latina lover|move: Tailwind\n|move|p2a: Venusaur|Giga Drain|p1a: Aerodactyl\n|-damage|p1a: Aerodactyl|11/100\n|-heal|p2a: Venusaur|66/100|[from] drain|[of] p1a: Aerodactyl\n|\n|-weather|RainDance|[upkeep]\n|upkeep\n|turn|6\n|inactive|thicc latina lover has 30 seconds left.\n|\n|t:|1776638069\n|move|p2b: Pelipper|Protect|p2b: Pelipper\n|-singleturn|p2b: Pelipper|Protect\n|move|p1a: Aerodactyl|Dual Wingbeat|p2a: Venusaur\n|-supereffective|p2a: Venusaur|1\n|-damage|p2a: Venusaur|46/100\n|-supereffective|p2a: Venusaur|1\n|-damage|p2a: Venusaur|27/100\n|-hitcount|p2a: Venusaur|2\n|move|p1b: Floette|Moonblast|p2a: Venusaur\n|-resisted|p2a: Venusaur|1\n|-damage|p2a: Venusaur|2/100\n|move|p2a: Venusaur|Giga Drain|p1a: Aerodactyl\n|-damage|p1a: Aerodactyl|0 fnt\n|-heal|p2a: Venusaur|6/100|[from] drain|[of] p1a: Aerodactyl\n|faint|p1a: Aerodactyl\n|\n|-weather|RainDance|[upkeep]\n|upkeep\n|\n|t:|1776638081\n|switch|p1a: Sneasler|Sneasler, L50, F|65/100\n|turn|7\n|\n|t:|1776638088\n|move|p2a: Venusaur|Protect|p2a: Venusaur\n|-singleturn|p2a: Venusaur|Protect\n|move|p1a: Sneasler|Fake Out|p2a: Venusaur\n|-activate|p2a: Venusaur|move: Protect\n|move|p1b: Floette|Moonblast|p2b: Pelipper\n|-damage|p2b: Pelipper|0 fnt\n|faint|p2b: Pelipper\n|\n|-weather|RainDance|[upkeep]\n|upkeep\n|\n|t:|1776638092\n|switch|p2b: Basculegion|Basculegion, L50, M|100/100\n|turn|8\n|\n|t:|1776638116\n|move|p2b: Basculegion|Aqua Jet|p1a: Sneasler\n|-damage|p1a: Sneasler|0 fnt\n|faint|p1a: Sneasler\n|move|p1b: Floette|Moonblast|p2a: Venusaur\n|-resisted|p2a: Venusaur|1\n|-damage|p2a: Venusaur|0 fnt\n|faint|p2a: Venusaur\n|\n|-weather|none\n|-sideend|p1: BossgodoraII|move: Tailwind\n|-sideend|p2: thicc latina lover|move: Tailwind\n|upkeep\n|\n|t:|1776638120\n|switch|p1a: Kingambit|Kingambit, L50, F|83/100\n|turn|9\n|-message|thicc latina lover forfeited.\n|\n|win|BossgodoraII\n|raw|BossgodoraII's rating: 1526 &rarr; <strong>1540</strong><br />(+14 for winning)\n|raw|thicc latina lover's rating: 1420 &rarr; <strong>1406</strong><br />(-14 for losing)\n|l|\u2606thicc latina lover\n|player|p2|\n",
  "uploadtime": 1776638123,
  "views": 17,
  "formatid": "gen9championsvgc2026regma",
  "rating": 1406,
  "private": 0,
  "password": null
}