{
  "id": "gen9championsvgc2026regma-2580829803",
  "format": "[Gen 9 Champions] VGC 2026 Reg M-A",
  "players": [
    "brazzers777",
    "gallium1005"
  ],
  "log": "|j|\u2606brazzers777\n|j|\u2606gallium1005\n|t:|1775935917\n|gametype|doubles\n|player|p1|brazzers777|266|1068\n|player|p2|gallium1005|hilbert|1043\n|gen|9\n|tier|[Gen 9 Champions] VGC 2026 Reg M-A\n|rated|\n|rule|Species Clause: Limit one of each Pok\u00e9mon\n|rule|Item Clause: Limit 1 of each item\n|clearpoke\n|poke|p1|Passimian, L50, M|\n|poke|p1|Ceruledge, L50, F|\n|poke|p1|Azumarill, L50, M|\n|poke|p1|Chesnaught, L50, F|\n|poke|p1|Hydreigon, L50, M|\n|poke|p1|Mamoswine, L50, F|\n|poke|p2|Torkoal, L50, F|\n|poke|p2|Delphox, L50, M|\n|poke|p2|Garchomp, L50, F|\n|poke|p2|Typhlosion-Hisui, L50, M|\n|poke|p2|Whimsicott, L50, F|\n|poke|p2|Sneasler, L50, M|\n|teampreview|4\n|inactive|Battle timer is ON: inactive players will automatically lose when time's up. (requested by brazzers777)\n|inactive|brazzers777 has 60 seconds left.\n|\n|t:|1775935970\n|teamsize|p1|4\n|teamsize|p2|4\n|start\n|switch|p1a: Ceruledge|Ceruledge, L50, F|100/100\n|switch|p1b: Mamoswine|Mamoswine, L50, F|100/100\n|switch|p2a: Torkoal|Torkoal, L50, F|100/100\n|switch|p2b: Typhlosion|Typhlosion-Hisui, L50, M|100/100\n|-item|p1a: Ceruledge|Leftovers|[from] ability: Frisk|[of] p2b: Typhlosion\n|-item|p1b: Mamoswine|Focus Sash|[from] ability: Frisk|[of] p2b: Typhlosion\n|-weather|SunnyDay|[from] ability: Drought|[of] p2a: Torkoal\n|turn|1\n|inactive|gallium1005 has 30 seconds left.\n|\n|t:|1775936004\n|move|p1a: Ceruledge|Protect|p1a: Ceruledge\n|-singleturn|p1a: Ceruledge|Protect\n|move|p2b: Typhlosion|Shadow Ball|p1a: Ceruledge\n|-activate|p1a: Ceruledge|move: Protect\n|move|p1b: Mamoswine|Earthquake|p2b: Typhlosion|[spread] p2a,p2b\n|-activate|p1a: Ceruledge|move: Protect\n|-supereffective|p2a: Torkoal|1\n|-supereffective|p2b: Typhlosion|1\n|-damage|p2a: Torkoal|46/100\n|-damage|p2b: Typhlosion|0 fnt\n|faint|p2b: Typhlosion\n|move|p2a: Torkoal|Heat Wave|p1a: Ceruledge|[spread] p1b\n|-activate|p1a: Ceruledge|move: Protect\n|-supereffective|p1b: Mamoswine|1\n|-enditem|p1b: Mamoswine|Focus Sash\n|-damage|p1b: Mamoswine|1/100\n|\n|-weather|SunnyDay|[upkeep]\n|upkeep\n|\n|t:|1775936020\n|switch|p2b: Delphox|Delphox, L50, M|100/100\n|turn|2\n|\n|t:|1775936035\n|detailschange|p2b: Delphox|Delphox-Mega, L50, M\n|-mega|p2b: Delphox|Delphox|Delphoxite\n|move|p1b: Mamoswine|Ice Shard|p2b: Delphox\n|-resisted|p2b: Delphox|1\n|-damage|p2b: Delphox|87/100\n|move|p2b: Delphox|Encore|p1a: Ceruledge\n|-start|p1a: Ceruledge|Encore\n|move|p1a: Ceruledge|Protect|p1a: Ceruledge\n|-singleturn|p1a: Ceruledge|Protect\n|move|p2a: Torkoal|Heat Wave|p1a: Ceruledge|[spread] p1b\n|-activate|p1a: Ceruledge|move: Protect\n|-supereffective|p1b: Mamoswine|1\n|-damage|p1b: Mamoswine|0 fnt\n|faint|p1b: Mamoswine\n|\n|-weather|SunnyDay|[upkeep]\n|upkeep\n|\n|t:|1775936052\n|switch|p1b: Hydreigon|Hydreigon, L50, M, shiny|100/100\n|turn|3\n|\n|t:|1775936065\n|move|p2b: Delphox|Protect|p2b: Delphox\n|-singleturn|p2b: Delphox|Protect\n|move|p1a: Ceruledge|Protect||[still]\n|-fail|p1a: Ceruledge\n|move|p1b: Hydreigon|Dark Pulse|p2b: Delphox\n|-activate|p2b: Delphox|move: Protect\n|move|p2a: Torkoal|Yawn|p1b: Hydreigon\n|-start|p1b: Hydreigon|move: Yawn|[of] p2a: Torkoal\n|\n|-weather|SunnyDay|[upkeep]\n|upkeep\n|turn|4\n|inactive|gallium1005 has 30 seconds left.\n|\n|t:|1775936096\n|switch|p1b: Chesnaught|Chesnaught, L50, F|100/100\n|switch|p2b: Garchomp|Garchomp, L50, F|100/100\n|move|p1a: Ceruledge|Protect|p1a: Ceruledge\n|-singleturn|p1a: Ceruledge|Protect\n|move|p2a: Torkoal|Protect||[still]\n|-fail|p2a: Torkoal\n|\n|-weather|SunnyDay|[upkeep]\n|-end|p1a: Ceruledge|Encore\n|upkeep\n|turn|5\n|\n|t:|1775936120\n|switch|p1a: Hydreigon|Hydreigon, L50, M, shiny|100/100\n|detailschange|p1b: Chesnaught|Chesnaught-Mega, L50, F\n|-mega|p1b: Chesnaught|Chesnaught|Chesnaughtite\n|move|p2a: Torkoal|Helping Hand|p2b: Garchomp\n|-singleturn|p2b: Garchomp|Helping Hand|[of] p2a: Torkoal\n|move|p2b: Garchomp|Earthquake|p1b: Chesnaught|[spread] p2a,p1b\n|-immune|p1a: Hydreigon|[from] ability: Levitate\n|-supereffective|p2a: Torkoal|1\n|-resisted|p1b: Chesnaught|1\n|-damage|p2a: Torkoal|0 fnt\n|-damage|p1b: Chesnaught|88/100\n|faint|p2a: Torkoal\n|move|p1b: Chesnaught|Body Press|p2b: Garchomp\n|-damage|p2b: Garchomp|54/100\n|-damage|p1b: Chesnaught|76/100|[from] ability: Rough Skin|[of] p2b: Garchomp\n|\n|-weather|none\n|-heal|p2b: Garchomp|60/100|[from] item: Leftovers\n|upkeep\n|\n|t:|1775936136\n|switch|p2a: Delphox|Delphox-Mega, L50, M|87/100\n|turn|6\n|\n|t:|1775936160\n|move|p1a: Hydreigon|Dark Pulse|p2a: Delphox\n|-supereffective|p2a: Delphox|1\n|-damage|p2a: Delphox|4/100\n|cant|p2a: Delphox|flinch\n|move|p2b: Garchomp|Dragon Claw|p1a: Hydreigon\n|-supereffective|p1a: Hydreigon|1\n|-damage|p1a: Hydreigon|7/100\n|move|p1b: Chesnaught|Body Press|p2b: Garchomp\n|-damage|p2b: Garchomp|15/100\n|-damage|p1b: Chesnaught|64/100|[from] ability: Rough Skin|[of] p2b: Garchomp\n|\n|-heal|p2b: Garchomp|21/100|[from] item: Leftovers\n|upkeep\n|turn|7\n|inactive|gallium1005 has 30 seconds left.\n|\n|t:|1775936194\n|move|p1b: Chesnaught|Spiky Shield|p1b: Chesnaught\n|-singleturn|p1b: Chesnaught|move: Protect\n|move|p1a: Hydreigon|Dark Pulse|p2b: Garchomp\n|-damage|p2b: Garchomp|0 fnt\n|faint|p2b: Garchomp\n|move|p2a: Delphox|Heat Wave|p1a: Hydreigon|[spread] p1a\n|-activate|p1b: Chesnaught|move: Protect\n|-resisted|p1a: Hydreigon|1\n|-damage|p1a: Hydreigon|0 fnt\n|faint|p1a: Hydreigon\n|\n|upkeep\n|\n|t:|1775936206\n|switch|p1a: Ceruledge|Ceruledge, L50, F|100/100\n|turn|8\n|\n|t:|1775936212\n|move|p1a: Ceruledge|Shadow Sneak|p2a: Delphox\n|-supereffective|p2a: Delphox|1\n|-damage|p2a: Delphox|0 fnt\n|faint|p2a: Delphox\n|\n|win|brazzers777\n|raw|brazzers777's rating: 1068 &rarr; <strong>1096</strong><br />(+28 for winning)\n|raw|gallium1005's rating: 1043 &rarr; <strong>1028</strong><br />(-15 for losing)\n|c|\u2606gallium1005|gg\n",
  "uploadtime": 1775936231,
  "views": 14,
  "formatid": "gen9championsvgc2026regma",
  "rating": 1028,
  "private": 0,
  "password": null
}