{
  "id": "gen9championsvgc2026regma-2586910878",
  "format": "[Gen 9 Champions] VGC 2026 Reg M-A",
  "players": [
    "AzzUCooked",
    "sleepoligy"
  ],
  "log": "|j|\u2606AzzUCooked\n|j|\u2606sleepoligy\n|t:|1776470978\n|gametype|doubles\n|player|p1|AzzUCooked|266|1084\n|player|p2|sleepoligy|cheryl|1165\n|gen|9\n|tier|[Gen 9 Champions] VGC 2026 Reg M-A\n|rated|\n|rule|Species Clause: Limit one of each Pok\u00e9mon\n|rule|Item Clause: Limit 1 of each item\n|clearpoke\n|poke|p1|Aggron, L50, F|\n|poke|p1|Sneasler, L50, F|\n|poke|p1|Clefable, L50, F|\n|poke|p1|Sinistcha, L50|\n|poke|p1|Pelipper, L50, M|\n|poke|p1|Feraligatr, L50, F|\n|poke|p2|Basculegion, L50, M|\n|poke|p2|Meowscarada, L50, M|\n|poke|p2|Floette-Eternal, L50, F|\n|poke|p2|Sylveon, L50, F|\n|poke|p2|Maushold-Four, L50|\n|poke|p2|Sneasler, L50, M|\n|teampreview|4\n|inactive|Battle timer is ON: inactive players will automatically lose when time's up. (requested by sleepoligy)\n|inactive|sleepoligy has 60 seconds left.\n|\n|t:|1776471051\n|teamsize|p1|4\n|teamsize|p2|4\n|start\n|switch|p1a: Sneasler|Sneasler, L50, F|100/100\n|switch|p1b: Clefable|Clefable, L50, F|100/100\n|switch|p2a: Basculegion|Basculegion, L50, M|100/100\n|switch|p2b: Maushold|Maushold-Four, L50|100/100\n|turn|1\n|\n|t:|1776471073\n|move|p2b: Maushold|Protect|p2b: Maushold\n|-singleturn|p2b: Maushold|Protect\n|move|p2a: Basculegion|Flip Turn|p1b: Clefable\n|-damage|p1b: Clefable|71/100\n|inactive|sleepoligy has 30 seconds left.\n|\n|t:|1776471099\n|switch|p2a: Sneasler|Sneasler, L50, M|100/100|[from] Flip Turn\n|move|p1a: Sneasler|Coaching|p1b: Clefable\n|-boost|p1b: Clefable|atk|1\n|-boost|p1b: Clefable|def|1\n|move|p1b: Clefable|Cosmic Power|p1b: Clefable\n|-boost|p1b: Clefable|def|1\n|-boost|p1b: Clefable|spd|1\n|\n|-heal|p1b: Clefable|77/100|[from] item: Leftovers\n|upkeep\n|turn|2\n|\n|t:|1776471119\n|move|p1b: Clefable|Protect|p1b: Clefable\n|-singleturn|p1b: Clefable|Protect\n|move|p2a: Sneasler|Fake Out|p1a: Sneasler\n|-damage|p1a: Sneasler|75/100\n|cant|p1a: Sneasler|flinch\n|move|p2b: Maushold|Encore|p1b: Clefable\n|-activate|p1b: Clefable|move: Protect\n|\n|-heal|p1b: Clefable|83/100|[from] item: Leftovers\n|upkeep\n|turn|3\n|inactive|sleepoligy has 30 seconds left.\n|inactive|sleepoligy has 20 seconds left.\n|\n|t:|1776471159\n|move|p1a: Sneasler|Close Combat|p2b: Maushold\n|-supereffective|p2b: Maushold|1\n|-enditem|p2b: Maushold|Chople Berry|[eat]\n|-enditem|p2b: Maushold|Chople Berry|[weaken]\n|-damage|p2b: Maushold|0 fnt\n|-unboost|p1a: Sneasler|def|1\n|-unboost|p1a: Sneasler|spd|1\n|faint|p2b: Maushold\n|-enditem|p1a: Sneasler|White Herb\n|-clearnegativeboost|p1a: Sneasler|[silent]\n|move|p2a: Sneasler|Dire Claw|p1b: Clefable\n|-supereffective|p1b: Clefable|1\n|-damage|p1b: Clefable|49/100\n|-status|p1b: Clefable|slp\n|cant|p1b: Clefable|slp\n|\n|-heal|p1b: Clefable|55/100 slp|[from] item: Leftovers\n|upkeep\n|\n|t:|1776471170\n|switch|p2b: Basculegion|Basculegion, L50, M|100/100\n|turn|4\n|\n|t:|1776471184\n|cant|p1b: Clefable|slp\n|move|p1a: Sneasler|Coaching|p1b: Clefable\n|-boost|p1b: Clefable|atk|1\n|-boost|p1b: Clefable|def|1\n|move|p2b: Basculegion|Last Respects|p1a: Sneasler\n|-damage|p1a: Sneasler|0 fnt\n|faint|p1a: Sneasler\n|move|p2a: Sneasler|Dire Claw|p1b: Clefable\n|-supereffective|p1b: Clefable|1\n|-damage|p1b: Clefable|22/100 slp\n|\n|-heal|p1b: Clefable|28/100 slp|[from] item: Leftovers\n|upkeep\n|\n|t:|1776471196\n|switch|p1a: Sinistcha|Sinistcha, L50|100/100\n|-heal|p1b: Clefable|53/100 slp|[from] ability: Hospitality|[of] p1a: Sinistcha\n|turn|5\n|\n|t:|1776471207\n|-curestatus|p1b: Clefable|slp|[msg]\n|move|p1b: Clefable|Protect|p1b: Clefable\n|-singleturn|p1b: Clefable|Protect\n|move|p2b: Basculegion|Last Respects|p1a: Sinistcha\n|-supereffective|p1a: Sinistcha|1\n|-damage|p1a: Sinistcha|17/100\n|move|p2a: Sneasler|Dire Claw|p1b: Clefable\n|-activate|p1b: Clefable|move: Protect\n|move|p1a: Sinistcha|Trick Room|p1a: Sinistcha\n|-fieldstart|move: Trick Room|[of] p1a: Sinistcha\n|\n|-heal|p1b: Clefable|59/100|[from] item: Leftovers\n|upkeep\n|turn|6\n|\n|t:|1776471226\n|move|p2a: Sneasler|Protect|p2a: Sneasler\n|-singleturn|p2a: Sneasler|Protect\n|move|p1b: Clefable|Baton Pass|p1b: Clefable\n|\n|t:|1776471229\n|switch|p1b: THE WALL|Aggron, L50, F|100/100|[from] Baton Pass\n|move|p1a: Sinistcha|Matcha Gotcha|p2b: Basculegion|[spread] p2b\n|-activate|p2a: Sneasler|move: Protect\n|-supereffective|p2b: Basculegion|1\n|-crit|p2b: Basculegion\n|-damage|p2b: Basculegion|23/100\n|-heal|p1a: Sinistcha|60/100|[from] drain|[of] p2b: Basculegion\n|move|p2b: Basculegion|Last Respects|p1a: Sinistcha\n|-supereffective|p1a: Sinistcha|1\n|-damage|p1a: Sinistcha|0 fnt\n|faint|p1a: Sinistcha\n|\n|upkeep\n|\n|t:|1776471241\n|switch|p1a: Clefable|Clefable, L50, F|59/100\n|turn|7\n|\n|t:|1776471260\n|detailschange|p1b: THE WALL|Aggron-Mega, L50, F\n|-mega|p1b: THE WALL|Aggron|Aggronite\n|move|p1b: THE WALL|Body Press|p2a: Sneasler\n|-resisted|p2a: Sneasler|1\n|-damage|p2a: Sneasler|25/100\n|move|p1a: Clefable|Moonblast|p2b: Basculegion\n|-crit|p2b: Basculegion\n|-damage|p2b: Basculegion|0 fnt\n|faint|p2b: Basculegion\n|move|p2a: Sneasler|Dire Claw|p1a: Clefable\n|-supereffective|p1a: Clefable|1\n|-damage|p1a: Clefable|0 fnt\n|faint|p1a: Clefable\n|\n|upkeep\n|\n|t:|1776471266\n|switch|p2b: Floette|Floette-Eternal, L50, F|100/100\n|turn|8\n|\n|t:|1776471292\n|detailschange|p2b: Floette|Floette-Mega, L50, F\n|-mega|p2b: Floette|Floette|Floettite\n|-ability|p2b: Floette|Fairy Aura\n|move|p2b: Floette|Protect|p2b: Floette\n|-singleturn|p2b: Floette|Protect\n|move|p2a: Sneasler|Protect|p2a: Sneasler\n|-singleturn|p2a: Sneasler|Protect\n|move|p1b: THE WALL|Body Press|p2a: Sneasler\n|-activate|p2a: Sneasler|move: Protect\n|\n|upkeep\n|turn|9\n|\n|t:|1776471311\n|move|p1b: THE WALL|Body Press|p2a: Sneasler\n|-resisted|p2a: Sneasler|1\n|-damage|p2a: Sneasler|0 fnt\n|faint|p2a: Sneasler\n|move|p2b: Floette|Moonblast|p1b: THE WALL\n|-resisted|p1b: THE WALL|1\n|-damage|p1b: THE WALL|82/100\n|\n|-fieldend|move: Trick Room\n|upkeep\n|turn|10\n|\n|t:|1776471320\n|move|p2b: Floette|Moonblast|p1b: THE WALL\n|-resisted|p1b: THE WALL|1\n|-damage|p1b: THE WALL|65/100\n|move|p1b: THE WALL|Heavy Slam|p2b: Floette\n|-supereffective|p2b: Floette|1\n|-crit|p2b: Floette\n|-damage|p2b: Floette|0 fnt\n|faint|p2b: Floette\n|\n|win|AzzUCooked\n|raw|AzzUCooked's rating: 1084 &rarr; <strong>1118</strong><br />(+34 for winning)\n|raw|sleepoligy's rating: 1165 &rarr; <strong>1134</strong><br />(-31 for losing)\n|l|\u2606sleepoligy\n|player|p2|\n",
  "uploadtime": 1776471328,
  "views": 22,
  "formatid": "gen9championsvgc2026regma",
  "rating": 1118,
  "private": 0,
  "password": null
}