{
  "id": "gen9championsvgc2026regma-2583261800",
  "format": "[Gen 9 Champions] VGC 2026 Reg M-A",
  "players": [
    "zeranojugador188",
    "ElectroDrift111"
  ],
  "log": "|j|\u2606zeranojugador188\n|j|\u2606ElectroDrift111\n|t:|1776160719\n|gametype|doubles\n|player|p1|zeranojugador188|169|1312\n|player|p2|ElectroDrift111|roxie|1349\n|gen|9\n|tier|[Gen 9 Champions] VGC 2026 Reg M-A\n|rated|\n|rule|Species Clause: Limit one of each Pok\u00e9mon\n|rule|Item Clause: Limit 1 of each item\n|clearpoke\n|poke|p1|Charizard, L50, F|\n|poke|p1|Venusaur, L50, F|\n|poke|p1|Garchomp, L50, F|\n|poke|p1|Gardevoir, L50, F|\n|poke|p1|Milotic, L50, M|\n|poke|p1|Incineroar, L50, M|\n|poke|p2|Delphox, L50, M|\n|poke|p2|Kingambit, L50, F|\n|poke|p2|Sneasler, L50, F|\n|poke|p2|Dragonite, L50, M|\n|poke|p2|Clefable, L50, F|\n|poke|p2|Basculegion, L50, M|\n|teampreview|4\n|inactive|Battle timer is ON: inactive players will automatically lose when time's up. (requested by zeranojugador188)\n|inactive|ElectroDrift111 has 60 seconds left.\n|\n|t:|1776160776\n|teamsize|p1|4\n|teamsize|p2|4\n|start\n|switch|p1a: Charizard|Charizard, L50, F|100/100\n|switch|p1b: Gardevoir|Gardevoir, L50, F|100/100\n|switch|p2a: Basculegion|Basculegion, L50, M|100/100\n|switch|p2b: Delphox|Delphox, L50, M|100/100\n|-ability|p1b: Gardevoir|Adaptability|Trace|[from] ability: Trace|[of] p2a: Basculegion\n|turn|1\n|inactive|zeranojugador188 has 30 seconds left.\n|\n|t:|1776160802\n|detailschange|p1a: Charizard|Charizard-Mega-Y, L50, F\n|-mega|p1a: Charizard|Charizard|Charizardite Y\n|-weather|SunnyDay|[from] ability: Drought|[of] p1a: Charizard\n|detailschange|p2b: Delphox|Delphox-Mega, L50, M\n|-mega|p2b: Delphox|Delphox|Delphoxite\n|move|p1b: Gardevoir|Moonblast|p2a: Basculegion\n|-damage|p2a: Basculegion|26/100\n|move|p2a: Basculegion|Flip Turn|p1a: Charizard\n|-supereffective|p1a: Charizard|1\n|-damage|p1a: Charizard|46/100\n|\n|t:|1776160811\n|switch|p2a: Dragonite|Dragonite, L50, M|100/100|[from] Flip Turn\n|move|p2b: Delphox|Substitute|p2b: Delphox\n|-start|p2b: Delphox|Substitute\n|-damage|p2b: Delphox|76/100\n|move|p1a: Charizard|Solar Beam||[still]\n|-prepare|p1a: Charizard|Solar Beam\n|-anim|p1a: Charizard|Solar Beam|p2a: Dragonite\n|-resisted|p2a: Dragonite|2\n|-damage|p2a: Dragonite|94/100\n|\n|-weather|SunnyDay|[upkeep]\n|upkeep\n|turn|2\n|inactive|ElectroDrift111 has 30 seconds left.\n|\n|t:|1776160837\n|switch|p1a: Incineroar|Incineroar, L50, M|100/100\n|-ability|p1a: Incineroar|Intimidate|boost\n|-unboost|p2a: Dragonite|atk|1\n|-immune|p2b: Delphox\n|switch|p2a: Clefable|Clefable, L50, F|100/100\n|move|p1b: Gardevoir|Moonblast|p2a: Clefable\n|-damage|p2a: Clefable|36/100\n|-unboost|p2a: Clefable|spa|1\n|-enditem|p2a: Clefable|Sitrus Berry|[eat]\n|-heal|p2a: Clefable|61/100|[from] item: Sitrus Berry\n|move|p2b: Delphox|Heat Wave|p1a: Incineroar|[spread] p1a,p1b\n|-resisted|p1a: Incineroar|1\n|-damage|p1a: Incineroar|68/100\n|-damage|p1b: Gardevoir|25/100\n|\n|-weather|SunnyDay|[upkeep]\n|upkeep\n|turn|3\n|inactive|ElectroDrift111 has 30 seconds left.\n|\n|t:|1776160865\n|move|p2a: Clefable|Protect|p2a: Clefable\n|-singleturn|p2a: Clefable|Protect\n|move|p1b: Gardevoir|Moonblast|p2a: Clefable\n|-activate|p2a: Clefable|move: Protect\n|move|p2b: Delphox|Heat Wave|p1b: Gardevoir|[spread] p1a,p1b\n|-resisted|p1a: Incineroar|1\n|-crit|p1a: Incineroar\n|-damage|p1a: Incineroar|19/100\n|-damage|p1b: Gardevoir|0 fnt\n|-enditem|p1a: Incineroar|Sitrus Berry|[eat]\n|-heal|p1a: Incineroar|44/100|[from] item: Sitrus Berry\n|faint|p1b: Gardevoir\n|move|p1a: Incineroar|Throat Chop|p2b: Delphox\n|-supereffective|p2b: Delphox|1\n|-end|p2b: Delphox|Substitute\n|\n|-weather|SunnyDay|[upkeep]\n|upkeep\n|\n|t:|1776160874\n|switch|p1b: Venusaur|Venusaur, L50, F|100/100\n|turn|4\n|\n|t:|1776160898\n|move|p2b: Delphox|Protect|p2b: Delphox\n|-singleturn|p2b: Delphox|Protect\n|move|p1b: Venusaur|Sleep Powder|p2b: Delphox\n|-activate|p2b: Delphox|move: Protect\n|move|p1a: Incineroar|Flare Blitz|p2a: Clefable\n|-damage|p2a: Clefable|0 fnt\n|faint|p2a: Clefable\n|-damage|p1a: Incineroar|24/100|[from] Recoil\n|\n|-weather|SunnyDay|[upkeep]\n|upkeep\n|\n|t:|1776160917\n|switch|p2a: Basculegion|Basculegion, L50, M|26/100\n|turn|5\n|\n|t:|1776160927\n|switch|p2b: Dragonite|Dragonite, L50, M|94/100\n|move|p2a: Basculegion|Aqua Jet|p1a: Incineroar\n|-supereffective|p1a: Incineroar|1\n|-damage|p1a: Incineroar|0 fnt\n|faint|p1a: Incineroar\n|move|p1b: Venusaur|Sleep Powder|p2b: Dragonite\n|-status|p2b: Dragonite|slp|[from] move: Sleep Powder\n|-enditem|p2b: Dragonite|Lum Berry|[eat]\n|-curestatus|p2b: Dragonite|slp|[msg]\n|\n|-weather|none\n|upkeep\n|\n|t:|1776160934\n|switch|p1a: Charizard|Charizard-Mega-Y, L50, F|46/100\n|-weather|SunnyDay|[from] ability: Drought|[of] p1a: Charizard\n|turn|6\n|inactive|zeranojugador188 has 30 seconds left.\n|inactive|zeranojugador188 has 20 seconds left.\n|inactive|ElectroDrift111 has 30 seconds left.\n|\n|t:|1776160979\n|move|p1a: Charizard|Protect|p1a: Charizard\n|-singleturn|p1a: Charizard|Protect\n|move|p2a: Basculegion|Aqua Jet|p1a: Charizard\n|-activate|p1a: Charizard|move: Protect\n|move|p1b: Venusaur|Sleep Powder|p2a: Basculegion\n|-status|p2a: Basculegion|slp|[from] move: Sleep Powder\n|move|p2b: Dragonite|Scale Shot|p1b: Venusaur\n|-damage|p1b: Venusaur|81/100\n|-damage|p1b: Venusaur|59/100\n|-hitcount|p1b: Venusaur|2\n|-unboost|p2b: Dragonite|def|1\n|-boost|p2b: Dragonite|spe|1\n|\n|-weather|SunnyDay|[upkeep]\n|upkeep\n|turn|7\n|\n|t:|1776160997\n|move|p2b: Dragonite|Protect|p2b: Dragonite\n|-singleturn|p2b: Dragonite|Protect\n|cant|p2a: Basculegion|slp\n|move|p1b: Venusaur|Sleep Powder|p2b: Dragonite\n|-activate|p2b: Dragonite|move: Protect\n|move|p1a: Charizard|Heat Wave|p2b: Dragonite|[spread] p2a\n|-activate|p2b: Dragonite|move: Protect\n|-resisted|p2a: Basculegion|1\n|-damage|p2a: Basculegion|0 fnt\n|faint|p2a: Basculegion\n|\n|-weather|SunnyDay|[upkeep]\n|upkeep\n|\n|t:|1776161009\n|switch|p2a: Delphox|Delphox-Mega, L50, M|76/100\n|turn|8\n|inactive|zeranojugador188 has 30 seconds left.\n|\n|t:|1776161042\n|move|p1a: Charizard|Protect|p1a: Charizard\n|-singleturn|p1a: Charizard|Protect\n|move|p1b: Venusaur|Sleep Powder|p2a: Delphox\n|-status|p2a: Delphox|slp|[from] move: Sleep Powder\n|move|p2b: Dragonite|Scale Shot|p1b: Venusaur\n|-damage|p1b: Venusaur|41/100\n|-damage|p1b: Venusaur|21/100\n|-damage|p1b: Venusaur|3/100\n|-damage|p1b: Venusaur|0 fnt\n|faint|p1b: Venusaur\n|-hitcount|p1: Venusaur|4\n|-unboost|p2b: Dragonite|def|1\n|-boost|p2b: Dragonite|spe|1\n|cant|p2a: Delphox|slp\n|\n|-weather|SunnyDay|[upkeep]\n|upkeep\n|turn|9\n|inactive|ElectroDrift111 has 30 seconds left.\n|\n|t:|1776161071\n|move|p2b: Dragonite|Scale Shot|p1a: Charizard|[miss]\n|-miss|p2b: Dragonite|p1a: Charizard\n|-curestatus|p2a: Delphox|slp|[msg]\n|move|p2a: Delphox|Psychic|p1a: Charizard\n|-damage|p1a: Charizard|0 fnt\n|faint|p1a: Charizard\n|\n|win|ElectroDrift111\n|raw|zeranojugador188's rating: 1312 &rarr; <strong>1294</strong><br />(-18 for losing)\n|raw|ElectroDrift111's rating: 1349 &rarr; <strong>1367</strong><br />(+18 for winning)\n|l|\u2606ElectroDrift111\n|player|p2|\n|l|\u2606zeranojugador188\n|player|p1|\n|j|\u2606ElectroDrift111\n|player|p2|ElectroDrift111|roxie|\n|l|\u2606ElectroDrift111\n|player|p2|\n|j|\u2606ElectroDrift111\n|player|p2|ElectroDrift111|roxie|\n",
  "uploadtime": 1776162022,
  "views": 20,
  "formatid": "gen9championsvgc2026regma",
  "rating": 1294,
  "private": 0,
  "password": null
}