{
  "id": "gen9championsvgc2026regma-2581849375",
  "format": "[Gen 9 Champions] VGC 2026 Reg M-A",
  "players": [
    "dmryrdtp",
    "SilverMagicianVGC"
  ],
  "log": "|j|\u2606dmryrdtp\n|j|\u2606SilverMagicianVGC\n|t:|1776033505\n|gametype|doubles\n|player|p1|dmryrdtp|nate|1320\n|player|p2|SilverMagicianVGC|silver|1363\n|gen|9\n|tier|[Gen 9 Champions] VGC 2026 Reg M-A\n|rated|\n|rule|Species Clause: Limit one of each Pok\u00e9mon\n|rule|Item Clause: Limit 1 of each item\n|clearpoke\n|poke|p1|Delphox, L50, M|\n|poke|p1|Basculegion, L50, M|\n|poke|p1|Whimsicott, L50, M|\n|poke|p1|Garchomp, L50, M|\n|poke|p1|Kingambit, L50, F|\n|poke|p1|Sneasler, L50, F|\n|poke|p2|Floette-Eternal, L50, F|\n|poke|p2|Garchomp, L50, F|\n|poke|p2|Charizard, L50, M|\n|poke|p2|Incineroar, L50, M|\n|poke|p2|Milotic, L50, F|\n|poke|p2|Sinistcha, L50|\n|teampreview|4\n|\n|t:|1776033549\n|teamsize|p1|4\n|teamsize|p2|4\n|start\n|switch|p1a: Basculegion|Basculegion, L50, M|100/100\n|switch|p1b: Kingambit|Kingambit, L50, F|100/100\n|switch|p2a: Garchomp|Garchomp, L50, F|100/100\n|switch|p2b: Charizard|Charizard, L50, M|100/100\n|turn|1\n|\n|t:|1776033571\n|detailschange|p2b: Charizard|Charizard-Mega-Y, L50, M\n|-mega|p2b: Charizard|Charizard|Charizardite Y\n|-weather|SunnyDay|[from] ability: Drought|[of] p2b: Charizard\n|move|p2b: Charizard|Protect|p2b: Charizard\n|-singleturn|p2b: Charizard|Protect\n|move|p1b: Kingambit|Protect|p1b: Kingambit\n|-singleturn|p1b: Kingambit|Protect\n|move|p2a: Garchomp|Earthquake|p1b: Kingambit|[spread] p1a\n|-activate|p2b: Charizard|move: Protect\n|-activate|p1b: Kingambit|move: Protect\n|-damage|p1a: Basculegion|42/100\n|move|p1a: Basculegion|Wave Crash|p2b: Charizard\n|-activate|p2b: Charizard|move: Protect\n|\n|-weather|SunnyDay|[upkeep]\n|upkeep\n|turn|2\n|inactive|Battle timer is ON: inactive players will automatically lose when time's up. (requested by dmryrdtp)\n|\n|t:|1776033595\n|move|p1a: Basculegion|Aqua Jet|p2b: Charizard\n|-supereffective|p2b: Charizard|1\n|-damage|p2b: Charizard|62/100\n|move|p1b: Kingambit|Sucker Punch|p2b: Charizard\n|-damage|p2b: Charizard|2/100\n|move|p2a: Garchomp|Earthquake|p1b: Kingambit|[spread] p1a,p1b\n|-immune|p2b: Charizard\n|-supereffective|p1b: Kingambit|1\n|-damage|p1a: Basculegion|0 fnt\n|-damage|p1b: Kingambit|43/100\n|faint|p1a: Basculegion\n|move|p2b: Charizard|Heat Wave|p1b: Kingambit\n|-supereffective|p1b: Kingambit|1\n|-damage|p1b: Kingambit|0 fnt\n|faint|p1b: Kingambit\n|\n|-weather|SunnyDay|[upkeep]\n|upkeep\n|\n|t:|1776033607\n|switch|p1a: Delphox|Delphox, L50, M|100/100\n|switch|p1b: Sneasler|Sneasler, L50, F|100/100\n|turn|3\n|inactive|dmryrdtp has 30 seconds left.\n|\n|t:|1776033635\n|switch|p2a: Sinistcha|Sinistcha, L50|100/100\n|-heal|p2b: Charizard|26/100|[from] ability: Hospitality|[of] p2a: Sinistcha\n|detailschange|p1a: Delphox|Delphox-Mega, L50, M\n|-mega|p1a: Delphox|Delphox|Delphoxite\n|move|p2b: Charizard|Protect|p2b: Charizard\n|-singleturn|p2b: Charizard|Protect\n|move|p1a: Delphox|Psychic|p2a: Sinistcha\n|-crit|p2a: Sinistcha\n|-damage|p2a: Sinistcha|13/100\n|move|p1b: Sneasler|Dire Claw|p2b: Charizard\n|-activate|p2b: Charizard|move: Protect\n|\n|-weather|SunnyDay|[upkeep]\n|upkeep\n|turn|4\n|inactive|SilverMagicianVGC has 30 seconds left.\n|inactive|SilverMagicianVGC has 20 seconds left.\n|inactive|SilverMagicianVGC has 15 seconds left.\n|\n|t:|1776033677\n|switch|p2b: Incineroar|Incineroar, L50, M|100/100\n|-ability|p2b: Incineroar|Intimidate|boost\n|-unboost|p1a: Delphox|atk|1\n|-unboost|p1b: Sneasler|atk|1\n|move|p1a: Delphox|Psychic|p2b: Incineroar\n|-immune|p2b: Incineroar\n|move|p1b: Sneasler|Dire Claw|p2b: Incineroar\n|-damage|p2b: Incineroar|74/100\n|move|p2a: Sinistcha|Trick Room|p2a: Sinistcha\n|-fieldstart|move: Trick Room|[of] p2a: Sinistcha\n|\n|-weather|SunnyDay|[upkeep]\n|upkeep\n|turn|5\n|inactive|SilverMagicianVGC has 30 seconds left.\n|inactive|SilverMagicianVGC has 20 seconds left.\n|\n|t:|1776033713\n|move|p2b: Incineroar|Fake Out|p1a: Delphox\n|-damage|p1a: Delphox|81/100\n|move|p2a: Sinistcha|Matcha Gotcha|p1a: Delphox|[spread] p1b\n|-miss|p2a: Sinistcha|p1a: Delphox\n|-resisted|p1b: Sneasler|1\n|-damage|p1b: Sneasler|84/100\n|-heal|p2a: Sinistcha|21/100|[from] drain|[of] p1b: Sneasler\n|-status|p1b: Sneasler|brn\n|move|p1b: Sneasler|Close Combat|p2b: Incineroar\n|-supereffective|p2b: Incineroar|1\n|-damage|p2b: Incineroar|39/100\n|-unboost|p1b: Sneasler|def|1\n|-unboost|p1b: Sneasler|spd|1\n|-enditem|p2b: Incineroar|Sitrus Berry|[eat]\n|-heal|p2b: Incineroar|64/100|[from] item: Sitrus Berry\n|cant|p1a: Delphox|flinch\n|\n|-weather|none\n|-damage|p1b: Sneasler|78/100 brn|[from] brn\n|upkeep\n|turn|6\n|\n|t:|1776033736\n|move|p2b: Incineroar|Flare Blitz|p1b: Sneasler\n|-damage|p1b: Sneasler|0 fnt\n|faint|p1b: Sneasler\n|-damage|p2b: Incineroar|44/100|[from] Recoil\n|move|p2a: Sinistcha|Matcha Gotcha|p1a: Delphox\n|-resisted|p1a: Delphox|1\n|-damage|p1a: Delphox|66/100\n|-heal|p2a: Sinistcha|28/100|[from] drain|[of] p1a: Delphox\n|move|p1a: Delphox|Heat Wave|p2a: Sinistcha|[spread] p2a,p2b\n|-supereffective|p2a: Sinistcha|1\n|-resisted|p2b: Incineroar|1\n|-damage|p2a: Sinistcha|0 fnt\n|-damage|p2b: Incineroar|24/100\n|faint|p2a: Sinistcha\n|\n|upkeep\n|j| wuhyun\n|\n|t:|1776033749\n|switch|p2a: Charizard|Charizard-Mega-Y, L50, M|26/100\n|-weather|SunnyDay|[from] ability: Drought|[of] p2a: Charizard\n|turn|7\n|\n|t:|1776033762\n|move|p1a: Delphox|Protect|p1a: Delphox\n|-singleturn|p1a: Delphox|Protect\n|move|p2b: Incineroar|Throat Chop|p1a: Delphox\n|-activate|p1a: Delphox|move: Protect\n|move|p2a: Charizard|Air Slash|p1a: Delphox\n|-activate|p1a: Delphox|move: Protect\n|\n|-weather|SunnyDay|[upkeep]\n|upkeep\n|turn|8\n|\n|t:|1776033773\n|move|p2b: Incineroar|Throat Chop|p1a: Delphox\n|-supereffective|p1a: Delphox|1\n|-damage|p1a: Delphox|0 fnt\n|faint|p1a: Delphox\n|\n|win|SilverMagicianVGC\n|raw|dmryrdtp's rating: 1320 &rarr; <strong>1302</strong><br />(-18 for losing)\n|raw|SilverMagicianVGC's rating: 1363 &rarr; <strong>1381</strong><br />(+18 for winning)\n|l|\u2606SilverMagicianVGC\n|player|p2|\n|l|\u2606dmryrdtp\n|player|p1|\n|l| wuhyun\n",
  "uploadtime": 1776034134,
  "views": 19,
  "formatid": "gen9championsvgc2026regma",
  "rating": 1302,
  "private": 0,
  "password": null
}