{
  "id": "gen9championsvgc2026regma-2583795561",
  "format": "[Gen 9 Champions] VGC 2026 Reg M-A",
  "players": [
    "MigraineMan",
    "3ncio"
  ],
  "log": "|j|\u2606MigraineMan\n|j|\u26063ncio\n|t:|1776198274\n|gametype|doubles\n|player|p1|MigraineMan|266|1341\n|player|p2|3ncio|265|1326\n|gen|9\n|tier|[Gen 9 Champions] VGC 2026 Reg M-A\n|rated|\n|rule|Species Clause: Limit one of each Pok\u00e9mon\n|rule|Item Clause: Limit 1 of each item\n|clearpoke\n|poke|p1|Blastoise, L50, M|\n|poke|p1|Sinistcha, L50|\n|poke|p1|Pelipper, L50, M|\n|poke|p1|Maushold, L50|\n|poke|p1|Incineroar, L50, M|\n|poke|p1|Farigiraf, L50, F|\n|poke|p2|Tyranitar, L50, M|\n|poke|p2|Meganium, L50, M|\n|poke|p2|Excadrill, L50, M|\n|poke|p2|Sneasler, L50, F|\n|poke|p2|Dragapult, L50, M|\n|poke|p2|Rotom-Wash, L50|\n|teampreview|4\n|l|\u26063ncio\n|player|p2|\n|j|\u26063ncio\n|player|p2|3ncio|265|\n|inactive|Battle timer is ON: inactive players will automatically lose when time's up. (requested by 3ncio)\n|l|\u26063ncio\n|inactive|3ncio disconnected and has a minute to reconnect!\n|player|p2|\n|inactive|MigraineMan has 60 seconds left.\n|inactive|3ncio has 30 seconds to reconnect!\n|j|\u26063ncio\n|inactive|3ncio reconnected and has 50 seconds left.\n|player|p2|3ncio|265|\n|inactive|3ncio has 30 seconds left.\n|\n|t:|1776198362\n|teamsize|p1|4\n|teamsize|p2|4\n|start\n|switch|p1a: Blastoise|Blastoise, L50, M|100/100\n|switch|p1b: Pelipper|Pelipper, L50, M|100/100\n|switch|p2a: Sneasler|Sneasler, L50, F|100/100\n|switch|p2b: Excadrill|Excadrill, L50, M|100/100\n|-weather|RainDance|[from] ability: Drizzle|[of] p1b: Pelipper\n|turn|1\n|inactiveoff|Battle timer is now OFF.\n|\n|t:|1776198379\n|switch|p1b: Farigiraf|Farigiraf, L50, F|100/100\n|detailschange|p1a: Blastoise|Blastoise-Mega, L50, M\n|-mega|p1a: Blastoise|Blastoise|Blastoisinite\n|move|p2a: Sneasler|Fake Out||[still]\n|cant|p1b: Farigiraf|ability: Armor Tail|Fake Out|[of] p2a: Sneasler\n|move|p2b: Excadrill|Rock Slide|p1b: Farigiraf|[spread] p1a,p1b\n|-damage|p1a: Blastoise|77/100\n|-damage|p1b: Farigiraf|84/100\n|move|p1a: Blastoise|Shell Smash|p1a: Blastoise\n|-unboost|p1a: Blastoise|def|1\n|-unboost|p1a: Blastoise|spd|1\n|-boost|p1a: Blastoise|atk|2\n|-boost|p1a: Blastoise|spa|2\n|-boost|p1a: Blastoise|spe|2\n|\n|-weather|RainDance|[upkeep]\n|upkeep\n|turn|2\n|\n|t:|1776198404\n|switch|p2a: Tyranitar|Tyranitar, L50, M|100/100\n|-weather|Sandstorm|[from] ability: Sand Stream|[of] p2a: Tyranitar\n|move|p1b: Farigiraf|Ally Switch|p1b: Farigiraf\n|swap|p1b: Farigiraf|0|[from] move: Ally Switch\n|move|p2b: Excadrill|Earthquake|p1b: Blastoise|[spread] p2a,p1a,p1b\n|-supereffective|p2a: Tyranitar|1\n|-damage|p2a: Tyranitar|25/100\n|-damage|p1a: Farigiraf|50/100\n|-damage|p1b: Blastoise|10/100\n|move|p1b: Blastoise|Water Spout|p2a: Tyranitar|[spread] p2a,p2b\n|-supereffective|p2a: Tyranitar|1\n|-supereffective|p2b: Excadrill|1\n|-damage|p2a: Tyranitar|11/100\n|-damage|p2b: Excadrill|67/100\n|\n|-weather|Sandstorm|[upkeep]\n|-damage|p1b: Blastoise|4/100|[from] Sandstorm\n|-damage|p1a: Farigiraf|44/100|[from] Sandstorm\n|upkeep\n|turn|3\n|\n|t:|1776198432\n|switch|p1a: Pelipper|Pelipper, L50, M|100/100\n|-weather|RainDance|[from] ability: Drizzle|[of] p1a: Pelipper\n|move|p1b: Blastoise|Protect|p1b: Blastoise\n|-singleturn|p1b: Blastoise|Protect\n|move|p2b: Excadrill|Rock Slide|p1a: Pelipper|[spread] p1a\n|-activate|p1b: Blastoise|move: Protect\n|-supereffective|p1a: Pelipper|1\n|-damage|p1a: Pelipper|51/100\n|move|p2a: Tyranitar|Knock Off|p1a: Pelipper\n|-damage|p1a: Pelipper|0 fnt\n|-enditem|p1a: Pelipper|Bright Powder|[from] move: Knock Off|[of] p2a: Tyranitar\n|faint|p1a: Pelipper\n|\n|-weather|RainDance|[upkeep]\n|upkeep\n|\n|t:|1776198438\n|switch|p1a: Sinistcha|Sinistcha, L50|100/100\n|-heal|p1b: Blastoise|29/100|[from] ability: Hospitality|[of] p1a: Sinistcha\n|turn|4\n|\n|t:|1776198463\n|move|p1b: Blastoise|Water Spout|p2a: Tyranitar|[spread] p2a,p2b\n|-supereffective|p2a: Tyranitar|1\n|-supereffective|p2b: Excadrill|1\n|-damage|p2a: Tyranitar|0 fnt\n|-damage|p2b: Excadrill|0 fnt\n|faint|p2a: Tyranitar\n|faint|p2b: Excadrill\n|move|p1a: Sinistcha|Life Dew||[still]|[spread] p1a,p1b\n|-fail|p1a: Sinistcha|heal\n|-heal|p1b: Blastoise|54/100\n|\n|-weather|RainDance|[upkeep]\n|upkeep\n|\n|t:|1776198468\n|switch|p2b: Meganium|Meganium, L50, M|100/100\n|switch|p2a: Sneasler|Sneasler, L50, F|100/100\n|turn|5\n|\n|t:|1776198478\n|detailschange|p2b: Meganium|Meganium-Mega, L50, M\n|-mega|p2b: Meganium|Meganium|Meganiumite\n|move|p1b: Blastoise|Protect|p1b: Blastoise\n|-singleturn|p1b: Blastoise|Protect\n|move|p2a: Sneasler|Fake Out|p1b: Blastoise\n|-activate|p1b: Blastoise|move: Protect\n|move|p2b: Meganium|Dazzling Gleam|p1b: Blastoise|[spread] p1a\n|-activate|p1b: Blastoise|move: Protect\n|-damage|p1a: Sinistcha|65/100\n|move|p1a: Sinistcha|Life Dew|p1a: Sinistcha|[spread] p1a,p1b\n|-heal|p1a: Sinistcha|90/100\n|-heal|p1b: Blastoise|79/100\n|\n|-weather|RainDance|[upkeep]\n|upkeep\n|turn|6\n|\n|t:|1776198506\n|move|p1a: Sinistcha|Rage Powder|p1a: Sinistcha\n|-singleturn|p1a: Sinistcha|move: Rage Powder\n|move|p1b: Blastoise|Ice Beam|p2b: Meganium\n|-supereffective|p2b: Meganium|1\n|-damage|p2b: Meganium|0 fnt\n|faint|p2b: Meganium\n|move|p2a: Sneasler|Dire Claw|p1a: Sinistcha\n|-damage|p1a: Sinistcha|53/100\n|\n|-weather|RainDance|[upkeep]\n|upkeep\n|turn|7\n|\n|t:|1776198515\n|move|p1b: Blastoise|Water Spout|p2a: Sneasler\n|-damage|p2a: Sneasler|0 fnt\n|faint|p2a: Sneasler\n|\n|win|MigraineMan\n|raw|MigraineMan's rating: 1341 &rarr; <strong>1360</strong><br />(+19 for winning)\n|raw|3ncio's rating: 1326 &rarr; <strong>1307</strong><br />(-19 for losing)\n|l|\u26063ncio\n|player|p2|\n",
  "uploadtime": 1776198524,
  "views": 34,
  "formatid": "gen9championsvgc2026regma",
  "rating": 1307,
  "private": 0,
  "password": null
}