{
  "id": "gen9championsvgc2026regma-2581638048",
  "format": "[Gen 9 Champions] VGC 2026 Reg M-A",
  "players": [
    "jquaza78",
    "Specsxs"
  ],
  "log": "|j|\u2606jquaza78\n|j|\u2606Specsxs\n|t:|1776017040\n|gametype|doubles\n|player|p1|jquaza78|az|\n|player|p2|Specsxs|169|\n|gen|9\n|tier|[Gen 9 Champions] VGC 2026 Reg M-A\n|rule|Species Clause: Limit one of each Pok\u00e9mon\n|rule|Item Clause: Limit 1 of each item\n|clearpoke\n|poke|p1|Feraligatr, L50, M|\n|poke|p1|Dragonite, L50, F|\n|poke|p1|Basculegion, L50, M|\n|poke|p1|Politoed, L50, M|\n|poke|p1|Whimsicott, L50, M|\n|poke|p1|Pelipper, L50, M|\n|poke|p2|Delphox, L50, M|\n|poke|p2|Torkoal, L50, F|\n|poke|p2|Whimsicott, L50, M|\n|poke|p2|Charizard, L50, F|\n|poke|p2|Sinistcha, L50|\n|poke|p2|Arcanine-Hisui, L50, M|\n|teampreview|4\n|inactive|Battle timer is ON: inactive players will automatically lose when time's up. (requested by jquaza78)\n|l|\u2606Specsxs\n|inactive|Specsxs disconnected and has 300 seconds to reconnect!\n|player|p2|\n|j|\u2606Specsxs\n|inactive|Specsxs reconnected and has 75 seconds left.\n|player|p2|Specsxs|169|\n|l|\u2606Specsxs\n|inactive|Specsxs disconnected and has 295 seconds to reconnect!\n|player|p2|\n|j|\u2606Specsxs\n|inactive|Specsxs reconnected and has 75 seconds left.\n|player|p2|Specsxs|169|\n|inactive|jquaza78 has 60 seconds left.\n|\n|t:|1776017077\n|teamsize|p1|4\n|teamsize|p2|4\n|start\n|switch|p1a: Politoed|Politoed, L50, M, shiny|100/100\n|switch|p1b: Dragonite|Dragonite, L50, F|100/100\n|switch|p2a: Torkoal|Torkoal, L50, F|100/100\n|switch|p2b: Whimsicott|Whimsicott, L50, M|100/100\n|-weather|RainDance|[from] ability: Drizzle|[of] p1a: Politoed\n|-weather|SunnyDay|[from] ability: Drought|[of] p2a: Torkoal\n|turn|1\n|\n|t:|1776017097\n|move|p2b: Whimsicott|Tailwind|p2b: Whimsicott\n|-sidestart|p2: Specsxs|move: Tailwind\n|move|p1b: Dragonite|Weather Ball|p2b: Whimsicott\n|-supereffective|p2b: Whimsicott|1\n|-enditem|p2b: Whimsicott|Focus Sash\n|-damage|p2b: Whimsicott|1/100\n|move|p1a: Politoed|Muddy Water|p2b: Whimsicott|[spread] p2a\n|-miss|p1a: Politoed|p2b: Whimsicott\n|-supereffective|p2a: Torkoal|1\n|-enditem|p2a: Torkoal|Passho Berry|[eat]\n|-enditem|p2a: Torkoal|Passho Berry|[weaken]\n|-damage|p2a: Torkoal|91/100\n|-unboost|p2a: Torkoal|accuracy|1\n|move|p2a: Torkoal|Yawn|p1a: Politoed\n|-start|p1a: Politoed|move: Yawn|[of] p2a: Torkoal\n|\n|-weather|SunnyDay|[upkeep]\n|upkeep\n|turn|2\n|inactive|jquaza78 has 30 seconds left.\n|inactive|Specsxs has 30 seconds left.\n|\n|t:|1776017127\n|detailschange|p1b: Dragonite|Dragonite-Mega, L50, F\n|-mega|p1b: Dragonite|Dragonite|Dragoninite\n|move|p2b: Whimsicott|Light Screen|p2b: Whimsicott\n|-sidestart|p2: Specsxs|move: Light Screen\n|move|p1b: Dragonite|Draco Meteor|p2a: Torkoal\n|-damage|p2a: Torkoal|47/100\n|-unboost|p1b: Dragonite|spa|2\n|move|p1a: Politoed|Muddy Water|p2a: Torkoal|[spread] p2a\n|-miss|p1a: Politoed|p2b: Whimsicott\n|-supereffective|p2a: Torkoal|1\n|-damage|p2a: Torkoal|36/100\n|move|p2a: Torkoal|Heat Wave|p1a: Politoed|[spread] \n|-miss|p2a: Torkoal|p1a: Politoed\n|-miss|p2a: Torkoal|p1b: Dragonite\n|\n|-weather|SunnyDay|[upkeep]\n|-end|p1a: Politoed|move: Yawn|[silent]\n|-status|p1a: Politoed|slp\n|upkeep\n|turn|3\n|inactive|Specsxs has 30 seconds left.\n|\n|t:|1776017154\n|switch|p1a: Whimsicott|Whimsicott, L50, M|100/100\n|switch|p2a: Charizard|Charizard, L50, F|100/100\n|move|p2b: Whimsicott|Dazzling Gleam|p1b: Dragonite|[spread] p1a,p1b\n|-supereffective|p1b: Dragonite|1\n|-damage|p1a: Whimsicott|64/100\n|-damage|p1b: Dragonite|82/100\n|move|p1b: Dragonite|Weather Ball|p2b: Whimsicott\n|-supereffective|p2b: Whimsicott|1\n|-damage|p2b: Whimsicott|0 fnt\n|faint|p2b: Whimsicott\n|\n|-weather|SunnyDay|[upkeep]\n|upkeep\n|\n|t:|1776017169\n|switch|p2b: Torkoal|Torkoal, L50, F|36/100\n|turn|4\n|inactive|Specsxs has 30 seconds left.\n|\n|t:|1776017194\n|switch|p1a: Politoed|Politoed, L50, M, shiny|100/100 slp\n|-weather|RainDance|[from] ability: Drizzle|[of] p1a: Politoed\n|switch|p2b: Delphox|Delphox, L50, M|100/100\n|move|p2a: Charizard|Dragon Pulse|p1b: Dragonite\n|-supereffective|p1b: Dragonite|1\n|-damage|p1b: Dragonite|37/100\n|move|p1b: Dragonite|Weather Ball|p2a: Charizard\n|-supereffective|p2a: Charizard|1\n|-damage|p2a: Charizard|51/100\n|\n|-weather|RainDance|[upkeep]\n|-sideend|p2: Specsxs|move: Tailwind\n|upkeep\n|turn|5\n|inactive|jquaza78 has 30 seconds left.\n|inactive|jquaza78 has 20 seconds left.\n|inactive|jquaza78 has 15 seconds left.\n|inactive|jquaza78 has 10 seconds left.\n|inactive|jquaza78 has 5 seconds left.\n|\n|t:|1776017249\n|switch|p2b: Torkoal|Torkoal, L50, F|36/100\n|-weather|SunnyDay|[from] ability: Drought|[of] p2b: Torkoal\n|detailschange|p2a: Charizard|Charizard-Mega-Y, L50, F\n|-mega|p2a: Charizard|Charizard|Charizardite Y\n|move|p2a: Charizard|Dragon Pulse|p1b: Dragonite\n|-supereffective|p1b: Dragonite|1\n|-damage|p1b: Dragonite|0 fnt\n|faint|p1b: Dragonite\n|cant|p1a: Politoed|slp\n|\n|-weather|SunnyDay|[upkeep]\n|upkeep\n|\n|t:|1776017261\n|switch|p1b: Whimsicott|Whimsicott, L50, M|64/100\n|turn|6\n|inactive|jquaza78 has 30 seconds left.\n|inactive|jquaza78 has 20 seconds left.\n|inactive|jquaza78 has 15 seconds left.\n|inactive|jquaza78 has 10 seconds left.\n|inactive|jquaza78 has 5 seconds left.\n|\n|t:|1776017316\n|cant|p1a: Politoed|slp\n|move|p1b: Whimsicott|Moonblast|p2b: Torkoal\n|-resisted|p2b: Torkoal|1\n|-crit|p2b: Torkoal\n|-damage|p2b: Torkoal|12/100\n|move|p2a: Charizard|Heat Wave|p1b: Whimsicott|[spread] p1a,p1b\n|-resisted|p1a: Politoed|1\n|-supereffective|p1b: Whimsicott|1\n|-damage|p1a: Politoed|72/100 slp\n|-damage|p1b: Whimsicott|0 fnt\n|faint|p1b: Whimsicott\n|move|p2b: Torkoal|Heat Wave|p1a: Politoed\n|-resisted|p1a: Politoed|1\n|-damage|p1a: Politoed|55/100 slp\n|\n|-weather|SunnyDay|[upkeep]\n|-heal|p1a: Politoed|61/100 slp|[from] item: Leftovers\n|-sideend|p2: Specsxs|move: Light Screen\n|upkeep\n|\n|t:|1776017328\n|switch|p1b: Basculegion|Basculegion, L50, M, shiny|100/100\n|turn|7\n|\n|t:|1776017339\n|move|p1b: Basculegion|Last Respects|p2a: Charizard\n|-damage|p2a: Charizard|0 fnt\n|faint|p2a: Charizard\n|-curestatus|p1a: Politoed|slp|[msg]\n|move|p1a: Politoed|Muddy Water|p2b: Torkoal\n|-supereffective|p2b: Torkoal|1\n|-damage|p2b: Torkoal|0 fnt\n|faint|p2b: Torkoal\n|\n|-weather|SunnyDay|[upkeep]\n|-heal|p1a: Politoed|67/100|[from] item: Leftovers\n|upkeep\n|\n|t:|1776017355\n|switch|p2a: Delphox|Delphox, L50, M|100/100\n|turn|8\n|\n|t:|1776017363\n|move|p1b: Basculegion|Last Respects|p2a: Delphox\n|-supereffective|p2a: Delphox|1\n|-damage|p2a: Delphox|0 fnt\n|faint|p2a: Delphox\n|\n|win|jquaza78\n",
  "uploadtime": 1776017369,
  "views": 13,
  "formatid": "gen9championsvgc2026regma",
  "rating": null,
  "private": 0,
  "password": null
}