{
  "id": "gen9championsvgc2026regma-2587537145",
  "format": "[Gen 9 Champions] VGC 2026 Reg M-A",
  "players": [
    "Apfhjsof",
    "galbiazzoh"
  ],
  "log": "|j|\u2606Apfhjsof\n|j|\u2606galbiazzoh\n|t:|1776540312\n|gametype|doubles\n|player|p1|Apfhjsof|2|1002\n|player|p2|galbiazzoh|li|1043\n|gen|9\n|tier|[Gen 9 Champions] VGC 2026 Reg M-A\n|rated|\n|rule|Species Clause: Limit one of each Pok\u00e9mon\n|rule|Item Clause: Limit 1 of each item\n|clearpoke\n|poke|p1|Sneasler, L50, M|\n|poke|p1|Hatterene, L50, F|\n|poke|p1|Vanilluxe, L50, F|\n|poke|p1|Maushold-Four, L50|\n|poke|p1|Hawlucha, L50, M|\n|poke|p1|Avalugg, L50, M|\n|poke|p2|Froslass, L50, F|\n|poke|p2|Incineroar, L50, F|\n|poke|p2|Sneasler, L50, M|\n|poke|p2|Sinistcha, L50|\n|poke|p2|Basculegion, L50, M|\n|poke|p2|Corviknight, L50, F|\n|teampreview|4\n|inactive|Battle timer is ON: inactive players will automatically lose when time's up. (requested by Apfhjsof)\ngalbiazzoh has agreed to open team sheets.\n|inactive|galbiazzoh has 60 seconds left.\nApfhjsof rejected open team sheets.\n|inactive|galbiazzoh has 30 seconds left.\n|inactive|galbiazzoh has 20 seconds left.\n|inactive|galbiazzoh has 15 seconds left.\n|inactive|galbiazzoh has 10 seconds left.\n|inactive|galbiazzoh has 5 seconds left.\n|\n|t:|1776540400\n|teamsize|p1|4\n|teamsize|p2|4\n|start\n|switch|p1a: Hawlucha|Hawlucha, L50, M|100/100\n|switch|p1b: Vanilluxe|Vanilluxe, L50, F|100/100\n|switch|p2a: Froslass|Froslass, L50, F|100/100\n|switch|p2b: Corviknight|Corviknight, L50, F|100/100\n|-weather|Snowscape|[from] ability: Snow Warning|[of] p1b: Vanilluxe\n|turn|1\n|inactive|galbiazzoh has 30 seconds left.\n|inactive|galbiazzoh has 20 seconds left.\n|inactive|galbiazzoh has 15 seconds left.\n|\n|t:|1776540448\n|detailschange|p1a: Hawlucha|Hawlucha-Mega, L50, M\n|-mega|p1a: Hawlucha|Hawlucha|Hawluchanite\n|detailschange|p2a: Froslass|Froslass-Mega, L50, F\n|-mega|p2a: Froslass|Froslass|Froslassite\n|move|p2a: Froslass|Blizzard|p1a: Hawlucha|[spread] p1a,p1b\n|-supereffective|p1a: Hawlucha|1\n|-resisted|p1b: Vanilluxe|1\n|-damage|p1a: Hawlucha|0 fnt\n|-damage|p1b: Vanilluxe|77/100\n|faint|p1a: Hawlucha\n|move|p1b: Vanilluxe|Sheer Cold|p2b: Corviknight|[miss]\n|-miss|p1b: Vanilluxe|p2b: Corviknight\n|move|p2b: Corviknight|Iron Head|p1b: Vanilluxe\n|-supereffective|p1b: Vanilluxe|1\n|-damage|p1b: Vanilluxe|45/100\n|\n|-weather|Snowscape|[upkeep]\n|upkeep\n|\n|t:|1776540458\n|switch|p1a: Avalugg|Avalugg, L50, M|100/100\n|turn|2\n|\n|t:|1776540468\n|move|p2a: Froslass|Aurora Veil|p2a: Froslass\n|-sidestart|p2: galbiazzoh|move: Aurora Veil\n|move|p1b: Vanilluxe|Sheer Cold|p2b: Corviknight|[miss]\n|-miss|p1b: Vanilluxe|p2b: Corviknight\n|move|p2b: Corviknight|Iron Defense|p2b: Corviknight\n|-boost|p2b: Corviknight|def|2\n|move|p1a: Avalugg|Iron Defense|p1a: Avalugg\n|-boost|p1a: Avalugg|def|2\n|\n|-weather|Snowscape|[upkeep]\n|upkeep\n|turn|3\n|\n|t:|1776540483\n|move|p2a: Froslass|Protect|p2a: Froslass\n|-singleturn|p2a: Froslass|Protect\n|move|p1b: Vanilluxe|Sheer Cold|p2b: Corviknight|[miss]\n|-miss|p1b: Vanilluxe|p2b: Corviknight\n|move|p2b: Corviknight|Body Press|p1b: Vanilluxe\n|-supereffective|p1b: Vanilluxe|1\n|-damage|p1b: Vanilluxe|0 fnt\n|faint|p1b: Vanilluxe\n|move|p1a: Avalugg|Iron Defense|p1a: Avalugg\n|-boost|p1a: Avalugg|def|2\n|\n|-weather|Snowscape|[upkeep]\n|upkeep\n|\n|t:|1776540497\n|switch|p1b: Maushold|Maushold-Four, L50|100/100\n|turn|4\n|\n|t:|1776540515\n|switch|p2a: Incineroar|Incineroar, L50, F|100/100\n|-ability|p2a: Incineroar|Intimidate|boost\n|-unboost|p1a: Avalugg|atk|1\n|-unboost|p1b: Maushold|atk|1\n|move|p1b: Maushold|Protect|p1b: Maushold\n|-singleturn|p1b: Maushold|Protect\n|move|p2b: Corviknight|Body Press|p1b: Maushold\n|-activate|p1b: Maushold|move: Protect\n|move|p1a: Avalugg|Iron Defense|p1a: Avalugg\n|-boost|p1a: Avalugg|def|2\n|\n|-weather|Snowscape|[upkeep]\n|upkeep\n|turn|5\n|\n|t:|1776540528\n|move|p2a: Incineroar|Fake Out|p1a: Avalugg\n|-damage|p1a: Avalugg|99/100\n|move|p1b: Maushold|Population Bomb|p2b: Corviknight\n|-resisted|p2b: Corviknight|1\n|-damage|p2b: Corviknight|99/100\n|-resisted|p2b: Corviknight|1\n|-damage|p2b: Corviknight|99/100\n|-resisted|p2b: Corviknight|1\n|-damage|p2b: Corviknight|99/100\n|-resisted|p2b: Corviknight|1\n|-damage|p2b: Corviknight|99/100\n|-resisted|p2b: Corviknight|1\n|-damage|p2b: Corviknight|98/100\n|-resisted|p2b: Corviknight|1\n|-damage|p2b: Corviknight|98/100\n|-resisted|p2b: Corviknight|1\n|-damage|p2b: Corviknight|97/100\n|-resisted|p2b: Corviknight|1\n|-damage|p2b: Corviknight|97/100\n|-resisted|p2b: Corviknight|1\n|-damage|p2b: Corviknight|96/100\n|-resisted|p2b: Corviknight|1\n|-damage|p2b: Corviknight|96/100\n|-hitcount|p2b: Corviknight|10\n|move|p2b: Corviknight|Body Press|p1b: Maushold\n|-supereffective|p1b: Maushold|1\n|-damage|p1b: Maushold|0 fnt\n|faint|p1b: Maushold\n|cant|p1a: Avalugg|flinch\n|\n|-weather|none\n|-heal|p1a: Avalugg|100/100|[from] item: Leftovers\n|upkeep\n|turn|6\n|\n|t:|1776540552\n|move|p2b: Corviknight|Iron Defense|p2b: Corviknight\n|-boost|p2b: Corviknight|def|2\n|move|p2a: Incineroar|Parting Shot|p1a: Avalugg\n|-unboost|p1a: Avalugg|atk|1\n|-unboost|p1a: Avalugg|spa|1\n|\n|t:|1776540557\n|switch|p2a: Froslass|Froslass-Mega, L50, F|100/100|[from] Parting Shot\n|-weather|Snowscape|[from] ability: Snow Warning|[of] p2a: Froslass\n|move|p1a: Avalugg|Body Press|p2a: Froslass\n|-immune|p2a: Froslass\n|\n|-weather|Snowscape|[upkeep]\n|-sideend|p2: galbiazzoh|move: Aurora Veil\n|upkeep\n|turn|7\n|\n|t:|1776540564\n|move|p2a: Froslass|Aurora Veil|p2a: Froslass\n|-sidestart|p2: galbiazzoh|move: Aurora Veil\n|move|p2b: Corviknight|Iron Defense|p2b: Corviknight\n|-boost|p2b: Corviknight|def|2\n|move|p1a: Avalugg|Body Press|p2b: Corviknight\n|-damage|p2b: Corviknight|81/100\n|\n|-weather|Snowscape|[upkeep]\n|upkeep\n|turn|8\n|-message|Apfhjsof forfeited.\n|\n|win|galbiazzoh\n|raw|Apfhjsof's rating: 1002 &rarr; <strong>1000</strong><br />(-2 for losing)\n|raw|galbiazzoh's rating: 1043 &rarr; <strong>1073</strong><br />(+30 for winning)\n|l|\u2606Apfhjsof\n|player|p1|\n",
  "uploadtime": 1776540585,
  "views": 12,
  "formatid": "gen9championsvgc2026regma",
  "rating": 1000,
  "private": 0,
  "password": null
}