{
  "id": "gen9championsvgc2026regma-2588877217",
  "format": "[Gen 9 Champions] VGC 2026 Reg M-A",
  "players": [
    "23456789XB",
    "plastic_bandit"
  ],
  "log": "|j|\u260623456789XB\n|j|\u2606plastic_bandit\n|t:|1776681474\n|gametype|doubles\n|player|p1|23456789XB|cynthia|1147\n|player|p2|plastic_bandit|cheryl|1043\n|gen|9\n|tier|[Gen 9 Champions] VGC 2026 Reg M-A\n|rated|\n|rule|Species Clause: Limit one of each Pok\u00e9mon\n|rule|Item Clause: Limit 1 of each item\n|clearpoke\n|poke|p1|Garchomp, L50, F|\n|poke|p1|Tyranitar, L50, F|\n|poke|p1|Incineroar, L50, F|\n|poke|p1|Gardevoir, L50, M|\n|poke|p1|Sinistcha, L50|\n|poke|p1|Milotic, L50, M|\n|poke|p2|Incineroar, L50, F|\n|poke|p2|Gardevoir, L50, F, shiny|\n|poke|p2|Araquanid, L50, F|\n|poke|p2|Scizor, L50, M|\n|poke|p2|Glimmora, L50, M|\n|poke|p2|Whimsicott, L50, F, shiny|\n|teampreview|4\n|inactive|Battle timer is ON: inactive players will automatically lose when time's up. (requested by 23456789XB)\nplastic_bandit has agreed to open team sheets.\n|\n|t:|1776681494\n|teamsize|p1|4\n|teamsize|p2|4\n|start\n|switch|p1a: Garchomp|Garchomp, L50, F|100/100\n|switch|p1b: Milotic|Milotic, L50, M|100/100\n|switch|p2a: Whimsicott|Whimsicott, L50, F, shiny|100/100\n|switch|p2b: Gardevoir|Gardevoir, L50, F, shiny|100/100\n|turn|1\n|inactive|23456789XB has 30 seconds left.\n|\n|t:|1776681521\n|detailschange|p2b: Gardevoir|Gardevoir-Mega, L50, F, shiny\n|-mega|p2b: Gardevoir|Gardevoir|Gardevoirite\n|move|p1a: Garchomp|Protect|p1a: Garchomp\n|-singleturn|p1a: Garchomp|Protect\n|move|p2a: Whimsicott|Tailwind|p2a: Whimsicott\n|-sidestart|p2: plastic_bandit|move: Tailwind\n|move|p2b: Gardevoir|Hyper Voice|p1a: Garchomp|[spread] p1b\n|-activate|p1a: Garchomp|move: Protect\n|-damage|p1b: Milotic|74/100\n|move|p1b: Milotic|Scald|p2b: Gardevoir\n|-damage|p2b: Gardevoir|77/100\n|\n|-heal|p1b: Milotic|80/100|[from] item: Leftovers\n|upkeep\n|turn|2\n|inactive|plastic_bandit has 30 seconds left.\n|\n|t:|1776681549\n|switch|p2a: Araquanid|Araquanid, L50, F|100/100\n|switch|p1a: Incineroar|Incineroar, L50, F|100/100\n|-ability|p1a: Incineroar|Intimidate|boost\n|-unboost|p2a: Araquanid|atk|1\n|-unboost|p2b: Gardevoir|atk|1\n|move|p2b: Gardevoir|Hyper Voice|p1a: Incineroar|[spread] p1a,p1b\n|-damage|p1a: Incineroar|66/100\n|-damage|p1b: Milotic|54/100\n|move|p1b: Milotic|Icy Wind|p2b: Gardevoir|[spread] p2a,p2b\n|-resisted|p2a: Araquanid|1\n|-damage|p2a: Araquanid|96/100\n|-damage|p2b: Gardevoir|69/100\n|-unboost|p2a: Araquanid|spe|1\n|-unboost|p2b: Gardevoir|spe|1\n|\n|-heal|p1b: Milotic|60/100|[from] item: Leftovers\n|-heal|p2a: Araquanid|100/100|[from] item: Leftovers\n|upkeep\n|turn|3\n|\n|t:|1776681564\n|move|p2b: Gardevoir|Protect|p2b: Gardevoir\n|-singleturn|p2b: Gardevoir|Protect\n|move|p1a: Incineroar|Fake Out|p2a: Araquanid\n|-damage|p2a: Araquanid|89/100\n|move|p1b: Milotic|Scald|p2b: Gardevoir\n|-activate|p2b: Gardevoir|move: Protect\n|cant|p2a: Araquanid|flinch\n|\n|-heal|p1b: Milotic|66/100|[from] item: Leftovers\n|-heal|p2a: Araquanid|95/100|[from] item: Leftovers\n|upkeep\n|turn|4\n|\n|t:|1776681572\n|switch|p2b: Whimsicott|Whimsicott, L50, F, shiny|100/100\n|move|p1b: Milotic|Icy Wind|p2a: Araquanid|[spread] p2a,p2b\n|-resisted|p2a: Araquanid|1\n|-supereffective|p2b: Whimsicott|1\n|-damage|p2a: Araquanid|91/100\n|-damage|p2b: Whimsicott|75/100\n|-unboost|p2a: Araquanid|spe|1\n|-unboost|p2b: Whimsicott|spe|1\n|move|p1a: Incineroar|Throat Chop|p2b: Whimsicott\n|-resisted|p2b: Whimsicott|1\n|-damage|p2b: Whimsicott|58/100\n|-start|p2b: Whimsicott|Throat Chop|[silent]\n|move|p2a: Araquanid|Liquidation|p1a: Incineroar\n|-supereffective|p1a: Incineroar|1\n|-damage|p1a: Incineroar|3/100\n|-enditem|p1a: Incineroar|Sitrus Berry|[eat]\n|-heal|p1a: Incineroar|28/100|[from] item: Sitrus Berry\n|\n|-heal|p1b: Milotic|72/100|[from] item: Leftovers\n|-heal|p2a: Araquanid|96/100|[from] item: Leftovers\n|-sideend|p2: plastic_bandit|move: Tailwind\n|upkeep\n|turn|5\n|inactive|plastic_bandit has 30 seconds left.\n|\n|t:|1776681601\n|move|p2b: Whimsicott|Protect|p2b: Whimsicott\n|-singleturn|p2b: Whimsicott|Protect\n|move|p1b: Milotic|Scald|p2a: Araquanid\n|-resisted|p2a: Araquanid|1\n|-damage|p2a: Araquanid|82/100\n|move|p1a: Incineroar|Flare Blitz|p2b: Whimsicott\n|-activate|p2b: Whimsicott|move: Protect\n|move|p2a: Araquanid|Liquidation|p1a: Incineroar\n|-supereffective|p1a: Incineroar|1\n|-damage|p1a: Incineroar|0 fnt\n|faint|p1a: Incineroar\n|\n|-heal|p1b: Milotic|78/100|[from] item: Leftovers\n|-heal|p2a: Araquanid|87/100|[from] item: Leftovers\n|-end|p2b: Whimsicott|Throat Chop|[silent]\n|upkeep\n|\n|t:|1776681616\n|switch|p1a: Garchomp|Garchomp, L50, F|100/100\n|turn|6\n|\n|t:|1776681622\n|switch|p1b: Tyranitar|Tyranitar, L50, F|100/100\n|-weather|Sandstorm|[from] ability: Sand Stream|[of] p1b: Tyranitar\n|detailschange|p1a: Garchomp|Garchomp-Mega, L50, F\n|-mega|p1a: Garchomp|Garchomp|Garchompite\n|move|p2b: Whimsicott|Tailwind|p2b: Whimsicott\n|-sidestart|p2: plastic_bandit|move: Tailwind\n|move|p1a: Garchomp|Stomping Tantrum|p2b: Whimsicott\n|-resisted|p2b: Whimsicott|1\n|-damage|p2b: Whimsicott|18/100\n|move|p2a: Araquanid|Liquidation|p1a: Garchomp\n|-damage|p1a: Garchomp|66/100\n|\n|-weather|Sandstorm|[upkeep]\n|-damage|p2b: Whimsicott|12/100|[from] Sandstorm\n|-damage|p2a: Araquanid|82/100|[from] Sandstorm\n|-heal|p2a: Araquanid|87/100|[from] item: Leftovers\n|upkeep\n|turn|7\n|\n|t:|1776681643\n|move|p1a: Garchomp|Protect|p1a: Garchomp\n|-singleturn|p1a: Garchomp|Protect\n|move|p1b: Tyranitar|Rock Slide|p2a: Araquanid|[spread] p2a,p2b\n|-supereffective|p2a: Araquanid|1\n|-damage|p2a: Araquanid|20/100\n|-damage|p2b: Whimsicott|0 fnt\n|faint|p2b: Whimsicott\n|move|p2a: Araquanid|Liquidation|p1a: Garchomp\n|-activate|p1a: Garchomp|move: Protect\n|\n|-weather|Sandstorm|[upkeep]\n|-damage|p2a: Araquanid|14/100|[from] Sandstorm\n|-heal|p2a: Araquanid|20/100|[from] item: Leftovers\n|upkeep\n|\n|t:|1776681645\n|switch|p2b: Gardevoir|Gardevoir-Mega, L50, F, shiny|69/100\n|turn|8\n|\n|t:|1776681653\n|switch|p1a: Milotic|Milotic, L50, M|78/100\n|move|p2b: Gardevoir|Hyper Voice|p1b: Tyranitar|[spread] p1a,p1b\n|-supereffective|p1b: Tyranitar|1\n|-damage|p1a: Milotic|50/100\n|-damage|p1b: Tyranitar|38/100\n|move|p1b: Tyranitar|Rock Slide|p2a: Araquanid|[spread] p2b\n|-miss|p1b: Tyranitar|p2a: Araquanid\n|-damage|p2b: Gardevoir|31/100\n|move|p2a: Araquanid|Liquidation|p1a: Milotic\n|-resisted|p1a: Milotic|1\n|-damage|p1a: Milotic|32/100\n|\n|-weather|Sandstorm|[upkeep]\n|-damage|p2b: Gardevoir|25/100|[from] Sandstorm\n|-damage|p1a: Milotic|26/100|[from] Sandstorm\n|-damage|p2a: Araquanid|14/100|[from] Sandstorm\n|-heal|p1a: Milotic|32/100|[from] item: Leftovers\n|-heal|p2a: Araquanid|20/100|[from] item: Leftovers\n|upkeep\n|turn|9\n|\n|t:|1776681666\n|move|p2b: Gardevoir|Hyper Voice|p1a: Milotic|[spread] p1a,p1b\n|-supereffective|p1b: Tyranitar|1\n|-damage|p1a: Milotic|4/100\n|-damage|p1b: Tyranitar|0 fnt\n|faint|p1b: Tyranitar\n|move|p1a: Milotic|Scald|p2b: Gardevoir\n|-damage|p2b: Gardevoir|4/100\n|-status|p2b: Gardevoir|brn\n|move|p2a: Araquanid|Liquidation|p1a: Milotic\n|-resisted|p1a: Milotic|1\n|-damage|p1a: Milotic|0 fnt\n|faint|p1a: Milotic\n|\n|-weather|Sandstorm|[upkeep]\n|-damage|p2b: Gardevoir|0 fnt|[from] Sandstorm\n|-damage|p2a: Araquanid|14/100|[from] Sandstorm\n|faint|p2b: Gardevoir\n|-heal|p2a: Araquanid|20/100|[from] item: Leftovers\n|-sideend|p2: plastic_bandit|move: Tailwind\n|upkeep\n|\n|t:|1776681673\n|switch|p1b: Garchomp|Garchomp-Mega, L50, F|66/100\n|switch|p2b: Scizor|Scizor, L50, M|100/100\n|turn|10\n|\n|t:|1776681682\n|move|p2a: Araquanid|Protect|p2a: Araquanid\n|-singleturn|p2a: Araquanid|Protect\n|move|p1b: Garchomp|Earthquake|p2b: Scizor|[spread] p2b\n|-activate|p2a: Araquanid|move: Protect\n|-damage|p2b: Scizor|46/100\n|move|p2b: Scizor|Close Combat|p1b: Garchomp\n|-damage|p1b: Garchomp|33/100\n|-unboost|p2b: Scizor|def|1\n|-unboost|p2b: Scizor|spd|1\n|\n|-weather|none\n|-heal|p2a: Araquanid|26/100|[from] item: Leftovers\n|upkeep\n|turn|11\n|\n|t:|1776681693\n|move|p2b: Scizor|Bullet Punch|p1b: Garchomp\n|-damage|p1b: Garchomp|9/100\n|move|p1b: Garchomp|Earthquake|p2b: Scizor|[spread] p2a,p2b\n|-resisted|p2a: Araquanid|1\n|-damage|p2a: Araquanid|0 fnt\n|-damage|p2b: Scizor|0 fnt\n|faint|p2a: Araquanid\n|faint|p2b: Scizor\n|\n|win|23456789XB\n|raw|23456789XB's rating: 1147 &rarr; <strong>1165</strong><br />(+18 for winning)\n|raw|plastic_bandit's rating: 1043 &rarr; <strong>1031</strong><br />(-12 for losing)\n",
  "uploadtime": 1776681698,
  "views": 13,
  "formatid": "gen9championsvgc2026regma",
  "rating": 1031,
  "private": 0,
  "password": null
}