{
  "id": "gen9championsvgc2026regma-2587807871",
  "format": "[Gen 9 Champions] VGC 2026 Reg M-A",
  "players": [
    "radioiamp",
    "The boy savior"
  ],
  "log": "|j|\u2606radioiamp\n|j|\u2606The boy savior\n|t:|1776566064\n|gametype|doubles\n|player|p1|radioiamp|170|1418\n|player|p2|The boy savior|gambler|1424\n|gen|9\n|tier|[Gen 9 Champions] VGC 2026 Reg M-A\n|rated|\n|rule|Species Clause: Limit one of each Pok\u00e9mon\n|rule|Item Clause: Limit 1 of each item\n|clearpoke\n|poke|p1|Golurk, L50|\n|poke|p1|Sneasler, L50, F|\n|poke|p1|Venusaur, L50, M|\n|poke|p1|Torkoal, L50, M|\n|poke|p1|Farigiraf, L50, M|\n|poke|p1|Kleavor, L50, F|\n|poke|p2|Lopunny, L50, F, shiny|\n|poke|p2|Kleavor, L50, F|\n|poke|p2|Pelipper, L50, M, shiny|\n|poke|p2|Basculegion, L50, M, shiny|\n|poke|p2|Archaludon, L50, M|\n|poke|p2|Scizor, L50, M|\n|teampreview|4\n|inactive|Battle timer is ON: inactive players will automatically lose when time's up. (requested by The boy savior)\nThe boy savior rejected open team sheets.\n|\n|t:|1776566111\n|teamsize|p1|4\n|teamsize|p2|4\n|start\n|switch|p1a: Venusaur|Venusaur, L50, M|100/100\n|switch|p1b: Farigiraf|Farigiraf, L50, M|100/100\n|switch|p2a: Aqua Necklace|Basculegion, L50, M, shiny|100/100\n|switch|p2b: Sheer Heart Attack|Kleavor, L50, F|100/100\n|turn|1\n|inactive|The boy savior has 30 seconds left.\n|\n|t:|1776566139\n|detailschange|p1a: Venusaur|Venusaur-Mega, L50, M\n|-mega|p1a: Venusaur|Venusaur|Venusaurite\n|move|p1b: Farigiraf|Protect|p1b: Farigiraf\n|-singleturn|p1b: Farigiraf|Protect\n|move|p2a: Aqua Necklace|Flip Turn|p1b: Farigiraf\n|-activate|p1b: Farigiraf|move: Protect\n|move|p2b: Sheer Heart Attack|X-Scissor|p1b: Farigiraf\n|-activate|p1b: Farigiraf|move: Protect\n|move|p1a: Venusaur|Sleep Powder|p2b: Sheer Heart Attack\n|-status|p2b: Sheer Heart Attack|slp|[from] move: Sleep Powder\n|\n|upkeep\n|turn|2\n|\n|t:|1776566159\n|move|p2a: Aqua Necklace|Flip Turn|p1b: Farigiraf\n|-damage|p1b: Farigiraf|62/100\n|\n|t:|1776566162\n|switch|p2a: Silver Chariot|Scizor, L50, M|100/100|[from] Flip Turn\n|cant|p2b: Sheer Heart Attack|slp\n|move|p1a: Venusaur|Giga Drain|p2b: Sheer Heart Attack\n|-damage|p2b: Sheer Heart Attack|37/100 slp\n|move|p1b: Farigiraf|Trick Room|p1b: Farigiraf\n|-fieldstart|move: Trick Room|[of] p1b: Farigiraf\n|\n|upkeep\n|turn|3\n|\n|t:|1776566176\n|switch|p1b: Torkoal|Torkoal, L50, M|100/100\n|-weather|SunnyDay|[from] ability: Drought|[of] p1b: Torkoal\n|detailschange|p2a: Silver Chariot|Scizor-Mega, L50, M\n|-mega|p2a: Silver Chariot|Scizor|Scizorite\n|move|p2a: Silver Chariot|Swords Dance|p2a: Silver Chariot\n|-boost|p2a: Silver Chariot|atk|2\n|move|p1a: Venusaur|Giga Drain|p2b: Sheer Heart Attack\n|-damage|p2b: Sheer Heart Attack|0 fnt\n|faint|p2b: Sheer Heart Attack\n|\n|-weather|SunnyDay|[upkeep]\n|upkeep\n|\n|t:|1776566181\n|switch|p2b: Weather Report|Pelipper, L50, M, shiny|100/100\n|-weather|RainDance|[from] ability: Drizzle|[of] p2b: Weather Report\n|turn|4\n|j| Choklit Milk\n|l| Choklit Milk\n|\n|t:|1776566199\n|switch|p1b: Farigiraf|Farigiraf, L50, M|62/100\n|move|p2b: Weather Report|Wide Guard|p2b: Weather Report\n|-singleturn|p2b: Weather Report|Wide Guard\n|move|p2a: Silver Chariot|Bug Bite|p1a: Venusaur\n|-damage|p1a: Venusaur|12/100\n|move|p1a: Venusaur|Sleep Powder|p2b: Weather Report\n|-status|p2b: Weather Report|slp|[from] move: Sleep Powder\n|\n|-weather|RainDance|[upkeep]\n|upkeep\n|turn|5\n|inactive|The boy savior has 30 seconds left.\n|\n|t:|1776566224\n|move|p1b: Farigiraf|Protect|p1b: Farigiraf\n|-singleturn|p1b: Farigiraf|Protect\n|move|p2a: Silver Chariot|Bug Bite|p1a: Venusaur\n|-damage|p1a: Venusaur|0 fnt\n|faint|p1a: Venusaur\n|cant|p2b: Weather Report|slp\n|\n|-weather|RainDance|[upkeep]\n|upkeep\n|j| CY1573\n|\n|t:|1776566232\n|switch|p1a: Torkoal|Torkoal, L50, M|100/100\n|-weather|SunnyDay|[from] ability: Drought|[of] p1a: Torkoal\n|turn|6\n|\n|t:|1776566242\n|switch|p1b: Sneasler|Sneasler, L50, F|100/100\n|switch|p2b: Aqua Necklace|Basculegion, L50, M, shiny|100/100\n|move|p2a: Silver Chariot|Protect|p2a: Silver Chariot\n|-singleturn|p2a: Silver Chariot|Protect\n|move|p1a: Torkoal|Eruption|p2b: Aqua Necklace|[spread] p2b\n|-activate|p2a: Silver Chariot|move: Protect\n|-resisted|p2b: Aqua Necklace|1\n|-damage|p2b: Aqua Necklace|51/100\n|\n|-weather|SunnyDay|[upkeep]\n|-fieldend|move: Trick Room\n|upkeep\n|turn|7\n|\n|t:|1776566262\n|move|p1a: Torkoal|Protect|p1a: Torkoal\n|-singleturn|p1a: Torkoal|Protect\n|move|p2a: Silver Chariot|Bullet Punch|p1b: Sneasler\n|-enditem|p1b: Sneasler|Focus Sash\n|-damage|p1b: Sneasler|1/100\n|move|p1b: Sneasler|Dire Claw|p2b: Aqua Necklace\n|-resisted|p2b: Aqua Necklace|1\n|-damage|p2b: Aqua Necklace|25/100\n|-status|p2b: Aqua Necklace|par\n|move|p2b: Aqua Necklace|Wave Crash|p1a: Torkoal\n|-activate|p1a: Torkoal|move: Protect\n|\n|-weather|SunnyDay|[upkeep]\n|upkeep\n|turn|8\n|\n|t:|1776566282\n|switch|p1a: Farigiraf|Farigiraf, L50, M|62/100\n|move|p2a: Silver Chariot|Bullet Punch||[still]\n|cant|p1a: Farigiraf|ability: Armor Tail|Bullet Punch|[of] p2a: Silver Chariot\n|move|p1b: Sneasler|Dire Claw|p2b: Aqua Necklace\n|-resisted|p2b: Aqua Necklace|1\n|-damage|p2b: Aqua Necklace|0 fnt\n|faint|p2b: Aqua Necklace\n|\n|-weather|SunnyDay|[upkeep]\n|upkeep\n|\n|t:|1776566286\n|switch|p2b: Weather Report|Pelipper, L50, M, shiny|100/100 slp\n|-weather|RainDance|[from] ability: Drizzle|[of] p2b: Weather Report\n|turn|9\n|inactive|radioiamp has 30 seconds left.\n|\n|t:|1776566311\n|move|p1a: Farigiraf|Protect|p1a: Farigiraf\n|-singleturn|p1a: Farigiraf|Protect\n|move|p1b: Sneasler|Close Combat|p2a: Silver Chariot\n|-damage|p2a: Silver Chariot|47/100\n|-unboost|p1b: Sneasler|def|1\n|-unboost|p1b: Sneasler|spd|1\n|cant|p2b: Weather Report|slp\n|move|p2a: Silver Chariot|Bug Bite|p1a: Farigiraf\n|-activate|p1a: Farigiraf|move: Protect\n|\n|-weather|RainDance|[upkeep]\n|upkeep\n|turn|10\n|\n|t:|1776566334\n|move|p2a: Silver Chariot|Protect|p2a: Silver Chariot\n|-singleturn|p2a: Silver Chariot|Protect\n|move|p1b: Sneasler|Close Combat|p2a: Silver Chariot\n|-activate|p2a: Silver Chariot|move: Protect\n|-curestatus|p2b: Weather Report|slp|[msg]\n|move|p2b: Weather Report|Weather Ball|p1b: Sneasler\n|-damage|p1b: Sneasler|0 fnt\n|faint|p1b: Sneasler\n|move|p1a: Farigiraf|Trick Room|p1a: Farigiraf\n|-fieldstart|move: Trick Room|[of] p1a: Farigiraf\n|\n|-weather|RainDance|[upkeep]\n|upkeep\n|-message|The boy savior forfeited.\n|\n|win|radioiamp\n|raw|radioiamp's rating: 1418 &rarr; <strong>1438</strong><br />(+20 for winning)\n|raw|The boy savior's rating: 1424 &rarr; <strong>1404</strong><br />(-20 for losing)\n|l|\u2606The boy savior\n|player|p2|\n|l|\u2606radioiamp\n|player|p1|\n",
  "uploadtime": 1776566356,
  "views": 14,
  "formatid": "gen9championsvgc2026regma",
  "rating": 1404,
  "private": 0,
  "password": null
}