{
  "id": "gen9championsvgc2026regma-2582743096",
  "format": "[Gen 9 Champions] VGC 2026 Reg M-A",
  "players": [
    "lordjeff911",
    "LUWITE"
  ],
  "log": "|j|\u2606lordjeff911\n|j|\u2606LUWITE\n|t:|1776111018\n|gametype|doubles\n|player|p1|lordjeff911|101|\n|player|p2|LUWITE|ghetsis|\n|gen|9\n|tier|[Gen 9 Champions] VGC 2026 Reg M-A\n|rule|Species Clause: Limit one of each Pok\u00e9mon\n|rule|Item Clause: Limit 1 of each item\n|clearpoke\n|poke|p1|Gengar, L50, F|\n|poke|p1|Clefable, L50, F|\n|poke|p1|Infernape, L50, M|\n|poke|p1|Sneasler, L50, F|\n|poke|p1|Slowbro, L50, M|\n|poke|p1|Zoroark-Hisui, L50, F|\n|poke|p2|Gengar, L50, M|\n|poke|p2|Kommo-o, L50, M|\n|poke|p2|Sneasler, L50, M|\n|poke|p2|Incineroar, L50, M|\n|poke|p2|Sinistcha, L50|\n|poke|p2|Kingambit, L50, F|\n|teampreview|4\n|c|\u2606LUWITE|hehe hoo\nLUWITE has agreed to open team sheets.\nlordjeff911 has agreed to open team sheets.\n|showteam|p1|Gengar||Gengarite|CursedBody|PerishSong,ShadowBall,SludgeWave,Protect|||F|||50|]Clefable||Leftovers|Unaware|FollowMe,Wish,Protect,DazzlingGleam|||F|||50|]Infernape||SitrusBerry|IronFist|Coaching,DrainPunch,FakeOut,FlareBlitz|||M|||50|]Sneasler||WhiteHerb|Unburden|Acrobatics,CloseCombat,DireClaw,RockSlide|||F|||50|]Slowbro||BrightPowder|Regenerator|FutureSight,Protect,Surf,HealPulse|||M|||50|]Zoroark-Hisui||FocusSash|Illusion|BitterMalice,HyperVoice,Uturn,Detect|||F|||50|\n|showteam|p2|Gengar||Gengarite|CursedBody|Protect,SludgeBomb,PerishSong,ShadowBall|||M|||50|]Kommo-o||Leftovers|Soundproof|ClangorousSoul,ClangingScales,FlashCannon,Protect|||M|||50|]Sneasler||FocusSash|Unburden|FakeOut,CloseCombat,DireClaw,Protect|||M|||50|]Incineroar||ShucaBerry|Intimidate|PartingShot,Protect,FakeOut,FlareBlitz|||M|||50|]Sinistcha||SitrusBerry|Hospitality|Protect,MatchaGotcha,ShadowBall,LifeDew||||||50|]Kingambit||ChopleBerry|Defiant|Protect,KowtowCleave,LowKick,SuckerPunch|||F|||50|\n|c|\u2606LUWITE|bro running...stall?\n|c|\u2606LUWITE|with intim\n|c|\u2606lordjeff911|nun uh\n|\n|t:|1776111070\n|teamsize|p1|4\n|teamsize|p2|4\n|start\n|switch|p1a: Infernape|Infernape, L50, M|100/100\n|switch|p1b: Sneasler|Sneasler, L50, F|100/100\n|switch|p2a: Kommo-o|Kommo-o, L50, M|100/100\n|switch|p2b: Sneasler|Sneasler, L50, M|100/100\n|turn|1\n|\n|t:|1776111082\n|move|p2a: Kommo-o|Protect|p2a: Kommo-o\n|-singleturn|p2a: Kommo-o|Protect\n|move|p2b: Sneasler|Fake Out|p1b: Sneasler\n|-damage|p1b: Sneasler|77/100\n|move|p1a: Infernape|Fake Out|p2b: Sneasler\n|-crit|p2b: Sneasler\n|-damage|p2b: Sneasler|71/100\n|cant|p1b: Sneasler|flinch\n|\n|upkeep\n|turn|2\n|c|\u2606lordjeff911|\ud83d\udc94\n|\n|t:|1776111103\n|switch|p2a: Sinistcha|Sinistcha, L50|100/100\n|-heal|p2b: Sneasler|96/100|[from] ability: Hospitality|[of] p2a: Sinistcha\n|move|p2b: Sneasler|Close Combat|p1a: Infernape\n|-damage|p1a: Infernape|0 fnt\n|-unboost|p2b: Sneasler|def|1\n|-unboost|p2b: Sneasler|spd|1\n|faint|p1a: Infernape\n|move|p1b: Sneasler|Close Combat|p2b: Sneasler\n|-resisted|p2b: Sneasler|1\n|-damage|p2b: Sneasler|9/100\n|-unboost|p1b: Sneasler|def|1\n|-unboost|p1b: Sneasler|spd|1\n|-enditem|p1b: Sneasler|White Herb\n|-clearnegativeboost|p1b: Sneasler|[silent]\n|\n|upkeep\n|\n|t:|1776111112\n|switch|p1a: Clefable|Clefable, L50, F|100/100\n|turn|3\n|j| wixlee\n|c|\u2606LUWITE|bro hitting HARD\n|\n|t:|1776111130\n|move|p2b: Sneasler|Protect|p2b: Sneasler\n|-singleturn|p2b: Sneasler|Protect\n|move|p1a: Clefable|Follow Me|p1a: Clefable\n|-singleturn|p1a: Clefable|move: Follow Me\n|move|p1b: Sneasler|Rock Slide|p2b: Sneasler|[spread] p2a\n|-activate|p2b: Sneasler|move: Protect\n|-damage|p2a: Sinistcha|85/100\n|cant|p2a: Sinistcha|flinch\n|\n|upkeep\n|turn|4\n|\n|t:|1776111160\n|switch|p2b: Kommo-o|Kommo-o, L50, M|100/100\n|switch|p2a: Incineroar|Incineroar, L50, M|100/100\n|-ability|p2a: Incineroar|Intimidate|boost\n|-unboost|p1a: Clefable|atk|1\n|-unboost|p1b: Sneasler|atk|1\n|move|p1a: Clefable|Follow Me|p1a: Clefable\n|-singleturn|p1a: Clefable|move: Follow Me\n|move|p1b: Sneasler|Rock Slide|p2a: Incineroar|[spread] p2a\n|-miss|p1b: Sneasler|p2b: Kommo-o\n|-supereffective|p2a: Incineroar|1\n|-damage|p2a: Incineroar|73/100\n|\n|upkeep\n|turn|5\n|\n|t:|1776111180\n|move|p2a: Incineroar|Fake Out|p1a: Clefable\n|-damage|p1a: Clefable|92/100\n|move|p1b: Sneasler|Close Combat|p2a: Incineroar\n|-supereffective|p2a: Incineroar|1\n|-damage|p2a: Incineroar|0 fnt\n|-unboost|p1b: Sneasler|def|1\n|-unboost|p1b: Sneasler|spd|1\n|faint|p2a: Incineroar\n|move|p2b: Kommo-o|Clangorous Soul|p2b: Kommo-o\n|-boost|p2b: Kommo-o|atk|1\n|-boost|p2b: Kommo-o|def|1\n|-boost|p2b: Kommo-o|spa|1\n|-boost|p2b: Kommo-o|spd|1\n|-boost|p2b: Kommo-o|spe|1\n|-damage|p2b: Kommo-o|68/100\n|cant|p1a: Clefable|flinch\n|\n|-heal|p2b: Kommo-o|74/100|[from] item: Leftovers\n|-heal|p1a: Clefable|98/100|[from] item: Leftovers\n|upkeep\n|\n|t:|1776111185\n|switch|p2a: Sneasler|Sneasler, L50, M|9/100\n|turn|6\n|\n|t:|1776111191\n|move|p2a: Sneasler|Fake Out|p1b: Sneasler\n|-damage|p1b: Sneasler|43/100\n|cant|p1b: Sneasler|flinch\n|move|p2b: Kommo-o|Flash Cannon|p1a: Clefable\n|-supereffective|p1a: Clefable|1\n|-damage|p1a: Clefable|65/100\n|move|p1a: Clefable|Dazzling Gleam|p2b: Kommo-o|[spread] p2a,p2b\n|-supereffective|p2b: Kommo-o|2\n|-damage|p2a: Sneasler|0 fnt\n|-damage|p2b: Kommo-o|1/100\n|faint|p2a: Sneasler\n|\n|-heal|p2b: Kommo-o|7/100|[from] item: Leftovers\n|-heal|p1a: Clefable|71/100|[from] item: Leftovers\n|upkeep\n|c|\u2606lordjeff911|IM BEEFYYY\n|c|\u2606LUWITE|unawre ic\n|\n|t:|1776111205\n|switch|p2a: Sinistcha|Sinistcha, L50|85/100\n|-heal|p2b: Kommo-o|32/100|[from] ability: Hospitality|[of] p2a: Sinistcha\n|turn|7\n|c| wixlee|damn\n|c| wixlee|1hp is crasy\n|\n|t:|1776111220\n|move|p2b: Kommo-o|Protect|p2b: Kommo-o\n|-singleturn|p2b: Kommo-o|Protect\n|move|p1b: Sneasler|Dire Claw|p2a: Sinistcha\n|-damage|p2a: Sinistcha|63/100\n|move|p2a: Sinistcha|Life Dew|p2a: Sinistcha|[spread] p2a,p2b\n|-heal|p2a: Sinistcha|89/100\n|-heal|p2b: Kommo-o|57/100\n|move|p1a: Clefable|Dazzling Gleam|p2a: Sinistcha|[spread] p2a\n|-activate|p2b: Kommo-o|move: Protect\n|-damage|p2a: Sinistcha|65/100\n|\n|-heal|p2b: Kommo-o|63/100|[from] item: Leftovers\n|-heal|p1a: Clefable|77/100|[from] item: Leftovers\n|upkeep\n|turn|8\n|\n|t:|1776111237\n|move|p1b: Sneasler|Acrobatics|p2b: Kommo-o\n|-supereffective|p2b: Kommo-o|1\n|-damage|p2b: Kommo-o|32/100\n|move|p2b: Kommo-o|Flash Cannon|p1b: Sneasler\n|-damage|p1b: Sneasler|0 fnt\n|faint|p1b: Sneasler\n|move|p2a: Sinistcha|Matcha Gotcha|p1a: Clefable|[miss]\n|-miss|p2a: Sinistcha|p1a: Clefable\n|move|p1a: Clefable|Dazzling Gleam|p2b: Kommo-o|[spread] p2a,p2b\n|-supereffective|p2b: Kommo-o|2\n|-damage|p2a: Sinistcha|42/100\n|-damage|p2b: Kommo-o|0 fnt\n|-enditem|p2a: Sinistcha|Sitrus Berry|[eat]\n|-heal|p2a: Sinistcha|66/100|[from] item: Sitrus Berry\n|faint|p2b: Kommo-o\n|\n|-heal|p1a: Clefable|83/100|[from] item: Leftovers\n|upkeep\n|\n|t:|1776111242\n|switch|p1b: Slowbro|Slowbro, L50, M|100/100\n|turn|9\n|\n|t:|1776111257\n|move|p1a: Clefable|Follow Me|p1a: Clefable\n|-singleturn|p1a: Clefable|move: Follow Me\n|move|p2a: Sinistcha|Matcha Gotcha|p1b: Slowbro|[spread] p1a,p1b\n|-supereffective|p1b: Slowbro|1\n|-damage|p1a: Clefable|62/100\n|-heal|p2a: Sinistcha|78/100|[from] drain|[of] p1a: Clefable\n|-damage|p1b: Slowbro|47/100\n|-heal|p2a: Sinistcha|100/100|[from] drain|[of] p1b: Slowbro\n|-status|p1b: Slowbro|brn\n|move|p1b: Slowbro|Future Sight|p2a: Sinistcha\n|-start|p1b: Slowbro|move: Future Sight\n|\n|-heal|p1a: Clefable|68/100|[from] item: Leftovers\n|-damage|p1b: Slowbro|41/100 brn|[from] brn\n|upkeep\n|turn|10\n|c|\u2606LUWITE|ayo\n|c|\u2606LUWITE|bro throwing\n|c|\u2606LUWITE|you see my set\n|c|\u2606lordjeff911|Woops\n|c|\u2606lordjeff911|I misclicked\n|c|\u2606lordjeff911|:(\n|c|\u2606LUWITE|I could shadow ig\n|c|\u2606LUWITE|nvm\n|\n|t:|1776111290\n|move|p1b: Slowbro|Protect|p1b: Slowbro\n|-singleturn|p1b: Slowbro|Protect\n|move|p2a: Sinistcha|Matcha Gotcha|p1a: Clefable|[spread] p1a\n|-activate|p1b: Slowbro|move: Protect\n|-damage|p1a: Clefable|48/100\n|-status|p1a: Clefable|brn\n|move|p1a: Clefable|Wish|p1a: Clefable\n|\n|-heal|p1a: Clefable|54/100 brn|[from] item: Leftovers\n|-damage|p1a: Clefable|48/100 brn|[from] brn\n|-damage|p1b: Slowbro|35/100 brn|[from] brn\n|upkeep\n|turn|11\n|c| wixlee|double burn lol\n|\n|t:|1776111306\n|move|p2a: Sinistcha|Shadow Ball|p1b: Slowbro\n|-supereffective|p1b: Slowbro|1\n|-damage|p1b: Slowbro|0 fnt\n|faint|p1b: Slowbro\n|move|p1a: Clefable|Dazzling Gleam|p2a: Sinistcha\n|-damage|p2a: Sinistcha|68/100\n|\n|-end|p2a: Sinistcha|move: Future Sight\n|-damage|p2a: Sinistcha|14/100\n|-heal|p1a: Clefable|98/100 brn|[from] move: Wish|[wisher] Clefable\n|-heal|p1a: Clefable|100/100 brn|[from] item: Leftovers\n|-damage|p1a: Clefable|95/100 brn|[from] brn\n|upkeep\n|turn|12\n|\n|t:|1776111314\n|move|p2a: Sinistcha|Life Dew|p2a: Sinistcha\n|-heal|p2a: Sinistcha|39/100\n|move|p1a: Clefable|Dazzling Gleam|p2a: Sinistcha\n|-damage|p2a: Sinistcha|7/100\n|\n|-heal|p1a: Clefable|100/100 brn|[from] item: Leftovers\n|-damage|p1a: Clefable|95/100 brn|[from] brn\n|upkeep\n|turn|13\n|\n|t:|1776111321\n|move|p2a: Sinistcha|Shadow Ball|p1a: Clefable\n|-damage|p1a: Clefable|69/100 brn\n|move|p1a: Clefable|Dazzling Gleam|p2a: Sinistcha\n|-damage|p2a: Sinistcha|0 fnt\n|faint|p2a: Sinistcha\n|\n|win|lordjeff911\n|c|\u2606lordjeff911|ezpz\n|c| wixlee|close\n",
  "uploadtime": 1776111334,
  "views": 13,
  "formatid": "gen9championsvgc2026regma",
  "rating": null,
  "private": 0,
  "password": null
}