{
  "id": "gen9championsvgc2026regma-2584873981",
  "format": "[Gen 9 Champions] VGC 2026 Reg M-A",
  "players": [
    "Silvist",
    "le kenje"
  ],
  "log": "|j|\u2606Silvist\n|j|\u2606le kenje\n|t:|1776290519\n|gametype|doubles\n|player|p1|Silvist|2|1105\n|player|p2|le kenje|102|1081\n|gen|9\n|tier|[Gen 9 Champions] VGC 2026 Reg M-A\n|rated|\n|rule|Species Clause: Limit one of each Pok\u00e9mon\n|rule|Item Clause: Limit 1 of each item\n|clearpoke\n|poke|p1|Incineroar, L50, F|\n|poke|p1|Starmie, L50|\n|poke|p1|Chesnaught, L50, M|\n|poke|p1|Ceruledge, L50, F|\n|poke|p1|Aerodactyl, L50, F|\n|poke|p1|Sneasler, L50, M|\n|poke|p2|Aegislash, L50, F|\n|poke|p2|Hydreigon, L50, M|\n|poke|p2|Sinistcha, L50|\n|poke|p2|Steelix, L50, M|\n|poke|p2|Alakazam, L50, M|\n|poke|p2|Meowstic, L50, M|\n|teampreview|4\nle kenje has agreed to open team sheets.\nSilvist has agreed to open team sheets.\n|showteam|p1|Incineroar||Charcoal|Intimidate|FakeOut,PartingShot,FlareBlitz,DarkestLariat|||F|||50|]Starmie||Starminite|Illuminate|SkillSwap,Liquidation,IcyWind,AllySwitch||||||50|]Chesnaught||Leftovers|Bulletproof|Coaching,SpikyShield,WideGuard,BodyPress|||M|||50|]Ceruledge||ColburBerry|FlashFire|BitterBlade,BrickBreak,Poltergeist,DragonClaw|||F|||50|]Aerodactyl||MentalHerb|Unnerve|Tailwind,RockSlide,DualWingbeat,Protect|||F|||50|]Sneasler||WhiteHerb|Unburden|CloseCombat,DireClaw,FakeOut,Acrobatics|||M|||50|\n|showteam|p2|Aegislash||ShellBell|StanceChange|ShadowBall,FlashCannon,AirSlash,KingsShield|||F|||50|]Hydreigon||WhiteHerb|Levitate|DracoMeteor,DarkPulse,HeatWave,Protect|||M|||50|]Sinistcha||MentalHerb|Hospitality|MatchaGotcha,ShadowBall,LifeDew,RagePowder||||||50|]Steelix||Leftovers|Sturdy|BodyPress,IronDefense,WideGuard,SteelRoller|||M|||50|]Alakazam||Alakazite|Synchronize|ExpandingForce,CalmMind,DazzlingGleam,Protect|||M|||50|]Meowstic||FocusSash|Prankster|LightScreen,TrickRoom,PsychicTerrain,ExpandingForce|||M|||50|\n|\n|t:|1776290587\n|teamsize|p1|4\n|teamsize|p2|4\n|start\n|switch|p1a: Incineroar|Incineroar, L50, F|100/100\n|switch|p1b: Ceruledge|Ceruledge, L50, F|100/100\n|switch|p2a: Hydreigon|Hydreigon, L50, M|100/100\n|switch|p2b: Aegislash|Aegislash, L50, F|100/100\n|-ability|p1a: Incineroar|Intimidate|boost\n|-unboost|p2a: Hydreigon|atk|1\n|-unboost|p2b: Aegislash|atk|1\n|-enditem|p2a: Hydreigon|White Herb\n|-clearnegativeboost|p2a: Hydreigon|[silent]\n|turn|1\n|\n|t:|1776290614\n|switch|p1b: Starmie|Starmie, L50|100/100\n|move|p1a: Incineroar|Fake Out|p2a: Hydreigon\n|-damage|p2a: Hydreigon|85/100\n|cant|p2a: Hydreigon|flinch\n|-formechange|p2b: Aegislash|Aegislash-Blade|\n|move|p2b: Aegislash|Shadow Ball|p1b: Starmie\n|-supereffective|p1b: Starmie|1\n|-damage|p1b: Starmie|0 fnt\n|faint|p1b: Starmie\n|\n|upkeep\n|\n|t:|1776290633\n|switch|p1b: Aerodactyl|Aerodactyl, L50, F|100/100\n|-ability|p1b: Aerodactyl|Unnerve\n|turn|2\n|\n|t:|1776290655\n|-formechange|p2b: Aegislash|Aegislash|\n|move|p2b: Aegislash|King's Shield|p2b: Aegislash\n|-singleturn|p2b: Aegislash|Protect\n|move|p1b: Aerodactyl|Tailwind|p1b: Aerodactyl\n|-sidestart|p1: Silvist|move: Tailwind\n|move|p2a: Hydreigon|Draco Meteor|p1a: Incineroar\n|-damage|p1a: Incineroar|47/100\n|-unboost|p2a: Hydreigon|spa|2\n|move|p1a: Incineroar|Parting Shot|p2a: Hydreigon\n|-unboost|p2a: Hydreigon|atk|1\n|-unboost|p2a: Hydreigon|spa|1\n|\n|t:|1776290666\n|switch|p1a: Ceruledge|Ceruledge, L50, F|100/100|[from] Parting Shot\n|\n|upkeep\n|turn|3\n|\n|t:|1776290679\n|switch|p2a: Steelix|Steelix, L50, M|100/100\n|move|p1b: Aerodactyl|Rock Slide|p2a: Steelix|[spread] p2a,p2b\n|-resisted|p2a: Steelix|2\n|-crit|p2a: Steelix\n|-resisted|p2b: Aegislash|1\n|-damage|p2a: Steelix|96/100\n|-damage|p2b: Aegislash|89/100\n|move|p1a: Ceruledge|Bitter Blade|p2b: Aegislash\n|-supereffective|p2b: Aegislash|1\n|-damage|p2b: Aegislash|0 fnt\n|faint|p2b: Aegislash\n|\n|-heal|p2a: Steelix|100/100|[from] item: Leftovers\n|upkeep\n|\n|t:|1776290704\n|switch|p2b: Hydreigon|Hydreigon, L50, M|85/100\n|turn|4\n|\n|t:|1776290723\n|move|p1b: Aerodactyl|Rock Slide|p2a: Steelix|[spread] p2a,p2b\n|-resisted|p2a: Steelix|2\n|-damage|p2a: Steelix|98/100\n|-damage|p2b: Hydreigon|57/100\n|move|p1a: Ceruledge|Bitter Blade|p2a: Steelix\n|-supereffective|p2a: Steelix|1\n|-damage|p2a: Steelix|47/100\n|move|p2b: Hydreigon|Dark Pulse|p1a: Ceruledge\n|-supereffective|p1a: Ceruledge|1\n|-enditem|p1a: Ceruledge|Colbur Berry|[eat]\n|-enditem|p1a: Ceruledge|Colbur Berry|[weaken]\n|-damage|p1a: Ceruledge|59/100\n|move|p2a: Steelix|Body Press|p1b: Aerodactyl\n|-damage|p1b: Aerodactyl|32/100\n|\n|-heal|p2a: Steelix|52/100|[from] item: Leftovers\n|upkeep\n|turn|5\n|\n|t:|1776290748\n|move|p1b: Aerodactyl|Protect|p1b: Aerodactyl\n|-singleturn|p1b: Aerodactyl|Protect\n|move|p2a: Steelix|Wide Guard|p2a: Steelix\n|-singleturn|p2a: Steelix|Wide Guard\n|move|p1a: Ceruledge|Brick Break|p2b: Hydreigon\n|-supereffective|p2b: Hydreigon|1\n|-damage|p2b: Hydreigon|0 fnt\n|faint|p2b: Hydreigon\n|\n|-heal|p2a: Steelix|58/100|[from] item: Leftovers\n|-sideend|p1: Silvist|move: Tailwind\n|upkeep\n|\n|t:|1776290755\n|switch|p2b: Meowstic|Meowstic, L50, M|100/100\n|turn|6\n|\n|t:|1776290774\n|move|p2b: Meowstic|Psychic Terrain|p2b: Meowstic\n|-fieldstart|move: Psychic Terrain\n|move|p1b: Aerodactyl|Tailwind|p1b: Aerodactyl\n|-sidestart|p1: Silvist|move: Tailwind\n|move|p1a: Ceruledge|Poltergeist|p2b: Meowstic\n|-activate|p2b: Meowstic|move: Poltergeist|Focus Sash\n|-supereffective|p2b: Meowstic|1\n|-enditem|p2b: Meowstic|Focus Sash\n|-damage|p2b: Meowstic|1/100\n|move|p2a: Steelix|Body Press|p1b: Aerodactyl\n|-damage|p1b: Aerodactyl|0 fnt\n|faint|p1b: Aerodactyl\n|\n|-heal|p2a: Steelix|64/100|[from] item: Leftovers\n|upkeep\n|\n|t:|1776290786\n|switch|p1b: Incineroar|Incineroar, L50, F|47/100\n|-ability|p1b: Incineroar|Intimidate|boost\n|-unboost|p2a: Steelix|atk|1\n|-unboost|p2b: Meowstic|atk|1\n|turn|7\n|\n|t:|1776290802\n|move|p1a: Ceruledge|Bitter Blade|p2a: Steelix\n|-supereffective|p2a: Steelix|1\n|-damage|p2a: Steelix|16/100\n|-heal|p1a: Ceruledge|82/100|[from] drain|[of] p2a: Steelix\n|move|p1b: Incineroar|Flare Blitz|p2b: Meowstic\n|-damage|p2b: Meowstic|0 fnt\n|faint|p2b: Meowstic\n|-damage|p1b: Incineroar|46/100|[from] Recoil\n|move|p2a: Steelix|Body Press|p1b: Incineroar\n|-supereffective|p1b: Incineroar|1\n|-damage|p1b: Incineroar|0 fnt\n|faint|p1b: Incineroar\n|\n|-heal|p2a: Steelix|22/100|[from] item: Leftovers\n|upkeep\n|turn|8\n|\n|t:|1776290820\n|move|p1a: Ceruledge|Bitter Blade|p2a: Steelix\n|-supereffective|p2a: Steelix|1\n|-damage|p2a: Steelix|0 fnt\n|-heal|p1a: Ceruledge|92/100|[from] drain|[of] p2a: Steelix\n|faint|p2a: Steelix\n|\n|win|Silvist\n|raw|Silvist's rating: 1105 &rarr; <strong>1128</strong><br />(+23 for winning)\n|raw|le kenje's rating: 1081 &rarr; <strong>1060</strong><br />(-21 for losing)\n|l|\u2606le kenje\n|player|p2|\n",
  "uploadtime": 1776290827,
  "views": 26,
  "formatid": "gen9championsvgc2026regma",
  "rating": 1060,
  "private": 0,
  "password": null
}