{
  "id": "gen9championsvgc2026regma-2585016276",
  "format": "[Gen 9 Champions] VGC 2026 Reg M-A",
  "players": [
    "Tforeal",
    "chadcantlose"
  ],
  "log": "|j|\u2606Tforeal\n|j|\u2606chadcantlose\n|t:|1776303615\n|gametype|doubles\n|player|p1|Tforeal|medium|1058\n|player|p2|chadcantlose|policeman-gen4|1035\n|gen|9\n|tier|[Gen 9 Champions] VGC 2026 Reg M-A\n|rated|\n|rule|Species Clause: Limit one of each Pok\u00e9mon\n|rule|Item Clause: Limit 1 of each item\n|clearpoke\n|poke|p1|Runerigus, L50, F|\n|poke|p1|Heliolisk, L50, F|\n|poke|p1|Pelipper, L50, F|\n|poke|p1|Gyarados, L50, F|\n|poke|p1|Archaludon, L50, M|\n|poke|p1|Mimikyu, L50, M|\n|poke|p2|Venusaur, L50, M|\n|poke|p2|Aromatisse, L50, F|\n|poke|p2|Passimian, L50, M|\n|poke|p2|Archaludon, L50, F|\n|poke|p2|Primarina, L50, F|\n|poke|p2|Drampa, L50, M|\n|teampreview|4\n|inactive|Battle timer is ON: inactive players will automatically lose when time's up. (requested by chadcantlose)\nchadcantlose rejected open team sheets.\n|inactive|Tforeal has 60 seconds left.\n|\n|t:|1776303651\n|teamsize|p1|4\n|teamsize|p2|4\n|start\n|switch|p1a: Cinderblock|Runerigus, L50, F, shiny|100/100\n|switch|p1b: Manchild|Heliolisk, L50, F|100/100\n|switch|p2a: Aromatisse|Aromatisse, L50, F|100/100\n|switch|p2b: Venusaur|Venusaur, L50, M|100/100\n|turn|1\n|inactive|chadcantlose has 30 seconds left.\n|inactive|chadcantlose has 20 seconds left.\n|\n|t:|1776303688\n|move|p1b: Manchild|U-turn|p1a: Cinderblock\n|-resisted|p1a: Cinderblock|1\n|-damage|p1a: Cinderblock|97/100\n|-activate|p1b: Manchild|Skill Swap|||[of] p1a: Cinderblock\n|\n|t:|1776303696\n|switch|p1b: Politician|Mimikyu, L50, M|100/100|[from] U-turn\n|move|p2b: Venusaur|Energy Ball|p1a: Cinderblock\n|-supereffective|p1a: Cinderblock|1\n|-damage|p1a: Cinderblock|0 fnt\n|faint|p1a: Cinderblock\n|move|p2a: Aromatisse|Trick Room|p2a: Aromatisse\n|-fieldstart|move: Trick Room|[of] p2a: Aromatisse\n|\n|upkeep\n|\n|t:|1776303705\n|switch|p1a: I Ran Outta Names|Gyarados, L50, F|100/100\n|-ability|p1a: I Ran Outta Names|Intimidate|boost\n|-unboost|p2a: Aromatisse|atk|1\n|-unboost|p2b: Venusaur|atk|1\n|turn|2\n|\n|t:|1776303725\n|detailschange|p2b: Venusaur|Venusaur-Mega, L50, M\n|-mega|p2b: Venusaur|Venusaur|Venusaurite\n|detailschange|p1a: I Ran Outta Names|Gyarados-Mega, L50, F\n|-mega|p1a: I Ran Outta Names|Gyarados|Gyaradosite\n|-ability|p1a: I Ran Outta Names|Mold Breaker\n|move|p2a: Aromatisse|Calm Mind|p2a: Aromatisse\n|-boost|p2a: Aromatisse|spa|1\n|-boost|p2a: Aromatisse|spd|1\n|move|p2b: Venusaur|Sludge Bomb|p1a: I Ran Outta Names\n|-damage|p1a: I Ran Outta Names|66/100\n|move|p1b: Politician|Taunt|p2a: Aromatisse\n|-block|p2a: Aromatisse|ability: Aroma Veil|[of] p2a: Aromatisse\n|move|p1a: I Ran Outta Names|Avalanche|p2b: Venusaur\n|-supereffective|p2b: Venusaur|1\n|-damage|p2b: Venusaur|17/100\n|\n|upkeep\n|turn|3\n|inactive|Tforeal has 30 seconds left.\n|inactive|chadcantlose has 30 seconds left.\n|\n|t:|1776303760\n|move|p2a: Aromatisse|Draining Kiss|p1a: I Ran Outta Names\n|-supereffective|p1a: I Ran Outta Names|1\n|-damage|p1a: I Ran Outta Names|13/100\n|move|p2b: Venusaur|Giga Drain|p1a: I Ran Outta Names\n|-supereffective|p1a: I Ran Outta Names|1\n|-damage|p1a: I Ran Outta Names|0 fnt\n|-heal|p2b: Venusaur|25/100|[from] drain|[of] p1a: I Ran Outta Names\n|faint|p1a: I Ran Outta Names\n|move|p1b: Politician|Light Screen|p1b: Politician\n|-sidestart|p1: Tforeal|move: Light Screen\n|\n|upkeep\n|\n|t:|1776303768\n|switch|p1a: Manchild|Heliolisk, L50, F|100/100\n|turn|4\n|\n|t:|1776303782\n|move|p2a: Aromatisse|Encore|p1b: Politician\n|-start|p1b: Politician|Encore\n|-enditem|p1b: Politician|Mental Herb\n|-end|p1b: Politician|Encore\n|move|p2b: Venusaur|Giga Drain|p1a: Manchild\n|-damage|p1a: Manchild|68/100\n|-heal|p2b: Venusaur|39/100|[from] drain|[of] p1a: Manchild\n|move|p1b: Politician|Play Rough|p2b: Venusaur\n|-resisted|p2b: Venusaur|1\n|-damage|p2b: Venusaur|28/100\n|move|p1a: Manchild|Rain Dance|p1a: Manchild\n|-weather|RainDance\n|\n|-weather|RainDance|[upkeep]\n|-heal|p1a: Manchild|81/100|[from] ability: Dry Skin\n|upkeep\n|turn|5\n|inactive|Tforeal has 30 seconds left.\n|inactive|chadcantlose has 30 seconds left.\n|inactive|chadcantlose has 20 seconds left.\n|inactive|chadcantlose has 15 seconds left.\n|\n|t:|1776303825\n|move|p2a: Aromatisse|Encore|p1a: Manchild\n|-start|p1a: Manchild|Encore\n|move|p2b: Venusaur|Giga Drain|p1a: Manchild\n|-damage|p1a: Manchild|47/100\n|-heal|p2b: Venusaur|42/100|[from] drain|[of] p1a: Manchild\n|move|p1b: Politician|Play Rough|p2a: Aromatisse|[miss]\n|-miss|p1b: Politician|p2a: Aromatisse\n|move|p1a: Manchild|Rain Dance||[still]\n|-fail|p1a: Manchild\n|\n|-weather|RainDance|[upkeep]\n|-heal|p1a: Manchild|60/100|[from] ability: Dry Skin\n|-fieldend|move: Trick Room\n|upkeep\n|turn|6\n|\n|t:|1776303849\n|switch|p2b: Archaludon|Archaludon, L50, F|100/100\n|move|p1a: Manchild|Rain Dance||[still]\n|-fail|p1a: Manchild\n|move|p1b: Politician|Play Rough|p2a: Aromatisse\n|-damage|p2a: Aromatisse|70/100\n|move|p2a: Aromatisse|Trick Room|p2a: Aromatisse\n|-fieldstart|move: Trick Room|[of] p2a: Aromatisse\n|\n|-weather|RainDance|[upkeep]\n|-heal|p1a: Manchild|72/100|[from] ability: Dry Skin\n|upkeep\n|turn|7\n|inactive|chadcantlose has 30 seconds left.\n|\n|t:|1776303877\n|move|p2a: Aromatisse|Draining Kiss|p1b: Politician\n|-activate|p1b: Politician|ability: Disguise\n|-damage|p1b: Politician|100/100\n|detailschange|p1b: Politician|Mimikyu-Busted, L50, M\n|-damage|p1b: Politician|88/100|[from] pokemon: Mimikyu-Busted\n|move|p2b: Archaludon|Electro Shot||[still]\n|-prepare|p2b: Archaludon|Electro Shot\n|-boost|p2b: Archaludon|spa|1\n|-anim|p2b: Archaludon|Electro Shot|p1b: Politician\n|-damage|p1b: Politician|57/100\n|move|p1b: Politician|Play Rough|p2a: Aromatisse\n|-damage|p2a: Aromatisse|40/100\n|-enditem|p2a: Aromatisse|Sitrus Berry|[eat]\n|-heal|p2a: Aromatisse|65/100|[from] item: Sitrus Berry\n|move|p1a: Manchild|Rain Dance||[still]\n|-fail|p1a: Manchild\n|\n|-weather|RainDance|[upkeep]\n|-heal|p1a: Manchild|84/100|[from] ability: Dry Skin\n|-end|p1a: Manchild|Encore\n|-sideend|p1: Tforeal|move: Light Screen\n|upkeep\n|turn|8\n|inactive|Tforeal has 30 seconds left.\n|inactive|chadcantlose has 30 seconds left.\n|\n|t:|1776303907\n|move|p2a: Aromatisse|Encore|p1a: Manchild\n|-start|p1a: Manchild|Encore\n|move|p2b: Archaludon|Flash Cannon|p1b: Politician\n|-supereffective|p1b: Politician|1\n|-damage|p1b: Politician|0 fnt\n|faint|p1b: Politician\n|move|p1a: Manchild|Rain Dance||[still]\n|-fail|p1a: Manchild\n|\n|-weather|none\n|upkeep\n|turn|9\n|\n|t:|1776303926\n|move|p2a: Aromatisse|Draining Kiss|p1a: Manchild\n|-damage|p1a: Manchild|43/100\n|-heal|p2a: Aromatisse|86/100|[from] drain|[of] p1a: Manchild\n|move|p2b: Archaludon|Dragon Pulse|p1a: Manchild\n|-crit|p1a: Manchild\n|-damage|p1a: Manchild|0 fnt\n|faint|p1a: Manchild\n|\n|win|chadcantlose\n|raw|Tforeal's rating: 1058 &rarr; <strong>1038</strong><br />(-20 for losing)\n|raw|chadcantlose's rating: 1035 &rarr; <strong>1072</strong><br />(+37 for winning)\n|c|\u2606chadcantlose|Gg\n",
  "uploadtime": 1776303939,
  "views": 21,
  "formatid": "gen9championsvgc2026regma",
  "rating": 1038,
  "private": 0,
  "password": null
}