{
  "id": "gen9championsvgc2026regma-2582437058",
  "format": "[Gen 9 Champions] VGC 2026 Reg M-A",
  "players": [
    "KennyG_F",
    "yin_lite"
  ],
  "log": "|j|\u2606KennyG_F\n|j|\u2606yin_lite\n|t:|1776091617\n|gametype|doubles\n|player|p1|KennyG_F|iris|1142\n|player|p2|yin_lite|266|1120\n|gen|9\n|tier|[Gen 9 Champions] VGC 2026 Reg M-A\n|rated|\n|rule|Species Clause: Limit one of each Pok\u00e9mon\n|rule|Item Clause: Limit 1 of each item\n|clearpoke\n|poke|p1|Froslass, L50, F|\n|poke|p1|Garchomp, L50, F|\n|poke|p1|Kingambit, L50, F|\n|poke|p1|Sneasler, L50, F|\n|poke|p1|Volcarona, L50, M|\n|poke|p1|Rotom-Wash, L50|\n|poke|p2|Zoroark-Hisui, L50, F|\n|poke|p2|Incineroar, L50, M|\n|poke|p2|Froslass, L50, F|\n|poke|p2|Goodra-Hisui, L50, M|\n|poke|p2|Sneasler, L50, F|\n|poke|p2|Araquanid, L50, M|\n|teampreview|4\nKennyG_F has agreed to open team sheets.\n|inactive|Battle timer is ON: inactive players will automatically lose when time's up. (requested by KennyG_F)\n|\n|t:|1776091695\n|teamsize|p1|4\n|teamsize|p2|4\n|start\n|switch|p1a: Sneasler|Sneasler, L50, F|100/100\n|switch|p1b: Froslass|Froslass, L50, F|100/100\n|switch|p2a: Froslass|Froslass, L50, F, shiny|100/100\n|switch|p2b: Goodra|Goodra-Hisui, L50, M, shiny|100/100\n|turn|1\n|inactive|KennyG_F has 30 seconds left.\n|inactive|KennyG_F has 20 seconds left.\n|\n|t:|1776091734\n|move|p1b: Froslass|Protect|p1b: Froslass\n|-singleturn|p1b: Froslass|Protect\n|move|p1a: Sneasler|Protect|p1a: Sneasler\n|-singleturn|p1a: Sneasler|Protect\n|move|p2a: Froslass|Will-O-Wisp|p1a: Sneasler\n|-activate|p1a: Sneasler|move: Protect\n|move|p2b: Goodra|Shelter|p2b: Goodra\n|-boost|p2b: Goodra|def|2\n|\n|upkeep\n|turn|2\n|\n|t:|1776091753\n|detailschange|p1b: Froslass|Froslass-Mega, L50, F\n|-mega|p1b: Froslass|Froslass|Froslassite\n|-weather|Snowscape|[from] ability: Snow Warning|[of] p1b: Froslass\n|move|p1b: Froslass|Shadow Ball|p2b: Goodra\n|-damage|p2b: Goodra|74/100\n|-unboost|p2b: Goodra|spd|1\n|move|p1a: Sneasler|Close Combat|p2b: Goodra\n|-supereffective|p2b: Goodra|1\n|-damage|p2b: Goodra|15/100\n|-unboost|p1a: Sneasler|def|1\n|-unboost|p1a: Sneasler|spd|1\n|-enditem|p1a: Sneasler|White Herb\n|-clearnegativeboost|p1a: Sneasler|[silent]\n|move|p2a: Froslass|Shadow Ball|p1b: Froslass\n|-supereffective|p1b: Froslass|1\n|-damage|p1b: Froslass|14/100\n|-unboost|p1b: Froslass|spd|1\n|move|p2b: Goodra|Heavy Slam|p1b: Froslass\n|-supereffective|p1b: Froslass|1\n|-damage|p1b: Froslass|0 fnt\n|faint|p1b: Froslass\n|\n|-weather|Snowscape|[upkeep]\n|-heal|p2b: Goodra|21/100|[from] item: Leftovers\n|upkeep\n|inactive|KennyG_F has 30 seconds left.\n|\n|t:|1776091784\n|switch|p1b: Garchomp|Garchomp, L50, F|100/100\n|turn|3\n|\n|t:|1776091792\n|move|p1a: Sneasler|Dire Claw|p2a: Froslass\n|-resisted|p2a: Froslass|1\n|-damage|p2a: Froslass|64/100\n|replace|p2a: Zoroark|Zoroark-Hisui, L50, F\n|-end|p2a: Zoroark|Illusion\n|move|p1b: Garchomp|Dragon Claw|p2b: Goodra\n|-damage|p2b: Goodra|4/100\n|move|p2a: Zoroark|Will-O-Wisp|p1b: Garchomp\n|-status|p1b: Garchomp|brn\n|-enditem|p1b: Garchomp|Lum Berry|[eat]\n|-curestatus|p1b: Garchomp|brn|[msg]\n|move|p2b: Goodra|Life Dew|p2b: Goodra|[spread] p2a,p2b\n|-heal|p2a: Zoroark|89/100\n|-heal|p2b: Goodra|29/100\n|\n|-weather|Snowscape|[upkeep]\n|-heal|p2b: Goodra|35/100|[from] item: Leftovers\n|upkeep\n|turn|4\n|\n|t:|1776091814\n|move|p1a: Sneasler|Close Combat|p2b: Goodra\n|-supereffective|p2b: Goodra|1\n|-damage|p2b: Goodra|0 fnt\n|-unboost|p1a: Sneasler|def|1\n|-unboost|p1a: Sneasler|spd|1\n|faint|p2b: Goodra\n|move|p1b: Garchomp|Rock Slide|p2a: Zoroark\n|-damage|p2a: Zoroark|41/100\n|move|p2a: Zoroark|Will-O-Wisp|p1b: Garchomp\n|-status|p1b: Garchomp|brn\n|\n|-weather|Snowscape|[upkeep]\n|-damage|p1b: Garchomp|94/100 brn|[from] brn\n|upkeep\n|\n|t:|1776091819\n|switch|p2b: Froslass|Froslass, L50, F, shiny|100/100\n|turn|5\n|\n|t:|1776091834\n|detailschange|p2b: Froslass|Froslass-Mega, L50, F, shiny\n|-mega|p2b: Froslass|Froslass|Froslassite\n|move|p1a: Sneasler|Dire Claw|p2b: Froslass\n|-resisted|p2b: Froslass|1\n|-damage|p2b: Froslass|79/100\n|-status|p2b: Froslass|par\n|move|p1b: Garchomp|Rock Slide|p2b: Froslass|[spread] p2a,p2b\n|-supereffective|p2b: Froslass|1\n|-damage|p2a: Zoroark|26/100\n|-damage|p2b: Froslass|60/100 par\n|move|p2a: Zoroark|Will-O-Wisp|p1a: Sneasler|[miss]\n|-miss|p2a: Zoroark|p1a: Sneasler\n|move|p2b: Froslass|Blizzard|p1a: Sneasler|[spread] p1a,p1b\n|-supereffective|p1b: Garchomp|2\n|-damage|p1a: Sneasler|0 fnt\n|-damage|p1b: Garchomp|0 fnt\n|faint|p1a: Sneasler\n|faint|p1b: Garchomp\n|\n|-weather|Snowscape|[upkeep]\n|upkeep\n|\n|t:|1776091849\n|switch|p1a: Kingambit|Kingambit, L50, F|100/100\n|turn|6\n|inactive|KennyG_F has 30 seconds left.\n|\n|t:|1776091877\n|move|p2a: Zoroark|Will-O-Wisp|p1a: Kingambit\n|-status|p1a: Kingambit|brn\n|move|p1a: Kingambit|Iron Head|p2a: Zoroark\n|-damage|p2a: Zoroark|0 fnt\n|faint|p2a: Zoroark\n|move|p2b: Froslass|Aurora Veil|p2b: Froslass\n|-sidestart|p2: yin_lite|move: Aurora Veil\n|\n|-weather|none\n|-damage|p1a: Kingambit|95/100 brn|[from] brn\n|upkeep\n|\n|t:|1776091888\n|switch|p2a: Sneasler|Sneasler, L50, F|100/100\n|-ability|p2a: Sneasler|Pressure\n|turn|7\n|-message|KennyG_F forfeited.\n|\n|win|yin_lite\n|raw|KennyG_F's rating: 1142 &rarr; <strong>1115</strong><br />(-27 for losing)\n|raw|yin_lite's rating: 1120 &rarr; <strong>1147</strong><br />(+27 for winning)\n|l|\u2606KennyG_F\n|player|p1|\n",
  "uploadtime": 1776091899,
  "views": 16,
  "formatid": "gen9championsvgc2026regma",
  "rating": 1115,
  "private": 0,
  "password": null
}