{
  "id": "gen9championsvgc2026regma-2584221249",
  "format": "[Gen 9 Champions] VGC 2026 Reg M-A",
  "players": [
    "alkchm",
    "mikethecrack"
  ],
  "log": "|j|\u2606alkchm\n|j|\u2606mikethecrack\n|t:|1776239884\n|gametype|doubles\n|player|p1|alkchm|169|1041\n|player|p2|mikethecrack|veteran-gen4|1000\n|gen|9\n|tier|[Gen 9 Champions] VGC 2026 Reg M-A\n|rated|\n|rule|Species Clause: Limit one of each Pok\u00e9mon\n|rule|Item Clause: Limit 1 of each item\n|clearpoke\n|poke|p1|Incineroar, L50, F|\n|poke|p1|Tyranitar, L50, M|\n|poke|p1|Garchomp, L50, M|\n|poke|p1|Kingambit, L50, F|\n|poke|p1|Gengar, L50, M|\n|poke|p1|Empoleon, L50, M|\n|poke|p2|Basculegion, L50, M|\n|poke|p2|Pelipper, L50, M|\n|poke|p2|Archaludon, L50, F|\n|poke|p2|Incineroar, L50, F|\n|poke|p2|Whimsicott, L50, F|\n|poke|p2|Ampharos, L50, F|\n|teampreview|4\n|inactive|Battle timer is ON: inactive players will automatically lose when time's up. (requested by alkchm)\n|\n|t:|1776239925\n|teamsize|p1|4\n|teamsize|p2|4\n|start\n|switch|p1a: Tyranitar|Tyranitar, L50, M|100/100\n|switch|p1b: Incineroar|Incineroar, L50, F|100/100\n|switch|p2a: Incineroar|Incineroar, L50, F|100/100\n|switch|p2b: Ampharos|Ampharos, L50, F|100/100\n|-ability|p1b: Incineroar|Intimidate|boost\n|-unboost|p2a: Incineroar|atk|1\n|-unboost|p2b: Ampharos|atk|1\n|-weather|Sandstorm|[from] ability: Sand Stream|[of] p1a: Tyranitar\n|-ability|p2a: Incineroar|Intimidate|boost\n|-unboost|p1a: Tyranitar|atk|1\n|-unboost|p1b: Incineroar|atk|1\n|turn|1\n|inactive|alkchm has 30 seconds left.\n|inactive|mikethecrack has 30 seconds left.\n|inactive|mikethecrack has 20 seconds left.\n|inactive|mikethecrack has 15 seconds left.\n|\n|t:|1776239967\n|detailschange|p2b: Ampharos|Ampharos-Mega, L50, F\n|-mega|p2b: Ampharos|Ampharos|Ampharosite\n|-ability|p2b: Ampharos|Mold Breaker\n|move|p1b: Incineroar|Fake Out|p2b: Ampharos\n|-damage|p2b: Ampharos|92/100\n|move|p1a: Tyranitar|Rock Slide|p2b: Ampharos|[spread] p2a,p2b\n|-supereffective|p2a: Incineroar|1\n|-damage|p2a: Incineroar|68/100\n|-damage|p2b: Ampharos|74/100\n|move|p2a: Incineroar|Flare Blitz|p1b: Incineroar\n|-resisted|p1b: Incineroar|1\n|-damage|p1b: Incineroar|80/100\n|-damage|p2a: Incineroar|61/100|[from] Recoil\n|cant|p2b: Ampharos|flinch\n|\n|-weather|Sandstorm|[upkeep]\n|-damage|p1b: Incineroar|74/100|[from] Sandstorm\n|-damage|p2a: Incineroar|55/100|[from] Sandstorm\n|-damage|p2b: Ampharos|68/100|[from] Sandstorm\n|upkeep\n|turn|2\n|inactive|alkchm has 30 seconds left.\n|inactive|mikethecrack has 30 seconds left.\n|inactive|mikethecrack has 20 seconds left.\n|\n|t:|1776240004\n|switch|p1b: Garchomp|Garchomp, L50, M|100/100\n|move|p2a: Incineroar|Protect|p2a: Incineroar\n|-singleturn|p2a: Incineroar|Protect\n|move|p1a: Tyranitar|Dragon Dance|p1a: Tyranitar\n|-boost|p1a: Tyranitar|atk|1\n|-boost|p1a: Tyranitar|spe|1\n|move|p2b: Ampharos|Dazzling Gleam|p1b: Garchomp|[spread] p1a,p1b\n|-supereffective|p1a: Tyranitar|1\n|-supereffective|p1b: Garchomp|1\n|-damage|p1a: Tyranitar|68/100\n|-damage|p1b: Garchomp|45/100\n|\n|-weather|Sandstorm|[upkeep]\n|-damage|p2a: Incineroar|49/100|[from] Sandstorm\n|-damage|p2b: Ampharos|62/100|[from] Sandstorm\n|upkeep\n|turn|3\n|inactive|mikethecrack has 30 seconds left.\n|\n|t:|1776240032\n|switch|p2a: Pelipper|Pelipper, L50, M|100/100\n|-weather|RainDance|[from] ability: Drizzle|[of] p2a: Pelipper\n|switch|p2b: Whimsicott|Whimsicott, L50, F|100/100\n|move|p1a: Tyranitar|Protect|p1a: Tyranitar\n|-singleturn|p1a: Tyranitar|Protect\n|move|p1b: Garchomp|Swords Dance|p1b: Garchomp\n|-boost|p1b: Garchomp|atk|2\n|\n|-weather|RainDance|[upkeep]\n|upkeep\n|turn|4\n|inactive|mikethecrack has 30 seconds left.\n|\n|t:|1776240065\n|move|p1b: Garchomp|Protect|p1b: Garchomp\n|-singleturn|p1b: Garchomp|Protect\n|move|p1a: Tyranitar|Rock Slide|p2b: Whimsicott|[spread] p2a,p2b\n|-supereffective|p2a: Pelipper|1\n|-damage|p2a: Pelipper|45/100\n|-damage|p2b: Whimsicott|66/100\n|cant|p2b: Whimsicott|flinch\n|move|p2a: Pelipper|U-turn|p1a: Tyranitar\n|-supereffective|p1a: Tyranitar|1\n|-damage|p1a: Tyranitar|54/100\n|\n|t:|1776240087\n|switch|p2a: Ampharos|Ampharos-Mega, L50, F|62/100|[from] U-turn\n|-ability|p2a: Ampharos|Mold Breaker\n|\n|-weather|RainDance|[upkeep]\n|upkeep\n|turn|5\n|inactive|alkchm has 30 seconds left.\n|inactive|alkchm has 20 seconds left.\n|inactive|alkchm has 15 seconds left.\n|\n|t:|1776240129\n|detailschange|p1b: Garchomp|Garchomp-Mega, L50, M\n|-mega|p1b: Garchomp|Garchomp|Garchompite\n|move|p1a: Tyranitar|Protect|p1a: Tyranitar\n|-singleturn|p1a: Tyranitar|Protect\n|move|p1b: Garchomp|Earthquake|p2b: Whimsicott|[spread] p2a,p2b\n|-activate|p1a: Tyranitar|move: Protect\n|-supereffective|p2a: Ampharos|1\n|-resisted|p2b: Whimsicott|1\n|-damage|p2a: Ampharos|0 fnt\n|-damage|p2b: Whimsicott|4/100\n|faint|p2a: Ampharos\n|move|p2b: Whimsicott|Dazzling Gleam|p1b: Garchomp|[spread] p1b\n|-activate|p1a: Tyranitar|move: Protect\n|-supereffective|p1b: Garchomp|1\n|-damage|p1b: Garchomp|6/100\n|\n|-weather|RainDance|[upkeep]\n|upkeep\n|\n|t:|1776240151\n|switch|p2a: Incineroar|Incineroar, L50, F|49/100\n|-ability|p2a: Incineroar|Intimidate|boost\n|-unboost|p1a: Tyranitar|atk|1\n|-unboost|p1b: Garchomp|atk|1\n|turn|6\n|\n|t:|1776240165\n|switch|p1a: Incineroar|Incineroar, L50, F|74/100\n|-ability|p1a: Incineroar|Intimidate|boost\n|-unboost|p2a: Incineroar|atk|1\n|-unboost|p2b: Whimsicott|atk|1\n|move|p1b: Garchomp|Protect|p1b: Garchomp\n|-singleturn|p1b: Garchomp|Protect\n|move|p2a: Incineroar|Fake Out|p1b: Garchomp\n|-activate|p1b: Garchomp|move: Protect\n|move|p2b: Whimsicott|U-turn|p1a: Incineroar\n|-damage|p1a: Incineroar|63/100\n|\n|t:|1776240180\n|switch|p2b: Pelipper|Pelipper, L50, M|45/100|[from] U-turn\n|\n|-weather|RainDance|[upkeep]\n|-heal|p2b: Pelipper|50/100|[from] item: Leftovers\n|upkeep\n|turn|7\n|inactive|mikethecrack has 30 seconds left.\n|\n|t:|1776240207\n|move|p1a: Incineroar|Fake Out|p2b: Pelipper\n|-damage|p2b: Pelipper|36/100\n|move|p2a: Incineroar|Fake Out||[still]\n|-hint|Fake Out only works on your first turn out.\n|-fail|p2a: Incineroar\n|move|p1b: Garchomp|Rock Slide|p2b: Pelipper|[spread] p2a,p2b\n|-supereffective|p2a: Incineroar|1\n|-supereffective|p2b: Pelipper|1\n|-damage|p2a: Incineroar|0 fnt\n|-damage|p2b: Pelipper|0 fnt\n|faint|p2a: Incineroar\n|faint|p2b: Pelipper\n|\n|-weather|none\n|upkeep\n|\n|t:|1776240224\n|switch|p2a: Whimsicott|Whimsicott, L50, F|4/100\n|turn|8\n|\n|t:|1776240237\n|switch|p1a: Tyranitar|Tyranitar, L50, M|54/100\n|-weather|Sandstorm|[from] ability: Sand Stream|[of] p1a: Tyranitar\n|move|p1b: Garchomp|Protect|p1b: Garchomp\n|-singleturn|p1b: Garchomp|Protect\n|move|p2a: Whimsicott|Giga Drain|p1b: Garchomp\n|-activate|p1b: Garchomp|move: Protect\n|\n|-weather|Sandstorm|[upkeep]\n|-damage|p2a: Whimsicott|0 fnt|[from] Sandstorm\n|faint|p2a: Whimsicott\n|\n|win|alkchm\n|raw|alkchm's rating: 1041 &rarr; <strong>1071</strong><br />(+30 for winning)\n|raw|mikethecrack's rating: 1000 &rarr; <strong>1000</strong><br />(+0 for losing)\n|l|\u2606mikethecrack\n|player|p2|\n",
  "uploadtime": 1776240257,
  "views": 22,
  "formatid": "gen9championsvgc2026regma",
  "rating": 1000,
  "private": 0,
  "password": null
}