{
  "id": "gen9championsvgc2026regma-2581415297",
  "format": "[Gen 9 Champions] VGC 2026 Reg M-A",
  "players": [
    "Alexander 365",
    "Quaza15"
  ],
  "log": "|j|\u2606Alexander 365\n|j|\u2606Quaza15\n|t:|1775998093\n|gametype|doubles\n|player|p1|Alexander 365|hilbert|1135\n|player|p2|Quaza15|ruinmaniac|1151\n|gen|9\n|tier|[Gen 9 Champions] VGC 2026 Reg M-A\n|rated|\n|rule|Species Clause: Limit one of each Pok\u00e9mon\n|rule|Item Clause: Limit 1 of each item\n|clearpoke\n|poke|p1|Greninja-*, L50, M|\n|poke|p1|Dragapult, L50, M|\n|poke|p1|Decidueye-Hisui, L50, M|\n|poke|p1|Whimsicott, L50, F|\n|poke|p1|Tinkaton, L50, F|\n|poke|p1|Arcanine-Hisui, L50, M|\n|poke|p2|Froslass, L50, F|\n|poke|p2|Meowscarada, L50, F|\n|poke|p2|Incineroar, L50, F|\n|poke|p2|Dragapult, L50, F|\n|poke|p2|Kingambit, L50, F|\n|poke|p2|Rotom-Wash, L50|\n|teampreview|4\n|inactive|Battle timer is ON: inactive players will automatically lose when time's up. (requested by Alexander 365)\n|inactive|Alexander 365 has 60 seconds left.\n|inactive|Quaza15 has 60 seconds left.\n|\n|t:|1775998129\n|teamsize|p1|4\n|teamsize|p2|4\n|start\n|switch|p1a: Greninja|Greninja, L50, M|100/100\n|switch|p1b: Decidueye|Decidueye-Hisui, L50, M|100/100\n|switch|p2a: Kingambit|Kingambit, L50, F|100/100\n|switch|p2b: Dragapult|Dragapult, L50, F|100/100\n|turn|1\n|\n|t:|1775998154\n|switch|p2a: Froslass|Froslass, L50, F|100/100\n|detailschange|p1a: Greninja|Greninja-Mega, L50, M\n|-mega|p1a: Greninja|Greninja|Greninjite\n|move|p2b: Dragapult|U-turn|p1a: Greninja\n|-supereffective|p1a: Greninja|1\n|-damage|p1a: Greninja|24/100\n|\n|t:|1775998160\n|switch|p2b: Kingambit|Kingambit, L50, F|100/100|[from] U-turn\n|move|p1a: Greninja|Dark Pulse|p2b: Kingambit\n|-start|p1a: Greninja|typechange|Dark|[from] ability: Protean\n|-resisted|p2b: Kingambit|1\n|-crit|p2b: Kingambit\n|-damage|p2b: Kingambit|68/100\n|move|p1b: Decidueye|Triple Arrows|p2b: Kingambit\n|-supereffective|p2b: Kingambit|2\n|-enditem|p2b: Kingambit|Chople Berry|[eat]\n|-enditem|p2b: Kingambit|Chople Berry|[weaken]\n|-damage|p2b: Kingambit|0 fnt\n|faint|p2b: Kingambit\n|\n|upkeep\n|\n|t:|1775998170\n|switch|p2b: Dragapult|Dragapult, L50, F|100/100\n|turn|2\n|\n|t:|1775998187\n|switch|p1a: Tinkaton|Tinkaton, L50, F|100/100\n|-ability|p1a: Tinkaton|Mold Breaker\n|detailschange|p2a: Froslass|Froslass-Mega, L50, F\n|-mega|p2a: Froslass|Froslass|Froslassite\n|-weather|Snowscape|[from] ability: Snow Warning|[of] p2a: Froslass\n|move|p1b: Decidueye|Sucker Punch|p2b: Dragapult\n|-supereffective|p2b: Dragapult|1\n|-damage|p2b: Dragapult|39/100\n|move|p2b: Dragapult|Dragon Darts|p1b: Decidueye\n|-damage|p1b: Decidueye|68/100\n|-anim|p2b: Dragapult|Dragon Darts|p1b: Decidueye\n|-damage|p1b: Decidueye|39/100\n|move|p2a: Froslass|Blizzard|p1a: Tinkaton|[spread] p1a,p1b\n|-resisted|p1a: Tinkaton|1\n|-supereffective|p1b: Decidueye|1\n|-damage|p1a: Tinkaton|83/100\n|-damage|p1b: Decidueye|0 fnt\n|faint|p1b: Decidueye\n|\n|-weather|Snowscape|[upkeep]\n|upkeep\n|inactive|Alexander 365 has 30 seconds left.\n|\n|t:|1775998215\n|switch|p1b: Greninja|Greninja-Mega, L50, M|24/100\n|turn|3\n|\n|t:|1775998222\n|move|p2b: Dragapult|Dragon Darts|p1b: Greninja\n|-damage|p1b: Greninja|0 fnt\n|faint|p1b: Greninja\n|move|p2a: Froslass|Aurora Veil|p2a: Froslass\n|-sidestart|p2: Quaza15|move: Aurora Veil\n|move|p1a: Tinkaton|Gigaton Hammer|p2a: Froslass\n|-supereffective|p2a: Froslass|1\n|-damage|p2a: Froslass|14/100\n|\n|-weather|Snowscape|[upkeep]\n|upkeep\n|\n|t:|1775998233\n|switch|p1b: Dragapult|Dragapult, L50, M|100/100\n|turn|4\n|\n|t:|1775998243\n|move|p2a: Froslass|Protect|p2a: Froslass\n|-singleturn|p2a: Froslass|Protect\n|move|p2b: Dragapult|Dragon Darts|p1b: Dragapult\n|-supereffective|p1b: Dragapult|1\n|-damage|p1b: Dragapult|27/100\n|-anim|p2b: Dragapult|Dragon Darts|p1b: Dragapult\n|-supereffective|p1b: Dragapult|1\n|-damage|p1b: Dragapult|0 fnt\n|faint|p1b: Dragapult\n|move|p1a: Tinkaton|Ice Hammer|p2b: Dragapult\n|-supereffective|p2b: Dragapult|1\n|-damage|p2b: Dragapult|0 fnt\n|-unboost|p1a: Tinkaton|spe|1\n|faint|p2b: Dragapult\n|\n|-weather|Snowscape|[upkeep]\n|upkeep\n|\n|t:|1775998247\n|switch|p2b: Meowscarada|Meowscarada, L50, F|100/100\n|turn|5\n|\n|t:|1775998264\n|move|p2b: Meowscarada|Brick Break|p1a: Tinkaton\n|-start|p2b: Meowscarada|typechange|Fighting|[from] ability: Protean\n|-damage|p1a: Tinkaton|40/100\n|move|p2a: Froslass|Shadow Ball|p1a: Tinkaton\n|-damage|p1a: Tinkaton|4/100\n|move|p1a: Tinkaton|Play Rough|p2b: Meowscarada\n|-supereffective|p2b: Meowscarada|1\n|-damage|p2b: Meowscarada|27/100\n|\n|-weather|Snowscape|[upkeep]\n|upkeep\n|turn|6\n|-message|Alexander 365 forfeited.\n|\n|win|Quaza15\n|raw|Alexander 365's rating: 1135 &rarr; <strong>1111</strong><br />(-24 for losing)\n|raw|Quaza15's rating: 1151 &rarr; <strong>1175</strong><br />(+24 for winning)\n",
  "uploadtime": 1775998272,
  "views": 18,
  "formatid": "gen9championsvgc2026regma",
  "rating": 1111,
  "private": 0,
  "password": null
}