{
  "id": "gen9championsvgc2026regma-2587518835",
  "format": "[Gen 9 Champions] VGC 2026 Reg M-A",
  "players": [
    "campeondelfitness",
    "Astroditis"
  ],
  "log": "|j|\u2606campeondelfitness\n|j|\u2606Astroditis\n|t:|1776538719\n|gametype|doubles\n|player|p1|campeondelfitness|swimmer|1232\n|player|p2|Astroditis|pryce|1289\n|gen|9\n|tier|[Gen 9 Champions] VGC 2026 Reg M-A\n|rated|\n|rule|Species Clause: Limit one of each Pok\u00e9mon\n|rule|Item Clause: Limit 1 of each item\n|clearpoke\n|poke|p1|Tyranitar, L50, F|\n|poke|p1|Garchomp, L50, F|\n|poke|p1|Heliolisk, L50, M|\n|poke|p1|Rotom-Heat, L50|\n|poke|p1|Orthworm, L50, M|\n|poke|p1|Aerodactyl, L50, M|\n|poke|p2|Dragonite, L50, F, shiny|\n|poke|p2|Basculegion, L50, M|\n|poke|p2|Pelipper, L50, F|\n|poke|p2|Incineroar, L50, M|\n|poke|p2|Sneasler, L50, F|\n|poke|p2|Kingambit, L50, M|\n|teampreview|4\n|inactive|Battle timer is ON: inactive players will automatically lose when time's up. (requested by Astroditis)\n|inactive|campeondelfitness also wants the timer to be on.\nAstroditis has agreed to open team sheets.\ncampeondelfitness rejected open team sheets.\n|inactive|campeondelfitness has 60 seconds left.\n|\n|t:|1776538758\n|teamsize|p1|4\n|teamsize|p2|4\n|start\n|switch|p1a: Heliolisk|Heliolisk, L50, M|100/100\n|switch|p1b: Orthworm|Orthworm, L50, M|100/100\n|switch|p2a: Incineroar|Incineroar, L50, M|100/100\n|switch|p2b: Sneasler|Sneasler, L50, F|100/100\n|-ability|p2a: Incineroar|Intimidate|boost\n|-unboost|p1a: Heliolisk|atk|1\n|-unboost|p1b: Orthworm|atk|1\n|turn|1\n|\n|t:|1776538774\n|switch|p1a: Garchomp|Garchomp, L50, F|100/100\n|switch|p1b: Tyranitar|Tyranitar, L50, F|100/100\n|-weather|Sandstorm|[from] ability: Sand Stream|[of] p1b: Tyranitar\n|move|p2b: Sneasler|Close Combat|p1b: Tyranitar\n|-supereffective|p1b: Tyranitar|2\n|-enditem|p1b: Tyranitar|Focus Sash\n|-damage|p1b: Tyranitar|1/100\n|-unboost|p2b: Sneasler|def|1\n|-unboost|p2b: Sneasler|spd|1\n|-enditem|p2b: Sneasler|White Herb\n|-clearnegativeboost|p2b: Sneasler|[silent]\n|move|p2a: Incineroar|Flare Blitz|p1a: Garchomp\n|-resisted|p1a: Garchomp|1\n|-damage|p1a: Garchomp|78/100\n|-status|p1a: Garchomp|brn\n|-damage|p2a: Incineroar|94/100|[from] Recoil\n|\n|-weather|Sandstorm|[upkeep]\n|-damage|p2b: Sneasler|95/100|[from] Sandstorm\n|-damage|p2a: Incineroar|88/100|[from] Sandstorm\n|-damage|p1a: Garchomp|72/100 brn|[from] brn\n|upkeep\n|turn|2\n|\n|t:|1776538799\n|detailschange|p1a: Garchomp|Garchomp-Mega, L50, F\n|-mega|p1a: Garchomp|Garchomp|Garchompite\n|move|p1b: Tyranitar|Helping Hand|p1a: Garchomp\n|-singleturn|p1a: Garchomp|Helping Hand|[of] p1b: Tyranitar\n|move|p2b: Sneasler|Dire Claw|p1b: Tyranitar\n|-resisted|p1b: Tyranitar|1\n|-damage|p1b: Tyranitar|0 fnt\n|faint|p1b: Tyranitar\n|move|p1a: Garchomp|Earthquake|p2a: Incineroar|[spread] p2a,p2b\n|-supereffective|p2a: Incineroar|1\n|-supereffective|p2b: Sneasler|1\n|-damage|p2a: Incineroar|1/100\n|-damage|p2b: Sneasler|0 fnt\n|-enditem|p2a: Incineroar|Sitrus Berry|[eat]\n|-heal|p2a: Incineroar|26/100|[from] item: Sitrus Berry\n|faint|p2b: Sneasler\n|move|p2a: Incineroar|Darkest Lariat|p1a: Garchomp\n|-damage|p1a: Garchomp|40/100 brn\n|\n|-weather|Sandstorm|[upkeep]\n|-damage|p2a: Incineroar|20/100|[from] Sandstorm\n|-damage|p1a: Garchomp|35/100 brn|[from] brn\n|upkeep\n|inactive|Astroditis has 30 seconds left.\n|\n|t:|1776538825\n|switch|p2b: Kingambit|Kingambit, L50, M|100/100\n|switch|p1b: Orthworm|Orthworm, L50, M|100/100\n|turn|3\n|\n|t:|1776538836\n|move|p2b: Kingambit|Sucker Punch|p1a: Garchomp\n|-damage|p1a: Garchomp|0 fnt\n|faint|p1a: Garchomp\n|move|p1b: Orthworm|Iron Defense|p1b: Orthworm\n|-boost|p1b: Orthworm|def|2\n|move|p2a: Incineroar|Flare Blitz|p1b: Orthworm\n|-supereffective|p1b: Orthworm|1\n|-damage|p1b: Orthworm|70/100\n|-damage|p2a: Incineroar|11/100|[from] Recoil\n|\n|-weather|Sandstorm|[upkeep]\n|-damage|p2a: Incineroar|5/100|[from] Sandstorm\n|-heal|p1b: Orthworm|76/100|[from] item: Leftovers\n|upkeep\n|\n|t:|1776538847\n|switch|p1a: Heliolisk|Heliolisk, L50, M|100/100\n|turn|4\n|\n|t:|1776538870\n|move|p1a: Heliolisk|Volt Switch|p2a: Incineroar\n|-damage|p2a: Incineroar|0 fnt\n|faint|p2a: Incineroar\n|move|p1b: Orthworm|Iron Defense|p1b: Orthworm\n|-boost|p1b: Orthworm|def|2\n|move|p2b: Kingambit|Kowtow Cleave|p1b: Orthworm\n|-damage|p1b: Orthworm|67/100\n|\n|-weather|Sandstorm|[upkeep]\n|-heal|p1b: Orthworm|73/100|[from] item: Leftovers\n|upkeep\n|\n|t:|1776538874\n|switch|p2a: Dragonite|Dragonite, L50, F, shiny|100/100\n|turn|5\n|\n|t:|1776538894\n|detailschange|p2a: Dragonite|Dragonite-Mega, L50, F, shiny\n|-mega|p2a: Dragonite|Dragonite|Dragoninite\n|move|p2b: Kingambit|Sucker Punch|p1a: Heliolisk\n|-damage|p1a: Heliolisk|17/100\n|move|p1a: Heliolisk|Hyper Voice|p2b: Kingambit|[spread] p2a,p2b\n|-resisted|p2b: Kingambit|1\n|-damage|p2a: Dragonite|88/100\n|-damage|p2b: Kingambit|86/100\n|move|p2a: Dragonite|Dragon Pulse|p1a: Heliolisk|[miss]\n|-miss|p2a: Dragonite|p1a: Heliolisk\n|move|p1b: Orthworm|Body Press|p2b: Kingambit\n|-supereffective|p2b: Kingambit|2\n|-enditem|p2b: Kingambit|Chople Berry|[eat]\n|-enditem|p2b: Kingambit|Chople Berry|[weaken]\n|-damage|p2b: Kingambit|0 fnt\n|faint|p2b: Kingambit\n|\n|-weather|none\n|-heal|p1b: Orthworm|80/100|[from] item: Leftovers\n|upkeep\n|turn|6\n|inactive|campeondelfitness has 30 seconds left.\n|-message|Astroditis forfeited.\n|\n|win|campeondelfitness\n|raw|campeondelfitness's rating: 1232 &rarr; <strong>1261</strong><br />(+29 for winning)\n|raw|Astroditis's rating: 1289 &rarr; <strong>1260</strong><br />(-29 for losing)\n|l|\u2606Astroditis\n|player|p2|\n",
  "uploadtime": 1776538924,
  "views": 24,
  "formatid": "gen9championsvgc2026regma",
  "rating": 1260,
  "private": 0,
  "password": null
}