{
  "id": "gen9championsvgc2026regma-2588361364",
  "format": "[Gen 9 Champions] VGC 2026 Reg M-A",
  "players": [
    "Avocanoodle",
    "mura10900"
  ],
  "log": "|j|\u2606Avocanoodle\n|j|\u2606mura10900\n|t:|1776627152\n|gametype|doubles\n|player|p1|Avocanoodle|sonia-professor|1196\n|player|p2|mura10900|266|1210\n|gen|9\n|tier|[Gen 9 Champions] VGC 2026 Reg M-A\n|rated|\n|rule|Species Clause: Limit one of each Pok\u00e9mon\n|rule|Item Clause: Limit 1 of each item\n|clearpoke\n|poke|p1|Stunfisk-Galar, L50, F|\n|poke|p1|Weavile, L50, M|\n|poke|p1|Gardevoir, L50, M, shiny|\n|poke|p1|Charizard, L50, M|\n|poke|p1|Conkeldurr, L50, F|\n|poke|p1|Basculegion, L50, M|\n|poke|p2|Lucario, L50, F|\n|poke|p2|Sinistcha, L50|\n|poke|p2|Whimsicott, L50, M|\n|poke|p2|Aerodactyl, L50, F|\n|poke|p2|Milotic, L50, M|\n|poke|p2|Floette-Eternal, L50, F|\n|teampreview|4\n|inactive|Battle timer is ON: inactive players will automatically lose when time's up. (requested by Avocanoodle)\n|inactive|Avocanoodle has 60 seconds left.\n|\n|t:|1776627185\n|teamsize|p1|4\n|teamsize|p2|4\n|start\n|switch|p1a: Charizard|Charizard, L50, M|100/100\n|switch|p1b: Stunfisk|Stunfisk-Galar, L50, F|100/100\n|switch|p2a: Lucario|Lucario, L50, F|100/100\n|switch|p2b: Whimsicott|Whimsicott, L50, M|100/100\n|turn|1\n|inactive|Avocanoodle has 30 seconds left.\n|inactive|mura10900 has 30 seconds left.\n|inactive|Avocanoodle has 20 seconds left.\n|inactive|Avocanoodle has 15 seconds left.\n|inactive|Avocanoodle has 10 seconds left.\n|inactive|mura10900 has 20 seconds left.\n|inactive|Avocanoodle has 5 seconds left.\n|\n|t:|1776627235\n|switch|p2a: Aerodactyl|Aerodactyl, L50, F|100/100\n|-ability|p2a: Aerodactyl|Unnerve\n|move|p1b: Stunfisk|Protect|p1b: Stunfisk\n|-singleturn|p1b: Stunfisk|Protect\n|move|p2b: Whimsicott|Tailwind|p2b: Whimsicott\n|-sidestart|p2: mura10900|move: Tailwind\n|move|p1a: Charizard|Will-O-Wisp|p2a: Aerodactyl\n|-status|p2a: Aerodactyl|brn\n|\n|-damage|p2a: Aerodactyl|95/100 brn|[from] brn\n|upkeep\n|turn|2\n|inactive|mura10900 has 30 seconds left.\n|\n|t:|1776627260\n|detailschange|p1a: Charizard|Charizard-Mega-X, L50, M\n|-mega|p1a: Charizard|Charizard|Charizardite X\n|move|p2b: Whimsicott|Encore|p1a: Charizard\n|-start|p1a: Charizard|Encore\n|move|p2a: Aerodactyl|Rock Slide|p1a: Charizard|[spread] p1a\n|-miss|p2a: Aerodactyl|p1b: Stunfisk\n|-supereffective|p1a: Charizard|1\n|-damage|p1a: Charizard|78/100\n|move|p1a: Charizard|Will-O-Wisp|p2b: Whimsicott\n|-status|p2b: Whimsicott|brn\n|move|p1b: Stunfisk|Snap Trap|p2a: Aerodactyl\n|-supereffective|p2a: Aerodactyl|1\n|-damage|p2a: Aerodactyl|59/100 brn\n|-activate|p2a: Aerodactyl|move: Snap Trap|[of] p1b: Stunfisk\n|\n|-damage|p2a: Aerodactyl|53/100 brn|[from] brn\n|-damage|p2b: Whimsicott|95/100 brn|[from] brn\n|-damage|p2a: Aerodactyl|41/100 brn|[from] move: Snap Trap|[partiallytrapped]\n|upkeep\n|turn|3\n|inactive|Avocanoodle has 30 seconds left.\n|inactive|mura10900 has 30 seconds left.\n|inactive|Avocanoodle has 20 seconds left.\n|inactive|mura10900 has 20 seconds left.\n|inactive|mura10900 has 15 seconds left.\n|\n|t:|1776627301\n|switch|p2b: Lucario|Lucario, L50, F|100/100\n|switch|p1a: Weavile|Weavile, L50, M|100/100\n|move|p2a: Aerodactyl|Rock Slide|p1b: Stunfisk|[spread] p1a,p1b\n|-supereffective|p1a: Weavile|1\n|-resisted|p1b: Stunfisk|2\n|-damage|p1a: Weavile|61/100\n|-damage|p1b: Stunfisk|99/100\n|move|p1b: Stunfisk|Snap Trap|p2b: Lucario\n|-resisted|p2b: Lucario|1\n|-damage|p2b: Lucario|92/100\n|-activate|p2b: Lucario|move: Snap Trap|[of] p1b: Stunfisk\n|\n|-heal|p1b: Stunfisk|100/100|[from] item: Leftovers\n|-damage|p2a: Aerodactyl|36/100 brn|[from] brn\n|-damage|p2a: Aerodactyl|23/100 brn|[from] move: Snap Trap|[partiallytrapped]\n|-damage|p2b: Lucario|80/100|[from] move: Snap Trap|[partiallytrapped]\n|upkeep\n|turn|4\n|inactive|Avocanoodle has 30 seconds left.\n|inactive|mura10900 has 30 seconds left.\n|\n|t:|1776627332\n|detailschange|p2b: Lucario|Lucario-Mega, L50, F\n|-mega|p2b: Lucario|Lucario|Lucarionite\n|move|p2b: Lucario|Upper Hand|p1a: Weavile\n|-supereffective|p1a: Weavile|2\n|-damage|p1a: Weavile|0 fnt\n|faint|p1a: Weavile\n|move|p2a: Aerodactyl|Rock Slide|p1b: Stunfisk\n|-resisted|p1b: Stunfisk|2\n|-damage|p1b: Stunfisk|98/100\n|cant|p1b: Stunfisk|flinch\n|\n|-heal|p1b: Stunfisk|100/100|[from] item: Leftovers\n|-damage|p2a: Aerodactyl|18/100 brn|[from] brn\n|-damage|p2a: Aerodactyl|6/100 brn|[from] move: Snap Trap|[partiallytrapped]\n|-damage|p2b: Lucario|68/100|[from] move: Snap Trap|[partiallytrapped]\n|-sideend|p2: mura10900|move: Tailwind\n|upkeep\n|\n|t:|1776627345\n|switch|p1a: Charizard|Charizard-Mega-X, L50, M|78/100\n|turn|5\n|c|\u2606mura10900|wth is snap trap\n|\n|t:|1776627357\n|move|p1b: Stunfisk|Sucker Punch|p2a: Aerodactyl\n|-damage|p2a: Aerodactyl|0 fnt\n|faint|p2a: Aerodactyl\n|move|p2b: Lucario|Drain Punch|p1a: Charizard\n|-damage|p1a: Charizard|31/100\n|-heal|p2b: Lucario|97/100|[from] drain|[of] p1a: Charizard\n|move|p1a: Charizard|Flare Blitz|p2b: Lucario\n|-supereffective|p2b: Lucario|1\n|-damage|p2b: Lucario|0 fnt\n|faint|p2b: Lucario\n|-damage|p1a: Charizard|6/100|[from] Recoil\n|\n|upkeep\n|\n|t:|1776627369\n|switch|p2a: Milotic|Milotic, L50, M|100/100\n|switch|p2b: Whimsicott|Whimsicott, L50, M|95/100 brn\n|turn|6\n|\n|t:|1776627378\n|move|p2b: Whimsicott|Tailwind|p2b: Whimsicott\n|-sidestart|p2: mura10900|move: Tailwind\n|move|p2a: Milotic|Blizzard|p1b: Stunfisk|[spread] p1a,p1b\n|-damage|p1a: Charizard|0 fnt\n|-damage|p1b: Stunfisk|80/100\n|faint|p1a: Charizard\n|move|p1b: Stunfisk|Snap Trap|p2b: Whimsicott\n|-supereffective|p2b: Whimsicott|1\n|-damage|p2b: Whimsicott|69/100 brn\n|-activate|p2b: Whimsicott|move: Snap Trap|[of] p1b: Stunfisk\n|\n|-heal|p1b: Stunfisk|86/100|[from] item: Leftovers\n|-damage|p2b: Whimsicott|63/100 brn|[from] brn\n|-damage|p2b: Whimsicott|51/100 brn|[from] move: Snap Trap|[partiallytrapped]\n|upkeep\n|\n|t:|1776627391\n|switch|p1a: Basculegion|Basculegion, L50, M|100/100\n|turn|7\n|\n|t:|1776627404\n|move|p2b: Whimsicott|Beat Up|p1a: Basculegion\n|-supereffective|p1a: Basculegion|1\n|-damage|p1a: Basculegion|98/100\n|-supereffective|p1a: Basculegion|1\n|-damage|p1a: Basculegion|95/100\n|-hitcount|p1a: Basculegion|2\n|move|p1a: Basculegion|Last Respects|p2a: Milotic\n|-damage|p2a: Milotic|6/100\n|move|p2a: Milotic|Scald|p1b: Stunfisk\n|-supereffective|p1b: Stunfisk|1\n|-damage|p1b: Stunfisk|27/100\n|move|p1b: Stunfisk|Snap Trap|p2a: Milotic\n|-resisted|p2a: Milotic|1\n|-damage|p2a: Milotic|0 fnt\n|faint|p2a: Milotic\n|\n|-heal|p1b: Stunfisk|33/100|[from] item: Leftovers\n|-damage|p2b: Whimsicott|45/100 brn|[from] brn\n|-damage|p2b: Whimsicott|33/100 brn|[from] move: Snap Trap|[partiallytrapped]\n|upkeep\n|turn|8\n|-message|mura10900 forfeited.\n|\n|win|Avocanoodle\n|raw|Avocanoodle's rating: 1196 &rarr; <strong>1222</strong><br />(+26 for winning)\n|raw|mura10900's rating: 1210 &rarr; <strong>1184</strong><br />(-26 for losing)\n",
  "uploadtime": 1776627415,
  "views": 10,
  "formatid": "gen9championsvgc2026regma",
  "rating": 1184,
  "private": 0,
  "password": null
}