{
  "id": "gen9championsvgc2026regma-2587794247",
  "format": "[Gen 9 Champions] VGC 2026 Reg M-A",
  "players": [
    "Zzalen",
    "b1ueberries"
  ],
  "log": "|j|\u2606Zzalen\n|j|\u2606b1ueberries\n|t:|1776564675\n|gametype|doubles\n|player|p1|Zzalen|ghetsis|1300\n|player|p2|b1ueberries|fisherman-gen4|1231\n|gen|9\n|tier|[Gen 9 Champions] VGC 2026 Reg M-A\n|rated|\n|rule|Species Clause: Limit one of each Pok\u00e9mon\n|rule|Item Clause: Limit 1 of each item\n|clearpoke\n|poke|p1|Volcarona, L50, M|\n|poke|p1|Kingambit, L50, F|\n|poke|p1|Meganium, L50, F|\n|poke|p1|Sableye, L50, M|\n|poke|p1|Basculegion, L50, M|\n|poke|p1|Sneasler, L50, M|\n|poke|p2|Araquanid, L50, F|\n|poke|p2|Ampharos, L50, M|\n|poke|p2|Farigiraf, L50, M|\n|poke|p2|Incineroar, L50, F|\n|poke|p2|Sinistcha, L50|\n|poke|p2|Kingambit, L50, M|\n|teampreview|4\nb1ueberries has agreed to open team sheets.\n|\n|t:|1776564744\n|teamsize|p1|4\n|teamsize|p2|4\n|start\n|switch|p1a: Kingambit|Kingambit, L50, F|100/100\n|switch|p1b: Sneasler|Sneasler, L50, M|100/100\n|switch|p2a: Farigiraf|Farigiraf, L50, M|100/100\n|switch|p2b: Araquanid|Araquanid, L50, F|100/100\n|turn|1\n|inactive|Battle timer is ON: inactive players will automatically lose when time's up. (requested by Zzalen)\n|\n|t:|1776564763\n|move|p1b: Sneasler|Dire Claw|p2b: Araquanid\n|-crit|p2b: Araquanid\n|-damage|p2b: Araquanid|48/100\n|move|p1a: Kingambit|Kowtow Cleave|p2b: Araquanid\n|-damage|p2b: Araquanid|0 fnt\n|faint|p2b: Araquanid\n|move|p2a: Farigiraf|Trick Room|p2a: Farigiraf\n|-fieldstart|move: Trick Room|[of] p2a: Farigiraf\n|\n|upkeep\n|\n|t:|1776564773\n|switch|p2b: Ampharos|Ampharos, L50, M|100/100\n|turn|2\n|inactive|Zzalen has 30 seconds left.\n|inactive|Zzalen has 20 seconds left.\n|inactive|Zzalen has 15 seconds left.\n|inactive|Zzalen has 10 seconds left.\n|inactive|Zzalen has 5 seconds left.\n|\n|t:|1776564826\n|switch|p1b: Volcarona|Volcarona, L50, M|100/100\n|detailschange|p2b: Ampharos|Ampharos-Mega, L50, M\n|-mega|p2b: Ampharos|Ampharos|Ampharosite\n|-ability|p2b: Ampharos|Mold Breaker\n|move|p2a: Farigiraf|Helping Hand|p2b: Ampharos\n|-singleturn|p2b: Ampharos|Helping Hand|[of] p2a: Farigiraf\n|move|p2b: Ampharos|Thunderbolt|p1a: Kingambit\n|-damage|p1a: Kingambit|5/100\n|move|p1a: Kingambit|Kowtow Cleave|p2a: Farigiraf\n|-supereffective|p2a: Farigiraf|1\n|-damage|p2a: Farigiraf|7/100\n|\n|upkeep\n|turn|3\n|\n|t:|1776564851\n|move|p1a: Kingambit|Protect|p1a: Kingambit\n|-singleturn|p1a: Kingambit|Protect\n|move|p1b: Volcarona|Protect|p1b: Volcarona\n|-singleturn|p1b: Volcarona|Protect\n|move|p2b: Ampharos|Thunderbolt|p1b: Volcarona\n|-activate|p1b: Volcarona|move: Protect\n|move|p2a: Farigiraf|Hyper Voice|p1b: Volcarona|[spread] \n|-activate|p1a: Kingambit|move: Protect\n|-activate|p1b: Volcarona|move: Protect\n|\n|upkeep\n|turn|4\n|inactive|Zzalen has 30 seconds left.\n|inactive|Zzalen has 20 seconds left.\n|inactive|Zzalen has 15 seconds left.\n|inactive|Zzalen has 10 seconds left.\n|inactive|Zzalen has 5 seconds left.\n|\n|t:|1776564902\n|move|p2b: Ampharos|Thunderbolt|p1b: Volcarona\n|-damage|p1b: Volcarona|53/100\n|move|p2a: Farigiraf|Hyper Voice|p1a: Kingambit|[spread] p1a,p1b\n|-resisted|p1a: Kingambit|1\n|-damage|p1a: Kingambit|0 fnt\n|-damage|p1b: Volcarona|30/100\n|-enditem|p1b: Volcarona|Sitrus Berry|[eat]\n|-heal|p1b: Volcarona|55/100|[from] item: Sitrus Berry\n|faint|p1a: Kingambit\n|move|p1b: Volcarona|Flamethrower|p2b: Ampharos\n|-resisted|p2b: Ampharos|1\n|-damage|p2b: Ampharos|84/100\n|\n|upkeep\n|\n|t:|1776564914\n|switch|p1a: Meganium|Meganium, L50, F|100/100\n|turn|5\n|inactive|Zzalen has 30 seconds left.\n|inactive|b1ueberries has 30 seconds left.\n|\n|t:|1776564942\n|detailschange|p1a: Meganium|Meganium-Mega, L50, F\n|-mega|p1a: Meganium|Meganium|Meganiumite\n|move|p2a: Farigiraf|Helping Hand|p2b: Ampharos\n|-singleturn|p2b: Ampharos|Helping Hand|[of] p2a: Farigiraf\n|move|p1b: Volcarona|Protect|p1b: Volcarona\n|-singleturn|p1b: Volcarona|Protect\n|move|p2b: Ampharos|Volt Switch|p1b: Volcarona\n|-activate|p1b: Volcarona|move: Protect\n|move|p1a: Meganium|Dazzling Gleam|p2b: Ampharos|[spread] p2a,p2b\n|-supereffective|p2b: Ampharos|1\n|-damage|p2a: Farigiraf|0 fnt\n|-damage|p2b: Ampharos|30/100\n|faint|p2a: Farigiraf\n|\n|-fieldend|move: Trick Room\n|upkeep\n|\n|t:|1776564955\n|switch|p2a: Incineroar|Incineroar, L50, F|100/100\n|-ability|p2a: Incineroar|Intimidate|boost\n|-unboost|p1a: Meganium|atk|1\n|-unboost|p1b: Volcarona|atk|1\n|turn|6\n|inactive|Zzalen has 30 seconds left.\n|inactive|Zzalen has 20 seconds left.\n|\n|t:|1776564992\n|move|p1a: Meganium|Protect|p1a: Meganium\n|-singleturn|p1a: Meganium|Protect\n|move|p2a: Incineroar|Fake Out|p1a: Meganium\n|-activate|p1a: Meganium|move: Protect\n|move|p1b: Volcarona|Flamethrower|p2a: Incineroar\n|-resisted|p2a: Incineroar|1\n|-damage|p2a: Incineroar|86/100\n|move|p2b: Ampharos|Thunderbolt|p1a: Meganium\n|-activate|p1a: Meganium|move: Protect\n|\n|upkeep\n|turn|7\n|\n|t:|1776565005\n|move|p2b: Ampharos|Protect|p2b: Ampharos\n|-singleturn|p2b: Ampharos|Protect\n|move|p1b: Volcarona|Rage Powder|p1b: Volcarona\n|-singleturn|p1b: Volcarona|move: Rage Powder\n|move|p1a: Meganium|Dazzling Gleam|p2b: Ampharos|[spread] p2a\n|-activate|p2b: Ampharos|move: Protect\n|-damage|p2a: Incineroar|60/100\n|move|p2a: Incineroar|Flare Blitz|p1b: Volcarona\n|-damage|p1b: Volcarona|1/100\n|-immune|p2a: Incineroar\n|-damage|p2a: Incineroar|44/100|[from] Recoil\n|-enditem|p2a: Incineroar|Sitrus Berry|[eat]\n|-heal|p2a: Incineroar|68/100|[from] item: Sitrus Berry\n|\n|upkeep\n|turn|8\n|inactive|b1ueberries has 30 seconds left.\n|\n|t:|1776565035\n|move|p2b: Ampharos|Protect|p2b: Ampharos\n|-singleturn|p2b: Ampharos|Protect\n|move|p1b: Volcarona|Rage Powder|p1b: Volcarona\n|-singleturn|p1b: Volcarona|move: Rage Powder\n|move|p1a: Meganium|Dazzling Gleam|p2a: Incineroar|[spread] p2a\n|-activate|p2b: Ampharos|move: Protect\n|-damage|p2a: Incineroar|43/100\n|move|p2a: Incineroar|Flare Blitz|p1b: Volcarona\n|-damage|p1b: Volcarona|0 fnt\n|faint|p1b: Volcarona\n|-damage|p2a: Incineroar|43/100|[from] Recoil\n|\n|upkeep\n|\n|t:|1776565044\n|switch|p1b: Sneasler|Sneasler, L50, M|100/100\n|turn|9\n|\n|t:|1776565053\n|move|p2a: Incineroar|Protect|p2a: Incineroar\n|-singleturn|p2a: Incineroar|Protect\n|move|p1b: Sneasler|Close Combat|p2a: Incineroar\n|-activate|p2a: Incineroar|move: Protect\n|move|p1a: Meganium|Dazzling Gleam|p2b: Ampharos|[spread] p2b\n|-activate|p2a: Incineroar|move: Protect\n|-supereffective|p2b: Ampharos|1\n|-damage|p2b: Ampharos|0 fnt\n|faint|p2b: Ampharos\n|\n|upkeep\n|turn|10\n|-message|b1ueberries forfeited.\n|\n|win|Zzalen\n|raw|Zzalen's rating: 1300 &rarr; <strong>1320</strong><br />(+20 for winning)\n|raw|b1ueberries's rating: 1231 &rarr; <strong>1211</strong><br />(-20 for losing)\n|l|\u2606b1ueberries\n|player|p2|\n",
  "uploadtime": 1776565066,
  "views": 20,
  "formatid": "gen9championsvgc2026regma",
  "rating": 1211,
  "private": 0,
  "password": null
}