{
  "id": "gen9championsvgc2026regma-2587868078",
  "format": "[Gen 9 Champions] VGC 2026 Reg M-A",
  "players": [
    "Malk2x",
    "Sores"
  ],
  "log": "|j|\u2606Malk2x\n|j|\u2606Sores\n|t:|1776572506\n|gametype|doubles\n|player|p1|Malk2x|iris-gen5bw2|1428\n|player|p2|Sores|veteran|1421\n|gen|9\n|tier|[Gen 9 Champions] VGC 2026 Reg M-A\n|rated|\n|rule|Species Clause: Limit one of each Pok\u00e9mon\n|rule|Item Clause: Limit 1 of each item\n|clearpoke\n|poke|p1|Dragonite, L50, F, shiny|\n|poke|p1|Politoed, L50, M, shiny|\n|poke|p1|Ninetales-Alola, L50, F|\n|poke|p1|Kingambit, L50, M|\n|poke|p1|Venusaur, L50, F, shiny|\n|poke|p1|Sneasler, L50, M|\n|poke|p2|Delphox, L50, F|\n|poke|p2|Garchomp, L50, M|\n|poke|p2|Milotic, L50, M, shiny|\n|poke|p2|Sinistcha-Masterpiece, L50|\n|poke|p2|Orthworm, L50, M|\n|poke|p2|Liepard, L50, M|\n|teampreview|4\n|inactive|Battle timer is ON: inactive players will automatically lose when time's up. (requested by Malk2x)\n|inactive|Malk2x has 60 seconds left.\n|inactive|Malk2x has 30 seconds left.\n|\n|t:|1776572573\n|teamsize|p1|4\n|teamsize|p2|4\n|start\n|switch|p1a: Stella|Dragonite, L50, F, shiny|100/100\n|switch|p1b: Swiper|Sneasler, L50, M|100/100\n|switch|p2a: Delphox|Delphox, L50, F|100/100\n|switch|p2b: Liepard|Liepard, L50, M|100/100\n|turn|1\n|inactive|Malk2x has 30 seconds left.\n|\n|t:|1776572599\n|switch|p1b: Swirl|Politoed, L50, M, shiny|100/100\n|-weather|RainDance|[from] ability: Drizzle|[of] p1b: Swirl\n|detailschange|p2a: Delphox|Delphox-Mega, L50, F\n|-mega|p2a: Delphox|Delphox|Delphoxite\n|detailschange|p1a: Stella|Dragonite-Mega, L50, F, shiny\n|-mega|p1a: Stella|Dragonite|Dragoninite\n|move|p2b: Liepard|Fake Out|p1a: Stella\n|-damage|p1a: Stella|96/100\n|move|p2a: Delphox|Nasty Plot|p2a: Delphox\n|-boost|p2a: Delphox|spa|2\n|cant|p1a: Stella|flinch\n|\n|-weather|RainDance|[upkeep]\n|upkeep\n|turn|2\n|inactive|Sores has 30 seconds left.\n|\n|t:|1776572631\n|move|p2a: Delphox|Protect|p2a: Delphox\n|-singleturn|p2a: Delphox|Protect\n|move|p2b: Liepard|Thunder Wave|p1a: Stella\n|-status|p1a: Stella|par\n|move|p1b: Swirl|Weather Ball|p2a: Delphox\n|-activate|p2a: Delphox|move: Protect\n|move|p1a: Stella|Hurricane|p2a: Delphox\n|-activate|p2a: Delphox|move: Protect\n|\n|-weather|RainDance|[upkeep]\n|upkeep\n|turn|3\n|\n|t:|1776572651\n|move|p2a: Delphox|Psyshock|p1b: Swirl\n|-damage|p1b: Swirl|0 fnt\n|faint|p1b: Swirl\n|move|p2b: Liepard|Knock Off|p1a: Stella\n|-damage|p1a: Stella|71/100 par\n|move|p1a: Stella|Hurricane|p2a: Delphox\n|-damage|p2a: Delphox|30/100\n|\n|-weather|RainDance|[upkeep]\n|upkeep\n|\n|t:|1776572665\n|switch|p1b: Swiper|Sneasler, L50, M|100/100\n|turn|4\n|\n|t:|1776572678\n|switch|p2b: Sinistcha|Sinistcha-Masterpiece, L50|100/100\n|-heal|p2a: Delphox|55/100|[from] ability: Hospitality|[of] p2b: Sinistcha\n|move|p2a: Delphox|Protect|p2a: Delphox\n|-singleturn|p2a: Delphox|Protect\n|move|p1b: Swiper|Close Combat|p2b: Sinistcha\n|-immune|p2b: Sinistcha\n|move|p1a: Stella|Hurricane|p2a: Delphox\n|-activate|p2a: Delphox|move: Protect\n|\n|-weather|RainDance|[upkeep]\n|upkeep\n|turn|5\n|inactive|Malk2x has 30 seconds left.\n|inactive|Malk2x has 20 seconds left.\n|\n|t:|1776572714\n|switch|p1b: Silk|Ninetales-Alola, L50, F|100/100\n|-weather|Snowscape|[from] ability: Snow Warning|[of] p1b: Silk\n|move|p2b: Sinistcha|Rage Powder|p2b: Sinistcha\n|-singleturn|p2b: Sinistcha|move: Rage Powder\n|move|p2a: Delphox|Psyshock|p1a: Stella\n|-damage|p1a: Stella|0 fnt\n|faint|p1a: Stella\n|\n|-weather|Snowscape|[upkeep]\n|upkeep\n|\n|t:|1776572721\n|switch|p1a: Swiper|Sneasler, L50, M|100/100\n|turn|6\n|\n|t:|1776572729\n|move|p2a: Delphox|Protect|p2a: Delphox\n|-singleturn|p2a: Delphox|Protect\n|move|p2b: Sinistcha|Protect|p2b: Sinistcha\n|-singleturn|p2b: Sinistcha|Protect\n|move|p1a: Swiper|Fake Out|p2a: Delphox\n|-activate|p2a: Delphox|move: Protect\n|move|p1b: Silk|Aurora Veil|p1b: Silk\n|-sidestart|p1: Malk2x|move: Aurora Veil\n|\n|-weather|Snowscape|[upkeep]\n|upkeep\n|turn|7\n|\n|t:|1776572742\n|move|p2b: Sinistcha|Rage Powder|p2b: Sinistcha\n|-singleturn|p2b: Sinistcha|move: Rage Powder\n|move|p2a: Delphox|Heat Wave|p1a: Swiper|[spread] p1a,p1b\n|-supereffective|p1b: Silk|1\n|-damage|p1a: Swiper|28/100\n|-damage|p1b: Silk|0 fnt\n|faint|p1b: Silk\n|move|p1a: Swiper|Dire Claw|p2b: Sinistcha\n|-damage|p2b: Sinistcha|62/100\n|\n|-weather|Snowscape|[upkeep]\n|upkeep\n|turn|8\n|-message|Malk2x forfeited.\n|\n|win|Sores\n|raw|Malk2x's rating: 1428 &rarr; <strong>1408</strong><br />(-20 for losing)\n|raw|Sores's rating: 1421 &rarr; <strong>1441</strong><br />(+20 for winning)\n|l|\u2606Malk2x\n|player|p1|\n",
  "uploadtime": 1776572778,
  "views": 13,
  "formatid": "gen9championsvgc2026regma",
  "rating": 1408,
  "private": 0,
  "password": null
}