{
  "id": "gen9championsvgc2026regma-2584335867",
  "format": "[Gen 9 Champions] VGC 2026 Reg M-A",
  "players": [
    "Joe Sheboygan",
    "Solaris231231"
  ],
  "log": "|j|\u2606Joe Sheboygan\n|j|\u2606Solaris231231\n|t:|1776252495\n|gametype|doubles\n|player|p1|Joe Sheboygan|steven|1332\n|player|p2|Solaris231231|169|1305\n|gen|9\n|tier|[Gen 9 Champions] VGC 2026 Reg M-A\n|rated|\n|rule|Species Clause: Limit one of each Pok\u00e9mon\n|rule|Item Clause: Limit 1 of each item\n|clearpoke\n|poke|p1|Gardevoir, L50, M|\n|poke|p1|Primarina, L50, M|\n|poke|p1|Zoroark-Hisui, L50, M|\n|poke|p1|Farigiraf, L50, M|\n|poke|p1|Torkoal, L50, F|\n|poke|p1|Incineroar, L50, F|\n|poke|p2|Scovillain, L50, M|\n|poke|p2|Garchomp, L50, M|\n|poke|p2|Primarina, L50, M|\n|poke|p2|Kingambit, L50, M|\n|poke|p2|Aerodactyl, L50, M|\n|poke|p2|Sneasler, L50, M|\n|teampreview|4\n|j| zane121\n|\n|t:|1776252536\n|teamsize|p1|4\n|teamsize|p2|4\n|start\n|switch|p1a: Gardevoir|Gardevoir, L50, M|100/100\n|switch|p1b: Primarina|Primarina, L50, M|100/100\n|switch|p2a: Scovillain|Scovillain, L50, M|100/100\n|switch|p2b: Primarina|Primarina, L50, M|100/100\n|-ability|p1a: Gardevoir|Liquid Voice|Trace|[from] ability: Trace|[of] p2b: Primarina\n|turn|1\n|\n|t:|1776252572\n|detailschange|p1a: Gardevoir|Gardevoir-Mega, L50, M\n|-mega|p1a: Gardevoir|Gardevoir|Gardevoirite\n|move|p1b: Primarina|Icy Wind|p2a: Scovillain|[spread] p2a\n|-miss|p1b: Primarina|p2b: Primarina\n|-damage|p2a: Scovillain|85/100\n|-unboost|p2a: Scovillain|spe|1\n|move|p1a: Gardevoir|Hyper Voice|p2b: Primarina|[spread] p2a,p2b\n|-resisted|p2a: Scovillain|1\n|-damage|p2a: Scovillain|52/100\n|-damage|p2b: Primarina|55/100\n|move|p2b: Primarina|Calm Mind|p2b: Primarina\n|-boost|p2b: Primarina|spa|1\n|-boost|p2b: Primarina|spd|1\n|move|p2a: Scovillain|Giga Drain|p1b: Primarina\n|-damage|p1b: Primarina|39/100\n|-heal|p2a: Scovillain|75/100|[from] drain|[of] p1b: Primarina\n|replace|p1b: Zoroark|Zoroark-Hisui, L50, M\n|-end|p1b: Zoroark|Illusion\n|\n|-heal|p2b: Primarina|61/100|[from] item: Leftovers\n|-ability|p2a: Scovillain|Moody|boost\n|-boost|p2a: Scovillain|atk|2\n|-unboost|p2a: Scovillain|spd|1\n|upkeep\n|turn|2\n|\n|t:|1776252606\n|switch|p1b: Primarina|Primarina, L50, M|100/100\n|move|p2a: Scovillain|Protect|p2a: Scovillain\n|-singleturn|p2a: Scovillain|Protect\n|move|p1a: Gardevoir|Hyper Voice|p2b: Primarina|[spread] p2b\n|-activate|p2a: Scovillain|move: Protect\n|-damage|p2b: Primarina|27/100\n|move|p2b: Primarina|Hyper Voice|p1a: Gardevoir|[spread] p1a,p1b\n|-resisted|p1b: Primarina|1\n|-damage|p1a: Gardevoir|58/100\n|-damage|p1b: Primarina|79/100\n|\n|-heal|p2b: Primarina|33/100|[from] item: Leftovers\n|-ability|p2a: Scovillain|Moody|boost\n|-boost|p2a: Scovillain|spd|2\n|-unboost|p2a: Scovillain|def|1\n|upkeep\n|turn|3\n|\n|t:|1776252624\n|move|p2b: Primarina|Protect|p2b: Primarina\n|-singleturn|p2b: Primarina|Protect\n|move|p1a: Gardevoir|Hyper Voice|p2b: Primarina|[spread] p2a\n|-activate|p2b: Primarina|move: Protect\n|-resisted|p2a: Scovillain|1\n|-damage|p2a: Scovillain|52/100\n|move|p1b: Primarina|Round|p2a: Scovillain\n|-damage|p2a: Scovillain|23/100\n|move|p2a: Scovillain|Giga Drain|p1b: Primarina\n|-supereffective|p1b: Primarina|1\n|-damage|p1b: Primarina|34/100\n|-heal|p2a: Scovillain|47/100|[from] drain|[of] p1b: Primarina\n|\n|-heal|p2b: Primarina|39/100|[from] item: Leftovers\n|-ability|p2a: Scovillain|Moody|boost\n|-boost|p2a: Scovillain|spd|2\n|-unboost|p2a: Scovillain|atk|1\n|upkeep\n|turn|4\n|inactive|Battle timer is ON: inactive players will automatically lose when time's up. (requested by Joe Sheboygan)\n|\n|t:|1776252655\n|move|p2a: Scovillain|Protect|p2a: Scovillain\n|-singleturn|p2a: Scovillain|Protect\n|move|p1a: Gardevoir|Round|p2b: Primarina\n|-damage|p2b: Primarina|10/100\n|move|p1b: Primarina|Round|p2b: Primarina|[from] move: Round\n|-resisted|p2b: Primarina|1\n|-damage|p2b: Primarina|0 fnt\n|faint|p2b: Primarina\n|\n|-ability|p2a: Scovillain|Moody|boost\n|-boost|p2a: Scovillain|spe|2\n|-unboost|p2a: Scovillain|def|1\n|upkeep\n|j| Brumi200\n|\n|t:|1776252667\n|switch|p2b: Kingambit|Kingambit, L50, M|100/100\n|turn|5\n|\n|t:|1776252690\n|switch|p1b: Farigiraf|Farigiraf, L50, M|100/100\n|detailschange|p2a: Scovillain|Scovillain-Mega, L50, M\n|-mega|p2a: Scovillain|Scovillain|Scovillainite\n|move|p2a: Scovillain|Giga Drain|p1b: Farigiraf\n|-damage|p1b: Farigiraf|71/100\n|-heal|p2a: Scovillain|65/100|[from] drain|[of] p1b: Farigiraf\n|move|p1a: Gardevoir|Aura Sphere|p2b: Kingambit\n|-supereffective|p2b: Kingambit|2\n|-damage|p2b: Kingambit|0 fnt\n|faint|p2b: Kingambit\n|\n|upkeep\n|\n|t:|1776252701\n|switch|p2b: Aerodactyl|Aerodactyl, L50, M|100/100\n|-ability|p2b: Aerodactyl|Unnerve\n|turn|6\n|l| Brumi200\n|\n|t:|1776252720\n|move|p1a: Gardevoir|Protect|p1a: Gardevoir\n|-singleturn|p1a: Gardevoir|Protect\n|move|p2b: Aerodactyl|Wide Guard|p2b: Aerodactyl\n|-singleturn|p2b: Aerodactyl|Wide Guard\n|move|p2a: Scovillain|Giga Drain|p1a: Gardevoir\n|-activate|p1a: Gardevoir|move: Protect\n|move|p1b: Farigiraf|Trick Room|p1b: Farigiraf\n|-fieldstart|move: Trick Room|[of] p1b: Farigiraf\n|\n|upkeep\n|turn|7\n|\n|t:|1776252733\n|move|p2b: Aerodactyl|Wide Guard|p2b: Aerodactyl\n|-singleturn|p2b: Aerodactyl|Wide Guard\n|move|p1b: Farigiraf|Twin Beam|p2b: Aerodactyl\n|-damage|p2b: Aerodactyl|73/100\n|-damage|p2b: Aerodactyl|44/100\n|-hitcount|p2b: Aerodactyl|2\n|move|p1a: Gardevoir|Hyper Voice|p2a: Scovillain|[spread] \n|-activate|p2a: Scovillain|move: Wide Guard\n|-activate|p2b: Aerodactyl|move: Wide Guard\n|move|p2a: Scovillain|Giga Drain|p1a: Gardevoir\n|-damage|p1a: Gardevoir|31/100\n|-heal|p2a: Scovillain|78/100|[from] drain|[of] p1a: Gardevoir\n|\n|upkeep\n|turn|8\n|\n|t:|1776252753\n|move|p2a: Scovillain|Protect|p2a: Scovillain\n|-singleturn|p2a: Scovillain|Protect\n|move|p2b: Aerodactyl|Protect||[still]\n|-fail|p2b: Aerodactyl\n|move|p1b: Farigiraf|Twin Beam|p2b: Aerodactyl\n|-damage|p2b: Aerodactyl|18/100\n|-damage|p2b: Aerodactyl|0 fnt\n|faint|p2b: Aerodactyl\n|-hitcount|p2: Aerodactyl|2\n|move|p1a: Gardevoir|Hyper Voice|p2a: Scovillain\n|-activate|p2a: Scovillain|move: Protect\n|\n|upkeep\n|turn|9\n|\n|t:|1776252775\n|move|p1b: Farigiraf|Twin Beam|p2a: Scovillain\n|-damage|p2a: Scovillain|70/100\n|-status|p1b: Farigiraf|brn|[from] ability: Spicy Spray|[of] p2a: Scovillain\n|-damage|p2a: Scovillain|61/100\n|-hitcount|p2a: Scovillain|2\n|move|p1a: Gardevoir|Hyper Voice|p2a: Scovillain\n|-resisted|p2a: Scovillain|1\n|-damage|p2a: Scovillain|47/100\n|-status|p1a: Gardevoir|brn|[from] ability: Spicy Spray|[of] p2a: Scovillain\n|move|p2a: Scovillain|Giga Drain|p1a: Gardevoir\n|-damage|p1a: Gardevoir|3/100 brn\n|-heal|p2a: Scovillain|60/100|[from] drain|[of] p1a: Gardevoir\n|\n|-damage|p1b: Farigiraf|65/100 brn|[from] brn\n|-damage|p1a: Gardevoir|0 fnt|[from] brn\n|faint|p1a: Gardevoir\n|upkeep\n|\n|t:|1776252793\n|switch|p1a: Primarina|Primarina, L50, M|34/100\n|turn|10\n|\n|t:|1776252798\n|switch|p1b: Farigiraf|Farigiraf, L50, M|39/100\n|move|p2a: Scovillain|Protect|p2a: Scovillain\n|-singleturn|p2a: Scovillain|Protect\n|move|p1a: Primarina|Round|p2a: Scovillain\n|-activate|p2a: Scovillain|move: Protect\n|\n|-fieldend|move: Trick Room\n|upkeep\n|turn|11\n|\n|t:|1776252808\n|move|p1b: Farigiraf|Round|p2a: Scovillain\n|-damage|p2a: Scovillain|49/100\n|-status|p1b: Farigiraf|brn|[from] ability: Spicy Spray|[of] p2a: Scovillain\n|move|p1a: Primarina|Round|p2a: Scovillain|[from] move: Round\n|-damage|p2a: Scovillain|18/100\n|-status|p1a: Primarina|brn|[from] ability: Spicy Spray|[of] p2a: Scovillain\n|move|p2a: Scovillain|Giga Drain|p1b: Farigiraf\n|-damage|p1b: Farigiraf|0 fnt\n|-heal|p2a: Scovillain|33/100|[from] drain|[of] p1b: Farigiraf\n|replace|p1b: Zoroark|Zoroark-Hisui, L50, M\n|-end|p1b: Zoroark|Illusion\n|faint|p1b: Zoroark\n|\n|-damage|p1a: Primarina|28/100 brn|[from] brn\n|upkeep\n|\n|t:|1776252818\n|switch|p1b: Farigiraf|Farigiraf, L50, M|65/100 brn\n|turn|12\n|\n|t:|1776252824\n|move|p1b: Farigiraf|Helping Hand|p1a: Primarina\n|-singleturn|p1a: Primarina|Helping Hand|[of] p1b: Farigiraf\n|move|p2a: Scovillain|Protect|p2a: Scovillain\n|-singleturn|p2a: Scovillain|Protect\n|move|p1a: Primarina|Round|p2a: Scovillain\n|-activate|p2a: Scovillain|move: Protect\n|\n|-damage|p1a: Primarina|22/100 brn|[from] brn\n|-damage|p1b: Farigiraf|59/100 brn|[from] brn\n|upkeep\n|turn|13\n|inactive|Joe Sheboygan has 30 seconds left.\n|\n|t:|1776252853\n|move|p2a: Scovillain|Giga Drain|p1a: Primarina\n|-supereffective|p1a: Primarina|1\n|-damage|p1a: Primarina|0 fnt\n|-heal|p2a: Scovillain|45/100|[from] drain|[of] p1a: Primarina\n|faint|p1a: Primarina\n|move|p1b: Farigiraf|Twin Beam|p2a: Scovillain\n|-damage|p2a: Scovillain|38/100\n|-damage|p2a: Scovillain|30/100\n|-hitcount|p2a: Scovillain|2\n|\n|-damage|p1b: Farigiraf|52/100 brn|[from] brn\n|upkeep\n|turn|14\n|-message|Joe Sheboygan forfeited.\n|\n|win|Solaris231231\n|raw|Joe Sheboygan's rating: 1332 &rarr; <strong>1310</strong><br />(-22 for losing)\n|raw|Solaris231231's rating: 1305 &rarr; <strong>1327</strong><br />(+22 for winning)\n|l|\u2606Joe Sheboygan\n|player|p1|\n",
  "uploadtime": 1776252868,
  "views": 46,
  "formatid": "gen9championsvgc2026regma",
  "rating": 1310,
  "private": 0,
  "password": null
}