{
  "id": "gen9championsvgc2026regma-2585523130",
  "format": "[Gen 9 Champions] VGC 2026 Reg M-A",
  "players": [
    "Doolie8Aardvark",
    "phynixx"
  ],
  "log": "|j|\u2606Doolie8Aardvark\n|j|\u2606phynixx\n|t:|1776353204\n|gametype|doubles\n|player|p1|Doolie8Aardvark|lucas|1081\n|player|p2|phynixx|marshal|1004\n|gen|9\n|tier|[Gen 9 Champions] VGC 2026 Reg M-A\n|rated|\n|rule|Species Clause: Limit one of each Pok\u00e9mon\n|rule|Item Clause: Limit 1 of each item\n|clearpoke\n|poke|p1|Typhlosion-Hisui, L50, M|\n|poke|p1|Dragonite, L50, F|\n|poke|p1|Sylveon, L50, M|\n|poke|p1|Victreebel, L50, M|\n|poke|p1|Basculegion, L50, M|\n|poke|p1|Maushold, L50|\n|poke|p2|Castform, L50, M|\n|poke|p2|Pelipper, L50, M|\n|poke|p2|Ninetales-Alola, L50, F|\n|poke|p2|Clefable, L50, M|\n|poke|p2|Mudsdale, L50, M|\n|poke|p2|Torkoal, L50, F|\n|teampreview|4\n|inactive|Battle timer is ON: inactive players will automatically lose when time's up. (requested by Doolie8Aardvark)\n|inactive|Doolie8Aardvark has 60 seconds left.\n|\n|t:|1776353240\n|teamsize|p1|4\n|teamsize|p2|4\n|start\n|switch|p1a: Typhlosion|Typhlosion-Hisui, L50, M|100/100\n|switch|p1b: Dragonite|Dragonite, L50, F|100/100\n|switch|p2a: Ninetales|Ninetales-Alola, L50, F|100/100\n|switch|p2b: Castform|Castform, L50, M|100/100\n|-weather|Snowscape|[from] ability: Snow Warning|[of] p2a: Ninetales\n|-formechange|p2b: Castform|Castform-Snowy|[msg]|[from] ability: Forecast\n|-item|p2a: Ninetales|Focus Sash|[from] ability: Frisk|[of] p1a: Typhlosion\n|-item|p2b: Castform|Quick Claw|[from] ability: Frisk|[of] p1a: Typhlosion\n|turn|1\n|inactive|phynixx has 30 seconds left.\n|\n|t:|1776353268\n|detailschange|p1b: Dragonite|Dragonite-Mega, L50, F\n|-mega|p1b: Dragonite|Dragonite|Dragoninite\n|move|p2b: Castform|Protect|p2b: Castform\n|-singleturn|p2b: Castform|Protect\n|move|p2a: Ninetales|Aurora Veil|p2a: Ninetales\n|-sidestart|p2: phynixx|move: Aurora Veil\n|move|p1b: Dragonite|Sunny Day|p1b: Dragonite\n|-weather|SunnyDay\n|-formechange|p2b: Castform|Castform-Sunny|[msg]|[from] ability: Forecast\n|move|p1a: Typhlosion|Heat Wave|p2a: Ninetales|[spread] p2a\n|-activate|p2b: Castform|move: Protect\n|-supereffective|p2a: Ninetales|1\n|-enditem|p2a: Ninetales|Focus Sash\n|-damage|p2a: Ninetales|1/100\n|\n|-weather|SunnyDay|[upkeep]\n|upkeep\n|turn|2\n|\n|t:|1776353292\n|switch|p2b: Pelipper|Pelipper, L50, M|100/100\n|-weather|RainDance|[from] ability: Drizzle|[of] p2b: Pelipper\n|move|p2a: Ninetales|Baton Pass|p2a: Ninetales\n|\n|t:|1776353298\n|switch|p2a: Castform|Castform, L50, M|100/100|[from] Baton Pass\n|-formechange|p2a: Castform|Castform-Rainy|[msg]|[from] ability: Forecast\n|move|p1b: Dragonite|Tailwind|p1b: Dragonite\n|-sidestart|p1: Doolie8Aardvark|move: Tailwind\n|move|p1a: Typhlosion|Heat Wave|p2b: Pelipper|[spread] p2a,p2b\n|-resisted|p2a: Castform|1\n|-resisted|p2b: Pelipper|1\n|-damage|p2a: Castform|89/100\n|-damage|p2b: Pelipper|92/100\n|\n|-weather|RainDance|[upkeep]\n|upkeep\n|turn|3\n|\n|t:|1776353314\n|move|p1b: Dragonite|Sunny Day|p1b: Dragonite\n|-weather|SunnyDay\n|-formechange|p2a: Castform|Castform-Sunny|[msg]|[from] ability: Forecast\n|move|p1a: Typhlosion|Eruption|p2a: Castform|[spread] p2a,p2b\n|-resisted|p2a: Castform|1\n|-resisted|p2b: Pelipper|1\n|-damage|p2a: Castform|30/100\n|-damage|p2b: Pelipper|50/100\n|move|p2a: Castform|Weather Ball|p1a: Typhlosion\n|-resisted|p1a: Typhlosion|1\n|-damage|p1a: Typhlosion|62/100\n|move|p2b: Pelipper|Tailwind|p2b: Pelipper\n|-sidestart|p2: phynixx|move: Tailwind\n|\n|-weather|SunnyDay|[upkeep]\n|upkeep\n|turn|4\n|\n|t:|1776353339\n|switch|p2a: Ninetales|Ninetales-Alola, L50, F|1/100\n|-weather|Snowscape|[from] ability: Snow Warning|[of] p2a: Ninetales\n|move|p1b: Dragonite|Dragon Pulse|p2a: Ninetales\n|-immune|p2a: Ninetales\n|move|p1a: Typhlosion|Shadow Ball|p2b: Pelipper\n|-damage|p2b: Pelipper|15/100\n|move|p2b: Pelipper|Hydro Pump|p1a: Typhlosion\n|-supereffective|p1a: Typhlosion|1\n|-damage|p1a: Typhlosion|0 fnt\n|faint|p1a: Typhlosion\n|\n|-weather|Snowscape|[upkeep]\n|upkeep\n|\n|t:|1776353354\n|switch|p1a: Victreebel|Victreebel, L50, M|100/100\n|turn|5\n|\n|t:|1776353374\n|move|p2a: Ninetales|Dazzling Gleam|p1a: Victreebel|[spread] p1a,p1b\n|-resisted|p1a: Victreebel|1\n|-supereffective|p1b: Dragonite|1\n|-damage|p1a: Victreebel|88/100\n|-damage|p1b: Dragonite|84/100\n|move|p1b: Dragonite|Sunny Day|p1b: Dragonite\n|-weather|SunnyDay\n|move|p1a: Victreebel|Leaf Blade|p2b: Pelipper\n|-damage|p2b: Pelipper|0 fnt\n|faint|p2b: Pelipper\n|\n|-weather|SunnyDay|[upkeep]\n|-sideend|p1: Doolie8Aardvark|move: Tailwind\n|-sideend|p2: phynixx|move: Aurora Veil\n|upkeep\n|\n|t:|1776353385\n|switch|p2b: Castform|Castform, L50, M|30/100\n|-formechange|p2b: Castform|Castform-Sunny|[msg]|[from] ability: Forecast\n|turn|6\n|\n|t:|1776353398\n|move|p1a: Victreebel|Sucker Punch||[still]\n|-fail|p1a: Victreebel\n|move|p2a: Ninetales|Baton Pass|p2a: Ninetales\n|\n|t:|1776353401\n|switch|p2a: Mudsdale|Mudsdale, L50, M|100/100|[from] Baton Pass\n|move|p2b: Castform|Weather Ball|p1a: Victreebel\n|-supereffective|p1a: Victreebel|1\n|-damage|p1a: Victreebel|0 fnt\n|faint|p1a: Victreebel\n|move|p1b: Dragonite|Air Slash|p2b: Castform\n|-damage|p2b: Castform|0 fnt\n|faint|p2b: Castform\n|\n|-weather|SunnyDay|[upkeep]\n|-sideend|p2: phynixx|move: Tailwind\n|upkeep\n|\n|t:|1776353413\n|switch|p2b: Ninetales|Ninetales-Alola, L50, F|1/100\n|switch|p1a: Basculegion|Basculegion, L50, M|100/100\n|-weather|Snowscape|[from] ability: Snow Warning|[of] p2b: Ninetales\n|turn|7\n|\n|t:|1776353429\n|move|p1a: Basculegion|Last Respects|p2a: Mudsdale\n|-damage|p2a: Mudsdale|17/100\n|move|p2b: Ninetales|Dazzling Gleam|p1b: Dragonite|[spread] p1a,p1b\n|-supereffective|p1b: Dragonite|1\n|-damage|p1a: Basculegion|79/100\n|-damage|p1b: Dragonite|48/100\n|move|p1b: Dragonite|Sunny Day|p1b: Dragonite\n|-weather|SunnyDay\n|move|p2a: Mudsdale|Rock Slide|p1a: Basculegion|[spread] p1a,p1b\n|-crit|p1a: Basculegion\n|-supereffective|p1b: Dragonite|1\n|-damage|p1a: Basculegion|31/100\n|-damage|p1b: Dragonite|0 fnt\n|faint|p1b: Dragonite\n|\n|-weather|SunnyDay|[upkeep]\n|upkeep\n|turn|8\n|inactive|phynixx has 30 seconds left.\n|\n|t:|1776353459\n|move|p1a: Basculegion|Last Respects|p2a: Mudsdale\n|-damage|p2a: Mudsdale|0 fnt\n|faint|p2a: Mudsdale\n|move|p2b: Ninetales|Dazzling Gleam|p1a: Basculegion\n|-damage|p1a: Basculegion|1/100\n|\n|-weather|SunnyDay|[upkeep]\n|upkeep\n|turn|9\n|\n|t:|1776353468\n|move|p1a: Basculegion|Last Respects|p2b: Ninetales\n|-damage|p2b: Ninetales|0 fnt\n|faint|p2b: Ninetales\n|\n|win|Doolie8Aardvark\n|raw|Doolie8Aardvark's rating: 1081 &rarr; <strong>1103</strong><br />(+22 for winning)\n|raw|phynixx's rating: 1004 &rarr; <strong>1000</strong><br />(-4 for losing)\n",
  "uploadtime": 1776353476,
  "views": 23,
  "formatid": "gen9championsvgc2026regma",
  "rating": 1000,
  "private": 0,
  "password": null
}