{
  "id": "gen9championsvgc2026regma-2582863916",
  "format": "[Gen 9 Champions] VGC 2026 Reg M-A",
  "players": [
    "Dmy99",
    "CappyCappy"
  ],
  "log": "|j|\u2606Dmy99\n|j|\u2606CappyCappy\n|t:|1776120156\n|gametype|doubles\n|player|p1|Dmy99|101|1159\n|player|p2|CappyCappy|miku-fairy|1201\n|gen|9\n|tier|[Gen 9 Champions] VGC 2026 Reg M-A\n|rated|\n|rule|Species Clause: Limit one of each Pok\u00e9mon\n|rule|Item Clause: Limit 1 of each item\n|clearpoke\n|poke|p1|Whimsicott, L50, M|\n|poke|p1|Incineroar, L50, M|\n|poke|p1|Rotom-Wash, L50|\n|poke|p1|Sneasler, L50, M|\n|poke|p1|Floette-Eternal, L50, F|\n|poke|p1|Basculegion, L50, M|\n|poke|p2|Sneasler, L50, M|\n|poke|p2|Incineroar, L50, F|\n|poke|p2|Kingambit, L50, F|\n|poke|p2|Aerodactyl, L50, M|\n|poke|p2|Floette-Eternal, L50, F|\n|poke|p2|Delphox, L50, F|\n|teampreview|4\n|inactive|Battle timer is ON: inactive players will automatically lose when time's up. (requested by CappyCappy)\nCappyCappy has agreed to open team sheets.\n|\n|t:|1776120191\n|teamsize|p1|4\n|teamsize|p2|4\n|start\n|switch|p1a: Whimsicott|Whimsicott, L50, M|100/100\n|switch|p1b: Sneasler|Sneasler, L50, M|100/100\n|switch|p2a: Aerodactyl|Aerodactyl, L50, M|100/100\n|switch|p2b: Sneasler|Sneasler, L50, M|100/100\n|-ability|p1b: Sneasler|Pressure\n|turn|1\n|\n|t:|1776120209\n|move|p2b: Sneasler|Fake Out|p1b: Sneasler\n|-damage|p1b: Sneasler|74/100\n|cant|p1b: Sneasler|flinch\n|move|p1a: Whimsicott|Taunt|p2a: Aerodactyl\n|-start|p2a: Aerodactyl|move: Taunt\n|move|p2a: Aerodactyl|Dual Wingbeat|p1b: Sneasler\n|-supereffective|p1b: Sneasler|1\n|-damage|p1b: Sneasler|20/100\n|-supereffective|p1b: Sneasler|1\n|-damage|p1b: Sneasler|0 fnt\n|faint|p1b: Sneasler\n|-hitcount|p1: Sneasler|2\n|\n|upkeep\n|\n|t:|1776120219\n|switch|p1b: Basculegion|Basculegion, L50, M|100/100\n|turn|2\n|inactive|CappyCappy has 30 seconds left.\n|inactive|CappyCappy has 20 seconds left.\n|\n|t:|1776120256\n|switch|p2a: Kingambit|Kingambit, L50, F|100/100\n|move|p1a: Whimsicott|Tailwind|p1a: Whimsicott\n|-sidestart|p1: Dmy99|move: Tailwind\n|move|p1b: Basculegion|Flip Turn|p2a: Kingambit\n|-damage|p2a: Kingambit|74/100\n|\n|t:|1776120265\n|switch|p1b: Incineroar|Incineroar, L50, M|100/100|[from] Flip Turn\n|move|p2b: Sneasler|Dire Claw|p1a: Whimsicott\n|-supereffective|p1a: Whimsicott|2\n|-enditem|p1a: Whimsicott|Focus Sash\n|-damage|p1a: Whimsicott|1/100\n|-status|p1a: Whimsicott|par\n|\n|upkeep\n|turn|3\n|c|\u2606CappyCappy|blaze incin?\n|c|\u2606CappyCappy|no intim?\n|inactive|CappyCappy has 30 seconds left.\n|\n|t:|1776120290\n|move|p1a: Whimsicott|Protect|p1a: Whimsicott\n|-singleturn|p1a: Whimsicott|Protect\n|move|p2a: Kingambit|Protect|p2a: Kingambit\n|-singleturn|p2a: Kingambit|Protect\n|move|p2b: Sneasler|Close Combat|p1b: Incineroar\n|-supereffective|p1b: Incineroar|1\n|-enditem|p1b: Incineroar|Chople Berry|[eat]\n|-enditem|p1b: Incineroar|Chople Berry|[weaken]\n|-damage|p1b: Incineroar|47/100\n|-unboost|p2b: Sneasler|def|1\n|-unboost|p2b: Sneasler|spd|1\n|-enditem|p2b: Sneasler|White Herb\n|-clearnegativeboost|p2b: Sneasler|[silent]\n|move|p1b: Incineroar|Flare Blitz|p2a: Kingambit\n|-activate|p2a: Kingambit|move: Protect\n|\n|upkeep\n|turn|4\n|c|\u2606Dmy99|Fuck\n|inactive|Dmy99 has 30 seconds left.\n|inactive|CappyCappy has 30 seconds left.\n|inactive|Dmy99 has 20 seconds left.\n|\n|t:|1776120328\n|switch|p1b: Basculegion|Basculegion, L50, M|100/100\n|move|p2b: Sneasler|Close Combat|p1b: Basculegion\n|-immune|p1b: Basculegion\n|move|p1a: Whimsicott|Moonblast|p2a: Kingambit\n|-damage|p2a: Kingambit|40/100\n|move|p2a: Kingambit|Kowtow Cleave|p1b: Basculegion\n|-supereffective|p1b: Basculegion|1\n|-damage|p1b: Basculegion|0 fnt\n|faint|p1b: Basculegion\n|\n|upkeep\n|\n|t:|1776120338\n|switch|p1b: Incineroar|Incineroar, L50, M|47/100\n|turn|5\n|-message|Dmy99 forfeited.\n|\n|win|CappyCappy\n|raw|Dmy99's rating: 1159 &rarr; <strong>1137</strong><br />(-22 for losing)\n|raw|CappyCappy's rating: 1201 &rarr; <strong>1223</strong><br />(+22 for winning)\n",
  "uploadtime": 1776120352,
  "views": 12,
  "formatid": "gen9championsvgc2026regma",
  "rating": 1137,
  "private": 0,
  "password": null
}