{
  "id": "gen9championsvgc2026regma-2586897039",
  "format": "[Gen 9 Champions] VGC 2026 Reg M-A",
  "players": [
    "gortexjacket",
    "Kaito Nasa"
  ],
  "log": "|j|\u2606gortexjacket\n|j|\u2606Kaito Nasa\n|t:|1776469625\n|gametype|doubles\n|player|p1|gortexjacket|policeman-gen4|1117\n|player|p2|Kaito Nasa|red|1089\n|gen|9\n|tier|[Gen 9 Champions] VGC 2026 Reg M-A\n|rated|\n|rule|Species Clause: Limit one of each Pok\u00e9mon\n|rule|Item Clause: Limit 1 of each item\n|clearpoke\n|poke|p1|Milotic, L50, F|\n|poke|p1|Incineroar, L50, M|\n|poke|p1|Banette, L50, F|\n|poke|p1|Jolteon, L50, M|\n|poke|p1|Sneasler, L50, M|\n|poke|p1|Hydreigon, L50, M|\n|poke|p2|Jolteon, L50, M|\n|poke|p2|Milotic, L50, F|\n|poke|p2|Sneasler, L50, F|\n|poke|p2|Dragonite, L50, F|\n|poke|p2|Pelipper, L50, M|\n|poke|p2|Basculegion, L50, M|\n|teampreview|4\n|\n|t:|1776469691\n|teamsize|p1|4\n|teamsize|p2|4\n|start\n|switch|p1a: Hydreigon|Hydreigon, L50, M|100/100\n|switch|p1b: Sneasler|Sneasler, L50, M|100/100\n|switch|p2a: Sneasler|Sneasler, L50, F|100/100\n|switch|p2b: Jolteon|Jolteon, L50, M|100/100\n|turn|1\n|\n|t:|1776469710\n|move|p2a: Sneasler|Fake Out|p1b: Sneasler\n|-damage|p1b: Sneasler|78/100\n|cant|p1b: Sneasler|flinch\n|move|p1a: Hydreigon|Earth Power|p2a: Sneasler\n|-supereffective|p2a: Sneasler|1\n|-crit|p2a: Sneasler\n|-damage|p2a: Sneasler|0 fnt\n|faint|p2a: Sneasler\n|move|p2b: Jolteon|Volt Switch|p1b: Sneasler\n|-damage|p1b: Sneasler|32/100\n|\n|t:|1776469720\n|switch|p2b: Milotic|Milotic, L50, F|100/100|[from] Volt Switch\n|\n|upkeep\n|\n|t:|1776469724\n|switch|p2a: Basculegion|Basculegion, L50, M|100/100\n|turn|2\n|\n|t:|1776469745\n|switch|p1a: Milotic|Milotic, L50, F|100/100\n|move|p2a: Basculegion|Last Respects|p1b: Sneasler\n|-damage|p1b: Sneasler|0 fnt\n|faint|p1b: Sneasler\n|move|p2b: Milotic|Ice Beam|p1a: Milotic\n|-resisted|p1a: Milotic|1\n|-damage|p1a: Milotic|91/100\n|\n|-heal|p1a: Milotic|97/100|[from] item: Leftovers\n|upkeep\n|\n|t:|1776469759\n|switch|p1b: Hydreigon|Hydreigon, L50, M|100/100\n|turn|3\n|\n|t:|1776469792\n|switch|p2a: Jolteon|Jolteon, L50, M|100/100\n|move|p1a: Milotic|Protect|p1a: Milotic\n|-singleturn|p1a: Milotic|Protect\n|move|p1b: Hydreigon|Dark Pulse|p2a: Jolteon\n|-damage|p2a: Jolteon|36/100\n|move|p2b: Milotic|Ice Beam|p1b: Hydreigon\n|-supereffective|p1b: Hydreigon|1\n|-damage|p1b: Hydreigon|40/100\n|\n|-heal|p1a: Milotic|100/100|[from] item: Leftovers\n|upkeep\n|turn|4\n|\n|t:|1776469810\n|switch|p1a: Banette|Banette, L50, F|100/100\n|-item|p2a: Jolteon|Magnet|[from] ability: Frisk|[of] p1a: Banette\n|-item|p2b: Milotic|Leftovers|[from] ability: Frisk|[of] p1a: Banette\n|move|p1b: Hydreigon|Dark Pulse|p2a: Jolteon\n|-damage|p2a: Jolteon|0 fnt\n|faint|p2a: Jolteon\n|move|p2b: Milotic|Ice Beam|p1b: Hydreigon\n|-supereffective|p1b: Hydreigon|1\n|-damage|p1b: Hydreigon|0 fnt\n|faint|p1b: Hydreigon\n|\n|upkeep\n|\n|t:|1776469824\n|switch|p2a: Basculegion|Basculegion, L50, M|100/100\n|switch|p1b: Milotic|Milotic, L50, F|100/100\n|turn|5\n|\n|t:|1776469846\n|detailschange|p1a: Banette|Banette-Mega, L50, F\n|-mega|p1a: Banette|Banette|Banettite\n|move|p1a: Banette|Destiny Bond|p1a: Banette\n|-singlemove|p1a: Banette|Destiny Bond\n|move|p2a: Basculegion|Last Respects|p1a: Banette\n|-supereffective|p1a: Banette|1\n|-damage|p1a: Banette|0 fnt\n|faint|p1a: Banette\n|-activate|p1a: Banette|move: Destiny Bond\n|faint|p2a: Basculegion\n|move|p1b: Milotic|Scald|p2b: Milotic\n|-resisted|p2b: Milotic|1\n|-damage|p2b: Milotic|87/100\n|-status|p2b: Milotic|brn\n|move|p2b: Milotic|Icy Wind|p1b: Milotic\n|-resisted|p1b: Milotic|1\n|-damage|p1b: Milotic|95/100\n|-unboost|p1b: Milotic|spe|1\n|-ability|p1b: Milotic|Competitive|boost\n|-boost|p1b: Milotic|spa|2\n|\n|-heal|p2b: Milotic|93/100 brn|[from] item: Leftovers\n|-heal|p1b: Milotic|100/100|[from] item: Leftovers\n|-damage|p2b: Milotic|87/100 brn|[from] brn\n|upkeep\n|turn|6\n|\n|t:|1776469877\n|move|p2b: Milotic|Scald|p1b: Milotic\n|-resisted|p1b: Milotic|1\n|-damage|p1b: Milotic|88/100\n|move|p1b: Milotic|Scald|p2b: Milotic\n|-resisted|p2b: Milotic|1\n|-damage|p2b: Milotic|62/100 brn\n|\n|-heal|p2b: Milotic|68/100 brn|[from] item: Leftovers\n|-heal|p1b: Milotic|94/100|[from] item: Leftovers\n|-damage|p2b: Milotic|62/100 brn|[from] brn\n|upkeep\n|turn|7\n|\n|t:|1776469890\n|move|p1b: Milotic|Protect|p1b: Milotic\n|-singleturn|p1b: Milotic|Protect\n|move|p2b: Milotic|Scald|p1b: Milotic\n|-activate|p1b: Milotic|move: Protect\n|\n|-heal|p2b: Milotic|68/100 brn|[from] item: Leftovers\n|-heal|p1b: Milotic|100/100|[from] item: Leftovers\n|-damage|p2b: Milotic|62/100 brn|[from] brn\n|upkeep\n|turn|8\n|\n|t:|1776469901\n|move|p2b: Milotic|Scald|p1b: Milotic\n|-resisted|p1b: Milotic|1\n|-damage|p1b: Milotic|88/100\n|-status|p1b: Milotic|brn\n|move|p1b: Milotic|Scald|p2b: Milotic\n|-resisted|p2b: Milotic|1\n|-damage|p2b: Milotic|38/100 brn\n|\n|-heal|p2b: Milotic|44/100 brn|[from] item: Leftovers\n|-heal|p1b: Milotic|94/100 brn|[from] item: Leftovers\n|-damage|p2b: Milotic|38/100 brn|[from] brn\n|-damage|p1b: Milotic|88/100 brn|[from] brn\n|upkeep\n|turn|9\n|\n|t:|1776469914\n|move|p2b: Milotic|Protect|p2b: Milotic\n|-singleturn|p2b: Milotic|Protect\n|move|p1b: Milotic|Protect||[still]\n|-fail|p1b: Milotic\n|\n|-heal|p2b: Milotic|44/100 brn|[from] item: Leftovers\n|-heal|p1b: Milotic|94/100 brn|[from] item: Leftovers\n|-damage|p2b: Milotic|38/100 brn|[from] brn\n|-damage|p1b: Milotic|88/100 brn|[from] brn\n|upkeep\n|turn|10\n|\n|t:|1776469926\n|move|p1b: Milotic|Protect|p1b: Milotic\n|-singleturn|p1b: Milotic|Protect\n|move|p2b: Milotic|Scald|p1b: Milotic\n|-activate|p1b: Milotic|move: Protect\n|\n|-heal|p2b: Milotic|44/100 brn|[from] item: Leftovers\n|-heal|p1b: Milotic|94/100 brn|[from] item: Leftovers\n|-damage|p2b: Milotic|38/100 brn|[from] brn\n|-damage|p1b: Milotic|88/100 brn|[from] brn\n|upkeep\n|turn|11\n|\n|t:|1776469938\n|move|p2b: Milotic|Scald|p1b: Milotic\n|-resisted|p1b: Milotic|1\n|-damage|p1b: Milotic|76/100 brn\n|move|p1b: Milotic|Scald|p2b: Milotic\n|-resisted|p2b: Milotic|1\n|-damage|p2b: Milotic|12/100 brn\n|\n|-heal|p2b: Milotic|18/100 brn|[from] item: Leftovers\n|-heal|p1b: Milotic|82/100 brn|[from] item: Leftovers\n|-damage|p2b: Milotic|12/100 brn|[from] brn\n|-damage|p1b: Milotic|76/100 brn|[from] brn\n|upkeep\n|turn|12\n|\n|t:|1776469950\n|move|p2b: Milotic|Scald|p1b: Milotic\n|-resisted|p1b: Milotic|1\n|-damage|p1b: Milotic|64/100 brn\n|move|p1b: Milotic|Scald|p2b: Milotic\n|-resisted|p2b: Milotic|1\n|-damage|p2b: Milotic|0 fnt\n|faint|p2b: Milotic\n|\n|win|gortexjacket\n|raw|gortexjacket's rating: 1117 &rarr; <strong>1140</strong><br />(+23 for winning)\n|raw|Kaito Nasa's rating: 1089 &rarr; <strong>1068</strong><br />(-21 for losing)\n",
  "uploadtime": 1776469964,
  "views": 28,
  "formatid": "gen9championsvgc2026regma",
  "rating": 1068,
  "private": 0,
  "password": null
}