{
  "id": "gen9championsvgc2026regma-2587054485",
  "format": "[Gen 9 Champions] VGC 2026 Reg M-A",
  "players": [
    "MrMagikarplml",
    "Princess Nezu"
  ],
  "log": "|j|\u2606MrMagikarplml\n|j|\u2606Princess Nezu\n|t:|1776487407\n|gametype|doubles\n|player|p1|MrMagikarplml|chuck|1145\n|player|p2|Princess Nezu|heroine2-conquest|1114\n|gen|9\n|tier|[Gen 9 Champions] VGC 2026 Reg M-A\n|rated|\n|rule|Species Clause: Limit one of each Pok\u00e9mon\n|rule|Item Clause: Limit 1 of each item\n|clearpoke\n|poke|p1|Whimsicott, L50, F|\n|poke|p1|Charizard, L50, M|\n|poke|p1|Incineroar, L50, F|\n|poke|p1|Kingambit, L50, F|\n|poke|p1|Garchomp, L50, M|\n|poke|p1|Sneasler, L50, F|\n|poke|p2|Gardevoir, L50, M, shiny|\n|poke|p2|Sneasler, L50, M|\n|poke|p2|Farigiraf, L50, F|\n|poke|p2|Kingambit, L50, F|\n|poke|p2|Sinistcha, L50|\n|poke|p2|Crabominable, L50, F|\n|teampreview|4\n|inactive|Battle timer is ON: inactive players will automatically lose when time's up. (requested by Princess Nezu)\n|inactive|MrMagikarplml also wants the timer to be on.\n|inactive|MrMagikarplml has 60 seconds left.\n|\n|t:|1776487439\n|teamsize|p1|4\n|teamsize|p2|4\n|start\n|switch|p1a: Kingambit|Kingambit, L50, F|100/100\n|switch|p1b: Garchomp|Garchomp, L50, M|100/100\n|switch|p2a: Checkmate|Kingambit, L50, F|100/100\n|switch|p2b: The Keeper|Sneasler, L50, M|100/100\n|turn|1\n|inactive|MrMagikarplml has 30 seconds left.\n|inactive|Princess Nezu has 30 seconds left.\n|\n|t:|1776487466\n|switch|p2a: Hope|Farigiraf, L50, F|100/100\n|move|p1a: Kingambit|Protect|p1a: Kingambit\n|-singleturn|p1a: Kingambit|Protect\n|move|p2b: The Keeper|Fake Out|p1b: Garchomp\n|-damage|p1b: Garchomp|85/100\n|-damage|p2b: The Keeper|88/100|[from] ability: Rough Skin|[of] p1b: Garchomp\n|cant|p1b: Garchomp|flinch\n|\n|upkeep\n|turn|2\n|\n|t:|1776487490\n|move|p1a: Kingambit|Sucker Punch||[still]\n|cant|p2a: Hope|ability: Armor Tail|Sucker Punch|[of] p1a: Kingambit\n|move|p2b: The Keeper|Close Combat|p1a: Kingambit\n|-supereffective|p1a: Kingambit|2\n|-enditem|p1a: Kingambit|Chople Berry|[eat]\n|-enditem|p1a: Kingambit|Chople Berry|[weaken]\n|-damage|p1a: Kingambit|4/100\n|-unboost|p2b: The Keeper|def|1\n|-unboost|p2b: The Keeper|spd|1\n|-enditem|p2b: The Keeper|White Herb\n|-clearnegativeboost|p2b: The Keeper|[silent]\n|move|p1b: Garchomp|Stomping Tantrum|p2a: Hope\n|-damage|p2a: Hope|15/100\n|move|p2a: Hope|Trick Room|p2a: Hope\n|-fieldstart|move: Trick Room|[of] p2a: Hope\n|\n|-heal|p2a: Hope|21/100|[from] item: Leftovers\n|upkeep\n|turn|3\n|inactive|MrMagikarplml has 30 seconds left.\n|inactive|Princess Nezu has 30 seconds left.\n|\n|t:|1776487519\n|move|p2a: Hope|Ally Switch|p2a: Hope\n|swap|p2a: Hope|1|[from] move: Ally Switch\n|move|p1a: Kingambit|Iron Head|p2a: The Keeper\n|-damage|p2a: The Keeper|2/100\n|move|p1b: Garchomp|Earthquake|p2b: Hope|[spread] p1a,p2a,p2b\n|-supereffective|p1a: Kingambit|1\n|-supereffective|p2a: The Keeper|1\n|-damage|p1a: Kingambit|0 fnt\n|-damage|p2a: The Keeper|0 fnt\n|-damage|p2b: Hope|0 fnt\n|faint|p1a: Kingambit\n|faint|p2a: The Keeper\n|faint|p2b: Hope\n|\n|upkeep\n|\n|t:|1776487533\n|switch|p1a: Whimsicott|Whimsicott, L50, F|100/100\n|switch|p2b: Checkmate|Kingambit, L50, F|100/100\n|switch|p2a: All Roads Lead To|Crabominable, L50, F|100/100\n|turn|4\n|\n|t:|1776487548\n|detailschange|p2a: All Roads Lead To|Crabominable-Mega, L50, F\n|-mega|p2a: All Roads Lead To|Crabominable|Crabominite\n|move|p1a: Whimsicott|Protect|p1a: Whimsicott\n|-singleturn|p1a: Whimsicott|Protect\n|move|p2a: All Roads Lead To|Ice Hammer|p1b: Garchomp\n|-supereffective|p1b: Garchomp|2\n|-damage|p1b: Garchomp|0 fnt\n|-unboost|p2a: All Roads Lead To|spe|1\n|-damage|p2a: All Roads Lead To|88/100|[from] ability: Rough Skin|[of] p1b: Garchomp\n|faint|p1b: Garchomp\n|move|p2b: Checkmate|Iron Head|p1a: Whimsicott\n|-activate|p1a: Whimsicott|move: Protect\n|\n|upkeep\n|\n|t:|1776487561\n|switch|p1b: Charizard|Charizard, L50, M|100/100\n|turn|5\n|\n|t:|1776487575\n|detailschange|p1b: Charizard|Charizard-Mega-Y, L50, M\n|-mega|p1b: Charizard|Charizard|Charizardite Y\n|-weather|SunnyDay|[from] ability: Drought|[of] p1b: Charizard\n|move|p1a: Whimsicott|Encore|p2a: All Roads Lead To\n|-start|p2a: All Roads Lead To|Encore\n|move|p2a: All Roads Lead To|Ice Hammer|p1b: Charizard\n|-damage|p1b: Charizard|0 fnt\n|-unboost|p2a: All Roads Lead To|spe|1\n|faint|p1b: Charizard\n|move|p2b: Checkmate|Iron Head|p1a: Whimsicott\n|-supereffective|p1a: Whimsicott|1\n|-enditem|p1a: Whimsicott|Focus Sash\n|-damage|p1a: Whimsicott|1/100\n|\n|-weather|SunnyDay|[upkeep]\n|upkeep\n|turn|6\n|-message|MrMagikarplml forfeited.\n|\n|win|Princess Nezu\n|raw|MrMagikarplml's rating: 1145 &rarr; <strong>1118</strong><br />(-27 for losing)\n|raw|Princess Nezu's rating: 1114 &rarr; <strong>1141</strong><br />(+27 for winning)\n|l|\u2606MrMagikarplml\n|player|p1|\n",
  "uploadtime": 1776487592,
  "views": 36,
  "formatid": "gen9championsvgc2026regma",
  "rating": 1118,
  "private": 0,
  "password": null
}