{
  "id": "gen9championsvgc2026regma-2583604252",
  "format": "[Gen 9 Champions] VGC 2026 Reg M-A",
  "players": [
    "john gcv",
    "bigbranonbampus"
  ],
  "log": "|j|\u2606john gcv\n|j|\u2606bigbranonbampus\n|t:|1776186018\n|gametype|doubles\n|player|p1|john gcv|hilbert-wonderlauncher|1142\n|player|p2|bigbranonbampus|hiker|1212\n|gen|9\n|tier|[Gen 9 Champions] VGC 2026 Reg M-A\n|rated|\n|rule|Species Clause: Limit one of each Pok\u00e9mon\n|rule|Item Clause: Limit 1 of each item\n|clearpoke\n|poke|p1|Hydreigon, L50, F|\n|poke|p1|Aegislash, L50, F|\n|poke|p1|Gardevoir, L50, F|\n|poke|p1|Aerodactyl, L50, M|\n|poke|p1|Mamoswine, L50, F|\n|poke|p1|Ninetales-Alola, L50, F|\n|poke|p2|Manectric, L50, F|\n|poke|p2|Pelipper, L50, F|\n|poke|p2|Araquanid, L50, M|\n|poke|p2|Archaludon, L50, F|\n|poke|p2|Weavile, L50, M|\n|poke|p2|Serperior, L50, M|\n|teampreview|4\n|inactive|Battle timer is ON: inactive players will automatically lose when time's up. (requested by bigbranonbampus)\n|l|\u2606bigbranonbampus\n|inactive|bigbranonbampus disconnected and has a minute to reconnect!\n|player|p2|\n|inactive|john gcv has 60 seconds left.\n|j|\u2606bigbranonbampus\n|inactive|bigbranonbampus reconnected and has 60 seconds left.\n|player|p2|bigbranonbampus|hiker|\n|inactive|john gcv has 30 seconds left.\n|\n|t:|1776186087\n|teamsize|p1|4\n|teamsize|p2|4\n|start\n|switch|p1a: Aerodactyl|Aerodactyl, L50, M|100/100\n|switch|p1b: Gardevoir|Gardevoir, L50, F|100/100\n|switch|p2a: Serperior|Serperior, L50, M|100/100\n|switch|p2b: Araquanid|Araquanid, L50, M, shiny|100/100\n|-ability|p1a: Aerodactyl|Unnerve\n|turn|1\n|inactive|bigbranonbampus has 30 seconds left.\n|\n|t:|1776186112\n|switch|p2a: Pelipper|Pelipper, L50, F|100/100\n|-weather|RainDance|[from] ability: Drizzle|[of] p2a: Pelipper\n|detailschange|p1b: Gardevoir|Gardevoir-Mega, L50, F\n|-mega|p1b: Gardevoir|Gardevoir|Gardevoirite\n|move|p1a: Aerodactyl|Tailwind|p1a: Aerodactyl\n|-sidestart|p1: john gcv|move: Tailwind\n|move|p1b: Gardevoir|Hyper Voice|p2a: Pelipper|[spread] p2a,p2b\n|-damage|p2a: Pelipper|0 fnt\n|-damage|p2b: Araquanid|59/100\n|faint|p2a: Pelipper\n|move|p2b: Araquanid|Liquidation|p1b: Gardevoir\n|-damage|p1b: Gardevoir|0 fnt\n|faint|p1b: Gardevoir\n|\n|-weather|RainDance|[upkeep]\n|-heal|p2b: Araquanid|64/100|[from] item: Leftovers\n|upkeep\n|\n|t:|1776186131\n|switch|p1b: Ninetales|Ninetales-Alola, L50, F|100/100\n|switch|p2a: Serperior|Serperior, L50, M|100/100\n|-weather|Snowscape|[from] ability: Snow Warning|[of] p1b: Ninetales\n|turn|2\n|\n|t:|1776186164\n|move|p2b: Araquanid|Wide Guard|p2b: Araquanid\n|-singleturn|p2b: Araquanid|Wide Guard\n|move|p1a: Aerodactyl|Rock Slide|p2b: Araquanid|[spread] \n|-activate|p2a: Serperior|move: Wide Guard\n|-activate|p2b: Araquanid|move: Wide Guard\n|move|p1b: Ninetales|Aurora Veil|p1b: Ninetales\n|-sidestart|p1: john gcv|move: Aurora Veil\n|move|p2a: Serperior|Leaf Storm|p1a: Aerodactyl\n|-damage|p1a: Aerodactyl|60/100\n|-boost|p2a: Serperior|spa|2\n|\n|-weather|Snowscape|[upkeep]\n|-heal|p2b: Araquanid|70/100|[from] item: Leftovers\n|upkeep\n|turn|3\n|\n|t:|1776186184\n|move|p1a: Aerodactyl|Dual Wingbeat|p2a: Serperior\n|-supereffective|p2a: Serperior|1\n|-damage|p2a: Serperior|61/100\n|-supereffective|p2a: Serperior|1\n|-damage|p2a: Serperior|18/100\n|-hitcount|p2a: Serperior|2\n|move|p1b: Ninetales|Encore|p2b: Araquanid\n|-start|p2b: Araquanid|Encore\n|move|p2b: Araquanid|Wide Guard|p2b: Araquanid\n|-singleturn|p2b: Araquanid|Wide Guard\n|move|p2a: Serperior|Leaf Storm|p1a: Aerodactyl|[miss]\n|-miss|p2a: Serperior|p1a: Aerodactyl\n|\n|-weather|Snowscape|[upkeep]\n|-heal|p2b: Araquanid|76/100|[from] item: Leftovers\n|upkeep\n|turn|4\n|inactive|bigbranonbampus has 30 seconds left.\n|\n|t:|1776186217\n|move|p2b: Araquanid|Wide Guard|p2b: Araquanid\n|-singleturn|p2b: Araquanid|Wide Guard\n|move|p1a: Aerodactyl|Dual Wingbeat|p2a: Serperior|[miss]\n|-miss|p1a: Aerodactyl|p2a: Serperior\n|move|p1b: Ninetales|Freeze-Dry|p2b: Araquanid\n|-supereffective|p2b: Araquanid|1\n|-damage|p2b: Araquanid|40/100\n|move|p2a: Serperior|Leaf Storm|p1a: Aerodactyl\n|-damage|p1a: Aerodactyl|0 fnt\n|-boost|p2a: Serperior|spa|2\n|faint|p1a: Aerodactyl\n|\n|-weather|Snowscape|[upkeep]\n|-heal|p2b: Araquanid|46/100|[from] item: Leftovers\n|-sideend|p1: john gcv|move: Tailwind\n|upkeep\n|\n|t:|1776186231\n|switch|p1a: Hydreigon|Hydreigon, L50, F|100/100\n|turn|5\n|inactive|bigbranonbampus has 30 seconds left.\n|\n|t:|1776186256\n|switch|p2b: Weavile|Weavile, L50, M|100/100\n|move|p1a: Hydreigon|Dragon Pulse|p2b: Weavile\n|-damage|p2b: Weavile|36/100\n|move|p2a: Serperior|Leaf Storm|p1b: Ninetales\n|-damage|p1b: Ninetales|20/100\n|-boost|p2a: Serperior|spa|2\n|move|p1b: Ninetales|Freeze-Dry|p2a: Serperior\n|-supereffective|p2a: Serperior|1\n|-damage|p2a: Serperior|0 fnt\n|faint|p2a: Serperior\n|\n|-weather|Snowscape|[upkeep]\n|upkeep\n|\n|t:|1776186267\n|switch|p2a: Araquanid|Araquanid, L50, M, shiny|46/100\n|turn|6\n|\n|t:|1776186283\n|move|p1a: Hydreigon|Dragon Pulse|p2b: Weavile\n|-damage|p2b: Weavile|0 fnt\n|faint|p2b: Weavile\n|move|p1b: Ninetales|Icy Wind|p2a: Araquanid\n|-resisted|p2a: Araquanid|1\n|-damage|p2a: Araquanid|39/100\n|-unboost|p2a: Araquanid|spe|1\n|move|p2a: Araquanid|Leech Life|p1a: Hydreigon\n|-supereffective|p1a: Hydreigon|1\n|-damage|p1a: Hydreigon|53/100\n|-heal|p2a: Araquanid|62/100|[from] drain|[of] p1a: Hydreigon\n|\n|-weather|none\n|-heal|p2a: Araquanid|68/100|[from] item: Leftovers\n|-sideend|p1: john gcv|move: Aurora Veil\n|upkeep\n|turn|7\n|\n|t:|1776186300\n|move|p2a: Araquanid|Protect|p2a: Araquanid\n|-singleturn|p2a: Araquanid|Protect\n|move|p1a: Hydreigon|Dragon Pulse|p2a: Araquanid\n|-activate|p2a: Araquanid|move: Protect\n|move|p1b: Ninetales|Icy Wind|p2a: Araquanid\n|-activate|p2a: Araquanid|move: Protect\n|\n|-heal|p2a: Araquanid|74/100|[from] item: Leftovers\n|upkeep\n|turn|8\n|\n|t:|1776186310\n|move|p1a: Hydreigon|Dragon Pulse|p2a: Araquanid\n|-damage|p2a: Araquanid|37/100\n|move|p1b: Ninetales|Freeze-Dry|p2a: Araquanid\n|-supereffective|p2a: Araquanid|1\n|-damage|p2a: Araquanid|2/100\n|-status|p2a: Araquanid|frz\n|cant|p2a: Araquanid|frz\n|\n|-heal|p2a: Araquanid|7/100 frz|[from] item: Leftovers\n|upkeep\n|turn|9\n|-message|bigbranonbampus forfeited.\n|\n|win|john gcv\n|raw|john gcv's rating: 1142 &rarr; <strong>1172</strong><br />(+30 for winning)\n|raw|bigbranonbampus's rating: 1212 &rarr; <strong>1182</strong><br />(-30 for losing)\n|l|\u2606bigbranonbampus\n|player|p2|\n",
  "uploadtime": 1776186326,
  "views": 25,
  "formatid": "gen9championsvgc2026regma",
  "rating": 1172,
  "private": 0,
  "password": null
}