{
  "id": "gen9championsvgc2026regma-2587716044",
  "format": "[Gen 9 Champions] VGC 2026 Reg M-A",
  "players": [
    "e-series 1b",
    "bravesatlantabl"
  ],
  "log": "|j|\u2606e-series 1b\n|j|\u2606bravesatlantabl\n|t:|1776556790\n|gametype|doubles\n|player|p1|e-series 1b|boarder|1020\n|player|p2|bravesatlantabl|266|1083\n|gen|9\n|tier|[Gen 9 Champions] VGC 2026 Reg M-A\n|rated|\n|rule|Species Clause: Limit one of each Pok\u00e9mon\n|rule|Item Clause: Limit 1 of each item\n|clearpoke\n|poke|p1|Charizard, L50, M|\n|poke|p1|Garchomp, L50, M|\n|poke|p1|Milotic, L50, F|\n|poke|p1|Basculegion, L50, M|\n|poke|p1|Venusaur, L50, F|\n|poke|p1|Incineroar, L50, M|\n|poke|p2|Oranguru, L50, F|\n|poke|p2|Torkoal, L50, M|\n|poke|p2|Drampa, L50, M|\n|poke|p2|Hatterene, L50, F|\n|poke|p2|Incineroar, L50, M|\n|poke|p2|Lucario, L50, F|\n|teampreview|4\n|\n|t:|1776556826\n|teamsize|p1|4\n|teamsize|p2|4\n|start\n|switch|p1a: Charizard|Charizard, L50, M|100/100\n|switch|p1b: Venusaur|Venusaur, L50, F|100/100\n|switch|p2a: Lucario|Lucario, L50, F|100/100\n|switch|p2b: Incineroar|Incineroar, L50, M|100/100\n|-ability|p2b: Incineroar|Intimidate|boost\n|-unboost|p1a: Charizard|atk|1\n|-unboost|p1b: Venusaur|atk|1\n|turn|1\n|\n|t:|1776556835\n|detailschange|p1a: Charizard|Charizard-Mega-Y, L50, M\n|-mega|p1a: Charizard|Charizard|Charizardite Y\n|-weather|SunnyDay|[from] ability: Drought|[of] p1a: Charizard\n|move|p2b: Incineroar|Fake Out|p1b: Venusaur\n|-damage|p1b: Venusaur|85/100\n|cant|p1b: Venusaur|flinch\n|move|p2a: Lucario|Final Gambit|p1a: Charizard\n|-damage|p1a: Charizard|0 fnt\n|faint|p2a: Lucario\n|faint|p1a: Charizard\n|\n|-weather|SunnyDay|[upkeep]\n|upkeep\n|\n|t:|1776556848\n|switch|p2a: Oranguru|Oranguru, L50, F|100/100\n|switch|p1a: Garchomp|Garchomp, L50, M|100/100\n|turn|2\n|\n|t:|1776556857\n|move|p2a: Oranguru|Protect|p2a: Oranguru\n|-singleturn|p2a: Oranguru|Protect\n|move|p1b: Venusaur|Sludge Bomb|p2a: Oranguru\n|-activate|p2a: Oranguru|move: Protect\n|move|p1a: Garchomp|Earthquake|p2a: Oranguru|[spread] p1b,p2b\n|-activate|p2a: Oranguru|move: Protect\n|-supereffective|p2b: Incineroar|1\n|-damage|p1b: Venusaur|41/100\n|-damage|p2b: Incineroar|37/100\n|move|p2b: Incineroar|Flare Blitz|p1b: Venusaur\n|-supereffective|p1b: Venusaur|1\n|-damage|p1b: Venusaur|0 fnt\n|faint|p1b: Venusaur\n|-damage|p2b: Incineroar|27/100|[from] Recoil\n|\n|-weather|SunnyDay|[upkeep]\n|upkeep\n|\n|t:|1776556863\n|switch|p1b: Milotic|Milotic, L50, F|100/100\n|turn|3\n|\n|t:|1776556882\n|move|p1a: Garchomp|Rock Slide|p2b: Incineroar|[spread] p2a,p2b\n|-crit|p2a: Oranguru\n|-supereffective|p2b: Incineroar|1\n|-damage|p2a: Oranguru|77/100\n|-damage|p2b: Incineroar|0 fnt\n|faint|p2b: Incineroar\n|move|p1b: Milotic|Scald|p2a: Oranguru\n|-damage|p2a: Oranguru|66/100\n|-status|p2a: Oranguru|brn\n|move|p2a: Oranguru|Trick Room|p2a: Oranguru\n|-fieldstart|move: Trick Room|[of] p2a: Oranguru\n|\n|-weather|SunnyDay|[upkeep]\n|-damage|p2a: Oranguru|60/100 brn|[from] brn\n|upkeep\n|\n|t:|1776556894\n|switch|p2b: Drampa|Drampa, L50, M|100/100\n|turn|4\n|\n|t:|1776556908\n|detailschange|p2b: Drampa|Drampa-Mega, L50, M\n|-mega|p2b: Drampa|Drampa|Drampanite\n|move|p1a: Garchomp|Protect|p1a: Garchomp\n|-singleturn|p1a: Garchomp|Protect\n|move|p2b: Drampa|Hyper Voice|p1a: Garchomp|[spread] p1b\n|-activate|p1a: Garchomp|move: Protect\n|-damage|p1b: Milotic|66/100\n|move|p2a: Oranguru|Instruct|p2b: Drampa\n|-singleturn|p2b: Drampa|move: Instruct|[of] p2a: Oranguru\n|move|p2b: Drampa|Hyper Voice|p1a: Garchomp|[spread] p1b\n|-activate|p1a: Garchomp|move: Protect\n|-damage|p1b: Milotic|35/100\n|move|p1b: Milotic|Ice Beam|p2b: Drampa\n|-supereffective|p2b: Drampa|1\n|-damage|p2b: Drampa|59/100\n|\n|-weather|SunnyDay|[upkeep]\n|-heal|p1b: Milotic|41/100|[from] item: Leftovers\n|-damage|p2a: Oranguru|54/100 brn|[from] brn\n|upkeep\n|turn|5\n|-message|e-series 1b forfeited.\n|\n|win|bravesatlantabl\n|raw|e-series 1b's rating: 1020 &rarr; <strong>1009</strong><br />(-11 for losing)\n|raw|bravesatlantabl's rating: 1083 &rarr; <strong>1106</strong><br />(+23 for winning)\n|l|\u2606e-series 1b\n|player|p1|\n",
  "uploadtime": 1776556926,
  "views": 16,
  "formatid": "gen9championsvgc2026regma",
  "rating": 1009,
  "private": 0,
  "password": null
}