{
  "id": "gen9championsvgc2026regma-2583546431",
  "format": "[Gen 9 Champions] VGC 2026 Reg M-A",
  "players": [
    "h2obama",
    "sheikhswampert"
  ],
  "log": "|j|\u2606h2obama\n|j|\u203dsheikhswampert\n|t:|1776182479\n|gametype|doubles\n|player|p1|h2obama|102|1224\n|player|p2|sheikhswampert|volkner|1132\n|gen|9\n|tier|[Gen 9 Champions] VGC 2026 Reg M-A\n|rated|\n|rule|Species Clause: Limit one of each Pok\u00e9mon\n|rule|Item Clause: Limit 1 of each item\n|clearpoke\n|poke|p1|Scovillain, L50, M|\n|poke|p1|Dragapult, L50, F|\n|poke|p1|Corviknight, L50, F|\n|poke|p1|Greninja-*, L50, F|\n|poke|p1|Gyarados, L50, F|\n|poke|p1|Ninetales-Alola, L50, M|\n|poke|p2|Basculegion, L50, M|\n|poke|p2|Gengar, L50, M|\n|poke|p2|Kingambit, L50, F|\n|poke|p2|Sneasler, L50, M|\n|poke|p2|Froslass, L50, F|\n|poke|p2|Dragonite, L50, M|\n|teampreview|4\nsheikhswampert rejected open team sheets.\n|inactive|Battle timer is ON: inactive players will automatically lose when time's up. (requested by sheikhswampert)\n|\n|t:|1776182508\n|teamsize|p1|4\n|teamsize|p2|4\n|start\n|switch|p1a: Scovillain|Scovillain, L50, M|100/100\n|switch|p1b: Dragapult|Dragapult, L50, F|100/100\n|switch|p2a: Sneasler|Sneasler, L50, M|100/100\n|switch|p2b: Froslass|Froslass, L50, F, shiny|100/100\n|turn|1\n|\n|t:|1776182533\n|switch|p2a: Kingambit|Kingambit, L50, F|100/100\n|detailschange|p2b: Froslass|Froslass-Mega, L50, F, shiny\n|-mega|p2b: Froslass|Froslass|Froslassite\n|-weather|Snowscape|[from] ability: Snow Warning|[of] p2b: Froslass\n|move|p2b: Froslass|Protect|p2b: Froslass\n|-singleturn|p2b: Froslass|Protect\n|move|p1a: Scovillain|Protect|p1a: Scovillain\n|-singleturn|p1a: Scovillain|Protect\n|move|p1b: Dragapult|Light Screen|p1b: Dragapult\n|-sidestart|p1: h2obama|move: Light Screen\n|\n|-weather|Snowscape|[upkeep]\n|-ability|p1a: Scovillain|Moody|boost\n|-boost|p1a: Scovillain|atk|2\n|-unboost|p1a: Scovillain|spa|1\n|upkeep\n|turn|2\n|inactive|h2obama has 30 seconds left.\n|\n|t:|1776182567\n|move|p2a: Kingambit|Sucker Punch||[still]\n|-fail|p2a: Kingambit\n|move|p1b: Dragapult|Reflect|p1b: Dragapult\n|-sidestart|p1: h2obama|Reflect\n|move|p2b: Froslass|Blizzard|p1b: Dragapult|[spread] p1a,p1b\n|-supereffective|p1b: Dragapult|1\n|-damage|p1a: Scovillain|59/100\n|-damage|p1b: Dragapult|32/100\n|move|p1a: Scovillain|Leech Seed|p2a: Kingambit\n|-start|p2a: Kingambit|move: Leech Seed\n|\n|-weather|Snowscape|[upkeep]\n|-damage|p2a: Kingambit|88/100|[from] Leech Seed|[of] p1a: Scovillain\n|-heal|p1a: Scovillain|73/100|[silent]\n|-ability|p1a: Scovillain|Moody|boost\n|-boost|p1a: Scovillain|atk|2\n|-unboost|p1a: Scovillain|def|1\n|upkeep\n|turn|3\n|\n|t:|1776182590\n|move|p2b: Froslass|Protect|p2b: Froslass\n|-singleturn|p2b: Froslass|Protect\n|move|p1a: Scovillain|Protect|p1a: Scovillain\n|-singleturn|p1a: Scovillain|Protect\n|move|p2a: Kingambit|Sucker Punch|p1b: Dragapult\n|-supereffective|p1b: Dragapult|1\n|-crit|p1b: Dragapult\n|-damage|p1b: Dragapult|0 fnt\n|faint|p1b: Dragapult\n|\n|-weather|Snowscape|[upkeep]\n|-damage|p2a: Kingambit|76/100|[from] Leech Seed|[of] p1a: Scovillain\n|-heal|p1a: Scovillain|88/100|[silent]\n|-ability|p1a: Scovillain|Moody|boost\n|-boost|p1a: Scovillain|spa|2\n|-unboost|p1a: Scovillain|spd|1\n|upkeep\n|\n|t:|1776182596\n|switch|p1b: Corviknight|Corviknight, L50, F|100/100\n|turn|4\n|\n|t:|1776182617\n|move|p2b: Froslass|Blizzard|p1a: Scovillain|[spread] p1a,p1b\n|-damage|p1a: Scovillain|23/100\n|-damage|p1b: Corviknight|73/100\n|move|p1a: Scovillain|Leech Seed|p2b: Froslass\n|-start|p2b: Froslass|move: Leech Seed\n|move|p1b: Corviknight|Body Press|p2a: Kingambit\n|-supereffective|p2a: Kingambit|2\n|-damage|p2a: Kingambit|1/100\n|move|p2a: Kingambit|Kowtow Cleave|p1b: Corviknight\n|-damage|p1b: Corviknight|52/100\n|\n|-weather|Snowscape|[upkeep]\n|-heal|p1b: Corviknight|58/100|[from] item: Leftovers\n|-damage|p2b: Froslass|88/100|[from] Leech Seed|[of] p1a: Scovillain\n|-heal|p1a: Scovillain|33/100|[silent]\n|-damage|p2a: Kingambit|0 fnt|[from] Leech Seed|[of] p1a: Scovillain\n|-heal|p1a: Scovillain|34/100|[silent]\n|faint|p2a: Kingambit\n|-ability|p1a: Scovillain|Moody|boost\n|-boost|p1a: Scovillain|spe|2\n|-unboost|p1a: Scovillain|spd|1\n|upkeep\n|\n|t:|1776182635\n|switch|p2a: Sneasler|Sneasler, L50, M|100/100\n|turn|5\n|\n|t:|1776182650\n|move|p1a: Scovillain|Protect|p1a: Scovillain\n|-singleturn|p1a: Scovillain|Protect\n|move|p2a: Sneasler|Fake Out|p1b: Corviknight\n|-resisted|p1b: Corviknight|1\n|-damage|p1b: Corviknight|55/100\n|move|p2b: Froslass|Blizzard|p1a: Scovillain|[spread] p1b\n|-activate|p1a: Scovillain|move: Protect\n|-damage|p1b: Corviknight|29/100\n|cant|p1b: Corviknight|flinch\n|\n|-weather|none\n|-heal|p1b: Corviknight|35/100|[from] item: Leftovers\n|-damage|p2b: Froslass|76/100|[from] Leech Seed|[of] p1a: Scovillain\n|-heal|p1a: Scovillain|44/100|[silent]\n|-sideend|p1: h2obama|move: Light Screen\n|-ability|p1a: Scovillain|Moody|boost\n|-boost|p1a: Scovillain|atk|2\n|-unboost|p1a: Scovillain|spa|1\n|upkeep\n|turn|6\n|inactive|h2obama has 30 seconds left.\n|inactive|sheikhswampert has 30 seconds left.\n|\n|t:|1776182681\n|detailschange|p1a: Scovillain|Scovillain-Mega, L50, M\n|-mega|p1a: Scovillain|Scovillain|Scovillainite\n|move|p2a: Sneasler|Protect|p2a: Sneasler\n|-singleturn|p2a: Sneasler|Protect\n|move|p1a: Scovillain|Giga Drain|p2b: Froslass\n|-damage|p2b: Froslass|33/100\n|-heal|p1a: Scovillain|63/100|[from] drain|[of] p2b: Froslass\n|move|p2b: Froslass|Shadow Ball|p1a: Scovillain\n|-damage|p1a: Scovillain|0 fnt\n|-status|p2b: Froslass|brn|[from] ability: Spicy Spray|[of] p1a: Scovillain\n|faint|p1a: Scovillain\n|move|p1b: Corviknight|Tailwind|p1b: Corviknight\n|-sidestart|p1: h2obama|move: Tailwind\n|\n|-heal|p1b: Corviknight|40/100|[from] item: Leftovers\n|-damage|p2b: Froslass|27/100 brn|[from] brn\n|-sideend|p1: h2obama|Reflect\n|upkeep\n|\n|t:|1776182693\n|switch|p1a: Greninja|Greninja, L50, F|100/100\n|turn|7\n|\n|t:|1776182706\n|move|p2b: Froslass|Protect|p2b: Froslass\n|-singleturn|p2b: Froslass|Protect\n|move|p1a: Greninja|Sludge Wave|p2a: Sneasler|[spread] p2a\n|-start|p1a: Greninja|typechange|Poison|[from] ability: Protean\n|-activate|p2b: Froslass|move: Protect\n|-immune|p1b: Corviknight\n|-resisted|p2a: Sneasler|1\n|-damage|p2a: Sneasler|80/100\n|move|p2a: Sneasler|Close Combat|p1a: Greninja\n|-resisted|p1a: Greninja|1\n|-damage|p1a: Greninja|53/100\n|-unboost|p2a: Sneasler|def|1\n|-unboost|p2a: Sneasler|spd|1\n|move|p1b: Corviknight|Roost|p1b: Corviknight\n|-heal|p1b: Corviknight|91/100\n|-singleturn|p1b: Corviknight|move: Roost\n|\n|-heal|p1b: Corviknight|97/100|[from] item: Leftovers\n|-damage|p2b: Froslass|15/100 brn|[from] Leech Seed|[of] p1a: Greninja\n|-heal|p1a: Greninja|65/100|[silent]\n|-damage|p2b: Froslass|9/100 brn|[from] brn\n|upkeep\n|turn|8\n|inactive|h2obama has 30 seconds left.\n|inactive|sheikhswampert has 30 seconds left.\n|inactive|sheikhswampert has 20 seconds left.\n|inactive|sheikhswampert has 15 seconds left.\n|\n|t:|1776182746\n|move|p1a: Greninja|Sludge Wave|p2a: Sneasler|[spread] p2a,p2b\n|-immune|p1b: Corviknight\n|-resisted|p2a: Sneasler|1\n|-resisted|p2b: Froslass|1\n|-damage|p2a: Sneasler|47/100\n|-damage|p2b: Froslass|0 fnt\n|faint|p2b: Froslass\n|move|p2a: Sneasler|Close Combat|p1a: Greninja\n|-resisted|p1a: Greninja|1\n|-damage|p1a: Greninja|17/100\n|-unboost|p2a: Sneasler|def|1\n|-unboost|p2a: Sneasler|spd|1\n|-immune|p1a: Greninja\n|move|p1b: Corviknight|Body Press|p2a: Sneasler\n|-resisted|p2a: Sneasler|1\n|-damage|p2a: Sneasler|9/100\n|\n|-heal|p1b: Corviknight|100/100|[from] item: Leftovers\n|upkeep\n|\n|t:|1776182761\n|switch|p2b: Basculegion|Basculegion, L50, M|100/100\n|turn|9\n|\n|t:|1776182777\n|move|p1a: Greninja|Protect|p1a: Greninja\n|-singleturn|p1a: Greninja|Protect\n|move|p2a: Sneasler|Protect|p2a: Sneasler\n|-singleturn|p2a: Sneasler|Protect\n|move|p2b: Basculegion|Last Respects|p1a: Greninja\n|-activate|p1a: Greninja|move: Protect\n|move|p1b: Corviknight|Body Press|p2a: Sneasler\n|-activate|p2a: Sneasler|move: Protect\n|\n|-sideend|p1: h2obama|move: Tailwind\n|upkeep\n|turn|10\n|\n|t:|1776182803\n|move|p1a: Greninja|Protect|p1a: Greninja\n|-singleturn|p1a: Greninja|Protect\n|move|p2b: Basculegion|Last Respects|p1a: Greninja\n|-activate|p1a: Greninja|move: Protect\n|move|p2a: Sneasler|Close Combat|p1b: Corviknight\n|-damage|p1b: Corviknight|60/100\n|-unboost|p2a: Sneasler|def|1\n|-unboost|p2a: Sneasler|spd|1\n|move|p1b: Corviknight|Tailwind|p1b: Corviknight\n|-sidestart|p1: h2obama|move: Tailwind\n|\n|-heal|p1b: Corviknight|65/100|[from] item: Leftovers\n|upkeep\n|turn|11\n|\n|t:|1776182821\n|move|p2a: Sneasler|Protect|p2a: Sneasler\n|-singleturn|p2a: Sneasler|Protect\n|move|p1a: Greninja|Grass Knot|p2b: Basculegion\n|-supereffective|p2b: Basculegion|1\n|-crit|p2b: Basculegion\n|-damage|p2b: Basculegion|0 fnt\n|faint|p2b: Basculegion\n|move|p1b: Corviknight|Body Press|p2a: Sneasler\n|-activate|p2a: Sneasler|move: Protect\n|\n|-heal|p1b: Corviknight|71/100|[from] item: Leftovers\n|upkeep\n|turn|12\n|-message|sheikhswampert forfeited.\n|\n|win|h2obama\n|raw|h2obama's rating: 1224 &rarr; <strong>1243</strong><br />(+19 for winning)\n|raw|sheikhswampert's rating: 1132 &rarr; <strong>1113</strong><br />(-19 for losing)\n|l|\u203dsheikhswampert\n|player|p2|\n",
  "uploadtime": 1776182842,
  "views": 23,
  "formatid": "gen9championsvgc2026regma",
  "rating": 1113,
  "private": 0,
  "password": null
}