{
  "id": "gen9championsvgc2026regma-2582467078",
  "format": "[Gen 9 Champions] VGC 2026 Reg M-A",
  "players": [
    "Mask4M",
    "wxlmdiggityy"
  ],
  "log": "|j|\u2606Mask4M\n|j|\u2606wxlmdiggityy\n|t:|1776093566\n|gametype|doubles\n|player|p1|Mask4M|101|1148\n|player|p2|wxlmdiggityy|boarder|1117\n|gen|9\n|tier|[Gen 9 Champions] VGC 2026 Reg M-A\n|rated|\n|rule|Species Clause: Limit one of each Pok\u00e9mon\n|rule|Item Clause: Limit 1 of each item\n|clearpoke\n|poke|p1|Glimmora, L50, F|\n|poke|p1|Meganium, L50, M|\n|poke|p1|Sneasler, L50, M|\n|poke|p1|Incineroar, L50, F|\n|poke|p1|Whimsicott, L50, F|\n|poke|p1|Gyarados, L50, M|\n|poke|p2|Tyranitar, L50, M|\n|poke|p2|Excadrill, L50, F|\n|poke|p2|Meganium, L50, M|\n|poke|p2|Empoleon, L50, M|\n|poke|p2|Incineroar, L50, F|\n|poke|p2|Corviknight, L50, M|\n|teampreview|4\n|inactive|Battle timer is ON: inactive players will automatically lose when time's up. (requested by wxlmdiggityy)\nMask4M has agreed to open team sheets.\n|inactive|Mask4M has 60 seconds left.\n|inactive|wxlmdiggityy has 60 seconds left.\nwxlmdiggityy has agreed to open team sheets.\n|showteam|p1|Glimmora||Glimmoranite|ToxicDebris|SludgeBomb,PowerGem,EarthPower,SpikyShield|||F|||50|]Meganium||Meganiumite|LeafGuard|SolarBeam,DazzlingGleam,WeatherBall,PollenPuff|||M|||50|]Sneasler||WhiteHerb|Unburden|CloseCombat,DireClaw,FakeOut,Protect|||M|||50|]Incineroar||SitrusBerry|Intimidate|FlareBlitz,ThroatChop,FakeOut,PartingShot|||F|||50|]Whimsicott||FocusSash|Prankster|Moonblast,Tailwind,Encore,SunnyDay|||F|||50|]Gyarados||Leftovers|Intimidate|Waterfall,HelpingHand,Taunt,Protect|||M|||50|\n|showteam|p2|Tyranitar||Tyranitarite|SandStream|Protect,LowKick,KnockOff,RockSlide|||M|||50|]Excadrill||FocusSash|SandRush|Protect,StompingTantrum,RockSlide,IronHead|||F|||50|]Meganium||Meganiumite|Overgrow|Protect,SolarBeam,WeatherBall,DazzlingGleam|||M|||50|]Empoleon||NeverMeltIce|Competitive|Protect,IcyWind,FlashCannon,HydroPump|||M|||50|]Incineroar||SitrusBerry|Intimidate|FakeOut,PartingShot,ThroatChop,FlareBlitz|||F|||50|]Corviknight||Leftovers|MirrorArmor|BraveBird,BodyPress,Tailwind,Roost|||M|||50|\n|inactive|Mask4M has 30 seconds left.\n|\n|t:|1776093635\n|teamsize|p1|4\n|teamsize|p2|4\n|start\n|switch|p1a: Sneasler|Sneasler, L50, M|100/100\n|switch|p1b: Whimsicott|Whimsicott, L50, F|100/100\n|switch|p2a: Empoleon|Empoleon, L50, M|100/100\n|switch|p2b: Corviknight|Corviknight, L50, M|100/100\n|turn|1\n|inactive|Mask4M has 30 seconds left.\n|inactive|wxlmdiggityy has 30 seconds left.\n|\n|t:|1776093670\n|switch|p2b: Incineroar|Incineroar, L50, F|100/100\n|-ability|p2b: Incineroar|Intimidate|boost\n|-unboost|p1a: Sneasler|atk|1\n|-unboost|p1b: Whimsicott|atk|1\n|-enditem|p1a: Sneasler|White Herb\n|-clearnegativeboost|p1a: Sneasler|[silent]\n|move|p1a: Sneasler|Fake Out|p2b: Incineroar\n|-damage|p2b: Incineroar|88/100\n|move|p1b: Whimsicott|Tailwind|p1b: Whimsicott\n|-sidestart|p1: Mask4M|move: Tailwind\n|move|p2a: Empoleon|Icy Wind|p1a: Sneasler|[spread] p1a,p1b\n|-supereffective|p1b: Whimsicott|1\n|-damage|p1a: Sneasler|77/100\n|-damage|p1b: Whimsicott|57/100\n|-unboost|p1a: Sneasler|spe|1\n|-unboost|p1b: Whimsicott|spe|1\n|\n|upkeep\n|turn|2\n|inactive|Mask4M has 30 seconds left.\n|inactive|Mask4M has 20 seconds left.\n|inactive|Mask4M has 15 seconds left.\n|\n|t:|1776093711\n|switch|p1b: Incineroar|Incineroar, L50, F|100/100\n|-ability|p1b: Incineroar|Intimidate|boost\n|-unboost|p2a: Empoleon|atk|1\n|-ability|p2a: Empoleon|Competitive|boost\n|-boost|p2a: Empoleon|spa|2\n|-unboost|p2b: Incineroar|atk|1\n|move|p1a: Sneasler|Protect|p1a: Sneasler\n|-singleturn|p1a: Sneasler|Protect\n|move|p2b: Incineroar|Fake Out|p1a: Sneasler\n|-activate|p1a: Sneasler|move: Protect\n|move|p2a: Empoleon|Icy Wind|p1b: Incineroar|[spread] p1b\n|-activate|p1a: Sneasler|move: Protect\n|-resisted|p1b: Incineroar|1\n|-damage|p1b: Incineroar|85/100\n|-unboost|p1b: Incineroar|spe|1\n|\n|upkeep\n|turn|3\n|inactive|Mask4M has 30 seconds left.\n|\n|t:|1776093744\n|switch|p2b: Corviknight|Corviknight, L50, M|100/100\n|move|p1b: Incineroar|Fake Out|p2a: Empoleon\n|-resisted|p2a: Empoleon|1\n|-damage|p2a: Empoleon|95/100\n|move|p1a: Sneasler|Close Combat|p2b: Corviknight\n|-damage|p2b: Corviknight|58/100\n|-unboost|p1a: Sneasler|def|1\n|-unboost|p1a: Sneasler|spd|1\n|cant|p2a: Empoleon|flinch\n|\n|-heal|p2b: Corviknight|63/100|[from] item: Leftovers\n|upkeep\n|turn|4\n|inactive|Mask4M has 30 seconds left.\n|\n|t:|1776093776\n|move|p1a: Sneasler|Close Combat|p2a: Empoleon\n|-supereffective|p2a: Empoleon|1\n|-damage|p2a: Empoleon|0 fnt\n|-unboost|p1a: Sneasler|def|1\n|-unboost|p1a: Sneasler|spd|1\n|faint|p2a: Empoleon\n|move|p1b: Incineroar|Flare Blitz|p2b: Corviknight\n|-supereffective|p2b: Corviknight|1\n|-damage|p2b: Corviknight|7/100\n|-damage|p1b: Incineroar|66/100|[from] Recoil\n|move|p2b: Corviknight|Tailwind|p2b: Corviknight\n|-sidestart|p2: wxlmdiggityy|move: Tailwind\n|\n|-heal|p2b: Corviknight|13/100|[from] item: Leftovers\n|-sideend|p1: Mask4M|move: Tailwind\n|upkeep\n|\n|t:|1776093801\n|switch|p2a: Incineroar|Incineroar, L50, F|88/100\n|-ability|p2a: Incineroar|Intimidate|boost\n|-unboost|p1a: Sneasler|atk|1\n|-unboost|p1b: Incineroar|atk|1\n|turn|5\n|\n|t:|1776093819\n|move|p1a: Sneasler|Protect|p1a: Sneasler\n|-singleturn|p1a: Sneasler|Protect\n|move|p2a: Incineroar|Fake Out|p1b: Incineroar\n|-damage|p1b: Incineroar|59/100\n|move|p2b: Corviknight|Roost|p2b: Corviknight\n|-heal|p2b: Corviknight|63/100\n|-singleturn|p2b: Corviknight|move: Roost\n|cant|p1b: Incineroar|flinch\n|\n|-heal|p2b: Corviknight|69/100|[from] item: Leftovers\n|upkeep\n|turn|6\n|inactive|Mask4M has 30 seconds left.\n|\n|t:|1776093849\n|switch|p1a: Whimsicott|Whimsicott, L50, F|57/100\n|move|p2b: Corviknight|Brave Bird|p1a: Whimsicott\n|-supereffective|p1a: Whimsicott|1\n|-damage|p1a: Whimsicott|0 fnt\n|faint|p1a: Whimsicott\n|-damage|p2b: Corviknight|54/100|[from] Recoil\n|move|p2a: Incineroar|Parting Shot|p1b: Incineroar\n|-unboost|p1b: Incineroar|atk|1\n|-unboost|p1b: Incineroar|spa|1\n|\n|t:|1776093860\n|switch|p2a: Meganium|Meganium, L50, M|100/100|[from] Parting Shot\n|move|p1b: Incineroar|Flare Blitz|p2b: Corviknight\n|-supereffective|p2b: Corviknight|1\n|-damage|p2b: Corviknight|24/100\n|-damage|p1b: Incineroar|49/100|[from] Recoil\n|-enditem|p1b: Incineroar|Sitrus Berry|[eat]\n|-heal|p1b: Incineroar|74/100|[from] item: Sitrus Berry\n|\n|-heal|p2b: Corviknight|30/100|[from] item: Leftovers\n|upkeep\n|\n|t:|1776093872\n|switch|p1a: Sneasler|Sneasler, L50, M|77/100\n|turn|7\n|inactive|Mask4M has 30 seconds left.\n|\n|t:|1776093903\n|switch|p2b: Incineroar|Incineroar, L50, F|88/100\n|-ability|p2b: Incineroar|Intimidate|boost\n|-unboost|p1a: Sneasler|atk|1\n|-unboost|p1b: Incineroar|atk|1\n|detailschange|p2a: Meganium|Meganium-Mega, L50, M\n|-mega|p2a: Meganium|Meganium|Meganiumite\n|move|p1a: Sneasler|Protect|p1a: Sneasler\n|-singleturn|p1a: Sneasler|Protect\n|move|p2a: Meganium|Dazzling Gleam|p1a: Sneasler|[spread] p1b\n|-activate|p1a: Sneasler|move: Protect\n|-damage|p1b: Incineroar|41/100\n|move|p1b: Incineroar|Parting Shot|p2a: Meganium\n|-unboost|p2a: Meganium|atk|1\n|-unboost|p2a: Meganium|spa|1\n|\n|t:|1776093917\n|switch|p1b: Meganium|Meganium, L50, M|100/100|[from] Parting Shot\n|\n|-sideend|p2: wxlmdiggityy|move: Tailwind\n|upkeep\n|turn|8\n|inactive|Mask4M has 30 seconds left.\n|\n|t:|1776093943\n|detailschange|p1b: Meganium|Meganium-Mega, L50, M\n|-mega|p1b: Meganium|Meganium|Meganiumite\n|move|p2b: Incineroar|Fake Out|p1a: Sneasler\n|-damage|p1a: Sneasler|59/100\n|cant|p1a: Sneasler|flinch\n|move|p2a: Meganium|Weather Ball|p1b: Meganium\n|-supereffective|p1b: Meganium|1\n|-damage|p1b: Meganium|42/100\n|move|p1b: Meganium|Weather Ball|p2a: Meganium\n|-supereffective|p2a: Meganium|1\n|-damage|p2a: Meganium|0 fnt\n|faint|p2a: Meganium\n|\n|upkeep\n|\n|t:|1776093956\n|switch|p2a: Corviknight|Corviknight, L50, M|30/100\n|turn|9\n|\n|t:|1776093976\n|move|p1a: Sneasler|Close Combat|p2a: Corviknight\n|-damage|p2a: Corviknight|5/100\n|-unboost|p1a: Sneasler|def|1\n|-unboost|p1a: Sneasler|spd|1\n|move|p1b: Meganium|Weather Ball|p2a: Corviknight\n|-supereffective|p2a: Corviknight|1\n|-damage|p2a: Corviknight|0 fnt\n|faint|p2a: Corviknight\n|move|p2b: Incineroar|Flare Blitz|p1b: Meganium\n|-supereffective|p1b: Meganium|1\n|-damage|p1b: Meganium|0 fnt\n|faint|p1b: Meganium\n|-damage|p2b: Incineroar|75/100|[from] Recoil\n|\n|upkeep\n|\n|t:|1776093986\n|switch|p1b: Incineroar|Incineroar, L50, F|41/100\n|-ability|p1b: Incineroar|Intimidate|boost\n|-unboost|p2b: Incineroar|atk|1\n|turn|10\n|\n|t:|1776093995\n|move|p1b: Incineroar|Fake Out|p2b: Incineroar\n|-damage|p2b: Incineroar|65/100\n|move|p1a: Sneasler|Close Combat|p2b: Incineroar\n|-supereffective|p2b: Incineroar|1\n|-damage|p2b: Incineroar|0 fnt\n|-unboost|p1a: Sneasler|def|1\n|-unboost|p1a: Sneasler|spd|1\n|faint|p2b: Incineroar\n|\n|win|Mask4M\n|raw|Mask4M's rating: 1148 &rarr; <strong>1171</strong><br />(+23 for winning)\n|raw|wxlmdiggityy's rating: 1117 &rarr; <strong>1094</strong><br />(-23 for losing)\n",
  "uploadtime": 1776093998,
  "views": 20,
  "formatid": "gen9championsvgc2026regma",
  "rating": 1094,
  "private": 0,
  "password": null
}