{
  "id": "gen9championsvgc2026regma-2582540595",
  "format": "[Gen 9 Champions] VGC 2026 Reg M-A",
  "players": [
    "PlayingViking",
    "Lerminlime"
  ],
  "log": "|j|\u2606PlayingViking\n|j|\u2606Lerminlime\n|t:|1776098188\n|gametype|doubles\n|player|p1|PlayingViking|101|1147\n|player|p2|Lerminlime|101|1130\n|gen|9\n|tier|[Gen 9 Champions] VGC 2026 Reg M-A\n|rated|\n|rule|Species Clause: Limit one of each Pok\u00e9mon\n|rule|Item Clause: Limit 1 of each item\n|clearpoke\n|poke|p1|Gliscor, L50, M|\n|poke|p1|Arcanine-Hisui, L50, M|\n|poke|p1|Milotic, L50, M|\n|poke|p1|Gardevoir, L50, M|\n|poke|p1|Rotom-Wash, L50|\n|poke|p1|Farigiraf, L50, M|\n|poke|p2|Sneasler, L50, M|\n|poke|p2|Basculegion, L50, M|\n|poke|p2|Meganium, L50, M|\n|poke|p2|Garchomp, L50, F|\n|poke|p2|Aggron, L50, F|\n|poke|p2|Delphox, L50, M|\n|teampreview|4\nPlayingViking rejected open team sheets.\n|inactive|Battle timer is ON: inactive players will automatically lose when time's up. (requested by Lerminlime)\n|inactive|PlayingViking has 60 seconds left.\n|inactive|PlayingViking has 30 seconds left.\n|inactive|PlayingViking has 20 seconds left.\n|inactive|PlayingViking has 15 seconds left.\n|\n|t:|1776098267\n|teamsize|p1|4\n|teamsize|p2|4\n|start\n|switch|p1a: Farigiraf|Farigiraf, L50, M|100/100\n|switch|p1b: Arcanine|Arcanine-Hisui, L50, M|100/100\n|switch|p2a: Aggron|Aggron, L50, F, shiny|100/100\n|switch|p2b: Sneasler|Sneasler, L50, M, shiny|100/100\n|-ability|p1b: Arcanine|Intimidate|boost\n|-unboost|p2a: Aggron|atk|1\n|-unboost|p2b: Sneasler|atk|1\n|-enditem|p2b: Sneasler|White Herb\n|-clearnegativeboost|p2b: Sneasler|[silent]\n|turn|1\n|\n|t:|1776098282\n|move|p2b: Sneasler|Close Combat|p1b: Arcanine\n|-supereffective|p1b: Arcanine|1\n|-damage|p1b: Arcanine|0 fnt\n|-unboost|p2b: Sneasler|def|1\n|-unboost|p2b: Sneasler|spd|1\n|faint|p1b: Arcanine\n|move|p1a: Farigiraf|Psychic|p2b: Sneasler\n|-supereffective|p2b: Sneasler|2\n|-damage|p2b: Sneasler|0 fnt\n|faint|p2b: Sneasler\n|move|p2a: Aggron|Stealth Rock|p1a: Farigiraf\n|-sidestart|p1: PlayingViking|move: Stealth Rock\n|\n|upkeep\n|\n|t:|1776098299\n|switch|p2b: Garchomp|Garchomp, L50, F|100/100\n|switch|p1b: Gliscor|Gliscor, L50, M|100/100\n|-damage|p1b: Gliscor|88/100|[from] Stealth Rock\n|turn|2\n|inactive|PlayingViking has 30 seconds left.\n|inactive|PlayingViking has 20 seconds left.\n|\n|t:|1776098338\n|move|p1a: Farigiraf|Protect|p1a: Farigiraf\n|-singleturn|p1a: Farigiraf|Protect\n|move|p2b: Garchomp|Rock Slide|p1a: Farigiraf|[spread] p1b\n|-activate|p1a: Farigiraf|move: Protect\n|-damage|p1b: Gliscor|73/100\n|move|p1b: Gliscor|Earthquake|p2b: Garchomp|[spread] p2a,p2b\n|-activate|p1a: Farigiraf|move: Protect\n|-supereffective|p2a: Aggron|2\n|-damage|p2a: Aggron|44/100\n|-damage|p2b: Garchomp|79/100\n|move|p2a: Aggron|Body Press|p1a: Farigiraf\n|-activate|p1a: Farigiraf|move: Protect\n|\n|-heal|p2a: Aggron|50/100|[from] item: Leftovers\n|upkeep\n|turn|3\n|inactive|PlayingViking has 30 seconds left.\n|\n|t:|1776098371\n|move|p2b: Garchomp|Rock Slide|p1a: Farigiraf|[spread] p1a\n|-miss|p2b: Garchomp|p1b: Gliscor\n|-damage|p1a: Farigiraf|79/100\n|move|p1b: Gliscor|Ice Fang|p2b: Garchomp\n|-supereffective|p2b: Garchomp|2\n|-damage|p2b: Garchomp|21/100\n|-damage|p1b: Gliscor|61/100|[from] ability: Rough Skin|[of] p2b: Garchomp\n|move|p1a: Farigiraf|Dazzling Gleam|p2b: Garchomp|[spread] p2a,p2b\n|-resisted|p2a: Aggron|1\n|-supereffective|p2b: Garchomp|1\n|-damage|p2a: Aggron|37/100\n|-damage|p2b: Garchomp|0 fnt\n|faint|p2b: Garchomp\n|move|p2a: Aggron|Body Press|p1a: Farigiraf\n|-damage|p1a: Farigiraf|37/100\n|\n|-heal|p2a: Aggron|43/100|[from] item: Leftovers\n|upkeep\n|\n|t:|1776098384\n|switch|p2b: Delphox|Delphox, L50, M, shiny|100/100\n|turn|4\n|\n|t:|1776098399\n|detailschange|p2b: Delphox|Delphox-Mega, L50, M, shiny\n|-mega|p2b: Delphox|Delphox|Delphoxite\n|move|p2b: Delphox|Heat Wave|p1b: Gliscor|[spread] p1a,p1b\n|-damage|p1a: Farigiraf|0 fnt\n|-damage|p1b: Gliscor|5/100\n|faint|p1a: Farigiraf\n|move|p1b: Gliscor|Rock Slide|p2a: Aggron|[spread] p2a,p2b\n|-resisted|p2a: Aggron|1\n|-supereffective|p2b: Delphox|1\n|-damage|p2a: Aggron|39/100\n|-damage|p2b: Delphox|61/100\n|move|p2a: Aggron|Rock Slide|p1b: Gliscor|[miss]\n|-miss|p2a: Aggron|p1b: Gliscor\n|\n|-heal|p2a: Aggron|45/100|[from] item: Leftovers\n|upkeep\n|\n|t:|1776098415\n|switch|p1a: Gardevoir|Gardevoir, L50, M|100/100\n|-damage|p1a: Gardevoir|88/100|[from] Stealth Rock\n|turn|5\n|inactive|PlayingViking has 30 seconds left.\n|inactive|PlayingViking has 20 seconds left.\n|inactive|PlayingViking has 15 seconds left.\n|inactive|PlayingViking has 10 seconds left.\n|\n|t:|1776098461\n|detailschange|p1a: Gardevoir|Gardevoir-Mega, L50, M\n|-mega|p1a: Gardevoir|Gardevoir|Gardevoirite\n|move|p2b: Delphox|Protect|p2b: Delphox\n|-singleturn|p2b: Delphox|Protect\n|move|p1a: Gardevoir|Mystical Fire|p2a: Aggron\n|-damage|p2a: Aggron|3/100\n|-unboost|p2a: Aggron|spa|1\n|move|p1b: Gliscor|Rock Slide|p2b: Delphox|[spread] p2a\n|-activate|p2b: Delphox|move: Protect\n|-resisted|p2a: Aggron|1\n|-damage|p2a: Aggron|0 fnt\n|faint|p2a: Aggron\n|\n|upkeep\n|turn|6\n|\n|t:|1776098482\n|move|p2b: Delphox|Heat Wave|p1b: Gliscor|[spread] p1a,p1b\n|-damage|p1a: Gardevoir|47/100\n|-damage|p1b: Gliscor|0 fnt\n|faint|p1b: Gliscor\n|move|p1a: Gardevoir|Hyper Voice|p2b: Delphox\n|-resisted|p2b: Delphox|1\n|-damage|p2b: Delphox|29/100\n|\n|upkeep\n|turn|7\n|\n|t:|1776098492\n|move|p2b: Delphox|Heat Wave|p1a: Gardevoir\n|-damage|p1a: Gardevoir|0 fnt\n|faint|p1a: Gardevoir\n|\n|win|Lerminlime\n|raw|PlayingViking's rating: 1147 &rarr; <strong>1121</strong><br />(-26 for losing)\n|raw|Lerminlime's rating: 1130 &rarr; <strong>1156</strong><br />(+26 for winning)\n|l|\u2606Lerminlime\n|player|p2|\n",
  "uploadtime": 1776098500,
  "views": 12,
  "formatid": "gen9championsvgc2026regma",
  "rating": 1121,
  "private": 0,
  "password": null
}