{
  "id": "gen9championsvgc2026regma-2585254736",
  "format": "[Gen 9 Champions] VGC 2026 Reg M-A",
  "players": [
    "loklastaji",
    "kaboch kaban"
  ],
  "log": "|j|\u2606loklastaji\n|j|\u2606kaboch kaban\n|t:|1776330471\n|gametype|doubles\n|player|p1|loklastaji|102|1180\n|player|p2|kaboch kaban|benga|1218\n|gen|9\n|tier|[Gen 9 Champions] VGC 2026 Reg M-A\n|rated|\n|rule|Species Clause: Limit one of each Pok\u00e9mon\n|rule|Item Clause: Limit 1 of each item\n|clearpoke\n|poke|p1|Samurott-Hisui, L50, M|\n|poke|p1|Delphox, L50, M|\n|poke|p1|Tinkaton, L50, F|\n|poke|p1|Decidueye-Hisui, L50, F|\n|poke|p1|Dragonite, L50, F|\n|poke|p1|Farigiraf, L50, M|\n|poke|p2|Gengar, L50, M|\n|poke|p2|Kommo-o, L50, M|\n|poke|p2|Ninetales-Alola, L50, M|\n|poke|p2|Incineroar, L50, F|\n|poke|p2|Aerodactyl, L50, F|\n|poke|p2|Sneasler, L50, F|\n|teampreview|4\n|inactive|Battle timer is ON: inactive players will automatically lose when time's up. (requested by kaboch kaban)\n|\n|t:|1776330514\n|teamsize|p1|4\n|teamsize|p2|4\n|start\n|switch|p1a: Dragonite|Dragonite, L50, F|100/100\n|switch|p1b: Tinkaton|Tinkaton, L50, F|100/100\n|switch|p2a: Tolue|Kommo-o, L50, M|100/100\n|switch|p2b: Kuzan|Ninetales-Alola, L50, M|100/100\n|-weather|Snowscape|[from] ability: Snow Warning|[of] p2b: Kuzan\n|turn|1\n|inactive|kaboch kaban has 30 seconds left.\n|inactive|kaboch kaban has 20 seconds left.\n|inactive|kaboch kaban has 15 seconds left.\n|inactive|loklastaji has 30 seconds left.\n|inactive|kaboch kaban has 10 seconds left.\n|inactive|kaboch kaban has 5 seconds left.\n|\n|t:|1776330567\n|detailschange|p1a: Dragonite|Dragonite-Mega, L50, F\n|-mega|p1a: Dragonite|Dragonite|Dragoninite\n|move|p2a: Tolue|Protect|p2a: Tolue\n|-singleturn|p2a: Tolue|Protect\n|move|p1b: Tinkaton|Fake Out|p2b: Kuzan\n|-damage|p2b: Kuzan|91/100\n|cant|p2b: Kuzan|flinch\n|move|p1a: Dragonite|Tailwind|p1a: Dragonite\n|-sidestart|p1: loklastaji|move: Tailwind\n|\n|-weather|Snowscape|[upkeep]\n|upkeep\n|turn|2\n|inactive|loklastaji has 30 seconds left.\n|\n|t:|1776330597\n|switch|p2b: chewing-gum|Incineroar, L50, F|100/100\n|-ability|p2b: chewing-gum|Intimidate|boost\n|-unboost|p1a: Dragonite|atk|1\n|-fail|p1b: Tinkaton|unboost|Attack|[from] ability: Own Tempo|[of] p1b: Tinkaton\n|move|p1a: Dragonite|Air Slash|p2a: Tolue\n|-supereffective|p2a: Tolue|1\n|-damage|p2a: Tolue|11/100\n|-enditem|p2a: Tolue|Sitrus Berry|[eat]\n|-heal|p2a: Tolue|36/100|[from] item: Sitrus Berry\n|move|p1b: Tinkaton|Gigaton Hammer|p2b: chewing-gum\n|-resisted|p2b: chewing-gum|1\n|-damage|p2b: chewing-gum|73/100\n|move|p2a: Tolue|Clanging Scales|p1b: Tinkaton|[spread] p1a\n|-immune|p1b: Tinkaton\n|-supereffective|p1a: Dragonite|1\n|-damage|p1a: Dragonite|74/100\n|-unboost|p2a: Tolue|def|1\n|\n|-weather|Snowscape|[upkeep]\n|-heal|p2b: chewing-gum|79/100|[from] item: Leftovers\n|upkeep\n|turn|3\n|inactive|loklastaji has 30 seconds left.\n|inactive|kaboch kaban has 30 seconds left.\n|inactive|loklastaji has 20 seconds left.\n|inactive|kaboch kaban has 20 seconds left.\n|inactive|kaboch kaban has 15 seconds left.\n|\n|t:|1776330641\n|switch|p1b: Farigiraf|Farigiraf, L50, M|100/100\n|move|p2b: chewing-gum|Fake Out||[still]\n|cant|p1b: Farigiraf|ability: Armor Tail|Fake Out|[of] p2b: chewing-gum\n|move|p1a: Dragonite|Air Slash|p2a: Tolue\n|-supereffective|p2a: Tolue|1\n|-damage|p2a: Tolue|0 fnt\n|faint|p2a: Tolue\n|\n|-weather|Snowscape|[upkeep]\n|-heal|p2b: chewing-gum|85/100|[from] item: Leftovers\n|upkeep\n|\n|t:|1776330654\n|switch|p2a: Kuzan|Ninetales-Alola, L50, M|91/100\n|turn|4\n|\n|t:|1776330678\n|move|p1a: Dragonite|Air Slash|p2a: Kuzan\n|-damage|p2a: Kuzan|48/100\n|move|p2a: Kuzan|Aurora Veil|p2a: Kuzan\n|-sidestart|p2: kaboch kaban|move: Aurora Veil\n|move|p1b: Farigiraf|Hyper Voice|p2a: Kuzan|[spread] p2a,p2b\n|-crit|p2b: chewing-gum\n|-damage|p2a: Kuzan|24/100\n|-damage|p2b: chewing-gum|44/100\n|move|p2b: chewing-gum|Throat Chop|p1b: Farigiraf\n|-supereffective|p1b: Farigiraf|1\n|-enditem|p1b: Farigiraf|Colbur Berry|[eat]\n|-enditem|p1b: Farigiraf|Colbur Berry|[weaken]\n|-damage|p1b: Farigiraf|65/100\n|-start|p1b: Farigiraf|Throat Chop|[silent]\n|\n|-weather|Snowscape|[upkeep]\n|-heal|p2b: chewing-gum|50/100|[from] item: Leftovers\n|-sideend|p1: loklastaji|move: Tailwind\n|upkeep\n|turn|5\n|\n|t:|1776330699\n|move|p2a: Kuzan|Blizzard|p1b: Farigiraf|[spread] p1a,p1b\n|-supereffective|p1a: Dragonite|2\n|-damage|p1a: Dragonite|0 fnt\n|-damage|p1b: Farigiraf|39/100\n|faint|p1a: Dragonite\n|move|p1b: Farigiraf|Psychic Terrain|p1b: Farigiraf\n|-fieldstart|move: Psychic Terrain\n|move|p2b: chewing-gum|Throat Chop|p1b: Farigiraf\n|-supereffective|p1b: Farigiraf|1\n|-damage|p1b: Farigiraf|0 fnt\n|faint|p1b: Farigiraf\n|\n|-weather|none\n|-heal|p2b: chewing-gum|56/100|[from] item: Leftovers\n|upkeep\n|\n|t:|1776330713\n|switch|p1a: Tinkaton|Tinkaton, L50, F|100/100\n|switch|p1b: Delphox|Delphox, L50, M|100/100\n|turn|6\n|\n|t:|1776330733\n|move|p1a: Tinkaton|Fake Out|p2b: chewing-gum\n|-activate|p2b: chewing-gum|move: Psychic Terrain\n|move|p2a: Kuzan|Moonblast|p1a: Tinkaton\n|-resisted|p1a: Tinkaton|1\n|-damage|p1a: Tinkaton|87/100\n|move|p1b: Delphox|Nasty Plot|p1b: Delphox\n|-boost|p1b: Delphox|spa|2\n|move|p2b: chewing-gum|Throat Chop|p1b: Delphox\n|-supereffective|p1b: Delphox|1\n|-damage|p1b: Delphox|0 fnt\n|faint|p1b: Delphox\n|\n|-heal|p2b: chewing-gum|62/100|[from] item: Leftovers\n|upkeep\n|turn|7\n|\n|t:|1776330749\n|move|p2a: Kuzan|Moonblast|p1a: Tinkaton\n|-resisted|p1a: Tinkaton|1\n|-damage|p1a: Tinkaton|71/100\n|move|p1a: Tinkaton|Gigaton Hammer|p2a: Kuzan\n|-supereffective|p2a: Kuzan|2\n|-enditem|p2a: Kuzan|Babiri Berry|[eat]\n|-enditem|p2a: Kuzan|Babiri Berry|[weaken]\n|-damage|p2a: Kuzan|0 fnt\n|faint|p2a: Kuzan\n|move|p2b: chewing-gum|Flare Blitz|p1a: Tinkaton\n|-supereffective|p1a: Tinkaton|1\n|-damage|p1a: Tinkaton|0 fnt\n|faint|p1a: Tinkaton\n|-damage|p2b: chewing-gum|44/100|[from] Recoil\n|\n|win|kaboch kaban\n|raw|loklastaji's rating: 1180 &rarr; <strong>1158</strong><br />(-22 for losing)\n|raw|kaboch kaban's rating: 1218 &rarr; <strong>1240</strong><br />(+22 for winning)\n",
  "uploadtime": 1776330763,
  "views": 21,
  "formatid": "gen9championsvgc2026regma",
  "rating": 1158,
  "private": 0,
  "password": null
}