{
  "id": "gen9championsvgc2026regma-2583567531",
  "format": "[Gen 9 Champions] VGC 2026 Reg M-A",
  "players": [
    "Skeyeris",
    "YakonSavikov"
  ],
  "log": "|j|\u2606Skeyeris\n|j|\u203dYakonSavikov\n|t:|1776183786\n|gametype|doubles\n|player|p1|Skeyeris|cheryl|1105\n|player|p2|YakonSavikov|169|1174\n|gen|9\n|tier|[Gen 9 Champions] VGC 2026 Reg M-A\n|rated|\n|rule|Species Clause: Limit one of each Pok\u00e9mon\n|rule|Item Clause: Limit 1 of each item\n|clearpoke\n|poke|p1|Chimecho, L50, F|\n|poke|p1|Alcremie, L50, F|\n|poke|p1|Sinistcha, L50|\n|poke|p1|Farigiraf, L50, F|\n|poke|p1|Arcanine-Hisui, L50, F|\n|poke|p1|Kingambit, L50, F|\n|poke|p2|Lopunny, L50, F|\n|poke|p2|Gardevoir, L50, M|\n|poke|p2|Aerodactyl, L50, M|\n|poke|p2|Garchomp, L50, F|\n|poke|p2|Rotom-Wash, L50|\n|poke|p2|Aegislash, L50, F|\n|teampreview|4\n|inactive|Battle timer is ON: inactive players will automatically lose when time's up. (requested by YakonSavikov)\n|\n|t:|1776183816\n|teamsize|p1|4\n|teamsize|p2|4\n|start\n|switch|p1a: Alcremie|Alcremie, L50, F|100/100\n|switch|p1b: Chimecho|Chimecho, L50, F|100/100\n|switch|p2a: Lopunny|Lopunny, L50, F|100/100\n|switch|p2b: Gardevoir|Gardevoir, L50, M|100/100\n|turn|1\n|\n|t:|1776183836\n|detailschange|p1b: Chimecho|Chimecho-Mega, L50, F\n|-mega|p1b: Chimecho|Chimecho|Chimechite\n|move|p2a: Lopunny|Fake Out|p1a: Alcremie\n|-damage|p1a: Alcremie|84/100\n|move|p2b: Gardevoir|Psyshock|p1a: Alcremie\n|-damage|p1a: Alcremie|31/100\n|cant|p1a: Alcremie|flinch\n|move|p1b: Chimecho|Trick Room|p1b: Chimecho\n|-fieldstart|move: Trick Room|[of] p1b: Chimecho\n|\n|upkeep\n|turn|2\n|\n|t:|1776183851\n|move|p1a: Alcremie|Decorate|p1b: Chimecho\n|-boost|p1b: Chimecho|atk|2\n|-boost|p1b: Chimecho|spa|2\n|move|p1b: Chimecho|Boomburst|p2b: Gardevoir|[spread] p1a,p2a,p2b\n|-damage|p1a: Alcremie|0 fnt\n|-damage|p2a: Lopunny|12/100\n|-damage|p2b: Gardevoir|7/100\n|faint|p1a: Alcremie\n|move|p2a: Lopunny|U-turn|p1b: Chimecho\n|-damage|p1b: Chimecho|88/100\n|\n|t:|1776183866\n|switch|p2a: Garchomp|Garchomp, L50, F|100/100|[from] U-turn\n|move|p2b: Gardevoir|Psyshock|p1b: Chimecho\n|-resisted|p1b: Chimecho|2\n|-damage|p1b: Chimecho|79/100\n|\n|upkeep\n|\n|t:|1776183877\n|switch|p1a: Arcanine|Arcanine-Hisui, L50, F|100/100\n|-ability|p1a: Arcanine|Intimidate|boost\n|-unboost|p2a: Garchomp|atk|1\n|-unboost|p2b: Gardevoir|atk|1\n|turn|3\n|\n|t:|1776183892\n|switch|p1a: Farigiraf|Farigiraf, L50, F|100/100\n|move|p2a: Garchomp|Protect|p2a: Garchomp\n|-singleturn|p2a: Garchomp|Protect\n|move|p1b: Chimecho|Boomburst|p2a: Garchomp|[spread] p1a,p2b\n|-activate|p2a: Garchomp|move: Protect\n|-damage|p1a: Farigiraf|44/100\n|-damage|p2b: Gardevoir|0 fnt\n|faint|p2b: Gardevoir\n|\n|-heal|p1a: Farigiraf|50/100|[from] item: Leftovers\n|upkeep\n|\n|t:|1776183904\n|switch|p2b: Aegislash|Aegislash, L50, F|100/100\n|turn|4\n|\n|t:|1776183914\n|move|p2b: Aegislash|Wide Guard|p2b: Aegislash\n|-singleturn|p2b: Aegislash|Wide Guard\n|move|p1a: Farigiraf|Psychic Noise|p2a: Garchomp\n|-crit|p2a: Garchomp\n|-damage|p2a: Garchomp|66/100\n|-start|p2a: Garchomp|move: Heal Block\n|move|p1b: Chimecho|Psychic|p2a: Garchomp\n|-damage|p2a: Garchomp|0 fnt\n|faint|p2a: Garchomp\n|\n|-heal|p1a: Farigiraf|56/100|[from] item: Leftovers\n|upkeep\n|\n|t:|1776183929\n|switch|p2a: Lopunny|Lopunny, L50, F|12/100\n|turn|5\n|\n|t:|1776183939\n|detailschange|p2a: Lopunny|Lopunny-Mega, L50, F\n|-mega|p2a: Lopunny|Lopunny|Lopunnite\n|move|p1a: Farigiraf|Protect|p1a: Farigiraf\n|-singleturn|p1a: Farigiraf|Protect\n|move|p2b: Aegislash|Wide Guard|p2b: Aegislash\n|-singleturn|p2b: Aegislash|Wide Guard\n|move|p1b: Chimecho|Psychic|p2a: Lopunny\n|-supereffective|p2a: Lopunny|1\n|-damage|p2a: Lopunny|0 fnt\n|faint|p2a: Lopunny\n|\n|-heal|p1a: Farigiraf|62/100|[from] item: Leftovers\n|-fieldend|move: Trick Room\n|upkeep\n|turn|6\n|-message|YakonSavikov forfeited.\n|l|\u203dYakonSavikov\n|inactive|YakonSavikov disconnected and has a minute to reconnect!\n|player|p2|\n|\n|win|Skeyeris\n|raw|Skeyeris's rating: 1105 &rarr; <strong>1135</strong><br />(+30 for winning)\n|raw|YakonSavikov's rating: 1174 &rarr; <strong>1144</strong><br />(-30 for losing)\n",
  "uploadtime": 1776183955,
  "views": 15,
  "formatid": "gen9championsvgc2026regma",
  "rating": 1135,
  "private": 0,
  "password": null
}