{
  "id": "gen9championsvgc2026regma-2580593449",
  "format": "[Gen 9 Champions] VGC 2026 Reg M-A",
  "players": [
    "FireAtWill7",
    "The Jhonier"
  ],
  "log": "|j|\u2606FireAtWill7\n|j|\u203dThe Jhonier\n|t:|1775916266\n|gametype|doubles\n|player|p1|FireAtWill7|101|1000\n|player|p2|The Jhonier|lance|1006\n|gen|9\n|tier|[Gen 9 Champions] VGC 2026 Reg M-A\n|rated|\n|rule|Species Clause: Limit one of each Pok\u00e9mon\n|rule|Item Clause: Limit 1 of each item\n|clearpoke\n|poke|p1|Maushold-Four, L50|\n|poke|p1|Beedrill, L50, M|\n|poke|p1|Gyarados, L50, M|\n|poke|p1|Pikachu, L50, F|\n|poke|p1|Goodra, L50, M|\n|poke|p1|Mimikyu, L50, M|\n|poke|p2|Incineroar, L50, F|\n|poke|p2|Whimsicott, L50, F|\n|poke|p2|Ampharos, L50, M|\n|poke|p2|Hawlucha, L50, M|\n|poke|p2|Feraligatr, L50, M|\n|poke|p2|Pelipper, L50, M|\n|teampreview|4\n|inactive|Battle timer is ON: inactive players will automatically lose when time's up. (requested by The Jhonier)\n|\n|t:|1775916278\n|teamsize|p1|4\n|teamsize|p2|4\n|start\n|switch|p1a: Gyarados|Gyarados, L50, M|100/100\n|switch|p1b: Beedrill|Beedrill, L50, M|100/100\n|switch|p2a: Incineroar|Incineroar, L50, F|100/100\n|switch|p2b: Whimsicott|Whimsicott, L50, F|100/100\n|-ability|p1a: Gyarados|Intimidate|boost\n|-unboost|p2a: Incineroar|atk|1\n|-unboost|p2b: Whimsicott|atk|1\n|-ability|p2a: Incineroar|Intimidate|boost\n|-unboost|p1a: Gyarados|atk|1\n|-unboost|p1b: Beedrill|atk|1\n|turn|1\n|\n|t:|1775916301\n|detailschange|p1b: Beedrill|Beedrill-Mega, L50, M\n|-mega|p1b: Beedrill|Beedrill|Beedrillite\n|move|p2a: Incineroar|Fake Out|p1a: Gyarados\n|-damage|p1a: Gyarados|92/100\n|move|p2b: Whimsicott|Tailwind|p2b: Whimsicott\n|-sidestart|p2: The Jhonier|move: Tailwind\n|move|p1b: Beedrill|Poison Jab|p2b: Whimsicott\n|-supereffective|p2b: Whimsicott|2\n|-damage|p2b: Whimsicott|0 fnt\n|faint|p2b: Whimsicott\n|cant|p1a: Gyarados|flinch\n|\n|-heal|p1a: Gyarados|98/100|[from] item: Leftovers\n|upkeep\n|\n|t:|1775916311\n|switch|p2b: Hawlucha|Hawlucha, L50, M|100/100\n|turn|2\n|\n|t:|1775916318\n|detailschange|p2b: Hawlucha|Hawlucha-Mega, L50, M\n|-mega|p2b: Hawlucha|Hawlucha|Hawluchanite\n|move|p1b: Beedrill|Protect|p1b: Beedrill\n|-singleturn|p1b: Beedrill|Protect\n|move|p1a: Gyarados|Protect|p1a: Gyarados\n|-singleturn|p1a: Gyarados|Protect\n|move|p2b: Hawlucha|Brave Bird|p1b: Beedrill\n|-activate|p1b: Beedrill|move: Protect\n|move|p2a: Incineroar|Will-O-Wisp|p1a: Gyarados\n|-activate|p1a: Gyarados|move: Protect\n|\n|-heal|p1a: Gyarados|100/100|[from] item: Leftovers\n|upkeep\n|turn|3\n|inactive|FireAtWill7 has 30 seconds left.\n|\n|t:|1775916345\n|switch|p1b: Pikachu|Pikachu, L50, F|100/100\n|switch|p1a: Goodra|Goodra, L50, M|100/100\n|move|p2b: Hawlucha|Brave Bird|p1b: Pikachu\n|-resisted|p1b: Pikachu|1\n|-damage|p1b: Pikachu|0 fnt\n|faint|p1b: Pikachu\n|-damage|p2b: Hawlucha|76/100|[from] Recoil\n|move|p2a: Incineroar|Will-O-Wisp|p1a: Goodra\n|-status|p1a: Goodra|brn\n|\n|-damage|p1a: Goodra|95/100 brn|[from] brn\n|upkeep\n|\n|t:|1775916369\n|switch|p1b: Beedrill|Beedrill-Mega, L50, M|100/100\n|turn|4\n|-activate|p2a: Incineroar|item: Quick Claw\n|\n|t:|1775916388\n|move|p1b: Beedrill|Protect|p1b: Beedrill\n|-singleturn|p1b: Beedrill|Protect\n|move|p2a: Incineroar|Parting Shot|p1b: Beedrill\n|-activate|p1b: Beedrill|move: Protect\n|move|p2b: Hawlucha|High Jump Kick|p1a: Goodra\n|-damage|p1a: Goodra|0 fnt\n|-ability|p1a: Goodra|Gooey\n|-unboost|p2b: Hawlucha|spe|1\n|faint|p1a: Goodra\n|\n|-sideend|p2: The Jhonier|move: Tailwind\n|upkeep\n|\n|t:|1775916403\n|switch|p1a: Gyarados|Gyarados, L50, M|100/100\n|-ability|p1a: Gyarados|Intimidate|boost\n|-unboost|p2a: Incineroar|atk|1\n|-unboost|p2b: Hawlucha|atk|1\n|turn|5\n|-activate|p2a: Incineroar|item: Quick Claw\n|\n|t:|1775916418\n|move|p2b: Hawlucha|Protect|p2b: Hawlucha\n|-singleturn|p2b: Hawlucha|Protect\n|move|p2a: Incineroar|Parting Shot|p1a: Gyarados\n|-unboost|p1a: Gyarados|atk|1\n|-unboost|p1a: Gyarados|spa|1\n|\n|t:|1775916423\n|switch|p2a: Ampharos|Ampharos, L50, M|100/100|[from] Parting Shot\n|move|p1b: Beedrill|Poison Jab|p2b: Hawlucha\n|-activate|p2b: Hawlucha|move: Protect\n|move|p1a: Gyarados|Waterfall|p2a: Ampharos\n|-damage|p2a: Ampharos|71/100\n|\n|upkeep\n|turn|6\n|\n|t:|1775916441\n|move|p1b: Beedrill|Poison Jab|p2b: Hawlucha\n|-damage|p2b: Hawlucha|3/100\n|-status|p2b: Hawlucha|psn\n|move|p1a: Gyarados|Iron Head|p2a: Ampharos\n|-resisted|p2a: Ampharos|1\n|-damage|p2a: Ampharos|63/100\n|move|p2b: Hawlucha|Entrainment|p2a: Ampharos\n|-ability|p2a: Ampharos|No Guard|Static|[from] move: Entrainment|[of] p2b: Hawlucha\n|move|p2a: Ampharos|Zap Cannon|p1a: Gyarados\n|-supereffective|p1a: Gyarados|2\n|-damage|p1a: Gyarados|0 fnt\n|faint|p1a: Gyarados\n|\n|-damage|p2b: Hawlucha|0 fnt|[from] psn\n|faint|p2b: Hawlucha\n|upkeep\n|\n|t:|1775916453\n|switch|p2b: Incineroar|Incineroar, L50, F|100/100\n|-ability|p2b: Incineroar|Intimidate|boost\n|-unboost|p1b: Beedrill|atk|1\n|turn|7\n|\n|t:|1775916464\n|move|p1b: Beedrill|Drill Run|p2a: Ampharos\n|-supereffective|p2a: Ampharos|1\n|-damage|p2a: Ampharos|22/100\n|move|p2a: Ampharos|Zap Cannon|p1b: Beedrill\n|-damage|p1b: Beedrill|10/100\n|-status|p1b: Beedrill|par\n|move|p2b: Incineroar|Flare Blitz|p1b: Beedrill\n|-supereffective|p1b: Beedrill|1\n|-damage|p1b: Beedrill|0 fnt\n|faint|p1b: Beedrill\n|-damage|p2b: Incineroar|98/100|[from] Recoil\n|\n|win|The Jhonier\n|raw|FireAtWill7's rating: 1000 &rarr; <strong>1000</strong><br />(+0 for losing)\n|raw|The Jhonier's rating: 1006 &rarr; <strong>1044</strong><br />(+38 for winning)\n",
  "uploadtime": 1775916476,
  "views": 19,
  "formatid": "gen9championsvgc2026regma",
  "rating": 1000,
  "private": 0,
  "password": null
}