{
  "id": "gen9championsvgc2026regma-2580644147",
  "format": "[Gen 9 Champions] VGC 2026 Reg M-A",
  "players": [
    "pppoe2000",
    "rafash009"
  ],
  "log": "|j|\u2606pppoe2000\n|j|\u2606rafash009\n|html|<table width=\"100%\"><tr><td align=\"left\">pppoe2000</td><td align=\"right\">rafash009</tr><tr><td align=\"left\"><i class=\"fa fa-circle-o\"></i> <i class=\"fa fa-circle-o\"></i> </td><td align=\"right\"><i class=\"fa fa-circle-o\"></i> <i class=\"fa fa-circle-o\"></i> </tr></table>\n|uhtml|bestof|<h2><strong>Game 1</strong> of <a href=\"/game-bestof3-gen9championsvgc2026regma-2580644146\">a best-of-3</a></h2>\n|t:|1775920812\n|gametype|doubles\n|player|p1|pppoe2000|101|\n|player|p2|rafash009|blaine|\n|gen|9\n|tier|[Gen 9 Champions] VGC 2026 Reg M-A\n|rule|Species Clause: Limit one of each Pok\u00e9mon\n|rule|Item Clause: Limit 1 of each item\n|raw|<div class=\"infobox\"><details class=\"readmore\" open><summary><strong>1 custom rule:</strong></summary> Best of = 3</details></div>\n|clearpoke\n|poke|p1|Whimsicott, L50, F|\n|poke|p1|Incineroar, L50, F|\n|poke|p1|Sneasler, L50, M|\n|poke|p1|Garchomp, L50, M|\n|poke|p1|Kingambit, L50, F|\n|poke|p1|Sinistcha, L50|\n|poke|p2|Sneasler, L50, F|\n|poke|p2|Corviknight, L50, M|\n|poke|p2|Garchomp, L50, F|\n|poke|p2|Meowscarada, L50, M|\n|poke|p2|Charizard, L50, F|\n|poke|p2|Kingambit, L50, F|\n|teampreview|4\nrafash009 rejected open team sheets.\n|\n|t:|1775920845\n|teamsize|p1|4\n|teamsize|p2|4\n|start\n|switch|p1a: Whimsicott|Whimsicott, L50, F|100/100\n|switch|p1b: Sneasler|Sneasler, L50, M|100/100\n|switch|p2a: Corviknight|Corviknight, L50, M|100/100\n|switch|p2b: Kingambit|Kingambit, L50, F|100/100\n|turn|1\n|\n|t:|1775920862\n|switch|p2b: Garchomp|Garchomp, L50, F|100/100\n|move|p1a: Whimsicott|Tailwind|p1a: Whimsicott\n|-sidestart|p1: pppoe2000|move: Tailwind\n|move|p1b: Sneasler|Close Combat|p2b: Garchomp\n|-damage|p2b: Garchomp|31/100\n|-unboost|p1b: Sneasler|def|1\n|-unboost|p1b: Sneasler|spd|1\n|-damage|p1b: Sneasler|88/100|[from] ability: Rough Skin|[of] p2b: Garchomp\n|move|p2a: Corviknight|Iron Defense|p2a: Corviknight\n|-boost|p2a: Corviknight|def|2\n|\n|upkeep\n|turn|2\n|\n|t:|1775920881\n|move|p1b: Sneasler|Protect|p1b: Sneasler\n|-singleturn|p1b: Sneasler|Protect\n|move|p1a: Whimsicott|Moonblast|p2b: Garchomp\n|-supereffective|p2b: Garchomp|1\n|-damage|p2b: Garchomp|0 fnt\n|faint|p2b: Garchomp\n|move|p2a: Corviknight|Iron Defense|p2a: Corviknight\n|-boost|p2a: Corviknight|def|2\n|\n|upkeep\n|\n|t:|1775920889\n|switch|p2b: Sneasler|Sneasler, L50, F|100/100\n|turn|3\n|\n|t:|1775920924\n|move|p2b: Sneasler|Fake Out|p1a: Whimsicott\n|-damage|p1a: Whimsicott|82/100\n|cant|p1a: Whimsicott|flinch\n|move|p1b: Sneasler|Close Combat|p2a: Corviknight\n|-damage|p2a: Corviknight|87/100\n|-unboost|p1b: Sneasler|def|1\n|-unboost|p1b: Sneasler|spd|1\n|move|p2a: Corviknight|Iron Defense|p2a: Corviknight\n|-boost|p2a: Corviknight|def|2\n|\n|-heal|p2a: Corviknight|93/100|[from] item: Leftovers\n|upkeep\n|turn|4\n|\n|t:|1775920944\n|move|p1b: Sneasler|Protect|p1b: Sneasler\n|-singleturn|p1b: Sneasler|Protect\n|move|p1a: Whimsicott|Encore|p2a: Corviknight\n|-start|p2a: Corviknight|Encore\n|move|p2b: Sneasler|Poison Jab|p1a: Whimsicott\n|-supereffective|p1a: Whimsicott|2\n|-damage|p1a: Whimsicott|0 fnt\n|faint|p1a: Whimsicott\n|move|p2a: Corviknight|Iron Defense|p2a: Corviknight\n|-boost|p2a: Corviknight|def|0\n|\n|-heal|p2a: Corviknight|99/100|[from] item: Leftovers\n|-sideend|p1: pppoe2000|move: Tailwind\n|upkeep\n|\n|t:|1775920967\n|switch|p1a: Sinistcha|Sinistcha, L50|100/100\n|-heal|p1b: Sneasler|100/100|[from] ability: Hospitality|[of] p1a: Sinistcha\n|turn|5\n|\n|t:|1775920994\n|move|p2b: Sneasler|Protect|p2b: Sneasler\n|-singleturn|p2b: Sneasler|Protect\n|move|p1a: Sinistcha|Rage Powder|p1a: Sinistcha\n|-singleturn|p1a: Sinistcha|move: Rage Powder\n|move|p1b: Sneasler|Dire Claw|p2b: Sneasler\n|-activate|p2b: Sneasler|move: Protect\n|move|p2a: Corviknight|Iron Defense|p2a: Corviknight\n|-boost|p2a: Corviknight|def|0\n|\n|-heal|p2a: Corviknight|100/100|[from] item: Leftovers\n|upkeep\n|turn|6\n|\n|t:|1775921011\n|switch|p1b: Garchomp|Garchomp, L50, M|100/100\n|move|p2b: Sneasler|Close Combat|p1b: Garchomp\n|-damage|p1b: Garchomp|33/100\n|-unboost|p2b: Sneasler|def|1\n|-unboost|p2b: Sneasler|spd|1\n|-damage|p2b: Sneasler|88/100|[from] ability: Rough Skin|[of] p1b: Garchomp\n|-enditem|p2b: Sneasler|White Herb\n|-clearnegativeboost|p2b: Sneasler|[silent]\n|move|p2a: Corviknight|Iron Defense|p2a: Corviknight\n|-boost|p2a: Corviknight|def|0\n|move|p1a: Sinistcha|Trick Room|p1a: Sinistcha\n|-fieldstart|move: Trick Room|[of] p1a: Sinistcha\n|\n|-end|p2a: Corviknight|Encore\n|upkeep\n|turn|7\n|\n|t:|1775921036\n|detailschange|p1b: Garchomp|Garchomp-Mega, L50, M\n|-mega|p1b: Garchomp|Garchomp|Garchompite\n|move|p2b: Sneasler|Protect|p2b: Sneasler\n|-singleturn|p2b: Sneasler|Protect\n|move|p1a: Sinistcha|Life Dew||[still]|[spread] p1a,p1b\n|-fail|p1a: Sinistcha|heal\n|-heal|p1b: Garchomp|58/100\n|move|p2a: Corviknight|Body Press|p1b: Garchomp\n|-damage|p1b: Garchomp|0 fnt\n|faint|p1b: Garchomp\n|\n|upkeep\n|\n|t:|1775921047\n|switch|p1b: Sneasler|Sneasler, L50, M|100/100\n|turn|8\n|\n|t:|1775921064\n|move|p1b: Sneasler|Fake Out|p2b: Sneasler\n|-damage|p2b: Sneasler|62/100\n|move|p1a: Sinistcha|Rage Powder|p1a: Sinistcha\n|-singleturn|p1a: Sinistcha|move: Rage Powder\n|move|p2a: Corviknight|Body Press|p1a: Sinistcha\n|-immune|p1a: Sinistcha\n|cant|p2b: Sneasler|flinch\n|\n|upkeep\n|turn|9\n|\n|t:|1775921085\n|move|p2b: Sneasler|Protect|p2b: Sneasler\n|-singleturn|p2b: Sneasler|Protect\n|move|p1a: Sinistcha|Rage Powder|p1a: Sinistcha\n|-singleturn|p1a: Sinistcha|move: Rage Powder\n|move|p2a: Corviknight|Iron Head|p1a: Sinistcha\n|-damage|p1a: Sinistcha|82/100\n|move|p1b: Sneasler|Close Combat|p2b: Sneasler\n|-activate|p2b: Sneasler|move: Protect\n|\n|-heal|p1a: Sinistcha|88/100|[from] item: Leftovers\n|upkeep\n|turn|10\n|\n|t:|1775921116\n|move|p1a: Sinistcha|Matcha Gotcha|p2a: Corviknight|[spread] p2a,p2b\n|-resisted|p2a: Corviknight|2\n|-resisted|p2b: Sneasler|1\n|-damage|p2a: Corviknight|93/100\n|-heal|p1a: Sinistcha|93/100|[from] drain|[of] p2a: Corviknight\n|-damage|p2b: Sneasler|42/100\n|-heal|p1a: Sinistcha|100/100|[from] drain|[of] p2b: Sneasler\n|move|p2a: Corviknight|Iron Head|p1a: Sinistcha\n|-damage|p1a: Sinistcha|80/100\n|move|p1b: Sneasler|Dire Claw|p2b: Sneasler\n|-resisted|p2b: Sneasler|1\n|-damage|p2b: Sneasler|2/100\n|move|p2b: Sneasler|Poison Jab|p1a: Sinistcha\n|-damage|p1a: Sinistcha|40/100\n|\n|-heal|p1a: Sinistcha|46/100|[from] item: Leftovers\n|-heal|p2a: Corviknight|99/100|[from] item: Leftovers\n|-fieldend|move: Trick Room\n|upkeep\n|turn|11\n|\n|t:|1775921141\n|move|p2b: Sneasler|Protect|p2b: Sneasler\n|-singleturn|p2b: Sneasler|Protect\n|move|p1b: Sneasler|Close Combat|p2b: Sneasler\n|-activate|p2b: Sneasler|move: Protect\n|move|p2a: Corviknight|Body Press|p1b: Sneasler\n|-resisted|p1b: Sneasler|1\n|-damage|p1b: Sneasler|8/100\n|move|p1a: Sinistcha|Life Dew|p1a: Sinistcha|[spread] p1a,p1b\n|-heal|p1a: Sinistcha|71/100\n|-heal|p1b: Sneasler|33/100\n|\n|-heal|p2a: Corviknight|100/100|[from] item: Leftovers\n|-heal|p1a: Sinistcha|77/100|[from] item: Leftovers\n|upkeep\n|turn|12\n|\n|t:|1775921158\n|move|p1b: Sneasler|Protect|p1b: Sneasler\n|-singleturn|p1b: Sneasler|Protect\n|move|p2b: Sneasler|Poison Jab|p1a: Sinistcha\n|-damage|p1a: Sinistcha|38/100\n|move|p2a: Corviknight|Body Press|p1b: Sneasler\n|-activate|p1b: Sneasler|move: Protect\n|move|p1a: Sinistcha|Life Dew|p1a: Sinistcha|[spread] p1a,p1b\n|-heal|p1a: Sinistcha|63/100\n|-heal|p1b: Sneasler|58/100\n|\n|-heal|p1a: Sinistcha|69/100|[from] item: Leftovers\n|upkeep\n|turn|13\n|\n|t:|1775921176\n|move|p1a: Sinistcha|Rage Powder|p1a: Sinistcha\n|-singleturn|p1a: Sinistcha|move: Rage Powder\n|move|p2b: Sneasler|Poison Jab|p1a: Sinistcha\n|-damage|p1a: Sinistcha|28/100\n|move|p1b: Sneasler|Dire Claw|p2b: Sneasler\n|-resisted|p2b: Sneasler|1\n|-damage|p2b: Sneasler|0 fnt\n|faint|p2b: Sneasler\n|move|p2a: Corviknight|Body Press|p1a: Sinistcha\n|-immune|p1a: Sinistcha\n|\n|-heal|p1a: Sinistcha|34/100|[from] item: Leftovers\n|upkeep\n|\n|t:|1775921187\n|switch|p2b: Kingambit|Kingambit, L50, F|100/100\n|turn|14\n|\n|t:|1775921209\n|move|p2b: Kingambit|Sucker Punch|p1b: Sneasler\n|-resisted|p1b: Sneasler|1\n|-damage|p1b: Sneasler|14/100\n|move|p1b: Sneasler|Close Combat|p2b: Kingambit\n|-supereffective|p2b: Kingambit|2\n|-damage|p2b: Kingambit|0 fnt\n|-unboost|p1b: Sneasler|def|1\n|-unboost|p1b: Sneasler|spd|1\n|faint|p2b: Kingambit\n|move|p2a: Corviknight|Body Press|p1b: Sneasler\n|-resisted|p1b: Sneasler|1\n|-damage|p1b: Sneasler|0 fnt\n|faint|p1b: Sneasler\n|move|p1a: Sinistcha|Life Dew|p1a: Sinistcha\n|-heal|p1a: Sinistcha|59/100\n|\n|-heal|p1a: Sinistcha|65/100|[from] item: Leftovers\n|upkeep\n|turn|15\n|\n|t:|1775921237\n|move|p2a: Corviknight|Iron Head|p1a: Sinistcha\n|-damage|p1a: Sinistcha|44/100\n|move|p1a: Sinistcha|Matcha Gotcha|p2a: Corviknight\n|-resisted|p2a: Corviknight|2\n|-damage|p2a: Corviknight|90/100\n|-heal|p1a: Sinistcha|52/100|[from] drain|[of] p2a: Corviknight\n|\n|-heal|p2a: Corviknight|96/100|[from] item: Leftovers\n|-heal|p1a: Sinistcha|58/100|[from] item: Leftovers\n|upkeep\n|turn|16\n|\n|t:|1775921248\n|move|p2a: Corviknight|Iron Head|p1a: Sinistcha\n|-damage|p1a: Sinistcha|39/100\n|move|p1a: Sinistcha|Life Dew|p1a: Sinistcha\n|-heal|p1a: Sinistcha|64/100\n|\n|-heal|p2a: Corviknight|100/100|[from] item: Leftovers\n|-heal|p1a: Sinistcha|70/100|[from] item: Leftovers\n|upkeep\n|turn|17\n|\n|t:|1775921256\n|move|p2a: Corviknight|Iron Head|p1a: Sinistcha\n|-damage|p1a: Sinistcha|50/100\n|move|p1a: Sinistcha|Life Dew|p1a: Sinistcha\n|-heal|p1a: Sinistcha|75/100\n|\n|-heal|p1a: Sinistcha|81/100|[from] item: Leftovers\n|upkeep\n|turn|18\n|\n|t:|1775921264\n|move|p2a: Corviknight|Iron Head|p1a: Sinistcha\n|-damage|p1a: Sinistcha|62/100\n|move|p1a: Sinistcha|Life Dew|p1a: Sinistcha\n|-heal|p1a: Sinistcha|87/100\n|\n|-heal|p1a: Sinistcha|93/100|[from] item: Leftovers\n|upkeep\n|turn|19\n|\n|t:|1775921273\n|move|p2a: Corviknight|Iron Head|p1a: Sinistcha\n|-damage|p1a: Sinistcha|70/100\n|move|p1a: Sinistcha|Matcha Gotcha|p2a: Corviknight\n|-resisted|p2a: Corviknight|2\n|-damage|p2a: Corviknight|90/100\n|-heal|p1a: Sinistcha|78/100|[from] drain|[of] p2a: Corviknight\n|\n|-heal|p2a: Corviknight|96/100|[from] item: Leftovers\n|-heal|p1a: Sinistcha|84/100|[from] item: Leftovers\n|upkeep\n|turn|20\n|\n|t:|1775921283\n|move|p2a: Corviknight|Iron Head|p1a: Sinistcha\n|-damage|p1a: Sinistcha|61/100\n|move|p1a: Sinistcha|Matcha Gotcha|p2a: Corviknight\n|-resisted|p2a: Corviknight|2\n|-damage|p2a: Corviknight|87/100\n|-heal|p1a: Sinistcha|67/100|[from] drain|[of] p2a: Corviknight\n|-status|p2a: Corviknight|brn\n|\n|-heal|p2a: Corviknight|93/100 brn|[from] item: Leftovers\n|-heal|p1a: Sinistcha|73/100|[from] item: Leftovers\n|-damage|p2a: Corviknight|87/100 brn|[from] brn\n|upkeep\n|turn|21\n|\n|t:|1775921301\n|move|p2a: Corviknight|Iron Head|p1a: Sinistcha\n|-damage|p1a: Sinistcha|63/100\n|move|p1a: Sinistcha|Matcha Gotcha|p2a: Corviknight\n|-resisted|p2a: Corviknight|2\n|-damage|p2a: Corviknight|77/100 brn\n|-heal|p1a: Sinistcha|71/100|[from] drain|[of] p2a: Corviknight\n|\n|-heal|p2a: Corviknight|83/100 brn|[from] item: Leftovers\n|-heal|p1a: Sinistcha|77/100|[from] item: Leftovers\n|-damage|p2a: Corviknight|77/100 brn|[from] brn\n|upkeep\n|turn|22\n|\n|t:|1775921313\n|move|p2a: Corviknight|Iron Head|p1a: Sinistcha\n|-damage|p1a: Sinistcha|67/100\n|cant|p1a: Sinistcha|flinch\n|\n|-heal|p2a: Corviknight|83/100 brn|[from] item: Leftovers\n|-heal|p1a: Sinistcha|73/100|[from] item: Leftovers\n|-damage|p2a: Corviknight|77/100 brn|[from] brn\n|upkeep\n|turn|23\n|\n|t:|1775921322\n|move|p2a: Corviknight|Iron Head|p1a: Sinistcha\n|-damage|p1a: Sinistcha|61/100\n|move|p1a: Sinistcha|Matcha Gotcha|p2a: Corviknight\n|-resisted|p2a: Corviknight|2\n|-damage|p2a: Corviknight|68/100 brn\n|-heal|p1a: Sinistcha|68/100|[from] drain|[of] p2a: Corviknight\n|\n|-heal|p2a: Corviknight|74/100 brn|[from] item: Leftovers\n|-heal|p1a: Sinistcha|74/100|[from] item: Leftovers\n|-damage|p2a: Corviknight|68/100 brn|[from] brn\n|upkeep\n|turn|24\n|\n|t:|1775921336\n|move|p2a: Corviknight|Iron Head|p1a: Sinistcha\n|-crit|p1a: Sinistcha\n|-damage|p1a: Sinistcha|59/100\n|move|p1a: Sinistcha|Matcha Gotcha|p2a: Corviknight\n|-resisted|p2a: Corviknight|2\n|-crit|p2a: Corviknight\n|-damage|p2a: Corviknight|54/100 brn\n|-heal|p1a: Sinistcha|69/100|[from] drain|[of] p2a: Corviknight\n|\n|-heal|p2a: Corviknight|60/100 brn|[from] item: Leftovers\n|-heal|p1a: Sinistcha|75/100|[from] item: Leftovers\n|-damage|p2a: Corviknight|54/100 brn|[from] brn\n|upkeep\n|turn|25\n|\n|t:|1775921350\n|move|p2a: Corviknight|Roost|p2a: Corviknight\n|-heal|p2a: Corviknight|100/100 brn\n|-singleturn|p2a: Corviknight|move: Roost\n|move|p1a: Sinistcha|Matcha Gotcha|p2a: Corviknight|[miss]\n|-miss|p1a: Sinistcha|p2a: Corviknight\n|\n|-heal|p1a: Sinistcha|81/100|[from] item: Leftovers\n|-damage|p2a: Corviknight|95/100 brn|[from] brn\n|upkeep\n|turn|26\n|\n|t:|1775921363\n|move|p2a: Corviknight|Iron Head|p1a: Sinistcha\n|-damage|p1a: Sinistcha|71/100\n|move|p1a: Sinistcha|Matcha Gotcha|p2a: Corviknight\n|-resisted|p2a: Corviknight|2\n|-damage|p2a: Corviknight|85/100 brn\n|-heal|p1a: Sinistcha|78/100|[from] drain|[of] p2a: Corviknight\n|\n|-heal|p2a: Corviknight|91/100 brn|[from] item: Leftovers\n|-heal|p1a: Sinistcha|84/100|[from] item: Leftovers\n|-damage|p2a: Corviknight|85/100 brn|[from] brn\n|upkeep\n|turn|27\n|\n|t:|1775921381\n|move|p2a: Corviknight|Iron Head|p1a: Sinistcha\n|-damage|p1a: Sinistcha|74/100\n|move|p1a: Sinistcha|Matcha Gotcha|p2a: Corviknight\n|-resisted|p2a: Corviknight|2\n|-damage|p2a: Corviknight|74/100 brn\n|-heal|p1a: Sinistcha|82/100|[from] drain|[of] p2a: Corviknight\n|\n|-heal|p2a: Corviknight|80/100 brn|[from] item: Leftovers\n|-heal|p1a: Sinistcha|88/100|[from] item: Leftovers\n|-damage|p2a: Corviknight|74/100 brn|[from] brn\n|upkeep\n|turn|28\n|\n|t:|1775921396\n|move|p2a: Corviknight|Iron Head|p1a: Sinistcha\n|-damage|p1a: Sinistcha|78/100\n|move|p1a: Sinistcha|Matcha Gotcha|p2a: Corviknight\n|-resisted|p2a: Corviknight|2\n|-damage|p2a: Corviknight|64/100 brn\n|-heal|p1a: Sinistcha|84/100|[from] drain|[of] p2a: Corviknight\n|\n|-heal|p2a: Corviknight|70/100 brn|[from] item: Leftovers\n|-heal|p1a: Sinistcha|90/100|[from] item: Leftovers\n|-damage|p2a: Corviknight|64/100 brn|[from] brn\n|upkeep\n|turn|29\n|\n|t:|1775921408\n|move|p2a: Corviknight|Roost|p2a: Corviknight\n|-heal|p2a: Corviknight|100/100 brn\n|-singleturn|p2a: Corviknight|move: Roost\n|move|p1a: Sinistcha|Matcha Gotcha|p2a: Corviknight\n|-resisted|p2a: Corviknight|1\n|-damage|p2a: Corviknight|82/100 brn\n|-heal|p1a: Sinistcha|100/100|[from] drain|[of] p2a: Corviknight\n|\n|-heal|p2a: Corviknight|88/100 brn|[from] item: Leftovers\n|-damage|p2a: Corviknight|82/100 brn|[from] brn\n|upkeep\n|turn|30\n|\n|t:|1775921423\n|move|p2a: Corviknight|Iron Head|p1a: Sinistcha\n|-damage|p1a: Sinistcha|90/100\n|move|p1a: Sinistcha|Matcha Gotcha|p2a: Corviknight\n|-resisted|p2a: Corviknight|2\n|-damage|p2a: Corviknight|73/100 brn\n|-heal|p1a: Sinistcha|97/100|[from] drain|[of] p2a: Corviknight\n|\n|-heal|p2a: Corviknight|79/100 brn|[from] item: Leftovers\n|-heal|p1a: Sinistcha|100/100|[from] item: Leftovers\n|-damage|p2a: Corviknight|73/100 brn|[from] brn\n|upkeep\n|turn|31\n|\n|t:|1775921437\n|move|p2a: Corviknight|Body Press|p1a: Sinistcha\n|-immune|p1a: Sinistcha\n|move|p1a: Sinistcha|Matcha Gotcha|p2a: Corviknight\n|-resisted|p2a: Corviknight|2\n|-damage|p2a: Corviknight|63/100 brn\n|\n|-heal|p2a: Corviknight|69/100 brn|[from] item: Leftovers\n|-damage|p2a: Corviknight|63/100 brn|[from] brn\n|upkeep\n|turn|32\n|\n|t:|1775921447\n|move|p2a: Corviknight|Body Press|p1a: Sinistcha\n|-immune|p1a: Sinistcha\n|move|p1a: Sinistcha|Matcha Gotcha|p2a: Corviknight\n|-resisted|p2a: Corviknight|2\n|-damage|p2a: Corviknight|53/100 brn\n|\n|-heal|p2a: Corviknight|59/100 brn|[from] item: Leftovers\n|-damage|p2a: Corviknight|53/100 brn|[from] brn\n|upkeep\n|turn|33\n|\n|t:|1775921457\n|move|p2a: Corviknight|Roost|p2a: Corviknight\n|-heal|p2a: Corviknight|100/100 brn\n|-singleturn|p2a: Corviknight|move: Roost\n|move|p1a: Sinistcha|Trick Room|p1a: Sinistcha\n|-fieldstart|move: Trick Room|[of] p1a: Sinistcha\n|\n|-damage|p2a: Corviknight|95/100 brn|[from] brn\n|upkeep\n|turn|34\n|\n|t:|1775921466\n|move|p1a: Sinistcha|Matcha Gotcha|p2a: Corviknight\n|-resisted|p2a: Corviknight|2\n|-damage|p2a: Corviknight|85/100 brn\n|move|p2a: Corviknight|Body Press|p1a: Sinistcha\n|-immune|p1a: Sinistcha\n|\n|-heal|p2a: Corviknight|91/100 brn|[from] item: Leftovers\n|-damage|p2a: Corviknight|85/100 brn|[from] brn\n|upkeep\n|turn|35\n|\n|t:|1775921486\n|move|p1a: Sinistcha|Rage Powder|p1a: Sinistcha\n|-singleturn|p1a: Sinistcha|move: Rage Powder\n|move|p2a: Corviknight|Body Press|p1a: Sinistcha\n|-immune|p1a: Sinistcha\n|\n|-heal|p2a: Corviknight|91/100 brn|[from] item: Leftovers\n|-damage|p2a: Corviknight|85/100 brn|[from] brn\n|upkeep\n|turn|36\n|\n|t:|1775921495\n|move|p1a: Sinistcha|Rage Powder|p1a: Sinistcha\n|-singleturn|p1a: Sinistcha|move: Rage Powder\n|move|p2a: Corviknight|Body Press|p1a: Sinistcha\n|-immune|p1a: Sinistcha\n|\n|-heal|p2a: Corviknight|91/100 brn|[from] item: Leftovers\n|-damage|p2a: Corviknight|85/100 brn|[from] brn\n|upkeep\n|turn|37\n|\n|t:|1775921504\n|move|p1a: Sinistcha|Rage Powder|p1a: Sinistcha\n|-singleturn|p1a: Sinistcha|move: Rage Powder\n|move|p2a: Corviknight|Body Press|p1a: Sinistcha\n|-immune|p1a: Sinistcha\n|\n|-heal|p2a: Corviknight|91/100 brn|[from] item: Leftovers\n|-damage|p2a: Corviknight|85/100 brn|[from] brn\n|-fieldend|move: Trick Room\n|upkeep\n|turn|38\n|\n|t:|1775921514\n|move|p1a: Sinistcha|Rage Powder|p1a: Sinistcha\n|-singleturn|p1a: Sinistcha|move: Rage Powder\n|move|p2a: Corviknight|Iron Defense|p2a: Corviknight\n|-boost|p2a: Corviknight|def|0\n|\n|-heal|p2a: Corviknight|91/100 brn|[from] item: Leftovers\n|-damage|p2a: Corviknight|85/100 brn|[from] brn\n|upkeep\n|turn|39\n|\n|t:|1775921533\n|move|p1a: Sinistcha|Rage Powder|p1a: Sinistcha\n|-singleturn|p1a: Sinistcha|move: Rage Powder\n|move|p2a: Corviknight|Iron Defense|p2a: Corviknight\n|-boost|p2a: Corviknight|def|0\n|\n|-heal|p2a: Corviknight|91/100 brn|[from] item: Leftovers\n|-damage|p2a: Corviknight|85/100 brn|[from] brn\n|upkeep\n|turn|40\n|\n|t:|1775921540\n|move|p1a: Sinistcha|Rage Powder|p1a: Sinistcha\n|-singleturn|p1a: Sinistcha|move: Rage Powder\n|move|p2a: Corviknight|Iron Defense|p2a: Corviknight\n|-boost|p2a: Corviknight|def|0\n|\n|-heal|p2a: Corviknight|91/100 brn|[from] item: Leftovers\n|-damage|p2a: Corviknight|85/100 brn|[from] brn\n|upkeep\n|turn|41\n|\n|t:|1775921549\n|move|p1a: Sinistcha|Rage Powder|p1a: Sinistcha\n|-singleturn|p1a: Sinistcha|move: Rage Powder\n|move|p2a: Corviknight|Iron Defense|p2a: Corviknight\n|-boost|p2a: Corviknight|def|0\n|\n|-heal|p2a: Corviknight|91/100 brn|[from] item: Leftovers\n|-damage|p2a: Corviknight|85/100 brn|[from] brn\n|upkeep\n|turn|42\n|\n|t:|1775921561\n|move|p1a: Sinistcha|Rage Powder|p1a: Sinistcha\n|-singleturn|p1a: Sinistcha|move: Rage Powder\n|move|p2a: Corviknight|Iron Defense|p2a: Corviknight\n|-boost|p2a: Corviknight|def|0\n|\n|-heal|p2a: Corviknight|91/100 brn|[from] item: Leftovers\n|-damage|p2a: Corviknight|85/100 brn|[from] brn\n|upkeep\n|turn|43\n|\n|t:|1775921567\n|move|p2a: Corviknight|Iron Defense|p2a: Corviknight\n|-boost|p2a: Corviknight|def|0\n|move|p1a: Sinistcha|Trick Room|p1a: Sinistcha\n|-fieldstart|move: Trick Room|[of] p1a: Sinistcha\n|\n|-heal|p2a: Corviknight|91/100 brn|[from] item: Leftovers\n|-damage|p2a: Corviknight|85/100 brn|[from] brn\n|upkeep\n|turn|44\n|\n|t:|1775921579\n|move|p1a: Sinistcha|Rage Powder|p1a: Sinistcha\n|-singleturn|p1a: Sinistcha|move: Rage Powder\n|move|p2a: Corviknight|Iron Defense|p2a: Corviknight\n|-boost|p2a: Corviknight|def|0\n|\n|-heal|p2a: Corviknight|91/100 brn|[from] item: Leftovers\n|-damage|p2a: Corviknight|85/100 brn|[from] brn\n|upkeep\n|turn|45\n|\n|t:|1775921593\n|move|p1a: Sinistcha|Rage Powder|p1a: Sinistcha\n|-singleturn|p1a: Sinistcha|move: Rage Powder\n|move|p2a: Corviknight|Iron Defense|p2a: Corviknight\n|-boost|p2a: Corviknight|def|0\n|\n|-heal|p2a: Corviknight|91/100 brn|[from] item: Leftovers\n|-damage|p2a: Corviknight|85/100 brn|[from] brn\n|upkeep\n|turn|46\n|\n|t:|1775921602\n|move|p1a: Sinistcha|Rage Powder|p1a: Sinistcha\n|-singleturn|p1a: Sinistcha|move: Rage Powder\n|move|p2a: Corviknight|Iron Defense|p2a: Corviknight\n|-boost|p2a: Corviknight|def|0\n|\n|-heal|p2a: Corviknight|91/100 brn|[from] item: Leftovers\n|-damage|p2a: Corviknight|85/100 brn|[from] brn\n|upkeep\n|turn|47\n|\n|t:|1775921613\n|move|p1a: Sinistcha|Rage Powder|p1a: Sinistcha\n|-singleturn|p1a: Sinistcha|move: Rage Powder\n|move|p2a: Corviknight|Iron Defense|p2a: Corviknight\n|-boost|p2a: Corviknight|def|0\n|\n|-heal|p2a: Corviknight|91/100 brn|[from] item: Leftovers\n|-damage|p2a: Corviknight|85/100 brn|[from] brn\n|-fieldend|move: Trick Room\n|upkeep\n|turn|48\n|\n|t:|1775921620\n|move|p1a: Sinistcha|Rage Powder|p1a: Sinistcha\n|-singleturn|p1a: Sinistcha|move: Rage Powder\n|move|p2a: Corviknight|Roost|p2a: Corviknight\n|-heal|p2a: Corviknight|100/100 brn\n|-singleturn|p2a: Corviknight|move: Roost\n|\n|-damage|p2a: Corviknight|95/100 brn|[from] brn\n|upkeep\n|turn|49\n|\n|t:|1775921627\n|move|p1a: Sinistcha|Rage Powder|p1a: Sinistcha\n|-singleturn|p1a: Sinistcha|move: Rage Powder\n|move|p2a: Corviknight|Roost|p2a: Corviknight\n|-heal|p2a: Corviknight|100/100 brn\n|-singleturn|p2a: Corviknight|move: Roost\n|\n|-damage|p2a: Corviknight|95/100 brn|[from] brn\n|upkeep\n|turn|50\n|\n|t:|1775921635\n|move|p1a: Sinistcha|Rage Powder|p1a: Sinistcha\n|-singleturn|p1a: Sinistcha|move: Rage Powder\n|move|p2a: Corviknight|Roost|p2a: Corviknight\n|-heal|p2a: Corviknight|100/100 brn\n|-singleturn|p2a: Corviknight|move: Roost\n|\n|-damage|p2a: Corviknight|95/100 brn|[from] brn\n|upkeep\n|turn|51\n|\n|t:|1775921643\n|move|p1a: Sinistcha|Rage Powder|p1a: Sinistcha\n|-singleturn|p1a: Sinistcha|move: Rage Powder\n|move|p2a: Corviknight|Roost|p2a: Corviknight\n|-heal|p2a: Corviknight|100/100 brn\n|-singleturn|p2a: Corviknight|move: Roost\n|\n|-damage|p2a: Corviknight|95/100 brn|[from] brn\n|upkeep\n|turn|52\n|\n|t:|1775921651\n|move|p2a: Corviknight|Roost|p2a: Corviknight\n|-heal|p2a: Corviknight|100/100 brn\n|-singleturn|p2a: Corviknight|move: Roost\n|move|p1a: Sinistcha|Trick Room|p1a: Sinistcha\n|-fieldstart|move: Trick Room|[of] p1a: Sinistcha\n|\n|-damage|p2a: Corviknight|95/100 brn|[from] brn\n|upkeep\n|turn|53\n|\n|t:|1775921658\n|-activate|p2a: Corviknight|move: Struggle\n|move|p2a: Corviknight|Struggle|p1a: Sinistcha\n|-damage|p1a: Sinistcha|96/100\n|-damage|p2a: Corviknight|70/100 brn|[from] recoil\n|move|p1a: Sinistcha|Trick Room|p1a: Sinistcha\n|-fieldend|move: Trick Room\n|\n|-heal|p2a: Corviknight|76/100 brn|[from] item: Leftovers\n|-heal|p1a: Sinistcha|100/100|[from] item: Leftovers\n|-damage|p2a: Corviknight|70/100 brn|[from] brn\n|upkeep\n|turn|54\n|\n|t:|1775921667\n|-activate|p2a: Corviknight|move: Struggle\n|move|p2a: Corviknight|Struggle|p1a: Sinistcha\n|-damage|p1a: Sinistcha|96/100\n|-damage|p2a: Corviknight|45/100 brn|[from] recoil\n|move|p1a: Sinistcha|Trick Room|p1a: Sinistcha\n|-fieldstart|move: Trick Room|[of] p1a: Sinistcha\n|\n|-heal|p1a: Sinistcha|100/100|[from] item: Leftovers\n|-heal|p2a: Corviknight|51/100 brn|[from] item: Leftovers\n|-damage|p2a: Corviknight|45/100 brn|[from] brn\n|upkeep\n|turn|55\n|\n|t:|1775921680\n|-activate|p2a: Corviknight|move: Struggle\n|move|p2a: Corviknight|Struggle|p1a: Sinistcha\n|-damage|p1a: Sinistcha|96/100\n|-damage|p2a: Corviknight|20/100 brn|[from] recoil\n|move|p1a: Sinistcha|Trick Room|p1a: Sinistcha\n|-fieldend|move: Trick Room\n|\n|-heal|p2a: Corviknight|26/100 brn|[from] item: Leftovers\n|-heal|p1a: Sinistcha|100/100|[from] item: Leftovers\n|-damage|p2a: Corviknight|20/100 brn|[from] brn\n|upkeep\n|turn|56\n|\n|t:|1775921689\n|-activate|p2a: Corviknight|move: Struggle\n|move|p2a: Corviknight|Struggle|p1a: Sinistcha\n|-damage|p1a: Sinistcha|96/100\n|-damage|p2a: Corviknight|0 fnt|[from] recoil\n|faint|p2a: Corviknight\n|\n|win|pppoe2000\n",
  "uploadtime": 1775921693,
  "views": 22,
  "formatid": "gen9championsvgc2026regma",
  "rating": null,
  "private": 0,
  "password": null
}