{
  "id": "gen9championsvgc2026regma-2580335340",
  "format": "[Gen 9 Champions] VGC 2026 Reg M-A",
  "players": [
    "AlolaSlva",
    "SaioSeli"
  ],
  "log": "|j|\u2606AlolaSlva\n|j|\u2606SaioSeli\n|t:|1775881902\n|gametype|doubles\n|player|p1|AlolaSlva|cynthia-gen4|1000\n|player|p2|SaioSeli|169|1016\n|gen|9\n|tier|[Gen 9 Champions] VGC 2026 Reg M-A\n|rated|\n|rule|Species Clause: Limit one of each Pok\u00e9mon\n|rule|Item Clause: Limit 1 of each item\n|clearpoke\n|poke|p1|Dedenne, L50, F|\n|poke|p1|Gardevoir, L50, F|\n|poke|p1|Slowbro, L50, F|\n|poke|p1|Talonflame, L50, M|\n|poke|p1|Arbok, L50, F|\n|poke|p1|Goodra-Hisui, L50, M|\n|poke|p2|Slurpuff, L50, M|\n|poke|p2|Aegislash, L50, F|\n|poke|p2|Raichu, L50, F|\n|poke|p2|Sneasler, L50, M|\n|poke|p2|Charizard, L50, M|\n|poke|p2|Whimsicott, L50, M|\n|teampreview|4\n|\n|t:|1775881951\n|teamsize|p1|4\n|teamsize|p2|4\n|start\n|switch|p1a: Arbok|Arbok, L50, F|100/100\n|switch|p1b: Dedenne|Dedenne, L50, F|100/100\n|switch|p2a: Raichu|Raichu, L50, F|100/100\n|switch|p2b: Slurpuff|Slurpuff, L50, M|100/100\n|-ability|p1a: Arbok|Intimidate|boost\n|-unboost|p2a: Raichu|atk|1\n|-unboost|p2b: Slurpuff|atk|1\n|turn|1\n|\n|t:|1775881994\n|switch|p1b: Slowbro|Slowbro, L50, F|100/100\n|move|p2a: Raichu|Fake Out|p1a: Arbok\n|-damage|p1a: Arbok|92/100\n|cant|p1a: Arbok|flinch\n|move|p2b: Slurpuff|Sticky Web|p1a: Arbok\n|-sidestart|p1: AlolaSlva|move: Sticky Web\n|\n|upkeep\n|turn|2\n|\n|t:|1775882020\n|move|p2a: Raichu|Electroweb|p1b: Slowbro|[spread] p1a,p1b\n|-supereffective|p1b: Slowbro|1\n|-crit|p1b: Slowbro\n|-damage|p1a: Arbok|71/100\n|-damage|p1b: Slowbro|61/100\n|-unboost|p1a: Arbok|spe|1\n|-unboost|p1b: Slowbro|spe|1\n|move|p2b: Slurpuff|Yawn|p1a: Arbok\n|-start|p1a: Arbok|move: Yawn|[of] p2b: Slurpuff\n|move|p1a: Arbok|Gunk Shot|p2b: Slurpuff\n|-supereffective|p2b: Slurpuff|1\n|-damage|p2b: Slurpuff|1/100\n|-status|p2b: Slurpuff|psn\n|-enditem|p2b: Slurpuff|Sitrus Berry|[eat]\n|-heal|p2b: Slurpuff|26/100 psn|[from] item: Sitrus Berry\n|move|p1b: Slowbro|Yawn|p2a: Raichu\n|-start|p2a: Raichu|move: Yawn|[of] p1b: Slowbro\n|\n|-heal|p1b: Slowbro|67/100|[from] item: Leftovers\n|-damage|p2b: Slurpuff|14/100 psn|[from] psn\n|upkeep\n|turn|3\n|\n|t:|1775882044\n|switch|p1a: Dedenne|Dedenne, L50, F|100/100\n|-activate|p1a: Dedenne|move: Sticky Web\n|-unboost|p1a: Dedenne|spe|1\n|move|p2b: Slurpuff|Yawn|p1b: Slowbro\n|-start|p1b: Slowbro|move: Yawn|[of] p2b: Slurpuff\n|move|p2a: Raichu|Electroweb|p1a: Dedenne|[spread] p1a,p1b\n|-resisted|p1a: Dedenne|1\n|-supereffective|p1b: Slowbro|1\n|-damage|p1a: Dedenne|91/100\n|-damage|p1b: Slowbro|42/100\n|-unboost|p1a: Dedenne|spe|1\n|-unboost|p1b: Slowbro|spe|1\n|move|p1b: Slowbro|Psychic Terrain|p1b: Slowbro\n|-fieldstart|move: Psychic Terrain\n|\n|-heal|p1b: Slowbro|48/100|[from] item: Leftovers\n|-damage|p2b: Slurpuff|2/100 psn|[from] psn\n|-end|p2a: Raichu|move: Yawn|[silent]\n|-status|p2a: Raichu|slp\n|upkeep\n|turn|4\n|\n|t:|1775882071\n|switch|p1b: Gardevoir|Gardevoir, L50, F, shiny|100/100\n|-activate|p1b: Gardevoir|move: Sticky Web\n|-unboost|p1b: Gardevoir|spe|1\n|cant|p2a: Raichu|slp\n|move|p2b: Slurpuff|Yawn|p1a: Dedenne\n|-start|p1a: Dedenne|move: Yawn|[of] p2b: Slurpuff\n|move|p1a: Dedenne|Electroweb|p2b: Slurpuff|[spread] p2b\n|-ability|p2a: Raichu|Lightning Rod|boost\n|-boost|p2a: Raichu|spa|1\n|-damage|p2b: Slurpuff|0 fnt\n|faint|p2b: Slurpuff\n|\n|upkeep\n|\n|t:|1775882079\n|switch|p2b: Charizard|Charizard, L50, M|100/100\n|turn|5\n|\n|t:|1775882118\n|switch|p1a: Arbok|Arbok, L50, F|71/100\n|-activate|p1a: Arbok|move: Sticky Web\n|-unboost|p1a: Arbok|spe|1\n|-ability|p1a: Arbok|Intimidate|boost\n|-unboost|p2a: Raichu|atk|1\n|-unboost|p2b: Charizard|atk|1\n|detailschange|p2b: Charizard|Charizard-Mega-Y, L50, M\n|-mega|p2b: Charizard|Charizard|Charizardite Y\n|-weather|SunnyDay|[from] ability: Drought|[of] p2b: Charizard\n|detailschange|p1b: Gardevoir|Gardevoir-Mega, L50, F, shiny\n|-mega|p1b: Gardevoir|Gardevoir|Gardevoirite\n|cant|p2a: Raichu|slp\n|move|p2b: Charizard|Scorching Sands|p1a: Arbok\n|-supereffective|p1a: Arbok|1\n|-crit|p1a: Arbok\n|-damage|p1a: Arbok|0 fnt\n|faint|p1a: Arbok\n|move|p1b: Gardevoir|Expanding Force|p2a: Raichu|[spread] p2a,p2b\n|-damage|p2a: Raichu|0 fnt\n|-damage|p2b: Charizard|16/100\n|faint|p2a: Raichu\n|\n|-weather|SunnyDay|[upkeep]\n|upkeep\n|\n|t:|1775882139\n|switch|p2a: Sneasler|Sneasler, L50, M|100/100\n|switch|p1a: Dedenne|Dedenne, L50, F|91/100\n|-activate|p1a: Dedenne|move: Sticky Web\n|-unboost|p1a: Dedenne|spe|1\n|turn|6\n|\n|t:|1775882153\n|switch|p1b: Slowbro|Slowbro, L50, F|81/100\n|-activate|p1b: Slowbro|move: Sticky Web\n|-unboost|p1b: Slowbro|spe|1\n|move|p2a: Sneasler|Protect|p2a: Sneasler\n|-singleturn|p2a: Sneasler|Protect\n|move|p2b: Charizard|Protect|p2b: Charizard\n|-singleturn|p2b: Charizard|Protect\n|move|p1a: Dedenne|Electroweb|p2a: Sneasler|[spread] \n|-activate|p2a: Sneasler|move: Protect\n|-activate|p2b: Charizard|move: Protect\n|\n|-weather|SunnyDay|[upkeep]\n|-heal|p1b: Slowbro|87/100|[from] item: Leftovers\n|upkeep\n|turn|7\n|\n|t:|1775882169\n|move|p2a: Sneasler|Dire Claw|p1a: Dedenne\n|-supereffective|p1a: Dedenne|1\n|-crit|p1a: Dedenne\n|-damage|p1a: Dedenne|0 fnt\n|faint|p1a: Dedenne\n|move|p2b: Charizard|Solar Beam||[still]\n|-prepare|p2b: Charizard|Solar Beam\n|-anim|p2b: Charizard|Solar Beam|p1b: Slowbro\n|-supereffective|p1b: Slowbro|1\n|-damage|p1b: Slowbro|0 fnt\n|faint|p1b: Slowbro\n|\n|-weather|SunnyDay|[upkeep]\n|-fieldend|move: Psychic Terrain\n|upkeep\n|\n|t:|1775882178\n|switch|p1b: Gardevoir|Gardevoir-Mega, L50, F, shiny|100/100\n|-activate|p1b: Gardevoir|move: Sticky Web\n|-unboost|p1b: Gardevoir|spe|1\n|turn|8\n|\n|t:|1775882185\n|move|p2a: Sneasler|Dire Claw|p1b: Gardevoir\n|-supereffective|p1b: Gardevoir|1\n|-damage|p1b: Gardevoir|0 fnt\n|faint|p1b: Gardevoir\n|\n|win|SaioSeli\n|raw|AlolaSlva's rating: 1000 &rarr; <strong>1000</strong><br />(+0 for losing)\n|raw|SaioSeli's rating: 1016 &rarr; <strong>1052</strong><br />(+36 for winning)\n|c|\u2606SaioSeli|gg\n|l|\u2606AlolaSlva\n|player|p1|\n",
  "uploadtime": 1775882195,
  "views": 12,
  "formatid": "gen9championsvgc2026regma",
  "rating": 1000,
  "private": 0,
  "password": null
}