{
  "id": "gen9championsvgc2026regma-2588523539",
  "format": "[Gen 9 Champions] VGC 2026 Reg M-A",
  "players": [
    "Curfy",
    "oblettes_Balls"
  ],
  "log": "|j|\u2606Curfy\n|j|\u2606oblettes_Balls\n|t:|1776641436\n|gametype|doubles\n|player|p1|Curfy|shadowtriad|1110\n|player|p2|oblettes_Balls|169|1056\n|gen|9\n|tier|[Gen 9 Champions] VGC 2026 Reg M-A\n|rated|\n|rule|Species Clause: Limit one of each Pok\u00e9mon\n|rule|Item Clause: Limit 1 of each item\n|clearpoke\n|poke|p1|Sinistcha, L50|\n|poke|p1|Hawlucha, L50, M|\n|poke|p1|Espathra, L50, M|\n|poke|p1|Oranguru, L50, M|\n|poke|p1|Krookodile, L50, M|\n|poke|p1|Tyrantrum, L50, F|\n|poke|p2|Crabominable, L50, M|\n|poke|p2|Slowking-Galar, L50, F|\n|poke|p2|Kingambit, L50, M|\n|poke|p2|Primarina, L50, M|\n|poke|p2|Incineroar, L50, M, shiny|\n|poke|p2|Sinistcha, L50|\n|teampreview|4\n|inactive|Battle timer is ON: inactive players will automatically lose when time's up. (requested by Curfy)\n|inactive|Curfy has 60 seconds left.\n|inactive|oblettes_Balls has 60 seconds left.\n|\n|t:|1776641472\n|teamsize|p1|4\n|teamsize|p2|4\n|start\n|switch|p1a: Krookodile|Krookodile, L50, M|100/100\n|switch|p1b: Hawlucha|Hawlucha, L50, M|100/100\n|switch|p2a: Incineroar|Incineroar, L50, M, shiny|100/100\n|switch|p2b: Slowking|Slowking-Galar, L50, F|100/100\n|-ability|p1a: Krookodile|Intimidate|boost\n|-unboost|p2a: Incineroar|atk|1\n|-unboost|p2b: Slowking|atk|1\n|-ability|p2a: Incineroar|Intimidate|boost\n|-unboost|p1a: Krookodile|atk|1\n|-unboost|p1b: Hawlucha|atk|1\n|turn|1\n|inactive|Curfy has 30 seconds left.\n|\n|t:|1776641498\n|move|p1b: Hawlucha|Quick Guard|p1b: Hawlucha\n|-singleturn|p1b: Hawlucha|Quick Guard\n|move|p2a: Incineroar|Fake Out|p1a: Krookodile\n|-activate|p1a: Krookodile|move: Quick Guard\n|move|p1a: Krookodile|Fissure|p2b: Slowking|[miss]\n|-miss|p1a: Krookodile|p2b: Slowking\n|move|p2b: Slowking|Trick Room|p2b: Slowking\n|-fieldstart|move: Trick Room|[of] p2b: Slowking\n|\n|upkeep\n|turn|2\n|\n|t:|1776641515\n|switch|p1a: Tyrantrum|Tyrantrum, L50, F|100/100\n|detailschange|p1b: Hawlucha|Hawlucha-Mega, L50, M\n|-mega|p1b: Hawlucha|Hawlucha|Hawluchanite\n|move|p2b: Slowking|Psychic Noise|p1b: Hawlucha\n|-supereffective|p1b: Hawlucha|1\n|-damage|p1b: Hawlucha|45/100\n|-start|p1b: Hawlucha|move: Heal Block\n|move|p2a: Incineroar|Parting Shot|p1a: Tyrantrum\n|-unboost|p1a: Tyrantrum|atk|1\n|-unboost|p1a: Tyrantrum|spa|1\n|\n|t:|1776641527\n|switch|p2a: Crabominable|Crabominable, L50, M|100/100|[from] Parting Shot\n|-enditem|p1a: Tyrantrum|White Herb\n|-clearnegativeboost|p1a: Tyrantrum|[silent]\n|move|p1b: Hawlucha|Entrainment|p1a: Tyrantrum\n|-ability|p1a: Tyrantrum|No Guard|Strong Jaw|[from] move: Entrainment|[of] p1b: Hawlucha\n|\n|upkeep\n|turn|3\n|\n|t:|1776641545\n|switch|p1b: Sinistcha|Sinistcha, L50|100/100\n|detailschange|p2a: Crabominable|Crabominable-Mega, L50, M\n|-mega|p2a: Crabominable|Crabominable|Crabominite\n|move|p1a: Tyrantrum|Protect|p1a: Tyrantrum\n|-singleturn|p1a: Tyrantrum|Protect\n|move|p2b: Slowking|Psychic Noise|p1b: Sinistcha\n|-damage|p1b: Sinistcha|67/100\n|-start|p1b: Sinistcha|move: Heal Block\n|move|p2a: Crabominable|Close Combat|p1a: Tyrantrum\n|-activate|p1a: Tyrantrum|move: Protect\n|\n|upkeep\n|turn|4\n|\n|t:|1776641569\n|move|p1b: Sinistcha|Rage Powder|p1b: Sinistcha\n|-singleturn|p1b: Sinistcha|move: Rage Powder\n|-prepare|p2b: Slowking|Chilly Reception|[premajor]\n|move|p2b: Slowking|Chilly Reception|p2b: Slowking\n|-weather|Snowscape\n|\n|t:|1776641575\n|switch|p2b: Incineroar|Incineroar, L50, M, shiny|100/100|[from] Chilly Reception\n|-ability|p2b: Incineroar|Intimidate|boost\n|-unboost|p1a: Tyrantrum|atk|1\n|-unboost|p1b: Sinistcha|atk|1\n|move|p2a: Crabominable|Ice Hammer|p1b: Sinistcha\n|-supereffective|p1b: Sinistcha|1\n|-damage|p1b: Sinistcha|0 fnt\n|-unboost|p2a: Crabominable|spe|1\n|faint|p1b: Sinistcha\n|move|p1a: Tyrantrum|Horn Drill|p2a: Crabominable\n|-damage|p2a: Crabominable|0 fnt\n|faint|p2a: Crabominable\n|-ohko\n|\n|-weather|Snowscape|[upkeep]\n|upkeep\n|\n|t:|1776641589\n|switch|p2a: Primarina|Primarina, L50, M|100/100\n|switch|p1b: Hawlucha|Hawlucha-Mega, L50, M|45/100\n|turn|5\n|inactive|Curfy has 30 seconds left.\n|\n|t:|1776641616\n|move|p1a: Tyrantrum|Protect|p1a: Tyrantrum\n|-singleturn|p1a: Tyrantrum|Protect\n|move|p2b: Incineroar|Fake Out|p1a: Tyrantrum\n|-activate|p1a: Tyrantrum|move: Protect\n|move|p2a: Primarina|Calm Mind|p2a: Primarina\n|-boost|p2a: Primarina|spa|1\n|-boost|p2a: Primarina|spd|1\n|move|p1b: Hawlucha|Cross Chop|p2b: Incineroar\n|-supereffective|p2b: Incineroar|1\n|-damage|p2b: Incineroar|20/100\n|-enditem|p2b: Incineroar|Sitrus Berry|[eat]\n|-heal|p2b: Incineroar|45/100|[from] item: Sitrus Berry\n|\n|-weather|Snowscape|[upkeep]\n|-fieldend|move: Trick Room\n|upkeep\n|turn|6\n|\n|t:|1776641637\n|move|p1b: Hawlucha|Cross Chop|p2b: Incineroar\n|-supereffective|p2b: Incineroar|1\n|-crit|p2b: Incineroar\n|-damage|p2b: Incineroar|0 fnt\n|faint|p2b: Incineroar\n|move|p1a: Tyrantrum|Horn Drill|p2a: Primarina\n|-damage|p2a: Primarina|0 fnt\n|faint|p2a: Primarina\n|-ohko\n|\n|-weather|Snowscape|[upkeep]\n|upkeep\n|\n|t:|1776641652\n|switch|p2b: Slowking|Slowking-Galar, L50, F|100/100\n|turn|7\n|\n|t:|1776641658\n|move|p1b: Hawlucha|Cross Chop|p2b: Slowking\n|-resisted|p2b: Slowking|2\n|-damage|p2b: Slowking|90/100\n|move|p1a: Tyrantrum|Horn Drill|p2b: Slowking\n|-damage|p2b: Slowking|0 fnt\n|faint|p2b: Slowking\n|-ohko\n|\n|win|Curfy\n|raw|Curfy's rating: 1110 &rarr; <strong>1131</strong><br />(+21 for winning)\n|raw|oblettes_Balls's rating: 1056 &rarr; <strong>1040</strong><br />(-16 for losing)\n|l|\u2606oblettes_Balls\n|player|p2|\n",
  "uploadtime": 1776641671,
  "views": 15,
  "formatid": "gen9championsvgc2026regma",
  "rating": 1040,
  "private": 0,
  "password": null
}