{
  "id": "gen9championsvgc2026regma-2589443446",
  "format": "[Gen 9 Champions] VGC 2026 Reg M-A",
  "players": [
    "lonelyta",
    "Moxiemencefan21"
  ],
  "log": "|j|\u2606lonelyta\n|j|\u2606Moxiemencefan21\n|t:|1776723411\n|gametype|doubles\n|player|p1|lonelyta|flannery|1223\n|player|p2|Moxiemencefan21|169|1264\n|gen|9\n|tier|[Gen 9 Champions] VGC 2026 Reg M-A\n|rated|\n|rule|Species Clause: Limit one of each Pok\u00e9mon\n|rule|Item Clause: Limit 1 of each item\n|clearpoke\n|poke|p1|Sinistcha-Masterpiece, L50, shiny|\n|poke|p1|Torkoal, L50, F|\n|poke|p1|Golurk, L50, shiny|\n|poke|p1|Sylveon, L50, M, shiny|\n|poke|p1|Incineroar, L50, F, shiny|\n|poke|p1|Kingambit, L50, M|\n|poke|p2|Charizard, L50, F|\n|poke|p2|Milotic, L50, M|\n|poke|p2|Sinistcha, L50|\n|poke|p2|Scizor, L50, M|\n|poke|p2|Ninetales-Alola, L50, M|\n|poke|p2|Tauros-Paldea-Aqua, L50, M|\n|teampreview|4\n|\n|t:|1776723433\n|teamsize|p1|4\n|teamsize|p2|4\n|start\n|switch|p1a: Sinistcha|Sinistcha-Masterpiece, L50, shiny|100/100\n|switch|p1b: Incineroar|Incineroar, L50, F, shiny|100/100\n|switch|p2a: Charizard|Charizard, L50, F|100/100\n|switch|p2b: Milotic|Milotic, L50, M|100/100\n|-ability|p1b: Incineroar|Intimidate|boost\n|-unboost|p2a: Charizard|atk|1\n|-unboost|p2b: Milotic|atk|1\n|-ability|p2b: Milotic|Competitive|boost\n|-boost|p2b: Milotic|spa|2\n|turn|1\n|\n|t:|1776723461\n|switch|p2a: Tauros|Tauros-Paldea-Aqua, L50, M|100/100\n|-ability|p2a: Tauros|Intimidate|boost\n|-unboost|p1a: Sinistcha|atk|1\n|-unboost|p1b: Incineroar|atk|1\n|move|p2b: Milotic|Protect|p2b: Milotic\n|-singleturn|p2b: Milotic|Protect\n|move|p1b: Incineroar|Fake Out|p2b: Milotic\n|-activate|p2b: Milotic|move: Protect\n|move|p1a: Sinistcha|Trick Room|p1a: Sinistcha\n|-fieldstart|move: Trick Room|[of] p1a: Sinistcha\n|\n|upkeep\n|turn|2\n|\n|t:|1776723487\n|move|p2a: Tauros|Protect|p2a: Tauros\n|-singleturn|p2a: Tauros|Protect\n|move|p1b: Incineroar|Parting Shot|p2a: Tauros\n|-activate|p2a: Tauros|move: Protect\n|move|p1a: Sinistcha|Matcha Gotcha|p2a: Tauros|[spread] p2b\n|-activate|p2a: Tauros|move: Protect\n|-supereffective|p2b: Milotic|1\n|-damage|p2b: Milotic|73/100\n|move|p2b: Milotic|Scald|p1b: Incineroar\n|-supereffective|p1b: Incineroar|1\n|-damage|p1b: Incineroar|0 fnt\n|faint|p1b: Incineroar\n|\n|-heal|p2b: Milotic|79/100|[from] item: Leftovers\n|upkeep\n|\n|t:|1776723503\n|switch|p1b: Sylveon|Sylveon, L50, M, shiny|100/100\n|turn|3\n|\n|t:|1776723546\n|switch|p2a: Sinistcha|Sinistcha, L50|100/100\n|-heal|p2b: Milotic|100/100|[from] ability: Hospitality|[of] p2a: Sinistcha\n|move|p1a: Sinistcha|Rage Powder|p1a: Sinistcha\n|-singleturn|p1a: Sinistcha|move: Rage Powder\n|move|p1b: Sylveon|Hyper Voice|p2a: Sinistcha|[spread] p2a,p2b\n|-damage|p2a: Sinistcha|46/100\n|-damage|p2b: Milotic|71/100\n|-enditem|p2a: Sinistcha|Sitrus Berry|[eat]\n|-heal|p2a: Sinistcha|71/100|[from] item: Sitrus Berry\n|move|p2b: Milotic|Scald|p1a: Sinistcha\n|-resisted|p1a: Sinistcha|1\n|-damage|p1a: Sinistcha|77/100\n|\n|-heal|p2b: Milotic|77/100|[from] item: Leftovers\n|upkeep\n|turn|4\n|inactive|Battle timer is ON: inactive players will automatically lose when time's up. (requested by lonelyta)\n|\n|t:|1776723572\n|move|p2b: Milotic|Protect|p2b: Milotic\n|-singleturn|p2b: Milotic|Protect\n|move|p1a: Sinistcha|Rage Powder|p1a: Sinistcha\n|-singleturn|p1a: Sinistcha|move: Rage Powder\n|move|p1b: Sylveon|Mystical Fire|p2a: Sinistcha\n|-supereffective|p2a: Sinistcha|1\n|-damage|p2a: Sinistcha|18/100\n|-unboost|p2a: Sinistcha|spa|1\n|move|p2a: Sinistcha|Shadow Ball|p1a: Sinistcha\n|-supereffective|p1a: Sinistcha|1\n|-damage|p1a: Sinistcha|36/100\n|\n|-heal|p2b: Milotic|83/100|[from] item: Leftovers\n|upkeep\n|turn|5\n|inactive|Moxiemencefan21 has 30 seconds left.\n|\n|t:|1776723598\n|switch|p2a: Charizard|Charizard, L50, F|100/100\n|move|p1b: Sylveon|Hyper Voice|p2b: Milotic|[spread] p2a,p2b\n|-resisted|p2a: Charizard|1\n|-damage|p2a: Charizard|74/100\n|-damage|p2b: Milotic|51/100\n|move|p1a: Sinistcha|Matcha Gotcha|p2a: Charizard|[spread] p2a,p2b\n|-resisted|p2a: Charizard|2\n|-supereffective|p2b: Milotic|1\n|-damage|p2a: Charizard|69/100\n|-heal|p1a: Sinistcha|39/100|[from] drain|[of] p2a: Charizard\n|-damage|p2b: Milotic|21/100\n|-heal|p1a: Sinistcha|56/100|[from] drain|[of] p2b: Milotic\n|move|p2b: Milotic|Icy Wind|p1b: Sylveon|[spread] p1a,p1b\n|-supereffective|p1a: Sinistcha|1\n|-crit|p1a: Sinistcha\n|-damage|p1a: Sinistcha|4/100\n|-damage|p1b: Sylveon|87/100\n|-unboost|p1a: Sinistcha|spe|1\n|-unboost|p1b: Sylveon|spe|1\n|\n|-heal|p2b: Milotic|27/100|[from] item: Leftovers\n|-fieldend|move: Trick Room\n|upkeep\n|turn|6\n|inactive|lonelyta has 30 seconds left.\n|inactive|Moxiemencefan21 has 30 seconds left.\n|inactive|Moxiemencefan21 has 20 seconds left.\n|inactive|Moxiemencefan21 has 15 seconds left.\n|\n|t:|1776723639\n|detailschange|p2a: Charizard|Charizard-Mega-X, L50, F\n|-mega|p2a: Charizard|Charizard|Charizardite X\n|move|p1a: Sinistcha|Rage Powder|p1a: Sinistcha\n|-singleturn|p1a: Sinistcha|move: Rage Powder\n|move|p1b: Sylveon|Quick Attack|p2b: Milotic\n|-damage|p2b: Milotic|15/100\n|move|p2a: Charizard|Rock Slide|p1b: Sylveon|[spread] p1a,p1b\n|-damage|p1a: Sinistcha|0 fnt\n|-damage|p1b: Sylveon|64/100\n|faint|p1a: Sinistcha\n|move|p2b: Milotic|Scald|p1b: Sylveon\n|-damage|p1b: Sylveon|24/100\n|-status|p1b: Sylveon|brn\n|\n|-heal|p2b: Milotic|21/100|[from] item: Leftovers\n|-damage|p1b: Sylveon|18/100 brn|[from] brn\n|upkeep\n|\n|t:|1776723646\n|switch|p1a: Kingambit|Kingambit, L50, M|100/100\n|turn|7\n|inactive|Moxiemencefan21 has 30 seconds left.\n|\n|t:|1776723679\n|move|p2b: Milotic|Protect|p2b: Milotic\n|-singleturn|p2b: Milotic|Protect\n|move|p1a: Kingambit|Sucker Punch|p2a: Charizard\n|-damage|p2a: Charizard|24/100\n|move|p2a: Charizard|Flame Charge|p1a: Kingambit\n|-supereffective|p1a: Kingambit|1\n|-damage|p1a: Kingambit|47/100\n|-boost|p2a: Charizard|spe|1\n|move|p1b: Sylveon|Hyper Voice|p2a: Charizard|[spread] p2a\n|-activate|p2b: Milotic|move: Protect\n|-damage|p2a: Charizard|0 fnt\n|faint|p2a: Charizard\n|\n|-heal|p2b: Milotic|27/100|[from] item: Leftovers\n|-damage|p1b: Sylveon|12/100 brn|[from] brn\n|upkeep\n|\n|t:|1776723697\n|switch|p2a: Sinistcha|Sinistcha, L50|18/100\n|-heal|p2b: Milotic|51/100|[from] ability: Hospitality|[of] p2a: Sinistcha\n|turn|8\n|\n|t:|1776723713\n|move|p2a: Sinistcha|Rage Powder|p2a: Sinistcha\n|-singleturn|p2a: Sinistcha|move: Rage Powder\n|move|p1a: Kingambit|Sucker Punch||[still]\n|-fail|p1a: Kingambit\n|move|p1b: Sylveon|Quick Attack|p2a: Sinistcha\n|-damage|p2a: Sinistcha|11/100\n|move|p2b: Milotic|Scald|p1a: Kingambit\n|-damage|p1a: Kingambit|0 fnt\n|faint|p1a: Kingambit\n|\n|-heal|p2b: Milotic|57/100|[from] item: Leftovers\n|-damage|p1b: Sylveon|6/100 brn|[from] brn\n|upkeep\n|turn|9\n|-message|lonelyta forfeited.\n|\n|win|Moxiemencefan21\n|raw|lonelyta's rating: 1223 &rarr; <strong>1201</strong><br />(-22 for losing)\n|raw|Moxiemencefan21's rating: 1264 &rarr; <strong>1286</strong><br />(+22 for winning)\n|l|\u2606lonelyta\n|player|p1|\n",
  "uploadtime": 1776723733,
  "views": 10,
  "formatid": "gen9championsvgc2026regma",
  "rating": 1201,
  "private": 0,
  "password": null
}