{
  "id": "gen9championsvgc2026regma-2584648240",
  "format": "[Gen 9 Champions] VGC 2026 Reg M-A",
  "players": [
    "Lyph88",
    "strami"
  ],
  "log": "|j|\u2606Lyph88\n|j|\u2606strami\n|t:|1776274331\n|gametype|doubles\n|player|p1|Lyph88|lucas-gen4pt|1349\n|player|p2|strami|hoopster|1380\n|gen|9\n|tier|[Gen 9 Champions] VGC 2026 Reg M-A\n|rated|\n|rule|Species Clause: Limit one of each Pok\u00e9mon\n|rule|Item Clause: Limit 1 of each item\n|clearpoke\n|poke|p1|Tyranitar, L50, F|\n|poke|p1|Rotom-Wash, L50|\n|poke|p1|Garchomp, L50, F|\n|poke|p1|Sinistcha, L50|\n|poke|p1|Sneasler, L50, M|\n|poke|p1|Talonflame, L50, M|\n|poke|p2|Scovillain, L50, F|\n|poke|p2|Primarina, L50, F|\n|poke|p2|Aerodactyl, L50, M|\n|poke|p2|Sneasler, L50, F|\n|poke|p2|Garchomp, L50, M|\n|poke|p2|Sinistcha, L50|\n|teampreview|4\n|inactive|Battle timer is ON: inactive players will automatically lose when time's up. (requested by strami)\n|inactive|Lyph88 has 60 seconds left.\n|inactive|strami has 60 seconds left.\n|inactive|Lyph88 has 30 seconds left.\n|inactive|Lyph88 has 20 seconds left.\n|inactive|Lyph88 has 15 seconds left.\n|inactive|Lyph88 has 10 seconds left.\n|inactive|Lyph88 has 5 seconds left.\n|\n|t:|1776274419\n|teamsize|p1|4\n|teamsize|p2|4\n|start\n|switch|p1a: Talonflame|Talonflame, L50, M|100/100\n|switch|p1b: Sinistcha|Sinistcha, L50|100/100\n|switch|p2a: Aerodactyl|Aerodactyl, L50, M|100/100\n|switch|p2b: Garchomp|Garchomp, L50, M|100/100\n|turn|1\n|\n|t:|1776274444\n|switch|p1a: Garchomp|Garchomp, L50, F|100/100\n|move|p2a: Aerodactyl|Tailwind|p2a: Aerodactyl\n|-sidestart|p2: strami|move: Tailwind\n|move|p2b: Garchomp|Rock Slide|p1b: Sinistcha|[spread] p1a,p1b\n|-resisted|p1a: Garchomp|1\n|-damage|p1a: Garchomp|91/100\n|-damage|p1b: Sinistcha|83/100\n|move|p1b: Sinistcha|Matcha Gotcha|p2a: Aerodactyl|[spread] p2a\n|-miss|p1b: Sinistcha|p2b: Garchomp\n|-damage|p2a: Aerodactyl|67/100\n|-heal|p1b: Sinistcha|97/100|[from] drain|[of] p2a: Aerodactyl\n|\n|-heal|p1b: Sinistcha|100/100|[from] item: Leftovers\n|upkeep\n|turn|2\n|\n|t:|1776274468\n|switch|p2a: Scovillain|Scovillain, L50, F, shiny|100/100\n|move|p1a: Garchomp|Protect|p1a: Garchomp\n|-singleturn|p1a: Garchomp|Protect\n|move|p2b: Garchomp|Dragon Claw|p1a: Garchomp\n|-activate|p1a: Garchomp|move: Protect\n|move|p1b: Sinistcha|Strength Sap|p2b: Garchomp\n|-unboost|p2b: Garchomp|atk|1\n|\n|-ability|p2a: Scovillain|Moody|boost\n|-boost|p2a: Scovillain|def|2\n|-unboost|p2a: Scovillain|atk|1\n|upkeep\n|turn|3\n|\n|t:|1776274496\n|detailschange|p2a: Scovillain|Scovillain-Mega, L50, F, shiny\n|-mega|p2a: Scovillain|Scovillain|Scovillainite\n|move|p2b: Garchomp|Protect|p2b: Garchomp\n|-singleturn|p2b: Garchomp|Protect\n|move|p1b: Sinistcha|Rage Powder|p1b: Sinistcha\n|-singleturn|p1b: Sinistcha|move: Rage Powder\n|move|p2a: Scovillain|Flamethrower|p1b: Sinistcha\n|-supereffective|p1b: Sinistcha|1\n|-damage|p1b: Sinistcha|23/100\n|move|p1a: Garchomp|Dragon Claw|p2b: Garchomp\n|-activate|p2b: Garchomp|move: Protect\n|\n|-heal|p1b: Sinistcha|29/100|[from] item: Leftovers\n|upkeep\n|turn|4\n|inactive|Lyph88 has 30 seconds left.\n|\n|t:|1776274522\n|switch|p2b: Primarina|Primarina, L50, F, shiny|100/100\n|switch|p1b: Rotom|Rotom-Wash, L50|100/100\n|move|p2a: Scovillain|Rage Powder|p2a: Scovillain\n|-singleturn|p2a: Scovillain|move: Rage Powder\n|move|p1a: Garchomp|Dragon Claw|p2a: Scovillain\n|-damage|p2a: Scovillain|81/100\n|-status|p1a: Garchomp|brn|[from] ability: Spicy Spray|[of] p2a: Scovillain\n|\n|-damage|p1a: Garchomp|85/100 brn|[from] brn\n|-sideend|p2: strami|move: Tailwind\n|upkeep\n|turn|5\n|\n|t:|1776274544\n|switch|p2b: Garchomp|Garchomp, L50, M|100/100\n|move|p1a: Garchomp|Protect|p1a: Garchomp\n|-singleturn|p1a: Garchomp|Protect\n|move|p1b: Rotom|Discharge|p2b: Garchomp|[spread] p2a\n|-activate|p1a: Garchomp|move: Protect\n|-immune|p2b: Garchomp\n|-resisted|p2a: Scovillain|1\n|-damage|p2a: Scovillain|69/100\n|-status|p1b: Rotom|brn|[from] ability: Spicy Spray|[of] p2a: Scovillain\n|move|p2a: Scovillain|Giga Drain|p1b: Rotom\n|-supereffective|p1b: Rotom|1\n|-damage|p1b: Rotom|9/100 brn\n|-heal|p2a: Scovillain|100/100|[from] drain|[of] p1b: Rotom\n|\n|-damage|p1b: Rotom|3/100 brn|[from] brn\n|-damage|p1a: Garchomp|79/100 brn|[from] brn\n|upkeep\n|turn|6\n|inactive|Lyph88 has 30 seconds left.\n|-message|Lyph88 forfeited.\n|\n|win|strami\n|raw|Lyph88's rating: 1349 &rarr; <strong>1331</strong><br />(-18 for losing)\n|raw|strami's rating: 1380 &rarr; <strong>1398</strong><br />(+18 for winning)\n|l|\u2606Lyph88\n|player|p1|\n",
  "uploadtime": 1776274579,
  "views": 57,
  "formatid": "gen9championsvgc2026regma",
  "rating": 1331,
  "private": 0,
  "password": null
}