{
  "id": "gen9championsvgc2026regma-2584562837",
  "format": "[Gen 9 Champions] VGC 2026 Reg M-A",
  "players": [
    "TheUtahGrimReaper",
    "Thee_Brid"
  ],
  "log": "|j|\u2606TheUtahGrimReaper\n|j|\u2606Thee_Brid\n|t:|1776268957\n|gametype|doubles\n|player|p1|TheUtahGrimReaper|brendan|1209\n|player|p2|Thee_Brid|1|1210\n|gen|9\n|tier|[Gen 9 Champions] VGC 2026 Reg M-A\n|rated|\n|rule|Species Clause: Limit one of each Pok\u00e9mon\n|rule|Item Clause: Limit 1 of each item\n|clearpoke\n|poke|p1|Aggron, L50, F|\n|poke|p1|Delphox, L50, M|\n|poke|p1|Sinistcha, L50|\n|poke|p1|Basculegion, L50, M|\n|poke|p1|Sableye, L50, M|\n|poke|p1|Tyranitar, L50, F|\n|poke|p2|Milotic, L50, F|\n|poke|p2|Incineroar, L50, M|\n|poke|p2|Aegislash, L50, M|\n|poke|p2|Sinistcha, L50|\n|poke|p2|Tyranitar, L50, F|\n|poke|p2|Aerodactyl, L50, M|\n|teampreview|4\n|\n|t:|1776268992\n|teamsize|p1|4\n|teamsize|p2|4\n|start\n|switch|p1a: Aggron|Aggron, L50, F|100/100\n|switch|p1b: Sableye|Sableye, L50, M|100/100\n|switch|p2a: Aerodactyl|Aerodactyl, L50, M|100/100\n|switch|p2b: Aegislash|Aegislash, L50, M|100/100\n|-ability|p2a: Aerodactyl|Unnerve\n|turn|1\n|\n|t:|1776269016\n|detailschange|p1a: Aggron|Aggron-Mega, L50, F\n|-mega|p1a: Aggron|Aggron|Aggronite\n|move|p2a: Aerodactyl|Protect|p2a: Aerodactyl\n|-singleturn|p2a: Aerodactyl|Protect\n|move|p1b: Sableye|Light Screen|p1b: Sableye\n|-sidestart|p1: TheUtahGrimReaper|move: Light Screen\n|move|p2b: Aegislash|Substitute|p2b: Aegislash\n|-start|p2b: Aegislash|Substitute\n|-damage|p2b: Aegislash|75/100\n|move|p1a: Aggron|Body Press|p2a: Aerodactyl\n|-activate|p2a: Aerodactyl|move: Protect\n|\n|-heal|p2b: Aegislash|82/100|[from] item: Leftovers\n|upkeep\n|turn|2\n|\n|t:|1776269050\n|switch|p2a: Incineroar|Incineroar, L50, M, shiny|100/100\n|-ability|p2a: Incineroar|Intimidate|boost\n|-unboost|p1a: Aggron|atk|1\n|-unboost|p1b: Sableye|atk|1\n|move|p1b: Sableye|Encore|p2a: Incineroar\n|-hint|Since gen 7, Dark is immune to Prankster moves.\n|-immune|p2a: Incineroar\n|-formechange|p2b: Aegislash|Aegislash-Blade|\n|move|p2b: Aegislash|Shadow Ball|p1a: Aggron\n|-damage|p1a: Aggron|74/100\n|move|p1a: Aggron|Heavy Slam|p2b: Aegislash\n|-resisted|p2b: Aegislash|1\n|-end|p2b: Aegislash|Substitute\n|\n|-heal|p2b: Aegislash|88/100|[from] item: Leftovers\n|upkeep\n|turn|3\n|\n|t:|1776269076\n|move|p2a: Incineroar|Fake Out|p1a: Aggron\n|-resisted|p1a: Aggron|1\n|-damage|p1a: Aggron|71/100\n|move|p2b: Aegislash|Shadow Ball|p1a: Aggron\n|-damage|p1a: Aggron|43/100\n|move|p1b: Sableye|Foul Play|p2b: Aegislash\n|-supereffective|p2b: Aegislash|1\n|-damage|p2b: Aegislash|0 fnt\n|faint|p2b: Aegislash\n|cant|p1a: Aggron|flinch\n|\n|upkeep\n|\n|t:|1776269088\n|switch|p2b: Milotic|Milotic, L50, F|100/100\n|turn|4\n|\n|t:|1776269110\n|move|p2a: Incineroar|Helping Hand|p2b: Milotic\n|-singleturn|p2b: Milotic|Helping Hand|[of] p2a: Incineroar\n|move|p1b: Sableye|Reflect|p1b: Sableye\n|-sidestart|p1: TheUtahGrimReaper|Reflect\n|move|p2b: Milotic|Scald|p1a: Aggron\n|-damage|p1a: Aggron|10/100\n|move|p1a: Aggron|Body Press|p2a: Incineroar\n|-supereffective|p2a: Incineroar|1\n|-damage|p2a: Incineroar|34/100\n|-enditem|p2a: Incineroar|Sitrus Berry|[eat]\n|-heal|p2a: Incineroar|59/100|[from] item: Sitrus Berry\n|\n|upkeep\n|turn|5\n|\n|t:|1776269135\n|switch|p2a: Aerodactyl|Aerodactyl, L50, M|100/100\n|-ability|p2a: Aerodactyl|Unnerve\n|move|p2b: Milotic|Scald|p1a: Aggron\n|-damage|p1a: Aggron|0 fnt\n|faint|p1a: Aggron\n|move|p1b: Sableye|Foul Play|p2b: Milotic\n|-damage|p2b: Milotic|81/100\n|\n|-sideend|p1: TheUtahGrimReaper|move: Light Screen\n|upkeep\n|\n|t:|1776269148\n|switch|p1a: Basculegion|Basculegion, L50, M|100/100\n|turn|6\n|\n|t:|1776269174\n|move|p2a: Aerodactyl|Protect|p2a: Aerodactyl\n|-singleturn|p2a: Aerodactyl|Protect\n|move|p1a: Basculegion|Last Respects|p2b: Milotic\n|-damage|p2b: Milotic|16/100\n|move|p2b: Milotic|Icy Wind|p1a: Basculegion|[spread] p1a\n|-miss|p2b: Milotic|p1b: Sableye\n|-resisted|p1a: Basculegion|1\n|-damage|p1a: Basculegion|92/100\n|-unboost|p1a: Basculegion|spe|1\n|-heal|p2b: Milotic|17/100|[from] item: Shell Bell|[of] p1b: Sableye\n|move|p1b: Sableye|Foul Play|p2a: Aerodactyl\n|-activate|p2a: Aerodactyl|move: Protect\n|\n|upkeep\n|turn|7\n|\n|t:|1776269193\n|switch|p2a: Incineroar|Incineroar, L50, M, shiny|59/100\n|-ability|p2a: Incineroar|Intimidate|boost\n|-unboost|p1a: Basculegion|atk|1\n|-unboost|p1b: Sableye|atk|1\n|move|p1b: Sableye|Encore|p2a: Incineroar\n|-hint|Since gen 7, Dark is immune to Prankster moves.\n|-immune|p2a: Incineroar\n|move|p1a: Basculegion|Last Respects|p2b: Milotic\n|-damage|p2b: Milotic|0 fnt\n|faint|p2b: Milotic\n|\n|upkeep\n|\n|t:|1776269205\n|switch|p2b: Aerodactyl|Aerodactyl, L50, M|100/100\n|-ability|p2b: Aerodactyl|Unnerve\n|turn|8\n|\n|t:|1776269219\n|switch|p1a: Sinistcha|Sinistcha, L50|100/100\n|detailschange|p2b: Aerodactyl|Aerodactyl-Mega, L50, M\n|-mega|p2b: Aerodactyl|Aerodactyl|Aerodactylite\n|move|p2b: Aerodactyl|Rock Slide|p1b: Sableye|[spread] p1a,p1b\n|-damage|p1a: Sinistcha|81/100\n|-damage|p1b: Sableye|73/100\n|move|p2a: Incineroar|Darkest Lariat|p1a: Sinistcha\n|-supereffective|p1a: Sinistcha|1\n|-damage|p1a: Sinistcha|36/100\n|-enditem|p1a: Sinistcha|Sitrus Berry|[eat]\n|-heal|p1a: Sinistcha|61/100|[from] item: Sitrus Berry\n|move|p1b: Sableye|Foul Play|p2b: Aerodactyl\n|-damage|p2b: Aerodactyl|24/100\n|\n|-sideend|p1: TheUtahGrimReaper|Reflect\n|upkeep\n|turn|9\n|\n|t:|1776269250\n|move|p1b: Sableye|Reflect|p1b: Sableye\n|-sidestart|p1: TheUtahGrimReaper|Reflect\n|move|p2b: Aerodactyl|Dual Wingbeat|p1a: Sinistcha\n|-supereffective|p1a: Sinistcha|1\n|-damage|p1a: Sinistcha|22/100\n|-supereffective|p1a: Sinistcha|1\n|-damage|p1a: Sinistcha|0 fnt\n|faint|p1a: Sinistcha\n|-hitcount|p1: Sinistcha|2\n|move|p2a: Incineroar|Darkest Lariat|p1b: Sableye\n|-damage|p1b: Sableye|45/100\n|\n|upkeep\n|\n|t:|1776269261\n|switch|p1a: Basculegion|Basculegion, L50, M|92/100\n|turn|10\n|\n|t:|1776269281\n|move|p2b: Aerodactyl|Protect|p2b: Aerodactyl\n|-singleturn|p2b: Aerodactyl|Protect\n|move|p1a: Basculegion|Wave Crash|p2a: Incineroar\n|-supereffective|p2a: Incineroar|1\n|-damage|p2a: Incineroar|0 fnt\n|faint|p2a: Incineroar\n|-damage|p1a: Basculegion|72/100|[from] Recoil\n|move|p1b: Sableye|Foul Play|p2b: Aerodactyl\n|-activate|p2b: Aerodactyl|move: Protect\n|\n|upkeep\n|turn|11\n|\n|t:|1776269294\n|move|p1b: Sableye|Encore|p2b: Aerodactyl\n|-start|p2b: Aerodactyl|Encore\n|move|p2b: Aerodactyl|Protect||[still]\n|-fail|p2b: Aerodactyl\n|move|p1a: Basculegion|Wave Crash|p2b: Aerodactyl\n|-supereffective|p2b: Aerodactyl|1\n|-damage|p2b: Aerodactyl|0 fnt\n|faint|p2b: Aerodactyl\n|-damage|p1a: Basculegion|66/100|[from] Recoil\n|\n|win|TheUtahGrimReaper\n|raw|TheUtahGrimReaper's rating: 1209 &rarr; <strong>1234</strong><br />(+25 for winning)\n|raw|Thee_Brid's rating: 1210 &rarr; <strong>1185</strong><br />(-25 for losing)\n|l|\u2606Thee_Brid\n|player|p2|\n",
  "uploadtime": 1776269309,
  "views": 23,
  "formatid": "gen9championsvgc2026regma",
  "rating": 1185,
  "private": 0,
  "password": null
}