{
  "id": "gen9championsvgc2026regma-2584202703",
  "format": "[Gen 9 Champions] VGC 2026 Reg M-A",
  "players": [
    "yowaiii",
    "RandomGuyInSchool"
  ],
  "log": "|j|\u2606yowaiii\n|j|\u2606RandomGuyInSchool\n|t:|1776237705\n|gametype|doubles\n|player|p1|yowaiii|1|1109\n|player|p2|RandomGuyInSchool|schoolkid-gen4|1086\n|gen|9\n|tier|[Gen 9 Champions] VGC 2026 Reg M-A\n|rated|\n|rule|Species Clause: Limit one of each Pok\u00e9mon\n|rule|Item Clause: Limit 1 of each item\n|clearpoke\n|poke|p1|Charizard, L50, M|\n|poke|p1|Whimsicott, L50, M|\n|poke|p1|Garchomp, L50, M|\n|poke|p1|Incineroar, L50, F|\n|poke|p1|Sneasler, L50, F|\n|poke|p1|Farigiraf, L50, M|\n|poke|p2|Incineroar, L50, M|\n|poke|p2|Farigiraf, L50, F|\n|poke|p2|Whimsicott, L50, F|\n|poke|p2|Gengar, L50, M|\n|poke|p2|Kingambit, L50, F|\n|poke|p2|Rotom-Wash, L50|\n|teampreview|4\n|inactive|Battle timer is ON: inactive players will automatically lose when time's up. (requested by RandomGuyInSchool)\nRandomGuyInSchool rejected open team sheets.\n|inactive|yowaiii has 60 seconds left.\n|\n|t:|1776237737\n|teamsize|p1|4\n|teamsize|p2|4\n|start\n|switch|p1a: Farigiraf|Farigiraf, L50, M|100/100\n|switch|p1b: Sneasler|Sneasler, L50, F|100/100\n|switch|p2a: Kingambit|Kingambit, L50, F|100/100\n|switch|p2b: Rotom|Rotom-Wash, L50|100/100\n|turn|1\n|inactive|yowaiii has 30 seconds left.\n|\n|t:|1776237763\n|switch|p2a: Farigiraf|Farigiraf, L50, F|100/100\n|move|p1b: Sneasler|Fake Out||[still]\n|cant|p2a: Farigiraf|ability: Armor Tail|Fake Out|[of] p1b: Sneasler\n|move|p2b: Rotom|Will-O-Wisp|p1b: Sneasler\n|-status|p1b: Sneasler|brn\n|move|p1a: Farigiraf|Imprison|p1a: Farigiraf\n|-start|p1a: Farigiraf|move: Imprison\n|\n|-damage|p1b: Sneasler|95/100 brn|[from] brn\n|upkeep\n|turn|2\n|inactive|RandomGuyInSchool has 30 seconds left.\n|inactive|yowaiii has 30 seconds left.\n|inactive|RandomGuyInSchool has 20 seconds left.\n|inactive|RandomGuyInSchool has 15 seconds left.\n|inactive|RandomGuyInSchool has 10 seconds left.\n|\n|t:|1776237811\n|switch|p2b: Incineroar|Incineroar, L50, M|100/100\n|-ability|p2b: Incineroar|Intimidate|boost\n|-unboost|p1a: Farigiraf|atk|1\n|-unboost|p1b: Sneasler|atk|1\n|-enditem|p1b: Sneasler|White Herb\n|-clearnegativeboost|p1b: Sneasler|[silent]\n|move|p1a: Farigiraf|Helping Hand|p1b: Sneasler\n|-singleturn|p1b: Sneasler|Helping Hand|[of] p1a: Farigiraf\n|move|p1b: Sneasler|Close Combat|p2a: Farigiraf\n|-damage|p2a: Farigiraf|69/100\n|-unboost|p1b: Sneasler|def|1\n|-unboost|p1b: Sneasler|spd|1\n|move|p2a: Farigiraf|Foul Play|p1a: Farigiraf\n|-supereffective|p1a: Farigiraf|1\n|-damage|p1a: Farigiraf|81/100\n|\n|-heal|p1a: Farigiraf|87/100|[from] item: Leftovers\n|-damage|p1b: Sneasler|89/100 brn|[from] brn\n|upkeep\n|turn|3\n|inactive|yowaiii has 30 seconds left.\n|inactive|yowaiii has 20 seconds left.\n|\n|t:|1776237847\n|switch|p1a: Garchomp|Garchomp, L50, M|100/100\n|switch|p2a: Rotom|Rotom-Wash, L50|100/100\n|move|p1b: Sneasler|Close Combat|p2b: Incineroar\n|-supereffective|p2b: Incineroar|1\n|-damage|p2b: Incineroar|43/100\n|-unboost|p1b: Sneasler|def|1\n|-unboost|p1b: Sneasler|spd|1\n|-enditem|p2b: Incineroar|Sitrus Berry|[eat]\n|-heal|p2b: Incineroar|67/100|[from] item: Sitrus Berry\n|move|p2b: Incineroar|Parting Shot|p1b: Sneasler\n|-unboost|p1b: Sneasler|atk|1\n|-unboost|p1b: Sneasler|spa|1\n|\n|t:|1776237869\n|switch|p2b: Kingambit|Kingambit, L50, F|100/100|[from] Parting Shot\n|\n|-damage|p1b: Sneasler|83/100 brn|[from] brn\n|upkeep\n|turn|4\n|\n|t:|1776237885\n|switch|p1b: Incineroar|Incineroar, L50, F|100/100\n|-ability|p1b: Incineroar|Intimidate|boost\n|-unboost|p2a: Rotom|atk|1\n|-unboost|p2b: Kingambit|atk|1\n|-ability|p2b: Kingambit|Defiant|boost\n|-boost|p2b: Kingambit|atk|2\n|switch|p2b: Incineroar|Incineroar, L50, M|67/100\n|-ability|p2b: Incineroar|Intimidate|boost\n|-unboost|p1a: Garchomp|atk|1\n|-unboost|p1b: Incineroar|atk|1\n|move|p1a: Garchomp|Stomping Tantrum|p2b: Incineroar\n|-supereffective|p2b: Incineroar|1\n|-damage|p2b: Incineroar|19/100\n|move|p2a: Rotom|Will-O-Wisp|p1a: Garchomp\n|-status|p1a: Garchomp|brn\n|\n|-damage|p1a: Garchomp|95/100 brn|[from] brn\n|upkeep\n|turn|5\n|inactive|yowaiii has 30 seconds left.\n|inactive|RandomGuyInSchool has 30 seconds left.\n|\n|t:|1776237916\n|switch|p1a: Farigiraf|Farigiraf, L50, M|87/100\n|switch|p2a: Kingambit|Kingambit, L50, F|100/100\n|switch|p2b: Farigiraf|Farigiraf, L50, F|69/100\n|move|p1b: Incineroar|Parting Shot|p2a: Kingambit\n|-unboost|p2a: Kingambit|atk|1\n|-ability|p2a: Kingambit|Defiant|boost\n|-boost|p2a: Kingambit|atk|2\n|-unboost|p2a: Kingambit|spa|1\n|-ability|p2a: Kingambit|Defiant|boost\n|-boost|p2a: Kingambit|atk|2\n|\n|t:|1776237938\n|switch|p1b: Sneasler|Sneasler, L50, F|83/100 brn|[from] Parting Shot\n|\n|-heal|p1a: Farigiraf|93/100|[from] item: Leftovers\n|-damage|p1b: Sneasler|78/100 brn|[from] brn\n|upkeep\n|turn|6\n|\n|t:|1776237953\n|move|p1a: Farigiraf|Helping Hand|p1b: Sneasler\n|-singleturn|p1b: Sneasler|Helping Hand|[of] p1a: Farigiraf\n|move|p2a: Kingambit|Protect|p2a: Kingambit\n|-singleturn|p2a: Kingambit|Protect\n|move|p1b: Sneasler|Close Combat|p2a: Kingambit\n|-activate|p2a: Kingambit|move: Protect\n|move|p2b: Farigiraf|Trick Room|p2b: Farigiraf\n|-fieldstart|move: Trick Room|[of] p2b: Farigiraf\n|\n|-heal|p1a: Farigiraf|99/100|[from] item: Leftovers\n|-damage|p1b: Sneasler|72/100 brn|[from] brn\n|upkeep\n|turn|7\n|\n|t:|1776237977\n|move|p1b: Sneasler|Protect|p1b: Sneasler\n|-singleturn|p1b: Sneasler|Protect\n|move|p2a: Kingambit|Iron Head|p1b: Sneasler\n|-activate|p1b: Sneasler|move: Protect\n|move|p2b: Farigiraf|Foul Play|p1a: Farigiraf\n|-supereffective|p1a: Farigiraf|1\n|-damage|p1a: Farigiraf|72/100\n|move|p1a: Farigiraf|Trick Room|p1a: Farigiraf\n|-fieldend|move: Trick Room\n|\n|-heal|p1a: Farigiraf|78/100|[from] item: Leftovers\n|-damage|p1b: Sneasler|66/100 brn|[from] brn\n|upkeep\n|turn|8\n|\n|t:|1776238000\n|move|p1a: Farigiraf|Helping Hand|p1b: Sneasler\n|-singleturn|p1b: Sneasler|Helping Hand|[of] p1a: Farigiraf\n|move|p2b: Farigiraf|Ally Switch|p2b: Farigiraf\n|swap|p2b: Farigiraf|0|[from] move: Ally Switch\n|move|p1b: Sneasler|Close Combat|p2a: Farigiraf\n|-damage|p2a: Farigiraf|38/100\n|-unboost|p1b: Sneasler|def|1\n|-unboost|p1b: Sneasler|spd|1\n|move|p2b: Kingambit|Iron Head|p1b: Sneasler\n|-crit|p1b: Sneasler\n|-damage|p1b: Sneasler|0 fnt\n|faint|p1b: Sneasler\n|\n|-heal|p1a: Farigiraf|85/100|[from] item: Leftovers\n|upkeep\n|\n|t:|1776238015\n|switch|p1b: Incineroar|Incineroar, L50, F|100/100\n|-ability|p1b: Incineroar|Intimidate|boost\n|-unboost|p2a: Farigiraf|atk|1\n|-unboost|p2b: Kingambit|atk|1\n|-ability|p2b: Kingambit|Defiant|boost\n|-boost|p2b: Kingambit|atk|2\n|turn|9\n|\n|t:|1776238040\n|switch|p2a: Rotom|Rotom-Wash, L50|100/100\n|move|p1a: Farigiraf|Helping Hand|p1b: Incineroar\n|-singleturn|p1b: Incineroar|Helping Hand|[of] p1a: Farigiraf\n|move|p1b: Incineroar|Flare Blitz|p2b: Kingambit\n|-supereffective|p2b: Kingambit|1\n|-damage|p2b: Kingambit|0 fnt\n|faint|p2b: Kingambit\n|-damage|p1b: Incineroar|67/100|[from] Recoil\n|\n|-heal|p1a: Farigiraf|91/100|[from] item: Leftovers\n|upkeep\n|\n|t:|1776238052\n|switch|p2b: Incineroar|Incineroar, L50, M|19/100\n|-ability|p2b: Incineroar|Intimidate|boost\n|-unboost|p1a: Farigiraf|atk|1\n|-unboost|p1b: Incineroar|atk|1\n|turn|10\n|\n|t:|1776238067\n|move|p2a: Rotom|Hydro Pump|p1b: Incineroar\n|-supereffective|p1b: Incineroar|1\n|-damage|p1b: Incineroar|0 fnt\n|faint|p1b: Incineroar\n|move|p1a: Farigiraf|Psychic Noise|p2a: Rotom\n|-damage|p2a: Rotom|67/100\n|-start|p2a: Rotom|move: Heal Block\n|move|p2b: Incineroar|Darkest Lariat|p1a: Farigiraf\n|-supereffective|p1a: Farigiraf|1\n|-damage|p1a: Farigiraf|42/100\n|\n|-heal|p1a: Farigiraf|49/100|[from] item: Leftovers\n|upkeep\n|\n|t:|1776238079\n|switch|p1b: Garchomp|Garchomp, L50, M|95/100 brn\n|turn|11\n|\n|t:|1776238086\n|switch|p2b: Farigiraf|Farigiraf, L50, F|38/100\n|move|p1a: Farigiraf|Helping Hand|p1b: Garchomp\n|-singleturn|p1b: Garchomp|Helping Hand|[of] p1a: Farigiraf\n|move|p1b: Garchomp|Rock Slide|p2a: Rotom|[spread] p2a,p2b\n|-damage|p2a: Rotom|51/100\n|-damage|p2b: Farigiraf|27/100\n|move|p2a: Rotom|Hydro Pump|p1b: Garchomp|[miss]\n|-miss|p2a: Rotom|p1b: Garchomp\n|\n|-heal|p1a: Farigiraf|55/100|[from] item: Leftovers\n|-damage|p1b: Garchomp|89/100 brn|[from] brn\n|-end|p2a: Rotom|move: Heal Block\n|upkeep\n|turn|12\n|\n|t:|1776238109\n|move|p1a: Farigiraf|Helping Hand|p1b: Garchomp\n|-singleturn|p1b: Garchomp|Helping Hand|[of] p1a: Farigiraf\n|move|p2b: Farigiraf|Helping Hand|p2a: Rotom\n|-singleturn|p2a: Rotom|Helping Hand|[of] p2b: Farigiraf\n|move|p1b: Garchomp|Rock Slide|p2b: Farigiraf|[spread] p2a,p2b\n|-damage|p2a: Rotom|37/100\n|-damage|p2b: Farigiraf|17/100\n|move|p2a: Rotom|Hydro Pump|p1a: Farigiraf\n|-damage|p1a: Farigiraf|0 fnt\n|faint|p1a: Farigiraf\n|\n|-damage|p1b: Garchomp|83/100 brn|[from] brn\n|upkeep\n|turn|13\n|\n|t:|1776238124\n|switch|p2b: Incineroar|Incineroar, L50, M|19/100\n|-ability|p2b: Incineroar|Intimidate|boost\n|-unboost|p1b: Garchomp|atk|1\n|move|p1b: Garchomp|Rock Slide|p2a: Rotom|[spread] p2a,p2b\n|-supereffective|p2b: Incineroar|1\n|-damage|p2a: Rotom|30/100\n|-damage|p2b: Incineroar|6/100\n|move|p2a: Rotom|Hydro Pump|p1b: Garchomp\n|-crit|p1b: Garchomp\n|-damage|p1b: Garchomp|16/100 brn\n|\n|-damage|p1b: Garchomp|10/100 brn|[from] brn\n|upkeep\n|turn|14\n|-message|yowaiii forfeited.\n|\n|win|RandomGuyInSchool\n|raw|yowaiii's rating: 1109 &rarr; <strong>1082</strong><br />(-27 for losing)\n|raw|RandomGuyInSchool's rating: 1086 &rarr; <strong>1115</strong><br />(+29 for winning)\n|c|\u2606RandomGuyInSchool|gg\n|l|\u2606yowaiii\n|player|p1|\n",
  "uploadtime": 1776238138,
  "views": 18,
  "formatid": "gen9championsvgc2026regma",
  "rating": 1082,
  "private": 0,
  "password": null
}