{
  "id": "gen9championsvgc2026regma-2588948426",
  "format": "[Gen 9 Champions] VGC 2026 Reg M-A",
  "players": [
    "testhan92",
    "Lovelees"
  ],
  "log": "|j|\u2606testhan92\n|j|\u2606Lovelees\n|t:|1776688621\n|gametype|doubles\n|player|p1|testhan92|2|1416\n|player|p2|Lovelees|1|1499\n|gen|9\n|tier|[Gen 9 Champions] VGC 2026 Reg M-A\n|rated|\n|rule|Species Clause: Limit one of each Pok\u00e9mon\n|rule|Item Clause: Limit 1 of each item\n|clearpoke\n|poke|p1|Charizard, L50, M|\n|poke|p1|Sneasler, L50, F|\n|poke|p1|Aegislash, L50, M|\n|poke|p1|Floette-Eternal, L50, F|\n|poke|p1|Sinistcha, L50|\n|poke|p1|Incineroar, L50, M|\n|poke|p2|Aerodactyl, L50, M|\n|poke|p2|Garchomp, L50, M|\n|poke|p2|Floette-Eternal, L50, F|\n|poke|p2|Sneasler, L50, F|\n|poke|p2|Basculegion, L50, M|\n|poke|p2|Kingambit, L50, M|\n|teampreview|4\n|\n|t:|1776688645\n|teamsize|p1|4\n|teamsize|p2|4\n|start\n|switch|p1a: Floette|Floette-Eternal, L50, F|100/100\n|switch|p1b: Sneasler|Sneasler, L50, F|100/100\n|switch|p2a: Aerodactyl|Aerodactyl, L50, M|100/100\n|switch|p2b: Sneasler|Sneasler, L50, F|100/100\n|turn|1\n|j| Crvstal_K!tty\n|\n|t:|1776688675\n|switch|p1b: Incineroar|Incineroar, L50, M|100/100\n|-ability|p1b: Incineroar|Intimidate|boost\n|-unboost|p2a: Aerodactyl|atk|1\n|-unboost|p2b: Sneasler|atk|1\n|detailschange|p2a: Aerodactyl|Aerodactyl-Mega, L50, M\n|-mega|p2a: Aerodactyl|Aerodactyl|Aerodactylite\n|move|p2b: Sneasler|Protect|p2b: Sneasler\n|-singleturn|p2b: Sneasler|Protect\n|move|p1a: Floette|Protect|p1a: Floette\n|-singleturn|p1a: Floette|Protect\n|move|p2a: Aerodactyl|Rock Slide|p1a: Floette|[spread] p1b\n|-activate|p1a: Floette|move: Protect\n|-supereffective|p1b: Incineroar|1\n|-damage|p1b: Incineroar|68/100\n|\n|upkeep\n|turn|2\n|inactive|Battle timer is ON: inactive players will automatically lose when time's up. (requested by testhan92)\n|inactive|Lovelees has 60 seconds left.\n|\n|t:|1776688719\n|detailschange|p1a: Floette|Floette-Mega, L50, F\n|-mega|p1a: Floette|Floette|Floettite\n|-ability|p1a: Floette|Fairy Aura\n|move|p1b: Incineroar|Fake Out|p2b: Sneasler\n|-crit|p2b: Sneasler\n|-damage|p2b: Sneasler|71/100\n|move|p2a: Aerodactyl|Rock Slide|p1b: Incineroar|[spread] p1a\n|-miss|p2a: Aerodactyl|p1b: Incineroar\n|-damage|p1a: Floette|86/100\n|cant|p2b: Sneasler|flinch\n|cant|p1a: Floette|flinch\n|\n|upkeep\n|turn|3\n|inactive|testhan92 has 30 seconds left.\n|\n|t:|1776688748\n|switch|p1a: Sinistcha|Sinistcha, L50|100/100\n|-heal|p1b: Incineroar|93/100|[from] ability: Hospitality|[of] p1a: Sinistcha\n|move|p2a: Aerodactyl|Rock Slide|p1b: Incineroar|[spread] p1a,p1b\n|-supereffective|p1b: Incineroar|1\n|-damage|p1a: Sinistcha|83/100\n|-damage|p1b: Incineroar|65/100\n|move|p2b: Sneasler|Close Combat|p1b: Incineroar\n|-supereffective|p1b: Incineroar|1\n|-damage|p1b: Incineroar|0 fnt\n|-unboost|p2b: Sneasler|def|1\n|-unboost|p2b: Sneasler|spd|1\n|faint|p1b: Incineroar\n|\n|upkeep\n|\n|t:|1776688764\n|switch|p1b: Floette|Floette-Mega, L50, F|86/100\n|-ability|p1b: Floette|Fairy Aura\n|turn|4\n|\n|t:|1776688784\n|switch|p2a: Kingambit|Kingambit, L50, M|100/100\n|switch|p2b: Basculegion|Basculegion, L50, M|100/100\n|move|p1b: Floette|Calm Mind|p1b: Floette\n|-boost|p1b: Floette|spa|1\n|-boost|p1b: Floette|spd|1\n|move|p1a: Sinistcha|Trick Room|p1a: Sinistcha\n|-fieldstart|move: Trick Room|[of] p1a: Sinistcha\n|\n|upkeep\n|turn|5\n|inactive|testhan92 has 30 seconds left.\n|inactive|testhan92 has 20 seconds left.\n|\n|t:|1776688821\n|move|p2a: Kingambit|Kowtow Cleave|p1a: Sinistcha\n|-supereffective|p1a: Sinistcha|1\n|-damage|p1a: Sinistcha|2/100\n|move|p1a: Sinistcha|Matcha Gotcha|p2b: Basculegion|[spread] p2a,p2b\n|-resisted|p2a: Kingambit|1\n|-supereffective|p2b: Basculegion|1\n|-damage|p2a: Kingambit|88/100\n|-heal|p1a: Sinistcha|9/100|[from] drain|[of] p2a: Kingambit\n|-damage|p2b: Basculegion|48/100\n|-heal|p1a: Sinistcha|40/100|[from] drain|[of] p2b: Basculegion\n|move|p2b: Basculegion|Wave Crash|p1b: Floette\n|-damage|p1b: Floette|31/100\n|-damage|p2b: Basculegion|33/100|[from] Recoil\n|move|p1b: Floette|Dazzling Gleam|p2a: Kingambit|[spread] p2a,p2b\n|-damage|p2a: Kingambit|31/100\n|-damage|p2b: Basculegion|0 fnt\n|faint|p2b: Basculegion\n|\n|upkeep\n|inactive|Lovelees has 30 seconds left.\n|\n|t:|1776688846\n|switch|p2b: Aerodactyl|Aerodactyl-Mega, L50, M|100/100\n|turn|6\n|inactive|Lovelees has 30 seconds left.\n|\n|t:|1776688873\n|move|p2a: Kingambit|Protect|p2a: Kingambit\n|-singleturn|p2a: Kingambit|Protect\n|move|p1a: Sinistcha|Rage Powder|p1a: Sinistcha\n|-singleturn|p1a: Sinistcha|move: Rage Powder\n|move|p1b: Floette|Dazzling Gleam|p2a: Kingambit|[spread] p2b\n|-activate|p2a: Kingambit|move: Protect\n|-damage|p2b: Aerodactyl|29/100\n|move|p2b: Aerodactyl|Dual Wingbeat|p1a: Sinistcha\n|-supereffective|p1a: Sinistcha|1\n|-damage|p1a: Sinistcha|0 fnt\n|faint|p1a: Sinistcha\n|-hitcount|p1: Sinistcha|1\n|\n|upkeep\n|\n|t:|1776688884\n|switch|p1a: Sneasler|Sneasler, L50, F|100/100\n|turn|7\n|inactive|Lovelees has 30 seconds left.\n|inactive|Lovelees has 20 seconds left.\n|inactive|Lovelees has 15 seconds left.\n|\n|t:|1776688927\n|move|p2a: Kingambit|Protect||[still]\n|-fail|p2a: Kingambit\n|move|p1a: Sneasler|Fake Out|p2a: Kingambit\n|-resisted|p2a: Kingambit|1\n|-damage|p2a: Kingambit|26/100\n|move|p1b: Floette|Dazzling Gleam|p2b: Aerodactyl|[spread] p2a,p2b\n|-damage|p2a: Kingambit|0 fnt\n|-damage|p2b: Aerodactyl|0 fnt\n|faint|p2a: Kingambit\n|faint|p2b: Aerodactyl\n|\n|upkeep\n|\n|t:|1776688939\n|switch|p2b: Sneasler|Sneasler, L50, F|71/100\n|turn|8\n|-message|Lovelees forfeited.\n|\n|win|testhan92\n|raw|testhan92's rating: 1416 &rarr; <strong>1441</strong><br />(+25 for winning)\n|raw|Lovelees's rating: 1499 &rarr; <strong>1474</strong><br />(-25 for losing)\n|l|\u2606Lovelees\n|player|p2|\n|l| Crvstal_K!tty\n",
  "uploadtime": 1776688953,
  "views": 10,
  "formatid": "gen9championsvgc2026regma",
  "rating": 1441,
  "private": 0,
  "password": null
}