{
  "id": "gen9championsvgc2026regma-2587954237",
  "format": "[Gen 9 Champions] VGC 2026 Reg M-A",
  "players": [
    "Tb0lt",
    "cippino3"
  ],
  "log": "|j|\u2606Tb0lt\n|j|\u2606cippino3\n|html|<table width=\"100%\"><tr><td align=\"left\">Tb0lt</td><td align=\"right\">cippino3</tr><tr><td align=\"left\"><i class=\"fa fa-circle-o\"></i> <i class=\"fa fa-circle-o\"></i> </td><td align=\"right\"><i class=\"fa fa-circle-o\"></i> <i class=\"fa fa-circle-o\"></i> </tr></table>\n|uhtml|bestof|<h2><strong>Game 1</strong> of <a href=\"/game-bestof3-gen9championsvgc2026regma-2587954236\">a best-of-3</a></h2>\n|t:|1776584206\n|gametype|doubles\n|player|p1|Tb0lt|#tb0lt|\n|player|p2|cippino3|poppy|\n|gen|9\n|tier|[Gen 9 Champions] VGC 2026 Reg M-A\n|rated|Tournament battle\n|rule|Species Clause: Limit one of each Pok\u00e9mon\n|rule|Item Clause: Limit 1 of each item\n|raw|<div class=\"infobox\"><details class=\"readmore\" open><summary><strong>2 custom rules:</strong></summary> Force Open Team Sheets, Best of = 3</details></div>\n|clearpoke\n|poke|p1|Aegislash, L50, F|\n|poke|p1|Floette-Eternal, L50, F|\n|poke|p1|Sneasler, L50, M|\n|poke|p1|Incineroar, L50, M|\n|poke|p1|Rotom-Wash, L50|\n|poke|p1|Sinistcha, L50|\n|poke|p2|Chandelure, L50, F|\n|poke|p2|Azumarill, L50, M|\n|poke|p2|Sneasler, L50, M|\n|poke|p2|Farigiraf, L50, M|\n|poke|p2|Sableye, L50, M|\n|poke|p2|Vivillon, L50, M|\n|teampreview|4\n|showteam|p1|Aegislash||Leftovers|StanceChange|IronHead,ShadowBall,KingsShield,Substitute|||F|||50|]Floette-Eternal||Floettite|FlowerVeil|CalmMind,DazzlingGleam,DrainingKiss,Protect|||F|||50|]Sneasler||FocusSash|Unburden|FakeOut,DireClaw,CloseCombat,Protect|||M|||50|]Incineroar||ChopleBerry|Intimidate|FakeOut,FlareBlitz,DarkestLariat,PartingShot|||M|||50|]Rotom-Wash||SitrusBerry|Levitate|HydroPump,Thunderbolt,WillOWisp,Protect||||||50|]Sinistcha||OccaBerry|Hospitality|MatchaGotcha,ShadowBall,RagePowder,TrickRoom||||||50|\n|showteam|p2|Chandelure||Chandelurite|FlashFire|Protect,CalmMind,Hex,HeatWave|||F|||50|]Azumarill||MysticWater|HugePower|Protect,Liquidation,PlayRough,AquaJet|||M|||50|]Sneasler||WhiteHerb|Unburden|SwordsDance,DireClaw,CloseCombat,Protect|||M|||50|]Farigiraf||LumBerry|ArmorTail|Protect,TrickRoom,HyperVoice,LowKick|||M|||50|]Sableye||BrightPowder|Prankster|WillOWisp,ThunderWave,LightScreen,FoulPlay|||M|||50|]Vivillon||FocusSash|FriendGuard|Protect,RagePowder,SleepPowder,PollenPuff|||M|||50|\n|inactive|Battle timer is ON: inactive players will automatically lose when time's up. (requested by cippino3)\n|c|\u2606Tb0lt|hf\n|c|\u2606cippino3|U2\n|j| coquito09\n|j| zannara\n|j| magicalarcher57\n|inactive|Tb0lt has 60 seconds left.\n|inactive|cippino3 has 60 seconds left.\n|j| mynamegrassgreen\n|inactive|Tb0lt has 30 seconds left.\n|inactive|Tb0lt has 20 seconds left.\n|j| thepokemonuploads\n|\n|t:|1776584279\n|teamsize|p1|4\n|teamsize|p2|4\n|start\n|switch|p1a: Incineroar|Incineroar, L50, M|100/100\n|switch|p1b: Rotom|Rotom-Wash, L50|100/100\n|switch|p2a: Sneasler|Sneasler, L50, M|100/100\n|switch|p2b: Azumarill|Azumarill, L50, M|100/100\n|-ability|p1a: Incineroar|Intimidate|boost\n|-unboost|p2a: Sneasler|atk|1\n|-unboost|p2b: Azumarill|atk|1\n|-enditem|p2a: Sneasler|White Herb\n|-clearnegativeboost|p2a: Sneasler|[silent]\n|turn|1\n|inactive|Tb0lt has 30 seconds left.\n|\n|t:|1776584305\n|switch|p1a: Sinistcha|Sinistcha, L50|100/100\n|move|p2a: Sneasler|Protect|p2a: Sneasler\n|-singleturn|p2a: Sneasler|Protect\n|move|p2b: Azumarill|Protect|p2b: Azumarill\n|-singleturn|p2b: Azumarill|Protect\n|move|p1b: Rotom|Will-O-Wisp|p2b: Azumarill\n|-activate|p2b: Azumarill|move: Protect\n|\n|upkeep\n|turn|2\n|l| magicalarcher57\n|inactive|cippino3 has 30 seconds left.\n|\n|t:|1776584330\n|switch|p2a: Sableye|Sableye, L50, M|100/100\n|switch|p2b: Inno di Atena|Chandelure, L50, F|100/100\n|move|p1b: Rotom|Will-O-Wisp|p2a: Sableye\n|-status|p2a: Sableye|brn\n|move|p1a: Sinistcha|Shadow Ball|p2a: Sableye\n|-crit|p2a: Sableye\n|-damage|p2a: Sableye|39/100 brn\n|\n|-damage|p2a: Sableye|34/100 brn|[from] brn\n|upkeep\n|turn|3\n|l| zannara\n|inactive|cippino3 has 30 seconds left.\n|\n|t:|1776584359\n|switch|p1a: Incineroar|Incineroar, L50, M|100/100\n|-ability|p1a: Incineroar|Intimidate|boost\n|-unboost|p2a: Sableye|atk|1\n|-unboost|p2b: Inno di Atena|atk|1\n|move|p2b: Inno di Atena|Protect|p2b: Inno di Atena\n|-singleturn|p2b: Inno di Atena|Protect\n|move|p2a: Sableye|Light Screen|p2a: Sableye\n|-sidestart|p2: cippino3|move: Light Screen\n|move|p1b: Rotom|Hydro Pump|p2b: Inno di Atena\n|-activate|p2b: Inno di Atena|move: Protect\n|\n|-damage|p2a: Sableye|28/100 brn|[from] brn\n|upkeep\n|turn|4\n|inactive|Tb0lt has 30 seconds left.\n|inactive|Tb0lt has 20 seconds left.\n|\n|t:|1776584395\n|switch|p2b: Azumarill|Azumarill, L50, M|100/100\n|switch|p2a: Sneasler|Sneasler, L50, M|100/100\n|move|p1b: Rotom|Protect|p1b: Rotom\n|-singleturn|p1b: Rotom|Protect\n|move|p1a: Incineroar|Darkest Lariat|p2b: Azumarill\n|-resisted|p2b: Azumarill|1\n|-damage|p2b: Azumarill|84/100\n|\n|upkeep\n|turn|5\n|\n|t:|1776584413\n|switch|p1a: Sinistcha|Sinistcha, L50|100/100\n|move|p2a: Sneasler|Close Combat|p1b: Rotom\n|-crit|p1b: Rotom\n|-damage|p1b: Rotom|28/100\n|-unboost|p2a: Sneasler|def|1\n|-unboost|p2a: Sneasler|spd|1\n|-enditem|p1b: Rotom|Sitrus Berry|[eat]\n|-heal|p1b: Rotom|53/100|[from] item: Sitrus Berry\n|move|p1b: Rotom|Will-O-Wisp|p2a: Sneasler\n|-status|p2a: Sneasler|brn\n|move|p2b: Azumarill|Play Rough|p1b: Rotom\n|-damage|p1b: Rotom|7/100\n|\n|-damage|p2a: Sneasler|95/100 brn|[from] brn\n|upkeep\n|turn|6\n|inactive|cippino3 has 30 seconds left.\n|\n|t:|1776584442\n|switch|p2b: Inno di Atena|Chandelure, L50, F|100/100\n|move|p1a: Sinistcha|Rage Powder|p1a: Sinistcha\n|-singleturn|p1a: Sinistcha|move: Rage Powder\n|move|p2a: Sneasler|Swords Dance|p2a: Sneasler\n|-boost|p2a: Sneasler|atk|2\n|move|p1b: Rotom|Thunderbolt|p2b: Inno di Atena\n|-damage|p2b: Inno di Atena|76/100\n|\n|-damage|p2a: Sneasler|89/100 brn|[from] brn\n|upkeep\n|turn|7\n|\n|t:|1776584464\n|switch|p1a: Incineroar|Incineroar, L50, M|100/100\n|-ability|p1a: Incineroar|Intimidate|boost\n|-unboost|p2a: Sneasler|atk|1\n|-unboost|p2b: Inno di Atena|atk|1\n|detailschange|p2b: Inno di Atena|Chandelure-Mega, L50, F\n|-mega|p2b: Inno di Atena|Chandelure|Chandelurite\n|move|p1b: Rotom|Protect|p1b: Rotom\n|-singleturn|p1b: Rotom|Protect\n|move|p2a: Sneasler|Dire Claw|p1a: Incineroar\n|-damage|p1a: Incineroar|76/100\n|move|p2b: Inno di Atena|Heat Wave|p1b: Rotom|[spread] p1a\n|-activate|p1b: Rotom|move: Protect\n|-resisted|p1a: Incineroar|1\n|-damage|p1a: Incineroar|60/100\n|\n|-damage|p2a: Sneasler|83/100 brn|[from] brn\n|-sideend|p2: cippino3|move: Light Screen\n|upkeep\n|turn|8\n|j| magicalarcher57\n|\n|t:|1776584485\n|move|p2a: Sneasler|Protect|p2a: Sneasler\n|-singleturn|p2a: Sneasler|Protect\n|move|p2b: Inno di Atena|Protect|p2b: Inno di Atena\n|-singleturn|p2b: Inno di Atena|Protect\n|move|p1a: Incineroar|Fake Out|p2a: Sneasler\n|-activate|p2a: Sneasler|move: Protect\n|move|p1b: Rotom|Hydro Pump|p2b: Inno di Atena\n|-activate|p2b: Inno di Atena|move: Protect\n|\n|-damage|p2a: Sneasler|77/100 brn|[from] brn\n|upkeep\n|turn|9\n|\n|t:|1776584508\n|move|p1b: Rotom|Protect|p1b: Rotom\n|-singleturn|p1b: Rotom|Protect\n|move|p2a: Sneasler|Dire Claw|p1b: Rotom\n|-activate|p1b: Rotom|move: Protect\n|move|p2b: Inno di Atena|Heat Wave|p1b: Rotom|[spread] p1a\n|-activate|p1b: Rotom|move: Protect\n|-resisted|p1a: Incineroar|1\n|-damage|p1a: Incineroar|45/100\n|move|p1a: Incineroar|Darkest Lariat|p2b: Inno di Atena\n|-supereffective|p2b: Inno di Atena|1\n|-damage|p2b: Inno di Atena|24/100\n|\n|-damage|p2a: Sneasler|71/100 brn|[from] brn\n|upkeep\n|turn|10\n|j| OUTB Sketch\n|inactive|Tb0lt has 30 seconds left.\n|\n|t:|1776584537\n|switch|p2b: Azumarill|Azumarill, L50, M|84/100\n|switch|p1a: Sinistcha|Sinistcha, L50|100/100\n|-heal|p1b: Rotom|32/100|[from] ability: Hospitality|[of] p1a: Sinistcha\n|move|p2a: Sneasler|Close Combat|p1a: Sinistcha\n|-immune|p1a: Sinistcha\n|move|p1b: Rotom|Thunderbolt|p2b: Azumarill\n|-supereffective|p2b: Azumarill|1\n|-damage|p2b: Azumarill|20/100\n|\n|-damage|p2a: Sneasler|65/100 brn|[from] brn\n|upkeep\n|turn|11\n|\n|t:|1776584562\n|move|p1b: Rotom|Protect|p1b: Rotom\n|-singleturn|p1b: Rotom|Protect\n|move|p2b: Azumarill|Protect|p2b: Azumarill\n|-singleturn|p2b: Azumarill|Protect\n|move|p2a: Sneasler|Swords Dance|p2a: Sneasler\n|-boost|p2a: Sneasler|atk|2\n|move|p1a: Sinistcha|Matcha Gotcha|p2b: Azumarill|[spread] p2a\n|-activate|p2b: Azumarill|move: Protect\n|-resisted|p2a: Sneasler|1\n|-damage|p2a: Sneasler|44/100 brn\n|\n|-damage|p2a: Sneasler|38/100 brn|[from] brn\n|upkeep\n|turn|12\n|\n|t:|1776584579\n|move|p2a: Sneasler|Dire Claw|p1b: Rotom\n|-damage|p1b: Rotom|0 fnt\n|faint|p1b: Rotom\n|move|p1a: Sinistcha|Shadow Ball|p2a: Sneasler\n|-damage|p2a: Sneasler|0 fnt\n|faint|p2a: Sneasler\n|move|p2b: Azumarill|Play Rough|p1a: Sinistcha\n|-damage|p1a: Sinistcha|58/100\n|\n|upkeep\n|\n|t:|1776584590\n|switch|p2a: Sableye|Sableye, L50, M|28/100 brn\n|switch|p1b: Aegislash|Aegislash, L50, F|100/100\n|turn|13\n|j| SaltyHabanero\n|\n|t:|1776584602\n|switch|p1b: Incineroar|Incineroar, L50, M|45/100\n|-ability|p1b: Incineroar|Intimidate|boost\n|-unboost|p2a: Sableye|atk|1\n|-unboost|p2b: Azumarill|atk|1\n|move|p2b: Azumarill|Protect|p2b: Azumarill\n|-singleturn|p2b: Azumarill|Protect\n|move|p2a: Sableye|Thunder Wave|p1b: Incineroar\n|-hint|Since gen 7, Dark is immune to Prankster moves.\n|-immune|p1b: Incineroar\n|move|p1a: Sinistcha|Matcha Gotcha|p2b: Azumarill|[spread] p2a\n|-activate|p2b: Azumarill|move: Protect\n|-damage|p2a: Sableye|1/100 brn\n|-heal|p1a: Sinistcha|72/100|[from] drain|[of] p2a: Sableye\n|\n|-damage|p2a: Sableye|0 fnt|[from] brn\n|faint|p2a: Sableye\n|upkeep\n|\n|t:|1776584606\n|switch|p2a: Inno di Atena|Chandelure-Mega, L50, F|24/100\n|turn|14\n|\n|t:|1776584628\n|move|p1b: Incineroar|Fake Out|p2b: Azumarill\n|-damage|p2b: Azumarill|9/100\n|move|p2a: Inno di Atena|Heat Wave|p1a: Sinistcha|[spread] p1a,p1b\n|-supereffective|p1a: Sinistcha|1\n|-enditem|p1a: Sinistcha|Occa Berry|[eat]\n|-enditem|p1a: Sinistcha|Occa Berry|[weaken]\n|-resisted|p1b: Incineroar|1\n|-damage|p1a: Sinistcha|31/100\n|-damage|p1b: Incineroar|30/100\n|move|p1a: Sinistcha|Shadow Ball|p2a: Inno di Atena\n|-supereffective|p2a: Inno di Atena|1\n|-damage|p2a: Inno di Atena|0 fnt\n|faint|p2a: Inno di Atena\n|cant|p2b: Azumarill|flinch\n|\n|upkeep\n|turn|15\n|l| coquito09\n|l| magicalarcher57\n|\n|t:|1776584643\n|move|p1a: Sinistcha|Shadow Ball|p2b: Azumarill\n|-damage|p2b: Azumarill|0 fnt\n|faint|p2b: Azumarill\n|\n|win|Tb0lt\n||cippino3 is ready for game 2.\n|inactive|Tb0lt has 30 seconds to confirm battle start!\n||Tb0lt is ready for game 2.\n|uhtml|next|Next: <a href=\"/battle-gen9championsvgc2026regma-2587957272\"><strong>Game 2 of 3</strong></a>\n|l| thepokemonuploads\n|l| mynamegrassgreen\n|l| SaltyHabanero\n|l| OUTB Sketch\n|j| coquito09\n|l| coquito09\n|l|\u2606cippino3\n|player|p2|\n",
  "uploadtime": 1776585839,
  "views": 9,
  "formatid": "gen9championsvgc2026regma",
  "rating": null,
  "private": 0,
  "password": null
}