{
  "id": "gen9championsvgc2026regma-2582475676",
  "format": "[Gen 9 Champions] VGC 2026 Reg M-A",
  "players": [
    "Sevaunn",
    "Jadedragon61"
  ],
  "log": "|j|\u2606Sevaunn\n|j|\u2606Jadedragon61\n|t:|1776094115\n|gametype|doubles\n|player|p1|Sevaunn|hilbert|1180\n|player|p2|Jadedragon61|beni-ninja|1132\n|gen|9\n|tier|[Gen 9 Champions] VGC 2026 Reg M-A\n|rated|\n|rule|Species Clause: Limit one of each Pok\u00e9mon\n|rule|Item Clause: Limit 1 of each item\n|clearpoke\n|poke|p1|Excadrill, L50, F|\n|poke|p1|Tyranitar, L50, F|\n|poke|p1|Raichu, L50, F|\n|poke|p1|Dragonite, L50, M|\n|poke|p1|Starmie, L50|\n|poke|p1|Rotom-Wash, L50|\n|poke|p2|Talonflame, L50, F|\n|poke|p2|Tyranitar, L50, F|\n|poke|p2|Floette-Eternal, L50, F|\n|poke|p2|Garchomp, L50, F|\n|poke|p2|Rotom-Wash, L50|\n|poke|p2|Sneasler, L50, M|\n|teampreview|4\n|inactive|Battle timer is ON: inactive players will automatically lose when time's up. (requested by Jadedragon61)\n|\n|t:|1776094131\n|teamsize|p1|4\n|teamsize|p2|4\n|start\n|switch|p1a: bob Z UNBLDR|Excadrill, L50, F|100/100\n|switch|p1b: D.DAWG|Dragonite, L50, M|100/100\n|switch|p2a: Talonflame|Talonflame, L50, F|100/100\n|switch|p2b: Garchomp|Garchomp, L50, F|100/100\n|turn|1\n|\n|t:|1776094156\n|switch|p1a: JOHN GOTTI|Rotom-Wash, L50, shiny|100/100\n|move|p2a: Talonflame|Tailwind|p2a: Talonflame\n|-sidestart|p2: Jadedragon61|move: Tailwind\n|move|p2b: Garchomp|Earthquake|p1a: JOHN GOTTI|[spread] \n|-immune|p2a: Talonflame\n|-immune|p1a: JOHN GOTTI|[from] ability: Levitate\n|-immune|p1b: D.DAWG\n|move|p1b: D.DAWG|Tailwind|p1b: D.DAWG\n|-sidestart|p1: Sevaunn|move: Tailwind\n|\n|upkeep\n|turn|2\n|\n|t:|1776094169\n|move|p2a: Talonflame|Protect|p2a: Talonflame\n|-singleturn|p2a: Talonflame|Protect\n|move|p2b: Garchomp|Earthquake|p1b: D.DAWG|[spread] \n|-activate|p2a: Talonflame|move: Protect\n|-immune|p1a: JOHN GOTTI|[from] ability: Levitate\n|-immune|p1b: D.DAWG\n|move|p1b: D.DAWG|Dragon Dance|p1b: D.DAWG\n|-boost|p1b: D.DAWG|atk|1\n|-boost|p1b: D.DAWG|spe|1\n|move|p1a: JOHN GOTTI|Will-O-Wisp|p2b: Garchomp\n|-status|p2b: Garchomp|brn\n|\n|-damage|p2b: Garchomp|94/100 brn|[from] brn\n|upkeep\n|turn|3\n|\n|t:|1776094190\n|switch|p2b: Floette|Floette-Eternal, L50, F|100/100\n|move|p2a: Talonflame|Brave Bird|p1b: D.DAWG\n|-crit|p1b: D.DAWG\n|-damage|p1b: D.DAWG|22/100\n|-damage|p2a: Talonflame|71/100|[from] Recoil\n|move|p1b: D.DAWG|Dragon Claw|p2b: Floette\n|-immune|p2b: Floette\n|move|p1a: JOHN GOTTI|Thunderbolt|p2a: Talonflame\n|-supereffective|p2a: Talonflame|1\n|-damage|p2a: Talonflame|0 fnt\n|faint|p2a: Talonflame\n|\n|upkeep\n|\n|t:|1776094198\n|switch|p2a: Garchomp|Garchomp, L50, F|94/100 brn\n|turn|4\n|\n|t:|1776094220\n|detailschange|p2b: Floette|Floette-Mega, L50, F\n|-mega|p2b: Floette|Floette|Floettite\n|-ability|p2b: Floette|Fairy Aura\n|move|p2a: Garchomp|Dragon Claw|p1b: D.DAWG\n|-supereffective|p1b: D.DAWG|1\n|-enditem|p1b: D.DAWG|Haban Berry|[eat]\n|-enditem|p1b: D.DAWG|Haban Berry|[weaken]\n|-damage|p1b: D.DAWG|0 fnt\n|faint|p1b: D.DAWG\n|move|p2b: Floette|Moonblast|p1a: JOHN GOTTI\n|-damage|p1a: JOHN GOTTI|18/100\n|-enditem|p1a: JOHN GOTTI|Sitrus Berry|[eat]\n|-heal|p1a: JOHN GOTTI|43/100|[from] item: Sitrus Berry\n|move|p1a: JOHN GOTTI|Thunderbolt|p2b: Floette\n|-damage|p2b: Floette|60/100\n|\n|-damage|p2a: Garchomp|88/100 brn|[from] brn\n|-sideend|p2: Jadedragon61|move: Tailwind\n|-sideend|p1: Sevaunn|move: Tailwind\n|upkeep\n|\n|t:|1776094233\n|switch|p1b: bob Z UNBLDR|Excadrill, L50, F|100/100\n|turn|5\n|\n|t:|1776094250\n|switch|p2a: Rotom|Rotom-Wash, L50|100/100\n|move|p1b: bob Z UNBLDR|Earthquake|p2a: Rotom|[spread] p2b\n|-immune|p1a: JOHN GOTTI|[from] ability: Levitate\n|-immune|p2a: Rotom|[from] ability: Levitate\n|-damage|p2b: Floette|0 fnt\n|faint|p2b: Floette\n|move|p1a: JOHN GOTTI|Volt Switch|p2a: Rotom\n|-crit|p2a: Rotom\n|-damage|p2a: Rotom|47/100\n|\n|t:|1776094254\n|switch|p1a: SANDASAURUS|Tyranitar, L50, F|100/100|[from] Volt Switch\n|-weather|Sandstorm|[from] ability: Sand Stream|[of] p1a: SANDASAURUS\n|\n|-weather|Sandstorm|[upkeep]\n|-damage|p2a: Rotom|41/100|[from] Sandstorm\n|-heal|p2a: Rotom|47/100|[from] item: Leftovers\n|upkeep\n|\n|t:|1776094258\n|switch|p2b: Garchomp|Garchomp, L50, F|88/100 brn\n|turn|6\n|\n|t:|1776094272\n|move|p1a: SANDASAURUS|Protect|p1a: SANDASAURUS\n|-singleturn|p1a: SANDASAURUS|Protect\n|move|p2b: Garchomp|Earthquake|p1b: bob Z UNBLDR|[spread] p1b\n|-activate|p1a: SANDASAURUS|move: Protect\n|-immune|p2a: Rotom|[from] ability: Levitate\n|-supereffective|p1b: bob Z UNBLDR|1\n|-damage|p1b: bob Z UNBLDR|44/100\n|move|p1b: bob Z UNBLDR|Earthquake|p2b: Garchomp|[spread] p2b\n|-activate|p1a: SANDASAURUS|move: Protect\n|-immune|p2a: Rotom|[from] ability: Levitate\n|-damage|p2b: Garchomp|34/100 brn\n|move|p2a: Rotom|Hydro Pump|p1a: SANDASAURUS\n|-activate|p1a: SANDASAURUS|move: Protect\n|\n|-weather|Sandstorm|[upkeep]\n|-damage|p2a: Rotom|41/100|[from] Sandstorm\n|-heal|p2a: Rotom|47/100|[from] item: Leftovers\n|-damage|p2b: Garchomp|28/100 brn|[from] brn\n|upkeep\n|turn|7\n|inactive|Sevaunn has 30 seconds left.\n|\n|t:|1776094305\n|switch|p1a: JOHN GOTTI|Rotom-Wash, L50, shiny|43/100\n|move|p2b: Garchomp|Earthquake|p1a: JOHN GOTTI|[spread] p1b\n|-immune|p2a: Rotom|[from] ability: Levitate\n|-immune|p1a: JOHN GOTTI|[from] ability: Levitate\n|-supereffective|p1b: bob Z UNBLDR|1\n|-damage|p1b: bob Z UNBLDR|0 fnt\n|faint|p1b: bob Z UNBLDR\n|move|p2a: Rotom|Nasty Plot|p2a: Rotom\n|-boost|p2a: Rotom|spa|2\n|\n|-weather|Sandstorm|[upkeep]\n|-damage|p2a: Rotom|41/100|[from] Sandstorm\n|-damage|p1a: JOHN GOTTI|37/100|[from] Sandstorm\n|-heal|p2a: Rotom|47/100|[from] item: Leftovers\n|-damage|p2b: Garchomp|22/100 brn|[from] brn\n|upkeep\n|\n|t:|1776094308\n|switch|p1b: SANDASAURUS|Tyranitar, L50, F|100/100\n|turn|8\n|\n|t:|1776094325\n|detailschange|p1b: SANDASAURUS|Tyranitar-Mega, L50, F\n|-mega|p1b: SANDASAURUS|Tyranitar|Tyranitarite\n|move|p2b: Garchomp|Earthquake|p1a: JOHN GOTTI|[spread] p1b\n|-immune|p2a: Rotom|[from] ability: Levitate\n|-immune|p1a: JOHN GOTTI|[from] ability: Levitate\n|-supereffective|p1b: SANDASAURUS|1\n|-damage|p1b: SANDASAURUS|72/100\n|move|p2a: Rotom|Thunderbolt|p1a: JOHN GOTTI\n|-damage|p1a: JOHN GOTTI|0 fnt\n|faint|p1a: JOHN GOTTI\n|move|p1b: SANDASAURUS|Rock Slide|p2b: Garchomp|[spread] p2a,p2b\n|-resisted|p2b: Garchomp|1\n|-damage|p2a: Rotom|11/100\n|-damage|p2b: Garchomp|5/100 brn\n|\n|-weather|Sandstorm|[upkeep]\n|-damage|p2a: Rotom|5/100|[from] Sandstorm\n|-heal|p2a: Rotom|11/100|[from] item: Leftovers\n|-damage|p2b: Garchomp|0 fnt|[from] brn\n|faint|p2b: Garchomp\n|upkeep\n|turn|9\n|\n|t:|1776094344\n|move|p2a: Rotom|Protect|p2a: Rotom\n|-singleturn|p2a: Rotom|Protect\n|move|p1b: SANDASAURUS|Knock Off|p2a: Rotom\n|-activate|p2a: Rotom|move: Protect\n|\n|-weather|none\n|-heal|p2a: Rotom|16/100|[from] item: Leftovers\n|upkeep\n|turn|10\n|\n|t:|1776094349\n|move|p2a: Rotom|Hydro Pump|p1b: SANDASAURUS\n|-supereffective|p1b: SANDASAURUS|1\n|-damage|p1b: SANDASAURUS|0 fnt\n|faint|p1b: SANDASAURUS\n|\n|win|Jadedragon61\n|raw|Sevaunn's rating: 1155 &rarr; <strong>1128</strong><br />(-27 for losing)\n|raw|Jadedragon61's rating: 1132 &rarr; <strong>1159</strong><br />(+27 for winning)\n",
  "uploadtime": 1776094351,
  "views": 12,
  "formatid": "gen9championsvgc2026regma",
  "rating": 1128,
  "private": 0,
  "password": null
}