{
  "id": "gen9championsvgc2026regma-2584095611",
  "format": "[Gen 9 Champions] VGC 2026 Reg M-A",
  "players": [
    "beevillgin",
    "aznkiri"
  ],
  "log": "|j|\u2606beevillgin\n|j|\u2606aznkiri\n|t:|1776224634\n|gametype|doubles\n|player|p1|beevillgin|1|1064\n|player|p2|aznkiri|169|1000\n|gen|9\n|tier|[Gen 9 Champions] VGC 2026 Reg M-A\n|rated|\n|rule|Species Clause: Limit one of each Pok\u00e9mon\n|rule|Item Clause: Limit 1 of each item\n|clearpoke\n|poke|p1|Meganium, L50, M|\n|poke|p1|Pelipper, L50, F|\n|poke|p1|Basculegion, L50, M|\n|poke|p1|Kingambit, L50, M|\n|poke|p1|Rotom-Wash, L50|\n|poke|p1|Garchomp, L50, F|\n|poke|p2|Heliolisk, L50, F|\n|poke|p2|Garchomp, L50, M|\n|poke|p2|Whimsicott, L50, F|\n|poke|p2|Sneasler, L50, M|\n|poke|p2|Milotic, L50, M|\n|poke|p2|Chandelure, L50, F|\n|teampreview|4\n|\n|t:|1776224671\n|teamsize|p1|4\n|teamsize|p2|4\n|start\n|switch|p1a: Meganium|Meganium, L50, M|100/100\n|switch|p1b: Pelipper|Pelipper, L50, F|100/100\n|switch|p2a: Chandelure|Chandelure, L50, F|100/100\n|switch|p2b: Whimsicott|Whimsicott, L50, F|100/100\n|-weather|RainDance|[from] ability: Drizzle|[of] p1b: Pelipper\n|turn|1\n|\n|t:|1776224716\n|detailschange|p2a: Chandelure|Chandelure-Mega, L50, F\n|-mega|p2a: Chandelure|Chandelure|Chandelurite\n|detailschange|p1a: Meganium|Meganium-Mega, L50, M\n|-mega|p1a: Meganium|Meganium|Meganiumite\n|move|p2b: Whimsicott|Sunny Day|p2b: Whimsicott\n|-weather|SunnyDay\n|move|p2a: Chandelure|Heat Wave|p1a: Meganium|[spread] p1a,p1b\n|-supereffective|p1a: Meganium|1\n|-crit|p1a: Meganium\n|-resisted|p1b: Pelipper|1\n|-damage|p1a: Meganium|0 fnt\n|-damage|p1b: Pelipper|54/100\n|faint|p1a: Meganium\n|move|p1b: Pelipper|Muddy Water|p2a: Chandelure|[spread] p2a,p2b\n|-supereffective|p2a: Chandelure|1\n|-resisted|p2b: Whimsicott|1\n|-damage|p2a: Chandelure|74/100\n|-damage|p2b: Whimsicott|92/100\n|\n|-weather|SunnyDay|[upkeep]\n|upkeep\n|\n|t:|1776224730\n|switch|p1a: Garchomp|Garchomp, L50, F|100/100\n|turn|2\n|\n|t:|1776224750\n|switch|p2a: Milotic|Milotic, L50, M|100/100\n|move|p2b: Whimsicott|Tailwind|p2b: Whimsicott\n|-sidestart|p2: aznkiri|move: Tailwind\n|move|p1a: Garchomp|Rock Slide|p2a: Milotic|[spread] p2a,p2b\n|-damage|p2a: Milotic|84/100\n|-damage|p2b: Whimsicott|62/100\n|move|p1b: Pelipper|Tailwind|p1b: Pelipper\n|-sidestart|p1: beevillgin|move: Tailwind\n|\n|-weather|SunnyDay|[upkeep]\n|-heal|p2a: Milotic|90/100|[from] item: Leftovers\n|upkeep\n|turn|3\n|\n|t:|1776224779\n|switch|p1b: Basculegion|Basculegion, L50, M|100/100\n|move|p2b: Whimsicott|Moonblast|p1a: Garchomp\n|-supereffective|p1a: Garchomp|1\n|-damage|p1a: Garchomp|15/100\n|move|p1a: Garchomp|Rock Slide|p2b: Whimsicott|[spread] p2a,p2b\n|-damage|p2a: Milotic|74/100\n|-damage|p2b: Whimsicott|35/100\n|cant|p2a: Milotic|flinch\n|\n|-weather|SunnyDay|[upkeep]\n|-heal|p2a: Milotic|80/100|[from] item: Leftovers\n|upkeep\n|turn|4\n|\n|t:|1776224815\n|switch|p2a: Heliolisk|Heliolisk, L50, F|100/100\n|move|p2b: Whimsicott|Moonblast|p1a: Garchomp\n|-supereffective|p1a: Garchomp|1\n|-damage|p1a: Garchomp|0 fnt\n|faint|p1a: Garchomp\n|move|p1b: Basculegion|Last Respects|p2a: Heliolisk\n|-immune|p2a: Heliolisk\n|\n|-weather|SunnyDay|[upkeep]\n|-damage|p2a: Heliolisk|88/100|[from] ability: Dry Skin|[of] p2a: Heliolisk\n|upkeep\n|\n|t:|1776224821\n|switch|p1a: Pelipper|Pelipper, L50, F|54/100\n|-weather|RainDance|[from] ability: Drizzle|[of] p1a: Pelipper\n|turn|5\n|\n|t:|1776224839\n|move|p1b: Basculegion|Last Respects|p2b: Whimsicott\n|-damage|p2b: Whimsicott|0 fnt\n|faint|p2b: Whimsicott\n|move|p2a: Heliolisk|Electroweb|p1a: Pelipper|[spread] p1a,p1b\n|-supereffective|p1a: Pelipper|2\n|-supereffective|p1b: Basculegion|1\n|-damage|p1a: Pelipper|0 fnt\n|-damage|p1b: Basculegion|54/100\n|-unboost|p1b: Basculegion|spe|1\n|faint|p1a: Pelipper\n|\n|-weather|RainDance|[upkeep]\n|-heal|p2a: Heliolisk|100/100|[from] ability: Dry Skin\n|-sideend|p2: aznkiri|move: Tailwind\n|-sideend|p1: beevillgin|move: Tailwind\n|upkeep\n|-message|beevillgin forfeited.\n|\n|win|aznkiri\n|raw|beevillgin's rating: 1064 &rarr; <strong>1041</strong><br />(-23 for losing)\n|raw|aznkiri's rating: 1000 &rarr; <strong>1047</strong><br />(+47 for winning)\n|l|\u2606beevillgin\n|player|p1|\n|c|\u2606aznkiri|HOLY TECH\n",
  "uploadtime": 1776224867,
  "views": 44,
  "formatid": "gen9championsvgc2026regma",
  "rating": 1041,
  "private": 0,
  "password": null
}