{
  "id": "gen9championsvgc2026regma-2581742179",
  "format": "[Gen 9 Champions] VGC 2026 Reg M-A",
  "players": [
    "kaguyaxxx",
    "yy33"
  ],
  "log": "|j|\u2606kaguyaxxx\n|j|\u2606yy33\n|t:|1776024909\n|gametype|doubles\n|player|p1|kaguyaxxx|rocketgruntf|1044\n|player|p2|yy33|1|1000\n|gen|9\n|tier|[Gen 9 Champions] VGC 2026 Reg M-A\n|rated|\n|rule|Species Clause: Limit one of each Pok\u00e9mon\n|rule|Item Clause: Limit 1 of each item\n|clearpoke\n|poke|p1|Sinistcha, L50|\n|poke|p1|Hawlucha, L50, M|\n|poke|p1|Incineroar, L50, M|\n|poke|p1|Glimmora, L50, M|\n|poke|p1|Snorlax, L50, M|\n|poke|p1|Rotom-Wash, L50|\n|poke|p2|Mimikyu, L50, M|\n|poke|p2|Golurk, L50|\n|poke|p2|Incineroar, L50, F|\n|poke|p2|Sneasler, L50, F|\n|poke|p2|Sinistcha, L50|\n|poke|p2|Tyranitar, L50, M|\n|teampreview|4\n|\n|t:|1776024953\n|teamsize|p1|4\n|teamsize|p2|4\n|start\n|switch|p1a: Hawlucha|Hawlucha, L50, M|100/100\n|switch|p1b: Snorlax|Snorlax, L50, M, shiny|100/100\n|switch|p2a: Golurk|Golurk, L50|100/100\n|switch|p2b: Sneasler|Sneasler, L50, F|100/100\n|turn|1\n|\n|t:|1776024988\n|detailschange|p1a: Hawlucha|Hawlucha-Mega, L50, M\n|-mega|p1a: Hawlucha|Hawlucha|Hawluchanite\n|detailschange|p2a: Golurk|Golurk-Mega, L50\n|-mega|p2a: Golurk|Golurk|Golurkite\n|move|p2b: Sneasler|Fake Out|p1a: Hawlucha\n|-damage|p1a: Hawlucha|85/100\n|cant|p1a: Hawlucha|flinch\n|move|p2a: Golurk|Ice Punch|p1a: Hawlucha\n|-supereffective|p1a: Hawlucha|1\n|-damage|p1a: Hawlucha|19/100\n|move|p1b: Snorlax|Body Slam|p2b: Sneasler\n|-damage|p2b: Sneasler|48/100\n|-status|p2b: Sneasler|par\n|\n|upkeep\n|turn|2\n|\n|t:|1776025020\n|move|p1a: Hawlucha|Entrainment|p1b: Snorlax\n|-ability|p1b: Snorlax|No Guard|Thick Fat|[from] move: Entrainment|[of] p1a: Hawlucha\n|move|p2b: Sneasler|Close Combat|p1b: Snorlax\n|-supereffective|p1b: Snorlax|1\n|-damage|p1b: Snorlax|18/100\n|-unboost|p2b: Sneasler|def|1\n|-unboost|p2b: Sneasler|spd|1\n|-enditem|p2b: Sneasler|White Herb\n|-clearnegativeboost|p2b: Sneasler|[silent]\n|move|p2a: Golurk|Ice Punch|p1a: Hawlucha\n|-supereffective|p1a: Hawlucha|1\n|-damage|p1a: Hawlucha|0 fnt\n|faint|p1a: Hawlucha\n|move|p1b: Snorlax|Fissure|p2a: Golurk\n|-damage|p2a: Golurk|0 fnt\n|faint|p2a: Golurk\n|-ohko\n|\n|-heal|p1b: Snorlax|24/100|[from] item: Leftovers\n|upkeep\n|\n|t:|1776025041\n|switch|p1a: Sinistcha|Sinistcha, L50|100/100\n|switch|p2a: Mimikyu|Mimikyu, L50, M|100/100\n|-heal|p1b: Snorlax|49/100|[from] ability: Hospitality|[of] p1a: Sinistcha\n|turn|3\n|\n|t:|1776025090\n|move|p1a: Sinistcha|Rage Powder|p1a: Sinistcha\n|-singleturn|p1a: Sinistcha|move: Rage Powder\n|move|p2b: Sneasler|Close Combat|p1a: Sinistcha\n|-immune|p1a: Sinistcha\n|move|p2a: Mimikyu|Swords Dance|p2a: Mimikyu\n|-boost|p2a: Mimikyu|atk|2\n|move|p1b: Snorlax|Fissure|p2b: Sneasler\n|-damage|p2b: Sneasler|0 fnt\n|faint|p2b: Sneasler\n|-ohko\n|\n|-heal|p1b: Snorlax|55/100|[from] item: Leftovers\n|upkeep\n|\n|t:|1776025102\n|switch|p2b: Sinistcha|Sinistcha, L50|100/100\n|turn|4\n|\n|t:|1776025120\n|move|p1b: Snorlax|Protect|p1b: Snorlax\n|-singleturn|p1b: Snorlax|Protect\n|move|p2a: Mimikyu|Play Rough|p1b: Snorlax\n|-activate|p1b: Snorlax|move: Protect\n|move|p1a: Sinistcha|Matcha Gotcha|p2a: Mimikyu|[spread] p2a,p2b\n|-resisted|p2b: Sinistcha|1\n|-activate|p2a: Mimikyu|ability: Disguise\n|-damage|p2a: Mimikyu|100/100\n|-damage|p2b: Sinistcha|87/100\n|detailschange|p2a: Mimikyu|Mimikyu-Busted, L50, M\n|-damage|p2a: Mimikyu|88/100|[from] pokemon: Mimikyu-Busted\n|move|p2b: Sinistcha|Matcha Gotcha|p1b: Snorlax|[spread] p1a\n|-activate|p1b: Snorlax|move: Protect\n|-resisted|p1a: Sinistcha|1\n|-damage|p1a: Sinistcha|87/100\n|-heal|p2b: Sinistcha|94/100|[from] drain|[of] p1a: Sinistcha\n|\n|-heal|p2a: Mimikyu|94/100|[from] item: Leftovers\n|-heal|p1b: Snorlax|61/100|[from] item: Leftovers\n|upkeep\n|turn|5\n|\n|t:|1776025148\n|switch|p1a: Incineroar|Incineroar, L50, M|100/100\n|-ability|p1a: Incineroar|Intimidate|boost\n|-unboost|p2a: Mimikyu|atk|1\n|-unboost|p2b: Sinistcha|atk|1\n|move|p2a: Mimikyu|Play Rough|p1b: Snorlax\n|-damage|p1b: Snorlax|23/100\n|move|p2b: Sinistcha|Matcha Gotcha|p1b: Snorlax|[spread] p1a,p1b\n|-resisted|p1a: Incineroar|1\n|-damage|p1a: Incineroar|88/100\n|-heal|p2b: Sinistcha|100/100|[from] drain|[of] p1a: Incineroar\n|-damage|p1b: Snorlax|5/100\n|-status|p1b: Snorlax|brn\n|move|p1b: Snorlax|Fissure|p2a: Mimikyu\n|-damage|p2a: Mimikyu|0 fnt\n|faint|p2a: Mimikyu\n|-ohko\n|\n|-heal|p1b: Snorlax|11/100 brn|[from] item: Leftovers\n|-damage|p1b: Snorlax|5/100 brn|[from] brn\n|upkeep\n|turn|6\n|\n|t:|1776025169\n|move|p2b: Sinistcha|Matcha Gotcha|p1a: Incineroar|[spread] p1a,p1b\n|-resisted|p1a: Incineroar|1\n|-damage|p1a: Incineroar|77/100\n|-damage|p1b: Snorlax|0 fnt\n|faint|p1b: Snorlax\n|move|p1a: Incineroar|Darkest Lariat|p2b: Sinistcha\n|-supereffective|p2b: Sinistcha|1\n|-damage|p2b: Sinistcha|47/100\n|\n|upkeep\n|\n|t:|1776025173\n|switch|p1b: Sinistcha|Sinistcha, L50|87/100\n|-heal|p1a: Incineroar|100/100|[from] ability: Hospitality|[of] p1b: Sinistcha\n|turn|7\n|\n|t:|1776025191\n|move|p1b: Sinistcha|Matcha Gotcha|p2b: Sinistcha\n|-resisted|p2b: Sinistcha|1\n|-damage|p2b: Sinistcha|26/100\n|-heal|p1b: Sinistcha|97/100|[from] drain|[of] p2b: Sinistcha\n|move|p2b: Sinistcha|Matcha Gotcha|p1a: Incineroar|[spread] p1a,p1b\n|-resisted|p1a: Incineroar|1\n|-resisted|p1b: Sinistcha|1\n|-damage|p1a: Incineroar|90/100\n|-heal|p2b: Sinistcha|33/100|[from] drain|[of] p1a: Incineroar\n|-damage|p1b: Sinistcha|84/100\n|-heal|p2b: Sinistcha|39/100|[from] drain|[of] p1b: Sinistcha\n|move|p1a: Incineroar|Darkest Lariat|p2b: Sinistcha\n|-supereffective|p2b: Sinistcha|1\n|-damage|p2b: Sinistcha|0 fnt\n|faint|p2b: Sinistcha\n|\n|win|kaguyaxxx\n|raw|kaguyaxxx's rating: 1044 &rarr; <strong>1073</strong><br />(+29 for winning)\n|raw|yy33's rating: 1000 &rarr; <strong>1000</strong><br />(+0 for losing)\n|l|\u2606yy33\n|player|p2|\n",
  "uploadtime": 1776025206,
  "views": 30,
  "formatid": "gen9championsvgc2026regma",
  "rating": 1000,
  "private": 0,
  "password": null
}