{
  "id": "gen9championsvgc2026regma-2580903797",
  "format": "[Gen 9 Champions] VGC 2026 Reg M-A",
  "players": [
    "ElPato_C",
    "rrayudu"
  ],
  "log": "|j|\u2606ElPato_C\n|j|\u2606rrayudu\n|t:|1775942017\n|gametype|doubles\n|player|p1|ElPato_C|169|1102\n|player|p2|rrayudu|169|1011\n|gen|9\n|tier|[Gen 9 Champions] VGC 2026 Reg M-A\n|rated|\n|rule|Species Clause: Limit one of each Pok\u00e9mon\n|rule|Item Clause: Limit 1 of each item\n|clearpoke\n|poke|p1|Incineroar, L50, M|\n|poke|p1|Whimsicott, L50, M|\n|poke|p1|Pelipper, L50, F|\n|poke|p1|Archaludon, L50, F|\n|poke|p1|Dragonite, L50, M|\n|poke|p1|Kingambit, L50, F|\n|poke|p2|Milotic, L50, M|\n|poke|p2|Zoroark-Hisui, L50, M|\n|poke|p2|Dragonite, L50, M|\n|poke|p2|Corviknight, L50, M|\n|poke|p2|Golurk, L50|\n|poke|p2|Skarmory, L50, M|\n|teampreview|4\n|inactive|Battle timer is ON: inactive players will automatically lose when time's up. (requested by rrayudu)\n|inactive|ElPato_C has 60 seconds left.\n|\n|t:|1775942066\n|teamsize|p1|4\n|teamsize|p2|4\n|start\n|switch|p1a: Incineroar|Incineroar, L50, M|100/100\n|switch|p1b: Pelipper|Pelipper, L50, F|100/100\n|switch|p2a: Skarmory|Skarmory, L50, M|100/100\n|switch|p2b: Dragonite|Dragonite, L50, M|100/100\n|-weather|RainDance|[from] ability: Drizzle|[of] p1b: Pelipper\n|-ability|p1a: Incineroar|Intimidate|boost\n|-unboost|p2a: Skarmory|atk|1\n|-unboost|p2b: Dragonite|atk|1\n|turn|1\n|inactive|ElPato_C has 30 seconds left.\n|\n|t:|1775942091\n|switch|p1b: Archaludon|Archaludon, L50, F|100/100\n|move|p1a: Incineroar|Fake Out|p2b: Dragonite\n|-immune|p2b: Dragonite\n|move|p2b: Dragonite|Nasty Plot|p2b: Dragonite\n|-boost|p2b: Dragonite|spa|2\n|move|p2a: Skarmory|Tailwind|p2a: Skarmory\n|-sidestart|p2: rrayudu|move: Tailwind\n|\n|-weather|RainDance|[upkeep]\n|upkeep\n|turn|2\n|inactive|ElPato_C has 30 seconds left.\n|\n|t:|1775942118\n|move|p2b: Dragonite|Hyper Voice|p1b: Archaludon|[spread] p1a,p1b\n|-resisted|p1b: Archaludon|1\n|-crit|p1b: Archaludon\n|-damage|p1a: Incineroar|48/100\n|-damage|p1b: Archaludon|50/100\n|-ability|p1b: Archaludon|Stamina|boost\n|-boost|p1b: Archaludon|def|1\n|move|p2a: Skarmory|Stealth Rock|p1a: Incineroar\n|-sidestart|p1: ElPato_C|move: Stealth Rock\n|move|p1b: Archaludon|Draco Meteor|p2b: Dragonite\n|-enditem|p2b: Dragonite|Focus Sash\n|-damage|p2b: Dragonite|1/100\n|-unboost|p1b: Archaludon|spa|2\n|replace|p2b: Zoroark|Zoroark-Hisui, L50, M\n|-end|p2b: Zoroark|Illusion\n|move|p1a: Incineroar|Parting Shot|p2b: Zoroark\n|-unboost|p2b: Zoroark|atk|1\n|-unboost|p2b: Zoroark|spa|1\n|\n|t:|1775942139\n|switch|p1a: Dragonite|Dragonite, L50, M|100/100|[from] Parting Shot\n|-damage|p1a: Dragonite|75/100|[from] Stealth Rock\n|\n|-weather|RainDance|[upkeep]\n|-heal|p1b: Archaludon|56/100|[from] item: Leftovers\n|upkeep\n|turn|3\n|\n|t:|1775942160\n|detailschange|p1a: Dragonite|Dragonite-Mega, L50, M\n|-mega|p1a: Dragonite|Dragonite|Dragoninite\n|move|p2b: Zoroark|Hyper Voice|p1a: Dragonite|[spread] p1a,p1b\n|-resisted|p1b: Archaludon|1\n|-damage|p1a: Dragonite|34/100\n|-damage|p1b: Archaludon|29/100\n|-ability|p1b: Archaludon|Stamina|boost\n|-boost|p1b: Archaludon|def|1\n|move|p2a: Skarmory|Iron Head|p1a: Dragonite\n|-damage|p1a: Dragonite|17/100\n|cant|p1a: Dragonite|flinch\n|move|p1b: Archaludon|Electro Shot||[still]\n|-prepare|p1b: Archaludon|Electro Shot\n|-boost|p1b: Archaludon|spa|1\n|-anim|p1b: Archaludon|Electro Shot|p2a: Skarmory\n|-supereffective|p2a: Skarmory|1\n|-damage|p2a: Skarmory|26/100\n|\n|-weather|RainDance|[upkeep]\n|-heal|p1b: Archaludon|35/100|[from] item: Leftovers\n|upkeep\n|turn|4\n|\n|t:|1775942184\n|switch|p1a: Incineroar|Incineroar, L50, M|48/100\n|-damage|p1a: Incineroar|23/100|[from] Stealth Rock\n|-ability|p1a: Incineroar|Intimidate|boost\n|-unboost|p2a: Skarmory|atk|1\n|-unboost|p2b: Zoroark|atk|1\n|move|p2a: Skarmory|Protect|p2a: Skarmory\n|-singleturn|p2a: Skarmory|Protect\n|move|p1b: Archaludon|Protect|p1b: Archaludon\n|-singleturn|p1b: Archaludon|Protect\n|move|p2b: Zoroark|Hyper Voice|p1a: Incineroar|[spread] p1a\n|-activate|p1b: Archaludon|move: Protect\n|-damage|p1a: Incineroar|0 fnt\n|faint|p1a: Incineroar\n|\n|-weather|RainDance|[upkeep]\n|-heal|p1b: Archaludon|41/100|[from] item: Leftovers\n|-sideend|p2: rrayudu|move: Tailwind\n|upkeep\n|\n|t:|1775942204\n|switch|p1a: Pelipper|Pelipper, L50, F|100/100\n|-damage|p1a: Pelipper|76/100|[from] Stealth Rock\n|turn|5\n|\n|t:|1775942229\n|move|p1a: Pelipper|Protect|p1a: Pelipper\n|-singleturn|p1a: Pelipper|Protect\n|move|p2b: Zoroark|Hyper Voice|p1a: Pelipper|[spread] p1b\n|-activate|p1a: Pelipper|move: Protect\n|-resisted|p1b: Archaludon|1\n|-damage|p1b: Archaludon|15/100\n|-ability|p1b: Archaludon|Stamina|boost\n|-boost|p1b: Archaludon|def|1\n|move|p1b: Archaludon|Flash Cannon|p2b: Zoroark\n|-damage|p2b: Zoroark|0 fnt\n|faint|p2b: Zoroark\n|move|p2a: Skarmory|Tailwind|p2a: Skarmory\n|-sidestart|p2: rrayudu|move: Tailwind\n|\n|-weather|none\n|-heal|p1b: Archaludon|21/100|[from] item: Leftovers\n|upkeep\n|\n|t:|1775942249\n|switch|p2b: Milotic|Milotic, L50, M|100/100\n|turn|6\n|inactive|rrayudu has 30 seconds left.\n|\n|t:|1775942279\n|switch|p1a: Dragonite|Dragonite-Mega, L50, M|17/100\n|-damage|p1a: Dragonite|0 fnt|[from] Stealth Rock\n|faint|p1a: Dragonite\n|move|p1b: Archaludon|Protect|p1b: Archaludon\n|-singleturn|p1b: Archaludon|Protect\n|move|p2b: Milotic|Scald|p1b: Archaludon\n|-activate|p1b: Archaludon|move: Protect\n|move|p2a: Skarmory|Iron Head|p1b: Archaludon\n|-activate|p1b: Archaludon|move: Protect\n|\n|-heal|p1b: Archaludon|27/100|[from] item: Leftovers\n|upkeep\n|\n|t:|1775942291\n|switch|p1a: Pelipper|Pelipper, L50, F|76/100\n|-damage|p1a: Pelipper|51/100|[from] Stealth Rock\n|-weather|RainDance|[from] ability: Drizzle|[of] p1a: Pelipper\n|turn|7\n|\n|t:|1775942307\n|move|p2b: Milotic|Scald|p1b: Archaludon\n|-resisted|p1b: Archaludon|1\n|-damage|p1b: Archaludon|2/100\n|-ability|p1b: Archaludon|Stamina|boost\n|-boost|p1b: Archaludon|def|1\n|move|p2a: Skarmory|Iron Head|p1b: Archaludon\n|-resisted|p1b: Archaludon|1\n|-damage|p1b: Archaludon|0 fnt\n|faint|p1b: Archaludon\n|move|p1a: Pelipper|Hurricane|p2b: Milotic\n|-crit|p2b: Milotic\n|-damage|p2b: Milotic|57/100\n|\n|-weather|RainDance|[upkeep]\n|-heal|p2b: Milotic|63/100|[from] item: Leftovers\n|upkeep\n|turn|8\n|-message|ElPato_C forfeited.\n|\n|win|rrayudu\n|raw|ElPato_C's rating: 1102 &rarr; <strong>1071</strong><br />(-31 for losing)\n|raw|rrayudu's rating: 1011 &rarr; <strong>1059</strong><br />(+48 for winning)\n|l|\u2606ElPato_C\n|player|p1|\n|c|\u2606rrayudu|gg\n",
  "uploadtime": 1775942326,
  "views": 32,
  "formatid": "gen9championsvgc2026regma",
  "rating": 1059,
  "private": 0,
  "password": null
}