{
  "id": "gen9championsvgc2026regma-2582801444",
  "format": "[Gen 9 Champions] VGC 2026 Reg M-A",
  "players": [
    "Prohxy",
    "pg_castellanos"
  ],
  "log": "|j|\u2606Prohxy\n|j|\u2606pg_castellanos\n|t:|1776115166\n|gametype|doubles\n|player|p1|Prohxy|lorelei-lgpe|1069\n|player|p2|pg_castellanos|blue|1098\n|gen|9\n|tier|[Gen 9 Champions] VGC 2026 Reg M-A\n|rated|\n|rule|Species Clause: Limit one of each Pok\u00e9mon\n|rule|Item Clause: Limit 1 of each item\n|clearpoke\n|poke|p1|Drampa, L50, M|\n|poke|p1|Mimikyu, L50, F|\n|poke|p1|Basculegion, L50, M|\n|poke|p1|Oranguru, L50, M|\n|poke|p1|Sinistcha, L50|\n|poke|p1|Camerupt, L50, F|\n|poke|p2|Froslass, L50, F|\n|poke|p2|Sneasler, L50, M|\n|poke|p2|Aerodactyl, L50, F|\n|poke|p2|Garchomp, L50, F|\n|poke|p2|Kingambit, L50, M|\n|poke|p2|Rotom-Wash, L50|\n|teampreview|4\n|inactive|Battle timer is ON: inactive players will automatically lose when time's up. (requested by pg_castellanos)\npg_castellanos rejected open team sheets.\n|\n|t:|1776115210\n|teamsize|p1|4\n|teamsize|p2|4\n|start\n|switch|p1a: Oranguru|Oranguru, L50, M, shiny|100/100\n|switch|p1b: Basculegion|Basculegion, L50, M, shiny|100/100\n|switch|p2a: Froslass|Froslass, L50, F|100/100\n|switch|p2b: Aerodactyl|Aerodactyl, L50, F|100/100\n|-ability|p2b: Aerodactyl|Unnerve\n|turn|1\n|\n|t:|1776115225\n|detailschange|p2a: Froslass|Froslass-Mega, L50, F\n|-mega|p2a: Froslass|Froslass|Froslassite\n|-weather|Snowscape|[from] ability: Snow Warning|[of] p2a: Froslass\n|move|p2b: Aerodactyl|Tailwind|p2b: Aerodactyl\n|-sidestart|p2: pg_castellanos|move: Tailwind\n|move|p2a: Froslass|Shadow Ball|p1b: Basculegion\n|-supereffective|p1b: Basculegion|1\n|-damage|p1b: Basculegion|14/100\n|move|p1b: Basculegion|Wave Crash|p2b: Aerodactyl\n|-supereffective|p2b: Aerodactyl|1\n|-enditem|p2b: Aerodactyl|Focus Sash\n|-damage|p2b: Aerodactyl|1/100\n|-damage|p1b: Basculegion|0 fnt|[from] Recoil\n|faint|p1b: Basculegion\n|move|p1a: Oranguru|Trick Room|p1a: Oranguru\n|-fieldstart|move: Trick Room|[of] p1a: Oranguru\n|\n|-weather|Snowscape|[upkeep]\n|upkeep\n|\n|t:|1776115243\n|switch|p1b: Mimikyu|Mimikyu, L50, F, shiny|100/100\n|turn|2\n|\n|t:|1776115260\n|move|p2b: Aerodactyl|Protect|p2b: Aerodactyl\n|-singleturn|p2b: Aerodactyl|Protect\n|move|p1a: Oranguru|Psychic|p2b: Aerodactyl\n|-activate|p2b: Aerodactyl|move: Protect\n|move|p1b: Mimikyu|Night Slash|p2a: Froslass\n|-supereffective|p2a: Froslass|1\n|-damage|p2a: Froslass|55/100\n|move|p2a: Froslass|Aurora Veil|p2a: Froslass\n|-sidestart|p2: pg_castellanos|move: Aurora Veil\n|\n|-weather|Snowscape|[upkeep]\n|upkeep\n|turn|3\n|\n|t:|1776115274\n|move|p1a: Oranguru|Foul Play|p2a: Froslass\n|-supereffective|p2a: Froslass|1\n|-damage|p2a: Froslass|33/100\n|move|p1b: Mimikyu|Night Slash|p2a: Froslass\n|-supereffective|p2a: Froslass|1\n|-damage|p2a: Froslass|3/100\n|move|p2a: Froslass|Blizzard|p1a: Oranguru|[spread] p1a,p1b\n|-damage|p1a: Oranguru|63/100\n|-activate|p1b: Mimikyu|ability: Disguise\n|-damage|p1b: Mimikyu|100/100\n|detailschange|p1b: Mimikyu|Mimikyu-Busted, L50, F, shiny\n|-damage|p1b: Mimikyu|88/100|[from] pokemon: Mimikyu-Busted\n|move|p2b: Aerodactyl|Rock Slide|p1a: Oranguru|[spread] p1a,p1b\n|-damage|p1a: Oranguru|42/100\n|-damage|p1b: Mimikyu|56/100\n|\n|-weather|Snowscape|[upkeep]\n|upkeep\n|turn|4\n|\n|t:|1776115294\n|move|p2a: Froslass|Protect|p2a: Froslass\n|-singleturn|p2a: Froslass|Protect\n|move|p2b: Aerodactyl|Protect|p2b: Aerodactyl\n|-singleturn|p2b: Aerodactyl|Protect\n|move|p1a: Oranguru|Foul Play|p2b: Aerodactyl\n|-activate|p2b: Aerodactyl|move: Protect\n|move|p1b: Mimikyu|Night Slash|p2a: Froslass\n|-activate|p2a: Froslass|move: Protect\n|\n|-weather|Snowscape|[upkeep]\n|-sideend|p2: pg_castellanos|move: Tailwind\n|upkeep\n|turn|5\n|\n|t:|1776115308\n|move|p1a: Oranguru|Foul Play|p2b: Aerodactyl\n|-damage|p2b: Aerodactyl|0 fnt\n|faint|p2b: Aerodactyl\n|move|p1b: Mimikyu|Night Slash|p2a: Froslass\n|-supereffective|p2a: Froslass|1\n|-damage|p2a: Froslass|0 fnt\n|faint|p2a: Froslass\n|\n|-weather|none\n|-fieldend|move: Trick Room\n|upkeep\n|\n|t:|1776115312\n|switch|p2b: Garchomp|Garchomp, L50, F|100/100\n|switch|p2a: Sneasler|Sneasler, L50, M|100/100\n|turn|6\n|inactive|pg_castellanos has 30 seconds left.\n|\n|t:|1776115338\n|move|p2a: Sneasler|Dire Claw|p1a: Oranguru\n|-damage|p1a: Oranguru|4/100\n|move|p2b: Garchomp|Dragon Claw|p1a: Oranguru\n|-damage|p1a: Oranguru|0 fnt\n|faint|p1a: Oranguru\n|move|p1b: Mimikyu|Play Rough|p2b: Garchomp\n|-supereffective|p2b: Garchomp|1\n|-damage|p2b: Garchomp|43/100\n|-damage|p1b: Mimikyu|44/100|[from] ability: Rough Skin|[of] p2b: Garchomp\n|-enditem|p1b: Mimikyu|Sitrus Berry|[eat]\n|-heal|p1b: Mimikyu|69/100|[from] item: Sitrus Berry\n|\n|-sideend|p2: pg_castellanos|move: Aurora Veil\n|upkeep\n|\n|t:|1776115353\n|switch|p1a: Drampa|Drampa, L50, M|100/100\n|turn|7\n|\n|t:|1776115357\n|detailschange|p1a: Drampa|Drampa-Mega, L50, M\n|-mega|p1a: Drampa|Drampa|Drampanite\n|move|p1a: Drampa|Protect|p1a: Drampa\n|-singleturn|p1a: Drampa|Protect\n|move|p2a: Sneasler|Dire Claw|p1b: Mimikyu\n|-damage|p1b: Mimikyu|15/100\n|-status|p1b: Mimikyu|par\n|move|p2b: Garchomp|Dragon Claw|p1a: Drampa\n|-activate|p1a: Drampa|move: Protect\n|move|p1b: Mimikyu|Trick Room|p1b: Mimikyu\n|-fieldstart|move: Trick Room|[of] p1b: Mimikyu\n|\n|upkeep\n|turn|8\n|inactive|Prohxy has 30 seconds left.\n|\n|t:|1776115383\n|move|p2b: Garchomp|Protect|p2b: Garchomp\n|-singleturn|p2b: Garchomp|Protect\n|move|p2a: Sneasler|Protect|p2a: Sneasler\n|-singleturn|p2a: Sneasler|Protect\n|move|p1a: Drampa|Earth Power|p2a: Sneasler\n|-activate|p2a: Sneasler|move: Protect\n|move|p1b: Mimikyu|Play Rough|p2b: Garchomp\n|-activate|p2b: Garchomp|move: Protect\n|\n|upkeep\n|turn|9\n|\n|t:|1776115401\n|move|p1a: Drampa|Earth Power|p2a: Sneasler\n|-supereffective|p2a: Sneasler|1\n|-damage|p2a: Sneasler|0 fnt\n|faint|p2a: Sneasler\n|move|p1b: Mimikyu|Play Rough|p2b: Garchomp|[miss]\n|-miss|p1b: Mimikyu|p2b: Garchomp\n|move|p2b: Garchomp|Rock Slide|p1b: Mimikyu|[spread] p1a,p1b\n|-damage|p1a: Drampa|84/100\n|-damage|p1b: Mimikyu|0 fnt\n|faint|p1b: Mimikyu\n|\n|upkeep\n|turn|10\n|\n|t:|1776115412\n|move|p2b: Garchomp|Protect|p2b: Garchomp\n|-singleturn|p2b: Garchomp|Protect\n|move|p1a: Drampa|Dragon Pulse|p2b: Garchomp\n|-activate|p2b: Garchomp|move: Protect\n|\n|upkeep\n|turn|11\n|\n|t:|1776115418\n|move|p2b: Garchomp|Protect||[still]\n|-fail|p2b: Garchomp\n|move|p1a: Drampa|Dragon Pulse|p2b: Garchomp\n|-supereffective|p2b: Garchomp|1\n|-damage|p2b: Garchomp|0 fnt\n|faint|p2b: Garchomp\n|\n|win|Prohxy\n|raw|Prohxy's rating: 1069 &rarr; <strong>1101</strong><br />(+32 for winning)\n|raw|pg_castellanos's rating: 1098 &rarr; <strong>1071</strong><br />(-27 for losing)\n|l|\u2606pg_castellanos\n|player|p2|\n",
  "uploadtime": 1776115431,
  "views": 14,
  "formatid": "gen9championsvgc2026regma",
  "rating": 1071,
  "private": 0,
  "password": null
}