{
  "id": "gen9championsvgc2026regma-2581285988",
  "format": "[Gen 9 Champions] VGC 2026 Reg M-A",
  "players": [
    "chiumma",
    "Kiryuri"
  ],
  "log": "|j|\u2606chiumma\n|j|\u2606Kiryuri\n|t:|1775981440\n|gametype|doubles\n|player|p1|chiumma|102|1301\n|player|p2|Kiryuri|acetrainerf|1326\n|gen|9\n|tier|[Gen 9 Champions] VGC 2026 Reg M-A\n|rated|\n|rule|Species Clause: Limit one of each Pok\u00e9mon\n|rule|Item Clause: Limit 1 of each item\n|clearpoke\n|poke|p1|Pelipper, L50, M|\n|poke|p1|Basculegion, L50, M|\n|poke|p1|Archaludon, L50, M|\n|poke|p1|Sneasler, L50, M|\n|poke|p1|Dragonite, L50, M|\n|poke|p1|Meganium, L50, M|\n|poke|p2|Delphox, L50, F|\n|poke|p2|Sneasler, L50, F|\n|poke|p2|Kingambit, L50, F|\n|poke|p2|Clefable, L50, F|\n|poke|p2|Basculegion, L50, M|\n|poke|p2|Aerodactyl, L50, F|\n|teampreview|4\nKiryuri has agreed to open team sheets.\n|inactive|Battle timer is ON: inactive players will automatically lose when time's up. (requested by Kiryuri)\n|j| gE1xjZRtuhW2DdT0AK\nchiumma has agreed to open team sheets.\n|showteam|p1|Pelipper||FocusSash|Drizzle|Tailwind,Hurricane,WeatherBall,Protect|||M|||50|]Basculegion||MysticWater|SwiftSwim|AquaJet,Liquidation,FlipTurn,LastRespects|||M|||50|]Archaludon||Leftovers|Stalwart|DracoMeteor,ElectroShot,FlashCannon,Protect|||M|||50|]Sneasler||WhiteHerb|Unburden|FakeOut,CloseCombat,DireClaw,Protect|||M|||50|]Dragonite||Dragoninite|Multiscale|DragonPulse,Hurricane,IceBeam,Protect|||M|||50|]Meganium||Meganiumite|Overgrow|SolarBeam,EarthPower,Synthesis,Protect|||M|||50|\n|showteam|p2|Delphox||Delphoxite|Blaze|HeatWave,Protect,Psychic,Substitute|||F|||50|]Sneasler||WhiteHerb|Unburden|DireClaw,CloseCombat,FakeOut,Protect|||F|||50|]Kingambit||BlackGlasses|Defiant|SwordsDance,KowtowCleave,LowKick,Protect|||F|||50|]Clefable||SitrusBerry|Unaware|FollowMe,HelpingHand,Protect,Moonblast|||F|||50|]Basculegion||ChoiceScarf|Adaptability|WaveCrash,FlipTurn,LastRespects,AquaJet|||M|||50|]Aerodactyl||FocusSash|Unnerve|RockSlide,Tailwind,DualWingbeat,WideGuard|||F|||50|\n|inactive|Kiryuri has 60 seconds left.\n|inactive|Kiryuri has 30 seconds left.\n|inactive|chiumma has 60 seconds left.\n|\n|t:|1775981546\n|teamsize|p1|4\n|teamsize|p2|4\n|start\n|switch|p1a: Sneasler|Sneasler, L50, M|100/100\n|switch|p1b: Dragonite|Dragonite, L50, M|100/100\n|switch|p2a: Kingambit|Kingambit, L50, F, shiny|100/100\n|switch|p2b: Sneasler|Sneasler, L50, F, shiny|100/100\n|turn|1\n|inactive|Kiryuri has 30 seconds left.\n|inactive|Kiryuri has 20 seconds left.\n|inactive|Kiryuri has 15 seconds left.\n|\n|t:|1775981590\n|detailschange|p1b: Dragonite|Dragonite-Mega, L50, M\n|-mega|p1b: Dragonite|Dragonite|Dragoninite\n|move|p1a: Sneasler|Fake Out|p2a: Kingambit\n|-resisted|p2a: Kingambit|1\n|-damage|p2a: Kingambit|95/100\n|move|p2b: Sneasler|Fake Out|p1a: Sneasler\n|-damage|p1a: Sneasler|74/100\n|move|p1b: Dragonite|Hurricane|p2b: Sneasler\n|-supereffective|p2b: Sneasler|1\n|-damage|p2b: Sneasler|0 fnt\n|faint|p2b: Sneasler\n|cant|p2a: Kingambit|flinch\n|\n|upkeep\n|\n|t:|1775981602\n|switch|p2b: Clefable|Clefable, L50, F, shiny|100/100\n|turn|2\n|\n|t:|1775981620\n|move|p1a: Sneasler|Protect|p1a: Sneasler\n|-singleturn|p1a: Sneasler|Protect\n|move|p2b: Clefable|Protect|p2b: Clefable\n|-singleturn|p2b: Clefable|Protect\n|move|p1b: Dragonite|Hurricane|p2b: Clefable\n|-activate|p2b: Clefable|move: Protect\n|move|p2a: Kingambit|Kowtow Cleave|p1a: Sneasler\n|-activate|p1a: Sneasler|move: Protect\n|\n|upkeep\n|turn|3\n|\n|t:|1775981636\n|switch|p1a: Pelipper|Pelipper, L50, M|100/100\n|-weather|RainDance|[from] ability: Drizzle|[of] p1a: Pelipper\n|move|p1b: Dragonite|Hurricane|p2b: Clefable\n|-damage|p2b: Clefable|39/100\n|-enditem|p2b: Clefable|Sitrus Berry|[eat]\n|-heal|p2b: Clefable|64/100|[from] item: Sitrus Berry\n|move|p2b: Clefable|Moonblast|p1b: Dragonite\n|-supereffective|p1b: Dragonite|1\n|-damage|p1b: Dragonite|70/100\n|move|p2a: Kingambit|Swords Dance|p2a: Kingambit\n|-boost|p2a: Kingambit|atk|2\n|\n|-weather|RainDance|[upkeep]\n|upkeep\n|turn|4\n|inactive|chiumma has 30 seconds left.\n|\n|t:|1775981663\n|move|p2b: Clefable|Follow Me|p2b: Clefable\n|-singleturn|p2b: Clefable|move: Follow Me\n|move|p1b: Dragonite|Hurricane|p2b: Clefable\n|-damage|p2b: Clefable|6/100\n|-start|p2b: Clefable|confusion\n|move|p1a: Pelipper|Weather Ball|p2b: Clefable\n|-damage|p2b: Clefable|0 fnt\n|faint|p2b: Clefable\n|move|p2a: Kingambit|Kowtow Cleave|p1b: Dragonite\n|-damage|p1b: Dragonite|0 fnt\n|faint|p1b: Dragonite\n|\n|-weather|RainDance|[upkeep]\n|upkeep\n|\n|t:|1775981676\n|switch|p1b: Sneasler|Sneasler, L50, M|74/100\n|switch|p2b: Delphox|Delphox, L50, F, shiny|100/100\n|turn|5\n|\n|t:|1775981689\n|detailschange|p2b: Delphox|Delphox-Mega, L50, F, shiny\n|-mega|p2b: Delphox|Delphox|Delphoxite\n|move|p1b: Sneasler|Protect|p1b: Sneasler\n|-singleturn|p1b: Sneasler|Protect\n|move|p2b: Delphox|Protect|p2b: Delphox\n|-singleturn|p2b: Delphox|Protect\n|move|p1a: Pelipper|Weather Ball|p2a: Kingambit\n|-damage|p2a: Kingambit|36/100\n|move|p2a: Kingambit|Kowtow Cleave|p1a: Pelipper\n|-crit|p1a: Pelipper\n|-enditem|p1a: Pelipper|Focus Sash\n|-damage|p1a: Pelipper|1/100\n|\n|-weather|RainDance|[upkeep]\n|upkeep\n|turn|6\n|\n|t:|1775981712\n|move|p2a: Kingambit|Protect|p2a: Kingambit\n|-singleturn|p2a: Kingambit|Protect\n|move|p1b: Sneasler|Close Combat|p2a: Kingambit\n|-activate|p2a: Kingambit|move: Protect\n|move|p2b: Delphox|Heat Wave|p1a: Pelipper|[spread] p1a,p1b\n|-resisted|p1a: Pelipper|1\n|-damage|p1a: Pelipper|0 fnt\n|-damage|p1b: Sneasler|42/100\n|faint|p1a: Pelipper\n|\n|-weather|RainDance|[upkeep]\n|upkeep\n|\n|t:|1775981715\n|switch|p1a: Basculegion|Basculegion, L50, M|100/100\n|turn|7\n|inactive|Kiryuri has 30 seconds left.\n|\n|t:|1775981744\n|move|p2b: Delphox|Protect|p2b: Delphox\n|-singleturn|p2b: Delphox|Protect\n|move|p2a: Kingambit|Protect||[still]\n|-fail|p2a: Kingambit\n|move|p1a: Basculegion|Aqua Jet|p2a: Kingambit\n|-damage|p2a: Kingambit|5/100\n|move|p1b: Sneasler|Close Combat|p2a: Kingambit\n|-supereffective|p2a: Kingambit|2\n|-damage|p2a: Kingambit|0 fnt\n|-unboost|p1b: Sneasler|def|1\n|-unboost|p1b: Sneasler|spd|1\n|faint|p2a: Kingambit\n|-enditem|p1b: Sneasler|White Herb\n|-clearnegativeboost|p1b: Sneasler|[silent]\n|\n|-weather|none\n|upkeep\n|turn|8\n|\n|t:|1775981765\n|move|p1b: Sneasler|Dire Claw|p2b: Delphox\n|-damage|p2b: Delphox|47/100\n|-status|p2b: Delphox|psn\n|move|p2b: Delphox|Heat Wave|p1b: Sneasler|[spread] p1a,p1b\n|-resisted|p1a: Basculegion|1\n|-damage|p1a: Basculegion|75/100\n|-damage|p1b: Sneasler|0 fnt\n|faint|p1b: Sneasler\n|move|p1a: Basculegion|Liquidation|p2b: Delphox\n|-supereffective|p2b: Delphox|1\n|-damage|p2b: Delphox|0 fnt\n|faint|p2b: Delphox\n|\n|win|chiumma\n|raw|chiumma's rating: 1301 &rarr; <strong>1322</strong><br />(+21 for winning)\n|raw|Kiryuri's rating: 1326 &rarr; <strong>1305</strong><br />(-21 for losing)\n",
  "uploadtime": 1775981772,
  "views": 25,
  "formatid": "gen9championsvgc2026regma",
  "rating": 1305,
  "private": 0,
  "password": null
}