{
  "id": "gen9championsvgc2026regma-2585781897",
  "format": "[Gen 9 Champions] VGC 2026 Reg M-A",
  "players": [
    "b1gguyforyou",
    "Laur3tta"
  ],
  "log": "|j|\u2606b1gguyforyou\n|j|\u2606Laur3tta\n|t:|1776370227\n|gametype|doubles\n|player|p1|b1gguyforyou|supernerd|1150\n|player|p2|Laur3tta|265|1049\n|gen|9\n|tier|[Gen 9 Champions] VGC 2026 Reg M-A\n|rated|\n|rule|Species Clause: Limit one of each Pok\u00e9mon\n|rule|Item Clause: Limit 1 of each item\n|clearpoke\n|poke|p1|Bellibolt, L50, F|\n|poke|p1|Farigiraf, L50, M|\n|poke|p1|Dragonite, L50, M|\n|poke|p1|Venusaur, L50, F|\n|poke|p1|Rotom-Wash, L50|\n|poke|p1|Crabominable, L50, F|\n|poke|p2|Meganium, L50, M|\n|poke|p2|Scizor, L50, F|\n|poke|p2|Sneasler, L50, F|\n|poke|p2|Aerodactyl, L50, M|\n|poke|p2|Basculegion, L50, M|\n|poke|p2|Pelipper, L50, M|\n|teampreview|4\n|inactive|Battle timer is ON: inactive players will automatically lose when time's up. (requested by Laur3tta)\n|\n|t:|1776370342\n|teamsize|p1|4\n|teamsize|p2|4\n|start\n|switch|p1a: Farigiraf|Farigiraf, L50, M|100/100\n|switch|p1b: Bellibolt|Bellibolt, L50, F|100/100\n|switch|p2a: Aerodactyl|Aerodactyl, L50, M|100/100\n|switch|p2b: Meganium|Meganium, L50, M|100/100\n|-ability|p2a: Aerodactyl|Unnerve\n|turn|1\n|inactive|Laur3tta has 30 seconds left.\n|inactive|Laur3tta has 20 seconds left.\n|inactive|Laur3tta has 15 seconds left.\n|\n|t:|1776370384\n|detailschange|p2b: Meganium|Meganium-Mega, L50, M\n|-mega|p2b: Meganium|Meganium|Meganiumite\n|move|p2a: Aerodactyl|Protect|p2a: Aerodactyl\n|-singleturn|p2a: Aerodactyl|Protect\n|move|p2b: Meganium|Solar Beam||[still]\n|-prepare|p2b: Meganium|Solar Beam\n|-activate|p2b: Meganium|ability: Mega Sol\n|-anim|p2b: Meganium|Solar Beam|p1b: Bellibolt\n|-damage|p1b: Bellibolt|38/100\n|-start|p1b: Bellibolt|Charge|Solar Beam|[from] ability: Electromorphosis\n|move|p1b: Bellibolt|Thunderbolt|p2a: Aerodactyl\n|-activate|p2a: Aerodactyl|move: Protect\n|-end|p1b: Bellibolt|Charge|[silent]\n|move|p1a: Farigiraf|Trick Room|p1a: Farigiraf\n|-fieldstart|move: Trick Room|[of] p1a: Farigiraf\n|\n|upkeep\n|turn|2\n|inactive|b1gguyforyou has 30 seconds left.\n|inactive|Laur3tta has 30 seconds left.\n|\n|t:|1776370413\n|move|p1b: Bellibolt|Soak|p2b: Meganium\n|-start|p2b: Meganium|typechange|Water\n|move|p1a: Farigiraf|Energy Ball|p2b: Meganium\n|-supereffective|p2b: Meganium|1\n|-damage|p2b: Meganium|64/100\n|move|p2b: Meganium|Dazzling Gleam|p1b: Bellibolt|[spread] p1a,p1b\n|-damage|p1a: Farigiraf|82/100\n|-damage|p1b: Bellibolt|15/100\n|-start|p1b: Bellibolt|Charge|Dazzling Gleam|[from] ability: Electromorphosis\n|move|p2a: Aerodactyl|Rock Slide|p1b: Bellibolt|[spread] p1a,p1b\n|-damage|p1a: Farigiraf|61/100\n|-damage|p1b: Bellibolt|0 fnt\n|faint|p1b: Bellibolt\n|\n|upkeep\n|\n|t:|1776370430\n|switch|p1b: Venusaur|Venusaur, L50, F|100/100\n|turn|3\n|\n|t:|1776370443\n|detailschange|p1b: Venusaur|Venusaur-Mega, L50, F\n|-mega|p1b: Venusaur|Venusaur|Venusaurite\n|move|p2b: Meganium|Protect|p2b: Meganium\n|-singleturn|p2b: Meganium|Protect\n|move|p1a: Farigiraf|Psychic|p2a: Aerodactyl\n|-damage|p2a: Aerodactyl|51/100\n|move|p1b: Venusaur|Giga Drain|p2b: Meganium\n|-activate|p2b: Meganium|move: Protect\n|move|p2a: Aerodactyl|Dual Wingbeat|p1b: Venusaur|[miss]\n|-miss|p2a: Aerodactyl|p1b: Venusaur\n|\n|upkeep\n|turn|4\n|inactive|Laur3tta has 30 seconds left.\n|\n|t:|1776370475\n|move|p2a: Aerodactyl|Protect|p2a: Aerodactyl\n|-singleturn|p2a: Aerodactyl|Protect\n|move|p1a: Farigiraf|Psychic|p2a: Aerodactyl\n|-activate|p2a: Aerodactyl|move: Protect\n|move|p1b: Venusaur|Giga Drain|p2b: Meganium\n|-supereffective|p2b: Meganium|1\n|-damage|p2b: Meganium|0 fnt\n|faint|p2b: Meganium\n|\n|upkeep\n|\n|t:|1776370488\n|switch|p2b: Sneasler|Sneasler, L50, F|100/100\n|turn|5\n|inactive|b1gguyforyou has 30 seconds left.\n|\n|t:|1776370521\n|move|p2b: Sneasler|Protect|p2b: Sneasler\n|-singleturn|p2b: Sneasler|Protect\n|move|p1a: Farigiraf|Psychic|p2b: Sneasler\n|-activate|p2b: Sneasler|move: Protect\n|move|p1b: Venusaur|Giga Drain|p2a: Aerodactyl\n|-damage|p2a: Aerodactyl|0 fnt\n|faint|p2a: Aerodactyl\n|\n|-fieldend|move: Trick Room\n|upkeep\n|\n|t:|1776370532\n|switch|p2a: Pelipper|Pelipper, L50, M|100/100\n|-weather|RainDance|[from] ability: Drizzle|[of] p2a: Pelipper\n|turn|6\n|inactive|Laur3tta has 30 seconds left.\n|\n|t:|1776370561\n|move|p1b: Venusaur|Protect|p1b: Venusaur\n|-singleturn|p1b: Venusaur|Protect\n|move|p2b: Sneasler|Dire Claw|p1a: Farigiraf\n|-damage|p1a: Farigiraf|23/100\n|-status|p1a: Farigiraf|psn\n|move|p2a: Pelipper|Weather Ball|p1a: Farigiraf\n|-damage|p1a: Farigiraf|0 fnt\n|faint|p1a: Farigiraf\n|\n|-weather|RainDance|[upkeep]\n|upkeep\n|inactive|b1gguyforyou has 30 seconds left.\n|\n|t:|1776370588\n|switch|p1a: Dragonite|Dragonite, L50, M|100/100\n|turn|7\n|\n|t:|1776370603\n|move|p1a: Dragonite|Extreme Speed|p2a: Pelipper\n|-damage|p2a: Pelipper|62/100\n|move|p2b: Sneasler|Dire Claw|p1a: Dragonite\n|-damage|p1a: Dragonite|61/100\n|move|p2a: Pelipper|Tailwind|p2a: Pelipper\n|-sidestart|p2: Laur3tta|move: Tailwind\n|move|p1b: Venusaur|Earth Power|p2b: Sneasler\n|-supereffective|p2b: Sneasler|1\n|-damage|p2b: Sneasler|14/100\n|\n|-weather|RainDance|[upkeep]\n|upkeep\n|turn|8\n|\n|t:|1776370622\n|move|p2b: Sneasler|Protect|p2b: Sneasler\n|-singleturn|p2b: Sneasler|Protect\n|move|p1a: Dragonite|Extreme Speed|p2b: Sneasler\n|-activate|p2b: Sneasler|move: Protect\n|move|p2a: Pelipper|Hurricane|p1b: Venusaur\n|-supereffective|p1b: Venusaur|1\n|-damage|p1b: Venusaur|21/100\n|move|p1b: Venusaur|Giga Drain|p2a: Pelipper\n|-damage|p2a: Pelipper|0 fnt\n|-heal|p1b: Venusaur|44/100|[from] drain|[of] p2a: Pelipper\n|faint|p2a: Pelipper\n|\n|-weather|RainDance|[upkeep]\n|upkeep\n|turn|9\n|\n|t:|1776370643\n|move|p1a: Dragonite|Extreme Speed|p2b: Sneasler\n|-damage|p2b: Sneasler|0 fnt\n|faint|p2b: Sneasler\n|\n|win|b1gguyforyou\n|raw|b1gguyforyou's rating: 1150 &rarr; <strong>1168</strong><br />(+18 for winning)\n|raw|Laur3tta's rating: 1049 &rarr; <strong>1037</strong><br />(-12 for losing)\n",
  "uploadtime": 1776370656,
  "views": 27,
  "formatid": "gen9championsvgc2026regma",
  "rating": 1037,
  "private": 0,
  "password": null
}