{
  "id": "gen9championsvgc2026regma-2588550426",
  "format": "[Gen 9 Champions] VGC 2026 Reg M-A",
  "players": [
    "TimeforCHILLI",
    "Esper_Compleat"
  ],
  "log": "|j|\u2606TimeforCHILLI\n|j|\u2606Esper_Compleat\n|t:|1776644054\n|gametype|doubles\n|player|p1|TimeforCHILLI|caitlin|1095\n|player|p2|Esper_Compleat|brycenman|1090\n|gen|9\n|tier|[Gen 9 Champions] VGC 2026 Reg M-A\n|rated|\n|rule|Species Clause: Limit one of each Pok\u00e9mon\n|rule|Item Clause: Limit 1 of each item\n|clearpoke\n|poke|p1|Toxapex, L50, M|\n|poke|p1|Clefable, L50, M|\n|poke|p1|Scovillain, L50, F|\n|poke|p1|Glimmora, L50, F|\n|poke|p1|Mimikyu, L50, F|\n|poke|p1|Kingambit, L50, F|\n|poke|p2|Floette-Eternal, L50, F|\n|poke|p2|Kingambit, L50, F|\n|poke|p2|Aerodactyl, L50, M|\n|poke|p2|Garchomp, L50, F|\n|poke|p2|Rotom-Heat, L50|\n|poke|p2|Maushold-Four, L50|\n|teampreview|4\n|inactive|Battle timer is ON: inactive players will automatically lose when time's up. (requested by Esper_Compleat)\n|inactive|TimeforCHILLI has 60 seconds left.\n|\n|t:|1776644101\n|teamsize|p1|4\n|teamsize|p2|4\n|start\n|switch|p1a: Glimmora|Glimmora, L50, F|100/100\n|switch|p1b: Scovillain|Scovillain, L50, F|100/100\n|switch|p2a: Aerodactyl|Aerodactyl, L50, M|100/100\n|switch|p2b: Garchomp|Garchomp, L50, F|100/100\n|-ability|p2a: Aerodactyl|Pressure\n|turn|1\n|inactive|TimeforCHILLI has 30 seconds left.\n|inactive|TimeforCHILLI has 20 seconds left.\n|\n|t:|1776644136\n|detailschange|p1b: Scovillain|Scovillain-Mega, L50, F\n|-mega|p1b: Scovillain|Scovillain|Scovillainite\n|move|p2a: Aerodactyl|Tailwind|p2a: Aerodactyl\n|-sidestart|p2: Esper_Compleat|move: Tailwind\n|move|p2b: Garchomp|Iron Head|p1a: Glimmora\n|-supereffective|p1a: Glimmora|1\n|-damage|p1a: Glimmora|34/100\n|-activate|p1a: Glimmora|ability: Toxic Debris\n|-sidestart|p2: Esper_Compleat|move: Toxic Spikes\n|move|p1a: Glimmora|Power Gem|p2a: Aerodactyl\n|-supereffective|p2a: Aerodactyl|1\n|-enditem|p2a: Aerodactyl|Focus Sash\n|-damage|p2a: Aerodactyl|1/100\n|move|p1b: Scovillain|Leech Seed|p2b: Garchomp\n|-start|p2b: Garchomp|move: Leech Seed\n|\n|-damage|p2b: Garchomp|88/100|[from] Leech Seed|[of] p1b: Scovillain\n|upkeep\n|turn|2\n|inactive|TimeforCHILLI has 30 seconds left.\n|inactive|TimeforCHILLI has 20 seconds left.\n|inactive|TimeforCHILLI has 15 seconds left.\n|\n|t:|1776644178\n|switch|p2b: Kingambit|Kingambit, L50, F|100/100\n|move|p2a: Aerodactyl|Rock Slide|p1b: Scovillain|[spread] p1a\n|-miss|p2a: Aerodactyl|p1b: Scovillain\n|-damage|p1a: Glimmora|4/100\n|-activate|p1a: Glimmora|ability: Toxic Debris\n|-sidestart|p2: Esper_Compleat|move: Toxic Spikes\n|cant|p1a: Glimmora|flinch\n|move|p1b: Scovillain|Leech Seed|p2a: Aerodactyl\n|-start|p2a: Aerodactyl|move: Leech Seed\n|\n|-damage|p2a: Aerodactyl|0 fnt|[from] Leech Seed|[of] p1b: Scovillain\n|faint|p2a: Aerodactyl\n|upkeep\n|\n|t:|1776644197\n|switch|p2a: Floette|Floette-Eternal, L50, F|100/100\n|-status|p2a: Floette|tox\n|turn|3\n|inactive|TimeforCHILLI has 30 seconds left.\n|\n|t:|1776644224\n|detailschange|p2a: Floette|Floette-Mega, L50, F\n|-mega|p2a: Floette|Floette|Floettite\n|-ability|p2a: Floette|Fairy Aura\n|move|p2a: Floette|Dazzling Gleam|p1b: Scovillain|[spread] p1a,p1b\n|-resisted|p1a: Glimmora|1\n|-resisted|p1b: Scovillain|1\n|-damage|p1a: Glimmora|0 fnt\n|-damage|p1b: Scovillain|77/100\n|faint|p1a: Glimmora\n|move|p2b: Kingambit|Kowtow Cleave|p1b: Scovillain\n|-damage|p1b: Scovillain|9/100\n|-status|p2b: Kingambit|brn|[from] ability: Spicy Spray|[of] p1b: Scovillain\n|move|p1b: Scovillain|Flamethrower|p2b: Kingambit\n|-supereffective|p2b: Kingambit|1\n|-damage|p2b: Kingambit|19/100 brn\n|\n|-damage|p2a: Floette|94/100 tox|[from] psn\n|-damage|p2b: Kingambit|14/100 brn|[from] brn\n|upkeep\n|inactive|TimeforCHILLI has 30 seconds left.\n|\n|t:|1776644250\n|switch|p1a: Toxapex|Toxapex, L50, M|100/100\n|turn|4\n|\n|t:|1776644263\n|move|p1b: Scovillain|Protect|p1b: Scovillain\n|-singleturn|p1b: Scovillain|Protect\n|move|p2a: Floette|Dazzling Gleam|p1a: Toxapex|[spread] p1a\n|-activate|p1b: Scovillain|move: Protect\n|-resisted|p1a: Toxapex|1\n|-crit|p1a: Toxapex\n|-damage|p1a: Toxapex|68/100\n|move|p2b: Kingambit|Kowtow Cleave|p1a: Toxapex\n|-damage|p1a: Toxapex|44/100\n|move|p1a: Toxapex|Poison Jab|p2a: Floette\n|-supereffective|p2a: Floette|1\n|-crit|p2a: Floette\n|-damage|p2a: Floette|5/100 tox\n|\n|-heal|p1a: Toxapex|50/100|[from] item: Leftovers\n|-damage|p2a: Floette|0 fnt|[from] psn\n|faint|p2a: Floette\n|-damage|p2b: Kingambit|8/100 brn|[from] brn\n|-sideend|p2: Esper_Compleat|move: Tailwind\n|upkeep\n|\n|t:|1776644276\n|switch|p2a: Garchomp|Garchomp, L50, F|88/100\n|-status|p2a: Garchomp|tox\n|turn|5\n|\n|t:|1776644298\n|move|p2b: Kingambit|Protect|p2b: Kingambit\n|-singleturn|p2b: Kingambit|Protect\n|move|p1a: Toxapex|Baneful Bunker|p1a: Toxapex\n|-singleturn|p1a: Toxapex|move: Protect\n|move|p2a: Garchomp|Earthquake|p1a: Toxapex|[spread] p1b\n|-activate|p2b: Kingambit|move: Protect\n|-activate|p1a: Toxapex|move: Protect\n|-damage|p1b: Scovillain|0 fnt\n|faint|p1b: Scovillain\n|\n|-heal|p1a: Toxapex|55/100|[from] item: Leftovers\n|-damage|p2a: Garchomp|82/100 tox|[from] psn\n|-damage|p2b: Kingambit|2/100 brn|[from] brn\n|upkeep\n|\n|t:|1776644314\n|switch|p1b: Anonymous M|Mimikyu, L50, F|100/100\n|turn|6\n|\n|t:|1776644322\n|move|p2b: Kingambit|Sucker Punch||[still]\n|-fail|p2b: Kingambit\n|move|p2a: Garchomp|Earthquake|p1a: Toxapex|[spread] p2b,p1a,p1b\n|-supereffective|p2b: Kingambit|1\n|-supereffective|p1a: Toxapex|1\n|-damage|p2b: Kingambit|0 fnt\n|-damage|p1a: Toxapex|0 fnt\n|-activate|p1b: Anonymous M|ability: Disguise\n|-damage|p1b: Anonymous M|100/100\n|detailschange|p1b: Anonymous M|Mimikyu-Busted, L50, F\n|-damage|p1b: Anonymous M|88/100|[from] pokemon: Mimikyu-Busted\n|faint|p2b: Kingambit\n|faint|p1a: Toxapex\n|move|p1b: Anonymous M|Play Rough|p2a: Garchomp\n|-supereffective|p2a: Garchomp|1\n|-damage|p2a: Garchomp|27/100 tox\n|-enditem|p2a: Garchomp|Sitrus Berry|[eat]\n|-heal|p2a: Garchomp|51/100 tox|[from] item: Sitrus Berry\n|\n|-damage|p2a: Garchomp|39/100 tox|[from] psn\n|upkeep\n|turn|7\n|\n|t:|1776644342\n|move|p2a: Garchomp|Iron Head|p1b: Anonymous M\n|-supereffective|p1b: Anonymous M|1\n|-damage|p1b: Anonymous M|22/100\n|move|p1b: Anonymous M|Play Rough|p2a: Garchomp\n|-supereffective|p2a: Garchomp|1\n|-damage|p2a: Garchomp|0 fnt\n|faint|p2a: Garchomp\n|\n|win|TimeforCHILLI\n|raw|TimeforCHILLI's rating: 1095 &rarr; <strong>1120</strong><br />(+25 for winning)\n|raw|Esper_Compleat's rating: 1090 &rarr; <strong>1067</strong><br />(-23 for losing)\n|l|\u2606Esper_Compleat\n|player|p2|\n",
  "uploadtime": 1776644354,
  "views": 5,
  "formatid": "gen9championsvgc2026regma",
  "rating": 1067,
  "private": 0,
  "password": null
}