{
  "id": "gen9championsvgc2026regma-2583245649",
  "format": "[Gen 9 Champions] VGC 2026 Reg M-A",
  "players": [
    "RandomGuyInSchool",
    "ttrrtt"
  ],
  "log": "|j|\u2606RandomGuyInSchool\n|j|\u2606ttrrtt\n|t:|1776159010\n|gametype|doubles\n|player|p1|RandomGuyInSchool|schoolkid-gen4|1040\n|player|p2|ttrrtt|169|1092\n|gen|9\n|tier|[Gen 9 Champions] VGC 2026 Reg M-A\n|rated|\n|rule|Species Clause: Limit one of each Pok\u00e9mon\n|rule|Item Clause: Limit 1 of each item\n|clearpoke\n|poke|p1|Rotom-Wash, L50|\n|poke|p1|Incineroar, L50, F|\n|poke|p1|Sinistcha, L50|\n|poke|p1|Drampa, L50, M|\n|poke|p1|Floette-Eternal, L50, F|\n|poke|p1|Sneasler, L50, F|\n|poke|p2|Beedrill, L50, F|\n|poke|p2|Orthworm, L50, F|\n|poke|p2|Aegislash, L50, M|\n|poke|p2|Tyranitar, L50, F|\n|poke|p2|Sinistcha, L50|\n|poke|p2|Sneasler, L50, M|\n|teampreview|4\n|inactive|Battle timer is ON: inactive players will automatically lose when time's up. (requested by RandomGuyInSchool)\nRandomGuyInSchool rejected open team sheets.\n|inactive|RandomGuyInSchool has 60 seconds left.\n|\n|t:|1776159057\n|teamsize|p1|4\n|teamsize|p2|4\n|start\n|switch|p1a: Incineroar|Incineroar, L50, F|100/100\n|switch|p1b: Rotom|Rotom-Wash, L50|100/100\n|switch|p2a: Orthworm|Orthworm, L50, F|100/100\n|switch|p2b: Sneasler|Sneasler, L50, M|100/100\n|-ability|p1a: Incineroar|Intimidate|boost\n|-unboost|p2a: Orthworm|atk|1\n|-unboost|p2b: Sneasler|atk|1\n|turn|1\n|\n|t:|1776159071\n|move|p2b: Sneasler|Fake Out|p1a: Incineroar\n|-damage|p1a: Incineroar|94/100\n|cant|p1a: Incineroar|flinch\n|move|p1b: Rotom|Thunderbolt|p2a: Orthworm\n|-damage|p2a: Orthworm|61/100\n|move|p2a: Orthworm|Shed Tail|p2a: Orthworm\n|-start|p2a: Orthworm|Substitute|[from] move: Shed Tail\n|-damage|p2a: Orthworm|11/100\n|-enditem|p2a: Orthworm|Sitrus Berry|[eat]\n|-heal|p2a: Orthworm|36/100|[from] item: Sitrus Berry\n|\n|t:|1776159081\n|switch|p2a: Beedrill|Beedrill, L50, F|100/100|[from] Shed Tail\n|\n|upkeep\n|turn|2\n|\n|t:|1776159091\n|switch|p2b: Sinistcha|Sinistcha, L50|100/100\n|detailschange|p2a: Beedrill|Beedrill-Mega, L50, F\n|-mega|p2a: Beedrill|Beedrill|Beedrillite\n|move|p2a: Beedrill|Swords Dance|p2a: Beedrill\n|-boost|p2a: Beedrill|atk|2\n|move|p1b: Rotom|Thunderbolt|p2b: Sinistcha\n|-resisted|p2b: Sinistcha|1\n|-damage|p2b: Sinistcha|83/100\n|-status|p2b: Sinistcha|par\n|move|p1a: Incineroar|Parting Shot|p2a: Beedrill\n|-unboost|p2a: Beedrill|atk|1\n|-unboost|p2a: Beedrill|spa|1\n|\n|t:|1776159104\n|switch|p1a: Sinistcha|Sinistcha, L50|100/100|[from] Parting Shot\n|\n|-heal|p2b: Sinistcha|89/100 par|[from] item: Leftovers\n|upkeep\n|turn|3\n|\n|t:|1776159129\n|switch|p1b: Drampa|Drampa, L50, M|100/100\n|-ability|p1b: Drampa|Cloud Nine\n|switch|p1a: Incineroar|Incineroar, L50, F|94/100\n|-ability|p1a: Incineroar|Intimidate|boost\n|-immune|p2a: Beedrill\n|-unboost|p2b: Sinistcha|atk|1\n|move|p2b: Sinistcha|Rage Powder|p2b: Sinistcha\n|-singleturn|p2b: Sinistcha|move: Rage Powder\n|move|p2a: Beedrill|Poison Jab|p1a: Incineroar\n|-damage|p1a: Incineroar|33/100\n|-status|p1a: Incineroar|psn\n|\n|-heal|p2b: Sinistcha|95/100 par|[from] item: Leftovers\n|-damage|p1a: Incineroar|21/100 psn|[from] psn\n|upkeep\n|turn|4\n|\n|t:|1776159153\n|detailschange|p1b: Drampa|Drampa-Mega, L50, M\n|-mega|p1b: Drampa|Drampa|Drampanite\n|move|p1a: Incineroar|Helping Hand|p1b: Drampa\n|-singleturn|p1b: Drampa|Helping Hand|[of] p1a: Incineroar\n|move|p2b: Sinistcha|Rage Powder|p2b: Sinistcha\n|-singleturn|p2b: Sinistcha|move: Rage Powder\n|move|p2a: Beedrill|Fell Stinger|p1a: Incineroar\n|-damage|p1a: Incineroar|0 fnt\n|faint|p1a: Incineroar\n|-boost|p2a: Beedrill|atk|3\n|move|p1b: Drampa|Hyper Voice|p2b: Sinistcha|[spread] p2a\n|-immune|p2b: Sinistcha\n|-damage|p2a: Beedrill|0 fnt\n|faint|p2a: Beedrill\n|\n|-heal|p2b: Sinistcha|100/100 par|[from] item: Leftovers\n|upkeep\n|\n|t:|1776159170\n|switch|p2a: Sneasler|Sneasler, L50, M|100/100\n|switch|p1a: Rotom|Rotom-Wash, L50|100/100\n|turn|5\n|\n|t:|1776159183\n|move|p1b: Drampa|Protect|p1b: Drampa\n|-singleturn|p1b: Drampa|Protect\n|move|p2a: Sneasler|Fake Out|p1b: Drampa\n|-activate|p1b: Drampa|move: Protect\n|move|p1a: Rotom|Will-O-Wisp|p2a: Sneasler\n|-status|p2a: Sneasler|brn\n|move|p2b: Sinistcha|Matcha Gotcha|p1a: Rotom|[spread] p1a\n|-activate|p1b: Drampa|move: Protect\n|-supereffective|p1a: Rotom|1\n|-damage|p1a: Rotom|46/100\n|\n|-damage|p2a: Sneasler|95/100 brn|[from] brn\n|upkeep\n|turn|6\n|inactive|RandomGuyInSchool has 30 seconds left.\n|\n|t:|1776159210\n|switch|p1a: Sinistcha|Sinistcha, L50|100/100\n|switch|p2a: Orthworm|Orthworm, L50, F|36/100\n|move|p1b: Drampa|Calm Mind|p1b: Drampa\n|-boost|p1b: Drampa|spa|1\n|-boost|p1b: Drampa|spd|1\n|move|p2b: Sinistcha|Matcha Gotcha|p1b: Drampa|[spread] p1b\n|-miss|p2b: Sinistcha|p1a: Sinistcha\n|-resisted|p1b: Drampa|1\n|-damage|p1b: Drampa|93/100\n|-status|p1b: Drampa|brn\n|\n|-damage|p1b: Drampa|88/100 brn|[from] brn\n|upkeep\n|turn|7\n|\n|t:|1776159234\n|move|p1b: Drampa|Protect|p1b: Drampa\n|-singleturn|p1b: Drampa|Protect\n|move|p2a: Orthworm|Iron Head|p1b: Drampa\n|-activate|p1b: Drampa|move: Protect\n|move|p2b: Sinistcha|Strength Sap|p1b: Drampa\n|-activate|p1b: Drampa|move: Protect\n|move|p1a: Sinistcha|Trick Room|p1a: Sinistcha\n|-fieldstart|move: Trick Room|[of] p1a: Sinistcha\n|\n|-damage|p1b: Drampa|82/100 brn|[from] brn\n|upkeep\n|turn|8\n|-message|ttrrtt forfeited.\n|\n|win|RandomGuyInSchool\n|raw|RandomGuyInSchool's rating: 1040 &rarr; <strong>1079</strong><br />(+39 for winning)\n|raw|ttrrtt's rating: 1092 &rarr; <strong>1065</strong><br />(-27 for losing)\n|l|\u2606ttrrtt\n|player|p2|\n",
  "uploadtime": 1776159245,
  "views": 18,
  "formatid": "gen9championsvgc2026regma",
  "rating": 1065,
  "private": 0,
  "password": null
}