{
  "id": "gen9championsvgc2026regma-2584867802",
  "format": "[Gen 9 Champions] VGC 2026 Reg M-A",
  "players": [
    "yuriimon",
    "PeePooBum"
  ],
  "log": "|j|\u2606yuriimon\n|j|\u2606PeePooBum\n|t:|1776289999\n|gametype|doubles\n|player|p1|yuriimon|waitress-gen4|1132\n|player|p2|PeePooBum|169|1177\n|gen|9\n|tier|[Gen 9 Champions] VGC 2026 Reg M-A\n|rated|\n|rule|Species Clause: Limit one of each Pok\u00e9mon\n|rule|Item Clause: Limit 1 of each item\n|clearpoke\n|poke|p1|Glimmora, L50, F|\n|poke|p1|Incineroar, L50, M|\n|poke|p1|Archaludon, L50, F|\n|poke|p1|Politoed, L50, M|\n|poke|p1|Basculegion, L50, M|\n|poke|p1|Chesnaught, L50, F|\n|poke|p2|Lopunny, L50, F|\n|poke|p2|Sableye, L50, M|\n|poke|p2|Araquanid, L50, F|\n|poke|p2|Mamoswine, L50, M|\n|poke|p2|Corviknight, L50, M|\n|poke|p2|Flapple, L50, F|\n|teampreview|4\n|inactive|Battle timer is ON: inactive players will automatically lose when time's up. (requested by yuriimon)\n|inactive|PeePooBum has 60 seconds left.\n|inactive|PeePooBum has 30 seconds left.\n|\n|t:|1776290062\n|teamsize|p1|4\n|teamsize|p2|4\n|start\n|switch|p1a: Chesnaught|Chesnaught, L50, F|100/100\n|switch|p1b: Incineroar|Incineroar, L50, M|100/100\n|switch|p2a: Sableye|Sableye, L50, M|100/100\n|switch|p2b: Corviknight|Corviknight, L50, M|100/100\n|-ability|p1b: Incineroar|Intimidate|boost\n|-unboost|p2a: Sableye|atk|1\n|-ability|p2b: Corviknight|Mirror Armor\n|-unboost|p1b: Incineroar|atk|1\n|turn|1\n|\n|t:|1776290084\n|detailschange|p1a: Chesnaught|Chesnaught-Mega, L50, F\n|-mega|p1a: Chesnaught|Chesnaught|Chesnaughtite\n|move|p1b: Incineroar|Fake Out|p2b: Corviknight\n|-resisted|p2b: Corviknight|1\n|-damage|p2b: Corviknight|98/100\n|move|p2a: Sableye|Fake Out|p1a: Chesnaught\n|-damage|p1a: Chesnaught|97/100\n|cant|p2b: Corviknight|flinch\n|cant|p1a: Chesnaught|flinch\n|\n|upkeep\n|turn|2\n|c|\u2606PeePooBum|Why is his sprite so small lmao\n|inactive|PeePooBum has 30 seconds left.\n|inactive|PeePooBum has 20 seconds left.\n|inactive|PeePooBum has 15 seconds left.\n|\n|t:|1776290125\n|move|p2a: Sableye|Gravity|p2a: Sableye\n|-fieldstart|move: Gravity\n|move|p2b: Corviknight|Tailwind|p2b: Corviknight\n|-sidestart|p2: PeePooBum|move: Tailwind\n|move|p1b: Incineroar|Flare Blitz|p2b: Corviknight\n|-supereffective|p2b: Corviknight|1\n|-damage|p2b: Corviknight|45/100\n|-enditem|p2b: Corviknight|Sitrus Berry|[eat]\n|-heal|p2b: Corviknight|70/100|[from] item: Sitrus Berry\n|-damage|p1b: Incineroar|82/100|[from] Recoil\n|move|p1a: Chesnaught|Iron Defense|p1a: Chesnaught\n|-boost|p1a: Chesnaught|def|2\n|\n|upkeep\n|turn|3\n|\n|t:|1776290143\n|switch|p2a: Flapple|Flapple, L50, F|100/100\n|switch|p1b: Politoed|Politoed, L50, M|100/100\n|-weather|RainDance|[from] ability: Drizzle|[of] p1b: Politoed\n|move|p1a: Chesnaught|Protect|p1a: Chesnaught\n|-singleturn|p1a: Chesnaught|Protect\n|move|p2b: Corviknight|Brave Bird|p1a: Chesnaught\n|-activate|p1a: Chesnaught|move: Protect\n|\n|-weather|RainDance|[upkeep]\n|upkeep\n|turn|4\n|\n|t:|1776290167\n|move|p1b: Politoed|Protect|p1b: Politoed\n|-singleturn|p1b: Politoed|Protect\n|move|p2a: Flapple|Grav Apple|p1b: Politoed\n|-activate|p1b: Politoed|move: Protect\n|move|p2b: Corviknight|Brave Bird|p1a: Chesnaught\n|-supereffective|p1a: Chesnaught|2\n|-damage|p1a: Chesnaught|36/100\n|-damage|p2b: Corviknight|54/100|[from] Recoil\n|move|p1a: Chesnaught|Body Press|p2a: Flapple\n|-damage|p2a: Flapple|0 fnt\n|faint|p2a: Flapple\n|\n|-weather|RainDance|[upkeep]\n|upkeep\n|\n|t:|1776290185\n|switch|p2a: Lopunny|Lopunny, L50, F|100/100\n|turn|5\n|\n|t:|1776290193\n|switch|p1b: Incineroar|Incineroar, L50, M|82/100\n|-ability|p1b: Incineroar|Intimidate|boost\n|-unboost|p2a: Lopunny|atk|1\n|-ability|p2b: Corviknight|Mirror Armor\n|-unboost|p1b: Incineroar|atk|1\n|detailschange|p2a: Lopunny|Lopunny-Mega, L50, F\n|-mega|p2a: Lopunny|Lopunny|Lopunnite\n|move|p1a: Chesnaught|Protect|p1a: Chesnaught\n|-singleturn|p1a: Chesnaught|Protect\n|move|p2a: Lopunny|Fake Out|p1b: Incineroar\n|-damage|p1b: Incineroar|70/100\n|move|p2b: Corviknight|Brave Bird|p1a: Chesnaught\n|-activate|p1a: Chesnaught|move: Protect\n|\n|-weather|RainDance|[upkeep]\n|-sideend|p2: PeePooBum|move: Tailwind\n|upkeep\n|turn|6\n|inactive|PeePooBum has 30 seconds left.\n|inactive|PeePooBum has 20 seconds left.\n|\n|t:|1776290232\n|move|p1b: Incineroar|Fake Out|p2b: Corviknight\n|-resisted|p2b: Corviknight|1\n|-damage|p2b: Corviknight|52/100\n|move|p2a: Lopunny|Close Combat|p1b: Incineroar\n|-supereffective|p1b: Incineroar|1\n|-damage|p1b: Incineroar|0 fnt\n|-unboost|p2a: Lopunny|def|1\n|-unboost|p2a: Lopunny|spd|1\n|faint|p1b: Incineroar\n|cant|p2b: Corviknight|flinch\n|move|p1a: Chesnaught|Body Press|p2a: Lopunny\n|-supereffective|p2a: Lopunny|1\n|-damage|p2a: Lopunny|0 fnt\n|faint|p2a: Lopunny\n|\n|-weather|RainDance|[upkeep]\n|-fieldend|move: Gravity\n|upkeep\n|\n|t:|1776290255\n|switch|p2a: Sableye|Sableye, L50, M|100/100\n|switch|p1b: Glimmora|Glimmora, L50, F|100/100\n|turn|7\n|\n|t:|1776290270\n|move|p1b: Glimmora|Protect|p1b: Glimmora\n|-singleturn|p1b: Glimmora|Protect\n|move|p1a: Chesnaught|Protect|p1a: Chesnaught\n|-singleturn|p1a: Chesnaught|Protect\n|move|p2a: Sableye|Fake Out|p1a: Chesnaught\n|-activate|p1a: Chesnaught|move: Protect\n|move|p2b: Corviknight|Iron Head|p1b: Glimmora\n|-activate|p1b: Glimmora|move: Protect\n|\n|-weather|none\n|upkeep\n|turn|8\n|\n|t:|1776290292\n|move|p2a: Sableye|Quash|p1b: Glimmora\n|-activate|p1b: Glimmora|move: Quash\n|move|p2b: Corviknight|Iron Head|p1b: Glimmora\n|-supereffective|p1b: Glimmora|1\n|-damage|p1b: Glimmora|28/100\n|-activate|p1b: Glimmora|ability: Toxic Debris\n|-sidestart|p2: PeePooBum|move: Toxic Spikes\n|move|p1a: Chesnaught|Body Press|p2b: Corviknight\n|-damage|p2b: Corviknight|0 fnt\n|faint|p2b: Corviknight\n|move|p1b: Glimmora|Power Gem|p2a: Sableye\n|-damage|p2a: Sableye|52/100\n|\n|upkeep\n|turn|9\n|\n|t:|1776290311\n|move|p1b: Glimmora|Power Gem|p2a: Sableye\n|-damage|p2a: Sableye|4/100\n|move|p2a: Sableye|Foul Play|p1b: Glimmora\n|-damage|p1b: Glimmora|9/100\n|-activate|p1b: Glimmora|ability: Toxic Debris\n|-sidestart|p2: PeePooBum|move: Toxic Spikes\n|move|p1a: Chesnaught|Poison Jab|p2a: Sableye\n|-resisted|p2a: Sableye|1\n|-damage|p2a: Sableye|0 fnt\n|faint|p2a: Sableye\n|\n|win|yuriimon\n|raw|yuriimon's rating: 1132 &rarr; <strong>1160</strong><br />(+28 for winning)\n|raw|PeePooBum's rating: 1177 &rarr; <strong>1149</strong><br />(-28 for losing)\n|l|\u2606PeePooBum\n|player|p2|\n",
  "uploadtime": 1776290323,
  "views": 21,
  "formatid": "gen9championsvgc2026regma",
  "rating": 1149,
  "private": 0,
  "password": null
}