{
  "id": "gen9championsvgc2026regma-2588547912",
  "format": "[Gen 9 Champions] VGC 2026 Reg M-A",
  "players": [
    "Baws381",
    "Sahea"
  ],
  "log": "|j|\u2606Baws381\n|j|\u2606Sahea\n|html|<table width=\"100%\"><tr><td align=\"left\">Baws381</td><td align=\"right\">Sahea</tr><tr><td align=\"left\"><i class=\"fa fa-circle\"></i> <i class=\"fa fa-circle-o\"></i> </td><td align=\"right\"><i class=\"fa fa-circle-o\"></i> <i class=\"fa fa-circle-o\"></i> </tr></table>\n|uhtml|bestof|<h2><strong>Game 2</strong> of <a href=\"/game-bestof3-gen9championsvgc2026regma-2588541567\">a best-of-3</a></h2>\n|t:|1776643807\n|gametype|doubles\n|player|p1|Baws381|steven|\n|player|p2|Sahea|169|\n|gen|9\n|tier|[Gen 9 Champions] VGC 2026 Reg M-A\n|rule|Species Clause: Limit one of each Pok\u00e9mon\n|rule|Item Clause: Limit 1 of each item\n|raw|<div class=\"infobox\"><details class=\"readmore\" open><summary><strong>1 custom rule:</strong></summary> Best of = 3</details></div>\n|clearpoke\n|poke|p1|Charizard, L50, F|\n|poke|p1|Venusaur, L50, F|\n|poke|p1|Farigiraf, L50, F|\n|poke|p1|Kingambit, L50, F|\n|poke|p1|Golurk, L50|\n|poke|p1|Vaporeon, L50, M|\n|poke|p2|Floette-Eternal, L50, F, shiny|\n|poke|p2|Garchomp, L50, M, shiny|\n|poke|p2|Aerodactyl, L50, M, shiny|\n|poke|p2|Rotom-Heat, L50, shiny|\n|poke|p2|Meowscarada, L50, F, shiny|\n|poke|p2|Tinkaton, L50, F, shiny|\n|teampreview|4\n|j| Midbus1\nBaws381 rejected open team sheets.\n|c|\u2606Sahea|Sorry thinking\n|\n|t:|1776644044\n|teamsize|p1|4\n|teamsize|p2|4\n|start\n|switch|p1a: Farigiraf|Farigiraf, L50, F|100/100\n|switch|p1b: Golurk|Golurk, L50|100/100\n|switch|p2a: Meowscarada|Meowscarada, L50, F, shiny|100/100\n|switch|p2b: Aerodactyl|Aerodactyl, L50, M, shiny|100/100\n|-ability|p2b: Aerodactyl|Unnerve\n|turn|1\n|\n|t:|1776644114\n|move|p2b: Aerodactyl|Rock Slide|p1a: Farigiraf|[spread] p1b\n|-miss|p2b: Aerodactyl|p1a: Farigiraf\n|-resisted|p1b: Golurk|1\n|-damage|p1b: Golurk|82/100\n|move|p2a: Meowscarada|Knock Off|p1a: Farigiraf\n|-start|p2a: Meowscarada|typechange|Dark|[from] ability: Protean\n|-supereffective|p1a: Farigiraf|1\n|-damage|p1a: Farigiraf|27/100\n|-enditem|p1a: Farigiraf|Mental Herb|[from] move: Knock Off|[of] p2a: Meowscarada\n|move|p1b: Golurk|Ice Punch|p2a: Meowscarada\n|-damage|p2a: Meowscarada|50/100\n|move|p1a: Farigiraf|Trick Room|p1a: Farigiraf\n|-fieldstart|move: Trick Room|[of] p1a: Farigiraf\n|\n|upkeep\n|turn|2\n|\n|t:|1776644146\n|move|p2a: Meowscarada|Protect|p2a: Meowscarada\n|-singleturn|p2a: Meowscarada|Protect\n|move|p1b: Golurk|Ice Punch|p2b: Aerodactyl\n|-supereffective|p2b: Aerodactyl|1\n|-damage|p2b: Aerodactyl|3/100\n|-status|p2b: Aerodactyl|frz\n|move|p1a: Farigiraf|Dazzling Gleam|p2a: Meowscarada|[spread] p2b\n|-activate|p2a: Meowscarada|move: Protect\n|-damage|p2b: Aerodactyl|0 fnt\n|faint|p2b: Aerodactyl\n|\n|upkeep\n|\n|t:|1776644159\n|switch|p2b: Floette|Floette-Eternal, L50, F, shiny|100/100\n|turn|3\n|\n|t:|1776644202\n|switch|p2a: Garchomp|Garchomp, L50, M, shiny|100/100\n|detailschange|p2b: Floette|Floette-Mega, L50, F, shiny\n|-mega|p2b: Floette|Floette|Floettite\n|-ability|p2b: Floette|Fairy Aura\n|move|p1b: Golurk|Headlong Rush|p2b: Floette\n|-damage|p2b: Floette|1/100\n|-unboost|p1b: Golurk|def|1\n|-unboost|p1b: Golurk|spd|1\n|-enditem|p1b: Golurk|White Herb\n|-clearnegativeboost|p1b: Golurk|[silent]\n|move|p1a: Farigiraf|Dazzling Gleam|p2a: Garchomp|[spread] p2a,p2b\n|-supereffective|p2a: Garchomp|1\n|-damage|p2a: Garchomp|56/100\n|-damage|p2b: Floette|0 fnt\n|faint|p2b: Floette\n|\n|upkeep\n|\n|t:|1776644217\n|switch|p2b: Meowscarada|Meowscarada, L50, F, shiny|50/100\n|turn|4\n|l| Midbus1\n|\n|t:|1776644247\n|move|p2a: Garchomp|Protect|p2a: Garchomp\n|-singleturn|p2a: Garchomp|Protect\n|move|p2b: Meowscarada|Protect|p2b: Meowscarada\n|-start|p2b: Meowscarada|typechange|Normal|[from] ability: Protean\n|-singleturn|p2b: Meowscarada|Protect\n|move|p1b: Golurk|Ice Punch|p2b: Meowscarada\n|-activate|p2b: Meowscarada|move: Protect\n|move|p1a: Farigiraf|Dazzling Gleam|p2b: Meowscarada|[spread] \n|-activate|p2a: Garchomp|move: Protect\n|-activate|p2b: Meowscarada|move: Protect\n|\n|upkeep\n|turn|5\n|\n|t:|1776644259\n|move|p2a: Garchomp|Protect|p2a: Garchomp\n|-singleturn|p2a: Garchomp|Protect\n|move|p2b: Meowscarada|Protect||[still]\n|-fail|p2b: Meowscarada\n|move|p1b: Golurk|Ice Punch|p2a: Garchomp\n|-activate|p2a: Garchomp|move: Protect\n|move|p1a: Farigiraf|Psychic|p2b: Meowscarada\n|-damage|p2b: Meowscarada|3/100\n|\n|-fieldend|move: Trick Room\n|upkeep\n|turn|6\n|\n|t:|1776644281\n|move|p1b: Golurk|Protect|p1b: Golurk\n|-singleturn|p1b: Golurk|Protect\n|move|p2b: Meowscarada|Knock Off|p1b: Golurk\n|-activate|p1b: Golurk|move: Protect\n|move|p2a: Garchomp|Earthquake|p1b: Golurk|[spread] p2b,p1a\n|-activate|p1b: Golurk|move: Protect\n|-crit|p2b: Meowscarada\n|-damage|p2b: Meowscarada|0 fnt\n|-damage|p1a: Farigiraf|0 fnt\n|faint|p2b: Meowscarada\n|faint|p1a: Farigiraf\n|\n|upkeep\n|c|\u2606Sahea|ggs\n|-message|Sahea forfeited.\n|\n|win|Baws381\n|l|\u2606Sahea\n|player|p2|\n|c|\u2606Baws381|Gg\n|c|\u2606Baws381|https://replay.pokemonshowdown.com/gen9championsvgc2026regma-2588541568\n",
  "uploadtime": 1776644302,
  "views": 20,
  "formatid": "gen9championsvgc2026regma",
  "rating": null,
  "private": 0,
  "password": null
}