{
  "id": "gen9championsvgc2026regma-2583878228",
  "format": "[Gen 9 Champions] VGC 2026 Reg M-A",
  "players": [
    "FizzKing",
    "randomtransgirly"
  ],
  "log": "|j|\u2606FizzKing\n|j|\u2606randomtransgirly\n|t:|1776204823\n|gametype|doubles\n|player|p1|FizzKing|2|1086\n|player|p2|randomtransgirly|hilda|1021\n|gen|9\n|tier|[Gen 9 Champions] VGC 2026 Reg M-A\n|rated|\n|rule|Species Clause: Limit one of each Pok\u00e9mon\n|rule|Item Clause: Limit 1 of each item\n|clearpoke\n|poke|p1|Lopunny, L50, F|\n|poke|p1|Torkoal, L50, M|\n|poke|p1|Typhlosion-Hisui, L50, F|\n|poke|p1|Blastoise, L50, M|\n|poke|p1|Farigiraf, L50, M|\n|poke|p1|Incineroar, L50, M|\n|poke|p2|Aggron, L50, F|\n|poke|p2|Toxapex, L50, F|\n|poke|p2|Corviknight, L50, M|\n|poke|p2|Aegislash, L50, M|\n|poke|p2|Incineroar, L50, F|\n|poke|p2|Alakazam, L50, M|\n|teampreview|4\nrandomtransgirly rejected open team sheets.\n|c|\u2606randomtransgirly|glhf\n|\n|t:|1776204867\n|teamsize|p1|4\n|teamsize|p2|4\n|start\n|switch|p1a: Lopunny|Lopunny, L50, F|100/100\n|switch|p1b: Torkoal|Torkoal, L50, M|100/100\n|switch|p2a: Toxapex|Toxapex, L50, F|100/100\n|switch|p2b: Incineroar|Incineroar, L50, F|100/100\n|-ability|p2b: Incineroar|Intimidate|boost\n|-unboost|p1a: Lopunny|atk|1\n|-unboost|p1b: Torkoal|atk|1\n|-weather|SunnyDay|[from] ability: Drought|[of] p1b: Torkoal\n|turn|1\n|c|\u2606FizzKing|glgl\n|\n|t:|1776204894\n|move|p1b: Torkoal|Protect|p1b: Torkoal\n|-singleturn|p1b: Torkoal|Protect\n|move|p1a: Lopunny|Fake Out|p2b: Incineroar\n|-damage|p2b: Incineroar|93/100\n|cant|p2b: Incineroar|flinch\n|move|p2a: Toxapex|Toxic|p1a: Lopunny\n|-status|p1a: Lopunny|tox\n|\n|-weather|SunnyDay|[upkeep]\n|-damage|p1a: Lopunny|95/100 tox|[from] psn\n|upkeep\n|turn|2\n|\n|t:|1776204919\n|detailschange|p1a: Lopunny|Lopunny-Mega, L50, F\n|-mega|p1a: Lopunny|Lopunny|Lopunnite\n|move|p2b: Incineroar|Protect|p2b: Incineroar\n|-singleturn|p2b: Incineroar|Protect\n|move|p1a: Lopunny|After You|p1b: Torkoal\n|-activate|p1b: Torkoal|move: After You\n|move|p1b: Torkoal|Eruption|p2b: Incineroar|[spread] p2a\n|-activate|p2b: Incineroar|move: Protect\n|-resisted|p2a: Toxapex|1\n|-damage|p2a: Toxapex|72/100\n|move|p2a: Toxapex|Toxic|p1b: Torkoal\n|-status|p1b: Torkoal|tox\n|\n|-weather|SunnyDay|[upkeep]\n|-damage|p1a: Lopunny|83/100 tox|[from] psn\n|-damage|p1b: Torkoal|94/100 tox|[from] psn\n|upkeep\n|turn|3\n|\n|t:|1776204942\n|move|p1a: Lopunny|Close Combat|p2b: Incineroar\n|-supereffective|p2b: Incineroar|1\n|-damage|p2b: Incineroar|29/100\n|-unboost|p1a: Lopunny|def|1\n|-unboost|p1a: Lopunny|spd|1\n|move|p2b: Incineroar|Taunt|p1a: Lopunny\n|-start|p1a: Lopunny|move: Taunt\n|move|p2a: Toxapex|Recover|p2a: Toxapex\n|-heal|p2a: Toxapex|100/100\n|move|p1b: Torkoal|Solar Beam||[still]\n|-prepare|p1b: Torkoal|Solar Beam\n|-anim|p1b: Torkoal|Solar Beam|p2a: Toxapex\n|-damage|p2a: Toxapex|76/100\n|\n|-weather|SunnyDay|[upkeep]\n|-damage|p1a: Lopunny|66/100 tox|[from] psn\n|-damage|p1b: Torkoal|82/100 tox|[from] psn\n|upkeep\n|turn|4\n|\n|t:|1776204976\n|switch|p1a: Incineroar|Incineroar, L50, M|100/100\n|-ability|p1a: Incineroar|Intimidate|boost\n|-unboost|p2a: Toxapex|atk|1\n|-unboost|p2b: Incineroar|atk|1\n|switch|p1b: Farigiraf|Farigiraf, L50, M|100/100\n|move|p2b: Incineroar|Protect|p2b: Incineroar\n|-singleturn|p2b: Incineroar|Protect\n|move|p2a: Toxapex|Recover|p2a: Toxapex\n|-heal|p2a: Toxapex|100/100\n|\n|-weather|SunnyDay|[upkeep]\n|upkeep\n|turn|5\n|\n|t:|1776205021\n|switch|p2b: Corviknight|Corviknight, L50, M|100/100\n|-ability|p2b: Corviknight|Pressure\n|move|p1a: Incineroar|Fake Out|p2a: Toxapex|[miss]\n|-miss|p1a: Incineroar|p2a: Toxapex\n|move|p1b: Farigiraf|Psychic|p2a: Toxapex\n|-supereffective|p2a: Toxapex|1\n|-damage|p2a: Toxapex|36/100\n|move|p2a: Toxapex|Toxic|p1b: Farigiraf\n|-status|p1b: Farigiraf|tox\n|\n|-weather|none\n|-damage|p1b: Farigiraf|94/100 tox|[from] psn\n|upkeep\n|turn|6\n|\n|t:|1776205048\n|switch|p2a: Aegislash|Aegislash, L50, M|100/100\n|move|p2b: Corviknight|Iron Defense|p2b: Corviknight\n|-boost|p2b: Corviknight|def|2\n|move|p1a: Incineroar|Flare Blitz|p2b: Corviknight\n|-supereffective|p2b: Corviknight|1\n|-damage|p2b: Corviknight|65/100\n|-damage|p1a: Incineroar|86/100|[from] Recoil\n|move|p1b: Farigiraf|Psychic|p2a: Aegislash\n|-resisted|p2a: Aegislash|1\n|-damage|p2a: Aegislash|87/100\n|-unboost|p2a: Aegislash|spd|1\n|\n|-heal|p2a: Aegislash|93/100|[from] item: Leftovers\n|-damage|p1b: Farigiraf|82/100 tox|[from] psn\n|upkeep\n|turn|7\n|\n|t:|1776205108\n|move|p2b: Corviknight|Iron Defense|p2b: Corviknight\n|-boost|p2b: Corviknight|def|2\n|move|p1a: Incineroar|Parting Shot|p2a: Aegislash\n|-unboost|p2a: Aegislash|atk|1\n|-unboost|p2a: Aegislash|spa|1\n|\n|t:|1776205115\n|switch|p1a: Torkoal|Torkoal, L50, M|82/100 tox|[from] Parting Shot\n|-weather|SunnyDay|[from] ability: Drought|[of] p1a: Torkoal\n|-formechange|p2a: Aegislash|Aegislash-Blade|\n|move|p2a: Aegislash|Flash Cannon|p1b: Farigiraf\n|-damage|p1b: Farigiraf|57/100 tox\n|move|p1b: Farigiraf|Trick Room|p1b: Farigiraf\n|-fieldstart|move: Trick Room|[of] p1b: Farigiraf\n|\n|-weather|SunnyDay|[upkeep]\n|-heal|p2a: Aegislash|99/100|[from] item: Leftovers\n|-damage|p1a: Torkoal|76/100 tox|[from] psn\n|-damage|p1b: Farigiraf|38/100 tox|[from] psn\n|upkeep\n|turn|8\n|\n|t:|1776205146\n|switch|p1b: Lopunny|Lopunny-Mega, L50, F|66/100 tox\n|-formechange|p2a: Aegislash|Aegislash|\n|move|p2a: Aegislash|King's Shield|p2a: Aegislash\n|-singleturn|p2a: Aegislash|Protect\n|move|p1a: Torkoal|Eruption|p2a: Aegislash|[spread] p2b\n|-activate|p2a: Aegislash|move: Protect\n|-supereffective|p2b: Corviknight|1\n|-damage|p2b: Corviknight|0 fnt\n|faint|p2b: Corviknight\n|\n|-weather|SunnyDay|[upkeep]\n|-heal|p2a: Aegislash|100/100|[from] item: Leftovers\n|-damage|p1a: Torkoal|64/100 tox|[from] psn\n|-damage|p1b: Lopunny|60/100 tox|[from] psn\n|upkeep\n|\n|t:|1776205159\n|switch|p2b: Incineroar|Incineroar, L50, F|29/100\n|-ability|p2b: Incineroar|Intimidate|boost\n|-unboost|p1a: Torkoal|atk|1\n|-fail|p1b: Lopunny|unboost|Attack|[from] ability: Scrappy|[of] p1b: Lopunny\n|turn|9\n|\n|t:|1776205210\n|switch|p2a: Toxapex|Toxapex, L50, F|69/100\n|move|p2b: Incineroar|Fake Out|p1b: Lopunny\n|-damage|p1b: Lopunny|47/100 tox\n|move|p1a: Torkoal|Eruption|p2b: Incineroar|[spread] p2a,p2b\n|-resisted|p2a: Toxapex|1\n|-resisted|p2b: Incineroar|1\n|-damage|p2a: Toxapex|50/100\n|-damage|p2b: Incineroar|10/100\n|cant|p1b: Lopunny|flinch\n|\n|-weather|SunnyDay|[upkeep]\n|-damage|p1a: Torkoal|45/100 tox|[from] psn\n|-damage|p1b: Lopunny|35/100 tox|[from] psn\n|upkeep\n|turn|10\n|\n|t:|1776205242\n|move|p2b: Incineroar|Protect|p2b: Incineroar\n|-singleturn|p2b: Incineroar|Protect\n|move|p1a: Torkoal|Heat Wave|p2a: Toxapex|[spread] p2a\n|-activate|p2b: Incineroar|move: Protect\n|-resisted|p2a: Toxapex|1\n|-damage|p2a: Toxapex|32/100\n|move|p2a: Toxapex|Recover|p2a: Toxapex\n|-heal|p2a: Toxapex|82/100\n|move|p1b: Lopunny|Close Combat|p2a: Toxapex\n|-resisted|p2a: Toxapex|1\n|-damage|p2a: Toxapex|61/100\n|-unboost|p1b: Lopunny|def|1\n|-unboost|p1b: Lopunny|spd|1\n|\n|-weather|SunnyDay|[upkeep]\n|-damage|p1a: Torkoal|21/100 tox|[from] psn\n|-damage|p1b: Lopunny|18/100 tox|[from] psn\n|upkeep\n|turn|11\n|\n|t:|1776205314\n|switch|p2b: Aegislash|Aegislash, L50, M|100/100\n|move|p1a: Torkoal|Heat Wave|p2a: Toxapex|[spread] p2a,p2b\n|-resisted|p2a: Toxapex|1\n|-supereffective|p2b: Aegislash|1\n|-damage|p2a: Toxapex|42/100\n|-damage|p2b: Aegislash|36/100\n|move|p2a: Toxapex|Recover|p2a: Toxapex\n|-heal|p2a: Toxapex|92/100\n|move|p1b: Lopunny|Close Combat|p2a: Toxapex\n|-resisted|p2a: Toxapex|1\n|-damage|p2a: Toxapex|72/100\n|-unboost|p1b: Lopunny|def|1\n|-unboost|p1b: Lopunny|spd|1\n|\n|-weather|none\n|-heal|p2b: Aegislash|42/100|[from] item: Leftovers\n|-damage|p1a: Torkoal|0 fnt|[from] psn\n|faint|p1a: Torkoal\n|-damage|p1b: Lopunny|0 fnt|[from] psn\n|faint|p1b: Lopunny\n|-fieldend|move: Trick Room\n|upkeep\n|\n|t:|1776205333\n|switch|p1b: Farigiraf|Farigiraf, L50, M|38/100 tox\n|switch|p1a: Incineroar|Incineroar, L50, M|86/100\n|-ability|p1a: Incineroar|Intimidate|boost\n|-unboost|p2a: Toxapex|atk|1\n|-unboost|p2b: Aegislash|atk|1\n|turn|12\n|\n|t:|1776205367\n|move|p1a: Incineroar|Fake Out|p2a: Toxapex\n|-damage|p2a: Toxapex|62/100\n|-formechange|p2b: Aegislash|Aegislash-Blade|\n|move|p2b: Aegislash|Flash Cannon|p1b: Farigiraf\n|-damage|p1b: Farigiraf|3/100 tox\n|move|p1b: Farigiraf|Psychic|p2a: Toxapex|[miss]\n|-miss|p1b: Farigiraf|p2a: Toxapex\n|cant|p2a: Toxapex|flinch\n|\n|-heal|p2b: Aegislash|48/100|[from] item: Leftovers\n|-damage|p1b: Farigiraf|0 fnt|[from] psn\n|faint|p1b: Farigiraf\n|upkeep\n|turn|13\n|\n|t:|1776205445\n|-formechange|p2b: Aegislash|Aegislash|\n|move|p2b: Aegislash|King's Shield|p2b: Aegislash\n|-singleturn|p2b: Aegislash|Protect\n|move|p1a: Incineroar|Darkest Lariat|p2b: Aegislash\n|-activate|p2b: Aegislash|move: Protect\n|-unboost|p1a: Incineroar|atk|1\n|move|p2a: Toxapex|Toxic|p1a: Incineroar\n|-status|p1a: Incineroar|tox\n|\n|-heal|p2b: Aegislash|54/100|[from] item: Leftovers\n|-damage|p1a: Incineroar|80/100 tox|[from] psn\n|upkeep\n|turn|14\n|\n|t:|1776205466\n|switch|p2b: Incineroar|Incineroar, L50, F|10/100\n|-ability|p2b: Incineroar|Intimidate|boost\n|-unboost|p1a: Incineroar|atk|1\n|move|p1a: Incineroar|Darkest Lariat|p2b: Incineroar\n|-resisted|p2b: Incineroar|1\n|-damage|p2b: Incineroar|1/100\n|move|p2a: Toxapex|Recover|p2a: Toxapex\n|-heal|p2a: Toxapex|100/100\n|\n|-damage|p1a: Incineroar|69/100 tox|[from] psn\n|upkeep\n|turn|15\n|-message|FizzKing forfeited.\n|\n|win|randomtransgirly\n|raw|FizzKing's rating: 1086 &rarr; <strong>1059</strong><br />(-27 for losing)\n|raw|randomtransgirly's rating: 1021 &rarr; <strong>1065</strong><br />(+44 for winning)\n|l|\u2606FizzKing\n|player|p1|\n",
  "uploadtime": 1776205477,
  "views": 27,
  "formatid": "gen9championsvgc2026regma",
  "rating": 1059,
  "private": 0,
  "password": null
}