{
  "id": "gen9championsvgc2026regma-2580969314",
  "format": "[Gen 9 Champions] VGC 2026 Reg M-A",
  "players": [
    "f1ish",
    "hello_5555"
  ],
  "log": "|badge|p1|bronze|gen9randombattle|100-9\n|uhtml|medal-msg|<div class=\"broadcast-blue\">Curious what those medals under the avatar are? PS now has Ladder Seasons! For more information, check out the <a href=\"https://www.smogon.com/forums/threads/3740067/\">thread on Smogon.</a></div>\n|j|\u203df1ish\n|j|\u2606hello_5555\n|t:|1775947667\n|gametype|doubles\n|player|p1|f1ish|102|1000\n|player|p2|hello_5555|rocketgruntf|1000\n|gen|9\n|tier|[Gen 9 Champions] VGC 2026 Reg M-A\n|rated|\n|rule|Species Clause: Limit one of each Pok\u00e9mon\n|rule|Item Clause: Limit 1 of each item\n|clearpoke\n|poke|p1|Politoed, L50, M|\n|poke|p1|Archaludon, L50, M|\n|poke|p1|Basculegion, L50, M|\n|poke|p1|Incineroar, L50, F|\n|poke|p1|Sinistcha, L50|\n|poke|p1|Gengar, L50, M|\n|poke|p2|Floette-Eternal, L50, F|\n|poke|p2|Kingambit, L50, M|\n|poke|p2|Incineroar, L50, M|\n|poke|p2|Basculegion, L50, M|\n|poke|p2|Sinistcha, L50|\n|poke|p2|Ninetales-Alola, L50, M|\n|teampreview|4\n|inactive|Battle timer is ON: inactive players will automatically lose when time's up. (requested by f1ish)\nf1ish rejected open team sheets.\n|inactive|f1ish has 60 seconds left.\n|inactive|hello_5555 has 60 seconds left.\n|inactive|hello_5555 has 30 seconds left.\n|inactive|f1ish has 30 seconds left.\n|inactive|hello_5555 has 20 seconds left.\n|inactive|hello_5555 has 15 seconds left.\n|\n|t:|1775947753\n|teamsize|p1|4\n|teamsize|p2|4\n|start\n|switch|p1a: Gengar|Gengar, L50, M|100/100\n|switch|p1b: Basculegion|Basculegion, L50, M|100/100\n|switch|p2a: Basculegion|Basculegion, L50, M|100/100\n|switch|p2b: Incineroar|Incineroar, L50, M|100/100\n|-ability|p2b: Incineroar|Intimidate|boost\n|-unboost|p1a: Gengar|atk|1\n|-unboost|p1b: Basculegion|atk|1\n|turn|1\n|inactive|hello_5555 has 30 seconds left.\n|\n|t:|1775947781\n|detailschange|p1a: Gengar|Gengar-Mega, L50, M\n|-mega|p1a: Gengar|Gengar|Gengarite\n|move|p1a: Gengar|Protect|p1a: Gengar\n|-singleturn|p1a: Gengar|Protect\n|move|p1b: Basculegion|Protect|p1b: Basculegion\n|-singleturn|p1b: Basculegion|Protect\n|move|p2b: Incineroar|Fake Out|p1b: Basculegion\n|-activate|p1b: Basculegion|move: Protect\n|move|p2a: Basculegion|Wave Crash|p1a: Gengar\n|-activate|p1a: Gengar|move: Protect\n|\n|upkeep\n|turn|2\n|inactive|f1ish has 30 seconds left.\n|inactive|hello_5555 has 30 seconds left.\n|inactive|f1ish has 20 seconds left.\n|inactive|f1ish has 15 seconds left.\n|inactive|f1ish has 10 seconds left.\n|\n|t:|1775947829\n|switch|p1a: Politoed|Politoed, L50, M|100/100\n|-weather|RainDance|[from] ability: Drizzle|[of] p1a: Politoed\n|move|p1b: Basculegion|Wave Crash|p2b: Incineroar\n|-supereffective|p2b: Incineroar|1\n|-crit|p2b: Incineroar\n|-damage|p2b: Incineroar|0 fnt\n|faint|p2b: Incineroar\n|-damage|p1b: Basculegion|66/100|[from] Recoil\n|move|p2a: Basculegion|Wave Crash|p1a: Politoed\n|-resisted|p1a: Politoed|1\n|-crit|p1a: Politoed\n|-damage|p1a: Politoed|7/100\n|-damage|p2a: Basculegion|70/100|[from] Recoil\n|\n|-weather|RainDance|[upkeep]\n|-heal|p1a: Politoed|13/100|[from] item: Leftovers\n|upkeep\n|\n|t:|1775947853\n|switch|p2b: Kingambit|Kingambit, L50, M|100/100\n|turn|3\n|inactive|f1ish has 30 seconds left.\n|inactive|f1ish has 20 seconds left.\n|inactive|f1ish has 15 seconds left.\n|\n|t:|1775947894\n|switch|p1b: Gengar|Gengar-Mega, L50, M|100/100\n|switch|p1a: Archaludon|Archaludon, L50, M|100/100\n|move|p2b: Kingambit|Protect|p2b: Kingambit\n|-singleturn|p2b: Kingambit|Protect\n|move|p2a: Basculegion|Wave Crash|p1b: Gengar\n|-damage|p1b: Gengar|0 fnt\n|faint|p1b: Gengar\n|-damage|p2a: Basculegion|42/100|[from] Recoil\n|\n|-weather|RainDance|[upkeep]\n|upkeep\n|\n|t:|1775947909\n|switch|p1b: Politoed|Politoed, L50, M|13/100\n|turn|4\n|inactive|hello_5555 has 30 seconds left.\n|\n|t:|1775947944\n|switch|p2a: Floette|Floette-Eternal, L50, F|100/100\n|move|p1b: Politoed|Protect|p1b: Politoed\n|-singleturn|p1b: Politoed|Protect\n|move|p1a: Archaludon|Electro Shot||[still]\n|-prepare|p1a: Archaludon|Electro Shot\n|-boost|p1a: Archaludon|spa|1\n|-anim|p1a: Archaludon|Electro Shot|p2b: Kingambit\n|-crit|p2b: Kingambit\n|-damage|p2b: Kingambit|15/100\n|move|p2b: Kingambit|Swords Dance|p2b: Kingambit\n|-boost|p2b: Kingambit|atk|2\n|\n|-weather|RainDance|[upkeep]\n|-heal|p1b: Politoed|19/100|[from] item: Leftovers\n|upkeep\n|turn|5\n|inactive|f1ish has 30 seconds left.\n|inactive|f1ish has 20 seconds left.\n|inactive|f1ish has 15 seconds left.\n|\n|t:|1775947985\n|detailschange|p2a: Floette|Floette-Mega, L50, F\n|-mega|p2a: Floette|Floette|Floettite\n|-ability|p2a: Floette|Fairy Aura\n|move|p2b: Kingambit|Sucker Punch|p1a: Archaludon\n|-damage|p1a: Archaludon|16/100\n|move|p2a: Floette|Dazzling Gleam|p1a: Archaludon|[spread] p1a,p1b\n|-damage|p1a: Archaludon|0 fnt\n|-damage|p1b: Politoed|0 fnt\n|faint|p1a: Archaludon\n|faint|p1b: Politoed\n|\n|-weather|RainDance|[upkeep]\n|upkeep\n|-message|f1ish forfeited.\n|\n|win|hello_5555\n|raw|f1ish's rating: 1000 &rarr; <strong>1000</strong><br />(+0 for losing)\n|raw|hello_5555's rating: 1000 &rarr; <strong>1040</strong><br />(+40 for winning)\n|l|\u203df1ish\n|player|p1|\n",
  "uploadtime": 1775948051,
  "views": 17,
  "formatid": "gen9championsvgc2026regma",
  "rating": 1000,
  "private": 0,
  "password": null
}