{
  "id": "gen9championsvgc2026regma-2580585032",
  "format": "[Gen 9 Champions] VGC 2026 Reg M-A",
  "players": [
    "snowflakeshateme",
    "Mekadokato"
  ],
  "log": "|j|\u2606snowflakeshateme\n|j|\u2606Mekadokato\n|t:|1775915447\n|gametype|doubles\n|player|p1|snowflakeshateme|swimmer|1032\n|player|p2|Mekadokato|169|1026\n|gen|9\n|tier|[Gen 9 Champions] VGC 2026 Reg M-A\n|rated|\n|rule|Species Clause: Limit one of each Pok\u00e9mon\n|rule|Item Clause: Limit 1 of each item\n|clearpoke\n|poke|p1|Mudsdale, L50, M|\n|poke|p1|Whimsicott, L50, M|\n|poke|p1|Incineroar, L50, M|\n|poke|p1|Floette-Eternal, L50, F|\n|poke|p1|Sneasler, L50, M|\n|poke|p1|Rotom-Wash, L50|\n|poke|p2|Floette-Eternal, L50, F|\n|poke|p2|Talonflame, L50, F|\n|poke|p2|Primarina, L50, M|\n|poke|p2|Maushold, L50|\n|poke|p2|Garchomp, L50, M|\n|poke|p2|Incineroar, L50, M|\n|teampreview|4\n|\n|t:|1775915511\n|teamsize|p1|4\n|teamsize|p2|4\n|start\n|switch|p1a: Mudsdale|Mudsdale, L50, M|100/100\n|switch|p1b: Rotom|Rotom-Wash, L50|100/100\n|switch|p2a: Talonflame|Talonflame, L50, F|100/100\n|switch|p2b: Primarina|Primarina, L50, M, shiny|100/100\n|turn|1\n|\n|t:|1775915552\n|move|p2b: Primarina|Protect|p2b: Primarina\n|-singleturn|p2b: Primarina|Protect\n|move|p2a: Talonflame|Tailwind|p2a: Talonflame\n|-sidestart|p2: Mekadokato|move: Tailwind\n|move|p1b: Rotom|Volt Switch|p2b: Primarina\n|-activate|p2b: Primarina|move: Protect\n|move|p1a: Mudsdale|Rock Slide|p2b: Primarina|[spread] p2a\n|-activate|p2b: Primarina|move: Protect\n|-supereffective|p2a: Talonflame|2\n|-enditem|p2a: Talonflame|Focus Sash\n|-damage|p2a: Talonflame|1/100\n|\n|upkeep\n|turn|2\n|\n|t:|1775915587\n|move|p2a: Talonflame|Brave Bird|p1a: Mudsdale\n|-damage|p1a: Mudsdale|62/100\n|-damage|p2a: Talonflame|0 fnt|[from] Recoil\n|faint|p2a: Talonflame\n|move|p2b: Primarina|Hyper Voice|p1a: Mudsdale|[spread] p1a,p1b\n|-supereffective|p1a: Mudsdale|1\n|-crit|p1a: Mudsdale\n|-resisted|p1b: Rotom|1\n|-crit|p1b: Rotom\n|-damage|p1a: Mudsdale|0 fnt\n|-damage|p1b: Rotom|71/100\n|faint|p1a: Mudsdale\n|move|p1b: Rotom|Volt Switch|p2b: Primarina\n|-supereffective|p2b: Primarina|1\n|-damage|p2b: Primarina|49/100\n|\n|t:|1775915599\n|switch|p1b: Sneasler|Sneasler, L50, M|100/100|[from] Volt Switch\n|\n|upkeep\n|\n|t:|1775915609\n|switch|p2a: Garchomp|Garchomp, L50, M, shiny|100/100\n|switch|p1a: Rotom|Rotom-Wash, L50|71/100\n|turn|3\n|\n|t:|1775915660\n|move|p2a: Garchomp|Protect|p2a: Garchomp\n|-singleturn|p2a: Garchomp|Protect\n|move|p2b: Primarina|Protect|p2b: Primarina\n|-singleturn|p2b: Primarina|Protect\n|move|p1b: Sneasler|Fake Out|p2a: Garchomp\n|-activate|p2a: Garchomp|move: Protect\n|move|p1a: Rotom|Thunder Wave|p2b: Primarina\n|-activate|p2b: Primarina|move: Protect\n|\n|-heal|p1a: Rotom|77/100|[from] item: Leftovers\n|upkeep\n|turn|4\n|\n|t:|1775915709\n|move|p1b: Sneasler|Protect|p1b: Sneasler\n|-singleturn|p1b: Sneasler|Protect\n|move|p2a: Garchomp|Stomping Tantrum|p1b: Sneasler\n|-activate|p1b: Sneasler|move: Protect\n|move|p2b: Primarina|Moonblast|p1a: Rotom\n|-damage|p1a: Rotom|6/100\n|move|p1a: Rotom|Hydro Pump|p2a: Garchomp\n|-damage|p2a: Garchomp|41/100\n|\n|-heal|p1a: Rotom|11/100|[from] item: Leftovers\n|-sideend|p2: Mekadokato|move: Tailwind\n|upkeep\n|turn|5\n|\n|t:|1775915763\n|switch|p2a: Floette|Floette-Eternal, L50, F, shiny|100/100\n|move|p1a: Rotom|Protect|p1a: Rotom\n|-singleturn|p1a: Rotom|Protect\n|move|p1b: Sneasler|Close Combat|p2a: Floette\n|-resisted|p2a: Floette|1\n|-damage|p2a: Floette|44/100\n|-unboost|p1b: Sneasler|def|1\n|-unboost|p1b: Sneasler|spd|1\n|-enditem|p1b: Sneasler|White Herb\n|-clearnegativeboost|p1b: Sneasler|[silent]\n|move|p2b: Primarina|Dazzling Gleam|p1b: Sneasler|[spread] p1b\n|-activate|p1a: Rotom|move: Protect\n|-damage|p1b: Sneasler|44/100\n|\n|-heal|p1a: Rotom|17/100|[from] item: Leftovers\n|upkeep\n|turn|6\n|\n|t:|1775915800\n|switch|p1a: Floette|Floette-Eternal, L50, F|100/100\n|detailschange|p2a: Floette|Floette-Mega, L50, F, shiny\n|-mega|p2a: Floette|Floette|Floettite\n|-ability|p2a: Floette|Fairy Aura\n|move|p2a: Floette|Protect|p2a: Floette\n|-singleturn|p2a: Floette|Protect\n|move|p1b: Sneasler|Dire Claw|p2a: Floette\n|-activate|p2a: Floette|move: Protect\n|move|p2b: Primarina|Dazzling Gleam|p1a: Floette|[spread] p1a,p1b\n|-damage|p1a: Floette|50/100\n|-damage|p1b: Sneasler|0 fnt\n|faint|p1b: Sneasler\n|\n|upkeep\n|\n|t:|1775915808\n|switch|p1b: Rotom|Rotom-Wash, L50|17/100\n|turn|7\n|\n|t:|1775915844\n|detailschange|p1a: Floette|Floette-Mega, L50, F\n|-mega|p1a: Floette|Floette|Floettite\n|-ability|p1a: Floette|Fairy Aura\n|move|p2b: Primarina|Protect|p2b: Primarina\n|-singleturn|p2b: Primarina|Protect\n|move|p1a: Floette|Dazzling Gleam|p2a: Floette|[spread] p2a\n|-activate|p2b: Primarina|move: Protect\n|-damage|p2a: Floette|4/100\n|move|p2a: Floette|Dazzling Gleam|p1b: Rotom|[spread] p1a,p1b\n|-damage|p1a: Floette|9/100\n|-damage|p1b: Rotom|0 fnt\n|faint|p1b: Rotom\n|\n|upkeep\n|turn|8\n|\n|t:|1775915863\n|move|p1a: Floette|Dazzling Gleam|p2b: Primarina|[spread] p2a,p2b\n|-damage|p2a: Floette|0 fnt\n|-damage|p2b: Primarina|15/100\n|faint|p2a: Floette\n|move|p2b: Primarina|Moonblast|p1a: Floette\n|-crit|p1a: Floette\n|-damage|p1a: Floette|0 fnt\n|faint|p1a: Floette\n|\n|win|Mekadokato\n|raw|snowflakeshateme's rating: 1032 &rarr; <strong>1017</strong><br />(-15 for losing)\n|raw|Mekadokato's rating: 1026 &rarr; <strong>1063</strong><br />(+37 for winning)\n|l|\u2606snowflakeshateme\n|player|p1|\n|c|\u2606Mekadokato|gg\n",
  "uploadtime": 1775915876,
  "views": 12,
  "formatid": "gen9championsvgc2026regma",
  "rating": 1017,
  "private": 0,
  "password": null
}