{
  "id": "gen9championsvgc2026regma-2583818621",
  "format": "[Gen 9 Champions] VGC 2026 Reg M-A",
  "players": [
    "Pandyc",
    "Mask4M"
  ],
  "log": "|j|\u2606Pandyc\n|j|\u2606Mask4M\n|t:|1776200116\n|gametype|doubles\n|player|p1|Pandyc|caitlin|1070\n|player|p2|Mask4M|101|1120\n|gen|9\n|tier|[Gen 9 Champions] VGC 2026 Reg M-A\n|rated|\n|rule|Species Clause: Limit one of each Pok\u00e9mon\n|rule|Item Clause: Limit 1 of each item\n|clearpoke\n|poke|p1|Gardevoir, L50, M|\n|poke|p1|Incineroar, L50, M|\n|poke|p1|Sinistcha, L50|\n|poke|p1|Garchomp, L50, F|\n|poke|p1|Rotom-Wash, L50|\n|poke|p1|Aerodactyl, L50, F|\n|poke|p2|Glimmora, L50, F|\n|poke|p2|Dragonite, L50, M|\n|poke|p2|Sneasler, L50, F|\n|poke|p2|Incineroar, L50, F|\n|poke|p2|Whimsicott, L50, M|\n|poke|p2|Rotom-Wash, L50|\n|teampreview|4\n|inactive|Battle timer is ON: inactive players will automatically lose when time's up. (requested by Mask4M)\n|inactive|Pandyc has 60 seconds left.\n|inactive|Mask4M has 60 seconds left.\n|inactive|Pandyc has 30 seconds left.\n|inactive|Pandyc has 20 seconds left.\n|inactive|Pandyc has 15 seconds left.\n|\n|t:|1776200196\n|teamsize|p1|4\n|teamsize|p2|4\n|start\n|switch|p1a: Garchomp|Garchomp, L50, F|100/100\n|switch|p1b: Gardevoir|Gardevoir, L50, M|100/100\n|switch|p2a: Glimmora|Glimmora, L50, F|100/100\n|switch|p2b: Whimsicott|Whimsicott, L50, M|100/100\n|turn|1\n|inactive|Pandyc has 30 seconds left.\n|inactive|Mask4M has 30 seconds left.\n|inactive|Pandyc has 20 seconds left.\n|\n|t:|1776200236\n|switch|p1b: Sinistcha|Sinistcha, L50|100/100\n|detailschange|p2a: Glimmora|Glimmora-Mega, L50, F\n|-mega|p2a: Glimmora|Glimmora|Glimmoranite\n|move|p2a: Glimmora|Spiky Shield|p2a: Glimmora\n|-singleturn|p2a: Glimmora|move: Protect\n|move|p2b: Whimsicott|Tailwind|p2b: Whimsicott\n|-sidestart|p2: Mask4M|move: Tailwind\n|move|p1a: Garchomp|Earthquake|p2a: Glimmora|[spread] p1b,p2b\n|-activate|p2a: Glimmora|move: Protect\n|-resisted|p1b: Sinistcha|1\n|-resisted|p2b: Whimsicott|1\n|-damage|p1b: Sinistcha|82/100\n|-damage|p2b: Whimsicott|72/100\n|\n|upkeep\n|turn|2\n|inactive|Pandyc has 30 seconds left.\n|inactive|Mask4M has 30 seconds left.\n|\n|t:|1776200269\n|switch|p2a: Dragonite|Dragonite, L50, M|100/100\n|move|p1b: Sinistcha|Rage Powder|p1b: Sinistcha\n|-singleturn|p1b: Sinistcha|move: Rage Powder\n|move|p2b: Whimsicott|Taunt|p1b: Sinistcha\n|-start|p1b: Sinistcha|move: Taunt\n|move|p1a: Garchomp|Earthquake|p2a: Dragonite|[spread] p1b,p2b\n|-immune|p2a: Dragonite\n|-resisted|p1b: Sinistcha|1\n|-resisted|p2b: Whimsicott|1\n|-damage|p1b: Sinistcha|60/100\n|-damage|p2b: Whimsicott|45/100\n|\n|upkeep\n|turn|3\n|inactive|Pandyc has 30 seconds left.\n|inactive|Mask4M has 30 seconds left.\n|\n|t:|1776200299\n|switch|p1a: Incineroar|Incineroar, L50, M|100/100\n|-ability|p1a: Incineroar|Intimidate|boost\n|-fail|p2a: Dragonite|unboost|Attack|[from] ability: Inner Focus|[of] p2a: Dragonite\n|-unboost|p2b: Whimsicott|atk|1\n|move|p2b: Whimsicott|Encore|p1b: Sinistcha\n|-start|p1b: Sinistcha|Encore\n|cant|p1b: Sinistcha|move: Taunt|Rage Powder\n|move|p2a: Dragonite|Ice Spinner|p1a: Incineroar\n|-resisted|p1a: Incineroar|1\n|-damage|p1a: Incineroar|88/100\n|\n|upkeep\n|turn|4\n|\n|t:|1776200322\n|switch|p2b: Incineroar|Incineroar, L50, F|100/100\n|-ability|p2b: Incineroar|Intimidate|boost\n|-unboost|p1a: Incineroar|atk|1\n|-unboost|p1b: Sinistcha|atk|1\n|switch|p1b: Gardevoir|Gardevoir, L50, M|100/100\n|move|p2a: Dragonite|Protect|p2a: Dragonite\n|-singleturn|p2a: Dragonite|Protect\n|move|p1a: Incineroar|Parting Shot|p2a: Dragonite\n|-activate|p2a: Dragonite|move: Protect\n|\n|-sideend|p2: Mask4M|move: Tailwind\n|upkeep\n|turn|5\n|inactive|Mask4M has 30 seconds left.\n|inactive|Mask4M has 20 seconds left.\n|\n|t:|1776200360\n|move|p1b: Gardevoir|Protect|p1b: Gardevoir\n|-singleturn|p1b: Gardevoir|Protect\n|move|p2b: Incineroar|Fake Out|p1b: Gardevoir\n|-activate|p1b: Gardevoir|move: Protect\n|move|p2a: Dragonite|Ice Spinner|p1b: Gardevoir\n|-activate|p1b: Gardevoir|move: Protect\n|move|p1a: Incineroar|Parting Shot|p2a: Dragonite\n|-unboost|p2a: Dragonite|atk|1\n|-unboost|p2a: Dragonite|spa|1\n|\n|t:|1776200375\n|switch|p1a: Sinistcha|Sinistcha, L50|60/100|[from] Parting Shot\n|\n|upkeep\n|turn|6\n|\n|t:|1776200394\n|switch|p2a: Whimsicott|Whimsicott, L50, M|45/100\n|switch|p2b: Glimmora|Glimmora-Mega, L50, F|100/100\n|detailschange|p1b: Gardevoir|Gardevoir-Mega, L50, M\n|-mega|p1b: Gardevoir|Gardevoir|Gardevoirite\n|move|p1a: Sinistcha|Rage Powder|p1a: Sinistcha\n|-singleturn|p1a: Sinistcha|move: Rage Powder\n|move|p1b: Gardevoir|Hyper Voice|p2a: Whimsicott|[spread] p2a,p2b\n|-resisted|p2b: Glimmora|1\n|-damage|p2a: Whimsicott|0 fnt\n|-damage|p2b: Glimmora|72/100\n|faint|p2a: Whimsicott\n|\n|upkeep\n|\n|t:|1776200406\n|switch|p2a: Incineroar|Incineroar, L50, F|100/100\n|-ability|p2a: Incineroar|Intimidate|boost\n|-unboost|p1a: Sinistcha|atk|1\n|-unboost|p1b: Gardevoir|atk|1\n|turn|7\n|\n|t:|1776200430\n|switch|p1a: Incineroar|Incineroar, L50, M|88/100\n|-ability|p1a: Incineroar|Intimidate|boost\n|-unboost|p2a: Incineroar|atk|1\n|-unboost|p2b: Glimmora|atk|1\n|move|p2b: Glimmora|Spiky Shield|p2b: Glimmora\n|-singleturn|p2b: Glimmora|move: Protect\n|move|p1b: Gardevoir|Protect|p1b: Gardevoir\n|-singleturn|p1b: Gardevoir|Protect\n|move|p2a: Incineroar|Throat Chop|p1a: Incineroar\n|-resisted|p1a: Incineroar|1\n|-damage|p1a: Incineroar|79/100\n|-start|p1a: Incineroar|Throat Chop|[silent]\n|\n|upkeep\n|turn|8\n|inactive|Pandyc has 30 seconds left.\n|inactive|Mask4M has 30 seconds left.\n|\n|t:|1776200464\n|move|p1a: Incineroar|Fake Out|p2b: Glimmora\n|-resisted|p2b: Glimmora|1\n|-damage|p2b: Glimmora|66/100\n|cant|p2b: Glimmora|flinch\n|move|p1b: Gardevoir|Hyper Voice|p2b: Glimmora|[spread] p2a,p2b\n|-resisted|p2b: Glimmora|1\n|-crit|p2b: Glimmora\n|-damage|p2a: Incineroar|52/100\n|-damage|p2b: Glimmora|20/100\n|move|p2a: Incineroar|Parting Shot|p1b: Gardevoir\n|-unboost|p1b: Gardevoir|atk|1\n|-unboost|p1b: Gardevoir|spa|1\n|\n|t:|1776200475\n|switch|p2a: Dragonite|Dragonite, L50, M|100/100|[from] Parting Shot\n|\n|-end|p1a: Incineroar|Throat Chop|[silent]\n|upkeep\n|turn|9\n|inactive|Pandyc has 30 seconds left.\n|inactive|Mask4M has 30 seconds left.\n|inactive|Mask4M has 20 seconds left.\n|inactive|Mask4M has 15 seconds left.\n|\n|t:|1776200517\n|switch|p1a: Sinistcha|Sinistcha, L50|60/100\n|move|p2b: Glimmora|Spiky Shield|p2b: Glimmora\n|-singleturn|p2b: Glimmora|move: Protect\n|move|p1b: Gardevoir|Protect|p1b: Gardevoir\n|-singleturn|p1b: Gardevoir|Protect\n|move|p2a: Dragonite|Dragon Claw|p1a: Sinistcha\n|-damage|p1a: Sinistcha|19/100\n|\n|upkeep\n|turn|10\n|inactive|Mask4M has 30 seconds left.\n|\n|t:|1776200544\n|switch|p2b: Incineroar|Incineroar, L50, F|52/100\n|-ability|p2b: Incineroar|Intimidate|boost\n|-unboost|p1a: Sinistcha|atk|1\n|-unboost|p1b: Gardevoir|atk|1\n|move|p2a: Dragonite|Protect|p2a: Dragonite\n|-singleturn|p2a: Dragonite|Protect\n|move|p1a: Sinistcha|Rage Powder|p1a: Sinistcha\n|-singleturn|p1a: Sinistcha|move: Rage Powder\n|move|p1b: Gardevoir|Psychic|p2b: Incineroar\n|-immune|p2b: Incineroar\n|\n|upkeep\n|turn|11\n|inactive|Pandyc has 30 seconds left.\n|inactive|Mask4M has 30 seconds left.\n|inactive|Mask4M has 20 seconds left.\n|inactive|Mask4M has 15 seconds left.\n|\n|t:|1776200588\n|switch|p1a: Incineroar|Incineroar, L50, M|79/100\n|-ability|p1a: Incineroar|Intimidate|boost\n|-fail|p2a: Dragonite|unboost|Attack|[from] ability: Inner Focus|[of] p2a: Dragonite\n|-unboost|p2b: Incineroar|atk|1\n|move|p2a: Dragonite|Extreme Speed|p1b: Gardevoir\n|-damage|p1b: Gardevoir|63/100\n|move|p1b: Gardevoir|Hyper Voice|p2b: Incineroar|[spread] p2a,p2b\n|-supereffective|p2a: Dragonite|1\n|-damage|p2a: Dragonite|40/100\n|-damage|p2b: Incineroar|21/100\n|-enditem|p2b: Incineroar|Sitrus Berry|[eat]\n|-heal|p2b: Incineroar|46/100|[from] item: Sitrus Berry\n|move|p2b: Incineroar|Throat Chop|p1a: Incineroar\n|-resisted|p1a: Incineroar|1\n|-damage|p1a: Incineroar|70/100\n|-start|p1a: Incineroar|Throat Chop|[silent]\n|\n|upkeep\n|turn|12\n|inactive|Pandyc has 30 seconds left.\n|inactive|Mask4M has 30 seconds left.\n|inactive|Mask4M has 20 seconds left.\n|\n|t:|1776200625\n|move|p2a: Dragonite|Protect|p2a: Dragonite\n|-singleturn|p2a: Dragonite|Protect\n|move|p1a: Incineroar|Fake Out|p2b: Incineroar\n|-damage|p2b: Incineroar|39/100\n|move|p1b: Gardevoir|Hyper Voice|p2a: Dragonite|[spread] p2b\n|-activate|p2a: Dragonite|move: Protect\n|-damage|p2b: Incineroar|5/100\n|cant|p2b: Incineroar|flinch\n|\n|-end|p1a: Incineroar|Throat Chop|[silent]\n|upkeep\n|turn|13\n|inactive|Pandyc has 30 seconds left.\n|inactive|Mask4M has 30 seconds left.\n|inactive|Mask4M has 20 seconds left.\n|inactive|Mask4M has 15 seconds left.\n|\n|t:|1776200667\n|switch|p1a: Sinistcha|Sinistcha, L50|19/100\n|-heal|p1b: Gardevoir|88/100|[from] ability: Hospitality|[of] p1a: Sinistcha\n|move|p2a: Dragonite|Protect||[still]\n|-fail|p2a: Dragonite\n|move|p1b: Gardevoir|Hyper Voice|p2a: Dragonite|[spread] p2a,p2b\n|-supereffective|p2a: Dragonite|1\n|-damage|p2a: Dragonite|0 fnt\n|-damage|p2b: Incineroar|0 fnt\n|faint|p2a: Dragonite\n|faint|p2b: Incineroar\n|\n|upkeep\n|inactive|Mask4M has 30 seconds left this turn.\n|\n|t:|1776200676\n|switch|p2b: Glimmora|Glimmora-Mega, L50, F|20/100\n|turn|14\n|inactive|Mask4M has 25 seconds left this turn.\n|-message|Mask4M forfeited.\n|\n|win|Pandyc\n|raw|Pandyc's rating: 1070 &rarr; <strong>1104</strong><br />(+34 for winning)\n|raw|Mask4M's rating: 1120 &rarr; <strong>1091</strong><br />(-29 for losing)\n",
  "uploadtime": 1776200684,
  "views": 26,
  "formatid": "gen9championsvgc2026regma",
  "rating": 1091,
  "private": 0,
  "password": null
}