{
  "id": "gen9championsvgc2026regma-2589465978",
  "format": "[Gen 9 Champions] VGC 2026 Reg M-A",
  "players": [
    "mamdani",
    "mikethecrack"
  ],
  "log": "|j|\u2606mamdani\n|j|\u2606mikethecrack\n|t:|1776725433\n|gametype|doubles\n|player|p1|mamdani|clerk|1105\n|player|p2|mikethecrack|veteran-gen4|1024\n|gen|9\n|tier|[Gen 9 Champions] VGC 2026 Reg M-A\n|rated|\n|rule|Species Clause: Limit one of each Pok\u00e9mon\n|rule|Item Clause: Limit 1 of each item\n|clearpoke\n|poke|p1|Drampa, L50, F|\n|poke|p1|Slowking-Galar, L50, F|\n|poke|p1|Conkeldurr, L50, M|\n|poke|p1|Aggron, L50, F, shiny|\n|poke|p1|Cofagrigus, L50, M|\n|poke|p1|Sinistcha, L50, shiny|\n|poke|p2|Basculegion, L50, M|\n|poke|p2|Pelipper, L50, M|\n|poke|p2|Archaludon, L50, M|\n|poke|p2|Incineroar, L50, F|\n|poke|p2|Aerodactyl, L50, M|\n|poke|p2|Sinistcha, L50|\n|teampreview|4\n|\n|t:|1776725456\n|teamsize|p1|4\n|teamsize|p2|4\n|start\n|switch|p1a: Conkeldurr|Conkeldurr, L50, M|100/100\n|switch|p1b: Cofagrigus|Cofagrigus, L50, M|100/100\n|switch|p2a: Aerodactyl|Aerodactyl, L50, M|100/100\n|switch|p2b: Incineroar|Incineroar, L50, F|100/100\n|-ability|p2b: Incineroar|Intimidate|boost\n|-unboost|p1a: Conkeldurr|atk|1\n|-unboost|p1b: Cofagrigus|atk|1\n|turn|1\n|\n|t:|1776725490\n|detailschange|p2a: Aerodactyl|Aerodactyl-Mega, L50, M\n|-mega|p2a: Aerodactyl|Aerodactyl|Aerodactylite\n|move|p2b: Incineroar|Fake Out|p1a: Conkeldurr\n|-damage|p1a: Conkeldurr|88/100\n|move|p2a: Aerodactyl|Dragon Claw|p1b: Cofagrigus\n|-damage|p1b: Cofagrigus|77/100\n|-activate|p1b: Cofagrigus|ability: Mummy|p2a: Aerodactyl|[ability] Tough Claws\n|cant|p1a: Conkeldurr|flinch\n|move|p1b: Cofagrigus|Trick Room|p1b: Cofagrigus\n|-fieldstart|move: Trick Room|[of] p1b: Cofagrigus\n|\n|upkeep\n|turn|2\n|\n|t:|1776725520\n|move|p1b: Cofagrigus|Nasty Plot|p1b: Cofagrigus\n|-boost|p1b: Cofagrigus|spa|2\n|move|p1a: Conkeldurr|Thunder Punch|p2a: Aerodactyl\n|-supereffective|p2a: Aerodactyl|1\n|-damage|p2a: Aerodactyl|42/100\n|-activate|p2a: Aerodactyl|ability: Mummy|p1a: Conkeldurr|[ability] Iron Fist\n|move|p2b: Incineroar|Parting Shot|p1b: Cofagrigus\n|-unboost|p1b: Cofagrigus|atk|1\n|-unboost|p1b: Cofagrigus|spa|1\n|\n|t:|1776725537\n|switch|p2b: Pelipper|Pelipper, L50, M|100/100|[from] Parting Shot\n|-weather|RainDance|[from] ability: Drizzle|[of] p2b: Pelipper\n|move|p2a: Aerodactyl|Rock Slide|p1a: Conkeldurr|[spread] p1a,p1b\n|-resisted|p1a: Conkeldurr|1\n|-damage|p1a: Conkeldurr|75/100\n|-damage|p1b: Cofagrigus|56/100\n|\n|-weather|RainDance|[upkeep]\n|upkeep\n|turn|3\n|\n|t:|1776725556\n|move|p2a: Aerodactyl|Protect|p2a: Aerodactyl\n|-singleturn|p2a: Aerodactyl|Protect\n|move|p1b: Cofagrigus|Shadow Ball|p2a: Aerodactyl\n|-activate|p2a: Aerodactyl|move: Protect\n|move|p1a: Conkeldurr|Thunder Punch|p2b: Pelipper\n|-supereffective|p2b: Pelipper|2\n|-damage|p2b: Pelipper|9/100\n|move|p2b: Pelipper|Hurricane|p1a: Conkeldurr\n|-supereffective|p1a: Conkeldurr|1\n|-damage|p1a: Conkeldurr|0 fnt\n|faint|p1a: Conkeldurr\n|\n|-weather|RainDance|[upkeep]\n|upkeep\n|\n|t:|1776725572\n|switch|p1a: Drampa|Drampa, L50, F|100/100\n|-ability|p1a: Drampa|Cloud Nine\n|turn|4\n|\n|t:|1776725588\n|switch|p2a: Incineroar|Incineroar, L50, F|100/100\n|-ability|p2a: Incineroar|Intimidate|boost\n|-unboost|p1a: Drampa|atk|1\n|-unboost|p1b: Cofagrigus|atk|1\n|move|p2b: Pelipper|Protect|p2b: Pelipper\n|-singleturn|p2b: Pelipper|Protect\n|move|p1b: Cofagrigus|Shadow Ball|p2b: Pelipper\n|-activate|p2b: Pelipper|move: Protect\n|move|p1a: Drampa|Thunderbolt|p2a: Incineroar\n|-damage|p2a: Incineroar|62/100\n|\n|-weather|RainDance|[upkeep]\n|upkeep\n|turn|5\n|\n|t:|1776725620\n|move|p1b: Cofagrigus|Shadow Ball|p2b: Pelipper\n|-damage|p2b: Pelipper|0 fnt\n|faint|p2b: Pelipper\n|move|p1a: Drampa|Thunderbolt|p2a: Incineroar\n|-damage|p2a: Incineroar|24/100\n|-status|p2a: Incineroar|par\n|move|p2a: Incineroar|Darkest Lariat|p1b: Cofagrigus\n|-supereffective|p1b: Cofagrigus|1\n|-damage|p1b: Cofagrigus|0 fnt\n|-activate|p1b: Cofagrigus|ability: Mummy|p2a: Incineroar|[ability] Intimidate\n|faint|p1b: Cofagrigus\n|\n|-weather|RainDance|[upkeep]\n|-fieldend|move: Trick Room\n|upkeep\n|\n|t:|1776725639\n|switch|p2b: Aerodactyl|Aerodactyl-Mega, L50, M|42/100\n|switch|p1b: Aggron|Aggron, L50, F, shiny|100/100\n|turn|6\n|\n|t:|1776725655\n|detailschange|p1b: Aggron|Aggron-Mega, L50, F, shiny\n|-mega|p1b: Aggron|Aggron|Aggronite\n|move|p2b: Aerodactyl|Dragon Claw|p1a: Drampa\n|-supereffective|p1a: Drampa|1\n|-damage|p1a: Drampa|27/100\n|move|p1b: Aggron|Body Press|p2b: Aerodactyl\n|-crit|p2b: Aerodactyl\n|-damage|p2b: Aerodactyl|0 fnt\n|faint|p2b: Aerodactyl\n|move|p1a: Drampa|Hyper Voice|p2a: Incineroar\n|-damage|p2a: Incineroar|0 fnt\n|faint|p2a: Incineroar\n|\n|-weather|none\n|upkeep\n|\n|t:|1776725674\n|switch|p2a: Archaludon|Archaludon, L50, M|100/100\n|turn|7\n|\n|t:|1776725686\n|move|p2a: Archaludon|Aura Sphere|p1a: Drampa\n|-supereffective|p1a: Drampa|1\n|-damage|p1a: Drampa|0 fnt\n|faint|p1a: Drampa\n|move|p1b: Aggron|Iron Defense|p1b: Aggron\n|-boost|p1b: Aggron|def|2\n|\n|upkeep\n|turn|8\n|\n|t:|1776725698\n|move|p2a: Archaludon|Aura Sphere|p1b: Aggron\n|-supereffective|p1b: Aggron|1\n|-damage|p1b: Aggron|49/100\n|move|p1b: Aggron|Body Press|p2a: Archaludon\n|-supereffective|p2a: Archaludon|1\n|-damage|p2a: Archaludon|0 fnt\n|faint|p2a: Archaludon\n|\n|win|mamdani\n|raw|mamdani's rating: 1105 &rarr; <strong>1124</strong><br />(+19 for winning)\n|raw|mikethecrack's rating: 1024 &rarr; <strong>1014</strong><br />(-10 for losing)\n",
  "uploadtime": 1776725705,
  "views": 5,
  "formatid": "gen9championsvgc2026regma",
  "rating": 1014,
  "private": 0,
  "password": null
}