{
  "id": "gen9championsvgc2026regma-2587512076",
  "format": "[Gen 9 Champions] VGC 2026 Reg M-A",
  "players": [
    "Mace0",
    "testy accounty 2"
  ],
  "log": "|j|\u2606Mace0\n|j|\u2606testy accounty 2\n|t:|1776538122\n|gametype|doubles\n|player|p1|Mace0|red-masters3|1483\n|player|p2|testy accounty 2|170|1561\n|gen|9\n|tier|[Gen 9 Champions] VGC 2026 Reg M-A\n|rated|\n|rule|Species Clause: Limit one of each Pok\u00e9mon\n|rule|Item Clause: Limit 1 of each item\n|clearpoke\n|poke|p1|Scizor, L50, F|\n|poke|p1|Pelipper, L50, M|\n|poke|p1|Basculegion, L50, M|\n|poke|p1|Sinistcha, L50|\n|poke|p1|Incineroar, L50, M|\n|poke|p1|Archaludon, L50, M|\n|poke|p2|Gengar, L50, F, shiny|\n|poke|p2|Incineroar, L50, M|\n|poke|p2|Politoed, L50, M|\n|poke|p2|Archaludon, L50, F|\n|poke|p2|Basculegion, L50, M|\n|poke|p2|Meganium, L50, F|\n|teampreview|4\n|j| Bayern72915\n|j| GoodraSweetheart76\n|\n|t:|1776538150\n|teamsize|p1|4\n|teamsize|p2|4\n|start\n|switch|p1a: Archaludon|Archaludon, L50, M|100/100\n|switch|p1b: Basculegion|Basculegion, L50, M|100/100\n|switch|p2a: Kathleen|Archaludon, L50, F|100/100\n|switch|p2b: Gengar|Gengar, L50, F, shiny|100/100\n|turn|1\n|\n|t:|1776538173\n|detailschange|p2b: Gengar|Gengar-Mega, L50, F, shiny\n|-mega|p2b: Gengar|Gengar|Gengarite\n|move|p1b: Basculegion|Flip Turn|p2b: Gengar\n|-damage|p2b: Gengar|60/100\n|\n|t:|1776538179\n|switch|p1b: Scizor|Scizor, L50, F|100/100|[from] Flip Turn\n|move|p2b: Gengar|Shadow Ball|p1a: Archaludon\n|-damage|p1a: Archaludon|50/100\n|-ability|p1a: Archaludon|Stamina|boost\n|-boost|p1a: Archaludon|def|1\n|move|p1a: Archaludon|Aura Sphere|p2a: Kathleen\n|-supereffective|p2a: Kathleen|1\n|-enditem|p2a: Kathleen|Chople Berry|[eat]\n|-enditem|p2a: Kathleen|Chople Berry|[weaken]\n|-damage|p2a: Kathleen|69/100\n|-ability|p2a: Kathleen|Stamina|boost\n|-boost|p2a: Kathleen|def|1\n|move|p2a: Kathleen|Draco Meteor|p1a: Archaludon\n|-damage|p1a: Archaludon|0 fnt\n|-unboost|p2a: Kathleen|spa|2\n|faint|p1a: Archaludon\n|\n|upkeep\n|\n|t:|1776538187\n|switch|p1a: Pelipper|Pelipper, L50, M|100/100\n|-weather|RainDance|[from] ability: Drizzle|[of] p1a: Pelipper\n|turn|2\n|inactive|Battle timer is ON: inactive players will automatically lose when time's up. (requested by Mace0)\n|\n|t:|1776538207\n|detailschange|p1b: Scizor|Scizor-Mega, L50, F\n|-mega|p1b: Scizor|Scizor|Scizorite\n|move|p2b: Gengar|Shadow Ball|p1a: Pelipper\n|-damage|p1a: Pelipper|20/100\n|move|p1a: Pelipper|Weather Ball|p2a: Kathleen\n|-resisted|p2a: Kathleen|1\n|-damage|p2a: Kathleen|27/100\n|-ability|p2a: Kathleen|Stamina|boost\n|-boost|p2a: Kathleen|def|1\n|move|p2a: Kathleen|Electro Shot||[still]\n|-prepare|p2a: Kathleen|Electro Shot\n|-boost|p2a: Kathleen|spa|1\n|-anim|p2a: Kathleen|Electro Shot|p1a: Pelipper\n|-supereffective|p1a: Pelipper|2\n|-damage|p1a: Pelipper|0 fnt\n|faint|p1a: Pelipper\n|move|p1b: Scizor|Swords Dance|p1b: Scizor\n|-boost|p1b: Scizor|atk|2\n|\n|-weather|RainDance|[upkeep]\n|upkeep\n|\n|t:|1776538214\n|switch|p1a: Basculegion|Basculegion, L50, M|100/100\n|turn|3\n|\n|t:|1776538230\n|move|p2a: Kathleen|Protect|p2a: Kathleen\n|-singleturn|p2a: Kathleen|Protect\n|move|p1b: Scizor|Bullet Punch|p2b: Gengar\n|-damage|p2b: Gengar|0 fnt\n|faint|p2b: Gengar\n|move|p1a: Basculegion|Last Respects|p2a: Kathleen\n|-activate|p2a: Kathleen|move: Protect\n|\n|-weather|RainDance|[upkeep]\n|upkeep\n|\n|t:|1776538238\n|switch|p2b: Ian|Incineroar, L50, M|100/100\n|-ability|p2b: Ian|Intimidate|boost\n|-unboost|p1a: Basculegion|atk|1\n|-unboost|p1b: Scizor|atk|1\n|turn|4\n|\n|t:|1776538260\n|move|p1a: Basculegion|Last Respects|p2a: Kathleen\n|-damage|p2a: Kathleen|2/100\n|-ability|p2a: Kathleen|Stamina|boost\n|-boost|p2a: Kathleen|def|1\n|move|p2a: Kathleen|Electro Shot||[still]\n|-prepare|p2a: Kathleen|Electro Shot\n|-boost|p2a: Kathleen|spa|1\n|-anim|p2a: Kathleen|Electro Shot|p1a: Basculegion\n|-supereffective|p1a: Basculegion|1\n|-damage|p1a: Basculegion|0 fnt\n|faint|p1a: Basculegion\n|move|p1b: Scizor|Swords Dance|p1b: Scizor\n|-boost|p1b: Scizor|atk|2\n|move|p2b: Ian|Parting Shot|p1b: Scizor\n|-unboost|p1b: Scizor|atk|1\n|-unboost|p1b: Scizor|spa|1\n|\n|t:|1776538275\n|switch|p2b: Stephen|Basculegion, L50, M|100/100|[from] Parting Shot\n|\n|-weather|RainDance|[upkeep]\n|upkeep\n|turn|5\n|\n|t:|1776538286\n|move|p1b: Scizor|Protect|p1b: Scizor\n|-singleturn|p1b: Scizor|Protect\n|move|p2b: Stephen|Wave Crash|p1b: Scizor\n|-activate|p1b: Scizor|move: Protect\n|move|p2a: Kathleen|Electro Shot||[still]\n|-prepare|p2a: Kathleen|Electro Shot\n|-boost|p2a: Kathleen|spa|1\n|-anim|p2a: Kathleen|Electro Shot|p1b: Scizor\n|-activate|p1b: Scizor|move: Protect\n|\n|-weather|RainDance|[upkeep]\n|upkeep\n|turn|6\n|l| Bayern72915\n|\n|t:|1776538292\n|move|p1b: Scizor|Bullet Punch|p2a: Kathleen\n|-resisted|p2a: Kathleen|1\n|-damage|p2a: Kathleen|0 fnt\n|faint|p2a: Kathleen\n|move|p2b: Stephen|Wave Crash|p1b: Scizor\n|-damage|p1b: Scizor|11/100\n|-damage|p2b: Stephen|74/100|[from] Recoil\n|\n|-weather|none\n|upkeep\n|\n|t:|1776538295\n|switch|p2a: Ian|Incineroar, L50, M|100/100\n|-ability|p2a: Ian|Intimidate|boost\n|-unboost|p1b: Scizor|atk|1\n|turn|7\n|-message|Mace0 forfeited.\n|\n|win|testy accounty 2\n|raw|Mace0's rating: 1483 &rarr; <strong>1467</strong><br />(-16 for losing)\n|raw|testy accounty 2's rating: 1561 &rarr; <strong>1577</strong><br />(+16 for winning)\n|l|\u2606Mace0\n|player|p1|\n",
  "uploadtime": 1776538299,
  "views": 34,
  "formatid": "gen9championsvgc2026regma",
  "rating": 1467,
  "private": 0,
  "password": null
}