{
  "id": "gen9championsvgc2026regma-2581838750",
  "format": "[Gen 9 Champions] VGC 2026 Reg M-A",
  "players": [
    "derpybaits",
    "retrojp"
  ],
  "log": "|j|\u2606derpybaits\n|j|\u2606retrojp\n|t:|1776032611\n|gametype|doubles\n|player|p1|derpybaits|2|1056\n|player|p2|retrojp|101|1059\n|gen|9\n|tier|[Gen 9 Champions] VGC 2026 Reg M-A\n|rated|\n|rule|Species Clause: Limit one of each Pok\u00e9mon\n|rule|Item Clause: Limit 1 of each item\n|clearpoke\n|poke|p1|Floette-Eternal, L50, F|\n|poke|p1|Maushold, L50|\n|poke|p1|Garchomp, L50, M|\n|poke|p1|Talonflame, L50, F|\n|poke|p1|Rotom-Wash, L50|\n|poke|p1|Aegislash, L50, F|\n|poke|p2|Tyranitar, L50, M|\n|poke|p2|Glimmora, L50, M|\n|poke|p2|Forretress, L50, F|\n|poke|p2|Milotic, L50, M|\n|poke|p2|Sinistcha-Masterpiece, L50|\n|poke|p2|Aegislash, L50, M|\n|teampreview|4\n|inactive|Battle timer is ON: inactive players will automatically lose when time's up. (requested by derpybaits)\nderpybaits rejected open team sheets.\n|\n|t:|1776032643\n|teamsize|p1|4\n|teamsize|p2|4\n|start\n|switch|p1a: Floette|Floette-Eternal, L50, F|100/100\n|switch|p1b: Maushold|Maushold, L50|100/100\n|switch|p2a: Sinistcha|Sinistcha-Masterpiece, L50|100/100\n|switch|p2b: Milotic|Milotic, L50, M|100/100\n|turn|1\n|\n|t:|1776032660\n|detailschange|p1a: Floette|Floette-Mega, L50, F\n|-mega|p1a: Floette|Floette|Floettite\n|-ability|p1a: Floette|Fairy Aura\n|move|p1b: Maushold|Follow Me|p1b: Maushold\n|-singleturn|p1b: Maushold|move: Follow Me\n|move|p1a: Floette|Calm Mind|p1a: Floette\n|-boost|p1a: Floette|spa|1\n|-boost|p1a: Floette|spd|1\n|move|p2b: Milotic|Light Screen|p2b: Milotic\n|-sidestart|p2: retrojp|move: Light Screen\n|move|p2a: Sinistcha|Trick Room|p2a: Sinistcha\n|-fieldstart|move: Trick Room|[of] p2a: Sinistcha\n|\n|upkeep\n|turn|2\n|\n|t:|1776032680\n|switch|p2b: Glimmora|Glimmora, L50, M|100/100\n|move|p1b: Maushold|Follow Me|p1b: Maushold\n|-singleturn|p1b: Maushold|move: Follow Me\n|move|p2a: Sinistcha|Matcha Gotcha|p1a: Floette|[spread] p1a,p1b\n|-damage|p1a: Floette|90/100\n|-damage|p1b: Maushold|67/100\n|move|p1a: Floette|Dazzling Gleam|p2a: Sinistcha|[spread] p2a,p2b\n|-resisted|p2b: Glimmora|1\n|-damage|p2a: Sinistcha|55/100\n|-damage|p2b: Glimmora|77/100\n|\n|upkeep\n|turn|3\n|\n|t:|1776032700\n|move|p1b: Maushold|Follow Me|p1b: Maushold\n|-singleturn|p1b: Maushold|move: Follow Me\n|move|p2a: Sinistcha|Matcha Gotcha|p1a: Floette|[spread] p1a,p1b\n|-damage|p1a: Floette|81/100\n|-heal|p2a: Sinistcha|60/100|[from] drain|[of] p1a: Floette\n|-damage|p1b: Maushold|32/100\n|-heal|p2a: Sinistcha|78/100|[from] drain|[of] p1b: Maushold\n|-status|p1a: Floette|brn\n|move|p2b: Glimmora|Toxic|p1b: Maushold\n|-status|p1b: Maushold|tox\n|move|p1a: Floette|Dazzling Gleam|p2b: Glimmora|[spread] p2a,p2b\n|-resisted|p2b: Glimmora|1\n|-damage|p2a: Sinistcha|32/100\n|-damage|p2b: Glimmora|52/100\n|\n|-damage|p1b: Maushold|26/100 tox|[from] psn\n|-damage|p1a: Floette|75/100 brn|[from] brn\n|upkeep\n|turn|4\n|inactive|derpybaits has 30 seconds left.\n|inactive|retrojp has 30 seconds left.\n|\n|t:|1776032734\n|switch|p2b: Tyranitar|Tyranitar, L50, M|100/100\n|-weather|Sandstorm|[from] ability: Sand Stream|[of] p2b: Tyranitar\n|move|p2a: Sinistcha|Hex|p1a: Floette\n|-damage|p1a: Floette|54/100 brn\n|move|p1a: Floette|Dazzling Gleam|p2b: Tyranitar|[spread] p2a,p2b\n|-supereffective|p2b: Tyranitar|1\n|-damage|p2a: Sinistcha|0 fnt\n|-damage|p2b: Tyranitar|43/100\n|faint|p2a: Sinistcha\n|move|p1b: Maushold|Taunt|p2b: Tyranitar\n|-start|p2b: Tyranitar|move: Taunt\n|\n|-weather|Sandstorm|[upkeep]\n|-damage|p1a: Floette|47/100 brn|[from] Sandstorm\n|-damage|p1b: Maushold|20/100 tox|[from] Sandstorm\n|-damage|p1b: Maushold|8/100 tox|[from] psn\n|-damage|p1a: Floette|41/100 brn|[from] brn\n|upkeep\n|\n|t:|1776032755\n|switch|p2a: Milotic|Milotic, L50, M|100/100\n|turn|5\n|\n|t:|1776032773\n|move|p1a: Floette|Protect|p1a: Floette\n|-singleturn|p1a: Floette|Protect\n|move|p1b: Maushold|Protect|p1b: Maushold\n|-singleturn|p1b: Maushold|Protect\n|move|p2b: Tyranitar|Crunch|p1a: Floette\n|-activate|p1a: Floette|move: Protect\n|move|p2a: Milotic|Life Dew||[still]|[spread] p2a,p2b\n|-fail|p2a: Milotic|heal\n|-heal|p2b: Tyranitar|68/100\n|\n|-weather|Sandstorm|[upkeep]\n|-damage|p2a: Milotic|95/100|[from] Sandstorm\n|-damage|p1a: Floette|35/100 brn|[from] Sandstorm\n|-damage|p1b: Maushold|2/100 tox|[from] Sandstorm\n|-heal|p2a: Milotic|100/100|[from] item: Leftovers\n|-damage|p1b: Maushold|0 fnt|[from] psn\n|faint|p1b: Maushold\n|-damage|p1a: Floette|29/100 brn|[from] brn\n|-sideend|p2: retrojp|move: Light Screen\n|-fieldend|move: Trick Room\n|upkeep\n|\n|t:|1776032781\n|switch|p1b: Garchomp|Garchomp, L50, M|100/100\n|turn|6\n|inactive|retrojp has 30 seconds left.\n|\n|t:|1776032809\n|switch|p2b: Glimmora|Glimmora, L50, M|52/100\n|move|p1b: Garchomp|Earthquake|p2b: Glimmora|[spread] p1a,p2a,p2b\n|-supereffective|p2b: Glimmora|2\n|-damage|p1a: Floette|0 fnt\n|-damage|p2a: Milotic|51/100\n|-damage|p2b: Glimmora|0 fnt\n|-activate|p2b: Glimmora|ability: Toxic Debris\n|-sidestart|p1: derpybaits|move: Toxic Spikes\n|faint|p1a: Floette\n|faint|p2b: Glimmora\n|move|p2a: Milotic|Draining Kiss|p1b: Garchomp\n|-supereffective|p1b: Garchomp|1\n|-crit|p1b: Garchomp\n|-damage|p1b: Garchomp|46/100\n|-heal|p2a: Milotic|91/100|[from] drain|[of] p1b: Garchomp\n|-damage|p2a: Milotic|79/100|[from] ability: Rough Skin|[of] p1b: Garchomp\n|\n|-weather|Sandstorm|[upkeep]\n|-damage|p2a: Milotic|73/100|[from] Sandstorm\n|-heal|p2a: Milotic|79/100|[from] item: Leftovers\n|upkeep\n|\n|t:|1776032828\n|switch|p1a: Talonflame|Talonflame, L50, F|100/100\n|switch|p2b: Tyranitar|Tyranitar, L50, M|68/100\n|turn|7\n|\n|t:|1776032848\n|detailschange|p2b: Tyranitar|Tyranitar-Mega, L50, M\n|-mega|p2b: Tyranitar|Tyranitar|Tyranitarite\n|move|p1a: Talonflame|Acrobatics|p2b: Tyranitar\n|-resisted|p2b: Tyranitar|1\n|-damage|p2b: Tyranitar|54/100\n|move|p1b: Garchomp|Earthquake|p2a: Milotic|[spread] p2a,p2b\n|-immune|p1a: Talonflame\n|-supereffective|p2b: Tyranitar|1\n|-damage|p2a: Milotic|25/100\n|-damage|p2b: Tyranitar|0 fnt\n|faint|p2b: Tyranitar\n|move|p2a: Milotic|Life Dew|p2a: Milotic\n|-heal|p2a: Milotic|50/100\n|\n|-weather|Sandstorm|[upkeep]\n|-damage|p1a: Talonflame|95/100|[from] Sandstorm\n|-damage|p2a: Milotic|44/100|[from] Sandstorm\n|-heal|p2a: Milotic|50/100|[from] item: Leftovers\n|upkeep\n|turn|8\n|inactive|retrojp has 30 seconds left.\n|-message|retrojp forfeited.\n|\n|win|derpybaits\n|raw|derpybaits's rating: 1056 &rarr; <strong>1088</strong><br />(+32 for winning)\n|raw|retrojp's rating: 1059 &rarr; <strong>1040</strong><br />(-19 for losing)\n|l|\u2606retrojp\n|player|p2|\n|j|\u2606retrojp\n|player|p2|retrojp|101|\n",
  "uploadtime": 1776032878,
  "views": 13,
  "formatid": "gen9championsvgc2026regma",
  "rating": 1040,
  "private": 0,
  "password": null
}