{
  "id": "gen9championsvgc2026regma-2584962738",
  "format": "[Gen 9 Champions] VGC 2026 Reg M-A",
  "players": [
    "Astraision",
    "Miurez"
  ],
  "log": "|j|\u2606Astraision\n|j|\u2606Miurez\n|t:|1776298575\n|gametype|doubles\n|player|p1|Astraision|iris-gen5bw2|1340\n|player|p2|Miurez|pokemonranger-gen4|1439\n|gen|9\n|tier|[Gen 9 Champions] VGC 2026 Reg M-A\n|rated|\n|rule|Species Clause: Limit one of each Pok\u00e9mon\n|rule|Item Clause: Limit 1 of each item\n|clearpoke\n|poke|p1|Dragonite, L50, M|\n|poke|p1|Basculegion, L50, M|\n|poke|p1|Archaludon, L50, M|\n|poke|p1|Rotom-Wash, L50|\n|poke|p1|Scizor, L50, F|\n|poke|p1|Pelipper, L50, M|\n|poke|p2|Starmie, L50|\n|poke|p2|Pelipper, L50, M|\n|poke|p2|Incineroar, L50, M|\n|poke|p2|Floette-Eternal, L50, F|\n|poke|p2|Maushold-Four, L50|\n|poke|p2|Sneasler, L50, M|\n|teampreview|4\n|inactive|Battle timer is ON: inactive players will automatically lose when time's up. (requested by Astraision)\n|\n|t:|1776298595\n|teamsize|p1|4\n|teamsize|p2|4\n|start\n|switch|p1a: GlutTony|Pelipper, L50, M, shiny|100/100\n|switch|p1b: Tsu-Shi|Basculegion, L50, M|100/100\n|switch|p2a: Floette|Floette-Eternal, L50, F|100/100\n|switch|p2b: Incineroar|Incineroar, L50, M|100/100\n|-weather|RainDance|[from] ability: Drizzle|[of] p1a: GlutTony\n|-ability|p2b: Incineroar|Intimidate|boost\n|-unboost|p1a: GlutTony|atk|1\n|-unboost|p1b: Tsu-Shi|atk|1\n|turn|1\n|\n|t:|1776298609\n|move|p1a: GlutTony|Helping Hand|p1b: Tsu-Shi\n|-singleturn|p1b: Tsu-Shi|Helping Hand|[of] p1a: GlutTony\n|move|p2a: Floette|Protect|p2a: Floette\n|-singleturn|p2a: Floette|Protect\n|move|p1b: Tsu-Shi|Flip Turn|p2b: Incineroar\n|-supereffective|p2b: Incineroar|1\n|-crit|p2b: Incineroar\n|-damage|p2b: Incineroar|0 fnt\n|faint|p2b: Incineroar\n|\n|t:|1776298625\n|switch|p1b: Two Face|Scizor, L50, F|100/100|[from] Flip Turn\n|\n|-weather|RainDance|[upkeep]\n|upkeep\n|\n|t:|1776298629\n|switch|p2b: Sneasler|Sneasler, L50, M|100/100\n|turn|2\n|\n|t:|1776298643\n|detailschange|p2a: Floette|Floette-Mega, L50, F\n|-mega|p2a: Floette|Floette|Floettite\n|-ability|p2a: Floette|Fairy Aura\n|detailschange|p1b: Two Face|Scizor-Mega, L50, F\n|-mega|p1b: Two Face|Scizor|Scizorite\n|move|p2b: Sneasler|Close Combat|p1b: Two Face\n|-damage|p1b: Two Face|48/100\n|-unboost|p2b: Sneasler|def|1\n|-unboost|p2b: Sneasler|spd|1\n|-enditem|p2b: Sneasler|White Herb\n|-clearnegativeboost|p2b: Sneasler|[silent]\n|move|p2a: Floette|Dazzling Gleam|p1a: GlutTony|[spread] p1a,p1b\n|-resisted|p1b: Two Face|1\n|-damage|p1a: GlutTony|38/100\n|-damage|p1b: Two Face|24/100\n|move|p1b: Two Face|Swords Dance|p1b: Two Face\n|-boost|p1b: Two Face|atk|2\n|move|p1a: GlutTony|Hurricane|p2b: Sneasler\n|-supereffective|p2b: Sneasler|1\n|-damage|p2b: Sneasler|0 fnt\n|faint|p2b: Sneasler\n|\n|-weather|RainDance|[upkeep]\n|upkeep\n|\n|t:|1776298652\n|switch|p2b: Maushold|Maushold-Four, L50|100/100\n|turn|3\n|inactive|Astraision has 30 seconds left.\n|\n|t:|1776298680\n|move|p1a: GlutTony|Wide Guard|p1a: GlutTony\n|-singleturn|p1a: GlutTony|Wide Guard\n|move|p2b: Maushold|Follow Me|p2b: Maushold\n|-singleturn|p2b: Maushold|move: Follow Me\n|move|p1b: Two Face|Bullet Punch|p2b: Maushold\n|-damage|p2b: Maushold|7/100\n|move|p2a: Floette|Dazzling Gleam|p1b: Two Face|[spread] \n|-activate|p1a: GlutTony|move: Wide Guard\n|-activate|p1b: Two Face|move: Wide Guard\n|\n|-weather|RainDance|[upkeep]\n|upkeep\n|turn|4\n|inactive|Astraision has 30 seconds left.\n|\n|t:|1776298712\n|move|p2b: Maushold|Protect|p2b: Maushold\n|-singleturn|p2b: Maushold|Protect\n|move|p1b: Two Face|Bullet Punch|p2a: Floette\n|-supereffective|p2a: Floette|1\n|-damage|p2a: Floette|0 fnt\n|faint|p2a: Floette\n|move|p1a: GlutTony|Hurricane|p2b: Maushold\n|-activate|p2b: Maushold|move: Protect\n|\n|-weather|RainDance|[upkeep]\n|upkeep\n|turn|5\n|\n|t:|1776298721\n|move|p1b: Two Face|Bullet Punch|p2b: Maushold\n|-damage|p2b: Maushold|0 fnt\n|faint|p2b: Maushold\n|\n|win|Astraision\n|raw|Astraision's rating: 1340 &rarr; <strong>1366</strong><br />(+26 for winning)\n|raw|Miurez's rating: 1439 &rarr; <strong>1413</strong><br />(-26 for losing)\n|l|\u2606Miurez\n|player|p2|\n|l|\u2606Astraision\n|player|p1|\n",
  "uploadtime": 1776298921,
  "views": 30,
  "formatid": "gen9championsvgc2026regma",
  "rating": 1366,
  "private": 0,
  "password": null
}