{
  "id": "gen9championsvgc2026regma-2581337141",
  "format": "[Gen 9 Champions] VGC 2026 Reg M-A",
  "players": [
    "GothGirlLoverQ",
    "korinn"
  ],
  "log": "|j|\u2606GothGirlLoverQ\n|j|\u2606korinn\n|t:|1775988495\n|gametype|doubles\n|player|p1|GothGirlLoverQ|unknown|1316\n|player|p2|korinn|169|1385\n|gen|9\n|tier|[Gen 9 Champions] VGC 2026 Reg M-A\n|rated|\n|rule|Species Clause: Limit one of each Pok\u00e9mon\n|rule|Item Clause: Limit 1 of each item\n|clearpoke\n|poke|p1|Floette-Eternal, L50, F|\n|poke|p1|Maushold, L50|\n|poke|p1|Garchomp, L50, F|\n|poke|p1|Talonflame, L50, M|\n|poke|p1|Rotom-Wash, L50|\n|poke|p1|Aegislash, L50, F|\n|poke|p2|Blastoise, L50, F|\n|poke|p2|Talonflame, L50, M|\n|poke|p2|Sinistcha, L50|\n|poke|p2|Garchomp, L50, M|\n|poke|p2|Sylveon, L50, M|\n|poke|p2|Skarmory, L50, M|\n|teampreview|4\n|inactive|Battle timer is ON: inactive players will automatically lose when time's up. (requested by GothGirlLoverQ)\n|j| gE1xjZRtuhW2DdT0AK\n|inactive|GothGirlLoverQ has 60 seconds left.\n|inactive|korinn has 60 seconds left.\n|inactive|GothGirlLoverQ has 30 seconds left.\n|inactive|korinn has 30 seconds left.\n|\n|t:|1775988563\n|teamsize|p1|4\n|teamsize|p2|4\n|start\n|switch|p1a: Floette|Floette-Eternal, L50, F|100/100\n|switch|p1b: Maushold|Maushold, L50|100/100\n|switch|p2a: Skarmory|Skarmory, L50, M|100/100\n|switch|p2b: Garchomp|Garchomp, L50, M|100/100\n|turn|1\n|j| EYRYR DHBC\n|inactive|GothGirlLoverQ has 30 seconds left.\n|inactive|korinn has 30 seconds left.\n|inactive|GothGirlLoverQ has 20 seconds left.\n|inactive|korinn has 20 seconds left.\n|inactive|GothGirlLoverQ has 15 seconds left.\n|inactive|korinn has 15 seconds left.\n|inactive|GothGirlLoverQ has 10 seconds left.\n|\n|t:|1775988610\n|detailschange|p1a: Floette|Floette-Mega, L50, F\n|-mega|p1a: Floette|Floette|Floettite\n|-ability|p1a: Floette|Fairy Aura\n|detailschange|p2a: Skarmory|Skarmory-Mega, L50, M\n|-mega|p2a: Skarmory|Skarmory|Skarmorite\n|move|p1b: Maushold|Follow Me|p1b: Maushold\n|-singleturn|p1b: Maushold|move: Follow Me\n|move|p2b: Garchomp|Dragon Claw|p1b: Maushold\n|-damage|p1b: Maushold|35/100\n|move|p2a: Skarmory|Iron Head|p1a: Floette\n|-supereffective|p1a: Floette|1\n|-damage|p1a: Floette|26/100\n|cant|p1a: Floette|flinch\n|\n|upkeep\n|turn|2\n|inactive|korinn has 30 seconds left.\n|\n|t:|1775988645\n|move|p1a: Floette|Protect|p1a: Floette\n|-singleturn|p1a: Floette|Protect\n|move|p2b: Garchomp|Dragon Claw|p1a: Floette\n|-activate|p1a: Floette|move: Protect\n|move|p1b: Maushold|Super Fang|p2a: Skarmory\n|-damage|p2a: Skarmory|50/100\n|move|p2a: Skarmory|Iron Head|p1a: Floette\n|-activate|p1a: Floette|move: Protect\n|\n|upkeep\n|turn|3\n|\n|t:|1775988666\n|move|p2b: Garchomp|Dragon Claw|p1b: Maushold\n|-damage|p1b: Maushold|0 fnt\n|faint|p1b: Maushold\n|move|p2a: Skarmory|Iron Head|p1a: Floette\n|-supereffective|p1a: Floette|1\n|-damage|p1a: Floette|0 fnt\n|faint|p1a: Floette\n|\n|upkeep\n|\n|t:|1775988668\n|switch|p1b: Garchomp|Garchomp, L50, F|100/100\n|switch|p1a: Talonflame|Talonflame, L50, M|100/100\n|turn|4\n|inactive|korinn has 30 seconds left.\n|\n|t:|1775988695\n|move|p1b: Garchomp|Protect|p1b: Garchomp\n|-singleturn|p1b: Garchomp|Protect\n|move|p2b: Garchomp|Dragon Claw|p1a: Talonflame\n|-damage|p1a: Talonflame|31/100\n|move|p1a: Talonflame|Flare Blitz|p2a: Skarmory\n|-supereffective|p2a: Skarmory|1\n|-damage|p2a: Skarmory|0 fnt\n|faint|p2a: Skarmory\n|-damage|p1a: Talonflame|13/100|[from] Recoil\n|\n|upkeep\n|j| Reign1997\n|\n|t:|1775988708\n|switch|p2a: Sinistcha|Sinistcha, L50|100/100\n|turn|5\n|\n|t:|1775988731\n|move|p2a: Sinistcha|Rage Powder|p2a: Sinistcha\n|-singleturn|p2a: Sinistcha|move: Rage Powder\n|move|p2b: Garchomp|Dragon Claw|p1a: Talonflame\n|-damage|p1a: Talonflame|0 fnt\n|faint|p1a: Talonflame\n|move|p1b: Garchomp|Earthquake|p2a: Sinistcha|[spread] p2a,p2b\n|-resisted|p2a: Sinistcha|1\n|-damage|p2a: Sinistcha|79/100\n|-damage|p2b: Garchomp|56/100\n|\n|upkeep\n|turn|6\n|-message|GothGirlLoverQ forfeited.\n|\n|win|korinn\n|raw|GothGirlLoverQ's rating: 1316 &rarr; <strong>1300</strong><br />(-16 for losing)\n|raw|korinn's rating: 1385 &rarr; <strong>1401</strong><br />(+16 for winning)\n|l|\u2606GothGirlLoverQ\n|player|p1|\n|l|\u2606korinn\n|player|p2|\n|l| EYRYR DHBC\n|j| EYRYR DHBC\n",
  "uploadtime": 1775988756,
  "views": 26,
  "formatid": "gen9championsvgc2026regma",
  "rating": 1300,
  "private": 0,
  "password": null
}