{
  "id": "gen9championsvgc2026regma-2588754397",
  "format": "[Gen 9 Champions] VGC 2026 Reg M-A",
  "players": [
    "hollospollosbro38",
    "Kokashuu"
  ],
  "log": "|j|\u2606hollospollosbro38\n|j|\u2606Kokashuu\n|t:|1776666436\n|gametype|doubles\n|player|p1|hollospollosbro38|hilbert|\n|player|p2|Kokashuu|burglar|\n|gen|9\n|tier|[Gen 9 Champions] VGC 2026 Reg M-A\n|rule|Species Clause: Limit one of each Pok\u00e9mon\n|rule|Item Clause: Limit 1 of each item\n|clearpoke\n|poke|p1|Tyrantrum, L50, F|\n|poke|p1|Arcanine, L50, M|\n|poke|p1|Rotom-Wash, L50|\n|poke|p1|Whimsicott, L50, M|\n|poke|p1|Dragonite, L50, F|\n|poke|p1|Tyranitar, L50, M|\n|poke|p2|Froslass, L50, F|\n|poke|p2|Incineroar, L50, F|\n|poke|p2|Orthworm, L50, M|\n|poke|p2|Rotom-Frost, L50|\n|poke|p2|Garchomp, L50, M|\n|poke|p2|Meowscarada, L50, M|\n|teampreview|4\n|\n|t:|1776666475\n|teamsize|p1|4\n|teamsize|p2|4\n|start\n|switch|p1a: Dragonite|Dragonite, L50, F|100/100\n|switch|p1b: Whimsicott|Whimsicott, L50, M|100/100\n|switch|p2a: Rotom|Rotom-Frost, L50|100/100\n|switch|p2b: Orthworm|Orthworm, L50, M|100/100\n|turn|1\n|\n|t:|1776666515\n|move|p1b: Whimsicott|Protect|p1b: Whimsicott\n|-singleturn|p1b: Whimsicott|Protect\n|move|p1a: Dragonite|Extreme Speed|p2a: Rotom\n|-damage|p2a: Rotom|76/100\n|move|p2a: Rotom|Blizzard|p1a: Dragonite|[spread] \n|-activate|p1b: Whimsicott|move: Protect\n|-miss|p2a: Rotom|p1a: Dragonite\n|move|p2b: Orthworm|Heavy Slam|p1b: Whimsicott\n|-activate|p1b: Whimsicott|move: Protect\n|\n|upkeep\n|turn|2\n|\n|t:|1776666544\n|switch|p1b: Arcanine|Arcanine, L50, M|100/100\n|-ability|p1b: Arcanine|Intimidate|boost\n|-unboost|p2a: Rotom|atk|1\n|-unboost|p2b: Orthworm|atk|1\n|detailschange|p1a: Dragonite|Dragonite-Mega, L50, F\n|-mega|p1a: Dragonite|Dragonite|Dragoninite\n|move|p1a: Dragonite|Draco Meteor|p2a: Rotom\n|-damage|p2a: Rotom|0 fnt\n|-unboost|p1a: Dragonite|spa|2\n|faint|p2a: Rotom\n|move|p2b: Orthworm|Shed Tail|p2b: Orthworm\n|-start|p2b: Orthworm|Substitute|[from] move: Shed Tail\n|-damage|p2b: Orthworm|50/100\n|-enditem|p2b: Orthworm|Sitrus Berry|[eat]\n|-heal|p2b: Orthworm|75/100|[from] item: Sitrus Berry\n|\n|t:|1776666560\n|switch|p2b: Froslass|Froslass, L50, F|100/100|[from] Shed Tail\n|\n|upkeep\n|\n|t:|1776666567\n|switch|p2a: Garchomp|Garchomp, L50, M|100/100\n|turn|3\n|\n|t:|1776666586\n|detailschange|p2b: Froslass|Froslass-Mega, L50, F\n|-mega|p2b: Froslass|Froslass|Froslassite\n|-weather|Snowscape|[from] ability: Snow Warning|[of] p2b: Froslass\n|move|p1b: Arcanine|Helping Hand|p1a: Dragonite\n|-singleturn|p1a: Dragonite|Helping Hand|[of] p1b: Arcanine\n|move|p2a: Garchomp|Dragon Claw|p1a: Dragonite\n|-supereffective|p1a: Dragonite|1\n|-damage|p1a: Dragonite|66/100\n|move|p2b: Froslass|Blizzard|p1b: Arcanine|[spread] p1a,p1b\n|-supereffective|p1a: Dragonite|2\n|-resisted|p1b: Arcanine|1\n|-damage|p1a: Dragonite|0 fnt\n|-damage|p1b: Arcanine|71/100\n|faint|p1a: Dragonite\n|\n|-weather|Snowscape|[upkeep]\n|upkeep\n|\n|t:|1776666606\n|switch|p1a: Whimsicott|Whimsicott, L50, M|100/100\n|turn|4\n|l|\u2606Kokashuu\n|player|p2|\n|j|\u2606Kokashuu\n|player|p2|Kokashuu|burglar|\n|\n|t:|1776666655\n|move|p1a: Whimsicott|Tailwind|p1a: Whimsicott\n|-sidestart|p1: hollospollosbro38|move: Tailwind\n|move|p1b: Arcanine|Heat Wave|p2a: Garchomp|[spread] p2b\n|-miss|p1b: Arcanine|p2a: Garchomp\n|-supereffective|p2b: Froslass|1\n|-end|p2b: Froslass|Substitute\n|move|p2a: Garchomp|Earthquake|p1a: Whimsicott|[spread] p2b,p1a,p1b\n|-resisted|p1a: Whimsicott|1\n|-supereffective|p1b: Arcanine|1\n|-damage|p2b: Froslass|65/100\n|-damage|p1a: Whimsicott|72/100\n|-damage|p1b: Arcanine|0 fnt\n|faint|p1b: Arcanine\n|move|p2b: Froslass|Blizzard|p1a: Whimsicott\n|-supereffective|p1a: Whimsicott|1\n|-damage|p1a: Whimsicott|0 fnt\n|faint|p1a: Whimsicott\n|\n|-weather|Snowscape|[upkeep]\n|upkeep\n|\n|t:|1776666672\n|switch|p1a: Rotom|Rotom-Wash, L50|100/100\n|turn|5\n|\n|t:|1776666692\n|switch|p2a: Orthworm|Orthworm, L50, M|75/100\n|move|p1a: Rotom|Hydro Pump|p2a: Orthworm\n|-damage|p2a: Orthworm|12/100\n|move|p2b: Froslass|Shadow Ball|p1a: Rotom\n|-damage|p1a: Rotom|31/100\n|\n|-weather|Snowscape|[upkeep]\n|-heal|p1a: Rotom|37/100|[from] item: Leftovers\n|upkeep\n|turn|6\n|\n|t:|1776666707\n|move|p1a: Rotom|Thunderbolt|p2b: Froslass\n|-damage|p2b: Froslass|24/100\n|move|p2b: Froslass|Blizzard|p1a: Rotom\n|-resisted|p1a: Rotom|1\n|-damage|p1a: Rotom|0 fnt\n|faint|p1a: Rotom\n|\n|win|Kokashuu\n",
  "uploadtime": 1776666717,
  "views": 11,
  "formatid": "gen9championsvgc2026regma",
  "rating": null,
  "private": 0,
  "password": null
}