{
  "id": "gen9championsvgc2026regma-2581912649",
  "format": "[Gen 9 Champions] VGC 2026 Reg M-A",
  "players": [
    "PhpRyV",
    "skymin<3"
  ],
  "log": "|j|\u2606PhpRyV\n|j|\u2606skymin<3\n|html|<table width=\"100%\"><tr><td align=\"left\">PhpRyV</td><td align=\"right\">skymin&lt;3</tr><tr><td align=\"left\"><i class=\"fa fa-circle-o\"></i> <i class=\"fa fa-circle-o\"></i> </td><td align=\"right\"><i class=\"fa fa-circle-o\"></i> <i class=\"fa fa-circle\"></i> </tr></table>\n|uhtml|bestof|<h2><strong>Game 2</strong> of <a href=\"/game-bestof3-gen9championsvgc2026regma-2581908962\">a best-of-3</a></h2>\n|t:|1776039143\n|gametype|doubles\n|player|p1|PhpRyV|pokemonbreeder-gen4|\n|player|p2|skymin<3|#skymin3|\n|gen|9\n|tier|[Gen 9 Champions] VGC 2026 Reg M-A\n|rated|Tournament battle\n|rule|Species Clause: Limit one of each Pok\u00e9mon\n|rule|Item Clause: Limit 1 of each item\n|raw|<div class=\"infobox\"><details class=\"readmore\" open><summary><strong>2 custom rules:</strong></summary> Force Open Team Sheets, Best of = 3</details></div>\n|clearpoke\n|poke|p1|Charizard, L50, M|\n|poke|p1|Whimsicott, L50, F|\n|poke|p1|Incineroar, L50, M|\n|poke|p1|Sneasler, L50, F|\n|poke|p1|Garchomp, L50, M|\n|poke|p1|Maushold-Four, L50|\n|poke|p2|Garchomp, L50, F|\n|poke|p2|Delphox, L50, F|\n|poke|p2|Rotom-Wash, L50|\n|poke|p2|Sneasler, L50, M|\n|poke|p2|Aerodactyl, L50, M|\n|poke|p2|Kingambit, L50, M|\n|teampreview|4\n|showteam|p1|Charizard||CharizarditeY|SolarPower|HeatWave,AirSlash,SolarBeam,Protect|||M|||50|]Whimsicott||FairyFeather|Prankster|Tailwind,Encore,Moonblast,Protect|||F|||50|]Incineroar||SitrusBerry|Intimidate|FakeOut,ThroatChop,PartingShot,FlareBlitz|||M|||50|]Sneasler||WhiteHerb|Unburden|DireClaw,FakeOut,CloseCombat,Protect|||F|||50|]Garchomp||FocusSash|RoughSkin|Earthquake,Protect,RockSlide,DragonClaw|||M|||50|]Maushold-Four||MentalHerb|FriendGuard|Taunt,ThunderWave,FollowMe,HelpingHand||||||50|\n|showteam|p2|Garchomp||SoftSand|RoughSkin|Earthquake,DragonClaw,RockSlide,Protect|||F|||50|]Delphox||Delphoxite|Blaze|Encore,HeatWave,Psychic,Protect|||F|||50|]Rotom-Wash||ChoiceScarf|Levitate|HydroPump,Thunderbolt,WillOWisp,Electroweb||||||50|]Sneasler||MentalHerb|Unburden|CloseCombat,DireClaw,FakeOut,Protect|||M|||50|]Aerodactyl||FocusSash|Unnerve|DualWingbeat,RockSlide,Tailwind,Protect|||M|||50|]Kingambit||BlackGlasses|Defiant|IronHead,Protect,SuckerPunch,KowtowCleave|||M|||50|\n|j| Ducktile\n|j| island pocket\n|j| MaybeIllusion\n|j| Tealnotsu\n|j| blueberre\n|l| Tealnotsu\n|\n|t:|1776039193\n|teamsize|p1|4\n|teamsize|p2|4\n|start\n|switch|p1a: Whimsicott|Whimsicott, L50, F|100/100\n|switch|p1b: Sneasler|Sneasler, L50, F|100/100\n|switch|p2a: Ruined Dragon|Aerodactyl, L50, M|100/100\n|switch|p2b: Neon|Rotom-Wash, L50|100/100\n|-ability|p2a: Ruined Dragon|Unnerve\n|turn|1\n|l| island pocket\n|l| Ducktile\n|\n|t:|1776039208\n|move|p1a: Whimsicott|Protect|p1a: Whimsicott\n|-singleturn|p1a: Whimsicott|Protect\n|move|p1b: Sneasler|Protect|p1b: Sneasler\n|-singleturn|p1b: Sneasler|Protect\n|move|p2b: Neon|Will-O-Wisp|p1b: Sneasler\n|-activate|p1b: Sneasler|move: Protect\n|move|p2a: Ruined Dragon|Tailwind|p2a: Ruined Dragon\n|-sidestart|p2: skymin<3|move: Tailwind\n|\n|upkeep\n|turn|2\n|j| island pocket\n|\n|t:|1776039223\n|move|p1a: Whimsicott|Encore|p2a: Ruined Dragon\n|-start|p2a: Ruined Dragon|Encore\n|move|p2b: Neon|Will-O-Wisp|p1b: Sneasler\n|-status|p1b: Sneasler|brn\n|move|p2a: Ruined Dragon|Tailwind||[still]\n|-fail|p2a: Ruined Dragon\n|move|p1b: Sneasler|Close Combat|p2a: Ruined Dragon\n|-damage|p2a: Ruined Dragon|50/100\n|-unboost|p1b: Sneasler|def|1\n|-unboost|p1b: Sneasler|spd|1\n|-enditem|p1b: Sneasler|White Herb\n|-clearnegativeboost|p1b: Sneasler|[silent]\n|\n|-damage|p1b: Sneasler|95/100 brn|[from] brn\n|upkeep\n|turn|3\n|\n|t:|1776039246\n|switch|p2b: Eclipsa|Delphox, L50, F|100/100\n|switch|p2a: Diablos|Garchomp, L50, F|100/100\n|move|p1b: Sneasler|Dire Claw|p2a: Diablos\n|-resisted|p2a: Diablos|1\n|-damage|p2a: Diablos|89/100\n|-status|p2a: Diablos|psn\n|-damage|p1b: Sneasler|82/100 brn|[from] ability: Rough Skin|[of] p2a: Diablos\n|move|p1a: Whimsicott|Moonblast|p2a: Diablos\n|-supereffective|p2a: Diablos|1\n|-damage|p2a: Diablos|0 fnt\n|faint|p2a: Diablos\n|\n|-damage|p1b: Sneasler|77/100 brn|[from] brn\n|upkeep\n|\n|t:|1776039253\n|switch|p2a: Ruined Dragon|Aerodactyl, L50, M|50/100\n|-ability|p2a: Ruined Dragon|Unnerve\n|turn|4\n|\n|t:|1776039279\n|detailschange|p2b: Eclipsa|Delphox-Mega, L50, F\n|-mega|p2b: Eclipsa|Delphox|Delphoxite\n|move|p1a: Whimsicott|Tailwind|p1a: Whimsicott\n|-sidestart|p1: PhpRyV|move: Tailwind\n|move|p1b: Sneasler|Dire Claw|p2a: Ruined Dragon\n|-resisted|p2a: Ruined Dragon|1\n|-damage|p2a: Ruined Dragon|32/100\n|move|p2b: Eclipsa|Psychic|p1b: Sneasler\n|-supereffective|p1b: Sneasler|2\n|-damage|p1b: Sneasler|0 fnt\n|faint|p1b: Sneasler\n|move|p2a: Ruined Dragon|Dual Wingbeat|p1a: Whimsicott\n|-supereffective|p1a: Whimsicott|1\n|-damage|p1a: Whimsicott|53/100\n|-supereffective|p1a: Whimsicott|1\n|-damage|p1a: Whimsicott|5/100\n|-hitcount|p1a: Whimsicott|2\n|\n|-sideend|p2: skymin<3|move: Tailwind\n|upkeep\n|c|\u2606skymin<3|oh\n|c|\u2606skymin<3|thats a surprise\n|\n|t:|1776039304\n|switch|p1b: Garchomp|Garchomp, L50, M|100/100\n|turn|5\n|j| aurora ltd\n|\n|t:|1776039324\n|move|p1b: Garchomp|Rock Slide|p2b: Eclipsa|[spread] p2a,p2b\n|-supereffective|p2a: Ruined Dragon|1\n|-supereffective|p2b: Eclipsa|1\n|-damage|p2a: Ruined Dragon|0 fnt\n|-damage|p2b: Eclipsa|36/100\n|faint|p2a: Ruined Dragon\n|move|p1a: Whimsicott|Moonblast|p2b: Eclipsa\n|-resisted|p2b: Eclipsa|1\n|-crit|p2b: Eclipsa\n|-damage|p2b: Eclipsa|2/100\n|move|p2b: Eclipsa|Heat Wave|p1a: Whimsicott|[spread] p1a,p1b\n|-supereffective|p1a: Whimsicott|1\n|-resisted|p1b: Garchomp|1\n|-damage|p1a: Whimsicott|0 fnt\n|-damage|p1b: Garchomp|77/100\n|faint|p1a: Whimsicott\n|\n|upkeep\n|\n|t:|1776039334\n|switch|p2a: Neon|Rotom-Wash, L50|100/100\n|switch|p1a: Charizard|Charizard, L50, M, shiny|100/100\n|turn|6\n|\n|t:|1776039343\n|detailschange|p1a: Charizard|Charizard-Mega-Y, L50, M, shiny\n|-mega|p1a: Charizard|Charizard|Charizardite Y\n|-weather|SunnyDay|[from] ability: Drought|[of] p1a: Charizard\n|move|p1b: Garchomp|Dragon Claw|p2a: Neon\n|-damage|p2a: Neon|47/100\n|move|p1a: Charizard|Heat Wave|p2a: Neon|[spread] p2a,p2b\n|-resisted|p2a: Neon|1\n|-resisted|p2b: Eclipsa|1\n|-damage|p2a: Neon|3/100\n|-damage|p2b: Eclipsa|0 fnt\n|faint|p2b: Eclipsa\n|move|p2a: Neon|Hydro Pump|p1a: Charizard\n|-supereffective|p1a: Charizard|1\n|-damage|p1a: Charizard|45/100\n|\n|-weather|SunnyDay|[upkeep]\n|upkeep\n|turn|7\n|l| aurora ltd\n|c|\u2606skymin<3|gg\n|-message|skymin<3 forfeited.\n|\n|win|PhpRyV\n||skymin<3 is ready for game 3.\n||PhpRyV is ready for game 3.\n|uhtml|next|Next: <a href=\"/battle-gen9championsvgc2026regma-2581915014\"><strong>Game 3 of 3</strong></a>\n|l| MaybeIllusion\n|l| blueberre\n|l|\u2606skymin<3\n|player|p2|\n|j| 21Kieran\n|j| aurora ltd\n|l| island pocket\n",
  "uploadtime": 1776039615,
  "views": 10,
  "formatid": "gen9championsvgc2026regma",
  "rating": null,
  "private": 0,
  "password": null
}