{
  "id": "gen9championsvgc2026regma-2587165789",
  "format": "[Gen 9 Champions] VGC 2026 Reg M-A",
  "players": [
    "Vulpisfoglia",
    "AGP123"
  ],
  "log": "|j|\u2606Vulpisfoglia\n|j|\u2606AGP123\n|t:|1776503078\n|gametype|doubles\n|player|p1|Vulpisfoglia|kunoichi2-conquest|1209\n|player|p2|AGP123|clair|1265\n|gen|9\n|tier|[Gen 9 Champions] VGC 2026 Reg M-A\n|rated|\n|rule|Species Clause: Limit one of each Pok\u00e9mon\n|rule|Item Clause: Limit 1 of each item\n|clearpoke\n|poke|p1|Froslass, L50, F|\n|poke|p1|Greninja, L50, F|\n|poke|p1|Arcanine-Hisui, L50, M|\n|poke|p1|Sneasler, L50, M|\n|poke|p1|Zoroark-Hisui, L50, F|\n|poke|p1|Pikachu, L50, M|\n|poke|p2|Dragonite, L50, F, shiny|\n|poke|p2|Pelipper, L50, F, shiny|\n|poke|p2|Archaludon, L50, M, shiny|\n|poke|p2|Basculegion, L50, M, shiny|\n|poke|p2|Sneasler, L50, F, shiny|\n|poke|p2|Rotom-Heat, L50, shiny|\n|teampreview|4\nAGP123 rejected open team sheets.\n|j| adragotite\n|\n|t:|1776503103\n|teamsize|p1|4\n|teamsize|p2|4\n|start\n|switch|p1a: Arcanine|Arcanine-Hisui, L50, M|100/100\n|switch|p1b: Froslass|Froslass, L50, F|100/100\n|switch|p2a: Pelipper|Pelipper, L50, F, shiny|100/100\n|switch|p2b: Archaludon|Archaludon, L50, M, shiny|100/100\n|-ability|p1a: Arcanine|Intimidate|boost\n|-unboost|p2a: Pelipper|atk|1\n|-unboost|p2b: Archaludon|atk|1\n|-weather|RainDance|[from] ability: Drizzle|[of] p2a: Pelipper\n|turn|1\n|\n|t:|1776503120\n|move|p1b: Froslass|Shadow Ball|p2a: Pelipper\n|-damage|p2a: Pelipper|35/100\n|move|p1a: Arcanine|Rock Slide|p2b: Archaludon|[spread] p2a,p2b\n|-supereffective|p2a: Pelipper|1\n|-resisted|p2b: Archaludon|1\n|-damage|p2a: Pelipper|0 fnt\n|-damage|p2b: Archaludon|88/100\n|-ability|p2b: Archaludon|Stamina|boost\n|-boost|p2b: Archaludon|def|1\n|faint|p2a: Pelipper\n|cant|p2b: Archaludon|flinch\n|\n|-weather|RainDance|[upkeep]\n|-heal|p2b: Archaludon|94/100|[from] item: Leftovers\n|upkeep\n|\n|t:|1776503132\n|switch|p2a: Sneasler|Sneasler, L50, F, shiny|100/100\n|-ability|p2a: Sneasler|Pressure\n|turn|2\n|\n|t:|1776503143\n|switch|p1b: Pikachu|Pikachu, L50, M|100/100\n|move|p2a: Sneasler|Fake Out|p1a: Arcanine\n|-resisted|p1a: Arcanine|1\n|-damage|p1a: Arcanine|92/100\n|cant|p1a: Arcanine|flinch\n|move|p2b: Archaludon|Electro Shot||[still]\n|-activate|p1b: Pikachu|ability: Lightning Rod\n|-prepare|p2b: Archaludon|Electro Shot\n|-boost|p2b: Archaludon|spa|1\n|-anim|p2b: Archaludon|Electro Shot|p1b: Pikachu\n|-ability|p1b: Pikachu|Lightning Rod|boost\n|-boost|p1b: Pikachu|spa|1\n|\n|-weather|RainDance|[upkeep]\n|-heal|p2b: Archaludon|99/100|[from] item: Leftovers\n|upkeep\n|turn|3\n|\n|t:|1776503165\n|switch|p1a: Froslass|Froslass, L50, F|100/100\n|move|p1b: Pikachu|Fake Out|p2a: Sneasler\n|-damage|p2a: Sneasler|81/100\n|cant|p2a: Sneasler|flinch\n|move|p2b: Archaludon|Draco Meteor|p1b: Pikachu\n|-damage|p1b: Pikachu|0 fnt\n|-unboost|p2b: Archaludon|spa|2\n|faint|p1b: Pikachu\n|\n|-weather|RainDance|[upkeep]\n|-heal|p2b: Archaludon|100/100|[from] item: Leftovers\n|upkeep\n|\n|t:|1776503175\n|switch|p1b: Arcanine|Arcanine-Hisui, L50, M|100/100\n|turn|4\n|\n|t:|1776503182\n|detailschange|p1a: Froslass|Froslass-Mega, L50, F\n|-mega|p1a: Froslass|Froslass|Froslassite\n|-weather|Snowscape|[from] ability: Snow Warning|[of] p1a: Froslass\n|move|p1b: Arcanine|Psychic|p2a: Sneasler\n|-supereffective|p2a: Sneasler|2\n|-damage|p2a: Sneasler|0 fnt\n|faint|p2a: Sneasler\n|move|p1a: Froslass|Aurora Veil|p1a: Froslass\n|-sidestart|p1: Vulpisfoglia|move: Aurora Veil\n|move|p2b: Archaludon|Electro Shot||[still]\n|-prepare|p2b: Archaludon|Electro Shot\n|-boost|p2b: Archaludon|spa|1\n|\n|-weather|Snowscape|[upkeep]\n|upkeep\n|\n|t:|1776503192\n|switch|p2a: Basculegion|Basculegion, L50, M, shiny|100/100\n|turn|5\n|\n|t:|1776503198\n|switch|p1b: Arcanine|Arcanine-Hisui, L50, M|92/100\n|-ability|p1b: Arcanine|Intimidate|boost\n|-unboost|p2a: Basculegion|atk|1\n|-unboost|p2b: Archaludon|atk|1\n|move|p1a: Froslass|Protect|p1a: Froslass\n|-singleturn|p1a: Froslass|Protect\n|move|p2a: Basculegion|Last Respects|p1a: Froslass\n|-activate|p1a: Froslass|move: Protect\n|move|p2b: Archaludon|Electro Shot|p1a: Froslass|[from] lockedmove\n|-activate|p1a: Froslass|move: Protect\n|\n|-weather|Snowscape|[upkeep]\n|upkeep\n|turn|6\n|\n|t:|1776503216\n|move|p2a: Basculegion|Last Respects|p1b: Arcanine\n|-damage|p1b: Arcanine|42/100\n|move|p1a: Froslass|Shadow Ball|p2a: Basculegion\n|-supereffective|p2a: Basculegion|1\n|-crit|p2a: Basculegion\n|-damage|p2a: Basculegion|0 fnt\n|faint|p2a: Basculegion\n|move|p1b: Arcanine|Rock Slide|p2b: Archaludon|[miss]\n|-miss|p1b: Arcanine|p2b: Archaludon\n|move|p2b: Archaludon|Flash Cannon|p1a: Froslass\n|-supereffective|p1a: Froslass|1\n|-damage|p1a: Froslass|40/100\n|-unboost|p1a: Froslass|spd|1\n|\n|-weather|Snowscape|[upkeep]\n|upkeep\n|turn|7\n|\n|t:|1776503233\n|move|p1a: Froslass|Blizzard|p2b: Archaludon\n|-damage|p2b: Archaludon|17/100\n|-status|p2b: Archaludon|frz\n|-ability|p2b: Archaludon|Stamina|boost\n|-boost|p2b: Archaludon|def|1\n|move|p1b: Arcanine|Flare Blitz|p2b: Archaludon\n|-damage|p2b: Archaludon|0 fnt\n|faint|p2b: Archaludon\n|-damage|p1b: Arcanine|37/100|[from] Recoil\n|\n|win|Vulpisfoglia\n|raw|Vulpisfoglia's rating: 1209 &rarr; <strong>1238</strong><br />(+29 for winning)\n|raw|AGP123's rating: 1265 &rarr; <strong>1236</strong><br />(-29 for losing)\n|l|\u2606AGP123\n|player|p2|\n",
  "uploadtime": 1776503244,
  "views": 41,
  "formatid": "gen9championsvgc2026regma",
  "rating": 1236,
  "private": 0,
  "password": null
}