{
  "id": "gen9championsvgc2026regma-2585892884",
  "format": "[Gen 9 Champions] VGC 2026 Reg M-A",
  "players": [
    "xcafqa",
    "koxicity"
  ],
  "log": "|j|\u2606xcafqa\n|j|\u2606koxicity\n|t:|1776379040\n|gametype|doubles\n|player|p1|xcafqa|roxie|1114\n|player|p2|koxicity|265|1025\n|gen|9\n|tier|[Gen 9 Champions] VGC 2026 Reg M-A\n|rated|\n|rule|Species Clause: Limit one of each Pok\u00e9mon\n|rule|Item Clause: Limit 1 of each item\n|clearpoke\n|poke|p1|Raichu, L50, F|\n|poke|p1|Sinistcha, L50|\n|poke|p1|Kingambit, L50, M|\n|poke|p1|Crabominable, L50, M|\n|poke|p1|Armarouge, L50, F|\n|poke|p1|Gengar, L50, M|\n|poke|p2|Starmie, L50|\n|poke|p2|Oranguru, L50, M|\n|poke|p2|Sylveon, L50, F|\n|poke|p2|Houndoom, L50, M|\n|poke|p2|Torkoal, L50, M|\n|poke|p2|Incineroar, L50, F|\n|teampreview|4\n|\n|t:|1776379074\n|teamsize|p1|4\n|teamsize|p2|4\n|start\n|switch|p1a: Armarouge|Armarouge, L50, F|100/100\n|switch|p1b: Raichu|Raichu, L50, F|100/100\n|switch|p2a: Oranguru|Oranguru, L50, M|100/100\n|switch|p2b: Houndoom|Houndoom, L50, M|100/100\n|turn|1\n|\n|t:|1776379096\n|move|p1b: Raichu|Fake Out|p2b: Houndoom\n|-damage|p2b: Houndoom|87/100\n|cant|p2b: Houndoom|flinch\n|move|p2a: Oranguru|Light Screen|p2a: Oranguru\n|-sidestart|p2: koxicity|move: Light Screen\n|move|p1a: Armarouge|Trick Room|p1a: Armarouge\n|-fieldstart|move: Trick Room|[of] p1a: Armarouge\n|\n|upkeep\n|turn|2\n|\n|t:|1776379115\n|switch|p1a: Kingambit|Kingambit, L50, M|100/100\n|move|p2b: Houndoom|Protect|p2b: Houndoom\n|-singleturn|p2b: Houndoom|Protect\n|move|p1b: Raichu|Thunderbolt|p2b: Houndoom\n|-activate|p2b: Houndoom|move: Protect\n|move|p2a: Oranguru|Trick Room|p2a: Oranguru\n|-fieldend|move: Trick Room\n|\n|upkeep\n|turn|3\n|\n|t:|1776379129\n|switch|p1b: Armarouge|Armarouge, L50, F|100/100\n|switch|p2a: Torkoal|Torkoal, L50, M|100/100\n|-weather|SunnyDay|[from] ability: Drought|[of] p2a: Torkoal\n|detailschange|p2b: Houndoom|Houndoom-Mega, L50, M\n|-mega|p2b: Houndoom|Houndoom|Houndoominite\n|move|p1a: Kingambit|Protect|p1a: Kingambit\n|-singleturn|p1a: Kingambit|Protect\n|move|p2b: Houndoom|Heat Wave|p1a: Kingambit|[spread] \n|-activate|p1a: Kingambit|move: Protect\n|-start|p1b: Armarouge|ability: Flash Fire\n|\n|-weather|SunnyDay|[upkeep]\n|-damage|p2b: Houndoom|75/100|[from] ability: Solar Power|[of] p2b: Houndoom\n|upkeep\n|turn|4\n|\n|t:|1776379162\n|move|p1b: Armarouge|Wide Guard|p1b: Armarouge\n|-singleturn|p1b: Armarouge|Wide Guard\n|move|p2b: Houndoom|Snarl|p1b: Armarouge|[spread] \n|-activate|p1a: Kingambit|move: Wide Guard\n|-activate|p1b: Armarouge|move: Wide Guard\n|move|p1a: Kingambit|Swords Dance|p1a: Kingambit\n|-boost|p1a: Kingambit|atk|2\n|move|p2a: Torkoal|Weather Ball|p1a: Kingambit\n|-supereffective|p1a: Kingambit|1\n|-damage|p1a: Kingambit|0 fnt\n|faint|p1a: Kingambit\n|\n|-weather|SunnyDay|[upkeep]\n|-damage|p2b: Houndoom|63/100|[from] ability: Solar Power|[of] p2b: Houndoom\n|upkeep\n|\n|t:|1776379179\n|switch|p1a: Raichu|Raichu, L50, F|100/100\n|turn|5\n|\n|t:|1776379188\n|move|p2b: Houndoom|Protect|p2b: Houndoom\n|-singleturn|p2b: Houndoom|Protect\n|move|p1a: Raichu|Fake Out|p2b: Houndoom\n|-activate|p2b: Houndoom|move: Protect\n|move|p2a: Torkoal|Weather Ball|p1a: Raichu\n|-damage|p1a: Raichu|6/100\n|-enditem|p1a: Raichu|Sitrus Berry|[eat]\n|-heal|p1a: Raichu|30/100|[from] item: Sitrus Berry\n|move|p1b: Armarouge|Trick Room|p1b: Armarouge\n|-fieldstart|move: Trick Room|[of] p1b: Armarouge\n|\n|-weather|SunnyDay|[upkeep]\n|-damage|p2b: Houndoom|50/100|[from] ability: Solar Power|[of] p2b: Houndoom\n|-sideend|p2: koxicity|move: Light Screen\n|upkeep\n|turn|6\n|\n|t:|1776379216\n|switch|p2b: Oranguru|Oranguru, L50, M|100/100\n|move|p2a: Torkoal|Weather Ball|p1a: Raichu\n|-damage|p1a: Raichu|0 fnt\n|faint|p1a: Raichu\n|move|p1b: Armarouge|Armor Cannon|p2b: Oranguru\n|-crit|p2b: Oranguru\n|-damage|p2b: Oranguru|0 fnt\n|-unboost|p1b: Armarouge|def|1\n|-unboost|p1b: Armarouge|spd|1\n|faint|p2b: Oranguru\n|\n|-weather|SunnyDay|[upkeep]\n|upkeep\n|\n|t:|1776379228\n|switch|p2b: Sylveon|Sylveon, L50, F|100/100\n|switch|p1a: Gengar|Gengar, L50, M, shiny|100/100\n|turn|7\n|\n|t:|1776379255\n|detailschange|p1a: Gengar|Gengar-Mega, L50, M, shiny\n|-mega|p1a: Gengar|Gengar|Gengarite\n|move|p2a: Torkoal|Eruption|p1a: Gengar|[spread] p1a\n|-immune|p1b: Armarouge|[from] ability: Flash Fire\n|-damage|p1a: Gengar|0 fnt\n|faint|p1a: Gengar\n|move|p2b: Sylveon|Shadow Ball|p1b: Armarouge\n|-supereffective|p1b: Armarouge|1\n|-damage|p1b: Armarouge|18/100\n|-unboost|p1b: Armarouge|spd|1\n|move|p1b: Armarouge|Armor Cannon|p2a: Torkoal\n|-resisted|p2a: Torkoal|1\n|-crit|p2a: Torkoal\n|-damage|p2a: Torkoal|7/100\n|-unboost|p1b: Armarouge|def|1\n|-unboost|p1b: Armarouge|spd|1\n|\n|-weather|none\n|upkeep\n|turn|8\n|-message|xcafqa forfeited.\n|\n|win|koxicity\n|raw|xcafqa's rating: 1114 &rarr; <strong>1083</strong><br />(-31 for losing)\n|raw|koxicity's rating: 1025 &rarr; <strong>1070</strong><br />(+45 for winning)\n|l|\u2606xcafqa\n|player|p1|\n",
  "uploadtime": 1776379275,
  "views": 22,
  "formatid": "gen9championsvgc2026regma",
  "rating": 1070,
  "private": 0,
  "password": null
}