{
  "id": "gen9championsvgc2026regma-2586955900",
  "format": "[Gen 9 Champions] VGC 2026 Reg M-A",
  "players": [
    "FortuneMC",
    "meyownaze2"
  ],
  "log": "|j|\u2606FortuneMC\n|j|\u2606meyownaze2\n|t:|1776475394\n|gametype|doubles\n|player|p1|FortuneMC|veteran|1327\n|player|p2|meyownaze2|preschooler|1355\n|gen|9\n|tier|[Gen 9 Champions] VGC 2026 Reg M-A\n|rated|\n|rule|Species Clause: Limit one of each Pok\u00e9mon\n|rule|Item Clause: Limit 1 of each item\n|clearpoke\n|poke|p1|Serperior, L50, F|\n|poke|p1|Whimsicott, L50, F|\n|poke|p1|Garchomp, L50, M|\n|poke|p1|Gengar, L50, M|\n|poke|p1|Charizard, L50, F|\n|poke|p1|Farigiraf, L50, M|\n|poke|p2|Pelipper, L50, M|\n|poke|p2|Archaludon, L50, M|\n|poke|p2|Sinistcha-Masterpiece, L50|\n|poke|p2|Basculegion, L50, M|\n|poke|p2|Sableye, L50, F|\n|poke|p2|Dragonite, L50, M|\n|teampreview|4\n|inactive|Battle timer is ON: inactive players will automatically lose when time's up. (requested by meyownaze2)\n|\n|t:|1776475415\n|teamsize|p1|4\n|teamsize|p2|4\n|start\n|switch|p1a: Serperior|Serperior, L50, F|100/100\n|switch|p1b: Whimsicott|Whimsicott, L50, F|100/100\n|switch|p2a: K. Pelipperkins|Pelipper, L50, M|100/100\n|switch|p2b: Brandon Bas|Basculegion, L50, M, shiny|100/100\n|-weather|RainDance|[from] ability: Drizzle|[of] p2a: K. Pelipperkins\n|turn|1\n|\n|t:|1776475436\n|move|p1a: Serperior|Protect|p1a: Serperior\n|-singleturn|p1a: Serperior|Protect\n|move|p1b: Whimsicott|Tailwind|p1b: Whimsicott\n|-sidestart|p1: FortuneMC|move: Tailwind\n|move|p2b: Brandon Bas|Flip Turn|p1a: Serperior\n|-activate|p1a: Serperior|move: Protect\n|move|p2a: K. Pelipperkins|Hurricane|p1a: Serperior\n|-activate|p1a: Serperior|move: Protect\n|\n|-weather|RainDance|[upkeep]\n|upkeep\n|turn|2\n|\n|t:|1776475456\n|switch|p2b: ArchaluDoncic|Archaludon, L50, M, shiny|100/100\n|move|p1b: Whimsicott|Fake Tears|p1a: Serperior\n|-boost|p1a: Serperior|spd|2\n|move|p1a: Serperior|Leaf Storm|p2a: K. Pelipperkins\n|-damage|p2a: K. Pelipperkins|63/100\n|-boost|p1a: Serperior|spa|2\n|move|p2a: K. Pelipperkins|Hurricane|p1a: Serperior\n|-supereffective|p1a: Serperior|1\n|-damage|p1a: Serperior|60/100\n|\n|-weather|RainDance|[upkeep]\n|upkeep\n|turn|3\n|inactive|meyownaze2 has 30 seconds left.\n|\n|t:|1776475485\n|move|p1b: Whimsicott|Fake Tears|p1a: Serperior\n|-boost|p1a: Serperior|spd|2\n|move|p1a: Serperior|Leaf Storm|p2a: K. Pelipperkins\n|-damage|p2a: K. Pelipperkins|0 fnt\n|-boost|p1a: Serperior|spa|2\n|faint|p2a: K. Pelipperkins\n|move|p2b: ArchaluDoncic|Flash Cannon|p1b: Whimsicott\n|-supereffective|p1b: Whimsicott|1\n|-damage|p1b: Whimsicott|9/100\n|\n|-weather|RainDance|[upkeep]\n|upkeep\n|\n|t:|1776475490\n|switch|p2a: Dragon Bender|Dragonite, L50, M|100/100\n|turn|4\n|\n|t:|1776475505\n|detailschange|p2a: Dragon Bender|Dragonite-Mega, L50, M\n|-mega|p2a: Dragon Bender|Dragonite|Dragoninite\n|move|p2a: Dragon Bender|Extreme Speed|p1b: Whimsicott\n|-damage|p1b: Whimsicott|0 fnt\n|faint|p1b: Whimsicott\n|move|p1a: Serperior|Dragon Pulse|p2a: Dragon Bender\n|-supereffective|p2a: Dragon Bender|1\n|-damage|p2a: Dragon Bender|64/100\n|move|p2b: ArchaluDoncic|Flash Cannon|p1a: Serperior\n|-damage|p1a: Serperior|46/100\n|-enditem|p1a: Serperior|Sitrus Berry|[eat]\n|-heal|p1a: Serperior|71/100|[from] item: Sitrus Berry\n|\n|-weather|RainDance|[upkeep]\n|-sideend|p1: FortuneMC|move: Tailwind\n|upkeep\n|\n|t:|1776475515\n|switch|p1b: Charizard|Charizard, L50, F|100/100\n|turn|5\n|\n|t:|1776475524\n|detailschange|p1b: Charizard|Charizard-Mega-Y, L50, F\n|-mega|p1b: Charizard|Charizard|Charizardite Y\n|-weather|SunnyDay|[from] ability: Drought|[of] p1b: Charizard\n|move|p1a: Serperior|Dragon Pulse|p2a: Dragon Bender\n|-supereffective|p2a: Dragon Bender|1\n|-damage|p2a: Dragon Bender|0 fnt\n|faint|p2a: Dragon Bender\n|move|p1b: Charizard|Heat Wave|p2b: ArchaluDoncic\n|-damage|p2b: ArchaluDoncic|7/100\n|move|p2b: ArchaluDoncic|Flash Cannon|p1a: Serperior\n|-damage|p1a: Serperior|59/100\n|\n|-weather|SunnyDay|[upkeep]\n|upkeep\n|-message|meyownaze2 forfeited.\n|\n|win|FortuneMC\n|raw|FortuneMC's rating: 1327 &rarr; <strong>1349</strong><br />(+22 for winning)\n|raw|meyownaze2's rating: 1355 &rarr; <strong>1333</strong><br />(-22 for losing)\n|l|\u2606meyownaze2\n|player|p2|\n",
  "uploadtime": 1776475586,
  "views": 32,
  "formatid": "gen9championsvgc2026regma",
  "rating": 1333,
  "private": 0,
  "password": null
}