{
  "id": "gen9championsvgc2026regma-2580383067",
  "format": "[Gen 9 Champions] VGC 2026 Reg M-A",
  "players": [
    "GenericPlaceholder",
    "yamzinyobooty"
  ],
  "log": "|j|\u2606GenericPlaceholder\n|j|\u2606yamzinyobooty\n|t:|1775888312\n|gametype|doubles\n|player|p1|GenericPlaceholder|102|1134\n|player|p2|yamzinyobooty|170|1152\n|gen|9\n|tier|[Gen 9 Champions] VGC 2026 Reg M-A\n|rated|\n|rule|Species Clause: Limit one of each Pok\u00e9mon\n|rule|Item Clause: Limit 1 of each item\n|clearpoke\n|poke|p1|Victreebel, L50, M|\n|poke|p1|Pelipper, L50, M|\n|poke|p1|Beartic, L50, M|\n|poke|p1|Hydreigon, L50, M|\n|poke|p1|Talonflame, L50, M|\n|poke|p1|Basculegion, L50, M|\n|poke|p2|Tyranitar, L50, F|\n|poke|p2|Excadrill, L50, F|\n|poke|p2|Rotom-Wash, L50|\n|poke|p2|Basculegion, L50, M|\n|poke|p2|Meganium, L50, F|\n|poke|p2|Talonflame, L50, F|\n|teampreview|4\n|inactive|Battle timer is ON: inactive players will automatically lose when time's up. (requested by yamzinyobooty)\n|inactive|yamzinyobooty has 60 seconds left.\n|\n|t:|1775888343\n|teamsize|p1|4\n|teamsize|p2|4\n|start\n|switch|p1a: Talonflame|Talonflame, L50, M|100/100\n|switch|p1b: Basculegion|Basculegion, L50, M|100/100\n|switch|p2a: Basculegion|Basculegion, L50, M|100/100\n|switch|p2b: Excadrill|Excadrill, L50, F|100/100\n|turn|1\n|\n|t:|1775888364\n|move|p1a: Talonflame|Protect|p1a: Talonflame\n|-singleturn|p1a: Talonflame|Protect\n|move|p2b: Excadrill|Protect|p2b: Excadrill\n|-singleturn|p2b: Excadrill|Protect\n|move|p1b: Basculegion|Flip Turn|p2a: Basculegion\n|-resisted|p2a: Basculegion|1\n|-damage|p2a: Basculegion|78/100\n|\n|t:|1775888376\n|switch|p1b: Victreebel|Victreebel, L50, M, shiny|100/100|[from] Flip Turn\n|move|p2a: Basculegion|Wave Crash|p1a: Talonflame\n|-activate|p1a: Talonflame|move: Protect\n|\n|upkeep\n|turn|2\n|inactive|yamzinyobooty has 30 seconds left.\n|inactive|yamzinyobooty has 20 seconds left.\n|\n|t:|1775888413\n|switch|p1a: Pelipper|Pelipper, L50, M|100/100\n|-weather|RainDance|[from] ability: Drizzle|[of] p1a: Pelipper\n|detailschange|p1b: Victreebel|Victreebel-Mega, L50, M, shiny\n|-mega|p1b: Victreebel|Victreebel|Victreebelite\n|move|p2a: Basculegion|Wave Crash|p1a: Pelipper\n|-resisted|p1a: Pelipper|1\n|-damage|p1a: Pelipper|44/100\n|-damage|p2a: Basculegion|62/100|[from] Recoil\n|move|p2b: Excadrill|Rock Slide|p1b: Victreebel|[spread] p1a,p1b\n|-supereffective|p1a: Pelipper|1\n|-damage|p1a: Pelipper|3/100\n|-damage|p1b: Victreebel|75/100\n|move|p1b: Victreebel|Weather Ball|p2b: Excadrill\n|-supereffective|p2b: Excadrill|1\n|-crit|p2b: Excadrill\n|-enditem|p2b: Excadrill|Focus Sash\n|-damage|p2b: Excadrill|1/100\n|\n|-weather|RainDance|[upkeep]\n|-heal|p1a: Pelipper|9/100|[from] item: Leftovers\n|upkeep\n|turn|3\n|inactive|GenericPlaceholder has 30 seconds left.\n|inactive|yamzinyobooty has 30 seconds left.\n|\n|t:|1775888443\n|move|p2b: Excadrill|Protect|p2b: Excadrill\n|-singleturn|p2b: Excadrill|Protect\n|move|p1a: Pelipper|Wide Guard|p1a: Pelipper\n|-singleturn|p1a: Pelipper|Wide Guard\n|move|p2a: Basculegion|Wave Crash|p1a: Pelipper\n|-resisted|p1a: Pelipper|1\n|-damage|p1a: Pelipper|0 fnt\n|faint|p1a: Pelipper\n|-damage|p2a: Basculegion|59/100|[from] Recoil\n|move|p1b: Victreebel|Giga Drain|p2a: Basculegion\n|-supereffective|p2a: Basculegion|1\n|-damage|p2a: Basculegion|0 fnt\n|-heal|p1b: Victreebel|100/100|[from] drain|[of] p2a: Basculegion\n|faint|p2a: Basculegion\n|\n|-weather|RainDance|[upkeep]\n|upkeep\n|\n|t:|1775888462\n|switch|p2a: Tyranitar|Tyranitar, L50, F|100/100\n|switch|p1a: Talonflame|Talonflame, L50, M|100/100\n|-weather|Sandstorm|[from] ability: Sand Stream|[of] p2a: Tyranitar\n|turn|4\n|\n|t:|1775888482\n|move|p1a: Talonflame|Protect|p1a: Talonflame\n|-singleturn|p1a: Talonflame|Protect\n|move|p2b: Excadrill|Rock Slide|p1a: Talonflame|[spread] p1b\n|-activate|p1a: Talonflame|move: Protect\n|-damage|p1b: Victreebel|75/100\n|move|p1b: Victreebel|Giga Drain|p2b: Excadrill\n|-damage|p2b: Excadrill|0 fnt\n|-heal|p1b: Victreebel|76/100|[from] drain|[of] p2b: Excadrill\n|faint|p2b: Excadrill\n|move|p2a: Tyranitar|Rock Slide|p1a: Talonflame|[spread] p1b\n|-activate|p1a: Talonflame|move: Protect\n|-damage|p1b: Victreebel|37/100\n|\n|-weather|Sandstorm|[upkeep]\n|-damage|p1a: Talonflame|95/100|[from] Sandstorm\n|-damage|p1b: Victreebel|31/100|[from] Sandstorm\n|upkeep\n|\n|t:|1775888484\n|switch|p2b: Rotom|Rotom-Wash, L50, shiny|100/100\n|turn|5\n|\n|t:|1775888506\n|move|p2b: Rotom|Protect|p2b: Rotom\n|-singleturn|p2b: Rotom|Protect\n|move|p1a: Talonflame|Tailwind|p1a: Talonflame\n|-sidestart|p1: GenericPlaceholder|move: Tailwind\n|move|p1b: Victreebel|Giga Drain|p2b: Rotom\n|-activate|p2b: Rotom|move: Protect\n|move|p2a: Tyranitar|Rock Slide|p1b: Victreebel|[spread] p1b\n|-miss|p2a: Tyranitar|p1a: Talonflame\n|-damage|p1b: Victreebel|0 fnt\n|-damage|p2a: Tyranitar|77/100|[from] ability: Innards Out|[of] p1b: Victreebel\n|faint|p1b: Victreebel\n|\n|-weather|Sandstorm|[upkeep]\n|-damage|p1a: Talonflame|89/100|[from] Sandstorm\n|-damage|p2b: Rotom|95/100|[from] Sandstorm\n|upkeep\n|\n|t:|1775888523\n|switch|p1b: Basculegion|Basculegion, L50, M|100/100\n|turn|6\n|\n|t:|1775888544\n|move|p1a: Talonflame|Protect|p1a: Talonflame\n|-singleturn|p1a: Talonflame|Protect\n|move|p1b: Basculegion|Last Respects|p2b: Rotom\n|-damage|p2b: Rotom|0 fnt\n|faint|p2b: Rotom\n|move|p2a: Tyranitar|Knock Off|p1b: Basculegion\n|-supereffective|p1b: Basculegion|1\n|-damage|p1b: Basculegion|0 fnt\n|-enditem|p1b: Basculegion|Choice Scarf|[from] move: Knock Off|[of] p2a: Tyranitar\n|faint|p1b: Basculegion\n|\n|-weather|Sandstorm|[upkeep]\n|-damage|p1a: Talonflame|83/100|[from] Sandstorm\n|upkeep\n|turn|7\n|c|\u2606yamzinyobooty|yh ggs\n|-message|GenericPlaceholder forfeited.\n|\n|win|yamzinyobooty\n|raw|GenericPlaceholder's rating: 1134 &rarr; <strong>1110</strong><br />(-24 for losing)\n|raw|yamzinyobooty's rating: 1152 &rarr; <strong>1176</strong><br />(+24 for winning)\n",
  "uploadtime": 1775888561,
  "views": 14,
  "formatid": "gen9championsvgc2026regma",
  "rating": 1110,
  "private": 0,
  "password": null
}