{
  "id": "gen9championsvgc2026regma-2582786815",
  "format": "[Gen 9 Champions] VGC 2026 Reg M-A",
  "players": [
    "KingOvershield",
    "Portallus"
  ],
  "log": "|j|\u2606KingOvershield\n|j|\u2606Portallus\n|t:|1776114078\n|gametype|doubles\n|player|p1|KingOvershield|bugcatcher-gen4dp|1175\n|player|p2|Portallus|ethan-gen2|1108\n|gen|9\n|tier|[Gen 9 Champions] VGC 2026 Reg M-A\n|rated|\n|rule|Species Clause: Limit one of each Pok\u00e9mon\n|rule|Item Clause: Limit 1 of each item\n|clearpoke\n|poke|p1|Scizor, L50, F|\n|poke|p1|Incineroar, L50, M|\n|poke|p1|Ninetales-Alola, L50, F|\n|poke|p1|Basculegion, L50, M|\n|poke|p1|Sneasler, L50, M|\n|poke|p1|Kommo-o, L50, F|\n|poke|p2|Tyranitar, L50, F|\n|poke|p2|Excadrill, L50, F|\n|poke|p2|Milotic, L50, M|\n|poke|p2|Sinistcha, L50|\n|poke|p2|Corviknight, L50, F|\n|poke|p2|Sneasler, L50, F|\n|teampreview|4\n|inactive|Battle timer is ON: inactive players will automatically lose when time's up. (requested by Portallus)\n|inactive|KingOvershield has 60 seconds left.\n|\n|t:|1776114129\n|teamsize|p1|4\n|teamsize|p2|4\n|start\n|switch|p1a: Scizor|Scizor, L50, F|100/100\n|switch|p1b: Sneasler|Sneasler, L50, M|100/100\n|switch|p2a: Milotic|Milotic, L50, M|100/100\n|switch|p2b: Corviknight|Corviknight, L50, F|100/100\n|turn|1\n|inactive|KingOvershield has 30 seconds left.\n|inactive|Portallus has 30 seconds left.\n|inactive|KingOvershield has 20 seconds left.\n|\n|t:|1776114165\n|detailschange|p1a: Scizor|Scizor-Mega, L50, F\n|-mega|p1a: Scizor|Scizor|Scizorite\n|move|p1b: Sneasler|Fake Out|p2b: Corviknight\n|-resisted|p2b: Corviknight|1\n|-damage|p2b: Corviknight|96/100\n|move|p1a: Scizor|Trailblaze|p2a: Milotic\n|-supereffective|p2a: Milotic|1\n|-damage|p2a: Milotic|52/100\n|-boost|p1a: Scizor|spe|1\n|move|p2a: Milotic|Scald|p1b: Sneasler\n|-damage|p1b: Sneasler|59/100\n|cant|p2b: Corviknight|flinch\n|\n|-heal|p2a: Milotic|58/100|[from] item: Leftovers\n|upkeep\n|turn|2\n|inactive|KingOvershield has 30 seconds left.\n|\n|t:|1776114197\n|move|p1b: Sneasler|Coaching|p1a: Scizor\n|-boost|p1a: Scizor|atk|1\n|-boost|p1a: Scizor|def|1\n|move|p1a: Scizor|Trailblaze|p2a: Milotic\n|-supereffective|p2a: Milotic|1\n|-damage|p2a: Milotic|0 fnt\n|-boost|p1a: Scizor|spe|1\n|faint|p2a: Milotic\n|move|p2b: Corviknight|Tailwind|p2b: Corviknight\n|-sidestart|p2: Portallus|move: Tailwind\n|\n|upkeep\n|\n|t:|1776114210\n|switch|p2a: Tyranitar|Tyranitar, L50, F|100/100\n|-weather|Sandstorm|[from] ability: Sand Stream|[of] p2a: Tyranitar\n|turn|3\n|inactive|KingOvershield has 30 seconds left.\n|\n|t:|1776114239\n|move|p2a: Tyranitar|Protect|p2a: Tyranitar\n|-singleturn|p2a: Tyranitar|Protect\n|move|p1a: Scizor|Bullet Punch|p2a: Tyranitar\n|-activate|p2a: Tyranitar|move: Protect\n|move|p1b: Sneasler|Coaching|p1a: Scizor\n|-boost|p1a: Scizor|atk|1\n|-boost|p1a: Scizor|def|1\n|move|p2b: Corviknight|Dual Wingbeat|p1b: Sneasler\n|-supereffective|p1b: Sneasler|1\n|-damage|p1b: Sneasler|0 fnt\n|faint|p1b: Sneasler\n|-hitcount|p1: Sneasler|1\n|\n|-weather|Sandstorm|[upkeep]\n|upkeep\n|\n|t:|1776114252\n|switch|p1b: Ninetales|Ninetales-Alola, L50, F|100/100\n|-weather|Snowscape|[from] ability: Snow Warning|[of] p1b: Ninetales\n|turn|4\n|\n|t:|1776114272\n|detailschange|p2a: Tyranitar|Tyranitar-Mega, L50, F\n|-mega|p2a: Tyranitar|Tyranitar|Tyranitarite\n|-weather|Sandstorm|[from] ability: Sand Stream|[of] p2a: Tyranitar\n|move|p1a: Scizor|Knock Off|p2a: Tyranitar\n|-resisted|p2a: Tyranitar|1\n|-damage|p2a: Tyranitar|82/100\n|move|p2a: Tyranitar|Rock Slide|p1a: Scizor|[spread] p1b\n|-miss|p2a: Tyranitar|p1a: Scizor\n|-supereffective|p1b: Ninetales|1\n|-enditem|p1b: Ninetales|Focus Sash\n|-damage|p1b: Ninetales|1/100\n|move|p2b: Corviknight|Dual Wingbeat|p1a: Scizor|[miss]\n|-miss|p2b: Corviknight|p1a: Scizor\n|move|p1b: Ninetales|Aurora Veil||[still]\n|-fail|p1b: Ninetales\n|\n|-weather|Sandstorm|[upkeep]\n|-damage|p1b: Ninetales|0 fnt|[from] Sandstorm\n|faint|p1b: Ninetales\n|upkeep\n|\n|t:|1776114289\n|switch|p1b: Incineroar|Incineroar, L50, M|100/100\n|-ability|p1b: Incineroar|Intimidate|boost\n|-unboost|p2a: Tyranitar|atk|1\n|-ability|p2b: Corviknight|Mirror Armor\n|-unboost|p1b: Incineroar|atk|1\n|turn|5\n|\n|t:|1776114309\n|move|p2a: Tyranitar|Protect|p2a: Tyranitar\n|-singleturn|p2a: Tyranitar|Protect\n|move|p1b: Incineroar|Fake Out|p2b: Corviknight\n|-resisted|p2b: Corviknight|1\n|-damage|p2b: Corviknight|93/100\n|move|p1a: Scizor|Bullet Punch|p2a: Tyranitar\n|-activate|p2a: Tyranitar|move: Protect\n|cant|p2b: Corviknight|flinch\n|\n|-weather|Sandstorm|[upkeep]\n|-damage|p1b: Incineroar|95/100|[from] Sandstorm\n|-sideend|p2: Portallus|move: Tailwind\n|upkeep\n|turn|6\n|\n|t:|1776114324\n|switch|p2a: Sinistcha|Sinistcha, L50|100/100\n|-heal|p2b: Corviknight|100/100|[from] ability: Hospitality|[of] p2a: Sinistcha\n|move|p1a: Scizor|Bullet Punch|p2a: Sinistcha\n|-damage|p2a: Sinistcha|21/100\n|-enditem|p2a: Sinistcha|Sitrus Berry|[eat]\n|-heal|p2a: Sinistcha|46/100|[from] item: Sitrus Berry\n|move|p1b: Incineroar|Will-O-Wisp|p2b: Corviknight\n|-status|p2b: Corviknight|brn\n|move|p2b: Corviknight|Tailwind|p2b: Corviknight\n|-sidestart|p2: Portallus|move: Tailwind\n|\n|-weather|Sandstorm|[upkeep]\n|-damage|p2a: Sinistcha|40/100|[from] Sandstorm\n|-damage|p1b: Incineroar|89/100|[from] Sandstorm\n|-damage|p2b: Corviknight|95/100 brn|[from] brn\n|upkeep\n|turn|7\n|inactive|KingOvershield has 30 seconds left.\n|inactive|KingOvershield has 20 seconds left.\n|inactive|KingOvershield has 15 seconds left.\n|\n|t:|1776114367\n|move|p1a: Scizor|Trailblaze|p2b: Corviknight\n|-resisted|p2b: Corviknight|2\n|-damage|p2b: Corviknight|84/100 brn\n|-boost|p1a: Scizor|spe|1\n|move|p2b: Corviknight|Body Press|p1b: Incineroar\n|-supereffective|p1b: Incineroar|1\n|-damage|p1b: Incineroar|65/100\n|move|p2a: Sinistcha|Strength Sap|p1a: Scizor\n|-unboost|p1a: Scizor|atk|1\n|-heal|p2a: Sinistcha|100/100\n|move|p1b: Incineroar|Darkest Lariat|p2a: Sinistcha\n|-supereffective|p2a: Sinistcha|1\n|-crit|p2a: Sinistcha\n|-damage|p2a: Sinistcha|0 fnt\n|faint|p2a: Sinistcha\n|\n|-weather|Sandstorm|[upkeep]\n|-damage|p1b: Incineroar|59/100|[from] Sandstorm\n|-damage|p2b: Corviknight|78/100 brn|[from] brn\n|upkeep\n|\n|t:|1776114385\n|switch|p2a: Tyranitar|Tyranitar-Mega, L50, F|82/100\n|turn|8\n|\n|t:|1776114401\n|move|p1a: Scizor|Trailblaze|p2b: Corviknight\n|-resisted|p2b: Corviknight|2\n|-damage|p2b: Corviknight|70/100 brn\n|-boost|p1a: Scizor|spe|1\n|move|p2a: Tyranitar|Rock Slide|p1b: Incineroar|[spread] p1b\n|-miss|p2a: Tyranitar|p1a: Scizor\n|-supereffective|p1b: Incineroar|1\n|-damage|p1b: Incineroar|0 fnt\n|faint|p1b: Incineroar\n|move|p2b: Corviknight|Dual Wingbeat|p1a: Scizor\n|-damage|p1a: Scizor|97/100\n|-damage|p1a: Scizor|93/100\n|-hitcount|p1a: Scizor|2\n|\n|-weather|none\n|-damage|p2b: Corviknight|64/100 brn|[from] brn\n|upkeep\n|turn|9\n|inactive|Portallus has 30 seconds left.\n|\n|t:|1776114429\n|move|p1a: Scizor|Bullet Punch|p2a: Tyranitar\n|-supereffective|p2a: Tyranitar|1\n|-damage|p2a: Tyranitar|9/100\n|move|p2a: Tyranitar|Rock Slide|p1a: Scizor|[miss]\n|-miss|p2a: Tyranitar|p1a: Scizor\n|move|p2b: Corviknight|Body Press|p1a: Scizor\n|-damage|p1a: Scizor|88/100\n|\n|-damage|p2b: Corviknight|58/100 brn|[from] brn\n|-sideend|p2: Portallus|move: Tailwind\n|upkeep\n|turn|10\n|\n|t:|1776114441\n|move|p1a: Scizor|Protect|p1a: Scizor\n|-singleturn|p1a: Scizor|Protect\n|move|p2a: Tyranitar|Protect|p2a: Tyranitar\n|-singleturn|p2a: Tyranitar|Protect\n|move|p2b: Corviknight|Dual Wingbeat|p1a: Scizor\n|-activate|p1a: Scizor|move: Protect\n|\n|-damage|p2b: Corviknight|52/100 brn|[from] brn\n|upkeep\n|turn|11\n|\n|t:|1776114455\n|move|p2a: Tyranitar|Protect|p2a: Tyranitar\n|-singleturn|p2a: Tyranitar|Protect\n|move|p1a: Scizor|Bullet Punch|p2a: Tyranitar\n|-activate|p2a: Tyranitar|move: Protect\n|move|p2b: Corviknight|Dual Wingbeat|p1a: Scizor\n|-damage|p1a: Scizor|85/100\n|-damage|p1a: Scizor|82/100\n|-hitcount|p1a: Scizor|2\n|\n|-damage|p2b: Corviknight|46/100 brn|[from] brn\n|upkeep\n|turn|12\n|\n|t:|1776114469\n|move|p1a: Scizor|Bullet Punch|p2a: Tyranitar\n|-supereffective|p2a: Tyranitar|1\n|-damage|p2a: Tyranitar|0 fnt\n|faint|p2a: Tyranitar\n|move|p2b: Corviknight|Roost|p2b: Corviknight\n|-heal|p2b: Corviknight|97/100 brn\n|-singleturn|p2b: Corviknight|move: Roost\n|\n|-damage|p2b: Corviknight|91/100 brn|[from] brn\n|upkeep\n|turn|13\n|inactive|KingOvershield has 30 seconds left.\n|\n|t:|1776114500\n|move|p1a: Scizor|Knock Off|p2b: Corviknight\n|-damage|p2b: Corviknight|52/100 brn\n|-enditem|p2b: Corviknight|Sharp Beak|[from] move: Knock Off|[of] p1a: Scizor\n|move|p2b: Corviknight|Dual Wingbeat|p1a: Scizor\n|-damage|p1a: Scizor|79/100\n|-damage|p1a: Scizor|76/100\n|-hitcount|p1a: Scizor|2\n|\n|-damage|p2b: Corviknight|46/100 brn|[from] brn\n|upkeep\n|turn|14\n|\n|t:|1776114513\n|move|p1a: Scizor|Bullet Punch|p2b: Corviknight\n|-resisted|p2b: Corviknight|1\n|-damage|p2b: Corviknight|29/100 brn\n|move|p2b: Corviknight|Roost|p2b: Corviknight\n|-heal|p2b: Corviknight|79/100 brn\n|-singleturn|p2b: Corviknight|move: Roost\n|\n|-damage|p2b: Corviknight|73/100 brn|[from] brn\n|upkeep\n|turn|15\n|\n|t:|1776114536\n|move|p1a: Scizor|Bullet Punch|p2b: Corviknight\n|-resisted|p2b: Corviknight|1\n|-damage|p2b: Corviknight|54/100 brn\n|move|p2b: Corviknight|Roost|p2b: Corviknight\n|-heal|p2b: Corviknight|100/100 brn\n|-singleturn|p2b: Corviknight|move: Roost\n|\n|-damage|p2b: Corviknight|95/100 brn|[from] brn\n|upkeep\n|turn|16\n|\n|t:|1776114547\n|move|p1a: Scizor|Bullet Punch|p2b: Corviknight\n|-resisted|p2b: Corviknight|1\n|-damage|p2b: Corviknight|76/100 brn\n|move|p2b: Corviknight|Body Press|p1a: Scizor\n|-damage|p1a: Scizor|71/100\n|\n|-damage|p2b: Corviknight|70/100 brn|[from] brn\n|upkeep\n|turn|17\n|\n|t:|1776114561\n|move|p1a: Scizor|Protect|p1a: Scizor\n|-singleturn|p1a: Scizor|Protect\n|move|p2b: Corviknight|Body Press|p1a: Scizor\n|-activate|p1a: Scizor|move: Protect\n|\n|-damage|p2b: Corviknight|64/100 brn|[from] brn\n|upkeep\n|turn|18\n|\n|t:|1776114572\n|move|p1a: Scizor|Bullet Punch|p2b: Corviknight\n|-resisted|p2b: Corviknight|1\n|-damage|p2b: Corviknight|44/100 brn\n|move|p2b: Corviknight|Roost|p2b: Corviknight\n|-heal|p2b: Corviknight|94/100 brn\n|-singleturn|p2b: Corviknight|move: Roost\n|\n|-damage|p2b: Corviknight|88/100 brn|[from] brn\n|upkeep\n|turn|19\n|\n|t:|1776114582\n|move|p1a: Scizor|Protect|p1a: Scizor\n|-singleturn|p1a: Scizor|Protect\n|move|p2b: Corviknight|Body Press|p1a: Scizor\n|-activate|p1a: Scizor|move: Protect\n|\n|-damage|p2b: Corviknight|82/100 brn|[from] brn\n|upkeep\n|turn|20\n|\n|t:|1776114591\n|move|p1a: Scizor|Bullet Punch|p2b: Corviknight\n|-resisted|p2b: Corviknight|1\n|-damage|p2b: Corviknight|63/100 brn\n|move|p2b: Corviknight|Body Press|p1a: Scizor\n|-damage|p1a: Scizor|66/100\n|\n|-damage|p2b: Corviknight|58/100 brn|[from] brn\n|upkeep\n|turn|21\n|\n|t:|1776114598\n|move|p1a: Scizor|Bullet Punch|p2b: Corviknight\n|-resisted|p2b: Corviknight|1\n|-damage|p2b: Corviknight|40/100 brn\n|move|p2b: Corviknight|Roost|p2b: Corviknight\n|-heal|p2b: Corviknight|90/100 brn\n|-singleturn|p2b: Corviknight|move: Roost\n|\n|-damage|p2b: Corviknight|84/100 brn|[from] brn\n|upkeep\n|turn|22\n|\n|t:|1776114608\n|move|p1a: Scizor|Protect|p1a: Scizor\n|-singleturn|p1a: Scizor|Protect\n|move|p2b: Corviknight|Tailwind|p2b: Corviknight\n|-sidestart|p2: Portallus|move: Tailwind\n|\n|-damage|p2b: Corviknight|79/100 brn|[from] brn\n|upkeep\n|turn|23\n|\n|t:|1776114615\n|move|p1a: Scizor|Bullet Punch|p2b: Corviknight\n|-resisted|p2b: Corviknight|1\n|-damage|p2b: Corviknight|58/100 brn\n|move|p2b: Corviknight|Dual Wingbeat|p1a: Scizor|[miss]\n|-miss|p2b: Corviknight|p1a: Scizor\n|\n|-damage|p2b: Corviknight|52/100 brn|[from] brn\n|upkeep\n|turn|24\n|\n|t:|1776114623\n|move|p1a: Scizor|Bullet Punch|p2b: Corviknight\n|-resisted|p2b: Corviknight|1\n|-damage|p2b: Corviknight|31/100 brn\n|move|p2b: Corviknight|Roost|p2b: Corviknight\n|-heal|p2b: Corviknight|81/100 brn\n|-singleturn|p2b: Corviknight|move: Roost\n|\n|-damage|p2b: Corviknight|76/100 brn|[from] brn\n|upkeep\n|turn|25\n|\n|t:|1776114632\n|move|p1a: Scizor|Protect|p1a: Scizor\n|-singleturn|p1a: Scizor|Protect\n|move|p2b: Corviknight|Body Press|p1a: Scizor\n|-activate|p1a: Scizor|move: Protect\n|\n|-damage|p2b: Corviknight|70/100 brn|[from] brn\n|-sideend|p2: Portallus|move: Tailwind\n|upkeep\n|turn|26\n|\n|t:|1776114640\n|move|p1a: Scizor|Bullet Punch|p2b: Corviknight\n|-resisted|p2b: Corviknight|1\n|-damage|p2b: Corviknight|49/100 brn\n|move|p2b: Corviknight|Roost|p2b: Corviknight\n|-heal|p2b: Corviknight|99/100 brn\n|-singleturn|p2b: Corviknight|move: Roost\n|\n|-damage|p2b: Corviknight|93/100 brn|[from] brn\n|upkeep\n|turn|27\n|\n|t:|1776114649\n|move|p1a: Scizor|Bullet Punch|p2b: Corviknight\n|-resisted|p2b: Corviknight|1\n|-crit|p2b: Corviknight\n|-damage|p2b: Corviknight|64/100 brn\n|move|p2b: Corviknight|Body Press|p1a: Scizor\n|-damage|p1a: Scizor|60/100\n|\n|-damage|p2b: Corviknight|58/100 brn|[from] brn\n|upkeep\n|turn|28\n|\n|t:|1776114657\n|move|p1a: Scizor|Bullet Punch|p2b: Corviknight\n|-resisted|p2b: Corviknight|1\n|-damage|p2b: Corviknight|37/100 brn\n|move|p2b: Corviknight|Tailwind|p2b: Corviknight\n|-sidestart|p2: Portallus|move: Tailwind\n|\n|-damage|p2b: Corviknight|31/100 brn|[from] brn\n|upkeep\n|turn|29\n|\n|t:|1776114664\n|move|p1a: Scizor|Bullet Punch|p2b: Corviknight\n|-resisted|p2b: Corviknight|1\n|-damage|p2b: Corviknight|13/100 brn\n|move|p2b: Corviknight|Roost|p2b: Corviknight\n|-heal|p2b: Corviknight|63/100 brn\n|-singleturn|p2b: Corviknight|move: Roost\n|\n|-damage|p2b: Corviknight|57/100 brn|[from] brn\n|upkeep\n|turn|30\n|\n|t:|1776114674\n|move|p1a: Scizor|Bullet Punch|p2b: Corviknight\n|-resisted|p2b: Corviknight|1\n|-damage|p2b: Corviknight|38/100 brn\n|move|p2b: Corviknight|Body Press|p1a: Scizor\n|-damage|p1a: Scizor|55/100\n|\n|-damage|p2b: Corviknight|32/100 brn|[from] brn\n|upkeep\n|turn|31\n|inactive|KingOvershield has 30 seconds left.\n|\n|t:|1776114683\n|move|p1a: Scizor|Bullet Punch|p2b: Corviknight\n|-resisted|p2b: Corviknight|1\n|-damage|p2b: Corviknight|13/100 brn\n|move|p2b: Corviknight|Body Press|p1a: Scizor\n|-damage|p1a: Scizor|50/100\n|\n|-damage|p2b: Corviknight|7/100 brn|[from] brn\n|-sideend|p2: Portallus|move: Tailwind\n|upkeep\n|turn|32\n|inactive|KingOvershield has 30 seconds left this turn.\n|\n|t:|1776114697\n|move|p1a: Scizor|Knock Off|p2b: Corviknight\n|-damage|p2b: Corviknight|0 fnt\n|faint|p2b: Corviknight\n|\n|win|KingOvershield\n|raw|KingOvershield's rating: 1175 &rarr; <strong>1195</strong><br />(+20 for winning)\n|raw|Portallus's rating: 1108 &rarr; <strong>1088</strong><br />(-20 for losing)\n|l|\u2606Portallus\n|player|p2|\n",
  "uploadtime": 1776114711,
  "views": 14,
  "formatid": "gen9championsvgc2026regma",
  "rating": 1088,
  "private": 0,
  "password": null
}