{
  "id": "gen9championsvgc2026regma-2584626730",
  "format": "[Gen 9 Champions] VGC 2026 Reg M-A",
  "players": [
    "rmb28",
    "3l JaJ0"
  ],
  "log": "|j|\u2606rmb28\n|j|\u26063l JaJ0\n|t:|1776272988\n|gametype|doubles\n|player|p1|rmb28|blackbelt-gen4dp|1031\n|player|p2|3l JaJ0|101|1081\n|gen|9\n|tier|[Gen 9 Champions] VGC 2026 Reg M-A\n|rated|\n|rule|Species Clause: Limit one of each Pok\u00e9mon\n|rule|Item Clause: Limit 1 of each item\n|clearpoke\n|poke|p1|Floette-Eternal, L50, F|\n|poke|p1|Aerodactyl, L50, F|\n|poke|p1|Garchomp, L50, M|\n|poke|p1|Incineroar, L50, F|\n|poke|p1|Sneasler, L50, F|\n|poke|p1|Aegislash, L50, M|\n|poke|p2|Incineroar, L50, M|\n|poke|p2|Kingambit, L50, M|\n|poke|p2|Politoed, L50, F|\n|poke|p2|Sneasler, L50, M|\n|poke|p2|Floette-Eternal, L50, F|\n|poke|p2|Basculegion, L50, M|\n|teampreview|4\n|inactive|Battle timer is ON: inactive players will automatically lose when time's up. (requested by rmb28)\n3l JaJ0 rejected open team sheets.\n|c|\u2606rmb28|gl\n|c|\u26063l JaJ0|Gl\n|inactive|3l JaJ0 has 60 seconds left.\n|\n|t:|1776273034\n|teamsize|p1|4\n|teamsize|p2|4\n|start\n|switch|p1a: Garchomp|Garchomp, L50, M|100/100\n|switch|p1b: Aerodactyl|Aerodactyl, L50, F|100/100\n|switch|p2a: Trikinho|Politoed, L50, F|100/100\n|switch|p2b: Basculegion|Basculegion, L50, M|100/100\n|-ability|p1b: Aerodactyl|Unnerve\n|-weather|RainDance|[from] ability: Drizzle|[of] p2a: Trikinho\n|turn|1\n|inactive|rmb28 has 30 seconds left.\n|inactive|3l JaJ0 has 30 seconds left.\n|inactive|3l JaJ0 has 20 seconds left.\n|\n|t:|1776273072\n|move|p1a: Garchomp|Earthquake|p2a: Trikinho|[spread] p2a,p2b\n|-immune|p1b: Aerodactyl\n|-damage|p2a: Trikinho|52/100\n|-damage|p2b: Basculegion|53/100\n|move|p2b: Basculegion|Flip Turn|p1b: Aerodactyl\n|-supereffective|p1b: Aerodactyl|1\n|-enditem|p1b: Aerodactyl|Focus Sash\n|-damage|p1b: Aerodactyl|1/100\n|\n|t:|1776273082\n|switch|p2b: Floette|Floette-Eternal, L50, F|100/100|[from] Flip Turn\n|move|p1b: Aerodactyl|Tailwind|p1b: Aerodactyl\n|-sidestart|p1: rmb28|move: Tailwind\n|move|p2a: Trikinho|Ice Beam|p1a: Garchomp\n|-supereffective|p1a: Garchomp|2\n|-damage|p1a: Garchomp|0 fnt\n|faint|p1a: Garchomp\n|\n|-weather|RainDance|[upkeep]\n|upkeep\n|\n|t:|1776273094\n|switch|p1a: Floette|Floette-Eternal, L50, F|100/100\n|turn|2\n|\n|t:|1776273105\n|detailschange|p1a: Floette|Floette-Mega, L50, F\n|-mega|p1a: Floette|Floette|Floettite\n|-ability|p1a: Floette|Fairy Aura\n|detailschange|p2b: Floette|Floette-Mega, L50, F\n|-mega|p2b: Floette|Floette|Floettite\n|-ability|p2b: Floette|Fairy Aura\n|move|p2a: Trikinho|Protect|p2a: Trikinho\n|-singleturn|p2a: Trikinho|Protect\n|move|p1b: Aerodactyl|Rock Slide|p2a: Trikinho|[spread] p2b\n|-activate|p2a: Trikinho|move: Protect\n|-damage|p2b: Floette|76/100\n|move|p1a: Floette|Calm Mind|p1a: Floette\n|-boost|p1a: Floette|spa|1\n|-boost|p1a: Floette|spd|1\n|move|p2b: Floette|Dazzling Gleam|p1a: Floette|[spread] p1a,p1b\n|-damage|p1a: Floette|80/100\n|-damage|p1b: Aerodactyl|0 fnt\n|faint|p1b: Aerodactyl\n|\n|-weather|RainDance|[upkeep]\n|upkeep\n|\n|t:|1776273122\n|switch|p1b: Sneasler|Sneasler, L50, F|100/100\n|turn|3\n|inactive|rmb28 has 30 seconds left.\n|inactive|rmb28 has 20 seconds left.\n|inactive|rmb28 has 15 seconds left.\n|\n|t:|1776273165\n|move|p2b: Floette|Protect|p2b: Floette\n|-singleturn|p2b: Floette|Protect\n|move|p1b: Sneasler|Fake Out|p2a: Trikinho\n|-damage|p2a: Trikinho|32/100\n|move|p1a: Floette|Calm Mind|p1a: Floette\n|-boost|p1a: Floette|spa|1\n|-boost|p1a: Floette|spd|1\n|cant|p2a: Trikinho|flinch\n|\n|-weather|RainDance|[upkeep]\n|upkeep\n|turn|4\n|\n|t:|1776273177\n|move|p1b: Sneasler|Dire Claw|p2b: Floette\n|-supereffective|p2b: Floette|1\n|-damage|p2b: Floette|0 fnt\n|faint|p2b: Floette\n|move|p1a: Floette|Dazzling Gleam|p2a: Trikinho\n|-damage|p2a: Trikinho|0 fnt\n|faint|p2a: Trikinho\n|\n|-weather|RainDance|[upkeep]\n|-sideend|p1: rmb28|move: Tailwind\n|upkeep\n|\n|t:|1776273183\n|switch|p2b: Kingambit|Kingambit, L50, M, shiny|100/100\n|switch|p2a: Basculegion|Basculegion, L50, M|53/100\n|turn|5\n|\n|t:|1776273199\n|move|p1a: Floette|Protect|p1a: Floette\n|-singleturn|p1a: Floette|Protect\n|move|p2a: Basculegion|Last Respects|p1b: Sneasler\n|-damage|p1b: Sneasler|0 fnt\n|faint|p1b: Sneasler\n|move|p2b: Kingambit|Kowtow Cleave|p1a: Floette\n|-activate|p1a: Floette|move: Protect\n|\n|-weather|none\n|upkeep\n|turn|6\n|\n|t:|1776273216\n|move|p2b: Kingambit|Sucker Punch|p1a: Floette\n|-resisted|p1a: Floette|1\n|-damage|p1a: Floette|53/100\n|move|p2a: Basculegion|Last Respects|p1a: Floette\n|-damage|p1a: Floette|0 fnt\n|faint|p1a: Floette\n|\n|win|3l JaJ0\n|raw|rmb28's rating: 1031 &rarr; <strong>1018</strong><br />(-13 for losing)\n|raw|3l JaJ0's rating: 1081 &rarr; <strong>1105</strong><br />(+24 for winning)\n",
  "uploadtime": 1776273217,
  "views": 17,
  "formatid": "gen9championsvgc2026regma",
  "rating": 1018,
  "private": 0,
  "password": null
}