{
  "id": "gen9championsvgc2026regma-2584139799",
  "format": "[Gen 9 Champions] VGC 2026 Reg M-A",
  "players": [
    "mynamegrassgreen",
    "PoopSouthern"
  ],
  "log": "|j|\u2606mynamegrassgreen\n|j|\u2606PoopSouthern\n|t:|1776229699\n|gametype|doubles\n|player|p1|mynamegrassgreen|170|\n|player|p2|PoopSouthern|sailor|\n|gen|9\n|tier|[Gen 9 Champions] VGC 2026 Reg M-A\n|rated|Tournament battle\n|rule|Species Clause: Limit one of each Pok\u00e9mon\n|rule|Item Clause: Limit 1 of each item\n|raw|<div class=\"infobox\"><details class=\"readmore\" open><summary><strong>1 custom rule:</strong></summary> Force Open Team Sheets</details></div>\n|clearpoke\n|poke|p1|Kommo-o, L50, M|\n|poke|p1|Gengar, L50, F|\n|poke|p1|Whimsicott, L50, F|\n|poke|p1|Sinistcha-Masterpiece, L50|\n|poke|p1|Incineroar, L50, M|\n|poke|p1|Tyranitar, L50, F|\n|poke|p2|Banette, L50, M|\n|poke|p2|Passimian, L50, M|\n|poke|p2|Slowking, L50, F|\n|poke|p2|Farigiraf, L50, M|\n|poke|p2|Drampa, L50, F|\n|poke|p2|Typhlosion, L50, M|\n|teampreview|4\n|showteam|p1|Kommo-o||Leftovers|Overcoat|ClangorousSoul,ClangingScales,AuraSphere,Protect|||M|||50|]Gengar||Gengarite|CursedBody|ShadowBall,PerishSong,Substitute,Protect|||F|||50|]Whimsicott||FocusSash|Prankster|Moonblast,Encore,Tailwind,Protect|||F|||50|]Sinistcha-Masterpiece||SitrusBerry|Hospitality|MatchaGotcha,RagePowder,TrickRoom,StrengthSap||||||50|]Incineroar||ShucaBerry|Intimidate|FakeOut,FlareBlitz,Protect,PartingShot|||M|||50|]Tyranitar||ChoiceScarf|SandStream|RockSlide,KnockOff,StoneEdge,LowKick|||F|||50|\n|showteam|p2|Banette||Banettite|Insomnia|DestinyBond,Encore,Poltergeist,KnockOff|||M|||50|]Passimian||ChoiceScarf|Defiant|CloseCombat,Uturn,GunkShot,KnockOff|||M|||50|]Slowking||MentalHerb|Regenerator|PowerGem,Scald,TrickRoom,IceBeam|||F|||50|]Farigiraf||ColburBerry|ArmorTail|TrickRoom,Psychic,AllySwitch,Protect|||M|||50|]Drampa||Leftovers|CloudNine|Thunderbolt,Protect,HyperVoice,EarthPower|||F|||50|]Typhlosion||Charcoal|FlashFire|HeatWave,Eruption,Protect,Extrasensory|||M|||50|\n|inactive|Battle timer is ON: inactive players will automatically lose when time's up. (requested by PoopSouthern)\n|\n|t:|1776229761\n|teamsize|p1|4\n|teamsize|p2|4\n|start\n|switch|p1a: STAY WITH ME \ud83c\udfb5|Gengar, L50, F|100/100\n|switch|p1b: thinking of name|Tyranitar, L50, F|100/100\n|switch|p2a: Passimian|Passimian, L50, M|100/100\n|switch|p2b: Farigiraf|Farigiraf, L50, M|100/100\n|-weather|Sandstorm|[from] ability: Sand Stream|[of] p1b: thinking of name\n|turn|1\n|\n|t:|1776229776\n|switch|p1b: beer|Sinistcha-Masterpiece, L50|100/100\n|detailschange|p1a: STAY WITH ME \ud83c\udfb5|Gengar-Mega, L50, F\n|-mega|p1a: STAY WITH ME \ud83c\udfb5|Gengar|Gengarite\n|move|p2a: Passimian|Close Combat|p1b: beer\n|-immune|p1b: beer\n|move|p1a: STAY WITH ME \ud83c\udfb5|Substitute|p1a: STAY WITH ME \ud83c\udfb5\n|-start|p1a: STAY WITH ME \ud83c\udfb5|Substitute\n|-damage|p1a: STAY WITH ME \ud83c\udfb5|76/100\n|move|p2b: Farigiraf|Trick Room|p2b: Farigiraf\n|-fieldstart|move: Trick Room|[of] p2b: Farigiraf\n|\n|-weather|Sandstorm|[upkeep]\n|-damage|p2b: Farigiraf|94/100|[from] Sandstorm\n|-damage|p1b: beer|94/100|[from] Sandstorm\n|-damage|p1a: STAY WITH ME \ud83c\udfb5|70/100|[from] Sandstorm\n|-damage|p2a: Passimian|94/100|[from] Sandstorm\n|upkeep\n|turn|2\n|inactive|mynamegrassgreen has 30 seconds left.\n|inactive|mynamegrassgreen has 20 seconds left.\n|c|\u2606PoopSouthern|ope\n|\n|t:|1776229816\n|move|p1a: STAY WITH ME \ud83c\udfb5|Protect|p1a: STAY WITH ME \ud83c\udfb5\n|-singleturn|p1a: STAY WITH ME \ud83c\udfb5|Protect\n|move|p2b: Farigiraf|Psychic|p1a: STAY WITH ME \ud83c\udfb5\n|-activate|p1a: STAY WITH ME \ud83c\udfb5|move: Protect\n|move|p1b: beer|Matcha Gotcha|p2a: Passimian|[spread] p2a,p2b\n|-damage|p2a: Passimian|59/100\n|-heal|p1b: beer|100/100|[from] drain|[of] p2a: Passimian\n|-damage|p2b: Farigiraf|77/100\n|move|p2a: Passimian|Close Combat|p1a: STAY WITH ME \ud83c\udfb5\n|-activate|p1a: STAY WITH ME \ud83c\udfb5|move: Protect\n|\n|-weather|Sandstorm|[upkeep]\n|-damage|p2b: Farigiraf|71/100|[from] Sandstorm\n|-damage|p1b: beer|94/100|[from] Sandstorm\n|-damage|p1a: STAY WITH ME \ud83c\udfb5|64/100|[from] Sandstorm\n|-damage|p2a: Passimian|52/100|[from] Sandstorm\n|upkeep\n|turn|3\n|c|\u2606PoopSouthern|you got me\n|inactive|mynamegrassgreen has 30 seconds left.\n|inactive|mynamegrassgreen has 20 seconds left.\n|inactive|mynamegrassgreen has 15 seconds left.\n|\n|t:|1776229858\n|move|p2b: Farigiraf|Psychic|p1a: STAY WITH ME \ud83c\udfb5\n|-supereffective|p1a: STAY WITH ME \ud83c\udfb5|1\n|-end|p1a: STAY WITH ME \ud83c\udfb5|Substitute\n|move|p1b: beer|Matcha Gotcha|p2b: Farigiraf|[spread] p2a,p2b\n|-damage|p2a: Passimian|15/100\n|-heal|p1b: beer|100/100|[from] drain|[of] p2a: Passimian\n|-damage|p2b: Farigiraf|53/100\n|-status|p2a: Passimian|brn\n|move|p1a: STAY WITH ME \ud83c\udfb5|Substitute|p1a: STAY WITH ME \ud83c\udfb5\n|-start|p1a: STAY WITH ME \ud83c\udfb5|Substitute\n|-damage|p1a: STAY WITH ME \ud83c\udfb5|39/100\n|move|p2a: Passimian|Close Combat|p1b: beer\n|-immune|p1b: beer\n|\n|-weather|Sandstorm|[upkeep]\n|-damage|p2b: Farigiraf|47/100|[from] Sandstorm\n|-damage|p1b: beer|94/100|[from] Sandstorm\n|-damage|p1a: STAY WITH ME \ud83c\udfb5|33/100|[from] Sandstorm\n|-damage|p2a: Passimian|9/100 brn|[from] Sandstorm\n|-damage|p2a: Passimian|3/100 brn|[from] brn\n|upkeep\n|turn|4\n|\n|t:|1776229872\n|move|p1a: STAY WITH ME \ud83c\udfb5|Protect|p1a: STAY WITH ME \ud83c\udfb5\n|-singleturn|p1a: STAY WITH ME \ud83c\udfb5|Protect\n|move|p2b: Farigiraf|Psychic|p1a: STAY WITH ME \ud83c\udfb5\n|-activate|p1a: STAY WITH ME \ud83c\udfb5|move: Protect\n|move|p1b: beer|Matcha Gotcha|p2b: Farigiraf|[spread] p2a,p2b\n|-damage|p2a: Passimian|0 fnt\n|-heal|p1b: beer|95/100|[from] drain|[of] p2a: Passimian\n|-damage|p2b: Farigiraf|28/100\n|-heal|p1b: beer|100/100|[from] drain|[of] p2b: Farigiraf\n|faint|p2a: Passimian\n|\n|-weather|Sandstorm|[upkeep]\n|-damage|p2b: Farigiraf|22/100|[from] Sandstorm\n|-damage|p1b: beer|94/100|[from] Sandstorm\n|-damage|p1a: STAY WITH ME \ud83c\udfb5|27/100|[from] Sandstorm\n|upkeep\n|\n|t:|1776229879\n|switch|p2a: Banette|Banette, L50, M|100/100\n|turn|5\n|\n|t:|1776229903\n|detailschange|p2a: Banette|Banette-Mega, L50, M\n|-mega|p2a: Banette|Banette|Banettite\n|move|p1b: beer|Rage Powder|p1b: beer\n|-singleturn|p1b: beer|move: Rage Powder\n|move|p2a: Banette|Encore|p1b: beer\n|-start|p1b: beer|Encore\n|move|p2b: Farigiraf|Psychic|p1b: beer\n|-damage|p1b: beer|59/100\n|-unboost|p1b: beer|spd|1\n|move|p1a: STAY WITH ME \ud83c\udfb5|Shadow Ball|p2a: Banette\n|-supereffective|p2a: Banette|1\n|-damage|p2a: Banette|0 fnt\n|faint|p2a: Banette\n|\n|-weather|none\n|-fieldend|move: Trick Room\n|upkeep\n|-message|PoopSouthern forfeited.\n|\n|win|mynamegrassgreen\n|n|\u2606mynamegrassgreen|mynamegrassgreen\n|n|\u2606PoopSouthern|poopsouthern\n|j| pokeveteran04\n|l|\u2606PoopSouthern\n|player|p2|\n",
  "uploadtime": 1776229908,
  "views": 15,
  "formatid": "gen9championsvgc2026regma",
  "rating": null,
  "private": 0,
  "password": null
}