{
  "id": "gen9championsvgc2026regma-2586963588",
  "format": "[Gen 9 Champions] VGC 2026 Reg M-A",
  "players": [
    "Jobidenkim1557",
    "apfr"
  ],
  "log": "|j|\u2606Jobidenkim1557\n|j|\u203dapfr\n|t:|1776476164\n|gametype|doubles\n|player|p1|Jobidenkim1557|170|1339\n|player|p2|apfr|clown|1424\n|gen|9\n|tier|[Gen 9 Champions] VGC 2026 Reg M-A\n|rated|\n|rule|Species Clause: Limit one of each Pok\u00e9mon\n|rule|Item Clause: Limit 1 of each item\n|clearpoke\n|poke|p1|Incineroar, L50, F|\n|poke|p1|Rhyperior, L50, M|\n|poke|p1|Kangaskhan, L50, F|\n|poke|p1|Delphox, L50, F|\n|poke|p1|Sylveon, L50, M|\n|poke|p1|Sinistcha-Masterpiece, L50|\n|poke|p2|Drampa, L50, F|\n|poke|p2|Klefki, L50, M|\n|poke|p2|Sinistcha, L50|\n|poke|p2|Farigiraf, L50, F|\n|poke|p2|Milotic, L50, M|\n|poke|p2|Aegislash, L50, F|\n|teampreview|4\n|\n|t:|1776476199\n|teamsize|p1|4\n|teamsize|p2|4\n|start\n|switch|p1a: Kangaskhan|Kangaskhan, L50, F|100/100\n|switch|p1b: Sylveon|Sylveon, L50, M|100/100\n|switch|p2a: Sinistcha|Sinistcha, L50|100/100\n|switch|p2b: Milotic|Milotic, L50, M|100/100\n|turn|1\n|j| inakunana\n|\n|t:|1776476229\n|switch|p2b: Aegislash|Aegislash, L50, F|100/100\n|detailschange|p1a: Kangaskhan|Kangaskhan-Mega, L50, F\n|-mega|p1a: Kangaskhan|Kangaskhan|Kangaskhanite\n|move|p1a: Kangaskhan|Fake Out|p2b: Aegislash\n|-immune|p2b: Aegislash\n|move|p1b: Sylveon|Hyper Voice|p2b: Aegislash|[spread] p2a,p2b\n|-resisted|p2b: Aegislash|1\n|-damage|p2a: Sinistcha|58/100\n|-damage|p2b: Aegislash|81/100\n|move|p2a: Sinistcha|Trick Room|p2a: Sinistcha\n|-fieldstart|move: Trick Room|[of] p2a: Sinistcha\n|\n|upkeep\n|turn|2\n|inactive|Battle timer is ON: inactive players will automatically lose when time's up. (requested by Jobidenkim1557)\n|\n|t:|1776476252\n|move|p1b: Sylveon|Protect|p1b: Sylveon\n|-singleturn|p1b: Sylveon|Protect\n|-formechange|p2b: Aegislash|Aegislash-Blade|\n|move|p2b: Aegislash|Iron Head|p1b: Sylveon\n|-activate|p1b: Sylveon|move: Protect\n|move|p2a: Sinistcha|Life Dew|p2a: Sinistcha|[spread] p2a,p2b\n|-heal|p2a: Sinistcha|83/100\n|-heal|p2b: Aegislash|100/100\n|move|p1a: Kangaskhan|Thunder Punch|p2b: Aegislash\n|-damage|p2b: Aegislash|51/100\n|-damage|p2b: Aegislash|40/100\n|-hitcount|p2b: Aegislash|2\n|\n|upkeep\n|turn|3\n|\n|t:|1776476275\n|move|p2b: Aegislash|Iron Head|p1b: Sylveon\n|-supereffective|p1b: Sylveon|1\n|-damage|p1b: Sylveon|0 fnt\n|faint|p1b: Sylveon\n|move|p2a: Sinistcha|Life Dew|p2a: Sinistcha|[spread] p2a,p2b\n|-heal|p2a: Sinistcha|100/100\n|-heal|p2b: Aegislash|65/100\n|move|p1a: Kangaskhan|Rock Slide|p2b: Aegislash|[spread] p2a\n|-miss|p1a: Kangaskhan|p2b: Aegislash\n|-damage|p2a: Sinistcha|84/100\n|\n|upkeep\n|\n|t:|1776476281\n|switch|p1b: Rhyperior|Rhyperior, L50, M|100/100\n|turn|4\n|inactive|Jobidenkim1557 has 30 seconds left.\n|\n|t:|1776476313\n|switch|p1b: Sinistcha|Sinistcha-Masterpiece, L50|100/100\n|-formechange|p2b: Aegislash|Aegislash|\n|move|p2b: Aegislash|King's Shield|p2b: Aegislash\n|-singleturn|p2b: Aegislash|Protect\n|move|p2a: Sinistcha|Matcha Gotcha|p1b: Sinistcha|[spread] p1b\n|-miss|p2a: Sinistcha|p1a: Kangaskhan\n|-resisted|p1b: Sinistcha|1\n|-damage|p1b: Sinistcha|86/100\n|-heal|p2a: Sinistcha|92/100|[from] drain|[of] p1b: Sinistcha\n|move|p1a: Kangaskhan|Rock Slide|p2a: Sinistcha|[spread] p2a\n|-activate|p2b: Aegislash|move: Protect\n|-damage|p2a: Sinistcha|74/100\n|\n|upkeep\n|turn|5\n|\n|t:|1776476328\n|-formechange|p2b: Aegislash|Aegislash-Blade|\n|move|p2b: Aegislash|Poltergeist|p1b: Sinistcha\n|-activate|p1b: Sinistcha|move: Poltergeist|Sitrus Berry\n|-supereffective|p1b: Sinistcha|1\n|-damage|p1b: Sinistcha|0 fnt\n|faint|p1b: Sinistcha\n|move|p2a: Sinistcha|Life Dew|p2a: Sinistcha|[spread] p2a,p2b\n|-heal|p2a: Sinistcha|99/100\n|-heal|p2b: Aegislash|90/100\n|move|p1a: Kangaskhan|Thunder Punch|p2b: Aegislash\n|-damage|p2b: Aegislash|47/100\n|-damage|p2b: Aegislash|36/100\n|-hitcount|p2b: Aegislash|2\n|\n|-fieldend|move: Trick Room\n|upkeep\n|\n|t:|1776476336\n|switch|p1b: Rhyperior|Rhyperior, L50, M|100/100\n|turn|6\n|\n|t:|1776476344\n|move|p1a: Kangaskhan|Thunder Punch|p2b: Aegislash\n|-damage|p2b: Aegislash|0 fnt\n|faint|p2b: Aegislash\n|-hitcount|p2: Aegislash|1\n|move|p2a: Sinistcha|Matcha Gotcha|p1b: Rhyperior|[spread] p1a,p1b\n|-supereffective|p1b: Rhyperior|2\n|-damage|p1a: Kangaskhan|79/100\n|-heal|p2a: Sinistcha|100/100|[from] drain|[of] p1a: Kangaskhan\n|-damage|p1b: Rhyperior|23/100\n|move|p1b: Rhyperior|Rock Slide|p2a: Sinistcha\n|-damage|p2a: Sinistcha|63/100\n|\n|-heal|p1b: Rhyperior|29/100|[from] item: Leftovers\n|upkeep\n|-message|Jobidenkim1557 forfeited.\n|\n|win|apfr\n|raw|Jobidenkim1557's rating: 1339 &rarr; <strong>1324</strong><br />(-15 for losing)\n|raw|apfr's rating: 1424 &rarr; <strong>1439</strong><br />(+15 for winning)\n|l|\u2606Jobidenkim1557\n|player|p1|\n",
  "uploadtime": 1776476357,
  "views": 56,
  "formatid": "gen9championsvgc2026regma",
  "rating": 1324,
  "private": 0,
  "password": null
}