{
  "id": "gen9championsvgc2026regma-2584796290",
  "format": "[Gen 9 Champions] VGC 2026 Reg M-A",
  "players": [
    "akechi_c",
    "WaluigiVGC"
  ],
  "log": "|j|\u2606akechi_c\n|j|\u2606WaluigiVGC\n|t:|1776284292\n|gametype|doubles\n|player|p1|akechi_c|2|1110\n|player|p2|WaluigiVGC|101|1203\n|gen|9\n|tier|[Gen 9 Champions] VGC 2026 Reg M-A\n|rated|\n|rule|Species Clause: Limit one of each Pok\u00e9mon\n|rule|Item Clause: Limit 1 of each item\n|clearpoke\n|poke|p1|Cofagrigus, L50, M|\n|poke|p1|Garganacl, L50, M|\n|poke|p1|Toxapex, L50, F|\n|poke|p1|Aggron, L50, F|\n|poke|p1|Farigiraf, L50, F|\n|poke|p1|Incineroar, L50, M|\n|poke|p2|Sneasler, L50, F|\n|poke|p2|Aerodactyl, L50, F|\n|poke|p2|Basculegion, L50, M|\n|poke|p2|Incineroar, L50, M|\n|poke|p2|Floette-Eternal, L50, F|\n|poke|p2|Sinistcha, L50|\n|teampreview|4\n|inactive|Battle timer is ON: inactive players will automatically lose when time's up. (requested by akechi_c)\n|inactive|akechi_c has 60 seconds left.\n|\n|t:|1776284363\n|teamsize|p1|4\n|teamsize|p2|4\n|start\n|switch|p1a: Cofagrigus|Cofagrigus, L50, M|100/100\n|switch|p1b: Garganacl|Garganacl, L50, M|100/100\n|switch|p2a: Sneasler|Sneasler, L50, F|100/100\n|switch|p2b: Floette|Floette-Eternal, L50, F|100/100\n|turn|1\n|\n|t:|1776284384\n|detailschange|p2b: Floette|Floette-Mega, L50, F\n|-mega|p2b: Floette|Floette|Floettite\n|-ability|p2b: Floette|Fairy Aura\n|move|p2a: Sneasler|Close Combat|p1b: Garganacl\n|-supereffective|p1b: Garganacl|1\n|-damage|p1b: Garganacl|15/100\n|-unboost|p2a: Sneasler|def|1\n|-unboost|p2a: Sneasler|spd|1\n|-enditem|p2a: Sneasler|White Herb\n|-clearnegativeboost|p2a: Sneasler|[silent]\n|move|p2b: Floette|Calm Mind|p2b: Floette\n|-boost|p2b: Floette|spa|1\n|-boost|p2b: Floette|spd|1\n|move|p1b: Garganacl|Salt Cure|p2b: Floette\n|-damage|p2b: Floette|82/100\n|-start|p2b: Floette|Salt Cure\n|move|p1a: Cofagrigus|Trick Room|p1a: Cofagrigus\n|-fieldstart|move: Trick Room|[of] p1a: Cofagrigus\n|\n|-damage|p2b: Floette|76/100|[from] Salt Cure\n|upkeep\n|turn|2\n|inactive|akechi_c has 30 seconds left.\n|\n|t:|1776284414\n|switch|p1b: Toxapex|Toxapex, L50, F|100/100\n|switch|p2a: Sinistcha|Sinistcha, L50|100/100\n|-heal|p2b: Floette|100/100|[from] ability: Hospitality|[of] p2a: Sinistcha\n|move|p1a: Cofagrigus|Body Press|p2a: Sinistcha\n|-immune|p2a: Sinistcha\n|move|p2b: Floette|Dazzling Gleam|p1b: Toxapex|[spread] p1a,p1b\n|-resisted|p1b: Toxapex|1\n|-damage|p1a: Cofagrigus|16/100\n|-damage|p1b: Toxapex|69/100\n|\n|-heal|p1b: Toxapex|75/100|[from] item: Leftovers\n|-damage|p2b: Floette|94/100|[from] Salt Cure\n|upkeep\n|turn|3\n|\n|t:|1776284436\n|move|p2a: Sinistcha|Rage Powder|p2a: Sinistcha\n|-singleturn|p2a: Sinistcha|move: Rage Powder\n|move|p1a: Cofagrigus|Will-O-Wisp|p2a: Sinistcha\n|-status|p2a: Sinistcha|brn\n|move|p1b: Toxapex|Toxic||[still]\n|-fail|p1b: Toxapex\n|move|p2b: Floette|Moonblast|p1a: Cofagrigus\n|-damage|p1a: Cofagrigus|0 fnt\n|faint|p1a: Cofagrigus\n|\n|-heal|p1b: Toxapex|80/100|[from] item: Leftovers\n|-damage|p2a: Sinistcha|94/100 brn|[from] brn\n|-damage|p2b: Floette|88/100|[from] Salt Cure\n|upkeep\n|\n|t:|1776284447\n|switch|p1a: Aggron|Aggron, L50, F|100/100\n|turn|4\n|\n|t:|1776284469\n|detailschange|p1a: Aggron|Aggron-Mega, L50, F\n|-mega|p1a: Aggron|Aggron|Aggronite\n|move|p2a: Sinistcha|Rage Powder|p2a: Sinistcha\n|-singleturn|p2a: Sinistcha|move: Rage Powder\n|move|p1b: Toxapex|Chilling Water|p2a: Sinistcha\n|-resisted|p2a: Sinistcha|1\n|-damage|p2a: Sinistcha|87/100 brn\n|-unboost|p2a: Sinistcha|atk|1\n|move|p1a: Aggron|Iron Head|p2a: Sinistcha\n|-damage|p2a: Sinistcha|58/100 brn\n|move|p2b: Floette|Calm Mind|p2b: Floette\n|-boost|p2b: Floette|spa|1\n|-boost|p2b: Floette|spd|1\n|\n|-heal|p1b: Toxapex|86/100|[from] item: Leftovers\n|-damage|p2a: Sinistcha|52/100 brn|[from] brn\n|-damage|p2b: Floette|82/100|[from] Salt Cure\n|upkeep\n|turn|5\n|\n|t:|1776284495\n|switch|p1b: Garganacl|Garganacl, L50, M|15/100\n|move|p2a: Sinistcha|Rage Powder|p2a: Sinistcha\n|-singleturn|p2a: Sinistcha|move: Rage Powder\n|move|p1a: Aggron|Iron Head|p2a: Sinistcha\n|-damage|p2a: Sinistcha|27/100 brn\n|-enditem|p2a: Sinistcha|Sitrus Berry|[eat]\n|-heal|p2a: Sinistcha|52/100 brn|[from] item: Sitrus Berry\n|move|p2b: Floette|Moonblast|p1a: Aggron\n|-resisted|p1a: Aggron|1\n|-damage|p1a: Aggron|8/100\n|\n|-damage|p2a: Sinistcha|45/100 brn|[from] brn\n|-damage|p2b: Floette|76/100|[from] Salt Cure\n|-fieldend|move: Trick Room\n|upkeep\n|turn|6\n|\n|t:|1776284520\n|move|p2a: Sinistcha|Rage Powder|p2a: Sinistcha\n|-singleturn|p2a: Sinistcha|move: Rage Powder\n|move|p2b: Floette|Dazzling Gleam|p1b: Garganacl|[spread] p1a,p1b\n|-resisted|p1a: Aggron|1\n|-damage|p1a: Aggron|0 fnt\n|-damage|p1b: Garganacl|0 fnt\n|faint|p1a: Aggron\n|faint|p1b: Garganacl\n|\n|-damage|p2a: Sinistcha|39/100 brn|[from] brn\n|-damage|p2b: Floette|70/100|[from] Salt Cure\n|upkeep\n|-message|akechi_c forfeited.\n|\n|win|WaluigiVGC\n|raw|akechi_c's rating: 1110 &rarr; <strong>1092</strong><br />(-18 for losing)\n|raw|WaluigiVGC's rating: 1203 &rarr; <strong>1221</strong><br />(+18 for winning)\n|l|\u2606akechi_c\n|player|p1|\n",
  "uploadtime": 1776284532,
  "views": 19,
  "formatid": "gen9championsvgc2026regma",
  "rating": 1092,
  "private": 0,
  "password": null
}