{
  "id": "gen9championsvgc2026regma-2583792970",
  "format": "[Gen 9 Champions] VGC 2026 Reg M-A",
  "players": [
    "Pandyc",
    "WSoxfan86"
  ],
  "log": "|j|\u2606Pandyc\n|j|\u2606WSoxfan86\n|t:|1776198088\n|gametype|doubles\n|player|p1|Pandyc|caitlin|1000\n|player|p2|WSoxfan86|266|1000\n|gen|9\n|tier|[Gen 9 Champions] VGC 2026 Reg M-A\n|rated|\n|rule|Species Clause: Limit one of each Pok\u00e9mon\n|rule|Item Clause: Limit 1 of each item\n|clearpoke\n|poke|p1|Gardevoir, L50, F|\n|poke|p1|Incineroar, L50, M|\n|poke|p1|Sinistcha, L50|\n|poke|p1|Garchomp, L50, F|\n|poke|p1|Rotom-Wash, L50|\n|poke|p1|Aerodactyl, L50, M|\n|poke|p2|Aggron, L50, M|\n|poke|p2|Pelipper, L50, M|\n|poke|p2|Incineroar, L50, M|\n|poke|p2|Garchomp, L50, M|\n|poke|p2|Sinistcha, L50|\n|poke|p2|Aerodactyl, L50, M|\n|teampreview|4\n|l|\u2606WSoxfan86\n|player|p2|\n|j|\u2606WSoxfan86\n|player|p2|WSoxfan86|266|\n|inactive|Battle timer is ON: inactive players will automatically lose when time's up. (requested by WSoxfan86)\n|inactive|Pandyc has 60 seconds left.\n|inactive|Pandyc has 30 seconds left.\n|\n|t:|1776198241\n|teamsize|p1|4\n|teamsize|p2|4\n|start\n|switch|p1a: Gardevoir|Gardevoir, L50, F|100/100\n|switch|p1b: Incineroar|Incineroar, L50, M|100/100\n|switch|p2a: Aerodactyl|Aerodactyl, L50, M|100/100\n|switch|p2b: Incineroar|Incineroar, L50, M|100/100\n|-ability|p2a: Aerodactyl|Unnerve\n|-ability|p1b: Incineroar|Intimidate|boost\n|-unboost|p2a: Aerodactyl|atk|1\n|-unboost|p2b: Incineroar|atk|1\n|-ability|p2b: Incineroar|Intimidate|boost\n|-unboost|p1a: Gardevoir|atk|1\n|-unboost|p1b: Incineroar|atk|1\n|turn|1\n|inactive|Pandyc has 30 seconds left.\n|inactive|Pandyc has 20 seconds left.\n|inactive|Pandyc has 15 seconds left.\n|inactive|Pandyc has 10 seconds left.\n|inactive|Pandyc has 5 seconds left.\n|\n|t:|1776198296\n|move|p2b: Incineroar|Fake Out|p1a: Gardevoir\n|-crit|p1a: Gardevoir\n|-damage|p1a: Gardevoir|82/100\n|move|p2a: Aerodactyl|Tailwind|p2a: Aerodactyl\n|-sidestart|p2: WSoxfan86|move: Tailwind\n|cant|p1a: Gardevoir|flinch\n|move|p1b: Incineroar|Throat Chop|p2a: Aerodactyl|[miss]\n|-miss|p1b: Incineroar|p2a: Aerodactyl\n|\n|upkeep\n|turn|2\n|inactive|Pandyc has 30 seconds left.\n|inactive|Pandyc has 20 seconds left.\n|\n|t:|1776198333\n|detailschange|p1a: Gardevoir|Gardevoir-Mega, L50, F\n|-mega|p1a: Gardevoir|Gardevoir|Gardevoirite\n|move|p2a: Aerodactyl|Rock Slide|p1a: Gardevoir|[spread] p1a,p1b\n|-supereffective|p1b: Incineroar|1\n|-crit|p1b: Incineroar\n|-damage|p1a: Gardevoir|61/100\n|-damage|p1b: Incineroar|43/100\n|move|p2b: Incineroar|Parting Shot|p1a: Gardevoir\n|-unboost|p1a: Gardevoir|atk|1\n|-unboost|p1a: Gardevoir|spa|1\n|\n|t:|1776198345\n|switch|p2b: Aggron|Aggron, L50, M|100/100|[from] Parting Shot\n|move|p1a: Gardevoir|Hyper Voice|p2b: Aggron|[spread] p2a,p2b\n|-resisted|p2b: Aggron|1\n|-damage|p2a: Aerodactyl|52/100\n|-damage|p2b: Aggron|86/100\n|move|p1b: Incineroar|Parting Shot|p2b: Aggron\n|-unboost|p2b: Aggron|atk|1\n|-unboost|p2b: Aggron|spa|1\n|inactive|Pandyc has 30 seconds left.\n|inactive|Pandyc has 20 seconds left.\n|inactive|Pandyc has 15 seconds left.\n|\n|t:|1776198388\n|switch|p1b: Rotom|Rotom-Wash, L50|100/100|[from] Parting Shot\n|\n|upkeep\n|turn|3\n|inactive|Pandyc has 30 seconds left.\n|inactive|WSoxfan86 has 30 seconds left.\n|inactive|Pandyc has 20 seconds left.\n|inactive|Pandyc has 15 seconds left.\n|inactive|Pandyc has 10 seconds left.\n|inactive|Pandyc has 5 seconds left.\n|\n|t:|1776198443\n|switch|p2a: Garchomp|Garchomp, L50, M|100/100\n|detailschange|p2b: Aggron|Aggron-Mega, L50, M\n|-mega|p2b: Aggron|Aggron|Aggronite\n|move|p2b: Aggron|Heavy Slam|p1a: Gardevoir\n|-supereffective|p1a: Gardevoir|1\n|-damage|p1a: Gardevoir|0 fnt\n|faint|p1a: Gardevoir\n|move|p1b: Rotom|Thunderbolt|p2b: Aggron\n|-damage|p2b: Aggron|50/100\n|\n|upkeep\n|\n|t:|1776198449\n|switch|p1a: Incineroar|Incineroar, L50, M|43/100\n|-ability|p1a: Incineroar|Intimidate|boost\n|-unboost|p2a: Garchomp|atk|1\n|-unboost|p2b: Aggron|atk|1\n|turn|4\n|inactive|Pandyc has 30 seconds left.\n|inactive|Pandyc has 20 seconds left.\n|\n|t:|1776198487\n|move|p2b: Aggron|Protect|p2b: Aggron\n|-singleturn|p2b: Aggron|Protect\n|move|p1a: Incineroar|Fake Out|p2a: Garchomp\n|-damage|p2a: Garchomp|90/100\n|-damage|p1a: Incineroar|31/100|[from] ability: Rough Skin|[of] p2a: Garchomp\n|cant|p2a: Garchomp|flinch\n|move|p1b: Rotom|Thunderbolt|p2b: Aggron\n|-activate|p2b: Aggron|move: Protect\n|\n|-sideend|p2: WSoxfan86|move: Tailwind\n|upkeep\n|turn|5\n|inactive|Pandyc has 30 seconds left.\n|inactive|Pandyc has 20 seconds left.\n|inactive|Pandyc has 15 seconds left.\n|inactive|Pandyc has 10 seconds left.\n|inactive|WSoxfan86 has 30 seconds left.\n|inactive|Pandyc has 5 seconds left.\n|inactive|WSoxfan86 has 20 seconds left.\n|\n|t:|1776198543\n|switch|p1a: Sinistcha|Sinistcha, L50|100/100\n|move|p2a: Garchomp|Earthquake|p1b: Rotom|[spread] p2b,p1a\n|-immune|p1b: Rotom|[from] ability: Levitate\n|-supereffective|p2b: Aggron|1\n|-resisted|p1a: Sinistcha|1\n|-damage|p2b: Aggron|29/100\n|-damage|p1a: Sinistcha|90/100\n|move|p1b: Rotom|Will-O-Wisp|p2a: Garchomp\n|-status|p2a: Garchomp|brn\n|move|p2b: Aggron|Heavy Slam|p1b: Rotom\n|-resisted|p1b: Rotom|2\n|-damage|p1b: Rotom|93/100\n|\n|-damage|p2a: Garchomp|84/100 brn|[from] brn\n|upkeep\n|turn|6\n|inactive|Pandyc has 30 seconds left.\n|inactive|WSoxfan86 has 30 seconds left.\n|inactive|Pandyc has 20 seconds left.\n|inactive|Pandyc has 15 seconds left.\n|inactive|Pandyc has 10 seconds left.\n|inactive|Pandyc has 5 seconds left.\n|\n|t:|1776198599\n|switch|p2b: Incineroar|Incineroar, L50, M|100/100\n|-ability|p2b: Incineroar|Intimidate|boost\n|-unboost|p1a: Sinistcha|atk|1\n|-unboost|p1b: Rotom|atk|1\n|move|p1a: Sinistcha|Rage Powder|p1a: Sinistcha\n|-singleturn|p1a: Sinistcha|move: Rage Powder\n|move|p2a: Garchomp|Swords Dance|p2a: Garchomp\n|-boost|p2a: Garchomp|atk|2\n|move|p1b: Rotom|Thunderbolt|p2b: Incineroar\n|-damage|p2b: Incineroar|70/100\n|-status|p2b: Incineroar|par\n|\n|-damage|p2a: Garchomp|78/100 brn|[from] brn\n|upkeep\n|turn|7\n|inactive|Pandyc has 30 seconds left.\n|inactive|WSoxfan86 has 30 seconds left.\n|inactive|Pandyc has 20 seconds left.\n|inactive|Pandyc has 15 seconds left.\n|inactive|Pandyc has 10 seconds left.\n|inactive|Pandyc has 5 seconds left.\n|\n|t:|1776198654\n|switch|p1a: Incineroar|Incineroar, L50, M|31/100\n|-ability|p1a: Incineroar|Intimidate|boost\n|-unboost|p2a: Garchomp|atk|1\n|-unboost|p2b: Incineroar|atk|1\n|move|p2a: Garchomp|Swords Dance|p2a: Garchomp\n|-boost|p2a: Garchomp|atk|2\n|move|p1b: Rotom|Hydro Pump|p2a: Garchomp\n|-damage|p2a: Garchomp|27/100 brn\n|move|p2b: Incineroar|Parting Shot|p1a: Incineroar\n|-unboost|p1a: Incineroar|atk|1\n|-unboost|p1a: Incineroar|spa|1\n|\n|t:|1776198667\n|switch|p2b: Aerodactyl|Aerodactyl, L50, M|52/100|[from] Parting Shot\n|-ability|p2b: Aerodactyl|Unnerve\n|\n|-damage|p2a: Garchomp|21/100 brn|[from] brn\n|upkeep\n|turn|8\n|inactive|Pandyc has 30 seconds left.\n|inactive|Pandyc has 20 seconds left.\n|inactive|Pandyc has 15 seconds left.\n|inactive|Pandyc has 10 seconds left.\n|inactive|Pandyc has 5 seconds left.\n|\n|t:|1776198703\n|move|p2b: Aerodactyl|Protect|p2b: Aerodactyl\n|-singleturn|p2b: Aerodactyl|Protect\n|move|p1a: Incineroar|Fake Out|p2a: Garchomp\n|-damage|p2a: Garchomp|14/100 brn\n|-damage|p1a: Incineroar|19/100|[from] ability: Rough Skin|[of] p2a: Garchomp\n|cant|p2a: Garchomp|flinch\n|move|p1b: Rotom|Hydro Pump|p2b: Aerodactyl\n|-activate|p2b: Aerodactyl|move: Protect\n|\n|-damage|p2a: Garchomp|8/100 brn|[from] brn\n|upkeep\n|turn|9\n|inactive|Pandyc has 5 seconds left this turn.\n|-message|Pandyc lost due to inactivity.\n|\n|win|WSoxfan86\n|raw|Pandyc's rating: 1000 &rarr; <strong>1000</strong><br />(+0 for losing)\n|raw|WSoxfan86's rating: 1000 &rarr; <strong>1040</strong><br />(+40 for winning)\n",
  "uploadtime": 1776198719,
  "views": 15,
  "formatid": "gen9championsvgc2026regma",
  "rating": 1000,
  "private": 0,
  "password": null
}