{
  "id": "gen9championsvgc2026regma-2588939776",
  "format": "[Gen 9 Champions] VGC 2026 Reg M-A",
  "players": [
    "gundi8",
    "ctfvughbkjln"
  ],
  "log": "|j|\u2606gundi8\n|j|\u2606ctfvughbkjln\n|t:|1776687833\n|gametype|doubles\n|player|p1|gundi8|ethan|1125\n|player|p2|ctfvughbkjln|alder|1095\n|gen|9\n|tier|[Gen 9 Champions] VGC 2026 Reg M-A\n|rated|\n|rule|Species Clause: Limit one of each Pok\u00e9mon\n|rule|Item Clause: Limit 1 of each item\n|clearpoke\n|poke|p1|Venusaur, L50, M, shiny|\n|poke|p1|Incineroar, L50, M, shiny|\n|poke|p1|Tyranitar, L50, M|\n|poke|p1|Garchomp, L50, M|\n|poke|p1|Rotom-Wash, L50|\n|poke|p1|Gardevoir, L50, F|\n|poke|p2|Kingambit, L50, M, shiny|\n|poke|p2|Sneasler, L50, M, shiny|\n|poke|p2|Sinistcha-Masterpiece, L50, shiny|\n|poke|p2|Palafin, L50, M, shiny|\n|poke|p2|Incineroar, L50, F, shiny|\n|poke|p2|Scizor, L50, F, shiny|\n|teampreview|4\n|inactive|Battle timer is ON: inactive players will automatically lose when time's up. (requested by gundi8)\n|inactive|gundi8 has 60 seconds left.\n|inactive|ctfvughbkjln has 60 seconds left.\n|inactive|gundi8 has 30 seconds left.\n|\n|t:|1776687899\n|teamsize|p1|4\n|teamsize|p2|4\n|start\n|switch|p1a: Venusaur|Venusaur, L50, M, shiny|100/100\n|switch|p1b: Gardevoir|Gardevoir, L50, F|100/100\n|switch|p2a: Sneasler|Sneasler, L50, M, shiny|100/100\n|switch|p2b: Incineroar|Incineroar, L50, F, shiny|100/100\n|-ability|p2b: Incineroar|Intimidate|boost\n|-unboost|p1a: Venusaur|atk|1\n|-unboost|p1b: Gardevoir|atk|1\n|turn|1\n|inactive|ctfvughbkjln has 30 seconds left.\n|\n|t:|1776687926\n|switch|p1b: Garchomp|Garchomp, L50, M|100/100\n|detailschange|p1a: Venusaur|Venusaur-Mega, L50, M, shiny\n|-mega|p1a: Venusaur|Venusaur|Venusaurite\n|move|p2b: Incineroar|Fake Out|p1b: Garchomp\n|-damage|p1b: Garchomp|88/100\n|-damage|p2b: Incineroar|88/100|[from] ability: Rough Skin|[of] p1b: Garchomp\n|move|p2a: Sneasler|Dire Claw|p1b: Garchomp\n|-resisted|p1b: Garchomp|1\n|-damage|p1b: Garchomp|69/100\n|-damage|p2a: Sneasler|88/100|[from] ability: Rough Skin|[of] p1b: Garchomp\n|-status|p1b: Garchomp|psn|[from] ability: Poison Touch|[of] p2a: Sneasler\n|move|p1a: Venusaur|Leech Seed|p2a: Sneasler\n|-start|p2a: Sneasler|move: Leech Seed\n|\n|-heal|p2b: Incineroar|94/100|[from] item: Leftovers\n|-damage|p2a: Sneasler|76/100|[from] Leech Seed|[of] p1a: Venusaur\n|-damage|p1b: Garchomp|57/100 psn|[from] psn\n|upkeep\n|turn|2\n|inactive|gundi8 has 30 seconds left.\n|inactive|gundi8 has 20 seconds left.\n|inactive|gundi8 has 15 seconds left.\n|inactive|gundi8 has 10 seconds left.\n|inactive|gundi8 has 5 seconds left.\n|\n|t:|1776687978\n|switch|p2a: Sinistcha|Sinistcha-Masterpiece, L50, shiny|100/100\n|-heal|p2b: Incineroar|100/100|[from] ability: Hospitality|[of] p2a: Sinistcha\n|move|p1b: Garchomp|Stone Edge|p2b: Incineroar\n|-supereffective|p2b: Incineroar|1\n|-damage|p2b: Incineroar|32/100\n|move|p1a: Venusaur|Earth Power|p2a: Sinistcha\n|-resisted|p2a: Sinistcha|1\n|-damage|p2a: Sinistcha|85/100\n|move|p2b: Incineroar|Parting Shot|p1b: Garchomp\n|-unboost|p1b: Garchomp|atk|1\n|-unboost|p1b: Garchomp|spa|1\n|\n|t:|1776687992\n|switch|p2b: Sneasler|Sneasler, L50, M, shiny|76/100|[from] Parting Shot\n|-enditem|p1b: Garchomp|White Herb\n|-clearnegativeboost|p1b: Garchomp|[silent]\n|\n|-damage|p1b: Garchomp|45/100 psn|[from] psn\n|upkeep\n|turn|3\n|\n|t:|1776688018\n|switch|p1b: Gardevoir|Gardevoir, L50, F|100/100\n|move|p2b: Sneasler|Fake Out|p1b: Gardevoir\n|-damage|p1b: Gardevoir|78/100\n|move|p2a: Sinistcha|Rage Powder|p2a: Sinistcha\n|-singleturn|p2a: Sinistcha|move: Rage Powder\n|move|p1a: Venusaur|Earth Power|p2b: Sneasler\n|-supereffective|p2b: Sneasler|1\n|-damage|p2b: Sneasler|0 fnt\n|faint|p2b: Sneasler\n|\n|upkeep\n|inactive|ctfvughbkjln has 30 seconds left.\n|n|\u2606ctfvughbkjln|ctfvughbkjln\n|c|\u2606ctfvughbkjln|huh?\n|inactive|ctfvughbkjln has 20 seconds left.\n|inactive|ctfvughbkjln has 15 seconds left.\n|\n|t:|1776688063\n|switch|p2b: Scizor|Scizor, L50, F, shiny|100/100\n|turn|4\n|\n|t:|1776688082\n|switch|p1b: Incineroar|Incineroar, L50, M, shiny|100/100\n|-ability|p1b: Incineroar|Intimidate|boost\n|-unboost|p2a: Sinistcha|atk|1\n|-unboost|p2b: Scizor|atk|1\n|detailschange|p2b: Scizor|Scizor-Mega, L50, F, shiny\n|-mega|p2b: Scizor|Scizor|Scizorite\n|move|p2a: Sinistcha|Rage Powder|p2a: Sinistcha\n|-singleturn|p2a: Sinistcha|move: Rage Powder\n|move|p1a: Venusaur|Leech Seed|p2b: Scizor\n|-start|p2b: Scizor|move: Leech Seed\n|move|p2b: Scizor|Swords Dance|p2b: Scizor\n|-boost|p2b: Scizor|atk|2\n|\n|-damage|p2b: Scizor|88/100|[from] Leech Seed|[of] p1a: Venusaur\n|upkeep\n|turn|5\n|inactive|gundi8 has 30 seconds left.\n|\n|t:|1776688111\n|move|p2a: Sinistcha|Rage Powder|p2a: Sinistcha\n|-singleturn|p2a: Sinistcha|move: Rage Powder\n|move|p1a: Venusaur|Sludge Bomb|p2a: Sinistcha\n|-damage|p2a: Sinistcha|38/100\n|-enditem|p2a: Sinistcha|Sitrus Berry|[eat]\n|-heal|p2a: Sinistcha|62/100|[from] item: Sitrus Berry\n|move|p2b: Scizor|Dual Wingbeat|p1a: Venusaur\n|-supereffective|p1a: Venusaur|1\n|-damage|p1a: Venusaur|42/100\n|-supereffective|p1a: Venusaur|1\n|-damage|p1a: Venusaur|0 fnt\n|faint|p1a: Venusaur\n|-hitcount|p1: Venusaur|2\n|move|p1b: Incineroar|Flare Blitz|p2a: Sinistcha\n|-supereffective|p2a: Sinistcha|1\n|-damage|p2a: Sinistcha|0 fnt\n|faint|p2a: Sinistcha\n|-damage|p1b: Incineroar|82/100|[from] Recoil\n|\n|upkeep\n|\n|t:|1776688125\n|switch|p1a: Garchomp|Garchomp, L50, M|45/100 psn\n|switch|p2a: Incineroar|Incineroar, L50, F, shiny|32/100\n|-ability|p2a: Incineroar|Intimidate|boost\n|-unboost|p1a: Garchomp|atk|1\n|-unboost|p1b: Incineroar|atk|1\n|turn|6\n|\n|t:|1776688144\n|move|p2a: Incineroar|Fake Out|p1b: Incineroar\n|-damage|p1b: Incineroar|68/100\n|move|p2b: Scizor|Bullet Punch|p1a: Garchomp\n|-damage|p1a: Garchomp|0 fnt\n|-damage|p2b: Scizor|76/100|[from] ability: Rough Skin|[of] p1a: Garchomp\n|faint|p1a: Garchomp\n|cant|p1b: Incineroar|flinch\n|\n|-heal|p2a: Incineroar|38/100|[from] item: Leftovers\n|upkeep\n|\n|t:|1776688151\n|switch|p1a: Gardevoir|Gardevoir, L50, F|78/100\n|turn|7\n|inactive|ctfvughbkjln has 30 seconds left.\n|\n|t:|1776688183\n|move|p2b: Scizor|Bullet Punch|p1a: Gardevoir\n|-supereffective|p1a: Gardevoir|1\n|-damage|p1a: Gardevoir|0 fnt\n|faint|p1a: Gardevoir\n|move|p2a: Incineroar|Flare Blitz|p1b: Incineroar\n|-resisted|p1b: Incineroar|1\n|-damage|p1b: Incineroar|37/100\n|-damage|p2a: Incineroar|27/100|[from] Recoil\n|move|p1b: Incineroar|Flare Blitz|p2b: Scizor\n|-supereffective|p2b: Scizor|2\n|-damage|p2b: Scizor|0 fnt\n|faint|p2b: Scizor\n|-damage|p1b: Incineroar|19/100|[from] Recoil\n|\n|-heal|p2a: Incineroar|33/100|[from] item: Leftovers\n|upkeep\n|turn|8\n|\n|t:|1776688201\n|move|p2a: Incineroar|Flare Blitz|p1b: Incineroar\n|-resisted|p1b: Incineroar|1\n|-damage|p1b: Incineroar|0 fnt\n|faint|p1b: Incineroar\n|-damage|p2a: Incineroar|27/100|[from] Recoil\n|\n|win|ctfvughbkjln\n|raw|gundi8's rating: 1125 &rarr; <strong>1098</strong><br />(-27 for losing)\n|raw|ctfvughbkjln's rating: 1095 &rarr; <strong>1123</strong><br />(+28 for winning)\n",
  "uploadtime": 1776688202,
  "views": 9,
  "formatid": "gen9championsvgc2026regma",
  "rating": 1098,
  "private": 0,
  "password": null
}