{
  "id": "gen9championsvgc2026regma-2580362331",
  "format": "[Gen 9 Champions] VGC 2026 Reg M-A",
  "players": [
    "magentalamb",
    "SaioSeli"
  ],
  "log": "|j|\u2606magentalamb\n|j|\u2606SaioSeli\n|t:|1775885406\n|gametype|doubles\n|player|p1|magentalamb|265|1000\n|player|p2|SaioSeli|selene|1013\n|gen|9\n|tier|[Gen 9 Champions] VGC 2026 Reg M-A\n|rated|\n|rule|Species Clause: Limit one of each Pok\u00e9mon\n|rule|Item Clause: Limit 1 of each item\n|clearpoke\n|poke|p1|Clefable, L50, F|\n|poke|p1|Ninetales-Alola, L50, M|\n|poke|p1|Sinistcha-Masterpiece, L50|\n|poke|p1|Corviknight, L50, M|\n|poke|p1|Gengar, L50, F|\n|poke|p1|Politoed, L50, M|\n|poke|p2|Slurpuff, L50, M|\n|poke|p2|Aerodactyl, L50, M|\n|poke|p2|Raichu, L50, M|\n|poke|p2|Sneasler, L50, F|\n|poke|p2|Charizard, L50, F|\n|poke|p2|Whimsicott, L50, F|\n|teampreview|4\n|\n|t:|1775885471\n|teamsize|p1|4\n|teamsize|p2|4\n|start\n|switch|p1a: Gengar|Gengar, L50, F|100/100\n|switch|p1b: Ninetales|Ninetales-Alola, L50, M|100/100\n|switch|p2a: Slurpuff|Slurpuff, L50, M|100/100\n|switch|p2b: Raichu|Raichu, L50, M|100/100\n|-weather|Snowscape|[from] ability: Snow Warning|[of] p1b: Ninetales\n|turn|1\n|inactive|Battle timer is ON: inactive players will automatically lose when time's up. (requested by magentalamb)\n|\n|t:|1775885514\n|detailschange|p1a: Gengar|Gengar-Mega, L50, F\n|-mega|p1a: Gengar|Gengar|Gengarite\n|move|p2b: Raichu|Fake Out|p1b: Ninetales\n|-damage|p1b: Ninetales|92/100\n|move|p1a: Gengar|Perish Song|p1a: Gengar\n|-start|p1a: Gengar|perish3|[silent]\n|-start|p1b: Ninetales|perish3|[silent]\n|-start|p2a: Slurpuff|perish3|[silent]\n|-start|p2b: Raichu|perish3|[silent]\n|-fieldactivate|move: Perish Song\n|cant|p1b: Ninetales|flinch\n|move|p2a: Slurpuff|Sticky Web|p1b: Ninetales\n|-sidestart|p1: magentalamb|move: Sticky Web\n|\n|-weather|Snowscape|[upkeep]\n|-start|p1a: Gengar|perish3\n|-start|p1b: Ninetales|perish3\n|-start|p2b: Raichu|perish3\n|-start|p2a: Slurpuff|perish3\n|upkeep\n|turn|2\n|inactive|magentalamb has 30 seconds left.\n|inactive|magentalamb has 20 seconds left.\n|inactive|magentalamb has 15 seconds left.\n|inactive|magentalamb has 10 seconds left.\n|\n|t:|1775885560\n|move|p1a: Gengar|Shadow Ball|p2b: Raichu\n|-crit|p2b: Raichu\n|-damage|p2b: Raichu|5/100\n|-unboost|p2b: Raichu|spd|1\n|move|p1b: Ninetales|Aurora Veil|p1b: Ninetales\n|-sidestart|p1: magentalamb|move: Aurora Veil\n|move|p2b: Raichu|Thunderbolt|p1a: Gengar\n|-crit|p1a: Gengar\n|-damage|p1a: Gengar|53/100\n|move|p2a: Slurpuff|Dazzling Gleam|p1a: Gengar|[spread] p1a,p1b\n|-resisted|p1a: Gengar|1\n|-damage|p1a: Gengar|47/100\n|-damage|p1b: Ninetales|77/100\n|\n|-weather|Snowscape|[upkeep]\n|-start|p1a: Gengar|perish2\n|-start|p1b: Ninetales|perish2\n|-start|p2b: Raichu|perish2\n|-start|p2a: Slurpuff|perish2\n|upkeep\n|turn|3\n|inactive|magentalamb has 30 seconds left.\n|inactive|SaioSeli has 30 seconds left.\n|\n|t:|1775885589\n|switch|p1b: Sinistcha|Sinistcha-Masterpiece, L50|100/100\n|-activate|p1b: Sinistcha|move: Sticky Web\n|-unboost|p1b: Sinistcha|spe|1\n|-heal|p1a: Gengar|72/100|[from] ability: Hospitality|[of] p1b: Sinistcha\n|move|p1a: Gengar|Protect|p1a: Gengar\n|-singleturn|p1a: Gengar|Protect\n|move|p2b: Raichu|Thunderbolt|p1a: Gengar\n|-activate|p1a: Gengar|move: Protect\n|move|p2a: Slurpuff|Yawn|p1b: Sinistcha\n|-start|p1b: Sinistcha|move: Yawn|[of] p2a: Slurpuff\n|\n|-weather|Snowscape|[upkeep]\n|-start|p1a: Gengar|perish1\n|-start|p2b: Raichu|perish1\n|-start|p2a: Slurpuff|perish1\n|upkeep\n|turn|4\n|inactive|magentalamb has 30 seconds left.\n|inactive|magentalamb has 20 seconds left.\n|inactive|magentalamb has 15 seconds left.\n|\n|t:|1775885633\n|switch|p1a: Clefable|Clefable, L50, F|100/100\n|-activate|p1a: Clefable|move: Sticky Web\n|-unboost|p1a: Clefable|spe|1\n|switch|p1b: Ninetales|Ninetales-Alola, L50, M|77/100\n|-activate|p1b: Ninetales|move: Sticky Web\n|-unboost|p1b: Ninetales|spe|1\n|move|p2b: Raichu|Dazzling Gleam|p1b: Ninetales|[spread] p1a,p1b\n|-damage|p1a: Clefable|91/100\n|-damage|p1b: Ninetales|64/100\n|move|p2a: Slurpuff|Dazzling Gleam|p1a: Clefable|[spread] p1a,p1b\n|-damage|p1a: Clefable|79/100\n|-damage|p1b: Ninetales|50/100\n|\n|-weather|Snowscape|[upkeep]\n|-start|p2b: Raichu|perish0\n|-start|p2a: Slurpuff|perish0\n|faint|p2b: Raichu\n|faint|p2a: Slurpuff\n|upkeep\n|\n|t:|1775885636\n|switch|p2b: Aerodactyl|Aerodactyl, L50, M|100/100\n|switch|p2a: Charizard|Charizard, L50, F|100/100\n|-ability|p2b: Aerodactyl|Pressure\n|turn|5\n|inactive|magentalamb has 30 seconds left.\n|inactive|magentalamb has 20 seconds left.\n|inactive|magentalamb has 15 seconds left.\n|\n|t:|1775885680\n|switch|p1b: Sinistcha|Sinistcha-Masterpiece, L50|100/100\n|-activate|p1b: Sinistcha|move: Sticky Web\n|-unboost|p1b: Sinistcha|spe|1\n|-heal|p1a: Clefable|100/100|[from] ability: Hospitality|[of] p1b: Sinistcha\n|move|p2b: Aerodactyl|Rock Slide|p1a: Clefable|[spread] p1a,p1b\n|-damage|p1a: Clefable|88/100\n|-damage|p1b: Sinistcha|89/100\n|move|p2a: Charizard|Heat Wave|p1b: Sinistcha|[spread] p1a,p1b\n|-supereffective|p1b: Sinistcha|1\n|-damage|p1a: Clefable|66/100\n|-damage|p1b: Sinistcha|48/100\n|-enditem|p1b: Sinistcha|Sitrus Berry|[eat]\n|-heal|p1b: Sinistcha|72/100|[from] item: Sitrus Berry\n|move|p1a: Clefable|Encore|p2a: Charizard\n|-start|p2a: Charizard|Encore\n|\n|-weather|none\n|upkeep\n|turn|6\n|l|\u2606magentalamb\n|inactive|magentalamb disconnected and has a minute to reconnect!\n|player|p1|\n|inactive|magentalamb has 30 seconds left.\n|inactive|SaioSeli has 30 seconds left.\n|inactive|magentalamb has 20 seconds left.\n|inactive|SaioSeli has 20 seconds left.\n|inactive|magentalamb has 15 seconds left.\n|inactive|magentalamb has 10 seconds left.\n|inactive|magentalamb has 5 seconds left.\n|-message|magentalamb lost due to inactivity.\n|\n|win|SaioSeli\n|raw|magentalamb's rating: 1000 &rarr; <strong>1000</strong><br />(+0 for losing)\n|raw|SaioSeli's rating: 1013 &rarr; <strong>1050</strong><br />(+37 for winning)\n",
  "uploadtime": 1775885755,
  "views": 21,
  "formatid": "gen9championsvgc2026regma",
  "rating": 1000,
  "private": 0,
  "password": null
}