{
  "id": "gen9championsvgc2026regma-2581760477",
  "format": "[Gen 9 Champions] VGC 2026 Reg M-A",
  "players": [
    "zan81",
    "Godther"
  ],
  "log": "|j|\u2606zan81\n|j|\u2606Godther\n|t:|1776026294\n|gametype|doubles\n|player|p1|zan81|102|1390\n|player|p2|Godther|n|1436\n|gen|9\n|tier|[Gen 9 Champions] VGC 2026 Reg M-A\n|rated|\n|rule|Species Clause: Limit one of each Pok\u00e9mon\n|rule|Item Clause: Limit 1 of each item\n|clearpoke\n|poke|p1|Kingambit, L50, F|\n|poke|p1|Sneasler, L50, M|\n|poke|p1|Basculegion, L50, M|\n|poke|p1|Froslass, L50, F|\n|poke|p1|Delphox, L50, F|\n|poke|p1|Whimsicott, L50, F|\n|poke|p2|Floette-Eternal, L50, F|\n|poke|p2|Delphox, L50, F|\n|poke|p2|Incineroar, L50, M|\n|poke|p2|Sinistcha, L50|\n|poke|p2|Garchomp, L50, M|\n|poke|p2|Talonflame, L50, M|\n|teampreview|4\n|inactive|Battle timer is ON: inactive players will automatically lose when time's up. (requested by zan81)\nzan81 rejected open team sheets.\n|inactive|zan81 has 60 seconds left.\n|inactive|Godther has 60 seconds left.\n|inactive|zan81 has 30 seconds left.\n|inactive|Godther has 30 seconds left.\n|\n|t:|1776026360\n|teamsize|p1|4\n|teamsize|p2|4\n|start\n|switch|p1a: Kingambit|Kingambit, L50, F|100/100\n|switch|p1b: Sneasler|Sneasler, L50, M|100/100\n|switch|p2a: Fern|Delphox, L50, F, shiny|100/100\n|switch|p2b: Stark|Incineroar, L50, M|100/100\n|-ability|p2b: Stark|Intimidate|boost\n|-unboost|p1a: Kingambit|atk|1\n|-ability|p1a: Kingambit|Defiant|boost\n|-boost|p1a: Kingambit|atk|2\n|-unboost|p1b: Sneasler|atk|1\n|-enditem|p1b: Sneasler|White Herb\n|-clearnegativeboost|p1b: Sneasler|[silent]\n|turn|1\n|inactive|zan81 has 30 seconds left.\n|\n|t:|1776026386\n|switch|p2b: Garchomp|Garchomp, L50, M|100/100\n|move|p2a: Fern|Protect|p2a: Fern\n|-singleturn|p2a: Fern|Protect\n|move|p1a: Kingambit|Sucker Punch||[still]\n|-fail|p1a: Kingambit\n|move|p1b: Sneasler|Close Combat|p2b: Garchomp\n|-damage|p2b: Garchomp|39/100\n|-unboost|p1b: Sneasler|def|1\n|-unboost|p1b: Sneasler|spd|1\n|-damage|p1b: Sneasler|88/100|[from] ability: Rough Skin|[of] p2b: Garchomp\n|\n|upkeep\n|turn|2\n|j| PJP Raaah\n|inactive|zan81 has 30 seconds left.\n|c|\u2606zan81|why did stark leave frieren\n|c|\u2606zan81|:(\n|inactive|zan81 has 20 seconds left.\n|\n|t:|1776026423\n|switch|p2a: Sein|Sinistcha, L50|100/100\n|-heal|p2b: Garchomp|64/100|[from] ability: Hospitality|[of] p2a: Sein\n|move|p1a: Kingambit|Sucker Punch||[still]\n|-fail|p1a: Kingambit\n|move|p1b: Sneasler|Close Combat|p2b: Garchomp\n|-damage|p2b: Garchomp|0 fnt\n|-unboost|p1b: Sneasler|def|1\n|-unboost|p1b: Sneasler|spd|1\n|-damage|p1b: Sneasler|76/100|[from] ability: Rough Skin|[of] p2b: Garchomp\n|faint|p2b: Garchomp\n|\n|upkeep\n|c|\u2606Godther|you killed the npc\n|\n|t:|1776026441\n|switch|p2b: Fern|Delphox, L50, F, shiny|100/100\n|turn|3\n|c|\u2606Godther|floette is frieren\n|c|\u2606zan81|XDDDDD\n|c|\u2606zan81|you know ball\n|inactive|zan81 has 30 seconds left.\n|l| PJP Raaah\n|\n|t:|1776026469\n|switch|p1b: Froslass|Froslass, L50, F|100/100\n|detailschange|p2b: Fern|Delphox-Mega, L50, F, shiny\n|-mega|p2b: Fern|Delphox|Delphoxite\n|move|p2a: Sein|Rage Powder|p2a: Sein\n|-singleturn|p2a: Sein|move: Rage Powder\n|move|p1a: Kingambit|Sucker Punch||[still]\n|-fail|p1a: Kingambit\n|move|p2b: Fern|Heat Wave|p1a: Kingambit|[spread] p1a,p1b\n|-supereffective|p1a: Kingambit|1\n|-supereffective|p1b: Froslass|1\n|-damage|p1a: Kingambit|18/100\n|-damage|p1b: Froslass|0 fnt\n|faint|p1b: Froslass\n|\n|upkeep\n|\n|t:|1776026483\n|switch|p1b: Basculegion|Basculegion, L50, M|100/100\n|turn|4\n|inactive|Godther has 30 seconds left.\n|j| ElGuille7\n|\n|t:|1776026512\n|move|p2b: Fern|Protect|p2b: Fern\n|-singleturn|p2b: Fern|Protect\n|move|p1a: Kingambit|Protect|p1a: Kingambit\n|-singleturn|p1a: Kingambit|Protect\n|move|p1b: Basculegion|Last Respects|p2a: Sein\n|-supereffective|p2a: Sein|1\n|-damage|p2a: Sein|0 fnt\n|faint|p2a: Sein\n|\n|upkeep\n|\n|t:|1776026518\n|switch|p2a: Stark|Incineroar, L50, M|100/100\n|-ability|p2a: Stark|Intimidate|boost\n|-unboost|p1a: Kingambit|atk|1\n|-ability|p1a: Kingambit|Defiant|boost\n|-boost|p1a: Kingambit|atk|2\n|-unboost|p1b: Basculegion|atk|1\n|turn|5\n|inactive|zan81 has 30 seconds left.\n|\n|t:|1776026546\n|switch|p1a: Sneasler|Sneasler, L50, M|76/100\n|move|p2a: Stark|Fake Out|p1a: Sneasler\n|-damage|p1a: Sneasler|54/100\n|move|p1b: Basculegion|Last Respects|p2b: Fern\n|-supereffective|p2b: Fern|1\n|-damage|p2b: Fern|0 fnt\n|faint|p2b: Fern\n|\n|upkeep\n|turn|6\n|c|\u2606Godther|gg\n|c|\u2606zan81|gg\n|c|\u2606zan81|I'm think of a name\n|c|\u2606zan81|for garchomp\n|inactive|zan81 has 30 seconds left.\n|\n|t:|1776026572\n|move|p1b: Basculegion|Last Respects|p2a: Stark\n|-resisted|p2a: Stark|1\n|-damage|p2a: Stark|81/100\n|move|p1a: Sneasler|Close Combat|p2a: Stark\n|-supereffective|p2a: Stark|1\n|-damage|p2a: Stark|0 fnt\n|-unboost|p1a: Sneasler|def|1\n|-unboost|p1a: Sneasler|spd|1\n|faint|p2a: Stark\n|\n|win|zan81\n|raw|zan81's rating: 1390 &rarr; <strong>1413</strong><br />(+23 for winning)\n|raw|Godther's rating: 1436 &rarr; <strong>1413</strong><br />(-23 for losing)\n|c|\u2606Godther|really?\n|c|\u2606Godther|what\n|c|\u2606zan81|idk XD\n|c|\u2606Godther|oh\n|c|\u2606Godther|Ill think\n|c|\u2606zan81|sure bro GL\n|c|\u2606Godther|you too bye\n|l|\u2606Godther\n|player|p2|\n",
  "uploadtime": 1776026641,
  "views": 68,
  "formatid": "gen9championsvgc2026regma",
  "rating": 1413,
  "private": 0,
  "password": null
}