{
  "id": "gen9championsvgc2026regma-2587533601",
  "format": "[Gen 9 Champions] VGC 2026 Reg M-A",
  "players": [
    "AquaticPanic",
    "MultiPokemon"
  ],
  "log": "|j|\u2606AquaticPanic\n|j|\u2606MultiPokemon\n|t:|1776540006\n|gametype|doubles\n|player|p1|AquaticPanic|bellelba|1437\n|player|p2|MultiPokemon|clerk|1391\n|gen|9\n|tier|[Gen 9 Champions] VGC 2026 Reg M-A\n|rated|\n|rule|Species Clause: Limit one of each Pok\u00e9mon\n|rule|Item Clause: Limit 1 of each item\n|clearpoke\n|poke|p1|Venusaur, L50, M|\n|poke|p1|Charizard, L50, M|\n|poke|p1|Garchomp, L50, F|\n|poke|p1|Armarouge, L50, M|\n|poke|p1|Rotom-Wash, L50|\n|poke|p1|Aerodactyl, L50, M|\n|poke|p2|Ninetales-Alola, L50, M, shiny|\n|poke|p2|Gengar, L50, M, shiny|\n|poke|p2|Garchomp, L50, F, shiny|\n|poke|p2|Rotom-Wash, L50, shiny|\n|poke|p2|Incineroar, L50, M, shiny|\n|poke|p2|Sneasler, L50, F, shiny|\n|teampreview|4\n|\n|t:|1776540044\n|teamsize|p1|4\n|teamsize|p2|4\n|start\n|switch|p1a: Aerodactyl|Aerodactyl, L50, M|100/100\n|switch|p1b: Venusaur|Venusaur, L50, M|100/100\n|switch|p2a: Ninetales|Ninetales-Alola, L50, M, shiny|100/100\n|switch|p2b: Garchomp|Garchomp, L50, F, shiny|100/100\n|-ability|p1a: Aerodactyl|Pressure\n|-weather|Snowscape|[from] ability: Snow Warning|[of] p2a: Ninetales\n|turn|1\n|\n|t:|1776540066\n|detailschange|p1b: Venusaur|Venusaur-Mega, L50, M\n|-mega|p1b: Venusaur|Venusaur|Venusaurite\n|move|p2b: Garchomp|Rock Slide|p1a: Aerodactyl|[spread] p1a,p1b\n|-supereffective|p1a: Aerodactyl|1\n|-crit|p1b: Venusaur\n|-damage|p1a: Aerodactyl|28/100\n|-damage|p1b: Venusaur|73/100\n|move|p1a: Aerodactyl|Rock Slide|p2a: Ninetales|[spread] p2a,p2b\n|-supereffective|p2a: Ninetales|1\n|-resisted|p2b: Garchomp|1\n|-damage|p2a: Ninetales|48/100\n|-damage|p2b: Garchomp|88/100\n|move|p2a: Ninetales|Blizzard|p1a: Aerodactyl|[spread] p1a,p1b\n|-supereffective|p1a: Aerodactyl|1\n|-supereffective|p1b: Venusaur|1\n|-damage|p1a: Aerodactyl|0 fnt\n|-damage|p1b: Venusaur|47/100\n|faint|p1a: Aerodactyl\n|cant|p1b: Venusaur|flinch\n|\n|-weather|Snowscape|[upkeep]\n|upkeep\n|\n|t:|1776540084\n|switch|p1a: Armarouge|Armarouge, L50, M|100/100\n|turn|2\n|\n|t:|1776540090\n|move|p1a: Armarouge|Wide Guard|p1a: Armarouge\n|-singleturn|p1a: Armarouge|Wide Guard\n|move|p2b: Garchomp|Rock Slide|p1b: Venusaur|[spread] \n|-activate|p1a: Armarouge|move: Wide Guard\n|-activate|p1b: Venusaur|move: Wide Guard\n|move|p2a: Ninetales|Aurora Veil|p2a: Ninetales\n|-sidestart|p2: MultiPokemon|move: Aurora Veil\n|move|p1b: Venusaur|Sleep Powder|p2b: Garchomp\n|-status|p2b: Garchomp|slp|[from] move: Sleep Powder\n|\n|-weather|Snowscape|[upkeep]\n|upkeep\n|turn|3\n|\n|t:|1776540108\n|switch|p2b: Incineroar|Incineroar, L50, M, shiny|100/100\n|-ability|p2b: Incineroar|Intimidate|boost\n|-unboost|p1a: Armarouge|atk|1\n|-unboost|p1b: Venusaur|atk|1\n|move|p2a: Ninetales|Protect|p2a: Ninetales\n|-singleturn|p2a: Ninetales|Protect\n|move|p1a: Armarouge|Wide Guard|p1a: Armarouge\n|-singleturn|p1a: Armarouge|Wide Guard\n|move|p1b: Venusaur|Sludge Bomb|p2a: Ninetales\n|-activate|p2a: Ninetales|move: Protect\n|\n|-weather|Snowscape|[upkeep]\n|upkeep\n|turn|4\n|\n|t:|1776540130\n|move|p1a: Armarouge|Wide Guard|p1a: Armarouge\n|-singleturn|p1a: Armarouge|Wide Guard\n|move|p2b: Incineroar|Fake Out|p1a: Armarouge\n|-damage|p1a: Armarouge|91/100\n|-ability|p1a: Armarouge|Weak Armor|boost\n|-unboost|p1a: Armarouge|def|1\n|-boost|p1a: Armarouge|spe|2\n|move|p2a: Ninetales|Blizzard|p1a: Armarouge|[spread] \n|-activate|p1a: Armarouge|move: Wide Guard\n|-activate|p1b: Venusaur|move: Wide Guard\n|move|p1b: Venusaur|Giga Drain|p2a: Ninetales\n|-crit|p2a: Ninetales\n|-damage|p2a: Ninetales|0 fnt\n|-heal|p1b: Venusaur|66/100|[from] drain|[of] p2a: Ninetales\n|faint|p2a: Ninetales\n|\n|-weather|Snowscape|[upkeep]\n|upkeep\n|\n|t:|1776540137\n|switch|p2a: Gengar|Gengar, L50, M, shiny|100/100\n|turn|5\n|\n|t:|1776540165\n|detailschange|p2a: Gengar|Gengar-Mega, L50, M, shiny\n|-mega|p2a: Gengar|Gengar|Gengarite\n|move|p2a: Gengar|Protect|p2a: Gengar\n|-singleturn|p2a: Gengar|Protect\n|move|p1a: Armarouge|Psychic|p2a: Gengar\n|-activate|p2a: Gengar|move: Protect\n|move|p1b: Venusaur|Earth Power|p2a: Gengar\n|-activate|p2a: Gengar|move: Protect\n|move|p2b: Incineroar|Darkest Lariat|p1a: Armarouge\n|-supereffective|p1a: Armarouge|1\n|-damage|p1a: Armarouge|24/100\n|-ability|p1a: Armarouge|Weak Armor|boost\n|-unboost|p1a: Armarouge|def|1\n|-boost|p1a: Armarouge|spe|2\n|\n|-weather|none\n|upkeep\n|turn|6\n|\n|t:|1776540204\n|switch|p2a: Garchomp|Garchomp, L50, F, shiny|88/100 slp\n|move|p1a: Armarouge|Protect|p1a: Armarouge\n|-singleturn|p1a: Armarouge|Protect\n|move|p1b: Venusaur|Earth Power|p2b: Incineroar\n|-supereffective|p2b: Incineroar|1\n|-crit|p2b: Incineroar\n|-damage|p2b: Incineroar|12/100\n|-enditem|p2b: Incineroar|Sitrus Berry|[eat]\n|-heal|p2b: Incineroar|37/100|[from] item: Sitrus Berry\n|move|p2b: Incineroar|Darkest Lariat|p1a: Armarouge\n|-activate|p1a: Armarouge|move: Protect\n|\n|-sideend|p2: MultiPokemon|move: Aurora Veil\n|upkeep\n|turn|7\n|\n|t:|1776540233\n|move|p1a: Armarouge|Psychic|p2a: Garchomp\n|-damage|p2a: Garchomp|30/100 slp\n|cant|p2a: Garchomp|slp\n|move|p1b: Venusaur|Giga Drain|p2a: Garchomp\n|-crit|p2a: Garchomp\n|-damage|p2a: Garchomp|0 fnt\n|-heal|p1b: Venusaur|81/100|[from] drain|[of] p2a: Garchomp\n|faint|p2a: Garchomp\n|move|p2b: Incineroar|Parting Shot|p1b: Venusaur\n|-unboost|p1b: Venusaur|atk|1\n|-unboost|p1b: Venusaur|spa|1\n|\n|t:|1776540240\n|switch|p2b: Gengar|Gengar-Mega, L50, M, shiny|100/100|[from] Parting Shot\n|\n|upkeep\n|\n|t:|1776540242\n|switch|p2a: Incineroar|Incineroar, L50, M, shiny|37/100\n|-ability|p2a: Incineroar|Intimidate|boost\n|-unboost|p1a: Armarouge|atk|1\n|-unboost|p1b: Venusaur|atk|1\n|turn|8\n|\n|t:|1776540254\n|move|p1a: Armarouge|Protect|p1a: Armarouge\n|-singleturn|p1a: Armarouge|Protect\n|move|p2a: Incineroar|Fake Out|p1b: Venusaur\n|-damage|p1b: Venusaur|72/100\n|move|p2b: Gengar|Sludge Bomb|p1b: Venusaur\n|-damage|p1b: Venusaur|25/100\n|cant|p1b: Venusaur|flinch\n|\n|upkeep\n|turn|9\n|\n|t:|1776540269\n|move|p2b: Gengar|Protect|p2b: Gengar\n|-singleturn|p2b: Gengar|Protect\n|move|p1a: Armarouge|Psychic|p2b: Gengar\n|-activate|p2b: Gengar|move: Protect\n|move|p1b: Venusaur|Earth Power|p2a: Incineroar\n|-supereffective|p2a: Incineroar|1\n|-damage|p2a: Incineroar|0 fnt\n|faint|p2a: Incineroar\n|\n|upkeep\n|turn|10\n|\n|t:|1776540280\n|move|p1a: Armarouge|Psychic|p2b: Gengar\n|-supereffective|p2b: Gengar|1\n|-damage|p2b: Gengar|0 fnt\n|faint|p2b: Gengar\n|\n|win|AquaticPanic\n|raw|AquaticPanic's rating: 1437 &rarr; <strong>1454</strong><br />(+17 for winning)\n|raw|MultiPokemon's rating: 1391 &rarr; <strong>1374</strong><br />(-17 for losing)\n|l|\u2606MultiPokemon\n|player|p2|\n",
  "uploadtime": 1776540291,
  "views": 31,
  "formatid": "gen9championsvgc2026regma",
  "rating": 1374,
  "private": 0,
  "password": null
}