{
  "id": "gen9championsvgc2026regma-2585657432",
  "format": "[Gen 9 Champions] VGC 2026 Reg M-A",
  "players": [
    "Leinad Noscaj",
    "MewEnRage"
  ],
  "log": "|j|\u2606Leinad Noscaj\n|j|\u2606MewEnRage\n|t:|1776361722\n|gametype|doubles\n|player|p1|Leinad Noscaj|youngathlete|1104\n|player|p2|MewEnRage|falkner|1113\n|gen|9\n|tier|[Gen 9 Champions] VGC 2026 Reg M-A\n|rated|\n|rule|Species Clause: Limit one of each Pok\u00e9mon\n|rule|Item Clause: Limit 1 of each item\n|clearpoke\n|poke|p1|Palafin, L50, M|\n|poke|p1|Pelipper, L50, M|\n|poke|p1|Greninja-*, L50, F|\n|poke|p1|Maushold-Four, L50|\n|poke|p1|Aerodactyl, L50, M|\n|poke|p1|Farigiraf, L50, F|\n|poke|p2|Scovillain, L50, M|\n|poke|p2|Aerodactyl, L50, M|\n|poke|p2|Sinistcha, L50|\n|poke|p2|Simipour, L50, M|\n|poke|p2|Crabominable, L50, M|\n|poke|p2|Klefki, L50, F|\n|teampreview|4\nMewEnRage has agreed to open team sheets.\n|\n|t:|1776361749\n|teamsize|p1|4\n|teamsize|p2|4\n|start\n|switch|p1a: New Otter|Palafin, L50, M|100/100\n|switch|p1b: Aerodactyl|Aerodactyl, L50, M, shiny|100/100\n|switch|p2a: Scovillain|Scovillain, L50, M|100/100\n|switch|p2b: Sinistcha|Sinistcha, L50|100/100\n|-ability|p1b: Aerodactyl|Unnerve\n|turn|1\n|\n|t:|1776361765\n|move|p2a: Scovillain|Protect|p2a: Scovillain\n|-singleturn|p2a: Scovillain|Protect\n|move|p1a: New Otter|Flip Turn|p2a: Scovillain\n|-activate|p2a: Scovillain|move: Protect\n|move|p1b: Aerodactyl|Tailwind|p1b: Aerodactyl\n|-sidestart|p1: Leinad Noscaj|move: Tailwind\n|move|p2b: Sinistcha|Trick Room|p2b: Sinistcha\n|-fieldstart|move: Trick Room|[of] p2b: Sinistcha\n|\n|-ability|p2a: Scovillain|Moody|boost\n|-boost|p2a: Scovillain|atk|2\n|-unboost|p2a: Scovillain|spa|1\n|upkeep\n|turn|2\n|\n|t:|1776361787\n|detailschange|p1a: New Otter|Palafin-Hero, L50, M\n|switch|p1a: Pelipper|Pelipper, L50, M|100/100\n|-weather|RainDance|[from] ability: Drizzle|[of] p1a: Pelipper\n|detailschange|p2a: Scovillain|Scovillain-Mega, L50, M\n|-mega|p2a: Scovillain|Scovillain|Scovillainite\n|move|p2b: Sinistcha|Matcha Gotcha|p1b: Aerodactyl|[spread] \n|-miss|p2b: Sinistcha|p1a: Pelipper\n|-miss|p2b: Sinistcha|p1b: Aerodactyl\n|move|p2a: Scovillain|Giga Drain|p1a: Pelipper\n|-damage|p1a: Pelipper|72/100\n|move|p1b: Aerodactyl|Rock Slide|p2a: Scovillain|[spread] p2a,p2b\n|-supereffective|p2a: Scovillain|1\n|-damage|p2a: Scovillain|44/100\n|-damage|p2b: Sinistcha|80/100\n|-status|p1b: Aerodactyl|brn|[from] ability: Spicy Spray|[of] p2a: Scovillain\n|\n|-weather|RainDance|[upkeep]\n|-damage|p1b: Aerodactyl|95/100 brn|[from] brn\n|upkeep\n|turn|3\n|\n|t:|1776361808\n|switch|p2a: Simipour|Simipour, L50, M|100/100\n|move|p1b: Aerodactyl|Protect|p1b: Aerodactyl\n|-singleturn|p1b: Aerodactyl|Protect\n|move|p2b: Sinistcha|Matcha Gotcha|p1a: Pelipper|[spread] p1a\n|-activate|p1b: Aerodactyl|move: Protect\n|-damage|p1a: Pelipper|41/100\n|-heal|p2b: Sinistcha|94/100|[from] drain|[of] p1a: Pelipper\n|move|p1a: Pelipper|Hurricane|p2a: Simipour\n|-damage|p2a: Simipour|50/100\n|-start|p2a: Simipour|confusion\n|\n|-weather|RainDance|[upkeep]\n|-damage|p1b: Aerodactyl|89/100 brn|[from] brn\n|upkeep\n|turn|4\n|\n|t:|1776361833\n|-activate|p2a: Simipour|confusion\n|-damage|p2a: Simipour|38/100|[from] confusion\n|move|p2b: Sinistcha|Matcha Gotcha|p1b: Aerodactyl|[spread] p1a\n|-miss|p2b: Sinistcha|p1b: Aerodactyl\n|-damage|p1a: Pelipper|14/100\n|-heal|p2b: Sinistcha|100/100|[from] drain|[of] p1a: Pelipper\n|move|p1a: Pelipper|Hurricane|p2b: Sinistcha\n|-supereffective|p2b: Sinistcha|1\n|-damage|p2b: Sinistcha|26/100\n|move|p1b: Aerodactyl|Rock Slide|p2b: Sinistcha|[spread] p2a,p2b\n|-damage|p2a: Simipour|21/100\n|-damage|p2b: Sinistcha|17/100\n|\n|-weather|RainDance|[upkeep]\n|-damage|p1b: Aerodactyl|83/100 brn|[from] brn\n|-sideend|p1: Leinad Noscaj|move: Tailwind\n|upkeep\n|turn|5\n|\n|t:|1776361855\n|move|p1b: Aerodactyl|Protect|p1b: Aerodactyl\n|-singleturn|p1b: Aerodactyl|Protect\n|move|p1a: Pelipper|U-turn|p2b: Sinistcha\n|-damage|p2b: Sinistcha|9/100\n|\n|t:|1776361864\n|switch|p1a: New Otter|Palafin-Hero, L50, M|100/100|[from] U-turn\n|-activate|p1a: New Otter|ability: Zero to Hero\n|move|p2b: Sinistcha|Matcha Gotcha|p1b: Aerodactyl|[spread] p1a\n|-activate|p1b: Aerodactyl|move: Protect\n|-supereffective|p1a: New Otter|1\n|-damage|p1a: New Otter|49/100\n|-heal|p2b: Sinistcha|35/100|[from] drain|[of] p1a: New Otter\n|-activate|p2a: Simipour|confusion\n|move|p2a: Simipour|Scald|p1b: Aerodactyl\n|-activate|p1b: Aerodactyl|move: Protect\n|\n|-weather|RainDance|[upkeep]\n|-damage|p1b: Aerodactyl|78/100 brn|[from] brn\n|-fieldend|move: Trick Room\n|upkeep\n|turn|6\n|\n|t:|1776361888\n|switch|p2a: Scovillain|Scovillain-Mega, L50, M|44/100\n|switch|p2b: Crabominable|Crabominable, L50, M|100/100\n|move|p1a: New Otter|Wave Crash|p2b: Crabominable\n|-damage|p2b: Crabominable|0 fnt\n|faint|p2b: Crabominable\n|-damage|p1a: New Otter|11/100|[from] Recoil\n|move|p1b: Aerodactyl|Rock Slide|p2a: Scovillain|[miss]\n|-miss|p1b: Aerodactyl|p2a: Scovillain\n|\n|-weather|none\n|-damage|p1b: Aerodactyl|72/100 brn|[from] brn\n|upkeep\n|\n|t:|1776361893\n|switch|p2b: Sinistcha|Sinistcha, L50|35/100\n|-heal|p2a: Scovillain|69/100|[from] ability: Hospitality|[of] p2b: Sinistcha\n|turn|7\n|\n|t:|1776361908\n|switch|p1b: Pelipper|Pelipper, L50, M|14/100\n|-enditem|p2b: Sinistcha|Sitrus Berry|[eat]\n|-heal|p2b: Sinistcha|60/100|[from] item: Sitrus Berry\n|-weather|RainDance|[from] ability: Drizzle|[of] p1b: Pelipper\n|move|p2a: Scovillain|Protect|p2a: Scovillain\n|-singleturn|p2a: Scovillain|Protect\n|move|p1a: New Otter|Wave Crash|p2b: Sinistcha\n|-resisted|p2b: Sinistcha|1\n|-damage|p2b: Sinistcha|9/100\n|-damage|p1a: New Otter|0 fnt|[from] Recoil\n|faint|p1a: New Otter\n|move|p2b: Sinistcha|Trick Room|p2b: Sinistcha\n|-fieldstart|move: Trick Room|[of] p2b: Sinistcha\n|\n|-weather|RainDance|[upkeep]\n|upkeep\n|j| MyCatIsChonkyX2\n|\n|t:|1776361927\n|switch|p1a: New Penguin|Greninja, L50, F, shiny|100/100\n|turn|8\n|\n|t:|1776361959\n|move|p1a: New Penguin|Water Shuriken|p2b: Sinistcha\n|-start|p1a: New Penguin|typechange|Water|[from] ability: Protean\n|-resisted|p2b: Sinistcha|1\n|-damage|p2b: Sinistcha|4/100\n|-resisted|p2b: Sinistcha|1\n|-damage|p2b: Sinistcha|0 fnt\n|faint|p2b: Sinistcha\n|-hitcount|p2: Sinistcha|2\n|move|p1b: Pelipper|Hurricane|p2a: Scovillain\n|-supereffective|p2a: Scovillain|1\n|-damage|p2a: Scovillain|0 fnt\n|-status|p1b: Pelipper|brn|[from] ability: Spicy Spray|[of] p2a: Scovillain\n|faint|p2a: Scovillain\n|\n|-weather|RainDance|[upkeep]\n|-damage|p1b: Pelipper|8/100 brn|[from] brn\n|upkeep\n|c|\u2606Leinad Noscaj|ey chonky\n|\n|t:|1776361964\n|switch|p2b: Simipour|Simipour, L50, M|21/100\n|turn|9\n|-message|MewEnRage forfeited.\n|\n|win|Leinad Noscaj\n|raw|Leinad Noscaj's rating: 1104 &rarr; <strong>1130</strong><br />(+26 for winning)\n|raw|MewEnRage's rating: 1113 &rarr; <strong>1087</strong><br />(-26 for losing)\n|l|\u2606MewEnRage\n|player|p2|\n",
  "uploadtime": 1776361989,
  "views": 14,
  "formatid": "gen9championsvgc2026regma",
  "rating": 1087,
  "private": 0,
  "password": null
}