{
  "id": "gen9championsvgc2026regma-2586733089",
  "format": "[Gen 9 Champions] VGC 2026 Reg M-A",
  "players": [
    "Yslade",
    "Lessa_ped"
  ],
  "log": "|j|\u2606Yslade\n|j|\u2606Lessa_ped\n|t:|1776455652\n|gametype|doubles\n|player|p1|Yslade|preschooler|\n|player|p2|Lessa_ped|n|\n|gen|9\n|tier|[Gen 9 Champions] VGC 2026 Reg M-A\n|rule|Species Clause: Limit one of each Pok\u00e9mon\n|rule|Item Clause: Limit 1 of each item\n|clearpoke\n|poke|p1|Oranguru, L50, F|\n|poke|p1|Torkoal, L50, F|\n|poke|p1|Hatterene, L50, F|\n|poke|p1|Drampa, L50, F|\n|poke|p1|Venusaur, L50, F|\n|poke|p1|Incineroar, L50, M|\n|poke|p2|Archaludon, L50, M|\n|poke|p2|Pelipper, L50, M|\n|poke|p2|Sneasler, L50, M|\n|poke|p2|Incineroar, L50, M|\n|poke|p2|Basculegion, L50, M|\n|poke|p2|Meganium, L50, M|\n|teampreview|4\n|inactive|Battle timer is ON: inactive players will automatically lose when time's up. (requested by Yslade)\n|inactive|Lessa_ped has 60 seconds left.\n|\n|t:|1776455687\n|teamsize|p1|4\n|teamsize|p2|4\n|start\n|switch|p1a: Hatterene|Hatterene, L50, F|100/100\n|switch|p1b: Oranguru|Oranguru, L50, F|100/100\n|switch|p2a: Incineroar|Incineroar, L50, M, shiny|100/100\n|switch|p2b: Basculegion|Basculegion, L50, M, shiny|100/100\n|-ability|p2a: Incineroar|Intimidate|boost\n|-unboost|p1a: Hatterene|atk|1\n|-fail|p1b: Oranguru|unboost|Attack|[from] ability: Inner Focus|[of] p1b: Oranguru\n|turn|1\n|inactive|Lessa_ped has 30 seconds left.\n|\n|t:|1776455717\n|move|p2b: Basculegion|Protect|p2b: Basculegion\n|-singleturn|p2b: Basculegion|Protect\n|move|p1a: Hatterene|Protect|p1a: Hatterene\n|-singleturn|p1a: Hatterene|Protect\n|move|p2a: Incineroar|Fake Out|p1a: Hatterene\n|-activate|p1a: Hatterene|move: Protect\n|move|p1b: Oranguru|Trick Room|p1b: Oranguru\n|-fieldstart|move: Trick Room|[of] p1b: Oranguru\n|\n|upkeep\n|turn|2\n|inactive|Lessa_ped has 30 seconds left.\n|inactive|Yslade has 30 seconds left.\n|inactive|Lessa_ped has 20 seconds left.\n|\n|t:|1776455753\n|switch|p1a: Torkoal|Torkoal, L50, F|100/100\n|-weather|SunnyDay|[from] ability: Drought|[of] p1a: Torkoal\n|switch|p1b: Drampa|Drampa, L50, F|100/100\n|move|p2a: Incineroar|Darkest Lariat|p1b: Drampa\n|-damage|p1b: Drampa|66/100\n|move|p2b: Basculegion|Last Respects|p1a: Torkoal\n|-damage|p1a: Torkoal|78/100\n|\n|-weather|SunnyDay|[upkeep]\n|upkeep\n|turn|3\n|\n|t:|1776455772\n|switch|p2a: Pelipper|Pelipper, L50, M, shiny|100/100\n|-weather|RainDance|[from] ability: Drizzle|[of] p2a: Pelipper\n|detailschange|p1b: Drampa|Drampa-Mega, L50, F\n|-mega|p1b: Drampa|Drampa|Drampanite\n|move|p2b: Basculegion|Protect|p2b: Basculegion\n|-singleturn|p2b: Basculegion|Protect\n|move|p1a: Torkoal|Eruption|p2a: Pelipper|[spread] p2a\n|-activate|p2b: Basculegion|move: Protect\n|-resisted|p2a: Pelipper|1\n|-damage|p2a: Pelipper|83/100\n|move|p1b: Drampa|Calm Mind|p1b: Drampa\n|-boost|p1b: Drampa|spa|1\n|-boost|p1b: Drampa|spd|1\n|\n|-weather|RainDance|[upkeep]\n|upkeep\n|turn|4\n|\n|t:|1776455790\n|move|p2a: Pelipper|Protect|p2a: Pelipper\n|-singleturn|p2a: Pelipper|Protect\n|move|p1a: Torkoal|Earth Power|p2b: Basculegion\n|-damage|p2b: Basculegion|72/100\n|-unboost|p2b: Basculegion|spd|1\n|move|p1b: Drampa|Hyper Voice|p2a: Pelipper|[spread] \n|-activate|p2a: Pelipper|move: Protect\n|-immune|p2b: Basculegion\n|move|p2b: Basculegion|Wave Crash|p1a: Torkoal\n|-supereffective|p1a: Torkoal|1\n|-damage|p1a: Torkoal|0 fnt\n|faint|p1a: Torkoal\n|-damage|p2b: Basculegion|48/100|[from] Recoil\n|\n|-weather|RainDance|[upkeep]\n|upkeep\n|\n|t:|1776455800\n|switch|p1a: Oranguru|Oranguru, L50, F|100/100\n|turn|5\n|inactive|Lessa_ped has 30 seconds left.\n|\n|t:|1776455830\n|switch|p2a: Incineroar|Incineroar, L50, M, shiny|100/100\n|-ability|p2a: Incineroar|Intimidate|boost\n|-fail|p1a: Oranguru|unboost|Attack|[from] ability: Inner Focus|[of] p1a: Oranguru\n|-unboost|p1b: Drampa|atk|1\n|move|p2b: Basculegion|Protect|p2b: Basculegion\n|-singleturn|p2b: Basculegion|Protect\n|move|p1b: Drampa|Hyper Voice|p2a: Incineroar|[spread] p2a\n|-activate|p2b: Basculegion|move: Protect\n|-damage|p2a: Incineroar|45/100\n|-enditem|p2a: Incineroar|Sitrus Berry|[eat]\n|-heal|p2a: Incineroar|70/100|[from] item: Sitrus Berry\n|move|p1a: Oranguru|Psyshock|p2b: Basculegion\n|-activate|p2b: Basculegion|move: Protect\n|\n|-weather|RainDance|[upkeep]\n|-fieldend|move: Trick Room\n|upkeep\n|turn|6\n|inactive|Lessa_ped has 30 seconds left.\n|\n|t:|1776455861\n|switch|p2b: Archaludon|Archaludon, L50, M, shiny|100/100\n|move|p1b: Drampa|Protect|p1b: Drampa\n|-singleturn|p1b: Drampa|Protect\n|move|p2a: Incineroar|Darkest Lariat|p1a: Oranguru\n|-supereffective|p1a: Oranguru|1\n|-damage|p1a: Oranguru|51/100\n|move|p1a: Oranguru|Trick Room|p1a: Oranguru\n|-fieldstart|move: Trick Room|[of] p1a: Oranguru\n|\n|-weather|RainDance|[upkeep]\n|upkeep\n|turn|7\n|\n|t:|1776455882\n|switch|p2a: Basculegion|Basculegion, L50, M, shiny|48/100\n|move|p1b: Drampa|Draco Meteor|p2b: Archaludon\n|-damage|p2b: Archaludon|0 fnt\n|-unboost|p1b: Drampa|spa|2\n|faint|p2b: Archaludon\n|move|p1a: Oranguru|Instruct|p1b: Drampa\n|-singleturn|p1b: Drampa|move: Instruct|[of] p1a: Oranguru\n|move|p1b: Drampa|Draco Meteor|p2a: Basculegion\n|-damage|p2a: Basculegion|0 fnt\n|-unboost|p1b: Drampa|spa|2\n|faint|p2a: Basculegion\n|\n|-weather|none\n|upkeep\n|\n|t:|1776455893\n|switch|p2b: Incineroar|Incineroar, L50, M, shiny|70/100\n|switch|p2a: Pelipper|Pelipper, L50, M, shiny|83/100\n|-ability|p2b: Incineroar|Intimidate|boost\n|-fail|p1a: Oranguru|unboost|Attack|[from] ability: Inner Focus|[of] p1a: Oranguru\n|-unboost|p1b: Drampa|atk|1\n|-weather|RainDance|[from] ability: Drizzle|[of] p2a: Pelipper\n|turn|8\n|\n|t:|1776455916\n|move|p2b: Incineroar|Fake Out|p1b: Drampa\n|-damage|p1b: Drampa|57/100\n|cant|p1b: Drampa|flinch\n|move|p1a: Oranguru|Instruct|p1b: Drampa\n|-singleturn|p1b: Drampa|move: Instruct|[of] p1a: Oranguru\n|cant|p1b: Drampa|flinch\n|move|p2a: Pelipper|Hurricane|p1b: Drampa\n|-damage|p1b: Drampa|31/100\n|-start|p1b: Drampa|confusion\n|-ability|p1b: Drampa|Berserk|boost\n|-boost|p1b: Drampa|spa|1\n|\n|-weather|RainDance|[upkeep]\n|upkeep\n|turn|9\n|\n|t:|1776455932\n|move|p2a: Pelipper|Protect|p2a: Pelipper\n|-singleturn|p2a: Pelipper|Protect\n|-activate|p1b: Drampa|confusion\n|move|p1b: Drampa|Draco Meteor|p2a: Pelipper\n|-activate|p2a: Pelipper|move: Protect\n|move|p1a: Oranguru|Instruct|p1b: Drampa\n|-singleturn|p1b: Drampa|move: Instruct|[of] p1a: Oranguru\n|-activate|p1b: Drampa|confusion\n|move|p1b: Drampa|Draco Meteor|p2a: Pelipper\n|-activate|p2a: Pelipper|move: Protect\n|move|p2b: Incineroar|Darkest Lariat|p1a: Oranguru\n|-supereffective|p1a: Oranguru|1\n|-damage|p1a: Oranguru|5/100\n|\n|-weather|RainDance|[upkeep]\n|upkeep\n|turn|10\n|inactive|Lessa_ped has 30 seconds left.\n|\n|t:|1776455967\n|-activate|p1b: Drampa|confusion\n|move|p1b: Drampa|Draco Meteor|p2a: Pelipper\n|-damage|p2a: Pelipper|8/100\n|-unboost|p1b: Drampa|spa|2\n|move|p1a: Oranguru|Instruct|p1b: Drampa\n|-singleturn|p1b: Drampa|move: Instruct|[of] p1a: Oranguru\n|-end|p1b: Drampa|confusion\n|move|p1b: Drampa|Draco Meteor|p2a: Pelipper\n|-crit|p2a: Pelipper\n|-damage|p2a: Pelipper|0 fnt\n|-unboost|p1b: Drampa|spa|2\n|faint|p2a: Pelipper\n|move|p2b: Incineroar|Darkest Lariat|p1a: Oranguru\n|-supereffective|p1a: Oranguru|1\n|-damage|p1a: Oranguru|0 fnt\n|faint|p1a: Oranguru\n|\n|-weather|RainDance|[upkeep]\n|-fieldend|move: Trick Room\n|upkeep\n|\n|t:|1776455972\n|switch|p1a: Hatterene|Hatterene, L50, F|100/100\n|turn|11\n|\n|t:|1776455985\n|move|p2b: Incineroar|Darkest Lariat|p1b: Drampa\n|-damage|p1b: Drampa|1/100\n|move|p1b: Drampa|Draco Meteor|p2b: Incineroar\n|-damage|p2b: Incineroar|53/100\n|move|p1a: Hatterene|Dazzling Gleam|p2b: Incineroar\n|-damage|p2b: Incineroar|17/100\n|\n|-weather|RainDance|[upkeep]\n|upkeep\n|turn|12\n|\n|t:|1776455997\n|move|p2b: Incineroar|Darkest Lariat|p1b: Drampa\n|-damage|p1b: Drampa|0 fnt\n|faint|p1b: Drampa\n|move|p1a: Hatterene|Dazzling Gleam|p2b: Incineroar\n|-damage|p2b: Incineroar|0 fnt\n|faint|p2b: Incineroar\n|\n|win|Yslade\n",
  "uploadtime": 1776456000,
  "views": 45,
  "formatid": "gen9championsvgc2026regma",
  "rating": null,
  "private": 0,
  "password": null
}