{
  "id": "gen9championsvgc2026regma-2586767180",
  "format": "[Gen 9 Champions] VGC 2026 Reg M-A",
  "players": [
    "Phillip Blevin",
    "Dirty urine"
  ],
  "log": "|j|\u2606Phillip Blevin\n|j|\u2606Dirty urine\n|t:|1776458290\n|gametype|doubles\n|player|p1|Phillip Blevin|cynthia-masters4|1371\n|player|p2|Dirty urine|102|1363\n|gen|9\n|tier|[Gen 9 Champions] VGC 2026 Reg M-A\n|rated|\n|rule|Species Clause: Limit one of each Pok\u00e9mon\n|rule|Item Clause: Limit 1 of each item\n|clearpoke\n|poke|p1|Froslass, L50, F|\n|poke|p1|Corviknight, L50, F|\n|poke|p1|Gyarados, L50, M|\n|poke|p1|Rotom-Wash, L50|\n|poke|p1|Sneasler, L50, F|\n|poke|p1|Garchomp, L50, M|\n|poke|p2|Tyranitar, L50, F|\n|poke|p2|Milotic, L50, M|\n|poke|p2|Farigiraf, L50, F|\n|poke|p2|Garchomp, L50, F|\n|poke|p2|Sinistcha, L50|\n|poke|p2|Rotom-Wash, L50|\n|teampreview|4\n|inactive|Battle timer is ON: inactive players will automatically lose when time's up. (requested by Phillip Blevin)\nPhillip Blevin has agreed to open team sheets.\n|inactive|Dirty urine has 60 seconds left.\n|\n|t:|1776458339\n|teamsize|p1|4\n|teamsize|p2|4\n|start\n|switch|p1a: Sneasler|Sneasler, L50, F|100/100\n|switch|p1b: Gyarados|Gyarados, L50, M|100/100\n|switch|p2a: Rotom|Rotom-Wash, L50|100/100\n|switch|p2b: Farigiraf|Farigiraf, L50, F|100/100\n|-ability|p1b: Gyarados|Intimidate|boost\n|-unboost|p2a: Rotom|atk|1\n|-unboost|p2b: Farigiraf|atk|1\n|turn|1\n|inactive|Dirty urine has 30 seconds left.\n|\n|t:|1776458368\n|detailschange|p1b: Gyarados|Gyarados-Mega, L50, M\n|-mega|p1b: Gyarados|Gyarados|Gyaradosite\n|-ability|p1b: Gyarados|Mold Breaker\n|move|p1a: Sneasler|Dire Claw|p2b: Farigiraf\n|-damage|p2b: Farigiraf|73/100\n|move|p1b: Gyarados|Crunch|p2b: Farigiraf\n|-supereffective|p2b: Farigiraf|1\n|-damage|p2b: Farigiraf|0 fnt\n|faint|p2b: Farigiraf\n|move|p2a: Rotom|Electroweb|p1a: Sneasler|[spread] p1a,p1b\n|-supereffective|p1b: Gyarados|1\n|-damage|p1a: Sneasler|81/100\n|-damage|p1b: Gyarados|76/100\n|-unboost|p1a: Sneasler|spe|1\n|-unboost|p1b: Gyarados|spe|1\n|\n|upkeep\n|\n|t:|1776458387\n|switch|p2b: Tyranitar|Tyranitar, L50, F|100/100\n|-weather|Sandstorm|[from] ability: Sand Stream|[of] p2b: Tyranitar\n|turn|2\n|\n|t:|1776458394\n|switch|p1b: Rotom|Rotom-Wash, L50|100/100\n|move|p2b: Tyranitar|Protect|p2b: Tyranitar\n|-singleturn|p2b: Tyranitar|Protect\n|move|p1a: Sneasler|Close Combat|p2b: Tyranitar\n|-activate|p2b: Tyranitar|move: Protect\n|move|p2a: Rotom|Will-O-Wisp|p1a: Sneasler\n|-status|p1a: Sneasler|brn\n|\n|-weather|Sandstorm|[upkeep]\n|-damage|p1b: Rotom|95/100|[from] Sandstorm\n|-damage|p1a: Sneasler|75/100 brn|[from] Sandstorm\n|-damage|p2a: Rotom|95/100|[from] Sandstorm\n|-damage|p1a: Sneasler|70/100 brn|[from] brn\n|upkeep\n|turn|3\n|inactive|Dirty urine has 30 seconds left.\n|\n|t:|1776458422\n|switch|p2b: Sinistcha|Sinistcha, L50|100/100\n|-heal|p2a: Rotom|100/100|[from] ability: Hospitality|[of] p2b: Sinistcha\n|move|p1b: Rotom|Volt Switch|p2a: Rotom\n|-damage|p2a: Rotom|79/100\n|\n|t:|1776458427\n|switch|p1b: Froslass|Froslass, L50, F|100/100|[from] Volt Switch\n|move|p1a: Sneasler|Close Combat|p2b: Sinistcha\n|-immune|p2b: Sinistcha\n|move|p2a: Rotom|Electroweb|p1b: Froslass|[spread] p1a,p1b\n|-damage|p1a: Sneasler|50/100 brn\n|-damage|p1b: Froslass|75/100\n|-unboost|p1a: Sneasler|spe|1\n|-unboost|p1b: Froslass|spe|1\n|\n|-weather|Sandstorm|[upkeep]\n|-damage|p1b: Froslass|69/100|[from] Sandstorm\n|-damage|p2a: Rotom|73/100|[from] Sandstorm\n|-damage|p1a: Sneasler|44/100 brn|[from] Sandstorm\n|-damage|p2b: Sinistcha|94/100|[from] Sandstorm\n|-heal|p2b: Sinistcha|100/100|[from] item: Leftovers\n|-damage|p1a: Sneasler|38/100 brn|[from] brn\n|upkeep\n|turn|4\n|inactive|Dirty urine has 30 seconds left.\n|\n|t:|1776458456\n|move|p2b: Sinistcha|Rage Powder|p2b: Sinistcha\n|-singleturn|p2b: Sinistcha|move: Rage Powder\n|move|p1b: Froslass|Shadow Ball|p2b: Sinistcha\n|-supereffective|p2b: Sinistcha|1\n|-damage|p2b: Sinistcha|33/100\n|-unboost|p2b: Sinistcha|spd|1\n|move|p2a: Rotom|Will-O-Wisp|p1b: Froslass\n|-status|p1b: Froslass|brn\n|move|p1a: Sneasler|Dire Claw|p2b: Sinistcha\n|-crit|p2b: Sinistcha\n|-damage|p2b: Sinistcha|10/100\n|\n|-weather|Sandstorm|[upkeep]\n|-damage|p1b: Froslass|63/100 brn|[from] Sandstorm\n|-damage|p2a: Rotom|67/100|[from] Sandstorm\n|-damage|p1a: Sneasler|32/100 brn|[from] Sandstorm\n|-damage|p2b: Sinistcha|4/100|[from] Sandstorm\n|-heal|p2b: Sinistcha|10/100|[from] item: Leftovers\n|-damage|p1b: Froslass|57/100 brn|[from] brn\n|-damage|p1a: Sneasler|26/100 brn|[from] brn\n|upkeep\n|turn|5\n|inactive|Dirty urine has 30 seconds left.\n|\n|t:|1776458482\n|move|p1b: Froslass|Shadow Ball|p2b: Sinistcha\n|-supereffective|p2b: Sinistcha|1\n|-damage|p2b: Sinistcha|0 fnt\n|faint|p2b: Sinistcha\n|move|p2a: Rotom|Electroweb|p1b: Froslass|[spread] p1a,p1b\n|-damage|p1a: Sneasler|6/100 brn\n|-damage|p1b: Froslass|34/100 brn\n|-unboost|p1a: Sneasler|spe|1\n|-unboost|p1b: Froslass|spe|1\n|move|p1a: Sneasler|Close Combat|p2a: Rotom\n|-damage|p2a: Rotom|33/100\n|-unboost|p1a: Sneasler|def|1\n|-unboost|p1a: Sneasler|spd|1\n|-enditem|p2a: Rotom|Sitrus Berry|[eat]\n|-heal|p2a: Rotom|58/100|[from] item: Sitrus Berry\n|\n|-weather|Sandstorm|[upkeep]\n|-damage|p2a: Rotom|52/100|[from] Sandstorm\n|-damage|p1b: Froslass|28/100 brn|[from] Sandstorm\n|-damage|p1a: Sneasler|0 fnt|[from] Sandstorm\n|faint|p1a: Sneasler\n|-damage|p1b: Froslass|22/100 brn|[from] brn\n|upkeep\n|\n|t:|1776458503\n|switch|p1a: Gyarados|Gyarados-Mega, L50, M|76/100\n|switch|p2b: Tyranitar|Tyranitar, L50, F|100/100\n|-ability|p1a: Gyarados|Mold Breaker\n|turn|6\n|\n|t:|1776458514\n|move|p1a: Gyarados|Protect|p1a: Gyarados\n|-singleturn|p1a: Gyarados|Protect\n|move|p2b: Tyranitar|Protect|p2b: Tyranitar\n|-singleturn|p2b: Tyranitar|Protect\n|move|p2a: Rotom|Will-O-Wisp|p1a: Gyarados\n|-activate|p1a: Gyarados|move: Protect\n|move|p1b: Froslass|Shadow Ball|p2a: Rotom\n|-damage|p2a: Rotom|27/100\n|\n|-weather|none\n|-damage|p1b: Froslass|15/100 brn|[from] brn\n|upkeep\n|turn|7\n|\n|t:|1776458530\n|switch|p1a: Rotom|Rotom-Wash, L50|95/100\n|detailschange|p2b: Tyranitar|Tyranitar-Mega, L50, F\n|-mega|p2b: Tyranitar|Tyranitar|Tyranitarite\n|-weather|Sandstorm|[from] ability: Sand Stream|[of] p2b: Tyranitar\n|move|p2a: Rotom|Electroweb|p1a: Rotom|[spread] p1a,p1b\n|-damage|p1a: Rotom|78/100\n|-damage|p1b: Froslass|0 fnt\n|-unboost|p1a: Rotom|spe|1\n|faint|p1b: Froslass\n|move|p2b: Tyranitar|Rock Slide|p1a: Rotom\n|-damage|p1a: Rotom|20/100\n|\n|-weather|Sandstorm|[upkeep]\n|-damage|p1a: Rotom|14/100|[from] Sandstorm\n|-damage|p2a: Rotom|21/100|[from] Sandstorm\n|upkeep\n|\n|t:|1776458538\n|switch|p1b: Gyarados|Gyarados-Mega, L50, M|76/100\n|-ability|p1b: Gyarados|Mold Breaker\n|turn|8\n|\n|t:|1776458557\n|move|p1a: Rotom|Volt Switch|p2a: Rotom\n|-damage|p2a: Rotom|0 fnt\n|faint|p2a: Rotom\n|move|p1b: Gyarados|Waterfall|p2b: Tyranitar\n|-supereffective|p2b: Tyranitar|1\n|-damage|p2b: Tyranitar|36/100\n|move|p2b: Tyranitar|Rock Slide|p1b: Gyarados|[spread] p1a\n|-miss|p2b: Tyranitar|p1b: Gyarados\n|-damage|p1a: Rotom|0 fnt\n|faint|p1a: Rotom\n|\n|-weather|Sandstorm|[upkeep]\n|-damage|p1b: Gyarados|69/100|[from] Sandstorm\n|upkeep\n|turn|9\n|\n|t:|1776458573\n|move|p2b: Tyranitar|Protect|p2b: Tyranitar\n|-singleturn|p2b: Tyranitar|Protect\n|move|p1b: Gyarados|Waterfall|p2b: Tyranitar\n|-activate|p2b: Tyranitar|move: Protect\n|\n|-weather|Sandstorm|[upkeep]\n|-damage|p1b: Gyarados|63/100|[from] Sandstorm\n|upkeep\n|turn|10\n|\n|t:|1776458582\n|move|p1b: Gyarados|Waterfall|p2b: Tyranitar\n|-supereffective|p2b: Tyranitar|1\n|-damage|p2b: Tyranitar|0 fnt\n|faint|p2b: Tyranitar\n|\n|win|Phillip Blevin\n|raw|Phillip Blevin's rating: 1371 &rarr; <strong>1391</strong><br />(+20 for winning)\n|raw|Dirty urine's rating: 1363 &rarr; <strong>1343</strong><br />(-20 for losing)\n",
  "uploadtime": 1776458582,
  "views": 44,
  "formatid": "gen9championsvgc2026regma",
  "rating": 1343,
  "private": 0,
  "password": null
}