{
  "id": "gen9championsvgc2026regma-2582454024",
  "format": "[Gen 9 Champions] VGC 2026 Reg M-A",
  "players": [
    "rajyesh1",
    "Ivanlanderpro"
  ],
  "log": "|j|\u2606rajyesh1\n|j|\u2606Ivanlanderpro\n|t:|1776092724\n|gametype|doubles\n|player|p1|rajyesh1|lucas|1060\n|player|p2|Ivanlanderpro|schoolkid-gen4dp|1000\n|gen|9\n|tier|[Gen 9 Champions] VGC 2026 Reg M-A\n|rated|\n|rule|Species Clause: Limit one of each Pok\u00e9mon\n|rule|Item Clause: Limit 1 of each item\n|clearpoke\n|poke|p1|Mimikyu, L50, M|\n|poke|p1|Farigiraf, L50, F|\n|poke|p1|Torkoal, L50, F|\n|poke|p1|Golurk, L50|\n|poke|p1|Maushold, L50|\n|poke|p1|Decidueye-Hisui, L50, M|\n|poke|p2|Greninja-*, L50, M|\n|poke|p2|Froslass, L50, F|\n|poke|p2|Pelipper, L50, M|\n|poke|p2|Sinistcha, L50|\n|poke|p2|Archaludon, L50, M|\n|poke|p2|Incineroar, L50, M|\n|teampreview|4\n|inactive|Battle timer is ON: inactive players will automatically lose when time's up. (requested by rajyesh1)\n|inactive|rajyesh1 has 60 seconds left.\n|\n|t:|1776092778\n|teamsize|p1|4\n|teamsize|p2|4\n|start\n|switch|p1a: Farigiraf|Farigiraf, L50, F|100/100\n|switch|p1b: Decidueye|Decidueye-Hisui, L50, M, shiny|100/100\n|switch|p2a: Froslass|Froslass, L50, F|100/100\n|switch|p2b: Greninja|Greninja, L50, M, shiny|100/100\n|turn|1\n|inactive|rajyesh1 has 30 seconds left.\n|\n|t:|1776092804\n|switch|p2b: Incineroar|Incineroar, L50, M|100/100\n|-ability|p2b: Incineroar|Intimidate|boost\n|-unboost|p1a: Farigiraf|atk|1\n|-unboost|p1b: Decidueye|atk|1\n|detailschange|p2a: Froslass|Froslass-Mega, L50, F\n|-mega|p2a: Froslass|Froslass|Froslassite\n|-weather|Snowscape|[from] ability: Snow Warning|[of] p2a: Froslass\n|move|p2a: Froslass|Aurora Veil|p2a: Froslass\n|-sidestart|p2: Ivanlanderpro|move: Aurora Veil\n|move|p1b: Decidueye|Knock Off|p2a: Froslass\n|-supereffective|p2a: Froslass|1\n|-damage|p2a: Froslass|81/100\n|move|p1a: Farigiraf|Trick Room|p1a: Farigiraf\n|-fieldstart|move: Trick Room|[of] p1a: Farigiraf\n|\n|-weather|Snowscape|[upkeep]\n|upkeep\n|turn|2\n|\n|t:|1776092827\n|move|p1a: Farigiraf|Helping Hand|p1b: Decidueye\n|-singleturn|p1b: Decidueye|Helping Hand|[of] p1a: Farigiraf\n|move|p1b: Decidueye|Triple Arrows|p2b: Incineroar\n|-supereffective|p2b: Incineroar|1\n|-damage|p2b: Incineroar|36/100\n|-unboost|p2b: Incineroar|def|1\n|move|p2b: Incineroar|Darkest Lariat|p1a: Farigiraf\n|-supereffective|p1a: Farigiraf|1\n|-enditem|p1a: Farigiraf|Colbur Berry|[eat]\n|-enditem|p1a: Farigiraf|Colbur Berry|[weaken]\n|-damage|p1a: Farigiraf|72/100\n|move|p2a: Froslass|Blizzard|p1b: Decidueye|[spread] p1a,p1b\n|-supereffective|p1b: Decidueye|1\n|-damage|p1a: Farigiraf|24/100\n|-damage|p1b: Decidueye|11/100\n|\n|-weather|Snowscape|[upkeep]\n|upkeep\n|turn|3\n|\n|t:|1776092850\n|switch|p1a: Torkoal|Torkoal, L50, F|100/100\n|-weather|SunnyDay|[from] ability: Drought|[of] p1a: Torkoal\n|move|p2b: Incineroar|Helping Hand|p2a: Froslass\n|-singleturn|p2a: Froslass|Helping Hand|[of] p2b: Incineroar\n|move|p1b: Decidueye|Triple Arrows|p2b: Incineroar\n|-supereffective|p2b: Incineroar|1\n|-damage|p2b: Incineroar|0 fnt\n|faint|p2b: Incineroar\n|move|p2a: Froslass|Blizzard|p1a: Torkoal|[spread] p1a\n|-miss|p2a: Froslass|p1b: Decidueye\n|-resisted|p1a: Torkoal|1\n|-damage|p1a: Torkoal|52/100\n|\n|-weather|SunnyDay|[upkeep]\n|upkeep\n|\n|t:|1776092855\n|switch|p2b: Greninja|Greninja, L50, M, shiny|100/100\n|turn|4\n|inactive|Ivanlanderpro has 30 seconds left.\n|inactive|rajyesh1 has 30 seconds left.\n|\n|t:|1776092886\n|switch|p2a: Archaludon|Archaludon, L50, M|100/100\n|move|p1a: Torkoal|Eruption|p2a: Archaludon|[spread] p2a,p2b\n|-resisted|p2b: Greninja|1\n|-damage|p2a: Archaludon|67/100\n|-damage|p2b: Greninja|78/100\n|-ability|p2a: Archaludon|Stamina|boost\n|-boost|p2a: Archaludon|def|1\n|move|p1b: Decidueye|Close Combat|p2b: Greninja\n|-supereffective|p2b: Greninja|1\n|-damage|p2b: Greninja|0 fnt\n|-unboost|p1b: Decidueye|def|1\n|-unboost|p1b: Decidueye|spd|1\n|faint|p2b: Greninja\n|\n|-weather|SunnyDay|[upkeep]\n|-heal|p2a: Archaludon|73/100|[from] item: Leftovers\n|upkeep\n|\n|t:|1776092889\n|switch|p2b: Froslass|Froslass-Mega, L50, F|81/100\n|-weather|Snowscape|[from] ability: Snow Warning|[of] p2b: Froslass\n|turn|5\n|\n|t:|1776092911\n|move|p1a: Torkoal|Eruption|p2a: Archaludon|[spread] p2a,p2b\n|-supereffective|p2b: Froslass|1\n|-damage|p2a: Archaludon|51/100\n|-damage|p2b: Froslass|40/100\n|-ability|p2a: Archaludon|Stamina|boost\n|-boost|p2a: Archaludon|def|1\n|move|p1b: Decidueye|Close Combat|p2a: Archaludon\n|-supereffective|p2a: Archaludon|1\n|-crit|p2a: Archaludon\n|-damage|p2a: Archaludon|0 fnt\n|-unboost|p1b: Decidueye|def|1\n|-unboost|p1b: Decidueye|spd|1\n|faint|p2a: Archaludon\n|move|p2b: Froslass|Blizzard|p1a: Torkoal|[spread] p1a,p1b\n|-resisted|p1a: Torkoal|1\n|-supereffective|p1b: Decidueye|1\n|-damage|p1a: Torkoal|18/100\n|-damage|p1b: Decidueye|0 fnt\n|faint|p1b: Decidueye\n|\n|-weather|Snowscape|[upkeep]\n|-sideend|p2: Ivanlanderpro|move: Aurora Veil\n|-fieldend|move: Trick Room\n|upkeep\n|inactive|rajyesh1 has 30 seconds left.\n|\n|t:|1776092945\n|switch|p1b: Farigiraf|Farigiraf, L50, F|24/100\n|turn|6\n|\n|t:|1776092964\n|switch|p1a: Golurk|Golurk, L50, shiny|100/100\n|move|p2b: Froslass|Blizzard|p1a: Golurk|[spread] p1a,p1b\n|-supereffective|p1a: Golurk|1\n|-damage|p1a: Golurk|0 fnt\n|-damage|p1b: Farigiraf|0 fnt\n|faint|p1a: Golurk\n|faint|p1b: Farigiraf\n|\n|-weather|Snowscape|[upkeep]\n|upkeep\n|\n|t:|1776092970\n|switch|p1b: Torkoal|Torkoal, L50, F|18/100\n|-weather|SunnyDay|[from] ability: Drought|[of] p1b: Torkoal\n|turn|7\n|\n|t:|1776092975\n|move|p2b: Froslass|Shadow Ball|p1b: Torkoal\n|-damage|p1b: Torkoal|0 fnt\n|faint|p1b: Torkoal\n|\n|win|Ivanlanderpro\n|raw|rajyesh1's rating: 1060 &rarr; <strong>1038</strong><br />(-22 for losing)\n|raw|Ivanlanderpro's rating: 1000 &rarr; <strong>1047</strong><br />(+47 for winning)\n",
  "uploadtime": 1776092979,
  "views": 9,
  "formatid": "gen9championsvgc2026regma",
  "rating": 1038,
  "private": 0,
  "password": null
}