{
  "id": "gen9championsvgc2026regma-2582228516",
  "format": "[Gen 9 Champions] VGC 2026 Reg M-A",
  "players": [
    "mrw1sh",
    "BigRoflet"
  ],
  "log": "|j|\u2606mrw1sh\n|j|\u203dBigRoflet\n|t:|1776073734\n|gametype|doubles\n|player|p1|mrw1sh|265|1013\n|player|p2|BigRoflet|harlequin|1062\n|gen|9\n|tier|[Gen 9 Champions] VGC 2026 Reg M-A\n|rated|\n|rule|Species Clause: Limit one of each Pok\u00e9mon\n|rule|Item Clause: Limit 1 of each item\n|clearpoke\n|poke|p1|Garchomp, L50, F|\n|poke|p1|Incineroar, L50, F|\n|poke|p1|Farigiraf, L50, F|\n|poke|p1|Sylveon, L50, F|\n|poke|p1|Tyranitar, L50, M|\n|poke|p1|Dragonite, L50, M|\n|poke|p2|Sneasler, L50, F|\n|poke|p2|Feraligatr, L50, M|\n|poke|p2|Aerodactyl, L50, M|\n|poke|p2|Incineroar, L50, M|\n|poke|p2|Sinistcha, L50|\n|poke|p2|Orthworm, L50, M|\n|teampreview|4\n|\n|t:|1776073753\n|teamsize|p1|4\n|teamsize|p2|4\n|start\n|switch|p1a: Incineroar|Incineroar, L50, F|100/100\n|switch|p1b: Farigiraf|Farigiraf, L50, F|100/100\n|switch|p2a: Orthworm|Orthworm, L50, M|100/100\n|switch|p2b: Incineroar|Incineroar, L50, M|100/100\n|-ability|p1a: Incineroar|Intimidate|boost\n|-unboost|p2a: Orthworm|atk|1\n|-unboost|p2b: Incineroar|atk|1\n|-ability|p2b: Incineroar|Intimidate|boost\n|-unboost|p1a: Incineroar|atk|1\n|-unboost|p1b: Farigiraf|atk|1\n|turn|1\n|\n|t:|1776073787\n|switch|p2a: Sinistcha|Sinistcha, L50|100/100\n|move|p1a: Incineroar|Fake Out|p2b: Incineroar\n|-damage|p2b: Incineroar|92/100\n|cant|p2b: Incineroar|flinch\n|move|p1b: Farigiraf|Trick Room|p1b: Farigiraf\n|-fieldstart|move: Trick Room|[of] p1b: Farigiraf\n|\n|upkeep\n|turn|2\n|\n|t:|1776073810\n|move|p1b: Farigiraf|Protect|p1b: Farigiraf\n|-singleturn|p1b: Farigiraf|Protect\n|move|p2b: Incineroar|Parting Shot|p1b: Farigiraf\n|-activate|p1b: Farigiraf|move: Protect\n|move|p1a: Incineroar|Parting Shot|p2b: Incineroar\n|-unboost|p2b: Incineroar|atk|1\n|-unboost|p2b: Incineroar|spa|1\n|\n|t:|1776073828\n|switch|p1a: Garchomp|Garchomp, L50, F|100/100|[from] Parting Shot\n|move|p2a: Sinistcha|Matcha Gotcha|p1a: Garchomp|[spread] p1a\n|-activate|p1b: Farigiraf|move: Protect\n|-damage|p1a: Garchomp|76/100\n|\n|upkeep\n|turn|3\n|\n|t:|1776073862\n|detailschange|p1a: Garchomp|Garchomp-Mega, L50, F\n|-mega|p1a: Garchomp|Garchomp|Garchompite\n|move|p2b: Incineroar|Parting Shot|p1b: Farigiraf\n|-unboost|p1b: Farigiraf|atk|1\n|-unboost|p1b: Farigiraf|spa|1\n|\n|t:|1776073872\n|switch|p2b: Orthworm|Orthworm, L50, M|100/100|[from] Parting Shot\n|move|p1b: Farigiraf|Hyper Voice|p2a: Sinistcha|[spread] p2b\n|-immune|p2a: Sinistcha\n|-resisted|p2b: Orthworm|1\n|-damage|p2b: Orthworm|89/100\n|move|p2a: Sinistcha|Strength Sap|p1a: Garchomp\n|-unboost|p1a: Garchomp|atk|1\n|move|p1a: Garchomp|Dragon Claw|p2a: Sinistcha\n|-damage|p2a: Sinistcha|71/100\n|\n|-heal|p2a: Sinistcha|77/100|[from] item: Leftovers\n|upkeep\n|turn|4\n|inactive|Battle timer is ON: inactive players will automatically lose when time's up. (requested by BigRoflet)\n|l|\u203dBigRoflet\n|inactive|BigRoflet disconnected and has a minute to reconnect!\n|player|p2|\n|j|\u203dBigRoflet\n|inactive|BigRoflet reconnected.\n|player|p2|BigRoflet|harlequin|\n|n|\u203dBigRoflet|bigroflet\n|inactive|mrw1sh has 60 seconds left.\n|\n|t:|1776073996\n|switch|p1b: Tyranitar|Tyranitar, L50, M|100/100\n|-weather|Sandstorm|[from] ability: Sand Stream|[of] p1b: Tyranitar\n|move|p2b: Orthworm|Rock Slide|p1a: Garchomp|[spread] p1a,p1b\n|-resisted|p1a: Garchomp|1\n|-damage|p1a: Garchomp|72/100\n|-damage|p1b: Tyranitar|92/100\n|move|p2a: Sinistcha|Matcha Gotcha|p1b: Tyranitar|[spread] p1a,p1b\n|-supereffective|p1b: Tyranitar|1\n|-damage|p1a: Garchomp|51/100\n|-heal|p2a: Sinistcha|90/100|[from] drain|[of] p1a: Garchomp\n|-damage|p1b: Tyranitar|66/100\n|-heal|p2a: Sinistcha|100/100|[from] drain|[of] p1b: Tyranitar\n|move|p1a: Garchomp|Dragon Claw|p2a: Sinistcha\n|-damage|p2a: Sinistcha|68/100\n|\n|-weather|Sandstorm|[upkeep]\n|-damage|p2a: Sinistcha|61/100|[from] Sandstorm\n|-heal|p1b: Tyranitar|72/100|[from] item: Leftovers\n|-heal|p2a: Sinistcha|68/100|[from] item: Leftovers\n|upkeep\n|turn|5\n|inactive|mrw1sh has 30 seconds left.\n|inactive|BigRoflet has 30 seconds left.\n|\n|t:|1776074031\n|switch|p2a: Incineroar|Incineroar, L50, M|92/100\n|-ability|p2a: Incineroar|Intimidate|boost\n|-unboost|p1a: Garchomp|atk|1\n|-unboost|p1b: Tyranitar|atk|1\n|move|p1a: Garchomp|Protect|p1a: Garchomp\n|-singleturn|p1a: Garchomp|Protect\n|move|p1b: Tyranitar|Knock Off|p2a: Incineroar\n|-resisted|p2a: Incineroar|1\n|-damage|p2a: Incineroar|76/100\n|-enditem|p2a: Incineroar|Charcoal|[from] move: Knock Off|[of] p1b: Tyranitar\n|move|p2b: Orthworm|Body Press|p1b: Tyranitar\n|-supereffective|p1b: Tyranitar|2\n|-damage|p1b: Tyranitar|0 fnt\n|faint|p1b: Tyranitar\n|\n|-weather|Sandstorm|[upkeep]\n|-damage|p2a: Incineroar|70/100|[from] Sandstorm\n|-fieldend|move: Trick Room\n|upkeep\n|\n|t:|1776074051\n|switch|p1b: Farigiraf|Farigiraf, L50, F|100/100\n|turn|6\n|\n|t:|1776074064\n|switch|p1a: Incineroar|Incineroar, L50, F|100/100\n|-ability|p1a: Incineroar|Intimidate|boost\n|-unboost|p2a: Incineroar|atk|1\n|-unboost|p2b: Orthworm|atk|1\n|move|p2b: Orthworm|Shed Tail|p2b: Orthworm\n|-start|p2b: Orthworm|Substitute|[from] move: Shed Tail\n|-damage|p2b: Orthworm|39/100\n|-enditem|p2b: Orthworm|Sitrus Berry|[eat]\n|-heal|p2b: Orthworm|64/100|[from] item: Sitrus Berry\n|\n|t:|1776074078\n|switch|p2b: Feraligatr|Feraligatr, L50, M|100/100|[from] Shed Tail\n|move|p2a: Incineroar|Parting Shot|p1b: Farigiraf\n|-unboost|p1b: Farigiraf|atk|1\n|-unboost|p1b: Farigiraf|spa|1\n|\n|t:|1776074087\n|switch|p2a: Orthworm|Orthworm, L50, M|64/100|[from] Parting Shot\n|move|p1b: Farigiraf|Trick Room|p1b: Farigiraf\n|-fieldstart|move: Trick Room|[of] p1b: Farigiraf\n|\n|-weather|Sandstorm|[upkeep]\n|-damage|p1b: Farigiraf|94/100|[from] Sandstorm\n|-damage|p1a: Incineroar|94/100|[from] Sandstorm\n|-damage|p2b: Feraligatr|94/100|[from] Sandstorm\n|upkeep\n|turn|7\n|inactive|BigRoflet has 30 seconds left.\n|inactive|BigRoflet has 20 seconds left.\n|\n|t:|1776074125\n|detailschange|p2b: Feraligatr|Feraligatr-Mega, L50, M\n|-mega|p2b: Feraligatr|Feraligatr|Feraligite\n|move|p1b: Farigiraf|Hyper Voice|p2a: Orthworm|[spread] p2a,p2b\n|-resisted|p2a: Orthworm|1\n|-damage|p2a: Orthworm|52/100\n|-damage|p2b: Feraligatr|74/100\n|move|p2a: Orthworm|Rock Slide|p1b: Farigiraf|[spread] p1a\n|-miss|p2a: Orthworm|p1b: Farigiraf\n|-supereffective|p1a: Incineroar|1\n|-damage|p1a: Incineroar|71/100\n|move|p1a: Incineroar|Parting Shot|p2b: Feraligatr\n|-unboost|p2b: Feraligatr|atk|1\n|-unboost|p2b: Feraligatr|spa|1\n|\n|t:|1776074136\n|switch|p1a: Garchomp|Garchomp-Mega, L50, F|51/100|[from] Parting Shot\n|move|p2b: Feraligatr|Double-Edge|p1b: Farigiraf\n|-damage|p1b: Farigiraf|38/100\n|-damage|p2b: Feraligatr|47/100|[from] Recoil\n|\n|-weather|Sandstorm|[upkeep]\n|-damage|p1b: Farigiraf|32/100|[from] Sandstorm\n|-damage|p2b: Feraligatr|41/100|[from] Sandstorm\n|upkeep\n|turn|8\n|\n|t:|1776074154\n|switch|p2a: Incineroar|Incineroar, L50, M|70/100\n|-ability|p2a: Incineroar|Intimidate|boost\n|-unboost|p1a: Garchomp|atk|1\n|-unboost|p1b: Farigiraf|atk|1\n|switch|p1a: Incineroar|Incineroar, L50, F|71/100\n|-ability|p1a: Incineroar|Intimidate|boost\n|-unboost|p2a: Incineroar|atk|1\n|-immune|p2b: Feraligatr\n|move|p1b: Farigiraf|Hyper Voice|p2b: Feraligatr|[spread] p2a,p2b\n|-damage|p2a: Incineroar|51/100\n|-damage|p2b: Feraligatr|24/100\n|move|p2b: Feraligatr|Double-Edge|p1a: Incineroar\n|-damage|p1a: Incineroar|16/100\n|-enditem|p1a: Incineroar|Sitrus Berry|[eat]\n|-heal|p1a: Incineroar|41/100|[from] item: Sitrus Berry\n|-damage|p2b: Feraligatr|2/100|[from] Recoil\n|\n|-weather|none\n|upkeep\n|turn|9\n|inactive|mrw1sh has 30 seconds left.\n|\n|t:|1776074184\n|switch|p2a: Sinistcha|Sinistcha, L50|68/100\n|-heal|p2b: Feraligatr|27/100|[from] ability: Hospitality|[of] p2a: Sinistcha\n|move|p2b: Feraligatr|Protect|p2b: Feraligatr\n|-singleturn|p2b: Feraligatr|Protect\n|move|p1a: Incineroar|Fake Out|p2a: Sinistcha\n|-immune|p2a: Sinistcha\n|move|p1b: Farigiraf|Hyper Voice|p2a: Sinistcha|[spread] \n|-activate|p2b: Feraligatr|move: Protect\n|-immune|p2a: Sinistcha\n|\n|-heal|p2a: Sinistcha|74/100|[from] item: Leftovers\n|upkeep\n|turn|10\n|\n|t:|1776074207\n|switch|p2a: Incineroar|Incineroar, L50, M|51/100\n|-ability|p2a: Incineroar|Intimidate|boost\n|-unboost|p1a: Incineroar|atk|1\n|-unboost|p1b: Farigiraf|atk|1\n|switch|p2b: Orthworm|Orthworm, L50, M|52/100\n|move|p1b: Farigiraf|Hyper Voice|p2b: Orthworm|[spread] p2a,p2b\n|-resisted|p2b: Orthworm|1\n|-damage|p2a: Incineroar|30/100\n|-damage|p2b: Orthworm|41/100\n|move|p1a: Incineroar|Flare Blitz|p2a: Incineroar\n|-resisted|p2a: Incineroar|1\n|-damage|p2a: Incineroar|14/100\n|-damage|p1a: Incineroar|35/100|[from] Recoil\n|\n|-fieldend|move: Trick Room\n|upkeep\n|turn|11\n|inactive|BigRoflet has 30 seconds left.\n|\n|t:|1776074243\n|switch|p2b: Feraligatr|Feraligatr-Mega, L50, M|27/100\n|switch|p2a: Sinistcha|Sinistcha, L50|74/100\n|-heal|p2b: Feraligatr|52/100|[from] ability: Hospitality|[of] p2a: Sinistcha\n|move|p1a: Incineroar|Parting Shot|p2a: Sinistcha\n|-unboost|p2a: Sinistcha|atk|1\n|-unboost|p2a: Sinistcha|spa|1\n|\n|t:|1776074252\n|switch|p1a: Garchomp|Garchomp-Mega, L50, F|51/100|[from] Parting Shot\n|move|p1b: Farigiraf|Trick Room|p1b: Farigiraf\n|-fieldstart|move: Trick Room|[of] p1b: Farigiraf\n|\n|-heal|p2a: Sinistcha|80/100|[from] item: Leftovers\n|upkeep\n|turn|12\n|\n|t:|1776074275\n|switch|p1b: Incineroar|Incineroar, L50, F|35/100\n|-ability|p1b: Incineroar|Intimidate|boost\n|-unboost|p2a: Sinistcha|atk|1\n|-unboost|p2b: Feraligatr|atk|1\n|switch|p2a: Incineroar|Incineroar, L50, M|14/100\n|-ability|p2a: Incineroar|Intimidate|boost\n|-unboost|p1a: Garchomp|atk|1\n|-unboost|p1b: Incineroar|atk|1\n|switch|p2b: Orthworm|Orthworm, L50, M|41/100\n|move|p1a: Garchomp|Dragon Claw|p2b: Orthworm\n|-resisted|p2b: Orthworm|1\n|-damage|p2b: Orthworm|27/100\n|\n|upkeep\n|turn|13\n|inactive|mrw1sh has 30 seconds left.\n|inactive|BigRoflet has 30 seconds left.\n|\n|t:|1776074303\n|switch|p2a: Sinistcha|Sinistcha, L50|80/100\n|-heal|p2b: Orthworm|52/100|[from] ability: Hospitality|[of] p2a: Sinistcha\n|switch|p1b: Farigiraf|Farigiraf, L50, F|32/100\n|move|p2b: Orthworm|Rock Slide|p1a: Garchomp|[spread] p1a\n|-miss|p2b: Orthworm|p1b: Farigiraf\n|-resisted|p1a: Garchomp|1\n|-crit|p1a: Garchomp\n|-damage|p1a: Garchomp|46/100\n|cant|p1a: Garchomp|flinch\n|\n|-heal|p2a: Sinistcha|86/100|[from] item: Leftovers\n|upkeep\n|turn|14\n|inactive|BigRoflet has 30 seconds left.\n|\n|t:|1776074337\n|move|p1b: Farigiraf|Hyper Voice|p2a: Sinistcha|[spread] p2b\n|-immune|p2a: Sinistcha\n|-resisted|p2b: Orthworm|1\n|-damage|p2b: Orthworm|32/100\n|move|p2b: Orthworm|Body Press|p1a: Garchomp\n|-damage|p1a: Garchomp|25/100\n|move|p2a: Sinistcha|Matcha Gotcha|p1a: Garchomp|[spread] p1a,p1b\n|-damage|p1a: Garchomp|4/100\n|-heal|p2a: Sinistcha|99/100|[from] drain|[of] p1a: Garchomp\n|-damage|p1b: Farigiraf|7/100\n|-heal|p2a: Sinistcha|100/100|[from] drain|[of] p1b: Farigiraf\n|move|p1a: Garchomp|Dragon Claw|p2a: Sinistcha\n|-damage|p2a: Sinistcha|71/100\n|\n|-heal|p2a: Sinistcha|77/100|[from] item: Leftovers\n|upkeep\n|turn|15\n|-message|mrw1sh forfeited.\n|\n|win|BigRoflet\n|raw|mrw1sh's rating: 1013 &rarr; <strong>1003</strong><br />(-10 for losing)\n|raw|BigRoflet's rating: 1062 &rarr; <strong>1088</strong><br />(+26 for winning)\n|l|\u2606mrw1sh\n|player|p1|\n",
  "uploadtime": 1776074359,
  "views": 31,
  "formatid": "gen9championsvgc2026regma",
  "rating": 1003,
  "private": 0,
  "password": null
}