{
  "id": "gen9championsvgc2026regma-2587714774",
  "format": "[Gen 9 Champions] VGC 2026 Reg M-A",
  "players": [
    "OscarPiastriVGC",
    "TStorm"
  ],
  "log": "|j|\u2606OscarPiastriVGC\n|j|\u2606TStorm\n|t:|1776556663\n|gametype|doubles\n|player|p1|OscarPiastriVGC|170|\n|player|p2|TStorm|chuck|\n|gen|9\n|tier|[Gen 9 Champions] VGC 2026 Reg M-A\n|rated|Tournament battle\n|rule|Species Clause: Limit one of each Pok\u00e9mon\n|rule|Item Clause: Limit 1 of each item\n|raw|<div class=\"infobox\"><details class=\"readmore\" open><summary><strong>1 custom rule:</strong></summary> Force Open Team Sheets</details></div>\n|clearpoke\n|poke|p1|Charizard, L50, M|\n|poke|p1|Garchomp, L50, M|\n|poke|p1|Whimsicott, L50, F|\n|poke|p1|Sneasler, L50, M|\n|poke|p1|Incineroar, L50, M|\n|poke|p1|Rotom-Wash, L50, shiny|\n|poke|p2|Froslass, L50, F|\n|poke|p2|Sneasler, L50, F|\n|poke|p2|Kingambit, L50, F|\n|poke|p2|Clefable, L50, M|\n|poke|p2|Basculegion, L50, M|\n|poke|p2|Rotom-Heat, L50|\n|teampreview|4\n|showteam|p1|Charizard||CharizarditeY|Blaze|HeatWave,Overheat,SolarBeam,Protect|||M|||50|]Garchomp||HabanBerry|RoughSkin|Earthquake,DragonClaw,RockSlide,Protect|||M|||50|]Whimsicott||FocusSash|Prankster|Moonblast,Tailwind,SunnyDay,Encore|||F|||50|]Sneasler||WhiteHerb|Unburden|CloseCombat,DireClaw,FakeOut,Protect|||M|||50|]Incineroar||SitrusBerry|Intimidate|FlareBlitz,ThroatChop,PartingShot,FakeOut|||M|||50|]Rotom-Wash||ChoiceScarf|Levitate|Thunderbolt,HydroPump,Electroweb,VoltSwitch||||||50|\n|showteam|p2|Froslass||Froslassite|SnowCloak|Blizzard,ShadowBall,AuroraVeil,Protect|||F|||50|]Sneasler||FocusSash|Unburden|DireClaw,CloseCombat,FakeOut,Protect|||F|||50|]Kingambit||ChopleBerry|Defiant|KowtowCleave,SwordsDance,SuckerPunch,Protect|||F|||50|]Clefable||SitrusBerry|Unaware|Moonblast,HelpingHand,FollowMe,Protect|||M|||50|]Basculegion||ChoiceScarf|Adaptability|WaveCrash,LastRespects,AquaJet,FlipTurn|||M|||50|]Rotom-Heat||PasshoBerry|Levitate|Overheat,Thunderbolt,WillOWisp,Protect||||||50|\n|inactive|Battle timer is ON: inactive players will automatically lose when time's up. (requested by OscarPiastriVGC)\n|j| TheMerryMadman77\n|c|\u2606TStorm|Glhf\n|c|\u2606OscarPiastriVGC|u2\nTStorm rejected open team sheets.\n|inactive|OscarPiastriVGC has 60 seconds left.\n|inactive|TStorm has 60 seconds left.\n|j|+holdingb\n|\n|t:|1776556719\n|teamsize|p1|4\n|teamsize|p2|4\n|start\n|switch|p1a: Rotom|Rotom-Wash, L50, shiny|100/100\n|switch|p1b: Charizard|Charizard, L50, M|100/100\n|switch|p2a: Rotom|Rotom-Heat, L50|100/100\n|switch|p2b: Basculegion|Basculegion, L50, M|100/100\n|turn|1\n|\n|t:|1776556742\n|detailschange|p1b: Charizard|Charizard-Mega-Y, L50, M\n|-mega|p1b: Charizard|Charizard|Charizardite Y\n|-weather|SunnyDay|[from] ability: Drought|[of] p1b: Charizard\n|move|p1a: Rotom|Electroweb|p2b: Basculegion|[spread] p2a,p2b\n|-resisted|p2a: Rotom|1\n|-supereffective|p2b: Basculegion|1\n|-damage|p2a: Rotom|90/100\n|-damage|p2b: Basculegion|55/100\n|-unboost|p2a: Rotom|spe|1\n|-unboost|p2b: Basculegion|spe|1\n|move|p1b: Charizard|Solar Beam||[still]\n|-prepare|p1b: Charizard|Solar Beam\n|-anim|p1b: Charizard|Solar Beam|p2b: Basculegion\n|-supereffective|p2b: Basculegion|1\n|-damage|p2b: Basculegion|0 fnt\n|faint|p2b: Basculegion\n|move|p2a: Rotom|Thunderbolt|p1a: Rotom\n|-damage|p1a: Rotom|42/100\n|\n|-weather|SunnyDay|[upkeep]\n|upkeep\n|\n|t:|1776556761\n|switch|p2b: Froslass|Froslass, L50, F|100/100\n|turn|2\n|\n|t:|1776556775\n|move|p2b: Froslass|Protect|p2b: Froslass\n|-singleturn|p2b: Froslass|Protect\n|move|p1a: Rotom|Electroweb|p2b: Froslass|[spread] p2a\n|-activate|p2b: Froslass|move: Protect\n|-resisted|p2a: Rotom|1\n|-damage|p2a: Rotom|81/100\n|-unboost|p2a: Rotom|spe|1\n|move|p1b: Charizard|Heat Wave|p2b: Froslass|[spread] p2a\n|-activate|p2b: Froslass|move: Protect\n|-resisted|p2a: Rotom|1\n|-damage|p2a: Rotom|50/100\n|move|p2a: Rotom|Thunderbolt|p1b: Charizard\n|-supereffective|p1b: Charizard|1\n|-damage|p1b: Charizard|20/100\n|\n|-weather|SunnyDay|[upkeep]\n|upkeep\n|turn|3\n|\n|t:|1776556799\n|switch|p2b: Sneasler|Sneasler, L50, F|100/100\n|move|p1b: Charizard|Protect|p1b: Charizard\n|-singleturn|p1b: Charizard|Protect\n|move|p1a: Rotom|Electroweb|p2a: Rotom|[spread] p2a,p2b\n|-resisted|p2a: Rotom|1\n|-damage|p2a: Rotom|40/100\n|-damage|p2b: Sneasler|73/100\n|-unboost|p2a: Rotom|spe|1\n|-unboost|p2b: Sneasler|spe|1\n|move|p2a: Rotom|Thunderbolt|p1a: Rotom\n|-damage|p1a: Rotom|0 fnt\n|faint|p1a: Rotom\n|\n|-weather|SunnyDay|[upkeep]\n|upkeep\n|j|@Radio Free C-Side\n|j| lSuis\n|\n|t:|1776556808\n|switch|p1a: Sneasler|Sneasler, L50, M|100/100\n|turn|4\n|l|@Radio Free C-Side\n|\n|t:|1776556821\n|switch|p1b: Garchomp|Garchomp, L50, M|100/100\n|move|p2b: Sneasler|Protect|p2b: Sneasler\n|-singleturn|p2b: Sneasler|Protect\n|move|p1a: Sneasler|Close Combat|p2a: Rotom\n|-damage|p2a: Rotom|0 fnt\n|-unboost|p1a: Sneasler|def|1\n|-unboost|p1a: Sneasler|spd|1\n|faint|p2a: Rotom\n|-enditem|p1a: Sneasler|White Herb\n|-clearnegativeboost|p1a: Sneasler|[silent]\n|\n|-weather|SunnyDay|[upkeep]\n|upkeep\n|\n|t:|1776556829\n|switch|p2a: Froslass|Froslass, L50, F|100/100\n|turn|5\n|j| Finnizard\n|\n|t:|1776556840\n|detailschange|p2a: Froslass|Froslass-Mega, L50, F\n|-mega|p2a: Froslass|Froslass|Froslassite\n|-weather|Snowscape|[from] ability: Snow Warning|[of] p2a: Froslass\n|move|p1b: Garchomp|Protect|p1b: Garchomp\n|-singleturn|p1b: Garchomp|Protect\n|move|p1a: Sneasler|Dire Claw|p2a: Froslass\n|-resisted|p2a: Froslass|1\n|-damage|p2a: Froslass|78/100\n|move|p2a: Froslass|Blizzard|p1a: Sneasler|[spread] p1a\n|-activate|p1b: Garchomp|move: Protect\n|-damage|p1a: Sneasler|37/100\n|move|p2b: Sneasler|Dire Claw|p1a: Sneasler\n|-resisted|p1a: Sneasler|1\n|-damage|p1a: Sneasler|0 fnt\n|faint|p1a: Sneasler\n|\n|-weather|Snowscape|[upkeep]\n|upkeep\n|\n|t:|1776556843\n|switch|p1a: Charizard|Charizard-Mega-Y, L50, M|20/100\n|-weather|SunnyDay|[from] ability: Drought|[of] p1a: Charizard\n|turn|6\n|\n|t:|1776556861\n|move|p2a: Froslass|Blizzard|p1a: Charizard|[spread] p1a,p1b\n|-supereffective|p1b: Garchomp|2\n|-damage|p1a: Charizard|0 fnt\n|-damage|p1b: Garchomp|0 fnt\n|faint|p1a: Charizard\n|faint|p1b: Garchomp\n|\n|win|TStorm\n|n|\u2606OscarPiastriVGC|oscarpiastrivgc\n|n|\u2606TStorm|tstorm\n|n| TheMerryMadman77|themerrymadman77\n|n| holdingb|holdingb\n|n| lSuis|lsuis\n|n| Finnizard|finnizard\n|c|\u2606OscarPiastriVGC|gg\n|l|\u2606OscarPiastriVGC\n|player|p1|\n|l| TheMerryMadman77\n|c|\u2606TStorm|Ggs\n|l| lSuis\n|l| Finnizard\n",
  "uploadtime": 1776556861,
  "views": 29,
  "formatid": "gen9championsvgc2026regma",
  "rating": null,
  "private": 0,
  "password": null
}