{
  "id": "gen9championsvgc2026regma-2588699552",
  "format": "[Gen 9 Champions] VGC 2026 Reg M-A",
  "players": [
    "AiMeat",
    "moaxox"
  ],
  "log": "|j|\u2606AiMeat\n|j|\u2606moaxox\n|t:|1776659207\n|gametype|doubles\n|player|p1|AiMeat|170|1155\n|player|p2|moaxox|1|1088\n|gen|9\n|tier|[Gen 9 Champions] VGC 2026 Reg M-A\n|rated|\n|rule|Species Clause: Limit one of each Pok\u00e9mon\n|rule|Item Clause: Limit 1 of each item\n|clearpoke\n|poke|p1|Incineroar, L50, M|\n|poke|p1|Hatterene, L50, F, shiny|\n|poke|p1|Farigiraf, L50, M|\n|poke|p1|Torkoal, L50, F, shiny|\n|poke|p1|Kingambit, L50, M|\n|poke|p1|Charizard, L50, M|\n|poke|p2|Weavile, L50, M|\n|poke|p2|Sneasler, L50, F|\n|poke|p2|Lucario, L50, M, shiny|\n|poke|p2|Aerodactyl, L50, F|\n|poke|p2|Milotic, L50, M|\n|poke|p2|Zoroark-Hisui, L50, M|\n|teampreview|4\n|\n|t:|1776659258\n|teamsize|p1|4\n|teamsize|p2|4\n|start\n|switch|p1a: Charizard|Charizard, L50, M|100/100\n|switch|p1b: Farigiraf|Farigiraf, L50, M|100/100\n|switch|p2a: Milotic|Milotic, L50, M|100/100\n|switch|p2b: Aerodactyl|Aerodactyl, L50, F|100/100\n|turn|1\n|\n|t:|1776659274\n|detailschange|p2b: Aerodactyl|Aerodactyl-Mega, L50, F\n|-mega|p2b: Aerodactyl|Aerodactyl|Aerodactylite\n|detailschange|p1a: Charizard|Charizard-Mega-Y, L50, M\n|-mega|p1a: Charizard|Charizard|Charizardite Y\n|-weather|SunnyDay|[from] ability: Drought|[of] p1a: Charizard\n|move|p1a: Charizard|Protect|p1a: Charizard\n|-singleturn|p1a: Charizard|Protect\n|move|p2b: Aerodactyl|Rock Slide|p1a: Charizard|[spread] p1b\n|-activate|p1a: Charizard|move: Protect\n|-damage|p1b: Farigiraf|73/100\n|move|p2a: Milotic|Scald|p1a: Charizard\n|-activate|p1a: Charizard|move: Protect\n|move|p1b: Farigiraf|Trick Room|p1b: Farigiraf\n|-fieldstart|move: Trick Room|[of] p1b: Farigiraf\n|\n|-weather|SunnyDay|[upkeep]\n|upkeep\n|turn|2\n|\n|t:|1776659322\n|move|p1b: Farigiraf|Hyper Voice|p2b: Aerodactyl|[spread] p2a,p2b\n|-resisted|p2b: Aerodactyl|1\n|-damage|p2a: Milotic|81/100\n|-damage|p2b: Aerodactyl|84/100\n|move|p2a: Milotic|Scald|p1a: Charizard\n|-supereffective|p1a: Charizard|1\n|-damage|p1a: Charizard|72/100\n|move|p1a: Charizard|Solar Beam||[still]\n|-prepare|p1a: Charizard|Solar Beam\n|-anim|p1a: Charizard|Solar Beam|p2a: Milotic\n|-supereffective|p2a: Milotic|1\n|-damage|p2a: Milotic|17/100\n|move|p2b: Aerodactyl|Dual Wingbeat|p1b: Farigiraf\n|-damage|p1b: Farigiraf|45/100\n|-enditem|p1b: Farigiraf|Sitrus Berry|[eat]\n|-heal|p1b: Farigiraf|70/100|[from] item: Sitrus Berry\n|-damage|p1b: Farigiraf|44/100\n|-hitcount|p1b: Farigiraf|2\n|\n|-weather|SunnyDay|[upkeep]\n|-heal|p2a: Milotic|23/100|[from] item: Leftovers\n|upkeep\n|turn|3\n|\n|t:|1776659366\n|switch|p1b: Kingambit|Kingambit, L50, M|100/100\n|move|p2a: Milotic|Protect|p2a: Milotic\n|-singleturn|p2a: Milotic|Protect\n|move|p1a: Charizard|Solar Beam||[still]\n|-prepare|p1a: Charizard|Solar Beam\n|-anim|p1a: Charizard|Solar Beam|p2a: Milotic\n|-activate|p2a: Milotic|move: Protect\n|move|p2b: Aerodactyl|Rock Slide|p1a: Charizard|[spread] p1a,p1b\n|-supereffective|p1a: Charizard|2\n|-resisted|p1b: Kingambit|1\n|-damage|p1a: Charizard|0 fnt\n|-damage|p1b: Kingambit|89/100\n|faint|p1a: Charizard\n|\n|-weather|SunnyDay|[upkeep]\n|-heal|p2a: Milotic|29/100|[from] item: Leftovers\n|upkeep\n|\n|t:|1776659388\n|switch|p1a: Incineroar|Incineroar, L50, M|100/100\n|-ability|p1a: Incineroar|Intimidate|boost\n|-unboost|p2a: Milotic|atk|1\n|-ability|p2a: Milotic|Competitive|boost\n|-boost|p2a: Milotic|spa|2\n|-unboost|p2b: Aerodactyl|atk|1\n|turn|4\n|\n|t:|1776659407\n|move|p2b: Aerodactyl|Protect|p2b: Aerodactyl\n|-singleturn|p2b: Aerodactyl|Protect\n|move|p1a: Incineroar|Fake Out|p2b: Aerodactyl\n|-activate|p2b: Aerodactyl|move: Protect\n|move|p1b: Kingambit|Sucker Punch||[still]\n|-fail|p1b: Kingambit\n|move|p2a: Milotic|Recover|p2a: Milotic\n|-heal|p2a: Milotic|79/100\n|\n|-weather|SunnyDay|[upkeep]\n|-heal|p2a: Milotic|85/100|[from] item: Leftovers\n|upkeep\n|turn|5\n|\n|t:|1776659436\n|switch|p2a: Weavile|Weavile, L50, M|100/100\n|-ability|p2a: Weavile|Pressure\n|move|p1b: Kingambit|Kowtow Cleave|p2a: Weavile\n|-resisted|p2a: Weavile|1\n|-damage|p2a: Weavile|50/100\n|move|p1a: Incineroar|Close Combat|p2a: Weavile\n|-supereffective|p2a: Weavile|2\n|-damage|p2a: Weavile|0 fnt\n|-unboost|p1a: Incineroar|def|1\n|-unboost|p1a: Incineroar|spd|1\n|faint|p2a: Weavile\n|move|p2b: Aerodactyl|Rock Slide|p1b: Kingambit|[spread] p1b\n|-miss|p2b: Aerodactyl|p1a: Incineroar\n|-resisted|p1b: Kingambit|1\n|-damage|p1b: Kingambit|82/100\n|\n|-weather|none\n|-fieldend|move: Trick Room\n|upkeep\n|\n|t:|1776659457\n|switch|p2a: Lucario|Lucario, L50, M, shiny|100/100\n|turn|6\n|\n|t:|1776659468\n|switch|p1a: Farigiraf|Farigiraf, L50, M|44/100\n|move|p2b: Aerodactyl|Tailwind|p2b: Aerodactyl\n|-sidestart|p2: moaxox|move: Tailwind\n|move|p2a: Lucario|Meteor Mash|p1b: Kingambit\n|-resisted|p1b: Kingambit|1\n|-crit|p1b: Kingambit\n|-damage|p1b: Kingambit|60/100\n|move|p1b: Kingambit|Iron Head|p2b: Aerodactyl\n|-supereffective|p2b: Aerodactyl|1\n|-damage|p2b: Aerodactyl|0 fnt\n|faint|p2b: Aerodactyl\n|\n|upkeep\n|\n|t:|1776659482\n|switch|p2b: Milotic|Milotic, L50, M|85/100\n|turn|7\n|\n|t:|1776659492\n|move|p1a: Farigiraf|Protect|p1a: Farigiraf\n|-singleturn|p1a: Farigiraf|Protect\n|move|p2a: Lucario|Close Combat|p1b: Kingambit\n|-supereffective|p1b: Kingambit|2\n|-crit|p1b: Kingambit\n|-damage|p1b: Kingambit|0 fnt\n|-unboost|p2a: Lucario|def|1\n|-unboost|p2a: Lucario|spd|1\n|faint|p1b: Kingambit\n|move|p2b: Milotic|Scald|p1a: Farigiraf\n|-activate|p1a: Farigiraf|move: Protect\n|\n|-heal|p2b: Milotic|91/100|[from] item: Leftovers\n|upkeep\n|\n|t:|1776659504\n|switch|p1b: Incineroar|Incineroar, L50, M|100/100\n|-ability|p1b: Incineroar|Intimidate|boost\n|-unboost|p2a: Lucario|atk|1\n|-unboost|p2b: Milotic|atk|1\n|-ability|p2b: Milotic|Competitive|boost\n|-boost|p2b: Milotic|spa|2\n|turn|8\n|\n|t:|1776659519\n|move|p1b: Incineroar|Fake Out|p2b: Milotic\n|-damage|p2b: Milotic|81/100\n|move|p2a: Lucario|Close Combat|p1b: Incineroar\n|-supereffective|p1b: Incineroar|1\n|-damage|p1b: Incineroar|29/100\n|-unboost|p2a: Lucario|def|1\n|-unboost|p2a: Lucario|spd|1\n|cant|p2b: Milotic|flinch\n|move|p1a: Farigiraf|Trick Room|p1a: Farigiraf\n|-fieldstart|move: Trick Room|[of] p1a: Farigiraf\n|\n|-heal|p2b: Milotic|87/100|[from] item: Leftovers\n|upkeep\n|turn|9\n|\n|t:|1776659541\n|move|p2b: Milotic|Protect|p2b: Milotic\n|-singleturn|p2b: Milotic|Protect\n|move|p2a: Lucario|Protect|p2a: Lucario\n|-singleturn|p2a: Lucario|Protect\n|move|p1b: Incineroar|Close Combat|p2a: Lucario\n|-activate|p2a: Lucario|move: Protect\n|move|p1a: Farigiraf|Imprison|p1a: Farigiraf\n|-start|p1a: Farigiraf|move: Imprison\n|\n|-heal|p2b: Milotic|93/100|[from] item: Leftovers\n|-sideend|p2: moaxox|move: Tailwind\n|upkeep\n|turn|10\n|\n|t:|1776659581\n|move|p1b: Incineroar|Close Combat|p2a: Lucario\n|-supereffective|p2a: Lucario|1\n|-damage|p2a: Lucario|0 fnt\n|-unboost|p1b: Incineroar|def|1\n|-unboost|p1b: Incineroar|spd|1\n|faint|p2a: Lucario\n|move|p1a: Farigiraf|Hyper Voice|p2b: Milotic\n|-damage|p2b: Milotic|65/100\n|move|p2b: Milotic|Scald|p1b: Incineroar\n|-supereffective|p1b: Incineroar|1\n|-damage|p1b: Incineroar|0 fnt\n|faint|p1b: Incineroar\n|\n|-heal|p2b: Milotic|71/100|[from] item: Leftovers\n|upkeep\n|turn|11\n|\n|t:|1776659609\n|move|p1a: Farigiraf|Hyper Voice|p2b: Milotic\n|-damage|p2b: Milotic|45/100\n|move|p2b: Milotic|Recover|p2b: Milotic\n|-heal|p2b: Milotic|95/100\n|\n|-heal|p2b: Milotic|100/100|[from] item: Leftovers\n|upkeep\n|turn|12\n|\n|t:|1776659631\n|move|p1a: Farigiraf|Protect|p1a: Farigiraf\n|-singleturn|p1a: Farigiraf|Protect\n|move|p2b: Milotic|Recover||[still]\n|-fail|p2b: Milotic|heal\n|\n|-fieldend|move: Trick Room\n|upkeep\n|turn|13\n|-message|AiMeat forfeited.\n|\n|win|moaxox\n|raw|AiMeat's rating: 1155 &rarr; <strong>1125</strong><br />(-30 for losing)\n|raw|moaxox's rating: 1088 &rarr; <strong>1120</strong><br />(+32 for winning)\n",
  "uploadtime": 1776659987,
  "views": 7,
  "formatid": "gen9championsvgc2026regma",
  "rating": 1120,
  "private": 0,
  "password": null
}