{
  "id": "gen9championsvgc2026regma-2588484025",
  "format": "[Gen 9 Champions] VGC 2026 Reg M-A",
  "players": [
    "zgvuo",
    "LValt"
  ],
  "log": "|j|\u2606zgvuo\n|j|\u2606LValt\n|t:|1776637649\n|gametype|doubles\n|player|p1|zgvuo|clerk|1191\n|player|p2|LValt|backpacker|1211\n|gen|9\n|tier|[Gen 9 Champions] VGC 2026 Reg M-A\n|rated|\n|rule|Species Clause: Limit one of each Pok\u00e9mon\n|rule|Item Clause: Limit 1 of each item\n|clearpoke\n|poke|p1|Meganium, L50, M|\n|poke|p1|Aerodactyl, L50, M|\n|poke|p1|Archaludon, L50, F|\n|poke|p1|Slowking-Galar, L50, M, shiny|\n|poke|p1|Crabominable, L50, F, shiny|\n|poke|p1|Rotom-Wash, L50|\n|poke|p2|Blastoise, L50, M|\n|poke|p2|Talonflame, L50, M|\n|poke|p2|Sinistcha, L50|\n|poke|p2|Sneasler, L50, F|\n|poke|p2|Kingambit, L50, F|\n|poke|p2|Incineroar, L50, M|\n|teampreview|4\n|inactive|Battle timer is ON: inactive players will automatically lose when time's up. (requested by LValt)\nzgvuo has agreed to open team sheets.\n|\n|t:|1776637668\n|teamsize|p1|4\n|teamsize|p2|4\n|start\n|switch|p1a: Aerodactyl|Aerodactyl, L50, M|100/100\n|switch|p1b: Slowking|Slowking-Galar, L50, M, shiny|100/100\n|switch|p2a: Blastoise|Blastoise, L50, M|100/100\n|switch|p2b: Talonflame|Talonflame, L50, M|100/100\n|-ability|p1a: Aerodactyl|Unnerve\n|turn|1\n|\n|t:|1776637687\n|switch|p2b: Kingambit|Kingambit, L50, F|100/100\n|detailschange|p2a: Blastoise|Blastoise-Mega, L50, M\n|-mega|p2a: Blastoise|Blastoise|Blastoisinite\n|move|p1a: Aerodactyl|Rock Slide|p2a: Blastoise|[spread] p2a,p2b\n|-resisted|p2b: Kingambit|1\n|-damage|p2a: Blastoise|75/100\n|-damage|p2b: Kingambit|90/100\n|cant|p2a: Blastoise|flinch\n|move|p1b: Slowking|Trick Room|p1b: Slowking\n|-fieldstart|move: Trick Room|[of] p1b: Slowking\n|\n|upkeep\n|turn|2\n|inactive|zgvuo has 30 seconds left.\n|\n|t:|1776637719\n|move|p1a: Aerodactyl|Protect|p1a: Aerodactyl\n|-singleturn|p1a: Aerodactyl|Protect\n|-prepare|p1b: Slowking|Chilly Reception|[premajor]\n|move|p1b: Slowking|Chilly Reception|p1b: Slowking\n|-weather|Snowscape\n|\n|t:|1776637724\n|switch|p1b: Archaludon|Archaludon, L50, F|100/100|[from] Chilly Reception\n|move|p2b: Kingambit|Iron Head|p1a: Aerodactyl\n|-activate|p1a: Aerodactyl|move: Protect\n|move|p2a: Blastoise|Aura Sphere|p1b: Archaludon\n|-supereffective|p1b: Archaludon|1\n|-damage|p1b: Archaludon|0 fnt\n|faint|p1b: Archaludon\n|\n|-weather|Snowscape|[upkeep]\n|upkeep\n|\n|t:|1776637735\n|switch|p1b: Meganium|Meganium, L50, M|100/100\n|turn|3\n|\n|t:|1776637757\n|switch|p1a: Slowking|Slowking-Galar, L50, M, shiny|100/100\n|detailschange|p1b: Meganium|Meganium-Mega, L50, M\n|-mega|p1b: Meganium|Meganium|Meganiumite\n|move|p2b: Kingambit|Iron Head|p1b: Meganium\n|-supereffective|p1b: Meganium|1\n|-damage|p1b: Meganium|26/100\n|move|p1b: Meganium|Weather Ball|p2b: Kingambit\n|-supereffective|p2b: Kingambit|1\n|-damage|p2b: Kingambit|0 fnt\n|faint|p2b: Kingambit\n|move|p2a: Blastoise|Dark Pulse|p1a: Slowking\n|-supereffective|p1a: Slowking|1\n|-damage|p1a: Slowking|18/100\n|\n|-weather|Snowscape|[upkeep]\n|-heal|p1a: Slowking|24/100|[from] item: Leftovers\n|upkeep\n|\n|t:|1776637771\n|switch|p2b: Talonflame|Talonflame, L50, M|100/100\n|turn|4\n|inactive|zgvuo has 30 seconds left.\n|inactive|zgvuo has 20 seconds left.\n|inactive|zgvuo has 15 seconds left.\n|\n|t:|1776637814\n|move|p1b: Meganium|Protect|p1b: Meganium\n|-singleturn|p1b: Meganium|Protect\n|move|p2b: Talonflame|Dual Wingbeat|p1b: Meganium\n|-activate|p1b: Meganium|move: Protect\n|move|p1a: Slowking|Sludge Bomb|p2b: Talonflame\n|-damage|p2b: Talonflame|44/100\n|move|p2a: Blastoise|Dark Pulse|p1a: Slowking\n|-supereffective|p1a: Slowking|1\n|-damage|p1a: Slowking|0 fnt\n|faint|p1a: Slowking\n|\n|-weather|Snowscape|[upkeep]\n|upkeep\n|\n|t:|1776637825\n|switch|p1a: Aerodactyl|Aerodactyl, L50, M|100/100\n|-ability|p1a: Aerodactyl|Unnerve\n|turn|5\n|\n|t:|1776637837\n|switch|p2a: Sneasler|Sneasler, L50, F|100/100\n|move|p1b: Meganium|Solar Beam||[still]\n|-prepare|p1b: Meganium|Solar Beam\n|-activate|p1b: Meganium|ability: Mega Sol\n|-anim|p1b: Meganium|Solar Beam|p2a: Sneasler\n|-resisted|p2a: Sneasler|1\n|-damage|p2a: Sneasler|46/100\n|move|p1a: Aerodactyl|Rock Slide|p2b: Talonflame|[spread] p2a,p2b\n|-resisted|p2a: Sneasler|1\n|-supereffective|p2b: Talonflame|2\n|-damage|p2a: Sneasler|24/100\n|-damage|p2b: Talonflame|0 fnt\n|faint|p2b: Talonflame\n|\n|-weather|Snowscape|[upkeep]\n|-fieldend|move: Trick Room\n|upkeep\n|\n|t:|1776637846\n|switch|p2b: Blastoise|Blastoise-Mega, L50, M|75/100\n|turn|6\n|\n|t:|1776637870\n|move|p2a: Sneasler|Fake Out|p1a: Aerodactyl\n|-resisted|p1a: Aerodactyl|1\n|-damage|p1a: Aerodactyl|90/100\n|cant|p1a: Aerodactyl|flinch\n|move|p2b: Blastoise|Water Spout|p1b: Meganium|[spread] p1a,p1b\n|-supereffective|p1a: Aerodactyl|1\n|-resisted|p1b: Meganium|1\n|-damage|p1a: Aerodactyl|0 fnt\n|-damage|p1b: Meganium|6/100\n|faint|p1a: Aerodactyl\n|move|p1b: Meganium|Solar Beam||[still]\n|-prepare|p1b: Meganium|Solar Beam\n|-activate|p1b: Meganium|ability: Mega Sol\n|-anim|p1b: Meganium|Solar Beam|p2b: Blastoise\n|-supereffective|p2b: Blastoise|1\n|-damage|p2b: Blastoise|0 fnt\n|faint|p2b: Blastoise\n|\n|-weather|none\n|upkeep\n|turn|7\n|\n|t:|1776637893\n|move|p2a: Sneasler|Dire Claw|p1b: Meganium\n|-supereffective|p1b: Meganium|2\n|-damage|p1b: Meganium|0 fnt\n|faint|p1b: Meganium\n|\n|win|LValt\n|raw|zgvuo's rating: 1191 &rarr; <strong>1167</strong><br />(-24 for losing)\n|raw|LValt's rating: 1211 &rarr; <strong>1235</strong><br />(+24 for winning)\n|l|\u2606zgvuo\n|player|p1|\n",
  "uploadtime": 1776638007,
  "views": 12,
  "formatid": "gen9championsvgc2026regma",
  "rating": 1167,
  "private": 0,
  "password": null
}