{
  "id": "gen9championsvgc2026regma-2588564870",
  "format": "[Gen 9 Champions] VGC 2026 Reg M-A",
  "players": [
    "Better Luck VGC",
    "LebronFanClub"
  ],
  "log": "|j|\u2606Better Luck VGC\n|j|\u2606LebronFanClub\n|t:|1776645471\n|gametype|doubles\n|player|p1|Better Luck VGC|caitlin|1228\n|player|p2|LebronFanClub|parasollady|1213\n|gen|9\n|tier|[Gen 9 Champions] VGC 2026 Reg M-A\n|rated|\n|rule|Species Clause: Limit one of each Pok\u00e9mon\n|rule|Item Clause: Limit 1 of each item\n|clearpoke\n|poke|p1|Meganium, L50, M|\n|poke|p1|Tyranitar, L50, M|\n|poke|p1|Sinistcha, L50|\n|poke|p1|Basculegion, L50, M|\n|poke|p1|Incineroar, L50, M|\n|poke|p1|Aerodactyl, L50, M|\n|poke|p2|Volcarona, L50, M|\n|poke|p2|Chandelure, L50, F|\n|poke|p2|Whimsicott, L50, M|\n|poke|p2|Garchomp, L50, F|\n|poke|p2|Politoed, L50, F|\n|poke|p2|Basculegion, L50, M|\n|teampreview|4\n|\n|t:|1776645531\n|teamsize|p1|4\n|teamsize|p2|4\n|start\n|switch|p1a: Aerodactyl|Aerodactyl, L50, M|100/100\n|switch|p1b: Cecilily|Meganium, L50, M|100/100\n|switch|p2a: Chandelure|Chandelure, L50, F|100/100\n|switch|p2b: Basculegion|Basculegion, L50, M|100/100\n|-ability|p1a: Aerodactyl|Unnerve\n|turn|1\n|\n|t:|1776645552\n|switch|p1b: Tyranitar|Tyranitar, L50, M|100/100\n|-weather|Sandstorm|[from] ability: Sand Stream|[of] p1b: Tyranitar\n|detailschange|p2a: Chandelure|Chandelure-Mega, L50, F\n|-mega|p2a: Chandelure|Chandelure|Chandelurite\n|move|p2b: Basculegion|Flip Turn|p1a: Aerodactyl\n|-supereffective|p1a: Aerodactyl|1\n|-enditem|p1a: Aerodactyl|Focus Sash\n|-damage|p1a: Aerodactyl|1/100\n|\n|t:|1776645562\n|switch|p2b: Whimsicott|Whimsicott, L50, M|100/100|[from] Flip Turn\n|move|p1a: Aerodactyl|Rock Slide|p2b: Whimsicott|[spread] p2a,p2b\n|-supereffective|p2a: Chandelure|1\n|-crit|p2b: Whimsicott\n|-damage|p2a: Chandelure|37/100\n|-damage|p2b: Whimsicott|44/100\n|move|p2a: Chandelure|Overheat|p1b: Tyranitar\n|-resisted|p1b: Tyranitar|1\n|-damage|p1b: Tyranitar|72/100\n|-unboost|p2a: Chandelure|spa|2\n|\n|-weather|Sandstorm|[upkeep]\n|-damage|p2b: Whimsicott|38/100|[from] Sandstorm\n|-damage|p2a: Chandelure|31/100|[from] Sandstorm\n|upkeep\n|turn|2\n|\n|t:|1776645598\n|switch|p1a: Basculegion|Basculegion, L50, M|100/100\n|move|p2a: Chandelure|Protect|p2a: Chandelure\n|-singleturn|p2a: Chandelure|Protect\n|move|p2b: Whimsicott|Tailwind|p2b: Whimsicott\n|-sidestart|p2: LebronFanClub|move: Tailwind\n|move|p1b: Tyranitar|Rock Slide|p2a: Chandelure|[spread] p2b\n|-activate|p2a: Chandelure|move: Protect\n|-damage|p2b: Whimsicott|0 fnt\n|faint|p2b: Whimsicott\n|\n|-weather|Sandstorm|[upkeep]\n|-damage|p2a: Chandelure|25/100|[from] Sandstorm\n|-damage|p1a: Basculegion|94/100|[from] Sandstorm\n|upkeep\n|\n|t:|1776645614\n|switch|p2b: Basculegion|Basculegion, L50, M|100/100\n|turn|3\n|\n|t:|1776645635\n|switch|p2a: Garchomp|Garchomp, L50, F|100/100\n|switch|p1b: Cecilily|Meganium, L50, M|100/100\n|move|p1a: Basculegion|Aqua Jet|p2a: Garchomp\n|-damage|p2a: Garchomp|64/100\n|-damage|p1a: Basculegion|82/100|[from] ability: Rough Skin|[of] p2a: Garchomp\n|move|p2b: Basculegion|Last Respects|p1a: Basculegion\n|-supereffective|p1a: Basculegion|1\n|-damage|p1a: Basculegion|0 fnt\n|faint|p1a: Basculegion\n|\n|-weather|Sandstorm|[upkeep]\n|-damage|p2b: Basculegion|94/100|[from] Sandstorm\n|-damage|p1b: Cecilily|95/100|[from] Sandstorm\n|upkeep\n|\n|t:|1776645652\n|switch|p1a: Aerodactyl|Aerodactyl, L50, M|1/100\n|-ability|p1a: Aerodactyl|Unnerve\n|turn|4\n|\n|t:|1776645673\n|detailschange|p1b: Cecilily|Meganium-Mega, L50, M\n|-mega|p1b: Cecilily|Meganium|Meganiumite\n|move|p2b: Basculegion|Last Respects|p1a: Aerodactyl\n|-damage|p1a: Aerodactyl|0 fnt\n|faint|p1a: Aerodactyl\n|move|p2a: Garchomp|Iron Head|p1b: Cecilily\n|-supereffective|p1b: Cecilily|1\n|-damage|p1b: Cecilily|34/100\n|move|p1b: Cecilily|Dazzling Gleam|p2b: Basculegion|[spread] p2a,p2b\n|-supereffective|p2a: Garchomp|1\n|-enditem|p2a: Garchomp|Roseli Berry|[eat]\n|-enditem|p2a: Garchomp|Roseli Berry|[weaken]\n|-damage|p2a: Garchomp|26/100\n|-damage|p2b: Basculegion|51/100\n|\n|-weather|Sandstorm|[upkeep]\n|-damage|p2b: Basculegion|45/100|[from] Sandstorm\n|-damage|p1b: Cecilily|29/100|[from] Sandstorm\n|upkeep\n|\n|t:|1776645687\n|switch|p1a: Tyranitar|Tyranitar, L50, M|72/100\n|turn|5\n|\n|t:|1776645728\n|move|p1b: Cecilily|Protect|p1b: Cecilily\n|-singleturn|p1b: Cecilily|Protect\n|move|p2b: Basculegion|Last Respects|p1b: Cecilily\n|-activate|p1b: Cecilily|move: Protect\n|move|p2a: Garchomp|Iron Head|p1b: Cecilily\n|-activate|p1b: Cecilily|move: Protect\n|move|p1a: Tyranitar|Crunch|p2b: Basculegion\n|-supereffective|p2b: Basculegion|1\n|-damage|p2b: Basculegion|0 fnt\n|faint|p2b: Basculegion\n|\n|-weather|none\n|-sideend|p2: LebronFanClub|move: Tailwind\n|upkeep\n|\n|t:|1776645739\n|switch|p2b: Chandelure|Chandelure-Mega, L50, F|25/100\n|turn|6\n|inactive|Battle timer is ON: inactive players will automatically lose when time's up. (requested by Better Luck VGC)\n|\n|t:|1776645758\n|move|p2b: Chandelure|Shadow Ball|p1b: Cecilily\n|-damage|p1b: Cecilily|0 fnt\n|faint|p1b: Cecilily\n|move|p2a: Garchomp|Iron Head|p1a: Tyranitar\n|-supereffective|p1a: Tyranitar|1\n|-damage|p1a: Tyranitar|16/100\n|cant|p1a: Tyranitar|flinch\n|\n|upkeep\n|turn|7\n|-message|Better Luck VGC forfeited.\n|\n|win|LebronFanClub\n|raw|Better Luck VGC's rating: 1228 &rarr; <strong>1202</strong><br />(-26 for losing)\n|raw|LebronFanClub's rating: 1213 &rarr; <strong>1239</strong><br />(+26 for winning)\n",
  "uploadtime": 1776645770,
  "views": 9,
  "formatid": "gen9championsvgc2026regma",
  "rating": 1202,
  "private": 0,
  "password": null
}