{
  "id": "gen9championsvgc2026regma-2582985109",
  "format": "[Gen 9 Champions] VGC 2026 Reg M-A",
  "players": [
    "oidepusscuss",
    "QuiteTasty"
  ],
  "log": "|j|\u2606oidepusscuss\n|j|\u2606QuiteTasty\n|t:|1776130831\n|gametype|doubles\n|player|p1|oidepusscuss|265|1149\n|player|p2|QuiteTasty|shauntal|1232\n|gen|9\n|tier|[Gen 9 Champions] VGC 2026 Reg M-A\n|rated|\n|rule|Species Clause: Limit one of each Pok\u00e9mon\n|rule|Item Clause: Limit 1 of each item\n|clearpoke\n|poke|p1|Gengar, L50, F|\n|poke|p1|Sinistcha, L50|\n|poke|p1|Incineroar, L50, F|\n|poke|p1|Tyranitar, L50, M|\n|poke|p1|Kommo-o, L50, M|\n|poke|p1|Drampa, L50, M|\n|poke|p2|Primarina, L50, M|\n|poke|p2|Scovillain, L50, F|\n|poke|p2|Garchomp, L50, M|\n|poke|p2|Kingambit, L50, M|\n|poke|p2|Dragonite, L50, M|\n|poke|p2|Sneasler, L50, M|\n|teampreview|4\n|c|\u2606QuiteTasty|is that my goat Drampa?\n|c|\u2606QuiteTasty|good luck\nQuiteTasty has agreed to open team sheets.\n|\n|t:|1776130890\n|teamsize|p1|4\n|teamsize|p2|4\n|start\n|switch|p1a: Kommo-o|Kommo-o, L50, M|100/100\n|switch|p1b: Tyranitar|Tyranitar, L50, M|100/100\n|switch|p2a: Scovillain|Scovillain, L50, F|100/100\n|switch|p2b: Kingambit|Kingambit, L50, M|100/100\n|-weather|Sandstorm|[from] ability: Sand Stream|[of] p1b: Tyranitar\n|turn|1\n|\n|t:|1776130921\n|switch|p2b: Sneasler|Sneasler, L50, M|100/100\n|move|p2a: Scovillain|Protect|p2a: Scovillain\n|-singleturn|p2a: Scovillain|Protect\n|move|p1b: Tyranitar|Rock Slide|p2b: Sneasler|[spread] p2b\n|-activate|p2a: Scovillain|move: Protect\n|-resisted|p2b: Sneasler|1\n|-damage|p2b: Sneasler|75/100\n|move|p1a: Kommo-o|Aura Sphere|p2b: Sneasler\n|-resisted|p2b: Sneasler|1\n|-damage|p2b: Sneasler|50/100\n|\n|-weather|Sandstorm|[upkeep]\n|-damage|p2b: Sneasler|45/100|[from] Sandstorm\n|-damage|p2a: Scovillain|95/100|[from] Sandstorm\n|-ability|p2a: Scovillain|Moody|boost\n|-boost|p2a: Scovillain|spa|2\n|-unboost|p2a: Scovillain|spd|1\n|upkeep\n|turn|2\n|\n|t:|1776130970\n|switch|p1b: Incineroar|Incineroar, L50, F|100/100\n|-ability|p1b: Incineroar|Intimidate|boost\n|-unboost|p2a: Scovillain|atk|1\n|-unboost|p2b: Sneasler|atk|1\n|move|p2b: Sneasler|Fake Out|p1a: Kommo-o\n|-damage|p1a: Kommo-o|92/100\n|cant|p1a: Kommo-o|flinch\n|move|p2a: Scovillain|Giga Drain|p1b: Incineroar\n|-resisted|p1b: Incineroar|1\n|-damage|p1b: Incineroar|79/100\n|-heal|p2a: Scovillain|100/100|[from] drain|[of] p1b: Incineroar\n|\n|-weather|Sandstorm|[upkeep]\n|-damage|p2b: Sneasler|39/100|[from] Sandstorm\n|-damage|p2a: Scovillain|95/100|[from] Sandstorm\n|-damage|p1b: Incineroar|73/100|[from] Sandstorm\n|-heal|p1a: Kommo-o|98/100|[from] item: Leftovers\n|-ability|p2a: Scovillain|Moody|boost\n|-boost|p2a: Scovillain|spe|2\n|-unboost|p2a: Scovillain|def|1\n|upkeep\n|turn|3\n|\n|t:|1776131000\n|detailschange|p2a: Scovillain|Scovillain-Mega, L50, F\n|-mega|p2a: Scovillain|Scovillain|Scovillainite\n|move|p1b: Incineroar|Fake Out|p2b: Sneasler\n|-damage|p2b: Sneasler|20/100\n|move|p2a: Scovillain|Rage Powder|p2a: Scovillain\n|-singleturn|p2a: Scovillain|move: Rage Powder\n|cant|p2b: Sneasler|flinch\n|move|p1a: Kommo-o|Clanging Scales|p2a: Scovillain|[spread] p2a,p2b\n|-damage|p2a: Scovillain|40/100\n|-damage|p2b: Sneasler|0 fnt\n|-status|p1a: Kommo-o|brn|[from] ability: Spicy Spray|[of] p2a: Scovillain\n|faint|p2b: Sneasler\n|-unboost|p1a: Kommo-o|def|1\n|\n|-weather|Sandstorm|[upkeep]\n|-damage|p2a: Scovillain|34/100|[from] Sandstorm\n|-damage|p1b: Incineroar|67/100|[from] Sandstorm\n|-heal|p1a: Kommo-o|100/100 brn|[from] item: Leftovers\n|-damage|p1a: Kommo-o|95/100 brn|[from] brn\n|upkeep\n|\n|t:|1776131012\n|switch|p2b: Primarina|Primarina, L50, M|100/100\n|turn|4\n|\n|t:|1776131040\n|move|p2a: Scovillain|Protect|p2a: Scovillain\n|-singleturn|p2a: Scovillain|Protect\n|move|p1a: Kommo-o|Clanging Scales|p2b: Primarina|[spread] \n|-activate|p2a: Scovillain|move: Protect\n|-immune|p2b: Primarina\n|move|p1b: Incineroar|Parting Shot|p2b: Primarina\n|-unboost|p2b: Primarina|atk|1\n|-unboost|p2b: Primarina|spa|1\n|\n|t:|1776131051\n|switch|p1b: Gengar|Gengar, L50, F|100/100|[from] Parting Shot\n|move|p2b: Primarina|Moonblast|p1a: Kommo-o\n|-supereffective|p1a: Kommo-o|2\n|-damage|p1a: Kommo-o|0 fnt\n|faint|p1a: Kommo-o\n|\n|-weather|Sandstorm|[upkeep]\n|-damage|p2a: Scovillain|29/100|[from] Sandstorm\n|-damage|p1b: Gengar|95/100|[from] Sandstorm\n|-damage|p2b: Primarina|95/100|[from] Sandstorm\n|-heal|p2b: Primarina|100/100|[from] item: Leftovers\n|upkeep\n|\n|t:|1776131061\n|switch|p1a: Incineroar|Incineroar, L50, F|67/100\n|-ability|p1a: Incineroar|Intimidate|boost\n|-unboost|p2a: Scovillain|atk|1\n|-unboost|p2b: Primarina|atk|1\n|turn|5\n|inactive|Battle timer is ON: inactive players will automatically lose when time's up. (requested by QuiteTasty)\n|\n|t:|1776131130\n|switch|p2b: Kingambit|Kingambit, L50, M|100/100\n|detailschange|p1b: Gengar|Gengar-Mega, L50, F\n|-mega|p1b: Gengar|Gengar|Gengarite\n|move|p1a: Incineroar|Fake Out|p2a: Scovillain\n|-damage|p2a: Scovillain|13/100\n|-immune|p1a: Incineroar\n|cant|p2a: Scovillain|flinch\n|move|p1b: Gengar|Substitute|p1b: Gengar\n|-start|p1b: Gengar|Substitute\n|-damage|p1b: Gengar|70/100\n|\n|-weather|none\n|upkeep\n|turn|6\n|inactive|QuiteTasty has 30 seconds left.\n|\n|t:|1776131159\n|switch|p1a: Tyranitar|Tyranitar, L50, M|100/100\n|-weather|Sandstorm|[from] ability: Sand Stream|[of] p1a: Tyranitar\n|move|p2b: Kingambit|Sucker Punch|p1b: Gengar\n|-supereffective|p1b: Gengar|1\n|-end|p1b: Gengar|Substitute\n|move|p2a: Scovillain|Flamethrower|p1b: Gengar\n|-damage|p1b: Gengar|0 fnt\n|faint|p1b: Gengar\n|\n|-weather|Sandstorm|[upkeep]\n|-damage|p2a: Scovillain|7/100|[from] Sandstorm\n|upkeep\n|\n|t:|1776131167\n|switch|p1b: Incineroar|Incineroar, L50, F|67/100\n|-ability|p1b: Incineroar|Intimidate|boost\n|-unboost|p2a: Scovillain|atk|1\n|-unboost|p2b: Kingambit|atk|1\n|-ability|p2b: Kingambit|Defiant|boost\n|-boost|p2b: Kingambit|atk|2\n|turn|7\n|inactive|oidepusscuss has 30 seconds left.\n|inactive|oidepusscuss has 20 seconds left.\n|inactive|oidepusscuss has 15 seconds left.\n|inactive|oidepusscuss has 10 seconds left.\n|inactive|oidepusscuss has 5 seconds left.\n|\n|t:|1776131219\n|move|p2a: Scovillain|Protect|p2a: Scovillain\n|-singleturn|p2a: Scovillain|Protect\n|move|p1b: Incineroar|Fake Out|p2a: Scovillain\n|-activate|p2a: Scovillain|move: Protect\n|move|p1a: Tyranitar|Low Kick|p2b: Kingambit\n|-supereffective|p2b: Kingambit|2\n|-damage|p2b: Kingambit|0 fnt\n|faint|p2b: Kingambit\n|\n|-weather|Sandstorm|[upkeep]\n|-damage|p2a: Scovillain|1/100|[from] Sandstorm\n|-damage|p1b: Incineroar|61/100|[from] Sandstorm\n|upkeep\n|\n|t:|1776131228\n|switch|p2b: Primarina|Primarina, L50, M|100/100\n|turn|8\n|\n|t:|1776131238\n|move|p2a: Scovillain|Giga Drain|p1a: Tyranitar\n|-supereffective|p1a: Tyranitar|1\n|-damage|p1a: Tyranitar|1/100\n|-heal|p2a: Scovillain|53/100|[from] drain|[of] p1a: Tyranitar\n|move|p1a: Tyranitar|Low Kick|p2b: Primarina\n|-resisted|p2b: Primarina|1\n|-damage|p2b: Primarina|88/100\n|move|p1b: Incineroar|Throat Chop|p2b: Primarina\n|-resisted|p2b: Primarina|1\n|-damage|p2b: Primarina|69/100\n|-start|p2b: Primarina|Throat Chop|[silent]\n|cant|p2b: Primarina|move: Throat Chop\n|\n|-weather|Sandstorm|[upkeep]\n|-damage|p2a: Scovillain|47/100|[from] Sandstorm\n|-damage|p1b: Incineroar|55/100|[from] Sandstorm\n|-damage|p2b: Primarina|63/100|[from] Sandstorm\n|-heal|p2b: Primarina|69/100|[from] item: Leftovers\n|upkeep\n|turn|9\n|\n|t:|1776131259\n|move|p2a: Scovillain|Giga Drain|p1a: Tyranitar\n|-supereffective|p1a: Tyranitar|1\n|-damage|p1a: Tyranitar|0 fnt\n|-heal|p2a: Scovillain|47/100|[from] drain|[of] p1a: Tyranitar\n|faint|p1a: Tyranitar\n|move|p1b: Incineroar|Throat Chop|p2a: Scovillain\n|-damage|p2a: Scovillain|3/100\n|-start|p2a: Scovillain|Throat Chop|[silent]\n|-immune|p1b: Incineroar\n|move|p2b: Primarina|Moonblast|p1b: Incineroar\n|-damage|p1b: Incineroar|11/100\n|\n|-weather|Sandstorm|[upkeep]\n|-damage|p2a: Scovillain|0 fnt|[from] Sandstorm\n|-damage|p1b: Incineroar|5/100|[from] Sandstorm\n|-damage|p2b: Primarina|63/100|[from] Sandstorm\n|faint|p2a: Scovillain\n|-heal|p2b: Primarina|69/100|[from] item: Leftovers\n|-end|p2b: Primarina|Throat Chop|[silent]\n|upkeep\n|turn|10\n|\n|t:|1776131272\n|move|p2b: Primarina|Protect|p2b: Primarina\n|-singleturn|p2b: Primarina|Protect\n|move|p1b: Incineroar|Throat Chop|p2b: Primarina\n|-activate|p2b: Primarina|move: Protect\n|\n|-weather|none\n|-heal|p2b: Primarina|75/100|[from] item: Leftovers\n|upkeep\n|turn|11\n|\n|t:|1776131280\n|move|p1b: Incineroar|Throat Chop|p2b: Primarina\n|-resisted|p2b: Primarina|1\n|-damage|p2b: Primarina|59/100\n|-start|p2b: Primarina|Throat Chop|[silent]\n|move|p2b: Primarina|Moonblast|p1b: Incineroar\n|-damage|p1b: Incineroar|0 fnt\n|faint|p1b: Incineroar\n|\n|win|QuiteTasty\n|raw|oidepusscuss's rating: 1149 &rarr; <strong>1130</strong><br />(-19 for losing)\n|raw|QuiteTasty's rating: 1232 &rarr; <strong>1251</strong><br />(+19 for winning)\n|l|\u2606oidepusscuss\n|player|p1|\n|c|\u2606QuiteTasty|gs\n|c|\u2606QuiteTasty|ggs\n|l|\u2606QuiteTasty\n|player|p2|\n|j|\u2606QuiteTasty\n|player|p2|QuiteTasty|shauntal|\n",
  "uploadtime": 1776131302,
  "views": 27,
  "formatid": "gen9championsvgc2026regma",
  "rating": 1130,
  "private": 0,
  "password": null
}