{
  "id": "gen9championsvgc2026regma-2584369980",
  "format": "[Gen 9 Champions] VGC 2026 Reg M-A",
  "players": [
    "Thiagovik",
    "KO0B4"
  ],
  "log": "|j|\u2606Thiagovik\n|j|\u2606KO0B4\n|t:|1776255631\n|gametype|doubles\n|player|p1|Thiagovik|blackbelt-gen4|1089\n|player|p2|KO0B4|brycenman|1000\n|gen|9\n|tier|[Gen 9 Champions] VGC 2026 Reg M-A\n|rated|\n|rule|Species Clause: Limit one of each Pok\u00e9mon\n|rule|Item Clause: Limit 1 of each item\n|clearpoke\n|poke|p1|Sylveon, L50, M|\n|poke|p1|Tyranitar, L50, F|\n|poke|p1|Archaludon, L50, F|\n|poke|p1|Gliscor, L50, F|\n|poke|p1|Conkeldurr, L50, M|\n|poke|p1|Goodra-Hisui, L50, M|\n|poke|p2|Floette-Eternal, L50, F|\n|poke|p2|Incineroar, L50, M|\n|poke|p2|Maushold, L50|\n|poke|p2|Garchomp, L50, F|\n|poke|p2|Aerodactyl, L50, F|\n|poke|p2|Sinistcha, L50|\n|teampreview|4\n|inactive|Battle timer is ON: inactive players will automatically lose when time's up. (requested by Thiagovik)\n|inactive|Thiagovik has 60 seconds left.\n|inactive|Thiagovik has 30 seconds left.\n|inactive|Thiagovik has 20 seconds left.\n|inactive|Thiagovik has 15 seconds left.\n|\n|t:|1776255713\n|teamsize|p1|4\n|teamsize|p2|4\n|start\n|switch|p1a: Conkeldurr|Conkeldurr, L50, M, shiny|100/100\n|switch|p1b: Danoninho|Sylveon, L50, M|100/100\n|switch|p2a: Incineroar|Incineroar, L50, M|100/100\n|switch|p2b: Garchomp|Garchomp, L50, F|100/100\n|-ability|p2a: Incineroar|Intimidate|boost\n|-unboost|p1a: Conkeldurr|atk|1\n|-unboost|p1b: Danoninho|atk|1\n|turn|1\n|inactive|KO0B4 has 30 seconds left.\n|\n|t:|1776255747\n|switch|p2b: Maushold|Maushold, L50|100/100\n|switch|p2a: Floette|Floette-Eternal, L50, F|100/100\n|move|p1b: Danoninho|Hyper Voice|p2a: Floette|[spread] p2a,p2b\n|-damage|p2a: Floette|75/100\n|-damage|p2b: Maushold|44/100\n|move|p1a: Conkeldurr|Ice Punch|p2b: Maushold\n|-damage|p2b: Maushold|12/100\n|\n|upkeep\n|turn|2\n|inactive|Thiagovik has 30 seconds left.\n|\n|t:|1776255778\n|detailschange|p2a: Floette|Floette-Mega, L50, F\n|-mega|p2a: Floette|Floette|Floettite\n|-ability|p2a: Floette|Fairy Aura\n|move|p2b: Maushold|Follow Me|p2b: Maushold\n|-singleturn|p2b: Maushold|move: Follow Me\n|move|p2a: Floette|Calm Mind|p2a: Floette\n|-boost|p2a: Floette|spa|1\n|-boost|p2a: Floette|spd|1\n|move|p1b: Danoninho|Hyper Voice|p2b: Maushold|[spread] p2a,p2b\n|-damage|p2a: Floette|57/100\n|-damage|p2b: Maushold|0 fnt\n|faint|p2b: Maushold\n|move|p1a: Conkeldurr|Poison Jab|p2a: Floette\n|-supereffective|p2a: Floette|1\n|-damage|p2a: Floette|23/100\n|\n|upkeep\n|\n|t:|1776255783\n|switch|p2b: Incineroar|Incineroar, L50, M|100/100\n|-ability|p2b: Incineroar|Intimidate|boost\n|-unboost|p1a: Conkeldurr|atk|1\n|-unboost|p1b: Danoninho|atk|1\n|turn|3\n|\n|t:|1776255802\n|switch|p1a: Gliscor|Gliscor, L50, F|100/100\n|move|p2b: Incineroar|Fake Out|p1b: Danoninho\n|-damage|p1b: Danoninho|87/100\n|move|p2a: Floette|Dazzling Gleam|p1b: Danoninho|[spread] p1a,p1b\n|-damage|p1a: Gliscor|22/100\n|-damage|p1b: Danoninho|39/100\n|-enditem|p1b: Danoninho|Sitrus Berry|[eat]\n|-heal|p1b: Danoninho|64/100|[from] item: Sitrus Berry\n|cant|p1b: Danoninho|flinch\n|\n|upkeep\n|turn|4\n|inactive|KO0B4 has 30 seconds left.\n|inactive|KO0B4 has 20 seconds left.\n|inactive|KO0B4 has 15 seconds left.\n|\n|t:|1776255843\n|switch|p2b: Garchomp|Garchomp, L50, F|100/100\n|move|p2a: Floette|Protect|p2a: Floette\n|-singleturn|p2a: Floette|Protect\n|move|p1a: Gliscor|Protect|p1a: Gliscor\n|-singleturn|p1a: Gliscor|Protect\n|move|p1b: Danoninho|Hyper Voice|p2a: Floette|[spread] p2b\n|-activate|p2a: Floette|move: Protect\n|-supereffective|p2b: Garchomp|1\n|-damage|p2b: Garchomp|0 fnt\n|faint|p2b: Garchomp\n|\n|upkeep\n|\n|t:|1776255848\n|switch|p2b: Incineroar|Incineroar, L50, M|100/100\n|-ability|p2b: Incineroar|Intimidate|boost\n|-fail|p1a: Gliscor|unboost|Attack|[from] ability: Hyper Cutter|[of] p1a: Gliscor\n|-unboost|p1b: Danoninho|atk|1\n|turn|5\n|inactive|Thiagovik has 30 seconds left.\n|inactive|Thiagovik has 20 seconds left.\n|inactive|Thiagovik has 15 seconds left.\n|\n|t:|1776255890\n|move|p1b: Danoninho|Protect|p1b: Danoninho\n|-singleturn|p1b: Danoninho|Protect\n|move|p2b: Incineroar|Fake Out|p1b: Danoninho\n|-activate|p1b: Danoninho|move: Protect\n|move|p2a: Floette|Dazzling Gleam|p1a: Gliscor|[spread] p1a\n|-activate|p1b: Danoninho|move: Protect\n|-damage|p1a: Gliscor|0 fnt\n|faint|p1a: Gliscor\n|\n|upkeep\n|\n|t:|1776255909\n|switch|p1a: Conkeldurr|Conkeldurr, L50, M, shiny|100/100\n|turn|6\n|\n|t:|1776255923\n|move|p2a: Floette|Protect|p2a: Floette\n|-singleturn|p2a: Floette|Protect\n|move|p2b: Incineroar|Flare Blitz|p1b: Danoninho\n|-damage|p1b: Danoninho|4/100\n|-status|p1b: Danoninho|brn\n|-damage|p2b: Incineroar|83/100|[from] Recoil\n|move|p1b: Danoninho|Hyper Voice|p2b: Incineroar|[spread] p2b\n|-activate|p2a: Floette|move: Protect\n|-damage|p2b: Incineroar|42/100\n|-enditem|p2b: Incineroar|Sitrus Berry|[eat]\n|-heal|p2b: Incineroar|67/100|[from] item: Sitrus Berry\n|move|p1a: Conkeldurr|Drain Punch|p2b: Incineroar\n|-supereffective|p2b: Incineroar|1\n|-damage|p2b: Incineroar|0 fnt\n|faint|p2b: Incineroar\n|\n|-damage|p1b: Danoninho|0 fnt|[from] brn\n|faint|p1b: Danoninho\n|upkeep\n|\n|t:|1776255944\n|switch|p1b: Tyrano|Tyranitar, L50, F|100/100\n|-weather|Sandstorm|[from] ability: Sand Stream|[of] p1b: Tyrano\n|turn|7\n|\n|t:|1776255963\n|detailschange|p1b: Tyrano|Tyranitar-Mega, L50, F\n|-mega|p1b: Tyrano|Tyranitar|Tyranitarite\n|move|p2a: Floette|Dazzling Gleam|p1b: Tyrano|[spread] p1a,p1b\n|-supereffective|p1a: Conkeldurr|1\n|-supereffective|p1b: Tyrano|1\n|-damage|p1a: Conkeldurr|0 fnt\n|-damage|p1b: Tyrano|43/100\n|faint|p1a: Conkeldurr\n|move|p1b: Tyrano|Crunch|p2a: Floette\n|-resisted|p2a: Floette|1\n|-damage|p2a: Floette|2/100\n|\n|-weather|Sandstorm|[upkeep]\n|-damage|p2a: Floette|0 fnt|[from] Sandstorm\n|faint|p2a: Floette\n|\n|win|Thiagovik\n|raw|Thiagovik's rating: 1089 &rarr; <strong>1109</strong><br />(+20 for winning)\n|raw|KO0B4's rating: 1000 &rarr; <strong>1000</strong><br />(+0 for losing)\n|l|\u2606KO0B4\n|player|p2|\n",
  "uploadtime": 1776255978,
  "views": 20,
  "formatid": "gen9championsvgc2026regma",
  "rating": 1000,
  "private": 0,
  "password": null
}