{
  "id": "gen9championsvgc2026regma-2588700876",
  "format": "[Gen 9 Champions] VGC 2026 Reg M-A",
  "players": [
    "gimwepaw",
    "Jackalope11"
  ],
  "log": "|j|\u2606gimwepaw\n|j|\u2606Jackalope11\n|html|<table width=\"100%\"><tr><td align=\"left\">gimwepaw</td><td align=\"right\">Jackalope11</tr><tr><td align=\"left\"><i class=\"fa fa-circle\"></i> <i class=\"fa fa-circle-o\"></i> </td><td align=\"right\"><i class=\"fa fa-circle-o\"></i> <i class=\"fa fa-circle\"></i> </tr></table>\n|uhtml|bestof|<h2><strong>Game 3</strong> of <a href=\"/game-bestof3-gen9championsvgc2026regma-2588693939\">a best-of-3</a></h2>\n|t:|1776659364\n|gametype|doubles\n|player|p1|gimwepaw|265|\n|player|p2|Jackalope11|2|\n|gen|9\n|tier|[Gen 9 Champions] VGC 2026 Reg M-A\n|rule|Species Clause: Limit one of each Pok\u00e9mon\n|rule|Item Clause: Limit 1 of each item\n|raw|<div class=\"infobox\"><details class=\"readmore\" open><summary><strong>1 custom rule:</strong></summary> Best of = 3</details></div>\n|clearpoke\n|poke|p1|Feraligatr, L50, M|\n|poke|p1|Sinistcha, L50|\n|poke|p1|Arcanine-Hisui, L50, M|\n|poke|p1|Aerodactyl, L50, F|\n|poke|p1|Archaludon, L50, M|\n|poke|p1|Klefki, L50, F|\n|poke|p2|Rotom-Wash, L50|\n|poke|p2|Excadrill, L50, M|\n|poke|p2|Tyranitar, L50, F|\n|poke|p2|Sinistcha, L50|\n|poke|p2|Sneasler, L50, F|\n|poke|p2|Delphox, L50, M|\n|teampreview|4\n|inactive|Battle timer is ON: inactive players will automatically lose when time's up. (requested by gimwepaw)\n|inactive|Jackalope11 has 60 seconds left.\n|\n|t:|1776659407\n|teamsize|p1|4\n|teamsize|p2|4\n|start\n|switch|p1a: Feraligatr|Feraligatr, L50, M|100/100\n|switch|p1b: Klefki|Klefki, L50, F|100/100\n|switch|p2a: Sneasler|Sneasler, L50, F|100/100\n|switch|p2b: Delphox|Delphox, L50, M|100/100\n|turn|1\n|inactive|gimwepaw has 30 seconds left.\n|inactive|Jackalope11 has 30 seconds left.\n|\n|t:|1776659446\n|detailschange|p2b: Delphox|Delphox-Mega, L50, M\n|-mega|p2b: Delphox|Delphox|Delphoxite\n|move|p1a: Feraligatr|Protect|p1a: Feraligatr\n|-singleturn|p1a: Feraligatr|Protect\n|move|p1b: Klefki|Reflect|p1b: Klefki\n|-sidestart|p1: gimwepaw|Reflect\n|move|p2b: Delphox|Heat Wave|p1b: Klefki|[spread] p1b\n|-activate|p1a: Feraligatr|move: Protect\n|-supereffective|p1b: Klefki|1\n|-damage|p1b: Klefki|0 fnt\n|faint|p1b: Klefki\n|move|p2a: Sneasler|Taunt|p1a: Feraligatr\n|-activate|p1a: Feraligatr|move: Protect\n|\n|upkeep\n|c|\u2606Jackalope11|o\n|\n|t:|1776659466\n|switch|p1b: Sinistcha|Sinistcha, L50|100/100\n|turn|2\n|\n|t:|1776659475\n|detailschange|p1a: Feraligatr|Feraligatr-Mega, L50, M\n|-mega|p1a: Feraligatr|Feraligatr|Feraligite\n|move|p2b: Delphox|Heat Wave|p1b: Sinistcha|[spread] p1a,p1b\n|-resisted|p1a: Feraligatr|2\n|-supereffective|p1b: Sinistcha|1\n|-damage|p1a: Feraligatr|88/100\n|-damage|p1b: Sinistcha|3/100\n|-enditem|p1b: Sinistcha|Sitrus Berry|[eat]\n|-heal|p1b: Sinistcha|27/100|[from] item: Sitrus Berry\n|move|p2a: Sneasler|Dire Claw|p1a: Feraligatr\n|-damage|p1a: Feraligatr|60/100\n|move|p1a: Feraligatr|Liquidation|p2b: Delphox\n|-supereffective|p2b: Delphox|1\n|-damage|p2b: Delphox|0 fnt\n|faint|p2b: Delphox\n|move|p1b: Sinistcha|Trick Room|p1b: Sinistcha\n|-fieldstart|move: Trick Room|[of] p1b: Sinistcha\n|\n|upkeep\n|\n|t:|1776659489\n|switch|p2b: Tyranitar|Tyranitar, L50, F|100/100\n|-weather|Sandstorm|[from] ability: Sand Stream|[of] p2b: Tyranitar\n|turn|3\n|c|\u2606Jackalope11|devious lineup\n|inactive|Jackalope11 has 30 seconds left.\n|inactive|Jackalope11 has 20 seconds left.\n|c|\u2606Jackalope11|please flinch please flinch\n|inactive|Jackalope11 has 15 seconds left.\n|\n|t:|1776659533\n|move|p2b: Tyranitar|Protect|p2b: Tyranitar\n|-singleturn|p2b: Tyranitar|Protect\n|move|p1a: Feraligatr|Protect|p1a: Feraligatr\n|-singleturn|p1a: Feraligatr|Protect\n|move|p1b: Sinistcha|Matcha Gotcha|p2a: Sneasler|[spread] p2a\n|-activate|p2b: Tyranitar|move: Protect\n|-resisted|p2a: Sneasler|1\n|-damage|p2a: Sneasler|81/100\n|-heal|p1b: Sinistcha|36/100|[from] drain|[of] p2a: Sneasler\n|move|p2a: Sneasler|Dire Claw|p1a: Feraligatr\n|-activate|p1a: Feraligatr|move: Protect\n|\n|-weather|Sandstorm|[upkeep]\n|-damage|p1b: Sinistcha|30/100|[from] Sandstorm\n|-damage|p1a: Feraligatr|54/100|[from] Sandstorm\n|-damage|p2a: Sneasler|75/100|[from] Sandstorm\n|upkeep\n|turn|4\n|\n|t:|1776659549\n|move|p1b: Sinistcha|Matcha Gotcha|p2a: Sneasler|[spread] p2a,p2b\n|-resisted|p2a: Sneasler|1\n|-supereffective|p2b: Tyranitar|1\n|-damage|p2a: Sneasler|56/100\n|-heal|p1b: Sinistcha|39/100|[from] drain|[of] p2a: Sneasler\n|-damage|p2b: Tyranitar|67/100\n|-heal|p1b: Sinistcha|56/100|[from] drain|[of] p2b: Tyranitar\n|move|p2b: Tyranitar|Rock Slide|p1a: Feraligatr|[spread] p1b\n|-miss|p2b: Tyranitar|p1a: Feraligatr\n|-damage|p1b: Sinistcha|38/100\n|move|p1a: Feraligatr|Liquidation|p2b: Tyranitar\n|-supereffective|p2b: Tyranitar|1\n|-damage|p2b: Tyranitar|0 fnt\n|faint|p2b: Tyranitar\n|move|p2a: Sneasler|Dire Claw|p1a: Feraligatr\n|-damage|p1a: Feraligatr|24/100\n|\n|-weather|Sandstorm|[upkeep]\n|-damage|p1b: Sinistcha|32/100|[from] Sandstorm\n|-damage|p1a: Feraligatr|18/100|[from] Sandstorm\n|-damage|p2a: Sneasler|51/100|[from] Sandstorm\n|upkeep\n|\n|t:|1776659569\n|switch|p2b: Excadrill|Excadrill, L50, M|100/100\n|turn|5\n|\n|t:|1776659584\n|move|p2b: Excadrill|Protect|p2b: Excadrill\n|-singleturn|p2b: Excadrill|Protect\n|move|p1b: Sinistcha|Matcha Gotcha|p2b: Excadrill|[spread] p2a\n|-activate|p2b: Excadrill|move: Protect\n|-resisted|p2a: Sneasler|1\n|-damage|p2a: Sneasler|30/100\n|-heal|p1b: Sinistcha|42/100|[from] drain|[of] p2a: Sneasler\n|move|p1a: Feraligatr|Liquidation|p2a: Sneasler\n|-damage|p2a: Sneasler|0 fnt\n|faint|p2a: Sneasler\n|\n|-weather|Sandstorm|[upkeep]\n|-damage|p1b: Sinistcha|35/100|[from] Sandstorm\n|-damage|p1a: Feraligatr|12/100|[from] Sandstorm\n|-sideend|p1: gimwepaw|Reflect\n|upkeep\n|turn|6\n|c|\u2606gimwepaw|Ur done buddy.\n|\n|t:|1776659596\n|move|p2b: Excadrill|Protect|p2b: Excadrill\n|-singleturn|p2b: Excadrill|Protect\n|move|p1b: Sinistcha|Matcha Gotcha|p2b: Excadrill\n|-activate|p2b: Excadrill|move: Protect\n|move|p1a: Feraligatr|Liquidation|p2b: Excadrill\n|-activate|p2b: Excadrill|move: Protect\n|\n|-weather|Sandstorm|[upkeep]\n|-damage|p1b: Sinistcha|29/100|[from] Sandstorm\n|-damage|p1a: Feraligatr|5/100|[from] Sandstorm\n|-fieldend|move: Trick Room\n|upkeep\n|turn|7\n|c|\u2606Jackalope11|LMFAO\n|c|\u2606gimwepaw|WHAT\n|inactive|gimwepaw has 30 seconds left.\n|c|\u2606Jackalope11|have u ever played with ur life on the line\n|\n|t:|1776659628\n|move|p2b: Excadrill|Earthquake|p1a: Feraligatr|[spread] p1a,p1b\n|-resisted|p1b: Sinistcha|1\n|-damage|p1a: Feraligatr|0 fnt\n|-damage|p1b: Sinistcha|9/100\n|faint|p1a: Feraligatr\n|move|p1b: Sinistcha|Trick Room|p1b: Sinistcha\n|-fieldstart|move: Trick Room|[of] p1b: Sinistcha\n|\n|-weather|none\n|upkeep\n|\n|t:|1776659631\n|switch|p1a: Archaludon|Archaludon, L50, M|100/100\n|turn|8\n|c|\u2606Jackalope11|FUCKKK\n|c|\u2606Jackalope11|U TANKY BITCH\n|\n|t:|1776659643\n|move|p1b: Sinistcha|Matcha Gotcha|p2b: Excadrill\n|-damage|p2b: Excadrill|46/100\n|-heal|p1b: Sinistcha|38/100|[from] drain|[of] p2b: Excadrill\n|move|p1a: Archaludon|Draco Meteor|p2b: Excadrill\n|-resisted|p2b: Excadrill|1\n|-damage|p2b: Excadrill|7/100\n|-unboost|p1a: Archaludon|spa|2\n|move|p2b: Excadrill|Earthquake|p1b: Sinistcha|[spread] p1a,p1b\n|-supereffective|p1a: Archaludon|1\n|-resisted|p1b: Sinistcha|1\n|-damage|p1a: Archaludon|37/100\n|-damage|p1b: Sinistcha|18/100\n|-ability|p1a: Archaludon|Stamina|boost\n|-boost|p1a: Archaludon|def|1\n|\n|upkeep\n|turn|9\n|c|\u2606Jackalope11|noooo\n|c|\u2606gimwepaw|Bro what a game\n|inactive|Jackalope11 has 30 seconds left.\n|c|\u2606Jackalope11|thank you im full\n|\n|t:|1776659672\n|move|p1b: Sinistcha|Matcha Gotcha|p2b: Excadrill\n|-damage|p2b: Excadrill|0 fnt\n|-heal|p1b: Sinistcha|22/100|[from] drain|[of] p2b: Excadrill\n|faint|p2b: Excadrill\n|\n|win|gimwepaw\n|c|\u2606gimwepaw|LMFAO\n|c|\u2606gimwepaw|Ur good bro\n",
  "uploadtime": 1776659713,
  "views": 6,
  "formatid": "gen9championsvgc2026regma",
  "rating": null,
  "private": 0,
  "password": null
}