{
  "id": "gen9championsvgc2026regma-2581183395",
  "format": "[Gen 9 Champions] VGC 2026 Reg M-A",
  "players": [
    "GuitaHebbyFantaisa",
    "SteelixGoat"
  ],
  "log": "|j|\u2606GuitaHebbyFantaisa\n|j|\u2606SteelixGoat\n|t:|1775968155\n|gametype|doubles\n|player|p1|GuitaHebbyFantaisa|roxie|1097\n|player|p2|SteelixGoat|101|1029\n|gen|9\n|tier|[Gen 9 Champions] VGC 2026 Reg M-A\n|rated|\n|rule|Species Clause: Limit one of each Pok\u00e9mon\n|rule|Item Clause: Limit 1 of each item\n|clearpoke\n|poke|p1|Aggron, L50, F|\n|poke|p1|Incineroar, L50, M|\n|poke|p1|Sinistcha, L50|\n|poke|p1|Tyranitar, L50, F|\n|poke|p1|Sneasler, L50, M|\n|poke|p1|Lycanroc, L50, M|\n|poke|p2|Incineroar, L50, M|\n|poke|p2|Dragapult, L50, M|\n|poke|p2|Clefable, L50, F|\n|poke|p2|Glimmora, L50, M|\n|poke|p2|Whimsicott, L50, F|\n|poke|p2|Delphox, L50, F|\n|teampreview|4\n|inactive|Battle timer is ON: inactive players will automatically lose when time's up. (requested by GuitaHebbyFantaisa)\nGuitaHebbyFantaisa rejected open team sheets.\n|\n|t:|1775968173\n|teamsize|p1|4\n|teamsize|p2|4\n|start\n|switch|p1a: CoolCatRules|Incineroar, L50, M, shiny|100/100\n|switch|p1b: GO GO GODZILLA|Tyranitar, L50, F, shiny|100/100\n|switch|p2a: Incineroar|Incineroar, L50, M|100/100\n|switch|p2b: Delphox|Delphox, L50, F|100/100\n|-ability|p1a: CoolCatRules|Intimidate|boost\n|-unboost|p2a: Incineroar|atk|1\n|-unboost|p2b: Delphox|atk|1\n|-weather|Sandstorm|[from] ability: Sand Stream|[of] p1b: GO GO GODZILLA\n|-ability|p2a: Incineroar|Intimidate|boost\n|-unboost|p1a: CoolCatRules|atk|1\n|-unboost|p1b: GO GO GODZILLA|atk|1\n|turn|1\n|inactive|SteelixGoat has 30 seconds left.\n|inactive|SteelixGoat has 20 seconds left.\n|\n|t:|1775968210\n|switch|p2b: Clefable|Clefable, L50, F|100/100\n|move|p1a: CoolCatRules|Fake Out|p2a: Incineroar\n|-damage|p2a: Incineroar|92/100\n|cant|p2a: Incineroar|flinch\n|move|p1b: GO GO GODZILLA|Rock Slide|p2b: Clefable|[spread] p2a,p2b\n|-supereffective|p2a: Incineroar|1\n|-damage|p2a: Incineroar|51/100\n|-damage|p2b: Clefable|75/100\n|\n|-weather|Sandstorm|[upkeep]\n|-damage|p1a: CoolCatRules|94/100|[from] Sandstorm\n|-damage|p2a: Incineroar|45/100|[from] Sandstorm\n|-enditem|p2a: Incineroar|Sitrus Berry|[eat]\n|-heal|p2a: Incineroar|70/100|[from] item: Sitrus Berry\n|-heal|p2b: Clefable|81/100|[from] item: Leftovers\n|upkeep\n|turn|2\n|\n|t:|1775968235\n|move|p1a: CoolCatRules|Parting Shot|p2b: Clefable\n|-unboost|p2b: Clefable|atk|1\n|-unboost|p2b: Clefable|spa|1\n|\n|t:|1775968238\n|switch|p1a: THE WALL|Aggron, L50, F, shiny|100/100|[from] Parting Shot\n|move|p1b: GO GO GODZILLA|Crunch|p2b: Clefable\n|-resisted|p2b: Clefable|1\n|-damage|p2b: Clefable|63/100\n|-unboost|p2b: Clefable|def|1\n|move|p2a: Incineroar|Parting Shot|p1b: GO GO GODZILLA\n|-unboost|p1b: GO GO GODZILLA|atk|1\n|-unboost|p1b: GO GO GODZILLA|spa|1\n|\n|t:|1775968247\n|switch|p2a: Delphox|Delphox, L50, F|100/100|[from] Parting Shot\n|move|p2b: Clefable|Thunder Wave|p1a: THE WALL\n|-status|p1a: THE WALL|par\n|\n|-weather|Sandstorm|[upkeep]\n|-damage|p2a: Delphox|95/100|[from] Sandstorm\n|-heal|p2b: Clefable|69/100|[from] item: Leftovers\n|upkeep\n|turn|3\n|c|\u2606GuitaHebbyFantaisa|ngl I expected mega clef\n|\n|t:|1775968272\n|detailschange|p2a: Delphox|Delphox-Mega, L50, F\n|-mega|p2a: Delphox|Delphox|Delphoxite\n|detailschange|p1a: THE WALL|Aggron-Mega, L50, F, shiny\n|-mega|p1a: THE WALL|Aggron|Aggronite\n|move|p2b: Clefable|Helping Hand|p2a: Delphox\n|-singleturn|p2a: Delphox|Helping Hand|[of] p2b: Clefable\n|move|p2a: Delphox|Heat Wave|p1a: THE WALL|[spread] p1a,p1b\n|-supereffective|p1a: THE WALL|1\n|-resisted|p1b: GO GO GODZILLA|1\n|-damage|p1a: THE WALL|6/100 par\n|-damage|p1b: GO GO GODZILLA|82/100\n|move|p1b: GO GO GODZILLA|Rock Slide|p2b: Clefable|[spread] p2a,p2b\n|-supereffective|p2a: Delphox|1\n|-damage|p2a: Delphox|43/100\n|-damage|p2b: Clefable|41/100\n|move|p1a: THE WALL|Heavy Slam|p2b: Clefable\n|-supereffective|p2b: Clefable|1\n|-damage|p2b: Clefable|0 fnt\n|faint|p2b: Clefable\n|\n|-weather|Sandstorm|[upkeep]\n|-damage|p2a: Delphox|37/100|[from] Sandstorm\n|upkeep\n|\n|t:|1775968289\n|switch|p2b: Dragapult|Dragapult, L50, M|100/100\n|turn|4\n|\n|t:|1775968305\n|switch|p1b: CoolCatRules|Incineroar, L50, M, shiny|94/100\n|-ability|p1b: CoolCatRules|Intimidate|boost\n|-unboost|p2a: Delphox|atk|1\n|-fail|p2b: Dragapult|unboost|[from] ability: Clear Body|[of] p2b: Dragapult\n|cant|p1a: THE WALL|par\n|move|p2b: Dragapult|U-turn|p1b: CoolCatRules\n|-damage|p1b: CoolCatRules|73/100\n|\n|t:|1775968316\n|switch|p2b: Incineroar|Incineroar, L50, M|70/100|[from] U-turn\n|-ability|p2b: Incineroar|Intimidate|boost\n|-unboost|p1a: THE WALL|atk|1\n|-unboost|p1b: CoolCatRules|atk|1\n|move|p2a: Delphox|Heat Wave|p1b: CoolCatRules|[spread] p1a,p1b\n|-supereffective|p1a: THE WALL|1\n|-resisted|p1b: CoolCatRules|1\n|-damage|p1a: THE WALL|0 fnt\n|-damage|p1b: CoolCatRules|56/100\n|faint|p1a: THE WALL\n|\n|-weather|Sandstorm|[upkeep]\n|-damage|p2a: Delphox|31/100|[from] Sandstorm\n|-damage|p1b: CoolCatRules|50/100|[from] Sandstorm\n|-damage|p2b: Incineroar|64/100|[from] Sandstorm\n|-enditem|p1b: CoolCatRules|Sitrus Berry|[eat]\n|-heal|p1b: CoolCatRules|75/100|[from] item: Sitrus Berry\n|upkeep\n|\n|t:|1775968329\n|switch|p1a: The DAWG in me|Lycanroc, L50, M, shiny|100/100\n|turn|5\n|\n|t:|1775968338\n|move|p1b: CoolCatRules|Fake Out|p2b: Incineroar\n|-damage|p2b: Incineroar|56/100\n|cant|p2b: Incineroar|flinch\n|move|p1a: The DAWG in me|Rock Slide|p2b: Incineroar|[spread] p2a,p2b\n|-supereffective|p2a: Delphox|1\n|-supereffective|p2b: Incineroar|1\n|-damage|p2a: Delphox|0 fnt\n|-damage|p2b: Incineroar|0 fnt\n|faint|p2a: Delphox\n|faint|p2b: Incineroar\n|\n|-weather|none\n|upkeep\n|-message|SteelixGoat forfeited.\n|\n|win|GuitaHebbyFantaisa\n|raw|GuitaHebbyFantaisa's rating: 1097 &rarr; <strong>1118</strong><br />(+21 for winning)\n|raw|SteelixGoat's rating: 1029 &rarr; <strong>1017</strong><br />(-12 for losing)\n|l|\u2606SteelixGoat\n|player|p2|\n",
  "uploadtime": 1775968348,
  "views": 11,
  "formatid": "gen9championsvgc2026regma",
  "rating": 1017,
  "private": 0,
  "password": null
}