{
  "id": "gen9championsvgc2026regma-2584668523",
  "format": "[Gen 9 Champions] VGC 2026 Reg M-A",
  "players": [
    "oFlotz",
    "mikaboshii"
  ],
  "log": "|j|\u2606oFlotz\n|j|\u2606mikaboshii\n|t:|1776275607\n|gametype|doubles\n|player|p1|oFlotz|hiker-gen4|1123\n|player|p2|mikaboshii|1|1111\n|gen|9\n|tier|[Gen 9 Champions] VGC 2026 Reg M-A\n|rated|\n|rule|Species Clause: Limit one of each Pok\u00e9mon\n|rule|Item Clause: Limit 1 of each item\n|clearpoke\n|poke|p1|Tauros-Paldea-Aqua, L50, M|\n|poke|p1|Meganium, L50, F|\n|poke|p1|Aerodactyl, L50, M|\n|poke|p1|Tyranitar, L50, M|\n|poke|p1|Excadrill, L50, F|\n|poke|p1|Dragonite, L50, M|\n|poke|p2|Araquanid, L50, F|\n|poke|p2|Gourgeist-*, L50, M|\n|poke|p2|Kingambit, L50, F|\n|poke|p2|Starmie, L50|\n|poke|p2|Rotom-Heat, L50|\n|poke|p2|Slowbro-Galar, L50, F|\n|teampreview|4\n|\n|t:|1776275640\n|teamsize|p1|4\n|teamsize|p2|4\n|start\n|switch|p1a: Aerodactyl|Aerodactyl, L50, M|100/100\n|switch|p1b: Dragonite|Dragonite, L50, M|100/100\n|switch|p2a: Slowbro|Slowbro-Galar, L50, F|100/100\n|switch|p2b: Araquanid|Araquanid, L50, F|100/100\n|-ability|p1a: Aerodactyl|Unnerve\n|turn|1\n|inactive|Battle timer is ON: inactive players will automatically lose when time's up. (requested by mikaboshii)\n|\n|t:|1776275662\n|move|p2b: Araquanid|Wide Guard|p2b: Araquanid\n|-singleturn|p2b: Araquanid|Wide Guard\n|move|p1a: Aerodactyl|Tailwind|p1a: Aerodactyl\n|-sidestart|p1: oFlotz|move: Tailwind\n|move|p1b: Dragonite|Scale Shot|p2a: Slowbro\n|-damage|p2a: Slowbro|87/100\n|-damage|p2a: Slowbro|72/100\n|-damage|p2a: Slowbro|57/100\n|-hitcount|p2a: Slowbro|3\n|-unboost|p1b: Dragonite|def|1\n|-boost|p1b: Dragonite|spe|1\n|-enditem|p1b: Dragonite|White Herb\n|-clearnegativeboost|p1b: Dragonite|[silent]\n|move|p2a: Slowbro|Trick Room|p2a: Slowbro\n|-fieldstart|move: Trick Room|[of] p2a: Slowbro\n|\n|upkeep\n|turn|2\n|inactive|oFlotz has 30 seconds left.\n|inactive|mikaboshii has 30 seconds left.\n|-activate|p2a: Slowbro|item: Quick Claw\n|\n|t:|1776275689\n|switch|p1a: Tauros|Tauros-Paldea-Aqua, L50, M|100/100\n|-ability|p1a: Tauros|Intimidate|boost\n|-unboost|p2a: Slowbro|atk|1\n|-unboost|p2b: Araquanid|atk|1\n|move|p1b: Dragonite|Extreme Speed|p2a: Slowbro\n|-damage|p2a: Slowbro|29/100\n|move|p2a: Slowbro|Shell Side Arm|p1b: Dragonite|[anim] Shell Side Arm Special\n|-damage|p1b: Dragonite|83/100\n|-hint|Special Shell Side Arm\n|move|p2b: Araquanid|Liquidation|p1a: Tauros\n|-resisted|p1a: Tauros|1\n|-damage|p1a: Tauros|73/100\n|\n|upkeep\n|turn|3\n|inactive|mikaboshii has 30 seconds left.\n|\n|t:|1776275722\n|switch|p2a: Kingambit|Kingambit, L50, F|100/100\n|move|p1b: Dragonite|Extreme Speed|p2a: Kingambit\n|-resisted|p2a: Kingambit|1\n|-damage|p2a: Kingambit|88/100\n|move|p2b: Araquanid|Bug Bite|p1a: Tauros\n|-resisted|p1a: Tauros|1\n|-damage|p1a: Tauros|64/100\n|-enditem|p1a: Tauros|Sitrus Berry|[from] stealeat|[move] Bug Bite|[of] p2b: Araquanid\n|move|p1a: Tauros|Stone Edge|p2b: Araquanid|[miss]\n|-miss|p1a: Tauros|p2b: Araquanid\n|\n|upkeep\n|turn|4\n|\n|t:|1776275745\n|move|p2a: Kingambit|Protect|p2a: Kingambit\n|-singleturn|p2a: Kingambit|Protect\n|move|p2b: Araquanid|Liquidation|p1b: Dragonite\n|-resisted|p1b: Dragonite|1\n|-damage|p1b: Dragonite|58/100\n|move|p1b: Dragonite|Scale Shot|p2b: Araquanid\n|-damage|p2b: Araquanid|84/100\n|-damage|p2b: Araquanid|67/100\n|-damage|p2b: Araquanid|50/100\n|-hitcount|p2b: Araquanid|3\n|-unboost|p1b: Dragonite|def|1\n|-boost|p1b: Dragonite|spe|1\n|move|p1a: Tauros|Close Combat|p2a: Kingambit\n|-activate|p2a: Kingambit|move: Protect\n|\n|-sideend|p1: oFlotz|move: Tailwind\n|upkeep\n|turn|5\n|inactive|mikaboshii has 30 seconds left.\n|\n|t:|1776275775\n|switch|p2a: Slowbro|Slowbro-Galar, L50, F|29/100\n|move|p1b: Dragonite|Extreme Speed|p2b: Araquanid\n|-damage|p2b: Araquanid|15/100\n|move|p2b: Araquanid|Liquidation|p1b: Dragonite\n|-resisted|p1b: Dragonite|1\n|-damage|p1b: Dragonite|24/100\n|move|p1a: Tauros|Close Combat|p2a: Slowbro\n|-resisted|p2a: Slowbro|2\n|-damage|p2a: Slowbro|13/100\n|-unboost|p1a: Tauros|def|1\n|-unboost|p1a: Tauros|spd|1\n|\n|-fieldend|move: Trick Room\n|upkeep\n|turn|6\n|-activate|p2a: Slowbro|ability: Quick Draw\n|\n|t:|1776275795\n|move|p1b: Dragonite|Extreme Speed|p2b: Araquanid\n|-damage|p2b: Araquanid|0 fnt\n|faint|p2b: Araquanid\n|move|p1a: Tauros|Aqua Jet|p2a: Slowbro\n|-damage|p2a: Slowbro|0 fnt\n|faint|p2a: Slowbro\n|\n|upkeep\n|\n|t:|1776275804\n|switch|p2b: Starmie|Starmie, L50|100/100\n|switch|p2a: Kingambit|Kingambit, L50, F|88/100\n|turn|7\n|\n|t:|1776275822\n|detailschange|p2b: Starmie|Starmie-Mega, L50\n|-mega|p2b: Starmie|Starmie|Starminite\n|move|p2a: Kingambit|Sucker Punch||[still]\n|-fail|p2a: Kingambit\n|move|p1b: Dragonite|Tailwind|p1b: Dragonite\n|-sidestart|p1: oFlotz|move: Tailwind\n|move|p1a: Tauros|Close Combat|p2a: Kingambit\n|-supereffective|p2a: Kingambit|2\n|-damage|p2a: Kingambit|0 fnt\n|-unboost|p1a: Tauros|def|1\n|-unboost|p1a: Tauros|spd|1\n|faint|p2a: Kingambit\n|move|p2b: Starmie|Liquidation|p1a: Tauros\n|-resisted|p1a: Tauros|1\n|-damage|p1a: Tauros|0 fnt\n|faint|p1a: Tauros\n|\n|upkeep\n|\n|t:|1776275839\n|switch|p1a: Meganium|Meganium, L50, F|100/100\n|turn|8\n|\n|t:|1776275848\n|detailschange|p1a: Meganium|Meganium-Mega, L50, F\n|-mega|p1a: Meganium|Meganium|Meganiumite\n|move|p2b: Starmie|Protect|p2b: Starmie\n|-singleturn|p2b: Starmie|Protect\n|move|p1b: Dragonite|Scale Shot|p2b: Starmie\n|-activate|p2b: Starmie|move: Protect\n|move|p1a: Meganium|Solar Beam||[still]\n|-prepare|p1a: Meganium|Solar Beam\n|-activate|p1a: Meganium|ability: Mega Sol\n|-anim|p1a: Meganium|Solar Beam|p2b: Starmie\n|-activate|p2b: Starmie|move: Protect\n|\n|upkeep\n|turn|9\n|\n|t:|1776275865\n|move|p1b: Dragonite|Scale Shot|p2b: Starmie\n|-damage|p2b: Starmie|83/100\n|-damage|p2b: Starmie|65/100\n|-damage|p2b: Starmie|48/100\n|-hitcount|p2b: Starmie|3\n|-unboost|p1b: Dragonite|def|1\n|-boost|p1b: Dragonite|spe|1\n|move|p1a: Meganium|Solar Beam||[still]\n|-prepare|p1a: Meganium|Solar Beam\n|-activate|p1a: Meganium|ability: Mega Sol\n|-anim|p1a: Meganium|Solar Beam|p2b: Starmie\n|-supereffective|p2b: Starmie|1\n|-damage|p2b: Starmie|0 fnt\n|faint|p2b: Starmie\n|\n|win|oFlotz\n|raw|oFlotz's rating: 1123 &rarr; <strong>1147</strong><br />(+24 for winning)\n|raw|mikaboshii's rating: 1111 &rarr; <strong>1087</strong><br />(-24 for losing)\n",
  "uploadtime": 1776275884,
  "views": 15,
  "formatid": "gen9championsvgc2026regma",
  "rating": 1087,
  "private": 0,
  "password": null
}