{
  "id": "gen9championsvgc2026regma-2585102784",
  "format": "[Gen 9 Champions] VGC 2026 Reg M-A",
  "players": [
    "BabyBirdLucy",
    "Terypagos"
  ],
  "log": "|j|\u2606BabyBirdLucy\n|j|\u2606Terypagos\n|t:|1776312057\n|gametype|doubles\n|player|p1|BabyBirdLucy|red-gen2|1329\n|player|p2|Terypagos|turo-ai|1390\n|gen|9\n|tier|[Gen 9 Champions] VGC 2026 Reg M-A\n|rated|\n|rule|Species Clause: Limit one of each Pok\u00e9mon\n|rule|Item Clause: Limit 1 of each item\n|clearpoke\n|poke|p1|Palafin, L50, F|\n|poke|p1|Floette-Eternal, L50, F|\n|poke|p1|Garchomp, L50, F|\n|poke|p1|Incineroar, L50, M|\n|poke|p1|Sinistcha, L50|\n|poke|p1|Corviknight, L50, F|\n|poke|p2|Floette-Eternal, L50, F|\n|poke|p2|Aerodactyl, L50, F|\n|poke|p2|Garchomp, L50, F|\n|poke|p2|Incineroar, L50, F|\n|poke|p2|Basculegion, L50, M|\n|poke|p2|Sneasler, L50, M|\n|teampreview|4\n|inactive|Battle timer is ON: inactive players will automatically lose when time's up. (requested by BabyBirdLucy)\n|inactive|BabyBirdLucy has 60 seconds left.\n|inactive|Terypagos has 60 seconds left.\n|\n|t:|1776312115\n|teamsize|p1|4\n|teamsize|p2|4\n|start\n|switch|p1a: Corviknight|Corviknight, L50, F|100/100\n|switch|p1b: Palafin|Palafin, L50, F|100/100\n|switch|p2a: Floette|Floette-Eternal, L50, F|100/100\n|switch|p2b: Aerodactyl|Aerodactyl, L50, F|100/100\n|-ability|p2b: Aerodactyl|Unnerve\n|turn|1\n|\n|t:|1776312128\n|detailschange|p2a: Floette|Floette-Mega, L50, F\n|-mega|p2a: Floette|Floette|Floettite\n|-ability|p2a: Floette|Fairy Aura\n|move|p1b: Palafin|Protect|p1b: Palafin\n|-singleturn|p1b: Palafin|Protect\n|move|p2b: Aerodactyl|Tailwind|p2b: Aerodactyl\n|-sidestart|p2: Terypagos|move: Tailwind\n|move|p2a: Floette|Moonblast|p1b: Palafin\n|-activate|p1b: Palafin|move: Protect\n|move|p1a: Corviknight|Bulk Up|p1a: Corviknight\n|-boost|p1a: Corviknight|atk|1\n|-boost|p1a: Corviknight|def|1\n|\n|upkeep\n|turn|2\n|\n|t:|1776312151\n|detailschange|p1b: Palafin|Palafin-Hero, L50, F\n|switch|p1b: Incineroar|Incineroar, L50, M|100/100\n|-ability|p1b: Incineroar|Intimidate|boost\n|-unboost|p2a: Floette|atk|1\n|-unboost|p2b: Aerodactyl|atk|1\n|move|p2a: Floette|Protect|p2a: Floette\n|-singleturn|p2a: Floette|Protect\n|move|p2b: Aerodactyl|Rock Slide|p1a: Corviknight|[spread] p1a,p1b\n|-supereffective|p1b: Incineroar|1\n|-damage|p1a: Corviknight|90/100\n|-damage|p1b: Incineroar|74/100\n|move|p1a: Corviknight|Tailwind|p1a: Corviknight\n|-sidestart|p1: BabyBirdLucy|move: Tailwind\n|\n|-heal|p1a: Corviknight|96/100|[from] item: Leftovers\n|upkeep\n|turn|3\n|\n|t:|1776312166\n|switch|p2a: Sneasler|Sneasler, L50, M, shiny|100/100\n|move|p1b: Incineroar|Fake Out|p2a: Sneasler\n|-damage|p2a: Sneasler|83/100\n|move|p2b: Aerodactyl|Rock Slide|p1b: Incineroar|[spread] p1a,p1b\n|-supereffective|p1b: Incineroar|1\n|-damage|p1a: Corviknight|86/100\n|-damage|p1b: Incineroar|50/100\n|cant|p1a: Corviknight|flinch\n|\n|-heal|p1a: Corviknight|92/100|[from] item: Leftovers\n|upkeep\n|turn|4\n|\n|t:|1776312184\n|move|p2b: Aerodactyl|Rock Slide|p1b: Incineroar|[spread] p1a,p1b\n|-supereffective|p1b: Incineroar|1\n|-damage|p1a: Corviknight|82/100\n|-damage|p1b: Incineroar|26/100\n|move|p2a: Sneasler|Close Combat|p1b: Incineroar\n|-supereffective|p1b: Incineroar|1\n|-damage|p1b: Incineroar|0 fnt\n|-unboost|p2a: Sneasler|def|1\n|-unboost|p2a: Sneasler|spd|1\n|faint|p1b: Incineroar\n|-enditem|p2a: Sneasler|White Herb\n|-clearnegativeboost|p2a: Sneasler|[silent]\n|move|p1a: Corviknight|Bulk Up|p1a: Corviknight\n|-boost|p1a: Corviknight|atk|1\n|-boost|p1a: Corviknight|def|1\n|\n|-heal|p1a: Corviknight|88/100|[from] item: Leftovers\n|-sideend|p2: Terypagos|move: Tailwind\n|upkeep\n|\n|t:|1776312191\n|switch|p1b: Palafin|Palafin-Hero, L50, F|100/100\n|-activate|p1b: Palafin|ability: Zero to Hero\n|turn|5\n|\n|t:|1776312206\n|move|p2a: Sneasler|Protect|p2a: Sneasler\n|-singleturn|p2a: Sneasler|Protect\n|move|p1b: Palafin|Jet Punch|p2b: Aerodactyl\n|-supereffective|p2b: Aerodactyl|1\n|-enditem|p2b: Aerodactyl|Focus Sash\n|-damage|p2b: Aerodactyl|1/100\n|move|p2b: Aerodactyl|Tailwind|p2b: Aerodactyl\n|-sidestart|p2: Terypagos|move: Tailwind\n|move|p1a: Corviknight|Brave Bird|p2a: Sneasler\n|-activate|p2a: Sneasler|move: Protect\n|\n|-heal|p1a: Corviknight|94/100|[from] item: Leftovers\n|-sideend|p1: BabyBirdLucy|move: Tailwind\n|upkeep\n|turn|6\n|\n|t:|1776312226\n|move|p1b: Palafin|Protect|p1b: Palafin\n|-singleturn|p1b: Palafin|Protect\n|move|p2a: Sneasler|Close Combat|p1b: Palafin\n|-activate|p1b: Palafin|move: Protect\n|move|p2b: Aerodactyl|Rock Slide|p1a: Corviknight|[spread] p1a\n|-activate|p1b: Palafin|move: Protect\n|-damage|p1a: Corviknight|88/100\n|move|p1a: Corviknight|Tailwind|p1a: Corviknight\n|-sidestart|p1: BabyBirdLucy|move: Tailwind\n|\n|-heal|p1a: Corviknight|94/100|[from] item: Leftovers\n|upkeep\n|turn|7\n|\n|t:|1776312244\n|switch|p2b: Basculegion|Basculegion, L50, M, shiny|100/100\n|move|p1b: Palafin|Jet Punch|p2b: Basculegion\n|-resisted|p2b: Basculegion|1\n|-damage|p2b: Basculegion|67/100\n|move|p2a: Sneasler|Close Combat|p1b: Palafin\n|-damage|p1b: Palafin|38/100\n|-unboost|p2a: Sneasler|def|1\n|-unboost|p2a: Sneasler|spd|1\n|move|p1a: Corviknight|Bulk Up|p1a: Corviknight\n|-boost|p1a: Corviknight|atk|1\n|-boost|p1a: Corviknight|def|1\n|\n|-heal|p1a: Corviknight|99/100|[from] item: Leftovers\n|upkeep\n|turn|8\n|\n|t:|1776312267\n|move|p1b: Palafin|Protect|p1b: Palafin\n|-singleturn|p1b: Palafin|Protect\n|move|p2a: Sneasler|Close Combat|p1b: Palafin\n|-activate|p1b: Palafin|move: Protect\n|move|p2b: Basculegion|Flip Turn|p1a: Corviknight\n|-damage|p1a: Corviknight|86/100\n|\n|t:|1776312273\n|switch|p2b: Aerodactyl|Aerodactyl, L50, F|1/100|[from] Flip Turn\n|-ability|p2b: Aerodactyl|Unnerve\n|move|p1a: Corviknight|Brave Bird|p2b: Aerodactyl\n|-resisted|p2b: Aerodactyl|1\n|-damage|p2b: Aerodactyl|0 fnt\n|faint|p2b: Aerodactyl\n|-damage|p1a: Corviknight|85/100|[from] Recoil\n|\n|-heal|p1a: Corviknight|91/100|[from] item: Leftovers\n|-sideend|p2: Terypagos|move: Tailwind\n|upkeep\n|\n|t:|1776312283\n|switch|p2b: Floette|Floette-Mega, L50, F|100/100\n|-ability|p2b: Floette|Fairy Aura\n|turn|9\n|\n|t:|1776312302\n|move|p2a: Sneasler|Protect|p2a: Sneasler\n|-singleturn|p2a: Sneasler|Protect\n|move|p2b: Floette|Protect|p2b: Floette\n|-singleturn|p2b: Floette|Protect\n|move|p1b: Palafin|Jet Punch|p2a: Sneasler\n|-activate|p2a: Sneasler|move: Protect\n|move|p1a: Corviknight|Bulk Up|p1a: Corviknight\n|-boost|p1a: Corviknight|atk|1\n|-boost|p1a: Corviknight|def|1\n|\n|-heal|p1a: Corviknight|97/100|[from] item: Leftovers\n|-sideend|p1: BabyBirdLucy|move: Tailwind\n|upkeep\n|turn|10\n|\n|t:|1776312325\n|move|p1b: Palafin|Protect|p1b: Palafin\n|-singleturn|p1b: Palafin|Protect\n|move|p2a: Sneasler|Close Combat|p1a: Corviknight\n|-damage|p1a: Corviknight|78/100\n|-unboost|p2a: Sneasler|def|1\n|-unboost|p2a: Sneasler|spd|1\n|move|p2b: Floette|Light of Ruin|p1a: Corviknight\n|-resisted|p1a: Corviknight|1\n|-damage|p1a: Corviknight|30/100\n|-damage|p2b: Floette|67/100|[from] Recoil\n|move|p1a: Corviknight|Tailwind|p1a: Corviknight\n|-sidestart|p1: BabyBirdLucy|move: Tailwind\n|\n|-heal|p1a: Corviknight|36/100|[from] item: Leftovers\n|upkeep\n|turn|11\n|\n|t:|1776312346\n|switch|p2a: Basculegion|Basculegion, L50, M, shiny|67/100\n|move|p2b: Floette|Protect|p2b: Floette\n|-singleturn|p2b: Floette|Protect\n|move|p1b: Palafin|Wave Crash|p2b: Floette\n|-activate|p2b: Floette|move: Protect\n|move|p1a: Corviknight|Roost|p1a: Corviknight\n|-heal|p1a: Corviknight|86/100\n|-singleturn|p1a: Corviknight|move: Roost\n|\n|-heal|p1a: Corviknight|92/100|[from] item: Leftovers\n|upkeep\n|turn|12\n|\n|t:|1776312359\n|switch|p2b: Sneasler|Sneasler, L50, M, shiny|83/100\n|move|p1b: Palafin|Wave Crash|p2b: Sneasler\n|-damage|p2b: Sneasler|0 fnt\n|faint|p2b: Sneasler\n|-damage|p1b: Palafin|17/100|[from] Recoil\n|move|p2a: Basculegion|Last Respects|p1b: Palafin\n|-damage|p1b: Palafin|0 fnt\n|faint|p1b: Palafin\n|move|p1a: Corviknight|Brave Bird|p2a: Basculegion\n|-damage|p2a: Basculegion|0 fnt\n|faint|p2a: Basculegion\n|-damage|p1a: Corviknight|71/100|[from] Recoil\n|\n|-heal|p1a: Corviknight|77/100|[from] item: Leftovers\n|upkeep\n|\n|t:|1776312370\n|switch|p2b: Floette|Floette-Mega, L50, F|67/100\n|switch|p1b: Floette|Floette-Eternal, L50, F|100/100\n|-ability|p2b: Floette|Fairy Aura\n|turn|13\n|\n|t:|1776312379\n|detailschange|p1b: Floette|Floette-Mega, L50, F\n|-mega|p1b: Floette|Floette|Floettite\n|-ability|p1b: Floette|Fairy Aura\n|move|p2b: Floette|Protect|p2b: Floette\n|-singleturn|p2b: Floette|Protect\n|move|p1b: Floette|Moonblast|p2b: Floette\n|-activate|p2b: Floette|move: Protect\n|move|p1a: Corviknight|Brave Bird|p2b: Floette\n|-activate|p2b: Floette|move: Protect\n|\n|-heal|p1a: Corviknight|82/100|[from] item: Leftovers\n|-sideend|p1: BabyBirdLucy|move: Tailwind\n|upkeep\n|turn|14\n|\n|t:|1776312386\n|move|p1b: Floette|Protect|p1b: Floette\n|-singleturn|p1b: Floette|Protect\n|move|p2b: Floette|Light of Ruin|p1a: Corviknight\n|-resisted|p1a: Corviknight|1\n|-damage|p1a: Corviknight|29/100\n|-damage|p2b: Floette|30/100|[from] Recoil\n|move|p1a: Corviknight|Tailwind|p1a: Corviknight\n|-sidestart|p1: BabyBirdLucy|move: Tailwind\n|\n|-heal|p1a: Corviknight|35/100|[from] item: Leftovers\n|upkeep\n|turn|15\n|-message|Terypagos forfeited.\n|\n|win|BabyBirdLucy\n|raw|BabyBirdLucy's rating: 1329 &rarr; <strong>1352</strong><br />(+23 for winning)\n|raw|Terypagos's rating: 1390 &rarr; <strong>1367</strong><br />(-23 for losing)\n|l|\u2606Terypagos\n|player|p2|\n|l|\u2606BabyBirdLucy\n|player|p1|\n|j|\u2606Terypagos\n|player|p2|Terypagos|turo-ai|\n",
  "uploadtime": 1776312601,
  "views": 32,
  "formatid": "gen9championsvgc2026regma",
  "rating": 1352,
  "private": 0,
  "password": null
}