{
  "id": "gen9championsvgc2026regma-2586137185",
  "format": "[Gen 9 Champions] VGC 2026 Reg M-A",
  "players": [
    "forkuser222",
    "kingofbivalve"
  ],
  "log": "|j|\u2606forkuser222\n|j|\u203dkingofbivalve\n|t:|1776403623\n|gametype|doubles\n|player|p1|forkuser222|dancer|\n|player|p2|kingofbivalve|266|\n|gen|9\n|tier|[Gen 9 Champions] VGC 2026 Reg M-A\n|rated|Tournament battle\n|rule|Species Clause: Limit one of each Pok\u00e9mon\n|rule|Item Clause: Limit 1 of each item\n|raw|<div class=\"infobox\"><details class=\"readmore\" open><summary><strong>1 custom rule:</strong></summary> Force Open Team Sheets</details></div>\n|clearpoke\n|poke|p1|Incineroar, L50, M|\n|poke|p1|Corviknight, L50, F|\n|poke|p1|Garchomp, L50, F|\n|poke|p1|Floette-Eternal, L50, F|\n|poke|p1|Sneasler, L50, M|\n|poke|p1|Sinistcha, L50|\n|poke|p2|Mamoswine, L50, F|\n|poke|p2|Ninetales-Alola, L50, F|\n|poke|p2|Archaludon, L50, F|\n|poke|p2|Golurk, L50|\n|poke|p2|Froslass, L50, F|\n|poke|p2|Maushold-Four, L50|\n|teampreview|4\n|showteam|p1|Incineroar||ChopleBerry|Intimidate|FakeOut,FlareBlitz,ThroatChop,PartingShot|||M|||50|]Corviknight||Leftovers|MirrorArmor|IronHead,BraveBird,Roost,BulkUp|||F|||50|]Garchomp||Garchompite|RoughSkin|Earthquake,StompingTantrum,Protect,RockSlide|||F|||50|]Floette-Eternal||Floettite|FlowerVeil|Moonblast,DrainingKiss,CalmMind,Protect|||F|||50|]Sneasler||FocusSash|Pressure|FakeOut,CloseCombat,Coaching,DireClaw|||M|||50|]Sinistcha||SitrusBerry|Hospitality|MatchaGotcha,RagePowder,TrickRoom,Protect||||||50|\n|showteam|p2|Mamoswine||Leftovers|Oblivious|Earthquake,Blizzard,HighHorsepower,Protect|||F|||50|]Ninetales-Alola||FocusSash|SnowWarning|AuroraVeil,TripleAxel,Encore,Protect|||F|||50|]Archaludon||ChopleBerry|Stamina|MeteorBeam,HardPress,StoneEdge,Protect|||F|||50|]Golurk||Golurkite|IronFist|ShadowPunch,FocusPunch,HeadlongRush,Protect||||||50|]Froslass||Froslassite|CursedBody|Blizzard,DoubleTeam,Hex,Protect|||F|||50|]Maushold-Four||SitrusBerry|CheekPouch|FollowMe,PopulationBomb,HyperVoice,Protect||||||50|\n|\n|t:|1776403653\n|teamsize|p1|4\n|teamsize|p2|4\n|start\n|switch|p1a: Corviknight|Corviknight, L50, F|100/100\n|switch|p1b: Incineroar|Incineroar, L50, M|100/100\n|switch|p2a: Ninetales|Ninetales-Alola, L50, F, shiny|100/100\n|switch|p2b: Mamoswine|Mamoswine, L50, F|100/100\n|-weather|Snowscape|[from] ability: Snow Warning|[of] p2a: Ninetales\n|-ability|p1b: Incineroar|Intimidate|boost\n|-unboost|p2a: Ninetales|atk|1\n|-fail|p2b: Mamoswine|unboost|Attack|[from] ability: Oblivious|[of] p2b: Mamoswine\n|turn|1\n|\n|t:|1776403695\n|move|p1b: Incineroar|Fake Out|p2b: Mamoswine\n|-crit|p2b: Mamoswine\n|-damage|p2b: Mamoswine|90/100\n|move|p2a: Ninetales|Aurora Veil|p2a: Ninetales\n|-sidestart|p2: kingofbivalve|move: Aurora Veil\n|cant|p2b: Mamoswine|flinch\n|move|p1a: Corviknight|Iron Head|p2a: Ninetales\n|-supereffective|p2a: Ninetales|2\n|-damage|p2a: Ninetales|52/100\n|\n|-weather|Snowscape|[upkeep]\n|-heal|p2b: Mamoswine|96/100|[from] item: Leftovers\n|upkeep\n|turn|2\n|\n|t:|1776403716\n|move|p2a: Ninetales|Encore|p1b: Incineroar\n|-start|p1b: Incineroar|Encore\n|move|p1b: Incineroar|Fake Out||[still]\n|-hint|Fake Out only works on your first turn out.\n|-fail|p1b: Incineroar\n|move|p2b: Mamoswine|High Horsepower|p1b: Incineroar\n|-supereffective|p1b: Incineroar|1\n|-damage|p1b: Incineroar|43/100\n|move|p1a: Corviknight|Bulk Up|p1a: Corviknight\n|-boost|p1a: Corviknight|atk|1\n|-boost|p1a: Corviknight|def|1\n|\n|-weather|Snowscape|[upkeep]\n|-heal|p2b: Mamoswine|100/100|[from] item: Leftovers\n|upkeep\n|turn|3\n|\n|t:|1776403741\n|move|p2a: Ninetales|Triple Axel|p1a: Corviknight\n|-crit|p1a: Corviknight\n|-damage|p1a: Corviknight|93/100\n|-damage|p1a: Corviknight|90/100\n|-hitcount|p1a: Corviknight|2\n|move|p2b: Mamoswine|Blizzard|p1b: Incineroar|[spread] p1a,p1b\n|-resisted|p1b: Incineroar|1\n|-damage|p1a: Corviknight|73/100\n|-damage|p1b: Incineroar|34/100\n|move|p1a: Corviknight|Iron Head|p2a: Ninetales\n|-supereffective|p2a: Ninetales|2\n|-crit|p2a: Ninetales\n|-damage|p2a: Ninetales|0 fnt\n|faint|p2a: Ninetales\n|-activate|p1b: Incineroar|move: Struggle\n|move|p1b: Incineroar|Struggle|p2b: Mamoswine\n|-damage|p2b: Mamoswine|96/100\n|-damage|p1b: Incineroar|8/100|[from] recoil\n|\n|-weather|Snowscape|[upkeep]\n|-heal|p2b: Mamoswine|100/100|[from] item: Leftovers\n|-heal|p1a: Corviknight|79/100|[from] item: Leftovers\n|upkeep\n|\n|t:|1776403763\n|switch|p2a: Golurk|Golurk, L50, shiny|100/100\n|turn|4\n|\n|t:|1776403785\n|move|p2a: Golurk|Headlong Rush|p1a: Corviknight\n|-immune|p1a: Corviknight\n|move|p2b: Mamoswine|High Horsepower|p1b: Incineroar\n|-supereffective|p1b: Incineroar|1\n|-damage|p1b: Incineroar|0 fnt\n|faint|p1b: Incineroar\n|move|p1a: Corviknight|Bulk Up|p1a: Corviknight\n|-boost|p1a: Corviknight|atk|1\n|-boost|p1a: Corviknight|def|1\n|\n|-weather|Snowscape|[upkeep]\n|-heal|p1a: Corviknight|85/100|[from] item: Leftovers\n|upkeep\n|\n|t:|1776403796\n|switch|p1b: Sneasler|Sneasler, L50, M|100/100\n|-ability|p1b: Sneasler|Pressure\n|turn|5\n|\n|t:|1776403818\n|move|p2a: Golurk|Protect|p2a: Golurk\n|-singleturn|p2a: Golurk|Protect\n|move|p1b: Sneasler|Fake Out|p2b: Mamoswine\n|-damage|p2b: Mamoswine|95/100\n|cant|p2b: Mamoswine|flinch\n|move|p1a: Corviknight|Brave Bird|p2a: Golurk\n|-activate|p2a: Golurk|move: Protect\n|\n|-weather|none\n|-heal|p2b: Mamoswine|100/100|[from] item: Leftovers\n|-heal|p1a: Corviknight|91/100|[from] item: Leftovers\n|-sideend|p2: kingofbivalve|move: Aurora Veil\n|upkeep\n|turn|6\n|j| tunacannon\n|\n|t:|1776403844\n|move|p1b: Sneasler|Close Combat|p2b: Mamoswine\n|-supereffective|p2b: Mamoswine|1\n|-damage|p2b: Mamoswine|1/100\n|-unboost|p1b: Sneasler|def|1\n|-unboost|p1b: Sneasler|spd|1\n|move|p2a: Golurk|Shadow Punch|p1a: Corviknight\n|-damage|p1a: Corviknight|74/100\n|move|p2b: Mamoswine|High Horsepower|p1b: Sneasler\n|-supereffective|p1b: Sneasler|1\n|-enditem|p1b: Sneasler|Focus Sash\n|-damage|p1b: Sneasler|1/100\n|move|p1a: Corviknight|Brave Bird|p2a: Golurk\n|-damage|p2a: Golurk|5/100\n|-damage|p1a: Corviknight|49/100|[from] Recoil\n|\n|-heal|p2b: Mamoswine|7/100|[from] item: Leftovers\n|-heal|p1a: Corviknight|55/100|[from] item: Leftovers\n|upkeep\n|turn|7\n|\n|t:|1776403869\n|move|p2a: Golurk|Protect|p2a: Golurk\n|-singleturn|p2a: Golurk|Protect\n|move|p1b: Sneasler|Dire Claw|p2a: Golurk\n|-activate|p2a: Golurk|move: Protect\n|move|p2b: Mamoswine|High Horsepower|p1b: Sneasler\n|-supereffective|p1b: Sneasler|1\n|-damage|p1b: Sneasler|0 fnt\n|faint|p1b: Sneasler\n|move|p1a: Corviknight|Roost|p1a: Corviknight\n|-heal|p1a: Corviknight|100/100\n|-singleturn|p1a: Corviknight|move: Roost\n|\n|-heal|p2b: Mamoswine|13/100|[from] item: Leftovers\n|upkeep\n|\n|t:|1776403873\n|switch|p1b: Floette|Floette-Eternal, L50, F|100/100\n|turn|8\n|\n|t:|1776403906\n|detailschange|p2a: Golurk|Golurk-Mega, L50, shiny\n|-mega|p2a: Golurk|Golurk|Golurkite\n|move|p1b: Floette|Moonblast|p2b: Mamoswine\n|-damage|p2b: Mamoswine|0 fnt\n|faint|p2b: Mamoswine\n|move|p2a: Golurk|Shadow Punch|p1b: Floette\n|-damage|p1b: Floette|49/100\n|move|p1a: Corviknight|Brave Bird|p2a: Golurk\n|-damage|p2a: Golurk|0 fnt\n|faint|p2a: Golurk\n|-damage|p1a: Corviknight|99/100|[from] Recoil\n|\n|-heal|p1a: Corviknight|100/100|[from] item: Leftovers\n|upkeep\n|\n|t:|1776403921\n|switch|p2b: Maushold|Maushold-Four, L50, shiny|100/100\n|turn|9\n|\n|t:|1776403930\n|move|p1b: Floette|Protect|p1b: Floette\n|-singleturn|p1b: Floette|Protect\n|move|p2b: Maushold|Population Bomb|p1b: Floette\n|-activate|p1b: Floette|move: Protect\n|move|p1a: Corviknight|Brave Bird|p2b: Maushold\n|-damage|p2b: Maushold|12/100\n|-enditem|p2b: Maushold|Sitrus Berry|[eat]\n|-heal|p2b: Maushold|37/100|[from] item: Sitrus Berry\n|-heal|p2b: Maushold|70/100|[from] ability: Cheek Pouch\n|-damage|p1a: Corviknight|79/100|[from] Recoil\n|\n|-heal|p1a: Corviknight|85/100|[from] item: Leftovers\n|upkeep\n|turn|10\n|\n|t:|1776403945\n|detailschange|p1b: Floette|Floette-Mega, L50, F\n|-mega|p1b: Floette|Floette|Floettite\n|-ability|p1b: Floette|Fairy Aura\n|move|p1b: Floette|Draining Kiss|p2b: Maushold\n|-damage|p2b: Maushold|33/100\n|-heal|p1b: Floette|71/100|[from] drain|[of] p2b: Maushold\n|move|p2b: Maushold|Population Bomb|p1b: Floette\n|-damage|p1b: Floette|66/100\n|-damage|p1b: Floette|59/100\n|-damage|p1b: Floette|52/100\n|-crit|p1b: Floette\n|-damage|p1b: Floette|44/100\n|-damage|p1b: Floette|37/100\n|-damage|p1b: Floette|30/100\n|-damage|p1b: Floette|24/100\n|-damage|p1b: Floette|17/100\n|-hitcount|p1b: Floette|8\n|move|p1a: Corviknight|Brave Bird|p2b: Maushold\n|-damage|p2b: Maushold|0 fnt\n|faint|p2b: Maushold\n|-damage|p1a: Corviknight|77/100|[from] Recoil\n|\n|win|forkuser222\n|n|\u2606forkuser222|forkuser222\n|n|\u203dkingofbivalve|kingofbivalve\n|n| tunacannon|tunacannon\n",
  "uploadtime": 1776403956,
  "views": 14,
  "formatid": "gen9championsvgc2026regma",
  "rating": null,
  "private": 0,
  "password": null
}