{
  "id": "gen9championsvgc2026regma-2584415242",
  "format": "[Gen 9 Champions] VGC 2026 Reg M-A",
  "players": [
    "i_epix",
    "Noobilio"
  ],
  "log": "|j|\u2606i_epix\n|j|\u2606Noobilio\n|t:|1776259242\n|gametype|doubles\n|player|p1|i_epix|169|1251\n|player|p2|Noobilio|nurse|1300\n|gen|9\n|tier|[Gen 9 Champions] VGC 2026 Reg M-A\n|rated|\n|rule|Species Clause: Limit one of each Pok\u00e9mon\n|rule|Item Clause: Limit 1 of each item\n|clearpoke\n|poke|p1|Glimmora, L50, F|\n|poke|p1|Froslass, L50, F|\n|poke|p1|Incineroar, L50, M|\n|poke|p1|Talonflame, L50, F|\n|poke|p1|Farigiraf, L50, F|\n|poke|p1|Decidueye-Hisui, L50, F|\n|poke|p2|Hawlucha, L50, F|\n|poke|p2|Floette-Eternal, L50, F|\n|poke|p2|Incineroar, L50, F|\n|poke|p2|Sinistcha, L50|\n|poke|p2|Snorlax, L50, F|\n|poke|p2|Rotom-Wash, L50|\n|teampreview|4\n|inactive|Battle timer is ON: inactive players will automatically lose when time's up. (requested by i_epix)\n|\n|t:|1776259269\n|teamsize|p1|4\n|teamsize|p2|4\n|start\n|switch|p1a: Talonflame|Talonflame, L50, F|100/100\n|switch|p1b: Glimmora|Glimmora, L50, F|100/100\n|switch|p2a: Snorlax|Snorlax, L50, F, shiny|100/100\n|switch|p2b: Hawlucha|Hawlucha, L50, F, shiny|100/100\n|-ability|p2b: Hawlucha|Mold Breaker\n|turn|1\n|\n|t:|1776259290\n|detailschange|p2b: Hawlucha|Hawlucha-Mega, L50, F, shiny\n|-mega|p2b: Hawlucha|Hawlucha|Hawluchanite\n|detailschange|p1b: Glimmora|Glimmora-Mega, L50, F\n|-mega|p1b: Glimmora|Glimmora|Glimmoranite\n|move|p1a: Talonflame|Acrobatics|p2b: Hawlucha\n|-supereffective|p2b: Hawlucha|1\n|-damage|p2b: Hawlucha|20/100\n|move|p2b: Hawlucha|Entrainment|p2a: Snorlax\n|-ability|p2a: Snorlax|No Guard|Thick Fat|[from] move: Entrainment|[of] p2b: Hawlucha\n|move|p1b: Glimmora|Sludge Bomb|p2b: Hawlucha\n|-damage|p2b: Hawlucha|0 fnt\n|faint|p2b: Hawlucha\n|move|p2a: Snorlax|Fissure|p1b: Glimmora\n|-damage|p1b: Glimmora|0 fnt\n|faint|p1b: Glimmora\n|-ohko\n|\n|upkeep\n|\n|t:|1776259309\n|switch|p2b: Rotom|Rotom-Wash, L50, shiny|100/100\n|switch|p1b: Decidueye|Decidueye-Hisui, L50, F|100/100\n|turn|2\n|\n|t:|1776259323\n|move|p1a: Talonflame|Tailwind|p1a: Talonflame\n|-sidestart|p1: i_epix|move: Tailwind\n|move|p1b: Decidueye|Triple Arrows|p2a: Snorlax\n|-supereffective|p2a: Snorlax|1\n|-damage|p2a: Snorlax|41/100\n|move|p2b: Rotom|Thunderbolt|p1a: Talonflame\n|-supereffective|p1a: Talonflame|1\n|-damage|p1a: Talonflame|0 fnt\n|faint|p1a: Talonflame\n|cant|p2a: Snorlax|flinch\n|\n|-heal|p2a: Snorlax|47/100|[from] item: Leftovers\n|upkeep\n|\n|t:|1776259334\n|switch|p1a: Incineroar|Incineroar, L50, M|100/100\n|-ability|p1a: Incineroar|Intimidate|boost\n|-unboost|p2a: Snorlax|atk|1\n|-unboost|p2b: Rotom|atk|1\n|turn|3\n|\n|t:|1776259355\n|switch|p2b: Incineroar|Incineroar, L50, F|100/100\n|-ability|p2b: Incineroar|Intimidate|boost\n|-unboost|p1a: Incineroar|atk|1\n|-fail|p1b: Decidueye|unboost|Attack|[from] ability: Scrappy|[of] p1b: Decidueye\n|move|p2a: Snorlax|Protect|p2a: Snorlax\n|-singleturn|p2a: Snorlax|Protect\n|move|p1a: Incineroar|Fake Out|p2b: Incineroar\n|-damage|p2b: Incineroar|93/100\n|move|p1b: Decidueye|Triple Arrows|p2a: Snorlax\n|-activate|p2a: Snorlax|move: Protect\n|\n|-heal|p2a: Snorlax|54/100|[from] item: Leftovers\n|upkeep\n|turn|4\n|inactive|Noobilio has 30 seconds left.\n|inactive|Noobilio has 20 seconds left.\n|\n|t:|1776259391\n|move|p1b: Decidueye|Protect|p1b: Decidueye\n|-singleturn|p1b: Decidueye|Protect\n|move|p2b: Incineroar|Fake Out|p1b: Decidueye\n|-activate|p1b: Decidueye|move: Protect\n|move|p1a: Incineroar|Parting Shot|p2b: Incineroar\n|-unboost|p2b: Incineroar|atk|1\n|-unboost|p2b: Incineroar|spa|1\n|move|p2a: Snorlax|Fissure|p1a: Incineroar\n|-damage|p1a: Incineroar|0 fnt\n|faint|p1a: Incineroar\n|-ohko\n|\n|-heal|p2a: Snorlax|60/100|[from] item: Leftovers\n|upkeep\n|turn|5\n|\n|t:|1776259405\n|switch|p2b: Rotom|Rotom-Wash, L50, shiny|100/100\n|move|p1b: Decidueye|Triple Arrows|p2b: Rotom\n|-damage|p2b: Rotom|37/100\n|-unboost|p2b: Rotom|def|1\n|move|p2a: Snorlax|Fissure|p1b: Decidueye\n|-enditem|p1b: Decidueye|Focus Sash\n|-damage|p1b: Decidueye|1/100\n|\n|-heal|p2a: Snorlax|66/100|[from] item: Leftovers\n|-sideend|p1: i_epix|move: Tailwind\n|upkeep\n|turn|6\n|-message|i_epix forfeited.\n|\n|win|Noobilio\n|raw|i_epix's rating: 1251 &rarr; <strong>1230</strong><br />(-21 for losing)\n|raw|Noobilio's rating: 1300 &rarr; <strong>1321</strong><br />(+21 for winning)\n|l|\u2606i_epix\n|player|p1|\n",
  "uploadtime": 1776259417,
  "views": 39,
  "formatid": "gen9championsvgc2026regma",
  "rating": 1230,
  "private": 0,
  "password": null
}