{
  "id": "gen9championsvgc2026regma-2585670632",
  "format": "[Gen 9 Champions] VGC 2026 Reg M-A",
  "players": [
    "hexagonfoot",
    "Snipe Mastery"
  ],
  "log": "|j|\u2606hexagonfoot\n|j|\u2606Snipe Mastery\n|t:|1776362576\n|gametype|doubles\n|player|p1|hexagonfoot|102|1145\n|player|p2|Snipe Mastery|265|1204\n|gen|9\n|tier|[Gen 9 Champions] VGC 2026 Reg M-A\n|rated|\n|rule|Species Clause: Limit one of each Pok\u00e9mon\n|rule|Item Clause: Limit 1 of each item\n|clearpoke\n|poke|p1|Archaludon, L50, M|\n|poke|p1|Sinistcha, L50|\n|poke|p1|Gengar, L50, M|\n|poke|p1|Incineroar, L50, M|\n|poke|p1|Politoed, L50, F|\n|poke|p1|Aerodactyl, L50, M|\n|poke|p2|Volcarona, L50, F|\n|poke|p2|Gardevoir, L50, M|\n|poke|p2|Incineroar, L50, M|\n|poke|p2|Archaludon, L50, F|\n|poke|p2|Sneasler, L50, F|\n|poke|p2|Aerodactyl, L50, M|\n|teampreview|4\n|inactive|Battle timer is ON: inactive players will automatically lose when time's up. (requested by Snipe Mastery)\n|inactive|Snipe Mastery has 60 seconds left.\n|inactive|Snipe Mastery has 30 seconds left.\n|inactive|Snipe Mastery has 20 seconds left.\n|inactive|Snipe Mastery has 15 seconds left.\n|inactive|Snipe Mastery has 10 seconds left.\n|inactive|Snipe Mastery has 5 seconds left.\n|\n|t:|1776362671\n|teamsize|p1|4\n|teamsize|p2|4\n|start\n|switch|p1a: Incineroar|Incineroar, L50, M|100/100\n|switch|p1b: Aerodactyl|Aerodactyl, L50, M|100/100\n|switch|p2a: Volcarona|Volcarona, L50, F|100/100\n|switch|p2b: Gardevoir|Gardevoir, L50, M, shiny|100/100\n|-ability|p1b: Aerodactyl|Unnerve\n|-ability|p1a: Incineroar|Intimidate|boost\n|-unboost|p2a: Volcarona|atk|1\n|-unboost|p2b: Gardevoir|atk|1\n|turn|1\n|\n|t:|1776362696\n|detailschange|p2b: Gardevoir|Gardevoir-Mega, L50, M, shiny\n|-mega|p2b: Gardevoir|Gardevoir|Gardevoirite\n|move|p1b: Aerodactyl|Rock Slide|p2b: Gardevoir|[spread] p2b\n|-miss|p1b: Aerodactyl|p2a: Volcarona\n|-damage|p2b: Gardevoir|66/100\n|cant|p2b: Gardevoir|flinch\n|move|p2a: Volcarona|Tailwind|p2a: Volcarona\n|-sidestart|p2: Snipe Mastery|move: Tailwind\n|move|p1a: Incineroar|Parting Shot|p2b: Gardevoir\n|-unboost|p2b: Gardevoir|atk|1\n|-unboost|p2b: Gardevoir|spa|1\n|\n|t:|1776362710\n|switch|p1a: Gengar|Gengar, L50, M|100/100|[from] Parting Shot\n|\n|upkeep\n|turn|2\n|\n|t:|1776362735\n|move|p1a: Gengar|Protect|p1a: Gengar\n|-singleturn|p1a: Gengar|Protect\n|move|p2b: Gardevoir|Psychic|p1a: Gengar\n|-activate|p1a: Gengar|move: Protect\n|move|p2a: Volcarona|Fiery Dance|p1a: Gengar\n|-activate|p1a: Gengar|move: Protect\n|move|p1b: Aerodactyl|Tailwind|p1b: Aerodactyl\n|-sidestart|p1: hexagonfoot|move: Tailwind\n|\n|upkeep\n|turn|3\n|\n|t:|1776362754\n|detailschange|p1a: Gengar|Gengar-Mega, L50, M\n|-mega|p1a: Gengar|Gengar|Gengarite\n|move|p1a: Gengar|Shadow Ball|p2b: Gardevoir\n|-supereffective|p2b: Gardevoir|1\n|-damage|p2b: Gardevoir|0 fnt\n|faint|p2b: Gardevoir\n|move|p1b: Aerodactyl|Rock Slide|p2a: Volcarona|[miss]\n|-miss|p1b: Aerodactyl|p2a: Volcarona\n|move|p2a: Volcarona|Fiery Dance|p1a: Gengar\n|-damage|p1a: Gengar|55/100\n|\n|upkeep\n|\n|t:|1776362762\n|switch|p2b: Archaludon|Archaludon, L50, F|100/100\n|turn|4\n|inactive|hexagonfoot has 30 seconds left.\n|inactive|Snipe Mastery has 30 seconds left.\n|\n|t:|1776362796\n|switch|p1a: Incineroar|Incineroar, L50, M|100/100\n|-ability|p1a: Incineroar|Intimidate|boost\n|-unboost|p2a: Volcarona|atk|1\n|-unboost|p2b: Archaludon|atk|1\n|move|p2a: Volcarona|Rage Powder|p2a: Volcarona\n|-singleturn|p2a: Volcarona|move: Rage Powder\n|move|p1b: Aerodactyl|Rock Slide|p2a: Volcarona|[spread] p2b\n|-miss|p1b: Aerodactyl|p2a: Volcarona\n|-resisted|p2b: Archaludon|1\n|-damage|p2b: Archaludon|91/100\n|-ability|p2b: Archaludon|Stamina|boost\n|-boost|p2b: Archaludon|def|1\n|move|p2b: Archaludon|Flash Cannon|p1a: Incineroar\n|-resisted|p1a: Incineroar|1\n|-damage|p1a: Incineroar|87/100\n|\n|-heal|p2b: Archaludon|97/100|[from] item: Leftovers\n|-sideend|p2: Snipe Mastery|move: Tailwind\n|upkeep\n|turn|5\n|c|\u2606hexagonfoot|dude\n|c|\u2606hexagonfoot|aerodactyl\n|c|\u2606hexagonfoot|lcok in\n|inactive|hexagonfoot has 30 seconds left.\n|inactive|Snipe Mastery has 30 seconds left.\n|\n|t:|1776362828\n|move|p1a: Incineroar|Fake Out|p2b: Archaludon\n|-resisted|p2b: Archaludon|1\n|-damage|p2b: Archaludon|95/100\n|-ability|p2b: Archaludon|Stamina|boost\n|-boost|p2b: Archaludon|def|1\n|move|p1b: Aerodactyl|Rock Slide|p2a: Volcarona|[spread] p2a,p2b\n|-supereffective|p2a: Volcarona|2\n|-resisted|p2b: Archaludon|1\n|-damage|p2a: Volcarona|7/100\n|-damage|p2b: Archaludon|91/100\n|-ability|p2b: Archaludon|Stamina|boost\n|-boost|p2b: Archaludon|def|1\n|move|p2a: Volcarona|Tailwind|p2a: Volcarona\n|-sidestart|p2: Snipe Mastery|move: Tailwind\n|cant|p2b: Archaludon|flinch\n|\n|-heal|p2b: Archaludon|97/100|[from] item: Leftovers\n|-sideend|p1: hexagonfoot|move: Tailwind\n|upkeep\n|turn|6\n|inactive|Snipe Mastery has 30 seconds left.\n|\n|t:|1776362862\n|move|p1b: Aerodactyl|Protect|p1b: Aerodactyl\n|-singleturn|p1b: Aerodactyl|Protect\n|move|p2a: Volcarona|Fiery Dance|p1a: Incineroar\n|-resisted|p1a: Incineroar|1\n|-damage|p1a: Incineroar|76/100\n|-boost|p2a: Volcarona|spa|1\n|move|p2b: Archaludon|Thunderbolt|p1b: Aerodactyl\n|-activate|p1b: Aerodactyl|move: Protect\n|move|p1a: Incineroar|Parting Shot|p2b: Archaludon\n|-unboost|p2b: Archaludon|atk|1\n|-unboost|p2b: Archaludon|spa|1\n|\n|t:|1776362874\n|switch|p1a: Gengar|Gengar-Mega, L50, M|55/100|[from] Parting Shot\n|\n|-heal|p2b: Archaludon|100/100|[from] item: Leftovers\n|upkeep\n|turn|7\n|\n|t:|1776362889\n|switch|p1b: Incineroar|Incineroar, L50, M|76/100\n|-enditem|p2a: Volcarona|Sitrus Berry|[eat]\n|-heal|p2a: Volcarona|32/100|[from] item: Sitrus Berry\n|-ability|p1b: Incineroar|Intimidate|boost\n|-unboost|p2a: Volcarona|atk|1\n|-unboost|p2b: Archaludon|atk|1\n|move|p1a: Gengar|Protect|p1a: Gengar\n|-singleturn|p1a: Gengar|Protect\n|move|p2a: Volcarona|Fiery Dance|p1b: Incineroar\n|-resisted|p1b: Incineroar|1\n|-damage|p1b: Incineroar|58/100\n|move|p2b: Archaludon|Thunderbolt|p1b: Incineroar\n|-damage|p1b: Incineroar|47/100\n|\n|upkeep\n|turn|8\n|inactive|hexagonfoot has 30 seconds left.\n|inactive|Snipe Mastery has 30 seconds left.\n|\n|t:|1776362916\n|move|p1b: Incineroar|Fake Out|p2a: Volcarona\n|-damage|p2a: Volcarona|22/100\n|-immune|p1b: Incineroar\n|cant|p2a: Volcarona|flinch\n|move|p2b: Archaludon|Flash Cannon|p1a: Gengar\n|-damage|p1a: Gengar|21/100\n|move|p1a: Gengar|Perish Song|p1a: Gengar\n|-start|p1a: Gengar|perish3|[silent]\n|-start|p1b: Incineroar|perish3|[silent]\n|-start|p2a: Volcarona|perish3|[silent]\n|-start|p2b: Archaludon|perish3|[silent]\n|-fieldactivate|move: Perish Song\n|\n|-start|p2a: Volcarona|perish3\n|-start|p2b: Archaludon|perish3\n|-start|p1a: Gengar|perish3\n|-start|p1b: Incineroar|perish3\n|-sideend|p2: Snipe Mastery|move: Tailwind\n|upkeep\n|turn|9\n|\n|t:|1776362931\n|switch|p1b: Sinistcha|Sinistcha, L50|100/100\n|-heal|p1a: Gengar|46/100|[from] ability: Hospitality|[of] p1b: Sinistcha\n|move|p1a: Gengar|Protect|p1a: Gengar\n|-singleturn|p1a: Gengar|Protect\n|move|p2a: Volcarona|Tailwind|p2a: Volcarona\n|-sidestart|p2: Snipe Mastery|move: Tailwind\n|move|p2b: Archaludon|Flash Cannon|p1a: Gengar\n|-activate|p1a: Gengar|move: Protect\n|\n|-start|p2a: Volcarona|perish2\n|-start|p2b: Archaludon|perish2\n|-start|p1a: Gengar|perish2\n|upkeep\n|turn|10\n|\n|t:|1776362956\n|switch|p1a: Incineroar|Incineroar, L50, M|47/100\n|-ability|p1a: Incineroar|Intimidate|boost\n|-unboost|p2a: Volcarona|atk|1\n|-unboost|p2b: Archaludon|atk|1\n|move|p1b: Sinistcha|Rage Powder|p1b: Sinistcha\n|-singleturn|p1b: Sinistcha|move: Rage Powder\n|move|p2a: Volcarona|Fiery Dance|p1b: Sinistcha\n|-supereffective|p1b: Sinistcha|1\n|-damage|p1b: Sinistcha|0 fnt\n|faint|p1b: Sinistcha\n|move|p2b: Archaludon|Dragon Pulse|p1a: Incineroar\n|-damage|p1a: Incineroar|29/100\n|\n|-start|p2a: Volcarona|perish1\n|-start|p2b: Archaludon|perish1\n|upkeep\n|\n|t:|1776362967\n|switch|p1b: Gengar|Gengar-Mega, L50, M|46/100\n|turn|11\n|\n|t:|1776362986\n|switch|p1b: Aerodactyl|Aerodactyl, L50, M|100/100\n|-ability|p1b: Aerodactyl|Unnerve\n|move|p1a: Incineroar|Fake Out|p2b: Archaludon\n|-resisted|p2b: Archaludon|1\n|-damage|p2b: Archaludon|99/100\n|-ability|p2b: Archaludon|Stamina|boost\n|-boost|p2b: Archaludon|def|1\n|move|p2a: Volcarona|Fiery Dance|p1a: Incineroar\n|-resisted|p1a: Incineroar|1\n|-damage|p1a: Incineroar|9/100\n|cant|p2b: Archaludon|flinch\n|\n|-heal|p2b: Archaludon|100/100|[from] item: Leftovers\n|-start|p2a: Volcarona|perish0\n|-start|p2b: Archaludon|perish0\n|faint|p2a: Volcarona\n|faint|p2b: Archaludon\n|upkeep\n|\n|t:|1776362995\n|switch|p2b: Aerodactyl|Aerodactyl, L50, M|100/100\n|-ability|p2b: Aerodactyl|Unnerve\n|turn|12\n|\n|t:|1776363018\n|move|p2b: Aerodactyl|Rock Slide|p1b: Aerodactyl|[spread] p1a,p1b\n|-supereffective|p1a: Incineroar|1\n|-supereffective|p1b: Aerodactyl|1\n|-damage|p1a: Incineroar|0 fnt\n|-damage|p1b: Aerodactyl|16/100\n|faint|p1a: Incineroar\n|cant|p1b: Aerodactyl|flinch\n|\n|-sideend|p2: Snipe Mastery|move: Tailwind\n|upkeep\n|\n|t:|1776363044\n|switch|p1a: Gengar|Gengar-Mega, L50, M|46/100\n|turn|13\n|inactive|hexagonfoot has 30 seconds left.\n|\n|t:|1776363072\n|move|p1b: Aerodactyl|Rock Slide|p2b: Aerodactyl\n|-supereffective|p2b: Aerodactyl|1\n|-enditem|p2b: Aerodactyl|Focus Sash\n|-damage|p2b: Aerodactyl|1/100\n|move|p1a: Gengar|Icy Wind|p2b: Aerodactyl\n|-supereffective|p2b: Aerodactyl|1\n|-damage|p2b: Aerodactyl|0 fnt\n|faint|p2b: Aerodactyl\n|\n|win|hexagonfoot\n|raw|hexagonfoot's rating: 1145 &rarr; <strong>1174</strong><br />(+29 for winning)\n|raw|Snipe Mastery's rating: 1204 &rarr; <strong>1175</strong><br />(-29 for losing)\n|l|\u2606hexagonfoot\n|player|p1|\n|l|\u2606Snipe Mastery\n|player|p2|\n",
  "uploadtime": 1776363101,
  "views": 29,
  "formatid": "gen9championsvgc2026regma",
  "rating": 1174,
  "private": 0,
  "password": null
}