{
  "id": "gen9championsvgc2026regma-2585702297",
  "format": "[Gen 9 Champions] VGC 2026 Reg M-A",
  "players": [
    "achillgamer",
    "Blazeblast711"
  ],
  "log": "|j|\u2606achillgamer\n|j|\u2606Blazeblast711\n|t:|1776364755\n|gametype|doubles\n|player|p1|achillgamer|gambler|1157\n|player|p2|Blazeblast711|169|1234\n|gen|9\n|tier|[Gen 9 Champions] VGC 2026 Reg M-A\n|rated|\n|rule|Species Clause: Limit one of each Pok\u00e9mon\n|rule|Item Clause: Limit 1 of each item\n|clearpoke\n|poke|p1|Pelipper, L50, M|\n|poke|p1|Basculegion, L50, M|\n|poke|p1|Archaludon, L50, M|\n|poke|p1|Meganium, L50, M|\n|poke|p1|Scizor, L50, F|\n|poke|p1|Luxray, L50, F|\n|poke|p2|Charizard, L50, F|\n|poke|p2|Venusaur, L50, M|\n|poke|p2|Garchomp, L50, F|\n|poke|p2|Rotom-Wash, L50|\n|poke|p2|Sneasler, L50, F|\n|poke|p2|Incineroar, L50, F|\n|teampreview|4\n|\n|t:|1776364791\n|teamsize|p1|4\n|teamsize|p2|4\n|start\n|switch|p1a: Meganium|Meganium, L50, M|100/100\n|switch|p1b: Luxray|Luxray, L50, F|100/100\n|switch|p2a: Charizard|Charizard, L50, F|100/100\n|switch|p2b: Rotom|Rotom-Wash, L50|100/100\n|-ability|p1b: Luxray|Intimidate|boost\n|-unboost|p2a: Charizard|atk|1\n|-unboost|p2b: Rotom|atk|1\n|turn|1\n|\n|t:|1776364827\n|switch|p2b: Sneasler|Sneasler, L50, F|100/100\n|detailschange|p2a: Charizard|Charizard-Mega-Y, L50, F\n|-mega|p2a: Charizard|Charizard|Charizardite Y\n|-weather|SunnyDay|[from] ability: Drought|[of] p2a: Charizard\n|move|p1a: Meganium|Protect|p1a: Meganium\n|-singleturn|p1a: Meganium|Protect\n|move|p1b: Luxray|Electroweb|p2b: Sneasler|[spread] p2a,p2b\n|-supereffective|p2a: Charizard|1\n|-damage|p2a: Charizard|73/100\n|-damage|p2b: Sneasler|81/100\n|-unboost|p2a: Charizard|spe|1\n|-unboost|p2b: Sneasler|spe|1\n|-enditem|p2b: Sneasler|White Herb\n|-clearnegativeboost|p2b: Sneasler|[silent]\n|move|p2a: Charizard|Weather Ball|p1a: Meganium\n|-activate|p1a: Meganium|move: Protect\n|\n|-weather|SunnyDay|[upkeep]\n|upkeep\n|turn|2\n|\n|t:|1776364856\n|switch|p1a: Pelipper|Pelipper, L50, M|100/100\n|-weather|RainDance|[from] ability: Drizzle|[of] p1a: Pelipper\n|move|p2b: Sneasler|Fake Out|p1b: Luxray\n|-damage|p1b: Luxray|80/100\n|cant|p1b: Luxray|flinch\n|move|p2a: Charizard|Weather Ball|p1a: Pelipper\n|-resisted|p1a: Pelipper|1\n|-damage|p1a: Pelipper|59/100\n|\n|-weather|RainDance|[upkeep]\n|upkeep\n|turn|3\n|\n|t:|1776364887\n|switch|p2a: Rotom|Rotom-Wash, L50|100/100\n|move|p2b: Sneasler|Close Combat|p1b: Luxray\n|-damage|p1b: Luxray|0 fnt\n|-unboost|p2b: Sneasler|def|1\n|-unboost|p2b: Sneasler|spd|1\n|faint|p1b: Luxray\n|move|p1a: Pelipper|Tailwind|p1a: Pelipper\n|-sidestart|p1: achillgamer|move: Tailwind\n|\n|-weather|RainDance|[upkeep]\n|upkeep\n|\n|t:|1776364899\n|switch|p1b: Meganium|Meganium, L50, M|100/100\n|turn|4\n|\n|t:|1776364908\n|switch|p1a: Basculegion|Basculegion, L50, M|100/100\n|detailschange|p1b: Meganium|Meganium-Mega, L50, M\n|-mega|p1b: Meganium|Meganium|Meganiumite\n|move|p2b: Sneasler|Dire Claw|p1b: Meganium\n|-supereffective|p1b: Meganium|2\n|-damage|p1b: Meganium|0 fnt\n|faint|p1b: Meganium\n|move|p2a: Rotom|Thunderbolt|p1a: Basculegion\n|-supereffective|p1a: Basculegion|1\n|-damage|p1a: Basculegion|9/100\n|\n|-weather|RainDance|[upkeep]\n|upkeep\n|\n|t:|1776364921\n|switch|p1b: Pelipper|Pelipper, L50, M|59/100\n|turn|5\n|\n|t:|1776364948\n|move|p1a: Basculegion|Last Respects|p2b: Sneasler\n|-damage|p2b: Sneasler|0 fnt\n|faint|p2b: Sneasler\n|move|p1b: Pelipper|Hurricane|p2a: Rotom\n|-resisted|p2a: Rotom|1\n|-damage|p2a: Rotom|80/100\n|move|p2a: Rotom|Thunderbolt|p1a: Basculegion\n|-supereffective|p1a: Basculegion|1\n|-damage|p1a: Basculegion|0 fnt\n|faint|p1a: Basculegion\n|\n|-weather|RainDance|[upkeep]\n|-heal|p2a: Rotom|86/100|[from] item: Leftovers\n|upkeep\n|\n|t:|1776364958\n|switch|p2b: Garchomp|Garchomp, L50, F|100/100\n|turn|6\n|\n|t:|1776364967\n|move|p1b: Pelipper|Weather Ball|p2b: Garchomp\n|-damage|p2b: Garchomp|50/100\n|move|p2b: Garchomp|Rock Slide|p1b: Pelipper\n|-supereffective|p1b: Pelipper|1\n|-damage|p1b: Pelipper|0 fnt\n|faint|p1b: Pelipper\n|\n|win|Blazeblast711\n|raw|achillgamer's rating: 1157 &rarr; <strong>1137</strong><br />(-20 for losing)\n|raw|Blazeblast711's rating: 1234 &rarr; <strong>1254</strong><br />(+20 for winning)\n|c|\u2606Blazeblast711|Gg\n|l|\u2606achillgamer\n|player|p1|\n",
  "uploadtime": 1776365005,
  "views": 36,
  "formatid": "gen9championsvgc2026regma",
  "rating": 1137,
  "private": 0,
  "password": null
}