{
  "id": "gen9championsvgc2026regma-2587217363",
  "format": "[Gen 9 Champions] VGC 2026 Reg M-A",
  "players": [
    "oprbolx",
    "charlie221"
  ],
  "log": "|j|\u2606oprbolx\n|j|\u2606charlie221\n|t:|1776510323\n|gametype|doubles\n|player|p1|oprbolx|265|1000\n|player|p2|charlie221|265|1040\n|gen|9\n|tier|[Gen 9 Champions] VGC 2026 Reg M-A\n|rated|\n|rule|Species Clause: Limit one of each Pok\u00e9mon\n|rule|Item Clause: Limit 1 of each item\n|clearpoke\n|poke|p1|Arcanine, L50, M|\n|poke|p1|Sylveon, L50, F|\n|poke|p1|Mudsdale, L50, F|\n|poke|p1|Blastoise, L50, F|\n|poke|p1|Meganium, L50, F|\n|poke|p1|Pelipper, L50, F|\n|poke|p2|Dragonite, L50, M|\n|poke|p2|Sneasler, L50, M|\n|poke|p2|Venusaur, L50, F|\n|poke|p2|Incineroar, L50, F|\n|poke|p2|Kingambit, L50, M|\n|poke|p2|Basculegion, L50, M|\n|teampreview|4\n|c|\u2606oprbolx|sorry for the weird team\n|c|\u2606oprbolx|im practicing with this team to teach my friends how to play\n|\n|t:|1776510386\n|teamsize|p1|4\n|teamsize|p2|4\n|start\n|switch|p1a: Arcanine|Arcanine, L50, M|100/100\n|switch|p1b: Sylveon|Sylveon, L50, F|100/100\n|switch|p2a: Dragonite|Dragonite, L50, M|100/100\n|switch|p2b: Sneasler|Sneasler, L50, M|100/100\n|-ability|p1a: Arcanine|Intimidate|boost\n|-unboost|p2a: Dragonite|atk|1\n|-unboost|p2b: Sneasler|atk|1\n|turn|1\n|c|\u2606charlie221|im practicing too dont orry\n|c|\u2606oprbolx|ok ty\n|\n|t:|1776510432\n|detailschange|p2a: Dragonite|Dragonite-Mega, L50, M\n|-mega|p2a: Dragonite|Dragonite|Dragoninite\n|move|p2a: Dragonite|Protect|p2a: Dragonite\n|-singleturn|p2a: Dragonite|Protect\n|move|p1b: Sylveon|Protect|p1b: Sylveon\n|-singleturn|p1b: Sylveon|Protect\n|move|p2b: Sneasler|Close Combat|p1a: Arcanine\n|-damage|p1a: Arcanine|45/100\n|-unboost|p2b: Sneasler|def|1\n|-unboost|p2b: Sneasler|spd|1\n|-enditem|p1a: Arcanine|Sitrus Berry|[eat]\n|-heal|p1a: Arcanine|69/100|[from] item: Sitrus Berry\n|move|p1a: Arcanine|Will-O-Wisp|p2b: Sneasler\n|-status|p2b: Sneasler|brn\n|\n|-damage|p2b: Sneasler|95/100 brn|[from] brn\n|upkeep\n|turn|2\n|\n|t:|1776510459\n|switch|p2a: Kingambit|Kingambit, L50, M|100/100\n|move|p1a: Arcanine|Extreme Speed|p2a: Kingambit\n|-resisted|p2a: Kingambit|1\n|-damage|p2a: Kingambit|92/100\n|move|p2b: Sneasler|Rock Tomb|p1a: Arcanine\n|-supereffective|p1a: Arcanine|1\n|-damage|p1a: Arcanine|52/100\n|-unboost|p1a: Arcanine|spe|1\n|move|p1b: Sylveon|Hyper Voice|p2b: Sneasler|[spread] p2a,p2b\n|-damage|p2a: Kingambit|49/100\n|-damage|p2b: Sneasler|0 fnt\n|faint|p2b: Sneasler\n|\n|upkeep\n|\n|t:|1776510472\n|switch|p2b: Basculegion|Basculegion, L50, M|100/100\n|turn|3\n|\n|t:|1776510486\n|move|p2a: Kingambit|Sucker Punch|p1a: Arcanine\n|-damage|p1a: Arcanine|2/100\n|move|p2b: Basculegion|Wave Crash|p1b: Sylveon\n|-damage|p1b: Sylveon|6/100\n|-damage|p2b: Basculegion|68/100|[from] Recoil\n|move|p1a: Arcanine|Flare Blitz|p2a: Kingambit\n|-supereffective|p2a: Kingambit|1\n|-damage|p2a: Kingambit|0 fnt\n|faint|p2a: Kingambit\n|-damage|p1a: Arcanine|0 fnt|[from] Recoil\n|faint|p1a: Arcanine\n|move|p1b: Sylveon|Hyper Voice|p2b: Basculegion\n|-damage|p2b: Basculegion|3/100\n|\n|upkeep\n|\n|t:|1776510500\n|switch|p1a: Mudsdale|Mudsdale, L50, F|100/100\n|switch|p2a: Dragonite|Dragonite-Mega, L50, M|100/100\n|turn|4\n|\n|t:|1776510514\n|move|p1b: Sylveon|Quick Attack|p2b: Basculegion\n|-damage|p2b: Basculegion|0 fnt\n|faint|p2b: Basculegion\n|move|p2a: Dragonite|Fire Spin|p1b: Sylveon\n|-damage|p1b: Sylveon|0 fnt\n|faint|p1b: Sylveon\n|move|p1a: Mudsdale|Heavy Slam|p2a: Dragonite\n|-damage|p2a: Dragonite|90/100\n|\n|upkeep\n|inactive|Battle timer is ON: inactive players will automatically lose when time's up. (requested by charlie221)\n|\n|t:|1776510523\n|switch|p1b: Blastoise|Blastoise, L50, F|100/100\n|turn|5\n|\n|t:|1776510533\n|move|p1a: Mudsdale|Protect|p1a: Mudsdale\n|-singleturn|p1a: Mudsdale|Protect\n|move|p1b: Blastoise|Shell Smash|p1b: Blastoise\n|-unboost|p1b: Blastoise|def|1\n|-unboost|p1b: Blastoise|spd|1\n|-boost|p1b: Blastoise|atk|2\n|-boost|p1b: Blastoise|spa|2\n|-boost|p1b: Blastoise|spe|2\n|-enditem|p1b: Blastoise|White Herb\n|-clearnegativeboost|p1b: Blastoise|[silent]\n|move|p2a: Dragonite|Dragon Pulse|p1b: Blastoise\n|-damage|p1b: Blastoise|42/100\n|\n|upkeep\n|turn|6\n|\n|t:|1776510554\n|move|p1b: Blastoise|Hydro Pump|p2a: Dragonite\n|-resisted|p2a: Dragonite|1\n|-damage|p2a: Dragonite|60/100\n|move|p2a: Dragonite|Dragon Pulse|p1b: Blastoise\n|-damage|p1b: Blastoise|0 fnt\n|faint|p1b: Blastoise\n|move|p1a: Mudsdale|Heavy Slam|p2a: Dragonite\n|-damage|p2a: Dragonite|40/100\n|\n|upkeep\n|turn|7\n|\n|t:|1776510567\n|move|p2a: Dragonite|Roost|p2a: Dragonite\n|-heal|p2a: Dragonite|90/100\n|-singleturn|p2a: Dragonite|move: Roost\n|move|p1a: Mudsdale|Heavy Slam|p2a: Dragonite\n|-damage|p2a: Dragonite|68/100\n|\n|upkeep\n|turn|8\n|c|\u2606charlie221|quick battle xd\n|c|\u2606oprbolx|well gg XD\n|\n|t:|1776510582\n|move|p2a: Dragonite|Dragon Pulse|p1a: Mudsdale\n|-damage|p1a: Mudsdale|48/100\n|-ability|p1a: Mudsdale|Stamina|boost\n|-boost|p1a: Mudsdale|def|1\n|move|p1a: Mudsdale|Heavy Slam|p2a: Dragonite\n|-damage|p2a: Dragonite|45/100\n|\n|upkeep\n|turn|9\n|c|\u2606charlie221|good play\n|\n|t:|1776510593\n|move|p2a: Dragonite|Dragon Pulse|p1a: Mudsdale\n|-damage|p1a: Mudsdale|0 fnt\n|faint|p1a: Mudsdale\n|\n|win|charlie221\n|raw|oprbolx's rating: 1000 &rarr; <strong>1000</strong><br />(+0 for losing)\n|raw|charlie221's rating: 1040 &rarr; <strong>1070</strong><br />(+30 for winning)\n|c|\u2606oprbolx|ty\n|l|\u2606charlie221\n|player|p2|\n",
  "uploadtime": 1776510612,
  "views": 15,
  "formatid": "gen9championsvgc2026regma",
  "rating": 1000,
  "private": 0,
  "password": null
}