{
  "id": "gen9championsvgc2026regma-2587757660",
  "format": "[Gen 9 Champions] VGC 2026 Reg M-A",
  "players": [
    "Sheepsoft",
    "Lockton"
  ],
  "log": "|j|\u2606Sheepsoft\n|j|\u2606Lockton\n|t:|1776560970\n|gametype|doubles\n|player|p1|Sheepsoft|maid|1192\n|player|p2|Lockton|dragontamer|1222\n|gen|9\n|tier|[Gen 9 Champions] VGC 2026 Reg M-A\n|rated|\n|rule|Species Clause: Limit one of each Pok\u00e9mon\n|rule|Item Clause: Limit 1 of each item\n|clearpoke\n|poke|p1|Hydreigon, L50, F|\n|poke|p1|Aegislash, L50, F|\n|poke|p1|Floette-Eternal, L50, F|\n|poke|p1|Rotom-Wash, L50|\n|poke|p1|Volcarona, L50, F|\n|poke|p1|Sneasler, L50, F|\n|poke|p2|Gengar, L50, F, shiny|\n|poke|p2|Incineroar, L50, M, shiny|\n|poke|p2|Kingambit, L50, F, shiny|\n|poke|p2|Palafin, L50, M, shiny|\n|poke|p2|Politoed, L50, M, shiny|\n|poke|p2|Sableye, L50, F, shiny|\n|teampreview|4\n|\n|t:|1776561017\n|teamsize|p1|4\n|teamsize|p2|4\n|start\n|switch|p1a: Hydreigon|Hydreigon, L50, F|100/100\n|switch|p1b: Aegislash|Aegislash, L50, F|100/100\n|switch|p2a: Gengar|Gengar, L50, F, shiny|100/100\n|switch|p2b: Sableye|Sableye, L50, F, shiny|100/100\n|turn|1\n|\n|t:|1776561034\n|detailschange|p2a: Gengar|Gengar-Mega, L50, F, shiny\n|-mega|p2a: Gengar|Gengar|Gengarite\n|move|p2b: Sableye|Fake Out|p1a: Hydreigon\n|-damage|p1a: Hydreigon|93/100\n|cant|p1a: Hydreigon|flinch\n|move|p2a: Gengar|Perish Song|p2a: Gengar\n|-start|p1a: Hydreigon|perish3|[silent]\n|-start|p1b: Aegislash|perish3|[silent]\n|-start|p2a: Gengar|perish3|[silent]\n|-start|p2b: Sableye|perish3|[silent]\n|-fieldactivate|move: Perish Song\n|-formechange|p1b: Aegislash|Aegislash-Blade|\n|move|p1b: Aegislash|Shadow Ball|p2a: Gengar\n|-supereffective|p2a: Gengar|1\n|-damage|p2a: Gengar|0 fnt\n|faint|p2a: Gengar\n|\n|-start|p1a: Hydreigon|perish3\n|-start|p1b: Aegislash|perish3\n|-start|p2b: Sableye|perish3\n|upkeep\n|\n|t:|1776561055\n|switch|p2a: Palafin|Palafin, L50, M, shiny|100/100\n|turn|2\n|\n|t:|1776561076\n|detailschange|p2a: Palafin|Palafin-Hero, L50, M, shiny\n|switch|p2a: Politoed|Politoed, L50, M, shiny|100/100\n|-weather|RainDance|[from] ability: Drizzle|[of] p2a: Politoed\n|move|p2b: Sableye|Encore|p1b: Aegislash\n|-start|p1b: Aegislash|Encore\n|move|p1a: Hydreigon|Draco Meteor|p2b: Sableye\n|-damage|p2b: Sableye|11/100\n|-unboost|p1a: Hydreigon|spa|2\n|move|p1b: Aegislash|Shadow Ball|p2a: Politoed\n|-damage|p2a: Politoed|64/100\n|-unboost|p2a: Politoed|spd|1\n|\n|-weather|RainDance|[upkeep]\n|-start|p1a: Hydreigon|perish2\n|-start|p1b: Aegislash|perish2\n|-start|p2b: Sableye|perish2\n|upkeep\n|turn|3\n|\n|t:|1776561105\n|switch|p1a: Rotom|Rotom-Wash, L50|100/100\n|move|p2b: Sableye|Detect|p2b: Sableye\n|-singleturn|p2b: Sableye|Protect\n|move|p2a: Politoed|Weather Ball|p1b: Aegislash\n|-damage|p1b: Aegislash|0 fnt\n|faint|p1b: Aegislash\n|\n|-weather|RainDance|[upkeep]\n|-start|p2b: Sableye|perish1\n|upkeep\n|\n|t:|1776561117\n|switch|p1b: Sneasler|Sneasler, L50, F|100/100\n|turn|4\n|\n|t:|1776561134\n|switch|p2b: Palafin|Palafin-Hero, L50, M, shiny|100/100\n|-activate|p2b: Palafin|ability: Zero to Hero\n|move|p2a: Politoed|Protect|p2a: Politoed\n|-singleturn|p2a: Politoed|Protect\n|move|p1b: Sneasler|Fake Out|p2a: Politoed\n|-activate|p2a: Politoed|move: Protect\n|move|p1a: Rotom|Electroweb|p2a: Politoed|[spread] p2b\n|-activate|p2a: Politoed|move: Protect\n|-supereffective|p2b: Palafin|1\n|-damage|p2b: Palafin|50/100\n|-unboost|p2b: Palafin|spe|1\n|\n|-weather|RainDance|[upkeep]\n|upkeep\n|turn|5\n|\n|t:|1776561193\n|switch|p1b: Hydreigon|Hydreigon, L50, F|93/100\n|move|p2b: Palafin|Wave Crash|p1a: Rotom\n|-resisted|p1a: Rotom|1\n|-damage|p1a: Rotom|36/100\n|-enditem|p1a: Rotom|Sitrus Berry|[eat]\n|-heal|p1a: Rotom|60/100|[from] item: Sitrus Berry\n|-damage|p2b: Palafin|31/100|[from] Recoil\n|move|p1a: Rotom|Electroweb|p2b: Palafin|[spread] p2a,p2b\n|-supereffective|p2a: Politoed|1\n|-supereffective|p2b: Palafin|1\n|-damage|p2a: Politoed|12/100\n|-damage|p2b: Palafin|0 fnt\n|-unboost|p2a: Politoed|spe|1\n|-enditem|p2a: Politoed|Sitrus Berry|[eat]\n|-heal|p2a: Politoed|37/100|[from] item: Sitrus Berry\n|faint|p2b: Palafin\n|move|p2a: Politoed|Weather Ball|p1a: Rotom\n|-resisted|p1a: Rotom|1\n|-damage|p1a: Rotom|33/100\n|\n|-weather|RainDance|[upkeep]\n|upkeep\n|\n|t:|1776561214\n|switch|p2b: Sableye|Sableye, L50, F, shiny|11/100\n|turn|6\n|\n|t:|1776561224\n|move|p2b: Sableye|Fake Out|p1b: Hydreigon\n|-damage|p1b: Hydreigon|85/100\n|cant|p1b: Hydreigon|flinch\n|move|p1a: Rotom|Electroweb|p2b: Sableye|[spread] p2a,p2b\n|-supereffective|p2a: Politoed|1\n|-damage|p2a: Politoed|0 fnt\n|-damage|p2b: Sableye|0 fnt\n|faint|p2a: Politoed\n|faint|p2b: Sableye\n|\n|win|Sheepsoft\n|raw|Sheepsoft's rating: 1192 &rarr; <strong>1219</strong><br />(+27 for winning)\n|raw|Lockton's rating: 1222 &rarr; <strong>1195</strong><br />(-27 for losing)\n|l|\u2606Lockton\n|player|p2|\n",
  "uploadtime": 1776561233,
  "views": 13,
  "formatid": "gen9championsvgc2026regma",
  "rating": 1195,
  "private": 0,
  "password": null
}