{
  "id": "gen9championsvgc2026regma-2583743386",
  "format": "[Gen 9 Champions] VGC 2026 Reg M-A",
  "players": [
    "mr. bigodon",
    "rillabob"
  ],
  "log": "|j|\u2606mr. bigodon\n|j|\u2606rillabob\n|t:|1776194691\n|gametype|doubles\n|player|p1|mr. bigodon|drayden|1153\n|player|p2|rillabob|170|1146\n|gen|9\n|tier|[Gen 9 Champions] VGC 2026 Reg M-A\n|rated|\n|rule|Species Clause: Limit one of each Pok\u00e9mon\n|rule|Item Clause: Limit 1 of each item\n|clearpoke\n|poke|p1|Delphox, L50, M|\n|poke|p1|Gardevoir, L50, F|\n|poke|p1|Milotic, L50, F|\n|poke|p1|Garchomp, L50, M|\n|poke|p1|Sableye, L50, M|\n|poke|p1|Maushold, L50|\n|poke|p2|Blastoise, L50, M|\n|poke|p2|Whimsicott, L50, F|\n|poke|p2|Ninetales-Alola, L50, M|\n|poke|p2|Meganium, L50, F|\n|poke|p2|Garchomp, L50, F|\n|poke|p2|Maushold-Four, L50|\n|teampreview|4\n|inactive|Battle timer is ON: inactive players will automatically lose when time's up. (requested by mr. bigodon)\n|\n|t:|1776194741\n|teamsize|p1|4\n|teamsize|p2|4\n|start\n|switch|p1a: Delphox|Delphox, L50, M, shiny|100/100\n|switch|p1b: Sableye|Sableye, L50, M, shiny|100/100\n|switch|p2a: Whimsicott|Whimsicott, L50, F, shiny|100/100\n|switch|p2b: Blastoise|Blastoise, L50, M, shiny|100/100\n|turn|1\n|inactive|rillabob has 30 seconds left.\n|\n|t:|1776194770\n|detailschange|p1a: Delphox|Delphox-Mega, L50, M, shiny\n|-mega|p1a: Delphox|Delphox|Delphoxite\n|move|p1b: Sableye|Fake Out|p2b: Blastoise\n|-damage|p2b: Blastoise|93/100\n|move|p2a: Whimsicott|Tailwind|p2a: Whimsicott\n|-sidestart|p2: rillabob|move: Tailwind\n|cant|p2b: Blastoise|flinch\n|move|p1a: Delphox|Heat Wave|p2b: Blastoise|[spread] p2b\n|-miss|p1a: Delphox|p2a: Whimsicott\n|-resisted|p2b: Blastoise|1\n|-damage|p2b: Blastoise|74/100\n|\n|upkeep\n|turn|2\n|\n|t:|1776194791\n|switch|p2a: Maushold|Maushold-Four, L50|100/100\n|move|p1a: Delphox|Protect|p1a: Delphox\n|-singleturn|p1a: Delphox|Protect\n|move|p1b: Sableye|Encore||[still]\n|-fail|p1b: Sableye\n|move|p2b: Blastoise|Water Spout|p1b: Sableye|[spread] p1b\n|-activate|p1a: Delphox|move: Protect\n|-damage|p1b: Sableye|58/100\n|\n|upkeep\n|turn|3\n|inactive|mr. bigodon has 30 seconds left.\n|inactive|mr. bigodon has 20 seconds left.\n|\n|t:|1776194826\n|move|p2a: Maushold|Follow Me|p2a: Maushold\n|-singleturn|p2a: Maushold|move: Follow Me\n|move|p1b: Sableye|Encore|p2a: Maushold\n|-start|p2a: Maushold|Encore\n|move|p2b: Blastoise|Shell Smash|p2b: Blastoise\n|-unboost|p2b: Blastoise|def|1\n|-unboost|p2b: Blastoise|spd|1\n|-boost|p2b: Blastoise|atk|2\n|-boost|p2b: Blastoise|spa|2\n|-boost|p2b: Blastoise|spe|2\n|-enditem|p2b: Blastoise|White Herb\n|-clearnegativeboost|p2b: Blastoise|[silent]\n|move|p1a: Delphox|Nasty Plot|p1a: Delphox\n|-boost|p1a: Delphox|spa|2\n|\n|upkeep\n|turn|4\n|\n|t:|1776194850\n|switch|p2a: Whimsicott|Whimsicott, L50, F, shiny|100/100\n|move|p1a: Delphox|Protect|p1a: Delphox\n|-singleturn|p1a: Delphox|Protect\n|move|p1b: Sableye|Sunny Day|p1b: Sableye\n|-weather|SunnyDay\n|move|p2b: Blastoise|Water Spout|p1a: Delphox|[spread] p1b\n|-activate|p1a: Delphox|move: Protect\n|-damage|p1b: Sableye|18/100\n|\n|-weather|SunnyDay|[upkeep]\n|-sideend|p2: rillabob|move: Tailwind\n|upkeep\n|turn|5\n|\n|t:|1776194872\n|move|p2a: Whimsicott|Tailwind|p2a: Whimsicott\n|-sidestart|p2: rillabob|move: Tailwind\n|move|p1b: Sableye|Quash|p2b: Blastoise\n|-activate|p2b: Blastoise|move: Quash\n|move|p1a: Delphox|Heat Wave|p2b: Blastoise|[spread] p2a,p2b\n|-supereffective|p2a: Whimsicott|1\n|-resisted|p2b: Blastoise|1\n|-damage|p2a: Whimsicott|0 fnt\n|-damage|p2b: Blastoise|18/100\n|faint|p2a: Whimsicott\n|move|p2b: Blastoise|Water Spout|p1a: Delphox|[spread] p1a,p1b\n|-supereffective|p1a: Delphox|1\n|-damage|p1a: Delphox|78/100\n|-damage|p1b: Sableye|2/100\n|\n|-weather|SunnyDay|[upkeep]\n|upkeep\n|\n|t:|1776194892\n|switch|p2a: Maushold|Maushold-Four, L50|100/100\n|turn|6\n|\n|t:|1776194902\n|switch|p1b: Maushold|Maushold, L50, shiny|100/100\n|move|p2a: Maushold|Follow Me|p2a: Maushold\n|-singleturn|p2a: Maushold|move: Follow Me\n|move|p2b: Blastoise|Muddy Water|p1b: Maushold|[spread] p1a,p1b\n|-supereffective|p1a: Delphox|1\n|-damage|p1a: Delphox|19/100\n|-damage|p1b: Maushold|47/100\n|-unboost|p1a: Delphox|accuracy|1\n|-unboost|p1b: Maushold|accuracy|1\n|move|p1a: Delphox|Heat Wave|p2a: Maushold|[spread] p2a\n|-miss|p1a: Delphox|p2b: Blastoise\n|-enditem|p2a: Maushold|Focus Sash\n|-damage|p2a: Maushold|1/100\n|\n|-weather|SunnyDay|[upkeep]\n|upkeep\n|turn|7\n|\n|t:|1776194923\n|move|p1b: Maushold|Protect|p1b: Maushold\n|-singleturn|p1b: Maushold|Protect\n|move|p2a: Maushold|Follow Me|p2a: Maushold\n|-singleturn|p2a: Maushold|move: Follow Me\n|move|p2b: Blastoise|Muddy Water|p1b: Maushold|[spread] \n|-activate|p1b: Maushold|move: Protect\n|-miss|p2b: Blastoise|p1a: Delphox\n|move|p1a: Delphox|Heat Wave|p2a: Maushold|[spread] p2a\n|-miss|p1a: Delphox|p2b: Blastoise\n|-damage|p2a: Maushold|0 fnt\n|faint|p2a: Maushold\n|\n|-weather|SunnyDay|[upkeep]\n|upkeep\n|\n|t:|1776194938\n|switch|p2a: Meganium|Meganium, L50, F, shiny|100/100\n|turn|8\n|\n|t:|1776194952\n|switch|p1a: Garchomp|Garchomp, L50, M, shiny|100/100\n|detailschange|p2a: Meganium|Meganium-Mega, L50, F, shiny\n|-mega|p2a: Meganium|Meganium|Meganiumite\n|move|p2b: Blastoise|Shell Smash|p2b: Blastoise\n|-unboost|p2b: Blastoise|def|1\n|-unboost|p2b: Blastoise|spd|1\n|-boost|p2b: Blastoise|atk|2\n|-boost|p2b: Blastoise|spa|2\n|-boost|p2b: Blastoise|spe|2\n|move|p2a: Meganium|Dazzling Gleam|p1b: Maushold|[spread] p1a,p1b\n|-supereffective|p1a: Garchomp|1\n|-damage|p1a: Garchomp|40/100\n|-damage|p1b: Maushold|3/100\n|move|p1b: Maushold|Super Fang|p2a: Meganium\n|-damage|p2a: Meganium|51/100\n|\n|-weather|none\n|-sideend|p2: rillabob|move: Tailwind\n|upkeep\n|turn|9\n|\n|t:|1776194977\n|move|p1b: Maushold|Follow Me|p1b: Maushold\n|-singleturn|p1b: Maushold|move: Follow Me\n|move|p2b: Blastoise|Muddy Water|p1a: Garchomp|[spread] p1a\n|-miss|p2b: Blastoise|p1b: Maushold\n|-damage|p1a: Garchomp|0 fnt\n|faint|p1a: Garchomp\n|move|p2a: Meganium|Dazzling Gleam|p1b: Maushold\n|-crit|p1b: Maushold\n|-damage|p1b: Maushold|0 fnt\n|faint|p1b: Maushold\n|\n|upkeep\n|\n|t:|1776194984\n|switch|p1b: Delphox|Delphox-Mega, L50, M, shiny|19/100\n|switch|p1a: Sableye|Sableye, L50, M, shiny|2/100\n|turn|10\n|\n|t:|1776194995\n|move|p2b: Blastoise|Protect|p2b: Blastoise\n|-singleturn|p2b: Blastoise|Protect\n|move|p2a: Meganium|Protect|p2a: Meganium\n|-singleturn|p2a: Meganium|Protect\n|move|p1a: Sableye|Fake Out|p2b: Blastoise\n|-activate|p2b: Blastoise|move: Protect\n|move|p1b: Delphox|Heat Wave|p2b: Blastoise|[spread] \n|-activate|p2a: Meganium|move: Protect\n|-activate|p2b: Blastoise|move: Protect\n|\n|upkeep\n|turn|11\n|\n|t:|1776195010\n|move|p1a: Sableye|Encore|p2b: Blastoise\n|-start|p2b: Blastoise|Encore\n|move|p2b: Blastoise|Protect|p2b: Blastoise\n|-singleturn|p2b: Blastoise|Protect\n|move|p1b: Delphox|Heat Wave|p2a: Meganium|[spread] p2a\n|-activate|p2b: Blastoise|move: Protect\n|-supereffective|p2a: Meganium|1\n|-damage|p2a: Meganium|0 fnt\n|faint|p2a: Meganium\n|\n|upkeep\n|turn|12\n|-message|rillabob forfeited.\n|\n|win|mr. bigodon\n|raw|mr. bigodon's rating: 1153 &rarr; <strong>1177</strong><br />(+24 for winning)\n|raw|rillabob's rating: 1146 &rarr; <strong>1122</strong><br />(-24 for losing)\n|l|\u2606rillabob\n|player|p2|\n",
  "uploadtime": 1776195028,
  "views": 28,
  "formatid": "gen9championsvgc2026regma",
  "rating": 1122,
  "private": 0,
  "password": null
}