{
  "id": "gen9championsvgc2026regma-2586743153",
  "format": "[Gen 9 Champions] VGC 2026 Reg M-A",
  "players": [
    "TTT x",
    "Gigithegyarados"
  ],
  "log": "|j|\u2606TTT x\n|j|\u2606Gigithegyarados\n|t:|1776456422\n|gametype|doubles\n|player|p1|TTT x|#smogonxnpa2025draftee|\n|player|p2|Gigithegyarados|2|\n|gen|9\n|tier|[Gen 9 Champions] VGC 2026 Reg M-A\n|rated|Tournament battle\n|rule|Species Clause: Limit one of each Pok\u00e9mon\n|rule|Item Clause: Limit 1 of each item\n|raw|<div class=\"infobox\"><details class=\"readmore\" open><summary><strong>1 custom rule:</strong></summary> Force Open Team Sheets</details></div>\n|clearpoke\n|poke|p1|Manectric, L50, F|\n|poke|p1|Archaludon, L50, M|\n|poke|p1|Sinistcha, L50|\n|poke|p1|Politoed, L50, M|\n|poke|p1|Scizor, L50, F|\n|poke|p1|Incineroar, L50, M|\n|poke|p2|Gengar, L50, M|\n|poke|p2|Palafin, L50, M|\n|poke|p2|Politoed, L50, F|\n|poke|p2|Archaludon, L50, M|\n|poke|p2|Incineroar, L50, F|\n|poke|p2|Sinistcha-Masterpiece, L50|\n|teampreview|4\n|showteam|p1|Manectric||Manectite|LightningRod|VoltSwitch,Snarl,LightScreen,Protect|||F|||50|]Archaludon||Leftovers|Stamina|ElectroShot,DragonPulse,FlashCannon,Protect|||M|||50|]Sinistcha||KasibBerry|Hospitality|ShadowBall,LifeDew,RagePowder,Protect||||||50|]Politoed||SitrusBerry|Drizzle|WeatherBall,RainDance,Encore,Protect|||M|||50|]Scizor||Scizorite|Technician|BulletPunch,BugBite,SwordsDance,Protect|||F|||50|]Incineroar||ChopleBerry|Intimidate|FakeOut,FlareBlitz,WillOWisp,PartingShot|||M|||50|\n|showteam|p2|Gengar||Gengarite|CursedBody|Protect,PerishSong,Disable,ShadowBall|||M|||50|]Palafin||MysticWater|ZerotoHero|WaveCrash,Protect,CloseCombat,JetPunch|||M|||50|]Politoed||Leftovers|Drizzle|PerishSong,Protect,WeatherBall,Encore|||F|||50|]Archaludon||Magnet|Sturdy|Protect,ElectroShot,FlashCannon,DragonPulse|||M|||50|]Incineroar||ShucaBerry|Intimidate|PartingShot,FakeOut,Protect,ThroatChop|||F|||50|]Sinistcha-Masterpiece||SitrusBerry|Hospitality|Protect,RagePowder,LifeDew,MatchaGotcha||||||50|\n|c|\u2606Gigithegyarados|glhf\nGigithegyarados has agreed to open team sheets.\n|c|\u2606TTT x|U2\n|j| Infinite Petal\n|\n|t:|1776456492\n|teamsize|p1|4\n|teamsize|p2|4\n|start\n|switch|p1a: Politoed|Politoed, L50, M|100/100\n|switch|p1b: Sinistcha|Sinistcha, L50|100/100\n|switch|p2a: Gengar|Gengar, L50, M, shiny|100/100\n|switch|p2b: Darwin|Incineroar, L50, F|100/100\n|-weather|RainDance|[from] ability: Drizzle|[of] p1a: Politoed\n|-ability|p2b: Darwin|Intimidate|boost\n|-unboost|p1a: Politoed|atk|1\n|-unboost|p1b: Sinistcha|atk|1\n|turn|1\n|\n|t:|1776456538\n|detailschange|p2a: Gengar|Gengar-Mega, L50, M, shiny\n|-mega|p2a: Gengar|Gengar|Gengarite\n|move|p2a: Gengar|Protect|p2a: Gengar\n|-singleturn|p2a: Gengar|Protect\n|move|p2b: Darwin|Fake Out|p1a: Politoed\n|-damage|p1a: Politoed|92/100\n|move|p1b: Sinistcha|Shadow Ball|p2a: Gengar\n|-activate|p2a: Gengar|move: Protect\n|cant|p1a: Politoed|flinch\n|\n|-weather|RainDance|[upkeep]\n|upkeep\n|turn|2\n|\n|t:|1776456552\n|move|p2b: Darwin|Protect|p2b: Darwin\n|-singleturn|p2b: Darwin|Protect\n|move|p2a: Gengar|Disable|p1b: Sinistcha\n|-start|p1b: Sinistcha|Disable|Shadow Ball\n|cant|p1b: Sinistcha|Disable|Shadow Ball\n|move|p1a: Politoed|Encore|p2a: Gengar\n|-start|p2a: Gengar|Encore\n|\n|-weather|RainDance|[upkeep]\n|upkeep\n|turn|3\n|\n|t:|1776456599\n|switch|p1b: Archaludon|Archaludon, L50, M|100/100\n|switch|p2b: Jimmy|Politoed, L50, F|100/100\n|move|p2a: Gengar|Disable|p1a: Politoed\n|-start|p1a: Politoed|Disable|Encore\n|move|p1a: Politoed|Weather Ball|p2b: Jimmy\n|-resisted|p2b: Jimmy|1\n|-damage|p2b: Jimmy|82/100\n|\n|-weather|RainDance|[upkeep]\n|-heal|p2b: Jimmy|88/100|[from] item: Leftovers\n|upkeep\n|turn|4\n|\n|t:|1776456643\n|move|p2b: Jimmy|Protect|p2b: Jimmy\n|-singleturn|p2b: Jimmy|Protect\n|move|p2a: Gengar|Disable||[still]\n|-fail|p2a: Gengar\n|move|p1b: Archaludon|Electro Shot||[still]\n|-prepare|p1b: Archaludon|Electro Shot\n|-boost|p1b: Archaludon|spa|1\n|-anim|p1b: Archaludon|Electro Shot|p2a: Gengar\n|-damage|p2a: Gengar|38/100\n|move|p1a: Politoed|Weather Ball|p2a: Gengar\n|-damage|p2a: Gengar|0 fnt\n|faint|p2a: Gengar\n|\n|-weather|RainDance|[upkeep]\n|-heal|p2b: Jimmy|94/100|[from] item: Leftovers\n|upkeep\n|\n|t:|1776456655\n|switch|p2a: Golden Gate|Archaludon, L50, M|100/100\n|turn|5\n|\n|t:|1776456664\n|switch|p2b: Darwin|Incineroar, L50, F|100/100\n|-ability|p2b: Darwin|Intimidate|boost\n|-unboost|p1a: Politoed|atk|1\n|-unboost|p1b: Archaludon|atk|1\n|switch|p1a: Manectric|Manectric, L50, F|100/100\n|move|p2a: Golden Gate|Electro Shot||[still]\n|-prepare|p2a: Golden Gate|Electro Shot\n|-boost|p2a: Golden Gate|spa|1\n|-anim|p2a: Golden Gate|Electro Shot|p1a: Manectric\n|-ability|p1a: Manectric|Lightning Rod|boost\n|-boost|p1a: Manectric|spa|1\n|move|p1b: Archaludon|Electro Shot||[still]\n|-activate|p1a: Manectric|ability: Lightning Rod\n|-prepare|p1b: Archaludon|Electro Shot\n|-boost|p1b: Archaludon|spa|1\n|-anim|p1b: Archaludon|Electro Shot|p1a: Manectric\n|-ability|p1a: Manectric|Lightning Rod|boost\n|-boost|p1a: Manectric|spa|1\n|\n|-weather|none\n|upkeep\n|turn|6\n|c|\u2606TTT x|Oops\n|\n|t:|1776456711\n|detailschange|p1a: Manectric|Manectric-Mega, L50, F\n|-mega|p1a: Manectric|Manectric|Manectite\n|-ability|p1a: Manectric|Intimidate|boost\n|-unboost|p2a: Golden Gate|atk|1\n|-unboost|p2b: Darwin|atk|1\n|move|p1a: Manectric|Protect|p1a: Manectric\n|-singleturn|p1a: Manectric|Protect\n|move|p1b: Archaludon|Protect|p1b: Archaludon\n|-singleturn|p1b: Archaludon|Protect\n|move|p2b: Darwin|Fake Out|p1b: Archaludon\n|-activate|p1b: Archaludon|move: Protect\n|move|p2a: Golden Gate|Dragon Pulse|p1a: Manectric\n|-activate|p1a: Manectric|move: Protect\n|\n|upkeep\n|turn|7\n|\n|t:|1776456753\n|switch|p2b: Jimmy|Politoed, L50, F|94/100\n|-weather|RainDance|[from] ability: Drizzle|[of] p2b: Jimmy\n|move|p1a: Manectric|Snarl|p2b: Jimmy|[spread] p2a,p2b\n|-damage|p2a: Golden Gate|66/100\n|-damage|p2b: Jimmy|76/100\n|-unboost|p2a: Golden Gate|spa|1\n|-unboost|p2b: Jimmy|spa|1\n|move|p2a: Golden Gate|Electro Shot||[still]\n|-prepare|p2a: Golden Gate|Electro Shot\n|-boost|p2a: Golden Gate|spa|1\n|-anim|p2a: Golden Gate|Electro Shot|p1a: Manectric\n|-resisted|p1a: Manectric|1\n|-damage|p1a: Manectric|50/100\n|move|p1b: Archaludon|Dragon Pulse|p2a: Golden Gate\n|-damage|p2a: Golden Gate|0 fnt\n|faint|p2a: Golden Gate\n|\n|-weather|RainDance|[upkeep]\n|-heal|p2b: Jimmy|82/100|[from] item: Leftovers\n|upkeep\n|\n|t:|1776456768\n|switch|p2a: Darwin|Incineroar, L50, F|100/100\n|-ability|p2a: Darwin|Intimidate|boost\n|-unboost|p1a: Manectric|atk|1\n|-unboost|p1b: Archaludon|atk|1\n|turn|8\n|\n|t:|1776456786\n|move|p2a: Darwin|Fake Out|p1b: Archaludon\n|-resisted|p1b: Archaludon|1\n|-damage|p1b: Archaludon|96/100\n|-ability|p1b: Archaludon|Stamina|boost\n|-boost|p1b: Archaludon|def|1\n|move|p1a: Manectric|Volt Switch|p2b: Jimmy\n|-supereffective|p2b: Jimmy|1\n|-damage|p2b: Jimmy|0 fnt\n|faint|p2b: Jimmy\n|\n|t:|1776456792\n|switch|p1a: Politoed|Politoed, L50, M|92/100|[from] Volt Switch\n|cant|p1b: Archaludon|flinch\n|\n|-weather|RainDance|[upkeep]\n|-heal|p1b: Archaludon|100/100|[from] item: Leftovers\n|upkeep\n|turn|9\n|c|\u2606Gigithegyarados|gg\n|\n|t:|1776456798\n|move|p1b: Archaludon|Electro Shot||[still]\n|-prepare|p1b: Archaludon|Electro Shot\n|-boost|p1b: Archaludon|spa|1\n|-anim|p1b: Archaludon|Electro Shot|p2a: Darwin\n|-damage|p2a: Darwin|34/100\n|move|p1a: Politoed|Weather Ball|p2a: Darwin\n|-supereffective|p2a: Darwin|1\n|-damage|p2a: Darwin|0 fnt\n|faint|p2a: Darwin\n|\n|win|TTT x\n|n|\u2606TTT x|tttx\n|n|\u2606Gigithegyarados|gigithegyarados\n|n| Infinite Petal|infinitepetal\n|c|\u2606TTT x|Gg\n|l|\u2606Gigithegyarados\n|player|p2|\n|l|\u2606TTT x\n|player|p1|\n",
  "uploadtime": 1776456811,
  "views": 102,
  "formatid": "gen9championsvgc2026regma",
  "rating": null,
  "private": 0,
  "password": null
}