{
  "id": "gen9championsvgc2026regma-2585734080",
  "format": "[Gen 9 Champions] VGC 2026 Reg M-A",
  "players": [
    "astonished25",
    "skwerl"
  ],
  "log": "|j|\u2606astonished25\n|j|\u2606skwerl\n|t:|1776366890\n|gametype|doubles\n|player|p1|astonished25|2|1218\n|player|p2|skwerl|101|1133\n|gen|9\n|tier|[Gen 9 Champions] VGC 2026 Reg M-A\n|rated|\n|rule|Species Clause: Limit one of each Pok\u00e9mon\n|rule|Item Clause: Limit 1 of each item\n|clearpoke\n|poke|p1|Aerodactyl, L50, M|\n|poke|p1|Tyranitar, L50, M|\n|poke|p1|Kingambit, L50, F|\n|poke|p1|Floette-Eternal, L50, F|\n|poke|p1|Sinistcha-Masterpiece, L50|\n|poke|p1|Basculegion, L50, M|\n|poke|p2|Gallade, L50, M|\n|poke|p2|Hatterene, L50, F|\n|poke|p2|Farigiraf, L50, M|\n|poke|p2|Torkoal, L50, F|\n|poke|p2|Kingambit, L50, M|\n|poke|p2|Kangaskhan, L50, F|\n|teampreview|4\n|inactive|Battle timer is ON: inactive players will automatically lose when time's up. (requested by skwerl)\n|inactive|astonished25 has 60 seconds left.\n|\n|t:|1776366924\n|teamsize|p1|4\n|teamsize|p2|4\n|start\n|switch|p1a: Basculegion|Basculegion, L50, M|100/100\n|switch|p1b: Tyranitar|Tyranitar, L50, M|100/100\n|switch|p2a: Kangaskhan|Kangaskhan, L50, F|100/100\n|switch|p2b: Farigiraf|Farigiraf, L50, M|100/100\n|-weather|Sandstorm|[from] ability: Sand Stream|[of] p1b: Tyranitar\n|turn|1\n|\n|t:|1776366939\n|detailschange|p1b: Tyranitar|Tyranitar-Mega, L50, M\n|-mega|p1b: Tyranitar|Tyranitar|Tyranitarite\n|move|p2a: Kangaskhan|Fake Out|p1b: Tyranitar\n|-resisted|p1b: Tyranitar|1\n|-damage|p1b: Tyranitar|94/100\n|move|p1a: Basculegion|Wave Crash|p2b: Farigiraf\n|-damage|p2b: Farigiraf|23/100\n|-enditem|p2b: Farigiraf|Sitrus Berry|[eat]\n|-heal|p2b: Farigiraf|48/100|[from] item: Sitrus Berry\n|-damage|p1a: Basculegion|71/100|[from] Recoil\n|cant|p1b: Tyranitar|flinch\n|move|p2b: Farigiraf|Trick Room|p2b: Farigiraf\n|-fieldstart|move: Trick Room|[of] p2b: Farigiraf\n|\n|-weather|Sandstorm|[upkeep]\n|-damage|p2b: Farigiraf|42/100|[from] Sandstorm\n|-damage|p2a: Kangaskhan|94/100|[from] Sandstorm\n|-damage|p1a: Basculegion|65/100|[from] Sandstorm\n|upkeep\n|turn|2\n|inactive|skwerl has 30 seconds left.\n|\n|t:|1776366969\n|switch|p1b: Sinistcha|Sinistcha-Masterpiece, L50|100/100\n|move|p2b: Farigiraf|Protect|p2b: Farigiraf\n|-singleturn|p2b: Farigiraf|Protect\n|move|p2a: Kangaskhan|Double-Edge|p1a: Basculegion\n|-damage|p1a: Basculegion|0 fnt\n|faint|p1a: Basculegion\n|-damage|p2a: Kangaskhan|74/100|[from] Recoil\n|\n|-weather|Sandstorm|[upkeep]\n|-damage|p2b: Farigiraf|35/100|[from] Sandstorm\n|-damage|p1b: Sinistcha|94/100|[from] Sandstorm\n|-damage|p2a: Kangaskhan|68/100|[from] Sandstorm\n|upkeep\n|\n|t:|1776366979\n|switch|p1a: Kingambit|Kingambit, L50, F|100/100\n|turn|3\n|\n|t:|1776366996\n|detailschange|p2a: Kangaskhan|Kangaskhan-Mega, L50, F\n|-mega|p2a: Kangaskhan|Kangaskhan|Kangaskhanite\n|move|p2b: Farigiraf|Imprison|p2b: Farigiraf\n|-start|p2b: Farigiraf|move: Imprison\n|move|p1a: Kingambit|Low Kick|p2a: Kangaskhan\n|-supereffective|p2a: Kangaskhan|1\n|-damage|p2a: Kangaskhan|0 fnt\n|faint|p2a: Kangaskhan\n|move|p1b: Sinistcha|Nasty Plot|p1b: Sinistcha\n|-boost|p1b: Sinistcha|spa|2\n|\n|-weather|Sandstorm|[upkeep]\n|-damage|p2b: Farigiraf|29/100|[from] Sandstorm\n|-damage|p1b: Sinistcha|88/100|[from] Sandstorm\n|upkeep\n|\n|t:|1776367009\n|switch|p2a: Torkoal|Torkoal, L50, F, shiny|100/100\n|-weather|SunnyDay|[from] ability: Drought|[of] p2a: Torkoal\n|turn|4\n|\n|t:|1776367030\n|switch|p1a: Tyranitar|Tyranitar-Mega, L50, M|94/100\n|-weather|Sandstorm|[from] ability: Sand Stream|[of] p1a: Tyranitar\n|move|p2a: Torkoal|Eruption|p1b: Sinistcha|[spread] p1a,p1b\n|-resisted|p1a: Tyranitar|1\n|-crit|p1a: Tyranitar\n|-supereffective|p1b: Sinistcha|1\n|-damage|p1a: Tyranitar|72/100\n|-damage|p1b: Sinistcha|34/100\n|move|p2b: Farigiraf|Hyper Voice|p1b: Sinistcha|[spread] p1a\n|-immune|p1b: Sinistcha\n|-resisted|p1a: Tyranitar|1\n|-damage|p1a: Tyranitar|65/100\n|move|p1b: Sinistcha|Matcha Gotcha|p2a: Torkoal|[spread] p2a,p2b\n|-resisted|p2a: Torkoal|1\n|-crit|p2b: Farigiraf\n|-damage|p2a: Torkoal|70/100\n|-heal|p1b: Sinistcha|49/100|[from] drain|[of] p2a: Torkoal\n|-damage|p2b: Farigiraf|0 fnt\n|-heal|p1b: Sinistcha|67/100|[from] drain|[of] p2b: Farigiraf\n|faint|p2b: Farigiraf\n|\n|-weather|Sandstorm|[upkeep]\n|-damage|p2a: Torkoal|64/100|[from] Sandstorm\n|-damage|p1b: Sinistcha|61/100|[from] Sandstorm\n|upkeep\n|\n|t:|1776367049\n|switch|p2b: Kingambit|Kingambit, L50, M|100/100\n|turn|5\n|\n|t:|1776367072\n|move|p2a: Torkoal|Eruption|p1b: Sinistcha|[spread] p1a,p1b\n|-resisted|p1a: Tyranitar|1\n|-supereffective|p1b: Sinistcha|1\n|-damage|p1a: Tyranitar|56/100\n|-damage|p1b: Sinistcha|27/100\n|move|p2b: Kingambit|Swords Dance|p2b: Kingambit\n|-boost|p2b: Kingambit|atk|2\n|move|p1b: Sinistcha|Matcha Gotcha|p2b: Kingambit|[spread] p2a,p2b\n|-resisted|p2a: Torkoal|1\n|-resisted|p2b: Kingambit|1\n|-damage|p2a: Torkoal|33/100\n|-heal|p1b: Sinistcha|43/100|[from] drain|[of] p2a: Torkoal\n|-damage|p2b: Kingambit|77/100\n|-heal|p1b: Sinistcha|57/100|[from] drain|[of] p2b: Kingambit\n|move|p1a: Tyranitar|Low Kick|p2b: Kingambit\n|-supereffective|p2b: Kingambit|2\n|-damage|p2b: Kingambit|0 fnt\n|faint|p2b: Kingambit\n|\n|-weather|Sandstorm|[upkeep]\n|-damage|p2a: Torkoal|27/100|[from] Sandstorm\n|-damage|p1b: Sinistcha|50/100|[from] Sandstorm\n|-fieldend|move: Trick Room\n|upkeep\n|turn|6\n|\n|t:|1776367090\n|move|p2a: Torkoal|Protect|p2a: Torkoal\n|-singleturn|p2a: Torkoal|Protect\n|move|p1a: Tyranitar|Knock Off|p2a: Torkoal\n|-activate|p2a: Torkoal|move: Protect\n|move|p1b: Sinistcha|Matcha Gotcha|p2a: Torkoal\n|-activate|p2a: Torkoal|move: Protect\n|\n|-weather|Sandstorm|[upkeep]\n|-damage|p1b: Sinistcha|44/100|[from] Sandstorm\n|-damage|p2a: Torkoal|21/100|[from] Sandstorm\n|upkeep\n|turn|7\n|\n|t:|1776367096\n|move|p1a: Tyranitar|Knock Off|p2a: Torkoal\n|-damage|p2a: Torkoal|0 fnt\n|-enditem|p2a: Torkoal|Charcoal|[from] move: Knock Off|[of] p1a: Tyranitar\n|faint|p2a: Torkoal\n|\n|win|astonished25\n|raw|astonished25's rating: 1218 &rarr; <strong>1237</strong><br />(+19 for winning)\n|raw|skwerl's rating: 1133 &rarr; <strong>1114</strong><br />(-19 for losing)\n|l|\u2606skwerl\n|player|p2|\n",
  "uploadtime": 1776367100,
  "views": 22,
  "formatid": "gen9championsvgc2026regma",
  "rating": 1114,
  "private": 0,
  "password": null
}