{
  "id": "gen9championsvgc2026regma-2581760967",
  "format": "[Gen 9 Champions] VGC 2026 Reg M-A",
  "players": [
    "Taylung",
    "Duke kayn"
  ],
  "log": "|j|\u2606Taylung\n|j|\u2606Duke kayn\n|t:|1776026332\n|gametype|doubles\n|player|p1|Taylung|102|1000\n|player|p2|Duke kayn|gambler|1065\n|gen|9\n|tier|[Gen 9 Champions] VGC 2026 Reg M-A\n|rated|\n|rule|Species Clause: Limit one of each Pok\u00e9mon\n|rule|Item Clause: Limit 1 of each item\n|clearpoke\n|poke|p1|Milotic, L50, F|\n|poke|p1|Pelipper, L50, M|\n|poke|p1|Venusaur, L50, F|\n|poke|p1|Dragonite, L50, F|\n|poke|p1|Golurk, L50|\n|poke|p1|Empoleon, L50, M|\n|poke|p2|Jolteon, L50, F|\n|poke|p2|Pelipper, L50, F|\n|poke|p2|Meganium, L50, M|\n|poke|p2|Kingambit, L50, F|\n|poke|p2|Garchomp, L50, F|\n|poke|p2|Sneasler, L50, M|\n|teampreview|4\n|inactive|Battle timer is ON: inactive players will automatically lose when time's up. (requested by Taylung)\n|\n|t:|1776026390\n|teamsize|p1|4\n|teamsize|p2|4\n|start\n|switch|p1a: Dragonite|Dragonite, L50, F|100/100\n|switch|p1b: Venusaur|Venusaur, L50, F|100/100\n|switch|p2a: Meganium|Meganium, L50, M|100/100\n|switch|p2b: Jolteon|Jolteon, L50, F|100/100\n|turn|1\n|inactive|Taylung has 30 seconds left.\n|inactive|Duke kayn has 30 seconds left.\n|\n|t:|1776026422\n|switch|p2a: Sneasler|Sneasler, L50, M|100/100\n|detailschange|p1a: Dragonite|Dragonite-Mega, L50, F\n|-mega|p1a: Dragonite|Dragonite|Dragoninite\n|move|p2b: Jolteon|Volt Switch|p1a: Dragonite\n|-damage|p1a: Dragonite|83/100\n|\n|t:|1776026433\n|switch|p2b: Meganium|Meganium, L50, M|100/100|[from] Volt Switch\n|move|p1a: Dragonite|Draco Meteor|p2b: Meganium\n|-damage|p2b: Meganium|11/100\n|-unboost|p1a: Dragonite|spa|2\n|move|p1b: Venusaur|Sludge Bomb|p2a: Sneasler\n|-resisted|p2a: Sneasler|1\n|-damage|p2a: Sneasler|70/100\n|\n|upkeep\n|turn|2\n|\n|t:|1776026457\n|detailschange|p2b: Meganium|Meganium-Mega, L50, M\n|-mega|p2b: Meganium|Meganium|Meganiumite\n|move|p2a: Sneasler|Fake Out|p1a: Dragonite\n|-damage|p1a: Dragonite|68/100\n|cant|p1a: Dragonite|flinch\n|move|p2b: Meganium|Weather Ball|p1b: Venusaur\n|-supereffective|p1b: Venusaur|1\n|-damage|p1b: Venusaur|0 fnt\n|faint|p1b: Venusaur\n|\n|upkeep\n|\n|t:|1776026473\n|switch|p1b: Pelipper|Pelipper, L50, M|100/100\n|-weather|RainDance|[from] ability: Drizzle|[of] p1b: Pelipper\n|turn|3\n|\n|t:|1776026491\n|move|p1a: Dragonite|Extreme Speed|p2b: Meganium\n|-damage|p2b: Meganium|0 fnt\n|faint|p2b: Meganium\n|move|p2a: Sneasler|Dire Claw|p1a: Dragonite\n|-damage|p1a: Dragonite|20/100\n|-status|p1a: Dragonite|psn\n|move|p1b: Pelipper|Hurricane|p2a: Sneasler\n|-supereffective|p2a: Sneasler|1\n|-damage|p2a: Sneasler|0 fnt\n|faint|p2a: Sneasler\n|\n|-weather|RainDance|[upkeep]\n|-damage|p1a: Dragonite|7/100 psn|[from] psn\n|upkeep\n|\n|t:|1776026500\n|switch|p2a: Jolteon|Jolteon, L50, F|100/100\n|switch|p2b: Garchomp|Garchomp, L50, F|100/100\n|turn|4\n|inactive|Taylung has 30 seconds left.\n|\n|t:|1776026527\n|switch|p1b: Golurk|Golurk, L50|100/100\n|move|p1a: Dragonite|Extreme Speed|p2a: Jolteon\n|-damage|p2a: Jolteon|65/100\n|move|p2b: Garchomp|Rock Slide|p1a: Dragonite|[spread] p1a,p1b\n|-supereffective|p1a: Dragonite|1\n|-resisted|p1b: Golurk|1\n|-damage|p1a: Dragonite|0 fnt\n|-damage|p1b: Golurk|90/100\n|faint|p1a: Dragonite\n|move|p2a: Jolteon|Thunderbolt|p1b: Golurk\n|-immune|p1b: Golurk\n|\n|-weather|RainDance|[upkeep]\n|upkeep\n|\n|t:|1776026542\n|switch|p1a: Pelipper|Pelipper, L50, M|100/100\n|turn|5\n|\n|t:|1776026550\n|move|p1a: Pelipper|Protect|p1a: Pelipper\n|-singleturn|p1a: Pelipper|Protect\n|move|p2b: Garchomp|Rock Slide|p1a: Pelipper|[spread] p1b\n|-activate|p1a: Pelipper|move: Protect\n|-resisted|p1b: Golurk|1\n|-damage|p1b: Golurk|79/100\n|move|p2a: Jolteon|Weather Ball|p1b: Golurk\n|-supereffective|p1b: Golurk|1\n|-damage|p1b: Golurk|0 fnt\n|faint|p1b: Golurk\n|\n|-weather|RainDance|[upkeep]\n|upkeep\n|turn|6\n|-message|Taylung forfeited.\n|\n|win|Duke kayn\n|raw|Taylung's rating: 1000 &rarr; <strong>1000</strong><br />(+0 for losing)\n|raw|Duke kayn's rating: 1065 &rarr; <strong>1090</strong><br />(+25 for winning)\n|l|\u2606Taylung\n|player|p1|\n",
  "uploadtime": 1776026571,
  "views": 20,
  "formatid": "gen9championsvgc2026regma",
  "rating": 1000,
  "private": 0,
  "password": null
}