{
  "id": "gen9championsvgc2026regma-2586046724",
  "format": "[Gen 9 Champions] VGC 2026 Reg M-A",
  "players": [
    "Frostoren",
    "Phillip Blevin"
  ],
  "log": "|j|\u2606Frostoren\n|j|\u2606Phillip Blevin\n|t:|1776393484\n|gametype|doubles\n|player|p1|Frostoren|265|1354\n|player|p2|Phillip Blevin|cynthia-masters4|1394\n|gen|9\n|tier|[Gen 9 Champions] VGC 2026 Reg M-A\n|rated|\n|rule|Species Clause: Limit one of each Pok\u00e9mon\n|rule|Item Clause: Limit 1 of each item\n|clearpoke\n|poke|p1|Mimikyu, L50, F|\n|poke|p1|Slowking-Galar, L50, F|\n|poke|p1|Meganium, L50, F|\n|poke|p1|Politoed, L50, M|\n|poke|p1|Incineroar, L50, M|\n|poke|p1|Avalugg-Hisui, L50, F|\n|poke|p2|Froslass, L50, F|\n|poke|p2|Corviknight, L50, F|\n|poke|p2|Sneasler, L50, F|\n|poke|p2|Rotom-Mow, L50|\n|poke|p2|Incineroar, L50, F|\n|poke|p2|Garchomp, L50, M|\n|teampreview|4\n|inactive|Battle timer is ON: inactive players will automatically lose when time's up. (requested by Phillip Blevin)\nPhillip Blevin has agreed to open team sheets.\n|j| snappleJs\n|\n|t:|1776393512\n|teamsize|p1|4\n|teamsize|p2|4\n|start\n|switch|p1a: Mimikyu|Mimikyu, L50, F|100/100\n|switch|p1b: Incineroar|Incineroar, L50, M|100/100\n|switch|p2a: Sneasler|Sneasler, L50, F|100/100\n|switch|p2b: Incineroar|Incineroar, L50, F|100/100\n|-ability|p2a: Sneasler|Pressure\n|-ability|p1b: Incineroar|Intimidate|boost\n|-unboost|p2a: Sneasler|atk|1\n|-unboost|p2b: Incineroar|atk|1\n|-ability|p2b: Incineroar|Intimidate|boost\n|-unboost|p1a: Mimikyu|atk|1\n|-unboost|p1b: Incineroar|atk|1\n|-enditem|p2a: Sneasler|White Herb\n|-clearnegativeboost|p2a: Sneasler|[silent]\n|turn|1\n|\n|t:|1776393524\n|move|p1b: Incineroar|Protect|p1b: Incineroar\n|-singleturn|p1b: Incineroar|Protect\n|move|p2a: Sneasler|Dire Claw|p1a: Mimikyu\n|-activate|p1a: Mimikyu|ability: Disguise\n|-damage|p1a: Mimikyu|100/100\n|-status|p1a: Mimikyu|slp\n|-enditem|p1a: Mimikyu|Lum Berry|[eat]\n|-curestatus|p1a: Mimikyu|slp|[msg]\n|detailschange|p1a: Mimikyu|Mimikyu-Busted, L50, F\n|-damage|p1a: Mimikyu|88/100|[from] pokemon: Mimikyu-Busted\n|move|p2b: Incineroar|Flare Blitz|p1a: Mimikyu\n|-crit|p1a: Mimikyu\n|-damage|p1a: Mimikyu|3/100\n|-damage|p2b: Incineroar|78/100|[from] Recoil\n|move|p1a: Mimikyu|Trick Room|p1a: Mimikyu\n|-fieldstart|move: Trick Room|[of] p1a: Mimikyu\n|\n|upkeep\n|turn|2\n|\n|t:|1776393544\n|move|p1b: Incineroar|Flare Blitz|p2a: Sneasler\n|-crit|p2a: Sneasler\n|-damage|p2a: Sneasler|0 fnt\n|faint|p2a: Sneasler\n|-damage|p1b: Incineroar|75/100|[from] Recoil\n|move|p2b: Incineroar|Darkest Lariat|p1a: Mimikyu\n|-damage|p1a: Mimikyu|0 fnt\n|faint|p1a: Mimikyu\n|\n|upkeep\n|\n|t:|1776393550\n|switch|p1a: Politoed|Politoed, L50, M|100/100\n|switch|p2a: Garchomp|Garchomp, L50, M|100/100\n|-weather|RainDance|[from] ability: Drizzle|[of] p1a: Politoed\n|turn|3\n|\n|t:|1776393558\n|move|p1b: Incineroar|Parting Shot|p2a: Garchomp\n|-unboost|p2a: Garchomp|atk|1\n|-unboost|p2a: Garchomp|spa|1\n|\n|t:|1776393560\n|switch|p1b: Meganium|Meganium, L50, F|100/100|[from] Parting Shot\n|move|p2b: Incineroar|Parting Shot|p1a: Politoed\n|-unboost|p1a: Politoed|atk|1\n|-unboost|p1a: Politoed|spa|1\n|\n|t:|1776393563\n|switch|p2b: Froslass|Froslass, L50, F|100/100|[from] Parting Shot\n|move|p1a: Politoed|Weather Ball|p2b: Froslass\n|-damage|p2b: Froslass|47/100\n|move|p2a: Garchomp|Earthquake|p1a: Politoed|[spread] p2b,p1a,p1b\n|-resisted|p1b: Meganium|1\n|-damage|p2b: Froslass|0 fnt\n|-damage|p1a: Politoed|76/100\n|-damage|p1b: Meganium|87/100\n|faint|p2b: Froslass\n|\n|-weather|RainDance|[upkeep]\n|upkeep\n|\n|t:|1776393565\n|switch|p2b: Incineroar|Incineroar, L50, F|78/100\n|-ability|p2b: Incineroar|Intimidate|boost\n|-unboost|p1a: Politoed|atk|1\n|-unboost|p1b: Meganium|atk|1\n|turn|4\n|\n|t:|1776393580\n|switch|p1b: Incineroar|Incineroar, L50, M|75/100\n|-ability|p1b: Incineroar|Intimidate|boost\n|-unboost|p2a: Garchomp|atk|1\n|-unboost|p2b: Incineroar|atk|1\n|move|p2b: Incineroar|Fake Out|p1b: Incineroar\n|-damage|p1b: Incineroar|68/100\n|move|p1a: Politoed|Perish Song|p1a: Politoed\n|-start|p1a: Politoed|perish3|[silent]\n|-start|p1b: Incineroar|perish3|[silent]\n|-start|p2a: Garchomp|perish3|[silent]\n|-start|p2b: Incineroar|perish3|[silent]\n|-fieldactivate|move: Perish Song\n|move|p2a: Garchomp|Swords Dance|p2a: Garchomp\n|-boost|p2a: Garchomp|atk|2\n|\n|-weather|RainDance|[upkeep]\n|-start|p2b: Incineroar|perish3\n|-start|p1b: Incineroar|perish3\n|-start|p1a: Politoed|perish3\n|-start|p2a: Garchomp|perish3\n|upkeep\n|turn|5\n|-message|Phillip Blevin forfeited.\n|\n|win|Frostoren\n|raw|Frostoren's rating: 1354 &rarr; <strong>1376</strong><br />(+22 for winning)\n|raw|Phillip Blevin's rating: 1394 &rarr; <strong>1372</strong><br />(-22 for losing)\n",
  "uploadtime": 1776393586,
  "views": 42,
  "formatid": "gen9championsvgc2026regma",
  "rating": 1372,
  "private": 0,
  "password": null
}