{
  "id": "gen9championsvgc2026regma-2585365485",
  "format": "[Gen 9 Champions] VGC 2026 Reg M-A",
  "players": [
    "Noobilio",
    "Jinxed_lll"
  ],
  "log": "|j|\u2606Noobilio\n|j|\u2606Jinxed_lll\n|t:|1776341685\n|gametype|doubles\n|player|p1|Noobilio|nurse|1269\n|player|p2|Jinxed_lll|lady-gen4|1230\n|gen|9\n|tier|[Gen 9 Champions] VGC 2026 Reg M-A\n|rated|\n|rule|Species Clause: Limit one of each Pok\u00e9mon\n|rule|Item Clause: Limit 1 of each item\n|clearpoke\n|poke|p1|Froslass, L50, F|\n|poke|p1|Floette-Eternal, L50, F|\n|poke|p1|Sneasler, L50, M|\n|poke|p1|Basculegion, L50, M|\n|poke|p1|Garchomp, L50, F|\n|poke|p1|Kingambit, L50, M|\n|poke|p2|Excadrill, L50, M|\n|poke|p2|Tyranitar, L50, F|\n|poke|p2|Sinistcha-Masterpiece, L50|\n|poke|p2|Primarina, L50, M|\n|poke|p2|Incineroar, L50, M|\n|poke|p2|Corviknight, L50, F|\n|teampreview|4\n|\n|t:|1776341727\n|teamsize|p1|4\n|teamsize|p2|4\n|start\n|switch|p1a: Froslass|Froslass, L50, F|100/100\n|switch|p1b: Sneasler|Sneasler, L50, M|100/100\n|switch|p2a: Yoko|Primarina, L50, M, shiny|100/100\n|switch|p2b: Shuzack|Corviknight, L50, F, shiny|100/100\n|turn|1\n|\n|t:|1776341760\n|detailschange|p1a: Froslass|Froslass-Mega, L50, F\n|-mega|p1a: Froslass|Froslass|Froslassite\n|-weather|Snowscape|[from] ability: Snow Warning|[of] p1a: Froslass\n|move|p1b: Sneasler|Dire Claw|p2a: Yoko\n|-supereffective|p2a: Yoko|1\n|-damage|p2a: Yoko|0 fnt\n|faint|p2a: Yoko\n|move|p1a: Froslass|Blizzard|p2b: Shuzack\n|-damage|p2b: Shuzack|48/100\n|move|p2b: Shuzack|Tailwind|p2b: Shuzack\n|-sidestart|p2: Jinxed_lll|move: Tailwind\n|\n|-weather|Snowscape|[upkeep]\n|-heal|p2b: Shuzack|54/100|[from] item: Leftovers\n|upkeep\n|\n|t:|1776341796\n|switch|p2a: Simon|Excadrill, L50, M|100/100\n|turn|2\n|\n|t:|1776341804\n|switch|p2b: Kamina|Tyranitar, L50, F, shiny|100/100\n|-weather|Sandstorm|[from] ability: Sand Stream|[of] p2b: Kamina\n|move|p1a: Froslass|Protect|p1a: Froslass\n|-singleturn|p1a: Froslass|Protect\n|move|p2a: Simon|Rock Slide|p1a: Froslass|[spread] p1b\n|-activate|p1a: Froslass|move: Protect\n|-resisted|p1b: Sneasler|1\n|-damage|p1b: Sneasler|83/100\n|move|p1b: Sneasler|Close Combat|p2a: Simon\n|-supereffective|p2a: Simon|1\n|-enditem|p2a: Simon|Focus Sash\n|-damage|p2a: Simon|1/100\n|-unboost|p1b: Sneasler|def|1\n|-unboost|p1b: Sneasler|spd|1\n|\n|-weather|Sandstorm|[upkeep]\n|-damage|p1b: Sneasler|77/100|[from] Sandstorm\n|-damage|p1a: Froslass|95/100|[from] Sandstorm\n|upkeep\n|turn|3\n|\n|t:|1776341835\n|switch|p1a: Basculegion|Basculegion, L50, M|100/100\n|detailschange|p2b: Kamina|Tyranitar-Mega, L50, F, shiny\n|-mega|p2b: Kamina|Tyranitar|Tyranitarite\n|move|p2a: Simon|Protect|p2a: Simon\n|-singleturn|p2a: Simon|Protect\n|move|p1b: Sneasler|Protect|p1b: Sneasler\n|-singleturn|p1b: Sneasler|Protect\n|move|p2b: Kamina|Rock Slide|p1a: Basculegion|[spread] p1a\n|-activate|p1b: Sneasler|move: Protect\n|-damage|p1a: Basculegion|67/100\n|\n|-weather|Sandstorm|[upkeep]\n|-damage|p1b: Sneasler|71/100|[from] Sandstorm\n|-damage|p1a: Basculegion|60/100|[from] Sandstorm\n|upkeep\n|turn|4\n|\n|t:|1776341862\n|switch|p2a: Shuzack|Corviknight, L50, F, shiny|54/100\n|switch|p1b: Froslass|Froslass-Mega, L50, F|95/100\n|-weather|Snowscape|[from] ability: Snow Warning|[of] p1b: Froslass\n|move|p1a: Basculegion|Aqua Jet|p2a: Shuzack\n|-damage|p2a: Shuzack|31/100\n|move|p2b: Kamina|Crunch|p1a: Basculegion\n|-supereffective|p1a: Basculegion|1\n|-damage|p1a: Basculegion|0 fnt\n|faint|p1a: Basculegion\n|\n|-weather|Snowscape|[upkeep]\n|-heal|p2a: Shuzack|37/100|[from] item: Leftovers\n|-sideend|p2: Jinxed_lll|move: Tailwind\n|upkeep\n|\n|t:|1776341880\n|switch|p1a: Sneasler|Sneasler, L50, M|71/100\n|turn|5\n|\n|t:|1776341888\n|move|p2b: Kamina|Protect|p2b: Kamina\n|-singleturn|p2b: Kamina|Protect\n|move|p1a: Sneasler|Close Combat|p2b: Kamina\n|-activate|p2b: Kamina|move: Protect\n|move|p1b: Froslass|Blizzard|p2b: Kamina|[spread] p2a\n|-activate|p2b: Kamina|move: Protect\n|-damage|p2a: Shuzack|3/100\n|move|p2a: Shuzack|Tailwind|p2a: Shuzack\n|-sidestart|p2: Jinxed_lll|move: Tailwind\n|\n|-weather|Snowscape|[upkeep]\n|-heal|p2a: Shuzack|9/100|[from] item: Leftovers\n|upkeep\n|turn|6\n|\n|t:|1776341910\n|switch|p1b: Kingambit|Kingambit, L50, M|100/100\n|move|p2b: Kamina|Crunch|p1b: Kingambit\n|-resisted|p1b: Kingambit|1\n|-damage|p1b: Kingambit|82/100\n|move|p2a: Shuzack|Roost|p2a: Shuzack\n|-heal|p2a: Shuzack|60/100\n|-singleturn|p2a: Shuzack|move: Roost\n|move|p1a: Sneasler|Close Combat|p2b: Kamina\n|-supereffective|p2b: Kamina|2\n|-damage|p2b: Kamina|0 fnt\n|-unboost|p1a: Sneasler|def|1\n|-unboost|p1a: Sneasler|spd|1\n|faint|p2b: Kamina\n|\n|-weather|Snowscape|[upkeep]\n|-heal|p2a: Shuzack|65/100|[from] item: Leftovers\n|upkeep\n|\n|t:|1776341922\n|switch|p2b: Simon|Excadrill, L50, M|1/100\n|turn|7\n|\n|t:|1776341942\n|move|p2b: Simon|Earthquake|p1a: Sneasler|[spread] p1a,p1b\n|-immune|p2a: Shuzack\n|-supereffective|p1a: Sneasler|1\n|-crit|p1a: Sneasler\n|-supereffective|p1b: Kingambit|1\n|-damage|p1a: Sneasler|0 fnt\n|-damage|p1b: Kingambit|18/100\n|faint|p1a: Sneasler\n|move|p2a: Shuzack|Brave Bird|p1b: Kingambit\n|-resisted|p1b: Kingambit|1\n|-damage|p1b: Kingambit|4/100\n|-damage|p2a: Shuzack|60/100|[from] Recoil\n|move|p1b: Kingambit|Low Kick|p2b: Simon\n|-supereffective|p2b: Simon|1\n|-damage|p2b: Simon|0 fnt\n|faint|p2b: Simon\n|\n|-weather|Snowscape|[upkeep]\n|-heal|p2a: Shuzack|66/100|[from] item: Leftovers\n|upkeep\n|\n|t:|1776341950\n|switch|p1a: Froslass|Froslass-Mega, L50, F|95/100\n|turn|8\n|\n|t:|1776341959\n|move|p1b: Kingambit|Sucker Punch|p2a: Shuzack\n|-damage|p2a: Shuzack|37/100\n|move|p2a: Shuzack|U-turn|p1b: Kingambit\n|-damage|p1b: Kingambit|0 fnt\n|faint|p1b: Kingambit\n|move|p1a: Froslass|Blizzard|p2a: Shuzack\n|-damage|p2a: Shuzack|0 fnt\n|faint|p2a: Shuzack\n|\n|win|Noobilio\n|raw|Noobilio's rating: 1269 &rarr; <strong>1291</strong><br />(+22 for winning)\n|raw|Jinxed_lll's rating: 1230 &rarr; <strong>1208</strong><br />(-22 for losing)\n",
  "uploadtime": 1776341961,
  "views": 32,
  "formatid": "gen9championsvgc2026regma",
  "rating": 1208,
  "private": 0,
  "password": null
}