{
  "id": "gen9championsvgc2026regma-2588793343",
  "format": "[Gen 9 Champions] VGC 2026 Reg M-A",
  "players": [
    "Somedudeorwhatever",
    "pinstress"
  ],
  "log": "|j|\u2606Somedudeorwhatever\n|j|\u2606pinstress\n|t:|1776671535\n|gametype|doubles\n|player|p1|Somedudeorwhatever|policeman-gen4|1137\n|player|p2|pinstress|psychicf-gen4|1223\n|gen|9\n|tier|[Gen 9 Champions] VGC 2026 Reg M-A\n|rated|\n|rule|Species Clause: Limit one of each Pok\u00e9mon\n|rule|Item Clause: Limit 1 of each item\n|clearpoke\n|poke|p1|Steelix, L50, M, shiny|\n|poke|p1|Runerigus, L50, M|\n|poke|p1|Machamp, L50, M|\n|poke|p1|Incineroar, L50, M|\n|poke|p1|Audino, L50, F|\n|poke|p1|Primarina, L50, F|\n|poke|p2|Floette-Eternal, L50, F|\n|poke|p2|Incineroar, L50, F|\n|poke|p2|Sinistcha-Masterpiece, L50|\n|poke|p2|Sneasler, L50, M|\n|poke|p2|Kingambit, L50, M|\n|poke|p2|Aerodactyl, L50, F|\n|teampreview|4\n|inactive|Battle timer is ON: inactive players will automatically lose when time's up. (requested by Somedudeorwhatever)\nSomedudeorwhatever rejected open team sheets.\n|inactive|pinstress has 60 seconds left.\n|\n|t:|1776671568\n|teamsize|p1|4\n|teamsize|p2|4\n|start\n|switch|p1a: Runerigus|Runerigus, L50, M|100/100\n|switch|p1b: Steelix|Steelix, L50, M, shiny|100/100\n|switch|p2a: Aerodactyl|Aerodactyl, L50, F|100/100\n|switch|p2b: Sneasler|Sneasler, L50, M|100/100\n|-ability|p2a: Aerodactyl|Unnerve\n|turn|1\n|\n|t:|1776671592\n|detailschange|p1b: Steelix|Steelix-Mega, L50, M, shiny\n|-mega|p1b: Steelix|Steelix|Steelixite\n|move|p2a: Aerodactyl|Tailwind|p2a: Aerodactyl\n|-sidestart|p2: pinstress|move: Tailwind\n|move|p2b: Sneasler|Close Combat|p1b: Steelix\n|-supereffective|p1b: Steelix|1\n|-damage|p1b: Steelix|40/100\n|-unboost|p2b: Sneasler|def|1\n|-unboost|p2b: Sneasler|spd|1\n|-enditem|p2b: Sneasler|White Herb\n|-clearnegativeboost|p2b: Sneasler|[silent]\n|move|p1b: Steelix|High Horsepower|p2b: Sneasler\n|-supereffective|p2b: Sneasler|1\n|-damage|p2b: Sneasler|0 fnt\n|faint|p2b: Sneasler\n|move|p1a: Runerigus|Trick Room|p1a: Runerigus\n|-fieldstart|move: Trick Room|[of] p1a: Runerigus\n|\n|upkeep\n|\n|t:|1776671608\n|switch|p2b: Kingambit|Kingambit, L50, M|100/100\n|turn|2\n|\n|t:|1776671623\n|move|p2b: Kingambit|Protect|p2b: Kingambit\n|-singleturn|p2b: Kingambit|Protect\n|move|p2a: Aerodactyl|Protect|p2a: Aerodactyl\n|-singleturn|p2a: Aerodactyl|Protect\n|move|p1a: Runerigus|Will-O-Wisp|p2a: Aerodactyl\n|-activate|p2a: Aerodactyl|move: Protect\n|move|p1b: Steelix|Body Press|p2b: Kingambit\n|-activate|p2b: Kingambit|move: Protect\n|\n|upkeep\n|turn|3\n|inactive|pinstress has 30 seconds left.\n|\n|t:|1776671648\n|move|p2b: Kingambit|Sucker Punch|p1b: Steelix\n|-damage|p1b: Steelix|14/100\n|move|p1a: Runerigus|Will-O-Wisp|p2a: Aerodactyl\n|-status|p2a: Aerodactyl|brn\n|move|p1b: Steelix|Heavy Slam|p2a: Aerodactyl\n|-supereffective|p2a: Aerodactyl|1\n|-enditem|p2a: Aerodactyl|Focus Sash\n|-damage|p2a: Aerodactyl|1/100 brn\n|move|p2a: Aerodactyl|Rock Slide|p1a: Runerigus|[spread] p1a,p1b\n|-resisted|p1a: Runerigus|1\n|-resisted|p1b: Steelix|2\n|-damage|p1a: Runerigus|96/100\n|-damage|p1b: Steelix|13/100\n|\n|-heal|p1a: Runerigus|100/100|[from] item: Leftovers\n|-damage|p2a: Aerodactyl|0 fnt|[from] brn\n|faint|p2a: Aerodactyl\n|upkeep\n|\n|t:|1776671664\n|switch|p2a: Floette|Floette-Eternal, L50, F|100/100\n|turn|4\n|\n|t:|1776671681\n|switch|p1b: Primarina|Primarina, L50, F|100/100\n|move|p2b: Kingambit|Protect|p2b: Kingambit\n|-singleturn|p2b: Kingambit|Protect\n|move|p2a: Floette|Protect|p2a: Floette\n|-singleturn|p2a: Floette|Protect\n|move|p1a: Runerigus|Poltergeist|p2a: Floette\n|-activate|p2a: Floette|move: Protect\n|\n|-sideend|p2: pinstress|move: Tailwind\n|upkeep\n|turn|5\n|\n|t:|1776671702\n|detailschange|p2a: Floette|Floette-Mega, L50, F\n|-mega|p2a: Floette|Floette|Floettite\n|-ability|p2a: Floette|Fairy Aura\n|move|p1a: Runerigus|Poltergeist|p2a: Floette|[miss]\n|-miss|p1a: Runerigus|p2a: Floette\n|move|p1b: Primarina|Hyper Voice|p2a: Floette|[spread] p2a,p2b\n|-damage|p2a: Floette|66/100\n|-damage|p2b: Kingambit|56/100\n|move|p2b: Kingambit|Kowtow Cleave|p1a: Runerigus\n|-supereffective|p1a: Runerigus|1\n|-damage|p1a: Runerigus|10/100\n|-activate|p2b: Kingambit|Skill Swap|Wandering Spirit|Defiant|[of] p1a: Runerigus\n|move|p2a: Floette|Calm Mind|p2a: Floette\n|-boost|p2a: Floette|spa|1\n|-boost|p2a: Floette|spd|1\n|\n|-heal|p1a: Runerigus|16/100|[from] item: Leftovers\n|-fieldend|move: Trick Room\n|upkeep\n|turn|6\n|inactive|Somedudeorwhatever has 30 seconds left.\n|inactive|pinstress has 30 seconds left.\n|\n|t:|1776671728\n|switch|p1a: Incineroar|Incineroar, L50, M|100/100\n|-ability|p1a: Incineroar|Intimidate|boost\n|-unboost|p2a: Floette|atk|1\n|-unboost|p2b: Kingambit|atk|1\n|move|p2a: Floette|Dazzling Gleam|p1b: Primarina|[spread] p1a,p1b\n|-damage|p1a: Incineroar|27/100\n|-damage|p1b: Primarina|26/100\n|move|p2b: Kingambit|Kowtow Cleave|p1b: Primarina\n|-resisted|p1b: Primarina|1\n|-damage|p1b: Primarina|6/100\n|move|p1b: Primarina|Hyper Voice|p2a: Floette|[spread] p2a,p2b\n|-damage|p2a: Floette|46/100\n|-damage|p2b: Kingambit|12/100\n|\n|upkeep\n|turn|7\n|inactive|Somedudeorwhatever has 30 seconds left.\n|\n|t:|1776671757\n|move|p2a: Floette|Protect|p2a: Floette\n|-singleturn|p2a: Floette|Protect\n|move|p2b: Kingambit|Protect|p2b: Kingambit\n|-singleturn|p2b: Kingambit|Protect\n|move|p1b: Primarina|Protect|p1b: Primarina\n|-singleturn|p1b: Primarina|Protect\n|move|p1a: Incineroar|Flare Blitz|p2b: Kingambit\n|-activate|p2b: Kingambit|move: Protect\n|\n|upkeep\n|turn|8\n|\n|t:|1776671779\n|move|p2b: Kingambit|Sucker Punch|p1a: Incineroar\n|-resisted|p1a: Incineroar|1\n|-damage|p1a: Incineroar|10/100\n|move|p2a: Floette|Dazzling Gleam|p1b: Primarina|[spread] p1a,p1b\n|-damage|p1a: Incineroar|0 fnt\n|-damage|p1b: Primarina|0 fnt\n|faint|p1a: Incineroar\n|faint|p1b: Primarina\n|\n|upkeep\n|\n|t:|1776671785\n|switch|p1a: Runerigus|Runerigus, L50, M|16/100\n|switch|p1b: Steelix|Steelix-Mega, L50, M, shiny|13/100\n|turn|9\n|\n|t:|1776671802\n|move|p2b: Kingambit|Sucker Punch|p1b: Steelix\n|-damage|p1b: Steelix|0 fnt\n|faint|p1b: Steelix\n|move|p2a: Floette|Dazzling Gleam|p1a: Runerigus\n|-damage|p1a: Runerigus|0 fnt\n|faint|p1a: Runerigus\n|\n|win|pinstress\n|raw|Somedudeorwhatever's rating: 1137 &rarr; <strong>1118</strong><br />(-19 for losing)\n|raw|pinstress's rating: 1223 &rarr; <strong>1242</strong><br />(+19 for winning)\n|l|\u2606Somedudeorwhatever\n|player|p1|\n",
  "uploadtime": 1776671810,
  "views": 12,
  "formatid": "gen9championsvgc2026regma",
  "rating": 1118,
  "private": 0,
  "password": null
}