{
  "id": "gen9championsvgc2026regma-2581048033",
  "format": "[Gen 9 Champions] VGC 2026 Reg M-A",
  "players": [
    "coldend",
    "caramelpainn"
  ],
  "log": "|j|\u2606coldend\n|j|\u2606caramelpainn\n|t:|1775954965\n|gametype|doubles\n|player|p1|coldend|266|1136\n|player|p2|caramelpainn|cynthia-masters|1054\n|gen|9\n|tier|[Gen 9 Champions] VGC 2026 Reg M-A\n|rated|\n|rule|Species Clause: Limit one of each Pok\u00e9mon\n|rule|Item Clause: Limit 1 of each item\n|clearpoke\n|poke|p1|Incineroar, L50, M|\n|poke|p1|Charizard, L50, M|\n|poke|p1|Whimsicott, L50, M|\n|poke|p1|Sneasler, L50, M|\n|poke|p1|Garchomp, L50, F|\n|poke|p1|Maushold, L50|\n|poke|p2|Aerodactyl, L50, F|\n|poke|p2|Incineroar, L50, M|\n|poke|p2|Primarina, L50, M|\n|poke|p2|Volcarona, L50, M|\n|poke|p2|Scovillain, L50, M|\n|poke|p2|Kingambit, L50, F|\n|teampreview|4\n|inactive|Battle timer is ON: inactive players will automatically lose when time's up. (requested by coldend)\n|l|\u2606coldend\n|inactive|coldend disconnected and has a minute to reconnect!\n|player|p1|\n|j|\u2606coldend\n|inactive|coldend reconnected and has 55 seconds left.\n|player|p1|coldend|266|\n|inactive|coldend has 30 seconds left.\n|\n|t:|1775955028\n|teamsize|p1|4\n|teamsize|p2|4\n|start\n|switch|p1a: Garchomp|Garchomp, L50, F|100/100\n|switch|p1b: Incineroar|Incineroar, L50, M|100/100\n|switch|p2a: Radiance|Volcarona, L50, M, shiny|100/100\n|switch|p2b: Scovillain|Scovillain, L50, M|100/100\n|-ability|p1b: Incineroar|Intimidate|boost\n|-unboost|p2a: Radiance|atk|1\n|-unboost|p2b: Scovillain|atk|1\n|turn|1\n|\n|t:|1775955042\n|detailschange|p2b: Scovillain|Scovillain-Mega, L50, M\n|-mega|p2b: Scovillain|Scovillain|Scovillainite\n|move|p2b: Scovillain|Rage Powder|p2b: Scovillain\n|-singleturn|p2b: Scovillain|move: Rage Powder\n|move|p1a: Garchomp|Rock Slide|p2b: Scovillain|[spread] p2b\n|-miss|p1a: Garchomp|p2a: Radiance\n|-supereffective|p2b: Scovillain|1\n|-damage|p2b: Scovillain|52/100\n|-status|p1a: Garchomp|brn|[from] ability: Spicy Spray|[of] p2b: Scovillain\n|move|p2a: Radiance|Quiver Dance|p2a: Radiance\n|-boost|p2a: Radiance|spa|1\n|-boost|p2a: Radiance|spd|1\n|-boost|p2a: Radiance|spe|1\n|move|p1b: Incineroar|Flare Blitz|p2b: Scovillain\n|-damage|p2b: Scovillain|0 fnt\n|-immune|p1b: Incineroar\n|faint|p2b: Scovillain\n|-damage|p1b: Incineroar|86/100|[from] Recoil\n|\n|-damage|p1a: Garchomp|95/100 brn|[from] brn\n|upkeep\n|\n|t:|1775955055\n|switch|p2b: Incineroar|Incineroar, L50, M|100/100\n|-ability|p2b: Incineroar|Intimidate|boost\n|-unboost|p1a: Garchomp|atk|1\n|-unboost|p1b: Incineroar|atk|1\n|turn|2\n|\n|t:|1775955061\n|move|p2b: Incineroar|Fake Out|p1a: Garchomp\n|-damage|p1a: Garchomp|83/100 brn\n|-damage|p2b: Incineroar|88/100|[from] ability: Rough Skin|[of] p1a: Garchomp\n|move|p2a: Radiance|Quiver Dance|p2a: Radiance\n|-boost|p2a: Radiance|spa|1\n|-boost|p2a: Radiance|spd|1\n|-boost|p2a: Radiance|spe|1\n|cant|p1a: Garchomp|flinch\n|move|p1b: Incineroar|Parting Shot|p2a: Radiance\n|-unboost|p2a: Radiance|atk|1\n|-unboost|p2a: Radiance|spa|1\n|\n|t:|1775955066\n|switch|p1b: Charizard|Charizard, L50, M|100/100|[from] Parting Shot\n|\n|-damage|p1a: Garchomp|77/100 brn|[from] brn\n|upkeep\n|turn|3\n|\n|t:|1775955078\n|switch|p1a: Incineroar|Incineroar, L50, M|86/100\n|-ability|p1a: Incineroar|Intimidate|boost\n|-unboost|p2a: Radiance|atk|1\n|-unboost|p2b: Incineroar|atk|1\n|detailschange|p1b: Charizard|Charizard-Mega-Y, L50, M\n|-mega|p1b: Charizard|Charizard|Charizardite Y\n|-weather|SunnyDay|[from] ability: Drought|[of] p1b: Charizard\n|move|p2a: Radiance|Quiver Dance|p2a: Radiance\n|-boost|p2a: Radiance|spa|1\n|-boost|p2a: Radiance|spd|1\n|-boost|p2a: Radiance|spe|1\n|move|p1b: Charizard|Heat Wave|p2a: Radiance|[spread] p2b\n|-miss|p1b: Charizard|p2a: Radiance\n|-resisted|p2b: Incineroar|1\n|-damage|p2b: Incineroar|63/100\n|move|p2b: Incineroar|Parting Shot|p1b: Charizard\n|-unboost|p1b: Charizard|atk|1\n|-unboost|p1b: Charizard|spa|1\n|\n|t:|1775955088\n|switch|p2b: Primarina|Primarina, L50, M|100/100|[from] Parting Shot\n|\n|-weather|SunnyDay|[upkeep]\n|upkeep\n|turn|4\n|\n|t:|1775955104\n|switch|p2b: Incineroar|Incineroar, L50, M|63/100\n|-ability|p2b: Incineroar|Intimidate|boost\n|-unboost|p1a: Incineroar|atk|1\n|-unboost|p1b: Charizard|atk|1\n|move|p2a: Radiance|Protect|p2a: Radiance\n|-singleturn|p2a: Radiance|Protect\n|move|p1b: Charizard|Solar Beam||[still]\n|-prepare|p1b: Charizard|Solar Beam\n|-anim|p1b: Charizard|Solar Beam|p2b: Incineroar\n|-resisted|p2b: Incineroar|1\n|-damage|p2b: Incineroar|51/100\n|move|p1a: Incineroar|Flare Blitz|p2a: Radiance\n|-activate|p2a: Radiance|move: Protect\n|\n|-weather|SunnyDay|[upkeep]\n|upkeep\n|turn|5\n|\n|t:|1775955119\n|switch|p1a: Garchomp|Garchomp, L50, F|77/100 brn\n|move|p2b: Incineroar|Fake Out|p1a: Garchomp\n|-damage|p1a: Garchomp|68/100 brn\n|-damage|p2b: Incineroar|38/100|[from] ability: Rough Skin|[of] p1a: Garchomp\n|-enditem|p2b: Incineroar|Sitrus Berry|[eat]\n|-heal|p2b: Incineroar|63/100|[from] item: Sitrus Berry\n|move|p2a: Radiance|Quiver Dance|p2a: Radiance\n|-boost|p2a: Radiance|spa|1\n|-boost|p2a: Radiance|spd|1\n|-boost|p2a: Radiance|spe|1\n|move|p1b: Charizard|Heat Wave|p2b: Incineroar|[spread] p2a,p2b\n|-resisted|p2b: Incineroar|1\n|-damage|p2a: Radiance|86/100\n|-damage|p2b: Incineroar|47/100\n|\n|-weather|SunnyDay|[upkeep]\n|-damage|p1a: Garchomp|62/100 brn|[from] brn\n|upkeep\n|turn|6\n|\n|t:|1775955138\n|move|p2a: Radiance|Heat Wave|p1b: Charizard|[spread] p1a,p1b\n|-resisted|p1a: Garchomp|1\n|-resisted|p1b: Charizard|1\n|-damage|p1a: Garchomp|0 fnt\n|-damage|p1b: Charizard|44/100\n|faint|p1a: Garchomp\n|move|p1b: Charizard|Weather Ball|p2b: Incineroar\n|-resisted|p2b: Incineroar|1\n|-damage|p2b: Incineroar|24/100\n|move|p2b: Incineroar|Parting Shot|p1b: Charizard\n|-unboost|p1b: Charizard|atk|1\n|-unboost|p1b: Charizard|spa|1\n|\n|t:|1775955141\n|switch|p2b: Primarina|Primarina, L50, M|100/100|[from] Parting Shot\n|\n|-weather|SunnyDay|[upkeep]\n|upkeep\n|\n|t:|1775955146\n|switch|p1a: Incineroar|Incineroar, L50, M|86/100\n|-ability|p1a: Incineroar|Intimidate|boost\n|-unboost|p2a: Radiance|atk|1\n|-unboost|p2b: Primarina|atk|1\n|turn|7\n|\n|t:|1775955156\n|move|p2a: Radiance|Protect|p2a: Radiance\n|-singleturn|p2a: Radiance|Protect\n|move|p2b: Primarina|Protect|p2b: Primarina\n|-singleturn|p2b: Primarina|Protect\n|move|p1a: Incineroar|Fake Out|p2b: Primarina\n|-activate|p2b: Primarina|move: Protect\n|move|p1b: Charizard|Solar Beam||[still]\n|-prepare|p1b: Charizard|Solar Beam\n|-anim|p1b: Charizard|Solar Beam|p2b: Primarina\n|-activate|p2b: Primarina|move: Protect\n|\n|-weather|none\n|upkeep\n|turn|8\n|\n|t:|1775955169\n|switch|p1b: Sneasler|Sneasler, L50, M|100/100\n|move|p2a: Radiance|Heat Wave|p1a: Incineroar|[spread] p1a,p1b\n|-resisted|p1a: Incineroar|1\n|-damage|p1a: Incineroar|45/100\n|-damage|p1b: Sneasler|0 fnt\n|-enditem|p1a: Incineroar|Sitrus Berry|[eat]\n|-heal|p1a: Incineroar|70/100|[from] item: Sitrus Berry\n|faint|p1b: Sneasler\n|move|p1a: Incineroar|Flare Blitz|p2a: Radiance\n|-damage|p2a: Radiance|30/100\n|-immune|p1a: Incineroar\n|-damage|p1a: Incineroar|54/100|[from] Recoil\n|move|p2b: Primarina|Hyper Voice|p1a: Incineroar\n|-supereffective|p1a: Incineroar|1\n|-damage|p1a: Incineroar|0 fnt\n|faint|p1a: Incineroar\n|\n|upkeep\n|-message|coldend forfeited.\n|\n|win|caramelpainn\n|raw|coldend's rating: 1136 &rarr; <strong>1105</strong><br />(-31 for losing)\n|raw|caramelpainn's rating: 1054 &rarr; <strong>1093</strong><br />(+39 for winning)\n|l|\u2606coldend\n|player|p1|\n",
  "uploadtime": 1775955180,
  "views": 17,
  "formatid": "gen9championsvgc2026regma",
  "rating": 1093,
  "private": 0,
  "password": null
}