{
  "id": "gen9championsvgc2026regma-2582697966",
  "format": "[Gen 9 Champions] VGC 2026 Reg M-A",
  "players": [
    "disciple of blahaj",
    "alexesmo5"
  ],
  "log": "|j|\u2606disciple of blahaj\n|j|\u2606alexesmo5\n|t:|1776108016\n|gametype|doubles\n|player|p1|disciple of blahaj|iris|1085\n|player|p2|alexesmo5|102|1022\n|gen|9\n|tier|[Gen 9 Champions] VGC 2026 Reg M-A\n|rated|\n|rule|Species Clause: Limit one of each Pok\u00e9mon\n|rule|Item Clause: Limit 1 of each item\n|clearpoke\n|poke|p1|Golurk, L50|\n|poke|p1|Oranguru, L50, M|\n|poke|p1|Hatterene, L50, F|\n|poke|p1|Meowstic, L50, M|\n|poke|p1|Torkoal, L50, M|\n|poke|p1|Gourgeist-*, L50, M|\n|poke|p2|Venusaur, L50, M|\n|poke|p2|Dragonite, L50, M|\n|poke|p2|Incineroar, L50, F|\n|poke|p2|Sneasler, L50, F|\n|poke|p2|Basculegion, L50, M|\n|poke|p2|Kingambit, L50, F|\n|teampreview|4\n|inactive|Battle timer is ON: inactive players will automatically lose when time's up. (requested by disciple of blahaj)\n|inactive|disciple of blahaj has 60 seconds left.\n|\n|t:|1776108082\n|teamsize|p1|4\n|teamsize|p2|4\n|start\n|switch|p1a: Hatterene|Hatterene, L50, F|100/100\n|switch|p1b: Meowstic|Meowstic, L50, M|100/100\n|switch|p2a: Incineroar|Incineroar, L50, F|100/100\n|switch|p2b: Sneasler|Sneasler, L50, F|100/100\n|-ability|p2a: Incineroar|Intimidate|boost\n|-unboost|p1a: Hatterene|atk|1\n|-unboost|p1b: Meowstic|atk|1\n|turn|1\n|\n|t:|1776108103\n|move|p1b: Meowstic|Fake Out|p2b: Sneasler\n|-damage|p2b: Sneasler|95/100\n|move|p2a: Incineroar|Fake Out|p1b: Meowstic\n|-damage|p1b: Meowstic|91/100\n|cant|p2b: Sneasler|flinch\n|move|p1a: Hatterene|Trick Room|p1a: Hatterene\n|-fieldstart|move: Trick Room|[of] p1a: Hatterene\n|\n|upkeep\n|turn|2\n|\n|t:|1776108122\n|move|p1a: Hatterene|Dazzling Gleam|p2b: Sneasler|[spread] p2a,p2b\n|-crit|p2a: Incineroar\n|-damage|p2a: Incineroar|56/100\n|-damage|p2b: Sneasler|45/100\n|move|p2a: Incineroar|Throat Chop|p1b: Meowstic\n|-supereffective|p1b: Meowstic|1\n|-damage|p1b: Meowstic|30/100\n|-start|p1b: Meowstic|Throat Chop|[silent]\n|-enditem|p1b: Meowstic|Sitrus Berry|[eat]\n|-heal|p1b: Meowstic|55/100|[from] item: Sitrus Berry\n|cant|p1b: Meowstic|move: Throat Chop\n|move|p2b: Sneasler|Dire Claw|p1a: Hatterene\n|-supereffective|p1a: Hatterene|1\n|-damage|p1a: Hatterene|11/100\n|\n|upkeep\n|turn|3\n|\n|t:|1776108144\n|move|p2b: Sneasler|Feint|p1a: Hatterene\n|-damage|p1a: Hatterene|0 fnt\n|faint|p1a: Hatterene\n|move|p1b: Meowstic|Reflect|p1b: Meowstic\n|-sidestart|p1: disciple of blahaj|Reflect\n|move|p2a: Incineroar|Throat Chop|p1b: Meowstic\n|-supereffective|p1b: Meowstic|1\n|-damage|p1b: Meowstic|12/100\n|\n|-end|p1b: Meowstic|Throat Chop|[silent]\n|upkeep\n|\n|t:|1776108152\n|switch|p1a: Torkoal|Torkoal, L50, M|100/100\n|-weather|SunnyDay|[from] ability: Drought|[of] p1a: Torkoal\n|turn|4\n|\n|t:|1776108161\n|move|p2b: Sneasler|Protect|p2b: Sneasler\n|-singleturn|p2b: Sneasler|Protect\n|move|p1b: Meowstic|Psychic Terrain|p1b: Meowstic\n|-fieldstart|move: Psychic Terrain\n|move|p1a: Torkoal|Eruption|p2b: Sneasler|[spread] p2a\n|-activate|p2b: Sneasler|move: Protect\n|-resisted|p2a: Incineroar|1\n|-damage|p2a: Incineroar|20/100\n|move|p2a: Incineroar|Parting Shot|p1a: Torkoal\n|-unboost|p1a: Torkoal|atk|1\n|-unboost|p1a: Torkoal|spa|1\n|\n|t:|1776108176\n|switch|p2a: Venusaur|Venusaur, L50, M|100/100|[from] Parting Shot\n|\n|-weather|SunnyDay|[upkeep]\n|upkeep\n|turn|5\n|\n|t:|1776108186\n|switch|p1b: Gourgeist|Gourgeist-Super, L50, M|100/100\n|-item|p2a: Venusaur|Venusaurite|[from] ability: Frisk|[of] p1b: Gourgeist\n|-item|p2b: Sneasler|Focus Sash|[from] ability: Frisk|[of] p1b: Gourgeist\n|move|p2b: Sneasler|Protect|p2b: Sneasler\n|-singleturn|p2b: Sneasler|Protect\n|move|p2a: Venusaur|Protect|p2a: Venusaur\n|-singleturn|p2a: Venusaur|Protect\n|move|p1a: Torkoal|Eruption|p2a: Venusaur|[spread] \n|-activate|p2a: Venusaur|move: Protect\n|-activate|p2b: Sneasler|move: Protect\n|\n|-weather|SunnyDay|[upkeep]\n|-fieldend|move: Trick Room\n|upkeep\n|turn|6\n|\n|t:|1776108208\n|detailschange|p2a: Venusaur|Venusaur-Mega, L50, M\n|-mega|p2a: Venusaur|Venusaur|Venusaurite\n|move|p1a: Torkoal|Protect|p1a: Torkoal\n|-singleturn|p1a: Torkoal|Protect\n|move|p2b: Sneasler|Dire Claw|p1a: Torkoal\n|-activate|p1a: Torkoal|move: Protect\n|move|p2a: Venusaur|Earth Power|p1a: Torkoal\n|-activate|p1a: Torkoal|move: Protect\n|move|p1b: Gourgeist|Trick Room|p1b: Gourgeist\n|-fieldstart|move: Trick Room|[of] p1b: Gourgeist\n|\n|-weather|SunnyDay|[upkeep]\n|upkeep\n|turn|7\n|\n|t:|1776108227\n|move|p2a: Venusaur|Protect|p2a: Venusaur\n|-singleturn|p2a: Venusaur|Protect\n|move|p2b: Sneasler|Protect|p2b: Sneasler\n|-singleturn|p2b: Sneasler|Protect\n|move|p1a: Torkoal|Eruption|p2b: Sneasler|[spread] \n|-activate|p2a: Venusaur|move: Protect\n|-activate|p2b: Sneasler|move: Protect\n|move|p1b: Gourgeist|Poltergeist|p2a: Venusaur\n|-activate|p2a: Venusaur|move: Protect\n|\n|-weather|SunnyDay|[upkeep]\n|-sideend|p1: disciple of blahaj|Reflect\n|upkeep\n|turn|8\n|\n|t:|1776108249\n|switch|p1a: Meowstic|Meowstic, L50, M|12/100\n|switch|p2a: Incineroar|Incineroar, L50, F|20/100\n|-ability|p2a: Incineroar|Intimidate|boost\n|-unboost|p1a: Meowstic|atk|1\n|-unboost|p1b: Gourgeist|atk|1\n|move|p1b: Gourgeist|Poltergeist|p2a: Incineroar\n|-activate|p2a: Incineroar|move: Poltergeist|Lum Berry\n|-resisted|p2a: Incineroar|1\n|-damage|p2a: Incineroar|11/100\n|move|p2b: Sneasler|Dire Claw|p1b: Gourgeist\n|-damage|p1b: Gourgeist|71/100\n|\n|-weather|none\n|-heal|p1b: Gourgeist|77/100|[from] item: Leftovers\n|-fieldend|move: Psychic Terrain\n|upkeep\n|turn|9\n|inactive|disciple of blahaj has 30 seconds left.\n|\n|t:|1776108276\n|move|p2a: Incineroar|Fake Out|p1a: Meowstic\n|-damage|p1a: Meowstic|0 fnt\n|faint|p1a: Meowstic\n|move|p2b: Sneasler|Feint|p1b: Gourgeist\n|-immune|p1b: Gourgeist\n|move|p1b: Gourgeist|Poltergeist|p2b: Sneasler\n|-activate|p2b: Sneasler|move: Poltergeist|Focus Sash\n|-damage|p2b: Sneasler|4/100\n|\n|-heal|p1b: Gourgeist|83/100|[from] item: Leftovers\n|upkeep\n|\n|t:|1776108287\n|switch|p1a: Torkoal|Torkoal, L50, M|100/100\n|-weather|SunnyDay|[from] ability: Drought|[of] p1a: Torkoal\n|turn|10\n|\n|t:|1776108294\n|move|p2b: Sneasler|Protect|p2b: Sneasler\n|-singleturn|p2b: Sneasler|Protect\n|move|p1a: Torkoal|Eruption|p2a: Incineroar|[spread] p2a\n|-activate|p2b: Sneasler|move: Protect\n|-resisted|p2a: Incineroar|1\n|-damage|p2a: Incineroar|0 fnt\n|faint|p2a: Incineroar\n|move|p1b: Gourgeist|Poltergeist|p2b: Sneasler\n|-activate|p2b: Sneasler|move: Protect\n|\n|-weather|SunnyDay|[upkeep]\n|-heal|p1b: Gourgeist|90/100|[from] item: Leftovers\n|-fieldend|move: Trick Room\n|upkeep\n|\n|t:|1776108303\n|switch|p2a: Basculegion|Basculegion, L50, M|100/100\n|turn|11\n|\n|t:|1776108314\n|move|p2a: Basculegion|Last Respects|p1b: Gourgeist\n|-supereffective|p1b: Gourgeist|1\n|-damage|p1b: Gourgeist|6/100\n|move|p2b: Sneasler|Dire Claw|p1a: Torkoal\n|-damage|p1a: Torkoal|69/100\n|move|p1a: Torkoal|Eruption|p2a: Basculegion|[spread] p2a,p2b\n|-resisted|p2a: Basculegion|1\n|-crit|p2a: Basculegion\n|-damage|p2a: Basculegion|50/100\n|-damage|p2b: Sneasler|0 fnt\n|faint|p2b: Sneasler\n|move|p1b: Gourgeist|Trick Room|p1b: Gourgeist\n|-fieldstart|move: Trick Room|[of] p1b: Gourgeist\n|\n|-weather|SunnyDay|[upkeep]\n|-heal|p1b: Gourgeist|12/100|[from] item: Leftovers\n|upkeep\n|\n|t:|1776108327\n|switch|p2b: Venusaur|Venusaur-Mega, L50, M|100/100\n|turn|12\n|\n|t:|1776108336\n|move|p1a: Torkoal|Protect|p1a: Torkoal\n|-singleturn|p1a: Torkoal|Protect\n|move|p1b: Gourgeist|Power Whip|p2a: Basculegion|[miss]\n|-miss|p1b: Gourgeist|p2a: Basculegion\n|move|p2b: Venusaur|Leech Seed|p1a: Torkoal\n|-activate|p1a: Torkoal|move: Protect\n|move|p2a: Basculegion|Last Respects|p1a: Torkoal\n|-activate|p1a: Torkoal|move: Protect\n|\n|-weather|SunnyDay|[upkeep]\n|-heal|p1b: Gourgeist|19/100|[from] item: Leftovers\n|upkeep\n|turn|13\n|\n|t:|1776108361\n|move|p1a: Torkoal|Weather Ball|p2b: Venusaur\n|-supereffective|p2b: Venusaur|1\n|-damage|p2b: Venusaur|39/100\n|move|p1b: Gourgeist|Poltergeist|p2a: Basculegion\n|-activate|p2a: Basculegion|move: Poltergeist|Choice Scarf\n|-supereffective|p2a: Basculegion|1\n|-damage|p2a: Basculegion|0 fnt\n|faint|p2a: Basculegion\n|move|p2b: Venusaur|Leech Seed|p1a: Torkoal\n|-start|p1a: Torkoal|move: Leech Seed\n|\n|-weather|SunnyDay|[upkeep]\n|-heal|p1b: Gourgeist|25/100|[from] item: Leftovers\n|-damage|p1a: Torkoal|57/100|[from] Leech Seed|[of] p2b: Venusaur\n|-heal|p2b: Venusaur|52/100|[silent]\n|upkeep\n|turn|14\n|\n|t:|1776108384\n|move|p2b: Venusaur|Protect|p2b: Venusaur\n|-singleturn|p2b: Venusaur|Protect\n|move|p1a: Torkoal|Weather Ball|p2b: Venusaur\n|-activate|p2b: Venusaur|move: Protect\n|move|p1b: Gourgeist|Poltergeist|p2b: Venusaur\n|-activate|p2b: Venusaur|move: Protect\n|\n|-weather|none\n|-heal|p1b: Gourgeist|31/100|[from] item: Leftovers\n|-damage|p1a: Torkoal|45/100|[from] Leech Seed|[of] p2b: Venusaur\n|-heal|p2b: Venusaur|64/100|[silent]\n|upkeep\n|turn|15\n|\n|t:|1776108397\n|move|p2b: Venusaur|Protect||[still]\n|-fail|p2b: Venusaur\n|move|p1a: Torkoal|Eruption|p2b: Venusaur\n|-supereffective|p2b: Venusaur|1\n|-damage|p2b: Venusaur|34/100\n|move|p1b: Gourgeist|Poltergeist|p2b: Venusaur\n|-activate|p2b: Venusaur|move: Poltergeist|Venusaurite\n|-damage|p2b: Venusaur|15/100\n|\n|-heal|p1b: Gourgeist|37/100|[from] item: Leftovers\n|-damage|p1a: Torkoal|32/100|[from] Leech Seed|[of] p2b: Venusaur\n|-heal|p2b: Venusaur|28/100|[silent]\n|-fieldend|move: Trick Room\n|upkeep\n|turn|16\n|\n|t:|1776108413\n|move|p2b: Venusaur|Protect|p2b: Venusaur\n|-singleturn|p2b: Venusaur|Protect\n|move|p1a: Torkoal|Eruption|p2b: Venusaur\n|-activate|p2b: Venusaur|move: Protect\n|move|p1b: Gourgeist|Trick Room|p1b: Gourgeist\n|-fieldstart|move: Trick Room|[of] p1b: Gourgeist\n|\n|-heal|p1b: Gourgeist|44/100|[from] item: Leftovers\n|-damage|p1a: Torkoal|20/100|[from] Leech Seed|[of] p2b: Venusaur\n|-heal|p2b: Venusaur|40/100|[silent]\n|upkeep\n|turn|17\n|\n|t:|1776108423\n|move|p2b: Venusaur|Protect|p2b: Venusaur\n|-singleturn|p2b: Venusaur|Protect\n|move|p1a: Torkoal|Eruption|p2b: Venusaur\n|-activate|p2b: Venusaur|move: Protect\n|move|p1b: Gourgeist|Poltergeist|p2b: Venusaur\n|-activate|p2b: Venusaur|move: Protect\n|\n|-heal|p1b: Gourgeist|50/100|[from] item: Leftovers\n|-damage|p1a: Torkoal|7/100|[from] Leech Seed|[of] p2b: Venusaur\n|-heal|p2b: Venusaur|52/100|[silent]\n|upkeep\n|turn|18\n|\n|t:|1776108437\n|move|p1a: Torkoal|Earth Power|p2b: Venusaur\n|-damage|p2b: Venusaur|32/100\n|move|p1b: Gourgeist|Power Whip|p2b: Venusaur\n|-resisted|p2b: Venusaur|2\n|-damage|p2b: Venusaur|27/100\n|move|p2b: Venusaur|Sludge Bomb|p1b: Gourgeist\n|-damage|p1b: Gourgeist|12/100\n|-status|p1b: Gourgeist|psn\n|\n|-heal|p1b: Gourgeist|18/100 psn|[from] item: Leftovers\n|-damage|p1a: Torkoal|0 fnt|[from] Leech Seed|[of] p2b: Venusaur\n|-heal|p2b: Venusaur|34/100|[silent]\n|faint|p1a: Torkoal\n|-damage|p1b: Gourgeist|6/100 psn|[from] psn\n|upkeep\n|turn|19\n|-message|disciple of blahaj forfeited.\n|\n|win|alexesmo5\n|raw|disciple of blahaj's rating: 1085 &rarr; <strong>1058</strong><br />(-27 for losing)\n|raw|alexesmo5's rating: 1022 &rarr; <strong>1065</strong><br />(+43 for winning)\n",
  "uploadtime": 1776108455,
  "views": 9,
  "formatid": "gen9championsvgc2026regma",
  "rating": 1058,
  "private": 0,
  "password": null
}