{
  "id": "gen9championsvgc2026regma-2587909789",
  "format": "[Gen 9 Champions] VGC 2026 Reg M-A",
  "players": [
    "TheGamingMammoth",
    "aggsapphire"
  ],
  "log": "|j|\u2606TheGamingMammoth\n|j|\u2606aggsapphire\n|t:|1776577740\n|gametype|doubles\n|player|p1|TheGamingMammoth|1|1207\n|player|p2|aggsapphire|265|1290\n|gen|9\n|tier|[Gen 9 Champions] VGC 2026 Reg M-A\n|rated|\n|rule|Species Clause: Limit one of each Pok\u00e9mon\n|rule|Item Clause: Limit 1 of each item\n|clearpoke\n|poke|p1|Politoed, L50, M|\n|poke|p1|Venusaur, L50, F|\n|poke|p1|Charizard, L50, F, shiny|\n|poke|p1|Clefable, L50, M|\n|poke|p1|Scizor, L50, F|\n|poke|p1|Sableye, L50, F|\n|poke|p2|Floette-Eternal, L50, F|\n|poke|p2|Corviknight, L50, F|\n|poke|p2|Sinistcha, L50|\n|poke|p2|Politoed, L50, M|\n|poke|p2|Tyranitar, L50, M|\n|poke|p2|Incineroar, L50, F|\n|teampreview|4\n|\n|t:|1776577778\n|teamsize|p1|4\n|teamsize|p2|4\n|start\n|switch|p1a: Sableye|Sableye, L50, F|100/100\n|switch|p1b: Politoed|Politoed, L50, M|100/100\n|switch|p2a: Tyranitar|Tyranitar, L50, M|100/100\n|switch|p2b: Incineroar|Incineroar, L50, F|100/100\n|-weather|RainDance|[from] ability: Drizzle|[of] p1b: Politoed\n|-weather|Sandstorm|[from] ability: Sand Stream|[of] p2a: Tyranitar\n|-ability|p2b: Incineroar|Intimidate|boost\n|-unboost|p1a: Sableye|atk|1\n|-unboost|p1b: Politoed|atk|1\n|turn|1\n|inactive|Battle timer is ON: inactive players will automatically lose when time's up. (requested by aggsapphire)\n|\n|t:|1776577852\n|detailschange|p2a: Tyranitar|Tyranitar-Mega, L50, M\n|-mega|p2a: Tyranitar|Tyranitar|Tyranitarite\n|move|p1a: Sableye|Fake Out|p2b: Incineroar\n|-damage|p2b: Incineroar|97/100\n|move|p1b: Politoed|Muddy Water|p2a: Tyranitar|[spread] p2a,p2b\n|-supereffective|p2a: Tyranitar|1\n|-supereffective|p2b: Incineroar|1\n|-damage|p2a: Tyranitar|73/100\n|-damage|p2b: Incineroar|58/100\n|move|p2a: Tyranitar|Rock Slide|p1a: Sableye|[spread] p1a,p1b\n|-damage|p1a: Sableye|60/100\n|-damage|p1b: Politoed|48/100\n|cant|p2b: Incineroar|flinch\n|\n|-weather|Sandstorm|[upkeep]\n|-damage|p1b: Politoed|42/100|[from] Sandstorm\n|-damage|p2b: Incineroar|52/100|[from] Sandstorm\n|-damage|p1a: Sableye|54/100|[from] Sandstorm\n|-heal|p1a: Sableye|60/100|[from] item: Leftovers\n|upkeep\n|turn|2\n|inactive|aggsapphire has 30 seconds left.\n|inactive|aggsapphire has 20 seconds left.\n|\n|t:|1776577889\n|switch|p1a: Venusaur|Venusaur, L50, F|100/100\n|move|p1b: Politoed|Muddy Water|p2b: Incineroar|[spread] p2a,p2b\n|-supereffective|p2a: Tyranitar|1\n|-supereffective|p2b: Incineroar|1\n|-damage|p2a: Tyranitar|45/100\n|-damage|p2b: Incineroar|9/100\n|-unboost|p2b: Incineroar|accuracy|1\n|move|p2a: Tyranitar|Rock Slide|p1b: Politoed|[spread] p1a,p1b\n|-damage|p1a: Venusaur|67/100\n|-damage|p1b: Politoed|0 fnt\n|faint|p1b: Politoed\n|move|p2b: Incineroar|Throat Chop|p1a: Venusaur\n|-damage|p1a: Venusaur|38/100\n|-start|p1a: Venusaur|Throat Chop|[silent]\n|\n|-weather|Sandstorm|[upkeep]\n|-damage|p1a: Venusaur|32/100|[from] Sandstorm\n|-damage|p2b: Incineroar|3/100|[from] Sandstorm\n|upkeep\n|\n|t:|1776577907\n|switch|p1b: Scizor|Scizor, L50, F|100/100\n|turn|3\n|inactive|TheGamingMammoth has 30 seconds left.\n|inactive|aggsapphire has 30 seconds left.\n|\n|t:|1776577937\n|switch|p1a: Sableye|Sableye, L50, F|60/100\n|switch|p2b: Sinistcha|Sinistcha, L50|100/100\n|-heal|p2a: Tyranitar|69/100|[from] ability: Hospitality|[of] p2b: Sinistcha\n|move|p2a: Tyranitar|Protect|p2a: Tyranitar\n|-singleturn|p2a: Tyranitar|Protect\n|move|p1b: Scizor|Protect||[still]\n|-fail|p1b: Scizor\n|\n|-weather|Sandstorm|[upkeep]\n|-damage|p2b: Sinistcha|94/100|[from] Sandstorm\n|-damage|p1a: Sableye|54/100|[from] Sandstorm\n|-heal|p1a: Sableye|60/100|[from] item: Leftovers\n|upkeep\n|turn|4\n|\n|t:|1776577950\n|switch|p2a: Incineroar|Incineroar, L50, F|3/100\n|-ability|p2a: Incineroar|Intimidate|boost\n|-unboost|p1a: Sableye|atk|1\n|-unboost|p1b: Scizor|atk|1\n|move|p1a: Sableye|Fake Out|p2a: Incineroar\n|-damage|p2a: Incineroar|0 fnt\n|faint|p2a: Incineroar\n|move|p2b: Sinistcha|Matcha Gotcha|p1a: Sableye|[spread] p1a,p1b\n|-resisted|p1b: Scizor|2\n|-damage|p1a: Sableye|23/100\n|-heal|p2b: Sinistcha|100/100|[from] drain|[of] p1a: Sableye\n|-damage|p1b: Scizor|94/100\n|move|p1b: Scizor|Swords Dance|p1b: Scizor\n|-boost|p1b: Scizor|atk|2\n|\n|-weather|Sandstorm|[upkeep]\n|-damage|p2b: Sinistcha|94/100|[from] Sandstorm\n|-damage|p1a: Sableye|17/100|[from] Sandstorm\n|-heal|p1a: Sableye|23/100|[from] item: Leftovers\n|upkeep\n|\n|t:|1776577972\n|switch|p2a: Politoed|Politoed, L50, M|100/100\n|-weather|RainDance|[from] ability: Drizzle|[of] p2a: Politoed\n|turn|5\n|\n|t:|1776577991\n|move|p1a: Sableye|Sunny Day|p1a: Sableye\n|-weather|SunnyDay\n|move|p2a: Politoed|Encore|p1b: Scizor\n|-start|p1b: Scizor|Encore\n|move|p2b: Sinistcha|Matcha Gotcha|p1a: Sableye|[spread] p1b\n|-miss|p2b: Sinistcha|p1a: Sableye\n|-resisted|p1b: Scizor|2\n|-damage|p1b: Scizor|86/100\n|-heal|p2b: Sinistcha|98/100|[from] drain|[of] p1b: Scizor\n|move|p1b: Scizor|Swords Dance|p1b: Scizor\n|-boost|p1b: Scizor|atk|2\n|\n|-weather|SunnyDay|[upkeep]\n|-heal|p1a: Sableye|29/100|[from] item: Leftovers\n|upkeep\n|turn|6\n|inactive|TheGamingMammoth has 30 seconds left.\n|inactive|TheGamingMammoth has 20 seconds left.\n|\n|t:|1776578028\n|switch|p1b: Venusaur|Venusaur, L50, F|32/100\n|move|p1a: Sableye|Encore||[still]\n|-fail|p1a: Sableye\n|move|p2b: Sinistcha|Matcha Gotcha|p1b: Venusaur|[spread] p1a\n|-miss|p2b: Sinistcha|p1b: Venusaur\n|-damage|p1a: Sableye|0 fnt\n|-heal|p2b: Sinistcha|100/100|[from] drain|[of] p1a: Sableye\n|faint|p1a: Sableye\n|move|p2a: Politoed|Weather Ball|p1b: Venusaur\n|-supereffective|p1b: Venusaur|1\n|-damage|p1b: Venusaur|0 fnt\n|faint|p1b: Venusaur\n|\n|-weather|SunnyDay|[upkeep]\n|upkeep\n|c|\u2606TheGamingMammoth|wait what\n|c|\u2606TheGamingMammoth|why c ant i encore u\n|inactive|TheGamingMammoth has 30 seconds left.\n|c|\u2606aggsapphire|i see\n|inactive|TheGamingMammoth has 20 seconds left.\n|c|\u2606TheGamingMammoth|wtf\n|inactive|TheGamingMammoth has 15 seconds left.\n|\n|t:|1776578068\n|switch|p1b: Scizor|Scizor, L50, F|86/100\n|turn|7\n|c|\u2606aggsapphire|wait\n|-message|TheGamingMammoth forfeited.\n|\n|win|aggsapphire\n|raw|TheGamingMammoth's rating: 1207 &rarr; <strong>1188</strong><br />(-19 for losing)\n|raw|aggsapphire's rating: 1290 &rarr; <strong>1309</strong><br />(+19 for winning)\n",
  "uploadtime": 1776578089,
  "views": 10,
  "formatid": "gen9championsvgc2026regma",
  "rating": 1188,
  "private": 0,
  "password": null
}