{
  "id": "gen9championsvgc2026regma-2582528140",
  "format": "[Gen 9 Champions] VGC 2026 Reg M-A",
  "players": [
    "speedyturtle87",
    "mynamegrassgreen"
  ],
  "log": "|j|\u2606speedyturtle87\n|j|\u2606mynamegrassgreen\n|t:|1776097416\n|gametype|doubles\n|player|p1|speedyturtle87|canari|\n|player|p2|mynamegrassgreen|n-masters3|\n|gen|9\n|tier|[Gen 9 Champions] VGC 2026 Reg M-A\n|rated|Tournament battle\n|rule|Species Clause: Limit one of each Pok\u00e9mon\n|rule|Item Clause: Limit 1 of each item\n|raw|<div class=\"infobox\"><details class=\"readmore\" open><summary><strong>1 custom rule:</strong></summary> Force Open Team Sheets</details></div>\n|clearpoke\n|poke|p1|Hatterene, L50, F|\n|poke|p1|Oranguru, L50, M|\n|poke|p1|Golurk, L50|\n|poke|p1|Clefable, L50, M|\n|poke|p1|Hydreigon, L50, F|\n|poke|p1|Torkoal, L50, F|\n|poke|p2|Kommo-o, L50, F|\n|poke|p2|Gengar, L50, M|\n|poke|p2|Whimsicott, L50, M|\n|poke|p2|Sinistcha-Masterpiece, L50|\n|poke|p2|Incineroar, L50, F|\n|poke|p2|Tyranitar, L50, M|\n|teampreview|4\n|showteam|p1|Hatterene||FairyFeather|MagicBounce|Protect,Psychic,TrickRoom,DazzlingGleam|||F|||50|]Oranguru||MentalHerb|InnerFocus|Protect,Instruct,Psychic,TrickRoom|||M|||50|]Golurk||Golurkite|IronFist|Protect,ThunderPunch,HeadlongRush,DrainPunch||||||50|]Clefable||FocusSash|Unaware|Moonblast,HelpingHand,FollowMe,Protect|||M|||50|]Hydreigon||ChoiceScarf|Levitate|DracoMeteor,DarkPulse,HeatWave,FlashCannon|||F|||50|]Torkoal||Charcoal|Drought|Eruption,Protect,EarthPower,HeatWave|||F|||50|\n|showteam|p2|Kommo-o||Leftovers|Overcoat|ClangorousSoul,ClangingScales,AuraSphere,Protect|||F|||50|]Gengar||Gengarite|CursedBody|ShadowBall,PerishSong,Substitute,Protect|||M|||50|]Whimsicott||FocusSash|Prankster|Moonblast,Encore,Tailwind,Protect|||M|||50|]Sinistcha-Masterpiece||SitrusBerry|Hospitality|MatchaGotcha,RagePowder,TrickRoom,StrengthSap||||||50|]Incineroar||ShucaBerry|Intimidate|FakeOut,FlareBlitz,Protect,PartingShot|||F|||50|]Tyranitar||ChoiceScarf|SandStream|RockSlide,KnockOff,StoneEdge,LowKick|||M|||50|\n|inactive|Battle timer is ON: inactive players will automatically lose when time's up. (requested by speedyturtle87)\n|j| knoxxzeta\n|j| ImAtWorkVGC\n|j| Phanpy\n|j| H1r4\n|c|\u2606speedyturtle87|glhf\n|j| chai56\n|j| villaingamer\n|j| Pavo116\n|j| Music_Man3\n|c|\u2606mynamegrassgreen|glhf\n|j| ZuriHan\n|inactive|speedyturtle87 has 60 seconds left.\n|inactive|mynamegrassgreen has 60 seconds left.\n|j| TG511\n|j| DSok_\n|\n|t:|1776097459\n|teamsize|p1|4\n|teamsize|p2|4\n|start\n|switch|p1a: Hydreigon|Hydreigon, L50, F|100/100\n|switch|p1b: Oranguru|Oranguru, L50, M|100/100\n|switch|p2a: Tyranitar|Tyranitar, L50, M|100/100\n|switch|p2b: Incineroar|Incineroar, L50, F|100/100\n|-weather|Sandstorm|[from] ability: Sand Stream|[of] p2a: Tyranitar\n|-ability|p2b: Incineroar|Intimidate|boost\n|-unboost|p1a: Hydreigon|atk|1\n|-fail|p1b: Oranguru|unboost|Attack|[from] ability: Inner Focus|[of] p1b: Oranguru\n|turn|1\n|j| Joel_mon\n|inactive|speedyturtle87 has 30 seconds left.\n|\n|t:|1776097490\n|move|p1b: Oranguru|Protect|p1b: Oranguru\n|-singleturn|p1b: Oranguru|Protect\n|move|p2b: Incineroar|Fake Out|p1a: Hydreigon\n|-damage|p1a: Hydreigon|89/100\n|cant|p1a: Hydreigon|flinch\n|move|p2a: Tyranitar|Knock Off|p1b: Oranguru\n|-activate|p1b: Oranguru|move: Protect\n|\n|-weather|Sandstorm|[upkeep]\n|-damage|p1a: Hydreigon|83/100|[from] Sandstorm\n|-damage|p2b: Incineroar|95/100|[from] Sandstorm\n|-damage|p1b: Oranguru|94/100|[from] Sandstorm\n|upkeep\n|turn|2\n|j| ido1234567890\n|\n|t:|1776097510\n|switch|p1a: Hatterene|Hatterene, L50, F|100/100\n|move|p2a: Tyranitar|Knock Off|p1b: Oranguru\n|-supereffective|p1b: Oranguru|1\n|-damage|p1b: Oranguru|0 fnt\n|-enditem|p1b: Oranguru|Mental Herb|[from] move: Knock Off|[of] p2a: Tyranitar\n|faint|p1b: Oranguru\n|move|p2b: Incineroar|Parting Shot|p1a: Hatterene\n|move|p1a: Hatterene|Parting Shot|p2b: Incineroar|[from] ability: Magic Bounce\n|-unboost|p2b: Incineroar|atk|1\n|-unboost|p2b: Incineroar|spa|1\n|c|\u2606mynamegrassgreen|ohh that's nice\n|\n|t:|1776097520\n|switch|p1a: Torkoal|Torkoal, L50, F|100/100|[from] Parting Shot\n|-weather|SunnyDay|[from] ability: Drought|[of] p1a: Torkoal\n|\n|-weather|SunnyDay|[upkeep]\n|upkeep\n|l| ido1234567890\n|\n|t:|1776097527\n|switch|p1b: Hatterene|Hatterene, L50, F|100/100\n|turn|3\n|\n|t:|1776097536\n|move|p1b: Hatterene|Protect|p1b: Hatterene\n|-singleturn|p1b: Hatterene|Protect\n|move|p2a: Tyranitar|Knock Off|p1a: Torkoal\n|-damage|p1a: Torkoal|63/100\n|-enditem|p1a: Torkoal|Charcoal|[from] move: Knock Off|[of] p2a: Tyranitar\n|move|p2b: Incineroar|Parting Shot|p1b: Hatterene\n|-activate|p1b: Hatterene|move: Protect\n|move|p1a: Torkoal|Earth Power|p2a: Tyranitar\n|-supereffective|p2a: Tyranitar|1\n|-damage|p2a: Tyranitar|43/100\n|\n|-weather|SunnyDay|[upkeep]\n|upkeep\n|turn|4\n|\n|t:|1776097548\n|move|p2a: Tyranitar|Knock Off|p1b: Hatterene\n|-crit|p1b: Hatterene\n|-damage|p1b: Hatterene|13/100\n|-enditem|p1b: Hatterene|Fairy Feather|[from] move: Knock Off|[of] p2a: Tyranitar\n|move|p2b: Incineroar|Parting Shot|p1b: Hatterene\n|move|p1b: Hatterene|Parting Shot|p2b: Incineroar|[from] ability: Magic Bounce\n|-unboost|p2b: Incineroar|atk|1\n|-unboost|p2b: Incineroar|spa|1\n|\n|t:|1776097556\n|switch|p1b: Hydreigon|Hydreigon, L50, F|83/100|[from] Parting Shot\n|move|p1a: Torkoal|Earth Power|p2b: Incineroar\n|-supereffective|p2b: Incineroar|1\n|-crit|p2b: Incineroar\n|-enditem|p2b: Incineroar|Shuca Berry|[eat]\n|-enditem|p2b: Incineroar|Shuca Berry|[weaken]\n|-damage|p2b: Incineroar|66/100\n|\n|-weather|SunnyDay|[upkeep]\n|upkeep\n|turn|5\n|j| whizz whoosh\n|\n|t:|1776097567\n|switch|p2b: Sinistcha|Sinistcha-Masterpiece, L50|100/100\n|-heal|p2a: Tyranitar|68/100|[from] ability: Hospitality|[of] p2b: Sinistcha\n|move|p1b: Hydreigon|Flash Cannon|p2a: Tyranitar\n|-supereffective|p2a: Tyranitar|1\n|-damage|p2a: Tyranitar|12/100\n|move|p2a: Tyranitar|Knock Off|p1b: Hydreigon\n|-resisted|p1b: Hydreigon|1\n|-damage|p1b: Hydreigon|53/100\n|-enditem|p1b: Hydreigon|Choice Scarf|[from] move: Knock Off|[of] p2a: Tyranitar\n|move|p1a: Torkoal|Earth Power|p2b: Sinistcha\n|-resisted|p2b: Sinistcha|1\n|-damage|p2b: Sinistcha|88/100\n|\n|-weather|SunnyDay|[upkeep]\n|upkeep\n|turn|6\n|j| lojj\n|j| kemp1412\n|l| Joel_mon\n|l| knoxxzeta\n|\n|t:|1776097586\n|move|p2a: Tyranitar|Knock Off|p1a: Torkoal\n|-damage|p1a: Torkoal|34/100\n|move|p1b: Hydreigon|Draco Meteor|p2a: Tyranitar\n|-damage|p2a: Tyranitar|0 fnt\n|-unboost|p1b: Hydreigon|spa|2\n|faint|p2a: Tyranitar\n|move|p2b: Sinistcha|Matcha Gotcha|p1a: Torkoal|[spread] p1a,p1b\n|-resisted|p1a: Torkoal|1\n|-resisted|p1b: Hydreigon|1\n|-damage|p1a: Torkoal|20/100\n|-heal|p2b: Sinistcha|95/100|[from] drain|[of] p1a: Torkoal\n|-damage|p1b: Hydreigon|38/100\n|-heal|p2b: Sinistcha|100/100|[from] drain|[of] p1b: Hydreigon\n|move|p1a: Torkoal|Eruption|p2b: Sinistcha\n|-supereffective|p2b: Sinistcha|1\n|-damage|p2b: Sinistcha|66/100\n|\n|-weather|none\n|upkeep\n|\n|t:|1776097592\n|switch|p2a: Gengar|Gengar, L50, M|100/100\n|turn|7\n|\n|t:|1776097601\n|switch|p1a: Hatterene|Hatterene, L50, F|13/100\n|detailschange|p2a: Gengar|Gengar-Mega, L50, M\n|-mega|p2a: Gengar|Gengar|Gengarite\n|move|p2b: Sinistcha|Rage Powder|p2b: Sinistcha\n|-singleturn|p2b: Sinistcha|move: Rage Powder\n|move|p2a: Gengar|Shadow Ball|p1a: Hatterene\n|-supereffective|p1a: Hatterene|1\n|-damage|p1a: Hatterene|0 fnt\n|faint|p1a: Hatterene\n|move|p1b: Hydreigon|Dark Pulse|p2b: Sinistcha\n|-supereffective|p2b: Sinistcha|1\n|-damage|p2b: Sinistcha|27/100\n|-enditem|p2b: Sinistcha|Sitrus Berry|[eat]\n|-heal|p2b: Sinistcha|52/100|[from] item: Sitrus Berry\n|\n|upkeep\n|\n|t:|1776097609\n|switch|p1a: Torkoal|Torkoal, L50, F|20/100\n|-weather|SunnyDay|[from] ability: Drought|[of] p1a: Torkoal\n|turn|8\n|l| lojj\n|c|\u2606speedyturtle87|ggwp\n|j| MRG008\n|j| benniOVYalt\n|l| MRG008\n|l| Phanpy\n|\n|t:|1776097630\n|move|p2b: Sinistcha|Rage Powder|p2b: Sinistcha\n|-singleturn|p2b: Sinistcha|move: Rage Powder\n|move|p2a: Gengar|Shadow Ball|p1b: Hydreigon\n|-resisted|p1b: Hydreigon|1\n|-damage|p1b: Hydreigon|12/100\n|move|p1b: Hydreigon|Dark Pulse|p2b: Sinistcha\n|-supereffective|p2b: Sinistcha|1\n|-damage|p2b: Sinistcha|7/100\n|move|p1a: Torkoal|Earth Power|p2b: Sinistcha\n|-resisted|p2b: Sinistcha|1\n|-damage|p2b: Sinistcha|0 fnt\n|faint|p2b: Sinistcha\n|\n|-weather|SunnyDay|[upkeep]\n|upkeep\n|j| pits fiend\n|\n|t:|1776097635\n|switch|p2b: Incineroar|Incineroar, L50, F|66/100\n|-ability|p2b: Incineroar|Intimidate|boost\n|-unboost|p1a: Torkoal|atk|1\n|-unboost|p1b: Hydreigon|atk|1\n|turn|9\n|c|\u2606mynamegrassgreen|ggs\n|j| ido1234567890\n|inactive|speedyturtle87 has 30 seconds left.\n|\n|t:|1776097661\n|move|p2b: Incineroar|Fake Out|p1b: Hydreigon\n|-damage|p1b: Hydreigon|0 fnt\n|faint|p1b: Hydreigon\n|move|p2a: Gengar|Shadow Ball|p1a: Torkoal\n|-damage|p1a: Torkoal|0 fnt\n|faint|p1a: Torkoal\n|\n|win|mynamegrassgreen\n|n|\u2606speedyturtle87|speedyturtle87\n|n|\u2606mynamegrassgreen|mynamegrassgreen\n|n| ImAtWorkVGC|imatworkvgc\n|n| H1r4|h1r4\n|n| chai56|chai56\n|n| villaingamer|villaingamer\n|n| Pavo116|pavo116\n|n| Music_Man3|musicman3\n|n| ZuriHan|zurihan\n|n| TG511|tg511\n|n| DSok_|dsok\n|n| whizz whoosh|whizzwhoosh\n|n| kemp1412|kemp1412\n|n| benniOVYalt|benniovyalt\n|n| pits fiend|pitsfiend\n|n| ido1234567890|ido1234567890\n",
  "uploadtime": 1776097661,
  "views": 12,
  "formatid": "gen9championsvgc2026regma",
  "rating": null,
  "private": 0,
  "password": null
}