{
  "id": "gen9championsvgc2026regma-2586079958",
  "format": "[Gen 9 Champions] VGC 2026 Reg M-A",
  "players": [
    "bahama_vgc",
    "snodlop"
  ],
  "log": "|j|\u2606bahama_vgc\n|j|\u2606snodlop\n|t:|1776396806\n|gametype|doubles\n|player|p1|bahama_vgc|1|1141\n|player|p2|snodlop|lady|1079\n|gen|9\n|tier|[Gen 9 Champions] VGC 2026 Reg M-A\n|rated|\n|rule|Species Clause: Limit one of each Pok\u00e9mon\n|rule|Item Clause: Limit 1 of each item\n|clearpoke\n|poke|p1|Pelipper, L50, M|\n|poke|p1|Archaludon, L50, F|\n|poke|p1|Farigiraf, L50, F|\n|poke|p1|Kingambit, L50, M|\n|poke|p1|Gengar, L50, M|\n|poke|p1|Incineroar, L50, M|\n|poke|p2|Pelipper, L50, M|\n|poke|p2|Palafin, L50, M|\n|poke|p2|Basculegion, L50, M|\n|poke|p2|Manectric, L50, F|\n|poke|p2|Dragonite, L50, F|\n|poke|p2|Kingambit, L50, M|\n|teampreview|4\n|inactive|Battle timer is ON: inactive players will automatically lose when time's up. (requested by bahama_vgc)\n|\n|t:|1776396841\n|teamsize|p1|4\n|teamsize|p2|4\n|start\n|switch|p1a: Pelipper|Pelipper, L50, M|100/100\n|switch|p1b: Farigiraf|Farigiraf, L50, F|100/100\n|switch|p2a: Manectric|Manectric, L50, F|100/100\n|switch|p2b: Pelipper|Pelipper, L50, M|100/100\n|-weather|RainDance|[from] ability: Drizzle|[of] p2b: Pelipper\n|turn|1\n|\n|t:|1776396861\n|switch|p2b: Palafin|Palafin, L50, M|100/100\n|switch|p1a: Archaludon|Archaludon, L50, F|100/100\n|move|p2a: Manectric|Snarl|p1b: Farigiraf|[spread] p1a,p1b\n|-supereffective|p1b: Farigiraf|1\n|-damage|p1a: Archaludon|86/100\n|-damage|p1b: Farigiraf|72/100\n|-unboost|p1a: Archaludon|spa|1\n|-unboost|p1b: Farigiraf|spa|1\n|move|p1b: Farigiraf|Trick Room|p1b: Farigiraf\n|-fieldstart|move: Trick Room|[of] p1b: Farigiraf\n|\n|-weather|RainDance|[upkeep]\n|-heal|p1a: Archaludon|92/100|[from] item: Leftovers\n|upkeep\n|turn|2\n|inactive|bahama_vgc has 30 seconds left.\n|\n|t:|1776396891\n|move|p1b: Farigiraf|Psychic|p2b: Palafin\n|-damage|p2b: Palafin|55/100\n|-unboost|p2b: Palafin|spd|1\n|move|p1a: Archaludon|Electro Shot||[still]\n|-prepare|p1a: Archaludon|Electro Shot\n|-boost|p1a: Archaludon|spa|1\n|-anim|p1a: Archaludon|Electro Shot|p2b: Palafin\n|-supereffective|p2b: Palafin|1\n|-damage|p2b: Palafin|0 fnt\n|faint|p2b: Palafin\n|move|p2a: Manectric|Snarl|p1b: Farigiraf|[spread] p1a,p1b\n|-supereffective|p1b: Farigiraf|1\n|-damage|p1a: Archaludon|78/100\n|-damage|p1b: Farigiraf|41/100\n|-unboost|p1a: Archaludon|spa|1\n|-unboost|p1b: Farigiraf|spa|1\n|\n|-weather|RainDance|[upkeep]\n|-heal|p1a: Archaludon|84/100|[from] item: Leftovers\n|upkeep\n|c|\u2606snodlop|oh stalwart\n|inactive|snodlop has 30 seconds left.\n|\n|t:|1776396918\n|switch|p2b: Kingambit|Kingambit, L50, M|100/100\n|turn|3\n|\n|t:|1776396931\n|detailschange|p2a: Manectric|Manectric-Mega, L50, F\n|-mega|p2a: Manectric|Manectric|Manectite\n|-ability|p2a: Manectric|Intimidate|boost\n|-unboost|p1a: Archaludon|atk|1\n|-unboost|p1b: Farigiraf|atk|1\n|move|p2b: Kingambit|Brick Break|p1a: Archaludon\n|-supereffective|p1a: Archaludon|1\n|-damage|p1a: Archaludon|32/100\n|move|p1b: Farigiraf|Psychic|p2a: Manectric\n|-damage|p2a: Manectric|70/100\n|-unboost|p2a: Manectric|spd|1\n|move|p1a: Archaludon|Electro Shot||[still]\n|-prepare|p1a: Archaludon|Electro Shot\n|-boost|p1a: Archaludon|spa|1\n|-anim|p1a: Archaludon|Electro Shot|p2b: Kingambit\n|-damage|p2b: Kingambit|55/100\n|move|p2a: Manectric|Howl|p2a: Manectric|[spread] p2a,p2b\n|-boost|p2a: Manectric|atk|1\n|-boost|p2b: Kingambit|atk|1\n|\n|-weather|RainDance|[upkeep]\n|-heal|p2b: Kingambit|60/100|[from] item: Leftovers\n|-heal|p1a: Archaludon|38/100|[from] item: Leftovers\n|upkeep\n|turn|4\n|inactive|bahama_vgc has 30 seconds left.\n|inactive|snodlop has 30 seconds left.\n|inactive|bahama_vgc has 20 seconds left.\n|\n|t:|1776396970\n|move|p2b: Kingambit|Brick Break|p1a: Archaludon\n|-supereffective|p1a: Archaludon|1\n|-damage|p1a: Archaludon|0 fnt\n|faint|p1a: Archaludon\n|move|p1b: Farigiraf|Psychic|p2a: Manectric\n|-damage|p2a: Manectric|19/100\n|move|p2a: Manectric|Howl|p2a: Manectric|[spread] p2a,p2b\n|-boost|p2a: Manectric|atk|1\n|-boost|p2b: Kingambit|atk|1\n|\n|-weather|RainDance|[upkeep]\n|-heal|p2b: Kingambit|66/100|[from] item: Leftovers\n|upkeep\n|\n|t:|1776396987\n|switch|p1a: Gengar|Gengar, L50, M|100/100\n|turn|5\n|\n|t:|1776396998\n|switch|p2a: Pelipper|Pelipper, L50, M|100/100\n|move|p1a: Gengar|Protect|p1a: Gengar\n|-singleturn|p1a: Gengar|Protect\n|move|p2b: Kingambit|Brick Break|p1b: Farigiraf\n|-damage|p1b: Farigiraf|0 fnt\n|faint|p1b: Farigiraf\n|\n|-weather|none\n|-heal|p2b: Kingambit|72/100|[from] item: Leftovers\n|-fieldend|move: Trick Room\n|upkeep\n|\n|t:|1776397004\n|switch|p1b: Pelipper|Pelipper, L50, M|100/100\n|-weather|RainDance|[from] ability: Drizzle|[of] p1b: Pelipper\n|turn|6\n|\n|t:|1776397016\n|detailschange|p1a: Gengar|Gengar-Mega, L50, M\n|-mega|p1a: Gengar|Gengar|Gengarite\n|move|p2a: Pelipper|Wide Guard|p2a: Pelipper\n|-singleturn|p2a: Pelipper|Wide Guard\n|move|p2b: Kingambit|Sucker Punch|p1a: Gengar\n|-supereffective|p1a: Gengar|1\n|-damage|p1a: Gengar|0 fnt\n|faint|p1a: Gengar\n|move|p1b: Pelipper|Weather Ball|p2b: Kingambit\n|-damage|p2b: Kingambit|0 fnt\n|faint|p2b: Kingambit\n|\n|-weather|RainDance|[upkeep]\n|upkeep\n|\n|t:|1776397025\n|switch|p2b: Manectric|Manectric-Mega, L50, F|19/100\n|-ability|p2b: Manectric|Intimidate|boost\n|-unboost|p1b: Pelipper|atk|1\n|turn|7\n|\n|t:|1776397036\n|move|p2b: Manectric|Snarl|p1b: Pelipper\n|-crit|p1b: Pelipper\n|-damage|p1b: Pelipper|58/100\n|-unboost|p1b: Pelipper|spa|1\n|move|p2a: Pelipper|Hurricane|p1b: Pelipper\n|-damage|p1b: Pelipper|0 fnt\n|faint|p1b: Pelipper\n|\n|win|snodlop\n|raw|bahama_vgc's rating: 1141 &rarr; <strong>1112</strong><br />(-29 for losing)\n|raw|snodlop's rating: 1079 &rarr; <strong>1112</strong><br />(+33 for winning)\n|l|\u2606bahama_vgc\n|player|p1|\n",
  "uploadtime": 1776397050,
  "views": 21,
  "formatid": "gen9championsvgc2026regma",
  "rating": 1112,
  "private": 0,
  "password": null
}