{
  "id": "gen9championsvgc2026regma-2581317496",
  "format": "[Gen 9 Champions] VGC 2026 Reg M-A",
  "players": [
    "Mast0don",
    "MegVGC"
  ],
  "log": "|j|\u2606Mast0don\n|j|\u2606MegVGC\n|t:|1775985814\n|gametype|doubles\n|player|p1|Mast0don|drayden|1287\n|player|p2|MegVGC|266|1311\n|gen|9\n|tier|[Gen 9 Champions] VGC 2026 Reg M-A\n|rated|\n|rule|Species Clause: Limit one of each Pok\u00e9mon\n|rule|Item Clause: Limit 1 of each item\n|clearpoke\n|poke|p1|Dragonite, L50, M|\n|poke|p1|Kingambit, L50, F|\n|poke|p1|Basculegion, L50, M|\n|poke|p1|Sneasler, L50, M|\n|poke|p1|Clefable, L50, M|\n|poke|p1|Delphox, L50, F|\n|poke|p2|Glimmora, L50, M|\n|poke|p2|Delphox, L50, M|\n|poke|p2|Quaquaval, L50, F|\n|poke|p2|Hydreigon, L50, M|\n|poke|p2|Whimsicott, L50, M|\n|poke|p2|Venusaur, L50, M|\n|teampreview|4\n|inactive|Battle timer is ON: inactive players will automatically lose when time's up. (requested by Mast0don)\n|j| gE1xjZRtuhW2DdT0AK\n|inactive|Mast0don has 60 seconds left.\n|inactive|MegVGC has 60 seconds left.\n|\n|t:|1775985853\n|teamsize|p1|4\n|teamsize|p2|4\n|start\n|switch|p1a: Delphox|Delphox, L50, F|100/100\n|switch|p1b: Clefable|Clefable, L50, M|100/100\n|switch|p2a: Delphox|Delphox, L50, M|100/100\n|switch|p2b: Quaquaval|Quaquaval, L50, F|100/100\n|turn|1\n|\n|t:|1775985872\n|switch|p2b: Hydreigon|Hydreigon, L50, M|100/100\n|detailschange|p2a: Delphox|Delphox-Mega, L50, M\n|-mega|p2a: Delphox|Delphox|Delphoxite\n|move|p1a: Delphox|Protect|p1a: Delphox\n|-singleturn|p1a: Delphox|Protect\n|move|p2a: Delphox|Psychic|p1b: Clefable\n|-damage|p1b: Clefable|53/100\n|move|p1b: Clefable|Icy Wind|p2b: Hydreigon|[spread] p2a,p2b\n|-resisted|p2a: Delphox|1\n|-supereffective|p2b: Hydreigon|1\n|-damage|p2a: Delphox|96/100\n|-damage|p2b: Hydreigon|77/100\n|-unboost|p2a: Delphox|spe|1\n|-unboost|p2b: Hydreigon|spe|1\n|\n|upkeep\n|turn|2\n|\n|t:|1775985892\n|switch|p2b: Venusaur|Venusaur, L50, M|100/100\n|detailschange|p1a: Delphox|Delphox-Mega, L50, F\n|-mega|p1a: Delphox|Delphox|Delphoxite\n|move|p1a: Delphox|Substitute|p1a: Delphox\n|-start|p1a: Delphox|Substitute\n|-damage|p1a: Delphox|75/100\n|move|p2a: Delphox|Psychic|p1b: Clefable\n|-crit|p1b: Clefable\n|-damage|p1b: Clefable|0 fnt\n|faint|p1b: Clefable\n|\n|upkeep\n|\n|t:|1775985906\n|switch|p1b: Kingambit|Kingambit, L50, F|100/100\n|turn|3\n|\n|t:|1775985919\n|move|p1a: Delphox|Heat Wave|p2a: Delphox|[spread] p2a,p2b\n|-resisted|p2a: Delphox|1\n|-supereffective|p2b: Venusaur|1\n|-damage|p2a: Delphox|76/100\n|-damage|p2b: Venusaur|8/100\n|move|p2b: Venusaur|Sleep Powder|p1b: Kingambit|[miss]\n|-miss|p2b: Venusaur|p1b: Kingambit\n|move|p2a: Delphox|Heat Wave|p1b: Kingambit|[spread] p1a,p1b\n|-resisted|p1a: Delphox|1\n|-activate|p1a: Delphox|move: Substitute|[damage]\n|-supereffective|p1b: Kingambit|1\n|-damage|p1b: Kingambit|24/100\n|move|p1b: Kingambit|Swords Dance|p1b: Kingambit\n|-boost|p1b: Kingambit|atk|2\n|\n|-heal|p2b: Venusaur|14/100|[from] item: Leftovers\n|upkeep\n|turn|4\n|inactive|MegVGC has 30 seconds left.\n|\n|t:|1775985947\n|move|p2a: Delphox|Protect|p2a: Delphox\n|-singleturn|p2a: Delphox|Protect\n|move|p1b: Kingambit|Sucker Punch||[still]\n|-fail|p1b: Kingambit\n|move|p1a: Delphox|Heat Wave|p2a: Delphox|[spread] p2b\n|-activate|p2a: Delphox|move: Protect\n|-supereffective|p2b: Venusaur|1\n|-damage|p2b: Venusaur|0 fnt\n|faint|p2b: Venusaur\n|\n|upkeep\n|\n|t:|1775985952\n|switch|p2b: Hydreigon|Hydreigon, L50, M|77/100\n|turn|5\n|\n|t:|1775985975\n|switch|p2a: Quaquaval|Quaquaval, L50, F|100/100\n|move|p1b: Kingambit|Sucker Punch||[still]\n|-fail|p1b: Kingambit\n|move|p1a: Delphox|Heat Wave|p2b: Hydreigon|[spread] p2a,p2b\n|-resisted|p2a: Quaquaval|1\n|-resisted|p2b: Hydreigon|1\n|-damage|p2a: Quaquaval|69/100\n|-damage|p2b: Hydreigon|50/100\n|move|p2b: Hydreigon|Heat Wave|p1b: Kingambit|[spread] p1a,p1b\n|-resisted|p1a: Delphox|1\n|-end|p1a: Delphox|Substitute\n|-supereffective|p1b: Kingambit|1\n|-damage|p1b: Kingambit|0 fnt\n|faint|p1b: Kingambit\n|\n|upkeep\n|\n|t:|1775985983\n|switch|p1b: Basculegion|Basculegion, L50, M|100/100\n|turn|6\n|\n|t:|1775986000\n|move|p2a: Quaquaval|Knock Off|p1b: Basculegion\n|-supereffective|p1b: Basculegion|1\n|-damage|p1b: Basculegion|13/100\n|-enditem|p1b: Basculegion|Choice Scarf|[from] move: Knock Off|[of] p2a: Quaquaval\n|move|p1a: Delphox|Psyshock|p2a: Quaquaval\n|-supereffective|p2a: Quaquaval|1\n|-damage|p2a: Quaquaval|0 fnt\n|faint|p2a: Quaquaval\n|move|p2b: Hydreigon|Dark Pulse|p1b: Basculegion\n|-supereffective|p1b: Basculegion|1\n|-damage|p1b: Basculegion|0 fnt\n|faint|p1b: Basculegion\n|\n|upkeep\n|\n|t:|1775986004\n|switch|p2a: Delphox|Delphox-Mega, L50, M|76/100\n|turn|7\n|-message|Mast0don forfeited.\n|\n|win|MegVGC\n|raw|Mast0don's rating: 1287 &rarr; <strong>1264</strong><br />(-23 for losing)\n|raw|MegVGC's rating: 1311 &rarr; <strong>1330</strong><br />(+19 for winning)\n|l|\u2606Mast0don\n|player|p1|\n",
  "uploadtime": 1775986029,
  "views": 45,
  "formatid": "gen9championsvgc2026regma",
  "rating": 1264,
  "private": 0,
  "password": null
}