{
  "id": "gen9championsvgc2026regma-2584142704",
  "format": "[Gen 9 Champions] VGC 2026 Reg M-A",
  "players": [
    "Jms14",
    "colfox"
  ],
  "log": "|j|\u2606Jms14\n|j|\u203dcolfox\n|t:|1776230071\n|gametype|doubles\n|player|p1|Jms14|266|1069\n|player|p2|colfox|169|1161\n|gen|9\n|tier|[Gen 9 Champions] VGC 2026 Reg M-A\n|rated|\n|rule|Species Clause: Limit one of each Pok\u00e9mon\n|rule|Item Clause: Limit 1 of each item\n|clearpoke\n|poke|p1|Hawlucha, L50, F|\n|poke|p1|Garganacl, L50, M|\n|poke|p1|Sinistcha, L50|\n|poke|p1|Incineroar, L50, F|\n|poke|p1|Palafin, L50, M|\n|poke|p1|Rotom-Wash, L50|\n|poke|p2|Sylveon, L50, M|\n|poke|p2|Garchomp, L50, F|\n|poke|p2|Milotic, L50, F|\n|poke|p2|Ninetales, L50, F|\n|poke|p2|Raichu, L50, F|\n|poke|p2|Scizor, L50, F|\n|teampreview|4\n|\n|t:|1776230103\n|teamsize|p1|4\n|teamsize|p2|4\n|start\n|switch|p1a: Garganacl|Garganacl, L50, M|100/100\n|switch|p1b: Palafin|Palafin, L50, M|100/100\n|switch|p2a: Milotic|Milotic, L50, F|100/100\n|switch|p2b: Raichu|Raichu, L50, F|100/100\n|turn|1\n|\n|t:|1776230132\n|detailschange|p1b: Palafin|Palafin-Hero, L50, M\n|switch|p1b: Sinistcha|Sinistcha, L50|100/100\n|move|p1a: Garganacl|Protect|p1a: Garganacl\n|-singleturn|p1a: Garganacl|Protect\n|move|p2b: Raichu|Fake Out|p1b: Sinistcha\n|-immune|p1b: Sinistcha\n|move|p2a: Milotic|Scald|p1a: Garganacl\n|-activate|p1a: Garganacl|move: Protect\n|\n|upkeep\n|turn|2\n|\n|t:|1776230158\n|switch|p2b: Ninetales|Ninetales, L50, F|100/100\n|-weather|SunnyDay|[from] ability: Drought|[of] p2b: Ninetales\n|move|p1b: Sinistcha|Rage Powder|p1b: Sinistcha\n|-singleturn|p1b: Sinistcha|move: Rage Powder\n|move|p2a: Milotic|Icy Wind|p1a: Garganacl|[spread] p1a,p1b\n|-supereffective|p1b: Sinistcha|1\n|-damage|p1a: Garganacl|90/100\n|-damage|p1b: Sinistcha|71/100\n|-unboost|p1a: Garganacl|spe|1\n|-unboost|p1b: Sinistcha|spe|1\n|move|p1a: Garganacl|Salt Cure|p2a: Milotic\n|-crit|p2a: Milotic\n|-damage|p2a: Milotic|78/100\n|-start|p2a: Milotic|Salt Cure\n|\n|-weather|SunnyDay|[upkeep]\n|-heal|p1a: Garganacl|96/100|[from] item: Leftovers\n|-damage|p2a: Milotic|65/100|[from] Salt Cure\n|upkeep\n|turn|3\n|\n|t:|1776230179\n|move|p1b: Sinistcha|Protect|p1b: Sinistcha\n|-singleturn|p1b: Sinistcha|Protect\n|move|p2b: Ninetales|Heat Wave|p1a: Garganacl|[spread] p1a\n|-activate|p1b: Sinistcha|move: Protect\n|-resisted|p1a: Garganacl|1\n|-damage|p1a: Garganacl|83/100\n|move|p2a: Milotic|Icy Wind|p1b: Sinistcha|[spread] p1a\n|-activate|p1b: Sinistcha|move: Protect\n|-damage|p1a: Garganacl|73/100\n|-unboost|p1a: Garganacl|spe|1\n|move|p1a: Garganacl|Salt Cure|p2b: Ninetales\n|-supereffective|p2b: Ninetales|1\n|-damage|p2b: Ninetales|64/100\n|-start|p2b: Ninetales|Salt Cure\n|\n|-weather|SunnyDay|[upkeep]\n|-heal|p1a: Garganacl|79/100|[from] item: Leftovers\n|-damage|p2b: Ninetales|58/100|[from] Salt Cure\n|-damage|p2a: Milotic|53/100|[from] Salt Cure\n|upkeep\n|turn|4\n|\n|t:|1776230203\n|switch|p1b: Palafin|Palafin-Hero, L50, M|100/100\n|-activate|p1b: Palafin|ability: Zero to Hero\n|move|p2b: Ninetales|Heat Wave|p1b: Palafin|[spread] p1a,p1b\n|-resisted|p1a: Garganacl|1\n|-resisted|p1b: Palafin|1\n|-damage|p1a: Garganacl|66/100\n|-damage|p1b: Palafin|78/100\n|move|p2a: Milotic|Recover|p2a: Milotic\n|-heal|p2a: Milotic|100/100\n|move|p1a: Garganacl|Salt Cure|p2b: Ninetales\n|-supereffective|p2b: Ninetales|1\n|-damage|p2b: Ninetales|23/100\n|\n|-weather|SunnyDay|[upkeep]\n|-heal|p1a: Garganacl|72/100|[from] item: Leftovers\n|-damage|p2b: Ninetales|17/100|[from] Salt Cure\n|-damage|p2a: Milotic|88/100|[from] Salt Cure\n|upkeep\n|turn|5\n|\n|t:|1776230229\n|switch|p1a: Sinistcha|Sinistcha, L50|71/100\n|-heal|p1b: Palafin|100/100|[from] ability: Hospitality|[of] p1a: Sinistcha\n|move|p2b: Ninetales|Helping Hand|p2a: Milotic\n|-singleturn|p2a: Milotic|Helping Hand|[of] p2b: Ninetales\n|move|p1b: Palafin|Flip Turn|p2b: Ninetales\n|-supereffective|p2b: Ninetales|1\n|-damage|p2b: Ninetales|0 fnt\n|faint|p2b: Ninetales\n|\n|t:|1776230238\n|switch|p1b: Hawlucha|Hawlucha, L50, F|100/100|[from] Flip Turn\n|move|p2a: Milotic|Icy Wind|p1a: Sinistcha|[spread] p1a,p1b\n|-supereffective|p1a: Sinistcha|1\n|-supereffective|p1b: Hawlucha|1\n|-damage|p1a: Sinistcha|29/100\n|-damage|p1b: Hawlucha|51/100\n|-unboost|p1a: Sinistcha|spe|1\n|-unboost|p1b: Hawlucha|spe|1\n|\n|-weather|SunnyDay|[upkeep]\n|-damage|p2a: Milotic|76/100|[from] Salt Cure\n|upkeep\n|\n|t:|1776230260\n|switch|p2b: Scizor|Scizor, L50, F|100/100\n|turn|6\n|\n|t:|1776230284\n|switch|p1a: Palafin|Palafin-Hero, L50, M|100/100\n|detailschange|p1b: Hawlucha|Hawlucha-Mega, L50, F\n|-mega|p1b: Hawlucha|Hawlucha|Hawluchanite\n|detailschange|p2b: Scizor|Scizor-Mega, L50, F\n|-mega|p2b: Scizor|Scizor|Scizorite\n|move|p1b: Hawlucha|Protect|p1b: Hawlucha\n|-singleturn|p1b: Hawlucha|Protect\n|move|p2a: Milotic|Icy Wind|p1a: Palafin|[spread] p1a\n|-activate|p1b: Hawlucha|move: Protect\n|-resisted|p1a: Palafin|1\n|-damage|p1a: Palafin|93/100\n|-unboost|p1a: Palafin|spe|1\n|move|p2b: Scizor|Bug Bite|p1a: Palafin\n|-damage|p1a: Palafin|34/100\n|\n|-weather|none\n|-damage|p2a: Milotic|63/100|[from] Salt Cure\n|upkeep\n|turn|7\n|\n|t:|1776230310\n|switch|p1b: Sinistcha|Sinistcha, L50|29/100\n|-heal|p1a: Palafin|59/100|[from] ability: Hospitality|[of] p1b: Sinistcha\n|move|p2b: Scizor|Bullet Punch|p1a: Palafin\n|-resisted|p1a: Palafin|1\n|-damage|p1a: Palafin|40/100\n|move|p1a: Palafin|Wave Crash|p2b: Scizor\n|-damage|p2b: Scizor|34/100\n|-damage|p1a: Palafin|18/100|[from] Recoil\n|move|p2a: Milotic|Icy Wind|p1b: Sinistcha|[spread] p1a,p1b\n|-resisted|p1a: Palafin|1\n|-supereffective|p1b: Sinistcha|1\n|-damage|p1a: Palafin|11/100\n|-damage|p1b: Sinistcha|0 fnt\n|-unboost|p1a: Palafin|spe|1\n|faint|p1b: Sinistcha\n|\n|-damage|p2a: Milotic|51/100|[from] Salt Cure\n|upkeep\n|\n|t:|1776230340\n|switch|p1b: Hawlucha|Hawlucha-Mega, L50, F|51/100\n|turn|8\n|\n|t:|1776230347\n|switch|p1a: Garganacl|Garganacl, L50, M|72/100\n|move|p2b: Scizor|Bullet Punch|p1a: Garganacl\n|-supereffective|p1a: Garganacl|1\n|-damage|p1a: Garganacl|26/100\n|move|p1b: Hawlucha|High Jump Kick|p2b: Scizor\n|-damage|p2b: Scizor|0 fnt\n|faint|p2b: Scizor\n|move|p2a: Milotic|Icy Wind|p1b: Hawlucha|[spread] p1a,p1b\n|-supereffective|p1b: Hawlucha|1\n|-damage|p1a: Garganacl|16/100\n|-damage|p1b: Hawlucha|26/100\n|-unboost|p1a: Garganacl|spe|1\n|-unboost|p1b: Hawlucha|spe|1\n|\n|-heal|p1a: Garganacl|22/100|[from] item: Leftovers\n|-damage|p2a: Milotic|39/100|[from] Salt Cure\n|upkeep\n|\n|t:|1776230365\n|switch|p2b: Raichu|Raichu, L50, F|100/100\n|turn|9\n|\n|t:|1776230375\n|move|p2b: Raichu|Fake Out|p1b: Hawlucha\n|-damage|p1b: Hawlucha|17/100\n|move|p1a: Garganacl|Wide Guard|p1a: Garganacl\n|-singleturn|p1a: Garganacl|Wide Guard\n|cant|p1b: Hawlucha|flinch\n|move|p2a: Milotic|Scald|p1a: Garganacl\n|-supereffective|p1a: Garganacl|1\n|-damage|p1a: Garganacl|0 fnt\n|faint|p1a: Garganacl\n|\n|-damage|p2a: Milotic|26/100|[from] Salt Cure\n|upkeep\n|\n|t:|1776230380\n|switch|p1a: Palafin|Palafin-Hero, L50, M|11/100\n|turn|10\n|-message|Jms14 forfeited.\n|\n|win|colfox\n|raw|Jms14's rating: 1069 &rarr; <strong>1054</strong><br />(-15 for losing)\n|raw|colfox's rating: 1161 &rarr; <strong>1180</strong><br />(+19 for winning)\n|l|\u2606Jms14\n|player|p1|\n",
  "uploadtime": 1776230421,
  "views": 36,
  "formatid": "gen9championsvgc2026regma",
  "rating": 1054,
  "private": 0,
  "password": null
}