{
  "id": "gen9championsvgc2026regma-2581952828",
  "format": "[Gen 9 Champions] VGC 2026 Reg M-A",
  "players": [
    "iwillbeausername",
    "airi love"
  ],
  "log": "|j|\u2606iwillbeausername\n|j|\u2606airi love\n|t:|1776042763\n|gametype|doubles\n|player|p1|iwillbeausername|colress|1314\n|player|p2|airi love|lyra|1419\n|gen|9\n|tier|[Gen 9 Champions] VGC 2026 Reg M-A\n|rated|\n|rule|Species Clause: Limit one of each Pok\u00e9mon\n|rule|Item Clause: Limit 1 of each item\n|clearpoke\n|poke|p1|Charizard, L50, M|\n|poke|p1|Kingambit, L50, M|\n|poke|p1|Sinistcha, L50|\n|poke|p1|Sneasler, L50, F|\n|poke|p1|Froslass, L50, F|\n|poke|p1|Rotom-Wash, L50|\n|poke|p2|Reuniclus, L50, M|\n|poke|p2|Kangaskhan, L50, F|\n|poke|p2|Incineroar, L50, M|\n|poke|p2|Sylveon, L50, F|\n|poke|p2|Torkoal, L50, F|\n|poke|p2|Basculegion, L50, M|\n|teampreview|4\n|j| No.1yZap2\n|inactive|Battle timer is ON: inactive players will automatically lose when time's up. (requested by airi love)\n|\n|t:|1776042794\n|teamsize|p1|4\n|teamsize|p2|4\n|start\n|switch|p1a: Charizard|Charizard, L50, M|100/100\n|switch|p1b: Sneasler|Sneasler, L50, F|100/100\n|switch|p2a: Basculegion|Basculegion, L50, M|100/100\n|switch|p2b: Reuniclus|Reuniclus, L50, M|100/100\n|turn|1\n|\n|t:|1776042809\n|detailschange|p1a: Charizard|Charizard-Mega-X, L50, M\n|-mega|p1a: Charizard|Charizard|Charizardite X\n|move|p1b: Sneasler|Fake Out|p2b: Reuniclus\n|-damage|p2b: Reuniclus|84/100\n|move|p2a: Basculegion|Wave Crash|p1a: Charizard\n|-damage|p1a: Charizard|27/100\n|-damage|p2a: Basculegion|78/100|[from] Recoil\n|move|p1a: Charizard|Dragon Dance|p1a: Charizard\n|-boost|p1a: Charizard|atk|1\n|-boost|p1a: Charizard|spe|1\n|cant|p2b: Reuniclus|flinch\n|\n|upkeep\n|turn|2\n|\n|t:|1776042833\n|move|p1a: Charizard|Dragon Claw|p2a: Basculegion\n|-damage|p2a: Basculegion|0 fnt\n|faint|p2a: Basculegion\n|move|p1b: Sneasler|Dire Claw|p2b: Reuniclus\n|-damage|p2b: Reuniclus|33/100\n|move|p2b: Reuniclus|Trick Room|p2b: Reuniclus\n|-fieldstart|move: Trick Room|[of] p2b: Reuniclus\n|\n|upkeep\n|\n|t:|1776042844\n|switch|p2a: Torkoal|Torkoal, L50, F|100/100\n|-weather|SunnyDay|[from] ability: Drought|[of] p2a: Torkoal\n|turn|3\n|\n|t:|1776042859\n|switch|p2b: Sylveon|Sylveon, L50, F|100/100\n|move|p1b: Sneasler|Protect|p1b: Sneasler\n|-singleturn|p1b: Sneasler|Protect\n|move|p1a: Charizard|Protect|p1a: Charizard\n|-singleturn|p1a: Charizard|Protect\n|move|p2a: Torkoal|Eruption|p1a: Charizard|[spread] \n|-activate|p1a: Charizard|move: Protect\n|-activate|p1b: Sneasler|move: Protect\n|\n|-weather|SunnyDay|[upkeep]\n|upkeep\n|turn|4\n|\n|t:|1776042875\n|move|p2a: Torkoal|Eruption|p1b: Sneasler|[spread] p1a,p1b\n|-resisted|p1a: Charizard|2\n|-damage|p1a: Charizard|4/100\n|-damage|p1b: Sneasler|0 fnt\n|faint|p1b: Sneasler\n|move|p2b: Sylveon|Hyper Voice|p1a: Charizard\n|-damage|p1a: Charizard|0 fnt\n|faint|p1a: Charizard\n|\n|-weather|SunnyDay|[upkeep]\n|upkeep\n|\n|t:|1776042882\n|switch|p1a: Rotom|Rotom-Wash, L50|100/100\n|switch|p1b: Kingambit|Kingambit, L50, M|100/100\n|turn|5\n|\n|t:|1776042894\n|move|p1b: Kingambit|Protect|p1b: Kingambit\n|-singleturn|p1b: Kingambit|Protect\n|move|p2a: Torkoal|Heat Wave|p1b: Kingambit|[spread] p1a\n|-activate|p1b: Kingambit|move: Protect\n|-resisted|p1a: Rotom|1\n|-damage|p1a: Rotom|79/100\n|move|p2b: Sylveon|Hyper Voice|p1a: Rotom|[spread] p1a\n|-activate|p1b: Kingambit|move: Protect\n|-damage|p1a: Rotom|37/100\n|-enditem|p1a: Rotom|Sitrus Berry|[eat]\n|-heal|p1a: Rotom|62/100|[from] item: Sitrus Berry\n|move|p1a: Rotom|Thunderbolt|p2a: Torkoal\n|-crit|p2a: Torkoal\n|-damage|p2a: Torkoal|36/100\n|\n|-weather|SunnyDay|[upkeep]\n|upkeep\n|turn|6\n|\n|t:|1776042912\n|switch|p2a: Reuniclus|Reuniclus, L50, M|66/100\n|move|p1b: Kingambit|Sucker Punch||[still]\n|-fail|p1b: Kingambit\n|move|p2b: Sylveon|Hyper Beam|p1b: Kingambit\n|-damage|p1b: Kingambit|0 fnt\n|-mustrecharge|p2b: Sylveon\n|faint|p1b: Kingambit\n|move|p1a: Rotom|Thunderbolt|p2b: Sylveon\n|-damage|p2b: Sylveon|74/100\n|\n|-weather|SunnyDay|[upkeep]\n|-fieldend|move: Trick Room\n|upkeep\n|turn|7\n|\n|t:|1776042927\n|switch|p2a: Torkoal|Torkoal, L50, F|36/100\n|move|p1a: Rotom|Thunderbolt|p2a: Torkoal\n|-damage|p2a: Torkoal|0 fnt\n|faint|p2a: Torkoal\n|cant|p2b: Sylveon|recharge\n|\n|-weather|none\n|upkeep\n|\n|t:|1776042935\n|switch|p2a: Reuniclus|Reuniclus, L50, M|99/100\n|turn|8\n|j| Asheeeeeee\n|\n|t:|1776042939\n|move|p1a: Rotom|Thunderbolt|p2b: Sylveon\n|-damage|p2b: Sylveon|49/100\n|move|p2b: Sylveon|Hyper Voice|p1a: Rotom\n|-damage|p1a: Rotom|2/100\n|move|p2a: Reuniclus|Trick Room|p2a: Reuniclus\n|-fieldstart|move: Trick Room|[of] p2a: Reuniclus\n|\n|upkeep\n|turn|9\n|-message|iwillbeausername forfeited.\n|\n|win|airi love\n|raw|iwillbeausername's rating: 1314 &rarr; <strong>1299</strong><br />(-15 for losing)\n|raw|airi love's rating: 1395 &rarr; <strong>1410</strong><br />(+15 for winning)\n|l|\u2606iwillbeausername\n|player|p1|\n|l| No.1yZap2\n",
  "uploadtime": 1776042953,
  "views": 35,
  "formatid": "gen9championsvgc2026regma",
  "rating": 1299,
  "private": 0,
  "password": null
}