{
  "id": "gen9championsvgc2026regma-2584485620",
  "format": "[Gen 9 Champions] VGC 2026 Reg M-A",
  "players": [
    "giubeppo",
    "showlesk"
  ],
  "log": "|j|\u2606giubeppo\n|j|\u2606showlesk\n|t:|1776264018\n|gametype|doubles\n|player|p1|giubeppo|101|1282\n|player|p2|showlesk|265|1383\n|gen|9\n|tier|[Gen 9 Champions] VGC 2026 Reg M-A\n|rated|\n|rule|Species Clause: Limit one of each Pok\u00e9mon\n|rule|Item Clause: Limit 1 of each item\n|clearpoke\n|poke|p1|Starmie, L50|\n|poke|p1|Pelipper, L50, M|\n|poke|p1|Archaludon, L50, M|\n|poke|p1|Sneasler, L50, M|\n|poke|p1|Sinistcha, L50|\n|poke|p1|Incineroar, L50, M|\n|poke|p2|Garchomp, L50, M|\n|poke|p2|Tyranitar, L50, F|\n|poke|p2|Sneasler, L50, F|\n|poke|p2|Whimsicott, L50, M|\n|poke|p2|Empoleon, L50, F|\n|poke|p2|Chandelure, L50, F|\n|teampreview|4\n|\n|t:|1776264039\n|teamsize|p1|4\n|teamsize|p2|4\n|start\n|switch|p1a: Sinistcha|Sinistcha, L50|100/100\n|switch|p1b: Sneasler|Sneasler, L50, M|100/100\n|switch|p2a: Empoleon|Empoleon, L50, F|100/100\n|switch|p2b: Chandelure|Chandelure, L50, F|100/100\n|turn|1\n|inactive|Battle timer is ON: inactive players will automatically lose when time's up. (requested by showlesk)\n|\n|t:|1776264063\n|move|p1b: Sneasler|Protect|p1b: Sneasler\n|-singleturn|p1b: Sneasler|Protect\n|move|p2a: Empoleon|Ice Beam|p1a: Sinistcha\n|-supereffective|p1a: Sinistcha|1\n|-damage|p1a: Sinistcha|37/100\n|move|p1a: Sinistcha|Shadow Ball|p2b: Chandelure\n|-supereffective|p2b: Chandelure|1\n|-enditem|p2b: Chandelure|Kasib Berry|[eat]\n|-enditem|p2b: Chandelure|Kasib Berry|[weaken]\n|-damage|p2b: Chandelure|64/100\n|-unboost|p2b: Chandelure|spd|1\n|move|p2b: Chandelure|Trick Room|p2b: Chandelure\n|-fieldstart|move: Trick Room|[of] p2b: Chandelure\n|\n|upkeep\n|turn|2\n|\n|t:|1776264086\n|move|p1a: Sinistcha|Rage Powder|p1a: Sinistcha\n|-singleturn|p1a: Sinistcha|move: Rage Powder\n|move|p2a: Empoleon|Ice Beam|p1a: Sinistcha\n|-supereffective|p1a: Sinistcha|1\n|-damage|p1a: Sinistcha|0 fnt\n|faint|p1a: Sinistcha\n|move|p2b: Chandelure|Mystical Fire|p1b: Sneasler\n|-damage|p1b: Sneasler|44/100\n|-unboost|p1b: Sneasler|spa|1\n|move|p1b: Sneasler|Close Combat|p2a: Empoleon\n|-supereffective|p2a: Empoleon|1\n|-enditem|p2a: Empoleon|Chople Berry|[eat]\n|-enditem|p2a: Empoleon|Chople Berry|[weaken]\n|-damage|p2a: Empoleon|33/100\n|-unboost|p1b: Sneasler|def|1\n|-unboost|p1b: Sneasler|spd|1\n|\n|upkeep\n|\n|t:|1776264103\n|switch|p1a: Starmie|Starmie, L50|100/100\n|turn|3\n|\n|t:|1776264112\n|switch|p1b: Pelipper|Pelipper, L50, M|100/100\n|-weather|RainDance|[from] ability: Drizzle|[of] p1b: Pelipper\n|detailschange|p1a: Starmie|Starmie-Mega, L50\n|-mega|p1a: Starmie|Starmie|Starminite\n|move|p1a: Starmie|Aqua Jet|p2b: Chandelure\n|-supereffective|p2b: Chandelure|1\n|-damage|p2b: Chandelure|0 fnt\n|-status|p1a: Starmie|brn|[from] ability: Flame Body|[of] p2b: Chandelure\n|faint|p2b: Chandelure\n|move|p2a: Empoleon|Flash Cannon|p1b: Pelipper\n|-resisted|p1b: Pelipper|1\n|-damage|p1b: Pelipper|73/100\n|\n|-weather|RainDance|[upkeep]\n|-damage|p1a: Starmie|95/100 brn|[from] brn\n|upkeep\n|\n|t:|1776264128\n|switch|p2b: Tyranitar|Tyranitar, L50, F|100/100\n|-weather|Sandstorm|[from] ability: Sand Stream|[of] p2b: Tyranitar\n|turn|4\n|inactive|showlesk has 30 seconds left.\n|\n|t:|1776264159\n|move|p1b: Pelipper|Protect|p1b: Pelipper\n|-singleturn|p1b: Pelipper|Protect\n|move|p2b: Tyranitar|Knock Off|p1a: Starmie\n|-supereffective|p1a: Starmie|1\n|-damage|p1a: Starmie|9/100 brn\n|move|p2a: Empoleon|Ice Beam|p1b: Pelipper\n|-activate|p1b: Pelipper|move: Protect\n|move|p1a: Starmie|Liquidation|p2b: Tyranitar\n|-supereffective|p2b: Tyranitar|1\n|-damage|p2b: Tyranitar|51/100\n|\n|-weather|Sandstorm|[upkeep]\n|-damage|p1b: Pelipper|67/100|[from] Sandstorm\n|-damage|p1a: Starmie|3/100 brn|[from] Sandstorm\n|-damage|p1a: Starmie|0 fnt|[from] brn\n|faint|p1a: Starmie\n|upkeep\n|\n|t:|1776264165\n|switch|p1a: Sneasler|Sneasler, L50, M|44/100\n|turn|5\n|inactive|showlesk has 30 seconds left.\n|\n|t:|1776264192\n|move|p1a: Sneasler|Protect|p1a: Sneasler\n|-singleturn|p1a: Sneasler|Protect\n|move|p2b: Tyranitar|Knock Off|p1b: Pelipper\n|-damage|p1b: Pelipper|14/100\n|-enditem|p1b: Pelipper|Sharp Beak|[from] move: Knock Off|[of] p2b: Tyranitar\n|move|p2a: Empoleon|Ice Beam|p1b: Pelipper\n|-damage|p1b: Pelipper|0 fnt\n|faint|p1b: Pelipper\n|\n|-weather|Sandstorm|[upkeep]\n|-damage|p1a: Sneasler|39/100|[from] Sandstorm\n|-fieldend|move: Trick Room\n|upkeep\n|turn|6\n|\n|t:|1776264216\n|move|p1a: Sneasler|Close Combat|p2a: Empoleon\n|-supereffective|p2a: Empoleon|1\n|-damage|p2a: Empoleon|0 fnt\n|-unboost|p1a: Sneasler|def|1\n|-unboost|p1a: Sneasler|spd|1\n|faint|p2a: Empoleon\n|move|p2b: Tyranitar|Ice Punch|p1a: Sneasler\n|-damage|p1a: Sneasler|0 fnt\n|faint|p1a: Sneasler\n|\n|win|showlesk\n|raw|giubeppo's rating: 1282 &rarr; <strong>1264</strong><br />(-18 for losing)\n|raw|showlesk's rating: 1383 &rarr; <strong>1397</strong><br />(+14 for winning)\n",
  "uploadtime": 1776264226,
  "views": 59,
  "formatid": "gen9championsvgc2026regma",
  "rating": 1264,
  "private": 0,
  "password": null
}