{
  "id": "gen9championsvgc2026regma-2584458497",
  "format": "[Gen 9 Champions] VGC 2026 Reg M-A",
  "players": [
    "Catapulta_1",
    "PyroCinAltar"
  ],
  "log": "|j|\u2606Catapulta_1\n|j|\u2606PyroCinAltar\n|t:|1776262269\n|gametype|doubles\n|player|p1|Catapulta_1|miku-ghost|1111\n|player|p2|PyroCinAltar|nate|1141\n|gen|9\n|tier|[Gen 9 Champions] VGC 2026 Reg M-A\n|rated|\n|rule|Species Clause: Limit one of each Pok\u00e9mon\n|rule|Item Clause: Limit 1 of each item\n|clearpoke\n|poke|p1|Crabominable, L50, M|\n|poke|p1|Hatterene, L50, F|\n|poke|p1|Zoroark-Hisui, L50, F|\n|poke|p1|Araquanid, L50, F|\n|poke|p1|Corviknight, L50, F|\n|poke|p1|Garchomp, L50, F|\n|poke|p2|Garchomp, L50, F|\n|poke|p2|Tyranitar, L50, M|\n|poke|p2|Rotom-Wash, L50|\n|poke|p2|Sinistcha, L50|\n|poke|p2|Sneasler, L50, F|\n|poke|p2|Volcarona, L50, M|\n|teampreview|4\n|inactive|Battle timer is ON: inactive players will automatically lose when time's up. (requested by PyroCinAltar)\n|inactive|PyroCinAltar has 60 seconds left.\nPyroCinAltar has agreed to open team sheets.\nCatapulta_1 has agreed to open team sheets.\n|showteam|p1|Crabominable||Crabominite|IronFist|IcePunch,Liquidation,Protect,DrainPunch|||M|||50|]Hatterene||BabiriBerry|MagicBounce|DazzlingGleam,TrickRoom,HelpingHand,Protect|||F|||50|]Zoroark-Hisui||BlackGlasses|Illusion|ShadowBall,HyperVoice,Protect,Extrasensory|||F|||50|]Araquanid||MysticWater|WaterBubble|Liquidation,LeechLife,WideGuard,Reflect|||F|||50|]Corviknight||Leftovers|MirrorArmor|BodyPress,BulkUp,BraveBird,Tailwind|||F|||50|]Garchomp||SoftSand|RoughSkin|Earthquake,DragonClaw,Protect,RockSlide|||F|||50|\n|showteam|p2|Garchomp||ChoiceScarf|SandVeil|Earthquake,DragonClaw,IronHead,RockSlide|||F|||50|]Tyranitar||Tyranitarite|SandStream|KnockOff,RockSlide,Protect,Earthquake|||M|||50|]Rotom-Wash||Leftovers|Levitate|WillOWisp,Electroweb,Thunderbolt,HydroPump||||||50|]Sinistcha||OccaBerry|Hospitality|MatchaGotcha,LifeDew,Protect,ShadowBall||||||50|]Sneasler||FocusSash|Unburden|DireClaw,CloseCombat,Protect,FakeOut|||F|||50|]Volcarona||MentalHerb|FlameBody|StruggleBug,FieryDance,Protect,Tailwind|||M|||50|\n|inactive|PyroCinAltar has 30 seconds left.\n|inactive|PyroCinAltar has 20 seconds left.\n|inactive|PyroCinAltar has 15 seconds left.\n|\n|t:|1776262348\n|teamsize|p1|4\n|teamsize|p2|4\n|start\n|switch|p1a: TerremotoParaTodos|Garchomp, L50, F|100/100\n|switch|p1b: GoldSwellow|Corviknight, L50, F, shiny|100/100\n|switch|p2a: Rotom|Rotom-Wash, L50|100/100\n|switch|p2b: Volcarona|Volcarona, L50, M|100/100\n|turn|1\n|inactive|Catapulta_1 has 30 seconds left.\n|inactive|Catapulta_1 has 20 seconds left.\n|inactive|Catapulta_1 has 15 seconds left.\n|inactive|Catapulta_1 has 10 seconds left.\n|inactive|Catapulta_1 has 5 seconds left.\n|\n|t:|1776262400\n|switch|p1b: MagicWall|Hatterene, L50, F|100/100\n|move|p2b: Volcarona|Protect|p2b: Volcarona\n|-singleturn|p2b: Volcarona|Protect\n|move|p1a: TerremotoParaTodos|Rock Slide|p2a: Rotom|[spread] p2a\n|-activate|p2b: Volcarona|move: Protect\n|-damage|p2a: Rotom|81/100\n|cant|p2a: Rotom|flinch\n|\n|-heal|p2a: Rotom|86/100|[from] item: Leftovers\n|upkeep\n|turn|2\n|\n|t:|1776262416\n|switch|p2b: Garchomp|Garchomp, L50, F|100/100\n|move|p1b: MagicWall|Helping Hand|p1a: TerremotoParaTodos\n|-singleturn|p1a: TerremotoParaTodos|Helping Hand|[of] p1b: MagicWall\n|move|p1a: TerremotoParaTodos|Rock Slide|p2a: Rotom|[spread] p2a,p2b\n|-resisted|p2b: Garchomp|1\n|-damage|p2a: Rotom|55/100\n|-damage|p2b: Garchomp|86/100\n|move|p2a: Rotom|Will-O-Wisp|p1a: TerremotoParaTodos\n|-status|p1a: TerremotoParaTodos|brn\n|\n|-heal|p2a: Rotom|61/100|[from] item: Leftovers\n|-damage|p1a: TerremotoParaTodos|94/100 brn|[from] brn\n|upkeep\n|turn|3\n|\n|t:|1776262443\n|switch|p1a: DipsyDipsy|Araquanid, L50, F, shiny|100/100\n|move|p2b: Garchomp|Iron Head|p1b: MagicWall\n|-supereffective|p1b: MagicWall|1\n|-enditem|p1b: MagicWall|Babiri Berry|[eat]\n|-enditem|p1b: MagicWall|Babiri Berry|[weaken]\n|-damage|p1b: MagicWall|76/100\n|move|p2a: Rotom|Thunderbolt|p1b: MagicWall\n|-damage|p1b: MagicWall|35/100\n|move|p1b: MagicWall|Trick Room|p1b: MagicWall\n|-fieldstart|move: Trick Room|[of] p1b: MagicWall\n|\n|-heal|p2a: Rotom|67/100|[from] item: Leftovers\n|upkeep\n|turn|4\n|\n|t:|1776262467\n|switch|p2b: Volcarona|Volcarona, L50, M|100/100\n|move|p1b: MagicWall|Dazzling Gleam|p2b: Volcarona|[spread] p2a,p2b\n|-resisted|p2b: Volcarona|1\n|-damage|p2a: Rotom|42/100\n|-damage|p2b: Volcarona|86/100\n|move|p1a: DipsyDipsy|Liquidation|p2b: Volcarona\n|-supereffective|p2b: Volcarona|1\n|-damage|p2b: Volcarona|0 fnt\n|faint|p2b: Volcarona\n|move|p2a: Rotom|Will-O-Wisp|p1a: DipsyDipsy\n|-immune|p1a: DipsyDipsy|[from] ability: Water Bubble\n|\n|-heal|p2a: Rotom|48/100|[from] item: Leftovers\n|upkeep\n|\n|t:|1776262480\n|switch|p2b: Tyranitar|Tyranitar, L50, M|100/100\n|-weather|Sandstorm|[from] ability: Sand Stream|[of] p2b: Tyranitar\n|turn|5\n|inactive|Catapulta_1 has 30 seconds left.\n|\n|t:|1776262511\n|move|p2b: Tyranitar|Protect|p2b: Tyranitar\n|-singleturn|p2b: Tyranitar|Protect\n|move|p1b: MagicWall|Dazzling Gleam|p2b: Tyranitar|[spread] p2a\n|-activate|p2b: Tyranitar|move: Protect\n|-damage|p2a: Rotom|20/100\n|move|p1a: DipsyDipsy|Liquidation|p2b: Tyranitar\n|-activate|p2b: Tyranitar|move: Protect\n|move|p2a: Rotom|Thunderbolt|p1a: DipsyDipsy\n|-supereffective|p1a: DipsyDipsy|1\n|-damage|p1a: DipsyDipsy|28/100\n|\n|-weather|Sandstorm|[upkeep]\n|-damage|p1b: MagicWall|29/100|[from] Sandstorm\n|-damage|p1a: DipsyDipsy|22/100|[from] Sandstorm\n|-damage|p2a: Rotom|15/100|[from] Sandstorm\n|-heal|p2a: Rotom|20/100|[from] item: Leftovers\n|upkeep\n|turn|6\n|\n|t:|1776262529\n|detailschange|p2b: Tyranitar|Tyranitar-Mega, L50, M\n|-mega|p2b: Tyranitar|Tyranitar|Tyranitarite\n|move|p1b: MagicWall|Dazzling Gleam|p2a: Rotom|[spread] p2a,p2b\n|-supereffective|p2b: Tyranitar|1\n|-damage|p2a: Rotom|0 fnt\n|-damage|p2b: Tyranitar|74/100\n|faint|p2a: Rotom\n|move|p1a: DipsyDipsy|Liquidation|p2b: Tyranitar\n|-supereffective|p2b: Tyranitar|1\n|-damage|p2b: Tyranitar|0 fnt\n|faint|p2b: Tyranitar\n|\n|-weather|Sandstorm|[upkeep]\n|-damage|p1b: MagicWall|23/100|[from] Sandstorm\n|-damage|p1a: DipsyDipsy|17/100|[from] Sandstorm\n|upkeep\n|-message|PyroCinAltar forfeited.\n|\n|win|Catapulta_1\n|raw|Catapulta_1's rating: 1111 &rarr; <strong>1138</strong><br />(+27 for winning)\n|raw|PyroCinAltar's rating: 1141 &rarr; <strong>1114</strong><br />(-27 for losing)\n|l|\u2606PyroCinAltar\n|player|p2|\n|c|\u2606Catapulta_1|ggs\n",
  "uploadtime": 1776262654,
  "views": 24,
  "formatid": "gen9championsvgc2026regma",
  "rating": 1114,
  "private": 0,
  "password": null
}