{
  "id": "gen9championsvgc2026regma-2585439253",
  "format": "[Gen 9 Champions] VGC 2026 Reg M-A",
  "players": [
    "Pyro.D.Mario",
    "penledzuu"
  ],
  "log": "|j|\u2606Pyro.D.Mario\n|j|\u2606penledzuu\n|t:|1776347374\n|gametype|doubles\n|player|p1|Pyro.D.Mario|benga|1157\n|player|p2|penledzuu|ninjaboy|1148\n|gen|9\n|tier|[Gen 9 Champions] VGC 2026 Reg M-A\n|rated|\n|rule|Species Clause: Limit one of each Pok\u00e9mon\n|rule|Item Clause: Limit 1 of each item\n|clearpoke\n|poke|p1|Sableye, L50, M|\n|poke|p1|Charizard, L50, M|\n|poke|p1|Espathra, L50, M|\n|poke|p1|Lucario, L50, M|\n|poke|p1|Gardevoir, L50, M|\n|poke|p1|Milotic, L50, M|\n|poke|p2|Gengar, L50, F|\n|poke|p2|Gardevoir, L50, F|\n|poke|p2|Arcanine-Hisui, L50, M|\n|poke|p2|Charizard, L50, M|\n|poke|p2|Machamp, L50, F|\n|poke|p2|Sneasler, L50, F|\n|teampreview|4\n|inactive|Battle timer is ON: inactive players will automatically lose when time's up. (requested by penledzuu)\n|inactive|Pyro.D.Mario has 60 seconds left.\n|\n|t:|1776347421\n|teamsize|p1|4\n|teamsize|p2|4\n|start\n|switch|p1a: Lucario|Lucario, L50, M, shiny|100/100\n|switch|p1b: Sableye|Sableye, L50, M, shiny|100/100\n|switch|p2a: Gengar|Gengar, L50, F, shiny|100/100\n|switch|p2b: Gardevoir|Gardevoir, L50, F|100/100\n|-ability|p2b: Gardevoir|Inner Focus|Trace|[from] ability: Trace|[of] p1a: Lucario\n|turn|1\n|inactive|penledzuu has 30 seconds left.\n|inactive|penledzuu has 20 seconds left.\n|inactive|penledzuu has 15 seconds left.\n|inactive|penledzuu has 10 seconds left.\n|\n|t:|1776347467\n|detailschange|p1a: Lucario|Lucario-Mega, L50, M, shiny\n|-mega|p1a: Lucario|Lucario|Lucarionite\n|move|p1b: Sableye|Fake Out|p2b: Gardevoir\n|-damage|p2b: Gardevoir|87/100\n|move|p1a: Lucario|Meteor Mash|p2a: Gengar\n|-enditem|p2a: Gengar|Focus Sash\n|-damage|p2a: Gengar|1/100\n|-boost|p1a: Lucario|atk|1\n|-start|p1a: Lucario|Disable|Meteor Mash|[from] ability: Cursed Body|[of] p2a: Gengar\n|move|p2a: Gengar|Shadow Ball|p1b: Sableye\n|-damage|p1b: Sableye|43/100\n|move|p2b: Gardevoir|Moonblast|p1b: Sableye\n|-supereffective|p1b: Sableye|1\n|-enditem|p1b: Sableye|Roseli Berry|[eat]\n|-enditem|p1b: Sableye|Roseli Berry|[weaken]\n|-damage|p1b: Sableye|0 fnt\n|faint|p1b: Sableye\n|\n|upkeep\n|inactive|Pyro.D.Mario has 30 seconds left.\n|\n|t:|1776347500\n|switch|p1b: Gardevoir|Gardevoir, L50, M, shiny|100/100\n|turn|2\n|\n|t:|1776347513\n|move|p1b: Gardevoir|Shadow Ball|p2b: Gardevoir\n|-supereffective|p2b: Gardevoir|1\n|-damage|p2b: Gardevoir|31/100\n|-enditem|p2b: Gardevoir|Sitrus Berry|[eat]\n|-heal|p2b: Gardevoir|56/100|[from] item: Sitrus Berry\n|move|p1a: Lucario|Stone Edge|p2a: Gengar\n|-damage|p2a: Gengar|0 fnt\n|faint|p2a: Gengar\n|move|p2b: Gardevoir|Moonblast|p1a: Lucario\n|-damage|p1a: Lucario|12/100\n|\n|upkeep\n|\n|t:|1776347530\n|switch|p2a: Sneasler|Sneasler, L50, F|100/100\n|turn|3\n|inactive|penledzuu has 30 seconds left.\n|inactive|penledzuu has 20 seconds left.\n|\n|t:|1776347566\n|switch|p1b: Milotic|Milotic, L50, M, shiny|100/100\n|move|p1a: Lucario|Detect|p1a: Lucario\n|-singleturn|p1a: Lucario|Protect\n|move|p2a: Sneasler|Dire Claw|p1b: Milotic\n|-damage|p1b: Milotic|40/100\n|move|p2b: Gardevoir|Mystical Fire|p1a: Lucario\n|-activate|p1a: Lucario|move: Protect\n|\n|-heal|p1b: Milotic|46/100|[from] item: Leftovers\n|upkeep\n|turn|4\n|\n|t:|1776347588\n|switch|p1a: Gardevoir|Gardevoir, L50, M, shiny|100/100\n|move|p1b: Milotic|Protect|p1b: Milotic\n|-singleturn|p1b: Milotic|Protect\n|move|p2a: Sneasler|Close Combat|p1a: Gardevoir\n|-resisted|p1a: Gardevoir|2\n|-damage|p1a: Gardevoir|69/100\n|-unboost|p2a: Sneasler|def|1\n|-unboost|p2a: Sneasler|spd|1\n|-enditem|p2a: Sneasler|White Herb\n|-clearnegativeboost|p2a: Sneasler|[silent]\n|move|p2b: Gardevoir|Mystical Fire|p1a: Gardevoir\n|-damage|p1a: Gardevoir|40/100\n|-unboost|p1a: Gardevoir|spa|1\n|\n|-heal|p1b: Milotic|52/100|[from] item: Leftovers\n|upkeep\n|turn|5\n|\n|t:|1776347608\n|move|p2a: Sneasler|Dire Claw|p1a: Gardevoir\n|-supereffective|p1a: Gardevoir|1\n|-damage|p1a: Gardevoir|0 fnt\n|faint|p1a: Gardevoir\n|move|p1b: Milotic|Hydro Pump|p2a: Sneasler\n|-damage|p2a: Sneasler|35/100\n|move|p2b: Gardevoir|Mystical Fire|p1b: Milotic\n|-resisted|p1b: Milotic|1\n|-damage|p1b: Milotic|40/100\n|-unboost|p1b: Milotic|spa|1\n|-ability|p1b: Milotic|Competitive|boost\n|-boost|p1b: Milotic|spa|2\n|\n|-heal|p1b: Milotic|46/100|[from] item: Leftovers\n|upkeep\n|\n|t:|1776347619\n|switch|p1a: Lucario|Lucario-Mega, L50, M, shiny|12/100\n|turn|6\n|\n|t:|1776347632\n|move|p2a: Sneasler|Acrobatics|p1a: Lucario\n|-damage|p1a: Lucario|0 fnt\n|faint|p1a: Lucario\n|move|p1b: Milotic|Hydro Pump|p2a: Sneasler|[miss]\n|-miss|p1b: Milotic|p2a: Sneasler\n|move|p2b: Gardevoir|Moonblast|p1b: Milotic\n|-damage|p1b: Milotic|0 fnt\n|faint|p1b: Milotic\n|\n|win|penledzuu\n|raw|Pyro.D.Mario's rating: 1157 &rarr; <strong>1131</strong><br />(-26 for losing)\n|raw|penledzuu's rating: 1148 &rarr; <strong>1174</strong><br />(+26 for winning)\n|l|\u2606Pyro.D.Mario\n|player|p1|\n",
  "uploadtime": 1776347645,
  "views": 28,
  "formatid": "gen9championsvgc2026regma",
  "rating": 1131,
  "private": 0,
  "password": null
}