{
  "id": "gen9championsvgc2026regma-2580768579",
  "format": "[Gen 9 Champions] VGC 2026 Reg M-A",
  "players": [
    "1%ofGamblers",
    "Skabenroll"
  ],
  "log": "|j|\u26061%ofGamblers\n|j|\u2606Skabenroll\n|t:|1775930937\n|gametype|doubles\n|player|p1|1%ofGamblers|2|1091\n|player|p2|Skabenroll|alder|1139\n|gen|9\n|tier|[Gen 9 Champions] VGC 2026 Reg M-A\n|rated|\n|rule|Species Clause: Limit one of each Pok\u00e9mon\n|rule|Item Clause: Limit 1 of each item\n|clearpoke\n|poke|p1|Garchomp, L50, M|\n|poke|p1|Tyranitar, L50, M|\n|poke|p1|Aerodactyl, L50, F|\n|poke|p1|Gallade, L50, M|\n|poke|p1|Rotom-Wash, L50|\n|poke|p1|Sneasler, L50, M|\n|poke|p2|Lucario, L50, M|\n|poke|p2|Whimsicott, L50, F|\n|poke|p2|Dragonite, L50, M|\n|poke|p2|Pelipper, L50, F|\n|poke|p2|Archaludon, L50, M|\n|poke|p2|Basculegion, L50, M|\n|teampreview|4\n|\n|t:|1775930953\n|teamsize|p1|4\n|teamsize|p2|4\n|start\n|switch|p1a: Gallade|Gallade, L50, M|100/100\n|switch|p1b: Sneasler|Sneasler, L50, M|100/100\n|switch|p2a: Lucario|Lucario, L50, M|100/100\n|switch|p2b: Whimsicott|Whimsicott, L50, F|100/100\n|-ability|p1b: Sneasler|Pressure\n|turn|1\n|\n|t:|1775930974\n|move|p2b: Whimsicott|Protect|p2b: Whimsicott\n|-singleturn|p2b: Whimsicott|Protect\n|move|p2a: Lucario|Protect|p2a: Lucario\n|-singleturn|p2a: Lucario|Protect\n|move|p1a: Gallade|Triple Axel|p2b: Whimsicott\n|-activate|p2b: Whimsicott|move: Protect\n|move|p1b: Sneasler|Close Combat|p2a: Lucario\n|-activate|p2a: Lucario|move: Protect\n|\n|upkeep\n|turn|2\n|\n|t:|1775930993\n|switch|p2a: Basculegion|Basculegion, L50, M|100/100\n|move|p2b: Whimsicott|Tailwind|p2b: Whimsicott\n|-sidestart|p2: Skabenroll|move: Tailwind\n|move|p1a: Gallade|Triple Axel|p2b: Whimsicott\n|-supereffective|p2b: Whimsicott|1\n|-damage|p2b: Whimsicott|84/100\n|-supereffective|p2b: Whimsicott|1\n|-damage|p2b: Whimsicott|49/100\n|-supereffective|p2b: Whimsicott|1\n|-damage|p2b: Whimsicott|0 fnt\n|faint|p2b: Whimsicott\n|-hitcount|p2: Whimsicott|3\n|move|p1b: Sneasler|Close Combat|p2a: Basculegion\n|-immune|p2a: Basculegion\n|\n|upkeep\n|\n|t:|1775931002\n|switch|p2b: Pelipper|Pelipper, L50, F|100/100\n|-weather|RainDance|[from] ability: Drizzle|[of] p2b: Pelipper\n|turn|3\n|\n|t:|1775931019\n|switch|p1a: Tyranitar|Tyranitar, L50, M|100/100\n|-weather|Sandstorm|[from] ability: Sand Stream|[of] p1a: Tyranitar\n|switch|p1b: Garchomp|Garchomp, L50, M|100/100\n|move|p2a: Basculegion|Wave Crash|p1b: Garchomp\n|-damage|p1b: Garchomp|36/100\n|-damage|p2a: Basculegion|80/100|[from] Recoil\n|move|p2b: Pelipper|Weather Ball|p1a: Tyranitar\n|-damage|p1a: Tyranitar|90/100\n|\n|-weather|Sandstorm|[upkeep]\n|-damage|p2a: Basculegion|74/100|[from] Sandstorm\n|-damage|p2b: Pelipper|95/100|[from] Sandstorm\n|upkeep\n|turn|4\n|\n|t:|1775931048\n|move|p2b: Pelipper|Wide Guard|p2b: Pelipper\n|-singleturn|p2b: Pelipper|Wide Guard\n|move|p2a: Basculegion|Wave Crash|p1b: Garchomp\n|-damage|p1b: Garchomp|0 fnt\n|faint|p1b: Garchomp\n|-damage|p2a: Basculegion|63/100|[from] Recoil\n|move|p1a: Tyranitar|Knock Off|p2a: Basculegion\n|-supereffective|p2a: Basculegion|1\n|-damage|p2a: Basculegion|0 fnt\n|-enditem|p2a: Basculegion|Mystic Water|[from] move: Knock Off|[of] p1a: Tyranitar\n|faint|p2a: Basculegion\n|\n|-weather|Sandstorm|[upkeep]\n|-damage|p2b: Pelipper|89/100|[from] Sandstorm\n|upkeep\n|\n|t:|1775931070\n|switch|p1b: Gallade|Gallade, L50, M|100/100\n|switch|p2a: Lucario|Lucario, L50, M|100/100\n|turn|5\n|\n|t:|1775931109\n|detailschange|p2a: Lucario|Lucario-Mega, L50, M\n|-mega|p2a: Lucario|Lucario|Lucarionite\n|move|p1a: Tyranitar|Protect|p1a: Tyranitar\n|-singleturn|p1a: Tyranitar|Protect\n|move|p2a: Lucario|Ice Punch|p1b: Gallade\n|-damage|p1b: Gallade|59/100\n|move|p2b: Pelipper|Hurricane|p1b: Gallade|[miss]\n|-miss|p2b: Pelipper|p1b: Gallade\n|move|p1b: Gallade|Sacred Sword|p2a: Lucario\n|-supereffective|p2a: Lucario|1\n|-damage|p2a: Lucario|0 fnt\n|faint|p2a: Lucario\n|\n|-weather|Sandstorm|[upkeep]\n|-damage|p2b: Pelipper|83/100|[from] Sandstorm\n|-damage|p1b: Gallade|53/100|[from] Sandstorm\n|-sideend|p2: Skabenroll|move: Tailwind\n|upkeep\n|turn|6\n|-message|Skabenroll forfeited.\n|\n|win|1%ofGamblers\n|raw|1%ofGamblers's rating: 1091 &rarr; <strong>1121</strong><br />(+30 for winning)\n|raw|Skabenroll's rating: 1139 &rarr; <strong>1111</strong><br />(-28 for losing)\n|l|\u2606Skabenroll\n|player|p2|\n",
  "uploadtime": 1775931128,
  "views": 15,
  "formatid": "gen9championsvgc2026regma",
  "rating": 1111,
  "private": 0,
  "password": null
}