{
  "id": "gen9championsvgc2026regma-2582652453",
  "format": "[Gen 9 Champions] VGC 2026 Reg M-A",
  "players": [
    "megarekuzza",
    "bakaboy2016"
  ],
  "log": "|j|\u2606megarekuzza\n|j|\u2606bakaboy2016\n|t:|1776105092\n|gametype|doubles\n|player|p1|megarekuzza|brycenman|1050\n|player|p2|bakaboy2016|2|1146\n|gen|9\n|tier|[Gen 9 Champions] VGC 2026 Reg M-A\n|rated|\n|rule|Species Clause: Limit one of each Pok\u00e9mon\n|rule|Item Clause: Limit 1 of each item\n|clearpoke\n|poke|p1|Froslass, L50, F|\n|poke|p1|Palafin, L50, M|\n|poke|p1|Sneasler, L50, M|\n|poke|p1|Meowscarada, L50, F|\n|poke|p1|Incineroar, L50, M|\n|poke|p1|Maushold-Four, L50|\n|poke|p2|Sneasler, L50, M|\n|poke|p2|Kingambit, L50, M|\n|poke|p2|Clefable, L50, F|\n|poke|p2|Delphox, L50, M|\n|poke|p2|Dragonite, L50, F|\n|poke|p2|Basculegion, L50, M|\n|teampreview|4\n|\n|t:|1776105115\n|teamsize|p1|4\n|teamsize|p2|4\n|start\n|switch|p1a: Toxic claws \ud83d\ude08\ud83d\ude08|Sneasler, L50, M, shiny|100/100\n|switch|p1b: Liko's Masquernya|Meowscarada, L50, F|100/100\n|switch|p2a: Kingambit|Kingambit, L50, M|100/100\n|switch|p2b: Clefable|Clefable, L50, F|100/100\n|turn|1\n|\n|t:|1776105135\n|move|p2b: Clefable|Protect|p2b: Clefable\n|-singleturn|p2b: Clefable|Protect\n|move|p2a: Kingambit|Protect|p2a: Kingambit\n|-singleturn|p2a: Kingambit|Protect\n|move|p1a: Toxic claws \ud83d\ude08\ud83d\ude08|Fake Out|p2a: Kingambit\n|-activate|p2a: Kingambit|move: Protect\n|move|p1b: Liko's Masquernya|Knock Off|p2b: Clefable\n|-activate|p2b: Clefable|move: Protect\n|\n|upkeep\n|turn|2\n|\n|t:|1776105149\n|move|p1a: Toxic claws \ud83d\ude08\ud83d\ude08|Protect|p1a: Toxic claws \ud83d\ude08\ud83d\ude08\n|-singleturn|p1a: Toxic claws \ud83d\ude08\ud83d\ude08|Protect\n|move|p2b: Clefable|Follow Me|p2b: Clefable\n|-singleturn|p2b: Clefable|move: Follow Me\n|move|p1b: Liko's Masquernya|Taunt|p2b: Clefable\n|-start|p2b: Clefable|move: Taunt\n|move|p2a: Kingambit|Swords Dance|p2a: Kingambit\n|-boost|p2a: Kingambit|atk|2\n|\n|upkeep\n|turn|3\n|\n|t:|1776105171\n|move|p2a: Kingambit|Sucker Punch|p1a: Toxic claws \ud83d\ude08\ud83d\ude08\n|-resisted|p1a: Toxic claws \ud83d\ude08\ud83d\ude08|1\n|-crit|p1a: Toxic claws \ud83d\ude08\ud83d\ude08\n|-damage|p1a: Toxic claws \ud83d\ude08\ud83d\ude08|0 fnt\n|faint|p1a: Toxic claws \ud83d\ude08\ud83d\ude08\n|move|p1b: Liko's Masquernya|Knock Off|p2b: Clefable\n|-resisted|p2b: Clefable|1\n|-damage|p2b: Clefable|82/100\n|-enditem|p2b: Clefable|Sitrus Berry|[from] move: Knock Off|[of] p1b: Liko's Masquernya\n|move|p2b: Clefable|Moonblast|p1b: Liko's Masquernya\n|-supereffective|p1b: Liko's Masquernya|1\n|-damage|p1b: Liko's Masquernya|5/100\n|\n|upkeep\n|\n|t:|1776105181\n|switch|p1a: Wolfey|Incineroar, L50, M, shiny|100/100\n|-ability|p1a: Wolfey|Intimidate|boost\n|-unboost|p2a: Kingambit|atk|1\n|-ability|p2a: Kingambit|Defiant|boost\n|-boost|p2a: Kingambit|atk|2\n|-unboost|p2b: Clefable|atk|1\n|turn|4\n|\n|t:|1776105201\n|move|p2a: Kingambit|Protect|p2a: Kingambit\n|-singleturn|p2a: Kingambit|Protect\n|move|p1a: Wolfey|Fake Out|p2a: Kingambit\n|-activate|p2a: Kingambit|move: Protect\n|move|p1b: Liko's Masquernya|Flower Trick|p2b: Clefable\n|-crit|p2b: Clefable\n|-damage|p2b: Clefable|30/100\n|move|p2b: Clefable|Moonblast|p1b: Liko's Masquernya\n|-supereffective|p1b: Liko's Masquernya|1\n|-damage|p1b: Liko's Masquernya|0 fnt\n|faint|p1b: Liko's Masquernya\n|\n|upkeep\n|\n|t:|1776105210\n|switch|p1b: Girl Freeze'em|Froslass, L50, F|100/100\n|turn|5\n|\n|t:|1776105227\n|move|p1b: Girl Freeze'em|Protect|p1b: Girl Freeze'em\n|-singleturn|p1b: Girl Freeze'em|Protect\n|move|p2a: Kingambit|Sucker Punch||[still]\n|-fail|p2a: Kingambit\n|move|p1a: Wolfey|Flare Blitz|p2a: Kingambit\n|-supereffective|p2a: Kingambit|1\n|-damage|p2a: Kingambit|5/100\n|-status|p2a: Kingambit|brn\n|-damage|p1a: Wolfey|68/100|[from] Recoil\n|move|p2b: Clefable|Moonblast|p1a: Wolfey\n|-damage|p1a: Wolfey|36/100\n|\n|-damage|p2a: Kingambit|0 fnt|[from] brn\n|faint|p2a: Kingambit\n|-end|p2b: Clefable|move: Taunt\n|upkeep\n|\n|t:|1776105232\n|switch|p2a: Delphox|Delphox, L50, M|100/100\n|turn|6\n|\n|t:|1776105247\n|detailschange|p2a: Delphox|Delphox-Mega, L50, M\n|-mega|p2a: Delphox|Delphox|Delphoxite\n|move|p1b: Girl Freeze'em|Protect|p1b: Girl Freeze'em\n|-singleturn|p1b: Girl Freeze'em|Protect\n|move|p1a: Wolfey|Protect|p1a: Wolfey\n|-singleturn|p1a: Wolfey|Protect\n|move|p2b: Clefable|Follow Me|p2b: Clefable\n|-singleturn|p2b: Clefable|move: Follow Me\n|move|p2a: Delphox|Heat Wave|p1a: Wolfey|[spread] \n|-activate|p1a: Wolfey|move: Protect\n|-activate|p1b: Girl Freeze'em|move: Protect\n|\n|upkeep\n|turn|7\n|\n|t:|1776105266\n|detailschange|p1b: Girl Freeze'em|Froslass-Mega, L50, F\n|-mega|p1b: Girl Freeze'em|Froslass|Froslassite\n|-weather|Snowscape|[from] ability: Snow Warning|[of] p1b: Girl Freeze'em\n|move|p2b: Clefable|Helping Hand|p2a: Delphox\n|-singleturn|p2a: Delphox|Helping Hand|[of] p2b: Clefable\n|move|p2a: Delphox|Heat Wave|p1b: Girl Freeze'em|[spread] p1a,p1b\n|-resisted|p1a: Wolfey|1\n|-supereffective|p1b: Girl Freeze'em|1\n|-damage|p1a: Wolfey|2/100\n|-damage|p1b: Girl Freeze'em|0 fnt\n|faint|p1b: Girl Freeze'em\n|move|p1a: Wolfey|Flare Blitz|p2b: Clefable\n|-damage|p2b: Clefable|0 fnt\n|faint|p2b: Clefable\n|-damage|p1a: Wolfey|0 fnt|[from] Recoil\n|faint|p1a: Wolfey\n|\n|win|bakaboy2016\n|raw|megarekuzza's rating: 1050 &rarr; <strong>1037</strong><br />(-13 for losing)\n|raw|bakaboy2016's rating: 1146 &rarr; <strong>1164</strong><br />(+18 for winning)\n",
  "uploadtime": 1776105267,
  "views": 13,
  "formatid": "gen9championsvgc2026regma",
  "rating": 1037,
  "private": 0,
  "password": null
}