{
  "id": "gen9championsvgc2026regma-2587781551",
  "format": "[Gen 9 Champions] VGC 2026 Reg M-A",
  "players": [
    "ArKaneVGC",
    "MRC \u2022 Smeargle"
  ],
  "log": "|j|\u2606ArKaneVGC\n|j|\u2606MRC \u2022 Smeargle\n|t:|1776563394\n|gametype|doubles\n|player|p1|ArKaneVGC|#smogonxnpa2025draftee|\n|player|p2|MRC \u2022 Smeargle|richboy|\n|gen|9\n|tier|[Gen 9 Champions] VGC 2026 Reg M-A\n|rated|Tournament battle\n|rule|Species Clause: Limit one of each Pok\u00e9mon\n|rule|Item Clause: Limit 1 of each item\n|raw|<div class=\"infobox\"><details class=\"readmore\" open><summary><strong>1 custom rule:</strong></summary> Force Open Team Sheets</details></div>\n|clearpoke\n|poke|p1|Sneasler, L50, F|\n|poke|p1|Kingambit, L50, M|\n|poke|p1|Sinistcha, L50|\n|poke|p1|Incineroar, L50, F|\n|poke|p1|Floette-Eternal, L50, F|\n|poke|p1|Aerodactyl, L50, M|\n|poke|p2|Farigiraf, L50, M|\n|poke|p2|Crabominable, L50, M|\n|poke|p2|Torkoal, L50, F|\n|poke|p2|Sinistcha, L50|\n|poke|p2|Incineroar, L50, F|\n|poke|p2|Floette-Eternal, L50, F|\n|teampreview|4\n|showteam|p1|Sneasler||WhiteHerb|Unburden|DireClaw,CloseCombat,FakeOut,Protect|||F|||50|]Kingambit||BlackGlasses|Defiant|KowtowCleave,IronHead,SuckerPunch,Protect|||M|||50|]Sinistcha||SitrusBerry|Hospitality|MatchaGotcha,RagePowder,TrickRoom,LifeDew||||||50|]Incineroar||ChopleBerry|Intimidate|FlareBlitz,WillOWisp,FakeOut,PartingShot|||F|||50|]Floette-Eternal||Floettite|FlowerVeil|Moonblast,DazzlingGleam,CalmMind,Protect|||F|||50|]Aerodactyl||FocusSash|Unnerve|RockSlide,DualWingbeat,Tailwind,Protect|||M|||50|\n|showteam|p2|Farigiraf||MentalHerb|ArmorTail|HyperVoice,Psychic,TrickRoom,HelpingHand|||M|||50|]Crabominable||Crabominite|HyperCutter|IceHammer,DrainPunch,MachPunch,Protect|||M|||50|]Torkoal||Charcoal|Drought|Eruption,HeatWave,EarthPower,Protect|||F|||50|]Sinistcha||ColburBerry|Hospitality|MatchaGotcha,RagePowder,LifeDew,TrickRoom||||||50|]Incineroar||SitrusBerry|Intimidate|ThroatChop,CloseCombat,PartingShot,FakeOut|||F|||50|]Floette-Eternal||Floettite|FlowerVeil|Moonblast,DazzlingGleam,CalmMind,Protect|||F|||50|\n|inactive|Battle timer is ON: inactive players will automatically lose when time's up. (requested by ArKaneVGC)\n|inactive|MRC \u2022 Smeargle also wants the timer to be on.\n|inactive|MRC \u2022 Smeargle has 60 seconds left.\n|\n|t:|1776563447\n|teamsize|p1|4\n|teamsize|p2|4\n|start\n|switch|p1a: Floette|Floette-Eternal, L50, F|100/100\n|switch|p1b: Incineroar|Incineroar, L50, F|100/100\n|switch|p2a: Sinistcha|Sinistcha, L50|100/100\n|switch|p2b: Crabominable|Crabominable, L50, M|100/100\n|-ability|p1b: Incineroar|Intimidate|boost\n|-unboost|p2a: Sinistcha|atk|1\n|-fail|p2b: Crabominable|unboost|Attack|[from] ability: Hyper Cutter|[of] p2b: Crabominable\n|turn|1\n|inactive|ArKaneVGC has 30 seconds left.\n|\n|t:|1776563473\n|detailschange|p1a: Floette|Floette-Mega, L50, F\n|-mega|p1a: Floette|Floette|Floettite\n|-ability|p1a: Floette|Fairy Aura\n|move|p2b: Crabominable|Protect|p2b: Crabominable\n|-singleturn|p2b: Crabominable|Protect\n|move|p1a: Floette|Dazzling Gleam|p2a: Sinistcha|[spread] p2a\n|-activate|p2b: Crabominable|move: Protect\n|-damage|p2a: Sinistcha|63/100\n|move|p1b: Incineroar|Flare Blitz|p2a: Sinistcha\n|-supereffective|p2a: Sinistcha|1\n|-damage|p2a: Sinistcha|0 fnt\n|faint|p2a: Sinistcha\n|-damage|p1b: Incineroar|82/100|[from] Recoil\n|\n|upkeep\n|\n|t:|1776563491\n|switch|p2a: Farigiraf|Farigiraf, L50, M|100/100\n|turn|2\n|\n|t:|1776563498\n|detailschange|p2b: Crabominable|Crabominable-Mega, L50, M\n|-mega|p2b: Crabominable|Crabominable|Crabominite\n|move|p2b: Crabominable|Mach Punch|p1b: Incineroar\n|-supereffective|p1b: Incineroar|1\n|-enditem|p1b: Incineroar|Chople Berry|[eat]\n|-enditem|p1b: Incineroar|Chople Berry|[weaken]\n|-damage|p1b: Incineroar|52/100\n|move|p1a: Floette|Calm Mind|p1a: Floette\n|-boost|p1a: Floette|spa|1\n|-boost|p1a: Floette|spd|1\n|move|p1b: Incineroar|Will-O-Wisp|p2b: Crabominable\n|-status|p2b: Crabominable|brn\n|move|p2a: Farigiraf|Trick Room|p2a: Farigiraf\n|-fieldstart|move: Trick Room|[of] p2a: Farigiraf\n|\n|-damage|p2b: Crabominable|95/100 brn|[from] brn\n|upkeep\n|turn|3\n|\n|t:|1776563517\n|move|p2b: Crabominable|Ice Hammer|p1a: Floette\n|-damage|p1a: Floette|62/100\n|-unboost|p2b: Crabominable|spe|1\n|move|p2a: Farigiraf|Psychic|p1a: Floette\n|-damage|p1a: Floette|46/100\n|move|p1b: Incineroar|Parting Shot|p2b: Crabominable\n|-unboost|p2b: Crabominable|atk|1\n|-unboost|p2b: Crabominable|spa|1\n|\n|t:|1776563520\n|switch|p1b: Sinistcha|Sinistcha, L50|100/100|[from] Parting Shot\n|-heal|p1a: Floette|71/100|[from] ability: Hospitality|[of] p1b: Sinistcha\n|move|p1a: Floette|Moonblast|p2a: Farigiraf\n|-damage|p2a: Farigiraf|0 fnt\n|faint|p2a: Farigiraf\n|\n|-damage|p2b: Crabominable|89/100 brn|[from] brn\n|upkeep\n|j| indyssaviour\n|\n|t:|1776563522\n|switch|p2a: Torkoal|Torkoal, L50, F|100/100\n|-weather|SunnyDay|[from] ability: Drought|[of] p2a: Torkoal\n|turn|4\n|\n|t:|1776563529\n|move|p1a: Floette|Protect|p1a: Floette\n|-singleturn|p1a: Floette|Protect\n|move|p2b: Crabominable|Drain Punch|p1b: Sinistcha\n|-immune|p1b: Sinistcha\n|move|p2a: Torkoal|Eruption|p1a: Floette|[spread] p1b\n|-activate|p1a: Floette|move: Protect\n|-supereffective|p1b: Sinistcha|1\n|-damage|p1b: Sinistcha|0 fnt\n|faint|p1b: Sinistcha\n|\n|-weather|SunnyDay|[upkeep]\n|-damage|p2b: Crabominable|83/100 brn|[from] brn\n|upkeep\n|\n|t:|1776563534\n|switch|p1b: Incineroar|Incineroar, L50, F|52/100\n|-ability|p1b: Incineroar|Intimidate|boost\n|-unboost|p2a: Torkoal|atk|1\n|-unboost|p2b: Crabominable|atk|1\n|turn|5\n|\n|t:|1776563542\n|move|p1b: Incineroar|Fake Out|p2a: Torkoal\n|-damage|p2a: Torkoal|92/100\n|move|p2b: Crabominable|Ice Hammer|p1a: Floette\n|-crit|p1a: Floette\n|-damage|p1a: Floette|13/100\n|-unboost|p2b: Crabominable|spe|1\n|cant|p2a: Torkoal|flinch\n|move|p1a: Floette|Dazzling Gleam|p2b: Crabominable|[spread] p2a,p2b\n|-resisted|p2a: Torkoal|1\n|-supereffective|p2b: Crabominable|1\n|-damage|p2a: Torkoal|41/100\n|-damage|p2b: Crabominable|0 fnt\n|faint|p2b: Crabominable\n|\n|-weather|SunnyDay|[upkeep]\n|upkeep\n|turn|6\n|-message|MRC \u2022 Smeargle forfeited.\n|\n|win|ArKaneVGC\n|n|\u2606ArKaneVGC|arkanevgc\n|n|\u2606MRC \u2022 Smeargle|mrcsmeargle\n|n| indyssaviour|indyssaviour\n",
  "uploadtime": 1776563550,
  "views": 9,
  "formatid": "gen9championsvgc2026regma",
  "rating": null,
  "private": 0,
  "password": null
}