{
  "id": "gen9championsvgc2026regma-2583095942",
  "format": "[Gen 9 Champions] VGC 2026 Reg M-A",
  "players": [
    "wtfispayday2",
    "lowfatcoffee"
  ],
  "log": "|j|\u2606wtfispayday2\n|j|\u2606lowfatcoffee\n|t:|1776141497\n|gametype|doubles\n|player|p1|wtfispayday2|olivia|1083\n|player|p2|lowfatcoffee|102|1138\n|gen|9\n|tier|[Gen 9 Champions] VGC 2026 Reg M-A\n|rated|\n|rule|Species Clause: Limit one of each Pok\u00e9mon\n|rule|Item Clause: Limit 1 of each item\n|clearpoke\n|poke|p1|Gengar, L50, F|\n|poke|p1|Incineroar, L50, F|\n|poke|p1|Sinistcha, L50|\n|poke|p1|Kingambit, L50, F|\n|poke|p1|Blastoise, L50, M|\n|poke|p1|Ninetales-Alola, L50, M|\n|poke|p2|Charizard, L50, M|\n|poke|p2|Kingambit, L50, M|\n|poke|p2|Rotom-Wash, L50|\n|poke|p2|Sinistcha, L50|\n|poke|p2|Sneasler, L50, M|\n|poke|p2|Ninetales-Alola, L50, F|\n|teampreview|4\n|inactive|Battle timer is ON: inactive players will automatically lose when time's up. (requested by wtfispayday2)\n|\n|t:|1776141539\n|teamsize|p1|4\n|teamsize|p2|4\n|start\n|switch|p1a: Ninetales|Ninetales-Alola, L50, M|100/100\n|switch|p1b: Gengar|Gengar, L50, F|100/100\n|switch|p2a: Sneasler|Sneasler, L50, M, shiny|100/100\n|switch|p2b: Kingambit|Kingambit, L50, M, shiny|100/100\n|-weather|Snowscape|[from] ability: Snow Warning|[of] p1a: Ninetales\n|turn|1\n|\n|t:|1776141554\n|switch|p1b: Incineroar|Incineroar, L50, F|100/100\n|-ability|p1b: Incineroar|Intimidate|boost\n|-unboost|p2a: Sneasler|atk|1\n|-unboost|p2b: Kingambit|atk|1\n|-ability|p2b: Kingambit|Defiant|boost\n|-boost|p2b: Kingambit|atk|2\n|-enditem|p2a: Sneasler|White Herb\n|-clearnegativeboost|p2a: Sneasler|[silent]\n|move|p1a: Ninetales|Protect|p1a: Ninetales\n|-singleturn|p1a: Ninetales|Protect\n|move|p2a: Sneasler|Fake Out|p1a: Ninetales\n|-activate|p1a: Ninetales|move: Protect\n|move|p2b: Kingambit|Swords Dance|p2b: Kingambit\n|-boost|p2b: Kingambit|atk|2\n|\n|-weather|Snowscape|[upkeep]\n|upkeep\n|turn|2\n|inactive|lowfatcoffee has 30 seconds left.\n|\n|t:|1776141588\n|move|p1b: Incineroar|Fake Out|p2a: Sneasler\n|-damage|p2a: Sneasler|84/100\n|move|p2b: Kingambit|Sucker Punch||[still]\n|-fail|p2b: Kingambit\n|cant|p2a: Sneasler|flinch\n|move|p1a: Ninetales|Encore|p2b: Kingambit\n|-start|p2b: Kingambit|Encore\n|\n|-weather|Snowscape|[upkeep]\n|upkeep\n|turn|3\n|inactive|lowfatcoffee has 30 seconds left.\n|\n|t:|1776141622\n|move|p2b: Kingambit|Sucker Punch||[still]\n|-fail|p2b: Kingambit\n|move|p2a: Sneasler|Dire Claw|p1a: Ninetales\n|-supereffective|p1a: Ninetales|1\n|-enditem|p1a: Ninetales|Focus Sash\n|-damage|p1a: Ninetales|1/100\n|move|p1a: Ninetales|Aurora Veil|p1a: Ninetales\n|-sidestart|p1: wtfispayday2|move: Aurora Veil\n|move|p1b: Incineroar|Parting Shot|p2a: Sneasler\n|-unboost|p2a: Sneasler|atk|1\n|-unboost|p2a: Sneasler|spa|1\n|\n|t:|1776141636\n|switch|p1b: Gengar|Gengar, L50, F|100/100|[from] Parting Shot\n|\n|-weather|Snowscape|[upkeep]\n|upkeep\n|turn|4\n|inactive|lowfatcoffee has 30 seconds left.\n|inactive|lowfatcoffee has 20 seconds left.\n|\n|t:|1776141672\n|detailschange|p1b: Gengar|Gengar-Mega, L50, F\n|-mega|p1b: Gengar|Gengar|Gengarite\n|move|p2a: Sneasler|Protect|p2a: Sneasler\n|-singleturn|p2a: Sneasler|Protect\n|move|p1a: Ninetales|Protect|p1a: Ninetales\n|-singleturn|p1a: Ninetales|Protect\n|move|p2b: Kingambit|Sucker Punch||[still]\n|-fail|p2b: Kingambit\n|move|p1b: Gengar|Perish Song|p1b: Gengar\n|-start|p1a: Ninetales|perish3|[silent]\n|-start|p1b: Gengar|perish3|[silent]\n|-start|p2a: Sneasler|perish3|[silent]\n|-start|p2b: Kingambit|perish3|[silent]\n|-fieldactivate|move: Perish Song\n|\n|-weather|Snowscape|[upkeep]\n|-start|p2a: Sneasler|perish3\n|-start|p1b: Gengar|perish3\n|-start|p1a: Ninetales|perish3\n|-start|p2b: Kingambit|perish3\n|upkeep\n|turn|5\n|inactive|lowfatcoffee has 30 seconds left.\n|\n|t:|1776141706\n|switch|p1a: Incineroar|Incineroar, L50, F|100/100\n|-ability|p1a: Incineroar|Intimidate|boost\n|-unboost|p2a: Sneasler|atk|1\n|-unboost|p2b: Kingambit|atk|1\n|-ability|p2b: Kingambit|Defiant|boost\n|-boost|p2b: Kingambit|atk|2\n|move|p2b: Kingambit|Sucker Punch||[still]\n|-fail|p2b: Kingambit\n|move|p2a: Sneasler|Dire Claw|p1b: Gengar\n|-resisted|p1b: Gengar|2\n|-damage|p1b: Gengar|96/100\n|move|p1b: Gengar|Substitute|p1b: Gengar\n|-start|p1b: Gengar|Substitute\n|-damage|p1b: Gengar|72/100\n|\n|-weather|none\n|-end|p2b: Kingambit|Encore\n|-start|p2a: Sneasler|perish2\n|-start|p1b: Gengar|perish2\n|-start|p2b: Kingambit|perish2\n|upkeep\n|turn|6\n|inactive|lowfatcoffee has 30 seconds left.\n|\n|t:|1776141733\n|move|p1b: Gengar|Protect|p1b: Gengar\n|-singleturn|p1b: Gengar|Protect\n|move|p1a: Incineroar|Fake Out|p2b: Kingambit\n|-resisted|p2b: Kingambit|1\n|-damage|p2b: Kingambit|97/100\n|move|p2a: Sneasler|Close Combat|p1b: Gengar\n|-activate|p1b: Gengar|move: Protect\n|cant|p2b: Kingambit|flinch\n|\n|-start|p2a: Sneasler|perish1\n|-start|p1b: Gengar|perish1\n|-start|p2b: Kingambit|perish1\n|upkeep\n|turn|7\n|inactive|wtfispayday2 has 30 seconds left.\n|\n|t:|1776141761\n|switch|p1b: Ninetales|Ninetales-Alola, L50, M|1/100\n|-weather|Snowscape|[from] ability: Snow Warning|[of] p1b: Ninetales\n|move|p2a: Sneasler|Close Combat|p1b: Ninetales\n|-damage|p1b: Ninetales|0 fnt\n|-unboost|p2a: Sneasler|def|1\n|-unboost|p2a: Sneasler|spd|1\n|faint|p1b: Ninetales\n|move|p1a: Incineroar|Flare Blitz|p2a: Sneasler\n|-damage|p2a: Sneasler|0 fnt\n|faint|p2a: Sneasler\n|-damage|p1a: Incineroar|79/100|[from] Recoil\n|move|p2b: Kingambit|Kowtow Cleave|p1a: Incineroar\n|-resisted|p1a: Incineroar|1\n|-damage|p1a: Incineroar|39/100\n|-enditem|p1a: Incineroar|Sitrus Berry|[eat]\n|-heal|p1a: Incineroar|64/100|[from] item: Sitrus Berry\n|\n|-weather|Snowscape|[upkeep]\n|-start|p2b: Kingambit|perish0\n|-sideend|p1: wtfispayday2|move: Aurora Veil\n|upkeep\n|faint|p2b: Kingambit\n|\n|t:|1776141783\n|switch|p1b: Gengar|Gengar-Mega, L50, F|72/100\n|switch|p2a: Charizard|Charizard, L50, M, shiny|100/100\n|switch|p2b: Sinistcha|Sinistcha, L50|100/100\n|turn|8\n|inactive|wtfispayday2 has 30 seconds left.\n|inactive|wtfispayday2 has 20 seconds left.\n|inactive|wtfispayday2 has 15 seconds left.\n|\n|t:|1776141829\n|detailschange|p2a: Charizard|Charizard-Mega-X, L50, M, shiny\n|-mega|p2a: Charizard|Charizard|Charizardite X\n|move|p1b: Gengar|Shadow Ball|p2b: Sinistcha\n|-supereffective|p2b: Sinistcha|1\n|-enditem|p2b: Sinistcha|Kasib Berry|[eat]\n|-enditem|p2b: Sinistcha|Kasib Berry|[weaken]\n|-damage|p2b: Sinistcha|50/100\n|move|p2a: Charizard|Flare Blitz|p1b: Gengar\n|-damage|p1b: Gengar|0 fnt\n|faint|p1b: Gengar\n|-damage|p2a: Charizard|79/100|[from] Recoil\n|move|p1a: Incineroar|Parting Shot|p2a: Charizard\n|-unboost|p2a: Charizard|atk|1\n|-unboost|p2a: Charizard|spa|1\n|\n|t:|1776141838\n|switch|p1a: Kingambit|Kingambit, L50, F|100/100|[from] Parting Shot\n|-activate|p1a: Kingambit|ability: Supreme Overlord\n|-start|p1a: Kingambit|fallen2|[silent]\n|move|p2b: Sinistcha|Matcha Gotcha|p1a: Kingambit\n|-resisted|p1a: Kingambit|1\n|-damage|p1a: Kingambit|83/100\n|-heal|p2b: Sinistcha|60/100|[from] drain|[of] p1a: Kingambit\n|\n|-weather|Snowscape|[upkeep]\n|upkeep\n|\n|t:|1776141840\n|switch|p1b: Incineroar|Incineroar, L50, F|64/100\n|-ability|p1b: Incineroar|Intimidate|boost\n|-unboost|p2a: Charizard|atk|1\n|-unboost|p2b: Sinistcha|atk|1\n|turn|9\n|\n|t:|1776141861\n|move|p1a: Kingambit|Sucker Punch||[still]\n|-fail|p1a: Kingambit\n|move|p2a: Charizard|Dragon Dance|p2a: Charizard\n|-boost|p2a: Charizard|atk|1\n|-boost|p2a: Charizard|spe|1\n|move|p2b: Sinistcha|Life Dew|p2b: Sinistcha|[spread] p2a,p2b\n|-heal|p2a: Charizard|100/100\n|-heal|p2b: Sinistcha|85/100\n|move|p1b: Incineroar|Flare Blitz|p2b: Sinistcha\n|-supereffective|p2b: Sinistcha|1\n|-damage|p2b: Sinistcha|13/100\n|-status|p2b: Sinistcha|brn\n|-damage|p1b: Incineroar|43/100|[from] Recoil\n|\n|-weather|Snowscape|[upkeep]\n|-damage|p2b: Sinistcha|7/100 brn|[from] brn\n|upkeep\n|turn|10\n|inactive|wtfispayday2 has 30 seconds left.\n|inactive|lowfatcoffee has 30 seconds left.\n|inactive|wtfispayday2 has 20 seconds left.\n|inactive|lowfatcoffee has 20 seconds left.\n|inactive|lowfatcoffee has 15 seconds left.\n|\n|t:|1776141902\n|move|p1a: Kingambit|Sucker Punch|p2a: Charizard\n|-damage|p2a: Charizard|59/100\n|move|p2a: Charizard|Flare Blitz|p1a: Kingambit\n|-supereffective|p1a: Kingambit|1\n|-damage|p1a: Kingambit|12/100\n|-damage|p2a: Charizard|33/100|[from] Recoil\n|move|p2b: Sinistcha|Life Dew|p2b: Sinistcha|[spread] p2a,p2b\n|-heal|p2a: Charizard|58/100\n|-heal|p2b: Sinistcha|32/100 brn\n|move|p1b: Incineroar|Throat Chop|p2a: Charizard\n|-damage|p2a: Charizard|31/100\n|-start|p2a: Charizard|Throat Chop|[silent]\n|\n|-weather|Snowscape|[upkeep]\n|-damage|p2b: Sinistcha|26/100 brn|[from] brn\n|upkeep\n|turn|11\n|inactive|wtfispayday2 has 30 seconds left.\n|inactive|lowfatcoffee has 30 seconds left.\n|\n|t:|1776141933\n|move|p2a: Charizard|Dragon Dance|p2a: Charizard\n|-boost|p2a: Charizard|atk|1\n|-boost|p2a: Charizard|spe|1\n|move|p1b: Incineroar|Throat Chop|p2a: Charizard\n|-damage|p2a: Charizard|5/100\n|move|p2b: Sinistcha|Life Dew|p2b: Sinistcha|[spread] p2a,p2b\n|-heal|p2a: Charizard|30/100\n|-heal|p2b: Sinistcha|51/100 brn\n|move|p1a: Kingambit|Low Kick|p2a: Charizard\n|-damage|p2a: Charizard|0 fnt\n|faint|p2a: Charizard\n|\n|-weather|none\n|-damage|p2b: Sinistcha|45/100 brn|[from] brn\n|upkeep\n|turn|12\n|\n|t:|1776141950\n|move|p1a: Kingambit|Protect|p1a: Kingambit\n|-singleturn|p1a: Kingambit|Protect\n|move|p1b: Incineroar|Flare Blitz|p2b: Sinistcha\n|-supereffective|p2b: Sinistcha|1\n|-damage|p2b: Sinistcha|0 fnt\n|faint|p2b: Sinistcha\n|-damage|p1b: Incineroar|30/100|[from] Recoil\n|\n|win|wtfispayday2\n|raw|wtfispayday2's rating: 1083 &rarr; <strong>1115</strong><br />(+32 for winning)\n|raw|lowfatcoffee's rating: 1138 &rarr; <strong>1109</strong><br />(-29 for losing)\n|c|\u2606wtfispayday2|gg\n|l|\u2606lowfatcoffee\n|player|p2|\n",
  "uploadtime": 1776141962,
  "views": 17,
  "formatid": "gen9championsvgc2026regma",
  "rating": 1109,
  "private": 0,
  "password": null
}