{
  "id": "gen9championsvgc2026regma-2583701604",
  "format": "[Gen 9 Champions] VGC 2026 Reg M-A",
  "players": [
    "IanIsBored",
    "dugongpanda"
  ],
  "log": "|j|\u2606IanIsBored\n|j|\u2606dugongpanda\n|t:|1776191946\n|gametype|doubles\n|player|p1|IanIsBored|ethan|1023\n|player|p2|dugongpanda|265|1112\n|gen|9\n|tier|[Gen 9 Champions] VGC 2026 Reg M-A\n|rated|\n|rule|Species Clause: Limit one of each Pok\u00e9mon\n|rule|Item Clause: Limit 1 of each item\n|clearpoke\n|poke|p1|Farigiraf, L50, F|\n|poke|p1|Kingambit, L50, F|\n|poke|p1|Sinistcha, L50|\n|poke|p1|Incineroar, L50, F|\n|poke|p1|Golurk, L50|\n|poke|p1|Primarina, L50, F|\n|poke|p2|Meowstic, L50, M|\n|poke|p2|Alakazam, L50, M|\n|poke|p2|Clefable, L50, F|\n|poke|p2|Azumarill, L50, M|\n|poke|p2|Beedrill, L50, M|\n|poke|p2|Sinistcha, L50|\n|teampreview|4\n|inactive|Battle timer is ON: inactive players will automatically lose when time's up. (requested by IanIsBored)\n|\n|t:|1776191972\n|teamsize|p1|4\n|teamsize|p2|4\n|start\n|switch|p1a: Long Boi Slim|Farigiraf, L50, F|100/100\n|switch|p1b: The Emperor|Kingambit, L50, F|100/100\n|switch|p2a: Meowstic|Meowstic, L50, M|100/100\n|switch|p2b: Alakazam|Alakazam, L50, M|100/100\n|turn|1\n|\n|t:|1776191993\n|detailschange|p2b: Alakazam|Alakazam-Mega, L50, M\n|-mega|p2b: Alakazam|Alakazam|Alakazite\n|-ability|p2b: Alakazam|Armor Tail|Trace|[from] ability: Trace|[of] p1a: Long Boi Slim\n|move|p2a: Meowstic|Psychic Terrain|p2a: Meowstic\n|-fieldstart|move: Psychic Terrain\n|move|p1b: The Emperor|Sucker Punch||[still]\n|cant|p2b: Alakazam|ability: Armor Tail|Sucker Punch|[of] p1b: The Emperor\n|move|p2b: Alakazam|Focus Blast|p1b: The Emperor\n|-supereffective|p1b: The Emperor|2\n|-damage|p1b: The Emperor|0 fnt\n|faint|p1b: The Emperor\n|move|p1a: Long Boi Slim|Trick Room|p1a: Long Boi Slim\n|-fieldstart|move: Trick Room|[of] p1a: Long Boi Slim\n|\n|upkeep\n|\n|t:|1776192005\n|switch|p1b: Superman|Golurk, L50|100/100\n|turn|2\n|\n|t:|1776192016\n|detailschange|p1b: Superman|Golurk-Mega, L50\n|-mega|p1b: Superman|Golurk|Golurkite\n|move|p1a: Long Boi Slim|Hyper Voice|p2b: Alakazam|[spread] p2a,p2b\n|-damage|p2a: Meowstic|67/100\n|-damage|p2b: Alakazam|43/100\n|move|p1b: Superman|Headlong Rush|p2b: Alakazam\n|-damage|p2b: Alakazam|0 fnt\n|-unboost|p1b: Superman|def|1\n|-unboost|p1b: Superman|spd|1\n|faint|p2b: Alakazam\n|move|p2a: Meowstic|Expanding Force|p1b: Superman|[spread] p1a,p1b\n|-resisted|p1a: Long Boi Slim|1\n|-damage|p1a: Long Boi Slim|83/100\n|-damage|p1b: Superman|53/100\n|\n|upkeep\n|\n|t:|1776192034\n|switch|p2b: Azumarill|Azumarill, L50, M|100/100\n|turn|3\n|\n|t:|1776192047\n|move|p2b: Azumarill|Belly Drum|p2b: Azumarill\n|-damage|p2b: Azumarill|51/100\n|-setboost|p2b: Azumarill|atk|6|[from] move: Belly Drum\n|move|p1a: Long Boi Slim|Psychic|p2b: Azumarill\n|-damage|p2b: Azumarill|0 fnt\n|faint|p2b: Azumarill\n|move|p1b: Superman|Iron Head|p2a: Meowstic\n|-damage|p2a: Meowstic|29/100\n|move|p2a: Meowstic|Expanding Force|p1b: Superman|[spread] p1a,p1b\n|-resisted|p1a: Long Boi Slim|1\n|-damage|p1a: Long Boi Slim|65/100\n|-damage|p1b: Superman|8/100\n|\n|upkeep\n|\n|t:|1776192058\n|switch|p2b: Clefable|Clefable, L50, F|100/100\n|turn|4\n|\n|t:|1776192070\n|switch|p1b: Incineroar|Incineroar, L50, F|100/100\n|-ability|p1b: Incineroar|Intimidate|boost\n|-unboost|p2a: Meowstic|atk|1\n|-unboost|p2b: Clefable|atk|1\n|move|p2b: Clefable|Follow Me|p2b: Clefable\n|-singleturn|p2b: Clefable|move: Follow Me\n|move|p1a: Long Boi Slim|Hyper Voice|p2b: Clefable|[spread] p2a,p2b\n|-damage|p2a: Meowstic|0 fnt\n|-damage|p2b: Clefable|74/100\n|faint|p2a: Meowstic\n|\n|-heal|p2b: Clefable|80/100|[from] item: Leftovers\n|upkeep\n|turn|5\n|-message|dugongpanda forfeited.\n|\n|win|IanIsBored\n|raw|IanIsBored's rating: 1023 &rarr; <strong>1069</strong><br />(+46 for winning)\n|raw|dugongpanda's rating: 1112 &rarr; <strong>1081</strong><br />(-31 for losing)\n|l|\u2606dugongpanda\n|player|p2|\n",
  "uploadtime": 1776192085,
  "views": 16,
  "formatid": "gen9championsvgc2026regma",
  "rating": 1069,
  "private": 0,
  "password": null
}