{
  "id": "gen9championsvgc2026regma-2585677874",
  "format": "[Gen 9 Champions] VGC 2026 Reg M-A",
  "players": [
    "Kdog2025",
    "eatmorezombies"
  ],
  "log": "|j|\u2606Kdog2025\n|j|\u2606eatmorezombies\n|t:|1776363106\n|gametype|doubles\n|player|p1|Kdog2025|102|1176\n|player|p2|eatmorezombies|pokemonranger-gen4|1114\n|gen|9\n|tier|[Gen 9 Champions] VGC 2026 Reg M-A\n|rated|\n|rule|Species Clause: Limit one of each Pok\u00e9mon\n|rule|Item Clause: Limit 1 of each item\n|clearpoke\n|poke|p1|Zoroark-Hisui, L50, F|\n|poke|p1|Froslass, L50, F|\n|poke|p1|Sinistcha, L50|\n|poke|p1|Corviknight, L50, F|\n|poke|p1|Milotic, L50, F|\n|poke|p1|Rotom-Heat, L50|\n|poke|p2|Froslass, L50, F|\n|poke|p2|Mamoswine, L50, F|\n|poke|p2|Garganacl, L50, F|\n|poke|p2|Primarina, L50, F|\n|poke|p2|Dragapult, L50, F|\n|poke|p2|Incineroar, L50, F|\n|teampreview|4\n|inactive|Battle timer is ON: inactive players will automatically lose when time's up. (requested by eatmorezombies)\n|inactive|Kdog2025 has 60 seconds left.\n|\n|t:|1776363153\n|teamsize|p1|4\n|teamsize|p2|4\n|start\n|switch|p1a: Milotic|Milotic, L50, F|100/100\n|switch|p1b: Froslass|Froslass, L50, F|100/100\n|switch|p2a: Incineroar|Incineroar, L50, F, shiny|100/100\n|switch|p2b: Dragapult|Dragapult, L50, F, shiny|100/100\n|-ability|p2a: Incineroar|Intimidate|boost\n|-unboost|p1a: Milotic|atk|1\n|-ability|p1a: Milotic|Competitive|boost\n|-boost|p1a: Milotic|spa|2\n|-unboost|p1b: Froslass|atk|1\n|turn|1\n|\n|t:|1776363172\n|move|p2a: Incineroar|Fake Out|p1a: Milotic\n|-damage|p1a: Milotic|90/100\n|move|p2b: Dragapult|Dragon Dance|p2b: Dragapult\n|-boost|p2b: Dragapult|atk|1\n|-boost|p2b: Dragapult|spe|1\n|move|p1b: Froslass|Bitter Malice|p2b: Dragapult\n|-supereffective|p2b: Dragapult|1\n|-enditem|p2b: Dragapult|Focus Sash\n|-damage|p2b: Dragapult|1/100\n|cant|p1a: Milotic|flinch\n|\n|-heal|p1a: Milotic|96/100|[from] item: Leftovers\n|upkeep\n|turn|2\n|\n|t:|1776363194\n|move|p2b: Dragapult|Phantom Force||[still]\n|-prepare|p2b: Dragapult|Phantom Force\n|move|p1b: Froslass|Bitter Malice|p2b: Dragapult|[miss]\n|-miss|p1b: Froslass|p2b: Dragapult\n|move|p2a: Incineroar|Snarl|p1b: Froslass|[spread] p1a,p1b\n|-supereffective|p1b: Froslass|1\n|-damage|p1a: Milotic|87/100\n|-damage|p1b: Froslass|58/100\n|-unboost|p1a: Milotic|spa|1\n|-ability|p1a: Milotic|Competitive|boost\n|-boost|p1a: Milotic|spa|2\n|-unboost|p1b: Froslass|spa|1\n|replace|p1b: Zoroark|Zoroark-Hisui, L50, F\n|-end|p1b: Zoroark|Illusion\n|move|p1a: Milotic|Scald|p2a: Incineroar\n|-supereffective|p2a: Incineroar|1\n|-damage|p2a: Incineroar|0 fnt\n|faint|p2a: Incineroar\n|\n|-heal|p1a: Milotic|93/100|[from] item: Leftovers\n|upkeep\n|\n|t:|1776363212\n|switch|p2a: Primarina|Primarina, L50, F|100/100\n|turn|3\n|\n|t:|1776363221\n|move|p2b: Dragapult|Phantom Force|p1b: Zoroark|[from] lockedmove\n|-immune|p1b: Zoroark\n|move|p2a: Primarina|Dazzling Gleam|p1a: Milotic|[spread] p1a,p1b\n|-damage|p1a: Milotic|72/100\n|-damage|p1b: Zoroark|0 fnt\n|faint|p1b: Zoroark\n|move|p1a: Milotic|Icy Wind|p2a: Primarina|[spread] p2a,p2b\n|-resisted|p2a: Primarina|1\n|-supereffective|p2b: Dragapult|1\n|-damage|p2a: Primarina|86/100\n|-damage|p2b: Dragapult|0 fnt\n|-unboost|p2a: Primarina|spe|1\n|faint|p2b: Dragapult\n|\n|-heal|p1a: Milotic|78/100|[from] item: Leftovers\n|upkeep\n|\n|t:|1776363229\n|switch|p2b: Froslass|Froslass, L50, F|100/100\n|switch|p1b: Froslass|Froslass, L50, F|100/100\n|turn|4\n|\n|t:|1776363243\n|detailschange|p1b: Froslass|Froslass-Mega, L50, F\n|-mega|p1b: Froslass|Froslass|Froslassite\n|-weather|Snowscape|[from] ability: Snow Warning|[of] p1b: Froslass\n|detailschange|p2b: Froslass|Froslass-Mega, L50, F\n|-mega|p2b: Froslass|Froslass|Froslassite\n|move|p1b: Froslass|Thunderbolt|p2a: Primarina\n|-supereffective|p2a: Primarina|1\n|-damage|p2a: Primarina|21/100\n|move|p2b: Froslass|Aurora Veil|p2b: Froslass\n|-sidestart|p2: eatmorezombies|move: Aurora Veil\n|move|p2a: Primarina|Dazzling Gleam|p1a: Milotic|[spread] p1a,p1b\n|-damage|p1a: Milotic|54/100\n|-damage|p1b: Froslass|62/100\n|move|p1a: Milotic|Scald|p2b: Froslass\n|-damage|p2b: Froslass|29/100\n|\n|-weather|Snowscape|[upkeep]\n|-heal|p1a: Milotic|60/100|[from] item: Leftovers\n|upkeep\n|turn|5\n|\n|t:|1776363266\n|move|p2b: Froslass|Blizzard|p1a: Milotic|[spread] p1a,p1b\n|-resisted|p1a: Milotic|1\n|-resisted|p1b: Froslass|1\n|-damage|p1a: Milotic|41/100\n|-damage|p1b: Froslass|31/100\n|move|p1b: Froslass|Thunderbolt|p2a: Primarina\n|-supereffective|p2a: Primarina|1\n|-damage|p2a: Primarina|0 fnt\n|faint|p2a: Primarina\n|move|p1a: Milotic|Scald|p2b: Froslass\n|-damage|p2b: Froslass|0 fnt\n|faint|p2b: Froslass\n|\n|win|Kdog2025\n|raw|Kdog2025's rating: 1176 &rarr; <strong>1197</strong><br />(+21 for winning)\n|raw|eatmorezombies's rating: 1114 &rarr; <strong>1093</strong><br />(-21 for losing)\n|l|\u2606eatmorezombies\n|player|p2|\n",
  "uploadtime": 1776363325,
  "views": 22,
  "formatid": "gen9championsvgc2026regma",
  "rating": 1093,
  "private": 0,
  "password": null
}