{
  "id": "gen9championsvgc2026regma-2583885188",
  "format": "[Gen 9 Champions] VGC 2026 Reg M-A",
  "players": [
    "retrojp",
    "slmngrg"
  ],
  "log": "|j|\u2606retrojp\n|j|\u2606slmngrg\n|t:|1776205405\n|gametype|doubles\n|player|p1|retrojp|101|1103\n|player|p2|slmngrg|ghetsis-gen5bw|1129\n|gen|9\n|tier|[Gen 9 Champions] VGC 2026 Reg M-A\n|rated|\n|rule|Species Clause: Limit one of each Pok\u00e9mon\n|rule|Item Clause: Limit 1 of each item\n|clearpoke\n|poke|p1|Tyranitar, L50, M|\n|poke|p1|Corviknight, L50, M|\n|poke|p1|Primarina, L50, F|\n|poke|p1|Incineroar, L50, M|\n|poke|p1|Excadrill, L50, M|\n|poke|p1|Sinistcha, L50|\n|poke|p2|Pelipper, L50, M|\n|poke|p2|Garchomp, L50, F|\n|poke|p2|Aggron, L50, M|\n|poke|p2|Archaludon, L50, M|\n|poke|p2|Primarina, L50, M|\n|poke|p2|Sinistcha, L50|\n|teampreview|4\nretrojp rejected open team sheets.\n|\n|t:|1776205456\n|teamsize|p1|4\n|teamsize|p2|4\n|start\n|switch|p1a: Tyranitar|Tyranitar, L50, M|100/100\n|switch|p1b: Excadrill|Excadrill, L50, M|100/100\n|switch|p2a: Archaludon|Archaludon, L50, M|100/100\n|switch|p2b: Primarina|Primarina, L50, M|100/100\n|-weather|Sandstorm|[from] ability: Sand Stream|[of] p1a: Tyranitar\n|turn|1\n|\n|t:|1776205495\n|switch|p2a: Pelipper|Pelipper, L50, M|100/100\n|-weather|RainDance|[from] ability: Drizzle|[of] p2a: Pelipper\n|move|p1a: Tyranitar|Protect|p1a: Tyranitar\n|-singleturn|p1a: Tyranitar|Protect\n|move|p1b: Excadrill|Earthquake|p2a: Pelipper|[spread] p2b\n|-activate|p1a: Tyranitar|move: Protect\n|-immune|p2a: Pelipper\n|-damage|p2b: Primarina|47/100\n|move|p2b: Primarina|Hyper Voice|p1b: Excadrill|[spread] p1b\n|-activate|p1a: Tyranitar|move: Protect\n|-supereffective|p1b: Excadrill|1\n|-enditem|p1b: Excadrill|Focus Sash\n|-damage|p1b: Excadrill|1/100\n|\n|-weather|RainDance|[upkeep]\n|-heal|p2b: Primarina|53/100|[from] item: Leftovers\n|upkeep\n|turn|2\n|inactive|Battle timer is ON: inactive players will automatically lose when time's up. (requested by retrojp)\n|\n|t:|1776205568\n|detailschange|p1a: Tyranitar|Tyranitar-Mega, L50, M\n|-mega|p1a: Tyranitar|Tyranitar|Tyranitarite\n|-weather|Sandstorm|[from] ability: Sand Stream|[of] p1a: Tyranitar\n|move|p2b: Primarina|Protect|p2b: Primarina\n|-singleturn|p2b: Primarina|Protect\n|move|p1b: Excadrill|High Horsepower|p2b: Primarina\n|-activate|p2b: Primarina|move: Protect\n|move|p1a: Tyranitar|Rock Slide|p2a: Pelipper|[spread] p2a\n|-activate|p2b: Primarina|move: Protect\n|-supereffective|p2a: Pelipper|1\n|-damage|p2a: Pelipper|31/100\n|move|p2a: Pelipper|Tailwind|p2a: Pelipper\n|-sidestart|p2: slmngrg|move: Tailwind\n|\n|-weather|Sandstorm|[upkeep]\n|-damage|p2a: Pelipper|25/100|[from] Sandstorm\n|-damage|p2b: Primarina|47/100|[from] Sandstorm\n|-heal|p2b: Primarina|53/100|[from] item: Leftovers\n|upkeep\n|turn|3\n|inactive|slmngrg has 30 seconds left.\n|\n|t:|1776205599\n|switch|p1a: Sinistcha|Sinistcha, L50|100/100\n|-heal|p1b: Excadrill|26/100|[from] ability: Hospitality|[of] p1a: Sinistcha\n|move|p1b: Excadrill|Protect|p1b: Excadrill\n|-singleturn|p1b: Excadrill|Protect\n|move|p2a: Pelipper|Wide Guard|p2a: Pelipper\n|-singleturn|p2a: Pelipper|Wide Guard\n|move|p2b: Primarina|Hyper Voice|p1b: Excadrill|[spread] p1a\n|-activate|p1b: Excadrill|move: Protect\n|-resisted|p1a: Sinistcha|1\n|-damage|p1a: Sinistcha|81/100\n|\n|-weather|Sandstorm|[upkeep]\n|-damage|p2a: Pelipper|19/100|[from] Sandstorm\n|-damage|p2b: Primarina|47/100|[from] Sandstorm\n|-damage|p1a: Sinistcha|75/100|[from] Sandstorm\n|-heal|p2b: Primarina|53/100|[from] item: Leftovers\n|upkeep\n|turn|4\n|\n|t:|1776205624\n|switch|p1b: Primarina|Primarina, L50, F|100/100\n|move|p2a: Pelipper|Wide Guard|p2a: Pelipper\n|-singleturn|p2a: Pelipper|Wide Guard\n|move|p2b: Primarina|Hyper Voice|p1a: Sinistcha|[spread] p1a,p1b\n|-resisted|p1a: Sinistcha|1\n|-resisted|p1b: Primarina|1\n|-damage|p1a: Sinistcha|53/100\n|-damage|p1b: Primarina|84/100\n|move|p1a: Sinistcha|Trick Room|p1a: Sinistcha\n|-fieldstart|move: Trick Room|[of] p1a: Sinistcha\n|\n|-weather|Sandstorm|[upkeep]\n|-damage|p1a: Sinistcha|47/100|[from] Sandstorm\n|-damage|p1b: Primarina|79/100|[from] Sandstorm\n|-damage|p2b: Primarina|47/100|[from] Sandstorm\n|-damage|p2a: Pelipper|13/100|[from] Sandstorm\n|-enditem|p1a: Sinistcha|Sitrus Berry|[eat]\n|-heal|p1a: Sinistcha|72/100|[from] item: Sitrus Berry\n|-heal|p2b: Primarina|53/100|[from] item: Leftovers\n|upkeep\n|turn|5\n|\n|t:|1776205647\n|move|p2a: Pelipper|Wide Guard|p2a: Pelipper\n|-singleturn|p2a: Pelipper|Wide Guard\n|move|p1a: Sinistcha|Matcha Gotcha|p2a: Pelipper|[spread] \n|-activate|p2a: Pelipper|move: Wide Guard\n|-activate|p2b: Primarina|move: Wide Guard\n|move|p1b: Primarina|Moonblast|p2a: Pelipper\n|-damage|p2a: Pelipper|0 fnt\n|faint|p2a: Pelipper\n|move|p2b: Primarina|Moonblast|p1a: Sinistcha\n|-damage|p1a: Sinistcha|12/100\n|\n|-weather|Sandstorm|[upkeep]\n|-damage|p1a: Sinistcha|6/100|[from] Sandstorm\n|-damage|p1b: Primarina|73/100|[from] Sandstorm\n|-damage|p2b: Primarina|47/100|[from] Sandstorm\n|-heal|p2b: Primarina|53/100|[from] item: Leftovers\n|-sideend|p2: slmngrg|move: Tailwind\n|upkeep\n|\n|t:|1776205668\n|switch|p2a: Archaludon|Archaludon, L50, M|100/100\n|turn|6\n|\n|t:|1776205684\n|move|p2b: Primarina|Light Screen|p2b: Primarina\n|-sidestart|p2: slmngrg|move: Light Screen\n|move|p1a: Sinistcha|Strength Sap|p2a: Archaludon\n|-unboost|p2a: Archaludon|atk|1\n|-heal|p1a: Sinistcha|69/100\n|move|p1b: Primarina|Moonblast|p2b: Primarina\n|-damage|p2b: Primarina|21/100\n|move|p2a: Archaludon|Snarl|p1b: Primarina|[spread] p1a,p1b\n|-supereffective|p1a: Sinistcha|1\n|-resisted|p1b: Primarina|1\n|-damage|p1a: Sinistcha|35/100\n|-damage|p1b: Primarina|67/100\n|-unboost|p1a: Sinistcha|spa|1\n|-unboost|p1b: Primarina|spa|1\n|\n|-weather|none\n|-heal|p2b: Primarina|27/100|[from] item: Leftovers\n|upkeep\n|turn|7\n|\n|t:|1776205705\n|move|p2b: Primarina|Moonblast|p1b: Primarina\n|-damage|p1b: Primarina|20/100\n|move|p1a: Sinistcha|Strength Sap|p2a: Archaludon\n|-unboost|p2a: Archaludon|atk|1\n|-heal|p1a: Sinistcha|77/100\n|move|p1b: Primarina|Moonblast|p2b: Primarina\n|-damage|p2b: Primarina|5/100\n|move|p2a: Archaludon|Snarl|p1b: Primarina|[spread] p1a,p1b\n|-supereffective|p1a: Sinistcha|1\n|-resisted|p1b: Primarina|1\n|-damage|p1a: Sinistcha|45/100\n|-damage|p1b: Primarina|14/100\n|-unboost|p1a: Sinistcha|spa|1\n|-unboost|p1b: Primarina|spa|1\n|\n|-heal|p2b: Primarina|11/100|[from] item: Leftovers\n|upkeep\n|turn|8\n|inactive|retrojp has 30 seconds left.\n|inactive|slmngrg has 30 seconds left.\n|inactive|slmngrg has 20 seconds left.\n|inactive|slmngrg has 15 seconds left.\n|l|\u2606slmngrg\n|inactive|slmngrg disconnected and has a minute to reconnect!\n|player|p2|\n|inactive|slmngrg has 10 seconds left.\n|inactive|slmngrg has 5 seconds left.\n|-message|slmngrg lost due to inactivity.\n|\n|win|retrojp\n|raw|retrojp's rating: 1103 &rarr; <strong>1130</strong><br />(+27 for winning)\n|raw|slmngrg's rating: 1129 &rarr; <strong>1102</strong><br />(-27 for losing)\n",
  "uploadtime": 1776205767,
  "views": 18,
  "formatid": "gen9championsvgc2026regma",
  "rating": 1102,
  "private": 0,
  "password": null
}