{
  "id": "gen9championsvgc2026regma-2585071098",
  "format": "[Gen 9 Champions] VGC 2026 Reg M-A",
  "players": [
    "Juave",
    "BittleBants"
  ],
  "log": "|j|\u2606Juave\n|j|\u2606BittleBants\n|t:|1776308776\n|gametype|doubles\n|player|p1|Juave|waitress-gen4|1116\n|player|p2|BittleBants|n|1074\n|gen|9\n|tier|[Gen 9 Champions] VGC 2026 Reg M-A\n|rated|\n|rule|Species Clause: Limit one of each Pok\u00e9mon\n|rule|Item Clause: Limit 1 of each item\n|clearpoke\n|poke|p1|Venusaur, L50, F|\n|poke|p1|Incineroar, L50, F|\n|poke|p1|Sneasler, L50, F|\n|poke|p1|Gengar, L50, M|\n|poke|p1|Weavile, L50, M|\n|poke|p1|Whimsicott, L50, F|\n|poke|p2|Milotic, L50, F|\n|poke|p2|Incineroar, L50, F|\n|poke|p2|Dragonite, L50, M|\n|poke|p2|Espathra, L50, M|\n|poke|p2|Garchomp, L50, F|\n|poke|p2|Meowscarada, L50, M|\n|teampreview|4\n|inactive|Battle timer is ON: inactive players will automatically lose when time's up. (requested by Juave)\nJuave rejected open team sheets.\n|inactive|Juave has 60 seconds left.\n|inactive|BittleBants has 60 seconds left.\n|\n|t:|1776308820\n|teamsize|p1|4\n|teamsize|p2|4\n|start\n|switch|p1a: Gengar|Gengar, L50, M|100/100\n|switch|p1b: Sneasler|Sneasler, L50, F|100/100\n|switch|p2a: Espathra|Espathra, L50, M|100/100\n|switch|p2b: Incineroar|Incineroar, L50, F|100/100\n|-ability|p2b: Incineroar|Intimidate|boost\n|-unboost|p1a: Gengar|atk|1\n|-unboost|p1b: Sneasler|atk|1\n|-enditem|p1b: Sneasler|White Herb\n|-clearnegativeboost|p1b: Sneasler|[silent]\n|turn|1\n|inactive|BittleBants has 30 seconds left.\n|\n|t:|1776308850\n|detailschange|p1a: Gengar|Gengar-Mega, L50, M\n|-mega|p1a: Gengar|Gengar|Gengarite\n|move|p1b: Sneasler|Fake Out|p2a: Espathra\n|-damage|p2a: Espathra|81/100\n|move|p1a: Gengar|Perish Song|p1a: Gengar\n|-start|p1a: Gengar|perish3|[silent]\n|-start|p1b: Sneasler|perish3|[silent]\n|-start|p2a: Espathra|perish3|[silent]\n|-start|p2b: Incineroar|perish3|[silent]\n|-fieldactivate|move: Perish Song\n|cant|p2a: Espathra|flinch\n|move|p2b: Incineroar|Darkest Lariat|p1a: Gengar\n|-supereffective|p1a: Gengar|1\n|-damage|p1a: Gengar|0 fnt\n|faint|p1a: Gengar\n|\n|-start|p1b: Sneasler|perish3\n|-start|p2a: Espathra|perish3\n|-start|p2b: Incineroar|perish3\n|-ability|p2a: Espathra|Speed Boost|boost\n|-boost|p2a: Espathra|spe|1\n|upkeep\n|\n|t:|1776308864\n|switch|p1a: Incineroar|Incineroar, L50, F|100/100\n|-ability|p1a: Incineroar|Intimidate|boost\n|-unboost|p2a: Espathra|atk|1\n|-unboost|p2b: Incineroar|atk|1\n|turn|2\n|\n|t:|1776308887\n|move|p2a: Espathra|Protect|p2a: Espathra\n|-singleturn|p2a: Espathra|Protect\n|move|p1b: Sneasler|Close Combat|p2b: Incineroar\n|-supereffective|p2b: Incineroar|1\n|-damage|p2b: Incineroar|1/100\n|-unboost|p1b: Sneasler|def|1\n|-unboost|p1b: Sneasler|spd|1\n|-enditem|p2b: Incineroar|Sitrus Berry|[eat]\n|-heal|p2b: Incineroar|26/100|[from] item: Sitrus Berry\n|move|p2b: Incineroar|Parting Shot|p1a: Incineroar\n|-unboost|p1a: Incineroar|atk|1\n|-unboost|p1a: Incineroar|spa|1\n|\n|t:|1776308899\n|switch|p2b: Milotic|Milotic, L50, F|100/100|[from] Parting Shot\n|move|p1a: Incineroar|Flare Blitz|p2a: Espathra\n|-activate|p2a: Espathra|move: Protect\n|\n|-start|p1b: Sneasler|perish2\n|-start|p2a: Espathra|perish2\n|-ability|p2a: Espathra|Speed Boost|boost\n|-boost|p2a: Espathra|spe|1\n|upkeep\n|turn|3\n|inactive|BittleBants has 30 seconds left.\n|\n|t:|1776308924\n|move|p1b: Sneasler|U-turn|p2a: Espathra\n|-supereffective|p2a: Espathra|1\n|-damage|p2a: Espathra|10/100\n|\n|t:|1776308927\n|switch|p1b: Weavile|Weavile, L50, M|100/100|[from] U-turn\n|-ability|p1b: Weavile|Pressure\n|move|p2a: Espathra|Lumina Crash|p1b: Weavile\n|-immune|p1b: Weavile\n|move|p2b: Milotic|Scald|p1a: Incineroar\n|-supereffective|p1a: Incineroar|1\n|-damage|p1a: Incineroar|54/100\n|move|p1a: Incineroar|Darkest Lariat|p2a: Espathra\n|-supereffective|p2a: Espathra|1\n|-damage|p2a: Espathra|0 fnt\n|faint|p2a: Espathra\n|\n|upkeep\n|\n|t:|1776308940\n|switch|p2a: Dragonite|Dragonite, L50, M, shiny|100/100\n|turn|4\n|\n|t:|1776308952\n|detailschange|p2a: Dragonite|Dragonite-Mega, L50, M, shiny\n|-mega|p2a: Dragonite|Dragonite|Dragoninite\n|move|p1b: Weavile|Fake Out|p2a: Dragonite\n|-damage|p2a: Dragonite|95/100\n|cant|p2a: Dragonite|flinch\n|move|p2b: Milotic|Icy Wind|p1a: Incineroar|[spread] p1a,p1b\n|-resisted|p1a: Incineroar|1\n|-resisted|p1b: Weavile|1\n|-damage|p1a: Incineroar|51/100\n|-damage|p1b: Weavile|94/100\n|-unboost|p1a: Incineroar|spe|1\n|-unboost|p1b: Weavile|spe|1\n|move|p1a: Incineroar|Parting Shot|p2a: Dragonite\n|-unboost|p2a: Dragonite|atk|1\n|-unboost|p2a: Dragonite|spa|1\n|\n|t:|1776308956\n|switch|p1a: Sneasler|Sneasler, L50, F|100/100|[from] Parting Shot\n|\n|upkeep\n|turn|5\n|\n|t:|1776308977\n|move|p1a: Sneasler|Fake Out|p2b: Milotic\n|-damage|p2b: Milotic|91/100\n|move|p2a: Dragonite|Fire Blast|p1b: Weavile\n|-supereffective|p1b: Weavile|1\n|-damage|p1b: Weavile|15/100\n|move|p1b: Weavile|Triple Axel|p2a: Dragonite\n|-supereffective|p2a: Dragonite|2\n|-damage|p2a: Dragonite|56/100\n|-supereffective|p2a: Dragonite|2\n|-damage|p2a: Dragonite|0 fnt\n|faint|p2a: Dragonite\n|-hitcount|p2: Dragonite|2\n|cant|p2b: Milotic|flinch\n|\n|-heal|p2b: Milotic|97/100|[from] item: Leftovers\n|upkeep\n|\n|t:|1776308991\n|switch|p2a: Incineroar|Incineroar, L50, F|26/100\n|-ability|p2a: Incineroar|Intimidate|boost\n|-unboost|p1a: Sneasler|atk|1\n|-unboost|p1b: Weavile|atk|1\n|turn|6\n|\n|t:|1776309008\n|switch|p1b: Incineroar|Incineroar, L50, F|51/100\n|-ability|p1b: Incineroar|Intimidate|boost\n|-unboost|p2a: Incineroar|atk|1\n|-unboost|p2b: Milotic|atk|1\n|-ability|p2b: Milotic|Competitive|boost\n|-boost|p2b: Milotic|spa|2\n|move|p2a: Incineroar|Fake Out|p1a: Sneasler\n|-damage|p1a: Sneasler|90/100\n|cant|p1a: Sneasler|flinch\n|move|p2b: Milotic|Scald|p1b: Incineroar\n|-supereffective|p1b: Incineroar|1\n|-damage|p1b: Incineroar|0 fnt\n|faint|p1b: Incineroar\n|\n|-heal|p2b: Milotic|100/100|[from] item: Leftovers\n|upkeep\n|\n|t:|1776309010\n|switch|p1b: Weavile|Weavile, L50, M|15/100\n|-ability|p1b: Weavile|Pressure\n|turn|7\n|\n|t:|1776309028\n|move|p2a: Incineroar|Protect|p2a: Incineroar\n|-singleturn|p2a: Incineroar|Protect\n|move|p1b: Weavile|Fake Out|p2b: Milotic\n|-damage|p2b: Milotic|90/100\n|move|p1a: Sneasler|Close Combat|p2a: Incineroar\n|-activate|p2a: Incineroar|move: Protect\n|cant|p2b: Milotic|flinch\n|\n|-heal|p2b: Milotic|96/100|[from] item: Leftovers\n|upkeep\n|turn|8\n|\n|t:|1776309039\n|move|p2a: Incineroar|Protect||[still]\n|-fail|p2a: Incineroar\n|move|p1b: Weavile|Poison Jab|p2b: Milotic\n|-damage|p2b: Milotic|76/100\n|-status|p2b: Milotic|psn\n|move|p1a: Sneasler|Close Combat|p2a: Incineroar\n|-supereffective|p2a: Incineroar|1\n|-damage|p2a: Incineroar|0 fnt\n|-unboost|p1a: Sneasler|def|1\n|-unboost|p1a: Sneasler|spd|1\n|faint|p2a: Incineroar\n|move|p2b: Milotic|Scald|p1b: Weavile\n|-damage|p1b: Weavile|0 fnt\n|faint|p1b: Weavile\n|\n|-heal|p2b: Milotic|82/100 psn|[from] item: Leftovers\n|-damage|p2b: Milotic|70/100 psn|[from] psn\n|upkeep\n|turn|9\n|\n|t:|1776309052\n|move|p1a: Sneasler|Close Combat|p2b: Milotic\n|-crit|p2b: Milotic\n|-damage|p2b: Milotic|6/100 psn\n|-unboost|p1a: Sneasler|def|1\n|-unboost|p1a: Sneasler|spd|1\n|move|p2b: Milotic|Scald|p1a: Sneasler\n|-damage|p1a: Sneasler|0 fnt\n|faint|p1a: Sneasler\n|\n|win|BittleBants\n|raw|Juave's rating: 1116 &rarr; <strong>1088</strong><br />(-28 for losing)\n|raw|BittleBants's rating: 1074 &rarr; <strong>1106</strong><br />(+32 for winning)\n|l|\u2606Juave\n|player|p1|\n|c|\u2606BittleBants|gg\n",
  "uploadtime": 1776309067,
  "views": 21,
  "formatid": "gen9championsvgc2026regma",
  "rating": 1088,
  "private": 0,
  "password": null
}