{
  "id": "gen9championsvgc2026regma-2589490891",
  "format": "[Gen 9 Champions] VGC 2026 Reg M-A",
  "players": [
    "Pansageboy44",
    "guioguoguo"
  ],
  "log": "|j|\u2606Pansageboy44\n|j|\u2606guioguoguo\n|t:|1776727747\n|gametype|doubles\n|player|p1|Pansageboy44|cilan|1104\n|player|p2|guioguoguo|266|1000\n|gen|9\n|tier|[Gen 9 Champions] VGC 2026 Reg M-A\n|rated|\n|rule|Species Clause: Limit one of each Pok\u00e9mon\n|rule|Item Clause: Limit 1 of each item\n|clearpoke\n|poke|p1|Garganacl, L50, M|\n|poke|p1|Machamp, L50, M|\n|poke|p1|Sinistcha-Masterpiece, L50|\n|poke|p1|Chimecho, L50, F, shiny|\n|poke|p1|Chandelure, L50, F, shiny|\n|poke|p1|Lycanroc-Dusk, L50, M, shiny|\n|poke|p2|Excadrill, L50, F, shiny|\n|poke|p2|Hawlucha, L50, M, shiny|\n|poke|p2|Tyranitar, L50, M, shiny|\n|poke|p2|Espathra, L50, M, shiny|\n|poke|p2|Sinistcha, L50, shiny|\n|poke|p2|Incineroar, L50, F, shiny|\n|teampreview|4\n|inactive|Battle timer is ON: inactive players will automatically lose when time's up. (requested by Pansageboy44)\n|\n|t:|1776727800\n|teamsize|p1|4\n|teamsize|p2|4\n|start\n|switch|p1a: Chimecho|Chimecho, L50, F, shiny|100/100\n|switch|p1b: Machamp|Machamp, L50, M|100/100\n|switch|p2a: Excadrill|Excadrill, L50, F, shiny|100/100\n|switch|p2b: Hawlucha|Hawlucha, L50, M, shiny|100/100\n|-ability|p2b: Hawlucha|Mold Breaker\n|turn|1\n|inactive|Pansageboy44 has 30 seconds left.\n|inactive|guioguoguo has 30 seconds left.\n|inactive|Pansageboy44 has 20 seconds left.\n|inactive|guioguoguo has 20 seconds left.\n|inactive|Pansageboy44 has 15 seconds left.\n|inactive|guioguoguo has 15 seconds left.\n|inactive|Pansageboy44 has 10 seconds left.\n|inactive|guioguoguo has 10 seconds left.\n|inactive|Pansageboy44 has 5 seconds left.\n|\n|t:|1776727855\n|detailschange|p2b: Hawlucha|Hawlucha-Mega, L50, M, shiny\n|-mega|p2b: Hawlucha|Hawlucha|Hawluchanite\n|move|p1b: Machamp|Bullet Punch|p2b: Hawlucha\n|-damage|p2b: Hawlucha|84/100\n|move|p2b: Hawlucha|Entrainment|p2a: Excadrill\n|-ability|p2a: Excadrill|No Guard|Sand Rush|[from] move: Entrainment|[of] p2b: Hawlucha\n|move|p2a: Excadrill|Fissure|p1b: Machamp\n|-enditem|p1b: Machamp|Focus Sash\n|-damage|p1b: Machamp|1/100\n|move|p1a: Chimecho|Trick Room|p1a: Chimecho\n|-fieldstart|move: Trick Room|[of] p1a: Chimecho\n|\n|upkeep\n|turn|2\n|inactive|Pansageboy44 has 30 seconds left.\n|inactive|guioguoguo has 30 seconds left.\n|inactive|guioguoguo has 20 seconds left.\n|inactive|guioguoguo has 15 seconds left.\n|inactive|guioguoguo has 10 seconds left.\n|inactive|guioguoguo has 5 seconds left.\n|\n|t:|1776727909\n|switch|p2b: Tyranitar|Tyranitar, L50, M, shiny|100/100\n|-weather|Sandstorm|[from] ability: Sand Stream|[of] p2b: Tyranitar\n|move|p1b: Machamp|Drain Punch|p2a: Excadrill\n|-supereffective|p2a: Excadrill|1\n|-damage|p2a: Excadrill|45/100\n|-heal|p1b: Machamp|31/100|[from] drain|[of] p2a: Excadrill\n|move|p1a: Chimecho|Psychic|p2a: Excadrill\n|-resisted|p2a: Excadrill|1\n|-damage|p2a: Excadrill|27/100\n|move|p2a: Excadrill|Horn Drill|p1a: Chimecho\n|-damage|p1a: Chimecho|0 fnt\n|faint|p1a: Chimecho\n|-ohko\n|\n|-weather|Sandstorm|[upkeep]\n|-damage|p1b: Machamp|25/100|[from] Sandstorm\n|upkeep\n|\n|t:|1776727922\n|switch|p1a: Garganacl|Garganacl, L50, M|100/100\n|turn|3\n|inactive|guioguoguo has 30 seconds left.\n|\n|t:|1776727956\n|move|p2b: Tyranitar|Protect|p2b: Tyranitar\n|-singleturn|p2b: Tyranitar|Protect\n|move|p2a: Excadrill|Protect|p2a: Excadrill\n|-singleturn|p2a: Excadrill|Protect\n|move|p1a: Garganacl|Earthquake|p2b: Tyranitar|[spread] p1b\n|-activate|p2a: Excadrill|move: Protect\n|-activate|p2b: Tyranitar|move: Protect\n|-damage|p1b: Machamp|6/100\n|move|p1b: Machamp|Drain Punch|p2a: Excadrill\n|-activate|p2a: Excadrill|move: Protect\n|\n|-weather|Sandstorm|[upkeep]\n|-damage|p1b: Machamp|0 fnt|[from] Sandstorm\n|faint|p1b: Machamp\n|upkeep\n|\n|t:|1776727961\n|switch|p1b: Sinistcha|Sinistcha-Masterpiece, L50|100/100\n|turn|4\n|inactive|guioguoguo has 30 seconds left.\n|\n|t:|1776727990\n|switch|p2b: Sinistcha|Sinistcha, L50, shiny|100/100\n|-heal|p2a: Excadrill|52/100|[from] ability: Hospitality|[of] p2b: Sinistcha\n|switch|p2a: Hawlucha|Hawlucha-Mega, L50, M, shiny|84/100\n|move|p1a: Garganacl|Earthquake|p2b: Sinistcha|[spread] p1b,p2b\n|-immune|p2a: Hawlucha\n|-resisted|p1b: Sinistcha|1\n|-resisted|p2b: Sinistcha|1\n|-damage|p1b: Sinistcha|89/100\n|-damage|p2b: Sinistcha|87/100\n|move|p1b: Sinistcha|Matcha Gotcha|p2a: Hawlucha|[spread] p2a,p2b\n|-resisted|p2a: Hawlucha|1\n|-resisted|p2b: Sinistcha|1\n|-crit|p2b: Sinistcha\n|-damage|p2a: Hawlucha|69/100\n|-heal|p1b: Sinistcha|96/100|[from] drain|[of] p2a: Hawlucha\n|-damage|p2b: Sinistcha|61/100\n|-heal|p1b: Sinistcha|100/100|[from] drain|[of] p2b: Sinistcha\n|-status|p2a: Hawlucha|brn\n|\n|-weather|Sandstorm|[upkeep]\n|-damage|p1b: Sinistcha|94/100|[from] Sandstorm\n|-damage|p2a: Hawlucha|63/100 brn|[from] Sandstorm\n|-damage|p2b: Sinistcha|55/100|[from] Sandstorm\n|-damage|p2a: Hawlucha|58/100 brn|[from] brn\n|upkeep\n|turn|5\n|inactive|guioguoguo has 30 seconds left.\n|inactive|guioguoguo has 20 seconds left.\n|\n|t:|1776728028\n|move|p1b: Sinistcha|Rage Powder|p1b: Sinistcha\n|-singleturn|p1b: Sinistcha|move: Rage Powder\n|move|p1a: Garganacl|Salt Cure|p2a: Hawlucha\n|-damage|p2a: Hawlucha|38/100 brn\n|-start|p2a: Hawlucha|Salt Cure\n|move|p2a: Hawlucha|Dual Wingbeat|p1b: Sinistcha\n|-supereffective|p1b: Sinistcha|1\n|-damage|p1b: Sinistcha|72/100\n|-supereffective|p1b: Sinistcha|1\n|-damage|p1b: Sinistcha|50/100\n|-hitcount|p1b: Sinistcha|2\n|move|p2b: Sinistcha|Matcha Gotcha|p1b: Sinistcha|[spread] p1a,p1b\n|-supereffective|p1a: Garganacl|1\n|-resisted|p1b: Sinistcha|1\n|-damage|p1a: Garganacl|66/100\n|-heal|p2b: Sinistcha|80/100|[from] drain|[of] p1a: Garganacl\n|-damage|p1b: Sinistcha|34/100\n|-heal|p2b: Sinistcha|90/100|[from] drain|[of] p1b: Sinistcha\n|-status|p1b: Sinistcha|brn\n|\n|-weather|Sandstorm|[upkeep]\n|-damage|p1b: Sinistcha|27/100 brn|[from] Sandstorm\n|-damage|p2a: Hawlucha|32/100 brn|[from] Sandstorm\n|-damage|p2b: Sinistcha|84/100|[from] Sandstorm\n|-heal|p1a: Garganacl|72/100|[from] item: Leftovers\n|-damage|p1b: Sinistcha|21/100 brn|[from] brn\n|-damage|p2a: Hawlucha|26/100 brn|[from] brn\n|-damage|p2a: Hawlucha|20/100 brn|[from] Salt Cure\n|-fieldend|move: Trick Room\n|upkeep\n|turn|6\n|inactive|guioguoguo has 30 seconds left.\n|\n|t:|1776728054\n|move|p2b: Sinistcha|Matcha Gotcha|p1b: Sinistcha|[spread] p1a,p1b\n|-supereffective|p1a: Garganacl|1\n|-resisted|p1b: Sinistcha|1\n|-damage|p1a: Garganacl|36/100\n|-heal|p2b: Sinistcha|100/100|[from] drain|[of] p1a: Garganacl\n|-damage|p1b: Sinistcha|2/100 brn\n|move|p2a: Hawlucha|Cross Chop|p1a: Garganacl\n|-supereffective|p1a: Garganacl|1\n|-damage|p1a: Garganacl|0 fnt\n|faint|p1a: Garganacl\n|move|p1b: Sinistcha|Trick Room|p1b: Sinistcha\n|-fieldstart|move: Trick Room|[of] p1b: Sinistcha\n|\n|-weather|none\n|-damage|p1b: Sinistcha|0 fnt|[from] brn\n|faint|p1b: Sinistcha\n|\n|win|guioguoguo\n|raw|Pansageboy44's rating: 1104 &rarr; <strong>1072</strong><br />(-32 for losing)\n|raw|guioguoguo's rating: 1000 &rarr; <strong>1052</strong><br />(+52 for winning)\n|l|\u2606Pansageboy44\n|player|p1|\n",
  "uploadtime": 1776728073,
  "views": 4,
  "formatid": "gen9championsvgc2026regma",
  "rating": 1052,
  "private": 0,
  "password": null
}