{
  "id": "gen9championsvgc2026regma-2582559439",
  "format": "[Gen 9 Champions] VGC 2026 Reg M-A",
  "players": [
    "Mistagoh",
    "Xalvadore"
  ],
  "log": "|j|\u2606Mistagoh\n|j|\u2606Xalvadore\n|t:|1776099348\n|gametype|doubles\n|player|p1|Mistagoh|266|1106\n|player|p2|Xalvadore|266|1018\n|gen|9\n|tier|[Gen 9 Champions] VGC 2026 Reg M-A\n|rated|\n|rule|Species Clause: Limit one of each Pok\u00e9mon\n|rule|Item Clause: Limit 1 of each item\n|clearpoke\n|poke|p1|Farigiraf, L50, M|\n|poke|p1|Drampa, L50, M|\n|poke|p1|Sinistcha, L50|\n|poke|p1|Torkoal, L50, M|\n|poke|p1|Incineroar, L50, M|\n|poke|p1|Lucario, L50, F|\n|poke|p2|Rotom-Wash, L50|\n|poke|p2|Excadrill, L50, F|\n|poke|p2|Sneasler, L50, F|\n|poke|p2|Garchomp, L50, M|\n|poke|p2|Incineroar, L50, F|\n|poke|p2|Hippowdon, L50, M|\n|teampreview|4\n|\n|t:|1776099365\n|teamsize|p1|4\n|teamsize|p2|4\n|start\n|switch|p1a: Incineroar|Incineroar, L50, M|100/100\n|switch|p1b: Sinistcha|Sinistcha, L50|100/100\n|switch|p2a: Incineroar|Incineroar, L50, F|100/100\n|switch|p2b: Hippowdon|Hippowdon, L50, M|100/100\n|-ability|p1a: Incineroar|Intimidate|boost\n|-unboost|p2a: Incineroar|atk|1\n|-unboost|p2b: Hippowdon|atk|1\n|-ability|p2a: Incineroar|Intimidate|boost\n|-unboost|p1a: Incineroar|atk|1\n|-unboost|p1b: Sinistcha|atk|1\n|-weather|Sandstorm|[from] ability: Sand Stream|[of] p2b: Hippowdon\n|turn|1\n|\n|t:|1776099382\n|move|p2b: Hippowdon|Protect|p2b: Hippowdon\n|-singleturn|p2b: Hippowdon|Protect\n|move|p2a: Incineroar|Fake Out|p1b: Sinistcha\n|-immune|p1b: Sinistcha\n|move|p1a: Incineroar|Fake Out|p2a: Incineroar\n|-damage|p2a: Incineroar|94/100\n|move|p1b: Sinistcha|Trick Room|p1b: Sinistcha\n|-fieldstart|move: Trick Room|[of] p1b: Sinistcha\n|\n|-weather|Sandstorm|[upkeep]\n|-damage|p1a: Incineroar|95/100|[from] Sandstorm\n|-damage|p2a: Incineroar|88/100|[from] Sandstorm\n|-damage|p1b: Sinistcha|94/100|[from] Sandstorm\n|upkeep\n|turn|2\n|\n|t:|1776099409\n|move|p2b: Hippowdon|Yawn|p1b: Sinistcha\n|-start|p1b: Sinistcha|move: Yawn|[of] p2b: Hippowdon\n|move|p1a: Incineroar|Parting Shot|p2b: Hippowdon\n|-unboost|p2b: Hippowdon|atk|1\n|-unboost|p2b: Hippowdon|spa|1\n|\n|t:|1776099417\n|switch|p1a: Drampa|Drampa, L50, M|100/100|[from] Parting Shot\n|move|p2a: Incineroar|Flare Blitz|p1b: Sinistcha\n|-supereffective|p1b: Sinistcha|1\n|-damage|p1b: Sinistcha|20/100\n|-damage|p2a: Incineroar|66/100|[from] Recoil\n|move|p1b: Sinistcha|Matcha Gotcha|p2b: Hippowdon|[spread] p2a,p2b\n|-resisted|p2a: Incineroar|1\n|-supereffective|p2b: Hippowdon|1\n|-damage|p2a: Incineroar|55/100\n|-heal|p1b: Sinistcha|26/100|[from] drain|[of] p2a: Incineroar\n|-damage|p2b: Hippowdon|42/100\n|-heal|p1b: Sinistcha|62/100|[from] drain|[of] p2b: Hippowdon\n|-status|p2b: Hippowdon|brn\n|\n|-weather|Sandstorm|[upkeep]\n|-damage|p1a: Drampa|95/100|[from] Sandstorm\n|-damage|p2a: Incineroar|49/100|[from] Sandstorm\n|-damage|p1b: Sinistcha|56/100|[from] Sandstorm\n|-heal|p2b: Hippowdon|48/100 brn|[from] item: Leftovers\n|-damage|p2b: Hippowdon|42/100 brn|[from] brn\n|upkeep\n|turn|3\n|\n|t:|1776099445\n|switch|p1b: Incineroar|Incineroar, L50, M|95/100\n|-ability|p1b: Incineroar|Intimidate|boost\n|-unboost|p2a: Incineroar|atk|1\n|-unboost|p2b: Hippowdon|atk|1\n|detailschange|p1a: Drampa|Drampa-Mega, L50, M\n|-mega|p1a: Drampa|Drampa|Drampanite\n|move|p1a: Drampa|Hyper Voice|p2b: Hippowdon|[spread] p2a,p2b\n|-damage|p2a: Incineroar|1/100\n|-damage|p2b: Hippowdon|0 fnt\n|faint|p2b: Hippowdon\n|move|p2a: Incineroar|Flare Blitz|p1b: Incineroar\n|-resisted|p1b: Incineroar|1\n|-damage|p1b: Incineroar|83/100\n|-damage|p2a: Incineroar|0 fnt|[from] Recoil\n|faint|p2a: Incineroar\n|\n|-weather|Sandstorm|[upkeep]\n|-damage|p1a: Drampa|89/100|[from] Sandstorm\n|-damage|p1b: Incineroar|77/100|[from] Sandstorm\n|upkeep\n|\n|t:|1776099456\n|switch|p2b: Rotom|Rotom-Wash, L50|100/100\n|switch|p2a: Excadrill|Excadrill, L50, F|100/100\n|turn|4\n|\n|t:|1776099473\n|move|p2a: Excadrill|Protect|p2a: Excadrill\n|-singleturn|p2a: Excadrill|Protect\n|move|p1a: Drampa|Hyper Voice|p2a: Excadrill|[spread] p2b\n|-activate|p2a: Excadrill|move: Protect\n|-damage|p2b: Rotom|64/100\n|move|p1b: Incineroar|Flare Blitz|p2a: Excadrill\n|-activate|p2a: Excadrill|move: Protect\n|move|p2b: Rotom|Hydro Pump|p1b: Incineroar\n|-supereffective|p1b: Incineroar|1\n|-damage|p1b: Incineroar|0 fnt\n|faint|p1b: Incineroar\n|\n|-weather|Sandstorm|[upkeep]\n|-damage|p1a: Drampa|83/100|[from] Sandstorm\n|-damage|p2b: Rotom|58/100|[from] Sandstorm\n|upkeep\n|\n|t:|1776099485\n|switch|p1b: Sinistcha|Sinistcha, L50|56/100\n|-heal|p1a: Drampa|100/100|[from] ability: Hospitality|[of] p1b: Sinistcha\n|turn|5\n|\n|t:|1776099495\n|move|p1a: Drampa|Hyper Voice|p2a: Excadrill|[spread] p2a,p2b\n|-resisted|p2a: Excadrill|1\n|-damage|p2a: Excadrill|69/100\n|-damage|p2b: Rotom|24/100\n|-enditem|p2b: Rotom|Sitrus Berry|[eat]\n|-heal|p2b: Rotom|49/100|[from] item: Sitrus Berry\n|move|p1b: Sinistcha|Matcha Gotcha|p2b: Rotom|[spread] p2a,p2b\n|-supereffective|p2b: Rotom|1\n|-damage|p2a: Excadrill|38/100\n|-heal|p1b: Sinistcha|72/100|[from] drain|[of] p2a: Excadrill\n|-damage|p2b: Rotom|15/100\n|-heal|p1b: Sinistcha|87/100|[from] drain|[of] p2b: Rotom\n|move|p2b: Rotom|Will-O-Wisp|p1b: Sinistcha\n|-status|p1b: Sinistcha|brn\n|move|p2a: Excadrill|Iron Head|p1b: Sinistcha\n|-damage|p1b: Sinistcha|43/100 brn\n|\n|-weather|none\n|-damage|p1b: Sinistcha|36/100 brn|[from] brn\n|-fieldend|move: Trick Room\n|upkeep\n|turn|6\n|\n|t:|1776099516\n|move|p1b: Sinistcha|Protect|p1b: Sinistcha\n|-singleturn|p1b: Sinistcha|Protect\n|move|p2a: Excadrill|Iron Head|p1b: Sinistcha\n|-activate|p1b: Sinistcha|move: Protect\n|move|p2b: Rotom|Hydro Pump|p1b: Sinistcha\n|-activate|p1b: Sinistcha|move: Protect\n|move|p1a: Drampa|Hyper Voice|p2b: Rotom|[spread] p2a,p2b\n|-resisted|p2a: Excadrill|1\n|-damage|p2a: Excadrill|10/100\n|-damage|p2b: Rotom|0 fnt\n|faint|p2b: Rotom\n|\n|-damage|p1b: Sinistcha|30/100 brn|[from] brn\n|upkeep\n|turn|7\n|\n|t:|1776099534\n|move|p2a: Excadrill|Earthquake|p1a: Drampa|[spread] p1a,p1b\n|-resisted|p1b: Sinistcha|1\n|-damage|p1a: Drampa|64/100\n|-damage|p1b: Sinistcha|9/100 brn\n|move|p1a: Drampa|Hyper Voice|p2a: Excadrill\n|-resisted|p2a: Excadrill|1\n|-damage|p2a: Excadrill|0 fnt\n|faint|p2a: Excadrill\n|\n|win|Mistagoh\n|raw|Mistagoh's rating: 1106 &rarr; <strong>1125</strong><br />(+19 for winning)\n|raw|Xalvadore's rating: 1018 &rarr; <strong>1008</strong><br />(-10 for losing)\n|c|\u2606Xalvadore|gg\n",
  "uploadtime": 1776099542,
  "views": 9,
  "formatid": "gen9championsvgc2026regma",
  "rating": 1008,
  "private": 0,
  "password": null
}