{
  "id": "gen9championsvgc2026regma-2587737943",
  "format": "[Gen 9 Champions] VGC 2026 Reg M-A",
  "players": [
    "gr777",
    "itzcrossx_x"
  ],
  "log": "|j|\u2606gr777\n|j|\u2606itzcrossx_x\n|t:|1776558996\n|gametype|doubles\n|player|p1|gr777|102|1046\n|player|p2|itzcrossx_x|swimmer-gen4|1000\n|gen|9\n|tier|[Gen 9 Champions] VGC 2026 Reg M-A\n|rated|\n|rule|Species Clause: Limit one of each Pok\u00e9mon\n|rule|Item Clause: Limit 1 of each item\n|clearpoke\n|poke|p1|Starmie, L50|\n|poke|p1|Tsareena, L50, F|\n|poke|p1|Sinistcha, L50|\n|poke|p1|Goodra-Hisui, L50, F|\n|poke|p1|Ditto, L50|\n|poke|p1|Arcanine, L50, M|\n|poke|p2|Slowking, L50, F, shiny|\n|poke|p2|Crabominable, L50, M, shiny|\n|poke|p2|Garganacl, L50, M, shiny|\n|poke|p2|Ninetales-Alola, L50, F, shiny|\n|poke|p2|Armarouge, L50, M, shiny|\n|poke|p2|Sneasler, L50, M, shiny|\n|teampreview|4\nitzcrossx_x rejected open team sheets.\n|inactive|Battle timer is ON: inactive players will automatically lose when time's up. (requested by itzcrossx_x)\n|\n|t:|1776559024\n|teamsize|p1|4\n|teamsize|p2|4\n|start\n|switch|p1a: Starmie|Starmie, L50|100/100\n|switch|p1b: Tsareena|Tsareena, L50, F|100/100\n|switch|p2a: potential-mon|Slowking, L50, F, shiny|100/100\n|switch|p2b: satoru|Armarouge, L50, M, shiny|100/100\n|turn|1\n|inactive|gr777 has 30 seconds left.\n|\n|t:|1776559050\n|move|p1a: Starmie|Minimize|p1a: Starmie\n|-boost|p1a: Starmie|evasion|2\n|move|p1b: Tsareena|Trop Kick|p2a: potential-mon\n|-supereffective|p2a: potential-mon|1\n|-damage|p2a: potential-mon|27/100\n|-unboost|p2a: potential-mon|atk|1\n|move|p2a: potential-mon|Psychic Terrain|p2a: potential-mon\n|-fieldstart|move: Psychic Terrain\n|move|p2b: satoru|Trick Room|p2b: satoru\n|-fieldstart|move: Trick Room|[of] p2b: satoru\n|\n|upkeep\n|turn|2\n|\n|t:|1776559064\n|-prepare|p2a: potential-mon|Chilly Reception|[premajor]\n|move|p2a: potential-mon|Chilly Reception|p2a: potential-mon\n|-weather|Snowscape\n|\n|t:|1776559068\n|switch|p2a: mahoraGOAT|Crabominable, L50, M, shiny|100/100|[from] Chilly Reception\n|move|p2b: satoru|Armor Cannon|p1b: Tsareena\n|-supereffective|p1b: Tsareena|1\n|-damage|p1b: Tsareena|0 fnt\n|-unboost|p2b: satoru|def|1\n|-unboost|p2b: satoru|spd|1\n|faint|p1b: Tsareena\n|move|p1a: Starmie|Minimize|p1a: Starmie\n|-boost|p1a: Starmie|evasion|2\n|\n|-weather|Snowscape|[upkeep]\n|upkeep\n|\n|t:|1776559085\n|switch|p1b: Arcanine|Arcanine, L50, M|100/100\n|-ability|p1b: Arcanine|Intimidate|boost\n|-fail|p2a: mahoraGOAT|unboost|Attack|[from] ability: Hyper Cutter|[of] p2a: mahoraGOAT\n|-unboost|p2b: satoru|atk|1\n|turn|3\n|\n|t:|1776559106\n|switch|p2b: mei-mei|Ninetales-Alola, L50, F, shiny|100/100\n|detailschange|p2a: mahoraGOAT|Crabominable-Mega, L50, M, shiny\n|-mega|p2a: mahoraGOAT|Crabominable|Crabominite\n|move|p2a: mahoraGOAT|Protect|p2a: mahoraGOAT\n|-singleturn|p2a: mahoraGOAT|Protect\n|move|p1a: Starmie|Waterfall|p2b: mei-mei\n|-damage|p2b: mei-mei|75/100\n|move|p1b: Arcanine|Burn Up|p2a: mahoraGOAT\n|-activate|p2a: mahoraGOAT|move: Protect\n|\n|-weather|Snowscape|[upkeep]\n|upkeep\n|turn|4\n|inactive|gr777 has 30 seconds left.\n|\n|t:|1776559136\n|detailschange|p1a: Starmie|Starmie-Mega, L50\n|-mega|p1a: Starmie|Starmie|Starminite\n|move|p2a: mahoraGOAT|Close Combat|p1b: Arcanine\n|-damage|p1b: Arcanine|0 fnt\n|-unboost|p2a: mahoraGOAT|def|1\n|-unboost|p2a: mahoraGOAT|spd|1\n|faint|p1b: Arcanine\n|move|p2b: mei-mei|Aurora Veil|p2b: mei-mei\n|-sidestart|p2: itzcrossx_x|move: Aurora Veil\n|move|p1a: Starmie|Waterfall|p2a: mahoraGOAT\n|-damage|p2a: mahoraGOAT|66/100\n|\n|-weather|Snowscape|[upkeep]\n|upkeep\n|\n|t:|1776559147\n|switch|p1b: Goodra|Goodra-Hisui, L50, F|100/100\n|turn|5\n|\n|t:|1776559156\n|move|p2a: mahoraGOAT|Drain Punch|p1b: Goodra\n|-supereffective|p1b: Goodra|1\n|-damage|p1b: Goodra|0 fnt\n|-heal|p2a: mahoraGOAT|100/100|[from] drain|[of] p1b: Goodra\n|faint|p1b: Goodra\n|move|p2b: mei-mei|Blizzard|p1a: Starmie\n|-resisted|p1a: Starmie|1\n|-damage|p1a: Starmie|72/100\n|move|p1a: Starmie|Minimize|p1a: Starmie\n|-boost|p1a: Starmie|evasion|2\n|\n|-weather|Snowscape|[upkeep]\n|-fieldend|move: Trick Room\n|-fieldend|move: Psychic Terrain\n|upkeep\n|turn|6\n|\n|t:|1776559177\n|move|p1a: Starmie|Waterfall|p2a: mahoraGOAT\n|-damage|p2a: mahoraGOAT|66/100\n|move|p2b: mei-mei|Baton Pass|p2b: mei-mei\n|\n|t:|1776559184\n|switch|p2b: potential-mon|Slowking, L50, F, shiny|27/100|[from] Baton Pass\n|move|p2a: mahoraGOAT|Ice Hammer|p1a: Starmie|[miss]\n|-miss|p2a: mahoraGOAT|p1a: Starmie\n|\n|-weather|none\n|upkeep\n|turn|7\n|\n|t:|1776559194\n|move|p2a: mahoraGOAT|Protect|p2a: mahoraGOAT\n|-singleturn|p2a: mahoraGOAT|Protect\n|move|p1a: Starmie|Waterfall|p2a: mahoraGOAT\n|-activate|p2a: mahoraGOAT|move: Protect\n|move|p2b: potential-mon|Trick Room|p2b: potential-mon\n|-fieldstart|move: Trick Room|[of] p2b: potential-mon\n|\n|upkeep\n|turn|8\n|\n|t:|1776559211\n|switch|p2a: mei-mei|Ninetales-Alola, L50, F, shiny|75/100\n|-weather|Snowscape|[from] ability: Snow Warning|[of] p2a: mei-mei\n|-prepare|p2b: potential-mon|Chilly Reception|[premajor]\n|move|p2b: potential-mon|Chilly Reception|p2b: potential-mon\n|\n|t:|1776559218\n|switch|p2b: mahoraGOAT|Crabominable-Mega, L50, M, shiny|66/100|[from] Chilly Reception\n|move|p1a: Starmie|Waterfall|p2a: mei-mei\n|-damage|p2a: mei-mei|41/100\n|\n|-weather|Snowscape|[upkeep]\n|-sideend|p2: itzcrossx_x|move: Aurora Veil\n|upkeep\n|turn|9\n|\n|t:|1776559231\n|move|p2b: mahoraGOAT|Close Combat|p1a: Starmie|[miss]\n|-miss|p2b: mahoraGOAT|p1a: Starmie\n|move|p2a: mei-mei|Aurora Veil|p2a: mei-mei\n|-sidestart|p2: itzcrossx_x|move: Aurora Veil\n|move|p1a: Starmie|Waterfall|p2a: mei-mei\n|-damage|p2a: mei-mei|7/100\n|\n|-weather|Snowscape|[upkeep]\n|upkeep\n|turn|10\n|\n|t:|1776559249\n|move|p2b: mahoraGOAT|Drain Punch|p1a: Starmie|[miss]\n|-miss|p2b: mahoraGOAT|p1a: Starmie\n|move|p2a: mei-mei|Calm Mind|p2a: mei-mei\n|-boost|p2a: mei-mei|spa|1\n|-boost|p2a: mei-mei|spd|1\n|move|p1a: Starmie|Waterfall|p2a: mei-mei\n|-damage|p2a: mei-mei|0 fnt\n|faint|p2a: mei-mei\n|\n|-weather|Snowscape|[upkeep]\n|upkeep\n|\n|t:|1776559261\n|switch|p2a: satoru|Armarouge, L50, M, shiny|100/100\n|turn|11\n|\n|t:|1776559277\n|move|p2b: mahoraGOAT|Close Combat|p1a: Starmie\n|-resisted|p1a: Starmie|1\n|-damage|p1a: Starmie|23/100\n|-unboost|p2b: mahoraGOAT|def|1\n|-unboost|p2b: mahoraGOAT|spd|1\n|move|p2a: satoru|Expanding Force|p1a: Starmie|[miss]\n|-miss|p2a: satoru|p1a: Starmie\n|move|p1a: Starmie|Waterfall|p2a: satoru\n|-supereffective|p2a: satoru|1\n|-damage|p2a: satoru|9/100\n|\n|-weather|Snowscape|[upkeep]\n|-fieldend|move: Trick Room\n|upkeep\n|turn|12\n|\n|t:|1776559297\n|move|p1a: Starmie|Waterfall|p2a: satoru\n|-supereffective|p2a: satoru|1\n|-damage|p2a: satoru|0 fnt\n|faint|p2a: satoru\n|move|p2b: mahoraGOAT|Drain Punch|p1a: Starmie\n|-resisted|p1a: Starmie|1\n|-damage|p1a: Starmie|0 fnt\n|-heal|p2b: mahoraGOAT|74/100|[from] drain|[of] p1a: Starmie\n|faint|p1a: Starmie\n|\n|win|itzcrossx_x\n|raw|gr777's rating: 1046 &rarr; <strong>1027</strong><br />(-19 for losing)\n|raw|itzcrossx_x's rating: 1000 &rarr; <strong>1045</strong><br />(+45 for winning)\n|l|\u2606gr777\n|player|p1|\n",
  "uploadtime": 1776559320,
  "views": 20,
  "formatid": "gen9championsvgc2026regma",
  "rating": 1027,
  "private": 0,
  "password": null
}