{
  "id": "gen9championsvgc2026regma-2583905565",
  "format": "[Gen 9 Champions] VGC 2026 Reg M-A",
  "players": [
    "mimic345",
    "Prohxy"
  ],
  "log": "|j|\u2606mimic345\n|j|\u2606Prohxy\n|t:|1776207105\n|gametype|doubles\n|player|p1|mimic345|blue|1009\n|player|p2|Prohxy|lorelei-lgpe|1000\n|gen|9\n|tier|[Gen 9 Champions] VGC 2026 Reg M-A\n|rated|\n|rule|Species Clause: Limit one of each Pok\u00e9mon\n|rule|Item Clause: Limit 1 of each item\n|clearpoke\n|poke|p1|Chandelure, L50, M|\n|poke|p1|Basculegion, L50, M|\n|poke|p1|Kingambit, L50, F|\n|poke|p1|Aerodactyl, L50, M|\n|poke|p1|Conkeldurr, L50, M|\n|poke|p1|Clefable, L50, M|\n|poke|p2|Drampa, L50, F|\n|poke|p2|Basculegion, L50, M|\n|poke|p2|Maushold, L50|\n|poke|p2|Politoed, L50, F|\n|poke|p2|Audino, L50, M|\n|poke|p2|Stunfisk, L50, M|\n|teampreview|4\n|inactive|Battle timer is ON: inactive players will automatically lose when time's up. (requested by Prohxy)\n|inactive|mimic345 has 60 seconds left.\nProhxy rejected open team sheets.\n|\n|t:|1776207157\n|teamsize|p1|4\n|teamsize|p2|4\n|start\n|switch|p1a: Chandelure|Chandelure, L50, M|100/100\n|switch|p1b: Clefable|Clefable, L50, M|100/100\n|switch|p2a: Politoed|Politoed, L50, F, shiny|100/100\n|switch|p2b: Maushold|Maushold, L50, shiny|100/100\n|-weather|RainDance|[from] ability: Drizzle|[of] p2a: Politoed\n|turn|1\n|\n|t:|1776207176\n|move|p1b: Clefable|Follow Me|p1b: Clefable\n|-singleturn|p1b: Clefable|move: Follow Me\n|move|p2b: Maushold|Super Fang|p1b: Clefable\n|-damage|p1b: Clefable|50/100\n|-enditem|p1b: Clefable|Sitrus Berry|[eat]\n|-heal|p1b: Clefable|75/100|[from] item: Sitrus Berry\n|move|p2a: Politoed|Weather Ball|p1b: Clefable\n|-damage|p1b: Clefable|42/100\n|move|p1a: Chandelure|Trick Room|p1a: Chandelure\n|-fieldstart|move: Trick Room|[of] p1a: Chandelure\n|\n|-weather|RainDance|[upkeep]\n|upkeep\n|turn|2\n|\n|t:|1776207196\n|switch|p1b: Kingambit|Kingambit, L50, F|100/100\n|switch|p1a: Conkeldurr|Conkeldurr, L50, M|100/100\n|move|p2b: Maushold|Follow Me|p2b: Maushold\n|-singleturn|p2b: Maushold|move: Follow Me\n|move|p2a: Politoed|Weather Ball|p1a: Conkeldurr\n|-damage|p1a: Conkeldurr|45/100\n|\n|-weather|RainDance|[upkeep]\n|upkeep\n|turn|3\n|\n|t:|1776207219\n|move|p1a: Conkeldurr|Drain Punch|p2b: Maushold\n|-supereffective|p2b: Maushold|1\n|-damage|p2b: Maushold|0 fnt\n|-heal|p1a: Conkeldurr|84/100|[from] drain|[of] p2b: Maushold\n|faint|p2b: Maushold\n|move|p2a: Politoed|Weather Ball|p1a: Conkeldurr\n|-crit|p1a: Conkeldurr\n|-damage|p1a: Conkeldurr|4/100\n|move|p1b: Kingambit|Swords Dance|p1b: Kingambit\n|-boost|p1b: Kingambit|atk|2\n|\n|-weather|RainDance|[upkeep]\n|upkeep\n|\n|t:|1776207235\n|switch|p2b: Stunfisk|Stunfisk, L50, M, shiny|100/100\n|turn|4\n|\n|t:|1776207248\n|move|p2b: Stunfisk|Earth Power|p1b: Kingambit\n|-supereffective|p1b: Kingambit|1\n|-crit|p1b: Kingambit\n|-damage|p1b: Kingambit|0 fnt\n|faint|p1b: Kingambit\n|move|p1a: Conkeldurr|Thunder Punch|p2a: Politoed\n|-supereffective|p2a: Politoed|1\n|-damage|p2a: Politoed|44/100\n|-status|p2a: Politoed|par\n|move|p2a: Politoed|Weather Ball|p1a: Conkeldurr\n|-damage|p1a: Conkeldurr|0 fnt\n|faint|p1a: Conkeldurr\n|\n|-weather|RainDance|[upkeep]\n|upkeep\n|\n|t:|1776207259\n|switch|p1a: Chandelure|Chandelure, L50, M|100/100\n|switch|p1b: Clefable|Clefable, L50, M|42/100\n|turn|5\n|\n|t:|1776207274\n|move|p2a: Politoed|Weather Ball|p1a: Chandelure\n|-supereffective|p1a: Chandelure|1\n|-enditem|p1a: Chandelure|Focus Sash\n|-damage|p1a: Chandelure|1/100\n|move|p2b: Stunfisk|Rock Slide|p1b: Clefable|[spread] p1a,p1b\n|-supereffective|p1a: Chandelure|1\n|-damage|p1a: Chandelure|0 fnt\n|-damage|p1b: Clefable|34/100\n|faint|p1a: Chandelure\n|move|p1b: Clefable|Moonblast|p2b: Stunfisk\n|-damage|p2b: Stunfisk|76/100\n|\n|-weather|none\n|-heal|p2b: Stunfisk|82/100|[from] item: Leftovers\n|-fieldend|move: Trick Room\n|upkeep\n|turn|6\n|c|\u2606mimic345|nice crits bro\n|-message|mimic345 forfeited.\n|\n|win|Prohxy\n|raw|mimic345's rating: 1009 &rarr; <strong>1000</strong><br />(-9 for losing)\n|raw|Prohxy's rating: 1000 &rarr; <strong>1041</strong><br />(+41 for winning)\n|l|\u2606mimic345\n|player|p1|\n|c|\u2606Prohxy|lol\n|c|\u2606Prohxy|not a single crit pleb\n",
  "uploadtime": 1776207345,
  "views": 15,
  "formatid": "gen9championsvgc2026regma",
  "rating": 1000,
  "private": 0,
  "password": null
}