{
  "id": "gen9championsvgc2026regma-2585371180",
  "format": "[Gen 9 Champions] VGC 2026 Reg M-A",
  "players": [
    "literaldog121212",
    "MegamindMuppet"
  ],
  "log": "|j|\u2606literaldog121212\n|j|\u2606MegamindMuppet\n|t:|1776342171\n|gametype|doubles\n|player|p1|literaldog121212|hanbei-conquest|1154\n|player|p2|MegamindMuppet|169|1222\n|gen|9\n|tier|[Gen 9 Champions] VGC 2026 Reg M-A\n|rated|\n|rule|Species Clause: Limit one of each Pok\u00e9mon\n|rule|Item Clause: Limit 1 of each item\n|clearpoke\n|poke|p1|Dragonite, L50, F|\n|poke|p1|Tinkaton, L50, F|\n|poke|p1|Palafin, L50, F|\n|poke|p1|Zoroark-Hisui, L50, F|\n|poke|p1|Greninja-*, L50, M|\n|poke|p1|Mr. Rime, L50, M|\n|poke|p2|Gengar, L50, M|\n|poke|p2|Incineroar, L50, M|\n|poke|p2|Palafin, L50, F|\n|poke|p2|Whimsicott, L50, F|\n|poke|p2|Kommo-o, L50, F|\n|poke|p2|Milotic, L50, F|\n|teampreview|4\n|inactive|Battle timer is ON: inactive players will automatically lose when time's up. (requested by literaldog121212)\nliteraldog121212 rejected open team sheets.\n|inactive|MegamindMuppet has 60 seconds left.\n|\n|t:|1776342229\n|teamsize|p1|4\n|teamsize|p2|4\n|start\n|switch|p1a: tina|Tinkaton, L50, F|100/100\n|switch|p1b: buddy|Palafin, L50, F, shiny|100/100\n|switch|p2a: Gengar|Gengar, L50, M|100/100\n|switch|p2b: Palafin|Palafin, L50, F|100/100\n|turn|1\n|\n|t:|1776342244\n|detailschange|p2a: Gengar|Gengar-Mega, L50, M\n|-mega|p2a: Gengar|Gengar|Gengarite\n|move|p2a: Gengar|Protect|p2a: Gengar\n|-singleturn|p2a: Gengar|Protect\n|move|p1a: tina|Fake Out|p2b: Palafin\n|-damage|p2b: Palafin|85/100\n|move|p1b: buddy|Flip Turn|p2a: Gengar\n|-activate|p2a: Gengar|move: Protect\n|cant|p2b: Palafin|flinch\n|\n|upkeep\n|turn|2\n|inactive|literaldog121212 has 30 seconds left.\n|inactive|literaldog121212 has 20 seconds left.\n|inactive|literaldog121212 has 15 seconds left.\n|inactive|literaldog121212 has 10 seconds left.\n|\n|t:|1776342289\n|switch|p2a: Whimsicott|Whimsicott, L50, F|100/100\n|move|p1b: buddy|Flip Turn|p2a: Whimsicott\n|-resisted|p2a: Whimsicott|1\n|-damage|p2a: Whimsicott|86/100\n|\n|t:|1776342313\n|detailschange|p1b: buddy|Palafin-Hero, L50, F, shiny\n|switch|p1b: rawr.next question|Dragonite, L50, F, shiny|100/100|[from] Flip Turn\n|move|p2b: Palafin|Flip Turn|p1a: tina\n|-damage|p1a: tina|71/100\n|\n|t:|1776342319\n|detailschange|p2b: Palafin|Palafin-Hero, L50, F\n|switch|p2b: Gengar|Gengar-Mega, L50, M|100/100|[from] Flip Turn\n|move|p1a: tina|Gigaton Hammer|p2a: Whimsicott\n|-supereffective|p2a: Whimsicott|1\n|-damage|p2a: Whimsicott|0 fnt\n|faint|p2a: Whimsicott\n|\n|-heal|p1a: tina|77/100|[from] item: Leftovers\n|upkeep\n|\n|t:|1776342323\n|switch|p2a: Incineroar|Incineroar, L50, M|100/100\n|-ability|p2a: Incineroar|Intimidate|boost\n|-fail|p1a: tina|unboost|Attack|[from] ability: Own Tempo|[of] p1a: tina\n|-unboost|p1b: rawr.next question|atk|1\n|turn|3\n|\n|t:|1776342338\n|move|p1a: tina|Protect|p1a: tina\n|-singleturn|p1a: tina|Protect\n|move|p2a: Incineroar|Fake Out|p1a: tina\n|-activate|p1a: tina|move: Protect\n|move|p2b: Gengar|Perish Song|p2b: Gengar\n|-start|p1a: tina|perish3|[silent]\n|-start|p1b: rawr.next question|perish3|[silent]\n|-start|p2a: Incineroar|perish3|[silent]\n|-start|p2b: Gengar|perish3|[silent]\n|-fieldactivate|move: Perish Song\n|move|p1b: rawr.next question|Bitter Malice|p2b: Gengar\n|-supereffective|p2b: Gengar|1\n|-damage|p2b: Gengar|17/100\n|-unboost|p2b: Gengar|atk|1\n|\n|-heal|p1a: tina|83/100|[from] item: Leftovers\n|-start|p2b: Gengar|perish3\n|-start|p1b: rawr.next question|perish3\n|-start|p1a: tina|perish3\n|-start|p2a: Incineroar|perish3\n|upkeep\n|turn|4\n|inactive|literaldog121212 has 30 seconds left.\n|inactive|MegamindMuppet has 30 seconds left.\n|\n|t:|1776342364\n|move|p2b: Gengar|Protect|p2b: Gengar\n|-singleturn|p2b: Gengar|Protect\n|move|p1b: rawr.next question|Icy Wind|p2a: Incineroar|[spread] p2a\n|-activate|p2b: Gengar|move: Protect\n|-resisted|p2a: Incineroar|1\n|-damage|p2a: Incineroar|95/100\n|-unboost|p2a: Incineroar|spe|1\n|move|p1a: tina|Gigaton Hammer|p2b: Gengar\n|-activate|p2b: Gengar|move: Protect\n|move|p2a: Incineroar|Parting Shot|p1a: tina\n|-unboost|p1a: tina|atk|1\n|-unboost|p1a: tina|spa|1\n|\n|t:|1776342376\n|switch|p2a: Palafin|Palafin-Hero, L50, F|85/100|[from] Parting Shot\n|-activate|p2a: Palafin|ability: Zero to Hero\n|\n|-heal|p1a: tina|89/100|[from] item: Leftovers\n|-start|p2b: Gengar|perish2\n|-start|p1b: rawr.next question|perish2\n|-start|p1a: tina|perish2\n|upkeep\n|turn|5\n|\n|t:|1776342390\n|switch|p2b: Incineroar|Incineroar, L50, M|95/100\n|-ability|p2b: Incineroar|Intimidate|boost\n|-fail|p1a: tina|unboost|Attack|[from] ability: Own Tempo|[of] p1a: tina\n|-unboost|p1b: rawr.next question|atk|1\n|move|p1b: rawr.next question|Bitter Malice|p2b: Incineroar\n|-resisted|p2b: Incineroar|1\n|-crit|p2b: Incineroar\n|-damage|p2b: Incineroar|71/100\n|-unboost|p2b: Incineroar|atk|1\n|move|p2a: Palafin|Flip Turn|p1b: rawr.next question\n|-damage|p1b: rawr.next question|13/100\n|replace|p1b: zippy|Zoroark-Hisui, L50, F\n|-end|p1b: zippy|Illusion\n|\n|t:|1776342403\n|switch|p2a: Gengar|Gengar-Mega, L50, M|17/100|[from] Flip Turn\n|move|p1a: tina|Play Rough|p2a: Gengar\n|-resisted|p2a: Gengar|1\n|-damage|p2a: Gengar|2/100\n|-unboost|p2a: Gengar|atk|1\n|\n|-heal|p1a: tina|95/100|[from] item: Leftovers\n|-start|p1b: zippy|perish1\n|-start|p1a: tina|perish1\n|upkeep\n|turn|6\n|\n|t:|1776342420\n|move|p2a: Gengar|Protect|p2a: Gengar\n|-singleturn|p2a: Gengar|Protect\n|move|p2b: Incineroar|Protect|p2b: Incineroar\n|-singleturn|p2b: Incineroar|Protect\n|move|p1b: zippy|Icy Wind|p2a: Gengar|[spread] \n|-activate|p2a: Gengar|move: Protect\n|-activate|p2b: Incineroar|move: Protect\n|move|p1a: tina|Gigaton Hammer|p2b: Incineroar\n|-activate|p2b: Incineroar|move: Protect\n|\n|-heal|p1a: tina|100/100|[from] item: Leftovers\n|-start|p1b: zippy|perish0\n|-start|p1a: tina|perish0\n|faint|p1b: zippy\n|faint|p1a: tina\n|upkeep\n|\n|t:|1776342423\n|switch|p1b: rawr.next question|Dragonite, L50, F, shiny|100/100\n|switch|p1a: buddy|Palafin-Hero, L50, F, shiny|100/100\n|-activate|p1a: buddy|ability: Zero to Hero\n|turn|7\n|\n|t:|1776342442\n|detailschange|p1b: rawr.next question|Dragonite-Mega, L50, F, shiny\n|-mega|p1b: rawr.next question|Dragonite|Dragoninite\n|move|p1a: buddy|Wave Crash|p2a: Gengar\n|-damage|p2a: Gengar|0 fnt\n|faint|p2a: Gengar\n|-damage|p1a: buddy|99/100|[from] Recoil\n|move|p1b: rawr.next question|Tailwind|p1b: rawr.next question\n|-sidestart|p1: literaldog121212|move: Tailwind\n|move|p2b: Incineroar|Parting Shot|p1a: buddy\n|-unboost|p1a: buddy|atk|1\n|-unboost|p1a: buddy|spa|1\n|\n|t:|1776342452\n|switch|p2b: Palafin|Palafin-Hero, L50, F|85/100|[from] Parting Shot\n|\n|upkeep\n|\n|t:|1776342454\n|switch|p2a: Incineroar|Incineroar, L50, M|71/100\n|-ability|p2a: Incineroar|Intimidate|boost\n|-unboost|p1a: buddy|atk|1\n|-unboost|p1b: rawr.next question|atk|1\n|turn|8\n|\n|t:|1776342473\n|move|p2a: Incineroar|Fake Out|p1b: rawr.next question\n|-damage|p1b: rawr.next question|96/100\n|move|p1a: buddy|Wave Crash|p2a: Incineroar\n|-supereffective|p2a: Incineroar|1\n|-damage|p2a: Incineroar|4/100\n|-enditem|p2a: Incineroar|Sitrus Berry|[eat]\n|-heal|p2a: Incineroar|29/100|[from] item: Sitrus Berry\n|-damage|p1a: buddy|75/100|[from] Recoil\n|cant|p1b: rawr.next question|flinch\n|move|p2b: Palafin|Close Combat|p1a: buddy\n|-damage|p1a: buddy|20/100\n|-unboost|p2b: Palafin|def|1\n|-unboost|p2b: Palafin|spd|1\n|\n|upkeep\n|turn|9\n|\n|t:|1776342492\n|move|p2b: Palafin|Jet Punch|p1a: buddy\n|-resisted|p1a: buddy|1\n|-damage|p1a: buddy|0 fnt\n|faint|p1a: buddy\n|move|p1b: rawr.next question|Air Slash|p2b: Palafin\n|-damage|p2b: Palafin|20/100\n|move|p2a: Incineroar|Darkest Lariat|p1b: rawr.next question\n|-damage|p1b: rawr.next question|66/100\n|\n|upkeep\n|turn|10\n|\n|t:|1776342504\n|move|p2b: Palafin|Jet Punch|p1b: rawr.next question\n|-resisted|p1b: rawr.next question|1\n|-damage|p1b: rawr.next question|48/100\n|move|p1b: rawr.next question|Air Slash|p2b: Palafin\n|-crit|p2b: Palafin\n|-damage|p2b: Palafin|0 fnt\n|faint|p2b: Palafin\n|move|p2a: Incineroar|Darkest Lariat|p1b: rawr.next question\n|-damage|p1b: rawr.next question|22/100\n|\n|-sideend|p1: literaldog121212|move: Tailwind\n|upkeep\n|turn|11\n|\n|t:|1776342513\n|move|p1b: rawr.next question|Draco Meteor|p2a: Incineroar|[miss]\n|-miss|p1b: rawr.next question|p2a: Incineroar\n|move|p2a: Incineroar|Darkest Lariat|p1b: rawr.next question\n|-crit|p1b: rawr.next question\n|-damage|p1b: rawr.next question|0 fnt\n|faint|p1b: rawr.next question\n|\n|win|MegamindMuppet\n|raw|literaldog121212's rating: 1154 &rarr; <strong>1134</strong><br />(-20 for losing)\n|raw|MegamindMuppet's rating: 1222 &rarr; <strong>1242</strong><br />(+20 for winning)\n|c|\u2606literaldog121212|NO WAY\n|c|\u2606literaldog121212|LKOL\n|c|\u2606MegamindMuppet|i'm so sorry\n|c|\u2606literaldog121212|thats\n|c|\u2606literaldog121212|criminal\n|c|\u2606literaldog121212|ggs\n|c|\u2606MegamindMuppet|ggs\n",
  "uploadtime": 1776342531,
  "views": 25,
  "formatid": "gen9championsvgc2026regma",
  "rating": 1134,
  "private": 0,
  "password": null
}