{
  "id": "gen9championsvgc2026regma-2582956219",
  "format": "[Gen 9 Champions] VGC 2026 Reg M-A",
  "players": [
    "hasagy",
    "boysenorange"
  ],
  "log": "|j|\u2606hasagy\n|j|\u2606boysenorange\n|t:|1776128269\n|gametype|doubles\n|player|p1|hasagy|265|1109\n|player|p2|boysenorange|turo|1110\n|gen|9\n|tier|[Gen 9 Champions] VGC 2026 Reg M-A\n|rated|\n|rule|Species Clause: Limit one of each Pok\u00e9mon\n|rule|Item Clause: Limit 1 of each item\n|clearpoke\n|poke|p1|Hippowdon, L50, M|\n|poke|p1|Aggron, L50, F|\n|poke|p1|Kleavor, L50, M|\n|poke|p1|Emolga, L50, F|\n|poke|p1|Incineroar, L50, M|\n|poke|p1|Garchomp, L50, M|\n|poke|p2|Torkoal, L50, F|\n|poke|p2|Farigiraf, L50, F|\n|poke|p2|Maushold-Four, L50|\n|poke|p2|Camerupt, L50, F|\n|poke|p2|Hatterene, L50, F|\n|poke|p2|Meowstic, L50, M|\n|teampreview|4\n|\n|t:|1776128325\n|teamsize|p1|4\n|teamsize|p2|4\n|start\n|switch|p1a: Kleavor|Kleavor, L50, M|100/100\n|switch|p1b: Incineroar|Incineroar, L50, M|100/100\n|switch|p2a: Farigiraf|Farigiraf, L50, F|100/100\n|switch|p2b: Meowstic|Meowstic, L50, M|100/100\n|-ability|p1b: Incineroar|Intimidate|boost\n|-unboost|p2a: Farigiraf|atk|1\n|-unboost|p2b: Meowstic|atk|1\n|turn|1\n|\n|t:|1776128361\n|move|p2b: Meowstic|Fake Out|p1b: Incineroar\n|-damage|p1b: Incineroar|97/100\n|move|p1a: Kleavor|Stone Axe|p2b: Meowstic\n|-damage|p2b: Meowstic|19/100\n|-sidestart|p2: boysenorange|move: Stealth Rock\n|cant|p1b: Incineroar|flinch\n|move|p2a: Farigiraf|Trick Room|p2a: Farigiraf\n|-fieldstart|move: Trick Room|[of] p2a: Farigiraf\n|\n|upkeep\n|turn|2\n|\n|t:|1776128394\n|move|p2b: Meowstic|Sunny Day|p2b: Meowstic\n|-weather|SunnyDay\n|move|p2a: Farigiraf|Nasty Plot|p2a: Farigiraf\n|-boost|p2a: Farigiraf|spa|2\n|move|p1b: Incineroar|Snarl|p2a: Farigiraf|[spread] p2a,p2b\n|-supereffective|p2a: Farigiraf|1\n|-supereffective|p2b: Meowstic|1\n|-damage|p2a: Farigiraf|85/100\n|-damage|p2b: Meowstic|0 fnt\n|-unboost|p2a: Farigiraf|spa|1\n|faint|p2b: Meowstic\n|move|p1a: Kleavor|Lunge|p2a: Farigiraf\n|-supereffective|p2a: Farigiraf|1\n|-damage|p2a: Farigiraf|0 fnt\n|faint|p2a: Farigiraf\n|\n|-weather|SunnyDay|[upkeep]\n|upkeep\n|\n|t:|1776128403\n|switch|p2a: Camerupt|Camerupt, L50, F|100/100\n|switch|p2b: Hatterene|Hatterene, L50, F|100/100\n|-damage|p2b: Hatterene|88/100|[from] Stealth Rock\n|-damage|p2a: Camerupt|88/100|[from] Stealth Rock\n|turn|3\n|\n|t:|1776128464\n|switch|p1b: Hippowdon|Hippowdon, L50, M|100/100\n|-weather|Sandstorm|[from] ability: Sand Stream|[of] p1b: Hippowdon\n|detailschange|p2a: Camerupt|Camerupt-Mega, L50, F\n|-mega|p2a: Camerupt|Camerupt|Cameruptite\n|move|p1a: Kleavor|Protect|p1a: Kleavor\n|-singleturn|p1a: Kleavor|Protect\n|move|p2a: Camerupt|Eruption|p1b: Hippowdon|[spread] p1b\n|-activate|p1a: Kleavor|move: Protect\n|-damage|p1b: Hippowdon|53/100\n|move|p2b: Hatterene|Dazzling Gleam|p1b: Hippowdon|[spread] p1b\n|-activate|p1a: Kleavor|move: Protect\n|-damage|p1b: Hippowdon|17/100\n|\n|-weather|Sandstorm|[upkeep]\n|-damage|p2b: Hatterene|82/100|[from] Sandstorm\n|-heal|p1b: Hippowdon|23/100|[from] item: Leftovers\n|upkeep\n|turn|4\n|\n|t:|1776128504\n|move|p1b: Hippowdon|Protect|p1b: Hippowdon\n|-singleturn|p1b: Hippowdon|Protect\n|move|p2a: Camerupt|Flamethrower|p1a: Kleavor\n|-damage|p1a: Kleavor|28/100\n|move|p2b: Hatterene|Dazzling Gleam|p1b: Hippowdon|[spread] p1a\n|-activate|p1b: Hippowdon|move: Protect\n|-damage|p1a: Kleavor|0 fnt\n|faint|p1a: Kleavor\n|\n|-weather|Sandstorm|[upkeep]\n|-damage|p2b: Hatterene|76/100|[from] Sandstorm\n|-heal|p1b: Hippowdon|29/100|[from] item: Leftovers\n|upkeep\n|\n|t:|1776128519\n|switch|p1a: Incineroar|Incineroar, L50, M|97/100\n|-ability|p1a: Incineroar|Intimidate|boost\n|-unboost|p2a: Camerupt|atk|1\n|-unboost|p2b: Hatterene|atk|1\n|turn|5\n|\n|t:|1776128530\n|move|p1a: Incineroar|Fake Out|p2b: Hatterene\n|-damage|p2b: Hatterene|60/100\n|move|p2a: Camerupt|Eruption|p1a: Incineroar|[spread] p1a,p1b\n|-resisted|p1a: Incineroar|1\n|-crit|p1b: Hippowdon\n|-damage|p1a: Incineroar|66/100\n|-damage|p1b: Hippowdon|0 fnt\n|faint|p1b: Hippowdon\n|cant|p2b: Hatterene|flinch\n|\n|-weather|Sandstorm|[upkeep]\n|-damage|p2b: Hatterene|54/100|[from] Sandstorm\n|-damage|p1a: Incineroar|60/100|[from] Sandstorm\n|-fieldend|move: Trick Room\n|upkeep\n|\n|t:|1776128536\n|switch|p1b: Aggron|Aggron, L50, F|100/100\n|turn|6\n|\n|t:|1776128552\n|detailschange|p1b: Aggron|Aggron-Mega, L50, F\n|-mega|p1b: Aggron|Aggron|Aggronite\n|move|p1a: Incineroar|Snarl|p2b: Hatterene|[spread] p2a,p2b\n|-damage|p2a: Camerupt|77/100\n|-damage|p2b: Hatterene|43/100\n|-unboost|p2a: Camerupt|spa|1\n|-unboost|p2b: Hatterene|spa|1\n|move|p1b: Aggron|Body Press|p2a: Camerupt\n|-damage|p2a: Camerupt|39/100\n|move|p2a: Camerupt|Earth Power|p1b: Aggron\n|-supereffective|p1b: Aggron|1\n|-damage|p1b: Aggron|34/100\n|move|p2b: Hatterene|Trick Room|p2b: Hatterene\n|-fieldstart|move: Trick Room|[of] p2b: Hatterene\n|\n|-weather|Sandstorm|[upkeep]\n|-damage|p2b: Hatterene|36/100|[from] Sandstorm\n|-damage|p1a: Incineroar|54/100|[from] Sandstorm\n|upkeep\n|turn|7\n|\n|t:|1776128594\n|move|p2a: Camerupt|Earth Power|p1a: Incineroar\n|-supereffective|p1a: Incineroar|1\n|-enditem|p1a: Incineroar|Shuca Berry|[eat]\n|-enditem|p1a: Incineroar|Shuca Berry|[weaken]\n|-damage|p1a: Incineroar|8/100\n|move|p2b: Hatterene|Heal Pulse|p2a: Camerupt\n|-heal|p2a: Camerupt|89/100\n|move|p1b: Aggron|Body Press|p2a: Camerupt\n|-damage|p2a: Camerupt|52/100\n|move|p1a: Incineroar|Darkest Lariat|p2a: Camerupt\n|-crit|p2a: Camerupt\n|-damage|p2a: Camerupt|0 fnt\n|faint|p2a: Camerupt\n|\n|-weather|none\n|upkeep\n|turn|8\n|\n|t:|1776128608\n|move|p2b: Hatterene|Dazzling Gleam|p1b: Aggron|[spread] p1a,p1b\n|-resisted|p1b: Aggron|1\n|-damage|p1a: Incineroar|0 fnt\n|-damage|p1b: Aggron|22/100\n|faint|p1a: Incineroar\n|move|p1b: Aggron|Heavy Slam|p2b: Hatterene\n|-supereffective|p2b: Hatterene|1\n|-damage|p2b: Hatterene|0 fnt\n|faint|p2b: Hatterene\n|\n|win|hasagy\n|raw|hasagy's rating: 1109 &rarr; <strong>1134</strong><br />(+25 for winning)\n|raw|boysenorange's rating: 1110 &rarr; <strong>1085</strong><br />(-25 for losing)\n",
  "uploadtime": 1776128611,
  "views": 16,
  "formatid": "gen9championsvgc2026regma",
  "rating": 1085,
  "private": 0,
  "password": null
}