{
  "id": "gen9championsvgc2026regma-2587643183",
  "format": "[Gen 9 Champions] VGC 2026 Reg M-A",
  "players": [
    "benjitulio",
    "isanito"
  ],
  "log": "|j|\u2606benjitulio\n|j|\u2606isanito\n|t:|1776549753\n|gametype|doubles\n|player|p1|benjitulio|wattson|1000\n|player|p2|isanito|101|1070\n|gen|9\n|tier|[Gen 9 Champions] VGC 2026 Reg M-A\n|rated|\n|rule|Species Clause: Limit one of each Pok\u00e9mon\n|rule|Item Clause: Limit 1 of each item\n|clearpoke\n|poke|p1|Dragonite, L50, M|\n|poke|p1|Incineroar, L50, M|\n|poke|p1|Gyarados, L50, M|\n|poke|p1|Maushold-Four, L50|\n|poke|p1|Milotic, L50, M|\n|poke|p1|Whimsicott, L50, F|\n|poke|p2|Archaludon, L50, M|\n|poke|p2|Diggersby, L50, M|\n|poke|p2|Oranguru, L50, F|\n|poke|p2|Camerupt, L50, M|\n|poke|p2|Torkoal, L50, M|\n|poke|p2|Rampardos, L50, F|\n|teampreview|4\nbenjitulio has agreed to open team sheets.\n|\n|t:|1776549769\n|teamsize|p1|4\n|teamsize|p2|4\n|start\n|switch|p1a: Dragonite|Dragonite, L50, M|100/100\n|switch|p1b: Gyarados|Gyarados, L50, M|100/100\n|switch|p2a: Rampardos|Rampardos, L50, F|100/100\n|switch|p2b: Oranguru|Oranguru, L50, F|100/100\n|-ability|p1b: Gyarados|Intimidate|boost\n|-unboost|p2a: Rampardos|atk|1\n|-unboost|p2b: Oranguru|atk|1\n|turn|1\n|\n|t:|1776549788\n|switch|p1a: Incineroar|Incineroar, L50, M|100/100\n|-ability|p1a: Incineroar|Intimidate|boost\n|-unboost|p2a: Rampardos|atk|1\n|-unboost|p2b: Oranguru|atk|1\n|detailschange|p1b: Gyarados|Gyarados-Mega, L50, M\n|-mega|p1b: Gyarados|Gyarados|Gyaradosite\n|-ability|p1b: Gyarados|Mold Breaker\n|move|p1b: Gyarados|Dragon Dance|p1b: Gyarados\n|-boost|p1b: Gyarados|atk|1\n|-boost|p1b: Gyarados|spe|1\n|move|p2a: Rampardos|Swords Dance|p2a: Rampardos\n|-boost|p2a: Rampardos|atk|2\n|move|p2b: Oranguru|Trick Room|p2b: Oranguru\n|-fieldstart|move: Trick Room|[of] p2b: Oranguru\n|\n|upkeep\n|turn|2\n|\n|t:|1776549823\n|move|p1a: Incineroar|Fake Out|p2a: Rampardos\n|-resisted|p2a: Rampardos|1\n|-damage|p2a: Rampardos|95/100\n|cant|p2a: Rampardos|flinch\n|move|p2b: Oranguru|Encore|p1b: Gyarados\n|-start|p1b: Gyarados|Encore\n|move|p1b: Gyarados|Dragon Dance|p1b: Gyarados\n|-boost|p1b: Gyarados|atk|1\n|-boost|p1b: Gyarados|spe|1\n|\n|upkeep\n|turn|3\n|\n|t:|1776549838\n|move|p2a: Rampardos|Rock Slide|p1b: Gyarados|[spread] p1a,p1b\n|-supereffective|p1a: Incineroar|1\n|-damage|p1a: Incineroar|27/100\n|-damage|p1b: Gyarados|55/100\n|move|p2b: Oranguru|Instruct|p2a: Rampardos\n|-singleturn|p2a: Rampardos|move: Instruct|[of] p2b: Oranguru\n|move|p2a: Rampardos|Rock Slide|p1a: Incineroar|[spread] p1a,p1b\n|-supereffective|p1a: Incineroar|1\n|-damage|p1a: Incineroar|0 fnt\n|-damage|p1b: Gyarados|9/100\n|faint|p1a: Incineroar\n|move|p1b: Gyarados|Dragon Dance|p1b: Gyarados\n|-boost|p1b: Gyarados|atk|1\n|-boost|p1b: Gyarados|spe|1\n|\n|upkeep\n|c|\u2606isanito|sorry\n|c|\u2606isanito|hahahahahahahah\n|c|\u2606isanito|hahahahahahha\n|\n|t:|1776549858\n|switch|p1a: Dragonite|Dragonite, L50, M|100/100\n|turn|4\n|\n|t:|1776549865\n|move|p2a: Rampardos|Rock Slide|p1a: Dragonite|[spread] p1a,p1b\n|-supereffective|p1a: Dragonite|1\n|-damage|p1a: Dragonite|50/100\n|-damage|p1b: Gyarados|0 fnt\n|faint|p1b: Gyarados\n|move|p2b: Oranguru|Instruct|p2a: Rampardos\n|-singleturn|p2a: Rampardos|move: Instruct|[of] p2b: Oranguru\n|move|p2a: Rampardos|Rock Slide|p1a: Dragonite\n|-supereffective|p1a: Dragonite|1\n|-damage|p1a: Dragonite|0 fnt\n|faint|p1a: Dragonite\n|\n|upkeep\n|\n|t:|1776549871\n|switch|p1b: Maushold|Maushold-Four, L50|100/100\n|turn|5\n|\n|t:|1776549888\n|move|p2a: Rampardos|Stone Edge|p1b: Maushold|[miss]\n|-miss|p2a: Rampardos|p1b: Maushold\n|move|p2b: Oranguru|Instruct|p2a: Rampardos\n|-singleturn|p2a: Rampardos|move: Instruct|[of] p2b: Oranguru\n|move|p2a: Rampardos|Stone Edge|p1b: Maushold|[miss]\n|-miss|p2a: Rampardos|p1b: Maushold\n|move|p1b: Maushold|Population Bomb|p2b: Oranguru\n|-damage|p2b: Oranguru|92/100\n|-damage|p2b: Oranguru|85/100\n|-damage|p2b: Oranguru|77/100\n|-damage|p2b: Oranguru|71/100\n|-damage|p2b: Oranguru|63/100\n|-damage|p2b: Oranguru|55/100\n|-hitcount|p2b: Oranguru|6\n|\n|-fieldend|move: Trick Room\n|upkeep\n|turn|6\n|-message|benjitulio forfeited.\n|\n|win|isanito\n|raw|benjitulio's rating: 1000 &rarr; <strong>1000</strong><br />(+0 for losing)\n|raw|isanito's rating: 1070 &rarr; <strong>1094</strong><br />(+24 for winning)\n",
  "uploadtime": 1776549914,
  "views": 11,
  "formatid": "gen9championsvgc2026regma",
  "rating": 1000,
  "private": 0,
  "password": null
}