{
  "id": "gen9championsvgc2026regma-2584568363",
  "format": "[Gen 9 Champions] VGC 2026 Reg M-A",
  "players": [
    "themegaisiug",
    "Salading"
  ],
  "log": "|j|\u2606themegaisiug\n|j|\u2606Salading\n|t:|1776269311\n|gametype|doubles\n|player|p1|themegaisiug|boarder|1054\n|player|p2|Salading|101|1097\n|gen|9\n|tier|[Gen 9 Champions] VGC 2026 Reg M-A\n|rated|\n|rule|Species Clause: Limit one of each Pok\u00e9mon\n|rule|Item Clause: Limit 1 of each item\n|clearpoke\n|poke|p1|Aerodactyl, L50, M|\n|poke|p1|Floette-Eternal, L50, F|\n|poke|p1|Incineroar, L50, M|\n|poke|p1|Sinistcha, L50|\n|poke|p1|Sneasler, L50, M|\n|poke|p1|Kingambit, L50, F|\n|poke|p2|Farigiraf, L50, M|\n|poke|p2|Slowking, L50, F|\n|poke|p2|Abomasnow, L50, F|\n|poke|p2|Garchomp, L50, M|\n|poke|p2|Incineroar, L50, M|\n|poke|p2|Clefable, L50, F|\n|teampreview|4\n|inactive|Battle timer is ON: inactive players will automatically lose when time's up. (requested by themegaisiug)\n|\n|t:|1776269430\n|teamsize|p1|4\n|teamsize|p2|4\n|start\n|switch|p1a: Incineroar|Incineroar, L50, M|100/100\n|switch|p1b: Floette|Floette-Eternal, L50, F|100/100\n|switch|p2a: Garchomp|Garchomp, L50, M|100/100\n|switch|p2b: Incineroar|Incineroar, L50, M|100/100\n|-ability|p2b: Incineroar|Intimidate|boost\n|-unboost|p1a: Incineroar|atk|1\n|-unboost|p1b: Floette|atk|1\n|-ability|p1a: Incineroar|Intimidate|boost\n|-unboost|p2a: Garchomp|atk|1\n|-unboost|p2b: Incineroar|atk|1\n|turn|1\n|inactive|themegaisiug has 30 seconds left.\n|inactive|Salading has 30 seconds left.\n|\n|t:|1776269459\n|switch|p2a: Clefable|Clefable, L50, F|100/100\n|detailschange|p1b: Floette|Floette-Mega, L50, F\n|-mega|p1b: Floette|Floette|Floettite\n|-ability|p1b: Floette|Fairy Aura\n|move|p1a: Incineroar|Fake Out|p2b: Incineroar\n|-damage|p2b: Incineroar|93/100\n|move|p1b: Floette|Calm Mind|p1b: Floette\n|-boost|p1b: Floette|spa|1\n|-boost|p1b: Floette|spd|1\n|cant|p2b: Incineroar|flinch\n|\n|upkeep\n|turn|2\n|\n|t:|1776269483\n|move|p2a: Clefable|Protect|p2a: Clefable\n|-singleturn|p2a: Clefable|Protect\n|move|p1b: Floette|Moonblast|p2b: Incineroar\n|-damage|p2b: Incineroar|12/100\n|-unboost|p2b: Incineroar|spa|1\n|-enditem|p2b: Incineroar|Sitrus Berry|[eat]\n|-heal|p2b: Incineroar|37/100|[from] item: Sitrus Berry\n|move|p2b: Incineroar|Parting Shot|p1b: Floette\n|-unboost|p1b: Floette|atk|1\n|-unboost|p1b: Floette|spa|1\n|\n|t:|1776269494\n|switch|p2b: Garchomp|Garchomp, L50, M|100/100|[from] Parting Shot\n|move|p1a: Incineroar|Parting Shot|p2a: Clefable\n|-activate|p2a: Clefable|move: Protect\n|\n|upkeep\n|turn|3\n|\n|t:|1776269516\n|detailschange|p2a: Clefable|Clefable-Mega, L50, F\n|-mega|p2a: Clefable|Clefable|Clefablite\n|move|p2a: Clefable|Follow Me|p2a: Clefable\n|-singleturn|p2a: Clefable|move: Follow Me\n|move|p2b: Garchomp|Earthquake|p1a: Incineroar|[spread] p1a,p1b\n|-immune|p2a: Clefable\n|-supereffective|p1a: Incineroar|1\n|-crit|p1a: Incineroar\n|-damage|p1a: Incineroar|0 fnt\n|-damage|p1b: Floette|63/100\n|faint|p1a: Incineroar\n|move|p1b: Floette|Calm Mind|p1b: Floette\n|-boost|p1b: Floette|spa|1\n|-boost|p1b: Floette|spd|1\n|\n|upkeep\n|\n|t:|1776269522\n|switch|p1a: Aerodactyl|Aerodactyl, L50, M|100/100\n|-ability|p1a: Aerodactyl|Unnerve\n|turn|4\n|inactive|Salading has 30 seconds left.\n|inactive|Salading has 20 seconds left.\n|inactive|Salading has 15 seconds left.\n|inactive|Salading has 10 seconds left.\n|inactive|Salading has 5 seconds left.\n|\n|t:|1776269576\n|move|p2b: Garchomp|Protect|p2b: Garchomp\n|-singleturn|p2b: Garchomp|Protect\n|move|p1a: Aerodactyl|Tailwind|p1a: Aerodactyl\n|-sidestart|p1: themegaisiug|move: Tailwind\n|move|p1b: Floette|Dazzling Gleam|p2b: Garchomp|[spread] p2a\n|-activate|p2b: Garchomp|move: Protect\n|-damage|p2a: Clefable|40/100\n|move|p2a: Clefable|Thunderbolt|p1a: Aerodactyl\n|-supereffective|p1a: Aerodactyl|1\n|-crit|p1a: Aerodactyl\n|-enditem|p1a: Aerodactyl|Focus Sash\n|-damage|p1a: Aerodactyl|1/100\n|\n|upkeep\n|turn|5\n|inactive|Salading has 30 seconds left.\n|\n|t:|1776269609\n|switch|p2b: Abomasnow|Abomasnow, L50, F|100/100\n|-weather|Snowscape|[from] ability: Snow Warning|[of] p2b: Abomasnow\n|move|p1a: Aerodactyl|Rock Slide|p2b: Abomasnow|[spread] p2a,p2b\n|-supereffective|p2a: Clefable|1\n|-supereffective|p2b: Abomasnow|1\n|-damage|p2a: Clefable|9/100\n|-damage|p2b: Abomasnow|61/100\n|move|p1b: Floette|Dazzling Gleam|p2a: Clefable|[spread] p2a,p2b\n|-damage|p2a: Clefable|0 fnt\n|-damage|p2b: Abomasnow|0 fnt\n|faint|p2a: Clefable\n|faint|p2b: Abomasnow\n|\n|-weather|Snowscape|[upkeep]\n|upkeep\n|\n|t:|1776269619\n|switch|p2a: Garchomp|Garchomp, L50, M|100/100\n|switch|p2b: Incineroar|Incineroar, L50, M|37/100\n|-ability|p2b: Incineroar|Intimidate|boost\n|-unboost|p1a: Aerodactyl|atk|1\n|-unboost|p1b: Floette|atk|1\n|turn|6\n|\n|t:|1776269627\n|move|p1a: Aerodactyl|Protect|p1a: Aerodactyl\n|-singleturn|p1a: Aerodactyl|Protect\n|move|p1b: Floette|Protect|p1b: Floette\n|-singleturn|p1b: Floette|Protect\n|move|p2b: Incineroar|Fake Out|p1b: Floette\n|-activate|p1b: Floette|move: Protect\n|move|p2a: Garchomp|Rock Slide|p1a: Aerodactyl|[spread] \n|-activate|p1a: Aerodactyl|move: Protect\n|-activate|p1b: Floette|move: Protect\n|\n|-weather|Snowscape|[upkeep]\n|upkeep\n|turn|7\n|\n|t:|1776269644\n|move|p2a: Garchomp|Protect|p2a: Garchomp\n|-singleturn|p2a: Garchomp|Protect\n|move|p1a: Aerodactyl|Rock Slide|p2a: Garchomp|[spread] p2b\n|-activate|p2a: Garchomp|move: Protect\n|-supereffective|p2b: Incineroar|1\n|-damage|p2b: Incineroar|3/100\n|move|p1b: Floette|Dazzling Gleam|p2a: Garchomp|[spread] p2b\n|-activate|p2a: Garchomp|move: Protect\n|-damage|p2b: Incineroar|0 fnt\n|faint|p2b: Incineroar\n|\n|-weather|Snowscape|[upkeep]\n|-sideend|p1: themegaisiug|move: Tailwind\n|upkeep\n|turn|8\n|\n|t:|1776269658\n|move|p1a: Aerodactyl|Tailwind|p1a: Aerodactyl\n|-sidestart|p1: themegaisiug|move: Tailwind\n|move|p1b: Floette|Moonblast|p2a: Garchomp\n|-supereffective|p2a: Garchomp|1\n|-damage|p2a: Garchomp|0 fnt\n|faint|p2a: Garchomp\n|\n|win|themegaisiug\n|raw|themegaisiug's rating: 1054 &rarr; <strong>1090</strong><br />(+36 for winning)\n|raw|Salading's rating: 1097 &rarr; <strong>1069</strong><br />(-28 for losing)\n",
  "uploadtime": 1776269664,
  "views": 20,
  "formatid": "gen9championsvgc2026regma",
  "rating": 1069,
  "private": 0,
  "password": null
}