{
  "id": "gen9championsvgc2026regma-2586324461",
  "format": "[Gen 9 Champions] VGC 2026 Reg M-A",
  "players": [
    "Dukin",
    "tsukifrombilllie"
  ],
  "log": "|j|\u2606Dukin\n|j|\u2606tsukifrombilllie\n|t:|1776425368\n|gametype|doubles\n|player|p1|Dukin|acetrainerf|1181\n|player|p2|tsukifrombilllie|lyra|1220\n|gen|9\n|tier|[Gen 9 Champions] VGC 2026 Reg M-A\n|rated|\n|rule|Species Clause: Limit one of each Pok\u00e9mon\n|rule|Item Clause: Limit 1 of each item\n|clearpoke\n|poke|p1|Aggron, L50, M|\n|poke|p1|Sinistcha, L50|\n|poke|p1|Pelipper, L50, M|\n|poke|p1|Incineroar, L50, M|\n|poke|p1|Basculegion, L50, M|\n|poke|p1|Dragonite, L50, M|\n|poke|p2|Meganium, L50, M|\n|poke|p2|Excadrill, L50, F|\n|poke|p2|Tyranitar, L50, F|\n|poke|p2|Rotom-Wash, L50|\n|poke|p2|Dragapult, L50, M|\n|poke|p2|Sneasler, L50, F|\n|teampreview|4\n|\n|t:|1776425383\n|teamsize|p1|4\n|teamsize|p2|4\n|start\n|switch|p1a: Aggron|Aggron, L50, M|100/100\n|switch|p1b: Incineroar|Incineroar, L50, M|100/100\n|switch|p2a: Dragapult|Dragapult, L50, M, shiny|100/100\n|switch|p2b: Sneasler|Sneasler, L50, F|100/100\n|-ability|p1b: Incineroar|Intimidate|boost\n|-fail|p2a: Dragapult|unboost|[from] ability: Clear Body|[of] p2a: Dragapult\n|-unboost|p2b: Sneasler|atk|1\n|-enditem|p2b: Sneasler|White Herb\n|-clearnegativeboost|p2b: Sneasler|[silent]\n|turn|1\n|\n|t:|1776425424\n|move|p2b: Sneasler|Protect|p2b: Sneasler\n|-singleturn|p2b: Sneasler|Protect\n|move|p1a: Aggron|Protect|p1a: Aggron\n|-singleturn|p1a: Aggron|Protect\n|move|p2a: Dragapult|Phantom Force||[still]\n|-prepare|p2a: Dragapult|Phantom Force\n|move|p1b: Incineroar|Parting Shot|p2b: Sneasler\n|-activate|p2b: Sneasler|move: Protect\n|\n|upkeep\n|turn|2\n|\n|t:|1776425452\n|detailschange|p1a: Aggron|Aggron-Mega, L50, M\n|-mega|p1a: Aggron|Aggron|Aggronite\n|move|p2b: Sneasler|Close Combat|p1a: Aggron\n|-supereffective|p1a: Aggron|1\n|-damage|p1a: Aggron|54/100\n|-unboost|p2b: Sneasler|def|1\n|-unboost|p2b: Sneasler|spd|1\n|move|p2a: Dragapult|Phantom Force|p1a: Aggron|[from] lockedmove\n|-damage|p1a: Aggron|34/100\n|move|p1b: Incineroar|Parting Shot|p2b: Sneasler\n|-unboost|p2b: Sneasler|atk|1\n|-unboost|p2b: Sneasler|spa|1\n|\n|t:|1776425463\n|switch|p1b: Sinistcha|Sinistcha, L50|100/100|[from] Parting Shot\n|-heal|p1a: Aggron|59/100|[from] ability: Hospitality|[of] p1b: Sinistcha\n|move|p1a: Aggron|Iron Defense|p1a: Aggron\n|-boost|p1a: Aggron|def|2\n|\n|upkeep\n|turn|3\n|\n|t:|1776425490\n|switch|p2b: Tyranitar|Tyranitar, L50, F, shiny|100/100\n|-weather|Sandstorm|[from] ability: Sand Stream|[of] p2b: Tyranitar\n|switch|p1b: Incineroar|Incineroar, L50, M|100/100\n|-ability|p1b: Incineroar|Intimidate|boost\n|-fail|p2a: Dragapult|unboost|[from] ability: Clear Body|[of] p2a: Dragapult\n|-unboost|p2b: Tyranitar|atk|1\n|move|p2a: Dragapult|Phantom Force||[still]\n|-prepare|p2a: Dragapult|Phantom Force\n|move|p1a: Aggron|Body Press|p2b: Tyranitar\n|-supereffective|p2b: Tyranitar|2\n|-enditem|p2b: Tyranitar|Chople Berry|[eat]\n|-enditem|p2b: Tyranitar|Chople Berry|[weaken]\n|-damage|p2b: Tyranitar|0 fnt\n|faint|p2b: Tyranitar\n|\n|-weather|Sandstorm|[upkeep]\n|-damage|p2a: Dragapult|94/100|[from] Sandstorm\n|-damage|p1b: Incineroar|95/100|[from] Sandstorm\n|-heal|p1b: Incineroar|100/100|[from] item: Leftovers\n|upkeep\n|\n|t:|1776425507\n|switch|p2b: Meganium|Meganium, L50, M, shiny|100/100\n|turn|4\n|\n|t:|1776425515\n|detailschange|p2b: Meganium|Meganium-Mega, L50, M, shiny\n|-mega|p2b: Meganium|Meganium|Meganiumite\n|move|p1a: Aggron|Protect|p1a: Aggron\n|-singleturn|p1a: Aggron|Protect\n|move|p2a: Dragapult|Phantom Force|p1b: Incineroar|[from] lockedmove\n|-resisted|p1b: Incineroar|1\n|-damage|p1b: Incineroar|83/100\n|move|p2b: Meganium|Weather Ball|p1a: Aggron\n|-activate|p1a: Aggron|move: Protect\n|move|p1b: Incineroar|Parting Shot|p2b: Meganium\n|-unboost|p2b: Meganium|atk|1\n|-unboost|p2b: Meganium|spa|1\n|\n|t:|1776425543\n|switch|p1b: Sinistcha|Sinistcha, L50|100/100|[from] Parting Shot\n|-heal|p1a: Aggron|84/100|[from] ability: Hospitality|[of] p1b: Sinistcha\n|\n|-weather|Sandstorm|[upkeep]\n|-damage|p2a: Dragapult|88/100|[from] Sandstorm\n|-damage|p2b: Meganium|95/100|[from] Sandstorm\n|-damage|p1b: Sinistcha|94/100|[from] Sandstorm\n|upkeep\n|turn|5\n|\n|t:|1776425560\n|switch|p2a: Sneasler|Sneasler, L50, F|100/100\n|move|p1b: Sinistcha|Rage Powder|p1b: Sinistcha\n|-singleturn|p1b: Sinistcha|move: Rage Powder\n|move|p2b: Meganium|Weather Ball|p1a: Aggron\n|-supereffective|p1a: Aggron|1\n|-damage|p1a: Aggron|33/100\n|move|p1a: Aggron|Heavy Slam|p2b: Meganium\n|-supereffective|p2b: Meganium|1\n|-damage|p2b: Meganium|63/100\n|\n|-weather|Sandstorm|[upkeep]\n|-damage|p2a: Sneasler|94/100|[from] Sandstorm\n|-damage|p2b: Meganium|57/100|[from] Sandstorm\n|-damage|p1b: Sinistcha|88/100|[from] Sandstorm\n|upkeep\n|turn|6\n|\n|t:|1776425579\n|switch|p1b: Incineroar|Incineroar, L50, M|83/100\n|-ability|p1b: Incineroar|Intimidate|boost\n|-unboost|p2a: Sneasler|atk|1\n|-unboost|p2b: Meganium|atk|1\n|move|p1a: Aggron|Protect|p1a: Aggron\n|-singleturn|p1a: Aggron|Protect\n|move|p2a: Sneasler|Fake Out|p1a: Aggron\n|-activate|p1a: Aggron|move: Protect\n|move|p2b: Meganium|Weather Ball|p1b: Incineroar\n|-resisted|p1b: Incineroar|1\n|-damage|p1b: Incineroar|67/100\n|\n|-weather|Sandstorm|[upkeep]\n|-damage|p2a: Sneasler|88/100|[from] Sandstorm\n|-damage|p2b: Meganium|51/100|[from] Sandstorm\n|-damage|p1b: Incineroar|61/100|[from] Sandstorm\n|-heal|p1b: Incineroar|67/100|[from] item: Leftovers\n|upkeep\n|turn|7\n|\n|t:|1776425641\n|move|p1b: Incineroar|Fake Out|p2b: Meganium\n|-damage|p2b: Meganium|41/100\n|move|p2a: Sneasler|Close Combat|p1a: Aggron\n|-supereffective|p1a: Aggron|1\n|-damage|p1a: Aggron|17/100\n|-unboost|p2a: Sneasler|def|1\n|-unboost|p2a: Sneasler|spd|1\n|cant|p2b: Meganium|flinch\n|move|p1a: Aggron|Body Press|p2a: Sneasler\n|-resisted|p2a: Sneasler|1\n|-damage|p2a: Sneasler|9/100\n|\n|-weather|none\n|-heal|p1b: Incineroar|73/100|[from] item: Leftovers\n|upkeep\n|turn|8\n|\n|t:|1776425673\n|move|p1a: Aggron|Protect|p1a: Aggron\n|-singleturn|p1a: Aggron|Protect\n|move|p2a: Sneasler|Dire Claw|p1b: Incineroar\n|-damage|p1b: Incineroar|50/100\n|move|p2b: Meganium|Weather Ball|p1b: Incineroar\n|-resisted|p1b: Incineroar|1\n|-damage|p1b: Incineroar|36/100\n|move|p1b: Incineroar|Snarl|p2a: Sneasler|[spread] p2a,p2b\n|-resisted|p2a: Sneasler|1\n|-resisted|p2b: Meganium|1\n|-damage|p2a: Sneasler|0 fnt\n|-damage|p2b: Meganium|36/100\n|-unboost|p2b: Meganium|spa|1\n|faint|p2a: Sneasler\n|\n|-heal|p1b: Incineroar|42/100|[from] item: Leftovers\n|upkeep\n|\n|t:|1776425688\n|switch|p2a: Dragapult|Dragapult, L50, M, shiny|88/100\n|turn|9\n|\n|t:|1776425710\n|switch|p1a: Pelipper|Pelipper, L50, M|100/100\n|-weather|RainDance|[from] ability: Drizzle|[of] p1a: Pelipper\n|move|p2a: Dragapult|Dragon Darts|p1a: Pelipper\n|-damage|p1a: Pelipper|69/100\n|-anim|p2a: Dragapult|Dragon Darts|p1b: Incineroar\n|-damage|p1b: Incineroar|21/100\n|move|p2b: Meganium|Weather Ball|p1a: Pelipper\n|-resisted|p1a: Pelipper|1\n|-damage|p1a: Pelipper|44/100\n|move|p1b: Incineroar|Snarl|p2b: Meganium|[spread] p2a,p2b\n|-supereffective|p2a: Dragapult|1\n|-enditem|p2a: Dragapult|Colbur Berry|[eat]\n|-enditem|p2a: Dragapult|Colbur Berry|[weaken]\n|-resisted|p2b: Meganium|1\n|-damage|p2a: Dragapult|72/100\n|-damage|p2b: Meganium|32/100\n|-unboost|p2b: Meganium|spa|1\n|\n|-weather|RainDance|[upkeep]\n|-heal|p1b: Incineroar|27/100|[from] item: Leftovers\n|upkeep\n|turn|10\n|\n|t:|1776425744\n|move|p2b: Meganium|Protect|p2b: Meganium\n|-singleturn|p2b: Meganium|Protect\n|move|p2a: Dragapult|Dragon Darts|p1b: Incineroar\n|-damage|p1b: Incineroar|7/100\n|-anim|p2a: Dragapult|Dragon Darts|p1a: Pelipper\n|-damage|p1a: Pelipper|11/100\n|move|p1a: Pelipper|Hurricane|p2b: Meganium\n|-activate|p2b: Meganium|move: Protect\n|move|p1b: Incineroar|Snarl|p2a: Dragapult|[spread] p2a\n|-activate|p2b: Meganium|move: Protect\n|-supereffective|p2a: Dragapult|1\n|-damage|p2a: Dragapult|38/100\n|\n|-weather|RainDance|[upkeep]\n|-heal|p1b: Incineroar|13/100|[from] item: Leftovers\n|upkeep\n|turn|11\n|\n|t:|1776425765\n|move|p1a: Pelipper|Protect|p1a: Pelipper\n|-singleturn|p1a: Pelipper|Protect\n|move|p2a: Dragapult|Dragon Darts|p1b: Incineroar\n|-damage|p1b: Incineroar|0 fnt\n|faint|p1b: Incineroar\n|move|p2b: Meganium|Weather Ball|p1a: Pelipper\n|-activate|p1a: Pelipper|move: Protect\n|\n|-weather|RainDance|[upkeep]\n|upkeep\n|\n|t:|1776425776\n|switch|p1b: Sinistcha|Sinistcha, L50|88/100\n|-heal|p1a: Pelipper|36/100|[from] ability: Hospitality|[of] p1b: Sinistcha\n|turn|12\n|\n|t:|1776425818\n|switch|p1a: Aggron|Aggron-Mega, L50, M|17/100\n|move|p2a: Dragapult|Phantom Force||[still]\n|-prepare|p2a: Dragapult|Phantom Force\n|move|p2b: Meganium|Solar Beam||[still]\n|-prepare|p2b: Meganium|Solar Beam\n|-activate|p2b: Meganium|ability: Mega Sol\n|-anim|p2b: Meganium|Solar Beam|p1a: Aggron\n|-resisted|p1a: Aggron|1\n|-damage|p1a: Aggron|6/100\n|move|p1b: Sinistcha|Life Dew|p1b: Sinistcha|[spread] p1a,p1b\n|-heal|p1a: Aggron|30/100\n|-heal|p1b: Sinistcha|100/100\n|\n|-weather|RainDance|[upkeep]\n|upkeep\n|turn|13\n|\n|t:|1776425836\n|switch|p1b: Pelipper|Pelipper, L50, M|36/100\n|move|p1a: Aggron|Protect|p1a: Aggron\n|-singleturn|p1a: Aggron|Protect\n|move|p2a: Dragapult|Phantom Force|p1b: Pelipper|[from] lockedmove\n|-damage|p1b: Pelipper|0 fnt\n|faint|p1b: Pelipper\n|move|p2b: Meganium|Weather Ball|p1a: Aggron\n|-activate|p1a: Aggron|move: Protect\n|\n|-weather|none\n|upkeep\n|\n|t:|1776425847\n|switch|p1b: Sinistcha|Sinistcha, L50|100/100\n|-heal|p1a: Aggron|55/100|[from] ability: Hospitality|[of] p1b: Sinistcha\n|turn|14\n|\n|t:|1776425868\n|move|p2b: Meganium|Protect|p2b: Meganium\n|-singleturn|p2b: Meganium|Protect\n|move|p2a: Dragapult|Phantom Force||[still]\n|-prepare|p2a: Dragapult|Phantom Force\n|move|p1a: Aggron|Heavy Slam|p2b: Meganium\n|-activate|p2b: Meganium|move: Protect\n|move|p1b: Sinistcha|Trick Room|p1b: Sinistcha\n|-fieldstart|move: Trick Room|[of] p1b: Sinistcha\n|\n|upkeep\n|turn|15\n|\n|t:|1776425880\n|move|p1a: Aggron|Heavy Slam|p2b: Meganium\n|-supereffective|p2b: Meganium|1\n|-damage|p2b: Meganium|0 fnt\n|faint|p2b: Meganium\n|move|p1b: Sinistcha|Life Dew||[still]|[spread] p1a,p1b\n|-heal|p1a: Aggron|80/100\n|-fail|p1b: Sinistcha|heal\n|move|p2a: Dragapult|Phantom Force|p1b: Sinistcha|[from] lockedmove\n|-supereffective|p1b: Sinistcha|1\n|-damage|p1b: Sinistcha|22/100\n|-enditem|p1b: Sinistcha|Sitrus Berry|[eat]\n|-heal|p1b: Sinistcha|47/100|[from] item: Sitrus Berry\n|\n|upkeep\n|turn|16\n|-message|tsukifrombilllie forfeited.\n|\n|win|Dukin\n|raw|Dukin's rating: 1181 &rarr; <strong>1209</strong><br />(+28 for winning)\n|raw|tsukifrombilllie's rating: 1220 &rarr; <strong>1192</strong><br />(-28 for losing)\n",
  "uploadtime": 1776425893,
  "views": 27,
  "formatid": "gen9championsvgc2026regma",
  "rating": 1192,
  "private": 0,
  "password": null
}