{
  "id": "gen9championsvgc2026regma-2587268244",
  "format": "[Gen 9 Champions] VGC 2026 Reg M-A",
  "players": [
    "You're Sea Food",
    "lolgz"
  ],
  "log": "|j|\u2606You're Sea Food\n|j|\u2606lolgz\n|html|<table width=\"100%\"><tr><td align=\"left\">You&apos;re Sea Food</td><td align=\"right\">lolgz</tr><tr><td align=\"left\"><i class=\"fa fa-circle-o\"></i> <i class=\"fa fa-circle-o\"></i> </td><td align=\"right\"><i class=\"fa fa-circle-o\"></i> <i class=\"fa fa-circle\"></i> </tr></table>\n|uhtml|bestof|<h2><strong>Game 2</strong> of <a href=\"/game-bestof3-gen9championsvgc2026regma-2587265858\">a best-of-3</a></h2>\n|t:|1776516479\n|gametype|doubles\n|player|p1|You're Sea Food|fisherman|\n|player|p2|lolgz|dawn|\n|gen|9\n|tier|[Gen 9 Champions] VGC 2026 Reg M-A\n|rated|Tournament battle\n|rule|Species Clause: Limit one of each Pok\u00e9mon\n|rule|Item Clause: Limit 1 of each item\n|raw|<div class=\"infobox\"><details class=\"readmore\" open><summary><strong>2 custom rules:</strong></summary> Force Open Team Sheets, Best of = 3</details></div>\n|clearpoke\n|poke|p1|Rotom-Mow, L50|\n|poke|p1|Tyranitar, L50, F|\n|poke|p1|Garchomp, L50, F|\n|poke|p1|Corviknight, L50, M|\n|poke|p1|Dragapult, L50, M|\n|poke|p1|Volcarona, L50, F|\n|poke|p2|Floette-Eternal, L50, F|\n|poke|p2|Aerodactyl, L50, M|\n|poke|p2|Basculegion, L50, M|\n|poke|p2|Delphox, L50, M|\n|poke|p2|Garchomp, L50, M|\n|poke|p2|Sinistcha, L50|\n|teampreview|4\n|showteam|p1|Rotom-Mow||SitrusBerry|Levitate|Protect,WillOWisp,LeafStorm,Thunderbolt||||||50|]Tyranitar||FocusSash|SandStream|Protect,ThunderWave,RockSlide,Crunch|||F|||50|]Garchomp||Garchompite|SandVeil|Protect,RockSlide,Earthquake,ScaleShot|||F|||50|]Corviknight||Leftovers|MirrorArmor|BraveBird,BodyPress,Swagger,Tailwind|||M|||50|]Dragapult||LumBerry|ClearBody|DragonDarts,PsychicFangs,BatonPass,ThunderWave|||M|||50|]Volcarona||ChestoBerry|FlameBody|Overheat,StruggleBug,RagePowder,Rest|||F|||50|\n|showteam|p2|Floette-Eternal||Floettite|FlowerVeil|Moonblast,DazzlingGleam,LightofRuin,Protect|||F|||50|]Aerodactyl||FocusSash|Unnerve|RockSlide,DualWingbeat,WideGuard,Tailwind|||M|||50|]Basculegion||ChoiceScarf|Adaptability|LastRespects,WaveCrash,AquaJet,FlipTurn|||M|||50|]Delphox||Delphoxite|Blaze|HeatWave,Psychic,Substitute,Protect|||M|||50|]Garchomp||WhiteHerb|SandVeil|Earthquake,DragonClaw,RockSlide,Protect|||M|||50|]Sinistcha||SitrusBerry|Hospitality|ShadowBall,MatchaGotcha,TrickRoom,RagePowder||||||50|\n|\n|t:|1776516517\n|teamsize|p1|4\n|teamsize|p2|4\n|start\n|switch|p1a: Rotom|Rotom-Mow, L50|100/100\n|switch|p1b: Dragapult|Dragapult, L50, M|100/100\n|switch|p2a: Aerodactyl|Aerodactyl, L50, M|100/100\n|switch|p2b: Garchomp|Garchomp, L50, M|100/100\n|-ability|p2a: Aerodactyl|Unnerve\n|turn|1\n|\n|t:|1776516555\n|move|p1b: Dragapult|Thunder Wave|p2a: Aerodactyl\n|-status|p2a: Aerodactyl|par\n|move|p2b: Garchomp|Dragon Claw|p1b: Dragapult\n|-supereffective|p1b: Dragapult|1\n|-damage|p1b: Dragapult|0 fnt\n|faint|p1b: Dragapult\n|move|p1a: Rotom|Will-O-Wisp|p2b: Garchomp\n|-status|p2b: Garchomp|brn\n|move|p2a: Aerodactyl|Tailwind|p2a: Aerodactyl\n|-sidestart|p2: lolgz|move: Tailwind\n|\n|-damage|p2b: Garchomp|94/100 brn|[from] brn\n|upkeep\n|\n|t:|1776516565\n|switch|p1b: Corviknight|Corviknight, L50, M|100/100\n|turn|2\n|\n|t:|1776516570\n|switch|p2b: Delphox|Delphox, L50, M|100/100\n|move|p2a: Aerodactyl|Dual Wingbeat|p1a: Rotom\n|-damage|p1a: Rotom|85/100\n|-damage|p1a: Rotom|68/100\n|-hitcount|p1a: Rotom|2\n|move|p1a: Rotom|Thunderbolt|p2a: Aerodactyl\n|-supereffective|p2a: Aerodactyl|1\n|-damage|p2a: Aerodactyl|6/100 par\n|move|p1b: Corviknight|Tailwind|p1b: Corviknight\n|-sidestart|p1: You're Sea Food|move: Tailwind\n|\n|upkeep\n|turn|3\n|j| reanschawrzer\n|\n|t:|1776516582\n|switch|p1b: Garchomp|Garchomp, L50, F|100/100\n|detailschange|p2b: Delphox|Delphox-Mega, L50, M\n|-mega|p2b: Delphox|Delphox|Delphoxite\n|move|p1a: Rotom|Protect|p1a: Rotom\n|-singleturn|p1a: Rotom|Protect\n|move|p2b: Delphox|Heat Wave|p1b: Garchomp|[spread] p1b\n|-activate|p1a: Rotom|move: Protect\n|-resisted|p1b: Garchomp|1\n|-damage|p1b: Garchomp|80/100\n|move|p2a: Aerodactyl|Dual Wingbeat|p1a: Rotom\n|-activate|p1a: Rotom|move: Protect\n|\n|upkeep\n|turn|4\n|\n|t:|1776516609\n|switch|p2a: Sinistcha|Sinistcha, L50|100/100\n|detailschange|p1b: Garchomp|Garchomp-Mega, L50, F\n|-mega|p1b: Garchomp|Garchomp|Garchompite\n|move|p1a: Rotom|Protect|p1a: Rotom\n|-singleturn|p1a: Rotom|Protect\n|move|p2b: Delphox|Heat Wave|p1a: Rotom|[spread] p1b\n|-activate|p1a: Rotom|move: Protect\n|-resisted|p1b: Garchomp|1\n|-damage|p1b: Garchomp|61/100\n|move|p1b: Garchomp|Scale Shot|p2b: Delphox\n|-damage|p2b: Delphox|76/100\n|-damage|p2b: Delphox|52/100\n|-hitcount|p2b: Delphox|2\n|-unboost|p1b: Garchomp|def|1\n|-boost|p1b: Garchomp|spe|1\n|\n|-sideend|p2: lolgz|move: Tailwind\n|upkeep\n|turn|5\n|\n|t:|1776516628\n|move|p2a: Sinistcha|Rage Powder|p2a: Sinistcha\n|-singleturn|p2a: Sinistcha|move: Rage Powder\n|move|p1b: Garchomp|Rock Slide|p2b: Delphox|[spread] p2a,p2b\n|-supereffective|p2b: Delphox|1\n|-damage|p2a: Sinistcha|84/100\n|-damage|p2b: Delphox|0 fnt\n|faint|p2b: Delphox\n|move|p1a: Rotom|Thunderbolt|p2a: Sinistcha\n|-resisted|p2a: Sinistcha|1\n|-damage|p2a: Sinistcha|65/100\n|\n|-sideend|p1: You're Sea Food|move: Tailwind\n|upkeep\n|\n|t:|1776516634\n|switch|p2b: Aerodactyl|Aerodactyl, L50, M|6/100 par\n|-ability|p2b: Aerodactyl|Unnerve\n|turn|6\n|\n|t:|1776516646\n|move|p2b: Aerodactyl|Wide Guard|p2b: Aerodactyl\n|-singleturn|p2b: Aerodactyl|Wide Guard\n|move|p1b: Garchomp|Rock Slide|p2b: Aerodactyl|[spread] \n|-activate|p2a: Sinistcha|move: Wide Guard\n|-activate|p2b: Aerodactyl|move: Wide Guard\n|move|p1a: Rotom|Thunderbolt|p2a: Sinistcha\n|-resisted|p2a: Sinistcha|1\n|-damage|p2a: Sinistcha|45/100\n|-enditem|p2a: Sinistcha|Sitrus Berry|[eat]\n|-heal|p2a: Sinistcha|70/100|[from] item: Sitrus Berry\n|move|p2a: Sinistcha|Matcha Gotcha|p1a: Rotom|[spread] p1a,p1b\n|-resisted|p1a: Rotom|1\n|-damage|p1a: Rotom|56/100\n|-heal|p2a: Sinistcha|75/100|[from] drain|[of] p1a: Rotom\n|-damage|p1b: Garchomp|38/100\n|-heal|p2a: Sinistcha|88/100|[from] drain|[of] p1b: Garchomp\n|\n|upkeep\n|turn|7\n|\n|t:|1776516677\n|move|p1b: Garchomp|Protect|p1b: Garchomp\n|-singleturn|p1b: Garchomp|Protect\n|move|p1a: Rotom|Thunderbolt|p2b: Aerodactyl\n|-supereffective|p2b: Aerodactyl|1\n|-damage|p2b: Aerodactyl|0 fnt\n|faint|p2b: Aerodactyl\n|move|p2a: Sinistcha|Shadow Ball|p1b: Garchomp\n|-activate|p1b: Garchomp|move: Protect\n|\n|upkeep\n|\n|t:|1776516682\n|switch|p2b: Garchomp|Garchomp, L50, M|94/100 brn\n|turn|8\n|\n|t:|1776516691\n|move|p1b: Garchomp|Earthquake|p2b: Garchomp|[spread] p2a,p2b\n|-immune|p1a: Rotom|[from] ability: Levitate\n|-resisted|p2a: Sinistcha|1\n|-damage|p2a: Sinistcha|73/100\n|-damage|p2b: Garchomp|45/100 brn\n|move|p2b: Garchomp|Dragon Claw|p1a: Rotom\n|-damage|p1a: Rotom|39/100\n|-enditem|p1a: Rotom|Sitrus Berry|[eat]\n|-heal|p1a: Rotom|64/100|[from] item: Sitrus Berry\n|move|p1a: Rotom|Leaf Storm|p2b: Garchomp\n|-damage|p2b: Garchomp|0 fnt\n|-unboost|p1a: Rotom|spa|2\n|faint|p2b: Garchomp\n|move|p2a: Sinistcha|Matcha Gotcha|p1b: Garchomp|[spread] p1a\n|-miss|p2a: Sinistcha|p1b: Garchomp\n|-resisted|p1a: Rotom|1\n|-damage|p1a: Rotom|51/100\n|-heal|p2a: Sinistcha|79/100|[from] drain|[of] p1a: Rotom\n|-status|p1a: Rotom|brn\n|\n|-damage|p1a: Rotom|45/100 brn|[from] brn\n|upkeep\n|turn|9\n|\n|t:|1776516711\n|switch|p1a: Corviknight|Corviknight, L50, M|100/100\n|move|p1b: Garchomp|Protect|p1b: Garchomp\n|-singleturn|p1b: Garchomp|Protect\n|move|p2a: Sinistcha|Matcha Gotcha|p1a: Corviknight|[spread] p1a\n|-activate|p1b: Garchomp|move: Protect\n|-resisted|p1a: Corviknight|2\n|-damage|p1a: Corviknight|95/100\n|-heal|p2a: Sinistcha|82/100|[from] drain|[of] p1a: Corviknight\n|\n|-heal|p1a: Corviknight|100/100|[from] item: Leftovers\n|upkeep\n|turn|10\n|\n|t:|1776516717\n|move|p1b: Garchomp|Scale Shot|p2a: Sinistcha\n|-damage|p2a: Sinistcha|70/100\n|-damage|p2a: Sinistcha|59/100\n|-damage|p2a: Sinistcha|48/100\n|-hitcount|p2a: Sinistcha|3\n|-unboost|p1b: Garchomp|def|1\n|-boost|p1b: Garchomp|spe|1\n|move|p1a: Corviknight|Brave Bird|p2a: Sinistcha\n|-supereffective|p2a: Sinistcha|1\n|-damage|p2a: Sinistcha|0 fnt\n|faint|p2a: Sinistcha\n|-damage|p1a: Corviknight|87/100|[from] Recoil\n|\n|win|You're Sea Food\n",
  "uploadtime": 1776516717,
  "views": 11,
  "formatid": "gen9championsvgc2026regma",
  "rating": null,
  "private": 0,
  "password": null
}