{
  "id": "gen9championsvgc2026regma-2584490597",
  "format": "[Gen 9 Champions] VGC 2026 Reg M-A",
  "players": [
    "sim1989",
    "yuriimon"
  ],
  "log": "|j|\u2606sim1989\n|j|\u2606yuriimon\n|t:|1776264334\n|gametype|doubles\n|player|p1|sim1989|101|1095\n|player|p2|yuriimon|waitress-gen4|1169\n|gen|9\n|tier|[Gen 9 Champions] VGC 2026 Reg M-A\n|rated|\n|rule|Species Clause: Limit one of each Pok\u00e9mon\n|rule|Item Clause: Limit 1 of each item\n|clearpoke\n|poke|p1|Starmie, L50|\n|poke|p1|Slowking-Galar, L50, M|\n|poke|p1|Snorlax, L50, F|\n|poke|p1|Emboar, L50, M|\n|poke|p1|Zoroark-Hisui, L50, M|\n|poke|p1|Kingambit, L50, F|\n|poke|p2|Glimmora, L50, F|\n|poke|p2|Incineroar, L50, M|\n|poke|p2|Archaludon, L50, F|\n|poke|p2|Politoed, L50, M|\n|poke|p2|Basculegion, L50, M|\n|poke|p2|Chesnaught, L50, F|\n|teampreview|4\n|inactive|Battle timer is ON: inactive players will automatically lose when time's up. (requested by yuriimon)\n|inactive|yuriimon has 60 seconds left.\n|\n|t:|1776264379\n|teamsize|p1|4\n|teamsize|p2|4\n|start\n|switch|p1a: Slowking|Slowking-Galar, L50, M|100/100\n|switch|p1b: Snorlax|Snorlax, L50, F|100/100\n|switch|p2a: Glimmora|Glimmora, L50, F|100/100\n|switch|p2b: Basculegion|Basculegion, L50, M|100/100\n|-clearboost|p1b: Snorlax|[from] ability: Curious Medicine|[of] p1a: Slowking\n|turn|1\n|\n|t:|1776264404\n|switch|p2a: Incineroar|Incineroar, L50, M|100/100\n|-ability|p2a: Incineroar|Intimidate|boost\n|-unboost|p1a: Slowking|atk|1\n|-unboost|p1b: Snorlax|atk|1\n|move|p2b: Basculegion|Wave Crash|p1a: Slowking\n|-damage|p1a: Slowking|32/100\n|-damage|p2b: Basculegion|80/100|[from] Recoil\n|move|p1b: Snorlax|Belly Drum|p1b: Snorlax\n|-damage|p1b: Snorlax|51/100\n|-setboost|p1b: Snorlax|atk|6|[from] move: Belly Drum\n|move|p1a: Slowking|Trick Room|p1a: Slowking\n|-fieldstart|move: Trick Room|[of] p1a: Slowking\n|\n|upkeep\n|turn|2\n|inactive|sim1989 has 30 seconds left.\n|\n|t:|1776264436\n|move|p1a: Slowking|Protect|p1a: Slowking\n|-singleturn|p1a: Slowking|Protect\n|move|p2a: Incineroar|Fake Out|p1b: Snorlax\n|-damage|p1b: Snorlax|43/100\n|-enditem|p1b: Snorlax|Sitrus Berry|[eat]\n|-heal|p1b: Snorlax|67/100|[from] item: Sitrus Berry\n|cant|p1b: Snorlax|flinch\n|move|p2b: Basculegion|Wave Crash|p1b: Snorlax\n|-damage|p1b: Snorlax|11/100\n|-damage|p2b: Basculegion|58/100|[from] Recoil\n|\n|upkeep\n|turn|3\n|\n|t:|1776264457\n|move|p2b: Basculegion|Aqua Jet|p1b: Snorlax\n|-damage|p1b: Snorlax|0 fnt\n|faint|p1b: Snorlax\n|move|p1a: Slowking|Heal Pulse|p1: Snorlax|[notarget]\n|-fail|p1a: Slowking\n|move|p2a: Incineroar|Darkest Lariat|p1a: Slowking\n|-supereffective|p1a: Slowking|1\n|-damage|p1a: Slowking|0 fnt\n|faint|p1a: Slowking\n|\n|upkeep\n|\n|t:|1776264469\n|switch|p1b: Starmie|Starmie, L50|100/100\n|switch|p1a: Kingambit|Kingambit, L50, F|100/100\n|turn|4\n|\n|t:|1776264484\n|switch|p2b: Glimmora|Glimmora, L50, F|100/100\n|detailschange|p1b: Starmie|Starmie-Mega, L50\n|-mega|p1b: Starmie|Starmie|Starminite\n|move|p1b: Starmie|Aqua Jet|p2a: Incineroar\n|-supereffective|p2a: Incineroar|1\n|-damage|p2a: Incineroar|48/100\n|-enditem|p2a: Incineroar|Sitrus Berry|[eat]\n|-heal|p2a: Incineroar|73/100|[from] item: Sitrus Berry\n|move|p1a: Kingambit|Kowtow Cleave|p2b: Glimmora\n|-damage|p2b: Glimmora|33/100\n|-activate|p2b: Glimmora|ability: Toxic Debris\n|-sidestart|p1: sim1989|move: Toxic Spikes\n|move|p2a: Incineroar|Darkest Lariat|p1b: Starmie\n|-supereffective|p1b: Starmie|1\n|-damage|p1b: Starmie|11/100\n|\n|upkeep\n|turn|5\n|inactive|sim1989 has 30 seconds left.\n|\n|t:|1776264518\n|switch|p2a: Basculegion|Basculegion, L50, M|58/100\n|detailschange|p2b: Glimmora|Glimmora-Mega, L50, F\n|-mega|p2b: Glimmora|Glimmora|Glimmoranite\n|move|p2b: Glimmora|Protect|p2b: Glimmora\n|-singleturn|p2b: Glimmora|Protect\n|move|p1b: Starmie|Aqua Jet|p2b: Glimmora\n|-activate|p2b: Glimmora|move: Protect\n|move|p1a: Kingambit|Iron Head|p2a: Basculegion\n|-resisted|p2a: Basculegion|1\n|-damage|p2a: Basculegion|31/100\n|\n|-fieldend|move: Trick Room\n|upkeep\n|turn|6\n|inactive|sim1989 has 30 seconds left.\n|\n|t:|1776264545\n|move|p2a: Basculegion|Aqua Jet|p1b: Starmie\n|-resisted|p1b: Starmie|1\n|-damage|p1b: Starmie|0 fnt\n|faint|p1b: Starmie\n|move|p1a: Kingambit|Sucker Punch||[still]\n|-fail|p1a: Kingambit\n|move|p2b: Glimmora|Earth Power|p1a: Kingambit\n|-supereffective|p1a: Kingambit|1\n|-damage|p1a: Kingambit|24/100\n|\n|upkeep\n|turn|7\n|-message|sim1989 forfeited.\n|\n|win|yuriimon\n|raw|sim1989's rating: 1095 &rarr; <strong>1076</strong><br />(-19 for losing)\n|raw|yuriimon's rating: 1169 &rarr; <strong>1189</strong><br />(+20 for winning)\n|l|\u2606sim1989\n|player|p1|\n",
  "uploadtime": 1776264564,
  "views": 19,
  "formatid": "gen9championsvgc2026regma",
  "rating": 1076,
  "private": 0,
  "password": null
}