{
  "id": "gen9championsvgc2026regma-2584084640",
  "format": "[Gen 9 Champions] VGC 2026 Reg M-A",
  "players": [
    "cincip",
    "Holibrand"
  ],
  "log": "|j|\u2606cincip\n|j|\u2606Holibrand\n|t:|1776223523\n|gametype|doubles\n|player|p1|cincip|1|1000\n|player|p2|Holibrand|pokemonbreeder-gen4|1081\n|gen|9\n|tier|[Gen 9 Champions] VGC 2026 Reg M-A\n|rated|\n|rule|Species Clause: Limit one of each Pok\u00e9mon\n|rule|Item Clause: Limit 1 of each item\n|clearpoke\n|poke|p1|Greninja-*, L50, F|\n|poke|p1|Tyranitar, L50, F|\n|poke|p1|Excadrill, L50, M|\n|poke|p1|Rotom-Mow, L50|\n|poke|p1|Garchomp, L50, M|\n|poke|p1|Aerodactyl, L50, M|\n|poke|p2|Arcanine, L50, F|\n|poke|p2|Primarina, L50, M|\n|poke|p2|Whimsicott, L50, F|\n|poke|p2|Charizard, L50, F|\n|poke|p2|Excadrill, L50, F|\n|poke|p2|Sneasler, L50, F|\n|teampreview|4\n|inactive|Battle timer is ON: inactive players will automatically lose when time's up. (requested by Holibrand)\n|\n|t:|1776223552\n|teamsize|p1|4\n|teamsize|p2|4\n|start\n|switch|p1a: Aerodactyl|Aerodactyl, L50, M, shiny|100/100\n|switch|p1b: Greninja|Greninja, L50, F, shiny|100/100\n|switch|p2a: Whimsicott|Whimsicott, L50, F|100/100\n|switch|p2b: Sneasler|Sneasler, L50, F|100/100\n|-ability|p1a: Aerodactyl|Unnerve\n|turn|1\n|inactive|cincip has 30 seconds left.\n|\n|t:|1776223582\n|detailschange|p1b: Greninja|Greninja-Mega, L50, F, shiny\n|-mega|p1b: Greninja|Greninja|Greninjite\n|move|p2a: Whimsicott|Protect|p2a: Whimsicott\n|-singleturn|p2a: Whimsicott|Protect\n|move|p1b: Greninja|Sludge Wave|p2b: Sneasler|[spread] p1a,p2b\n|-start|p1b: Greninja|typechange|Poison|[from] ability: Protean\n|-activate|p2a: Whimsicott|move: Protect\n|-resisted|p1a: Aerodactyl|1\n|-resisted|p2b: Sneasler|1\n|-damage|p1a: Aerodactyl|73/100\n|-damage|p2b: Sneasler|74/100\n|move|p1a: Aerodactyl|Dual Wingbeat|p2b: Sneasler\n|-supereffective|p2b: Sneasler|1\n|-damage|p2b: Sneasler|0 fnt\n|faint|p2b: Sneasler\n|-hitcount|p2: Sneasler|1\n|\n|upkeep\n|inactive|Holibrand has 30 seconds left.\n|\n|t:|1776223608\n|switch|p2b: Arcanine|Arcanine, L50, F|100/100\n|-ability|p2b: Arcanine|Intimidate|boost\n|-unboost|p1a: Aerodactyl|atk|1\n|-unboost|p1b: Greninja|atk|1\n|turn|2\n|\n|t:|1776223629\n|switch|p1a: Tyranitar|Tyranitar, L50, F, shiny|100/100\n|-weather|Sandstorm|[from] ability: Sand Stream|[of] p1a: Tyranitar\n|move|p2a: Whimsicott|Tailwind|p2a: Whimsicott\n|-sidestart|p2: Holibrand|move: Tailwind\n|move|p2b: Arcanine|Psychic Fangs|p1b: Greninja\n|-supereffective|p1b: Greninja|1\n|-damage|p1b: Greninja|29/100\n|move|p1b: Greninja|Weather Ball|p2b: Arcanine\n|-supereffective|p2b: Arcanine|1\n|-damage|p2b: Arcanine|30/100\n|\n|-weather|Sandstorm|[upkeep]\n|-damage|p2a: Whimsicott|95/100|[from] Sandstorm\n|-damage|p2b: Arcanine|24/100|[from] Sandstorm\n|-damage|p1b: Greninja|23/100|[from] Sandstorm\n|upkeep\n|turn|3\n|\n|t:|1776223654\n|move|p2a: Whimsicott|Protect|p2a: Whimsicott\n|-singleturn|p2a: Whimsicott|Protect\n|move|p2b: Arcanine|Protect|p2b: Arcanine\n|-singleturn|p2b: Arcanine|Protect\n|move|p1b: Greninja|Protect|p1b: Greninja\n|-singleturn|p1b: Greninja|Protect\n|move|p1a: Tyranitar|Rock Slide|p2b: Arcanine|[spread] \n|-activate|p2a: Whimsicott|move: Protect\n|-activate|p2b: Arcanine|move: Protect\n|\n|-weather|Sandstorm|[upkeep]\n|-damage|p2a: Whimsicott|89/100|[from] Sandstorm\n|-damage|p2b: Arcanine|18/100|[from] Sandstorm\n|-damage|p1b: Greninja|17/100|[from] Sandstorm\n|upkeep\n|turn|4\n|inactive|cincip has 30 seconds left.\n|inactive|Holibrand has 30 seconds left.\n|\n|t:|1776223683\n|switch|p1b: Rotom|Rotom-Mow, L50, shiny|100/100\n|move|p2a: Whimsicott|Dazzling Gleam|p1a: Tyranitar|[spread] p1a,p1b\n|-supereffective|p1a: Tyranitar|1\n|-damage|p1a: Tyranitar|70/100\n|-damage|p1b: Rotom|70/100\n|move|p2b: Arcanine|Burn Up|p1b: Rotom\n|-supereffective|p1b: Rotom|1\n|-damage|p1b: Rotom|0 fnt\n|-start|p2b: Arcanine|typechange|???|[from] move: Burn Up\n|faint|p1b: Rotom\n|move|p1a: Tyranitar|Rock Slide|p2a: Whimsicott|[spread] p2a,p2b\n|-damage|p2a: Whimsicott|47/100\n|-damage|p2b: Arcanine|0 fnt\n|faint|p2b: Arcanine\n|\n|-weather|Sandstorm|[upkeep]\n|-damage|p2a: Whimsicott|41/100|[from] Sandstorm\n|upkeep\n|\n|t:|1776223699\n|switch|p1b: Aerodactyl|Aerodactyl, L50, M, shiny|73/100\n|switch|p2b: Charizard|Charizard, L50, F|100/100\n|-ability|p1b: Aerodactyl|Unnerve\n|turn|5\n|\n|t:|1776223719\n|detailschange|p2b: Charizard|Charizard-Mega-Y, L50, F\n|-mega|p2b: Charizard|Charizard|Charizardite Y\n|-weather|SunnyDay|[from] ability: Drought|[of] p2b: Charizard\n|move|p2a: Whimsicott|Dazzling Gleam|p1b: Aerodactyl|[spread] p1a,p1b\n|-supereffective|p1a: Tyranitar|1\n|-damage|p1a: Tyranitar|25/100\n|-damage|p1b: Aerodactyl|36/100\n|move|p2b: Charizard|Heat Wave|p1a: Tyranitar|[spread] p1a,p1b\n|-resisted|p1a: Tyranitar|1\n|-resisted|p1b: Aerodactyl|1\n|-damage|p1a: Tyranitar|0 fnt\n|-damage|p1b: Aerodactyl|0 fnt\n|faint|p1a: Tyranitar\n|faint|p1b: Aerodactyl\n|\n|-weather|SunnyDay|[upkeep]\n|-sideend|p2: Holibrand|move: Tailwind\n|upkeep\n|\n|t:|1776223731\n|switch|p1b: Greninja|Greninja-Mega, L50, F, shiny|17/100\n|turn|6\n|\n|t:|1776223742\n|move|p2a: Whimsicott|Protect|p2a: Whimsicott\n|-singleturn|p2a: Whimsicott|Protect\n|move|p2b: Charizard|Protect|p2b: Charizard\n|-singleturn|p2b: Charizard|Protect\n|move|p1b: Greninja|Sludge Wave|p2b: Charizard|[spread] \n|-start|p1b: Greninja|typechange|Poison|[from] ability: Protean\n|-activate|p2a: Whimsicott|move: Protect\n|-activate|p2b: Charizard|move: Protect\n|\n|-weather|SunnyDay|[upkeep]\n|upkeep\n|turn|7\n|\n|t:|1776223753\n|move|p2a: Whimsicott|Tailwind|p2a: Whimsicott\n|-sidestart|p2: Holibrand|move: Tailwind\n|move|p2b: Charizard|Solar Beam||[still]\n|-prepare|p2b: Charizard|Solar Beam\n|-anim|p2b: Charizard|Solar Beam|p1b: Greninja\n|-resisted|p1b: Greninja|1\n|-damage|p1b: Greninja|0 fnt\n|faint|p1b: Greninja\n|\n|win|Holibrand\n|raw|cincip's rating: 1000 &rarr; <strong>1000</strong><br />(+0 for losing)\n|raw|Holibrand's rating: 1081 &rarr; <strong>1102</strong><br />(+21 for winning)\n|l|\u2606cincip\n|player|p1|\n",
  "uploadtime": 1776223762,
  "views": 34,
  "formatid": "gen9championsvgc2026regma",
  "rating": 1000,
  "private": 0,
  "password": null
}