{
  "id": "gen9championsvgc2026regma-2586648161",
  "format": "[Gen 9 Champions] VGC 2026 Reg M-A",
  "players": [
    "sciwilliam",
    "hunterasalways"
  ],
  "log": "|j|\u2606sciwilliam\n|j|\u2606hunterasalways\n|t:|1776449283\n|gametype|doubles\n|player|p1|sciwilliam|hilbert|1026\n|player|p2|hunterasalways|hiker-gen4|1086\n|gen|9\n|tier|[Gen 9 Champions] VGC 2026 Reg M-A\n|rated|\n|rule|Species Clause: Limit one of each Pok\u00e9mon\n|rule|Item Clause: Limit 1 of each item\n|clearpoke\n|poke|p1|Gengar, L50, M|\n|poke|p1|Talonflame, L50, M|\n|poke|p1|Sinistcha, L50|\n|poke|p1|Quaquaval, L50, F|\n|poke|p1|Goodra-Hisui, L50, M|\n|poke|p1|Gyarados, L50, M|\n|poke|p2|Abomasnow, L50, F|\n|poke|p2|Crabominable, L50, F|\n|poke|p2|Incineroar, L50, M|\n|poke|p2|Milotic, L50, F|\n|poke|p2|Hatterene, L50, F|\n|poke|p2|Aegislash, L50, F|\n|teampreview|4\n|inactive|Battle timer is ON: inactive players will automatically lose when time's up. (requested by sciwilliam)\n|inactive|hunterasalways has 60 seconds left.\n|\n|t:|1776449317\n|teamsize|p1|4\n|teamsize|p2|4\n|start\n|switch|p1a: Gengar|Gengar, L50, M|100/100\n|switch|p1b: Talonflame|Talonflame, L50, M|100/100\n|switch|p2a: Incineroar|Incineroar, L50, M|100/100\n|switch|p2b: Hatterene|Hatterene, L50, F|100/100\n|-ability|p2a: Incineroar|Intimidate|boost\n|-unboost|p1a: Gengar|atk|1\n|-unboost|p1b: Talonflame|atk|1\n|turn|1\n|inactive|sciwilliam has 30 seconds left.\n|\n|t:|1776449344\n|detailschange|p1a: Gengar|Gengar-Mega, L50, M\n|-mega|p1a: Gengar|Gengar|Gengarite\n|move|p1b: Talonflame|Upper Hand||[still]\n|-fail|p1b: Talonflame\n|move|p1a: Gengar|Sludge Bomb|p2b: Hatterene\n|-supereffective|p2b: Hatterene|1\n|-damage|p2b: Hatterene|0 fnt\n|faint|p2b: Hatterene\n|move|p2a: Incineroar|Darkest Lariat|p1a: Gengar\n|-supereffective|p1a: Gengar|1\n|-damage|p1a: Gengar|0 fnt\n|faint|p1a: Gengar\n|\n|upkeep\n|\n|t:|1776449361\n|switch|p1a: Quaquaval|Quaquaval, L50, F|100/100\n|switch|p2b: Aegislash|Aegislash, L50, F|100/100\n|turn|2\n|\n|t:|1776449377\n|move|p2a: Incineroar|Protect|p2a: Incineroar\n|-singleturn|p2a: Incineroar|Protect\n|move|p1b: Talonflame|Tailwind|p1b: Talonflame\n|-sidestart|p1: sciwilliam|move: Tailwind\n|move|p1a: Quaquaval|Wave Crash|p2a: Incineroar\n|-activate|p2a: Incineroar|move: Protect\n|-formechange|p2b: Aegislash|Aegislash-Blade|\n|move|p2b: Aegislash|Poltergeist|p1b: Talonflame\n|-activate|p1b: Talonflame|move: Poltergeist|Focus Sash\n|-crit|p1b: Talonflame\n|-enditem|p1b: Talonflame|Focus Sash\n|-damage|p1b: Talonflame|1/100\n|\n|upkeep\n|turn|3\n|inactive|hunterasalways has 30 seconds left.\n|\n|t:|1776449403\n|move|p2b: Aegislash|Shadow Sneak|p1b: Talonflame\n|-damage|p1b: Talonflame|0 fnt\n|faint|p1b: Talonflame\n|move|p1a: Quaquaval|Wave Crash|p2a: Incineroar\n|-supereffective|p2a: Incineroar|1\n|-damage|p2a: Incineroar|0 fnt\n|faint|p2a: Incineroar\n|-ability|p1a: Quaquaval|Moxie|boost\n|-boost|p1a: Quaquaval|atk|1\n|-damage|p1a: Quaquaval|59/100|[from] Recoil\n|\n|upkeep\n|\n|t:|1776449413\n|switch|p1b: Goodra|Goodra-Hisui, L50, M|100/100\n|switch|p2a: Crabominable|Crabominable, L50, F|100/100\n|turn|4\n|\n|t:|1776449432\n|detailschange|p2a: Crabominable|Crabominable-Mega, L50, F\n|-mega|p2a: Crabominable|Crabominable|Crabominite\n|move|p2a: Crabominable|Protect|p2a: Crabominable\n|-singleturn|p2a: Crabominable|Protect\n|move|p1a: Quaquaval|Wave Crash|p2a: Crabominable\n|-activate|p2a: Crabominable|move: Protect\n|move|p1b: Goodra|Iron Head|p2a: Crabominable\n|-activate|p2a: Crabominable|move: Protect\n|move|p2b: Aegislash|Poltergeist|p1a: Quaquaval|[miss]\n|-miss|p2b: Aegislash|p1a: Quaquaval\n|\n|upkeep\n|turn|5\n|\n|t:|1776449450\n|move|p2b: Aegislash|Shadow Sneak|p1a: Quaquaval\n|-damage|p1a: Quaquaval|29/100\n|move|p2a: Crabominable|Mach Punch|p1a: Quaquaval\n|-damage|p1a: Quaquaval|0 fnt\n|faint|p1a: Quaquaval\n|move|p1b: Goodra|Iron Head|p2a: Crabominable\n|-supereffective|p2a: Crabominable|1\n|-damage|p2a: Crabominable|56/100\n|\n|-sideend|p1: sciwilliam|move: Tailwind\n|upkeep\n|turn|6\n|\n|t:|1776449464\n|move|p2b: Aegislash|Poltergeist|p1b: Goodra\n|-activate|p1b: Goodra|move: Poltergeist|Chesto Berry\n|-damage|p1b: Goodra|44/100\n|move|p1b: Goodra|Iron Head|p2a: Crabominable\n|-supereffective|p2a: Crabominable|1\n|-damage|p2a: Crabominable|11/100\n|move|p2a: Crabominable|Close Combat|p1b: Goodra\n|-supereffective|p1b: Goodra|1\n|-damage|p1b: Goodra|0 fnt\n|-unboost|p2a: Crabominable|def|1\n|-unboost|p2a: Crabominable|spd|1\n|-ability|p1b: Goodra|Gooey\n|-unboost|p2a: Crabominable|spe|1\n|faint|p1b: Goodra\n|\n|win|hunterasalways\n|raw|sciwilliam's rating: 1026 &rarr; <strong>1014</strong><br />(-12 for losing)\n|raw|hunterasalways's rating: 1086 &rarr; <strong>1108</strong><br />(+22 for winning)\n|l|\u2606sciwilliam\n|player|p1|\n",
  "uploadtime": 1776449485,
  "views": 30,
  "formatid": "gen9championsvgc2026regma",
  "rating": 1014,
  "private": 0,
  "password": null
}