{
  "id": "gen9championsvgc2026regma-2587153981",
  "format": "[Gen 9 Champions] VGC 2026 Reg M-A",
  "players": [
    "talonflame76",
    "horus199"
  ],
  "log": "|j|\u2606talonflame76\n|j|\u2606horus199\n|t:|1776501342\n|gametype|doubles\n|player|p1|talonflame76|richboy|1162\n|player|p2|horus199|265|1196\n|gen|9\n|tier|[Gen 9 Champions] VGC 2026 Reg M-A\n|rated|\n|rule|Species Clause: Limit one of each Pok\u00e9mon\n|rule|Item Clause: Limit 1 of each item\n|clearpoke\n|poke|p1|Scizor, L50, M|\n|poke|p1|Milotic, L50, F|\n|poke|p1|Rotom-Mow, L50|\n|poke|p1|Skeledirge, L50, F|\n|poke|p1|Talonflame, L50, M|\n|poke|p1|Garchomp, L50, F|\n|poke|p2|Garchomp, L50, M|\n|poke|p2|Kangaskhan, L50, F|\n|poke|p2|Farigiraf, L50, M|\n|poke|p2|Aerodactyl, L50, F|\n|poke|p2|Camerupt, L50, M|\n|poke|p2|Gardevoir, L50, F|\n|teampreview|4\n|inactive|Battle timer is ON: inactive players will automatically lose when time's up. (requested by horus199)\n|inactive|talonflame76 has 60 seconds left.\n|inactive|horus199 has 60 seconds left.\n|\n|t:|1776501389\n|teamsize|p1|4\n|teamsize|p2|4\n|start\n|switch|p1a: Skeledirge|Skeledirge, L50, F|100/100\n|switch|p1b: Scizor|Scizor, L50, M|100/100\n|switch|p2a: Kangaskhan|Kangaskhan, L50, F|100/100\n|switch|p2b: Camerupt|Camerupt, L50, M|100/100\n|turn|1\n|\n|t:|1776501410\n|switch|p1b: Garchomp|Garchomp, L50, F|100/100\n|move|p2a: Kangaskhan|Fake Out|p1a: Skeledirge\n|-damage|p1a: Skeledirge|86/100\n|cant|p1a: Skeledirge|flinch\n|move|p2b: Camerupt|Heat Wave|p1a: Skeledirge|[spread] p1a,p1b\n|-resisted|p1a: Skeledirge|1\n|-resisted|p1b: Garchomp|1\n|-damage|p1a: Skeledirge|73/100\n|-damage|p1b: Garchomp|81/100\n|\n|upkeep\n|turn|2\n|\n|t:|1776501425\n|move|p1b: Garchomp|Protect|p1b: Garchomp\n|-singleturn|p1b: Garchomp|Protect\n|move|p2b: Camerupt|Protect|p2b: Camerupt\n|-singleturn|p2b: Camerupt|Protect\n|move|p2a: Kangaskhan|Double-Edge|p1a: Skeledirge\n|-damage|p1a: Skeledirge|31/100\n|-damage|p2a: Kangaskhan|87/100|[from] Recoil\n|move|p1a: Skeledirge|Yawn|p2b: Camerupt\n|-activate|p2b: Camerupt|move: Protect\n|\n|upkeep\n|turn|3\n|inactive|talonflame76 has 30 seconds left.\n|inactive|talonflame76 has 20 seconds left.\n|\n|t:|1776501463\n|switch|p2b: Aerodactyl|Aerodactyl, L50, F|100/100\n|-ability|p2b: Aerodactyl|Unnerve\n|move|p1a: Skeledirge|Protect|p1a: Skeledirge\n|-singleturn|p1a: Skeledirge|Protect\n|move|p1b: Garchomp|Earthquake|p2a: Kangaskhan|[spread] p2a\n|-activate|p1a: Skeledirge|move: Protect\n|-immune|p2b: Aerodactyl\n|-damage|p2a: Kangaskhan|50/100\n|move|p2a: Kangaskhan|Double-Edge|p1a: Skeledirge\n|-activate|p1a: Skeledirge|move: Protect\n|\n|upkeep\n|turn|4\n|\n|t:|1776501485\n|move|p2b: Aerodactyl|Tailwind|p2b: Aerodactyl\n|-sidestart|p2: horus199|move: Tailwind\n|move|p2a: Kangaskhan|Double-Edge|p1a: Skeledirge\n|-damage|p1a: Skeledirge|0 fnt\n|faint|p1a: Skeledirge\n|-damage|p2a: Kangaskhan|40/100|[from] Recoil\n|move|p1b: Garchomp|Rock Slide|p2b: Aerodactyl|[spread] p2a,p2b\n|-supereffective|p2b: Aerodactyl|1\n|-damage|p2a: Kangaskhan|16/100\n|-damage|p2b: Aerodactyl|41/100\n|\n|upkeep\n|\n|t:|1776501508\n|switch|p1a: Scizor|Scizor, L50, M|100/100\n|turn|5\n|\n|t:|1776501520\n|detailschange|p1a: Scizor|Scizor-Mega, L50, M\n|-mega|p1a: Scizor|Scizor|Scizorite\n|move|p2b: Aerodactyl|Wide Guard|p2b: Aerodactyl\n|-singleturn|p2b: Aerodactyl|Wide Guard\n|move|p2a: Kangaskhan|Drain Punch|p1a: Scizor\n|-damage|p1a: Scizor|83/100\n|-heal|p2a: Kangaskhan|24/100|[from] drain|[of] p1a: Scizor\n|move|p1b: Garchomp|Rock Slide|p2a: Kangaskhan|[spread] \n|-activate|p2a: Kangaskhan|move: Wide Guard\n|-activate|p2b: Aerodactyl|move: Wide Guard\n|move|p1a: Scizor|Swords Dance|p1a: Scizor\n|-boost|p1a: Scizor|atk|2\n|\n|upkeep\n|turn|6\n|\n|t:|1776501542\n|move|p1a: Scizor|Bullet Punch|p2b: Aerodactyl\n|-supereffective|p2b: Aerodactyl|1\n|-damage|p2b: Aerodactyl|0 fnt\n|faint|p2b: Aerodactyl\n|move|p2a: Kangaskhan|Double-Edge|p1b: Garchomp\n|-damage|p1b: Garchomp|28/100\n|-damage|p2a: Kangaskhan|11/100|[from] ability: Rough Skin|[of] p1b: Garchomp\n|-damage|p2a: Kangaskhan|0 fnt|[from] Recoil\n|faint|p2a: Kangaskhan\n|move|p1b: Garchomp|Dragon Claw|p2: Kangaskhan|[notarget]\n|-fail|p1b: Garchomp\n|\n|upkeep\n|\n|t:|1776501549\n|switch|p2b: Camerupt|Camerupt, L50, M|100/100\n|switch|p2a: Garchomp|Garchomp, L50, M|100/100\n|turn|7\n|\n|t:|1776501569\n|detailschange|p2a: Garchomp|Garchomp-Mega, L50, M\n|-mega|p2a: Garchomp|Garchomp|Garchompite\n|move|p1a: Scizor|Bullet Punch|p2a: Garchomp\n|-damage|p2a: Garchomp|46/100\n|move|p2a: Garchomp|Earthquake|p1b: Garchomp|[spread] p2b,p1a,p1b\n|-supereffective|p2b: Camerupt|1\n|-damage|p2b: Camerupt|0 fnt\n|-damage|p1a: Scizor|43/100\n|-damage|p1b: Garchomp|0 fnt\n|faint|p2b: Camerupt\n|faint|p1b: Garchomp\n|\n|-sideend|p2: horus199|move: Tailwind\n|upkeep\n|\n|t:|1776501579\n|switch|p1b: Milotic|Milotic, L50, F|100/100\n|turn|8\n|\n|t:|1776501589\n|move|p1a: Scizor|Bullet Punch|p2a: Garchomp\n|-damage|p2a: Garchomp|0 fnt\n|faint|p2a: Garchomp\n|\n|win|talonflame76\n|raw|talonflame76's rating: 1162 &rarr; <strong>1189</strong><br />(+27 for winning)\n|raw|horus199's rating: 1196 &rarr; <strong>1169</strong><br />(-27 for losing)\n|l|\u2606horus199\n|player|p2|\n",
  "uploadtime": 1776501596,
  "views": 30,
  "formatid": "gen9championsvgc2026regma",
  "rating": 1169,
  "private": 0,
  "password": null
}