{
  "id": "gen9championsvgc2026regma-2581839589",
  "format": "[Gen 9 Champions] VGC 2026 Reg M-A",
  "players": [
    "autiorez",
    "renato alakazam 7"
  ],
  "log": "|j|\u2606autiorez\n|j|\u2606renato alakazam 7\n|t:|1776032681\n|gametype|doubles\n|player|p1|autiorez|youngn|1090\n|player|p2|renato alakazam 7|shadowtriad|1074\n|gen|9\n|tier|[Gen 9 Champions] VGC 2026 Reg M-A\n|rated|\n|rule|Species Clause: Limit one of each Pok\u00e9mon\n|rule|Item Clause: Limit 1 of each item\n|clearpoke\n|poke|p1|Clefable, L50, M|\n|poke|p1|Incineroar, L50, F|\n|poke|p1|Whimsicott, L50, M|\n|poke|p1|Rotom-Wash, L50|\n|poke|p1|Arcanine-Hisui, L50, F|\n|poke|p1|Lucario, L50, F|\n|poke|p2|Charizard, L50, M|\n|poke|p2|Venusaur, L50, M|\n|poke|p2|Garchomp, L50, M|\n|poke|p2|Incineroar, L50, M|\n|poke|p2|Gardevoir, L50, F|\n|poke|p2|Milotic, L50, F|\n|teampreview|4\n|inactive|Battle timer is ON: inactive players will automatically lose when time's up. (requested by autiorez)\n|c|\u2606autiorez|mega roulette\n|\n|t:|1776032711\n|teamsize|p1|4\n|teamsize|p2|4\n|start\n|switch|p1a: Lucario|Lucario, L50, F|100/100\n|switch|p1b: Whimsicott|Whimsicott, L50, M|100/100\n|switch|p2a: Incineroar|Incineroar, L50, M|100/100\n|switch|p2b: Milotic|Milotic, L50, F|100/100\n|-ability|p2a: Incineroar|Intimidate|boost\n|-fail|p1a: Lucario|unboost|Attack|[from] ability: Inner Focus|[of] p1a: Lucario\n|-unboost|p1b: Whimsicott|atk|1\n|turn|1\n|inactive|renato alakazam 7 has 30 seconds left.\n|\n|t:|1776032739\n|detailschange|p1a: Lucario|Lucario-Mega, L50, F\n|-mega|p1a: Lucario|Lucario|Lucarionite\n|move|p1b: Whimsicott|Tailwind|p1b: Whimsicott\n|-sidestart|p1: autiorez|move: Tailwind\n|move|p1a: Lucario|Close Combat|p2a: Incineroar\n|-supereffective|p2a: Incineroar|1\n|-damage|p2a: Incineroar|0 fnt\n|-unboost|p1a: Lucario|def|1\n|-unboost|p1a: Lucario|spd|1\n|faint|p2a: Incineroar\n|move|p2b: Milotic|Scald|p1a: Lucario\n|-damage|p1a: Lucario|19/100\n|-status|p1a: Lucario|brn\n|\n|-damage|p1a: Lucario|13/100 brn|[from] brn\n|upkeep\n|\n|t:|1776032759\n|switch|p2a: Charizard|Charizard, L50, M|100/100\n|turn|2\n|inactive|autiorez has 30 seconds left.\n|inactive|autiorez has 20 seconds left.\n|inactive|autiorez has 15 seconds left.\n|inactive|autiorez has 10 seconds left.\n|inactive|autiorez has 5 seconds left.\n|\n|t:|1776032814\n|detailschange|p2a: Charizard|Charizard-Mega-Y, L50, M\n|-mega|p2a: Charizard|Charizard|Charizardite Y\n|-weather|SunnyDay|[from] ability: Drought|[of] p2a: Charizard\n|move|p2a: Charizard|Protect|p2a: Charizard\n|-singleturn|p2a: Charizard|Protect\n|move|p2b: Milotic|Protect|p2b: Milotic\n|-singleturn|p2b: Milotic|Protect\n|move|p1b: Whimsicott|Moonblast|p2b: Milotic\n|-activate|p2b: Milotic|move: Protect\n|move|p1a: Lucario|Close Combat|p2b: Milotic\n|-activate|p2b: Milotic|move: Protect\n|\n|-weather|SunnyDay|[upkeep]\n|-damage|p1a: Lucario|7/100 brn|[from] brn\n|upkeep\n|turn|3\n|c|\u2606autiorez|wtf\n|inactive|autiorez has 30 seconds left.\n|inactive|renato alakazam 7 has 30 seconds left.\n|c|\u2606autiorez|it moves on its own?\n|inactive|renato alakazam 7 has 20 seconds left.\n|\n|t:|1776032850\n|move|p1b: Whimsicott|Tailwind||[still]\n|-fail|p1b: Whimsicott\n|move|p1a: Lucario|Rock Slide|p2b: Milotic|[spread] p2a,p2b\n|-supereffective|p2a: Charizard|2\n|-damage|p2a: Charizard|50/100\n|-damage|p2b: Milotic|89/100\n|move|p2a: Charizard|Heat Wave|p1a: Lucario|[spread] p1a,p1b\n|-supereffective|p1a: Lucario|1\n|-supereffective|p1b: Whimsicott|1\n|-damage|p1a: Lucario|0 fnt\n|-damage|p1b: Whimsicott|0 fnt\n|faint|p1a: Lucario\n|faint|p1b: Whimsicott\n|cant|p2b: Milotic|flinch\n|\n|-weather|SunnyDay|[upkeep]\n|-heal|p2b: Milotic|95/100|[from] item: Leftovers\n|upkeep\n|\n|t:|1776032853\n|switch|p1b: Arcanine|Arcanine-Hisui, L50, F|100/100\n|switch|p1a: Clefable|Clefable, L50, M|100/100\n|-ability|p1b: Arcanine|Intimidate|boost\n|-unboost|p2a: Charizard|atk|1\n|-unboost|p2b: Milotic|atk|1\n|-ability|p2b: Milotic|Competitive|boost\n|-boost|p2b: Milotic|spa|2\n|turn|4\n|c|\u2606autiorez|and i didnt even read\n|\n|t:|1776032877\n|move|p2a: Charizard|Protect|p2a: Charizard\n|-singleturn|p2a: Charizard|Protect\n|move|p1a: Clefable|Follow Me|p1a: Clefable\n|-singleturn|p1a: Clefable|move: Follow Me\n|move|p1b: Arcanine|Rock Slide|p2b: Milotic|[spread] p2b\n|-activate|p2a: Charizard|move: Protect\n|-damage|p2b: Milotic|64/100\n|cant|p2b: Milotic|flinch\n|\n|-weather|SunnyDay|[upkeep]\n|-heal|p2b: Milotic|70/100|[from] item: Leftovers\n|-sideend|p1: autiorez|move: Tailwind\n|upkeep\n|turn|5\n|inactive|autiorez has 30 seconds left.\n|inactive|renato alakazam 7 has 30 seconds left.\n|\n|t:|1776032904\n|move|p1a: Clefable|Follow Me|p1a: Clefable\n|-singleturn|p1a: Clefable|move: Follow Me\n|move|p1b: Arcanine|Rock Slide|p2b: Milotic|[spread] p2a,p2b\n|-supereffective|p2a: Charizard|2\n|-damage|p2a: Charizard|0 fnt\n|-damage|p2b: Milotic|41/100\n|faint|p2a: Charizard\n|cant|p2b: Milotic|flinch\n|\n|-weather|SunnyDay|[upkeep]\n|-heal|p2b: Milotic|47/100|[from] item: Leftovers\n|upkeep\n|\n|t:|1776032916\n|switch|p2a: Venusaur|Venusaur, L50, M|100/100\n|turn|6\n|c|\u2606autiorez|modest charizard??\n|\n|t:|1776032931\n|move|p1b: Arcanine|Protect|p1b: Arcanine\n|-singleturn|p1b: Arcanine|Protect\n|move|p1a: Clefable|Follow Me|p1a: Clefable\n|-singleturn|p1a: Clefable|move: Follow Me\n|move|p2a: Venusaur|Sleep Powder|p1a: Clefable|[miss]\n|-miss|p2a: Venusaur|p1a: Clefable\n|move|p2b: Milotic|Scald|p1a: Clefable\n|-crit|p1a: Clefable\n|-damage|p1a: Clefable|83/100\n|\n|-weather|none\n|-heal|p2b: Milotic|53/100|[from] item: Leftovers\n|upkeep\n|turn|7\n|c|\u2606autiorez|fawk i should have used flare while sun was up\n|inactive|renato alakazam 7 has 30 seconds left.\n|\n|t:|1776032957\n|move|p1a: Clefable|Follow Me|p1a: Clefable\n|-singleturn|p1a: Clefable|move: Follow Me\n|move|p1b: Arcanine|Flare Blitz|p2a: Venusaur\n|-supereffective|p2a: Venusaur|1\n|-enditem|p2a: Venusaur|Focus Sash\n|-damage|p2a: Venusaur|1/100\n|-damage|p1b: Arcanine|70/100|[from] Recoil\n|move|p2a: Venusaur|Sleep Powder|p1a: Clefable|[miss]\n|-miss|p2a: Venusaur|p1a: Clefable\n|move|p2b: Milotic|Icy Wind|p1b: Arcanine|[spread] p1a,p1b\n|-resisted|p1b: Arcanine|1\n|-damage|p1a: Clefable|74/100\n|-damage|p1b: Arcanine|55/100\n|-unboost|p1a: Clefable|spe|1\n|-unboost|p1b: Arcanine|spe|1\n|\n|-heal|p2b: Milotic|59/100|[from] item: Leftovers\n|upkeep\n|turn|8\n|c|\u2606autiorez|I\u2019M NOT THINKING\n|c|\u2606autiorez|bright powder saved me\n|\n|t:|1776032979\n|move|p2a: Venusaur|Protect|p2a: Venusaur\n|-singleturn|p2a: Venusaur|Protect\n|move|p1b: Arcanine|Extreme Speed|p2a: Venusaur\n|-activate|p2a: Venusaur|move: Protect\n|move|p1a: Clefable|Follow Me|p1a: Clefable\n|-singleturn|p1a: Clefable|move: Follow Me\n|move|p2b: Milotic|Life Dew|p2b: Milotic|[spread] p2a,p2b\n|-heal|p2a: Venusaur|26/100\n|-heal|p2b: Milotic|84/100\n|\n|-heal|p2b: Milotic|90/100|[from] item: Leftovers\n|upkeep\n|turn|9\n|\n|t:|1776033000\n|move|p1b: Arcanine|Extreme Speed|p2a: Venusaur\n|-damage|p2a: Venusaur|0 fnt\n|faint|p2a: Venusaur\n|move|p1a: Clefable|Follow Me|p1a: Clefable\n|-singleturn|p1a: Clefable|move: Follow Me\n|move|p2b: Milotic|Scald|p1a: Clefable|[miss]\n|-miss|p2b: Milotic|p1a: Clefable\n|\n|-heal|p2b: Milotic|96/100|[from] item: Leftovers\n|upkeep\n|turn|10\n|\n|t:|1776033014\n|move|p1a: Clefable|Follow Me|p1a: Clefable\n|-singleturn|p1a: Clefable|move: Follow Me\n|move|p2b: Milotic|Icy Wind|p1a: Clefable|[spread] p1a,p1b\n|-resisted|p1b: Arcanine|1\n|-damage|p1a: Clefable|66/100\n|-damage|p1b: Arcanine|39/100\n|-unboost|p1a: Clefable|spe|1\n|-unboost|p1b: Arcanine|spe|1\n|move|p1b: Arcanine|Rock Slide|p2b: Milotic\n|-damage|p2b: Milotic|59/100\n|\n|-heal|p2b: Milotic|65/100|[from] item: Leftovers\n|upkeep\n|turn|11\n|\n|t:|1776033027\n|move|p1b: Arcanine|Protect|p1b: Arcanine\n|-singleturn|p1b: Arcanine|Protect\n|move|p2b: Milotic|Icy Wind|p1a: Clefable|[spread] \n|-activate|p1b: Arcanine|move: Protect\n|-miss|p2b: Milotic|p1a: Clefable\n|move|p1a: Clefable|Moonlight|p1a: Clefable\n|-heal|p1a: Clefable|100/100\n|\n|-heal|p2b: Milotic|71/100|[from] item: Leftovers\n|upkeep\n|turn|12\n|\n|t:|1776033041\n|move|p2b: Milotic|Scald|p1a: Clefable\n|-damage|p1a: Clefable|78/100\n|move|p1b: Arcanine|Rock Slide|p2b: Milotic\n|-damage|p2b: Milotic|31/100\n|move|p1a: Clefable|Heal Pulse|p1b: Arcanine\n|-heal|p1b: Arcanine|89/100\n|\n|-heal|p2b: Milotic|37/100|[from] item: Leftovers\n|upkeep\n|turn|13\n|c|\u2606autiorez|YES\n|c|\u2606autiorez|I DIDNT NEED TO USE FOLLOW ME\n|\n|t:|1776033055\n|move|p1a: Clefable|Follow Me|p1a: Clefable\n|-singleturn|p1a: Clefable|move: Follow Me\n|move|p2b: Milotic|Life Dew|p2b: Milotic\n|-heal|p2b: Milotic|62/100\n|move|p1b: Arcanine|Rock Slide|p2b: Milotic\n|-damage|p2b: Milotic|20/100\n|\n|-heal|p2b: Milotic|26/100|[from] item: Leftovers\n|upkeep\n|turn|14\n|\n|t:|1776033067\n|move|p2b: Milotic|Protect|p2b: Milotic\n|-singleturn|p2b: Milotic|Protect\n|move|p1a: Clefable|Follow Me|p1a: Clefable\n|-singleturn|p1a: Clefable|move: Follow Me\n|move|p1b: Arcanine|Rock Slide|p2b: Milotic\n|-activate|p2b: Milotic|move: Protect\n|\n|-heal|p2b: Milotic|32/100|[from] item: Leftovers\n|upkeep\n|turn|15\n|\n|t:|1776033080\n|move|p1b: Arcanine|Protect|p1b: Arcanine\n|-singleturn|p1b: Arcanine|Protect\n|move|p2b: Milotic|Life Dew|p2b: Milotic\n|-heal|p2b: Milotic|57/100\n|move|p1a: Clefable|Moonblast|p2b: Milotic\n|-damage|p2b: Milotic|35/100\n|\n|-heal|p2b: Milotic|41/100|[from] item: Leftovers\n|upkeep\n|turn|16\n|\n|t:|1776033094\n|move|p1a: Clefable|Follow Me|p1a: Clefable\n|-singleturn|p1a: Clefable|move: Follow Me\n|move|p2b: Milotic|Scald|p1a: Clefable\n|-damage|p1a: Clefable|54/100\n|move|p1b: Arcanine|Rock Slide|p2b: Milotic\n|-damage|p2b: Milotic|0 fnt\n|faint|p2b: Milotic\n|\n|win|autiorez\n|raw|autiorez's rating: 1090 &rarr; <strong>1115</strong><br />(+25 for winning)\n|raw|renato alakazam 7's rating: 1074 &rarr; <strong>1054</strong><br />(-20 for losing)\n|c|\u2606autiorez|wait im lowk running out of rock slides\n|c|\u2606autiorez|gg\n|l|\u2606renato alakazam 7\n|player|p2|\n",
  "uploadtime": 1776033106,
  "views": 9,
  "formatid": "gen9championsvgc2026regma",
  "rating": 1054,
  "private": 0,
  "password": null
}