{
  "id": "gen9championsvgc2026regma-2582016116",
  "format": "[Gen 9 Champions] VGC 2026 Reg M-A",
  "players": [
    "25th_mang",
    "Hitoru123"
  ],
  "log": "|j|\u260625th_mang\n|j|\u2606Hitoru123\n|t:|1776048605\n|gametype|doubles\n|player|p1|25th_mang|ballguy|1246\n|player|p2|Hitoru123|red|1242\n|gen|9\n|tier|[Gen 9 Champions] VGC 2026 Reg M-A\n|rated|\n|rule|Species Clause: Limit one of each Pok\u00e9mon\n|rule|Item Clause: Limit 1 of each item\n|clearpoke\n|poke|p1|Crabominable, L50, M|\n|poke|p1|Farigiraf, L50, F|\n|poke|p1|Incineroar, L50, M|\n|poke|p1|Archaludon, L50, M|\n|poke|p1|Pelipper, L50, F|\n|poke|p1|Sinistcha, L50|\n|poke|p2|Charizard, L50, F|\n|poke|p2|Whimsicott, L50, M|\n|poke|p2|Incineroar, L50, F|\n|poke|p2|Basculegion, L50, M|\n|poke|p2|Garchomp, L50, F|\n|poke|p2|Venusaur, L50, M|\n|teampreview|4\n|inactive|Battle timer is ON: inactive players will automatically lose when time's up. (requested by Hitoru123)\n|inactive|25th_mang also wants the timer to be on.\n|\n|t:|1776048633\n|teamsize|p1|4\n|teamsize|p2|4\n|start\n|switch|p1a: Flip|Farigiraf, L50, F|100/100\n|switch|p1b: Roar|Incineroar, L50, M|100/100\n|switch|p2a: Incineroar|Incineroar, L50, F, shiny|100/100\n|switch|p2b: Garchomp|Garchomp, L50, F|100/100\n|-ability|p2a: Incineroar|Intimidate|boost\n|-unboost|p1a: Flip|atk|1\n|-unboost|p1b: Roar|atk|1\n|-ability|p1b: Roar|Intimidate|boost\n|-unboost|p2a: Incineroar|atk|1\n|-unboost|p2b: Garchomp|atk|1\n|-enditem|p2b: Garchomp|White Herb\n|-clearnegativeboost|p2b: Garchomp|[silent]\n|turn|1\n|\n|t:|1776048649\n|switch|p2b: Whimsicott|Whimsicott, L50, M|100/100\n|move|p1b: Roar|Fake Out|p2a: Incineroar\n|-damage|p2a: Incineroar|93/100\n|cant|p2a: Incineroar|flinch\n|move|p1a: Flip|Trick Room|p1a: Flip\n|-fieldstart|move: Trick Room|[of] p1a: Flip\n|\n|upkeep\n|turn|2\n|inactive|25th_mang has 30 seconds left.\n|inactive|Hitoru123 has 30 seconds left.\n|\n|t:|1776048680\n|switch|p1b: Stup!b|Pelipper, L50, F|100/100\n|-weather|RainDance|[from] ability: Drizzle|[of] p1b: Stup!b\n|move|p1a: Flip|Hyper Voice|p2b: Whimsicott|[spread] p2a,p2b\n|-damage|p2a: Incineroar|72/100\n|-damage|p2b: Whimsicott|69/100\n|move|p2a: Incineroar|Parting Shot|p1a: Flip\n|-unboost|p1a: Flip|atk|1\n|-unboost|p1a: Flip|spa|1\n|\n|t:|1776048691\n|switch|p2a: Charizard|Charizard, L50, F|100/100|[from] Parting Shot\n|move|p2b: Whimsicott|Moonblast|p1b: Stup!b\n|-damage|p1b: Stup!b|59/100\n|\n|-weather|RainDance|[upkeep]\n|upkeep\n|turn|3\n|\n|t:|1776048704\n|switch|p1a: Roar|Incineroar, L50, M|100/100\n|-ability|p1a: Roar|Intimidate|boost\n|-unboost|p2a: Charizard|atk|1\n|-unboost|p2b: Whimsicott|atk|1\n|detailschange|p2a: Charizard|Charizard-Mega-Y, L50, F\n|-mega|p2a: Charizard|Charizard|Charizardite Y\n|-weather|SunnyDay|[from] ability: Drought|[of] p2a: Charizard\n|move|p1b: Stup!b|Weather Ball|p2b: Whimsicott\n|-supereffective|p2b: Whimsicott|1\n|-damage|p2b: Whimsicott|0 fnt\n|faint|p2b: Whimsicott\n|move|p2a: Charizard|Heat Wave|p1a: Roar|[spread] p1a,p1b\n|-resisted|p1a: Roar|1\n|-resisted|p1b: Stup!b|1\n|-damage|p1a: Roar|71/100\n|-damage|p1b: Stup!b|14/100\n|\n|-weather|SunnyDay|[upkeep]\n|upkeep\n|\n|t:|1776048717\n|switch|p2b: Incineroar|Incineroar, L50, F, shiny|72/100\n|-ability|p2b: Incineroar|Intimidate|boost\n|-unboost|p1a: Roar|atk|1\n|-unboost|p1b: Stup!b|atk|1\n|turn|4\n|\n|t:|1776048740\n|switch|p1b: Flip|Farigiraf, L50, F|100/100\n|move|p2a: Charizard|Protect|p2a: Charizard\n|-singleturn|p2a: Charizard|Protect\n|move|p1a: Roar|Fake Out|p2a: Charizard\n|-activate|p2a: Charizard|move: Protect\n|move|p2b: Incineroar|Fake Out||[still]\n|cant|p1b: Flip|ability: Armor Tail|Fake Out|[of] p2b: Incineroar\n|\n|-weather|SunnyDay|[upkeep]\n|upkeep\n|turn|5\n|inactive|25th_mang has 30 seconds left.\n|\n|t:|1776048769\n|move|p1b: Flip|Hyper Voice|p2b: Incineroar|[spread] p2a,p2b\n|-damage|p2a: Charizard|73/100\n|-damage|p2b: Incineroar|51/100\n|move|p1a: Roar|Assurance|p2a: Charizard\n|-damage|p2a: Charizard|12/100\n|move|p2b: Incineroar|Throat Chop|p1b: Flip\n|-supereffective|p1b: Flip|1\n|-damage|p1b: Flip|45/100\n|-start|p1b: Flip|Throat Chop|[silent]\n|move|p2a: Charizard|Heat Wave|p1a: Roar|[spread] p1a,p1b\n|-resisted|p1a: Roar|1\n|-crit|p1b: Flip\n|-damage|p1a: Roar|43/100\n|-damage|p1b: Flip|0 fnt\n|faint|p1b: Flip\n|\n|-weather|SunnyDay|[upkeep]\n|-fieldend|move: Trick Room\n|upkeep\n|\n|t:|1776048780\n|switch|p1b: Stup!b|Pelipper, L50, F|14/100\n|-weather|RainDance|[from] ability: Drizzle|[of] p1b: Stup!b\n|turn|6\n|inactive|Hitoru123 has 30 seconds left.\n|\n|t:|1776048825\n|move|p2a: Charizard|Focus Blast|p1a: Roar\n|-supereffective|p1a: Roar|1\n|-damage|p1a: Roar|0 fnt\n|faint|p1a: Roar\n|move|p1b: Stup!b|Weather Ball|p2b: Incineroar\n|-supereffective|p2b: Incineroar|1\n|-damage|p2b: Incineroar|0 fnt\n|faint|p2b: Incineroar\n|\n|-weather|RainDance|[upkeep]\n|upkeep\n|\n|t:|1776048834\n|switch|p2b: Garchomp|Garchomp, L50, F|100/100\n|switch|p1a: Hockey Reference|Crabominable, L50, M|100/100\n|turn|7\n|inactive|Hitoru123 has 30 seconds left.\n|\n|t:|1776048859\n|detailschange|p1a: Hockey Reference|Crabominable-Mega, L50, M\n|-mega|p1a: Hockey Reference|Crabominable|Crabominite\n|move|p2b: Garchomp|Protect|p2b: Garchomp\n|-singleturn|p2b: Garchomp|Protect\n|move|p1b: Stup!b|Wide Guard|p1b: Stup!b\n|-singleturn|p1b: Stup!b|Wide Guard\n|move|p2a: Charizard|Heat Wave|p1a: Hockey Reference|[spread] \n|-activate|p1a: Hockey Reference|move: Wide Guard\n|-activate|p1b: Stup!b|move: Wide Guard\n|move|p1a: Hockey Reference|Thunder Punch|p2a: Charizard\n|-supereffective|p2a: Charizard|1\n|-damage|p2a: Charizard|0 fnt\n|faint|p2a: Charizard\n|\n|-weather|RainDance|[upkeep]\n|upkeep\n|turn|8\n|\n|t:|1776048874\n|move|p1b: Stup!b|Wide Guard|p1b: Stup!b\n|-singleturn|p1b: Stup!b|Wide Guard\n|move|p2b: Garchomp|Rock Slide|p1a: Hockey Reference|[spread] \n|-activate|p1a: Hockey Reference|move: Wide Guard\n|-activate|p1b: Stup!b|move: Wide Guard\n|move|p1a: Hockey Reference|Ice Hammer|p2b: Garchomp\n|-supereffective|p2b: Garchomp|2\n|-damage|p2b: Garchomp|0 fnt\n|-unboost|p1a: Hockey Reference|spe|1\n|-damage|p1a: Hockey Reference|88/100|[from] ability: Rough Skin|[of] p2b: Garchomp\n|faint|p2b: Garchomp\n|\n|win|25th_mang\n|raw|25th_mang's rating: 1246 &rarr; <strong>1271</strong><br />(+25 for winning)\n|raw|Hitoru123's rating: 1242 &rarr; <strong>1217</strong><br />(-25 for losing)\n|l|\u2606Hitoru123\n|player|p2|\n",
  "uploadtime": 1776048884,
  "views": 22,
  "formatid": "gen9championsvgc2026regma",
  "rating": 1217,
  "private": 0,
  "password": null
}