{
  "id": "gen9championsvgc2026regma-2581149776",
  "format": "[Gen 9 Champions] VGC 2026 Reg M-A",
  "players": [
    "Risadinha123",
    "lolgz"
  ],
  "log": "|j|\u2606Risadinha123\n|j|\u2606lolgz\n|t:|1775964678\n|gametype|doubles\n|player|p1|Risadinha123|ghetsis|1252\n|player|p2|lolgz|170|1307\n|gen|9\n|tier|[Gen 9 Champions] VGC 2026 Reg M-A\n|rated|\n|rule|Species Clause: Limit one of each Pok\u00e9mon\n|rule|Item Clause: Limit 1 of each item\n|clearpoke\n|poke|p1|Aerodactyl, L50, M|\n|poke|p1|Farigiraf, L50, F|\n|poke|p1|Torkoal, L50, M|\n|poke|p1|Floette-Eternal, L50, F|\n|poke|p1|Incineroar, L50, F|\n|poke|p1|Rotom-Wash, L50|\n|poke|p2|Charizard, L50, F|\n|poke|p2|Whimsicott, L50, M|\n|poke|p2|Dragonite, L50, M|\n|poke|p2|Farigiraf, L50, M|\n|poke|p2|Sneasler, L50, F|\n|poke|p2|Floette-Eternal, L50, F|\n|teampreview|4\n|\n|t:|1775964708\n|teamsize|p1|4\n|teamsize|p2|4\n|start\n|switch|p1a: Inimigo da Samus|Aerodactyl, L50, M, shiny|100/100\n|switch|p1b: Mui\u00e9|Rotom-Wash, L50|100/100\n|switch|p2a: Dragonite|Dragonite, L50, M|100/100\n|switch|p2b: Sneasler|Sneasler, L50, F|100/100\n|-ability|p1a: Inimigo da Samus|Unnerve\n|turn|1\n|inactive|Battle timer is ON: inactive players will automatically lose when time's up. (requested by Risadinha123)\n|inactive|lolgz has 60 seconds left.\n|\n|t:|1775964748\n|move|p2b: Sneasler|Fake Out|p1a: Inimigo da Samus\n|-resisted|p1a: Inimigo da Samus|1\n|-damage|p1a: Inimigo da Samus|89/100\n|move|p2a: Dragonite|Outrage|p1b: Mui\u00e9\n|-damage|p1b: Mui\u00e9|8/100\n|move|p1b: Mui\u00e9|Volt Switch|p2b: Sneasler\n|-damage|p2b: Sneasler|57/100\n|\n|t:|1775964759\n|switch|p1b: Bem-me-queres|Floette-Eternal, L50, F|100/100|[from] Volt Switch\n|cant|p1a: Inimigo da Samus|flinch\n|\n|upkeep\n|turn|2\n|\n|t:|1775964768\n|switch|p2b: Farigiraf|Farigiraf, L50, M|100/100\n|detailschange|p1b: Bem-me-queres|Floette-Mega, L50, F\n|-mega|p1b: Bem-me-queres|Floette|Floettite\n|-ability|p1b: Bem-me-queres|Fairy Aura\n|move|p1b: Bem-me-queres|Protect|p1b: Bem-me-queres\n|-singleturn|p1b: Bem-me-queres|Protect\n|move|p2a: Dragonite|Outrage|p1b: Bem-me-queres|[from] lockedmove\n|-activate|p1b: Bem-me-queres|move: Protect\n|-start|p2a: Dragonite|confusion|[fatigue]\n|move|p1a: Inimigo da Samus|Rock Slide|p2b: Farigiraf|[spread] p2a,p2b\n|-supereffective|p2a: Dragonite|1\n|-damage|p2a: Dragonite|43/100\n|-damage|p2b: Farigiraf|75/100\n|\n|upkeep\n|turn|3\n|\n|t:|1775964788\n|-activate|p2a: Dragonite|confusion\n|move|p2a: Dragonite|Outrage|p1b: Bem-me-queres\n|-immune|p1b: Bem-me-queres\n|move|p1a: Inimigo da Samus|Rock Slide|p2a: Dragonite|[spread] p2a,p2b\n|-supereffective|p2a: Dragonite|1\n|-damage|p2a: Dragonite|0 fnt\n|-damage|p2b: Farigiraf|47/100\n|faint|p2a: Dragonite\n|move|p1b: Bem-me-queres|Dazzling Gleam|p2b: Farigiraf\n|-damage|p2b: Farigiraf|0 fnt\n|faint|p2b: Farigiraf\n|\n|upkeep\n|\n|t:|1775964794\n|switch|p2a: Floette|Floette-Eternal, L50, F|100/100\n|switch|p2b: Sneasler|Sneasler, L50, F|57/100\n|turn|4\n|\n|t:|1775964809\n|detailschange|p2a: Floette|Floette-Mega, L50, F\n|-mega|p2a: Floette|Floette|Floettite\n|-ability|p2a: Floette|Fairy Aura\n|move|p1b: Bem-me-queres|Protect|p1b: Bem-me-queres\n|-singleturn|p1b: Bem-me-queres|Protect\n|move|p1a: Inimigo da Samus|Wide Guard|p1a: Inimigo da Samus\n|-singleturn|p1a: Inimigo da Samus|Wide Guard\n|move|p2b: Sneasler|Dire Claw|p1b: Bem-me-queres\n|-activate|p1b: Bem-me-queres|move: Protect\n|move|p2a: Floette|Dazzling Gleam|p1b: Bem-me-queres|[spread] \n|-activate|p1a: Inimigo da Samus|move: Wide Guard\n|-activate|p1b: Bem-me-queres|move: Wide Guard\n|\n|upkeep\n|turn|5\n|\n|t:|1775964834\n|switch|p1b: Mui\u00e9|Rotom-Wash, L50|8/100\n|move|p1a: Inimigo da Samus|Rock Slide|p2a: Floette|[spread] p2a,p2b\n|-resisted|p2b: Sneasler|1\n|-damage|p2a: Floette|62/100\n|-damage|p2b: Sneasler|36/100\n|cant|p2b: Sneasler|flinch\n|move|p2a: Floette|Moonblast|p1a: Inimigo da Samus\n|-damage|p1a: Inimigo da Samus|0 fnt\n|faint|p1a: Inimigo da Samus\n|\n|upkeep\n|\n|t:|1775964845\n|switch|p1a: Mbapp\u00e9|Torkoal, L50, M|100/100\n|-weather|SunnyDay|[from] ability: Drought|[of] p1a: Mbapp\u00e9\n|turn|6\n|\n|t:|1775964860\n|move|p1a: Mbapp\u00e9|Protect|p1a: Mbapp\u00e9\n|-singleturn|p1a: Mbapp\u00e9|Protect\n|move|p1b: Mui\u00e9|Volt Switch|p2b: Sneasler\n|-damage|p2b: Sneasler|0 fnt\n|faint|p2b: Sneasler\n|\n|t:|1775964866\n|switch|p1b: Bem-me-queres|Floette-Mega, L50, F|100/100|[from] Volt Switch\n|-ability|p1b: Bem-me-queres|Fairy Aura\n|move|p2a: Floette|Dazzling Gleam|p1b: Bem-me-queres|[spread] p1b\n|-activate|p1a: Mbapp\u00e9|move: Protect\n|-damage|p1b: Bem-me-queres|64/100\n|\n|-weather|SunnyDay|[upkeep]\n|upkeep\n|turn|7\n|\n|t:|1775964876\n|move|p2a: Floette|Dazzling Gleam|p1a: Mbapp\u00e9|[spread] p1a,p1b\n|-resisted|p1a: Mbapp\u00e9|1\n|-damage|p1a: Mbapp\u00e9|71/100\n|-damage|p1b: Bem-me-queres|24/100\n|move|p1b: Bem-me-queres|Light of Ruin|p2a: Floette\n|-damage|p2a: Floette|0 fnt\n|faint|p2a: Floette\n|-damage|p1b: Bem-me-queres|0 fnt|[from] Recoil\n|faint|p1b: Bem-me-queres\n|\n|win|Risadinha123\n|raw|Risadinha123's rating: 1252 &rarr; <strong>1281</strong><br />(+29 for winning)\n|raw|lolgz's rating: 1307 &rarr; <strong>1284</strong><br />(-23 for losing)\n",
  "uploadtime": 1775964876,
  "views": 21,
  "formatid": "gen9championsvgc2026regma",
  "rating": 1281,
  "private": 0,
  "password": null
}