{
  "id": "gen9championsvgc2026regma-2586199168",
  "format": "[Gen 9 Champions] VGC 2026 Reg M-A",
  "players": [
    "grojik",
    "isabellissima"
  ],
  "log": "|j|\u2606grojik\n|j|\u2606isabellissima\n|t:|1776411472\n|gametype|doubles\n|player|p1|grojik|miku-ground|1138\n|player|p2|isabellissima|265|1133\n|gen|9\n|tier|[Gen 9 Champions] VGC 2026 Reg M-A\n|rated|\n|rule|Species Clause: Limit one of each Pok\u00e9mon\n|rule|Item Clause: Limit 1 of each item\n|clearpoke\n|poke|p1|Floette-Eternal, L50, F|\n|poke|p1|Aegislash, L50, F|\n|poke|p1|Talonflame, L50, F|\n|poke|p1|Incineroar, L50, F|\n|poke|p1|Garchomp, L50, M|\n|poke|p1|Rotom-Wash, L50|\n|poke|p2|Incineroar, L50, M|\n|poke|p2|Gengar, L50, F|\n|poke|p2|Sneasler, L50, F|\n|poke|p2|Maushold-Four, L50|\n|poke|p2|Kommo-o, L50, M|\n|poke|p2|Politoed, L50, M|\n|teampreview|4\n|inactive|Battle timer is ON: inactive players will automatically lose when time's up. (requested by isabellissima)\n|inactive|grojik has 60 seconds left.\ngrojik rejected open team sheets.\n|\n|t:|1776411540\n|teamsize|p1|4\n|teamsize|p2|4\n|start\n|switch|p1a: Garchomp|Garchomp, L50, M|100/100\n|switch|p1b: Talonflame|Talonflame, L50, F|100/100\n|switch|p2a: Incineroar|Incineroar, L50, M, shiny|100/100\n|switch|p2b: Gengar|Gengar, L50, F, shiny|100/100\n|-ability|p2a: Incineroar|Intimidate|boost\n|-unboost|p1a: Garchomp|atk|1\n|-unboost|p1b: Talonflame|atk|1\n|-enditem|p1a: Garchomp|White Herb\n|-clearnegativeboost|p1a: Garchomp|[silent]\n|turn|1\n|\n|t:|1776411558\n|detailschange|p2b: Gengar|Gengar-Mega, L50, F, shiny\n|-mega|p2b: Gengar|Gengar|Gengarite\n|move|p1b: Talonflame|Protect|p1b: Talonflame\n|-singleturn|p1b: Talonflame|Protect\n|move|p2b: Gengar|Protect|p2b: Gengar\n|-singleturn|p2b: Gengar|Protect\n|move|p1a: Garchomp|Protect|p1a: Garchomp\n|-singleturn|p1a: Garchomp|Protect\n|move|p2a: Incineroar|Parting Shot|p1a: Garchomp\n|-activate|p1a: Garchomp|move: Protect\n|\n|upkeep\n|turn|2\n|\n|t:|1776411579\n|switch|p2b: Maushold|Maushold-Four, L50|100/100\n|move|p1b: Talonflame|Tailwind|p1b: Talonflame\n|-sidestart|p1: grojik|move: Tailwind\n|move|p1a: Garchomp|Earthquake|p2a: Incineroar|[spread] p2a,p2b\n|-immune|p1b: Talonflame\n|-supereffective|p2a: Incineroar|1\n|-damage|p2a: Incineroar|54/100\n|-damage|p2b: Maushold|44/100\n|move|p2a: Incineroar|Parting Shot|p1a: Garchomp\n|-unboost|p1a: Garchomp|atk|1\n|-unboost|p1a: Garchomp|spa|1\n|\n|t:|1776411590\n|switch|p2a: Gengar|Gengar-Mega, L50, F, shiny|100/100|[from] Parting Shot\n|\n|upkeep\n|turn|3\n|\n|t:|1776411612\n|switch|p2b: Incineroar|Incineroar, L50, M, shiny|54/100\n|-ability|p2b: Incineroar|Intimidate|boost\n|-unboost|p1a: Garchomp|atk|1\n|-unboost|p1b: Talonflame|atk|1\n|move|p2a: Gengar|Protect|p2a: Gengar\n|-singleturn|p2a: Gengar|Protect\n|move|p1b: Talonflame|Acrobatics|p2a: Gengar\n|-activate|p2a: Gengar|move: Protect\n|move|p1a: Garchomp|Earthquake|p2b: Incineroar|[spread] p2b\n|-activate|p2a: Gengar|move: Protect\n|-immune|p1b: Talonflame\n|-supereffective|p2b: Incineroar|1\n|-damage|p2b: Incineroar|26/100\n|-enditem|p2b: Incineroar|Sitrus Berry|[eat]\n|-heal|p2b: Incineroar|51/100|[from] item: Sitrus Berry\n|\n|upkeep\n|turn|4\n|inactive|grojik has 30 seconds left.\n|inactive|isabellissima has 30 seconds left.\n|\n|t:|1776411642\n|move|p2b: Incineroar|Fake Out|p1b: Talonflame\n|-damage|p1b: Talonflame|84/100\n|cant|p1b: Talonflame|flinch\n|move|p1a: Garchomp|Earthquake|p2b: Incineroar|[spread] p2a,p2b\n|-immune|p1b: Talonflame\n|-supereffective|p2a: Gengar|1\n|-supereffective|p2b: Incineroar|1\n|-damage|p2a: Gengar|54/100\n|-damage|p2b: Incineroar|21/100\n|move|p2a: Gengar|Perish Song|p2a: Gengar\n|-start|p1a: Garchomp|perish3|[silent]\n|-start|p1b: Talonflame|perish3|[silent]\n|-start|p2a: Gengar|perish3|[silent]\n|-start|p2b: Incineroar|perish3|[silent]\n|-fieldactivate|move: Perish Song\n|\n|-start|p1b: Talonflame|perish3\n|-start|p1a: Garchomp|perish3\n|-start|p2a: Gengar|perish3\n|-start|p2b: Incineroar|perish3\n|upkeep\n|turn|5\n|\n|t:|1776411666\n|move|p2a: Gengar|Protect|p2a: Gengar\n|-singleturn|p2a: Gengar|Protect\n|move|p2b: Incineroar|Protect|p2b: Incineroar\n|-singleturn|p2b: Incineroar|Protect\n|move|p1b: Talonflame|Acrobatics|p2a: Gengar\n|-activate|p2a: Gengar|move: Protect\n|move|p1a: Garchomp|Earthquake|p2a: Gengar|[spread] \n|-activate|p2a: Gengar|move: Protect\n|-activate|p2b: Incineroar|move: Protect\n|-immune|p1b: Talonflame\n|\n|-start|p1b: Talonflame|perish2\n|-start|p1a: Garchomp|perish2\n|-start|p2a: Gengar|perish2\n|-start|p2b: Incineroar|perish2\n|-sideend|p1: grojik|move: Tailwind\n|upkeep\n|turn|6\n|\n|t:|1776411681\n|switch|p2a: Maushold|Maushold-Four, L50|44/100\n|move|p1b: Talonflame|Acrobatics|p2a: Maushold\n|-damage|p2a: Maushold|17/100\n|move|p1a: Garchomp|Earthquake|p2a: Maushold|[spread] p2a,p2b\n|-immune|p1b: Talonflame\n|-supereffective|p2b: Incineroar|1\n|-damage|p2a: Maushold|0 fnt\n|-damage|p2b: Incineroar|0 fnt\n|faint|p2a: Maushold\n|faint|p2b: Incineroar\n|\n|-start|p1b: Talonflame|perish1\n|-start|p1a: Garchomp|perish1\n|upkeep\n|\n|t:|1776411693\n|switch|p2a: Gengar|Gengar-Mega, L50, F, shiny|54/100\n|switch|p2b: Sneasler|Sneasler, L50, F|100/100\n|turn|7\n|\n|t:|1776411701\n|move|p2a: Gengar|Protect|p2a: Gengar\n|-singleturn|p2a: Gengar|Protect\n|move|p2b: Sneasler|Protect|p2b: Sneasler\n|-singleturn|p2b: Sneasler|Protect\n|move|p1b: Talonflame|Acrobatics|p2b: Sneasler\n|-activate|p2b: Sneasler|move: Protect\n|move|p1a: Garchomp|Earthquake|p2a: Gengar|[spread] \n|-activate|p2a: Gengar|move: Protect\n|-activate|p2b: Sneasler|move: Protect\n|-immune|p1b: Talonflame\n|\n|-start|p1b: Talonflame|perish0\n|-start|p1a: Garchomp|perish0\n|faint|p1b: Talonflame\n|faint|p1a: Garchomp\n|upkeep\n|\n|t:|1776411704\n|switch|p1b: Rotom|Rotom-Wash, L50|100/100\n|switch|p1a: Floette|Floette-Eternal, L50, F|100/100\n|turn|8\n|\n|t:|1776411725\n|detailschange|p1a: Floette|Floette-Mega, L50, F\n|-mega|p1a: Floette|Floette|Floettite\n|-ability|p1a: Floette|Fairy Aura\n|move|p2a: Gengar|Shadow Ball|p1a: Floette\n|-damage|p1a: Floette|64/100\n|move|p2b: Sneasler|Dire Claw|p1a: Floette\n|-supereffective|p1a: Floette|1\n|-damage|p1a: Floette|0 fnt\n|faint|p1a: Floette\n|move|p1b: Rotom|Will-O-Wisp|p2b: Sneasler|[miss]\n|-miss|p1b: Rotom|p2b: Sneasler\n|\n|upkeep\n|turn|9\n|\n|t:|1776411743\n|move|p2a: Gengar|Shadow Ball|p1b: Rotom\n|-damage|p1b: Rotom|52/100\n|move|p2b: Sneasler|Close Combat|p1b: Rotom\n|-damage|p1b: Rotom|0 fnt\n|-unboost|p2b: Sneasler|def|1\n|-unboost|p2b: Sneasler|spd|1\n|faint|p1b: Rotom\n|\n|win|isabellissima\n|raw|grojik's rating: 1138 &rarr; <strong>1113</strong><br />(-25 for losing)\n|raw|isabellissima's rating: 1133 &rarr; <strong>1158</strong><br />(+25 for winning)\n|l|\u2606grojik\n|player|p1|\n",
  "uploadtime": 1776411748,
  "views": 46,
  "formatid": "gen9championsvgc2026regma",
  "rating": 1113,
  "private": 0,
  "password": null
}