{
  "id": "gen9championsvgc2026regma-2582456049",
  "format": "[Gen 9 Champions] VGC 2026 Reg M-A",
  "players": [
    "jeremyab0012",
    "thepeasent"
  ],
  "log": "|j|\u2606jeremyab0012\n|j|\u2606thepeasent\n|t:|1776092856\n|gametype|doubles\n|player|p1|jeremyab0012|1|1128\n|player|p2|thepeasent|gloria-dojo|1153\n|gen|9\n|tier|[Gen 9 Champions] VGC 2026 Reg M-A\n|rated|\n|rule|Species Clause: Limit one of each Pok\u00e9mon\n|rule|Item Clause: Limit 1 of each item\n|clearpoke\n|poke|p1|Floette-Eternal, L50, F|\n|poke|p1|Sinistcha, L50|\n|poke|p1|Rotom-Wash, L50|\n|poke|p1|Incineroar, L50, F|\n|poke|p1|Tyranitar, L50, F|\n|poke|p1|Excadrill, L50, M|\n|poke|p2|Glimmora, L50, M|\n|poke|p2|Tyranitar, L50, M|\n|poke|p2|Excadrill, L50, F|\n|poke|p2|Milotic, L50, F|\n|poke|p2|Sneasler, L50, M|\n|poke|p2|Rotom-Wash, L50|\n|teampreview|4\n|inactive|Battle timer is ON: inactive players will automatically lose when time's up. (requested by thepeasent)\n|\n|t:|1776092881\n|teamsize|p1|4\n|teamsize|p2|4\n|start\n|switch|p1a: Tyranitar|Tyranitar, L50, F|100/100\n|switch|p1b: Excadrill|Excadrill, L50, M|100/100\n|switch|p2a: Glimmora|Glimmora, L50, M|100/100\n|switch|p2b: Milotic|Milotic, L50, F|100/100\n|-weather|Sandstorm|[from] ability: Sand Stream|[of] p1a: Tyranitar\n|turn|1\n|inactive|thepeasent has 30 seconds left.\n|inactive|thepeasent has 20 seconds left.\n|\n|t:|1776092918\n|detailschange|p1a: Tyranitar|Tyranitar-Mega, L50, F\n|-mega|p1a: Tyranitar|Tyranitar|Tyranitarite\n|move|p1b: Excadrill|Protect|p1b: Excadrill\n|-singleturn|p1b: Excadrill|Protect\n|move|p2a: Glimmora|Spiky Shield|p2a: Glimmora\n|-singleturn|p2a: Glimmora|move: Protect\n|move|p1a: Tyranitar|Dragon Dance|p1a: Tyranitar\n|-boost|p1a: Tyranitar|atk|1\n|-boost|p1a: Tyranitar|spe|1\n|move|p2b: Milotic|Muddy Water|p1b: Excadrill|[spread] \n|-activate|p1b: Excadrill|move: Protect\n|-miss|p2b: Milotic|p1a: Tyranitar\n|\n|-weather|Sandstorm|[upkeep]\n|-damage|p2b: Milotic|95/100|[from] Sandstorm\n|-heal|p2b: Milotic|100/100|[from] item: Leftovers\n|upkeep\n|turn|2\n|\n|t:|1776092942\n|switch|p2a: Tyranitar|Tyranitar, L50, M, shiny|100/100\n|move|p1b: Excadrill|High Horsepower|p2b: Milotic\n|-crit|p2b: Milotic\n|-damage|p2b: Milotic|29/100\n|move|p1a: Tyranitar|Knock Off|p2b: Milotic\n|-damage|p2b: Milotic|0 fnt\n|-enditem|p2b: Milotic|Leftovers|[from] move: Knock Off|[of] p1a: Tyranitar\n|faint|p2b: Milotic\n|\n|-weather|Sandstorm|[upkeep]\n|upkeep\n|\n|t:|1776092961\n|switch|p2b: Sneasler|Sneasler, L50, M|100/100\n|-ability|p2b: Sneasler|Pressure\n|turn|3\n|\n|t:|1776092983\n|switch|p1a: Sinistcha|Sinistcha, L50|100/100\n|move|p1b: Excadrill|High Horsepower|p2b: Sneasler\n|-supereffective|p2b: Sneasler|1\n|-damage|p2b: Sneasler|0 fnt\n|faint|p2b: Sneasler\n|move|p2a: Tyranitar|Low Kick|p1a: Sinistcha\n|-immune|p1a: Sinistcha\n|\n|-weather|Sandstorm|[upkeep]\n|-damage|p1a: Sinistcha|94/100|[from] Sandstorm\n|upkeep\n|\n|t:|1776092986\n|switch|p2b: Glimmora|Glimmora, L50, M|100/100\n|turn|4\n|\n|t:|1776093005\n|move|p1b: Excadrill|High Horsepower|p2a: Tyranitar\n|-supereffective|p2a: Tyranitar|1\n|-damage|p2a: Tyranitar|23/100\n|move|p2b: Glimmora|Earth Power|p1b: Excadrill\n|-supereffective|p1b: Excadrill|1\n|-damage|p1b: Excadrill|13/100\n|move|p2a: Tyranitar|Crunch|p1a: Sinistcha\n|-supereffective|p1a: Sinistcha|1\n|-damage|p1a: Sinistcha|20/100\n|-enditem|p1a: Sinistcha|Sitrus Berry|[eat]\n|-heal|p1a: Sinistcha|45/100|[from] item: Sitrus Berry\n|move|p1a: Sinistcha|Matcha Gotcha|p2a: Tyranitar|[spread] p2a,p2b\n|-supereffective|p2a: Tyranitar|1\n|-damage|p2a: Tyranitar|0 fnt\n|-heal|p1a: Sinistcha|57/100|[from] drain|[of] p2a: Tyranitar\n|-damage|p2b: Glimmora|79/100\n|-heal|p1a: Sinistcha|66/100|[from] drain|[of] p2b: Glimmora\n|-status|p2b: Glimmora|brn\n|faint|p2a: Tyranitar\n|\n|-weather|Sandstorm|[upkeep]\n|-damage|p1a: Sinistcha|60/100|[from] Sandstorm\n|-damage|p2b: Glimmora|73/100 brn|[from] brn\n|upkeep\n|turn|5\n|c|\u2606jeremyab0012|gg\n|\n|t:|1776093026\n|detailschange|p2b: Glimmora|Glimmora-Mega, L50, M\n|-mega|p2b: Glimmora|Glimmora|Glimmoranite\n|move|p1b: Excadrill|High Horsepower|p2b: Glimmora\n|-supereffective|p2b: Glimmora|2\n|-damage|p2b: Glimmora|0 fnt\n|faint|p2b: Glimmora\n|\n|win|jeremyab0012\n|raw|jeremyab0012's rating: 1150 &rarr; <strong>1175</strong><br />(+25 for winning)\n|raw|thepeasent's rating: 1153 &rarr; <strong>1128</strong><br />(-25 for losing)\n|c|\u2606jeremyab0012|read yoiu like a book lol\n",
  "uploadtime": 1776093028,
  "views": 26,
  "formatid": "gen9championsvgc2026regma",
  "rating": 1128,
  "private": 0,
  "password": null
}