{
  "id": "gen9championsvgc2026regma-2584403885",
  "format": "[Gen 9 Champions] VGC 2026 Reg M-A",
  "players": [
    "Zeroarck76",
    "capitanorith"
  ],
  "log": "|j|\u2606Zeroarck76\n|j|\u2606capitanorith\n|t:|1776258393\n|gametype|doubles\n|player|p1|Zeroarck76|2|1078\n|player|p2|capitanorith|drake-gen3|1110\n|gen|9\n|tier|[Gen 9 Champions] VGC 2026 Reg M-A\n|rated|\n|rule|Species Clause: Limit one of each Pok\u00e9mon\n|rule|Item Clause: Limit 1 of each item\n|clearpoke\n|poke|p1|Crabominable, L50, F|\n|poke|p1|Farigiraf, L50, M|\n|poke|p1|Torkoal, L50, F|\n|poke|p1|Sinistcha, L50|\n|poke|p1|Gallade, L50, M|\n|poke|p1|Sableye, L50, F|\n|poke|p2|Gengar, L50, M|\n|poke|p2|Sneasler, L50, M|\n|poke|p2|Aerodactyl, L50, M|\n|poke|p2|Basculegion, L50, M|\n|poke|p2|Kingambit, L50, M|\n|poke|p2|Incineroar, L50, M|\n|teampreview|4\n|inactive|Battle timer is ON: inactive players will automatically lose when time's up. (requested by capitanorith)\n|inactive|Zeroarck76 has 60 seconds left.\n|\n|t:|1776258454\n|teamsize|p1|4\n|teamsize|p2|4\n|start\n|switch|p1a: Farigiraf|Farigiraf, L50, M|100/100\n|switch|p1b: Sableye|Sableye, L50, F|100/100\n|switch|p2a: Kingambit|Kingambit, L50, M|100/100\n|switch|p2b: Aerodactyl|Aerodactyl, L50, M|100/100\n|-ability|p2b: Aerodactyl|Unnerve\n|turn|1\n|\n|t:|1776258476\n|switch|p2b: Basculegion|Basculegion, L50, M|100/100\n|move|p1b: Sableye|Fake Out|p2a: Kingambit\n|-resisted|p2a: Kingambit|1\n|-damage|p2a: Kingambit|98/100\n|cant|p2a: Kingambit|flinch\n|move|p1a: Farigiraf|Trick Room|p1a: Farigiraf\n|-fieldstart|move: Trick Room|[of] p1a: Farigiraf\n|\n|upkeep\n|turn|2\n|inactive|Zeroarck76 has 30 seconds left.\n|\n|t:|1776258502\n|move|p2a: Kingambit|Protect|p2a: Kingambit\n|-singleturn|p2a: Kingambit|Protect\n|move|p1b: Sableye|Will-O-Wisp|p2a: Kingambit\n|-activate|p2a: Kingambit|move: Protect\n|move|p1a: Farigiraf|Psychic|p2b: Basculegion\n|-damage|p2b: Basculegion|44/100\n|move|p2b: Basculegion|Wave Crash|p1b: Sableye\n|-damage|p1b: Sableye|0 fnt\n|faint|p1b: Sableye\n|-damage|p2b: Basculegion|18/100|[from] Recoil\n|\n|upkeep\n|\n|t:|1776258515\n|switch|p1b: Crabominable|Crabominable, L50, F|100/100\n|turn|3\n|\n|t:|1776258536\n|switch|p2b: Aerodactyl|Aerodactyl, L50, M|100/100\n|-ability|p2b: Aerodactyl|Unnerve\n|detailschange|p1b: Crabominable|Crabominable-Mega, L50, F\n|-mega|p1b: Crabominable|Crabominable|Crabominite\n|move|p1b: Crabominable|Close Combat|p2a: Kingambit\n|-supereffective|p2a: Kingambit|2\n|-damage|p2a: Kingambit|0 fnt\n|-unboost|p1b: Crabominable|def|1\n|-unboost|p1b: Crabominable|spd|1\n|faint|p2a: Kingambit\n|move|p1a: Farigiraf|Psychic|p2b: Aerodactyl\n|-damage|p2b: Aerodactyl|37/100\n|\n|upkeep\n|\n|t:|1776258550\n|switch|p2a: Gengar|Gengar, L50, M, shiny|100/100\n|turn|4\n|\n|t:|1776258560\n|move|p2a: Gengar|Protect|p2a: Gengar\n|-singleturn|p2a: Gengar|Protect\n|move|p2b: Aerodactyl|Protect|p2b: Aerodactyl\n|-singleturn|p2b: Aerodactyl|Protect\n|move|p1b: Crabominable|Thunder Punch|p2b: Aerodactyl\n|-activate|p2b: Aerodactyl|move: Protect\n|move|p1a: Farigiraf|Psychic|p2a: Gengar\n|-activate|p2a: Gengar|move: Protect\n|\n|upkeep\n|turn|5\n|\n|t:|1776258576\n|switch|p2a: Basculegion|Basculegion, L50, M|18/100\n|move|p2b: Aerodactyl|Protect||[still]\n|-fail|p2b: Aerodactyl\n|move|p1b: Crabominable|Thunder Punch|p2b: Aerodactyl\n|-supereffective|p2b: Aerodactyl|1\n|-damage|p2b: Aerodactyl|0 fnt\n|faint|p2b: Aerodactyl\n|move|p1a: Farigiraf|Psychic|p2a: Basculegion\n|-damage|p2a: Basculegion|0 fnt\n|faint|p2a: Basculegion\n|\n|-fieldend|move: Trick Room\n|upkeep\n|-message|capitanorith forfeited.\n|\n|win|Zeroarck76\n|raw|Zeroarck76's rating: 1078 &rarr; <strong>1109</strong><br />(+31 for winning)\n|raw|capitanorith's rating: 1110 &rarr; <strong>1083</strong><br />(-27 for losing)\n|l|\u2606capitanorith\n|player|p2|\n",
  "uploadtime": 1776258594,
  "views": 21,
  "formatid": "gen9championsvgc2026regma",
  "rating": 1083,
  "private": 0,
  "password": null
}