{
  "id": "gen9championsvgc2026regma-2585846635",
  "format": "[Gen 9 Champions] VGC 2026 Reg M-A",
  "players": [
    "Leu_vgc",
    "thebeast4895"
  ],
  "log": "|j|\u2606Leu_vgc\n|j|\u2606thebeast4895\n|t:|1776375129\n|gametype|doubles\n|player|p1|Leu_vgc|acetrainer|\n|player|p2|thebeast4895|2|\n|gen|9\n|tier|[Gen 9 Champions] VGC 2026 Reg M-A\n|rated|Tournament battle\n|rule|Species Clause: Limit one of each Pok\u00e9mon\n|rule|Item Clause: Limit 1 of each item\n|clearpoke\n|poke|p1|Garchomp, L50, F|\n|poke|p1|Tyranitar, L50, F|\n|poke|p1|Manectric, L50, M|\n|poke|p1|Primarina, L50, M|\n|poke|p1|Farigiraf, L50, F|\n|poke|p1|Aegislash, L50, M|\n|poke|p2|Oranguru, L50, M|\n|poke|p2|Slowbro, L50, M|\n|poke|p2|Crabominable, L50, M|\n|poke|p2|Kingambit, L50, M|\n|poke|p2|Sinistcha, L50|\n|poke|p2|Incineroar, L50, M|\n|teampreview|4\n|c|\u2606Leu_vgc|glhf\n|c|\u2606thebeast4895|this good be the end\n|j| Xmann0025\n|j| La voz favorita\n|l| La voz favorita\n|j| La voz favorita\n|c|\u2606thebeast4895|i do struggle with the t tar\n|j| cwill4044\n|j| diamsword\n|c|\u2606thebeast4895|we gonna try something new and really stupid\n|\n|t:|1776375182\n|teamsize|p1|4\n|teamsize|p2|4\n|start\n|switch|p1a: Manectric|Manectric, L50, M, shiny|100/100\n|switch|p1b: Primarina|Primarina, L50, M, shiny|100/100\n|switch|p2a: Oranguru|Oranguru, L50, M|100/100\n|switch|p2b: Crabominable|Crabominable, L50, M|100/100\n|turn|1\n|c|\u2606thebeast4895|and same gl haf\n|c|\u2606thebeast4895|hf\n|j| anderoid\n|l| anderoid\n|\n|t:|1776375200\n|switch|p2b: Sinistcha|Sinistcha, L50|100/100\n|detailschange|p1a: Manectric|Manectric-Mega, L50, M, shiny\n|-mega|p1a: Manectric|Manectric|Manectite\n|-ability|p1a: Manectric|Intimidate|boost\n|-fail|p2a: Oranguru|unboost|Attack|[from] ability: Inner Focus|[of] p2a: Oranguru\n|-unboost|p2b: Sinistcha|atk|1\n|move|p1a: Manectric|Volt Switch|p2a: Oranguru\n|-damage|p2a: Oranguru|76/100\n|j| Brgl\n|\n|t:|1776375210\n|switch|p1a: Tyranitar|Tyranitar, L50, F, shiny|100/100|[from] Volt Switch\n|-weather|Sandstorm|[from] ability: Sand Stream|[of] p1a: Tyranitar\n|move|p1b: Primarina|Calm Mind|p1b: Primarina\n|-boost|p1b: Primarina|spa|1\n|-boost|p1b: Primarina|spd|1\n|move|p2a: Oranguru|Trick Room|p2a: Oranguru\n|-fieldstart|move: Trick Room|[of] p2a: Oranguru\n|\n|-weather|Sandstorm|[upkeep]\n|-damage|p2a: Oranguru|70/100|[from] Sandstorm\n|-damage|p1b: Primarina|94/100|[from] Sandstorm\n|-damage|p2b: Sinistcha|94/100|[from] Sandstorm\n|-heal|p1b: Primarina|100/100|[from] item: Leftovers\n|upkeep\n|turn|2\n|c| diamsword|oooooo\n|j| mysticmarshtomp\n|\n|t:|1776375251\n|move|p2a: Oranguru|Protect|p2a: Oranguru\n|-singleturn|p2a: Oranguru|Protect\n|move|p1b: Primarina|Protect|p1b: Primarina\n|-singleturn|p1b: Primarina|Protect\n|move|p1a: Tyranitar|Knock Off|p2b: Sinistcha\n|-supereffective|p2b: Sinistcha|1\n|-damage|p2b: Sinistcha|0 fnt\n|-enditem|p2b: Sinistcha|Sitrus Berry|[from] move: Knock Off|[of] p1a: Tyranitar\n|faint|p2b: Sinistcha\n|\n|-weather|Sandstorm|[upkeep]\n|-damage|p2a: Oranguru|63/100|[from] Sandstorm\n|-damage|p1b: Primarina|94/100|[from] Sandstorm\n|-heal|p1b: Primarina|100/100|[from] item: Leftovers\n|upkeep\n|\n|t:|1776375264\n|switch|p2b: Crabominable|Crabominable, L50, M|100/100\n|turn|3\n|\n|t:|1776375271\n|switch|p1a: Manectric|Manectric-Mega, L50, M, shiny|100/100\n|-ability|p1a: Manectric|Intimidate|boost\n|-fail|p2a: Oranguru|unboost|Attack|[from] ability: Inner Focus|[of] p2a: Oranguru\n|-fail|p2b: Crabominable|unboost|Attack|[from] ability: Hyper Cutter|[of] p2b: Crabominable\n|detailschange|p2b: Crabominable|Crabominable-Mega, L50, M\n|-mega|p2b: Crabominable|Crabominable|Crabominite\n|move|p2b: Crabominable|Thunder Punch|p1b: Primarina\n|-supereffective|p1b: Primarina|1\n|-damage|p1b: Primarina|24/100\n|move|p2a: Oranguru|Instruct|p2b: Crabominable\n|-singleturn|p2b: Crabominable|move: Instruct|[of] p2a: Oranguru\n|move|p2b: Crabominable|Thunder Punch|p1b: Primarina\n|-supereffective|p1b: Primarina|1\n|-damage|p1b: Primarina|0 fnt\n|faint|p1b: Primarina\n|\n|-weather|Sandstorm|[upkeep]\n|-damage|p2b: Crabominable|95/100|[from] Sandstorm\n|-damage|p2a: Oranguru|57/100|[from] Sandstorm\n|-damage|p1a: Manectric|95/100|[from] Sandstorm\n|upkeep\n|\n|t:|1776375284\n|switch|p1b: Aegislash|Aegislash, L50, M, shiny|100/100\n|turn|4\n|c|\u2606thebeast4895|okay so that was huge\n|c|\u2606thebeast4895|but still not over\n|j| felipesol2\n|\n|t:|1776375330\n|switch|p2a: Kingambit|Kingambit, L50, M, shiny|100/100\n|move|p2b: Crabominable|Protect|p2b: Crabominable\n|-singleturn|p2b: Crabominable|Protect\n|move|p1a: Manectric|Protect|p1a: Manectric\n|-singleturn|p1a: Manectric|Protect\n|-formechange|p1b: Aegislash|Aegislash-Blade|\n|move|p1b: Aegislash|Iron Head|p2b: Crabominable\n|-activate|p2b: Crabominable|move: Protect\n|\n|-weather|Sandstorm|[upkeep]\n|-damage|p2b: Crabominable|89/100|[from] Sandstorm\n|-damage|p1a: Manectric|89/100|[from] Sandstorm\n|upkeep\n|turn|5\n|\n|t:|1776375360\n|switch|p1a: Tyranitar|Tyranitar, L50, F, shiny|100/100\n|move|p2a: Kingambit|Sucker Punch|p1b: Aegislash\n|-supereffective|p1b: Aegislash|1\n|-damage|p1b: Aegislash|0 fnt\n|faint|p1b: Aegislash\n|move|p2b: Crabominable|Drain Punch|p1a: Tyranitar\n|-supereffective|p1a: Tyranitar|2\n|-enditem|p1a: Tyranitar|Chople Berry|[eat]\n|-enditem|p1a: Tyranitar|Chople Berry|[weaken]\n|-damage|p1a: Tyranitar|15/100\n|-heal|p2b: Crabominable|100/100|[from] drain|[of] p1a: Tyranitar\n|\n|-weather|none\n|-fieldend|move: Trick Room\n|upkeep\n|\n|t:|1776375365\n|switch|p1b: Manectric|Manectric-Mega, L50, M, shiny|89/100\n|-ability|p1b: Manectric|Intimidate|boost\n|-unboost|p2a: Kingambit|atk|1\n|-ability|p2a: Kingambit|Defiant|boost\n|-boost|p2a: Kingambit|atk|2\n|-unboost|p2b: Crabominable|atk|1\n|turn|6\n|c|\u2606thebeast4895|holy audiance\n|c| diamsword|focus u got htis\n|c|\u2606thebeast4895|is the crab doing okay this suprising guys\n|\n|t:|1776375385\n|move|p2a: Kingambit|Sucker Punch|p1a: Tyranitar\n|-resisted|p1a: Tyranitar|1\n|-damage|p1a: Tyranitar|0 fnt\n|faint|p1a: Tyranitar\n|move|p1b: Manectric|Flamethrower|p2b: Crabominable\n|-supereffective|p2b: Crabominable|1\n|-damage|p2b: Crabominable|55/100\n|move|p2b: Crabominable|Drain Punch|p1b: Manectric\n|-damage|p1b: Manectric|42/100\n|-heal|p2b: Crabominable|75/100|[from] drain|[of] p1b: Manectric\n|\n|upkeep\n|turn|7\n|l| mysticmarshtomp\n|\n|t:|1776375399\n|move|p2a: Kingambit|Sucker Punch|p1b: Manectric\n|-damage|p1b: Manectric|0 fnt\n|faint|p1b: Manectric\n|\n|win|thebeast4895\n|n|\u2606Leu_vgc|leuvgc\n|n|\u2606thebeast4895|thebeast4895\n|n| Xmann0025|xmann0025\n|n| La voz favorita|lavozfavorita\n|n| cwill4044|cwill4044\n|n| diamsword|diamsword\n|n| Brgl|brgl\n|n| felipesol2|felipesol2\n|c|\u2606Leu_vgc|gg wp\n|c| diamsword|holy moly guacamoly\n|l|\u2606Leu_vgc\n|player|p1|\n|l| Brgl\n|c|\u2606thebeast4895|yeah im suprised to\n|c|\u2606thebeast4895|gg\n|l| diamsword\n",
  "uploadtime": 1776375416,
  "views": 16,
  "formatid": "gen9championsvgc2026regma",
  "rating": null,
  "private": 0,
  "password": null
}