{
  "id": "gen9championsvgc2026regma-2585761420",
  "format": "[Gen 9 Champions] VGC 2026 Reg M-A",
  "players": [
    "Nytter877",
    "Draxolotl"
  ],
  "log": "|j|\u2606Nytter877\n|j|\u2606Draxolotl\n|t:|1776368773\n|gametype|doubles\n|player|p1|Nytter877|hooligans|\n|player|p2|Draxolotl|pokefanf|\n|gen|9\n|tier|[Gen 9 Champions] VGC 2026 Reg M-A\n|rated|Tournament battle\n|rule|Species Clause: Limit one of each Pok\u00e9mon\n|rule|Item Clause: Limit 1 of each item\n|raw|<div class=\"infobox\"><details class=\"readmore\" open><summary><strong>1 custom rule:</strong></summary> !open team sheets</details></div>\n|clearpoke\n|poke|p1|Sableye, L50, M|\n|poke|p1|Arcanine-Hisui, L50, M|\n|poke|p1|Farigiraf, L50, M|\n|poke|p1|Kingambit, L50, M|\n|poke|p1|Crabominable, L50, F|\n|poke|p1|Camerupt, L50, M|\n|poke|p2|Scovillain, L50, M|\n|poke|p2|Farigiraf, L50, F|\n|poke|p2|Torkoal, L50, M|\n|poke|p2|Incineroar, L50, F|\n|poke|p2|Crabominable, L50, M|\n|poke|p2|Gallade, L50, M|\n|teampreview|4\n|j| porygon-epilepz\n|j| pacdan111\n|l| pacdan111\n|j| knoxxzeta\n|\n|t:|1776368836\n|teamsize|p1|4\n|teamsize|p2|4\n|start\n|switch|p1a: lil jit|Sableye, L50, M, shiny|100/100\n|switch|p1b: no fake out for u|Farigiraf, L50, M|100/100\n|switch|p2a: Scovillain|Scovillain, L50, M|100/100\n|switch|p2b: Gallade|Gallade, L50, M|100/100\n|turn|1\n|\n|t:|1776368864\n|detailschange|p2a: Scovillain|Scovillain-Mega, L50, M\n|-mega|p2a: Scovillain|Scovillain|Scovillainite\n|move|p1a: lil jit|Fake Out|p2b: Gallade\n|-damage|p2b: Gallade|90/100\n|move|p2a: Scovillain|Overheat|p1b: no fake out for u\n|-damage|p1b: no fake out for u|35/100\n|-unboost|p2a: Scovillain|spa|2\n|cant|p2b: Gallade|flinch\n|move|p1b: no fake out for u|Trick Room|p1b: no fake out for u\n|-fieldstart|move: Trick Room|[of] p1b: no fake out for u\n|\n|upkeep\n|turn|2\n|\n|t:|1776368888\n|switch|p1b: lava jizz|Camerupt, L50, M, shiny|100/100\n|switch|p2b: Torkoal|Torkoal, L50, M|100/100\n|-weather|SunnyDay|[from] ability: Drought|[of] p2b: Torkoal\n|move|p1a: lil jit|Sunny Day||[still]\n|-fail|p1a: lil jit\n|move|p2a: Scovillain|Overheat|p1b: lava jizz\n|-resisted|p1b: lava jizz|1\n|-damage|p1b: lava jizz|77/100\n|-unboost|p2a: Scovillain|spa|2\n|\n|-weather|SunnyDay|[upkeep]\n|upkeep\n|turn|3\n|\n|t:|1776368909\n|switch|p2a: Incineroar|Incineroar, L50, F|100/100\n|-ability|p2a: Incineroar|Intimidate|boost\n|-unboost|p1a: lil jit|atk|1\n|-unboost|p1b: lava jizz|atk|1\n|detailschange|p1b: lava jizz|Camerupt-Mega, L50, M, shiny\n|-mega|p1b: lava jizz|Camerupt|Cameruptite\n|move|p1a: lil jit|Quash|p2b: Torkoal\n|-activate|p2b: Torkoal|move: Quash\n|move|p1b: lava jizz|Earth Power|p2b: Torkoal\n|-supereffective|p2b: Torkoal|1\n|-damage|p2b: Torkoal|0 fnt\n|faint|p2b: Torkoal\n|\n|-weather|SunnyDay|[upkeep]\n|upkeep\n|\n|t:|1776368918\n|switch|p2b: Gallade|Gallade, L50, M|90/100\n|turn|4\n|\n|t:|1776368925\n|switch|p1a: no fake out for u|Farigiraf, L50, M|35/100\n|move|p2a: Incineroar|Fake Out||[still]\n|cant|p1a: no fake out for u|ability: Armor Tail|Fake Out|[of] p2a: Incineroar\n|move|p1b: lava jizz|Earth Power|p2a: Incineroar\n|-supereffective|p2a: Incineroar|1\n|-damage|p2a: Incineroar|0 fnt\n|faint|p2a: Incineroar\n|move|p2b: Gallade|Trick Room|p2b: Gallade\n|-fieldend|move: Trick Room\n|\n|-weather|SunnyDay|[upkeep]\n|upkeep\n|\n|t:|1776368928\n|switch|p2a: Scovillain|Scovillain-Mega, L50, M|100/100\n|turn|5\n|\n|t:|1776368948\n|move|p2a: Scovillain|Solar Beam||[still]\n|-prepare|p2a: Scovillain|Solar Beam\n|-anim|p2a: Scovillain|Solar Beam|p1a: no fake out for u\n|-damage|p1a: no fake out for u|0 fnt\n|faint|p1a: no fake out for u\n|move|p2b: Gallade|Sacred Sword|p1b: lava jizz\n|-damage|p1b: lava jizz|0 fnt\n|faint|p1b: lava jizz\n|\n|-weather|SunnyDay|[upkeep]\n|upkeep\n|c|\u2606Nytter877|damn\n|c|\u2606Nytter877|i always though gallade was a support mon\n|\n|t:|1776368980\n|switch|p1a: lil jit|Sableye, L50, M, shiny|100/100\n|switch|p1b: Kitchen knife|Kingambit, L50, M, shiny|100/100\n|-activate|p1b: Kitchen knife|ability: Supreme Overlord\n|-start|p1b: Kitchen knife|fallen2|[silent]\n|turn|6\n|c|\u2606Draxolotl|hell nah this thing does DAMAGE\n|j| ghostistheman\n|\n|t:|1776369003\n|move|p2a: Scovillain|Protect|p2a: Scovillain\n|-singleturn|p2a: Scovillain|Protect\n|move|p1a: lil jit|Fake Out|p2b: Gallade\n|-damage|p2b: Gallade|80/100\n|cant|p2b: Gallade|flinch\n|move|p1b: Kitchen knife|Kowtow Cleave|p2b: Gallade\n|-damage|p2b: Gallade|0 fnt\n|faint|p2b: Gallade\n|\n|-weather|none\n|upkeep\n|turn|7\n|j| Lifetouches\n|j| Kommunikation\n|l| porygon-epilepz\n|\n|t:|1776369023\n|move|p1a: lil jit|Quash|p2a: Scovillain\n|-activate|p2a: Scovillain|move: Quash\n|move|p1b: Kitchen knife|Kowtow Cleave|p2a: Scovillain\n|-damage|p2a: Scovillain|34/100\n|-status|p1b: Kitchen knife|brn|[from] ability: Spicy Spray|[of] p2a: Scovillain\n|move|p2a: Scovillain|Overheat|p1b: Kitchen knife\n|-supereffective|p1b: Kitchen knife|1\n|-damage|p1b: Kitchen knife|0 fnt\n|-unboost|p2a: Scovillain|spa|2\n|faint|p1b: Kitchen knife\n|-end|p1b: Kitchen knife|fallen2|[silent]\n|\n|upkeep\n|turn|8\n|\n|t:|1776369039\n|move|p1a: lil jit|Feint|p2a: Scovillain\n|-damage|p2a: Scovillain|29/100\n|-status|p1a: lil jit|brn|[from] ability: Spicy Spray|[of] p2a: Scovillain\n|move|p2a: Scovillain|Overheat|p1a: lil jit\n|-damage|p1a: lil jit|71/100 brn\n|-unboost|p2a: Scovillain|spa|2\n|\n|-damage|p1a: lil jit|65/100 brn|[from] brn\n|upkeep\n|turn|9\n|\n|t:|1776369048\n|move|p1a: lil jit|Feint|p2a: Scovillain\n|-damage|p2a: Scovillain|27/100\n|move|p2a: Scovillain|Overheat|p1a: lil jit\n|-damage|p1a: lil jit|44/100 brn\n|-unboost|p2a: Scovillain|spa|2\n|-enditem|p1a: lil jit|Sitrus Berry|[eat]\n|-heal|p1a: lil jit|69/100 brn|[from] item: Sitrus Berry\n|\n|-damage|p1a: lil jit|64/100 brn|[from] brn\n|upkeep\n|turn|10\n|\n|t:|1776369058\n|move|p1a: lil jit|Feint|p2a: Scovillain\n|-damage|p2a: Scovillain|24/100\n|move|p2a: Scovillain|Overheat|p1a: lil jit\n|-damage|p1a: lil jit|48/100 brn\n|\n|-damage|p1a: lil jit|43/100 brn|[from] brn\n|upkeep\n|turn|11\n|c|\u2606Draxolotl|big chip\n|\n|t:|1776369068\n|move|p1a: lil jit|Feint|p2a: Scovillain\n|-damage|p2a: Scovillain|22/100\n|move|p2a: Scovillain|Overheat|p1a: lil jit|[miss]\n|-miss|p2a: Scovillain|p1a: lil jit\n|\n|-damage|p1a: lil jit|37/100 brn|[from] brn\n|upkeep\n|turn|12\n|\n|t:|1776369078\n|move|p1a: lil jit|Feint|p2a: Scovillain\n|-damage|p2a: Scovillain|20/100\n|move|p2a: Scovillain|Overheat|p1a: lil jit\n|-damage|p1a: lil jit|21/100 brn\n|\n|-damage|p1a: lil jit|15/100 brn|[from] brn\n|upkeep\n|turn|13\n|\n|t:|1776369092\n|move|p1a: lil jit|Feint|p2a: Scovillain\n|-damage|p2a: Scovillain|17/100\n|move|p2a: Scovillain|Solar Beam||[still]\n|-prepare|p2a: Scovillain|Solar Beam\n|\n|-damage|p1a: lil jit|9/100 brn|[from] brn\n|upkeep\n|turn|14\n|c|\u2606Draxolotl|gg\n|c|\u2606Nytter877|this happens to me alot more often than youd expect\n|\n|t:|1776369107\n|move|p1a: lil jit|Feint|p2a: Scovillain\n|-damage|p2a: Scovillain|15/100\n|move|p2a: Scovillain|Solar Beam|p1a: lil jit|[from] lockedmove\n|-damage|p1a: lil jit|0 fnt\n|faint|p1a: lil jit\n|\n|win|Draxolotl\n|n|\u2606Nytter877|nytter877\n|n|\u2606Draxolotl|draxolotl\n|n| knoxxzeta|knoxxzeta\n|n| ghostistheman|ghostistheman\n|n| Lifetouches|lifetouches\n|n| Kommunikation|kommunikation\n",
  "uploadtime": 1776368778,
  "views": 14,
  "formatid": "gen9championsvgc2026regma",
  "rating": null,
  "private": 0,
  "password": null
}