{
  "id": "gen9championsvgc2026regma-2587025959",
  "format": "[Gen 9 Champions] VGC 2026 Reg M-A",
  "players": [
    "GodfatherKD",
    "MochiMoxth"
  ],
  "log": "|j|\u2606GodfatherKD\n|j|\u2606MochiMoxth\n|t:|1776482577\n|gametype|doubles\n|player|p1|GodfatherKD|hilbert|1045\n|player|p2|MochiMoxth|169|1041\n|gen|9\n|tier|[Gen 9 Champions] VGC 2026 Reg M-A\n|rated|\n|rule|Species Clause: Limit one of each Pok\u00e9mon\n|rule|Item Clause: Limit 1 of each item\n|clearpoke\n|poke|p1|Aggron, L50, M|\n|poke|p1|Kingambit, L50, M|\n|poke|p1|Hatterene, L50, F|\n|poke|p1|Sinistcha, L50|\n|poke|p1|Oranguru, L50, M|\n|poke|p1|Farigiraf, L50, F|\n|poke|p2|Froslass, L50, F|\n|poke|p2|Glimmora, L50, M|\n|poke|p2|Ninetales-Alola, L50, F|\n|poke|p2|Milotic, L50, M|\n|poke|p2|Espathra, L50, M|\n|poke|p2|Florges, L50, F|\n|teampreview|4\nGodfatherKD rejected open team sheets.\n|\n|t:|1776482642\n|teamsize|p1|4\n|teamsize|p2|4\n|start\n|switch|p1a: Hatterene|Hatterene, L50, F, shiny|100/100\n|switch|p1b: Farigiraf|Farigiraf, L50, F|100/100\n|switch|p2a: Espathra|Espathra, L50, M|100/100\n|switch|p2b: Froslass|Froslass, L50, F|100/100\n|turn|1\n|\n|t:|1776482675\n|detailschange|p2b: Froslass|Froslass-Mega, L50, F\n|-mega|p2b: Froslass|Froslass|Froslassite\n|-weather|Snowscape|[from] ability: Snow Warning|[of] p2b: Froslass\n|move|p2b: Froslass|Blizzard|p1b: Farigiraf|[spread] p1a,p1b\n|-damage|p1a: Hatterene|64/100\n|-damage|p1b: Farigiraf|64/100\n|move|p2a: Espathra|Substitute|p2a: Espathra\n|-start|p2a: Espathra|Substitute\n|-damage|p2a: Espathra|75/100\n|move|p1b: Farigiraf|Psychic Terrain|p1b: Farigiraf\n|-fieldstart|move: Psychic Terrain\n|move|p1a: Hatterene|Trick Room|p1a: Hatterene\n|-fieldstart|move: Trick Room|[of] p1a: Hatterene\n|\n|-weather|Snowscape|[upkeep]\n|-heal|p1b: Farigiraf|71/100|[from] item: Leftovers\n|upkeep\n|turn|2\n|\n|t:|1776482702\n|move|p1b: Farigiraf|Helping Hand|p1a: Hatterene\n|-singleturn|p1a: Hatterene|Helping Hand|[of] p1b: Farigiraf\n|move|p1a: Hatterene|Expanding Force|p2a: Espathra|[spread] p2a,p2b\n|-resisted|p2a: Espathra|1\n|-end|p2a: Espathra|Substitute\n|-damage|p2b: Froslass|0 fnt\n|faint|p2b: Froslass\n|move|p2a: Espathra|Psychic Terrain||[still]\n|-fail|p2a: Espathra\n|\n|-weather|Snowscape|[upkeep]\n|-heal|p1b: Farigiraf|77/100|[from] item: Leftovers\n|upkeep\n|\n|t:|1776482715\n|switch|p2b: Florges|Florges, L50, F|100/100\n|turn|3\n|\n|t:|1776482741\n|move|p1b: Farigiraf|Helping Hand|p1a: Hatterene\n|-singleturn|p1a: Hatterene|Helping Hand|[of] p1b: Farigiraf\n|move|p1a: Hatterene|Expanding Force|p2b: Florges|[spread] p2a,p2b\n|-resisted|p2a: Espathra|1\n|-damage|p2a: Espathra|0 fnt\n|-damage|p2b: Florges|26/100\n|faint|p2a: Espathra\n|move|p2b: Florges|Energy Ball|p1b: Farigiraf\n|-damage|p1b: Farigiraf|52/100\n|\n|-weather|Snowscape|[upkeep]\n|-heal|p1b: Farigiraf|59/100|[from] item: Leftovers\n|upkeep\n|\n|t:|1776482754\n|switch|p2a: Milotic|Milotic, L50, M|100/100\n|turn|4\n|\n|t:|1776482790\n|move|p2a: Milotic|Protect|p2a: Milotic\n|-singleturn|p2a: Milotic|Protect\n|move|p1a: Hatterene|Expanding Force|p2b: Florges|[spread] p2b\n|-activate|p2a: Milotic|move: Protect\n|-damage|p2b: Florges|0 fnt\n|faint|p2b: Florges\n|move|p1b: Farigiraf|Psychic|p2a: Milotic\n|-activate|p2a: Milotic|move: Protect\n|\n|-weather|Snowscape|[upkeep]\n|-heal|p1b: Farigiraf|65/100|[from] item: Leftovers\n|upkeep\n|turn|5\n|\n|t:|1776482805\n|move|p1a: Hatterene|Expanding Force|p2a: Milotic\n|-damage|p2a: Milotic|21/100\n|move|p1b: Farigiraf|Psychic|p2a: Milotic\n|-damage|p2a: Milotic|0 fnt\n|faint|p2a: Milotic\n|\n|win|GodfatherKD\n|raw|GodfatherKD's rating: 1045 &rarr; <strong>1078</strong><br />(+33 for winning)\n|raw|MochiMoxth's rating: 1041 &rarr; <strong>1025</strong><br />(-16 for losing)\n",
  "uploadtime": 1776482813,
  "views": 16,
  "formatid": "gen9championsvgc2026regma",
  "rating": 1025,
  "private": 0,
  "password": null
}