{
  "id": "gen9championsvgc2026regma-2587086983",
  "format": "[Gen 9 Champions] VGC 2026 Reg M-A",
  "players": [
    "gekko kabu",
    "Icarus#UPAD"
  ],
  "log": "|j|\u2606gekko kabu\n|j|\u2606Icarus#UPAD\n|t:|1776491554\n|gametype|doubles\n|player|p1|gekko kabu|bugcatcher-gen4dp|1482\n|player|p2|Icarus#UPAD|1|1389\n|gen|9\n|tier|[Gen 9 Champions] VGC 2026 Reg M-A\n|rated|\n|rule|Species Clause: Limit one of each Pok\u00e9mon\n|rule|Item Clause: Limit 1 of each item\n|clearpoke\n|poke|p1|Charizard, L50, M, shiny|\n|poke|p1|Incineroar, L50, M, shiny|\n|poke|p1|Whimsicott, L50, F, shiny|\n|poke|p1|Garchomp, L50, M, shiny|\n|poke|p1|Rotom-Wash, L50, shiny|\n|poke|p1|Sneasler, L50, F|\n|poke|p2|Gengar, L50, M|\n|poke|p2|Incineroar, L50, M|\n|poke|p2|Sinistcha, L50|\n|poke|p2|Kingambit, L50, M|\n|poke|p2|Primarina, L50, M|\n|poke|p2|Tyranitar, L50, F|\n|teampreview|4\n|inactive|Battle timer is ON: inactive players will automatically lose when time's up. (requested by Icarus#UPAD)\n|\n|t:|1776491574\n|teamsize|p1|4\n|teamsize|p2|4\n|start\n|switch|p1a: Incineroar|Incineroar, L50, M, shiny|100/100\n|switch|p1b: Whimsicott|Whimsicott, L50, F, shiny|100/100\n|switch|p2a: Gengar|Gengar, L50, M|100/100\n|switch|p2b: Incineroar|Incineroar, L50, M|100/100\n|-ability|p1a: Incineroar|Intimidate|boost\n|-unboost|p2a: Gengar|atk|1\n|-unboost|p2b: Incineroar|atk|1\n|-ability|p2b: Incineroar|Intimidate|boost\n|-unboost|p1a: Incineroar|atk|1\n|-unboost|p1b: Whimsicott|atk|1\n|turn|1\n|\n|t:|1776491594\n|detailschange|p2a: Gengar|Gengar-Mega, L50, M\n|-mega|p2a: Gengar|Gengar|Gengarite\n|move|p1a: Incineroar|Fake Out|p2b: Incineroar\n|-damage|p2b: Incineroar|93/100\n|cant|p2b: Incineroar|flinch\n|move|p2a: Gengar|Sludge Bomb|p1b: Whimsicott\n|-supereffective|p1b: Whimsicott|2\n|-enditem|p1b: Whimsicott|Focus Sash\n|-damage|p1b: Whimsicott|1/100\n|move|p1b: Whimsicott|Moonblast|p2b: Incineroar\n|-damage|p2b: Incineroar|62/100\n|\n|upkeep\n|turn|2\n|j| syounen\n|inactive|Icarus#UPAD has 30 seconds left.\n|\n|t:|1776491623\n|switch|p2b: Tyranitar|Tyranitar, L50, F|100/100\n|-weather|Sandstorm|[from] ability: Sand Stream|[of] p2b: Tyranitar\n|move|p1b: Whimsicott|Tailwind|p1b: Whimsicott\n|-sidestart|p1: gekko kabu|move: Tailwind\n|move|p2a: Gengar|Sludge Bomb|p1a: Incineroar\n|-damage|p1a: Incineroar|49/100\n|-enditem|p1a: Incineroar|Sitrus Berry|[eat]\n|-heal|p1a: Incineroar|74/100|[from] item: Sitrus Berry\n|move|p1a: Incineroar|Snarl|p2b: Tyranitar|[spread] p2a,p2b\n|-supereffective|p2a: Gengar|1\n|-resisted|p2b: Tyranitar|1\n|-damage|p2a: Gengar|74/100\n|-damage|p2b: Tyranitar|97/100\n|-unboost|p2a: Gengar|spa|1\n|-unboost|p2b: Tyranitar|spa|1\n|\n|-weather|Sandstorm|[upkeep]\n|-damage|p1b: Whimsicott|0 fnt|[from] Sandstorm\n|-damage|p2a: Gengar|68/100|[from] Sandstorm\n|-damage|p1a: Incineroar|68/100|[from] Sandstorm\n|faint|p1b: Whimsicott\n|upkeep\n|inactive|gekko kabu has 30 seconds left.\n|\n|t:|1776491653\n|switch|p1b: Charizard|Charizard, L50, M, shiny|100/100\n|turn|3\n|inactive|gekko kabu has 30 seconds left.\n|inactive|Icarus#UPAD has 30 seconds left.\n|\n|t:|1776491687\n|switch|p2b: Incineroar|Incineroar, L50, M|62/100\n|-ability|p2b: Incineroar|Intimidate|boost\n|-unboost|p1a: Incineroar|atk|1\n|-unboost|p1b: Charizard|atk|1\n|detailschange|p1b: Charizard|Charizard-Mega-Y, L50, M, shiny\n|-mega|p1b: Charizard|Charizard|Charizardite Y\n|-weather|SunnyDay|[from] ability: Drought|[of] p1b: Charizard\n|move|p2a: Gengar|Protect|p2a: Gengar\n|-singleturn|p2a: Gengar|Protect\n|move|p1b: Charizard|Heat Wave|p2b: Incineroar|[spread] p2b\n|-activate|p2a: Gengar|move: Protect\n|-resisted|p2b: Incineroar|1\n|-damage|p2b: Incineroar|32/100\n|-enditem|p2b: Incineroar|Sitrus Berry|[eat]\n|-heal|p2b: Incineroar|57/100|[from] item: Sitrus Berry\n|move|p1a: Incineroar|Snarl|p2b: Incineroar|[spread] p2b\n|-activate|p2a: Gengar|move: Protect\n|-resisted|p2b: Incineroar|1\n|-damage|p2b: Incineroar|52/100\n|-unboost|p2b: Incineroar|spa|1\n|\n|-weather|SunnyDay|[upkeep]\n|upkeep\n|turn|4\n|inactive|Icarus#UPAD has 30 seconds left.\n|\n|t:|1776491721\n|switch|p2a: Tyranitar|Tyranitar, L50, F|97/100\n|-weather|Sandstorm|[from] ability: Sand Stream|[of] p2a: Tyranitar\n|move|p1b: Charizard|Protect|p1b: Charizard\n|-singleturn|p1b: Charizard|Protect\n|move|p2b: Incineroar|Fake Out|p1b: Charizard\n|-activate|p1b: Charizard|move: Protect\n|move|p1a: Incineroar|Snarl|p2a: Tyranitar|[spread] p2a,p2b\n|-resisted|p2a: Tyranitar|1\n|-resisted|p2b: Incineroar|1\n|-damage|p2a: Tyranitar|94/100\n|-damage|p2b: Incineroar|47/100\n|-unboost|p2a: Tyranitar|spa|1\n|-unboost|p2b: Incineroar|spa|1\n|\n|-weather|Sandstorm|[upkeep]\n|-damage|p1b: Charizard|95/100|[from] Sandstorm\n|-damage|p1a: Incineroar|62/100|[from] Sandstorm\n|-damage|p2b: Incineroar|41/100|[from] Sandstorm\n|upkeep\n|turn|5\n|\n|t:|1776491746\n|switch|p1b: Sneasler|Sneasler, L50, F|100/100\n|move|p1a: Incineroar|Parting Shot|p2a: Tyranitar\n|-unboost|p2a: Tyranitar|atk|1\n|-unboost|p2a: Tyranitar|spa|1\n|\n|t:|1776491752\n|switch|p1a: Charizard|Charizard-Mega-Y, L50, M, shiny|95/100|[from] Parting Shot\n|-weather|SunnyDay|[from] ability: Drought|[of] p1a: Charizard\n|move|p2a: Tyranitar|Rock Slide|p1b: Sneasler|[spread] p1a,p1b\n|-supereffective|p1a: Charizard|2\n|-resisted|p1b: Sneasler|1\n|-damage|p1a: Charizard|10/100\n|-damage|p1b: Sneasler|81/100\n|move|p2b: Incineroar|Parting Shot|p1b: Sneasler\n|-unboost|p1b: Sneasler|atk|1\n|-unboost|p1b: Sneasler|spa|1\n|\n|t:|1776491768\n|switch|p2b: Gengar|Gengar-Mega, L50, M|68/100|[from] Parting Shot\n|-enditem|p1b: Sneasler|White Herb\n|-clearnegativeboost|p1b: Sneasler|[silent]\n|\n|-weather|SunnyDay|[upkeep]\n|-sideend|p1: gekko kabu|move: Tailwind\n|upkeep\n|turn|6\n|l| syounen\n|inactive|Icarus#UPAD has 30 seconds left.\n|\n|t:|1776491797\n|switch|p2a: Incineroar|Incineroar, L50, M|41/100\n|-ability|p2a: Incineroar|Intimidate|boost\n|-unboost|p1a: Charizard|atk|1\n|-unboost|p1b: Sneasler|atk|1\n|move|p1a: Charizard|Protect|p1a: Charizard\n|-singleturn|p1a: Charizard|Protect\n|move|p1b: Sneasler|Close Combat|p2a: Incineroar\n|-supereffective|p2a: Incineroar|1\n|-damage|p2a: Incineroar|0 fnt\n|-unboost|p1b: Sneasler|def|1\n|-unboost|p1b: Sneasler|spd|1\n|faint|p2a: Incineroar\n|move|p2b: Gengar|Sludge Bomb|p1a: Charizard\n|-activate|p1a: Charizard|move: Protect\n|\n|-weather|SunnyDay|[upkeep]\n|upkeep\n|\n|t:|1776491807\n|switch|p2a: Tyranitar|Tyranitar, L50, F|94/100\n|-weather|Sandstorm|[from] ability: Sand Stream|[of] p2a: Tyranitar\n|turn|7\n|\n|t:|1776491821\n|move|p1b: Sneasler|Close Combat|p2a: Tyranitar\n|-supereffective|p2a: Tyranitar|2\n|-damage|p2a: Tyranitar|0 fnt\n|-unboost|p1b: Sneasler|def|1\n|-unboost|p1b: Sneasler|spd|1\n|faint|p2a: Tyranitar\n|move|p2b: Gengar|Shadow Ball|p1b: Sneasler\n|-damage|p1b: Sneasler|0 fnt\n|faint|p1b: Sneasler\n|move|p1a: Charizard|Weather Ball|p2b: Gengar\n|-damage|p2b: Gengar|12/100\n|\n|-weather|Sandstorm|[upkeep]\n|-damage|p2b: Gengar|6/100|[from] Sandstorm\n|-damage|p1a: Charizard|4/100|[from] Sandstorm\n|upkeep\n|\n|t:|1776491826\n|switch|p1b: Incineroar|Incineroar, L50, M, shiny|62/100\n|switch|p2a: Sinistcha|Sinistcha, L50|100/100\n|-ability|p1b: Incineroar|Intimidate|boost\n|-unboost|p2a: Sinistcha|atk|1\n|-unboost|p2b: Gengar|atk|1\n|-heal|p2b: Gengar|31/100|[from] ability: Hospitality|[of] p2a: Sinistcha\n|turn|8\n|\n|t:|1776491846\n|move|p1a: Charizard|Protect|p1a: Charizard\n|-singleturn|p1a: Charizard|Protect\n|move|p2a: Sinistcha|Rage Powder|p2a: Sinistcha\n|-singleturn|p2a: Sinistcha|move: Rage Powder\n|move|p2b: Gengar|Sludge Bomb|p1a: Charizard\n|-activate|p1a: Charizard|move: Protect\n|move|p1b: Incineroar|Flare Blitz|p2a: Sinistcha\n|-supereffective|p2a: Sinistcha|1\n|-damage|p2a: Sinistcha|16/100\n|-damage|p1b: Incineroar|37/100|[from] Recoil\n|\n|-weather|Sandstorm|[upkeep]\n|-damage|p2b: Gengar|25/100|[from] Sandstorm\n|-damage|p1a: Charizard|0 fnt|[from] Sandstorm\n|-damage|p1b: Incineroar|31/100|[from] Sandstorm\n|-damage|p2a: Sinistcha|10/100|[from] Sandstorm\n|faint|p1a: Charizard\n|upkeep\n|turn|9\n|-message|gekko kabu forfeited.\n|\n|win|Icarus#UPAD\n|raw|gekko kabu's rating: 1482 &rarr; <strong>1457</strong><br />(-25 for losing)\n|raw|Icarus#UPAD's rating: 1389 &rarr; <strong>1414</strong><br />(+25 for winning)\n|l|\u2606gekko kabu\n|player|p1|\n|l|\u2606Icarus#UPAD\n|player|p2|\n",
  "uploadtime": 1776492504,
  "views": 32,
  "formatid": "gen9championsvgc2026regma",
  "rating": 1414,
  "private": 0,
  "password": null
}