{
  "id": "gen9championsvgc2026regma-2589469568",
  "format": "[Gen 9 Champions] VGC 2026 Reg M-A",
  "players": [
    "Kenny con perish",
    "tubbatub"
  ],
  "log": "|j|\u2606Kenny con perish\n|j|\u203dtubbatub\n|t:|1776725766\n|gametype|doubles\n|player|p1|Kenny con perish|101|1095\n|player|p2|tubbatub|fantina|1175\n|gen|9\n|tier|[Gen 9 Champions] VGC 2026 Reg M-A\n|rated|\n|rule|Species Clause: Limit one of each Pok\u00e9mon\n|rule|Item Clause: Limit 1 of each item\n|clearpoke\n|poke|p1|Gengar, L50, F|\n|poke|p1|Incineroar, L50, M|\n|poke|p1|Maushold, L50|\n|poke|p1|Sableye, L50, M|\n|poke|p1|Rotom-Wash, L50|\n|poke|p1|Garchomp, L50, M|\n|poke|p2|Garchomp, L50, F|\n|poke|p2|Froslass, L50, F|\n|poke|p2|Incineroar, L50, F|\n|poke|p2|Palafin, L50, F|\n|poke|p2|Kingambit, L50, F|\n|poke|p2|Charizard, L50, M|\n|teampreview|4\n|inactive|Battle timer is ON: inactive players will automatically lose when time's up. (requested by tubbatub)\nKenny con perish rejected open team sheets.\n|inactive|Kenny con perish has 60 seconds left.\n|\n|t:|1776725803\n|teamsize|p1|4\n|teamsize|p2|4\n|start\n|switch|p1a: Gengar|Gengar, L50, F|100/100\n|switch|p1b: Rotom|Rotom-Wash, L50|100/100\n|switch|p2a: Kingambit|Kingambit, L50, F|100/100\n|switch|p2b: Incineroar|Incineroar, L50, F|100/100\n|-ability|p2b: Incineroar|Intimidate|boost\n|-unboost|p1a: Gengar|atk|1\n|-unboost|p1b: Rotom|atk|1\n|turn|1\n|\n|t:|1776725820\n|detailschange|p1a: Gengar|Gengar-Mega, L50, F\n|-mega|p1a: Gengar|Gengar|Gengarite\n|move|p1a: Gengar|Protect|p1a: Gengar\n|-singleturn|p1a: Gengar|Protect\n|move|p2b: Incineroar|Fake Out|p1b: Rotom\n|-crit|p1b: Rotom\n|-damage|p1b: Rotom|78/100\n|cant|p1b: Rotom|flinch\n|move|p2a: Kingambit|Swords Dance|p2a: Kingambit\n|-boost|p2a: Kingambit|atk|2\n|\n|upkeep\n|turn|2\n|inactive|Kenny con perish has 30 seconds left.\n|inactive|tubbatub has 30 seconds left.\n|\n|t:|1776725846\n|switch|p1a: Garchomp|Garchomp, L50, M|100/100\n|move|p1b: Rotom|Will-O-Wisp|p2a: Kingambit\n|-status|p2a: Kingambit|brn\n|move|p2b: Incineroar|Throat Chop|p1b: Rotom\n|-damage|p1b: Rotom|34/100\n|-start|p1b: Rotom|Throat Chop|[silent]\n|move|p2a: Kingambit|Kowtow Cleave|p1a: Garchomp\n|-damage|p1a: Garchomp|49/100\n|-damage|p2a: Kingambit|88/100 brn|[from] ability: Rough Skin|[of] p1a: Garchomp\n|\n|-damage|p2a: Kingambit|82/100 brn|[from] brn\n|upkeep\n|turn|3\n|inactive|Kenny con perish has 30 seconds left.\n|\n|t:|1776725872\n|switch|p2a: Charizard|Charizard, L50, M|100/100\n|move|p1a: Garchomp|Stomping Tantrum|p2a: Charizard\n|-immune|p2a: Charizard\n|move|p1b: Rotom|Volt Switch|p2b: Incineroar\n|-damage|p2b: Incineroar|65/100\n|\n|t:|1776725881\n|switch|p1b: Incineroar|Incineroar, L50, M|100/100|[from] Volt Switch\n|-ability|p1b: Incineroar|Intimidate|boost\n|-unboost|p2a: Charizard|atk|1\n|-unboost|p2b: Incineroar|atk|1\n|move|p2b: Incineroar|Parting Shot|p1a: Garchomp\n|-unboost|p1a: Garchomp|atk|1\n|-unboost|p1a: Garchomp|spa|1\n|\n|t:|1776725892\n|switch|p2b: Garchomp|Garchomp, L50, F|100/100|[from] Parting Shot\n|\n|upkeep\n|turn|4\n|\n|t:|1776725904\n|switch|p2b: Incineroar|Incineroar, L50, F|65/100\n|-ability|p2b: Incineroar|Intimidate|boost\n|-unboost|p1a: Garchomp|atk|1\n|-unboost|p1b: Incineroar|atk|1\n|-enditem|p1b: Incineroar|White Herb\n|-clearnegativeboost|p1b: Incineroar|[silent]\n|switch|p1a: Rotom|Rotom-Wash, L50|34/100\n|move|p2a: Charizard|Protect|p2a: Charizard\n|-singleturn|p2a: Charizard|Protect\n|move|p1b: Incineroar|Fake Out|p2b: Incineroar\n|-damage|p2b: Incineroar|55/100\n|\n|upkeep\n|turn|5\n|inactive|Kenny con perish has 30 seconds left.\n|\n|t:|1776725934\n|detailschange|p2a: Charizard|Charizard-Mega-X, L50, M\n|-mega|p2a: Charizard|Charizard|Charizardite X\n|move|p2b: Incineroar|Fake Out|p1b: Incineroar\n|-damage|p1b: Incineroar|89/100\n|move|p1a: Rotom|Volt Switch|p2a: Charizard\n|-resisted|p2a: Charizard|1\n|-crit|p2a: Charizard\n|-damage|p2a: Charizard|74/100\n|\n|t:|1776725954\n|switch|p1a: Garchomp|Garchomp, L50, M|49/100|[from] Volt Switch\n|move|p2a: Charizard|Dragon Claw|p1a: Garchomp\n|-supereffective|p1a: Garchomp|1\n|-damage|p1a: Garchomp|0 fnt\n|-damage|p2a: Charizard|62/100|[from] ability: Rough Skin|[of] p1a: Garchomp\n|faint|p1a: Garchomp\n|cant|p1b: Incineroar|flinch\n|\n|upkeep\n|\n|t:|1776725964\n|switch|p1a: Gengar|Gengar-Mega, L50, F|100/100\n|turn|6\n|\n|t:|1776725978\n|move|p1a: Gengar|Protect|p1a: Gengar\n|-singleturn|p1a: Gengar|Protect\n|move|p2a: Charizard|Dragon Dance|p2a: Charizard\n|-boost|p2a: Charizard|atk|1\n|-boost|p2a: Charizard|spe|1\n|move|p1b: Incineroar|Close Combat|p2a: Charizard\n|-damage|p2a: Charizard|35/100\n|-unboost|p1b: Incineroar|def|1\n|-unboost|p1b: Incineroar|spd|1\n|move|p2b: Incineroar|Parting Shot|p1b: Incineroar\n|-unboost|p1b: Incineroar|atk|1\n|-unboost|p1b: Incineroar|spa|1\n|\n|t:|1776725991\n|switch|p2b: Garchomp|Garchomp, L50, F|100/100|[from] Parting Shot\n|\n|upkeep\n|turn|7\n|\n|t:|1776726003\n|move|p2a: Charizard|Protect|p2a: Charizard\n|-singleturn|p2a: Charizard|Protect\n|move|p2b: Garchomp|Earthquake|p1b: Incineroar|[spread] p1a,p1b\n|-activate|p2a: Charizard|move: Protect\n|-supereffective|p1a: Gengar|1\n|-supereffective|p1b: Incineroar|1\n|-damage|p1a: Gengar|4/100\n|-damage|p1b: Incineroar|0 fnt\n|faint|p1b: Incineroar\n|move|p1a: Gengar|Shadow Ball|p2a: Charizard\n|-activate|p2a: Charizard|move: Protect\n|\n|upkeep\n|\n|t:|1776726013\n|switch|p1b: Rotom|Rotom-Wash, L50|34/100\n|turn|8\n|-message|Kenny con perish forfeited.\n|\n|win|tubbatub\n|raw|Kenny con perish's rating: 1095 &rarr; <strong>1076</strong><br />(-19 for losing)\n|raw|tubbatub's rating: 1175 &rarr; <strong>1194</strong><br />(+19 for winning)\n|l|\u2606Kenny con perish\n|player|p1|\n",
  "uploadtime": 1776726018,
  "views": 6,
  "formatid": "gen9championsvgc2026regma",
  "rating": 1076,
  "private": 0,
  "password": null
}