{
  "id": "gen9championsvgc2026regma-2589468636",
  "format": "[Gen 9 Champions] VGC 2026 Reg M-A",
  "players": [
    "Thesmith789",
    "sung jin'oo"
  ],
  "log": "|j|\u2606Thesmith789\n|j|\u2606sung jin'oo\n|t:|1776725681\n|gametype|doubles\n|player|p1|Thesmith789|1|1074\n|player|p2|sung jin'oo|veteran|1125\n|gen|9\n|tier|[Gen 9 Champions] VGC 2026 Reg M-A\n|rated|\n|rule|Species Clause: Limit one of each Pok\u00e9mon\n|rule|Item Clause: Limit 1 of each item\n|clearpoke\n|poke|p1|Aggron, L50, M|\n|poke|p1|Sneasler, L50, M|\n|poke|p1|Espathra, L50, M|\n|poke|p1|Sinistcha-Masterpiece, L50|\n|poke|p1|Blastoise, L50, F|\n|poke|p1|Alcremie, L50, F|\n|poke|p2|Palafin, L50, M|\n|poke|p2|Politoed, L50, F|\n|poke|p2|Scizor, L50, M|\n|poke|p2|Meganium, L50, F|\n|poke|p2|Basculegion, L50, M|\n|poke|p2|Garchomp, L50, F|\n|teampreview|4\n|inactive|Battle timer is ON: inactive players will automatically lose when time's up. (requested by sung jin'oo)\n|inactive|Thesmith789 also wants the timer to be on.\n|inactive|Thesmith789 has 60 seconds left.\n|inactive|sung jin'oo has 60 seconds left.\n|inactive|sung jin'oo has 30 seconds left.\n|inactive|sung jin'oo has 20 seconds left.\n|inactive|sung jin'oo has 15 seconds left.\nThesmith789 rejected open team sheets.\n|\n|t:|1776725758\n|teamsize|p1|4\n|teamsize|p2|4\n|start\n|switch|p1a: Sneasler|Sneasler, L50, M|100/100\n|switch|p1b: Aggron|Aggron, L50, M|100/100\n|switch|p2a: Politoed|Politoed, L50, F|100/100\n|switch|p2b: Garchomp|Garchomp, L50, F|100/100\n|-weather|RainDance|[from] ability: Drizzle|[of] p2a: Politoed\n|turn|1\n|\n|t:|1776725777\n|detailschange|p1b: Aggron|Aggron-Mega, L50, M\n|-mega|p1b: Aggron|Aggron|Aggronite\n|move|p1a: Sneasler|Fake Out|p2a: Politoed\n|-damage|p2a: Politoed|84/100\n|move|p2b: Garchomp|Stomping Tantrum|p1a: Sneasler\n|-supereffective|p1a: Sneasler|1\n|-damage|p1a: Sneasler|0 fnt\n|faint|p1a: Sneasler\n|cant|p2a: Politoed|flinch\n|move|p1b: Aggron|Iron Defense|p1b: Aggron\n|-boost|p1b: Aggron|def|2\n|\n|-weather|RainDance|[upkeep]\n|-heal|p2a: Politoed|91/100|[from] item: Leftovers\n|upkeep\n|\n|t:|1776725795\n|switch|p1a: Espathra|Espathra, L50, M|100/100\n|turn|2\n|\n|t:|1776725803\n|move|p2a: Politoed|Protect|p2a: Politoed\n|-singleturn|p2a: Politoed|Protect\n|move|p1b: Aggron|Protect|p1b: Aggron\n|-singleturn|p1b: Aggron|Protect\n|move|p2b: Garchomp|Earthquake|p1b: Aggron|[spread] p1a\n|-activate|p2a: Politoed|move: Protect\n|-activate|p1b: Aggron|move: Protect\n|-damage|p1a: Espathra|60/100\n|move|p1a: Espathra|Calm Mind|p1a: Espathra\n|-boost|p1a: Espathra|spa|1\n|-boost|p1a: Espathra|spd|1\n|\n|-weather|RainDance|[upkeep]\n|-heal|p1a: Espathra|66/100|[from] item: Leftovers\n|-heal|p2a: Politoed|97/100|[from] item: Leftovers\n|-ability|p1a: Espathra|Speed Boost|boost\n|-boost|p1a: Espathra|spe|1\n|upkeep\n|turn|3\n|\n|t:|1776725824\n|move|p2a: Politoed|Helping Hand|p2b: Garchomp\n|-singleturn|p2b: Garchomp|Helping Hand|[of] p2a: Politoed\n|move|p1a: Espathra|Protect|p1a: Espathra\n|-singleturn|p1a: Espathra|Protect\n|move|p2b: Garchomp|Stomping Tantrum|p1a: Espathra\n|-activate|p1a: Espathra|move: Protect\n|move|p1b: Aggron|Body Press|p2a: Politoed\n|-damage|p2a: Politoed|6/100\n|\n|-weather|RainDance|[upkeep]\n|-heal|p1a: Espathra|72/100|[from] item: Leftovers\n|-heal|p2a: Politoed|12/100|[from] item: Leftovers\n|-ability|p1a: Espathra|Speed Boost|boost\n|-boost|p1a: Espathra|spe|1\n|upkeep\n|turn|4\n|\n|t:|1776725842\n|move|p2a: Politoed|Helping Hand|p2b: Garchomp\n|-singleturn|p2b: Garchomp|Helping Hand|[of] p2a: Politoed\n|move|p1b: Aggron|Protect|p1b: Aggron\n|-singleturn|p1b: Aggron|Protect\n|move|p1a: Espathra|Dazzling Gleam|p2a: Politoed|[spread] p2a,p2b\n|-supereffective|p2b: Garchomp|1\n|-damage|p2a: Politoed|0 fnt\n|-damage|p2b: Garchomp|52/100\n|faint|p2a: Politoed\n|move|p2b: Garchomp|Stomping Tantrum|p1a: Espathra\n|-damage|p1a: Espathra|5/100\n|\n|-weather|RainDance|[upkeep]\n|-heal|p1a: Espathra|11/100|[from] item: Leftovers\n|-ability|p1a: Espathra|Speed Boost|boost\n|-boost|p1a: Espathra|spe|1\n|upkeep\n|\n|t:|1776725858\n|switch|p2a: Basculegion|Basculegion, L50, M|100/100\n|turn|5\n|\n|t:|1776725871\n|move|p1a: Espathra|Protect|p1a: Espathra\n|-singleturn|p1a: Espathra|Protect\n|move|p2b: Garchomp|Protect|p2b: Garchomp\n|-singleturn|p2b: Garchomp|Protect\n|move|p2a: Basculegion|Wave Crash|p1b: Aggron\n|-damage|p1b: Aggron|68/100\n|-damage|p2a: Basculegion|91/100|[from] Recoil\n|move|p1b: Aggron|Body Press|p2b: Garchomp\n|-activate|p2b: Garchomp|move: Protect\n|\n|-weather|none\n|-heal|p1a: Espathra|17/100|[from] item: Leftovers\n|-ability|p1a: Espathra|Speed Boost|boost\n|-boost|p1a: Espathra|spe|1\n|upkeep\n|turn|6\n|\n|t:|1776725887\n|move|p1a: Espathra|Stored Power|p2a: Basculegion\n|-damage|p2a: Basculegion|10/100\n|move|p2a: Basculegion|Wave Crash|p1a: Espathra\n|-damage|p1a: Espathra|0 fnt\n|faint|p1a: Espathra\n|-damage|p2a: Basculegion|4/100|[from] Recoil\n|move|p2b: Garchomp|Earthquake|p1b: Aggron|[spread] p2a,p1b\n|-supereffective|p1b: Aggron|1\n|-damage|p2a: Basculegion|0 fnt\n|-damage|p1b: Aggron|50/100\n|faint|p2a: Basculegion\n|move|p1b: Aggron|Body Press|p2b: Garchomp\n|-damage|p2b: Garchomp|0 fnt\n|-damage|p1b: Aggron|38/100|[from] ability: Rough Skin|[of] p2b: Garchomp\n|faint|p2b: Garchomp\n|\n|upkeep\n|\n|t:|1776725903\n|switch|p2a: Meganium|Meganium, L50, F|100/100\n|switch|p1a: Sinistcha|Sinistcha-Masterpiece, L50|100/100\n|-heal|p1b: Aggron|63/100|[from] ability: Hospitality|[of] p1a: Sinistcha\n|turn|7\n|\n|t:|1776725922\n|detailschange|p2a: Meganium|Meganium-Mega, L50, F\n|-mega|p2a: Meganium|Meganium|Meganiumite\n|move|p1b: Aggron|Protect|p1b: Aggron\n|-singleturn|p1b: Aggron|Protect\n|move|p2a: Meganium|Weather Ball|p1a: Sinistcha\n|-supereffective|p1a: Sinistcha|1\n|-damage|p1a: Sinistcha|0 fnt\n|faint|p1a: Sinistcha\n|\n|upkeep\n|turn|8\n|\n|t:|1776725933\n|move|p2a: Meganium|Weather Ball|p1b: Aggron\n|-supereffective|p1b: Aggron|1\n|-damage|p1b: Aggron|0 fnt\n|faint|p1b: Aggron\n|\n|win|sung jin'oo\n|raw|Thesmith789's rating: 1074 &rarr; <strong>1056</strong><br />(-18 for losing)\n|raw|sung jin&apos;oo's rating: 1125 &rarr; <strong>1146</strong><br />(+21 for winning)\n|l|\u2606Thesmith789\n|player|p1|\n",
  "uploadtime": 1776725954,
  "views": 7,
  "formatid": "gen9championsvgc2026regma",
  "rating": 1056,
  "private": 0,
  "password": null
}