{
  "id": "gen9championsvgc2026regma-2588245161",
  "format": "[Gen 9 Champions] VGC 2026 Reg M-A",
  "players": [
    "Xernos123",
    "THEtaco599"
  ],
  "log": "|j|\u2606Xernos123\n|j|\u2606THEtaco599\n|t:|1776617641\n|gametype|doubles\n|player|p1|Xernos123|266|1089\n|player|p2|THEtaco599|gentleman-gen4|1034\n|gen|9\n|tier|[Gen 9 Champions] VGC 2026 Reg M-A\n|rated|\n|rule|Species Clause: Limit one of each Pok\u00e9mon\n|rule|Item Clause: Limit 1 of each item\n|clearpoke\n|poke|p1|Incineroar, L50, M|\n|poke|p1|Whimsicott, L50, M|\n|poke|p1|Floette-Eternal, L50, F|\n|poke|p1|Runerigus, L50, F|\n|poke|p1|Aerodactyl, L50, F|\n|poke|p1|Primarina, L50, F|\n|poke|p2|Sableye, L50, F|\n|poke|p2|Sinistcha-Masterpiece, L50|\n|poke|p2|Camerupt, L50, M|\n|poke|p2|Torkoal, L50, M|\n|poke|p2|Farigiraf, L50, M|\n|poke|p2|Slowbro-Galar, L50, F|\n|teampreview|4\n|inactive|Battle timer is ON: inactive players will automatically lose when time's up. (requested by Xernos123)\n|\n|t:|1776617666\n|teamsize|p1|4\n|teamsize|p2|4\n|start\n|switch|p1a: Whimsicott|Whimsicott, L50, M|100/100\n|switch|p1b: Aerodactyl|Aerodactyl, L50, F|100/100\n|switch|p2a: Farigiraf|Farigiraf, L50, M|100/100\n|switch|p2b: Camerupt|Camerupt, L50, M|100/100\n|-ability|p1b: Aerodactyl|Unnerve\n|turn|1\n|\n|t:|1776617688\n|detailschange|p1b: Aerodactyl|Aerodactyl-Mega, L50, F\n|-mega|p1b: Aerodactyl|Aerodactyl|Aerodactylite\n|detailschange|p2b: Camerupt|Camerupt-Mega, L50, M\n|-mega|p2b: Camerupt|Camerupt|Cameruptite\n|move|p1a: Whimsicott|Helping Hand|p1b: Aerodactyl\n|-singleturn|p1b: Aerodactyl|Helping Hand|[of] p1a: Whimsicott\n|move|p1b: Aerodactyl|Rock Slide|p2b: Camerupt|[spread] p2a,p2b\n|-damage|p2a: Farigiraf|45/100\n|-damage|p2b: Camerupt|48/100\n|move|p2b: Camerupt|Flash Cannon|p1b: Aerodactyl\n|-supereffective|p1b: Aerodactyl|1\n|-damage|p1b: Aerodactyl|8/100\n|move|p2a: Farigiraf|Trick Room|p2a: Farigiraf\n|-fieldstart|move: Trick Room|[of] p2a: Farigiraf\n|\n|upkeep\n|turn|2\n|inactive|Xernos123 has 30 seconds left.\n|inactive|THEtaco599 has 30 seconds left.\n|inactive|Xernos123 has 20 seconds left.\n|inactive|THEtaco599 has 20 seconds left.\n|\n|t:|1776617728\n|move|p1a: Whimsicott|Helping Hand|p1b: Aerodactyl\n|-singleturn|p1b: Aerodactyl|Helping Hand|[of] p1a: Whimsicott\n|move|p2b: Camerupt|Flash Cannon|p1a: Whimsicott\n|-supereffective|p1a: Whimsicott|1\n|-enditem|p1a: Whimsicott|Focus Sash\n|-damage|p1a: Whimsicott|1/100\n|move|p2a: Farigiraf|Psychic|p1b: Aerodactyl\n|-damage|p1b: Aerodactyl|0 fnt\n|faint|p1b: Aerodactyl\n|\n|upkeep\n|\n|t:|1776617740\n|switch|p1b: Primarina|Primarina, L50, F|100/100\n|turn|3\n|\n|t:|1776617751\n|move|p2b: Camerupt|Flash Cannon|p1b: Primarina\n|-damage|p1b: Primarina|69/100\n|move|p2a: Farigiraf|Dazzling Gleam|p1a: Whimsicott|[spread] p1a,p1b\n|-crit|p1a: Whimsicott\n|-damage|p1a: Whimsicott|0 fnt\n|-damage|p1b: Primarina|52/100\n|faint|p1a: Whimsicott\n|move|p1b: Primarina|Hyper Voice|p2b: Camerupt|[spread] p2a,p2b\n|-supereffective|p2b: Camerupt|2\n|-damage|p2a: Farigiraf|16/100\n|-damage|p2b: Camerupt|0 fnt\n|faint|p2b: Camerupt\n|\n|-heal|p1b: Primarina|58/100|[from] item: Leftovers\n|upkeep\n|\n|t:|1776617764\n|switch|p2b: Sableye|Sableye, L50, F|100/100\n|switch|p1a: Incineroar|Incineroar, L50, M|100/100\n|-ability|p1a: Incineroar|Intimidate|boost\n|-unboost|p2a: Farigiraf|atk|1\n|-unboost|p2b: Sableye|atk|1\n|turn|4\n|\n|t:|1776617774\n|move|p2b: Sableye|Fake Out|p1b: Primarina\n|-damage|p1b: Primarina|48/100\n|move|p2a: Farigiraf|Dazzling Gleam|p1a: Incineroar|[spread] p1a,p1b\n|-damage|p1a: Incineroar|86/100\n|-damage|p1b: Primarina|31/100\n|move|p1a: Incineroar|Flare Blitz|p2b: Sableye\n|-damage|p2b: Sableye|33/100\n|-damage|p1a: Incineroar|69/100|[from] Recoil\n|cant|p1b: Primarina|flinch\n|\n|-heal|p1b: Primarina|37/100|[from] item: Leftovers\n|upkeep\n|turn|5\n|\n|t:|1776617791\n|move|p1a: Incineroar|Protect|p1a: Incineroar\n|-singleturn|p1a: Incineroar|Protect\n|move|p2b: Sableye|Encore|p1a: Incineroar\n|-activate|p1a: Incineroar|move: Protect\n|move|p2a: Farigiraf|Dazzling Gleam|p1a: Incineroar|[spread] p1b\n|-activate|p1a: Incineroar|move: Protect\n|-damage|p1b: Primarina|22/100\n|move|p1b: Primarina|Hyper Voice|p2b: Sableye|[spread] p2a,p2b\n|-damage|p2a: Farigiraf|0 fnt\n|-damage|p2b: Sableye|0 fnt\n|faint|p2a: Farigiraf\n|faint|p2b: Sableye\n|\n|-heal|p1b: Primarina|27/100|[from] item: Leftovers\n|-fieldend|move: Trick Room\n|upkeep\n|\n|t:|1776617800\n|switch|p2b: Slowbro|Slowbro-Galar, L50, F|100/100\n|turn|6\n|\n|t:|1776617808\n|move|p1b: Primarina|Hyper Voice|p2b: Slowbro\n|-damage|p2b: Slowbro|33/100\n|-enditem|p2b: Slowbro|Sitrus Berry|[eat]\n|-heal|p2b: Slowbro|58/100|[from] item: Sitrus Berry\n|move|p1a: Incineroar|Flare Blitz|p2b: Slowbro\n|-damage|p2b: Slowbro|22/100\n|-damage|p1a: Incineroar|59/100|[from] Recoil\n|move|p2b: Slowbro|Waterfall|p1a: Incineroar\n|-supereffective|p1a: Incineroar|1\n|-damage|p1a: Incineroar|10/100\n|-enditem|p1a: Incineroar|Sitrus Berry|[eat]\n|-heal|p1a: Incineroar|35/100|[from] item: Sitrus Berry\n|\n|-heal|p1b: Primarina|33/100|[from] item: Leftovers\n|upkeep\n|turn|7\n|\n|t:|1776617822\n|move|p1b: Primarina|Hyper Voice|p2b: Slowbro\n|-damage|p2b: Slowbro|0 fnt\n|faint|p2b: Slowbro\n|\n|win|Xernos123\n|raw|Xernos123's rating: 1089 &rarr; <strong>1111</strong><br />(+22 for winning)\n|raw|THEtaco599's rating: 1034 &rarr; <strong>1021</strong><br />(-13 for losing)\n|l|\u2606THEtaco599\n|player|p2|\n",
  "uploadtime": 1776617828,
  "views": 9,
  "formatid": "gen9championsvgc2026regma",
  "rating": 1021,
  "private": 0,
  "password": null
}