{
  "id": "gen9championsvgc2026regma-2588413318",
  "format": "[Gen 9 Champions] VGC 2026 Reg M-A",
  "players": [
    "ArisHazard",
    "robeti"
  ],
  "log": "|j|\u2606ArisHazard\n|j|\u2606robeti\n|t:|1776631424\n|gametype|doubles\n|player|p1|ArisHazard|265|1332\n|player|p2|robeti|elesa|1340\n|gen|9\n|tier|[Gen 9 Champions] VGC 2026 Reg M-A\n|rated|\n|rule|Species Clause: Limit one of each Pok\u00e9mon\n|rule|Item Clause: Limit 1 of each item\n|clearpoke\n|poke|p1|Gyarados, L50, F|\n|poke|p1|Tyranitar, L50, F|\n|poke|p1|Sableye, L50, M|\n|poke|p1|Meganium, L50, F|\n|poke|p1|Milotic, L50, F|\n|poke|p1|Archaludon, L50, M|\n|poke|p2|Gardevoir, L50, F|\n|poke|p2|Aerodactyl, L50, M|\n|poke|p2|Corviknight, L50, M|\n|poke|p2|Dragapult, L50, F|\n|poke|p2|Milotic, L50, F|\n|poke|p2|Sneasler, L50, F|\n|teampreview|4\n|inactive|Battle timer is ON: inactive players will automatically lose when time's up. (requested by ArisHazard)\n|inactive|robeti has 60 seconds left.\n|\n|t:|1776631486\n|teamsize|p1|4\n|teamsize|p2|4\n|start\n|switch|p1a: Milotic|Milotic, L50, F|100/100\n|switch|p1b: Meganium|Meganium, L50, F|100/100\n|switch|p2a: Gardevoir|Gardevoir, L50, F|100/100\n|switch|p2b: Milotic|Milotic, L50, F|100/100\n|-ability|p2a: Gardevoir|Overgrow|Trace|[from] ability: Trace|[of] p1b: Meganium\n|turn|1\n|\n|t:|1776631501\n|detailschange|p2a: Gardevoir|Gardevoir-Mega, L50, F\n|-mega|p2a: Gardevoir|Gardevoir|Gardevoirite\n|detailschange|p1b: Meganium|Meganium-Mega, L50, F\n|-mega|p1b: Meganium|Meganium|Meganiumite\n|move|p2a: Gardevoir|Hyper Voice|p1a: Milotic|[spread] p1a,p1b\n|-damage|p1a: Milotic|65/100\n|-damage|p1b: Meganium|56/100\n|move|p1a: Milotic|Muddy Water|p2a: Gardevoir|[spread] p2a,p2b\n|-resisted|p2b: Milotic|1\n|-damage|p2a: Gardevoir|74/100\n|-damage|p2b: Milotic|91/100\n|move|p1b: Meganium|Solar Beam||[still]\n|-prepare|p1b: Meganium|Solar Beam\n|-activate|p1b: Meganium|ability: Mega Sol\n|-anim|p1b: Meganium|Solar Beam|p2a: Gardevoir\n|-damage|p2a: Gardevoir|1/100\n|move|p2b: Milotic|Icy Wind|p1b: Meganium|[spread] p1a,p1b\n|-resisted|p1a: Milotic|1\n|-supereffective|p1b: Meganium|1\n|-crit|p1b: Meganium\n|-damage|p1a: Milotic|60/100\n|-damage|p1b: Meganium|26/100\n|-unboost|p1a: Milotic|spe|1\n|-ability|p1a: Milotic|Competitive|boost\n|-boost|p1a: Milotic|spa|2\n|-unboost|p1b: Meganium|spe|1\n|\n|-heal|p1a: Milotic|67/100|[from] item: Leftovers\n|upkeep\n|turn|2\n|inactive|ArisHazard has 30 seconds left.\n|inactive|robeti has 30 seconds left.\n|inactive|robeti has 20 seconds left.\n|\n|t:|1776631537\n|switch|p1b: Archaludon|Archaludon, L50, M|100/100\n|move|p1a: Milotic|Protect|p1a: Milotic\n|-singleturn|p1a: Milotic|Protect\n|move|p2a: Gardevoir|Hyper Voice|p1a: Milotic|[spread] p1b\n|-activate|p1a: Milotic|move: Protect\n|-damage|p1b: Archaludon|18/100\n|move|p2b: Milotic|Muddy Water|p1a: Milotic|[spread] \n|-activate|p1a: Milotic|move: Protect\n|-miss|p2b: Milotic|p1b: Archaludon\n|\n|-heal|p1a: Milotic|73/100|[from] item: Leftovers\n|upkeep\n|turn|3\n|\n|t:|1776631553\n|move|p1b: Archaludon|Protect|p1b: Archaludon\n|-singleturn|p1b: Archaludon|Protect\n|move|p2a: Gardevoir|Psychic|p1a: Milotic\n|-damage|p1a: Milotic|33/100\n|move|p2b: Milotic|Muddy Water|p1a: Milotic|[spread] p1a\n|-activate|p1b: Archaludon|move: Protect\n|-resisted|p1a: Milotic|1\n|-damage|p1a: Milotic|21/100\n|-unboost|p1a: Milotic|accuracy|1\n|-ability|p1a: Milotic|Competitive|boost\n|-boost|p1a: Milotic|spa|2\n|move|p1a: Milotic|Muddy Water|p2b: Milotic|[spread] p2a\n|-miss|p1a: Milotic|p2b: Milotic\n|-damage|p2a: Gardevoir|0 fnt\n|faint|p2a: Gardevoir\n|\n|-heal|p1a: Milotic|28/100|[from] item: Leftovers\n|upkeep\n|\n|t:|1776631561\n|switch|p2a: Sneasler|Sneasler, L50, F|100/100\n|turn|4\n|\n|t:|1776631576\n|switch|p1b: Sableye|Sableye, L50, M|100/100\n|move|p2a: Sneasler|Protect|p2a: Sneasler\n|-singleturn|p2a: Sneasler|Protect\n|move|p1a: Milotic|Protect|p1a: Milotic\n|-singleturn|p1a: Milotic|Protect\n|move|p2b: Milotic|Muddy Water|p1a: Milotic|[spread] p1b\n|-activate|p1a: Milotic|move: Protect\n|-damage|p1b: Sableye|64/100\n|\n|-heal|p1a: Milotic|34/100|[from] item: Leftovers\n|upkeep\n|turn|5\n|\n|t:|1776631592\n|switch|p2a: Corviknight|Corviknight, L50, M|100/100\n|move|p1b: Sableye|Encore||[still]\n|-fail|p1b: Sableye\n|move|p2b: Milotic|Muddy Water|p1a: Milotic|[spread] p1a,p1b\n|-resisted|p1a: Milotic|1\n|-damage|p1a: Milotic|23/100\n|-damage|p1b: Sableye|27/100\n|-unboost|p1b: Sableye|accuracy|1\n|move|p1a: Milotic|Life Dew|p1a: Milotic|[spread] p1a,p1b\n|-heal|p1a: Milotic|48/100\n|-heal|p1b: Sableye|52/100\n|\n|-heal|p1a: Milotic|54/100|[from] item: Leftovers\n|upkeep\n|turn|6\n|c|\u2606robeti|im scared\n|\n|t:|1776631616\n|move|p1b: Sableye|Disable|p2b: Milotic\n|-start|p2b: Milotic|Disable|Muddy Water\n|cant|p2b: Milotic|Disable|Muddy Water\n|move|p2a: Corviknight|Body Press|p1a: Milotic\n|-damage|p1a: Milotic|34/100\n|move|p1a: Milotic|Muddy Water|p2b: Milotic|[spread] p2b\n|-miss|p1a: Milotic|p2a: Corviknight\n|-resisted|p2b: Milotic|1\n|-damage|p2b: Milotic|60/100\n|\n|-heal|p1a: Milotic|41/100|[from] item: Leftovers\n|upkeep\n|turn|7\n|inactive|robeti has 30 seconds left.\n|\n|t:|1776631648\n|move|p1b: Sableye|Disable|p2a: Corviknight|[miss]\n|-miss|p1b: Sableye|p2a: Corviknight\n|move|p2b: Milotic|Hypnosis|p1a: Milotic\n|-status|p1a: Milotic|slp|[from] move: Hypnosis\n|move|p2a: Corviknight|Body Press|p1a: Milotic\n|-damage|p1a: Milotic|23/100 slp\n|cant|p1a: Milotic|slp\n|\n|-heal|p1a: Milotic|29/100 slp|[from] item: Leftovers\n|upkeep\n|turn|8\n|\n|t:|1776631668\n|move|p1b: Sableye|Disable|p2a: Corviknight|[miss]\n|-miss|p1b: Sableye|p2a: Corviknight\n|move|p2b: Milotic|Icy Wind|p1b: Sableye|[spread] p1a,p1b\n|-resisted|p1a: Milotic|1\n|-damage|p1a: Milotic|24/100 slp\n|-damage|p1b: Sableye|37/100\n|-unboost|p1a: Milotic|spe|1\n|-ability|p1a: Milotic|Competitive|boost\n|-boost|p1a: Milotic|spa|2\n|-unboost|p1b: Sableye|spe|1\n|move|p2a: Corviknight|Body Press|p1a: Milotic\n|-damage|p1a: Milotic|7/100 slp\n|cant|p1a: Milotic|slp\n|\n|-heal|p1a: Milotic|13/100 slp|[from] item: Leftovers\n|upkeep\n|turn|9\n|inactive|robeti has 30 seconds left.\n|\n|t:|1776631694\n|move|p2b: Milotic|Protect|p2b: Milotic\n|-singleturn|p2b: Milotic|Protect\n|move|p1b: Sableye|Disable|p2a: Corviknight\n|-start|p2a: Corviknight|Disable|Body Press\n|move|p2a: Corviknight|Iron Head|p1b: Sableye\n|-damage|p1b: Sableye|8/100\n|-curestatus|p1a: Milotic|slp|[msg]\n|move|p1a: Milotic|Life Dew|p1a: Milotic|[spread] p1a,p1b\n|-heal|p1a: Milotic|38/100\n|-heal|p1b: Sableye|33/100\n|\n|-heal|p1a: Milotic|44/100|[from] item: Leftovers\n|-end|p2b: Milotic|Disable\n|upkeep\n|turn|10\n|\n|t:|1776631712\n|move|p1b: Sableye|Encore|p2b: Milotic\n|-start|p2b: Milotic|Encore\n|move|p2b: Milotic|Protect|p2b: Milotic\n|-singleturn|p2b: Milotic|Protect\n|move|p2a: Corviknight|Iron Head|p1b: Sableye\n|-damage|p1b: Sableye|6/100\n|move|p1a: Milotic|Muddy Water|p2b: Milotic|[spread] \n|-activate|p2b: Milotic|move: Protect\n|-miss|p1a: Milotic|p2a: Corviknight\n|\n|-heal|p1a: Milotic|50/100|[from] item: Leftovers\n|upkeep\n|turn|11\n|\n|t:|1776631728\n|move|p1b: Sableye|Protect|p1b: Sableye\n|-singleturn|p1b: Sableye|Protect\n|move|p2b: Milotic|Protect||[still]\n|-fail|p2b: Milotic\n|move|p2a: Corviknight|Iron Head|p1b: Sableye\n|-activate|p1b: Sableye|move: Protect\n|move|p1a: Milotic|Life Dew|p1a: Milotic|[spread] p1a,p1b\n|-heal|p1a: Milotic|75/100\n|-heal|p1b: Sableye|30/100\n|\n|-heal|p1a: Milotic|82/100|[from] item: Leftovers\n|upkeep\n|turn|12\n|c|\u2606robeti|im so scared right now\n|\n|t:|1776631744\n|switch|p1b: Archaludon|Archaludon, L50, M|18/100\n|move|p2b: Milotic|Protect|p2b: Milotic\n|-singleturn|p2b: Milotic|Protect\n|move|p2a: Corviknight|Iron Head|p1b: Archaludon\n|-resisted|p1b: Archaludon|1\n|-damage|p1b: Archaludon|7/100\n|move|p1a: Milotic|Muddy Water|p2b: Milotic|[spread] p2a\n|-activate|p2b: Milotic|move: Protect\n|-damage|p2a: Corviknight|25/100\n|\n|-heal|p2a: Corviknight|31/100|[from] item: Leftovers\n|-heal|p1a: Milotic|88/100|[from] item: Leftovers\n|-end|p2b: Milotic|Encore\n|-end|p2a: Corviknight|Disable\n|upkeep\n|turn|13\n|c|\u2606robeti|ticking time bomb\n|\n|t:|1776631764\n|move|p1b: Archaludon|Draco Meteor|p2b: Milotic\n|-damage|p2b: Milotic|10/100\n|-unboost|p1b: Archaludon|spa|2\n|-enditem|p2b: Milotic|Sitrus Berry|[eat]\n|-heal|p2b: Milotic|35/100|[from] item: Sitrus Berry\n|move|p2b: Milotic|Muddy Water|p1b: Archaludon|[spread] p1b\n|-miss|p2b: Milotic|p1a: Milotic\n|-resisted|p1b: Archaludon|1\n|-damage|p1b: Archaludon|0 fnt\n|faint|p1b: Archaludon\n|move|p2a: Corviknight|Roost|p2a: Corviknight\n|-heal|p2a: Corviknight|81/100\n|-singleturn|p2a: Corviknight|move: Roost\n|move|p1a: Milotic|Muddy Water|p2a: Corviknight|[spread] p2a,p2b\n|-resisted|p2b: Milotic|1\n|-crit|p2b: Milotic\n|-damage|p2a: Corviknight|8/100\n|-damage|p2b: Milotic|0 fnt\n|-ability|p2a: Corviknight|Mirror Armor\n|-unboost|p1a: Milotic|accuracy|1\n|-boost|p1a: Milotic|spa|0\n|faint|p2b: Milotic\n|\n|-heal|p2a: Corviknight|14/100|[from] item: Leftovers\n|-heal|p1a: Milotic|94/100|[from] item: Leftovers\n|upkeep\n|inactive|ArisHazard has 30 seconds left.\n|\n|t:|1776631789\n|switch|p1b: Sableye|Sableye, L50, M|30/100\n|switch|p2b: Sneasler|Sneasler, L50, F|100/100\n|turn|14\n|\n|t:|1776631798\n|move|p1b: Sableye|Encore|p2a: Corviknight\n|-start|p2a: Corviknight|Encore\n|move|p2b: Sneasler|Throat Chop|p1b: Sableye\n|-damage|p1b: Sableye|0 fnt\n|faint|p1b: Sableye\n|move|p2a: Corviknight|Roost|p2a: Corviknight\n|-heal|p2a: Corviknight|64/100\n|-singleturn|p2a: Corviknight|move: Roost\n|move|p1a: Milotic|Muddy Water|p2b: Sneasler|[spread] p2a\n|-miss|p1a: Milotic|p2b: Sneasler\n|-damage|p2a: Corviknight|0 fnt\n|faint|p2a: Corviknight\n|\n|-heal|p1a: Milotic|100/100|[from] item: Leftovers\n|upkeep\n|\n|t:|1776631814\n|switch|p1b: Meganium|Meganium-Mega, L50, F|26/100\n|turn|15\n|\n|t:|1776631818\n|move|p1b: Meganium|Protect|p1b: Meganium\n|-singleturn|p1b: Meganium|Protect\n|move|p2b: Sneasler|Close Combat|p1a: Milotic\n|-damage|p1a: Milotic|43/100\n|-unboost|p2b: Sneasler|def|1\n|-unboost|p2b: Sneasler|spd|1\n|-enditem|p2b: Sneasler|White Herb\n|-clearnegativeboost|p2b: Sneasler|[silent]\n|move|p1a: Milotic|Muddy Water|p2b: Sneasler|[miss]\n|-miss|p1a: Milotic|p2b: Sneasler\n|\n|-heal|p1a: Milotic|49/100|[from] item: Leftovers\n|upkeep\n|turn|16\n|\n|t:|1776631841\n|move|p1a: Milotic|Protect|p1a: Milotic\n|-singleturn|p1a: Milotic|Protect\n|move|p2b: Sneasler|Dire Claw|p1b: Meganium\n|-supereffective|p1b: Meganium|2\n|-damage|p1b: Meganium|0 fnt\n|faint|p1b: Meganium\n|\n|-heal|p1a: Milotic|55/100|[from] item: Leftovers\n|upkeep\n|turn|17\n|c|\u2606robeti|ts crazy\n|\n|t:|1776631851\n|move|p2b: Sneasler|Close Combat|p1a: Milotic\n|-damage|p1a: Milotic|0 fnt\n|-unboost|p2b: Sneasler|def|1\n|-unboost|p2b: Sneasler|spd|1\n|faint|p1a: Milotic\n|\n|win|robeti\n|raw|ArisHazard's rating: 1332 &rarr; <strong>1312</strong><br />(-20 for losing)\n|raw|robeti's rating: 1340 &rarr; <strong>1360</strong><br />(+20 for winning)\n|l|\u2606ArisHazard\n|player|p1|\n",
  "uploadtime": 1776631862,
  "views": 13,
  "formatid": "gen9championsvgc2026regma",
  "rating": 1312,
  "private": 0,
  "password": null
}