{
  "id": "gen9championsvgc2026regma-2585243613",
  "format": "[Gen 9 Champions] VGC 2026 Reg M-A",
  "players": [
    "thepwr",
    "Luuk_1511"
  ],
  "log": "|j|\u2606thepwr\n|j|\u2606Luuk_1511\n|t:|1776329201\n|gametype|doubles\n|player|p1|thepwr|guzma|1129\n|player|p2|Luuk_1511|rancher|1053\n|gen|9\n|tier|[Gen 9 Champions] VGC 2026 Reg M-A\n|rated|\n|rule|Species Clause: Limit one of each Pok\u00e9mon\n|rule|Item Clause: Limit 1 of each item\n|clearpoke\n|poke|p1|Ninetales-Alola, L50, F|\n|poke|p1|Greninja-*, L50, M|\n|poke|p1|Archaludon, L50, F|\n|poke|p1|Kingambit, L50, F|\n|poke|p1|Incineroar, L50, M|\n|poke|p1|Sableye, L50, M|\n|poke|p2|Archaludon, L50, F|\n|poke|p2|Meganium, L50, F|\n|poke|p2|Aerodactyl, L50, F|\n|poke|p2|Tauros-Paldea-Aqua, L50, M|\n|poke|p2|Typhlosion-Hisui, L50, F|\n|poke|p2|Kangaskhan, L50, F|\n|teampreview|4\n|inactive|Battle timer is ON: inactive players will automatically lose when time's up. (requested by thepwr)\n|inactive|thepwr has 60 seconds left.\n|inactive|Luuk_1511 has 60 seconds left.\nthepwr rejected open team sheets.\n|inactive|Luuk_1511 has 30 seconds left.\n|inactive|Luuk_1511 has 20 seconds left.\n|inactive|Luuk_1511 has 15 seconds left.\n|inactive|Luuk_1511 has 10 seconds left.\n|inactive|Luuk_1511 has 5 seconds left.\n|\n|t:|1776329287\n|teamsize|p1|4\n|teamsize|p2|4\n|start\n|switch|p1a: Ninetales|Ninetales-Alola, L50, F|100/100\n|switch|p1b: Greninja|Greninja, L50, M|100/100\n|switch|p2a: Kangaskhan|Kangaskhan, L50, F|100/100\n|switch|p2b: Typhlosion|Typhlosion-Hisui, L50, F|100/100\n|-item|p1a: Ninetales|Focus Sash|[from] ability: Frisk|[of] p2b: Typhlosion\n|-item|p1b: Greninja|Greninjite|[from] ability: Frisk|[of] p2b: Typhlosion\n|-weather|Snowscape|[from] ability: Snow Warning|[of] p1a: Ninetales\n|turn|1\n|inactive|thepwr has 30 seconds left.\n|inactive|Luuk_1511 has 30 seconds left.\n|inactive|Luuk_1511 has 20 seconds left.\n|inactive|Luuk_1511 has 15 seconds left.\n|inactive|Luuk_1511 has 10 seconds left.\n|inactive|Luuk_1511 has 5 seconds left.\n|\n|t:|1776329338\n|switch|p1a: Incineroar|Incineroar, L50, M|100/100\n|-ability|p1a: Incineroar|Intimidate|boost\n|-fail|p2a: Kangaskhan|unboost|Attack|[from] ability: Inner Focus|[of] p2a: Kangaskhan\n|-unboost|p2b: Typhlosion|atk|1\n|detailschange|p1b: Greninja|Greninja-Mega, L50, M\n|-mega|p1b: Greninja|Greninja|Greninjite\n|detailschange|p2a: Kangaskhan|Kangaskhan-Mega, L50, F\n|-mega|p2a: Kangaskhan|Kangaskhan|Kangaskhanite\n|move|p2a: Kangaskhan|Fake Out|p1b: Greninja\n|-damage|p1b: Greninja|72/100\n|-damage|p1b: Greninja|66/100\n|-hitcount|p1b: Greninja|2\n|cant|p1b: Greninja|flinch\n|move|p2b: Typhlosion|Eruption|p1b: Greninja|[spread] p1a,p1b\n|-resisted|p1a: Incineroar|1\n|-crit|p1a: Incineroar\n|-resisted|p1b: Greninja|1\n|-damage|p1a: Incineroar|72/100\n|-damage|p1b: Greninja|28/100\n|\n|-weather|Snowscape|[upkeep]\n|upkeep\n|turn|2\n|inactive|Luuk_1511 has 30 seconds left.\n|inactive|Luuk_1511 has 20 seconds left.\n|inactive|thepwr has 30 seconds left.\n|inactive|Luuk_1511 has 15 seconds left.\n|inactive|Luuk_1511 has 10 seconds left.\n|inactive|Luuk_1511 has 5 seconds left.\n|\n|t:|1776329389\n|switch|p2b: Tauros|Tauros-Paldea-Aqua, L50, M|100/100\n|-ability|p2b: Tauros|Intimidate|boost\n|-unboost|p1a: Incineroar|atk|1\n|-unboost|p1b: Greninja|atk|1\n|move|p1a: Incineroar|Fake Out|p2a: Kangaskhan\n|-damage|p2a: Kangaskhan|94/100\n|cant|p2a: Kangaskhan|flinch\n|move|p1b: Greninja|Flip Turn|p2b: Tauros\n|-start|p1b: Greninja|typechange|Water|[from] ability: Protean\n|-resisted|p2b: Tauros|1\n|-damage|p2b: Tauros|91/100\n|\n|t:|1776329403\n|switch|p1b: Archaludon|Archaludon, L50, F|100/100|[from] Flip Turn\n|\n|-weather|Snowscape|[upkeep]\n|upkeep\n|turn|3\n|inactive|Luuk_1511 has 30 seconds left.\n|\n|t:|1776329432\n|switch|p1a: Ninetales|Ninetales-Alola, L50, F|100/100\n|move|p1b: Archaludon|Thunderbolt|p2b: Tauros\n|-supereffective|p2b: Tauros|1\n|-damage|p2b: Tauros|0 fnt\n|faint|p2b: Tauros\n|move|p2a: Kangaskhan|Low Kick|p1b: Archaludon\n|-supereffective|p1b: Archaludon|1\n|-damage|p1b: Archaludon|52/100\n|-supereffective|p1b: Archaludon|1\n|-damage|p1b: Archaludon|40/100\n|-hitcount|p1b: Archaludon|2\n|\n|-weather|Snowscape|[upkeep]\n|upkeep\n|\n|t:|1776329448\n|switch|p2b: Typhlosion|Typhlosion-Hisui, L50, F|100/100\n|-item|p1a: Ninetales|Focus Sash|[from] ability: Frisk|[of] p2b: Typhlosion\n|-item|p1b: Archaludon|Choice Scarf|[from] ability: Frisk|[of] p2b: Typhlosion\n|turn|4\n|inactive|Luuk_1511 has 30 seconds left.\n|inactive|Luuk_1511 has 20 seconds left.\n|\n|t:|1776329486\n|switch|p1b: Incineroar|Incineroar, L50, M|72/100\n|-ability|p1b: Incineroar|Intimidate|boost\n|-unboost|p2a: Kangaskhan|atk|1\n|-unboost|p2b: Typhlosion|atk|1\n|move|p2a: Kangaskhan|Sucker Punch||[still]\n|-fail|p2a: Kangaskhan\n|move|p2b: Typhlosion|Eruption|p1a: Ninetales|[spread] p1a,p1b\n|-supereffective|p1a: Ninetales|1\n|-resisted|p1b: Incineroar|1\n|-enditem|p1a: Ninetales|Focus Sash\n|-damage|p1a: Ninetales|1/100\n|-damage|p1b: Incineroar|50/100\n|-enditem|p1b: Incineroar|Sitrus Berry|[eat]\n|-heal|p1b: Incineroar|75/100|[from] item: Sitrus Berry\n|move|p1a: Ninetales|Aurora Veil|p1a: Ninetales\n|-sidestart|p1: thepwr|move: Aurora Veil\n|\n|-weather|Snowscape|[upkeep]\n|upkeep\n|turn|5\n|inactive|Luuk_1511 has 30 seconds left.\n|\n|t:|1776329513\n|switch|p2a: Archaludon|Archaludon, L50, F|100/100\n|move|p1a: Ninetales|Protect|p1a: Ninetales\n|-singleturn|p1a: Ninetales|Protect\n|move|p2b: Typhlosion|Eruption|p1b: Incineroar|[spread] p1b\n|-activate|p1a: Ninetales|move: Protect\n|-resisted|p1b: Incineroar|1\n|-damage|p1b: Incineroar|60/100\n|move|p1b: Incineroar|Darkest Lariat|p2b: Typhlosion\n|-supereffective|p2b: Typhlosion|1\n|-damage|p2b: Typhlosion|2/100\n|\n|-weather|none\n|upkeep\n|turn|6\n|inactive|thepwr has 30 seconds left.\n|inactive|Luuk_1511 has 30 seconds left.\n|\n|t:|1776329544\n|switch|p1a: Archaludon|Archaludon, L50, F|40/100\n|move|p2b: Typhlosion|Eruption|p1b: Incineroar|[spread] p1a,p1b\n|-resisted|p1b: Incineroar|1\n|-damage|p1a: Archaludon|39/100\n|-damage|p1b: Incineroar|59/100\n|move|p2a: Archaludon|Draco Meteor|p1b: Incineroar\n|-damage|p1b: Incineroar|24/100\n|-unboost|p2a: Archaludon|spa|2\n|move|p1b: Incineroar|Darkest Lariat|p2b: Typhlosion\n|-supereffective|p2b: Typhlosion|1\n|-crit|p2b: Typhlosion\n|-damage|p2b: Typhlosion|0 fnt\n|faint|p2b: Typhlosion\n|\n|upkeep\n|\n|t:|1776329554\n|switch|p2b: Kangaskhan|Kangaskhan-Mega, L50, F|94/100\n|turn|7\n|\n|t:|1776329571\n|switch|p1b: Ninetales|Ninetales-Alola, L50, F|1/100\n|-weather|Snowscape|[from] ability: Snow Warning|[of] p1b: Ninetales\n|move|p2b: Kangaskhan|Fake Out|p1b: Ninetales\n|-crit|p1b: Ninetales\n|-damage|p1b: Ninetales|0 fnt\n|faint|p1b: Ninetales\n|-hitcount|p1: Ninetales|1\n|move|p1a: Archaludon|Aura Sphere|p2b: Kangaskhan\n|-supereffective|p2b: Kangaskhan|1\n|-damage|p2b: Kangaskhan|50/100\n|move|p2a: Archaludon|Draco Meteor|p1a: Archaludon\n|-damage|p1a: Archaludon|0 fnt\n|-unboost|p2a: Archaludon|spa|2\n|faint|p1a: Archaludon\n|\n|-weather|Snowscape|[upkeep]\n|upkeep\n|\n|t:|1776329590\n|switch|p1b: Incineroar|Incineroar, L50, M|24/100\n|switch|p1a: Greninja|Greninja-Mega, L50, M|28/100\n|-ability|p1b: Incineroar|Intimidate|boost\n|-unboost|p2a: Archaludon|atk|1\n|-unboost|p2b: Kangaskhan|atk|1\n|turn|8\n|\n|t:|1776329613\n|move|p2b: Kangaskhan|Fake Out||[still]\n|-hint|Fake Out only works on your first turn out.\n|-fail|p2b: Kangaskhan\n|move|p1a: Greninja|Blizzard|p2b: Kangaskhan|[spread] p2a,p2b\n|-start|p1a: Greninja|typechange|Ice|[from] ability: Protean\n|-damage|p2a: Archaludon|45/100\n|-damage|p2b: Kangaskhan|14/100\n|move|p2a: Archaludon|Steel Beam|p1a: Greninja\n|-supereffective|p1a: Greninja|1\n|-damage|p1a: Greninja|0 fnt\n|-damage|p2a: Archaludon|0 fnt|[from] steelbeam\n|faint|p2a: Archaludon\n|faint|p1a: Greninja\n|move|p1b: Incineroar|Flare Blitz|p2b: Kangaskhan\n|-damage|p2b: Kangaskhan|0 fnt\n|faint|p2b: Kangaskhan\n|-damage|p1b: Incineroar|20/100|[from] Recoil\n|\n|win|thepwr\n|raw|thepwr's rating: 1129 &rarr; <strong>1149</strong><br />(+20 for winning)\n|raw|Luuk_1511's rating: 1053 &rarr; <strong>1039</strong><br />(-14 for losing)\n|l|\u2606Luuk_1511\n|player|p2|\n|c|\u2606thepwr|ez\n",
  "uploadtime": 1776329638,
  "views": 20,
  "formatid": "gen9championsvgc2026regma",
  "rating": 1039,
  "private": 0,
  "password": null
}