{
  "id": "gen9championsvgc2026regma-2584086794",
  "format": "[Gen 9 Champions] VGC 2026 Reg M-A",
  "players": [
    "bartholium",
    "Availingmist"
  ],
  "log": "|j|\u2606bartholium\n|j|\u2606Availingmist\n|html|<table width=\"100%\"><tr><td align=\"left\">bartholium</td><td align=\"right\">Availingmist</tr><tr><td align=\"left\"><i class=\"fa fa-circle-o\"></i> <i class=\"fa fa-circle-o\"></i> </td><td align=\"right\"><i class=\"fa fa-circle-o\"></i> <i class=\"fa fa-circle-o\"></i> </tr></table>\n|uhtml|bestof|<h2><strong>Game 1</strong> of <a href=\"/game-bestof3-gen9championsvgc2026regma-2584086793\">a best-of-3</a></h2>\n|t:|1776223740\n|gametype|doubles\n|player|p1|bartholium|wattson|\n|player|p2|Availingmist|steven|\n|gen|9\n|tier|[Gen 9 Champions] VGC 2026 Reg M-A\n|rule|Species Clause: Limit one of each Pok\u00e9mon\n|rule|Item Clause: Limit 1 of each item\n|raw|<div class=\"infobox\"><details class=\"readmore\" open><summary><strong>1 custom rule:</strong></summary> Best of = 3</details></div>\n|clearpoke\n|poke|p1|Meganium, L50, M|\n|poke|p1|Sneasler, L50, M|\n|poke|p1|Delphox, L50, M|\n|poke|p1|Garchomp, L50, F|\n|poke|p1|Dragonite, L50, M|\n|poke|p1|Floette-Eternal, L50, F|\n|poke|p2|Scovillain, L50, M|\n|poke|p2|Torkoal, L50, F|\n|poke|p2|Incineroar, L50, F|\n|poke|p2|Charizard, L50, F|\n|poke|p2|Typhlosion, L50, F|\n|poke|p2|Rotom-Heat, L50|\n|teampreview|4\n|\n|t:|1776223806\n|teamsize|p1|4\n|teamsize|p2|4\n|start\n|switch|p1a: Garchomp|Garchomp, L50, F|100/100\n|switch|p1b: Delphox|Delphox, L50, M|100/100\n|switch|p2a: Torkoal|Torkoal, L50, F|100/100\n|switch|p2b: Typhlosion|Typhlosion, L50, F|100/100\n|-weather|SunnyDay|[from] ability: Drought|[of] p2a: Torkoal\n|turn|1\n|\n|t:|1776223855\n|switch|p2b: Incineroar|Incineroar, L50, F|100/100\n|-ability|p2b: Incineroar|Intimidate|boost\n|-unboost|p1a: Garchomp|atk|1\n|-unboost|p1b: Delphox|atk|1\n|detailschange|p1b: Delphox|Delphox-Mega, L50, M\n|-mega|p1b: Delphox|Delphox|Delphoxite\n|move|p2a: Torkoal|Protect|p2a: Torkoal\n|-singleturn|p2a: Torkoal|Protect\n|move|p1b: Delphox|Calm Mind|p1b: Delphox\n|-boost|p1b: Delphox|spa|1\n|-boost|p1b: Delphox|spd|1\n|move|p1a: Garchomp|Earthquake|p2a: Torkoal|[spread] p2b\n|-activate|p2a: Torkoal|move: Protect\n|-immune|p1b: Delphox|[from] ability: Levitate\n|-supereffective|p2b: Incineroar|1\n|-enditem|p2b: Incineroar|Shuca Berry|[eat]\n|-enditem|p2b: Incineroar|Shuca Berry|[weaken]\n|-damage|p2b: Incineroar|79/100\n|\n|-weather|SunnyDay|[upkeep]\n|upkeep\n|turn|2\n|\n|t:|1776223894\n|move|p2b: Incineroar|Fake Out|p1b: Delphox\n|-damage|p1b: Delphox|82/100\n|cant|p1b: Delphox|flinch\n|move|p1a: Garchomp|Earthquake|p2a: Torkoal|[spread] p2a,p2b\n|-immune|p1b: Delphox|[from] ability: Levitate\n|-supereffective|p2a: Torkoal|1\n|-supereffective|p2b: Incineroar|1\n|-damage|p2a: Torkoal|59/100\n|-damage|p2b: Incineroar|38/100\n|move|p2a: Torkoal|Yawn|p1a: Garchomp\n|-start|p1a: Garchomp|move: Yawn|[of] p2a: Torkoal\n|\n|-weather|SunnyDay|[upkeep]\n|-heal|p2a: Torkoal|65/100|[from] item: Leftovers\n|upkeep\n|turn|3\n|\n|t:|1776223917\n|switch|p1a: Sneasler|Sneasler, L50, M|100/100\n|switch|p2b: Charizard|Charizard, L50, F, shiny|100/100\n|move|p2a: Torkoal|Protect|p2a: Torkoal\n|-singleturn|p2a: Torkoal|Protect\n|move|p1b: Delphox|Dazzling Gleam|p2a: Torkoal|[spread] p2b\n|-activate|p2a: Torkoal|move: Protect\n|-resisted|p2b: Charizard|1\n|-damage|p2b: Charizard|79/100\n|\n|-weather|SunnyDay|[upkeep]\n|-damage|p2b: Charizard|66/100|[from] ability: Solar Power|[of] p2b: Charizard\n|-heal|p2a: Torkoal|71/100|[from] item: Leftovers\n|upkeep\n|turn|4\n|\n|t:|1776223947\n|switch|p2a: Incineroar|Incineroar, L50, F|38/100\n|-ability|p2a: Incineroar|Intimidate|boost\n|-unboost|p1a: Sneasler|atk|1\n|-unboost|p1b: Delphox|atk|1\n|move|p1a: Sneasler|Fake Out|p2b: Charizard|[miss]\n|-miss|p1a: Sneasler|p2b: Charizard\n|move|p1b: Delphox|Psychic|p2b: Charizard\n|-damage|p2b: Charizard|0 fnt\n|faint|p2b: Charizard\n|\n|-weather|SunnyDay|[upkeep]\n|upkeep\n|\n|t:|1776223962\n|switch|p2b: Typhlosion|Typhlosion, L50, F|100/100\n|turn|5\n|\n|t:|1776223986\n|switch|p1a: Garchomp|Garchomp, L50, F|100/100\n|move|p2b: Typhlosion|Eruption|p1b: Delphox|[spread] p1a,p1b\n|-resisted|p1a: Garchomp|1\n|-resisted|p1b: Delphox|1\n|-damage|p1a: Garchomp|62/100\n|-damage|p1b: Delphox|57/100\n|move|p1b: Delphox|Dazzling Gleam|p2a: Incineroar|[spread] p2a,p2b\n|-resisted|p2b: Typhlosion|1\n|-damage|p2a: Incineroar|6/100\n|-damage|p2b: Typhlosion|77/100\n|move|p2a: Incineroar|Parting Shot|p1a: Garchomp\n|-unboost|p1a: Garchomp|atk|1\n|-unboost|p1a: Garchomp|spa|1\n|\n|t:|1776224001\n|switch|p2a: Torkoal|Torkoal, L50, F|71/100|[from] Parting Shot\n|\n|-weather|none\n|-heal|p2a: Torkoal|77/100|[from] item: Leftovers\n|upkeep\n|turn|6\n|\n|t:|1776224034\n|switch|p2b: Incineroar|Incineroar, L50, F|6/100\n|-ability|p2b: Incineroar|Intimidate|boost\n|-unboost|p1a: Garchomp|atk|1\n|-unboost|p1b: Delphox|atk|1\n|move|p1b: Delphox|Psychic|p2b: Incineroar\n|-immune|p2b: Incineroar\n|move|p1a: Garchomp|Earthquake|p2a: Torkoal|[spread] p2a,p2b\n|-immune|p1b: Delphox|[from] ability: Levitate\n|-supereffective|p2a: Torkoal|1\n|-supereffective|p2b: Incineroar|1\n|-damage|p2a: Torkoal|42/100\n|-damage|p2b: Incineroar|0 fnt\n|faint|p2b: Incineroar\n|move|p2a: Torkoal|Yawn|p1b: Delphox\n|-start|p1b: Delphox|move: Yawn|[of] p2a: Torkoal\n|\n|-heal|p2a: Torkoal|49/100|[from] item: Leftovers\n|upkeep\n|\n|t:|1776224049\n|switch|p2b: Typhlosion|Typhlosion, L50, F|77/100\n|turn|7\n|\n|t:|1776224067\n|switch|p1b: Dragonite|Dragonite, L50, M|100/100\n|switch|p1a: Sneasler|Sneasler, L50, M|100/100\n|move|p2a: Torkoal|Protect|p2a: Torkoal\n|-singleturn|p2a: Torkoal|Protect\n|move|p2b: Typhlosion|Eruption|p1a: Sneasler|[spread] p1a,p1b\n|-resisted|p1b: Dragonite|1\n|-damage|p1a: Sneasler|42/100\n|-damage|p1b: Dragonite|90/100\n|\n|-heal|p1b: Dragonite|96/100|[from] item: Leftovers\n|-heal|p2a: Torkoal|55/100|[from] item: Leftovers\n|upkeep\n|turn|8\n|\n|t:|1776224086\n|move|p1a: Sneasler|Fake Out|p2b: Typhlosion\n|-damage|p2b: Typhlosion|57/100\n|cant|p2b: Typhlosion|flinch\n|move|p1b: Dragonite|Draco Meteor|p2a: Torkoal\n|-damage|p2a: Torkoal|4/100\n|-unboost|p1b: Dragonite|spa|2\n|move|p2a: Torkoal|Lava Plume|p1b: Dragonite|[spread] p2b,p1a,p1b\n|-resisted|p2b: Typhlosion|1\n|-crit|p1a: Sneasler\n|-resisted|p1b: Dragonite|1\n|-damage|p2b: Typhlosion|45/100\n|-damage|p1a: Sneasler|8/100\n|-damage|p1b: Dragonite|87/100\n|\n|-heal|p1b: Dragonite|93/100|[from] item: Leftovers\n|-heal|p2a: Torkoal|10/100|[from] item: Leftovers\n|upkeep\n|turn|9\n|\n|t:|1776224103\n|move|p2a: Torkoal|Protect|p2a: Torkoal\n|-singleturn|p2a: Torkoal|Protect\n|move|p1b: Dragonite|Extreme Speed|p2a: Torkoal\n|-activate|p2a: Torkoal|move: Protect\n|move|p2b: Typhlosion|Eruption|p1b: Dragonite|[spread] p1a,p1b\n|-resisted|p1b: Dragonite|1\n|-damage|p1a: Sneasler|0 fnt\n|-damage|p1b: Dragonite|80/100\n|faint|p1a: Sneasler\n|\n|-heal|p1b: Dragonite|86/100|[from] item: Leftovers\n|-heal|p2a: Torkoal|16/100|[from] item: Leftovers\n|upkeep\n|\n|t:|1776224114\n|switch|p1a: Garchomp|Garchomp, L50, F|62/100\n|turn|10\n|\n|t:|1776224120\n|move|p2a: Torkoal|Protect|p2a: Torkoal\n|-singleturn|p2a: Torkoal|Protect\n|move|p1b: Dragonite|Extreme Speed|p2a: Torkoal\n|-activate|p2a: Torkoal|move: Protect\n|move|p2b: Typhlosion|Eruption|p1b: Dragonite|[spread] p1a,p1b\n|-resisted|p1a: Garchomp|1\n|-resisted|p1b: Dragonite|1\n|-damage|p1a: Garchomp|49/100\n|-damage|p1b: Dragonite|74/100\n|move|p1a: Garchomp|Earthquake|p2b: Typhlosion|[spread] p2b\n|-activate|p2a: Torkoal|move: Protect\n|-immune|p1b: Dragonite\n|-supereffective|p2b: Typhlosion|1\n|-damage|p2b: Typhlosion|0 fnt\n|faint|p2b: Typhlosion\n|\n|-heal|p1b: Dragonite|80/100|[from] item: Leftovers\n|-heal|p2a: Torkoal|23/100|[from] item: Leftovers\n|upkeep\n|turn|11\n|\n|t:|1776224148\n|move|p2a: Torkoal|Protect||[still]\n|-fail|p2a: Torkoal\n|move|p1b: Dragonite|Extreme Speed|p2a: Torkoal\n|-damage|p2a: Torkoal|4/100\n|move|p1a: Garchomp|Earthquake|p2a: Torkoal|[spread] p2a\n|-immune|p1b: Dragonite\n|-supereffective|p2a: Torkoal|1\n|-damage|p2a: Torkoal|0 fnt\n|faint|p2a: Torkoal\n|\n|win|bartholium\n||bartholium is ready for game 2.\n||Availingmist is ready for game 2.\n|uhtml|next|Next: <a href=\"/battle-gen9championsvgc2026regma-2584090904\"><strong>Game 2 of 3</strong></a>\n|l|\u2606Availingmist\n|player|p2|\n|l|\u2606bartholium\n|player|p1|\n|j|\u2606bartholium\n|player|p1|bartholium|wattson|\n",
  "uploadtime": 1776224727,
  "views": 18,
  "formatid": "gen9championsvgc2026regma",
  "rating": null,
  "private": 0,
  "password": null
}