{
  "id": "gen9championsvgc2026regma-2585837736",
  "format": "[Gen 9 Champions] VGC 2026 Reg M-A",
  "players": [
    "mikeyrobu",
    "campeondelfitness"
  ],
  "log": "|j|\u2606mikeyrobu\n|j|\u2606campeondelfitness\n|t:|1776374422\n|gametype|doubles\n|player|p1|mikeyrobu|102|1198\n|player|p2|campeondelfitness|swimmer|1283\n|gen|9\n|tier|[Gen 9 Champions] VGC 2026 Reg M-A\n|rated|\n|rule|Species Clause: Limit one of each Pok\u00e9mon\n|rule|Item Clause: Limit 1 of each item\n|clearpoke\n|poke|p1|Gengar, L50, F|\n|poke|p1|Kleavor, L50, M|\n|poke|p1|Incineroar, L50, F|\n|poke|p1|Sinistcha, L50|\n|poke|p1|Empoleon, L50, M|\n|poke|p1|Raichu, L50, M|\n|poke|p2|Tyranitar, L50, M|\n|poke|p2|Garchomp, L50, M|\n|poke|p2|Heliolisk, L50, F|\n|poke|p2|Rotom-Heat, L50|\n|poke|p2|Orthworm, L50, F|\n|poke|p2|Aerodactyl, L50, M|\n|teampreview|4\n|inactive|Battle timer is ON: inactive players will automatically lose when time's up. (requested by campeondelfitness)\n|inactive|campeondelfitness has 60 seconds left.\n|\n|t:|1776374460\n|teamsize|p1|4\n|teamsize|p2|4\n|start\n|switch|p1a: Gengar|Gengar, L50, F|100/100\n|switch|p1b: Kleavor|Kleavor, L50, M|100/100\n|switch|p2a: Orthworm|Orthworm, L50, F|100/100\n|switch|p2b: Rotom|Rotom-Heat, L50|100/100\n|turn|1\n|inactive|campeondelfitness has 30 seconds left.\n|\n|t:|1776374486\n|move|p1a: Gengar|Protect|p1a: Gengar\n|-singleturn|p1a: Gengar|Protect\n|move|p1b: Kleavor|Stone Axe|p2b: Rotom\n|-supereffective|p2b: Rotom|1\n|-damage|p2b: Rotom|0 fnt\n|-sidestart|p2: campeondelfitness|move: Stealth Rock\n|faint|p2b: Rotom\n|move|p2a: Orthworm|Shed Tail|p2a: Orthworm\n|-start|p2a: Orthworm|Substitute|[from] move: Shed Tail\n|-damage|p2a: Orthworm|50/100\n|\n|t:|1776374500\n|switch|p2a: Garchomp|Garchomp, L50, M|100/100|[from] Shed Tail\n|-damage|p2a: Garchomp|95/100|[from] Stealth Rock\n|\n|upkeep\n|\n|t:|1776374505\n|switch|p2b: Tyranitar|Tyranitar, L50, M|100/100\n|-damage|p2b: Tyranitar|88/100|[from] Stealth Rock\n|-weather|Sandstorm|[from] ability: Sand Stream|[of] p2b: Tyranitar\n|turn|2\n|\n|t:|1776374525\n|switch|p1a: Empoleon|Empoleon, L50, M|100/100\n|switch|p2b: Orthworm|Orthworm, L50, F|50/100\n|-damage|p2b: Orthworm|44/100|[from] Stealth Rock\n|detailschange|p2a: Garchomp|Garchomp-Mega, L50, M\n|-mega|p2a: Garchomp|Garchomp|Garchompite\n|move|p1b: Kleavor|Stone Axe|p2a: Garchomp\n|-resisted|p2a: Garchomp|1\n|-end|p2a: Garchomp|Substitute\n|move|p2a: Garchomp|Earthquake|p1a: Empoleon|[spread] p1a,p1b\n|-heal|p2b: Orthworm|69/100|[from] ability: Earth Eater|[of] p2a: Garchomp\n|-supereffective|p1a: Empoleon|1\n|-enditem|p1a: Empoleon|Shuca Berry|[eat]\n|-enditem|p1a: Empoleon|Shuca Berry|[weaken]\n|-damage|p1a: Empoleon|37/100\n|-damage|p1b: Kleavor|19/100\n|\n|-weather|Sandstorm|[upkeep]\n|-heal|p2b: Orthworm|75/100|[from] item: Leftovers\n|upkeep\n|turn|3\n|inactive|campeondelfitness has 30 seconds left.\n|\n|t:|1776374557\n|switch|p1b: Sinistcha|Sinistcha, L50|100/100\n|-heal|p1a: Empoleon|62/100|[from] ability: Hospitality|[of] p1b: Sinistcha\n|move|p2a: Garchomp|Protect|p2a: Garchomp\n|-singleturn|p2a: Garchomp|Protect\n|move|p2b: Orthworm|Iron Head|p1b: Sinistcha\n|-damage|p1b: Sinistcha|76/100\n|move|p1a: Empoleon|Ice Beam|p2a: Garchomp\n|-activate|p2a: Garchomp|move: Protect\n|\n|-weather|Sandstorm|[upkeep]\n|-damage|p1b: Sinistcha|70/100|[from] Sandstorm\n|-heal|p1b: Sinistcha|76/100|[from] item: Leftovers\n|-heal|p2b: Orthworm|81/100|[from] item: Leftovers\n|upkeep\n|turn|4\n|\n|t:|1776374577\n|switch|p2a: Tyranitar|Tyranitar, L50, M|88/100\n|-damage|p2a: Tyranitar|76/100|[from] Stealth Rock\n|move|p1a: Empoleon|Protect|p1a: Empoleon\n|-singleturn|p1a: Empoleon|Protect\n|move|p1b: Sinistcha|Strength Sap|p2a: Tyranitar\n|-unboost|p2a: Tyranitar|atk|1\n|-heal|p1b: Sinistcha|100/100\n|move|p2b: Orthworm|Iron Defense|p2b: Orthworm\n|-boost|p2b: Orthworm|def|2\n|\n|-weather|Sandstorm|[upkeep]\n|-damage|p1b: Sinistcha|94/100|[from] Sandstorm\n|-heal|p1b: Sinistcha|100/100|[from] item: Leftovers\n|-heal|p2b: Orthworm|88/100|[from] item: Leftovers\n|upkeep\n|turn|5\n|\n|t:|1776374597\n|move|p2a: Tyranitar|Helping Hand|p2b: Orthworm\n|-singleturn|p2b: Orthworm|Helping Hand|[of] p2a: Tyranitar\n|move|p1b: Sinistcha|Matcha Gotcha|p2b: Orthworm|[spread] p2a\n|-miss|p1b: Sinistcha|p2b: Orthworm\n|-supereffective|p2a: Tyranitar|1\n|-damage|p2a: Tyranitar|44/100\n|move|p2b: Orthworm|Body Press|p1a: Empoleon\n|-supereffective|p1a: Empoleon|1\n|-damage|p1a: Empoleon|0 fnt\n|faint|p1a: Empoleon\n|\n|-weather|Sandstorm|[upkeep]\n|-damage|p1b: Sinistcha|94/100|[from] Sandstorm\n|-heal|p1b: Sinistcha|100/100|[from] item: Leftovers\n|-heal|p2b: Orthworm|94/100|[from] item: Leftovers\n|upkeep\n|\n|t:|1776374608\n|switch|p1a: Gengar|Gengar, L50, F|100/100\n|turn|6\n|inactive|campeondelfitness has 30 seconds left.\n|\n|t:|1776374634\n|detailschange|p1a: Gengar|Gengar-Mega, L50, F\n|-mega|p1a: Gengar|Gengar|Gengarite\n|move|p1a: Gengar|Giga Drain|p2a: Tyranitar\n|-supereffective|p2a: Tyranitar|1\n|-damage|p2a: Tyranitar|10/100\n|move|p1b: Sinistcha|Matcha Gotcha|p2b: Orthworm|[spread] p2a,p2b\n|-supereffective|p2a: Tyranitar|1\n|-resisted|p2b: Orthworm|1\n|-damage|p2a: Tyranitar|0 fnt\n|-damage|p2b: Orthworm|72/100\n|-status|p2b: Orthworm|brn\n|faint|p2a: Tyranitar\n|move|p2b: Orthworm|Shed Tail|p2b: Orthworm\n|-start|p2b: Orthworm|Substitute|[from] move: Shed Tail\n|-damage|p2b: Orthworm|21/100 brn\n|\n|t:|1776374646\n|switch|p2b: Garchomp|Garchomp-Mega, L50, M|95/100|[from] Shed Tail\n|-damage|p2b: Garchomp|89/100|[from] Stealth Rock\n|\n|-weather|none\n|upkeep\n|\n|t:|1776374652\n|switch|p2a: Orthworm|Orthworm, L50, F|21/100 brn\n|-damage|p2a: Orthworm|15/100 brn|[from] Stealth Rock\n|turn|7\n|\n|t:|1776374669\n|switch|p1a: Kleavor|Kleavor, L50, M|19/100\n|move|p2b: Garchomp|Earthquake|p1b: Sinistcha|[spread] p1a,p1b\n|-heal|p2a: Orthworm|40/100 brn|[from] ability: Earth Eater|[of] p2b: Garchomp\n|-resisted|p1b: Sinistcha|1\n|-crit|p1b: Sinistcha\n|-damage|p1a: Kleavor|0 fnt\n|-damage|p1b: Sinistcha|64/100\n|faint|p1a: Kleavor\n|move|p1b: Sinistcha|Matcha Gotcha|p2a: Orthworm|[spread] p2a,p2b\n|-end|p2b: Garchomp|Substitute\n|-heal|p1b: Sinistcha|76/100|[from] drain|[of] p2b: Garchomp\n|-resisted|p2a: Orthworm|1\n|-damage|p2a: Orthworm|20/100 brn\n|-heal|p1b: Sinistcha|86/100|[from] drain|[of] p2a: Orthworm\n|move|p2a: Orthworm|Iron Head|p1b: Sinistcha\n|-damage|p1b: Sinistcha|76/100\n|\n|-heal|p1b: Sinistcha|82/100|[from] item: Leftovers\n|-heal|p2a: Orthworm|26/100 brn|[from] item: Leftovers\n|-damage|p2a: Orthworm|20/100 brn|[from] brn\n|upkeep\n|\n|t:|1776374681\n|switch|p1a: Gengar|Gengar-Mega, L50, F|100/100\n|turn|8\n|\n|t:|1776374697\n|move|p1a: Gengar|Shadow Ball|p2b: Garchomp\n|-damage|p2b: Garchomp|35/100\n|move|p2b: Garchomp|Earthquake|p1b: Sinistcha|[spread] p1a,p1b\n|-heal|p2a: Orthworm|45/100 brn|[from] ability: Earth Eater|[of] p2b: Garchomp\n|-supereffective|p1a: Gengar|1\n|-resisted|p1b: Sinistcha|1\n|-damage|p1a: Gengar|0 fnt\n|-damage|p1b: Sinistcha|58/100\n|faint|p1a: Gengar\n|move|p1b: Sinistcha|Matcha Gotcha|p2a: Orthworm|[spread] p2b\n|-miss|p1b: Sinistcha|p2a: Orthworm\n|-damage|p2b: Garchomp|7/100\n|-heal|p1b: Sinistcha|73/100|[from] drain|[of] p2b: Garchomp\n|-status|p2b: Garchomp|brn\n|move|p2a: Orthworm|Iron Head|p1b: Sinistcha\n|-damage|p1b: Sinistcha|62/100\n|\n|-heal|p1b: Sinistcha|68/100|[from] item: Leftovers\n|-heal|p2a: Orthworm|51/100 brn|[from] item: Leftovers\n|-damage|p2b: Garchomp|1/100 brn|[from] brn\n|-damage|p2a: Orthworm|45/100 brn|[from] brn\n|upkeep\n|turn|9\n|inactive|campeondelfitness has 30 seconds left.\n|\n|t:|1776374725\n|move|p1b: Sinistcha|Protect|p1b: Sinistcha\n|-singleturn|p1b: Sinistcha|Protect\n|move|p2b: Garchomp|Dragon Claw|p1b: Sinistcha\n|-activate|p1b: Sinistcha|move: Protect\n|move|p2a: Orthworm|Iron Head|p1b: Sinistcha\n|-activate|p1b: Sinistcha|move: Protect\n|\n|-heal|p1b: Sinistcha|74/100|[from] item: Leftovers\n|-heal|p2a: Orthworm|51/100 brn|[from] item: Leftovers\n|-damage|p2b: Garchomp|0 fnt|[from] brn\n|faint|p2b: Garchomp\n|-damage|p2a: Orthworm|45/100 brn|[from] brn\n|upkeep\n|turn|10\n|-message|campeondelfitness forfeited.\n|\n|win|mikeyrobu\n|raw|mikeyrobu's rating: 1198 &rarr; <strong>1229</strong><br />(+31 for winning)\n|raw|campeondelfitness's rating: 1283 &rarr; <strong>1252</strong><br />(-31 for losing)\n",
  "uploadtime": 1776374742,
  "views": 37,
  "formatid": "gen9championsvgc2026regma",
  "rating": 1229,
  "private": 0,
  "password": null
}