{
  "id": "gen9championsvgc2026regma-2586679647",
  "format": "[Gen 9 Champions] VGC 2026 Reg M-A",
  "players": [
    "mumof",
    "szaszasza"
  ],
  "log": "|j|\u2606mumof\n|j|\u2606szaszasza\n|t:|1776451608\n|gametype|doubles\n|player|p1|mumof|169|1094\n|player|p2|szaszasza|1|1108\n|gen|9\n|tier|[Gen 9 Champions] VGC 2026 Reg M-A\n|rated|\n|rule|Species Clause: Limit one of each Pok\u00e9mon\n|rule|Item Clause: Limit 1 of each item\n|clearpoke\n|poke|p1|Kangaskhan, L50, F|\n|poke|p1|Garchomp, L50, F|\n|poke|p1|Sylveon, L50, F|\n|poke|p1|Aerodactyl, L50, F|\n|poke|p1|Basculegion, L50, M|\n|poke|p1|Incineroar, L50, F|\n|poke|p2|Gengar, L50, M|\n|poke|p2|Kommo-o, L50, M|\n|poke|p2|Tyranitar, L50, F|\n|poke|p2|Incineroar, L50, F|\n|poke|p2|Kingambit, L50, M|\n|poke|p2|Sinistcha, L50|\n|teampreview|4\n|inactive|Battle timer is ON: inactive players will automatically lose when time's up. (requested by szaszasza)\n|\n|t:|1776451674\n|teamsize|p1|4\n|teamsize|p2|4\n|start\n|switch|p1a: Aerodactyl|Aerodactyl, L50, F|100/100\n|switch|p1b: Garchomp|Garchomp, L50, F|100/100\n|switch|p2a: Kingambit|Kingambit, L50, M|100/100\n|switch|p2b: Kommo-o|Kommo-o, L50, M|100/100\n|-ability|p1a: Aerodactyl|Unnerve\n|turn|1\n|inactive|szaszasza has 30 seconds left.\n|\n|t:|1776451701\n|move|p1b: Garchomp|Protect|p1b: Garchomp\n|-singleturn|p1b: Garchomp|Protect\n|move|p2a: Kingambit|Protect|p2a: Kingambit\n|-singleturn|p2a: Kingambit|Protect\n|move|p1a: Aerodactyl|Tailwind|p1a: Aerodactyl\n|-sidestart|p1: mumof|move: Tailwind\n|move|p2b: Kommo-o|Clanging Scales|p1b: Garchomp|[spread] p1a\n|-activate|p1b: Garchomp|move: Protect\n|-damage|p1a: Aerodactyl|47/100\n|-unboost|p2b: Kommo-o|def|1\n|\n|upkeep\n|turn|2\n|inactive|szaszasza has 30 seconds left.\n|\n|t:|1776451727\n|switch|p2b: Incineroar|Incineroar, L50, F|100/100\n|-ability|p2b: Incineroar|Intimidate|boost\n|-unboost|p1a: Aerodactyl|atk|1\n|-unboost|p1b: Garchomp|atk|1\n|-enditem|p1b: Garchomp|White Herb\n|-clearnegativeboost|p1b: Garchomp|[silent]\n|move|p2a: Kingambit|Sucker Punch|p1a: Aerodactyl\n|-damage|p1a: Aerodactyl|0 fnt\n|faint|p1a: Aerodactyl\n|move|p1b: Garchomp|Earthquake|p2b: Incineroar|[spread] p2a,p2b\n|-supereffective|p2a: Kingambit|1\n|-supereffective|p2b: Incineroar|1\n|-crit|p2b: Incineroar\n|-enditem|p2b: Incineroar|Shuca Berry|[eat]\n|-enditem|p2b: Incineroar|Shuca Berry|[weaken]\n|-damage|p2a: Kingambit|36/100\n|-damage|p2b: Incineroar|38/100\n|\n|upkeep\n|inactive|mumof has 30 seconds left.\n|\n|t:|1776451754\n|switch|p1a: Kangaskhan|Kangaskhan, L50, F|100/100\n|turn|3\n|inactive|szaszasza has 30 seconds left.\n|\n|t:|1776451786\n|move|p2b: Incineroar|Fake Out|p1b: Garchomp\n|-damage|p1b: Garchomp|90/100\n|-damage|p2b: Incineroar|26/100|[from] ability: Rough Skin|[of] p1b: Garchomp\n|cant|p1b: Garchomp|flinch\n|move|p1a: Kangaskhan|Low Kick|p2a: Kingambit\n|-supereffective|p2a: Kingambit|2\n|-enditem|p2a: Kingambit|Chople Berry|[eat]\n|-enditem|p2a: Kingambit|Chople Berry|[weaken]\n|-damage|p2a: Kingambit|0 fnt\n|faint|p2a: Kingambit\n|\n|upkeep\n|\n|t:|1776451806\n|switch|p2a: Tyranitar|Tyranitar, L50, F|100/100\n|-weather|Sandstorm|[from] ability: Sand Stream|[of] p2a: Tyranitar\n|turn|4\n|\n|t:|1776451819\n|switch|p2a: Kommo-o|Kommo-o, L50, M|100/100\n|detailschange|p1a: Kangaskhan|Kangaskhan-Mega, L50, F\n|-mega|p1a: Kangaskhan|Kangaskhan|Kangaskhanite\n|move|p2b: Incineroar|Protect|p2b: Incineroar\n|-singleturn|p2b: Incineroar|Protect\n|move|p1b: Garchomp|Stomping Tantrum|p2b: Incineroar\n|-activate|p2b: Incineroar|move: Protect\n|move|p1a: Kangaskhan|Low Kick|p2a: Kommo-o\n|-damage|p2a: Kommo-o|70/100\n|-damage|p2a: Kommo-o|63/100\n|-hitcount|p2a: Kommo-o|2\n|\n|-weather|Sandstorm|[upkeep]\n|-damage|p1a: Kangaskhan|94/100|[from] Sandstorm\n|-damage|p2a: Kommo-o|57/100|[from] Sandstorm\n|-damage|p2b: Incineroar|20/100|[from] Sandstorm\n|-heal|p2a: Kommo-o|63/100|[from] item: Leftovers\n|-sideend|p1: mumof|move: Tailwind\n|upkeep\n|turn|5\n|inactive|szaszasza has 30 seconds left.\n|\n|t:|1776451845\n|move|p1b: Garchomp|Stomping Tantrum|p2b: Incineroar\n|-supereffective|p2b: Incineroar|1\n|-damage|p2b: Incineroar|0 fnt\n|faint|p2b: Incineroar\n|move|p2a: Kommo-o|Clanging Scales|p1a: Kangaskhan|[spread] p1a,p1b\n|-supereffective|p1b: Garchomp|1\n|-damage|p1a: Kangaskhan|66/100\n|-damage|p1b: Garchomp|10/100\n|-unboost|p2a: Kommo-o|def|1\n|move|p1a: Kangaskhan|Double-Edge|p2a: Kommo-o\n|-damage|p2a: Kommo-o|0 fnt\n|faint|p2a: Kommo-o\n|-hitcount|p2: Kommo-o|1\n|-damage|p1a: Kangaskhan|51/100|[from] Recoil\n|\n|-weather|Sandstorm|[upkeep]\n|-damage|p1a: Kangaskhan|45/100|[from] Sandstorm\n|upkeep\n|\n|t:|1776451867\n|switch|p2b: Tyranitar|Tyranitar, L50, F|100/100\n|turn|6\n|\n|t:|1776451875\n|move|p2b: Tyranitar|Rock Slide|p1a: Kangaskhan|[spread] p1a,p1b\n|-resisted|p1b: Garchomp|1\n|-damage|p1a: Kangaskhan|16/100\n|-damage|p1b: Garchomp|0 fnt\n|faint|p1b: Garchomp\n|cant|p1a: Kangaskhan|flinch\n|\n|-weather|Sandstorm|[upkeep]\n|-damage|p1a: Kangaskhan|10/100|[from] Sandstorm\n|upkeep\n|\n|t:|1776451884\n|switch|p1b: Sylveon|Sylveon, L50, F|100/100\n|turn|7\n|\n|t:|1776451893\n|move|p2b: Tyranitar|Rock Slide|p1b: Sylveon|[spread] p1a,p1b\n|-damage|p1a: Kangaskhan|0 fnt\n|-damage|p1b: Sylveon|67/100\n|faint|p1a: Kangaskhan\n|cant|p1b: Sylveon|flinch\n|\n|-weather|Sandstorm|[upkeep]\n|-damage|p1b: Sylveon|61/100|[from] Sandstorm\n|-heal|p1b: Sylveon|67/100|[from] item: Leftovers\n|upkeep\n|turn|8\n|\n|t:|1776451902\n|move|p1b: Sylveon|Detect|p1b: Sylveon\n|-singleturn|p1b: Sylveon|Protect\n|move|p2b: Tyranitar|Rock Slide|p1b: Sylveon\n|-activate|p1b: Sylveon|move: Protect\n|\n|-weather|none\n|-heal|p1b: Sylveon|73/100|[from] item: Leftovers\n|upkeep\n|turn|9\n|\n|t:|1776451911\n|move|p2b: Tyranitar|Rock Slide|p1b: Sylveon\n|-damage|p1b: Sylveon|33/100\n|move|p1b: Sylveon|Hyper Voice|p2b: Tyranitar\n|-supereffective|p2b: Tyranitar|1\n|-damage|p2b: Tyranitar|8/100\n|\n|-heal|p1b: Sylveon|39/100|[from] item: Leftovers\n|upkeep\n|turn|10\n|\n|t:|1776451922\n|move|p1b: Sylveon|Quick Attack|p2b: Tyranitar\n|-supereffective|p2b: Tyranitar|1\n|-damage|p2b: Tyranitar|0 fnt\n|faint|p2b: Tyranitar\n|\n|win|mumof\n|raw|mumof's rating: 1094 &rarr; <strong>1121</strong><br />(+27 for winning)\n|raw|szaszasza's rating: 1108 &rarr; <strong>1082</strong><br />(-26 for losing)\n",
  "uploadtime": 1776451944,
  "views": 32,
  "formatid": "gen9championsvgc2026regma",
  "rating": 1082,
  "private": 0,
  "password": null
}