{
  "id": "gen9championsvgc2026regma-2585595657",
  "format": "[Gen 9 Champions] VGC 2026 Reg M-A",
  "players": [
    "MegaPoblano",
    "wazawaa"
  ],
  "log": "|j|\u203dMegaPoblano\n|j|\u2606wazawaa\n|t:|1776357806\n|gametype|doubles\n|player|p1|MegaPoblano|red|1170\n|player|p2|wazawaa|102|1113\n|gen|9\n|tier|[Gen 9 Champions] VGC 2026 Reg M-A\n|rated|\n|rule|Species Clause: Limit one of each Pok\u00e9mon\n|rule|Item Clause: Limit 1 of each item\n|clearpoke\n|poke|p1|Scovillain, L50, M|\n|poke|p1|Aerodactyl, L50, F|\n|poke|p1|Garchomp, L50, F|\n|poke|p1|Sneasler, L50, M|\n|poke|p1|Sinistcha, L50|\n|poke|p1|Primarina, L50, M|\n|poke|p2|Chandelure, L50, F|\n|poke|p2|Whimsicott, L50, M|\n|poke|p2|Sneasler, L50, F|\n|poke|p2|Aerodactyl, L50, F|\n|poke|p2|Milotic, L50, M|\n|poke|p2|Archaludon, L50, M|\n|teampreview|4\n|\n|t:|1776357857\n|teamsize|p1|4\n|teamsize|p2|4\n|start\n|switch|p1a: Scovillain|Scovillain, L50, M|100/100\n|switch|p1b: Primarina|Primarina, L50, M|100/100\n|switch|p2a: Chandelure|Chandelure, L50, F|100/100\n|switch|p2b: Aerodactyl|Aerodactyl, L50, F|100/100\n|-ability|p2b: Aerodactyl|Unnerve\n|turn|1\n|\n|t:|1776357896\n|detailschange|p1a: Scovillain|Scovillain-Mega, L50, M\n|-mega|p1a: Scovillain|Scovillain|Scovillainite\n|move|p2a: Chandelure|Protect|p2a: Chandelure\n|-singleturn|p2a: Chandelure|Protect\n|move|p1a: Scovillain|Rage Powder|p1a: Scovillain\n|-singleturn|p1a: Scovillain|move: Rage Powder\n|move|p2b: Aerodactyl|Dual Wingbeat|p1a: Scovillain\n|-supereffective|p1a: Scovillain|1\n|-crit|p1a: Scovillain\n|-damage|p1a: Scovillain|48/100\n|-status|p2b: Aerodactyl|brn|[from] ability: Spicy Spray|[of] p1a: Scovillain\n|-supereffective|p1a: Scovillain|1\n|-damage|p1a: Scovillain|32/100\n|-hitcount|p1a: Scovillain|2\n|move|p1b: Primarina|Hyper Voice|p2a: Chandelure|[spread] p2b\n|-activate|p2a: Chandelure|move: Protect\n|-supereffective|p2b: Aerodactyl|1\n|-damage|p2b: Aerodactyl|4/100 brn\n|\n|-damage|p2b: Aerodactyl|0 fnt|[from] brn\n|faint|p2b: Aerodactyl\n|upkeep\n|\n|t:|1776357914\n|switch|p2b: Archaludon|Archaludon, L50, M|100/100\n|turn|2\n|\n|t:|1776357951\n|detailschange|p2a: Chandelure|Chandelure-Mega, L50, F\n|-mega|p2a: Chandelure|Chandelure|Chandelurite\n|move|p2b: Archaludon|Protect|p2b: Archaludon\n|-singleturn|p2b: Archaludon|Protect\n|move|p1a: Scovillain|Rage Powder|p1a: Scovillain\n|-singleturn|p1a: Scovillain|move: Rage Powder\n|move|p2a: Chandelure|Heat Wave|p1a: Scovillain|[spread] p1a,p1b\n|-resisted|p1b: Primarina|1\n|-damage|p1a: Scovillain|0 fnt\n|-damage|p1b: Primarina|77/100\n|-immune|p2a: Chandelure\n|faint|p1a: Scovillain\n|move|p1b: Primarina|Calm Mind|p1b: Primarina\n|-boost|p1b: Primarina|spa|1\n|-boost|p1b: Primarina|spd|1\n|\n|-heal|p1b: Primarina|83/100|[from] item: Leftovers\n|upkeep\n|\n|t:|1776357960\n|switch|p1a: Aerodactyl|Aerodactyl, L50, F|100/100\n|-ability|p1a: Aerodactyl|Unnerve\n|turn|3\n|\n|t:|1776357976\n|switch|p2a: Milotic|Milotic, L50, M|100/100\n|move|p1a: Aerodactyl|Tailwind|p1a: Aerodactyl\n|-sidestart|p1: MegaPoblano|move: Tailwind\n|move|p1b: Primarina|Hyper Voice|p2b: Archaludon|[spread] p2a,p2b\n|-resisted|p2a: Milotic|1\n|-resisted|p2b: Archaludon|1\n|-damage|p2a: Milotic|75/100\n|-damage|p2b: Archaludon|68/100\n|-ability|p2b: Archaludon|Stamina|boost\n|-boost|p2b: Archaludon|def|1\n|move|p2b: Archaludon|Thunder|p1b: Primarina\n|-supereffective|p1b: Primarina|1\n|-damage|p1b: Primarina|29/100\n|\n|-heal|p1b: Primarina|36/100|[from] item: Leftovers\n|-heal|p2a: Milotic|81/100|[from] item: Leftovers\n|upkeep\n|turn|4\n|\n|t:|1776358006\n|switch|p1a: Sinistcha|Sinistcha, L50|100/100\n|-heal|p1b: Primarina|61/100|[from] ability: Hospitality|[of] p1a: Sinistcha\n|move|p1b: Primarina|Protect|p1b: Primarina\n|-singleturn|p1b: Primarina|Protect\n|move|p2b: Archaludon|Protect|p2b: Archaludon\n|-singleturn|p2b: Archaludon|Protect\n|move|p2a: Milotic|Ice Beam|p1a: Sinistcha\n|-supereffective|p1a: Sinistcha|1\n|-damage|p1a: Sinistcha|54/100\n|\n|-heal|p1b: Primarina|67/100|[from] item: Leftovers\n|-heal|p2a: Milotic|87/100|[from] item: Leftovers\n|upkeep\n|turn|5\n|\n|t:|1776358035\n|move|p1a: Sinistcha|Rage Powder|p1a: Sinistcha\n|-singleturn|p1a: Sinistcha|move: Rage Powder\n|move|p1b: Primarina|Calm Mind|p1b: Primarina\n|-boost|p1b: Primarina|spa|1\n|-boost|p1b: Primarina|spd|1\n|move|p2a: Milotic|Ice Beam|p1a: Sinistcha\n|-supereffective|p1a: Sinistcha|1\n|-damage|p1a: Sinistcha|0 fnt\n|faint|p1a: Sinistcha\n|move|p2b: Archaludon|Thunder|p1b: Primarina|[miss]\n|-miss|p2b: Archaludon|p1b: Primarina\n|\n|-heal|p1b: Primarina|73/100|[from] item: Leftovers\n|-heal|p2a: Milotic|93/100|[from] item: Leftovers\n|upkeep\n|\n|t:|1776358040\n|switch|p1a: Aerodactyl|Aerodactyl, L50, F|100/100\n|-ability|p1a: Aerodactyl|Unnerve\n|turn|6\n|\n|t:|1776358074\n|move|p1a: Aerodactyl|Protect|p1a: Aerodactyl\n|-singleturn|p1a: Aerodactyl|Protect\n|move|p1b: Primarina|Moonblast|p2b: Archaludon\n|-damage|p2b: Archaludon|0 fnt\n|faint|p2b: Archaludon\n|move|p2a: Milotic|Ice Beam|p1b: Primarina\n|-resisted|p1b: Primarina|1\n|-damage|p1b: Primarina|67/100\n|\n|-heal|p1b: Primarina|73/100|[from] item: Leftovers\n|-heal|p2a: Milotic|99/100|[from] item: Leftovers\n|-sideend|p1: MegaPoblano|move: Tailwind\n|upkeep\n|\n|t:|1776358085\n|switch|p2b: Chandelure|Chandelure-Mega, L50, F|100/100\n|turn|7\n|\n|t:|1776358100\n|move|p1a: Aerodactyl|Tailwind|p1a: Aerodactyl\n|-sidestart|p1: MegaPoblano|move: Tailwind\n|move|p1b: Primarina|Hyper Voice|p2b: Chandelure|[spread] p2a,p2b\n|-resisted|p2a: Milotic|1\n|-supereffective|p2b: Chandelure|1\n|-damage|p2a: Milotic|66/100\n|-damage|p2b: Chandelure|0 fnt\n|faint|p2b: Chandelure\n|move|p2a: Milotic|Scald|p1a: Aerodactyl\n|-supereffective|p1a: Aerodactyl|1\n|-enditem|p1a: Aerodactyl|Focus Sash\n|-damage|p1a: Aerodactyl|1/100\n|\n|-heal|p1b: Primarina|79/100|[from] item: Leftovers\n|-heal|p2a: Milotic|72/100|[from] item: Leftovers\n|upkeep\n|turn|8\n|inactive|Battle timer is ON: inactive players will automatically lose when time's up. (requested by MegaPoblano)\n|-message|wazawaa forfeited.\n|\n|win|MegaPoblano\n|raw|MegaPoblano's rating: 1170 &rarr; <strong>1191</strong><br />(+21 for winning)\n|raw|wazawaa's rating: 1113 &rarr; <strong>1092</strong><br />(-21 for losing)\n|l|\u2606wazawaa\n|player|p2|\n",
  "uploadtime": 1776358132,
  "views": 19,
  "formatid": "gen9championsvgc2026regma",
  "rating": 1092,
  "private": 0,
  "password": null
}