{
  "id": "gen9championsvgc2026regma-2585800346",
  "format": "[Gen 9 Champions] VGC 2026 Reg M-A",
  "players": [
    "nk.luna",
    "vassock"
  ],
  "log": "|j|\u2606nk.luna\n|j|\u2606vassock\n|t:|1776371557\n|gametype|doubles\n|player|p1|nk.luna|marley|1073\n|player|p2|vassock|265|1000\n|gen|9\n|tier|[Gen 9 Champions] VGC 2026 Reg M-A\n|rated|\n|rule|Species Clause: Limit one of each Pok\u00e9mon\n|rule|Item Clause: Limit 1 of each item\n|clearpoke\n|poke|p1|Froslass, L50, F|\n|poke|p1|Incineroar, L50, M|\n|poke|p1|Meowscarada, L50, F|\n|poke|p1|Whimsicott, L50, F|\n|poke|p1|Milotic, L50, F|\n|poke|p1|Lycanroc-Dusk, L50, M|\n|poke|p2|Incineroar, L50, M|\n|poke|p2|Aegislash, L50, F|\n|poke|p2|Conkeldurr, L50, M|\n|poke|p2|Noivern, L50, F|\n|poke|p2|Gliscor, L50, F|\n|poke|p2|Sharpedo, L50, M|\n|teampreview|4\n|inactive|Battle timer is ON: inactive players will automatically lose when time's up. (requested by nk.luna)\n|inactive|nk.luna has 60 seconds left.\n|inactive|vassock has 60 seconds left.\n|\n|t:|1776371614\n|teamsize|p1|4\n|teamsize|p2|4\n|start\n|switch|p1a: trans queen|Froslass, L50, F|100/100\n|switch|p1b: whimsi|Whimsicott, L50, F|100/100\n|switch|p2a: Sharpedo|Sharpedo, L50, M|100/100\n|switch|p2b: Gliscor|Gliscor, L50, F|100/100\n|turn|1\n|\n|t:|1776371637\n|detailschange|p1a: trans queen|Froslass-Mega, L50, F\n|-mega|p1a: trans queen|Froslass|Froslassite\n|-weather|Snowscape|[from] ability: Snow Warning|[of] p1a: trans queen\n|move|p2b: Gliscor|Rock Slide|p1b: whimsi|[spread] p1a,p1b\n|-supereffective|p1a: trans queen|1\n|-crit|p1a: trans queen\n|-damage|p1a: trans queen|41/100\n|-damage|p1b: whimsi|77/100\n|move|p1a: trans queen|Blizzard|p2a: Sharpedo|[spread] p2a,p2b\n|-resisted|p2a: Sharpedo|1\n|-supereffective|p2b: Gliscor|2\n|-damage|p2a: Sharpedo|43/100\n|-damage|p2b: Gliscor|0 fnt\n|-status|p2a: Sharpedo|frz\n|faint|p2b: Gliscor\n|move|p1b: whimsi|Moonblast|p2a: Sharpedo\n|-supereffective|p2a: Sharpedo|1\n|-damage|p2a: Sharpedo|0 fnt\n|faint|p2a: Sharpedo\n|\n|-weather|Snowscape|[upkeep]\n|upkeep\n|\n|t:|1776371654\n|switch|p2a: Aegislash|Aegislash, L50, F|100/100\n|switch|p2b: Conkeldurr|Conkeldurr, L50, M|100/100\n|turn|2\n|\n|t:|1776371663\n|move|p1b: whimsi|Tailwind|p1b: whimsi\n|-sidestart|p1: nk.luna|move: Tailwind\n|-formechange|p2a: Aegislash|Aegislash-Blade|\n|move|p2a: Aegislash|Shadow Sneak|p1a: trans queen\n|-supereffective|p1a: trans queen|1\n|-damage|p1a: trans queen|0 fnt\n|faint|p1a: trans queen\n|move|p2b: Conkeldurr|Ice Punch|p1b: whimsi\n|-supereffective|p1b: whimsi|1\n|-damage|p1b: whimsi|0 fnt\n|faint|p1b: whimsi\n|\n|-weather|Snowscape|[upkeep]\n|upkeep\n|\n|t:|1776371669\n|switch|p1a: meowmeow|Meowscarada, L50, F|100/100\n|switch|p1b: Milotic|Milotic, L50, F|100/100\n|turn|3\n|\n|t:|1776371679\n|-formechange|p2a: Aegislash|Aegislash|\n|move|p2a: Aegislash|King's Shield|p2a: Aegislash\n|-singleturn|p2a: Aegislash|Protect\n|move|p2b: Conkeldurr|Detect|p2b: Conkeldurr\n|-singleturn|p2b: Conkeldurr|Protect\n|move|p1a: meowmeow|Knock Off|p2a: Aegislash\n|-start|p1a: meowmeow|typechange|Dark|[from] ability: Protean\n|-activate|p2a: Aegislash|move: Protect\n|-unboost|p1a: meowmeow|atk|1\n|move|p1b: Milotic|Icy Wind|p2a: Aegislash|[spread] \n|-activate|p2a: Aegislash|move: Protect\n|-activate|p2b: Conkeldurr|move: Protect\n|\n|-weather|Snowscape|[upkeep]\n|upkeep\n|turn|4\n|\n|t:|1776371702\n|move|p2b: Conkeldurr|Mach Punch|p1a: meowmeow\n|-supereffective|p1a: meowmeow|1\n|-damage|p1a: meowmeow|26/100\n|move|p1a: meowmeow|Knock Off|p2a: Aegislash\n|-supereffective|p2a: Aegislash|1\n|-damage|p2a: Aegislash|50/100\n|-enditem|p2a: Aegislash|Mental Herb|[from] move: Knock Off|[of] p1a: meowmeow\n|move|p1b: Milotic|Icy Wind|p2a: Aegislash|[spread] p2a,p2b\n|-resisted|p2a: Aegislash|1\n|-damage|p2a: Aegislash|47/100\n|-damage|p2b: Conkeldurr|89/100\n|-unboost|p2a: Aegislash|spe|1\n|-unboost|p2b: Conkeldurr|spe|1\n|-formechange|p2a: Aegislash|Aegislash-Blade|\n|move|p2a: Aegislash|Close Combat|p1a: meowmeow\n|-supereffective|p1a: meowmeow|1\n|-damage|p1a: meowmeow|0 fnt\n|-unboost|p2a: Aegislash|def|1\n|-unboost|p2a: Aegislash|spd|1\n|faint|p1a: meowmeow\n|\n|-weather|Snowscape|[upkeep]\n|-heal|p2b: Conkeldurr|95/100|[from] item: Leftovers\n|upkeep\n|turn|5\n|\n|t:|1776371725\n|-formechange|p2a: Aegislash|Aegislash|\n|move|p2a: Aegislash|King's Shield|p2a: Aegislash\n|-singleturn|p2a: Aegislash|Protect\n|move|p1b: Milotic|Scald|p2b: Conkeldurr\n|-damage|p2b: Conkeldurr|55/100\n|move|p2b: Conkeldurr|Earthquake|p1b: Milotic|[spread] p1b\n|-activate|p2a: Aegislash|move: Protect\n|-damage|p1b: Milotic|77/100\n|\n|-weather|none\n|-heal|p2b: Conkeldurr|61/100|[from] item: Leftovers\n|-sideend|p1: nk.luna|move: Tailwind\n|upkeep\n|turn|6\n|inactive|vassock has 30 seconds left.\n|inactive|vassock has 20 seconds left.\n|\n|t:|1776371762\n|-formechange|p2a: Aegislash|Aegislash-Blade|\n|move|p2a: Aegislash|Shadow Sneak|p1b: Milotic\n|-damage|p1b: Milotic|57/100\n|move|p2b: Conkeldurr|Mach Punch|p1b: Milotic\n|-damage|p1b: Milotic|39/100\n|move|p1b: Milotic|Scald|p2a: Aegislash\n|-damage|p2a: Aegislash|0 fnt\n|faint|p2a: Aegislash\n|\n|-heal|p2b: Conkeldurr|67/100|[from] item: Leftovers\n|upkeep\n|turn|7\n|\n|t:|1776371778\n|move|p2b: Conkeldurr|Mach Punch|p1b: Milotic\n|-damage|p1b: Milotic|21/100\n|move|p1b: Milotic|Recover|p1b: Milotic\n|-heal|p1b: Milotic|71/100\n|\n|-heal|p2b: Conkeldurr|74/100|[from] item: Leftovers\n|upkeep\n|turn|8\n|\n|t:|1776371787\n|move|p1b: Milotic|Scald|p2b: Conkeldurr\n|-damage|p2b: Conkeldurr|35/100\n|move|p2b: Conkeldurr|Earthquake|p1b: Milotic\n|-damage|p1b: Milotic|43/100\n|\n|-heal|p2b: Conkeldurr|41/100|[from] item: Leftovers\n|upkeep\n|turn|9\n|\n|t:|1776371796\n|move|p2b: Conkeldurr|Mach Punch|p1b: Milotic\n|-damage|p1b: Milotic|24/100\n|move|p1b: Milotic|Recover|p1b: Milotic\n|-heal|p1b: Milotic|74/100\n|\n|-heal|p2b: Conkeldurr|47/100|[from] item: Leftovers\n|upkeep\n|turn|10\n|\n|t:|1776371802\n|move|p1b: Milotic|Recover|p1b: Milotic\n|-heal|p1b: Milotic|100/100\n|move|p2b: Conkeldurr|Earthquake|p1b: Milotic\n|-damage|p1b: Milotic|71/100\n|\n|-heal|p2b: Conkeldurr|53/100|[from] item: Leftovers\n|upkeep\n|turn|11\n|\n|t:|1776371810\n|move|p1b: Milotic|Scald|p2b: Conkeldurr\n|-damage|p2b: Conkeldurr|9/100\n|move|p2b: Conkeldurr|Earthquake|p1b: Milotic\n|-damage|p1b: Milotic|40/100\n|\n|-heal|p2b: Conkeldurr|16/100|[from] item: Leftovers\n|upkeep\n|turn|12\n|\n|t:|1776371820\n|move|p2b: Conkeldurr|Detect|p2b: Conkeldurr\n|-singleturn|p2b: Conkeldurr|Protect\n|move|p1b: Milotic|Scald|p2b: Conkeldurr\n|-activate|p2b: Conkeldurr|move: Protect\n|\n|-heal|p2b: Conkeldurr|22/100|[from] item: Leftovers\n|upkeep\n|turn|13\n|\n|t:|1776371827\n|move|p1b: Milotic|Scald|p2b: Conkeldurr\n|-damage|p2b: Conkeldurr|0 fnt\n|faint|p2b: Conkeldurr\n|\n|win|nk.luna\n|raw|nk.luna's rating: 1073 &rarr; <strong>1096</strong><br />(+23 for winning)\n|raw|vassock's rating: 1000 &rarr; <strong>1000</strong><br />(+0 for losing)\n",
  "uploadtime": 1776371831,
  "views": 26,
  "formatid": "gen9championsvgc2026regma",
  "rating": 1000,
  "private": 0,
  "password": null
}