{
  "id": "gen9championsvgc2026regma-2581809412",
  "format": "[Gen 9 Champions] VGC 2026 Reg M-A",
  "players": [
    "loklastaji",
    "CabbageAgain"
  ],
  "log": "|j|\u2606loklastaji\n|j|\u2606CabbageAgain\n|t:|1776030176\n|gametype|doubles\n|player|p1|loklastaji|169|1231\n|player|p2|CabbageAgain|miku-water|1226\n|gen|9\n|tier|[Gen 9 Champions] VGC 2026 Reg M-A\n|rated|\n|rule|Species Clause: Limit one of each Pok\u00e9mon\n|rule|Item Clause: Limit 1 of each item\n|clearpoke\n|poke|p1|Samurott-Hisui, L50, M|\n|poke|p1|Mamoswine, L50, M|\n|poke|p1|Delphox, L50, F|\n|poke|p1|Tsareena, L50, F|\n|poke|p1|Corviknight, L50, F|\n|poke|p1|Altaria, L50, F|\n|poke|p2|Lopunny, L50, M|\n|poke|p2|Basculegion, L50, M|\n|poke|p2|Aerodactyl, L50, F|\n|poke|p2|Volcarona, L50, M|\n|teampreview|4\n|inactive|Battle timer is ON: inactive players will automatically lose when time's up. (requested by CabbageAgain)\n|inactive|loklastaji has 60 seconds left.\n|inactive|CabbageAgain has 60 seconds left.\n|\n|t:|1776030217\n|teamsize|p1|4\n|teamsize|p2|4\n|start\n|switch|p1a: Tsareena|Tsareena, L50, F|100/100\n|switch|p1b: Altaria|Altaria, L50, F|100/100\n|switch|p2a: Basculegion|Basculegion, L50, M|100/100\n|switch|p2b: Aerodactyl|Aerodactyl, L50, F|100/100\n|-ability|p2b: Aerodactyl|Unnerve\n|-ability|p1b: Altaria|Cloud Nine\n|turn|1\n|inactive|loklastaji has 30 seconds left.\n|\n|t:|1776030251\n|switch|p1b: Samurott|Samurott-Hisui, L50, M|100/100\n|move|p2b: Aerodactyl|Tailwind|p2b: Aerodactyl\n|-sidestart|p2: CabbageAgain|move: Tailwind\n|move|p2a: Basculegion|Flip Turn|p1b: Samurott\n|-resisted|p1b: Samurott|1\n|-damage|p1b: Samurott|75/100\n|\n|t:|1776030259\n|switch|p2a: Volcarona|Volcarona, L50, M|100/100|[from] Flip Turn\n|move|p1a: Tsareena|Power Whip|p2a: Volcarona\n|-resisted|p2a: Volcarona|2\n|-damage|p2a: Volcarona|82/100\n|\n|-heal|p2a: Volcarona|88/100|[from] item: Leftovers\n|upkeep\n|turn|2\n|\n|t:|1776030277\n|move|p2a: Volcarona|Protect|p2a: Volcarona\n|-singleturn|p2a: Volcarona|Protect\n|move|p1a: Tsareena|Protect|p1a: Tsareena\n|-singleturn|p1a: Tsareena|Protect\n|move|p2b: Aerodactyl|Rock Slide|p1b: Samurott|[spread] p1b\n|-activate|p1a: Tsareena|move: Protect\n|-damage|p1b: Samurott|43/100\n|move|p1b: Samurott|Aqua Cutter|p2b: Aerodactyl\n|-supereffective|p2b: Aerodactyl|1\n|-enditem|p2b: Aerodactyl|Focus Sash\n|-damage|p2b: Aerodactyl|1/100\n|\n|-heal|p2a: Volcarona|94/100|[from] item: Leftovers\n|upkeep\n|turn|3\n|inactive|loklastaji has 30 seconds left.\n|inactive|loklastaji has 20 seconds left.\n|inactive|loklastaji has 15 seconds left.\n|\n|t:|1776030320\n|switch|p2b: Lopunny|Lopunny, L50, M|100/100\n|switch|p1a: Altaria|Altaria, L50, F|100/100\n|-ability|p1a: Altaria|Cloud Nine\n|move|p2a: Volcarona|Bug Buzz|p1b: Samurott\n|-supereffective|p1b: Samurott|1\n|-damage|p1b: Samurott|0 fnt\n|faint|p1b: Samurott\n|\n|-heal|p2a: Volcarona|99/100|[from] item: Leftovers\n|upkeep\n|\n|t:|1776030336\n|switch|p1b: Tsareena|Tsareena, L50, F|100/100\n|turn|4\n|\n|t:|1776030352\n|switch|p2b: Basculegion|Basculegion, L50, M|100/100\n|move|p1b: Tsareena|Protect|p1b: Tsareena\n|-singleturn|p1b: Tsareena|Protect\n|move|p2a: Volcarona|Quiver Dance|p2a: Volcarona\n|-boost|p2a: Volcarona|spa|1\n|-boost|p2a: Volcarona|spd|1\n|-boost|p2a: Volcarona|spe|1\n|move|p1a: Altaria|Hurricane|p2a: Volcarona\n|-supereffective|p2a: Volcarona|1\n|-damage|p2a: Volcarona|44/100\n|\n|-heal|p2a: Volcarona|49/100|[from] item: Leftovers\n|-sideend|p2: CabbageAgain|move: Tailwind\n|upkeep\n|turn|5\n|inactive|loklastaji has 30 seconds left.\n|\n|t:|1776030383\n|move|p2a: Volcarona|Protect|p2a: Volcarona\n|-singleturn|p2a: Volcarona|Protect\n|move|p2b: Basculegion|Flip Turn|p1a: Altaria\n|-resisted|p1a: Altaria|1\n|-damage|p1a: Altaria|74/100\n|\n|t:|1776030388\n|switch|p2b: Aerodactyl|Aerodactyl, L50, F|1/100|[from] Flip Turn\n|-ability|p2b: Aerodactyl|Unnerve\n|move|p1a: Altaria|Hurricane|p2a: Volcarona\n|-activate|p2a: Volcarona|move: Protect\n|move|p1b: Tsareena|Power Whip|p2b: Aerodactyl\n|-damage|p2b: Aerodactyl|0 fnt\n|faint|p2b: Aerodactyl\n|\n|-heal|p2a: Volcarona|55/100|[from] item: Leftovers\n|upkeep\n|\n|t:|1776030404\n|switch|p2b: Lopunny|Lopunny, L50, M|100/100\n|turn|6\n|inactive|loklastaji has 30 seconds left.\n|\n|t:|1776030437\n|move|p2a: Volcarona|Heat Wave|p1a: Altaria|[spread] p1b\n|-miss|p2a: Volcarona|p1a: Altaria\n|-supereffective|p1b: Tsareena|1\n|-enditem|p1b: Tsareena|Focus Sash\n|-damage|p1b: Tsareena|1/100\n|move|p2b: Lopunny|Close Combat|p1a: Altaria\n|-resisted|p1a: Altaria|1\n|-damage|p1a: Altaria|54/100\n|-unboost|p2b: Lopunny|def|1\n|-unboost|p2b: Lopunny|spd|1\n|move|p1a: Altaria|Hurricane|p2a: Volcarona\n|-supereffective|p2a: Volcarona|1\n|-damage|p2a: Volcarona|0 fnt\n|faint|p2a: Volcarona\n|move|p1b: Tsareena|High Jump Kick|p2b: Lopunny\n|-supereffective|p2b: Lopunny|1\n|-damage|p2b: Lopunny|0 fnt\n|faint|p2b: Lopunny\n|\n|upkeep\n|\n|t:|1776030454\n|switch|p2b: Basculegion|Basculegion, L50, M|100/100\n|turn|7\n|\n|t:|1776030468\n|detailschange|p1a: Altaria|Altaria-Mega, L50, F\n|-mega|p1a: Altaria|Altaria|Altarianite\n|move|p2b: Basculegion|Wave Crash|p1b: Tsareena\n|-resisted|p1b: Tsareena|1\n|-damage|p1b: Tsareena|0 fnt\n|faint|p1b: Tsareena\n|-damage|p2b: Basculegion|99/100|[from] Recoil\n|move|p1a: Altaria|Hyper Voice|p2b: Basculegion\n|-damage|p2b: Basculegion|45/100\n|\n|upkeep\n|\n|t:|1776030478\n|switch|p1b: Corviknight|Corviknight, L50, F|100/100\n|turn|8\n|\n|t:|1776030488\n|move|p2b: Basculegion|Wave Crash|p1a: Altaria\n|-resisted|p1a: Altaria|1\n|-damage|p1a: Altaria|8/100\n|-damage|p2b: Basculegion|33/100|[from] Recoil\n|move|p1a: Altaria|Hyper Voice|p2b: Basculegion\n|-damage|p2b: Basculegion|0 fnt\n|faint|p2b: Basculegion\n|\n|win|loklastaji\n|raw|loklastaji's rating: 1231 &rarr; <strong>1256</strong><br />(+25 for winning)\n|raw|CabbageAgain's rating: 1226 &rarr; <strong>1201</strong><br />(-25 for losing)\n|l|\u2606CabbageAgain\n|player|p2|\n",
  "uploadtime": 1776030497,
  "views": 20,
  "formatid": "gen9championsvgc2026regma",
  "rating": 1201,
  "private": 0,
  "password": null
}