{
  "id": "gen9championsvgc2026regma-2581320187",
  "format": "[Gen 9 Champions] VGC 2026 Reg M-A",
  "players": [
    "loklastaji",
    "gwomp13589"
  ],
  "log": "|j|\u2606loklastaji\n|j|\u2606gwomp13589\n|t:|1775986189\n|gametype|doubles\n|player|p1|loklastaji|266|1183\n|player|p2|gwomp13589|102|1149\n|gen|9\n|tier|[Gen 9 Champions] VGC 2026 Reg M-A\n|rated|\n|rule|Species Clause: Limit one of each Pok\u00e9mon\n|rule|Item Clause: Limit 1 of each item\n|clearpoke\n|poke|p1|Altaria, L50, F|\n|poke|p1|Scovillain, L50, M|\n|poke|p1|Krookodile, L50, M|\n|poke|p1|Rotom-Wash, L50|\n|poke|p1|Farigiraf, L50, F|\n|poke|p1|Sneasler, L50, M|\n|poke|p2|Passimian, L50, M|\n|poke|p2|Oranguru, L50, F|\n|poke|p2|Starmie, L50|\n|poke|p2|Farigiraf, L50, M|\n|poke|p2|Garchomp, L50, F|\n|poke|p2|Incineroar, L50, F|\n|teampreview|4\ngwomp13589 rejected open team sheets.\n|inactive|Battle timer is ON: inactive players will automatically lose when time's up. (requested by gwomp13589)\n|\n|t:|1775986223\n|teamsize|p1|4\n|teamsize|p2|4\n|start\n|switch|p1a: Farigiraf|Farigiraf, L50, F|100/100\n|switch|p1b: Krookodile|Krookodile, L50, M|100/100\n|switch|p2a: Passimian|Passimian, L50, M|100/100\n|switch|p2b: Starmie|Starmie, L50|100/100\n|-ability|p1b: Krookodile|Intimidate|boost\n|-unboost|p2a: Passimian|atk|1\n|-unboost|p2b: Starmie|atk|1\n|turn|1\n|\n|t:|1775986244\n|detailschange|p2b: Starmie|Starmie-Mega, L50\n|-mega|p2b: Starmie|Starmie|Starminite\n|move|p2a: Passimian|Protect|p2a: Passimian\n|-singleturn|p2a: Passimian|Protect\n|move|p1b: Krookodile|Crunch|p2b: Starmie\n|-supereffective|p2b: Starmie|1\n|-damage|p2b: Starmie|0 fnt\n|faint|p2b: Starmie\n|-ability|p2a: Passimian|Huge Power|Receiver|[from] ability: Receiver|[of] p2b: Starmie\n|move|p1a: Farigiraf|Psychic|p2a: Passimian\n|-activate|p2a: Passimian|move: Protect\n|\n|upkeep\n|\n|t:|1775986256\n|switch|p2b: Garchomp|Garchomp, L50, F|100/100\n|turn|2\n|\n|t:|1775986269\n|switch|p1b: Scovillain|Scovillain, L50, M|100/100\n|move|p2b: Garchomp|Dragon Claw|p1a: Farigiraf\n|-damage|p1a: Farigiraf|63/100\n|move|p2a: Passimian|Drain Punch|p1b: Scovillain\n|-damage|p1b: Scovillain|8/100\n|move|p1a: Farigiraf|Psychic|p2a: Passimian\n|-supereffective|p2a: Passimian|1\n|-enditem|p2a: Passimian|Focus Sash\n|-damage|p2a: Passimian|1/100\n|\n|upkeep\n|turn|3\n|\n|t:|1775986289\n|detailschange|p1b: Scovillain|Scovillain-Mega, L50, M\n|-mega|p1b: Scovillain|Scovillain|Scovillainite\n|move|p1b: Scovillain|Rage Powder|p1b: Scovillain\n|-singleturn|p1b: Scovillain|move: Rage Powder\n|move|p2b: Garchomp|Dragon Claw|p1b: Scovillain\n|-damage|p1b: Scovillain|0 fnt\n|-status|p2b: Garchomp|brn|[from] ability: Spicy Spray|[of] p1b: Scovillain\n|faint|p1b: Scovillain\n|move|p2a: Passimian|Acrobatics|p1a: Farigiraf\n|-damage|p1a: Farigiraf|10/100\n|-enditem|p1a: Farigiraf|Sitrus Berry|[eat]\n|-heal|p1a: Farigiraf|35/100|[from] item: Sitrus Berry\n|move|p1a: Farigiraf|Hyper Voice|p2a: Passimian|[spread] p2a,p2b\n|-damage|p2a: Passimian|0 fnt\n|-damage|p2b: Garchomp|64/100 brn\n|faint|p2a: Passimian\n|\n|-damage|p2b: Garchomp|58/100 brn|[from] brn\n|upkeep\n|\n|t:|1775986312\n|switch|p2a: Incineroar|Incineroar, L50, F|100/100\n|switch|p1b: Altaria|Altaria, L50, F|100/100\n|-ability|p2a: Incineroar|Intimidate|boost\n|-unboost|p1a: Farigiraf|atk|1\n|-unboost|p1b: Altaria|atk|1\n|turn|4\n|\n|t:|1775986324\n|move|p1b: Altaria|Protect|p1b: Altaria\n|-singleturn|p1b: Altaria|Protect\n|move|p2a: Incineroar|Fake Out||[still]\n|cant|p1a: Farigiraf|ability: Armor Tail|Fake Out|[of] p2a: Incineroar\n|move|p2b: Garchomp|Dragon Claw|p1a: Farigiraf\n|-damage|p1a: Farigiraf|15/100\n|move|p1a: Farigiraf|Hyper Voice|p2b: Garchomp|[spread] p2a,p2b\n|-damage|p2a: Incineroar|78/100\n|-damage|p2b: Garchomp|20/100 brn\n|\n|-damage|p2b: Garchomp|14/100 brn|[from] brn\n|upkeep\n|turn|5\n|\n|t:|1775986344\n|move|p2a: Incineroar|Protect|p2a: Incineroar\n|-singleturn|p2a: Incineroar|Protect\n|move|p2b: Garchomp|Dragon Claw|p1b: Altaria\n|-supereffective|p1b: Altaria|1\n|-damage|p1b: Altaria|50/100\n|move|p1b: Altaria|Hyper Voice|p2a: Incineroar|[spread] p2b\n|-activate|p2a: Incineroar|move: Protect\n|-damage|p2b: Garchomp|0 fnt\n|faint|p2b: Garchomp\n|move|p1a: Farigiraf|Hyper Voice|p2a: Incineroar\n|-activate|p2a: Incineroar|move: Protect\n|\n|upkeep\n|turn|6\n|\n|t:|1775986361\n|move|p1b: Altaria|Hyper Voice|p2a: Incineroar\n|-damage|p2a: Incineroar|64/100\n|move|p2a: Incineroar|Flare Blitz|p1a: Farigiraf\n|-damage|p1a: Farigiraf|0 fnt\n|faint|p1a: Farigiraf\n|-damage|p2a: Incineroar|59/100|[from] Recoil\n|\n|upkeep\n|\n|t:|1775986370\n|switch|p1a: Krookodile|Krookodile, L50, M|100/100\n|-ability|p1a: Krookodile|Intimidate|boost\n|-unboost|p2a: Incineroar|atk|1\n|turn|7\n|\n|t:|1775986379\n|move|p1a: Krookodile|Earthquake|p2a: Incineroar|[spread] p2a\n|-immune|p1b: Altaria\n|-supereffective|p2a: Incineroar|1\n|-damage|p2a: Incineroar|0 fnt\n|faint|p2a: Incineroar\n|\n|win|loklastaji\n|raw|loklastaji's rating: 1183 &rarr; <strong>1206</strong><br />(+23 for winning)\n|raw|gwomp13589's rating: 1149 &rarr; <strong>1126</strong><br />(-23 for losing)\n|l|\u2606gwomp13589\n|player|p2|\n",
  "uploadtime": 1775986386,
  "views": 16,
  "formatid": "gen9championsvgc2026regma",
  "rating": 1126,
  "private": 0,
  "password": null
}