{
  "id": "gen9championsvgc2026regma-2586027767",
  "format": "[Gen 9 Champions] VGC 2026 Reg M-A",
  "players": [
    "skymin<3",
    "Luigi Magnezone"
  ],
  "log": "|j|\u2606skymin<3\n|j|\u2606Luigi Magnezone\n|t:|1776391649\n|gametype|doubles\n|player|p1|skymin<3|#skymin3|\n|player|p2|Luigi Magnezone|giovanni|\n|gen|9\n|tier|[Gen 9 Champions] VGC 2026 Reg M-A\n|rated|Tournament battle\n|rule|Species Clause: Limit one of each Pok\u00e9mon\n|rule|Item Clause: Limit 1 of each item\n|raw|<div class=\"infobox\"><details class=\"readmore\" open><summary><strong>1 custom rule:</strong></summary> Force Open Team Sheets</details></div>\n|clearpoke\n|poke|p1|Delphox, L50, F|\n|poke|p1|Aegislash, L50, F|\n|poke|p1|Aerodactyl, L50, M|\n|poke|p1|Meowscarada, L50, F|\n|poke|p1|Primarina, L50, F|\n|poke|p1|Garchomp, L50, F|\n|poke|p2|Farigiraf, L50, F|\n|poke|p2|Incineroar, L50, F|\n|poke|p2|Kingambit, L50, F|\n|poke|p2|Torkoal, L50, F|\n|poke|p2|Kangaskhan, L50, F|\n|poke|p2|Camerupt, L50, F|\n|teampreview|4\n|showteam|p1|Delphox||Delphoxite|Blaze|Encore,HeatWave,Psychic,Protect|||F|||50|]Aegislash||SitrusBerry|StanceChange|Poltergeist,SacredSword,WideGuard,KingsShield|||F|||50|]Aerodactyl||FocusSash|Unnerve|RockSlide,DualWingbeat,Protect,Tailwind|||M|||50|]Meowscarada||ChoiceScarf|Protean|Uturn,FlowerTrick,ThroatChop,TripleAxel|||F|||50|]Primarina||FairyFeather|LiquidVoice|Protect,HyperVoice,Moonblast,HelpingHand|||F|||50|]Garchomp||Garchompite|RoughSkin|RockSlide,Protect,DragonClaw,Earthquake|||F|||50|\n|showteam|p2|Farigiraf||SitrusBerry|ArmorTail|Protect,TrickRoom,Psyshock,HyperVoice|||F|||50|]Incineroar||ChopleBerry|Intimidate|FakeOut,DarkestLariat,FlareBlitz,PartingShot|||F|||50|]Kingambit||FocusSash|Defiant|Protect,KowtowCleave,LowKick,SuckerPunch|||F|||50|]Torkoal||Charcoal|Drought|Protect,HeatWave,Eruption,Overheat|||F|||50|]Kangaskhan||Kangaskhanite|Scrappy|FakeOut,DoubleEdge,SuckerPunch,HammerArm|||F|||50|]Camerupt||Cameruptite|MagmaArmor|Protect,HeatWave,Substitute,EarthPower|||F|||50|\n|inactive|Battle timer is ON: inactive players will automatically lose when time's up. (requested by Luigi Magnezone)\n|j| 4sterisk\n|j| wowee20\n|c|\u2606Luigi Magnezone|glhf\n|j| FL2802\n|c|\u2606Luigi Magnezone|again\n|j| pipievgc103\n|j| pancham9\n|j| stinkyton\n|j| Gootrifa\n|l| FL2802\n|c| Gootrifa|Luigi Magnezone is a fire name\n|c| Gootrifa|js\n|inactive|skymin<3 has 60 seconds left.\n|inactive|Luigi Magnezone has 60 seconds left.\n|j| M0AK\n|j| OnToTheOther\n|inactive|skymin<3 has 30 seconds left.\n|\n|t:|1776391710\n|teamsize|p1|4\n|teamsize|p2|4\n|start\n|switch|p1a: Ruined Dragon|Aerodactyl, L50, M, shiny|100/100\n|switch|p1b: Diablos|Garchomp, L50, F, shiny|100/100\n|switch|p2a: Farigiraf|Farigiraf, L50, F|100/100\n|switch|p2b: Incineroar|Incineroar, L50, F|100/100\n|-ability|p1a: Ruined Dragon|Unnerve\n|-ability|p2b: Incineroar|Intimidate|boost\n|-unboost|p1a: Ruined Dragon|atk|1\n|-unboost|p1b: Diablos|atk|1\n|turn|1\n|c| OnToTheOther|battle of the fire megas\n|j| thisisatestonefor\n|\n|t:|1776391723\n|switch|p1b: Yunhae|Primarina, L50, F, shiny|100/100\n|move|p2b: Incineroar|Fake Out|p1b: Yunhae\n|-damage|p1b: Yunhae|86/100\n|move|p1a: Ruined Dragon|Rock Slide|p2a: Farigiraf|[spread] p2a,p2b\n|-supereffective|p2b: Incineroar|1\n|-damage|p2a: Farigiraf|82/100\n|-damage|p2b: Incineroar|68/100\n|cant|p2a: Farigiraf|flinch\n|\n|upkeep\n|turn|2\n|j| X2Muz\n|j| shoccco\u2764\n|\n|t:|1776391738\n|switch|p2b: Kangaskhan|Kangaskhan, L50, F|100/100\n|move|p1a: Ruined Dragon|Dual Wingbeat|p2a: Farigiraf\n|-damage|p2a: Farigiraf|69/100\n|-damage|p2a: Farigiraf|57/100\n|-hitcount|p2a: Farigiraf|2\n|move|p1b: Yunhae|Moonblast|p2a: Farigiraf\n|-damage|p2a: Farigiraf|12/100\n|move|p2a: Farigiraf|Trick Room|p2a: Farigiraf\n|-fieldstart|move: Trick Room|[of] p2a: Farigiraf\n|\n|upkeep\n|turn|3\n|inactive|skymin<3 has 30 seconds left.\n|inactive|Luigi Magnezone has 30 seconds left.\n|j| matheusman10\n|inactive|Luigi Magnezone has 20 seconds left.\n|inactive|skymin<3 has 20 seconds left.\n|inactive|skymin<3 has 15 seconds left.\n|inactive|skymin<3 has 10 seconds left.\n|\n|t:|1776391789\n|switch|p2a: Incineroar|Incineroar, L50, F|68/100\n|-ability|p2a: Incineroar|Intimidate|boost\n|-unboost|p1a: Ruined Dragon|atk|1\n|-unboost|p1b: Yunhae|atk|1\n|move|p1b: Yunhae|Protect|p1b: Yunhae\n|-singleturn|p1b: Yunhae|Protect\n|move|p2b: Kangaskhan|Fake Out|p1b: Yunhae\n|-activate|p1b: Yunhae|move: Protect\n|move|p1a: Ruined Dragon|Rock Slide|p2a: Incineroar|[spread] p2a,p2b\n|-supereffective|p2a: Incineroar|1\n|-damage|p2a: Incineroar|43/100\n|-damage|p2b: Kangaskhan|89/100\n|\n|upkeep\n|turn|4\n|l| thisisatestonefor\n|inactive|skymin<3 has 30 seconds left.\n|inactive|Luigi Magnezone has 30 seconds left.\n|l| X2Muz\n|\n|t:|1776391822\n|switch|p1b: Malos|Aegislash, L50, F|100/100\n|detailschange|p2b: Kangaskhan|Kangaskhan-Mega, L50, F\n|-mega|p2b: Kangaskhan|Kangaskhan|Kangaskhanite\n|move|p2a: Incineroar|Darkest Lariat|p1b: Malos\n|-supereffective|p1b: Malos|1\n|-damage|p1b: Malos|34/100\n|-enditem|p1b: Malos|Sitrus Berry|[eat]\n|-heal|p1b: Malos|59/100|[from] item: Sitrus Berry\n|move|p2b: Kangaskhan|Double-Edge|p1b: Malos\n|-immune|p1b: Malos\n|move|p1a: Ruined Dragon|Rock Slide|p2a: Incineroar|[spread] p2a,p2b\n|-supereffective|p2a: Incineroar|1\n|-damage|p2a: Incineroar|16/100\n|-damage|p2b: Kangaskhan|78/100\n|\n|upkeep\n|turn|5\n|j|+holdingb\n|j| DanielP4l4d1n0\n|l| DanielP4l4d1n0\n|inactive|skymin<3 has 30 seconds left.\n|j| Tealnotsu\n|inactive|skymin<3 has 20 seconds left.\n|\n|t:|1776391860\n|move|p1b: Malos|King's Shield|p1b: Malos\n|-singleturn|p1b: Malos|Protect\n|move|p2a: Incineroar|Parting Shot|p1a: Ruined Dragon\n|-unboost|p1a: Ruined Dragon|atk|1\n|-unboost|p1a: Ruined Dragon|spa|1\n|\n|t:|1776391865\n|switch|p2a: Kingambit|Kingambit, L50, F|100/100|[from] Parting Shot\n|move|p2b: Kangaskhan|Hammer Arm|p1a: Ruined Dragon\n|-damage|p1a: Ruined Dragon|38/100\n|-unboost|p2b: Kangaskhan|spe|1\n|-damage|p1a: Ruined Dragon|24/100\n|-unboost|p2b: Kangaskhan|spe|1\n|-hitcount|p1a: Ruined Dragon|2\n|move|p1a: Ruined Dragon|Rock Slide|p2a: Kingambit|[spread] p2a,p2b\n|-resisted|p2a: Kingambit|1\n|-damage|p2a: Kingambit|97/100\n|-damage|p2b: Kangaskhan|70/100\n|\n|upkeep\n|turn|6\n|c| M0AK|hammer arm kang in TR is awesome tech\n|inactive|skymin<3 has 30 seconds left.\n|inactive|skymin<3 has 20 seconds left.\n|\n|t:|1776391902\n|switch|p1b: Yunhae|Primarina, L50, F, shiny|86/100\n|move|p2b: Kangaskhan|Double-Edge|p1a: Ruined Dragon\n|-resisted|p1a: Ruined Dragon|1\n|-damage|p1a: Ruined Dragon|0 fnt\n|faint|p1a: Ruined Dragon\n|-hitcount|p1: Ruined Dragon|1\n|-damage|p2b: Kangaskhan|64/100|[from] Recoil\n|move|p2a: Kingambit|Kowtow Cleave|p1b: Yunhae\n|-resisted|p1b: Yunhae|1\n|-damage|p1b: Yunhae|59/100\n|\n|-fieldend|move: Trick Room\n|upkeep\n|c|\u2606Luigi Magnezone|ong ty z123z for the team\n|j|+Disorient\n|c| Gootrifa|yea facts\n|\n|t:|1776391910\n|switch|p1a: Diablos|Garchomp, L50, F, shiny|100/100\n|turn|7\n|inactive|skymin<3 has 30 seconds left.\n|inactive|skymin<3 has 20 seconds left.\n|inactive|skymin<3 has 15 seconds left.\n|\n|t:|1776391951\n|switch|p2b: Incineroar|Incineroar, L50, F|16/100\n|-ability|p2b: Incineroar|Intimidate|boost\n|-unboost|p1a: Diablos|atk|1\n|-unboost|p1b: Yunhae|atk|1\n|detailschange|p1a: Diablos|Garchomp-Mega, L50, F, shiny\n|-mega|p1a: Diablos|Garchomp|Garchompite\n|move|p1b: Yunhae|Helping Hand|p1a: Diablos\n|-singleturn|p1a: Diablos|Helping Hand|[of] p1b: Yunhae\n|move|p2a: Kingambit|Protect|p2a: Kingambit\n|-singleturn|p2a: Kingambit|Protect\n|move|p1a: Diablos|Earthquake|p2b: Incineroar|[spread] p1b,p2b\n|-activate|p2a: Kingambit|move: Protect\n|-supereffective|p2b: Incineroar|1\n|-damage|p1b: Yunhae|1/100\n|-damage|p2b: Incineroar|0 fnt\n|faint|p2b: Incineroar\n|\n|upkeep\n|inactive|Luigi Magnezone has 30 seconds left.\n|\n|t:|1776391984\n|switch|p2b: Kangaskhan|Kangaskhan-Mega, L50, F|64/100\n|turn|8\n|inactive|skymin<3 has 30 seconds left.\n|inactive|skymin<3 has 20 seconds left.\n|inactive|skymin<3 has 15 seconds left.\n|inactive|skymin<3 has 10 seconds left.\n|\n|t:|1776392029\n|switch|p2a: Farigiraf|Farigiraf, L50, F|12/100\n|-enditem|p2a: Farigiraf|Sitrus Berry|[eat]\n|-heal|p2a: Farigiraf|36/100|[from] item: Sitrus Berry\n|move|p1a: Diablos|Protect|p1a: Diablos\n|-singleturn|p1a: Diablos|Protect\n|move|p1b: Yunhae|Protect|p1b: Yunhae\n|-singleturn|p1b: Yunhae|Protect\n|move|p2b: Kangaskhan|Fake Out|p1a: Diablos\n|-activate|p1a: Diablos|move: Protect\n|\n|upkeep\n|turn|9\n|l| pipievgc103\n|\n|t:|1776392053\n|move|p1b: Yunhae|Helping Hand|p1a: Diablos\n|-singleturn|p1a: Diablos|Helping Hand|[of] p1b: Yunhae\n|move|p1a: Diablos|Earthquake|p2a: Farigiraf|[spread] p1b,p2a,p2b\n|-crit|p2a: Farigiraf\n|-damage|p1b: Yunhae|0 fnt\n|-damage|p2a: Farigiraf|0 fnt\n|-damage|p2b: Kangaskhan|22/100\n|faint|p1b: Yunhae\n|faint|p2a: Farigiraf\n|move|p2b: Kangaskhan|Double-Edge|p1a: Diablos\n|-damage|p1a: Diablos|49/100\n|-damage|p1a: Diablos|36/100\n|-hitcount|p1a: Diablos|2\n|-damage|p2b: Kangaskhan|0 fnt|[from] Recoil\n|faint|p2b: Kangaskhan\n|\n|upkeep\n|c|\u2606skymin<3|think that was a mistake to switch gambit\n|\n|t:|1776392061\n|switch|p2b: Kingambit|Kingambit, L50, F|97/100\n|switch|p1b: Malos|Aegislash, L50, F|59/100\n|turn|10\n|c|\u2606skymin<3|well\n|c|\u2606skymin<3|we'll see\n|c|\u2606skymin<3|lol\n|j| elychee267\n|c|\u2606Luigi Magnezone|i kang lived eq after -1\n|j| 21Kieran\n|j| knoxxzeta\n|inactive|skymin<3 has 30 seconds left.\n|inactive|Luigi Magnezone has 30 seconds left.\n|c|\u2606Luigi Magnezone|thought\n|inactive|skymin<3 has 20 seconds left.\n|inactive|skymin<3 has 15 seconds left.\n|inactive|Luigi Magnezone has 20 seconds left.\n|inactive|skymin<3 has 10 seconds left.\n|inactive|Luigi Magnezone has 15 seconds left.\n|\n|t:|1776392109\n|move|p1b: Malos|King's Shield|p1b: Malos\n|-singleturn|p1b: Malos|Protect\n|move|p1a: Diablos|Earthquake|p2b: Kingambit|[spread] p2b\n|-activate|p1b: Malos|move: Protect\n|-supereffective|p2b: Kingambit|1\n|-damage|p2b: Kingambit|50/100\n|move|p2b: Kingambit|Kowtow Cleave|p1a: Diablos\n|-damage|p1a: Diablos|0 fnt\n|faint|p1a: Diablos\n|\n|upkeep\n|turn|11\n|\n|t:|1776392118\n|move|p2b: Kingambit|Sucker Punch|p1b: Malos\n|-supereffective|p1b: Malos|1\n|-damage|p1b: Malos|0 fnt\n|faint|p1b: Malos\n|\n|win|Luigi Magnezone\n|n|\u2606skymin<3|skymin3\n|n|\u2606Luigi Magnezone|luigimagnezone\n|n| 4sterisk|4sterisk\n|n| wowee20|wowee20\n|n| pancham9|pancham9\n|n| stinkyton|stinkyton\n|n| Gootrifa|gootrifa\n|n| M0AK|m0ak\n|n| OnToTheOther|ontotheother\n|n| shoccco\u2764|shoccco\n|n| matheusman10|matheusman10\n|n| holdingb|holdingb\n|n| Tealnotsu|tealnotsu\n|n|+Disorient|disorient\n|n| elychee267|elychee267\n|n| 21Kieran|21kieran\n|n| knoxxzeta|knoxxzeta\n|c|\u2606Luigi Magnezone|GG\n|c|\u2606skymin<3|damn\n",
  "uploadtime": 1776392124,
  "views": 17,
  "formatid": "gen9championsvgc2026regma",
  "rating": null,
  "private": 0,
  "password": null
}