{
  "id": "gen9championsvgc2026regma-2581190513",
  "format": "[Gen 9 Champions] VGC 2026 Reg M-A",
  "players": [
    "xyz1681",
    "Meppiez"
  ],
  "log": "|j|\u2606xyz1681\n|j|\u2606Meppiez\n|t:|1775968930\n|gametype|doubles\n|player|p1|xyz1681|102|\n|player|p2|Meppiez|n-masters|\n|gen|9\n|tier|[Gen 9 Champions] VGC 2026 Reg M-A\n|rule|Species Clause: Limit one of each Pok\u00e9mon\n|rule|Item Clause: Limit 1 of each item\n|clearpoke\n|poke|p1|Archaludon, L50, M|\n|poke|p1|Pelipper, L50, M|\n|poke|p1|Starmie, L50|\n|poke|p1|Incineroar, L50, M|\n|poke|p1|Charizard, L50, M|\n|poke|p1|Whimsicott, L50, M|\n|poke|p2|Aggron, L50, M|\n|poke|p2|Sinistcha, L50|\n|poke|p2|Tyranitar, L50, M|\n|poke|p2|Incineroar, L50, M|\n|poke|p2|Sneasler, L50, F|\n|poke|p2|Arcanine-Hisui, L50, F|\n|teampreview|4\n|\n|t:|1775968964\n|teamsize|p1|4\n|teamsize|p2|4\n|start\n|switch|p1a: Pelipper|Pelipper, L50, M|100/100\n|switch|p1b: Starmie|Starmie, L50|100/100\n|switch|p2a: Arcanine|Arcanine-Hisui, L50, F|100/100\n|switch|p2b: Incineroar|Incineroar, L50, M|100/100\n|-ability|p2b: Incineroar|Intimidate|boost\n|-unboost|p1a: Pelipper|atk|1\n|-unboost|p1b: Starmie|atk|1\n|-weather|RainDance|[from] ability: Drizzle|[of] p1a: Pelipper\n|turn|1\n|\n|t:|1775968988\n|detailschange|p1b: Starmie|Starmie-Mega, L50\n|-mega|p1b: Starmie|Starmie|Starminite\n|move|p2b: Incineroar|Fake Out|p1b: Starmie\n|-damage|p1b: Starmie|85/100\n|cant|p1b: Starmie|flinch\n|move|p2a: Arcanine|Wild Charge|p1a: Pelipper\n|-supereffective|p1a: Pelipper|2\n|-damage|p1a: Pelipper|5/100\n|move|p1a: Pelipper|Tailwind|p1a: Pelipper\n|-sidestart|p1: xyz1681|move: Tailwind\n|\n|-weather|RainDance|[upkeep]\n|-heal|p1a: Pelipper|11/100|[from] item: Leftovers\n|upkeep\n|turn|2\n|j| Tranzoid\n|\n|t:|1775969012\n|move|p2a: Arcanine|Extreme Speed|p1a: Pelipper\n|-damage|p1a: Pelipper|0 fnt\n|faint|p1a: Pelipper\n|move|p1b: Starmie|Flip Turn|p2a: Arcanine\n|-supereffective|p2a: Arcanine|2\n|-enditem|p2a: Arcanine|Focus Sash\n|-damage|p2a: Arcanine|1/100\n|j| Gamerberg\n|\n|t:|1775969026\n|switch|p1b: Incineroar|Incineroar, L50, M|100/100|[from] Flip Turn\n|-ability|p1b: Incineroar|Intimidate|boost\n|-unboost|p2a: Arcanine|atk|1\n|-unboost|p2b: Incineroar|atk|1\n|move|p2b: Incineroar|Darkest Lariat|p1b: Incineroar\n|-resisted|p1b: Incineroar|1\n|-damage|p1b: Incineroar|91/100\n|\n|-weather|RainDance|[upkeep]\n|upkeep\n|\n|t:|1775969034\n|switch|p1a: Archaludon|Archaludon, L50, M|100/100\n|turn|3\n|\n|t:|1775969063\n|move|p1b: Incineroar|Fake Out|p2a: Arcanine\n|-resisted|p2a: Arcanine|1\n|-damage|p2a: Arcanine|0 fnt\n|faint|p2a: Arcanine\n|move|p1a: Archaludon|Electro Shot||[still]\n|-prepare|p1a: Archaludon|Electro Shot\n|-boost|p1a: Archaludon|spa|1\n|-anim|p1a: Archaludon|Electro Shot|p2b: Incineroar\n|-damage|p2b: Incineroar|30/100\n|-enditem|p2b: Incineroar|Sitrus Berry|[eat]\n|-heal|p2b: Incineroar|55/100|[from] item: Sitrus Berry\n|move|p2b: Incineroar|Parting Shot|p1a: Archaludon\n|-unboost|p1a: Archaludon|atk|1\n|-unboost|p1a: Archaludon|spa|1\n|\n|t:|1775969082\n|switch|p2b: Sinistcha|Sinistcha, L50|100/100|[from] Parting Shot\n|\n|-weather|RainDance|[upkeep]\n|upkeep\n|\n|t:|1775969095\n|switch|p2a: Aggron|Aggron, L50, M, shiny|100/100\n|turn|4\n|\n|t:|1775969142\n|move|p1a: Archaludon|Electro Shot||[still]\n|-prepare|p1a: Archaludon|Electro Shot\n|-boost|p1a: Archaludon|spa|1\n|-anim|p1a: Archaludon|Electro Shot|p2a: Aggron\n|-damage|p2a: Aggron|22/100\n|move|p1b: Incineroar|Parting Shot|p2a: Aggron\n|-unboost|p2a: Aggron|atk|1\n|-unboost|p2a: Aggron|spa|1\n|\n|t:|1775969151\n|switch|p1b: Starmie|Starmie-Mega, L50|85/100|[from] Parting Shot\n|move|p2a: Aggron|Body Press|p1a: Archaludon\n|-supereffective|p1a: Archaludon|1\n|-damage|p1a: Archaludon|47/100\n|move|p2b: Sinistcha|Trick Room|p2b: Sinistcha\n|-fieldstart|move: Trick Room|[of] p2b: Sinistcha\n|\n|-weather|RainDance|[upkeep]\n|-sideend|p1: xyz1681|move: Tailwind\n|upkeep\n|turn|5\n|\n|t:|1775969183\n|detailschange|p2a: Aggron|Aggron-Mega, L50, M, shiny\n|-mega|p2a: Aggron|Aggron|Aggronite\n|move|p2a: Aggron|Protect|p2a: Aggron\n|-singleturn|p2a: Aggron|Protect\n|move|p2b: Sinistcha|Matcha Gotcha|p1a: Archaludon|[spread] p1a,p1b\n|-resisted|p1a: Archaludon|2\n|-supereffective|p1b: Starmie|1\n|-damage|p1a: Archaludon|38/100\n|-damage|p1b: Starmie|27/100\n|move|p1b: Starmie|Flip Turn|p2a: Aggron\n|-activate|p2a: Aggron|move: Protect\n|move|p1a: Archaludon|Electro Shot||[still]\n|-prepare|p1a: Archaludon|Electro Shot\n|-boost|p1a: Archaludon|spa|1\n|-anim|p1a: Archaludon|Electro Shot|p2a: Aggron\n|-activate|p2a: Aggron|move: Protect\n|\n|-weather|none\n|upkeep\n|turn|6\n|\n|t:|1775969212\n|switch|p1b: Incineroar|Incineroar, L50, M|91/100\n|-ability|p1b: Incineroar|Intimidate|boost\n|-unboost|p2a: Aggron|atk|1\n|-unboost|p2b: Sinistcha|atk|1\n|move|p2a: Aggron|Body Press|p1a: Archaludon\n|-supereffective|p1a: Archaludon|1\n|-damage|p1a: Archaludon|0 fnt\n|faint|p1a: Archaludon\n|move|p2b: Sinistcha|Matcha Gotcha|p1b: Incineroar\n|-resisted|p1b: Incineroar|1\n|-damage|p1b: Incineroar|75/100\n|\n|upkeep\n|\n|t:|1775969225\n|switch|p1a: Starmie|Starmie-Mega, L50|27/100\n|turn|7\n|\n|t:|1775969248\n|move|p2a: Aggron|Protect|p2a: Aggron\n|-singleturn|p2a: Aggron|Protect\n|move|p1b: Incineroar|Fake Out|p2b: Sinistcha\n|-immune|p2b: Sinistcha\n|move|p2b: Sinistcha|Life Dew||[still]|[spread] p2a,p2b\n|-heal|p2a: Aggron|46/100\n|-fail|p2b: Sinistcha|heal\n|move|p1a: Starmie|Waterfall|p2b: Sinistcha\n|-resisted|p2b: Sinistcha|1\n|-damage|p2b: Sinistcha|75/100\n|\n|upkeep\n|turn|8\n|\n|t:|1775969269\n|move|p2a: Aggron|Body Press|p1b: Incineroar\n|-supereffective|p1b: Incineroar|1\n|-damage|p1b: Incineroar|13/100\n|-enditem|p1b: Incineroar|Sitrus Berry|[eat]\n|-heal|p1b: Incineroar|38/100|[from] item: Sitrus Berry\n|move|p1b: Incineroar|Will-O-Wisp|p2a: Aggron\n|-status|p2a: Aggron|brn\n|move|p2b: Sinistcha|Matcha Gotcha|p1b: Incineroar|[spread] p1a\n|-miss|p2b: Sinistcha|p1b: Incineroar\n|-supereffective|p1a: Starmie|1\n|-damage|p1a: Starmie|0 fnt\n|-heal|p2b: Sinistcha|85/100|[from] drain|[of] p1a: Starmie\n|faint|p1a: Starmie\n|\n|-damage|p2a: Aggron|40/100 brn|[from] brn\n|-fieldend|move: Trick Room\n|upkeep\n|turn|9\n|\n|t:|1775969289\n|move|p2b: Sinistcha|Life Dew|p2b: Sinistcha|[spread] p2a,p2b\n|-heal|p2a: Aggron|65/100 brn\n|-heal|p2b: Sinistcha|100/100\n|move|p1b: Incineroar|Parting Shot|p2a: Aggron\n|-unboost|p2a: Aggron|atk|1\n|-unboost|p2a: Aggron|spa|1\n|move|p2a: Aggron|Body Press|p1b: Incineroar\n|-supereffective|p1b: Incineroar|1\n|-damage|p1b: Incineroar|7/100\n|\n|-damage|p2a: Aggron|59/100 brn|[from] brn\n|upkeep\n|turn|10\n|\n|t:|1775969309\n|move|p1b: Incineroar|Protect|p1b: Incineroar\n|-singleturn|p1b: Incineroar|Protect\n|move|p2b: Sinistcha|Life Dew||[still]|[spread] p2a,p2b\n|-heal|p2a: Aggron|84/100 brn\n|-fail|p2b: Sinistcha|heal\n|move|p2a: Aggron|Iron Defense|p2a: Aggron\n|-boost|p2a: Aggron|def|2\n|\n|-damage|p2a: Aggron|78/100 brn|[from] brn\n|upkeep\n|turn|11\n|\n|t:|1775969358\n|move|p1b: Incineroar|Parting Shot|p2a: Aggron\n|-unboost|p2a: Aggron|atk|1\n|-unboost|p2a: Aggron|spa|1\n|move|p2a: Aggron|Iron Defense|p2a: Aggron\n|-boost|p2a: Aggron|def|2\n|move|p2b: Sinistcha|Trick Room|p2b: Sinistcha\n|-fieldstart|move: Trick Room|[of] p2b: Sinistcha\n|\n|-damage|p2a: Aggron|71/100 brn|[from] brn\n|upkeep\n|turn|12\n|\n|t:|1775969369\n|move|p2a: Aggron|Iron Defense|p2a: Aggron\n|-boost|p2a: Aggron|def|2\n|move|p1b: Incineroar|Will-O-Wisp|p2b: Sinistcha\n|-status|p2b: Sinistcha|brn\n|move|p2b: Sinistcha|Life Dew||[still]|[spread] p2a,p2b\n|-heal|p2a: Aggron|96/100 brn\n|-fail|p2b: Sinistcha|heal\n|\n|-damage|p2a: Aggron|90/100 brn|[from] brn\n|-damage|p2b: Sinistcha|94/100 brn|[from] brn\n|upkeep\n|turn|13\n|\n|t:|1775969390\n|move|p1b: Incineroar|Protect|p1b: Incineroar\n|-singleturn|p1b: Incineroar|Protect\n|move|p2b: Sinistcha|Rage Powder|p2b: Sinistcha\n|-singleturn|p2b: Sinistcha|move: Rage Powder\n|move|p2a: Aggron|Body Press|p1b: Incineroar\n|-activate|p1b: Incineroar|move: Protect\n|\n|-damage|p2a: Aggron|84/100 brn|[from] brn\n|-damage|p2b: Sinistcha|88/100 brn|[from] brn\n|upkeep\n|turn|14\n|\n|t:|1775969399\n|move|p1b: Incineroar|Protect|p1b: Incineroar\n|-singleturn|p1b: Incineroar|Protect\n|move|p2a: Aggron|Body Press|p1b: Incineroar\n|-activate|p1b: Incineroar|move: Protect\n|move|p2b: Sinistcha|Life Dew|p2b: Sinistcha|[spread] p2a,p2b\n|-heal|p2a: Aggron|100/100 brn\n|-heal|p2b: Sinistcha|100/100 brn\n|\n|-damage|p2a: Aggron|94/100 brn|[from] brn\n|-damage|p2b: Sinistcha|94/100 brn|[from] brn\n|upkeep\n|turn|15\n|\n|t:|1775969410\n|move|p1b: Incineroar|Protect||[still]\n|-fail|p1b: Incineroar\n|move|p2a: Aggron|Body Press|p1b: Incineroar\n|-supereffective|p1b: Incineroar|1\n|-damage|p1b: Incineroar|0 fnt\n|faint|p1b: Incineroar\n|\n|win|Meppiez\n|l| Tranzoid\n",
  "uploadtime": 1775969425,
  "views": 31,
  "formatid": "gen9championsvgc2026regma",
  "rating": null,
  "private": 0,
  "password": null
}