{
  "id": "gen9championsvgc2026regma-2583943530",
  "format": "[Gen 9 Champions] VGC 2026 Reg M-A",
  "players": [
    "yang27",
    "Techwiz_101"
  ],
  "log": "|j|\u2606yang27\n|j|\u2606Techwiz_101\n|t:|1776210452\n|gametype|doubles\n|player|p1|yang27|pokemonranger|1072\n|player|p2|Techwiz_101|2|1015\n|gen|9\n|tier|[Gen 9 Champions] VGC 2026 Reg M-A\n|rated|\n|rule|Species Clause: Limit one of each Pok\u00e9mon\n|rule|Item Clause: Limit 1 of each item\n|clearpoke\n|poke|p1|Pelipper, L50, F|\n|poke|p1|Meganium, L50, M|\n|poke|p1|Archaludon, L50, M|\n|poke|p1|Incineroar, L50, F|\n|poke|p1|Scizor, L50, F|\n|poke|p1|Whimsicott, L50, F|\n|poke|p2|Zoroark-Hisui, L50, F|\n|poke|p2|Gallade, L50, M|\n|poke|p2|Liepard, L50, M|\n|poke|p2|Emboar, L50, F|\n|poke|p2|Aggron, L50, M|\n|poke|p2|Weavile, L50, M|\n|teampreview|4\n|\n|t:|1776210471\n|teamsize|p1|4\n|teamsize|p2|4\n|start\n|switch|p1a: Pelipper|Pelipper, L50, F, shiny|100/100\n|switch|p1b: Incineroar|Incineroar, L50, F, shiny|100/100\n|switch|p2a: Liepard|Liepard, L50, M|100/100\n|switch|p2b: Aggron|Aggron, L50, M|100/100\n|-ability|p1b: Incineroar|Intimidate|boost\n|-unboost|p2a: Liepard|atk|1\n|-unboost|p2b: Aggron|atk|1\n|-weather|RainDance|[from] ability: Drizzle|[of] p1a: Pelipper\n|turn|1\n|\n|t:|1776210521\n|move|p2a: Liepard|Fake Out|p1a: Pelipper\n|-damage|p1a: Pelipper|93/100\n|move|p1b: Incineroar|Fake Out|p2a: Liepard\n|-damage|p2a: Liepard|78/100\n|cant|p1a: Pelipper|flinch\n|move|p2b: Aggron|Body Press|p1b: Incineroar\n|-supereffective|p1b: Incineroar|1\n|-damage|p1b: Incineroar|23/100\n|-enditem|p1b: Incineroar|Sitrus Berry|[eat]\n|-heal|p1b: Incineroar|48/100|[from] item: Sitrus Berry\n|\n|-weather|RainDance|[upkeep]\n|upkeep\n|turn|2\n|\n|t:|1776210547\n|detailschange|p2b: Aggron|Aggron-Mega, L50, M\n|-mega|p2b: Aggron|Aggron|Aggronite\n|move|p2a: Liepard|Encore|p1b: Incineroar\n|-hint|Since gen 7, Dark is immune to Prankster moves.\n|-immune|p1b: Incineroar\n|move|p1b: Incineroar|Parting Shot|p2b: Aggron\n|-unboost|p2b: Aggron|atk|1\n|-unboost|p2b: Aggron|spa|1\n|\n|t:|1776210560\n|switch|p1b: Meganium|Meganium, L50, M, shiny|100/100|[from] Parting Shot\n|move|p1a: Pelipper|Tailwind|p1a: Pelipper\n|-sidestart|p1: yang27|move: Tailwind\n|move|p2b: Aggron|Body Press|p1b: Meganium\n|-damage|p1b: Meganium|58/100\n|\n|-weather|RainDance|[upkeep]\n|upkeep\n|turn|3\n|\n|t:|1776210588\n|switch|p1a: Incineroar|Incineroar, L50, F, shiny|48/100\n|-ability|p1a: Incineroar|Intimidate|boost\n|-unboost|p2a: Liepard|atk|1\n|-unboost|p2b: Aggron|atk|1\n|detailschange|p1b: Meganium|Meganium-Mega, L50, M, shiny\n|-mega|p1b: Meganium|Meganium|Meganiumite\n|move|p2b: Aggron|Protect|p2b: Aggron\n|-singleturn|p2b: Aggron|Protect\n|move|p2a: Liepard|Encore|p1a: Incineroar\n|-hint|Since gen 7, Dark is immune to Prankster moves.\n|-immune|p1a: Incineroar\n|move|p1b: Meganium|Weather Ball|p2b: Aggron\n|-activate|p2b: Aggron|move: Protect\n|\n|-weather|RainDance|[upkeep]\n|upkeep\n|turn|4\n|\n|t:|1776210616\n|switch|p2a: Liepard|Liepard, L50, M|100/100\n|switch|p2b: Emboar|Emboar, L50, F|100/100\n|move|p1a: Incineroar|Fake Out|p2a: Liepard\n|-immune|p2a: Liepard\n|move|p1b: Meganium|Weather Ball|p2b: Emboar\n|-resisted|p2b: Emboar|1\n|-damage|p2b: Emboar|74/100\n|\n|-weather|RainDance|[upkeep]\n|upkeep\n|turn|5\n|\n|t:|1776210639\n|move|p2a: Liepard|Protect|p2a: Liepard\n|-singleturn|p2a: Liepard|Protect\n|move|p2b: Emboar|Protect|p2b: Emboar\n|-singleturn|p2b: Emboar|Protect\n|move|p1a: Incineroar|Darkest Lariat|p2a: Liepard\n|-activate|p2a: Liepard|move: Protect\n|move|p1b: Meganium|Dazzling Gleam|p2a: Liepard|[spread] \n|-activate|p2a: Liepard|move: Protect\n|-activate|p2b: Emboar|move: Protect\n|\n|-weather|none\n|-sideend|p1: yang27|move: Tailwind\n|upkeep\n|turn|6\n|\n|t:|1776210671\n|switch|p1b: Pelipper|Pelipper, L50, F, shiny|93/100\n|-weather|RainDance|[from] ability: Drizzle|[of] p1b: Pelipper\n|move|p2a: Liepard|Hyper Voice|p1a: Incineroar|[spread] p1a,p1b\n|-damage|p1a: Incineroar|10/100\n|-damage|p1b: Pelipper|41/100\n|move|p1a: Incineroar|Parting Shot|p2a: Liepard\n|-unboost|p2a: Liepard|atk|1\n|-unboost|p2a: Liepard|spa|1\n|\n|t:|1776210683\n|switch|p1a: Archaludon|Archaludon, L50, M, shiny|100/100|[from] Parting Shot\n|move|p2b: Emboar|Flare Blitz|p1b: Pelipper\n|-resisted|p1b: Pelipper|1\n|-damage|p1b: Pelipper|26/100\n|-damage|p2b: Emboar|71/100|[from] Recoil\n|\n|-weather|RainDance|[upkeep]\n|upkeep\n|turn|7\n|\n|t:|1776210706\n|move|p1b: Pelipper|Wide Guard|p1b: Pelipper\n|-singleturn|p1b: Pelipper|Wide Guard\n|move|p2a: Liepard|Taunt|p1b: Pelipper\n|-start|p1b: Pelipper|move: Taunt\n|move|p1a: Archaludon|Electro Shot||[still]\n|-prepare|p1a: Archaludon|Electro Shot\n|-boost|p1a: Archaludon|spa|1\n|-anim|p1a: Archaludon|Electro Shot|p2a: Liepard\n|-enditem|p2a: Liepard|Focus Sash\n|-damage|p2a: Liepard|1/100\n|replace|p2a: Zoroark|Zoroark-Hisui, L50, F\n|-end|p2a: Zoroark|Illusion\n|move|p2b: Emboar|Close Combat|p1a: Archaludon\n|-supereffective|p1a: Archaludon|1\n|-damage|p1a: Archaludon|23/100\n|-unboost|p2b: Emboar|def|1\n|-unboost|p2b: Emboar|spd|1\n|-ability|p1a: Archaludon|Stamina|boost\n|-boost|p1a: Archaludon|def|1\n|\n|-weather|RainDance|[upkeep]\n|-heal|p1a: Archaludon|29/100|[from] item: Leftovers\n|upkeep\n|turn|8\n|\n|t:|1776210764\n|move|p2a: Zoroark|Bitter Malice|p1a: Archaludon\n|-damage|p1a: Archaludon|0 fnt\n|faint|p1a: Archaludon\n|move|p1b: Pelipper|Hurricane|p2a: Zoroark\n|-damage|p2a: Zoroark|0 fnt\n|faint|p2a: Zoroark\n|move|p2b: Emboar|Close Combat|p1b: Pelipper\n|-resisted|p1b: Pelipper|1\n|-damage|p1b: Pelipper|0 fnt\n|-unboost|p2b: Emboar|def|1\n|-unboost|p2b: Emboar|spd|1\n|faint|p1b: Pelipper\n|\n|-weather|RainDance|[upkeep]\n|upkeep\n|\n|t:|1776210782\n|switch|p2a: Liepard|Liepard, L50, M|78/100\n|switch|p1a: Incineroar|Incineroar, L50, F, shiny|10/100\n|switch|p1b: Meganium|Meganium-Mega, L50, M, shiny|58/100\n|-ability|p1a: Incineroar|Intimidate|boost\n|-unboost|p2a: Liepard|atk|1\n|-unboost|p2b: Emboar|atk|1\n|turn|9\n|\n|t:|1776210796\n|move|p2b: Emboar|Protect|p2b: Emboar\n|-singleturn|p2b: Emboar|Protect\n|move|p2a: Liepard|Fake Out|p1a: Incineroar\n|-damage|p1a: Incineroar|3/100\n|cant|p1a: Incineroar|flinch\n|move|p1b: Meganium|Dazzling Gleam|p2b: Emboar|[spread] p2a\n|-activate|p2b: Emboar|move: Protect\n|-supereffective|p2a: Liepard|1\n|-damage|p2a: Liepard|0 fnt\n|faint|p2a: Liepard\n|\n|-weather|RainDance|[upkeep]\n|upkeep\n|\n|t:|1776210804\n|switch|p2a: Aggron|Aggron-Mega, L50, M|100/100\n|turn|10\n|\n|t:|1776210824\n|move|p1a: Incineroar|Flare Blitz|p2a: Aggron\n|-supereffective|p2a: Aggron|1\n|-damage|p2a: Aggron|82/100\n|-damage|p1a: Incineroar|0 fnt|[from] Recoil\n|faint|p1a: Incineroar\n|move|p1b: Meganium|Dazzling Gleam|p2b: Emboar|[spread] p2a,p2b\n|-resisted|p2a: Aggron|1\n|-damage|p2a: Aggron|63/100\n|-damage|p2b: Emboar|7/100\n|move|p2b: Emboar|Earthquake|p1b: Meganium|[spread] p2a,p1b\n|-supereffective|p2a: Aggron|1\n|-crit|p2a: Aggron\n|-resisted|p1b: Meganium|1\n|-damage|p2a: Aggron|42/100\n|-damage|p1b: Meganium|51/100\n|move|p2a: Aggron|Heavy Slam|p1b: Meganium\n|-supereffective|p1b: Meganium|1\n|-damage|p1b: Meganium|19/100\n|\n|-weather|none\n|upkeep\n|turn|11\n|\n|t:|1776210845\n|move|p1b: Meganium|Dazzling Gleam|p2a: Aggron|[spread] p2a,p2b\n|-resisted|p2a: Aggron|1\n|-damage|p2a: Aggron|23/100\n|-damage|p2b: Emboar|0 fnt\n|faint|p2b: Emboar\n|move|p2a: Aggron|Heavy Slam|p1b: Meganium\n|-supereffective|p1b: Meganium|1\n|-damage|p1b: Meganium|0 fnt\n|faint|p1b: Meganium\n|\n|win|Techwiz_101\n|raw|yang27's rating: 1072 &rarr; <strong>1048</strong><br />(-24 for losing)\n|raw|Techwiz_101's rating: 1015 &rarr; <strong>1059</strong><br />(+44 for winning)\n|l|\u2606yang27\n|player|p1|\n",
  "uploadtime": 1776210856,
  "views": 15,
  "formatid": "gen9championsvgc2026regma",
  "rating": 1048,
  "private": 0,
  "password": null
}