{
  "id": "gen9championsvgc2026regma-2583425199",
  "format": "[Gen 9 Champions] VGC 2026 Reg M-A",
  "players": [
    "Yoyohvgc",
    "Avestruz4ever"
  ],
  "log": "|j|\u2606Yoyohvgc\n|j|\u2606Avestruz4ever\n|t:|1776174798\n|gametype|doubles\n|player|p1|Yoyohvgc|pokemonbreederf-gen4|1212\n|player|p2|Avestruz4ever|flannery|1179\n|gen|9\n|tier|[Gen 9 Champions] VGC 2026 Reg M-A\n|rated|\n|rule|Species Clause: Limit one of each Pok\u00e9mon\n|rule|Item Clause: Limit 1 of each item\n|clearpoke\n|poke|p1|Froslass, L50, F|\n|poke|p1|Maushold, L50|\n|poke|p1|Aerodactyl, L50, M|\n|poke|p1|Milotic, L50, F|\n|poke|p1|Sinistcha, L50|\n|poke|p1|Incineroar, L50, M|\n|poke|p2|Kangaskhan, L50, F|\n|poke|p2|Corviknight, L50, F|\n|poke|p2|Excadrill, L50, M|\n|poke|p2|Tyranitar, L50, M|\n|poke|p2|Infernape, L50, F|\n|poke|p2|Sableye, L50, F|\n|teampreview|4\n|\n|t:|1776174858\n|teamsize|p1|4\n|teamsize|p2|4\n|start\n|switch|p1a: Milotic|Milotic, L50, F|100/100\n|switch|p1b: Sinistcha|Sinistcha, L50|100/100\n|switch|p2a: N. MADURO|Infernape, L50, F, shiny|100/100\n|switch|p2b: MUSSOLINI|Corviknight, L50, F, shiny|100/100\n|-ability|p2b: MUSSOLINI|Unnerve\n|turn|1\n|\n|t:|1776174898\n|switch|p1b: Incineroar|Incineroar, L50, M|100/100\n|-ability|p1b: Incineroar|Intimidate|boost\n|-unboost|p2a: N. MADURO|atk|1\n|-unboost|p2b: MUSSOLINI|atk|1\n|-enditem|p2a: N. MADURO|White Herb\n|-clearnegativeboost|p2a: N. MADURO|[silent]\n|move|p2a: N. MADURO|Fake Out|p1a: Milotic\n|-damage|p1a: Milotic|89/100\n|move|p2b: MUSSOLINI|Tailwind|p2b: MUSSOLINI\n|-sidestart|p2: Avestruz4ever|move: Tailwind\n|cant|p1a: Milotic|flinch\n|\n|-heal|p1a: Milotic|95/100|[from] item: Leftovers\n|upkeep\n|turn|2\n|\n|t:|1776174930\n|move|p1b: Incineroar|Fake Out|p2a: N. MADURO\n|-damage|p2a: N. MADURO|80/100\n|cant|p2a: N. MADURO|flinch\n|move|p2b: MUSSOLINI|Iron Head|p1b: Incineroar\n|-resisted|p1b: Incineroar|1\n|-damage|p1b: Incineroar|88/100\n|move|p1a: Milotic|Scald|p2a: N. MADURO\n|-supereffective|p2a: N. MADURO|1\n|-damage|p2a: N. MADURO|0 fnt\n|faint|p2a: N. MADURO\n|\n|-heal|p1a: Milotic|100/100|[from] item: Leftovers\n|upkeep\n|\n|t:|1776174938\n|switch|p2a: ADOLF H|Tyranitar, L50, M|100/100\n|-weather|Sandstorm|[from] ability: Sand Stream|[of] p2a: ADOLF H\n|turn|3\n|\n|t:|1776174959\n|move|p2a: ADOLF H|Rock Slide|p1a: Milotic|[spread] p1a,p1b\n|-supereffective|p1b: Incineroar|1\n|-damage|p1a: Milotic|67/100\n|-damage|p1b: Incineroar|20/100\n|move|p2b: MUSSOLINI|Brave Bird|p1a: Milotic\n|-damage|p1a: Milotic|33/100\n|-damage|p2b: MUSSOLINI|88/100|[from] Recoil\n|move|p1a: Milotic|Scald|p2a: ADOLF H\n|-supereffective|p2a: ADOLF H|1\n|-damage|p2a: ADOLF H|60/100\n|cant|p1b: Incineroar|flinch\n|\n|-weather|Sandstorm|[upkeep]\n|-damage|p1a: Milotic|27/100|[from] Sandstorm\n|-damage|p1b: Incineroar|14/100|[from] Sandstorm\n|-heal|p1a: Milotic|33/100|[from] item: Leftovers\n|upkeep\n|turn|4\n|\n|t:|1776174980\n|switch|p1b: Sinistcha|Sinistcha, L50|100/100\n|-heal|p1a: Milotic|58/100|[from] ability: Hospitality|[of] p1b: Sinistcha\n|move|p1a: Milotic|Protect|p1a: Milotic\n|-singleturn|p1a: Milotic|Protect\n|move|p2a: ADOLF H|Rock Slide|p1a: Milotic|[spread] p1b\n|-activate|p1a: Milotic|move: Protect\n|-damage|p1b: Sinistcha|71/100\n|move|p2b: MUSSOLINI|Brave Bird|p1a: Milotic\n|-activate|p1a: Milotic|move: Protect\n|\n|-weather|Sandstorm|[upkeep]\n|-damage|p1a: Milotic|52/100|[from] Sandstorm\n|-damage|p1b: Sinistcha|65/100|[from] Sandstorm\n|-heal|p1a: Milotic|58/100|[from] item: Leftovers\n|-sideend|p2: Avestruz4ever|move: Tailwind\n|upkeep\n|turn|5\n|\n|t:|1776175001\n|detailschange|p2a: ADOLF H|Tyranitar-Mega, L50, M\n|-mega|p2a: ADOLF H|Tyranitar|Tyranitarite\n|move|p2a: ADOLF H|Rock Slide|p1a: Milotic|[spread] p1a,p1b\n|-damage|p1a: Milotic|19/100\n|-damage|p1b: Sinistcha|34/100\n|move|p2b: MUSSOLINI|Tailwind|p2b: MUSSOLINI\n|-sidestart|p2: Avestruz4ever|move: Tailwind\n|move|p1a: Milotic|Scald|p2a: ADOLF H\n|-supereffective|p2a: ADOLF H|1\n|-damage|p2a: ADOLF H|23/100\n|move|p1b: Sinistcha|Matcha Gotcha|p2a: ADOLF H|[spread] p2b\n|-miss|p1b: Sinistcha|p2a: ADOLF H\n|-resisted|p2b: MUSSOLINI|2\n|-damage|p2b: MUSSOLINI|81/100\n|-heal|p1b: Sinistcha|37/100|[from] drain|[of] p2b: MUSSOLINI\n|\n|-weather|Sandstorm|[upkeep]\n|-damage|p1a: Milotic|13/100|[from] Sandstorm\n|-damage|p1b: Sinistcha|31/100|[from] Sandstorm\n|-heal|p1a: Milotic|19/100|[from] item: Leftovers\n|upkeep\n|turn|6\n|\n|t:|1776175025\n|switch|p2b: TRUMP|Excadrill, L50, M, shiny|100/100\n|-enditem|p1b: Sinistcha|Sitrus Berry|[eat]\n|-heal|p1b: Sinistcha|56/100|[from] item: Sitrus Berry\n|switch|p1a: Incineroar|Incineroar, L50, M|14/100\n|-ability|p1a: Incineroar|Intimidate|boost\n|-unboost|p2a: ADOLF H|atk|1\n|-unboost|p2b: TRUMP|atk|1\n|move|p2a: ADOLF H|Rock Slide|p1b: Sinistcha|[spread] p1a,p1b\n|-supereffective|p1a: Incineroar|1\n|-damage|p1a: Incineroar|0 fnt\n|-damage|p1b: Sinistcha|35/100\n|faint|p1a: Incineroar\n|move|p1b: Sinistcha|Trick Room|p1b: Sinistcha\n|-fieldstart|move: Trick Room|[of] p1b: Sinistcha\n|\n|-weather|Sandstorm|[upkeep]\n|-damage|p1b: Sinistcha|29/100|[from] Sandstorm\n|upkeep\n|\n|t:|1776175039\n|switch|p1a: Milotic|Milotic, L50, F|19/100\n|turn|7\n|\n|t:|1776175073\n|move|p2b: TRUMP|Protect|p2b: TRUMP\n|-singleturn|p2b: TRUMP|Protect\n|move|p1b: Sinistcha|Matcha Gotcha|p2b: TRUMP|[spread] \n|-activate|p2b: TRUMP|move: Protect\n|-miss|p1b: Sinistcha|p2a: ADOLF H\n|move|p1a: Milotic|Scald|p2b: TRUMP\n|-activate|p2b: TRUMP|move: Protect\n|move|p2a: ADOLF H|Rock Slide|p1b: Sinistcha|[spread] p1a,p1b\n|-damage|p1a: Milotic|0 fnt\n|-damage|p1b: Sinistcha|8/100\n|faint|p1a: Milotic\n|\n|-weather|none\n|upkeep\n|\n|t:|1776175087\n|switch|p1a: Froslass|Froslass, L50, F|100/100\n|turn|8\n|\n|t:|1776175098\n|detailschange|p1a: Froslass|Froslass-Mega, L50, F\n|-mega|p1a: Froslass|Froslass|Froslassite\n|-weather|Snowscape|[from] ability: Snow Warning|[of] p1a: Froslass\n|move|p2a: ADOLF H|Protect|p2a: ADOLF H\n|-singleturn|p2a: ADOLF H|Protect\n|move|p1b: Sinistcha|Matcha Gotcha|p2b: TRUMP|[spread] p2b\n|-activate|p2a: ADOLF H|move: Protect\n|-damage|p2b: TRUMP|66/100\n|-heal|p1b: Sinistcha|26/100|[from] drain|[of] p2b: TRUMP\n|move|p1a: Froslass|Blizzard|p2a: ADOLF H|[spread] p2b\n|-activate|p2a: ADOLF H|move: Protect\n|-damage|p2b: TRUMP|3/100\n|move|p2b: TRUMP|Rock Slide|p1a: Froslass|[spread] p1a,p1b\n|-supereffective|p1a: Froslass|1\n|-damage|p1a: Froslass|68/100\n|-damage|p1b: Sinistcha|14/100\n|\n|-weather|Snowscape|[upkeep]\n|-sideend|p2: Avestruz4ever|move: Tailwind\n|upkeep\n|turn|9\n|\n|t:|1776175136\n|move|p1b: Sinistcha|Matcha Gotcha|p2b: TRUMP|[spread] p2b\n|-miss|p1b: Sinistcha|p2a: ADOLF H\n|-damage|p2b: TRUMP|0 fnt\n|-heal|p1b: Sinistcha|16/100|[from] drain|[of] p2b: TRUMP\n|faint|p2b: TRUMP\n|move|p2a: ADOLF H|Rock Slide|p1b: Sinistcha|[spread] p1a,p1b\n|-supereffective|p1a: Froslass|1\n|-damage|p1a: Froslass|20/100\n|-damage|p1b: Sinistcha|0 fnt\n|faint|p1b: Sinistcha\n|cant|p1a: Froslass|flinch\n|\n|-weather|Snowscape|[upkeep]\n|upkeep\n|\n|t:|1776175146\n|switch|p2b: MUSSOLINI|Corviknight, L50, F, shiny|81/100\n|-ability|p2b: MUSSOLINI|Unnerve\n|turn|10\n|\n|t:|1776175156\n|move|p1a: Froslass|Protect|p1a: Froslass\n|-singleturn|p1a: Froslass|Protect\n|move|p2b: MUSSOLINI|Tailwind|p2b: MUSSOLINI\n|-sidestart|p2: Avestruz4ever|move: Tailwind\n|move|p2a: ADOLF H|Crunch|p1a: Froslass\n|-activate|p1a: Froslass|move: Protect\n|\n|-weather|Snowscape|[upkeep]\n|-fieldend|move: Trick Room\n|upkeep\n|turn|11\n|\n|t:|1776175166\n|move|p2a: ADOLF H|Crunch|p1a: Froslass\n|-supereffective|p1a: Froslass|1\n|-damage|p1a: Froslass|0 fnt\n|faint|p1a: Froslass\n|\n|win|Avestruz4ever\n|raw|Yoyohvgc's rating: 1212 &rarr; <strong>1185</strong><br />(-27 for losing)\n|raw|Avestruz4ever's rating: 1179 &rarr; <strong>1206</strong><br />(+27 for winning)\n|c|\u2606Yoyohvgc|literal hitler\n",
  "uploadtime": 1776175177,
  "views": 21,
  "formatid": "gen9championsvgc2026regma",
  "rating": 1185,
  "private": 0,
  "password": null
}