{
  "id": "gen9championsvgc2026regma-2582630677",
  "format": "[Gen 9 Champions] VGC 2026 Reg M-A",
  "players": [
    "AndroidVGC",
    "shin-tv07"
  ],
  "log": "|j|\u2606AndroidVGC\n|j|\u2606shin-tv07\n|t:|1776103742\n|gametype|doubles\n|player|p1|AndroidVGC|2|1086\n|player|p2|shin-tv07|twins-gen4dp|1092\n|gen|9\n|tier|[Gen 9 Champions] VGC 2026 Reg M-A\n|rated|\n|rule|Species Clause: Limit one of each Pok\u00e9mon\n|rule|Item Clause: Limit 1 of each item\n|clearpoke\n|poke|p1|Mimikyu, L50, F|\n|poke|p1|Snorlax, L50, F|\n|poke|p1|Incineroar, L50, F|\n|poke|p1|Oranguru, L50, F|\n|poke|p1|Sinistcha, L50|\n|poke|p1|Dragonite, L50, M|\n|poke|p2|Tauros-Paldea-Aqua, L50, M|\n|poke|p2|Froslass, L50, F|\n|poke|p2|Whimsicott, L50, M|\n|poke|p2|Incineroar, L50, M|\n|poke|p2|Palafin, L50, M|\n|poke|p2|Floette-Eternal, L50, F|\n|teampreview|4\n|inactive|Battle timer is ON: inactive players will automatically lose when time's up. (requested by AndroidVGC)\n|\n|t:|1776103760\n|teamsize|p1|4\n|teamsize|p2|4\n|start\n|switch|p1a: Mimikyu|Mimikyu, L50, F|100/100\n|switch|p1b: Incineroar|Incineroar, L50, F|100/100\n|switch|p2a: Tauros|Tauros-Paldea-Aqua, L50, M|100/100\n|switch|p2b: Froslass|Froslass, L50, F|100/100\n|-ability|p1b: Incineroar|Intimidate|boost\n|-unboost|p2a: Tauros|atk|1\n|-unboost|p2b: Froslass|atk|1\n|turn|1\n|inactive|AndroidVGC has 30 seconds left.\n|\n|t:|1776103787\n|move|p2b: Froslass|Frost Breath|p2a: Tauros|[miss]\n|-miss|p2b: Froslass|p2a: Tauros\n|move|p2a: Tauros|Rock Slide|p1a: Mimikyu|[spread] p1a,p1b\n|-supereffective|p1b: Incineroar|1\n|-activate|p1a: Mimikyu|ability: Disguise\n|-damage|p1a: Mimikyu|100/100\n|-damage|p1b: Incineroar|85/100\n|detailschange|p1a: Mimikyu|Mimikyu-Busted, L50, F\n|-damage|p1a: Mimikyu|88/100|[from] pokemon: Mimikyu-Busted\n|cant|p1b: Incineroar|flinch\n|cant|p1a: Mimikyu|flinch\n|\n|upkeep\n|turn|2\n|\n|t:|1776103805\n|move|p2b: Froslass|Frost Breath|p2a: Tauros\n|-resisted|p2a: Tauros|1\n|-crit|p2a: Tauros\n|-damage|p2a: Tauros|84/100\n|-setboost|p2a: Tauros|atk|6|[from] ability: Anger Point\n|move|p2a: Tauros|Rock Slide|p1a: Mimikyu|[spread] p1a,p1b\n|-supereffective|p1b: Incineroar|1\n|-damage|p1a: Mimikyu|23/100\n|-damage|p1b: Incineroar|0 fnt\n|faint|p1b: Incineroar\n|move|p1a: Mimikyu|Trick Room|p1a: Mimikyu\n|-fieldstart|move: Trick Room|[of] p1a: Mimikyu\n|\n|upkeep\n|\n|t:|1776103814\n|switch|p1b: Snorlax|Snorlax, L50, F|100/100\n|turn|3\n|\n|t:|1776103835\n|detailschange|p2b: Froslass|Froslass-Mega, L50, F\n|-mega|p2b: Froslass|Froslass|Froslassite\n|-weather|Snowscape|[from] ability: Snow Warning|[of] p2b: Froslass\n|move|p2a: Tauros|Aqua Jet|p1b: Snorlax\n|-damage|p1b: Snorlax|62/100\n|move|p1b: Snorlax|Belly Drum|p1b: Snorlax\n|-damage|p1b: Snorlax|12/100\n|-setboost|p1b: Snorlax|atk|6|[from] move: Belly Drum\n|-enditem|p1b: Snorlax|Sitrus Berry|[eat]\n|-heal|p1b: Snorlax|37/100|[from] item: Sitrus Berry\n|move|p1a: Mimikyu|Will-O-Wisp|p2a: Tauros\n|-status|p2a: Tauros|brn\n|move|p2b: Froslass|Aurora Veil|p2b: Froslass\n|-sidestart|p2: shin-tv07|move: Aurora Veil\n|\n|-weather|Snowscape|[upkeep]\n|-damage|p2a: Tauros|78/100 brn|[from] brn\n|upkeep\n|turn|4\n|inactive|AndroidVGC has 30 seconds left.\n|inactive|shin-tv07 has 30 seconds left.\n|c|\u2606shin-tv07|if he is going to use explosion\n|c|\u2606shin-tv07|you have to share me the team\n|inactive|AndroidVGC has 20 seconds left.\n|inactive|shin-tv07 has 20 seconds left.\n|inactive|AndroidVGC has 15 seconds left.\n|inactive|shin-tv07 has 15 seconds left.\n|inactive|AndroidVGC has 10 seconds left.\n|c|\u2606AndroidVGC|hahaha lol\n|inactive|AndroidVGC has 5 seconds left.\n|\n|t:|1776103886\n|move|p1a: Mimikyu|Shadow Sneak|p2b: Froslass\n|-supereffective|p2b: Froslass|1\n|-damage|p2b: Froslass|81/100\n|move|p2a: Tauros|Aqua Jet|p1b: Snorlax\n|-damage|p1b: Snorlax|16/100\n|move|p1b: Snorlax|Facade|p2a: Tauros\n|-damage|p2a: Tauros|0 fnt\n|faint|p2a: Tauros\n|move|p2b: Froslass|Blizzard|p1a: Mimikyu|[spread] p1a,p1b\n|-damage|p1a: Mimikyu|0 fnt\n|-damage|p1b: Snorlax|0 fnt\n|faint|p1a: Mimikyu\n|faint|p1b: Snorlax\n|\n|-weather|Snowscape|[upkeep]\n|upkeep\n|\n|t:|1776103901\n|switch|p1b: Sinistcha|Sinistcha, L50|100/100\n|switch|p2a: Palafin|Palafin, L50, M|100/100\n|turn|5\n|c|\u2606AndroidVGC|go copy?\n|c|\u2606shin-tv07|copy?\n|c|\u2606AndroidVGC|Let's share team\n|c|\u2606shin-tv07|yeah i might\n|c|\u2606shin-tv07|alright alright bet bet\n|inactive|AndroidVGC has 30 seconds left.\n|c|\u2606shin-tv07|send your team\n|c|\u2606shin-tv07|let me put mine in paste\n|inactiveoff|Battle timer is now OFF.\n|inactive|Battle timer is ON: inactive players will automatically lose when time's up. (requested by shin-tv07)\n|inactive|AndroidVGC has 30 seconds left.\n|c|\u2606AndroidVGC|https://pastebin.com/4NJMveW2\n|\n|t:|1776104011\n|move|p1b: Sinistcha|Matcha Gotcha|p2b: Froslass|[spread] p2a,p2b\n|-supereffective|p2a: Palafin|1\n|-damage|p2a: Palafin|52/100\n|-damage|p2b: Froslass|66/100\n|-status|p2b: Froslass|brn\n|move|p2b: Froslass|Blizzard|p1b: Sinistcha\n|-supereffective|p1b: Sinistcha|1\n|-damage|p1b: Sinistcha|3/100\n|move|p2a: Palafin|Flip Turn|p1b: Sinistcha\n|-resisted|p1b: Sinistcha|1\n|-damage|p1b: Sinistcha|0 fnt\n|faint|p1b: Sinistcha\n|\n|win|shin-tv07\n|raw|AndroidVGC's rating: 1086 &rarr; <strong>1063</strong><br />(-23 for losing)\n|raw|shin-tv07's rating: 1092 &rarr; <strong>1118</strong><br />(+26 for winning)\n",
  "uploadtime": 1776104025,
  "views": 13,
  "formatid": "gen9championsvgc2026regma",
  "rating": 1063,
  "private": 0,
  "password": null
}