{
  "id": "gen9championsvgc2026regma-2582098671",
  "format": "[Gen 9 Champions] VGC 2026 Reg M-A",
  "players": [
    "toxapextoglory",
    "hayniu"
  ],
  "log": "|j|\u2606toxapextoglory\n|j|\u2606hayniu\n|t:|1776057677\n|gametype|doubles\n|player|p1|toxapextoglory|hilbert|1133\n|player|p2|hayniu|1|1202\n|gen|9\n|tier|[Gen 9 Champions] VGC 2026 Reg M-A\n|rated|\n|rule|Species Clause: Limit one of each Pok\u00e9mon\n|rule|Item Clause: Limit 1 of each item\n|clearpoke\n|poke|p1|Sneasler, L50, M|\n|poke|p1|Kingambit, L50, M|\n|poke|p1|Froslass, L50, F|\n|poke|p1|Basculegion, L50, M|\n|poke|p1|Garchomp, L50, M|\n|poke|p1|Whimsicott, L50, M|\n|poke|p2|Camerupt, L50, F|\n|poke|p2|Chesnaught, L50, F|\n|poke|p2|Crabominable, L50, M|\n|poke|p2|Aurorus, L50, F|\n|poke|p2|Mimikyu, L50, F|\n|poke|p2|Floette-Eternal, L50, F|\n|teampreview|4\n|\n|t:|1776057697\n|teamsize|p1|4\n|teamsize|p2|4\n|start\n|switch|p1a: Sneasler|Sneasler, L50, M|100/100\n|switch|p1b: Basculegion|Basculegion, L50, M|100/100\n|switch|p2a: Chesnaught|Chesnaught, L50, F|100/100\n|switch|p2b: Mimikyu|Mimikyu, L50, F|100/100\n|turn|1\n|\n|t:|1776057739\n|move|p1a: Sneasler|Fake Out|p2a: Chesnaught\n|-damage|p2a: Chesnaught|91/100\n|move|p1b: Basculegion|Last Respects|p2b: Mimikyu\n|-activate|p2b: Mimikyu|ability: Disguise\n|-damage|p2b: Mimikyu|100/100\n|detailschange|p2b: Mimikyu|Mimikyu-Busted, L50, F\n|-damage|p2b: Mimikyu|88/100|[from] pokemon: Mimikyu-Busted\n|cant|p2a: Chesnaught|flinch\n|move|p2b: Mimikyu|Trick Room|p2b: Mimikyu\n|-fieldstart|move: Trick Room|[of] p2b: Mimikyu\n|\n|upkeep\n|turn|2\n|\n|t:|1776057761\n|switch|p2a: Camerupt|Camerupt, L50, F|100/100\n|move|p2b: Mimikyu|Destiny Bond|p2b: Mimikyu\n|-singlemove|p2b: Mimikyu|Destiny Bond\n|move|p1a: Sneasler|Dire Claw|p2a: Camerupt\n|-resisted|p2a: Camerupt|1\n|-damage|p2a: Camerupt|73/100\n|move|p1b: Basculegion|Last Respects|p2b: Mimikyu\n|-supereffective|p2b: Mimikyu|1\n|-damage|p2b: Mimikyu|0 fnt\n|faint|p2b: Mimikyu\n|-activate|p2b: Mimikyu|move: Destiny Bond\n|faint|p1b: Basculegion\n|\n|upkeep\n|\n|t:|1776057775\n|switch|p2b: Crabominable|Crabominable, L50, M|100/100\n|switch|p1b: Froslass|Froslass, L50, F|100/100\n|turn|3\n|\n|t:|1776057793\n|detailschange|p2a: Camerupt|Camerupt-Mega, L50, F\n|-mega|p2a: Camerupt|Camerupt|Cameruptite\n|move|p1b: Froslass|Protect|p1b: Froslass\n|-singleturn|p1b: Froslass|Protect\n|move|p1a: Sneasler|Protect|p1a: Sneasler\n|-singleturn|p1a: Sneasler|Protect\n|move|p2a: Camerupt|Heat Wave|p1b: Froslass|[spread] \n|-activate|p1a: Sneasler|move: Protect\n|-activate|p1b: Froslass|move: Protect\n|move|p2b: Crabominable|Ice Hammer|p1a: Sneasler\n|-activate|p1a: Sneasler|move: Protect\n|\n|upkeep\n|turn|4\n|\n|t:|1776057828\n|detailschange|p1b: Froslass|Froslass-Mega, L50, F\n|-mega|p1b: Froslass|Froslass|Froslassite\n|-weather|Snowscape|[from] ability: Snow Warning|[of] p1b: Froslass\n|move|p2a: Camerupt|Heat Wave|p1a: Sneasler|[spread] p1a,p1b\n|-supereffective|p1b: Froslass|1\n|-damage|p1a: Sneasler|23/100\n|-damage|p1b: Froslass|0 fnt\n|faint|p1b: Froslass\n|move|p2b: Crabominable|Ice Hammer|p1a: Sneasler\n|-damage|p1a: Sneasler|0 fnt\n|-unboost|p2b: Crabominable|spe|1\n|faint|p1a: Sneasler\n|\n|-weather|Snowscape|[upkeep]\n|upkeep\n|\n|t:|1776057845\n|switch|p1a: Kingambit|Kingambit, L50, M|100/100\n|turn|5\n|\n|t:|1776057868\n|move|p1a: Kingambit|Protect|p1a: Kingambit\n|-singleturn|p1a: Kingambit|Protect\n|move|p2a: Camerupt|Earth Power|p1a: Kingambit\n|-activate|p1a: Kingambit|move: Protect\n|move|p2b: Crabominable|Drain Punch|p1a: Kingambit\n|-activate|p1a: Kingambit|move: Protect\n|\n|-weather|Snowscape|[upkeep]\n|-fieldend|move: Trick Room\n|upkeep\n|turn|6\n|\n|t:|1776057888\n|move|p1a: Kingambit|Iron Head|p2b: Crabominable\n|-supereffective|p2b: Crabominable|1\n|-damage|p2b: Crabominable|16/100\n|move|p2b: Crabominable|Drain Punch|p1a: Kingambit\n|-supereffective|p1a: Kingambit|2\n|-damage|p1a: Kingambit|0 fnt\n|-heal|p2b: Crabominable|76/100|[from] drain|[of] p1a: Kingambit\n|faint|p1a: Kingambit\n|\n|win|hayniu\n|raw|toxapextoglory's rating: 1133 &rarr; <strong>1113</strong><br />(-20 for losing)\n|raw|hayniu's rating: 1202 &rarr; <strong>1222</strong><br />(+20 for winning)\n|l|\u2606toxapextoglory\n|player|p1|\n",
  "uploadtime": 1776057910,
  "views": 14,
  "formatid": "gen9championsvgc2026regma",
  "rating": 1113,
  "private": 0,
  "password": null
}