{
  "id": "gen9championsvgc2026regma-2582506696",
  "format": "[Gen 9 Champions] VGC 2026 Reg M-A",
  "players": [
    "KVIZER",
    "tekkenhanma"
  ],
  "log": "|j|\u2606KVIZER\n|j|\u2606tekkenhanma\n|t:|1776096063\n|gametype|doubles\n|player|p1|KVIZER|steven|1046\n|player|p2|tekkenhanma|shadowtriad|1058\n|gen|9\n|tier|[Gen 9 Champions] VGC 2026 Reg M-A\n|rated|\n|rule|Species Clause: Limit one of each Pok\u00e9mon\n|rule|Item Clause: Limit 1 of each item\n|clearpoke\n|poke|p1|Venusaur, L50, F|\n|poke|p1|Rotom-Wash, L50|\n|poke|p1|Garchomp, L50, M|\n|poke|p1|Incineroar, L50, M|\n|poke|p1|Sneasler, L50, M|\n|poke|p1|Charizard, L50, M|\n|poke|p2|Delphox, L50, F|\n|poke|p2|Sneasler, L50, M|\n|poke|p2|Milotic, L50, F|\n|poke|p2|Scovillain, L50, M|\n|poke|p2|Primarina, L50, M|\n|poke|p2|Aerodactyl, L50, F|\n|teampreview|4\n|inactive|Battle timer is ON: inactive players will automatically lose when time's up. (requested by tekkenhanma)\n|inactive|tekkenhanma has 60 seconds left.\n|inactive|tekkenhanma has 30 seconds left.\n|\n|t:|1776096128\n|teamsize|p1|4\n|teamsize|p2|4\n|start\n|switch|p1a: Rotom|Rotom-Wash, L50|100/100\n|switch|p1b: Garchomp|Garchomp, L50, M, shiny|100/100\n|switch|p2a: Aerodactyl|Aerodactyl, L50, F, shiny|100/100\n|switch|p2b: Sneasler|Sneasler, L50, M, shiny|100/100\n|turn|1\n|inactive|KVIZER has 30 seconds left.\n|inactive|tekkenhanma has 30 seconds left.\n|inactive|KVIZER has 20 seconds left.\n|inactive|KVIZER has 15 seconds left.\n|inactive|KVIZER has 10 seconds left.\n|inactive|KVIZER has 5 seconds left.\n|\n|t:|1776096183\n|move|p2b: Sneasler|Fake Out|p1a: Rotom\n|-damage|p1a: Rotom|87/100\n|move|p1b: Garchomp|Rock Slide|p2a: Aerodactyl|[spread] p2a,p2b\n|-supereffective|p2a: Aerodactyl|1\n|-resisted|p2b: Sneasler|1\n|-damage|p2a: Aerodactyl|37/100\n|-damage|p2b: Sneasler|83/100\n|cant|p2a: Aerodactyl|flinch\n|cant|p1a: Rotom|flinch\n|\n|-heal|p1a: Rotom|93/100|[from] item: Leftovers\n|upkeep\n|turn|2\n|inactive|tekkenhanma has 30 seconds left.\n|inactive|tekkenhanma has 20 seconds left.\n|inactive|tekkenhanma has 15 seconds left.\n|\n|t:|1776096228\n|switch|p2a: Primarina|Primarina, L50, M, shiny|100/100\n|move|p1b: Garchomp|Rock Slide|p2a: Primarina|[spread] p2a,p2b\n|-resisted|p2b: Sneasler|1\n|-damage|p2a: Primarina|72/100\n|-damage|p2b: Sneasler|65/100\n|move|p2b: Sneasler|Close Combat|p1a: Rotom\n|-damage|p1a: Rotom|33/100\n|-unboost|p2b: Sneasler|def|1\n|-unboost|p2b: Sneasler|spd|1\n|-enditem|p2b: Sneasler|White Herb\n|-clearnegativeboost|p2b: Sneasler|[silent]\n|move|p1a: Rotom|Will-O-Wisp|p2b: Sneasler\n|-status|p2b: Sneasler|brn\n|\n|-heal|p1a: Rotom|39/100|[from] item: Leftovers\n|-heal|p2a: Primarina|78/100|[from] item: Leftovers\n|-damage|p2b: Sneasler|59/100 brn|[from] brn\n|upkeep\n|turn|3\n|inactive|KVIZER has 30 seconds left.\n|inactive|tekkenhanma has 30 seconds left.\n|inactive|KVIZER has 20 seconds left.\n|inactive|KVIZER has 15 seconds left.\n|inactive|KVIZER has 10 seconds left.\n|inactive|KVIZER has 5 seconds left.\n|\n|t:|1776096281\n|switch|p2b: Scovillain|Scovillain, L50, M|100/100\n|move|p2a: Primarina|Protect|p2a: Primarina\n|-singleturn|p2a: Primarina|Protect\n|move|p1b: Garchomp|Rock Slide|p2a: Primarina|[spread] p2b\n|-activate|p2a: Primarina|move: Protect\n|-supereffective|p2b: Scovillain|1\n|-damage|p2b: Scovillain|60/100\n|move|p1a: Rotom|Thunderbolt|p2a: Primarina\n|-activate|p2a: Primarina|move: Protect\n|\n|-heal|p1a: Rotom|44/100|[from] item: Leftovers\n|-heal|p2a: Primarina|83/100|[from] item: Leftovers\n|upkeep\n|turn|4\n|\n|t:|1776096300\n|switch|p1b: Sneasler|Sneasler, L50, M|100/100\n|switch|p1a: Incineroar|Incineroar, L50, M|100/100\n|-ability|p1a: Incineroar|Intimidate|boost\n|-unboost|p2a: Primarina|atk|1\n|-unboost|p2b: Scovillain|atk|1\n|detailschange|p2b: Scovillain|Scovillain-Mega, L50, M\n|-mega|p2b: Scovillain|Scovillain|Scovillainite\n|move|p2b: Scovillain|Rage Powder|p2b: Scovillain\n|-singleturn|p2b: Scovillain|move: Rage Powder\n|move|p2a: Primarina|Moonblast|p1b: Sneasler\n|-damage|p1b: Sneasler|31/100\n|\n|-heal|p2a: Primarina|89/100|[from] item: Leftovers\n|upkeep\n|turn|5\n|inactive|KVIZER has 30 seconds left.\n|\n|t:|1776096333\n|move|p2b: Scovillain|Protect|p2b: Scovillain\n|-singleturn|p2b: Scovillain|Protect\n|move|p2a: Primarina|Protect|p2a: Primarina\n|-singleturn|p2a: Primarina|Protect\n|move|p1b: Sneasler|Dire Claw|p2a: Primarina\n|-activate|p2a: Primarina|move: Protect\n|move|p1a: Incineroar|Flare Blitz|p2b: Scovillain\n|-activate|p2b: Scovillain|move: Protect\n|\n|-heal|p2a: Primarina|95/100|[from] item: Leftovers\n|upkeep\n|turn|6\n|inactive|tekkenhanma has 30 seconds left.\n|inactive|KVIZER has 30 seconds left.\n|inactive|tekkenhanma has 20 seconds left.\n|inactive|tekkenhanma has 15 seconds left.\n|\n|t:|1776096377\n|move|p2b: Scovillain|Rage Powder|p2b: Scovillain\n|-singleturn|p2b: Scovillain|move: Rage Powder\n|move|p1b: Sneasler|Dire Claw|p2b: Scovillain\n|-supereffective|p2b: Scovillain|1\n|-damage|p2b: Scovillain|0 fnt\n|-status|p1b: Sneasler|brn|[from] ability: Spicy Spray|[of] p2b: Scovillain\n|faint|p2b: Scovillain\n|move|p1a: Incineroar|Flare Blitz|p2a: Primarina\n|-resisted|p2a: Primarina|1\n|-damage|p2a: Primarina|53/100\n|-damage|p1a: Incineroar|90/100|[from] Recoil\n|move|p2a: Primarina|Hyper Voice|p1a: Incineroar|[spread] p1a,p1b\n|-supereffective|p1a: Incineroar|1\n|-damage|p1a: Incineroar|11/100\n|-damage|p1b: Sneasler|0 fnt\n|-enditem|p1a: Incineroar|Sitrus Berry|[eat]\n|-heal|p1a: Incineroar|36/100|[from] item: Sitrus Berry\n|faint|p1b: Sneasler\n|\n|-heal|p2a: Primarina|58/100|[from] item: Leftovers\n|upkeep\n|\n|t:|1776096399\n|switch|p1b: Rotom|Rotom-Wash, L50|44/100\n|switch|p2b: Sneasler|Sneasler, L50, M, shiny|59/100 brn\n|turn|7\n|\n|t:|1776096417\n|move|p1b: Rotom|Protect|p1b: Rotom\n|-singleturn|p1b: Rotom|Protect\n|move|p2b: Sneasler|Fake Out|p1b: Rotom\n|-activate|p1b: Rotom|move: Protect\n|move|p1a: Incineroar|Parting Shot|p2a: Primarina\n|-unboost|p2a: Primarina|atk|1\n|-unboost|p2a: Primarina|spa|1\n|\n|t:|1776096426\n|switch|p1a: Garchomp|Garchomp, L50, M, shiny|100/100|[from] Parting Shot\n|move|p2a: Primarina|Hyper Voice|p1b: Rotom|[spread] p1a\n|-activate|p1b: Rotom|move: Protect\n|-damage|p1a: Garchomp|74/100\n|\n|-heal|p1b: Rotom|50/100|[from] item: Leftovers\n|-heal|p2a: Primarina|64/100|[from] item: Leftovers\n|-damage|p2b: Sneasler|53/100 brn|[from] brn\n|upkeep\n|turn|8\n|inactive|tekkenhanma has 30 seconds left.\n|inactive|KVIZER has 30 seconds left.\n|\n|t:|1776096466\n|move|p1a: Garchomp|Rock Slide|p2a: Primarina|[spread] p2a,p2b\n|-resisted|p2b: Sneasler|1\n|-damage|p2a: Primarina|32/100\n|-damage|p2b: Sneasler|36/100 brn\n|move|p2b: Sneasler|Close Combat|p1a: Garchomp\n|-damage|p1a: Garchomp|42/100\n|-unboost|p2b: Sneasler|def|1\n|-unboost|p2b: Sneasler|spd|1\n|move|p1b: Rotom|Thunderbolt|p2a: Primarina\n|-supereffective|p2a: Primarina|1\n|-damage|p2a: Primarina|0 fnt\n|faint|p2a: Primarina\n|\n|-heal|p1b: Rotom|56/100|[from] item: Leftovers\n|-damage|p2b: Sneasler|30/100 brn|[from] brn\n|upkeep\n|\n|t:|1776096481\n|switch|p2a: Aerodactyl|Aerodactyl, L50, F, shiny|37/100\n|turn|9\n|\n|t:|1776096498\n|switch|p1b: Incineroar|Incineroar, L50, M|36/100\n|-ability|p1b: Incineroar|Intimidate|boost\n|-unboost|p2a: Aerodactyl|atk|1\n|-unboost|p2b: Sneasler|atk|1\n|move|p1a: Garchomp|Rock Slide|p2b: Sneasler|[spread] p2a,p2b\n|-supereffective|p2a: Aerodactyl|1\n|-resisted|p2b: Sneasler|1\n|-damage|p2a: Aerodactyl|0 fnt\n|-damage|p2b: Sneasler|4/100 brn\n|faint|p2a: Aerodactyl\n|move|p2b: Sneasler|Close Combat|p1a: Garchomp\n|-damage|p1a: Garchomp|20/100\n|-unboost|p2b: Sneasler|def|1\n|-unboost|p2b: Sneasler|spd|1\n|\n|-damage|p2b: Sneasler|0 fnt|[from] brn\n|faint|p2b: Sneasler\n|\n|win|KVIZER\n|raw|KVIZER's rating: 1046 &rarr; <strong>1080</strong><br />(+34 for winning)\n|raw|tekkenhanma's rating: 1058 &rarr; <strong>1039</strong><br />(-19 for losing)\n|l|\u2606tekkenhanma\n|player|p2|\n",
  "uploadtime": 1776096514,
  "views": 10,
  "formatid": "gen9championsvgc2026regma",
  "rating": 1039,
  "private": 0,
  "password": null
}