{
  "id": "gen9championsvgc2026regma-2580868755",
  "format": "[Gen 9 Champions] VGC 2026 Reg M-A",
  "players": [
    "lukelby",
    "leansworth"
  ],
  "log": "|j|\u2606lukelby\n|j|\u2606leansworth\n|t:|1775939123\n|gametype|doubles\n|player|p1|lukelby|hiker-gen4|1101\n|player|p2|leansworth|wattson|1000\n|gen|9\n|tier|[Gen 9 Champions] VGC 2026 Reg M-A\n|rated|\n|rule|Species Clause: Limit one of each Pok\u00e9mon\n|rule|Item Clause: Limit 1 of each item\n|clearpoke\n|poke|p1|Ninetales-Alola, L50, M|\n|poke|p1|Sinistcha, L50|\n|poke|p1|Crabominable, L50, F|\n|poke|p1|Sneasler, L50, M|\n|poke|p1|Incineroar, L50, F|\n|poke|p1|Farigiraf, L50, M|\n|poke|p2|Noivern, L50, M|\n|poke|p2|Trevenant, L50, F|\n|poke|p2|Torkoal, L50, F|\n|poke|p2|Zoroark-Hisui, L50, M|\n|poke|p2|Farigiraf, L50, F|\n|poke|p2|Kangaskhan, L50, F|\n|teampreview|4\n|\n|t:|1775939147\n|teamsize|p1|4\n|teamsize|p2|4\n|start\n|switch|p1a: gay|Sneasler, L50, M|100/100\n|switch|p1b: miinnie|Ninetales-Alola, L50, M|100/100\n|switch|p2a: Torkoal|Torkoal, L50, F|100/100\n|switch|p2b: Trevenant|Trevenant, L50, F|100/100\n|-weather|Snowscape|[from] ability: Snow Warning|[of] p1b: miinnie\n|turn|1\n|\n|t:|1775939194\n|move|p2a: Torkoal|Protect|p2a: Torkoal\n|-singleturn|p2a: Torkoal|Protect\n|move|p1b: miinnie|Aurora Veil|p1b: miinnie\n|-sidestart|p1: lukelby|move: Aurora Veil\n|move|p1a: gay|Dire Claw|p2b: Trevenant\n|-damage|p2b: Trevenant|61/100\n|move|p2b: Trevenant|Trick Room|p2b: Trevenant\n|-fieldstart|move: Trick Room|[of] p2b: Trevenant\n|\n|-weather|Snowscape|[upkeep]\n|upkeep\n|turn|2\n|\n|t:|1775939223\n|move|p2a: Torkoal|Eruption|p1b: miinnie|[spread] p1a,p1b\n|-supereffective|p1b: miinnie|1\n|-damage|p1a: gay|57/100\n|-damage|p1b: miinnie|38/100\n|move|p2b: Trevenant|Will-O-Wisp|p1a: gay\n|-status|p1a: gay|brn\n|move|p1a: gay|Close Combat|p2a: Torkoal\n|-damage|p2a: Torkoal|77/100\n|-unboost|p1a: gay|def|1\n|-unboost|p1a: gay|spd|1\n|-enditem|p1a: gay|White Herb\n|-clearnegativeboost|p1a: gay|[silent]\n|move|p1b: miinnie|Howl|p1b: miinnie|[spread] p1a,p1b\n|-boost|p1a: gay|atk|1\n|-boost|p1b: miinnie|atk|1\n|\n|-weather|Snowscape|[upkeep]\n|-damage|p1a: gay|51/100 brn|[from] brn\n|upkeep\n|turn|3\n|\n|t:|1775939249\n|switch|p1b: lui|Crabominable, L50, F|100/100\n|move|p2a: Torkoal|Eruption|p1a: gay|[spread] p1a,p1b\n|-supereffective|p1b: lui|1\n|-damage|p1a: gay|22/100 brn\n|-damage|p1b: lui|42/100\n|move|p2b: Trevenant|Will-O-Wisp|p1b: lui|[miss]\n|-miss|p2b: Trevenant|p1b: lui\n|move|p1a: gay|Coaching|p1b: lui\n|-boost|p1b: lui|atk|1\n|-boost|p1b: lui|def|1\n|\n|-weather|Snowscape|[upkeep]\n|-damage|p1a: gay|16/100 brn|[from] brn\n|upkeep\n|turn|4\n|\n|t:|1775939281\n|detailschange|p1b: lui|Crabominable-Mega, L50, F\n|-mega|p1b: lui|Crabominable|Crabominite\n|move|p2a: Torkoal|Protect|p2a: Torkoal\n|-singleturn|p2a: Torkoal|Protect\n|move|p1b: lui|Mach Punch|p2a: Torkoal\n|-activate|p2a: Torkoal|move: Protect\n|move|p2b: Trevenant|Will-O-Wisp|p1b: lui\n|-status|p1b: lui|brn\n|move|p1a: gay|Dire Claw|p2b: Trevenant\n|-damage|p2b: Trevenant|34/100\n|-status|p2b: Trevenant|psn\n|-enditem|p2b: Trevenant|Sitrus Berry|[eat]\n|-heal|p2b: Trevenant|59/100 psn|[from] item: Sitrus Berry\n|\n|-weather|Snowscape|[upkeep]\n|-damage|p2b: Trevenant|47/100 psn|[from] psn\n|-damage|p1b: lui|36/100 brn|[from] brn\n|-damage|p1a: gay|10/100 brn|[from] brn\n|-item|p2b: Trevenant|Sitrus Berry|[from] ability: Harvest\n|upkeep\n|-enditem|p2b: Trevenant|Sitrus Berry|[eat]\n|-heal|p2b: Trevenant|72/100 psn|[from] item: Sitrus Berry\n|turn|5\n|\n|t:|1775939302\n|move|p1b: lui|Protect|p1b: lui\n|-singleturn|p1b: lui|Protect\n|move|p2a: Torkoal|Eruption|p1b: lui|[spread] p1a\n|-activate|p1b: lui|move: Protect\n|-damage|p1a: gay|0 fnt\n|faint|p1a: gay\n|move|p2b: Trevenant|Haze|p2b: Trevenant\n|-clearallboost\n|\n|-weather|none\n|-damage|p2b: Trevenant|59/100 psn|[from] psn\n|-damage|p1b: lui|30/100 brn|[from] brn\n|-sideend|p1: lukelby|move: Aurora Veil\n|-fieldend|move: Trick Room\n|upkeep\n|\n|t:|1775939312\n|switch|p1a: blobl|Sinistcha, L50|100/100\n|-heal|p1b: lui|55/100 brn|[from] ability: Hospitality|[of] p1a: blobl\n|turn|6\n|\n|t:|1775939329\n|switch|p2a: Noivern|Noivern, L50, M, shiny|100/100\n|move|p1a: blobl|Life Dew||[still]|[spread] p1a,p1b\n|-fail|p1a: blobl|heal\n|-heal|p1b: lui|80/100 brn\n|move|p2b: Trevenant|Will-O-Wisp|p1a: blobl|[miss]\n|-miss|p2b: Trevenant|p1a: blobl\n|move|p1b: lui|Drain Punch|p2a: Noivern\n|-resisted|p2a: Noivern|1\n|-damage|p2a: Noivern|84/100\n|-heal|p1b: lui|87/100 brn|[from] drain|[of] p2a: Noivern\n|\n|-damage|p2b: Trevenant|47/100 psn|[from] psn\n|-damage|p1b: lui|81/100 brn|[from] brn\n|upkeep\n|turn|7\n|\n|t:|1775939364\n|switch|p1a: miinnie|Ninetales-Alola, L50, M|38/100\n|-weather|Snowscape|[from] ability: Snow Warning|[of] p1a: miinnie\n|move|p2a: Noivern|Sunny Day|p2a: Noivern\n|-weather|SunnyDay\n|move|p2b: Trevenant|Horn Leech|p1b: lui\n|-damage|p1b: lui|60/100 brn\n|-heal|p2b: Trevenant|58/100 psn|[from] drain|[of] p1b: lui\n|move|p1b: lui|Ice Hammer|p2a: Noivern\n|-supereffective|p2a: Noivern|2\n|-enditem|p2a: Noivern|Yache Berry|[eat]\n|-enditem|p2a: Noivern|Yache Berry|[weaken]\n|-damage|p2a: Noivern|0 fnt\n|-unboost|p1b: lui|spe|1\n|faint|p2a: Noivern\n|\n|-weather|SunnyDay|[upkeep]\n|-damage|p2b: Trevenant|46/100 psn|[from] psn\n|-damage|p1b: lui|54/100 brn|[from] brn\n|-item|p2b: Trevenant|Sitrus Berry|[from] ability: Harvest\n|upkeep\n|-enditem|p2b: Trevenant|Sitrus Berry|[eat]\n|-heal|p2b: Trevenant|71/100 psn|[from] item: Sitrus Berry\n|\n|t:|1775939386\n|switch|p2a: Kangaskhan|Kangaskhan, L50, F|100/100\n|turn|8\n|\n|t:|1775939401\n|switch|p1a: blobl|Sinistcha, L50|100/100\n|-heal|p1b: lui|79/100 brn|[from] ability: Hospitality|[of] p1a: blobl\n|move|p1b: lui|Protect|p1b: lui\n|-singleturn|p1b: lui|Protect\n|move|p2a: Kangaskhan|Fake Out|p1b: lui\n|-activate|p1b: lui|move: Protect\n|move|p2b: Trevenant|Horn Leech|p1b: lui\n|-activate|p1b: lui|move: Protect\n|\n|-weather|SunnyDay|[upkeep]\n|-damage|p2b: Trevenant|58/100 psn|[from] psn\n|-damage|p1b: lui|74/100 brn|[from] brn\n|-item|p2b: Trevenant|Sitrus Berry|[from] ability: Harvest\n|upkeep\n|turn|9\n|\n|t:|1775939431\n|switch|p1a: miinnie|Ninetales-Alola, L50, M|38/100\n|-weather|Snowscape|[from] ability: Snow Warning|[of] p1a: miinnie\n|detailschange|p2a: Kangaskhan|Kangaskhan-Mega, L50, F\n|-mega|p2a: Kangaskhan|Kangaskhan|Kangaskhanite\n|move|p2a: Kangaskhan|Sucker Punch||[still]\n|-fail|p2a: Kangaskhan\n|move|p2b: Trevenant|Horn Leech|p1b: lui\n|-damage|p1b: lui|59/100 brn\n|-heal|p2b: Trevenant|66/100 psn|[from] drain|[of] p1b: lui\n|move|p1b: lui|Drain Punch|p2a: Kangaskhan\n|-supereffective|p2a: Kangaskhan|1\n|-damage|p2a: Kangaskhan|54/100\n|-heal|p1b: lui|83/100 brn|[from] drain|[of] p2a: Kangaskhan\n|\n|-weather|Snowscape|[upkeep]\n|-damage|p2b: Trevenant|54/100 psn|[from] psn\n|-damage|p1b: lui|77/100 brn|[from] brn\n|upkeep\n|turn|10\n|inactive|Battle timer is ON: inactive players will automatically lose when time's up. (requested by leansworth)\n|\n|t:|1775939513\n|switch|p2a: Torkoal|Torkoal, L50, F|77/100\n|move|p1a: miinnie|Howl|p1a: miinnie|[spread] p1a,p1b\n|-boost|p1a: miinnie|atk|1\n|-boost|p1b: lui|atk|1\n|move|p2b: Trevenant|Horn Leech|p1a: miinnie\n|-damage|p1a: miinnie|16/100\n|-heal|p2b: Trevenant|64/100 psn|[from] drain|[of] p1a: miinnie\n|move|p1b: lui|Drain Punch|p2a: Torkoal\n|-damage|p2a: Torkoal|46/100\n|-heal|p1b: lui|91/100 brn|[from] drain|[of] p2a: Torkoal\n|\n|-weather|Snowscape|[upkeep]\n|-damage|p2b: Trevenant|52/100 psn|[from] psn\n|-damage|p1b: lui|85/100 brn|[from] brn\n|upkeep\n|turn|11\n|inactive|lukelby has 30 seconds left.\n|inactive|leansworth has 30 seconds left.\n|inactive|lukelby has 20 seconds left.\n|inactive|lukelby has 15 seconds left.\n|inactive|lukelby has 10 seconds left.\n|\n|t:|1775939560\n|move|p1b: lui|Mach Punch|p2a: Torkoal\n|-damage|p2a: Torkoal|31/100\n|move|p1a: miinnie|Blizzard|p2b: Trevenant|[spread] p2a,p2b\n|-resisted|p2a: Torkoal|1\n|-supereffective|p2b: Trevenant|1\n|-damage|p2a: Torkoal|17/100\n|-damage|p2b: Trevenant|5/100 psn\n|-enditem|p2b: Trevenant|Sitrus Berry|[eat]\n|-heal|p2b: Trevenant|30/100 psn|[from] item: Sitrus Berry\n|move|p2b: Trevenant|Horn Leech|p1b: lui\n|-damage|p1b: lui|70/100 brn\n|-heal|p2b: Trevenant|37/100 psn|[from] drain|[of] p1b: lui\n|move|p2a: Torkoal|Heat Wave|p1b: lui|[spread] p1a,p1b\n|-supereffective|p1a: miinnie|1\n|-supereffective|p1b: lui|1\n|-damage|p1a: miinnie|0 fnt\n|-damage|p1b: lui|22/100 brn\n|faint|p1a: miinnie\n|\n|-weather|Snowscape|[upkeep]\n|-damage|p2b: Trevenant|25/100 psn|[from] psn\n|-damage|p1b: lui|16/100 brn|[from] brn\n|-item|p2b: Trevenant|Sitrus Berry|[from] ability: Harvest\n|upkeep\n|-enditem|p2b: Trevenant|Sitrus Berry|[eat]\n|-heal|p2b: Trevenant|50/100 psn|[from] item: Sitrus Berry\n|\n|t:|1775939579\n|switch|p1a: blobl|Sinistcha, L50|100/100\n|-heal|p1b: lui|41/100 brn|[from] ability: Hospitality|[of] p1a: blobl\n|turn|12\n|inactive|lukelby has 30 seconds left.\n|inactive|lukelby has 20 seconds left.\n|inactive|lukelby has 15 seconds left.\n|\n|t:|1775939623\n|move|p1b: lui|Mach Punch|p2a: Torkoal\n|-damage|p2a: Torkoal|2/100\n|move|p1a: blobl|Life Dew||[still]|[spread] p1a,p1b\n|-fail|p1a: blobl|heal\n|-heal|p1b: lui|66/100 brn\n|move|p2b: Trevenant|Horn Leech|p1b: lui\n|-damage|p1b: lui|51/100 brn\n|-heal|p2b: Trevenant|58/100 psn|[from] drain|[of] p1b: lui\n|move|p2a: Torkoal|Heat Wave|p1a: blobl|[spread] p1a\n|-miss|p2a: Torkoal|p1b: lui\n|-supereffective|p1a: blobl|1\n|-damage|p1a: blobl|30/100\n|\n|-weather|Snowscape|[upkeep]\n|-heal|p1a: blobl|36/100|[from] item: Leftovers\n|-damage|p2b: Trevenant|45/100 psn|[from] psn\n|-damage|p1b: lui|46/100 brn|[from] brn\n|upkeep\n|turn|13\n|\n|t:|1775939648\n|move|p2a: Torkoal|Protect|p2a: Torkoal\n|-singleturn|p2a: Torkoal|Protect\n|move|p1b: lui|Mach Punch|p2a: Torkoal\n|-activate|p2a: Torkoal|move: Protect\n|move|p2b: Trevenant|Horn Leech|p1b: lui\n|-damage|p1b: lui|31/100 brn\n|-heal|p2b: Trevenant|53/100 psn|[from] drain|[of] p1b: lui\n|move|p1a: blobl|Trick Room|p1a: blobl\n|-fieldstart|move: Trick Room|[of] p1a: blobl\n|\n|-weather|none\n|-heal|p1a: blobl|42/100|[from] item: Leftovers\n|-damage|p2b: Trevenant|41/100 psn|[from] psn\n|-damage|p1b: lui|25/100 brn|[from] brn\n|upkeep\n|turn|14\n|\n|t:|1775939667\n|move|p1b: lui|Mach Punch|p2a: Torkoal\n|-damage|p2a: Torkoal|0 fnt\n|faint|p2a: Torkoal\n|move|p2b: Trevenant|Haze|p2b: Trevenant\n|-clearallboost\n|move|p1a: blobl|Life Dew|p1a: blobl|[spread] p1a,p1b\n|-heal|p1a: blobl|67/100\n|-heal|p1b: lui|50/100 brn\n|\n|-heal|p1a: blobl|74/100|[from] item: Leftovers\n|-damage|p2b: Trevenant|28/100 psn|[from] psn\n|-damage|p1b: lui|44/100 brn|[from] brn\n|-item|p2b: Trevenant|Sitrus Berry|[from] ability: Harvest\n|upkeep\n|-enditem|p2b: Trevenant|Sitrus Berry|[eat]\n|-heal|p2b: Trevenant|53/100 psn|[from] item: Sitrus Berry\n|\n|t:|1775939671\n|switch|p2a: Kangaskhan|Kangaskhan-Mega, L50, F|54/100\n|turn|15\n|inactive|lukelby has 30 seconds left.\n|\n|t:|1775939700\n|move|p1b: lui|Protect|p1b: lui\n|-singleturn|p1b: lui|Protect\n|move|p1a: blobl|Rage Powder|p1a: blobl\n|-singleturn|p1a: blobl|move: Rage Powder\n|move|p2b: Trevenant|Will-O-Wisp|p1a: blobl\n|-status|p1a: blobl|brn\n|move|p2a: Kangaskhan|Drain Punch|p1a: blobl\n|-immune|p1a: blobl\n|\n|-heal|p1a: blobl|80/100 brn|[from] item: Leftovers\n|-damage|p2b: Trevenant|41/100 psn|[from] psn\n|-damage|p1b: lui|38/100 brn|[from] brn\n|-damage|p1a: blobl|74/100 brn|[from] brn\n|upkeep\n|turn|16\n|inactive|leansworth has 30 seconds left.\n|\n|t:|1775939726\n|move|p1b: lui|Ice Hammer|p2b: Trevenant\n|-supereffective|p2b: Trevenant|1\n|-damage|p2b: Trevenant|0 fnt\n|-unboost|p1b: lui|spe|1\n|faint|p2b: Trevenant\n|move|p1a: blobl|Life Dew|p1a: blobl|[spread] p1a,p1b\n|-heal|p1a: blobl|99/100 brn\n|-heal|p1b: lui|63/100 brn\n|move|p2a: Kangaskhan|Drain Punch|p1b: lui\n|-supereffective|p1b: lui|1\n|-damage|p1b: lui|29/100 brn\n|-heal|p2a: Kangaskhan|70/100|[from] drain|[of] p1b: lui\n|-supereffective|p1b: lui|1\n|-damage|p1b: lui|20/100 brn\n|-heal|p2a: Kangaskhan|75/100|[from] drain|[of] p1b: lui\n|-hitcount|p1b: lui|2\n|\n|-heal|p1a: blobl|100/100 brn|[from] item: Leftovers\n|-damage|p1b: lui|14/100 brn|[from] brn\n|-damage|p1a: blobl|94/100 brn|[from] brn\n|upkeep\n|turn|17\n|inactive|lukelby has 30 seconds left.\n|inactive|lukelby has 20 seconds left.\n|inactive|lukelby has 15 seconds left.\n|\n|t:|1775939766\n|move|p2a: Kangaskhan|Sucker Punch|p1a: blobl\n|-supereffective|p1a: blobl|1\n|-damage|p1a: blobl|64/100 brn\n|-supereffective|p1a: blobl|1\n|-damage|p1a: blobl|57/100 brn\n|-hitcount|p1a: blobl|2\n|move|p1b: lui|Drain Punch|p2a: Kangaskhan\n|-supereffective|p2a: Kangaskhan|1\n|-crit|p2a: Kangaskhan\n|-damage|p2a: Kangaskhan|0 fnt\n|-heal|p1b: lui|53/100 brn|[from] drain|[of] p2a: Kangaskhan\n|faint|p2a: Kangaskhan\n|\n|win|lukelby\n|raw|lukelby's rating: 1101 &rarr; <strong>1119</strong><br />(+18 for winning)\n|raw|leansworth's rating: 1000 &rarr; <strong>1000</strong><br />(+0 for losing)\n|l|\u2606leansworth\n|player|p2|\n",
  "uploadtime": 1775939796,
  "views": 19,
  "formatid": "gen9championsvgc2026regma",
  "rating": 1000,
  "private": 0,
  "password": null
}