{
  "id": "gen9championsvgc2026regma-2581870094",
  "format": "[Gen 9 Champions] VGC 2026 Reg M-A",
  "players": [
    "Gordon Gambley",
    "Bloodmoon-Grisou"
  ],
  "log": "|j|\u2606Gordon Gambley\n|j|\u2606Bloodmoon-Grisou\n|t:|1776035323\n|gametype|doubles\n|player|p1|Gordon Gambley|gambler|\n|player|p2|Bloodmoon-Grisou|cynthia-masters|\n|gen|9\n|tier|[Gen 9 Champions] VGC 2026 Reg M-A\n|rated|Tournament battle\n|rule|Species Clause: Limit one of each Pok\u00e9mon\n|rule|Item Clause: Limit 1 of each item\n|clearpoke\n|poke|p1|Scizor, L50, F|\n|poke|p1|Basculegion, L50, M|\n|poke|p1|Dragonite, L50, F|\n|poke|p1|Sneasler, L50, M|\n|poke|p1|Incineroar, L50, F|\n|poke|p1|Ninetales-Alola, L50, F|\n|poke|p2|Floette-Eternal, L50, F|\n|poke|p2|Sneasler, L50, M|\n|poke|p2|Dragapult, L50, M|\n|poke|p2|Incineroar, L50, M|\n|poke|p2|Palafin, L50, M|\n|poke|p2|Rotom-Mow, L50|\n|teampreview|4\n|inactive|Battle timer is ON: inactive players will automatically lose when time's up. (requested by Bloodmoon-Grisou)\n|c|\u2606Bloodmoon-Grisou|glhf\n|c|\u2606Gordon Gambley|u2\n|inactive|Gordon Gambley has 60 seconds left.\n|inactive|Bloodmoon-Grisou has 60 seconds left.\n|\n|t:|1776035371\n|teamsize|p1|4\n|teamsize|p2|4\n|start\n|switch|p1a: Basculegion|Basculegion, L50, M|100/100\n|switch|p1b: Scizor|Scizor, L50, F|100/100\n|switch|p2a: Palafin|Palafin, L50, M|100/100\n|switch|p2b: Incineroar|Incineroar, L50, M|100/100\n|-ability|p2b: Incineroar|Intimidate|boost\n|-unboost|p1a: Basculegion|atk|1\n|-unboost|p1b: Scizor|atk|1\n|turn|1\n|inactive|Bloodmoon-Grisou has 30 seconds left.\n|\n|t:|1776035405\n|switch|p1b: Incineroar|Incineroar, L50, F|100/100\n|-ability|p1b: Incineroar|Intimidate|boost\n|-unboost|p2a: Palafin|atk|1\n|-unboost|p2b: Incineroar|atk|1\n|switch|p2b: Sneasler|Sneasler, L50, M|100/100\n|move|p1a: Basculegion|Flip Turn|p2b: Sneasler\n|-damage|p2b: Sneasler|57/100\n|\n|t:|1776035419\n|switch|p1a: Scizor|Scizor, L50, F|100/100|[from] Flip Turn\n|move|p2a: Palafin|Wave Crash|p1b: Incineroar\n|-supereffective|p1b: Incineroar|1\n|-damage|p1b: Incineroar|55/100\n|-damage|p2a: Palafin|85/100|[from] Recoil\n|\n|-heal|p2a: Palafin|91/100|[from] item: Leftovers\n|upkeep\n|turn|2\n|\n|t:|1776035428\n|detailschange|p2a: Palafin|Palafin-Hero, L50, M\n|switch|p2a: Incineroar|Incineroar, L50, M|100/100\n|-ability|p2a: Incineroar|Intimidate|boost\n|-unboost|p1a: Scizor|atk|1\n|-unboost|p1b: Incineroar|atk|1\n|switch|p1b: Basculegion|Basculegion, L50, M|100/100\n|detailschange|p1a: Scizor|Scizor-Mega, L50, F\n|-mega|p1a: Scizor|Scizor|Scizorite\n|move|p2b: Sneasler|Protect|p2b: Sneasler\n|-singleturn|p2b: Sneasler|Protect\n|move|p1a: Scizor|Swords Dance|p1a: Scizor\n|-boost|p1a: Scizor|atk|2\n|\n|upkeep\n|turn|3\n|\n|t:|1776035447\n|move|p2a: Incineroar|Fake Out|p1a: Scizor\n|-resisted|p1a: Scizor|1\n|-crit|p1a: Scizor\n|-damage|p1a: Scizor|93/100\n|cant|p1a: Scizor|flinch\n|move|p1b: Basculegion|Wave Crash|p2a: Incineroar\n|-supereffective|p2a: Incineroar|1\n|-damage|p2a: Incineroar|0 fnt\n|faint|p2a: Incineroar\n|-damage|p1b: Basculegion|66/100|[from] Recoil\n|move|p2b: Sneasler|Throat Chop|p1b: Basculegion\n|-supereffective|p1b: Basculegion|1\n|-damage|p1b: Basculegion|0 fnt\n|faint|p1b: Basculegion\n|\n|upkeep\n|\n|t:|1776035462\n|switch|p1b: Incineroar|Incineroar, L50, F|55/100\n|switch|p2a: Palafin|Palafin-Hero, L50, M|91/100\n|-activate|p2a: Palafin|ability: Zero to Hero\n|-ability|p1b: Incineroar|Intimidate|boost\n|-unboost|p2a: Palafin|atk|1\n|-unboost|p2b: Sneasler|atk|1\n|-enditem|p2b: Sneasler|White Herb\n|-clearnegativeboost|p2b: Sneasler|[silent]\n|turn|4\n|\n|t:|1776035483\n|move|p2a: Palafin|Protect|p2a: Palafin\n|-singleturn|p2a: Palafin|Protect\n|move|p1b: Incineroar|Fake Out|p2a: Palafin\n|-activate|p2a: Palafin|move: Protect\n|move|p1a: Scizor|Bullet Punch|p2b: Sneasler\n|-damage|p2b: Sneasler|0 fnt\n|faint|p2b: Sneasler\n|\n|-heal|p2a: Palafin|97/100|[from] item: Leftovers\n|upkeep\n|\n|t:|1776035489\n|switch|p2b: Floette|Floette-Eternal, L50, F|100/100\n|turn|5\n|\n|t:|1776035496\n|move|p2b: Floette|Protect|p2b: Floette\n|-singleturn|p2b: Floette|Protect\n|move|p1a: Scizor|Bullet Punch|p2b: Floette\n|-activate|p2b: Floette|move: Protect\n|move|p2a: Palafin|Wave Crash|p1a: Scizor\n|-damage|p1a: Scizor|54/100\n|-damage|p2a: Palafin|86/100|[from] Recoil\n|move|p1b: Incineroar|Parting Shot|p2a: Palafin\n|-unboost|p2a: Palafin|atk|1\n|-unboost|p2a: Palafin|spa|1\n|\n|t:|1776035498\n|switch|p1b: Sneasler|Sneasler, L50, M|100/100|[from] Parting Shot\n|\n|-heal|p2a: Palafin|92/100|[from] item: Leftovers\n|upkeep\n|turn|6\n|\n|t:|1776035511\n|detailschange|p2b: Floette|Floette-Mega, L50, F\n|-mega|p2b: Floette|Floette|Floettite\n|-ability|p2b: Floette|Fairy Aura\n|move|p1b: Sneasler|Fake Out|p2a: Palafin\n|-damage|p2a: Palafin|77/100\n|move|p1a: Scizor|Bullet Punch|p2b: Floette\n|-supereffective|p2b: Floette|1\n|-damage|p2b: Floette|0 fnt\n|faint|p2b: Floette\n|cant|p2a: Palafin|flinch\n|\n|-heal|p2a: Palafin|84/100|[from] item: Leftovers\n|upkeep\n|turn|7\n|\n|t:|1776035519\n|move|p1b: Sneasler|Close Combat|p2a: Palafin\n|-damage|p2a: Palafin|25/100\n|-unboost|p1b: Sneasler|def|1\n|-unboost|p1b: Sneasler|spd|1\n|-enditem|p1b: Sneasler|White Herb\n|-clearnegativeboost|p1b: Sneasler|[silent]\n|move|p2a: Palafin|Wave Crash|p1a: Scizor\n|-damage|p1a: Scizor|25/100\n|-damage|p2a: Palafin|16/100|[from] Recoil\n|move|p1a: Scizor|Bug Bite|p2a: Palafin\n|-damage|p2a: Palafin|0 fnt\n|faint|p2a: Palafin\n|\n|win|Gordon Gambley\n|n|\u2606Gordon Gambley|gordongambley\n|n|\u2606Bloodmoon-Grisou|bloodmoongrisou\n|l|\u2606Bloodmoon-Grisou\n|player|p2|\n",
  "uploadtime": 1776035524,
  "views": 22,
  "formatid": "gen9championsvgc2026regma",
  "rating": null,
  "private": 0,
  "password": null
}