{
  "id": "gen9championsvgc2026regma-2588110159",
  "format": "[Gen 9 Champions] VGC 2026 Reg M-A",
  "players": [
    "Betsie",
    "xRamii"
  ],
  "log": "|j|\u2606Betsie\n|j|\u2606xRamii\n|t:|1776605371\n|gametype|doubles\n|player|p1|Betsie|jacinthe|1536\n|player|p2|xRamii|veteran|1602\n|gen|9\n|tier|[Gen 9 Champions] VGC 2026 Reg M-A\n|rated|\n|rule|Species Clause: Limit one of each Pok\u00e9mon\n|rule|Item Clause: Limit 1 of each item\n|clearpoke\n|poke|p1|Pelipper, L50, F|\n|poke|p1|Basculegion, L50, M|\n|poke|p1|Scovillain, L50, F|\n|poke|p1|Kingambit, L50, M|\n|poke|p1|Sneasler, L50, F|\n|poke|p1|Archaludon, L50, M|\n|poke|p2|Garchomp, L50, M, shiny|\n|poke|p2|Floette-Eternal, L50, F|\n|poke|p2|Rotom-Wash, L50, shiny|\n|poke|p2|Aegislash, L50, M, shiny|\n|poke|p2|Charizard, L50, F, shiny|\n|poke|p2|Aerodactyl, L50, M|\n|teampreview|4\n|inactive|Battle timer is ON: inactive players will automatically lose when time's up. (requested by xRamii)\n|\n|t:|1776605448\n|teamsize|p1|4\n|teamsize|p2|4\n|start\n|switch|p1a: Sneasler|Sneasler, L50, F|100/100\n|switch|p1b: Kingambit|Kingambit, L50, M|100/100\n|switch|p2a: Charizard|Charizard, L50, F, shiny|100/100\n|switch|p2b: Rotom|Rotom-Wash, L50, shiny|100/100\n|turn|1\n|\n|t:|1776605466\n|move|p2a: Charizard|Protect|p2a: Charizard\n|-singleturn|p2a: Charizard|Protect\n|move|p1b: Kingambit|Protect|p1b: Kingambit\n|-singleturn|p1b: Kingambit|Protect\n|move|p2b: Rotom|Volt Switch|p1a: Sneasler\n|-damage|p1a: Sneasler|58/100\n|\n|t:|1776605479\n|switch|p2b: Garchomp|Garchomp, L50, M, shiny|100/100|[from] Volt Switch\n|move|p1a: Sneasler|Close Combat|p2b: Garchomp\n|-damage|p2b: Garchomp|46/100\n|-unboost|p1a: Sneasler|def|1\n|-unboost|p1a: Sneasler|spd|1\n|-damage|p1a: Sneasler|45/100|[from] ability: Rough Skin|[of] p2b: Garchomp\n|-enditem|p1a: Sneasler|White Herb\n|-clearnegativeboost|p1a: Sneasler|[silent]\n|\n|upkeep\n|turn|2\n|\n|t:|1776605501\n|detailschange|p2a: Charizard|Charizard-Mega-Y, L50, F, shiny\n|-mega|p2a: Charizard|Charizard|Charizardite Y\n|-weather|SunnyDay|[from] ability: Drought|[of] p2a: Charizard\n|move|p2b: Garchomp|Protect|p2b: Garchomp\n|-singleturn|p2b: Garchomp|Protect\n|move|p1b: Kingambit|Sucker Punch|p2a: Charizard\n|-damage|p2a: Charizard|46/100\n|move|p1a: Sneasler|Dire Claw|p2a: Charizard\n|-damage|p2a: Charizard|0 fnt\n|faint|p2a: Charizard\n|\n|-weather|SunnyDay|[upkeep]\n|upkeep\n|\n|t:|1776605514\n|switch|p2a: Rotom|Rotom-Wash, L50, shiny|100/100\n|turn|3\n|\n|t:|1776605529\n|switch|p2b: Aegislash|Aegislash, L50, M, shiny|100/100\n|move|p1a: Sneasler|Close Combat|p2b: Aegislash\n|-immune|p2b: Aegislash\n|move|p2a: Rotom|Thunderbolt|p1b: Kingambit\n|-damage|p1b: Kingambit|58/100\n|move|p1b: Kingambit|Kowtow Cleave|p2a: Rotom\n|-damage|p2a: Rotom|24/100\n|\n|-weather|SunnyDay|[upkeep]\n|upkeep\n|turn|4\n|\n|t:|1776605550\n|move|p1b: Kingambit|Protect|p1b: Kingambit\n|-singleturn|p1b: Kingambit|Protect\n|-formechange|p2b: Aegislash|Aegislash-Blade|\n|move|p2b: Aegislash|Shadow Sneak|p1a: Sneasler\n|-damage|p1a: Sneasler|0 fnt\n|faint|p1a: Sneasler\n|move|p2a: Rotom|Thunderbolt|p1b: Kingambit\n|-activate|p1b: Kingambit|move: Protect\n|\n|-weather|SunnyDay|[upkeep]\n|upkeep\n|\n|t:|1776605563\n|switch|p1a: Basculegion|Basculegion, L50, M|100/100\n|turn|5\n|\n|t:|1776605585\n|switch|p2a: Garchomp|Garchomp, L50, M, shiny|46/100\n|move|p2b: Aegislash|Shadow Sneak|p1a: Basculegion\n|-supereffective|p1a: Basculegion|1\n|-damage|p1a: Basculegion|23/100\n|move|p1a: Basculegion|Last Respects|p2a: Garchomp\n|-damage|p2a: Garchomp|4/100\n|move|p1b: Kingambit|Kowtow Cleave|p2b: Aegislash\n|-supereffective|p2b: Aegislash|1\n|-damage|p2b: Aegislash|0 fnt\n|faint|p2b: Aegislash\n|\n|-weather|SunnyDay|[upkeep]\n|upkeep\n|\n|t:|1776605594\n|switch|p2b: Rotom|Rotom-Wash, L50, shiny|24/100\n|turn|6\n|\n|t:|1776605614\n|move|p1a: Basculegion|Aqua Jet|p2a: Garchomp\n|-damage|p2a: Garchomp|0 fnt\n|-damage|p1a: Basculegion|11/100|[from] ability: Rough Skin|[of] p2a: Garchomp\n|faint|p2a: Garchomp\n|move|p1b: Kingambit|Sucker Punch|p2b: Rotom\n|-damage|p2b: Rotom|0 fnt\n|faint|p2b: Rotom\n|\n|win|Betsie\n|raw|Betsie's rating: 1536 &rarr; <strong>1560</strong><br />(+24 for winning)\n|raw|xRamii's rating: 1602 &rarr; <strong>1578</strong><br />(-24 for losing)\n|l|\u2606xRamii\n|player|p2|\n",
  "uploadtime": 1776605666,
  "views": 18,
  "formatid": "gen9championsvgc2026regma",
  "rating": 1560,
  "private": 0,
  "password": null
}