{
  "id": "gen9championsvgc2026regma-2582146169",
  "format": "[Gen 9 Champions] VGC 2026 Reg M-A",
  "players": [
    "chinesedeveloper",
    "Crapaud2008"
  ],
  "log": "|j|\u2606chinesedeveloper\n|j|\u203dCrapaud2008\n|t:|1776063941\n|gametype|doubles\n|player|p1|chinesedeveloper|parasollady|1000\n|player|p2|Crapaud2008|170|1000\n|gen|9\n|tier|[Gen 9 Champions] VGC 2026 Reg M-A\n|rated|\n|rule|Species Clause: Limit one of each Pok\u00e9mon\n|rule|Item Clause: Limit 1 of each item\n|clearpoke\n|poke|p1|Simisear, L50, F|\n|poke|p1|Clefable, L50, F|\n|poke|p1|Torkoal, L50, M|\n|poke|p1|Scovillain, L50, F|\n|poke|p1|Froslass, L50, F|\n|poke|p1|Sneasler, L50, F|\n|poke|p2|Kangaskhan, L50, F|\n|poke|p2|Sneasler, L50, F|\n|poke|p2|Hydreigon, L50, M|\n|poke|p2|Arcanine, L50, M|\n|poke|p2|Aegislash, L50, M|\n|poke|p2|Gyarados, L50, M|\n|teampreview|4\n|\n|t:|1776064006\n|teamsize|p1|4\n|teamsize|p2|4\n|start\n|switch|p1a: Torkoal|Torkoal, L50, M|100/100\n|switch|p1b: Scovillain|Scovillain, L50, F|100/100\n|switch|p2a: Gyarados|Gyarados, L50, M, shiny|100/100\n|switch|p2b: Arcanine|Arcanine, L50, M, shiny|100/100\n|-ability|p2b: Arcanine|Intimidate|boost\n|-unboost|p1a: Torkoal|atk|1\n|-unboost|p1b: Scovillain|atk|1\n|-ability|p2a: Gyarados|Intimidate|boost\n|-unboost|p1a: Torkoal|atk|1\n|-unboost|p1b: Scovillain|atk|1\n|-weather|SunnyDay|[from] ability: Drought|[of] p1a: Torkoal\n|turn|1\n|inactive|Battle timer is ON: inactive players will automatically lose when time's up. (requested by Crapaud2008)\n|\n|t:|1776064032\n|switch|p1a: Clefable|Clefable, L50, F|100/100\n|detailschange|p1b: Scovillain|Scovillain-Mega, L50, F\n|-mega|p1b: Scovillain|Scovillain|Scovillainite\n|move|p2b: Arcanine|Extreme Speed|p1a: Clefable\n|-damage|p1a: Clefable|77/100\n|move|p1b: Scovillain|Solar Beam||[still]\n|-prepare|p1b: Scovillain|Solar Beam\n|-anim|p1b: Scovillain|Solar Beam|p2a: Gyarados\n|-damage|p2a: Gyarados|48/100\n|move|p2a: Gyarados|Stone Edge|p1a: Clefable|[miss]\n|-miss|p2a: Gyarados|p1a: Clefable\n|\n|-weather|SunnyDay|[upkeep]\n|-heal|p1a: Clefable|83/100|[from] item: Leftovers\n|upkeep\n|turn|2\n|\n|t:|1776064057\n|move|p1a: Clefable|Follow Me|p1a: Clefable\n|-singleturn|p1a: Clefable|move: Follow Me\n|move|p2b: Arcanine|Will-O-Wisp|p1a: Clefable\n|-status|p1a: Clefable|brn\n|move|p1b: Scovillain|Solar Beam||[still]\n|-prepare|p1b: Scovillain|Solar Beam\n|-anim|p1b: Scovillain|Solar Beam|p2a: Gyarados\n|-damage|p2a: Gyarados|0 fnt\n|faint|p2a: Gyarados\n|\n|-weather|SunnyDay|[upkeep]\n|-heal|p1a: Clefable|89/100 brn|[from] item: Leftovers\n|-damage|p1a: Clefable|83/100 brn|[from] brn\n|upkeep\n|\n|t:|1776064068\n|switch|p2a: Sneasler|Sneasler, L50, F, shiny|100/100\n|turn|3\n|\n|t:|1776064081\n|move|p1a: Clefable|Follow Me|p1a: Clefable\n|-singleturn|p1a: Clefable|move: Follow Me\n|move|p2a: Sneasler|Dire Claw|p1a: Clefable\n|-supereffective|p1a: Clefable|1\n|-damage|p1a: Clefable|3/100 brn\n|move|p2b: Arcanine|Flare Blitz|p1a: Clefable\n|-damage|p1a: Clefable|0 fnt\n|faint|p1a: Clefable\n|-damage|p2b: Arcanine|99/100|[from] Recoil\n|move|p1b: Scovillain|Flamethrower|p2a: Sneasler\n|-crit|p2a: Sneasler\n|-damage|p2a: Sneasler|0 fnt\n|faint|p2a: Sneasler\n|\n|-weather|SunnyDay|[upkeep]\n|upkeep\n|\n|t:|1776064096\n|switch|p2a: Kangaskhan|Kangaskhan, L50, F, shiny|100/100\n|switch|p1a: wukong|Simisear, L50, F|100/100\n|turn|4\n|\n|t:|1776064107\n|detailschange|p2a: Kangaskhan|Kangaskhan-Mega, L50, F, shiny\n|-mega|p2a: Kangaskhan|Kangaskhan|Kangaskhanite\n|move|p1a: wukong|Fake Out|p2b: Arcanine\n|-crit|p2b: Arcanine\n|-damage|p2b: Arcanine|84/100\n|move|p2a: Kangaskhan|Double-Edge|p1a: wukong\n|-damage|p1a: wukong|0 fnt\n|faint|p1a: wukong\n|-hitcount|p1: wukong|1\n|-damage|p2a: Kangaskhan|73/100|[from] Recoil\n|cant|p2b: Arcanine|flinch\n|move|p1b: Scovillain|Flamethrower|p2a: Kangaskhan\n|-damage|p2a: Kangaskhan|5/100\n|\n|-weather|SunnyDay|[upkeep]\n|upkeep\n|\n|t:|1776064123\n|switch|p1a: Torkoal|Torkoal, L50, M|100/100\n|turn|5\n|\n|t:|1776064140\n|move|p1b: Scovillain|Helping Hand|p1a: Torkoal\n|-singleturn|p1a: Torkoal|Helping Hand|[of] p1b: Scovillain\n|move|p2a: Kangaskhan|Double-Edge|p1a: Torkoal\n|-damage|p1a: Torkoal|66/100\n|-damage|p1a: Torkoal|59/100\n|-hitcount|p1a: Torkoal|2\n|-damage|p2a: Kangaskhan|0 fnt|[from] Recoil\n|faint|p2a: Kangaskhan\n|move|p2b: Arcanine|Flare Blitz|p1b: Scovillain\n|-damage|p1b: Scovillain|0 fnt\n|-immune|p2b: Arcanine\n|faint|p1b: Scovillain\n|-damage|p2b: Arcanine|56/100|[from] Recoil\n|move|p1a: Torkoal|Rock Slide|p2b: Arcanine|[miss]\n|-miss|p1a: Torkoal|p2b: Arcanine\n|\n|-weather|none\n|upkeep\n|turn|6\n|-activate|p1a: Torkoal|item: Quick Claw\n|\n|t:|1776064163\n|move|p2b: Arcanine|Extreme Speed|p1a: Torkoal\n|-damage|p1a: Torkoal|44/100\n|move|p1a: Torkoal|Rock Slide|p2b: Arcanine\n|-supereffective|p2b: Arcanine|1\n|-damage|p2b: Arcanine|19/100\n|-enditem|p2b: Arcanine|Sitrus Berry|[eat]\n|-heal|p2b: Arcanine|44/100|[from] item: Sitrus Berry\n|\n|upkeep\n|turn|7\n|-activate|p1a: Torkoal|item: Quick Claw\n|\n|t:|1776064179\n|move|p2b: Arcanine|Extreme Speed|p1a: Torkoal\n|-damage|p1a: Torkoal|28/100\n|move|p1a: Torkoal|Body Press|p2b: Arcanine\n|-damage|p2b: Arcanine|5/100\n|\n|upkeep\n|turn|8\n|\n|t:|1776064189\n|move|p2b: Arcanine|Flare Blitz|p1a: Torkoal\n|-resisted|p1a: Torkoal|1\n|-damage|p1a: Torkoal|13/100\n|-damage|p2b: Arcanine|0 fnt|[from] Recoil\n|faint|p2b: Arcanine\n|\n|win|chinesedeveloper\n|raw|chinesedeveloper's rating: 1000 &rarr; <strong>1040</strong><br />(+40 for winning)\n|raw|Crapaud2008's rating: 1000 &rarr; <strong>1000</strong><br />(+0 for losing)\n|l|\u203dCrapaud2008\n|player|p2|\n",
  "uploadtime": 1776064199,
  "views": 12,
  "formatid": "gen9championsvgc2026regma",
  "rating": 1000,
  "private": 0,
  "password": null
}