{
  "id": "gen9championsvgc2026regma-2587847744",
  "format": "[Gen 9 Champions] VGC 2026 Reg M-A",
  "players": [
    "eriksp",
    "oldcigarette"
  ],
  "log": "|j|\u2606eriksp\n|j|\u2606oldcigarette\n|t:|1776570222\n|gametype|doubles\n|player|p1|eriksp|cynthia-masters4|\n|player|p2|oldcigarette|170|\n|gen|9\n|tier|[Gen 9 Champions] VGC 2026 Reg M-A\n|rated|Tournament battle\n|rule|Species Clause: Limit one of each Pok\u00e9mon\n|rule|Item Clause: Limit 1 of each item\n|raw|<div class=\"infobox\"><details class=\"readmore\" open><summary><strong>1 custom rule:</strong></summary> Force Open Team Sheets</details></div>\n|clearpoke\n|poke|p1|Floette-Eternal, L50, F|\n|poke|p1|Delphox, L50, M|\n|poke|p1|Incineroar, L50, F|\n|poke|p1|Aerodactyl, L50, M|\n|poke|p1|Maushold, L50|\n|poke|p1|Garchomp, L50, F|\n|poke|p2|Sneasler, L50, M|\n|poke|p2|Incineroar, L50, F|\n|poke|p2|Kingambit, L50, M|\n|poke|p2|Gengar, L50, M|\n|poke|p2|Toxapex, L50, M|\n|poke|p2|Vivillon-Fancy, L50, F|\n|teampreview|4\n|showteam|p1|Floette-Eternal||Floettite|FlowerVeil|Moonblast,CalmMind,Protect,DazzlingGleam|||F|||50|]Delphox||Delphoxite|Blaze|HeatWave,Psychic,Substitute,Protect|||M|||50|]Incineroar||SitrusBerry|Intimidate|FakeOut,PartingShot,FlareBlitz,ThroatChop|||F|||50|]Aerodactyl||FocusSash|Unnerve|RockSlide,DualWingbeat,Protect,Tailwind|||M|||50|]Maushold||ChopleBerry|FriendGuard|FollowMe,SuperFang,Taunt,Protect||||||50|]Garchomp||WhiteHerb|RoughSkin|Earthquake,DragonClaw,RockSlide,Protect|||F|||50|\n|showteam|p2|Sneasler||WhiteHerb|Unburden|CloseCombat,DireClaw,FakeOut,Protect|||M|||50|]Incineroar||SitrusBerry|Intimidate|FakeOut,PartingShot,ThroatChop,Protect|||F|||50|]Kingambit||ChopleBerry|Defiant|KowtowCleave,LowKick,Protect,SuckerPunch|||M|||50|]Gengar||Gengarite|CursedBody|PerishSong,Substitute,ShadowBall,Protect|||M|||50|]Toxapex||Leftovers|Regenerator|Recover,Infestation,Stockpile,BanefulBunker|||M|||50|]Vivillon-Fancy||FocusSash|CompoundEyes|RagePowder,SleepPowder,PollenPuff,Protect|||F|||50|\n|inactive|Battle timer is ON: inactive players will automatically lose when time's up. (requested by oldcigarette)\n|inactive|oldcigarette has 60 seconds left.\n|inactive|oldcigarette has 30 seconds left.\n|j| Bman311\n|inactive|oldcigarette has 20 seconds left.\n|inactive|oldcigarette has 15 seconds left.\n|\n|t:|1776570299\n|teamsize|p1|4\n|teamsize|p2|4\n|start\n|switch|p1a: Delphox|Delphox, L50, M|100/100\n|switch|p1b: Garchomp|Garchomp, L50, F|100/100\n|switch|p2a: Sneasler|Sneasler, L50, M|100/100\n|switch|p2b: Gengar|Gengar, L50, M|100/100\n|turn|1\n|\n|t:|1776570311\n|detailschange|p1a: Delphox|Delphox-Mega, L50, M\n|-mega|p1a: Delphox|Delphox|Delphoxite\n|detailschange|p2b: Gengar|Gengar-Mega, L50, M\n|-mega|p2b: Gengar|Gengar|Gengarite\n|move|p2a: Sneasler|Fake Out|p1a: Delphox\n|-damage|p1a: Delphox|79/100\n|cant|p1a: Delphox|flinch\n|move|p2b: Gengar|Perish Song|p2b: Gengar\n|-start|p1a: Delphox|perish3|[silent]\n|-start|p1b: Garchomp|perish3|[silent]\n|-start|p2a: Sneasler|perish3|[silent]\n|-start|p2b: Gengar|perish3|[silent]\n|-fieldactivate|move: Perish Song\n|move|p1b: Garchomp|Earthquake|p2a: Sneasler|[spread] p2a,p2b\n|-immune|p1a: Delphox|[from] ability: Levitate\n|-supereffective|p2a: Sneasler|1\n|-supereffective|p2b: Gengar|1\n|-damage|p2a: Sneasler|0 fnt\n|-damage|p2b: Gengar|22/100\n|faint|p2a: Sneasler\n|\n|-start|p1a: Delphox|perish3\n|-start|p2b: Gengar|perish3\n|-start|p1b: Garchomp|perish3\n|upkeep\n|\n|t:|1776570323\n|switch|p2a: Incineroar|Incineroar, L50, F|100/100\n|-ability|p2a: Incineroar|Intimidate|boost\n|-unboost|p1a: Delphox|atk|1\n|-unboost|p1b: Garchomp|atk|1\n|-enditem|p1b: Garchomp|White Herb\n|-clearnegativeboost|p1b: Garchomp|[silent]\n|turn|2\n|\n|t:|1776570331\n|move|p2b: Gengar|Protect|p2b: Gengar\n|-singleturn|p2b: Gengar|Protect\n|move|p2a: Incineroar|Protect|p2a: Incineroar\n|-singleturn|p2a: Incineroar|Protect\n|move|p1a: Delphox|Psychic|p2b: Gengar\n|-activate|p2b: Gengar|move: Protect\n|move|p1b: Garchomp|Earthquake|p2b: Gengar|[spread] \n|-activate|p2a: Incineroar|move: Protect\n|-activate|p2b: Gengar|move: Protect\n|-immune|p1a: Delphox|[from] ability: Levitate\n|\n|-start|p1a: Delphox|perish2\n|-start|p2b: Gengar|perish2\n|-start|p1b: Garchomp|perish2\n|upkeep\n|turn|3\n|\n|t:|1776570338\n|switch|p2b: Toxapex|Toxapex, L50, M|100/100\n|move|p1a: Delphox|Psychic|p2b: Toxapex\n|-supereffective|p2b: Toxapex|1\n|-damage|p2b: Toxapex|23/100\n|move|p1b: Garchomp|Earthquake|p2a: Incineroar|[spread] p2a,p2b\n|-immune|p1a: Delphox|[from] ability: Levitate\n|-supereffective|p2a: Incineroar|1\n|-supereffective|p2b: Toxapex|1\n|-damage|p2a: Incineroar|39/100\n|-damage|p2b: Toxapex|0 fnt\n|-enditem|p2a: Incineroar|Sitrus Berry|[eat]\n|-heal|p2a: Incineroar|64/100|[from] item: Sitrus Berry\n|faint|p2b: Toxapex\n|move|p2a: Incineroar|Parting Shot|p2: Toxapex|[notarget]\n|-fail|p2a: Incineroar\n|\n|-start|p1a: Delphox|perish1\n|-start|p1b: Garchomp|perish1\n|upkeep\n|\n|t:|1776570347\n|switch|p2b: Gengar|Gengar-Mega, L50, M|22/100\n|turn|4\n|\n|t:|1776570357\n|move|p2b: Gengar|Protect|p2b: Gengar\n|-singleturn|p2b: Gengar|Protect\n|move|p2a: Incineroar|Protect|p2a: Incineroar\n|-singleturn|p2a: Incineroar|Protect\n|move|p1a: Delphox|Heat Wave|p2b: Gengar|[spread] \n|-activate|p2a: Incineroar|move: Protect\n|-activate|p2b: Gengar|move: Protect\n|move|p1b: Garchomp|Earthquake|p2a: Incineroar|[spread] \n|-activate|p2a: Incineroar|move: Protect\n|-activate|p2b: Gengar|move: Protect\n|-immune|p1a: Delphox|[from] ability: Levitate\n|\n|-start|p1a: Delphox|perish0\n|-start|p1b: Garchomp|perish0\n|faint|p1a: Delphox\n|faint|p1b: Garchomp\n|upkeep\n|\n|t:|1776570361\n|switch|p1a: Aerodactyl|Aerodactyl, L50, M|100/100\n|switch|p1b: Incineroar|Incineroar, L50, F|100/100\n|-ability|p1a: Aerodactyl|Unnerve\n|-ability|p1b: Incineroar|Intimidate|boost\n|-unboost|p2a: Incineroar|atk|1\n|-unboost|p2b: Gengar|atk|1\n|turn|5\n|\n|t:|1776570380\n|move|p1b: Incineroar|Fake Out|p2a: Incineroar\n|-damage|p2a: Incineroar|55/100\n|move|p1a: Aerodactyl|Rock Slide|p2a: Incineroar|[spread] p2a,p2b\n|-supereffective|p2a: Incineroar|1\n|-damage|p2a: Incineroar|12/100\n|-damage|p2b: Gengar|0 fnt\n|faint|p2b: Gengar\n|cant|p2a: Incineroar|flinch\n|\n|upkeep\n|turn|6\n|c|\u2606oldcigarette|gg\n|c|\u2606oldcigarette|gl next\n|-message|oldcigarette forfeited.\n|\n|win|eriksp\n|n|\u2606eriksp|eriksp\n|n|\u2606oldcigarette|oldcigarette\n|n| Bman311|bman311\n|c|\u2606eriksp|gg\n",
  "uploadtime": 1776570390,
  "views": 8,
  "formatid": "gen9championsvgc2026regma",
  "rating": null,
  "private": 0,
  "password": null
}