{
  "id": "gen9championsvgc2026regma-2585167359",
  "format": "[Gen 9 Champions] VGC 2026 Reg M-A",
  "players": [
    "Fish0103",
    "jyotsha"
  ],
  "log": "|j|\u2606Fish0103\n|j|\u2606jyotsha\n|t:|1776320166\n|gametype|doubles\n|player|p1|Fish0103|allister-unmasked|1217\n|player|p2|jyotsha|265|1249\n|gen|9\n|tier|[Gen 9 Champions] VGC 2026 Reg M-A\n|rated|\n|rule|Species Clause: Limit one of each Pok\u00e9mon\n|rule|Item Clause: Limit 1 of each item\n|clearpoke\n|poke|p1|Meganium, L50, M|\n|poke|p1|Aerodactyl, L50, M|\n|poke|p1|Sneasler, L50, F|\n|poke|p1|Typhlosion-Hisui, L50, F|\n|poke|p1|Garchomp, L50, M|\n|poke|p1|Weavile, L50, M|\n|poke|p2|Torkoal, L50, M|\n|poke|p2|Basculegion, L50, M|\n|poke|p2|Delphox, L50, F|\n|poke|p2|Tauros-Paldea-Aqua, L50, M|\n|poke|p2|Skarmory, L50, M|\n|poke|p2|Farigiraf, L50, F|\n|teampreview|4\n|inactive|Battle timer is ON: inactive players will automatically lose when time's up. (requested by jyotsha)\n|\n|t:|1776320193\n|teamsize|p1|4\n|teamsize|p2|4\n|start\n|switch|p1a: Sneasler|Sneasler, L50, F|100/100\n|switch|p1b: Weavile|Weavile, L50, M|100/100\n|switch|p2a: Basculegion|Basculegion, L50, M|100/100\n|switch|p2b: Delphox|Delphox, L50, F|100/100\n|-ability|p1b: Weavile|Pressure\n|turn|1\n|\n|t:|1776320215\n|switch|p2a: Farigiraf|Farigiraf, L50, F|100/100\n|detailschange|p2b: Delphox|Delphox-Mega, L50, F\n|-mega|p2b: Delphox|Delphox|Delphoxite\n|move|p1a: Sneasler|Fake Out||[still]\n|cant|p2a: Farigiraf|ability: Armor Tail|Fake Out|[of] p1a: Sneasler\n|move|p2b: Delphox|Psychic|p1a: Sneasler\n|-supereffective|p1a: Sneasler|2\n|-damage|p1a: Sneasler|0 fnt\n|faint|p1a: Sneasler\n|move|p1b: Weavile|Knock Off|p2a: Farigiraf\n|-supereffective|p2a: Farigiraf|1\n|-damage|p2a: Farigiraf|20/100\n|-enditem|p2a: Farigiraf|Leftovers|[from] move: Knock Off|[of] p1b: Weavile\n|\n|upkeep\n|\n|t:|1776320229\n|switch|p1a: Garchomp|Garchomp, L50, M|100/100\n|turn|2\n|\n|t:|1776320245\n|switch|p2a: Tauros|Tauros-Paldea-Aqua, L50, M|100/100\n|-ability|p2a: Tauros|Intimidate|boost\n|-unboost|p1a: Garchomp|atk|1\n|-unboost|p1b: Weavile|atk|1\n|move|p2b: Delphox|Heat Wave|p1a: Garchomp|[spread] p1a,p1b\n|-resisted|p1a: Garchomp|1\n|-supereffective|p1b: Weavile|1\n|-damage|p1a: Garchomp|79/100\n|-damage|p1b: Weavile|0 fnt\n|-status|p1a: Garchomp|brn\n|-enditem|p1a: Garchomp|Lum Berry|[eat]\n|-curestatus|p1a: Garchomp|brn|[msg]\n|faint|p1b: Weavile\n|move|p1a: Garchomp|Rock Slide|p2b: Delphox|[spread] p2a,p2b\n|-resisted|p2a: Tauros|1\n|-supereffective|p2b: Delphox|1\n|-damage|p2a: Tauros|93/100\n|-damage|p2b: Delphox|62/100\n|\n|upkeep\n|\n|t:|1776320251\n|switch|p1b: Typhlosion|Typhlosion-Hisui, L50, F|100/100\n|-item|p2a: Tauros|White Herb|[from] ability: Frisk|[of] p1b: Typhlosion\n|-item|p2b: Delphox|Delphoxite|[from] ability: Frisk|[of] p1b: Typhlosion\n|turn|3\n|\n|t:|1776320269\n|move|p2b: Delphox|Protect|p2b: Delphox\n|-singleturn|p2b: Delphox|Protect\n|move|p1b: Typhlosion|Shadow Ball|p2a: Tauros\n|-damage|p2a: Tauros|27/100\n|move|p2a: Tauros|Wave Crash|p1b: Typhlosion\n|-supereffective|p1b: Typhlosion|1\n|-damage|p1b: Typhlosion|0 fnt\n|faint|p1b: Typhlosion\n|-damage|p2a: Tauros|0 fnt|[from] Recoil\n|faint|p2a: Tauros\n|move|p1a: Garchomp|Rock Slide|p2b: Delphox\n|-activate|p2b: Delphox|move: Protect\n|\n|upkeep\n|\n|t:|1776320282\n|switch|p2a: Basculegion|Basculegion, L50, M|100/100\n|turn|4\n|\n|t:|1776320289\n|switch|p2a: Farigiraf|Farigiraf, L50, F|20/100\n|move|p2b: Delphox|Psychic|p1a: Garchomp\n|-damage|p1a: Garchomp|29/100\n|move|p1a: Garchomp|Rock Slide|p2a: Farigiraf|[spread] p2a,p2b\n|-supereffective|p2b: Delphox|1\n|-damage|p2a: Farigiraf|9/100\n|-damage|p2b: Delphox|26/100\n|\n|upkeep\n|turn|5\n|-message|Fish0103 forfeited.\n|\n|win|jyotsha\n|raw|Fish0103's rating: 1217 &rarr; <strong>1194</strong><br />(-23 for losing)\n|raw|jyotsha's rating: 1249 &rarr; <strong>1272</strong><br />(+23 for winning)\n",
  "uploadtime": 1776320300,
  "views": 22,
  "formatid": "gen9championsvgc2026regma",
  "rating": 1194,
  "private": 0,
  "password": null
}