{
  "id": "gen9championsvgc2026regma-2585553712",
  "format": "[Gen 9 Champions] VGC 2026 Reg M-A",
  "players": [
    "Catapulta_1",
    "joaquinpug"
  ],
  "log": "|j|\u2606Catapulta_1\n|j|\u2606joaquinpug\n|t:|1776355132\n|gametype|doubles\n|player|p1|Catapulta_1|gentleman-gen1|1025\n|player|p2|joaquinpug|266|1087\n|gen|9\n|tier|[Gen 9 Champions] VGC 2026 Reg M-A\n|rated|\n|rule|Species Clause: Limit one of each Pok\u00e9mon\n|rule|Item Clause: Limit 1 of each item\n|clearpoke\n|poke|p1|Milotic, L50, M|\n|poke|p1|Maushold, L50|\n|poke|p1|Basculegion, L50, M|\n|poke|p1|Pelipper, L50, M|\n|poke|p1|Archaludon, L50, M|\n|poke|p1|Gengar, L50, F|\n|poke|p2|Farigiraf, L50, F|\n|poke|p2|Clefable, L50, F|\n|poke|p2|Torkoal, L50, F|\n|poke|p2|Venusaur, L50, M|\n|poke|p2|Talonflame, L50, M|\n|poke|p2|Milotic, L50, F|\n|teampreview|4\n|\n|t:|1776355171\n|teamsize|p1|4\n|teamsize|p2|4\n|start\n|switch|p1a: Milotic|Milotic, L50, M|100/100\n|switch|p1b: Gengar|Gengar, L50, F|100/100\n|switch|p2a: Farigiraf|Farigiraf, L50, F|100/100\n|switch|p2b: Clefable|Clefable, L50, F|100/100\n|turn|1\n|\n|t:|1776355215\n|detailschange|p1b: Gengar|Gengar-Mega, L50, F\n|-mega|p1b: Gengar|Gengar|Gengarite\n|move|p1a: Milotic|Protect|p1a: Milotic\n|-singleturn|p1a: Milotic|Protect\n|move|p2b: Clefable|Protect|p2b: Clefable\n|-singleturn|p2b: Clefable|Protect\n|move|p1b: Gengar|Sludge Wave|p2b: Clefable|[spread] p2a\n|-activate|p1a: Milotic|move: Protect\n|-activate|p2b: Clefable|move: Protect\n|-damage|p2a: Farigiraf|56/100\n|move|p2a: Farigiraf|Trick Room|p2a: Farigiraf\n|-fieldstart|move: Trick Room|[of] p2a: Farigiraf\n|\n|upkeep\n|turn|2\n|\n|t:|1776355259\n|switch|p1b: Archaludon|Archaludon, L50, M|100/100\n|move|p2a: Farigiraf|Protect|p2a: Farigiraf\n|-singleturn|p2a: Farigiraf|Protect\n|move|p2b: Clefable|Fake Tears|p1b: Archaludon\n|-unboost|p1b: Archaludon|spd|2\n|move|p1a: Milotic|Scald|p2b: Clefable\n|-damage|p2b: Clefable|72/100\n|\n|-heal|p2b: Clefable|78/100|[from] item: Leftovers\n|upkeep\n|turn|3\n|\n|t:|1776355278\n|move|p2b: Clefable|Follow Me|p2b: Clefable\n|-singleturn|p2b: Clefable|move: Follow Me\n|move|p2a: Farigiraf|Hyper Voice|p1a: Milotic|[spread] p1a,p1b\n|-resisted|p1b: Archaludon|1\n|-damage|p1a: Milotic|72/100\n|-damage|p1b: Archaludon|60/100\n|-ability|p1b: Archaludon|Stamina|boost\n|-boost|p1b: Archaludon|def|1\n|move|p1a: Milotic|Scald|p2b: Clefable\n|-damage|p2b: Clefable|45/100\n|move|p1b: Archaludon|Flash Cannon|p2b: Clefable\n|-supereffective|p2b: Clefable|1\n|-damage|p2b: Clefable|0 fnt\n|faint|p2b: Clefable\n|\n|-heal|p1b: Archaludon|67/100|[from] item: Leftovers\n|upkeep\n|\n|t:|1776355292\n|switch|p2b: Torkoal|Torkoal, L50, F|100/100\n|-weather|SunnyDay|[from] ability: Drought|[of] p2b: Torkoal\n|turn|4\n|\n|t:|1776355305\n|switch|p1b: Pelipper|Pelipper, L50, M|100/100\n|-weather|RainDance|[from] ability: Drizzle|[of] p1b: Pelipper\n|move|p2b: Torkoal|Earth Power|p1b: Pelipper\n|-immune|p1b: Pelipper\n|move|p2a: Farigiraf|Hyper Voice|p1a: Milotic|[spread] p1a,p1b\n|-damage|p1a: Milotic|45/100\n|-damage|p1b: Pelipper|57/100\n|move|p1a: Milotic|Scald|p2b: Torkoal\n|-supereffective|p2b: Torkoal|1\n|-damage|p2b: Torkoal|0 fnt\n|faint|p2b: Torkoal\n|\n|-weather|RainDance|[upkeep]\n|upkeep\n|c|\u2606joaquinpug|crucial misplay\n|c|\u2606Catapulta_1|nice torkoal\n|c|\u2606Catapulta_1|ggs\n|c|\u2606joaquinpug|thought your milotic would swap\n|c|\u2606Catapulta_1|nope\n|c|\u2606joaquinpug|but no you went with archie\n|\n|t:|1776355339\n|switch|p2b: Milotic|Milotic, L50, F|100/100\n|turn|5\n|c|\u2606Catapulta_1|ou\n|c|\u2606joaquinpug|trying out a new team\n|\n|t:|1776355353\n|move|p1a: Milotic|Protect|p1a: Milotic\n|-singleturn|p1a: Milotic|Protect\n|move|p2a: Farigiraf|Hyper Voice|p1a: Milotic|[spread] p1b\n|-activate|p1a: Milotic|move: Protect\n|-damage|p1b: Pelipper|12/100\n|-enditem|p1b: Pelipper|Sitrus Berry|[eat]\n|-heal|p1b: Pelipper|37/100|[from] item: Sitrus Berry\n|move|p1b: Pelipper|Tailwind|p1b: Pelipper\n|-sidestart|p1: Catapulta_1|move: Tailwind\n|move|p2b: Milotic|Icy Wind|p1b: Pelipper|[spread] p1b\n|-activate|p1a: Milotic|move: Protect\n|-damage|p1b: Pelipper|24/100\n|-unboost|p1b: Pelipper|spe|1\n|\n|-weather|RainDance|[upkeep]\n|-fieldend|move: Trick Room\n|upkeep\n|turn|6\n|\n|t:|1776355378\n|move|p1a: Milotic|Recover|p1a: Milotic\n|-heal|p1a: Milotic|95/100\n|move|p1b: Pelipper|Air Slash|p2a: Farigiraf\n|-damage|p2a: Farigiraf|28/100\n|move|p2b: Milotic|Icy Wind|p1b: Pelipper|[spread] p1a,p1b\n|-resisted|p1a: Milotic|1\n|-crit|p1b: Pelipper\n|-damage|p1a: Milotic|90/100\n|-damage|p1b: Pelipper|5/100\n|-unboost|p1a: Milotic|spe|1\n|-ability|p1a: Milotic|Competitive|boost\n|-boost|p1a: Milotic|spa|2\n|-unboost|p1b: Pelipper|spe|1\n|cant|p2a: Farigiraf|flinch\n|\n|-weather|RainDance|[upkeep]\n|upkeep\n|turn|7\n|-message|joaquinpug forfeited.\n|\n|win|Catapulta_1\n|raw|Catapulta_1's rating: 1025 &rarr; <strong>1068</strong><br />(+43 for winning)\n|raw|joaquinpug's rating: 1087 &rarr; <strong>1060</strong><br />(-27 for losing)\n|l|\u2606joaquinpug\n|player|p2|\n|c|\u2606Catapulta_1|contrary\n",
  "uploadtime": 1776355410,
  "views": 23,
  "formatid": "gen9championsvgc2026regma",
  "rating": 1060,
  "private": 0,
  "password": null
}