{
  "id": "gen9championsvgc2026regma-2585781012",
  "format": "[Gen 9 Champions] VGC 2026 Reg M-A",
  "players": [
    "SoyGomezLoco",
    "Zalsto"
  ],
  "log": "|j|\u2606SoyGomezLoco\n|j|\u2606Zalsto\n|t:|1776370161\n|gametype|doubles\n|player|p1|SoyGomezLoco|hiker-gen4|1118\n|player|p2|Zalsto|170|1111\n|gen|9\n|tier|[Gen 9 Champions] VGC 2026 Reg M-A\n|rated|\n|rule|Species Clause: Limit one of each Pok\u00e9mon\n|rule|Item Clause: Limit 1 of each item\n|clearpoke\n|poke|p1|Alakazam, L50, M|\n|poke|p1|Ampharos, L50, M|\n|poke|p1|Sinistcha, L50|\n|poke|p1|Basculegion, L50, M|\n|poke|p1|Pelipper, L50, M|\n|poke|p1|Scizor, L50, M|\n|poke|p2|Banette, L50, M|\n|poke|p2|Emboar, L50, F|\n|poke|p2|Tauros-Paldea-Aqua, L50, M|\n|poke|p2|Rotom-Wash, L50|\n|poke|p2|Basculegion, L50, M|\n|poke|p2|Mr. Rime, L50, F|\n|teampreview|4\nSoyGomezLoco has agreed to open team sheets.\n|inactive|Battle timer is ON: inactive players will automatically lose when time's up. (requested by SoyGomezLoco)\n|inactive|Zalsto has 60 seconds left.\n|\n|t:|1776370329\n|teamsize|p1|4\n|teamsize|p2|4\n|start\n|switch|p1a: ELMago|Alakazam, L50, M, shiny|100/100\n|switch|p1b: Alan|Ampharos, L50, M|100/100\n|switch|p2a: Banette|Banette, L50, M|100/100\n|switch|p2b: Rotom|Rotom-Wash, L50|100/100\n|-item|p1a: ELMago|Focus Sash|[from] ability: Frisk|[of] p2a: Banette\n|-item|p1b: Alan|Ampharosite|[from] ability: Frisk|[of] p2a: Banette\n|turn|1\n|\n|t:|1776370353\n|detailschange|p1b: Alan|Ampharos-Mega, L50, M\n|-mega|p1b: Alan|Ampharos|Ampharosite\n|-ability|p1b: Alan|Mold Breaker\n|move|p2a: Banette|Protect|p2a: Banette\n|-singleturn|p2a: Banette|Protect\n|move|p2b: Rotom|Electroweb|p1a: ELMago|[spread] p1a,p1b\n|-resisted|p1b: Alan|2\n|-damage|p1a: ELMago|80/100\n|-damage|p1b: Alan|97/100\n|-unboost|p1a: ELMago|spe|1\n|-unboost|p1b: Alan|spe|1\n|move|p1a: ELMago|Speed Swap|p2a: Banette\n|-activate|p2a: Banette|move: Protect\n|move|p1b: Alan|Electroweb|p2a: Banette|[spread] p2b\n|-activate|p2a: Banette|move: Protect\n|-crit|p2b: Rotom\n|-damage|p2b: Rotom|44/100\n|-unboost|p2b: Rotom|spe|1\n|\n|upkeep\n|turn|2\n|inactive|SoyGomezLoco has 30 seconds left.\n|inactive|Zalsto has 30 seconds left.\n|inactive|Zalsto has 20 seconds left.\n|inactive|Zalsto has 15 seconds left.\n|inactive|Zalsto has 10 seconds left.\n|inactive|Zalsto has 5 seconds left.\n|\n|t:|1776370406\n|switch|p2a: Mr. Rime|Mr. Rime, L50, F|100/100\n|move|p2b: Rotom|Electroweb|p1b: Alan|[spread] p1a,p1b\n|-resisted|p1b: Alan|2\n|-damage|p1a: ELMago|57/100\n|-damage|p1b: Alan|93/100\n|-unboost|p1a: ELMago|spe|1\n|-unboost|p1b: Alan|spe|1\n|move|p1a: ELMago|Speed Swap|p1b: Alan\n|-activate|p1a: ELMago|move: Speed Swap|[of] p1b: Alan\n|move|p1b: Alan|Electroweb|p2a: Mr. Rime|[spread] p2a,p2b\n|-damage|p2a: Mr. Rime|76/100\n|-damage|p2b: Rotom|5/100\n|-unboost|p2a: Mr. Rime|spe|1\n|-unboost|p2b: Rotom|spe|1\n|\n|-heal|p2a: Mr. Rime|82/100|[from] item: Leftovers\n|upkeep\n|turn|3\n|inactive|SoyGomezLoco has 30 seconds left.\n|inactive|SoyGomezLoco has 20 seconds left.\n|\n|t:|1776370441\n|move|p2a: Mr. Rime|Fake Out|p1b: Alan\n|-damage|p1b: Alan|86/100\n|move|p2b: Rotom|Electroweb|p1b: Alan|[spread] p1a,p1b\n|-resisted|p1b: Alan|2\n|-damage|p1a: ELMago|35/100\n|-damage|p1b: Alan|82/100\n|-unboost|p1a: ELMago|spe|1\n|-unboost|p1b: Alan|spe|1\n|cant|p1b: Alan|flinch\n|move|p1a: ELMago|Light Screen|p1a: ELMago\n|-sidestart|p1: SoyGomezLoco|move: Light Screen\n|\n|-heal|p2a: Mr. Rime|88/100|[from] item: Leftovers\n|upkeep\n|turn|4\n|\n|t:|1776370458\n|switch|p2a: Banette|Banette, L50, M|100/100\n|-item|p1a: ELMago|Focus Sash|[from] ability: Frisk|[of] p2a: Banette\n|-item|p1b: Alan|Ampharosite|[from] ability: Frisk|[of] p2a: Banette\n|move|p2b: Rotom|Electroweb|p1a: ELMago|[spread] p1a,p1b\n|-resisted|p1b: Alan|2\n|-damage|p1a: ELMago|20/100\n|-damage|p1b: Alan|80/100\n|-unboost|p1a: ELMago|spe|1\n|-unboost|p1b: Alan|spe|1\n|move|p1b: Alan|Electroweb|p2a: Banette|[spread] p2a,p2b\n|-damage|p2a: Banette|72/100\n|-damage|p2b: Rotom|0 fnt\n|-unboost|p2a: Banette|spe|1\n|faint|p2b: Rotom\n|move|p1a: ELMago|Psychic|p2a: Banette\n|-damage|p2a: Banette|31/100\n|\n|upkeep\n|\n|t:|1776370476\n|switch|p2b: Mr. Rime|Mr. Rime, L50, F|88/100\n|-activate|p2b: Mr. Rime|ability: Screen Cleaner\n|-sideend|p1: SoyGomezLoco|move: Light Screen\n|turn|5\n|\n|t:|1776370490\n|detailschange|p2a: Banette|Banette-Mega, L50, M\n|-mega|p2a: Banette|Banette|Banettite\n|move|p2b: Mr. Rime|Fake Out|p1b: Alan\n|-damage|p1b: Alan|73/100\n|move|p2a: Banette|Encore|p1b: Alan\n|-start|p1b: Alan|Encore\n|cant|p1b: Alan|flinch\n|move|p1a: ELMago|Light Screen|p1a: ELMago\n|-sidestart|p1: SoyGomezLoco|move: Light Screen\n|\n|-heal|p2b: Mr. Rime|94/100|[from] item: Leftovers\n|upkeep\n|turn|6\n|\n|t:|1776370507\n|move|p2a: Banette|Disable|p1b: Alan\n|-start|p1b: Alan|Disable|Electroweb\n|move|p2b: Mr. Rime|Psychic|p1a: ELMago\n|-resisted|p1a: ELMago|1\n|-damage|p1a: ELMago|6/100\n|cant|p1b: Alan|Disable|Electroweb\n|move|p1a: ELMago|Reflect|p1a: ELMago\n|-sidestart|p1: SoyGomezLoco|Reflect\n|\n|-heal|p2b: Mr. Rime|99/100|[from] item: Leftovers\n|upkeep\n|turn|7\n|\n|t:|1776370527\n|switch|p1b: CapituloMuerto|Basculegion, L50, M|100/100\n|move|p2a: Banette|Rain Dance|p2a: Banette\n|-weather|RainDance\n|move|p2b: Mr. Rime|Psychic|p1a: ELMago\n|-resisted|p1a: ELMago|1\n|-damage|p1a: ELMago|0 fnt\n|faint|p1a: ELMago\n|\n|-weather|RainDance|[upkeep]\n|-heal|p2b: Mr. Rime|100/100|[from] item: Leftovers\n|upkeep\n|\n|t:|1776370539\n|switch|p1a: Alan|Ampharos-Mega, L50, M|73/100\n|-ability|p1a: Alan|Mold Breaker\n|turn|8\n|\n|t:|1776370553\n|move|p2a: Banette|Protect|p2a: Banette\n|-singleturn|p2a: Banette|Protect\n|move|p1b: CapituloMuerto|Last Respects|p2a: Banette\n|-activate|p2a: Banette|move: Protect\n|move|p2b: Mr. Rime|Sheer Cold|p1a: Alan|[miss]\n|-miss|p2b: Mr. Rime|p1a: Alan\n|move|p1a: Alan|Thunder|p2b: Mr. Rime\n|-damage|p2b: Mr. Rime|39/100\n|-status|p2b: Mr. Rime|par\n|\n|-weather|RainDance|[upkeep]\n|-heal|p2b: Mr. Rime|45/100 par|[from] item: Leftovers\n|upkeep\n|turn|9\n|-message|Zalsto forfeited.\n|\n|win|SoyGomezLoco\n|raw|SoyGomezLoco's rating: 1118 &rarr; <strong>1142</strong><br />(+24 for winning)\n|raw|Zalsto's rating: 1111 &rarr; <strong>1087</strong><br />(-24 for losing)\n|l|\u2606Zalsto\n|player|p2|\n",
  "uploadtime": 1776370573,
  "views": 17,
  "formatid": "gen9championsvgc2026regma",
  "rating": 1087,
  "private": 0,
  "password": null
}