{
  "id": "gen9championsvgc2026regma-2581373692",
  "format": "[Gen 9 Champions] VGC 2026 Reg M-A",
  "players": [
    "Shiba_so",
    "debouls"
  ],
  "log": "|j|\u2606Shiba_so\n|j|\u2606debouls\n|t:|1775993259\n|gametype|doubles\n|player|p1|Shiba_so|265|1127\n|player|p2|debouls|2|1232\n|gen|9\n|tier|[Gen 9 Champions] VGC 2026 Reg M-A\n|rated|\n|rule|Species Clause: Limit one of each Pok\u00e9mon\n|rule|Item Clause: Limit 1 of each item\n|clearpoke\n|poke|p1|Sandaconda, L50, F|\n|poke|p1|Tyranitar, L50, M|\n|poke|p1|Salazzle, L50, F|\n|poke|p1|Skarmory, L50, M|\n|poke|p1|Slowking-Galar, L50, M|\n|poke|p1|Excadrill, L50, F|\n|poke|p2|Starmie, L50|\n|poke|p2|Sneasler, L50, F|\n|poke|p2|Sinistcha, L50|\n|poke|p2|Kingambit, L50, M|\n|poke|p2|Dragonite, L50, F|\n|poke|p2|Pelipper, L50, M|\n|teampreview|4\n|inactive|Battle timer is ON: inactive players will automatically lose when time's up. (requested by Shiba_so)\n|inactive|debouls has 60 seconds left.\nShiba_so rejected open team sheets.\n|\n|t:|1775993294\n|teamsize|p1|4\n|teamsize|p2|4\n|start\n|switch|p1a: Salazzle|Salazzle, L50, F|100/100\n|switch|p1b: Skarmory|Skarmory, L50, M|100/100\n|switch|p2a: Sneasler|Sneasler, L50, F|100/100\n|switch|p2b: Starmie|Starmie, L50|100/100\n|turn|1\n|inactive|debouls has 30 seconds left.\n|inactive|debouls has 20 seconds left.\n|\n|t:|1775993333\n|detailschange|p2b: Starmie|Starmie-Mega, L50\n|-mega|p2b: Starmie|Starmie|Starminite\n|move|p2b: Starmie|Protect|p2b: Starmie\n|-singleturn|p2b: Starmie|Protect\n|move|p2a: Sneasler|Coaching|p2b: Starmie\n|-boost|p2b: Starmie|atk|1\n|-boost|p2b: Starmie|def|1\n|move|p1a: Salazzle|Toxic|p2a: Sneasler\n|-status|p2a: Sneasler|tox\n|move|p1b: Skarmory|Spikes|p2a: Sneasler\n|-sidestart|p2: debouls|Spikes\n|\n|-damage|p2a: Sneasler|95/100 tox|[from] psn\n|upkeep\n|turn|2\n|\n|t:|1775993357\n|switch|p2a: Pelipper|Pelipper, L50, M|100/100\n|-weather|RainDance|[from] ability: Drizzle|[of] p2a: Pelipper\n|move|p2b: Starmie|Aqua Jet|p1a: Salazzle\n|-supereffective|p1a: Salazzle|1\n|-enditem|p1a: Salazzle|Focus Sash\n|-damage|p1a: Salazzle|1/100\n|move|p1a: Salazzle|Toxic|p2b: Starmie\n|-status|p2b: Starmie|tox\n|move|p1b: Skarmory|Whirlwind|p2b: Starmie\n|drag|p2b: Sneasler|Sneasler, L50, F|95/100 tox\n|-damage|p2b: Sneasler|83/100 tox|[from] Spikes\n|\n|-weather|RainDance|[upkeep]\n|-damage|p2b: Sneasler|77/100 tox|[from] psn\n|upkeep\n|turn|3\n|inactive|debouls has 30 seconds left.\n|inactive|debouls has 20 seconds left.\n|\n|t:|1775993396\n|move|p2a: Pelipper|Muddy Water|p1b: Skarmory|[spread] p1a,p1b\n|-supereffective|p1a: Salazzle|1\n|-crit|p1a: Salazzle\n|-damage|p1a: Salazzle|0 fnt\n|-damage|p1b: Skarmory|55/100\n|faint|p1a: Salazzle\n|move|p2b: Sneasler|Close Combat|p1b: Skarmory\n|-damage|p1b: Skarmory|7/100\n|-unboost|p2b: Sneasler|def|1\n|-unboost|p2b: Sneasler|spd|1\n|move|p1b: Skarmory|Spikes|p2a: Pelipper\n|-sidestart|p2: debouls|Spikes\n|\n|-weather|RainDance|[upkeep]\n|-damage|p2b: Sneasler|65/100 tox|[from] psn\n|upkeep\n|\n|t:|1775993409\n|switch|p1a: Slowking|Slowking-Galar, L50, M|100/100\n|turn|4\n|\n|t:|1775993419\n|switch|p2b: Dragonite|Dragonite, L50, F|100/100\n|move|p1b: Skarmory|Protect|p1b: Skarmory\n|-singleturn|p1b: Skarmory|Protect\n|move|p2a: Pelipper|Muddy Water|p1b: Skarmory|[spread] p1a\n|-activate|p1b: Skarmory|move: Protect\n|-damage|p1a: Slowking|71/100\n|move|p1a: Slowking|Toxic|p2a: Pelipper\n|-status|p2a: Pelipper|tox\n|\n|-weather|RainDance|[upkeep]\n|-damage|p2a: Pelipper|95/100 tox|[from] psn\n|upkeep\n|turn|5\n|\n|t:|1775993443\n|move|p2a: Pelipper|Muddy Water|p1a: Slowking|[spread] p1a\n|-miss|p2a: Pelipper|p1b: Skarmory\n|-damage|p1a: Slowking|40/100\n|-enditem|p1a: Slowking|Sitrus Berry|[eat]\n|-heal|p1a: Slowking|65/100|[from] item: Sitrus Berry\n|move|p2b: Dragonite|Hurricane|p1a: Slowking\n|-damage|p1a: Slowking|31/100\n|-start|p1a: Slowking|confusion\n|move|p1b: Skarmory|Spikes|p2b: Dragonite\n|-sidestart|p2: debouls|Spikes\n|-activate|p1a: Slowking|confusion\n|move|p1a: Slowking|Toxic|p2b: Dragonite\n|-status|p2b: Dragonite|tox\n|\n|-weather|RainDance|[upkeep]\n|-damage|p2a: Pelipper|83/100 tox|[from] psn\n|-damage|p2b: Dragonite|95/100 tox|[from] psn\n|upkeep\n|turn|6\n|inactive|Shiba_so has 30 seconds left.\n|\n|t:|1775993470\n|move|p2a: Pelipper|Muddy Water|p1b: Skarmory|[spread] p1a,p1b\n|-damage|p1a: Slowking|0 fnt\n|-damage|p1b: Skarmory|0 fnt\n|faint|p1a: Slowking\n|faint|p1b: Skarmory\n|move|p2b: Dragonite|Hurricane|p1: Slowking|[notarget]\n|-fail|p2b: Dragonite\n|\n|-weather|none\n|-damage|p2a: Pelipper|65/100 tox|[from] psn\n|-damage|p2b: Dragonite|83/100 tox|[from] psn\n|upkeep\n|\n|t:|1775993474\n|switch|p1b: Sandaconda|Sandaconda, L50, F|100/100\n|turn|7\n|\n|t:|1775993484\n|switch|p2a: Sneasler|Sneasler, L50, F|65/100 tox\n|-damage|p2a: Sneasler|40/100 tox|[from] Spikes\n|move|p2b: Dragonite|Tailwind|p2b: Dragonite\n|-sidestart|p2: debouls|move: Tailwind\n|move|p1b: Sandaconda|Minimize|p1b: Sandaconda\n|-boost|p1b: Sandaconda|evasion|2\n|\n|-damage|p2a: Sneasler|34/100 tox|[from] psn\n|-damage|p2b: Dragonite|66/100 tox|[from] psn\n|upkeep\n|turn|8\n|\n|t:|1775993503\n|move|p2a: Sneasler|Close Combat|p1b: Sandaconda\n|-damage|p1b: Sandaconda|49/100\n|-unboost|p2a: Sneasler|def|1\n|-unboost|p2a: Sneasler|spd|1\n|move|p2b: Dragonite|Dragon Pulse|p1b: Sandaconda|[miss]\n|-miss|p2b: Dragonite|p1b: Sandaconda\n|move|p1b: Sandaconda|Minimize|p1b: Sandaconda\n|-boost|p1b: Sandaconda|evasion|2\n|\n|-damage|p2a: Sneasler|23/100 tox|[from] psn\n|-damage|p2b: Dragonite|42/100 tox|[from] psn\n|upkeep\n|turn|9\n|\n|t:|1775993517\n|move|p2a: Sneasler|Close Combat|p1b: Sandaconda|[miss]\n|-miss|p2a: Sneasler|p1b: Sandaconda\n|move|p2b: Dragonite|Dragon Pulse|p1b: Sandaconda|[miss]\n|-miss|p2b: Dragonite|p1b: Sandaconda\n|move|p1b: Sandaconda|Minimize|p1b: Sandaconda\n|-boost|p1b: Sandaconda|evasion|2\n|\n|-damage|p2a: Sneasler|6/100 tox|[from] psn\n|-damage|p2b: Dragonite|13/100 tox|[from] psn\n|upkeep\n|turn|10\n|\n|t:|1775993529\n|move|p2a: Sneasler|Close Combat|p1b: Sandaconda|[miss]\n|-miss|p2a: Sneasler|p1b: Sandaconda\n|move|p2b: Dragonite|Dragon Pulse|p1b: Sandaconda|[miss]\n|-miss|p2b: Dragonite|p1b: Sandaconda\n|move|p1b: Sandaconda|Body Press|p2a: Sneasler\n|-resisted|p2a: Sneasler|1\n|-damage|p2a: Sneasler|0 fnt\n|faint|p2a: Sneasler\n|\n|-damage|p2b: Dragonite|0 fnt|[from] psn\n|faint|p2b: Dragonite\n|-sideend|p2: debouls|move: Tailwind\n|upkeep\n|\n|t:|1775993534\n|switch|p2a: Pelipper|Pelipper, L50, M|65/100 tox\n|switch|p2b: Starmie|Starmie-Mega, L50|100/100 tox\n|-weather|RainDance|[from] ability: Drizzle|[of] p2a: Pelipper\n|-damage|p2b: Starmie|76/100 tox|[from] Spikes\n|turn|11\n|\n|t:|1775993558\n|move|p2b: Starmie|Aqua Jet|p1b: Sandaconda\n|-supereffective|p1b: Sandaconda|1\n|-damage|p1b: Sandaconda|0 fnt\n|faint|p1b: Sandaconda\n|\n|win|debouls\n|raw|Shiba_so's rating: 1127 &rarr; <strong>1109</strong><br />(-18 for losing)\n|raw|debouls's rating: 1232 &rarr; <strong>1250</strong><br />(+18 for winning)\n",
  "uploadtime": 1775993564,
  "views": 21,
  "formatid": "gen9championsvgc2026regma",
  "rating": 1109,
  "private": 0,
  "password": null
}