{
  "id": "gen9championsvgc2026regma-2582259748",
  "format": "[Gen 9 Champions] VGC 2026 Reg M-A",
  "players": [
    "LycheeEXE",
    "fusesrt"
  ],
  "log": "|j|\u2606LycheeEXE\n|j|\u2606fusesrt\n|t:|1776077159\n|gametype|doubles\n|player|p1|LycheeEXE|170|1104\n|player|p2|fusesrt|266|1199\n|gen|9\n|tier|[Gen 9 Champions] VGC 2026 Reg M-A\n|rated|\n|rule|Species Clause: Limit one of each Pok\u00e9mon\n|rule|Item Clause: Limit 1 of each item\n|clearpoke\n|poke|p1|Vivillon, L50, F|\n|poke|p1|Volcarona, L50, M|\n|poke|p1|Heracross, L50, M|\n|poke|p1|Scizor, L50, F|\n|poke|p1|Araquanid, L50, F|\n|poke|p1|Ariados, L50, F|\n|poke|p2|Kingambit, L50, M|\n|poke|p2|Froslass, L50, F|\n|poke|p2|Glimmora, L50, M|\n|poke|p2|Farigiraf, L50, F|\n|poke|p2|Garchomp, L50, F|\n|poke|p2|Toxicroak, L50, F|\n|teampreview|4\n|inactive|Battle timer is ON: inactive players will automatically lose when time's up. (requested by fusesrt)\n|inactive|LycheeEXE has 60 seconds left.\n|\n|t:|1776077200\n|teamsize|p1|4\n|teamsize|p2|4\n|start\n|switch|p1a: Vivillon|Vivillon, L50, F|100/100\n|switch|p1b: Heracross|Heracross, L50, M|100/100\n|switch|p2a: Glimmora|Glimmora, L50, M|100/100\n|switch|p2b: Farigiraf|Farigiraf, L50, F|100/100\n|turn|1\n|\n|t:|1776077213\n|detailschange|p1b: Heracross|Heracross-Mega, L50, M\n|-mega|p1b: Heracross|Heracross|Heracronite\n|move|p1a: Vivillon|Sleep Powder|p2a: Glimmora\n|-status|p2a: Glimmora|slp|[from] move: Sleep Powder\n|cant|p2a: Glimmora|slp\n|move|p1b: Heracross|Pin Missile|p2b: Farigiraf\n|-supereffective|p2b: Farigiraf|1\n|-crit|p2b: Farigiraf\n|-damage|p2b: Farigiraf|54/100\n|-supereffective|p2b: Farigiraf|1\n|-damage|p2b: Farigiraf|24/100\n|-supereffective|p2b: Farigiraf|1\n|-damage|p2b: Farigiraf|0 fnt\n|faint|p2b: Farigiraf\n|-hitcount|p2: Farigiraf|3\n|\n|upkeep\n|\n|t:|1776077219\n|switch|p2b: Toxicroak|Toxicroak, L50, F|100/100\n|turn|2\n|\n|t:|1776077235\n|move|p1a: Vivillon|Sleep Powder|p2b: Toxicroak\n|-status|p2b: Toxicroak|slp|[from] move: Sleep Powder\n|cant|p2a: Glimmora|slp\n|move|p1b: Heracross|Earthquake|p2a: Glimmora|[spread] p2a,p2b\n|-immune|p1a: Vivillon\n|-supereffective|p2a: Glimmora|2\n|-supereffective|p2b: Toxicroak|1\n|-enditem|p2a: Glimmora|Focus Sash\n|-damage|p2a: Glimmora|1/100 slp\n|-damage|p2b: Toxicroak|2/100 slp\n|-activate|p2a: Glimmora|ability: Toxic Debris\n|-sidestart|p1: LycheeEXE|move: Toxic Spikes\n|cant|p2b: Toxicroak|slp\n|\n|upkeep\n|turn|3\n|\n|t:|1776077256\n|move|p1a: Vivillon|Sleep Powder|p2a: Glimmora\n|-fail|p2a: Glimmora|slp\n|-curestatus|p2a: Glimmora|slp|[msg]\n|move|p2a: Glimmora|Power Gem|p1a: Vivillon\n|-supereffective|p1a: Vivillon|2\n|-damage|p1a: Vivillon|0 fnt\n|faint|p1a: Vivillon\n|move|p1b: Heracross|Earthquake|p2b: Toxicroak|[spread] p2a,p2b\n|-supereffective|p2a: Glimmora|2\n|-supereffective|p2b: Toxicroak|1\n|-damage|p2a: Glimmora|0 fnt\n|-damage|p2b: Toxicroak|0 fnt\n|-activate|p2a: Glimmora|ability: Toxic Debris\n|-sidestart|p1: LycheeEXE|move: Toxic Spikes\n|faint|p2a: Glimmora\n|faint|p2b: Toxicroak\n|\n|upkeep\n|\n|t:|1776077274\n|switch|p1a: Volcarona|Volcarona, L50, M|100/100\n|switch|p2b: Froslass|Froslass, L50, F|100/100\n|-status|p1a: Volcarona|tox\n|turn|4\n|\n|t:|1776077284\n|move|p2b: Froslass|Protect|p2b: Froslass\n|-singleturn|p2b: Froslass|Protect\n|move|p1a: Volcarona|Quiver Dance|p1a: Volcarona\n|-boost|p1a: Volcarona|spa|1\n|-boost|p1a: Volcarona|spd|1\n|-boost|p1a: Volcarona|spe|1\n|move|p1b: Heracross|Rock Blast|p2b: Froslass\n|-activate|p2b: Froslass|move: Protect\n|\n|-damage|p1a: Volcarona|94/100 tox|[from] psn\n|upkeep\n|turn|5\n|\n|t:|1776077298\n|detailschange|p2b: Froslass|Froslass-Mega, L50, F\n|-mega|p2b: Froslass|Froslass|Froslassite\n|-weather|Snowscape|[from] ability: Snow Warning|[of] p2b: Froslass\n|move|p1a: Volcarona|Heat Wave|p2b: Froslass\n|-supereffective|p2b: Froslass|1\n|-damage|p2b: Froslass|0 fnt\n|faint|p2b: Froslass\n|\n|win|LycheeEXE\n|raw|LycheeEXE's rating: 1104 &rarr; <strong>1136</strong><br />(+32 for winning)\n|raw|fusesrt's rating: 1199 &rarr; <strong>1167</strong><br />(-32 for losing)\n|l|\u2606fusesrt\n|player|p2|\n",
  "uploadtime": 1776077350,
  "views": 12,
  "formatid": "gen9championsvgc2026regma",
  "rating": 1136,
  "private": 0,
  "password": null
}