{
  "id": "gen9championsvgc2026regma-2586095490",
  "format": "[Gen 9 Champions] VGC 2026 Reg M-A",
  "players": [
    "chaperomon",
    "sidlol"
  ],
  "log": "|j|\u2606chaperomon\n|j|\u2606sidlol\n|t:|1776398470\n|gametype|doubles\n|player|p1|chaperomon|flannery|\n|player|p2|sidlol|hilbert|\n|gen|9\n|tier|[Gen 9 Champions] VGC 2026 Reg M-A\n|rated|Tournament battle\n|rule|Species Clause: Limit one of each Pok\u00e9mon\n|rule|Item Clause: Limit 1 of each item\n|raw|<div class=\"infobox\"><details class=\"readmore\" open><summary><strong>1 custom rule:</strong></summary> Force Open Team Sheets</details></div>\n|clearpoke\n|poke|p1|Decidueye-Hisui, L50, M|\n|poke|p1|Feraligatr, L50, M|\n|poke|p1|Incineroar, L50, M|\n|poke|p1|Charizard, L50, F|\n|poke|p1|Venusaur, L50, F|\n|poke|p1|Empoleon, L50, F|\n|poke|p2|Charizard, L50, M|\n|poke|p2|Venusaur, L50, M|\n|poke|p2|Garchomp, L50, F|\n|poke|p2|Whimsicott, L50, M|\n|poke|p2|Kingambit, L50, M|\n|poke|p2|Milotic, L50, F|\n|teampreview|4\n|showteam|p1|Decidueye-Hisui||CobaBerry|Scrappy|Tailwind,Coaching,HelpingHand,TripleArrows|||M|||50|]Feraligatr||Feraligite|Torrent|Substitute,Liquidation,MegaKick,FocusPunch|||M|||50|]Incineroar||SitrusBerry|Intimidate|FakeOut,PartingShot,FlareBlitz,ThroatChop|||M|||50|]Charizard||CharizarditeY|Blaze|HeatWave,Protect,SolarBeam,WeatherBall|||F|||50|]Venusaur||FocusSash|Chlorophyll|SleepPowder,SludgeBomb,EnergyBall,EarthPower|||F|||50|]Empoleon||Leftovers|Competitive|WaterPulse,Roar,IceBeam,Protect|||F|||50|\n|showteam|p2|Charizard||CharizarditeY|SolarPower|WeatherBall,Protect,HeatWave,SolarBeam|||M|||50|]Venusaur||FocusSash|Chlorophyll|SludgeBomb,WeatherBall,Protect,SolarBeam|||M|||50|]Garchomp||ChoiceScarf|RoughSkin|Earthquake,RockSlide,DragonClaw,ShadowClaw|||F|||50|]Whimsicott||SitrusBerry|Prankster|Encore,Moonblast,Protect,Tailwind|||M|||50|]Kingambit||BlackGlasses|Defiant|KowtowCleave,SuckerPunch,IronHead,Protect|||M|||50|]Milotic||Leftovers|MarvelScale|IcyWind,LifeDew,Protect,Scald|||F|||50|\n|\n|t:|1776398511\n|teamsize|p1|4\n|teamsize|p2|4\n|start\n|switch|p1a: Venusaur|Venusaur, L50, F|100/100\n|switch|p1b: Feraligatr|Feraligatr, L50, M|100/100\n|switch|p2a: Whimsicott|Whimsicott, L50, M|100/100\n|switch|p2b: Milotic|Milotic, L50, F|100/100\n|turn|1\n|j|@Radio Free C-Side\n|\n|t:|1776398538\n|move|p2a: Whimsicott|Tailwind|p2a: Whimsicott\n|-sidestart|p2: sidlol|move: Tailwind\n|move|p2b: Milotic|Icy Wind|p1a: Venusaur|[spread] p1a,p1b\n|-supereffective|p1a: Venusaur|1\n|-resisted|p1b: Feraligatr|1\n|-damage|p1a: Venusaur|76/100\n|-damage|p1b: Feraligatr|95/100\n|-unboost|p1a: Venusaur|spe|1\n|-unboost|p1b: Feraligatr|spe|1\n|move|p1a: Venusaur|Sludge Bomb|p2a: Whimsicott\n|-supereffective|p2a: Whimsicott|2\n|-damage|p2a: Whimsicott|0 fnt\n|faint|p2a: Whimsicott\n|move|p1b: Feraligatr|Substitute|p1b: Feraligatr\n|-start|p1b: Feraligatr|Substitute\n|-damage|p1b: Feraligatr|70/100\n|\n|upkeep\n|\n|t:|1776398557\n|switch|p2a: Charizard|Charizard, L50, M|100/100\n|turn|2\n|\n|t:|1776398577\n|detailschange|p1b: Feraligatr|Feraligatr-Mega, L50, M\n|-mega|p1b: Feraligatr|Feraligatr|Feraligite\n|move|p2a: Charizard|Protect|p2a: Charizard\n|-singleturn|p2a: Charizard|Protect\n|move|p2b: Milotic|Icy Wind|p1b: Feraligatr|[spread] p1a,p1b\n|-activate|p1b: Feraligatr|move: Substitute|[damage]\n|-supereffective|p1a: Venusaur|1\n|-damage|p1a: Venusaur|53/100\n|-unboost|p1a: Venusaur|spe|1\n|move|p1b: Feraligatr|Mega Kick|p2b: Milotic\n|-damage|p2b: Milotic|29/100\n|move|p1a: Venusaur|Sleep Powder|p2a: Charizard\n|-activate|p2a: Charizard|move: Protect\n|\n|-heal|p2b: Milotic|35/100|[from] item: Leftovers\n|upkeep\n|turn|3\n|j|%llefface\n|\n|t:|1776398602\n|switch|p1a: Incineroar|Incineroar, L50, M|100/100\n|-ability|p1a: Incineroar|Intimidate|boost\n|-unboost|p2a: Charizard|atk|1\n|-unboost|p2b: Milotic|atk|1\n|detailschange|p2a: Charizard|Charizard-Mega-Y, L50, M\n|-mega|p2a: Charizard|Charizard|Charizardite Y\n|-weather|SunnyDay|[from] ability: Drought|[of] p2a: Charizard\n|move|p2a: Charizard|Heat Wave|p1b: Feraligatr|[spread] p1a,p1b\n|-resisted|p1b: Feraligatr|2\n|-end|p1b: Feraligatr|Substitute\n|-resisted|p1a: Incineroar|1\n|-damage|p1a: Incineroar|71/100\n|move|p2b: Milotic|Life Dew||[still]|[spread] p2a,p2b\n|-fail|p2a: Charizard|heal\n|-heal|p2b: Milotic|60/100\n|move|p1b: Feraligatr|Mega Kick|p2b: Milotic\n|-damage|p2b: Milotic|0 fnt\n|faint|p2b: Milotic\n|\n|-weather|SunnyDay|[upkeep]\n|upkeep\n|\n|t:|1776398620\n|switch|p2b: Garchomp|Garchomp, L50, F|100/100\n|turn|4\n|\n|t:|1776398633\n|move|p2a: Charizard|Protect|p2a: Charizard\n|-singleturn|p2a: Charizard|Protect\n|move|p1a: Incineroar|Fake Out|p2b: Garchomp\n|-damage|p2b: Garchomp|88/100\n|-damage|p1a: Incineroar|58/100|[from] ability: Rough Skin|[of] p2b: Garchomp\n|cant|p2b: Garchomp|flinch\n|move|p1b: Feraligatr|Mega Kick|p2a: Charizard\n|-activate|p2a: Charizard|move: Protect\n|\n|-weather|SunnyDay|[upkeep]\n|-sideend|p2: sidlol|move: Tailwind\n|upkeep\n|turn|5\n|\n|t:|1776398663\n|switch|p1a: Decidueye|Decidueye-Hisui, L50, M|100/100\n|move|p2b: Garchomp|Dragon Claw|p1b: Feraligatr\n|-supereffective|p1b: Feraligatr|1\n|-damage|p1b: Feraligatr|0 fnt\n|faint|p1b: Feraligatr\n|move|p2a: Charizard|Solar Beam||[still]\n|-prepare|p2a: Charizard|Solar Beam\n|-anim|p2a: Charizard|Solar Beam|p1a: Decidueye\n|-resisted|p1a: Decidueye|1\n|-damage|p1a: Decidueye|79/100\n|\n|-weather|SunnyDay|[upkeep]\n|upkeep\n|\n|t:|1776398672\n|switch|p1b: Venusaur|Venusaur, L50, F|53/100\n|turn|6\n|\n|t:|1776398679\n|move|p1b: Venusaur|Sleep Powder|p2a: Charizard\n|-status|p2a: Charizard|slp|[from] move: Sleep Powder\n|move|p2b: Garchomp|Dragon Claw|p1b: Venusaur\n|-damage|p1b: Venusaur|0 fnt\n|faint|p1b: Venusaur\n|cant|p2a: Charizard|slp\n|move|p1a: Decidueye|Tailwind|p1a: Decidueye\n|-sidestart|p1: chaperomon|move: Tailwind\n|\n|-weather|SunnyDay|[upkeep]\n|upkeep\n|\n|t:|1776398685\n|switch|p1b: Incineroar|Incineroar, L50, M|58/100\n|-ability|p1b: Incineroar|Intimidate|boost\n|-unboost|p2a: Charizard|atk|1\n|-unboost|p2b: Garchomp|atk|1\n|turn|7\n|\n|t:|1776398696\n|cant|p2a: Charizard|slp\n|move|p1b: Incineroar|Fake Out|p2b: Garchomp\n|-damage|p2b: Garchomp|75/100\n|-damage|p1b: Incineroar|46/100|[from] ability: Rough Skin|[of] p2b: Garchomp\n|-enditem|p1b: Incineroar|Sitrus Berry|[eat]\n|-heal|p1b: Incineroar|71/100|[from] item: Sitrus Berry\n|cant|p2b: Garchomp|flinch\n|move|p1a: Decidueye|Triple Arrows|p2b: Garchomp\n|-damage|p2b: Garchomp|28/100\n|-unboost|p2b: Garchomp|def|1\n|\n|-weather|none\n|upkeep\n|turn|8\n|\n|t:|1776398718\n|move|p2b: Garchomp|Dragon Claw|p1a: Decidueye\n|-damage|p1a: Decidueye|48/100\n|move|p1b: Incineroar|Throat Chop|p2a: Charizard\n|-damage|p2a: Charizard|51/100 slp\n|-start|p2a: Charizard|Throat Chop|[silent]\n|-curestatus|p2a: Charizard|slp|[msg]\n|move|p2a: Charizard|Heat Wave|p1a: Decidueye|[spread] p1a,p1b\n|-supereffective|p1a: Decidueye|1\n|-resisted|p1b: Incineroar|1\n|-damage|p1a: Decidueye|0 fnt\n|-damage|p1b: Incineroar|51/100\n|faint|p1a: Decidueye\n|\n|upkeep\n|turn|9\n|l|%llefface\n|\n|t:|1776398743\n|move|p2b: Garchomp|Dragon Claw|p1b: Incineroar\n|-damage|p1b: Incineroar|24/100\n|move|p1b: Incineroar|Throat Chop|p2b: Garchomp\n|-damage|p2b: Garchomp|0 fnt\n|-damage|p1b: Incineroar|12/100|[from] ability: Rough Skin|[of] p2b: Garchomp\n|faint|p2b: Garchomp\n|move|p2a: Charizard|Heat Wave|p1b: Incineroar\n|-resisted|p1b: Incineroar|1\n|-damage|p1b: Incineroar|0 fnt\n|faint|p1b: Incineroar\n|\n|win|sidlol\n|n|\u2606chaperomon|chaperomon\n|n|\u2606sidlol|sidlol\n|n|+Radio Free C-Side|radiofreecside\n|c|\u2606chaperomon|gg lol\n|l|\u2606chaperomon\n|player|p1|\n|l|+Radio Free C-Side\n|c|\u2606sidlol|gg\n|l|\u2606sidlol\n|player|p2|\n|j|\u2606chaperomon\n|player|p1|chaperomon|flannery|\n|l|\u2606chaperomon\n|player|p1|\n|j|\u2606chaperomon\n|player|p1|chaperomon|flannery|\n",
  "uploadtime": 1776398787,
  "views": 23,
  "formatid": "gen9championsvgc2026regma",
  "rating": null,
  "private": 0,
  "password": null
}