{
  "id": "gen9championsvgc2026regma-2582547296",
  "format": "[Gen 9 Champions] VGC 2026 Reg M-A",
  "players": [
    "ajisainoyoru",
    "Bartillo"
  ],
  "log": "|j|\u2606ajisainoyoru\n|j|\u2606Bartillo\n|t:|1776098602\n|gametype|doubles\n|player|p1|ajisainoyoru|miku-flying|1139\n|player|p2|Bartillo|2|1069\n|gen|9\n|tier|[Gen 9 Champions] VGC 2026 Reg M-A\n|rated|\n|rule|Species Clause: Limit one of each Pok\u00e9mon\n|rule|Item Clause: Limit 1 of each item\n|clearpoke\n|poke|p1|Froslass, L50, F|\n|poke|p1|Rotom-Frost, L50|\n|poke|p1|Aegislash, L50, M|\n|poke|p1|Maushold-Four, L50|\n|poke|p1|Garchomp, L50, F|\n|poke|p1|Orthworm, L50, F|\n|poke|p2|Milotic, L50, F|\n|poke|p2|Corviknight, L50, M|\n|poke|p2|Incineroar, L50, M|\n|poke|p2|Gyarados, L50, M|\n|poke|p2|Whimsicott, L50, F|\n|poke|p2|Hydreigon, L50, F|\n|teampreview|4\n|inactive|Battle timer is ON: inactive players will automatically lose when time's up. (requested by Bartillo)\n|\n|t:|1776098640\n|teamsize|p1|4\n|teamsize|p2|4\n|start\n|switch|p1a: Meowchomp|Garchomp, L50, F|100/100\n|switch|p1b: Aegislash|Aegislash, L50, M|100/100\n|switch|p2a: Solid|Gyarados, L50, M, shiny|100/100\n|switch|p2b: Ronaldinho|Incineroar, L50, M, shiny|100/100\n|-ability|p2a: Solid|Intimidate|boost\n|-unboost|p1a: Meowchomp|atk|1\n|-unboost|p1b: Aegislash|atk|1\n|-ability|p2b: Ronaldinho|Intimidate|boost\n|-unboost|p1a: Meowchomp|atk|1\n|-unboost|p1b: Aegislash|atk|1\n|turn|1\n|inactive|ajisainoyoru has 30 seconds left.\n|\n|t:|1776098668\n|switch|p1b: Rotom|Rotom-Frost, L50|100/100\n|detailschange|p2a: Solid|Gyarados-Mega, L50, M, shiny\n|-mega|p2a: Solid|Gyarados|Gyaradosite\n|-ability|p2a: Solid|Mold Breaker\n|move|p1a: Meowchomp|Protect|p1a: Meowchomp\n|-singleturn|p1a: Meowchomp|Protect\n|move|p2b: Ronaldinho|Fake Out|p1a: Meowchomp\n|-activate|p1a: Meowchomp|move: Protect\n|move|p2a: Solid|Dragon Dance|p2a: Solid\n|-boost|p2a: Solid|atk|1\n|-boost|p2a: Solid|spe|1\n|\n|upkeep\n|turn|2\n|inactive|ajisainoyoru has 30 seconds left.\n|inactive|Bartillo has 30 seconds left.\n|\n|t:|1776098695\n|switch|p1a: Aegislash|Aegislash, L50, M|100/100\n|move|p1b: Rotom|Discharge|p2a: Solid|[spread] p1a,p2a,p2b\n|-supereffective|p2a: Solid|1\n|-crit|p2a: Solid\n|-damage|p1a: Aegislash|78/100\n|-damage|p2a: Solid|46/100\n|-damage|p2b: Ronaldinho|79/100\n|-status|p2a: Solid|par\n|move|p2b: Ronaldinho|Flare Blitz|p1b: Rotom|[miss]\n|-miss|p2b: Ronaldinho|p1b: Rotom\n|move|p2a: Solid|Waterfall|p1a: Aegislash\n|-crit|p1a: Aegislash\n|-damage|p1a: Aegislash|0 fnt\n|faint|p1a: Aegislash\n|\n|upkeep\n|inactive|ajisainoyoru has 30 seconds left.\n|\n|t:|1776098725\n|switch|p1a: Meowchomp|Garchomp, L50, F|100/100\n|turn|3\n|\n|t:|1776098745\n|move|p1b: Rotom|Helping Hand|p1a: Meowchomp\n|-singleturn|p1a: Meowchomp|Helping Hand|[of] p1b: Rotom\n|move|p1a: Meowchomp|Earthquake|p2a: Solid|[spread] p2a,p2b\n|-immune|p1b: Rotom|[from] ability: Levitate\n|-supereffective|p2b: Ronaldinho|1\n|-damage|p2a: Solid|0 fnt\n|-damage|p2b: Ronaldinho|0 fnt\n|faint|p2a: Solid\n|faint|p2b: Ronaldinho\n|\n|upkeep\n|\n|t:|1776098752\n|switch|p2a: Skibidi|Whimsicott, L50, F, shiny|100/100\n|switch|p2b: Silver|Corviknight, L50, M, shiny|100/100\n|-ability|p2b: Silver|Unnerve\n|turn|4\n|inactive|ajisainoyoru has 30 seconds left.\n|\n|t:|1776098782\n|move|p2a: Skibidi|Tailwind|p2a: Skibidi\n|-sidestart|p2: Bartillo|move: Tailwind\n|move|p2b: Silver|Iron Defense|p2b: Silver\n|-boost|p2b: Silver|def|2\n|move|p1a: Meowchomp|Poison Jab|p2a: Skibidi\n|-supereffective|p2a: Skibidi|2\n|-enditem|p2a: Skibidi|Focus Sash\n|-damage|p2a: Skibidi|1/100\n|move|p1b: Rotom|Discharge|p2a: Skibidi|[spread] p2a,p2b\n|-immune|p1a: Meowchomp\n|-resisted|p2a: Skibidi|1\n|-supereffective|p2b: Silver|1\n|-damage|p2a: Skibidi|0 fnt\n|-damage|p2b: Silver|56/100\n|-status|p2b: Silver|par\n|faint|p2a: Skibidi\n|\n|upkeep\n|turn|5\n|-message|Bartillo forfeited.\n|\n|win|ajisainoyoru\n|raw|ajisainoyoru's rating: 1139 &rarr; <strong>1159</strong><br />(+20 for winning)\n|raw|Bartillo's rating: 1069 &rarr; <strong>1053</strong><br />(-16 for losing)\n|l|\u2606Bartillo\n|player|p2|\n",
  "uploadtime": 1776098810,
  "views": 10,
  "formatid": "gen9championsvgc2026regma",
  "rating": 1053,
  "private": 0,
  "password": null
}