{
  "id": "gen9championsvgc2026regma-2587930983",
  "format": "[Gen 9 Champions] VGC 2026 Reg M-A",
  "players": [
    "dawnratio",
    "lucario 1092820"
  ],
  "log": "|j|\u2606dawnratio\n|j|\u2606lucario 1092820\n|t:|1776580734\n|gametype|doubles\n|player|p1|dawnratio|iris-gen5bw2|1096\n|player|p2|lucario 1092820|riley|1000\n|gen|9\n|tier|[Gen 9 Champions] VGC 2026 Reg M-A\n|rated|\n|rule|Species Clause: Limit one of each Pok\u00e9mon\n|rule|Item Clause: Limit 1 of each item\n|clearpoke\n|poke|p1|Oranguru, L50, F|\n|poke|p1|Orthworm, L50, M|\n|poke|p1|Scovillain, L50, M|\n|poke|p1|Glimmora, L50, M|\n|poke|p1|Conkeldurr, L50, M|\n|poke|p1|Rotom-Wash, L50|\n|poke|p2|Gengar, L50, F|\n|poke|p2|Incineroar, L50, M|\n|poke|p2|Maushold-Four, L50|\n|poke|p2|Kangaskhan, L50, F|\n|poke|p2|Corviknight, L50, M|\n|poke|p2|Garchomp, L50, F|\n|teampreview|4\n|inactive|Battle timer is ON: inactive players will automatically lose when time's up. (requested by lucario 1092820)\n|inactive|dawnratio has 60 seconds left.\nlucario 1092820 has agreed to open team sheets.\n|\n|t:|1776580771\n|teamsize|p1|4\n|teamsize|p2|4\n|start\n|switch|p1a: plan b|Glimmora, L50, M|100/100\n|switch|p1b: monke|Oranguru, L50, F|100/100\n|switch|p2a: Gengar|Gengar, L50, F|100/100\n|switch|p2b: Maushold|Maushold-Four, L50|100/100\n|turn|1\n|\n|t:|1776580788\n|detailschange|p2a: Gengar|Gengar-Mega, L50, F\n|-mega|p2a: Gengar|Gengar|Gengarite\n|detailschange|p1a: plan b|Glimmora-Mega, L50, M\n|-mega|p1a: plan b|Glimmora|Glimmoranite\n|move|p2b: Maushold|Follow Me|p2b: Maushold\n|-singleturn|p2b: Maushold|move: Follow Me\n|move|p2a: Gengar|Perish Song|p2a: Gengar\n|-start|p1a: plan b|perish3|[silent]\n|-start|p1b: monke|perish3|[silent]\n|-start|p2a: Gengar|perish3|[silent]\n|-start|p2b: Maushold|perish3|[silent]\n|-fieldactivate|move: Perish Song\n|move|p1a: plan b|Power Gem|p2b: Maushold\n|-damage|p2b: Maushold|18/100\n|move|p1b: monke|Psychic|p2b: Maushold\n|-damage|p2b: Maushold|0 fnt\n|faint|p2b: Maushold\n|\n|-start|p2a: Gengar|perish3\n|-start|p1a: plan b|perish3\n|-start|p1b: monke|perish3\n|upkeep\n|\n|t:|1776580798\n|switch|p2b: Incineroar|Incineroar, L50, M|100/100\n|-ability|p2b: Incineroar|Intimidate|boost\n|-unboost|p1a: plan b|atk|1\n|-unboost|p1b: monke|atk|1\n|turn|2\n|\n|t:|1776580821\n|move|p2b: Incineroar|Fake Out|p1a: plan b\n|-resisted|p1a: plan b|1\n|-damage|p1a: plan b|94/100\n|move|p2a: Gengar|Disable|p1b: monke\n|-start|p1b: monke|Disable|Psychic\n|cant|p1a: plan b|flinch\n|cant|p1b: monke|Disable|Psychic\n|\n|-start|p2a: Gengar|perish2\n|-start|p1a: plan b|perish2\n|-start|p1b: monke|perish2\n|upkeep\n|turn|3\n|\n|t:|1776580841\n|move|p2a: Gengar|Protect|p2a: Gengar\n|-singleturn|p2a: Gengar|Protect\n|move|p2b: Incineroar|Protect|p2b: Incineroar\n|-singleturn|p2b: Incineroar|Protect\n|move|p1a: plan b|Power Gem|p2b: Incineroar\n|-activate|p2b: Incineroar|move: Protect\n|move|p1b: monke|Trick Room|p1b: monke\n|-fieldstart|move: Trick Room|[of] p1b: monke\n|\n|-start|p1b: monke|perish1\n|-start|p1a: plan b|perish1\n|-start|p2a: Gengar|perish1\n|upkeep\n|turn|4\n|inactive|dawnratio has 30 seconds left.\n|\n|t:|1776580876\n|switch|p2a: Garchomp|Garchomp, L50, F|100/100\n|move|p2b: Incineroar|Parting Shot|p1a: plan b\n|-unboost|p1a: plan b|atk|1\n|-unboost|p1a: plan b|spa|1\n|\n|t:|1776580881\n|switch|p2b: Gengar|Gengar-Mega, L50, F|100/100|[from] Parting Shot\n|move|p1b: monke|Yawn|p2b: Gengar\n|-start|p2b: Gengar|move: Yawn|[of] p1b: monke\n|move|p1a: plan b|Power Gem|p2b: Gengar\n|-damage|p2b: Gengar|41/100\n|\n|-start|p1b: monke|perish0\n|-start|p1a: plan b|perish0\n|faint|p1b: monke\n|faint|p1a: plan b\n|upkeep\n|\n|t:|1776580892\n|switch|p1b: FakeUrsaluna|Conkeldurr, L50, M|100/100\n|switch|p1a: air fryer|Rotom-Wash, L50|100/100\n|turn|5\n|\n|t:|1776580905\n|switch|p2b: Incineroar|Incineroar, L50, M|100/100\n|-ability|p2b: Incineroar|Intimidate|boost\n|-unboost|p1a: air fryer|atk|1\n|-unboost|p1b: FakeUrsaluna|atk|1\n|move|p2a: Garchomp|Protect|p2a: Garchomp\n|-singleturn|p2a: Garchomp|Protect\n|move|p1b: FakeUrsaluna|Earthquake|p2b: Incineroar|[spread] p2b\n|-activate|p2a: Garchomp|move: Protect\n|-immune|p1a: air fryer|[from] ability: Levitate\n|-supereffective|p2b: Incineroar|1\n|-damage|p2b: Incineroar|65/100\n|move|p1a: air fryer|Will-O-Wisp|p1b: FakeUrsaluna\n|-status|p1b: FakeUrsaluna|brn\n|\n|-damage|p1b: FakeUrsaluna|94/100 brn|[from] brn\n|upkeep\n|turn|6\n|inactive|dawnratio has 30 seconds left.\n|inactive|lucario 1092820 has 30 seconds left.\n|inactive|dawnratio has 20 seconds left.\n|\n|t:|1776580943\n|move|p2b: Incineroar|Fake Out|p1b: FakeUrsaluna\n|-damage|p1b: FakeUrsaluna|82/100 brn\n|cant|p1b: FakeUrsaluna|flinch\n|move|p1a: air fryer|Hydro Pump|p2b: Incineroar\n|-supereffective|p2b: Incineroar|1\n|-damage|p2b: Incineroar|0 fnt\n|faint|p2b: Incineroar\n|move|p2a: Garchomp|Dragon Claw|p1b: FakeUrsaluna\n|-damage|p1b: FakeUrsaluna|44/100 brn\n|\n|-heal|p1b: FakeUrsaluna|50/100 brn|[from] item: Leftovers\n|-damage|p1b: FakeUrsaluna|44/100 brn|[from] brn\n|upkeep\n|\n|t:|1776580953\n|switch|p2b: Gengar|Gengar-Mega, L50, F|41/100\n|turn|7\n|\n|t:|1776580965\n|move|p2a: Garchomp|Protect|p2a: Garchomp\n|-singleturn|p2a: Garchomp|Protect\n|move|p2b: Gengar|Protect|p2b: Gengar\n|-singleturn|p2b: Gengar|Protect\n|move|p1b: FakeUrsaluna|Facade|p2a: Garchomp\n|-activate|p2a: Garchomp|move: Protect\n|move|p1a: air fryer|Thunderbolt|p2b: Gengar\n|-activate|p2b: Gengar|move: Protect\n|\n|-heal|p1b: FakeUrsaluna|50/100 brn|[from] item: Leftovers\n|-damage|p1b: FakeUrsaluna|44/100 brn|[from] brn\n|-fieldend|move: Trick Room\n|upkeep\n|turn|8\n|\n|t:|1776580985\n|move|p2b: Gengar|Sludge Bomb|p1b: FakeUrsaluna\n|-damage|p1b: FakeUrsaluna|0 fnt\n|faint|p1b: FakeUrsaluna\n|move|p2a: Garchomp|Dragon Claw|p1a: air fryer\n|-damage|p1a: air fryer|44/100\n|move|p1a: air fryer|Thunderbolt|p2b: Gengar\n|-damage|p2b: Gengar|0 fnt\n|faint|p2b: Gengar\n|\n|upkeep\n|turn|9\n|\n|t:|1776580999\n|move|p1a: air fryer|Protect|p1a: air fryer\n|-singleturn|p1a: air fryer|Protect\n|move|p2a: Garchomp|Dragon Claw|p1a: air fryer\n|-activate|p1a: air fryer|move: Protect\n|\n|upkeep\n|turn|10\n|\n|t:|1776581007\n|move|p2a: Garchomp|Dragon Claw|p1a: air fryer\n|-damage|p1a: air fryer|0 fnt\n|faint|p1a: air fryer\n|\n|win|lucario 1092820\n|raw|dawnratio's rating: 1096 &rarr; <strong>1065</strong><br />(-31 for losing)\n|raw|lucario 1092820's rating: 1000 &rarr; <strong>1051</strong><br />(+51 for winning)\n|l|\u2606lucario 1092820\n|player|p2|\n",
  "uploadtime": 1776581014,
  "views": 8,
  "formatid": "gen9championsvgc2026regma",
  "rating": 1051,
  "private": 0,
  "password": null
}