{
  "id": "gen9championsvgc2026regma-2585535909",
  "format": "[Gen 9 Champions] VGC 2026 Reg M-A",
  "players": [
    "Mask4M",
    "siunhanech"
  ],
  "log": "|j|\u2606Mask4M\n|j|\u2606siunhanech\n|t:|1776354007\n|gametype|doubles\n|player|p1|Mask4M|101|1171\n|player|p2|siunhanech|cynthia-gen4|1255\n|gen|9\n|tier|[Gen 9 Champions] VGC 2026 Reg M-A\n|rated|\n|rule|Species Clause: Limit one of each Pok\u00e9mon\n|rule|Item Clause: Limit 1 of each item\n|clearpoke\n|poke|p1|Glimmora, L50, F|\n|poke|p1|Dragonite, L50, F|\n|poke|p1|Sneasler, L50, M|\n|poke|p1|Incineroar, L50, F|\n|poke|p1|Whimsicott, L50, M|\n|poke|p1|Rotom-Wash, L50|\n|poke|p2|Sneasler, L50, F|\n|poke|p2|Garchomp, L50, M|\n|poke|p2|Rotom-Wash, L50|\n|poke|p2|Talonflame, L50, F|\n|poke|p2|Floette-Eternal, L50, F|\n|poke|p2|Sinistcha, L50|\n|teampreview|4\n|inactive|Battle timer is ON: inactive players will automatically lose when time's up. (requested by Mask4M)\n|inactive|Mask4M has 60 seconds left.\n|inactive|siunhanech has 60 seconds left.\n|inactive|Mask4M has 30 seconds left.\n|\n|t:|1776354070\n|teamsize|p1|4\n|teamsize|p2|4\n|start\n|switch|p1a: Sneasler|Sneasler, L50, M|100/100\n|switch|p1b: Whimsicott|Whimsicott, L50, M|100/100\n|switch|p2a: Rotom|Rotom-Wash, L50|100/100\n|switch|p2b: Tr\u00e0 t\u1eeb tay|Sinistcha, L50|100/100\n|turn|1\n|\n|t:|1776354086\n|move|p1a: Sneasler|Fake Out|p2a: Rotom\n|-damage|p2a: Rotom|86/100\n|move|p1b: Whimsicott|Tailwind|p1b: Whimsicott\n|-sidestart|p1: Mask4M|move: Tailwind\n|cant|p2a: Rotom|flinch\n|move|p2b: Tr\u00e0 t\u1eeb tay|Trick Room|p2b: Tr\u00e0 t\u1eeb tay\n|-fieldstart|move: Trick Room|[of] p2b: Tr\u00e0 t\u1eeb tay\n|\n|-heal|p2a: Rotom|92/100|[from] item: Leftovers\n|upkeep\n|turn|2\n|\n|t:|1776354103\n|switch|p2b: Floette|Floette-Eternal, L50, F|100/100\n|move|p1a: Sneasler|Protect|p1a: Sneasler\n|-singleturn|p1a: Sneasler|Protect\n|move|p1b: Whimsicott|Encore||[still]\n|-fail|p1b: Whimsicott\n|move|p2a: Rotom|Volt Switch|p1a: Sneasler\n|-activate|p1a: Sneasler|move: Protect\n|\n|-heal|p2a: Rotom|98/100|[from] item: Leftovers\n|upkeep\n|turn|3\n|inactive|Mask4M has 30 seconds left.\n|inactive|Mask4M has 20 seconds left.\n|inactive|Mask4M has 15 seconds left.\n|\n|t:|1776354144\n|switch|p1a: Glimmora|Glimmora, L50, F|100/100\n|detailschange|p2b: Floette|Floette-Mega, L50, F\n|-mega|p2b: Floette|Floette|Floettite\n|-ability|p2b: Floette|Fairy Aura\n|move|p2a: Rotom|Will-O-Wisp|p1a: Glimmora|[miss]\n|-miss|p2a: Rotom|p1a: Glimmora\n|move|p2b: Floette|Calm Mind|p2b: Floette\n|-boost|p2b: Floette|spa|1\n|-boost|p2b: Floette|spd|1\n|move|p1b: Whimsicott|Moonblast|p2b: Floette\n|-damage|p2b: Floette|76/100\n|\n|-heal|p2a: Rotom|100/100|[from] item: Leftovers\n|upkeep\n|turn|4\n|inactive|Mask4M has 30 seconds left.\n|\n|t:|1776354172\n|switch|p1a: Sneasler|Sneasler, L50, M|100/100\n|move|p2b: Floette|Protect|p2b: Floette\n|-singleturn|p2b: Floette|Protect\n|move|p1b: Whimsicott|Encore|p2b: Floette\n|-activate|p2b: Floette|move: Protect\n|move|p2a: Rotom|Volt Switch|p1a: Sneasler\n|-damage|p1a: Sneasler|65/100\n|inactive|siunhanech has 30 seconds left.\n|\n|t:|1776354199\n|switch|p2a: Tr\u00e0 t\u1eeb tay|Sinistcha, L50|100/100|[from] Volt Switch\n|-heal|p2b: Floette|100/100|[from] ability: Hospitality|[of] p2a: Tr\u00e0 t\u1eeb tay\n|\n|-sideend|p1: Mask4M|move: Tailwind\n|upkeep\n|turn|5\n|\n|t:|1776354215\n|move|p1a: Sneasler|Fake Out|p2b: Floette\n|-damage|p2b: Floette|83/100\n|move|p2a: Tr\u00e0 t\u1eeb tay|Rage Powder|p2a: Tr\u00e0 t\u1eeb tay\n|-singleturn|p2a: Tr\u00e0 t\u1eeb tay|move: Rage Powder\n|move|p1b: Whimsicott|Taunt|p2a: Tr\u00e0 t\u1eeb tay\n|-start|p2a: Tr\u00e0 t\u1eeb tay|move: Taunt\n|cant|p2b: Floette|flinch\n|\n|-fieldend|move: Trick Room\n|upkeep\n|turn|6\n|inactive|Mask4M has 30 seconds left.\n|inactive|siunhanech has 30 seconds left.\n|inactive|siunhanech has 20 seconds left.\n|\n|t:|1776354254\n|switch|p2b: Garchomp|Garchomp, L50, M|100/100\n|move|p1b: Whimsicott|Encore|p2a: Tr\u00e0 t\u1eeb tay\n|-start|p2a: Tr\u00e0 t\u1eeb tay|Encore\n|cant|p2a: Tr\u00e0 t\u1eeb tay|move: Taunt|Rage Powder\n|move|p1a: Sneasler|Dire Claw|p2b: Garchomp\n|-resisted|p2b: Garchomp|1\n|-damage|p2b: Garchomp|78/100\n|-status|p2b: Garchomp|slp\n|-damage|p1a: Sneasler|53/100|[from] ability: Rough Skin|[of] p2b: Garchomp\n|\n|upkeep\n|turn|7\n|\n|t:|1776354276\n|switch|p2a: Rotom|Rotom-Wash, L50|100/100\n|cant|p2b: Garchomp|slp\n|move|p1a: Sneasler|Dire Claw|p2a: Rotom\n|-damage|p2a: Rotom|58/100\n|move|p1b: Whimsicott|Moonblast|p2b: Garchomp\n|-supereffective|p2b: Garchomp|1\n|-crit|p2b: Garchomp\n|-damage|p2b: Garchomp|0 fnt\n|faint|p2b: Garchomp\n|\n|-heal|p2a: Rotom|64/100|[from] item: Leftovers\n|upkeep\n|\n|t:|1776354293\n|switch|p2b: Tr\u00e0 t\u1eeb tay|Sinistcha, L50|100/100\n|-heal|p2a: Rotom|88/100|[from] ability: Hospitality|[of] p2b: Tr\u00e0 t\u1eeb tay\n|turn|8\n|inactive|siunhanech has 30 seconds left.\n|inactive|siunhanech has 20 seconds left.\n|inactive|siunhanech has 15 seconds left.\n|inactive|siunhanech has 10 seconds left.\n|\n|t:|1776354343\n|switch|p1a: Dragonite|Dragonite, L50, F|100/100\n|move|p2b: Tr\u00e0 t\u1eeb tay|Rage Powder|p2b: Tr\u00e0 t\u1eeb tay\n|-singleturn|p2b: Tr\u00e0 t\u1eeb tay|move: Rage Powder\n|move|p1b: Whimsicott|Taunt|p2b: Tr\u00e0 t\u1eeb tay\n|-start|p2b: Tr\u00e0 t\u1eeb tay|move: Taunt\n|move|p2a: Rotom|Will-O-Wisp|p1a: Dragonite|[miss]\n|-miss|p2a: Rotom|p1a: Dragonite\n|\n|-heal|p2a: Rotom|94/100|[from] item: Leftovers\n|upkeep\n|turn|9\n|\n|t:|1776354364\n|switch|p2b: Floette|Floette-Mega, L50, F|83/100\n|-ability|p2b: Floette|Fairy Aura\n|move|p1b: Whimsicott|Taunt|p2a: Rotom\n|-start|p2a: Rotom|move: Taunt\n|move|p2a: Rotom|Electroweb|p1a: Dragonite|[spread] p1a,p1b\n|-resisted|p1b: Whimsicott|1\n|-damage|p1a: Dragonite|87/100\n|-damage|p1b: Whimsicott|91/100\n|-unboost|p1a: Dragonite|spe|1\n|-unboost|p1b: Whimsicott|spe|1\n|move|p1a: Dragonite|Ice Spinner|p2b: Floette\n|-damage|p2b: Floette|48/100\n|\n|-heal|p2a: Rotom|99/100|[from] item: Leftovers\n|upkeep\n|turn|10\n|inactive|Mask4M has 30 seconds left.\n|inactive|Mask4M has 20 seconds left.\n|\n|t:|1776354400\n|switch|p2a: Tr\u00e0 t\u1eeb tay|Sinistcha, L50|100/100\n|-heal|p2b: Floette|73/100|[from] ability: Hospitality|[of] p2a: Tr\u00e0 t\u1eeb tay\n|switch|p1b: Sneasler|Sneasler, L50, M|53/100\n|move|p1a: Dragonite|Protect|p1a: Dragonite\n|-singleturn|p1a: Dragonite|Protect\n|move|p2b: Floette|Dazzling Gleam|p1b: Sneasler|[spread] p1b\n|-activate|p1a: Dragonite|move: Protect\n|-damage|p1b: Sneasler|0 fnt\n|faint|p1b: Sneasler\n|\n|upkeep\n|\n|t:|1776354413\n|switch|p1b: Glimmora|Glimmora, L50, F|100/100\n|turn|11\n|\n|t:|1776354431\n|switch|p1a: Whimsicott|Whimsicott, L50, M|91/100\n|detailschange|p1b: Glimmora|Glimmora-Mega, L50, F\n|-mega|p1b: Glimmora|Glimmora|Glimmoranite\n|move|p2a: Tr\u00e0 t\u1eeb tay|Rage Powder|p2a: Tr\u00e0 t\u1eeb tay\n|-singleturn|p2a: Tr\u00e0 t\u1eeb tay|move: Rage Powder\n|move|p1b: Glimmora|Sludge Bomb|p2a: Tr\u00e0 t\u1eeb tay\n|-damage|p2a: Tr\u00e0 t\u1eeb tay|32/100\n|-enditem|p2a: Tr\u00e0 t\u1eeb tay|Sitrus Berry|[eat]\n|-heal|p2a: Tr\u00e0 t\u1eeb tay|57/100|[from] item: Sitrus Berry\n|move|p2b: Floette|Dazzling Gleam|p1b: Glimmora|[spread] p1a,p1b\n|-resisted|p1b: Glimmora|1\n|-damage|p1a: Whimsicott|21/100\n|-damage|p1b: Glimmora|69/100\n|\n|upkeep\n|turn|12\n|inactive|Mask4M has 30 seconds left.\n|inactive|siunhanech has 30 seconds left.\n|\n|t:|1776354458\n|move|p1b: Glimmora|Spiky Shield|p1b: Glimmora\n|-singleturn|p1b: Glimmora|move: Protect\n|move|p2a: Tr\u00e0 t\u1eeb tay|Rage Powder|p2a: Tr\u00e0 t\u1eeb tay\n|-singleturn|p2a: Tr\u00e0 t\u1eeb tay|move: Rage Powder\n|move|p1a: Whimsicott|Taunt|p2a: Tr\u00e0 t\u1eeb tay\n|-start|p2a: Tr\u00e0 t\u1eeb tay|move: Taunt\n|move|p2b: Floette|Light of Ruin|p1b: Glimmora\n|-activate|p1b: Glimmora|move: Protect\n|\n|upkeep\n|turn|13\n|inactive|Mask4M has 30 seconds left.\n|\n|t:|1776354484\n|switch|p2b: Rotom|Rotom-Wash, L50|99/100\n|move|p1b: Glimmora|Sludge Bomb|p2b: Rotom\n|-damage|p2b: Rotom|40/100\n|move|p1a: Whimsicott|Moonblast|p2a: Tr\u00e0 t\u1eeb tay\n|-damage|p2a: Tr\u00e0 t\u1eeb tay|21/100\n|move|p2a: Tr\u00e0 t\u1eeb tay|Matcha Gotcha|p1a: Whimsicott|[spread] p1a,p1b\n|-resisted|p1a: Whimsicott|1\n|-crit|p1b: Glimmora\n|-damage|p1a: Whimsicott|4/100\n|-heal|p2a: Tr\u00e0 t\u1eeb tay|29/100|[from] drain|[of] p1a: Whimsicott\n|-damage|p1b: Glimmora|28/100\n|-heal|p2a: Tr\u00e0 t\u1eeb tay|48/100|[from] drain|[of] p1b: Glimmora\n|-status|p1a: Whimsicott|brn\n|\n|-heal|p2b: Rotom|46/100|[from] item: Leftovers\n|-damage|p1a: Whimsicott|0 fnt|[from] brn\n|faint|p1a: Whimsicott\n|upkeep\n|\n|t:|1776354502\n|switch|p1a: Dragonite|Dragonite, L50, F|87/100\n|turn|14\n|\n|t:|1776354513\n|move|p1b: Glimmora|Sludge Bomb|p2b: Rotom\n|-damage|p2b: Rotom|0 fnt\n|faint|p2b: Rotom\n|move|p1a: Dragonite|Ice Spinner|p2a: Tr\u00e0 t\u1eeb tay\n|-supereffective|p2a: Tr\u00e0 t\u1eeb tay|1\n|-damage|p2a: Tr\u00e0 t\u1eeb tay|0 fnt\n|faint|p2a: Tr\u00e0 t\u1eeb tay\n|\n|upkeep\n|\n|t:|1776354521\n|switch|p2b: Floette|Floette-Mega, L50, F|73/100\n|-ability|p2b: Floette|Fairy Aura\n|turn|15\n|\n|t:|1776354531\n|move|p1a: Dragonite|Extreme Speed|p2b: Floette\n|-damage|p2b: Floette|39/100\n|move|p1b: Glimmora|Sludge Bomb|p2b: Floette\n|-supereffective|p2b: Floette|1\n|-crit|p2b: Floette\n|-damage|p2b: Floette|0 fnt\n|faint|p2b: Floette\n|\n|win|Mask4M\n|raw|Mask4M's rating: 1171 &rarr; <strong>1202</strong><br />(+31 for winning)\n|raw|siunhanech's rating: 1255 &rarr; <strong>1224</strong><br />(-31 for losing)\n|l|\u2606siunhanech\n|player|p2|\n",
  "uploadtime": 1776354540,
  "views": 25,
  "formatid": "gen9championsvgc2026regma",
  "rating": 1202,
  "private": 0,
  "password": null
}