{
  "id": "gen9championsvgc2026regma-2588573157",
  "format": "[Gen 9 Champions] VGC 2026 Reg M-A",
  "players": [
    "spunkid0ri",
    "JustThatFish"
  ],
  "log": "|j|\u2606spunkid0ri\n|j|\u2606JustThatFish\n|t:|1776646280\n|gametype|doubles\n|player|p1|spunkid0ri|elesa|1253\n|player|p2|JustThatFish|beauty-gen4dp|1354\n|gen|9\n|tier|[Gen 9 Champions] VGC 2026 Reg M-A\n|rated|\n|rule|Species Clause: Limit one of each Pok\u00e9mon\n|rule|Item Clause: Limit 1 of each item\n|clearpoke\n|poke|p1|Charizard, L50, M|\n|poke|p1|Venusaur, L50, F, shiny|\n|poke|p1|Incineroar, L50, M|\n|poke|p1|Rotom-Wash, L50|\n|poke|p1|Clefable, L50, F, shiny|\n|poke|p1|Garchomp, L50, M|\n|poke|p2|Basculegion, L50, M|\n|poke|p2|Sinistcha-Masterpiece, L50|\n|poke|p2|Pelipper, L50, F, shiny|\n|poke|p2|Sneasler, L50, F|\n|poke|p2|Aggron, L50, M|\n|poke|p2|Incineroar, L50, F|\n|teampreview|4\n|inactive|Battle timer is ON: inactive players will automatically lose when time's up. (requested by JustThatFish)\n|inactive|spunkid0ri also wants the timer to be on.\n|inactive|JustThatFish has 60 seconds left.\n|\n|t:|1776646318\n|teamsize|p1|4\n|teamsize|p2|4\n|start\n|switch|p1a: Rotom|Rotom-Wash, L50|100/100\n|switch|p1b: Garchomp|Garchomp, L50, M|100/100\n|switch|p2a: Incineroar|Incineroar, L50, F|100/100\n|switch|p2b: Basculegion|Basculegion, L50, M|100/100\n|-ability|p2a: Incineroar|Intimidate|boost\n|-unboost|p1a: Rotom|atk|1\n|-unboost|p1b: Garchomp|atk|1\n|turn|1\n|\n|t:|1776646332\n|move|p1b: Garchomp|Protect|p1b: Garchomp\n|-singleturn|p1b: Garchomp|Protect\n|move|p1a: Rotom|Protect|p1a: Rotom\n|-singleturn|p1a: Rotom|Protect\n|move|p2a: Incineroar|Fake Out|p1a: Rotom\n|-activate|p1a: Rotom|move: Protect\n|move|p2b: Basculegion|Flip Turn|p1b: Garchomp\n|-activate|p1b: Garchomp|move: Protect\n|\n|upkeep\n|turn|2\n|\n|t:|1776646354\n|move|p1b: Garchomp|Earthquake|p2a: Incineroar|[spread] p2a,p2b\n|-immune|p1a: Rotom|[from] ability: Levitate\n|-supereffective|p2a: Incineroar|1\n|-damage|p2a: Incineroar|61/100\n|-damage|p2b: Basculegion|65/100\n|move|p1a: Rotom|Discharge|p2a: Incineroar|[spread] p2a,p2b\n|-immune|p1b: Garchomp\n|-supereffective|p2b: Basculegion|1\n|-damage|p2a: Incineroar|38/100\n|-damage|p2b: Basculegion|0 fnt\n|-enditem|p2a: Incineroar|Sitrus Berry|[eat]\n|-heal|p2a: Incineroar|63/100|[from] item: Sitrus Berry\n|faint|p2b: Basculegion\n|move|p2a: Incineroar|Parting Shot|p1b: Garchomp\n|-unboost|p1b: Garchomp|atk|1\n|-unboost|p1b: Garchomp|spa|1\n|\n|t:|1776646371\n|switch|p2a: Aggron|Aggron, L50, M|100/100|[from] Parting Shot\n|\n|upkeep\n|\n|t:|1776646376\n|switch|p2b: Incineroar|Incineroar, L50, F|63/100\n|-ability|p2b: Incineroar|Intimidate|boost\n|-unboost|p1a: Rotom|atk|1\n|-unboost|p1b: Garchomp|atk|1\n|turn|3\n|\n|t:|1776646390\n|detailschange|p2a: Aggron|Aggron-Mega, L50, M\n|-mega|p2a: Aggron|Aggron|Aggronite\n|move|p1b: Garchomp|Protect|p1b: Garchomp\n|-singleturn|p1b: Garchomp|Protect\n|move|p2b: Incineroar|Fake Out|p1a: Rotom\n|-damage|p1a: Rotom|86/100\n|cant|p1a: Rotom|flinch\n|move|p2a: Aggron|Iron Defense|p2a: Aggron\n|-boost|p2a: Aggron|def|2\n|\n|-heal|p1a: Rotom|92/100|[from] item: Leftovers\n|upkeep\n|turn|4\n|\n|t:|1776646406\n|move|p1b: Garchomp|Earthquake|p2a: Aggron|[spread] p2a,p2b\n|-immune|p1a: Rotom|[from] ability: Levitate\n|-supereffective|p2a: Aggron|1\n|-supereffective|p2b: Incineroar|1\n|-damage|p2a: Aggron|95/100\n|-damage|p2b: Incineroar|38/100\n|move|p1a: Rotom|Hydro Pump|p2a: Aggron\n|-damage|p2a: Aggron|32/100\n|move|p2b: Incineroar|Parting Shot|p1b: Garchomp\n|-unboost|p1b: Garchomp|atk|1\n|-unboost|p1b: Garchomp|spa|1\n|c|\u2606spunkid0ri|!dt filter\n|c|\u2606spunkid0ri|/raw <ul class=\"utilichart\"><li class=\"result\"><span class=\"col namecol\"><a href=\"https://dex.pokemonshowdown.com/abilities/filter\">Filter</a></span> <span class=\"col abilitydesccol\">This Pokemon receives 3/4 damage from supereffective attacks.</span> </li><li style=\"clear:both\"></li></ul>\n|c|\u2606spunkid0ri|/raw <font size=\"1\"><font color=\"#686868\">Gen:</font> 4&nbsp;|&ThickSpace;&#10003; Ignored by Mold Breaker</font>\n\n|\n|t:|1776646417\n|switch|p2b: Pelipper|Pelipper, L50, F, shiny|100/100|[from] Parting Shot\n|-weather|RainDance|[from] ability: Drizzle|[of] p2b: Pelipper\n|move|p2a: Aggron|Body Press|p1a: Rotom\n|-damage|p1a: Rotom|0 fnt\n|faint|p1a: Rotom\n|\n|-weather|RainDance|[upkeep]\n|upkeep\n|c|\u2606spunkid0ri|oh solid rock\n|\n|t:|1776646432\n|switch|p1a: Venusaur|Venusaur, L50, F, shiny|100/100\n|turn|5\n|\n|t:|1776646440\n|move|p1a: Venusaur|Protect|p1a: Venusaur\n|-singleturn|p1a: Venusaur|Protect\n|move|p1b: Garchomp|Rock Slide|p2a: Aggron|[spread] p2a,p2b\n|-resisted|p2a: Aggron|1\n|-supereffective|p2b: Pelipper|1\n|-damage|p2a: Aggron|31/100\n|-damage|p2b: Pelipper|83/100\n|cant|p2b: Pelipper|flinch\n|move|p2a: Aggron|Body Press|p1a: Venusaur\n|-activate|p1a: Venusaur|move: Protect\n|\n|-weather|RainDance|[upkeep]\n|upkeep\n|turn|6\n|\n|t:|1776646454\n|switch|p1a: Incineroar|Incineroar, L50, M|100/100\n|-ability|p1a: Incineroar|Intimidate|boost\n|-unboost|p2a: Aggron|atk|1\n|-unboost|p2b: Pelipper|atk|1\n|move|p1b: Garchomp|Protect|p1b: Garchomp\n|-singleturn|p1b: Garchomp|Protect\n|move|p2a: Aggron|Protect|p2a: Aggron\n|-singleturn|p2a: Aggron|Protect\n|move|p2b: Pelipper|Tailwind|p2b: Pelipper\n|-sidestart|p2: JustThatFish|move: Tailwind\n|\n|-weather|RainDance|[upkeep]\n|upkeep\n|turn|7\n|\n|t:|1776646474\n|switch|p2b: Incineroar|Incineroar, L50, F|38/100\n|-ability|p2b: Incineroar|Intimidate|boost\n|-unboost|p1a: Incineroar|atk|1\n|-unboost|p1b: Garchomp|atk|1\n|move|p1a: Incineroar|Fake Out|p2a: Aggron\n|-resisted|p2a: Aggron|1\n|-damage|p2a: Aggron|30/100\n|move|p1b: Garchomp|Rock Slide|p2b: Incineroar|[spread] p2a,p2b\n|-resisted|p2a: Aggron|1\n|-supereffective|p2b: Incineroar|1\n|-damage|p2a: Aggron|30/100\n|-damage|p2b: Incineroar|29/100\n|cant|p2a: Aggron|flinch\n|\n|-weather|RainDance|[upkeep]\n|upkeep\n|turn|8\n|\n|t:|1776646495\n|move|p1b: Garchomp|Protect|p1b: Garchomp\n|-singleturn|p1b: Garchomp|Protect\n|move|p1a: Incineroar|Protect|p1a: Incineroar\n|-singleturn|p1a: Incineroar|Protect\n|move|p2b: Incineroar|Fake Out|p1a: Incineroar\n|-activate|p1a: Incineroar|move: Protect\n|move|p2a: Aggron|Body Press|p1a: Incineroar\n|-activate|p1a: Incineroar|move: Protect\n|\n|-weather|none\n|upkeep\n|turn|9\n|inactive|spunkid0ri has 30 seconds left.\n|\n|t:|1776646521\n|move|p1b: Garchomp|Rock Slide|p2a: Aggron|[spread] p2b\n|-miss|p1b: Garchomp|p2a: Aggron\n|-supereffective|p2b: Incineroar|1\n|-damage|p2b: Incineroar|21/100\n|cant|p2b: Incineroar|flinch\n|move|p2a: Aggron|Body Press|p1a: Incineroar\n|-supereffective|p1a: Incineroar|1\n|-enditem|p1a: Incineroar|Chople Berry|[eat]\n|-enditem|p1a: Incineroar|Chople Berry|[weaken]\n|-damage|p1a: Incineroar|21/100\n|move|p1a: Incineroar|Parting Shot|p2a: Aggron\n|-unboost|p2a: Aggron|atk|1\n|-unboost|p2a: Aggron|spa|1\n|\n|t:|1776646530\n|switch|p1a: Venusaur|Venusaur, L50, F, shiny|100/100|[from] Parting Shot\n|\n|-sideend|p2: JustThatFish|move: Tailwind\n|upkeep\n|turn|10\n|\n|t:|1776646547\n|switch|p1b: Incineroar|Incineroar, L50, M|21/100\n|-ability|p1b: Incineroar|Intimidate|boost\n|-unboost|p2a: Aggron|atk|1\n|-unboost|p2b: Incineroar|atk|1\n|move|p1a: Venusaur|Protect|p1a: Venusaur\n|-singleturn|p1a: Venusaur|Protect\n|move|p2a: Aggron|Protect|p2a: Aggron\n|-singleturn|p2a: Aggron|Protect\n|move|p2b: Incineroar|Parting Shot|p1a: Venusaur\n|-activate|p1a: Venusaur|move: Protect\n|\n|upkeep\n|turn|11\n|\n|t:|1776646569\n|switch|p2b: Pelipper|Pelipper, L50, F, shiny|83/100\n|-weather|RainDance|[from] ability: Drizzle|[of] p2b: Pelipper\n|detailschange|p1a: Venusaur|Venusaur-Mega, L50, F, shiny\n|-mega|p1a: Venusaur|Venusaur|Venusaurite\n|move|p1b: Incineroar|Fake Out|p2b: Pelipper\n|-damage|p2b: Pelipper|68/100\n|move|p1a: Venusaur|Earth Power|p2a: Aggron\n|-supereffective|p2a: Aggron|1\n|-damage|p2a: Aggron|0 fnt\n|faint|p2a: Aggron\n|\n|-weather|RainDance|[upkeep]\n|upkeep\n|c|\u2606spunkid0ri|holy fuck\n|c|\u2606spunkid0ri|this trivial maze\n|c|\u2606JustThatFish|no spdef\n|inactive|JustThatFish has 30 seconds left.\n|-message|JustThatFish forfeited.\n|\n|win|spunkid0ri\n|raw|spunkid0ri's rating: 1253 &rarr; <strong>1285</strong><br />(+32 for winning)\n|raw|JustThatFish's rating: 1354 &rarr; <strong>1328</strong><br />(-26 for losing)\n|l|\u2606JustThatFish\n|player|p2|\n",
  "uploadtime": 1776646643,
  "views": 11,
  "formatid": "gen9championsvgc2026regma",
  "rating": 1285,
  "private": 0,
  "password": null
}