{
  "id": "gen9championsvgc2026regma-2586505341",
  "format": "[Gen 9 Champions] VGC 2026 Reg M-A",
  "players": [
    "Joalsk",
    "colfox"
  ],
  "log": "|j|\u2606Joalsk\n|j|\u203dcolfox\n|t:|1776439292\n|gametype|doubles\n|player|p1|Joalsk|170|1392\n|player|p2|colfox|169|1315\n|gen|9\n|tier|[Gen 9 Champions] VGC 2026 Reg M-A\n|rated|\n|rule|Species Clause: Limit one of each Pok\u00e9mon\n|rule|Item Clause: Limit 1 of each item\n|clearpoke\n|poke|p1|Floette-Eternal, L50, F|\n|poke|p1|Garchomp, L50, M|\n|poke|p1|Sneasler, L50, F|\n|poke|p1|Kingambit, L50, M|\n|poke|p1|Sinistcha, L50|\n|poke|p1|Delphox, L50, F|\n|poke|p2|Tyranitar, L50, M|\n|poke|p2|Excadrill, L50, M|\n|poke|p2|Dragapult, L50, F|\n|poke|p2|Milotic, L50, M|\n|poke|p2|Raichu, L50, F|\n|poke|p2|Scizor, L50, M|\n|teampreview|4\n|inactive|Battle timer is ON: inactive players will automatically lose when time's up. (requested by Joalsk)\n|\n|t:|1776439358\n|teamsize|p1|4\n|teamsize|p2|4\n|start\n|switch|p1a: Delphox|Delphox, L50, F|100/100\n|switch|p1b: Garchomp|Garchomp, L50, M|100/100\n|switch|p2a: Tyranitar|Tyranitar, L50, M|100/100\n|switch|p2b: Excadrill|Excadrill, L50, M|100/100\n|-weather|Sandstorm|[from] ability: Sand Stream|[of] p2a: Tyranitar\n|turn|1\n|\n|t:|1776439377\n|detailschange|p1a: Delphox|Delphox-Mega, L50, F\n|-mega|p1a: Delphox|Delphox|Delphoxite\n|detailschange|p2a: Tyranitar|Tyranitar-Mega, L50, M\n|-mega|p2a: Tyranitar|Tyranitar|Tyranitarite\n|move|p1a: Delphox|Protect|p1a: Delphox\n|-singleturn|p1a: Delphox|Protect\n|move|p2b: Excadrill|Rock Slide|p1a: Delphox|[spread] p1b\n|-activate|p1a: Delphox|move: Protect\n|-resisted|p1b: Garchomp|1\n|-damage|p1b: Garchomp|92/100\n|cant|p1b: Garchomp|flinch\n|move|p2a: Tyranitar|Rock Slide|p1a: Delphox|[spread] p1b\n|-activate|p1a: Delphox|move: Protect\n|-resisted|p1b: Garchomp|1\n|-damage|p1b: Garchomp|75/100\n|\n|-weather|Sandstorm|[upkeep]\n|-damage|p1a: Delphox|95/100|[from] Sandstorm\n|upkeep\n|turn|2\n|\n|t:|1776439401\n|switch|p1a: Sinistcha|Sinistcha, L50|100/100\n|-heal|p1b: Garchomp|99/100|[from] ability: Hospitality|[of] p1a: Sinistcha\n|move|p2b: Excadrill|Rock Slide|p1b: Garchomp|[spread] p1a,p1b\n|-resisted|p1b: Garchomp|1\n|-damage|p1a: Sinistcha|81/100\n|-damage|p1b: Garchomp|90/100\n|cant|p1b: Garchomp|flinch\n|move|p2a: Tyranitar|Knock Off|p1b: Garchomp\n|-damage|p1b: Garchomp|31/100\n|-damage|p2a: Tyranitar|88/100|[from] ability: Rough Skin|[of] p1b: Garchomp\n|-enditem|p1b: Garchomp|Sitrus Berry|[from] move: Knock Off|[of] p2a: Tyranitar\n|\n|-weather|Sandstorm|[upkeep]\n|-damage|p1a: Sinistcha|75/100|[from] Sandstorm\n|upkeep\n|turn|3\n|inactive|colfox has 30 seconds left.\n|\n|t:|1776439431\n|move|p2b: Excadrill|Iron Head|p1b: Garchomp\n|-damage|p1b: Garchomp|0 fnt\n|-damage|p2b: Excadrill|88/100|[from] ability: Rough Skin|[of] p1b: Garchomp\n|faint|p1b: Garchomp\n|move|p2a: Tyranitar|Crunch|p1a: Sinistcha\n|-supereffective|p1a: Sinistcha|1\n|-damage|p1a: Sinistcha|0 fnt\n|faint|p1a: Sinistcha\n|\n|-weather|Sandstorm|[upkeep]\n|upkeep\n|\n|t:|1776439435\n|switch|p1b: Delphox|Delphox-Mega, L50, F|95/100\n|switch|p1a: Sneasler|Sneasler, L50, F|100/100\n|turn|4\n|\n|t:|1776439446\n|move|p2b: Excadrill|Protect|p2b: Excadrill\n|-singleturn|p2b: Excadrill|Protect\n|move|p2a: Tyranitar|Protect|p2a: Tyranitar\n|-singleturn|p2a: Tyranitar|Protect\n|move|p1a: Sneasler|Fake Out|p2b: Excadrill\n|-activate|p2b: Excadrill|move: Protect\n|move|p1b: Delphox|Calm Mind|p1b: Delphox\n|-boost|p1b: Delphox|spa|1\n|-boost|p1b: Delphox|spd|1\n|\n|-weather|Sandstorm|[upkeep]\n|-damage|p1b: Delphox|89/100|[from] Sandstorm\n|-damage|p1a: Sneasler|94/100|[from] Sandstorm\n|upkeep\n|turn|5\n|\n|t:|1776439464\n|move|p1b: Delphox|Protect|p1b: Delphox\n|-singleturn|p1b: Delphox|Protect\n|move|p1a: Sneasler|Protect|p1a: Sneasler\n|-singleturn|p1a: Sneasler|Protect\n|move|p2b: Excadrill|Rock Slide|p1b: Delphox|[spread] \n|-activate|p1a: Sneasler|move: Protect\n|-activate|p1b: Delphox|move: Protect\n|move|p2a: Tyranitar|Rock Slide|p1a: Sneasler|[spread] \n|-activate|p1a: Sneasler|move: Protect\n|-activate|p1b: Delphox|move: Protect\n|\n|-weather|none\n|upkeep\n|turn|6\n|inactive|Joalsk has 30 seconds left.\n|inactive|Joalsk has 20 seconds left.\n|inactive|Joalsk has 15 seconds left.\n|\n|t:|1776439505\n|switch|p2b: Raichu|Raichu, L50, F|100/100\n|switch|p2a: Dragapult|Dragapult, L50, F|100/100\n|move|p1b: Delphox|Calm Mind|p1b: Delphox\n|-boost|p1b: Delphox|spa|1\n|-boost|p1b: Delphox|spd|1\n|move|p1a: Sneasler|Dire Claw|p2a: Dragapult\n|-resisted|p2a: Dragapult|1\n|-damage|p2a: Dragapult|73/100\n|-status|p2a: Dragapult|psn\n|\n|-damage|p2a: Dragapult|61/100 psn|[from] psn\n|upkeep\n|turn|7\n|inactive|colfox has 30 seconds left.\n|\n|t:|1776439534\n|move|p1b: Delphox|Protect|p1b: Delphox\n|-singleturn|p1b: Delphox|Protect\n|move|p1a: Sneasler|Protect|p1a: Sneasler\n|-singleturn|p1a: Sneasler|Protect\n|move|p2a: Dragapult|Dragon Darts|p1b: Delphox\n|-activate|p1a: Sneasler|move: Protect\n|move|p2b: Raichu|Thunderbolt|p1b: Delphox\n|-activate|p1b: Delphox|move: Protect\n|\n|-damage|p2a: Dragapult|49/100 psn|[from] psn\n|upkeep\n|turn|8\n|inactive|Joalsk has 30 seconds left.\n|inactive|colfox has 30 seconds left.\n|inactive|Joalsk has 20 seconds left.\n|inactive|Joalsk has 15 seconds left.\n|\n|t:|1776439579\n|move|p2a: Dragapult|Dragon Darts|p1b: Delphox\n|-damage|p1b: Delphox|50/100\n|-anim|p2a: Dragapult|Dragon Darts|p1a: Sneasler\n|-damage|p1a: Sneasler|57/100\n|move|p1b: Delphox|Psychic|p2b: Raichu\n|-damage|p2b: Raichu|0 fnt\n|faint|p2b: Raichu\n|move|p1a: Sneasler|Close Combat|p2a: Dragapult\n|-immune|p2a: Dragapult\n|\n|-damage|p2a: Dragapult|37/100 psn|[from] psn\n|upkeep\n|\n|t:|1776439596\n|switch|p2b: Tyranitar|Tyranitar-Mega, L50, M|88/100\n|-weather|Sandstorm|[from] ability: Sand Stream|[of] p2b: Tyranitar\n|turn|9\n|\n|t:|1776439613\n|move|p1b: Delphox|Protect|p1b: Delphox\n|-singleturn|p1b: Delphox|Protect\n|move|p1a: Sneasler|Protect|p1a: Sneasler\n|-singleturn|p1a: Sneasler|Protect\n|move|p2b: Tyranitar|Protect|p2b: Tyranitar\n|-singleturn|p2b: Tyranitar|Protect\n|move|p2a: Dragapult|Dragon Darts|p1b: Delphox\n|-activate|p1a: Sneasler|move: Protect\n|\n|-weather|Sandstorm|[upkeep]\n|-damage|p2a: Dragapult|31/100 psn|[from] Sandstorm\n|-damage|p1b: Delphox|44/100|[from] Sandstorm\n|-damage|p1a: Sneasler|51/100|[from] Sandstorm\n|-damage|p2a: Dragapult|19/100 psn|[from] psn\n|upkeep\n|turn|10\n|\n|t:|1776439631\n|move|p2a: Dragapult|Dragon Darts|p1b: Delphox\n|-damage|p1b: Delphox|9/100\n|-anim|p2a: Dragapult|Dragon Darts|p1a: Sneasler\n|-damage|p1a: Sneasler|16/100\n|move|p1b: Delphox|Psychic|p2a: Dragapult\n|-damage|p2a: Dragapult|0 fnt\n|faint|p2a: Dragapult\n|move|p1a: Sneasler|Close Combat|p2b: Tyranitar\n|-supereffective|p2b: Tyranitar|2\n|-damage|p2b: Tyranitar|0 fnt\n|-unboost|p1a: Sneasler|def|1\n|-unboost|p1a: Sneasler|spd|1\n|faint|p2b: Tyranitar\n|-enditem|p1a: Sneasler|White Herb\n|-clearnegativeboost|p1a: Sneasler|[silent]\n|\n|-weather|Sandstorm|[upkeep]\n|-damage|p1a: Sneasler|10/100|[from] Sandstorm\n|-damage|p1b: Delphox|3/100|[from] Sandstorm\n|upkeep\n|\n|t:|1776439653\n|switch|p2a: Excadrill|Excadrill, L50, M|88/100\n|turn|11\n|\n|t:|1776439661\n|move|p2a: Excadrill|Protect|p2a: Excadrill\n|-singleturn|p2a: Excadrill|Protect\n|move|p1a: Sneasler|Close Combat|p2a: Excadrill\n|-activate|p2a: Excadrill|move: Protect\n|move|p1b: Delphox|Heat Wave|p2a: Excadrill\n|-activate|p2a: Excadrill|move: Protect\n|\n|-weather|Sandstorm|[upkeep]\n|-damage|p1a: Sneasler|4/100|[from] Sandstorm\n|-damage|p1b: Delphox|0 fnt|[from] Sandstorm\n|faint|p1b: Delphox\n|upkeep\n|turn|12\n|\n|t:|1776439676\n|move|p1a: Sneasler|Close Combat|p2a: Excadrill\n|-supereffective|p2a: Excadrill|1\n|-damage|p2a: Excadrill|0 fnt\n|-unboost|p1a: Sneasler|def|1\n|-unboost|p1a: Sneasler|spd|1\n|faint|p2a: Excadrill\n|\n|win|Joalsk\n|raw|Joalsk's rating: 1392 &rarr; <strong>1408</strong><br />(+16 for winning)\n|raw|colfox's rating: 1315 &rarr; <strong>1299</strong><br />(-16 for losing)\n|l|\u2606Joalsk\n|player|p1|\n|l|\u203dcolfox\n|player|p2|\n|j|\u203dcolfox\n|player|p2|colfox|169|\n",
  "uploadtime": 1776440010,
  "views": 40,
  "formatid": "gen9championsvgc2026regma",
  "rating": 1299,
  "private": 0,
  "password": null
}