{
  "id": "gen9championsvgc2026regma-2584033115",
  "format": "[Gen 9 Champions] VGC 2026 Reg M-A",
  "players": [
    "Azure Resolution",
    "3000 moths"
  ],
  "log": "|j|\u2606Azure Resolution\n|j|\u26063000 moths\n|t:|1776218595\n|gametype|doubles\n|player|p1|Azure Resolution|gentleman-gen4dp|1308\n|player|p2|3000 moths|miku-ghost|1373\n|gen|9\n|tier|[Gen 9 Champions] VGC 2026 Reg M-A\n|rated|\n|rule|Species Clause: Limit one of each Pok\u00e9mon\n|rule|Item Clause: Limit 1 of each item\n|clearpoke\n|poke|p1|Altaria, L50, F|\n|poke|p1|Delphox, L50, F|\n|poke|p1|Kingambit, L50, M|\n|poke|p1|Milotic, L50, M|\n|poke|p1|Raichu, L50, F|\n|poke|p1|Incineroar, L50, M|\n|poke|p2|Clefable, L50, F|\n|poke|p2|Sinistcha, L50|\n|poke|p2|Aggron, L50, F|\n|poke|p2|Slowbro, L50, F|\n|poke|p2|Incineroar, L50, F|\n|poke|p2|Klefki, L50, M|\n|teampreview|4\n|inactive|Battle timer is ON: inactive players will automatically lose when time's up. (requested by 3000 moths)\n|inactive|Azure Resolution has 60 seconds left.\n|inactive|3000 moths has 60 seconds left.\n|\n|t:|1776218651\n|teamsize|p1|4\n|teamsize|p2|4\n|start\n|switch|p1a: Delphox|Delphox, L50, F|100/100\n|switch|p1b: Milotic|Milotic, L50, M|100/100\n|switch|p2a: Klefki|Klefki, L50, M|100/100\n|switch|p2b: Slowbro|Slowbro, L50, F|100/100\n|turn|1\n|inactive|Azure Resolution has 30 seconds left.\n|inactive|Azure Resolution has 20 seconds left.\n|inactive|Azure Resolution has 15 seconds left.\n|\n|t:|1776218692\n|switch|p1a: Kingambit|Kingambit, L50, M|100/100\n|detailschange|p2b: Slowbro|Slowbro-Mega, L50, F\n|-mega|p2b: Slowbro|Slowbro|Slowbronite\n|move|p2a: Klefki|Light Screen|p2a: Klefki\n|-sidestart|p2: 3000 moths|move: Light Screen\n|move|p1b: Milotic|Scald|p2a: Klefki\n|-damage|p2a: Klefki|81/100\n|move|p2b: Slowbro|Calm Mind|p2b: Slowbro\n|-boost|p2b: Slowbro|spa|1\n|-boost|p2b: Slowbro|spd|1\n|\n|-heal|p2a: Klefki|87/100|[from] item: Leftovers\n|upkeep\n|turn|2\n|inactive|Azure Resolution has 30 seconds left.\n|inactive|Azure Resolution has 20 seconds left.\n|\n|t:|1776218730\n|move|p2b: Slowbro|Protect|p2b: Slowbro\n|-singleturn|p2b: Slowbro|Protect\n|move|p1b: Milotic|Icy Wind|p2b: Slowbro|[spread] p2a\n|-activate|p2b: Slowbro|move: Protect\n|-resisted|p2a: Klefki|1\n|-damage|p2a: Klefki|84/100\n|-unboost|p2a: Klefki|spe|1\n|move|p1a: Kingambit|Kowtow Cleave|p2b: Slowbro\n|-activate|p2b: Slowbro|move: Protect\n|move|p2a: Klefki|Trick Room|p2a: Klefki\n|-fieldstart|move: Trick Room|[of] p2a: Klefki\n|\n|-heal|p2a: Klefki|90/100|[from] item: Leftovers\n|upkeep\n|turn|3\n|inactive|Azure Resolution has 30 seconds left.\n|inactive|Azure Resolution has 20 seconds left.\n|inactive|Azure Resolution has 15 seconds left.\n|inactive|Azure Resolution has 10 seconds left.\n|\n|t:|1776218780\n|move|p2a: Klefki|Reflect|p2a: Klefki\n|-sidestart|p2: 3000 moths|Reflect\n|move|p2b: Slowbro|Scald|p1a: Kingambit\n|-damage|p1a: Kingambit|39/100\n|-status|p1a: Kingambit|brn\n|move|p1a: Kingambit|Kowtow Cleave|p2b: Slowbro\n|-supereffective|p2b: Slowbro|1\n|-damage|p2b: Slowbro|81/100\n|move|p1b: Milotic|Scald|p2a: Klefki\n|-damage|p2a: Klefki|69/100\n|\n|-heal|p2a: Klefki|75/100|[from] item: Leftovers\n|-damage|p1a: Kingambit|33/100 brn|[from] brn\n|upkeep\n|turn|4\n|inactive|Azure Resolution has 30 seconds left.\n|inactive|Azure Resolution has 20 seconds left.\n|inactive|Azure Resolution has 15 seconds left.\n|inactive|Azure Resolution has 10 seconds left.\n|\n|t:|1776218826\n|switch|p2a: Sinistcha|Sinistcha, L50|100/100\n|-heal|p2b: Slowbro|100/100|[from] ability: Hospitality|[of] p2a: Sinistcha\n|move|p2b: Slowbro|Scald|p1a: Kingambit\n|-damage|p1a: Kingambit|0 fnt\n|faint|p1a: Kingambit\n|move|p1b: Milotic|Scald|p2a: Sinistcha\n|-resisted|p2a: Sinistcha|1\n|-damage|p2a: Sinistcha|86/100\n|\n|upkeep\n|\n|t:|1776218836\n|switch|p1a: Raichu|Raichu, L50, F|100/100\n|turn|5\n|\n|t:|1776218857\n|move|p2b: Slowbro|Calm Mind|p2b: Slowbro\n|-boost|p2b: Slowbro|spa|1\n|-boost|p2b: Slowbro|spd|1\n|move|p2a: Sinistcha|Matcha Gotcha|p1b: Milotic|[spread] p1a,p1b\n|-supereffective|p1b: Milotic|1\n|-damage|p1a: Raichu|60/100\n|-heal|p2a: Sinistcha|100/100|[from] drain|[of] p1a: Raichu\n|-damage|p1b: Milotic|64/100\n|move|p1b: Milotic|Ice Beam|p2a: Sinistcha\n|-supereffective|p2a: Sinistcha|1\n|-damage|p2a: Sinistcha|56/100\n|move|p1a: Raichu|Thunderbolt|p2a: Sinistcha\n|-resisted|p2a: Sinistcha|1\n|-damage|p2a: Sinistcha|41/100\n|\n|-heal|p1b: Milotic|70/100|[from] item: Leftovers\n|-sideend|p2: 3000 moths|move: Light Screen\n|upkeep\n|turn|6\n|\n|t:|1776218880\n|switch|p2a: Klefki|Klefki, L50, M|75/100\n|move|p1b: Milotic|Protect|p1b: Milotic\n|-singleturn|p1b: Milotic|Protect\n|move|p1a: Raichu|Protect|p1a: Raichu\n|-singleturn|p1a: Raichu|Protect\n|move|p2b: Slowbro|Scald|p1a: Raichu\n|-activate|p1a: Raichu|move: Protect\n|\n|-heal|p2a: Klefki|82/100|[from] item: Leftovers\n|-heal|p1b: Milotic|76/100|[from] item: Leftovers\n|-fieldend|move: Trick Room\n|upkeep\n|turn|7\n|inactive|Azure Resolution has 30 seconds left.\n|\n|t:|1776218915\n|switch|p1b: Delphox|Delphox, L50, F|100/100\n|move|p2b: Slowbro|Protect|p2b: Slowbro\n|-singleturn|p2b: Slowbro|Protect\n|move|p2a: Klefki|Light Screen|p2a: Klefki\n|-sidestart|p2: 3000 moths|move: Light Screen\n|move|p1a: Raichu|Nuzzle|p2b: Slowbro\n|-activate|p2b: Slowbro|move: Protect\n|\n|-heal|p2a: Klefki|88/100|[from] item: Leftovers\n|-sideend|p2: 3000 moths|Reflect\n|upkeep\n|turn|8\n|\n|t:|1776218936\n|detailschange|p1b: Delphox|Delphox-Mega, L50, F\n|-mega|p1b: Delphox|Delphox|Delphoxite\n|move|p1b: Delphox|Substitute|p1b: Delphox\n|-start|p1b: Delphox|Substitute\n|-damage|p1b: Delphox|75/100\n|move|p1a: Raichu|Thunderbolt|p2b: Slowbro\n|-supereffective|p2b: Slowbro|1\n|-damage|p2b: Slowbro|73/100\n|move|p2b: Slowbro|Scald|p1b: Delphox\n|-supereffective|p1b: Delphox|1\n|-end|p1b: Delphox|Substitute\n|move|p2a: Klefki|Trick Room|p2a: Klefki\n|-fieldstart|move: Trick Room|[of] p2a: Klefki\n|\n|-heal|p2a: Klefki|94/100|[from] item: Leftovers\n|upkeep\n|turn|9\n|inactive|Azure Resolution has 30 seconds left.\n|inactive|Azure Resolution has 20 seconds left.\n|inactive|Azure Resolution has 15 seconds left.\n|\n|t:|1776218980\n|switch|p2a: Sinistcha|Sinistcha, L50|41/100\n|-heal|p2b: Slowbro|98/100|[from] ability: Hospitality|[of] p2a: Sinistcha\n|move|p1a: Raichu|Protect|p1a: Raichu\n|-singleturn|p1a: Raichu|Protect\n|move|p1b: Delphox|Protect|p1b: Delphox\n|-singleturn|p1b: Delphox|Protect\n|move|p2b: Slowbro|Psychic|p1a: Raichu\n|-activate|p1a: Raichu|move: Protect\n|\n|upkeep\n|turn|10\n|c|\u2606Azure Resolution|REALEASE ME\n|inactive|Azure Resolution has 30 seconds left.\n|\n|t:|1776219007\n|move|p2b: Slowbro|Psychic|p1a: Raichu\n|-damage|p1a: Raichu|0 fnt\n|faint|p1a: Raichu\n|move|p2a: Sinistcha|Matcha Gotcha|p1b: Delphox\n|-resisted|p1b: Delphox|1\n|-damage|p1b: Delphox|61/100\n|-heal|p2a: Sinistcha|47/100|[from] drain|[of] p1b: Delphox\n|move|p1b: Delphox|Heat Wave|p2a: Sinistcha|[spread] p2a\n|-miss|p1b: Delphox|p2b: Slowbro\n|-supereffective|p2a: Sinistcha|1\n|-enditem|p2a: Sinistcha|Occa Berry|[eat]\n|-enditem|p2a: Sinistcha|Occa Berry|[weaken]\n|-damage|p2a: Sinistcha|14/100\n|\n|upkeep\n|\n|t:|1776219021\n|switch|p1a: Milotic|Milotic, L50, M|76/100\n|turn|11\n|\n|t:|1776219030\n|move|p1a: Milotic|Protect|p1a: Milotic\n|-singleturn|p1a: Milotic|Protect\n|move|p1b: Delphox|Protect|p1b: Delphox\n|-singleturn|p1b: Delphox|Protect\n|move|p2b: Slowbro|Psychic|p1a: Milotic\n|-activate|p1a: Milotic|move: Protect\n|move|p2a: Sinistcha|Matcha Gotcha|p1b: Delphox|[spread] \n|-activate|p1a: Milotic|move: Protect\n|-activate|p1b: Delphox|move: Protect\n|\n|-heal|p1a: Milotic|82/100|[from] item: Leftovers\n|-sideend|p2: 3000 moths|move: Light Screen\n|upkeep\n|turn|12\n|inactive|Azure Resolution has 30 seconds left.\n|inactive|Azure Resolution has 20 seconds left.\n|c|\u26063000 moths|you in here whether u want or not\n|inactive|Azure Resolution has 15 seconds left.\n|\n|t:|1776219074\n|switch|p2a: Clefable|Clefable, L50, F|100/100\n|move|p2b: Slowbro|Scald|p1b: Delphox\n|-supereffective|p1b: Delphox|1\n|-damage|p1b: Delphox|0 fnt\n|faint|p1b: Delphox\n|move|p1a: Milotic|Ice Beam|p2a: Clefable\n|-damage|p2a: Clefable|82/100\n|\n|-heal|p1a: Milotic|88/100|[from] item: Leftovers\n|-fieldend|move: Trick Room\n|upkeep\n|turn|13\n|inactive|Azure Resolution has 30 seconds left.\n|\n|t:|1776219086\n|move|p2a: Clefable|Follow Me|p2a: Clefable\n|-singleturn|p2a: Clefable|move: Follow Me\n|move|p1a: Milotic|Scald|p2a: Clefable\n|-damage|p2a: Clefable|56/100\n|move|p2b: Slowbro|Psychic|p1a: Milotic\n|-damage|p1a: Milotic|16/100\n|\n|-heal|p1a: Milotic|22/100|[from] item: Leftovers\n|upkeep\n|turn|14\n|inactive|Azure Resolution has 25 seconds left this turn.\n|c|\u2606Azure Resolution|GGS\n|c|\u26063000 moths|gg\n|c|\u2606Azure Resolution|damn well played\n|\n|t:|1776219102\n|move|p2a: Clefable|Follow Me|p2a: Clefable\n|-singleturn|p2a: Clefable|move: Follow Me\n|move|p1a: Milotic|Scald|p2a: Clefable\n|-damage|p2a: Clefable|34/100\n|-enditem|p2a: Clefable|Sitrus Berry|[eat]\n|-heal|p2a: Clefable|58/100|[from] item: Sitrus Berry\n|move|p2b: Slowbro|Psychic|p1a: Milotic\n|-damage|p1a: Milotic|0 fnt\n|faint|p1a: Milotic\n|\n|win|3000 moths\n|raw|Azure Resolution's rating: 1308 &rarr; <strong>1292</strong><br />(-16 for losing)\n|raw|3000 moths's rating: 1373 &rarr; <strong>1389</strong><br />(+16 for winning)\n|l|\u26063000 moths\n|player|p2|\n",
  "uploadtime": 1776219117,
  "views": 28,
  "formatid": "gen9championsvgc2026regma",
  "rating": 1292,
  "private": 0,
  "password": null
}