{
  "id": "gen9championsvgc2026regma-2581962223",
  "format": "[Gen 9 Champions] VGC 2026 Reg M-A",
  "players": [
    "Bman311",
    "Rigbert"
  ],
  "log": "|j|\u2606Bman311\n|j|\u2606Rigbert\n|t:|1776043622\n|gametype|doubles\n|player|p1|Bman311|102|\n|player|p2|Rigbert|1|\n|gen|9\n|tier|[Gen 9 Champions] VGC 2026 Reg M-A\n|rated|Tournament battle\n|rule|Species Clause: Limit one of each Pok\u00e9mon\n|rule|Item Clause: Limit 1 of each item\n|clearpoke\n|poke|p1|Aegislash, L50, F|\n|poke|p1|Garchomp, L50, F|\n|poke|p1|Delphox, L50, M|\n|poke|p1|Floette-Eternal, L50, F|\n|poke|p1|Maushold-Four, L50|\n|poke|p1|Talonflame, L50, F|\n|poke|p2|Charizard, L50, F|\n|poke|p2|Sneasler, L50, M|\n|poke|p2|Farigiraf, L50, M|\n|poke|p2|Incineroar, L50, F|\n|poke|p2|Garchomp, L50, F|\n|poke|p2|Kingambit, L50, F|\n|teampreview|4\n|inactive|Battle timer is ON: inactive players will automatically lose when time's up. (requested by Bman311)\n|j| animus\nBman311 has agreed to open team sheets.\n|j| yukki0207\n|j| Loppi Loppi\n|j| TzelYT\n|j| Scapegoat11\n|j|+holdingb\n|j| Carrielis\n|inactive|Bman311 has 60 seconds left.\n|inactive|Rigbert has 60 seconds left.\n|j| aurora ltd\n|\n|t:|1776043667\n|teamsize|p1|4\n|teamsize|p2|4\n|start\n|switch|p1a: Delphox|Delphox, L50, M|100/100\n|switch|p1b: Garchomp|Garchomp, L50, F|100/100\n|switch|p2a: Charizard|Charizard, L50, F|100/100\n|switch|p2b: Sneasler|Sneasler, L50, M|100/100\n|turn|1\n|j| pipievgc103\n|inactive|Rigbert has 30 seconds left.\n|l| pipievgc103\n|inactive|Rigbert has 20 seconds left.\n|\n|t:|1776043703\n|switch|p2b: Incineroar|Incineroar, L50, F|100/100\n|-ability|p2b: Incineroar|Intimidate|boost\n|-unboost|p1a: Delphox|atk|1\n|-unboost|p1b: Garchomp|atk|1\n|move|p1a: Delphox|Protect|p1a: Delphox\n|-singleturn|p1a: Delphox|Protect\n|move|p2a: Charizard|Protect|p2a: Charizard\n|-singleturn|p2a: Charizard|Protect\n|move|p1b: Garchomp|Protect||[still]\n|-fail|p1b: Garchomp\n|\n|upkeep\n|turn|2\n|j| Teeam Rocket\n|j| mishedngI\n|\n|t:|1776043727\n|switch|p1a: Maushold|Maushold-Four, L50|100/100\n|switch|p2a: Garchomp|Garchomp, L50, F|100/100\n|move|p1b: Garchomp|Rock Slide|p2b: Incineroar|[spread] p2a\n|-miss|p1b: Garchomp|p2b: Incineroar\n|-resisted|p2a: Garchomp|1\n|-damage|p2a: Garchomp|94/100\n|move|p2b: Incineroar|Darkest Lariat|p1a: Maushold\n|-damage|p1a: Maushold|44/100\n|\n|upkeep\n|turn|3\n|\n|t:|1776043750\n|move|p1a: Maushold|Helping Hand|p1b: Garchomp\n|-singleturn|p1b: Garchomp|Helping Hand|[of] p1a: Maushold\n|move|p2a: Garchomp|Dragon Claw|p1b: Garchomp\n|-supereffective|p1b: Garchomp|1\n|-damage|p1b: Garchomp|50/100\n|-damage|p2a: Garchomp|82/100|[from] ability: Rough Skin|[of] p1b: Garchomp\n|-enditem|p1b: Garchomp|Sitrus Berry|[eat]\n|-heal|p1b: Garchomp|74/100|[from] item: Sitrus Berry\n|move|p1b: Garchomp|Dragon Claw|p2a: Garchomp\n|-supereffective|p2a: Garchomp|1\n|-damage|p2a: Garchomp|0 fnt\n|-damage|p1b: Garchomp|62/100|[from] ability: Rough Skin|[of] p2a: Garchomp\n|faint|p2a: Garchomp\n|move|p2b: Incineroar|Flare Blitz|p1a: Maushold\n|-damage|p1a: Maushold|0 fnt\n|faint|p1a: Maushold\n|-damage|p2b: Incineroar|88/100|[from] Recoil\n|\n|upkeep\n|j| fuzzdawg\n|inactive|Rigbert has 30 seconds left.\n|j| coolguy58213\n|inactive|Rigbert has 20 seconds left.\n|\n|t:|1776043787\n|switch|p1a: Talonflame|Talonflame, L50, F|100/100\n|switch|p2a: Charizard|Charizard, L50, F|100/100\n|turn|4\n|\n|t:|1776043798\n|detailschange|p2a: Charizard|Charizard-Mega-Y, L50, F\n|-mega|p2a: Charizard|Charizard|Charizardite Y\n|-weather|SunnyDay|[from] ability: Drought|[of] p2a: Charizard\n|move|p1a: Talonflame|Tailwind|p1a: Talonflame\n|-sidestart|p1: Bman311|move: Tailwind\n|move|p1b: Garchomp|Rock Slide|p2b: Incineroar|[spread] p2a,p2b\n|-supereffective|p2a: Charizard|2\n|-supereffective|p2b: Incineroar|1\n|-damage|p2a: Charizard|20/100\n|-damage|p2b: Incineroar|62/100\n|cant|p2a: Charizard|flinch\n|move|p2b: Incineroar|Darkest Lariat|p1b: Garchomp\n|-damage|p1b: Garchomp|24/100\n|-damage|p2b: Incineroar|50/100|[from] ability: Rough Skin|[of] p1b: Garchomp\n|\n|-weather|SunnyDay|[upkeep]\n|upkeep\n|turn|5\n|j| Morasardo\n|\n|t:|1776043816\n|move|p2a: Charizard|Protect|p2a: Charizard\n|-singleturn|p2a: Charizard|Protect\n|move|p1a: Talonflame|Acrobatics|p2b: Incineroar\n|-damage|p2b: Incineroar|8/100\n|move|p1b: Garchomp|Rock Slide|p2a: Charizard|[spread] p2b\n|-activate|p2a: Charizard|move: Protect\n|-supereffective|p2b: Incineroar|1\n|-damage|p2b: Incineroar|0 fnt\n|faint|p2b: Incineroar\n|\n|-weather|SunnyDay|[upkeep]\n|upkeep\n|\n|t:|1776043821\n|switch|p2b: Sneasler|Sneasler, L50, M|100/100\n|turn|6\n|l| coolguy58213\n|\n|t:|1776043842\n|move|p1a: Talonflame|Acrobatics|p2a: Charizard\n|-damage|p2a: Charizard|0 fnt\n|faint|p2a: Charizard\n|move|p1b: Garchomp|Dragon Claw|p2b: Sneasler\n|-damage|p2b: Sneasler|53/100\n|move|p2b: Sneasler|Close Combat|p1b: Garchomp\n|-damage|p1b: Garchomp|0 fnt\n|-unboost|p2b: Sneasler|def|1\n|-unboost|p2b: Sneasler|spd|1\n|-damage|p2b: Sneasler|41/100|[from] ability: Rough Skin|[of] p1b: Garchomp\n|faint|p1b: Garchomp\n|-enditem|p2b: Sneasler|White Herb\n|-clearnegativeboost|p2b: Sneasler|[silent]\n|\n|-weather|SunnyDay|[upkeep]\n|upkeep\n|j| H4irashi\n|j| apolloapex\n|j| pipievgc103\n|\n|t:|1776043855\n|switch|p1b: Delphox|Delphox, L50, M|100/100\n|turn|7\n|c|\u2606Rigbert|gg\n|\n|t:|1776043866\n|detailschange|p1b: Delphox|Delphox-Mega, L50, M\n|-mega|p1b: Delphox|Delphox|Delphoxite\n|move|p1a: Talonflame|Acrobatics|p2b: Sneasler\n|-supereffective|p2b: Sneasler|1\n|-damage|p2b: Sneasler|0 fnt\n|faint|p2b: Sneasler\n|\n|win|Bman311\n|n|\u2606Bman311|bman311\n|n|\u2606Rigbert|rigbert\n|n| animus|animus\n|n| yukki0207|yukki0207\n|n| Loppi Loppi|loppiloppi\n|n| TzelYT|tzelyt\n|n| Scapegoat11|scapegoat11\n|n| holdingb|holdingb\n|n| Carrielis|carrielis\n|n| aurora ltd|auroraltd\n|n| Teeam Rocket|teeamrocket\n|n| mishedngI|mishedngi\n|n| fuzzdawg|fuzzdawg\n|n| Morasardo|morasardo\n|n| H4irashi|h4irashi\n|n| apolloapex|apolloapex\n|n| pipievgc103|pipievgc103\n|l| TzelYT\n|c|\u2606Bman311|gg\n|l| fuzzdawg\n|l| yukki0207\n|l|\u2606Bman311\n|player|p1|\n|l| Scapegoat11\n|l| holdingb\n|l| pipievgc103\n|l|\u2606Rigbert\n|player|p2|\n|l| Morasardo\n|l| Carrielis\n",
  "uploadtime": 1776043866,
  "views": 19,
  "formatid": "gen9championsvgc2026regma",
  "rating": null,
  "private": 0,
  "password": null
}