{
  "id": "gen9championsvgc2026regma-2584734059",
  "format": "[Gen 9 Champions] VGC 2026 Reg M-A",
  "players": [
    "shinja yug",
    "ThtWhiteGuy12"
  ],
  "log": "|j|\u2606shinja yug\n|j|\u2606ThtWhiteGuy12\n|t:|1776279884\n|gametype|doubles\n|player|p1|shinja yug|li|1327\n|player|p2|ThtWhiteGuy12|170|1235\n|gen|9\n|tier|[Gen 9 Champions] VGC 2026 Reg M-A\n|rated|\n|rule|Species Clause: Limit one of each Pok\u00e9mon\n|rule|Item Clause: Limit 1 of each item\n|clearpoke\n|poke|p1|Basculegion, L50, M|\n|poke|p1|Dragapult, L50, F|\n|poke|p1|Kingambit, L50, M|\n|poke|p1|Scovillain, L50, F|\n|poke|p1|Farigiraf, L50, F|\n|poke|p1|Sneasler, L50, F|\n|poke|p2|Glimmora, L50, M|\n|poke|p2|Whimsicott, L50, F|\n|poke|p2|Tauros-Paldea-Blaze, L50, M|\n|poke|p2|Rotom-Wash, L50|\n|poke|p2|Tinkaton, L50, F|\n|poke|p2|Dragonite, L50, F|\n|teampreview|4\n|inactive|Battle timer is ON: inactive players will automatically lose when time's up. (requested by ThtWhiteGuy12)\n|inactive|ThtWhiteGuy12 has 60 seconds left.\n|\n|t:|1776279942\n|teamsize|p1|4\n|teamsize|p2|4\n|start\n|switch|p1a: charti boy|Scovillain, L50, F|100/100\n|switch|p1b: Sneasler|Sneasler, L50, F|100/100\n|switch|p2a: Whimsicott|Whimsicott, L50, F|100/100\n|switch|p2b: Glimmora|Glimmora, L50, M|100/100\n|turn|1\n|inactive|ThtWhiteGuy12 has 30 seconds left.\n|inactive|ThtWhiteGuy12 has 20 seconds left.\n|\n|t:|1776279979\n|detailschange|p1a: charti boy|Scovillain-Mega, L50, F\n|-mega|p1a: charti boy|Scovillain|Scovillainite\n|move|p2a: Whimsicott|Protect|p2a: Whimsicott\n|-singleturn|p2a: Whimsicott|Protect\n|move|p2b: Glimmora|Protect|p2b: Glimmora\n|-singleturn|p2b: Glimmora|Protect\n|move|p1b: Sneasler|Fake Out|p2a: Whimsicott\n|-activate|p2a: Whimsicott|move: Protect\n|move|p1a: charti boy|Flamethrower|p2a: Whimsicott\n|-activate|p2a: Whimsicott|move: Protect\n|\n|upkeep\n|turn|2\n|\n|t:|1776279995\n|detailschange|p2b: Glimmora|Glimmora-Mega, L50, M\n|-mega|p2b: Glimmora|Glimmora|Glimmoranite\n|move|p2a: Whimsicott|Tailwind|p2a: Whimsicott\n|-sidestart|p2: ThtWhiteGuy12|move: Tailwind\n|move|p2b: Glimmora|Sludge Bomb|p1a: charti boy\n|-supereffective|p1a: charti boy|1\n|-damage|p1a: charti boy|0 fnt\n|-status|p2b: Glimmora|brn|[from] ability: Spicy Spray|[of] p1a: charti boy\n|faint|p1a: charti boy\n|move|p1b: Sneasler|Dire Claw|p2a: Whimsicott\n|-supereffective|p2a: Whimsicott|2\n|-enditem|p2a: Whimsicott|Focus Sash\n|-damage|p2a: Whimsicott|1/100\n|-status|p2a: Whimsicott|par\n|\n|-damage|p2b: Glimmora|94/100 brn|[from] brn\n|upkeep\n|\n|t:|1776280010\n|switch|p1a: Basculegion|Basculegion, L50, M|100/100\n|turn|3\n|\n|t:|1776280039\n|move|p1b: Sneasler|Protect|p1b: Sneasler\n|-singleturn|p1b: Sneasler|Protect\n|move|p2b: Glimmora|Earth Power|p1b: Sneasler\n|-activate|p1b: Sneasler|move: Protect\n|move|p1a: Basculegion|Wave Crash|p2b: Glimmora\n|-supereffective|p2b: Glimmora|1\n|-damage|p2b: Glimmora|0 fnt\n|faint|p2b: Glimmora\n|-damage|p1a: Basculegion|75/100|[from] Recoil\n|move|p2a: Whimsicott|Energy Ball|p1a: Basculegion\n|-supereffective|p1a: Basculegion|1\n|-damage|p1a: Basculegion|3/100\n|\n|upkeep\n|\n|t:|1776280056\n|switch|p2b: Rotom|Rotom-Wash, L50|100/100\n|turn|4\n|\n|t:|1776280071\n|move|p2a: Whimsicott|Protect|p2a: Whimsicott\n|-singleturn|p2a: Whimsicott|Protect\n|move|p2b: Rotom|Volt Switch|p1a: Basculegion\n|-supereffective|p1a: Basculegion|1\n|-damage|p1a: Basculegion|0 fnt\n|faint|p1a: Basculegion\n|\n|t:|1776280078\n|switch|p2b: Tauros|Tauros-Paldea-Blaze, L50, M|100/100|[from] Volt Switch\n|-ability|p2b: Tauros|Intimidate|boost\n|-unboost|p1b: Sneasler|atk|1\n|-enditem|p1b: Sneasler|White Herb\n|-clearnegativeboost|p1b: Sneasler|[silent]\n|move|p1b: Sneasler|Close Combat|p2b: Tauros\n|-damage|p2b: Tauros|27/100\n|-unboost|p1b: Sneasler|def|1\n|-unboost|p1b: Sneasler|spd|1\n|\n|upkeep\n|\n|t:|1776280088\n|switch|p1a: Dragapult|Dragapult, L50, F|100/100\n|turn|5\n|\n|t:|1776280099\n|move|p1b: Sneasler|Dire Claw|p2a: Whimsicott\n|-supereffective|p2a: Whimsicott|2\n|-damage|p2a: Whimsicott|0 fnt\n|faint|p2a: Whimsicott\n|move|p2b: Tauros|Raging Bull|p1b: Sneasler\n|-damage|p1b: Sneasler|0 fnt\n|faint|p1b: Sneasler\n|move|p1a: Dragapult|Dragon Dance|p1a: Dragapult\n|-boost|p1a: Dragapult|atk|1\n|-boost|p1a: Dragapult|spe|1\n|\n|-sideend|p2: ThtWhiteGuy12|move: Tailwind\n|upkeep\n|\n|t:|1776280111\n|switch|p2a: Rotom|Rotom-Wash, L50|100/100\n|turn|6\n|\n|t:|1776280122\n|move|p1a: Dragapult|Dragon Darts|p2b: Tauros\n|-damage|p2b: Tauros|0 fnt\n|-anim|p1a: Dragapult|Dragon Darts|p2a: Rotom\n|-damage|p2a: Rotom|49/100\n|faint|p2b: Tauros\n|move|p2a: Rotom|Dark Pulse|p1a: Dragapult\n|-supereffective|p1a: Dragapult|1\n|-enditem|p1a: Dragapult|Colbur Berry|[eat]\n|-enditem|p1a: Dragapult|Colbur Berry|[weaken]\n|-damage|p1a: Dragapult|72/100\n|\n|upkeep\n|turn|7\n|\n|t:|1776280133\n|move|p1a: Dragapult|Dragon Darts|p2a: Rotom\n|-damage|p2a: Rotom|0 fnt\n|faint|p2a: Rotom\n|\n|win|shinja yug\n|raw|shinja yug's rating: 1327 &rarr; <strong>1342</strong><br />(+15 for winning)\n|raw|ThtWhiteGuy12's rating: 1235 &rarr; <strong>1216</strong><br />(-19 for losing)\n",
  "uploadtime": 1776280141,
  "views": 21,
  "formatid": "gen9championsvgc2026regma",
  "rating": 1216,
  "private": 0,
  "password": null
}