{
  "id": "gen9championsvgc2026regma-2587134955",
  "format": "[Gen 9 Champions] VGC 2026 Reg M-A",
  "players": [
    "MyNinjaMight69",
    "BLOBBYISTHEGOAT"
  ],
  "log": "|j|\u2606MyNinjaMight69\n|j|\u2606BLOBBYISTHEGOAT\n|t:|1776498447\n|gametype|doubles\n|player|p1|MyNinjaMight69|102|1135\n|player|p2|BLOBBYISTHEGOAT|102|1113\n|gen|9\n|tier|[Gen 9 Champions] VGC 2026 Reg M-A\n|rated|\n|rule|Species Clause: Limit one of each Pok\u00e9mon\n|rule|Item Clause: Limit 1 of each item\n|clearpoke\n|poke|p1|Glimmora, L50, M|\n|poke|p1|Tyranitar, L50, M|\n|poke|p1|Aerodactyl, L50, F|\n|poke|p1|Aurorus, L50, F|\n|poke|p1|Aggron, L50, F|\n|poke|p1|Lycanroc, L50, F|\n|poke|p2|Charizard, L50, F|\n|poke|p2|Venusaur, L50, F|\n|poke|p2|Garchomp, L50, M|\n|poke|p2|Rotom-Wash, L50|\n|poke|p2|Sneasler, L50, M|\n|poke|p2|Incineroar, L50, M|\n|teampreview|4\n|\n|t:|1776498468\n|teamsize|p1|4\n|teamsize|p2|4\n|start\n|switch|p1a: Aurorus|Aurorus, L50, F|100/100\n|switch|p1b: Aerodactyl|Aerodactyl, L50, F|100/100\n|switch|p2a: Incineroar|Incineroar, L50, M|100/100\n|switch|p2b: Sneasler|Sneasler, L50, M|100/100\n|-ability|p1b: Aerodactyl|Unnerve\n|-weather|Snowscape|[from] ability: Snow Warning|[of] p1a: Aurorus\n|-ability|p2a: Incineroar|Intimidate|boost\n|-unboost|p1a: Aurorus|atk|1\n|-unboost|p1b: Aerodactyl|atk|1\n|turn|1\n|\n|t:|1776498509\n|move|p1b: Aerodactyl|Protect|p1b: Aerodactyl\n|-singleturn|p1b: Aerodactyl|Protect\n|move|p1a: Aurorus|Protect|p1a: Aurorus\n|-singleturn|p1a: Aurorus|Protect\n|move|p2b: Sneasler|Close Combat|p1a: Aurorus\n|-activate|p1a: Aurorus|move: Protect\n|move|p2a: Incineroar|Parting Shot|p1b: Aerodactyl\n|-activate|p1b: Aerodactyl|move: Protect\n|\n|-weather|Snowscape|[upkeep]\n|upkeep\n|turn|2\n|\n|t:|1776498532\n|switch|p2a: Charizard|Charizard, L50, F|100/100\n|move|p1b: Aerodactyl|Dual Wingbeat|p2b: Sneasler\n|-supereffective|p2b: Sneasler|1\n|-damage|p2b: Sneasler|65/100\n|-supereffective|p2b: Sneasler|1\n|-crit|p2b: Sneasler\n|-damage|p2b: Sneasler|0 fnt\n|faint|p2b: Sneasler\n|-hitcount|p2: Sneasler|2\n|move|p1a: Aurorus|Ancient Power|p2a: Charizard\n|-supereffective|p2a: Charizard|2\n|-damage|p2a: Charizard|0 fnt\n|faint|p2a: Charizard\n|\n|-weather|Snowscape|[upkeep]\n|upkeep\n|\n|t:|1776498550\n|switch|p2b: Incineroar|Incineroar, L50, M|100/100\n|switch|p2a: Venusaur|Venusaur, L50, F|100/100\n|-ability|p2b: Incineroar|Intimidate|boost\n|-unboost|p1a: Aurorus|atk|1\n|-unboost|p1b: Aerodactyl|atk|1\n|turn|3\n|\n|t:|1776498570\n|move|p1b: Aerodactyl|Protect|p1b: Aerodactyl\n|-singleturn|p1b: Aerodactyl|Protect\n|move|p1a: Aurorus|Protect|p1a: Aurorus\n|-singleturn|p1a: Aurorus|Protect\n|move|p2a: Venusaur|Leaf Storm|p1a: Aurorus\n|-activate|p1a: Aurorus|move: Protect\n|move|p2b: Incineroar|Darkest Lariat|p1b: Aerodactyl\n|-activate|p1b: Aerodactyl|move: Protect\n|\n|-weather|Snowscape|[upkeep]\n|upkeep\n|turn|4\n|\n|t:|1776498594\n|move|p1b: Aerodactyl|Tailwind|p1b: Aerodactyl\n|-sidestart|p1: MyNinjaMight69|move: Tailwind\n|move|p1a: Aurorus|Aurora Veil|p1a: Aurorus\n|-sidestart|p1: MyNinjaMight69|move: Aurora Veil\n|move|p2a: Venusaur|Leaf Storm|p1a: Aurorus\n|-supereffective|p1a: Aurorus|1\n|-damage|p1a: Aurorus|26/100\n|-unboost|p2a: Venusaur|spa|2\n|move|p2b: Incineroar|Darkest Lariat|p1b: Aerodactyl\n|-damage|p1b: Aerodactyl|55/100\n|\n|-weather|Snowscape|[upkeep]\n|upkeep\n|turn|5\n|\n|t:|1776498618\n|switch|p1b: Tyranitar|Tyranitar, L50, M|100/100\n|-weather|Sandstorm|[from] ability: Sand Stream|[of] p1b: Tyranitar\n|switch|p1a: Aggron|Aggron, L50, F|100/100\n|move|p2a: Venusaur|Leaf Storm|p1a: Aggron|[miss]\n|-miss|p2a: Venusaur|p1a: Aggron\n|move|p2b: Incineroar|Darkest Lariat|p1b: Tyranitar\n|-resisted|p1b: Tyranitar|1\n|-damage|p1b: Tyranitar|90/100\n|\n|-weather|Sandstorm|[upkeep]\n|-damage|p2a: Venusaur|95/100|[from] Sandstorm\n|-damage|p2b: Incineroar|95/100|[from] Sandstorm\n|upkeep\n|turn|6\n|\n|t:|1776498646\n|detailschange|p1a: Aggron|Aggron-Mega, L50, F\n|-mega|p1a: Aggron|Aggron|Aggronite\n|move|p2a: Venusaur|Leaf Storm|p1b: Tyranitar\n|-supereffective|p1b: Tyranitar|1\n|-damage|p1b: Tyranitar|67/100\n|-unboost|p2a: Venusaur|spa|2\n|move|p1a: Aggron|Body Press|p2b: Incineroar\n|-supereffective|p2b: Incineroar|1\n|-damage|p2b: Incineroar|15/100\n|-enditem|p2b: Incineroar|Sitrus Berry|[eat]\n|-heal|p2b: Incineroar|40/100|[from] item: Sitrus Berry\n|move|p2b: Incineroar|Flare Blitz|p1a: Aggron\n|-supereffective|p1a: Aggron|1\n|-damage|p1a: Aggron|73/100\n|-damage|p2b: Incineroar|32/100|[from] Recoil\n|move|p1b: Tyranitar|Avalanche|p2a: Venusaur\n|-supereffective|p2a: Venusaur|1\n|-damage|p2a: Venusaur|0 fnt\n|faint|p2a: Venusaur\n|\n|-weather|Sandstorm|[upkeep]\n|-damage|p2b: Incineroar|26/100|[from] Sandstorm\n|upkeep\n|turn|7\n|-message|BLOBBYISTHEGOAT forfeited.\n|\n|win|MyNinjaMight69\n|raw|MyNinjaMight69's rating: 1135 &rarr; <strong>1158</strong><br />(+23 for winning)\n|raw|BLOBBYISTHEGOAT's rating: 1113 &rarr; <strong>1090</strong><br />(-23 for losing)\n|l|\u2606BLOBBYISTHEGOAT\n|player|p2|\n",
  "uploadtime": 1776498696,
  "views": 13,
  "formatid": "gen9championsvgc2026regma",
  "rating": 1090,
  "private": 0,
  "password": null
}