{
  "id": "gen9championsvgc2026regma-2583497151",
  "format": "[Gen 9 Champions] VGC 2026 Reg M-A",
  "players": [
    "deivi111",
    "takethephilpill"
  ],
  "log": "|j|\u2606deivi111\n|j|\u2606takethephilpill\n|t:|1776179391\n|gametype|doubles\n|player|p1|deivi111|lucas|1114\n|player|p2|takethephilpill|#ptplviistarmies|1084\n|gen|9\n|tier|[Gen 9 Champions] VGC 2026 Reg M-A\n|rated|\n|rule|Species Clause: Limit one of each Pok\u00e9mon\n|rule|Item Clause: Limit 1 of each item\n|clearpoke\n|poke|p1|Arcanine, L50, M|\n|poke|p1|Rotom-Wash, L50|\n|poke|p1|Garchomp, L50, F|\n|poke|p1|Venusaur, L50, F|\n|poke|p1|Corviknight, L50, F|\n|poke|p1|Sneasler, L50, M|\n|poke|p2|Watchog, L50, M|\n|poke|p2|Aegislash, L50, M|\n|poke|p2|Arcanine, L50, M|\n|poke|p2|Froslass, L50, F|\n|poke|p2|Primarina, L50, M|\n|poke|p2|Floette-Eternal, L50, F|\n|teampreview|4\n|inactive|Battle timer is ON: inactive players will automatically lose when time's up. (requested by takethephilpill)\n|\n|t:|1776179412\n|teamsize|p1|4\n|teamsize|p2|4\n|start\n|switch|p1a: Arcanine|Arcanine, L50, M|100/100\n|switch|p1b: Venusaur|Venusaur, L50, F|100/100\n|switch|p2a: Watchog|Watchog, L50, M|100/100\n|switch|p2b: Froslass|Froslass, L50, F|100/100\n|-ability|p1a: Arcanine|Intimidate|boost\n|-unboost|p2a: Watchog|atk|1\n|-unboost|p2b: Froslass|atk|1\n|turn|1\n|inactive|deivi111 has 30 seconds left.\n|\n|t:|1776179444\n|switch|p2b: Primarina|Primarina, L50, M|100/100\n|detailschange|p1b: Venusaur|Venusaur-Mega, L50, F\n|-mega|p1b: Venusaur|Venusaur|Venusaurite\n|move|p1a: Arcanine|Snarl|p2b: Primarina|[spread] p2a,p2b\n|-resisted|p2b: Primarina|1\n|-damage|p2a: Watchog|86/100\n|-damage|p2b: Primarina|97/100\n|-unboost|p2a: Watchog|spa|1\n|-unboost|p2b: Primarina|spa|1\n|move|p2a: Watchog|Thunder Wave|p1b: Venusaur\n|-status|p1b: Venusaur|par\n|move|p1b: Venusaur|Leech Seed|p2b: Primarina\n|-start|p2b: Primarina|move: Leech Seed\n|\n|-heal|p2b: Primarina|100/100|[from] item: Leftovers\n|-damage|p2b: Primarina|88/100|[from] Leech Seed|[of] p1b: Venusaur\n|upkeep\n|turn|2\n|inactive|deivi111 has 30 seconds left.\n|inactive|deivi111 has 20 seconds left.\n|\n|t:|1776179482\n|switch|p2b: Aegislash|Aegislash, L50, M|100/100\n|move|p1a: Arcanine|Will-O-Wisp|p2a: Watchog|[miss]\n|-miss|p1a: Arcanine|p2a: Watchog\n|move|p2a: Watchog|Thunder Wave|p1a: Arcanine\n|-status|p1a: Arcanine|par\n|move|p1b: Venusaur|Sludge Bomb|p2b: Aegislash\n|-immune|p2b: Aegislash\n|\n|upkeep\n|turn|3\n|\n|t:|1776179496\n|switch|p2a: Primarina|Primarina, L50, M|88/100\n|-formechange|p2b: Aegislash|Aegislash-Blade|\n|move|p2b: Aegislash|Rock Slide|p1a: Arcanine|[spread] p1a,p1b\n|-supereffective|p1a: Arcanine|1\n|-damage|p1a: Arcanine|66/100 par\n|-damage|p1b: Venusaur|88/100 par\n|cant|p1a: Arcanine|flinch\n|cant|p1b: Venusaur|flinch\n|\n|-heal|p2a: Primarina|94/100|[from] item: Leftovers\n|upkeep\n|turn|4\n|\n|t:|1776179513\n|move|p2b: Aegislash|Shadow Ball|p1b: Venusaur\n|-damage|p1b: Venusaur|54/100 par\n|move|p2a: Primarina|Hyper Voice|p1b: Venusaur|[spread] p1a,p1b\n|-supereffective|p1a: Arcanine|1\n|-resisted|p1b: Venusaur|1\n|-damage|p1a: Arcanine|0 fnt\n|-damage|p1b: Venusaur|38/100 par\n|faint|p1a: Arcanine\n|move|p1b: Venusaur|Leech Seed|p2a: Primarina\n|-start|p2a: Primarina|move: Leech Seed\n|\n|-heal|p2a: Primarina|99/100|[from] item: Leftovers\n|-damage|p2a: Primarina|88/100|[from] Leech Seed|[of] p1b: Venusaur\n|-heal|p1b: Venusaur|50/100 par|[silent]\n|upkeep\n|\n|t:|1776179518\n|switch|p1a: Corviknight|Corviknight, L50, F|100/100\n|turn|5\n|\n|t:|1776179528\n|switch|p2a: Watchog|Watchog, L50, M|86/100\n|move|p1b: Venusaur|Protect|p1b: Venusaur\n|-singleturn|p1b: Venusaur|Protect\n|move|p2b: Aegislash|Shadow Ball|p1a: Corviknight\n|-damage|p1a: Corviknight|64/100\n|move|p1a: Corviknight|Tailwind|p1a: Corviknight\n|-sidestart|p1: deivi111|move: Tailwind\n|\n|-heal|p1a: Corviknight|70/100|[from] item: Leftovers\n|upkeep\n|turn|6\n|\n|t:|1776179547\n|switch|p1a: Garchomp|Garchomp, L50, F|100/100\n|move|p2a: Watchog|Double-Edge|p1b: Venusaur\n|-damage|p1b: Venusaur|3/100 par\n|-damage|p2a: Watchog|65/100|[from] Recoil\n|move|p2b: Aegislash|Shadow Ball|p1a: Garchomp\n|-damage|p1a: Garchomp|57/100\n|move|p1b: Venusaur|Giga Drain|p2a: Watchog\n|-damage|p2a: Watchog|3/100\n|-heal|p1b: Venusaur|26/100 par|[from] drain|[of] p2a: Watchog\n|\n|upkeep\n|turn|7\n|\n|t:|1776179559\n|switch|p1b: Corviknight|Corviknight, L50, F|70/100\n|move|p1a: Garchomp|Earthquake|p2a: Watchog|[spread] p2a,p2b\n|-immune|p1b: Corviknight\n|-supereffective|p2b: Aegislash|1\n|-damage|p2a: Watchog|0 fnt\n|-enditem|p2b: Aegislash|Focus Sash\n|-damage|p2b: Aegislash|1/100\n|faint|p2a: Watchog\n|move|p2b: Aegislash|Flash Cannon|p1b: Corviknight\n|-resisted|p1b: Corviknight|1\n|-damage|p1b: Corviknight|50/100\n|\n|-heal|p1b: Corviknight|56/100|[from] item: Leftovers\n|upkeep\n|\n|t:|1776179568\n|switch|p2a: Froslass|Froslass, L50, F|100/100\n|turn|8\n|\n|t:|1776179574\n|detailschange|p2a: Froslass|Froslass-Mega, L50, F\n|-mega|p2a: Froslass|Froslass|Froslassite\n|-weather|Snowscape|[from] ability: Snow Warning|[of] p2a: Froslass\n|-formechange|p2b: Aegislash|Aegislash|\n|move|p2b: Aegislash|King's Shield|p2b: Aegislash\n|-singleturn|p2b: Aegislash|Protect\n|move|p1a: Garchomp|Earthquake|p2b: Aegislash|[spread] p2a\n|-activate|p2b: Aegislash|move: Protect\n|-immune|p1b: Corviknight\n|-damage|p2a: Froslass|63/100\n|move|p1b: Corviknight|Iron Head|p2a: Froslass\n|-supereffective|p2a: Froslass|1\n|-damage|p2a: Froslass|0 fnt\n|faint|p2a: Froslass\n|\n|-weather|Snowscape|[upkeep]\n|-heal|p1b: Corviknight|62/100|[from] item: Leftovers\n|-sideend|p1: deivi111|move: Tailwind\n|upkeep\n|c|\u2606takethephilpill|?\n|inactive|takethephilpill has 30 seconds left.\n|c|\u2606takethephilpill|Oh tailwind\n|\n|t:|1776179607\n|switch|p2a: Primarina|Primarina, L50, M|88/100\n|turn|9\n|\n|t:|1776179616\n|move|p1a: Garchomp|Protect|p1a: Garchomp\n|-singleturn|p1a: Garchomp|Protect\n|-formechange|p2b: Aegislash|Aegislash-Blade|\n|move|p2b: Aegislash|Shadow Ball|p1b: Corviknight\n|-damage|p1b: Corviknight|25/100\n|-ability|p1b: Corviknight|Mirror Armor\n|-unboost|p2b: Aegislash|spd|1\n|move|p1b: Corviknight|Tailwind|p1b: Corviknight\n|-sidestart|p1: deivi111|move: Tailwind\n|move|p2a: Primarina|Hyper Voice|p1b: Corviknight|[spread] p1b\n|-activate|p1a: Garchomp|move: Protect\n|-damage|p1b: Corviknight|0 fnt\n|faint|p1b: Corviknight\n|\n|-weather|Snowscape|[upkeep]\n|-heal|p2a: Primarina|94/100|[from] item: Leftovers\n|upkeep\n|\n|t:|1776179627\n|switch|p1b: Venusaur|Venusaur-Mega, L50, F|26/100 par\n|turn|10\n|\n|t:|1776179634\n|-formechange|p2b: Aegislash|Aegislash|\n|move|p2b: Aegislash|King's Shield|p2b: Aegislash\n|-singleturn|p2b: Aegislash|Protect\n|move|p1b: Venusaur|Protect|p1b: Venusaur\n|-singleturn|p1b: Venusaur|Protect\n|move|p1a: Garchomp|Earthquake|p2a: Primarina|[spread] p2a\n|-activate|p1b: Venusaur|move: Protect\n|-activate|p2b: Aegislash|move: Protect\n|-damage|p2a: Primarina|48/100\n|move|p2a: Primarina|Blizzard|p1a: Garchomp|[spread] p1a\n|-activate|p1b: Venusaur|move: Protect\n|-supereffective|p1a: Garchomp|2\n|-damage|p1a: Garchomp|0 fnt\n|faint|p1a: Garchomp\n|\n|-weather|Snowscape|[upkeep]\n|-heal|p2a: Primarina|54/100|[from] item: Leftovers\n|upkeep\n|turn|11\n|\n|t:|1776179651\n|-formechange|p2b: Aegislash|Aegislash-Blade|\n|move|p2b: Aegislash|Shadow Ball|p1b: Venusaur\n|-damage|p1b: Venusaur|0 fnt\n|faint|p1b: Venusaur\n|\n|win|takethephilpill\n|raw|deivi111's rating: 1114 &rarr; <strong>1087</strong><br />(-27 for losing)\n|raw|takethephilpill's rating: 1084 &rarr; <strong>1114</strong><br />(+30 for winning)\n|l|\u2606deivi111\n|player|p1|\n",
  "uploadtime": 1776179656,
  "views": 21,
  "formatid": "gen9championsvgc2026regma",
  "rating": 1087,
  "private": 0,
  "password": null
}