{
  "id": "gen9championsvgc2026regma-2582388393",
  "format": "[Gen 9 Champions] VGC 2026 Reg M-A",
  "players": [
    "tomxnabo",
    "tsukifrombilllie"
  ],
  "log": "|j|\u2606tomxnabo\n|j|\u2606tsukifrombilllie\n|t:|1776088360\n|gametype|doubles\n|player|p1|tomxnabo|preschooler|1150\n|player|p2|tsukifrombilllie|lyra|1176\n|gen|9\n|tier|[Gen 9 Champions] VGC 2026 Reg M-A\n|rated|\n|rule|Species Clause: Limit one of each Pok\u00e9mon\n|rule|Item Clause: Limit 1 of each item\n|clearpoke\n|poke|p1|Whimsicott, L50, M|\n|poke|p1|Charizard, L50, M|\n|poke|p1|Farigiraf, L50, M|\n|poke|p1|Venusaur, L50, F|\n|poke|p1|Kingambit, L50, F|\n|poke|p1|Drampa, L50, M|\n|poke|p2|Charizard, L50, F|\n|poke|p2|Venusaur, L50, F|\n|poke|p2|Garchomp, L50, M|\n|poke|p2|Rotom-Wash, L50|\n|poke|p2|Sneasler, L50, M|\n|poke|p2|Incineroar, L50, M|\n|teampreview|4\n|inactive|Battle timer is ON: inactive players will automatically lose when time's up. (requested by tomxnabo)\n|inactive|tomxnabo has 60 seconds left.\n|\n|t:|1776088420\n|teamsize|p1|4\n|teamsize|p2|4\n|start\n|switch|p1a: Whimsicott|Whimsicott, L50, M|100/100\n|switch|p1b: Farigiraf|Farigiraf, L50, M|100/100\n|switch|p2a: Sneasler|Sneasler, L50, M|100/100\n|switch|p2b: Charizard|Charizard, L50, F, shiny|100/100\n|turn|1\n|inactive|tomxnabo has 30 seconds left.\n|\n|t:|1776088451\n|detailschange|p2b: Charizard|Charizard-Mega-Y, L50, F, shiny\n|-mega|p2b: Charizard|Charizard|Charizardite Y\n|-weather|SunnyDay|[from] ability: Drought|[of] p2b: Charizard\n|move|p2a: Sneasler|Close Combat|p1b: Farigiraf\n|-damage|p1b: Farigiraf|34/100\n|-unboost|p2a: Sneasler|def|1\n|-unboost|p2a: Sneasler|spd|1\n|-enditem|p1b: Farigiraf|Sitrus Berry|[eat]\n|-heal|p1b: Farigiraf|59/100|[from] item: Sitrus Berry\n|-enditem|p2a: Sneasler|White Herb\n|-clearnegativeboost|p2a: Sneasler|[silent]\n|move|p1a: Whimsicott|Moonblast|p2a: Sneasler\n|-damage|p2a: Sneasler|52/100\n|move|p2b: Charizard|Heat Wave|p1b: Farigiraf|[spread] p1a,p1b\n|-supereffective|p1a: Whimsicott|1\n|-enditem|p1a: Whimsicott|Focus Sash\n|-damage|p1a: Whimsicott|1/100\n|-damage|p1b: Farigiraf|0 fnt\n|-status|p1a: Whimsicott|brn\n|faint|p1b: Farigiraf\n|\n|-weather|SunnyDay|[upkeep]\n|-damage|p1a: Whimsicott|0 fnt|[from] brn\n|faint|p1a: Whimsicott\n|upkeep\n|inactive|tomxnabo has 30 seconds left.\n|\n|t:|1776088484\n|switch|p1a: Drampa|Drampa, L50, M|100/100\n|switch|p1b: Kingambit|Kingambit, L50, F|100/100\n|-ability|p1a: Drampa|Cloud Nine\n|turn|2\n|inactive|tomxnabo has 30 seconds left.\n|\n|t:|1776088510\n|move|p2b: Charizard|Protect|p2b: Charizard\n|-singleturn|p2b: Charizard|Protect\n|move|p1a: Drampa|Protect|p1a: Drampa\n|-singleturn|p1a: Drampa|Protect\n|move|p1b: Kingambit|Sucker Punch|p2a: Sneasler\n|-resisted|p2a: Sneasler|1\n|-damage|p2a: Sneasler|8/100\n|move|p2a: Sneasler|Close Combat|p1a: Drampa\n|-activate|p1a: Drampa|move: Protect\n|\n|-weather|SunnyDay|[upkeep]\n|upkeep\n|turn|3\n|inactive|tomxnabo has 30 seconds left.\n|inactive|tsukifrombilllie has 30 seconds left.\n|\n|t:|1776088544\n|switch|p2a: Venusaur|Venusaur, L50, F|100/100\n|move|p1b: Kingambit|Sucker Punch||[still]\n|-fail|p1b: Kingambit\n|move|p2b: Charizard|Heat Wave|p1b: Kingambit|[spread] p1a,p1b\n|-resisted|p1a: Drampa|1\n|-supereffective|p1b: Kingambit|1\n|-damage|p1a: Drampa|76/100\n|-damage|p1b: Kingambit|16/100\n|move|p1a: Drampa|Hyper Voice|p2b: Charizard|[spread] p2a,p2b\n|-damage|p2a: Venusaur|46/100\n|-damage|p2b: Charizard|49/100\n|\n|-weather|SunnyDay|[upkeep]\n|upkeep\n|turn|4\n|\n|t:|1776088558\n|move|p1b: Kingambit|Sucker Punch|p2b: Charizard\n|-damage|p2b: Charizard|0 fnt\n|faint|p2b: Charizard\n|move|p2a: Venusaur|Sleep Powder|p1a: Drampa\n|-status|p1a: Drampa|slp|[from] move: Sleep Powder\n|cant|p1a: Drampa|slp\n|\n|-weather|SunnyDay|[upkeep]\n|upkeep\n|\n|t:|1776088566\n|switch|p2b: Sneasler|Sneasler, L50, M|8/100\n|turn|5\n|\n|t:|1776088581\n|move|p1b: Kingambit|Protect|p1b: Kingambit\n|-singleturn|p1b: Kingambit|Protect\n|move|p2b: Sneasler|Fake Out|p1b: Kingambit\n|-activate|p1b: Kingambit|move: Protect\n|move|p2a: Venusaur|Leaf Storm|p1b: Kingambit\n|-activate|p1b: Kingambit|move: Protect\n|cant|p1a: Drampa|slp\n|\n|-weather|none\n|upkeep\n|turn|6\n|\n|t:|1776088591\n|switch|p2b: Garchomp|Garchomp, L50, M|100/100\n|move|p1b: Kingambit|Sucker Punch||[still]\n|-fail|p1b: Kingambit\n|move|p2a: Venusaur|Sleep Powder|p1b: Kingambit|[miss]\n|-miss|p2a: Venusaur|p1b: Kingambit\n|-curestatus|p1a: Drampa|slp|[msg]\n|move|p1a: Drampa|Hyper Voice|p2b: Garchomp|[spread] p2a,p2b\n|-crit|p2b: Garchomp\n|-damage|p2a: Venusaur|0 fnt\n|-damage|p2b: Garchomp|27/100\n|faint|p2a: Venusaur\n|\n|upkeep\n|\n|t:|1776088602\n|switch|p2a: Sneasler|Sneasler, L50, M|8/100\n|turn|7\n|\n|t:|1776088612\n|move|p1b: Kingambit|Protect|p1b: Kingambit\n|-singleturn|p1b: Kingambit|Protect\n|move|p1a: Drampa|Protect|p1a: Drampa\n|-singleturn|p1a: Drampa|Protect\n|move|p2a: Sneasler|Fake Out|p1a: Drampa\n|-activate|p1a: Drampa|move: Protect\n|move|p2b: Garchomp|Dragon Claw|p1a: Drampa\n|-activate|p1a: Drampa|move: Protect\n|\n|upkeep\n|turn|8\n|\n|t:|1776088626\n|move|p1b: Kingambit|Sucker Punch|p2a: Sneasler\n|-resisted|p2a: Sneasler|1\n|-damage|p2a: Sneasler|0 fnt\n|faint|p2a: Sneasler\n|move|p2b: Garchomp|Dragon Claw|p1a: Drampa\n|-supereffective|p1a: Drampa|1\n|-damage|p1a: Drampa|0 fnt\n|faint|p1a: Drampa\n|\n|upkeep\n|turn|9\n|\n|t:|1776088635\n|move|p1b: Kingambit|Sucker Punch|p2b: Garchomp\n|-damage|p2b: Garchomp|0 fnt\n|-damage|p1b: Kingambit|4/100|[from] ability: Rough Skin|[of] p2b: Garchomp\n|faint|p2b: Garchomp\n|\n|win|tomxnabo\n|raw|tomxnabo's rating: 1150 &rarr; <strong>1177</strong><br />(+27 for winning)\n|raw|tsukifrombilllie's rating: 1176 &rarr; <strong>1149</strong><br />(-27 for losing)\n|l|\u2606tsukifrombilllie\n|player|p2|\n",
  "uploadtime": 1776088638,
  "views": 37,
  "formatid": "gen9championsvgc2026regma",
  "rating": 1149,
  "private": 0,
  "password": null
}