{
  "id": "gen9championsvgc2026regma-2587888121",
  "format": "[Gen 9 Champions] VGC 2026 Reg M-A",
  "players": [
    "saquenmorraschidas",
    "Anditto612"
  ],
  "log": "|j|\u2606saquenmorraschidas\n|j|\u2606Anditto612\n|t:|1776574915\n|gametype|doubles\n|player|p1|saquenmorraschidas|101|1118\n|player|p2|Anditto612|265|1095\n|gen|9\n|tier|[Gen 9 Champions] VGC 2026 Reg M-A\n|rated|\n|rule|Species Clause: Limit one of each Pok\u00e9mon\n|rule|Item Clause: Limit 1 of each item\n|clearpoke\n|poke|p1|Excadrill, L50, F|\n|poke|p1|Whimsicott, L50, M|\n|poke|p1|Charizard, L50, M|\n|poke|p1|Torkoal, L50, M|\n|poke|p1|Venusaur, L50, F|\n|poke|p1|Sneasler, L50, M|\n|poke|p2|Typhlosion-Hisui, L50, M|\n|poke|p2|Whimsicott, L50, F|\n|poke|p2|Garchomp, L50, M|\n|poke|p2|Farigiraf, L50, F|\n|poke|p2|Primarina, L50, F|\n|poke|p2|Venusaur, L50, M|\n|teampreview|4\nAnditto612 rejected open team sheets.\n|c|\u2606Anditto612|Gl\n|c|\u2606Anditto612|M\u00e9xico?\n|c|\u2606saquenmorraschidas|si\n|inactive|Battle timer is ON: inactive players will automatically lose when time's up. (requested by saquenmorraschidas)\n|c|\u2606Anditto612|Chido\n|\n|t:|1776575031\n|teamsize|p1|4\n|teamsize|p2|4\n|start\n|switch|p1a: Whimsicott|Whimsicott, L50, M|100/100\n|switch|p1b: Venusaur|Venusaur, L50, F|100/100\n|switch|p2a: Faribel|Farigiraf, L50, F|100/100\n|switch|p2b: Primarina|Primarina, L50, F|100/100\n|turn|1\n|c|\u2606Anditto612|Buena suerte\n|inactive|Anditto612 has 30 seconds left.\n|\n|t:|1776575062\n|switch|p1a: Torkoal|Torkoal, L50, M|100/100\n|-weather|SunnyDay|[from] ability: Drought|[of] p1a: Torkoal\n|switch|p2b: Razor|Venusaur, L50, M|100/100\n|move|p1b: Venusaur|Solar Beam||[still]\n|-prepare|p1b: Venusaur|Solar Beam\n|-anim|p1b: Venusaur|Solar Beam|p2b: Razor\n|-resisted|p2b: Razor|2\n|-damage|p2b: Razor|90/100\n|move|p2a: Faribel|Trick Room|p2a: Faribel\n|-fieldstart|move: Trick Room|[of] p2a: Faribel\n|\n|-weather|SunnyDay|[upkeep]\n|upkeep\n|turn|2\n|\n|t:|1776575082\n|move|p1a: Torkoal|Heat Wave|p2a: Faribel|[spread] p2a,p2b\n|-supereffective|p2b: Razor|1\n|-damage|p2a: Faribel|57/100\n|-damage|p2b: Razor|18/100\n|move|p2a: Faribel|Psychic|p1b: Venusaur\n|-supereffective|p1b: Venusaur|1\n|-damage|p1b: Venusaur|38/100\n|move|p2b: Razor|Sleep Powder|p1a: Torkoal\n|-status|p1a: Torkoal|slp|[from] move: Sleep Powder\n|move|p1b: Venusaur|Solar Beam||[still]\n|-prepare|p1b: Venusaur|Solar Beam\n|-anim|p1b: Venusaur|Solar Beam|p2a: Faribel\n|-damage|p2a: Faribel|5/100\n|-enditem|p2a: Faribel|Sitrus Berry|[eat]\n|-heal|p2a: Faribel|30/100|[from] item: Sitrus Berry\n|\n|-weather|SunnyDay|[upkeep]\n|upkeep\n|turn|3\n|\n|t:|1776575107\n|cant|p1a: Torkoal|slp\n|move|p2a: Faribel|Psychic|p1b: Venusaur\n|-supereffective|p1b: Venusaur|1\n|-damage|p1b: Venusaur|0 fnt\n|faint|p1b: Venusaur\n|move|p2b: Razor|Earth Power|p1a: Torkoal\n|-supereffective|p1a: Torkoal|1\n|-damage|p1a: Torkoal|35/100 slp\n|\n|-weather|SunnyDay|[upkeep]\n|-heal|p1a: Torkoal|41/100 slp|[from] item: Leftovers\n|upkeep\n|\n|t:|1776575111\n|switch|p1b: Whimsicott|Whimsicott, L50, M|100/100\n|turn|4\n|\n|t:|1776575136\n|detailschange|p2b: Razor|Venusaur-Mega, L50, M\n|-mega|p2b: Razor|Venusaur|Venusaurite\n|-curestatus|p1a: Torkoal|slp|[msg]\n|move|p1a: Torkoal|Protect|p1a: Torkoal\n|-singleturn|p1a: Torkoal|Protect\n|move|p2a: Faribel|Dazzling Gleam|p1b: Whimsicott|[spread] p1b\n|-activate|p1a: Torkoal|move: Protect\n|-damage|p1b: Whimsicott|78/100\n|move|p2b: Razor|Earth Power|p1a: Torkoal\n|-activate|p1a: Torkoal|move: Protect\n|move|p1b: Whimsicott|Moonblast|p2a: Faribel\n|-damage|p2a: Faribel|0 fnt\n|faint|p2a: Faribel\n|\n|-weather|SunnyDay|[upkeep]\n|-heal|p1a: Torkoal|47/100|[from] item: Leftovers\n|upkeep\n|\n|t:|1776575150\n|switch|p2a: Primarina|Primarina, L50, F|100/100\n|turn|5\n|\n|t:|1776575158\n|move|p1b: Whimsicott|Stun Spore|p2a: Primarina\n|-status|p2a: Primarina|par\n|move|p1a: Torkoal|Heat Wave|p2a: Primarina|[spread] p2a,p2b\n|-resisted|p2a: Primarina|1\n|-supereffective|p2b: Razor|1\n|-damage|p2a: Primarina|81/100 par\n|-damage|p2b: Razor|0 fnt\n|faint|p2b: Razor\n|move|p2a: Primarina|Hyper Voice|p1a: Torkoal|[spread] p1a,p1b\n|-supereffective|p1a: Torkoal|1\n|-crit|p1a: Torkoal\n|-resisted|p1b: Whimsicott|1\n|-damage|p1a: Torkoal|0 fnt\n|-damage|p1b: Whimsicott|63/100\n|faint|p1a: Torkoal\n|\n|-weather|none\n|-heal|p2a: Primarina|87/100 par|[from] item: Leftovers\n|-fieldend|move: Trick Room\n|upkeep\n|\n|t:|1776575173\n|switch|p2b: Garchomp|Garchomp, L50, M|100/100\n|switch|p1a: Charizard|Charizard, L50, M|100/100\n|turn|6\n|inactive|saquenmorraschidas has 30 seconds left.\n|inactive|saquenmorraschidas has 20 seconds left.\n|\n|t:|1776575209\n|detailschange|p1a: Charizard|Charizard-Mega-Y, L50, M\n|-mega|p1a: Charizard|Charizard|Charizardite Y\n|-weather|SunnyDay|[from] ability: Drought|[of] p1a: Charizard\n|move|p2b: Garchomp|Protect|p2b: Garchomp\n|-singleturn|p2b: Garchomp|Protect\n|move|p1b: Whimsicott|Moonblast|p2b: Garchomp\n|-activate|p2b: Garchomp|move: Protect\n|move|p1a: Charizard|Solar Beam||[still]\n|-prepare|p1a: Charizard|Solar Beam\n|-anim|p1a: Charizard|Solar Beam|p2b: Garchomp\n|-activate|p2b: Garchomp|move: Protect\n|move|p2a: Primarina|Hyper Voice|p1b: Whimsicott|[spread] p1a,p1b\n|-supereffective|p1a: Charizard|1\n|-resisted|p1b: Whimsicott|1\n|-damage|p1a: Charizard|62/100\n|-damage|p1b: Whimsicott|47/100\n|-enditem|p1b: Whimsicott|Sitrus Berry|[eat]\n|-heal|p1b: Whimsicott|72/100|[from] item: Sitrus Berry\n|\n|-weather|SunnyDay|[upkeep]\n|-heal|p2a: Primarina|93/100 par|[from] item: Leftovers\n|upkeep\n|turn|7\n|\n|t:|1776575233\n|move|p1b: Whimsicott|Stun Spore|p2b: Garchomp\n|-status|p2b: Garchomp|par\n|move|p1a: Charizard|Solar Beam||[still]\n|-prepare|p1a: Charizard|Solar Beam\n|-anim|p1a: Charizard|Solar Beam|p2a: Primarina\n|-supereffective|p2a: Primarina|1\n|-damage|p2a: Primarina|6/100 par\n|move|p2b: Garchomp|Rock Slide|p1b: Whimsicott|[spread] p1a,p1b\n|-supereffective|p1a: Charizard|2\n|-damage|p1a: Charizard|0 fnt\n|-damage|p1b: Whimsicott|43/100\n|faint|p1a: Charizard\n|move|p2a: Primarina|Hyper Voice|p1b: Whimsicott\n|-resisted|p1b: Whimsicott|1\n|-damage|p1b: Whimsicott|24/100\n|\n|-weather|SunnyDay|[upkeep]\n|-heal|p2a: Primarina|12/100 par|[from] item: Leftovers\n|upkeep\n|turn|8\n|c|\u2606saquenmorraschidas|good predict\n|\n|t:|1776575257\n|move|p1b: Whimsicott|Moonblast|p2a: Primarina\n|-damage|p2a: Primarina|0 fnt\n|faint|p2a: Primarina\n|move|p2b: Garchomp|Rock Slide|p1b: Whimsicott\n|-damage|p1b: Whimsicott|0 fnt\n|faint|p1b: Whimsicott\n|\n|win|Anditto612\n|raw|saquenmorraschidas's rating: 1118 &rarr; <strong>1091</strong><br />(-27 for losing)\n|raw|Anditto612's rating: 1095 &rarr; <strong>1122</strong><br />(+27 for winning)\n|l|\u2606saquenmorraschidas\n|player|p1|\n|c|\u2606Anditto612|Gracias\n|c|\u2606Anditto612|Gg\n",
  "uploadtime": 1776575282,
  "views": 14,
  "formatid": "gen9championsvgc2026regma",
  "rating": 1091,
  "private": 0,
  "password": null
}