{
  "id": "gen9championsvgc2026regma-2586500444",
  "format": "[Gen 9 Champions] VGC 2026 Reg M-A",
  "players": [
    "foloppo",
    "rocci"
  ],
  "log": "|j|\u2606foloppo\n|j|\u2606rocci\n|t:|1776438974\n|gametype|doubles\n|player|p1|foloppo|juggler|1199\n|player|p2|rocci|beauty-gen4dp|1249\n|gen|9\n|tier|[Gen 9 Champions] VGC 2026 Reg M-A\n|rated|\n|rule|Species Clause: Limit one of each Pok\u00e9mon\n|rule|Item Clause: Limit 1 of each item\n|clearpoke\n|poke|p1|Sneasler, L50, F|\n|poke|p1|Kingambit, L50, F|\n|poke|p1|Incineroar, L50, M|\n|poke|p1|Basculegion, L50, M|\n|poke|p1|Froslass, L50, F|\n|poke|p1|Sinistcha, L50|\n|poke|p2|Sylveon, L50, F|\n|poke|p2|Slowbro, L50, F|\n|poke|p2|Tyranitar, L50, F|\n|poke|p2|Farigiraf, L50, F|\n|poke|p2|Clefable, L50, F|\n|poke|p2|Conkeldurr, L50, F|\n|teampreview|4\n|inactive|Battle timer is ON: inactive players will automatically lose when time's up. (requested by foloppo)\n|inactive|foloppo has 60 seconds left.\n|inactive|rocci has 60 seconds left.\n|\n|t:|1776439020\n|teamsize|p1|4\n|teamsize|p2|4\n|start\n|switch|p1a: Froslass|Froslass, L50, F|100/100\n|switch|p1b: Incineroar|Incineroar, L50, M|100/100\n|switch|p2a: Clefable|Clefable, L50, F|100/100\n|switch|p2b: Slowbro|Slowbro, L50, F|100/100\n|-ability|p1b: Incineroar|Intimidate|boost\n|-unboost|p2a: Clefable|atk|1\n|-fail|p2b: Slowbro|unboost|Attack|[from] ability: Oblivious|[of] p2b: Slowbro\n|turn|1\n|\n|t:|1776439030\n|switch|p2a: Farigiraf|Farigiraf, L50, F|100/100\n|detailschange|p1a: Froslass|Froslass-Mega, L50, F\n|-mega|p1a: Froslass|Froslass|Froslassite\n|-weather|Snowscape|[from] ability: Snow Warning|[of] p1a: Froslass\n|move|p1a: Froslass|Aurora Veil|p1a: Froslass\n|-sidestart|p1: foloppo|move: Aurora Veil\n|move|p1b: Incineroar|Taunt|p2b: Slowbro\n|-immune|p2b: Slowbro|[from] ability: Oblivious\n|move|p2b: Slowbro|Trick Room|p2b: Slowbro\n|-fieldstart|move: Trick Room|[of] p2b: Slowbro\n|\n|-weather|Snowscape|[upkeep]\n|upkeep\n|turn|2\n|\n|t:|1776439054\n|detailschange|p2b: Slowbro|Slowbro-Mega, L50, F\n|-mega|p2b: Slowbro|Slowbro|Slowbronite\n|move|p2b: Slowbro|Psychic|p1a: Froslass\n|-damage|p1a: Froslass|67/100\n|move|p2a: Farigiraf|Psychic|p1a: Froslass\n|-damage|p1a: Froslass|42/100\n|move|p1b: Incineroar|Parting Shot|p2a: Farigiraf\n|-unboost|p2a: Farigiraf|atk|1\n|-unboost|p2a: Farigiraf|spa|1\n|\n|t:|1776439064\n|switch|p1b: Kingambit|Kingambit, L50, F|100/100|[from] Parting Shot\n|move|p1a: Froslass|Shadow Ball|p2b: Slowbro\n|-supereffective|p2b: Slowbro|1\n|-damage|p2b: Slowbro|7/100\n|-unboost|p2b: Slowbro|spd|1\n|\n|-weather|Snowscape|[upkeep]\n|upkeep\n|turn|3\n|\n|t:|1776439083\n|switch|p2b: Clefable|Clefable, L50, F|100/100\n|switch|p1a: Incineroar|Incineroar, L50, M|100/100\n|-ability|p1a: Incineroar|Intimidate|boost\n|-unboost|p2a: Farigiraf|atk|1\n|-unboost|p2b: Clefable|atk|1\n|move|p1b: Kingambit|Swords Dance|p1b: Kingambit\n|-boost|p1b: Kingambit|atk|2\n|move|p2a: Farigiraf|Psychic|p1a: Incineroar\n|-immune|p1a: Incineroar\n|\n|-weather|Snowscape|[upkeep]\n|upkeep\n|turn|4\n|\n|t:|1776439098\n|move|p1b: Kingambit|Swords Dance|p1b: Kingambit\n|-boost|p1b: Kingambit|atk|2\n|move|p2b: Clefable|Healing Wish|p2b: Clefable\n|faint|p2b: Clefable\n|move|p2a: Farigiraf|Foul Play|p1b: Kingambit\n|-resisted|p1b: Kingambit|1\n|-damage|p1b: Kingambit|72/100\n|move|p1a: Incineroar|Taunt|p2a: Farigiraf\n|-start|p2a: Farigiraf|move: Taunt\n|\n|-weather|Snowscape|[upkeep]\n|upkeep\n|\n|t:|1776439105\n|switch|p2b: Slowbro|Slowbro-Mega, L50, F|7/100\n|-heal|p2b: Slowbro|100/100|[from] move: Healing Wish\n|turn|5\n|\n|t:|1776439118\n|move|p2b: Slowbro|Scald|p1b: Kingambit\n|-damage|p1b: Kingambit|51/100\n|move|p1b: Kingambit|Kowtow Cleave|p2b: Slowbro\n|-supereffective|p2b: Slowbro|1\n|-damage|p2b: Slowbro|0 fnt\n|faint|p2b: Slowbro\n|move|p2a: Farigiraf|Foul Play|p1b: Kingambit\n|-resisted|p1b: Kingambit|1\n|-damage|p1b: Kingambit|25/100\n|move|p1a: Incineroar|Parting Shot|p2a: Farigiraf\n|-unboost|p2a: Farigiraf|atk|1\n|-unboost|p2a: Farigiraf|spa|1\n|\n|t:|1776439131\n|switch|p1a: Basculegion|Basculegion, L50, M|100/100|[from] Parting Shot\n|\n|-weather|none\n|-sideend|p1: foloppo|move: Aurora Veil\n|-fieldend|move: Trick Room\n|upkeep\n|\n|t:|1776439135\n|switch|p2b: Sylveon|Sylveon, L50, F|100/100\n|turn|6\n|\n|t:|1776439144\n|move|p1a: Basculegion|Wave Crash|p2b: Sylveon\n|-damage|p2b: Sylveon|0 fnt\n|faint|p2b: Sylveon\n|-damage|p1a: Basculegion|66/100|[from] Recoil\n|move|p2a: Farigiraf|Foul Play|p1b: Kingambit\n|-resisted|p1b: Kingambit|1\n|-damage|p1b: Kingambit|0 fnt\n|faint|p1b: Kingambit\n|\n|upkeep\n|\n|t:|1776439153\n|switch|p1b: Froslass|Froslass-Mega, L50, F|42/100\n|-weather|Snowscape|[from] ability: Snow Warning|[of] p1b: Froslass\n|turn|7\n|\n|t:|1776439159\n|move|p1a: Basculegion|Wave Crash|p2a: Farigiraf\n|-damage|p2a: Farigiraf|37/100\n|-enditem|p2a: Farigiraf|Sitrus Berry|[eat]\n|-heal|p2a: Farigiraf|62/100|[from] item: Sitrus Berry\n|-damage|p1a: Basculegion|42/100|[from] Recoil\n|move|p1b: Froslass|Blizzard|p2a: Farigiraf\n|-damage|p2a: Farigiraf|5/100\n|move|p2a: Farigiraf|Foul Play|p1a: Basculegion\n|-supereffective|p1a: Basculegion|1\n|-damage|p1a: Basculegion|0 fnt\n|faint|p1a: Basculegion\n|\n|-weather|Snowscape|[upkeep]\n|-end|p2a: Farigiraf|move: Taunt\n|upkeep\n|c|\u2606rocci|ggwp\n|-message|rocci forfeited.\n|\n|win|foloppo\n|raw|foloppo's rating: 1199 &rarr; <strong>1228</strong><br />(+29 for winning)\n|raw|rocci's rating: 1249 &rarr; <strong>1220</strong><br />(-29 for losing)\n|c|\u2606foloppo|gg\n",
  "uploadtime": 1776439170,
  "views": 34,
  "formatid": "gen9championsvgc2026regma",
  "rating": 1220,
  "private": 0,
  "password": null
}