{
  "id": "gen9championsvgc2026regma-2585547781",
  "format": "[Gen 9 Champions] VGC 2026 Reg M-A",
  "players": [
    "GustavoGustavs",
    "freezediff"
  ],
  "log": "|j|\u2606GustavoGustavs\n|j|\u2606freezediff\n|t:|1776354751\n|gametype|doubles\n|player|p1|GustavoGustavs|2|1160\n|player|p2|freezediff|policeman-gen4|1121\n|gen|9\n|tier|[Gen 9 Champions] VGC 2026 Reg M-A\n|rated|\n|rule|Species Clause: Limit one of each Pok\u00e9mon\n|rule|Item Clause: Limit 1 of each item\n|clearpoke\n|poke|p1|Drampa, L50, F|\n|poke|p1|Sinistcha, L50|\n|poke|p1|Floette-Eternal, L50, F|\n|poke|p1|Sneasler, L50, M|\n|poke|p1|Pelipper, L50, M|\n|poke|p1|Basculegion, L50, M|\n|poke|p2|Tyranitar, L50, M|\n|poke|p2|Garchomp, L50, F|\n|poke|p2|Talonflame, L50, M|\n|poke|p2|Rotom-Wash, L50|\n|poke|p2|Sneasler, L50, M|\n|poke|p2|Excadrill, L50, F|\n|teampreview|4\n|inactive|Battle timer is ON: inactive players will automatically lose when time's up. (requested by freezediff)\n|inactive|GustavoGustavs has 60 seconds left.\n|\n|t:|1776354788\n|teamsize|p1|4\n|teamsize|p2|4\n|start\n|switch|p1a: Sneasler|Sneasler, L50, M|100/100\n|switch|p1b: Floette|Floette-Eternal, L50, F|100/100\n|switch|p2a: Sneasler|Sneasler, L50, M, shiny|100/100\n|switch|p2b: Excadrill|Excadrill, L50, F|100/100\n|turn|1\n|inactive|GustavoGustavs has 30 seconds left.\n|\n|t:|1776354816\n|move|p1b: Floette|Protect|p1b: Floette\n|-singleturn|p1b: Floette|Protect\n|move|p2b: Excadrill|Protect|p2b: Excadrill\n|-singleturn|p2b: Excadrill|Protect\n|move|p1a: Sneasler|Fake Out|p2b: Excadrill\n|-activate|p2b: Excadrill|move: Protect\n|move|p2a: Sneasler|Dire Claw|p1b: Floette\n|-activate|p1b: Floette|move: Protect\n|\n|upkeep\n|turn|2\n|inactive|GustavoGustavs has 30 seconds left.\n|\n|t:|1776354845\n|switch|p2a: Tyranitar|Tyranitar, L50, M|100/100\n|-weather|Sandstorm|[from] ability: Sand Stream|[of] p2a: Tyranitar\n|switch|p1b: Basculegion|Basculegion, L50, M|100/100\n|move|p2b: Excadrill|Iron Head|p1b: Basculegion\n|-resisted|p1b: Basculegion|1\n|-crit|p1b: Basculegion\n|-damage|p1b: Basculegion|59/100\n|move|p1a: Sneasler|Close Combat|p2b: Excadrill\n|-supereffective|p2b: Excadrill|1\n|-damage|p2b: Excadrill|0 fnt\n|-unboost|p1a: Sneasler|def|1\n|-unboost|p1a: Sneasler|spd|1\n|faint|p2b: Excadrill\n|-enditem|p1a: Sneasler|White Herb\n|-clearnegativeboost|p1a: Sneasler|[silent]\n|\n|-weather|Sandstorm|[upkeep]\n|-damage|p1a: Sneasler|94/100|[from] Sandstorm\n|-damage|p1b: Basculegion|53/100|[from] Sandstorm\n|upkeep\n|\n|t:|1776354868\n|switch|p2b: Rotom|Rotom-Wash, L50|100/100\n|turn|3\n|\n|t:|1776354885\n|switch|p1b: Floette|Floette-Eternal, L50, F|100/100\n|switch|p2a: Sneasler|Sneasler, L50, M, shiny|100/100\n|move|p1a: Sneasler|Close Combat|p2a: Sneasler\n|-resisted|p2a: Sneasler|1\n|-damage|p2a: Sneasler|45/100\n|-unboost|p1a: Sneasler|def|1\n|-unboost|p1a: Sneasler|spd|1\n|move|p2b: Rotom|Will-O-Wisp|p1a: Sneasler\n|-status|p1a: Sneasler|brn\n|\n|-weather|Sandstorm|[upkeep]\n|-damage|p1a: Sneasler|88/100 brn|[from] Sandstorm\n|-damage|p2a: Sneasler|39/100|[from] Sandstorm\n|-damage|p1b: Floette|94/100|[from] Sandstorm\n|-damage|p2b: Rotom|94/100|[from] Sandstorm\n|-heal|p2b: Rotom|100/100|[from] item: Leftovers\n|-damage|p1a: Sneasler|82/100 brn|[from] brn\n|upkeep\n|turn|4\n|inactive|GustavoGustavs has 30 seconds left.\n|\n|t:|1776354913\n|move|p1b: Floette|Protect|p1b: Floette\n|-singleturn|p1b: Floette|Protect\n|move|p1a: Sneasler|Close Combat|p2a: Sneasler\n|-resisted|p2a: Sneasler|1\n|-damage|p2a: Sneasler|11/100\n|-unboost|p1a: Sneasler|def|1\n|-unboost|p1a: Sneasler|spd|1\n|move|p2a: Sneasler|Dire Claw|p1b: Floette\n|-activate|p1b: Floette|move: Protect\n|move|p2b: Rotom|Hydro Pump|p1a: Sneasler\n|-damage|p1a: Sneasler|0 fnt\n|faint|p1a: Sneasler\n|\n|-weather|Sandstorm|[upkeep]\n|-damage|p2a: Sneasler|6/100|[from] Sandstorm\n|-damage|p1b: Floette|88/100|[from] Sandstorm\n|-damage|p2b: Rotom|94/100|[from] Sandstorm\n|-heal|p2b: Rotom|100/100|[from] item: Leftovers\n|upkeep\n|\n|t:|1776354933\n|switch|p1a: Basculegion|Basculegion, L50, M|53/100\n|turn|5\n|\n|t:|1776354955\n|switch|p2a: Tyranitar|Tyranitar, L50, M|100/100\n|move|p1a: Basculegion|Flip Turn|p2a: Tyranitar\n|-supereffective|p2a: Tyranitar|1\n|-damage|p2a: Tyranitar|37/100\n|-enditem|p2a: Tyranitar|Sitrus Berry|[eat]\n|-heal|p2a: Tyranitar|62/100|[from] item: Sitrus Berry\n|\n|t:|1776354963\n|switch|p1a: Pelipper|Pelipper, L50, M|100/100|[from] Flip Turn\n|-weather|RainDance|[from] ability: Drizzle|[of] p1a: Pelipper\n|move|p1b: Floette|Calm Mind|p1b: Floette\n|-boost|p1b: Floette|spa|1\n|-boost|p1b: Floette|spd|1\n|move|p2b: Rotom|Hydro Pump|p1b: Floette\n|-crit|p1b: Floette\n|-damage|p1b: Floette|0 fnt\n|faint|p1b: Floette\n|\n|-weather|RainDance|[upkeep]\n|upkeep\n|\n|t:|1776354977\n|switch|p1b: Basculegion|Basculegion, L50, M|53/100\n|turn|6\n|inactive|GustavoGustavs has 30 seconds left.\n|\n|t:|1776355006\n|move|p2a: Tyranitar|Protect|p2a: Tyranitar\n|-singleturn|p2a: Tyranitar|Protect\n|move|p1b: Basculegion|Last Respects|p2b: Rotom\n|-damage|p2b: Rotom|0 fnt\n|faint|p2b: Rotom\n|move|p1a: Pelipper|Weather Ball|p2a: Tyranitar\n|-activate|p2a: Tyranitar|move: Protect\n|\n|-weather|RainDance|[upkeep]\n|upkeep\n|\n|t:|1776355015\n|switch|p2b: Sneasler|Sneasler, L50, M, shiny|6/100\n|turn|7\n|\n|t:|1776355034\n|move|p2b: Sneasler|Fake Out|p1a: Pelipper\n|-damage|p1a: Pelipper|80/100\n|move|p1b: Basculegion|Last Respects|p2b: Sneasler\n|-crit|p2b: Sneasler\n|-damage|p2b: Sneasler|0 fnt\n|faint|p2b: Sneasler\n|cant|p1a: Pelipper|flinch\n|move|p2a: Tyranitar|Crunch|p1b: Basculegion\n|-supereffective|p1b: Basculegion|1\n|-damage|p1b: Basculegion|0 fnt\n|faint|p1b: Basculegion\n|\n|-weather|RainDance|[upkeep]\n|upkeep\n|turn|8\n|\n|t:|1776355049\n|move|p2a: Tyranitar|Protect|p2a: Tyranitar\n|-singleturn|p2a: Tyranitar|Protect\n|move|p1a: Pelipper|Tailwind|p1a: Pelipper\n|-sidestart|p1: GustavoGustavs|move: Tailwind\n|\n|-weather|RainDance|[upkeep]\n|upkeep\n|turn|9\n|\n|t:|1776355057\n|move|p2a: Tyranitar|Protect|p2a: Tyranitar\n|-singleturn|p2a: Tyranitar|Protect\n|move|p1a: Pelipper|Weather Ball|p2a: Tyranitar\n|-activate|p2a: Tyranitar|move: Protect\n|\n|-weather|none\n|upkeep\n|turn|10\n|\n|t:|1776355071\n|move|p1a: Pelipper|Hurricane|p2a: Tyranitar\n|-resisted|p2a: Tyranitar|1\n|-damage|p2a: Tyranitar|44/100\n|move|p2a: Tyranitar|Rock Slide|p1a: Pelipper\n|-supereffective|p1a: Pelipper|1\n|-damage|p1a: Pelipper|0 fnt\n|faint|p1a: Pelipper\n|\n|win|freezediff\n|raw|GustavoGustavs's rating: 1160 &rarr; <strong>1132</strong><br />(-28 for losing)\n|raw|freezediff's rating: 1121 &rarr; <strong>1149</strong><br />(+28 for winning)\n",
  "uploadtime": 1776355074,
  "views": 35,
  "formatid": "gen9championsvgc2026regma",
  "rating": 1132,
  "private": 0,
  "password": null
}