{
  "id": "gen9championsvgc2026regma-2584812723",
  "format": "[Gen 9 Champions] VGC 2026 Reg M-A",
  "players": [
    "Squirtle Soldier",
    "ng._11"
  ],
  "log": "|j|\u2606Squirtle Soldier\n|j|\u2606ng._11\n|t:|1776285532\n|gametype|doubles\n|player|p1|Squirtle Soldier|2|1000\n|player|p2|ng._11|265|1047\n|gen|9\n|tier|[Gen 9 Champions] VGC 2026 Reg M-A\n|rated|\n|rule|Species Clause: Limit one of each Pok\u00e9mon\n|rule|Item Clause: Limit 1 of each item\n|clearpoke\n|poke|p1|Basculegion-F, L50, F|\n|poke|p1|Farigiraf, L50, F|\n|poke|p1|Whimsicott, L50, M|\n|poke|p1|Meowscarada, L50, M|\n|poke|p1|Incineroar, L50, M|\n|poke|p1|Excadrill, L50, F|\n|poke|p2|Blastoise, L50, M|\n|poke|p2|Hatterene, L50, F|\n|poke|p2|Politoed, L50, M|\n|poke|p2|Farigiraf, L50, F|\n|poke|p2|Torkoal, L50, M|\n|poke|p2|Torterra, L50, F|\n|teampreview|4\n|inactive|Battle timer is ON: inactive players will automatically lose when time's up. (requested by Squirtle Soldier)\n|inactive|Squirtle Soldier has 60 seconds left.\n|\n|t:|1776285596\n|teamsize|p1|4\n|teamsize|p2|4\n|start\n|switch|p1a: Excadrill|Excadrill, L50, F|100/100\n|switch|p1b: Farigiraf|Farigiraf, L50, F|100/100\n|switch|p2a: Hatterene|Hatterene, L50, F|100/100\n|switch|p2b: Farigiraf|Farigiraf, L50, F|100/100\n|-ability|p1a: Excadrill|Mold Breaker\n|turn|1\n|\n|t:|1776285609\n|detailschange|p1a: Excadrill|Excadrill-Mega, L50, F\n|-mega|p1a: Excadrill|Excadrill|Excadrite\n|move|p2a: Hatterene|Protect|p2a: Hatterene\n|-singleturn|p2a: Hatterene|Protect\n|move|p1a: Excadrill|Iron Head|p2a: Hatterene\n|-supereffective|p2a: Hatterene|1\n|-ability|p1a: Excadrill|Piercing Drill\n|-zbroken|p2a: Hatterene\n|-damage|p2a: Hatterene|72/100\n|move|p1b: Farigiraf|Imprison|p1b: Farigiraf\n|-start|p1b: Farigiraf|move: Imprison\n|cant|p2b: Farigiraf|move: Imprison|Trick Room\n|\n|upkeep\n|turn|2\n|inactive|Squirtle Soldier has 30 seconds left.\n|inactive|ng._11 has 30 seconds left.\n|inactive|ng._11 has 20 seconds left.\n|\n|t:|1776285646\n|switch|p2b: Torkoal|Torkoal, L50, M|100/100\n|-weather|SunnyDay|[from] ability: Drought|[of] p2b: Torkoal\n|switch|p2a: Torterra|Torterra, L50, F|100/100\n|move|p1a: Excadrill|Iron Head|p2a: Torterra\n|-damage|p2a: Torterra|60/100\n|move|p1b: Farigiraf|Twin Beam|p2b: Torkoal\n|-damage|p2b: Torkoal|81/100\n|-damage|p2b: Torkoal|60/100\n|-hitcount|p2b: Torkoal|2\n|\n|-weather|SunnyDay|[upkeep]\n|upkeep\n|turn|3\n|inactive|Squirtle Soldier has 30 seconds left.\n|inactive|Squirtle Soldier has 20 seconds left.\n|inactive|Squirtle Soldier has 15 seconds left.\n|\n|t:|1776285688\n|move|p1a: Excadrill|High Horsepower|p2b: Torkoal\n|-supereffective|p2b: Torkoal|1\n|-damage|p2b: Torkoal|0 fnt\n|faint|p2b: Torkoal\n|move|p1b: Farigiraf|Twin Beam|p2a: Torterra\n|-damage|p2a: Torterra|45/100\n|-damage|p2a: Torterra|30/100\n|-hitcount|p2a: Torterra|2\n|move|p2a: Torterra|Wood Hammer|p1a: Excadrill\n|-damage|p1a: Excadrill|41/100\n|-damage|p2a: Torterra|12/100|[from] Recoil\n|\n|-weather|SunnyDay|[upkeep]\n|upkeep\n|\n|t:|1776285704\n|switch|p2b: Hatterene|Hatterene, L50, F|72/100\n|turn|4\n|\n|t:|1776285723\n|switch|p2b: Farigiraf|Farigiraf, L50, F|100/100\n|move|p1a: Excadrill|Iron Head|p2b: Farigiraf\n|-damage|p2b: Farigiraf|56/100\n|move|p1b: Farigiraf|Twin Beam|p2a: Torterra\n|-damage|p2a: Torterra|0 fnt\n|faint|p2a: Torterra\n|-hitcount|p2: Torterra|1\n|\n|-weather|SunnyDay|[upkeep]\n|-heal|p2b: Farigiraf|63/100|[from] item: Leftovers\n|upkeep\n|\n|t:|1776285736\n|switch|p2a: Hatterene|Hatterene, L50, F|72/100\n|turn|5\n|\n|t:|1776285748\n|move|p1b: Farigiraf|Protect|p1b: Farigiraf\n|-singleturn|p1b: Farigiraf|Protect\n|move|p1a: Excadrill|Iron Head|p2a: Hatterene\n|-supereffective|p2a: Hatterene|1\n|-damage|p2a: Hatterene|0 fnt\n|faint|p2a: Hatterene\n|move|p2b: Farigiraf|Expanding Force|p1a: Excadrill\n|-resisted|p1a: Excadrill|1\n|-damage|p1a: Excadrill|20/100\n|\n|-weather|SunnyDay|[upkeep]\n|-heal|p2b: Farigiraf|69/100|[from] item: Leftovers\n|upkeep\n|turn|6\n|-message|ng._11 forfeited.\n|\n|win|Squirtle Soldier\n|raw|Squirtle Soldier's rating: 1000 &rarr; <strong>1045</strong><br />(+45 for winning)\n|raw|ng._11's rating: 1047 &rarr; <strong>1028</strong><br />(-19 for losing)\n|l|\u2606ng._11\n|player|p2|\n|l|\u2606Squirtle Soldier\n|player|p1|\n|j|\u2606Squirtle Soldier\n|player|p1|Squirtle Soldier|2|\n",
  "uploadtime": 1776285767,
  "views": 29,
  "formatid": "gen9championsvgc2026regma",
  "rating": 1028,
  "private": 0,
  "password": null
}