{
  "id": "gen9championsvgc2026regma-2583780035",
  "format": "[Gen 9 Champions] VGC 2026 Reg M-A",
  "players": [
    "sanic123dx",
    "capt_dx"
  ],
  "log": "|j|\u2606sanic123dx\n|j|\u2606capt_dx\n|t:|1776197176\n|gametype|doubles\n|player|p1|sanic123dx|pilot|1245\n|player|p2|capt_dx|101|1263\n|gen|9\n|tier|[Gen 9 Champions] VGC 2026 Reg M-A\n|rated|\n|rule|Species Clause: Limit one of each Pok\u00e9mon\n|rule|Item Clause: Limit 1 of each item\n|clearpoke\n|poke|p1|Primarina, L50, F|\n|poke|p1|Scizor, L50, M|\n|poke|p1|Slowbro, L50, M|\n|poke|p1|Farigiraf, L50, F|\n|poke|p1|Arcanine-Hisui, L50, M|\n|poke|p1|Abomasnow, L50, M|\n|poke|p2|Froslass, L50, F|\n|poke|p2|Glaceon, L50, M|\n|poke|p2|Aerodactyl, L50, M|\n|poke|p2|Orthworm, L50, M|\n|poke|p2|Garchomp, L50, F|\n|poke|p2|Milotic, L50, F|\n|teampreview|4\n|inactive|Battle timer is ON: inactive players will automatically lose when time's up. (requested by sanic123dx)\n|inactive|capt_dx has 60 seconds left.\n|\n|t:|1776197213\n|teamsize|p1|4\n|teamsize|p2|4\n|start\n|switch|p1a: Farigiraf|Farigiraf, L50, F|100/100\n|switch|p1b: Arcanine|Arcanine-Hisui, L50, M|100/100\n|switch|p2a: Orthworm|Orthworm, L50, M|100/100\n|switch|p2b: Milotic|Milotic, L50, F|100/100\n|turn|1\n|\n|t:|1776197233\n|move|p1b: Arcanine|Protect|p1b: Arcanine\n|-singleturn|p1b: Arcanine|Protect\n|move|p2a: Orthworm|Protect|p2a: Orthworm\n|-singleturn|p2a: Orthworm|Protect\n|move|p2b: Milotic|Scald|p1b: Arcanine\n|-activate|p1b: Arcanine|move: Protect\n|move|p1a: Farigiraf|Trick Room|p1a: Farigiraf\n|-fieldstart|move: Trick Room|[of] p1a: Farigiraf\n|\n|upkeep\n|turn|2\n|\n|t:|1776197250\n|move|p1a: Farigiraf|Hyper Voice|p2a: Orthworm|[spread] p2a,p2b\n|-resisted|p2a: Orthworm|1\n|-damage|p2a: Orthworm|78/100\n|-damage|p2b: Milotic|82/100\n|move|p2a: Orthworm|Shed Tail|p2a: Orthworm\n|-start|p2a: Orthworm|Substitute|[from] move: Shed Tail\n|-damage|p2a: Orthworm|28/100\n|-enditem|p2a: Orthworm|Sitrus Berry|[eat]\n|-heal|p2a: Orthworm|53/100|[from] item: Sitrus Berry\n|\n|t:|1776197268\n|switch|p2a: Froslass|Froslass, L50, F|100/100|[from] Shed Tail\n|move|p1b: Arcanine|Wild Charge|p2b: Milotic\n|-supereffective|p2b: Milotic|1\n|-damage|p2b: Milotic|11/100\n|move|p2b: Milotic|Scald|p1b: Arcanine\n|-supereffective|p1b: Arcanine|2\n|-damage|p1b: Arcanine|0 fnt\n|faint|p1b: Arcanine\n|\n|-heal|p2b: Milotic|17/100|[from] item: Leftovers\n|upkeep\n|\n|t:|1776197284\n|switch|p1b: Scizor|Scizor, L50, M|100/100\n|turn|3\n|\n|t:|1776197294\n|detailschange|p2a: Froslass|Froslass-Mega, L50, F\n|-mega|p2a: Froslass|Froslass|Froslassite\n|-weather|Snowscape|[from] ability: Snow Warning|[of] p2a: Froslass\n|move|p1b: Scizor|Bullet Punch|p2b: Milotic\n|-resisted|p2b: Milotic|1\n|-damage|p2b: Milotic|0 fnt\n|faint|p2b: Milotic\n|move|p1a: Farigiraf|Psychic|p2a: Froslass\n|-end|p2a: Froslass|Substitute\n|move|p2a: Froslass|Aurora Veil|p2a: Froslass\n|-sidestart|p2: capt_dx|move: Aurora Veil\n|\n|-weather|Snowscape|[upkeep]\n|upkeep\n|\n|t:|1776197310\n|switch|p2b: Glaceon|Glaceon, L50, M|100/100\n|turn|4\n|inactive|capt_dx has 30 seconds left.\n|\n|t:|1776197336\n|move|p1b: Scizor|Bullet Punch|p2a: Froslass\n|-supereffective|p2a: Froslass|1\n|-damage|p2a: Froslass|35/100\n|move|p1a: Farigiraf|Psychic|p2a: Froslass\n|-damage|p2a: Froslass|3/100\n|move|p2b: Glaceon|Calm Mind|p2b: Glaceon\n|-boost|p2b: Glaceon|spa|1\n|-boost|p2b: Glaceon|spd|1\n|move|p2a: Froslass|Shadow Ball|p1b: Scizor\n|-damage|p1b: Scizor|48/100\n|\n|-weather|Snowscape|[upkeep]\n|upkeep\n|turn|5\n|\n|t:|1776197356\n|move|p2a: Froslass|Protect|p2a: Froslass\n|-singleturn|p2a: Froslass|Protect\n|move|p1b: Scizor|Bullet Punch|p2b: Glaceon\n|-supereffective|p2b: Glaceon|1\n|-damage|p2b: Glaceon|57/100\n|move|p1a: Farigiraf|Psychic|p2a: Froslass\n|-activate|p2a: Froslass|move: Protect\n|move|p2b: Glaceon|Blizzard|p1b: Scizor|[spread] p1a,p1b\n|-resisted|p1b: Scizor|1\n|-damage|p1a: Farigiraf|31/100\n|-damage|p1b: Scizor|0 fnt\n|-enditem|p1a: Farigiraf|Sitrus Berry|[eat]\n|-heal|p1a: Farigiraf|56/100|[from] item: Sitrus Berry\n|faint|p1b: Scizor\n|\n|-weather|Snowscape|[upkeep]\n|-fieldend|move: Trick Room\n|upkeep\n|\n|t:|1776197367\n|switch|p1b: Abomasnow|Abomasnow, L50, M, shiny|100/100\n|turn|6\n|\n|t:|1776197376\n|detailschange|p1b: Abomasnow|Abomasnow-Mega, L50, M, shiny\n|-mega|p1b: Abomasnow|Abomasnow|Abomasite\n|move|p1b: Abomasnow|Protect|p1b: Abomasnow\n|-singleturn|p1b: Abomasnow|Protect\n|move|p2a: Froslass|Blizzard|p1a: Farigiraf|[spread] p1a\n|-activate|p1b: Abomasnow|move: Protect\n|-damage|p1a: Farigiraf|15/100\n|move|p2b: Glaceon|Blizzard|p1b: Abomasnow|[spread] p1a\n|-activate|p1b: Abomasnow|move: Protect\n|-damage|p1a: Farigiraf|0 fnt\n|faint|p1a: Farigiraf\n|\n|-weather|Snowscape|[upkeep]\n|upkeep\n|turn|7\n|\n|t:|1776197393\n|move|p2a: Froslass|Blizzard|p1b: Abomasnow\n|-damage|p1b: Abomasnow|50/100\n|move|p2b: Glaceon|Blizzard|p1b: Abomasnow\n|-damage|p1b: Abomasnow|0 fnt\n|faint|p1b: Abomasnow\n|\n|win|capt_dx\n|raw|sanic123dx's rating: 1245 &rarr; <strong>1221</strong><br />(-24 for losing)\n|raw|capt_dx's rating: 1263 &rarr; <strong>1287</strong><br />(+24 for winning)\n|l|\u2606sanic123dx\n|player|p1|\n",
  "uploadtime": 1776197401,
  "views": 22,
  "formatid": "gen9championsvgc2026regma",
  "rating": 1221,
  "private": 0,
  "password": null
}