{
  "id": "gen9championsvgc2026regma-2580794938",
  "format": "[Gen 9 Champions] VGC 2026 Reg M-A",
  "players": [
    "LuckiestManAlive1",
    "colombarda"
  ],
  "log": "|j|\u2606LuckiestManAlive1\n|j|\u2606colombarda\n|t:|1775933075\n|gametype|doubles\n|player|p1|LuckiestManAlive1|volo|1174\n|player|p2|colombarda|blaine|1279\n|gen|9\n|tier|[Gen 9 Champions] VGC 2026 Reg M-A\n|rated|\n|rule|Species Clause: Limit one of each Pok\u00e9mon\n|rule|Item Clause: Limit 1 of each item\n|clearpoke\n|poke|p1|Mimikyu, L50, M|\n|poke|p1|Incineroar, L50, F|\n|poke|p1|Golurk, L50|\n|poke|p1|Orthworm, L50, F|\n|poke|p1|Meganium, L50, M|\n|poke|p1|Clawitzer, L50, F|\n|poke|p2|Camerupt, L50, F|\n|poke|p2|Farigiraf, L50, F|\n|poke|p2|Sneasler, L50, M|\n|poke|p2|Kingambit, L50, F|\n|poke|p2|Crabominable, L50, F|\n|poke|p2|Sinistcha, L50|\n|teampreview|4\n|inactive|Battle timer is ON: inactive players will automatically lose when time's up. (requested by colombarda)\nLuckiestManAlive1 rejected open team sheets.\n|\n|t:|1775933097\n|teamsize|p1|4\n|teamsize|p2|4\n|start\n|switch|p1a: Mimikyu|Mimikyu, L50, M, shiny|100/100\n|switch|p1b: Orthworm|Orthworm, L50, F, shiny|100/100\n|switch|p2a: Farigiraf|Farigiraf, L50, F|100/100\n|switch|p2b: Sneasler|Sneasler, L50, M|100/100\n|turn|1\n|\n|t:|1775933109\n|move|p1b: Orthworm|Protect|p1b: Orthworm\n|-singleturn|p1b: Orthworm|Protect\n|move|p2b: Sneasler|Close Combat|p1b: Orthworm\n|-activate|p1b: Orthworm|move: Protect\n|move|p2a: Farigiraf|Twin Beam|p1a: Mimikyu\n|-activate|p1a: Mimikyu|ability: Disguise\n|-damage|p1a: Mimikyu|100/100\n|detailschange|p1a: Mimikyu|Mimikyu-Busted, L50, M, shiny\n|-damage|p1a: Mimikyu|88/100|[from] pokemon: Mimikyu-Busted\n|-damage|p1a: Mimikyu|69/100\n|-hitcount|p1a: Mimikyu|2\n|move|p1a: Mimikyu|Trick Room|p1a: Mimikyu\n|-fieldstart|move: Trick Room|[of] p1a: Mimikyu\n|\n|upkeep\n|turn|2\n|inactive|LuckiestManAlive1 has 30 seconds left.\n|\n|t:|1775933135\n|move|p2a: Farigiraf|Twin Beam|p1a: Mimikyu\n|-damage|p1a: Mimikyu|50/100\n|-damage|p1a: Mimikyu|31/100\n|-hitcount|p1a: Mimikyu|2\n|move|p1b: Orthworm|Shed Tail|p1b: Orthworm\n|-start|p1b: Orthworm|Substitute|[from] move: Shed Tail\n|-damage|p1b: Orthworm|50/100\n|-enditem|p1b: Orthworm|Sitrus Berry|[eat]\n|-heal|p1b: Orthworm|75/100|[from] item: Sitrus Berry\n|\n|t:|1775933139\n|switch|p1b: Golurk|Golurk, L50, shiny|100/100|[from] Shed Tail\n|move|p1a: Mimikyu|Play Rough|p2b: Sneasler\n|-damage|p2b: Sneasler|29/100\n|move|p2b: Sneasler|Dire Claw|p1a: Mimikyu\n|-damage|p1a: Mimikyu|0 fnt\n|faint|p1a: Mimikyu\n|\n|upkeep\n|\n|t:|1775933142\n|switch|p1a: Orthworm|Orthworm, L50, F, shiny|75/100\n|turn|3\n|\n|t:|1775933165\n|detailschange|p1b: Golurk|Golurk-Mega, L50, shiny\n|-mega|p1b: Golurk|Golurk|Golurkite\n|move|p1b: Golurk|Earthquake|p2a: Farigiraf|[spread] p2a,p2b\n|-heal|p1a: Orthworm|99/100|[from] ability: Earth Eater|[of] p1b: Golurk\n|-supereffective|p2b: Sneasler|1\n|-damage|p2a: Farigiraf|57/100\n|-damage|p2b: Sneasler|0 fnt\n|faint|p2b: Sneasler\n|move|p2a: Farigiraf|Twin Beam|p1b: Golurk\n|-activate|p1b: Golurk|move: Substitute|[damage]\n|-end|p1b: Golurk|Substitute\n|-hitcount|p1b: Golurk|2\n|move|p1a: Orthworm|Iron Head|p2a: Farigiraf\n|-damage|p2a: Farigiraf|34/100\n|\n|upkeep\n|\n|t:|1775933173\n|switch|p2b: Crabominable|Crabominable, L50, F|100/100\n|turn|4\n|\n|t:|1775933185\n|detailschange|p2b: Crabominable|Crabominable-Mega, L50, F\n|-mega|p2b: Crabominable|Crabominable|Crabominite\n|move|p2b: Crabominable|Ice Hammer|p1b: Golurk\n|-supereffective|p1b: Golurk|1\n|-damage|p1b: Golurk|0 fnt\n|-unboost|p2b: Crabominable|spe|1\n|faint|p1b: Golurk\n|move|p2a: Farigiraf|Hyper Voice|p1a: Orthworm\n|-resisted|p1a: Orthworm|1\n|-damage|p1a: Orthworm|78/100\n|move|p1a: Orthworm|Body Press|p2b: Crabominable\n|-supereffective|p2b: Crabominable|1\n|-damage|p2b: Crabominable|62/100\n|\n|upkeep\n|\n|t:|1775933190\n|switch|p1b: Clawitzer|Clawitzer, L50, F, shiny|100/100\n|turn|5\n|\n|t:|1775933204\n|switch|p2a: Sinistcha|Sinistcha, L50|100/100\n|-heal|p2b: Crabominable|87/100|[from] ability: Hospitality|[of] p2a: Sinistcha\n|move|p2b: Crabominable|Close Combat|p1a: Orthworm\n|-supereffective|p1a: Orthworm|1\n|-damage|p1a: Orthworm|0 fnt\n|-unboost|p2b: Crabominable|def|1\n|-unboost|p2b: Crabominable|spd|1\n|faint|p1a: Orthworm\n|move|p1b: Clawitzer|Aura Sphere|p2b: Crabominable\n|-supereffective|p2b: Crabominable|1\n|-damage|p2b: Crabominable|0 fnt\n|faint|p2b: Crabominable\n|\n|-fieldend|move: Trick Room\n|upkeep\n|\n|t:|1775933209\n|switch|p2b: Farigiraf|Farigiraf, L50, F|34/100\n|turn|6\n|\n|t:|1775933217\n|move|p2a: Sinistcha|Matcha Gotcha|p1b: Clawitzer|[miss]\n|-miss|p2a: Sinistcha|p1b: Clawitzer\n|move|p1b: Clawitzer|Dark Pulse|p2a: Sinistcha\n|-supereffective|p2a: Sinistcha|1\n|-enditem|p2a: Sinistcha|Focus Sash\n|-damage|p2a: Sinistcha|1/100\n|move|p2b: Farigiraf|Trick Room|p2b: Farigiraf\n|-fieldstart|move: Trick Room|[of] p2b: Farigiraf\n|\n|upkeep\n|turn|7\n|\n|t:|1775933232\n|move|p1b: Clawitzer|Dark Pulse|p2a: Sinistcha\n|-supereffective|p2a: Sinistcha|1\n|-damage|p2a: Sinistcha|0 fnt\n|faint|p2a: Sinistcha\n|move|p2b: Farigiraf|Trick Room|p2b: Farigiraf\n|-fieldend|move: Trick Room\n|\n|upkeep\n|turn|8\n|\n|t:|1775933239\n|move|p2b: Farigiraf|Twin Beam|p1b: Clawitzer\n|-crit|p1b: Clawitzer\n|-damage|p1b: Clawitzer|68/100\n|-damage|p1b: Clawitzer|46/100\n|-hitcount|p1b: Clawitzer|2\n|move|p1b: Clawitzer|Dark Pulse|p2b: Farigiraf\n|-supereffective|p2b: Farigiraf|1\n|-damage|p2b: Farigiraf|0 fnt\n|faint|p2b: Farigiraf\n|\n|win|LuckiestManAlive1\n|raw|LuckiestManAlive1's rating: 1174 &rarr; <strong>1206</strong><br />(+32 for winning)\n|raw|colombarda's rating: 1279 &rarr; <strong>1247</strong><br />(-32 for losing)\n|l|\u2606colombarda\n|player|p2|\n|l|\u2606LuckiestManAlive1\n|player|p1|\n|j|\u2606LuckiestManAlive1\n|player|p1|LuckiestManAlive1|volo|\n",
  "uploadtime": 1775933270,
  "views": 32,
  "formatid": "gen9championsvgc2026regma",
  "rating": 1206,
  "private": 0,
  "password": null
}