{
  "id": "gen9championsvgc2026regma-2581182390",
  "format": "[Gen 9 Champions] VGC 2026 Reg M-A",
  "players": [
    "evyeltal",
    "jljlkk"
  ],
  "log": "|j|\u2606evyeltal\n|j|\u2606jljlkk\n|t:|1775968043\n|gametype|doubles\n|player|p1|evyeltal|265|1069\n|player|p2|jljlkk|iris-gen5bw2|1149\n|gen|9\n|tier|[Gen 9 Champions] VGC 2026 Reg M-A\n|rated|\n|rule|Species Clause: Limit one of each Pok\u00e9mon\n|rule|Item Clause: Limit 1 of each item\n|clearpoke\n|poke|p1|Charizard, L50, M|\n|poke|p1|Whimsicott, L50, M|\n|poke|p1|Venusaur, L50, F|\n|poke|p1|Incineroar, L50, M|\n|poke|p1|Farigiraf, L50, M|\n|poke|p1|Torkoal, L50, M|\n|poke|p2|Gengar, L50, M|\n|poke|p2|Incineroar, L50, M|\n|poke|p2|Sneasler, L50, M|\n|poke|p2|Whimsicott, L50, F|\n|poke|p2|Politoed, L50, M|\n|poke|p2|Basculegion, L50, M|\n|teampreview|4\n|inactive|Battle timer is ON: inactive players will automatically lose when time's up. (requested by evyeltal)\n|inactive|evyeltal has 60 seconds left.\n|\n|t:|1775968131\n|teamsize|p1|4\n|teamsize|p2|4\n|start\n|switch|p1a: Whimsicott|Whimsicott, L50, M|100/100\n|switch|p1b: Charizard|Charizard, L50, M, shiny|100/100\n|switch|p2a: Gengar|Gengar, L50, M|100/100\n|switch|p2b: Incineroar|Incineroar, L50, M|100/100\n|-ability|p2b: Incineroar|Intimidate|boost\n|-unboost|p1a: Whimsicott|atk|1\n|-unboost|p1b: Charizard|atk|1\n|turn|1\n|inactive|evyeltal has 30 seconds left.\n|inactive|jljlkk has 30 seconds left.\n|inactive|evyeltal has 20 seconds left.\n|inactive|jljlkk has 20 seconds left.\n|\n|t:|1775968169\n|detailschange|p2a: Gengar|Gengar-Mega, L50, M\n|-mega|p2a: Gengar|Gengar|Gengarite\n|detailschange|p1b: Charizard|Charizard-Mega-Y, L50, M, shiny\n|-mega|p1b: Charizard|Charizard|Charizardite Y\n|-weather|SunnyDay|[from] ability: Drought|[of] p1b: Charizard\n|move|p2b: Incineroar|Fake Out|p1b: Charizard\n|-damage|p1b: Charizard|88/100\n|move|p1a: Whimsicott|Tailwind|p1a: Whimsicott\n|-sidestart|p1: evyeltal|move: Tailwind\n|cant|p1b: Charizard|flinch\n|move|p2a: Gengar|Thunder|p1b: Charizard|[miss]\n|-miss|p2a: Gengar|p1b: Charizard\n|\n|-weather|SunnyDay|[upkeep]\n|upkeep\n|turn|2\n|inactive|evyeltal has 30 seconds left.\n|inactive|evyeltal has 20 seconds left.\n|\n|t:|1775968209\n|switch|p2b: Politoed|Politoed, L50, M|100/100\n|-weather|RainDance|[from] ability: Drizzle|[of] p2b: Politoed\n|move|p1a: Whimsicott|Moonblast|p2b: Politoed\n|-damage|p2b: Politoed|69/100\n|move|p1b: Charizard|Heat Wave|p2a: Gengar|[spread] p2a,p2b\n|-resisted|p2b: Politoed|1\n|-damage|p2a: Gengar|70/100\n|-damage|p2b: Politoed|57/100\n|move|p2a: Gengar|Thunder|p1b: Charizard\n|-supereffective|p1b: Charizard|1\n|-damage|p1b: Charizard|0 fnt\n|faint|p1b: Charizard\n|\n|-weather|RainDance|[upkeep]\n|upkeep\n|inactive|evyeltal has 30 seconds left.\n|inactive|evyeltal has 20 seconds left.\n|\n|t:|1775968244\n|switch|p1b: Farigiraf|Farigiraf, L50, M|100/100\n|turn|3\n|\n|t:|1775968266\n|move|p2b: Politoed|Protect|p2b: Politoed\n|-singleturn|p2b: Politoed|Protect\n|move|p1a: Whimsicott|Sunny Day|p1a: Whimsicott\n|-weather|SunnyDay\n|move|p2a: Gengar|Perish Song|p2a: Gengar\n|-start|p1a: Whimsicott|perish3|[silent]\n|-start|p1b: Farigiraf|perish3|[silent]\n|-start|p2a: Gengar|perish3|[silent]\n|-start|p2b: Politoed|perish3|[silent]\n|-fieldactivate|move: Perish Song\n|move|p1b: Farigiraf|Psychic|p2a: Gengar\n|-supereffective|p2a: Gengar|1\n|-damage|p2a: Gengar|0 fnt\n|faint|p2a: Gengar\n|\n|-weather|SunnyDay|[upkeep]\n|-start|p1a: Whimsicott|perish3\n|-start|p1b: Farigiraf|perish3\n|-start|p2b: Politoed|perish3\n|upkeep\n|\n|t:|1775968285\n|switch|p2a: Incineroar|Incineroar, L50, M|100/100\n|-ability|p2a: Incineroar|Intimidate|boost\n|-unboost|p1a: Whimsicott|atk|1\n|-unboost|p1b: Farigiraf|atk|1\n|turn|4\n|inactive|evyeltal has 30 seconds left.\n|inactive|evyeltal has 20 seconds left.\n|\n|t:|1775968320\n|switch|p1b: Venusaur|Venusaur, L50, F|100/100\n|move|p1a: Whimsicott|Encore|p2a: Incineroar\n|-hint|Since gen 7, Dark is immune to Prankster moves.\n|-immune|p2a: Incineroar\n|move|p2b: Politoed|Weather Ball|p1a: Whimsicott\n|-supereffective|p1a: Whimsicott|1\n|-enditem|p1a: Whimsicott|Focus Sash\n|-damage|p1a: Whimsicott|1/100\n|move|p2a: Incineroar|Darkest Lariat|p1b: Venusaur\n|-damage|p1b: Venusaur|60/100\n|\n|-weather|SunnyDay|[upkeep]\n|-start|p1a: Whimsicott|perish2\n|-start|p2b: Politoed|perish2\n|-sideend|p1: evyeltal|move: Tailwind\n|upkeep\n|turn|5\n|inactive|evyeltal has 30 seconds left.\n|\n|t:|1775968350\n|move|p1a: Whimsicott|Tailwind|p1a: Whimsicott\n|-sidestart|p1: evyeltal|move: Tailwind\n|move|p1b: Venusaur|Sleep Powder|p2a: Incineroar\n|-status|p2a: Incineroar|slp|[from] move: Sleep Powder\n|move|p2b: Politoed|Weather Ball|p1b: Venusaur\n|-supereffective|p1b: Venusaur|1\n|-damage|p1b: Venusaur|0 fnt\n|faint|p1b: Venusaur\n|cant|p2a: Incineroar|slp\n|\n|-weather|SunnyDay|[upkeep]\n|-start|p1a: Whimsicott|perish1\n|-start|p2b: Politoed|perish1\n|upkeep\n|inactive|evyeltal has 30 seconds left.\n|\n|t:|1775968378\n|switch|p1b: Farigiraf|Farigiraf, L50, M|100/100\n|turn|6\n|\n|t:|1775968403\n|switch|p2b: Sneasler|Sneasler, L50, M|100/100\n|move|p1b: Farigiraf|Helping Hand|p1a: Whimsicott\n|-singleturn|p1a: Whimsicott|Helping Hand|[of] p1b: Farigiraf\n|move|p1a: Whimsicott|Moonblast|p2a: Incineroar\n|-damage|p2a: Incineroar|68/100 slp\n|-unboost|p2a: Incineroar|spa|1\n|-curestatus|p2a: Incineroar|slp|[msg]\n|move|p2a: Incineroar|Darkest Lariat|p1b: Farigiraf\n|-supereffective|p1b: Farigiraf|1\n|-damage|p1b: Farigiraf|36/100\n|\n|-weather|SunnyDay|[upkeep]\n|-heal|p1b: Farigiraf|42/100|[from] item: Leftovers\n|-start|p1a: Whimsicott|perish0\n|faint|p1a: Whimsicott\n|upkeep\n|turn|7\n|\n|t:|1775968426\n|move|p2b: Sneasler|Close Combat|p1b: Farigiraf\n|-damage|p1b: Farigiraf|0 fnt\n|-unboost|p2b: Sneasler|def|1\n|-unboost|p2b: Sneasler|spd|1\n|faint|p1b: Farigiraf\n|\n|win|jljlkk\n|raw|evyeltal's rating: 1069 &rarr; <strong>1053</strong><br />(-16 for losing)\n|raw|jljlkk's rating: 1149 &rarr; <strong>1168</strong><br />(+19 for winning)\n",
  "uploadtime": 1775968434,
  "views": 16,
  "formatid": "gen9championsvgc2026regma",
  "rating": 1053,
  "private": 0,
  "password": null
}