{
  "id": "gen9championsvgc2026regma-2582459005",
  "format": "[Gen 9 Champions] VGC 2026 Reg M-A",
  "players": [
    "Papuas",
    "Levelfailer1234"
  ],
  "log": "|j|\u2606Papuas\n|j|\u2606Levelfailer1234\n|t:|1776093047\n|gametype|doubles\n|player|p1|Papuas|blue|1089\n|player|p2|Levelfailer1234|266|1042\n|gen|9\n|tier|[Gen 9 Champions] VGC 2026 Reg M-A\n|rated|\n|rule|Species Clause: Limit one of each Pok\u00e9mon\n|rule|Item Clause: Limit 1 of each item\n|clearpoke\n|poke|p1|Gengar, L50, M|\n|poke|p1|Kommo-o, L50, F|\n|poke|p1|Floette-Eternal, L50, F|\n|poke|p1|Incineroar, L50, F|\n|poke|p1|Maushold, L50|\n|poke|p1|Primarina, L50, M|\n|poke|p2|Starmie, L50|\n|poke|p2|Tyranitar, L50, F|\n|poke|p2|Garchomp, L50, F|\n|poke|p2|Aerodactyl, L50, M|\n|poke|p2|Rotom-Heat, L50|\n|poke|p2|Aegislash, L50, F|\n|teampreview|4\n|inactive|Battle timer is ON: inactive players will automatically lose when time's up. (requested by Papuas)\n|\n|t:|1776093076\n|teamsize|p1|4\n|teamsize|p2|4\n|start\n|switch|p1a: Kommo-o|Kommo-o, L50, F|100/100\n|switch|p1b: Maushold|Maushold, L50|100/100\n|switch|p2a: Rotom|Rotom-Heat, L50|100/100\n|switch|p2b: Aegislash|Aegislash, L50, F, shiny|100/100\n|turn|1\n|\n|t:|1776093098\n|move|p2b: Aegislash|King's Shield|p2b: Aegislash\n|-singleturn|p2b: Aegislash|Protect\n|move|p1b: Maushold|Follow Me|p1b: Maushold\n|-singleturn|p1b: Maushold|move: Follow Me\n|move|p2a: Rotom|Volt Switch|p1b: Maushold\n|-damage|p1b: Maushold|62/100\n|\n|t:|1776093107\n|switch|p2a: Starmie|Starmie, L50, shiny|100/100|[from] Volt Switch\n|move|p1a: Kommo-o|Clangorous Soul|p1a: Kommo-o\n|-boost|p1a: Kommo-o|atk|1\n|-boost|p1a: Kommo-o|def|1\n|-boost|p1a: Kommo-o|spa|1\n|-boost|p1a: Kommo-o|spd|1\n|-boost|p1a: Kommo-o|spe|1\n|-damage|p1a: Kommo-o|68/100\n|\n|-heal|p1a: Kommo-o|74/100|[from] item: Leftovers\n|upkeep\n|turn|2\n|inactive|Levelfailer1234 has 30 seconds left.\n|\n|t:|1776093134\n|switch|p2b: Tyranitar|Tyranitar, L50, F|100/100\n|-weather|Sandstorm|[from] ability: Sand Stream|[of] p2b: Tyranitar\n|detailschange|p2a: Starmie|Starmie-Mega, L50, shiny\n|-mega|p2a: Starmie|Starmie|Starminite\n|move|p1b: Maushold|Helping Hand|p1a: Kommo-o\n|-singleturn|p1a: Kommo-o|Helping Hand|[of] p1b: Maushold\n|move|p1a: Kommo-o|Clanging Scales|p2b: Tyranitar|[spread] p2a,p2b\n|-damage|p2a: Starmie|0 fnt\n|-damage|p2b: Tyranitar|43/100\n|faint|p2a: Starmie\n|-unboost|p1a: Kommo-o|def|1\n|\n|-weather|Sandstorm|[upkeep]\n|-damage|p1b: Maushold|56/100|[from] Sandstorm\n|-heal|p1a: Kommo-o|80/100|[from] item: Leftovers\n|upkeep\n|\n|t:|1776093149\n|switch|p2a: Aegislash|Aegislash, L50, F, shiny|100/100\n|turn|3\n|\n|t:|1776093156\n|switch|p1b: Incineroar|Incineroar, L50, F|100/100\n|-ability|p1b: Incineroar|Intimidate|boost\n|-unboost|p2a: Aegislash|atk|1\n|-unboost|p2b: Tyranitar|atk|1\n|move|p2a: Aegislash|Wide Guard|p2a: Aegislash\n|-singleturn|p2a: Aegislash|Wide Guard\n|move|p1a: Kommo-o|Aura Sphere|p2b: Tyranitar\n|-supereffective|p2b: Tyranitar|2\n|-damage|p2b: Tyranitar|0 fnt\n|faint|p2b: Tyranitar\n|\n|-weather|Sandstorm|[upkeep]\n|-damage|p1b: Incineroar|94/100|[from] Sandstorm\n|-heal|p1a: Kommo-o|86/100|[from] item: Leftovers\n|upkeep\n|\n|t:|1776093169\n|switch|p2b: Rotom|Rotom-Heat, L50|100/100\n|turn|4\n|\n|t:|1776093179\n|move|p1a: Kommo-o|Aura Sphere|p2b: Rotom\n|-damage|p2b: Rotom|36/100\n|-enditem|p2b: Rotom|Sitrus Berry|[eat]\n|-heal|p2b: Rotom|60/100|[from] item: Sitrus Berry\n|move|p2b: Rotom|Overheat|p1a: Kommo-o\n|-resisted|p1a: Kommo-o|1\n|-damage|p1a: Kommo-o|64/100\n|-unboost|p2b: Rotom|spa|2\n|-formechange|p2a: Aegislash|Aegislash-Blade|\n|move|p2a: Aegislash|Shadow Ball|p1a: Kommo-o\n|-damage|p1a: Kommo-o|30/100\n|move|p1b: Incineroar|Darkest Lariat|p2a: Aegislash\n|-supereffective|p2a: Aegislash|1\n|-damage|p2a: Aegislash|0 fnt\n|faint|p2a: Aegislash\n|\n|-weather|Sandstorm|[upkeep]\n|-damage|p2b: Rotom|55/100|[from] Sandstorm\n|-damage|p1b: Incineroar|88/100|[from] Sandstorm\n|-heal|p1a: Kommo-o|36/100|[from] item: Leftovers\n|upkeep\n|turn|5\n|-message|Levelfailer1234 forfeited.\n|\n|win|Papuas\n|raw|Papuas's rating: 1089 &rarr; <strong>1112</strong><br />(+23 for winning)\n|raw|Levelfailer1234's rating: 1042 &rarr; <strong>1028</strong><br />(-14 for losing)\n|l|\u2606Levelfailer1234\n|player|p2|\n",
  "uploadtime": 1776093207,
  "views": 19,
  "formatid": "gen9championsvgc2026regma",
  "rating": 1028,
  "private": 0,
  "password": null
}