{
  "id": "gen9championsvgc2026regma-2586715572",
  "format": "[Gen 9 Champions] VGC 2026 Reg M-A",
  "players": [
    "Folinglow",
    "Gaby Glytxii"
  ],
  "log": "|j|\u2606Folinglow\n|j|\u2606Gaby Glytxii\n|t:|1776454341\n|gametype|doubles\n|player|p1|Folinglow|miku-ghost|1000\n|player|p2|Gaby Glytxii|2|1042\n|gen|9\n|tier|[Gen 9 Champions] VGC 2026 Reg M-A\n|rated|\n|rule|Species Clause: Limit one of each Pok\u00e9mon\n|rule|Item Clause: Limit 1 of each item\n|clearpoke\n|poke|p1|Beedrill, L50, M|\n|poke|p1|Gyarados, L50, M|\n|poke|p1|Dragonite, L50, F|\n|poke|p1|Archaludon, L50, F|\n|poke|p1|Decidueye-Hisui, L50, M|\n|poke|p1|Raichu, L50, F|\n|poke|p2|Abomasnow, L50, F|\n|poke|p2|Umbreon, L50, F|\n|poke|p2|Avalugg, L50, M|\n|poke|p2|Goodra-Hisui, L50, M|\n|poke|p2|Volcarona, L50, M|\n|poke|p2|Froslass, L50, F|\n|teampreview|4\nFolinglow has agreed to open team sheets.\n|\n|t:|1776454382\n|teamsize|p1|4\n|teamsize|p2|4\n|start\n|switch|p1a: Buzzband|Beedrill, L50, M|100/100\n|switch|p1b: Gary|Gyarados, L50, M, shiny|100/100\n|switch|p2a: Abomasnow|Abomasnow, L50, F|100/100\n|switch|p2b: Umbreon|Umbreon, L50, F|100/100\n|-ability|p1b: Gary|Intimidate|boost\n|-unboost|p2a: Abomasnow|atk|1\n|-fail|p2b: Umbreon|unboost|Attack|[from] ability: Inner Focus|[of] p2b: Umbreon\n|-weather|Snowscape|[from] ability: Snow Warning|[of] p2a: Abomasnow\n|turn|1\n|\n|t:|1776454427\n|detailschange|p1a: Buzzband|Beedrill-Mega, L50, M\n|-mega|p1a: Buzzband|Beedrill|Beedrillite\n|detailschange|p2a: Abomasnow|Abomasnow-Mega, L50, F\n|-mega|p2a: Abomasnow|Abomasnow|Abomasite\n|move|p1a: Buzzband|U-turn|p2b: Umbreon\n|-supereffective|p2b: Umbreon|1\n|-damage|p2b: Umbreon|19/100\n|\n|t:|1776454435\n|switch|p1a: RattyGlick|Raichu, L50, F|100/100|[from] U-turn\n|move|p1b: Gary|Temper Flare|p2a: Abomasnow\n|-supereffective|p2a: Abomasnow|2\n|-damage|p2a: Abomasnow|36/100\n|move|p2b: Umbreon|Foul Play|p1a: RattyGlick\n|-damage|p1a: RattyGlick|51/100\n|move|p2a: Abomasnow|Aurora Veil|p2a: Abomasnow\n|-sidestart|p2: Gaby Glytxii|move: Aurora Veil\n|\n|-weather|Snowscape|[upkeep]\n|upkeep\n|turn|2\n|\n|t:|1776454462\n|move|p1a: RattyGlick|Encore|p2a: Abomasnow\n|-start|p2a: Abomasnow|Encore\n|move|p1b: Gary|Waterfall|p2b: Umbreon\n|-damage|p2b: Umbreon|0 fnt\n|faint|p2b: Umbreon\n|move|p2a: Abomasnow|Aurora Veil||[still]\n|-fail|p2a: Abomasnow\n|\n|-weather|Snowscape|[upkeep]\n|upkeep\n|\n|t:|1776454470\n|switch|p2b: Avalugg|Avalugg, L50, M|100/100\n|turn|3\n|\n|t:|1776454495\n|switch|p2a: Goodra|Goodra-Hisui, L50, M|100/100\n|move|p1a: RattyGlick|Electroweb|p2b: Avalugg|[spread] p2a,p2b\n|-resisted|p2a: Goodra|1\n|-damage|p2a: Goodra|98/100\n|-damage|p2b: Avalugg|82/100\n|-unboost|p2a: Goodra|spe|1\n|-unboost|p2b: Avalugg|spe|1\n|move|p1b: Gary|Waterfall|p2b: Avalugg\n|-damage|p2b: Avalugg|73/100\n|move|p2b: Avalugg|Body Press|p1a: RattyGlick\n|-damage|p1a: RattyGlick|0 fnt\n|faint|p1a: RattyGlick\n|\n|-weather|Snowscape|[upkeep]\n|-heal|p2b: Avalugg|79/100|[from] ability: Ice Body\n|-heal|p2b: Avalugg|85/100|[from] item: Leftovers\n|upkeep\n|\n|t:|1776454511\n|switch|p1a: Triple T|Decidueye-Hisui, L50, M|100/100\n|turn|4\n|\n|t:|1776454528\n|move|p1b: Gary|Dragon Cheer|p1a: Triple T\n|-start|p1a: Triple T|move: Dragon Cheer\n|move|p1a: Triple T|Triple Arrows|p2b: Avalugg\n|-supereffective|p2b: Avalugg|1\n|-crit|p2b: Avalugg\n|-damage|p2b: Avalugg|38/100\n|-unboost|p2b: Avalugg|def|1\n|move|p2a: Goodra|Thunder Punch|p1b: Gary\n|-supereffective|p1b: Gary|2\n|-enditem|p1b: Gary|Wacan Berry|[eat]\n|-enditem|p1b: Gary|Wacan Berry|[weaken]\n|-damage|p1b: Gary|51/100\n|move|p2b: Avalugg|Avalanche|p1a: Triple T\n|-supereffective|p1a: Triple T|1\n|-damage|p1a: Triple T|0 fnt\n|faint|p1a: Triple T\n|\n|-weather|Snowscape|[upkeep]\n|-heal|p2b: Avalugg|44/100|[from] ability: Ice Body\n|-heal|p2b: Avalugg|50/100|[from] item: Leftovers\n|upkeep\n|\n|t:|1776454542\n|switch|p1a: Buzzband|Beedrill-Mega, L50, M|100/100\n|turn|5\n|\n|t:|1776454560\n|move|p1a: Buzzband|Cross Poison|p2b: Avalugg\n|-damage|p2b: Avalugg|31/100\n|move|p1b: Gary|Dragon Cheer|p1a: Buzzband\n|-start|p1a: Buzzband|move: Dragon Cheer\n|move|p2a: Goodra|Thunder Punch|p1b: Gary\n|-supereffective|p1b: Gary|2\n|-damage|p1b: Gary|0 fnt\n|faint|p1b: Gary\n|move|p2b: Avalugg|Avalanche|p1a: Buzzband\n|-damage|p1a: Buzzband|0 fnt\n|faint|p1a: Buzzband\n|\n|win|Gaby Glytxii\n|raw|Folinglow's rating: 1000 &rarr; <strong>1000</strong><br />(+0 for losing)\n|raw|Gaby Glytxii's rating: 1042 &rarr; <strong>1072</strong><br />(+30 for winning)\n",
  "uploadtime": 1776454676,
  "views": 32,
  "formatid": "gen9championsvgc2026regma",
  "rating": 1000,
  "private": 0,
  "password": null
}