{
  "id": "gen9championsvgc2026regma-2585322683",
  "format": "[Gen 9 Champions] VGC 2026 Reg M-A",
  "players": [
    "Greggae",
    "colfox"
  ],
  "log": "|j|\u2606Greggae\n|j|\u203dcolfox\n|t:|1776337703\n|gametype|doubles\n|player|p1|Greggae|170|1183\n|player|p2|colfox|2|1221\n|gen|9\n|tier|[Gen 9 Champions] VGC 2026 Reg M-A\n|rated|\n|rule|Species Clause: Limit one of each Pok\u00e9mon\n|rule|Item Clause: Limit 1 of each item\n|clearpoke\n|poke|p1|Charizard, L50, F|\n|poke|p1|Incineroar, L50, F|\n|poke|p1|Venusaur, L50, M|\n|poke|p1|Garchomp, L50, F|\n|poke|p1|Milotic, L50, M|\n|poke|p1|Whimsicott, L50, M|\n|poke|p2|Sylveon, L50, F|\n|poke|p2|Garchomp, L50, M|\n|poke|p2|Milotic, L50, M|\n|poke|p2|Ninetales, L50, M|\n|poke|p2|Raichu, L50, F|\n|poke|p2|Scizor, L50, M|\n|teampreview|4\n|j| Golem_xXx\n|\n|t:|1776337744\n|teamsize|p1|4\n|teamsize|p2|4\n|start\n|switch|p1a: Whimsicott|Whimsicott, L50, M|100/100\n|switch|p1b: Charizard|Charizard, L50, F|100/100\n|switch|p2a: Milotic|Milotic, L50, M|100/100\n|switch|p2b: Garchomp|Garchomp, L50, M|100/100\n|turn|1\n|\n|t:|1776337773\n|detailschange|p1b: Charizard|Charizard-Mega-Y, L50, F\n|-mega|p1b: Charizard|Charizard|Charizardite Y\n|-weather|SunnyDay|[from] ability: Drought|[of] p1b: Charizard\n|move|p1a: Whimsicott|Tailwind|p1a: Whimsicott\n|-sidestart|p1: Greggae|move: Tailwind\n|move|p1b: Charizard|Solar Beam||[still]\n|-prepare|p1b: Charizard|Solar Beam\n|-anim|p1b: Charizard|Solar Beam|p2b: Garchomp\n|-damage|p2b: Garchomp|42/100\n|move|p2b: Garchomp|Rock Slide|p1a: Whimsicott|[spread] p1a\n|-miss|p2b: Garchomp|p1b: Charizard\n|-damage|p1a: Whimsicott|75/100\n|move|p2a: Milotic|Icy Wind|p1b: Charizard|[spread] p1a,p1b\n|-supereffective|p1a: Whimsicott|1\n|-crit|p1b: Charizard\n|-damage|p1a: Whimsicott|41/100\n|-damage|p1b: Charizard|81/100\n|-unboost|p1a: Whimsicott|spe|1\n|-unboost|p1b: Charizard|spe|1\n|\n|-weather|SunnyDay|[upkeep]\n|upkeep\n|turn|2\n|\n|t:|1776337799\n|move|p2b: Garchomp|Protect|p2b: Garchomp\n|-singleturn|p2b: Garchomp|Protect\n|move|p1b: Charizard|Solar Beam||[still]\n|-prepare|p1b: Charizard|Solar Beam\n|-anim|p1b: Charizard|Solar Beam|p2a: Milotic\n|-supereffective|p2a: Milotic|1\n|-damage|p2a: Milotic|16/100\n|move|p1a: Whimsicott|Moonblast|p2b: Garchomp\n|-activate|p2b: Garchomp|move: Protect\n|move|p2a: Milotic|Icy Wind|p1b: Charizard|[spread] p1a,p1b\n|-supereffective|p1a: Whimsicott|1\n|-damage|p1a: Whimsicott|6/100\n|-damage|p1b: Charizard|68/100\n|-unboost|p1a: Whimsicott|spe|1\n|-unboost|p1b: Charizard|spe|1\n|\n|-weather|SunnyDay|[upkeep]\n|upkeep\n|turn|3\n|\n|t:|1776337820\n|move|p1a: Whimsicott|Encore|p2b: Garchomp\n|-start|p2b: Garchomp|Encore\n|move|p2b: Garchomp|Protect||[still]\n|-fail|p2b: Garchomp\n|move|p1b: Charizard|Heat Wave|p2a: Milotic|[spread] p2a,p2b\n|-resisted|p2a: Milotic|1\n|-resisted|p2b: Garchomp|1\n|-damage|p2a: Milotic|0 fnt\n|-damage|p2b: Garchomp|5/100\n|-status|p2b: Garchomp|brn\n|faint|p2a: Milotic\n|\n|-weather|SunnyDay|[upkeep]\n|-damage|p2b: Garchomp|0 fnt|[from] brn\n|faint|p2b: Garchomp\n|upkeep\n|\n|t:|1776337836\n|switch|p2b: Raichu|Raichu, L50, F|100/100\n|switch|p2a: Scizor|Scizor, L50, M|100/100\n|turn|4\n|\n|t:|1776337852\n|move|p1a: Whimsicott|Protect|p1a: Whimsicott\n|-singleturn|p1a: Whimsicott|Protect\n|move|p2a: Scizor|Bullet Punch|p1a: Whimsicott\n|-activate|p1a: Whimsicott|move: Protect\n|move|p2b: Raichu|Thunderbolt|p1b: Charizard\n|-supereffective|p1b: Charizard|1\n|-damage|p1b: Charizard|0 fnt\n|faint|p1b: Charizard\n|\n|-weather|SunnyDay|[upkeep]\n|-sideend|p1: Greggae|move: Tailwind\n|upkeep\n|\n|t:|1776337866\n|switch|p1b: Venusaur|Venusaur, L50, M|100/100\n|turn|5\n|\n|t:|1776337878\n|move|p2a: Scizor|Bullet Punch|p1a: Whimsicott\n|-supereffective|p1a: Whimsicott|1\n|-damage|p1a: Whimsicott|0 fnt\n|faint|p1a: Whimsicott\n|move|p1b: Venusaur|Sleep Powder|p2b: Raichu\n|-status|p2b: Raichu|slp|[from] move: Sleep Powder\n|cant|p2b: Raichu|slp\n|\n|-weather|none\n|upkeep\n|\n|t:|1776337888\n|switch|p1a: Milotic|Milotic, L50, M|100/100\n|turn|6\n|\n|t:|1776337901\n|detailschange|p2a: Scizor|Scizor-Mega, L50, M\n|-mega|p2a: Scizor|Scizor|Scizorite\n|cant|p2b: Raichu|slp\n|move|p1b: Venusaur|Sludge Bomb|p2b: Raichu\n|-damage|p2b: Raichu|38/100 slp\n|move|p1a: Milotic|Scald|p2a: Scizor\n|-damage|p2a: Scizor|72/100\n|move|p2a: Scizor|Bug Bite|p1b: Venusaur\n|-damage|p1b: Venusaur|24/100\n|-enditem|p1b: Venusaur|Occa Berry|[from] stealeat|[move] Bug Bite|[of] p2a: Scizor\n|\n|upkeep\n|turn|7\n|\n|t:|1776337931\n|move|p1b: Venusaur|Protect|p1b: Venusaur\n|-singleturn|p1b: Venusaur|Protect\n|move|p2a: Scizor|Bullet Punch|p1b: Venusaur\n|-activate|p1b: Venusaur|move: Protect\n|-curestatus|p2b: Raichu|slp|[msg]\n|move|p2b: Raichu|Thunderbolt|p1a: Milotic\n|-supereffective|p1a: Milotic|1\n|-damage|p1a: Milotic|40/100\n|move|p1a: Milotic|Scald|p2b: Raichu\n|-damage|p2b: Raichu|0 fnt\n|faint|p2b: Raichu\n|\n|-heal|p1a: Milotic|46/100|[from] item: Leftovers\n|upkeep\n|turn|8\n|\n|t:|1776337959\n|move|p2a: Scizor|Bullet Punch|p1b: Venusaur\n|-damage|p1b: Venusaur|0 fnt\n|faint|p1b: Venusaur\n|move|p1a: Milotic|Scald|p2a: Scizor\n|-damage|p2a: Scizor|44/100\n|\n|-heal|p1a: Milotic|52/100|[from] item: Leftovers\n|upkeep\n|turn|9\n|\n|t:|1776337970\n|move|p1a: Milotic|Scald|p2a: Scizor\n|-damage|p2a: Scizor|16/100\n|move|p2a: Scizor|Bug Bite|p1a: Milotic\n|-damage|p1a: Milotic|1/100\n|\n|-heal|p1a: Milotic|7/100|[from] item: Leftovers\n|upkeep\n|turn|10\n|\n|t:|1776337980\n|move|p2a: Scizor|Bullet Punch|p1a: Milotic\n|-resisted|p1a: Milotic|1\n|-damage|p1a: Milotic|0 fnt\n|faint|p1a: Milotic\n|\n|win|colfox\n|raw|Greggae's rating: 1183 &rarr; <strong>1161</strong><br />(-22 for losing)\n|raw|colfox's rating: 1221 &rarr; <strong>1243</strong><br />(+22 for winning)\n",
  "uploadtime": 1776337992,
  "views": 38,
  "formatid": "gen9championsvgc2026regma",
  "rating": 1161,
  "private": 0,
  "password": null
}