{
  "id": "gen9championsvgc2026regma-2586676833",
  "format": "[Gen 9 Champions] VGC 2026 Reg M-A",
  "players": [
    "marugod97",
    "sobble7"
  ],
  "log": "|j|\u2606marugod97\n|j|\u2606sobble7\n|t:|1776451311\n|gametype|doubles\n|player|p1|marugod97|gambler|1128\n|player|p2|sobble7|102|1096\n|gen|9\n|tier|[Gen 9 Champions] VGC 2026 Reg M-A\n|rated|\n|rule|Species Clause: Limit one of each Pok\u00e9mon\n|rule|Item Clause: Limit 1 of each item\n|clearpoke\n|poke|p1|Kangaskhan, L50, F|\n|poke|p1|Aerodactyl, L50, F|\n|poke|p1|Sneasler, L50, F|\n|poke|p1|Milotic, L50, F|\n|poke|p1|Froslass, L50, F|\n|poke|p1|Sinistcha, L50|\n|poke|p2|Hydreigon, L50, M|\n|poke|p2|Sneasler, L50, M|\n|poke|p2|Aerodactyl, L50, M|\n|poke|p2|Sinistcha, L50|\n|poke|p2|Garchomp, L50, F|\n|poke|p2|Rotom-Wash, L50|\n|teampreview|4\n|inactive|Battle timer is ON: inactive players will automatically lose when time's up. (requested by sobble7)\n|inactive|marugod97 has 60 seconds left.\n|inactive|sobble7 has 60 seconds left.\n|\n|t:|1776451377\n|teamsize|p1|4\n|teamsize|p2|4\n|start\n|switch|p1a: Maru-Chan|Sinistcha, L50|100/100\n|switch|p1b: Pterodactyl|Aerodactyl, L50, F|100/100\n|switch|p2a: Aerodactyl|Aerodactyl, L50, M|100/100\n|switch|p2b: Hydreigon|Hydreigon, L50, M|100/100\n|-ability|p1b: Pterodactyl|Unnerve\n|-ability|p2a: Aerodactyl|Unnerve\n|turn|1\n|inactive|marugod97 has 30 seconds left.\n|inactive|sobble7 has 30 seconds left.\n|inactive|marugod97 has 20 seconds left.\n|inactive|sobble7 has 20 seconds left.\n|inactive|sobble7 has 15 seconds left.\n|inactive|sobble7 has 10 seconds left.\n|inactive|sobble7 has 5 seconds left.\n|\n|t:|1776451437\n|move|p1a: Maru-Chan|Protect|p1a: Maru-Chan\n|-singleturn|p1a: Maru-Chan|Protect\n|move|p1b: Pterodactyl|Taunt|p2a: Aerodactyl\n|-start|p2a: Aerodactyl|move: Taunt\n|move|p2a: Aerodactyl|Dual Wingbeat|p1b: Pterodactyl\n|-resisted|p1b: Pterodactyl|1\n|-damage|p1b: Pterodactyl|85/100\n|-resisted|p1b: Pterodactyl|1\n|-damage|p1b: Pterodactyl|71/100\n|-hitcount|p1b: Pterodactyl|2\n|move|p2b: Hydreigon|Focus Energy|p2b: Hydreigon\n|-start|p2b: Hydreigon|move: Focus Energy\n|\n|upkeep\n|turn|2\n|inactive|sobble7 has 30 seconds left.\n|inactive|sobble7 has 20 seconds left.\n|\n|t:|1776451473\n|detailschange|p2a: Aerodactyl|Aerodactyl-Mega, L50, M\n|-mega|p2a: Aerodactyl|Aerodactyl|Aerodactylite\n|move|p2a: Aerodactyl|Rock Slide|p1b: Pterodactyl|[spread] p1b\n|-miss|p2a: Aerodactyl|p1a: Maru-Chan\n|-supereffective|p1b: Pterodactyl|1\n|-damage|p1b: Pterodactyl|0 fnt\n|faint|p1b: Pterodactyl\n|move|p2b: Hydreigon|Draco Meteor|p1a: Maru-Chan\n|-crit|p1a: Maru-Chan\n|-damage|p1a: Maru-Chan|6/100\n|-unboost|p2b: Hydreigon|spa|2\n|move|p1a: Maru-Chan|Strength Sap|p2a: Aerodactyl\n|-unboost|p2a: Aerodactyl|atk|1\n|-heal|p1a: Maru-Chan|100/100\n|\n|upkeep\n|\n|t:|1776451495\n|switch|p1b: Yokai|Froslass, L50, F|100/100\n|turn|3\n|\n|t:|1776451506\n|switch|p2a: Sneasler|Sneasler, L50, M|100/100\n|move|p1b: Yokai|Protect|p1b: Yokai\n|-singleturn|p1b: Yokai|Protect\n|move|p2b: Hydreigon|Draco Meteor|p1b: Yokai\n|-activate|p1b: Yokai|move: Protect\n|move|p1a: Maru-Chan|Strength Sap|p2a: Sneasler\n|-unboost|p2a: Sneasler|atk|1\n|-enditem|p2a: Sneasler|White Herb\n|-clearnegativeboost|p2a: Sneasler|[silent]\n|\n|upkeep\n|turn|4\n|\n|t:|1776451528\n|detailschange|p1b: Yokai|Froslass-Mega, L50, F\n|-mega|p1b: Yokai|Froslass|Froslassite\n|-weather|Snowscape|[from] ability: Snow Warning|[of] p1b: Yokai\n|move|p1a: Maru-Chan|Rage Powder|p1a: Maru-Chan\n|-singleturn|p1a: Maru-Chan|move: Rage Powder\n|move|p2a: Sneasler|Dire Claw|p1a: Maru-Chan\n|-damage|p1a: Maru-Chan|65/100\n|move|p1b: Yokai|Aurora Veil|p1b: Yokai\n|-sidestart|p1: marugod97|move: Aurora Veil\n|move|p2b: Hydreigon|Draco Meteor|p1a: Maru-Chan\n|-crit|p1a: Maru-Chan\n|-damage|p1a: Maru-Chan|0 fnt\n|-unboost|p2b: Hydreigon|spa|2\n|faint|p1a: Maru-Chan\n|\n|-weather|Snowscape|[upkeep]\n|upkeep\n|\n|t:|1776451541\n|switch|p1a: Luki&Matt|Kangaskhan, L50, F|100/100\n|turn|5\n|\n|t:|1776451554\n|move|p1a: Luki&Matt|Fake Out|p2a: Sneasler\n|-damage|p2a: Sneasler|74/100\n|cant|p2a: Sneasler|flinch\n|move|p1b: Yokai|Blizzard|p2b: Hydreigon|[spread] p2a,p2b\n|-supereffective|p2b: Hydreigon|1\n|-damage|p2a: Sneasler|10/100\n|-damage|p2b: Hydreigon|3/100\n|move|p2b: Hydreigon|Draco Meteor|p1b: Yokai\n|-crit|p1b: Yokai\n|-damage|p1b: Yokai|0 fnt\n|-unboost|p2b: Hydreigon|spa|2\n|faint|p1b: Yokai\n|\n|-weather|Snowscape|[upkeep]\n|upkeep\n|turn|6\n|\n|t:|1776451569\n|move|p1a: Luki&Matt|Sucker Punch|p2a: Sneasler\n|-resisted|p2a: Sneasler|1\n|-damage|p2a: Sneasler|0 fnt\n|faint|p2a: Sneasler\n|move|p2b: Hydreigon|Draco Meteor|p1a: Luki&Matt|[miss]\n|-miss|p2b: Hydreigon|p1a: Luki&Matt\n|\n|-weather|Snowscape|[upkeep]\n|upkeep\n|\n|t:|1776451584\n|switch|p2a: Aerodactyl|Aerodactyl-Mega, L50, M|100/100\n|turn|7\n|\n|t:|1776451588\n|move|p2a: Aerodactyl|Dual Wingbeat|p1a: Luki&Matt|[miss]\n|-miss|p2a: Aerodactyl|p1a: Luki&Matt\n|move|p1a: Luki&Matt|Double-Edge|p2a: Aerodactyl\n|-resisted|p2a: Aerodactyl|1\n|-damage|p2a: Aerodactyl|68/100\n|-damage|p1a: Luki&Matt|91/100|[from] Recoil\n|move|p2b: Hydreigon|Draco Meteor|p1a: Luki&Matt\n|-crit|p1a: Luki&Matt\n|-damage|p1a: Luki&Matt|0 fnt\n|faint|p1a: Luki&Matt\n|\n|win|sobble7\n|raw|marugod97's rating: 1150 &rarr; <strong>1121</strong><br />(-29 for losing)\n|raw|sobble7's rating: 1096 &rarr; <strong>1126</strong><br />(+30 for winning)\n",
  "uploadtime": 1776451601,
  "views": 43,
  "formatid": "gen9championsvgc2026regma",
  "rating": 1121,
  "private": 0,
  "password": null
}