{
  "id": "gen9championsvgc2026regma-2588409825",
  "format": "[Gen 9 Champions] VGC 2026 Reg M-A",
  "players": [
    "rockyredstone",
    "Hellothisisatest"
  ],
  "log": "|j|\u2606rockyredstone\n|j|\u2606Hellothisisatest\n|html|<table width=\"100%\"><tr><td align=\"left\">rockyredstone</td><td align=\"right\">Hellothisisatest</tr><tr><td align=\"left\"><i class=\"fa fa-circle\"></i> <i class=\"fa fa-circle-o\"></i> </td><td align=\"right\"><i class=\"fa fa-circle-o\"></i> <i class=\"fa fa-circle-o\"></i> </tr></table>\n|uhtml|bestof|<h2><strong>Game 2</strong> of <a href=\"/game-bestof3-gen9championsvgc2026regma-2588405762\">a best-of-3</a></h2>\n|t:|1776631130\n|gametype|doubles\n|player|p1|rockyredstone|winona|\n|player|p2|Hellothisisatest|lucas|\n|gen|9\n|tier|[Gen 9 Champions] VGC 2026 Reg M-A\n|rule|Species Clause: Limit one of each Pok\u00e9mon\n|rule|Item Clause: Limit 1 of each item\n|raw|<div class=\"infobox\"><details class=\"readmore\" open><summary><strong>1 custom rule:</strong></summary> Best of = 3</details></div>\n|clearpoke\n|poke|p1|Meowscarada, L50, F|\n|poke|p1|Victreebel, L50, F|\n|poke|p1|Venusaur, L50, F|\n|poke|p1|Whimsicott, L50, F|\n|poke|p1|Decidueye-Hisui, L50, F|\n|poke|p1|Tsareena, L50, F|\n|poke|p2|Aerodactyl, L50, M, shiny|\n|poke|p2|Politoed, L50, F, shiny|\n|poke|p2|Basculegion, L50, M|\n|poke|p2|Tinkaton, L50, F|\n|poke|p2|Archaludon, L50, M|\n|poke|p2|Altaria, L50, M|\n|teampreview|4\n|inactive|Battle timer is ON: inactive players will automatically lose when time's up. (requested by Hellothisisatest)\n|j| JustBerry38\n|\n|t:|1776631161\n|teamsize|p1|4\n|teamsize|p2|4\n|start\n|switch|p1a: Meowscarada|Meowscarada, L50, F|100/100\n|switch|p1b: Venusaur|Venusaur, L50, F|100/100\n|switch|p2a: Tinkerbell|Tinkaton, L50, F|100/100\n|switch|p2b: Stapler|Archaludon, L50, M|100/100\n|-ability|p2a: Tinkerbell|Mold Breaker\n|turn|1\n|\n|t:|1776631177\n|switch|p1a: Tsareena|Tsareena, L50, F|100/100\n|detailschange|p1b: Venusaur|Venusaur-Mega, L50, F\n|-mega|p1b: Venusaur|Venusaur|Venusaurite\n|move|p2a: Tinkerbell|Fake Out|p1b: Venusaur\n|-damage|p1b: Venusaur|92/100\n|move|p2b: Stapler|Aura Sphere|p1a: Tsareena\n|-damage|p1a: Tsareena|67/100\n|cant|p1b: Venusaur|flinch\n|\n|upkeep\n|turn|2\n|c| JustBerry38|Mold Breaker\n|c|\u2606rockyredstone|huh?\n|c| JustBerry38|damn\n|c|\u2606rockyredstone|oooooooooooohhhhhh\n|inactive|rockyredstone has 30 seconds left.\n|l| JustBerry38\n|inactive|rockyredstone has 20 seconds left.\n|j| JustBerry38\n|\n|t:|1776631214\n|move|p1a: Tsareena|High Jump Kick|p2b: Stapler\n|-supereffective|p2b: Stapler|1\n|-damage|p2b: Stapler|17/100\n|-enditem|p2b: Stapler|Sitrus Berry|[eat]\n|-heal|p2b: Stapler|42/100|[from] item: Sitrus Berry\n|move|p2b: Stapler|Flash Cannon|p1a: Tsareena\n|-damage|p1a: Tsareena|15/100\n|move|p2a: Tinkerbell|Gigaton Hammer|p1b: Venusaur\n|-damage|p1b: Venusaur|34/100\n|move|p1b: Venusaur|Earth Power|p2a: Tinkerbell\n|-supereffective|p2a: Tinkerbell|1\n|-damage|p2a: Tinkerbell|42/100\n|\n|upkeep\n|turn|3\n|\n|t:|1776631236\n|switch|p2b: LaGrenouille|Politoed, L50, F, shiny|100/100\n|-weather|RainDance|[from] ability: Drizzle|[of] p2b: LaGrenouille\n|move|p1a: Tsareena|High Jump Kick|p2a: Tinkerbell\n|-damage|p2a: Tinkerbell|0 fnt\n|faint|p2a: Tinkerbell\n|move|p1b: Venusaur|Earth Power|p2b: LaGrenouille\n|-damage|p2b: LaGrenouille|73/100\n|\n|-weather|RainDance|[upkeep]\n|-heal|p2b: LaGrenouille|79/100|[from] item: Leftovers\n|upkeep\n|\n|t:|1776631244\n|switch|p2a: Altaria|Altaria, L50, M|100/100\n|turn|4\n|\n|t:|1776631256\n|detailschange|p2a: Altaria|Altaria-Mega, L50, M\n|-mega|p2a: Altaria|Altaria|Altarianite\n|move|p1a: Tsareena|High Jump Kick|p2b: LaGrenouille\n|-damage|p2b: LaGrenouille|37/100\n|move|p2a: Altaria|Ice Beam|p1b: Venusaur\n|-supereffective|p1b: Venusaur|1\n|-damage|p1b: Venusaur|7/100\n|move|p1b: Venusaur|Sleep Powder|p2a: Altaria\n|-status|p2a: Altaria|slp|[from] move: Sleep Powder\n|move|p2b: LaGrenouille|Icy Wind|p1a: Tsareena|[spread] p1a,p1b\n|-supereffective|p1a: Tsareena|1\n|-supereffective|p1b: Venusaur|1\n|-damage|p1a: Tsareena|0 fnt\n|-damage|p1b: Venusaur|0 fnt\n|faint|p1a: Tsareena\n|faint|p1b: Venusaur\n|\n|-weather|RainDance|[upkeep]\n|-heal|p2b: LaGrenouille|43/100|[from] item: Leftovers\n|upkeep\n|\n|t:|1776631263\n|switch|p1a: Whimsicott|Whimsicott, L50, F|100/100\n|switch|p1b: Meowscarada|Meowscarada, L50, F|100/100\n|turn|5\n|inactive|Hellothisisatest has 30 seconds left.\n|\n|t:|1776631291\n|switch|p2b: Stapler|Archaludon, L50, M|42/100\n|move|p1b: Meowscarada|Bullet Seed|p2b: Stapler\n|-start|p1b: Meowscarada|typechange|Grass|[from] ability: Protean\n|-resisted|p2b: Stapler|2\n|-damage|p2b: Stapler|39/100\n|-resisted|p2b: Stapler|2\n|-crit|p2b: Stapler\n|-damage|p2b: Stapler|34/100\n|-resisted|p2b: Stapler|2\n|-damage|p2b: Stapler|31/100\n|-resisted|p2b: Stapler|2\n|-damage|p2b: Stapler|28/100\n|-hitcount|p2b: Stapler|4\n|move|p1a: Whimsicott|Moonblast|p2a: Altaria\n|-supereffective|p2a: Altaria|1\n|-damage|p2a: Altaria|36/100 slp\n|cant|p2a: Altaria|slp\n|\n|-weather|RainDance|[upkeep]\n|upkeep\n|turn|6\n|inactive|rockyredstone has 30 seconds left.\n|inactive|Hellothisisatest has 30 seconds left.\n|\n|t:|1776631318\n|cant|p2a: Altaria|slp\n|move|p1b: Meowscarada|Brick Break|p2b: Stapler\n|-supereffective|p2b: Stapler|1\n|-damage|p2b: Stapler|0 fnt\n|faint|p2b: Stapler\n|move|p1a: Whimsicott|Moonblast|p2a: Altaria\n|-supereffective|p2a: Altaria|1\n|-damage|p2a: Altaria|0 fnt\n|faint|p2a: Altaria\n|\n|-weather|RainDance|[upkeep]\n|upkeep\n|\n|t:|1776631323\n|switch|p2b: LaGrenouille|Politoed, L50, F, shiny|43/100\n|turn|7\n|\n|t:|1776631330\n|move|p1b: Meowscarada|Bullet Seed|p2b: LaGrenouille\n|-supereffective|p2b: LaGrenouille|1\n|-damage|p2b: LaGrenouille|19/100\n|-supereffective|p2b: LaGrenouille|1\n|-damage|p2b: LaGrenouille|0 fnt\n|faint|p2b: LaGrenouille\n|-hitcount|p2: LaGrenouille|2\n|\n|win|rockyredstone\n|c|\u2606rockyredstone|gg\n|c|\u2606Hellothisisatest|Damn\n|c|\u2606Hellothisisatest|gg\n|c| JustBerry38|Ggs\n|c|\u2606rockyredstone|You failed to obtain the Leaf badge\n|c|\u2606Hellothisisatest|\ud83d\ude2d\n|c| JustBerry38|LMAO\n",
  "uploadtime": 1776631396,
  "views": 39,
  "formatid": "gen9championsvgc2026regma",
  "rating": null,
  "private": 0,
  "password": null
}