{
  "id": "gen9championsvgc2026regma-2584085250",
  "format": "[Gen 9 Champions] VGC 2026 Reg M-A",
  "players": [
    "vnunesp12",
    "Armai"
  ],
  "log": "|j|\u2606vnunesp12\n|j|\u2606Armai\n|t:|1776223584\n|gametype|doubles\n|player|p1|vnunesp12|red|1125\n|player|p2|Armai|101|1043\n|gen|9\n|tier|[Gen 9 Champions] VGC 2026 Reg M-A\n|rated|\n|rule|Species Clause: Limit one of each Pok\u00e9mon\n|rule|Item Clause: Limit 1 of each item\n|clearpoke\n|poke|p1|Manectric, L50, M|\n|poke|p1|Pelipper, L50, M|\n|poke|p1|Sinistcha, L50|\n|poke|p1|Basculegion, L50, M|\n|poke|p1|Sneasler, L50, M|\n|poke|p1|Kingambit, L50, M|\n|poke|p2|Meganium, L50, M|\n|poke|p2|Aerodactyl, L50, M|\n|poke|p2|Incineroar, L50, F|\n|poke|p2|Palafin, L50, F|\n|poke|p2|Sinistcha-Masterpiece, L50|\n|poke|p2|Crabominable, L50, M|\n|teampreview|4\n|inactive|Battle timer is ON: inactive players will automatically lose when time's up. (requested by Armai)\nArmai has agreed to open team sheets.\n|inactive|vnunesp12 has 60 seconds left.\n|inactive|Armai has 60 seconds left.\n|\n|t:|1776223641\n|teamsize|p1|4\n|teamsize|p2|4\n|start\n|switch|p1a: \u00c9verton Ribeiro|Pelipper, L50, M|100/100\n|switch|p1b: Luciano Juba|Manectric, L50, M|100/100\n|switch|p2a: Aerodactyl|Aerodactyl, L50, M|100/100\n|switch|p2b: Meganium|Meganium, L50, M|100/100\n|-ability|p2a: Aerodactyl|Unnerve\n|-weather|RainDance|[from] ability: Drizzle|[of] p1a: \u00c9verton Ribeiro\n|turn|1\n|inactive|Armai has 30 seconds left.\n|inactive|Armai has 20 seconds left.\n|inactive|Armai has 15 seconds left.\n|inactive|Armai has 10 seconds left.\n|\n|t:|1776223690\n|detailschange|p1b: Luciano Juba|Manectric-Mega, L50, M\n|-mega|p1b: Luciano Juba|Manectric|Manectite\n|-ability|p1b: Luciano Juba|Intimidate|boost\n|-unboost|p2a: Aerodactyl|atk|1\n|-unboost|p2b: Meganium|atk|1\n|detailschange|p2b: Meganium|Meganium-Mega, L50, M\n|-mega|p2b: Meganium|Meganium|Meganiumite\n|move|p2a: Aerodactyl|Tailwind|p2a: Aerodactyl\n|-sidestart|p2: Armai|move: Tailwind\n|move|p2b: Meganium|Solar Beam||[still]\n|-prepare|p2b: Meganium|Solar Beam\n|-activate|p2b: Meganium|ability: Mega Sol\n|-anim|p2b: Meganium|Solar Beam|p1b: Luciano Juba\n|-crit|p1b: Luciano Juba\n|-damage|p1b: Luciano Juba|0 fnt\n|faint|p1b: Luciano Juba\n|move|p1a: \u00c9verton Ribeiro|Hurricane|p2b: Meganium\n|-supereffective|p2b: Meganium|1\n|-damage|p2b: Meganium|19/100\n|\n|-weather|RainDance|[upkeep]\n|upkeep\n|\n|t:|1776223710\n|switch|p1b: Pulga|Sneasler, L50, M|100/100\n|turn|2\n|\n|t:|1776223723\n|move|p2b: Meganium|Protect|p2b: Meganium\n|-singleturn|p2b: Meganium|Protect\n|move|p1b: Pulga|Fake Out|p2b: Meganium\n|-activate|p2b: Meganium|move: Protect\n|move|p2a: Aerodactyl|Rock Slide|p1a: \u00c9verton Ribeiro|[spread] p1a,p1b\n|-supereffective|p1a: \u00c9verton Ribeiro|1\n|-resisted|p1b: Pulga|1\n|-damage|p1a: \u00c9verton Ribeiro|64/100\n|-damage|p1b: Pulga|87/100\n|move|p1a: \u00c9verton Ribeiro|Hurricane|p2b: Meganium\n|-activate|p2b: Meganium|move: Protect\n|\n|-weather|RainDance|[upkeep]\n|upkeep\n|turn|3\n|\n|t:|1776223743\n|switch|p2b: Palafin|Palafin, L50, F|100/100\n|move|p1b: Pulga|Protect|p1b: Pulga\n|-singleturn|p1b: Pulga|Protect\n|move|p2a: Aerodactyl|Dual Wingbeat|p1b: Pulga\n|-activate|p1b: Pulga|move: Protect\n|move|p1a: \u00c9verton Ribeiro|Tailwind|p1a: \u00c9verton Ribeiro\n|-sidestart|p1: vnunesp12|move: Tailwind\n|\n|-weather|RainDance|[upkeep]\n|upkeep\n|turn|4\n|inactive|vnunesp12 has 30 seconds left.\n|inactive|Armai has 30 seconds left.\n|\n|t:|1776223774\n|move|p2a: Aerodactyl|Dual Wingbeat|p1b: Pulga|[miss]\n|-miss|p2a: Aerodactyl|p1b: Pulga\n|move|p1b: Pulga|Dire Claw|p2a: Aerodactyl\n|-resisted|p2a: Aerodactyl|1\n|-damage|p2a: Aerodactyl|68/100\n|move|p2b: Palafin|Flip Turn|p1b: Pulga\n|-damage|p1b: Pulga|15/100\n|\n|t:|1776223799\n|detailschange|p2b: Palafin|Palafin-Hero, L50, F\n|switch|p2b: Sinistcha|Sinistcha-Masterpiece, L50|100/100|[from] Flip Turn\n|-heal|p2a: Aerodactyl|93/100|[from] ability: Hospitality|[of] p2b: Sinistcha\n|move|p1a: \u00c9verton Ribeiro|Weather Ball|p2a: Aerodactyl\n|-supereffective|p2a: Aerodactyl|1\n|-damage|p2a: Aerodactyl|0 fnt\n|faint|p2a: Aerodactyl\n|\n|-weather|RainDance|[upkeep]\n|-sideend|p2: Armai|move: Tailwind\n|upkeep\n|\n|t:|1776223811\n|switch|p2a: Palafin|Palafin-Hero, L50, F|100/100\n|-activate|p2a: Palafin|ability: Zero to Hero\n|turn|5\n|inactive|Armai has 30 seconds left.\n|\n|t:|1776223836\n|move|p2a: Palafin|Aqua Jet|p1b: Pulga\n|-damage|p1b: Pulga|0 fnt\n|faint|p1b: Pulga\n|move|p1a: \u00c9verton Ribeiro|Hurricane|p2b: Sinistcha\n|-supereffective|p2b: Sinistcha|1\n|-damage|p2b: Sinistcha|9/100\n|move|p2b: Sinistcha|Matcha Gotcha|p1a: \u00c9verton Ribeiro\n|-damage|p1a: \u00c9verton Ribeiro|23/100\n|-heal|p2b: Sinistcha|27/100|[from] drain|[of] p1a: \u00c9verton Ribeiro\n|\n|-weather|none\n|-heal|p2b: Sinistcha|33/100|[from] item: Leftovers\n|upkeep\n|\n|t:|1776223851\n|switch|p1b: Jean Lucas|Basculegion, L50, M|100/100\n|turn|6\n|inactive|Armai has 30 seconds left.\n|\n|t:|1776223877\n|move|p1a: \u00c9verton Ribeiro|Protect|p1a: \u00c9verton Ribeiro\n|-singleturn|p1a: \u00c9verton Ribeiro|Protect\n|move|p1b: Jean Lucas|Last Respects|p2b: Sinistcha\n|-supereffective|p2b: Sinistcha|1\n|-damage|p2b: Sinistcha|0 fnt\n|faint|p2b: Sinistcha\n|move|p2a: Palafin|Flip Turn|p1a: \u00c9verton Ribeiro\n|-activate|p1a: \u00c9verton Ribeiro|move: Protect\n|\n|-sideend|p1: vnunesp12|move: Tailwind\n|upkeep\n|\n|t:|1776223886\n|switch|p2b: Meganium|Meganium-Mega, L50, M|19/100\n|turn|7\n|\n|t:|1776223905\n|move|p1b: Jean Lucas|Last Respects|p2b: Meganium\n|-damage|p2b: Meganium|0 fnt\n|faint|p2b: Meganium\n|move|p2a: Palafin|Wave Crash|p1a: \u00c9verton Ribeiro\n|-resisted|p1a: \u00c9verton Ribeiro|1\n|-damage|p1a: \u00c9verton Ribeiro|0 fnt\n|faint|p1a: \u00c9verton Ribeiro\n|-damage|p2a: Palafin|94/100|[from] Recoil\n|\n|upkeep\n|turn|8\n|\n|t:|1776223916\n|move|p1b: Jean Lucas|Last Respects|p2a: Palafin\n|-damage|p2a: Palafin|0 fnt\n|faint|p2a: Palafin\n|\n|win|vnunesp12\n|raw|vnunesp12's rating: 1125 &rarr; <strong>1144</strong><br />(+19 for winning)\n|raw|Armai's rating: 1043 &rarr; <strong>1030</strong><br />(-13 for losing)\n|l|\u2606Armai\n|player|p2|\n",
  "uploadtime": 1776223934,
  "views": 24,
  "formatid": "gen9championsvgc2026regma",
  "rating": 1030,
  "private": 0,
  "password": null
}