{
  "id": "gen9championsvgc2026regma-2585529646",
  "format": "[Gen 9 Champions] VGC 2026 Reg M-A",
  "players": [
    "Cabin6",
    "melon storme"
  ],
  "log": "|j|\u2606Cabin6\n|j|\u2606melon storme\n|t:|1776353615\n|gametype|doubles\n|player|p1|Cabin6|roxie|1368\n|player|p2|melon storme|kieran-festival|1323\n|gen|9\n|tier|[Gen 9 Champions] VGC 2026 Reg M-A\n|rated|\n|rule|Species Clause: Limit one of each Pok\u00e9mon\n|rule|Item Clause: Limit 1 of each item\n|clearpoke\n|poke|p1|Delphox, L50, F|\n|poke|p1|Kingambit, L50, F|\n|poke|p1|Sneasler, L50, M|\n|poke|p1|Dragonite, L50, M|\n|poke|p1|Clefable, L50, F|\n|poke|p1|Basculegion, L50, M|\n|poke|p2|Kingambit, L50, M|\n|poke|p2|Zoroark-Hisui, L50, M|\n|poke|p2|Froslass, L50, F|\n|poke|p2|Beartic, L50, M|\n|poke|p2|Primarina, L50, F|\n|poke|p2|Sneasler, L50, F|\n|teampreview|4\n|inactive|Battle timer is ON: inactive players will automatically lose when time's up. (requested by Cabin6)\n|inactive|Cabin6 has 30 seconds left.\n|inactive|melon storme has 60 seconds left.\n|inactive|Cabin6 has 20 seconds left.\nmelon storme has agreed to open team sheets.\n|\n|t:|1776353689\n|teamsize|p1|4\n|teamsize|p2|4\n|start\n|switch|p1a: Abdur's Aura|Sneasler, L50, M|100/100\n|switch|p1b: Foxpii's Blessing|Delphox, L50, F|100/100\n|switch|p2a: Froslass|Froslass, L50, F|100/100\n|switch|p2b: Sneasler|Sneasler, L50, F|100/100\n|turn|1\n|inactive|Cabin6 has 30 seconds left.\n|\n|t:|1776353721\n|detailschange|p1b: Foxpii's Blessing|Delphox-Mega, L50, F\n|-mega|p1b: Foxpii's Blessing|Delphox|Delphoxite\n|move|p1b: Foxpii's Blessing|Protect|p1b: Foxpii's Blessing\n|-singleturn|p1b: Foxpii's Blessing|Protect\n|move|p2b: Sneasler|Fake Out|p1a: Abdur's Aura\n|-damage|p1a: Abdur's Aura|74/100\n|cant|p1a: Abdur's Aura|flinch\n|move|p2a: Froslass|Shadow Ball|p1b: Foxpii's Blessing\n|-activate|p1b: Foxpii's Blessing|move: Protect\n|\n|upkeep\n|turn|2\n|inactive|Cabin6 has 30 seconds left.\n|\n|t:|1776353748\n|move|p1b: Foxpii's Blessing|Heat Wave|p2b: Sneasler|[spread] p2a,p2b\n|-damage|p2a: Froslass|12/100\n|-damage|p2b: Sneasler|39/100\n|replace|p2a: Zoroark|Zoroark-Hisui, L50, M\n|-end|p2a: Zoroark|Illusion\n|move|p1a: Abdur's Aura|Dire Claw|p2a: Zoroark\n|-resisted|p2a: Zoroark|1\n|-damage|p2a: Zoroark|0 fnt\n|faint|p2a: Zoroark\n|move|p2b: Sneasler|Close Combat|p1b: Foxpii's Blessing\n|-resisted|p1b: Foxpii's Blessing|1\n|-damage|p1b: Foxpii's Blessing|45/100\n|-unboost|p2b: Sneasler|def|1\n|-unboost|p2b: Sneasler|spd|1\n|-enditem|p2b: Sneasler|White Herb\n|-clearnegativeboost|p2b: Sneasler|[silent]\n|\n|upkeep\n|\n|t:|1776353763\n|switch|p2a: Kingambit|Kingambit, L50, M|100/100\n|turn|3\n|\n|t:|1776353786\n|move|p2b: Sneasler|Protect|p2b: Sneasler\n|-singleturn|p2b: Sneasler|Protect\n|move|p2a: Kingambit|Protect|p2a: Kingambit\n|-singleturn|p2a: Kingambit|Protect\n|move|p1b: Foxpii's Blessing|Substitute|p1b: Foxpii's Blessing\n|-start|p1b: Foxpii's Blessing|Substitute\n|-damage|p1b: Foxpii's Blessing|20/100\n|move|p1a: Abdur's Aura|Close Combat|p2a: Kingambit\n|-activate|p2a: Kingambit|move: Protect\n|\n|upkeep\n|turn|4\n|\n|t:|1776353809\n|switch|p1a: Aaron's Legion|Basculegion, L50, M|100/100\n|move|p2a: Kingambit|Sucker Punch||[still]\n|-fail|p2a: Kingambit\n|move|p2b: Sneasler|Close Combat|p1b: Foxpii's Blessing\n|-resisted|p1b: Foxpii's Blessing|1\n|-end|p1b: Foxpii's Blessing|Substitute\n|-unboost|p2b: Sneasler|def|1\n|-unboost|p2b: Sneasler|spd|1\n|move|p1b: Foxpii's Blessing|Heat Wave|p2b: Sneasler|[spread] p2b\n|-miss|p1b: Foxpii's Blessing|p2a: Kingambit\n|-damage|p2b: Sneasler|0 fnt\n|faint|p2b: Sneasler\n|\n|upkeep\n|\n|t:|1776353811\n|switch|p2b: Froslass|Froslass, L50, F|100/100\n|turn|5\n|\n|t:|1776353835\n|switch|p1a: Abdur's Aura|Sneasler, L50, M|74/100\n|detailschange|p2b: Froslass|Froslass-Mega, L50, F\n|-mega|p2b: Froslass|Froslass|Froslassite\n|-weather|Snowscape|[from] ability: Snow Warning|[of] p2b: Froslass\n|move|p1b: Foxpii's Blessing|Protect|p1b: Foxpii's Blessing\n|-singleturn|p1b: Foxpii's Blessing|Protect\n|move|p2a: Kingambit|Sucker Punch||[still]\n|-fail|p2a: Kingambit\n|move|p2b: Froslass|Shadow Ball|p1a: Abdur's Aura\n|-damage|p1a: Abdur's Aura|15/100\n|\n|-weather|Snowscape|[upkeep]\n|upkeep\n|turn|6\n|\n|t:|1776353853\n|move|p2b: Froslass|Protect|p2b: Froslass\n|-singleturn|p2b: Froslass|Protect\n|move|p2a: Kingambit|Protect|p2a: Kingambit\n|-singleturn|p2a: Kingambit|Protect\n|move|p1a: Abdur's Aura|Fake Out|p2a: Kingambit\n|-activate|p2a: Kingambit|move: Protect\n|move|p1b: Foxpii's Blessing|Heat Wave|p2b: Froslass|[spread] \n|-activate|p2a: Kingambit|move: Protect\n|-activate|p2b: Froslass|move: Protect\n|\n|-weather|Snowscape|[upkeep]\n|upkeep\n|turn|7\n|\n|t:|1776353869\n|move|p1b: Foxpii's Blessing|Protect|p1b: Foxpii's Blessing\n|-singleturn|p1b: Foxpii's Blessing|Protect\n|move|p2a: Kingambit|Sucker Punch|p1a: Abdur's Aura\n|-resisted|p1a: Abdur's Aura|1\n|-damage|p1a: Abdur's Aura|0 fnt\n|faint|p1a: Abdur's Aura\n|move|p2b: Froslass|Aurora Veil|p2b: Froslass\n|-sidestart|p2: melon storme|move: Aurora Veil\n|\n|-weather|Snowscape|[upkeep]\n|upkeep\n|\n|t:|1776353877\n|switch|p1a: Qewwnkimi|Kingambit, L50, F|100/100\n|turn|8\n|\n|t:|1776353889\n|switch|p1b: Aaron's Legion|Basculegion, L50, M|100/100\n|move|p2b: Froslass|Blizzard|p1a: Qewwnkimi|[spread] p1a,p1b\n|-resisted|p1a: Qewwnkimi|1\n|-resisted|p1b: Aaron's Legion|1\n|-damage|p1a: Qewwnkimi|79/100\n|-damage|p1b: Aaron's Legion|75/100\n|move|p1a: Qewwnkimi|Kowtow Cleave|p2b: Froslass\n|-supereffective|p2b: Froslass|1\n|-damage|p2b: Froslass|28/100\n|move|p2a: Kingambit|Swords Dance|p2a: Kingambit\n|-boost|p2a: Kingambit|atk|2\n|\n|-weather|Snowscape|[upkeep]\n|upkeep\n|turn|9\n|\n|t:|1776353910\n|move|p1b: Aaron's Legion|Aqua Jet|p2b: Froslass\n|-damage|p2b: Froslass|12/100\n|move|p2b: Froslass|Shadow Ball|p1b: Aaron's Legion\n|-supereffective|p1b: Aaron's Legion|1\n|-damage|p1b: Aaron's Legion|0 fnt\n|faint|p1b: Aaron's Legion\n|move|p2a: Kingambit|Kowtow Cleave|p1a: Qewwnkimi\n|-resisted|p1a: Qewwnkimi|1\n|-damage|p1a: Qewwnkimi|43/100\n|move|p1a: Qewwnkimi|Swords Dance|p1a: Qewwnkimi\n|-boost|p1a: Qewwnkimi|atk|2\n|\n|-weather|none\n|upkeep\n|\n|t:|1776353922\n|switch|p1b: Foxpii's Blessing|Delphox-Mega, L50, F|20/100\n|turn|10\n|\n|t:|1776353946\n|move|p1b: Foxpii's Blessing|Protect|p1b: Foxpii's Blessing\n|-singleturn|p1b: Foxpii's Blessing|Protect\n|move|p2b: Froslass|Protect|p2b: Froslass\n|-singleturn|p2b: Froslass|Protect\n|move|p1a: Qewwnkimi|Kowtow Cleave|p2a: Kingambit\n|-resisted|p2a: Kingambit|1\n|-damage|p2a: Kingambit|68/100\n|move|p2a: Kingambit|Kowtow Cleave|p1a: Qewwnkimi\n|-resisted|p1a: Qewwnkimi|1\n|-damage|p1a: Qewwnkimi|9/100\n|\n|upkeep\n|turn|11\n|inactive|Cabin6 has 30 seconds left.\n|\n|t:|1776353972\n|move|p1b: Foxpii's Blessing|Protect|p1b: Foxpii's Blessing\n|-singleturn|p1b: Foxpii's Blessing|Protect\n|move|p1a: Qewwnkimi|Sucker Punch|p2b: Froslass\n|-supereffective|p2b: Froslass|1\n|-damage|p2b: Froslass|0 fnt\n|faint|p2b: Froslass\n|move|p2a: Kingambit|Kowtow Cleave|p1b: Foxpii's Blessing\n|-activate|p1b: Foxpii's Blessing|move: Protect\n|\n|-sideend|p2: melon storme|move: Aurora Veil\n|upkeep\n|turn|12\n|inactive|Cabin6 has 30 seconds left.\n|\n|t:|1776354005\n|move|p2a: Kingambit|Sucker Punch||[still]\n|-fail|p2a: Kingambit\n|move|p1b: Foxpii's Blessing|Substitute|p1b: Foxpii's Blessing\n|-fail|p1b: Foxpii's Blessing|move: Substitute|[weak]\n|move|p1a: Qewwnkimi|Swords Dance|p1a: Qewwnkimi\n|-boost|p1a: Qewwnkimi|atk|2\n|\n|upkeep\n|turn|13\n|\n|t:|1776354030\n|move|p2a: Kingambit|Sucker Punch|p1a: Qewwnkimi\n|-resisted|p1a: Qewwnkimi|1\n|-damage|p1a: Qewwnkimi|0 fnt\n|faint|p1a: Qewwnkimi\n|move|p1b: Foxpii's Blessing|Heat Wave|p2a: Kingambit\n|-supereffective|p2a: Kingambit|1\n|-damage|p2a: Kingambit|0 fnt\n|faint|p2a: Kingambit\n|\n|win|Cabin6\n|raw|Cabin6's rating: 1368 &rarr; <strong>1385</strong><br />(+17 for winning)\n|raw|melon storme's rating: 1323 &rarr; <strong>1306</strong><br />(-17 for losing)\n|c|\u2606melon storme|ggs\n|c|\u2606Cabin6|ggs\n",
  "uploadtime": 1776354045,
  "views": 30,
  "formatid": "gen9championsvgc2026regma",
  "rating": 1306,
  "private": 0,
  "password": null
}