{
  "id": "gen9championsvgc2026regma-2588317935",
  "format": "[Gen 9 Champions] VGC 2026 Reg M-A",
  "players": [
    "dresovense",
    "littlepotato13"
  ],
  "log": "|j|\u2606dresovense\n|j|\u2606littlepotato13\n|t:|1776623641\n|gametype|doubles\n|player|p1|dresovense|2|1440\n|player|p2|littlepotato13|102|1415\n|gen|9\n|tier|[Gen 9 Champions] VGC 2026 Reg M-A\n|rated|\n|rule|Species Clause: Limit one of each Pok\u00e9mon\n|rule|Item Clause: Limit 1 of each item\n|clearpoke\n|poke|p1|Delphox, L50, M|\n|poke|p1|Garchomp, L50, F|\n|poke|p1|Rotom-Wash, L50|\n|poke|p1|Incineroar, L50, M|\n|poke|p1|Ninetales, L50, F|\n|poke|p1|Whimsicott, L50, M|\n|poke|p2|Archaludon, L50, F|\n|poke|p2|Floette-Eternal, L50, F|\n|poke|p2|Sinistcha, L50|\n|poke|p2|Pelipper, L50, F|\n|poke|p2|Sneasler, L50, M|\n|poke|p2|Basculegion, L50, M|\n|teampreview|4\n|inactive|Battle timer is ON: inactive players will automatically lose when time's up. (requested by littlepotato13)\n|inactive|dresovense also wants the timer to be on.\n|inactive|littlepotato13 has 60 seconds left.\n|\n|t:|1776623678\n|teamsize|p1|4\n|teamsize|p2|4\n|start\n|switch|p1a: Rotom|Rotom-Wash, L50|100/100\n|switch|p1b: Garchomp|Garchomp, L50, F|100/100\n|switch|p2a: Floette|Floette-Eternal, L50, F|100/100\n|switch|p2b: Basculegion|Basculegion, L50, M|100/100\n|turn|1\n|\n|t:|1776623686\n|detailschange|p2a: Floette|Floette-Mega, L50, F\n|-mega|p2a: Floette|Floette|Floettite\n|-ability|p2a: Floette|Fairy Aura\n|move|p1b: Garchomp|Poison Jab|p2a: Floette\n|-supereffective|p2a: Floette|1\n|-damage|p2a: Floette|28/100\n|move|p2b: Basculegion|Flip Turn|p1b: Garchomp\n|-damage|p1b: Garchomp|63/100\n|-damage|p2b: Basculegion|88/100|[from] ability: Rough Skin|[of] p1b: Garchomp\n|\n|t:|1776623697\n|switch|p2b: Sneasler|Sneasler, L50, M|100/100|[from] Flip Turn\n|move|p2a: Floette|Dazzling Gleam|p1b: Garchomp|[spread] p1a,p1b\n|-supereffective|p1b: Garchomp|1\n|-damage|p1a: Rotom|46/100\n|-damage|p1b: Garchomp|0 fnt\n|faint|p1b: Garchomp\n|move|p1a: Rotom|Volt Switch|p2b: Sneasler\n|-damage|p2b: Sneasler|51/100\n|\n|t:|1776623707\n|switch|p1a: Delphox|Delphox, L50, M|100/100|[from] Volt Switch\n|\n|upkeep\n|\n|t:|1776623711\n|switch|p1b: Rotom|Rotom-Wash, L50|46/100\n|turn|2\n|\n|t:|1776623719\n|detailschange|p1a: Delphox|Delphox-Mega, L50, M\n|-mega|p1a: Delphox|Delphox|Delphoxite\n|move|p1a: Delphox|Protect|p1a: Delphox\n|-singleturn|p1a: Delphox|Protect\n|move|p1b: Rotom|Protect|p1b: Rotom\n|-singleturn|p1b: Rotom|Protect\n|move|p2b: Sneasler|Fake Out|p1a: Delphox\n|-activate|p1a: Delphox|move: Protect\n|move|p2a: Floette|Dazzling Gleam|p1b: Rotom|[spread] \n|-activate|p1a: Delphox|move: Protect\n|-activate|p1b: Rotom|move: Protect\n|\n|-heal|p1b: Rotom|52/100|[from] item: Leftovers\n|upkeep\n|turn|3\n|\n|t:|1776623737\n|move|p2a: Floette|Protect|p2a: Floette\n|-singleturn|p2a: Floette|Protect\n|move|p1a: Delphox|Heat Wave|p2b: Sneasler|[spread] p2b\n|-activate|p2a: Floette|move: Protect\n|-damage|p2b: Sneasler|0 fnt\n|faint|p2b: Sneasler\n|move|p1b: Rotom|Volt Switch|p2a: Floette\n|-activate|p2a: Floette|move: Protect\n|\n|-heal|p1b: Rotom|58/100|[from] item: Leftovers\n|upkeep\n|\n|t:|1776623741\n|switch|p2b: Basculegion|Basculegion, L50, M|88/100\n|turn|4\n|\n|t:|1776623756\n|move|p1a: Delphox|Protect|p1a: Delphox\n|-singleturn|p1a: Delphox|Protect\n|move|p2b: Basculegion|Last Respects|p1a: Delphox\n|-activate|p1a: Delphox|move: Protect\n|move|p2a: Floette|Dazzling Gleam|p1b: Rotom|[spread] p1b\n|-activate|p1a: Delphox|move: Protect\n|-damage|p1b: Rotom|2/100\n|move|p1b: Rotom|Volt Switch|p2b: Basculegion\n|-supereffective|p2b: Basculegion|1\n|-damage|p2b: Basculegion|11/100\n|\n|t:|1776623769\n|switch|p1b: Ninetales|Ninetales, L50, F|100/100|[from] Volt Switch\n|-weather|SunnyDay|[from] ability: Drought|[of] p1b: Ninetales\n|\n|-weather|SunnyDay|[upkeep]\n|upkeep\n|turn|5\n|\n|t:|1776623785\n|switch|p1a: Rotom|Rotom-Wash, L50|2/100\n|switch|p2a: Pelipper|Pelipper, L50, F|100/100\n|-weather|RainDance|[from] ability: Drizzle|[of] p2a: Pelipper\n|move|p2b: Basculegion|Last Respects|p1a: Rotom\n|-damage|p1a: Rotom|0 fnt\n|faint|p1a: Rotom\n|move|p1b: Ninetales|Heat Wave|p2a: Pelipper|[spread] p2a,p2b\n|-resisted|p2a: Pelipper|1\n|-resisted|p2b: Basculegion|1\n|-damage|p2a: Pelipper|90/100\n|-damage|p2b: Basculegion|5/100\n|-status|p2a: Pelipper|brn\n|\n|-weather|RainDance|[upkeep]\n|-damage|p2a: Pelipper|84/100 brn|[from] brn\n|upkeep\n|\n|t:|1776623802\n|switch|p1a: Delphox|Delphox-Mega, L50, M|100/100\n|turn|6\n|\n|t:|1776623810\n|move|p1a: Delphox|Protect|p1a: Delphox\n|-singleturn|p1a: Delphox|Protect\n|move|p2b: Basculegion|Last Respects|p1b: Ninetales\n|-damage|p1b: Ninetales|20/100\n|move|p1b: Ninetales|Will-O-Wisp|p2b: Basculegion\n|-status|p2b: Basculegion|brn\n|move|p2a: Pelipper|Tailwind|p2a: Pelipper\n|-sidestart|p2: littlepotato13|move: Tailwind\n|\n|-weather|RainDance|[upkeep]\n|-damage|p2b: Basculegion|0 fnt|[from] brn\n|faint|p2b: Basculegion\n|-damage|p2a: Pelipper|78/100 brn|[from] brn\n|upkeep\n|\n|t:|1776623815\n|switch|p2b: Floette|Floette-Mega, L50, F|28/100\n|-ability|p2b: Floette|Fairy Aura\n|turn|7\n|\n|t:|1776623833\n|move|p2b: Floette|Dazzling Gleam|p1a: Delphox|[spread] p1a,p1b\n|-resisted|p1a: Delphox|1\n|-resisted|p1b: Ninetales|1\n|-damage|p1a: Delphox|77/100\n|-damage|p1b: Ninetales|1/100\n|move|p2a: Pelipper|Weather Ball|p1a: Delphox\n|-supereffective|p1a: Delphox|1\n|-damage|p1a: Delphox|0 fnt\n|faint|p1a: Delphox\n|move|p1b: Ninetales|Overheat|p2b: Floette\n|-damage|p2b: Floette|13/100\n|-unboost|p1b: Ninetales|spa|2\n|\n|-weather|RainDance|[upkeep]\n|-damage|p2a: Pelipper|72/100 brn|[from] brn\n|upkeep\n|turn|8\n|-message|dresovense forfeited.\n|\n|win|littlepotato13\n|raw|dresovense's rating: 1440 &rarr; <strong>1419</strong><br />(-21 for losing)\n|raw|littlepotato13's rating: 1415 &rarr; <strong>1436</strong><br />(+21 for winning)\n|l|\u2606dresovense\n|player|p1|\n|l|\u2606littlepotato13\n|player|p2|\n",
  "uploadtime": 1776623940,
  "views": 10,
  "formatid": "gen9championsvgc2026regma",
  "rating": 1419,
  "private": 0,
  "password": null
}