{
  "id": "gen9championsvgc2026regma-2584998740",
  "format": "[Gen 9 Champions] VGC 2026 Reg M-A",
  "players": [
    "austinrod30",
    "jadebattles"
  ],
  "log": "|j|\u2606austinrod30\n|j|\u2606jadebattles\n|t:|1776301969\n|gametype|doubles\n|player|p1|austinrod30|1|1116\n|player|p2|jadebattles|1|1133\n|gen|9\n|tier|[Gen 9 Champions] VGC 2026 Reg M-A\n|rated|\n|rule|Species Clause: Limit one of each Pok\u00e9mon\n|rule|Item Clause: Limit 1 of each item\n|clearpoke\n|poke|p1|Politoed, L50, M|\n|poke|p1|Gengar, L50, M|\n|poke|p1|Incineroar, L50, M|\n|poke|p1|Palafin, L50, M|\n|poke|p1|Whimsicott, L50, M|\n|poke|p1|Kommo-o, L50, F|\n|poke|p2|Excadrill, L50, M|\n|poke|p2|Whimsicott, L50, M|\n|poke|p2|Tyranitar, L50, F|\n|poke|p2|Aegislash, L50, M|\n|poke|p2|Meganium, L50, F|\n|poke|p2|Raichu, L50, M|\n|teampreview|4\n|\n|t:|1776302003\n|teamsize|p1|4\n|teamsize|p2|4\n|start\n|switch|p1a: Incineroar|Incineroar, L50, M|100/100\n|switch|p1b: Gengar|Gengar, L50, M|100/100\n|switch|p2a: Excadrill|Excadrill, L50, M|100/100\n|switch|p2b: Whimsicott|Whimsicott, L50, M|100/100\n|-ability|p1a: Incineroar|Intimidate|boost\n|-unboost|p2a: Excadrill|atk|1\n|-unboost|p2b: Whimsicott|atk|1\n|turn|1\n|\n|t:|1776302025\n|detailschange|p2a: Excadrill|Excadrill-Mega, L50, M\n|-mega|p2a: Excadrill|Excadrill|Excadrite\n|detailschange|p1b: Gengar|Gengar-Mega, L50, M\n|-mega|p1b: Gengar|Gengar|Gengarite\n|move|p2b: Whimsicott|Protect|p2b: Whimsicott\n|-singleturn|p2b: Whimsicott|Protect\n|move|p2a: Excadrill|Protect|p2a: Excadrill\n|-singleturn|p2a: Excadrill|Protect\n|move|p1a: Incineroar|Fake Out|p2b: Whimsicott\n|-activate|p2b: Whimsicott|move: Protect\n|move|p1b: Gengar|Perish Song|p1b: Gengar\n|-start|p1a: Incineroar|perish3|[silent]\n|-start|p1b: Gengar|perish3|[silent]\n|-start|p2a: Excadrill|perish3|[silent]\n|-start|p2b: Whimsicott|perish3|[silent]\n|-fieldactivate|move: Perish Song\n|\n|-start|p2a: Excadrill|perish3\n|-start|p2b: Whimsicott|perish3\n|-start|p1b: Gengar|perish3\n|-start|p1a: Incineroar|perish3\n|upkeep\n|turn|2\n|\n|t:|1776302047\n|move|p1b: Gengar|Protect|p1b: Gengar\n|-singleturn|p1b: Gengar|Protect\n|move|p2b: Whimsicott|Tailwind|p2b: Whimsicott\n|-sidestart|p2: jadebattles|move: Tailwind\n|move|p2a: Excadrill|Drill Run|p1b: Gengar|[miss]\n|-miss|p2a: Excadrill|p1b: Gengar\n|move|p1a: Incineroar|Parting Shot|p2a: Excadrill\n|-unboost|p2a: Excadrill|atk|1\n|-unboost|p2a: Excadrill|spa|1\n|\n|t:|1776302064\n|switch|p1a: Whimsicott|Whimsicott, L50, M|100/100|[from] Parting Shot\n|\n|-start|p2a: Excadrill|perish2\n|-start|p2b: Whimsicott|perish2\n|-start|p1b: Gengar|perish2\n|upkeep\n|turn|3\n|\n|t:|1776302086\n|move|p2b: Whimsicott|Taunt|p1a: Whimsicott\n|-start|p1a: Whimsicott|move: Taunt\n|cant|p1a: Whimsicott|move: Taunt|Tailwind\n|move|p2a: Excadrill|Drill Run|p1b: Gengar\n|-supereffective|p1b: Gengar|1\n|-damage|p1b: Gengar|49/100\n|move|p1b: Gengar|Disable|p2a: Excadrill\n|-start|p2a: Excadrill|Disable|Drill Run\n|\n|-start|p2a: Excadrill|perish1\n|-start|p2b: Whimsicott|perish1\n|-start|p1b: Gengar|perish1\n|upkeep\n|turn|4\n|\n|t:|1776302120\n|switch|p1b: Palafin|Palafin, L50, M|100/100\n|move|p2a: Excadrill|Iron Head|p1a: Whimsicott\n|-supereffective|p1a: Whimsicott|1\n|-damage|p1a: Whimsicott|57/100\n|move|p2b: Whimsicott|Energy Ball|p1b: Palafin\n|-supereffective|p1b: Palafin|1\n|-damage|p1b: Palafin|0 fnt\n|faint|p1b: Palafin\n|cant|p1a: Whimsicott|flinch\n|\n|-start|p2a: Excadrill|perish0\n|-start|p2b: Whimsicott|perish0\n|faint|p2a: Excadrill\n|faint|p2b: Whimsicott\n|upkeep\n|\n|t:|1776302134\n|switch|p2a: Tyranitar|Tyranitar, L50, F|100/100\n|switch|p2b: Aegislash|Aegislash, L50, M|100/100\n|switch|p1b: Incineroar|Incineroar, L50, M|100/100\n|-weather|Sandstorm|[from] ability: Sand Stream|[of] p2a: Tyranitar\n|-ability|p1b: Incineroar|Intimidate|boost\n|-unboost|p2a: Tyranitar|atk|1\n|-unboost|p2b: Aegislash|atk|1\n|turn|5\n|-activate|p2a: Tyranitar|item: Quick Claw\n|\n|t:|1776302155\n|move|p2a: Tyranitar|Protect|p2a: Tyranitar\n|-singleturn|p2a: Tyranitar|Protect\n|move|p1b: Incineroar|Fake Out|p2a: Tyranitar\n|-activate|p2a: Tyranitar|move: Protect\n|-formechange|p2b: Aegislash|Aegislash-Blade|\n|move|p2b: Aegislash|Sacred Sword|p1b: Incineroar\n|-supereffective|p1b: Incineroar|1\n|-damage|p1b: Incineroar|47/100\n|-enditem|p1b: Incineroar|Sitrus Berry|[eat]\n|-heal|p1b: Incineroar|72/100|[from] item: Sitrus Berry\n|move|p1a: Whimsicott|Moonblast|p2a: Tyranitar\n|-activate|p2a: Tyranitar|move: Protect\n|\n|-weather|Sandstorm|[upkeep]\n|-damage|p1a: Whimsicott|51/100|[from] Sandstorm\n|-damage|p1b: Incineroar|66/100|[from] Sandstorm\n|-end|p1a: Whimsicott|move: Taunt\n|-sideend|p2: jadebattles|move: Tailwind\n|upkeep\n|turn|6\n|\n|t:|1776302208\n|-formechange|p2b: Aegislash|Aegislash|\n|move|p2b: Aegislash|King's Shield|p2b: Aegislash\n|-singleturn|p2b: Aegislash|Protect\n|move|p1a: Whimsicott|Tailwind|p1a: Whimsicott\n|-sidestart|p1: austinrod30|move: Tailwind\n|move|p1b: Incineroar|Parting Shot|p2a: Tyranitar\n|-unboost|p2a: Tyranitar|atk|1\n|-unboost|p2a: Tyranitar|spa|1\n|\n|t:|1776302216\n|switch|p1b: Gengar|Gengar-Mega, L50, M|49/100|[from] Parting Shot\n|move|p2a: Tyranitar|Rock Slide|p1b: Gengar|[spread] p1a,p1b\n|-damage|p1a: Whimsicott|36/100\n|-damage|p1b: Gengar|32/100\n|\n|-weather|Sandstorm|[upkeep]\n|-damage|p1b: Gengar|26/100|[from] Sandstorm\n|-damage|p1a: Whimsicott|30/100|[from] Sandstorm\n|upkeep\n|turn|7\n|\n|t:|1776302238\n|-formechange|p2b: Aegislash|Aegislash-Blade|\n|move|p2b: Aegislash|Shadow Sneak|p1b: Gengar\n|-supereffective|p1b: Gengar|1\n|-damage|p1b: Gengar|0 fnt\n|faint|p1b: Gengar\n|move|p1a: Whimsicott|Moonblast|p2a: Tyranitar\n|-supereffective|p2a: Tyranitar|1\n|-damage|p2a: Tyranitar|71/100\n|move|p2a: Tyranitar|Dragon Dance|p2a: Tyranitar\n|-boost|p2a: Tyranitar|atk|1\n|-boost|p2a: Tyranitar|spe|1\n|\n|-weather|Sandstorm|[upkeep]\n|-damage|p1a: Whimsicott|24/100|[from] Sandstorm\n|upkeep\n|\n|t:|1776302249\n|switch|p1b: Incineroar|Incineroar, L50, M|66/100\n|-ability|p1b: Incineroar|Intimidate|boost\n|-unboost|p2a: Tyranitar|atk|1\n|-unboost|p2b: Aegislash|atk|1\n|turn|8\n|\n|t:|1776302297\n|move|p2a: Tyranitar|Protect|p2a: Tyranitar\n|-singleturn|p2a: Tyranitar|Protect\n|-formechange|p2b: Aegislash|Aegislash|\n|move|p2b: Aegislash|King's Shield|p2b: Aegislash\n|-singleturn|p2b: Aegislash|Protect\n|move|p1a: Whimsicott|Moonblast|p2a: Tyranitar\n|-activate|p2a: Tyranitar|move: Protect\n|move|p1b: Incineroar|Darkest Lariat|p2b: Aegislash\n|-activate|p2b: Aegislash|move: Protect\n|-unboost|p1b: Incineroar|atk|1\n|\n|-weather|Sandstorm|[upkeep]\n|-damage|p1a: Whimsicott|18/100|[from] Sandstorm\n|-damage|p1b: Incineroar|60/100|[from] Sandstorm\n|upkeep\n|turn|9\n|\n|t:|1776302324\n|move|p1a: Whimsicott|Encore|p2a: Tyranitar\n|-hint|Since gen 7, Dark is immune to Prankster moves.\n|-immune|p2a: Tyranitar\n|move|p1b: Incineroar|Darkest Lariat|p2b: Aegislash\n|-supereffective|p2b: Aegislash|1\n|-damage|p2b: Aegislash|53/100\n|move|p2a: Tyranitar|Rock Slide|p1b: Incineroar|[spread] p1a,p1b\n|-supereffective|p1b: Incineroar|1\n|-damage|p1a: Whimsicott|3/100\n|-damage|p1b: Incineroar|24/100\n|-formechange|p2b: Aegislash|Aegislash-Blade|\n|move|p2b: Aegislash|Sacred Sword|p1b: Incineroar\n|-supereffective|p1b: Incineroar|1\n|-damage|p1b: Incineroar|0 fnt\n|faint|p1b: Incineroar\n|\n|-weather|none\n|-sideend|p1: austinrod30|move: Tailwind\n|upkeep\n|turn|10\n|-message|austinrod30 forfeited.\n|\n|win|jadebattles\n|raw|austinrod30's rating: 1116 &rarr; <strong>1092</strong><br />(-24 for losing)\n|raw|jadebattles's rating: 1133 &rarr; <strong>1157</strong><br />(+24 for winning)\n|l|\u2606austinrod30\n|player|p1|\n",
  "uploadtime": 1776302354,
  "views": 19,
  "formatid": "gen9championsvgc2026regma",
  "rating": 1092,
  "private": 0,
  "password": null
}