{
  "id": "gen9championsvgc2026regma-2586108983",
  "format": "[Gen 9 Champions] VGC 2026 Reg M-A",
  "players": [
    "AidzPlayz",
    "therealjarbean"
  ],
  "log": "|j|\u2606AidzPlayz\n|j|\u2606therealjarbean\n|t:|1776400041\n|gametype|doubles\n|player|p1|AidzPlayz|ghetsis-gen5bw|1255\n|player|p2|therealjarbean|265|1216\n|gen|9\n|tier|[Gen 9 Champions] VGC 2026 Reg M-A\n|rated|\n|rule|Species Clause: Limit one of each Pok\u00e9mon\n|rule|Item Clause: Limit 1 of each item\n|clearpoke\n|poke|p1|Aerodactyl, L50, F|\n|poke|p1|Incineroar, L50, M|\n|poke|p1|Floette-Eternal, L50, F|\n|poke|p1|Basculegion, L50, M|\n|poke|p1|Garchomp, L50, F|\n|poke|p1|Sneasler, L50, M|\n|poke|p2|Aerodactyl, L50, M|\n|poke|p2|Meganium, L50, F|\n|poke|p2|Tauros-Paldea-Aqua, L50, M|\n|poke|p2|Kangaskhan, L50, F|\n|poke|p2|Typhlosion-Hisui, L50, M|\n|poke|p2|Archaludon, L50, F|\n|teampreview|4\n|inactive|Battle timer is ON: inactive players will automatically lose when time's up. (requested by AidzPlayz)\n|\n|t:|1776400086\n|teamsize|p1|4\n|teamsize|p2|4\n|start\n|switch|p1a: Aerodactyl|Aerodactyl, L50, F|100/100\n|switch|p1b: Garchomp|Garchomp, L50, F|100/100\n|switch|p2a: Aerodactyl|Aerodactyl, L50, M|100/100\n|switch|p2b: Meganium|Meganium, L50, F|100/100\n|-ability|p1a: Aerodactyl|Unnerve\n|-ability|p2a: Aerodactyl|Unnerve\n|turn|1\n|inactive|AidzPlayz has 30 seconds left.\n|inactive|AidzPlayz has 20 seconds left.\n|\n|t:|1776400124\n|detailschange|p2b: Meganium|Meganium-Mega, L50, F\n|-mega|p2b: Meganium|Meganium|Meganiumite\n|move|p2a: Aerodactyl|Tailwind|p2a: Aerodactyl\n|-sidestart|p2: therealjarbean|move: Tailwind\n|move|p2b: Meganium|Dazzling Gleam|p1b: Garchomp|[spread] p1a,p1b\n|-supereffective|p1b: Garchomp|1\n|-damage|p1a: Aerodactyl|44/100\n|-damage|p1b: Garchomp|14/100\n|move|p1a: Aerodactyl|Tailwind|p1a: Aerodactyl\n|-sidestart|p1: AidzPlayz|move: Tailwind\n|move|p1b: Garchomp|Rock Slide|p2a: Aerodactyl|[spread] p2a,p2b\n|-supereffective|p2a: Aerodactyl|1\n|-damage|p2a: Aerodactyl|32/100\n|-damage|p2b: Meganium|81/100\n|\n|upkeep\n|turn|2\n|\n|t:|1776400145\n|move|p2b: Meganium|Protect|p2b: Meganium\n|-singleturn|p2b: Meganium|Protect\n|move|p2a: Aerodactyl|Rock Slide|p1a: Aerodactyl|[spread] p1a,p1b\n|-supereffective|p1a: Aerodactyl|1\n|-resisted|p1b: Garchomp|1\n|-damage|p1a: Aerodactyl|0 fnt\n|-damage|p1b: Garchomp|1/100\n|faint|p1a: Aerodactyl\n|move|p1b: Garchomp|Rock Slide|p2b: Meganium|[spread] p2a\n|-activate|p2b: Meganium|move: Protect\n|-supereffective|p2a: Aerodactyl|1\n|-crit|p2a: Aerodactyl\n|-damage|p2a: Aerodactyl|0 fnt\n|faint|p2a: Aerodactyl\n|\n|upkeep\n|\n|t:|1776400167\n|switch|p2a: Tauros|Tauros-Paldea-Aqua, L50, M|100/100\n|switch|p1a: Floette|Floette-Eternal, L50, F|100/100\n|-ability|p2a: Tauros|Intimidate|boost\n|-unboost|p1a: Floette|atk|1\n|-unboost|p1b: Garchomp|atk|1\n|turn|3\n|\n|t:|1776400192\n|switch|p2a: Archaludon|Archaludon, L50, F|100/100\n|detailschange|p1a: Floette|Floette-Mega, L50, F\n|-mega|p1a: Floette|Floette|Floettite\n|-ability|p1a: Floette|Fairy Aura\n|move|p1b: Garchomp|Dragon Claw|p2a: Archaludon\n|-damage|p2a: Archaludon|78/100\n|move|p1a: Floette|Moonblast|p2b: Meganium\n|-damage|p2b: Meganium|0 fnt\n|faint|p2b: Meganium\n|\n|upkeep\n|\n|t:|1776400203\n|switch|p2b: Tauros|Tauros-Paldea-Aqua, L50, M|100/100\n|-ability|p2b: Tauros|Intimidate|boost\n|-unboost|p1a: Floette|atk|1\n|-unboost|p1b: Garchomp|atk|1\n|turn|4\n|\n|t:|1776400217\n|move|p2b: Tauros|Aqua Jet|p1b: Garchomp\n|-damage|p1b: Garchomp|0 fnt\n|-damage|p2b: Tauros|88/100|[from] ability: Rough Skin|[of] p1b: Garchomp\n|faint|p1b: Garchomp\n|move|p1a: Floette|Dazzling Gleam|p2b: Tauros|[spread] p2a,p2b\n|-supereffective|p2b: Tauros|1\n|-damage|p2a: Archaludon|1/100\n|-damage|p2b: Tauros|0 fnt\n|-enditem|p2a: Archaludon|Sitrus Berry|[eat]\n|-heal|p2a: Archaludon|26/100|[from] item: Sitrus Berry\n|faint|p2b: Tauros\n|move|p2a: Archaludon|Flash Cannon|p1a: Floette\n|-supereffective|p1a: Floette|1\n|-damage|p1a: Floette|36/100\n|-unboost|p1a: Floette|spd|1\n|\n|-sideend|p2: therealjarbean|move: Tailwind\n|-sideend|p1: AidzPlayz|move: Tailwind\n|upkeep\n|\n|t:|1776400229\n|switch|p1b: Basculegion|Basculegion, L50, M|100/100\n|turn|5\n|-message|therealjarbean forfeited.\n|\n|win|AidzPlayz\n|raw|AidzPlayz's rating: 1255 &rarr; <strong>1277</strong><br />(+22 for winning)\n|raw|therealjarbean's rating: 1216 &rarr; <strong>1194</strong><br />(-22 for losing)\n",
  "uploadtime": 1776400234,
  "views": 17,
  "formatid": "gen9championsvgc2026regma",
  "rating": 1194,
  "private": 0,
  "password": null
}