{
  "id": "gen9championsvgc2026regma-2583824504",
  "format": "[Gen 9 Champions] VGC 2026 Reg M-A",
  "players": [
    "Jexzyy",
    "Granny Pie"
  ],
  "log": "|j|\u2606Jexzyy\n|j|\u2606Granny Pie\n|t:|1776200597\n|gametype|doubles\n|player|p1|Jexzyy|roughneck-gen4|1039\n|player|p2|Granny Pie|medium|1073\n|gen|9\n|tier|[Gen 9 Champions] VGC 2026 Reg M-A\n|rated|\n|rule|Species Clause: Limit one of each Pok\u00e9mon\n|rule|Item Clause: Limit 1 of each item\n|clearpoke\n|poke|p1|Gengar, L50, F|\n|poke|p1|Talonflame, L50, M|\n|poke|p1|Scizor, L50, M|\n|poke|p1|Tauros-Paldea-Aqua, L50, M|\n|poke|p1|Aegislash, L50, F|\n|poke|p1|Hydreigon, L50, M|\n|poke|p2|Tyranitar, L50, F|\n|poke|p2|Aerodactyl, L50, F|\n|poke|p2|Garchomp, L50, M|\n|poke|p2|Excadrill, L50, M|\n|poke|p2|Meganium, L50, F|\n|poke|p2|Milotic, L50, M|\n|teampreview|4\n|inactive|Battle timer is ON: inactive players will automatically lose when time's up. (requested by Granny Pie)\n|inactive|Granny Pie has 60 seconds left.\n|\n|t:|1776200642\n|teamsize|p1|4\n|teamsize|p2|4\n|start\n|switch|p1a: Tauros|Tauros-Paldea-Aqua, L50, M|100/100\n|switch|p1b: Talonflame|Talonflame, L50, M|100/100\n|switch|p2a: Aerodactyl|Aerodactyl, L50, F|100/100\n|switch|p2b: Meganium|Meganium, L50, F|100/100\n|-ability|p2a: Aerodactyl|Unnerve\n|-ability|p1a: Tauros|Intimidate|boost\n|-unboost|p2a: Aerodactyl|atk|1\n|-unboost|p2b: Meganium|atk|1\n|turn|1\n|inactive|Jexzyy has 30 seconds left.\n|\n|t:|1776200671\n|detailschange|p2b: Meganium|Meganium-Mega, L50, F\n|-mega|p2b: Meganium|Meganium|Meganiumite\n|move|p1a: Tauros|Protect|p1a: Tauros\n|-singleturn|p1a: Tauros|Protect\n|move|p1b: Talonflame|Tailwind|p1b: Talonflame\n|-sidestart|p1: Jexzyy|move: Tailwind\n|move|p2a: Aerodactyl|Tailwind|p2a: Aerodactyl\n|-sidestart|p2: Granny Pie|move: Tailwind\n|move|p2b: Meganium|Solar Beam||[still]\n|-prepare|p2b: Meganium|Solar Beam\n|-activate|p2b: Meganium|ability: Mega Sol\n|-anim|p2b: Meganium|Solar Beam|p1a: Tauros\n|-activate|p1a: Tauros|move: Protect\n|\n|upkeep\n|turn|2\n|\n|t:|1776200693\n|move|p2b: Meganium|Protect|p2b: Meganium\n|-singleturn|p2b: Meganium|Protect\n|move|p1b: Talonflame|Dual Wingbeat|p2b: Meganium\n|-activate|p2b: Meganium|move: Protect\n|move|p1a: Tauros|Aqua Jet|p2a: Aerodactyl\n|-supereffective|p2a: Aerodactyl|1\n|-damage|p2a: Aerodactyl|47/100\n|move|p2a: Aerodactyl|Rock Slide|p1b: Talonflame|[spread] p1a,p1b\n|-resisted|p1a: Tauros|1\n|-supereffective|p1b: Talonflame|2\n|-damage|p1a: Tauros|92/100\n|-enditem|p1b: Talonflame|Focus Sash\n|-damage|p1b: Talonflame|1/100\n|\n|upkeep\n|turn|3\n|inactive|Granny Pie has 30 seconds left.\n|inactive|Jexzyy has 30 seconds left.\n|inactive|Granny Pie has 20 seconds left.\n|inactive|Granny Pie has 15 seconds left.\n|inactive|Granny Pie has 10 seconds left.\n|\n|t:|1776200738\n|switch|p1b: Gengar|Gengar, L50, F, shiny|100/100\n|switch|p2b: Tyranitar|Tyranitar, L50, F|100/100\n|-weather|Sandstorm|[from] ability: Sand Stream|[of] p2b: Tyranitar\n|switch|p1a: Scizor|Scizor, L50, M|100/100\n|move|p2a: Aerodactyl|Protect||[still]\n|-fail|p2a: Aerodactyl\n|\n|-weather|Sandstorm|[upkeep]\n|-damage|p1b: Gengar|95/100|[from] Sandstorm\n|upkeep\n|turn|4\n|inactive|Jexzyy has 30 seconds left.\n|\n|t:|1776200764\n|switch|p2a: Excadrill|Excadrill, L50, M|100/100\n|detailschange|p1a: Scizor|Scizor-Mega, L50, M\n|-mega|p1a: Scizor|Scizor|Scizorite\n|move|p1b: Gengar|Protect|p1b: Gengar\n|-singleturn|p1b: Gengar|Protect\n|move|p1a: Scizor|Bullet Punch|p2a: Excadrill\n|-resisted|p2a: Excadrill|1\n|-damage|p2a: Excadrill|73/100\n|move|p2b: Tyranitar|Knock Off|p1b: Gengar\n|-activate|p1b: Gengar|move: Protect\n|\n|-weather|Sandstorm|[upkeep]\n|-damage|p1b: Gengar|89/100|[from] Sandstorm\n|-sideend|p2: Granny Pie|move: Tailwind\n|-sideend|p1: Jexzyy|move: Tailwind\n|upkeep\n|turn|5\n|\n|t:|1776200788\n|move|p2b: Tyranitar|Protect|p2b: Tyranitar\n|-singleturn|p2b: Tyranitar|Protect\n|move|p2a: Excadrill|Earthquake|p1b: Gengar|[spread] p1a,p1b\n|-activate|p2b: Tyranitar|move: Protect\n|-supereffective|p1b: Gengar|1\n|-damage|p1a: Scizor|70/100\n|-damage|p1b: Gengar|0 fnt\n|-start|p2a: Excadrill|Disable|Earthquake|[from] ability: Cursed Body|[of] p1b: Gengar\n|faint|p1b: Gengar\n|move|p1a: Scizor|Bug Bite|p2b: Tyranitar\n|-activate|p2b: Tyranitar|move: Protect\n|\n|-weather|Sandstorm|[upkeep]\n|upkeep\n|\n|t:|1776200795\n|switch|p1b: Tauros|Tauros-Paldea-Aqua, L50, M|92/100\n|-ability|p1b: Tauros|Intimidate|boost\n|-unboost|p2a: Excadrill|atk|1\n|-unboost|p2b: Tyranitar|atk|1\n|turn|6\n|\n|t:|1776200819\n|switch|p2a: Meganium|Meganium-Mega, L50, F|100/100\n|switch|p2b: Aerodactyl|Aerodactyl, L50, F|47/100\n|-ability|p2b: Aerodactyl|Unnerve\n|move|p1b: Tauros|Aqua Jet|p2a: Meganium\n|-resisted|p2a: Meganium|1\n|-damage|p2a: Meganium|92/100\n|move|p1a: Scizor|Bullet Punch|p2b: Aerodactyl\n|-supereffective|p2b: Aerodactyl|1\n|-damage|p2b: Aerodactyl|0 fnt\n|faint|p2b: Aerodactyl\n|\n|-weather|Sandstorm|[upkeep]\n|-damage|p2a: Meganium|86/100|[from] Sandstorm\n|-damage|p1b: Tauros|86/100|[from] Sandstorm\n|upkeep\n|\n|t:|1776200833\n|switch|p2b: Excadrill|Excadrill, L50, M|73/100\n|turn|7\n|\n|t:|1776200841\n|move|p1b: Tauros|Protect|p1b: Tauros\n|-singleturn|p1b: Tauros|Protect\n|move|p2b: Excadrill|Earthquake|p1a: Scizor|[spread] p2a,p1a\n|-activate|p1b: Tauros|move: Protect\n|-resisted|p2a: Meganium|1\n|-crit|p2a: Meganium\n|-damage|p2a: Meganium|55/100\n|-damage|p1a: Scizor|39/100\n|move|p2a: Meganium|Weather Ball|p1a: Scizor\n|-supereffective|p1a: Scizor|2\n|-damage|p1a: Scizor|0 fnt\n|faint|p1a: Scizor\n|\n|-weather|none\n|upkeep\n|\n|t:|1776200849\n|switch|p1a: Talonflame|Talonflame, L50, M|1/100\n|turn|8\n|\n|t:|1776200858\n|switch|p2a: Tyranitar|Tyranitar, L50, F|100/100\n|-weather|Sandstorm|[from] ability: Sand Stream|[of] p2a: Tyranitar\n|move|p1b: Tauros|Aqua Jet|p2b: Excadrill\n|-supereffective|p2b: Excadrill|1\n|-damage|p2b: Excadrill|25/100\n|move|p2b: Excadrill|Rock Slide|p1a: Talonflame|[spread] p1a,p1b\n|-supereffective|p1a: Talonflame|2\n|-crit|p1a: Talonflame\n|-resisted|p1b: Tauros|1\n|-damage|p1a: Talonflame|0 fnt\n|-damage|p1b: Tauros|76/100\n|faint|p1a: Talonflame\n|\n|-weather|Sandstorm|[upkeep]\n|-damage|p1b: Tauros|70/100|[from] Sandstorm\n|upkeep\n|turn|9\n|\n|t:|1776200876\n|move|p2b: Excadrill|Rock Slide|p1b: Tauros\n|-resisted|p1b: Tauros|1\n|-damage|p1b: Tauros|55/100\n|move|p1b: Tauros|Close Combat|p2a: Tyranitar\n|-supereffective|p2a: Tyranitar|2\n|-enditem|p2a: Tyranitar|Chople Berry|[eat]\n|-enditem|p2a: Tyranitar|Chople Berry|[weaken]\n|-damage|p2a: Tyranitar|28/100\n|-unboost|p1b: Tauros|def|1\n|-unboost|p1b: Tauros|spd|1\n|-enditem|p1b: Tauros|White Herb\n|-clearnegativeboost|p1b: Tauros|[silent]\n|move|p2a: Tyranitar|Knock Off|p1b: Tauros\n|-resisted|p1b: Tauros|1\n|-damage|p1b: Tauros|39/100\n|\n|-weather|Sandstorm|[upkeep]\n|-damage|p1b: Tauros|33/100|[from] Sandstorm\n|upkeep\n|turn|10\n|\n|t:|1776200891\n|move|p1b: Tauros|Aqua Jet|p2a: Tyranitar\n|-supereffective|p2a: Tyranitar|1\n|-damage|p2a: Tyranitar|1/100\n|move|p2b: Excadrill|Rock Slide|p1b: Tauros\n|-resisted|p1b: Tauros|1\n|-damage|p1b: Tauros|19/100\n|move|p2a: Tyranitar|High Horsepower|p1b: Tauros\n|-damage|p1b: Tauros|0 fnt\n|faint|p1b: Tauros\n|\n|win|Granny Pie\n|raw|Jexzyy's rating: 1039 &rarr; <strong>1025</strong><br />(-14 for losing)\n|raw|Granny Pie's rating: 1073 &rarr; <strong>1099</strong><br />(+26 for winning)\n|l|\u2606Granny Pie\n|player|p2|\n|j|\u2606Granny Pie\n|player|p2|Granny Pie|medium|\n",
  "uploadtime": 1776201058,
  "views": 16,
  "formatid": "gen9championsvgc2026regma",
  "rating": 1025,
  "private": 0,
  "password": null
}