{
  "id": "gen9championsvgc2026regma-2586031400",
  "format": "[Gen 9 Champions] VGC 2026 Reg M-A",
  "players": [
    "mvrk_jrdn",
    "FeyQueenZoom"
  ],
  "log": "|j|\u2606mvrk_jrdn\n|j|\u2606FeyQueenZoom\n|t:|1776392001\n|gametype|doubles\n|player|p1|mvrk_jrdn|riley|1054\n|player|p2|FeyQueenZoom|bellelba|1077\n|gen|9\n|tier|[Gen 9 Champions] VGC 2026 Reg M-A\n|rated|\n|rule|Species Clause: Limit one of each Pok\u00e9mon\n|rule|Item Clause: Limit 1 of each item\n|clearpoke\n|poke|p1|Charizard, L50, M|\n|poke|p1|Sneasler, L50, M|\n|poke|p1|Pelipper, L50, F|\n|poke|p1|Basculegion, L50, M|\n|poke|p1|Archaludon, L50, F|\n|poke|p1|Incineroar, L50, F|\n|poke|p2|Zoroark-Hisui, L50, F|\n|poke|p2|Lucario, L50, F|\n|poke|p2|Whimsicott, L50, F|\n|poke|p2|Dragapult, L50, M|\n|poke|p2|Incineroar, L50, F|\n|poke|p2|Corviknight, L50, M|\n|teampreview|4\n|\n|t:|1776392018\n|teamsize|p1|4\n|teamsize|p2|4\n|start\n|switch|p1a: Pelipper|Pelipper, L50, F|100/100\n|switch|p1b: Incineroar|Incineroar, L50, F|100/100\n|switch|p2a: Lucario|Lucario, L50, F|100/100\n|switch|p2b: Dragapult|Dragapult, L50, M|100/100\n|-weather|RainDance|[from] ability: Drizzle|[of] p1a: Pelipper\n|-ability|p1b: Incineroar|Intimidate|boost\n|-unboost|p2a: Lucario|atk|1\n|-unboost|p2b: Dragapult|atk|1\n|-enditem|p2b: Dragapult|White Herb\n|-clearnegativeboost|p2b: Dragapult|[silent]\n|turn|1\n|\n|t:|1776392043\n|move|p2b: Dragapult|Protect|p2b: Dragapult\n|-singleturn|p2b: Dragapult|Protect\n|move|p1b: Incineroar|Fake Out|p2a: Lucario\n|-immune|p2a: Lucario\n|move|p2a: Lucario|Icy Wind|p1b: Incineroar|[spread] p1a,p1b\n|-resisted|p1b: Incineroar|1\n|-damage|p1a: Pelipper|80/100\n|-damage|p1b: Incineroar|94/100\n|-unboost|p1a: Pelipper|spe|1\n|-unboost|p1b: Incineroar|spe|1\n|move|p1a: Pelipper|Tailwind|p1a: Pelipper\n|-sidestart|p1: mvrk_jrdn|move: Tailwind\n|\n|-weather|RainDance|[upkeep]\n|upkeep\n|turn|2\n|\n|t:|1776392072\n|move|p2b: Dragapult|Shadow Ball|p1b: Incineroar\n|-resisted|p1b: Incineroar|1\n|-damage|p1b: Incineroar|73/100\n|move|p2a: Lucario|Bitter Malice|p1b: Incineroar\n|-resisted|p1b: Incineroar|1\n|-damage|p1b: Incineroar|55/100\n|-unboost|p1b: Incineroar|atk|1\n|move|p1a: Pelipper|Muddy Water|p2b: Dragapult|[spread] p2a,p2b\n|-resisted|p2b: Dragapult|1\n|-damage|p2a: Lucario|41/100\n|-damage|p2b: Dragapult|80/100\n|replace|p2a: Zoroark|Zoroark-Hisui, L50, F\n|-end|p2a: Zoroark|Illusion\n|move|p1b: Incineroar|Flare Blitz|p2a: Zoroark\n|-damage|p2a: Zoroark|2/100\n|-damage|p1b: Incineroar|46/100|[from] Recoil\n|-enditem|p1b: Incineroar|Sitrus Berry|[eat]\n|-heal|p1b: Incineroar|71/100|[from] item: Sitrus Berry\n|\n|-weather|RainDance|[upkeep]\n|upkeep\n|turn|3\n|\n|t:|1776392107\n|move|p2b: Dragapult|Draco Meteor|p1b: Incineroar\n|-damage|p1b: Incineroar|2/100\n|-unboost|p2b: Dragapult|spa|2\n|move|p2a: Zoroark|Icy Wind|p1a: Pelipper|[spread] p1a,p1b\n|-resisted|p1b: Incineroar|1\n|-damage|p1a: Pelipper|60/100\n|-damage|p1b: Incineroar|0 fnt\n|-unboost|p1a: Pelipper|spe|1\n|faint|p1b: Incineroar\n|move|p1a: Pelipper|Muddy Water|p2b: Dragapult|[spread] p2a,p2b\n|-crit|p2a: Zoroark\n|-resisted|p2b: Dragapult|1\n|-damage|p2a: Zoroark|0 fnt\n|-damage|p2b: Dragapult|59/100\n|-unboost|p2b: Dragapult|accuracy|1\n|faint|p2a: Zoroark\n|\n|-weather|RainDance|[upkeep]\n|upkeep\n|\n|t:|1776392126\n|switch|p2a: Lucario|Lucario, L50, F|100/100\n|switch|p1b: Sneasler|Sneasler, L50, M|100/100\n|-ability|p1b: Sneasler|Pressure\n|turn|4\n|\n|t:|1776392144\n|switch|p2b: Incineroar|Incineroar, L50, F|100/100\n|-ability|p2b: Incineroar|Intimidate|boost\n|-unboost|p1a: Pelipper|atk|1\n|-unboost|p1b: Sneasler|atk|1\n|move|p1a: Pelipper|Protect|p1a: Pelipper\n|-singleturn|p1a: Pelipper|Protect\n|move|p2a: Lucario|Bullet Punch|p1b: Sneasler\n|-damage|p1b: Sneasler|76/100\n|move|p1b: Sneasler|Close Combat|p2a: Lucario\n|-supereffective|p2a: Lucario|1\n|-damage|p2a: Lucario|0 fnt\n|-unboost|p1b: Sneasler|def|1\n|-unboost|p1b: Sneasler|spd|1\n|faint|p2a: Lucario\n|\n|-weather|RainDance|[upkeep]\n|-sideend|p1: mvrk_jrdn|move: Tailwind\n|upkeep\n|\n|t:|1776392162\n|switch|p2a: Dragapult|Dragapult, L50, M|59/100\n|turn|5\n|\n|t:|1776392181\n|move|p2b: Incineroar|Fake Out|p1b: Sneasler\n|-damage|p1b: Sneasler|52/100\n|move|p2a: Dragapult|Draco Meteor|p1b: Sneasler\n|-damage|p1b: Sneasler|0 fnt\n|-unboost|p2a: Dragapult|spa|2\n|faint|p1b: Sneasler\n|move|p1a: Pelipper|Muddy Water|p2a: Dragapult|[spread] p2a,p2b\n|-resisted|p2a: Dragapult|1\n|-supereffective|p2b: Incineroar|1\n|-damage|p2a: Dragapult|39/100\n|-damage|p2b: Incineroar|40/100\n|-unboost|p2b: Incineroar|accuracy|1\n|-enditem|p2b: Incineroar|Sitrus Berry|[eat]\n|-heal|p2b: Incineroar|65/100|[from] item: Sitrus Berry\n|\n|-weather|none\n|upkeep\n|\n|t:|1776392195\n|switch|p1b: Charizard|Charizard, L50, M|100/100\n|turn|6\n|\n|t:|1776392211\n|detailschange|p1b: Charizard|Charizard-Mega-X, L50, M\n|-mega|p1b: Charizard|Charizard|Charizardite X\n|move|p2a: Dragapult|Protect|p2a: Dragapult\n|-singleturn|p2a: Dragapult|Protect\n|move|p1b: Charizard|Earthquake|p2a: Dragapult|[spread] p2b\n|-activate|p2a: Dragapult|move: Protect\n|-immune|p1a: Pelipper\n|-supereffective|p2b: Incineroar|1\n|-damage|p2b: Incineroar|18/100\n|move|p2b: Incineroar|Darkest Lariat|p1a: Pelipper\n|-damage|p1a: Pelipper|6/100\n|move|p1a: Pelipper|Muddy Water|p2b: Incineroar|[spread] p2b\n|-activate|p2a: Dragapult|move: Protect\n|-supereffective|p2b: Incineroar|1\n|-damage|p2b: Incineroar|0 fnt\n|faint|p2b: Incineroar\n|\n|upkeep\n|turn|7\n|\n|t:|1776392234\n|move|p1a: Pelipper|Protect|p1a: Pelipper\n|-singleturn|p1a: Pelipper|Protect\n|move|p2a: Dragapult|Draco Meteor|p1b: Charizard|[miss]\n|-miss|p2a: Dragapult|p1b: Charizard\n|move|p1b: Charizard|Flare Blitz|p2a: Dragapult\n|-resisted|p2a: Dragapult|1\n|-damage|p2a: Dragapult|0 fnt\n|faint|p2a: Dragapult\n|-damage|p1b: Charizard|87/100|[from] Recoil\n|\n|win|mvrk_jrdn\n|raw|mvrk_jrdn's rating: 1054 &rarr; <strong>1088</strong><br />(+34 for winning)\n|raw|FeyQueenZoom's rating: 1077 &rarr; <strong>1054</strong><br />(-23 for losing)\n|c|\u2606mvrk_jrdn|gg\n",
  "uploadtime": 1776392244,
  "views": 18,
  "formatid": "gen9championsvgc2026regma",
  "rating": 1054,
  "private": 0,
  "password": null
}