{
  "id": "gen9championsvgc2026regma-2581040144",
  "format": "[Gen 9 Champions] VGC 2026 Reg M-A",
  "players": [
    "AgsAllDay12",
    "hehdhhehhfhd"
  ],
  "log": "|j|\u2606AgsAllDay12\n|j|\u2606hehdhhehhfhd\n|t:|1775954233\n|gametype|doubles\n|player|p1|AgsAllDay12|170|1084\n|player|p2|hehdhhehhfhd|102|1000\n|gen|9\n|tier|[Gen 9 Champions] VGC 2026 Reg M-A\n|rated|\n|rule|Species Clause: Limit one of each Pok\u00e9mon\n|rule|Item Clause: Limit 1 of each item\n|clearpoke\n|poke|p1|Floette-Eternal, L50, F|\n|poke|p1|Delphox, L50, F|\n|poke|p1|Incineroar, L50, M|\n|poke|p1|Aerodactyl, L50, M|\n|poke|p1|Maushold, L50|\n|poke|p1|Garchomp, L50, M|\n|poke|p2|Glimmora, L50, F|\n|poke|p2|Sinistcha, L50|\n|poke|p2|Incineroar, L50, F|\n|poke|p2|Basculegion, L50, M|\n|poke|p2|Corviknight, L50, F|\n|poke|p2|Garchomp, L50, F|\n|teampreview|4\n|\n|t:|1775954284\n|teamsize|p1|4\n|teamsize|p2|4\n|start\n|switch|p1a: Aerodactyl|Aerodactyl, L50, M|100/100\n|switch|p1b: Garchomp|Garchomp, L50, M|100/100\n|switch|p2a: Glimmora|Glimmora, L50, F|100/100\n|switch|p2b: Basculegion|Basculegion, L50, M|100/100\n|-ability|p1a: Aerodactyl|Unnerve\n|turn|1\n|inactive|Battle timer is ON: inactive players will automatically lose when time's up. (requested by AgsAllDay12)\n|inactive|hehdhhehhfhd has 60 seconds left.\n|inactive|AgsAllDay12 has 60 seconds left.\n|\n|t:|1775954341\n|move|p2a: Glimmora|Spiky Shield|p2a: Glimmora\n|-singleturn|p2a: Glimmora|move: Protect\n|move|p2b: Basculegion|Flip Turn|p1a: Aerodactyl\n|-supereffective|p1a: Aerodactyl|1\n|-enditem|p1a: Aerodactyl|Focus Sash\n|-damage|p1a: Aerodactyl|1/100\n|inactive|hehdhhehhfhd has 30 seconds left.\n|\n|t:|1775954375\n|switch|p2b: Incineroar|Incineroar, L50, F|100/100|[from] Flip Turn\n|-ability|p2b: Incineroar|Intimidate|boost\n|-unboost|p1a: Aerodactyl|atk|1\n|-unboost|p1b: Garchomp|atk|1\n|-enditem|p1b: Garchomp|White Herb\n|-clearnegativeboost|p1b: Garchomp|[silent]\n|move|p1a: Aerodactyl|Tailwind|p1a: Aerodactyl\n|-sidestart|p1: AgsAllDay12|move: Tailwind\n|move|p1b: Garchomp|Earthquake|p2b: Incineroar|[spread] p2b\n|-activate|p2a: Glimmora|move: Protect\n|-immune|p1a: Aerodactyl\n|-supereffective|p2b: Incineroar|1\n|-damage|p2b: Incineroar|37/100\n|\n|upkeep\n|turn|2\n|inactive|AgsAllDay12 has 30 seconds left.\n|inactive|AgsAllDay12 has 20 seconds left.\n|\n|t:|1775954412\n|switch|p1a: Incineroar|Incineroar, L50, M|100/100\n|-ability|p1a: Incineroar|Intimidate|boost\n|-unboost|p2a: Glimmora|atk|1\n|-unboost|p2b: Incineroar|atk|1\n|switch|p2a: Sinistcha|Sinistcha, L50|100/100\n|-heal|p2b: Incineroar|62/100|[from] ability: Hospitality|[of] p2a: Sinistcha\n|move|p1b: Garchomp|Protect|p1b: Garchomp\n|-singleturn|p1b: Garchomp|Protect\n|move|p2b: Incineroar|Fake Out|p1b: Garchomp\n|-activate|p1b: Garchomp|move: Protect\n|\n|upkeep\n|turn|3\n|inactive|hehdhhehhfhd has 30 seconds left.\n|inactive|hehdhhehhfhd has 20 seconds left.\n|inactive|hehdhhehhfhd has 15 seconds left.\n|inactive|hehdhhehhfhd has 10 seconds left.\n|inactive|hehdhhehhfhd has 5 seconds left.\n|\n|t:|1775954466\n|move|p1b: Garchomp|Dragon Claw|p2a: Sinistcha\n|-damage|p2a: Sinistcha|61/100\n|move|p1a: Incineroar|Flare Blitz|p2a: Sinistcha\n|-supereffective|p2a: Sinistcha|1\n|-damage|p2a: Sinistcha|0 fnt\n|faint|p2a: Sinistcha\n|-damage|p1a: Incineroar|83/100|[from] Recoil\n|move|p2b: Incineroar|Parting Shot|p1b: Garchomp\n|-unboost|p1b: Garchomp|atk|1\n|-unboost|p1b: Garchomp|spa|1\n|\n|t:|1775954470\n|switch|p2b: Basculegion|Basculegion, L50, M|100/100|[from] Parting Shot\n|\n|upkeep\n|\n|t:|1775954472\n|switch|p2a: Incineroar|Incineroar, L50, F|62/100\n|-ability|p2a: Incineroar|Intimidate|boost\n|-unboost|p1a: Incineroar|atk|1\n|-unboost|p1b: Garchomp|atk|1\n|turn|4\n|inactive|AgsAllDay12 has 30 seconds left.\n|inactive|AgsAllDay12 has 20 seconds left.\n|\n|t:|1775954509\n|switch|p1b: Aerodactyl|Aerodactyl, L50, M|1/100\n|-ability|p1b: Aerodactyl|Unnerve\n|move|p2a: Incineroar|Fake Out|p1b: Aerodactyl\n|-resisted|p1b: Aerodactyl|1\n|-damage|p1b: Aerodactyl|0 fnt\n|faint|p1b: Aerodactyl\n|move|p2b: Basculegion|Wave Crash|p1a: Incineroar\n|-supereffective|p1a: Incineroar|1\n|-damage|p1a: Incineroar|0 fnt\n|faint|p1a: Incineroar\n|-damage|p2b: Basculegion|73/100|[from] Recoil\n|\n|-sideend|p1: AgsAllDay12|move: Tailwind\n|upkeep\n|\n|t:|1775954522\n|switch|p1b: Garchomp|Garchomp, L50, M|100/100\n|switch|p1a: Delphox|Delphox, L50, F|100/100\n|turn|5\n|inactive|AgsAllDay12 has 30 seconds left.\n|inactive|hehdhhehhfhd has 30 seconds left.\n|inactive|hehdhhehhfhd has 20 seconds left.\n|inactive|AgsAllDay12 has 20 seconds left.\n|inactive|AgsAllDay12 has 15 seconds left.\n|inactive|AgsAllDay12 has 10 seconds left.\n|inactive|AgsAllDay12 has 5 seconds left.\n|\n|t:|1775954577\n|detailschange|p1a: Delphox|Delphox-Mega, L50, F\n|-mega|p1a: Delphox|Delphox|Delphoxite\n|move|p2b: Basculegion|Wave Crash|p1b: Garchomp\n|-damage|p1b: Garchomp|22/100\n|-damage|p2b: Basculegion|60/100|[from] ability: Rough Skin|[of] p1b: Garchomp\n|-damage|p2b: Basculegion|36/100|[from] Recoil\n|move|p1a: Delphox|Heat Wave|p2a: Incineroar|[spread] p2a\n|-miss|p1a: Delphox|p2b: Basculegion\n|-resisted|p2a: Incineroar|1\n|-damage|p2a: Incineroar|49/100\n|move|p1b: Garchomp|Dragon Claw|p2b: Basculegion\n|-damage|p2b: Basculegion|0 fnt\n|faint|p2b: Basculegion\n|move|p2a: Incineroar|Throat Chop|p1a: Delphox\n|-supereffective|p1a: Delphox|1\n|-damage|p1a: Delphox|29/100\n|-start|p1a: Delphox|Throat Chop|[silent]\n|\n|upkeep\n|inactive|hehdhhehhfhd has 30 seconds left.\n|\n|t:|1775954605\n|switch|p2b: Glimmora|Glimmora, L50, F|100/100\n|turn|6\n|l|\u2606hehdhhehhfhd\n|inactive|hehdhhehhfhd disconnected and has a minute to reconnect!\n|player|p2|\n|inactive|hehdhhehhfhd has 30 seconds left.\n|inactive|hehdhhehhfhd has 20 seconds left.\n|inactive|hehdhhehhfhd has 15 seconds left.\n|inactive|hehdhhehhfhd has 10 seconds left.\n|inactive|hehdhhehhfhd has 5 seconds left.\n|-message|hehdhhehhfhd lost due to inactivity.\n|\n|win|AgsAllDay12\n",
  "uploadtime": 1775954236,
  "views": 12,
  "formatid": "gen9championsvgc2026regma",
  "rating": null,
  "private": 0,
  "password": null
}