{
  "id": "gen9championsvgc2026regma-2581287035",
  "format": "[Gen 9 Champions] VGC 2026 Reg M-A",
  "players": [
    "silvermagicianvgc",
    "33daan"
  ],
  "log": "|j|\u2606silvermagicianvgc\n|j|\u260633daan\n|t:|1775981587\n|gametype|doubles\n|player|p1|silvermagicianvgc|silver|1279\n|player|p2|33daan|101|1260\n|gen|9\n|tier|[Gen 9 Champions] VGC 2026 Reg M-A\n|rated|\n|rule|Species Clause: Limit one of each Pok\u00e9mon\n|rule|Item Clause: Limit 1 of each item\n|clearpoke\n|poke|p1|Floette-Eternal, L50, F|\n|poke|p1|Garchomp, L50, F|\n|poke|p1|Aerodactyl, L50, M|\n|poke|p1|Incineroar, L50, M|\n|poke|p1|Milotic, L50, F|\n|poke|p1|Sinistcha, L50|\n|poke|p2|Incineroar, L50, F|\n|poke|p2|Farigiraf, L50, F|\n|poke|p2|Torkoal, L50, F|\n|poke|p2|Golurk, L50|\n|poke|p2|Gardevoir, L50, M|\n|poke|p2|Sinistcha, L50|\n|teampreview|4\n|j| gE1xjZRtuhW2DdT0AK\n|\n|t:|1775981631\n|teamsize|p1|4\n|teamsize|p2|4\n|start\n|switch|p1a: Sinistcha|Sinistcha, L50|100/100\n|switch|p1b: Milotic|Milotic, L50, F, shiny|100/100\n|switch|p2a: Sinistcha|Sinistcha, L50|100/100\n|switch|p2b: Farigiraf|Farigiraf, L50, F|100/100\n|turn|1\n|\n|t:|1775981674\n|switch|p1b: Floette|Floette-Eternal, L50, F, shiny|100/100\n|move|p1a: Sinistcha|Imprison|p1a: Sinistcha\n|-start|p1a: Sinistcha|move: Imprison\n|move|p2a: Sinistcha|Shadow Ball|p1a: Sinistcha\n|-supereffective|p1a: Sinistcha|1\n|-damage|p1a: Sinistcha|18/100\n|cant|p2b: Farigiraf|move: Imprison|Trick Room\n|\n|upkeep\n|turn|2\n|\n|t:|1775981694\n|switch|p1a: Incineroar|Incineroar, L50, M|100/100\n|-ability|p1a: Incineroar|Intimidate|boost\n|-unboost|p2a: Sinistcha|atk|1\n|-unboost|p2b: Farigiraf|atk|1\n|switch|p2b: Gardevoir|Gardevoir, L50, M|100/100\n|detailschange|p1b: Floette|Floette-Mega, L50, F, shiny\n|-mega|p1b: Floette|Floette|Floettite\n|-ability|p1b: Floette|Fairy Aura\n|move|p1b: Floette|Dazzling Gleam|p2a: Sinistcha|[spread] p2a,p2b\n|-damage|p2a: Sinistcha|45/100\n|-damage|p2b: Gardevoir|54/100\n|-enditem|p2a: Sinistcha|Sitrus Berry|[eat]\n|-heal|p2a: Sinistcha|70/100|[from] item: Sitrus Berry\n|move|p2a: Sinistcha|Life Dew|p2a: Sinistcha|[spread] p2a,p2b\n|-heal|p2a: Sinistcha|95/100\n|-heal|p2b: Gardevoir|79/100\n|\n|upkeep\n|turn|3\n|inactive|Battle timer is ON: inactive players will automatically lose when time's up. (requested by silvermagicianvgc)\n|\n|t:|1775981779\n|switch|p2a: Farigiraf|Farigiraf, L50, F|100/100\n|detailschange|p2b: Gardevoir|Gardevoir-Mega, L50, M\n|-mega|p2b: Gardevoir|Gardevoir|Gardevoirite\n|move|p1a: Incineroar|Fake Out||[still]\n|cant|p2a: Farigiraf|ability: Armor Tail|Fake Out|[of] p1a: Incineroar\n|move|p1b: Floette|Calm Mind|p1b: Floette\n|-boost|p1b: Floette|spa|1\n|-boost|p1b: Floette|spd|1\n|move|p2b: Gardevoir|Trick Room|p2b: Gardevoir\n|-fieldstart|move: Trick Room|[of] p2b: Gardevoir\n|\n|upkeep\n|turn|4\n|\n|t:|1775981799\n|move|p2a: Farigiraf|Psychic|p1b: Floette\n|-damage|p1b: Floette|82/100\n|move|p1a: Incineroar|Throat Chop|p2b: Gardevoir\n|-damage|p2b: Gardevoir|35/100\n|-start|p2b: Gardevoir|Throat Chop|[silent]\n|cant|p2b: Gardevoir|move: Throat Chop\n|move|p1b: Floette|Calm Mind|p1b: Floette\n|-boost|p1b: Floette|spa|1\n|-boost|p1b: Floette|spd|1\n|\n|upkeep\n|turn|5\n|\n|t:|1775981813\n|switch|p2b: Golurk|Golurk, L50|100/100\n|move|p2a: Farigiraf|Psychic|p1b: Floette\n|-damage|p1b: Floette|66/100\n|move|p1a: Incineroar|Throat Chop|p2b: Golurk\n|-supereffective|p2b: Golurk|1\n|-damage|p2b: Golurk|29/100\n|-start|p2b: Golurk|Throat Chop|[silent]\n|move|p1b: Floette|Calm Mind|p1b: Floette\n|-boost|p1b: Floette|spa|1\n|-boost|p1b: Floette|spd|1\n|\n|upkeep\n|turn|6\n|\n|t:|1775981829\n|move|p1b: Floette|Protect|p1b: Floette\n|-singleturn|p1b: Floette|Protect\n|move|p2a: Farigiraf|Hyper Voice|p1b: Floette|[spread] p1a\n|-activate|p1b: Floette|move: Protect\n|-damage|p1a: Incineroar|72/100\n|move|p2b: Golurk|Poltergeist|p1b: Floette\n|-activate|p1b: Floette|move: Protect\n|move|p1a: Incineroar|Throat Chop|p2b: Golurk\n|-supereffective|p2b: Golurk|1\n|-damage|p2b: Golurk|0 fnt\n|faint|p2b: Golurk\n|\n|upkeep\n|inactive|33daan has 30 seconds left.\n|\n|t:|1775981858\n|switch|p2b: Sinistcha|Sinistcha, L50|95/100\n|turn|7\n|inactive|33daan has 30 seconds left.\n|inactive|33daan has 20 seconds left.\n|inactive|33daan has 15 seconds left.\n|inactive|33daan has 10 seconds left.\n|\n|t:|1775981908\n|switch|p1a: Sinistcha|Sinistcha, L50|18/100\n|-heal|p1b: Floette|91/100|[from] ability: Hospitality|[of] p1a: Sinistcha\n|move|p2a: Farigiraf|Hyper Voice|p1a: Sinistcha|[spread] p1b\n|-immune|p1a: Sinistcha\n|-damage|p1b: Floette|82/100\n|move|p2b: Sinistcha|Matcha Gotcha|p1a: Sinistcha|[spread] p1b\n|-miss|p2b: Sinistcha|p1a: Sinistcha\n|-damage|p1b: Floette|73/100\n|-heal|p2b: Sinistcha|99/100|[from] drain|[of] p1b: Floette\n|move|p1b: Floette|Moonblast|p2b: Sinistcha\n|-damage|p2b: Sinistcha|0 fnt\n|faint|p2b: Sinistcha\n|\n|-fieldend|move: Trick Room\n|upkeep\n|-message|33daan forfeited.\n|\n|win|silvermagicianvgc\n|raw|silvermagicianvgc's rating: 1279 &rarr; <strong>1303</strong><br />(+24 for winning)\n|raw|33daan's rating: 1260 &rarr; <strong>1236</strong><br />(-24 for losing)\n|l|\u260633daan\n|player|p2|\n|l|\u2606silvermagicianvgc\n|player|p1|\n",
  "uploadtime": 1775981953,
  "views": 22,
  "formatid": "gen9championsvgc2026regma",
  "rating": 1236,
  "private": 0,
  "password": null
}