{
  "id": "gen9championsvgc2026regma-2584305160",
  "format": "[Gen 9 Champions] VGC 2026 Reg M-A",
  "players": [
    "xiaolonghu",
    "fangyusuhe"
  ],
  "log": "|j|\u2606xiaolonghu\n|j|\u2606fangyusuhe\n|t:|1776249306\n|gametype|doubles\n|player|p1|xiaolonghu|170|1432\n|player|p2|fangyusuhe|dawn|1498\n|gen|9\n|tier|[Gen 9 Champions] VGC 2026 Reg M-A\n|rated|\n|rule|Species Clause: Limit one of each Pok\u00e9mon\n|rule|Item Clause: Limit 1 of each item\n|clearpoke\n|poke|p1|Aerodactyl, L50, F|\n|poke|p1|Kingambit, L50, M|\n|poke|p1|Basculegion-F, L50, F|\n|poke|p1|Sneasler, L50, F|\n|poke|p1|Gardevoir, L50, M|\n|poke|p1|Mamoswine, L50, F|\n|poke|p2|Charizard, L50, F|\n|poke|p2|Sneasler, L50, M|\n|poke|p2|Basculegion, L50, M|\n|poke|p2|Garchomp, L50, F|\n|poke|p2|Incineroar, L50, M|\n|poke|p2|Venusaur, L50, M|\n|teampreview|4\n|inactive|Battle timer is ON: inactive players will automatically lose when time's up. (requested by xiaolonghu)\n|inactive|xiaolonghu has 60 seconds left.\n|\n|t:|1776249339\n|teamsize|p1|4\n|teamsize|p2|4\n|start\n|switch|p1a: Aerodactyl|Aerodactyl, L50, F|100/100\n|switch|p1b: Mamoswine|Mamoswine, L50, F|100/100\n|switch|p2a: Sneasler|Sneasler, L50, M|100/100\n|switch|p2b: Garchomp|Garchomp, L50, F|100/100\n|-ability|p1a: Aerodactyl|Unnerve\n|turn|1\n|\n|t:|1776249359\n|move|p2a: Sneasler|Fake Out|p1a: Aerodactyl\n|-resisted|p1a: Aerodactyl|1\n|-damage|p1a: Aerodactyl|89/100\n|cant|p1a: Aerodactyl|flinch\n|move|p2b: Garchomp|Rock Slide|p1a: Aerodactyl|[spread] p1a,p1b\n|-supereffective|p1a: Aerodactyl|1\n|-damage|p1a: Aerodactyl|19/100\n|-damage|p1b: Mamoswine|81/100\n|cant|p1b: Mamoswine|flinch\n|\n|upkeep\n|turn|2\n|\n|t:|1776249378\n|move|p2a: Sneasler|Protect|p2a: Sneasler\n|-singleturn|p2a: Sneasler|Protect\n|move|p1a: Aerodactyl|Tailwind|p1a: Aerodactyl\n|-sidestart|p1: xiaolonghu|move: Tailwind\n|move|p1b: Mamoswine|Earthquake|p2a: Sneasler|[spread] p2b\n|-activate|p2a: Sneasler|move: Protect\n|-immune|p1a: Aerodactyl\n|-damage|p2b: Garchomp|63/100\n|move|p2b: Garchomp|Rock Slide|p1b: Mamoswine|[spread] p1a,p1b\n|-supereffective|p1a: Aerodactyl|1\n|-damage|p1a: Aerodactyl|0 fnt\n|-damage|p1b: Mamoswine|63/100\n|faint|p1a: Aerodactyl\n|\n|upkeep\n|\n|t:|1776249389\n|switch|p1a: Gardevoir|Gardevoir, L50, M|100/100\n|-ability|p1a: Gardevoir|Unburden|Trace|[from] ability: Trace|[of] p2a: Sneasler\n|turn|3\n|\n|t:|1776249407\n|detailschange|p1a: Gardevoir|Gardevoir-Mega, L50, M\n|-mega|p1a: Gardevoir|Gardevoir|Gardevoirite\n|move|p2a: Sneasler|Protect||[still]\n|-fail|p2a: Sneasler\n|move|p2b: Garchomp|Protect|p2b: Garchomp\n|-singleturn|p2b: Garchomp|Protect\n|move|p1a: Gardevoir|Hyper Voice|p2a: Sneasler|[spread] p2a\n|-activate|p2b: Garchomp|move: Protect\n|-damage|p2a: Sneasler|20/100\n|move|p1b: Mamoswine|Icicle Crash|p2a: Sneasler|[miss]\n|-miss|p1b: Mamoswine|p2a: Sneasler\n|\n|upkeep\n|turn|4\n|\n|t:|1776249429\n|switch|p2a: Charizard|Charizard, L50, F|100/100\n|switch|p2b: Venusaur|Venusaur, L50, M|100/100\n|move|p1a: Gardevoir|Hyper Voice|p2b: Venusaur|[spread] p2a,p2b\n|-resisted|p2a: Charizard|1\n|-resisted|p2b: Venusaur|1\n|-damage|p2a: Charizard|66/100\n|-damage|p2b: Venusaur|71/100\n|move|p1b: Mamoswine|Icicle Crash|p2b: Venusaur\n|-supereffective|p2b: Venusaur|1\n|-damage|p2b: Venusaur|0 fnt\n|faint|p2b: Venusaur\n|\n|upkeep\n|\n|t:|1776249441\n|switch|p2b: Sneasler|Sneasler, L50, M|20/100\n|turn|5\n|inactive|xiaolonghu has 30 seconds left.\n|\n|t:|1776249468\n|move|p2b: Sneasler|Protect|p2b: Sneasler\n|-singleturn|p2b: Sneasler|Protect\n|move|p2a: Charizard|Protect|p2a: Charizard\n|-singleturn|p2a: Charizard|Protect\n|move|p1b: Mamoswine|Icicle Crash|p2a: Charizard\n|-activate|p2a: Charizard|move: Protect\n|move|p1a: Gardevoir|Trick Room|p1a: Gardevoir\n|-fieldstart|move: Trick Room|[of] p1a: Gardevoir\n|\n|-sideend|p1: xiaolonghu|move: Tailwind\n|upkeep\n|turn|6\n|\n|t:|1776249485\n|detailschange|p2a: Charizard|Charizard-Mega-Y, L50, F\n|-mega|p2a: Charizard|Charizard|Charizardite Y\n|-weather|SunnyDay|[from] ability: Drought|[of] p2a: Charizard\n|move|p2b: Sneasler|Fake Out||[still]\n|-hint|Fake Out only works on your first turn out.\n|-fail|p2b: Sneasler\n|move|p1b: Mamoswine|Icicle Crash|p2a: Charizard\n|-damage|p2a: Charizard|11/100\n|move|p1a: Gardevoir|Hyper Voice|p2a: Charizard|[spread] p2a,p2b\n|-resisted|p2a: Charizard|1\n|-damage|p2a: Charizard|0 fnt\n|-damage|p2b: Sneasler|0 fnt\n|faint|p2a: Charizard\n|faint|p2b: Sneasler\n|\n|-weather|SunnyDay|[upkeep]\n|upkeep\n|j| r4gn4r96\n|\n|t:|1776249496\n|switch|p2a: Garchomp|Garchomp, L50, F|63/100\n|turn|7\n|-message|fangyusuhe forfeited.\n|\n|win|xiaolonghu\n|raw|xiaolonghu's rating: 1432 &rarr; <strong>1456</strong><br />(+24 for winning)\n|raw|fangyusuhe's rating: 1498 &rarr; <strong>1474</strong><br />(-24 for losing)\n|l|\u2606xiaolonghu\n|player|p1|\n|l|\u2606fangyusuhe\n|player|p2|\n",
  "uploadtime": 1776249561,
  "views": 46,
  "formatid": "gen9championsvgc2026regma",
  "rating": 1456,
  "private": 0,
  "password": null
}