{
  "id": "gen9championsvgc2026regma-2582947250",
  "format": "[Gen 9 Champions] VGC 2026 Reg M-A",
  "players": [
    "NeoNecrozma504",
    "OneRandomMawile"
  ],
  "log": "|j|\u2606NeoNecrozma504\n|j|\u2606OneRandomMawile\n|t:|1776127486\n|gametype|doubles\n|player|p1|NeoNecrozma504|lady|\n|player|p2|OneRandomMawile|miku-water|\n|gen|9\n|tier|[Gen 9 Champions] VGC 2026 Reg M-A\n|rule|Species Clause: Limit one of each Pok\u00e9mon\n|rule|Item Clause: Limit 1 of each item\n|clearpoke\n|poke|p1|Politoed, L50, F|\n|poke|p1|Archaludon, L50, M|\n|poke|p1|Meganium, L50, F|\n|poke|p1|Basculegion, L50, M|\n|poke|p1|Dragonite, L50, M|\n|poke|p1|Sinistcha, L50|\n|poke|p2|Garchomp, L50, F|\n|poke|p2|Tyranitar, L50, M|\n|poke|p2|Skarmory, L50, M|\n|poke|p2|Farigiraf, L50, F|\n|poke|p2|Incineroar, L50, F|\n|poke|p2|Rotom-Wash, L50|\n|teampreview|4\n|\n|t:|1776127529\n|teamsize|p1|4\n|teamsize|p2|4\n|start\n|switch|p1a: Seared Steak|Basculegion, L50, M, shiny|100/100\n|switch|p1b: Wy-wing|Dragonite, L50, M|100/100\n|switch|p2a: Big Man Tar|Tyranitar, L50, M|100/100\n|switch|p2b: DAMN!!!|Skarmory, L50, M, shiny|100/100\n|-weather|Sandstorm|[from] ability: Sand Stream|[of] p2a: Big Man Tar\n|turn|1\n|\n|t:|1776127629\n|switch|p2a: 2Factor Auth|Farigiraf, L50, F|100/100\n|detailschange|p1b: Wy-wing|Dragonite-Mega, L50, M\n|-mega|p1b: Wy-wing|Dragonite|Dragoninite\n|detailschange|p2b: DAMN!!!|Skarmory-Mega, L50, M, shiny\n|-mega|p2b: DAMN!!!|Skarmory|Skarmorite\n|move|p1a: Seared Steak|Flip Turn|p2b: DAMN!!!\n|-damage|p2b: DAMN!!!|53/100\n|\n|t:|1776127639\n|switch|p1a: Forg|Politoed, L50, F|100/100|[from] Flip Turn\n|-weather|RainDance|[from] ability: Drizzle|[of] p1a: Forg\n|move|p2b: DAMN!!!|Tailwind|p2b: DAMN!!!\n|-sidestart|p2: OneRandomMawile|move: Tailwind\n|move|p1b: Wy-wing|Tailwind|p1b: Wy-wing\n|-sidestart|p1: NeoNecrozma504|move: Tailwind\n|\n|-weather|RainDance|[upkeep]\n|upkeep\n|turn|2\n|\n|t:|1776127710\n|switch|p2b: Big Man Tar|Tyranitar, L50, M|100/100\n|-weather|Sandstorm|[from] ability: Sand Stream|[of] p2b: Big Man Tar\n|move|p1a: Forg|Helping Hand|p1b: Wy-wing\n|-singleturn|p1b: Wy-wing|Helping Hand|[of] p1a: Forg\n|move|p1b: Wy-wing|Hurricane|p2a: 2Factor Auth\n|-damage|p2a: 2Factor Auth|4/100\n|move|p2a: 2Factor Auth|Hyper Voice|p1a: Forg|[spread] p1a,p1b\n|-crit|p1b: Wy-wing\n|-damage|p1a: Forg|79/100\n|-damage|p1b: Wy-wing|79/100\n|\n|-weather|Sandstorm|[upkeep]\n|-damage|p1b: Wy-wing|73/100|[from] Sandstorm\n|-damage|p1a: Forg|73/100|[from] Sandstorm\n|-damage|p2a: 2Factor Auth|0 fnt|[from] Sandstorm\n|faint|p2a: 2Factor Auth\n|-heal|p1a: Forg|79/100|[from] item: Leftovers\n|upkeep\n|\n|t:|1776127741\n|switch|p2a: DAMN!!!|Skarmory-Mega, L50, M, shiny|53/100\n|turn|3\n|\n|t:|1776127756\n|move|p1b: Wy-wing|Protect|p1b: Wy-wing\n|-singleturn|p1b: Wy-wing|Protect\n|move|p2b: Big Man Tar|Rock Slide|p1a: Forg|[spread] p1a\n|-activate|p1b: Wy-wing|move: Protect\n|-damage|p1a: Forg|47/100\n|move|p2a: DAMN!!!|Brave Bird|p1a: Forg\n|-damage|p1a: Forg|0 fnt\n|faint|p1a: Forg\n|-damage|p2a: DAMN!!!|31/100|[from] Recoil\n|\n|-weather|Sandstorm|[upkeep]\n|-damage|p1b: Wy-wing|67/100|[from] Sandstorm\n|upkeep\n|\n|t:|1776127769\n|switch|p1a: Seared Steak|Basculegion, L50, M, shiny|100/100\n|turn|4\n|\n|t:|1776127807\n|switch|p2a: Survivor|Incineroar, L50, F|100/100\n|-ability|p2a: Survivor|Intimidate|boost\n|-unboost|p1a: Seared Steak|atk|1\n|-unboost|p1b: Wy-wing|atk|1\n|move|p1a: Seared Steak|Wave Crash|p2b: Big Man Tar\n|-supereffective|p2b: Big Man Tar|1\n|-damage|p2b: Big Man Tar|0 fnt\n|faint|p2b: Big Man Tar\n|-damage|p1a: Seared Steak|71/100|[from] Recoil\n|move|p1b: Wy-wing|Draco Meteor|p2a: Survivor\n|-damage|p2a: Survivor|37/100\n|-unboost|p1b: Wy-wing|spa|2\n|\n|-weather|Sandstorm|[upkeep]\n|-damage|p1a: Seared Steak|65/100|[from] Sandstorm\n|-damage|p1b: Wy-wing|61/100|[from] Sandstorm\n|-damage|p2a: Survivor|31/100|[from] Sandstorm\n|-heal|p2a: Survivor|37/100|[from] item: Leftovers\n|-sideend|p2: OneRandomMawile|move: Tailwind\n|-sideend|p1: NeoNecrozma504|move: Tailwind\n|upkeep\n|\n|t:|1776127826\n|switch|p2b: DAMN!!!|Skarmory-Mega, L50, M, shiny|31/100\n|turn|5\n|\n|t:|1776127897\n|switch|p1b: goopy|Sinistcha, L50|100/100\n|-heal|p1a: Seared Steak|89/100|[from] ability: Hospitality|[of] p1b: goopy\n|move|p1a: Seared Steak|Wave Crash|p2b: DAMN!!!\n|-damage|p2b: DAMN!!!|0 fnt\n|faint|p2b: DAMN!!!\n|-damage|p1a: Seared Steak|82/100|[from] Recoil\n|move|p2a: Survivor|Flare Blitz|p1a: Seared Steak\n|-resisted|p1a: Seared Steak|1\n|-damage|p1a: Seared Steak|46/100\n|-damage|p2a: Survivor|25/100|[from] Recoil\n|\n|-weather|Sandstorm|[upkeep]\n|-damage|p1a: Seared Steak|39/100|[from] Sandstorm\n|-damage|p1b: goopy|94/100|[from] Sandstorm\n|-damage|p2a: Survivor|19/100|[from] Sandstorm\n|-heal|p2a: Survivor|25/100|[from] item: Leftovers\n|upkeep\n|turn|6\n|\n|t:|1776127960\n|move|p1b: goopy|Rage Powder|p1b: goopy\n|-singleturn|p1b: goopy|move: Rage Powder\n|move|p1a: Seared Steak|Wave Crash|p2a: Survivor\n|-supereffective|p2a: Survivor|1\n|-damage|p2a: Survivor|0 fnt\n|faint|p2a: Survivor\n|-damage|p1a: Seared Steak|31/100|[from] Recoil\n|\n|win|NeoNecrozma504\n|l|\u2606OneRandomMawile\n|player|p2|\n|l|\u2606NeoNecrozma504\n|player|p1|\n|j|\u2606NeoNecrozma504\n|player|p1|NeoNecrozma504|lady|\n",
  "uploadtime": 1776128224,
  "views": 9,
  "formatid": "gen9championsvgc2026regma",
  "rating": null,
  "private": 0,
  "password": null
}