{
  "id": "gen9championsvgc2026regma-2583633511",
  "format": "[Gen 9 Champions] VGC 2026 Reg M-A",
  "players": [
    "thatsaltyguy",
    "donkdilldhany"
  ],
  "log": "|j|\u2606thatsaltyguy\n|j|\u2606donkdilldhany\n|t:|1776187768\n|gametype|doubles\n|player|p1|thatsaltyguy|102|1076\n|player|p2|donkdilldhany|schoolkid-gen4|1159\n|gen|9\n|tier|[Gen 9 Champions] VGC 2026 Reg M-A\n|rated|\n|rule|Species Clause: Limit one of each Pok\u00e9mon\n|rule|Item Clause: Limit 1 of each item\n|clearpoke\n|poke|p1|Farigiraf, L50, M|\n|poke|p1|Crabominable, L50, M|\n|poke|p1|Torkoal, L50, M|\n|poke|p1|Sinistcha, L50|\n|poke|p1|Incineroar, L50, F|\n|poke|p1|Rhyperior, L50, F|\n|poke|p2|Milotic, L50, F|\n|poke|p2|Basculegion, L50, M|\n|poke|p2|Lycanroc-Dusk, L50, F|\n|poke|p2|Gardevoir, L50, F|\n|poke|p2|Froslass, L50, F|\n|poke|p2|Whimsicott, L50, M|\n|teampreview|4\n|inactive|Battle timer is ON: inactive players will automatically lose when time's up. (requested by thatsaltyguy)\n|\n|t:|1776187807\n|teamsize|p1|4\n|teamsize|p2|4\n|start\n|switch|p1a: Farigiraf|Farigiraf, L50, M, shiny|100/100\n|switch|p1b: Crabominable|Crabominable, L50, M, shiny|100/100\n|switch|p2a: Basculegion|Basculegion, L50, M|100/100\n|switch|p2b: Froslass|Froslass, L50, F|100/100\n|turn|1\n|inactive|thatsaltyguy has 30 seconds left.\n|\n|t:|1776187839\n|detailschange|p2b: Froslass|Froslass-Mega, L50, F\n|-mega|p2b: Froslass|Froslass|Froslassite\n|-weather|Snowscape|[from] ability: Snow Warning|[of] p2b: Froslass\n|detailschange|p1b: Crabominable|Crabominable-Mega, L50, M, shiny\n|-mega|p1b: Crabominable|Crabominable|Crabominite\n|move|p2a: Basculegion|Wave Crash|p1a: Farigiraf\n|-damage|p1a: Farigiraf|41/100\n|-damage|p2a: Basculegion|78/100|[from] Recoil\n|move|p2b: Froslass|Aurora Veil|p2b: Froslass\n|-sidestart|p2: donkdilldhany|move: Aurora Veil\n|move|p1b: Crabominable|Ice Hammer|p2a: Basculegion\n|-resisted|p2a: Basculegion|1\n|-damage|p2a: Basculegion|42/100\n|-unboost|p1b: Crabominable|spe|1\n|move|p1a: Farigiraf|Trick Room|p1a: Farigiraf\n|-fieldstart|move: Trick Room|[of] p1a: Farigiraf\n|\n|-weather|Snowscape|[upkeep]\n|upkeep\n|turn|2\n|inactive|donkdilldhany has 30 seconds left.\n|\n|t:|1776187865\n|move|p1b: Crabominable|Ice Hammer|p2a: Basculegion\n|-resisted|p2a: Basculegion|1\n|-damage|p2a: Basculegion|9/100\n|-unboost|p1b: Crabominable|spe|1\n|move|p1a: Farigiraf|Psychic|p2a: Basculegion\n|-damage|p2a: Basculegion|0 fnt\n|faint|p2a: Basculegion\n|move|p2b: Froslass|Blizzard|p1a: Farigiraf|[spread] p1a,p1b\n|-resisted|p1b: Crabominable|1\n|-damage|p1a: Farigiraf|0 fnt\n|-damage|p1b: Crabominable|81/100\n|faint|p1a: Farigiraf\n|\n|-weather|Snowscape|[upkeep]\n|upkeep\n|\n|t:|1776187881\n|switch|p1a: Torkoal|Torkoal, L50, M, shiny|100/100\n|switch|p2a: Milotic|Milotic, L50, F|100/100\n|-weather|SunnyDay|[from] ability: Drought|[of] p1a: Torkoal\n|turn|3\n|\n|t:|1776187894\n|move|p2a: Milotic|Protect|p2a: Milotic\n|-singleturn|p2a: Milotic|Protect\n|move|p2b: Froslass|Protect|p2b: Froslass\n|-singleturn|p2b: Froslass|Protect\n|move|p1b: Crabominable|Drain Punch|p2a: Milotic\n|-activate|p2a: Milotic|move: Protect\n|move|p1a: Torkoal|Eruption|p2b: Froslass|[spread] \n|-activate|p2a: Milotic|move: Protect\n|-activate|p2b: Froslass|move: Protect\n|\n|-weather|SunnyDay|[upkeep]\n|upkeep\n|turn|4\n|inactive|donkdilldhany has 30 seconds left.\n|inactive|donkdilldhany has 20 seconds left.\n|inactive|donkdilldhany has 15 seconds left.\n|inactive|donkdilldhany has 10 seconds left.\n|\n|t:|1776187940\n|move|p1b: Crabominable|Ice Hammer|p2b: Froslass\n|-resisted|p2b: Froslass|1\n|-damage|p2b: Froslass|62/100\n|-unboost|p1b: Crabominable|spe|1\n|move|p1a: Torkoal|Eruption|p2b: Froslass|[spread] p2a,p2b\n|-resisted|p2a: Milotic|1\n|-supereffective|p2b: Froslass|1\n|-damage|p2a: Milotic|80/100\n|-damage|p2b: Froslass|0 fnt\n|faint|p2b: Froslass\n|move|p2a: Milotic|Scald|p1b: Crabominable\n|-damage|p1b: Crabominable|68/100\n|\n|-weather|SunnyDay|[upkeep]\n|-heal|p2a: Milotic|86/100|[from] item: Leftovers\n|upkeep\n|\n|t:|1776187953\n|switch|p2b: Whimsicott|Whimsicott, L50, M|100/100\n|turn|5\n|inactive|donkdilldhany has 30 seconds left.\n|inactive|donkdilldhany has 20 seconds left.\n|\n|t:|1776187990\n|switch|p1a: Sinistcha|Sinistcha, L50, shiny|100/100\n|-heal|p1b: Crabominable|93/100|[from] ability: Hospitality|[of] p1a: Sinistcha\n|move|p2a: Milotic|Protect|p2a: Milotic\n|-singleturn|p2a: Milotic|Protect\n|move|p2b: Whimsicott|Encore|p1b: Crabominable\n|-start|p1b: Crabominable|Encore\n|move|p1b: Crabominable|Ice Hammer|p2a: Milotic\n|-activate|p2a: Milotic|move: Protect\n|\n|-weather|SunnyDay|[upkeep]\n|-heal|p2a: Milotic|92/100|[from] item: Leftovers\n|-sideend|p2: donkdilldhany|move: Aurora Veil\n|-fieldend|move: Trick Room\n|upkeep\n|turn|6\n|\n|t:|1776188010\n|move|p2a: Milotic|Icy Wind|p1b: Crabominable|[spread] p1a,p1b\n|-supereffective|p1a: Sinistcha|1\n|-resisted|p1b: Crabominable|1\n|-damage|p1a: Sinistcha|77/100\n|-damage|p1b: Crabominable|88/100\n|-unboost|p1a: Sinistcha|spe|1\n|-unboost|p1b: Crabominable|spe|1\n|move|p1a: Sinistcha|Life Dew|p1a: Sinistcha|[spread] p1a,p1b\n|-heal|p1a: Sinistcha|100/100\n|-heal|p1b: Crabominable|100/100\n|move|p1b: Crabominable|Ice Hammer|p2b: Whimsicott\n|-supereffective|p2b: Whimsicott|1\n|-damage|p2b: Whimsicott|0 fnt\n|-unboost|p1b: Crabominable|spe|1\n|faint|p2b: Whimsicott\n|\n|-weather|SunnyDay|[upkeep]\n|-heal|p2a: Milotic|98/100|[from] item: Leftovers\n|upkeep\n|turn|7\n|-message|donkdilldhany forfeited.\n|\n|win|thatsaltyguy\n|raw|thatsaltyguy's rating: 1076 &rarr; <strong>1111</strong><br />(+35 for winning)\n|raw|donkdilldhany's rating: 1159 &rarr; <strong>1128</strong><br />(-31 for losing)\n|l|\u2606donkdilldhany\n|player|p2|\n",
  "uploadtime": 1776188031,
  "views": 33,
  "formatid": "gen9championsvgc2026regma",
  "rating": 1111,
  "private": 0,
  "password": null
}