{
  "id": "gen9championsvgc2026regma-2580722503",
  "format": "[Gen 9 Champions] VGC 2026 Reg M-A",
  "players": [
    "qfzx",
    "atfalse"
  ],
  "log": "|j|\u2606qfzx\n|j|\u2606atfalse\n|t:|1775927168\n|gametype|doubles\n|player|p1|qfzx|cynthia-gen4|1218\n|player|p2|atfalse|shadowtriad|1326\n|gen|9\n|tier|[Gen 9 Champions] VGC 2026 Reg M-A\n|rated|\n|rule|Species Clause: Limit one of each Pok\u00e9mon\n|rule|Item Clause: Limit 1 of each item\n|clearpoke\n|poke|p1|Aerodactyl, L50, M|\n|poke|p1|Floette-Eternal, L50, F|\n|poke|p1|Garchomp, L50, F|\n|poke|p1|Kingambit, L50, F|\n|poke|p1|Incineroar, L50, M|\n|poke|p1|Gengar, L50, M|\n|poke|p2|Maushold, L50|\n|poke|p2|Garchomp, L50, F|\n|poke|p2|Rotom-Wash, L50|\n|poke|p2|Floette-Eternal, L50, F|\n|poke|p2|Talonflame, L50, F|\n|poke|p2|Aegislash, L50, M|\n|teampreview|4\n|inactive|Battle timer is ON: inactive players will automatically lose when time's up. (requested by qfzx)\n|inactive|qfzx has 60 seconds left.\n|inactive|atfalse has 60 seconds left.\nqfzx rejected open team sheets.\n|\n|t:|1775927205\n|teamsize|p1|4\n|teamsize|p2|4\n|start\n|switch|p1a: Gengar|Gengar, L50, M, shiny|100/100\n|switch|p1b: Incineroar|Incineroar, L50, M, shiny|100/100\n|switch|p2a: Floette|Floette-Eternal, L50, F|100/100\n|switch|p2b: Maushold|Maushold, L50|100/100\n|-ability|p1b: Incineroar|Intimidate|boost\n|-unboost|p2a: Floette|atk|1\n|-unboost|p2b: Maushold|atk|1\n|turn|1\n|inactive|atfalse has 30 seconds left.\n|inactive|atfalse has 20 seconds left.\n|\n|t:|1775927249\n|switch|p2a: Garchomp|Garchomp, L50, F|100/100\n|detailschange|p1a: Gengar|Gengar-Mega, L50, M, shiny\n|-mega|p1a: Gengar|Gengar|Gengarite\n|move|p2b: Maushold|Protect|p2b: Maushold\n|-singleturn|p2b: Maushold|Protect\n|move|p1b: Incineroar|Fake Out|p2b: Maushold\n|-activate|p2b: Maushold|move: Protect\n|move|p1a: Gengar|Sludge Wave|p2a: Garchomp|[spread] p1b,p2a\n|-activate|p2b: Maushold|move: Protect\n|-resisted|p2a: Garchomp|1\n|-damage|p1b: Incineroar|50/100\n|-damage|p2a: Garchomp|79/100\n|-status|p2a: Garchomp|psn\n|\n|-damage|p2a: Garchomp|66/100 psn|[from] psn\n|upkeep\n|turn|2\n|inactive|atfalse has 30 seconds left.\n|\n|t:|1775927277\n|switch|p1b: Aerodactyl|Aerodactyl, L50, M, shiny|100/100\n|-ability|p1b: Aerodactyl|Pressure\n|move|p1a: Gengar|Protect|p1a: Gengar\n|-singleturn|p1a: Gengar|Protect\n|move|p2b: Maushold|Follow Me|p2b: Maushold\n|-singleturn|p2b: Maushold|move: Follow Me\n|move|p2a: Garchomp|Earthquake|p1a: Gengar|[spread] p2b\n|-activate|p1a: Gengar|move: Protect\n|-immune|p1b: Aerodactyl\n|-damage|p2b: Maushold|36/100\n|\n|-damage|p2a: Garchomp|54/100 psn|[from] psn\n|upkeep\n|turn|3\n|inactive|atfalse has 30 seconds left.\n|\n|t:|1775927306\n|move|p1b: Aerodactyl|Dual Wingbeat|p2a: Garchomp\n|-damage|p2a: Garchomp|40/100 psn\n|-damage|p1b: Aerodactyl|88/100|[from] ability: Rough Skin|[of] p2a: Garchomp\n|-damage|p2a: Garchomp|27/100 psn\n|-damage|p1b: Aerodactyl|76/100|[from] ability: Rough Skin|[of] p2a: Garchomp\n|-hitcount|p2a: Garchomp|2\n|move|p1a: Gengar|Sludge Wave|p2b: Maushold|[spread] p1b,p2a,p2b\n|-resisted|p1b: Aerodactyl|1\n|-resisted|p2a: Garchomp|1\n|-damage|p1b: Aerodactyl|39/100\n|-damage|p2a: Garchomp|8/100 psn\n|-damage|p2b: Maushold|0 fnt\n|faint|p2b: Maushold\n|move|p2a: Garchomp|Stomping Tantrum|p1a: Gengar\n|-supereffective|p1a: Gengar|1\n|-damage|p1a: Gengar|0 fnt\n|faint|p1a: Gengar\n|\n|-damage|p2a: Garchomp|0 fnt|[from] psn\n|faint|p2a: Garchomp\n|upkeep\n|\n|t:|1775927324\n|switch|p1a: Garchomp|Garchomp, L50, F, shiny|100/100\n|switch|p2b: Floette|Floette-Eternal, L50, F|100/100\n|switch|p2a: Rotom|Rotom-Wash, L50|100/100\n|turn|4\n|inactive|qfzx has 30 seconds left.\n|\n|t:|1775927355\n|detailschange|p2b: Floette|Floette-Mega, L50, F\n|-mega|p2b: Floette|Floette|Floettite\n|-ability|p2b: Floette|Fairy Aura\n|move|p1a: Garchomp|Rock Slide|p2a: Rotom|[spread] p2a,p2b\n|-damage|p2a: Rotom|81/100\n|-damage|p2b: Floette|80/100\n|move|p1b: Aerodactyl|Rock Slide|p2a: Rotom|[spread] p2a,p2b\n|-damage|p2a: Rotom|53/100\n|-damage|p2b: Floette|52/100\n|cant|p2b: Floette|flinch\n|move|p2a: Rotom|Hydro Pump|p1a: Garchomp\n|-damage|p1a: Garchomp|44/100\n|\n|upkeep\n|turn|5\n|\n|t:|1775927376\n|move|p1a: Garchomp|Rock Slide|p2a: Rotom|[spread] p2a,p2b\n|-damage|p2a: Rotom|34/100\n|-damage|p2b: Floette|30/100\n|-enditem|p2a: Rotom|Sitrus Berry|[eat]\n|-heal|p2a: Rotom|58/100|[from] item: Sitrus Berry\n|move|p1b: Aerodactyl|Rock Slide|p2b: Floette|[spread] p2a,p2b\n|-damage|p2a: Rotom|32/100\n|-damage|p2b: Floette|0 fnt\n|faint|p2b: Floette\n|cant|p2a: Rotom|flinch\n|\n|upkeep\n|turn|6\n|-message|atfalse forfeited.\n|\n|win|qfzx\n|raw|qfzx's rating: 1218 &rarr; <strong>1251</strong><br />(+33 for winning)\n|raw|atfalse's rating: 1326 &rarr; <strong>1300</strong><br />(-26 for losing)\n|l|\u2606atfalse\n|player|p2|\n|l|\u2606qfzx\n|player|p1|\n",
  "uploadtime": 1775927403,
  "views": 77,
  "formatid": "gen9championsvgc2026regma",
  "rating": 1251,
  "private": 0,
  "password": null
}