{
  "id": "gen9championsvgc2026regma-2587788957",
  "format": "[Gen 9 Champions] VGC 2026 Reg M-A",
  "players": [
    "khanhnguyen11",
    "Phaze919"
  ],
  "log": "|j|\u2606khanhnguyen11\n|j|\u2606Phaze919\n|t:|1776564144\n|gametype|doubles\n|player|p1|khanhnguyen11|lance|1200\n|player|p2|Phaze919|102|1222\n|gen|9\n|tier|[Gen 9 Champions] VGC 2026 Reg M-A\n|rated|\n|rule|Species Clause: Limit one of each Pok\u00e9mon\n|rule|Item Clause: Limit 1 of each item\n|clearpoke\n|poke|p1|Aerodactyl, L50, F|\n|poke|p1|Incineroar, L50, M|\n|poke|p1|Floette-Eternal, L50, F|\n|poke|p1|Basculegion, L50, M|\n|poke|p1|Garchomp, L50, M|\n|poke|p1|Sneasler, L50, F|\n|poke|p2|Milotic, L50, M|\n|poke|p2|Pelipper, L50, M|\n|poke|p2|Sinistcha, L50|\n|poke|p2|Kingambit, L50, F|\n|poke|p2|Aerodactyl, L50, F|\n|poke|p2|Meganium, L50, F|\n|teampreview|4\n|inactive|Battle timer is ON: inactive players will automatically lose when time's up. (requested by khanhnguyen11)\nkhanhnguyen11 rejected open team sheets.\n|inactive|khanhnguyen11 has 60 seconds left.\n|\n|t:|1776564178\n|teamsize|p1|4\n|teamsize|p2|4\n|start\n|switch|p1a: Aerodactyl|Aerodactyl, L50, F|100/100\n|switch|p1b: Floette|Floette-Eternal, L50, F|100/100\n|switch|p2a: Milotic|Milotic, L50, M|100/100\n|switch|p2b: Pelipper|Pelipper, L50, M|100/100\n|-ability|p1a: Aerodactyl|Unnerve\n|-weather|RainDance|[from] ability: Drizzle|[of] p2b: Pelipper\n|turn|1\n|inactive|khanhnguyen11 has 30 seconds left.\n|inactive|khanhnguyen11 has 20 seconds left.\n|inactive|Phaze919 has 30 seconds left.\n|inactive|khanhnguyen11 has 15 seconds left.\n|\n|t:|1776564219\n|detailschange|p1b: Floette|Floette-Mega, L50, F\n|-mega|p1b: Floette|Floette|Floettite\n|-ability|p1b: Floette|Fairy Aura\n|move|p2b: Pelipper|Protect|p2b: Pelipper\n|-singleturn|p2b: Pelipper|Protect\n|move|p1a: Aerodactyl|Rock Slide|p2a: Milotic|[spread] p2a\n|-activate|p2b: Pelipper|move: Protect\n|-damage|p2a: Milotic|72/100\n|move|p1b: Floette|Dazzling Gleam|p2b: Pelipper|[spread] p2a\n|-activate|p2b: Pelipper|move: Protect\n|-damage|p2a: Milotic|36/100\n|cant|p2a: Milotic|flinch\n|\n|-weather|RainDance|[upkeep]\n|-heal|p2a: Milotic|42/100|[from] item: Leftovers\n|upkeep\n|turn|2\n|\n|t:|1776564239\n|move|p1a: Aerodactyl|Rock Slide|p2a: Milotic|[spread] p2b\n|-miss|p1a: Aerodactyl|p2a: Milotic\n|-supereffective|p2b: Pelipper|1\n|-damage|p2b: Pelipper|49/100\n|move|p1b: Floette|Dazzling Gleam|p2b: Pelipper|[spread] p2a,p2b\n|-damage|p2a: Milotic|5/100\n|-damage|p2b: Pelipper|0 fnt\n|faint|p2b: Pelipper\n|move|p2a: Milotic|Icy Wind|p1b: Floette|[spread] p1a,p1b\n|-supereffective|p1a: Aerodactyl|1\n|-damage|p1a: Aerodactyl|60/100\n|-damage|p1b: Floette|90/100\n|-unboost|p1a: Aerodactyl|spe|1\n|-unboost|p1b: Floette|spe|1\n|\n|-weather|RainDance|[upkeep]\n|-heal|p2a: Milotic|11/100|[from] item: Leftovers\n|upkeep\n|\n|t:|1776564247\n|switch|p2b: Kingambit|Kingambit, L50, F|100/100\n|turn|3\n|\n|t:|1776564259\n|move|p1b: Floette|Protect|p1b: Floette\n|-singleturn|p1b: Floette|Protect\n|move|p1a: Aerodactyl|Tailwind|p1a: Aerodactyl\n|-sidestart|p1: khanhnguyen11|move: Tailwind\n|move|p2a: Milotic|Recover|p2a: Milotic\n|-heal|p2a: Milotic|61/100\n|move|p2b: Kingambit|Iron Head|p1a: Aerodactyl\n|-supereffective|p1a: Aerodactyl|1\n|-damage|p1a: Aerodactyl|0 fnt\n|faint|p1a: Aerodactyl\n|\n|-weather|RainDance|[upkeep]\n|-heal|p2a: Milotic|68/100|[from] item: Leftovers\n|upkeep\n|\n|t:|1776564275\n|switch|p1a: Sneasler|Sneasler, L50, F|100/100\n|turn|4\n|inactive|khanhnguyen11 has 30 seconds left.\n|\n|t:|1776564304\n|move|p2a: Milotic|Protect|p2a: Milotic\n|-singleturn|p2a: Milotic|Protect\n|move|p2b: Kingambit|Protect|p2b: Kingambit\n|-singleturn|p2b: Kingambit|Protect\n|move|p1a: Sneasler|Rock Tomb|p2a: Milotic\n|-activate|p2a: Milotic|move: Protect\n|move|p1b: Floette|Light of Ruin|p2a: Milotic\n|-activate|p2a: Milotic|move: Protect\n|\n|-weather|RainDance|[upkeep]\n|-heal|p2a: Milotic|74/100|[from] item: Leftovers\n|upkeep\n|turn|5\n|\n|t:|1776564324\n|move|p1a: Sneasler|Close Combat|p2b: Kingambit\n|-supereffective|p2b: Kingambit|2\n|-crit|p2b: Kingambit\n|-enditem|p2b: Kingambit|Chople Berry|[eat]\n|-enditem|p2b: Kingambit|Chople Berry|[weaken]\n|-damage|p2b: Kingambit|0 fnt\n|-unboost|p1a: Sneasler|def|1\n|-unboost|p1a: Sneasler|spd|1\n|faint|p2b: Kingambit\n|-enditem|p1a: Sneasler|White Herb\n|-clearnegativeboost|p1a: Sneasler|[silent]\n|move|p1b: Floette|Moonblast|p2a: Milotic\n|-damage|p2a: Milotic|13/100\n|move|p2a: Milotic|Icy Wind|p1b: Floette|[spread] p1b\n|-miss|p2a: Milotic|p1a: Sneasler\n|-damage|p1b: Floette|79/100\n|-unboost|p1b: Floette|spe|1\n|\n|-weather|none\n|-heal|p2a: Milotic|19/100|[from] item: Leftovers\n|upkeep\n|\n|t:|1776564341\n|switch|p2b: Sinistcha|Sinistcha, L50|100/100\n|-heal|p2a: Milotic|44/100|[from] ability: Hospitality|[of] p2b: Sinistcha\n|turn|6\n|c|\u2606Phaze919|ggs\n|\n|t:|1776564356\n|move|p1a: Sneasler|Dire Claw|p2b: Sinistcha\n|-damage|p2b: Sinistcha|67/100\n|-status|p2b: Sinistcha|slp\n|move|p1b: Floette|Dazzling Gleam|p2b: Sinistcha|[spread] p2a,p2b\n|-damage|p2a: Milotic|7/100\n|-damage|p2b: Sinistcha|16/100 slp\n|move|p2a: Milotic|Icy Wind|p1a: Sneasler|[spread] p1a,p1b\n|-damage|p1a: Sneasler|81/100\n|-damage|p1b: Floette|67/100\n|-unboost|p1a: Sneasler|spe|1\n|-unboost|p1b: Floette|spe|1\n|cant|p2b: Sinistcha|slp\n|\n|-heal|p2a: Milotic|13/100|[from] item: Leftovers\n|-sideend|p1: khanhnguyen11|move: Tailwind\n|upkeep\n|turn|7\n|c|\u2606khanhnguyen11|Hm>\n|c|\u2606khanhnguyen11|why gg?\n|c|\u2606Phaze919|i aint winning\n|\n|t:|1776564375\n|move|p1a: Sneasler|Rock Tomb|p2a: Milotic\n|-damage|p2a: Milotic|0 fnt\n|faint|p2a: Milotic\n|cant|p2b: Sinistcha|slp\n|move|p1b: Floette|Dazzling Gleam|p2b: Sinistcha\n|-damage|p2b: Sinistcha|0 fnt\n|faint|p2b: Sinistcha\n|\n|win|khanhnguyen11\n|raw|khanhnguyen11's rating: 1200 &rarr; <strong>1227</strong><br />(+27 for winning)\n|raw|Phaze919's rating: 1222 &rarr; <strong>1195</strong><br />(-27 for losing)\n|c|\u2606khanhnguyen11|ah I see\n|l|\u2606Phaze919\n|player|p2|\n|c|\u2606khanhnguyen11|GG\n",
  "uploadtime": 1776564387,
  "views": 19,
  "formatid": "gen9championsvgc2026regma",
  "rating": 1195,
  "private": 0,
  "password": null
}