{
  "id": "gen9championsvgc2026regma-2587310065",
  "format": "[Gen 9 Champions] VGC 2026 Reg M-A",
  "players": [
    "smothery45",
    "fdrgsfafawdawd"
  ],
  "log": "|j|\u2606smothery45\n|j|\u2606fdrgsfafawdawd\n|t:|1776520733\n|gametype|doubles\n|player|p1|smothery45|265|1085\n|player|p2|fdrgsfafawdawd|palmer|1044\n|gen|9\n|tier|[Gen 9 Champions] VGC 2026 Reg M-A\n|rated|\n|rule|Species Clause: Limit one of each Pok\u00e9mon\n|rule|Item Clause: Limit 1 of each item\n|clearpoke\n|poke|p1|Sinistcha, L50|\n|poke|p1|Aggron, L50, F, shiny|\n|poke|p1|Primarina, L50, M|\n|poke|p1|Tyranitar, L50, M|\n|poke|p1|Sneasler, L50, M|\n|poke|p1|Rotom-Heat, L50|\n|poke|p2|Pelipper, L50, M|\n|poke|p2|Charizard, L50, M|\n|poke|p2|Archaludon, L50, F, shiny|\n|poke|p2|Basculegion, L50, M, shiny|\n|poke|p2|Venusaur, L50, M|\n|poke|p2|Whimsicott, L50, M|\n|teampreview|4\n|inactive|Battle timer is ON: inactive players will automatically lose when time's up. (requested by fdrgsfafawdawd)\nfdrgsfafawdawd rejected open team sheets.\n|inactive|fdrgsfafawdawd has 60 seconds left.\n|\n|t:|1776520783\n|teamsize|p1|4\n|teamsize|p2|4\n|start\n|switch|p1a: Rotom|Rotom-Heat, L50|100/100\n|switch|p1b: Sinistcha|Sinistcha, L50|100/100\n|switch|p2a: Pelipper|Pelipper, L50, M|100/100\n|switch|p2b: Archaludon|Archaludon, L50, F, shiny|100/100\n|-weather|RainDance|[from] ability: Drizzle|[of] p2a: Pelipper\n|turn|1\n|\n|t:|1776520802\n|move|p2b: Archaludon|Electro Shot||[still]\n|-prepare|p2b: Archaludon|Electro Shot\n|-boost|p2b: Archaludon|spa|1\n|-anim|p2b: Archaludon|Electro Shot|p1a: Rotom\n|-resisted|p1a: Rotom|1\n|-damage|p1a: Rotom|77/100\n|move|p1a: Rotom|Volt Switch|p2a: Pelipper\n|-supereffective|p2a: Pelipper|2\n|-enditem|p2a: Pelipper|Focus Sash\n|-damage|p2a: Pelipper|1/100\n|\n|t:|1776520812\n|switch|p1a: Aggron|Aggron, L50, F, shiny|100/100|[from] Volt Switch\n|move|p2a: Pelipper|Tailwind|p2a: Pelipper\n|-sidestart|p2: fdrgsfafawdawd|move: Tailwind\n|move|p1b: Sinistcha|Trick Room|p1b: Sinistcha\n|-fieldstart|move: Trick Room|[of] p1b: Sinistcha\n|\n|-weather|RainDance|[upkeep]\n|upkeep\n|turn|2\n|\n|t:|1776520834\n|detailschange|p1a: Aggron|Aggron-Mega, L50, F, shiny\n|-mega|p1a: Aggron|Aggron|Aggronite\n|move|p1a: Aggron|Iron Defense|p1a: Aggron\n|-boost|p1a: Aggron|def|2\n|move|p1b: Sinistcha|Matcha Gotcha|p2a: Pelipper|[spread] p2a,p2b\n|-resisted|p2b: Archaludon|2\n|-damage|p2a: Pelipper|0 fnt\n|-damage|p2b: Archaludon|94/100\n|-ability|p2b: Archaludon|Stamina|boost\n|-boost|p2b: Archaludon|def|1\n|faint|p2a: Pelipper\n|move|p2b: Archaludon|Electro Shot||[still]\n|-prepare|p2b: Archaludon|Electro Shot\n|-boost|p2b: Archaludon|spa|1\n|-anim|p2b: Archaludon|Electro Shot|p1b: Sinistcha\n|-resisted|p1b: Sinistcha|1\n|-damage|p1b: Sinistcha|63/100\n|\n|-weather|RainDance|[upkeep]\n|-heal|p2b: Archaludon|99/100|[from] item: Leftovers\n|upkeep\n|\n|t:|1776520858\n|switch|p2a: Venusaur|Venusaur, L50, M|100/100\n|turn|3\n|\n|t:|1776520871\n|move|p1b: Sinistcha|Rage Powder|p1b: Sinistcha\n|-singleturn|p1b: Sinistcha|move: Rage Powder\n|move|p1a: Aggron|Body Press|p2b: Archaludon\n|-supereffective|p2b: Archaludon|1\n|-damage|p2b: Archaludon|12/100\n|-ability|p2b: Archaludon|Stamina|boost\n|-boost|p2b: Archaludon|def|1\n|move|p2a: Venusaur|Sleep Powder|p1a: Aggron\n|-status|p1a: Aggron|slp|[from] move: Sleep Powder\n|move|p2b: Archaludon|Electro Shot||[still]\n|-prepare|p2b: Archaludon|Electro Shot\n|-boost|p2b: Archaludon|spa|1\n|-anim|p2b: Archaludon|Electro Shot|p1b: Sinistcha\n|-resisted|p1b: Sinistcha|1\n|-damage|p1b: Sinistcha|9/100\n|-enditem|p1b: Sinistcha|Sitrus Berry|[eat]\n|-heal|p1b: Sinistcha|34/100|[from] item: Sitrus Berry\n|\n|-weather|RainDance|[upkeep]\n|-heal|p2b: Archaludon|18/100|[from] item: Leftovers\n|upkeep\n|turn|4\n|\n|t:|1776520893\n|move|p1b: Sinistcha|Protect|p1b: Sinistcha\n|-singleturn|p1b: Sinistcha|Protect\n|move|p2b: Archaludon|Protect|p2b: Archaludon\n|-singleturn|p2b: Archaludon|Protect\n|cant|p1a: Aggron|slp\n|move|p2a: Venusaur|Leech Seed|p1a: Aggron\n|-start|p1a: Aggron|move: Leech Seed\n|\n|-weather|RainDance|[upkeep]\n|-heal|p2b: Archaludon|24/100|[from] item: Leftovers\n|-damage|p1a: Aggron|88/100 slp|[from] Leech Seed|[of] p2a: Venusaur\n|-sideend|p2: fdrgsfafawdawd|move: Tailwind\n|upkeep\n|turn|5\n|inactive|fdrgsfafawdawd has 30 seconds left.\n|\n|t:|1776520924\n|move|p1b: Sinistcha|Rage Powder|p1b: Sinistcha\n|-singleturn|p1b: Sinistcha|move: Rage Powder\n|cant|p1a: Aggron|slp\n|move|p2a: Venusaur|Solar Beam||[still]\n|-prepare|p2a: Venusaur|Solar Beam\n|move|p2b: Archaludon|Electro Shot||[still]\n|-prepare|p2b: Archaludon|Electro Shot\n|-boost|p2b: Archaludon|spa|1\n|-anim|p2b: Archaludon|Electro Shot|p1b: Sinistcha\n|-resisted|p1b: Sinistcha|1\n|-damage|p1b: Sinistcha|0 fnt\n|faint|p1b: Sinistcha\n|\n|-weather|none\n|-heal|p2b: Archaludon|30/100|[from] item: Leftovers\n|-damage|p1a: Aggron|75/100 slp|[from] Leech Seed|[of] p2a: Venusaur\n|-fieldend|move: Trick Room\n|upkeep\n|\n|t:|1776520946\n|switch|p1b: Rotom|Rotom-Heat, L50|77/100\n|turn|6\n|\n|t:|1776520959\n|move|p2b: Archaludon|Protect|p2b: Archaludon\n|-singleturn|p2b: Archaludon|Protect\n|move|p1b: Rotom|Protect|p1b: Rotom\n|-singleturn|p1b: Rotom|Protect\n|move|p2a: Venusaur|Solar Beam|p1a: Aggron|[from] lockedmove\n|-resisted|p1a: Aggron|1\n|-crit|p1a: Aggron\n|-damage|p1a: Aggron|39/100 slp\n|-curestatus|p1a: Aggron|slp|[msg]\n|move|p1a: Aggron|Body Press|p2b: Archaludon\n|-activate|p2b: Archaludon|move: Protect\n|\n|-heal|p2b: Archaludon|36/100|[from] item: Leftovers\n|-damage|p1a: Aggron|26/100|[from] Leech Seed|[of] p2a: Venusaur\n|upkeep\n|turn|7\n|inactive|fdrgsfafawdawd has 30 seconds left.\n|inactive|fdrgsfafawdawd has 20 seconds left.\n|inactive|fdrgsfafawdawd has 15 seconds left.\n|inactive|fdrgsfafawdawd has 10 seconds left.\n|\n|t:|1776521008\n|move|p2b: Archaludon|Dragon Pulse|p1b: Rotom\n|-damage|p1b: Rotom|0 fnt\n|faint|p1b: Rotom\n|move|p2a: Venusaur|Sleep Powder|p1a: Aggron\n|-status|p1a: Aggron|slp|[from] move: Sleep Powder\n|cant|p1a: Aggron|slp\n|\n|-heal|p2b: Archaludon|42/100|[from] item: Leftovers\n|-damage|p1a: Aggron|14/100 slp|[from] Leech Seed|[of] p2a: Venusaur\n|upkeep\n|\n|t:|1776521018\n|switch|p1b: Tyranitar|Tyranitar, L50, M|100/100\n|-weather|Sandstorm|[from] ability: Sand Stream|[of] p1b: Tyranitar\n|turn|8\n|\n|t:|1776521038\n|move|p2b: Archaludon|Flash Cannon|p1b: Tyranitar\n|-supereffective|p1b: Tyranitar|1\n|-damage|p1b: Tyranitar|0 fnt\n|faint|p1b: Tyranitar\n|move|p2a: Venusaur|Sleep Powder|p1a: Aggron\n|-fail|p1a: Aggron|slp\n|cant|p1a: Aggron|slp\n|\n|-weather|Sandstorm|[upkeep]\n|-damage|p2a: Venusaur|95/100|[from] Sandstorm\n|-heal|p2b: Archaludon|48/100|[from] item: Leftovers\n|-damage|p1a: Aggron|1/100 slp|[from] Leech Seed|[of] p2a: Venusaur\n|-heal|p2a: Venusaur|100/100|[silent]\n|upkeep\n|turn|9\n|-message|smothery45 forfeited.\n|\n|win|fdrgsfafawdawd\n|raw|smothery45's rating: 1085 &rarr; <strong>1060</strong><br />(-25 for losing)\n|raw|fdrgsfafawdawd's rating: 1044 &rarr; <strong>1081</strong><br />(+37 for winning)\n|l|\u2606smothery45\n|player|p1|\n|c|\u2606fdrgsfafawdawd|gg ez\n",
  "uploadtime": 1776521051,
  "views": 16,
  "formatid": "gen9championsvgc2026regma",
  "rating": 1060,
  "private": 0,
  "password": null
}