{
  "id": "gen9championsvgc2026regma-2585752546",
  "format": "[Gen 9 Champions] VGC 2026 Reg M-A",
  "players": [
    "toxmyself",
    "rosescope"
  ],
  "log": "|j|\u2606toxmyself\n|j|\u2606rosescope\n|t:|1776368161\n|gametype|doubles\n|player|p1|toxmyself|norman|1263\n|player|p2|rosescope|burglar|1362\n|gen|9\n|tier|[Gen 9 Champions] VGC 2026 Reg M-A\n|rated|\n|rule|Species Clause: Limit one of each Pok\u00e9mon\n|rule|Item Clause: Limit 1 of each item\n|clearpoke\n|poke|p1|Charizard, L50, M|\n|poke|p1|Milotic, L50, F|\n|poke|p1|Aegislash, L50, M|\n|poke|p1|Sneasler, L50, M|\n|poke|p1|Aerodactyl, L50, F|\n|poke|p1|Sylveon, L50, M|\n|poke|p2|Dragonite, L50, M|\n|poke|p2|Milotic, L50, M|\n|poke|p2|Scizor, L50, F|\n|poke|p2|Typhlosion-Hisui, L50, M|\n|poke|p2|Passimian, L50, F|\n|poke|p2|Glimmora, L50, F|\n|teampreview|4\n|inactive|Battle timer is ON: inactive players will automatically lose when time's up. (requested by toxmyself)\n|inactive|toxmyself has 60 seconds left.\n|inactive|rosescope has 60 seconds left.\n|inactive|toxmyself has 30 seconds left.\n|\n|t:|1776368229\n|teamsize|p1|4\n|teamsize|p2|4\n|start\n|switch|p1a: Aerodactyl|Aerodactyl, L50, F|100/100\n|switch|p1b: Milotic|Milotic, L50, F|100/100\n|switch|p2a: Milotic|Milotic, L50, M|100/100\n|switch|p2b: Dragonite|Dragonite, L50, M|100/100\n|turn|1\n|inactive|rosescope has 30 seconds left.\n|inactive|rosescope has 20 seconds left.\n|inactive|rosescope has 15 seconds left.\n|inactive|rosescope has 10 seconds left.\n|\n|t:|1776368278\n|move|p2b: Dragonite|Protect|p2b: Dragonite\n|-singleturn|p2b: Dragonite|Protect\n|move|p1a: Aerodactyl|Tailwind|p1a: Aerodactyl\n|-sidestart|p1: toxmyself|move: Tailwind\n|move|p1b: Milotic|Scald|p2b: Dragonite\n|-activate|p2b: Dragonite|move: Protect\n|move|p2a: Milotic|Muddy Water|p1a: Aerodactyl|[spread] p1a,p1b\n|-supereffective|p1a: Aerodactyl|1\n|-resisted|p1b: Milotic|1\n|-damage|p1a: Aerodactyl|4/100\n|-damage|p1b: Milotic|89/100\n|\n|-heal|p1b: Milotic|95/100|[from] item: Leftovers\n|upkeep\n|turn|2\n|\n|t:|1776368295\n|detailschange|p2b: Dragonite|Dragonite-Mega, L50, M\n|-mega|p2b: Dragonite|Dragonite|Dragoninite\n|move|p1a: Aerodactyl|Rock Slide|p2a: Milotic|[spread] p2a,p2b\n|-supereffective|p2b: Dragonite|1\n|-damage|p2a: Milotic|76/100\n|-damage|p2b: Dragonite|76/100\n|move|p1b: Milotic|Scald|p2b: Dragonite\n|-resisted|p2b: Dragonite|1\n|-damage|p2b: Dragonite|63/100\n|move|p2b: Dragonite|Thunderbolt|p1b: Milotic\n|-supereffective|p1b: Milotic|1\n|-damage|p1b: Milotic|37/100\n|move|p2a: Milotic|Icy Wind|p1a: Aerodactyl|[spread] p1a,p1b\n|-supereffective|p1a: Aerodactyl|1\n|-resisted|p1b: Milotic|1\n|-crit|p1b: Milotic\n|-damage|p1a: Aerodactyl|0 fnt\n|-damage|p1b: Milotic|29/100\n|-unboost|p1b: Milotic|spe|1\n|-ability|p1b: Milotic|Competitive|boost\n|-boost|p1b: Milotic|spa|2\n|faint|p1a: Aerodactyl\n|\n|-heal|p1b: Milotic|35/100|[from] item: Leftovers\n|upkeep\n|\n|t:|1776368308\n|switch|p1a: Sylveon|Sylveon, L50, M|100/100\n|turn|3\n|\n|t:|1776368323\n|move|p2b: Dragonite|Protect|p2b: Dragonite\n|-singleturn|p2b: Dragonite|Protect\n|move|p1a: Sylveon|Hyper Voice|p2b: Dragonite|[spread] p2a\n|-activate|p2b: Dragonite|move: Protect\n|-crit|p2a: Milotic\n|-damage|p2a: Milotic|22/100\n|-enditem|p2a: Milotic|Sitrus Berry|[eat]\n|-heal|p2a: Milotic|46/100|[from] item: Sitrus Berry\n|move|p1b: Milotic|Recover|p1b: Milotic\n|-heal|p1b: Milotic|85/100\n|move|p2a: Milotic|Muddy Water|p1a: Sylveon|[spread] p1b\n|-miss|p2a: Milotic|p1a: Sylveon\n|-resisted|p1b: Milotic|1\n|-damage|p1b: Milotic|73/100\n|-unboost|p1b: Milotic|accuracy|1\n|-ability|p1b: Milotic|Competitive|boost\n|-boost|p1b: Milotic|spa|2\n|\n|-heal|p1b: Milotic|80/100|[from] item: Leftovers\n|upkeep\n|turn|4\n|\n|t:|1776368342\n|move|p1a: Sylveon|Hyper Voice|p2a: Milotic|[spread] p2a,p2b\n|-supereffective|p2b: Dragonite|1\n|-damage|p2a: Milotic|13/100\n|-damage|p2b: Dragonite|0 fnt\n|faint|p2b: Dragonite\n|move|p1b: Milotic|Scald|p2a: Milotic\n|-resisted|p2a: Milotic|1\n|-damage|p2a: Milotic|0 fnt\n|faint|p2a: Milotic\n|\n|-heal|p1b: Milotic|86/100|[from] item: Leftovers\n|-sideend|p1: toxmyself|move: Tailwind\n|upkeep\n|\n|t:|1776368347\n|switch|p2b: mikoto|Typhlosion-Hisui, L50, M|100/100\n|switch|p2a: Glimmora|Glimmora, L50, F|100/100\n|-item|p1a: Sylveon|Fairy Feather|[from] ability: Frisk|[of] p2b: mikoto\n|-item|p1b: Milotic|Leftovers|[from] ability: Frisk|[of] p2b: mikoto\n|turn|5\n|\n|t:|1776368363\n|move|p1a: Sylveon|Quick Attack|p2b: mikoto\n|-resisted|p2b: mikoto|1\n|-damage|p2b: mikoto|90/100\n|move|p2b: mikoto|Shadow Ball|p1b: Milotic\n|-damage|p1b: Milotic|53/100\n|move|p2a: Glimmora|Sludge Bomb|p1a: Sylveon\n|-supereffective|p1a: Sylveon|1\n|-damage|p1a: Sylveon|28/100\n|move|p1b: Milotic|Scald|p2b: mikoto|[miss]\n|-miss|p1b: Milotic|p2b: mikoto\n|\n|-heal|p1b: Milotic|59/100|[from] item: Leftovers\n|upkeep\n|turn|6\n|inactive|rosescope has 30 seconds left.\n|\n|t:|1776368396\n|move|p1a: Sylveon|Protect|p1a: Sylveon\n|-singleturn|p1a: Sylveon|Protect\n|move|p2b: mikoto|Shadow Ball|p1b: Milotic\n|-damage|p1b: Milotic|24/100\n|-unboost|p1b: Milotic|spd|1\n|-ability|p1b: Milotic|Competitive|boost\n|-boost|p1b: Milotic|spa|2\n|move|p2a: Glimmora|Sludge Bomb|p1b: Milotic\n|-damage|p1b: Milotic|0 fnt\n|faint|p1b: Milotic\n|\n|upkeep\n|\n|t:|1776368405\n|switch|p1b: Charizard|Charizard, L50, M|100/100\n|turn|7\n|\n|t:|1776368412\n|detailschange|p1b: Charizard|Charizard-Mega-X, L50, M\n|-mega|p1b: Charizard|Charizard|Charizardite X\n|move|p2b: mikoto|Shadow Ball|p1a: Sylveon\n|-damage|p1a: Sylveon|0 fnt\n|faint|p1a: Sylveon\n|move|p1b: Charizard|Dragon Dance|p1b: Charizard\n|-boost|p1b: Charizard|atk|1\n|-boost|p1b: Charizard|spe|1\n|move|p2a: Glimmora|Power Gem|p1b: Charizard\n|-supereffective|p1b: Charizard|1\n|-damage|p1b: Charizard|0 fnt\n|faint|p1b: Charizard\n|\n|win|rosescope\n|raw|toxmyself's rating: 1263 &rarr; <strong>1245</strong><br />(-18 for losing)\n|raw|rosescope's rating: 1362 &rarr; <strong>1376</strong><br />(+14 for winning)\n",
  "uploadtime": 1776368414,
  "views": 23,
  "formatid": "gen9championsvgc2026regma",
  "rating": 1245,
  "private": 0,
  "password": null
}