{
  "id": "gen9championsvgc2026regma-2584438663",
  "format": "[Gen 9 Champions] VGC 2026 Reg M-A",
  "players": [
    "IMissExcadrill",
    "Someoneofficial"
  ],
  "log": "|j|\u2606IMissExcadrill\n|j|\u2606Someoneofficial\n|t:|1776260906\n|gametype|doubles\n|player|p1|IMissExcadrill|drayden|1050\n|player|p2|Someoneofficial|scientist-gen4dp|1080\n|gen|9\n|tier|[Gen 9 Champions] VGC 2026 Reg M-A\n|rated|\n|rule|Species Clause: Limit one of each Pok\u00e9mon\n|rule|Item Clause: Limit 1 of each item\n|clearpoke\n|poke|p1|Excadrill, L50, M|\n|poke|p1|Tyranitar, L50, M|\n|poke|p1|Rotom-Wash, L50|\n|poke|p1|Sinistcha, L50|\n|poke|p1|Incineroar, L50, M|\n|poke|p1|Noivern, L50, M|\n|poke|p2|Floette-Eternal, L50, F|\n|poke|p2|Incineroar, L50, F|\n|poke|p2|Primarina, L50, M|\n|poke|p2|Talonflame, L50, F|\n|poke|p2|Maushold-Four, L50|\n|poke|p2|Garchomp, L50, F|\n|teampreview|4\n|\n|t:|1776260988\n|teamsize|p1|4\n|teamsize|p2|4\n|start\n|switch|p1a: Noivern|Noivern, L50, M|100/100\n|switch|p1b: Excadrill|Excadrill, L50, M|100/100\n|switch|p2a: Talonflame|Talonflame, L50, F, shiny|100/100\n|switch|p2b: Garchomp|Garchomp, L50, F|100/100\n|-item|p2a: Talonflame|Focus Sash|[from] ability: Frisk|[of] p1a: Noivern\n|-item|p2b: Garchomp|White Herb|[from] ability: Frisk|[of] p1a: Noivern\n|turn|1\n|\n|t:|1776261007\n|move|p1b: Excadrill|Protect|p1b: Excadrill\n|-singleturn|p1b: Excadrill|Protect\n|move|p2a: Talonflame|Flare Blitz|p1b: Excadrill\n|-activate|p1b: Excadrill|move: Protect\n|move|p1a: Noivern|Tailwind|p1a: Noivern\n|-sidestart|p1: IMissExcadrill|move: Tailwind\n|move|p2b: Garchomp|Earthquake|p1a: Noivern|[spread] \n|-activate|p1b: Excadrill|move: Protect\n|-immune|p2a: Talonflame\n|-immune|p1a: Noivern\n|\n|upkeep\n|turn|2\n|\n|t:|1776261025\n|detailschange|p1b: Excadrill|Excadrill-Mega, L50, M\n|-mega|p1b: Excadrill|Excadrill|Excadrite\n|move|p2a: Talonflame|Tailwind|p2a: Talonflame\n|-sidestart|p2: Someoneofficial|move: Tailwind\n|move|p1a: Noivern|Draco Meteor|p2b: Garchomp|[miss]\n|-miss|p1a: Noivern|p2b: Garchomp\n|move|p1b: Excadrill|Rock Slide|p2a: Talonflame|[spread] p2a,p2b\n|-supereffective|p2a: Talonflame|2\n|-resisted|p2b: Garchomp|1\n|-enditem|p2a: Talonflame|Focus Sash\n|-damage|p2a: Talonflame|1/100\n|-damage|p2b: Garchomp|88/100\n|move|p2b: Garchomp|Earthquake|p1a: Noivern|[spread] p1b\n|-immune|p2a: Talonflame\n|-immune|p1a: Noivern\n|-supereffective|p1b: Excadrill|1\n|-damage|p1b: Excadrill|30/100\n|\n|upkeep\n|turn|3\n|\n|t:|1776261056\n|move|p1b: Excadrill|Protect|p1b: Excadrill\n|-singleturn|p1b: Excadrill|Protect\n|move|p2b: Garchomp|Protect|p2b: Garchomp\n|-singleturn|p2b: Garchomp|Protect\n|move|p2a: Talonflame|Flare Blitz|p1b: Excadrill\n|-activate|p1b: Excadrill|move: Protect\n|move|p1a: Noivern|Draco Meteor|p2b: Garchomp\n|-activate|p2b: Garchomp|move: Protect\n|\n|upkeep\n|turn|4\n|\n|t:|1776261078\n|switch|p2b: Floette|Floette-Eternal, L50, F|100/100\n|move|p2a: Talonflame|Flare Blitz|p1b: Excadrill\n|-supereffective|p1b: Excadrill|1\n|-damage|p1b: Excadrill|0 fnt\n|faint|p1b: Excadrill\n|-damage|p2a: Talonflame|0 fnt|[from] Recoil\n|faint|p2a: Talonflame\n|move|p1a: Noivern|Draco Meteor|p2b: Floette\n|-immune|p2b: Floette\n|\n|-sideend|p1: IMissExcadrill|move: Tailwind\n|upkeep\n|\n|t:|1776261090\n|switch|p2a: Primarina|Primarina, L50, M, shiny|100/100\n|switch|p1b: Tyranitar|Tyranitar, L50, M|100/100\n|-weather|Sandstorm|[from] ability: Sand Stream|[of] p1b: Tyranitar\n|turn|5\n|\n|t:|1776261100\n|detailschange|p2b: Floette|Floette-Mega, L50, F\n|-mega|p2b: Floette|Floette|Floettite\n|-ability|p2b: Floette|Fairy Aura\n|move|p2b: Floette|Dazzling Gleam|p1b: Tyranitar|[spread] p1a,p1b\n|-supereffective|p1a: Noivern|1\n|-supereffective|p1b: Tyranitar|1\n|-enditem|p1a: Noivern|Focus Sash\n|-damage|p1a: Noivern|1/100\n|-damage|p1b: Tyranitar|53/100\n|move|p1a: Noivern|Hurricane|p2b: Floette\n|-damage|p2b: Floette|67/100\n|move|p2a: Primarina|Dazzling Gleam|p1a: Noivern|[spread] p1a,p1b\n|-supereffective|p1a: Noivern|1\n|-supereffective|p1b: Tyranitar|1\n|-damage|p1a: Noivern|0 fnt\n|-damage|p1b: Tyranitar|4/100\n|faint|p1a: Noivern\n|move|p1b: Tyranitar|Rock Slide|p2a: Primarina|[spread] p2a,p2b\n|-damage|p2a: Primarina|74/100\n|-damage|p2b: Floette|37/100\n|\n|-weather|Sandstorm|[upkeep]\n|-damage|p2b: Floette|31/100|[from] Sandstorm\n|-damage|p2a: Primarina|68/100|[from] Sandstorm\n|-sideend|p2: Someoneofficial|move: Tailwind\n|upkeep\n|\n|t:|1776261118\n|switch|p1a: Sinistcha|Sinistcha, L50|100/100\n|-heal|p1b: Tyranitar|29/100|[from] ability: Hospitality|[of] p1a: Sinistcha\n|turn|6\n|-message|IMissExcadrill forfeited.\n|\n|win|Someoneofficial\n|raw|IMissExcadrill's rating: 1050 &rarr; <strong>1034</strong><br />(-16 for losing)\n|raw|Someoneofficial's rating: 1080 &rarr; <strong>1106</strong><br />(+26 for winning)\n|l|\u2606IMissExcadrill\n|player|p1|\n",
  "uploadtime": 1776261147,
  "views": 31,
  "formatid": "gen9championsvgc2026regma",
  "rating": 1034,
  "private": 0,
  "password": null
}