{
  "id": "gen9championsvgc2026regma-2585477039",
  "format": "[Gen 9 Champions] VGC 2026 Reg M-A",
  "players": [
    "honeybeegirl122",
    "ftdgjhkjgfgj"
  ],
  "log": "|j|\u2606honeybeegirl122\n|j|\u2606ftdgjhkjgfgj\n|t:|1776349991\n|gametype|doubles\n|player|p1|honeybeegirl122|lass|1099\n|player|p2|ftdgjhkjgfgj|1|1000\n|gen|9\n|tier|[Gen 9 Champions] VGC 2026 Reg M-A\n|rated|\n|rule|Species Clause: Limit one of each Pok\u00e9mon\n|rule|Item Clause: Limit 1 of each item\n|clearpoke\n|poke|p1|Gengar, L50, M|\n|poke|p1|Politoed, L50, F|\n|poke|p1|Basculegion, L50, M|\n|poke|p1|Maushold, L50|\n|poke|p1|Incineroar, L50, M|\n|poke|p1|Aromatisse, L50, M|\n|poke|p2|Starmie, L50|\n|poke|p2|Tyranitar, L50, M|\n|poke|p2|Aerodactyl, L50, M|\n|poke|p2|Aegislash, L50, F|\n|poke|p2|Garchomp, L50, M|\n|poke|p2|Rotom-Heat, L50|\n|teampreview|4\n|\n|t:|1776350014\n|teamsize|p1|4\n|teamsize|p2|4\n|start\n|switch|p1a: Gengar|Gengar, L50, M|100/100\n|switch|p1b: Basculegion|Basculegion, L50, M|100/100\n|switch|p2a: Starmie|Starmie, L50|100/100\n|switch|p2b: Tyranitar|Tyranitar, L50, M|100/100\n|-weather|Sandstorm|[from] ability: Sand Stream|[of] p2b: Tyranitar\n|turn|1\n|\n|t:|1776350032\n|detailschange|p2a: Starmie|Starmie-Mega, L50\n|-mega|p2a: Starmie|Starmie|Starminite\n|detailschange|p1a: Gengar|Gengar-Mega, L50, M\n|-mega|p1a: Gengar|Gengar|Gengarite\n|move|p2a: Starmie|Skill Swap|p2b: Tyranitar\n|-activate|p2a: Starmie|Skill Swap|||[of] p2b: Tyranitar\n|move|p2b: Tyranitar|Crunch|p1b: Basculegion\n|-supereffective|p1b: Basculegion|1\n|-enditem|p1b: Basculegion|Focus Sash\n|-damage|p1b: Basculegion|1/100\n|move|p1a: Gengar|Perish Song|p1a: Gengar\n|-start|p1a: Gengar|perish3|[silent]\n|-start|p1b: Basculegion|perish3|[silent]\n|-start|p2a: Starmie|perish3|[silent]\n|-start|p2b: Tyranitar|perish3|[silent]\n|-fieldactivate|move: Perish Song\n|move|p1b: Basculegion|Confuse Ray|p2b: Tyranitar\n|-start|p2b: Tyranitar|confusion\n|\n|-weather|Sandstorm|[upkeep]\n|-damage|p2a: Starmie|95/100|[from] Sandstorm\n|-damage|p1a: Gengar|95/100|[from] Sandstorm\n|-damage|p1b: Basculegion|0 fnt|[from] Sandstorm\n|faint|p1b: Basculegion\n|-start|p2a: Starmie|perish3\n|-start|p2b: Tyranitar|perish3\n|-start|p1a: Gengar|perish3\n|upkeep\n|\n|t:|1776350056\n|switch|p1b: Aromatisse|Aromatisse, L50, M, shiny|100/100\n|turn|2\n|\n|t:|1776350070\n|move|p1a: Gengar|Protect|p1a: Gengar\n|-singleturn|p1a: Gengar|Protect\n|move|p2a: Starmie|Liquidation|p1b: Aromatisse\n|-damage|p1b: Aromatisse|72/100\n|-activate|p2b: Tyranitar|confusion\n|move|p2b: Tyranitar|Crunch|p1a: Gengar\n|-activate|p1a: Gengar|move: Protect\n|move|p1b: Aromatisse|Encore|p2a: Starmie\n|-start|p2a: Starmie|Encore\n|\n|-weather|Sandstorm|[upkeep]\n|-damage|p2a: Starmie|89/100|[from] Sandstorm\n|-damage|p1a: Gengar|89/100|[from] Sandstorm\n|-damage|p1b: Aromatisse|67/100|[from] Sandstorm\n|-start|p2a: Starmie|perish2\n|-start|p2b: Tyranitar|perish2\n|-start|p1a: Gengar|perish2\n|upkeep\n|turn|3\n|\n|t:|1776350101\n|move|p1b: Aromatisse|Protect|p1b: Aromatisse\n|-singleturn|p1b: Aromatisse|Protect\n|move|p2a: Starmie|Liquidation|p1b: Aromatisse\n|-activate|p1b: Aromatisse|move: Protect\n|-activate|p2b: Tyranitar|confusion\n|-damage|p2b: Tyranitar|86/100|[from] confusion\n|move|p1a: Gengar|Disable|p2a: Starmie\n|-start|p2a: Starmie|Disable|Liquidation\n|\n|-weather|Sandstorm|[upkeep]\n|-damage|p2a: Starmie|83/100|[from] Sandstorm\n|-damage|p1a: Gengar|83/100|[from] Sandstorm\n|-damage|p1b: Aromatisse|61/100|[from] Sandstorm\n|-start|p2a: Starmie|perish1\n|-start|p2b: Tyranitar|perish1\n|-start|p1a: Gengar|perish1\n|upkeep\n|turn|4\n|\n|t:|1776350133\n|switch|p1a: Politoed|Politoed, L50, F, shiny|100/100\n|-weather|RainDance|[from] ability: Drizzle|[of] p1a: Politoed\n|move|p1b: Aromatisse|Ally Switch|p1b: Aromatisse\n|swap|p1b: Aromatisse|0|[from] move: Ally Switch\n|-activate|p2a: Starmie|move: Struggle\n|move|p2a: Starmie|Struggle|p1b: Politoed\n|-damage|p1b: Politoed|88/100\n|-damage|p2a: Starmie|58/100|[from] recoil\n|-end|p2b: Tyranitar|confusion\n|move|p2b: Tyranitar|Crunch|p1a: Aromatisse\n|-resisted|p1a: Aromatisse|1\n|-damage|p1a: Aromatisse|27/100\n|\n|-weather|RainDance|[upkeep]\n|-start|p2a: Starmie|perish0\n|-start|p2b: Tyranitar|perish0\n|faint|p2a: Starmie\n|faint|p2b: Tyranitar\n|upkeep\n|\n|t:|1776350149\n|switch|p2a: Aegislash|Aegislash, L50, F, shiny|100/100\n|switch|p2b: Rotom|Rotom-Heat, L50, shiny|100/100\n|turn|5\n|\n|t:|1776350162\n|move|p1a: Aromatisse|Protect|p1a: Aromatisse\n|-singleturn|p1a: Aromatisse|Protect\n|move|p2b: Rotom|Discharge|p1a: Aromatisse|[spread] p2a,p1b\n|-activate|p1a: Aromatisse|move: Protect\n|-supereffective|p1b: Politoed|1\n|-damage|p2a: Aegislash|75/100\n|-damage|p1b: Politoed|47/100\n|-status|p1b: Politoed|par\n|-enditem|p1b: Politoed|Sitrus Berry|[eat]\n|-heal|p1b: Politoed|72/100 par|[from] item: Sitrus Berry\n|-formechange|p2a: Aegislash|Aegislash-Blade|\n|move|p2a: Aegislash|Flash Cannon|p1a: Aromatisse\n|-activate|p1a: Aromatisse|move: Protect\n|move|p1b: Politoed|Perish Song|p1b: Politoed\n|-start|p1a: Aromatisse|perish3|[silent]\n|-start|p1b: Politoed|perish3|[silent]\n|-start|p2a: Aegislash|perish3|[silent]\n|-start|p2b: Rotom|perish3|[silent]\n|-fieldactivate|move: Perish Song\n|\n|-weather|RainDance|[upkeep]\n|-start|p2b: Rotom|perish3\n|-start|p2a: Aegislash|perish3\n|-start|p1a: Aromatisse|perish3\n|-start|p1b: Politoed|perish3\n|upkeep\n|turn|6\n|\n|t:|1776350193\n|move|p2b: Rotom|Helping Hand|p2a: Aegislash\n|-singleturn|p2a: Aegislash|Helping Hand|[of] p2b: Rotom\n|move|p1b: Politoed|Protect|p1b: Politoed\n|-singleturn|p1b: Politoed|Protect\n|move|p1a: Aromatisse|Ally Switch|p1a: Aromatisse\n|swap|p1a: Aromatisse|1|[from] move: Ally Switch\n|move|p2a: Aegislash|Shadow Ball|p1a: Politoed\n|-activate|p1a: Politoed|move: Protect\n|\n|-weather|RainDance|[upkeep]\n|-start|p2b: Rotom|perish2\n|-start|p2a: Aegislash|perish2\n|-start|p1b: Aromatisse|perish2\n|-start|p1a: Politoed|perish2\n|upkeep\n|turn|7\n|\n|t:|1776350236\n|switch|p1a: Gengar|Gengar-Mega, L50, M|83/100\n|move|p1b: Aromatisse|Protect|p1b: Aromatisse\n|-singleturn|p1b: Aromatisse|Protect\n|move|p2b: Rotom|Discharge|p1b: Aromatisse|[spread] p2a,p1a\n|-activate|p1b: Aromatisse|move: Protect\n|-damage|p2a: Aegislash|13/100\n|-damage|p1a: Gengar|53/100\n|-status|p2a: Aegislash|par\n|-enditem|p2a: Aegislash|Sitrus Berry|[eat]\n|-heal|p2a: Aegislash|38/100 par|[from] item: Sitrus Berry\n|move|p2a: Aegislash|Shadow Ball|p1b: Aromatisse\n|-activate|p1b: Aromatisse|move: Protect\n|\n|-weather|RainDance|[upkeep]\n|-start|p2b: Rotom|perish1\n|-start|p1b: Aromatisse|perish1\n|-start|p2a: Aegislash|perish1\n|upkeep\n|turn|8\n|-message|ftdgjhkjgfgj forfeited.\n|\n|win|honeybeegirl122\n|raw|honeybeegirl122's rating: 1099 &rarr; <strong>1117</strong><br />(+18 for winning)\n|raw|ftdgjhkjgfgj's rating: 1000 &rarr; <strong>1000</strong><br />(+0 for losing)\n|l|\u2606ftdgjhkjgfgj\n|player|p2|\n",
  "uploadtime": 1776350272,
  "views": 35,
  "formatid": "gen9championsvgc2026regma",
  "rating": 1000,
  "private": 0,
  "password": null
}