{
  "id": "gen9championsvgc2026regma-2580862914",
  "format": "[Gen 9 Champions] VGC 2026 Reg M-A",
  "players": [
    "Megamatt199",
    "charonscoin"
  ],
  "log": "|j|\u2606Megamatt199\n|j|\u2606charonscoin\n|t:|1775938649\n|gametype|doubles\n|player|p1|Megamatt199|1|1072\n|player|p2|charonscoin|palmer|1130\n|gen|9\n|tier|[Gen 9 Champions] VGC 2026 Reg M-A\n|rated|\n|rule|Species Clause: Limit one of each Pok\u00e9mon\n|rule|Item Clause: Limit 1 of each item\n|clearpoke\n|poke|p1|Froslass, L50, F|\n|poke|p1|Orthworm, L50, F|\n|poke|p1|Basculegion, L50, M|\n|poke|p1|Incineroar, L50, M|\n|poke|p1|Rotom-Frost, L50|\n|poke|p1|Garchomp, L50, M|\n|poke|p2|Scizor, L50, F|\n|poke|p2|Maushold-Four, L50|\n|poke|p2|Basculegion, L50, M|\n|poke|p2|Incineroar, L50, F|\n|poke|p2|Whimsicott, L50, M|\n|poke|p2|Glimmora, L50, F|\n|teampreview|4\nMegamatt199 has agreed to open team sheets.\n|\n|t:|1775938672\n|teamsize|p1|4\n|teamsize|p2|4\n|start\n|switch|p1a: Orthworm|Orthworm, L50, F|100/100\n|switch|p1b: Garchomp|Garchomp, L50, M|100/100\n|switch|p2a: Maushold|Maushold-Four, L50|100/100\n|switch|p2b: Incineroar|Incineroar, L50, F|100/100\n|-ability|p2b: Incineroar|Intimidate|boost\n|-unboost|p1a: Orthworm|atk|1\n|-unboost|p1b: Garchomp|atk|1\n|turn|1\n|inactive|Battle timer is ON: inactive players will automatically lose when time's up. (requested by charonscoin)\n|\n|t:|1775938693\n|move|p2a: Maushold|Super Fang|p1a: Orthworm\n|-damage|p1a: Orthworm|51/100\n|move|p1b: Garchomp|Earthquake|p2b: Incineroar|[spread] p2a,p2b\n|-heal|p1a: Orthworm|76/100|[from] ability: Earth Eater|[of] p1b: Garchomp\n|-supereffective|p2b: Incineroar|1\n|-crit|p2b: Incineroar\n|-damage|p2a: Maushold|68/100\n|-damage|p2b: Incineroar|22/100\n|-enditem|p2b: Incineroar|Sitrus Berry|[eat]\n|-heal|p2b: Incineroar|47/100|[from] item: Sitrus Berry\n|move|p2b: Incineroar|Flare Blitz|p1a: Orthworm\n|-supereffective|p1a: Orthworm|1\n|-crit|p1a: Orthworm\n|-damage|p1a: Orthworm|0 fnt\n|faint|p1a: Orthworm\n|-damage|p2b: Incineroar|25/100|[from] Recoil\n|\n|upkeep\n|\n|t:|1775938709\n|switch|p1a: Rotom|Rotom-Frost, L50|100/100\n|turn|2\n|\n|t:|1775938730\n|switch|p2b: Whimsicott|Whimsicott, L50, M|100/100\n|move|p2a: Maushold|Super Fang|p1b: Garchomp\n|-damage|p1b: Garchomp|51/100\n|-damage|p2a: Maushold|56/100|[from] ability: Rough Skin|[of] p1b: Garchomp\n|move|p1b: Garchomp|Earthquake|p2b: Whimsicott|[spread] p2a,p2b\n|-immune|p1a: Rotom|[from] ability: Levitate\n|-resisted|p2b: Whimsicott|1\n|-damage|p2a: Maushold|23/100\n|-damage|p2b: Whimsicott|86/100\n|move|p1a: Rotom|Volt Switch|p2a: Maushold\n|-crit|p2a: Maushold\n|-damage|p2a: Maushold|0 fnt\n|faint|p2a: Maushold\n|\n|t:|1775938744\n|switch|p1a: Froslass|Froslass, L50, F|100/100|[from] Volt Switch\n|\n|upkeep\n|\n|t:|1775938752\n|switch|p2a: Basculegion|Basculegion, L50, M|100/100\n|turn|3\n|\n|t:|1775938772\n|detailschange|p1a: Froslass|Froslass-Mega, L50, F\n|-mega|p1a: Froslass|Froslass|Froslassite\n|-weather|Snowscape|[from] ability: Snow Warning|[of] p1a: Froslass\n|move|p1b: Garchomp|Protect|p1b: Garchomp\n|-singleturn|p1b: Garchomp|Protect\n|move|p2b: Whimsicott|Tailwind|p2b: Whimsicott\n|-sidestart|p2: charonscoin|move: Tailwind\n|move|p2a: Basculegion|Last Respects|p1a: Froslass\n|-supereffective|p1a: Froslass|1\n|-damage|p1a: Froslass|0 fnt\n|faint|p1a: Froslass\n|\n|-weather|Snowscape|[upkeep]\n|upkeep\n|\n|t:|1775938783\n|switch|p1a: Rotom|Rotom-Frost, L50|100/100\n|turn|4\n|\n|t:|1775938794\n|move|p1a: Rotom|Protect|p1a: Rotom\n|-singleturn|p1a: Rotom|Protect\n|move|p2b: Whimsicott|Moonblast|p1b: Garchomp\n|-supereffective|p1b: Garchomp|1\n|-damage|p1b: Garchomp|0 fnt\n|faint|p1b: Garchomp\n|move|p2a: Basculegion|Last Respects|p1a: Rotom\n|-activate|p1a: Rotom|move: Protect\n|\n|-weather|Snowscape|[upkeep]\n|upkeep\n|turn|5\n|\n|t:|1775938808\n|move|p2b: Whimsicott|Moonblast|p1a: Rotom\n|-damage|p1a: Rotom|60/100\n|move|p2a: Basculegion|Last Respects|p1a: Rotom\n|-damage|p1a: Rotom|13/100\n|move|p1a: Rotom|Thunderbolt|p2a: Basculegion\n|-supereffective|p2a: Basculegion|1\n|-damage|p2a: Basculegion|0 fnt\n|faint|p2a: Basculegion\n|\n|-weather|Snowscape|[upkeep]\n|upkeep\n|\n|t:|1775938820\n|switch|p2a: Incineroar|Incineroar, L50, F|25/100\n|-ability|p2a: Incineroar|Intimidate|boost\n|-unboost|p1a: Rotom|atk|1\n|turn|6\n|\n|t:|1775938832\n|move|p1a: Rotom|Protect|p1a: Rotom\n|-singleturn|p1a: Rotom|Protect\n|move|p2a: Incineroar|Fake Out|p1a: Rotom\n|-activate|p1a: Rotom|move: Protect\n|move|p2b: Whimsicott|Moonblast|p1a: Rotom\n|-activate|p1a: Rotom|move: Protect\n|\n|-weather|Snowscape|[upkeep]\n|-sideend|p2: charonscoin|move: Tailwind\n|upkeep\n|turn|7\n|\n|t:|1775938849\n|move|p2b: Whimsicott|Tailwind|p2b: Whimsicott\n|-sidestart|p2: charonscoin|move: Tailwind\n|move|p2a: Incineroar|Flare Blitz|p1a: Rotom\n|-supereffective|p1a: Rotom|1\n|-damage|p1a: Rotom|0 fnt\n|faint|p1a: Rotom\n|-damage|p2a: Incineroar|21/100|[from] Recoil\n|\n|win|charonscoin\n|raw|Megamatt199's rating: 1072 &rarr; <strong>1055</strong><br />(-17 for losing)\n|raw|charonscoin's rating: 1130 &rarr; <strong>1151</strong><br />(+21 for winning)\n|l|\u2606Megamatt199\n|player|p1|\n",
  "uploadtime": 1775938862,
  "views": 15,
  "formatid": "gen9championsvgc2026regma",
  "rating": 1055,
  "private": 0,
  "password": null
}