{
  "id": "gen9championsvgc2026regma-2582929206",
  "format": "[Gen 9 Champions] VGC 2026 Reg M-A",
  "players": [
    "blazke",
    "Lgo(blue)"
  ],
  "log": "|j|\u2606blazke\n|j|\u2606Lgo(blue)\n|t:|1776125867\n|gametype|doubles\n|player|p1|blazke|riley|1108\n|player|p2|Lgo(blue)|blue|1044\n|gen|9\n|tier|[Gen 9 Champions] VGC 2026 Reg M-A\n|rated|\n|rule|Species Clause: Limit one of each Pok\u00e9mon\n|rule|Item Clause: Limit 1 of each item\n|clearpoke\n|poke|p1|Whimsicott, L50, M|\n|poke|p1|Farigiraf, L50, F|\n|poke|p1|Incineroar, L50, F|\n|poke|p1|Golurk, L50|\n|poke|p1|Sneasler, L50, M|\n|poke|p1|Glimmora, L50, M|\n|poke|p2|Incineroar, L50, M|\n|poke|p2|Charizard, L50, M|\n|poke|p2|Venusaur, L50, F|\n|poke|p2|Whimsicott, L50, F|\n|poke|p2|Garchomp, L50, F|\n|poke|p2|Basculegion, L50, M|\n|teampreview|4\n|inactive|Battle timer is ON: inactive players will automatically lose when time's up. (requested by blazke)\n|inactive|blazke has 60 seconds left.\n|\n|t:|1776125918\n|teamsize|p1|4\n|teamsize|p2|4\n|start\n|switch|p1a: Incineroar|Incineroar, L50, F|100/100\n|switch|p1b: Farigiraf|Farigiraf, L50, F|100/100\n|switch|p2a: Incineroar|Incineroar, L50, M|100/100\n|switch|p2b: Lizy|Charizard, L50, M|100/100\n|-ability|p1a: Incineroar|Intimidate|boost\n|-unboost|p2a: Incineroar|atk|1\n|-unboost|p2b: Lizy|atk|1\n|-ability|p2a: Incineroar|Intimidate|boost\n|-unboost|p1a: Incineroar|atk|1\n|-unboost|p1b: Farigiraf|atk|1\n|turn|1\n|\n|t:|1776125941\n|detailschange|p2b: Lizy|Charizard-Mega-Y, L50, M\n|-mega|p2b: Lizy|Charizard|Charizardite Y\n|-weather|SunnyDay|[from] ability: Drought|[of] p2b: Lizy\n|move|p1a: Incineroar|Fake Out|p2a: Incineroar\n|-damage|p2a: Incineroar|95/100\n|cant|p2a: Incineroar|flinch\n|move|p2b: Lizy|Weather Ball|p1b: Farigiraf\n|-damage|p1b: Farigiraf|8/100\n|move|p1b: Farigiraf|Trick Room|p1b: Farigiraf\n|-fieldstart|move: Trick Room|[of] p1b: Farigiraf\n|\n|-weather|SunnyDay|[upkeep]\n|upkeep\n|turn|2\n|inactive|Lgo(blue) has 30 seconds left.\n|\n|t:|1776125968\n|move|p1b: Farigiraf|Protect|p1b: Farigiraf\n|-singleturn|p1b: Farigiraf|Protect\n|move|p2a: Incineroar|Will-O-Wisp|p1a: Incineroar\n|-immune|p1a: Incineroar\n|move|p1a: Incineroar|Parting Shot|p2b: Lizy\n|-unboost|p2b: Lizy|atk|1\n|-unboost|p2b: Lizy|spa|1\n|\n|t:|1776125985\n|switch|p1a: Glimmora|Glimmora, L50, M|100/100|[from] Parting Shot\n|move|p2b: Lizy|Heat Wave|p1b: Farigiraf|[spread] p1a\n|-activate|p1b: Farigiraf|move: Protect\n|-resisted|p1a: Glimmora|1\n|-damage|p1a: Glimmora|72/100\n|\n|-weather|SunnyDay|[upkeep]\n|upkeep\n|turn|3\n|inactive|Lgo(blue) has 30 seconds left.\n|\n|t:|1776126013\n|detailschange|p1a: Glimmora|Glimmora-Mega, L50, M\n|-mega|p1a: Glimmora|Glimmora|Glimmoranite\n|move|p1b: Farigiraf|Helping Hand|p1a: Glimmora\n|-singleturn|p1a: Glimmora|Helping Hand|[of] p1b: Farigiraf\n|move|p2b: Lizy|Protect|p2b: Lizy\n|-singleturn|p2b: Lizy|Protect\n|move|p2a: Incineroar|Parting Shot|p1a: Glimmora\n|-unboost|p1a: Glimmora|atk|1\n|-unboost|p1a: Glimmora|spa|1\n|\n|t:|1776126026\n|switch|p2a: Venusaur|Venusaur, L50, F|100/100|[from] Parting Shot\n|move|p1a: Glimmora|Power Gem|p2b: Lizy\n|-activate|p2b: Lizy|move: Protect\n|\n|-weather|SunnyDay|[upkeep]\n|upkeep\n|turn|4\n|\n|t:|1776126047\n|move|p1b: Farigiraf|Helping Hand|p1a: Glimmora\n|-singleturn|p1a: Glimmora|Helping Hand|[of] p1b: Farigiraf\n|move|p2b: Lizy|Solar Beam||[still]\n|-prepare|p2b: Lizy|Solar Beam\n|-anim|p2b: Lizy|Solar Beam|p1a: Glimmora\n|-damage|p1a: Glimmora|29/100\n|move|p1a: Glimmora|Power Gem|p2b: Lizy\n|-supereffective|p2b: Lizy|2\n|-damage|p2b: Lizy|0 fnt\n|faint|p2b: Lizy\n|move|p2a: Venusaur|Sleep Powder|p1a: Glimmora\n|-status|p1a: Glimmora|slp|[from] move: Sleep Powder\n|\n|-weather|SunnyDay|[upkeep]\n|upkeep\n|\n|t:|1776126066\n|switch|p2b: Incineroar|Incineroar, L50, M|95/100\n|-ability|p2b: Incineroar|Intimidate|boost\n|-unboost|p1a: Glimmora|atk|1\n|-unboost|p1b: Farigiraf|atk|1\n|turn|5\n|\n|t:|1776126087\n|move|p1b: Farigiraf|Protect|p1b: Farigiraf\n|-singleturn|p1b: Farigiraf|Protect\n|move|p2b: Incineroar|Fake Out||[still]\n|cant|p1b: Farigiraf|ability: Armor Tail|Fake Out|[of] p2b: Incineroar\n|cant|p1a: Glimmora|slp\n|move|p2a: Venusaur|Earth Power|p1b: Farigiraf\n|-activate|p1b: Farigiraf|move: Protect\n|\n|-weather|none\n|-fieldend|move: Trick Room\n|upkeep\n|turn|6\n|\n|t:|1776126105\n|cant|p1a: Glimmora|slp\n|move|p2a: Venusaur|Earth Power|p1b: Farigiraf\n|-damage|p1b: Farigiraf|0 fnt\n|faint|p1b: Farigiraf\n|move|p2b: Incineroar|Parting Shot|p1a: Glimmora\n|-unboost|p1a: Glimmora|atk|1\n|-unboost|p1a: Glimmora|spa|1\n|\n|t:|1776126115\n|switch|p2b: Cotton|Whimsicott, L50, F|100/100|[from] Parting Shot\n|\n|upkeep\n|\n|t:|1776126124\n|switch|p1b: Incineroar|Incineroar, L50, F|100/100\n|-ability|p1b: Incineroar|Intimidate|boost\n|-unboost|p2a: Venusaur|atk|1\n|-unboost|p2b: Cotton|atk|1\n|turn|7\n|\n|t:|1776126136\n|move|p1b: Incineroar|Fake Out|p2b: Cotton\n|-damage|p2b: Cotton|88/100\n|cant|p2b: Cotton|flinch\n|-curestatus|p1a: Glimmora|slp|[msg]\n|move|p1a: Glimmora|Sludge Bomb|p2b: Cotton\n|-supereffective|p2b: Cotton|2\n|-damage|p2b: Cotton|0 fnt\n|faint|p2b: Cotton\n|move|p2a: Venusaur|Earth Power|p1b: Incineroar\n|-supereffective|p1b: Incineroar|1\n|-damage|p1b: Incineroar|53/100\n|\n|upkeep\n|\n|t:|1776126150\n|switch|p2b: Incineroar|Incineroar, L50, M|95/100\n|-ability|p2b: Incineroar|Intimidate|boost\n|-unboost|p1a: Glimmora|atk|1\n|-unboost|p1b: Incineroar|atk|1\n|turn|8\n|\n|t:|1776126162\n|move|p2b: Incineroar|Fake Out|p1a: Glimmora\n|-resisted|p1a: Glimmora|1\n|-damage|p1a: Glimmora|24/100\n|cant|p1a: Glimmora|flinch\n|move|p2a: Venusaur|Sleep Powder|p1b: Incineroar\n|-status|p1b: Incineroar|slp|[from] move: Sleep Powder\n|cant|p1b: Incineroar|slp\n|\n|upkeep\n|turn|9\n|inactive|Lgo(blue) has 30 seconds left.\n|\n|t:|1776126194\n|move|p1a: Glimmora|Power Gem|p2b: Incineroar\n|-supereffective|p2b: Incineroar|1\n|-damage|p2b: Incineroar|43/100\n|move|p2a: Venusaur|Earth Power|p1a: Glimmora\n|-supereffective|p1a: Glimmora|2\n|-damage|p1a: Glimmora|0 fnt\n|faint|p1a: Glimmora\n|cant|p1b: Incineroar|slp\n|move|p2b: Incineroar|Throat Chop|p1b: Incineroar\n|-resisted|p1b: Incineroar|1\n|-damage|p1b: Incineroar|41/100 slp\n|-start|p1b: Incineroar|Throat Chop|[silent]\n|-enditem|p1b: Incineroar|Sitrus Berry|[eat]\n|-heal|p1b: Incineroar|66/100 slp|[from] item: Sitrus Berry\n|\n|upkeep\n|\n|t:|1776126197\n|switch|p1a: Golurk|Golurk, L50|100/100\n|turn|10\n|\n|t:|1776126215\n|move|p2a: Venusaur|Sleep Powder|p1a: Golurk|[miss]\n|-miss|p2a: Venusaur|p1a: Golurk\n|-curestatus|p1b: Incineroar|slp|[msg]\n|move|p1b: Incineroar|Flare Blitz|p2a: Venusaur\n|-supereffective|p2a: Venusaur|1\n|-damage|p2a: Venusaur|30/100\n|-damage|p1b: Incineroar|44/100|[from] Recoil\n|move|p2b: Incineroar|Throat Chop|p1a: Golurk\n|-supereffective|p1a: Golurk|1\n|-damage|p1a: Golurk|18/100\n|-start|p1a: Golurk|Throat Chop|[silent]\n|move|p1a: Golurk|Headlong Rush|p2b: Incineroar\n|-supereffective|p2b: Incineroar|1\n|-damage|p2b: Incineroar|0 fnt\n|-unboost|p1a: Golurk|def|1\n|-unboost|p1a: Golurk|spd|1\n|faint|p2b: Incineroar\n|\n|-end|p1b: Incineroar|Throat Chop|[silent]\n|upkeep\n|turn|11\n|\n|t:|1776126238\n|move|p2a: Venusaur|Protect|p2a: Venusaur\n|-singleturn|p2a: Venusaur|Protect\n|move|p1b: Incineroar|Flare Blitz|p2a: Venusaur\n|-activate|p2a: Venusaur|move: Protect\n|move|p1a: Golurk|Ice Punch|p2a: Venusaur\n|-activate|p2a: Venusaur|move: Protect\n|\n|-end|p1a: Golurk|Throat Chop|[silent]\n|upkeep\n|turn|12\n|\n|t:|1776126252\n|move|p2a: Venusaur|Earth Power|p1b: Incineroar\n|-supereffective|p1b: Incineroar|1\n|-damage|p1b: Incineroar|0 fnt\n|faint|p1b: Incineroar\n|move|p1a: Golurk|Ice Punch|p2a: Venusaur\n|-supereffective|p2a: Venusaur|1\n|-damage|p2a: Venusaur|0 fnt\n|faint|p2a: Venusaur\n|\n|win|blazke\n|raw|blazke's rating: 1108 &rarr; <strong>1128</strong><br />(+20 for winning)\n|raw|Lgo(blue)'s rating: 1044 &rarr; <strong>1030</strong><br />(-14 for losing)\n|l|\u2606Lgo(blue)\n|player|p2|\n|c|\u2606blazke|You have lot to learn young one\n|l|\u2606blazke\n|player|p1|\n|j|\u2606blazke\n|player|p1|blazke|riley|\n",
  "uploadtime": 1776126569,
  "views": 16,
  "formatid": "gen9championsvgc2026regma",
  "rating": 1030,
  "private": 0,
  "password": null
}