{
  "id": "gen9championsvgc2026regma-2586173900",
  "format": "[Gen 9 Champions] VGC 2026 Reg M-A",
  "players": [
    "PinkScourge",
    "reymidas23"
  ],
  "log": "|j|\u2606PinkScourge\n|j|\u2606reymidas23\n|t:|1776408402\n|gametype|doubles\n|player|p1|PinkScourge|ortega|1309\n|player|p2|reymidas23|youngster-gen4dp|1386\n|gen|9\n|tier|[Gen 9 Champions] VGC 2026 Reg M-A\n|rated|\n|rule|Species Clause: Limit one of each Pok\u00e9mon\n|rule|Item Clause: Limit 1 of each item\n|clearpoke\n|poke|p1|Clefable, L50, F|\n|poke|p1|Lopunny, L50, M|\n|poke|p1|Whimsicott, L50, F|\n|poke|p1|Sneasler, L50, F|\n|poke|p1|Delphox, L50, M|\n|poke|p1|Kingambit, L50, F|\n|poke|p2|Froslass, L50, F|\n|poke|p2|Gardevoir, L50, F|\n|poke|p2|Sneasler, L50, M|\n|poke|p2|Kingambit, L50, M|\n|poke|p2|Garchomp, L50, F|\n|poke|p2|Corviknight, L50, M|\n|teampreview|4\n|inactive|Battle timer is ON: inactive players will automatically lose when time's up. (requested by PinkScourge)\n|inactive|PinkScourge has 60 seconds left.\n|\n|t:|1776408443\n|teamsize|p1|4\n|teamsize|p2|4\n|start\n|switch|p1a: Whimsicott|Whimsicott, L50, F, shiny|100/100\n|switch|p1b: Delphox|Delphox, L50, M|100/100\n|switch|p2a: Froslass|Froslass, L50, F|100/100\n|switch|p2b: Kingambit|Kingambit, L50, M|100/100\n|turn|1\n|inactive|PinkScourge has 30 seconds left.\n|\n|t:|1776408471\n|switch|p1a: Sneasler|Sneasler, L50, F|100/100\n|detailschange|p2a: Froslass|Froslass-Mega, L50, F\n|-mega|p2a: Froslass|Froslass|Froslassite\n|-weather|Snowscape|[from] ability: Snow Warning|[of] p2a: Froslass\n|detailschange|p1b: Delphox|Delphox-Mega, L50, M\n|-mega|p1b: Delphox|Delphox|Delphoxite\n|move|p1b: Delphox|Protect|p1b: Delphox\n|-singleturn|p1b: Delphox|Protect\n|move|p2b: Kingambit|Sucker Punch||[still]\n|-fail|p2b: Kingambit\n|move|p2a: Froslass|Blizzard|p1b: Delphox|[spread] p1a\n|-activate|p1b: Delphox|move: Protect\n|-damage|p1a: Sneasler|34/100\n|\n|-weather|Snowscape|[upkeep]\n|upkeep\n|turn|2\n|inactive|reymidas23 has 30 seconds left.\n|inactive|reymidas23 has 20 seconds left.\n|inactive|reymidas23 has 15 seconds left.\n|\n|t:|1776408513\n|move|p2a: Froslass|Protect|p2a: Froslass\n|-singleturn|p2a: Froslass|Protect\n|move|p2b: Kingambit|Protect|p2b: Kingambit\n|-singleturn|p2b: Kingambit|Protect\n|move|p1a: Sneasler|Fake Out|p2b: Kingambit\n|-activate|p2b: Kingambit|move: Protect\n|move|p1b: Delphox|Heat Wave|p2a: Froslass|[spread] \n|-activate|p2a: Froslass|move: Protect\n|-activate|p2b: Kingambit|move: Protect\n|\n|-weather|Snowscape|[upkeep]\n|upkeep\n|turn|3\n|\n|t:|1776408531\n|switch|p1a: Kingambit|Kingambit, L50, F|100/100\n|move|p2b: Kingambit|Sucker Punch||[still]\n|-fail|p2b: Kingambit\n|move|p1b: Delphox|Encore|p2b: Kingambit\n|-start|p2b: Kingambit|Encore\n|move|p2a: Froslass|Blizzard|p1b: Delphox|[spread] p1a,p1b\n|-resisted|p1a: Kingambit|1\n|-resisted|p1b: Delphox|1\n|-damage|p1a: Kingambit|77/100\n|-damage|p1b: Delphox|79/100\n|\n|-weather|Snowscape|[upkeep]\n|upkeep\n|turn|4\n|\n|t:|1776408550\n|switch|p1b: Sneasler|Sneasler, L50, F|34/100\n|switch|p2b: Sneasler|Sneasler, L50, M|100/100\n|move|p1a: Kingambit|Sucker Punch||[still]\n|-fail|p1a: Kingambit\n|move|p2a: Froslass|Aurora Veil|p2a: Froslass\n|-sidestart|p2: reymidas23|move: Aurora Veil\n|\n|-weather|Snowscape|[upkeep]\n|upkeep\n|turn|5\n|inactive|reymidas23 has 30 seconds left.\n|\n|t:|1776408584\n|move|p2a: Froslass|Protect|p2a: Froslass\n|-singleturn|p2a: Froslass|Protect\n|move|p1b: Sneasler|Fake Out|p2b: Sneasler\n|-damage|p2b: Sneasler|83/100\n|cant|p2b: Sneasler|flinch\n|move|p1a: Kingambit|Kowtow Cleave|p2a: Froslass\n|-activate|p2a: Froslass|move: Protect\n|\n|-weather|none\n|upkeep\n|turn|6\n|inactive|PinkScourge has 30 seconds left.\n|inactive|reymidas23 has 30 seconds left.\n|\n|t:|1776408617\n|switch|p2a: Corviknight|Corviknight, L50, M|100/100\n|switch|p1a: Whimsicott|Whimsicott, L50, F, shiny|100/100\n|move|p1b: Sneasler|Dire Claw|p2b: Sneasler\n|-resisted|p2b: Sneasler|1\n|-crit|p2b: Sneasler\n|-damage|p2b: Sneasler|31/100\n|move|p2b: Sneasler|Close Combat|p1a: Whimsicott\n|-resisted|p1a: Whimsicott|1\n|-damage|p1a: Whimsicott|57/100\n|-unboost|p2b: Sneasler|def|1\n|-unboost|p2b: Sneasler|spd|1\n|\n|upkeep\n|turn|7\n|\n|t:|1776408640\n|move|p1a: Whimsicott|Tailwind|p1a: Whimsicott\n|-sidestart|p1: PinkScourge|move: Tailwind\n|move|p1b: Sneasler|Close Combat|p2b: Sneasler\n|-resisted|p2b: Sneasler|1\n|-damage|p2b: Sneasler|0 fnt\n|-unboost|p1b: Sneasler|def|1\n|-unboost|p1b: Sneasler|spd|1\n|faint|p2b: Sneasler\n|move|p2a: Corviknight|Tailwind|p2a: Corviknight\n|-sidestart|p2: reymidas23|move: Tailwind\n|\n|upkeep\n|\n|t:|1776408655\n|switch|p2b: Kingambit|Kingambit, L50, M|100/100\n|turn|8\n|\n|t:|1776408673\n|move|p1b: Sneasler|Protect|p1b: Sneasler\n|-singleturn|p1b: Sneasler|Protect\n|move|p1a: Whimsicott|Encore|p2a: Corviknight\n|-start|p2a: Corviknight|Encore\n|move|p2b: Kingambit|Sucker Punch||[still]\n|-fail|p2b: Kingambit\n|move|p2a: Corviknight|Tailwind||[still]\n|-fail|p2a: Corviknight\n|\n|-sideend|p2: reymidas23|move: Aurora Veil\n|upkeep\n|turn|9\n|\n|t:|1776408692\n|switch|p1b: Kingambit|Kingambit, L50, F|77/100\n|switch|p2a: Froslass|Froslass-Mega, L50, F|100/100\n|-weather|Snowscape|[from] ability: Snow Warning|[of] p2a: Froslass\n|move|p2b: Kingambit|Protect|p2b: Kingambit\n|-singleturn|p2b: Kingambit|Protect\n|move|p1a: Whimsicott|Encore|p2b: Kingambit\n|-activate|p2b: Kingambit|move: Protect\n|\n|-weather|Snowscape|[upkeep]\n|upkeep\n|turn|10\n|\n|t:|1776408714\n|move|p1a: Whimsicott|Encore|p2b: Kingambit\n|-hint|Since gen 7, Dark is immune to Prankster moves.\n|-immune|p2b: Kingambit\n|move|p2a: Froslass|Aurora Veil|p2a: Froslass\n|-sidestart|p2: reymidas23|move: Aurora Veil\n|move|p2b: Kingambit|Iron Head|p1a: Whimsicott\n|-supereffective|p1a: Whimsicott|1\n|-damage|p1a: Whimsicott|0 fnt\n|faint|p1a: Whimsicott\n|move|p1b: Kingambit|Kowtow Cleave|p2a: Froslass\n|-supereffective|p2a: Froslass|1\n|-damage|p2a: Froslass|15/100\n|\n|-weather|Snowscape|[upkeep]\n|-sideend|p2: reymidas23|move: Tailwind\n|-sideend|p1: PinkScourge|move: Tailwind\n|upkeep\n|\n|t:|1776408732\n|switch|p1a: Delphox|Delphox-Mega, L50, M|79/100\n|turn|11\n|\n|t:|1776408740\n|move|p2a: Froslass|Protect|p2a: Froslass\n|-singleturn|p2a: Froslass|Protect\n|move|p1b: Kingambit|Sucker Punch||[still]\n|-fail|p1b: Kingambit\n|move|p2b: Kingambit|Sucker Punch||[still]\n|-fail|p2b: Kingambit\n|move|p1a: Delphox|Encore|p2b: Kingambit\n|-start|p2b: Kingambit|Encore\n|\n|-weather|Snowscape|[upkeep]\n|upkeep\n|turn|12\n|\n|t:|1776408759\n|switch|p2a: Corviknight|Corviknight, L50, M|100/100\n|move|p2b: Kingambit|Sucker Punch||[still]\n|-fail|p2b: Kingambit\n|move|p1a: Delphox|Encore||[still]\n|-fail|p1a: Delphox\n|move|p1b: Kingambit|Kowtow Cleave|p2a: Corviknight\n|-damage|p2a: Corviknight|69/100\n|\n|-weather|Snowscape|[upkeep]\n|-heal|p2a: Corviknight|75/100|[from] item: Leftovers\n|upkeep\n|turn|13\n|\n|t:|1776408784\n|switch|p1a: Sneasler|Sneasler, L50, F|34/100\n|move|p2b: Kingambit|Sucker Punch|p1b: Kingambit\n|-resisted|p1b: Kingambit|1\n|-damage|p1b: Kingambit|63/100\n|move|p2a: Corviknight|Brave Bird|p1a: Sneasler\n|-supereffective|p1a: Sneasler|1\n|-damage|p1a: Sneasler|0 fnt\n|faint|p1a: Sneasler\n|-damage|p2a: Corviknight|67/100|[from] Recoil\n|move|p1b: Kingambit|Kowtow Cleave|p2a: Corviknight\n|-damage|p2a: Corviknight|37/100\n|\n|-weather|none\n|-heal|p2a: Corviknight|42/100|[from] item: Leftovers\n|upkeep\n|\n|t:|1776408798\n|switch|p1a: Delphox|Delphox-Mega, L50, M|79/100\n|turn|14\n|inactive|PinkScourge has 30 seconds left.\n|inactive|reymidas23 has 30 seconds left.\n|\n|t:|1776408839\n|switch|p2b: Froslass|Froslass-Mega, L50, F|15/100\n|-weather|Snowscape|[from] ability: Snow Warning|[of] p2b: Froslass\n|move|p1a: Delphox|Protect|p1a: Delphox\n|-singleturn|p1a: Delphox|Protect\n|move|p2a: Corviknight|Protect|p2a: Corviknight\n|-singleturn|p2a: Corviknight|Protect\n|move|p1b: Kingambit|Kowtow Cleave|p2a: Corviknight\n|-activate|p2a: Corviknight|move: Protect\n|\n|-weather|Snowscape|[upkeep]\n|-heal|p2a: Corviknight|48/100|[from] item: Leftovers\n|-sideend|p2: reymidas23|move: Aurora Veil\n|upkeep\n|turn|15\n|inactive|reymidas23 has 30 seconds left.\n|inactive|reymidas23 has 20 seconds left.\n|\n|t:|1776408876\n|move|p1a: Delphox|Heat Wave|p2a: Corviknight|[spread] p2a,p2b\n|-supereffective|p2a: Corviknight|1\n|-supereffective|p2b: Froslass|1\n|-damage|p2a: Corviknight|0 fnt\n|-damage|p2b: Froslass|0 fnt\n|faint|p2a: Corviknight\n|faint|p2b: Froslass\n|move|p1b: Kingambit|Kowtow Cleave|p2: Corviknight|[notarget]\n|-fail|p1b: Kingambit\n|\n|-weather|Snowscape|[upkeep]\n|upkeep\n|\n|t:|1776408881\n|switch|p2b: Kingambit|Kingambit, L50, M|100/100\n|turn|16\n|\n|t:|1776408892\n|move|p1a: Delphox|Protect|p1a: Delphox\n|-singleturn|p1a: Delphox|Protect\n|move|p1b: Kingambit|Protect|p1b: Kingambit\n|-singleturn|p1b: Kingambit|Protect\n|move|p2b: Kingambit|Kowtow Cleave|p1a: Delphox\n|-activate|p1a: Delphox|move: Protect\n|\n|-weather|Snowscape|[upkeep]\n|upkeep\n|turn|17\n|inactive|PinkScourge has 30 seconds left.\n|\n|t:|1776408917\n|move|p2b: Kingambit|Sucker Punch|p1a: Delphox\n|-supereffective|p1a: Delphox|1\n|-crit|p1a: Delphox\n|-damage|p1a: Delphox|0 fnt\n|faint|p1a: Delphox\n|move|p1b: Kingambit|Kowtow Cleave|p2b: Kingambit\n|-resisted|p2b: Kingambit|1\n|-damage|p2b: Kingambit|78/100\n|\n|-weather|Snowscape|[upkeep]\n|upkeep\n|turn|18\n|\n|t:|1776408932\n|move|p2b: Kingambit|Kowtow Cleave|p1b: Kingambit\n|-resisted|p1b: Kingambit|1\n|-damage|p1b: Kingambit|46/100\n|move|p1b: Kingambit|Kowtow Cleave|p2b: Kingambit\n|-resisted|p2b: Kingambit|1\n|-damage|p2b: Kingambit|56/100\n|\n|-weather|none\n|upkeep\n|turn|19\n|\n|t:|1776408950\n|move|p2b: Kingambit|Kowtow Cleave|p1b: Kingambit\n|-resisted|p1b: Kingambit|1\n|-crit|p1b: Kingambit\n|-damage|p1b: Kingambit|22/100\n|move|p1b: Kingambit|Kowtow Cleave|p2b: Kingambit\n|-resisted|p2b: Kingambit|1\n|-damage|p2b: Kingambit|33/100\n|\n|upkeep\n|turn|20\n|\n|t:|1776408966\n|move|p1b: Kingambit|Kowtow Cleave|p2b: Kingambit\n|-resisted|p2b: Kingambit|1\n|-damage|p2b: Kingambit|10/100\n|move|p2b: Kingambit|Kowtow Cleave|p1b: Kingambit\n|-resisted|p1b: Kingambit|1\n|-damage|p1b: Kingambit|5/100\n|\n|upkeep\n|turn|21\n|\n|t:|1776408978\n|move|p1b: Kingambit|Sucker Punch|p2b: Kingambit\n|-resisted|p2b: Kingambit|1\n|-crit|p2b: Kingambit\n|-damage|p2b: Kingambit|0 fnt\n|faint|p2b: Kingambit\n|\n|win|PinkScourge\n|raw|PinkScourge's rating: 1309 &rarr; <strong>1333</strong><br />(+24 for winning)\n|raw|reymidas23's rating: 1386 &rarr; <strong>1362</strong><br />(-24 for losing)\n",
  "uploadtime": 1776408983,
  "views": 32,
  "formatid": "gen9championsvgc2026regma",
  "rating": 1333,
  "private": 0,
  "password": null
}