{
  "id": "gen9championsvgc2026regma-2581915775",
  "format": "[Gen 9 Champions] VGC 2026 Reg M-A",
  "players": [
    "Ashk1996",
    "dreadedbolt"
  ],
  "log": "|j|\u2606Ashk1996\n|j|\u2606dreadedbolt\n|t:|1776039428\n|gametype|doubles\n|player|p1|Ashk1996|1|1145\n|player|p2|dreadedbolt|2|1103\n|gen|9\n|tier|[Gen 9 Champions] VGC 2026 Reg M-A\n|rated|\n|rule|Species Clause: Limit one of each Pok\u00e9mon\n|rule|Item Clause: Limit 1 of each item\n|clearpoke\n|poke|p1|Starmie, L50|\n|poke|p1|Garchomp, L50, M|\n|poke|p1|Tyranitar, L50, F|\n|poke|p1|Whimsicott, L50, F|\n|poke|p1|Hawlucha, L50, M|\n|poke|p1|Excadrill, L50, F|\n|poke|p2|Gengar, L50, M|\n|poke|p2|Archaludon, L50, M|\n|poke|p2|Politoed, L50, F|\n|poke|p2|Basculegion, L50, M|\n|poke|p2|Incineroar, L50, M|\n|poke|p2|Maushold-Four, L50|\n|teampreview|4\n|\n|t:|1776039468\n|teamsize|p1|4\n|teamsize|p2|4\n|start\n|switch|p1a: Starmie|Starmie, L50|100/100\n|switch|p1b: Whimsicott|Whimsicott, L50, F|100/100\n|switch|p2a: Gengar|Gengar, L50, M|100/100\n|switch|p2b: Incineroar|Incineroar, L50, M|100/100\n|-ability|p2b: Incineroar|Intimidate|boost\n|-unboost|p1a: Starmie|atk|1\n|-unboost|p1b: Whimsicott|atk|1\n|turn|1\n|\n|t:|1776039480\n|detailschange|p2a: Gengar|Gengar-Mega, L50, M\n|-mega|p2a: Gengar|Gengar|Gengarite\n|move|p1b: Whimsicott|Protect|p1b: Whimsicott\n|-singleturn|p1b: Whimsicott|Protect\n|move|p1a: Starmie|Protect|p1a: Starmie\n|-singleturn|p1a: Starmie|Protect\n|move|p2b: Incineroar|Fake Out|p1b: Whimsicott\n|-activate|p1b: Whimsicott|move: Protect\n|move|p2a: Gengar|Shadow Ball|p1a: Starmie\n|-activate|p1a: Starmie|move: Protect\n|\n|upkeep\n|turn|2\n|\n|t:|1776039505\n|detailschange|p1a: Starmie|Starmie-Mega, L50\n|-mega|p1a: Starmie|Starmie|Starminite\n|move|p1b: Whimsicott|Tailwind|p1b: Whimsicott\n|-sidestart|p1: Ashk1996|move: Tailwind\n|move|p1a: Starmie|Liquidation|p2a: Gengar\n|-damage|p2a: Gengar|13/100\n|move|p2a: Gengar|Shadow Ball|p1a: Starmie\n|-supereffective|p1a: Starmie|1\n|-damage|p1a: Starmie|0 fnt\n|faint|p1a: Starmie\n|move|p2b: Incineroar|Flare Blitz|p1b: Whimsicott\n|-supereffective|p1b: Whimsicott|1\n|-enditem|p1b: Whimsicott|Focus Sash\n|-damage|p1b: Whimsicott|1/100\n|-status|p1b: Whimsicott|brn\n|-damage|p2b: Incineroar|78/100|[from] Recoil\n|\n|-damage|p1b: Whimsicott|0 fnt|[from] brn\n|faint|p1b: Whimsicott\n|upkeep\n|\n|t:|1776039520\n|switch|p1a: Tyranitar|Tyranitar, L50, F|100/100\n|switch|p1b: Garchomp|Garchomp, L50, M|100/100\n|-weather|Sandstorm|[from] ability: Sand Stream|[of] p1a: Tyranitar\n|turn|3\n|inactive|Battle timer is ON: inactive players will automatically lose when time's up. (requested by Ashk1996)\n|\n|t:|1776039553\n|move|p2a: Gengar|Protect|p2a: Gengar\n|-singleturn|p2a: Gengar|Protect\n|move|p1a: Tyranitar|Rock Slide|p2a: Gengar|[spread] p2b\n|-activate|p2a: Gengar|move: Protect\n|-supereffective|p2b: Incineroar|1\n|-damage|p2b: Incineroar|10/100\n|move|p1b: Garchomp|Rock Slide|p2a: Gengar|[spread] p2b\n|-activate|p2a: Gengar|move: Protect\n|-supereffective|p2b: Incineroar|1\n|-damage|p2b: Incineroar|0 fnt\n|faint|p2b: Incineroar\n|\n|-weather|Sandstorm|[upkeep]\n|-damage|p2a: Gengar|7/100|[from] Sandstorm\n|upkeep\n|\n|t:|1776039567\n|switch|p2b: Politoed|Politoed, L50, F|100/100\n|-weather|RainDance|[from] ability: Drizzle|[of] p2b: Politoed\n|turn|4\n|inactive|dreadedbolt has 30 seconds left.\n|\n|t:|1776039595\n|move|p1a: Tyranitar|Rock Slide|p2a: Gengar|[spread] p2a,p2b\n|-damage|p2a: Gengar|0 fnt\n|-damage|p2b: Politoed|66/100\n|faint|p2a: Gengar\n|move|p1b: Garchomp|Rock Slide|p2b: Politoed\n|-damage|p2b: Politoed|36/100\n|-enditem|p2b: Politoed|Sitrus Berry|[eat]\n|-heal|p2b: Politoed|61/100|[from] item: Sitrus Berry\n|move|p2b: Politoed|Perish Song|p2b: Politoed\n|-start|p1a: Tyranitar|perish3|[silent]\n|-start|p1b: Garchomp|perish3|[silent]\n|-start|p2b: Politoed|perish3|[silent]\n|-fieldactivate|move: Perish Song\n|\n|-weather|RainDance|[upkeep]\n|-start|p1a: Tyranitar|perish3\n|-start|p1b: Garchomp|perish3\n|-start|p2b: Politoed|perish3\n|upkeep\n|\n|t:|1776039608\n|switch|p2a: Basculegion|Basculegion, L50, M|100/100\n|turn|5\n|\n|t:|1776039612\n|move|p2a: Basculegion|Protect|p2a: Basculegion\n|-singleturn|p2a: Basculegion|Protect\n|move|p2b: Politoed|Protect|p2b: Politoed\n|-singleturn|p2b: Politoed|Protect\n|move|p1a: Tyranitar|Rock Slide|p2a: Basculegion|[spread] \n|-activate|p2a: Basculegion|move: Protect\n|-activate|p2b: Politoed|move: Protect\n|move|p1b: Garchomp|Rock Slide|p2b: Politoed|[spread] \n|-activate|p2a: Basculegion|move: Protect\n|-activate|p2b: Politoed|move: Protect\n|\n|-weather|RainDance|[upkeep]\n|-start|p1a: Tyranitar|perish2\n|-start|p1b: Garchomp|perish2\n|-start|p2b: Politoed|perish2\n|-sideend|p1: Ashk1996|move: Tailwind\n|upkeep\n|turn|6\n|\n|t:|1776039632\n|move|p2a: Basculegion|Liquidation|p1a: Tyranitar\n|-supereffective|p1a: Tyranitar|1\n|-damage|p1a: Tyranitar|0 fnt\n|faint|p1a: Tyranitar\n|move|p1b: Garchomp|Rock Slide|p2b: Politoed|[spread] p2a,p2b\n|-damage|p2a: Basculegion|77/100\n|-damage|p2b: Politoed|38/100\n|move|p2b: Politoed|Weather Ball|p1b: Garchomp\n|-damage|p1b: Garchomp|45/100\n|\n|-weather|RainDance|[upkeep]\n|-start|p1b: Garchomp|perish1\n|-start|p2b: Politoed|perish1\n|upkeep\n|turn|7\n|-message|Ashk1996 forfeited.\n|\n|win|dreadedbolt\n|raw|Ashk1996's rating: 1145 &rarr; <strong>1117</strong><br />(-28 for losing)\n|raw|dreadedbolt's rating: 1103 &rarr; <strong>1131</strong><br />(+28 for winning)\n|l|\u2606Ashk1996\n|player|p1|\n",
  "uploadtime": 1776039651,
  "views": 14,
  "formatid": "gen9championsvgc2026regma",
  "rating": 1117,
  "private": 0,
  "password": null
}