{
  "id": "gen9championsvgc2026regma-2588685512",
  "format": "[Gen 9 Champions] VGC 2026 Reg M-A",
  "players": [
    "V0IDCALLED",
    "captainbader224"
  ],
  "log": "|j|\u2606V0IDCALLED\n|j|\u2606captainbader224\n|t:|1776657586\n|gametype|doubles\n|player|p1|V0IDCALLED|kieran|\n|player|p2|captainbader224|265|\n|gen|9\n|tier|[Gen 9 Champions] VGC 2026 Reg M-A\n|rule|Species Clause: Limit one of each Pok\u00e9mon\n|rule|Item Clause: Limit 1 of each item\n|clearpoke\n|poke|p1|Ninetales-Alola, L50, M|\n|poke|p1|Garganacl, L50, M|\n|poke|p1|Sinistcha, L50|\n|poke|p1|Incineroar, L50, F|\n|poke|p1|Crabominable, L50, M|\n|poke|p1|Hawlucha, L50, M|\n|poke|p2|Incineroar, L50, F|\n|poke|p2|Ampharos, L50, M|\n|poke|p2|Farigiraf, L50, M|\n|poke|p2|Blastoise, L50, F|\n|poke|p2|Sinistcha, L50|\n|poke|p2|Crabominable, L50, M|\n|teampreview|4\ncaptainbader224 rejected open team sheets.\n|\n|t:|1776657681\n|teamsize|p1|4\n|teamsize|p2|4\n|start\n|switch|p1a: Ninetales|Ninetales-Alola, L50, M|100/100\n|switch|p1b: Incineroar|Incineroar, L50, F|100/100\n|switch|p2a: Farigiraf|Farigiraf, L50, M|100/100\n|switch|p2b: Blastoise|Blastoise, L50, F|100/100\n|-weather|Snowscape|[from] ability: Snow Warning|[of] p1a: Ninetales\n|-ability|p1b: Incineroar|Intimidate|boost\n|-unboost|p2a: Farigiraf|atk|1\n|-unboost|p2b: Blastoise|atk|1\n|turn|1\n|\n|t:|1776657695\n|move|p2b: Blastoise|Fake Out|p1a: Ninetales\n|-damage|p1a: Ninetales|94/100\n|cant|p1a: Ninetales|flinch\n|move|p1b: Incineroar|Darkest Lariat|p2b: Blastoise\n|-damage|p2b: Blastoise|64/100\n|move|p2a: Farigiraf|Trick Room|p2a: Farigiraf\n|-fieldstart|move: Trick Room|[of] p2a: Farigiraf\n|\n|-weather|Snowscape|[upkeep]\n|upkeep\n|turn|2\n|\n|t:|1776657710\n|move|p2a: Farigiraf|Rain Dance|p2a: Farigiraf\n|-weather|RainDance\n|move|p1b: Incineroar|Darkest Lariat|p2b: Blastoise\n|-damage|p2b: Blastoise|25/100\n|move|p2b: Blastoise|Water Spout|p1b: Incineroar|[spread] p1a,p1b\n|-supereffective|p1b: Incineroar|1\n|-damage|p1a: Ninetales|74/100\n|-damage|p1b: Incineroar|72/100\n|move|p1a: Ninetales|Aurora Veil||[still]\n|-fail|p1a: Ninetales\n|\n|-weather|RainDance|[upkeep]\n|-heal|p2b: Blastoise|31/100|[from] ability: Rain Dish\n|upkeep\n|turn|3\n|\n|t:|1776657738\n|switch|p2b: Crabominable|Crabominable, L50, M|100/100\n|move|p2a: Farigiraf|Hyper Voice|p1a: Ninetales|[spread] p1a,p1b\n|-damage|p1a: Ninetales|29/100\n|-damage|p1b: Incineroar|45/100\n|-enditem|p1b: Incineroar|Sitrus Berry|[eat]\n|-heal|p1b: Incineroar|70/100|[from] item: Sitrus Berry\n|move|p1b: Incineroar|Darkest Lariat|p2b: Crabominable\n|-resisted|p2b: Crabominable|1\n|-damage|p2b: Crabominable|80/100\n|move|p1a: Ninetales|Blizzard|p2b: Crabominable|[spread] \n|-miss|p1a: Ninetales|p2a: Farigiraf\n|-miss|p1a: Ninetales|p2b: Crabominable\n|\n|-weather|RainDance|[upkeep]\n|upkeep\n|turn|4\n|\n|t:|1776657757\n|move|p2b: Crabominable|Drain Punch|p1b: Incineroar\n|-supereffective|p1b: Incineroar|1\n|-damage|p1b: Incineroar|0 fnt\n|-heal|p2b: Crabominable|100/100|[from] drain|[of] p1b: Incineroar\n|faint|p1b: Incineroar\n|move|p2a: Farigiraf|Hyper Voice|p1a: Ninetales\n|-damage|p1a: Ninetales|0 fnt\n|faint|p1a: Ninetales\n|\n|-weather|RainDance|[upkeep]\n|upkeep\n|\n|t:|1776657766\n|switch|p1b: Garganacl|Garganacl, L50, M|100/100\n|switch|p1a: Hawlucha|Hawlucha, L50, M|100/100\n|turn|5\n|\n|t:|1776657789\n|move|p1a: Hawlucha|Protect|p1a: Hawlucha\n|-singleturn|p1a: Hawlucha|Protect\n|move|p1b: Garganacl|Iron Defense|p1b: Garganacl\n|-boost|p1b: Garganacl|def|2\n|move|p2b: Crabominable|Ice Hammer|p1a: Hawlucha\n|-activate|p1a: Hawlucha|move: Protect\n|move|p2a: Farigiraf|Twin Beam|p1a: Hawlucha\n|-activate|p1a: Hawlucha|move: Protect\n|\n|-weather|RainDance|[upkeep]\n|-fieldend|move: Trick Room\n|upkeep\n|turn|6\n|\n|t:|1776657824\n|detailschange|p1a: Hawlucha|Hawlucha-Mega, L50, M\n|-mega|p1a: Hawlucha|Hawlucha|Hawluchanite\n|move|p1a: Hawlucha|Entrainment|p1b: Garganacl\n|-ability|p1b: Garganacl|No Guard|Purifying Salt|[from] move: Entrainment|[of] p1a: Hawlucha\n|move|p2a: Farigiraf|Twin Beam|p1a: Hawlucha\n|-supereffective|p1a: Hawlucha|1\n|-damage|p1a: Hawlucha|52/100\n|-supereffective|p1a: Hawlucha|1\n|-damage|p1a: Hawlucha|0 fnt\n|faint|p1a: Hawlucha\n|-hitcount|p1: Hawlucha|2\n|move|p2b: Crabominable|Ice Hammer|p1b: Garganacl\n|-damage|p1b: Garganacl|80/100\n|-unboost|p2b: Crabominable|spe|1\n|move|p1b: Garganacl|Fissure|p2b: Crabominable\n|-damage|p2b: Crabominable|0 fnt\n|faint|p2b: Crabominable\n|-ohko\n|\n|-weather|none\n|-heal|p1b: Garganacl|86/100|[from] item: Leftovers\n|upkeep\n|\n|t:|1776657843\n|switch|p2b: Blastoise|Blastoise, L50, F|31/100\n|turn|7\n|\n|t:|1776657849\n|move|p2b: Blastoise|Fake Out|p1b: Garganacl\n|-resisted|p1b: Garganacl|1\n|-damage|p1b: Garganacl|85/100\n|move|p2a: Farigiraf|Rain Dance|p2a: Farigiraf\n|-weather|RainDance\n|cant|p1b: Garganacl|flinch\n|\n|-weather|RainDance|[upkeep]\n|-heal|p2b: Blastoise|37/100|[from] ability: Rain Dish\n|-heal|p1b: Garganacl|90/100|[from] item: Leftovers\n|upkeep\n|turn|8\n|\n|t:|1776657862\n|detailschange|p2b: Blastoise|Blastoise-Mega, L50, F\n|-mega|p2b: Blastoise|Blastoise|Blastoisinite\n|move|p2b: Blastoise|Water Pulse|p1b: Garganacl\n|-supereffective|p1b: Garganacl|1\n|-damage|p1b: Garganacl|0 fnt\n|faint|p1b: Garganacl\n|\n|win|captainbader224\n",
  "uploadtime": 1776657871,
  "views": 9,
  "formatid": "gen9championsvgc2026regma",
  "rating": null,
  "private": 0,
  "password": null
}