{
  "id": "gen9championsvgc2026regma-2585850039",
  "format": "[Gen 9 Champions] VGC 2026 Reg M-A",
  "players": [
    "catfoodisgood",
    "chichinitz"
  ],
  "log": "|j|\u2606catfoodisgood\n|j|\u2606chichinitz\n|t:|1776375399\n|gametype|doubles\n|player|p1|catfoodisgood|1|1308\n|player|p2|chichinitz|psychic-gen4|1331\n|gen|9\n|tier|[Gen 9 Champions] VGC 2026 Reg M-A\n|rated|\n|rule|Species Clause: Limit one of each Pok\u00e9mon\n|rule|Item Clause: Limit 1 of each item\n|clearpoke\n|poke|p1|Conkeldurr, L50, F|\n|poke|p1|Farigiraf, L50, F|\n|poke|p1|Torkoal, L50, F|\n|poke|p1|Maushold-Four, L50|\n|poke|p1|Venusaur, L50, M|\n|poke|p1|Charizard, L50, F|\n|poke|p2|Meganium, L50, F|\n|poke|p2|Pelipper, L50, M|\n|poke|p2|Basculegion, L50, M|\n|poke|p2|Archaludon, L50, F|\n|poke|p2|Aerodactyl, L50, M|\n|poke|p2|Kangaskhan, L50, F|\n|teampreview|4\n|\n|t:|1776375404\n|teamsize|p1|4\n|teamsize|p2|4\n|start\n|switch|p1a: Venusaur|Venusaur, L50, M|100/100\n|switch|p1b: Charizard|Charizard, L50, F|100/100\n|switch|p2a: Aerodactyl|Aerodactyl, L50, M|100/100\n|switch|p2b: Kangaskhan|Kangaskhan, L50, F|100/100\n|-ability|p2a: Aerodactyl|Unnerve\n|turn|1\n|\n|t:|1776375422\n|detailschange|p1b: Charizard|Charizard-Mega-Y, L50, F\n|-mega|p1b: Charizard|Charizard|Charizardite Y\n|-weather|SunnyDay|[from] ability: Drought|[of] p1b: Charizard\n|move|p1b: Charizard|Protect|p1b: Charizard\n|-singleturn|p1b: Charizard|Protect\n|move|p2b: Kangaskhan|Fake Out|p1a: Venusaur\n|-damage|p1a: Venusaur|75/100\n|cant|p1a: Venusaur|flinch\n|move|p2a: Aerodactyl|Tailwind|p2a: Aerodactyl\n|-sidestart|p2: chichinitz|move: Tailwind\n|\n|-weather|SunnyDay|[upkeep]\n|upkeep\n|turn|2\n|\n|t:|1776375443\n|switch|p1b: Farigiraf|Farigiraf, L50, F|100/100\n|detailschange|p2b: Kangaskhan|Kangaskhan-Mega, L50, F\n|-mega|p2b: Kangaskhan|Kangaskhan|Kangaskhanite\n|move|p2a: Aerodactyl|Rock Slide|p1a: Venusaur|[spread] p1a,p1b\n|-damage|p1a: Venusaur|35/100\n|-damage|p1b: Farigiraf|75/100\n|move|p2b: Kangaskhan|Double-Edge|p1b: Farigiraf\n|-damage|p1b: Farigiraf|25/100\n|-damage|p1b: Farigiraf|12/100\n|-hitcount|p1b: Farigiraf|2\n|-damage|p2b: Kangaskhan|75/100|[from] Recoil\n|move|p1a: Venusaur|Sleep Powder|p2a: Aerodactyl\n|-status|p2a: Aerodactyl|slp|[from] move: Sleep Powder\n|\n|-weather|SunnyDay|[upkeep]\n|upkeep\n|turn|3\n|\n|t:|1776375475\n|cant|p2a: Aerodactyl|slp\n|move|p2b: Kangaskhan|Double-Edge|p1a: Venusaur\n|-damage|p1a: Venusaur|0 fnt\n|faint|p1a: Venusaur\n|-hitcount|p1: Venusaur|1\n|-damage|p2b: Kangaskhan|65/100|[from] Recoil\n|move|p1b: Farigiraf|Trick Room|p1b: Farigiraf\n|-fieldstart|move: Trick Room|[of] p1b: Farigiraf\n|\n|-weather|SunnyDay|[upkeep]\n|upkeep\n|\n|t:|1776375480\n|switch|p1a: Torkoal|Torkoal, L50, F|100/100\n|turn|4\n|\n|t:|1776375527\n|switch|p2b: Pelipper|Pelipper, L50, M|100/100\n|-weather|RainDance|[from] ability: Drizzle|[of] p2b: Pelipper\n|move|p1a: Torkoal|Eruption|p2a: Aerodactyl|[spread] p2a,p2b\n|-resisted|p2a: Aerodactyl|1\n|-resisted|p2b: Pelipper|1\n|-damage|p2a: Aerodactyl|81/100 slp\n|-damage|p2b: Pelipper|78/100\n|move|p1b: Farigiraf|Psychic|p2a: Aerodactyl\n|-crit|p2a: Aerodactyl\n|-damage|p2a: Aerodactyl|8/100 slp\n|cant|p2a: Aerodactyl|slp\n|\n|-weather|RainDance|[upkeep]\n|-sideend|p2: chichinitz|move: Tailwind\n|upkeep\n|turn|5\n|\n|t:|1776375562\n|switch|p1b: Charizard|Charizard-Mega-Y, L50, F|100/100\n|-weather|SunnyDay|[from] ability: Drought|[of] p1b: Charizard\n|switch|p2b: Basculegion|Basculegion, L50, M|100/100\n|-curestatus|p2a: Aerodactyl|slp|[msg]\n|move|p2a: Aerodactyl|Protect|p2a: Aerodactyl\n|-singleturn|p2a: Aerodactyl|Protect\n|move|p1a: Torkoal|Eruption|p2a: Aerodactyl|[spread] p2b\n|-activate|p2a: Aerodactyl|move: Protect\n|-resisted|p2b: Basculegion|1\n|-damage|p2b: Basculegion|54/100\n|\n|-weather|SunnyDay|[upkeep]\n|upkeep\n|turn|6\n|l|\u2606catfoodisgood\n|player|p1|\n|\n|t:|1776375597\n|switch|p1b: Farigiraf|Farigiraf, L50, F|12/100\n|switch|p2a: Pelipper|Pelipper, L50, M|78/100\n|-weather|RainDance|[from] ability: Drizzle|[of] p2a: Pelipper\n|move|p1a: Torkoal|Protect|p1a: Torkoal\n|-singleturn|p1a: Torkoal|Protect\n|move|p2b: Basculegion|Flip Turn|p1a: Torkoal\n|-activate|p1a: Torkoal|move: Protect\n|\n|-weather|RainDance|[upkeep]\n|upkeep\n|turn|7\n|j|\u2606catfoodisgood\n|player|p1|catfoodisgood|1|\n|\n|t:|1776375640\n|switch|p1b: Charizard|Charizard-Mega-Y, L50, F|100/100\n|-weather|SunnyDay|[from] ability: Drought|[of] p1b: Charizard\n|switch|p2b: Kangaskhan|Kangaskhan-Mega, L50, F|65/100\n|move|p2a: Pelipper|Wide Guard|p2a: Pelipper\n|-singleturn|p2a: Pelipper|Wide Guard\n|move|p1a: Torkoal|Weather Ball|p2b: Kangaskhan\n|-damage|p2b: Kangaskhan|0 fnt\n|faint|p2b: Kangaskhan\n|\n|-weather|SunnyDay|[upkeep]\n|-fieldend|move: Trick Room\n|upkeep\n|l|\u2606catfoodisgood\n|player|p1|\n|\n|t:|1776375658\n|switch|p2b: Basculegion|Basculegion, L50, M|54/100\n|turn|8\n|j|\u2606catfoodisgood\n|player|p1|catfoodisgood|1|\n|\n|t:|1776375682\n|switch|p2a: Aerodactyl|Aerodactyl, L50, M|8/100\n|-ability|p2a: Aerodactyl|Unnerve\n|switch|p1a: Farigiraf|Farigiraf, L50, F|12/100\n|move|p1b: Charizard|Flamethrower|p2b: Basculegion\n|-resisted|p2b: Basculegion|1\n|-damage|p2b: Basculegion|10/100\n|-status|p2b: Basculegion|brn\n|move|p2b: Basculegion|Flip Turn|p1a: Farigiraf\n|-damage|p1a: Farigiraf|6/100\n|\n|t:|1776375693\n|switch|p2b: Pelipper|Pelipper, L50, M|78/100|[from] Flip Turn\n|-weather|RainDance|[from] ability: Drizzle|[of] p2b: Pelipper\n|\n|-weather|RainDance|[upkeep]\n|upkeep\n|turn|9\n|\n|t:|1776375710\n|switch|p1a: Torkoal|Torkoal, L50, F|100/100\n|-weather|SunnyDay|[from] ability: Drought|[of] p1a: Torkoal\n|move|p1b: Charizard|Protect|p1b: Charizard\n|-singleturn|p1b: Charizard|Protect\n|move|p2a: Aerodactyl|Rock Slide|p1a: Torkoal|[spread] p1a\n|-activate|p1b: Charizard|move: Protect\n|-supereffective|p1a: Torkoal|1\n|-damage|p1a: Torkoal|53/100\n|move|p2b: Pelipper|Tailwind|p2b: Pelipper\n|-sidestart|p2: chichinitz|move: Tailwind\n|\n|-weather|SunnyDay|[upkeep]\n|upkeep\n|turn|10\n|\n|t:|1776375751\n|switch|p1a: Farigiraf|Farigiraf, L50, F|6/100\n|move|p2a: Aerodactyl|Rock Slide|p1a: Farigiraf|[spread] p1a,p1b\n|-supereffective|p1b: Charizard|2\n|-damage|p1a: Farigiraf|0 fnt\n|-damage|p1b: Charizard|0 fnt\n|faint|p1a: Farigiraf\n|faint|p1b: Charizard\n|move|p2b: Pelipper|Weather Ball|p1: Farigiraf|[notarget]\n|-fail|p2b: Pelipper\n|\n|-weather|SunnyDay|[upkeep]\n|upkeep\n|-message|catfoodisgood forfeited.\n|\n|win|chichinitz\n|raw|catfoodisgood's rating: 1308 &rarr; <strong>1289</strong><br />(-19 for losing)\n|raw|chichinitz's rating: 1331 &rarr; <strong>1350</strong><br />(+19 for winning)\n|l|\u2606catfoodisgood\n|player|p1|\n|c|\u2606chichinitz|gg\n",
  "uploadtime": 1776375765,
  "views": 28,
  "formatid": "gen9championsvgc2026regma",
  "rating": 1289,
  "private": 0,
  "password": null
}