{
  "id": "gen9championsvgc2026regma-2588283205",
  "format": "[Gen 9 Champions] VGC 2026 Reg M-A",
  "players": [
    "Ajowndownw",
    "ElChopillo"
  ],
  "log": "|j|\u2606Ajowndownw\n|j|\u2606ElChopillo\n|t:|1776620818\n|gametype|doubles\n|player|p1|Ajowndownw|scientist-gen4dp|1000\n|player|p2|ElChopillo|n|1052\n|gen|9\n|tier|[Gen 9 Champions] VGC 2026 Reg M-A\n|rated|\n|rule|Species Clause: Limit one of each Pok\u00e9mon\n|rule|Item Clause: Limit 1 of each item\n|clearpoke\n|poke|p1|Froslass, L50, F|\n|poke|p1|Alcremie-Salted-Cream, L50, F|\n|poke|p1|Sneasler, L50, F|\n|poke|p1|Incineroar, L50, F|\n|poke|p1|Garchomp, L50, F|\n|poke|p1|Sinistcha-Masterpiece, L50|\n|poke|p2|Aegislash, L50, M, shiny|\n|poke|p2|Tinkaton, L50, F|\n|poke|p2|Dragapult, L50, M|\n|poke|p2|Kingambit, L50, M|\n|poke|p2|Incineroar, L50, M, shiny|\n|poke|p2|Gengar, L50, F, shiny|\n|teampreview|4\n|inactive|Battle timer is ON: inactive players will automatically lose when time's up. (requested by ElChopillo)\n|inactive|Ajowndownw also wants the timer to be on.\n|inactive|ElChopillo has 60 seconds left.\n|\n|t:|1776620875\n|teamsize|p1|4\n|teamsize|p2|4\n|start\n|switch|p1a: Garchomp|Garchomp, L50, F|100/100\n|switch|p1b: Sneasler|Sneasler, L50, F|100/100\n|switch|p2a: Gengar|Gengar, L50, F, shiny|100/100\n|switch|p2b: Dragapult|Dragapult, L50, M|100/100\n|turn|1\n|inactive|Ajowndownw has 30 seconds left.\n|inactive|ElChopillo has 30 seconds left.\n|inactive|Ajowndownw has 20 seconds left.\n|\n|t:|1776620913\n|move|p1a: Garchomp|Dragon Claw|p2b: Dragapult\n|-supereffective|p2b: Dragapult|1\n|-enditem|p2b: Dragapult|Focus Sash\n|-damage|p2b: Dragapult|1/100\n|move|p2b: Dragapult|Phantom Force||[still]\n|-prepare|p2b: Dragapult|Phantom Force\n|move|p2a: Gengar|Perish Song|p2a: Gengar\n|-start|p1a: Garchomp|perish3|[silent]\n|-start|p1b: Sneasler|perish3|[silent]\n|-start|p2a: Gengar|perish3|[silent]\n|-miss|p2a: Gengar|p2b: Dragapult\n|-fieldactivate|move: Perish Song\n|move|p1b: Sneasler|Throat Chop|p2a: Gengar\n|-supereffective|p2a: Gengar|1\n|-damage|p2a: Gengar|0 fnt\n|faint|p2a: Gengar\n|\n|-start|p1a: Garchomp|perish3\n|-start|p1b: Sneasler|perish3\n|upkeep\n|\n|t:|1776620928\n|switch|p2a: Aegislash|Aegislash, L50, M, shiny|100/100\n|turn|2\n|\n|t:|1776620940\n|switch|p1a: Alcremie|Alcremie-Salted-Cream, L50, F|100/100\n|move|p2b: Dragapult|Phantom Force|p1b: Sneasler|[from] lockedmove\n|-damage|p1b: Sneasler|15/100\n|move|p1b: Sneasler|Throat Chop|p2b: Dragapult\n|-supereffective|p2b: Dragapult|1\n|-damage|p2b: Dragapult|0 fnt\n|faint|p2b: Dragapult\n|move|p2a: Aegislash|Swords Dance|p2a: Aegislash\n|-boost|p2a: Aegislash|atk|2\n|\n|-start|p1b: Sneasler|perish2\n|upkeep\n|\n|t:|1776620951\n|switch|p2b: Tinkaton|Tinkaton, L50, F|100/100\n|turn|3\n|\n|t:|1776620968\n|move|p2b: Tinkaton|Fake Out|p1b: Sneasler\n|-crit|p1b: Sneasler\n|-damage|p1b: Sneasler|0 fnt\n|faint|p1b: Sneasler\n|move|p1a: Alcremie|Encore|p2a: Aegislash\n|-start|p2a: Aegislash|Encore\n|move|p2a: Aegislash|Swords Dance|p2a: Aegislash\n|-boost|p2a: Aegislash|atk|2\n|\n|upkeep\n|\n|t:|1776620978\n|switch|p1b: Garchomp|Garchomp, L50, F|100/100\n|turn|4\n|\n|t:|1776620992\n|move|p1b: Garchomp|Stomping Tantrum|p2b: Tinkaton\n|-supereffective|p2b: Tinkaton|1\n|-damage|p2b: Tinkaton|0 fnt\n|faint|p2b: Tinkaton\n|move|p1a: Alcremie|Decorate|p1b: Garchomp\n|-boost|p1b: Garchomp|atk|2\n|-boost|p1b: Garchomp|spa|2\n|move|p2a: Aegislash|Swords Dance|p2a: Aegislash\n|-boost|p2a: Aegislash|atk|2\n|\n|upkeep\n|turn|5\n|\n|t:|1776621006\n|move|p1a: Alcremie|Helping Hand|p1b: Garchomp\n|-singleturn|p1b: Garchomp|Helping Hand|[of] p1a: Alcremie\n|move|p1b: Garchomp|Stomping Tantrum|p2a: Aegislash\n|-supereffective|p2a: Aegislash|1\n|-damage|p2a: Aegislash|0 fnt\n|faint|p2a: Aegislash\n|\n|win|Ajowndownw\n|raw|Ajowndownw's rating: 1000 &rarr; <strong>1046</strong><br />(+46 for winning)\n|raw|ElChopillo's rating: 1052 &rarr; <strong>1032</strong><br />(-20 for losing)\n|l|\u2606ElChopillo\n|player|p2|\n",
  "uploadtime": 1776621097,
  "views": 17,
  "formatid": "gen9championsvgc2026regma",
  "rating": 1032,
  "private": 0,
  "password": null
}