{
  "id": "gen9championsvgc2026regma-2587200822",
  "format": "[Gen 9 Champions] VGC 2026 Reg M-A",
  "players": [
    "shadovar",
    "Jtr93"
  ],
  "log": "|j|\u2606shadovar\n|j|\u2606Jtr93\n|t:|1776508073\n|gametype|doubles\n|player|p1|shadovar|265|1340\n|player|p2|Jtr93|candice|1353\n|gen|9\n|tier|[Gen 9 Champions] VGC 2026 Reg M-A\n|rated|\n|rule|Species Clause: Limit one of each Pok\u00e9mon\n|rule|Item Clause: Limit 1 of each item\n|clearpoke\n|poke|p1|Incineroar, L50, M|\n|poke|p1|Gengar, L50, F|\n|poke|p1|Sinistcha, L50|\n|poke|p1|Kingambit, L50, F|\n|poke|p1|Kommo-o, L50, F|\n|poke|p1|Tyranitar, L50, M|\n|poke|p2|Froslass, L50, F, shiny|\n|poke|p2|Kingambit, L50, M, shiny|\n|poke|p2|Sneasler, L50, F|\n|poke|p2|Basculegion, L50, M|\n|poke|p2|Floette-Eternal, L50, F|\n|poke|p2|Garchomp, L50, M|\n|teampreview|4\n|\n|t:|1776508146\n|teamsize|p1|4\n|teamsize|p2|4\n|start\n|switch|p1a: Incineroar|Incineroar, L50, M|100/100\n|switch|p1b: Tyranitar|Tyranitar, L50, M|100/100\n|switch|p2a: Shirayuki|Froslass, L50, F, shiny|100/100\n|switch|p2b: Sneasler|Sneasler, L50, F|100/100\n|-weather|Sandstorm|[from] ability: Sand Stream|[of] p1b: Tyranitar\n|-ability|p1a: Incineroar|Intimidate|boost\n|-unboost|p2a: Shirayuki|atk|1\n|-unboost|p2b: Sneasler|atk|1\n|turn|1\n|\n|t:|1776508173\n|detailschange|p2a: Shirayuki|Froslass-Mega, L50, F, shiny\n|-mega|p2a: Shirayuki|Froslass|Froslassite\n|-weather|Snowscape|[from] ability: Snow Warning|[of] p2a: Shirayuki\n|move|p2a: Shirayuki|Protect|p2a: Shirayuki\n|-singleturn|p2a: Shirayuki|Protect\n|move|p2b: Sneasler|Fake Out|p1b: Tyranitar\n|-resisted|p1b: Tyranitar|1\n|-damage|p1b: Tyranitar|95/100\n|move|p1a: Incineroar|Fake Out|p2b: Sneasler\n|-damage|p2b: Sneasler|84/100\n|cant|p1b: Tyranitar|flinch\n|\n|-weather|Snowscape|[upkeep]\n|upkeep\n|turn|2\n|\n|t:|1776508212\n|switch|p2a: Basculegion|Basculegion, L50, M|100/100\n|move|p1b: Tyranitar|Stone Edge|p2a: Basculegion|[miss]\n|-miss|p1b: Tyranitar|p2a: Basculegion\n|move|p2b: Sneasler|Close Combat|p1a: Incineroar\n|-supereffective|p1a: Incineroar|1\n|-damage|p1a: Incineroar|11/100\n|-unboost|p2b: Sneasler|def|1\n|-unboost|p2b: Sneasler|spd|1\n|move|p1a: Incineroar|Throat Chop|p2a: Basculegion\n|-supereffective|p2a: Basculegion|1\n|-damage|p2a: Basculegion|30/100\n|-start|p2a: Basculegion|Throat Chop|[silent]\n|-enditem|p2a: Basculegion|Sitrus Berry|[eat]\n|-heal|p2a: Basculegion|54/100|[from] item: Sitrus Berry\n|\n|-weather|Snowscape|[upkeep]\n|upkeep\n|turn|3\n|\n|t:|1776508255\n|switch|p1a: Kingambit|Kingambit, L50, F|100/100\n|move|p2a: Basculegion|Aqua Jet|p1a: Kingambit\n|-damage|p1a: Kingambit|79/100\n|move|p1b: Tyranitar|Stone Edge|p2a: Basculegion\n|-damage|p2a: Basculegion|0 fnt\n|faint|p2a: Basculegion\n|move|p2b: Sneasler|Close Combat|p1b: Tyranitar\n|-supereffective|p1b: Tyranitar|2\n|-damage|p1b: Tyranitar|0 fnt\n|-unboost|p2b: Sneasler|def|1\n|-unboost|p2b: Sneasler|spd|1\n|faint|p1b: Tyranitar\n|\n|-weather|Snowscape|[upkeep]\n|upkeep\n|\n|t:|1776508273\n|switch|p1b: Incineroar|Incineroar, L50, M|11/100\n|switch|p2a: Kingambit|Kingambit, L50, M, shiny|100/100\n|-ability|p1b: Incineroar|Intimidate|boost\n|-unboost|p2a: Kingambit|atk|1\n|-ability|p2a: Kingambit|Defiant|boost\n|-boost|p2a: Kingambit|atk|2\n|-unboost|p2b: Sneasler|atk|1\n|turn|4\n|\n|t:|1776508296\n|move|p2b: Sneasler|Protect|p2b: Sneasler\n|-singleturn|p2b: Sneasler|Protect\n|move|p2a: Kingambit|Protect|p2a: Kingambit\n|-singleturn|p2a: Kingambit|Protect\n|move|p1b: Incineroar|Fake Out|p2b: Sneasler\n|-activate|p2b: Sneasler|move: Protect\n|move|p1a: Kingambit|Low Kick|p2a: Kingambit\n|-activate|p2a: Kingambit|move: Protect\n|\n|-weather|Snowscape|[upkeep]\n|upkeep\n|turn|5\n|\n|t:|1776508312\n|switch|p1b: Kommo-o|Kommo-o, L50, F|100/100\n|move|p1a: Kingambit|Protect|p1a: Kingambit\n|-singleturn|p1a: Kingambit|Protect\n|move|p2a: Kingambit|Sucker Punch||[still]\n|-fail|p2a: Kingambit\n|move|p2b: Sneasler|Close Combat|p1a: Kingambit\n|-activate|p1a: Kingambit|move: Protect\n|\n|-weather|none\n|upkeep\n|turn|6\n|\n|t:|1776508342\n|switch|p1a: Incineroar|Incineroar, L50, M|11/100\n|-ability|p1a: Incineroar|Intimidate|boost\n|-unboost|p2a: Kingambit|atk|1\n|-ability|p2a: Kingambit|Defiant|boost\n|-boost|p2a: Kingambit|atk|2\n|-unboost|p2b: Sneasler|atk|1\n|move|p2b: Sneasler|Close Combat|p1a: Incineroar\n|-supereffective|p1a: Incineroar|1\n|-damage|p1a: Incineroar|0 fnt\n|-unboost|p2b: Sneasler|def|1\n|-unboost|p2b: Sneasler|spd|1\n|faint|p1a: Incineroar\n|move|p1b: Kommo-o|Clangorous Soul|p1b: Kommo-o\n|-boost|p1b: Kommo-o|atk|1\n|-boost|p1b: Kommo-o|def|1\n|-boost|p1b: Kommo-o|spa|1\n|-boost|p1b: Kommo-o|spd|1\n|-boost|p1b: Kommo-o|spe|1\n|-damage|p1b: Kommo-o|68/100\n|move|p2a: Kingambit|Kowtow Cleave|p1b: Kommo-o\n|-resisted|p1b: Kommo-o|1\n|-crit|p1b: Kommo-o\n|-damage|p1b: Kommo-o|5/100\n|\n|-heal|p1b: Kommo-o|11/100|[from] item: Leftovers\n|upkeep\n|\n|t:|1776508363\n|switch|p1a: Kingambit|Kingambit, L50, F|79/100\n|turn|7\n|\n|t:|1776508375\n|move|p1b: Kommo-o|Protect|p1b: Kommo-o\n|-singleturn|p1b: Kommo-o|Protect\n|move|p2a: Kingambit|Sucker Punch||[still]\n|-fail|p2a: Kingambit\n|move|p2b: Sneasler|Close Combat|p1a: Kingambit\n|-supereffective|p1a: Kingambit|2\n|-enditem|p1a: Kingambit|Chople Berry|[eat]\n|-enditem|p1a: Kingambit|Chople Berry|[weaken]\n|-damage|p1a: Kingambit|35/100\n|-unboost|p2b: Sneasler|def|1\n|-unboost|p2b: Sneasler|spd|1\n|move|p1a: Kingambit|Low Kick|p2a: Kingambit\n|-supereffective|p2a: Kingambit|2\n|-enditem|p2a: Kingambit|Chople Berry|[eat]\n|-enditem|p2a: Kingambit|Chople Berry|[weaken]\n|-damage|p2a: Kingambit|46/100\n|\n|-heal|p1b: Kommo-o|17/100|[from] item: Leftovers\n|upkeep\n|turn|8\n|\n|t:|1776508450\n|move|p1a: Kingambit|Protect|p1a: Kingambit\n|-singleturn|p1a: Kingambit|Protect\n|move|p1b: Kommo-o|Aura Sphere|p2a: Kingambit\n|-supereffective|p2a: Kingambit|2\n|-damage|p2a: Kingambit|0 fnt\n|faint|p2a: Kingambit\n|move|p2b: Sneasler|Close Combat|p1a: Kingambit\n|-activate|p1a: Kingambit|move: Protect\n|\n|-heal|p1b: Kommo-o|22/100|[from] item: Leftovers\n|upkeep\n|\n|t:|1776508462\n|switch|p2a: Shirayuki|Froslass-Mega, L50, F, shiny|100/100\n|-weather|Snowscape|[from] ability: Snow Warning|[of] p2a: Shirayuki\n|turn|9\n|\n|t:|1776508488\n|move|p1a: Kingambit|Sucker Punch|p2a: Shirayuki\n|-supereffective|p2a: Shirayuki|1\n|-damage|p2a: Shirayuki|28/100\n|move|p1b: Kommo-o|Clanging Scales|p2b: Sneasler|[spread] p2a,p2b\n|-damage|p2a: Shirayuki|0 fnt\n|-damage|p2b: Sneasler|0 fnt\n|faint|p2a: Shirayuki\n|faint|p2b: Sneasler\n|\n|win|shadovar\n|raw|shadovar's rating: 1340 &rarr; <strong>1361</strong><br />(+21 for winning)\n|raw|Jtr93's rating: 1353 &rarr; <strong>1332</strong><br />(-21 for losing)\n|l|\u2606Jtr93\n|player|p2|\n",
  "uploadtime": 1776508509,
  "views": 38,
  "formatid": "gen9championsvgc2026regma",
  "rating": 1332,
  "private": 0,
  "password": null
}