{
  "id": "gen9championsvgc2026regma-2581773596",
  "format": "[Gen 9 Champions] VGC 2026 Reg M-A",
  "players": [
    "Ophiuca",
    "GarchompLover21"
  ],
  "log": "|j|\u2606Ophiuca\n|j|\u2606GarchompLover21\n|t:|1776027303\n|gametype|doubles\n|player|p1|Ophiuca|winona|1229\n|player|p2|GarchompLover21|cyrus|1322\n|gen|9\n|tier|[Gen 9 Champions] VGC 2026 Reg M-A\n|rated|\n|rule|Species Clause: Limit one of each Pok\u00e9mon\n|rule|Item Clause: Limit 1 of each item\n|clearpoke\n|poke|p1|Glimmora, L50, F|\n|poke|p1|Gardevoir, L50, F|\n|poke|p1|Incineroar, L50, M|\n|poke|p1|Corviknight, L50, F|\n|poke|p1|Garchomp, L50, M|\n|poke|p1|Empoleon, L50, M|\n|poke|p2|Pelipper, L50, F|\n|poke|p2|Archaludon, L50, M|\n|poke|p2|Incineroar, L50, F|\n|poke|p2|Klefki, L50, M|\n|poke|p2|Sneasler, L50, M|\n|poke|p2|Starmie, L50|\n|teampreview|4\n|inactive|Battle timer is ON: inactive players will automatically lose when time's up. (requested by GarchompLover21)\n|inactive|Ophiuca has 60 seconds left.\n|inactive|GarchompLover21 has 60 seconds left.\n|\n|t:|1776027360\n|teamsize|p1|4\n|teamsize|p2|4\n|start\n|switch|p1a: Corviknight|Corviknight, L50, F|100/100\n|switch|p1b: Incineroar|Incineroar, L50, M|100/100\n|switch|p2a: Starmie|Starmie, L50, shiny|100/100\n|switch|p2b: Sneasler|Sneasler, L50, M|100/100\n|-ability|p1b: Incineroar|Intimidate|boost\n|-unboost|p2a: Starmie|atk|1\n|-unboost|p2b: Sneasler|atk|1\n|-enditem|p2b: Sneasler|White Herb\n|-clearnegativeboost|p2b: Sneasler|[silent]\n|turn|1\n|\n|t:|1776027376\n|detailschange|p2a: Starmie|Starmie-Mega, L50, shiny\n|-mega|p2a: Starmie|Starmie|Starminite\n|move|p1b: Incineroar|Fake Out|p2a: Starmie\n|-damage|p2a: Starmie|83/100\n|move|p2b: Sneasler|Close Combat|p1b: Incineroar\n|-supereffective|p1b: Incineroar|1\n|-enditem|p1b: Incineroar|Chople Berry|[eat]\n|-enditem|p1b: Incineroar|Chople Berry|[weaken]\n|-damage|p1b: Incineroar|38/100\n|-unboost|p2b: Sneasler|def|1\n|-unboost|p2b: Sneasler|spd|1\n|cant|p2a: Starmie|flinch\n|move|p1a: Corviknight|Tailwind|p1a: Corviknight\n|-sidestart|p1: Ophiuca|move: Tailwind\n|\n|upkeep\n|turn|2\n|\n|t:|1776027401\n|switch|p2b: Incineroar|Incineroar, L50, F|100/100\n|-ability|p2b: Incineroar|Intimidate|boost\n|-ability|p1a: Corviknight|Mirror Armor\n|-unboost|p2b: Incineroar|atk|1\n|-unboost|p1b: Incineroar|atk|1\n|move|p1b: Incineroar|Helping Hand|p1a: Corviknight\n|-singleturn|p1a: Corviknight|Helping Hand|[of] p1b: Incineroar\n|move|p1a: Corviknight|Brave Bird|p2a: Starmie\n|-damage|p2a: Starmie|0 fnt\n|faint|p2a: Starmie\n|-damage|p1a: Corviknight|80/100|[from] Recoil\n|\n|-heal|p1a: Corviknight|86/100|[from] item: Leftovers\n|upkeep\n|\n|t:|1776027412\n|switch|p2a: Pelipper|Pelipper, L50, F|100/100\n|-weather|RainDance|[from] ability: Drizzle|[of] p2a: Pelipper\n|turn|3\n|\n|t:|1776027421\n|move|p2b: Incineroar|Fake Out|p1b: Incineroar\n|-crit|p1b: Incineroar\n|-damage|p1b: Incineroar|22/100\n|move|p1a: Corviknight|Brave Bird|p2a: Pelipper\n|-damage|p2a: Pelipper|30/100\n|-damage|p1a: Corviknight|69/100|[from] Recoil\n|cant|p1b: Incineroar|flinch\n|move|p2a: Pelipper|Tailwind|p2a: Pelipper\n|-sidestart|p2: GarchompLover21|move: Tailwind\n|\n|-weather|RainDance|[upkeep]\n|-heal|p1a: Corviknight|76/100|[from] item: Leftovers\n|upkeep\n|turn|4\n|\n|t:|1776027439\n|switch|p1b: Garchomp|Garchomp, L50, M|100/100\n|move|p2a: Pelipper|Weather Ball|p1a: Corviknight\n|-damage|p1a: Corviknight|20/100\n|move|p1a: Corviknight|Brave Bird|p2a: Pelipper\n|-damage|p2a: Pelipper|0 fnt\n|faint|p2a: Pelipper\n|-damage|p1a: Corviknight|13/100|[from] Recoil\n|move|p2b: Incineroar|Darkest Lariat|p1a: Corviknight\n|-damage|p1a: Corviknight|0 fnt\n|faint|p1a: Corviknight\n|\n|-weather|RainDance|[upkeep]\n|-sideend|p1: Ophiuca|move: Tailwind\n|upkeep\n|\n|t:|1776027454\n|switch|p2a: Sneasler|Sneasler, L50, M|100/100\n|switch|p1a: Incineroar|Incineroar, L50, M|22/100\n|-ability|p1a: Incineroar|Intimidate|boost\n|-unboost|p2a: Sneasler|atk|1\n|-unboost|p2b: Incineroar|atk|1\n|turn|5\n|inactive|Ophiuca has 30 seconds left.\n|inactive|Ophiuca has 20 seconds left.\n|inactive|Ophiuca has 15 seconds left.\n|\n|t:|1776027497\n|move|p2a: Sneasler|Protect|p2a: Sneasler\n|-singleturn|p2a: Sneasler|Protect\n|move|p1a: Incineroar|Fake Out|p2a: Sneasler\n|-activate|p2a: Sneasler|move: Protect\n|move|p1b: Garchomp|Rock Slide|p2b: Incineroar|[spread] p2b\n|-activate|p2a: Sneasler|move: Protect\n|-supereffective|p2b: Incineroar|1\n|-damage|p2b: Incineroar|69/100\n|move|p2b: Incineroar|Parting Shot|p1b: Garchomp\n|-unboost|p1b: Garchomp|atk|1\n|-unboost|p1b: Garchomp|spa|1\n|\n|-weather|RainDance|[upkeep]\n|upkeep\n|turn|6\n|\n|t:|1776027513\n|switch|p1b: Glimmora|Glimmora, L50, F|100/100\n|move|p2a: Sneasler|Dire Claw|p1a: Incineroar\n|-damage|p1a: Incineroar|0 fnt\n|faint|p1a: Incineroar\n|move|p2b: Incineroar|Parting Shot|p1b: Glimmora\n|-unboost|p1b: Glimmora|atk|1\n|-unboost|p1b: Glimmora|spa|1\n|\n|-weather|RainDance|[upkeep]\n|-sideend|p2: GarchompLover21|move: Tailwind\n|upkeep\n|\n|t:|1776027529\n|switch|p1a: Garchomp|Garchomp, L50, M|100/100\n|turn|7\n|\n|t:|1776027539\n|detailschange|p1b: Glimmora|Glimmora-Mega, L50, F\n|-mega|p1b: Glimmora|Glimmora|Glimmoranite\n|move|p1a: Garchomp|Dragon Claw|p2a: Sneasler\n|-damage|p2a: Sneasler|44/100\n|move|p2a: Sneasler|Close Combat|p1b: Glimmora\n|-damage|p1b: Glimmora|57/100\n|-unboost|p2a: Sneasler|def|1\n|-unboost|p2a: Sneasler|spd|1\n|move|p1b: Glimmora|Earth Power|p2a: Sneasler\n|-supereffective|p2a: Sneasler|1\n|-damage|p2a: Sneasler|0 fnt\n|faint|p2a: Sneasler\n|move|p2b: Incineroar|Parting Shot|p1a: Garchomp\n|-unboost|p1a: Garchomp|atk|1\n|-unboost|p1a: Garchomp|spa|1\n|\n|-weather|none\n|upkeep\n|turn|8\n|-message|GarchompLover21 forfeited.\n|\n|win|Ophiuca\n|raw|Ophiuca's rating: 1229 &rarr; <strong>1261</strong><br />(+32 for winning)\n|raw|GarchompLover21's rating: 1322 &rarr; <strong>1297</strong><br />(-25 for losing)\n|l|\u2606GarchompLover21\n|player|p2|\n",
  "uploadtime": 1776027557,
  "views": 21,
  "formatid": "gen9championsvgc2026regma",
  "rating": 1261,
  "private": 0,
  "password": null
}