{
  "id": "gen9championsvgc2026regma-2586574530",
  "format": "[Gen 9 Champions] VGC 2026 Reg M-A",
  "players": [
    "Godeiro",
    "Emaah007"
  ],
  "log": "|j|\u2606Godeiro\n|j|\u2606Emaah007\n|t:|1776444142\n|gametype|doubles\n|player|p1|Godeiro|blackbelt-gen4dp|1050\n|player|p2|Emaah007|169|1000\n|gen|9\n|tier|[Gen 9 Champions] VGC 2026 Reg M-A\n|rated|\n|rule|Species Clause: Limit one of each Pok\u00e9mon\n|rule|Item Clause: Limit 1 of each item\n|clearpoke\n|poke|p1|Tyranitar, L50, M|\n|poke|p1|Incineroar, L50, M|\n|poke|p1|Gliscor, L50, M|\n|poke|p1|Jolteon, L50, M|\n|poke|p1|Excadrill, L50, M|\n|poke|p1|Milotic, L50, F|\n|poke|p2|Charizard, L50, F|\n|poke|p2|Basculegion, L50, M|\n|poke|p2|Incineroar, L50, F|\n|poke|p2|Sneasler, L50, F|\n|poke|p2|Garchomp, L50, M|\n|poke|p2|Venusaur, L50, F|\n|teampreview|4\n|\n|t:|1776444199\n|teamsize|p1|4\n|teamsize|p2|4\n|start\n|switch|p1a: Incineroar|Incineroar, L50, M|100/100\n|switch|p1b: Jolteon|Jolteon, L50, M|100/100\n|switch|p2a: Garchomp|Garchomp, L50, M|100/100\n|switch|p2b: Charizard|Charizard, L50, F|100/100\n|-ability|p1a: Incineroar|Intimidate|boost\n|-unboost|p2a: Garchomp|atk|1\n|-unboost|p2b: Charizard|atk|1\n|turn|1\n|\n|t:|1776444229\n|move|p2a: Garchomp|Protect|p2a: Garchomp\n|-singleturn|p2a: Garchomp|Protect\n|move|p2b: Charizard|Protect|p2b: Charizard\n|-singleturn|p2b: Charizard|Protect\n|move|p1a: Incineroar|Fake Out|p2a: Garchomp\n|-activate|p2a: Garchomp|move: Protect\n|move|p1b: Jolteon|Thunder|p2b: Charizard\n|-activate|p2b: Charizard|move: Protect\n|\n|upkeep\n|turn|2\n|\n|t:|1776444252\n|detailschange|p2b: Charizard|Charizard-Mega-Y, L50, F\n|-mega|p2b: Charizard|Charizard|Charizardite Y\n|-weather|SunnyDay|[from] ability: Drought|[of] p2b: Charizard\n|move|p1a: Incineroar|Protect|p1a: Incineroar\n|-singleturn|p1a: Incineroar|Protect\n|move|p1b: Jolteon|Thunder|p2b: Charizard|[miss]\n|-miss|p1b: Jolteon|p2b: Charizard\n|move|p2a: Garchomp|Rock Slide|p1b: Jolteon|[spread] p1b\n|-activate|p1a: Incineroar|move: Protect\n|-damage|p1b: Jolteon|77/100\n|move|p2b: Charizard|Weather Ball|p1b: Jolteon\n|-damage|p1b: Jolteon|0 fnt\n|faint|p1b: Jolteon\n|\n|-weather|SunnyDay|[upkeep]\n|upkeep\n|\n|t:|1776444275\n|switch|p1b: Excadrill|Excadrill, L50, M|100/100\n|turn|3\n|\n|t:|1776444297\n|switch|p2a: Venusaur|Venusaur, L50, F|100/100\n|move|p1b: Excadrill|Rock Slide|p2a: Venusaur|[spread] p2a,p2b\n|-supereffective|p2b: Charizard|2\n|-damage|p2a: Venusaur|71/100\n|-damage|p2b: Charizard|0 fnt\n|faint|p2b: Charizard\n|move|p1a: Incineroar|Parting Shot|p2a: Venusaur\n|-unboost|p2a: Venusaur|atk|1\n|-unboost|p2a: Venusaur|spa|1\n|\n|t:|1776444309\n|switch|p1a: Milotic|Milotic, L50, F, shiny|100/100|[from] Parting Shot\n|\n|-weather|SunnyDay|[upkeep]\n|upkeep\n|\n|t:|1776444324\n|switch|p2b: Incineroar|Incineroar, L50, F|100/100\n|-ability|p2b: Incineroar|Intimidate|boost\n|-unboost|p1a: Milotic|atk|1\n|-ability|p1a: Milotic|Competitive|boost\n|-boost|p1a: Milotic|spa|2\n|-unboost|p1b: Excadrill|atk|1\n|turn|4\n|\n|t:|1776444345\n|switch|p1b: Incineroar|Incineroar, L50, M|100/100\n|-ability|p1b: Incineroar|Intimidate|boost\n|-unboost|p2a: Venusaur|atk|1\n|-unboost|p2b: Incineroar|atk|1\n|move|p1a: Milotic|Protect|p1a: Milotic\n|-singleturn|p1a: Milotic|Protect\n|move|p2b: Incineroar|Fake Out|p1b: Incineroar\n|-damage|p1b: Incineroar|94/100\n|move|p2a: Venusaur|Energy Ball|p1a: Milotic\n|-activate|p1a: Milotic|move: Protect\n|\n|-weather|SunnyDay|[upkeep]\n|upkeep\n|turn|5\n|\n|t:|1776444367\n|move|p2a: Venusaur|Energy Ball|p1a: Milotic\n|-supereffective|p1a: Milotic|1\n|-damage|p1a: Milotic|68/100\n|move|p1a: Milotic|Scald|p2b: Incineroar\n|-supereffective|p2b: Incineroar|1\n|-damage|p2b: Incineroar|55/100\n|move|p2b: Incineroar|Parting Shot|p1a: Milotic\n|-unboost|p1a: Milotic|atk|1\n|-ability|p1a: Milotic|Competitive|boost\n|-boost|p1a: Milotic|spa|2\n|-unboost|p1a: Milotic|spa|1\n|-ability|p1a: Milotic|Competitive|boost\n|-boost|p1a: Milotic|spa|2\n|\n|t:|1776444381\n|switch|p2b: Garchomp|Garchomp, L50, M|100/100|[from] Parting Shot\n|move|p1b: Incineroar|Flare Blitz|p2a: Venusaur\n|-supereffective|p2a: Venusaur|1\n|-damage|p2a: Venusaur|0 fnt\n|faint|p2a: Venusaur\n|-damage|p1b: Incineroar|76/100|[from] Recoil\n|\n|-weather|SunnyDay|[upkeep]\n|-heal|p1a: Milotic|74/100|[from] item: Leftovers\n|upkeep\n|\n|t:|1776444384\n|switch|p2a: Incineroar|Incineroar, L50, F|55/100\n|-ability|p2a: Incineroar|Intimidate|boost\n|-unboost|p1a: Milotic|atk|1\n|-ability|p1a: Milotic|Competitive|boost\n|-boost|p1a: Milotic|spa|1\n|-unboost|p1b: Incineroar|atk|1\n|turn|6\n|\n|t:|1776444419\n|move|p1a: Milotic|Protect|p1a: Milotic\n|-singleturn|p1a: Milotic|Protect\n|move|p2a: Incineroar|Fake Out|p1a: Milotic\n|-activate|p1a: Milotic|move: Protect\n|move|p2b: Garchomp|Dragon Claw|p1a: Milotic\n|-activate|p1a: Milotic|move: Protect\n|move|p1b: Incineroar|Parting Shot|p2b: Garchomp\n|-unboost|p2b: Garchomp|atk|1\n|-unboost|p2b: Garchomp|spa|1\n|\n|t:|1776444430\n|switch|p1b: Excadrill|Excadrill, L50, M|100/100|[from] Parting Shot\n|\n|-weather|none\n|-heal|p1a: Milotic|80/100|[from] item: Leftovers\n|upkeep\n|turn|7\n|\n|t:|1776444456\n|move|p1b: Excadrill|Drill Run|p2a: Incineroar\n|-supereffective|p2a: Incineroar|1\n|-crit|p2a: Incineroar\n|-damage|p2a: Incineroar|0 fnt\n|faint|p2a: Incineroar\n|move|p2b: Garchomp|Dragon Claw|p1a: Milotic\n|-damage|p1a: Milotic|55/100\n|move|p1a: Milotic|Scald|p2b: Garchomp\n|-damage|p2b: Garchomp|5/100\n|\n|-heal|p1a: Milotic|61/100|[from] item: Leftovers\n|upkeep\n|turn|8\n|-message|Emaah007 forfeited.\n|\n|win|Godeiro\n|raw|Godeiro's rating: 1050 &rarr; <strong>1078</strong><br />(+28 for winning)\n|raw|Emaah007's rating: 1000 &rarr; <strong>1000</strong><br />(+0 for losing)\n|l|\u2606Emaah007\n|player|p2|\n",
  "uploadtime": 1776444472,
  "views": 19,
  "formatid": "gen9championsvgc2026regma",
  "rating": 1000,
  "private": 0,
  "password": null
}