{
  "id": "gen9championsvgc2026regma-2584948914",
  "format": "[Gen 9 Champions] VGC 2026 Reg M-A",
  "players": [
    "Blokeoney",
    "sesten"
  ],
  "log": "|j|\u203dBlokeoney\n|j|\u2606sesten\n|t:|1776297272\n|gametype|doubles\n|player|p1|Blokeoney|265|1063\n|player|p2|sesten|clown|1079\n|gen|9\n|tier|[Gen 9 Champions] VGC 2026 Reg M-A\n|rated|\n|rule|Species Clause: Limit one of each Pok\u00e9mon\n|rule|Item Clause: Limit 1 of each item\n|clearpoke\n|poke|p1|Kangaskhan, L50, F|\n|poke|p1|Sneasler, L50, M|\n|poke|p1|Whimsicott, L50, M|\n|poke|p1|Ninetales, L50, F|\n|poke|p1|Garchomp, L50, M|\n|poke|p1|Venusaur, L50, M|\n|poke|p2|Feraligatr, L50, M|\n|poke|p2|Medicham, L50, F|\n|poke|p2|Talonflame, L50, M|\n|poke|p2|Tsareena, L50, F|\n|poke|p2|Chandelure, L50, M|\n|poke|p2|Drampa, L50, M|\n|teampreview|4\n|inactive|Battle timer is ON: inactive players will automatically lose when time's up. (requested by Blokeoney)\n|\n|t:|1776297309\n|teamsize|p1|4\n|teamsize|p2|4\n|start\n|switch|p1a: Whimsicott|Whimsicott, L50, M|100/100\n|switch|p1b: Ninetales|Ninetales, L50, F, shiny|100/100\n|switch|p2a: Britney|Tsareena, L50, F|100/100\n|switch|p2b: Tama|Drampa, L50, M|100/100\n|-weather|SunnyDay|[from] ability: Drought|[of] p1b: Ninetales\n|-ability|p2b: Tama|Cloud Nine\n|turn|1\n|\n|t:|1776297333\n|switch|p2a: Dile|Feraligatr, L50, M, shiny|100/100\n|move|p1a: Whimsicott|Tailwind|p1a: Whimsicott\n|-sidestart|p1: Blokeoney|move: Tailwind\n|move|p1b: Ninetales|Heat Wave|p2b: Tama|[spread] p2a,p2b\n|-resisted|p2a: Dile|1\n|-resisted|p2b: Tama|1\n|-damage|p2a: Dile|78/100\n|-damage|p2b: Tama|81/100\n|move|p2b: Tama|Hyper Voice|p1b: Ninetales|[spread] p1a,p1b\n|-damage|p1a: Whimsicott|49/100\n|-damage|p1b: Ninetales|51/100\n|\n|-weather|SunnyDay|[upkeep]\n|-heal|p2b: Tama|87/100|[from] item: Leftovers\n|upkeep\n|turn|2\n|inactive|Blokeoney has 30 seconds left.\n|\n|t:|1776297359\n|move|p1b: Ninetales|Protect|p1b: Ninetales\n|-singleturn|p1b: Ninetales|Protect\n|move|p2a: Dile|Protect|p2a: Dile\n|-singleturn|p2a: Dile|Protect\n|move|p1a: Whimsicott|Moonblast|p2b: Tama\n|-supereffective|p2b: Tama|1\n|-damage|p2b: Tama|25/100\n|move|p2b: Tama|Hyper Voice|p1b: Ninetales|[spread] p1a\n|-activate|p1b: Ninetales|move: Protect\n|-damage|p1a: Whimsicott|2/100\n|\n|-weather|SunnyDay|[upkeep]\n|-heal|p2b: Tama|31/100|[from] item: Leftovers\n|upkeep\n|turn|3\n|inactive|sesten has 30 seconds left.\n|\n|t:|1776297390\n|switch|p1b: Kangaskhan|Kangaskhan, L50, F|100/100\n|detailschange|p2a: Dile|Feraligatr-Mega, L50, M, shiny\n|-mega|p2a: Dile|Feraligatr|Feraligite\n|move|p1a: Whimsicott|Moonblast|p2b: Tama\n|-supereffective|p2b: Tama|1\n|-damage|p2b: Tama|0 fnt\n|faint|p2b: Tama\n|move|p2a: Dile|Liquidation|p1b: Kangaskhan\n|-damage|p1b: Kangaskhan|77/100\n|\n|-weather|SunnyDay|[upkeep]\n|upkeep\n|\n|t:|1776297408\n|switch|p2b: Chandler|Chandelure, L50, M, shiny|100/100\n|turn|4\n|\n|t:|1776297417\n|detailschange|p1b: Kangaskhan|Kangaskhan-Mega, L50, F\n|-mega|p1b: Kangaskhan|Kangaskhan|Kangaskhanite\n|move|p1a: Whimsicott|Protect|p1a: Whimsicott\n|-singleturn|p1a: Whimsicott|Protect\n|move|p2a: Dile|Protect|p2a: Dile\n|-singleturn|p2a: Dile|Protect\n|move|p1b: Kangaskhan|Sucker Punch|p2b: Chandler\n|-supereffective|p2b: Chandler|1\n|-crit|p2b: Chandler\n|-damage|p2b: Chandler|13/100\n|-enditem|p2b: Chandler|Sitrus Berry|[eat]\n|-heal|p2b: Chandler|37/100|[from] item: Sitrus Berry\n|-supereffective|p2b: Chandler|1\n|-damage|p2b: Chandler|24/100\n|-hitcount|p2b: Chandler|2\n|move|p2b: Chandler|Heat Wave|p1a: Whimsicott|[spread] p1b\n|-activate|p1a: Whimsicott|move: Protect\n|-damage|p1b: Kangaskhan|31/100\n|\n|-weather|SunnyDay|[upkeep]\n|-sideend|p1: Blokeoney|move: Tailwind\n|upkeep\n|turn|5\n|inactive|sesten has 30 seconds left.\n|\n|t:|1776297450\n|switch|p2a: Britney|Tsareena, L50, F|100/100\n|move|p1a: Whimsicott|Tailwind|p1a: Whimsicott\n|-sidestart|p1: Blokeoney|move: Tailwind\n|move|p1b: Kangaskhan|Double-Edge|p2a: Britney\n|-damage|p2a: Britney|30/100\n|-damage|p2a: Britney|14/100\n|-hitcount|p2a: Britney|2\n|-damage|p1b: Kangaskhan|11/100|[from] Recoil\n|move|p2b: Chandler|Heat Wave|p1a: Whimsicott|[spread] p1b\n|-miss|p2b: Chandler|p1a: Whimsicott\n|-damage|p1b: Kangaskhan|0 fnt\n|faint|p1b: Kangaskhan\n|\n|-weather|none\n|upkeep\n|\n|t:|1776297466\n|switch|p1b: Ninetales|Ninetales, L50, F, shiny|51/100\n|-weather|SunnyDay|[from] ability: Drought|[of] p1b: Ninetales\n|turn|6\n|\n|t:|1776297489\n|move|p1a: Whimsicott|Moonblast|p2b: Chandler\n|-resisted|p2b: Chandler|1\n|-damage|p2b: Chandler|5/100\n|move|p1b: Ninetales|Heat Wave|p2a: Britney|[spread] p2a,p2b\n|-supereffective|p2a: Britney|1\n|-resisted|p2b: Chandler|1\n|-damage|p2a: Britney|0 fnt\n|-damage|p2b: Chandler|0 fnt\n|faint|p2a: Britney\n|faint|p2b: Chandler\n|\n|-weather|SunnyDay|[upkeep]\n|upkeep\n|\n|t:|1776297495\n|switch|p2b: Dile|Feraligatr-Mega, L50, M, shiny|78/100\n|turn|7\n|\n|t:|1776297501\n|move|p1a: Whimsicott|Moonblast|p2b: Dile\n|-supereffective|p2b: Dile|1\n|-damage|p2b: Dile|18/100\n|-unboost|p2b: Dile|spa|1\n|move|p1b: Ninetales|Solar Beam||[still]\n|-prepare|p1b: Ninetales|Solar Beam\n|-anim|p1b: Ninetales|Solar Beam|p2b: Dile\n|-damage|p2b: Dile|0 fnt\n|faint|p2b: Dile\n|\n|win|Blokeoney\n|raw|Blokeoney's rating: 1063 &rarr; <strong>1095</strong><br />(+32 for winning)\n|raw|sesten's rating: 1079 &rarr; <strong>1056</strong><br />(-23 for losing)\n|l|\u2606sesten\n|player|p2|\n",
  "uploadtime": 1776297546,
  "views": 33,
  "formatid": "gen9championsvgc2026regma",
  "rating": 1056,
  "private": 0,
  "password": null
}