{
  "id": "gen9championsvgc2026regma-2585958120",
  "format": "[Gen 9 Champions] VGC 2026 Reg M-A",
  "players": [
    "ChainsPkmn",
    "freshveggies2"
  ],
  "log": "|j|\u2606ChainsPkmn\n|j|\u2606freshveggies2\n|html|<table width=\"100%\"><tr><td align=\"left\">ChainsPkmn</td><td align=\"right\">freshveggies2</tr><tr><td align=\"left\"><i class=\"fa fa-circle\"></i> <i class=\"fa fa-circle-o\"></i> </td><td align=\"right\"><i class=\"fa fa-circle-o\"></i> <i class=\"fa fa-circle\"></i> </tr></table>\n|uhtml|bestof|<h2><strong>Game 3</strong> of <a href=\"/game-bestof3-gen9championsvgc2026regma-2585951445\">a best-of-3</a></h2>\n|t:|1776385082\n|gametype|doubles\n|player|p1|ChainsPkmn|miku-water|\n|player|p2|freshveggies2|170|\n|gen|9\n|tier|[Gen 9 Champions] VGC 2026 Reg M-A\n|rule|Species Clause: Limit one of each Pok\u00e9mon\n|rule|Item Clause: Limit 1 of each item\n|raw|<div class=\"infobox\"><details class=\"readmore\" open><summary><strong>1 custom rule:</strong></summary> Best of = 3</details></div>\n|clearpoke\n|poke|p1|Gengar, L50, M|\n|poke|p1|Palafin, L50, M|\n|poke|p1|Politoed, L50, M|\n|poke|p1|Sableye, L50, F|\n|poke|p1|Skarmory, L50, F|\n|poke|p1|Gardevoir, L50, F|\n|poke|p2|Basculegion-F, L50, F|\n|poke|p2|Charizard, L50, M|\n|poke|p2|Tinkaton, L50, F|\n|poke|p2|Garchomp, L50, M|\n|poke|p2|Aerodactyl, L50, F|\n|poke|p2|Clefable, L50, M|\n|teampreview|4\n|inactive|Battle timer is ON: inactive players will automatically lose when time's up. (requested by ChainsPkmn)\n|\n|t:|1776385112\n|teamsize|p1|4\n|teamsize|p2|4\n|start\n|switch|p1a: Palafin|Palafin, L50, M|100/100\n|switch|p1b: Gardevoir|Gardevoir, L50, F|100/100\n|switch|p2a: Tinkaton|Tinkaton, L50, F|100/100\n|switch|p2b: Aerodactyl|Aerodactyl, L50, F|100/100\n|-ability|p2b: Aerodactyl|Unnerve\n|-ability|p1b: Gardevoir|Mold Breaker|Trace|[from] ability: Trace|[of] p2a: Tinkaton\n|-ability|p1b: Gardevoir|Mold Breaker\n|-ability|p2a: Tinkaton|Mold Breaker\n|turn|1\n|inactive|ChainsPkmn has 30 seconds left.\n|inactive|ChainsPkmn has 20 seconds left.\n|\n|t:|1776385151\n|switch|p1b: Politoed|Politoed, L50, M|100/100\n|-weather|RainDance|[from] ability: Drizzle|[of] p1b: Politoed\n|move|p2b: Aerodactyl|Protect|p2b: Aerodactyl\n|-singleturn|p2b: Aerodactyl|Protect\n|move|p1a: Palafin|Wave Crash|p2b: Aerodactyl\n|-activate|p2b: Aerodactyl|move: Protect\n|move|p2a: Tinkaton|Gigaton Hammer|p1b: Politoed\n|-resisted|p1b: Politoed|1\n|-damage|p1b: Politoed|77/100\n|\n|-weather|RainDance|[upkeep]\n|upkeep\n|turn|2\n|inactive|ChainsPkmn has 30 seconds left.\n|inactive|freshveggies2 has 30 seconds left.\n|inactive|freshveggies2 has 20 seconds left.\n|inactive|freshveggies2 has 15 seconds left.\n|inactive|freshveggies2 has 10 seconds left.\n|inactive|freshveggies2 has 5 seconds left.\n|\n|t:|1776385204\n|switch|p2b: Basculegion|Basculegion-F, L50, F|100/100\n|move|p1a: Palafin|Flip Turn|p2a: Tinkaton\n|-damage|p2a: Tinkaton|67/100\n|\n|t:|1776385221\n|detailschange|p1a: Palafin|Palafin-Hero, L50, M\n|switch|p1a: Gardevoir|Gardevoir, L50, F|100/100|[from] Flip Turn\n|-ability|p1a: Gardevoir|Mold Breaker|Trace|[from] ability: Trace|[of] p2a: Tinkaton\n|-ability|p1a: Gardevoir|Mold Breaker\n|move|p2a: Tinkaton|Thunder Wave|p1a: Gardevoir\n|-status|p1a: Gardevoir|par\n|move|p1b: Politoed|Weather Ball|p2b: Basculegion\n|-resisted|p2b: Basculegion|1\n|-damage|p2b: Basculegion|68/100\n|\n|-weather|RainDance|[upkeep]\n|upkeep\n|turn|3\n|inactive|freshveggies2 has 30 seconds left.\n|\n|t:|1776385252\n|move|p2b: Basculegion|Flip Turn|p1a: Gardevoir\n|-damage|p1a: Gardevoir|39/100 par\n|\n|t:|1776385255\n|switch|p2b: Aerodactyl|Aerodactyl, L50, F|100/100|[from] Flip Turn\n|-ability|p2b: Aerodactyl|Unnerve\n|move|p2a: Tinkaton|Gigaton Hammer|p1a: Gardevoir\n|-supereffective|p1a: Gardevoir|1\n|-damage|p1a: Gardevoir|0 fnt\n|faint|p1a: Gardevoir\n|move|p1b: Politoed|Weather Ball|p2b: Aerodactyl\n|-supereffective|p2b: Aerodactyl|1\n|-crit|p2b: Aerodactyl\n|-enditem|p2b: Aerodactyl|Focus Sash\n|-damage|p2b: Aerodactyl|1/100\n|\n|-weather|RainDance|[upkeep]\n|upkeep\n|\n|t:|1776385274\n|switch|p1a: Palafin|Palafin-Hero, L50, M|100/100\n|-activate|p1a: Palafin|ability: Zero to Hero\n|turn|4\n|\n|t:|1776385291\n|switch|p1b: Gengar|Gengar, L50, M|100/100\n|move|p2b: Aerodactyl|Tailwind|p2b: Aerodactyl\n|-sidestart|p2: freshveggies2|move: Tailwind\n|move|p2a: Tinkaton|Thunder Wave|p1a: Palafin\n|-status|p1a: Palafin|par\n|move|p1a: Palafin|Flip Turn|p2a: Tinkaton\n|-crit|p2a: Tinkaton\n|-damage|p2a: Tinkaton|0 fnt\n|faint|p2a: Tinkaton\n|\n|t:|1776385301\n|switch|p1a: Politoed|Politoed, L50, M|77/100|[from] Flip Turn\n|\n|-weather|RainDance|[upkeep]\n|upkeep\n|inactive|freshveggies2 has 30 seconds left.\n|\n|t:|1776385328\n|switch|p2a: Basculegion|Basculegion-F, L50, F|68/100\n|turn|5\n|\n|t:|1776385346\n|detailschange|p1b: Gengar|Gengar-Mega, L50, M\n|-mega|p1b: Gengar|Gengar|Gengarite\n|move|p1b: Gengar|Protect|p1b: Gengar\n|-singleturn|p1b: Gengar|Protect\n|move|p2a: Basculegion|Last Respects|p1b: Gengar\n|-activate|p1b: Gengar|move: Protect\n|move|p2b: Aerodactyl|Rock Slide|p1b: Gengar|[spread] \n|-activate|p1b: Gengar|move: Protect\n|-miss|p2b: Aerodactyl|p1a: Politoed\n|move|p1a: Politoed|Weather Ball|p2b: Aerodactyl\n|-supereffective|p2b: Aerodactyl|1\n|-damage|p2b: Aerodactyl|0 fnt\n|faint|p2b: Aerodactyl\n|\n|-weather|none\n|upkeep\n|\n|t:|1776385350\n|switch|p2b: Charizard|Charizard, L50, M|100/100\n|turn|6\n|\n|t:|1776385371\n|switch|p1b: Palafin|Palafin-Hero, L50, M|100/100 par\n|detailschange|p2b: Charizard|Charizard-Mega-Y, L50, M\n|-mega|p2b: Charizard|Charizard|Charizardite Y\n|-weather|SunnyDay|[from] ability: Drought|[of] p2b: Charizard\n|move|p2a: Basculegion|Last Respects|p1b: Palafin\n|-damage|p1b: Palafin|39/100 par\n|move|p2b: Charizard|Solar Beam||[still]\n|-prepare|p2b: Charizard|Solar Beam\n|-anim|p2b: Charizard|Solar Beam|p1a: Politoed\n|-supereffective|p1a: Politoed|1\n|-damage|p1a: Politoed|0 fnt\n|faint|p1a: Politoed\n|\n|-weather|SunnyDay|[upkeep]\n|upkeep\n|\n|t:|1776385380\n|switch|p1a: Gengar|Gengar-Mega, L50, M|100/100\n|turn|7\n|\n|t:|1776385392\n|move|p1a: Gengar|Protect|p1a: Gengar\n|-singleturn|p1a: Gengar|Protect\n|move|p1b: Palafin|Protect|p1b: Palafin\n|-singleturn|p1b: Palafin|Protect\n|move|p2a: Basculegion|Last Respects|p1a: Gengar\n|-activate|p1a: Gengar|move: Protect\n|move|p2b: Charizard|Solar Beam||[still]\n|-prepare|p2b: Charizard|Solar Beam\n|-anim|p2b: Charizard|Solar Beam|p1b: Palafin\n|-activate|p1b: Palafin|move: Protect\n|\n|-weather|SunnyDay|[upkeep]\n|-sideend|p2: freshveggies2|move: Tailwind\n|upkeep\n|turn|8\n|\n|t:|1776385402\n|move|p2a: Basculegion|Last Respects|p1a: Gengar\n|-supereffective|p1a: Gengar|1\n|-damage|p1a: Gengar|0 fnt\n|faint|p1a: Gengar\n|move|p2b: Charizard|Solar Beam||[still]\n|-prepare|p2b: Charizard|Solar Beam\n|-anim|p2b: Charizard|Solar Beam|p1b: Palafin\n|-supereffective|p1b: Palafin|1\n|-damage|p1b: Palafin|0 fnt\n|faint|p1b: Palafin\n|\n|win|freshveggies2\n|c|\u2606ChainsPkmn|gg\n|c|\u2606freshveggies2|gg\n|c|\u2606ChainsPkmn|basc is actually such a bad matchup for my team lol\n|c|\u2606ChainsPkmn|and my next opponent has it too\n",
  "uploadtime": 1776385450,
  "views": 31,
  "formatid": "gen9championsvgc2026regma",
  "rating": null,
  "private": 0,
  "password": null
}