{
  "id": "gen9championsvgc2026regma-2580754435",
  "format": "[Gen 9 Champions] VGC 2026 Reg M-A",
  "players": [
    "Clippe",
    "AveryOfCrowsGirlie"
  ],
  "log": "|j|\u2606Clippe\n|j|\u2606AveryOfCrowsGirlie\n|t:|1775929774\n|gametype|doubles\n|player|p1|Clippe|169|1045\n|player|p2|AveryOfCrowsGirlie|2|1000\n|gen|9\n|tier|[Gen 9 Champions] VGC 2026 Reg M-A\n|rated|\n|rule|Species Clause: Limit one of each Pok\u00e9mon\n|rule|Item Clause: Limit 1 of each item\n|clearpoke\n|poke|p1|Goodra-Hisui, L50, F|\n|poke|p1|Audino, L50, F|\n|poke|p1|Incineroar, L50, F|\n|poke|p1|Farigiraf, L50, F|\n|poke|p1|Torkoal, L50, F|\n|poke|p1|Tsareena, L50, F|\n|poke|p2|Froslass, L50, F|\n|poke|p2|Maushold-Four, L50|\n|poke|p2|Quaquaval, L50, F|\n|poke|p2|Incineroar, L50, F|\n|poke|p2|Whimsicott, L50, F|\n|poke|p2|Sinistcha, L50|\n|teampreview|4\n|c|\u2606AveryOfCrowsGirlie|glhf!\nAveryOfCrowsGirlie has agreed to open team sheets.\n|\n|t:|1775929813\n|teamsize|p1|4\n|teamsize|p2|4\n|start\n|switch|p1a: Goodra|Goodra-Hisui, L50, F|100/100\n|switch|p1b: Tsareena|Tsareena, L50, F|100/100\n|switch|p2a: Froslass|Froslass, L50, F|100/100\n|switch|p2b: Maushold|Maushold-Four, L50|100/100\n|turn|1\n|\n|t:|1775929830\n|detailschange|p2a: Froslass|Froslass-Mega, L50, F\n|-mega|p2a: Froslass|Froslass|Froslassite\n|-weather|Snowscape|[from] ability: Snow Warning|[of] p2a: Froslass\n|move|p2b: Maushold|Follow Me|p2b: Maushold\n|-singleturn|p2b: Maushold|move: Follow Me\n|move|p2a: Froslass|Aurora Veil|p2a: Froslass\n|-sidestart|p2: AveryOfCrowsGirlie|move: Aurora Veil\n|move|p1b: Tsareena|Petal Blizzard|p2b: Maushold|[spread] p2a,p2b\n|-ability|p1a: Goodra|Sap Sipper|boost\n|-boost|p1a: Goodra|atk|1\n|-damage|p2a: Froslass|80/100\n|-damage|p2b: Maushold|72/100\n|move|p1a: Goodra|Fire Punch|p2b: Maushold\n|-damage|p2b: Maushold|41/100\n|\n|-weather|Snowscape|[upkeep]\n|upkeep\n|turn|2\n|\n|t:|1775929859\n|switch|p2b: Incineroar|Incineroar, L50, F|100/100\n|-ability|p2b: Incineroar|Intimidate|boost\n|-unboost|p1a: Goodra|atk|1\n|-unboost|p1b: Tsareena|atk|1\n|switch|p1b: Torkoal|Torkoal, L50, F|100/100\n|-weather|SunnyDay|[from] ability: Drought|[of] p1b: Torkoal\n|move|p2a: Froslass|Blizzard|p1a: Goodra|[spread] p1a,p1b\n|-resisted|p1b: Torkoal|1\n|-damage|p1a: Goodra|64/100\n|-damage|p1b: Torkoal|77/100\n|move|p1a: Goodra|Fire Punch|p2a: Froslass\n|-supereffective|p2a: Froslass|1\n|-damage|p2a: Froslass|5/100\n|\n|-weather|SunnyDay|[upkeep]\n|upkeep\n|turn|3\n|\n|t:|1775929890\n|switch|p2a: Maushold|Maushold-Four, L50|41/100\n|move|p1b: Torkoal|Protect|p1b: Torkoal\n|-singleturn|p1b: Torkoal|Protect\n|move|p2b: Incineroar|Will-O-Wisp|p1a: Goodra|[miss]\n|-miss|p2b: Incineroar|p1a: Goodra\n|move|p1a: Goodra|Earthquake|p2a: Maushold|[spread] p2a,p2b\n|-activate|p1b: Torkoal|move: Protect\n|-supereffective|p2b: Incineroar|1\n|-damage|p2a: Maushold|20/100\n|-damage|p2b: Incineroar|80/100\n|\n|-weather|SunnyDay|[upkeep]\n|-heal|p2b: Incineroar|86/100|[from] item: Leftovers\n|upkeep\n|turn|4\n|\n|t:|1775929920\n|switch|p1b: Audino|Audino, L50, F|100/100\n|move|p2a: Maushold|Population Bomb|p1b: Audino\n|-damage|p1b: Audino|96/100\n|-damage|p1b: Audino|90/100\n|-damage|p1b: Audino|85/100\n|-damage|p1b: Audino|80/100\n|-damage|p1b: Audino|74/100\n|-damage|p1b: Audino|69/100\n|-damage|p1b: Audino|64/100\n|-damage|p1b: Audino|59/100\n|-damage|p1b: Audino|54/100\n|-damage|p1b: Audino|48/100\n|-hitcount|p1b: Audino|10\n|move|p2b: Incineroar|Will-O-Wisp|p1a: Goodra\n|-status|p1a: Goodra|brn\n|move|p1a: Goodra|Fire Punch|p2a: Maushold\n|-damage|p2a: Maushold|4/100\n|\n|-weather|SunnyDay|[upkeep]\n|-heal|p2b: Incineroar|92/100|[from] item: Leftovers\n|-damage|p1a: Goodra|58/100 brn|[from] brn\n|upkeep\n|turn|5\n|\n|t:|1775929952\n|detailschange|p1b: Audino|Audino-Mega, L50, F\n|-mega|p1b: Audino|Audino|Audinite\n|move|p2a: Maushold|Population Bomb|p1b: Audino\n|-damage|p1b: Audino|45/100\n|-damage|p1b: Audino|41/100\n|-damage|p1b: Audino|37/100\n|-damage|p1b: Audino|33/100\n|-damage|p1b: Audino|30/100\n|-damage|p1b: Audino|26/100\n|-damage|p1b: Audino|22/100\n|-damage|p1b: Audino|19/100\n|-damage|p1b: Audino|15/100\n|-damage|p1b: Audino|11/100\n|-hitcount|p1b: Audino|10\n|move|p2b: Incineroar|Parting Shot|p1a: Goodra\n|-unboost|p1a: Goodra|atk|1\n|-unboost|p1a: Goodra|spa|1\n|\n|t:|1775929970\n|switch|p2b: Sinistcha|Sinistcha, L50|100/100|[from] Parting Shot\n|-heal|p2a: Maushold|29/100|[from] ability: Hospitality|[of] p2b: Sinistcha\n|move|p1a: Goodra|Earthquake|p2b: Sinistcha|[spread] p1b,p2a,p2b\n|-resisted|p2b: Sinistcha|1\n|-damage|p1b: Audino|6/100\n|-damage|p2a: Maushold|21/100\n|-damage|p2b: Sinistcha|99/100\n|move|p1b: Audino|Heal Pulse|p1a: Goodra\n|-heal|p1a: Goodra|100/100 brn\n|\n|-weather|SunnyDay|[upkeep]\n|-activate|p1b: Audino|ability: Healer\n|-curestatus|p1a: Goodra|brn|[msg]\n|-sideend|p2: AveryOfCrowsGirlie|move: Aurora Veil\n|upkeep\n|turn|6\n|\n|t:|1775929989\n|move|p2a: Maushold|Population Bomb|p1a: Goodra\n|-resisted|p1a: Goodra|1\n|-damage|p1a: Goodra|98/100\n|-resisted|p1a: Goodra|1\n|-damage|p1a: Goodra|95/100\n|-resisted|p1a: Goodra|1\n|-damage|p1a: Goodra|93/100\n|-resisted|p1a: Goodra|1\n|-damage|p1a: Goodra|90/100\n|-resisted|p1a: Goodra|1\n|-damage|p1a: Goodra|88/100\n|-resisted|p1a: Goodra|1\n|-damage|p1a: Goodra|85/100\n|-resisted|p1a: Goodra|1\n|-damage|p1a: Goodra|83/100\n|-hitcount|p1a: Goodra|7\n|move|p2b: Sinistcha|Matcha Gotcha|p1b: Audino|[spread] p1b\n|-ability|p1a: Goodra|Sap Sipper|boost\n|-boost|p1a: Goodra|atk|1\n|-damage|p1b: Audino|0 fnt\n|-heal|p2b: Sinistcha|100/100|[from] drain|[of] p1b: Audino\n|faint|p1b: Audino\n|move|p1a: Goodra|Fire Punch|p2b: Sinistcha\n|-supereffective|p2b: Sinistcha|1\n|-crit|p2b: Sinistcha\n|-damage|p2b: Sinistcha|44/100\n|\n|-weather|none\n|upkeep\n|\n|t:|1775930014\n|switch|p1b: Tsareena|Tsareena, L50, F|100/100\n|turn|7\n|\n|t:|1775930034\n|switch|p2b: Incineroar|Incineroar, L50, F|92/100\n|-ability|p2b: Incineroar|Intimidate|boost\n|-unboost|p1a: Goodra|atk|1\n|-unboost|p1b: Tsareena|atk|1\n|move|p2a: Maushold|Population Bomb|p1b: Tsareena\n|-damage|p1b: Tsareena|94/100\n|-damage|p1b: Tsareena|88/100\n|-damage|p1b: Tsareena|81/100\n|-damage|p1b: Tsareena|75/100\n|-damage|p1b: Tsareena|69/100\n|-damage|p1b: Tsareena|62/100\n|-damage|p1b: Tsareena|55/100\n|-damage|p1b: Tsareena|49/100\n|-damage|p1b: Tsareena|43/100\n|-damage|p1b: Tsareena|36/100\n|-hitcount|p1b: Tsareena|10\n|move|p1b: Tsareena|Petal Blizzard|p2b: Incineroar|[spread] p2a,p2b\n|-ability|p1a: Goodra|Sap Sipper|boost\n|-boost|p1a: Goodra|atk|1\n|-resisted|p2b: Incineroar|1\n|-damage|p2a: Maushold|0 fnt\n|-damage|p2b: Incineroar|84/100\n|faint|p2a: Maushold\n|move|p1a: Goodra|Earthquake|p2b: Incineroar|[spread] p1b,p2b\n|-resisted|p1b: Tsareena|1\n|-supereffective|p2b: Incineroar|1\n|-damage|p1b: Tsareena|22/100\n|-damage|p2b: Incineroar|40/100\n|\n|-heal|p2b: Incineroar|46/100|[from] item: Leftovers\n|upkeep\n|\n|t:|1775930061\n|switch|p2a: Froslass|Froslass-Mega, L50, F|5/100\n|-weather|Snowscape|[from] ability: Snow Warning|[of] p2a: Froslass\n|turn|8\n|\n|t:|1775930070\n|switch|p1b: Torkoal|Torkoal, L50, F|77/100\n|-weather|SunnyDay|[from] ability: Drought|[of] p1b: Torkoal\n|move|p2a: Froslass|Blizzard|p1b: Torkoal|[spread] p1a,p1b\n|-resisted|p1b: Torkoal|1\n|-damage|p1a: Goodra|46/100\n|-damage|p1b: Torkoal|52/100\n|-enditem|p1a: Goodra|Sitrus Berry|[eat]\n|-heal|p1a: Goodra|71/100|[from] item: Sitrus Berry\n|move|p2b: Incineroar|Parting Shot|p1a: Goodra\n|-unboost|p1a: Goodra|atk|1\n|-unboost|p1a: Goodra|spa|1\n|\n|t:|1775930081\n|switch|p2b: Sinistcha|Sinistcha, L50|44/100|[from] Parting Shot\n|-heal|p2a: Froslass|30/100|[from] ability: Hospitality|[of] p2b: Sinistcha\n|move|p1a: Goodra|Earthquake|p2a: Froslass|[spread] p1b,p2a,p2b\n|-supereffective|p1b: Torkoal|1\n|-resisted|p2b: Sinistcha|1\n|-crit|p2b: Sinistcha\n|-damage|p1b: Torkoal|20/100\n|-damage|p2a: Froslass|2/100\n|-damage|p2b: Sinistcha|33/100\n|\n|-weather|SunnyDay|[upkeep]\n|upkeep\n|turn|9\n|\n|t:|1775930110\n|switch|p2a: Incineroar|Incineroar, L50, F|46/100\n|-ability|p2a: Incineroar|Intimidate|boost\n|-unboost|p1a: Goodra|atk|1\n|-unboost|p1b: Torkoal|atk|1\n|move|p1b: Torkoal|Protect|p1b: Torkoal\n|-singleturn|p1b: Torkoal|Protect\n|move|p2b: Sinistcha|Strength Sap|p1b: Torkoal\n|-activate|p1b: Torkoal|move: Protect\n|move|p1a: Goodra|Earthquake|p2a: Incineroar|[spread] p2a,p2b\n|-activate|p1b: Torkoal|move: Protect\n|-supereffective|p2a: Incineroar|1\n|-resisted|p2b: Sinistcha|1\n|-damage|p2a: Incineroar|26/100\n|-damage|p2b: Sinistcha|28/100\n|\n|-weather|SunnyDay|[upkeep]\n|-heal|p2a: Incineroar|32/100|[from] item: Leftovers\n|upkeep\n|turn|10\n|\n|t:|1775930156\n|switch|p1a: Tsareena|Tsareena, L50, F|22/100\n|move|p2b: Sinistcha|Strength Sap|p1b: Torkoal\n|-unboost|p1b: Torkoal|atk|1\n|-heal|p2b: Sinistcha|67/100\n|move|p2a: Incineroar|Crunch|p1a: Tsareena\n|-damage|p1a: Tsareena|0 fnt\n|faint|p1a: Tsareena\n|move|p1b: Torkoal|Heat Wave|p2b: Sinistcha|[spread] p2a,p2b\n|-resisted|p2a: Incineroar|1\n|-supereffective|p2b: Sinistcha|1\n|-damage|p2a: Incineroar|10/100\n|-damage|p2b: Sinistcha|0 fnt\n|faint|p2b: Sinistcha\n|\n|-weather|SunnyDay|[upkeep]\n|-heal|p2a: Incineroar|16/100|[from] item: Leftovers\n|upkeep\n|\n|t:|1775930174\n|switch|p1a: Goodra|Goodra-Hisui, L50, F|71/100\n|switch|p2b: Froslass|Froslass-Mega, L50, F|2/100\n|-weather|Snowscape|[from] ability: Snow Warning|[of] p2b: Froslass\n|turn|11\n|\n|t:|1775930188\n|move|p1b: Torkoal|Protect|p1b: Torkoal\n|-singleturn|p1b: Torkoal|Protect\n|move|p2b: Froslass|Blizzard|p1a: Goodra|[spread] p1a\n|-activate|p1b: Torkoal|move: Protect\n|-damage|p1a: Goodra|34/100\n|-status|p1a: Goodra|frz\n|move|p2a: Incineroar|Flare Blitz|p1a: Goodra\n|-damage|p1a: Goodra|0 fnt\n|faint|p1a: Goodra\n|-damage|p2a: Incineroar|8/100|[from] Recoil\n|\n|-weather|Snowscape|[upkeep]\n|-heal|p2a: Incineroar|14/100|[from] item: Leftovers\n|upkeep\n|turn|12\n|-message|Clippe forfeited.\n|\n|win|AveryOfCrowsGirlie\n|raw|Clippe's rating: 1045 &rarr; <strong>1026</strong><br />(-19 for losing)\n|raw|AveryOfCrowsGirlie's rating: 1000 &rarr; <strong>1045</strong><br />(+45 for winning)\n|l|\u2606Clippe\n|player|p1|\n",
  "uploadtime": 1775930227,
  "views": 11,
  "formatid": "gen9championsvgc2026regma",
  "rating": 1026,
  "private": 0,
  "password": null
}