{
  "id": "gen9championsvgc2026regma-2585148989",
  "format": "[Gen 9 Champions] VGC 2026 Reg M-A",
  "players": [
    "thepwr",
    "askeru"
  ],
  "log": "|j|\u2606thepwr\n|j|\u2606askeru\n|t:|1776317788\n|gametype|doubles\n|player|p1|thepwr|guzma|1124\n|player|p2|askeru|aromalady|1113\n|gen|9\n|tier|[Gen 9 Champions] VGC 2026 Reg M-A\n|rated|\n|rule|Species Clause: Limit one of each Pok\u00e9mon\n|rule|Item Clause: Limit 1 of each item\n|clearpoke\n|poke|p1|Ninetales-Alola, L50, F|\n|poke|p1|Greninja-*, L50, F|\n|poke|p1|Archaludon, L50, M|\n|poke|p1|Kingambit, L50, M|\n|poke|p1|Incineroar, L50, M|\n|poke|p1|Sableye, L50, M|\n|poke|p2|Gardevoir, L50, F|\n|poke|p2|Umbreon, L50, F|\n|poke|p2|Ninetales, L50, M|\n|poke|p2|Clefable, L50, F|\n|poke|p2|Sneasler, L50, F|\n|poke|p2|Corviknight, L50, M|\n|teampreview|4\n|inactive|Battle timer is ON: inactive players will automatically lose when time's up. (requested by thepwr)\n|inactive|thepwr has 60 seconds left.\n|inactive|askeru has 60 seconds left.\n|\n|t:|1776317827\n|teamsize|p1|4\n|teamsize|p2|4\n|start\n|switch|p1a: Sableye|Sableye, L50, M|100/100\n|switch|p1b: Greninja|Greninja, L50, F|100/100\n|switch|p2a: Ninetales|Ninetales, L50, M|100/100\n|switch|p2b: Corviknight|Corviknight, L50, M|100/100\n|-weather|SunnyDay|[from] ability: Drought|[of] p2a: Ninetales\n|turn|1\n|inactive|thepwr has 30 seconds left.\n|inactive|askeru has 30 seconds left.\n|inactive|thepwr has 20 seconds left.\n|inactive|askeru has 20 seconds left.\n|inactive|thepwr has 15 seconds left.\n|inactive|askeru has 15 seconds left.\n|inactive|askeru has 10 seconds left.\n|inactive|askeru has 5 seconds left.\n|\n|t:|1776317879\n|switch|p2a: Gardevoir|Gardevoir, L50, F|100/100\n|-ability|p2a: Gardevoir|Prankster|Trace|[from] ability: Trace|[of] p1a: Sableye\n|move|p1a: Sableye|Rain Dance|p1a: Sableye\n|-weather|RainDance\n|move|p1b: Greninja|Flip Turn|p2a: Gardevoir\n|-start|p1b: Greninja|typechange|Water|[from] ability: Protean\n|-damage|p2a: Gardevoir|72/100\n|\n|t:|1776317891\n|switch|p1b: Ninetales|Ninetales-Alola, L50, F|100/100|[from] Flip Turn\n|-weather|Snowscape|[from] ability: Snow Warning|[of] p1b: Ninetales\n|move|p2b: Corviknight|Tailwind|p2b: Corviknight\n|-sidestart|p2: askeru|move: Tailwind\n|\n|-weather|Snowscape|[upkeep]\n|upkeep\n|turn|2\n|inactive|askeru has 30 seconds left.\n|\n|t:|1776317922\n|switch|p2b: Ninetales|Ninetales, L50, M|100/100\n|-weather|SunnyDay|[from] ability: Drought|[of] p2b: Ninetales\n|detailschange|p2a: Gardevoir|Gardevoir-Mega, L50, F\n|-mega|p2a: Gardevoir|Gardevoir|Gardevoirite\n|move|p1a: Sableye|Encore||[still]\n|-fail|p1a: Sableye\n|move|p2a: Gardevoir|Psychic|p1b: Ninetales\n|-damage|p1b: Ninetales|42/100\n|move|p1b: Ninetales|Aurora Veil||[still]\n|-fail|p1b: Ninetales\n|\n|-weather|SunnyDay|[upkeep]\n|upkeep\n|turn|3\n|inactive|askeru has 30 seconds left.\n|inactive|askeru has 20 seconds left.\n|\n|t:|1776317961\n|switch|p1b: Incineroar|Incineroar, L50, M|100/100\n|-ability|p1b: Incineroar|Intimidate|boost\n|-unboost|p2a: Gardevoir|atk|1\n|-unboost|p2b: Ninetales|atk|1\n|move|p1a: Sableye|Disable|p2a: Gardevoir\n|-start|p2a: Gardevoir|Disable|Psychic\n|move|p2b: Ninetales|Mystical Fire|p1b: Incineroar\n|-resisted|p1b: Incineroar|1\n|-damage|p1b: Incineroar|82/100\n|-unboost|p1b: Incineroar|spa|1\n|move|p2a: Gardevoir|Hyper Voice|p1b: Incineroar|[spread] p1a,p1b\n|-supereffective|p1a: Sableye|1\n|-damage|p1a: Sableye|0 fnt\n|-damage|p1b: Incineroar|46/100\n|-enditem|p1b: Incineroar|Sitrus Berry|[eat]\n|-heal|p1b: Incineroar|71/100|[from] item: Sitrus Berry\n|faint|p1a: Sableye\n|\n|-weather|SunnyDay|[upkeep]\n|upkeep\n|\n|t:|1776317981\n|switch|p1a: Greninja|Greninja, L50, F|100/100\n|turn|4\n|\n|t:|1776318002\n|detailschange|p1a: Greninja|Greninja-Mega, L50, F\n|-mega|p1a: Greninja|Greninja|Greninjite\n|move|p2b: Ninetales|Protect|p2b: Ninetales\n|-singleturn|p2b: Ninetales|Protect\n|move|p1b: Incineroar|Fake Out|p2a: Gardevoir\n|-crit|p2a: Gardevoir\n|-damage|p2a: Gardevoir|54/100\n|move|p1a: Greninja|Sludge Wave|p2a: Gardevoir|[spread] p1b,p2a\n|-start|p1a: Greninja|typechange|Poison|[from] ability: Protean\n|-activate|p2b: Ninetales|move: Protect\n|-supereffective|p2a: Gardevoir|1\n|-damage|p1b: Incineroar|43/100\n|-damage|p2a: Gardevoir|2/100\n|cant|p2a: Gardevoir|flinch\n|\n|-weather|SunnyDay|[upkeep]\n|-sideend|p2: askeru|move: Tailwind\n|upkeep\n|turn|5\n|inactive|thepwr has 30 seconds left.\n|inactive|askeru has 30 seconds left.\n|\n|t:|1776318041\n|switch|p2a: Corviknight|Corviknight, L50, M|100/100\n|move|p1a: Greninja|Flip Turn|p2b: Ninetales\n|-supereffective|p2b: Ninetales|1\n|-damage|p2b: Ninetales|83/100\n|\n|t:|1776318047\n|switch|p1a: Ninetales|Ninetales-Alola, L50, F|42/100|[from] Flip Turn\n|-weather|Snowscape|[from] ability: Snow Warning|[of] p1a: Ninetales\n|move|p2b: Ninetales|Nasty Plot|p2b: Ninetales\n|-boost|p2b: Ninetales|spa|2\n|move|p1b: Incineroar|Darkest Lariat|p2b: Ninetales\n|-crit|p2b: Ninetales\n|-damage|p2b: Ninetales|20/100\n|\n|-weather|Snowscape|[upkeep]\n|upkeep\n|turn|6\n|\n|t:|1776318070\n|move|p1a: Ninetales|Protect|p1a: Ninetales\n|-singleturn|p1a: Ninetales|Protect\n|move|p2b: Ninetales|Protect|p2b: Ninetales\n|-singleturn|p2b: Ninetales|Protect\n|move|p2a: Corviknight|Tailwind|p2a: Corviknight\n|-sidestart|p2: askeru|move: Tailwind\n|move|p1b: Incineroar|Darkest Lariat|p2b: Ninetales\n|-activate|p2b: Ninetales|move: Protect\n|\n|-weather|Snowscape|[upkeep]\n|upkeep\n|turn|7\n|inactive|askeru has 30 seconds left.\n|\n|t:|1776318100\n|switch|p1a: Greninja|Greninja-Mega, L50, F|100/100\n|move|p2b: Ninetales|Baton Pass|p2b: Ninetales\n|\n|t:|1776318111\n|switch|p2b: Umbreon|Umbreon, L50, F|100/100|[from] Baton Pass\n|move|p2a: Corviknight|Iron Head|p1a: Greninja\n|-resisted|p1a: Greninja|1\n|-damage|p1a: Greninja|78/100\n|move|p1b: Incineroar|Darkest Lariat|p2b: Umbreon\n|-resisted|p2b: Umbreon|1\n|-damage|p2b: Umbreon|87/100\n|\n|-weather|Snowscape|[upkeep]\n|-heal|p2b: Umbreon|93/100|[from] item: Leftovers\n|upkeep\n|turn|8\n|inactive|thepwr has 30 seconds left.\n|inactive|askeru has 30 seconds left.\n|\n|t:|1776318142\n|move|p1a: Greninja|Flip Turn|p2b: Umbreon\n|-start|p1a: Greninja|typechange|Water|[from] ability: Protean\n|-crit|p2b: Umbreon\n|-damage|p2b: Umbreon|67/100\n|\n|t:|1776318147\n|switch|p1a: Ninetales|Ninetales-Alola, L50, F|42/100|[from] Flip Turn\n|move|p2a: Corviknight|Brave Bird|p1a: Ninetales\n|-damage|p1a: Ninetales|0 fnt\n|faint|p1a: Ninetales\n|-damage|p2a: Corviknight|91/100|[from] Recoil\n|move|p2b: Umbreon|Shadow Ball|p1b: Incineroar\n|-resisted|p1b: Incineroar|1\n|-damage|p1b: Incineroar|29/100\n|move|p1b: Incineroar|Flare Blitz|p2a: Corviknight\n|-supereffective|p2a: Corviknight|1\n|-crit|p2a: Corviknight\n|-enditem|p2a: Corviknight|Occa Berry|[eat]\n|-enditem|p2a: Corviknight|Occa Berry|[weaken]\n|-damage|p2a: Corviknight|37/100\n|-damage|p1b: Incineroar|10/100|[from] Recoil\n|\n|-weather|Snowscape|[upkeep]\n|-heal|p2b: Umbreon|73/100|[from] item: Leftovers\n|upkeep\n|\n|t:|1776318167\n|switch|p1a: Greninja|Greninja-Mega, L50, F|78/100\n|turn|9\n|\n|t:|1776318189\n|move|p1a: Greninja|Blizzard|p2b: Umbreon|[spread] p2a,p2b\n|-start|p1a: Greninja|typechange|Ice|[from] ability: Protean\n|-damage|p2a: Corviknight|0 fnt\n|-damage|p2b: Umbreon|45/100\n|faint|p2a: Corviknight\n|move|p2b: Umbreon|Shadow Ball|p1b: Incineroar\n|-resisted|p1b: Incineroar|1\n|-damage|p1b: Incineroar|0 fnt\n|faint|p1b: Incineroar\n|\n|-weather|none\n|-heal|p2b: Umbreon|50/100|[from] item: Leftovers\n|-sideend|p2: askeru|move: Tailwind\n|upkeep\n|inactive|askeru has 30 seconds left.\n|\n|t:|1776318220\n|switch|p2a: Gardevoir|Gardevoir-Mega, L50, F|2/100\n|turn|10\n|inactive|askeru has 30 seconds left.\n|\n|t:|1776318246\n|move|p1a: Greninja|Blizzard|p2b: Umbreon|[spread] p2b\n|-miss|p1a: Greninja|p2a: Gardevoir\n|-damage|p2b: Umbreon|26/100\n|move|p2b: Umbreon|Shadow Ball|p1a: Greninja\n|-damage|p1a: Greninja|26/100\n|move|p2a: Gardevoir|Trick Room|p2a: Gardevoir\n|-fieldstart|move: Trick Room|[of] p2a: Gardevoir\n|\n|-heal|p2b: Umbreon|32/100|[from] item: Leftovers\n|upkeep\n|turn|11\n|-message|thepwr forfeited.\n|\n|win|askeru\n|raw|thepwr's rating: 1124 &rarr; <strong>1098</strong><br />(-26 for losing)\n|raw|askeru's rating: 1113 &rarr; <strong>1139</strong><br />(+26 for winning)\n|l|\u2606thepwr\n|player|p1|\n|c|\u2606askeru|gg\n",
  "uploadtime": 1776318267,
  "views": 20,
  "formatid": "gen9championsvgc2026regma",
  "rating": 1098,
  "private": 0,
  "password": null
}