{
  "id": "gen9championsvgc2026regma-2589577337",
  "format": "[Gen 9 Champions] VGC 2026 Reg M-A",
  "players": [
    "AveDominusLux",
    "pedrohla"
  ],
  "log": "|j|\u2606AveDominusLux\n|j|\u2606pedrohla\n|t:|1776735759\n|gametype|doubles\n|player|p1|AveDominusLux|winona|1233\n|player|p2|pedrohla|266|1171\n|gen|9\n|tier|[Gen 9 Champions] VGC 2026 Reg M-A\n|rated|\n|rule|Species Clause: Limit one of each Pok\u00e9mon\n|rule|Item Clause: Limit 1 of each item\n|clearpoke\n|poke|p1|Venusaur, L50, M|\n|poke|p1|Tyranitar, L50, F|\n|poke|p1|Corviknight, L50, F|\n|poke|p1|Garchomp, L50, M|\n|poke|p1|Rotom-Heat, L50|\n|poke|p1|Primarina, L50, M|\n|poke|p2|Gengar, L50, F|\n|poke|p2|Vaporeon, L50, M|\n|poke|p2|Umbreon, L50, F|\n|poke|p2|Dragonite, L50, F|\n|poke|p2|Froslass, L50, F|\n|poke|p2|Arcanine, L50, F|\n|teampreview|4\n|\n|t:|1776735802\n|teamsize|p1|4\n|teamsize|p2|4\n|start\n|switch|p1a: Rotom|Rotom-Heat, L50|100/100\n|switch|p1b: Corviknight|Corviknight, L50, F|100/100\n|switch|p2a: Gengar|Gengar, L50, F|100/100\n|switch|p2b: Umbreon|Umbreon, L50, F|100/100\n|turn|1\n|\n|t:|1776735822\n|move|p1a: Rotom|Electroweb|p2a: Gengar|[spread] p2b\n|-miss|p1a: Rotom|p2a: Gengar\n|-damage|p2b: Umbreon|88/100\n|-unboost|p2b: Umbreon|spe|1\n|move|p2a: Gengar|Will-O-Wisp|p1b: Corviknight\n|-status|p1b: Corviknight|brn\n|move|p1b: Corviknight|Tailwind|p1b: Corviknight\n|-sidestart|p1: AveDominusLux|move: Tailwind\n|move|p2b: Umbreon|Wish|p2b: Umbreon\n|\n|-damage|p1b: Corviknight|95/100 brn|[from] brn\n|upkeep\n|turn|2\n|\n|t:|1776735842\n|move|p1a: Rotom|Electroweb|p2b: Umbreon|[spread] p2a,p2b\n|-crit|p2b: Umbreon\n|-damage|p2a: Gengar|74/100\n|-damage|p2b: Umbreon|70/100\n|-unboost|p2a: Gengar|spe|1\n|-unboost|p2b: Umbreon|spe|1\n|move|p1b: Corviknight|Iron Head|p2a: Gengar\n|-damage|p2a: Gengar|47/100\n|move|p2a: Gengar|Toxic|p1a: Rotom\n|-status|p1a: Rotom|tox\n|move|p2b: Umbreon|Foul Play|p1a: Rotom\n|-damage|p1a: Rotom|73/100 tox\n|\n|-heal|p2b: Umbreon|100/100|[from] move: Wish|[wisher] Umbreon\n|-heal|p1b: Corviknight|100/100 brn|[from] item: Leftovers\n|-damage|p1a: Rotom|68/100 tox|[from] psn\n|-damage|p1b: Corviknight|95/100 brn|[from] brn\n|upkeep\n|turn|3\n|\n|t:|1776735871\n|switch|p2a: Arcanine|Arcanine, L50, F|100/100\n|-ability|p2a: Arcanine|Intimidate|boost\n|-unboost|p1a: Rotom|atk|1\n|-ability|p1b: Corviknight|Mirror Armor\n|-unboost|p2a: Arcanine|atk|1\n|move|p1a: Rotom|Electroweb|p2b: Umbreon|[spread] p2a,p2b\n|-damage|p2a: Arcanine|82/100\n|-damage|p2b: Umbreon|90/100\n|-unboost|p2a: Arcanine|spe|1\n|-unboost|p2b: Umbreon|spe|1\n|move|p1b: Corviknight|Iron Head|p2a: Arcanine\n|-resisted|p2a: Arcanine|1\n|-damage|p2a: Arcanine|76/100\n|move|p2b: Umbreon|Foul Play|p1a: Rotom\n|-damage|p1a: Rotom|49/100 tox\n|\n|-heal|p1b: Corviknight|100/100 brn|[from] item: Leftovers\n|-damage|p1a: Rotom|38/100 tox|[from] psn\n|-damage|p1b: Corviknight|95/100 brn|[from] brn\n|upkeep\n|turn|4\n|\n|t:|1776735896\n|switch|p1b: Primarina|Primarina, L50, M|100/100\n|move|p1a: Rotom|Electroweb|p2a: Arcanine|[spread] p2a,p2b\n|-damage|p2a: Arcanine|59/100\n|-damage|p2b: Umbreon|78/100\n|-unboost|p2a: Arcanine|spe|1\n|-unboost|p2b: Umbreon|spe|1\n|move|p2a: Arcanine|Snarl|p1a: Rotom|[spread] p1a,p1b\n|-resisted|p1b: Primarina|1\n|-damage|p1a: Rotom|27/100 tox\n|-damage|p1b: Primarina|96/100\n|-unboost|p1a: Rotom|spa|1\n|-unboost|p1b: Primarina|spa|1\n|move|p2b: Umbreon|Wish|p2b: Umbreon\n|\n|-damage|p1a: Rotom|9/100 tox|[from] psn\n|-sideend|p1: AveDominusLux|move: Tailwind\n|upkeep\n|turn|5\n|\n|t:|1776735922\n|switch|p1a: Tyranitar|Tyranitar, L50, F|100/100\n|-weather|Sandstorm|[from] ability: Sand Stream|[of] p1a: Tyranitar\n|switch|p2a: Gengar|Gengar, L50, F|47/100\n|move|p1b: Primarina|Hydro Cannon|p2a: Gengar\n|-damage|p2a: Gengar|0 fnt\n|-mustrecharge|p1b: Primarina\n|faint|p2a: Gengar\n|move|p2b: Umbreon|Toxic|p1b: Primarina\n|-status|p1b: Primarina|tox\n|\n|-weather|Sandstorm|[upkeep]\n|-damage|p1b: Primarina|91/100 tox|[from] Sandstorm\n|-damage|p2b: Umbreon|72/100|[from] Sandstorm\n|-heal|p2b: Umbreon|100/100|[from] move: Wish|[wisher] Umbreon\n|-damage|p1b: Primarina|85/100 tox|[from] psn\n|upkeep\n|\n|t:|1776735945\n|switch|p2a: Arcanine|Arcanine, L50, F|59/100\n|-ability|p2a: Arcanine|Intimidate|boost\n|-unboost|p1a: Tyranitar|atk|1\n|-unboost|p1b: Primarina|atk|1\n|turn|6\n|\n|t:|1776735956\n|move|p2a: Arcanine|Snarl|p1b: Primarina|[spread] p1a,p1b\n|-resisted|p1a: Tyranitar|1\n|-resisted|p1b: Primarina|1\n|-damage|p1a: Tyranitar|98/100\n|-damage|p1b: Primarina|81/100 tox\n|-unboost|p1a: Tyranitar|spa|1\n|-unboost|p1b: Primarina|spa|1\n|move|p1a: Tyranitar|Rock Slide|p2b: Umbreon|[spread] p2a,p2b\n|-supereffective|p2a: Arcanine|1\n|-damage|p2a: Arcanine|25/100\n|-damage|p2b: Umbreon|86/100\n|cant|p1b: Primarina|recharge\n|move|p2b: Umbreon|Toxic|p1a: Tyranitar\n|-status|p1a: Tyranitar|tox\n|\n|-weather|Sandstorm|[upkeep]\n|-damage|p2a: Arcanine|19/100|[from] Sandstorm\n|-damage|p1b: Primarina|75/100 tox|[from] Sandstorm\n|-damage|p2b: Umbreon|80/100|[from] Sandstorm\n|-damage|p1a: Tyranitar|92/100 tox|[from] psn\n|-damage|p1b: Primarina|63/100 tox|[from] psn\n|upkeep\n|turn|7\n|\n|t:|1776735968\n|switch|p1b: Corviknight|Corviknight, L50, F|95/100 brn\n|move|p2a: Arcanine|Rest|p2a: Arcanine\n|-status|p2a: Arcanine|slp|[from] move: Rest\n|-heal|p2a: Arcanine|100/100 slp|[silent]\n|-enditem|p2a: Arcanine|Chesto Berry|[eat]\n|-curestatus|p2a: Arcanine|slp|[msg]\n|move|p1a: Tyranitar|Rock Slide|p2a: Arcanine|[spread] p2a,p2b\n|-supereffective|p2a: Arcanine|1\n|-damage|p2a: Arcanine|64/100\n|-damage|p2b: Umbreon|63/100\n|move|p2b: Umbreon|Wish|p2b: Umbreon\n|\n|-weather|Sandstorm|[upkeep]\n|-damage|p2a: Arcanine|58/100|[from] Sandstorm\n|-damage|p2b: Umbreon|57/100|[from] Sandstorm\n|-heal|p1b: Corviknight|100/100 brn|[from] item: Leftovers\n|-damage|p1a: Tyranitar|79/100 tox|[from] psn\n|-damage|p1b: Corviknight|95/100 brn|[from] brn\n|upkeep\n|turn|8\n|\n|t:|1776735996\n|switch|p2a: Froslass|Froslass, L50, F|100/100\n|move|p1a: Tyranitar|Rock Slide|p2a: Froslass|[spread] p2a,p2b\n|-supereffective|p2a: Froslass|1\n|-damage|p2a: Froslass|45/100\n|-damage|p2b: Umbreon|44/100\n|-enditem|p2b: Umbreon|Sitrus Berry|[eat]\n|-heal|p2b: Umbreon|69/100|[from] item: Sitrus Berry\n|move|p1b: Corviknight|Tailwind|p1b: Corviknight\n|-sidestart|p1: AveDominusLux|move: Tailwind\n|move|p2b: Umbreon|Foul Play|p1a: Tyranitar\n|-resisted|p1a: Tyranitar|1\n|-damage|p1a: Tyranitar|64/100 tox\n|\n|-weather|Sandstorm|[upkeep]\n|-damage|p2a: Froslass|39/100|[from] Sandstorm\n|-damage|p2b: Umbreon|63/100|[from] Sandstorm\n|-heal|p2b: Umbreon|100/100|[from] move: Wish|[wisher] Umbreon\n|-heal|p1b: Corviknight|100/100 brn|[from] item: Leftovers\n|-damage|p1a: Tyranitar|45/100 tox|[from] psn\n|-damage|p1b: Corviknight|95/100 brn|[from] brn\n|upkeep\n|turn|9\n|\n|t:|1776736013\n|switch|p1a: Rotom|Rotom-Heat, L50|9/100 tox\n|detailschange|p2a: Froslass|Froslass-Mega, L50, F\n|-mega|p2a: Froslass|Froslass|Froslassite\n|-weather|Snowscape|[from] ability: Snow Warning|[of] p2a: Froslass\n|move|p1b: Corviknight|Iron Head|p2a: Froslass\n|-supereffective|p2a: Froslass|1\n|-damage|p2a: Froslass|11/100\n|cant|p2a: Froslass|flinch\n|move|p2b: Umbreon|Foul Play|p1a: Rotom\n|-damage|p1a: Rotom|0 fnt\n|faint|p1a: Rotom\n|\n|-weather|Snowscape|[upkeep]\n|-heal|p1b: Corviknight|100/100 brn|[from] item: Leftovers\n|-damage|p1b: Corviknight|95/100 brn|[from] brn\n|upkeep\n|\n|t:|1776736021\n|switch|p1a: Tyranitar|Tyranitar, L50, F|45/100 tox\n|-weather|Sandstorm|[from] ability: Sand Stream|[of] p1a: Tyranitar\n|turn|10\n|\n|t:|1776736040\n|move|p2a: Froslass|Protect|p2a: Froslass\n|-singleturn|p2a: Froslass|Protect\n|move|p1a: Tyranitar|Low Kick|p2b: Umbreon\n|-supereffective|p2b: Umbreon|1\n|-damage|p2b: Umbreon|67/100\n|move|p1b: Corviknight|Iron Head|p2a: Froslass\n|-activate|p2a: Froslass|move: Protect\n|move|p2b: Umbreon|Foul Play|p1a: Tyranitar\n|-resisted|p1a: Tyranitar|1\n|-damage|p1a: Tyranitar|22/100 tox\n|\n|-weather|Sandstorm|[upkeep]\n|-damage|p2a: Froslass|5/100|[from] Sandstorm\n|-damage|p2b: Umbreon|61/100|[from] Sandstorm\n|-heal|p1b: Corviknight|100/100 brn|[from] item: Leftovers\n|-damage|p1a: Tyranitar|16/100 tox|[from] psn\n|-damage|p1b: Corviknight|95/100 brn|[from] brn\n|upkeep\n|turn|11\n|\n|t:|1776736062\n|switch|p2a: Arcanine|Arcanine, L50, F|58/100\n|-ability|p2a: Arcanine|Intimidate|boost\n|-unboost|p1a: Tyranitar|atk|1\n|-ability|p1b: Corviknight|Mirror Armor\n|-unboost|p2a: Arcanine|atk|1\n|move|p1a: Tyranitar|Low Kick|p2b: Umbreon\n|-supereffective|p2b: Umbreon|1\n|-damage|p2b: Umbreon|36/100\n|move|p1b: Corviknight|Brave Bird|p2b: Umbreon\n|-damage|p2b: Umbreon|18/100\n|-damage|p1b: Corviknight|89/100 brn|[from] Recoil\n|move|p2b: Umbreon|Wish|p2b: Umbreon\n|\n|-weather|Sandstorm|[upkeep]\n|-damage|p2a: Arcanine|52/100|[from] Sandstorm\n|-damage|p2b: Umbreon|12/100|[from] Sandstorm\n|-heal|p1b: Corviknight|95/100 brn|[from] item: Leftovers\n|-damage|p1a: Tyranitar|3/100 tox|[from] psn\n|-damage|p1b: Corviknight|89/100 brn|[from] brn\n|-sideend|p1: AveDominusLux|move: Tailwind\n|upkeep\n|turn|12\n|\n|t:|1776736086\n|move|p2b: Umbreon|Protect|p2b: Umbreon\n|-singleturn|p2b: Umbreon|Protect\n|move|p2a: Arcanine|Snarl|p1b: Corviknight|[spread] p1a,p1b\n|-resisted|p1a: Tyranitar|1\n|-damage|p1a: Tyranitar|0 fnt\n|-damage|p1b: Corviknight|81/100 brn\n|-ability|p1b: Corviknight|Mirror Armor\n|-unboost|p2a: Arcanine|spa|1\n|faint|p1a: Tyranitar\n|move|p1b: Corviknight|Brave Bird|p2b: Umbreon\n|-activate|p2b: Umbreon|move: Protect\n|\n|-weather|Sandstorm|[upkeep]\n|-damage|p2a: Arcanine|46/100|[from] Sandstorm\n|-damage|p2b: Umbreon|6/100|[from] Sandstorm\n|-heal|p2b: Umbreon|56/100|[from] move: Wish|[wisher] Umbreon\n|-heal|p1b: Corviknight|87/100 brn|[from] item: Leftovers\n|-damage|p1b: Corviknight|81/100 brn|[from] brn\n|upkeep\n|\n|t:|1776736089\n|switch|p1a: Primarina|Primarina, L50, M|63/100 tox\n|turn|13\n|\n|t:|1776736112\n|move|p1a: Primarina|Protect|p1a: Primarina\n|-singleturn|p1a: Primarina|Protect\n|move|p2a: Arcanine|Snarl|p1b: Corviknight|[spread] p1b\n|-activate|p1a: Primarina|move: Protect\n|-damage|p1b: Corviknight|75/100 brn\n|-ability|p1b: Corviknight|Mirror Armor\n|-unboost|p2a: Arcanine|spa|1\n|move|p1b: Corviknight|Tailwind|p1b: Corviknight\n|-sidestart|p1: AveDominusLux|move: Tailwind\n|move|p2b: Umbreon|Wish|p2b: Umbreon\n|\n|-weather|Sandstorm|[upkeep]\n|-damage|p1a: Primarina|57/100 tox|[from] Sandstorm\n|-damage|p2a: Arcanine|40/100|[from] Sandstorm\n|-damage|p2b: Umbreon|50/100|[from] Sandstorm\n|-heal|p1b: Corviknight|81/100 brn|[from] item: Leftovers\n|-damage|p1a: Primarina|51/100 tox|[from] psn\n|-damage|p1b: Corviknight|75/100 brn|[from] brn\n|upkeep\n|turn|14\n|\n|t:|1776736133\n|move|p2b: Umbreon|Protect|p2b: Umbreon\n|-singleturn|p2b: Umbreon|Protect\n|move|p1b: Corviknight|Iron Head|p2b: Umbreon\n|-activate|p2b: Umbreon|move: Protect\n|move|p1a: Primarina|Hyper Voice|p2a: Arcanine|[spread] p2a\n|-activate|p2b: Umbreon|move: Protect\n|-supereffective|p2a: Arcanine|1\n|-damage|p2a: Arcanine|0 fnt\n|faint|p2a: Arcanine\n|\n|-weather|none\n|-heal|p2b: Umbreon|100/100|[from] move: Wish|[wisher] Umbreon\n|-heal|p1b: Corviknight|81/100 brn|[from] item: Leftovers\n|-damage|p1a: Primarina|40/100 tox|[from] psn\n|-damage|p1b: Corviknight|75/100 brn|[from] brn\n|upkeep\n|-enditem|p1a: Primarina|Sitrus Berry|[eat]\n|-heal|p1a: Primarina|64/100 tox|[from] item: Sitrus Berry\n|\n|t:|1776736153\n|switch|p2a: Froslass|Froslass-Mega, L50, F|5/100\n|-weather|Snowscape|[from] ability: Snow Warning|[of] p2a: Froslass\n|turn|15\n|\n|t:|1776736180\n|move|p1b: Corviknight|Iron Head|p2b: Umbreon\n|-damage|p2b: Umbreon|90/100\n|move|p2a: Froslass|Aurora Veil|p2a: Froslass\n|-sidestart|p2: pedrohla|move: Aurora Veil\n|move|p1a: Primarina|Hyper Voice|p2b: Umbreon|[spread] p2a,p2b\n|-damage|p2a: Froslass|0 fnt\n|-damage|p2b: Umbreon|76/100\n|faint|p2a: Froslass\n|move|p2b: Umbreon|Wish|p2b: Umbreon\n|\n|-weather|Snowscape|[upkeep]\n|-heal|p1b: Corviknight|81/100 brn|[from] item: Leftovers\n|-damage|p1a: Primarina|47/100 tox|[from] psn\n|-damage|p1b: Corviknight|75/100 brn|[from] brn\n|upkeep\n|turn|16\n|\n|t:|1776736195\n|move|p1b: Corviknight|Iron Head|p2b: Umbreon\n|-damage|p2b: Umbreon|70/100\n|move|p1a: Primarina|Moonblast|p2b: Umbreon\n|-supereffective|p2b: Umbreon|1\n|-damage|p2b: Umbreon|26/100\n|move|p2b: Umbreon|Foul Play|p1a: Primarina\n|-resisted|p1a: Primarina|1\n|-damage|p1a: Primarina|35/100 tox\n|\n|-weather|Snowscape|[upkeep]\n|-heal|p2b: Umbreon|76/100|[from] move: Wish|[wisher] Umbreon\n|-heal|p1b: Corviknight|81/100 brn|[from] item: Leftovers\n|-damage|p1a: Primarina|12/100 tox|[from] psn\n|-damage|p1b: Corviknight|75/100 brn|[from] brn\n|-sideend|p1: AveDominusLux|move: Tailwind\n|upkeep\n|turn|17\n|\n|t:|1776736212\n|move|p2b: Umbreon|Protect|p2b: Umbreon\n|-singleturn|p2b: Umbreon|Protect\n|move|p1b: Corviknight|Iron Head|p2b: Umbreon\n|-activate|p2b: Umbreon|move: Protect\n|move|p1a: Primarina|Moonblast|p2b: Umbreon\n|-activate|p2b: Umbreon|move: Protect\n|\n|-weather|Snowscape|[upkeep]\n|-heal|p1b: Corviknight|81/100 brn|[from] item: Leftovers\n|-damage|p1a: Primarina|0 fnt|[from] psn\n|faint|p1a: Primarina\n|-damage|p1b: Corviknight|75/100 brn|[from] brn\n|upkeep\n|turn|18\n|\n|t:|1776736227\n|move|p1b: Corviknight|Iron Head|p2b: Umbreon\n|-damage|p2b: Umbreon|69/100\n|move|p2b: Umbreon|Wish|p2b: Umbreon\n|\n|-weather|Snowscape|[upkeep]\n|-heal|p1b: Corviknight|81/100 brn|[from] item: Leftovers\n|-damage|p1b: Corviknight|75/100 brn|[from] brn\n|upkeep\n|turn|19\n|\n|t:|1776736237\n|move|p1b: Corviknight|Iron Head|p2b: Umbreon\n|-damage|p2b: Umbreon|62/100\n|move|p2b: Umbreon|Foul Play|p1b: Corviknight\n|-damage|p1b: Corviknight|43/100 brn\n|\n|-weather|none\n|-heal|p2b: Umbreon|100/100|[from] move: Wish|[wisher] Umbreon\n|-heal|p1b: Corviknight|49/100 brn|[from] item: Leftovers\n|-damage|p1b: Corviknight|43/100 brn|[from] brn\n|-sideend|p2: pedrohla|move: Aurora Veil\n|upkeep\n|turn|20\n|\n|t:|1776736248\n|move|p1b: Corviknight|Roost|p1b: Corviknight\n|-heal|p1b: Corviknight|93/100 brn\n|-singleturn|p1b: Corviknight|move: Roost\n|move|p2b: Umbreon|Wish|p2b: Umbreon\n|\n|-heal|p1b: Corviknight|99/100 brn|[from] item: Leftovers\n|-damage|p1b: Corviknight|93/100 brn|[from] brn\n|upkeep\n|turn|21\n|\n|t:|1776736283\n|move|p1b: Corviknight|Iron Head|p2b: Umbreon\n|-damage|p2b: Umbreon|89/100\n|move|p2b: Umbreon|Foul Play|p1b: Corviknight\n|-damage|p1b: Corviknight|61/100 brn\n|\n|-heal|p2b: Umbreon|100/100|[from] move: Wish|[wisher] Umbreon\n|-heal|p1b: Corviknight|67/100 brn|[from] item: Leftovers\n|-damage|p1b: Corviknight|61/100 brn|[from] brn\n|upkeep\n|turn|22\n|\n|t:|1776736310\n|move|p1b: Corviknight|Brave Bird|p2b: Umbreon\n|-damage|p2b: Umbreon|84/100\n|-damage|p1b: Corviknight|56/100 brn|[from] Recoil\n|move|p2b: Umbreon|Toxic||[still]\n|-fail|p2b: Umbreon\n|\n|-heal|p1b: Corviknight|61/100 brn|[from] item: Leftovers\n|-damage|p1b: Corviknight|56/100 brn|[from] brn\n|upkeep\n|turn|23\n|l|\u2606pedrohla\n|player|p2|\n|j|\u2606pedrohla\n|player|p2|pedrohla|266|\n|\n|t:|1776736315\n|move|p1b: Corviknight|Iron Head|p2b: Umbreon\n|-damage|p2b: Umbreon|73/100\n|move|p2b: Umbreon|Toxic||[still]\n|-fail|p2b: Umbreon\n|\n|-heal|p1b: Corviknight|61/100 brn|[from] item: Leftovers\n|-damage|p1b: Corviknight|56/100 brn|[from] brn\n|upkeep\n|turn|24\n|\n|t:|1776736325\n|move|p1b: Corviknight|Roost|p1b: Corviknight\n|-heal|p1b: Corviknight|100/100 brn\n|-singleturn|p1b: Corviknight|move: Roost\n|move|p2b: Umbreon|Toxic||[still]\n|-fail|p2b: Umbreon\n|\n|-damage|p1b: Corviknight|95/100 brn|[from] brn\n|upkeep\n|turn|25\n|\n|t:|1776736336\n|move|p1b: Corviknight|Iron Head|p2b: Umbreon\n|-damage|p2b: Umbreon|62/100\n|move|p2b: Umbreon|Toxic|p1b: Corviknight|[miss]\n|-miss|p2b: Umbreon|p1b: Corviknight\n|\n|-heal|p1b: Corviknight|100/100 brn|[from] item: Leftovers\n|-damage|p1b: Corviknight|95/100 brn|[from] brn\n|upkeep\n|turn|26\n|l|\u2606pedrohla\n|player|p2|\n|j|\u2606pedrohla\n|player|p2|pedrohla|266|\n|\n|t:|1776736354\n|move|p1b: Corviknight|Iron Head|p2b: Umbreon\n|-damage|p2b: Umbreon|52/100\n|move|p2b: Umbreon|Toxic||[still]\n|-fail|p2b: Umbreon\n|\n|-heal|p1b: Corviknight|100/100 brn|[from] item: Leftovers\n|-damage|p1b: Corviknight|95/100 brn|[from] brn\n|upkeep\n|turn|27\n|\n|t:|1776736365\n|move|p1b: Corviknight|Iron Head|p2b: Umbreon\n|-damage|p2b: Umbreon|43/100\n|move|p2b: Umbreon|Wish|p2b: Umbreon\n|\n|-heal|p1b: Corviknight|100/100 brn|[from] item: Leftovers\n|-damage|p1b: Corviknight|95/100 brn|[from] brn\n|upkeep\n|turn|28\n|\n|t:|1776736371\n|move|p1b: Corviknight|Iron Head|p2b: Umbreon\n|-damage|p2b: Umbreon|32/100\n|move|p2b: Umbreon|Foul Play|p1b: Corviknight\n|-damage|p1b: Corviknight|65/100 brn\n|\n|-heal|p2b: Umbreon|82/100|[from] move: Wish|[wisher] Umbreon\n|-heal|p1b: Corviknight|71/100 brn|[from] item: Leftovers\n|-damage|p1b: Corviknight|65/100 brn|[from] brn\n|upkeep\n|turn|29\n|\n|t:|1776736378\n|move|p1b: Corviknight|Brave Bird|p2b: Umbreon\n|-damage|p2b: Umbreon|65/100\n|-damage|p1b: Corviknight|60/100 brn|[from] Recoil\n|move|p2b: Umbreon|Foul Play|p1b: Corviknight\n|-damage|p1b: Corviknight|27/100 brn\n|\n|-heal|p1b: Corviknight|33/100 brn|[from] item: Leftovers\n|-damage|p1b: Corviknight|27/100 brn|[from] brn\n|upkeep\n|turn|30\n|\n|t:|1776736389\n|move|p1b: Corviknight|Roost|p1b: Corviknight\n|-heal|p1b: Corviknight|77/100 brn\n|-singleturn|p1b: Corviknight|move: Roost\n|move|p2b: Umbreon|Foul Play|p1b: Corviknight\n|-damage|p1b: Corviknight|45/100 brn\n|\n|-heal|p1b: Corviknight|51/100 brn|[from] item: Leftovers\n|-damage|p1b: Corviknight|45/100 brn|[from] brn\n|upkeep\n|turn|31\n|\n|t:|1776736400\n|move|p1b: Corviknight|Roost|p1b: Corviknight\n|-heal|p1b: Corviknight|95/100 brn\n|-singleturn|p1b: Corviknight|move: Roost\n|move|p2b: Umbreon|Foul Play|p1b: Corviknight\n|-damage|p1b: Corviknight|64/100 brn\n|\n|-heal|p1b: Corviknight|70/100 brn|[from] item: Leftovers\n|-damage|p1b: Corviknight|64/100 brn|[from] brn\n|upkeep\n|turn|32\n|\n|t:|1776736413\n|move|p2b: Umbreon|Protect|p2b: Umbreon\n|-singleturn|p2b: Umbreon|Protect\n|move|p1b: Corviknight|Brave Bird|p2b: Umbreon\n|-activate|p2b: Umbreon|move: Protect\n|\n|-heal|p1b: Corviknight|70/100 brn|[from] item: Leftovers\n|-damage|p1b: Corviknight|64/100 brn|[from] brn\n|upkeep\n|turn|33\n|\n|t:|1776736424\n|move|p1b: Corviknight|Roost|p1b: Corviknight\n|-heal|p1b: Corviknight|100/100 brn\n|-singleturn|p1b: Corviknight|move: Roost\n|move|p2b: Umbreon|Toxic||[still]\n|-fail|p2b: Umbreon\n|\n|-damage|p1b: Corviknight|95/100 brn|[from] brn\n|upkeep\n|turn|34\n|\n|t:|1776736434\n|move|p1b: Corviknight|Brave Bird|p2b: Umbreon\n|-damage|p2b: Umbreon|49/100\n|-damage|p1b: Corviknight|89/100 brn|[from] Recoil\n|move|p2b: Umbreon|Toxic||[still]\n|-fail|p2b: Umbreon\n|\n|-heal|p1b: Corviknight|95/100 brn|[from] item: Leftovers\n|-damage|p1b: Corviknight|89/100 brn|[from] brn\n|upkeep\n|turn|35\n|\n|t:|1776736446\n|move|p1b: Corviknight|Brave Bird|p2b: Umbreon\n|-damage|p2b: Umbreon|32/100\n|-damage|p1b: Corviknight|84/100 brn|[from] Recoil\n|move|p2b: Umbreon|Wish|p2b: Umbreon\n|\n|-heal|p1b: Corviknight|90/100 brn|[from] item: Leftovers\n|-damage|p1b: Corviknight|84/100 brn|[from] brn\n|upkeep\n|turn|36\n|\n|t:|1776736466\n|move|p2b: Umbreon|Protect|p2b: Umbreon\n|-singleturn|p2b: Umbreon|Protect\n|move|p1b: Corviknight|Brave Bird|p2b: Umbreon\n|-activate|p2b: Umbreon|move: Protect\n|\n|-heal|p2b: Umbreon|82/100|[from] move: Wish|[wisher] Umbreon\n|-heal|p1b: Corviknight|90/100 brn|[from] item: Leftovers\n|-damage|p1b: Corviknight|84/100 brn|[from] brn\n|upkeep\n|turn|37\n|\n|t:|1776736479\n|move|p1b: Corviknight|Brave Bird|p2b: Umbreon\n|-crit|p2b: Umbreon\n|-damage|p2b: Umbreon|58/100\n|-damage|p1b: Corviknight|76/100 brn|[from] Recoil\n|move|p2b: Umbreon|Toxic||[still]\n|-fail|p2b: Umbreon\n|\n|-heal|p1b: Corviknight|82/100 brn|[from] item: Leftovers\n|-damage|p1b: Corviknight|76/100 brn|[from] brn\n|upkeep\n|turn|38\n|\n|t:|1776736490\n|move|p2b: Umbreon|Protect|p2b: Umbreon\n|-singleturn|p2b: Umbreon|Protect\n|move|p1b: Corviknight|Tailwind|p1b: Corviknight\n|-sidestart|p1: AveDominusLux|move: Tailwind\n|\n|-heal|p1b: Corviknight|82/100 brn|[from] item: Leftovers\n|-damage|p1b: Corviknight|76/100 brn|[from] brn\n|upkeep\n|turn|39\n|\n|t:|1776736512\n|move|p1b: Corviknight|Brave Bird|p2b: Umbreon\n|-damage|p2b: Umbreon|42/100\n|-damage|p1b: Corviknight|71/100 brn|[from] Recoil\n|move|p2b: Umbreon|Toxic||[still]\n|-fail|p2b: Umbreon\n|\n|-heal|p1b: Corviknight|77/100 brn|[from] item: Leftovers\n|-damage|p1b: Corviknight|71/100 brn|[from] brn\n|upkeep\n|turn|40\n|\n|t:|1776736526\n|move|p2b: Umbreon|Protect|p2b: Umbreon\n|-singleturn|p2b: Umbreon|Protect\n|move|p1b: Corviknight|Brave Bird|p2b: Umbreon\n|-activate|p2b: Umbreon|move: Protect\n|\n|-heal|p1b: Corviknight|77/100 brn|[from] item: Leftovers\n|-damage|p1b: Corviknight|71/100 brn|[from] brn\n|upkeep\n|turn|41\n|\n|t:|1776736539\n|move|p1b: Corviknight|Brave Bird|p2b: Umbreon\n|-damage|p2b: Umbreon|24/100\n|-damage|p1b: Corviknight|65/100 brn|[from] Recoil\n|move|p2b: Umbreon|Foul Play|p1b: Corviknight\n|-damage|p1b: Corviknight|32/100 brn\n|\n|-heal|p1b: Corviknight|38/100 brn|[from] item: Leftovers\n|-damage|p1b: Corviknight|32/100 brn|[from] brn\n|-sideend|p1: AveDominusLux|move: Tailwind\n|upkeep\n|turn|42\n|\n|t:|1776736551\n|move|p1b: Corviknight|Brave Bird|p2b: Umbreon\n|-damage|p2b: Umbreon|7/100\n|-damage|p1b: Corviknight|26/100 brn|[from] Recoil\n|move|p2b: Umbreon|Wish|p2b: Umbreon\n|\n|-heal|p1b: Corviknight|32/100 brn|[from] item: Leftovers\n|-damage|p1b: Corviknight|26/100 brn|[from] brn\n|upkeep\n|turn|43\n|\n|t:|1776736561\n|move|p1b: Corviknight|Brave Bird|p2b: Umbreon\n|-damage|p2b: Umbreon|0 fnt\n|faint|p2b: Umbreon\n|-damage|p1b: Corviknight|24/100 brn|[from] Recoil\n|\n|win|AveDominusLux\n|raw|AveDominusLux's rating: 1233 &rarr; <strong>1254</strong><br />(+21 for winning)\n|raw|pedrohla's rating: 1171 &rarr; <strong>1150</strong><br />(-21 for losing)\n|l|\u2606pedrohla\n|player|p2|\n",
  "uploadtime": 1776736569,
  "views": 2,
  "formatid": "gen9championsvgc2026regma",
  "rating": 1150,
  "private": 0,
  "password": null
}