{
  "id": "gen9championsvgc2026regma-2582321891",
  "format": "[Gen 9 Champions] VGC 2026 Reg M-A",
  "players": [
    "On the wave now",
    "Queku"
  ],
  "log": "|j|\u2606On the wave now\n|j|\u203dQueku\n|t:|1776083190\n|gametype|doubles\n|player|p1|On the wave now|ruinmaniac|1046\n|player|p2|Queku|ninjaboy|1000\n|gen|9\n|tier|[Gen 9 Champions] VGC 2026 Reg M-A\n|rated|\n|rule|Species Clause: Limit one of each Pok\u00e9mon\n|rule|Item Clause: Limit 1 of each item\n|clearpoke\n|poke|p1|Delphox, L50, M|\n|poke|p1|Sneasler, L50, M|\n|poke|p1|Ninetales, L50, M|\n|poke|p1|Milotic, L50, M|\n|poke|p1|Venusaur, L50, M|\n|poke|p1|Whimsicott, L50, F|\n|poke|p2|Whimsicott, L50, F|\n|poke|p2|Dragonite, L50, M|\n|poke|p2|Arcanine, L50, F|\n|poke|p2|Tyranitar, L50, M|\n|poke|p2|Sinistcha, L50|\n|poke|p2|Kingambit, L50, M|\n|teampreview|4\nOn the wave now has agreed to open team sheets.\n|c|\u2606On the wave now|glhf\nQueku has agreed to open team sheets.\n|showteam|p1|Delphox||Delphoxite|Blaze|HeatWave,Psychic,Protect,CalmMind|||M|||50|]Sneasler||WhiteHerb|Unburden|DireClaw,CloseCombat,FakeOut,Protect|||M|||50|]Ninetales||Charcoal|Drought|HelpingHand,Protect,WillOWisp,Overheat|||M|||50|]Milotic||SitrusBerry|Competitive|IceBeam,FlipTurn,Scald,Protect|||M|||50|]Venusaur||Venusaurite|Chlorophyll|GigaDrain,SludgeWave,SleepPowder,Protect|||M|||50|]Whimsicott||FocusSash|Prankster|SunnyDay,Tailwind,FakeTears,Moonblast|||F|||50|\n|showteam|p2|Whimsicott||FocusSash|Prankster|Moonblast,Tailwind,Taunt,HelpingHand|||F|||50|]Dragonite||Dragoninite|Multiscale|IceBeam,DracoMeteor,AirSlash,Thunderbolt|||M|||50|]Arcanine||ChoiceScarf|Intimidate|FlareBlitz,ExtremeSpeed,CloseCombat,PsychicFangs|||F|||50|]Tyranitar||KingsRock|SandStream|KnockOff,Protect,RockSlide,ThunderWave|||M|||50|]Sinistcha||Leftovers|Hospitality|MatchaGotcha,Protect,Hex,RagePowder||||||50|]Kingambit||ChopleBerry|Defiant|Protect,KowtowCleave,PoisonJab,IronHead|||M|||50|\n|\n|t:|1776083246\n|teamsize|p1|4\n|teamsize|p2|4\n|start\n|switch|p1a: Sneasler|Sneasler, L50, M|100/100\n|switch|p1b: Whimsicott|Whimsicott, L50, F|100/100\n|switch|p2a: Whimsicott|Whimsicott, L50, F|100/100\n|switch|p2b: Dragonite|Dragonite, L50, M|100/100\n|turn|1\n|\n|t:|1776083290\n|detailschange|p2b: Dragonite|Dragonite-Mega, L50, M\n|-mega|p2b: Dragonite|Dragonite|Dragoninite\n|move|p1a: Sneasler|Fake Out|p2b: Dragonite\n|-damage|p2b: Dragonite|93/100\n|move|p2a: Whimsicott|Tailwind|p2a: Whimsicott\n|-sidestart|p2: Queku|move: Tailwind\n|move|p1b: Whimsicott|Tailwind|p1b: Whimsicott\n|-sidestart|p1: On the wave now|move: Tailwind\n|cant|p2b: Dragonite|flinch\n|\n|upkeep\n|turn|2\n|\n|t:|1776083334\n|switch|p2a: Arcanine|Arcanine, L50, F|100/100\n|-ability|p2a: Arcanine|Intimidate|boost\n|-unboost|p1a: Sneasler|atk|1\n|-unboost|p1b: Whimsicott|atk|1\n|-enditem|p1a: Sneasler|White Herb\n|-clearnegativeboost|p1a: Sneasler|[silent]\n|move|p1a: Sneasler|Dire Claw|p2b: Dragonite\n|-damage|p2b: Dragonite|52/100\n|move|p1b: Whimsicott|Moonblast|p2b: Dragonite\n|-supereffective|p2b: Dragonite|1\n|-damage|p2b: Dragonite|0 fnt\n|faint|p2b: Dragonite\n|\n|upkeep\n|\n|t:|1776083350\n|switch|p2b: Sinistcha|Sinistcha, L50|100/100\n|turn|3\n|\n|t:|1776083371\n|move|p1a: Sneasler|Protect|p1a: Sneasler\n|-singleturn|p1a: Sneasler|Protect\n|move|p2b: Sinistcha|Protect|p2b: Sinistcha\n|-singleturn|p2b: Sinistcha|Protect\n|move|p1b: Whimsicott|Fake Tears|p2a: Arcanine\n|-unboost|p2a: Arcanine|spd|2\n|move|p2a: Arcanine|Psychic Fangs|p1a: Sneasler\n|-activate|p1a: Sneasler|move: Protect\n|\n|upkeep\n|turn|4\n|\n|t:|1776083404\n|switch|p1a: Milotic|Milotic, L50, M|100/100\n|move|p2a: Arcanine|Psychic Fangs|p1a: Milotic\n|-damage|p1a: Milotic|78/100\n|move|p1b: Whimsicott|Moonblast|p2a: Arcanine\n|-resisted|p2a: Arcanine|1\n|-damage|p2a: Arcanine|55/100\n|move|p2b: Sinistcha|Matcha Gotcha|p1b: Whimsicott|[spread] p1b\n|-miss|p2b: Sinistcha|p1a: Milotic\n|-resisted|p1b: Whimsicott|1\n|-damage|p1b: Whimsicott|81/100\n|\n|-sideend|p1: On the wave now|move: Tailwind\n|-sideend|p2: Queku|move: Tailwind\n|upkeep\n|turn|5\n|\n|t:|1776083440\n|switch|p2a: Whimsicott|Whimsicott, L50, F|100/100\n|move|p1b: Whimsicott|Moonblast|p2a: Whimsicott\n|-damage|p2a: Whimsicott|39/100\n|move|p1a: Milotic|Ice Beam|p2a: Whimsicott\n|-supereffective|p2a: Whimsicott|1\n|-damage|p2a: Whimsicott|0 fnt\n|faint|p2a: Whimsicott\n|move|p2b: Sinistcha|Hex|p1b: Whimsicott\n|-damage|p1b: Whimsicott|38/100\n|\n|upkeep\n|\n|t:|1776083451\n|switch|p2a: Arcanine|Arcanine, L50, F|55/100\n|-ability|p2a: Arcanine|Intimidate|boost\n|-unboost|p1a: Milotic|atk|1\n|-ability|p1a: Milotic|Competitive|boost\n|-boost|p1a: Milotic|spa|2\n|-unboost|p1b: Whimsicott|atk|1\n|turn|6\n|\n|t:|1776083480\n|move|p1b: Whimsicott|Tailwind|p1b: Whimsicott\n|-sidestart|p1: On the wave now|move: Tailwind\n|move|p2a: Arcanine|Close Combat|p1a: Milotic\n|-damage|p1a: Milotic|48/100\n|-unboost|p2a: Arcanine|def|1\n|-unboost|p2a: Arcanine|spd|1\n|-enditem|p1a: Milotic|Sitrus Berry|[eat]\n|-heal|p1a: Milotic|72/100|[from] item: Sitrus Berry\n|move|p1a: Milotic|Scald|p2a: Arcanine\n|-supereffective|p2a: Arcanine|1\n|-damage|p2a: Arcanine|0 fnt\n|faint|p2a: Arcanine\n|move|p2b: Sinistcha|Matcha Gotcha|p1b: Whimsicott|[spread] p1a\n|-miss|p2b: Sinistcha|p1b: Whimsicott\n|-supereffective|p1a: Milotic|1\n|-damage|p1a: Milotic|37/100\n|\n|upkeep\n|turn|7\n|\n|t:|1776083498\n|move|p2b: Sinistcha|Protect|p2b: Sinistcha\n|-singleturn|p2b: Sinistcha|Protect\n|move|p1b: Whimsicott|Fake Tears|p2b: Sinistcha\n|-activate|p2b: Sinistcha|move: Protect\n|move|p1a: Milotic|Ice Beam|p2b: Sinistcha\n|-activate|p2b: Sinistcha|move: Protect\n|\n|upkeep\n|turn|8\n|\n|t:|1776083509\n|move|p1b: Whimsicott|Fake Tears|p2b: Sinistcha\n|-unboost|p2b: Sinistcha|spd|2\n|move|p1a: Milotic|Ice Beam|p2b: Sinistcha\n|-supereffective|p2b: Sinistcha|1\n|-damage|p2b: Sinistcha|0 fnt\n|faint|p2b: Sinistcha\n|\n|win|On the wave now\n|raw|On the wave now's rating: 1046 &rarr; <strong>1075</strong><br />(+29 for winning)\n|raw|Queku's rating: 1000 &rarr; <strong>1000</strong><br />(+0 for losing)\n|c|\u2606On the wave now|gg\n",
  "uploadtime": 1776083513,
  "views": 13,
  "formatid": "gen9championsvgc2026regma",
  "rating": 1000,
  "private": 0,
  "password": null
}