{
  "id": "gen9championsvgc2026regma-2587028097",
  "format": "[Gen 9 Champions] VGC 2026 Reg M-A",
  "players": [
    "Bigfckndaddy",
    "unfurroml"
  ],
  "log": "|j|\u2606Bigfckndaddy\n|j|\u2606unfurroml\n|t:|1776482812\n|gametype|doubles\n|player|p1|Bigfckndaddy|265|1333\n|player|p2|unfurroml|spark|1265\n|gen|9\n|tier|[Gen 9 Champions] VGC 2026 Reg M-A\n|rated|\n|rule|Species Clause: Limit one of each Pok\u00e9mon\n|rule|Item Clause: Limit 1 of each item\n|clearpoke\n|poke|p1|Floette-Eternal, L50, F|\n|poke|p1|Maushold-Four, L50|\n|poke|p1|Talonflame, L50, M|\n|poke|p1|Garchomp, L50, F|\n|poke|p1|Tyranitar, L50, F|\n|poke|p1|Rotom-Wash, L50|\n|poke|p2|Charizard, L50, M|\n|poke|p2|Aegislash, L50, F|\n|poke|p2|Garchomp, L50, F|\n|poke|p2|Milotic, L50, M|\n|poke|p2|Tyranitar, L50, F|\n|poke|p2|Farigiraf, L50, F|\n|teampreview|4\n|inactive|Battle timer is ON: inactive players will automatically lose when time's up. (requested by unfurroml)\n|\n|t:|1776482850\n|teamsize|p1|4\n|teamsize|p2|4\n|start\n|switch|p1a: Garchomp|Garchomp, L50, F|100/100\n|switch|p1b: Talonflame|Talonflame, L50, M, shiny|100/100\n|switch|p2a: Aegislash|Aegislash, L50, F|100/100\n|switch|p2b: Farigiraf|Farigiraf, L50, F|100/100\n|turn|1\n|\n|t:|1776482872\n|move|p1b: Talonflame|Acrobatics||[still]\n|cant|p2b: Farigiraf|ability: Armor Tail|Acrobatics|[of] p1b: Talonflame\n|move|p1a: Garchomp|Earthquake|p2a: Aegislash|[spread] p2a,p2b\n|-immune|p1b: Talonflame\n|-supereffective|p2a: Aegislash|1\n|-damage|p2a: Aegislash|21/100\n|-damage|p2b: Farigiraf|61/100\n|-formechange|p2a: Aegislash|Aegislash-Blade|\n|move|p2a: Aegislash|Shadow Ball|p1a: Garchomp\n|-damage|p1a: Garchomp|58/100\n|move|p2b: Farigiraf|Trick Room|p2b: Farigiraf\n|-fieldstart|move: Trick Room|[of] p2b: Farigiraf\n|\n|-heal|p2a: Aegislash|27/100|[from] item: Leftovers\n|upkeep\n|turn|2\n|inactive|Bigfckndaddy has 30 seconds left.\n|\n|t:|1776482905\n|-formechange|p2a: Aegislash|Aegislash|\n|move|p2a: Aegislash|King's Shield|p2a: Aegislash\n|-singleturn|p2a: Aegislash|Protect\n|move|p1b: Talonflame|Protect|p1b: Talonflame\n|-singleturn|p1b: Talonflame|Protect\n|move|p2b: Farigiraf|Psychic|p1a: Garchomp\n|-damage|p1a: Garchomp|20/100\n|move|p1a: Garchomp|Earthquake|p2b: Farigiraf|[spread] p2b\n|-activate|p1b: Talonflame|move: Protect\n|-activate|p2a: Aegislash|move: Protect\n|-damage|p2b: Farigiraf|21/100\n|\n|-heal|p2a: Aegislash|33/100|[from] item: Leftovers\n|upkeep\n|turn|3\n|\n|t:|1776482925\n|switch|p1b: Tyranitar|Tyranitar, L50, F, shiny|100/100\n|-weather|Sandstorm|[from] ability: Sand Stream|[of] p1b: Tyranitar\n|move|p1a: Garchomp|Protect|p1a: Garchomp\n|-singleturn|p1a: Garchomp|Protect\n|move|p2b: Farigiraf|Hyper Voice|p1a: Garchomp|[spread] p1b\n|-activate|p1a: Garchomp|move: Protect\n|-resisted|p1b: Tyranitar|1\n|-damage|p1b: Tyranitar|93/100\n|-formechange|p2a: Aegislash|Aegislash-Blade|\n|move|p2a: Aegislash|Shadow Ball|p1b: Tyranitar\n|-resisted|p1b: Tyranitar|1\n|-damage|p1b: Tyranitar|83/100\n|-unboost|p1b: Tyranitar|spd|1\n|\n|-weather|Sandstorm|[upkeep]\n|-damage|p2b: Farigiraf|15/100|[from] Sandstorm\n|-heal|p2a: Aegislash|39/100|[from] item: Leftovers\n|upkeep\n|turn|4\n|inactive|Bigfckndaddy has 30 seconds left.\n|inactive|Bigfckndaddy has 20 seconds left.\n|inactive|Bigfckndaddy has 15 seconds left.\n|inactive|Bigfckndaddy has 10 seconds left.\n|inactive|Bigfckndaddy has 5 seconds left.\n|\n|t:|1776482976\n|switch|p1a: Rotom|Rotom-Wash, L50, shiny|100/100\n|-formechange|p2a: Aegislash|Aegislash|\n|move|p2a: Aegislash|King's Shield|p2a: Aegislash\n|-singleturn|p2a: Aegislash|Protect\n|move|p2b: Farigiraf|Psychic|p1a: Rotom\n|-damage|p1a: Rotom|64/100\n|move|p1b: Tyranitar|Crunch|p2b: Farigiraf\n|-supereffective|p2b: Farigiraf|1\n|-damage|p2b: Farigiraf|0 fnt\n|faint|p2b: Farigiraf\n|\n|-weather|Sandstorm|[upkeep]\n|-damage|p1a: Rotom|58/100|[from] Sandstorm\n|-heal|p2a: Aegislash|45/100|[from] item: Leftovers\n|upkeep\n|\n|t:|1776482987\n|switch|p2b: Milotic|Milotic, L50, M|100/100\n|turn|5\n|inactive|Bigfckndaddy has 30 seconds left.\n|inactive|Bigfckndaddy has 20 seconds left.\n|\n|t:|1776483022\n|detailschange|p1b: Tyranitar|Tyranitar-Mega, L50, F, shiny\n|-mega|p1b: Tyranitar|Tyranitar|Tyranitarite\n|move|p2b: Milotic|Protect|p2b: Milotic\n|-singleturn|p2b: Milotic|Protect\n|-formechange|p2a: Aegislash|Aegislash-Blade|\n|move|p2a: Aegislash|Sacred Sword|p1b: Tyranitar\n|-supereffective|p1b: Tyranitar|2\n|-damage|p1b: Tyranitar|22/100\n|move|p1b: Tyranitar|Crunch|p2a: Aegislash\n|-supereffective|p2a: Aegislash|1\n|-damage|p2a: Aegislash|0 fnt\n|faint|p2a: Aegislash\n|move|p1a: Rotom|Thunderbolt|p2b: Milotic\n|-activate|p2b: Milotic|move: Protect\n|\n|-weather|Sandstorm|[upkeep]\n|-damage|p2b: Milotic|95/100|[from] Sandstorm\n|-damage|p1a: Rotom|53/100|[from] Sandstorm\n|-fieldend|move: Trick Room\n|upkeep\n|\n|t:|1776483038\n|switch|p2a: Garchomp|Garchomp, L50, F|100/100\n|turn|6\n|\n|t:|1776483061\n|move|p1b: Tyranitar|Protect|p1b: Tyranitar\n|-singleturn|p1b: Tyranitar|Protect\n|move|p2a: Garchomp|Dragon Claw|p1b: Tyranitar\n|-activate|p1b: Tyranitar|move: Protect\n|move|p1a: Rotom|Thunderbolt|p2b: Milotic\n|-supereffective|p2b: Milotic|1\n|-crit|p2b: Milotic\n|-damage|p2b: Milotic|22/100\n|-enditem|p2b: Milotic|Sitrus Berry|[eat]\n|-heal|p2b: Milotic|47/100|[from] item: Sitrus Berry\n|move|p2b: Milotic|Icy Wind|p1a: Rotom|[spread] p1a\n|-activate|p1b: Tyranitar|move: Protect\n|-resisted|p1a: Rotom|1\n|-damage|p1a: Rotom|48/100\n|-unboost|p1a: Rotom|spe|1\n|-enditem|p1a: Rotom|Sitrus Berry|[eat]\n|-heal|p1a: Rotom|72/100|[from] item: Sitrus Berry\n|\n|-weather|Sandstorm|[upkeep]\n|-damage|p2b: Milotic|41/100|[from] Sandstorm\n|-damage|p1a: Rotom|67/100|[from] Sandstorm\n|upkeep\n|turn|7\n|inactive|Bigfckndaddy has 30 seconds left.\n|inactive|Bigfckndaddy has 20 seconds left.\n|inactive|Bigfckndaddy has 15 seconds left.\n|\n|t:|1776483102\n|switch|p1b: Garchomp|Garchomp, L50, F|20/100\n|move|p2a: Garchomp|Dragon Claw|p1b: Garchomp\n|-supereffective|p1b: Garchomp|1\n|-damage|p1b: Garchomp|0 fnt\n|-damage|p2a: Garchomp|88/100|[from] ability: Rough Skin|[of] p1b: Garchomp\n|faint|p1b: Garchomp\n|move|p2b: Milotic|Recover|p2b: Milotic\n|-heal|p2b: Milotic|91/100\n|move|p1a: Rotom|Thunderbolt|p2b: Milotic\n|-supereffective|p2b: Milotic|1\n|-damage|p2b: Milotic|43/100\n|\n|-weather|none\n|upkeep\n|\n|t:|1776483119\n|switch|p1b: Talonflame|Talonflame, L50, M, shiny|100/100\n|turn|8\n|\n|t:|1776483135\n|move|p2b: Milotic|Protect|p2b: Milotic\n|-singleturn|p2b: Milotic|Protect\n|move|p1b: Talonflame|Tailwind|p1b: Talonflame\n|-sidestart|p1: Bigfckndaddy|move: Tailwind\n|move|p2a: Garchomp|Dragon Claw|p1a: Rotom\n|-damage|p1a: Rotom|23/100\n|move|p1a: Rotom|Volt Switch|p2b: Milotic\n|-activate|p2b: Milotic|move: Protect\n|\n|upkeep\n|turn|9\n|\n|t:|1776483159\n|move|p1b: Talonflame|Acrobatics|p2a: Garchomp\n|-damage|p2a: Garchomp|49/100\n|move|p2a: Garchomp|Dragon Claw|p1a: Rotom\n|-damage|p1a: Rotom|0 fnt\n|faint|p1a: Rotom\n|move|p2b: Milotic|Scald|p1b: Talonflame\n|-supereffective|p1b: Talonflame|1\n|-damage|p1b: Talonflame|15/100\n|\n|upkeep\n|\n|t:|1776483169\n|switch|p1a: Tyranitar|Tyranitar-Mega, L50, F, shiny|22/100\n|-weather|Sandstorm|[from] ability: Sand Stream|[of] p1a: Tyranitar\n|turn|10\n|\n|t:|1776483190\n|move|p1b: Talonflame|Acrobatics|p2a: Garchomp\n|-damage|p2a: Garchomp|5/100\n|move|p2a: Garchomp|Dragon Claw|p1a: Tyranitar\n|-damage|p1a: Tyranitar|0 fnt\n|faint|p1a: Tyranitar\n|move|p2b: Milotic|Icy Wind|p1b: Talonflame|[miss]\n|-miss|p2b: Milotic|p1b: Talonflame\n|\n|-weather|Sandstorm|[upkeep]\n|-damage|p1b: Talonflame|10/100|[from] Sandstorm\n|-damage|p2b: Milotic|37/100|[from] Sandstorm\n|upkeep\n|turn|11\n|-message|Bigfckndaddy forfeited.\n|\n|win|unfurroml\n|raw|Bigfckndaddy's rating: 1333 &rarr; <strong>1309</strong><br />(-24 for losing)\n|raw|unfurroml's rating: 1265 &rarr; <strong>1295</strong><br />(+30 for winning)\n|l|\u2606Bigfckndaddy\n|player|p1|\n",
  "uploadtime": 1776483210,
  "views": 52,
  "formatid": "gen9championsvgc2026regma",
  "rating": 1295,
  "private": 0,
  "password": null
}