{
  "id": "gen9championsvgc2026regma-2587234288",
  "format": "[Gen 9 Champions] VGC 2026 Reg M-A",
  "players": [
    "PatrikStarmie",
    "Kipri"
  ],
  "log": "|j|\u2606PatrikStarmie\n|j|\u2606Kipri\n|t:|1776512480\n|gametype|doubles\n|player|p1|PatrikStarmie|dawn|1045\n|player|p2|Kipri|emmet|1104\n|gen|9\n|tier|[Gen 9 Champions] VGC 2026 Reg M-A\n|rated|\n|rule|Species Clause: Limit one of each Pok\u00e9mon\n|rule|Item Clause: Limit 1 of each item\n|clearpoke\n|poke|p1|Starmie, L50, shiny|\n|poke|p1|Oranguru, L50, F|\n|poke|p1|Hatterene, L50, F|\n|poke|p1|Torkoal, L50, F|\n|poke|p1|Sinistcha, L50|\n|poke|p1|Passimian, L50, F, shiny|\n|poke|p2|Venusaur, L50, M|\n|poke|p2|Rotom-Heat, L50|\n|poke|p2|Sneasler, L50, F|\n|poke|p2|Kingambit, L50, M|\n|poke|p2|Gyarados, L50, M|\n|poke|p2|Aerodactyl, L50, M|\n|teampreview|4\n|inactive|Battle timer is ON: inactive players will automatically lose when time's up. (requested by Kipri)\n|inactive|PatrikStarmie has 60 seconds left.\n|\n|t:|1776512516\n|teamsize|p1|4\n|teamsize|p2|4\n|start\n|switch|p1a: Starmie|Starmie, L50, shiny|100/100\n|switch|p1b: Passimian|Passimian, L50, F, shiny|100/100\n|switch|p2a: Gyarados|Gyarados, L50, M|100/100\n|switch|p2b: Kingambit|Kingambit, L50, M|100/100\n|-ability|p2a: Gyarados|Intimidate|boost\n|-unboost|p1a: Starmie|atk|1\n|-unboost|p1b: Passimian|atk|1\n|-enditem|p1b: Passimian|White Herb\n|-clearnegativeboost|p1b: Passimian|[silent]\n|turn|1\n|inactive|PatrikStarmie has 30 seconds left.\n|inactive|Kipri has 30 seconds left.\n|\n|t:|1776512541\n|switch|p2b: Venusaur|Venusaur, L50, M|100/100\n|detailschange|p1a: Starmie|Starmie-Mega, L50, shiny\n|-mega|p1a: Starmie|Starmie|Starminite\n|move|p1b: Passimian|Protect|p1b: Passimian\n|-singleturn|p1b: Passimian|Protect\n|move|p1a: Starmie|Self-Destruct|p2b: Venusaur|[spread] p2a,p2b\n|-activate|p1b: Passimian|move: Protect\n|-damage|p2a: Gyarados|30/100\n|-damage|p2b: Venusaur|13/100\n|faint|p1a: Starmie\n|-ability|p1b: Passimian|Huge Power|Receiver|[from] ability: Receiver|[of] p1a: Starmie\n|move|p2a: Gyarados|Waterfall|p1b: Passimian\n|-activate|p1b: Passimian|move: Protect\n|\n|-heal|p2a: Gyarados|36/100|[from] item: Leftovers\n|upkeep\n|\n|t:|1776512556\n|switch|p1a: Hatterene|Hatterene, L50, F|100/100\n|turn|2\n|\n|t:|1776512565\n|detailschange|p2b: Venusaur|Venusaur-Mega, L50, M\n|-mega|p2b: Venusaur|Venusaur|Venusaurite\n|move|p2b: Venusaur|Sludge Bomb|p1a: Hatterene\n|-supereffective|p1a: Hatterene|1\n|-damage|p1a: Hatterene|2/100\n|-status|p1a: Hatterene|psn\n|move|p2a: Gyarados|Taunt|p1a: Hatterene\n|move|p1a: Hatterene|Taunt|p2a: Gyarados|[from] ability: Magic Bounce\n|-start|p2a: Gyarados|move: Taunt\n|move|p1b: Passimian|Knock Off|p2a: Gyarados\n|-damage|p2a: Gyarados|0 fnt\n|-enditem|p2a: Gyarados|Leftovers|[from] move: Knock Off|[of] p1b: Passimian\n|faint|p2a: Gyarados\n|move|p1a: Hatterene|Trick Room|p1a: Hatterene\n|-fieldstart|move: Trick Room|[of] p1a: Hatterene\n|\n|-damage|p1a: Hatterene|0 fnt|[from] psn\n|faint|p1a: Hatterene\n|upkeep\n|\n|t:|1776512584\n|switch|p1a: Sinistcha|Sinistcha, L50|100/100\n|switch|p2a: Rotom|Rotom-Heat, L50|100/100\n|turn|3\n|\n|t:|1776512604\n|move|p2b: Venusaur|Protect|p2b: Venusaur\n|-singleturn|p2b: Venusaur|Protect\n|move|p1a: Sinistcha|Matcha Gotcha|p2b: Venusaur|[spread] p2a\n|-activate|p2b: Venusaur|move: Protect\n|-resisted|p2a: Rotom|1\n|-damage|p2a: Rotom|85/100\n|move|p1b: Passimian|Close Combat|p2a: Rotom\n|-damage|p2a: Rotom|0 fnt\n|-unboost|p1b: Passimian|def|1\n|-unboost|p1b: Passimian|spd|1\n|faint|p2a: Rotom\n|\n|upkeep\n|\n|t:|1776512617\n|switch|p2a: Kingambit|Kingambit, L50, M|100/100\n|turn|4\n|\n|t:|1776512633\n|move|p1a: Sinistcha|Rage Powder|p1a: Sinistcha\n|-singleturn|p1a: Sinistcha|move: Rage Powder\n|move|p2a: Kingambit|Sucker Punch||[still]\n|-fail|p2a: Kingambit\n|move|p1b: Passimian|Knock Off|p2b: Venusaur\n|-damage|p2b: Venusaur|0 fnt\n|faint|p2b: Venusaur\n|\n|upkeep\n|turn|5\n|\n|t:|1776512650\n|move|p2a: Kingambit|Protect|p2a: Kingambit\n|-singleturn|p2a: Kingambit|Protect\n|move|p1a: Sinistcha|Rage Powder|p1a: Sinistcha\n|-singleturn|p1a: Sinistcha|move: Rage Powder\n|move|p1b: Passimian|Close Combat|p2a: Kingambit\n|-activate|p2a: Kingambit|move: Protect\n|\n|upkeep\n|turn|6\n|c|\u2606PatrikStarmie|gg\n|\n|t:|1776512662\n|move|p1a: Sinistcha|Rage Powder|p1a: Sinistcha\n|-singleturn|p1a: Sinistcha|move: Rage Powder\n|move|p2a: Kingambit|Kowtow Cleave|p1a: Sinistcha\n|-supereffective|p1a: Sinistcha|1\n|-crit|p1a: Sinistcha\n|-damage|p1a: Sinistcha|0 fnt\n|faint|p1a: Sinistcha\n|move|p1b: Passimian|Close Combat|p2a: Kingambit\n|-supereffective|p2a: Kingambit|2\n|-damage|p2a: Kingambit|0 fnt\n|-unboost|p1b: Passimian|def|1\n|-unboost|p1b: Passimian|spd|1\n|faint|p2a: Kingambit\n|\n|win|PatrikStarmie\n|raw|PatrikStarmie's rating: 1045 &rarr; <strong>1084</strong><br />(+39 for winning)\n|raw|Kipri's rating: 1104 &rarr; <strong>1075</strong><br />(-29 for losing)\n",
  "uploadtime": 1776512673,
  "views": 16,
  "formatid": "gen9championsvgc2026regma",
  "rating": 1075,
  "private": 0,
  "password": null
}