{
  "id": "gen9championsvgc2026regma-2588038705",
  "format": "[Gen 9 Champions] VGC 2026 Reg M-A",
  "players": [
    "keresclover",
    "CGalaxy420"
  ],
  "log": "|j|\u2606keresclover\n|j|\u2606CGalaxy420\n|t:|1776596537\n|gametype|doubles\n|player|p1|keresclover|palmer|1000\n|player|p2|CGalaxy420|gentleman-gen4|1065\n|gen|9\n|tier|[Gen 9 Champions] VGC 2026 Reg M-A\n|rated|\n|rule|Species Clause: Limit one of each Pok\u00e9mon\n|rule|Item Clause: Limit 1 of each item\n|clearpoke\n|poke|p1|Dragapult, L50, M|\n|poke|p1|Aggron, L50, F|\n|poke|p1|Whimsicott, L50, M|\n|poke|p1|Incineroar, L50, F|\n|poke|p1|Sneasler, L50, F|\n|poke|p1|Aurorus, L50, F|\n|poke|p2|Excadrill, L50, M|\n|poke|p2|Tyranitar, L50, F|\n|poke|p2|Rotom-Wash, L50|\n|poke|p2|Incineroar, L50, F|\n|poke|p2|Corviknight, L50, F|\n|poke|p2|Sneasler, L50, M|\n|teampreview|4\n|inactive|Battle timer is ON: inactive players will automatically lose when time's up. (requested by CGalaxy420)\n|\n|t:|1776596557\n|teamsize|p1|4\n|teamsize|p2|4\n|start\n|switch|p1a: Aggron|Aggron, L50, F|100/100\n|switch|p1b: Whimsicott|Whimsicott, L50, M|100/100\n|switch|p2a: Excadrill|Excadrill, L50, M|100/100\n|switch|p2b: Tyranitar|Tyranitar, L50, F|100/100\n|-weather|Sandstorm|[from] ability: Sand Stream|[of] p2b: Tyranitar\n|turn|1\n|\n|t:|1776596578\n|detailschange|p2a: Excadrill|Excadrill-Mega, L50, M\n|-mega|p2a: Excadrill|Excadrill|Excadrite\n|detailschange|p1a: Aggron|Aggron-Mega, L50, F\n|-mega|p1a: Aggron|Aggron|Aggronite\n|move|p2a: Excadrill|Iron Head|p1b: Whimsicott\n|-supereffective|p1b: Whimsicott|1\n|-damage|p1b: Whimsicott|0 fnt\n|faint|p1b: Whimsicott\n|move|p2b: Tyranitar|High Horsepower|p1a: Aggron\n|-supereffective|p1a: Aggron|1\n|-damage|p1a: Aggron|69/100\n|move|p1a: Aggron|Iron Defense|p1a: Aggron\n|-boost|p1a: Aggron|def|2\n|\n|-weather|Sandstorm|[upkeep]\n|upkeep\n|\n|t:|1776596591\n|switch|p1b: Incineroar|Incineroar, L50, F|100/100\n|-ability|p1b: Incineroar|Intimidate|boost\n|-unboost|p2a: Excadrill|atk|1\n|-unboost|p2b: Tyranitar|atk|1\n|turn|2\n|inactive|keresclover has 30 seconds left.\n|inactive|keresclover has 20 seconds left.\n|\n|t:|1776596628\n|move|p1b: Incineroar|Fake Out|p2b: Tyranitar\n|-resisted|p2b: Tyranitar|1\n|-damage|p2b: Tyranitar|96/100\n|move|p2a: Excadrill|Drill Run|p1a: Aggron\n|-supereffective|p1a: Aggron|1\n|-damage|p1a: Aggron|54/100\n|cant|p2b: Tyranitar|flinch\n|move|p1a: Aggron|Body Press|p2b: Tyranitar\n|-supereffective|p2b: Tyranitar|2\n|-damage|p2b: Tyranitar|0 fnt\n|faint|p2b: Tyranitar\n|\n|-weather|Sandstorm|[upkeep]\n|-damage|p1b: Incineroar|95/100|[from] Sandstorm\n|upkeep\n|\n|t:|1776596641\n|switch|p2b: Corviknight|Corviknight, L50, F|100/100\n|turn|3\n|\n|t:|1776596658\n|move|p2a: Excadrill|Drill Run|p1b: Incineroar\n|-supereffective|p1b: Incineroar|1\n|-crit|p1b: Incineroar\n|-damage|p1b: Incineroar|0 fnt\n|faint|p1b: Incineroar\n|move|p2b: Corviknight|Iron Defense|p2b: Corviknight\n|-boost|p2b: Corviknight|def|2\n|move|p1a: Aggron|Iron Defense|p1a: Aggron\n|-boost|p1a: Aggron|def|2\n|\n|-weather|Sandstorm|[upkeep]\n|upkeep\n|\n|t:|1776596662\n|switch|p1b: Dragapult|Dragapult, L50, M|100/100\n|turn|4\n|\n|t:|1776596677\n|move|p1b: Dragapult|Will-O-Wisp|p2b: Corviknight|[miss]\n|-miss|p1b: Dragapult|p2b: Corviknight\n|move|p2a: Excadrill|Drill Run|p1b: Dragapult\n|-damage|p1b: Dragapult|53/100\n|move|p2b: Corviknight|Iron Defense|p2b: Corviknight\n|-boost|p2b: Corviknight|def|2\n|move|p1a: Aggron|Body Press|p2a: Excadrill\n|-supereffective|p2a: Excadrill|1\n|-damage|p2a: Excadrill|0 fnt\n|faint|p2a: Excadrill\n|\n|-weather|Sandstorm|[upkeep]\n|-damage|p1b: Dragapult|47/100|[from] Sandstorm\n|-enditem|p1b: Dragapult|Sitrus Berry|[eat]\n|-heal|p1b: Dragapult|71/100|[from] item: Sitrus Berry\n|upkeep\n|\n|t:|1776596687\n|switch|p2a: Incineroar|Incineroar, L50, F|100/100\n|-ability|p2a: Incineroar|Intimidate|boost\n|-unboost|p1a: Aggron|atk|1\n|-fail|p1b: Dragapult|unboost|[from] ability: Clear Body|[of] p1b: Dragapult\n|turn|5\n|\n|t:|1776596698\n|move|p1b: Dragapult|Will-O-Wisp|p2b: Corviknight\n|-status|p2b: Corviknight|brn\n|move|p2b: Corviknight|Body Press|p1a: Aggron\n|-supereffective|p1a: Aggron|1\n|-damage|p1a: Aggron|43/100\n|move|p2a: Incineroar|Darkest Lariat|p1b: Dragapult\n|-supereffective|p1b: Dragapult|1\n|-damage|p1b: Dragapult|0 fnt\n|faint|p1b: Dragapult\n|move|p1a: Aggron|Body Press|p2a: Incineroar\n|-supereffective|p2a: Incineroar|1\n|-damage|p2a: Incineroar|0 fnt\n|faint|p2a: Incineroar\n|\n|-weather|none\n|-damage|p2b: Corviknight|95/100 brn|[from] brn\n|upkeep\n|turn|6\n|\n|t:|1776596712\n|move|p2b: Corviknight|Body Press|p1a: Aggron\n|-supereffective|p1a: Aggron|1\n|-damage|p1a: Aggron|32/100\n|move|p1a: Aggron|Body Press|p2b: Corviknight\n|-damage|p2b: Corviknight|58/100 brn\n|\n|-damage|p2b: Corviknight|53/100 brn|[from] brn\n|upkeep\n|turn|7\n|\n|t:|1776596720\n|move|p2b: Corviknight|Body Press|p1a: Aggron\n|-supereffective|p1a: Aggron|1\n|-damage|p1a: Aggron|21/100\n|move|p1a: Aggron|Body Press|p2b: Corviknight\n|-damage|p2b: Corviknight|21/100 brn\n|\n|-damage|p2b: Corviknight|15/100 brn|[from] brn\n|upkeep\n|turn|8\n|\n|t:|1776596728\n|move|p2b: Corviknight|Body Press|p1a: Aggron\n|-supereffective|p1a: Aggron|1\n|-damage|p1a: Aggron|10/100\n|move|p1a: Aggron|Body Press|p2b: Corviknight\n|-damage|p2b: Corviknight|0 fnt\n|faint|p2b: Corviknight\n|\n|win|keresclover\n|raw|keresclover's rating: 1000 &rarr; <strong>1047</strong><br />(+47 for winning)\n|raw|CGalaxy420's rating: 1065 &rarr; <strong>1042</strong><br />(-23 for losing)\n|l|\u2606CGalaxy420\n|player|p2|\n",
  "uploadtime": 1776596744,
  "views": 12,
  "formatid": "gen9championsvgc2026regma",
  "rating": 1042,
  "private": 0,
  "password": null
}