{
  "id": "gen9championsvgc2026regma-2585603508",
  "format": "[Gen 9 Champions] VGC 2026 Reg M-A",
  "players": [
    "Afr1995",
    "Frenchtoast12"
  ],
  "log": "|j|\u2606Afr1995\n|j|\u2606Frenchtoast12\n|t:|1776358297\n|gametype|doubles\n|player|p1|Afr1995|266|1069\n|player|p2|Frenchtoast12|169|1000\n|gen|9\n|tier|[Gen 9 Champions] VGC 2026 Reg M-A\n|rated|\n|rule|Species Clause: Limit one of each Pok\u00e9mon\n|rule|Item Clause: Limit 1 of each item\n|clearpoke\n|poke|p1|Dragonite, L50, F|\n|poke|p1|Starmie, L50|\n|poke|p1|Pelipper, L50, M|\n|poke|p1|Basculegion, L50, M|\n|poke|p1|Incineroar, L50, M|\n|poke|p1|Sneasler, L50, F|\n|poke|p2|Starmie, L50|\n|poke|p2|Sneasler, L50, F|\n|poke|p2|Incineroar, L50, M|\n|poke|p2|Milotic, L50, M|\n|poke|p2|Garchomp, L50, M|\n|poke|p2|Farigiraf, L50, M|\n|teampreview|4\n|inactive|Battle timer is ON: inactive players will automatically lose when time's up. (requested by Frenchtoast12)\nAfr1995 rejected open team sheets.\n|inactive|Frenchtoast12 has 60 seconds left.\n|\n|t:|1776358380\n|teamsize|p1|4\n|teamsize|p2|4\n|start\n|switch|p1a: Incineroar|Incineroar, L50, M|100/100\n|switch|p1b: Sneasler|Sneasler, L50, F|100/100\n|switch|p2a: Milotic|Milotic, L50, M|100/100\n|switch|p2b: Farigiraf|Farigiraf, L50, M|100/100\n|-ability|p1a: Incineroar|Intimidate|boost\n|-unboost|p2a: Milotic|atk|1\n|-ability|p2a: Milotic|Competitive|boost\n|-boost|p2a: Milotic|spa|2\n|-unboost|p2b: Farigiraf|atk|1\n|turn|1\n|\n|t:|1776358404\n|move|p2b: Farigiraf|Protect|p2b: Farigiraf\n|-singleturn|p2b: Farigiraf|Protect\n|move|p1b: Sneasler|Dire Claw|p2a: Milotic\n|-damage|p2a: Milotic|61/100\n|-status|p2a: Milotic|psn\n|move|p2a: Milotic|Icy Wind|p1a: Incineroar|[spread] p1a,p1b\n|-resisted|p1a: Incineroar|1\n|-damage|p1a: Incineroar|92/100\n|-damage|p1b: Sneasler|71/100\n|-unboost|p1a: Incineroar|spe|1\n|-unboost|p1b: Sneasler|spe|1\n|-enditem|p1b: Sneasler|White Herb\n|-clearnegativeboost|p1b: Sneasler|[silent]\n|move|p1a: Incineroar|Parting Shot|p2b: Farigiraf\n|-activate|p2b: Farigiraf|move: Protect\n|\n|-heal|p2a: Milotic|67/100 psn|[from] item: Leftovers\n|-damage|p2a: Milotic|55/100 psn|[from] psn\n|upkeep\n|turn|2\n|inactive|Frenchtoast12 has 30 seconds left.\n|\n|t:|1776358430\n|move|p2a: Milotic|Protect|p2a: Milotic\n|-singleturn|p2a: Milotic|Protect\n|move|p1b: Sneasler|Dire Claw|p2b: Farigiraf\n|-damage|p2b: Farigiraf|62/100\n|move|p1a: Incineroar|Lash Out|p2b: Farigiraf\n|-supereffective|p2b: Farigiraf|1\n|-damage|p2b: Farigiraf|6/100\n|move|p2b: Farigiraf|Trick Room|p2b: Farigiraf\n|-fieldstart|move: Trick Room|[of] p2b: Farigiraf\n|\n|-heal|p2a: Milotic|61/100 psn|[from] item: Leftovers\n|-damage|p2a: Milotic|49/100 psn|[from] psn\n|upkeep\n|turn|3\n|inactive|Afr1995 has 30 seconds left.\n|\n|t:|1776358457\n|switch|p2b: Starmie|Starmie, L50|100/100\n|move|p1a: Incineroar|Lash Out|p2a: Milotic\n|-damage|p2a: Milotic|20/100 psn\n|move|p2a: Milotic|Scald|p1b: Sneasler\n|-damage|p1b: Sneasler|0 fnt\n|faint|p1b: Sneasler\n|\n|-heal|p2a: Milotic|26/100 psn|[from] item: Leftovers\n|-damage|p2a: Milotic|14/100 psn|[from] psn\n|upkeep\n|\n|t:|1776358477\n|switch|p1b: Dragonite|Dragonite, L50, F|100/100\n|turn|4\n|inactive|Frenchtoast12 has 30 seconds left.\n|\n|t:|1776358507\n|switch|p1a: Pelipper|Pelipper, L50, M|100/100\n|-weather|RainDance|[from] ability: Drizzle|[of] p1a: Pelipper\n|detailschange|p1b: Dragonite|Dragonite-Mega, L50, F\n|-mega|p1b: Dragonite|Dragonite|Dragoninite\n|detailschange|p2b: Starmie|Starmie-Mega, L50\n|-mega|p2b: Starmie|Starmie|Starminite\n|move|p2b: Starmie|Aqua Jet|p1a: Pelipper\n|-resisted|p1a: Pelipper|1\n|-damage|p1a: Pelipper|72/100\n|move|p2a: Milotic|Life Dew||[still]|[spread] p2a,p2b\n|-heal|p2a: Milotic|39/100 psn\n|-fail|p2b: Starmie|heal\n|move|p1b: Dragonite|Thunder|p2b: Starmie\n|-supereffective|p2b: Starmie|1\n|-crit|p2b: Starmie\n|-damage|p2b: Starmie|0 fnt\n|faint|p2b: Starmie\n|\n|-weather|RainDance|[upkeep]\n|-heal|p2a: Milotic|45/100 psn|[from] item: Leftovers\n|-damage|p2a: Milotic|33/100 psn|[from] psn\n|upkeep\n|inactive|Frenchtoast12 has 30 seconds left.\n|\n|t:|1776358536\n|switch|p2b: Farigiraf|Farigiraf, L50, M|6/100\n|turn|5\n|\n|t:|1776358550\n|move|p2b: Farigiraf|Psychic Noise|p1b: Dragonite\n|-damage|p1b: Dragonite|90/100\n|-start|p1b: Dragonite|move: Heal Block\n|move|p2a: Milotic|Icy Wind|p1a: Pelipper|[spread] p1a,p1b\n|-supereffective|p1b: Dragonite|2\n|-damage|p1a: Pelipper|32/100\n|-damage|p1b: Dragonite|25/100\n|-unboost|p1a: Pelipper|spe|1\n|-unboost|p1b: Dragonite|spe|1\n|move|p1b: Dragonite|Heat Wave|p2a: Milotic|[spread] p2a,p2b\n|-resisted|p2a: Milotic|1\n|-damage|p2a: Milotic|28/100 psn\n|-damage|p2b: Farigiraf|0 fnt\n|faint|p2b: Farigiraf\n|move|p1a: Pelipper|Hurricane|p2a: Milotic\n|-damage|p2a: Milotic|4/100 psn\n|\n|-weather|RainDance|[upkeep]\n|-heal|p2a: Milotic|10/100 psn|[from] item: Leftovers\n|-damage|p2a: Milotic|0 fnt|[from] psn\n|faint|p2a: Milotic\n|upkeep\n|\n|t:|1776358571\n|switch|p2a: Sneasler|Sneasler, L50, F|100/100\n|turn|6\n|\n|t:|1776358584\n|move|p2a: Sneasler|Fake Out|p1b: Dragonite\n|-damage|p1b: Dragonite|14/100\n|cant|p1b: Dragonite|flinch\n|move|p1a: Pelipper|Tailwind|p1a: Pelipper\n|-sidestart|p1: Afr1995|move: Tailwind\n|\n|-weather|RainDance|[upkeep]\n|-end|p1b: Dragonite|move: Heal Block\n|-fieldend|move: Trick Room\n|upkeep\n|turn|7\n|-message|Frenchtoast12 forfeited.\n|\n|win|Afr1995\n|raw|Afr1995's rating: 1069 &rarr; <strong>1093</strong><br />(+24 for winning)\n|raw|Frenchtoast12's rating: 1000 &rarr; <strong>1000</strong><br />(+0 for losing)\n|l|\u2606Frenchtoast12\n|player|p2|\n",
  "uploadtime": 1776358602,
  "views": 23,
  "formatid": "gen9championsvgc2026regma",
  "rating": 1000,
  "private": 0,
  "password": null
}