{
  "id": "gen9championsvgc2026regma-2585864277",
  "format": "[Gen 9 Champions] VGC 2026 Reg M-A",
  "players": [
    "askeru",
    "Zheroo19"
  ],
  "log": "|j|\u2606askeru\n|j|\u2606Zheroo19\n|t:|1776376569\n|gametype|doubles\n|player|p1|askeru|aromalady|1095\n|player|p2|Zheroo19|170|1172\n|gen|9\n|tier|[Gen 9 Champions] VGC 2026 Reg M-A\n|rated|\n|rule|Species Clause: Limit one of each Pok\u00e9mon\n|rule|Item Clause: Limit 1 of each item\n|clearpoke\n|poke|p1|Gardevoir, L50, F|\n|poke|p1|Umbreon, L50, M|\n|poke|p1|Ninetales, L50, M|\n|poke|p1|Clefable, L50, F|\n|poke|p1|Sneasler, L50, F|\n|poke|p1|Corviknight, L50, M|\n|poke|p2|Tyranitar, L50, M|\n|poke|p2|Excadrill, L50, M|\n|poke|p2|Incineroar, L50, M|\n|poke|p2|Milotic, L50, M|\n|poke|p2|Sinistcha, L50|\n|poke|p2|Drampa, L50, F|\n|teampreview|4\naskeru rejected open team sheets.\n|\n|t:|1776376631\n|teamsize|p1|4\n|teamsize|p2|4\n|start\n|switch|p1a: Gardevoir|Gardevoir, L50, F|100/100\n|switch|p1b: Corviknight|Corviknight, L50, M|100/100\n|switch|p2a: Incineroar|Incineroar, L50, M|100/100\n|switch|p2b: Sinistcha|Sinistcha, L50|100/100\n|-ability|p1a: Gardevoir|Intimidate|Trace|[from] ability: Trace|[of] p2a: Incineroar\n|-ability|p1a: Gardevoir|Intimidate|boost\n|-unboost|p2a: Incineroar|atk|1\n|-unboost|p2b: Sinistcha|atk|1\n|-ability|p2a: Incineroar|Intimidate|boost\n|-unboost|p1a: Gardevoir|atk|1\n|-ability|p1b: Corviknight|Mirror Armor\n|-unboost|p2a: Incineroar|atk|1\n|-enditem|p2b: Sinistcha|White Herb\n|-clearnegativeboost|p2b: Sinistcha|[silent]\n|turn|1\n|\n|t:|1776376676\n|switch|p1a: Ninetales|Ninetales, L50, M|100/100\n|-weather|SunnyDay|[from] ability: Drought|[of] p1a: Ninetales\n|switch|p2b: Excadrill|Excadrill, L50, M|100/100\n|move|p2a: Incineroar|Fake Out|p1a: Ninetales\n|-damage|p1a: Ninetales|94/100\n|move|p1b: Corviknight|Tailwind|p1b: Corviknight\n|-sidestart|p1: askeru|move: Tailwind\n|\n|-weather|SunnyDay|[upkeep]\n|upkeep\n|turn|2\n|\n|t:|1776376706\n|detailschange|p2b: Excadrill|Excadrill-Mega, L50, M\n|-mega|p2b: Excadrill|Excadrill|Excadrite\n|move|p2b: Excadrill|Protect|p2b: Excadrill\n|-singleturn|p2b: Excadrill|Protect\n|move|p1a: Ninetales|Mystical Fire|p2b: Excadrill\n|-activate|p2b: Excadrill|move: Protect\n|move|p1b: Corviknight|Brave Bird|p2a: Incineroar\n|-damage|p2a: Incineroar|61/100\n|-damage|p1b: Corviknight|88/100|[from] Recoil\n|move|p2a: Incineroar|Flare Blitz|p1b: Corviknight\n|-supereffective|p1b: Corviknight|1\n|-enditem|p1b: Corviknight|Occa Berry|[eat]\n|-enditem|p1b: Corviknight|Occa Berry|[weaken]\n|-damage|p1b: Corviknight|60/100\n|-damage|p2a: Incineroar|51/100|[from] Recoil\n|\n|-weather|SunnyDay|[upkeep]\n|-heal|p2a: Incineroar|57/100|[from] item: Leftovers\n|upkeep\n|turn|3\n|\n|t:|1776376742\n|switch|p1b: Gardevoir|Gardevoir, L50, F|100/100\n|-ability|p1b: Gardevoir|Intimidate|Trace|[from] ability: Trace|[of] p2a: Incineroar\n|-ability|p1b: Gardevoir|Intimidate|boost\n|-unboost|p2a: Incineroar|atk|1\n|-unboost|p2b: Excadrill|atk|1\n|switch|p2b: Tyranitar|Tyranitar, L50, M|100/100\n|-weather|Sandstorm|[from] ability: Sand Stream|[of] p2b: Tyranitar\n|move|p1a: Ninetales|Mystical Fire|p2b: Tyranitar\n|-resisted|p2b: Tyranitar|1\n|-damage|p2b: Tyranitar|93/100\n|-unboost|p2b: Tyranitar|spa|1\n|move|p2a: Incineroar|Parting Shot|p1a: Ninetales\n|-unboost|p1a: Ninetales|atk|1\n|-unboost|p1a: Ninetales|spa|1\n|\n|t:|1776376769\n|switch|p2a: Excadrill|Excadrill-Mega, L50, M|100/100|[from] Parting Shot\n|\n|-weather|Sandstorm|[upkeep]\n|-damage|p1a: Ninetales|88/100|[from] Sandstorm\n|-damage|p1b: Gardevoir|95/100|[from] Sandstorm\n|upkeep\n|turn|4\n|\n|t:|1776376809\n|detailschange|p1b: Gardevoir|Gardevoir-Mega, L50, F\n|-mega|p1b: Gardevoir|Gardevoir|Gardevoirite\n|move|p2a: Excadrill|Protect|p2a: Excadrill\n|-singleturn|p2a: Excadrill|Protect\n|move|p1a: Ninetales|Mystical Fire|p2a: Excadrill\n|-activate|p2a: Excadrill|move: Protect\n|move|p1b: Gardevoir|Hyper Voice|p2a: Excadrill|[spread] p2b\n|-activate|p2a: Excadrill|move: Protect\n|-supereffective|p2b: Tyranitar|1\n|-damage|p2b: Tyranitar|35/100\n|move|p2b: Tyranitar|Rock Slide|p1b: Gardevoir|[spread] p1a,p1b\n|-supereffective|p1a: Ninetales|1\n|-damage|p1a: Ninetales|13/100\n|-damage|p1b: Gardevoir|52/100\n|\n|-weather|Sandstorm|[upkeep]\n|-damage|p1a: Ninetales|7/100|[from] Sandstorm\n|-damage|p1b: Gardevoir|46/100|[from] Sandstorm\n|-sideend|p1: askeru|move: Tailwind\n|upkeep\n|turn|5\n|\n|t:|1776376847\n|switch|p1a: Clefable|Clefable, L50, F|100/100\n|move|p1b: Gardevoir|Protect|p1b: Gardevoir\n|-singleturn|p1b: Gardevoir|Protect\n|move|p2a: Excadrill|Iron Head|p1b: Gardevoir\n|-supereffective|p1b: Gardevoir|1\n|-ability|p2a: Excadrill|Piercing Drill\n|-zbroken|p1b: Gardevoir\n|-damage|p1b: Gardevoir|7/100\n|move|p2b: Tyranitar|Rock Slide|p1b: Gardevoir|[spread] p1a\n|-activate|p1b: Gardevoir|move: Protect\n|-damage|p1a: Clefable|73/100\n|\n|-weather|Sandstorm|[upkeep]\n|-damage|p1b: Gardevoir|2/100|[from] Sandstorm\n|-damage|p1a: Clefable|67/100|[from] Sandstorm\n|upkeep\n|turn|6\n|inactive|Battle timer is ON: inactive players will automatically lose when time's up. (requested by askeru)\n|\n|t:|1776376897\n|move|p1a: Clefable|Follow Me|p1a: Clefable\n|-singleturn|p1a: Clefable|move: Follow Me\n|move|p2a: Excadrill|Rock Slide|p1a: Clefable|[spread] p1a\n|-miss|p2a: Excadrill|p1b: Gardevoir\n|-damage|p1a: Clefable|47/100\n|-enditem|p1a: Clefable|Sitrus Berry|[eat]\n|-heal|p1a: Clefable|71/100|[from] item: Sitrus Berry\n|move|p1b: Gardevoir|Hyper Voice|p2b: Tyranitar|[spread] p2a,p2b\n|-resisted|p2a: Excadrill|1\n|-supereffective|p2b: Tyranitar|1\n|-damage|p2a: Excadrill|62/100\n|-damage|p2b: Tyranitar|0 fnt\n|faint|p2b: Tyranitar\n|\n|-weather|Sandstorm|[upkeep]\n|-damage|p1b: Gardevoir|0 fnt|[from] Sandstorm\n|-damage|p1a: Clefable|65/100|[from] Sandstorm\n|faint|p1b: Gardevoir\n|upkeep\n|\n|t:|1776376917\n|switch|p1b: Corviknight|Corviknight, L50, M|60/100\n|switch|p2b: Sinistcha|Sinistcha, L50|100/100\n|-heal|p2a: Excadrill|87/100|[from] ability: Hospitality|[of] p2b: Sinistcha\n|turn|7\n|inactive|Zheroo19 has 30 seconds left.\n|\n|t:|1776376946\n|move|p1a: Clefable|Helping Hand|p1b: Corviknight\n|-singleturn|p1b: Corviknight|Helping Hand|[of] p1a: Clefable\n|move|p2a: Excadrill|Iron Head|p1a: Clefable\n|-supereffective|p1a: Clefable|1\n|-damage|p1a: Clefable|0 fnt\n|faint|p1a: Clefable\n|move|p2b: Sinistcha|Life Dew||[still]|[spread] p2a,p2b\n|-heal|p2a: Excadrill|100/100\n|-fail|p2b: Sinistcha|heal\n|move|p1b: Corviknight|Brave Bird|p2b: Sinistcha\n|-supereffective|p2b: Sinistcha|1\n|-damage|p2b: Sinistcha|0 fnt\n|faint|p2b: Sinistcha\n|-damage|p1b: Corviknight|32/100|[from] Recoil\n|\n|-weather|none\n|upkeep\n|\n|t:|1776376963\n|switch|p2b: Incineroar|Incineroar, L50, M|57/100\n|switch|p1a: Ninetales|Ninetales, L50, M|7/100\n|-weather|SunnyDay|[from] ability: Drought|[of] p1a: Ninetales\n|-ability|p2b: Incineroar|Intimidate|boost\n|-unboost|p1a: Ninetales|atk|1\n|-ability|p1b: Corviknight|Mirror Armor\n|-unboost|p2b: Incineroar|atk|1\n|turn|8\n|\n|t:|1776376982\n|move|p2a: Excadrill|Protect|p2a: Excadrill\n|-singleturn|p2a: Excadrill|Protect\n|move|p1a: Ninetales|Protect|p1a: Ninetales\n|-singleturn|p1a: Ninetales|Protect\n|move|p2b: Incineroar|Fake Out|p1a: Ninetales\n|-activate|p1a: Ninetales|move: Protect\n|move|p1b: Corviknight|Tailwind|p1b: Corviknight\n|-sidestart|p1: askeru|move: Tailwind\n|\n|-weather|SunnyDay|[upkeep]\n|-heal|p2b: Incineroar|62/100|[from] item: Leftovers\n|upkeep\n|turn|9\n|inactive|askeru has 30 seconds left.\n|inactive|Zheroo19 has 30 seconds left.\n|\n|t:|1776377008\n|move|p2a: Excadrill|Protect||[still]\n|-fail|p2a: Excadrill\n|move|p1a: Ninetales|Mystical Fire|p2a: Excadrill\n|-supereffective|p2a: Excadrill|1\n|-damage|p2a: Excadrill|0 fnt\n|faint|p2a: Excadrill\n|move|p1b: Corviknight|Roost|p1b: Corviknight\n|-heal|p1b: Corviknight|82/100\n|-singleturn|p1b: Corviknight|move: Roost\n|move|p2b: Incineroar|Flare Blitz|p1a: Ninetales\n|-resisted|p1a: Ninetales|1\n|-damage|p1a: Ninetales|0 fnt\n|faint|p1a: Ninetales\n|-damage|p2b: Incineroar|60/100|[from] Recoil\n|\n|-weather|SunnyDay|[upkeep]\n|-heal|p2b: Incineroar|66/100|[from] item: Leftovers\n|upkeep\n|turn|10\n|\n|t:|1776377030\n|move|p1b: Corviknight|Brave Bird|p2b: Incineroar\n|-damage|p2b: Incineroar|25/100\n|-damage|p1b: Corviknight|69/100|[from] Recoil\n|move|p2b: Incineroar|Flare Blitz|p1b: Corviknight\n|-supereffective|p1b: Corviknight|1\n|-damage|p1b: Corviknight|0 fnt\n|faint|p1b: Corviknight\n|-damage|p2b: Incineroar|0 fnt|[from] Recoil\n|faint|p2b: Incineroar\n|\n|win|Zheroo19\n|raw|askeru's rating: 1095 &rarr; <strong>1076</strong><br />(-19 for losing)\n|raw|Zheroo19's rating: 1172 &rarr; <strong>1192</strong><br />(+20 for winning)\n|c|\u2606askeru|gg\n|c|\u2606askeru|fkn banger that one\n",
  "uploadtime": 1776377076,
  "views": 16,
  "formatid": "gen9championsvgc2026regma",
  "rating": 1076,
  "private": 0,
  "password": null
}