{
  "id": "gen9championsvgc2026regma-2583335996",
  "format": "[Gen 9 Champions] VGC 2026 Reg M-A",
  "players": [
    "SHyperdestroyerVGC",
    "Synoptikkungen"
  ],
  "log": "|j|\u2606SHyperdestroyerVGC\n|j|\u2606Synoptikkungen\n|t:|1776168007\n|gametype|doubles\n|player|p1|SHyperdestroyerVGC|lady|1208\n|player|p2|Synoptikkungen|skier|1183\n|gen|9\n|tier|[Gen 9 Champions] VGC 2026 Reg M-A\n|rated|\n|rule|Species Clause: Limit one of each Pok\u00e9mon\n|rule|Item Clause: Limit 1 of each item\n|clearpoke\n|poke|p1|Charizard, L50, F|\n|poke|p1|Venusaur, L50, M|\n|poke|p1|Whimsicott, L50, M|\n|poke|p1|Kingambit, L50, F|\n|poke|p1|Kommo-o, L50, F|\n|poke|p1|Typhlosion-Hisui, L50, F|\n|poke|p2|Pelipper, L50, F|\n|poke|p2|Stunfisk, L50, F|\n|poke|p2|Dragonite, L50, F|\n|poke|p2|Sharpedo, L50, F|\n|poke|p2|Hydrapple, L50, F|\n|poke|p2|Liepard, L50, M|\n|teampreview|4\nSHyperdestroyerVGC has agreed to open team sheets.\n|\n|t:|1776168060\n|teamsize|p1|4\n|teamsize|p2|4\n|start\n|switch|p1a: Charizard|Charizard, L50, F|100/100\n|switch|p1b: Kingambit|Kingambit, L50, F|100/100\n|switch|p2a: Stunfisk|Stunfisk, L50, F|100/100\n|switch|p2b: Sharpedo|Sharpedo, L50, F|100/100\n|turn|1\n|\n|t:|1776168077\n|move|p1a: Charizard|Protect|p1a: Charizard\n|-singleturn|p1a: Charizard|Protect\n|move|p2b: Sharpedo|Protect|p2b: Sharpedo\n|-singleturn|p2b: Sharpedo|Protect\n|move|p1b: Kingambit|Swords Dance|p1b: Kingambit\n|-boost|p1b: Kingambit|atk|2\n|move|p2a: Stunfisk|Earth Power|p1b: Kingambit\n|-supereffective|p1b: Kingambit|1\n|-damage|p1b: Kingambit|29/100\n|\n|-ability|p2b: Sharpedo|Speed Boost|boost\n|-boost|p2b: Sharpedo|spe|1\n|upkeep\n|turn|2\n|\n|t:|1776168094\n|detailschange|p1a: Charizard|Charizard-Mega-Y, L50, F\n|-mega|p1a: Charizard|Charizard|Charizardite Y\n|-weather|SunnyDay|[from] ability: Drought|[of] p1a: Charizard\n|move|p2b: Sharpedo|Liquidation|p1b: Kingambit\n|-damage|p1b: Kingambit|13/100\n|-unboost|p1b: Kingambit|def|1\n|-ability|p1b: Kingambit|Defiant|boost\n|-boost|p1b: Kingambit|atk|2\n|move|p1a: Charizard|Heat Wave|p2b: Sharpedo|[spread] p2a\n|-miss|p1a: Charizard|p2b: Sharpedo\n|-damage|p2a: Stunfisk|47/100\n|move|p1b: Kingambit|Kowtow Cleave|p2a: Stunfisk\n|-damage|p2a: Stunfisk|0 fnt\n|-status|p1b: Kingambit|par|[from] ability: Static|[of] p2a: Stunfisk\n|faint|p2a: Stunfisk\n|\n|-weather|SunnyDay|[upkeep]\n|-ability|p2b: Sharpedo|Speed Boost|boost\n|-boost|p2b: Sharpedo|spe|1\n|upkeep\n|\n|t:|1776168109\n|switch|p2a: Pelipper|Pelipper, L50, F|100/100\n|-weather|RainDance|[from] ability: Drizzle|[of] p2a: Pelipper\n|turn|3\n|\n|t:|1776168124\n|switch|p1a: Venusaur|Venusaur, L50, M|100/100\n|move|p1b: Kingambit|Sucker Punch||[still]\n|-fail|p1b: Kingambit\n|move|p2b: Sharpedo|Liquidation|p1a: Venusaur\n|-resisted|p1a: Venusaur|1\n|-damage|p1a: Venusaur|61/100\n|move|p2a: Pelipper|Tailwind|p2a: Pelipper\n|-sidestart|p2: Synoptikkungen|move: Tailwind\n|\n|-weather|RainDance|[upkeep]\n|-ability|p2b: Sharpedo|Speed Boost|boost\n|-boost|p2b: Sharpedo|spe|1\n|upkeep\n|turn|4\n|\n|t:|1776168147\n|switch|p1b: Charizard|Charizard-Mega-Y, L50, F|100/100\n|-weather|SunnyDay|[from] ability: Drought|[of] p1b: Charizard\n|move|p2b: Sharpedo|Aqua Jet|p1b: Charizard\n|-supereffective|p1b: Charizard|1\n|-damage|p1b: Charizard|78/100\n|move|p1a: Venusaur|Sleep Powder|p2b: Sharpedo\n|-status|p2b: Sharpedo|slp|[from] move: Sleep Powder\n|move|p2a: Pelipper|Hurricane|p1a: Venusaur|[miss]\n|-miss|p2a: Pelipper|p1a: Venusaur\n|\n|-weather|SunnyDay|[upkeep]\n|-ability|p2b: Sharpedo|Speed Boost|boost\n|-boost|p2b: Sharpedo|spe|1\n|upkeep\n|turn|5\n|\n|t:|1776168178\n|cant|p2b: Sharpedo|slp\n|move|p1a: Venusaur|Energy Ball|p2a: Pelipper\n|-damage|p2a: Pelipper|51/100\n|move|p2a: Pelipper|Hurricane|p1a: Venusaur|[miss]\n|-miss|p2a: Pelipper|p1a: Venusaur\n|move|p1b: Charizard|Air Slash|p2a: Pelipper\n|-damage|p2a: Pelipper|0 fnt\n|faint|p2a: Pelipper\n|\n|-weather|SunnyDay|[upkeep]\n|-ability|p2b: Sharpedo|Speed Boost|boost\n|-boost|p2b: Sharpedo|spe|1\n|upkeep\n|\n|t:|1776168186\n|switch|p2a: Dragonite|Dragonite, L50, F|100/100\n|turn|6\n|\n|t:|1776168204\n|detailschange|p2a: Dragonite|Dragonite-Mega, L50, F\n|-mega|p2a: Dragonite|Dragonite|Dragoninite\n|cant|p2b: Sharpedo|slp\n|move|p2a: Dragonite|Dragon Pulse|p1a: Venusaur\n|-damage|p1a: Venusaur|11/100\n|move|p1a: Venusaur|Sludge Bomb|p2a: Dragonite\n|-damage|p2a: Dragonite|83/100\n|-status|p2a: Dragonite|psn\n|move|p1b: Charizard|Air Slash|p2a: Dragonite\n|-damage|p2a: Dragonite|47/100 psn\n|\n|-weather|SunnyDay|[upkeep]\n|-damage|p2a: Dragonite|35/100 psn|[from] psn\n|-sideend|p2: Synoptikkungen|move: Tailwind\n|-ability|p2b: Sharpedo|Speed Boost|boost\n|-boost|p2b: Sharpedo|spe|1\n|upkeep\n|turn|7\n|\n|t:|1776168227\n|-curestatus|p2b: Sharpedo|slp|[msg]\n|move|p2b: Sharpedo|Liquidation|p1b: Charizard\n|-supereffective|p1b: Charizard|1\n|-damage|p1b: Charizard|28/100\n|move|p1a: Venusaur|Energy Ball|p2b: Sharpedo\n|-supereffective|p2b: Sharpedo|1\n|-enditem|p2b: Sharpedo|Focus Sash\n|-damage|p2b: Sharpedo|1/100\n|move|p2a: Dragonite|Dragon Pulse|p1a: Venusaur\n|-damage|p1a: Venusaur|0 fnt\n|faint|p1a: Venusaur\n|move|p1b: Charizard|Air Slash|p2a: Dragonite\n|-crit|p2a: Dragonite\n|-damage|p2a: Dragonite|0 fnt\n|faint|p2a: Dragonite\n|\n|-weather|SunnyDay|[upkeep]\n|upkeep\n|-message|Synoptikkungen forfeited.\n|\n|win|SHyperdestroyerVGC\n|raw|SHyperdestroyerVGC's rating: 1208 &rarr; <strong>1231</strong><br />(+23 for winning)\n|raw|Synoptikkungen's rating: 1183 &rarr; <strong>1160</strong><br />(-23 for losing)\n|l|\u2606Synoptikkungen\n|player|p2|\n",
  "uploadtime": 1776168250,
  "views": 15,
  "formatid": "gen9championsvgc2026regma",
  "rating": 1160,
  "private": 0,
  "password": null
}