{
  "id": "gen9championsvgc2026regma-2583106725",
  "format": "[Gen 9 Champions] VGC 2026 Reg M-A",
  "players": [
    "lakhrahnaz",
    "blareposeidon"
  ],
  "log": "|j|\u2606lakhrahnaz\n|j|\u2606blareposeidon\n|t:|1776142755\n|gametype|doubles\n|player|p1|lakhrahnaz|101|1152\n|player|p2|blareposeidon|169|1150\n|gen|9\n|tier|[Gen 9 Champions] VGC 2026 Reg M-A\n|rated|\n|rule|Species Clause: Limit one of each Pok\u00e9mon\n|rule|Item Clause: Limit 1 of each item\n|clearpoke\n|poke|p1|Gyarados, L50, M|\n|poke|p1|Sinistcha, L50|\n|poke|p1|Milotic, L50, M|\n|poke|p1|Clefable, L50, F|\n|poke|p1|Hydrapple, L50, F|\n|poke|p1|Basculegion, L50, M|\n|poke|p2|Gengar, L50, F|\n|poke|p2|Corviknight, L50, F|\n|poke|p2|Garchomp, L50, M|\n|poke|p2|Rotom-Wash, L50|\n|poke|p2|Meganium, L50, M|\n|poke|p2|Incineroar, L50, M|\n|teampreview|4\n|inactive|Battle timer is ON: inactive players will automatically lose when time's up. (requested by blareposeidon)\n|\n|t:|1776142780\n|teamsize|p1|4\n|teamsize|p2|4\n|start\n|switch|p1a: Milotic|Milotic, L50, M|100/100\n|switch|p1b: Hydrapple|Hydrapple, L50, F|100/100\n|switch|p2a: Gengar|Gengar, L50, F|100/100\n|switch|p2b: Corviknight|Corviknight, L50, F|100/100\n|-ability|p1b: Hydrapple|Supersweet Syrup\n|-unboost|p2a: Gengar|evasion|1\n|-ability|p2b: Corviknight|Mirror Armor\n|-unboost|p1b: Hydrapple|evasion|1\n|turn|1\n|\n|t:|1776142802\n|detailschange|p2a: Gengar|Gengar-Mega, L50, F\n|-mega|p2a: Gengar|Gengar|Gengarite\n|move|p2a: Gengar|Protect|p2a: Gengar\n|-singleturn|p2a: Gengar|Protect\n|move|p1a: Milotic|Dragon Cheer|p1b: Hydrapple\n|-start|p1b: Hydrapple|move: Dragon Cheer\n|move|p2b: Corviknight|Tailwind|p2b: Corviknight\n|-sidestart|p2: blareposeidon|move: Tailwind\n|move|p1b: Hydrapple|Earth Power|p2a: Gengar\n|-activate|p2a: Gengar|move: Protect\n|\n|upkeep\n|turn|2\n|\n|t:|1776142822\n|move|p2a: Gengar|Sludge Bomb|p1b: Hydrapple\n|-supereffective|p1b: Hydrapple|1\n|-damage|p1b: Hydrapple|0 fnt\n|faint|p1b: Hydrapple\n|move|p2b: Corviknight|Brave Bird|p1a: Milotic\n|-damage|p1a: Milotic|57/100\n|-damage|p2b: Corviknight|86/100|[from] Recoil\n|move|p1a: Milotic|Scald|p2b: Corviknight\n|-damage|p2b: Corviknight|53/100\n|\n|-heal|p2b: Corviknight|59/100|[from] item: Leftovers\n|-heal|p1a: Milotic|63/100|[from] item: Leftovers\n|upkeep\n|\n|t:|1776142836\n|switch|p1b: Basculegion|Basculegion, L50, M|100/100\n|turn|3\n|inactive|blareposeidon has 30 seconds left.\n|\n|t:|1776142863\n|move|p2a: Gengar|Protect|p2a: Gengar\n|-singleturn|p2a: Gengar|Protect\n|move|p2b: Corviknight|Protect|p2b: Corviknight\n|-singleturn|p2b: Corviknight|Protect\n|move|p1b: Basculegion|Phantom Force||[still]\n|-prepare|p1b: Basculegion|Phantom Force\n|move|p1a: Milotic|Scald|p2b: Corviknight\n|-activate|p2b: Corviknight|move: Protect\n|\n|-heal|p2b: Corviknight|64/100|[from] item: Leftovers\n|-heal|p1a: Milotic|69/100|[from] item: Leftovers\n|upkeep\n|turn|4\n|\n|t:|1776142881\n|switch|p2a: Rotom|Rotom-Wash, L50|100/100\n|switch|p2b: Garchomp|Garchomp, L50, M|100/100\n|move|p1b: Basculegion|Phantom Force|p2a: Rotom|[from] lockedmove\n|-damage|p2a: Rotom|27/100\n|-enditem|p2a: Rotom|Sitrus Berry|[eat]\n|-heal|p2a: Rotom|51/100|[from] item: Sitrus Berry\n|move|p1a: Milotic|Scald|p2b: Garchomp\n|-damage|p2b: Garchomp|66/100\n|-status|p2b: Garchomp|brn\n|\n|-heal|p1a: Milotic|75/100|[from] item: Leftovers\n|-damage|p2b: Garchomp|60/100 brn|[from] brn\n|-sideend|p2: blareposeidon|move: Tailwind\n|upkeep\n|turn|5\n|inactive|lakhrahnaz has 30 seconds left.\n|\n|t:|1776142907\n|move|p1b: Basculegion|Phantom Force||[still]\n|-prepare|p1b: Basculegion|Phantom Force\n|move|p2b: Garchomp|Earthquake|p1b: Basculegion|[spread] p1a\n|-miss|p2b: Garchomp|p1b: Basculegion\n|-immune|p2a: Rotom|[from] ability: Levitate\n|-damage|p1a: Milotic|50/100\n|move|p2a: Rotom|Thunderbolt|p1a: Milotic\n|-supereffective|p1a: Milotic|1\n|-crit|p1a: Milotic\n|-damage|p1a: Milotic|0 fnt\n|faint|p1a: Milotic\n|\n|-damage|p2b: Garchomp|53/100 brn|[from] brn\n|upkeep\n|\n|t:|1776142920\n|switch|p1a: Sinistcha|Sinistcha, L50|100/100\n|turn|6\n|inactive|blareposeidon has 30 seconds left.\n|\n|t:|1776142947\n|move|p1a: Sinistcha|Protect|p1a: Sinistcha\n|-singleturn|p1a: Sinistcha|Protect\n|move|p1b: Basculegion|Phantom Force|p2a: Rotom|[from] lockedmove\n|-damage|p2a: Rotom|0 fnt\n|faint|p2a: Rotom\n|move|p2b: Garchomp|Poison Jab|p1a: Sinistcha\n|-activate|p1a: Sinistcha|move: Protect\n|\n|-damage|p2b: Garchomp|47/100 brn|[from] brn\n|upkeep\n|\n|t:|1776142962\n|switch|p2a: Corviknight|Corviknight, L50, F|64/100\n|turn|7\n|\n|t:|1776142972\n|move|p1b: Basculegion|Phantom Force||[still]\n|-prepare|p1b: Basculegion|Phantom Force\n|move|p2b: Garchomp|Poison Jab|p1a: Sinistcha\n|-damage|p1a: Sinistcha|85/100\n|-status|p1a: Sinistcha|psn\n|move|p2a: Corviknight|Tailwind|p2a: Corviknight\n|-sidestart|p2: blareposeidon|move: Tailwind\n|move|p1a: Sinistcha|Matcha Gotcha|p2a: Corviknight|[spread] p2a,p2b\n|-resisted|p2a: Corviknight|2\n|-damage|p2a: Corviknight|60/100\n|-heal|p1a: Sinistcha|88/100 psn|[from] drain|[of] p2a: Corviknight\n|-damage|p2b: Garchomp|25/100 brn\n|-heal|p1a: Sinistcha|99/100 psn|[from] drain|[of] p2b: Garchomp\n|\n|-heal|p2a: Corviknight|65/100|[from] item: Leftovers\n|-damage|p1a: Sinistcha|88/100 psn|[from] psn\n|-damage|p2b: Garchomp|19/100 brn|[from] brn\n|upkeep\n|turn|8\n|inactive|lakhrahnaz has 30 seconds left.\n|inactive|blareposeidon has 30 seconds left.\n|inactive|lakhrahnaz has 20 seconds left.\n|inactive|lakhrahnaz has 15 seconds left.\n|inactive|lakhrahnaz has 10 seconds left.\n|inactive|lakhrahnaz has 5 seconds left.\n|\n|t:|1776143026\n|move|p1a: Sinistcha|Protect|p1a: Sinistcha\n|-singleturn|p1a: Sinistcha|Protect\n|move|p2b: Garchomp|Poison Jab|p1a: Sinistcha\n|-activate|p1a: Sinistcha|move: Protect\n|move|p2a: Corviknight|Brave Bird|p1a: Sinistcha\n|-activate|p1a: Sinistcha|move: Protect\n|move|p1b: Basculegion|Phantom Force|p2a: Corviknight|[from] lockedmove\n|-damage|p2a: Corviknight|14/100\n|\n|-heal|p2a: Corviknight|20/100|[from] item: Leftovers\n|-damage|p1a: Sinistcha|75/100 psn|[from] psn\n|-damage|p2b: Garchomp|12/100 brn|[from] brn\n|upkeep\n|turn|9\n|inactive|lakhrahnaz has 30 seconds left.\n|inactive|blareposeidon has 30 seconds left.\n|\n|t:|1776143055\n|switch|p2b: Gengar|Gengar-Mega, L50, F|100/100\n|move|p2a: Corviknight|Brave Bird|p1a: Sinistcha\n|-supereffective|p1a: Sinistcha|1\n|-damage|p1a: Sinistcha|0 fnt\n|faint|p1a: Sinistcha\n|-damage|p2a: Corviknight|0 fnt|[from] Recoil\n|faint|p2a: Corviknight\n|move|p1b: Basculegion|Phantom Force||[still]\n|-prepare|p1b: Basculegion|Phantom Force\n|\n|upkeep\n|\n|t:|1776143063\n|switch|p2a: Garchomp|Garchomp, L50, M|12/100 brn\n|turn|10\n|\n|t:|1776143072\n|move|p2b: Gengar|Shadow Ball|p1b: Basculegion|[miss]\n|-miss|p2b: Gengar|p1b: Basculegion\n|move|p2a: Garchomp|Poison Jab|p1b: Basculegion|[miss]\n|-miss|p2a: Garchomp|p1b: Basculegion\n|move|p1b: Basculegion|Phantom Force|p2a: Garchomp|[from] lockedmove\n|-damage|p2a: Garchomp|0 fnt\n|-damage|p1b: Basculegion|88/100|[from] ability: Rough Skin|[of] p2a: Garchomp\n|faint|p2a: Garchomp\n|\n|-sideend|p2: blareposeidon|move: Tailwind\n|upkeep\n|turn|11\n|\n|t:|1776143086\n|move|p1b: Basculegion|Phantom Force||[still]\n|-prepare|p1b: Basculegion|Phantom Force\n|move|p2b: Gengar|Shadow Ball|p1b: Basculegion|[miss]\n|-miss|p2b: Gengar|p1b: Basculegion\n|\n|upkeep\n|turn|12\n|-message|blareposeidon forfeited.\n|\n|win|lakhrahnaz\n|raw|lakhrahnaz's rating: 1152 &rarr; <strong>1177</strong><br />(+25 for winning)\n|raw|blareposeidon's rating: 1150 &rarr; <strong>1125</strong><br />(-25 for losing)\n|l|\u2606blareposeidon\n|player|p2|\n",
  "uploadtime": 1776143098,
  "views": 23,
  "formatid": "gen9championsvgc2026regma",
  "rating": 1125,
  "private": 0,
  "password": null
}