{
  "id": "gen9championsvgc2026regma-2585938981",
  "format": "[Gen 9 Champions] VGC 2026 Reg M-A",
  "players": [
    "seaslug",
    "Rogart"
  ],
  "log": "|j|\u2606seaslug\n|j|\u2606Rogart\n|t:|1776383266\n|gametype|doubles\n|player|p1|seaslug|hilbert|1107\n|player|p2|Rogart|blue|1103\n|gen|9\n|tier|[Gen 9 Champions] VGC 2026 Reg M-A\n|rated|\n|rule|Species Clause: Limit one of each Pok\u00e9mon\n|rule|Item Clause: Limit 1 of each item\n|clearpoke\n|poke|p1|Charizard, L50, F|\n|poke|p1|Maushold-Four, L50|\n|poke|p1|Sneasler, L50, M|\n|poke|p1|Garchomp, L50, M|\n|poke|p1|Whimsicott, L50, F|\n|poke|p1|Incineroar, L50, M|\n|poke|p2|Starmie, L50|\n|poke|p2|Volcarona, L50, F|\n|poke|p2|Aerodactyl, L50, F|\n|poke|p2|Sinistcha, L50|\n|poke|p2|Sneasler, L50, F|\n|poke|p2|Milotic, L50, M|\n|teampreview|4\n|\n|t:|1776383294\n|teamsize|p1|4\n|teamsize|p2|4\n|start\n|switch|p1a: Whimsicott|Whimsicott, L50, F, shiny|100/100\n|switch|p1b: Charizard|Charizard, L50, F|100/100\n|switch|p2a: Milotic|Milotic, L50, M|100/100\n|switch|p2b: Aerodactyl|Aerodactyl, L50, F|100/100\n|-ability|p2b: Aerodactyl|Unnerve\n|turn|1\n|\n|t:|1776383309\n|switch|p2a: Starmie|Starmie, L50|100/100\n|move|p1b: Charizard|Protect|p1b: Charizard\n|-singleturn|p1b: Charizard|Protect\n|move|p2b: Aerodactyl|Tailwind|p2b: Aerodactyl\n|-sidestart|p2: Rogart|move: Tailwind\n|move|p1a: Whimsicott|Moonblast|p2b: Aerodactyl\n|-crit|p2b: Aerodactyl\n|-damage|p2b: Aerodactyl|39/100\n|\n|upkeep\n|turn|2\n|\n|t:|1776383334\n|detailschange|p2a: Starmie|Starmie-Mega, L50\n|-mega|p2a: Starmie|Starmie|Starminite\n|detailschange|p1b: Charizard|Charizard-Mega-Y, L50, F\n|-mega|p1b: Charizard|Charizard|Charizardite Y\n|-weather|SunnyDay|[from] ability: Drought|[of] p1b: Charizard\n|move|p1a: Whimsicott|Encore|p2b: Aerodactyl\n|-start|p2b: Aerodactyl|Encore\n|-enditem|p2b: Aerodactyl|Mental Herb\n|-end|p2b: Aerodactyl|Encore\n|move|p2b: Aerodactyl|Rain Dance|p2b: Aerodactyl\n|-weather|RainDance\n|move|p2a: Starmie|Liquidation|p1b: Charizard\n|-supereffective|p1b: Charizard|1\n|-damage|p1b: Charizard|0 fnt\n|faint|p1b: Charizard\n|\n|-weather|RainDance|[upkeep]\n|upkeep\n|c|\u2606seaslug|asl;dkfja;slkdgja;lskdgja;ldsjgas\n|c|\u2606Rogart|you didnt expect that tech did you\n|\n|t:|1776383366\n|switch|p1b: Sneasler|Sneasler, L50, M|100/100\n|turn|3\n|\n|t:|1776383382\n|switch|p2b: Sneasler|Sneasler, L50, F|100/100\n|switch|p1a: Garchomp|Garchomp, L50, M|100/100\n|move|p1b: Sneasler|Protect|p1b: Sneasler\n|-singleturn|p1b: Sneasler|Protect\n|move|p2a: Starmie|Psycho Cut|p1b: Sneasler\n|-activate|p1b: Sneasler|move: Protect\n|\n|-weather|RainDance|[upkeep]\n|upkeep\n|turn|4\n|\n|t:|1776383400\n|switch|p1b: Whimsicott|Whimsicott, L50, F, shiny|100/100\n|move|p2b: Sneasler|Coaching|p2a: Starmie\n|-boost|p2a: Starmie|atk|1\n|-boost|p2a: Starmie|def|1\n|move|p2a: Starmie|Psycho Cut|p1b: Whimsicott\n|-enditem|p1b: Whimsicott|Focus Sash\n|-damage|p1b: Whimsicott|1/100\n|move|p1a: Garchomp|Earthquake|p2a: Starmie|[spread] p1b,p2a,p2b\n|-resisted|p1b: Whimsicott|1\n|-supereffective|p2b: Sneasler|1\n|-crit|p2b: Sneasler\n|-damage|p1b: Whimsicott|0 fnt\n|-damage|p2a: Starmie|65/100\n|-damage|p2b: Sneasler|0 fnt\n|faint|p1b: Whimsicott\n|faint|p2b: Sneasler\n|\n|-weather|RainDance|[upkeep]\n|-sideend|p2: Rogart|move: Tailwind\n|upkeep\n|\n|t:|1776383415\n|switch|p2b: Aerodactyl|Aerodactyl, L50, F|39/100\n|switch|p1b: Sneasler|Sneasler, L50, M|100/100\n|-ability|p2b: Aerodactyl|Unnerve\n|turn|5\n|\n|t:|1776383427\n|move|p2b: Aerodactyl|Tailwind|p2b: Aerodactyl\n|-sidestart|p2: Rogart|move: Tailwind\n|move|p2a: Starmie|Liquidation|p1a: Garchomp\n|-damage|p1a: Garchomp|0 fnt\n|-damage|p2a: Starmie|53/100|[from] ability: Rough Skin|[of] p1a: Garchomp\n|faint|p1a: Garchomp\n|move|p1b: Sneasler|Rock Tomb|p2a: Starmie\n|-damage|p2a: Starmie|31/100\n|-unboost|p2a: Starmie|spe|1\n|\n|-weather|RainDance|[upkeep]\n|upkeep\n|turn|6\n|\n|t:|1776383443\n|switch|p2b: Milotic|Milotic, L50, M|100/100\n|move|p2a: Starmie|Psycho Cut|p1b: Sneasler\n|-supereffective|p1b: Sneasler|2\n|-damage|p1b: Sneasler|0 fnt\n|faint|p1b: Sneasler\n|\n|win|Rogart\n|raw|seaslug's rating: 1107 &rarr; <strong>1082</strong><br />(-25 for losing)\n|raw|Rogart's rating: 1103 &rarr; <strong>1128</strong><br />(+25 for winning)\n|l|\u2606seaslug\n|player|p1|\n",
  "uploadtime": 1776383494,
  "views": 22,
  "formatid": "gen9championsvgc2026regma",
  "rating": 1082,
  "private": 0,
  "password": null
}