{
  "id": "gen9championsvgc2026regma-2583727513",
  "format": "[Gen 9 Champions] VGC 2026 Reg M-A",
  "players": [
    "Ckoqee",
    "PXGL"
  ],
  "log": "|j|\u2606Ckoqee\n|j|\u2606PXGL\n|t:|1776193599\n|gametype|doubles\n|player|p1|Ckoqee|169|\n|player|p2|PXGL|dancer|\n|gen|9\n|tier|[Gen 9 Champions] VGC 2026 Reg M-A\n|rule|Species Clause: Limit one of each Pok\u00e9mon\n|rule|Item Clause: Limit 1 of each item\n|clearpoke\n|poke|p1|Glimmora, L50, F|\n|poke|p1|Slowking-Galar, L50, M|\n|poke|p1|Sneasler, L50, M|\n|poke|p1|Toxapex, L50, M|\n|poke|p1|Gengar, L50, M|\n|poke|p1|Venusaur, L50, M|\n|poke|p2|Incineroar, L50, F|\n|poke|p2|Tyranitar, L50, F|\n|poke|p2|Hydreigon, L50, M|\n|poke|p2|Sableye, L50, F|\n|poke|p2|Umbreon, L50, F|\n|poke|p2|Kingambit, L50, F|\n|teampreview|4\n|\n|t:|1776193648\n|teamsize|p1|4\n|teamsize|p2|4\n|start\n|switch|p1a: Toxapex|Toxapex, L50, M|100/100\n|switch|p1b: Glimmora|Glimmora, L50, F|100/100\n|switch|p2a: Incineroar|Incineroar, L50, F, shiny|100/100\n|switch|p2b: Kingambit|Kingambit, L50, F|100/100\n|-ability|p2a: Incineroar|Intimidate|boost\n|-unboost|p1a: Toxapex|atk|1\n|-unboost|p1b: Glimmora|atk|1\n|turn|1\n|inactive|Battle timer is ON: inactive players will automatically lose when time's up. (requested by Ckoqee)\n|\n|t:|1776193675\n|move|p1b: Glimmora|Spiky Shield|p1b: Glimmora\n|-singleturn|p1b: Glimmora|move: Protect\n|move|p2b: Kingambit|Protect|p2b: Kingambit\n|-singleturn|p2b: Kingambit|Protect\n|move|p1a: Toxapex|Baneful Bunker|p1a: Toxapex\n|-singleturn|p1a: Toxapex|move: Protect\n|move|p2a: Incineroar|Parting Shot|p1b: Glimmora\n|-activate|p1b: Glimmora|move: Protect\n|\n|upkeep\n|turn|2\n|inactive|Ckoqee has 30 seconds left.\n|\n|t:|1776193709\n|move|p1b: Glimmora|Earth Power|p2b: Kingambit\n|-supereffective|p2b: Kingambit|1\n|-damage|p2b: Kingambit|38/100\n|move|p2a: Incineroar|Parting Shot|p1b: Glimmora\n|-unboost|p1b: Glimmora|atk|1\n|-unboost|p1b: Glimmora|spa|1\n|\n|t:|1776193723\n|switch|p2a: Umbreon|Umbreon, L50, F|100/100|[from] Parting Shot\n|move|p2b: Kingambit|Iron Head|p1b: Glimmora\n|-supereffective|p1b: Glimmora|1\n|-damage|p1b: Glimmora|4/100\n|-activate|p1b: Glimmora|ability: Toxic Debris\n|-sidestart|p2: PXGL|move: Toxic Spikes\n|-enditem|p1b: Glimmora|Sitrus Berry|[eat]\n|-heal|p1b: Glimmora|29/100|[from] item: Sitrus Berry\n|move|p1a: Toxapex|Toxic|p2a: Umbreon\n|-status|p2a: Umbreon|tox\n|\n|-damage|p2a: Umbreon|95/100 tox|[from] psn\n|upkeep\n|turn|3\n|inactive|PXGL has 30 seconds left.\n|\n|t:|1776193751\n|switch|p1a: Sneasler|Sneasler, L50, M|100/100\n|move|p2a: Umbreon|Helping Hand|p2b: Kingambit\n|-singleturn|p2b: Kingambit|Helping Hand|[of] p2a: Umbreon\n|move|p1b: Glimmora|Spiky Shield|p1b: Glimmora\n|-singleturn|p1b: Glimmora|move: Protect\n|move|p2b: Kingambit|Iron Head|p1a: Sneasler\n|-damage|p1a: Sneasler|0 fnt\n|faint|p1a: Sneasler\n|\n|-heal|p2a: Umbreon|100/100 tox|[from] item: Leftovers\n|-damage|p2a: Umbreon|89/100 tox|[from] psn\n|upkeep\n|\n|t:|1776193761\n|switch|p1a: Venusaur|Venusaur, L50, M|100/100\n|turn|4\n|\n|t:|1776193773\n|move|p1a: Venusaur|Protect|p1a: Venusaur\n|-singleturn|p1a: Venusaur|Protect\n|move|p1b: Glimmora|Stealth Rock|p2b: Kingambit\n|-sidestart|p2: PXGL|move: Stealth Rock\n|move|p2a: Umbreon|Yawn|p1a: Venusaur\n|-activate|p1a: Venusaur|move: Protect\n|move|p2b: Kingambit|Iron Head|p1b: Glimmora\n|-supereffective|p1b: Glimmora|1\n|-damage|p1b: Glimmora|0 fnt\n|-activate|p1b: Glimmora|ability: Toxic Debris\n|-sidestart|p2: PXGL|move: Toxic Spikes\n|faint|p1b: Glimmora\n|\n|-heal|p2a: Umbreon|95/100 tox|[from] item: Leftovers\n|-damage|p2a: Umbreon|77/100 tox|[from] psn\n|upkeep\n|\n|t:|1776193783\n|switch|p1b: Toxapex|Toxapex, L50, M|100/100\n|turn|5\n|\n|t:|1776193802\n|detailschange|p1a: Venusaur|Venusaur-Mega, L50, M\n|-mega|p1a: Venusaur|Venusaur|Venusaurite\n|move|p1a: Venusaur|Sludge Bomb|p2a: Umbreon\n|-damage|p2a: Umbreon|51/100 tox\n|move|p2a: Umbreon|Yawn|p1a: Venusaur\n|-start|p1a: Venusaur|move: Yawn|[of] p2a: Umbreon\n|move|p2b: Kingambit|Kowtow Cleave|p1b: Toxapex\n|-damage|p1b: Toxapex|56/100\n|move|p1b: Toxapex|Ice Beam|p2a: Umbreon\n|-damage|p2a: Umbreon|44/100 tox\n|\n|-heal|p2a: Umbreon|50/100 tox|[from] item: Leftovers\n|-heal|p1b: Toxapex|62/100|[from] item: Leftovers\n|-damage|p2a: Umbreon|26/100 tox|[from] psn\n|upkeep\n|turn|6\n|inactive|PXGL has 30 seconds left.\n|\n|t:|1776193834\n|move|p1a: Venusaur|Protect|p1a: Venusaur\n|-singleturn|p1a: Venusaur|Protect\n|move|p2b: Kingambit|Protect|p2b: Kingambit\n|-singleturn|p2b: Kingambit|Protect\n|move|p1b: Toxapex|Baneful Bunker|p1b: Toxapex\n|-singleturn|p1b: Toxapex|move: Protect\n|move|p2a: Umbreon|Snarl|p1b: Toxapex|[spread] \n|-activate|p1a: Venusaur|move: Protect\n|-activate|p1b: Toxapex|move: Protect\n|\n|-heal|p2a: Umbreon|32/100 tox|[from] item: Leftovers\n|-heal|p1b: Toxapex|67/100|[from] item: Leftovers\n|-damage|p2a: Umbreon|2/100 tox|[from] psn\n|-end|p1a: Venusaur|move: Yawn|[silent]\n|-status|p1a: Venusaur|slp\n|upkeep\n|turn|7\n|\n|t:|1776193858\n|move|p2a: Umbreon|Helping Hand|p2b: Kingambit\n|-singleturn|p2b: Kingambit|Helping Hand|[of] p2a: Umbreon\n|cant|p1a: Venusaur|slp\n|move|p2b: Kingambit|Kowtow Cleave|p1b: Toxapex\n|-damage|p1b: Toxapex|0 fnt\n|faint|p1b: Toxapex\n|\n|-heal|p2a: Umbreon|8/100 tox|[from] item: Leftovers\n|-damage|p2a: Umbreon|0 fnt|[from] psn\n|faint|p2a: Umbreon\n|upkeep\n|\n|t:|1776193873\n|switch|p2a: Incineroar|Incineroar, L50, F, shiny|100/100\n|-status|p2a: Incineroar|tox\n|-damage|p2a: Incineroar|75/100 tox|[from] Stealth Rock\n|-ability|p2a: Incineroar|Intimidate|boost\n|-unboost|p1a: Venusaur|atk|1\n|turn|8\n|inactive|Ckoqee has 30 seconds left.\n|inactive|Ckoqee has 20 seconds left.\n|\n|t:|1776193909\n|cant|p1a: Venusaur|slp\n|move|p2a: Incineroar|Flare Blitz|p1a: Venusaur\n|-supereffective|p1a: Venusaur|1\n|-damage|p1a: Venusaur|53/100 slp\n|-damage|p2a: Incineroar|63/100 tox|[from] Recoil\n|move|p2b: Kingambit|Kowtow Cleave|p1a: Venusaur\n|-damage|p1a: Venusaur|0 fnt\n|faint|p1a: Venusaur\n|\n|win|PXGL\n|c|\u2606Ckoqee|gg\n|l|\u2606Ckoqee\n|player|p1|\n",
  "uploadtime": 1776193922,
  "views": 21,
  "formatid": "gen9championsvgc2026regma",
  "rating": null,
  "private": 0,
  "password": null
}