{
  "id": "gen9championsvgc2026regma-2587419657",
  "format": "[Gen 9 Champions] VGC 2026 Reg M-A",
  "players": [
    "campeondelfitness",
    "Dnegotiator"
  ],
  "log": "|j|\u2606campeondelfitness\n|j|\u2606Dnegotiator\n|t:|1776530260\n|gametype|doubles\n|player|p1|campeondelfitness|swimmer|1254\n|player|p2|Dnegotiator|rocketgrunt|1354\n|gen|9\n|tier|[Gen 9 Champions] VGC 2026 Reg M-A\n|rated|\n|rule|Species Clause: Limit one of each Pok\u00e9mon\n|rule|Item Clause: Limit 1 of each item\n|clearpoke\n|poke|p1|Tyranitar, L50, F|\n|poke|p1|Garchomp, L50, M|\n|poke|p1|Heliolisk, L50, F|\n|poke|p1|Rotom-Heat, L50|\n|poke|p1|Orthworm, L50, M|\n|poke|p1|Aerodactyl, L50, F|\n|poke|p2|Charizard, L50, F|\n|poke|p2|Typhlosion-Hisui, L50, F|\n|poke|p2|Torkoal, L50, F|\n|poke|p2|Hatterene, L50, F|\n|poke|p2|Gengar, L50, M|\n|poke|p2|Incineroar, L50, M|\n|teampreview|4\n|inactive|Battle timer is ON: inactive players will automatically lose when time's up. (requested by campeondelfitness)\n|\n|t:|1776530277\n|teamsize|p1|4\n|teamsize|p2|4\n|start\n|switch|p1a: Heliolisk|Heliolisk, L50, F|100/100\n|switch|p1b: Orthworm|Orthworm, L50, M|100/100\n|switch|p2a: Torkoal|Torkoal, L50, F|100/100\n|switch|p2b: Hatterene|Hatterene, L50, F|100/100\n|-weather|SunnyDay|[from] ability: Drought|[of] p2a: Torkoal\n|turn|1\n|inactive|campeondelfitness has 30 seconds left.\n|\n|t:|1776530305\n|move|p2a: Torkoal|Protect|p2a: Torkoal\n|-singleturn|p2a: Torkoal|Protect\n|move|p1a: Heliolisk|Shed Tail|p1a: Heliolisk\n|-start|p1a: Heliolisk|Substitute|[from] move: Shed Tail\n|-damage|p1a: Heliolisk|50/100\n|\n|t:|1776530314\n|switch|p1a: Tyranitar|Tyranitar, L50, F|100/100|[from] Shed Tail\n|-weather|Sandstorm|[from] ability: Sand Stream|[of] p1a: Tyranitar\n|move|p1b: Orthworm|Shed Tail|p1b: Orthworm\n|-start|p1b: Orthworm|Substitute|[from] move: Shed Tail\n|-damage|p1b: Orthworm|50/100\n|\n|t:|1776530324\n|switch|p1b: Garchomp|Garchomp, L50, M|100/100|[from] Shed Tail\n|move|p2b: Hatterene|Trick Room|p2b: Hatterene\n|-fieldstart|move: Trick Room|[of] p2b: Hatterene\n|\n|-weather|Sandstorm|[upkeep]\n|-damage|p2a: Torkoal|94/100|[from] Sandstorm\n|-damage|p2b: Hatterene|94/100|[from] Sandstorm\n|upkeep\n|turn|2\n|\n|t:|1776530341\n|switch|p2a: Incineroar|Incineroar, L50, M|100/100\n|-ability|p2a: Incineroar|Intimidate|boost\n|-immune|p1a: Tyranitar\n|-immune|p1b: Garchomp\n|detailschange|p1b: Garchomp|Garchomp-Mega, L50, M\n|-mega|p1b: Garchomp|Garchomp|Garchompite\n|move|p1a: Tyranitar|Protect|p1a: Tyranitar\n|-singleturn|p1a: Tyranitar|Protect\n|move|p2b: Hatterene|Dazzling Gleam|p1a: Tyranitar|[spread] p1b\n|-activate|p1a: Tyranitar|move: Protect\n|-supereffective|p1b: Garchomp|1\n|-end|p1b: Garchomp|Substitute\n|move|p1b: Garchomp|Earthquake|p2a: Incineroar|[spread] p2a,p2b\n|-activate|p1a: Tyranitar|move: Protect\n|-supereffective|p2a: Incineroar|1\n|-damage|p2a: Incineroar|0 fnt\n|-damage|p2b: Hatterene|19/100\n|faint|p2a: Incineroar\n|\n|-weather|Sandstorm|[upkeep]\n|-damage|p2b: Hatterene|13/100|[from] Sandstorm\n|upkeep\n|\n|t:|1776530355\n|switch|p2a: Gengar|Gengar, L50, M|100/100\n|turn|3\n|inactive|campeondelfitness has 30 seconds left.\n|inactive|campeondelfitness has 20 seconds left.\n|inactive|campeondelfitness has 15 seconds left.\n|inactive|campeondelfitness has 10 seconds left.\n|inactive|campeondelfitness has 5 seconds left.\n|\n|t:|1776530406\n|move|p2b: Hatterene|Dazzling Gleam|p1b: Garchomp|[spread] p1a,p1b\n|-supereffective|p1a: Tyranitar|1\n|-end|p1a: Tyranitar|Substitute\n|-supereffective|p1b: Garchomp|1\n|-damage|p1b: Garchomp|29/100\n|move|p1a: Tyranitar|Knock Off|p2a: Gengar\n|-supereffective|p2a: Gengar|1\n|-damage|p2a: Gengar|19/100\n|-start|p1a: Tyranitar|Disable|Knock Off|[from] ability: Cursed Body|[of] p2a: Gengar\n|move|p1b: Garchomp|Earthquake|p2a: Gengar|[spread] p1a,p2a,p2b\n|-supereffective|p1a: Tyranitar|1\n|-supereffective|p2a: Gengar|1\n|-damage|p1a: Tyranitar|23/100\n|-damage|p2a: Gengar|0 fnt\n|-damage|p2b: Hatterene|0 fnt\n|faint|p2a: Gengar\n|faint|p2b: Hatterene\n|\n|-weather|Sandstorm|[upkeep]\n|upkeep\n|\n|t:|1776530418\n|switch|p2b: Torkoal|Torkoal, L50, F|94/100\n|-weather|SunnyDay|[from] ability: Drought|[of] p2b: Torkoal\n|turn|4\n|\n|t:|1776530432\n|switch|p1a: Orthworm|Orthworm, L50, M|50/100\n|move|p1b: Garchomp|Protect|p1b: Garchomp\n|-singleturn|p1b: Garchomp|Protect\n|move|p2b: Torkoal|Eruption|p1b: Garchomp|[spread] p1a\n|-activate|p1b: Garchomp|move: Protect\n|-supereffective|p1a: Orthworm|1\n|-damage|p1a: Orthworm|0 fnt\n|faint|p1a: Orthworm\n|\n|-weather|SunnyDay|[upkeep]\n|upkeep\n|\n|t:|1776530452\n|switch|p1a: Heliolisk|Heliolisk, L50, F|50/100\n|turn|5\n|\n|t:|1776530475\n|switch|p1b: Tyranitar|Tyranitar, L50, F|23/100\n|-weather|Sandstorm|[from] ability: Sand Stream|[of] p1b: Tyranitar\n|move|p2b: Torkoal|Eruption|p1a: Heliolisk|[spread] p1a,p1b\n|-resisted|p1b: Tyranitar|1\n|-damage|p1a: Heliolisk|0 fnt\n|-damage|p1b: Tyranitar|9/100\n|faint|p1a: Heliolisk\n|\n|-weather|Sandstorm|[upkeep]\n|-damage|p2b: Torkoal|88/100|[from] Sandstorm\n|-fieldend|move: Trick Room\n|upkeep\n|\n|t:|1776530485\n|switch|p1a: Garchomp|Garchomp-Mega, L50, M|29/100\n|turn|6\n|\n|t:|1776530492\n|move|p1b: Tyranitar|Helping Hand|p1a: Garchomp\n|-singleturn|p1a: Garchomp|Helping Hand|[of] p1b: Tyranitar\n|move|p1a: Garchomp|Earthquake|p2b: Torkoal|[spread] p1b,p2b\n|-supereffective|p1b: Tyranitar|1\n|-supereffective|p2b: Torkoal|1\n|-damage|p1b: Tyranitar|0 fnt\n|-damage|p2b: Torkoal|0 fnt\n|faint|p1b: Tyranitar\n|faint|p2b: Torkoal\n|\n|win|campeondelfitness\n|raw|campeondelfitness's rating: 1254 &rarr; <strong>1286</strong><br />(+32 for winning)\n|raw|Dnegotiator's rating: 1354 &rarr; <strong>1328</strong><br />(-26 for losing)\n|l|\u2606Dnegotiator\n|player|p2|\n",
  "uploadtime": 1776530502,
  "views": 39,
  "formatid": "gen9championsvgc2026regma",
  "rating": 1286,
  "private": 0,
  "password": null
}