{
  "id": "gen9championsvgc2026regma-2583540841",
  "format": "[Gen 9 Champions] VGC 2026 Reg M-A",
  "players": [
    "Jah_08",
    "rhan2687"
  ],
  "log": "|j|\u2606Jah_08\n|j|\u2606rhan2687\n|t:|1776182131\n|gametype|doubles\n|player|p1|Jah_08|alder|1304\n|player|p2|rhan2687|1|1222\n|gen|9\n|tier|[Gen 9 Champions] VGC 2026 Reg M-A\n|rated|\n|rule|Species Clause: Limit one of each Pok\u00e9mon\n|rule|Item Clause: Limit 1 of each item\n|clearpoke\n|poke|p1|Excadrill, L50, M|\n|poke|p1|Whimsicott, L50, M|\n|poke|p1|Chandelure, L50, M|\n|poke|p1|Zoroark-Hisui, L50, M|\n|poke|p1|Basculegion, L50, M|\n|poke|p1|Kingambit, L50, M|\n|poke|p2|Gardevoir, L50, M|\n|poke|p2|Milotic, L50, F|\n|poke|p2|Sinistcha, L50|\n|poke|p2|Vanilluxe, L50, M|\n|poke|p2|Aerodactyl, L50, F|\n|poke|p2|Incineroar, L50, M|\n|teampreview|4\n|\n|t:|1776182207\n|teamsize|p1|4\n|teamsize|p2|4\n|start\n|switch|p1a: Whimsicott|Whimsicott, L50, M, shiny|100/100\n|switch|p1b: Basculegion|Basculegion, L50, M|100/100\n|switch|p2a: Milotic|Milotic, L50, F, shiny|100/100\n|switch|p2b: Aerodactyl|Aerodactyl, L50, F|100/100\n|-ability|p2b: Aerodactyl|Unnerve\n|turn|1\n|\n|t:|1776182226\n|move|p1b: Basculegion|Flip Turn|p2b: Aerodactyl\n|-supereffective|p2b: Aerodactyl|1\n|-enditem|p2b: Aerodactyl|Focus Sash\n|-damage|p2b: Aerodactyl|1/100\n|\n|t:|1776182232\n|switch|p1b: Whimsicott|Whimsicott, L50, M, shiny|100/100|[from] Flip Turn\n|move|p2b: Aerodactyl|Dual Wingbeat|p1a: Whimsicott\n|-damage|p1a: Whimsicott|62/100\n|replace|p1a: Zoroark|Zoroark-Hisui, L50, M\n|-end|p1a: Zoroark|Illusion\n|-damage|p1a: Zoroark|28/100\n|-hitcount|p1a: Zoroark|2\n|move|p1a: Zoroark|Icy Wind|p2a: Milotic|[spread] p2a,p2b\n|-resisted|p2a: Milotic|1\n|-supereffective|p2b: Aerodactyl|1\n|-damage|p2a: Milotic|95/100\n|-damage|p2b: Aerodactyl|0 fnt\n|-unboost|p2a: Milotic|spe|1\n|-ability|p2a: Milotic|Competitive|boost\n|-boost|p2a: Milotic|spa|2\n|faint|p2b: Aerodactyl\n|move|p2a: Milotic|Icy Wind|p1a: Zoroark|[spread] p1a,p1b\n|-supereffective|p1b: Whimsicott|1\n|-damage|p1a: Zoroark|0 fnt\n|-damage|p1b: Whimsicott|38/100\n|-unboost|p1b: Whimsicott|spe|1\n|faint|p1a: Zoroark\n|\n|-heal|p2a: Milotic|100/100|[from] item: Leftovers\n|upkeep\n|\n|t:|1776182265\n|switch|p2b: Vanilluxe|Vanilluxe, L50, M|100/100\n|switch|p1a: Basculegion|Basculegion, L50, M|100/100\n|-weather|Snowscape|[from] ability: Snow Warning|[of] p2b: Vanilluxe\n|turn|2\n|\n|t:|1776182286\n|move|p1a: Basculegion|Wave Crash|p2b: Vanilluxe\n|-damage|p2b: Vanilluxe|57/100\n|-damage|p1a: Basculegion|87/100|[from] Recoil\n|move|p2b: Vanilluxe|Taunt|p1b: Whimsicott\n|-start|p1b: Whimsicott|move: Taunt\n|-enditem|p1b: Whimsicott|Mental Herb\n|-end|p1b: Whimsicott|move: Taunt\n|move|p1b: Whimsicott|Moonblast|p2b: Vanilluxe\n|-damage|p2b: Vanilluxe|18/100\n|move|p2a: Milotic|Icy Wind|p1a: Basculegion|[spread] p1a,p1b\n|-resisted|p1a: Basculegion|1\n|-supereffective|p1b: Whimsicott|1\n|-damage|p1a: Basculegion|73/100\n|-damage|p1b: Whimsicott|0 fnt\n|-unboost|p1a: Basculegion|spe|1\n|faint|p1b: Whimsicott\n|\n|-weather|Snowscape|[upkeep]\n|upkeep\n|\n|t:|1776182308\n|switch|p1b: Excadrill|Excadrill, L50, M|100/100\n|-ability|p1b: Excadrill|Mold Breaker\n|turn|3\n|\n|t:|1776182317\n|move|p1b: Excadrill|Protect|p1b: Excadrill\n|-singleturn|p1b: Excadrill|Protect\n|move|p1a: Basculegion|Wave Crash|p2b: Vanilluxe\n|-damage|p2b: Vanilluxe|0 fnt\n|faint|p2b: Vanilluxe\n|-damage|p1a: Basculegion|68/100|[from] Recoil\n|move|p2a: Milotic|Muddy Water|p1b: Excadrill|[spread] \n|-activate|p1b: Excadrill|move: Protect\n|-miss|p2a: Milotic|p1a: Basculegion\n|\n|-weather|Snowscape|[upkeep]\n|upkeep\n|\n|t:|1776182328\n|switch|p2b: Gardevoir|Gardevoir, L50, M, shiny|100/100\n|-ability|p2b: Gardevoir|Adaptability|Trace|[from] ability: Trace|[of] p1a: Basculegion\n|turn|4\n|\n|t:|1776182341\n|move|p2b: Gardevoir|Protect|p2b: Gardevoir\n|-singleturn|p2b: Gardevoir|Protect\n|move|p1a: Basculegion|Wave Crash|p2a: Milotic\n|-resisted|p2a: Milotic|1\n|-damage|p2a: Milotic|62/100\n|-damage|p1a: Basculegion|55/100|[from] Recoil\n|move|p1b: Excadrill|Iron Head|p2b: Gardevoir\n|-activate|p2b: Gardevoir|move: Protect\n|move|p2a: Milotic|Icy Wind|p1a: Basculegion|[spread] p1a,p1b\n|-resisted|p1a: Basculegion|1\n|-damage|p1a: Basculegion|42/100\n|-damage|p1b: Excadrill|68/100\n|-unboost|p1a: Basculegion|spe|1\n|-unboost|p1b: Excadrill|spe|1\n|\n|-weather|Snowscape|[upkeep]\n|-heal|p2a: Milotic|68/100|[from] item: Leftovers\n|upkeep\n|turn|5\n|\n|t:|1776182361\n|detailschange|p2b: Gardevoir|Gardevoir-Mega, L50, M, shiny\n|-mega|p2b: Gardevoir|Gardevoir|Gardevoirite\n|move|p2b: Gardevoir|Hyper Voice|p1b: Excadrill|[spread] p1a,p1b\n|-resisted|p1b: Excadrill|1\n|-damage|p1a: Basculegion|0 fnt\n|-damage|p1b: Excadrill|32/100\n|faint|p1a: Basculegion\n|move|p1b: Excadrill|Iron Head|p2b: Gardevoir\n|-supereffective|p2b: Gardevoir|1\n|-crit|p2b: Gardevoir\n|-damage|p2b: Gardevoir|0 fnt\n|faint|p2b: Gardevoir\n|move|p2a: Milotic|Muddy Water|p1b: Excadrill\n|-supereffective|p1b: Excadrill|1\n|-damage|p1b: Excadrill|0 fnt\n|faint|p1b: Excadrill\n|\n|win|rhan2687\n|raw|Jah_08's rating: 1304 &rarr; <strong>1279</strong><br />(-25 for losing)\n|raw|rhan2687's rating: 1222 &rarr; <strong>1253</strong><br />(+31 for winning)\n|l|\u2606rhan2687\n|player|p2|\n",
  "uploadtime": 1776182377,
  "views": 32,
  "formatid": "gen9championsvgc2026regma",
  "rating": 1253,
  "private": 0,
  "password": null
}