{
  "id": "gen9championsvgc2026regma-2580518565",
  "format": "[Gen 9 Champions] VGC 2026 Reg M-A",
  "players": [
    "TEST-CV01",
    "calacadura"
  ],
  "log": "|j|\u2606TEST-CV01\n|j|\u2606calacadura\n|t:|1775907897\n|gametype|doubles\n|player|p1|TEST-CV01|miku-fire|1114\n|player|p2|calacadura|170|1142\n|gen|9\n|tier|[Gen 9 Champions] VGC 2026 Reg M-A\n|rated|\n|rule|Species Clause: Limit one of each Pok\u00e9mon\n|rule|Item Clause: Limit 1 of each item\n|clearpoke\n|poke|p1|Tyranitar, L50, F|\n|poke|p1|Excadrill, L50, M|\n|poke|p1|Sinistcha, L50|\n|poke|p1|Gardevoir, L50, F|\n|poke|p1|Gyarados, L50, F|\n|poke|p1|Rotom-Heat, L50|\n|poke|p2|Garchomp, L50, F|\n|poke|p2|Sinistcha, L50|\n|poke|p2|Tyranitar, L50, F|\n|poke|p2|Incineroar, L50, M|\n|poke|p2|Basculegion, L50, M|\n|poke|p2|Farigiraf, L50, F|\n|teampreview|4\n|inactive|Battle timer is ON: inactive players will automatically lose when time's up. (requested by TEST-CV01)\n|inactive|calacadura has 60 seconds left.\n|\n|t:|1775907996\n|teamsize|p1|4\n|teamsize|p2|4\n|start\n|switch|p1a: Gardevoir|Gardevoir, L50, F|100/100\n|switch|p1b: Gyarados|Gyarados, L50, F|100/100\n|switch|p2a: Kitten|Incineroar, L50, M, shiny|100/100\n|switch|p2b: Basculegion|Basculegion, L50, M|100/100\n|-ability|p1b: Gyarados|Intimidate|boost\n|-unboost|p2a: Kitten|atk|1\n|-unboost|p2b: Basculegion|atk|1\n|-ability|p2a: Kitten|Intimidate|boost\n|-unboost|p1a: Gardevoir|atk|1\n|-unboost|p1b: Gyarados|atk|1\n|turn|1\n|\n|t:|1775908016\n|switch|p2a: Farigiraf|Farigiraf, L50, F|100/100\n|move|p1a: Gardevoir|Protect|p1a: Gardevoir\n|-singleturn|p1a: Gardevoir|Protect\n|move|p2b: Basculegion|Flip Turn|p1a: Gardevoir\n|-activate|p1a: Gardevoir|move: Protect\n|move|p1b: Gyarados|Thunder Wave|p2b: Basculegion\n|-status|p2b: Basculegion|par\n|\n|upkeep\n|turn|2\n|\n|t:|1775908028\n|detailschange|p1a: Gardevoir|Gardevoir-Mega, L50, F\n|-mega|p1a: Gardevoir|Gardevoir|Gardevoirite\n|move|p1a: Gardevoir|Hyper Voice|p2a: Farigiraf|[spread] p2a,p2b\n|-damage|p2a: Farigiraf|68/100\n|-damage|p2b: Basculegion|43/100 par\n|move|p1b: Gyarados|Taunt|p2a: Farigiraf\n|-start|p2a: Farigiraf|move: Taunt\n|move|p2b: Basculegion|Flip Turn|p1a: Gardevoir\n|-damage|p1a: Gardevoir|55/100\n|\n|t:|1775908043\n|switch|p2b: Tiny|Sinistcha, L50, shiny|100/100|[from] Flip Turn\n|-heal|p2a: Farigiraf|93/100|[from] ability: Hospitality|[of] p2b: Tiny\n|cant|p2a: Farigiraf|move: Taunt|Trick Room\n|\n|-heal|p2a: Farigiraf|99/100|[from] item: Leftovers\n|upkeep\n|turn|3\n|inactive|TEST-CV01 has 30 seconds left.\n|inactive|TEST-CV01 has 20 seconds left.\n|inactive|TEST-CV01 has 15 seconds left.\n|inactive|TEST-CV01 has 10 seconds left.\n|\n|t:|1775908092\n|switch|p1b: Tyranitar|Tyranitar, L50, F|100/100\n|-weather|Sandstorm|[from] ability: Sand Stream|[of] p1b: Tyranitar\n|switch|p2a: Kitten|Incineroar, L50, M, shiny|100/100\n|-ability|p2a: Kitten|Intimidate|boost\n|-unboost|p1a: Gardevoir|atk|1\n|-unboost|p1b: Tyranitar|atk|1\n|move|p1a: Gardevoir|Encore||[still]\n|-fail|p1a: Gardevoir\n|move|p2b: Tiny|Calm Mind|p2b: Tiny\n|-boost|p2b: Tiny|spa|1\n|-boost|p2b: Tiny|spd|1\n|\n|-weather|Sandstorm|[upkeep]\n|-damage|p1a: Gardevoir|49/100|[from] Sandstorm\n|-damage|p2b: Tiny|94/100|[from] Sandstorm\n|-damage|p2a: Kitten|95/100|[from] Sandstorm\n|upkeep\n|turn|4\n|inactive|calacadura has 30 seconds left.\n|\n|t:|1775908117\n|move|p1a: Gardevoir|Hyper Voice|p2a: Kitten|[spread] p2a\n|-miss|p1a: Gardevoir|p2b: Tiny\n|-damage|p2a: Kitten|60/100\n|move|p1b: Tyranitar|Knock Off|p2b: Tiny\n|-supereffective|p2b: Tiny|1\n|-damage|p2b: Tiny|47/100\n|-enditem|p2b: Tiny|Bright Powder|[from] move: Knock Off|[of] p1b: Tyranitar\n|move|p2b: Tiny|Matcha Gotcha|p1b: Tyranitar|[spread] p1a,p1b\n|-supereffective|p1b: Tyranitar|1\n|-damage|p1a: Gardevoir|15/100\n|-heal|p2b: Tiny|61/100|[from] drain|[of] p1a: Gardevoir\n|-damage|p1b: Tyranitar|53/100\n|-heal|p2b: Tiny|85/100|[from] drain|[of] p1b: Tyranitar\n|move|p2a: Kitten|Parting Shot|p1a: Gardevoir\n|-unboost|p1a: Gardevoir|atk|1\n|-unboost|p1a: Gardevoir|spa|1\n|\n|t:|1775908132\n|switch|p2a: Farigiraf|Farigiraf, L50, F|99/100|[from] Parting Shot\n|\n|-weather|Sandstorm|[upkeep]\n|-damage|p1a: Gardevoir|9/100|[from] Sandstorm\n|-damage|p2b: Tiny|79/100|[from] Sandstorm\n|-damage|p2a: Farigiraf|93/100|[from] Sandstorm\n|-heal|p2a: Farigiraf|99/100|[from] item: Leftovers\n|upkeep\n|turn|5\n|-message|TEST-CV01 forfeited.\n|\n|win|calacadura\n|raw|TEST-CV01's rating: 1114 &rarr; <strong>1091</strong><br />(-23 for losing)\n|raw|calacadura's rating: 1142 &rarr; <strong>1165</strong><br />(+23 for winning)\n|l|\u2606TEST-CV01\n|player|p1|\n",
  "uploadtime": 1775908149,
  "views": 15,
  "formatid": "gen9championsvgc2026regma",
  "rating": 1091,
  "private": 0,
  "password": null
}