{
  "id": "gen9championsvgc2026regma-2583239450",
  "format": "[Gen 9 Champions] VGC 2026 Reg M-A",
  "players": [
    "rajyesh1",
    "ZZTop1999"
  ],
  "log": "|j|\u2606rajyesh1\n|j|\u2606ZZTop1999\n|t:|1776158342\n|gametype|doubles\n|player|p1|rajyesh1|lucas|1112\n|player|p2|ZZTop1999|170|1095\n|gen|9\n|tier|[Gen 9 Champions] VGC 2026 Reg M-A\n|rated|\n|rule|Species Clause: Limit one of each Pok\u00e9mon\n|rule|Item Clause: Limit 1 of each item\n|clearpoke\n|poke|p1|Charizard, L50, F|\n|poke|p1|Venusaur, L50, F|\n|poke|p1|Garchomp, L50, M|\n|poke|p1|Rotom-Wash, L50|\n|poke|p1|Sneasler, L50, M|\n|poke|p1|Incineroar, L50, M|\n|poke|p2|Scovillain, L50, M|\n|poke|p2|Cofagrigus, L50, F|\n|poke|p2|Primarina, L50, M|\n|poke|p2|Chesnaught, L50, F|\n|poke|p2|Aromatisse, L50, F|\n|poke|p2|Kingambit, L50, F|\n|teampreview|4\n|inactive|Battle timer is ON: inactive players will automatically lose when time's up. (requested by rajyesh1)\n|inactive|rajyesh1 has 60 seconds left.\n|\n|t:|1776158392\n|teamsize|p1|4\n|teamsize|p2|4\n|start\n|switch|p1a: Sneasler|Sneasler, L50, M|100/100\n|switch|p1b: Incineroar|Incineroar, L50, M|100/100\n|switch|p2a: Scovillain|Scovillain, L50, M|100/100\n|switch|p2b: Cofagrigus|Cofagrigus, L50, F|100/100\n|-ability|p1b: Incineroar|Intimidate|boost\n|-unboost|p2a: Scovillain|atk|1\n|-unboost|p2b: Cofagrigus|atk|1\n|turn|1\n|\n|t:|1776158415\n|move|p2a: Scovillain|Protect|p2a: Scovillain\n|-singleturn|p2a: Scovillain|Protect\n|move|p1a: Sneasler|Dire Claw|p2a: Scovillain\n|-activate|p2a: Scovillain|move: Protect\n|move|p1b: Incineroar|Darkest Lariat|p2b: Cofagrigus\n|-supereffective|p2b: Cofagrigus|1\n|-enditem|p2b: Cofagrigus|Colbur Berry|[eat]\n|-enditem|p2b: Cofagrigus|Colbur Berry|[weaken]\n|-damage|p2b: Cofagrigus|64/100\n|-activate|p2b: Cofagrigus|ability: Mummy|p1b: Incineroar|[ability] Intimidate\n|move|p2b: Cofagrigus|Trick Room|p2b: Cofagrigus\n|-fieldstart|move: Trick Room|[of] p2b: Cofagrigus\n|\n|-ability|p2a: Scovillain|Moody|boost\n|-boost|p2a: Scovillain|atk|2\n|-unboost|p2a: Scovillain|def|1\n|upkeep\n|turn|2\n|inactive|rajyesh1 has 30 seconds left.\n|inactive|ZZTop1999 has 30 seconds left.\n|\n|t:|1776158444\n|switch|p2b: Chesnaught|Chesnaught, L50, F|100/100\n|move|p2a: Scovillain|Endure|p2a: Scovillain\n|-singleturn|p2a: Scovillain|move: Endure\n|move|p1b: Incineroar|Darkest Lariat|p2b: Chesnaught\n|-resisted|p2b: Chesnaught|1\n|-damage|p2b: Chesnaught|87/100\n|move|p1a: Sneasler|Dire Claw|p2a: Scovillain\n|-supereffective|p2a: Scovillain|1\n|-activate|p2a: Scovillain|move: Endure\n|-damage|p2a: Scovillain|1/100\n|\n|-heal|p2b: Chesnaught|93/100|[from] item: Leftovers\n|-ability|p2a: Scovillain|Moody|boost\n|-boost|p2a: Scovillain|spa|2\n|-unboost|p2a: Scovillain|spd|1\n|upkeep\n|turn|3\n|inactive|rajyesh1 has 30 seconds left.\n|inactive|ZZTop1999 has 30 seconds left.\n|inactive|rajyesh1 has 20 seconds left.\n|\n|t:|1776158483\n|detailschange|p2a: Scovillain|Scovillain-Mega, L50, M\n|-mega|p2a: Scovillain|Scovillain|Scovillainite\n|move|p2a: Scovillain|Rage Powder|p2a: Scovillain\n|-singleturn|p2a: Scovillain|move: Rage Powder\n|move|p2b: Chesnaught|Iron Defense|p2b: Chesnaught\n|-boost|p2b: Chesnaught|def|2\n|move|p1b: Incineroar|Flare Blitz|p2a: Scovillain\n|-damage|p2a: Scovillain|0 fnt\n|-immune|p1b: Incineroar\n|faint|p2a: Scovillain\n|-damage|p1b: Incineroar|99/100|[from] Recoil\n|move|p1a: Sneasler|Dire Claw|p2b: Chesnaught\n|-supereffective|p2b: Chesnaught|1\n|-damage|p2b: Chesnaught|68/100\n|-status|p2b: Chesnaught|slp\n|\n|-heal|p2b: Chesnaught|74/100 slp|[from] item: Leftovers\n|upkeep\n|\n|t:|1776158502\n|switch|p2a: Primarina|Primarina, L50, M|100/100\n|turn|4\n|\n|t:|1776158518\n|switch|p1b: Venusaur|Venusaur, L50, F|100/100\n|move|p2a: Primarina|Hyper Voice|p1a: Sneasler|[spread] p1a,p1b\n|-resisted|p1b: Venusaur|1\n|-damage|p1a: Sneasler|33/100\n|-damage|p1b: Venusaur|74/100\n|cant|p2b: Chesnaught|slp\n|move|p1a: Sneasler|Dire Claw|p2a: Primarina\n|-supereffective|p2a: Primarina|1\n|-damage|p2a: Primarina|0 fnt\n|faint|p2a: Primarina\n|\n|-heal|p2b: Chesnaught|80/100 slp|[from] item: Leftovers\n|upkeep\n|\n|t:|1776158530\n|switch|p2a: Cofagrigus|Cofagrigus, L50, F|64/100\n|turn|5\n|inactive|rajyesh1 has 30 seconds left.\n|inactive|ZZTop1999 has 30 seconds left.\n|inactive|rajyesh1 has 20 seconds left.\n|inactive|rajyesh1 has 15 seconds left.\n|\n|t:|1776158573\n|move|p2a: Cofagrigus|Calm Mind|p2a: Cofagrigus\n|-boost|p2a: Cofagrigus|spa|1\n|-boost|p2a: Cofagrigus|spd|1\n|-curestatus|p2b: Chesnaught|slp|[msg]\n|move|p2b: Chesnaught|Body Press|p1a: Sneasler\n|-resisted|p1a: Sneasler|1\n|-damage|p1a: Sneasler|0 fnt\n|faint|p1a: Sneasler\n|move|p1b: Venusaur|Sludge Bomb|p2b: Chesnaught\n|-immune|p2b: Chesnaught|[from] ability: Bulletproof\n|\n|-heal|p2b: Chesnaught|86/100|[from] item: Leftovers\n|-fieldend|move: Trick Room\n|upkeep\n|\n|t:|1776158583\n|switch|p1a: Charizard|Charizard, L50, F|100/100\n|turn|6\n|\n|t:|1776158600\n|detailschange|p1a: Charizard|Charizard-Mega-Y, L50, F\n|-mega|p1a: Charizard|Charizard|Charizardite Y\n|-weather|SunnyDay|[from] ability: Drought|[of] p1a: Charizard\n|move|p2b: Chesnaught|Spiky Shield|p2b: Chesnaught\n|-singleturn|p2b: Chesnaught|move: Protect\n|move|p1b: Venusaur|Sleep Powder|p2a: Cofagrigus\n|-status|p2a: Cofagrigus|slp|[from] move: Sleep Powder\n|move|p1a: Charizard|Heat Wave|p2a: Cofagrigus|[spread] p2a\n|-activate|p2b: Chesnaught|move: Protect\n|-damage|p2a: Cofagrigus|30/100 slp\n|cant|p2a: Cofagrigus|slp\n|\n|-weather|SunnyDay|[upkeep]\n|-heal|p2b: Chesnaught|92/100|[from] item: Leftovers\n|upkeep\n|turn|7\n|\n|t:|1776158625\n|move|p1b: Venusaur|Sludge Bomb|p2b: Chesnaught\n|-immune|p2b: Chesnaught|[from] ability: Bulletproof\n|move|p1a: Charizard|Heat Wave|p2b: Chesnaught|[spread] p2a,p2b\n|-supereffective|p2b: Chesnaught|1\n|-damage|p2a: Cofagrigus|0 fnt\n|-damage|p2b: Chesnaught|0 fnt\n|faint|p2a: Cofagrigus\n|faint|p2b: Chesnaught\n|\n|win|rajyesh1\n|raw|rajyesh1's rating: 1112 &rarr; <strong>1136</strong><br />(+24 for winning)\n|raw|ZZTop1999's rating: 1095 &rarr; <strong>1072</strong><br />(-23 for losing)\n|l|\u2606ZZTop1999\n|player|p2|\n",
  "uploadtime": 1776158635,
  "views": 15,
  "formatid": "gen9championsvgc2026regma",
  "rating": 1072,
  "private": 0,
  "password": null
}