{
  "id": "gen9championsvgc2026regma-2585956037",
  "format": "[Gen 9 Champions] VGC 2026 Reg M-A",
  "players": [
    "prophets_vision",
    "Braix2570"
  ],
  "log": "|j|\u2606prophets_vision\n|j|\u2606Braix2570\n|t:|1776384885\n|gametype|doubles\n|player|p1|prophets_vision|giovanni|1089\n|player|p2|Braix2570|1|1182\n|gen|9\n|tier|[Gen 9 Champions] VGC 2026 Reg M-A\n|rated|\n|rule|Species Clause: Limit one of each Pok\u00e9mon\n|rule|Item Clause: Limit 1 of each item\n|clearpoke\n|poke|p1|Charizard, L50, F|\n|poke|p1|Venusaur, L50, F|\n|poke|p1|Incineroar, L50, M|\n|poke|p1|Garchomp, L50, M|\n|poke|p1|Milotic, L50, F|\n|poke|p1|Rotom-Wash, L50|\n|poke|p2|Scizor, L50, M|\n|poke|p2|Pelipper, L50, F|\n|poke|p2|Basculegion, L50, M|\n|poke|p2|Archaludon, L50, F|\n|poke|p2|Dragonite, L50, M|\n|poke|p2|Sinistcha, L50|\n|teampreview|4\n|\n|t:|1776384918\n|teamsize|p1|4\n|teamsize|p2|4\n|start\n|switch|p1a: Rotom|Rotom-Wash, L50|100/100\n|switch|p1b: Milotic|Milotic, L50, F|100/100\n|switch|p2a: Archaludon|Archaludon, L50, F|100/100\n|switch|p2b: Basculegion|Basculegion, L50, M|100/100\n|turn|1\n|inactive|Battle timer is ON: inactive players will automatically lose when time's up. (requested by Braix2570)\n|\n|t:|1776384934\n|switch|p2b: Pelipper|Pelipper, L50, F|100/100\n|-weather|RainDance|[from] ability: Drizzle|[of] p2b: Pelipper\n|move|p2a: Archaludon|Electro Shot||[still]\n|-prepare|p2a: Archaludon|Electro Shot\n|-boost|p2a: Archaludon|spa|1\n|-anim|p2a: Archaludon|Electro Shot|p1b: Milotic\n|-supereffective|p1b: Milotic|1\n|-damage|p1b: Milotic|8/100\n|move|p1a: Rotom|Will-O-Wisp|p2a: Archaludon\n|-status|p2a: Archaludon|brn\n|move|p1b: Milotic|Ice Beam|p2a: Archaludon\n|-damage|p2a: Archaludon|59/100 brn\n|-heal|p1b: Milotic|12/100|[from] item: Shell Bell|[of] p2a: Archaludon\n|\n|-weather|RainDance|[upkeep]\n|-damage|p2a: Archaludon|53/100 brn|[from] brn\n|upkeep\n|turn|2\n|\n|t:|1776384953\n|move|p1b: Milotic|Protect|p1b: Milotic\n|-singleturn|p1b: Milotic|Protect\n|move|p2a: Archaludon|Electro Shot||[still]\n|-prepare|p2a: Archaludon|Electro Shot\n|-boost|p2a: Archaludon|spa|1\n|-anim|p2a: Archaludon|Electro Shot|p1a: Rotom\n|-damage|p1a: Rotom|3/100\n|move|p2b: Pelipper|Tailwind|p2b: Pelipper\n|-sidestart|p2: Braix2570|move: Tailwind\n|move|p1a: Rotom|Volt Switch|p2b: Pelipper\n|-supereffective|p2b: Pelipper|2\n|-enditem|p2b: Pelipper|Focus Sash\n|-damage|p2b: Pelipper|1/100\n|\n|t:|1776384967\n|switch|p1a: Charizard|Charizard, L50, F|100/100|[from] Volt Switch\n|\n|-weather|RainDance|[upkeep]\n|-damage|p2a: Archaludon|47/100 brn|[from] brn\n|upkeep\n|turn|3\n|inactive|prophets_vision has 30 seconds left.\n|\n|t:|1776384993\n|switch|p1a: Garchomp|Garchomp, L50, M|100/100\n|switch|p1b: Rotom|Rotom-Wash, L50|3/100\n|move|p2a: Archaludon|Electro Shot||[still]\n|-prepare|p2a: Archaludon|Electro Shot\n|-boost|p2a: Archaludon|spa|1\n|-anim|p2a: Archaludon|Electro Shot|p1a: Garchomp\n|-immune|p1a: Garchomp\n|move|p2b: Pelipper|Weather Ball|p1b: Rotom\n|-resisted|p1b: Rotom|1\n|-damage|p1b: Rotom|0 fnt\n|faint|p1b: Rotom\n|\n|-weather|RainDance|[upkeep]\n|-damage|p2a: Archaludon|41/100 brn|[from] brn\n|upkeep\n|\n|t:|1776385016\n|switch|p1b: Charizard|Charizard, L50, F|100/100\n|turn|4\n|\n|t:|1776385027\n|switch|p2b: Dragonite|Dragonite, L50, M|100/100\n|detailschange|p1b: Charizard|Charizard-Mega-Y, L50, F\n|-mega|p1b: Charizard|Charizard|Charizardite Y\n|-weather|SunnyDay|[from] ability: Drought|[of] p1b: Charizard\n|move|p2a: Archaludon|Electro Shot||[still]\n|-prepare|p2a: Archaludon|Electro Shot\n|-boost|p2a: Archaludon|spa|1\n|move|p1a: Garchomp|Earthquake|p2b: Dragonite|[spread] p2a\n|-immune|p1b: Charizard\n|-immune|p2b: Dragonite\n|-supereffective|p2a: Archaludon|1\n|-damage|p2a: Archaludon|0 fnt\n|faint|p2a: Archaludon\n|move|p1b: Charizard|Air Slash|p2b: Dragonite\n|-damage|p2b: Dragonite|82/100\n|\n|-weather|SunnyDay|[upkeep]\n|upkeep\n|\n|t:|1776385033\n|switch|p2a: Pelipper|Pelipper, L50, F|1/100\n|-weather|RainDance|[from] ability: Drizzle|[of] p2a: Pelipper\n|turn|5\n|\n|t:|1776385057\n|switch|p1a: Milotic|Milotic, L50, F|12/100\n|detailschange|p2b: Dragonite|Dragonite-Mega, L50, M\n|-mega|p2b: Dragonite|Dragonite|Dragoninite\n|move|p2b: Dragonite|Draco Meteor|p1a: Milotic\n|-damage|p1a: Milotic|0 fnt\n|-unboost|p2b: Dragonite|spa|2\n|faint|p1a: Milotic\n|move|p2a: Pelipper|Weather Ball|p1b: Charizard\n|-supereffective|p1b: Charizard|1\n|-damage|p1b: Charizard|0 fnt\n|faint|p1b: Charizard\n|\n|-weather|RainDance|[upkeep]\n|-sideend|p2: Braix2570|move: Tailwind\n|upkeep\n|\n|t:|1776385071\n|switch|p1b: Garchomp|Garchomp, L50, M|100/100\n|turn|6\n|\n|t:|1776385078\n|switch|p2b: Basculegion|Basculegion, L50, M|100/100\n|move|p1b: Garchomp|Dragon Claw|p2b: Basculegion\n|-damage|p2b: Basculegion|49/100\n|move|p2a: Pelipper|Tailwind|p2a: Pelipper\n|-sidestart|p2: Braix2570|move: Tailwind\n|\n|-weather|RainDance|[upkeep]\n|upkeep\n|turn|7\n|\n|t:|1776385086\n|move|p2b: Basculegion|Wave Crash|p1b: Garchomp\n|-damage|p1b: Garchomp|0 fnt\n|-damage|p2b: Basculegion|37/100|[from] ability: Rough Skin|[of] p1b: Garchomp\n|faint|p1b: Garchomp\n|-damage|p2b: Basculegion|6/100|[from] Recoil\n|\n|win|Braix2570\n|raw|prophets_vision's rating: 1089 &rarr; <strong>1072</strong><br />(-17 for losing)\n|raw|Braix2570's rating: 1182 &rarr; <strong>1200</strong><br />(+18 for winning)\n|l|\u2606prophets_vision\n|player|p1|\n",
  "uploadtime": 1776385093,
  "views": 21,
  "formatid": "gen9championsvgc2026regma",
  "rating": 1072,
  "private": 0,
  "password": null
}