{
  "id": "gen9championsvgc2026regma-2586169090",
  "format": "[Gen 9 Champions] VGC 2026 Reg M-A",
  "players": [
    "Nostalie",
    "slash123123"
  ],
  "log": "|j|\u2606Nostalie\n|j|\u2606slash123123\n|t:|1776407801\n|gametype|doubles\n|player|p1|Nostalie|iono|1159\n|player|p2|slash123123|rancher|1062\n|gen|9\n|tier|[Gen 9 Champions] VGC 2026 Reg M-A\n|rated|\n|rule|Species Clause: Limit one of each Pok\u00e9mon\n|rule|Item Clause: Limit 1 of each item\n|clearpoke\n|poke|p1|Tyranitar, L50, F|\n|poke|p1|Excadrill, L50, F|\n|poke|p1|Aerodactyl, L50, F|\n|poke|p1|Milotic, L50, M|\n|poke|p1|Meowscarada, L50, M|\n|poke|p1|Sinistcha, L50|\n|poke|p2|Scovillain, L50, F|\n|poke|p2|Archaludon, L50, M|\n|poke|p2|Kommo-o, L50, M|\n|poke|p2|Sinistcha, L50|\n|poke|p2|Corviknight, L50, F|\n|poke|p2|Milotic, L50, F|\n|teampreview|4\n|inactive|Battle timer is ON: inactive players will automatically lose when time's up. (requested by Nostalie)\n|inactive|Nostalie has 60 seconds left.\n|\n|t:|1776407839\n|teamsize|p1|4\n|teamsize|p2|4\n|start\n|switch|p1a: Aerodactyl|Aerodactyl, L50, F|100/100\n|switch|p1b: Milotic|Milotic, L50, M|100/100\n|switch|p2a: Scovillain|Scovillain, L50, F|100/100\n|switch|p2b: Corviknight|Corviknight, L50, F|100/100\n|-ability|p1a: Aerodactyl|Unnerve\n|-ability|p2b: Corviknight|Pressure\n|turn|1\n|inactive|slash123123 has 30 seconds left.\n|inactive|slash123123 has 20 seconds left.\n|\n|t:|1776407875\n|detailschange|p2a: Scovillain|Scovillain-Mega, L50, F\n|-mega|p2a: Scovillain|Scovillain|Scovillainite\n|move|p1a: Aerodactyl|Rock Slide|p2a: Scovillain|[spread] p2a,p2b\n|-supereffective|p2a: Scovillain|1\n|-damage|p2a: Scovillain|59/100\n|-damage|p2b: Corviknight|79/100\n|-status|p1a: Aerodactyl|brn|[from] ability: Spicy Spray|[of] p2a: Scovillain\n|move|p1b: Milotic|Coil|p1b: Milotic\n|-boost|p1b: Milotic|atk|1\n|-boost|p1b: Milotic|def|1\n|-boost|p1b: Milotic|accuracy|1\n|move|p2a: Scovillain|Leech Seed|p1b: Milotic\n|-start|p1b: Milotic|move: Leech Seed\n|move|p2b: Corviknight|Iron Defense|p2b: Corviknight\n|-boost|p2b: Corviknight|def|2\n|\n|-damage|p1b: Milotic|88/100|[from] Leech Seed|[of] p2a: Scovillain\n|-heal|p2a: Scovillain|72/100|[silent]\n|-damage|p1a: Aerodactyl|95/100 brn|[from] brn\n|upkeep\n|turn|2\n|\n|t:|1776407900\n|move|p1a: Aerodactyl|Tailwind|p1a: Aerodactyl\n|-sidestart|p1: Nostalie|move: Tailwind\n|move|p1b: Milotic|Muddy Water|p2b: Corviknight|[spread] p2a,p2b\n|-damage|p2a: Scovillain|35/100\n|-damage|p2b: Corviknight|55/100\n|-unboost|p2a: Scovillain|accuracy|1\n|-status|p1b: Milotic|brn|[from] ability: Spicy Spray|[of] p2a: Scovillain\n|move|p2a: Scovillain|Leech Seed|p1a: Aerodactyl\n|-start|p1a: Aerodactyl|move: Leech Seed\n|move|p2b: Corviknight|Iron Defense|p2b: Corviknight\n|-boost|p2b: Corviknight|def|2\n|\n|-damage|p1a: Aerodactyl|83/100 brn|[from] Leech Seed|[of] p2a: Scovillain\n|-heal|p2a: Scovillain|46/100|[silent]\n|-damage|p1b: Milotic|76/100 brn|[from] Leech Seed|[of] p2a: Scovillain\n|-heal|p2a: Scovillain|60/100|[silent]\n|-damage|p1a: Aerodactyl|77/100 brn|[from] brn\n|-damage|p1b: Milotic|71/100 brn|[from] brn\n|upkeep\n|turn|3\n|\n|t:|1776407919\n|move|p2a: Scovillain|Rage Powder|p2a: Scovillain\n|-singleturn|p2a: Scovillain|move: Rage Powder\n|move|p1a: Aerodactyl|Dual Wingbeat|p2a: Scovillain\n|-supereffective|p2a: Scovillain|1\n|-damage|p2a: Scovillain|45/100\n|-supereffective|p2a: Scovillain|1\n|-damage|p2a: Scovillain|27/100\n|-hitcount|p2a: Scovillain|2\n|move|p1b: Milotic|Muddy Water|p2a: Scovillain|[spread] p2a,p2b\n|-damage|p2a: Scovillain|0 fnt\n|-damage|p2b: Corviknight|32/100\n|faint|p2a: Scovillain\n|move|p2b: Corviknight|Roost|p2b: Corviknight\n|-heal|p2b: Corviknight|82/100\n|-singleturn|p2b: Corviknight|move: Roost\n|\n|-damage|p1a: Aerodactyl|71/100 brn|[from] brn\n|-damage|p1b: Milotic|65/100 brn|[from] brn\n|upkeep\n|inactive|slash123123 has 30 seconds left.\n|\n|t:|1776407953\n|switch|p2a: Kommo-o|Kommo-o, L50, M|100/100\n|turn|4\n|\n|t:|1776407968\n|move|p1a: Aerodactyl|Dual Wingbeat|p2a: Kommo-o\n|-supereffective|p2a: Kommo-o|1\n|-damage|p2a: Kommo-o|85/100\n|-supereffective|p2a: Kommo-o|1\n|-damage|p2a: Kommo-o|67/100\n|-hitcount|p2a: Kommo-o|2\n|move|p1b: Milotic|Icy Wind|p2b: Corviknight|[spread] p2a,p2b\n|-supereffective|p2a: Kommo-o|1\n|-crit|p2a: Kommo-o\n|-damage|p2a: Kommo-o|36/100\n|-damage|p2b: Corviknight|73/100\n|-unboost|p2a: Kommo-o|spe|1\n|-unboost|p2b: Corviknight|spe|1\n|move|p2a: Kommo-o|Clangorous Soul|p2a: Kommo-o\n|-boost|p2a: Kommo-o|atk|1\n|-boost|p2a: Kommo-o|def|1\n|-boost|p2a: Kommo-o|spa|1\n|-boost|p2a: Kommo-o|spd|1\n|-boost|p2a: Kommo-o|spe|1\n|-damage|p2a: Kommo-o|3/100\n|move|p2b: Corviknight|Iron Defense|p2b: Corviknight\n|-boost|p2b: Corviknight|def|2\n|\n|-damage|p1a: Aerodactyl|59/100 brn|[from] Leech Seed|[of] p2a: Kommo-o\n|-heal|p2a: Kommo-o|15/100|[silent]\n|-damage|p1b: Milotic|53/100 brn|[from] Leech Seed|[of] p2a: Kommo-o\n|-heal|p2a: Kommo-o|29/100|[silent]\n|-damage|p1a: Aerodactyl|53/100 brn|[from] brn\n|-damage|p1b: Milotic|47/100 brn|[from] brn\n|upkeep\n|-enditem|p1b: Milotic|Sitrus Berry|[eat]\n|-heal|p1b: Milotic|72/100 brn|[from] item: Sitrus Berry\n|turn|5\n|inactive|Nostalie has 30 seconds left.\n|inactive|slash123123 has 30 seconds left.\n|\n|t:|1776408000\n|move|p2a: Kommo-o|Protect|p2a: Kommo-o\n|-singleturn|p2a: Kommo-o|Protect\n|move|p1a: Aerodactyl|Dual Wingbeat|p2a: Kommo-o\n|-activate|p2a: Kommo-o|move: Protect\n|move|p1b: Milotic|Coil|p1b: Milotic\n|-boost|p1b: Milotic|atk|1\n|-boost|p1b: Milotic|def|1\n|-boost|p1b: Milotic|accuracy|1\n|move|p2b: Corviknight|Roost|p2b: Corviknight\n|-heal|p2b: Corviknight|100/100\n|-singleturn|p2b: Corviknight|move: Roost\n|\n|-damage|p1a: Aerodactyl|41/100 brn|[from] Leech Seed|[of] p2a: Kommo-o\n|-heal|p2a: Kommo-o|41/100|[silent]\n|-damage|p1b: Milotic|60/100 brn|[from] Leech Seed|[of] p2a: Kommo-o\n|-heal|p2a: Kommo-o|55/100|[silent]\n|-damage|p1a: Aerodactyl|36/100 brn|[from] brn\n|-damage|p1b: Milotic|54/100 brn|[from] brn\n|-sideend|p1: Nostalie|move: Tailwind\n|upkeep\n|turn|6\n|inactive|slash123123 has 30 seconds left.\n|\n|t:|1776408029\n|move|p1a: Aerodactyl|Tailwind|p1a: Aerodactyl\n|-sidestart|p1: Nostalie|move: Tailwind\n|move|p1b: Milotic|Icy Wind|p2b: Corviknight|[spread] p2a,p2b\n|-supereffective|p2a: Kommo-o|1\n|-crit|p2b: Corviknight\n|-damage|p2a: Kommo-o|40/100\n|-damage|p2b: Corviknight|87/100\n|-unboost|p2a: Kommo-o|spe|1\n|-unboost|p2b: Corviknight|spe|1\n|move|p2a: Kommo-o|Clanging Scales|p1b: Milotic|[spread] p1a,p1b\n|-damage|p1a: Aerodactyl|0 fnt\n|-damage|p1b: Milotic|16/100 brn\n|-enditem|p2a: Kommo-o|Sitrus Berry|[eat]\n|-heal|p2a: Kommo-o|65/100|[from] item: Sitrus Berry\n|faint|p1a: Aerodactyl\n|-unboost|p2a: Kommo-o|def|1\n|move|p2b: Corviknight|Body Press|p1b: Milotic\n|-damage|p1b: Milotic|0 fnt\n|faint|p1b: Milotic\n|\n|upkeep\n|\n|t:|1776408045\n|switch|p1a: Excadrill|Excadrill, L50, F|100/100\n|switch|p1b: Tyranitar|Tyranitar, L50, F|100/100\n|-weather|Sandstorm|[from] ability: Sand Stream|[of] p1b: Tyranitar\n|turn|7\n|\n|t:|1776408067\n|detailschange|p1b: Tyranitar|Tyranitar-Mega, L50, F\n|-mega|p1b: Tyranitar|Tyranitar|Tyranitarite\n|move|p1a: Excadrill|High Horsepower|p2a: Kommo-o\n|-damage|p2a: Kommo-o|10/100\n|move|p1b: Tyranitar|Rock Slide|p2a: Kommo-o|[spread] p2a,p2b\n|-resisted|p2a: Kommo-o|1\n|-damage|p2a: Kommo-o|0 fnt\n|-damage|p2b: Corviknight|80/100\n|faint|p2a: Kommo-o\n|move|p2b: Corviknight|Body Press|p1a: Excadrill\n|-supereffective|p1a: Excadrill|1\n|-damage|p1a: Excadrill|0 fnt\n|faint|p1a: Excadrill\n|\n|-weather|Sandstorm|[upkeep]\n|upkeep\n|\n|t:|1776408080\n|switch|p2a: Sinistcha|Sinistcha, L50|100/100\n|-heal|p2b: Corviknight|100/100|[from] ability: Hospitality|[of] p2a: Sinistcha\n|turn|8\n|\n|t:|1776408087\n|move|p1b: Tyranitar|Knock Off|p2a: Sinistcha\n|-supereffective|p2a: Sinistcha|1\n|-enditem|p2a: Sinistcha|Colbur Berry|[eat]\n|-enditem|p2a: Sinistcha|Colbur Berry|[weaken]\n|-damage|p2a: Sinistcha|54/100\n|move|p2a: Sinistcha|Matcha Gotcha|p1b: Tyranitar\n|-supereffective|p1b: Tyranitar|1\n|-damage|p1b: Tyranitar|68/100\n|-heal|p2a: Sinistcha|73/100|[from] drain|[of] p1b: Tyranitar\n|-status|p1b: Tyranitar|brn\n|move|p2b: Corviknight|Body Press|p1b: Tyranitar\n|-supereffective|p1b: Tyranitar|2\n|-damage|p1b: Tyranitar|0 fnt\n|faint|p1b: Tyranitar\n|\n|win|slash123123\n|raw|Nostalie's rating: 1159 &rarr; <strong>1127</strong><br />(-32 for losing)\n|raw|slash123123's rating: 1062 &rarr; <strong>1101</strong><br />(+39 for winning)\n|l|\u2606Nostalie\n|player|p1|\n",
  "uploadtime": 1776408104,
  "views": 19,
  "formatid": "gen9championsvgc2026regma",
  "rating": 1101,
  "private": 0,
  "password": null
}