{
  "id": "gen9championsvgc2026regma-2586995482",
  "format": "[Gen 9 Champions] VGC 2026 Reg M-A",
  "players": [
    "iqsolid",
    "sprix"
  ],
  "log": "|j|\u2606iqsolid\n|j|\u2606sprix\n|t:|1776479381\n|gametype|doubles\n|player|p1|iqsolid|steven|1369\n|player|p2|sprix|benga|1324\n|gen|9\n|tier|[Gen 9 Champions] VGC 2026 Reg M-A\n|rated|\n|rule|Species Clause: Limit one of each Pok\u00e9mon\n|rule|Item Clause: Limit 1 of each item\n|clearpoke\n|poke|p1|Maushold, L50|\n|poke|p1|Rotom-Wash, L50|\n|poke|p1|Incineroar, L50, F|\n|poke|p1|Whimsicott, L50, F|\n|poke|p1|Gengar, L50, M|\n|poke|p1|Goodra-Hisui, L50, F|\n|poke|p2|Delphox, L50, F|\n|poke|p2|Sinistcha, L50|\n|poke|p2|Primarina, L50, F|\n|poke|p2|Rotom-Wash, L50|\n|poke|p2|Excadrill, L50, M|\n|poke|p2|Tyranitar, L50, M|\n|teampreview|4\n|inactive|Battle timer is ON: inactive players will automatically lose when time's up. (requested by sprix)\n|inactive|iqsolid has 60 seconds left.\n|\n|t:|1776479415\n|teamsize|p1|4\n|teamsize|p2|4\n|start\n|switch|p1a: Maushold|Maushold, L50|100/100\n|switch|p1b: Incineroar|Incineroar, L50, F|100/100\n|switch|p2a: Sinistcha|Sinistcha, L50|100/100\n|switch|p2b: Rotom|Rotom-Wash, L50|100/100\n|-ability|p1b: Incineroar|Intimidate|boost\n|-unboost|p2a: Sinistcha|atk|1\n|-unboost|p2b: Rotom|atk|1\n|turn|1\n|\n|t:|1776479433\n|move|p1b: Incineroar|Fake Out|p2b: Rotom\n|-damage|p2b: Rotom|88/100\n|move|p1a: Maushold|Taunt|p2a: Sinistcha\n|-start|p2a: Sinistcha|move: Taunt\n|cant|p2b: Rotom|flinch\n|cant|p2a: Sinistcha|move: Taunt|Trick Room\n|\n|upkeep\n|turn|2\n|inactive|sprix has 30 seconds left.\n|\n|t:|1776479464\n|switch|p2a: Tyranitar|Tyranitar, L50, M, shiny|100/100\n|-weather|Sandstorm|[from] ability: Sand Stream|[of] p2a: Tyranitar\n|move|p1a: Maushold|Follow Me|p1a: Maushold\n|-singleturn|p1a: Maushold|move: Follow Me\n|move|p2b: Rotom|Trick|p1a: Maushold\n|-activate|p2b: Rotom|move: Trick|[of] p1a: Maushold\n|-item|p1a: Maushold|Choice Scarf|[from] move: Trick\n|-item|p2b: Rotom|Chople Berry|[from] move: Trick\n|move|p1b: Incineroar|Parting Shot|p2b: Rotom\n|-unboost|p2b: Rotom|atk|1\n|-unboost|p2b: Rotom|spa|1\n|\n|t:|1776479476\n|switch|p1b: Rotom|Rotom-Wash, L50|100/100|[from] Parting Shot\n|\n|-weather|Sandstorm|[upkeep]\n|-damage|p1a: Maushold|94/100|[from] Sandstorm\n|-damage|p1b: Rotom|95/100|[from] Sandstorm\n|-damage|p2b: Rotom|83/100|[from] Sandstorm\n|upkeep\n|turn|3\n|inactive|iqsolid has 30 seconds left.\n|\n|t:|1776479510\n|switch|p2b: Sinistcha|Sinistcha, L50|100/100\n|move|p1a: Maushold|Super Fang|p2a: Tyranitar\n|-damage|p2a: Tyranitar|51/100\n|move|p1b: Rotom|Volt Switch|p2b: Sinistcha\n|-resisted|p2b: Sinistcha|1\n|-damage|p2b: Sinistcha|88/100\n|\n|t:|1776479517\n|switch|p1b: Incineroar|Incineroar, L50, F|100/100|[from] Volt Switch\n|-ability|p1b: Incineroar|Intimidate|boost\n|-unboost|p2a: Tyranitar|atk|1\n|-unboost|p2b: Sinistcha|atk|1\n|move|p2a: Tyranitar|Knock Off|p1b: Incineroar\n|-resisted|p1b: Incineroar|1\n|-damage|p1b: Incineroar|91/100\n|-enditem|p1b: Incineroar|Sitrus Berry|[from] move: Knock Off|[of] p2a: Tyranitar\n|\n|-weather|Sandstorm|[upkeep]\n|-damage|p1a: Maushold|88/100|[from] Sandstorm\n|-damage|p1b: Incineroar|85/100|[from] Sandstorm\n|-damage|p2b: Sinistcha|82/100|[from] Sandstorm\n|upkeep\n|turn|4\n|inactive|sprix has 30 seconds left.\n|\n|t:|1776479551\n|switch|p1a: Rotom|Rotom-Wash, L50|95/100\n|move|p2a: Tyranitar|Protect|p2a: Tyranitar\n|-singleturn|p2a: Tyranitar|Protect\n|move|p1b: Incineroar|Parting Shot|p2a: Tyranitar\n|-activate|p2a: Tyranitar|move: Protect\n|move|p2b: Sinistcha|Trick Room|p2b: Sinistcha\n|-fieldstart|move: Trick Room|[of] p2b: Sinistcha\n|\n|-weather|Sandstorm|[upkeep]\n|-damage|p2b: Sinistcha|76/100|[from] Sandstorm\n|-damage|p1b: Incineroar|79/100|[from] Sandstorm\n|-damage|p1a: Rotom|89/100|[from] Sandstorm\n|upkeep\n|turn|5\n|inactive|iqsolid has 30 seconds left.\n|inactive|sprix has 30 seconds left.\n|\n|t:|1776479580\n|switch|p1a: Maushold|Maushold, L50|88/100\n|move|p2a: Tyranitar|Rock Slide|p1a: Maushold|[spread] p1a,p1b\n|-supereffective|p1b: Incineroar|1\n|-damage|p1a: Maushold|67/100\n|-damage|p1b: Incineroar|53/100\n|move|p2b: Sinistcha|Matcha Gotcha|p1b: Incineroar|[spread] p1a,p1b\n|-resisted|p1b: Incineroar|1\n|-damage|p1a: Maushold|39/100\n|-heal|p2b: Sinistcha|90/100|[from] drain|[of] p1a: Maushold\n|-damage|p1b: Incineroar|46/100\n|-heal|p2b: Sinistcha|95/100|[from] drain|[of] p1b: Incineroar\n|move|p1b: Incineroar|Flare Blitz|p2b: Sinistcha\n|-supereffective|p2b: Sinistcha|1\n|-damage|p2b: Sinistcha|0 fnt\n|faint|p2b: Sinistcha\n|-damage|p1b: Incineroar|18/100|[from] Recoil\n|\n|-weather|Sandstorm|[upkeep]\n|-damage|p1b: Incineroar|12/100|[from] Sandstorm\n|-damage|p1a: Maushold|33/100|[from] Sandstorm\n|upkeep\n|\n|t:|1776479600\n|switch|p2b: Rotom|Rotom-Wash, L50|83/100\n|turn|6\n|\n|t:|1776479615\n|switch|p1b: Rotom|Rotom-Wash, L50|89/100\n|move|p1a: Maushold|Protect|p1a: Maushold\n|-singleturn|p1a: Maushold|Protect\n|move|p2a: Tyranitar|Rock Slide|p1a: Maushold|[spread] p1b\n|-activate|p1a: Maushold|move: Protect\n|-damage|p1b: Rotom|73/100\n|move|p2b: Rotom|Volt Switch|p1b: Rotom\n|-damage|p1b: Rotom|48/100\n|\n|t:|1776479626\n|switch|p2b: Excadrill|Excadrill, L50, M|100/100|[from] Volt Switch\n|\n|-weather|none\n|upkeep\n|turn|7\n|\n|t:|1776479644\n|switch|p1a: Incineroar|Incineroar, L50, F|12/100\n|-ability|p1a: Incineroar|Intimidate|boost\n|-unboost|p2a: Tyranitar|atk|1\n|-unboost|p2b: Excadrill|atk|1\n|move|p2a: Tyranitar|Rock Slide|p1a: Incineroar|[spread] p1a,p1b\n|-supereffective|p1a: Incineroar|1\n|-damage|p1a: Incineroar|0 fnt\n|-damage|p1b: Rotom|35/100\n|faint|p1a: Incineroar\n|move|p2b: Excadrill|Rock Slide|p1b: Rotom\n|-damage|p1b: Rotom|11/100\n|cant|p1b: Rotom|flinch\n|\n|upkeep\n|\n|t:|1776479660\n|switch|p1a: Maushold|Maushold, L50|33/100\n|turn|8\n|\n|t:|1776479669\n|move|p1a: Maushold|Protect|p1a: Maushold\n|-singleturn|p1a: Maushold|Protect\n|move|p2a: Tyranitar|Rock Slide|p1b: Rotom|[spread] \n|-activate|p1a: Maushold|move: Protect\n|-miss|p2a: Tyranitar|p1b: Rotom\n|move|p2b: Excadrill|Rock Slide|p1b: Rotom|[spread] p1b\n|-activate|p1a: Maushold|move: Protect\n|-damage|p1b: Rotom|0 fnt\n|faint|p1b: Rotom\n|\n|-fieldend|move: Trick Room\n|upkeep\n|\n|t:|1776479679\n|switch|p1b: Gengar|Gengar, L50, M|100/100\n|turn|9\n|\n|t:|1776479698\n|detailschange|p1b: Gengar|Gengar-Mega, L50, M\n|-mega|p1b: Gengar|Gengar|Gengarite\n|detailschange|p2a: Tyranitar|Tyranitar-Mega, L50, M, shiny\n|-mega|p2a: Tyranitar|Tyranitar|Tyranitarite\n|-weather|Sandstorm|[from] ability: Sand Stream|[of] p2a: Tyranitar\n|move|p1a: Maushold|Protect|p1a: Maushold\n|-singleturn|p1a: Maushold|Protect\n|move|p2a: Tyranitar|Protect|p2a: Tyranitar\n|-singleturn|p2a: Tyranitar|Protect\n|move|p2b: Excadrill|Earthquake|p1a: Maushold|[spread] p1b\n|-activate|p2a: Tyranitar|move: Protect\n|-activate|p1a: Maushold|move: Protect\n|-supereffective|p1b: Gengar|1\n|-damage|p1b: Gengar|48/100\n|move|p1b: Gengar|Sludge Bomb|p2a: Tyranitar\n|-activate|p2a: Tyranitar|move: Protect\n|\n|-weather|Sandstorm|[upkeep]\n|-damage|p1a: Maushold|26/100|[from] Sandstorm\n|-damage|p1b: Gengar|42/100|[from] Sandstorm\n|upkeep\n|turn|10\n|-message|iqsolid forfeited.\n|\n|win|sprix\n|raw|iqsolid's rating: 1369 &rarr; <strong>1346</strong><br />(-23 for losing)\n|raw|sprix's rating: 1324 &rarr; <strong>1347</strong><br />(+23 for winning)\n",
  "uploadtime": 1776479714,
  "views": 27,
  "formatid": "gen9championsvgc2026regma",
  "rating": 1346,
  "private": 0,
  "password": null
}