{
  "id": "gen9championsvgc2026regma-2581513532",
  "format": "[Gen 9 Champions] VGC 2026 Reg M-A",
  "players": [
    "haldernspacemarie",
    "kala0816"
  ],
  "log": "|j|\u2606haldernspacemarie\n|j|\u2606kala0816\n|t:|1776007225\n|gametype|doubles\n|player|p1|haldernspacemarie|roxie|1065\n|player|p2|kala0816|1|1000\n|gen|9\n|tier|[Gen 9 Champions] VGC 2026 Reg M-A\n|rated|\n|rule|Species Clause: Limit one of each Pok\u00e9mon\n|rule|Item Clause: Limit 1 of each item\n|clearpoke\n|poke|p1|Orthworm, L50, M|\n|poke|p1|Golurk, L50|\n|poke|p1|Hatterene, L50, F|\n|poke|p1|Camerupt, L50, F|\n|poke|p1|Reuniclus, L50, F|\n|poke|p1|Incineroar, L50, M|\n|poke|p2|Floette-Eternal, L50, F|\n|poke|p2|Maushold, L50|\n|poke|p2|Garchomp, L50, F|\n|poke|p2|Talonflame, L50, F|\n|poke|p2|Rotom-Wash, L50|\n|poke|p2|Aegislash, L50, M|\n|teampreview|4\n|inactive|Battle timer is ON: inactive players will automatically lose when time's up. (requested by kala0816)\nkala0816 has agreed to open team sheets.\n|inactive|kala0816 has 60 seconds left.\n|\n|t:|1776007281\n|teamsize|p1|4\n|teamsize|p2|4\n|start\n|switch|p1a: Orthworm|Orthworm, L50, M|100/100\n|switch|p1b: Hatterene|Hatterene, L50, F|100/100\n|switch|p2a: Floette|Floette-Eternal, L50, F|100/100\n|switch|p2b: Maushold|Maushold, L50|100/100\n|turn|1\n|\n|t:|1776007294\n|detailschange|p2a: Floette|Floette-Mega, L50, F\n|-mega|p2a: Floette|Floette|Floettite\n|-ability|p2a: Floette|Fairy Aura\n|move|p2a: Floette|Protect|p2a: Floette\n|-singleturn|p2a: Floette|Protect\n|move|p2b: Maushold|Taunt|p1b: Hatterene\n|move|p1b: Hatterene|Taunt|p2b: Maushold|[from] ability: Magic Bounce\n|-start|p2b: Maushold|move: Taunt\n|move|p1a: Orthworm|Shed Tail|p1a: Orthworm\n|-start|p1a: Orthworm|Substitute|[from] move: Shed Tail\n|-damage|p1a: Orthworm|50/100\n|-enditem|p1a: Orthworm|Sitrus Berry|[eat]\n|-heal|p1a: Orthworm|75/100|[from] item: Sitrus Berry\n|\n|t:|1776007308\n|switch|p1a: Golurk|Golurk, L50|100/100|[from] Shed Tail\n|move|p1b: Hatterene|Trick Room|p1b: Hatterene\n|-fieldstart|move: Trick Room|[of] p1b: Hatterene\n|\n|upkeep\n|turn|2\n|inactive|haldernspacemarie has 30 seconds left.\n|inactive|kala0816 has 30 seconds left.\n|inactive|kala0816 has 20 seconds left.\n|\n|t:|1776007348\n|switch|p2a: Rotom|Rotom-Wash, L50|100/100\n|switch|p2b: Aegislash|Aegislash, L50, M, shiny|100/100\n|detailschange|p1a: Golurk|Golurk-Mega, L50\n|-mega|p1a: Golurk|Golurk|Golurkite\n|move|p1b: Hatterene|Nuzzle|p2b: Aegislash\n|-damage|p2b: Aegislash|96/100\n|-status|p2b: Aegislash|par\n|move|p1a: Golurk|Poltergeist|p2a: Rotom\n|-activate|p2a: Rotom|move: Poltergeist|Sitrus Berry\n|-damage|p2a: Rotom|16/100\n|-enditem|p2a: Rotom|Sitrus Berry|[eat]\n|-heal|p2a: Rotom|41/100|[from] item: Sitrus Berry\n|\n|upkeep\n|turn|3\n|inactive|haldernspacemarie has 30 seconds left.\n|inactive|kala0816 has 30 seconds left.\n|inactive|haldernspacemarie has 20 seconds left.\n|inactive|kala0816 has 20 seconds left.\n|inactive|haldernspacemarie has 15 seconds left.\n|\n|t:|1776007392\n|-formechange|p2b: Aegislash|Aegislash-Blade|\n|move|p2b: Aegislash|Poltergeist|p1a: Golurk\n|-activate|p1a: Golurk|move: Poltergeist|Golurkite\n|-supereffective|p1a: Golurk|1\n|-end|p1a: Golurk|Substitute\n|move|p1b: Hatterene|Mystical Fire|p2a: Rotom\n|-resisted|p2a: Rotom|1\n|-damage|p2a: Rotom|27/100\n|-unboost|p2a: Rotom|spa|1\n|move|p1a: Golurk|Poltergeist|p2b: Aegislash\n|-activate|p2b: Aegislash|move: Poltergeist|Spell Tag\n|-supereffective|p2b: Aegislash|1\n|-damage|p2b: Aegislash|0 fnt\n|faint|p2b: Aegislash\n|move|p2a: Rotom|Hydro Pump|p1a: Golurk\n|-supereffective|p1a: Golurk|1\n|-damage|p1a: Golurk|39/100\n|\n|upkeep\n|\n|t:|1776007410\n|switch|p2b: Maushold|Maushold, L50|100/100\n|turn|4\n|inactive|haldernspacemarie has 30 seconds left.\n|\n|t:|1776007439\n|move|p2b: Maushold|Follow Me|p2b: Maushold\n|-singleturn|p2b: Maushold|move: Follow Me\n|move|p1b: Hatterene|Nuzzle|p2b: Maushold\n|-damage|p2b: Maushold|95/100\n|-status|p2b: Maushold|par\n|move|p1a: Golurk|Poltergeist|p2b: Maushold\n|-immune|p2b: Maushold\n|move|p2a: Rotom|Hydro Pump|p1a: Golurk\n|-supereffective|p1a: Golurk|1\n|-damage|p1a: Golurk|0 fnt\n|faint|p1a: Golurk\n|\n|upkeep\n|\n|t:|1776007451\n|switch|p1a: Orthworm|Orthworm, L50, M|75/100\n|turn|5\n|\n|t:|1776007466\n|move|p1b: Hatterene|Dazzling Gleam|p2b: Maushold|[spread] p2a,p2b\n|-damage|p2a: Rotom|7/100\n|-damage|p2b: Maushold|63/100 par\n|move|p1a: Orthworm|Shed Tail|p1a: Orthworm\n|-start|p1a: Orthworm|Substitute|[from] move: Shed Tail\n|-damage|p1a: Orthworm|25/100\n|\n|t:|1776007472\n|switch|p1a: Incineroar|Incineroar, L50, M|100/100|[from] Shed Tail\n|-ability|p1a: Incineroar|Intimidate|boost\n|-unboost|p2a: Rotom|atk|1\n|-unboost|p2b: Maushold|atk|1\n|move|p2b: Maushold|Super Fang|p1b: Hatterene\n|-damage|p1b: Hatterene|50/100\n|move|p2a: Rotom|Hydro Pump|p1b: Hatterene|[miss]\n|-miss|p2a: Rotom|p1b: Hatterene\n|\n|-fieldend|move: Trick Room\n|upkeep\n|turn|6\n|inactive|kala0816 has 30 seconds left.\n|inactive|kala0816 has 20 seconds left.\n|inactive|kala0816 has 15 seconds left.\n|inactive|kala0816 has 10 seconds left.\n|\n|t:|1776007520\n|move|p1a: Incineroar|Fake Out|p2a: Rotom\n|-damage|p2a: Rotom|0 fnt\n|faint|p2a: Rotom\n|move|p2b: Maushold|Super Fang|p1b: Hatterene\n|-damage|p1b: Hatterene|25/100\n|move|p1b: Hatterene|Trick Room|p1b: Hatterene\n|-fieldstart|move: Trick Room|[of] p1b: Hatterene\n|\n|upkeep\n|\n|t:|1776007527\n|switch|p2a: Floette|Floette-Mega, L50, F|100/100\n|-ability|p2a: Floette|Fairy Aura\n|turn|7\n|inactive|haldernspacemarie has 30 seconds left.\n|\n|t:|1776007555\n|move|p2b: Maushold|Follow Me|p2b: Maushold\n|-singleturn|p2b: Maushold|move: Follow Me\n|move|p1b: Hatterene|Mystical Fire|p2b: Maushold\n|-damage|p2b: Maushold|36/100 par\n|-unboost|p2b: Maushold|spa|1\n|move|p1a: Incineroar|Flare Blitz|p2b: Maushold\n|-damage|p2b: Maushold|0 fnt\n|faint|p2b: Maushold\n|-damage|p1a: Incineroar|90/100|[from] Recoil\n|move|p2a: Floette|Dazzling Gleam|p1b: Hatterene|[spread] p1a,p1b\n|-end|p1a: Incineroar|Substitute\n|-damage|p1b: Hatterene|0 fnt\n|faint|p1b: Hatterene\n|\n|upkeep\n|\n|t:|1776007560\n|switch|p1b: Orthworm|Orthworm, L50, M|25/100\n|turn|8\n|\n|t:|1776007578\n|move|p2a: Floette|Protect|p2a: Floette\n|-singleturn|p2a: Floette|Protect\n|move|p1a: Incineroar|Flare Blitz|p2a: Floette\n|-activate|p2a: Floette|move: Protect\n|move|p1b: Orthworm|Iron Head|p2a: Floette\n|-activate|p2a: Floette|move: Protect\n|\n|upkeep\n|turn|9\n|inactive|haldernspacemarie has 30 seconds left.\n|inactive|haldernspacemarie has 20 seconds left.\n|inactive|haldernspacemarie has 15 seconds left.\n|\n|t:|1776007619\n|move|p1a: Incineroar|Flare Blitz|p2a: Floette\n|-damage|p2a: Floette|19/100\n|-damage|p1a: Incineroar|66/100|[from] Recoil\n|move|p1b: Orthworm|Iron Head|p2a: Floette\n|-supereffective|p2a: Floette|1\n|-damage|p2a: Floette|0 fnt\n|faint|p2a: Floette\n|\n|win|haldernspacemarie\n|raw|haldernspacemarie's rating: 1065 &rarr; <strong>1090</strong><br />(+25 for winning)\n|raw|kala0816's rating: 1000 &rarr; <strong>1000</strong><br />(+0 for losing)\n",
  "uploadtime": 1776007619,
  "views": 14,
  "formatid": "gen9championsvgc2026regma",
  "rating": 1000,
  "private": 0,
  "password": null
}