{
  "id": "gen9championsvgc2026regma-2584471542",
  "format": "[Gen 9 Champions] VGC 2026 Reg M-A",
  "players": [
    "helmy",
    "smp on whimsicott"
  ],
  "log": "|j|\u2606helmy\n|j|\u2606smp on whimsicott\n|t:|1776263112\n|gametype|doubles\n|player|p1|helmy|266|1269\n|player|p2|smp on whimsicott|artist-gen4|1313\n|gen|9\n|tier|[Gen 9 Champions] VGC 2026 Reg M-A\n|rated|\n|rule|Species Clause: Limit one of each Pok\u00e9mon\n|rule|Item Clause: Limit 1 of each item\n|clearpoke\n|poke|p1|Tyranitar, L50, F|\n|poke|p1|Glimmora, L50, M|\n|poke|p1|Scizor, L50, M|\n|poke|p1|Kommo-o, L50, F|\n|poke|p1|Whimsicott, L50, F|\n|poke|p1|Zoroark-Hisui, L50, M|\n|poke|p2|Floette-Eternal, L50, F|\n|poke|p2|Aegislash, L50, F|\n|poke|p2|Talonflame, L50, M|\n|poke|p2|Basculegion, L50, M|\n|poke|p2|Milotic, L50, M|\n|poke|p2|Garchomp, L50, F|\n|teampreview|4\n|\n|t:|1776263147\n|teamsize|p1|4\n|teamsize|p2|4\n|start\n|switch|p1a: Glimmora|Glimmora, L50, M|100/100\n|switch|p1b: Kommo-o|Kommo-o, L50, F|100/100\n|switch|p2a: Garchomp|Garchomp, L50, F|100/100\n|switch|p2b: Talonflame|Talonflame, L50, M|100/100\n|turn|1\n|inactive|Battle timer is ON: inactive players will automatically lose when time's up. (requested by helmy)\n|\n|t:|1776263156\n|move|p2b: Talonflame|Dual Wingbeat|p1b: Kommo-o\n|-supereffective|p1b: Kommo-o|1\n|-damage|p1b: Kommo-o|63/100\n|-supereffective|p1b: Kommo-o|1\n|-crit|p1b: Kommo-o\n|-damage|p1b: Kommo-o|3/100\n|-hitcount|p1b: Kommo-o|2\n|move|p1a: Glimmora|Power Gem|p2b: Talonflame\n|-supereffective|p2b: Talonflame|2\n|-damage|p2b: Talonflame|0 fnt\n|faint|p2b: Talonflame\n|move|p1b: Kommo-o|Clangorous Soul||[still]\n|-fail|p1b: Kommo-o\n|move|p2a: Garchomp|Dragon Claw|p1b: Kommo-o\n|-supereffective|p1b: Kommo-o|1\n|-damage|p1b: Kommo-o|0 fnt\n|faint|p1b: Kommo-o\n|\n|upkeep\n|\n|t:|1776263165\n|switch|p2b: Milotic|Milotic, L50, M|100/100\n|switch|p1b: Whimsicott|Whimsicott, L50, F|100/100\n|turn|2\n|\n|t:|1776263174\n|move|p1a: Glimmora|Power Gem|p2b: Milotic\n|-damage|p2b: Milotic|69/100\n|move|p2a: Garchomp|Earthquake|p1b: Whimsicott|[spread] p2b,p1a,p1b\n|-supereffective|p1a: Glimmora|2\n|-resisted|p1b: Whimsicott|1\n|-damage|p2b: Milotic|33/100\n|-damage|p1a: Glimmora|0 fnt\n|-damage|p1b: Whimsicott|82/100\n|-activate|p1a: Glimmora|ability: Toxic Debris\n|-sidestart|p2: smp on whimsicott|move: Toxic Spikes\n|faint|p1a: Glimmora\n|move|p1b: Whimsicott|Moonblast|p2a: Garchomp\n|-supereffective|p2a: Garchomp|1\n|-damage|p2a: Garchomp|51/100\n|move|p2b: Milotic|Scald|p1b: Whimsicott\n|-resisted|p1b: Whimsicott|1\n|-damage|p1b: Whimsicott|62/100\n|\n|-heal|p2b: Milotic|39/100|[from] item: Leftovers\n|upkeep\n|\n|t:|1776263177\n|switch|p1a: Scizor|Scizor, L50, M|100/100\n|turn|3\n|\n|t:|1776263190\n|detailschange|p1a: Scizor|Scizor-Mega, L50, M\n|-mega|p1a: Scizor|Scizor|Scizorite\n|move|p2a: Garchomp|Rock Slide|p1a: Scizor|[spread] p1a,p1b\n|-damage|p1a: Scizor|85/100\n|-damage|p1b: Whimsicott|43/100\n|-enditem|p1b: Whimsicott|Sitrus Berry|[eat]\n|-heal|p1b: Whimsicott|68/100|[from] item: Sitrus Berry\n|move|p1b: Whimsicott|Moonblast|p2a: Garchomp\n|-supereffective|p2a: Garchomp|1\n|-damage|p2a: Garchomp|1/100\n|-unboost|p2a: Garchomp|spa|1\n|-enditem|p2a: Garchomp|White Herb\n|-clearnegativeboost|p2a: Garchomp|[silent]\n|move|p2b: Milotic|Icy Wind|p1b: Whimsicott|[spread] p1a,p1b\n|-resisted|p1a: Scizor|1\n|-supereffective|p1b: Whimsicott|1\n|-damage|p1a: Scizor|78/100\n|-damage|p1b: Whimsicott|39/100\n|-unboost|p1a: Scizor|spe|1\n|-unboost|p1b: Whimsicott|spe|1\n|cant|p1a: Scizor|flinch\n|\n|-heal|p2b: Milotic|45/100|[from] item: Leftovers\n|upkeep\n|turn|4\n|\n|t:|1776263213\n|move|p1a: Scizor|Protect|p1a: Scizor\n|-singleturn|p1a: Scizor|Protect\n|move|p1b: Whimsicott|Tailwind|p1b: Whimsicott\n|-sidestart|p1: helmy|move: Tailwind\n|move|p2a: Garchomp|Rock Slide|p1a: Scizor|[spread] p1b\n|-activate|p1a: Scizor|move: Protect\n|-damage|p1b: Whimsicott|21/100\n|move|p2b: Milotic|Icy Wind|p1b: Whimsicott|[spread] \n|-activate|p1a: Scizor|move: Protect\n|-miss|p2b: Milotic|p1b: Whimsicott\n|\n|-heal|p2b: Milotic|51/100|[from] item: Leftovers\n|upkeep\n|turn|5\n|\n|t:|1776263228\n|move|p1b: Whimsicott|Moonblast|p2a: Garchomp\n|-supereffective|p2a: Garchomp|1\n|-damage|p2a: Garchomp|0 fnt\n|faint|p2a: Garchomp\n|move|p1a: Scizor|Bug Bite|p2b: Milotic\n|-damage|p2b: Milotic|0 fnt\n|faint|p2b: Milotic\n|\n|upkeep\n|\n|t:|1776263236\n|switch|p2b: Basculegion|Basculegion, L50, M|100/100\n|-status|p2b: Basculegion|psn\n|turn|6\n|\n|t:|1776263249\n|move|p1a: Scizor|Protect|p1a: Scizor\n|-singleturn|p1a: Scizor|Protect\n|move|p2b: Basculegion|Last Respects|p1a: Scizor\n|-activate|p1a: Scizor|move: Protect\n|move|p1b: Whimsicott|Moonblast|p2b: Basculegion\n|-damage|p2b: Basculegion|71/100 psn\n|\n|-damage|p2b: Basculegion|59/100 psn|[from] psn\n|upkeep\n|turn|7\n|\n|t:|1776263256\n|move|p1b: Whimsicott|Helping Hand|p1a: Scizor\n|-singleturn|p1a: Scizor|Helping Hand|[of] p1b: Whimsicott\n|move|p1a: Scizor|Bullet Punch|p2b: Basculegion\n|-resisted|p2b: Basculegion|1\n|-damage|p2b: Basculegion|26/100 psn\n|move|p2b: Basculegion|Last Respects|p1b: Whimsicott\n|-damage|p1b: Whimsicott|0 fnt\n|faint|p1b: Whimsicott\n|\n|-damage|p2b: Basculegion|14/100 psn|[from] psn\n|-sideend|p1: helmy|move: Tailwind\n|upkeep\n|turn|8\n|-message|smp on whimsicott forfeited.\n|\n|win|helmy\n|raw|helmy's rating: 1269 &rarr; <strong>1297</strong><br />(+28 for winning)\n|raw|smp on whimsicott's rating: 1313 &rarr; <strong>1290</strong><br />(-23 for losing)\n",
  "uploadtime": 1776263266,
  "views": 40,
  "formatid": "gen9championsvgc2026regma",
  "rating": 1290,
  "private": 0,
  "password": null
}