{
  "id": "gen9championsvgc2026regma-2583553568",
  "format": "[Gen 9 Champions] VGC 2026 Reg M-A",
  "players": [
    "RedEmperorKing",
    "kanye2032"
  ],
  "log": "|j|\u2606RedEmperorKing\n|j|\u2606kanye2032\n|t:|1776182925\n|gametype|doubles\n|player|p1|RedEmperorKing|alder|1145\n|player|p2|kanye2032|170|1119\n|gen|9\n|tier|[Gen 9 Champions] VGC 2026 Reg M-A\n|rated|\n|rule|Species Clause: Limit one of each Pok\u00e9mon\n|rule|Item Clause: Limit 1 of each item\n|clearpoke\n|poke|p1|Charizard, L50, M|\n|poke|p1|Typhlosion-Hisui, L50, F|\n|poke|p1|Venusaur, L50, M|\n|poke|p1|Sneasler, L50, F|\n|poke|p1|Whimsicott, L50, F|\n|poke|p1|Ninetales-Alola, L50, F|\n|poke|p2|Charizard, L50, F|\n|poke|p2|Whimsicott, L50, F|\n|poke|p2|Gallade, L50, M|\n|poke|p2|Zoroark-Hisui, L50, M|\n|poke|p2|Sinistcha, L50|\n|poke|p2|Armarouge, L50, F|\n|teampreview|4\n|inactive|Battle timer is ON: inactive players will automatically lose when time's up. (requested by kanye2032)\n|inactive|RedEmperorKing also wants the timer to be on.\n|\n|t:|1776182955\n|teamsize|p1|4\n|teamsize|p2|4\n|start\n|switch|p1a: Sneasler|Sneasler, L50, F|100/100\n|switch|p1b: Ninetales|Ninetales-Alola, L50, F|100/100\n|switch|p2a: Whimsicott|Whimsicott, L50, F|100/100\n|switch|p2b: Charizard|Charizard, L50, F|100/100\n|-weather|Snowscape|[from] ability: Snow Warning|[of] p1b: Ninetales\n|turn|1\n|\n|t:|1776182973\n|move|p1a: Sneasler|Fake Out|p2b: Charizard\n|-immune|p2b: Charizard\n|move|p2a: Whimsicott|Fake Tears|p1a: Sneasler\n|-unboost|p1a: Sneasler|spd|2\n|-enditem|p1a: Sneasler|White Herb\n|-clearnegativeboost|p1a: Sneasler|[silent]\n|move|p2b: Charizard|Hyper Voice|p1a: Sneasler|[spread] p1a,p1b\n|-damage|p1a: Sneasler|46/100\n|-damage|p1b: Ninetales|55/100\n|move|p1b: Ninetales|Blizzard|p2b: Charizard|[spread] p2a,p2b\n|-supereffective|p2a: Whimsicott|1\n|-crit|p2a: Whimsicott\n|-enditem|p2a: Whimsicott|Focus Sash\n|-damage|p2a: Whimsicott|1/100\n|-damage|p2b: Charizard|54/100\n|replace|p2b: Zoroark|Zoroark-Hisui, L50, M\n|-end|p2b: Zoroark|Illusion\n|\n|-weather|Snowscape|[upkeep]\n|upkeep\n|turn|2\n|\n|t:|1776182997\n|move|p2a: Whimsicott|Tailwind|p2a: Whimsicott\n|-sidestart|p2: kanye2032|move: Tailwind\n|move|p2b: Zoroark|Hyper Voice|p1a: Sneasler|[spread] p1a,p1b\n|-damage|p1a: Sneasler|0 fnt\n|-damage|p1b: Ninetales|13/100\n|faint|p1a: Sneasler\n|move|p1b: Ninetales|Aurora Veil|p1b: Ninetales\n|-sidestart|p1: RedEmperorKing|move: Aurora Veil\n|\n|-weather|Snowscape|[upkeep]\n|upkeep\n|\n|t:|1776183005\n|switch|p1a: Typhlosion|Typhlosion-Hisui, L50, F, shiny|100/100\n|-item|p2b: Zoroark|Choice Scarf|[from] ability: Frisk|[of] p1a: Typhlosion\n|turn|3\n|\n|t:|1776183013\n|move|p2a: Whimsicott|Tailwind||[still]\n|-fail|p2a: Whimsicott\n|move|p2b: Zoroark|Hyper Voice|p1a: Typhlosion|[spread] p1b\n|-immune|p1a: Typhlosion\n|-damage|p1b: Ninetales|0 fnt\n|faint|p1b: Ninetales\n|move|p1a: Typhlosion|Eruption|p2b: Zoroark|[spread] p2a,p2b\n|-supereffective|p2a: Whimsicott|1\n|-damage|p2a: Whimsicott|0 fnt\n|-damage|p2b: Zoroark|0 fnt\n|faint|p2a: Whimsicott\n|faint|p2b: Zoroark\n|\n|-weather|Snowscape|[upkeep]\n|upkeep\n|\n|t:|1776183028\n|switch|p2a: Charizard|Charizard, L50, F|100/100\n|switch|p1b: Charizard|Charizard, L50, M, shiny|100/100\n|switch|p2b: Gallade|Gallade, L50, M|100/100\n|turn|4\n|\n|t:|1776183050\n|detailschange|p2a: Charizard|Charizard-Mega-Y, L50, F\n|-mega|p2a: Charizard|Charizard|Charizardite Y\n|-weather|SunnyDay|[from] ability: Drought|[of] p2a: Charizard\n|detailschange|p1b: Charizard|Charizard-Mega-Y, L50, M, shiny\n|-mega|p1b: Charizard|Charizard|Charizardite Y\n|move|p2a: Charizard|Scorching Sands|p1a: Typhlosion\n|-supereffective|p1a: Typhlosion|1\n|-damage|p1a: Typhlosion|49/100\n|move|p1a: Typhlosion|Eruption|p2b: Gallade|[spread] p2a,p2b\n|-resisted|p2a: Charizard|1\n|-damage|p2a: Charizard|83/100\n|-damage|p2b: Gallade|61/100\n|move|p2b: Gallade|Shadow Claw|p1a: Typhlosion\n|-supereffective|p1a: Typhlosion|1\n|-damage|p1a: Typhlosion|0 fnt\n|faint|p1a: Typhlosion\n|move|p1b: Charizard|Ancient Power|p2a: Charizard\n|-supereffective|p2a: Charizard|2\n|-damage|p2a: Charizard|0 fnt\n|faint|p2a: Charizard\n|\n|-weather|SunnyDay|[upkeep]\n|upkeep\n|turn|5\n|\n|t:|1776183073\n|move|p2b: Gallade|Shadow Claw|p1b: Charizard\n|-damage|p1b: Charizard|70/100\n|move|p1b: Charizard|Heat Wave|p2b: Gallade\n|-crit|p2b: Gallade\n|-damage|p2b: Gallade|0 fnt\n|faint|p2b: Gallade\n|\n|win|RedEmperorKing\n|raw|RedEmperorKing's rating: 1145 &rarr; <strong>1168</strong><br />(+23 for winning)\n|raw|kanye2032's rating: 1119 &rarr; <strong>1096</strong><br />(-23 for losing)\n|l|\u2606kanye2032\n|player|p2|\n|l|\u2606RedEmperorKing\n|player|p1|\n|j|\u2606RedEmperorKing\n|player|p1|RedEmperorKing|alder|\n",
  "uploadtime": 1776183680,
  "views": 17,
  "formatid": "gen9championsvgc2026regma",
  "rating": 1096,
  "private": 0,
  "password": null
}