{
  "id": "gen9championsvgc2026regma-2589412375",
  "format": "[Gen 9 Champions] VGC 2026 Reg M-A",
  "players": [
    "Tmpano",
    "MimikyuBot"
  ],
  "log": "|j|\u2606Tmpano\n|j|\u2606MimikyuBot\n|t:|1776720828\n|gametype|doubles\n|player|p1|Tmpano|170|1091\n|player|p2|MimikyuBot|266|1000\n|gen|9\n|tier|[Gen 9 Champions] VGC 2026 Reg M-A\n|rated|\n|rule|Species Clause: Limit one of each Pok\u00e9mon\n|rule|Item Clause: Limit 1 of each item\n|clearpoke\n|poke|p1|Gengar, L50, M|\n|poke|p1|Politoed, L50, M|\n|poke|p1|Incineroar, L50, M|\n|poke|p1|Kingambit, L50, M|\n|poke|p1|Sinistcha, L50|\n|poke|p1|Tyranitar, L50, F|\n|poke|p2|Aegislash, L50, M, shiny|\n|poke|p2|Whimsicott, L50, F, shiny|\n|poke|p2|Gallade, L50, M, shiny|\n|poke|p2|Incineroar, L50, F, shiny|\n|poke|p2|Clefable, L50, F, shiny|\n|poke|p2|Milotic, L50, F, shiny|\n|teampreview|4\nMimikyuBot has agreed to open team sheets.\nTmpano rejected open team sheets.\n|\n|t:|1776720904\n|teamsize|p1|4\n|teamsize|p2|4\n|start\n|switch|p1a: Gengar|Gengar, L50, M|100/100\n|switch|p1b: Incineroar|Incineroar, L50, M|100/100\n|switch|p2a: Clefable|Clefable, L50, F, shiny|100/100\n|switch|p2b: Milotic|Milotic, L50, F, shiny|100/100\n|-ability|p1b: Incineroar|Intimidate|boost\n|-unboost|p2a: Clefable|atk|1\n|-unboost|p2b: Milotic|atk|1\n|-ability|p2b: Milotic|Competitive|boost\n|-boost|p2b: Milotic|spa|2\n|turn|1\n|inactive|Battle timer is ON: inactive players will automatically lose when time's up. (requested by MimikyuBot)\n|\n|t:|1776720920\n|switch|p2a: Aegislash|Aegislash, L50, M, shiny|100/100\n|detailschange|p1a: Gengar|Gengar-Mega, L50, M\n|-mega|p1a: Gengar|Gengar|Gengarite\n|move|p1b: Incineroar|Fake Out|p2b: Milotic\n|-damage|p2b: Milotic|91/100\n|move|p1a: Gengar|Perish Song|p1a: Gengar\n|-start|p1a: Gengar|perish3|[silent]\n|-start|p1b: Incineroar|perish3|[silent]\n|-start|p2a: Aegislash|perish3|[silent]\n|-start|p2b: Milotic|perish3|[silent]\n|-fieldactivate|move: Perish Song\n|cant|p2b: Milotic|flinch\n|\n|-start|p1a: Gengar|perish3\n|-start|p2b: Milotic|perish3\n|-start|p2a: Aegislash|perish3\n|-start|p1b: Incineroar|perish3\n|upkeep\n|turn|2\n|\n|t:|1776720936\n|move|p1a: Gengar|Protect|p1a: Gengar\n|-singleturn|p1a: Gengar|Protect\n|move|p1b: Incineroar|Protect|p1b: Incineroar\n|-singleturn|p1b: Incineroar|Protect\n|-formechange|p2a: Aegislash|Aegislash-Blade|\n|move|p2a: Aegislash|Shadow Sneak|p1a: Gengar\n|-activate|p1a: Gengar|move: Protect\n|move|p2b: Milotic|Scald|p1a: Gengar\n|-activate|p1a: Gengar|move: Protect\n|\n|-start|p1a: Gengar|perish2\n|-start|p2b: Milotic|perish2\n|-start|p2a: Aegislash|perish2\n|-start|p1b: Incineroar|perish2\n|upkeep\n|turn|3\n|inactive|Tmpano has 30 seconds left.\n|\n|t:|1776720965\n|switch|p1a: Politoed|Politoed, L50, M|100/100\n|-weather|RainDance|[from] ability: Drizzle|[of] p1a: Politoed\n|move|p2a: Aegislash|Shadow Sneak|p1a: Politoed\n|-damage|p1a: Politoed|70/100\n|move|p2b: Milotic|Scald|p1a: Politoed\n|-resisted|p1a: Politoed|1\n|-damage|p1a: Politoed|20/100\n|move|p1b: Incineroar|Parting Shot|p2b: Milotic\n|-unboost|p2b: Milotic|atk|1\n|-ability|p2b: Milotic|Competitive|boost\n|-boost|p2b: Milotic|spa|2\n|-unboost|p2b: Milotic|spa|1\n|-ability|p2b: Milotic|Competitive|boost\n|-boost|p2b: Milotic|spa|2\n|\n|t:|1776720981\n|switch|p1b: Gengar|Gengar-Mega, L50, M|100/100|[from] Parting Shot\n|\n|-weather|RainDance|[upkeep]\n|-heal|p1a: Politoed|26/100|[from] item: Leftovers\n|-start|p2b: Milotic|perish1\n|-start|p2a: Aegislash|perish1\n|upkeep\n|turn|4\n|\n|t:|1776720989\n|move|p1b: Gengar|Protect|p1b: Gengar\n|-singleturn|p1b: Gengar|Protect\n|move|p1a: Politoed|Protect|p1a: Politoed\n|-singleturn|p1a: Politoed|Protect\n|move|p2b: Milotic|Scald|p1b: Gengar\n|-activate|p1b: Gengar|move: Protect\n|move|p2a: Aegislash|Iron Head|p1a: Politoed\n|-activate|p1a: Politoed|move: Protect\n|\n|-weather|RainDance|[upkeep]\n|-heal|p1a: Politoed|32/100|[from] item: Leftovers\n|-start|p2b: Milotic|perish0\n|-start|p2a: Aegislash|perish0\n|faint|p2b: Milotic\n|faint|p2a: Aegislash\n|upkeep\n|\n|t:|1776720990\n|switch|p2b: Whimsicott|Whimsicott, L50, F, shiny|100/100\n|switch|p2a: Clefable|Clefable, L50, F, shiny|100/100\n|turn|5\n|\n|t:|1776721015\n|move|p1b: Gengar|Perish Song|p1b: Gengar\n|-start|p1a: Politoed|perish3|[silent]\n|-start|p1b: Gengar|perish3|[silent]\n|-start|p2a: Clefable|perish3|[silent]\n|-start|p2b: Whimsicott|perish3|[silent]\n|-fieldactivate|move: Perish Song\n|move|p2b: Whimsicott|Moonblast|p1a: Politoed\n|-damage|p1a: Politoed|0 fnt\n|faint|p1a: Politoed\n|move|p2a: Clefable|Moonblast|p1b: Gengar\n|-resisted|p1b: Gengar|1\n|-damage|p1b: Gengar|85/100\n|\n|-weather|RainDance|[upkeep]\n|-start|p1b: Gengar|perish3\n|-start|p2b: Whimsicott|perish3\n|-start|p2a: Clefable|perish3\n|upkeep\n|\n|t:|1776721030\n|switch|p1a: Kingambit|Kingambit, L50, M|100/100\n|turn|6\n|\n|t:|1776721035\n|move|p1b: Gengar|Protect|p1b: Gengar\n|-singleturn|p1b: Gengar|Protect\n|move|p1a: Kingambit|Protect|p1a: Kingambit\n|-singleturn|p1a: Kingambit|Protect\n|move|p2b: Whimsicott|Moonblast|p1a: Kingambit\n|-activate|p1a: Kingambit|move: Protect\n|move|p2a: Clefable|Moonblast|p1a: Kingambit\n|-activate|p1a: Kingambit|move: Protect\n|\n|-weather|RainDance|[upkeep]\n|-start|p1b: Gengar|perish2\n|-start|p2b: Whimsicott|perish2\n|-start|p2a: Clefable|perish2\n|upkeep\n|turn|7\n|inactive|Tmpano has 30 seconds left.\n|\n|t:|1776721063\n|move|p1b: Gengar|Sludge Bomb|p2b: Whimsicott\n|-supereffective|p2b: Whimsicott|2\n|-enditem|p2b: Whimsicott|Focus Sash\n|-damage|p2b: Whimsicott|1/100\n|move|p2b: Whimsicott|Moonblast|p1a: Kingambit\n|-damage|p1a: Kingambit|63/100\n|move|p2a: Clefable|Moonblast|p1a: Kingambit\n|-damage|p1a: Kingambit|29/100\n|move|p1a: Kingambit|Iron Head|p2a: Clefable\n|-supereffective|p2a: Clefable|1\n|-damage|p2a: Clefable|28/100\n|-enditem|p2a: Clefable|Sitrus Berry|[eat]\n|-heal|p2a: Clefable|53/100|[from] item: Sitrus Berry\n|\n|-weather|none\n|-start|p1b: Gengar|perish1\n|-start|p2b: Whimsicott|perish1\n|-start|p2a: Clefable|perish1\n|upkeep\n|turn|8\n|\n|t:|1776721075\n|move|p1b: Gengar|Protect|p1b: Gengar\n|-singleturn|p1b: Gengar|Protect\n|move|p1a: Kingambit|Protect|p1a: Kingambit\n|-singleturn|p1a: Kingambit|Protect\n|move|p2b: Whimsicott|Moonblast|p1a: Kingambit\n|-activate|p1a: Kingambit|move: Protect\n|move|p2a: Clefable|Moonblast|p1a: Kingambit\n|-activate|p1a: Kingambit|move: Protect\n|\n|-start|p1b: Gengar|perish0\n|-start|p2b: Whimsicott|perish0\n|-start|p2a: Clefable|perish0\n|faint|p1b: Gengar\n|faint|p2b: Whimsicott\n|faint|p2a: Clefable\n|\n|win|Tmpano\n",
  "uploadtime": 1776720906,
  "views": 5,
  "formatid": "gen9championsvgc2026regma",
  "rating": null,
  "private": 0,
  "password": null
}