{
  "id": "gen9championsvgc2026regma-2582505261",
  "format": "[Gen 9 Champions] VGC 2026 Reg M-A",
  "players": [
    "ChocolateTequila",
    "Kailzer"
  ],
  "log": "|j|\u2606ChocolateTequila\n|j|\u2606Kailzer\n|t:|1776095970\n|gametype|doubles\n|player|p1|ChocolateTequila|nurse|1207\n|player|p2|Kailzer|morty|1301\n|gen|9\n|tier|[Gen 9 Champions] VGC 2026 Reg M-A\n|rated|\n|rule|Species Clause: Limit one of each Pok\u00e9mon\n|rule|Item Clause: Limit 1 of each item\n|clearpoke\n|poke|p1|Floette-Eternal, L50, F|\n|poke|p1|Aerodactyl, L50, F|\n|poke|p1|Garchomp, L50, M|\n|poke|p1|Rotom-Wash, L50|\n|poke|p1|Sneasler, L50, M|\n|poke|p1|Incineroar, L50, F|\n|poke|p2|Aerodactyl, L50, M|\n|poke|p2|Floette-Eternal, L50, F|\n|poke|p2|Garchomp, L50, M|\n|poke|p2|Rotom-Wash, L50|\n|poke|p2|Corviknight, L50, M|\n|poke|p2|Kingambit, L50, F|\n|teampreview|4\n|inactive|Battle timer is ON: inactive players will automatically lose when time's up. (requested by ChocolateTequila)\n|\n|t:|1776095999\n|teamsize|p1|4\n|teamsize|p2|4\n|start\n|switch|p1a: Aerodactyl|Aerodactyl, L50, F|100/100\n|switch|p1b: Rotom|Rotom-Wash, L50|100/100\n|switch|p2a: Aerodactyl|Aerodactyl, L50, M|100/100\n|switch|p2b: Corviknight|Corviknight, L50, M, shiny|100/100\n|-ability|p2a: Aerodactyl|Unnerve\n|-ability|p1a: Aerodactyl|Unnerve\n|turn|1\n|\n|t:|1776096019\n|move|p1b: Rotom|Electroweb|p2b: Corviknight|[spread] p2a,p2b\n|-supereffective|p2a: Aerodactyl|1\n|-supereffective|p2b: Corviknight|1\n|-damage|p2a: Aerodactyl|57/100\n|-damage|p2b: Corviknight|77/100\n|-unboost|p2a: Aerodactyl|spe|1\n|-ability|p2b: Corviknight|Mirror Armor\n|-unboost|p1b: Rotom|spe|1\n|move|p1a: Aerodactyl|Rock Slide|p2b: Corviknight|[spread] p2a,p2b\n|-supereffective|p2a: Aerodactyl|1\n|-damage|p2a: Aerodactyl|0 fnt\n|-damage|p2b: Corviknight|58/100\n|faint|p2a: Aerodactyl\n|cant|p2b: Corviknight|flinch\n|\n|-heal|p2b: Corviknight|63/100|[from] item: Leftovers\n|upkeep\n|\n|t:|1776096033\n|switch|p2a: Floette|Floette-Eternal, L50, F|100/100\n|turn|2\n|\n|t:|1776096046\n|detailschange|p2a: Floette|Floette-Mega, L50, F\n|-mega|p2a: Floette|Floette|Floettite\n|-ability|p2a: Floette|Fairy Aura\n|move|p1a: Aerodactyl|Rock Slide|p2b: Corviknight|[spread] p2a,p2b\n|-damage|p2a: Floette|68/100\n|-damage|p2b: Corviknight|43/100\n|move|p2a: Floette|Calm Mind|p2a: Floette\n|-boost|p2a: Floette|spa|1\n|-boost|p2a: Floette|spd|1\n|move|p1b: Rotom|Electroweb|p2b: Corviknight|[spread] p2a,p2b\n|-crit|p2a: Floette\n|-supereffective|p2b: Corviknight|1\n|-damage|p2a: Floette|46/100\n|-damage|p2b: Corviknight|20/100\n|-unboost|p2a: Floette|spe|1\n|-ability|p2b: Corviknight|Mirror Armor\n|-unboost|p1b: Rotom|spe|1\n|move|p2b: Corviknight|Body Press|p1a: Aerodactyl\n|-damage|p1a: Aerodactyl|68/100\n|\n|-heal|p2b: Corviknight|25/100|[from] item: Leftovers\n|upkeep\n|turn|3\n|inactive|ChocolateTequila has 30 seconds left.\n|\n|t:|1776096072\n|move|p1a: Aerodactyl|Rock Slide|p2a: Floette|[spread] p2a,p2b\n|-damage|p2a: Floette|9/100\n|-damage|p2b: Corviknight|5/100\n|move|p2a: Floette|Dazzling Gleam|p1b: Rotom|[spread] p1a,p1b\n|-crit|p1b: Rotom\n|-damage|p1a: Aerodactyl|0 fnt\n|-damage|p1b: Rotom|0 fnt\n|faint|p1a: Aerodactyl\n|faint|p1b: Rotom\n|cant|p2b: Corviknight|flinch\n|\n|-heal|p2b: Corviknight|11/100|[from] item: Leftovers\n|upkeep\n|\n|t:|1776096079\n|switch|p1a: Sneasler|Sneasler, L50, M|100/100\n|switch|p1b: Floette|Floette-Eternal, L50, F|100/100\n|turn|4\n|\n|t:|1776096088\n|detailschange|p1b: Floette|Floette-Mega, L50, F\n|-mega|p1b: Floette|Floette|Floettite\n|-ability|p1b: Floette|Fairy Aura\n|move|p2a: Floette|Protect|p2a: Floette\n|-singleturn|p2a: Floette|Protect\n|move|p1a: Sneasler|Close Combat|p2b: Corviknight\n|-damage|p2b: Corviknight|0 fnt\n|-unboost|p1a: Sneasler|def|1\n|-unboost|p1a: Sneasler|spd|1\n|faint|p2b: Corviknight\n|-enditem|p1a: Sneasler|White Herb\n|-clearnegativeboost|p1a: Sneasler|[silent]\n|move|p1b: Floette|Dazzling Gleam|p2a: Floette\n|-activate|p2a: Floette|move: Protect\n|\n|upkeep\n|\n|t:|1776096101\n|switch|p2b: Kingambit|Kingambit, L50, F|100/100\n|turn|5\n|\n|t:|1776096110\n|move|p1a: Sneasler|Close Combat|p2b: Kingambit\n|-supereffective|p2b: Kingambit|2\n|-damage|p2b: Kingambit|0 fnt\n|-unboost|p1a: Sneasler|def|1\n|-unboost|p1a: Sneasler|spd|1\n|faint|p2b: Kingambit\n|move|p1b: Floette|Dazzling Gleam|p2a: Floette\n|-damage|p2a: Floette|0 fnt\n|faint|p2a: Floette\n|\n|win|ChocolateTequila\n|raw|ChocolateTequila's rating: 1207 &rarr; <strong>1239</strong><br />(+32 for winning)\n|raw|Kailzer's rating: 1301 &rarr; <strong>1276</strong><br />(-25 for losing)\n|l|\u2606Kailzer\n|player|p2|\n",
  "uploadtime": 1776096284,
  "views": 38,
  "formatid": "gen9championsvgc2026regma",
  "rating": 1239,
  "private": 0,
  "password": null
}