{
  "id": "gen9championsvgc2026regma-2583968083",
  "format": "[Gen 9 Champions] VGC 2026 Reg M-A",
  "players": [
    "SimMikaze",
    "Murkyyy"
  ],
  "log": "|j|\u2606SimMikaze\n|j|\u2606Murkyyy\n|t:|1776212698\n|gametype|doubles\n|player|p1|SimMikaze|miku-ghost|1252\n|player|p2|Murkyyy|266|1229\n|gen|9\n|tier|[Gen 9 Champions] VGC 2026 Reg M-A\n|rated|\n|rule|Species Clause: Limit one of each Pok\u00e9mon\n|rule|Item Clause: Limit 1 of each item\n|clearpoke\n|poke|p1|Gardevoir, L50, F|\n|poke|p1|Garchomp, L50, F|\n|poke|p1|Incineroar, L50, M|\n|poke|p1|Sneasler, L50, M|\n|poke|p1|Corviknight, L50, M|\n|poke|p1|Basculegion, L50, M|\n|poke|p2|Beedrill, L50, M|\n|poke|p2|Garchomp, L50, M|\n|poke|p2|Tyranitar, L50, M|\n|poke|p2|Sinistcha, L50|\n|poke|p2|Infernape, L50, F|\n|poke|p2|Rotom-Wash, L50|\n|teampreview|4\n|\n|t:|1776212732\n|teamsize|p1|4\n|teamsize|p2|4\n|start\n|switch|p1a: Sneasler|Sneasler, L50, M|100/100\n|switch|p1b: Corviknight|Corviknight, L50, M, shiny|100/100\n|switch|p2a: Tyranitar|Tyranitar, L50, M|100/100\n|switch|p2b: Garchomp|Garchomp, L50, M|100/100\n|-weather|Sandstorm|[from] ability: Sand Stream|[of] p2a: Tyranitar\n|turn|1\n|inactive|Battle timer is ON: inactive players will automatically lose when time's up. (requested by Murkyyy)\n|\n|t:|1776212755\n|switch|p2a: Sinistcha|Sinistcha, L50|100/100\n|move|p1a: Sneasler|Fake Out|p2b: Garchomp|[miss]\n|-miss|p1a: Sneasler|p2b: Garchomp\n|move|p2b: Garchomp|Swords Dance|p2b: Garchomp\n|-boost|p2b: Garchomp|atk|2\n|move|p1b: Corviknight|Tailwind|p1b: Corviknight\n|-sidestart|p1: SimMikaze|move: Tailwind\n|\n|-weather|Sandstorm|[upkeep]\n|-damage|p1a: Sneasler|95/100|[from] Sandstorm\n|-damage|p2a: Sinistcha|94/100|[from] Sandstorm\n|-heal|p2a: Sinistcha|100/100|[from] item: Leftovers\n|upkeep\n|turn|2\n|\n|t:|1776212769\n|move|p2a: Sinistcha|Rage Powder|p2a: Sinistcha\n|-singleturn|p2a: Sinistcha|move: Rage Powder\n|move|p1a: Sneasler|Close Combat|p2a: Sinistcha\n|-immune|p2a: Sinistcha\n|move|p1b: Corviknight|Iron Defense|p1b: Corviknight\n|-boost|p1b: Corviknight|def|2\n|move|p2b: Garchomp|Earthquake|p1b: Corviknight|[spread] p2a,p1a\n|-immune|p1b: Corviknight\n|-resisted|p2a: Sinistcha|1\n|-supereffective|p1a: Sneasler|1\n|-damage|p2a: Sinistcha|57/100\n|-damage|p1a: Sneasler|0 fnt\n|faint|p1a: Sneasler\n|\n|-weather|Sandstorm|[upkeep]\n|-damage|p2a: Sinistcha|51/100|[from] Sandstorm\n|-heal|p2a: Sinistcha|57/100|[from] item: Leftovers\n|upkeep\n|\n|t:|1776212775\n|switch|p1a: Garchomp|Garchomp, L50, F|100/100\n|turn|3\n|\n|t:|1776212788\n|move|p1a: Garchomp|Protect|p1a: Garchomp\n|-singleturn|p1a: Garchomp|Protect\n|move|p1b: Corviknight|Iron Defense|p1b: Corviknight\n|-boost|p1b: Corviknight|def|2\n|move|p2b: Garchomp|Dragon Claw|p1a: Garchomp\n|-activate|p1a: Garchomp|move: Protect\n|move|p2a: Sinistcha|Foul Play|p1a: Garchomp\n|-activate|p1a: Garchomp|move: Protect\n|\n|-weather|Sandstorm|[upkeep]\n|-damage|p2a: Sinistcha|51/100|[from] Sandstorm\n|-heal|p2a: Sinistcha|57/100|[from] item: Leftovers\n|upkeep\n|turn|4\n|inactive|SimMikaze has 30 seconds left.\n|inactive|Murkyyy has 30 seconds left.\n|\n|t:|1776212819\n|switch|p1a: Gardevoir|Gardevoir, L50, F, shiny|100/100\n|-ability|p1a: Gardevoir|Hospitality|Trace|[from] ability: Trace|[of] p2a: Sinistcha\n|move|p1b: Corviknight|Iron Defense|p1b: Corviknight\n|-boost|p1b: Corviknight|def|2\n|move|p2b: Garchomp|Dragon Claw|p1a: Gardevoir\n|-immune|p1a: Gardevoir\n|move|p2a: Sinistcha|Foul Play|p1b: Corviknight\n|-damage|p1b: Corviknight|97/100\n|\n|-weather|Sandstorm|[upkeep]\n|-damage|p1a: Gardevoir|95/100|[from] Sandstorm\n|-damage|p2a: Sinistcha|51/100|[from] Sandstorm\n|-heal|p1b: Corviknight|100/100|[from] item: Leftovers\n|-heal|p2a: Sinistcha|57/100|[from] item: Leftovers\n|-sideend|p1: SimMikaze|move: Tailwind\n|upkeep\n|turn|5\n|\n|t:|1776212838\n|move|p1a: Gardevoir|Protect|p1a: Gardevoir\n|-singleturn|p1a: Gardevoir|Protect\n|move|p2b: Garchomp|Earthquake|p1b: Corviknight|[spread] p2a\n|-activate|p1a: Gardevoir|move: Protect\n|-immune|p1b: Corviknight\n|-resisted|p2a: Sinistcha|1\n|-damage|p2a: Sinistcha|18/100\n|move|p2a: Sinistcha|Shadow Ball|p1a: Gardevoir\n|-activate|p1a: Gardevoir|move: Protect\n|move|p1b: Corviknight|Tailwind|p1b: Corviknight\n|-sidestart|p1: SimMikaze|move: Tailwind\n|\n|-weather|none\n|-heal|p2a: Sinistcha|25/100|[from] item: Leftovers\n|upkeep\n|turn|6\n|inactive|SimMikaze has 30 seconds left.\n|\n|t:|1776212863\n|switch|p2b: Beedrill|Beedrill, L50, M|100/100\n|detailschange|p1a: Gardevoir|Gardevoir-Mega, L50, F, shiny\n|-mega|p1a: Gardevoir|Gardevoir|Gardevoirite\n|move|p2a: Sinistcha|Rage Powder|p2a: Sinistcha\n|-singleturn|p2a: Sinistcha|move: Rage Powder\n|move|p1a: Gardevoir|Hyper Voice|p2a: Sinistcha|[spread] p2a,p2b\n|-resisted|p2b: Beedrill|1\n|-crit|p2b: Beedrill\n|-damage|p2a: Sinistcha|0 fnt\n|-damage|p2b: Beedrill|47/100\n|faint|p2a: Sinistcha\n|move|p1b: Corviknight|Body Press|p2b: Beedrill\n|-resisted|p2b: Beedrill|2\n|-damage|p2b: Beedrill|0 fnt\n|faint|p2b: Beedrill\n|\n|upkeep\n|\n|t:|1776212877\n|switch|p2b: Tyranitar|Tyranitar, L50, M|100/100\n|switch|p2a: Garchomp|Garchomp, L50, M|100/100\n|-weather|Sandstorm|[from] ability: Sand Stream|[of] p2b: Tyranitar\n|turn|7\n|\n|t:|1776212890\n|detailschange|p2b: Tyranitar|Tyranitar-Mega, L50, M\n|-mega|p2b: Tyranitar|Tyranitar|Tyranitarite\n|move|p1a: Gardevoir|Hyper Voice|p2a: Garchomp|[spread] p2a,p2b\n|-supereffective|p2a: Garchomp|1\n|-supereffective|p2b: Tyranitar|1\n|-damage|p2a: Garchomp|0 fnt\n|-damage|p2b: Tyranitar|62/100\n|faint|p2a: Garchomp\n|move|p1b: Corviknight|Body Press|p2b: Tyranitar\n|-supereffective|p2b: Tyranitar|2\n|-damage|p2b: Tyranitar|0 fnt\n|faint|p2b: Tyranitar\n|\n|win|SimMikaze\n|raw|SimMikaze's rating: 1252 &rarr; <strong>1275</strong><br />(+23 for winning)\n|raw|Murkyyy's rating: 1229 &rarr; <strong>1206</strong><br />(-23 for losing)\n",
  "uploadtime": 1776212894,
  "views": 25,
  "formatid": "gen9championsvgc2026regma",
  "rating": 1206,
  "private": 0,
  "password": null
}