{
  "id": "gen9championsvgc2026regma-2585591203",
  "format": "[Gen 9 Champions] VGC 2026 Reg M-A",
  "players": [
    "96VAAN",
    "fluttim man"
  ],
  "log": "|j|\u260696VAAN\n|j|\u2606fluttim man\n|t:|1776357523\n|gametype|doubles\n|player|p1|96VAAN|shadowtriad|1088\n|player|p2|fluttim man|#smogonxnpa2025draftee|1172\n|gen|9\n|tier|[Gen 9 Champions] VGC 2026 Reg M-A\n|rated|\n|rule|Species Clause: Limit one of each Pok\u00e9mon\n|rule|Item Clause: Limit 1 of each item\n|clearpoke\n|poke|p1|Toxicroak, L50, M|\n|poke|p1|Rotom-Mow, L50|\n|poke|p1|Froslass, L50, F|\n|poke|p1|Talonflame, L50, M|\n|poke|p1|Kangaskhan, L50, F|\n|poke|p1|Milotic, L50, F|\n|poke|p2|Delphox, L50, M|\n|poke|p2|Basculegion, L50, M|\n|poke|p2|Clefable, L50, F|\n|poke|p2|Kingambit, L50, F|\n|poke|p2|Sneasler, L50, M|\n|poke|p2|Ninetales-Alola, L50, M|\n|teampreview|4\n|inactive|Battle timer is ON: inactive players will automatically lose when time's up. (requested by 96VAAN)\n|inactive|96VAAN has 60 seconds left.\n|inactive|fluttim man has 60 seconds left.\n|inactive|96VAAN has 30 seconds left.\n|\n|t:|1776357586\n|teamsize|p1|4\n|teamsize|p2|4\n|start\n|switch|p1a: Kangaskhan|Kangaskhan, L50, F|100/100\n|switch|p1b: Froslass|Froslass, L50, F, shiny|100/100\n|switch|p2a: Kingambit|Kingambit, L50, F|100/100\n|switch|p2b: Sneasler|Sneasler, L50, M|100/100\n|turn|1\n|\n|t:|1776357606\n|detailschange|p1b: Froslass|Froslass-Mega, L50, F, shiny\n|-mega|p1b: Froslass|Froslass|Froslassite\n|-weather|Snowscape|[from] ability: Snow Warning|[of] p1b: Froslass\n|move|p1b: Froslass|Protect|p1b: Froslass\n|-singleturn|p1b: Froslass|Protect\n|move|p2b: Sneasler|Fake Out|p1a: Kangaskhan\n|-damage|p1a: Kangaskhan|83/100\n|cant|p1a: Kangaskhan|flinch\n|move|p2a: Kingambit|Swords Dance|p2a: Kingambit\n|-boost|p2a: Kingambit|atk|2\n|\n|-weather|Snowscape|[upkeep]\n|upkeep\n|turn|2\n|\n|t:|1776357627\n|switch|p1a: Talonflame|Talonflame, L50, M|100/100\n|move|p2a: Kingambit|Sucker Punch||[still]\n|-fail|p2a: Kingambit\n|move|p2b: Sneasler|Close Combat|p1a: Talonflame\n|-resisted|p1a: Talonflame|1\n|-damage|p1a: Talonflame|57/100\n|-unboost|p2b: Sneasler|def|1\n|-unboost|p2b: Sneasler|spd|1\n|-status|p2b: Sneasler|brn|[from] ability: Flame Body|[of] p1a: Talonflame\n|move|p1b: Froslass|Aurora Veil|p1b: Froslass\n|-sidestart|p1: 96VAAN|move: Aurora Veil\n|\n|-weather|Snowscape|[upkeep]\n|-damage|p2b: Sneasler|95/100 brn|[from] brn\n|upkeep\n|turn|3\n|inactive|96VAAN has 30 seconds left.\n|inactive|fluttim man has 30 seconds left.\n|\n|t:|1776357661\n|switch|p1b: Kangaskhan|Kangaskhan, L50, F|83/100\n|move|p2a: Kingambit|Protect|p2a: Kingambit\n|-singleturn|p2a: Kingambit|Protect\n|move|p2b: Sneasler|Dire Claw|p1a: Talonflame\n|-damage|p1a: Talonflame|37/100\n|move|p1a: Talonflame|Dual Wingbeat|p2b: Sneasler\n|-supereffective|p2b: Sneasler|1\n|-crit|p2b: Sneasler\n|-damage|p2b: Sneasler|0 fnt\n|faint|p2b: Sneasler\n|-hitcount|p2: Sneasler|1\n|\n|-weather|Snowscape|[upkeep]\n|upkeep\n|\n|t:|1776357682\n|switch|p2b: Clefable|Clefable, L50, F|100/100\n|turn|4\n|\n|t:|1776357694\n|move|p2b: Clefable|Follow Me|p2b: Clefable\n|-singleturn|p2b: Clefable|move: Follow Me\n|move|p1a: Talonflame|Flare Blitz|p2b: Clefable\n|-damage|p2b: Clefable|59/100\n|-damage|p1a: Talonflame|19/100|[from] Recoil\n|move|p1b: Kangaskhan|Hammer Arm|p2b: Clefable\n|-resisted|p2b: Clefable|1\n|-damage|p2b: Clefable|48/100\n|-unboost|p1b: Kangaskhan|spe|1\n|-enditem|p2b: Clefable|Sitrus Berry|[eat]\n|-heal|p2b: Clefable|73/100|[from] item: Sitrus Berry\n|move|p2a: Kingambit|Kowtow Cleave|p1a: Talonflame\n|-damage|p1a: Talonflame|0 fnt\n|-status|p2a: Kingambit|brn|[from] ability: Flame Body|[of] p1a: Talonflame\n|faint|p1a: Talonflame\n|\n|-weather|Snowscape|[upkeep]\n|-damage|p2a: Kingambit|95/100 brn|[from] brn\n|upkeep\n|\n|t:|1776357714\n|switch|p1a: Milotic|Milotic, L50, F, shiny|100/100\n|turn|5\n|\n|t:|1776357723\n|move|p2b: Clefable|Follow Me|p2b: Clefable\n|-singleturn|p2b: Clefable|move: Follow Me\n|move|p1a: Milotic|Scald|p2b: Clefable\n|-damage|p2b: Clefable|36/100\n|move|p1b: Kangaskhan|Hammer Arm|p2b: Clefable\n|-resisted|p2b: Clefable|1\n|-damage|p2b: Clefable|24/100\n|-unboost|p1b: Kangaskhan|spe|1\n|move|p2a: Kingambit|Kowtow Cleave|p1a: Milotic\n|-damage|p1a: Milotic|54/100\n|\n|-weather|none\n|-heal|p1a: Milotic|60/100|[from] item: Leftovers\n|-damage|p2a: Kingambit|89/100 brn|[from] brn\n|upkeep\n|turn|6\n|\n|t:|1776357743\n|move|p2a: Kingambit|Protect|p2a: Kingambit\n|-singleturn|p2a: Kingambit|Protect\n|move|p1a: Milotic|Scald|p2a: Kingambit\n|-activate|p2a: Kingambit|move: Protect\n|move|p2b: Clefable|Moonblast|p1a: Milotic\n|-damage|p1a: Milotic|46/100\n|move|p1b: Kangaskhan|Hammer Arm|p2a: Kingambit\n|-activate|p2a: Kingambit|move: Protect\n|\n|-heal|p1a: Milotic|52/100|[from] item: Leftovers\n|-damage|p2a: Kingambit|83/100 brn|[from] brn\n|-sideend|p1: 96VAAN|move: Aurora Veil\n|upkeep\n|turn|7\n|\n|t:|1776357766\n|move|p2b: Clefable|Helping Hand|p2a: Kingambit\n|-singleturn|p2a: Kingambit|Helping Hand|[of] p2b: Clefable\n|move|p2a: Kingambit|Sucker Punch|p1a: Milotic\n|-damage|p1a: Milotic|0 fnt\n|faint|p1a: Milotic\n|move|p1b: Kangaskhan|Hammer Arm|p2a: Kingambit\n|-supereffective|p2a: Kingambit|2\n|-damage|p2a: Kingambit|0 fnt\n|-unboost|p1b: Kangaskhan|spe|1\n|faint|p2a: Kingambit\n|\n|upkeep\n|\n|t:|1776357776\n|switch|p1a: Froslass|Froslass-Mega, L50, F, shiny|100/100\n|switch|p2a: Delphox|Delphox, L50, M|100/100\n|-weather|Snowscape|[from] ability: Snow Warning|[of] p1a: Froslass\n|turn|8\n|\n|t:|1776357797\n|detailschange|p2a: Delphox|Delphox-Mega, L50, M\n|-mega|p2a: Delphox|Delphox|Delphoxite\n|move|p2b: Clefable|Helping Hand|p2a: Delphox\n|-singleturn|p2a: Delphox|Helping Hand|[of] p2b: Clefable\n|move|p1a: Froslass|Protect|p1a: Froslass\n|-singleturn|p1a: Froslass|Protect\n|move|p2a: Delphox|Heat Wave|p1a: Froslass|[spread] p1b\n|-activate|p1a: Froslass|move: Protect\n|-damage|p1b: Kangaskhan|7/100\n|move|p1b: Kangaskhan|Double-Edge|p2b: Clefable\n|-damage|p2b: Clefable|0 fnt\n|faint|p2b: Clefable\n|-damage|p1b: Kangaskhan|0 fnt|[from] Recoil\n|faint|p1b: Kangaskhan\n|\n|-weather|Snowscape|[upkeep]\n|upkeep\n|turn|9\n|c|\u260696VAAN|gg\n|\n|t:|1776357816\n|move|p2a: Delphox|Heat Wave|p1a: Froslass\n|-supereffective|p1a: Froslass|1\n|-damage|p1a: Froslass|0 fnt\n|faint|p1a: Froslass\n|\n|win|fluttim man\n|raw|96VAAN's rating: 1088 &rarr; <strong>1070</strong><br />(-18 for losing)\n|raw|fluttim man's rating: 1172 &rarr; <strong>1191</strong><br />(+19 for winning)\n|c|\u2606fluttim man|Gg\n|l|\u260696VAAN\n|player|p1|\n",
  "uploadtime": 1776357827,
  "views": 17,
  "formatid": "gen9championsvgc2026regma",
  "rating": 1070,
  "private": 0,
  "password": null
}