{
  "id": "gen9championsvgc2026regma-2584884807",
  "format": "[Gen 9 Champions] VGC 2026 Reg M-A",
  "players": [
    "bassnsynnnth",
    "thealex610"
  ],
  "log": "|j|\u2606bassnsynnnth\n|j|\u2606thealex610\n|t:|1776291448\n|gametype|doubles\n|player|p1|bassnsynnnth|dragontamer|1066\n|player|p2|thealex610|101|1129\n|gen|9\n|tier|[Gen 9 Champions] VGC 2026 Reg M-A\n|rated|\n|rule|Species Clause: Limit one of each Pok\u00e9mon\n|rule|Item Clause: Limit 1 of each item\n|clearpoke\n|poke|p1|Meganium, L50, M|\n|poke|p1|Pelipper, L50, M|\n|poke|p1|Archaludon, L50, M|\n|poke|p1|Basculegion, L50, M|\n|poke|p1|Crabominable, L50, M|\n|poke|p1|Hatterene, L50, F|\n|poke|p2|Sneasler, L50, M|\n|poke|p2|Talonflame, L50, F|\n|poke|p2|Milotic, L50, F|\n|poke|p2|Aegislash, L50, F|\n|poke|p2|Scizor, L50, F|\n|poke|p2|Tyranitar, L50, F|\n|teampreview|4\n|inactive|Battle timer is ON: inactive players will automatically lose when time's up. (requested by thealex610)\n|inactive|bassnsynnnth has 60 seconds left.\n|inactive|thealex610 has 60 seconds left.\n|\n|t:|1776291491\n|teamsize|p1|4\n|teamsize|p2|4\n|start\n|switch|p1a: Pelipper|Pelipper, L50, M|100/100\n|switch|p1b: Hatterene|Hatterene, L50, F|100/100\n|switch|p2a: Sneasler|Sneasler, L50, M|100/100\n|switch|p2b: Scizor|Scizor, L50, F, shiny|100/100\n|-weather|RainDance|[from] ability: Drizzle|[of] p1a: Pelipper\n|turn|1\n|inactive|thealex610 has 30 seconds left.\n|inactive|thealex610 has 20 seconds left.\n|inactive|thealex610 has 15 seconds left.\n|inactive|thealex610 has 10 seconds left.\n|\n|t:|1776291537\n|detailschange|p2b: Scizor|Scizor-Mega, L50, F, shiny\n|-mega|p2b: Scizor|Scizor|Scizorite\n|move|p2b: Scizor|Bullet Punch|p1b: Hatterene\n|-supereffective|p1b: Hatterene|1\n|-damage|p1b: Hatterene|9/100\n|move|p2a: Sneasler|Dire Claw|p1b: Hatterene\n|-supereffective|p1b: Hatterene|1\n|-damage|p1b: Hatterene|0 fnt\n|faint|p1b: Hatterene\n|move|p1a: Pelipper|U-turn|p2a: Sneasler\n|-resisted|p2a: Sneasler|2\n|-damage|p2a: Sneasler|97/100\n|\n|t:|1776291553\n|switch|p1a: Basculegion|Basculegion, L50, M|100/100|[from] U-turn\n|\n|-weather|RainDance|[upkeep]\n|upkeep\n|\n|t:|1776291568\n|switch|p1b: Pelipper|Pelipper, L50, M|100/100\n|turn|2\n|inactive|thealex610 has 30 seconds left.\n|\n|t:|1776291601\n|switch|p2a: Tyranitar|Tyranitar, L50, F|100/100\n|-weather|Sandstorm|[from] ability: Sand Stream|[of] p2a: Tyranitar\n|move|p1a: Basculegion|Last Respects|p2a: Tyranitar\n|-resisted|p2a: Tyranitar|1\n|-crit|p2a: Tyranitar\n|-damage|p2a: Tyranitar|70/100\n|move|p2b: Scizor|Dual Wingbeat|p1a: Basculegion\n|-damage|p1a: Basculegion|66/100\n|-damage|p1a: Basculegion|32/100\n|-hitcount|p1a: Basculegion|2\n|move|p1b: Pelipper|Hurricane|p2b: Scizor\n|-damage|p2b: Scizor|37/100\n|-start|p2b: Scizor|confusion\n|\n|-weather|Sandstorm|[upkeep]\n|-damage|p1a: Basculegion|26/100|[from] Sandstorm\n|-damage|p1b: Pelipper|95/100|[from] Sandstorm\n|upkeep\n|turn|3\n|inactive|bassnsynnnth has 30 seconds left.\n|\n|t:|1776291630\n|move|p1a: Basculegion|Protect|p1a: Basculegion\n|-singleturn|p1a: Basculegion|Protect\n|-activate|p2b: Scizor|confusion\n|move|p2b: Scizor|Dual Wingbeat|p1a: Basculegion\n|-activate|p1a: Basculegion|move: Protect\n|move|p2a: Tyranitar|Rock Slide|p1a: Basculegion|[spread] p1b\n|-activate|p1a: Basculegion|move: Protect\n|-supereffective|p1b: Pelipper|1\n|-damage|p1b: Pelipper|25/100\n|move|p1b: Pelipper|U-turn|p2a: Tyranitar\n|-supereffective|p2a: Tyranitar|1\n|-damage|p2a: Tyranitar|55/100\n|\n|t:|1776291641\n|switch|p1b: Crabominable|Crabominable, L50, M, shiny|100/100|[from] U-turn\n|\n|-weather|Sandstorm|[upkeep]\n|-damage|p1a: Basculegion|20/100|[from] Sandstorm\n|-damage|p1b: Crabominable|94/100|[from] Sandstorm\n|upkeep\n|turn|4\n|inactive|bassnsynnnth has 30 seconds left.\n|\n|t:|1776291667\n|switch|p2a: Aegislash|Aegislash, L50, F|100/100\n|detailschange|p1b: Crabominable|Crabominable-Mega, L50, M, shiny\n|-mega|p1b: Crabominable|Crabominable|Crabominite\n|-activate|p2b: Scizor|confusion\n|move|p2b: Scizor|Bullet Punch|p1a: Basculegion\n|-resisted|p1a: Basculegion|1\n|-damage|p1a: Basculegion|0 fnt\n|faint|p1a: Basculegion\n|move|p1b: Crabominable|Crabhammer|p2a: Aegislash\n|-damage|p2a: Aegislash|60/100\n|\n|-weather|Sandstorm|[upkeep]\n|-damage|p1b: Crabominable|88/100|[from] Sandstorm\n|-heal|p2a: Aegislash|66/100|[from] item: Leftovers\n|upkeep\n|\n|t:|1776291680\n|switch|p1a: Pelipper|Pelipper, L50, M|25/100\n|-weather|RainDance|[from] ability: Drizzle|[of] p1a: Pelipper\n|turn|5\n|inactive|bassnsynnnth has 30 seconds left.\n|inactive|thealex610 has 30 seconds left.\n|\n|t:|1776291709\n|-singleturn|p1b: Crabominable|move: Focus Punch\n|-activate|p2b: Scizor|confusion\n|move|p2b: Scizor|Dual Wingbeat|p1b: Crabominable\n|-supereffective|p1b: Crabominable|1\n|-damage|p1b: Crabominable|48/100\n|-supereffective|p1b: Crabominable|1\n|-damage|p1b: Crabominable|10/100\n|-hitcount|p1b: Crabominable|2\n|move|p1a: Pelipper|Knock Off|p2a: Aegislash\n|-supereffective|p2a: Aegislash|1\n|-damage|p2a: Aegislash|44/100\n|-enditem|p2a: Aegislash|Leftovers|[from] move: Knock Off|[of] p1a: Pelipper\n|-formechange|p2a: Aegislash|Aegislash-Blade|\n|move|p2a: Aegislash|Sacred Sword|p1b: Crabominable\n|-supereffective|p1b: Crabominable|1\n|-damage|p1b: Crabominable|0 fnt\n|faint|p1b: Crabominable\n|\n|-weather|RainDance|[upkeep]\n|upkeep\n|turn|6\n|\n|t:|1776291728\n|-end|p2b: Scizor|confusion\n|move|p2b: Scizor|Bullet Punch|p1a: Pelipper\n|-resisted|p1a: Pelipper|1\n|-damage|p1a: Pelipper|5/100\n|move|p2a: Aegislash|Shadow Sneak|p1a: Pelipper\n|-damage|p1a: Pelipper|0 fnt\n|faint|p1a: Pelipper\n|\n|win|thealex610\n|raw|bassnsynnnth's rating: 1066 &rarr; <strong>1050</strong><br />(-16 for losing)\n|raw|thealex610's rating: 1129 &rarr; <strong>1150</strong><br />(+21 for winning)\n|l|\u2606bassnsynnnth\n|player|p1|\n",
  "uploadtime": 1776291735,
  "views": 20,
  "formatid": "gen9championsvgc2026regma",
  "rating": 1050,
  "private": 0,
  "password": null
}