{
  "id": "gen9championsvgc2026regma-2580463347",
  "format": "[Gen 9 Champions] VGC 2026 Reg M-A",
  "players": [
    "klongapoke",
    "Braute"
  ],
  "log": "|j|\u2606klongapoke\n|j|\u2606Braute\n|t:|1775900340\n|gametype|doubles\n|player|p1|klongapoke|ingo|1120\n|player|p2|Braute|miku-fire|1054\n|gen|9\n|tier|[Gen 9 Champions] VGC 2026 Reg M-A\n|rated|\n|rule|Species Clause: Limit one of each Pok\u00e9mon\n|rule|Item Clause: Limit 1 of each item\n|clearpoke\n|poke|p1|Gengar, L50, F|\n|poke|p1|Tyranitar, L50, F|\n|poke|p1|Kingambit, L50, M|\n|poke|p1|Zoroark-Hisui, L50, M|\n|poke|p1|Talonflame, L50, F|\n|poke|p1|Rotom-Wash, L50|\n|poke|p2|Beedrill, L50, M|\n|poke|p2|Dragapult, L50, M|\n|poke|p2|Arcanine-Hisui, L50, M|\n|poke|p2|Sinistcha, L50|\n|poke|p2|Talonflame, L50, F|\n|poke|p2|Basculegion, L50, M|\n|teampreview|4\n|inactive|Battle timer is ON: inactive players will automatically lose when time's up. (requested by Braute)\n|inactive|klongapoke also wants the timer to be on.\n|inactive|klongapoke has 60 seconds left.\n|inactive|Braute has 60 seconds left.\n|\n|t:|1775900373\n|teamsize|p1|4\n|teamsize|p2|4\n|start\n|switch|p1a: Talonflame|Talonflame, L50, F, shiny|100/100\n|switch|p1b: Gengar|Gengar, L50, F|100/100\n|switch|p2a: Basculegion|Basculegion, L50, M|100/100\n|switch|p2b: Talonflame|Talonflame, L50, F|100/100\n|turn|1\n|\n|t:|1775900395\n|move|p1a: Talonflame|Protect|p1a: Talonflame\n|-singleturn|p1a: Talonflame|Protect\n|move|p1b: Gengar|Protect|p1b: Gengar\n|-singleturn|p1b: Gengar|Protect\n|move|p2b: Talonflame|Tailwind|p2b: Talonflame\n|-sidestart|p2: Braute|move: Tailwind\n|move|p2a: Basculegion|Last Respects|p1b: Gengar\n|-activate|p1b: Gengar|move: Protect\n|\n|upkeep\n|turn|2\n|\n|t:|1775900405\n|move|p2b: Talonflame|Dual Wingbeat|p1a: Talonflame|[miss]\n|-miss|p2b: Talonflame|p1a: Talonflame\n|move|p1a: Talonflame|Tailwind|p1a: Talonflame\n|-sidestart|p1: klongapoke|move: Tailwind\n|move|p2a: Basculegion|Last Respects|p1b: Gengar\n|-immune|p1b: Gengar\n|move|p1b: Gengar|Bitter Malice|p2a: Basculegion\n|-supereffective|p2a: Basculegion|1\n|-damage|p2a: Basculegion|10/100\n|-unboost|p2a: Basculegion|atk|1\n|\n|upkeep\n|turn|3\n|inactive|Braute has 30 seconds left.\n|\n|t:|1775900433\n|switch|p2a: Sinistcha|Sinistcha, L50|100/100\n|move|p1a: Talonflame|Brave Bird|p2b: Talonflame\n|-damage|p2b: Talonflame|18/100\n|-damage|p1a: Talonflame|73/100|[from] Recoil\n|move|p2b: Talonflame|Dual Wingbeat|p1b: Gengar\n|-damage|p1b: Gengar|63/100\n|replace|p1b: Zoroark|Zoroark-Hisui, L50, M\n|-end|p1b: Zoroark|Illusion\n|-damage|p1b: Zoroark|27/100\n|-hitcount|p1b: Zoroark|2\n|move|p1b: Zoroark|Hyper Voice|p2b: Talonflame|[spread] p2b\n|-immune|p2a: Sinistcha\n|-damage|p2b: Talonflame|0 fnt\n|faint|p2b: Talonflame\n|\n|upkeep\n|\n|t:|1775900453\n|switch|p2b: Basculegion|Basculegion, L50, M|10/100\n|turn|4\n|inactive|Braute has 30 seconds left.\n|\n|t:|1775900480\n|move|p1a: Talonflame|Protect|p1a: Talonflame\n|-singleturn|p1a: Talonflame|Protect\n|move|p2a: Sinistcha|Rage Powder|p2a: Sinistcha\n|-singleturn|p2a: Sinistcha|move: Rage Powder\n|move|p2b: Basculegion|Wave Crash|p1a: Talonflame\n|-activate|p1a: Talonflame|move: Protect\n|move|p1b: Zoroark|Bitter Malice|p2a: Sinistcha\n|-supereffective|p2a: Sinistcha|1\n|-damage|p2a: Sinistcha|33/100\n|-unboost|p2a: Sinistcha|atk|1\n|-enditem|p2a: Sinistcha|Sitrus Berry|[eat]\n|-heal|p2a: Sinistcha|58/100|[from] item: Sitrus Berry\n|\n|-sideend|p2: Braute|move: Tailwind\n|upkeep\n|turn|5\n|\n|t:|1775900495\n|move|p2a: Sinistcha|Rage Powder|p2a: Sinistcha\n|-singleturn|p2a: Sinistcha|move: Rage Powder\n|move|p1a: Talonflame|Brave Bird|p2a: Sinistcha\n|-supereffective|p2a: Sinistcha|1\n|-damage|p2a: Sinistcha|0 fnt\n|faint|p2a: Sinistcha\n|-damage|p1a: Talonflame|51/100|[from] Recoil\n|move|p1b: Zoroark|Bitter Malice|p2b: Basculegion\n|-supereffective|p2b: Basculegion|1\n|-damage|p2b: Basculegion|0 fnt\n|faint|p2b: Basculegion\n|\n|-sideend|p1: klongapoke|move: Tailwind\n|upkeep\n|-message|Braute forfeited.\n|\n|win|klongapoke\n|raw|klongapoke's rating: 1120 &rarr; <strong>1140</strong><br />(+20 for winning)\n|raw|Braute's rating: 1054 &rarr; <strong>1039</strong><br />(-15 for losing)\n",
  "uploadtime": 1775900502,
  "views": 14,
  "formatid": "gen9championsvgc2026regma",
  "rating": 1039,
  "private": 0,
  "password": null
}