{
  "id": "gen9championsvgc2026regma-2585088932",
  "format": "[Gen 9 Champions] VGC 2026 Reg M-A",
  "players": [
    "antinn",
    "mdnctz"
  ],
  "log": "|j|\u2606antinn\n|j|\u2606mdnctz\n|t:|1776310559\n|gametype|doubles\n|player|p1|antinn|shadowtriad|1079\n|player|p2|mdnctz|sycamore|1000\n|gen|9\n|tier|[Gen 9 Champions] VGC 2026 Reg M-A\n|rated|\n|rule|Species Clause: Limit one of each Pok\u00e9mon\n|rule|Item Clause: Limit 1 of each item\n|clearpoke\n|poke|p1|Spiritomb, L50, F|\n|poke|p1|Zoroark-Hisui, L50, M|\n|poke|p1|Umbreon, L50, F|\n|poke|p1|Sableye, L50, F|\n|poke|p1|Incineroar, L50, F|\n|poke|p1|Liepard, L50, F|\n|poke|p2|Meowstic, L50, M|\n|poke|p2|Klefki, L50, M|\n|poke|p2|Aegislash, L50, M|\n|poke|p2|Sylveon, L50, M|\n|poke|p2|Clawitzer, L50, F|\n|poke|p2|Golurk, L50|\n|teampreview|4\n|j| ilovewhisky\nantinn rejected open team sheets.\n|inactive|Battle timer is ON: inactive players will automatically lose when time's up. (requested by antinn)\n|\n|t:|1776310629\n|teamsize|p1|4\n|teamsize|p2|4\n|start\n|switch|p1a: Spiritomb|Spiritomb, L50, F|100/100\n|switch|p1b: Umbreon|Umbreon, L50, F|100/100\n|switch|p2a: Klefki|Klefki, L50, M|100/100\n|switch|p2b: Clawitzer|Clawitzer, L50, F|100/100\n|turn|1\n|c|\u2606antinn|Guys?\n|\n|t:|1776310649\n|move|p2b: Clawitzer|Aura Sphere|p1b: Umbreon\n|-supereffective|p1b: Umbreon|1\n|-damage|p1b: Umbreon|43/100\n|move|p1b: Umbreon|Calm Mind|p1b: Umbreon\n|-boost|p1b: Umbreon|spa|1\n|-boost|p1b: Umbreon|spd|1\n|move|p2a: Klefki|Trick Room|p2a: Klefki\n|-fieldstart|move: Trick Room|[of] p2a: Klefki\n|move|p1a: Spiritomb|Trick Room|p1a: Spiritomb\n|-fieldend|move: Trick Room\n|\n|upkeep\n|turn|2\n|inactive|mdnctz has 30 seconds left.\n|inactive|mdnctz has 20 seconds left.\n|inactive|mdnctz has 15 seconds left.\n|inactive|mdnctz has 10 seconds left.\n|\n|t:|1776310698\n|move|p1a: Spiritomb|Ally Switch|p1a: Spiritomb\n|swap|p1a: Spiritomb|1|[from] move: Ally Switch\n|move|p2b: Clawitzer|Aura Sphere|p1b: Spiritomb\n|-immune|p1b: Spiritomb\n|move|p1a: Umbreon|Moonlight|p1a: Umbreon\n|-heal|p1a: Umbreon|93/100\n|move|p2a: Klefki|Trick Room|p2a: Klefki\n|-fieldstart|move: Trick Room|[of] p2a: Klefki\n|\n|upkeep\n|turn|3\n|inactive|mdnctz has 30 seconds left.\n|inactive|mdnctz has 20 seconds left.\n|inactive|mdnctz has 15 seconds left.\n|inactive|mdnctz has 10 seconds left.\n|\n|t:|1776310748\n|move|p2a: Klefki|Fairy Lock|p2a: Klefki\n|-fieldactivate|move: Fairy Lock\n|move|p1b: Spiritomb|Snarl|p2b: Clawitzer|[spread] p2a\n|-miss|p1b: Spiritomb|p2b: Clawitzer\n|-resisted|p2a: Klefki|1\n|-crit|p2a: Klefki\n|-damage|p2a: Klefki|89/100\n|-unboost|p2a: Klefki|spa|1\n|move|p1a: Umbreon|Calm Mind|p1a: Umbreon\n|-boost|p1a: Umbreon|spa|1\n|-boost|p1a: Umbreon|spd|1\n|move|p2b: Clawitzer|Water Pulse|p1a: Umbreon\n|-damage|p1a: Umbreon|74/100\n|\n|upkeep\n|turn|4\n|inactive|antinn has 30 seconds left.\n|inactive|mdnctz has 30 seconds left.\n|inactive|mdnctz has 20 seconds left.\n|inactive|mdnctz has 15 seconds left.\n|inactive|mdnctz has 10 seconds left.\n|\n|t:|1776310796\n|move|p1b: Spiritomb|Snarl|p2b: Clawitzer|[spread] p2a,p2b\n|-resisted|p2a: Klefki|1\n|-damage|p2a: Klefki|82/100\n|-damage|p2b: Clawitzer|87/100\n|-unboost|p2a: Klefki|spa|1\n|-unboost|p2b: Clawitzer|spa|1\n|move|p1a: Umbreon|Calm Mind|p1a: Umbreon\n|-boost|p1a: Umbreon|spa|1\n|-boost|p1a: Umbreon|spd|1\n|move|p2b: Clawitzer|Water Pulse|p1b: Spiritomb\n|-crit|p1b: Spiritomb\n|-damage|p1b: Spiritomb|16/100\n|-start|p1b: Spiritomb|confusion\n|move|p2a: Klefki|Trick Room|p2a: Klefki\n|-fieldend|move: Trick Room\n|\n|-heal|p1b: Spiritomb|22/100|[from] item: Leftovers\n|upkeep\n|turn|5\n|inactive|antinn has 30 seconds left.\n|inactive|mdnctz has 30 seconds left.\n|inactive|mdnctz has 20 seconds left.\n|\n|t:|1776310835\n|switch|p2b: Sylveon|Sylveon, L50, M|100/100\n|move|p2a: Klefki|Fairy Lock|p2a: Klefki\n|-fieldactivate|move: Fairy Lock\n|move|p1a: Umbreon|Calm Mind|p1a: Umbreon\n|-boost|p1a: Umbreon|spa|1\n|-boost|p1a: Umbreon|spd|1\n|-activate|p1b: Spiritomb|confusion\n|move|p1b: Spiritomb|Will-O-Wisp|p2b: Sylveon\n|-status|p2b: Sylveon|brn\n|\n|-heal|p1b: Spiritomb|27/100|[from] item: Leftovers\n|-damage|p2b: Sylveon|95/100 brn|[from] brn\n|upkeep\n|turn|6\n|inactive|antinn has 30 seconds left.\n|inactive|mdnctz has 30 seconds left.\n|inactive|mdnctz has 20 seconds left.\n|\n|t:|1776310874\n|-activate|p1b: Spiritomb|confusion\n|-damage|p1b: Spiritomb|18/100|[from] confusion\n|move|p2a: Klefki|Foul Play|p1a: Umbreon\n|-resisted|p1a: Umbreon|1\n|-damage|p1a: Umbreon|69/100\n|move|p2b: Sylveon|Hyper Voice|p1a: Umbreon|[spread] p1a,p1b\n|-supereffective|p1a: Umbreon|1\n|-supereffective|p1b: Spiritomb|1\n|-damage|p1a: Umbreon|54/100\n|-damage|p1b: Spiritomb|0 fnt\n|faint|p1b: Spiritomb\n|move|p1a: Umbreon|Calm Mind|p1a: Umbreon\n|-boost|p1a: Umbreon|spa|1\n|-boost|p1a: Umbreon|spd|1\n|\n|-heal|p2b: Sylveon|100/100 brn|[from] item: Leftovers\n|-damage|p2b: Sylveon|95/100 brn|[from] brn\n|upkeep\n|\n|t:|1776310893\n|switch|p1b: Liepard|Liepard, L50, F|100/100\n|turn|7\n|inactive|mdnctz has 30 seconds left.\n|\n|t:|1776310920\n|switch|p2a: Clawitzer|Clawitzer, L50, F|87/100\n|switch|p2b: Golurk|Golurk, L50|100/100\n|move|p1b: Liepard|Fake Out|p2b: Golurk\n|-immune|p2b: Golurk\n|move|p1a: Umbreon|Moonlight|p1a: Umbreon\n|-heal|p1a: Umbreon|100/100\n|\n|upkeep\n|turn|8\n|inactive|mdnctz has 30 seconds left.\n|inactive|mdnctz has 20 seconds left.\n|inactive|mdnctz has 15 seconds left.\n|inactive|mdnctz has 10 seconds left.\n|\n|t:|1776310965\n|detailschange|p2b: Golurk|Golurk-Mega, L50\n|-mega|p2b: Golurk|Golurk|Golurkite\n|move|p1b: Liepard|Yawn|p2b: Golurk\n|-start|p2b: Golurk|move: Yawn|[of] p1b: Liepard\n|move|p2a: Clawitzer|Aura Sphere|p1a: Umbreon\n|-supereffective|p1a: Umbreon|1\n|-damage|p1a: Umbreon|83/100\n|move|p1a: Umbreon|Baton Pass|p1a: Umbreon\n|\n|t:|1776310975\n|switch|p1a: Sableye|Sableye, L50, F|100/100|[from] Baton Pass\n|move|p2b: Golurk|Thunder Punch|p1a: Sableye\n|-damage|p1a: Sableye|56/100\n|-status|p1a: Sableye|par\n|\n|upkeep\n|turn|9\n|inactive|mdnctz has 30 seconds left.\n|inactive|antinn has 30 seconds left.\n|inactive|mdnctz has 20 seconds left.\n|inactive|mdnctz has 15 seconds left.\n|\n|t:|1776311018\n|switch|p2b: Klefki|Klefki, L50, M|82/100\n|detailschange|p1a: Sableye|Sableye-Mega, L50, F\n|-mega|p1a: Sableye|Sableye|Sablenite\n|move|p1b: Liepard|Encore|p2a: Clawitzer\n|-start|p2a: Clawitzer|Encore\n|move|p2a: Clawitzer|Aura Sphere|p1b: Liepard\n|-supereffective|p1b: Liepard|1\n|-damage|p1b: Liepard|0 fnt\n|faint|p1b: Liepard\n|move|p1a: Sableye|Recover|p1a: Sableye\n|-heal|p1a: Sableye|100/100 par\n|\n|upkeep\n|\n|t:|1776311032\n|switch|p1b: Umbreon|Umbreon, L50, F|83/100\n|turn|10\n|inactive|mdnctz has 30 seconds left.\n|inactive|mdnctz has 20 seconds left.\n|inactive|mdnctz has 15 seconds left.\n|inactive|mdnctz has 10 seconds left.\n|\n|t:|1776311080\n|move|p2a: Clawitzer|Aura Sphere|p1b: Umbreon\n|-supereffective|p1b: Umbreon|1\n|-damage|p1b: Umbreon|25/100\n|move|p1b: Umbreon|Calm Mind|p1b: Umbreon\n|-boost|p1b: Umbreon|spa|1\n|-boost|p1b: Umbreon|spd|1\n|move|p1a: Sableye|Snarl|p2b: Klefki|[spread] p2a,p2b\n|-resisted|p2b: Klefki|1\n|-damage|p2a: Clawitzer|38/100\n|-damage|p2b: Klefki|54/100\n|-unboost|p2a: Clawitzer|spa|1\n|-unboost|p2b: Klefki|spa|1\n|move|p2b: Klefki|Trick Room|p2b: Klefki\n|-fieldstart|move: Trick Room|[of] p2b: Klefki\n|\n|upkeep\n|turn|11\n|inactive|mdnctz has 30 seconds left.\n|inactive|mdnctz has 20 seconds left.\n|inactive|mdnctz has 15 seconds left.\n|\n|t:|1776311107\n|move|p1a: Sableye|Snarl|p2b: Klefki|[spread] p2a,p2b\n|-resisted|p2b: Klefki|1\n|-damage|p2a: Clawitzer|0 fnt\n|-damage|p2b: Klefki|29/100\n|-unboost|p2b: Klefki|spa|1\n|faint|p2a: Clawitzer\n|move|p1b: Umbreon|Moonlight|p1b: Umbreon\n|-heal|p1b: Umbreon|75/100\n|move|p2b: Klefki|Foul Play|p1a: Sableye\n|-damage|p1a: Sableye|84/100 par\n|\n|upkeep\n|inactive|mdnctz has 15 seconds left this turn.\n|inactive|mdnctz has 10 seconds left.\n|inactive|mdnctz has 5 seconds left.\n|\n|t:|1776311118\n|switch|p2a: Golurk|Golurk-Mega, L50|100/100\n|turn|12\n|inactive|mdnctz has 5 seconds left this turn.\n|-message|mdnctz lost due to inactivity.\n|\n|win|antinn\n|raw|antinn's rating: 1079 &rarr; <strong>1101</strong><br />(+22 for winning)\n|raw|mdnctz's rating: 1000 &rarr; <strong>1000</strong><br />(+0 for losing)\n",
  "uploadtime": 1776311126,
  "views": 17,
  "formatid": "gen9championsvgc2026regma",
  "rating": 1000,
  "private": 0,
  "password": null
}