{
  "id": "gen9championsvgc2026regma-2582177530",
  "format": "[Gen 9 Champions] VGC 2026 Reg M-A",
  "players": [
    "FalkyrieX",
    "Furka58yy"
  ],
  "log": "|j|\u2606FalkyrieX\n|j|\u2606Furka58yy\n|t:|1776067805\n|gametype|doubles\n|player|p1|FalkyrieX|richboy|1330\n|player|p2|Furka58yy|2|1457\n|gen|9\n|tier|[Gen 9 Champions] VGC 2026 Reg M-A\n|rated|\n|rule|Species Clause: Limit one of each Pok\u00e9mon\n|rule|Item Clause: Limit 1 of each item\n|clearpoke\n|poke|p1|Scizor, L50, F|\n|poke|p1|Basculegion, L50, M|\n|poke|p1|Pelipper, L50, M|\n|poke|p1|Sneasler, L50, M|\n|poke|p1|Sinistcha, L50|\n|poke|p1|Glimmora, L50, F|\n|poke|p2|Kingambit, L50, M|\n|poke|p2|Charizard, L50, M|\n|poke|p2|Venusaur, L50, M|\n|poke|p2|Garchomp, L50, F|\n|poke|p2|Sneasler, L50, F|\n|poke|p2|Aerodactyl, L50, M|\n|teampreview|4\n|j| CARtu348rjf90\n|j| otter4200\n|inactive|Battle timer is ON: inactive players will automatically lose when time's up. (requested by Furka58yy)\n|\n|t:|1776067834\n|teamsize|p1|4\n|teamsize|p2|4\n|start\n|switch|p1a: Basculegion|Basculegion, L50, M|100/100\n|switch|p1b: Sneasler|Sneasler, L50, M|100/100\n|switch|p2a: Garchomp|Garchomp, L50, F|100/100\n|switch|p2b: Aerodactyl|Aerodactyl, L50, M|100/100\n|-ability|p2b: Aerodactyl|Unnerve\n|turn|1\n|inactive|FalkyrieX has 30 seconds left.\n|\n|t:|1776067868\n|move|p2b: Aerodactyl|Protect|p2b: Aerodactyl\n|-singleturn|p2b: Aerodactyl|Protect\n|move|p2a: Garchomp|Protect|p2a: Garchomp\n|-singleturn|p2a: Garchomp|Protect\n|move|p1b: Sneasler|Fake Out|p2b: Aerodactyl\n|-activate|p2b: Aerodactyl|move: Protect\n|move|p1a: Basculegion|Wave Crash|p2b: Aerodactyl\n|-activate|p2b: Aerodactyl|move: Protect\n|\n|upkeep\n|turn|2\n|inactive|Furka58yy has 30 seconds left.\n|inactive|FalkyrieX has 30 seconds left.\n|\n|t:|1776067906\n|switch|p1b: Pelipper|Pelipper, L50, M|100/100\n|-weather|RainDance|[from] ability: Drizzle|[of] p1b: Pelipper\n|move|p2b: Aerodactyl|Tailwind|p2b: Aerodactyl\n|-sidestart|p2: Furka58yy|move: Tailwind\n|move|p2a: Garchomp|Earthquake|p1b: Pelipper|[spread] p1a\n|-immune|p2b: Aerodactyl\n|-immune|p1b: Pelipper\n|-damage|p1a: Basculegion|47/100\n|move|p1a: Basculegion|Wave Crash|p2a: Garchomp\n|-damage|p2a: Garchomp|0 fnt\n|-damage|p1a: Basculegion|34/100|[from] ability: Rough Skin|[of] p2a: Garchomp\n|faint|p2a: Garchomp\n|-damage|p1a: Basculegion|3/100|[from] Recoil\n|\n|-weather|RainDance|[upkeep]\n|upkeep\n|l| otter4200\n|inactive|Furka58yy has 30 seconds left.\n|inactive|Furka58yy has 20 seconds left.\n|\n|t:|1776067943\n|switch|p2a: Sneasler|Sneasler, L50, F|100/100\n|turn|3\n|\n|t:|1776067959\n|switch|p1b: Sneasler|Sneasler, L50, M|100/100\n|move|p2b: Aerodactyl|Rock Slide|p1b: Sneasler|[spread] p1a,p1b\n|-resisted|p1b: Sneasler|1\n|-damage|p1a: Basculegion|0 fnt\n|-damage|p1b: Sneasler|79/100\n|faint|p1a: Basculegion\n|move|p2a: Sneasler|Dire Claw|p1b: Sneasler\n|-resisted|p1b: Sneasler|1\n|-damage|p1b: Sneasler|40/100\n|\n|-weather|RainDance|[upkeep]\n|upkeep\n|\n|t:|1776067967\n|switch|p1a: Glimmora|Glimmora, L50, F|100/100\n|turn|4\n|inactive|Furka58yy has 30 seconds left.\n|inactive|Furka58yy has 20 seconds left.\n|inactive|Furka58yy has 15 seconds left.\n|\n|t:|1776068011\n|detailschange|p1a: Glimmora|Glimmora-Mega, L50, F\n|-mega|p1a: Glimmora|Glimmora|Glimmoranite\n|move|p1b: Sneasler|Fake Out|p2b: Aerodactyl\n|-resisted|p2b: Aerodactyl|1\n|-damage|p2b: Aerodactyl|88/100\n|cant|p2b: Aerodactyl|flinch\n|move|p2a: Sneasler|Close Combat|p1a: Glimmora\n|-damage|p1a: Glimmora|28/100\n|-unboost|p2a: Sneasler|def|1\n|-unboost|p2a: Sneasler|spd|1\n|-enditem|p2a: Sneasler|White Herb\n|-clearnegativeboost|p2a: Sneasler|[silent]\n|move|p1a: Glimmora|Earth Power|p2a: Sneasler\n|-supereffective|p2a: Sneasler|1\n|-damage|p2a: Sneasler|2/100\n|-unboost|p2a: Sneasler|spd|1\n|\n|-weather|RainDance|[upkeep]\n|upkeep\n|turn|5\n|inactive|FalkyrieX has 30 seconds left.\n|inactive|Furka58yy has 30 seconds left.\n|\n|t:|1776068045\n|move|p1a: Glimmora|Protect|p1a: Glimmora\n|-singleturn|p1a: Glimmora|Protect\n|move|p2a: Sneasler|Close Combat|p1a: Glimmora\n|-activate|p1a: Glimmora|move: Protect\n|move|p2b: Aerodactyl|Dual Wingbeat|p1b: Sneasler\n|-supereffective|p1b: Sneasler|1\n|-damage|p1b: Sneasler|0 fnt\n|faint|p1b: Sneasler\n|-hitcount|p1: Sneasler|1\n|\n|-weather|RainDance|[upkeep]\n|-sideend|p2: Furka58yy|move: Tailwind\n|upkeep\n|l|\u2606Furka58yy\n|inactive|Furka58yy disconnected and has a minute to reconnect!\n|player|p2|\n|\n|t:|1776068050\n|switch|p1b: Pelipper|Pelipper, L50, M|100/100\n|turn|6\n|inactive|Furka58yy has 30 seconds left.\n|inactive|Furka58yy has 20 seconds left.\n|inactive|Furka58yy has 15 seconds left.\n|inactive|Furka58yy has 10 seconds left.\n|inactive|Furka58yy has 5 seconds left.\n|j|\u2606Furka58yy\n|inactive|Furka58yy reconnected and has 5 seconds left.\n|player|p2|Furka58yy|2|\n|\n|t:|1776068105\n|move|p2a: Sneasler|Close Combat|p1b: Pelipper\n|-resisted|p1b: Pelipper|1\n|-damage|p1b: Pelipper|60/100\n|-unboost|p2a: Sneasler|def|1\n|-unboost|p2a: Sneasler|spd|1\n|move|p2b: Aerodactyl|Rock Slide|p1a: Glimmora|[spread] p1a,p1b\n|-supereffective|p1b: Pelipper|1\n|-damage|p1a: Glimmora|0 fnt\n|-damage|p1b: Pelipper|0 fnt\n|faint|p1a: Glimmora\n|faint|p1b: Pelipper\n|\n|win|Furka58yy\n|raw|FalkyrieX's rating: 1330 &rarr; <strong>1317</strong><br />(-13 for losing)\n|raw|Furka58yy's rating: 1457 &rarr; <strong>1470</strong><br />(+13 for winning)\n|l|\u2606FalkyrieX\n|player|p1|\n",
  "uploadtime": 1776068139,
  "views": 37,
  "formatid": "gen9championsvgc2026regma",
  "rating": 1317,
  "private": 0,
  "password": null
}