{
  "id": "gen9championsvgc2026regma-2588269205",
  "format": "[Gen 9 Champions] VGC 2026 Reg M-A",
  "players": [
    "Uges",
    "sdlt 2krl coolguy"
  ],
  "log": "|raw|<div class=\"broadcast-blue\"><strong>This battle is required to be public due to a player having a name starting with 'sdlt'.</div>\n|j|\u2606Uges\n|j|\u2606sdlt 2krl coolguy\n|t:|1776619651\n|gametype|doubles\n|player|p1|Uges|shadowtriad|1213\n|player|p2|sdlt 2krl coolguy|leon-masters2|1288\n|gen|9\n|tier|[Gen 9 Champions] VGC 2026 Reg M-A\n|rated|\n|rule|Species Clause: Limit one of each Pok\u00e9mon\n|rule|Item Clause: Limit 1 of each item\n|clearpoke\n|poke|p1|Tyranitar, L50, M|\n|poke|p1|Excadrill, L50, F|\n|poke|p1|Gyarados, L50, F, shiny|\n|poke|p1|Sinistcha, L50|\n|poke|p1|Gardevoir, L50, M|\n|poke|p1|Rotom-Heat, L50|\n|poke|p2|Floette-Eternal, L50, F|\n|poke|p2|Incineroar, L50, M|\n|poke|p2|Sinistcha, L50|\n|poke|p2|Garchomp, L50, F|\n|poke|p2|Sneasler, L50, F|\n|poke|p2|Kingambit, L50, M|\n|teampreview|4\n|inactive|Battle timer is ON: inactive players will automatically lose when time's up. (requested by sdlt 2krl coolguy)\n|\n|t:|1776619667\n|teamsize|p1|4\n|teamsize|p2|4\n|start\n|switch|p1a: Tyranitar|Tyranitar, L50, M|100/100\n|switch|p1b: Excadrill|Excadrill, L50, F|100/100\n|switch|p2a: Floette|Floette-Eternal, L50, F|100/100\n|switch|p2b: Incineroar|Incineroar, L50, M|100/100\n|-weather|Sandstorm|[from] ability: Sand Stream|[of] p1a: Tyranitar\n|-ability|p2b: Incineroar|Intimidate|boost\n|-unboost|p1a: Tyranitar|atk|1\n|-unboost|p1b: Excadrill|atk|1\n|turn|1\n|\n|t:|1776619681\n|detailschange|p2a: Floette|Floette-Mega, L50, F\n|-mega|p2a: Floette|Floette|Floettite\n|-ability|p2a: Floette|Fairy Aura\n|move|p2b: Incineroar|Fake Out|p1b: Excadrill\n|-resisted|p1b: Excadrill|1\n|-damage|p1b: Excadrill|93/100\n|cant|p1b: Excadrill|flinch\n|move|p2a: Floette|Moonblast|p1a: Tyranitar\n|-supereffective|p1a: Tyranitar|1\n|-damage|p1a: Tyranitar|0 fnt\n|faint|p1a: Tyranitar\n|\n|-weather|Sandstorm|[upkeep]\n|-damage|p2a: Floette|94/100|[from] Sandstorm\n|-damage|p2b: Incineroar|95/100|[from] Sandstorm\n|upkeep\n|inactive|Uges has 30 seconds left.\n|inactive|Uges has 20 seconds left.\n|inactive|Uges has 15 seconds left.\n|inactive|Uges has 10 seconds left.\n|inactive|Uges has 5 seconds left.\n|\n|t:|1776619736\n|switch|p1a: Rotom|Rotom-Heat, L50|100/100\n|turn|2\n|\n|t:|1776619747\n|switch|p2b: Garchomp|Garchomp, L50, F|100/100\n|move|p2a: Floette|Protect|p2a: Floette\n|-singleturn|p2a: Floette|Protect\n|move|p1b: Excadrill|Iron Head|p2a: Floette\n|-activate|p2a: Floette|move: Protect\n|move|p1a: Rotom|Discharge|p2b: Garchomp|[spread] \n|-activate|p2a: Floette|move: Protect\n|-immune|p1b: Excadrill\n|-immune|p2b: Garchomp\n|\n|-weather|Sandstorm|[upkeep]\n|-damage|p1a: Rotom|95/100|[from] Sandstorm\n|-damage|p2a: Floette|88/100|[from] Sandstorm\n|upkeep\n|turn|3\n|\n|t:|1776619768\n|switch|p1a: Gardevoir|Gardevoir, L50, M|100/100\n|switch|p2a: Incineroar|Incineroar, L50, M|95/100\n|-ability|p2a: Incineroar|Intimidate|boost\n|-unboost|p1a: Gardevoir|atk|1\n|-unboost|p1b: Excadrill|atk|1\n|move|p1b: Excadrill|Iron Head|p2a: Incineroar\n|-resisted|p2a: Incineroar|1\n|-damage|p2a: Incineroar|87/100\n|move|p2b: Garchomp|Stomping Tantrum|p1b: Excadrill\n|-supereffective|p1b: Excadrill|1\n|-damage|p1b: Excadrill|0 fnt\n|faint|p1b: Excadrill\n|\n|-weather|Sandstorm|[upkeep]\n|-damage|p1a: Gardevoir|95/100|[from] Sandstorm\n|-damage|p2a: Incineroar|81/100|[from] Sandstorm\n|upkeep\n|inactive|Uges has 30 seconds left.\n|inactive|Uges has 20 seconds left.\n|\n|t:|1776619805\n|switch|p1b: Rotom|Rotom-Heat, L50|95/100\n|turn|4\n|\n|t:|1776619810\n|detailschange|p1a: Gardevoir|Gardevoir-Mega, L50, M\n|-mega|p1a: Gardevoir|Gardevoir|Gardevoirite\n|move|p2a: Incineroar|Fake Out|p1a: Gardevoir\n|-damage|p1a: Gardevoir|83/100\n|move|p1b: Rotom|Thunderbolt|p2a: Incineroar\n|-damage|p2a: Incineroar|45/100\n|move|p2b: Garchomp|Rock Slide|p1a: Gardevoir|[spread] p1a,p1b\n|-supereffective|p1b: Rotom|1\n|-damage|p1a: Gardevoir|64/100\n|-damage|p1b: Rotom|48/100\n|cant|p1a: Gardevoir|flinch\n|\n|-weather|Sandstorm|[upkeep]\n|-damage|p1b: Rotom|42/100|[from] Sandstorm\n|-damage|p1a: Gardevoir|58/100|[from] Sandstorm\n|-damage|p2a: Incineroar|39/100|[from] Sandstorm\n|upkeep\n|turn|5\n|\n|t:|1776619821\n|move|p1b: Rotom|Thunderbolt|p2a: Incineroar\n|-damage|p2a: Incineroar|3/100\n|move|p2b: Garchomp|Stomping Tantrum|p1a: Gardevoir\n|-damage|p1a: Gardevoir|20/100\n|move|p1a: Gardevoir|Hyper Voice|p2a: Incineroar|[spread] p2a,p2b\n|-supereffective|p2b: Garchomp|1\n|-crit|p2b: Garchomp\n|-damage|p2a: Incineroar|0 fnt\n|-damage|p2b: Garchomp|0 fnt\n|faint|p2a: Incineroar\n|faint|p2b: Garchomp\n|\n|-weather|none\n|upkeep\n|\n|t:|1776619823\n|switch|p2b: Sinistcha|Sinistcha, L50|100/100\n|switch|p2a: Floette|Floette-Mega, L50, F|88/100\n|-ability|p2a: Floette|Fairy Aura\n|-heal|p2a: Floette|100/100|[from] ability: Hospitality|[of] p2b: Sinistcha\n|turn|6\n|\n|t:|1776619840\n|move|p1b: Rotom|Thunderbolt|p2a: Floette\n|-damage|p2a: Floette|72/100\n|move|p2a: Floette|Dazzling Gleam|p1b: Rotom|[spread] p1a,p1b\n|-resisted|p1b: Rotom|1\n|-damage|p1a: Gardevoir|0 fnt\n|-damage|p1b: Rotom|13/100\n|faint|p1a: Gardevoir\n|move|p2b: Sinistcha|Life Dew||[still]|[spread] p2a,p2b\n|-heal|p2a: Floette|97/100\n|-fail|p2b: Sinistcha|heal\n|\n|upkeep\n|turn|7\n|inactive|Uges has 30 seconds left.\n|inactive|Uges has 20 seconds left.\n|inactive|Uges has 15 seconds left.\n|inactive|Uges has 10 seconds left.\n|inactive|Uges has 5 seconds left.\n|\n|t:|1776619890\n|move|p2b: Sinistcha|Rage Powder|p2b: Sinistcha\n|-singleturn|p2b: Sinistcha|move: Rage Powder\n|move|p1b: Rotom|Thunderbolt|p2b: Sinistcha\n|-resisted|p2b: Sinistcha|1\n|-damage|p2b: Sinistcha|81/100\n|move|p2a: Floette|Moonblast|p1b: Rotom\n|-resisted|p1b: Rotom|1\n|-damage|p1b: Rotom|0 fnt\n|faint|p1b: Rotom\n|\n|win|sdlt 2krl coolguy\n|raw|Uges's rating: 1213 &rarr; <strong>1193</strong><br />(-20 for losing)\n|raw|sdlt 2krl coolguy's rating: 1288 &rarr; <strong>1308</strong><br />(+20 for winning)\n",
  "uploadtime": 1776619890,
  "views": 9,
  "formatid": "gen9championsvgc2026regma",
  "rating": 1193,
  "private": 0,
  "password": null
}