{
  "id": "gen9championsvgc2026regma-2581301670",
  "format": "[Gen 9 Champions] VGC 2026 Reg M-A",
  "players": [
    "Vengeance0",
    "jedirabbit"
  ],
  "log": "|j|\u2606Vengeance0\n|j|\u2606jedirabbit\n|t:|1775983626\n|gametype|doubles\n|player|p1|Vengeance0|rosa|1000\n|player|p2|jedirabbit|265|1066\n|gen|9\n|tier|[Gen 9 Champions] VGC 2026 Reg M-A\n|rated|\n|rule|Species Clause: Limit one of each Pok\u00e9mon\n|rule|Item Clause: Limit 1 of each item\n|clearpoke\n|poke|p1|Tsareena, L50, F|\n|poke|p1|Slowking, L50, F|\n|poke|p1|Camerupt, L50, M|\n|poke|p1|Crabominable, L50, M|\n|poke|p1|Incineroar, L50, F|\n|poke|p1|Hatterene, L50, F|\n|poke|p2|Drampa, L50, F|\n|poke|p2|Camerupt, L50, F|\n|poke|p2|Araquanid, L50, F|\n|poke|p2|Sinistcha, L50|\n|poke|p2|Alcremie, L50, F|\n|poke|p2|Slowking-Galar, L50, M|\n|teampreview|4\n|inactive|Battle timer is ON: inactive players will automatically lose when time's up. (requested by jedirabbit)\n|inactive|Vengeance0 has 60 seconds left.\n|\n|t:|1775983659\n|teamsize|p1|4\n|teamsize|p2|4\n|start\n|switch|p1a: Incineroar|Incineroar, L50, F|100/100\n|switch|p1b: Slowking|Slowking, L50, F|100/100\n|switch|p2a: Slowking|Slowking-Galar, L50, M|100/100\n|switch|p2b: Alcremie|Alcremie, L50, F|100/100\n|-ability|p1a: Incineroar|Intimidate|boost\n|-unboost|p2a: Slowking|atk|1\n|-unboost|p2b: Alcremie|atk|1\n|turn|1\n|inactive|Vengeance0 has 30 seconds left.\n|\n|t:|1775983688\n|move|p1a: Incineroar|Fake Out|p2b: Alcremie\n|-damage|p2b: Alcremie|83/100\n|cant|p2b: Alcremie|flinch\n|-prepare|p1b: Slowking|Chilly Reception|[premajor]\n|move|p1b: Slowking|Chilly Reception|p1b: Slowking\n|-weather|Snowscape\n|\n|t:|1775983695\n|switch|p1b: Crabominable|Crabominable, L50, M|100/100|[from] Chilly Reception\n|move|p2a: Slowking|Trick Room|p2a: Slowking\n|-fieldstart|move: Trick Room|[of] p2a: Slowking\n|\n|-weather|Snowscape|[upkeep]\n|-heal|p2b: Alcremie|89/100|[from] item: Leftovers\n|upkeep\n|turn|2\n|inactive|Vengeance0 has 30 seconds left.\n|\n|t:|1775983721\n|detailschange|p1b: Crabominable|Crabominable-Mega, L50, M\n|-mega|p1b: Crabominable|Crabominable|Crabominite\n|move|p2a: Slowking|Flamethrower|p1b: Crabominable\n|-supereffective|p1b: Crabominable|1\n|-damage|p1b: Crabominable|53/100\n|move|p1b: Crabominable|Ice Hammer|p2b: Alcremie\n|-damage|p2b: Alcremie|0 fnt\n|-unboost|p1b: Crabominable|spe|1\n|faint|p2b: Alcremie\n|move|p1a: Incineroar|Darkest Lariat|p2a: Slowking\n|-supereffective|p2a: Slowking|1\n|-damage|p2a: Slowking|10/100\n|\n|-weather|Snowscape|[upkeep]\n|upkeep\n|\n|t:|1775983735\n|switch|p2b: Sinistcha|Sinistcha, L50|100/100\n|-heal|p2a: Slowking|35/100|[from] ability: Hospitality|[of] p2b: Sinistcha\n|turn|3\n|\n|t:|1775983746\n|move|p1b: Crabominable|Ice Hammer|p2b: Sinistcha|[miss]\n|-miss|p1b: Crabominable|p2b: Sinistcha\n|move|p2a: Slowking|Flamethrower|p1b: Crabominable\n|-supereffective|p1b: Crabominable|1\n|-damage|p1b: Crabominable|7/100\n|move|p1a: Incineroar|Darkest Lariat|p2a: Slowking\n|-supereffective|p2a: Slowking|1\n|-damage|p2a: Slowking|0 fnt\n|faint|p2a: Slowking\n|move|p2b: Sinistcha|Matcha Gotcha|p1a: Incineroar|[spread] p1a,p1b\n|-resisted|p1a: Incineroar|1\n|-damage|p1a: Incineroar|89/100\n|-damage|p1b: Crabominable|0 fnt\n|faint|p1b: Crabominable\n|\n|-weather|Snowscape|[upkeep]\n|upkeep\n|\n|t:|1775983762\n|switch|p2a: Araquanid|Araquanid, L50, F|100/100\n|switch|p1b: Tsareena|Tsareena, L50, F|100/100\n|turn|4\n|inactive|jedirabbit has 30 seconds left.\n|\n|t:|1775983791\n|switch|p1a: Slowking|Slowking, L50, F|100/100\n|move|p2a: Araquanid|Liquidation|p1a: Slowking\n|-resisted|p1a: Slowking|1\n|-damage|p1a: Slowking|68/100\n|move|p2b: Sinistcha|Shadow Ball|p1b: Tsareena\n|-damage|p1b: Tsareena|66/100\n|-unboost|p1b: Tsareena|spd|1\n|move|p1b: Tsareena|Triple Axel|p2b: Sinistcha\n|-supereffective|p2b: Sinistcha|1\n|-damage|p2b: Sinistcha|87/100\n|-supereffective|p2b: Sinistcha|1\n|-damage|p2b: Sinistcha|62/100\n|-supereffective|p2b: Sinistcha|1\n|-damage|p2b: Sinistcha|23/100\n|-hitcount|p2b: Sinistcha|3\n|\n|-weather|Snowscape|[upkeep]\n|upkeep\n|turn|5\n|inactive|Vengeance0 has 30 seconds left.\n|inactive|jedirabbit has 30 seconds left.\n|inactive|Vengeance0 has 20 seconds left.\n|inactive|Vengeance0 has 15 seconds left.\n|\n|t:|1775983832\n|switch|p1b: Incineroar|Incineroar, L50, F|89/100\n|-ability|p1b: Incineroar|Intimidate|boost\n|-unboost|p2a: Araquanid|atk|1\n|-unboost|p2b: Sinistcha|atk|1\n|move|p1a: Slowking|Psychic Noise|p2b: Sinistcha\n|-damage|p2b: Sinistcha|0 fnt\n|faint|p2b: Sinistcha\n|move|p2a: Araquanid|X-Scissor|p1a: Slowking\n|-supereffective|p1a: Slowking|1\n|-damage|p1a: Slowking|32/100\n|\n|-weather|none\n|-fieldend|move: Trick Room\n|upkeep\n|turn|6\n|-message|jedirabbit forfeited.\n|\n|win|Vengeance0\n|raw|Vengeance0's rating: 1000 &rarr; <strong>1048</strong><br />(+48 for winning)\n|raw|jedirabbit's rating: 1066 &rarr; <strong>1042</strong><br />(-24 for losing)\n|l|\u2606jedirabbit\n|player|p2|\n",
  "uploadtime": 1775983849,
  "views": 19,
  "formatid": "gen9championsvgc2026regma",
  "rating": 1042,
  "private": 0,
  "password": null
}