{
  "id": "gen9championsvgc2026regma-2585857807",
  "format": "[Gen 9 Champions] VGC 2026 Reg M-A",
  "players": [
    "heartbreaker7",
    "NjJJonte"
  ],
  "log": "|j|\u2606heartbreaker7\n|j|\u2606NjJJonte\n|t:|1776376028\n|gametype|doubles\n|player|p1|heartbreaker7|red-masters2|1083\n|player|p2|NjJJonte|lucas-gen4pt|1151\n|gen|9\n|tier|[Gen 9 Champions] VGC 2026 Reg M-A\n|rated|\n|rule|Species Clause: Limit one of each Pok\u00e9mon\n|rule|Item Clause: Limit 1 of each item\n|clearpoke\n|poke|p1|Kingambit, L50, M|\n|poke|p1|Gyarados, L50, F|\n|poke|p1|Venusaur, L50, F|\n|poke|p1|Alcremie-Rainbow-Swirl, L50, F|\n|poke|p1|Garchomp, L50, M|\n|poke|p1|Zoroark-Hisui, L50, M|\n|poke|p2|Gardevoir, L50, F|\n|poke|p2|Garchomp, L50, F|\n|poke|p2|Torkoal, L50, F|\n|poke|p2|Meowstic, L50, M|\n|poke|p2|Rhyperior, L50, M|\n|poke|p2|Empoleon, L50, M|\n|teampreview|4\nheartbreaker7 rejected open team sheets.\n|inactive|Battle timer is ON: inactive players will automatically lose when time's up. (requested by heartbreaker7)\n|\n|t:|1776376070\n|teamsize|p1|4\n|teamsize|p2|4\n|start\n|switch|p1a: Alcremie|Alcremie-Rainbow-Swirl, L50, F|100/100\n|switch|p1b: Garchomp|Garchomp, L50, M|100/100\n|switch|p2a: Meowstic|Meowstic, L50, M|100/100\n|switch|p2b: Torkoal|Torkoal, L50, F|100/100\n|-weather|SunnyDay|[from] ability: Drought|[of] p2b: Torkoal\n|turn|1\n|\n|t:|1776376094\n|move|p2b: Torkoal|Protect|p2b: Torkoal\n|-singleturn|p2b: Torkoal|Protect\n|move|p1b: Garchomp|Shadow Ball|p2a: Meowstic\n|-supereffective|p2a: Meowstic|1\n|-damage|p2a: Meowstic|0 fnt\n|faint|p2a: Meowstic\n|move|p1a: Alcremie|Decorate|p1b: Garchomp\n|-boost|p1b: Garchomp|atk|2\n|-boost|p1b: Garchomp|spa|2\n|\n|-weather|SunnyDay|[upkeep]\n|upkeep\n|\n|t:|1776376107\n|switch|p2a: Garchomp|Garchomp, L50, F|100/100\n|turn|2\n|\n|t:|1776376125\n|move|p1b: Garchomp|Shadow Ball|p2a: Garchomp\n|-damage|p2a: Garchomp|8/100\n|move|p2a: Garchomp|Rock Slide|p1a: Alcremie|[spread] p1a,p1b\n|-damage|p1a: Alcremie|75/100\n|-damage|p1b: Garchomp|57/100\n|replace|p1b: Zoroark|Zoroark-Hisui, L50, M\n|-end|p1b: Zoroark|Illusion\n|-heal|p2a: Garchomp|15/100|[from] item: Shell Bell|[of] p1b: Zoroark\n|cant|p1a: Alcremie|flinch\n|move|p2b: Torkoal|Eruption|p1b: Zoroark|[spread] p1a,p1b\n|-damage|p1a: Alcremie|13/100\n|-damage|p1b: Zoroark|0 fnt\n|faint|p1b: Zoroark\n|\n|-weather|SunnyDay|[upkeep]\n|-heal|p1a: Alcremie|19/100|[from] item: Leftovers\n|upkeep\n|\n|t:|1776376142\n|switch|p1b: Garchomp|Garchomp, L50, M|100/100\n|turn|3\n|\n|t:|1776376161\n|move|p1b: Garchomp|Protect|p1b: Garchomp\n|-singleturn|p1b: Garchomp|Protect\n|move|p2a: Garchomp|Dragon Claw|p1b: Garchomp\n|-activate|p1b: Garchomp|move: Protect\n|move|p1a: Alcremie|Dazzling Gleam|p2b: Torkoal|[spread] p2a,p2b\n|-supereffective|p2a: Garchomp|1\n|-resisted|p2b: Torkoal|1\n|-damage|p2a: Garchomp|0 fnt\n|-damage|p2b: Torkoal|86/100\n|faint|p2a: Garchomp\n|move|p2b: Torkoal|Eruption|p1a: Alcremie|[spread] p1a\n|-activate|p1b: Garchomp|move: Protect\n|-damage|p1a: Alcremie|0 fnt\n|faint|p1a: Alcremie\n|\n|-weather|SunnyDay|[upkeep]\n|upkeep\n|\n|t:|1776376173\n|switch|p2a: Gardevoir|Gardevoir, L50, F, shiny|100/100\n|switch|p1a: Gyarados|Gyarados, L50, F|100/100\n|-ability|p1a: Gyarados|Intimidate|boost\n|-unboost|p2a: Gardevoir|atk|1\n|-unboost|p2b: Torkoal|atk|1\n|turn|4\n|inactive|NjJJonte has 30 seconds left.\n|\n|t:|1776376200\n|detailschange|p2a: Gardevoir|Gardevoir-Mega, L50, F, shiny\n|-mega|p2a: Gardevoir|Gardevoir|Gardevoirite\n|move|p2b: Torkoal|Protect|p2b: Torkoal\n|-singleturn|p2b: Torkoal|Protect\n|move|p1b: Garchomp|Earthquake|p2a: Gardevoir|[spread] p2a\n|-activate|p2b: Torkoal|move: Protect\n|-immune|p1a: Gyarados\n|-damage|p2a: Gardevoir|49/100\n|move|p1a: Gyarados|Dragon Dance|p1a: Gyarados\n|-boost|p1a: Gyarados|atk|1\n|-boost|p1a: Gyarados|spe|1\n|move|p2a: Gardevoir|Trick Room|p2a: Gardevoir\n|-fieldstart|move: Trick Room|[of] p2a: Gardevoir\n|\n|-weather|SunnyDay|[upkeep]\n|upkeep\n|turn|5\n|\n|t:|1776376224\n|move|p1a: Gyarados|Protect|p1a: Gyarados\n|-singleturn|p1a: Gyarados|Protect\n|move|p2b: Torkoal|Solar Beam||[still]\n|-prepare|p2b: Torkoal|Solar Beam\n|-anim|p2b: Torkoal|Solar Beam|p1a: Gyarados\n|-activate|p1a: Gyarados|move: Protect\n|move|p2a: Gardevoir|Moonblast|p1b: Garchomp\n|-supereffective|p1b: Garchomp|1\n|-enditem|p1b: Garchomp|Focus Sash\n|-damage|p1b: Garchomp|1/100\n|move|p1b: Garchomp|Rock Slide|p2a: Gardevoir|[spread] p2b\n|-miss|p1b: Garchomp|p2a: Gardevoir\n|-supereffective|p2b: Torkoal|1\n|-damage|p2b: Torkoal|55/100\n|\n|-weather|none\n|upkeep\n|turn|6\n|\n|t:|1776376244\n|move|p1b: Garchomp|Protect|p1b: Garchomp\n|-singleturn|p1b: Garchomp|Protect\n|move|p2b: Torkoal|Eruption|p1a: Gyarados|[spread] p1a\n|-activate|p1b: Garchomp|move: Protect\n|-resisted|p1a: Gyarados|1\n|-damage|p1a: Gyarados|85/100\n|move|p2a: Gardevoir|Moonblast|p1a: Gyarados\n|-damage|p1a: Gyarados|21/100\n|move|p1a: Gyarados|Waterfall|p2b: Torkoal\n|-supereffective|p2b: Torkoal|1\n|-damage|p2b: Torkoal|0 fnt\n|faint|p2b: Torkoal\n|\n|upkeep\n|turn|7\n|inactive|heartbreaker7 has 30 seconds left.\n|inactive|NjJJonte has 30 seconds left.\n|\n|t:|1776376276\n|move|p1b: Garchomp|Protect||[still]\n|-fail|p1b: Garchomp\n|move|p2a: Gardevoir|Moonblast|p1b: Garchomp\n|-supereffective|p1b: Garchomp|1\n|-damage|p1b: Garchomp|0 fnt\n|faint|p1b: Garchomp\n|move|p1a: Gyarados|Dragon Dance|p1a: Gyarados\n|-boost|p1a: Gyarados|atk|1\n|-boost|p1a: Gyarados|spe|1\n|\n|upkeep\n|turn|8\n|\n|t:|1776376287\n|move|p1a: Gyarados|Protect|p1a: Gyarados\n|-singleturn|p1a: Gyarados|Protect\n|move|p2a: Gardevoir|Moonblast|p1a: Gyarados\n|-activate|p1a: Gyarados|move: Protect\n|\n|-fieldend|move: Trick Room\n|upkeep\n|turn|9\n|\n|t:|1776376297\n|detailschange|p1a: Gyarados|Gyarados-Mega, L50, F\n|-mega|p1a: Gyarados|Gyarados|Gyaradosite\n|-ability|p1a: Gyarados|Mold Breaker\n|move|p1a: Gyarados|Temper Flare|p2a: Gardevoir\n|-damage|p2a: Gardevoir|0 fnt\n|faint|p2a: Gardevoir\n|\n|win|heartbreaker7\n|raw|heartbreaker7's rating: 1083 &rarr; <strong>1116</strong><br />(+33 for winning)\n|raw|NjJJonte's rating: 1151 &rarr; <strong>1121</strong><br />(-30 for losing)\n|c|\u2606heartbreaker7|gg\n|c|\u2606NjJJonte|gg\n",
  "uploadtime": 1776376307,
  "views": 29,
  "formatid": "gen9championsvgc2026regma",
  "rating": 1116,
  "private": 0,
  "password": null
}