{
  "id": "gen9championsvgc2026regma-2581780761",
  "format": "[Gen 9 Champions] VGC 2026 Reg M-A",
  "players": [
    "Dddddsf",
    "ipissmypabts"
  ],
  "log": "|j|\u2606Dddddsf\n|j|\u2606ipissmypabts\n|html|<table width=\"100%\"><tr><td align=\"left\">Dddddsf</td><td align=\"right\">ipissmypabts</tr><tr><td align=\"left\"><i class=\"fa fa-circle-o\"></i> <i class=\"fa fa-circle-o\"></i> </td><td align=\"right\"><i class=\"fa fa-circle-o\"></i> <i class=\"fa fa-circle-o\"></i> </tr></table>\n|uhtml|bestof|<h2><strong>Game 1</strong> of <a href=\"/game-bestof3-gen9championsvgc2026regma-2581780760\">a best-of-3</a></h2>\n|t:|1776027865\n|gametype|doubles\n|player|p1|Dddddsf|red-masters3|\n|player|p2|ipissmypabts|265|\n|gen|9\n|tier|[Gen 9 Champions] VGC 2026 Reg M-A\n|rule|Species Clause: Limit one of each Pok\u00e9mon\n|rule|Item Clause: Limit 1 of each item\n|raw|<div class=\"infobox\"><details class=\"readmore\" open><summary><strong>1 custom rule:</strong></summary> Best of = 3</details></div>\n|clearpoke\n|poke|p1|Aerodactyl, L50, M|\n|poke|p1|Palafin, L50, F|\n|poke|p1|Incineroar, L50, M|\n|poke|p1|Meganium, L50, M|\n|poke|p1|Aegislash, L50, M|\n|poke|p1|Farigiraf, L50, F|\n|poke|p2|Feraligatr, L50, M|\n|poke|p2|Oranguru, L50, F|\n|poke|p2|Maushold-Four, L50|\n|poke|p2|Sneasler, L50, F|\n|poke|p2|Pelipper, L50, F|\n|poke|p2|Palafin, L50, F|\n|teampreview|4\nDddddsf has agreed to open team sheets.\nipissmypabts has agreed to open team sheets.\n|showteam|p1|Aerodactyl||FocusSash|Unnerve|Tailwind,RockSlide,DualWingbeat,WideGuard|||M|||50|]Palafin||MysticWater|ZerotoHero|WaveCrash,FlipTurn,JetPunch,Protect|||F|||50|]Incineroar||SitrusBerry|Intimidate|FlareBlitz,DarkestLariat,FakeOut,PartingShot|||M|||50|]Meganium||Meganiumite|Overgrow|SolarBeam,WeatherBall,Protect,EarthPower|||M|||50|]Aegislash||Leftovers|StanceChange|IronHead,Poltergeist,KingsShield,SacredSword|||M|||50|]Farigiraf||MentalHerb|ArmorTail|Psychic,HelpingHand,TrickRoom,Protect|||F|||50|\n|showteam|p2|Feraligatr||Feraligite|Torrent|AquaJet,Curse,DoubleEdge,Liquidation|||M|||50|]Oranguru||FocusSash|InnerFocus|TrickRoom,Instruct,Protect,Psychic|||F|||50|]Maushold-Four||KingsRock|FriendGuard|PopulationBomb,FollowMe,HelpingHand,Protect||||||50|]Sneasler||WhiteHerb|Unburden|CloseCombat,FakeOut,DireClaw,Protect|||F|||50|]Pelipper||ChartiBerry|Drizzle|Hurricane,Surf,WeatherBall,IceBeam|||F|||50|]Palafin||MysticWater|ZerotoHero|FlipTurn,JetPunch,CloseCombat,Protect|||F|||50|\n|\n|t:|1776027919\n|teamsize|p1|4\n|teamsize|p2|4\n|start\n|switch|p1a: Helmet Head|Aerodactyl, L50, M|100/100\n|switch|p1b: Melman|Farigiraf, L50, F|100/100\n|switch|p2a: Sneasler|Sneasler, L50, F|100/100\n|switch|p2b: Palafin|Palafin, L50, F|100/100\n|-ability|p1a: Helmet Head|Unnerve\n|turn|1\n|j| JawzTKrookodile\n|\n|t:|1776027969\n|move|p2a: Sneasler|Fake Out||[still]\n|cant|p1b: Melman|ability: Armor Tail|Fake Out|[of] p2a: Sneasler\n|move|p1a: Helmet Head|Tailwind|p1a: Helmet Head\n|-sidestart|p1: Dddddsf|move: Tailwind\n|move|p2b: Palafin|Flip Turn|p1b: Melman\n|-damage|p1b: Melman|78/100\n|\n|t:|1776027976\n|detailschange|p2b: Palafin|Palafin-Hero, L50, F\n|switch|p2b: Oranguru|Oranguru, L50, F|100/100|[from] Flip Turn\n|move|p1b: Melman|Psychic|p2a: Sneasler\n|-supereffective|p2a: Sneasler|2\n|-damage|p2a: Sneasler|0 fnt\n|faint|p2a: Sneasler\n|\n|upkeep\n|\n|t:|1776027981\n|switch|p2a: Feraligatr|Feraligatr, L50, M|100/100\n|turn|2\n|\n|t:|1776027999\n|detailschange|p2a: Feraligatr|Feraligatr-Mega, L50, M\n|-mega|p2a: Feraligatr|Feraligatr|Feraligite\n|move|p1a: Helmet Head|Rock Slide|p2a: Feraligatr|[spread] p2b\n|-miss|p1a: Helmet Head|p2a: Feraligatr\n|-crit|p2b: Oranguru\n|-damage|p2b: Oranguru|75/100\n|move|p2a: Feraligatr|Curse|p2a: Feraligatr\n|-unboost|p2a: Feraligatr|spe|1\n|-boost|p2a: Feraligatr|atk|1\n|-boost|p2a: Feraligatr|def|1\n|move|p1b: Melman|Trick Room|p1b: Melman\n|-fieldstart|move: Trick Room|[of] p1b: Melman\n|move|p2b: Oranguru|Trick Room|p2b: Oranguru\n|-fieldend|move: Trick Room\n|\n|upkeep\n|turn|3\n|\n|t:|1776028025\n|move|p1a: Helmet Head|Dual Wingbeat|p2a: Feraligatr\n|-damage|p2a: Feraligatr|91/100\n|-crit|p2a: Feraligatr\n|-damage|p2a: Feraligatr|72/100\n|-hitcount|p2a: Feraligatr|2\n|move|p1b: Melman|Psychic|p2a: Feraligatr\n|-damage|p2a: Feraligatr|39/100\n|move|p2a: Feraligatr|Double-Edge|p1b: Melman\n|-damage|p1b: Melman|0 fnt\n|faint|p1b: Melman\n|-damage|p2a: Feraligatr|13/100|[from] Recoil\n|move|p2b: Oranguru|Trick Room|p2b: Oranguru\n|-fieldstart|move: Trick Room|[of] p2b: Oranguru\n|\n|upkeep\n|\n|t:|1776028038\n|switch|p1b: Wolfey's Friend|Incineroar, L50, M|100/100\n|-ability|p1b: Wolfey's Friend|Intimidate|boost\n|-unboost|p2a: Feraligatr|atk|1\n|-fail|p2b: Oranguru|unboost|Attack|[from] ability: Inner Focus|[of] p2b: Oranguru\n|turn|4\n|\n|t:|1776028064\n|switch|p2a: Palafin|Palafin-Hero, L50, F|100/100\n|-activate|p2a: Palafin|ability: Zero to Hero\n|move|p1b: Wolfey's Friend|Fake Out|p2a: Palafin\n|-damage|p2a: Palafin|87/100\n|move|p2b: Oranguru|Psychic|p1a: Helmet Head\n|-damage|p1a: Helmet Head|64/100\n|move|p1a: Helmet Head|Rock Slide|p2b: Oranguru|[spread] p2a,p2b\n|-damage|p2a: Palafin|59/100\n|-damage|p2b: Oranguru|56/100\n|\n|-sideend|p1: Dddddsf|move: Tailwind\n|upkeep\n|turn|5\n|\n|t:|1776028085\n|switch|p1a: My Neck!!!|Meganium, L50, M|100/100\n|move|p2a: Palafin|Jet Punch|p1a: My Neck!!!\n|-resisted|p1a: My Neck!!!|1\n|-damage|p1a: My Neck!!!|80/100\n|move|p2b: Oranguru|Instruct|p2a: Palafin\n|-singleturn|p2a: Palafin|move: Instruct|[of] p2b: Oranguru\n|move|p2a: Palafin|Jet Punch|p1a: My Neck!!!\n|-resisted|p1a: My Neck!!!|1\n|-damage|p1a: My Neck!!!|57/100\n|move|p1b: Wolfey's Friend|Darkest Lariat|p2b: Oranguru\n|-supereffective|p2b: Oranguru|1\n|-damage|p2b: Oranguru|0 fnt\n|faint|p2b: Oranguru\n|\n|upkeep\n|\n|t:|1776028095\n|switch|p2b: Feraligatr|Feraligatr-Mega, L50, M|13/100\n|turn|6\n|\n|t:|1776028133\n|detailschange|p1a: My Neck!!!|Meganium-Mega, L50, M\n|-mega|p1a: My Neck!!!|Meganium|Meganiumite\n|move|p2a: Palafin|Jet Punch|p1a: My Neck!!!\n|-resisted|p1a: My Neck!!!|1\n|-damage|p1a: My Neck!!!|37/100\n|move|p1b: Wolfey's Friend|Darkest Lariat|p2b: Feraligatr\n|-damage|p2b: Feraligatr|0 fnt\n|faint|p2b: Feraligatr\n|move|p1a: My Neck!!!|Solar Beam||[still]\n|-prepare|p1a: My Neck!!!|Solar Beam\n|-activate|p1a: My Neck!!!|ability: Mega Sol\n|-anim|p1a: My Neck!!!|Solar Beam|p2a: Palafin\n|-supereffective|p2a: Palafin|1\n|-damage|p2a: Palafin|0 fnt\n|faint|p2a: Palafin\n|\n|win|Dddddsf\n||ipissmypabts is ready for game 2.\n|inactive|Dddddsf has 30 seconds to confirm battle start!\n||Dddddsf is ready for game 2.\n|uhtml|next|Next: <a href=\"/battle-gen9championsvgc2026regma-2581784315\"><strong>Game 2 of 3</strong></a>\n|l|\u2606Dddddsf\n|player|p1|\n",
  "uploadtime": 1776028715,
  "views": 14,
  "formatid": "gen9championsvgc2026regma",
  "rating": null,
  "private": 0,
  "password": null
}