{
  "id": "gen9championsvgc2026regma-2587301665",
  "format": "[Gen 9 Champions] VGC 2026 Reg M-A",
  "players": [
    "hawdb93",
    "AustinMcballs"
  ],
  "log": "|j|\u2606hawdb93\n|j|\u2606AustinMcballs\n|t:|1776519931\n|gametype|doubles\n|player|p1|hawdb93|265|1081\n|player|p2|AustinMcballs|ortega|1112\n|gen|9\n|tier|[Gen 9 Champions] VGC 2026 Reg M-A\n|rated|\n|rule|Species Clause: Limit one of each Pok\u00e9mon\n|rule|Item Clause: Limit 1 of each item\n|clearpoke\n|poke|p1|Archaludon, L50, M|\n|poke|p1|Basculegion, L50, M|\n|poke|p1|Pelipper, L50, F|\n|poke|p1|Sneasler, L50, F|\n|poke|p1|Dragonite, L50, F|\n|poke|p1|Sinistcha-Masterpiece, L50|\n|poke|p2|Incineroar, L50, M|\n|poke|p2|Basculegion, L50, M|\n|poke|p2|Froslass, L50, F|\n|poke|p2|Sneasler, L50, M|\n|poke|p2|Corviknight, L50, M|\n|poke|p2|Rotom-Wash, L50|\n|teampreview|4\n|inactive|Battle timer is ON: inactive players will automatically lose when time's up. (requested by AustinMcballs)\n|inactive|hawdb93 has 60 seconds left.\n|inactive|AustinMcballs has 60 seconds left.\n|\n|t:|1776519984\n|teamsize|p1|4\n|teamsize|p2|4\n|start\n|switch|p1a: Basculegion|Basculegion, L50, M|100/100\n|switch|p1b: Archaludon|Archaludon, L50, M|100/100\n|switch|p2a: Froslass|Froslass, L50, F|100/100\n|switch|p2b: Rotom|Rotom-Wash, L50|100/100\n|turn|1\n|inactive|hawdb93 has 30 seconds left.\n|inactive|AustinMcballs has 30 seconds left.\n|\n|t:|1776520013\n|move|p2a: Froslass|Protect|p2a: Froslass\n|-singleturn|p2a: Froslass|Protect\n|move|p1a: Basculegion|Flip Turn|p2b: Rotom\n|-resisted|p2b: Rotom|1\n|-damage|p2b: Rotom|80/100\n|\n|t:|1776520022\n|switch|p1a: Pelipper|Pelipper, L50, F|100/100|[from] Flip Turn\n|-weather|RainDance|[from] ability: Drizzle|[of] p1a: Pelipper\n|move|p2b: Rotom|Will-O-Wisp|p1a: Pelipper|[miss]\n|-miss|p2b: Rotom|p1a: Pelipper\n|move|p1b: Archaludon|Electro Shot||[still]\n|-prepare|p1b: Archaludon|Electro Shot\n|-boost|p1b: Archaludon|spa|1\n|-anim|p1b: Archaludon|Electro Shot|p2a: Froslass\n|-activate|p2a: Froslass|move: Protect\n|\n|-weather|RainDance|[upkeep]\n|upkeep\n|turn|2\n|inactive|hawdb93 has 30 seconds left.\n|inactive|AustinMcballs has 30 seconds left.\n|\n|t:|1776520048\n|detailschange|p2a: Froslass|Froslass-Mega, L50, F\n|-mega|p2a: Froslass|Froslass|Froslassite\n|-weather|Snowscape|[from] ability: Snow Warning|[of] p2a: Froslass\n|move|p2a: Froslass|Blizzard|p1b: Archaludon|[spread] p1a,p1b\n|-damage|p1a: Pelipper|25/100\n|-damage|p1b: Archaludon|62/100\n|-ability|p1b: Archaludon|Stamina|boost\n|-boost|p1b: Archaludon|def|1\n|move|p1a: Pelipper|Tailwind|p1a: Pelipper\n|-sidestart|p1: hawdb93|move: Tailwind\n|move|p1b: Archaludon|Flash Cannon|p2a: Froslass\n|-supereffective|p2a: Froslass|1\n|-damage|p2a: Froslass|0 fnt\n|faint|p2a: Froslass\n|move|p2b: Rotom|Electroweb|p1b: Archaludon|[spread] p1a,p1b\n|-supereffective|p1a: Pelipper|2\n|-resisted|p1b: Archaludon|1\n|-damage|p1a: Pelipper|0 fnt\n|-damage|p1b: Archaludon|56/100\n|-unboost|p1b: Archaludon|spe|1\n|-ability|p1b: Archaludon|Stamina|boost\n|-boost|p1b: Archaludon|def|1\n|faint|p1a: Pelipper\n|\n|-weather|Snowscape|[upkeep]\n|-heal|p1b: Archaludon|62/100|[from] item: Leftovers\n|upkeep\n|inactive|AustinMcballs has 30 seconds left.\n|inactive|AustinMcballs has 20 seconds left.\n|\n|t:|1776520086\n|switch|p2a: Sneasler|Sneasler, L50, M|100/100\n|switch|p1a: Sinistcha|Sinistcha-Masterpiece, L50|100/100\n|-heal|p1b: Archaludon|87/100|[from] ability: Hospitality|[of] p1a: Sinistcha\n|turn|3\n|l|\u2606AustinMcballs\n|inactive|AustinMcballs disconnected and has a minute to reconnect!\n|player|p2|\n|j|\u2606AustinMcballs\n|inactive|AustinMcballs reconnected and has 50 seconds left.\n|player|p2|AustinMcballs|ortega|\n|inactive|AustinMcballs has 30 seconds left.\n|\n|t:|1776520112\n|move|p1a: Sinistcha|Matcha Gotcha|p2a: Sneasler|[spread] p2a,p2b\n|-resisted|p2a: Sneasler|1\n|-supereffective|p2b: Rotom|1\n|-damage|p2a: Sneasler|83/100\n|-damage|p2b: Rotom|38/100\n|move|p2a: Sneasler|Dire Claw|p1a: Sinistcha\n|-damage|p1a: Sinistcha|65/100\n|-status|p1a: Sinistcha|par\n|move|p1b: Archaludon|Dragon Pulse|p2a: Sneasler\n|-damage|p2a: Sneasler|17/100\n|move|p2b: Rotom|Volt Switch|p1a: Sinistcha\n|-resisted|p1a: Sinistcha|1\n|-damage|p1a: Sinistcha|52/100 par\n|\n|t:|1776520125\n|switch|p2b: Corviknight|Corviknight, L50, M|100/100|[from] Volt Switch\n|\n|-weather|Snowscape|[upkeep]\n|-heal|p1b: Archaludon|93/100|[from] item: Leftovers\n|upkeep\n|turn|4\n|inactive|hawdb93 has 30 seconds left.\n|inactive|hawdb93 has 20 seconds left.\n|inactive|hawdb93 has 15 seconds left.\n|inactive|hawdb93 has 10 seconds left.\n|\n|t:|1776520171\n|move|p2a: Sneasler|Protect|p2a: Sneasler\n|-singleturn|p2a: Sneasler|Protect\n|cant|p1a: Sinistcha|par\n|move|p1b: Archaludon|Dragon Pulse|p2a: Sneasler\n|-activate|p2a: Sneasler|move: Protect\n|move|p2b: Corviknight|Brave Bird|p1a: Sinistcha\n|-supereffective|p1a: Sinistcha|1\n|-damage|p1a: Sinistcha|0 fnt\n|faint|p1a: Sinistcha\n|-damage|p2b: Corviknight|85/100|[from] Recoil\n|\n|-weather|Snowscape|[upkeep]\n|-heal|p1b: Archaludon|99/100|[from] item: Leftovers\n|-heal|p2b: Corviknight|91/100|[from] item: Leftovers\n|upkeep\n|\n|t:|1776520182\n|switch|p1a: Basculegion|Basculegion, L50, M|100/100\n|turn|5\n|\n|t:|1776520197\n|switch|p2a: Rotom|Rotom-Wash, L50|38/100\n|move|p1a: Basculegion|Last Respects|p2a: Rotom\n|-damage|p2a: Rotom|0 fnt\n|faint|p2a: Rotom\n|move|p1b: Archaludon|Electro Shot||[still]\n|-prepare|p1b: Archaludon|Electro Shot\n|-boost|p1b: Archaludon|spa|1\n|move|p2b: Corviknight|Brave Bird|p1a: Basculegion\n|-damage|p1a: Basculegion|47/100\n|-damage|p2b: Corviknight|73/100|[from] Recoil\n|\n|-weather|Snowscape|[upkeep]\n|-heal|p1b: Archaludon|100/100|[from] item: Leftovers\n|-heal|p2b: Corviknight|79/100|[from] item: Leftovers\n|-sideend|p1: hawdb93|move: Tailwind\n|upkeep\n|\n|t:|1776520208\n|switch|p2a: Sneasler|Sneasler, L50, M|17/100\n|turn|6\n|inactive|hawdb93 has 30 seconds left.\n|inactive|AustinMcballs has 30 seconds left.\n|inactive|hawdb93 has 20 seconds left.\n|inactive|hawdb93 has 15 seconds left.\n|inactive|hawdb93 has 10 seconds left.\n|\n|t:|1776520254\n|move|p1a: Basculegion|Last Respects|p2a: Sneasler\n|-damage|p2a: Sneasler|0 fnt\n|faint|p2a: Sneasler\n|move|p2b: Corviknight|Brave Bird|p1a: Basculegion\n|-damage|p1a: Basculegion|0 fnt\n|faint|p1a: Basculegion\n|-damage|p2b: Corviknight|64/100|[from] Recoil\n|move|p1b: Archaludon|Electro Shot|p2b: Corviknight|[from] lockedmove\n|-supereffective|p2b: Corviknight|1\n|-damage|p2b: Corviknight|0 fnt\n|faint|p2b: Corviknight\n|\n|win|hawdb93\n|raw|hawdb93's rating: 1081 &rarr; <strong>1111</strong><br />(+30 for winning)\n|raw|AustinMcballs's rating: 1112 &rarr; <strong>1085</strong><br />(-27 for losing)\n",
  "uploadtime": 1776520266,
  "views": 17,
  "formatid": "gen9championsvgc2026regma",
  "rating": 1085,
  "private": 0,
  "password": null
}