{
  "id": "gen9championsvgc2026regma-2584147925",
  "format": "[Gen 9 Champions] VGC 2026 Reg M-A",
  "players": [
    "colfox",
    "KTHAN0S"
  ],
  "log": "|j|\u203dcolfox\n|j|\u2606KTHAN0S\n|t:|1776230762\n|gametype|doubles\n|player|p1|colfox|169|1151\n|player|p2|KTHAN0S|hooligans|1132\n|gen|9\n|tier|[Gen 9 Champions] VGC 2026 Reg M-A\n|rated|\n|rule|Species Clause: Limit one of each Pok\u00e9mon\n|rule|Item Clause: Limit 1 of each item\n|clearpoke\n|poke|p1|Sylveon, L50, F|\n|poke|p1|Garchomp, L50, M|\n|poke|p1|Milotic, L50, F|\n|poke|p1|Ninetales, L50, M|\n|poke|p1|Raichu, L50, M|\n|poke|p1|Scizor, L50, F|\n|poke|p2|Starmie, L50|\n|poke|p2|Incineroar, L50, F|\n|poke|p2|Weavile, L50, M|\n|poke|p2|Meganium, L50, M|\n|poke|p2|Pelipper, L50, M|\n|poke|p2|Archaludon, L50, F|\n|teampreview|4\n|inactive|Battle timer is ON: inactive players will automatically lose when time's up. (requested by KTHAN0S)\n|\n|t:|1776230787\n|teamsize|p1|4\n|teamsize|p2|4\n|start\n|switch|p1a: Milotic|Milotic, L50, F|100/100\n|switch|p1b: Raichu|Raichu, L50, M|100/100\n|switch|p2a: Starmie|Starmie, L50|100/100\n|switch|p2b: Weavile|Weavile, L50, M|100/100\n|turn|1\n|inactive|colfox has 30 seconds left.\n|\n|t:|1776230816\n|detailschange|p2a: Starmie|Starmie-Mega, L50\n|-mega|p2a: Starmie|Starmie|Starminite\n|move|p1b: Raichu|Fake Out|p2a: Starmie\n|-damage|p2a: Starmie|91/100\n|move|p2b: Weavile|Knock Off|p1b: Raichu\n|-damage|p1b: Raichu|6/100\n|-enditem|p1b: Raichu|Magnet|[from] move: Knock Off|[of] p2b: Weavile\n|cant|p2a: Starmie|flinch\n|move|p1a: Milotic|Scald|p2b: Weavile\n|-damage|p2b: Weavile|47/100\n|\n|upkeep\n|turn|2\n|inactive|KTHAN0S has 30 seconds left.\n|\n|t:|1776230848\n|move|p1b: Raichu|Protect|p1b: Raichu\n|-singleturn|p1b: Raichu|Protect\n|move|p2b: Weavile|Knock Off|p1b: Raichu\n|-activate|p1b: Raichu|move: Protect\n|move|p2a: Starmie|Zen Headbutt|p1a: Milotic\n|-damage|p1a: Milotic|19/100\n|move|p1a: Milotic|Icy Wind|p2a: Starmie|[spread] p2a,p2b\n|-resisted|p2a: Starmie|1\n|-resisted|p2b: Weavile|1\n|-damage|p2a: Starmie|83/100\n|-damage|p2b: Weavile|38/100\n|-unboost|p2a: Starmie|spe|1\n|-unboost|p2b: Weavile|spe|1\n|\n|upkeep\n|turn|3\n|\n|t:|1776230869\n|switch|p2b: Incineroar|Incineroar, L50, F|100/100\n|-ability|p2b: Incineroar|Intimidate|boost\n|-unboost|p1a: Milotic|atk|1\n|-ability|p1a: Milotic|Competitive|boost\n|-boost|p1a: Milotic|spa|2\n|-unboost|p1b: Raichu|atk|1\n|switch|p2a: Archaludon|Archaludon, L50, F|100/100\n|move|p1b: Raichu|Thunderbolt|p2a: Archaludon\n|-resisted|p2a: Archaludon|1\n|-damage|p2a: Archaludon|74/100\n|-ability|p2a: Archaludon|Stamina|boost\n|-boost|p2a: Archaludon|def|1\n|move|p1a: Milotic|Scald|p2b: Incineroar\n|-supereffective|p2b: Incineroar|1\n|-damage|p2b: Incineroar|0 fnt\n|faint|p2b: Incineroar\n|\n|upkeep\n|\n|t:|1776230883\n|switch|p2b: Weavile|Weavile, L50, M|38/100\n|turn|4\n|\n|t:|1776230906\n|move|p2b: Weavile|Fake Out|p1b: Raichu\n|-damage|p1b: Raichu|0 fnt\n|faint|p1b: Raichu\n|move|p2a: Archaludon|Flash Cannon|p1a: Milotic\n|-resisted|p1a: Milotic|1\n|-damage|p1a: Milotic|5/100\n|move|p1a: Milotic|Scald|p2b: Weavile\n|-damage|p2b: Weavile|0 fnt\n|faint|p2b: Weavile\n|\n|upkeep\n|\n|t:|1776230923\n|switch|p2b: Starmie|Starmie-Mega, L50|83/100\n|switch|p1b: Scizor|Scizor, L50, F|100/100\n|turn|5\n|\n|t:|1776230943\n|detailschange|p1b: Scizor|Scizor-Mega, L50, F\n|-mega|p1b: Scizor|Scizor|Scizorite\n|move|p2b: Starmie|Liquidation|p1b: Scizor\n|-damage|p1b: Scizor|43/100\n|move|p2a: Archaludon|Flash Cannon|p1a: Milotic\n|-resisted|p1a: Milotic|1\n|-damage|p1a: Milotic|0 fnt\n|faint|p1a: Milotic\n|move|p1b: Scizor|Bug Bite|p2b: Starmie\n|-supereffective|p2b: Starmie|1\n|-damage|p2b: Starmie|0 fnt\n|faint|p2b: Starmie\n|\n|upkeep\n|\n|t:|1776230956\n|switch|p1a: Ninetales|Ninetales, L50, M|100/100\n|-weather|SunnyDay|[from] ability: Drought|[of] p1a: Ninetales\n|turn|6\n|-message|KTHAN0S forfeited.\n|\n|win|colfox\n|raw|colfox's rating: 1151 &rarr; <strong>1175</strong><br />(+24 for winning)\n|raw|KTHAN0S's rating: 1132 &rarr; <strong>1108</strong><br />(-24 for losing)\n|l|\u2606KTHAN0S\n|player|p2|\n",
  "uploadtime": 1776230967,
  "views": 42,
  "formatid": "gen9championsvgc2026regma",
  "rating": 1108,
  "private": 0,
  "password": null
}