{
  "id": "gen9championsvgc2026regma-2581216991",
  "format": "[Gen 9 Champions] VGC 2026 Reg M-A",
  "players": [
    "Mat002",
    "thatoneguywithapen"
  ],
  "log": "|j|\u2606Mat002\n|j|\u2606thatoneguywithapen\n|t:|1775971995\n|gametype|doubles\n|player|p1|Mat002|steven|1107\n|player|p2|thatoneguywithapen|az-lza|1177\n|gen|9\n|tier|[Gen 9 Champions] VGC 2026 Reg M-A\n|rated|\n|rule|Species Clause: Limit one of each Pok\u00e9mon\n|rule|Item Clause: Limit 1 of each item\n|clearpoke\n|poke|p1|Sableye, L50, F|\n|poke|p1|Scizor, L50, M|\n|poke|p1|Politoed, L50, M|\n|poke|p1|Basculegion, L50, M|\n|poke|p1|Archaludon, L50, F|\n|poke|p1|Incineroar, L50, M|\n|poke|p2|Pelipper, L50, M|\n|poke|p2|Aggron, L50, M|\n|poke|p2|Incineroar, L50, M|\n|poke|p2|Sinistcha, L50|\n|poke|p2|Glimmora, L50, M|\n|poke|p2|Aegislash, L50, M|\n|teampreview|4\n|\n|t:|1775972026\n|teamsize|p1|4\n|teamsize|p2|4\n|start\n|switch|p1a: Sableye|Sableye, L50, F|100/100\n|switch|p1b: Incineroar|Incineroar, L50, M|100/100\n|switch|p2a: Aggron|Aggron, L50, M|100/100\n|switch|p2b: Sinistcha|Sinistcha, L50|100/100\n|-ability|p1b: Incineroar|Intimidate|boost\n|-unboost|p2a: Aggron|atk|1\n|-unboost|p2b: Sinistcha|atk|1\n|turn|1\n|\n|t:|1775972045\n|detailschange|p2a: Aggron|Aggron-Mega, L50, M\n|-mega|p2a: Aggron|Aggron|Aggronite\n|move|p2a: Aggron|Protect|p2a: Aggron\n|-singleturn|p2a: Aggron|Protect\n|move|p1b: Incineroar|Fake Out|p2a: Aggron\n|-activate|p2a: Aggron|move: Protect\n|move|p1a: Sableye|Taunt|p2b: Sinistcha\n|-start|p2b: Sinistcha|move: Taunt\n|move|p2b: Sinistcha|Matcha Gotcha|p1a: Sableye|[spread] p1a\n|-miss|p2b: Sinistcha|p1b: Incineroar\n|-damage|p1a: Sableye|71/100\n|\n|upkeep\n|turn|2\n|\n|t:|1775972068\n|switch|p2b: Incineroar|Incineroar, L50, M|100/100\n|-ability|p2b: Incineroar|Intimidate|boost\n|-unboost|p1a: Sableye|atk|1\n|-unboost|p1b: Incineroar|atk|1\n|move|p1a: Sableye|Protect|p1a: Sableye\n|-singleturn|p1a: Sableye|Protect\n|move|p1b: Incineroar|Parting Shot|p2a: Aggron\n|-unboost|p2a: Aggron|atk|1\n|-unboost|p2a: Aggron|spa|1\n|\n|t:|1775972079\n|switch|p1b: Basculegion|Basculegion, L50, M|100/100|[from] Parting Shot\n|move|p2a: Aggron|Body Press|p1b: Basculegion\n|-immune|p1b: Basculegion\n|\n|upkeep\n|turn|3\n|\n|t:|1775972098\n|switch|p2a: Sinistcha|Sinistcha, L50|100/100\n|move|p1a: Sableye|Disable||[still]\n|-fail|p1a: Sableye\n|move|p1b: Basculegion|Flip Turn|p2a: Sinistcha\n|-resisted|p2a: Sinistcha|1\n|-damage|p2a: Sinistcha|85/100\n|\n|t:|1775972108\n|switch|p1b: Incineroar|Incineroar, L50, M|100/100|[from] Flip Turn\n|-ability|p1b: Incineroar|Intimidate|boost\n|-unboost|p2a: Sinistcha|atk|1\n|-unboost|p2b: Incineroar|atk|1\n|move|p2b: Incineroar|Darkest Lariat|p1b: Incineroar\n|-resisted|p1b: Incineroar|1\n|-damage|p1b: Incineroar|92/100\n|\n|upkeep\n|turn|4\n|\n|t:|1775972129\n|move|p2a: Sinistcha|Rage Powder|p2a: Sinistcha\n|-singleturn|p2a: Sinistcha|move: Rage Powder\n|move|p1b: Incineroar|Darkest Lariat|p2a: Sinistcha\n|-supereffective|p2a: Sinistcha|1\n|-damage|p2a: Sinistcha|30/100\n|-enditem|p2a: Sinistcha|Sitrus Berry|[eat]\n|-heal|p2a: Sinistcha|55/100|[from] item: Sitrus Berry\n|move|p2b: Incineroar|Darkest Lariat|p1a: Sableye\n|-damage|p1a: Sableye|42/100\n|-enditem|p1a: Sableye|Sitrus Berry|[eat]\n|-heal|p1a: Sableye|67/100|[from] item: Sitrus Berry\n|move|p1a: Sableye|Foul Play|p2a: Sinistcha\n|-supereffective|p2a: Sinistcha|1\n|-damage|p2a: Sinistcha|28/100\n|\n|upkeep\n|turn|5\n|\n|t:|1775972168\n|switch|p2a: Aggron|Aggron-Mega, L50, M|100/100\n|move|p1a: Sableye|Protect|p1a: Sableye\n|-singleturn|p1a: Sableye|Protect\n|move|p1b: Incineroar|Parting Shot|p2a: Aggron\n|-unboost|p2a: Aggron|atk|1\n|-unboost|p2a: Aggron|spa|1\n|\n|t:|1775972178\n|switch|p1b: Basculegion|Basculegion, L50, M|100/100|[from] Parting Shot\n|move|p2b: Incineroar|Flare Blitz|p1a: Sableye\n|-activate|p1a: Sableye|move: Protect\n|\n|upkeep\n|turn|6\n|\n|t:|1775972195\n|switch|p2b: Aegislash|Aegislash, L50, M|100/100\n|move|p1a: Sableye|Taunt|p2a: Aggron\n|-start|p2a: Aggron|move: Taunt\n|move|p1b: Basculegion|Flip Turn|p2b: Aegislash\n|-damage|p2b: Aegislash|65/100\n|\n|t:|1775972204\n|switch|p1b: Incineroar|Incineroar, L50, M|92/100|[from] Flip Turn\n|-ability|p1b: Incineroar|Intimidate|boost\n|-unboost|p2a: Aggron|atk|1\n|-unboost|p2b: Aegislash|atk|1\n|move|p2a: Aggron|Heavy Slam|p1a: Sableye\n|-damage|p1a: Sableye|32/100\n|\n|-heal|p2b: Aegislash|71/100|[from] item: Leftovers\n|upkeep\n|turn|7\n|\n|t:|1775972229\n|move|p2b: Aegislash|King's Shield|p2b: Aegislash\n|-singleturn|p2b: Aegislash|Protect\n|move|p1a: Sableye|Disable|p2a: Aggron\n|-start|p2a: Aggron|Disable|Heavy Slam\n|move|p1b: Incineroar|Darkest Lariat|p2b: Aegislash\n|-activate|p2b: Aegislash|move: Protect\n|-unboost|p1b: Incineroar|atk|1\n|move|p2a: Aggron|Body Press|p1b: Incineroar\n|-supereffective|p1b: Incineroar|1\n|-enditem|p1b: Incineroar|Chople Berry|[eat]\n|-enditem|p1b: Incineroar|Chople Berry|[weaken]\n|-damage|p1b: Incineroar|58/100\n|\n|-heal|p2b: Aegislash|77/100|[from] item: Leftovers\n|upkeep\n|turn|8\n|\n|t:|1775972272\n|switch|p2a: Sinistcha|Sinistcha, L50|28/100\n|-heal|p2b: Aegislash|100/100|[from] ability: Hospitality|[of] p2a: Sinistcha\n|move|p1a: Sableye|Protect|p1a: Sableye\n|-singleturn|p1a: Sableye|Protect\n|-formechange|p2b: Aegislash|Aegislash-Blade|\n|move|p2b: Aegislash|Poltergeist||[still]\n|-fail|p2b: Aegislash\n|move|p1b: Incineroar|Parting Shot|p2b: Aegislash\n|-unboost|p2b: Aegislash|atk|1\n|-unboost|p2b: Aegislash|spa|1\n|\n|t:|1775972285\n|switch|p1b: Scizor|Scizor, L50, M|100/100|[from] Parting Shot\n|\n|upkeep\n|turn|9\n|\n|t:|1775972295\n|detailschange|p1b: Scizor|Scizor-Mega, L50, M\n|-mega|p1b: Scizor|Scizor|Scizorite\n|-formechange|p2b: Aegislash|Aegislash|\n|move|p2b: Aegislash|King's Shield|p2b: Aegislash\n|-singleturn|p2b: Aegislash|Protect\n|move|p2a: Sinistcha|Rage Powder|p2a: Sinistcha\n|-singleturn|p2a: Sinistcha|move: Rage Powder\n|move|p1b: Scizor|Swords Dance|p1b: Scizor\n|-boost|p1b: Scizor|atk|2\n|move|p1a: Sableye|Foul Play|p2a: Sinistcha\n|-supereffective|p2a: Sinistcha|1\n|-damage|p2a: Sinistcha|0 fnt\n|faint|p2a: Sinistcha\n|\n|upkeep\n|\n|t:|1775972310\n|switch|p2a: Incineroar|Incineroar, L50, M|100/100\n|-ability|p2a: Incineroar|Intimidate|boost\n|-unboost|p1a: Sableye|atk|1\n|-unboost|p1b: Scizor|atk|1\n|turn|10\n|\n|t:|1775972323\n|move|p1a: Sableye|Protect|p1a: Sableye\n|-singleturn|p1a: Sableye|Protect\n|move|p1b: Scizor|Protect|p1b: Scizor\n|-singleturn|p1b: Scizor|Protect\n|-formechange|p2b: Aegislash|Aegislash-Blade|\n|move|p2b: Aegislash|Poltergeist||[still]\n|-fail|p2b: Aegislash\n|move|p2a: Incineroar|Flare Blitz|p1b: Scizor\n|-activate|p1b: Scizor|move: Protect\n|\n|upkeep\n|turn|11\n|\n|t:|1775972338\n|-formechange|p2b: Aegislash|Aegislash|\n|move|p2b: Aegislash|King's Shield|p2b: Aegislash\n|-singleturn|p2b: Aegislash|Protect\n|move|p1a: Sableye|Disable|p2a: Incineroar\n|-hint|Since gen 7, Dark is immune to Prankster moves.\n|-immune|p2a: Incineroar\n|move|p1b: Scizor|Swords Dance|p1b: Scizor\n|-boost|p1b: Scizor|atk|2\n|move|p2a: Incineroar|Flare Blitz|p1b: Scizor\n|-supereffective|p1b: Scizor|2\n|-damage|p1b: Scizor|0 fnt\n|faint|p1b: Scizor\n|-damage|p2a: Incineroar|77/100|[from] Recoil\n|\n|upkeep\n|\n|t:|1775972354\n|switch|p1b: Basculegion|Basculegion, L50, M|100/100\n|turn|12\n|\n|t:|1775972370\n|switch|p2b: Aggron|Aggron-Mega, L50, M|100/100\n|move|p1b: Basculegion|Flip Turn|p2b: Aggron\n|-damage|p2b: Aggron|81/100\n|\n|t:|1775972377\n|switch|p1b: Incineroar|Incineroar, L50, M|58/100|[from] Flip Turn\n|-ability|p1b: Incineroar|Intimidate|boost\n|-unboost|p2a: Incineroar|atk|1\n|-unboost|p2b: Aggron|atk|1\n|move|p2a: Incineroar|Flare Blitz|p1a: Sableye\n|-damage|p1a: Sableye|0 fnt\n|faint|p1a: Sableye\n|-damage|p2a: Incineroar|69/100|[from] Recoil\n|\n|upkeep\n|\n|t:|1775972388\n|switch|p1a: Basculegion|Basculegion, L50, M|100/100\n|turn|13\n|\n|t:|1775972408\n|move|p1a: Basculegion|Wave Crash|p2b: Aggron\n|-damage|p2b: Aggron|41/100\n|-damage|p1a: Basculegion|88/100|[from] Recoil\n|move|p1b: Incineroar|Flare Blitz|p2b: Aggron\n|-supereffective|p2b: Aggron|1\n|-damage|p2b: Aggron|8/100\n|-damage|p1b: Incineroar|48/100|[from] Recoil\n|move|p2a: Incineroar|Darkest Lariat|p1a: Basculegion\n|-supereffective|p1a: Basculegion|1\n|-damage|p1a: Basculegion|27/100\n|move|p2b: Aggron|Body Press|p1b: Incineroar\n|-supereffective|p1b: Incineroar|1\n|-damage|p1b: Incineroar|0 fnt\n|faint|p1b: Incineroar\n|\n|upkeep\n|turn|14\n|-message|Mat002 forfeited.\n|\n|win|thatoneguywithapen\n|raw|Mat002's rating: 1107 &rarr; <strong>1087</strong><br />(-20 for losing)\n|raw|thatoneguywithapen's rating: 1177 &rarr; <strong>1197</strong><br />(+20 for winning)\n|l|\u2606Mat002\n|player|p1|\n",
  "uploadtime": 1775972428,
  "views": 15,
  "formatid": "gen9championsvgc2026regma",
  "rating": 1087,
  "private": 0,
  "password": null
}