{
  "id": "gen9championsvgc2026regma-2588598310",
  "format": "[Gen 9 Champions] VGC 2026 Reg M-A",
  "players": [
    "sirae",
    "LordLumpi"
  ],
  "log": "|j|\u2606sirae\n|j|\u2606LordLumpi\n|t:|1776648724\n|gametype|doubles\n|player|p1|sirae|caitlin|1123\n|player|p2|LordLumpi|1|1026\n|gen|9\n|tier|[Gen 9 Champions] VGC 2026 Reg M-A\n|rated|\n|rule|Species Clause: Limit one of each Pok\u00e9mon\n|rule|Item Clause: Limit 1 of each item\n|clearpoke\n|poke|p1|Feraligatr, L50, F|\n|poke|p1|Farigiraf, L50, F|\n|poke|p1|Aegislash, L50, F|\n|poke|p1|Incineroar, L50, F|\n|poke|p1|Toxicroak, L50, F|\n|poke|p1|Sylveon, L50, F|\n|poke|p2|Starmie, L50, shiny|\n|poke|p2|Medicham, L50, F|\n|poke|p2|Garchomp, L50, F|\n|poke|p2|Rotom-Wash, L50|\n|poke|p2|Snorlax, L50, F|\n|poke|p2|Gengar, L50, F|\n|teampreview|4\n|inactive|Battle timer is ON: inactive players will automatically lose when time's up. (requested by sirae)\n|\n|t:|1776648743\n|teamsize|p1|4\n|teamsize|p2|4\n|start\n|switch|p1a: Farigiraf|Farigiraf, L50, F|100/100\n|switch|p1b: Aegislash|Aegislash, L50, F|100/100\n|switch|p2a: Medicham|Medicham, L50, F|100/100\n|switch|p2b: Snorlax|Snorlax, L50, F|100/100\n|turn|1\n|\n|t:|1776648759\n|move|p2a: Medicham|Helping Hand|p2b: Snorlax\n|-singleturn|p2b: Snorlax|Helping Hand|[of] p2a: Medicham\n|move|p1a: Farigiraf|Psychic|p2b: Snorlax\n|-damage|p2b: Snorlax|75/100\n|-formechange|p1b: Aegislash|Aegislash-Blade|\n|move|p1b: Aegislash|Flash Cannon|p2b: Snorlax\n|-damage|p2b: Snorlax|43/100\n|move|p2b: Snorlax|Double-Edge|p1a: Farigiraf\n|-damage|p1a: Farigiraf|17/100\n|-damage|p2b: Snorlax|23/100|[from] Recoil\n|\n|upkeep\n|turn|2\n|\n|t:|1776648780\n|switch|p2a: Gengar|Gengar, L50, F|100/100\n|move|p1a: Farigiraf|Protect|p1a: Farigiraf\n|-singleturn|p1a: Farigiraf|Protect\n|move|p1b: Aegislash|Flash Cannon|p2b: Snorlax\n|-damage|p2b: Snorlax|0 fnt\n|faint|p2b: Snorlax\n|\n|upkeep\n|\n|t:|1776648794\n|switch|p2b: Garchomp|Garchomp, L50, F|100/100\n|turn|3\n|\n|t:|1776648807\n|switch|p2a: Medicham|Medicham, L50, F|100/100\n|switch|p1a: Incineroar|Incineroar, L50, F|100/100\n|-ability|p1a: Incineroar|Intimidate|boost\n|-unboost|p2a: Medicham|atk|1\n|-unboost|p2b: Garchomp|atk|1\n|-formechange|p1b: Aegislash|Aegislash|\n|move|p1b: Aegislash|King's Shield|p1b: Aegislash\n|-singleturn|p1b: Aegislash|Protect\n|move|p2b: Garchomp|Earthquake|p1a: Incineroar|[spread] p1a\n|-activate|p1b: Aegislash|move: Protect\n|-activate|p2a: Medicham|ability: Telepathy\n|-supereffective|p1a: Incineroar|1\n|-damage|p1a: Incineroar|54/100\n|\n|upkeep\n|turn|4\n|\n|t:|1776648827\n|move|p2a: Medicham|Helping Hand|p2b: Garchomp\n|-singleturn|p2b: Garchomp|Helping Hand|[of] p2a: Medicham\n|move|p1a: Incineroar|Fake Out|p2b: Garchomp\n|-damage|p2b: Garchomp|90/100\n|-damage|p1a: Incineroar|42/100|[from] ability: Rough Skin|[of] p2b: Garchomp\n|-enditem|p1a: Incineroar|Sitrus Berry|[eat]\n|-heal|p1a: Incineroar|67/100|[from] item: Sitrus Berry\n|cant|p2b: Garchomp|flinch\n|-formechange|p1b: Aegislash|Aegislash-Blade|\n|move|p1b: Aegislash|Shadow Ball|p2a: Medicham\n|-supereffective|p2a: Medicham|1\n|-damage|p2a: Medicham|0 fnt\n|faint|p2a: Medicham\n|\n|upkeep\n|\n|t:|1776648836\n|switch|p2a: Gengar|Gengar, L50, F|100/100\n|turn|5\n|\n|t:|1776648849\n|switch|p1a: Farigiraf|Farigiraf, L50, F|17/100\n|detailschange|p2a: Gengar|Gengar-Mega, L50, F\n|-mega|p2a: Gengar|Gengar|Gengarite\n|move|p2a: Gengar|Protect|p2a: Gengar\n|-singleturn|p2a: Gengar|Protect\n|-formechange|p1b: Aegislash|Aegislash|\n|move|p1b: Aegislash|King's Shield|p1b: Aegislash\n|-singleturn|p1b: Aegislash|Protect\n|move|p2b: Garchomp|Earthquake|p1b: Aegislash|[spread] p1a\n|-activate|p2a: Gengar|move: Protect\n|-activate|p1b: Aegislash|move: Protect\n|-damage|p1a: Farigiraf|0 fnt\n|faint|p1a: Farigiraf\n|\n|upkeep\n|\n|t:|1776648864\n|switch|p1a: Incineroar|Incineroar, L50, F|67/100\n|-ability|p1a: Incineroar|Intimidate|boost\n|-unboost|p2a: Gengar|atk|1\n|-unboost|p2b: Garchomp|atk|1\n|turn|6\n|\n|t:|1776648872\n|move|p1a: Incineroar|Fake Out|p2b: Garchomp\n|-damage|p2b: Garchomp|78/100\n|-damage|p1a: Incineroar|55/100|[from] ability: Rough Skin|[of] p2b: Garchomp\n|cant|p2b: Garchomp|flinch\n|move|p2a: Gengar|Shadow Ball|p1b: Aegislash\n|-supereffective|p1b: Aegislash|1\n|-crit|p1b: Aegislash\n|-damage|p1b: Aegislash|0 fnt\n|faint|p1b: Aegislash\n|\n|upkeep\n|\n|t:|1776648884\n|switch|p1b: Feraligatr|Feraligatr, L50, F|100/100\n|turn|7\n|\n|t:|1776648891\n|detailschange|p1b: Feraligatr|Feraligatr-Mega, L50, F\n|-mega|p1b: Feraligatr|Feraligatr|Feraligite\n|move|p2a: Gengar|Protect|p2a: Gengar\n|-singleturn|p2a: Gengar|Protect\n|move|p2b: Garchomp|Earthquake|p1a: Incineroar|[spread] p1a,p1b\n|-activate|p2a: Gengar|move: Protect\n|-supereffective|p1a: Incineroar|1\n|-damage|p1a: Incineroar|19/100\n|-damage|p1b: Feraligatr|84/100\n|move|p1a: Incineroar|Darkest Lariat|p2a: Gengar\n|-activate|p2a: Gengar|move: Protect\n|move|p1b: Feraligatr|Body Slam|p2b: Garchomp\n|-supereffective|p2b: Garchomp|1\n|-damage|p2b: Garchomp|0 fnt\n|-damage|p1b: Feraligatr|72/100|[from] ability: Rough Skin|[of] p2b: Garchomp\n|faint|p2b: Garchomp\n|\n|upkeep\n|turn|8\n|\n|t:|1776648912\n|move|p2a: Gengar|Sludge Wave|p1b: Feraligatr|[spread] p1a,p1b\n|-damage|p1a: Incineroar|0 fnt\n|-damage|p1b: Feraligatr|36/100\n|faint|p1a: Incineroar\n|move|p1b: Feraligatr|Body Slam|p2a: Gengar\n|-damage|p2a: Gengar|12/100\n|\n|upkeep\n|turn|9\n|\n|t:|1776648918\n|move|p1b: Feraligatr|Aqua Jet|p2a: Gengar\n|-damage|p2a: Gengar|0 fnt\n|faint|p2a: Gengar\n|\n|win|sirae\n|raw|sirae's rating: 1123 &rarr; <strong>1141</strong><br />(+18 for winning)\n|raw|LordLumpi's rating: 1026 &rarr; <strong>1016</strong><br />(-10 for losing)\n|l|\u2606LordLumpi\n|player|p2|\n",
  "uploadtime": 1776648923,
  "views": 9,
  "formatid": "gen9championsvgc2026regma",
  "rating": 1016,
  "private": 0,
  "password": null
}