{
  "id": "gen9championsvgc2026regma-2586261746",
  "format": "[Gen 9 Champions] VGC 2026 Reg M-A",
  "players": [
    "sonurikyo",
    "gleimir"
  ],
  "log": "|j|\u2606sonurikyo\n|j|\u2606gleimir\n|t:|1776418695\n|gametype|doubles\n|player|p1|sonurikyo|elesa|1086\n|player|p2|gleimir|169|1044\n|gen|9\n|tier|[Gen 9 Champions] VGC 2026 Reg M-A\n|rated|\n|rule|Species Clause: Limit one of each Pok\u00e9mon\n|rule|Item Clause: Limit 1 of each item\n|clearpoke\n|poke|p1|Milotic, L50, F|\n|poke|p1|Gengar, L50, M|\n|poke|p1|Whimsicott, L50, M|\n|poke|p1|Typhlosion-Hisui, L50, F|\n|poke|p1|Archaludon, L50, F|\n|poke|p1|Absol, L50, F|\n|poke|p2|Farigiraf, L50, M|\n|poke|p2|Hatterene, L50, F|\n|poke|p2|Oranguru, L50, M|\n|poke|p2|Torkoal, L50, F|\n|poke|p2|Conkeldurr, L50, F|\n|poke|p2|Gardevoir, L50, F|\n|teampreview|4\n|inactive|Battle timer is ON: inactive players will automatically lose when time's up. (requested by sonurikyo)\n|inactive|gleimir has 60 seconds left.\n|\n|t:|1776418734\n|teamsize|p1|4\n|teamsize|p2|4\n|start\n|switch|p1a: Absol|Absol, L50, F|100/100\n|switch|p1b: Whimsicott|Whimsicott, L50, M|100/100\n|switch|p2a: Farigiraf|Farigiraf, L50, M|100/100\n|switch|p2b: Gardevoir|Gardevoir, L50, F|100/100\n|turn|1\n|\n|t:|1776418755\n|detailschange|p2b: Gardevoir|Gardevoir-Mega, L50, F\n|-mega|p2b: Gardevoir|Gardevoir|Gardevoirite\n|move|p2b: Gardevoir|Protect|p2b: Gardevoir\n|-singleturn|p2b: Gardevoir|Protect\n|move|p1b: Whimsicott|Moonblast|p2a: Farigiraf\n|-damage|p2a: Farigiraf|78/100\n|move|p1a: Absol|Knock Off|p2a: Farigiraf\n|-supereffective|p2a: Farigiraf|1\n|-damage|p2a: Farigiraf|0 fnt\n|-enditem|p2a: Farigiraf|Sitrus Berry|[from] move: Knock Off|[of] p1a: Absol\n|faint|p2a: Farigiraf\n|\n|upkeep\n|\n|t:|1776418766\n|switch|p2a: Oranguru|Oranguru, L50, M|100/100\n|turn|2\n|\n|t:|1776418774\n|move|p1b: Whimsicott|Tailwind|p1b: Whimsicott\n|-sidestart|p1: sonurikyo|move: Tailwind\n|move|p1a: Absol|Knock Off|p2b: Gardevoir\n|-damage|p2b: Gardevoir|34/100\n|move|p2b: Gardevoir|Hyper Voice|p1b: Whimsicott|[spread] p1a,p1b\n|-supereffective|p1a: Absol|1\n|-damage|p1a: Absol|0 fnt\n|-damage|p1b: Whimsicott|28/100\n|faint|p1a: Absol\n|move|p2a: Oranguru|Instruct|p2b: Gardevoir\n|-singleturn|p2b: Gardevoir|move: Instruct|[of] p2a: Oranguru\n|move|p2b: Gardevoir|Hyper Voice|p1b: Whimsicott\n|-damage|p1b: Whimsicott|0 fnt\n|faint|p1b: Whimsicott\n|\n|upkeep\n|\n|t:|1776418781\n|switch|p1b: Typhlosion|Typhlosion-Hisui, L50, F|100/100\n|switch|p1a: Gengar|Gengar, L50, M|100/100\n|-item|p2a: Oranguru|Leftovers|[from] ability: Frisk|[of] p1b: Typhlosion\n|-item|p2b: Gardevoir|Gardevoirite|[from] ability: Frisk|[of] p1b: Typhlosion\n|turn|3\n|\n|t:|1776418797\n|detailschange|p1a: Gengar|Gengar-Mega, L50, M\n|-mega|p1a: Gengar|Gengar|Gengarite\n|move|p2b: Gardevoir|Protect|p2b: Gardevoir\n|-singleturn|p2b: Gardevoir|Protect\n|move|p1a: Gengar|Sludge Bomb|p2b: Gardevoir\n|-activate|p2b: Gardevoir|move: Protect\n|move|p1b: Typhlosion|Eruption|p2a: Oranguru|[spread] p2a\n|-activate|p2b: Gardevoir|move: Protect\n|-damage|p2a: Oranguru|57/100\n|move|p2a: Oranguru|Trick Room|p2a: Oranguru\n|-fieldstart|move: Trick Room|[of] p2a: Oranguru\n|\n|-heal|p2a: Oranguru|63/100|[from] item: Leftovers\n|upkeep\n|turn|4\n|\n|t:|1776418820\n|move|p2a: Oranguru|Instruct|p2b: Gardevoir\n|-singleturn|p2b: Gardevoir|move: Instruct|[of] p2a: Oranguru\n|move|p2b: Gardevoir|Protect||[still]\n|-fail|p2b: Gardevoir\n|move|p2b: Gardevoir|Shadow Ball|p1a: Gengar\n|-supereffective|p1a: Gengar|1\n|-damage|p1a: Gengar|9/100\n|move|p1b: Typhlosion|Heat Wave|p2a: Oranguru|[spread] p2a,p2b\n|-crit|p2b: Gardevoir\n|-damage|p2a: Oranguru|33/100\n|-damage|p2b: Gardevoir|0 fnt\n|faint|p2b: Gardevoir\n|move|p1a: Gengar|Sludge Bomb|p2a: Oranguru\n|-damage|p2a: Oranguru|0 fnt\n|faint|p2a: Oranguru\n|\n|upkeep\n|\n|t:|1776418830\n|switch|p2b: Conkeldurr|Conkeldurr, L50, F|100/100\n|turn|5\n|c|\u2606gleimir|ups\n|\n|t:|1776418846\n|move|p1b: Typhlosion|Protect|p1b: Typhlosion\n|-singleturn|p1b: Typhlosion|Protect\n|move|p1a: Gengar|Protect|p1a: Gengar\n|-singleturn|p1a: Gengar|Protect\n|move|p2b: Conkeldurr|Thunder Punch|p1a: Gengar\n|-activate|p1a: Gengar|move: Protect\n|\n|-sideend|p1: sonurikyo|move: Tailwind\n|upkeep\n|turn|6\n|\n|t:|1776418860\n|move|p2b: Conkeldurr|Thunder Punch|p1a: Gengar\n|-damage|p1a: Gengar|0 fnt\n|faint|p1a: Gengar\n|move|p1b: Typhlosion|Eruption|p2b: Conkeldurr\n|-damage|p2b: Conkeldurr|0 fnt\n|faint|p2b: Conkeldurr\n|\n|win|sonurikyo\n|raw|sonurikyo's rating: 1086 &rarr; <strong>1110</strong><br />(+24 for winning)\n|raw|gleimir's rating: 1044 &rarr; <strong>1029</strong><br />(-15 for losing)\n|l|\u2606gleimir\n|player|p2|\n",
  "uploadtime": 1776418870,
  "views": 18,
  "formatid": "gen9championsvgc2026regma",
  "rating": 1029,
  "private": 0,
  "password": null
}