{
  "id": "gen9championsvgc2026regma-2581287121",
  "format": "[Gen 9 Champions] VGC 2026 Reg M-A",
  "players": [
    "bluedriver14",
    "fangyusuhe"
  ],
  "log": "|j|\u2606bluedriver14\n|j|\u2606fangyusuhe\n|t:|1775981597\n|gametype|doubles\n|player|p1|bluedriver14|infielder|\n|player|p2|fangyusuhe|dawn|\n|gen|9\n|tier|[Gen 9 Champions] VGC 2026 Reg M-A\n|rated|Tournament battle\n|rule|Species Clause: Limit one of each Pok\u00e9mon\n|rule|Item Clause: Limit 1 of each item\n|clearpoke\n|poke|p1|Arcanine-Hisui, L50, M|\n|poke|p1|Basculegion, L50, M|\n|poke|p1|Hydreigon, L50, M|\n|poke|p1|Clefable, L50, M|\n|poke|p1|Corviknight, L50, M|\n|poke|p1|Gallade, L50, M|\n|poke|p2|Charizard, L50, M|\n|poke|p2|Sneasler, L50, F|\n|poke|p2|Basculegion, L50, M|\n|poke|p2|Garchomp, L50, F|\n|poke|p2|Incineroar, L50, M|\n|poke|p2|Venusaur, L50, M|\n|teampreview|4\n|inactive|Battle timer is ON: inactive players will automatically lose when time's up. (requested by fangyusuhe)\n|inactive|bluedriver14 has 60 seconds left.\n|\n|t:|1775981640\n|teamsize|p1|4\n|teamsize|p2|4\n|start\n|switch|p1a: Arcanine|Arcanine-Hisui, L50, M|100/100\n|switch|p1b: Basculegion|Basculegion, L50, M|100/100\n|switch|p2a: Charizard|Charizard, L50, M|100/100\n|switch|p2b: Sneasler|Sneasler, L50, F|100/100\n|turn|1\n|\n|t:|1775981660\n|detailschange|p2a: Charizard|Charizard-Mega-Y, L50, M\n|-mega|p2a: Charizard|Charizard|Charizardite Y\n|-weather|SunnyDay|[from] ability: Drought|[of] p2a: Charizard\n|move|p1a: Arcanine|Protect|p1a: Arcanine\n|-singleturn|p1a: Arcanine|Protect\n|move|p1b: Basculegion|Flip Turn|p2b: Sneasler\n|-damage|p2b: Sneasler|72/100\n|\n|t:|1775981670\n|switch|p1b: Gallade|Gallade, L50, M|100/100|[from] Flip Turn\n|move|p2b: Sneasler|Close Combat|p1a: Arcanine\n|-activate|p1a: Arcanine|move: Protect\n|move|p2a: Charizard|Air Slash|p1b: Gallade\n|-supereffective|p1b: Gallade|1\n|-damage|p1b: Gallade|5/100\n|\n|-weather|SunnyDay|[upkeep]\n|upkeep\n|turn|2\n|inactive|bluedriver14 has 30 seconds left.\n|\n|t:|1775981698\n|detailschange|p1b: Gallade|Gallade-Mega, L50, M\n|-mega|p1b: Gallade|Gallade|Galladite\n|move|p1b: Gallade|Psycho Cut|p2b: Sneasler\n|-supereffective|p2b: Sneasler|2\n|-damage|p2b: Sneasler|0 fnt\n|faint|p2b: Sneasler\n|move|p2a: Charizard|Heat Wave|p1a: Arcanine|[spread] p1a\n|-miss|p2a: Charizard|p1b: Gallade\n|-resisted|p1a: Arcanine|2\n|-damage|p1a: Arcanine|80/100\n|move|p1a: Arcanine|Head Smash|p2a: Charizard\n|-supereffective|p2a: Charizard|2\n|-damage|p2a: Charizard|0 fnt\n|faint|p2a: Charizard\n|\n|-weather|SunnyDay|[upkeep]\n|upkeep\n|\n|t:|1775981703\n|switch|p2b: Venusaur|Venusaur, L50, M|100/100\n|switch|p2a: Basculegion|Basculegion, L50, M|100/100\n|turn|3\n|inactive|bluedriver14 has 30 seconds left.\n|j| reanschawrzer\n|\n|t:|1775981730\n|move|p1b: Gallade|Protect|p1b: Gallade\n|-singleturn|p1b: Gallade|Protect\n|move|p1a: Arcanine|Protect|p1a: Arcanine\n|-singleturn|p1a: Arcanine|Protect\n|move|p2b: Venusaur|Earth Power|p1a: Arcanine\n|-activate|p1a: Arcanine|move: Protect\n|move|p2a: Basculegion|Last Respects|p1b: Gallade\n|-activate|p1b: Gallade|move: Protect\n|\n|-weather|SunnyDay|[upkeep]\n|upkeep\n|turn|4\n|\n|t:|1775981753\n|move|p2b: Venusaur|Sludge Bomb|p1b: Gallade\n|-damage|p1b: Gallade|0 fnt\n|faint|p1b: Gallade\n|move|p2a: Basculegion|Last Respects|p1a: Arcanine\n|-damage|p1a: Arcanine|0 fnt\n|faint|p1a: Arcanine\n|\n|-weather|SunnyDay|[upkeep]\n|upkeep\n|j| mysticmarshtomp\n|j| aurora ltd\n|\n|t:|1775981763\n|switch|p1b: Corviknight|Corviknight, L50, M|100/100\n|switch|p1a: Basculegion|Basculegion, L50, M|100/100\n|turn|5\n|\n|t:|1775981779\n|move|p2b: Venusaur|Sleep Powder|p1b: Corviknight\n|-status|p1b: Corviknight|slp|[from] move: Sleep Powder\n|move|p1a: Basculegion|Last Respects|p2a: Basculegion\n|-supereffective|p2a: Basculegion|1\n|-damage|p2a: Basculegion|0 fnt\n|faint|p2a: Basculegion\n|cant|p1b: Corviknight|slp\n|\n|-weather|none\n|upkeep\n|turn|6\n|l| mysticmarshtomp\n|\n|t:|1775981792\n|move|p1a: Basculegion|Last Respects|p2b: Venusaur\n|-enditem|p2b: Venusaur|Focus Sash\n|-damage|p2b: Venusaur|1/100\n|move|p2b: Venusaur|Energy Ball|p1a: Basculegion\n|-supereffective|p1a: Basculegion|1\n|-damage|p1a: Basculegion|0 fnt\n|faint|p1a: Basculegion\n|cant|p1b: Corviknight|slp\n|\n|upkeep\n|turn|7\n|\n|t:|1775981804\n|move|p2b: Venusaur|Energy Ball|p1b: Corviknight\n|-resisted|p1b: Corviknight|2\n|-damage|p1b: Corviknight|93/100 slp\n|-curestatus|p1b: Corviknight|slp|[msg]\n|move|p1b: Corviknight|Brave Bird|p2b: Venusaur\n|-supereffective|p2b: Venusaur|1\n|-damage|p2b: Venusaur|0 fnt\n|faint|p2b: Venusaur\n|-damage|p1b: Corviknight|92/100|[from] Recoil\n|\n|win|bluedriver14\n|n|\u2606bluedriver14|bluedriver14\n|n|\u2606fangyusuhe|fangyusuhe\n|n| reanschawrzer|reanschawrzer\n|n| aurora ltd|auroraltd\n|l|\u2606fangyusuhe\n|player|p2|\n|c|\u2606bluedriver14|GG\n|l|\u2606bluedriver14\n|player|p1|\n|l| reanschawrzer\n",
  "uploadtime": 1775981999,
  "views": 13,
  "formatid": "gen9championsvgc2026regma",
  "rating": null,
  "private": 0,
  "password": null
}