{
  "id": "gen9championsvgc2026regma-2582911561",
  "format": "[Gen 9 Champions] VGC 2026 Reg M-A",
  "players": [
    "ThatOneGuy3241",
    "KAK4P0"
  ],
  "log": "|j|\u2606ThatOneGuy3241\n|j|\u2606KAK4P0\n|t:|1776124294\n|gametype|doubles\n|player|p1|ThatOneGuy3241|266|1080\n|player|p2|KAK4P0|harlequin|1083\n|gen|9\n|tier|[Gen 9 Champions] VGC 2026 Reg M-A\n|rated|\n|rule|Species Clause: Limit one of each Pok\u00e9mon\n|rule|Item Clause: Limit 1 of each item\n|clearpoke\n|poke|p1|Charizard, L50, F|\n|poke|p1|Venusaur, L50, M|\n|poke|p1|Incineroar, L50, F|\n|poke|p1|Sneasler, L50, M|\n|poke|p1|Aegislash, L50, F|\n|poke|p1|Garchomp, L50, M|\n|poke|p2|Meganium, L50, F|\n|poke|p2|Politoed, L50, M|\n|poke|p2|Toxicroak, L50, M|\n|poke|p2|Bellibolt, L50, M|\n|poke|p2|Vivillon-Garden, L50, M|\n|poke|p2|Dragapult, L50, M|\n|teampreview|4\n|inactive|Battle timer is ON: inactive players will automatically lose when time's up. (requested by KAK4P0)\nKAK4P0 rejected open team sheets.\n|inactive|KAK4P0 has 60 seconds left.\n|c|\u2606ThatOneGuy3241|gl hf\n|\n|t:|1776124345\n|teamsize|p1|4\n|teamsize|p2|4\n|start\n|switch|p1a: Charizard|Charizard, L50, F|100/100\n|switch|p1b: Incineroar|Incineroar, L50, F|100/100\n|switch|p2a: Toxicroak|Toxicroak, L50, M|100/100\n|switch|p2b: Dragapult|Dragapult, L50, M|100/100\n|-ability|p1b: Incineroar|Intimidate|boost\n|-unboost|p2a: Toxicroak|atk|1\n|-fail|p2b: Dragapult|unboost|[from] ability: Clear Body|[of] p2b: Dragapult\n|turn|1\n|inactive|ThatOneGuy3241 has 30 seconds left.\n|\n|t:|1776124373\n|detailschange|p1a: Charizard|Charizard-Mega-Y, L50, F\n|-mega|p1a: Charizard|Charizard|Charizardite Y\n|-weather|SunnyDay|[from] ability: Drought|[of] p1a: Charizard\n|move|p2a: Toxicroak|Fake Out|p1a: Charizard\n|-damage|p1a: Charizard|88/100\n|move|p2b: Dragapult|Dragon Dance|p2b: Dragapult\n|-boost|p2b: Dragapult|atk|1\n|-boost|p2b: Dragapult|spe|1\n|cant|p1a: Charizard|flinch\n|move|p1b: Incineroar|Will-O-Wisp|p2b: Dragapult\n|-status|p2b: Dragapult|brn\n|\n|-weather|SunnyDay|[upkeep]\n|-damage|p2b: Dragapult|94/100 brn|[from] brn\n|upkeep\n|turn|2\n|\n|t:|1776124393\n|move|p2b: Dragapult|Phantom Force||[still]\n|-prepare|p2b: Dragapult|Phantom Force\n|move|p1a: Charizard|Heat Wave|p2a: Toxicroak|[spread] p2a\n|-miss|p1a: Charizard|p2b: Dragapult\n|-damage|p2a: Toxicroak|0 fnt\n|faint|p2a: Toxicroak\n|move|p1b: Incineroar|Parting Shot|p2b: Dragapult|[miss]\n|-miss|p1b: Incineroar|p2b: Dragapult\n|\n|-weather|SunnyDay|[upkeep]\n|-damage|p2b: Dragapult|88/100 brn|[from] brn\n|upkeep\n|\n|t:|1776124405\n|switch|p2a: Politoed|Politoed, L50, M|100/100\n|-weather|RainDance|[from] ability: Drizzle|[of] p2a: Politoed\n|turn|3\n|\n|t:|1776124418\n|move|p1a: Charizard|Protect|p1a: Charizard\n|-singleturn|p1a: Charizard|Protect\n|move|p2b: Dragapult|Phantom Force|p1a: Charizard|[from] lockedmove\n|-activate|p1a: Charizard|move: Phantom Force|[broken]\n|-damage|p1a: Charizard|41/100\n|move|p2a: Politoed|Hydro Pump|p1b: Incineroar|[miss]\n|-miss|p2a: Politoed|p1b: Incineroar\n|move|p1b: Incineroar|Parting Shot|p2b: Dragapult\n|-fail|p2b: Dragapult|unboost|[from] ability: Clear Body|[of] p2b: Dragapult\n|\n|-weather|RainDance|[upkeep]\n|-damage|p2b: Dragapult|82/100 brn|[from] brn\n|upkeep\n|turn|4\n|c|\u2606ThatOneGuy3241|oh\n|c|\u2606ThatOneGuy3241|what a blunder\n|inactive|ThatOneGuy3241 has 30 seconds left.\n|inactive|ThatOneGuy3241 has 20 seconds left.\n|\n|t:|1776124454\n|switch|p1a: Garchomp|Garchomp, L50, M|100/100\n|move|p2b: Dragapult|Phantom Force||[still]\n|-prepare|p2b: Dragapult|Phantom Force\n|move|p2a: Politoed|Hydro Pump|p1a: Garchomp\n|-damage|p1a: Garchomp|40/100\n|move|p1b: Incineroar|Flare Blitz|p2b: Dragapult|[miss]\n|-miss|p1b: Incineroar|p2b: Dragapult\n|\n|-weather|RainDance|[upkeep]\n|-damage|p2b: Dragapult|76/100 brn|[from] brn\n|upkeep\n|turn|5\n|\n|t:|1776124472\n|switch|p1b: Charizard|Charizard-Mega-Y, L50, F|41/100\n|-weather|SunnyDay|[from] ability: Drought|[of] p1b: Charizard\n|move|p1a: Garchomp|Protect|p1a: Garchomp\n|-singleturn|p1a: Garchomp|Protect\n|move|p2b: Dragapult|Phantom Force|p1a: Garchomp|[from] lockedmove\n|-activate|p1a: Garchomp|move: Phantom Force|[broken]\n|-damage|p1a: Garchomp|8/100\n|-damage|p2b: Dragapult|64/100 brn|[from] ability: Rough Skin|[of] p1a: Garchomp\n|move|p2a: Politoed|Hydro Pump|p1b: Charizard|[miss]\n|-miss|p2a: Politoed|p1b: Charizard\n|\n|-weather|SunnyDay|[upkeep]\n|-damage|p2b: Dragapult|58/100 brn|[from] brn\n|upkeep\n|turn|6\n|\n|t:|1776124495\n|move|p2b: Dragapult|Phantom Force||[still]\n|-prepare|p2b: Dragapult|Phantom Force\n|move|p1a: Garchomp|Earthquake|p2b: Dragapult|[spread] p2a\n|-miss|p1a: Garchomp|p2b: Dragapult\n|-immune|p1b: Charizard\n|-damage|p2a: Politoed|58/100\n|move|p1b: Charizard|Heat Wave|p2a: Politoed|[spread] p2a\n|-miss|p1b: Charizard|p2b: Dragapult\n|-resisted|p2a: Politoed|1\n|-damage|p2a: Politoed|37/100\n|-enditem|p2a: Politoed|Sitrus Berry|[eat]\n|-heal|p2a: Politoed|61/100|[from] item: Sitrus Berry\n|move|p2a: Politoed|Rain Dance|p2a: Politoed\n|-weather|RainDance\n|\n|-weather|RainDance|[upkeep]\n|-damage|p2b: Dragapult|52/100 brn|[from] brn\n|upkeep\n|turn|7\n|inactive|ThatOneGuy3241 has 30 seconds left.\n|\n|t:|1776124529\n|move|p2b: Dragapult|Phantom Force|p1b: Charizard|[from] lockedmove\n|-damage|p1b: Charizard|0 fnt\n|faint|p1b: Charizard\n|move|p1a: Garchomp|Rock Slide|p2b: Dragapult|[spread] p2a,p2b\n|-damage|p2a: Politoed|40/100\n|-damage|p2b: Dragapult|25/100 brn\n|move|p2a: Politoed|Hydro Pump|p1a: Garchomp\n|-damage|p1a: Garchomp|0 fnt\n|faint|p1a: Garchomp\n|\n|-weather|RainDance|[upkeep]\n|-damage|p2b: Dragapult|19/100 brn|[from] brn\n|upkeep\n|\n|t:|1776124542\n|switch|p1a: Incineroar|Incineroar, L50, F|100/100\n|switch|p1b: Venusaur|Venusaur, L50, M|100/100\n|-ability|p1a: Incineroar|Intimidate|boost\n|-unboost|p2a: Politoed|atk|1\n|-fail|p2b: Dragapult|unboost|[from] ability: Clear Body|[of] p2b: Dragapult\n|turn|8\n|\n|t:|1776124558\n|move|p1a: Incineroar|Fake Out|p2a: Politoed\n|-damage|p2a: Politoed|26/100\n|move|p2b: Dragapult|Psychic Fangs|p1b: Venusaur\n|-supereffective|p1b: Venusaur|1\n|-damage|p1b: Venusaur|34/100\n|move|p1b: Venusaur|Sludge Wave|p2a: Politoed|[spread] p1a,p2a,p2b\n|-resisted|p2b: Dragapult|1\n|-damage|p1a: Incineroar|78/100\n|-damage|p2a: Politoed|5/100\n|-damage|p2b: Dragapult|0 fnt\n|faint|p2b: Dragapult\n|cant|p2a: Politoed|flinch\n|\n|-weather|RainDance|[upkeep]\n|-heal|p1b: Venusaur|40/100|[from] item: Leftovers\n|upkeep\n|\n|t:|1776124573\n|switch|p2b: Meganium|Meganium, L50, F|100/100\n|turn|9\n|\n|t:|1776124587\n|detailschange|p2b: Meganium|Meganium-Mega, L50, F\n|-mega|p2b: Meganium|Meganium|Meganiumite\n|move|p2b: Meganium|Weather Ball|p1b: Venusaur\n|-supereffective|p1b: Venusaur|1\n|-damage|p1b: Venusaur|0 fnt\n|faint|p1b: Venusaur\n|move|p2a: Politoed|Ice Beam|p1a: Incineroar\n|-resisted|p1a: Incineroar|1\n|-damage|p1a: Incineroar|71/100\n|move|p1a: Incineroar|Flare Blitz|p2b: Meganium\n|-supereffective|p2b: Meganium|1\n|-damage|p2b: Meganium|55/100\n|-damage|p1a: Incineroar|59/100|[from] Recoil\n|\n|-weather|RainDance|[upkeep]\n|upkeep\n|turn|10\n|\n|t:|1776124605\n|move|p2b: Meganium|Dazzling Gleam|p1a: Incineroar\n|-damage|p1a: Incineroar|21/100\n|-enditem|p1a: Incineroar|Sitrus Berry|[eat]\n|-heal|p1a: Incineroar|46/100|[from] item: Sitrus Berry\n|move|p2a: Politoed|Hydro Pump|p1a: Incineroar\n|-supereffective|p1a: Incineroar|1\n|-damage|p1a: Incineroar|0 fnt\n|faint|p1a: Incineroar\n|\n|win|KAK4P0\n|raw|ThatOneGuy3241's rating: 1080 &rarr; <strong>1058</strong><br />(-22 for losing)\n|raw|KAK4P0's rating: 1083 &rarr; <strong>1110</strong><br />(+27 for winning)\n|c|\u2606ThatOneGuy3241|gg\n",
  "uploadtime": 1776124625,
  "views": 13,
  "formatid": "gen9championsvgc2026regma",
  "rating": 1058,
  "private": 0,
  "password": null
}