{
  "id": "gen9championsvgc2026regma-2581426143",
  "format": "[Gen 9 Champions] VGC 2026 Reg M-A",
  "players": [
    "phnhat2247",
    "whitsforever009"
  ],
  "log": "|j|\u2606phnhat2247\n|j|\u2606whitsforever009\n|t:|1775999203\n|gametype|doubles\n|player|p1|phnhat2247|policeman-gen4|1074\n|player|p2|whitsforever009|170|1030\n|gen|9\n|tier|[Gen 9 Champions] VGC 2026 Reg M-A\n|rated|\n|rule|Species Clause: Limit one of each Pok\u00e9mon\n|rule|Item Clause: Limit 1 of each item\n|clearpoke\n|poke|p1|Serperior, L50, M|\n|poke|p1|Whimsicott, L50, M|\n|poke|p1|Arcanine-Hisui, L50, M|\n|poke|p1|Clefable, L50, F|\n|poke|p1|Chandelure, L50, F|\n|poke|p1|Quaquaval, L50, F|\n|poke|p2|Raichu-Alola, L50, F|\n|poke|p2|Manectric, L50, M|\n|poke|p2|Rotom-Wash, L50|\n|poke|p2|Sneasler, L50, F|\n|poke|p2|Clawitzer, L50, M|\n|poke|p2|Whimsicott, L50, M|\n|teampreview|4\n|\n|t:|1775999232\n|teamsize|p1|4\n|teamsize|p2|4\n|start\n|switch|p1a: Serperior|Serperior, L50, M|100/100\n|switch|p1b: Whimsicott|Whimsicott, L50, M|100/100\n|switch|p2a: Raichu|Raichu-Alola, L50, F|100/100\n|switch|p2b: Manectric|Manectric, L50, M|100/100\n|turn|1\n|\n|t:|1775999244\n|move|p2b: Manectric|Protect|p2b: Manectric\n|-singleturn|p2b: Manectric|Protect\n|move|p1b: Whimsicott|Tailwind|p1b: Whimsicott\n|-sidestart|p1: phnhat2247|move: Tailwind\n|move|p1a: Serperior|Leaf Storm|p2a: Raichu\n|-damage|p2a: Raichu|33/100\n|-boost|p1a: Serperior|spa|2\n|move|p2a: Raichu|Electric Terrain|p2a: Raichu\n|-fieldstart|move: Electric Terrain\n|\n|upkeep\n|turn|2\n|\n|t:|1775999265\n|detailschange|p2b: Manectric|Manectric-Mega, L50, M\n|-mega|p2b: Manectric|Manectric|Manectite\n|-ability|p2b: Manectric|Intimidate|boost\n|-boost|p1a: Serperior|atk|1\n|-unboost|p1b: Whimsicott|atk|1\n|move|p2a: Raichu|Helping Hand|p2b: Manectric\n|-singleturn|p2b: Manectric|Helping Hand|[of] p2a: Raichu\n|move|p1b: Whimsicott|Encore|p2b: Manectric\n|-start|p2b: Manectric|Encore\n|move|p2b: Manectric|Protect||[still]\n|-fail|p2b: Manectric\n|move|p1a: Serperior|Leaf Storm|p2a: Raichu|[miss]\n|-miss|p1a: Serperior|p2a: Raichu\n|\n|upkeep\n|turn|3\n|\n|t:|1775999282\n|move|p2b: Manectric|Protect|p2b: Manectric\n|-singleturn|p2b: Manectric|Protect\n|move|p1b: Whimsicott|Taunt|p2a: Raichu\n|-start|p2a: Raichu|move: Taunt\n|-enditem|p2a: Raichu|Mental Herb\n|-end|p2a: Raichu|move: Taunt\n|move|p1a: Serperior|Leaf Storm|p2a: Raichu\n|-damage|p2a: Raichu|0 fnt\n|-boost|p1a: Serperior|spa|2\n|faint|p2a: Raichu\n|\n|upkeep\n|\n|t:|1775999294\n|switch|p2a: Whimsicott|Whimsicott, L50, M|100/100\n|turn|4\n|\n|t:|1775999311\n|switch|p1b: Clefable|Clefable, L50, F|100/100\n|switch|p2b: Sneasler|Sneasler, L50, F|100/100\n|move|p2a: Whimsicott|Tailwind|p2a: Whimsicott\n|-sidestart|p2: whitsforever009|move: Tailwind\n|move|p1a: Serperior|Leaf Storm|p2b: Sneasler\n|-resisted|p2b: Sneasler|1\n|-damage|p2b: Sneasler|7/100\n|-boost|p1a: Serperior|spa|2\n|\n|-sideend|p1: phnhat2247|move: Tailwind\n|upkeep\n|turn|5\n|\n|t:|1775999325\n|move|p2a: Whimsicott|Helping Hand|p2b: Sneasler\n|-singleturn|p2b: Sneasler|Helping Hand|[of] p2a: Whimsicott\n|move|p1b: Clefable|Follow Me|p1b: Clefable\n|-singleturn|p1b: Clefable|move: Follow Me\n|move|p2b: Sneasler|Dire Claw|p1b: Clefable\n|-supereffective|p1b: Clefable|1\n|-damage|p1b: Clefable|0 fnt\n|faint|p1b: Clefable\n|move|p1a: Serperior|Leaf Storm|p2b: Sneasler\n|-resisted|p2b: Sneasler|1\n|-damage|p2b: Sneasler|0 fnt\n|faint|p2b: Sneasler\n|\n|-fieldend|move: Electric Terrain\n|upkeep\n|\n|t:|1775999338\n|switch|p2b: Manectric|Manectric-Mega, L50, M|100/100\n|switch|p1b: Whimsicott|Whimsicott, L50, M|100/100\n|-ability|p2b: Manectric|Intimidate|boost\n|-boost|p1a: Serperior|atk|1\n|-unboost|p1b: Whimsicott|atk|1\n|turn|6\n|\n|t:|1775999390\n|move|p2a: Whimsicott|Encore||[still]\n|-fail|p2a: Whimsicott\n|move|p1b: Whimsicott|Tailwind|p1b: Whimsicott\n|-sidestart|p1: phnhat2247|move: Tailwind\n|move|p1a: Serperior|Leaf Storm|p2b: Manectric|[miss]\n|-miss|p1a: Serperior|p2b: Manectric\n|move|p2b: Manectric|Discharge|p1b: Whimsicott|[spread] p2a,p1a,p1b\n|-resisted|p2a: Whimsicott|1\n|-resisted|p1a: Serperior|1\n|-resisted|p1b: Whimsicott|1\n|-damage|p2a: Whimsicott|74/100\n|-damage|p1a: Serperior|79/100\n|-damage|p1b: Whimsicott|71/100\n|-status|p2a: Whimsicott|par\n|\n|upkeep\n|turn|7\n|\n|t:|1775999416\n|move|p2a: Whimsicott|Helping Hand|p2b: Manectric\n|-singleturn|p2b: Manectric|Helping Hand|[of] p2a: Whimsicott\n|move|p1b: Whimsicott|Taunt|p2a: Whimsicott\n|-start|p2a: Whimsicott|move: Taunt\n|move|p1a: Serperior|Leaf Storm|p2b: Manectric\n|-damage|p2b: Manectric|0 fnt\n|faint|p2b: Manectric\n|\n|-sideend|p2: whitsforever009|move: Tailwind\n|upkeep\n|turn|8\n|-message|whitsforever009 forfeited.\n|\n|win|phnhat2247\n|raw|phnhat2247's rating: 1074 &rarr; <strong>1099</strong><br />(+25 for winning)\n|raw|whitsforever009's rating: 1030 &rarr; <strong>1017</strong><br />(-13 for losing)\n|l|\u2606whitsforever009\n|player|p2|\n",
  "uploadtime": 1775999437,
  "views": 26,
  "formatid": "gen9championsvgc2026regma",
  "rating": 1017,
  "private": 0,
  "password": null
}