{
  "id": "gen9championsvgc2026regma-2588315597",
  "format": "[Gen 9 Champions] VGC 2026 Reg M-A",
  "players": [
    "aedaluss",
    "DaevEV"
  ],
  "log": "|j|\u2606aedaluss\n|j|\u2606DaevEV\n|t:|1776623449\n|gametype|doubles\n|player|p1|aedaluss|cynthia|1420\n|player|p2|DaevEV|drayden|1407\n|gen|9\n|tier|[Gen 9 Champions] VGC 2026 Reg M-A\n|rated|\n|rule|Species Clause: Limit one of each Pok\u00e9mon\n|rule|Item Clause: Limit 1 of each item\n|clearpoke\n|poke|p1|Tyranitar, L50, M|\n|poke|p1|Incineroar, L50, M|\n|poke|p1|Excadrill, L50, F|\n|poke|p1|Aerodactyl, L50, M|\n|poke|p1|Hydreigon, L50, M|\n|poke|p1|Sinistcha, L50|\n|poke|p2|Charizard, L50, M, shiny|\n|poke|p2|Venusaur, L50, M|\n|poke|p2|Chandelure, L50, F, shiny|\n|poke|p2|Whimsicott, L50, F, shiny|\n|poke|p2|Mamoswine, L50, M|\n|poke|p2|Samurott-Hisui, L50, M, shiny|\n|teampreview|4\n|inactive|Battle timer is ON: inactive players will automatically lose when time's up. (requested by aedaluss)\n|inactive|aedaluss has 60 seconds left.\n|inactive|DaevEV has 60 seconds left.\n|inactive|aedaluss has 30 seconds left.\n|inactive|aedaluss has 20 seconds left.\n|inactive|aedaluss has 15 seconds left.\n|inactive|aedaluss has 10 seconds left.\n|\n|t:|1776623530\n|teamsize|p1|4\n|teamsize|p2|4\n|start\n|switch|p1a: Tyranitar|Tyranitar, L50, M|100/100\n|switch|p1b: Aerodactyl|Aerodactyl, L50, M|100/100\n|switch|p2a: Whimsicott|Whimsicott, L50, F, shiny|100/100\n|switch|p2b: Chandelure|Chandelure, L50, F, shiny|100/100\n|-ability|p1b: Aerodactyl|Unnerve\n|-weather|Sandstorm|[from] ability: Sand Stream|[of] p1a: Tyranitar\n|turn|1\n|inactive|DaevEV has 30 seconds left.\n|\n|t:|1776623555\n|move|p1a: Tyranitar|Protect|p1a: Tyranitar\n|-singleturn|p1a: Tyranitar|Protect\n|move|p2a: Whimsicott|Tailwind|p2a: Whimsicott\n|-sidestart|p2: DaevEV|move: Tailwind\n|move|p2b: Chandelure|Shadow Ball|p1b: Aerodactyl\n|-damage|p1b: Aerodactyl|54/100\n|move|p1b: Aerodactyl|Dual Wingbeat|p2a: Whimsicott\n|-supereffective|p2a: Whimsicott|1\n|-damage|p2a: Whimsicott|52/100\n|-supereffective|p2a: Whimsicott|1\n|-damage|p2a: Whimsicott|0 fnt\n|faint|p2a: Whimsicott\n|-hitcount|p2: Whimsicott|2\n|\n|-weather|Sandstorm|[upkeep]\n|-damage|p2b: Chandelure|95/100|[from] Sandstorm\n|upkeep\n|\n|t:|1776623559\n|switch|p2a: Samurott|Samurott-Hisui, L50, M, shiny|100/100\n|turn|2\n|inactive|aedaluss has 30 seconds left.\n|\n|t:|1776623586\n|switch|p1a: Hydreigon|Hydreigon, L50, M|100/100\n|move|p2a: Samurott|Ceaseless Edge|p1b: Aerodactyl\n|-damage|p1b: Aerodactyl|0 fnt\n|-sidestart|p1: aedaluss|Spikes\n|faint|p1b: Aerodactyl\n|move|p2b: Chandelure|Shadow Ball|p1a: Hydreigon\n|-resisted|p1a: Hydreigon|1\n|-damage|p1a: Hydreigon|73/100\n|\n|-weather|Sandstorm|[upkeep]\n|-damage|p2a: Samurott|94/100|[from] Sandstorm\n|-damage|p2b: Chandelure|89/100|[from] Sandstorm\n|-damage|p1a: Hydreigon|67/100|[from] Sandstorm\n|upkeep\n|\n|t:|1776623598\n|switch|p1b: Excadrill|Excadrill, L50, F|100/100\n|-damage|p1b: Excadrill|88/100|[from] Spikes\n|turn|3\n|\n|t:|1776623622\n|move|p1b: Excadrill|High Horsepower|p2b: Chandelure\n|-supereffective|p2b: Chandelure|1\n|-damage|p2b: Chandelure|0 fnt\n|faint|p2b: Chandelure\n|move|p2a: Samurott|Sacred Sword|p1a: Hydreigon\n|-supereffective|p1a: Hydreigon|1\n|-crit|p1a: Hydreigon\n|-damage|p1a: Hydreigon|0 fnt\n|faint|p1a: Hydreigon\n|\n|-weather|Sandstorm|[upkeep]\n|-damage|p2a: Samurott|88/100|[from] Sandstorm\n|upkeep\n|\n|t:|1776623632\n|switch|p1a: Tyranitar|Tyranitar, L50, M|100/100\n|switch|p2b: Charizard|Charizard, L50, M, shiny|100/100\n|-damage|p1a: Tyranitar|88/100|[from] Spikes\n|turn|4\n|inactive|aedaluss has 30 seconds left.\n|\n|t:|1776623659\n|detailschange|p2b: Charizard|Charizard-Mega-Y, L50, M, shiny\n|-mega|p2b: Charizard|Charizard|Charizardite Y\n|-weather|SunnyDay|[from] ability: Drought|[of] p2b: Charizard\n|move|p1b: Excadrill|Protect|p1b: Excadrill\n|-singleturn|p1b: Excadrill|Protect\n|move|p1a: Tyranitar|Protect|p1a: Tyranitar\n|-singleturn|p1a: Tyranitar|Protect\n|move|p2b: Charizard|Heat Wave|p1b: Excadrill|[spread] \n|-activate|p1a: Tyranitar|move: Protect\n|-activate|p1b: Excadrill|move: Protect\n|move|p2a: Samurott|Sacred Sword|p1a: Tyranitar\n|-activate|p1a: Tyranitar|move: Protect\n|\n|-weather|SunnyDay|[upkeep]\n|-sideend|p2: DaevEV|move: Tailwind\n|upkeep\n|turn|5\n|inactive|aedaluss has 30 seconds left.\n|\n|t:|1776623691\n|detailschange|p1a: Tyranitar|Tyranitar-Mega, L50, M\n|-mega|p1a: Tyranitar|Tyranitar|Tyranitarite\n|-weather|Sandstorm|[from] ability: Sand Stream|[of] p1a: Tyranitar\n|move|p1b: Excadrill|Rock Slide|p2a: Samurott|[spread] p2a,p2b\n|-supereffective|p2b: Charizard|2\n|-damage|p2a: Samurott|61/100\n|-damage|p2b: Charizard|0 fnt\n|faint|p2b: Charizard\n|move|p2a: Samurott|Sacred Sword|p1a: Tyranitar\n|-supereffective|p1a: Tyranitar|2\n|-damage|p1a: Tyranitar|0 fnt\n|faint|p1a: Tyranitar\n|\n|-weather|Sandstorm|[upkeep]\n|-damage|p2a: Samurott|55/100|[from] Sandstorm\n|upkeep\n|turn|6\n|\n|t:|1776623707\n|move|p1b: Excadrill|Protect|p1b: Excadrill\n|-singleturn|p1b: Excadrill|Protect\n|move|p2a: Samurott|Aqua Cutter|p1b: Excadrill\n|-activate|p1b: Excadrill|move: Protect\n|\n|-weather|Sandstorm|[upkeep]\n|-damage|p2a: Samurott|49/100|[from] Sandstorm\n|upkeep\n|turn|7\n|\n|t:|1776623718\n|move|p1b: Excadrill|High Horsepower|p2a: Samurott\n|-damage|p2a: Samurott|0 fnt\n|faint|p2a: Samurott\n|\n|win|aedaluss\n|raw|aedaluss's rating: 1420 &rarr; <strong>1439</strong><br />(+19 for winning)\n|raw|DaevEV's rating: 1407 &rarr; <strong>1388</strong><br />(-19 for losing)\n|l|\u2606DaevEV\n|player|p2|\n",
  "uploadtime": 1776623733,
  "views": 10,
  "formatid": "gen9championsvgc2026regma",
  "rating": 1388,
  "private": 0,
  "password": null
}