{
  "id": "gen9championsvgc2026regma-2580304114",
  "format": "[Gen 9 Champions] VGC 2026 Reg M-A",
  "players": [
    "thacrow",
    "monkey stall"
  ],
  "log": "|j|\u2606thacrow\n|j|\u2606monkey stall\n|t:|1775878133\n|gametype|doubles\n|player|p1|thacrow|#thacrow|\n|player|p2|monkey stall|2|\n|gen|9\n|tier|[Gen 9 Champions] VGC 2026 Reg M-A\n|rated|Tournament battle\n|rule|Species Clause: Limit one of each Pok\u00e9mon\n|rule|Item Clause: Limit 1 of each item\n|clearpoke\n|poke|p1|Floette-Eternal, L50, F|\n|poke|p1|Incineroar, L50, F|\n|poke|p1|Aerodactyl, L50, F|\n|poke|p1|Maushold, L50|\n|poke|p1|Garchomp, L50, M|\n|poke|p1|Delphox, L50, F|\n|poke|p2|Whimsicott, L50, F|\n|poke|p2|Sneasler, L50, F|\n|poke|p2|Rotom-Wash, L50|\n|poke|p2|Garchomp, L50, F|\n|poke|p2|Kingambit, L50, F|\n|poke|p2|Aerodactyl, L50, F|\n|teampreview|4\nmonkey stall has agreed to open team sheets.\nthacrow has agreed to open team sheets.\n|showteam|p1|Floette-Eternal||Floettite|FlowerVeil|Moonblast,DazzlingGleam,CalmMind,Protect|||F|||50|]Incineroar||SitrusBerry|Intimidate|FakeOut,FlareBlitz,DarkestLariat,PartingShot|||F|||50|]Aerodactyl||FocusSash|Unnerve|RockSlide,DualWingbeat,Tailwind,Protect|||F|||50|]Maushold||ChopleBerry|FriendGuard|SuperFang,FollowMe,Taunt,Protect||||||50|]Garchomp||WhiteHerb|RoughSkin|Earthquake,RockSlide,DragonClaw,Protect|||M|||50|]Delphox||Delphoxite|Blaze|HeatWave,Psychic,Substitute,Protect|||F|||50|\n|showteam|p2|Whimsicott||FocusSash|Prankster|Moonblast,Tailwind,LightScreen,Encore|||F|||50|]Sneasler||WhiteHerb|Unburden|CloseCombat,DireClaw,Coaching,Protect|||F|||50|]Rotom-Wash||SitrusBerry|Levitate|Thunderbolt,HydroPump,WillOWisp,Protect||||||50|]Garchomp||YacheBerry|RoughSkin|Earthquake,RockSlide,DragonClaw,Protect|||F|||50|]Kingambit||ChopleBerry|Defiant|KowtowCleave,IronHead,SuckerPunch,Protect|||F|||50|]Aerodactyl||Aerodactylite|Unnerve|RockSlide,DualWingbeat,Tailwind,Protect|||F|||50|\n|j| Carrielis\n|c|\u2606monkey stall|gl\n|c|\u2606monkey stall|hf\n|j| 21Kieran\n|c|\u2606monkey stall|everyone is running mega floette\n|c|\u2606monkey stall|this is getting boring\n|j|+crystalninetales\n|\n|t:|1775878243\n|teamsize|p1|4\n|teamsize|p2|4\n|start\n|switch|p1a: Aerodactyl|Aerodactyl, L50, F|100/100\n|switch|p1b: Garchomp|Garchomp, L50, M|100/100\n|switch|p2a: Kingambit|Kingambit, L50, F|100/100\n|switch|p2b: Aerodactyl|Aerodactyl, L50, F|100/100\n|-ability|p1a: Aerodactyl|Unnerve\n|-ability|p2b: Aerodactyl|Unnerve\n|turn|1\n|\n|t:|1775878257\n|switch|p2a: Whimsicott|Whimsicott, L50, F|100/100\n|detailschange|p2b: Aerodactyl|Aerodactyl-Mega, L50, F\n|-mega|p2b: Aerodactyl|Aerodactyl|Aerodactylite\n|move|p2b: Aerodactyl|Rock Slide|p1b: Garchomp|[spread] p1a,p1b\n|-supereffective|p1a: Aerodactyl|1\n|-resisted|p1b: Garchomp|1\n|-damage|p1a: Aerodactyl|4/100\n|-damage|p1b: Garchomp|89/100\n|cant|p1a: Aerodactyl|flinch\n|move|p1b: Garchomp|Earthquake|p2a: Whimsicott|[spread] p2a\n|-immune|p1a: Aerodactyl\n|-immune|p2b: Aerodactyl\n|-resisted|p2a: Whimsicott|1\n|-damage|p2a: Whimsicott|74/100\n|\n|upkeep\n|turn|2\n|\n|t:|1775878273\n|move|p2b: Aerodactyl|Dual Wingbeat|p1a: Aerodactyl\n|-resisted|p1a: Aerodactyl|1\n|-damage|p1a: Aerodactyl|0 fnt\n|faint|p1a: Aerodactyl\n|-hitcount|p1: Aerodactyl|1\n|move|p2a: Whimsicott|Moonblast|p1b: Garchomp\n|-supereffective|p1b: Garchomp|1\n|-damage|p1b: Garchomp|20/100\n|move|p1b: Garchomp|Rock Slide|p2a: Whimsicott|[spread] p2b\n|-miss|p1b: Garchomp|p2a: Whimsicott\n|-supereffective|p2b: Aerodactyl|1\n|-damage|p2b: Aerodactyl|52/100\n|\n|upkeep\n|\n|t:|1775878277\n|switch|p1a: Floette|Floette-Eternal, L50, F|100/100\n|turn|3\n|l|+crystalninetales\n|\n|t:|1775878285\n|switch|p1b: Maushold|Maushold, L50|100/100\n|detailschange|p1a: Floette|Floette-Mega, L50, F\n|-mega|p1a: Floette|Floette|Floettite\n|-ability|p1a: Floette|Fairy Aura\n|move|p2a: Whimsicott|Tailwind|p2a: Whimsicott\n|-sidestart|p2: monkey stall|move: Tailwind\n|move|p2b: Aerodactyl|Rock Slide|p1a: Floette|[spread] p1b\n|-miss|p2b: Aerodactyl|p1a: Floette\n|-damage|p1b: Maushold|60/100\n|move|p1a: Floette|Calm Mind|p1a: Floette\n|-boost|p1a: Floette|spa|1\n|-boost|p1a: Floette|spd|1\n|\n|upkeep\n|turn|4\n|\n|t:|1775878299\n|move|p1b: Maushold|Protect|p1b: Maushold\n|-singleturn|p1b: Maushold|Protect\n|move|p2a: Whimsicott|Light Screen|p2a: Whimsicott\n|-sidestart|p2: monkey stall|move: Light Screen\n|move|p2b: Aerodactyl|Rock Slide|p1b: Maushold|[spread] p1a\n|-activate|p1b: Maushold|move: Protect\n|-crit|p1a: Floette\n|-damage|p1a: Floette|59/100\n|move|p1a: Floette|Dazzling Gleam|p2a: Whimsicott|[spread] p2a,p2b\n|-damage|p2a: Whimsicott|0 fnt\n|-damage|p2b: Aerodactyl|0 fnt\n|faint|p2a: Whimsicott\n|faint|p2b: Aerodactyl\n|\n|upkeep\n|c| 21Kieran|holy shit\n|\n|t:|1775878310\n|switch|p2b: Kingambit|Kingambit, L50, F|100/100\n|switch|p2a: Sneasler|Sneasler, L50, F|100/100\n|turn|5\n|c| 21Kieran|nerf floette\n|\n|t:|1775878316\n|move|p1b: Maushold|Follow Me|p1b: Maushold\n|-singleturn|p1b: Maushold|move: Follow Me\n|move|p2a: Sneasler|Close Combat|p1b: Maushold\n|-supereffective|p1b: Maushold|1\n|-enditem|p1b: Maushold|Chople Berry|[eat]\n|-enditem|p1b: Maushold|Chople Berry|[weaken]\n|-damage|p1b: Maushold|0 fnt\n|-unboost|p2a: Sneasler|def|1\n|-unboost|p2a: Sneasler|spd|1\n|faint|p1b: Maushold\n|-enditem|p2a: Sneasler|White Herb\n|-clearnegativeboost|p2a: Sneasler|[silent]\n|move|p2b: Kingambit|Iron Head|p1a: Floette\n|-supereffective|p1a: Floette|1\n|-crit|p1a: Floette\n|-damage|p1a: Floette|0 fnt\n|faint|p1a: Floette\n|\n|upkeep\n|-message|thacrow forfeited.\n|\n|win|monkey stall\n|n|\u2606thacrow|thacrow\n|n|\u2606monkey stall|monkeystall\n|n| Carrielis|carrielis\n|n| 21Kieran|21kieran\n",
  "uploadtime": 1775878325,
  "views": 15,
  "formatid": "gen9championsvgc2026regma",
  "rating": null,
  "private": 0,
  "password": null
}