{
  "id": "gen9championsvgc2026regma-2581281405",
  "format": "[Gen 9 Champions] VGC 2026 Reg M-A",
  "players": [
    "alfa ash",
    "Zappyzap01"
  ],
  "log": "|j|\u2606alfa ash\n|j|\u2606Zappyzap01\n|t:|1775980788\n|gametype|doubles\n|player|p1|alfa ash|blue|1333\n|player|p2|Zappyzap01|benga|1343\n|gen|9\n|tier|[Gen 9 Champions] VGC 2026 Reg M-A\n|rated|\n|rule|Species Clause: Limit one of each Pok\u00e9mon\n|rule|Item Clause: Limit 1 of each item\n|clearpoke\n|poke|p1|Drampa, L50, F|\n|poke|p1|Alakazam, L50, M|\n|poke|p1|Sinistcha, L50|\n|poke|p1|Pelipper, L50, M|\n|poke|p1|Scizor, L50, F|\n|poke|p1|Basculegion, L50, M|\n|poke|p2|Sylveon, L50, F|\n|poke|p2|Camerupt, L50, M|\n|poke|p2|Sableye, L50, M|\n|poke|p2|Oranguru, L50, M|\n|poke|p2|Torkoal, L50, M|\n|poke|p2|Meganium, L50, F|\n|teampreview|4\n|inactive|Battle timer is ON: inactive players will automatically lose when time's up. (requested by alfa ash)\n|inactive|Zappyzap01 has 60 seconds left.\n|\n|t:|1775980821\n|teamsize|p1|4\n|teamsize|p2|4\n|start\n|switch|p1a: Drampa|Drampa, L50, F|100/100\n|switch|p1b: Alakazam|Alakazam, L50, M|100/100\n|switch|p2a: Oranguru|Oranguru, L50, M, shiny|100/100\n|switch|p2b: Camerupt|Camerupt, L50, M, shiny|100/100\n|-ability|p1a: Drampa|Cloud Nine\n|turn|1\n|\n|t:|1775980843\n|detailschange|p1a: Drampa|Drampa-Mega, L50, F\n|-mega|p1a: Drampa|Drampa|Drampanite\n|detailschange|p2b: Camerupt|Camerupt-Mega, L50, M, shiny\n|-mega|p2b: Camerupt|Camerupt|Cameruptite\n|move|p1b: Alakazam|Light Screen|p1b: Alakazam\n|-sidestart|p1: alfa ash|move: Light Screen\n|move|p1a: Drampa|Calm Mind|p1a: Drampa\n|-boost|p1a: Drampa|spa|1\n|-boost|p1a: Drampa|spd|1\n|move|p2b: Camerupt|Heat Wave|p1b: Alakazam|[spread] p1a,p1b\n|-resisted|p1a: Drampa|1\n|-damage|p1a: Drampa|88/100\n|-damage|p1b: Alakazam|59/100\n|move|p2a: Oranguru|Trick Room|p2a: Oranguru\n|-fieldstart|move: Trick Room|[of] p2a: Oranguru\n|\n|upkeep\n|turn|2\n|\n|t:|1775980866\n|switch|p1b: Pelipper|Pelipper, L50, M|100/100\n|-weather|RainDance|[from] ability: Drizzle|[of] p1b: Pelipper\n|move|p2b: Camerupt|Earth Power|p1a: Drampa\n|-damage|p1a: Drampa|61/100\n|move|p1a: Drampa|Calm Mind|p1a: Drampa\n|-boost|p1a: Drampa|spa|1\n|-boost|p1a: Drampa|spd|1\n|move|p2a: Oranguru|Instruct|p2b: Camerupt\n|-singleturn|p2b: Camerupt|move: Instruct|[of] p2a: Oranguru\n|move|p2b: Camerupt|Earth Power|p1a: Drampa\n|-damage|p1a: Drampa|40/100\n|\n|-weather|RainDance|[upkeep]\n|upkeep\n|turn|3\n|j| gE1xjZRtuhW2DdT0AK\n|inactive|alfa ash has 30 seconds left.\n|\n|t:|1775980892\n|switch|p1b: Sinistcha|Sinistcha, L50|100/100\n|-heal|p1a: Drampa|64/100|[from] ability: Hospitality|[of] p1b: Sinistcha\n|move|p2b: Camerupt|Earth Power|p1a: Drampa\n|-damage|p1a: Drampa|42/100\n|move|p1a: Drampa|Earth Power|p2b: Camerupt\n|-supereffective|p2b: Camerupt|1\n|-damage|p2b: Camerupt|0 fnt\n|faint|p2b: Camerupt\n|move|p2a: Oranguru|Instruct|p2: Camerupt|[notarget]\n|-fail|p2a: Oranguru\n|\n|-weather|RainDance|[upkeep]\n|upkeep\n|\n|t:|1775980904\n|switch|p2b: Sylveon|Sylveon, L50, F, shiny|100/100\n|turn|4\n|inactive|alfa ash has 30 seconds left.\n|inactive|alfa ash has 20 seconds left.\n|inactive|alfa ash has 15 seconds left.\n|\n|t:|1775980945\n|move|p1a: Drampa|Hyper Voice|p2a: Oranguru|[spread] p2a,p2b\n|-damage|p2a: Oranguru|31/100\n|-damage|p2b: Sylveon|27/100\n|move|p2b: Sylveon|Hyper Voice|p1a: Drampa|[spread] p1a,p1b\n|-supereffective|p1a: Drampa|1\n|-damage|p1a: Drampa|14/100\n|-damage|p1b: Sinistcha|70/100\n|move|p2a: Oranguru|Instruct|p2b: Sylveon\n|-singleturn|p2b: Sylveon|move: Instruct|[of] p2a: Oranguru\n|move|p2b: Sylveon|Hyper Voice|p1b: Sinistcha|[spread] p1a,p1b\n|-supereffective|p1a: Drampa|1\n|-damage|p1a: Drampa|0 fnt\n|-damage|p1b: Sinistcha|40/100\n|-enditem|p1b: Sinistcha|Sitrus Berry|[eat]\n|-heal|p1b: Sinistcha|65/100|[from] item: Sitrus Berry\n|faint|p1a: Drampa\n|move|p1b: Sinistcha|Life Dew|p1b: Sinistcha\n|-heal|p1b: Sinistcha|90/100\n|\n|-weather|RainDance|[upkeep]\n|upkeep\n|\n|t:|1775980959\n|switch|p1a: Pelipper|Pelipper, L50, M|100/100\n|turn|5\n|\n|t:|1775980972\n|move|p2b: Sylveon|Hyper Beam|p1a: Pelipper\n|-damage|p1a: Pelipper|2/100\n|-mustrecharge|p2b: Sylveon\n|move|p2a: Oranguru|Psychic|p1b: Sinistcha\n|-damage|p1b: Sinistcha|69/100\n|-unboost|p1b: Sinistcha|spd|1\n|move|p1b: Sinistcha|Matcha Gotcha|p2b: Sylveon|[spread] p2a,p2b\n|-damage|p2a: Oranguru|12/100\n|-heal|p1b: Sinistcha|80/100|[from] drain|[of] p2a: Oranguru\n|-damage|p2b: Sylveon|9/100\n|-heal|p1b: Sinistcha|90/100|[from] drain|[of] p2b: Sylveon\n|move|p1a: Pelipper|Weather Ball|p2b: Sylveon\n|-damage|p2b: Sylveon|0 fnt\n|faint|p2b: Sylveon\n|\n|-weather|RainDance|[upkeep]\n|-sideend|p1: alfa ash|move: Light Screen\n|-fieldend|move: Trick Room\n|upkeep\n|\n|t:|1775980990\n|switch|p2b: Torkoal|Torkoal, L50, M, shiny|100/100\n|-weather|SunnyDay|[from] ability: Drought|[of] p2b: Torkoal\n|turn|6\n|inactive|alfa ash has 30 seconds left.\n|inactive|alfa ash has 20 seconds left.\n|\n|t:|1775981028\n|switch|p1a: Alakazam|Alakazam, L50, M|59/100\n|move|p1b: Sinistcha|Matcha Gotcha|p2b: Torkoal|[spread] p2b\n|-miss|p1b: Sinistcha|p2a: Oranguru\n|-resisted|p2b: Torkoal|1\n|-damage|p2b: Torkoal|83/100\n|-heal|p1b: Sinistcha|99/100|[from] drain|[of] p2b: Torkoal\n|move|p2b: Torkoal|Eruption|p1b: Sinistcha|[spread] p1a,p1b\n|-supereffective|p1b: Sinistcha|1\n|-damage|p1a: Alakazam|0 fnt\n|-damage|p1b: Sinistcha|0 fnt\n|faint|p1a: Alakazam\n|faint|p1b: Sinistcha\n|move|p2a: Oranguru|Trick Room|p2a: Oranguru\n|-fieldstart|move: Trick Room|[of] p2a: Oranguru\n|\n|-weather|SunnyDay|[upkeep]\n|upkeep\n|\n|t:|1775981042\n|switch|p1b: Pelipper|Pelipper, L50, M|2/100\n|-weather|RainDance|[from] ability: Drizzle|[of] p1b: Pelipper\n|turn|7\n|\n|t:|1775981048\n|move|p2b: Torkoal|Weather Ball|p1b: Pelipper\n|-resisted|p1b: Pelipper|1\n|-damage|p1b: Pelipper|0 fnt\n|faint|p1b: Pelipper\n|\n|win|Zappyzap01\n|raw|alfa ash's rating: 1333 &rarr; <strong>1314</strong><br />(-19 for losing)\n|raw|Zappyzap01's rating: 1343 &rarr; <strong>1362</strong><br />(+19 for winning)\n|l|\u2606alfa ash\n|player|p1|\n|l|\u2606Zappyzap01\n|player|p2|\n",
  "uploadtime": 1775981062,
  "views": 20,
  "formatid": "gen9championsvgc2026regma",
  "rating": 1314,
  "private": 0,
  "password": null
}