{
  "id": "gen9championsvgc2026regma-2586522594",
  "format": "[Gen 9 Champions] VGC 2026 Reg M-A",
  "players": [
    "howie dewit",
    "zanedotshowdown"
  ],
  "log": "|j|\u2606howie dewit\n|j|\u2606zanedotshowdown\n|t:|1776440434\n|gametype|doubles\n|player|p1|howie dewit|collector|1047\n|player|p2|zanedotshowdown|benga|1058\n|gen|9\n|tier|[Gen 9 Champions] VGC 2026 Reg M-A\n|rated|\n|rule|Species Clause: Limit one of each Pok\u00e9mon\n|rule|Item Clause: Limit 1 of each item\n|clearpoke\n|poke|p1|Charizard, L50, F|\n|poke|p1|Venusaur, L50, M|\n|poke|p1|Rotom-Wash, L50|\n|poke|p1|Sneasler, L50, M|\n|poke|p1|Beedrill, L50, F|\n|poke|p1|Incineroar, L50, M|\n|poke|p2|Golurk, L50|\n|poke|p2|Incineroar, L50, M|\n|poke|p2|Farigiraf, L50, F|\n|poke|p2|Torkoal, L50, M|\n|poke|p2|Sylveon, L50, F|\n|poke|p2|Sneasler, L50, M|\n|teampreview|4\n|inactive|Battle timer is ON: inactive players will automatically lose when time's up. (requested by howie dewit)\n|\n|t:|1776440465\n|teamsize|p1|4\n|teamsize|p2|4\n|start\n|switch|p1a: Venusaur|Venusaur, L50, M|100/100\n|switch|p1b: Incineroar|Incineroar, L50, M|100/100\n|switch|p2a: Incineroar|Incineroar, L50, M|100/100\n|switch|p2b: Farigiraf|Farigiraf, L50, F|100/100\n|-ability|p2a: Incineroar|Intimidate|boost\n|-unboost|p1a: Venusaur|atk|1\n|-unboost|p1b: Incineroar|atk|1\n|-ability|p1b: Incineroar|Intimidate|boost\n|-unboost|p2a: Incineroar|atk|1\n|-unboost|p2b: Farigiraf|atk|1\n|turn|1\n|inactive|howie dewit has 30 seconds left.\n|\n|t:|1776440494\n|move|p2a: Incineroar|Fake Out|p1b: Incineroar\n|-damage|p1b: Incineroar|92/100\n|move|p1a: Venusaur|Sleep Powder|p2a: Incineroar\n|-status|p2a: Incineroar|slp|[from] move: Sleep Powder\n|cant|p1b: Incineroar|flinch\n|move|p2b: Farigiraf|Trick Room|p2b: Farigiraf\n|-fieldstart|move: Trick Room|[of] p2b: Farigiraf\n|\n|upkeep\n|turn|2\n|\n|t:|1776440510\n|switch|p2b: Torkoal|Torkoal, L50, M|100/100\n|-weather|SunnyDay|[from] ability: Drought|[of] p2b: Torkoal\n|move|p1a: Venusaur|Protect|p1a: Venusaur\n|-singleturn|p1a: Venusaur|Protect\n|move|p1b: Incineroar|Parting Shot|p2b: Torkoal\n|-unboost|p2b: Torkoal|atk|1\n|-unboost|p2b: Torkoal|spa|1\n|\n|t:|1776440529\n|switch|p1b: Rotom|Rotom-Wash, L50|100/100|[from] Parting Shot\n|cant|p2a: Incineroar|slp\n|\n|-weather|SunnyDay|[upkeep]\n|upkeep\n|turn|3\n|\n|t:|1776440542\n|move|p1a: Venusaur|Protect|p1a: Venusaur\n|-singleturn|p1a: Venusaur|Protect\n|move|p2b: Torkoal|Eruption|p1a: Venusaur|[spread] p1b\n|-activate|p1a: Venusaur|move: Protect\n|-resisted|p1b: Rotom|1\n|-damage|p1b: Rotom|74/100\n|cant|p2a: Incineroar|slp\n|move|p1b: Rotom|Trick|p2b: Torkoal\n|-activate|p1b: Rotom|move: Trick|[of] p2b: Torkoal\n|-item|p2b: Torkoal|Choice Scarf|[from] move: Trick\n|-item|p1b: Rotom|Charcoal|[from] move: Trick\n|\n|-weather|SunnyDay|[upkeep]\n|upkeep\n|turn|4\n|\n|t:|1776440565\n|switch|p1a: Incineroar|Incineroar, L50, M|92/100\n|-ability|p1a: Incineroar|Intimidate|boost\n|-unboost|p2a: Incineroar|atk|1\n|-unboost|p2b: Torkoal|atk|1\n|move|p2b: Torkoal|Eruption|p1a: Incineroar|[spread] p1a,p1b\n|-resisted|p1a: Incineroar|1\n|-resisted|p1b: Rotom|1\n|-damage|p1a: Incineroar|79/100\n|-damage|p1b: Rotom|50/100\n|-curestatus|p2a: Incineroar|slp|[msg]\n|move|p2a: Incineroar|Darkest Lariat|p1b: Rotom\n|-damage|p1b: Rotom|21/100\n|move|p1b: Rotom|Volt Switch|p2b: Torkoal\n|-damage|p2b: Torkoal|58/100\n|\n|t:|1776440568\n|switch|p1b: Venusaur|Venusaur, L50, M|100/100|[from] Volt Switch\n|\n|-weather|SunnyDay|[upkeep]\n|upkeep\n|turn|5\n|\n|t:|1776440590\n|move|p1a: Incineroar|Fake Out|p2a: Incineroar\n|-damage|p2a: Incineroar|89/100\n|move|p2b: Torkoal|Eruption|p1b: Venusaur|[spread] p1a,p1b\n|-resisted|p1a: Incineroar|1\n|-supereffective|p1b: Venusaur|1\n|-damage|p1a: Incineroar|70/100\n|-damage|p1b: Venusaur|51/100\n|cant|p2a: Incineroar|flinch\n|move|p1b: Venusaur|Sludge Bomb|p2a: Incineroar\n|-damage|p2a: Incineroar|42/100\n|-enditem|p2a: Incineroar|Sitrus Berry|[eat]\n|-heal|p2a: Incineroar|67/100|[from] item: Sitrus Berry\n|\n|-weather|SunnyDay|[upkeep]\n|-fieldend|move: Trick Room\n|upkeep\n|turn|6\n|\n|t:|1776440609\n|switch|p2a: Golurk|Golurk, L50|100/100\n|move|p1b: Venusaur|Sleep Powder|p2b: Torkoal\n|-status|p2b: Torkoal|slp|[from] move: Sleep Powder\n|move|p1a: Incineroar|Parting Shot|p2a: Golurk\n|-unboost|p2a: Golurk|atk|1\n|-unboost|p2a: Golurk|spa|1\n|\n|t:|1776440615\n|switch|p1a: Rotom|Rotom-Wash, L50|21/100|[from] Parting Shot\n|cant|p2b: Torkoal|slp\n|\n|-weather|none\n|upkeep\n|turn|7\n|inactive|zanedotshowdown has 30 seconds left.\n|\n|t:|1776440644\n|switch|p2b: Farigiraf|Farigiraf, L50, F|100/100\n|detailschange|p2a: Golurk|Golurk-Mega, L50\n|-mega|p2a: Golurk|Golurk|Golurkite\n|move|p1a: Rotom|Hydro Pump|p2a: Golurk\n|-supereffective|p2a: Golurk|1\n|-damage|p2a: Golurk|15/100\n|move|p1b: Venusaur|Leaf Storm|p2a: Golurk\n|-supereffective|p2a: Golurk|1\n|-damage|p2a: Golurk|0 fnt\n|-unboost|p1b: Venusaur|spa|2\n|faint|p2a: Golurk\n|\n|upkeep\n|\n|t:|1776440656\n|switch|p2a: Incineroar|Incineroar, L50, M|67/100\n|-ability|p2a: Incineroar|Intimidate|boost\n|-unboost|p1a: Rotom|atk|1\n|-unboost|p1b: Venusaur|atk|1\n|turn|8\n|\n|t:|1776440666\n|switch|p1a: Charizard|Charizard, L50, F, shiny|100/100\n|move|p2a: Incineroar|Fake Out|p1a: Charizard\n|-damage|p1a: Charizard|80/100\n|move|p1b: Venusaur|Sleep Powder|p2b: Farigiraf\n|-status|p2b: Farigiraf|slp|[from] move: Sleep Powder\n|cant|p2b: Farigiraf|slp\n|\n|upkeep\n|turn|9\n|\n|t:|1776440681\n|switch|p1b: Incineroar|Incineroar, L50, M|70/100\n|-ability|p1b: Incineroar|Intimidate|boost\n|-unboost|p2a: Incineroar|atk|1\n|-unboost|p2b: Farigiraf|atk|1\n|detailschange|p1a: Charizard|Charizard-Mega-Y, L50, F, shiny\n|-mega|p1a: Charizard|Charizard|Charizardite Y\n|-weather|SunnyDay|[from] ability: Drought|[of] p1a: Charizard\n|move|p1a: Charizard|Ancient Power|p2a: Incineroar\n|-supereffective|p2a: Incineroar|1\n|-damage|p2a: Incineroar|13/100\n|-boost|p1a: Charizard|atk|1\n|-boost|p1a: Charizard|def|1\n|-boost|p1a: Charizard|spa|1\n|-boost|p1a: Charizard|spd|1\n|-boost|p1a: Charizard|spe|1\n|move|p2a: Incineroar|Flare Blitz|p1b: Incineroar\n|-resisted|p1b: Incineroar|1\n|-damage|p1b: Incineroar|45/100\n|-enditem|p1b: Incineroar|Sitrus Berry|[eat]\n|-heal|p1b: Incineroar|70/100|[from] item: Sitrus Berry\n|-damage|p2a: Incineroar|3/100|[from] Recoil\n|-curestatus|p2b: Farigiraf|slp|[msg]\n|move|p2b: Farigiraf|Trick Room|p2b: Farigiraf\n|-fieldstart|move: Trick Room|[of] p2b: Farigiraf\n|\n|-weather|SunnyDay|[upkeep]\n|upkeep\n|turn|10\n|inactive|zanedotshowdown has 30 seconds left.\n|\n|t:|1776440710\n|move|p2b: Farigiraf|Protect|p2b: Farigiraf\n|-singleturn|p2b: Farigiraf|Protect\n|move|p1b: Incineroar|Darkest Lariat|p2b: Farigiraf\n|-activate|p2b: Farigiraf|move: Protect\n|move|p2a: Incineroar|Parting Shot|p1a: Charizard\n|-unboost|p1a: Charizard|atk|1\n|-unboost|p1a: Charizard|spa|1\n|\n|t:|1776440718\n|switch|p2a: Torkoal|Torkoal, L50, M|58/100 slp|[from] Parting Shot\n|move|p1a: Charizard|Heat Wave|p2b: Farigiraf|[spread] p2a\n|-activate|p2b: Farigiraf|move: Protect\n|-resisted|p2a: Torkoal|1\n|-damage|p2a: Torkoal|15/100 slp\n|\n|-weather|SunnyDay|[upkeep]\n|upkeep\n|turn|11\n|\n|t:|1776440734\n|cant|p2a: Torkoal|slp\n|move|p2b: Farigiraf|Twin Beam|p1a: Charizard\n|-damage|p1a: Charizard|69/100\n|-damage|p1a: Charizard|59/100\n|-hitcount|p1a: Charizard|2\n|move|p1b: Incineroar|Darkest Lariat|p2b: Farigiraf\n|-supereffective|p2b: Farigiraf|1\n|-damage|p2b: Farigiraf|31/100\n|move|p1a: Charizard|Heat Wave|p2b: Farigiraf|[spread] p2a\n|-miss|p1a: Charizard|p2b: Farigiraf\n|-resisted|p2a: Torkoal|1\n|-damage|p2a: Torkoal|0 fnt\n|faint|p2a: Torkoal\n|\n|-weather|SunnyDay|[upkeep]\n|upkeep\n|-message|zanedotshowdown forfeited.\n|\n|win|howie dewit\n|raw|howie dewit's rating: 1047 &rarr; <strong>1081</strong><br />(+34 for winning)\n|raw|zanedotshowdown's rating: 1058 &rarr; <strong>1039</strong><br />(-19 for losing)\n|l|\u2606zanedotshowdown\n|player|p2|\n",
  "uploadtime": 1776440755,
  "views": 42,
  "formatid": "gen9championsvgc2026regma",
  "rating": 1039,
  "private": 0,
  "password": null
}