{
  "id": "gen9championsvgc2026regma-2587797628",
  "format": "[Gen 9 Champions] VGC 2026 Reg M-A",
  "players": [
    "TheNewMeliolizard",
    "karmapolicevgc"
  ],
  "log": "|j|\u2606TheNewMeliolizard\n|j|\u2606karmapolicevgc\n|t:|1776565016\n|gametype|doubles\n|player|p1|TheNewMeliolizard|larry|1421\n|player|p2|karmapolicevgc|li|1483\n|gen|9\n|tier|[Gen 9 Champions] VGC 2026 Reg M-A\n|rated|\n|rule|Species Clause: Limit one of each Pok\u00e9mon\n|rule|Item Clause: Limit 1 of each item\n|clearpoke\n|poke|p1|Aggron, L50, M, shiny|\n|poke|p1|Rotom-Wash, L50, shiny|\n|poke|p1|Sinistcha, L50, shiny|\n|poke|p1|Incineroar, L50, M, shiny|\n|poke|p1|Ninetales-Alola, L50, M, shiny|\n|poke|p1|Tyranitar, L50, F, shiny|\n|poke|p2|Scovillain, L50, F|\n|poke|p2|Hippowdon, L50, F|\n|poke|p2|Dragonite, L50, M|\n|poke|p2|Milotic, L50, F|\n|poke|p2|Sneasler, L50, M|\n|poke|p2|Farigiraf, L50, F|\n|teampreview|4\n|inactive|Battle timer is ON: inactive players will automatically lose when time's up. (requested by karmapolicevgc)\n|\n|t:|1776565077\n|teamsize|p1|4\n|teamsize|p2|4\n|start\n|switch|p1a: Rotom|Rotom-Wash, L50, shiny|100/100\n|switch|p1b: Incineroar|Incineroar, L50, M, shiny|100/100\n|switch|p2a: Milotic|Milotic, L50, F|100/100\n|switch|p2b: Sneasler|Sneasler, L50, M|100/100\n|-ability|p1b: Incineroar|Intimidate|boost\n|-unboost|p2a: Milotic|atk|1\n|-ability|p2a: Milotic|Competitive|boost\n|-boost|p2a: Milotic|spa|2\n|-unboost|p2b: Sneasler|atk|1\n|turn|1\n|\n|t:|1776565090\n|move|p2b: Sneasler|Fake Out|p1a: Rotom\n|-damage|p1a: Rotom|91/100\n|move|p1b: Incineroar|Fake Out|p2a: Milotic\n|-damage|p2a: Milotic|91/100\n|cant|p1a: Rotom|flinch\n|cant|p2a: Milotic|flinch\n|\n|-heal|p1a: Rotom|97/100|[from] item: Leftovers\n|upkeep\n|turn|2\n|\n|t:|1776565107\n|switch|p1b: Sinistcha|Sinistcha, L50, shiny|100/100\n|-heal|p1a: Rotom|100/100|[from] ability: Hospitality|[of] p1b: Sinistcha\n|move|p2a: Milotic|Protect|p2a: Milotic\n|-singleturn|p2a: Milotic|Protect\n|move|p2b: Sneasler|Close Combat|p1a: Rotom\n|-damage|p1a: Rotom|60/100\n|-unboost|p2b: Sneasler|def|1\n|-unboost|p2b: Sneasler|spd|1\n|move|p1a: Rotom|Volt Switch|p2a: Milotic\n|-activate|p2a: Milotic|move: Protect\n|\n|-heal|p1a: Rotom|65/100|[from] item: Leftovers\n|upkeep\n|turn|3\n|-activate|p2a: Milotic|item: Quick Claw\n|\n|t:|1776565125\n|move|p2a: Milotic|Ice Beam|p1b: Sinistcha\n|-supereffective|p1b: Sinistcha|1\n|-damage|p1b: Sinistcha|14/100\n|-enditem|p1b: Sinistcha|Sitrus Berry|[eat]\n|-heal|p1b: Sinistcha|39/100|[from] item: Sitrus Berry\n|move|p2b: Sneasler|Dire Claw|p1b: Sinistcha\n|-damage|p1b: Sinistcha|17/100\n|-status|p1b: Sinistcha|psn|[from] ability: Poison Touch|[of] p2b: Sneasler\n|move|p1a: Rotom|Volt Switch|p2a: Milotic\n|-supereffective|p2a: Milotic|1\n|-damage|p2a: Milotic|58/100\n|\n|t:|1776565141\n|switch|p1a: Ninetales|Ninetales-Alola, L50, M, shiny|100/100|[from] Volt Switch\n|-weather|Snowscape|[from] ability: Snow Warning|[of] p1a: Ninetales\n|move|p1b: Sinistcha|Matcha Gotcha|p2b: Sneasler|[spread] p2b\n|-miss|p1b: Sinistcha|p2a: Milotic\n|-resisted|p2b: Sneasler|1\n|-damage|p2b: Sneasler|75/100\n|-heal|p1b: Sinistcha|28/100 psn|[from] drain|[of] p2b: Sneasler\n|\n|-weather|Snowscape|[upkeep]\n|-damage|p1b: Sinistcha|16/100 psn|[from] psn\n|upkeep\n|turn|4\n|inactive|TheNewMeliolizard has 30 seconds left.\n|\n|t:|1776565173\n|move|p1b: Sinistcha|Rage Powder|p1b: Sinistcha\n|-singleturn|p1b: Sinistcha|move: Rage Powder\n|move|p2b: Sneasler|Dire Claw|p1b: Sinistcha\n|-damage|p1b: Sinistcha|0 fnt\n|faint|p1b: Sinistcha\n|move|p1a: Ninetales|Blizzard|p2b: Sneasler|[spread] p2a,p2b\n|-resisted|p2a: Milotic|1\n|-damage|p2a: Milotic|50/100\n|-damage|p2b: Sneasler|19/100\n|move|p2a: Milotic|Scald|p1a: Ninetales\n|-damage|p1a: Ninetales|44/100\n|-status|p1a: Ninetales|brn\n|\n|-weather|Snowscape|[upkeep]\n|-damage|p1a: Ninetales|38/100 brn|[from] brn\n|upkeep\n|\n|t:|1776565178\n|switch|p1b: Incineroar|Incineroar, L50, M, shiny|100/100\n|-ability|p1b: Incineroar|Intimidate|boost\n|-unboost|p2a: Milotic|atk|1\n|-ability|p2a: Milotic|Competitive|boost\n|-boost|p2a: Milotic|spa|2\n|-unboost|p2b: Sneasler|atk|1\n|turn|5\n|\n|t:|1776565186\n|move|p2b: Sneasler|Protect|p2b: Sneasler\n|-singleturn|p2b: Sneasler|Protect\n|move|p2a: Milotic|Protect|p2a: Milotic\n|-singleturn|p2a: Milotic|Protect\n|move|p1b: Incineroar|Fake Out|p2b: Sneasler\n|-activate|p2b: Sneasler|move: Protect\n|move|p1a: Ninetales|Aurora Veil|p1a: Ninetales\n|-sidestart|p1: TheNewMeliolizard|move: Aurora Veil\n|\n|-weather|Snowscape|[upkeep]\n|-damage|p1a: Ninetales|33/100 brn|[from] brn\n|upkeep\n|turn|6\n|\n|t:|1776565194\n|move|p2b: Sneasler|Dire Claw|p1a: Ninetales\n|-supereffective|p1a: Ninetales|1\n|-damage|p1a: Ninetales|10/100 brn\n|move|p1a: Ninetales|Blizzard|p2b: Sneasler|[spread] p2a,p2b\n|-resisted|p2a: Milotic|1\n|-damage|p2a: Milotic|41/100\n|-damage|p2b: Sneasler|0 fnt\n|faint|p2b: Sneasler\n|move|p2a: Milotic|Scald|p1b: Incineroar\n|-supereffective|p1b: Incineroar|1\n|-damage|p1b: Incineroar|21/100\n|move|p1b: Incineroar|Darkest Lariat|p2a: Milotic\n|-damage|p2a: Milotic|15/100\n|\n|-weather|Snowscape|[upkeep]\n|-damage|p1a: Ninetales|4/100 brn|[from] brn\n|upkeep\n|\n|t:|1776565210\n|switch|p2b: Hippowdon|Hippowdon, L50, F|100/100\n|-weather|Sandstorm|[from] ability: Sand Stream|[of] p2b: Hippowdon\n|turn|7\n|\n|t:|1776565217\n|move|p2a: Milotic|Protect|p2a: Milotic\n|-singleturn|p2a: Milotic|Protect\n|move|p2b: Hippowdon|Protect|p2b: Hippowdon\n|-singleturn|p2b: Hippowdon|Protect\n|move|p1a: Ninetales|Blizzard|p2a: Milotic|[spread] \n|-activate|p2a: Milotic|move: Protect\n|-activate|p2b: Hippowdon|move: Protect\n|move|p1b: Incineroar|Darkest Lariat|p2a: Milotic\n|-activate|p2a: Milotic|move: Protect\n|\n|-weather|Sandstorm|[upkeep]\n|-damage|p1a: Ninetales|0 fnt|[from] Sandstorm\n|-damage|p2a: Milotic|9/100|[from] Sandstorm\n|-damage|p1b: Incineroar|15/100|[from] Sandstorm\n|faint|p1a: Ninetales\n|upkeep\n|-message|TheNewMeliolizard forfeited.\n|\n|win|karmapolicevgc\n|raw|TheNewMeliolizard's rating: 1421 &rarr; <strong>1405</strong><br />(-16 for losing)\n|raw|karmapolicevgc's rating: 1483 &rarr; <strong>1499</strong><br />(+16 for winning)\n|l|\u2606TheNewMeliolizard\n|player|p1|\n|l|\u2606karmapolicevgc\n|player|p2|\n",
  "uploadtime": 1776565239,
  "views": 17,
  "formatid": "gen9championsvgc2026regma",
  "rating": 1405,
  "private": 0,
  "password": null
}