{
  "id": "gen9championsvgc2026regma-2586018256",
  "format": "[Gen 9 Champions] VGC 2026 Reg M-A",
  "players": [
    "stuggle(ing) bug",
    "DanielP4l4d1n0"
  ],
  "log": "|j|\u2606stuggle(ing) bug\n|j|\u2606DanielP4l4d1n0\n|t:|1776390732\n|gametype|doubles\n|player|p1|stuggle(ing) bug|pokemaniac|\n|player|p2|DanielP4l4d1n0|ivor|\n|gen|9\n|tier|[Gen 9 Champions] VGC 2026 Reg M-A\n|rated|Tournament battle\n|rule|Species Clause: Limit one of each Pok\u00e9mon\n|rule|Item Clause: Limit 1 of each item\n|raw|<div class=\"infobox\"><details class=\"readmore\" open><summary><strong>1 custom rule:</strong></summary> Force Open Team Sheets</details></div>\n|clearpoke\n|poke|p1|Delphox, L50, F|\n|poke|p1|Garchomp, L50, F|\n|poke|p1|Sneasler, L50, M|\n|poke|p1|Sinistcha, L50|\n|poke|p1|Rotom-Wash, L50|\n|poke|p1|Meganium, L50, M|\n|poke|p2|Kangaskhan, L50, F|\n|poke|p2|Incineroar, L50, M|\n|poke|p2|Azumarill, L50, M|\n|poke|p2|Sinistcha, L50|\n|poke|p2|Dragapult, L50, F|\n|poke|p2|Glimmora, L50, F|\n|teampreview|4\n|showteam|p1|Delphox||Delphoxite|Blaze|HeatWave,Psychic,Protect,NastyPlot|||F|||50|]Garchomp||ChoiceScarf|RoughSkin|Earthquake,DragonClaw,RockSlide,Bulldoze|||F|||50|]Sneasler||WhiteHerb|Unburden|CloseCombat,DireClaw,Protect,FakeOut|||M|||50|]Sinistcha||SitrusBerry|Hospitality|MatchaGotcha,RagePowder,TrickRoom,Imprison||||||50|]Rotom-Wash||Magnet|Levitate|HydroPump,VoltSwitch,Discharge,Electroweb||||||50|]Meganium||Meganiumite|Overgrow|SolarBeam,DazzlingGleam,WeatherBall,Protect|||M|||50|\n|showteam|p2|Kangaskhan||Kangaskhanite|Scrappy|FakeOut,DoubleEdge,SuckerPunch,LowKick|||F|||50|]Incineroar||ChopleBerry|Intimidate|FlareBlitz,ThroatChop,FakeOut,PartingShot|||M|||50|]Azumarill||SitrusBerry|HugePower|AquaJet,PlayRough,BellyDrum,Protect|||M|||50|]Sinistcha||MentalHerb|Hospitality|MatchaGotcha,Imprison,RagePowder,TrickRoom||||||50|]Dragapult||FocusSash|ClearBody|DragonDarts,PhantomForce,WillOWisp,Protect|||F|||50|]Glimmora||Glimmoranite|ToxicDebris|SludgeBomb,PowerGem,EarthPower,SpikyShield|||F|||50|\n|inactive|Battle timer is ON: inactive players will automatically lose when time's up. (requested by DanielP4l4d1n0)\n|inactive|stuggle(ing) bug also wants the timer to be on.\n|c|\u2606stuggle(ing) bug|glhf\n|c|\u2606DanielP4l4d1n0|u2\n|j| Gootrifa\n|inactive|stuggle(ing) bug has 60 seconds left.\n|inactive|DanielP4l4d1n0 has 60 seconds left.\n|inactive|stuggle(ing) bug has 30 seconds left.\n|\n|t:|1776390798\n|teamsize|p1|4\n|teamsize|p2|4\n|start\n|switch|p1a: Delphox|Delphox, L50, F|100/100\n|switch|p1b: Garchomp|Garchomp, L50, F|100/100\n|switch|p2a: Kangaskhan|Kangaskhan, L50, F|100/100\n|switch|p2b: Amarelorill|Azumarill, L50, M, shiny|100/100\n|turn|1\n|\n|t:|1776390822\n|detailschange|p1a: Delphox|Delphox-Mega, L50, F\n|-mega|p1a: Delphox|Delphox|Delphoxite\n|detailschange|p2a: Kangaskhan|Kangaskhan-Mega, L50, F\n|-mega|p2a: Kangaskhan|Kangaskhan|Kangaskhanite\n|move|p2a: Kangaskhan|Sucker Punch||[still]\n|-fail|p2a: Kangaskhan\n|move|p1b: Garchomp|Earthquake|p2b: Amarelorill|[spread] p2a,p2b\n|-immune|p1a: Delphox|[from] ability: Levitate\n|-damage|p2a: Kangaskhan|67/100\n|-damage|p2b: Amarelorill|59/100\n|move|p1a: Delphox|Nasty Plot|p1a: Delphox\n|-boost|p1a: Delphox|spa|2\n|move|p2b: Amarelorill|Belly Drum|p2b: Amarelorill\n|-damage|p2b: Amarelorill|9/100\n|-setboost|p2b: Amarelorill|atk|6|[from] move: Belly Drum\n|-enditem|p2b: Amarelorill|Sitrus Berry|[eat]\n|-heal|p2b: Amarelorill|34/100|[from] item: Sitrus Berry\n|\n|upkeep\n|turn|2\n|\n|t:|1776390843\n|switch|p1b: Sinistcha|Sinistcha, L50|100/100\n|switch|p2a: Sinistcha|Sinistcha, L50|100/100\n|-heal|p2b: Amarelorill|59/100|[from] ability: Hospitality|[of] p2a: Sinistcha\n|move|p1a: Delphox|Protect|p1a: Delphox\n|-singleturn|p1a: Delphox|Protect\n|move|p2b: Amarelorill|Aqua Jet|p1a: Delphox\n|-activate|p1a: Delphox|move: Protect\n|\n|upkeep\n|turn|3\n|j| Cronos_74\n|inactive|DanielP4l4d1n0 has 30 seconds left.\n|\n|t:|1776390872\n|switch|p2a: Incineroar|Incineroar, L50, M|100/100\n|-ability|p2a: Incineroar|Intimidate|boost\n|-unboost|p1a: Delphox|atk|1\n|-unboost|p1b: Sinistcha|atk|1\n|move|p2b: Amarelorill|Protect|p2b: Amarelorill\n|-singleturn|p2b: Amarelorill|Protect\n|move|p1b: Sinistcha|Rage Powder|p1b: Sinistcha\n|-singleturn|p1b: Sinistcha|move: Rage Powder\n|move|p1a: Delphox|Heat Wave|p2a: Incineroar|[spread] p2a\n|-activate|p2b: Amarelorill|move: Protect\n|-resisted|p2a: Incineroar|1\n|-damage|p2a: Incineroar|67/100\n|\n|upkeep\n|turn|4\n|j| FBISurveillanceMan\n|l| Gootrifa\n|\n|t:|1776390902\n|move|p1a: Delphox|Protect|p1a: Delphox\n|-singleturn|p1a: Delphox|Protect\n|move|p2a: Incineroar|Fake Out|p1a: Delphox\n|-activate|p1a: Delphox|move: Protect\n|move|p1b: Sinistcha|Matcha Gotcha|p2b: Amarelorill|[spread] p2a,p2b\n|-resisted|p2a: Incineroar|1\n|-supereffective|p2b: Amarelorill|1\n|-damage|p2a: Incineroar|58/100\n|-damage|p2b: Amarelorill|8/100\n|move|p2b: Amarelorill|Play Rough|p1b: Sinistcha\n|-damage|p1b: Sinistcha|0 fnt\n|faint|p1b: Sinistcha\n|\n|upkeep\n|l| Cronos_74\n|\n|t:|1776390915\n|switch|p1b: Sneasler|Sneasler, L50, M|100/100\n|turn|5\n|inactive|stuggle(ing) bug has 30 seconds left.\n|inactive|DanielP4l4d1n0 has 30 seconds left.\n|\n|t:|1776390949\n|move|p2b: Amarelorill|Protect|p2b: Amarelorill\n|-singleturn|p2b: Amarelorill|Protect\n|move|p1a: Delphox|Heat Wave|p2b: Amarelorill|[spread] p2a\n|-activate|p2b: Amarelorill|move: Protect\n|-resisted|p2a: Incineroar|1\n|-damage|p2a: Incineroar|28/100\n|move|p1b: Sneasler|Close Combat|p2a: Incineroar\n|-supereffective|p2a: Incineroar|1\n|-enditem|p2a: Incineroar|Chople Berry|[eat]\n|-enditem|p2a: Incineroar|Chople Berry|[weaken]\n|-damage|p2a: Incineroar|0 fnt\n|-unboost|p1b: Sneasler|def|1\n|-unboost|p1b: Sneasler|spd|1\n|faint|p2a: Incineroar\n|-enditem|p1b: Sneasler|White Herb\n|-clearnegativeboost|p1b: Sneasler|[silent]\n|\n|upkeep\n|\n|t:|1776390964\n|switch|p2a: Sinistcha|Sinistcha, L50|100/100\n|-heal|p2b: Amarelorill|33/100|[from] ability: Hospitality|[of] p2a: Sinistcha\n|turn|6\n|\n|t:|1776390977\n|switch|p1b: Garchomp|Garchomp, L50, F|100/100\n|move|p1a: Delphox|Protect|p1a: Delphox\n|-singleturn|p1a: Delphox|Protect\n|move|p2a: Sinistcha|Rage Powder|p2a: Sinistcha\n|-singleturn|p2a: Sinistcha|move: Rage Powder\n|move|p2b: Amarelorill|Aqua Jet|p1a: Delphox\n|-activate|p1a: Delphox|move: Protect\n|\n|upkeep\n|turn|7\n|\n|t:|1776390991\n|move|p2b: Amarelorill|Aqua Jet|p1a: Delphox\n|-supereffective|p1a: Delphox|1\n|-damage|p1a: Delphox|0 fnt\n|faint|p1a: Delphox\n|move|p1b: Garchomp|Earthquake|p2a: Sinistcha|[spread] p2a,p2b\n|-resisted|p2a: Sinistcha|1\n|-damage|p2a: Sinistcha|83/100\n|-damage|p2b: Amarelorill|0 fnt\n|faint|p2b: Amarelorill\n|move|p2a: Sinistcha|Trick Room|p2a: Sinistcha\n|-fieldstart|move: Trick Room|[of] p2a: Sinistcha\n|\n|upkeep\n|\n|t:|1776390999\n|switch|p2b: Kangaskhan|Kangaskhan-Mega, L50, F|67/100\n|switch|p1a: Sneasler|Sneasler, L50, M|100/100\n|turn|8\n|\n|t:|1776391012\n|move|p2b: Kangaskhan|Fake Out|p1a: Sneasler\n|-damage|p1a: Sneasler|62/100\n|-damage|p1a: Sneasler|53/100\n|-hitcount|p1a: Sneasler|2\n|move|p2a: Sinistcha|Matcha Gotcha|p1b: Garchomp|[spread] p1a,p1b\n|-resisted|p1a: Sneasler|1\n|-damage|p1a: Sneasler|37/100\n|-heal|p2a: Sinistcha|91/100|[from] drain|[of] p1a: Sneasler\n|-damage|p1b: Garchomp|75/100\n|-heal|p2a: Sinistcha|100/100|[from] drain|[of] p1b: Garchomp\n|cant|p1a: Sneasler|flinch\n|move|p1b: Garchomp|Earthquake|p2b: Kangaskhan|[spread] p1a,p2a,p2b\n|-supereffective|p1a: Sneasler|1\n|-resisted|p2a: Sinistcha|1\n|-damage|p1a: Sneasler|0 fnt\n|-damage|p2a: Sinistcha|84/100\n|-damage|p2b: Kangaskhan|31/100\n|faint|p1a: Sneasler\n|\n|upkeep\n|turn|9\n|j| Luigi Magnezone\n|\n|t:|1776391030\n|move|p2a: Sinistcha|Matcha Gotcha|p1b: Garchomp|[miss]\n|-miss|p2a: Sinistcha|p1b: Garchomp\n|move|p2b: Kangaskhan|Double-Edge|p1b: Garchomp\n|-damage|p1b: Garchomp|11/100\n|-damage|p2b: Kangaskhan|18/100|[from] ability: Rough Skin|[of] p1b: Garchomp\n|-damage|p1b: Garchomp|0 fnt\n|-damage|p2b: Kangaskhan|6/100|[from] ability: Rough Skin|[of] p1b: Garchomp\n|faint|p1b: Garchomp\n|-hitcount|p1: Garchomp|2\n|-damage|p2b: Kangaskhan|0 fnt|[from] Recoil\n|faint|p2b: Kangaskhan\n|\n|win|DanielP4l4d1n0\n|n|\u2606stuggle(ing) bug|stuggleingbug\n|n|\u2606DanielP4l4d1n0|danielp4l4d1n0\n|n| FBISurveillanceMan|fbisurveillanceman\n|n| Luigi Magnezone|luigimagnezone\n|c|\u2606stuggle(ing) bug|gg\n|c|\u2606DanielP4l4d1n0|gg\n|l| Luigi Magnezone\n|l|\u2606DanielP4l4d1n0\n|player|p2|\n",
  "uploadtime": 1776391051,
  "views": 21,
  "formatid": "gen9championsvgc2026regma",
  "rating": null,
  "private": 0,
  "password": null
}