{
  "id": "gen9championsvgc2026regma-2586511476",
  "format": "[Gen 9 Champions] VGC 2026 Reg M-A",
  "players": [
    "miyagi is waifu",
    "ZuriHan"
  ],
  "log": "|j|\u2606miyagi is waifu\n|j|\u2606ZuriHan\n|t:|1776439695\n|gametype|doubles\n|player|p1|miyagi is waifu|1|1190\n|player|p2|ZuriHan|ingo|1260\n|gen|9\n|tier|[Gen 9 Champions] VGC 2026 Reg M-A\n|rated|\n|rule|Species Clause: Limit one of each Pok\u00e9mon\n|rule|Item Clause: Limit 1 of each item\n|clearpoke\n|poke|p1|Incineroar, L50, F|\n|poke|p1|Gengar, L50, M|\n|poke|p1|Sinistcha, L50|\n|poke|p1|Kingambit, L50, F|\n|poke|p1|Tyranitar, L50, M|\n|poke|p1|Kommo-o, L50, M|\n|poke|p2|Aggron, L50, F|\n|poke|p2|Incineroar, L50, M|\n|poke|p2|Sinistcha, L50|\n|poke|p2|Pelipper, L50, M|\n|poke|p2|Dragonite, L50, M|\n|poke|p2|Basculegion, L50, M|\n|teampreview|4\n|inactive|Battle timer is ON: inactive players will automatically lose when time's up. (requested by miyagi is waifu)\n|\n|t:|1776439727\n|teamsize|p1|4\n|teamsize|p2|4\n|start\n|switch|p1a: Incineroar|Incineroar, L50, F|100/100\n|switch|p1b: Gengar|Gengar, L50, M|100/100\n|switch|p2a: Dragonite|Dragonite, L50, M|100/100\n|switch|p2b: Basculegion|Basculegion, L50, M|100/100\n|-ability|p1a: Incineroar|Intimidate|boost\n|-unboost|p2a: Dragonite|atk|1\n|-unboost|p2b: Basculegion|atk|1\n|turn|1\n|\n|t:|1776439743\n|detailschange|p1b: Gengar|Gengar-Mega, L50, M\n|-mega|p1b: Gengar|Gengar|Gengarite\n|move|p2a: Dragonite|Protect|p2a: Dragonite\n|-singleturn|p2a: Dragonite|Protect\n|move|p1a: Incineroar|Fake Out|p2a: Dragonite\n|-activate|p2a: Dragonite|move: Protect\n|move|p2b: Basculegion|Flip Turn|p1b: Gengar\n|-damage|p1b: Gengar|71/100\n|\n|t:|1776439752\n|switch|p2b: Pelipper|Pelipper, L50, M|100/100|[from] Flip Turn\n|-weather|RainDance|[from] ability: Drizzle|[of] p2b: Pelipper\n|move|p1b: Gengar|Shadow Ball|p2b: Pelipper\n|-damage|p2b: Pelipper|26/100\n|-unboost|p2b: Pelipper|spd|1\n|\n|-weather|RainDance|[upkeep]\n|upkeep\n|turn|2\n|inactive|miyagi is waifu has 30 seconds left.\n|\n|t:|1776439782\n|switch|p1a: Tyranitar|Tyranitar, L50, M|100/100\n|-weather|Sandstorm|[from] ability: Sand Stream|[of] p1a: Tyranitar\n|detailschange|p2a: Dragonite|Dragonite-Mega, L50, M\n|-mega|p2a: Dragonite|Dragonite|Dragoninite\n|move|p1b: Gengar|Protect|p1b: Gengar\n|-singleturn|p1b: Gengar|Protect\n|move|p2b: Pelipper|Protect|p2b: Pelipper\n|-singleturn|p2b: Pelipper|Protect\n|move|p2a: Dragonite|Hurricane|p1b: Gengar\n|-activate|p1b: Gengar|move: Protect\n|\n|-weather|Sandstorm|[upkeep]\n|-damage|p1b: Gengar|65/100|[from] Sandstorm\n|-damage|p2a: Dragonite|95/100|[from] Sandstorm\n|-damage|p2b: Pelipper|20/100|[from] Sandstorm\n|upkeep\n|turn|3\n|\n|t:|1776439805\n|move|p1b: Gengar|Shadow Ball|p2b: Pelipper\n|-damage|p2b: Pelipper|0 fnt\n|faint|p2b: Pelipper\n|move|p1a: Tyranitar|Ice Punch|p2a: Dragonite\n|-supereffective|p2a: Dragonite|2\n|-damage|p2a: Dragonite|4/100\n|move|p2a: Dragonite|Dragon Pulse|p1b: Gengar\n|-damage|p1b: Gengar|5/100\n|\n|-weather|Sandstorm|[upkeep]\n|-damage|p1b: Gengar|0 fnt|[from] Sandstorm\n|-damage|p2a: Dragonite|0 fnt|[from] Sandstorm\n|faint|p1b: Gengar\n|faint|p2a: Dragonite\n|upkeep\n|\n|t:|1776439819\n|switch|p1b: Incineroar|Incineroar, L50, F|100/100\n|switch|p2a: Sinistcha|Sinistcha, L50|100/100\n|switch|p2b: Basculegion|Basculegion, L50, M|100/100\n|-ability|p1b: Incineroar|Intimidate|boost\n|-unboost|p2a: Sinistcha|atk|1\n|-unboost|p2b: Basculegion|atk|1\n|turn|4\n|\n|t:|1776439834\n|move|p2b: Basculegion|Wave Crash|p1b: Incineroar\n|-supereffective|p1b: Incineroar|1\n|-damage|p1b: Incineroar|3/100\n|-damage|p2b: Basculegion|68/100|[from] Recoil\n|move|p1a: Tyranitar|Ice Punch|p2a: Sinistcha\n|-supereffective|p2a: Sinistcha|1\n|-damage|p2a: Sinistcha|53/100\n|move|p2a: Sinistcha|Matcha Gotcha|p1b: Incineroar|[spread] p1a,p1b\n|-supereffective|p1a: Tyranitar|1\n|-resisted|p1b: Incineroar|1\n|-damage|p1a: Tyranitar|65/100\n|-heal|p2a: Sinistcha|71/100|[from] drain|[of] p1a: Tyranitar\n|-damage|p1b: Incineroar|0 fnt\n|-heal|p2a: Sinistcha|72/100|[from] drain|[of] p1b: Incineroar\n|-status|p1a: Tyranitar|brn\n|faint|p1b: Incineroar\n|\n|-weather|Sandstorm|[upkeep]\n|-damage|p2b: Basculegion|61/100|[from] Sandstorm\n|-damage|p2a: Sinistcha|66/100|[from] Sandstorm\n|-heal|p2a: Sinistcha|72/100|[from] item: Leftovers\n|-damage|p1a: Tyranitar|59/100 brn|[from] brn\n|upkeep\n|\n|t:|1776439844\n|switch|p1b: Sinistcha|Sinistcha, L50|100/100\n|-heal|p1a: Tyranitar|84/100 brn|[from] ability: Hospitality|[of] p1b: Sinistcha\n|turn|5\n|\n|t:|1776439863\n|move|p2b: Basculegion|Wave Crash|p1b: Sinistcha\n|-resisted|p1b: Sinistcha|1\n|-damage|p1b: Sinistcha|79/100\n|-damage|p2b: Basculegion|55/100|[from] Recoil\n|move|p1a: Tyranitar|Ice Punch|p2a: Sinistcha\n|-supereffective|p2a: Sinistcha|1\n|-damage|p2a: Sinistcha|48/100\n|move|p1b: Sinistcha|Matcha Gotcha|p2b: Basculegion|[spread] p2a,p2b\n|-resisted|p2a: Sinistcha|1\n|-supereffective|p2b: Basculegion|1\n|-damage|p2a: Sinistcha|38/100\n|-heal|p1b: Sinistcha|84/100|[from] drain|[of] p2a: Sinistcha\n|-damage|p2b: Basculegion|0 fnt\n|-heal|p1b: Sinistcha|100/100|[from] drain|[of] p2b: Basculegion\n|faint|p2b: Basculegion\n|move|p2a: Sinistcha|Matcha Gotcha|p1a: Tyranitar|[spread] p1a\n|-miss|p2a: Sinistcha|p1b: Sinistcha\n|-supereffective|p1a: Tyranitar|1\n|-damage|p1a: Tyranitar|52/100 brn\n|-heal|p2a: Sinistcha|54/100|[from] drain|[of] p1a: Tyranitar\n|\n|-weather|Sandstorm|[upkeep]\n|-damage|p1b: Sinistcha|94/100|[from] Sandstorm\n|-damage|p2a: Sinistcha|48/100|[from] Sandstorm\n|-heal|p2a: Sinistcha|54/100|[from] item: Leftovers\n|-damage|p1a: Tyranitar|46/100 brn|[from] brn\n|upkeep\n|turn|6\n|inactive|miyagi is waifu has 30 seconds left.\n|inactive|ZuriHan has 30 seconds left.\n|\n|t:|1776439889\n|move|p1a: Tyranitar|Ice Punch|p2a: Sinistcha\n|-supereffective|p2a: Sinistcha|1\n|-damage|p2a: Sinistcha|28/100\n|move|p1b: Sinistcha|Life Dew|p1b: Sinistcha|[spread] p1a,p1b\n|-heal|p1a: Tyranitar|71/100 brn\n|-heal|p1b: Sinistcha|100/100\n|move|p2a: Sinistcha|Matcha Gotcha|p1b: Sinistcha|[spread] \n|-miss|p2a: Sinistcha|p1a: Tyranitar\n|-miss|p2a: Sinistcha|p1b: Sinistcha\n|\n|-weather|none\n|-heal|p2a: Sinistcha|34/100|[from] item: Leftovers\n|-damage|p1a: Tyranitar|65/100 brn|[from] brn\n|upkeep\n|turn|7\n|\n|t:|1776439904\n|move|p1a: Tyranitar|Ice Punch|p2a: Sinistcha\n|-supereffective|p2a: Sinistcha|1\n|-damage|p2a: Sinistcha|9/100\n|move|p1b: Sinistcha|Life Dew||[still]|[spread] p1a,p1b\n|-heal|p1a: Tyranitar|90/100 brn\n|-fail|p1b: Sinistcha|heal\n|move|p2a: Sinistcha|Matcha Gotcha|p1a: Tyranitar|[spread] p1a,p1b\n|-supereffective|p1a: Tyranitar|1\n|-resisted|p1b: Sinistcha|1\n|-damage|p1a: Tyranitar|38/100 brn\n|-heal|p2a: Sinistcha|35/100|[from] drain|[of] p1a: Tyranitar\n|-damage|p1b: Sinistcha|90/100\n|-heal|p2a: Sinistcha|40/100|[from] drain|[of] p1b: Sinistcha\n|\n|-heal|p2a: Sinistcha|46/100|[from] item: Leftovers\n|-damage|p1a: Tyranitar|32/100 brn|[from] brn\n|upkeep\n|turn|8\n|\n|t:|1776439920\n|move|p1a: Tyranitar|Ice Punch|p2a: Sinistcha\n|-supereffective|p2a: Sinistcha|1\n|-damage|p2a: Sinistcha|20/100\n|move|p1b: Sinistcha|Life Dew|p1b: Sinistcha|[spread] p1a,p1b\n|-heal|p1a: Tyranitar|56/100 brn\n|-heal|p1b: Sinistcha|100/100\n|move|p2a: Sinistcha|Matcha Gotcha|p1b: Sinistcha|[spread] p1a\n|-miss|p2a: Sinistcha|p1b: Sinistcha\n|-supereffective|p1a: Tyranitar|1\n|-damage|p1a: Tyranitar|11/100 brn\n|-heal|p2a: Sinistcha|43/100|[from] drain|[of] p1a: Tyranitar\n|\n|-heal|p2a: Sinistcha|49/100|[from] item: Leftovers\n|-damage|p1a: Tyranitar|5/100 brn|[from] brn\n|upkeep\n|turn|9\n|\n|t:|1776439936\n|move|p1a: Tyranitar|Ice Punch|p2a: Sinistcha\n|-supereffective|p2a: Sinistcha|1\n|-damage|p2a: Sinistcha|26/100\n|move|p1b: Sinistcha|Matcha Gotcha|p2a: Sinistcha\n|-resisted|p2a: Sinistcha|1\n|-damage|p2a: Sinistcha|12/100\n|-status|p2a: Sinistcha|brn\n|move|p2a: Sinistcha|Life Dew|p2a: Sinistcha\n|-heal|p2a: Sinistcha|37/100 brn\n|\n|-heal|p2a: Sinistcha|43/100 brn|[from] item: Leftovers\n|-damage|p1a: Tyranitar|0 fnt|[from] brn\n|faint|p1a: Tyranitar\n|-damage|p2a: Sinistcha|37/100 brn|[from] brn\n|upkeep\n|turn|10\n|\n|t:|1776439951\n|move|p1b: Sinistcha|Matcha Gotcha|p2a: Sinistcha\n|-resisted|p2a: Sinistcha|1\n|-damage|p2a: Sinistcha|22/100 brn\n|move|p2a: Sinistcha|Life Dew|p2a: Sinistcha\n|-heal|p2a: Sinistcha|48/100 brn\n|\n|-heal|p2a: Sinistcha|54/100 brn|[from] item: Leftovers\n|-damage|p2a: Sinistcha|48/100 brn|[from] brn\n|upkeep\n|turn|11\n|\n|t:|1776439963\n|move|p1b: Sinistcha|Matcha Gotcha|p2a: Sinistcha\n|-resisted|p2a: Sinistcha|1\n|-damage|p2a: Sinistcha|33/100 brn\n|move|p2a: Sinistcha|Life Dew|p2a: Sinistcha\n|-heal|p2a: Sinistcha|58/100 brn\n|\n|-heal|p2a: Sinistcha|65/100 brn|[from] item: Leftovers\n|-damage|p2a: Sinistcha|58/100 brn|[from] brn\n|upkeep\n|turn|12\n|\n|t:|1776439972\n|move|p1b: Sinistcha|Matcha Gotcha|p2a: Sinistcha\n|-resisted|p2a: Sinistcha|1\n|-damage|p2a: Sinistcha|43/100 brn\n|move|p2a: Sinistcha|Matcha Gotcha|p1b: Sinistcha\n|-resisted|p1b: Sinistcha|1\n|-damage|p1b: Sinistcha|87/100\n|-heal|p2a: Sinistcha|50/100 brn|[from] drain|[of] p1b: Sinistcha\n|\n|-heal|p2a: Sinistcha|56/100 brn|[from] item: Leftovers\n|-damage|p2a: Sinistcha|50/100 brn|[from] brn\n|upkeep\n|turn|13\n|\n|t:|1776439984\n|move|p1b: Sinistcha|Matcha Gotcha|p2a: Sinistcha|[miss]\n|-miss|p1b: Sinistcha|p2a: Sinistcha\n|move|p2a: Sinistcha|Matcha Gotcha|p1b: Sinistcha\n|-resisted|p1b: Sinistcha|1\n|-crit|p1b: Sinistcha\n|-damage|p1b: Sinistcha|65/100\n|-heal|p2a: Sinistcha|61/100 brn|[from] drain|[of] p1b: Sinistcha\n|\n|-heal|p2a: Sinistcha|67/100 brn|[from] item: Leftovers\n|-damage|p2a: Sinistcha|61/100 brn|[from] brn\n|upkeep\n|turn|14\n|\n|t:|1776439996\n|move|p1b: Sinistcha|Matcha Gotcha|p2a: Sinistcha\n|-resisted|p2a: Sinistcha|1\n|-damage|p2a: Sinistcha|45/100 brn\n|-heal|p1b: Sinistcha|73/100|[from] drain|[of] p2a: Sinistcha\n|move|p2a: Sinistcha|Matcha Gotcha|p1b: Sinistcha\n|-resisted|p1b: Sinistcha|1\n|-damage|p1b: Sinistcha|58/100\n|-heal|p2a: Sinistcha|53/100 brn|[from] drain|[of] p1b: Sinistcha\n|\n|-heal|p2a: Sinistcha|59/100 brn|[from] item: Leftovers\n|-damage|p2a: Sinistcha|53/100 brn|[from] brn\n|upkeep\n|turn|15\n|\n|t:|1776440011\n|move|p1b: Sinistcha|Matcha Gotcha|p2a: Sinistcha\n|-resisted|p2a: Sinistcha|1\n|-damage|p2a: Sinistcha|38/100 brn\n|-heal|p1b: Sinistcha|65/100|[from] drain|[of] p2a: Sinistcha\n|move|p2a: Sinistcha|Life Dew|p2a: Sinistcha\n|-heal|p2a: Sinistcha|63/100 brn\n|\n|-heal|p2a: Sinistcha|70/100 brn|[from] item: Leftovers\n|-damage|p2a: Sinistcha|63/100 brn|[from] brn\n|upkeep\n|turn|16\n|\n|t:|1776440022\n|move|p1b: Sinistcha|Matcha Gotcha|p2a: Sinistcha\n|-resisted|p2a: Sinistcha|1\n|-damage|p2a: Sinistcha|48/100 brn\n|-heal|p1b: Sinistcha|73/100|[from] drain|[of] p2a: Sinistcha\n|move|p2a: Sinistcha|Matcha Gotcha|p1b: Sinistcha\n|-resisted|p1b: Sinistcha|1\n|-damage|p1b: Sinistcha|60/100\n|-heal|p2a: Sinistcha|55/100 brn|[from] drain|[of] p1b: Sinistcha\n|\n|-heal|p2a: Sinistcha|61/100 brn|[from] item: Leftovers\n|-damage|p2a: Sinistcha|55/100 brn|[from] brn\n|upkeep\n|turn|17\n|\n|t:|1776440036\n|move|p1b: Sinistcha|Matcha Gotcha|p2a: Sinistcha\n|-resisted|p2a: Sinistcha|1\n|-damage|p2a: Sinistcha|40/100 brn\n|-heal|p1b: Sinistcha|68/100|[from] drain|[of] p2a: Sinistcha\n|move|p2a: Sinistcha|Matcha Gotcha|p1b: Sinistcha\n|-resisted|p1b: Sinistcha|1\n|-damage|p1b: Sinistcha|54/100\n|-heal|p2a: Sinistcha|47/100 brn|[from] drain|[of] p1b: Sinistcha\n|-status|p1b: Sinistcha|brn\n|\n|-heal|p2a: Sinistcha|53/100 brn|[from] item: Leftovers\n|-damage|p1b: Sinistcha|47/100 brn|[from] brn\n|-damage|p2a: Sinistcha|47/100 brn|[from] brn\n|upkeep\n|-enditem|p1b: Sinistcha|Sitrus Berry|[eat]\n|-heal|p1b: Sinistcha|72/100 brn|[from] item: Sitrus Berry\n|turn|18\n|\n|t:|1776440052\n|move|p1b: Sinistcha|Matcha Gotcha|p2a: Sinistcha\n|-resisted|p2a: Sinistcha|1\n|-damage|p2a: Sinistcha|32/100 brn\n|-heal|p1b: Sinistcha|80/100 brn|[from] drain|[of] p2a: Sinistcha\n|move|p2a: Sinistcha|Life Dew|p2a: Sinistcha\n|-heal|p2a: Sinistcha|57/100 brn\n|\n|-heal|p2a: Sinistcha|63/100 brn|[from] item: Leftovers\n|-damage|p1b: Sinistcha|74/100 brn|[from] brn\n|-damage|p2a: Sinistcha|57/100 brn|[from] brn\n|upkeep\n|turn|19\n|\n|t:|1776440063\n|move|p1b: Sinistcha|Matcha Gotcha|p2a: Sinistcha\n|-resisted|p2a: Sinistcha|1\n|-damage|p2a: Sinistcha|43/100 brn\n|-heal|p1b: Sinistcha|81/100 brn|[from] drain|[of] p2a: Sinistcha\n|move|p2a: Sinistcha|Matcha Gotcha|p1b: Sinistcha\n|-resisted|p1b: Sinistcha|1\n|-damage|p1b: Sinistcha|68/100 brn\n|-heal|p2a: Sinistcha|49/100 brn|[from] drain|[of] p1b: Sinistcha\n|\n|-heal|p2a: Sinistcha|56/100 brn|[from] item: Leftovers\n|-damage|p1b: Sinistcha|62/100 brn|[from] brn\n|-damage|p2a: Sinistcha|49/100 brn|[from] brn\n|upkeep\n|turn|20\n|\n|t:|1776440076\n|move|p1b: Sinistcha|Matcha Gotcha|p2a: Sinistcha\n|-resisted|p2a: Sinistcha|1\n|-damage|p2a: Sinistcha|35/100 brn\n|-heal|p1b: Sinistcha|69/100 brn|[from] drain|[of] p2a: Sinistcha\n|move|p2a: Sinistcha|Matcha Gotcha|p1b: Sinistcha\n|-resisted|p1b: Sinistcha|1\n|-damage|p1b: Sinistcha|55/100 brn\n|-heal|p2a: Sinistcha|42/100 brn|[from] drain|[of] p1b: Sinistcha\n|\n|-heal|p2a: Sinistcha|48/100 brn|[from] item: Leftovers\n|-damage|p1b: Sinistcha|49/100 brn|[from] brn\n|-damage|p2a: Sinistcha|42/100 brn|[from] brn\n|upkeep\n|turn|21\n|\n|t:|1776440090\n|move|p1b: Sinistcha|Life Dew|p1b: Sinistcha\n|-heal|p1b: Sinistcha|74/100 brn\n|move|p2a: Sinistcha|Life Dew|p2a: Sinistcha\n|-heal|p2a: Sinistcha|67/100 brn\n|\n|-heal|p2a: Sinistcha|74/100 brn|[from] item: Leftovers\n|-damage|p1b: Sinistcha|68/100 brn|[from] brn\n|-damage|p2a: Sinistcha|67/100 brn|[from] brn\n|upkeep\n|turn|22\n|\n|t:|1776440100\n|move|p1b: Sinistcha|Life Dew|p1b: Sinistcha\n|-heal|p1b: Sinistcha|93/100 brn\n|move|p2a: Sinistcha|Matcha Gotcha|p1b: Sinistcha\n|-resisted|p1b: Sinistcha|1\n|-damage|p1b: Sinistcha|77/100 brn\n|-heal|p2a: Sinistcha|75/100 brn|[from] drain|[of] p1b: Sinistcha\n|\n|-heal|p2a: Sinistcha|81/100 brn|[from] item: Leftovers\n|-damage|p1b: Sinistcha|71/100 brn|[from] brn\n|-damage|p2a: Sinistcha|75/100 brn|[from] brn\n|upkeep\n|turn|23\n|\n|t:|1776440111\n|move|p1b: Sinistcha|Matcha Gotcha|p2a: Sinistcha\n|-resisted|p2a: Sinistcha|1\n|-damage|p2a: Sinistcha|62/100 brn\n|-heal|p1b: Sinistcha|78/100 brn|[from] drain|[of] p2a: Sinistcha\n|move|p2a: Sinistcha|Trick Room|p2a: Sinistcha\n|-fieldstart|move: Trick Room|[of] p2a: Sinistcha\n|\n|-heal|p2a: Sinistcha|68/100 brn|[from] item: Leftovers\n|-damage|p2a: Sinistcha|62/100 brn|[from] brn\n|-damage|p1b: Sinistcha|72/100 brn|[from] brn\n|upkeep\n|turn|24\n|\n|t:|1776440125\n|move|p2a: Sinistcha|Rage Powder|p2a: Sinistcha\n|-singleturn|p2a: Sinistcha|move: Rage Powder\n|move|p1b: Sinistcha|Matcha Gotcha|p2a: Sinistcha\n|-resisted|p2a: Sinistcha|1\n|-damage|p2a: Sinistcha|47/100 brn\n|-heal|p1b: Sinistcha|80/100 brn|[from] drain|[of] p2a: Sinistcha\n|\n|-heal|p2a: Sinistcha|53/100 brn|[from] item: Leftovers\n|-damage|p2a: Sinistcha|47/100 brn|[from] brn\n|-damage|p1b: Sinistcha|73/100 brn|[from] brn\n|upkeep\n|turn|25\n|\n|t:|1776440134\n|move|p2a: Sinistcha|Life Dew|p2a: Sinistcha\n|-heal|p2a: Sinistcha|72/100 brn\n|move|p1b: Sinistcha|Matcha Gotcha|p2a: Sinistcha\n|-resisted|p2a: Sinistcha|1\n|-damage|p2a: Sinistcha|58/100 brn\n|-heal|p1b: Sinistcha|80/100 brn|[from] drain|[of] p2a: Sinistcha\n|\n|-heal|p2a: Sinistcha|65/100 brn|[from] item: Leftovers\n|-damage|p2a: Sinistcha|58/100 brn|[from] brn\n|-damage|p1b: Sinistcha|74/100 brn|[from] brn\n|upkeep\n|turn|26\n|\n|t:|1776440146\n|move|p2a: Sinistcha|Matcha Gotcha|p1b: Sinistcha\n|-resisted|p1b: Sinistcha|1\n|-damage|p1b: Sinistcha|60/100 brn\n|-heal|p2a: Sinistcha|66/100 brn|[from] drain|[of] p1b: Sinistcha\n|move|p1b: Sinistcha|Life Dew|p1b: Sinistcha\n|-heal|p1b: Sinistcha|85/100 brn\n|\n|-heal|p2a: Sinistcha|72/100 brn|[from] item: Leftovers\n|-damage|p2a: Sinistcha|66/100 brn|[from] brn\n|-damage|p1b: Sinistcha|78/100 brn|[from] brn\n|upkeep\n|turn|27\n|\n|t:|1776440157\n|move|p1b: Sinistcha|Protect|p1b: Sinistcha\n|-singleturn|p1b: Sinistcha|Protect\n|move|p2a: Sinistcha|Matcha Gotcha|p1b: Sinistcha\n|-activate|p1b: Sinistcha|move: Protect\n|\n|-heal|p2a: Sinistcha|72/100 brn|[from] item: Leftovers\n|-damage|p2a: Sinistcha|66/100 brn|[from] brn\n|-damage|p1b: Sinistcha|72/100 brn|[from] brn\n|-fieldend|move: Trick Room\n|upkeep\n|turn|28\n|\n|t:|1776440171\n|move|p1b: Sinistcha|Life Dew|p1b: Sinistcha\n|-heal|p1b: Sinistcha|97/100 brn\n|move|p2a: Sinistcha|Matcha Gotcha|p1b: Sinistcha\n|-resisted|p1b: Sinistcha|1\n|-damage|p1b: Sinistcha|83/100 brn\n|-heal|p2a: Sinistcha|73/100 brn|[from] drain|[of] p1b: Sinistcha\n|\n|-heal|p2a: Sinistcha|79/100 brn|[from] item: Leftovers\n|-damage|p1b: Sinistcha|77/100 brn|[from] brn\n|-damage|p2a: Sinistcha|73/100 brn|[from] brn\n|upkeep\n|turn|29\n|\n|t:|1776440183\n|move|p1b: Sinistcha|Protect|p1b: Sinistcha\n|-singleturn|p1b: Sinistcha|Protect\n|move|p2a: Sinistcha|Rage Powder|p2a: Sinistcha\n|-singleturn|p2a: Sinistcha|move: Rage Powder\n|\n|-heal|p2a: Sinistcha|79/100 brn|[from] item: Leftovers\n|-damage|p1b: Sinistcha|71/100 brn|[from] brn\n|-damage|p2a: Sinistcha|73/100 brn|[from] brn\n|upkeep\n|turn|30\n|\n|t:|1776440193\n|move|p1b: Sinistcha|Rage Powder|p1b: Sinistcha\n|-singleturn|p1b: Sinistcha|move: Rage Powder\n|move|p2a: Sinistcha|Rage Powder|p2a: Sinistcha\n|-singleturn|p2a: Sinistcha|move: Rage Powder\n|\n|-heal|p2a: Sinistcha|79/100 brn|[from] item: Leftovers\n|-damage|p1b: Sinistcha|64/100 brn|[from] brn\n|-damage|p2a: Sinistcha|73/100 brn|[from] brn\n|upkeep\n|turn|31\n|\n|t:|1776440200\n|move|p1b: Sinistcha|Rage Powder|p1b: Sinistcha\n|-singleturn|p1b: Sinistcha|move: Rage Powder\n|move|p2a: Sinistcha|Rage Powder|p2a: Sinistcha\n|-singleturn|p2a: Sinistcha|move: Rage Powder\n|\n|-heal|p2a: Sinistcha|79/100 brn|[from] item: Leftovers\n|-damage|p1b: Sinistcha|58/100 brn|[from] brn\n|-damage|p2a: Sinistcha|73/100 brn|[from] brn\n|upkeep\n|turn|32\n|\n|t:|1776440209\n|move|p1b: Sinistcha|Rage Powder|p1b: Sinistcha\n|-singleturn|p1b: Sinistcha|move: Rage Powder\n|move|p2a: Sinistcha|Rage Powder|p2a: Sinistcha\n|-singleturn|p2a: Sinistcha|move: Rage Powder\n|\n|-heal|p2a: Sinistcha|79/100 brn|[from] item: Leftovers\n|-damage|p1b: Sinistcha|52/100 brn|[from] brn\n|-damage|p2a: Sinistcha|73/100 brn|[from] brn\n|upkeep\n|turn|33\n|\n|t:|1776440218\n|move|p1b: Sinistcha|Rage Powder|p1b: Sinistcha\n|-singleturn|p1b: Sinistcha|move: Rage Powder\n|move|p2a: Sinistcha|Rage Powder|p2a: Sinistcha\n|-singleturn|p2a: Sinistcha|move: Rage Powder\n|\n|-heal|p2a: Sinistcha|79/100 brn|[from] item: Leftovers\n|-damage|p1b: Sinistcha|46/100 brn|[from] brn\n|-damage|p2a: Sinistcha|73/100 brn|[from] brn\n|upkeep\n|turn|34\n|\n|t:|1776440226\n|move|p1b: Sinistcha|Rage Powder|p1b: Sinistcha\n|-singleturn|p1b: Sinistcha|move: Rage Powder\n|move|p2a: Sinistcha|Life Dew|p2a: Sinistcha\n|-heal|p2a: Sinistcha|98/100 brn\n|\n|-heal|p2a: Sinistcha|100/100 brn|[from] item: Leftovers\n|-damage|p1b: Sinistcha|39/100 brn|[from] brn\n|-damage|p2a: Sinistcha|94/100 brn|[from] brn\n|upkeep\n|turn|35\n|\n|t:|1776440234\n|move|p1b: Sinistcha|Rage Powder|p1b: Sinistcha\n|-singleturn|p1b: Sinistcha|move: Rage Powder\n|move|p2a: Sinistcha|Rage Powder|p2a: Sinistcha\n|-singleturn|p2a: Sinistcha|move: Rage Powder\n|\n|-heal|p2a: Sinistcha|100/100 brn|[from] item: Leftovers\n|-damage|p1b: Sinistcha|33/100 brn|[from] brn\n|-damage|p2a: Sinistcha|94/100 brn|[from] brn\n|upkeep\n|turn|36\n|\n|t:|1776440241\n|move|p1b: Sinistcha|Rage Powder|p1b: Sinistcha\n|-singleturn|p1b: Sinistcha|move: Rage Powder\n|move|p2a: Sinistcha|Rage Powder|p2a: Sinistcha\n|-singleturn|p2a: Sinistcha|move: Rage Powder\n|\n|-heal|p2a: Sinistcha|100/100 brn|[from] item: Leftovers\n|-damage|p1b: Sinistcha|27/100 brn|[from] brn\n|-damage|p2a: Sinistcha|94/100 brn|[from] brn\n|upkeep\n|turn|37\n|\n|t:|1776440247\n|move|p1b: Sinistcha|Rage Powder|p1b: Sinistcha\n|-singleturn|p1b: Sinistcha|move: Rage Powder\n|move|p2a: Sinistcha|Rage Powder|p2a: Sinistcha\n|-singleturn|p2a: Sinistcha|move: Rage Powder\n|\n|-heal|p2a: Sinistcha|100/100 brn|[from] item: Leftovers\n|-damage|p1b: Sinistcha|21/100 brn|[from] brn\n|-damage|p2a: Sinistcha|94/100 brn|[from] brn\n|upkeep\n|turn|38\n|\n|t:|1776440254\n|move|p1b: Sinistcha|Rage Powder|p1b: Sinistcha\n|-singleturn|p1b: Sinistcha|move: Rage Powder\n|move|p2a: Sinistcha|Rage Powder|p2a: Sinistcha\n|-singleturn|p2a: Sinistcha|move: Rage Powder\n|\n|-heal|p2a: Sinistcha|100/100 brn|[from] item: Leftovers\n|-damage|p1b: Sinistcha|15/100 brn|[from] brn\n|-damage|p2a: Sinistcha|94/100 brn|[from] brn\n|upkeep\n|turn|39\n|\n|t:|1776440260\n|move|p1b: Sinistcha|Rage Powder|p1b: Sinistcha\n|-singleturn|p1b: Sinistcha|move: Rage Powder\n|move|p2a: Sinistcha|Rage Powder|p2a: Sinistcha\n|-singleturn|p2a: Sinistcha|move: Rage Powder\n|\n|-heal|p2a: Sinistcha|100/100 brn|[from] item: Leftovers\n|-damage|p1b: Sinistcha|8/100 brn|[from] brn\n|-damage|p2a: Sinistcha|94/100 brn|[from] brn\n|upkeep\n|turn|40\n|inactive|ZuriHan has 30 seconds left.\n|\n|t:|1776440267\n|move|p2a: Sinistcha|Rage Powder|p2a: Sinistcha\n|-singleturn|p2a: Sinistcha|move: Rage Powder\n|move|p1b: Sinistcha|Life Dew|p1b: Sinistcha\n|-heal|p1b: Sinistcha|33/100 brn\n|\n|-heal|p2a: Sinistcha|100/100 brn|[from] item: Leftovers\n|-damage|p1b: Sinistcha|27/100 brn|[from] brn\n|-damage|p2a: Sinistcha|94/100 brn|[from] brn\n|upkeep\n|turn|41\n|inactive|ZuriHan has 30 seconds left this turn.\n|\n|t:|1776440274\n|move|p2a: Sinistcha|Rage Powder|p2a: Sinistcha\n|-singleturn|p2a: Sinistcha|move: Rage Powder\n|move|p1b: Sinistcha|Life Dew|p1b: Sinistcha\n|-heal|p1b: Sinistcha|52/100 brn\n|\n|-heal|p2a: Sinistcha|100/100 brn|[from] item: Leftovers\n|-damage|p1b: Sinistcha|46/100 brn|[from] brn\n|-damage|p2a: Sinistcha|94/100 brn|[from] brn\n|upkeep\n|turn|42\n|inactive|ZuriHan has 25 seconds left this turn.\n|inactive|ZuriHan has 20 seconds left.\n|inactive|ZuriHan has 15 seconds left.\n|\n|t:|1776440288\n|move|p2a: Sinistcha|Rage Powder|p2a: Sinistcha\n|-singleturn|p2a: Sinistcha|move: Rage Powder\n|move|p1b: Sinistcha|Life Dew|p1b: Sinistcha\n|-heal|p1b: Sinistcha|71/100 brn\n|\n|-heal|p2a: Sinistcha|100/100 brn|[from] item: Leftovers\n|-damage|p1b: Sinistcha|64/100 brn|[from] brn\n|-damage|p2a: Sinistcha|94/100 brn|[from] brn\n|upkeep\n|turn|43\n|inactive|ZuriHan has 15 seconds left this turn.\n|inactive|ZuriHan has 10 seconds left.\n|\n|t:|1776440297\n|move|p2a: Sinistcha|Rage Powder|p2a: Sinistcha\n|-singleturn|p2a: Sinistcha|move: Rage Powder\n|move|p1b: Sinistcha|Life Dew|p1b: Sinistcha\n|-heal|p1b: Sinistcha|89/100 brn\n|\n|-heal|p2a: Sinistcha|100/100 brn|[from] item: Leftovers\n|-damage|p1b: Sinistcha|83/100 brn|[from] brn\n|-damage|p2a: Sinistcha|94/100 brn|[from] brn\n|upkeep\n|turn|44\n|inactive|ZuriHan has 10 seconds left this turn.\n|inactive|ZuriHan has 5 seconds left.\n|\n|t:|1776440305\n|move|p1b: Sinistcha|Rage Powder|p1b: Sinistcha\n|-singleturn|p1b: Sinistcha|move: Rage Powder\n|move|p2a: Sinistcha|Rage Powder|p2a: Sinistcha\n|-singleturn|p2a: Sinistcha|move: Rage Powder\n|\n|-heal|p2a: Sinistcha|100/100 brn|[from] item: Leftovers\n|-damage|p1b: Sinistcha|77/100 brn|[from] brn\n|-damage|p2a: Sinistcha|94/100 brn|[from] brn\n|upkeep\n|turn|45\n|inactive|ZuriHan has 5 seconds left this turn.\n|-message|ZuriHan lost due to inactivity.\n|\n|win|miyagi is waifu\n|raw|miyagi is waifu's rating: 1190 &rarr; <strong>1220</strong><br />(+30 for winning)\n|raw|ZuriHan's rating: 1260 &rarr; <strong>1230</strong><br />(-30 for losing)\n|c|\u2606miyagi is waifu|gg\n",
  "uploadtime": 1776440331,
  "views": 37,
  "formatid": "gen9championsvgc2026regma",
  "rating": 1220,
  "private": 0,
  "password": null
}