{
  "id": "gen9championsvgc2026regma-2586222919",
  "format": "[Gen 9 Champions] VGC 2026 Reg M-A",
  "players": [
    "nonight",
    "bagiira"
  ],
  "log": "|j|\u2606nonight\n|j|\u2606bagiira\n|t:|1776414263\n|gametype|doubles\n|player|p1|nonight|roxie|1278\n|player|p2|bagiira|miku-ghost|1373\n|gen|9\n|tier|[Gen 9 Champions] VGC 2026 Reg M-A\n|rated|\n|rule|Species Clause: Limit one of each Pok\u00e9mon\n|rule|Item Clause: Limit 1 of each item\n|clearpoke\n|poke|p1|Scovillain, L50, M|\n|poke|p1|Incineroar, L50, F|\n|poke|p1|Milotic, L50, F|\n|poke|p1|Floette-Eternal, L50, F|\n|poke|p1|Sinistcha-Masterpiece, L50|\n|poke|p1|Garchomp, L50, M|\n|poke|p2|Froslass, L50, F|\n|poke|p2|Rotom-Frost, L50|\n|poke|p2|Incineroar, L50, M|\n|poke|p2|Basculegion, L50, M|\n|poke|p2|Garchomp, L50, M|\n|poke|p2|Orthworm, L50, F|\n|teampreview|4\n|inactive|Battle timer is ON: inactive players will automatically lose when time's up. (requested by bagiira)\n|inactive|nonight has 60 seconds left.\n|inactive|bagiira has 60 seconds left.\n|\n|t:|1776414312\n|teamsize|p1|4\n|teamsize|p2|4\n|start\n|switch|p1a: Scovillain|Scovillain, L50, M|100/100\n|switch|p1b: Incineroar|Incineroar, L50, F|100/100\n|switch|p2a: Garchomp|Garchomp, L50, M|100/100\n|switch|p2b: Orthworm|Orthworm, L50, F|100/100\n|-ability|p1b: Incineroar|Intimidate|boost\n|-unboost|p2a: Garchomp|atk|1\n|-unboost|p2b: Orthworm|atk|1\n|turn|1\n|\n|t:|1776414326\n|move|p2a: Garchomp|Protect|p2a: Garchomp\n|-singleturn|p2a: Garchomp|Protect\n|move|p1b: Incineroar|Fake Out|p2a: Garchomp\n|-activate|p2a: Garchomp|move: Protect\n|move|p1a: Scovillain|Overheat|p2b: Orthworm\n|-supereffective|p2b: Orthworm|1\n|-damage|p2b: Orthworm|0 fnt\n|-unboost|p1a: Scovillain|spa|2\n|faint|p2b: Orthworm\n|\n|-ability|p1a: Scovillain|Moody|boost\n|-boost|p1a: Scovillain|spd|2\n|-unboost|p1a: Scovillain|atk|1\n|upkeep\n|\n|t:|1776414344\n|switch|p2b: Basculegion|Basculegion, L50, M|100/100\n|turn|2\n|\n|t:|1776414359\n|switch|p2a: Froslass|Froslass, L50, F|100/100\n|switch|p1b: Milotic|Milotic, L50, F|100/100\n|move|p1a: Scovillain|Protect|p1a: Scovillain\n|-singleturn|p1a: Scovillain|Protect\n|move|p2b: Basculegion|Wave Crash|p1b: Milotic\n|-resisted|p1b: Milotic|1\n|-damage|p1b: Milotic|66/100\n|-damage|p2b: Basculegion|89/100|[from] Recoil\n|\n|-heal|p1b: Milotic|72/100|[from] item: Leftovers\n|-ability|p1a: Scovillain|Moody|boost\n|-boost|p1a: Scovillain|def|2\n|-unboost|p1a: Scovillain|spd|1\n|upkeep\n|turn|3\n|inactive|nonight has 30 seconds left.\n|inactive|bagiira has 30 seconds left.\n|\n|t:|1776414391\n|switch|p2b: Garchomp|Garchomp, L50, M|100/100\n|detailschange|p2a: Froslass|Froslass-Mega, L50, F\n|-mega|p2a: Froslass|Froslass|Froslassite\n|-weather|Snowscape|[from] ability: Snow Warning|[of] p2a: Froslass\n|detailschange|p1a: Scovillain|Scovillain-Mega, L50, M\n|-mega|p1a: Scovillain|Scovillain|Scovillainite\n|move|p1b: Milotic|Protect|p1b: Milotic\n|-singleturn|p1b: Milotic|Protect\n|move|p2a: Froslass|Blizzard|p1a: Scovillain|[spread] p1a\n|-activate|p1b: Milotic|move: Protect\n|-damage|p1a: Scovillain|72/100\n|-status|p2a: Froslass|brn|[from] ability: Spicy Spray|[of] p1a: Scovillain\n|move|p1a: Scovillain|Overheat|p2a: Froslass\n|-supereffective|p2a: Froslass|1\n|-damage|p2a: Froslass|26/100 brn\n|-unboost|p1a: Scovillain|spa|2\n|\n|-weather|Snowscape|[upkeep]\n|-heal|p1b: Milotic|78/100|[from] item: Leftovers\n|-damage|p2a: Froslass|20/100 brn|[from] brn\n|upkeep\n|turn|4\n|inactive|nonight has 30 seconds left.\n|inactive|bagiira has 30 seconds left.\n|\n|t:|1776414424\n|move|p1a: Scovillain|Rage Powder|p1a: Scovillain\n|-singleturn|p1a: Scovillain|move: Rage Powder\n|move|p2a: Froslass|Blizzard|p1b: Milotic|[spread] p1a,p1b\n|-resisted|p1b: Milotic|1\n|-damage|p1a: Scovillain|44/100\n|-damage|p1b: Milotic|62/100\n|-status|p1b: Milotic|frz\n|move|p2b: Garchomp|Rock Slide|p1b: Milotic|[spread] p1a,p1b\n|-supereffective|p1a: Scovillain|1\n|-damage|p1a: Scovillain|25/100\n|-damage|p1b: Milotic|46/100 frz\n|-status|p2b: Garchomp|brn|[from] ability: Spicy Spray|[of] p1a: Scovillain\n|cant|p1b: Milotic|frz\n|\n|-weather|Snowscape|[upkeep]\n|-heal|p1b: Milotic|51/100 frz|[from] item: Leftovers\n|-damage|p2a: Froslass|13/100 brn|[from] brn\n|-damage|p2b: Garchomp|95/100 brn|[from] brn\n|upkeep\n|turn|5\n|inactive|nonight has 30 seconds left.\n|inactive|bagiira has 30 seconds left.\n|\n|t:|1776414453\n|switch|p1a: Incineroar|Incineroar, L50, F|100/100\n|-ability|p1a: Incineroar|Intimidate|boost\n|-unboost|p2a: Froslass|atk|1\n|-unboost|p2b: Garchomp|atk|1\n|cant|p1b: Milotic|frz\n|move|p2a: Froslass|Blizzard|p1a: Incineroar|[spread] p1a,p1b\n|-resisted|p1a: Incineroar|1\n|-resisted|p1b: Milotic|1\n|-crit|p1b: Milotic\n|-damage|p1a: Incineroar|81/100\n|-damage|p1b: Milotic|27/100 frz\n|move|p2b: Garchomp|Rock Slide|p1b: Milotic|[spread] p1a\n|-miss|p2b: Garchomp|p1b: Milotic\n|-supereffective|p1a: Incineroar|1\n|-damage|p1a: Incineroar|70/100\n|\n|-weather|Snowscape|[upkeep]\n|-heal|p1b: Milotic|33/100 frz|[from] item: Leftovers\n|-damage|p2a: Froslass|7/100 brn|[from] brn\n|-damage|p2b: Garchomp|89/100 brn|[from] brn\n|upkeep\n|turn|6\n|inactive|bagiira has 30 seconds left.\n|inactive|bagiira has 20 seconds left.\n|\n|t:|1776414490\n|switch|p2b: Basculegion|Basculegion, L50, M|89/100\n|move|p1a: Incineroar|Fake Out|p2b: Basculegion\n|-immune|p2b: Basculegion\n|move|p2a: Froslass|Shadow Ball|p1b: Milotic\n|-damage|p1b: Milotic|1/100 frz\n|-curestatus|p1b: Milotic|frz|[msg]\n|move|p1b: Milotic|Recover|p1b: Milotic\n|-heal|p1b: Milotic|51/100\n|\n|-weather|Snowscape|[upkeep]\n|-heal|p1b: Milotic|57/100|[from] item: Leftovers\n|-damage|p2a: Froslass|1/100 brn|[from] brn\n|upkeep\n|turn|7\n|inactive|bagiira has 30 seconds left.\n|inactive|nonight has 30 seconds left.\n|inactive|bagiira has 20 seconds left.\n|inactive|bagiira has 15 seconds left.\n|inactive|nonight has 20 seconds left.\n|\n|t:|1776414539\n|move|p1b: Milotic|Protect|p1b: Milotic\n|-singleturn|p1b: Milotic|Protect\n|move|p2b: Basculegion|Last Respects|p1b: Milotic\n|-activate|p1b: Milotic|move: Protect\n|move|p2a: Froslass|Shadow Ball|p1b: Milotic\n|-activate|p1b: Milotic|move: Protect\n|move|p1a: Incineroar|Parting Shot|p2b: Basculegion\n|-unboost|p2b: Basculegion|atk|1\n|-unboost|p2b: Basculegion|spa|1\n|\n|t:|1776414549\n|switch|p1a: Scovillain|Scovillain-Mega, L50, M|25/100|[from] Parting Shot\n|\n|-weather|none\n|-heal|p1b: Milotic|63/100|[from] item: Leftovers\n|-damage|p2a: Froslass|0 fnt|[from] brn\n|faint|p2a: Froslass\n|upkeep\n|\n|t:|1776414558\n|switch|p2a: Garchomp|Garchomp, L50, M|89/100 brn\n|turn|8\n|\n|t:|1776414575\n|move|p1a: Scovillain|Rage Powder|p1a: Scovillain\n|-singleturn|p1a: Scovillain|move: Rage Powder\n|move|p2b: Basculegion|Last Respects|p1a: Scovillain\n|-damage|p1a: Scovillain|0 fnt\n|-status|p2b: Basculegion|brn|[from] ability: Spicy Spray|[of] p1a: Scovillain\n|faint|p1a: Scovillain\n|move|p2a: Garchomp|Rock Slide|p1b: Milotic|[miss]\n|-miss|p2a: Garchomp|p1b: Milotic\n|move|p1b: Milotic|Icy Wind|p2b: Basculegion|[spread] p2a,p2b\n|-supereffective|p2a: Garchomp|2\n|-resisted|p2b: Basculegion|1\n|-damage|p2a: Garchomp|43/100 brn\n|-damage|p2b: Basculegion|83/100 brn\n|-unboost|p2a: Garchomp|spe|1\n|-unboost|p2b: Basculegion|spe|1\n|\n|-heal|p1b: Milotic|69/100|[from] item: Leftovers\n|-damage|p2b: Basculegion|77/100 brn|[from] brn\n|-damage|p2a: Garchomp|37/100 brn|[from] brn\n|upkeep\n|\n|t:|1776414585\n|switch|p1a: Garchomp|Garchomp, L50, M|100/100\n|turn|9\n|-message|bagiira forfeited.\n|\n|win|nonight\n|raw|nonight's rating: 1278 &rarr; <strong>1310</strong><br />(+32 for winning)\n|raw|bagiira's rating: 1373 &rarr; <strong>1348</strong><br />(-25 for losing)\n|l|\u2606bagiira\n|player|p2|\n",
  "uploadtime": 1776414649,
  "views": 37,
  "formatid": "gen9championsvgc2026regma",
  "rating": 1310,
  "private": 0,
  "password": null
}