{
  "id": "gen9championsvgc2026regma-2585895221",
  "format": "[Gen 9 Champions] VGC 2026 Reg M-A",
  "players": [
    "Ghostyq8",
    "Godotto"
  ],
  "log": "|j|\u2606Ghostyq8\n|j|\u2606Godotto\n|t:|1776379250\n|gametype|doubles\n|player|p1|Ghostyq8|102|1308\n|player|p2|Godotto|102|1266\n|gen|9\n|tier|[Gen 9 Champions] VGC 2026 Reg M-A\n|rated|\n|rule|Species Clause: Limit one of each Pok\u00e9mon\n|rule|Item Clause: Limit 1 of each item\n|clearpoke\n|poke|p1|Blastoise, L50, M|\n|poke|p1|Scizor, L50, F|\n|poke|p1|Sneasler, L50, M|\n|poke|p1|Kingambit, L50, M|\n|poke|p1|Pelipper, L50, F|\n|poke|p1|Dragapult, L50, M|\n|poke|p2|Excadrill, L50, M|\n|poke|p2|Tyranitar, L50, F|\n|poke|p2|Floette-Eternal, L50, F|\n|poke|p2|Incineroar, L50, M|\n|poke|p2|Sinistcha, L50|\n|poke|p2|Rotom-Wash, L50|\n|teampreview|4\n|inactive|Battle timer is ON: inactive players will automatically lose when time's up. (requested by Ghostyq8)\n|inactive|Godotto has 60 seconds left.\n|inactive|Ghostyq8 has 60 seconds left.\n|inactive|Godotto has 30 seconds left.\n|\n|t:|1776379317\n|teamsize|p1|4\n|teamsize|p2|4\n|start\n|switch|p1a: Dragapult|Dragapult, L50, M|100/100\n|switch|p1b: Sneasler|Sneasler, L50, M|100/100\n|switch|p2a: Rotom|Rotom-Wash, L50|100/100\n|switch|p2b: Incineroar|Incineroar, L50, M|100/100\n|-ability|p2b: Incineroar|Intimidate|boost\n|-fail|p1a: Dragapult|unboost|[from] ability: Clear Body|[of] p1a: Dragapult\n|-unboost|p1b: Sneasler|atk|1\n|turn|1\n|inactive|Godotto has 30 seconds left.\n|inactive|Godotto has 20 seconds left.\n|inactive|Godotto has 15 seconds left.\n|inactive|Godotto has 10 seconds left.\n|\n|t:|1776379363\n|move|p1b: Sneasler|Fake Out|p2a: Rotom\n|-damage|p2a: Rotom|90/100\n|-status|p2a: Rotom|psn|[from] ability: Poison Touch|[of] p1b: Sneasler\n|move|p2b: Incineroar|Fake Out|p1b: Sneasler\n|-damage|p1b: Sneasler|75/100\n|move|p1a: Dragapult|Phantom Force||[still]\n|-prepare|p1a: Dragapult|Phantom Force\n|cant|p2a: Rotom|flinch\n|\n|-heal|p2a: Rotom|96/100 psn|[from] item: Leftovers\n|-damage|p2a: Rotom|84/100 psn|[from] psn\n|upkeep\n|turn|2\n|inactive|Godotto has 30 seconds left.\n|inactive|Godotto has 20 seconds left.\n|inactive|Godotto has 15 seconds left.\n|\n|t:|1776379407\n|switch|p2b: Sinistcha|Sinistcha, L50|100/100\n|-heal|p2a: Rotom|100/100 psn|[from] ability: Hospitality|[of] p2b: Sinistcha\n|move|p1a: Dragapult|Phantom Force|p2a: Rotom|[from] lockedmove\n|-damage|p2a: Rotom|37/100 psn\n|move|p1b: Sneasler|Close Combat|p2b: Sinistcha\n|-immune|p2b: Sinistcha\n|move|p2a: Rotom|Will-O-Wisp|p1a: Dragapult|[miss]\n|-miss|p2a: Rotom|p1a: Dragapult\n|\n|-heal|p2a: Rotom|43/100 psn|[from] item: Leftovers\n|-damage|p2a: Rotom|31/100 psn|[from] psn\n|upkeep\n|turn|3\n|inactive|Godotto has 30 seconds left.\n|inactive|Godotto has 20 seconds left.\n|inactive|Ghostyq8 has 30 seconds left.\n|inactive|Godotto has 15 seconds left.\n|\n|t:|1776379450\n|move|p2a: Rotom|Protect|p2a: Rotom\n|-singleturn|p2a: Rotom|Protect\n|move|p1a: Dragapult|Dragon Darts|p2b: Sinistcha\n|-damage|p2b: Sinistcha|83/100\n|-anim|p1a: Dragapult|Dragon Darts|p2b: Sinistcha\n|-damage|p2b: Sinistcha|67/100\n|move|p1b: Sneasler|Dire Claw|p2a: Rotom\n|-activate|p2a: Rotom|move: Protect\n|move|p2b: Sinistcha|Trick Room|p2b: Sinistcha\n|-fieldstart|move: Trick Room|[of] p2b: Sinistcha\n|\n|-heal|p2a: Rotom|37/100 psn|[from] item: Leftovers\n|-damage|p2a: Rotom|25/100 psn|[from] psn\n|upkeep\n|turn|4\n|inactive|Godotto has 30 seconds left.\n|inactive|Godotto has 20 seconds left.\n|\n|t:|1776379490\n|move|p1b: Sneasler|Protect|p1b: Sneasler\n|-singleturn|p1b: Sneasler|Protect\n|move|p1a: Dragapult|Protect|p1a: Dragapult\n|-singleturn|p1a: Dragapult|Protect\n|move|p2b: Sinistcha|Life Dew|p2b: Sinistcha|[spread] p2a,p2b\n|-heal|p2a: Rotom|50/100 psn\n|-heal|p2b: Sinistcha|93/100\n|move|p2a: Rotom|Will-O-Wisp|p1a: Dragapult\n|-activate|p1a: Dragapult|move: Protect\n|\n|-heal|p2a: Rotom|55/100 psn|[from] item: Leftovers\n|-damage|p2a: Rotom|43/100 psn|[from] psn\n|upkeep\n|turn|5\n|inactive|Godotto has 30 seconds left.\n|\n|t:|1776379515\n|switch|p1a: Pelipper|Pelipper, L50, F|100/100\n|-weather|RainDance|[from] ability: Drizzle|[of] p1a: Pelipper\n|move|p2b: Sinistcha|Life Dew|p2b: Sinistcha|[spread] p2a,p2b\n|-heal|p2a: Rotom|68/100 psn\n|-heal|p2b: Sinistcha|100/100\n|move|p2a: Rotom|Will-O-Wisp|p1a: Pelipper\n|-status|p1a: Pelipper|brn\n|move|p1b: Sneasler|Dire Claw|p2a: Rotom\n|-damage|p2a: Rotom|39/100 psn\n|\n|-weather|RainDance|[upkeep]\n|-heal|p2a: Rotom|44/100 psn|[from] item: Leftovers\n|-damage|p2a: Rotom|32/100 psn|[from] psn\n|-damage|p1a: Pelipper|95/100 brn|[from] brn\n|upkeep\n|turn|6\n|inactive|Godotto has 30 seconds left.\n|inactive|Godotto has 20 seconds left.\n|inactive|Godotto has 15 seconds left.\n|inactive|Godotto has 10 seconds left.\n|inactive|Ghostyq8 has 30 seconds left.\n|\n|t:|1776379567\n|switch|p1a: Scizor|Scizor, L50, F|100/100\n|move|p1b: Sneasler|Protect|p1b: Sneasler\n|-singleturn|p1b: Sneasler|Protect\n|move|p2b: Sinistcha|Rage Powder|p2b: Sinistcha\n|-singleturn|p2b: Sinistcha|move: Rage Powder\n|move|p2a: Rotom|Thunderbolt|p1a: Scizor\n|-crit|p1a: Scizor\n|-damage|p1a: Scizor|5/100\n|\n|-weather|RainDance|[upkeep]\n|-heal|p2a: Rotom|38/100 psn|[from] item: Leftovers\n|-damage|p2a: Rotom|26/100 psn|[from] psn\n|upkeep\n|turn|7\n|\n|t:|1776379591\n|move|p1a: Scizor|Protect|p1a: Scizor\n|-singleturn|p1a: Scizor|Protect\n|move|p2b: Sinistcha|Matcha Gotcha|p1a: Scizor|[spread] p1b\n|-activate|p1a: Scizor|move: Protect\n|-resisted|p1b: Sneasler|1\n|-damage|p1b: Sneasler|60/100\n|move|p2a: Rotom|Hydro Pump|p1b: Sneasler\n|-damage|p1b: Sneasler|0 fnt\n|faint|p1b: Sneasler\n|\n|-weather|RainDance|[upkeep]\n|-heal|p2a: Rotom|32/100 psn|[from] item: Leftovers\n|-damage|p2a: Rotom|20/100 psn|[from] psn\n|-fieldend|move: Trick Room\n|upkeep\n|\n|t:|1776379609\n|switch|p1b: Dragapult|Dragapult, L50, M|100/100\n|turn|8\n|inactive|Ghostyq8 has 30 seconds left.\n|\n|t:|1776379642\n|switch|p1a: Pelipper|Pelipper, L50, F|95/100 brn\n|move|p2a: Rotom|Protect|p2a: Rotom\n|-singleturn|p2a: Rotom|Protect\n|move|p1b: Dragapult|Phantom Force||[still]\n|-prepare|p1b: Dragapult|Phantom Force\n|move|p2b: Sinistcha|Trick Room|p2b: Sinistcha\n|-fieldstart|move: Trick Room|[of] p2b: Sinistcha\n|\n|-weather|RainDance|[upkeep]\n|-heal|p2a: Rotom|25/100 psn|[from] item: Leftovers\n|-damage|p2a: Rotom|13/100 psn|[from] psn\n|-damage|p1a: Pelipper|89/100 brn|[from] brn\n|upkeep\n|turn|9\n|\n|t:|1776379662\n|switch|p2b: Incineroar|Incineroar, L50, M|100/100\n|-ability|p2b: Incineroar|Intimidate|boost\n|-unboost|p1a: Pelipper|atk|1\n|-fail|p1b: Dragapult|unboost|[from] ability: Clear Body|[of] p1b: Dragapult\n|move|p1a: Pelipper|Hurricane|p2b: Incineroar\n|-damage|p2b: Incineroar|44/100\n|move|p2a: Rotom|Thunderbolt|p1a: Pelipper\n|-supereffective|p1a: Pelipper|2\n|-damage|p1a: Pelipper|0 fnt\n|faint|p1a: Pelipper\n|move|p1b: Dragapult|Phantom Force|p2a: Rotom|[from] lockedmove\n|-damage|p2a: Rotom|0 fnt\n|faint|p2a: Rotom\n|\n|-weather|none\n|upkeep\n|inactive|Godotto has 30 seconds left.\n|\n|t:|1776379690\n|switch|p1a: Scizor|Scizor, L50, F|5/100\n|switch|p2a: Sinistcha|Sinistcha, L50|100/100\n|-heal|p2b: Incineroar|69/100|[from] ability: Hospitality|[of] p2a: Sinistcha\n|turn|10\n|\n|t:|1776379706\n|move|p1a: Scizor|Protect|p1a: Scizor\n|-singleturn|p1a: Scizor|Protect\n|move|p1b: Dragapult|Protect|p1b: Dragapult\n|-singleturn|p1b: Dragapult|Protect\n|move|p2b: Incineroar|Fake Out|p1a: Scizor\n|-activate|p1a: Scizor|move: Protect\n|move|p2a: Sinistcha|Matcha Gotcha|p1a: Scizor|[spread] \n|-activate|p1a: Scizor|move: Protect\n|-activate|p1b: Dragapult|move: Protect\n|\n|upkeep\n|turn|11\n|\n|t:|1776379726\n|detailschange|p1a: Scizor|Scizor-Mega, L50, F\n|-mega|p1a: Scizor|Scizor|Scizorite\n|move|p1a: Scizor|Bullet Punch|p2a: Sinistcha\n|-damage|p2a: Sinistcha|76/100\n|move|p2b: Incineroar|Throat Chop|p1b: Dragapult\n|-supereffective|p1b: Dragapult|1\n|-damage|p1b: Dragapult|0 fnt\n|faint|p1b: Dragapult\n|move|p2a: Sinistcha|Matcha Gotcha|p1a: Scizor\n|-resisted|p1a: Scizor|2\n|-damage|p1a: Scizor|0 fnt\n|-heal|p2a: Sinistcha|79/100|[from] drain|[of] p1a: Scizor\n|faint|p1a: Scizor\n|\n|win|Godotto\n|raw|Ghostyq8's rating: 1308 &rarr; <strong>1286</strong><br />(-22 for losing)\n|raw|Godotto's rating: 1266 &rarr; <strong>1294</strong><br />(+28 for winning)\n|l|\u2606Ghostyq8\n|player|p1|\n|c|\u2606Godotto|ggwp\n",
  "uploadtime": 1776379799,
  "views": 37,
  "formatid": "gen9championsvgc2026regma",
  "rating": 1286,
  "private": 0,
  "password": null
}