{
  "id": "gen9championsvgc2026regma-2584323779",
  "format": "[Gen 9 Champions] VGC 2026 Reg M-A",
  "players": [
    "foxgirlmoony",
    "Tinki3winki3"
  ],
  "log": "|j|\u2606foxgirlmoony\n|j|\u2606Tinki3winki3\n|t:|1776251263\n|gametype|doubles\n|player|p1|foxgirlmoony|rocketgruntf|1223\n|player|p2|Tinki3winki3|lady-gen4|1124\n|gen|9\n|tier|[Gen 9 Champions] VGC 2026 Reg M-A\n|rated|\n|rule|Species Clause: Limit one of each Pok\u00e9mon\n|rule|Item Clause: Limit 1 of each item\n|clearpoke\n|poke|p1|Floette-Eternal, L50, F|\n|poke|p1|Aerodactyl, L50, F|\n|poke|p1|Basculegion, L50, M|\n|poke|p1|Incineroar, L50, F|\n|poke|p1|Clefable, L50, M|\n|poke|p1|Sneasler, L50, M|\n|poke|p2|Drampa, L50, M|\n|poke|p2|Sinistcha, L50|\n|poke|p2|Kingambit, L50, M|\n|poke|p2|Primarina, L50, F|\n|poke|p2|Incineroar, L50, M|\n|poke|p2|Farigiraf, L50, F|\n|teampreview|4\n|inactive|Battle timer is ON: inactive players will automatically lose when time's up. (requested by foxgirlmoony)\n|inactive|Tinki3winki3 has 60 seconds left.\n|\n|t:|1776251309\n|teamsize|p1|4\n|teamsize|p2|4\n|start\n|switch|p1a: Floette|Floette-Eternal, L50, F|100/100\n|switch|p1b: Clefable|Clefable, L50, M|100/100\n|switch|p2a: Incineroar|Incineroar, L50, M|100/100\n|switch|p2b: Farigiraf|Farigiraf, L50, F, shiny|100/100\n|-ability|p2a: Incineroar|Intimidate|boost\n|-unboost|p1a: Floette|atk|1\n|-unboost|p1b: Clefable|atk|1\n|turn|1\n|\n|t:|1776251329\n|detailschange|p1a: Floette|Floette-Mega, L50, F\n|-mega|p1a: Floette|Floette|Floettite\n|-ability|p1a: Floette|Fairy Aura\n|move|p2a: Incineroar|Fake Out|p1a: Floette\n|-damage|p1a: Floette|85/100\n|cant|p1a: Floette|flinch\n|move|p1b: Clefable|Moonblast|p2a: Incineroar\n|-damage|p2a: Incineroar|65/100\n|-unboost|p2a: Incineroar|spa|1\n|move|p2b: Farigiraf|Trick Room|p2b: Farigiraf\n|-fieldstart|move: Trick Room|[of] p2b: Farigiraf\n|\n|upkeep\n|turn|2\n|inactive|Tinki3winki3 has 30 seconds left.\n|\n|t:|1776251363\n|switch|p2b: Primarina|Primarina, L50, F|100/100\n|move|p2a: Incineroar|Parting Shot|p1a: Floette\n|-unboost|p1a: Floette|atk|1\n|-unboost|p1a: Floette|spa|1\n|\n|t:|1776251376\n|switch|p2a: Farigiraf|Farigiraf, L50, F, shiny|100/100|[from] Parting Shot\n|move|p1b: Clefable|Skill Swap|p1a: Floette\n|-activate|p1b: Clefable|Skill Swap|||[of] p1a: Floette\n|-ability|p1b: Clefable|Fairy Aura\n|move|p1a: Floette|Light of Ruin|p2b: Primarina\n|-damage|p2b: Primarina|28/100\n|\n|-heal|p2b: Primarina|33/100|[from] item: Leftovers\n|upkeep\n|turn|3\n|inactive|foxgirlmoony has 30 seconds left.\n|inactive|Tinki3winki3 has 30 seconds left.\n|inactive|foxgirlmoony has 20 seconds left.\n|\n|t:|1776251415\n|move|p1a: Floette|Protect|p1a: Floette\n|-singleturn|p1a: Floette|Protect\n|move|p2a: Farigiraf|Psychic|p1a: Floette\n|-activate|p1a: Floette|move: Protect\n|move|p2b: Primarina|Moonblast|p1a: Floette\n|-activate|p1a: Floette|move: Protect\n|move|p1b: Clefable|Moonblast|p2b: Primarina\n|-damage|p2b: Primarina|0 fnt\n|faint|p2b: Primarina\n|\n|upkeep\n|\n|t:|1776251426\n|switch|p2b: Drampa|Drampa, L50, M, shiny|100/100\n|turn|4\n|\n|t:|1776251444\n|detailschange|p2b: Drampa|Drampa-Mega, L50, M, shiny\n|-mega|p2b: Drampa|Drampa|Drampanite\n|move|p1b: Clefable|Follow Me|p1b: Clefable\n|-singleturn|p1b: Clefable|move: Follow Me\n|move|p2b: Drampa|Earth Power|p1b: Clefable\n|-damage|p1b: Clefable|73/100\n|-unboost|p1b: Clefable|spd|1\n|move|p2a: Farigiraf|Psychic|p1b: Clefable\n|-damage|p1b: Clefable|22/100\n|-unboost|p1b: Clefable|spd|1\n|move|p1a: Floette|Dazzling Gleam|p2a: Farigiraf|[spread] p2a,p2b\n|-supereffective|p2b: Drampa|1\n|-damage|p2a: Farigiraf|68/100\n|-damage|p2b: Drampa|48/100\n|-ability|p2b: Drampa|Berserk|boost\n|-boost|p2b: Drampa|spa|1\n|\n|upkeep\n|turn|5\n|\n|t:|1776251466\n|move|p1b: Clefable|Protect|p1b: Clefable\n|-singleturn|p1b: Clefable|Protect\n|move|p1a: Floette|Protect|p1a: Floette\n|-singleturn|p1a: Floette|Protect\n|move|p2b: Drampa|Hyper Voice|p1b: Clefable|[spread] \n|-activate|p1a: Floette|move: Protect\n|-activate|p1b: Clefable|move: Protect\n|move|p2a: Farigiraf|Hyper Voice|p1a: Floette|[spread] \n|-activate|p1a: Floette|move: Protect\n|-activate|p1b: Clefable|move: Protect\n|\n|-fieldend|move: Trick Room\n|upkeep\n|turn|6\n|\n|t:|1776251480\n|switch|p2b: Incineroar|Incineroar, L50, M|65/100\n|-ability|p2b: Incineroar|Intimidate|boost\n|-unboost|p1a: Floette|atk|1\n|-unboost|p1b: Clefable|atk|1\n|move|p1a: Floette|Dazzling Gleam|p2b: Incineroar|[spread] p2a,p2b\n|-damage|p2a: Farigiraf|38/100\n|-damage|p2b: Incineroar|35/100\n|-enditem|p2b: Incineroar|Sitrus Berry|[eat]\n|-heal|p2b: Incineroar|60/100|[from] item: Sitrus Berry\n|move|p1b: Clefable|Moonblast|p2a: Farigiraf\n|-damage|p2a: Farigiraf|0 fnt\n|faint|p2a: Farigiraf\n|\n|upkeep\n|\n|t:|1776251493\n|switch|p2a: Drampa|Drampa-Mega, L50, M, shiny|48/100\n|turn|7\n|\n|t:|1776251500\n|move|p1a: Floette|Protect|p1a: Floette\n|-singleturn|p1a: Floette|Protect\n|move|p1b: Clefable|Protect|p1b: Clefable\n|-singleturn|p1b: Clefable|Protect\n|move|p2b: Incineroar|Fake Out|p1b: Clefable\n|-activate|p1b: Clefable|move: Protect\n|move|p2a: Drampa|Earth Power|p1a: Floette\n|-activate|p1a: Floette|move: Protect\n|\n|upkeep\n|turn|8\n|\n|t:|1776251513\n|move|p1a: Floette|Dazzling Gleam|p2a: Drampa|[spread] p2a,p2b\n|-supereffective|p2a: Drampa|1\n|-damage|p2a: Drampa|0 fnt\n|-damage|p2b: Incineroar|33/100\n|faint|p2a: Drampa\n|move|p1b: Clefable|Moonblast|p2b: Incineroar\n|-damage|p2b: Incineroar|0 fnt\n|faint|p2b: Incineroar\n|\n|win|foxgirlmoony\n|raw|foxgirlmoony's rating: 1223 &rarr; <strong>1241</strong><br />(+18 for winning)\n|raw|Tinki3winki3's rating: 1124 &rarr; <strong>1106</strong><br />(-18 for losing)\n|l|\u2606Tinki3winki3\n|player|p2|\n",
  "uploadtime": 1776251524,
  "views": 23,
  "formatid": "gen9championsvgc2026regma",
  "rating": 1106,
  "private": 0,
  "password": null
}