{
  "id": "gen9championsvgc2026regma-2580331834",
  "format": "[Gen 9 Champions] VGC 2026 Reg M-A",
  "players": [
    "Rupting0nH3r",
    "elgra"
  ],
  "log": "|j|\u2606Rupting0nH3r\n|j|\u2606elgra\n|t:|1775881473\n|gametype|doubles\n|player|p1|Rupting0nH3r|steven-gen6|1084\n|player|p2|elgra|proton|1028\n|gen|9\n|tier|[Gen 9 Champions] VGC 2026 Reg M-A\n|rated|\n|rule|Species Clause: Limit one of each Pok\u00e9mon\n|rule|Item Clause: Limit 1 of each item\n|clearpoke\n|poke|p1|Gengar, L50, F|\n|poke|p1|Primarina, L50, M|\n|poke|p1|Incineroar, L50, M|\n|poke|p1|Clefable, L50, F|\n|poke|p1|Sinistcha-Masterpiece, L50|\n|poke|p1|Conkeldurr, L50, F|\n|poke|p2|Klefki, L50, M|\n|poke|p2|Pelipper, L50, M|\n|poke|p2|Gengar, L50, F|\n|poke|p2|Politoed, L50, F|\n|poke|p2|Archaludon, L50, M|\n|poke|p2|Ditto, L50|\n|teampreview|4\n|j| OurpleWasTaken\n|l| OurpleWasTaken\nelgra has agreed to open team sheets.\nRupting0nH3r has agreed to open team sheets.\n|showteam|p1|Gengar||Gengarite|CursedBody|Disable,ShadowBall,Protect,Encore|||F|||50|]Primarina||MysticWater|LiquidVoice|PerishSong,HyperVoice,Moonblast,Protect|||M|||50|]Incineroar||ShucaBerry|Intimidate|FakeOut,PartingShot,Taunt,FlareBlitz|||M|||50|]Clefable||Leftovers|Unaware|HealPulse,Protect,FollowMe,Moonblast|||F|||50|]Sinistcha-Masterpiece||SitrusBerry|Hospitality|TrickRoom,Protect,MatchaGotcha,RagePowder||||||50|]Conkeldurr||BlackBelt|IronFist|DrainPunch,Protect,MachPunch,BulkUp|||F|||50|\n|showteam|p2|Klefki||MentalHerb|Prankster|LightScreen,Reflect,ThunderWave,FoulPlay|||M|||50|]Pelipper||ChartiBerry|Drizzle|WeatherBall,Hurricane,Tailwind,Protect|||M|||50|]Gengar||Gengarite|CursedBody|ShadowBall,SludgeWave,Disable,PerishSong|||F|||50|]Politoed||Leftovers|Drizzle|Hypnosis,PerishSong,Protect,WeatherBall|||F|||50|]Archaludon||ChestoBerry|Stamina|ElectroShot,DracoMeteor,Roar,FlashCannon|||M|||50|]Ditto||ChoiceScarf|Imposter|Transform||||||50|\n|\n|t:|1775881515\n|teamsize|p1|4\n|teamsize|p2|4\n|start\n|switch|p1a: Gengar|Gengar, L50, F|100/100\n|switch|p1b: Incineroar|Incineroar, L50, M|100/100\n|switch|p2a: Klefki|Klefki, L50, M|100/100\n|switch|p2b: Pelipper|Pelipper, L50, M|100/100\n|-weather|RainDance|[from] ability: Drizzle|[of] p2b: Pelipper\n|-ability|p1b: Incineroar|Intimidate|boost\n|-unboost|p2a: Klefki|atk|1\n|-unboost|p2b: Pelipper|atk|1\n|turn|1\n|c|\u2606elgra|Glhf\n|\n|t:|1775881538\n|switch|p1b: Primarina|Primarina, L50, M|100/100\n|detailschange|p1a: Gengar|Gengar-Mega, L50, F\n|-mega|p1a: Gengar|Gengar|Gengarite\n|move|p1a: Gengar|Protect|p1a: Gengar\n|-singleturn|p1a: Gengar|Protect\n|move|p2a: Klefki|Thunder Wave|p1a: Gengar\n|-activate|p1a: Gengar|move: Protect\n|move|p2b: Pelipper|Tailwind|p2b: Pelipper\n|-sidestart|p2: elgra|move: Tailwind\n|\n|-weather|RainDance|[upkeep]\n|upkeep\n|turn|2\n|c|\u2606Rupting0nH3r|glhf!\n|\n|t:|1775881574\n|switch|p1a: Sinistcha|Sinistcha-Masterpiece, L50|100/100\n|move|p2a: Klefki|Light Screen|p2a: Klefki\n|-sidestart|p2: elgra|move: Light Screen\n|move|p2b: Pelipper|Hurricane|p1a: Sinistcha\n|-supereffective|p1a: Sinistcha|1\n|-damage|p1a: Sinistcha|8/100\n|-start|p1a: Sinistcha|confusion\n|-enditem|p1a: Sinistcha|Sitrus Berry|[eat]\n|-heal|p1a: Sinistcha|33/100|[from] item: Sitrus Berry\n|move|p1b: Primarina|Hyper Voice|p2a: Klefki|[spread] p2a,p2b\n|-resisted|p2b: Pelipper|1\n|-damage|p2a: Klefki|50/100\n|-damage|p2b: Pelipper|64/100\n|\n|-weather|RainDance|[upkeep]\n|upkeep\n|turn|3\n|\n|t:|1775881597\n|move|p2a: Klefki|Thunder Wave|p1b: Primarina\n|-status|p1b: Primarina|par\n|move|p2b: Pelipper|Hurricane|p1a: Sinistcha\n|-supereffective|p1a: Sinistcha|1\n|-damage|p1a: Sinistcha|0 fnt\n|faint|p1a: Sinistcha\n|move|p1b: Primarina|Hyper Voice|p2a: Klefki|[spread] p2a,p2b\n|-resisted|p2b: Pelipper|1\n|-damage|p2a: Klefki|6/100\n|-damage|p2b: Pelipper|30/100\n|\n|-weather|RainDance|[upkeep]\n|upkeep\n|\n|t:|1775881609\n|switch|p1a: Incineroar|Incineroar, L50, M|100/100\n|-ability|p1a: Incineroar|Intimidate|boost\n|-unboost|p2a: Klefki|atk|1\n|-unboost|p2b: Pelipper|atk|1\n|turn|4\n|j| B0WSH\n|\n|t:|1775881618\n|move|p2b: Pelipper|Protect|p2b: Pelipper\n|-singleturn|p2b: Pelipper|Protect\n|move|p1a: Incineroar|Fake Out|p2b: Pelipper\n|-activate|p2b: Pelipper|move: Protect\n|move|p2a: Klefki|Thunder Wave|p1a: Incineroar\n|-hint|Since gen 7, Dark is immune to Prankster moves.\n|-immune|p1a: Incineroar\n|move|p1b: Primarina|Hyper Voice|p2a: Klefki|[spread] p2a\n|-activate|p2b: Pelipper|move: Protect\n|-damage|p2a: Klefki|0 fnt\n|faint|p2a: Klefki\n|\n|-weather|RainDance|[upkeep]\n|-sideend|p2: elgra|move: Tailwind\n|upkeep\n|\n|t:|1775881633\n|switch|p2a: Archaludon|Archaludon, L50, M|100/100\n|turn|5\n|\n|t:|1775881664\n|move|p1b: Primarina|Protect|p1b: Primarina\n|-singleturn|p1b: Primarina|Protect\n|move|p2a: Archaludon|Electro Shot||[still]\n|-prepare|p2a: Archaludon|Electro Shot\n|-boost|p2a: Archaludon|spa|1\n|-anim|p2a: Archaludon|Electro Shot|p1b: Primarina\n|-activate|p1b: Primarina|move: Protect\n|move|p2b: Pelipper|Tailwind|p2b: Pelipper\n|-sidestart|p2: elgra|move: Tailwind\n|move|p1a: Incineroar|Parting Shot|p2a: Archaludon\n|-unboost|p2a: Archaludon|atk|1\n|-unboost|p2a: Archaludon|spa|1\n|\n|t:|1775881674\n|switch|p1a: Gengar|Gengar-Mega, L50, F|100/100|[from] Parting Shot\n|\n|-weather|none\n|upkeep\n|turn|6\n|\n|t:|1775881720\n|move|p2b: Pelipper|Protect|p2b: Pelipper\n|-singleturn|p2b: Pelipper|Protect\n|move|p2a: Archaludon|Flash Cannon|p1b: Primarina\n|-damage|p1b: Primarina|70/100 par\n|move|p1a: Gengar|Shadow Ball|p2b: Pelipper\n|-activate|p2b: Pelipper|move: Protect\n|move|p1b: Primarina|Perish Song|p1b: Primarina\n|-start|p1a: Gengar|perish3|[silent]\n|-start|p1b: Primarina|perish3|[silent]\n|-start|p2a: Archaludon|perish3|[silent]\n|-start|p2b: Pelipper|perish3|[silent]\n|-fieldactivate|move: Perish Song\n|\n|-start|p2a: Archaludon|perish3\n|-start|p2b: Pelipper|perish3\n|-start|p1a: Gengar|perish3\n|-start|p1b: Primarina|perish3\n|-sideend|p2: elgra|move: Light Screen\n|upkeep\n|turn|7\n|\n|t:|1775881746\n|move|p1b: Primarina|Protect|p1b: Primarina\n|-singleturn|p1b: Primarina|Protect\n|move|p2a: Archaludon|Electro Shot||[still]\n|-prepare|p2a: Archaludon|Electro Shot\n|-boost|p2a: Archaludon|spa|1\n|move|p2b: Pelipper|Hurricane|p1a: Gengar\n|-damage|p1a: Gengar|45/100\n|move|p1a: Gengar|Encore|p2b: Pelipper\n|-start|p2b: Pelipper|Encore\n|\n|-start|p2a: Archaludon|perish2\n|-start|p2b: Pelipper|perish2\n|-start|p1a: Gengar|perish2\n|-start|p1b: Primarina|perish2\n|upkeep\n|turn|8\n|\n|t:|1775881765\n|switch|p1b: Incineroar|Incineroar, L50, M|100/100\n|-ability|p1b: Incineroar|Intimidate|boost\n|-unboost|p2a: Archaludon|atk|1\n|-unboost|p2b: Pelipper|atk|1\n|move|p2a: Archaludon|Electro Shot|p1b: Incineroar|[from] lockedmove\n|-damage|p1b: Incineroar|48/100\n|move|p2b: Pelipper|Hurricane|p1a: Gengar\n|-damage|p1a: Gengar|0 fnt\n|faint|p1a: Gengar\n|\n|-start|p2a: Archaludon|perish1\n|-start|p2b: Pelipper|perish1\n|-sideend|p2: elgra|move: Tailwind\n|upkeep\n|\n|t:|1775881775\n|switch|p1a: Primarina|Primarina, L50, M|70/100 par\n|turn|9\n|\n|t:|1775881798\n|move|p1a: Primarina|Protect|p1a: Primarina\n|-singleturn|p1a: Primarina|Protect\n|move|p1b: Incineroar|Fake Out|p2a: Archaludon\n|-resisted|p2a: Archaludon|1\n|-damage|p2a: Archaludon|96/100\n|-ability|p2a: Archaludon|Stamina|boost\n|-boost|p2a: Archaludon|def|1\n|cant|p2a: Archaludon|flinch\n|move|p2b: Pelipper|Hurricane|p1b: Incineroar\n|-damage|p1b: Incineroar|12/100\n|\n|-start|p2a: Archaludon|perish0\n|-start|p2b: Pelipper|perish0\n|faint|p2a: Archaludon\n|faint|p2b: Pelipper\n|upkeep\n|\n|t:|1775881812\n|switch|p2a: Gengar|Gengar, L50, F|100/100\n|turn|10\n|\n|t:|1775881827\n|detailschange|p2a: Gengar|Gengar-Mega, L50, F\n|-mega|p2a: Gengar|Gengar|Gengarite\n|move|p2a: Gengar|Sludge Wave|p1b: Incineroar|[spread] p1a,p1b\n|-supereffective|p1a: Primarina|1\n|-damage|p1a: Primarina|0 fnt\n|-damage|p1b: Incineroar|0 fnt\n|faint|p1a: Primarina\n|faint|p1b: Incineroar\n|\n|win|elgra\n|raw|Rupting0nH3r's rating: 1084 &rarr; <strong>1058</strong><br />(-26 for losing)\n|raw|elgra's rating: 1028 &rarr; <strong>1070</strong><br />(+42 for winning)\n|c|\u2606elgra|Hope ive got this\n|c|\u2606Rupting0nH3r|gg\n|c|\u2606elgra|There we goo gg\n",
  "uploadtime": 1775881844,
  "views": 10,
  "formatid": "gen9championsvgc2026regma",
  "rating": 1058,
  "private": 0,
  "password": null
}