{
  "id": "gen9championsvgc2026regma-2581928256",
  "format": "[Gen 9 Champions] VGC 2026 Reg M-A",
  "players": [
    "Risadinha123",
    "2316541231s"
  ],
  "log": "|j|\u2606Risadinha123\n|j|\u26062316541231s\n|t:|1776040556\n|gametype|doubles\n|player|p1|Risadinha123|ghetsis|1063\n|player|p2|2316541231s|265|1000\n|gen|9\n|tier|[Gen 9 Champions] VGC 2026 Reg M-A\n|rated|\n|rule|Species Clause: Limit one of each Pok\u00e9mon\n|rule|Item Clause: Limit 1 of each item\n|clearpoke\n|poke|p1|Kleavor, L50, M|\n|poke|p1|Tyranitar, L50, M|\n|poke|p1|Excadrill, L50, M|\n|poke|p1|Sinistcha-Masterpiece, L50|\n|poke|p1|Incineroar, L50, M|\n|poke|p1|Sneasler, L50, M|\n|poke|p2|Orthworm, L50, F|\n|poke|p2|Garganacl, L50, F|\n|poke|p2|Garchomp, L50, M|\n|poke|p2|Delphox, L50, F|\n|poke|p2|Glimmora, L50, M|\n|poke|p2|Hatterene, L50, F|\n|teampreview|4\n|inactive|Battle timer is ON: inactive players will automatically lose when time's up. (requested by Risadinha123)\n|\n|t:|1776040581\n|teamsize|p1|4\n|teamsize|p2|4\n|start\n|switch|p1a: Tyranitar|Tyranitar, L50, M|100/100\n|switch|p1b: Excadrill|Excadrill, L50, M|100/100\n|switch|p2a: Glimmora|Glimmora, L50, M|100/100\n|switch|p2b: Orthworm|Orthworm, L50, F|100/100\n|-weather|Sandstorm|[from] ability: Sand Stream|[of] p1a: Tyranitar\n|turn|1\n|\n|t:|1776040605\n|detailschange|p1a: Tyranitar|Tyranitar-Mega, L50, M\n|-mega|p1a: Tyranitar|Tyranitar|Tyranitarite\n|move|p2a: Glimmora|Spiky Shield|p2a: Glimmora\n|-singleturn|p2a: Glimmora|move: Protect\n|move|p1b: Excadrill|Iron Head|p2a: Glimmora\n|-activate|p2a: Glimmora|move: Protect\n|-damage|p1b: Excadrill|88/100|[from] Spiky Shield|[of] p2a: Glimmora\n|move|p1a: Tyranitar|Low Kick|p2b: Orthworm\n|-supereffective|p2b: Orthworm|1\n|-damage|p2b: Orthworm|41/100\n|move|p2b: Orthworm|Body Press|p1b: Excadrill\n|-supereffective|p1b: Excadrill|1\n|-damage|p1b: Excadrill|0 fnt\n|faint|p1b: Excadrill\n|\n|-weather|Sandstorm|[upkeep]\n|upkeep\n|\n|t:|1776040623\n|switch|p1b: Kleavor|Kleavor, L50, M, shiny|100/100\n|turn|2\n|inactive|Risadinha123 has 30 seconds left.\n|\n|t:|1776040648\n|move|p2a: Glimmora|Mortal Spin|p1b: Kleavor|[spread] p1a,p1b\n|-resisted|p1a: Tyranitar|1\n|-resisted|p1b: Kleavor|1\n|-damage|p1a: Tyranitar|99/100\n|-damage|p1b: Kleavor|98/100\n|-status|p1a: Tyranitar|psn\n|-status|p1b: Kleavor|psn\n|move|p1b: Kleavor|Night Slash|p2a: Glimmora\n|-crit|p2a: Glimmora\n|-damage|p2a: Glimmora|36/100\n|-activate|p2a: Glimmora|ability: Toxic Debris\n|-sidestart|p1: Risadinha123|move: Toxic Spikes\n|move|p1a: Tyranitar|Rock Slide|p2b: Orthworm|[spread] p2a,p2b\n|-resisted|p2b: Orthworm|1\n|-damage|p2a: Glimmora|0 fnt\n|-damage|p2b: Orthworm|29/100\n|-activate|p2a: Glimmora|ability: Toxic Debris\n|-sidestart|p1: Risadinha123|move: Toxic Spikes\n|faint|p2a: Glimmora\n|move|p2b: Orthworm|Shed Tail|p2b: Orthworm\n|-fail|p2b: Orthworm|move: Shed Tail|[weak]\n|\n|-weather|Sandstorm|[upkeep]\n|-heal|p1b: Kleavor|100/100 psn|[from] item: Leftovers\n|-damage|p1b: Kleavor|88/100 psn|[from] psn\n|-damage|p1a: Tyranitar|86/100 psn|[from] psn\n|upkeep\n|\n|t:|1776040669\n|switch|p2a: Garganacl|Garganacl, L50, F|100/100\n|turn|3\n|inactive|2316541231s has 30 seconds left.\n|\n|t:|1776040695\n|move|p1b: Kleavor|Night Slash|p2b: Orthworm\n|-damage|p2b: Orthworm|4/100\n|move|p1a: Tyranitar|Low Kick|p2a: Garganacl\n|-supereffective|p2a: Garganacl|1\n|-damage|p2a: Garganacl|43/100\n|move|p2b: Orthworm|Heavy Slam|p1b: Kleavor\n|-supereffective|p1b: Kleavor|1\n|-damage|p1b: Kleavor|36/100 psn\n|move|p2a: Garganacl|Salt Cure|p1b: Kleavor\n|-supereffective|p1b: Kleavor|1\n|-damage|p1b: Kleavor|6/100 psn\n|-start|p1b: Kleavor|Salt Cure\n|\n|-weather|Sandstorm|[upkeep]\n|-heal|p1b: Kleavor|12/100 psn|[from] item: Leftovers\n|-heal|p2a: Garganacl|49/100|[from] item: Leftovers\n|-damage|p1b: Kleavor|0 fnt|[from] psn\n|faint|p1b: Kleavor\n|-damage|p1a: Tyranitar|74/100 psn|[from] psn\n|upkeep\n|\n|t:|1776040703\n|switch|p1b: Sneasler|Sneasler, L50, M|100/100\n|-sideend|p1: Risadinha123|move: Toxic Spikes|[of] p1b: Sneasler\n|turn|4\n|\n|t:|1776040721\n|move|p2b: Orthworm|Protect|p2b: Orthworm\n|-singleturn|p2b: Orthworm|Protect\n|move|p1b: Sneasler|Fake Out|p2a: Garganacl\n|-resisted|p2a: Garganacl|1\n|-damage|p2a: Garganacl|45/100\n|move|p1a: Tyranitar|Rock Slide|p2b: Orthworm|[spread] p2a\n|-activate|p2b: Orthworm|move: Protect\n|-crit|p2a: Garganacl\n|-damage|p2a: Garganacl|15/100\n|cant|p2a: Garganacl|flinch\n|\n|-weather|Sandstorm|[upkeep]\n|-damage|p1b: Sneasler|95/100|[from] Sandstorm\n|-heal|p2a: Garganacl|21/100|[from] item: Leftovers\n|-damage|p1a: Tyranitar|61/100 psn|[from] psn\n|upkeep\n|turn|5\n|inactive|Risadinha123 has 30 seconds left.\n|\n|t:|1776040747\n|move|p1b: Sneasler|Dire Claw|p2b: Orthworm\n|-immune|p2b: Orthworm\n|move|p1a: Tyranitar|Rock Slide|p2a: Garganacl|[spread] p2a,p2b\n|-resisted|p2b: Orthworm|1\n|-damage|p2a: Garganacl|1/100\n|-damage|p2b: Orthworm|0 fnt\n|faint|p2b: Orthworm\n|move|p2a: Garganacl|Substitute|p2a: Garganacl\n|-fail|p2a: Garganacl|move: Substitute|[weak]\n|\n|-weather|none\n|-heal|p2a: Garganacl|7/100|[from] item: Leftovers\n|-damage|p1a: Tyranitar|49/100 psn|[from] psn\n|upkeep\n|\n|t:|1776040759\n|switch|p2b: Delphox|Delphox, L50, F|100/100\n|turn|6\n|\n|t:|1776040772\n|detailschange|p2b: Delphox|Delphox-Mega, L50, F\n|-mega|p2b: Delphox|Delphox|Delphoxite\n|move|p1a: Tyranitar|Protect|p1a: Tyranitar\n|-singleturn|p1a: Tyranitar|Protect\n|move|p2b: Delphox|Dazzling Gleam|p1a: Tyranitar|[spread] p1b\n|-activate|p1a: Tyranitar|move: Protect\n|-damage|p1b: Sneasler|64/100\n|move|p1b: Sneasler|Dire Claw|p2b: Delphox\n|-damage|p2b: Delphox|35/100\n|move|p2a: Garganacl|Substitute|p2a: Garganacl\n|-fail|p2a: Garganacl|move: Substitute|[weak]\n|\n|-heal|p2a: Garganacl|13/100|[from] item: Leftovers\n|-damage|p1a: Tyranitar|36/100 psn|[from] psn\n|upkeep\n|turn|7\n|inactive|2316541231s has 30 seconds left.\n|\n|t:|1776040806\n|move|p2b: Delphox|Psychic|p1b: Sneasler\n|-supereffective|p1b: Sneasler|2\n|-damage|p1b: Sneasler|0 fnt\n|faint|p1b: Sneasler\n|move|p1a: Tyranitar|Knock Off|p2b: Delphox\n|-supereffective|p2b: Delphox|1\n|-damage|p2b: Delphox|0 fnt\n|faint|p2b: Delphox\n|move|p2a: Garganacl|Hammer Arm|p1a: Tyranitar\n|-supereffective|p1a: Tyranitar|2\n|-damage|p1a: Tyranitar|0 fnt\n|-unboost|p2a: Garganacl|spe|1\n|faint|p1a: Tyranitar\n|\n|win|2316541231s\n|raw|Risadinha123's rating: 1063 &rarr; <strong>1040</strong><br />(-23 for losing)\n|raw|2316541231s's rating: 1000 &rarr; <strong>1047</strong><br />(+47 for winning)\n|l|\u2606Risadinha123\n|player|p1|\n",
  "uploadtime": 1776040824,
  "views": 27,
  "formatid": "gen9championsvgc2026regma",
  "rating": 1040,
  "private": 0,
  "password": null
}