{
  "id": "gen9championsvgc2026regma-2583947550",
  "format": "[Gen 9 Champions] VGC 2026 Reg M-A",
  "players": [
    "chuckie2274",
    "darthbear1976"
  ],
  "log": "|j|\u2606chuckie2274\n|j|\u2606darthbear1976\n|t:|1776210809\n|gametype|doubles\n|player|p1|chuckie2274|102|1131\n|player|p2|darthbear1976|pokemonranger-gen4|1173\n|gen|9\n|tier|[Gen 9 Champions] VGC 2026 Reg M-A\n|rated|\n|rule|Species Clause: Limit one of each Pok\u00e9mon\n|rule|Item Clause: Limit 1 of each item\n|clearpoke\n|poke|p1|Archaludon, L50, M|\n|poke|p1|Weavile, L50, M|\n|poke|p1|Aerodactyl, L50, F|\n|poke|p1|Gliscor, L50, M|\n|poke|p1|Meganium, L50, F|\n|poke|p1|Hydreigon, L50, F|\n|poke|p2|Crabominable, L50, M|\n|poke|p2|Slowking, L50, F|\n|poke|p2|Araquanid, L50, M|\n|poke|p2|Aromatisse, L50, F|\n|poke|p2|Incineroar, L50, F|\n|poke|p2|Lycanroc-Dusk, L50, M|\n|teampreview|4\n|inactive|Battle timer is ON: inactive players will automatically lose when time's up. (requested by darthbear1976)\n|inactive|chuckie2274 has 60 seconds left.\n|inactive|darthbear1976 has 60 seconds left.\n|\n|t:|1776210848\n|teamsize|p1|4\n|teamsize|p2|4\n|start\n|switch|p1a: Aerodactyl|Aerodactyl, L50, F|100/100\n|switch|p1b: Archaludon|Archaludon, L50, M|100/100\n|switch|p2a: Aromatisse|Aromatisse, L50, F|100/100\n|switch|p2b: Lycanroc|Lycanroc-Dusk, L50, M, shiny|100/100\n|-ability|p1a: Aerodactyl|Unnerve\n|turn|1\n|inactive|chuckie2274 has 30 seconds left.\n|inactive|chuckie2274 has 20 seconds left.\n|inactive|chuckie2274 has 15 seconds left.\n|\n|t:|1776210890\n|move|p2b: Lycanroc|Accelerock|p1a: Aerodactyl\n|-supereffective|p1a: Aerodactyl|1\n|-damage|p1a: Aerodactyl|18/100\n|move|p1a: Aerodactyl|Tailwind|p1a: Aerodactyl\n|-sidestart|p1: chuckie2274|move: Tailwind\n|move|p1b: Archaludon|Flash Cannon|p2b: Lycanroc\n|-supereffective|p2b: Lycanroc|1\n|-enditem|p2b: Lycanroc|Focus Sash\n|-damage|p2b: Lycanroc|1/100\n|move|p2a: Aromatisse|Trick Room|p2a: Aromatisse\n|-fieldstart|move: Trick Room|[of] p2a: Aromatisse\n|\n|upkeep\n|turn|2\n|inactive|chuckie2274 has 30 seconds left.\n|\n|t:|1776210923\n|switch|p2a: Araquanid|Araquanid, L50, M, shiny|100/100\n|move|p1a: Aerodactyl|Protect|p1a: Aerodactyl\n|-singleturn|p1a: Aerodactyl|Protect\n|move|p2b: Lycanroc|Accelerock|p1a: Aerodactyl\n|-activate|p1a: Aerodactyl|move: Protect\n|move|p1b: Archaludon|Flash Cannon|p2a: Araquanid\n|-resisted|p2a: Araquanid|1\n|-damage|p2a: Araquanid|87/100\n|\n|upkeep\n|turn|3\n|inactive|darthbear1976 has 30 seconds left.\n|\n|t:|1776210949\n|move|p2a: Araquanid|Protect|p2a: Araquanid\n|-singleturn|p2a: Araquanid|Protect\n|move|p2b: Lycanroc|Accelerock|p1a: Aerodactyl\n|-supereffective|p1a: Aerodactyl|1\n|-damage|p1a: Aerodactyl|0 fnt\n|faint|p1a: Aerodactyl\n|move|p1b: Archaludon|Flash Cannon|p2b: Lycanroc\n|-supereffective|p2b: Lycanroc|1\n|-damage|p2b: Lycanroc|0 fnt\n|faint|p2b: Lycanroc\n|\n|upkeep\n|\n|t:|1776210958\n|switch|p2b: Crabominable|Crabominable, L50, M, shiny|100/100\n|switch|p1a: Meganium|Meganium, L50, F|100/100\n|turn|4\n|inactive|chuckie2274 has 30 seconds left.\n|inactive|darthbear1976 has 30 seconds left.\n|inactive|chuckie2274 has 20 seconds left.\n|inactive|chuckie2274 has 15 seconds left.\n|inactive|chuckie2274 has 10 seconds left.\n|inactive|chuckie2274 has 5 seconds left.\n|\n|t:|1776211010\n|detailschange|p2b: Crabominable|Crabominable-Mega, L50, M, shiny\n|-mega|p2b: Crabominable|Crabominable|Crabominite\n|detailschange|p1a: Meganium|Meganium-Mega, L50, F\n|-mega|p1a: Meganium|Meganium|Meganiumite\n|move|p2b: Crabominable|Ice Hammer|p1a: Meganium\n|-supereffective|p1a: Meganium|1\n|-damage|p1a: Meganium|0 fnt\n|-unboost|p2b: Crabominable|spe|1\n|faint|p1a: Meganium\n|move|p2a: Araquanid|Liquidation|p1b: Archaludon\n|-resisted|p1b: Archaludon|1\n|-damage|p1b: Archaludon|71/100\n|-ability|p1b: Archaludon|Stamina|boost\n|-boost|p1b: Archaludon|def|1\n|move|p1b: Archaludon|Dragon Pulse|p2a: Araquanid\n|-damage|p2a: Araquanid|59/100\n|\n|-heal|p1b: Archaludon|77/100|[from] item: Leftovers\n|-sideend|p1: chuckie2274|move: Tailwind\n|upkeep\n|\n|t:|1776211028\n|switch|p1a: Hydreigon|Hydreigon, L50, F|100/100\n|turn|5\n|\n|t:|1776211044\n|move|p2b: Crabominable|Drain Punch|p1b: Archaludon\n|-supereffective|p1b: Archaludon|1\n|-damage|p1b: Archaludon|17/100\n|-ability|p1b: Archaludon|Stamina|boost\n|-boost|p1b: Archaludon|def|1\n|move|p2a: Araquanid|Leech Life|p1a: Hydreigon\n|-supereffective|p1a: Hydreigon|1\n|-damage|p1a: Hydreigon|25/100\n|-heal|p2a: Araquanid|95/100|[from] drain|[of] p1a: Hydreigon\n|move|p1b: Archaludon|Flash Cannon|p2b: Crabominable\n|-supereffective|p2b: Crabominable|1\n|-damage|p2b: Crabominable|42/100\n|move|p1a: Hydreigon|Flamethrower|p2b: Crabominable\n|-supereffective|p2b: Crabominable|1\n|-crit|p2b: Crabominable\n|-damage|p2b: Crabominable|0 fnt\n|faint|p2b: Crabominable\n|\n|-heal|p1b: Archaludon|24/100|[from] item: Leftovers\n|-fieldend|move: Trick Room\n|upkeep\n|\n|t:|1776211060\n|switch|p2b: Aromatisse|Aromatisse, L50, F|100/100\n|turn|6\n|\n|t:|1776211071\n|move|p1a: Hydreigon|Draco Meteor|p2a: Araquanid\n|-crit|p2a: Araquanid\n|-damage|p2a: Araquanid|10/100\n|-unboost|p1a: Hydreigon|spa|2\n|move|p1b: Archaludon|Flash Cannon|p2b: Aromatisse\n|-supereffective|p2b: Aromatisse|1\n|-damage|p2b: Aromatisse|31/100\n|move|p2a: Araquanid|Leech Life|p1a: Hydreigon\n|-supereffective|p1a: Hydreigon|1\n|-damage|p1a: Hydreigon|0 fnt\n|-heal|p2a: Araquanid|22/100|[from] drain|[of] p1a: Hydreigon\n|faint|p1a: Hydreigon\n|move|p2b: Aromatisse|Moonblast|p1b: Archaludon\n|-damage|p1b: Archaludon|0 fnt\n|faint|p1b: Archaludon\n|\n|win|darthbear1976\n|raw|chuckie2274's rating: 1131 &rarr; <strong>1109</strong><br />(-22 for losing)\n|raw|darthbear1976's rating: 1173 &rarr; <strong>1195</strong><br />(+22 for winning)\n|l|\u2606chuckie2274\n|player|p1|\n",
  "uploadtime": 1776211086,
  "views": 36,
  "formatid": "gen9championsvgc2026regma",
  "rating": 1109,
  "private": 0,
  "password": null
}