{
  "id": "gen9championsvgc2026regma-2587953133",
  "format": "[Gen 9 Champions] VGC 2026 Reg M-A",
  "players": [
    "mojiea",
    "brojonski"
  ],
  "log": "|j|\u2606mojiea\n|j|\u2606brojonski\n|t:|1776584042\n|gametype|doubles\n|player|p1|mojiea|elesa|1314\n|player|p2|brojonski|brock|1280\n|gen|9\n|tier|[Gen 9 Champions] VGC 2026 Reg M-A\n|rated|\n|rule|Species Clause: Limit one of each Pok\u00e9mon\n|rule|Item Clause: Limit 1 of each item\n|clearpoke\n|poke|p1|Tyranitar, L50, F|\n|poke|p1|Corviknight, L50, M|\n|poke|p1|Excadrill, L50, F|\n|poke|p1|Sinistcha-Masterpiece, L50|\n|poke|p1|Incineroar, L50, M|\n|poke|p1|Manectric, L50, F|\n|poke|p2|Kommo-o, L50, F|\n|poke|p2|Gengar, L50, F|\n|poke|p2|Tyranitar, L50, F|\n|poke|p2|Incineroar, L50, F|\n|poke|p2|Sinistcha, L50|\n|poke|p2|Excadrill, L50, F|\n|teampreview|4\n|inactive|Battle timer is ON: inactive players will automatically lose when time's up. (requested by brojonski)\n|inactive|mojiea has 60 seconds left.\n|inactive|brojonski has 60 seconds left.\n|\n|t:|1776584095\n|teamsize|p1|4\n|teamsize|p2|4\n|start\n|switch|p1a: Manectric|Manectric, L50, F|100/100\n|switch|p1b: Corviknight|Corviknight, L50, M|100/100\n|switch|p2a: Kommo-o|Kommo-o, L50, F|100/100\n|switch|p2b: Incineroar|Incineroar, L50, F|100/100\n|-ability|p2b: Incineroar|Intimidate|boost\n|-unboost|p1a: Manectric|atk|1\n|-ability|p1b: Corviknight|Mirror Armor\n|-unboost|p2b: Incineroar|atk|1\n|turn|1\n|\n|t:|1776584112\n|detailschange|p1a: Manectric|Manectric-Mega, L50, F\n|-mega|p1a: Manectric|Manectric|Manectite\n|-ability|p1a: Manectric|Intimidate|boost\n|-unboost|p2a: Kommo-o|atk|1\n|-unboost|p2b: Incineroar|atk|1\n|move|p2b: Incineroar|Fake Out|p1a: Manectric\n|-damage|p1a: Manectric|92/100\n|cant|p1a: Manectric|flinch\n|move|p2a: Kommo-o|Clangorous Soul|p2a: Kommo-o\n|-boost|p2a: Kommo-o|atk|1\n|-boost|p2a: Kommo-o|def|1\n|-boost|p2a: Kommo-o|spa|1\n|-boost|p2a: Kommo-o|spd|1\n|-boost|p2a: Kommo-o|spe|1\n|-damage|p2a: Kommo-o|68/100\n|move|p1b: Corviknight|Bulk Up|p1b: Corviknight\n|-boost|p1b: Corviknight|atk|1\n|-boost|p1b: Corviknight|def|1\n|\n|-heal|p2a: Kommo-o|73/100|[from] item: Leftovers\n|upkeep\n|turn|2\n|inactive|mojiea has 30 seconds left.\n|inactive|mojiea has 20 seconds left.\n|inactive|mojiea has 15 seconds left.\n|inactive|mojiea has 10 seconds left.\n|\n|t:|1776584159\n|switch|p2b: Sinistcha|Sinistcha, L50|100/100\n|-heal|p2a: Kommo-o|98/100|[from] ability: Hospitality|[of] p2b: Sinistcha\n|move|p1a: Manectric|Thunder Wave|p2a: Kommo-o\n|-status|p2a: Kommo-o|par\n|move|p2a: Kommo-o|Clanging Scales|p1a: Manectric|[spread] p1a,p1b\n|-resisted|p1b: Corviknight|1\n|-damage|p1a: Manectric|10/100\n|-damage|p1b: Corviknight|72/100\n|-unboost|p2a: Kommo-o|def|1\n|move|p1b: Corviknight|Bulk Up|p1b: Corviknight\n|-boost|p1b: Corviknight|atk|1\n|-boost|p1b: Corviknight|def|1\n|\n|-heal|p2a: Kommo-o|100/100 par|[from] item: Leftovers\n|-heal|p1b: Corviknight|79/100|[from] item: Leftovers\n|upkeep\n|turn|3\n|inactive|mojiea has 30 seconds left.\n|inactive|brojonski has 30 seconds left.\n|\n|t:|1776584190\n|move|p1a: Manectric|Volt Switch|p2a: Kommo-o\n|-resisted|p2a: Kommo-o|1\n|-damage|p2a: Kommo-o|86/100 par\n|\n|t:|1776584193\n|switch|p1a: Sinistcha|Sinistcha-Masterpiece, L50|100/100|[from] Volt Switch\n|-heal|p1b: Corviknight|100/100|[from] ability: Hospitality|[of] p1a: Sinistcha\n|move|p2a: Kommo-o|Aura Sphere|p1b: Corviknight\n|-damage|p1b: Corviknight|46/100\n|move|p2b: Sinistcha|Matcha Gotcha|p1b: Corviknight|[spread] p1a,p1b\n|-resisted|p1a: Sinistcha|1\n|-resisted|p1b: Corviknight|2\n|-damage|p1a: Sinistcha|90/100\n|-damage|p1b: Corviknight|41/100\n|-status|p1b: Corviknight|brn\n|move|p1b: Corviknight|Bulk Up|p1b: Corviknight\n|-boost|p1b: Corviknight|atk|1\n|-boost|p1b: Corviknight|def|1\n|\n|-heal|p2a: Kommo-o|91/100 par|[from] item: Leftovers\n|-heal|p1b: Corviknight|47/100 brn|[from] item: Leftovers\n|-damage|p1b: Corviknight|41/100 brn|[from] brn\n|upkeep\n|turn|4\n|inactive|mojiea has 30 seconds left.\n|\n|t:|1776584227\n|move|p2a: Kommo-o|Clangorous Soul|p2a: Kommo-o\n|-boost|p2a: Kommo-o|atk|1\n|-boost|p2a: Kommo-o|def|1\n|-boost|p2a: Kommo-o|spa|1\n|-boost|p2a: Kommo-o|spd|1\n|-boost|p2a: Kommo-o|spe|1\n|-damage|p2a: Kommo-o|59/100 par\n|move|p1a: Sinistcha|Life Dew|p1a: Sinistcha|[spread] p1a,p1b\n|-heal|p1a: Sinistcha|100/100\n|-heal|p1b: Corviknight|66/100 brn\n|move|p2b: Sinistcha|Life Dew||[still]|[spread] p2a,p2b\n|-heal|p2a: Kommo-o|84/100 par\n|-fail|p2b: Sinistcha|heal\n|move|p1b: Corviknight|Brave Bird|p2a: Kommo-o\n|-supereffective|p2a: Kommo-o|1\n|-damage|p2a: Kommo-o|27/100 par\n|-damage|p1b: Corviknight|50/100 brn|[from] Recoil\n|\n|-heal|p2a: Kommo-o|33/100 par|[from] item: Leftovers\n|-heal|p1b: Corviknight|57/100 brn|[from] item: Leftovers\n|-damage|p1b: Corviknight|50/100 brn|[from] brn\n|upkeep\n|turn|5\n|inactive|brojonski has 30 seconds left.\n|inactive|brojonski has 20 seconds left.\n|inactive|brojonski has 15 seconds left.\n|inactive|brojonski has 10 seconds left.\n|\n|t:|1776584272\n|move|p1a: Sinistcha|Rage Powder|p1a: Sinistcha\n|-singleturn|p1a: Sinistcha|move: Rage Powder\n|move|p2b: Sinistcha|Rage Powder|p2b: Sinistcha\n|-singleturn|p2b: Sinistcha|move: Rage Powder\n|move|p2a: Kommo-o|Clanging Scales|p1a: Sinistcha|[spread] p1a,p1b\n|-resisted|p1b: Corviknight|1\n|-damage|p1a: Sinistcha|33/100\n|-damage|p1b: Corviknight|17/100 brn\n|-enditem|p1a: Sinistcha|Sitrus Berry|[eat]\n|-heal|p1a: Sinistcha|57/100|[from] item: Sitrus Berry\n|-unboost|p2a: Kommo-o|def|1\n|move|p1b: Corviknight|Brave Bird|p2b: Sinistcha\n|-supereffective|p2b: Sinistcha|1\n|-damage|p2b: Sinistcha|16/100\n|-enditem|p2b: Sinistcha|Sitrus Berry|[eat]\n|-heal|p2b: Sinistcha|41/100|[from] item: Sitrus Berry\n|-damage|p1b: Corviknight|0 fnt|[from] Recoil\n|faint|p1b: Corviknight\n|\n|-heal|p2a: Kommo-o|39/100 par|[from] item: Leftovers\n|upkeep\n|\n|t:|1776584291\n|switch|p1b: Manectric|Manectric-Mega, L50, F|10/100\n|-ability|p1b: Manectric|Intimidate|boost\n|-unboost|p2a: Kommo-o|atk|1\n|-unboost|p2b: Sinistcha|atk|1\n|turn|6\n|inactive|mojiea has 30 seconds left.\n|\n|t:|1776584323\n|cant|p2a: Kommo-o|par\n|move|p1a: Sinistcha|Rage Powder|p1a: Sinistcha\n|-singleturn|p1a: Sinistcha|move: Rage Powder\n|move|p1b: Manectric|Volt Switch|p2a: Kommo-o\n|-resisted|p2a: Kommo-o|1\n|-damage|p2a: Kommo-o|29/100 par\n|\n|t:|1776584329\n|switch|p1b: Excadrill|Excadrill, L50, F|100/100|[from] Volt Switch\n|move|p2b: Sinistcha|Life Dew|p2b: Sinistcha|[spread] p2a,p2b\n|-heal|p2a: Kommo-o|54/100 par\n|-heal|p2b: Sinistcha|65/100\n|\n|-heal|p2a: Kommo-o|60/100 par|[from] item: Leftovers\n|upkeep\n|turn|7\n|\n|t:|1776584343\n|switch|p2b: Incineroar|Incineroar, L50, F|100/100\n|-ability|p2b: Incineroar|Intimidate|boost\n|-unboost|p1a: Sinistcha|atk|1\n|-unboost|p1b: Excadrill|atk|1\n|move|p1b: Excadrill|Earthquake|p2b: Incineroar|[spread] p1a,p2a,p2b\n|-resisted|p1a: Sinistcha|1\n|-supereffective|p2b: Incineroar|1\n|-damage|p1a: Sinistcha|45/100\n|-damage|p2a: Kommo-o|34/100 par\n|-damage|p2b: Incineroar|47/100\n|move|p2a: Kommo-o|Clanging Scales|p1b: Excadrill|[spread] p1a,p1b\n|-resisted|p1b: Excadrill|1\n|-damage|p1a: Sinistcha|0 fnt\n|-damage|p1b: Excadrill|48/100\n|faint|p1a: Sinistcha\n|-unboost|p2a: Kommo-o|def|1\n|\n|-heal|p2a: Kommo-o|40/100 par|[from] item: Leftovers\n|upkeep\n|\n|t:|1776584353\n|switch|p1a: Manectric|Manectric-Mega, L50, F|10/100\n|-ability|p1a: Manectric|Intimidate|boost\n|-unboost|p2a: Kommo-o|atk|1\n|-unboost|p2b: Incineroar|atk|1\n|turn|8\n|\n|t:|1776584370\n|move|p1a: Manectric|Protect|p1a: Manectric\n|-singleturn|p1a: Manectric|Protect\n|move|p2b: Incineroar|Fake Out|p1b: Excadrill\n|-resisted|p1b: Excadrill|1\n|-damage|p1b: Excadrill|42/100\n|cant|p1b: Excadrill|flinch\n|move|p2a: Kommo-o|Clanging Scales|p1a: Manectric|[spread] p1b\n|-activate|p1a: Manectric|move: Protect\n|-resisted|p1b: Excadrill|1\n|-damage|p1b: Excadrill|0 fnt\n|faint|p1b: Excadrill\n|-unboost|p2a: Kommo-o|def|1\n|\n|-heal|p2a: Kommo-o|46/100 par|[from] item: Leftovers\n|upkeep\n|turn|9\n|-message|mojiea forfeited.\n|\n|win|brojonski\n|raw|mojiea's rating: 1314 &rarr; <strong>1292</strong><br />(-22 for losing)\n|raw|brojonski's rating: 1280 &rarr; <strong>1307</strong><br />(+27 for winning)\n|l|\u2606mojiea\n|player|p1|\n",
  "uploadtime": 1776584388,
  "views": 15,
  "formatid": "gen9championsvgc2026regma",
  "rating": 1292,
  "private": 0,
  "password": null
}