{
  "id": "gen9championsvgc2026regma-2582808913",
  "format": "[Gen 9 Champions] VGC 2026 Reg M-A",
  "players": [
    "Dakotaplays1",
    "coberdt"
  ],
  "log": "|j|\u2606Dakotaplays1\n|j|\u2606coberdt\n|t:|1776115722\n|gametype|doubles\n|player|p1|Dakotaplays1|silver|1104\n|player|p2|coberdt|roxie|1108\n|gen|9\n|tier|[Gen 9 Champions] VGC 2026 Reg M-A\n|rated|\n|rule|Species Clause: Limit one of each Pok\u00e9mon\n|rule|Item Clause: Limit 1 of each item\n|clearpoke\n|poke|p1|Froslass, L50, F|\n|poke|p1|Rotom-Frost, L50|\n|poke|p1|Garchomp, L50, F|\n|poke|p1|Empoleon, L50, M|\n|poke|p1|Incineroar, L50, F|\n|poke|p1|Kingambit, L50, M|\n|poke|p2|Pelipper, L50, M|\n|poke|p2|Archaludon, L50, M|\n|poke|p2|Basculegion, L50, M|\n|poke|p2|Sinistcha, L50|\n|poke|p2|Sneasler, L50, M|\n|poke|p2|Floette-Eternal, L50, F|\n|teampreview|4\ncoberdt has agreed to open team sheets.\n|inactive|Battle timer is ON: inactive players will automatically lose when time's up. (requested by coberdt)\n|\n|t:|1776115748\n|teamsize|p1|4\n|teamsize|p2|4\n|start\n|switch|p1a: Empoleon|Empoleon, L50, M|100/100\n|switch|p1b: Rotom|Rotom-Frost, L50|100/100\n|switch|p2a: Sneasler|Sneasler, L50, M|100/100\n|switch|p2b: Basculegion|Basculegion, L50, M|100/100\n|-ability|p2a: Sneasler|Pressure\n|turn|1\n|\n|t:|1776115769\n|move|p2a: Sneasler|Fake Out|p1b: Rotom\n|-damage|p1b: Rotom|81/100\n|cant|p1b: Rotom|flinch\n|move|p2b: Basculegion|Wave Crash|p1b: Rotom\n|-damage|p1b: Rotom|0 fnt\n|faint|p1b: Rotom\n|-damage|p2b: Basculegion|83/100|[from] Recoil\n|move|p1a: Empoleon|Water Pulse|p2a: Sneasler\n|-damage|p2a: Sneasler|58/100\n|\n|upkeep\n|\n|t:|1776115781\n|switch|p1b: Garchomp|Garchomp, L50, F|100/100\n|turn|2\n|\n|t:|1776115789\n|switch|p2b: Pelipper|Pelipper, L50, M|100/100\n|-weather|RainDance|[from] ability: Drizzle|[of] p2b: Pelipper\n|move|p1a: Empoleon|Protect|p1a: Empoleon\n|-singleturn|p1a: Empoleon|Protect\n|move|p2a: Sneasler|Close Combat|p1a: Empoleon\n|-activate|p1a: Empoleon|move: Protect\n|move|p1b: Garchomp|Earthquake|p2a: Sneasler|[spread] p2a\n|-activate|p1a: Empoleon|move: Protect\n|-immune|p2b: Pelipper\n|-supereffective|p2a: Sneasler|1\n|-crit|p2a: Sneasler\n|-damage|p2a: Sneasler|0 fnt\n|faint|p2a: Sneasler\n|\n|-weather|RainDance|[upkeep]\n|upkeep\n|\n|t:|1776115801\n|switch|p2a: Floette|Floette-Eternal, L50, F|100/100\n|turn|3\n|inactive|Dakotaplays1 has 30 seconds left.\n|\n|t:|1776115831\n|move|p2a: Floette|Protect|p2a: Floette\n|-singleturn|p2a: Floette|Protect\n|move|p1b: Garchomp|Rock Slide|p2b: Pelipper|[spread] p2b\n|-activate|p2a: Floette|move: Protect\n|-supereffective|p2b: Pelipper|1\n|-damage|p2b: Pelipper|46/100\n|cant|p2b: Pelipper|flinch\n|move|p1a: Empoleon|Flash Cannon|p2a: Floette\n|-activate|p2a: Floette|move: Protect\n|\n|-weather|RainDance|[upkeep]\n|upkeep\n|turn|4\n|\n|t:|1776115849\n|detailschange|p2a: Floette|Floette-Mega, L50, F\n|-mega|p2a: Floette|Floette|Floettite\n|-ability|p2a: Floette|Fairy Aura\n|move|p2b: Pelipper|Wide Guard|p2b: Pelipper\n|-singleturn|p2b: Pelipper|Wide Guard\n|move|p1b: Garchomp|Rock Slide|p2b: Pelipper|[spread] \n|-activate|p2a: Floette|move: Wide Guard\n|-activate|p2b: Pelipper|move: Wide Guard\n|move|p2a: Floette|Dazzling Gleam|p1b: Garchomp|[spread] p1a,p1b\n|-resisted|p1a: Empoleon|1\n|-supereffective|p1b: Garchomp|1\n|-damage|p1a: Empoleon|80/100\n|-damage|p1b: Garchomp|0 fnt\n|faint|p1b: Garchomp\n|move|p1a: Empoleon|Flash Cannon|p2a: Floette\n|-supereffective|p2a: Floette|1\n|-damage|p2a: Floette|43/100\n|\n|-weather|RainDance|[upkeep]\n|-heal|p1a: Empoleon|86/100|[from] item: Leftovers\n|upkeep\n|\n|t:|1776115866\n|switch|p1b: Froslass|Froslass, L50, F|100/100\n|turn|5\n|\n|t:|1776115877\n|detailschange|p1b: Froslass|Froslass-Mega, L50, F\n|-mega|p1b: Froslass|Froslass|Froslassite\n|-weather|Snowscape|[from] ability: Snow Warning|[of] p1b: Froslass\n|move|p2a: Floette|Protect|p2a: Floette\n|-singleturn|p2a: Floette|Protect\n|move|p1b: Froslass|Shadow Ball|p2b: Pelipper\n|-damage|p2b: Pelipper|0 fnt\n|faint|p2b: Pelipper\n|move|p1a: Empoleon|Flash Cannon|p2a: Floette\n|-activate|p2a: Floette|move: Protect\n|\n|-weather|Snowscape|[upkeep]\n|-heal|p1a: Empoleon|92/100|[from] item: Leftovers\n|upkeep\n|\n|t:|1776115886\n|switch|p2b: Basculegion|Basculegion, L50, M|83/100\n|turn|6\n|\n|t:|1776115895\n|move|p2b: Basculegion|Last Respects|p1b: Froslass\n|-supereffective|p1b: Froslass|1\n|-damage|p1b: Froslass|0 fnt\n|faint|p1b: Froslass\n|move|p2a: Floette|Moonblast|p1a: Empoleon\n|-resisted|p1a: Empoleon|1\n|-damage|p1a: Empoleon|58/100\n|move|p1a: Empoleon|Flash Cannon|p2a: Floette\n|-supereffective|p2a: Floette|1\n|-damage|p2a: Floette|0 fnt\n|faint|p2a: Floette\n|\n|-weather|Snowscape|[upkeep]\n|-heal|p1a: Empoleon|63/100|[from] item: Leftovers\n|upkeep\n|turn|7\n|\n|t:|1776115913\n|move|p2b: Basculegion|Last Respects|p1a: Empoleon\n|-damage|p1a: Empoleon|0 fnt\n|faint|p1a: Empoleon\n|\n|win|coberdt\n|raw|Dakotaplays1's rating: 1104 &rarr; <strong>1079</strong><br />(-25 for losing)\n|raw|coberdt's rating: 1108 &rarr; <strong>1133</strong><br />(+25 for winning)\n",
  "uploadtime": 1776115916,
  "views": 19,
  "formatid": "gen9championsvgc2026regma",
  "rating": 1079,
  "private": 0,
  "password": null
}