{
  "id": "gen9championsvgc2026regma-2580954812",
  "format": "[Gen 9 Champions] VGC 2026 Reg M-A",
  "players": [
    "TheCluelessEngi",
    "pengu"
  ],
  "log": "|j|\u2606TheCluelessEngi\n|j|\u2606pengu\n|html|<table width=\"100%\"><tr><td align=\"left\">TheCluelessEngi</td><td align=\"right\">pengu</tr><tr><td align=\"left\"><i class=\"fa fa-circle-o\"></i> <i class=\"fa fa-circle-o\"></i> </td><td align=\"right\"><i class=\"fa fa-circle-o\"></i> <i class=\"fa fa-circle-o\"></i> </tr></table>\n|uhtml|bestof|<h2><strong>Game 1</strong> of <a href=\"/game-bestof3-gen9championsvgc2026regma-2580954811\">a best-of-3</a></h2>\n|t:|1775946390\n|gametype|doubles\n|player|p1|TheCluelessEngi|ingo|\n|player|p2|pengu|rosa-masters|\n|gen|9\n|tier|[Gen 9 Champions] VGC 2026 Reg M-A\n|rated|Tournament battle\n|rule|Species Clause: Limit one of each Pok\u00e9mon\n|rule|Item Clause: Limit 1 of each item\n|raw|<div class=\"infobox\"><details class=\"readmore\" open><summary><strong>2 custom rules:</strong></summary> Force Open Team Sheets, Best of = 3</details></div>\n|clearpoke\n|poke|p1|Froslass, L50, F|\n|poke|p1|Sneasler, L50, M|\n|poke|p1|Incineroar, L50, M|\n|poke|p1|Kingambit, L50, F|\n|poke|p1|Rotom-Wash, L50|\n|poke|p1|Sinistcha, L50|\n|poke|p2|Delphox, L50, M|\n|poke|p2|Floette-Eternal, L50, F|\n|poke|p2|Maushold, L50|\n|poke|p2|Aerodactyl, L50, M|\n|poke|p2|Sneasler, L50, F|\n|poke|p2|Garchomp, L50, F|\n|teampreview|4\n|showteam|p1|Froslass||Froslassite|SnowCloak|Blizzard,AuroraVeil,ShadowBall,Protect|||F|||50|]Sneasler||WhiteHerb|Unburden|DireClaw,Acrobatics,CloseCombat,FakeOut|||M|||50|]Incineroar||SitrusBerry|Intimidate|FlareBlitz,FakeOut,DarkestLariat,PartingShot|||M|||50|]Kingambit||BlackGlasses|Defiant|KowtowCleave,IronHead,SuckerPunch,Protect|||F|||50|]Rotom-Wash||Magnet|Levitate|HydroPump,Thunderbolt,VoltSwitch,Protect||||||50|]Sinistcha||Leftovers|Hospitality|MatchaGotcha,RagePowder,LifeDew,TrickRoom||||||50|\n|showteam|p2|Delphox||Delphoxite|Blaze|HeatWave,Psychic,NastyPlot,Protect|||M|||50|]Floette-Eternal||Floettite|FlowerVeil|Moonblast,DazzlingGleam,CalmMind,Protect|||F|||50|]Maushold||ChopleBerry|FriendGuard|SuperFang,Taunt,FollowMe,Protect||||||50|]Aerodactyl||FocusSash|Unnerve|DualWingbeat,RockSlide,Tailwind,Protect|||M|||50|]Sneasler||WhiteHerb|Unburden|FakeOut,CloseCombat,DireClaw,Protect|||F|||50|]Garchomp||SoftSand|RoughSkin|Earthquake,StompingTantrum,DragonClaw,Protect|||F|||50|\n|inactive|Battle timer is ON: inactive players will automatically lose when time's up. (requested by TheCluelessEngi)\n|inactive|pengu also wants the timer to be on.\n|c|\u2606pengu|hf\n|c|\u2606TheCluelessEngi|glhf\n|inactive|TheCluelessEngi has 60 seconds left.\n|inactive|pengu has 60 seconds left.\n|\n|t:|1775946442\n|teamsize|p1|4\n|teamsize|p2|4\n|start\n|switch|p1a: Froslass|Froslass, L50, F, shiny|100/100\n|switch|p1b: Incineroar|Incineroar, L50, M|100/100\n|switch|p2a: Aerodactyl|Aerodactyl, L50, M|100/100\n|switch|p2b: Delphox|Delphox, L50, M|100/100\n|-ability|p2a: Aerodactyl|Unnerve\n|-ability|p1b: Incineroar|Intimidate|boost\n|-unboost|p2a: Aerodactyl|atk|1\n|-unboost|p2b: Delphox|atk|1\n|turn|1\n|\n|t:|1775946458\n|detailschange|p2b: Delphox|Delphox-Mega, L50, M\n|-mega|p2b: Delphox|Delphox|Delphoxite\n|move|p1a: Froslass|Protect|p1a: Froslass\n|-singleturn|p1a: Froslass|Protect\n|move|p2b: Delphox|Heat Wave|p1a: Froslass|[spread] p1b\n|-activate|p1a: Froslass|move: Protect\n|-resisted|p1b: Incineroar|1\n|-damage|p1b: Incineroar|84/100\n|move|p2a: Aerodactyl|Rock Slide|p1a: Froslass|[spread] p1b\n|-activate|p1a: Froslass|move: Protect\n|-supereffective|p1b: Incineroar|1\n|-damage|p1b: Incineroar|53/100\n|cant|p1b: Incineroar|flinch\n|\n|upkeep\n|turn|2\n|c|\u2606pengu|mb\n|inactive|TheCluelessEngi has 30 seconds left.\n|\n|t:|1775946490\n|switch|p2b: Sneasler|Sneasler, L50, F|100/100\n|detailschange|p1a: Froslass|Froslass-Mega, L50, F, shiny\n|-mega|p1a: Froslass|Froslass|Froslassite\n|-weather|Snowscape|[from] ability: Snow Warning|[of] p1a: Froslass\n|move|p2a: Aerodactyl|Rock Slide|p1b: Incineroar|[spread] p1a,p1b\n|-supereffective|p1a: Froslass|1\n|-supereffective|p1b: Incineroar|1\n|-damage|p1a: Froslass|65/100\n|-damage|p1b: Incineroar|23/100\n|move|p1a: Froslass|Aurora Veil|p1a: Froslass\n|-sidestart|p1: TheCluelessEngi|move: Aurora Veil\n|move|p1b: Incineroar|Darkest Lariat|p2b: Sneasler\n|-resisted|p2b: Sneasler|1\n|-damage|p2b: Sneasler|72/100\n|\n|-weather|Snowscape|[upkeep]\n|upkeep\n|turn|3\n|\n|t:|1775946511\n|move|p2a: Aerodactyl|Tailwind|p2a: Aerodactyl\n|-sidestart|p2: pengu|move: Tailwind\n|move|p2b: Sneasler|Close Combat|p1b: Incineroar\n|-supereffective|p1b: Incineroar|1\n|-damage|p1b: Incineroar|0 fnt\n|-unboost|p2b: Sneasler|def|1\n|-unboost|p2b: Sneasler|spd|1\n|faint|p1b: Incineroar\n|-enditem|p2b: Sneasler|White Herb\n|-clearnegativeboost|p2b: Sneasler|[silent]\n|move|p1a: Froslass|Blizzard|p2b: Sneasler|[spread] p2a,p2b\n|-supereffective|p2a: Aerodactyl|1\n|-enditem|p2a: Aerodactyl|Focus Sash\n|-damage|p2a: Aerodactyl|1/100\n|-damage|p2b: Sneasler|14/100\n|\n|-weather|Snowscape|[upkeep]\n|upkeep\n|\n|t:|1775946530\n|switch|p1b: Kingambit|Kingambit, L50, F|100/100\n|turn|4\n|\n|t:|1775946547\n|move|p1b: Kingambit|Protect|p1b: Kingambit\n|-singleturn|p1b: Kingambit|Protect\n|move|p2b: Sneasler|Close Combat|p1b: Kingambit\n|-activate|p1b: Kingambit|move: Protect\n|move|p2a: Aerodactyl|Rock Slide|p1a: Froslass|[spread] p1a\n|-activate|p1b: Kingambit|move: Protect\n|-supereffective|p1a: Froslass|1\n|-damage|p1a: Froslass|42/100\n|move|p1a: Froslass|Blizzard|p2a: Aerodactyl|[spread] p2a,p2b\n|-supereffective|p2a: Aerodactyl|1\n|-damage|p2a: Aerodactyl|0 fnt\n|-damage|p2b: Sneasler|0 fnt\n|faint|p2a: Aerodactyl\n|faint|p2b: Sneasler\n|\n|-weather|Snowscape|[upkeep]\n|upkeep\n|\n|t:|1775946551\n|switch|p2a: Delphox|Delphox-Mega, L50, M|100/100\n|switch|p2b: Maushold|Maushold, L50|100/100\n|turn|5\n|\n|t:|1775946573\n|move|p1a: Froslass|Protect|p1a: Froslass\n|-singleturn|p1a: Froslass|Protect\n|move|p2b: Maushold|Follow Me|p2b: Maushold\n|-singleturn|p2b: Maushold|move: Follow Me\n|move|p1b: Kingambit|Sucker Punch||[still]\n|-fail|p1b: Kingambit\n|move|p2a: Delphox|Heat Wave|p1a: Froslass|[spread] p1b\n|-activate|p1a: Froslass|move: Protect\n|-supereffective|p1b: Kingambit|1\n|-damage|p1b: Kingambit|54/100\n|\n|-weather|Snowscape|[upkeep]\n|upkeep\n|turn|6\n|\n|t:|1775946597\n|switch|p1a: Sneasler|Sneasler, L50, M|100/100\n|move|p2b: Maushold|Follow Me|p2b: Maushold\n|-singleturn|p2b: Maushold|move: Follow Me\n|move|p2a: Delphox|Heat Wave|p1a: Sneasler|[spread] p1a,p1b\n|-supereffective|p1b: Kingambit|1\n|-damage|p1a: Sneasler|68/100\n|-damage|p1b: Kingambit|5/100\n|move|p1b: Kingambit|Kowtow Cleave|p2b: Maushold\n|-damage|p2b: Maushold|39/100\n|\n|-weather|none\n|-sideend|p2: pengu|move: Tailwind\n|-sideend|p1: TheCluelessEngi|move: Aurora Veil\n|upkeep\n|turn|7\n|\n|t:|1775946615\n|move|p2a: Delphox|Protect|p2a: Delphox\n|-singleturn|p2a: Delphox|Protect\n|move|p2b: Maushold|Protect|p2b: Maushold\n|-singleturn|p2b: Maushold|Protect\n|move|p1b: Kingambit|Sucker Punch||[still]\n|-fail|p1b: Kingambit\n|move|p1a: Sneasler|Close Combat|p2b: Maushold\n|-activate|p2b: Maushold|move: Protect\n|\n|upkeep\n|turn|8\n|inactive|pengu has 30 seconds left.\n|inactive|pengu has 20 seconds left.\n|\n|t:|1775946652\n|move|p1b: Kingambit|Protect|p1b: Kingambit\n|-singleturn|p1b: Kingambit|Protect\n|move|p2b: Maushold|Follow Me|p2b: Maushold\n|-singleturn|p2b: Maushold|move: Follow Me\n|move|p2a: Delphox|Psychic|p1a: Sneasler\n|-supereffective|p1a: Sneasler|2\n|-damage|p1a: Sneasler|0 fnt\n|faint|p1a: Sneasler\n|\n|upkeep\n|\n|t:|1775946660\n|switch|p1a: Froslass|Froslass-Mega, L50, F, shiny|42/100\n|-weather|Snowscape|[from] ability: Snow Warning|[of] p1a: Froslass\n|turn|9\n|\n|t:|1775946671\n|move|p2b: Maushold|Follow Me|p2b: Maushold\n|-singleturn|p2b: Maushold|move: Follow Me\n|move|p1b: Kingambit|Sucker Punch||[still]\n|-fail|p1b: Kingambit\n|move|p2a: Delphox|Heat Wave|p1b: Kingambit|[spread] p1a,p1b\n|-supereffective|p1a: Froslass|1\n|-supereffective|p1b: Kingambit|1\n|-damage|p1a: Froslass|0 fnt\n|-damage|p1b: Kingambit|0 fnt\n|faint|p1a: Froslass\n|faint|p1b: Kingambit\n|\n|win|pengu\n||pengu is ready for game 2.\n||TheCluelessEngi is ready for game 2.\n|uhtml|next|Next: <a href=\"/battle-gen9championsvgc2026regma-2580958100\"><strong>Game 2 of 3</strong></a>\n|l|\u2606TheCluelessEngi\n|player|p1|\n|l|\u2606pengu\n|player|p2|\n|j|\u2606TheCluelessEngi\n|player|p1|TheCluelessEngi|ingo|\n",
  "uploadtime": 1775946935,
  "views": 19,
  "formatid": "gen9championsvgc2026regma",
  "rating": null,
  "private": 0,
  "password": null
}