{
  "id": "gen9championsvgc2026regma-2588005809",
  "format": "[Gen 9 Champions] VGC 2026 Reg M-A",
  "players": [
    "Bhaveesh2003",
    "chi3fross"
  ],
  "log": "|j|\u2606Bhaveesh2003\n|j|\u2606chi3fross\n|t:|1776591848\n|gametype|doubles\n|player|p1|Bhaveesh2003|102|1198\n|player|p2|chi3fross|wallace-gen6|1134\n|gen|9\n|tier|[Gen 9 Champions] VGC 2026 Reg M-A\n|rated|\n|rule|Species Clause: Limit one of each Pok\u00e9mon\n|rule|Item Clause: Limit 1 of each item\n|clearpoke\n|poke|p1|Charizard, L50, F|\n|poke|p1|Venusaur, L50, M|\n|poke|p1|Gardevoir, L50, F|\n|poke|p1|Milotic, L50, M|\n|poke|p1|Garchomp, L50, F|\n|poke|p1|Incineroar, L50, F|\n|poke|p2|Sableye, L50, M|\n|poke|p2|Politoed, L50, M|\n|poke|p2|Scizor, L50, F|\n|poke|p2|Dragonite, L50, M|\n|poke|p2|Basculegion-F, L50, F|\n|poke|p2|Manectric, L50, M|\n|teampreview|4\n|inactive|Battle timer is ON: inactive players will automatically lose when time's up. (requested by Bhaveesh2003)\n|inactive|Bhaveesh2003 has 60 seconds left.\n|\n|t:|1776591899\n|teamsize|p1|4\n|teamsize|p2|4\n|start\n|switch|p1a: Incineroar|Incineroar, L50, F|100/100\n|switch|p1b: Gardevoir|Gardevoir, L50, F|100/100\n|switch|p2a: Sableye|Sableye, L50, M|100/100\n|switch|p2b: Basculegion|Basculegion-F, L50, F|100/100\n|-ability|p1a: Incineroar|Intimidate|boost\n|-unboost|p2a: Sableye|atk|1\n|-unboost|p2b: Basculegion|atk|1\n|turn|1\n|\n|t:|1776591921\n|switch|p2a: Politoed|Politoed, L50, M|100/100\n|-weather|RainDance|[from] ability: Drizzle|[of] p2a: Politoed\n|move|p1b: Gardevoir|Moonblast|p2a: Politoed\n|-damage|p2a: Politoed|60/100\n|move|p2b: Basculegion|Muddy Water|p1b: Gardevoir|[spread] p1a,p1b\n|-supereffective|p1a: Incineroar|1\n|-damage|p1a: Incineroar|0 fnt\n|-damage|p1b: Gardevoir|40/100\n|faint|p1a: Incineroar\n|\n|-weather|RainDance|[upkeep]\n|-heal|p2a: Politoed|66/100|[from] item: Leftovers\n|upkeep\n|\n|t:|1776591932\n|switch|p1a: Venusaur|Venusaur, L50, M|100/100\n|turn|2\n|\n|t:|1776591952\n|move|p2a: Politoed|Protect|p2a: Politoed\n|-singleturn|p2a: Politoed|Protect\n|move|p1b: Gardevoir|Moonblast|p2b: Basculegion\n|-damage|p2b: Basculegion|48/100\n|move|p2b: Basculegion|Muddy Water|p1a: Venusaur|[spread] p1a,p1b\n|-resisted|p1a: Venusaur|1\n|-damage|p1a: Venusaur|68/100\n|-damage|p1b: Gardevoir|0 fnt\n|faint|p1b: Gardevoir\n|move|p1a: Venusaur|Leaf Storm|p2a: Politoed\n|-activate|p2a: Politoed|move: Protect\n|\n|-weather|RainDance|[upkeep]\n|-heal|p2a: Politoed|72/100|[from] item: Leftovers\n|upkeep\n|\n|t:|1776591960\n|switch|p1b: Charizard|Charizard, L50, F|100/100\n|turn|3\n|\n|t:|1776591971\n|move|p2a: Politoed|Helping Hand|p2b: Basculegion\n|-singleturn|p2b: Basculegion|Helping Hand|[of] p2a: Politoed\n|move|p1b: Charizard|Protect|p1b: Charizard\n|-singleturn|p1b: Charizard|Protect\n|move|p2b: Basculegion|Muddy Water|p1a: Venusaur|[spread] p1a\n|-activate|p1b: Charizard|move: Protect\n|-resisted|p1a: Venusaur|1\n|-damage|p1a: Venusaur|17/100\n|move|p1a: Venusaur|Sleep Powder|p2b: Basculegion\n|-status|p2b: Basculegion|slp|[from] move: Sleep Powder\n|\n|-weather|RainDance|[upkeep]\n|-heal|p2a: Politoed|79/100|[from] item: Leftovers\n|upkeep\n|turn|4\n|\n|t:|1776591996\n|switch|p2a: Sableye|Sableye, L50, M|100/100\n|detailschange|p1b: Charizard|Charizard-Mega-Y, L50, F\n|-mega|p1b: Charizard|Charizard|Charizardite Y\n|-weather|SunnyDay|[from] ability: Drought|[of] p1b: Charizard\n|move|p1a: Venusaur|Leaf Storm|p2a: Sableye\n|-damage|p2a: Sableye|11/100\n|-unboost|p1a: Venusaur|spa|2\n|-enditem|p2a: Sableye|Sitrus Berry|[eat]\n|-heal|p2a: Sableye|36/100|[from] item: Sitrus Berry\n|cant|p2b: Basculegion|slp\n|move|p1b: Charizard|Solar Beam||[still]\n|-prepare|p1b: Charizard|Solar Beam\n|-anim|p1b: Charizard|Solar Beam|p2b: Basculegion\n|-supereffective|p2b: Basculegion|1\n|-damage|p2b: Basculegion|0 fnt\n|faint|p2b: Basculegion\n|\n|-weather|SunnyDay|[upkeep]\n|upkeep\n|\n|t:|1776592014\n|switch|p2b: Politoed|Politoed, L50, M|79/100\n|-weather|RainDance|[from] ability: Drizzle|[of] p2b: Politoed\n|turn|5\n|\n|t:|1776592024\n|move|p1b: Charizard|Protect|p1b: Charizard\n|-singleturn|p1b: Charizard|Protect\n|move|p1a: Venusaur|Protect|p1a: Venusaur\n|-singleturn|p1a: Venusaur|Protect\n|move|p2a: Sableye|Fake Out|p1b: Charizard\n|-activate|p1b: Charizard|move: Protect\n|move|p2b: Politoed|Perish Song|p2b: Politoed\n|-start|p1a: Venusaur|perish3|[silent]\n|-start|p1b: Charizard|perish3|[silent]\n|-start|p2a: Sableye|perish3|[silent]\n|-start|p2b: Politoed|perish3|[silent]\n|-fieldactivate|move: Perish Song\n|\n|-weather|RainDance|[upkeep]\n|-heal|p2b: Politoed|85/100|[from] item: Leftovers\n|-start|p1b: Charizard|perish3\n|-start|p1a: Venusaur|perish3\n|-start|p2b: Politoed|perish3\n|-start|p2a: Sableye|perish3\n|upkeep\n|turn|6\n|\n|t:|1776592044\n|move|p2a: Sableye|Encore|p1b: Charizard\n|-start|p1b: Charizard|Encore\n|move|p1b: Charizard|Protect|p1b: Charizard\n|-singleturn|p1b: Charizard|Protect\n|move|p1a: Venusaur|Leaf Storm|p2b: Politoed\n|-supereffective|p2b: Politoed|1\n|-damage|p2b: Politoed|36/100\n|-unboost|p1a: Venusaur|spa|2\n|move|p2b: Politoed|Chilling Water|p1a: Venusaur\n|-resisted|p1a: Venusaur|1\n|-damage|p1a: Venusaur|2/100\n|-unboost|p1a: Venusaur|atk|1\n|\n|-weather|RainDance|[upkeep]\n|-heal|p2b: Politoed|42/100|[from] item: Leftovers\n|-start|p1b: Charizard|perish2\n|-start|p1a: Venusaur|perish2\n|-start|p2b: Politoed|perish2\n|-start|p2a: Sableye|perish2\n|upkeep\n|turn|7\n|-message|Bhaveesh2003 forfeited.\n|\n|win|chi3fross\n|raw|Bhaveesh2003's rating: 1198 &rarr; <strong>1168</strong><br />(-30 for losing)\n|raw|chi3fross's rating: 1134 &rarr; <strong>1164</strong><br />(+30 for winning)\n|l|\u2606Bhaveesh2003\n|player|p1|\n",
  "uploadtime": 1776592067,
  "views": 26,
  "formatid": "gen9championsvgc2026regma",
  "rating": 1164,
  "private": 0,
  "password": null
}