{
  "id": "gen9championsvgc2026regma-2586472260",
  "format": "[Gen 9 Champions] VGC 2026 Reg M-A",
  "players": [
    "TGinge",
    "bgc0"
  ],
  "log": "|j|\u2606TGinge\n|j|\u2606bgc0\n|t:|1776437037\n|gametype|doubles\n|player|p1|TGinge|1|1296\n|player|p2|bgc0|2|1315\n|gen|9\n|tier|[Gen 9 Champions] VGC 2026 Reg M-A\n|rated|\n|rule|Species Clause: Limit one of each Pok\u00e9mon\n|rule|Item Clause: Limit 1 of each item\n|clearpoke\n|poke|p1|Chandelure, L50, M|\n|poke|p1|Archaludon, L50, F|\n|poke|p1|Whimsicott, L50, M|\n|poke|p1|Incineroar, L50, F|\n|poke|p1|Basculegion, L50, M|\n|poke|p1|Kingambit, L50, F|\n|poke|p2|Kangaskhan, L50, F|\n|poke|p2|Dragapult, L50, M|\n|poke|p2|Conkeldurr, L50, M|\n|poke|p2|Empoleon, L50, F|\n|poke|p2|Kingambit, L50, F|\n|poke|p2|Sneasler, L50, M|\n|teampreview|4\n|inactive|Battle timer is ON: inactive players will automatically lose when time's up. (requested by TGinge)\n|inactive|bgc0 has 60 seconds left.\n|\n|t:|1776437079\n|teamsize|p1|4\n|teamsize|p2|4\n|start\n|switch|p1a: Whimsicott|Whimsicott, L50, M|100/100\n|switch|p1b: Basculegion|Basculegion, L50, M|100/100\n|switch|p2a: Sneasler|Sneasler, L50, M|100/100\n|switch|p2b: Kingambit|Kingambit, L50, F|100/100\n|turn|1\n|inactive|TGinge has 30 seconds left.\n|inactive|TGinge has 20 seconds left.\n|inactive|TGinge has 15 seconds left.\n|inactive|TGinge has 10 seconds left.\n|\n|t:|1776437128\n|switch|p1a: Chandelure|Chandelure, L50, M|100/100\n|move|p2b: Kingambit|Sucker Punch|p1b: Basculegion\n|-supereffective|p1b: Basculegion|1\n|-damage|p1b: Basculegion|0 fnt\n|faint|p1b: Basculegion\n|move|p2a: Sneasler|Dire Claw|p1a: Chandelure\n|-resisted|p1a: Chandelure|1\n|-damage|p1a: Chandelure|77/100\n|\n|upkeep\n|\n|t:|1776437139\n|switch|p1b: Whimsicott|Whimsicott, L50, M|100/100\n|turn|2\n|\n|t:|1776437158\n|switch|p1a: Kingambit|Kingambit, L50, F|100/100\n|move|p1b: Whimsicott|Encore|p2a: Sneasler\n|-start|p2a: Sneasler|Encore\n|move|p2b: Kingambit|Sucker Punch||[still]\n|-fail|p2b: Kingambit\n|move|p2a: Sneasler|Dire Claw|p1a: Kingambit\n|-immune|p1a: Kingambit\n|\n|upkeep\n|turn|3\n|\n|t:|1776437182\n|move|p1b: Whimsicott|Tailwind|p1b: Whimsicott\n|-sidestart|p1: TGinge|move: Tailwind\n|move|p2a: Sneasler|Dire Claw|p1b: Whimsicott\n|-supereffective|p1b: Whimsicott|2\n|-enditem|p1b: Whimsicott|Focus Sash\n|-damage|p1b: Whimsicott|1/100\n|move|p1a: Kingambit|Low Kick|p2b: Kingambit\n|-supereffective|p2b: Kingambit|2\n|-enditem|p2b: Kingambit|Chople Berry|[eat]\n|-enditem|p2b: Kingambit|Chople Berry|[weaken]\n|-damage|p2b: Kingambit|35/100\n|move|p2b: Kingambit|Low Kick|p1a: Kingambit\n|-supereffective|p1a: Kingambit|2\n|-enditem|p1a: Kingambit|Chople Berry|[eat]\n|-enditem|p1a: Kingambit|Chople Berry|[weaken]\n|-damage|p1a: Kingambit|45/100\n|\n|upkeep\n|turn|4\n|inactive|TGinge has 30 seconds left.\n|inactive|bgc0 has 30 seconds left.\n|\n|t:|1776437210\n|switch|p1b: Chandelure|Chandelure, L50, M|77/100\n|move|p2a: Sneasler|Dire Claw|p1b: Chandelure\n|-resisted|p1b: Chandelure|1\n|-damage|p1b: Chandelure|55/100\n|move|p1a: Kingambit|Low Kick|p2b: Kingambit\n|-supereffective|p2b: Kingambit|2\n|-damage|p2b: Kingambit|0 fnt\n|faint|p2b: Kingambit\n|\n|-end|p2a: Sneasler|Encore\n|upkeep\n|l|\u2606bgc0\n|inactive|bgc0 disconnected and has a minute to reconnect!\n|player|p2|\n|inactive|bgc0 has 30 seconds left.\n|j|\u2606bgc0\n|inactive|bgc0 reconnected and has 30 seconds left.\n|player|p2|bgc0|2|\n|\n|t:|1776437241\n|switch|p2b: Kangaskhan|Kangaskhan, L50, F|100/100\n|turn|5\n|\n|t:|1776437264\n|switch|p1b: Whimsicott|Whimsicott, L50, M|1/100\n|move|p2b: Kangaskhan|Fake Out|p1b: Whimsicott\n|-damage|p1b: Whimsicott|0 fnt\n|faint|p1b: Whimsicott\n|move|p2a: Sneasler|Close Combat|p1a: Kingambit\n|-supereffective|p1a: Kingambit|2\n|-damage|p1a: Kingambit|0 fnt\n|-unboost|p2a: Sneasler|def|1\n|-unboost|p2a: Sneasler|spd|1\n|faint|p1a: Kingambit\n|\n|upkeep\n|\n|t:|1776437271\n|switch|p1b: Chandelure|Chandelure, L50, M|55/100\n|turn|6\n|\n|t:|1776437285\n|detailschange|p1b: Chandelure|Chandelure-Mega, L50, M\n|-mega|p1b: Chandelure|Chandelure|Chandelurite\n|detailschange|p2b: Kangaskhan|Kangaskhan-Mega, L50, F\n|-mega|p2b: Kangaskhan|Kangaskhan|Kangaskhanite\n|move|p1b: Chandelure|Heat Wave|p2b: Kangaskhan|[spread] p2a,p2b\n|-enditem|p2a: Sneasler|Focus Sash\n|-damage|p2a: Sneasler|1/100\n|-damage|p2b: Kangaskhan|59/100\n|-status|p2a: Sneasler|brn\n|move|p2a: Sneasler|Dire Claw|p1b: Chandelure\n|-resisted|p1b: Chandelure|1\n|-damage|p1b: Chandelure|44/100\n|move|p2b: Kangaskhan|Thunder Punch|p1b: Chandelure\n|-damage|p1b: Chandelure|16/100\n|-damage|p1b: Chandelure|10/100\n|-status|p1b: Chandelure|par\n|-hitcount|p1b: Chandelure|2\n|\n|-damage|p2a: Sneasler|0 fnt|[from] brn\n|faint|p2a: Sneasler\n|-sideend|p1: TGinge|move: Tailwind\n|upkeep\n|\n|t:|1776437301\n|switch|p2a: Empoleon|Empoleon, L50, F|100/100\n|turn|7\n|\n|t:|1776437312\n|move|p1b: Chandelure|Protect|p1b: Chandelure\n|-singleturn|p1b: Chandelure|Protect\n|move|p2b: Kangaskhan|Thunder Punch|p1b: Chandelure\n|-activate|p1b: Chandelure|move: Protect\n|move|p2a: Empoleon|Flash Cannon|p1b: Chandelure\n|-activate|p1b: Chandelure|move: Protect\n|\n|upkeep\n|turn|8\n|c|\u2606bgc0|Gg\n|\n|t:|1776437321\n|move|p2b: Kangaskhan|Thunder Punch|p1b: Chandelure\n|-damage|p1b: Chandelure|0 fnt\n|faint|p1b: Chandelure\n|-hitcount|p1: Chandelure|1\n|\n|win|bgc0\n|raw|TGinge's rating: 1296 &rarr; <strong>1272</strong><br />(-24 for losing)\n|raw|bgc0's rating: 1315 &rarr; <strong>1334</strong><br />(+19 for winning)\n",
  "uploadtime": 1776437323,
  "views": 32,
  "formatid": "gen9championsvgc2026regma",
  "rating": 1272,
  "private": 0,
  "password": null
}