{
  "id": "gen9championsvgc2026regma-2587976685",
  "format": "[Gen 9 Champions] VGC 2026 Reg M-A",
  "players": [
    "Keyan_Sans",
    "Lazoz40"
  ],
  "log": "|j|\u2606Keyan_Sans\n|j|\u2606Lazoz40\n|t:|1776587572\n|gametype|doubles\n|player|p1|Keyan_Sans|hugh|1256\n|player|p2|Lazoz40|swimmer|1293\n|gen|9\n|tier|[Gen 9 Champions] VGC 2026 Reg M-A\n|rated|\n|rule|Species Clause: Limit one of each Pok\u00e9mon\n|rule|Item Clause: Limit 1 of each item\n|clearpoke\n|poke|p1|Dragonite, L50, M|\n|poke|p1|Pelipper, L50, M|\n|poke|p1|Basculegion, L50, M|\n|poke|p1|Archaludon, L50, F|\n|poke|p1|Sneasler, L50, F|\n|poke|p1|Maushold-Four, L50|\n|poke|p2|Talonflame, L50, F|\n|poke|p2|Sneasler, L50, F|\n|poke|p2|Gardevoir, L50, F|\n|poke|p2|Garchomp, L50, M|\n|poke|p2|Basculegion, L50, M|\n|poke|p2|Milotic, L50, F|\n|teampreview|4\n|inactive|Battle timer is ON: inactive players will automatically lose when time's up. (requested by Lazoz40)\n|l|\u2606Keyan_Sans\n|inactive|Keyan_Sans disconnected and has a minute to reconnect!\n|player|p1|\n|j|\u2606Keyan_Sans\n|inactive|Keyan_Sans reconnected and has 80 seconds left.\n|player|p1|Keyan_Sans|hugh|\n|inactive|Keyan_Sans has 60 seconds left.\n|inactive|Lazoz40 has 60 seconds left.\n|\n|t:|1776587617\n|teamsize|p1|4\n|teamsize|p2|4\n|start\n|switch|p1a: Sneasler|Sneasler, L50, F|100/100\n|switch|p1b: Pelipper|Pelipper, L50, M|100/100\n|switch|p2a: Milotic|Milotic, L50, F|100/100\n|switch|p2b: Gardevoir|Gardevoir, L50, F|100/100\n|-ability|p2b: Gardevoir|Drizzle|Trace|[from] ability: Trace|[of] p1b: Pelipper\n|-weather|RainDance|[from] ability: Drizzle|[of] p2b: Gardevoir\n|turn|1\n|\n|t:|1776587633\n|detailschange|p2b: Gardevoir|Gardevoir-Mega, L50, F\n|-mega|p2b: Gardevoir|Gardevoir|Gardevoirite\n|move|p2b: Gardevoir|Protect|p2b: Gardevoir\n|-singleturn|p2b: Gardevoir|Protect\n|move|p1a: Sneasler|Fake Out|p2b: Gardevoir\n|-activate|p2b: Gardevoir|move: Protect\n|move|p2a: Milotic|Scald|p1a: Sneasler\n|-damage|p1a: Sneasler|27/100\n|move|p1b: Pelipper|Tailwind|p1b: Pelipper\n|-sidestart|p1: Keyan_Sans|move: Tailwind\n|\n|-weather|RainDance|[upkeep]\n|upkeep\n|turn|2\n|\n|t:|1776587650\n|switch|p1b: Dragonite|Dragonite, L50, M|100/100\n|switch|p2b: Basculegion|Basculegion, L50, M|100/100\n|move|p1a: Sneasler|Protect|p1a: Sneasler\n|-singleturn|p1a: Sneasler|Protect\n|move|p2a: Milotic|Scald|p1a: Sneasler\n|-activate|p1a: Sneasler|move: Protect\n|\n|-weather|RainDance|[upkeep]\n|upkeep\n|turn|3\n|\n|t:|1776587670\n|detailschange|p1b: Dragonite|Dragonite-Mega, L50, M\n|-mega|p1b: Dragonite|Dragonite|Dragoninite\n|move|p1a: Sneasler|Close Combat|p2a: Milotic\n|-damage|p2a: Milotic|41/100\n|-unboost|p1a: Sneasler|def|1\n|-unboost|p1a: Sneasler|spd|1\n|-enditem|p2a: Milotic|Sitrus Berry|[eat]\n|-heal|p2a: Milotic|66/100|[from] item: Sitrus Berry\n|-enditem|p1a: Sneasler|White Herb\n|-clearnegativeboost|p1a: Sneasler|[silent]\n|move|p1b: Dragonite|Thunder|p2b: Basculegion\n|-supereffective|p2b: Basculegion|1\n|-damage|p2b: Basculegion|10/100\n|move|p2b: Basculegion|Flip Turn|p1b: Dragonite\n|-resisted|p1b: Dragonite|1\n|-damage|p1b: Dragonite|85/100\n|\n|t:|1776587688\n|switch|p2b: Gardevoir|Gardevoir-Mega, L50, F|100/100|[from] Flip Turn\n|move|p2a: Milotic|Ice Beam|p1b: Dragonite\n|-supereffective|p1b: Dragonite|2\n|-damage|p1b: Dragonite|0 fnt\n|faint|p1b: Dragonite\n|\n|-weather|RainDance|[upkeep]\n|upkeep\n|\n|t:|1776587696\n|switch|p1b: Basculegion|Basculegion, L50, M|100/100\n|turn|4\n|inactive|Keyan_Sans has 30 seconds left.\n|\n|t:|1776587727\n|move|p2b: Gardevoir|Protect|p2b: Gardevoir\n|-singleturn|p2b: Gardevoir|Protect\n|move|p1a: Sneasler|Close Combat|p2a: Milotic\n|-damage|p2a: Milotic|0 fnt\n|-unboost|p1a: Sneasler|def|1\n|-unboost|p1a: Sneasler|spd|1\n|faint|p2a: Milotic\n|move|p1b: Basculegion|Last Respects|p2b: Gardevoir\n|-activate|p2b: Gardevoir|move: Protect\n|\n|-weather|RainDance|[upkeep]\n|-sideend|p1: Keyan_Sans|move: Tailwind\n|upkeep\n|\n|t:|1776587739\n|switch|p2a: Basculegion|Basculegion, L50, M|10/100\n|turn|5\n|\n|t:|1776587754\n|switch|p2b: Garchomp|Garchomp, L50, M|100/100\n|move|p1a: Sneasler|Protect|p1a: Sneasler\n|-singleturn|p1a: Sneasler|Protect\n|move|p1b: Basculegion|Aqua Jet|p2a: Basculegion\n|-resisted|p2a: Basculegion|1\n|-damage|p2a: Basculegion|0 fnt\n|faint|p2a: Basculegion\n|\n|-weather|none\n|upkeep\n|\n|t:|1776587763\n|switch|p2a: Gardevoir|Gardevoir-Mega, L50, F|100/100\n|turn|6\n|\n|t:|1776587776\n|switch|p1b: Pelipper|Pelipper, L50, M|100/100\n|-weather|RainDance|[from] ability: Drizzle|[of] p1b: Pelipper\n|move|p2a: Gardevoir|Protect|p2a: Gardevoir\n|-singleturn|p2a: Gardevoir|Protect\n|move|p1a: Sneasler|Close Combat|p2b: Garchomp\n|-damage|p2b: Garchomp|34/100\n|-unboost|p1a: Sneasler|def|1\n|-unboost|p1a: Sneasler|spd|1\n|-damage|p1a: Sneasler|15/100|[from] ability: Rough Skin|[of] p2b: Garchomp\n|move|p2b: Garchomp|Earthquake|p1a: Sneasler|[spread] p1a\n|-activate|p2a: Gardevoir|move: Protect\n|-immune|p1b: Pelipper\n|-supereffective|p1a: Sneasler|1\n|-damage|p1a: Sneasler|0 fnt\n|faint|p1a: Sneasler\n|\n|-weather|RainDance|[upkeep]\n|upkeep\n|\n|t:|1776587779\n|switch|p1a: Basculegion|Basculegion, L50, M|100/100\n|turn|7\n|c|\u2606Keyan_Sans|Gg\n|\n|t:|1776587797\n|move|p1a: Basculegion|Last Respects|p2a: Gardevoir\n|-supereffective|p2a: Gardevoir|1\n|-damage|p2a: Gardevoir|0 fnt\n|faint|p2a: Gardevoir\n|move|p2b: Garchomp|Rock Slide|p1b: Pelipper|[spread] p1a,p1b\n|-supereffective|p1b: Pelipper|1\n|-damage|p1a: Basculegion|74/100\n|-damage|p1b: Pelipper|60/100\n|cant|p1b: Pelipper|flinch\n|\n|-weather|RainDance|[upkeep]\n|upkeep\n|turn|8\n|\n|t:|1776587809\n|move|p1a: Basculegion|Last Respects|p2b: Garchomp\n|-damage|p2b: Garchomp|0 fnt\n|faint|p2b: Garchomp\n|\n|win|Keyan_Sans\n|raw|Keyan_Sans's rating: 1256 &rarr; <strong>1284</strong><br />(+28 for winning)\n|raw|Lazoz40's rating: 1293 &rarr; <strong>1265</strong><br />(-28 for losing)\n",
  "uploadtime": 1776587811,
  "views": 19,
  "formatid": "gen9championsvgc2026regma",
  "rating": 1265,
  "private": 0,
  "password": null
}