{
  "id": "gen9championsvgc2026regma-2585333673",
  "format": "[Gen 9 Champions] VGC 2026 Reg M-A",
  "players": [
    "Yalper",
    "LordSpectreX"
  ],
  "log": "|j|\u2606Yalper\n|j|\u2606LordSpectreX\n|t:|1776338781\n|gametype|doubles\n|player|p1|Yalper|1|1174\n|player|p2|LordSpectreX|2|1229\n|gen|9\n|tier|[Gen 9 Champions] VGC 2026 Reg M-A\n|rated|\n|rule|Species Clause: Limit one of each Pok\u00e9mon\n|rule|Item Clause: Limit 1 of each item\n|clearpoke\n|poke|p1|Delphox, L50, M|\n|poke|p1|Garchomp, L50, F|\n|poke|p1|Whimsicott, L50, F|\n|poke|p1|Rotom-Wash, L50|\n|poke|p1|Sneasler, L50, M|\n|poke|p1|Aerodactyl, L50, F|\n|poke|p2|Glimmora, L50, M|\n|poke|p2|Tinkaton, L50, F|\n|poke|p2|Garchomp, L50, F|\n|poke|p2|Corviknight, L50, M|\n|poke|p2|Basculegion, L50, M|\n|poke|p2|Volcarona, L50, F|\n|teampreview|4\n|inactive|Battle timer is ON: inactive players will automatically lose when time's up. (requested by LordSpectreX)\n|\n|t:|1776338893\n|teamsize|p1|4\n|teamsize|p2|4\n|start\n|switch|p1a: Delphox|Delphox, L50, M|100/100\n|switch|p1b: Garchomp|Garchomp, L50, F|100/100\n|switch|p2a: Corviknight|Corviknight, L50, M|100/100\n|switch|p2b: Tinkaton|Tinkaton, L50, F|100/100\n|-ability|p2b: Tinkaton|Mold Breaker\n|turn|1\n|inactive|LordSpectreX has 30 seconds left.\n|\n|t:|1776338920\n|detailschange|p1a: Delphox|Delphox-Mega, L50, M\n|-mega|p1a: Delphox|Delphox|Delphoxite\n|move|p2b: Tinkaton|Fake Out|p1a: Delphox\n|-damage|p1a: Delphox|90/100\n|move|p1b: Garchomp|Rock Slide|p2b: Tinkaton|[spread] p2a\n|-miss|p1b: Garchomp|p2b: Tinkaton\n|-damage|p2a: Corviknight|83/100\n|cant|p1a: Delphox|flinch\n|move|p2a: Corviknight|Tailwind|p2a: Corviknight\n|-sidestart|p2: LordSpectreX|move: Tailwind\n|\n|upkeep\n|turn|2\n|\n|t:|1776338942\n|switch|p1b: Rotom|Rotom-Wash, L50|100/100\n|switch|p2a: Glimmora|Glimmora, L50, M|100/100\n|move|p2b: Tinkaton|Gigaton Hammer|p1b: Rotom\n|-resisted|p1b: Rotom|2\n|-damage|p1b: Rotom|89/100\n|move|p1a: Delphox|Heat Wave|p2b: Tinkaton|[spread] p2a,p2b\n|-resisted|p2a: Glimmora|1\n|-supereffective|p2b: Tinkaton|1\n|-damage|p2a: Glimmora|74/100\n|-damage|p2b: Tinkaton|34/100\n|\n|upkeep\n|turn|3\n|\n|t:|1776338963\n|detailschange|p2a: Glimmora|Glimmora-Mega, L50, M\n|-mega|p2a: Glimmora|Glimmora|Glimmoranite\n|move|p1a: Delphox|Protect|p1a: Delphox\n|-singleturn|p1a: Delphox|Protect\n|move|p2b: Tinkaton|Feint|p1a: Delphox\n|-activate|p1a: Delphox|move: Feint\n|-damage|p1a: Delphox|82/100\n|move|p2a: Glimmora|Power Gem|p1a: Delphox\n|-supereffective|p1a: Delphox|1\n|-damage|p1a: Delphox|0 fnt\n|faint|p1a: Delphox\n|move|p1b: Rotom|Hydro Pump|p2a: Glimmora\n|-supereffective|p2a: Glimmora|1\n|-damage|p2a: Glimmora|0 fnt\n|faint|p2a: Glimmora\n|\n|upkeep\n|\n|t:|1776338990\n|switch|p1a: Sneasler|Sneasler, L50, M|100/100\n|switch|p2a: Basculegion|Basculegion, L50, M|100/100\n|turn|4\n|\n|t:|1776339007\n|move|p2b: Tinkaton|Helping Hand|p2a: Basculegion\n|-singleturn|p2a: Basculegion|Helping Hand|[of] p2b: Tinkaton\n|move|p1a: Sneasler|Protect|p1a: Sneasler\n|-singleturn|p1a: Sneasler|Protect\n|move|p2a: Basculegion|Wave Crash|p1b: Rotom\n|-resisted|p1b: Rotom|1\n|-damage|p1b: Rotom|31/100\n|-enditem|p1b: Rotom|Sitrus Berry|[eat]\n|-heal|p1b: Rotom|56/100|[from] item: Sitrus Berry\n|-damage|p2a: Basculegion|85/100|[from] Recoil\n|move|p1b: Rotom|Thunderbolt|p2a: Basculegion\n|-supereffective|p2a: Basculegion|1\n|-damage|p2a: Basculegion|0 fnt\n|faint|p2a: Basculegion\n|\n|-sideend|p2: LordSpectreX|move: Tailwind\n|upkeep\n|\n|t:|1776339019\n|switch|p2a: Corviknight|Corviknight, L50, M|83/100\n|turn|5\n|\n|t:|1776339036\n|move|p2b: Tinkaton|Feint|p1a: Sneasler\n|-damage|p1a: Sneasler|90/100\n|move|p1a: Sneasler|Close Combat|p2a: Corviknight\n|-damage|p2a: Corviknight|30/100\n|-unboost|p1a: Sneasler|def|1\n|-unboost|p1a: Sneasler|spd|1\n|-enditem|p2a: Corviknight|Sitrus Berry|[eat]\n|-heal|p2a: Corviknight|55/100|[from] item: Sitrus Berry\n|-enditem|p1a: Sneasler|White Herb\n|-clearnegativeboost|p1a: Sneasler|[silent]\n|move|p1b: Rotom|Thunderbolt|p2a: Corviknight\n|-supereffective|p2a: Corviknight|1\n|-damage|p2a: Corviknight|0 fnt\n|faint|p2a: Corviknight\n|\n|upkeep\n|turn|6\n|-message|LordSpectreX forfeited.\n|\n|win|Yalper\n|raw|Yalper's rating: 1174 &rarr; <strong>1203</strong><br />(+29 for winning)\n|raw|LordSpectreX's rating: 1229 &rarr; <strong>1200</strong><br />(-29 for losing)\n|l|\u2606LordSpectreX\n|player|p2|\n",
  "uploadtime": 1776339050,
  "views": 24,
  "formatid": "gen9championsvgc2026regma",
  "rating": 1200,
  "private": 0,
  "password": null
}