{
  "id": "gen9championsvgc2026regma-2587394386",
  "format": "[Gen 9 Champions] VGC 2026 Reg M-A",
  "players": [
    "MuseTronic",
    "Kondroid"
  ],
  "log": "|j|\u2606MuseTronic\n|j|\u2606Kondroid\n|t:|1776528180\n|gametype|doubles\n|player|p1|MuseTronic|jasmine|1081\n|player|p2|Kondroid|hilbert-wonderlauncher|1153\n|gen|9\n|tier|[Gen 9 Champions] VGC 2026 Reg M-A\n|rated|\n|rule|Species Clause: Limit one of each Pok\u00e9mon\n|rule|Item Clause: Limit 1 of each item\n|clearpoke\n|poke|p1|Victreebel, L50, F|\n|poke|p1|Ninetales, L50, F|\n|poke|p1|Talonflame, L50, F|\n|poke|p1|Gliscor, L50, M|\n|poke|p1|Kingambit, L50, F|\n|poke|p1|Milotic, L50, F|\n|poke|p2|Crabominable, L50, M, shiny|\n|poke|p2|Slowking-Galar, L50, F|\n|poke|p2|Golurk, L50, shiny|\n|poke|p2|Oranguru, L50, F|\n|poke|p2|Incineroar, L50, M|\n|poke|p2|Hydreigon, L50, M, shiny|\n|teampreview|4\n|inactive|Battle timer is ON: inactive players will automatically lose when time's up. (requested by Kondroid)\n|inactive|MuseTronic has 60 seconds left.\n|\n|t:|1776528237\n|teamsize|p1|4\n|teamsize|p2|4\n|start\n|switch|p1a: Ninetales|Ninetales, L50, F|100/100\n|switch|p1b: Talonflame|Talonflame, L50, F|100/100\n|switch|p2a: Slowking|Slowking-Galar, L50, F|100/100\n|switch|p2b: Incineroar|Incineroar, L50, M|100/100\n|-weather|SunnyDay|[from] ability: Drought|[of] p1a: Ninetales\n|-ability|p2b: Incineroar|Intimidate|boost\n|-unboost|p1a: Ninetales|atk|1\n|-unboost|p1b: Talonflame|atk|1\n|turn|1\n|\n|t:|1776528261\n|move|p2b: Incineroar|Fake Out|p1a: Ninetales\n|-damage|p1a: Ninetales|87/100\n|move|p1b: Talonflame|Tailwind|p1b: Talonflame\n|-sidestart|p1: MuseTronic|move: Tailwind\n|cant|p1a: Ninetales|flinch\n|move|p2a: Slowking|Trick Room|p2a: Slowking\n|-fieldstart|move: Trick Room|[of] p2a: Slowking\n|\n|-weather|SunnyDay|[upkeep]\n|upkeep\n|turn|2\n|\n|t:|1776528275\n|move|p1b: Talonflame|Dual Wingbeat|p2a: Slowking\n|-damage|p2a: Slowking|93/100\n|-damage|p2a: Slowking|85/100\n|-hitcount|p2a: Slowking|2\n|-prepare|p2a: Slowking|Chilly Reception|[premajor]\n|move|p2a: Slowking|Chilly Reception|p2a: Slowking\n|-weather|Snowscape\n|\n|t:|1776528284\n|switch|p2a: Crabominable|Crabominable, L50, M, shiny|100/100|[from] Chilly Reception\n|move|p2b: Incineroar|Parting Shot|p1a: Ninetales\n|-unboost|p1a: Ninetales|atk|1\n|-unboost|p1a: Ninetales|spa|1\n|\n|t:|1776528291\n|switch|p2b: Slowking|Slowking-Galar, L50, F|100/100|[from] Parting Shot\n|move|p1a: Ninetales|Scorching Sands|p2a: Crabominable\n|-damage|p2a: Crabominable|86/100\n|-status|p2a: Crabominable|brn\n|\n|-weather|Snowscape|[upkeep]\n|-damage|p2a: Crabominable|80/100 brn|[from] brn\n|upkeep\n|turn|3\n|\n|t:|1776528315\n|detailschange|p2a: Crabominable|Crabominable-Mega, L50, M, shiny\n|-mega|p2a: Crabominable|Crabominable|Crabominite\n|move|p1b: Talonflame|Dual Wingbeat|p2a: Crabominable\n|-supereffective|p2a: Crabominable|1\n|-damage|p2a: Crabominable|69/100 brn\n|-supereffective|p2a: Crabominable|1\n|-damage|p2a: Crabominable|57/100 brn\n|-hitcount|p2a: Crabominable|2\n|move|p2b: Slowking|Sludge Bomb|p1b: Talonflame\n|-damage|p1b: Talonflame|58/100\n|move|p2a: Crabominable|Drain Punch|p1a: Ninetales\n|-damage|p1a: Ninetales|50/100\n|-heal|p2a: Crabominable|73/100 brn|[from] drain|[of] p1a: Ninetales\n|move|p1a: Ninetales|Heat Wave|p2a: Crabominable|[spread] p2a,p2b\n|-supereffective|p2a: Crabominable|1\n|-damage|p2a: Crabominable|47/100 brn\n|-damage|p2b: Slowking|85/100\n|\n|-weather|Snowscape|[upkeep]\n|-heal|p2b: Slowking|91/100|[from] item: Leftovers\n|-damage|p2a: Crabominable|41/100 brn|[from] brn\n|upkeep\n|turn|4\n|inactive|MuseTronic has 30 seconds left.\n|inactive|Kondroid has 30 seconds left.\n|inactive|MuseTronic has 20 seconds left.\n|inactive|Kondroid has 20 seconds left.\n|\n|t:|1776528354\n|move|p1b: Talonflame|Protect|p1b: Talonflame\n|-singleturn|p1b: Talonflame|Protect\n|move|p2b: Slowking|Sludge Bomb|p1b: Talonflame\n|-activate|p1b: Talonflame|move: Protect\n|move|p2a: Crabominable|Drain Punch|p1a: Ninetales\n|-damage|p1a: Ninetales|19/100\n|-heal|p2a: Crabominable|54/100 brn|[from] drain|[of] p1a: Ninetales\n|move|p1a: Ninetales|Heat Wave|p2a: Crabominable|[spread] p2a,p2b\n|-supereffective|p2a: Crabominable|1\n|-damage|p2a: Crabominable|28/100 brn\n|-damage|p2b: Slowking|77/100\n|\n|-weather|Snowscape|[upkeep]\n|-heal|p2b: Slowking|83/100|[from] item: Leftovers\n|-damage|p2a: Crabominable|22/100 brn|[from] brn\n|-sideend|p1: MuseTronic|move: Tailwind\n|upkeep\n|turn|5\n|\n|t:|1776528370\n|move|p2b: Slowking|Sludge Bomb|p1a: Ninetales|[miss]\n|-miss|p2b: Slowking|p1a: Ninetales\n|move|p2a: Crabominable|Ice Hammer|p1b: Talonflame\n|-damage|p1b: Talonflame|16/100\n|-unboost|p2a: Crabominable|spe|1\n|move|p1a: Ninetales|Heat Wave|p2a: Crabominable|[spread] p2b\n|-miss|p1a: Ninetales|p2a: Crabominable\n|-damage|p2b: Slowking|68/100\n|move|p1b: Talonflame|Tailwind|p1b: Talonflame\n|-sidestart|p1: MuseTronic|move: Tailwind\n|\n|-weather|Snowscape|[upkeep]\n|-heal|p2b: Slowking|74/100|[from] item: Leftovers\n|-damage|p2a: Crabominable|16/100 brn|[from] brn\n|-fieldend|move: Trick Room\n|upkeep\n|turn|6\n|inactive|MuseTronic has 30 seconds left.\n|inactive|MuseTronic has 20 seconds left.\n|inactive|MuseTronic has 15 seconds left.\n|inactive|MuseTronic has 10 seconds left.\n|\n|t:|1776528416\n|switch|p1a: Kingambit|Kingambit, L50, F|100/100\n|move|p1b: Talonflame|Dual Wingbeat|p2a: Crabominable\n|-supereffective|p2a: Crabominable|1\n|-damage|p2a: Crabominable|4/100 brn\n|-supereffective|p2a: Crabominable|1\n|-damage|p2a: Crabominable|0 fnt\n|faint|p2a: Crabominable\n|-hitcount|p2: Crabominable|2\n|move|p2b: Slowking|Trick Room|p2b: Slowking\n|-fieldstart|move: Trick Room|[of] p2b: Slowking\n|\n|-weather|none\n|-heal|p2b: Slowking|80/100|[from] item: Leftovers\n|upkeep\n|\n|t:|1776528429\n|switch|p2a: Incineroar|Incineroar, L50, M|100/100\n|-ability|p2a: Incineroar|Intimidate|boost\n|-unboost|p1a: Kingambit|atk|1\n|-ability|p1a: Kingambit|Defiant|boost\n|-boost|p1a: Kingambit|atk|2\n|-unboost|p1b: Talonflame|atk|1\n|turn|7\n|\n|t:|1776528443\n|switch|p1b: Ninetales|Ninetales, L50, F|19/100\n|-weather|SunnyDay|[from] ability: Drought|[of] p1b: Ninetales\n|move|p2a: Incineroar|Fake Out|p1a: Kingambit\n|-resisted|p1a: Kingambit|1\n|-damage|p1a: Kingambit|97/100\n|move|p2b: Slowking|Psychic Noise|p1b: Ninetales\n|-damage|p1b: Ninetales|0 fnt\n|faint|p1b: Ninetales\n|cant|p1a: Kingambit|flinch\n|\n|-weather|SunnyDay|[upkeep]\n|-heal|p2b: Slowking|86/100|[from] item: Leftovers\n|upkeep\n|inactive|MuseTronic has 30 seconds left.\n|\n|t:|1776528473\n|switch|p1b: Victreebel|Victreebel, L50, F|100/100\n|turn|8\n|\n|t:|1776528484\n|move|p2b: Slowking|Psychic Noise|p1b: Victreebel\n|-supereffective|p1b: Victreebel|1\n|-damage|p1b: Victreebel|8/100\n|-start|p1b: Victreebel|move: Heal Block\n|move|p2a: Incineroar|Flare Blitz|p1a: Kingambit\n|-supereffective|p1a: Kingambit|1\n|-damage|p1a: Kingambit|0 fnt\n|faint|p1a: Kingambit\n|-damage|p2a: Incineroar|68/100|[from] Recoil\n|move|p1b: Victreebel|Growth|p1b: Victreebel\n|-boost|p1b: Victreebel|atk|2\n|-boost|p1b: Victreebel|spa|2\n|\n|-weather|SunnyDay|[upkeep]\n|-heal|p2b: Slowking|92/100|[from] item: Leftovers\n|-sideend|p1: MuseTronic|move: Tailwind\n|upkeep\n|\n|t:|1776528489\n|switch|p1a: Talonflame|Talonflame, L50, F|16/100\n|turn|9\n|inactive|MuseTronic has 30 seconds left.\n|\n|t:|1776528518\n|detailschange|p1b: Victreebel|Victreebel-Mega, L50, F\n|-mega|p1b: Victreebel|Victreebel|Victreebelite\n|move|p2b: Slowking|Psychic Noise|p1a: Talonflame\n|-damage|p1a: Talonflame|0 fnt\n|faint|p1a: Talonflame\n|move|p2a: Incineroar|Flare Blitz|p1b: Victreebel\n|-supereffective|p1b: Victreebel|1\n|-damage|p1b: Victreebel|0 fnt\n|-damage|p2a: Incineroar|62/100|[from] ability: Innards Out|[of] p1b: Victreebel\n|faint|p1b: Victreebel\n|-damage|p2a: Incineroar|60/100|[from] Recoil\n|\n|win|Kondroid\n|raw|MuseTronic's rating: 1081 &rarr; <strong>1063</strong><br />(-18 for losing)\n|raw|Kondroid's rating: 1153 &rarr; <strong>1173</strong><br />(+20 for winning)\n|l|\u2606MuseTronic\n|player|p1|\n",
  "uploadtime": 1776528535,
  "views": 13,
  "formatid": "gen9championsvgc2026regma",
  "rating": 1063,
  "private": 0,
  "password": null
}