{
  "id": "gen9championsvgc2026regma-2582497655",
  "format": "[Gen 9 Champions] VGC 2026 Reg M-A",
  "players": [
    "kurama802",
    "PlayingViking"
  ],
  "log": "|j|\u2606kurama802\n|j|\u2606PlayingViking\n|t:|1776095488\n|gametype|doubles\n|player|p1|kurama802|backersf|1078\n|player|p2|PlayingViking|101|1071\n|gen|9\n|tier|[Gen 9 Champions] VGC 2026 Reg M-A\n|rated|\n|rule|Species Clause: Limit one of each Pok\u00e9mon\n|rule|Item Clause: Limit 1 of each item\n|clearpoke\n|poke|p1|Ampharos, L50, F|\n|poke|p1|Farigiraf, L50, F|\n|poke|p1|Incineroar, L50, M|\n|poke|p1|Victreebel, L50, F|\n|poke|p1|Excadrill, L50, M|\n|poke|p1|Aerodactyl, L50, M|\n|poke|p2|Gliscor, L50, M|\n|poke|p2|Arcanine-Hisui, L50, M|\n|poke|p2|Milotic, L50, F|\n|poke|p2|Gardevoir, L50, F|\n|poke|p2|Rotom-Wash, L50|\n|poke|p2|Farigiraf, L50, M|\n|teampreview|4\nPlayingViking rejected open team sheets.\n|inactive|Battle timer is ON: inactive players will automatically lose when time's up. (requested by PlayingViking)\n|\n|t:|1776095564\n|teamsize|p1|4\n|teamsize|p2|4\n|start\n|switch|p1a: Victreebel|Victreebel, L50, F|100/100\n|switch|p1b: Aerodactyl|Aerodactyl, L50, M|100/100\n|switch|p2a: Milotic|Milotic, L50, F|100/100\n|switch|p2b: Gliscor|Gliscor, L50, M|100/100\n|-ability|p1b: Aerodactyl|Unnerve\n|turn|1\n|inactive|kurama802 has 30 seconds left.\n|\n|t:|1776095596\n|detailschange|p1a: Victreebel|Victreebel-Mega, L50, F\n|-mega|p1a: Victreebel|Victreebel|Victreebelite\n|move|p1b: Aerodactyl|Tailwind|p1b: Aerodactyl\n|-sidestart|p1: kurama802|move: Tailwind\n|move|p1a: Victreebel|Giga Drain|p2a: Milotic\n|-supereffective|p2a: Milotic|1\n|-damage|p2a: Milotic|43/100\n|move|p2b: Gliscor|Rock Slide|p1a: Victreebel|[spread] p1a,p1b\n|-supereffective|p1b: Aerodactyl|1\n|-damage|p1a: Victreebel|88/100\n|-damage|p1b: Aerodactyl|61/100\n|move|p2a: Milotic|Ice Beam|p1b: Aerodactyl\n|-supereffective|p1b: Aerodactyl|1\n|-damage|p1b: Aerodactyl|0 fnt\n|faint|p1b: Aerodactyl\n|\n|-heal|p2a: Milotic|49/100|[from] item: Leftovers\n|upkeep\n|\n|t:|1776095614\n|switch|p1b: Incineroar|Incineroar, L50, M, shiny|100/100\n|-ability|p1b: Incineroar|Intimidate|boost\n|-unboost|p2a: Milotic|atk|1\n|-ability|p2a: Milotic|Competitive|boost\n|-boost|p2a: Milotic|spa|2\n|-fail|p2b: Gliscor|unboost|Attack|[from] ability: Hyper Cutter|[of] p2b: Gliscor\n|turn|2\n|\n|t:|1776095637\n|switch|p2a: Farigiraf|Farigiraf, L50, M|100/100\n|move|p1a: Victreebel|Giga Drain|p2a: Farigiraf\n|-crit|p2a: Farigiraf\n|-damage|p2a: Farigiraf|37/100\n|-heal|p1a: Victreebel|100/100|[from] drain|[of] p2a: Farigiraf\n|move|p2b: Gliscor|Earthquake|p1b: Incineroar|[spread] p2a,p1a,p1b\n|-supereffective|p1b: Incineroar|1\n|-damage|p2a: Farigiraf|13/100\n|-damage|p1a: Victreebel|75/100\n|-damage|p1b: Incineroar|59/100\n|move|p1b: Incineroar|Parting Shot|p2b: Gliscor\n|-fail|p2b: Gliscor|unboost|Attack|[from] ability: Hyper Cutter|[of] p2b: Gliscor\n|-unboost|p2b: Gliscor|spa|1\n|\n|t:|1776095652\n|switch|p1b: Excadrill|Excadrill, L50, M|100/100|[from] Parting Shot\n|\n|upkeep\n|turn|3\n|\n|t:|1776095674\n|move|p2a: Farigiraf|Protect|p2a: Farigiraf\n|-singleturn|p2a: Farigiraf|Protect\n|move|p1b: Excadrill|Iron Head|p2a: Farigiraf\n|-activate|p2a: Farigiraf|move: Protect\n|move|p1a: Victreebel|Giga Drain|p2b: Gliscor\n|-damage|p2b: Gliscor|54/100\n|-heal|p1a: Victreebel|97/100|[from] drain|[of] p2b: Gliscor\n|move|p2b: Gliscor|Earthquake|p1a: Victreebel|[spread] p1a,p1b\n|-activate|p2a: Farigiraf|move: Protect\n|-supereffective|p1b: Excadrill|1\n|-damage|p1a: Victreebel|69/100\n|-damage|p1b: Excadrill|27/100\n|\n|upkeep\n|turn|4\n|inactive|kurama802 has 30 seconds left.\n|inactive|PlayingViking has 30 seconds left.\n|inactive|PlayingViking has 20 seconds left.\n|inactive|PlayingViking has 15 seconds left.\n|inactive|PlayingViking has 10 seconds left.\n|inactive|PlayingViking has 5 seconds left.\n|\n|t:|1776095725\n|move|p1b: Excadrill|Protect|p1b: Excadrill\n|-singleturn|p1b: Excadrill|Protect\n|move|p1a: Victreebel|Sludge Bomb|p2a: Farigiraf\n|-damage|p2a: Farigiraf|0 fnt\n|faint|p2a: Farigiraf\n|move|p2b: Gliscor|Ice Fang|p1b: Excadrill\n|-activate|p1b: Excadrill|move: Protect\n|\n|-sideend|p1: kurama802|move: Tailwind\n|upkeep\n|\n|t:|1776095734\n|switch|p2a: Gardevoir|Gardevoir, L50, F|100/100\n|turn|5\n|inactive|kurama802 has 30 seconds left.\n|inactive|kurama802 has 20 seconds left.\n|\n|t:|1776095772\n|detailschange|p2a: Gardevoir|Gardevoir-Mega, L50, F\n|-mega|p2a: Gardevoir|Gardevoir|Gardevoirite\n|move|p2a: Gardevoir|Psychic|p1a: Victreebel\n|-supereffective|p1a: Victreebel|1\n|-damage|p1a: Victreebel|0 fnt\n|-damage|p2a: Gardevoir|12/100|[from] ability: Innards Out|[of] p1a: Victreebel\n|faint|p1a: Victreebel\n|move|p2b: Gliscor|Ice Fang|p1b: Excadrill\n|-damage|p1b: Excadrill|5/100\n|move|p1b: Excadrill|Iron Head|p2b: Gliscor\n|-damage|p2b: Gliscor|18/100\n|\n|upkeep\n|\n|t:|1776095784\n|switch|p1a: Incineroar|Incineroar, L50, M, shiny|59/100\n|-ability|p1a: Incineroar|Intimidate|boost\n|-unboost|p2a: Gardevoir|atk|1\n|-fail|p2b: Gliscor|unboost|Attack|[from] ability: Hyper Cutter|[of] p2b: Gliscor\n|turn|6\n|\n|t:|1776095807\n|move|p2a: Gardevoir|Protect|p2a: Gardevoir\n|-singleturn|p2a: Gardevoir|Protect\n|move|p1a: Incineroar|Fake Out|p2b: Gliscor\n|-damage|p2b: Gliscor|8/100\n|cant|p2b: Gliscor|flinch\n|move|p1b: Excadrill|Iron Head|p2a: Gardevoir\n|-activate|p2a: Gardevoir|move: Protect\n|\n|upkeep\n|turn|7\n|\n|t:|1776095824\n|move|p1b: Excadrill|Protect|p1b: Excadrill\n|-singleturn|p1b: Excadrill|Protect\n|move|p2a: Gardevoir|Hyper Voice|p1b: Excadrill|[spread] p1a\n|-activate|p1b: Excadrill|move: Protect\n|-damage|p1a: Incineroar|17/100\n|-enditem|p1a: Incineroar|Sitrus Berry|[eat]\n|-heal|p1a: Incineroar|42/100|[from] item: Sitrus Berry\n|move|p2b: Gliscor|Rock Slide|p1b: Excadrill|[spread] p1a\n|-activate|p1b: Excadrill|move: Protect\n|-supereffective|p1a: Incineroar|1\n|-damage|p1a: Incineroar|21/100\n|move|p1a: Incineroar|Flare Blitz|p2b: Gliscor\n|-damage|p2b: Gliscor|0 fnt\n|faint|p2b: Gliscor\n|-damage|p1a: Incineroar|18/100|[from] Recoil\n|\n|upkeep\n|\n|t:|1776095840\n|switch|p2b: Milotic|Milotic, L50, F|49/100\n|turn|8\n|\n|t:|1776095853\n|move|p2a: Gardevoir|Hyper Voice|p1a: Incineroar|[spread] p1a,p1b\n|-resisted|p1b: Excadrill|1\n|-damage|p1a: Incineroar|0 fnt\n|-damage|p1b: Excadrill|0 fnt\n|faint|p1a: Incineroar\n|faint|p1b: Excadrill\n|\n|win|PlayingViking\n|raw|kurama802's rating: 1078 &rarr; <strong>1056</strong><br />(-22 for losing)\n|raw|PlayingViking's rating: 1071 &rarr; <strong>1101</strong><br />(+30 for winning)\n|c|\u2606kurama802|gg\n",
  "uploadtime": 1776095868,
  "views": 12,
  "formatid": "gen9championsvgc2026regma",
  "rating": 1056,
  "private": 0,
  "password": null
}