{
  "id": "gen9championsvgc2026regma-2587410766",
  "format": "[Gen 9 Champions] VGC 2026 Reg M-A",
  "players": [
    "Phantomxd",
    "AidzPlayz"
  ],
  "log": "|j|\u2606Phantomxd\n|j|\u2606AidzPlayz\n|t:|1776529533\n|gametype|doubles\n|player|p1|Phantomxd|hilbert|1262\n|player|p2|AidzPlayz|ghetsis-gen5bw|1364\n|gen|9\n|tier|[Gen 9 Champions] VGC 2026 Reg M-A\n|rated|\n|rule|Species Clause: Limit one of each Pok\u00e9mon\n|rule|Item Clause: Limit 1 of each item\n|clearpoke\n|poke|p1|Dragonite, L50, F|\n|poke|p1|Pelipper, L50, M|\n|poke|p1|Sneasler, L50, F|\n|poke|p1|Archaludon, L50, M|\n|poke|p1|Incineroar, L50, M|\n|poke|p1|Basculegion, L50, M|\n|poke|p2|Aerodactyl, L50, M|\n|poke|p2|Incineroar, L50, M|\n|poke|p2|Floette-Eternal, L50, F|\n|poke|p2|Basculegion, L50, M|\n|poke|p2|Garchomp, L50, F|\n|poke|p2|Sneasler, L50, F|\n|teampreview|4\n|inactive|Battle timer is ON: inactive players will automatically lose when time's up. (requested by AidzPlayz)\n|inactive|AidzPlayz has 60 seconds left.\n|\n|t:|1776529580\n|teamsize|p1|4\n|teamsize|p2|4\n|start\n|switch|p1a: Sneasler|Sneasler, L50, F|100/100\n|switch|p1b: Basculegion|Basculegion, L50, M|100/100\n|switch|p2a: Aerodactyl|Aerodactyl, L50, M|100/100\n|switch|p2b: Garchomp|Garchomp, L50, F|100/100\n|-ability|p2a: Aerodactyl|Unnerve\n|turn|1\n|\n|t:|1776529592\n|move|p2a: Aerodactyl|Protect|p2a: Aerodactyl\n|-singleturn|p2a: Aerodactyl|Protect\n|move|p2b: Garchomp|Protect|p2b: Garchomp\n|-singleturn|p2b: Garchomp|Protect\n|move|p1a: Sneasler|Fake Out|p2a: Aerodactyl\n|-activate|p2a: Aerodactyl|move: Protect\n|move|p1b: Basculegion|Flip Turn|p2a: Aerodactyl\n|-activate|p2a: Aerodactyl|move: Protect\n|\n|upkeep\n|turn|2\n|\n|t:|1776529610\n|move|p2a: Aerodactyl|Tailwind|p2a: Aerodactyl\n|-sidestart|p2: AidzPlayz|move: Tailwind\n|move|p2b: Garchomp|Earthquake|p1b: Basculegion|[spread] p1a,p1b\n|-immune|p2a: Aerodactyl\n|-supereffective|p1a: Sneasler|1\n|-damage|p1a: Sneasler|0 fnt\n|-damage|p1b: Basculegion|45/100\n|faint|p1a: Sneasler\n|move|p1b: Basculegion|Flip Turn|p2b: Garchomp\n|-crit|p2b: Garchomp\n|-damage|p2b: Garchomp|46/100\n|-damage|p1b: Basculegion|33/100|[from] ability: Rough Skin|[of] p2b: Garchomp\n|\n|t:|1776529615\n|switch|p1b: Pelipper|Pelipper, L50, M|100/100|[from] Flip Turn\n|-weather|RainDance|[from] ability: Drizzle|[of] p1b: Pelipper\n|\n|-weather|RainDance|[upkeep]\n|upkeep\n|\n|t:|1776529620\n|switch|p1a: Dragonite|Dragonite, L50, F|100/100\n|turn|3\n|\n|t:|1776529631\n|detailschange|p1a: Dragonite|Dragonite-Mega, L50, F\n|-mega|p1a: Dragonite|Dragonite|Dragoninite\n|move|p2a: Aerodactyl|Rock Slide|p1a: Dragonite|[spread] p1a,p1b\n|-supereffective|p1a: Dragonite|1\n|-supereffective|p1b: Pelipper|1\n|-damage|p1a: Dragonite|81/100\n|-damage|p1b: Pelipper|33/100\n|move|p2b: Garchomp|Dragon Claw|p1a: Dragonite\n|-supereffective|p1a: Dragonite|1\n|-damage|p1a: Dragonite|5/100\n|cant|p1b: Pelipper|flinch\n|move|p1a: Dragonite|Dragon Pulse|p2b: Garchomp\n|-supereffective|p2b: Garchomp|1\n|-enditem|p2b: Garchomp|Haban Berry|[eat]\n|-enditem|p2b: Garchomp|Haban Berry|[weaken]\n|-damage|p2b: Garchomp|0 fnt\n|faint|p2b: Garchomp\n|\n|-weather|RainDance|[upkeep]\n|upkeep\n|\n|t:|1776529651\n|switch|p2b: Basculegion|Basculegion, L50, M|100/100\n|turn|4\n|\n|t:|1776529657\n|move|p1a: Dragonite|Protect|p1a: Dragonite\n|-singleturn|p1a: Dragonite|Protect\n|move|p2b: Basculegion|Last Respects|p1a: Dragonite\n|-activate|p1a: Dragonite|move: Protect\n|move|p2a: Aerodactyl|Rock Slide|p1a: Dragonite|[spread] p1b\n|-activate|p1a: Dragonite|move: Protect\n|-supereffective|p1b: Pelipper|1\n|-damage|p1b: Pelipper|0 fnt\n|faint|p1b: Pelipper\n|\n|-weather|RainDance|[upkeep]\n|upkeep\n|\n|t:|1776529666\n|switch|p1b: Basculegion|Basculegion, L50, M|33/100\n|turn|5\n|\n|t:|1776529672\n|move|p2b: Basculegion|Last Respects|p1b: Basculegion\n|-supereffective|p1b: Basculegion|1\n|-damage|p1b: Basculegion|0 fnt\n|faint|p1b: Basculegion\n|move|p2a: Aerodactyl|Rock Slide|p1a: Dragonite\n|-supereffective|p1a: Dragonite|1\n|-damage|p1a: Dragonite|0 fnt\n|faint|p1a: Dragonite\n|\n|win|AidzPlayz\n|raw|Phantomxd's rating: 1262 &rarr; <strong>1244</strong><br />(-18 for losing)\n|raw|AidzPlayz's rating: 1364 &rarr; <strong>1378</strong><br />(+14 for winning)\n",
  "uploadtime": 1776529673,
  "views": 33,
  "formatid": "gen9championsvgc2026regma",
  "rating": 1244,
  "private": 0,
  "password": null
}