{
  "id": "gen9championsvgc2026regma-2587083246",
  "format": "[Gen 9 Champions] VGC 2026 Reg M-A",
  "players": [
    "kroomfy",
    "meguquaaa"
  ],
  "log": "|j|\u2606kroomfy\n|j|\u2606meguquaaa\n|t:|1776491060\n|gametype|doubles\n|player|p1|kroomfy|miku-ice|1086\n|player|p2|meguquaaa|blue|1084\n|gen|9\n|tier|[Gen 9 Champions] VGC 2026 Reg M-A\n|rated|\n|rule|Species Clause: Limit one of each Pok\u00e9mon\n|rule|Item Clause: Limit 1 of each item\n|clearpoke\n|poke|p1|Golurk, L50|\n|poke|p1|Liepard, L50, F|\n|poke|p1|Farigiraf, L50, F|\n|poke|p1|Milotic, L50, M|\n|poke|p1|Heliolisk, L50, M|\n|poke|p1|Torkoal, L50, F|\n|poke|p2|Floette-Eternal, L50, F|\n|poke|p2|Aerodactyl, L50, M|\n|poke|p2|Garchomp, L50, F, shiny|\n|poke|p2|Charizard, L50, M, shiny|\n|poke|p2|Sneasler, L50, M|\n|poke|p2|Whimsicott, L50, F, shiny|\n|teampreview|4\n|inactive|Battle timer is ON: inactive players will automatically lose when time's up. (requested by kroomfy)\n|\n|t:|1776491089\n|teamsize|p1|4\n|teamsize|p2|4\n|start\n|switch|p1a: Golurk|Golurk, L50|100/100\n|switch|p1b: Liepard|Liepard, L50, F|100/100\n|switch|p2a: Whimsicott|Whimsicott, L50, F, shiny|100/100\n|switch|p2b: Charizard|Charizard, L50, M, shiny|100/100\n|turn|1\n|inactive|meguquaaa has 30 seconds left.\n|\n|t:|1776491120\n|detailschange|p2b: Charizard|Charizard-Mega-Y, L50, M, shiny\n|-mega|p2b: Charizard|Charizard|Charizardite Y\n|-weather|SunnyDay|[from] ability: Drought|[of] p2b: Charizard\n|detailschange|p1a: Golurk|Golurk-Mega, L50\n|-mega|p1a: Golurk|Golurk|Golurkite\n|move|p1b: Liepard|Fake Out|p2a: Whimsicott\n|-damage|p2a: Whimsicott|86/100\n|cant|p2a: Whimsicott|flinch\n|move|p2b: Charizard|Solar Beam||[still]\n|-prepare|p2b: Charizard|Solar Beam\n|-anim|p2b: Charizard|Solar Beam|p1a: Golurk\n|-supereffective|p1a: Golurk|1\n|-damage|p1a: Golurk|23/100\n|move|p1a: Golurk|Poltergeist|p2b: Charizard\n|-activate|p2b: Charizard|move: Poltergeist|Charizardite Y\n|-damage|p2b: Charizard|4/100\n|\n|-weather|SunnyDay|[upkeep]\n|upkeep\n|turn|2\n|\n|t:|1776491141\n|move|p2a: Whimsicott|Tailwind|p2a: Whimsicott\n|-sidestart|p2: meguquaaa|move: Tailwind\n|move|p1b: Liepard|Sucker Punch|p2b: Charizard\n|-damage|p2b: Charizard|0 fnt\n|faint|p2b: Charizard\n|move|p1a: Golurk|Poltergeist|p2a: Whimsicott\n|-activate|p2a: Whimsicott|move: Poltergeist|Focus Sash\n|-damage|p2a: Whimsicott|6/100\n|\n|-weather|SunnyDay|[upkeep]\n|upkeep\n|\n|t:|1776491158\n|switch|p2b: Garchomp|Garchomp, L50, F, shiny|100/100\n|turn|3\n|\n|t:|1776491182\n|move|p1a: Golurk|Protect|p1a: Golurk\n|-singleturn|p1a: Golurk|Protect\n|move|p2a: Whimsicott|Encore|p1b: Liepard\n|-hint|Since gen 7, Dark is immune to Prankster moves.\n|-immune|p1b: Liepard\n|move|p1b: Liepard|Sucker Punch||[still]\n|-fail|p1b: Liepard\n|move|p2b: Garchomp|Stomping Tantrum|p1a: Golurk\n|-activate|p1a: Golurk|move: Protect\n|\n|-weather|SunnyDay|[upkeep]\n|upkeep\n|turn|4\n|inactive|kroomfy has 30 seconds left.\n|\n|t:|1776491217\n|switch|p2b: Sneasler|Sneasler, L50, M|100/100\n|move|p2a: Whimsicott|Encore|p1a: Golurk\n|-start|p1a: Golurk|Encore\n|move|p1a: Golurk|Protect||[still]\n|-fail|p1a: Golurk\n|move|p1b: Liepard|Taunt|p2a: Whimsicott\n|-start|p2a: Whimsicott|move: Taunt\n|\n|-weather|SunnyDay|[upkeep]\n|upkeep\n|turn|5\n|\n|t:|1776491236\n|switch|p2a: Garchomp|Garchomp, L50, F, shiny|100/100\n|move|p1b: Liepard|Protect|p1b: Liepard\n|-singleturn|p1b: Liepard|Protect\n|move|p1a: Golurk|Protect|p1a: Golurk\n|-singleturn|p1a: Golurk|Protect\n|move|p2b: Sneasler|Close Combat|p1b: Liepard\n|-activate|p1b: Liepard|move: Protect\n|\n|-weather|none\n|-sideend|p2: meguquaaa|move: Tailwind\n|upkeep\n|turn|6\n|\n|t:|1776491260\n|switch|p1a: Milotic|Milotic, L50, M|100/100\n|move|p1b: Liepard|Sucker Punch|p2a: Garchomp\n|-damage|p2a: Garchomp|71/100\n|-damage|p1b: Liepard|88/100|[from] ability: Rough Skin|[of] p2a: Garchomp\n|move|p2a: Garchomp|Stomping Tantrum|p1a: Milotic\n|-damage|p1a: Milotic|65/100\n|move|p2b: Sneasler|Close Combat|p1b: Liepard\n|-supereffective|p1b: Liepard|1\n|-damage|p1b: Liepard|0 fnt\n|-unboost|p2b: Sneasler|def|1\n|-unboost|p2b: Sneasler|spd|1\n|faint|p1b: Liepard\n|-enditem|p2b: Sneasler|White Herb\n|-clearnegativeboost|p2b: Sneasler|[silent]\n|\n|-heal|p1a: Milotic|72/100|[from] item: Leftovers\n|upkeep\n|\n|t:|1776491273\n|switch|p1b: Torkoal|Torkoal, L50, F|100/100\n|-weather|SunnyDay|[from] ability: Drought|[of] p1b: Torkoal\n|turn|7\n|\n|t:|1776491280\n|move|p2b: Sneasler|Close Combat|p1b: Torkoal\n|-damage|p1b: Torkoal|46/100\n|-unboost|p2b: Sneasler|def|1\n|-unboost|p2b: Sneasler|spd|1\n|move|p2a: Garchomp|Stomping Tantrum|p1b: Torkoal\n|-supereffective|p1b: Torkoal|1\n|-damage|p1b: Torkoal|0 fnt\n|faint|p1b: Torkoal\n|move|p1a: Milotic|Ice Beam|p2a: Garchomp\n|-supereffective|p2a: Garchomp|2\n|-crit|p2a: Garchomp\n|-damage|p2a: Garchomp|0 fnt\n|faint|p2a: Garchomp\n|\n|-weather|SunnyDay|[upkeep]\n|-heal|p1a: Milotic|78/100|[from] item: Leftovers\n|upkeep\n|\n|t:|1776491290\n|switch|p2a: Whimsicott|Whimsicott, L50, F, shiny|6/100\n|switch|p1b: Golurk|Golurk-Mega, L50|23/100\n|turn|8\n|inactive|meguquaaa has 30 seconds left.\n|\n|t:|1776491318\n|move|p2b: Sneasler|Protect|p2b: Sneasler\n|-singleturn|p2b: Sneasler|Protect\n|move|p2a: Whimsicott|Taunt|p1a: Milotic\n|-start|p1a: Milotic|move: Taunt\n|move|p1a: Milotic|Ice Beam|p2b: Sneasler\n|-activate|p2b: Sneasler|move: Protect\n|move|p1b: Golurk|High Horsepower|p2b: Sneasler\n|-supereffective|p2b: Sneasler|1\n|-ability|p1b: Golurk|Unseen Fist\n|-zbroken|p2b: Sneasler\n|-damage|p2b: Sneasler|22/100\n|\n|-weather|SunnyDay|[upkeep]\n|-heal|p1a: Milotic|84/100|[from] item: Leftovers\n|upkeep\n|turn|9\n|\n|t:|1776491339\n|move|p2a: Whimsicott|Encore|p1a: Milotic\n|-start|p1a: Milotic|Encore\n|move|p2b: Sneasler|Dire Claw|p1b: Golurk\n|-resisted|p1b: Golurk|2\n|-damage|p1b: Golurk|12/100\n|-status|p1b: Golurk|par\n|move|p1a: Milotic|Ice Beam|p2a: Whimsicott\n|-supereffective|p2a: Whimsicott|1\n|-damage|p2a: Whimsicott|0 fnt\n|faint|p2a: Whimsicott\n|move|p1b: Golurk|Poltergeist||[still]\n|-fail|p1b: Golurk\n|\n|-weather|SunnyDay|[upkeep]\n|-heal|p1a: Milotic|90/100|[from] item: Leftovers\n|upkeep\n|turn|10\n|\n|t:|1776491354\n|move|p2b: Sneasler|Close Combat|p1a: Milotic\n|-damage|p1a: Milotic|35/100\n|-unboost|p2b: Sneasler|def|1\n|-unboost|p2b: Sneasler|spd|1\n|move|p1a: Milotic|Ice Beam|p2b: Sneasler\n|-damage|p2b: Sneasler|0 fnt\n|faint|p2b: Sneasler\n|\n|win|kroomfy\n|raw|kroomfy's rating: 1086 &rarr; <strong>1113</strong><br />(+27 for winning)\n|raw|meguquaaa's rating: 1084 &rarr; <strong>1062</strong><br />(-22 for losing)\n|l|\u2606meguquaaa\n|player|p2|\n",
  "uploadtime": 1776491365,
  "views": 26,
  "formatid": "gen9championsvgc2026regma",
  "rating": 1062,
  "private": 0,
  "password": null
}