{
  "id": "gen9championsvgc2026regma-2584630511",
  "format": "[Gen 9 Champions] VGC 2026 Reg M-A",
  "players": [
    "NewVGCNewMe",
    "DayWalker13"
  ],
  "log": "|j|\u2606NewVGCNewMe\n|j|\u2606DayWalker13\n|t:|1776273230\n|gametype|doubles\n|player|p1|NewVGCNewMe|ballguy|1336\n|player|p2|DayWalker13|skier|1398\n|gen|9\n|tier|[Gen 9 Champions] VGC 2026 Reg M-A\n|rated|\n|rule|Species Clause: Limit one of each Pok\u00e9mon\n|rule|Item Clause: Limit 1 of each item\n|clearpoke\n|poke|p1|Froslass, L50, F|\n|poke|p1|Kingambit, L50, M|\n|poke|p1|Palafin, L50, M|\n|poke|p1|Incineroar, L50, M|\n|poke|p1|Sinistcha, L50|\n|poke|p1|Aerodactyl, L50, F|\n|poke|p2|Gardevoir, L50, F|\n|poke|p2|Corviknight, L50, M|\n|poke|p2|Meowstic, L50, M|\n|poke|p2|Milotic, L50, F|\n|poke|p2|Armarouge, L50, M|\n|poke|p2|Kingambit, L50, M|\n|teampreview|4\n|inactive|Battle timer is ON: inactive players will automatically lose when time's up. (requested by NewVGCNewMe)\n|\n|t:|1776273288\n|teamsize|p1|4\n|teamsize|p2|4\n|start\n|switch|p1a: Palafin|Palafin, L50, M, shiny|100/100\n|switch|p1b: Kingambit|Kingambit, L50, M|100/100\n|switch|p2a: Meowstic|Meowstic, L50, M|100/100\n|switch|p2b: Gardevoir|Gardevoir, L50, F|100/100\n|turn|1\n|\n|t:|1776273304\n|detailschange|p1a: Palafin|Palafin-Hero, L50, M, shiny\n|switch|p1a: Incineroar|Incineroar, L50, M, shiny|100/100\n|-ability|p1a: Incineroar|Intimidate|boost\n|-unboost|p2a: Meowstic|atk|1\n|-unboost|p2b: Gardevoir|atk|1\n|detailschange|p2b: Gardevoir|Gardevoir-Mega, L50, F\n|-mega|p2b: Gardevoir|Gardevoir|Gardevoirite\n|move|p2a: Meowstic|Reflect|p2a: Meowstic\n|-sidestart|p2: DayWalker13|Reflect\n|move|p2b: Gardevoir|Hyper Voice|p1b: Kingambit|[spread] p1a,p1b\n|-damage|p1a: Incineroar|51/100\n|-damage|p1b: Kingambit|45/100\n|move|p1b: Kingambit|Swords Dance|p1b: Kingambit\n|-boost|p1b: Kingambit|atk|2\n|\n|upkeep\n|turn|2\n|\n|t:|1776273327\n|move|p1a: Incineroar|Fake Out|p2a: Meowstic\n|-damage|p2a: Meowstic|91/100\n|cant|p2a: Meowstic|flinch\n|move|p1b: Kingambit|Sucker Punch|p2b: Gardevoir\n|-damage|p2b: Gardevoir|0 fnt\n|faint|p2b: Gardevoir\n|\n|upkeep\n|\n|t:|1776273335\n|switch|p2b: Kingambit|Kingambit, L50, M|100/100\n|turn|3\n|\n|t:|1776273344\n|move|p2a: Meowstic|Psychic Terrain|p2a: Meowstic\n|-fieldstart|move: Psychic Terrain\n|move|p1a: Incineroar|Flare Blitz|p2b: Kingambit\n|-supereffective|p2b: Kingambit|1\n|-damage|p2b: Kingambit|43/100\n|-damage|p1a: Incineroar|31/100|[from] Recoil\n|-enditem|p1a: Incineroar|Sitrus Berry|[eat]\n|-heal|p1a: Incineroar|56/100|[from] item: Sitrus Berry\n|move|p2b: Kingambit|Brick Break|p1b: Kingambit\n|-supereffective|p1b: Kingambit|2\n|-damage|p1b: Kingambit|0 fnt\n|faint|p1b: Kingambit\n|\n|upkeep\n|\n|t:|1776273360\n|switch|p1b: Palafin|Palafin-Hero, L50, M, shiny|100/100\n|-activate|p1b: Palafin|ability: Zero to Hero\n|turn|4\n|\n|t:|1776273370\n|move|p1b: Palafin|Wave Crash|p2a: Meowstic\n|-damage|p2a: Meowstic|20/100\n|-damage|p1b: Palafin|76/100|[from] Recoil\n|move|p2a: Meowstic|Expanding Force|p1a: Incineroar|[spread] p1b\n|-immune|p1a: Incineroar\n|-crit|p1b: Palafin\n|-damage|p1b: Palafin|0 fnt\n|faint|p1b: Palafin\n|move|p1a: Incineroar|Flare Blitz|p2b: Kingambit\n|-supereffective|p2b: Kingambit|1\n|-damage|p2b: Kingambit|0 fnt\n|faint|p2b: Kingambit\n|-damage|p1a: Incineroar|42/100|[from] Recoil\n|\n|upkeep\n|\n|t:|1776273380\n|switch|p1b: Froslass|Froslass, L50, F|100/100\n|switch|p2b: Corviknight|Corviknight, L50, M|100/100\n|turn|5\n|-activate|p2b: Corviknight|item: Quick Claw\n|\n|t:|1776273397\n|detailschange|p1b: Froslass|Froslass-Mega, L50, F\n|-mega|p1b: Froslass|Froslass|Froslassite\n|-weather|Snowscape|[from] ability: Snow Warning|[of] p1b: Froslass\n|move|p2b: Corviknight|Tailwind|p2b: Corviknight\n|-sidestart|p2: DayWalker13|move: Tailwind\n|move|p2a: Meowstic|Expanding Force|p1b: Froslass|[spread] p1b\n|-immune|p1a: Incineroar\n|-damage|p1b: Froslass|47/100\n|move|p1b: Froslass|Blizzard|p2a: Meowstic|[spread] p2a,p2b\n|-damage|p2a: Meowstic|0 fnt\n|-damage|p2b: Corviknight|58/100\n|faint|p2a: Meowstic\n|move|p1a: Incineroar|Flare Blitz|p2b: Corviknight\n|-supereffective|p2b: Corviknight|1\n|-damage|p2b: Corviknight|0 fnt\n|faint|p2b: Corviknight\n|-damage|p1a: Incineroar|22/100|[from] Recoil\n|\n|win|NewVGCNewMe\n|raw|NewVGCNewMe's rating: 1336 &rarr; <strong>1360</strong><br />(+24 for winning)\n|raw|DayWalker13's rating: 1398 &rarr; <strong>1374</strong><br />(-24 for losing)\n|l|\u2606DayWalker13\n|player|p2|\n|c|\u2606NewVGCNewMe|scarf corv?\n",
  "uploadtime": 1776273543,
  "views": 41,
  "formatid": "gen9championsvgc2026regma",
  "rating": 1360,
  "private": 0,
  "password": null
}