{
  "id": "gen9championsvgc2026regma-2586211682",
  "format": "[Gen 9 Champions] VGC 2026 Reg M-A",
  "players": [
    "yamzinyobooty",
    "justpaolo008"
  ],
  "log": "|j|\u2606yamzinyobooty\n|j|\u2606justpaolo008\n|t:|1776412949\n|gametype|doubles\n|player|p1|yamzinyobooty|102|1099\n|player|p2|justpaolo008|clown|1143\n|gen|9\n|tier|[Gen 9 Champions] VGC 2026 Reg M-A\n|rated|\n|rule|Species Clause: Limit one of each Pok\u00e9mon\n|rule|Item Clause: Limit 1 of each item\n|clearpoke\n|poke|p1|Charizard, L50, F|\n|poke|p1|Venusaur, L50, M|\n|poke|p1|Garchomp, L50, F|\n|poke|p1|Incineroar, L50, F|\n|poke|p1|Gardevoir, L50, F|\n|poke|p1|Milotic, L50, F|\n|poke|p2|Floette-Eternal, L50, F|\n|poke|p2|Garchomp, L50, M|\n|poke|p2|Typhlosion-Hisui, L50, F|\n|poke|p2|Whimsicott, L50, F|\n|poke|p2|Incineroar, L50, F|\n|poke|p2|Milotic, L50, F|\n|teampreview|4\n|inactive|Battle timer is ON: inactive players will automatically lose when time's up. (requested by justpaolo008)\n|inactive|justpaolo008 has 60 seconds left.\n|l|\u2606justpaolo008\n|inactive|justpaolo008 disconnected and has a minute to reconnect!\n|player|p2|\n|j|\u2606justpaolo008\n|inactive|justpaolo008 reconnected and has 55 seconds left.\n|player|p2|justpaolo008|clown|\n|\n|t:|1776413003\n|teamsize|p1|4\n|teamsize|p2|4\n|start\n|switch|p1a: Garchomp|Garchomp, L50, F|100/100\n|switch|p1b: Milotic|Milotic, L50, F|100/100\n|switch|p2a: Floette|Floette-Eternal, L50, F|100/100\n|switch|p2b: Milotic|Milotic, L50, F|100/100\n|turn|1\n|inactive|yamzinyobooty has 30 seconds left.\n|\n|t:|1776413035\n|switch|p1a: Venusaur|Venusaur, L50, M|100/100\n|detailschange|p2a: Floette|Floette-Mega, L50, F\n|-mega|p2a: Floette|Floette|Floettite\n|-ability|p2a: Floette|Fairy Aura\n|move|p2a: Floette|Light of Ruin|p1b: Milotic\n|-damage|p1b: Milotic|18/100\n|-damage|p2a: Floette|49/100|[from] Recoil\n|move|p1b: Milotic|Life Dew||[still]|[spread] p1a,p1b\n|-fail|p1a: Venusaur|heal\n|-heal|p1b: Milotic|44/100\n|move|p2b: Milotic|Coil|p2b: Milotic\n|-boost|p2b: Milotic|atk|1\n|-boost|p2b: Milotic|def|1\n|-boost|p2b: Milotic|accuracy|1\n|\n|-heal|p1b: Milotic|50/100|[from] item: Leftovers\n|upkeep\n|turn|2\n|inactive|justpaolo008 has 30 seconds left.\n|inactive|justpaolo008 has 20 seconds left.\n|inactive|justpaolo008 has 15 seconds left.\n|inactive|justpaolo008 has 10 seconds left.\n|\n|t:|1776413083\n|switch|p1b: Garchomp|Garchomp, L50, F|100/100\n|move|p2a: Floette|Protect|p2a: Floette\n|-singleturn|p2a: Floette|Protect\n|move|p1a: Venusaur|Sleep Powder|p2b: Milotic|[miss]\n|-miss|p1a: Venusaur|p2b: Milotic\n|move|p2b: Milotic|Hypnosis|p1a: Venusaur\n|-status|p1a: Venusaur|slp|[from] move: Hypnosis\n|\n|upkeep\n|turn|3\n|\n|t:|1776413103\n|move|p1b: Garchomp|Protect|p1b: Garchomp\n|-singleturn|p1b: Garchomp|Protect\n|move|p2a: Floette|Dazzling Gleam|p1a: Venusaur|[spread] p1a\n|-activate|p1b: Garchomp|move: Protect\n|-resisted|p1a: Venusaur|1\n|-damage|p1a: Venusaur|70/100 slp\n|cant|p1a: Venusaur|slp\n|move|p2b: Milotic|Muddy Water|p1a: Venusaur|[spread] p1a\n|-activate|p1b: Garchomp|move: Protect\n|-resisted|p1a: Venusaur|1\n|-damage|p1a: Venusaur|55/100 slp\n|\n|upkeep\n|turn|4\n|\n|t:|1776413125\n|move|p1b: Garchomp|Rock Slide|p2b: Milotic|[spread] p2b\n|-miss|p1b: Garchomp|p2a: Floette\n|-damage|p2b: Milotic|89/100\n|move|p2a: Floette|Dazzling Gleam|p1b: Garchomp|[spread] p1a,p1b\n|-resisted|p1a: Venusaur|1\n|-supereffective|p1b: Garchomp|1\n|-damage|p1a: Venusaur|28/100 slp\n|-damage|p1b: Garchomp|0 fnt\n|faint|p1b: Garchomp\n|-curestatus|p1a: Venusaur|slp|[msg]\n|move|p1a: Venusaur|Sleep Powder|p2b: Milotic\n|-status|p2b: Milotic|slp|[from] move: Sleep Powder\n|cant|p2b: Milotic|slp\n|\n|-heal|p2b: Milotic|95/100 slp|[from] item: Leftovers\n|upkeep\n|c|\u2606yamzinyobooty|ggs\n|\n|t:|1776413139\n|switch|p1b: Charizard|Charizard, L50, F|100/100\n|turn|5\n|\n|t:|1776413161\n|switch|p2a: Incineroar|Incineroar, L50, F|100/100\n|-ability|p2a: Incineroar|Intimidate|boost\n|-unboost|p1a: Venusaur|atk|1\n|-unboost|p1b: Charizard|atk|1\n|detailschange|p1b: Charizard|Charizard-Mega-Y, L50, F\n|-mega|p1b: Charizard|Charizard|Charizardite Y\n|-weather|SunnyDay|[from] ability: Drought|[of] p1b: Charizard\n|move|p1a: Venusaur|Sleep Powder|p2a: Incineroar\n|-status|p2a: Incineroar|slp|[from] move: Sleep Powder\n|move|p1b: Charizard|Solar Beam||[still]\n|-prepare|p1b: Charizard|Solar Beam\n|-anim|p1b: Charizard|Solar Beam|p2b: Milotic\n|-supereffective|p2b: Milotic|1\n|-damage|p2b: Milotic|31/100 slp\n|cant|p2b: Milotic|slp\n|\n|-weather|SunnyDay|[upkeep]\n|-heal|p2b: Milotic|37/100 slp|[from] item: Leftovers\n|upkeep\n|turn|6\n|inactive|yamzinyobooty has 30 seconds left.\n|\n|t:|1776413188\n|cant|p2a: Incineroar|slp\n|move|p1a: Venusaur|Sludge Bomb|p2a: Incineroar\n|-damage|p2a: Incineroar|60/100 slp\n|move|p1b: Charizard|Solar Beam||[still]\n|-prepare|p1b: Charizard|Solar Beam\n|-anim|p1b: Charizard|Solar Beam|p2b: Milotic\n|-supereffective|p2b: Milotic|1\n|-damage|p2b: Milotic|0 fnt\n|faint|p2b: Milotic\n|\n|-weather|SunnyDay|[upkeep]\n|upkeep\n|\n|t:|1776413200\n|switch|p2b: Typhlosion|Typhlosion-Hisui, L50, F|100/100\n|-item|p1a: Venusaur|Focus Sash|[from] ability: Frisk|[of] p2b: Typhlosion\n|-item|p1b: Charizard|Charizardite Y|[from] ability: Frisk|[of] p2b: Typhlosion\n|turn|7\n|\n|t:|1776413218\n|move|p1a: Venusaur|Sleep Powder|p2b: Typhlosion|[miss]\n|-miss|p1a: Venusaur|p2b: Typhlosion\n|move|p2b: Typhlosion|Eruption|p1b: Charizard|[spread] p1a,p1b\n|-supereffective|p1a: Venusaur|1\n|-resisted|p1b: Charizard|1\n|-damage|p1a: Venusaur|0 fnt\n|-damage|p1b: Charizard|52/100\n|faint|p1a: Venusaur\n|move|p1b: Charizard|Weather Ball|p2a: Incineroar\n|-resisted|p2a: Incineroar|1\n|-damage|p2a: Incineroar|19/100 slp\n|cant|p2a: Incineroar|slp\n|\n|-weather|SunnyDay|[upkeep]\n|upkeep\n|\n|t:|1776413224\n|switch|p1a: Milotic|Milotic, L50, F|50/100\n|turn|8\n|\n|t:|1776413237\n|move|p2b: Typhlosion|Eruption|p1a: Milotic|[spread] p1a,p1b\n|-resisted|p1a: Milotic|1\n|-resisted|p1b: Charizard|1\n|-damage|p1a: Milotic|17/100\n|-damage|p1b: Charizard|6/100\n|move|p1b: Charizard|Weather Ball|p2b: Typhlosion\n|-resisted|p2b: Typhlosion|1\n|-damage|p2b: Typhlosion|34/100\n|move|p1a: Milotic|Scald|p2b: Typhlosion\n|-supereffective|p2b: Typhlosion|1\n|-damage|p2b: Typhlosion|0 fnt\n|faint|p2b: Typhlosion\n|-curestatus|p2a: Incineroar|slp|[msg]\n|move|p2a: Incineroar|Darkest Lariat|p1a: Milotic\n|-damage|p1a: Milotic|0 fnt\n|faint|p1a: Milotic\n|\n|-weather|SunnyDay|[upkeep]\n|upkeep\n|\n|t:|1776413242\n|switch|p2b: Floette|Floette-Mega, L50, F|49/100\n|-ability|p2b: Floette|Fairy Aura\n|turn|9\n|-message|yamzinyobooty forfeited.\n|\n|win|justpaolo008\n|raw|yamzinyobooty's rating: 1099 &rarr; <strong>1077</strong><br />(-22 for losing)\n|raw|justpaolo008's rating: 1143 &rarr; <strong>1165</strong><br />(+22 for winning)\n",
  "uploadtime": 1776413253,
  "views": 17,
  "formatid": "gen9championsvgc2026regma",
  "rating": 1077,
  "private": 0,
  "password": null
}