{
  "id": "gen9championsvgc2026regma-2582871880",
  "format": "[Gen 9 Champions] VGC 2026 Reg M-A",
  "players": [
    "the same as here",
    "fa32"
  ],
  "log": "|j|\u2606the same as here\n|j|\u2606fa32\n|t:|1776120835\n|gametype|doubles\n|player|p1|the same as here|janitor|1103\n|player|p2|fa32|1|1086\n|gen|9\n|tier|[Gen 9 Champions] VGC 2026 Reg M-A\n|rated|\n|rule|Species Clause: Limit one of each Pok\u00e9mon\n|rule|Item Clause: Limit 1 of each item\n|clearpoke\n|poke|p1|Floette-Eternal, L50, F|\n|poke|p1|Sinistcha, L50|\n|poke|p1|Incineroar, L50, F|\n|poke|p1|Gyarados, L50, M|\n|poke|p1|Garchomp, L50, F|\n|poke|p1|Glimmora, L50, F|\n|poke|p2|Sylveon, L50, F|\n|poke|p2|Froslass, L50, F|\n|poke|p2|Rotom-Frost, L50|\n|poke|p2|Empoleon, L50, M|\n|poke|p2|Dragonite, L50, F|\n|poke|p2|Sneasler, L50, M|\n|teampreview|4\n|\n|t:|1776120901\n|teamsize|p1|4\n|teamsize|p2|4\n|start\n|switch|p1a: The difference|Incineroar, L50, F|100/100\n|switch|p1b: Eden Hazards|Glimmora, L50, F|100/100\n|switch|p2a: Sneasler|Sneasler, L50, M|100/100\n|switch|p2b: Froslass|Froslass, L50, F, shiny|100/100\n|-ability|p1a: The difference|Intimidate|boost\n|-unboost|p2a: Sneasler|atk|1\n|-unboost|p2b: Froslass|atk|1\n|turn|1\n|\n|t:|1776120929\n|detailschange|p1b: Eden Hazards|Glimmora-Mega, L50, F\n|-mega|p1b: Eden Hazards|Glimmora|Glimmoranite\n|move|p1b: Eden Hazards|Spiky Shield|p1b: Eden Hazards\n|-singleturn|p1b: Eden Hazards|move: Protect\n|move|p2b: Froslass|Protect|p2b: Froslass\n|-singleturn|p2b: Froslass|Protect\n|move|p2a: Sneasler|Fake Out|p1a: The difference\n|-damage|p1a: The difference|92/100\n|cant|p1a: The difference|flinch\n|\n|upkeep\n|turn|2\n|\n|t:|1776120963\n|switch|p2b: Empoleon|Empoleon, L50, M|100/100\n|move|p2a: Sneasler|Close Combat|p1b: Eden Hazards\n|-damage|p1b: Eden Hazards|57/100\n|-unboost|p2a: Sneasler|def|1\n|-unboost|p2a: Sneasler|spd|1\n|move|p1b: Eden Hazards|Power Gem|p2b: Empoleon\n|-resisted|p2b: Empoleon|1\n|-damage|p2b: Empoleon|66/100\n|move|p1a: The difference|Flare Blitz|p2a: Sneasler\n|-enditem|p2a: Sneasler|Focus Sash\n|-damage|p2a: Sneasler|1/100\n|-damage|p1a: The difference|67/100|[from] Recoil\n|\n|upkeep\n|turn|3\n|\n|t:|1776120990\n|move|p1b: Eden Hazards|Spiky Shield|p1b: Eden Hazards\n|-singleturn|p1b: Eden Hazards|move: Protect\n|move|p2a: Sneasler|Close Combat|p1a: The difference\n|-supereffective|p1a: The difference|1\n|-damage|p1a: The difference|3/100\n|-unboost|p2a: Sneasler|def|1\n|-unboost|p2a: Sneasler|spd|1\n|move|p2b: Empoleon|Flash Cannon|p1b: Eden Hazards\n|-activate|p1b: Eden Hazards|move: Protect\n|move|p1a: The difference|Parting Shot|p2a: Sneasler\n|-unboost|p2a: Sneasler|atk|1\n|-unboost|p2a: Sneasler|spa|1\n|\n|t:|1776121003\n|switch|p1a: Piano|Garchomp, L50, F|100/100|[from] Parting Shot\n|\n|upkeep\n|turn|4\n|\n|t:|1776121035\n|switch|p2a: Sylveon|Sylveon, L50, F|100/100\n|switch|p1b: Problems|Sinistcha, L50|100/100\n|move|p1a: Piano|Stomping Tantrum|p2b: Empoleon\n|-supereffective|p2b: Empoleon|1\n|-damage|p2b: Empoleon|0 fnt\n|faint|p2b: Empoleon\n|\n|upkeep\n|\n|t:|1776121045\n|switch|p2b: Sneasler|Sneasler, L50, M|1/100\n|turn|5\n|\n|t:|1776121072\n|move|p2b: Sneasler|Fake Out|p1a: Piano\n|-damage|p1a: Piano|86/100\n|-damage|p2b: Sneasler|0 fnt|[from] ability: Rough Skin|[of] p1a: Piano\n|faint|p2b: Sneasler\n|cant|p1a: Piano|flinch\n|move|p1b: Problems|Stun Spore|p2a: Sylveon\n|-status|p2a: Sylveon|par\n|cant|p2a: Sylveon|par\n|\n|upkeep\n|\n|t:|1776121082\n|switch|p2b: Froslass|Froslass, L50, F, shiny|100/100\n|turn|6\n|\n|t:|1776121093\n|detailschange|p2b: Froslass|Froslass-Mega, L50, F, shiny\n|-mega|p2b: Froslass|Froslass|Froslassite\n|-weather|Snowscape|[from] ability: Snow Warning|[of] p2b: Froslass\n|move|p2b: Froslass|Blizzard|p1a: Piano|[spread] p1a,p1b\n|-supereffective|p1a: Piano|2\n|-supereffective|p1b: Problems|1\n|-damage|p1a: Piano|0 fnt\n|-damage|p1b: Problems|9/100\n|-enditem|p1b: Problems|Sitrus Berry|[eat]\n|-heal|p1b: Problems|34/100|[from] item: Sitrus Berry\n|faint|p1a: Piano\n|move|p1b: Problems|Stun Spore|p2b: Froslass\n|-status|p2b: Froslass|par\n|move|p2a: Sylveon|Moonblast|p1b: Problems\n|-damage|p1b: Problems|0 fnt\n|faint|p1b: Problems\n|\n|-weather|Snowscape|[upkeep]\n|upkeep\n|\n|t:|1776121105\n|switch|p1a: The difference|Incineroar, L50, F|3/100\n|switch|p1b: Eden Hazards|Glimmora-Mega, L50, F|57/100\n|-ability|p1a: The difference|Intimidate|boost\n|-unboost|p2a: Sylveon|atk|1\n|-unboost|p2b: Froslass|atk|1\n|turn|7\n|\n|t:|1776121136\n|move|p1a: The difference|Fake Out|p2a: Sylveon\n|-damage|p2a: Sylveon|88/100 par\n|move|p1b: Eden Hazards|Power Gem|p2b: Froslass\n|-supereffective|p2b: Froslass|1\n|-damage|p2b: Froslass|0 fnt\n|faint|p2b: Froslass\n|cant|p2a: Sylveon|flinch\n|\n|-weather|Snowscape|[upkeep]\n|upkeep\n|turn|8\n|\n|t:|1776121145\n|move|p1a: The difference|Helping Hand|p1b: Eden Hazards\n|-singleturn|p1b: Eden Hazards|Helping Hand|[of] p1a: The difference\n|move|p1b: Eden Hazards|Sludge Bomb|p2a: Sylveon\n|-supereffective|p2a: Sylveon|1\n|-damage|p2a: Sylveon|0 fnt\n|faint|p2a: Sylveon\n|\n|win|the same as here\n|raw|the same as here's rating: 1103 &rarr; <strong>1127</strong><br />(+24 for winning)\n|raw|fa32's rating: 1086 &rarr; <strong>1064</strong><br />(-22 for losing)\n|l|\u2606fa32\n|player|p2|\n",
  "uploadtime": 1776121156,
  "views": 13,
  "formatid": "gen9championsvgc2026regma",
  "rating": 1064,
  "private": 0,
  "password": null
}