{
  "id": "gen9championsvgc2026regma-2583016766",
  "format": "[Gen 9 Champions] VGC 2026 Reg M-A",
  "players": [
    "ryne0",
    "Michael Dukakis"
  ],
  "log": "|j|\u2606ryne0\n|j|\u2606Michael Dukakis\n|t:|1776133651\n|gametype|doubles\n|player|p1|ryne0|brycen|1128\n|player|p2|Michael Dukakis|worker|1030\n|gen|9\n|tier|[Gen 9 Champions] VGC 2026 Reg M-A\n|rated|\n|rule|Species Clause: Limit one of each Pok\u00e9mon\n|rule|Item Clause: Limit 1 of each item\n|clearpoke\n|poke|p1|Meowscarada, L50, M|\n|poke|p1|Froslass, L50, F|\n|poke|p1|Chandelure, L50, M|\n|poke|p1|Aegislash, L50, F|\n|poke|p1|Whimsicott, L50, F|\n|poke|p1|Rotom-Heat, L50|\n|poke|p2|Lucario, L50, F|\n|poke|p2|Whimsicott, L50, M|\n|poke|p2|Farigiraf, L50, F|\n|poke|p2|Garchomp, L50, M|\n|poke|p2|Milotic, L50, F|\n|poke|p2|Incineroar, L50, F|\n|teampreview|4\n|\n|t:|1776133682\n|teamsize|p1|4\n|teamsize|p2|4\n|start\n|switch|p1a: Meowscarada|Meowscarada, L50, M|100/100\n|switch|p1b: Whimsicott|Whimsicott, L50, F|100/100\n|switch|p2a: Incineroar|Incineroar, L50, F|100/100\n|switch|p2b: Milotic|Milotic, L50, F|100/100\n|-ability|p2a: Incineroar|Intimidate|boost\n|-unboost|p1a: Meowscarada|atk|1\n|-unboost|p1b: Whimsicott|atk|1\n|turn|1\n|\n|t:|1776133703\n|move|p2a: Incineroar|Fake Out|p1b: Whimsicott\n|-damage|p1b: Whimsicott|86/100\n|cant|p1b: Whimsicott|flinch\n|move|p1a: Meowscarada|Brick Break|p2a: Incineroar\n|-start|p1a: Meowscarada|typechange|Fighting|[from] ability: Protean\n|-supereffective|p2a: Incineroar|1\n|-enditem|p2a: Incineroar|Chople Berry|[eat]\n|-enditem|p2a: Incineroar|Chople Berry|[weaken]\n|-damage|p2a: Incineroar|75/100\n|move|p2b: Milotic|Ice Beam|p1b: Whimsicott\n|-supereffective|p1b: Whimsicott|1\n|-damage|p1b: Whimsicott|37/100\n|-status|p1b: Whimsicott|frz\n|\n|upkeep\n|turn|2\n|\n|t:|1776133731\n|cant|p1b: Whimsicott|frz\n|move|p1a: Meowscarada|U-turn|p2b: Milotic\n|-damage|p2b: Milotic|87/100\n|\n|t:|1776133741\n|switch|p1a: Rotom|Rotom-Heat, L50|100/100|[from] U-turn\n|move|p2b: Milotic|Scald|p1a: Rotom\n|-supereffective|p1a: Rotom|1\n|-damage|p1a: Rotom|39/100\n|move|p2a: Incineroar|Flare Blitz|p1b: Whimsicott\n|-supereffective|p1b: Whimsicott|1\n|-damage|p1b: Whimsicott|0 fnt\n|faint|p1b: Whimsicott\n|-damage|p2a: Incineroar|65/100|[from] Recoil\n|\n|-heal|p2b: Milotic|93/100|[from] item: Leftovers\n|upkeep\n|\n|t:|1776133763\n|switch|p1b: Meowscarada|Meowscarada, L50, M|100/100\n|turn|3\n|\n|t:|1776133788\n|move|p1a: Rotom|Protect|p1a: Rotom\n|-singleturn|p1a: Rotom|Protect\n|move|p2b: Milotic|Protect|p2b: Milotic\n|-singleturn|p2b: Milotic|Protect\n|move|p1b: Meowscarada|Flower Trick|p2b: Milotic\n|-start|p1b: Meowscarada|typechange|Grass|[from] ability: Protean\n|-activate|p2b: Milotic|move: Protect\n|move|p2a: Incineroar|Flare Blitz|p1b: Meowscarada\n|-supereffective|p1b: Meowscarada|1\n|-damage|p1b: Meowscarada|0 fnt\n|faint|p1b: Meowscarada\n|-damage|p2a: Incineroar|40/100|[from] Recoil\n|\n|-heal|p2b: Milotic|99/100|[from] item: Leftovers\n|upkeep\n|\n|t:|1776133806\n|switch|p1b: Aegislash|Aegislash, L50, F|100/100\n|turn|4\n|\n|t:|1776133837\n|move|p1a: Rotom|Thunderbolt|p2b: Milotic\n|-supereffective|p2b: Milotic|1\n|-damage|p2b: Milotic|42/100\n|move|p2b: Milotic|Scald|p1a: Rotom\n|-supereffective|p1a: Rotom|1\n|-damage|p1a: Rotom|0 fnt\n|faint|p1a: Rotom\n|move|p2a: Incineroar|Flare Blitz|p1b: Aegislash\n|-supereffective|p1b: Aegislash|1\n|-damage|p1b: Aegislash|21/100\n|-damage|p2a: Incineroar|18/100|[from] Recoil\n|-formechange|p1b: Aegislash|Aegislash-Blade|\n|move|p1b: Aegislash|Sacred Sword|p2a: Incineroar\n|-supereffective|p2a: Incineroar|1\n|-damage|p2a: Incineroar|0 fnt\n|faint|p2a: Incineroar\n|\n|-heal|p2b: Milotic|49/100|[from] item: Leftovers\n|-heal|p1b: Aegislash|27/100|[from] item: Leftovers\n|upkeep\n|\n|t:|1776133854\n|switch|p2a: Garchomp|Garchomp, L50, M|100/100\n|turn|5\n|\n|t:|1776133859\n|-formechange|p1b: Aegislash|Aegislash|\n|move|p1b: Aegislash|King's Shield|p1b: Aegislash\n|-singleturn|p1b: Aegislash|Protect\n|move|p2a: Garchomp|Stomping Tantrum|p1b: Aegislash\n|-activate|p1b: Aegislash|move: Protect\n|-unboost|p2a: Garchomp|atk|1\n|move|p2b: Milotic|Scald|p1b: Aegislash\n|-activate|p1b: Aegislash|move: Protect\n|\n|-heal|p2b: Milotic|55/100|[from] item: Leftovers\n|-heal|p1b: Aegislash|33/100|[from] item: Leftovers\n|upkeep\n|turn|6\n|\n|t:|1776133883\n|move|p2a: Garchomp|Stomping Tantrum|p1b: Aegislash\n|-supereffective|p1b: Aegislash|1\n|-damage|p1b: Aegislash|0 fnt\n|faint|p1b: Aegislash\n|\n|win|Michael Dukakis\n|raw|ryne0's rating: 1128 &rarr; <strong>1096</strong><br />(-32 for losing)\n|raw|Michael Dukakis's rating: 1030 &rarr; <strong>1075</strong><br />(+45 for winning)\n|l|\u2606Michael Dukakis\n|player|p2|\n",
  "uploadtime": 1776134000,
  "views": 10,
  "formatid": "gen9championsvgc2026regma",
  "rating": 1075,
  "private": 0,
  "password": null
}