{
  "id": "gen9championsvgc2026regma-2589453224",
  "format": "[Gen 9 Champions] VGC 2026 Reg M-A",
  "players": [
    "robervaldo09",
    "MimikyuBot"
  ],
  "log": "|j|\u2606robervaldo09\n|j|\u2606MimikyuBot\n|t:|1776724285\n|gametype|doubles\n|player|p1|robervaldo09|hilda|1064\n|player|p2|MimikyuBot|266|1000\n|gen|9\n|tier|[Gen 9 Champions] VGC 2026 Reg M-A\n|rated|\n|rule|Species Clause: Limit one of each Pok\u00e9mon\n|rule|Item Clause: Limit 1 of each item\n|clearpoke\n|poke|p1|Typhlosion-Hisui, L50, M|\n|poke|p1|Gardevoir, L50, M|\n|poke|p1|Zoroark-Hisui, L50, M|\n|poke|p1|Sneasler, L50, M|\n|poke|p1|Whimsicott, L50, M|\n|poke|p1|Incineroar, L50, M|\n|poke|p2|Aegislash, L50, M, shiny|\n|poke|p2|Whimsicott, L50, M, shiny|\n|poke|p2|Gallade, L50, M, shiny|\n|poke|p2|Incineroar, L50, F, shiny|\n|poke|p2|Clefable, L50, F, shiny|\n|poke|p2|Milotic, L50, M, shiny|\n|teampreview|4\nMimikyuBot has agreed to open team sheets.\n|inactive|Battle timer is ON: inactive players will automatically lose when time's up. (requested by robervaldo09)\n|inactive|robervaldo09 has 60 seconds left.\n|inactive|MimikyuBot has 60 seconds left.\n|inactive|MimikyuBot has 30 seconds left.\n|inactive|MimikyuBot has 20 seconds left.\n|inactive|MimikyuBot has 15 seconds left.\n|inactive|MimikyuBot has 10 seconds left.\n|inactive|MimikyuBot has 5 seconds left.\nrobervaldo09 rejected open team sheets.\n|\n|t:|1776724371\n|teamsize|p1|4\n|teamsize|p2|4\n|start\n|switch|p1a: Whimsicott|Whimsicott, L50, M|100/100\n|switch|p1b: Sneasler|Sneasler, L50, M|100/100\n|switch|p2a: Whimsicott|Whimsicott, L50, M, shiny|100/100\n|switch|p2b: Gallade|Gallade, L50, M, shiny|100/100\n|turn|1\n|inactive|MimikyuBot also wants the timer to be on.\n|\n|t:|1776724383\n|detailschange|p2b: Gallade|Gallade-Mega, L50, M, shiny\n|-mega|p2b: Gallade|Gallade|Galladite\n|move|p1b: Sneasler|Protect|p1b: Sneasler\n|-singleturn|p1b: Sneasler|Protect\n|move|p1a: Whimsicott|Taunt|p2a: Whimsicott\n|-start|p2a: Whimsicott|move: Taunt\n|move|p2a: Whimsicott|Moonblast|p1a: Whimsicott\n|-damage|p1a: Whimsicott|50/100\n|-unboost|p1a: Whimsicott|spa|1\n|move|p2b: Gallade|Psycho Cut|p1b: Sneasler\n|-activate|p1b: Sneasler|move: Protect\n|\n|-heal|p1a: Whimsicott|56/100|[from] item: Leftovers\n|upkeep\n|turn|2\n|\n|t:|1776724403\n|move|p1a: Whimsicott|Tailwind|p1a: Whimsicott\n|-sidestart|p1: robervaldo09|move: Tailwind\n|move|p1b: Sneasler|Dire Claw|p2a: Whimsicott\n|-supereffective|p2a: Whimsicott|2\n|-enditem|p2a: Whimsicott|Focus Sash\n|-damage|p2a: Whimsicott|1/100\n|-status|p2a: Whimsicott|par\n|move|p2b: Gallade|Psycho Cut|p1b: Sneasler\n|-supereffective|p1b: Sneasler|2\n|-damage|p1b: Sneasler|0 fnt\n|faint|p1b: Sneasler\n|move|p2a: Whimsicott|Moonblast|p1a: Whimsicott\n|-damage|p1a: Whimsicott|8/100\n|\n|-heal|p1a: Whimsicott|14/100|[from] item: Leftovers\n|upkeep\n|\n|t:|1776724423\n|switch|p1b: Typhlosion|Typhlosion-Hisui, L50, M|100/100\n|-item|p2b: Gallade|Galladite|[from] ability: Frisk|[of] p1b: Typhlosion\n|turn|3\n|\n|t:|1776724435\n|move|p1a: Whimsicott|Moonblast|p2b: Gallade\n|-supereffective|p2b: Gallade|1\n|-damage|p2b: Gallade|59/100\n|-unboost|p2b: Gallade|spa|1\n|move|p1b: Typhlosion|Eruption|p2b: Gallade|[spread] p2a,p2b\n|-supereffective|p2a: Whimsicott|1\n|-damage|p2a: Whimsicott|0 fnt\n|-damage|p2b: Gallade|0 fnt\n|faint|p2a: Whimsicott\n|faint|p2b: Gallade\n|\n|-heal|p1a: Whimsicott|20/100|[from] item: Leftovers\n|upkeep\n|\n|t:|1776724435\n|switch|p2a: Aegislash|Aegislash, L50, M, shiny|100/100\n|switch|p2b: Incineroar|Incineroar, L50, F, shiny|100/100\n|-ability|p2b: Incineroar|Intimidate|boost\n|-unboost|p1a: Whimsicott|atk|1\n|-unboost|p1b: Typhlosion|atk|1\n|turn|4\n|\n|t:|1776724458\n|move|p1a: Whimsicott|Moonblast|p2b: Incineroar\n|-damage|p2b: Incineroar|88/100\n|move|p1b: Typhlosion|Eruption|p2a: Aegislash|[spread] p2a,p2b\n|-supereffective|p2a: Aegislash|1\n|-resisted|p2b: Incineroar|1\n|-damage|p2a: Aegislash|0 fnt\n|-damage|p2b: Incineroar|63/100\n|faint|p2a: Aegislash\n|move|p2b: Incineroar|Flare Blitz|p1a: Whimsicott\n|-supereffective|p1a: Whimsicott|1\n|-damage|p1a: Whimsicott|0 fnt\n|faint|p1a: Whimsicott\n|-damage|p2b: Incineroar|57/100|[from] Recoil\n|\n|-heal|p2b: Incineroar|63/100|[from] item: Leftovers\n|upkeep\n|\n|t:|1776724471\n|switch|p1a: Incineroar|Incineroar, L50, M|100/100\n|-ability|p1a: Incineroar|Intimidate|boost\n|-unboost|p2b: Incineroar|atk|1\n|turn|5\n|\n|t:|1776724474\n|move|p1a: Incineroar|Fake Out|p2b: Incineroar\n|-damage|p2b: Incineroar|51/100\n|cant|p2b: Incineroar|flinch\n|move|p1b: Typhlosion|Eruption|p2b: Incineroar\n|-resisted|p2b: Incineroar|1\n|-damage|p2b: Incineroar|15/100\n|\n|-heal|p2b: Incineroar|21/100|[from] item: Leftovers\n|-sideend|p1: robervaldo09|move: Tailwind\n|upkeep\n|turn|6\n|\n|t:|1776724487\n|move|p1b: Typhlosion|Eruption|p2b: Incineroar\n|-resisted|p2b: Incineroar|1\n|-damage|p2b: Incineroar|0 fnt\n|faint|p2b: Incineroar\n|\n|win|robervaldo09\n",
  "uploadtime": 1776724373,
  "views": 3,
  "formatid": "gen9championsvgc2026regma",
  "rating": null,
  "private": 0,
  "password": null
}