{
  "id": "gen9championsvgc2026regma-2582727611",
  "format": "[Gen 9 Champions] VGC 2026 Reg M-A",
  "players": [
    "Mounrey",
    "tokerr"
  ],
  "log": "|j|\u2606Mounrey\n|j|\u2606tokerr\n|t:|1776109972\n|gametype|doubles\n|player|p1|Mounrey|miku-ghost|1079\n|player|p2|tokerr|ninjaboy|1112\n|gen|9\n|tier|[Gen 9 Champions] VGC 2026 Reg M-A\n|rated|\n|rule|Species Clause: Limit one of each Pok\u00e9mon\n|rule|Item Clause: Limit 1 of each item\n|clearpoke\n|poke|p1|Garchomp, L50, F|\n|poke|p1|Lucario, L50, F|\n|poke|p1|Sinistcha, L50|\n|poke|p1|Incineroar, L50, F|\n|poke|p1|Tyranitar, L50, M|\n|poke|p1|Rotom-Wash, L50|\n|poke|p2|Sneasler, L50, M|\n|poke|p2|Maushold-Four, L50|\n|poke|p2|Garchomp, L50, F|\n|poke|p2|Kingambit, L50, F|\n|poke|p2|Charizard, L50, M|\n|poke|p2|Dragapult, L50, F|\n|teampreview|4\n|inactive|Battle timer is ON: inactive players will automatically lose when time's up. (requested by tokerr)\n|\n|t:|1776110091\n|teamsize|p1|4\n|teamsize|p2|4\n|start\n|switch|p1a: Garchomp|Garchomp, L50, F|100/100\n|switch|p1b: Rotom|Rotom-Wash, L50|100/100\n|switch|p2a: Kingambit|Kingambit, L50, F|100/100\n|switch|p2b: Dragapult|Dragapult, L50, F|100/100\n|turn|1\n|\n|t:|1776110115\n|move|p1a: Garchomp|Protect|p1a: Garchomp\n|-singleturn|p1a: Garchomp|Protect\n|move|p2a: Kingambit|Sucker Punch||[still]\n|-fail|p2a: Kingambit\n|move|p2b: Dragapult|Draco Meteor|p1a: Garchomp\n|-activate|p1a: Garchomp|move: Protect\n|move|p1b: Rotom|Will-O-Wisp|p2b: Dragapult\n|-status|p2b: Dragapult|brn\n|\n|-damage|p2b: Dragapult|94/100 brn|[from] brn\n|upkeep\n|turn|2\n|inactive|tokerr has 30 seconds left.\n|\n|t:|1776110148\n|switch|p1a: Tyranitar|Tyranitar, L50, M|100/100\n|-weather|Sandstorm|[from] ability: Sand Stream|[of] p1a: Tyranitar\n|move|p2a: Kingambit|Sucker Punch||[still]\n|-fail|p2a: Kingambit\n|move|p2b: Dragapult|Draco Meteor|p1a: Tyranitar\n|-damage|p1a: Tyranitar|73/100\n|-unboost|p2b: Dragapult|spa|2\n|move|p1b: Rotom|Will-O-Wisp|p2a: Kingambit\n|-status|p2a: Kingambit|brn\n|\n|-weather|Sandstorm|[upkeep]\n|-damage|p2b: Dragapult|88/100 brn|[from] Sandstorm\n|-damage|p1b: Rotom|95/100|[from] Sandstorm\n|-heal|p1b: Rotom|100/100|[from] item: Leftovers\n|-damage|p2b: Dragapult|82/100 brn|[from] brn\n|-damage|p2a: Kingambit|95/100 brn|[from] brn\n|upkeep\n|turn|3\n|inactive|Mounrey has 30 seconds left.\n|inactive|Mounrey has 20 seconds left.\n|inactive|Mounrey has 15 seconds left.\n|inactive|Mounrey has 10 seconds left.\n|\n|t:|1776110195\n|move|p2b: Dragapult|Will-O-Wisp|p1a: Tyranitar\n|-status|p1a: Tyranitar|brn\n|move|p1b: Rotom|Thunderbolt|p2a: Kingambit\n|-crit|p2a: Kingambit\n|-damage|p2a: Kingambit|45/100 brn\n|move|p1a: Tyranitar|Knock Off|p2b: Dragapult|[miss]\n|-miss|p1a: Tyranitar|p2b: Dragapult\n|move|p2a: Kingambit|Iron Head|p1a: Tyranitar\n|-supereffective|p1a: Tyranitar|1\n|-damage|p1a: Tyranitar|38/100 brn\n|\n|-weather|Sandstorm|[upkeep]\n|-damage|p2b: Dragapult|76/100 brn|[from] Sandstorm\n|-damage|p1b: Rotom|95/100|[from] Sandstorm\n|-heal|p1b: Rotom|100/100|[from] item: Leftovers\n|-damage|p2b: Dragapult|70/100 brn|[from] brn\n|-damage|p1a: Tyranitar|32/100 brn|[from] brn\n|-damage|p2a: Kingambit|39/100 brn|[from] brn\n|upkeep\n|turn|4\n|inactive|Mounrey has 30 seconds left.\n|inactive|tokerr has 30 seconds left.\n|inactive|Mounrey has 20 seconds left.\n|\n|t:|1776110232\n|switch|p1a: Incineroar|Incineroar, L50, F|100/100\n|-ability|p1a: Incineroar|Intimidate|boost\n|-unboost|p2a: Kingambit|atk|1\n|-ability|p2a: Kingambit|Defiant|boost\n|-boost|p2a: Kingambit|atk|2\n|-fail|p2b: Dragapult|unboost|[from] ability: Clear Body|[of] p2b: Dragapult\n|move|p2b: Dragapult|Draco Meteor|p1b: Rotom\n|-damage|p1b: Rotom|75/100\n|-unboost|p2b: Dragapult|spa|2\n|move|p1b: Rotom|Thunderbolt|p2a: Kingambit\n|-damage|p2a: Kingambit|6/100 brn\n|move|p2a: Kingambit|Iron Head|p1a: Incineroar\n|-resisted|p1a: Incineroar|1\n|-damage|p1a: Incineroar|85/100\n|\n|-weather|Sandstorm|[upkeep]\n|-damage|p2b: Dragapult|64/100 brn|[from] Sandstorm\n|-damage|p1b: Rotom|69/100|[from] Sandstorm\n|-damage|p1a: Incineroar|79/100|[from] Sandstorm\n|-heal|p1b: Rotom|75/100|[from] item: Leftovers\n|-damage|p2b: Dragapult|58/100 brn|[from] brn\n|-damage|p2a: Kingambit|0 fnt|[from] brn\n|faint|p2a: Kingambit\n|upkeep\n|\n|t:|1776110250\n|switch|p2a: Charizard|Charizard, L50, M|100/100\n|turn|5\n|\n|t:|1776110263\n|switch|p2b: Garchomp|Garchomp, L50, F|100/100\n|move|p2a: Charizard|Protect|p2a: Charizard\n|-singleturn|p2a: Charizard|Protect\n|move|p1a: Incineroar|Fake Out|p2a: Charizard\n|-activate|p2a: Charizard|move: Protect\n|move|p1b: Rotom|Thunderbolt|p2a: Charizard\n|-activate|p2a: Charizard|move: Protect\n|\n|-weather|Sandstorm|[upkeep]\n|-damage|p2a: Charizard|94/100|[from] Sandstorm\n|-damage|p1b: Rotom|69/100|[from] Sandstorm\n|-damage|p1a: Incineroar|73/100|[from] Sandstorm\n|-heal|p1b: Rotom|75/100|[from] item: Leftovers\n|upkeep\n|turn|6\n|inactive|Mounrey has 30 seconds left.\n|\n|t:|1776110293\n|detailschange|p2a: Charizard|Charizard-Mega-Y, L50, M\n|-mega|p2a: Charizard|Charizard|Charizardite Y\n|-weather|SunnyDay|[from] ability: Drought|[of] p2a: Charizard\n|move|p1b: Rotom|Protect|p1b: Rotom\n|-singleturn|p1b: Rotom|Protect\n|move|p2b: Garchomp|Earthquake|p1a: Incineroar|[spread] p1a\n|-activate|p1b: Rotom|move: Protect\n|-immune|p2a: Charizard\n|-supereffective|p1a: Incineroar|1\n|-damage|p1a: Incineroar|1/100\n|-enditem|p1a: Incineroar|Sitrus Berry|[eat]\n|-heal|p1a: Incineroar|26/100|[from] item: Sitrus Berry\n|move|p2a: Charizard|Solar Beam||[still]\n|-prepare|p2a: Charizard|Solar Beam\n|-anim|p2a: Charizard|Solar Beam|p1b: Rotom\n|-activate|p1b: Rotom|move: Protect\n|move|p1a: Incineroar|Parting Shot|p2a: Charizard\n|-unboost|p2a: Charizard|atk|1\n|-unboost|p2a: Charizard|spa|1\n|inactive|Mounrey has 30 seconds left.\n|\n|t:|1776110321\n|switch|p1a: Tyranitar|Tyranitar, L50, M|32/100 brn|[from] Parting Shot\n|-weather|Sandstorm|[from] ability: Sand Stream|[of] p1a: Tyranitar\n|\n|-weather|Sandstorm|[upkeep]\n|-damage|p2a: Charizard|88/100|[from] Sandstorm\n|-damage|p1b: Rotom|69/100|[from] Sandstorm\n|-heal|p1b: Rotom|75/100|[from] item: Leftovers\n|-damage|p1a: Tyranitar|27/100 brn|[from] brn\n|upkeep\n|turn|7\n|\n|t:|1776110332\n|move|p1a: Tyranitar|Protect|p1a: Tyranitar\n|-singleturn|p1a: Tyranitar|Protect\n|move|p2b: Garchomp|Earthquake|p1b: Rotom|[spread] \n|-activate|p1a: Tyranitar|move: Protect\n|-immune|p2a: Charizard\n|-immune|p1b: Rotom|[from] ability: Levitate\n|move|p2a: Charizard|Solar Beam||[still]\n|-prepare|p2a: Charizard|Solar Beam\n|move|p1b: Rotom|Will-O-Wisp|p2b: Garchomp\n|-status|p2b: Garchomp|brn\n|\n|-weather|Sandstorm|[upkeep]\n|-damage|p2a: Charizard|82/100|[from] Sandstorm\n|-damage|p1b: Rotom|69/100|[from] Sandstorm\n|-heal|p1b: Rotom|75/100|[from] item: Leftovers\n|-damage|p2b: Garchomp|94/100 brn|[from] brn\n|-damage|p1a: Tyranitar|21/100 brn|[from] brn\n|upkeep\n|turn|8\n|c|\u2606tokerr|hurry up\n|inactive|Mounrey has 30 seconds left.\n|inactive|Mounrey has 20 seconds left.\n|inactive|Mounrey has 15 seconds left.\n|inactive|Mounrey has 10 seconds left.\n|inactive|Mounrey has 5 seconds left.\n|\n|t:|1776110383\n|switch|p1a: Incineroar|Incineroar, L50, F|26/100\n|-ability|p1a: Incineroar|Intimidate|boost\n|-unboost|p2a: Charizard|atk|1\n|-unboost|p2b: Garchomp|atk|1\n|move|p2b: Garchomp|Earthquake|p1a: Incineroar|[spread] p1a\n|-immune|p2a: Charizard\n|-immune|p1b: Rotom|[from] ability: Levitate\n|-supereffective|p1a: Incineroar|1\n|-damage|p1a: Incineroar|4/100\n|move|p2a: Charizard|Solar Beam|p1b: Rotom|[from] lockedmove\n|-supereffective|p1b: Rotom|1\n|-damage|p1b: Rotom|44/100\n|move|p1b: Rotom|Hydro Pump|p2b: Garchomp\n|-damage|p2b: Garchomp|48/100 brn\n|\n|-weather|Sandstorm|[upkeep]\n|-damage|p2a: Charizard|76/100|[from] Sandstorm\n|-damage|p1b: Rotom|39/100|[from] Sandstorm\n|-damage|p1a: Incineroar|0 fnt|[from] Sandstorm\n|faint|p1a: Incineroar\n|-heal|p1b: Rotom|44/100|[from] item: Leftovers\n|-damage|p2b: Garchomp|42/100 brn|[from] brn\n|upkeep\n|\n|t:|1776110401\n|switch|p1a: Garchomp|Garchomp, L50, F|100/100\n|turn|9\n|\n|t:|1776110423\n|move|p2b: Garchomp|Earthquake|p1b: Rotom|[spread] p1a\n|-immune|p2a: Charizard\n|-immune|p1b: Rotom|[from] ability: Levitate\n|-damage|p1a: Garchomp|88/100\n|move|p1a: Garchomp|Rock Slide|p2b: Garchomp|[spread] p2a,p2b\n|-supereffective|p2a: Charizard|2\n|-resisted|p2b: Garchomp|1\n|-damage|p2a: Charizard|0 fnt\n|-damage|p2b: Garchomp|33/100 brn\n|faint|p2a: Charizard\n|move|p1b: Rotom|Hydro Pump|p2b: Garchomp|[miss]\n|-miss|p1b: Rotom|p2b: Garchomp\n|\n|-weather|Sandstorm|[upkeep]\n|-damage|p1b: Rotom|39/100|[from] Sandstorm\n|-heal|p1b: Rotom|44/100|[from] item: Leftovers\n|-damage|p2b: Garchomp|27/100 brn|[from] brn\n|upkeep\n|\n|t:|1776110429\n|switch|p2a: Dragapult|Dragapult, L50, F|58/100 brn\n|turn|10\n|\n|t:|1776110449\n|move|p1a: Garchomp|Protect|p1a: Garchomp\n|-singleturn|p1a: Garchomp|Protect\n|move|p2b: Garchomp|Earthquake|p1a: Garchomp|[spread] p2a\n|-activate|p1a: Garchomp|move: Protect\n|-immune|p1b: Rotom|[from] ability: Levitate\n|-damage|p2a: Dragapult|40/100 brn\n|move|p2a: Dragapult|Draco Meteor|p1a: Garchomp\n|-activate|p1a: Garchomp|move: Protect\n|move|p1b: Rotom|Hydro Pump|p2a: Dragapult\n|-resisted|p2a: Dragapult|1\n|-damage|p2a: Dragapult|6/100 brn\n|\n|-weather|none\n|-heal|p1b: Rotom|50/100|[from] item: Leftovers\n|-damage|p2b: Garchomp|21/100 brn|[from] brn\n|-damage|p2a: Dragapult|0 fnt|[from] brn\n|faint|p2a: Dragapult\n|upkeep\n|turn|11\n|\n|t:|1776110472\n|switch|p1b: Tyranitar|Tyranitar, L50, M|21/100 brn\n|-weather|Sandstorm|[from] ability: Sand Stream|[of] p1b: Tyranitar\n|move|p2b: Garchomp|Earthquake|p1b: Tyranitar|[spread] p1a,p1b\n|-supereffective|p1b: Tyranitar|1\n|-damage|p1a: Garchomp|75/100\n|-damage|p1b: Tyranitar|0 fnt\n|faint|p1b: Tyranitar\n|move|p1a: Garchomp|Dragon Claw|p2b: Garchomp\n|-supereffective|p2b: Garchomp|1\n|-damage|p2b: Garchomp|0 fnt\n|-damage|p1a: Garchomp|63/100|[from] ability: Rough Skin|[of] p2b: Garchomp\n|faint|p2b: Garchomp\n|\n|win|Mounrey\n|raw|Mounrey's rating: 1079 &rarr; <strong>1108</strong><br />(+29 for winning)\n|raw|tokerr's rating: 1088 &rarr; <strong>1064</strong><br />(-24 for losing)\n|l|\u2606tokerr\n|player|p2|\n",
  "uploadtime": 1776110487,
  "views": 23,
  "formatid": "gen9championsvgc2026regma",
  "rating": 1064,
  "private": 0,
  "password": null
}