{
  "id": "gen9championsvgc2026regma-2582358626",
  "format": "[Gen 9 Champions] VGC 2026 Reg M-A",
  "players": [
    "kingbriddz",
    "Schnomme"
  ],
  "log": "|j|\u2606kingbriddz\n|j|\u2606Schnomme\n|t:|1776086195\n|gametype|doubles\n|player|p1|kingbriddz|2|1114\n|player|p2|Schnomme|170|1080\n|gen|9\n|tier|[Gen 9 Champions] VGC 2026 Reg M-A\n|rated|\n|rule|Species Clause: Limit one of each Pok\u00e9mon\n|rule|Item Clause: Limit 1 of each item\n|clearpoke\n|poke|p1|Hawlucha, L50, F|\n|poke|p1|Snorlax, L50, M|\n|poke|p1|Sinistcha-Masterpiece, L50|\n|poke|p1|Rotom-Wash, L50|\n|poke|p1|Incineroar, L50, M|\n|poke|p1|Aerodactyl, L50, M|\n|poke|p2|Lucario, L50, M|\n|poke|p2|Incineroar, L50, M|\n|poke|p2|Zoroark-Hisui, L50, M|\n|poke|p2|Kingambit, L50, F|\n|poke|p2|Whimsicott, L50, M|\n|poke|p2|Mimikyu, L50, M|\n|teampreview|4\n|\n|t:|1776086225\n|teamsize|p1|4\n|teamsize|p2|4\n|start\n|switch|p1a: Snorlax|Snorlax, L50, M, shiny|100/100\n|switch|p1b: Hawlucha|Hawlucha, L50, F|100/100\n|switch|p2a: Incineroar|Incineroar, L50, M, shiny|100/100\n|switch|p2b: Kingambit|Kingambit, L50, F, shiny|100/100\n|-ability|p1b: Hawlucha|Mold Breaker\n|turn|1\n|\n|t:|1776086249\n|detailschange|p1b: Hawlucha|Hawlucha-Mega, L50, F\n|-mega|p1b: Hawlucha|Hawlucha|Hawluchanite\n|move|p1b: Hawlucha|Protect|p1b: Hawlucha\n|-singleturn|p1b: Hawlucha|Protect\n|move|p1a: Snorlax|Protect|p1a: Snorlax\n|-singleturn|p1a: Snorlax|Protect\n|move|p2a: Incineroar|Fake Out|p1b: Hawlucha\n|-activate|p1b: Hawlucha|move: Protect\n|move|p2b: Kingambit|Focus Blast|p1a: Snorlax\n|-activate|p1a: Snorlax|move: Protect\n|\n|upkeep\n|turn|2\n|inactive|Battle timer is ON: inactive players will automatically lose when time's up. (requested by kingbriddz)\n|\n|t:|1776086275\n|move|p2b: Kingambit|Bitter Malice|p1a: Snorlax\n|-immune|p1a: Snorlax\n|move|p1b: Hawlucha|Entrainment|p1a: Snorlax\n|-ability|p1a: Snorlax|No Guard|Thick Fat|[from] move: Entrainment|[of] p1b: Hawlucha\n|move|p2a: Incineroar|Will-O-Wisp|p1b: Hawlucha\n|-status|p1b: Hawlucha|brn\n|move|p1a: Snorlax|Fissure|p2b: Kingambit\n|-enditem|p2b: Kingambit|Focus Sash\n|-damage|p2b: Kingambit|1/100\n|replace|p2b: Zoroark|Zoroark-Hisui, L50, M, shiny\n|-end|p2b: Zoroark|Illusion\n|\n|-damage|p1b: Hawlucha|95/100 brn|[from] brn\n|upkeep\n|turn|3\n|\n|t:|1776086298\n|move|p2b: Zoroark|Focus Blast|p1a: Snorlax\n|-supereffective|p1a: Snorlax|1\n|-damage|p1a: Snorlax|57/100\n|move|p1b: Hawlucha|Brave Bird|p2b: Zoroark\n|-damage|p2b: Zoroark|0 fnt\n|faint|p2b: Zoroark\n|-damage|p1b: Hawlucha|94/100 brn|[from] Recoil\n|move|p2a: Incineroar|Flare Blitz|p1a: Snorlax\n|-damage|p1a: Snorlax|25/100\n|-damage|p2a: Incineroar|87/100|[from] Recoil\n|move|p1a: Snorlax|Fissure|p2a: Incineroar\n|-damage|p2a: Incineroar|0 fnt\n|faint|p2a: Incineroar\n|-ohko\n|\n|-heal|p1a: Snorlax|31/100|[from] item: Leftovers\n|-damage|p1b: Hawlucha|88/100 brn|[from] brn\n|upkeep\n|\n|t:|1776086316\n|switch|p2b: Kingambit|Kingambit, L50, F, shiny|100/100\n|switch|p2a: Lucario|Lucario, L50, M, shiny|100/100\n|turn|4\n|\n|t:|1776086333\n|detailschange|p2a: Lucario|Lucario-Mega, L50, M, shiny\n|-mega|p2a: Lucario|Lucario|Lucarionite\n|move|p1a: Snorlax|Protect|p1a: Snorlax\n|-singleturn|p1a: Snorlax|Protect\n|move|p2a: Lucario|Extreme Speed|p1b: Hawlucha\n|-damage|p1b: Hawlucha|53/100 brn\n|move|p2b: Kingambit|Sucker Punch||[still]\n|-fail|p2b: Kingambit\n|move|p1b: Hawlucha|Flying Press|p2b: Kingambit\n|-supereffective|p2b: Kingambit|1\n|-damage|p2b: Kingambit|69/100\n|\n|-heal|p1a: Snorlax|37/100|[from] item: Leftovers\n|-damage|p1b: Hawlucha|47/100 brn|[from] brn\n|upkeep\n|turn|5\n|inactive|kingbriddz has 30 seconds left.\n|inactive|kingbriddz has 20 seconds left.\n|inactive|kingbriddz has 15 seconds left.\n|\n|t:|1776086374\n|move|p2b: Kingambit|Sucker Punch|p1b: Hawlucha\n|-resisted|p1b: Hawlucha|1\n|-damage|p1b: Hawlucha|25/100 brn\n|move|p1b: Hawlucha|Flying Press|p2b: Kingambit\n|-supereffective|p2b: Kingambit|1\n|-damage|p2b: Kingambit|35/100\n|move|p2a: Lucario|Close Combat|p1a: Snorlax\n|-supereffective|p1a: Snorlax|1\n|-damage|p1a: Snorlax|0 fnt\n|-unboost|p2a: Lucario|def|1\n|-unboost|p2a: Lucario|spd|1\n|faint|p1a: Snorlax\n|\n|-damage|p1b: Hawlucha|19/100 brn|[from] brn\n|upkeep\n|\n|t:|1776086395\n|switch|p1a: Incineroar|Incineroar, L50, M|100/100\n|-ability|p1a: Incineroar|Intimidate|boost\n|-unboost|p2a: Lucario|atk|1\n|-unboost|p2b: Kingambit|atk|1\n|-ability|p2b: Kingambit|Defiant|boost\n|-boost|p2b: Kingambit|atk|2\n|turn|6\n|\n|t:|1776086412\n|move|p1a: Incineroar|Fake Out|p2b: Kingambit\n|-resisted|p2b: Kingambit|1\n|-damage|p2b: Kingambit|31/100\n|cant|p2b: Kingambit|flinch\n|move|p1b: Hawlucha|Brave Bird|p2a: Lucario\n|-damage|p2a: Lucario|50/100\n|-damage|p1b: Hawlucha|4/100 brn|[from] Recoil\n|move|p2a: Lucario|Close Combat|p1a: Incineroar\n|-supereffective|p1a: Incineroar|1\n|-damage|p1a: Incineroar|0 fnt\n|-unboost|p2a: Lucario|def|1\n|-unboost|p2a: Lucario|spd|1\n|faint|p1a: Incineroar\n|\n|-damage|p1b: Hawlucha|0 fnt|[from] brn\n|faint|p1b: Hawlucha\n|upkeep\n|\n|t:|1776086425\n|switch|p1b: Rotom|Rotom-Wash, L50|100/100\n|turn|7\n|\n|t:|1776086446\n|move|p2a: Lucario|Extreme Speed|p1b: Rotom\n|-damage|p1b: Rotom|74/100\n|move|p1b: Rotom|Thunderbolt|p2a: Lucario\n|-damage|p2a: Lucario|0 fnt\n|faint|p2a: Lucario\n|move|p2b: Kingambit|Zen Headbutt|p1b: Rotom\n|-damage|p1b: Rotom|27/100\n|\n|upkeep\n|turn|8\n|\n|t:|1776086455\n|move|p2b: Kingambit|Sucker Punch|p1b: Rotom\n|-damage|p1b: Rotom|0 fnt\n|faint|p1b: Rotom\n|\n|win|Schnomme\n|raw|kingbriddz's rating: 1114 &rarr; <strong>1087</strong><br />(-27 for losing)\n|raw|Schnomme's rating: 1080 &rarr; <strong>1111</strong><br />(+31 for winning)\n|c|\u2606kingbriddz|Gg\n",
  "uploadtime": 1776086461,
  "views": 11,
  "formatid": "gen9championsvgc2026regma",
  "rating": 1087,
  "private": 0,
  "password": null
}