{
  "id": "gen9championsvgc2026regma-2588260358",
  "format": "[Gen 9 Champions] VGC 2026 Reg M-A",
  "players": [
    "The_Scraggy",
    "Anakin1927"
  ],
  "log": "|j|\u2606The_Scraggy\n|j|\u2606Anakin1927\n|t:|1776618908\n|gametype|doubles\n|player|p1|The_Scraggy|170|1070\n|player|p2|Anakin1927|265|1157\n|gen|9\n|tier|[Gen 9 Champions] VGC 2026 Reg M-A\n|rated|\n|rule|Species Clause: Limit one of each Pok\u00e9mon\n|rule|Item Clause: Limit 1 of each item\n|clearpoke\n|poke|p1|Ceruledge, L50, M|\n|poke|p1|Froslass, L50, F|\n|poke|p1|Primarina, L50, F|\n|poke|p1|Sinistcha-Masterpiece, L50|\n|poke|p1|Rotom-Frost, L50|\n|poke|p1|Garchomp, L50, M|\n|poke|p2|Charizard, L50, F|\n|poke|p2|Whimsicott, L50, M|\n|poke|p2|Incineroar, L50, F|\n|poke|p2|Garchomp, L50, M|\n|poke|p2|Farigiraf, L50, F|\n|poke|p2|Snorlax, L50, F|\n|teampreview|4\n|\n|t:|1776618932\n|teamsize|p1|4\n|teamsize|p2|4\n|start\n|switch|p1a: Froslass|Froslass, L50, F|100/100\n|switch|p1b: Rotom|Rotom-Frost, L50|100/100\n|switch|p2a: Garchomp|Garchomp, L50, M|100/100\n|switch|p2b: Incineroar|Incineroar, L50, F|100/100\n|-ability|p2b: Incineroar|Intimidate|boost\n|-unboost|p1a: Froslass|atk|1\n|-unboost|p1b: Rotom|atk|1\n|turn|1\n|\n|t:|1776618946\n|detailschange|p1a: Froslass|Froslass-Mega, L50, F\n|-mega|p1a: Froslass|Froslass|Froslassite\n|-weather|Snowscape|[from] ability: Snow Warning|[of] p1a: Froslass\n|move|p2b: Incineroar|Fake Out|p1b: Rotom\n|-damage|p1b: Rotom|90/100\n|move|p2a: Garchomp|Rock Slide|p1a: Froslass|[spread] p1a,p1b\n|-supereffective|p1a: Froslass|1\n|-supereffective|p1b: Rotom|1\n|-damage|p1a: Froslass|54/100\n|-damage|p1b: Rotom|54/100\n|cant|p1b: Rotom|flinch\n|move|p1a: Froslass|Aurora Veil|p1a: Froslass\n|-sidestart|p1: The_Scraggy|move: Aurora Veil\n|\n|-weather|Snowscape|[upkeep]\n|upkeep\n|turn|2\n|\n|t:|1776618968\n|move|p2a: Garchomp|Rock Slide|p1b: Rotom|[spread] p1a,p1b\n|-supereffective|p1a: Froslass|1\n|-supereffective|p1b: Rotom|1\n|-damage|p1a: Froslass|25/100\n|-damage|p1b: Rotom|26/100\n|move|p1b: Rotom|Trick|p2b: Incineroar\n|-activate|p1b: Rotom|move: Trick|[of] p2b: Incineroar\n|-item|p2b: Incineroar|Choice Scarf|[from] move: Trick\n|-item|p1b: Rotom|Sitrus Berry|[from] move: Trick\n|-enditem|p1b: Rotom|Sitrus Berry|[eat]\n|-heal|p1b: Rotom|51/100|[from] item: Sitrus Berry\n|move|p1a: Froslass|Blizzard|p2b: Incineroar|[spread] p2a,p2b\n|-supereffective|p2a: Garchomp|2\n|-resisted|p2b: Incineroar|1\n|-damage|p2a: Garchomp|0 fnt\n|-damage|p2b: Incineroar|82/100\n|faint|p2a: Garchomp\n|move|p2b: Incineroar|Flare Blitz|p1a: Froslass\n|-supereffective|p1a: Froslass|1\n|-damage|p1a: Froslass|0 fnt\n|faint|p1a: Froslass\n|-damage|p2b: Incineroar|76/100|[from] Recoil\n|\n|-weather|Snowscape|[upkeep]\n|upkeep\n|\n|t:|1776618991\n|switch|p1a: Garchomp|Garchomp, L50, M|100/100\n|switch|p2a: Charizard|Charizard, L50, F|100/100\n|turn|3\n|\n|t:|1776619006\n|switch|p1b: Ceruledge|Ceruledge, L50, M|100/100\n|move|p1a: Garchomp|Rock Slide|p2a: Charizard|[spread] p2a,p2b\n|-supereffective|p2a: Charizard|2\n|-supereffective|p2b: Incineroar|1\n|-damage|p2a: Charizard|0 fnt\n|-damage|p2b: Incineroar|43/100\n|faint|p2a: Charizard\n|move|p2b: Incineroar|Flare Blitz|p1b: Ceruledge\n|-start|p1b: Ceruledge|ability: Flash Fire\n|\n|-weather|Snowscape|[upkeep]\n|upkeep\n|\n|t:|1776619018\n|switch|p2a: Whimsicott|Whimsicott, L50, M|100/100\n|turn|4\n|\n|t:|1776619025\n|move|p2a: Whimsicott|Moonblast|p1a: Garchomp\n|-supereffective|p1a: Garchomp|1\n|-damage|p1a: Garchomp|49/100\n|move|p1a: Garchomp|Rock Slide|p2b: Incineroar|[spread] p2a,p2b\n|-supereffective|p2b: Incineroar|1\n|-damage|p2a: Whimsicott|72/100\n|-damage|p2b: Incineroar|14/100\n|cant|p2b: Incineroar|flinch\n|move|p1b: Ceruledge|Bitter Blade|p2a: Whimsicott\n|-supereffective|p2a: Whimsicott|1\n|-damage|p2a: Whimsicott|0 fnt\n|faint|p2a: Whimsicott\n|\n|-weather|Snowscape|[upkeep]\n|upkeep\n|turn|5\n|-message|Anakin1927 forfeited.\n|\n|win|The_Scraggy\n|raw|The_Scraggy's rating: 1070 &rarr; <strong>1107</strong><br />(+37 for winning)\n|raw|Anakin1927's rating: 1157 &rarr; <strong>1126</strong><br />(-31 for losing)\n|l|\u2606Anakin1927\n|player|p2|\n",
  "uploadtime": 1776619081,
  "views": 12,
  "formatid": "gen9championsvgc2026regma",
  "rating": 1107,
  "private": 0,
  "password": null
}