{
  "id": "gen9championsvgc2026regma-2582389395",
  "format": "[Gen 9 Champions] VGC 2026 Reg M-A",
  "players": [
    "unfurroml",
    "ub student"
  ],
  "log": "|j|\u2606unfurroml\n|j|\u2606ub student\n|t:|1776088432\n|gametype|doubles\n|player|p1|unfurroml|spark|1236\n|player|p2|ub student|265|1310\n|gen|9\n|tier|[Gen 9 Champions] VGC 2026 Reg M-A\n|rated|\n|rule|Species Clause: Limit one of each Pok\u00e9mon\n|rule|Item Clause: Limit 1 of each item\n|clearpoke\n|poke|p1|Pidgeot, L50, F|\n|poke|p1|Raichu, L50, F|\n|poke|p1|Garchomp, L50, M|\n|poke|p1|Incineroar, L50, F|\n|poke|p1|Sneasler, L50, M|\n|poke|p1|Farigiraf, L50, M|\n|poke|p2|Crabominable, L50, M|\n|poke|p2|Incineroar, L50, F|\n|poke|p2|Farigiraf, L50, M|\n|poke|p2|Torkoal, L50, F|\n|poke|p2|Venusaur, L50, M|\n|poke|p2|Drampa, L50, M|\n|teampreview|4\n|inactive|Battle timer is ON: inactive players will automatically lose when time's up. (requested by ub student)\n|\n|t:|1776088453\n|teamsize|p1|4\n|teamsize|p2|4\n|start\n|switch|p1a: Pidgeot|Pidgeot, L50, F, shiny|100/100\n|switch|p1b: Sneasler|Sneasler, L50, M|100/100\n|switch|p2a: Incineroar|Incineroar, L50, F|100/100\n|switch|p2b: Farigiraf|Farigiraf, L50, M|100/100\n|-ability|p2a: Incineroar|Intimidate|boost\n|-unboost|p1a: Pidgeot|atk|1\n|-unboost|p1b: Sneasler|atk|1\n|turn|1\n|\n|t:|1776088466\n|switch|p1b: Farigiraf|Farigiraf, L50, M|100/100\n|detailschange|p1a: Pidgeot|Pidgeot-Mega, L50, F, shiny\n|-mega|p1a: Pidgeot|Pidgeot|Pidgeotite\n|move|p2a: Incineroar|Fake Out||[still]\n|cant|p1b: Farigiraf|ability: Armor Tail|Fake Out|[of] p2a: Incineroar\n|move|p1a: Pidgeot|Hurricane|p2b: Farigiraf\n|-damage|p2b: Farigiraf|38/100\n|-start|p2b: Farigiraf|confusion\n|-activate|p2b: Farigiraf|confusion\n|move|p2b: Farigiraf|Trick Room|p2b: Farigiraf\n|-fieldstart|move: Trick Room|[of] p2b: Farigiraf\n|\n|-heal|p2b: Farigiraf|45/100|[from] item: Leftovers\n|upkeep\n|turn|2\n|\n|t:|1776088486\n|-end|p2b: Farigiraf|confusion\n|move|p2b: Farigiraf|Protect|p2b: Farigiraf\n|-singleturn|p2b: Farigiraf|Protect\n|move|p1a: Pidgeot|Protect|p1a: Pidgeot\n|-singleturn|p1a: Pidgeot|Protect\n|move|p2a: Incineroar|Parting Shot|p1a: Pidgeot\n|-activate|p1a: Pidgeot|move: Protect\n|move|p1b: Farigiraf|Trick Room|p1b: Farigiraf\n|-fieldend|move: Trick Room\n|\n|-heal|p2b: Farigiraf|51/100|[from] item: Leftovers\n|upkeep\n|turn|3\n|inactive|ub student has 30 seconds left.\n|\n|t:|1776088518\n|move|p2b: Farigiraf|Protect|p2b: Farigiraf\n|-singleturn|p2b: Farigiraf|Protect\n|move|p1a: Pidgeot|Hurricane|p2b: Farigiraf\n|-activate|p2b: Farigiraf|move: Protect\n|move|p2a: Incineroar|Parting Shot|p1a: Pidgeot\n|-unboost|p1a: Pidgeot|atk|1\n|-unboost|p1a: Pidgeot|spa|1\n|\n|t:|1776088529\n|switch|p2a: Crabominable|Crabominable, L50, M|100/100|[from] Parting Shot\n|move|p1b: Farigiraf|Hyper Voice|p2a: Crabominable|[spread] p2a\n|-activate|p2b: Farigiraf|move: Protect\n|-damage|p2a: Crabominable|70/100\n|\n|-heal|p2b: Farigiraf|57/100|[from] item: Leftovers\n|upkeep\n|turn|4\n|\n|t:|1776088543\n|move|p2a: Crabominable|Protect|p2a: Crabominable\n|-singleturn|p2a: Crabominable|Protect\n|move|p1a: Pidgeot|Hurricane|p2b: Farigiraf\n|-damage|p2b: Farigiraf|18/100\n|move|p1b: Farigiraf|Hyper Voice|p2b: Farigiraf|[spread] p2b\n|-activate|p2a: Crabominable|move: Protect\n|-damage|p2b: Farigiraf|0 fnt\n|faint|p2b: Farigiraf\n|\n|upkeep\n|\n|t:|1776088554\n|switch|p2b: Torkoal|Torkoal, L50, F|100/100\n|-weather|SunnyDay|[from] ability: Drought|[of] p2b: Torkoal\n|turn|5\n|\n|t:|1776088561\n|detailschange|p2a: Crabominable|Crabominable-Mega, L50, M\n|-mega|p2a: Crabominable|Crabominable|Crabominite\n|move|p1a: Pidgeot|Hurricane|p2b: Torkoal\n|-damage|p2b: Torkoal|51/100\n|move|p1b: Farigiraf|Hyper Voice|p2a: Crabominable|[spread] p2a,p2b\n|-damage|p2a: Crabominable|49/100\n|-damage|p2b: Torkoal|17/100\n|move|p2a: Crabominable|Ice Hammer|p1a: Pidgeot\n|-supereffective|p1a: Pidgeot|1\n|-damage|p1a: Pidgeot|0 fnt\n|-unboost|p2a: Crabominable|spe|1\n|faint|p1a: Pidgeot\n|move|p2b: Torkoal|Heat Wave|p1b: Farigiraf\n|-damage|p1b: Farigiraf|33/100\n|\n|-weather|SunnyDay|[upkeep]\n|-heal|p1b: Farigiraf|39/100|[from] item: Leftovers\n|upkeep\n|\n|t:|1776088571\n|switch|p1a: Garchomp|Garchomp, L50, M|100/100\n|turn|6\n|\n|t:|1776088577\n|switch|p2b: Incineroar|Incineroar, L50, F|100/100\n|-ability|p2b: Incineroar|Intimidate|boost\n|-unboost|p1a: Garchomp|atk|1\n|-unboost|p1b: Farigiraf|atk|1\n|move|p1a: Garchomp|Rock Slide|p2b: Incineroar|[spread] p2a,p2b\n|-supereffective|p2b: Incineroar|1\n|-damage|p2a: Crabominable|37/100\n|-damage|p2b: Incineroar|73/100\n|move|p1b: Farigiraf|Hyper Voice|p2b: Incineroar|[spread] p2a,p2b\n|-damage|p2a: Crabominable|16/100\n|-damage|p2b: Incineroar|53/100\n|cant|p2a: Crabominable|flinch\n|\n|-weather|SunnyDay|[upkeep]\n|-heal|p1b: Farigiraf|45/100|[from] item: Leftovers\n|upkeep\n|turn|7\n|-message|ub student forfeited.\n|\n|win|unfurroml\n|raw|unfurroml's rating: 1236 &rarr; <strong>1266</strong><br />(+30 for winning)\n|raw|ub student's rating: 1310 &rarr; <strong>1286</strong><br />(-24 for losing)\n|l|\u2606ub student\n|player|p2|\n",
  "uploadtime": 1776088597,
  "views": 18,
  "formatid": "gen9championsvgc2026regma",
  "rating": 1266,
  "private": 0,
  "password": null
}