{
  "id": "gen9championsvgc2026regma-2585978244",
  "format": "[Gen 9 Champions] VGC 2026 Reg M-A",
  "players": [
    "superboy245",
    "wartortcorp"
  ],
  "log": "|j|\u2606superboy245\n|j|\u2606wartortcorp\n|t:|1776386961\n|gametype|doubles\n|player|p1|superboy245|buck|1413\n|player|p2|wartortcorp|102|1369\n|gen|9\n|tier|[Gen 9 Champions] VGC 2026 Reg M-A\n|rated|\n|rule|Species Clause: Limit one of each Pok\u00e9mon\n|rule|Item Clause: Limit 1 of each item\n|clearpoke\n|poke|p1|Greninja-*, L50, M|\n|poke|p1|Politoed, L50, M|\n|poke|p1|Basculegion, L50, M|\n|poke|p1|Lucario, L50, M|\n|poke|p1|Sinistcha, L50|\n|poke|p1|Toxicroak, L50, M|\n|poke|p2|Sinistcha-Masterpiece, L50|\n|poke|p2|Garchomp, L50, F|\n|poke|p2|Tyranitar, L50, M|\n|poke|p2|Skarmory, L50, F|\n|poke|p2|Rotom-Heat, L50|\n|poke|p2|Milotic, L50, F|\n|teampreview|4\nsuperboy245 rejected open team sheets.\n|\n|t:|1776387024\n|teamsize|p1|4\n|teamsize|p2|4\n|start\n|switch|p1a: Greninja|Greninja, L50, M|100/100\n|switch|p1b: Sinistcha|Sinistcha, L50|100/100\n|switch|p2a: Skarmory|Skarmory, L50, F|100/100\n|switch|p2b: Sinistcha|Sinistcha-Masterpiece, L50|100/100\n|turn|1\n|\n|t:|1776387054\n|detailschange|p1a: Greninja|Greninja-Mega, L50, M\n|-mega|p1a: Greninja|Greninja|Greninjite\n|move|p1a: Greninja|Dark Pulse|p2b: Sinistcha\n|-start|p1a: Greninja|typechange|Dark|[from] ability: Protean\n|-supereffective|p2b: Sinistcha|1\n|-enditem|p2b: Sinistcha|Colbur Berry|[eat]\n|-enditem|p2b: Sinistcha|Colbur Berry|[weaken]\n|-damage|p2b: Sinistcha|61/100\n|move|p2a: Skarmory|Brave Bird|p1b: Sinistcha\n|-supereffective|p1b: Sinistcha|1\n|-damage|p1b: Sinistcha|43/100\n|-damage|p2a: Skarmory|80/100|[from] Recoil\n|move|p1b: Sinistcha|Matcha Gotcha|p2b: Sinistcha|[spread] p2a,p2b\n|-resisted|p2a: Skarmory|2\n|-crit|p2a: Skarmory\n|-resisted|p2b: Sinistcha|1\n|-damage|p2a: Skarmory|67/100\n|-heal|p1b: Sinistcha|49/100|[from] drain|[of] p2a: Skarmory\n|-damage|p2b: Sinistcha|48/100\n|-heal|p1b: Sinistcha|56/100|[from] drain|[of] p2b: Sinistcha\n|move|p2b: Sinistcha|Trick Room|p2b: Sinistcha\n|-fieldstart|move: Trick Room|[of] p2b: Sinistcha\n|\n|-heal|p1b: Sinistcha|62/100|[from] item: Leftovers\n|upkeep\n|turn|2\n|\n|t:|1776387110\n|move|p1b: Sinistcha|Protect|p1b: Sinistcha\n|-singleturn|p1b: Sinistcha|Protect\n|move|p1a: Greninja|Protect|p1a: Greninja\n|-singleturn|p1a: Greninja|Protect\n|move|p2b: Sinistcha|Matcha Gotcha|p1a: Greninja|[spread] \n|-activate|p1a: Greninja|move: Protect\n|-activate|p1b: Sinistcha|move: Protect\n|move|p2a: Skarmory|Brave Bird|p1b: Sinistcha\n|-activate|p1b: Sinistcha|move: Protect\n|\n|-heal|p1b: Sinistcha|68/100|[from] item: Leftovers\n|upkeep\n|turn|3\n|inactive|Battle timer is ON: inactive players will automatically lose when time's up. (requested by superboy245)\n|\n|t:|1776387149\n|move|p1b: Sinistcha|Life Dew||[still]|[spread] p1a,p1b\n|-fail|p1a: Greninja|heal\n|-heal|p1b: Sinistcha|94/100\n|move|p2b: Sinistcha|Matcha Gotcha|p1a: Greninja|[spread] p1a,p1b\n|-resisted|p1b: Sinistcha|1\n|-damage|p1a: Greninja|64/100\n|-heal|p2b: Sinistcha|63/100|[from] drain|[of] p1a: Greninja\n|-damage|p1b: Sinistcha|77/100\n|-heal|p2b: Sinistcha|71/100|[from] drain|[of] p1b: Sinistcha\n|-status|p1b: Sinistcha|brn\n|move|p2a: Skarmory|Brave Bird|p1b: Sinistcha\n|-supereffective|p1b: Sinistcha|1\n|-damage|p1b: Sinistcha|19/100 brn\n|-damage|p2a: Skarmory|47/100|[from] Recoil\n|move|p1a: Greninja|Dark Pulse|p2b: Sinistcha\n|-supereffective|p2b: Sinistcha|1\n|-damage|p2b: Sinistcha|0 fnt\n|faint|p2b: Sinistcha\n|\n|-heal|p1b: Sinistcha|25/100 brn|[from] item: Leftovers\n|-damage|p1b: Sinistcha|19/100 brn|[from] brn\n|upkeep\n|\n|t:|1776387158\n|switch|p2b: Tyranitar|Tyranitar, L50, M|100/100\n|-weather|Sandstorm|[from] ability: Sand Stream|[of] p2b: Tyranitar\n|turn|4\n|\n|t:|1776387174\n|move|p2a: Skarmory|Protect|p2a: Skarmory\n|-singleturn|p2a: Skarmory|Protect\n|move|p1a: Greninja|Protect|p1a: Greninja\n|-singleturn|p1a: Greninja|Protect\n|move|p1b: Sinistcha|Life Dew|p1b: Sinistcha|[spread] p1a,p1b\n|-heal|p1a: Greninja|89/100\n|-heal|p1b: Sinistcha|44/100 brn\n|move|p2b: Tyranitar|Rock Slide|p1a: Greninja|[spread] p1b\n|-activate|p1a: Greninja|move: Protect\n|-damage|p1b: Sinistcha|22/100 brn\n|\n|-weather|Sandstorm|[upkeep]\n|-damage|p1b: Sinistcha|16/100 brn|[from] Sandstorm\n|-damage|p1a: Greninja|83/100|[from] Sandstorm\n|-heal|p1b: Sinistcha|22/100 brn|[from] item: Leftovers\n|-damage|p1b: Sinistcha|16/100 brn|[from] brn\n|upkeep\n|turn|5\n|inactive|superboy245 has 30 seconds left.\n|\n|t:|1776387201\n|switch|p1a: Politoed|Politoed, L50, M|100/100\n|-weather|RainDance|[from] ability: Drizzle|[of] p1a: Politoed\n|move|p1b: Sinistcha|Matcha Gotcha|p2b: Tyranitar|[spread] p2b\n|-miss|p1b: Sinistcha|p2a: Skarmory\n|-supereffective|p2b: Tyranitar|1\n|-damage|p2b: Tyranitar|60/100\n|-heal|p1b: Sinistcha|38/100 brn|[from] drain|[of] p2b: Tyranitar\n|move|p2b: Tyranitar|Rock Slide|p1b: Sinistcha|[spread] p1a,p1b\n|-damage|p1a: Politoed|68/100\n|-damage|p1b: Sinistcha|16/100 brn\n|move|p2a: Skarmory|Tailwind|p2a: Skarmory\n|-sidestart|p2: wartortcorp|move: Tailwind\n|\n|-weather|RainDance|[upkeep]\n|-heal|p1b: Sinistcha|22/100 brn|[from] item: Leftovers\n|-damage|p1b: Sinistcha|16/100 brn|[from] brn\n|-fieldend|move: Trick Room\n|upkeep\n|turn|6\n|inactive|superboy245 has 30 seconds left.\n|inactive|superboy245 has 20 seconds left.\n|inactive|wartortcorp has 30 seconds left.\n|inactive|superboy245 has 15 seconds left.\n|inactive|wartortcorp has 20 seconds left.\n|inactive|superboy245 has 10 seconds left.\n|inactive|wartortcorp has 15 seconds left.\n|inactive|superboy245 has 5 seconds left.\n|inactive|wartortcorp has 10 seconds left.\n|\n|t:|1776387263\n|detailschange|p2a: Skarmory|Skarmory-Mega, L50, F\n|-mega|p2a: Skarmory|Skarmory|Skarmorite\n|move|p1b: Sinistcha|Rage Powder|p1b: Sinistcha\n|-singleturn|p1b: Sinistcha|move: Rage Powder\n|move|p2a: Skarmory|Brave Bird|p1a: Politoed\n|-damage|p1a: Politoed|2/100\n|-enditem|p1a: Politoed|Sitrus Berry|[eat]\n|-heal|p1a: Politoed|27/100|[from] item: Sitrus Berry\n|-damage|p2a: Skarmory|20/100|[from] Recoil\n|move|p2b: Tyranitar|Rock Slide|p1b: Sinistcha|[spread] p1b\n|-miss|p2b: Tyranitar|p1a: Politoed\n|-damage|p1b: Sinistcha|0 fnt\n|faint|p1b: Sinistcha\n|move|p1a: Politoed|Weather Ball|p2b: Tyranitar\n|-supereffective|p2b: Tyranitar|1\n|-damage|p2b: Tyranitar|0 fnt\n|faint|p2b: Tyranitar\n|\n|-weather|RainDance|[upkeep]\n|upkeep\n|c|\u2606superboy245|That as luckw\n|c|\u2606superboy245|Im sorry\n|c|\u2606wartortcorp|last 4 games have been that way\n|inactive|superboy245 has 30 seconds left.\n|c|\u2606wartortcorp|no worries\n|\n|t:|1776387291\n|switch|p2b: Garchomp|Garchomp, L50, F|100/100\n|switch|p1b: Greninja|Greninja-Mega, L50, M|83/100\n|turn|7\n|\n|t:|1776387304\n|move|p1b: Greninja|Protect|p1b: Greninja\n|-start|p1b: Greninja|typechange|Normal|[from] ability: Protean\n|-singleturn|p1b: Greninja|Protect\n|move|p1a: Politoed|Protect|p1a: Politoed\n|-singleturn|p1a: Politoed|Protect\n|move|p2b: Garchomp|Earthquake|p1b: Greninja|[spread] \n|-activate|p1a: Politoed|move: Protect\n|-activate|p1b: Greninja|move: Protect\n|-immune|p2a: Skarmory\n|move|p2a: Skarmory|Iron Head|p1b: Greninja\n|-activate|p1b: Greninja|move: Protect\n|\n|-weather|RainDance|[upkeep]\n|upkeep\n|turn|8\n|inactive|superboy245 has 30 seconds left.\n|inactive|superboy245 has 20 seconds left.\n|inactive|superboy245 has 15 seconds left.\n|\n|t:|1776387349\n|switch|p1b: Basculegion|Basculegion, L50, M|100/100\n|move|p2b: Garchomp|Earthquake|p1a: Politoed|[spread] p1a,p1b\n|-immune|p2a: Skarmory\n|-damage|p1a: Politoed|0 fnt\n|-damage|p1b: Basculegion|47/100\n|faint|p1a: Politoed\n|move|p2a: Skarmory|Iron Head|p1b: Basculegion\n|-resisted|p1b: Basculegion|1\n|-damage|p1b: Basculegion|23/100\n|\n|-weather|RainDance|[upkeep]\n|-sideend|p2: wartortcorp|move: Tailwind\n|upkeep\n|\n|t:|1776387352\n|switch|p1a: Greninja|Greninja-Mega, L50, M|83/100\n|turn|9\n|\n|t:|1776387366\n|move|p1b: Basculegion|Flip Turn|p2a: Skarmory\n|-damage|p2a: Skarmory|0 fnt\n|faint|p2a: Skarmory\n|move|p1a: Greninja|Ice Beam|p2b: Garchomp\n|-start|p1a: Greninja|typechange|Ice|[from] ability: Protean\n|-supereffective|p2b: Garchomp|2\n|-enditem|p2b: Garchomp|Focus Sash\n|-damage|p2b: Garchomp|1/100\n|move|p2b: Garchomp|Earthquake|p1a: Greninja|[spread] p1a,p1b\n|-crit|p1b: Basculegion\n|-damage|p1a: Greninja|23/100\n|-damage|p1b: Basculegion|0 fnt\n|faint|p1b: Basculegion\n|\n|-weather|none\n|upkeep\n|turn|10\n|-message|wartortcorp forfeited.\n|\n|win|superboy245\n|raw|superboy245's rating: 1413 &rarr; <strong>1429</strong><br />(+16 for winning)\n|raw|wartortcorp's rating: 1351 &rarr; <strong>1335</strong><br />(-16 for losing)\n|l|\u2606wartortcorp\n|player|p2|\n|c|\u2606superboy245|Gg\n",
  "uploadtime": 1776387380,
  "views": 33,
  "formatid": "gen9championsvgc2026regma",
  "rating": 1335,
  "private": 0,
  "password": null
}