{
  "id": "gen9championsvgc2026regma-2584607237",
  "format": "[Gen 9 Champions] VGC 2026 Reg M-A",
  "players": [
    "luckycrane",
    "Max dray"
  ],
  "log": "|j|\u2606luckycrane\n|j|\u2606Max dray\n|t:|1776271763\n|gametype|doubles\n|player|p1|luckycrane|266|1131\n|player|p2|Max dray|2|1099\n|gen|9\n|tier|[Gen 9 Champions] VGC 2026 Reg M-A\n|rated|\n|rule|Species Clause: Limit one of each Pok\u00e9mon\n|rule|Item Clause: Limit 1 of each item\n|clearpoke\n|poke|p1|Typhlosion-Hisui, L50, F|\n|poke|p1|Whimsicott, L50, F|\n|poke|p1|Incineroar, L50, F|\n|poke|p1|Gengar, L50, F|\n|poke|p1|Torkoal, L50, M|\n|poke|p1|Hatterene, L50, F|\n|poke|p2|Tyranitar, L50, M|\n|poke|p2|Garchomp, L50, M|\n|poke|p2|Aggron, L50, M|\n|poke|p2|Scizor, L50, M|\n|poke|p2|Rotom-Frost, L50|\n|poke|p2|Empoleon, L50, M|\n|teampreview|4\n|inactive|Battle timer is ON: inactive players will automatically lose when time's up. (requested by Max dray)\n|inactive|Max dray has 60 seconds left.\n|\n|t:|1776271794\n|teamsize|p1|4\n|teamsize|p2|4\n|start\n|switch|p1a: Torkoal|Torkoal, L50, M|100/100\n|switch|p1b: Incineroar|Incineroar, L50, F|100/100\n|switch|p2a: Scizor|Scizor, L50, M, shiny|100/100\n|switch|p2b: Empoleon|Empoleon, L50, M, shiny|100/100\n|-ability|p1b: Incineroar|Intimidate|boost\n|-unboost|p2a: Scizor|atk|1\n|-unboost|p2b: Empoleon|atk|1\n|-ability|p2b: Empoleon|Competitive|boost\n|-boost|p2b: Empoleon|spa|2\n|-weather|SunnyDay|[from] ability: Drought|[of] p1a: Torkoal\n|turn|1\n|inactive|Max dray has 30 seconds left.\n|inactive|Max dray has 20 seconds left.\n|inactive|Max dray has 15 seconds left.\n|\n|t:|1776271837\n|switch|p2b: Tyranitar|Tyranitar, L50, M, shiny|100/100\n|-weather|Sandstorm|[from] ability: Sand Stream|[of] p2b: Tyranitar\n|move|p2a: Scizor|Protect|p2a: Scizor\n|-singleturn|p2a: Scizor|Protect\n|move|p1b: Incineroar|Fake Out|p2b: Tyranitar\n|-resisted|p2b: Tyranitar|1\n|-damage|p2b: Tyranitar|97/100\n|move|p1a: Torkoal|Eruption|p2a: Scizor|[spread] p2b\n|-activate|p2a: Scizor|move: Protect\n|-resisted|p2b: Tyranitar|1\n|-damage|p2b: Tyranitar|80/100\n|\n|-weather|Sandstorm|[upkeep]\n|-damage|p1b: Incineroar|95/100|[from] Sandstorm\n|-damage|p1a: Torkoal|94/100|[from] Sandstorm\n|-heal|p1a: Torkoal|100/100|[from] item: Leftovers\n|upkeep\n|turn|2\n|inactive|luckycrane has 30 seconds left.\n|\n|t:|1776271866\n|switch|p2a: Garchomp|Garchomp, L50, M, shiny|100/100\n|move|p1a: Torkoal|Protect|p1a: Torkoal\n|-singleturn|p1a: Torkoal|Protect\n|move|p1b: Incineroar|Flare Blitz|p2a: Garchomp\n|-resisted|p2a: Garchomp|1\n|-damage|p2a: Garchomp|77/100\n|-damage|p1b: Incineroar|87/100|[from] Recoil\n|move|p2b: Tyranitar|Dragon Dance|p2b: Tyranitar\n|-boost|p2b: Tyranitar|atk|1\n|-boost|p2b: Tyranitar|spe|1\n|\n|-weather|Sandstorm|[upkeep]\n|-damage|p1b: Incineroar|81/100|[from] Sandstorm\n|-damage|p1a: Torkoal|94/100|[from] Sandstorm\n|-heal|p1a: Torkoal|100/100|[from] item: Leftovers\n|upkeep\n|turn|3\n|inactive|Max dray has 30 seconds left.\n|\n|t:|1776271896\n|switch|p1a: Whimsicott|Whimsicott, L50, F|100/100\n|detailschange|p2a: Garchomp|Garchomp-Mega, L50, M, shiny\n|-mega|p2a: Garchomp|Garchomp|Garchompite\n|move|p2a: Garchomp|Swords Dance|p2a: Garchomp\n|-boost|p2a: Garchomp|atk|2\n|move|p2b: Tyranitar|Rock Slide|p1b: Incineroar|[spread] p1a,p1b\n|-supereffective|p1b: Incineroar|1\n|-damage|p1a: Whimsicott|38/100\n|-damage|p1b: Incineroar|0 fnt\n|faint|p1b: Incineroar\n|\n|-weather|Sandstorm|[upkeep]\n|-damage|p1a: Whimsicott|32/100|[from] Sandstorm\n|upkeep\n|\n|t:|1776271909\n|switch|p1b: Torkoal|Torkoal, L50, M|100/100\n|-weather|SunnyDay|[from] ability: Drought|[of] p1b: Torkoal\n|turn|4\n|\n|t:|1776271932\n|move|p1a: Whimsicott|Tailwind|p1a: Whimsicott\n|-sidestart|p1: luckycrane|move: Tailwind\n|move|p2a: Garchomp|Earthquake|p1a: Whimsicott|[spread] p2b,p1a,p1b\n|-supereffective|p2b: Tyranitar|1\n|-resisted|p1a: Whimsicott|1\n|-supereffective|p1b: Torkoal|1\n|-damage|p2b: Tyranitar|0 fnt\n|-damage|p1a: Whimsicott|0 fnt\n|-damage|p1b: Torkoal|0 fnt\n|faint|p2b: Tyranitar\n|faint|p1a: Whimsicott\n|faint|p1b: Torkoal\n|\n|-weather|SunnyDay|[upkeep]\n|upkeep\n|\n|t:|1776271946\n|switch|p2b: Scizor|Scizor, L50, M, shiny|100/100\n|switch|p1b: Typhlosion|Typhlosion-Hisui, L50, F|100/100\n|turn|5\n|\n|t:|1776271970\n|move|p2a: Garchomp|Protect|p2a: Garchomp\n|-singleturn|p2a: Garchomp|Protect\n|move|p2b: Scizor|Bullet Punch|p1b: Typhlosion\n|-resisted|p1b: Typhlosion|1\n|-damage|p1b: Typhlosion|72/100\n|move|p1b: Typhlosion|Shadow Ball|p2a: Garchomp\n|-activate|p2a: Garchomp|move: Protect\n|\n|-weather|SunnyDay|[upkeep]\n|upkeep\n|turn|6\n|\n|t:|1776271986\n|move|p2b: Scizor|Protect|p2b: Scizor\n|-singleturn|p2b: Scizor|Protect\n|move|p1b: Typhlosion|Shadow Ball|p2a: Garchomp\n|-damage|p2a: Garchomp|36/100\n|move|p2a: Garchomp|Earthquake|p1b: Typhlosion|[spread] p1b\n|-activate|p2b: Scizor|move: Protect\n|-supereffective|p1b: Typhlosion|1\n|-damage|p1b: Typhlosion|0 fnt\n|faint|p1b: Typhlosion\n|\n|win|Max dray\n|raw|luckycrane's rating: 1131 &rarr; <strong>1104</strong><br />(-27 for losing)\n|raw|Max dray's rating: 1099 &rarr; <strong>1126</strong><br />(+27 for winning)\n|l|\u2606luckycrane\n|player|p1|\n",
  "uploadtime": 1776272109,
  "views": 21,
  "formatid": "gen9championsvgc2026regma",
  "rating": 1104,
  "private": 0,
  "password": null
}