{
  "id": "gen9championsvgc2026regma-2586981307",
  "format": "[Gen 9 Champions] VGC 2026 Reg M-A",
  "players": [
    "banbandeco9000",
    "Spgdd"
  ],
  "log": "|j|\u2606banbandeco9000\n|j|\u2606Spgdd\n|t:|1776477955\n|gametype|doubles\n|player|p1|banbandeco9000|roxie|1055\n|player|p2|Spgdd|miku-water|1031\n|gen|9\n|tier|[Gen 9 Champions] VGC 2026 Reg M-A\n|rated|\n|rule|Species Clause: Limit one of each Pok\u00e9mon\n|rule|Item Clause: Limit 1 of each item\n|clearpoke\n|poke|p1|Volcarona, L50, F|\n|poke|p1|Garchomp, L50, F|\n|poke|p1|Sylveon, L50, F|\n|poke|p1|Aerodactyl, L50, F|\n|poke|p1|Incineroar, L50, F|\n|poke|p1|Basculegion, L50, M|\n|poke|p2|Starmie, L50|\n|poke|p2|Meganium, L50, F|\n|poke|p2|Pelipper, L50, M|\n|poke|p2|Sableye, L50, M|\n|poke|p2|Garchomp, L50, M|\n|poke|p2|Archaludon, L50, M|\n|teampreview|4\n|inactive|Battle timer is ON: inactive players will automatically lose when time's up. (requested by Spgdd)\n|inactive|banbandeco9000 has 60 seconds left.\n|inactive|Spgdd has 60 seconds left.\n|\n|t:|1776478004\n|teamsize|p1|4\n|teamsize|p2|4\n|start\n|switch|p1a: Aerodactyl|Aerodactyl, L50, F, shiny|100/100\n|switch|p1b: Basculegion|Basculegion, L50, M|100/100\n|switch|p2a: Starmie|Starmie, L50, shiny|100/100\n|switch|p2b: Meganium|Meganium, L50, F, shiny|100/100\n|turn|1\n|inactive|banbandeco9000 has 30 seconds left.\n|inactive|Spgdd has 30 seconds left.\n|\n|t:|1776478039\n|detailschange|p2b: Meganium|Meganium-Mega, L50, F, shiny\n|-mega|p2b: Meganium|Meganium|Meganiumite\n|move|p1a: Aerodactyl|Dual Wingbeat|p2b: Meganium\n|-supereffective|p2b: Meganium|1\n|-damage|p2b: Meganium|68/100\n|-supereffective|p2b: Meganium|1\n|-damage|p2b: Meganium|38/100\n|-hitcount|p2b: Meganium|2\n|move|p2a: Starmie|Liquidation|p1a: Aerodactyl\n|-supereffective|p1a: Aerodactyl|1\n|-damage|p1a: Aerodactyl|0 fnt\n|faint|p1a: Aerodactyl\n|move|p1b: Basculegion|Last Respects|p2a: Starmie\n|-supereffective|p2a: Starmie|1\n|-damage|p2a: Starmie|0 fnt\n|faint|p2a: Starmie\n|move|p2b: Meganium|Solar Beam||[still]\n|-prepare|p2b: Meganium|Solar Beam\n|-activate|p2b: Meganium|ability: Mega Sol\n|-anim|p2b: Meganium|Solar Beam|p1b: Basculegion\n|-supereffective|p1b: Basculegion|1\n|-damage|p1b: Basculegion|0 fnt\n|faint|p1b: Basculegion\n|\n|upkeep\n|inactive|Spgdd has 30 seconds left.\n|\n|t:|1776478066\n|switch|p1a: Garchomp|Garchomp, L50, F|100/100\n|switch|p2a: Pelipper|Pelipper, L50, M, shiny|100/100\n|switch|p1b: Sylveon|Sylveon, L50, F|100/100\n|-weather|RainDance|[from] ability: Drizzle|[of] p2a: Pelipper\n|turn|2\n|inactive|banbandeco9000 has 30 seconds left.\n|inactive|banbandeco9000 has 20 seconds left.\n|inactive|banbandeco9000 has 15 seconds left.\n|inactive|banbandeco9000 has 10 seconds left.\n|\n|t:|1776478111\n|switch|p2b: Garchomp|Garchomp, L50, M, shiny|100/100\n|move|p1a: Garchomp|Rock Slide|p2b: Garchomp|[spread] p2a,p2b\n|-supereffective|p2a: Pelipper|1\n|-resisted|p2b: Garchomp|1\n|-damage|p2a: Pelipper|62/100\n|-damage|p2b: Garchomp|89/100\n|move|p2a: Pelipper|Tailwind|p2a: Pelipper\n|-sidestart|p2: Spgdd|move: Tailwind\n|move|p1b: Sylveon|Yawn|p2b: Garchomp\n|-start|p2b: Garchomp|move: Yawn|[of] p1b: Sylveon\n|\n|-weather|RainDance|[upkeep]\n|upkeep\n|turn|3\n|inactive|banbandeco9000 has 30 seconds left.\n|inactive|banbandeco9000 has 20 seconds left.\n|inactive|banbandeco9000 has 15 seconds left.\n|\n|t:|1776478153\n|move|p1b: Sylveon|Quick Attack|p2b: Garchomp\n|-supereffective|p2b: Garchomp|1\n|-damage|p2b: Garchomp|59/100\n|-damage|p1b: Sylveon|88/100|[from] ability: Rough Skin|[of] p2b: Garchomp\n|move|p2b: Garchomp|Poison Jab|p1b: Sylveon\n|-supereffective|p1b: Sylveon|1\n|-damage|p1b: Sylveon|13/100\n|-heal|p2b: Garchomp|69/100|[from] item: Shell Bell|[of] p1b: Sylveon\n|move|p2a: Pelipper|Weather Ball|p1a: Garchomp\n|-damage|p1a: Garchomp|41/100\n|move|p1a: Garchomp|Rock Slide|p2a: Pelipper|[spread] p2a,p2b\n|-supereffective|p2a: Pelipper|1\n|-resisted|p2b: Garchomp|1\n|-damage|p2a: Pelipper|19/100\n|-damage|p2b: Garchomp|59/100\n|\n|-weather|RainDance|[upkeep]\n|-end|p2b: Garchomp|move: Yawn|[silent]\n|-status|p2b: Garchomp|slp\n|upkeep\n|turn|4\n|inactive|banbandeco9000 has 30 seconds left.\n|inactive|banbandeco9000 has 20 seconds left.\n|\n|t:|1776478190\n|move|p1b: Sylveon|Quick Attack|p2a: Pelipper\n|-damage|p2a: Pelipper|4/100\n|cant|p2b: Garchomp|slp\n|move|p2a: Pelipper|Weather Ball|p1a: Garchomp\n|-damage|p1a: Garchomp|0 fnt\n|faint|p1a: Garchomp\n|\n|-weather|RainDance|[upkeep]\n|upkeep\n|turn|5\n|\n|t:|1776478204\n|cant|p2b: Garchomp|slp\n|move|p2a: Pelipper|Hurricane|p1b: Sylveon\n|-damage|p1b: Sylveon|0 fnt\n|faint|p1b: Sylveon\n|\n|win|Spgdd\n|raw|banbandeco9000's rating: 1055 &rarr; <strong>1035</strong><br />(-20 for losing)\n|raw|Spgdd's rating: 1031 &rarr; <strong>1069</strong><br />(+38 for winning)\n",
  "uploadtime": 1776478212,
  "views": 15,
  "formatid": "gen9championsvgc2026regma",
  "rating": 1035,
  "private": 0,
  "password": null
}