{
  "id": "gen9championsvgc2026regma-2581668905",
  "format": "[Gen 9 Champions] VGC 2026 Reg M-A",
  "players": [
    "anakbawangnieboss",
    "V1olet Gu4rd"
  ],
  "log": "|j|\u2606anakbawangnieboss\n|j|\u2606V1olet Gu4rd\n|t:|1776019352\n|gametype|doubles\n|player|p1|anakbawangnieboss|benga|1145\n|player|p2|V1olet Gu4rd|265|1106\n|gen|9\n|tier|[Gen 9 Champions] VGC 2026 Reg M-A\n|rated|\n|rule|Species Clause: Limit one of each Pok\u00e9mon\n|rule|Item Clause: Limit 1 of each item\n|clearpoke\n|poke|p1|Abomasnow, L50, M|\n|poke|p1|Toxapex, L50, M|\n|poke|p1|Reuniclus, L50, M|\n|poke|p1|Sableye, L50, F|\n|poke|p1|Kleavor, L50, F|\n|poke|p1|Skeledirge, L50, F|\n|poke|p2|Orthworm, L50, M|\n|poke|p2|Basculegion, L50, M|\n|poke|p2|Incineroar, L50, F|\n|poke|p2|Rotom-Frost, L50|\n|poke|p2|Froslass, L50, F|\n|poke|p2|Garchomp, L50, F|\n|teampreview|4\n|inactive|Battle timer is ON: inactive players will automatically lose when time's up. (requested by anakbawangnieboss)\nV1olet Gu4rd rejected open team sheets.\n|inactive|anakbawangnieboss has 60 seconds left.\n|inactive|V1olet Gu4rd has 60 seconds left.\n|inactive|anakbawangnieboss has 30 seconds left.\n|\n|t:|1776019421\n|teamsize|p1|4\n|teamsize|p2|4\n|start\n|switch|p1a: Kleavor|Kleavor, L50, F|100/100\n|switch|p1b: Toxapex|Toxapex, L50, M|100/100\n|switch|p2a: Orthworm|Orthworm, L50, M, shiny|100/100\n|switch|p2b: Incineroar|Incineroar, L50, F, shiny|100/100\n|-ability|p2b: Incineroar|Intimidate|boost\n|-unboost|p1a: Kleavor|atk|1\n|-unboost|p1b: Toxapex|atk|1\n|turn|1\n|\n|t:|1776019432\n|move|p2b: Incineroar|Fake Out|p1a: Kleavor\n|-resisted|p1a: Kleavor|1\n|-damage|p1a: Kleavor|93/100\n|cant|p1a: Kleavor|flinch\n|move|p2a: Orthworm|Shed Tail|p2a: Orthworm\n|-start|p2a: Orthworm|Substitute|[from] move: Shed Tail\n|-damage|p2a: Orthworm|50/100\n|-enditem|p2a: Orthworm|Sitrus Berry|[eat]\n|-heal|p2a: Orthworm|75/100|[from] item: Sitrus Berry\n|\n|t:|1776019440\n|switch|p2a: Froslass|Froslass, L50, F, shiny|100/100|[from] Shed Tail\n|move|p1b: Toxapex|Toxic Spikes|p2a: Froslass\n|-sidestart|p2: V1olet Gu4rd|move: Toxic Spikes\n|\n|upkeep\n|turn|2\n|\n|t:|1776019455\n|move|p2a: Froslass|Protect|p2a: Froslass\n|-singleturn|p2a: Froslass|Protect\n|move|p1a: Kleavor|Stone Axe|p2a: Froslass\n|-activate|p2a: Froslass|move: Protect\n|move|p2b: Incineroar|Parting Shot|p1a: Kleavor\n|-unboost|p1a: Kleavor|atk|1\n|-unboost|p1a: Kleavor|spa|1\n|\n|t:|1776019463\n|switch|p2b: Orthworm|Orthworm, L50, M, shiny|75/100|[from] Parting Shot\n|move|p1b: Toxapex|Toxic Spikes|p2a: Froslass\n|-sidestart|p2: V1olet Gu4rd|move: Toxic Spikes\n|\n|upkeep\n|turn|3\n|\n|t:|1776019471\n|switch|p1a: Sableye|Sableye, L50, F|100/100\n|move|p2a: Froslass|Nasty Plot|p2a: Froslass\n|-boost|p2a: Froslass|spa|2\n|move|p2b: Orthworm|Heavy Slam|p1a: Sableye\n|-damage|p1a: Sableye|52/100\n|move|p1b: Toxapex|Infestation|p2a: Froslass\n|-resisted|p2a: Froslass|1\n|-activate|p2a: Froslass|move: Substitute|[damage]\n|\n|upkeep\n|turn|4\n|inactive|anakbawangnieboss has 30 seconds left.\n|inactive|anakbawangnieboss has 20 seconds left.\n|inactive|anakbawangnieboss has 15 seconds left.\n|inactive|anakbawangnieboss has 10 seconds left.\n|inactive|anakbawangnieboss has 5 seconds left.\n|\n|t:|1776019523\n|detailschange|p2a: Froslass|Froslass-Mega, L50, F, shiny\n|-mega|p2a: Froslass|Froslass|Froslassite\n|-weather|Snowscape|[from] ability: Snow Warning|[of] p2a: Froslass\n|move|p1b: Toxapex|Baneful Bunker|p1b: Toxapex\n|-singleturn|p1b: Toxapex|move: Protect\n|move|p1a: Sableye|Will-O-Wisp|p2b: Orthworm\n|-status|p2b: Orthworm|brn\n|move|p2a: Froslass|Blizzard|p1a: Sableye|[spread] p1a\n|-activate|p1b: Toxapex|move: Protect\n|-damage|p1a: Sableye|0 fnt\n|faint|p1a: Sableye\n|move|p2b: Orthworm|Shed Tail|p2b: Orthworm\n|-start|p2b: Orthworm|Substitute|[from] move: Shed Tail\n|-damage|p2b: Orthworm|25/100 brn\n|\n|t:|1776019537\n|switch|p2b: Rotom|Rotom-Frost, L50, shiny|100/100|[from] Shed Tail\n|\n|-weather|Snowscape|[upkeep]\n|upkeep\n|\n|t:|1776019541\n|switch|p1a: Kleavor|Kleavor, L50, F|93/100\n|turn|5\n|\n|t:|1776019564\n|switch|p1b: Abomasnow|Abomasnow, L50, M|100/100\n|move|p1a: Kleavor|Stone Axe|p2a: Froslass\n|-supereffective|p2a: Froslass|1\n|-end|p2a: Froslass|Substitute\n|-sidestart|p2: V1olet Gu4rd|move: Stealth Rock\n|move|p2a: Froslass|Blizzard|p1b: Abomasnow|[spread] p1a,p1b\n|-damage|p1a: Kleavor|0 fnt\n|-damage|p1b: Abomasnow|10/100\n|faint|p1a: Kleavor\n|move|p2b: Rotom|Thunderbolt|p1b: Abomasnow\n|-resisted|p1b: Abomasnow|1\n|-damage|p1b: Abomasnow|0 fnt\n|faint|p1b: Abomasnow\n|\n|-weather|Snowscape|[upkeep]\n|upkeep\n|\n|t:|1776019574\n|switch|p1b: Toxapex|Toxapex, L50, M|100/100\n|turn|6\n|\n|t:|1776019580\n|move|p2a: Froslass|Shadow Ball|p1b: Toxapex\n|-damage|p1b: Toxapex|26/100\n|move|p2b: Rotom|Thunderbolt|p1b: Toxapex\n|-supereffective|p1b: Toxapex|1\n|-damage|p1b: Toxapex|0 fnt\n|faint|p1b: Toxapex\n|\n|win|V1olet Gu4rd\n|raw|anakbawangnieboss's rating: 1145 &rarr; <strong>1117</strong><br />(-28 for losing)\n|raw|V1olet Gu4rd's rating: 1106 &rarr; <strong>1134</strong><br />(+28 for winning)\n",
  "uploadtime": 1776019588,
  "views": 29,
  "formatid": "gen9championsvgc2026regma",
  "rating": 1117,
  "private": 0,
  "password": null
}