{
  "id": "gen9championsvgc2026regma-2588009317",
  "format": "[Gen 9 Champions] VGC 2026 Reg M-A",
  "players": [
    "Its andreas tbh",
    "Askurmommy"
  ],
  "log": "|j|\u2606Its andreas tbh\n|j|\u2606Askurmommy\n|t:|1776592340\n|gametype|doubles\n|player|p1|Its andreas tbh|265|1123\n|player|p2|Askurmommy|102|1153\n|gen|9\n|tier|[Gen 9 Champions] VGC 2026 Reg M-A\n|rated|\n|rule|Species Clause: Limit one of each Pok\u00e9mon\n|rule|Item Clause: Limit 1 of each item\n|clearpoke\n|poke|p1|Farigiraf, L50, M|\n|poke|p1|Aggron, L50, M|\n|poke|p1|Sinistcha, L50|\n|poke|p1|Tyranitar, L50, F|\n|poke|p1|Dragonite, L50, M|\n|poke|p1|Aerodactyl, L50, M|\n|poke|p2|Maushold-Four, L50|\n|poke|p2|Delphox, L50, M|\n|poke|p2|Floette-Eternal, L50, F|\n|poke|p2|Incineroar, L50, M|\n|poke|p2|Aerodactyl, L50, F|\n|poke|p2|Garchomp, L50, F|\n|teampreview|4\n|inactive|Battle timer is ON: inactive players will automatically lose when time's up. (requested by Askurmommy)\n|\n|t:|1776592366\n|teamsize|p1|4\n|teamsize|p2|4\n|start\n|switch|p1a: Aggron|Aggron, L50, M|100/100\n|switch|p1b: Farigiraf|Farigiraf, L50, M|100/100\n|switch|p2a: Floette|Floette-Eternal, L50, F|100/100\n|switch|p2b: Incineroar|Incineroar, L50, M|100/100\n|-ability|p2b: Incineroar|Intimidate|boost\n|-unboost|p1a: Aggron|atk|1\n|-unboost|p1b: Farigiraf|atk|1\n|turn|1\n|\n|t:|1776592391\n|switch|p2a: Maushold|Maushold-Four, L50|100/100\n|detailschange|p1a: Aggron|Aggron-Mega, L50, M\n|-mega|p1a: Aggron|Aggron|Aggronite\n|move|p1b: Farigiraf|Protect|p1b: Farigiraf\n|-singleturn|p1b: Farigiraf|Protect\n|move|p2b: Incineroar|Parting Shot|p1a: Aggron\n|-unboost|p1a: Aggron|atk|1\n|-unboost|p1a: Aggron|spa|1\n|\n|t:|1776592398\n|switch|p2b: Garchomp|Garchomp, L50, F|100/100|[from] Parting Shot\n|move|p1a: Aggron|Heavy Slam|p2a: Maushold\n|-damage|p2a: Maushold|54/100\n|\n|upkeep\n|turn|2\n|\n|t:|1776592415\n|switch|p1b: Aerodactyl|Aerodactyl, L50, M|100/100\n|-ability|p1b: Aerodactyl|Unnerve\n|switch|p1a: Sinistcha|Sinistcha, L50|100/100\n|move|p2a: Maushold|Taunt|p1b: Aerodactyl\n|-start|p1b: Aerodactyl|move: Taunt\n|move|p2b: Garchomp|Earthquake|p1a: Sinistcha|[spread] p2a,p1a\n|-immune|p1b: Aerodactyl\n|-resisted|p1a: Sinistcha|1\n|-damage|p2a: Maushold|5/100\n|-damage|p1a: Sinistcha|86/100\n|\n|upkeep\n|turn|3\n|\n|t:|1776592433\n|move|p1b: Aerodactyl|Rock Slide|p2b: Garchomp|[spread] p2a,p2b\n|-crit|p2a: Maushold\n|-resisted|p2b: Garchomp|1\n|-damage|p2a: Maushold|0 fnt\n|-damage|p2b: Garchomp|92/100\n|faint|p2a: Maushold\n|move|p2b: Garchomp|Rock Slide|p1b: Aerodactyl|[spread] p1a\n|-miss|p2b: Garchomp|p1b: Aerodactyl\n|-damage|p1a: Sinistcha|73/100\n|move|p1a: Sinistcha|Matcha Gotcha|p2b: Garchomp\n|-damage|p2b: Garchomp|62/100\n|-heal|p1a: Sinistcha|91/100|[from] drain|[of] p2b: Garchomp\n|\n|upkeep\n|\n|t:|1776592440\n|switch|p2a: Incineroar|Incineroar, L50, M|100/100\n|-ability|p2a: Incineroar|Intimidate|boost\n|-unboost|p1a: Sinistcha|atk|1\n|-unboost|p1b: Aerodactyl|atk|1\n|turn|4\n|\n|t:|1776592459\n|switch|p1b: Farigiraf|Farigiraf, L50, M|100/100\n|move|p2a: Incineroar|Fake Out||[still]\n|cant|p1b: Farigiraf|ability: Armor Tail|Fake Out|[of] p2a: Incineroar\n|move|p2b: Garchomp|Rock Slide|p1b: Farigiraf|[spread] p1a,p1b\n|-damage|p1a: Sinistcha|76/100\n|-damage|p1b: Farigiraf|79/100\n|move|p1a: Sinistcha|Matcha Gotcha|p2b: Garchomp|[spread] p2a\n|-miss|p1a: Sinistcha|p2b: Garchomp\n|-resisted|p2a: Incineroar|1\n|-damage|p2a: Incineroar|90/100\n|-heal|p1a: Sinistcha|83/100|[from] drain|[of] p2a: Incineroar\n|\n|upkeep\n|turn|5\n|inactive|Askurmommy has 30 seconds left.\n|inactive|Askurmommy has 20 seconds left.\n|inactive|Askurmommy has 15 seconds left.\n|inactive|Askurmommy has 10 seconds left.\n|inactive|Askurmommy has 5 seconds left.\n|\n|t:|1776592512\n|move|p2b: Garchomp|Dragon Claw|p1a: Sinistcha\n|-damage|p1a: Sinistcha|49/100\n|move|p1a: Sinistcha|Life Dew|p1a: Sinistcha|[spread] p1a,p1b\n|-heal|p1a: Sinistcha|74/100\n|-heal|p1b: Farigiraf|100/100\n|move|p2a: Incineroar|Throat Chop|p1a: Sinistcha\n|-supereffective|p1a: Sinistcha|1\n|-damage|p1a: Sinistcha|26/100\n|-start|p1a: Sinistcha|Throat Chop|[silent]\n|move|p1b: Farigiraf|Trick Room|p1b: Farigiraf\n|-fieldstart|move: Trick Room|[of] p1b: Farigiraf\n|\n|upkeep\n|turn|6\n|\n|t:|1776592530\n|move|p2b: Garchomp|Protect|p2b: Garchomp\n|-singleturn|p2b: Garchomp|Protect\n|move|p2a: Incineroar|Throat Chop|p1b: Farigiraf\n|-supereffective|p1b: Farigiraf|1\n|-enditem|p1b: Farigiraf|Colbur Berry|[eat]\n|-enditem|p1b: Farigiraf|Colbur Berry|[weaken]\n|-damage|p1b: Farigiraf|71/100\n|-start|p1b: Farigiraf|Throat Chop|[silent]\n|cant|p1b: Farigiraf|move: Throat Chop\n|move|p1a: Sinistcha|Matcha Gotcha|p2b: Garchomp|[spread] p2a\n|-activate|p2b: Garchomp|move: Protect\n|-resisted|p2a: Incineroar|1\n|-damage|p2a: Incineroar|80/100\n|-heal|p1a: Sinistcha|31/100|[from] drain|[of] p2a: Incineroar\n|\n|-end|p1a: Sinistcha|Throat Chop|[silent]\n|upkeep\n|turn|7\n|\n|t:|1776592542\n|move|p1b: Farigiraf|Psychic|p2b: Garchomp\n|-damage|p2b: Garchomp|19/100\n|move|p2a: Incineroar|Throat Chop|p1a: Sinistcha\n|-supereffective|p1a: Sinistcha|1\n|-damage|p1a: Sinistcha|0 fnt\n|faint|p1a: Sinistcha\n|move|p2b: Garchomp|Rock Slide|p1b: Farigiraf|[miss]\n|-miss|p2b: Garchomp|p1b: Farigiraf\n|\n|-end|p1b: Farigiraf|Throat Chop|[silent]\n|upkeep\n|\n|t:|1776592549\n|switch|p1a: Aggron|Aggron-Mega, L50, M|100/100\n|turn|8\n|\n|t:|1776592571\n|move|p2b: Garchomp|Protect|p2b: Garchomp\n|-singleturn|p2b: Garchomp|Protect\n|move|p1a: Aggron|Iron Defense|p1a: Aggron\n|-boost|p1a: Aggron|def|2\n|move|p1b: Farigiraf|Psychic|p2b: Garchomp\n|-activate|p2b: Garchomp|move: Protect\n|move|p2a: Incineroar|Throat Chop|p1b: Farigiraf\n|-supereffective|p1b: Farigiraf|1\n|-damage|p1b: Farigiraf|8/100\n|-start|p1b: Farigiraf|Throat Chop|[silent]\n|\n|upkeep\n|turn|9\n|\n|t:|1776592581\n|move|p1a: Aggron|Body Press|p2a: Incineroar\n|-supereffective|p2a: Incineroar|1\n|-damage|p2a: Incineroar|0 fnt\n|faint|p2a: Incineroar\n|move|p1b: Farigiraf|Psychic|p2b: Garchomp\n|-damage|p2b: Garchomp|0 fnt\n|faint|p2b: Garchomp\n|\n|-end|p1b: Farigiraf|Throat Chop|[silent]\n|-fieldend|move: Trick Room\n|upkeep\n|\n|t:|1776592586\n|switch|p2b: Floette|Floette-Eternal, L50, F|100/100\n|turn|10\n|\n|t:|1776592591\n|detailschange|p2b: Floette|Floette-Mega, L50, F\n|-mega|p2b: Floette|Floette|Floettite\n|-ability|p2b: Floette|Fairy Aura\n|move|p1b: Farigiraf|Protect|p1b: Farigiraf\n|-singleturn|p1b: Farigiraf|Protect\n|move|p2b: Floette|Dazzling Gleam|p1a: Aggron|[spread] p1a\n|-activate|p1b: Farigiraf|move: Protect\n|-resisted|p1a: Aggron|1\n|-damage|p1a: Aggron|76/100\n|move|p1a: Aggron|Heavy Slam|p2b: Floette\n|-supereffective|p2b: Floette|1\n|-damage|p2b: Floette|0 fnt\n|faint|p2b: Floette\n|\n|win|Its andreas tbh\n|raw|Its andreas tbh's rating: 1123 &rarr; <strong>1150</strong><br />(+27 for winning)\n|raw|Askurmommy's rating: 1153 &rarr; <strong>1126</strong><br />(-27 for losing)\n|l|\u2606Askurmommy\n|player|p2|\n",
  "uploadtime": 1776592612,
  "views": 13,
  "formatid": "gen9championsvgc2026regma",
  "rating": 1126,
  "private": 0,
  "password": null
}