{
  "id": "gen9championsvgc2026regma-2588325279",
  "format": "[Gen 9 Champions] VGC 2026 Reg M-A",
  "players": [
    "omegaruby35",
    "Hitmonjon"
  ],
  "log": "|j|\u2606omegaruby35\n|j|\u2606Hitmonjon\n|html|<table width=\"100%\"><tr><td align=\"left\">omegaruby35</td><td align=\"right\">Hitmonjon</tr><tr><td align=\"left\"><i class=\"fa fa-circle\"></i> <i class=\"fa fa-circle-o\"></i> </td><td align=\"right\"><i class=\"fa fa-circle-o\"></i> <i class=\"fa fa-circle\"></i> </tr></table>\n|uhtml|bestof|<h2><strong>Game 3</strong> of <a href=\"/game-bestof3-gen9championsvgc2026regma-2588317126\">a best-of-3</a></h2>\n|t:|1776624238\n|gametype|doubles\n|player|p1|omegaruby35|ltsurge|\n|player|p2|Hitmonjon|170|\n|gen|9\n|tier|[Gen 9 Champions] VGC 2026 Reg M-A\n|rated|Tournament battle\n|rule|Species Clause: Limit one of each Pok\u00e9mon\n|rule|Item Clause: Limit 1 of each item\n|raw|<div class=\"infobox\"><details class=\"readmore\" open><summary><strong>1 custom rule:</strong></summary> Best of = 3</details></div>\n|clearpoke\n|poke|p1|Garchomp, L50, F, shiny|\n|poke|p1|Tyranitar, L50, M|\n|poke|p1|Rotom-Heat, L50|\n|poke|p1|Skarmory, L50, F, shiny|\n|poke|p1|Reuniclus, L50, F|\n|poke|p1|Milotic, L50, F, shiny|\n|poke|p2|Scovillain, L50, F|\n|poke|p2|Palafin, L50, F|\n|poke|p2|Rotom-Heat, L50|\n|poke|p2|Garchomp, L50, M|\n|poke|p2|Gardevoir, L50, M|\n|poke|p2|Kingambit, L50, M|\n|teampreview|4\n|j|+holdingb\n|j| porygon-epilepz\n|j|+Gross Sweep \u2603\n|j| stinkyton\n|j| BaelorStark\n|j| Pecksters\n|j| clutcheye_.\n|\n|t:|1776624382\n|teamsize|p1|4\n|teamsize|p2|4\n|start\n|switch|p1a: Garchomp|Garchomp, L50, F, shiny|100/100\n|switch|p1b: Milotic|Milotic, L50, F, shiny|100/100\n|switch|p2a: Palafin|Palafin, L50, F|100/100\n|switch|p2b: Gardevoir|Gardevoir, L50, M|100/100\n|turn|1\n|\n|t:|1776624415\n|move|p1a: Garchomp|Protect|p1a: Garchomp\n|-singleturn|p1a: Garchomp|Protect\n|move|p2b: Gardevoir|Dazzling Gleam|p1b: Milotic|[spread] p1b\n|-activate|p1a: Garchomp|move: Protect\n|-damage|p1b: Milotic|75/100\n|move|p2a: Palafin|Wave Crash|p1a: Garchomp\n|-activate|p1a: Garchomp|move: Protect\n|move|p1b: Milotic|Icy Wind|p2a: Palafin|[spread] p2b\n|-miss|p1b: Milotic|p2a: Palafin\n|-damage|p2b: Gardevoir|90/100\n|-unboost|p2b: Gardevoir|spe|1\n|\n|upkeep\n|turn|2\n|\n|t:|1776624436\n|switch|p1a: Skarmory|Skarmory, L50, F, shiny|100/100\n|detailschange|p2a: Palafin|Palafin-Hero, L50, F\n|switch|p2a: Garchomp|Garchomp, L50, M|100/100\n|switch|p1b: Tyranitar|Tyranitar, L50, M|100/100\n|-weather|Sandstorm|[from] ability: Sand Stream|[of] p1b: Tyranitar\n|move|p2b: Gardevoir|Dazzling Gleam|p1b: Tyranitar|[spread] p1a,p1b\n|-resisted|p1a: Skarmory|1\n|-supereffective|p1b: Tyranitar|1\n|-crit|p1b: Tyranitar\n|-damage|p1a: Skarmory|80/100\n|-damage|p1b: Tyranitar|32/100\n|\n|-weather|Sandstorm|[upkeep]\n|-damage|p2b: Gardevoir|83/100|[from] Sandstorm\n|upkeep\n|turn|3\n|\n|t:|1776624503\n|switch|p2b: Kingambit|Kingambit, L50, M|100/100\n|detailschange|p1a: Skarmory|Skarmory-Mega, L50, F, shiny\n|-mega|p1a: Skarmory|Skarmory|Skarmorite\n|move|p1a: Skarmory|Iron Head|p2b: Kingambit\n|-resisted|p2b: Kingambit|1\n|-damage|p2b: Kingambit|86/100\n|move|p2a: Garchomp|Dragon Claw|p1b: Tyranitar\n|-damage|p1b: Tyranitar|0 fnt\n|faint|p1b: Tyranitar\n|\n|-weather|Sandstorm|[upkeep]\n|upkeep\n|\n|t:|1776624518\n|switch|p1b: Garchomp|Garchomp, L50, F, shiny|100/100\n|turn|4\n|l| Pecksters\n|j| mysticmarshtomp\n|\n|t:|1776624548\n|move|p1a: Skarmory|Iron Head|p2a: Garchomp\n|-damage|p2a: Garchomp|62/100\n|-damage|p1a: Skarmory|67/100|[from] ability: Rough Skin|[of] p2a: Garchomp\n|move|p1b: Garchomp|Scale Shot|p2a: Garchomp\n|-supereffective|p2a: Garchomp|1\n|-damage|p2a: Garchomp|35/100\n|-supereffective|p2a: Garchomp|1\n|-damage|p2a: Garchomp|5/100\n|-supereffective|p2a: Garchomp|1\n|-damage|p2a: Garchomp|0 fnt\n|faint|p2a: Garchomp\n|-hitcount|p2: Garchomp|3\n|-unboost|p1b: Garchomp|def|1\n|-boost|p1b: Garchomp|spe|1\n|move|p2b: Kingambit|Swords Dance|p2b: Kingambit\n|-boost|p2b: Kingambit|atk|2\n|\n|-weather|Sandstorm|[upkeep]\n|upkeep\n|\n|t:|1776624561\n|switch|p2a: Palafin|Palafin-Hero, L50, F|100/100\n|-activate|p2a: Palafin|ability: Zero to Hero\n|turn|5\n|\n|t:|1776624573\n|switch|p1b: Milotic|Milotic, L50, F, shiny|75/100\n|move|p2b: Kingambit|Sucker Punch||[still]\n|-fail|p2b: Kingambit\n|move|p1a: Skarmory|Drill Run|p2b: Kingambit\n|-supereffective|p2b: Kingambit|1\n|-damage|p2b: Kingambit|45/100\n|move|p2a: Palafin|Wave Crash|p1a: Skarmory\n|-damage|p1a: Skarmory|0 fnt\n|faint|p1a: Skarmory\n|-damage|p2a: Palafin|82/100|[from] Recoil\n|\n|-weather|Sandstorm|[upkeep]\n|-damage|p2a: Palafin|76/100|[from] Sandstorm\n|-damage|p1b: Milotic|69/100|[from] Sandstorm\n|upkeep\n|\n|t:|1776624582\n|switch|p1a: Garchomp|Garchomp, L50, F, shiny|100/100\n|turn|6\n|\n|t:|1776624596\n|move|p2b: Kingambit|Protect|p2b: Kingambit\n|-singleturn|p2b: Kingambit|Protect\n|move|p1a: Garchomp|Earthquake|p2b: Kingambit|[spread] p1b,p2a\n|-activate|p2b: Kingambit|move: Protect\n|-damage|p1b: Milotic|36/100\n|-damage|p2a: Palafin|42/100\n|-enditem|p1b: Milotic|Sitrus Berry|[eat]\n|-heal|p1b: Milotic|61/100|[from] item: Sitrus Berry\n|move|p2a: Palafin|Wave Crash|p1a: Garchomp\n|-damage|p1a: Garchomp|5/100\n|-damage|p2a: Palafin|29/100|[from] ability: Rough Skin|[of] p1a: Garchomp\n|-damage|p2a: Palafin|2/100|[from] Recoil\n|move|p1b: Milotic|Recover|p1b: Milotic\n|-heal|p1b: Milotic|100/100\n|\n|-weather|none\n|upkeep\n|turn|7\n|\n|t:|1776624614\n|move|p1a: Garchomp|Protect|p1a: Garchomp\n|-singleturn|p1a: Garchomp|Protect\n|move|p2a: Palafin|Jet Punch|p1a: Garchomp\n|-activate|p1a: Garchomp|move: Protect\n|move|p1b: Milotic|Muddy Water|p2a: Palafin|[spread] p2a,p2b\n|-resisted|p2a: Palafin|1\n|-damage|p2a: Palafin|0 fnt\n|-damage|p2b: Kingambit|20/100\n|faint|p2a: Palafin\n|move|p2b: Kingambit|Kowtow Cleave|p1b: Milotic\n|-damage|p1b: Milotic|2/100\n|\n|upkeep\n|\n|t:|1776624617\n|switch|p2a: Gardevoir|Gardevoir, L50, M|83/100\n|turn|8\n|\n|t:|1776624633\n|move|p2a: Gardevoir|Dazzling Gleam|p1a: Garchomp|[spread] p1a,p1b\n|-supereffective|p1a: Garchomp|1\n|-damage|p1a: Garchomp|0 fnt\n|-damage|p1b: Milotic|0 fnt\n|faint|p1a: Garchomp\n|faint|p1b: Milotic\n|\n|win|Hitmonjon\n|c|\u2606Hitmonjon|gg wp\n|c|\u2606omegaruby35|ggwp\n|l| mysticmarshtomp\n|l| stinkyton\n|l|\u2606omegaruby35\n|player|p1|\n|l| holdingb\n|l| BaelorStark\n",
  "uploadtime": 1776624246,
  "views": 6,
  "formatid": "gen9championsvgc2026regma",
  "rating": null,
  "private": 0,
  "password": null
}