{
  "id": "gen9championsvgc2026regma-2582686054",
  "format": "[Gen 9 Champions] VGC 2026 Reg M-A",
  "players": [
    "1#MiraidonHater",
    "iolouyilurt"
  ],
  "log": "|j|\u26061#MiraidonHater\n|j|\u2606iolouyilurt\n|t:|1776107234\n|gametype|doubles\n|player|p1|1#MiraidonHater|170|1147\n|player|p2|iolouyilurt|101|1107\n|gen|9\n|tier|[Gen 9 Champions] VGC 2026 Reg M-A\n|rated|\n|rule|Species Clause: Limit one of each Pok\u00e9mon\n|rule|Item Clause: Limit 1 of each item\n|clearpoke\n|poke|p1|Kommo-o, L50, M|\n|poke|p1|Incineroar, L50, M|\n|poke|p1|Glimmora, L50, F|\n|poke|p1|Sinistcha, L50|\n|poke|p1|Talonflame, L50, F|\n|poke|p1|Palafin, L50, F|\n|poke|p2|Meowstic, L50, M|\n|poke|p2|Archaludon, L50, F|\n|poke|p2|Politoed, L50, F|\n|poke|p2|Starmie, L50|\n|poke|p2|Garchomp, L50, F|\n|poke|p2|Talonflame, L50, M|\n|teampreview|4\n|inactive|Battle timer is ON: inactive players will automatically lose when time's up. (requested by iolouyilurt)\niolouyilurt rejected open team sheets.\n|\n|t:|1776107273\n|teamsize|p1|4\n|teamsize|p2|4\n|start\n|switch|p1a: Incineroar|Incineroar, L50, M|100/100\n|switch|p1b: Kommo-o|Kommo-o, L50, M|100/100\n|switch|p2a: Starmie|Starmie, L50|100/100\n|switch|p2b: Talonflame|Talonflame, L50, M|100/100\n|-ability|p1a: Incineroar|Intimidate|boost\n|-unboost|p2a: Starmie|atk|1\n|-unboost|p2b: Talonflame|atk|1\n|turn|1\n|c|\u2606iolouyilurt|gl\n|\n|t:|1776107295\n|detailschange|p2a: Starmie|Starmie-Mega, L50\n|-mega|p2a: Starmie|Starmie|Starminite\n|move|p1a: Incineroar|Fake Out|p2a: Starmie\n|-crit|p2a: Starmie\n|-damage|p2a: Starmie|81/100\n|move|p2b: Talonflame|Tailwind|p2b: Talonflame\n|-sidestart|p2: iolouyilurt|move: Tailwind\n|cant|p2a: Starmie|flinch\n|move|p1b: Kommo-o|Clangorous Soul|p1b: Kommo-o\n|-boost|p1b: Kommo-o|atk|1\n|-boost|p1b: Kommo-o|def|1\n|-boost|p1b: Kommo-o|spa|1\n|-boost|p1b: Kommo-o|spd|1\n|-boost|p1b: Kommo-o|spe|1\n|-damage|p1b: Kommo-o|68/100\n|\n|-heal|p1b: Kommo-o|74/100|[from] item: Leftovers\n|upkeep\n|turn|2\n|inactive|iolouyilurt has 30 seconds left.\n|\n|t:|1776107321\n|move|p1b: Kommo-o|Protect|p1b: Kommo-o\n|-singleturn|p1b: Kommo-o|Protect\n|move|p2a: Starmie|Flip Turn|p1a: Incineroar\n|-supereffective|p1a: Incineroar|1\n|-damage|p1a: Incineroar|51/100\n|\n|t:|1776107331\n|switch|p2a: Politoed|Politoed, L50, F|100/100|[from] Flip Turn\n|-weather|RainDance|[from] ability: Drizzle|[of] p2a: Politoed\n|move|p2b: Talonflame|U-turn|p1a: Incineroar\n|-damage|p1a: Incineroar|42/100\n|\n|t:|1776107339\n|switch|p2b: Garchomp|Garchomp, L50, F|100/100|[from] U-turn\n|move|p1a: Incineroar|Parting Shot|p2a: Politoed\n|-unboost|p2a: Politoed|atk|1\n|-unboost|p2a: Politoed|spa|1\n|\n|t:|1776107345\n|switch|p1a: Sinistcha|Sinistcha, L50|100/100|[from] Parting Shot\n|-heal|p1b: Kommo-o|99/100|[from] ability: Hospitality|[of] p1a: Sinistcha\n|\n|-weather|RainDance|[upkeep]\n|-heal|p1b: Kommo-o|100/100|[from] item: Leftovers\n|upkeep\n|turn|3\n|\n|t:|1776107366\n|move|p1a: Sinistcha|Rage Powder|p1a: Sinistcha\n|-singleturn|p1a: Sinistcha|move: Rage Powder\n|move|p2b: Garchomp|Dragon Claw|p1a: Sinistcha\n|-damage|p1a: Sinistcha|68/100\n|move|p1b: Kommo-o|Clanging Scales|p2a: Politoed|[spread] p2a,p2b\n|-supereffective|p2b: Garchomp|1\n|-damage|p2a: Politoed|66/100\n|-damage|p2b: Garchomp|0 fnt\n|faint|p2b: Garchomp\n|-unboost|p1b: Kommo-o|def|1\n|move|p2a: Politoed|Encore|p1a: Sinistcha\n|-start|p1a: Sinistcha|Encore\n|\n|-weather|RainDance|[upkeep]\n|upkeep\n|\n|t:|1776107379\n|switch|p2b: Talonflame|Talonflame, L50, M|100/100\n|turn|4\n|\n|t:|1776107390\n|move|p1a: Sinistcha|Rage Powder|p1a: Sinistcha\n|-singleturn|p1a: Sinistcha|move: Rage Powder\n|move|p2b: Talonflame|Brave Bird|p1a: Sinistcha\n|-supereffective|p1a: Sinistcha|1\n|-damage|p1a: Sinistcha|0 fnt\n|faint|p1a: Sinistcha\n|-damage|p2b: Talonflame|78/100|[from] Recoil\n|move|p1b: Kommo-o|Clanging Scales|p2a: Politoed|[spread] p2a,p2b\n|-damage|p2a: Politoed|32/100\n|-damage|p2b: Talonflame|15/100\n|-unboost|p1b: Kommo-o|def|1\n|move|p2a: Politoed|Hyper Voice|p1b: Kommo-o\n|-damage|p1b: Kommo-o|91/100\n|\n|-weather|RainDance|[upkeep]\n|-heal|p1b: Kommo-o|98/100|[from] item: Leftovers\n|-sideend|p2: iolouyilurt|move: Tailwind\n|upkeep\n|\n|t:|1776107414\n|switch|p1a: Incineroar|Incineroar, L50, M|42/100\n|-ability|p1a: Incineroar|Intimidate|boost\n|-unboost|p2a: Politoed|atk|1\n|-unboost|p2b: Talonflame|atk|1\n|turn|5\n|\n|t:|1776107425\n|move|p1a: Incineroar|Fake Out|p2a: Politoed\n|-damage|p2a: Politoed|20/100\n|move|p1b: Kommo-o|Clanging Scales|p2a: Politoed|[spread] p2a,p2b\n|-damage|p2a: Politoed|0 fnt\n|-damage|p2b: Talonflame|0 fnt\n|faint|p2a: Politoed\n|faint|p2b: Talonflame\n|-unboost|p1b: Kommo-o|def|1\n|\n|-weather|RainDance|[upkeep]\n|-heal|p1b: Kommo-o|100/100|[from] item: Leftovers\n|upkeep\n|\n|t:|1776107443\n|switch|p2b: Starmie|Starmie-Mega, L50|81/100\n|turn|6\n|\n|t:|1776107461\n|move|p1b: Kommo-o|Clanging Scales|p2b: Starmie\n|-damage|p2b: Starmie|12/100\n|-unboost|p1b: Kommo-o|def|1\n|move|p2b: Starmie|Zen Headbutt|p1b: Kommo-o\n|-supereffective|p1b: Kommo-o|1\n|-damage|p1b: Kommo-o|0 fnt\n|faint|p1b: Kommo-o\n|move|p1a: Incineroar|Throat Chop|p2b: Starmie\n|-supereffective|p2b: Starmie|1\n|-damage|p2b: Starmie|0 fnt\n|faint|p2b: Starmie\n|\n|win|1#MiraidonHater\n",
  "uploadtime": 1776107237,
  "views": 16,
  "formatid": "gen9championsvgc2026regma",
  "rating": null,
  "private": 0,
  "password": null
}