{
  "id": "gen9championsvgc2026regma-2580445071",
  "format": "[Gen 9 Champions] VGC 2026 Reg M-A",
  "players": [
    "younglong151",
    "dandnd1"
  ],
  "log": "|j|\u2606younglong151\n|j|\u2606dandnd1\n|t:|1775897617\n|gametype|doubles\n|player|p1|younglong151|266|1000\n|player|p2|dandnd1|dawn-gen4pt|1025\n|gen|9\n|tier|[Gen 9 Champions] VGC 2026 Reg M-A\n|rated|\n|rule|Species Clause: Limit one of each Pok\u00e9mon\n|rule|Item Clause: Limit 1 of each item\n|clearpoke\n|poke|p1|Meganium, L50, M|\n|poke|p1|Pelipper, L50, M|\n|poke|p1|Garchomp, L50, M|\n|poke|p1|Archaludon, L50, M|\n|poke|p1|Meowstic, L50, M|\n|poke|p1|Aegislash, L50, F|\n|poke|p2|Blastoise, L50, M|\n|poke|p2|Farigiraf, L50, M|\n|poke|p2|Kingambit, L50, M|\n|poke|p2|Tyranitar, L50, M|\n|poke|p2|Incineroar, L50, M|\n|poke|p2|Sinistcha, L50|\n|teampreview|4\n|j| H4irashi\n|inactive|Battle timer is ON: inactive players will automatically lose when time's up. (requested by dandnd1)\n|\n|t:|1775897669\n|teamsize|p1|4\n|teamsize|p2|4\n|start\n|switch|p1a: Pelipper|Pelipper, L50, M|100/100\n|switch|p1b: Garchomp|Garchomp, L50, M|100/100\n|switch|p2a: Blastoise|Blastoise, L50, M|100/100\n|switch|p2b: Farigiraf|Farigiraf, L50, M|100/100\n|-weather|RainDance|[from] ability: Drizzle|[of] p1a: Pelipper\n|turn|1\n|inactive|younglong151 has 30 seconds left.\n|\n|t:|1775897698\n|move|p1b: Garchomp|Earthquake|p2a: Blastoise|[spread] p2a,p2b\n|-immune|p1a: Pelipper\n|-damage|p2a: Blastoise|63/100\n|-damage|p2b: Farigiraf|73/100\n|move|p1a: Pelipper|Hurricane|p2a: Blastoise\n|-damage|p2a: Blastoise|16/100\n|move|p2a: Blastoise|Shell Smash|p2a: Blastoise\n|-unboost|p2a: Blastoise|def|1\n|-unboost|p2a: Blastoise|spd|1\n|-boost|p2a: Blastoise|atk|2\n|-boost|p2a: Blastoise|spa|2\n|-boost|p2a: Blastoise|spe|2\n|-enditem|p2a: Blastoise|White Herb\n|-clearnegativeboost|p2a: Blastoise|[silent]\n|move|p2b: Farigiraf|Hyper Voice|p1b: Garchomp|[spread] p1a,p1b\n|-damage|p1a: Pelipper|56/100\n|-damage|p1b: Garchomp|73/100\n|\n|-weather|RainDance|[upkeep]\n|upkeep\n|turn|2\n|\n|t:|1775897722\n|move|p1a: Pelipper|Wide Guard|p1a: Pelipper\n|-singleturn|p1a: Pelipper|Wide Guard\n|move|p2a: Blastoise|Ice Beam|p1b: Garchomp\n|-supereffective|p1b: Garchomp|2\n|-enditem|p1b: Garchomp|Yache Berry|[eat]\n|-enditem|p1b: Garchomp|Yache Berry|[weaken]\n|-damage|p1b: Garchomp|0 fnt\n|faint|p1b: Garchomp\n|move|p2b: Farigiraf|Hyper Voice|p1a: Pelipper\n|-activate|p1a: Pelipper|move: Wide Guard\n|\n|-weather|RainDance|[upkeep]\n|upkeep\n|\n|t:|1775897735\n|switch|p1b: Meowstic|Meowstic, L50, M|100/100\n|turn|3\n|\n|t:|1775897757\n|move|p2a: Blastoise|Ice Beam|p1b: Meowstic\n|-damage|p1b: Meowstic|50/100\n|-enditem|p1b: Meowstic|Sitrus Berry|[eat]\n|-heal|p1b: Meowstic|75/100|[from] item: Sitrus Berry\n|move|p1b: Meowstic|Psyshock|p2a: Blastoise\n|-damage|p2a: Blastoise|0 fnt\n|faint|p2a: Blastoise\n|move|p1a: Pelipper|Hurricane|p2b: Farigiraf\n|-damage|p2b: Farigiraf|23/100\n|-start|p2b: Farigiraf|confusion\n|-activate|p2b: Farigiraf|confusion\n|-damage|p2b: Farigiraf|15/100|[from] confusion\n|\n|-weather|RainDance|[upkeep]\n|upkeep\n|\n|t:|1775897773\n|switch|p2a: Sinistcha|Sinistcha, L50|100/100\n|-heal|p2b: Farigiraf|40/100|[from] ability: Hospitality|[of] p2a: Sinistcha\n|turn|4\n|\n|t:|1775897784\n|switch|p1b: Meganium|Meganium, L50, M|100/100\n|move|p2a: Sinistcha|Protect|p2a: Sinistcha\n|-singleturn|p2a: Sinistcha|Protect\n|move|p1a: Pelipper|Hurricane|p2a: Sinistcha\n|-activate|p2a: Sinistcha|move: Protect\n|-activate|p2b: Farigiraf|confusion\n|move|p2b: Farigiraf|Trick Room|p2b: Farigiraf\n|-fieldstart|move: Trick Room|[of] p2b: Farigiraf\n|\n|-weather|RainDance|[upkeep]\n|upkeep\n|turn|5\n|\n|t:|1775897809\n|detailschange|p1b: Meganium|Meganium-Mega, L50, M\n|-mega|p1b: Meganium|Meganium|Meganiumite\n|-activate|p2b: Farigiraf|confusion\n|move|p2b: Farigiraf|Twin Beam|p1a: Pelipper\n|-damage|p1a: Pelipper|26/100\n|-crit|p1a: Pelipper\n|-damage|p1a: Pelipper|0 fnt\n|faint|p1a: Pelipper\n|-hitcount|p1: Pelipper|2\n|move|p2a: Sinistcha|Life Dew||[still]|[spread] p2a,p2b\n|-fail|p2a: Sinistcha|heal\n|-heal|p2b: Farigiraf|65/100\n|move|p1b: Meganium|Weather Ball|p2a: Sinistcha\n|-supereffective|p2a: Sinistcha|1\n|-damage|p2a: Sinistcha|62/100\n|\n|-weather|none\n|upkeep\n|\n|t:|1775897826\n|switch|p1a: Meowstic|Meowstic, L50, M|75/100\n|turn|6\n|\n|t:|1775897837\n|-end|p2b: Farigiraf|confusion\n|move|p2b: Farigiraf|Hyper Voice|p1a: Meowstic|[spread] p1a,p1b\n|-damage|p1a: Meowstic|48/100\n|-damage|p1b: Meganium|76/100\n|move|p2a: Sinistcha|Matcha Gotcha|p1a: Meowstic|[spread] p1a,p1b\n|-resisted|p1b: Meganium|1\n|-damage|p1a: Meowstic|23/100\n|-heal|p2a: Sinistcha|75/100|[from] drain|[of] p1a: Meowstic\n|-damage|p1b: Meganium|67/100\n|-heal|p2a: Sinistcha|80/100|[from] drain|[of] p1b: Meganium\n|move|p1b: Meganium|Weather Ball|p2a: Sinistcha\n|-supereffective|p2a: Sinistcha|1\n|-damage|p2a: Sinistcha|2/100\n|move|p1a: Meowstic|Psyshock|p2a: Sinistcha\n|-damage|p2a: Sinistcha|0 fnt\n|faint|p2a: Sinistcha\n|\n|upkeep\n|\n|t:|1775897853\n|switch|p2a: Kingambit|Kingambit, L50, M|100/100\n|turn|7\n|\n|t:|1775897876\n|move|p2a: Kingambit|Iron Head|p1b: Meganium\n|-supereffective|p1b: Meganium|1\n|-damage|p1b: Meganium|0 fnt\n|faint|p1b: Meganium\n|move|p2b: Farigiraf|Twin Beam|p1a: Meowstic\n|-resisted|p1a: Meowstic|1\n|-damage|p1a: Meowstic|16/100\n|-resisted|p1a: Meowstic|1\n|-damage|p1a: Meowstic|8/100\n|-hitcount|p1a: Meowstic|2\n|move|p1a: Meowstic|Psyshock|p2b: Farigiraf\n|-resisted|p2b: Farigiraf|1\n|-damage|p2b: Farigiraf|56/100\n|\n|upkeep\n|turn|8\n|-message|younglong151 forfeited.\n|\n|win|dandnd1\n|raw|younglong151's rating: 1000 &rarr; <strong>1000</strong><br />(+0 for losing)\n|raw|dandnd1's rating: 1025 &rarr; <strong>1059</strong><br />(+34 for winning)\n|l|\u2606younglong151\n|player|p1|\n",
  "uploadtime": 1775897904,
  "views": 16,
  "formatid": "gen9championsvgc2026regma",
  "rating": 1000,
  "private": 0,
  "password": null
}