{
  "id": "gen9championsvgc2026regma-2588476950",
  "format": "[Gen 9 Champions] VGC 2026 Reg M-A",
  "players": [
    "Gypsy1",
    "Tipo Shitstorm"
  ],
  "log": "|j|\u2606Gypsy1\n|j|\u203dTipo Shitstorm\n|html|<table width=\"100%\"><tr><td align=\"left\">Gypsy1</td><td align=\"right\">Tipo Shitstorm</tr><tr><td align=\"left\"><i class=\"fa fa-circle-o\"></i> <i class=\"fa fa-circle-o\"></i> </td><td align=\"right\"><i class=\"fa fa-circle-o\"></i> <i class=\"fa fa-circle\"></i> </tr></table>\n|uhtml|bestof|<h2><strong>Game 2</strong> of <a href=\"/game-bestof3-gen9championsvgc2026regma-2588472840\">a best-of-3</a></h2>\n|t:|1776636991\n|gametype|doubles\n|player|p1|Gypsy1|170|\n|player|p2|Tipo Shitstorm|teamrocket|\n|gen|9\n|tier|[Gen 9 Champions] VGC 2026 Reg M-A\n|rule|Species Clause: Limit one of each Pok\u00e9mon\n|rule|Item Clause: Limit 1 of each item\n|raw|<div class=\"infobox\"><details class=\"readmore\" open><summary><strong>1 custom rule:</strong></summary> Best of = 3</details></div>\n|clearpoke\n|poke|p1|Pelipper, L50, F|\n|poke|p1|Greninja, L50, F|\n|poke|p1|Dragapult, L50, M|\n|poke|p1|Corviknight, L50, F|\n|poke|p1|Starmie, L50|\n|poke|p1|Tinkaton, L50, F|\n|poke|p2|Umbreon, L50, M|\n|poke|p2|Whimsicott, L50, F|\n|poke|p2|Clefable, L50, F|\n|poke|p2|Floette-Eternal, L50, F|\n|poke|p2|Venusaur, L50, M|\n|poke|p2|Ditto, L50|\n|teampreview|4\n|inactive|Battle timer is ON: inactive players will automatically lose when time's up. (requested by Tipo Shitstorm)\n|inactive|Tipo Shitstorm has 60 seconds left.\n|\n|t:|1776637033\n|teamsize|p1|4\n|teamsize|p2|4\n|start\n|switch|p1a: Tinkaton|Tinkaton, L50, F|100/100\n|switch|p1b: Dragapult|Dragapult, L50, M|100/100\n|switch|p2a: Whimsicott|Whimsicott, L50, F|100/100\n|switch|p2b: Ditto|Ditto, L50|100/100\n|-transform|p2b: Ditto|p1a: Tinkaton|[from] ability: Imposter\n|turn|1\n|inactive|Gypsy1 has 30 seconds left.\n|inactive|Tipo Shitstorm has 30 seconds left.\n|\n|t:|1776637063\n|switch|p1b: Pelipper|Pelipper, L50, F|100/100\n|-weather|RainDance|[from] ability: Drizzle|[of] p1b: Pelipper\n|move|p1a: Tinkaton|Fake Out|p2a: Whimsicott\n|-damage|p2a: Whimsicott|89/100\n|cant|p2a: Whimsicott|flinch\n|move|p2b: Ditto|Gigaton Hammer|p1a: Tinkaton\n|-damage|p1a: Tinkaton|64/100\n|\n|-weather|RainDance|[upkeep]\n|upkeep\n|turn|2\n|\n|t:|1776637083\n|switch|p2b: Floette|Floette-Eternal, L50, F|100/100\n|move|p2a: Whimsicott|Encore|p1a: Tinkaton\n|-start|p1a: Tinkaton|Encore\n|move|p1a: Tinkaton|Fake Out||[still]\n|-hint|Fake Out only works on your first turn out.\n|-fail|p1a: Tinkaton\n|move|p1b: Pelipper|Hurricane|p2a: Whimsicott\n|-supereffective|p2a: Whimsicott|1\n|-damage|p2a: Whimsicott|0 fnt\n|faint|p2a: Whimsicott\n|\n|-weather|RainDance|[upkeep]\n|upkeep\n|\n|t:|1776637094\n|switch|p2a: Ditto|Ditto, L50|100/100\n|-transform|p2a: Ditto|p1b: Pelipper|[from] ability: Imposter\n|turn|3\n|\n|t:|1776637104\n|switch|p1a: Greninja|Greninja, L50, F|100/100\n|detailschange|p2b: Floette|Floette-Mega, L50, F\n|-mega|p2b: Floette|Floette|Floettite\n|-ability|p2b: Floette|Fairy Aura\n|move|p2a: Ditto|Muddy Water|p1b: Pelipper|[spread] p1a,p1b\n|-resisted|p1a: Greninja|1\n|-resisted|p1b: Pelipper|1\n|-damage|p1a: Greninja|70/100\n|-damage|p1b: Pelipper|62/100\n|move|p1b: Pelipper|Tailwind|p1b: Pelipper\n|-sidestart|p1: Gypsy1|move: Tailwind\n|move|p2b: Floette|Calm Mind|p2b: Floette\n|-boost|p2b: Floette|spa|1\n|-boost|p2b: Floette|spd|1\n|\n|-weather|RainDance|[upkeep]\n|upkeep\n|turn|4\n|\n|t:|1776637125\n|switch|p2a: Venusaur|Venusaur, L50, M|100/100\n|detailschange|p1a: Greninja|Greninja-Mega, L50, F\n|-mega|p1a: Greninja|Greninja|Greninjite\n|move|p2b: Floette|Protect|p2b: Floette\n|-singleturn|p2b: Floette|Protect\n|move|p1b: Pelipper|Wide Guard|p1b: Pelipper\n|-singleturn|p1b: Pelipper|Wide Guard\n|move|p1a: Greninja|Gunk Shot|p2b: Floette\n|-start|p1a: Greninja|typechange|Poison|[from] ability: Protean\n|-activate|p2b: Floette|move: Protect\n|\n|-weather|RainDance|[upkeep]\n|upkeep\n|turn|5\n|\n|t:|1776637140\n|switch|p2b: Ditto|Ditto, L50|100/100\n|-transform|p2b: Ditto|p1a: Greninja|[from] ability: Imposter\n|move|p1a: Greninja|Protect|p1a: Greninja\n|-singleturn|p1a: Greninja|Protect\n|move|p1b: Pelipper|Hurricane|p2a: Venusaur\n|-supereffective|p2a: Venusaur|1\n|-damage|p2a: Venusaur|17/100\n|-start|p2a: Venusaur|confusion\n|-activate|p2a: Venusaur|confusion\n|move|p2a: Venusaur|Earth Power|p1a: Greninja\n|-activate|p1a: Greninja|move: Protect\n|\n|-weather|none\n|upkeep\n|turn|6\n|inactive|Gypsy1 has 30 seconds left.\n|inactive|Gypsy1 has 20 seconds left.\n|inactive|Gypsy1 has 15 seconds left.\n|\n|t:|1776637181\n|switch|p1a: Tinkaton|Tinkaton, L50, F|64/100\n|move|p2b: Ditto|Hydro Pump|p1a: Tinkaton\n|-start|p2b: Ditto|typechange|Water|[from] ability: Protean\n|-damage|p1a: Tinkaton|17/100\n|-enditem|p1a: Tinkaton|Sitrus Berry|[eat]\n|-heal|p1a: Tinkaton|42/100|[from] item: Sitrus Berry\n|move|p1b: Pelipper|Muddy Water|p2b: Ditto|[spread] p2a\n|-miss|p1b: Pelipper|p2b: Ditto\n|-resisted|p2a: Venusaur|1\n|-damage|p2a: Venusaur|3/100\n|-end|p2a: Venusaur|confusion\n|move|p2a: Venusaur|Earth Power|p1a: Tinkaton\n|-supereffective|p1a: Tinkaton|1\n|-damage|p1a: Tinkaton|0 fnt\n|faint|p1a: Tinkaton\n|\n|-sideend|p1: Gypsy1|move: Tailwind\n|upkeep\n|\n|t:|1776637206\n|switch|p1a: Dragapult|Dragapult, L50, M|100/100\n|turn|7\n|\n|t:|1776637214\n|move|p1a: Dragapult|Protect|p1a: Dragapult\n|-singleturn|p1a: Dragapult|Protect\n|move|p2b: Ditto|Hydro Pump|p1b: Pelipper|[miss]\n|-miss|p2b: Ditto|p1b: Pelipper\n|move|p1b: Pelipper|Tailwind|p1b: Pelipper\n|-sidestart|p1: Gypsy1|move: Tailwind\n|move|p2a: Venusaur|Giga Drain|p1b: Pelipper\n|-damage|p1b: Pelipper|0 fnt\n|-heal|p2a: Venusaur|25/100|[from] drain|[of] p1b: Pelipper\n|faint|p1b: Pelipper\n|\n|upkeep\n|c|\u2606Gypsy1|godo\n|\n|t:|1776637226\n|switch|p1b: Greninja|Greninja-Mega, L50, F|70/100\n|turn|8\n|inactive|Gypsy1 has 30 seconds left.\n|\n|t:|1776637257\n|move|p1a: Dragapult|Phantom Force||[still]\n|-prepare|p1a: Dragapult|Phantom Force\n|move|p1b: Greninja|Icy Wind|p2b: Ditto|[spread] p2a,p2b\n|-start|p1b: Greninja|typechange|Ice|[from] ability: Protean\n|-supereffective|p2a: Venusaur|1\n|-resisted|p2b: Ditto|1\n|-damage|p2a: Venusaur|0 fnt\n|-damage|p2b: Ditto|85/100\n|-unboost|p2b: Ditto|spe|1\n|faint|p2a: Venusaur\n|move|p2b: Ditto|Hydro Pump|p1b: Greninja\n|-damage|p1b: Greninja|0 fnt\n|faint|p1b: Greninja\n|\n|upkeep\n|\n|t:|1776637267\n|switch|p2a: Floette|Floette-Mega, L50, F|100/100\n|-ability|p2a: Floette|Fairy Aura\n|turn|9\n|c|\u2606Gypsy1|shit\n|\n|t:|1776637275\n|move|p1a: Dragapult|Phantom Force|p2b: Ditto|[from] lockedmove\n|-damage|p2b: Ditto|13/100\n|move|p2b: Ditto|Hydro Pump|p1a: Dragapult|[miss]\n|-miss|p2b: Ditto|p1a: Dragapult\n|move|p2a: Floette|Dazzling Gleam|p1a: Dragapult\n|-supereffective|p1a: Dragapult|1\n|-enditem|p1a: Dragapult|Roseli Berry|[eat]\n|-enditem|p1a: Dragapult|Roseli Berry|[weaken]\n|-damage|p1a: Dragapult|33/100\n|\n|upkeep\n|turn|10\n|\n|t:|1776637298\n|move|p1a: Dragapult|Protect|p1a: Dragapult\n|-singleturn|p1a: Dragapult|Protect\n|move|p2b: Ditto|Hydro Pump|p1a: Dragapult\n|-activate|p1a: Dragapult|move: Protect\n|move|p2a: Floette|Dazzling Gleam|p1a: Dragapult\n|-activate|p1a: Dragapult|move: Protect\n|\n|-sideend|p1: Gypsy1|move: Tailwind\n|upkeep\n|turn|11\n|\n|t:|1776637309\n|-activate|p2b: Ditto|move: Struggle\n|move|p2b: Ditto|Struggle|p1a: Dragapult\n|-damage|p1a: Dragapult|11/100\n|-damage|p2b: Ditto|0 fnt|[from] recoil\n|faint|p2b: Ditto\n|move|p1a: Dragapult|Phantom Force||[still]\n|-prepare|p1a: Dragapult|Phantom Force\n|move|p2a: Floette|Dazzling Gleam|p1a: Dragapult|[miss]\n|-miss|p2a: Floette|p1a: Dragapult\n|\n|upkeep\n|turn|12\n|\n|t:|1776637316\n|move|p1a: Dragapult|Phantom Force|p2a: Floette|[from] lockedmove\n|-damage|p2a: Floette|63/100\n|move|p2a: Floette|Dazzling Gleam|p1a: Dragapult\n|-supereffective|p1a: Dragapult|1\n|-damage|p1a: Dragapult|0 fnt\n|faint|p1a: Dragapult\n|\n|win|Tipo Shitstorm\n|c|\u2606Gypsy1|gg\n",
  "uploadtime": 1776637322,
  "views": 6,
  "formatid": "gen9championsvgc2026regma",
  "rating": null,
  "private": 0,
  "password": null
}