{
  "id": "gen9championsvgc2026regma-2581842684",
  "format": "[Gen 9 Champions] VGC 2026 Reg M-A",
  "players": [
    "Moodkeepz",
    "Morrocan AXL BLAZE"
  ],
  "log": "|j|\u2606Moodkeepz\n|j|\u2606Morrocan AXL BLAZE\n|t:|1776032943\n|gametype|doubles\n|player|p1|Moodkeepz|101|1155\n|player|p2|Morrocan AXL BLAZE|nate|1081\n|gen|9\n|tier|[Gen 9 Champions] VGC 2026 Reg M-A\n|rated|\n|rule|Species Clause: Limit one of each Pok\u00e9mon\n|rule|Item Clause: Limit 1 of each item\n|clearpoke\n|poke|p1|Froslass, L50, F|\n|poke|p1|Ninetales-Alola, L50, M|\n|poke|p1|Incineroar, L50, M|\n|poke|p1|Glimmora, L50, F|\n|poke|p1|Orthworm, L50, M|\n|poke|p1|Sneasler, L50, F|\n|poke|p2|Dragapult, L50, F|\n|poke|p2|Whimsicott, L50, M|\n|poke|p2|Incineroar, L50, M|\n|poke|p2|Lopunny, L50, M|\n|poke|p2|Maushold-Four, L50|\n|poke|p2|Primarina, L50, F|\n|teampreview|4\nMorrocan AXL BLAZE has agreed to open team sheets.\n|\n|t:|1776032990\n|teamsize|p1|4\n|teamsize|p2|4\n|start\n|switch|p1a: Incineroar|Incineroar, L50, M|100/100\n|switch|p1b: Orthworm|Orthworm, L50, M|100/100\n|switch|p2a: Incineroar|Incineroar, L50, M, shiny|100/100\n|switch|p2b: Lopunny|Lopunny, L50, M, shiny|100/100\n|-ability|p1a: Incineroar|Intimidate|boost\n|-unboost|p2a: Incineroar|atk|1\n|-unboost|p2b: Lopunny|atk|1\n|-ability|p2a: Incineroar|Intimidate|boost\n|-unboost|p1a: Incineroar|atk|1\n|-unboost|p1b: Orthworm|atk|1\n|turn|1\n|\n|t:|1776033011\n|detailschange|p2b: Lopunny|Lopunny-Mega, L50, M, shiny\n|-mega|p2b: Lopunny|Lopunny|Lopunnite\n|move|p1a: Incineroar|Fake Out|p2a: Incineroar\n|-damage|p2a: Incineroar|93/100\n|cant|p2a: Incineroar|flinch\n|move|p2b: Lopunny|Swords Dance|p2b: Lopunny\n|-boost|p2b: Lopunny|atk|2\n|move|p1b: Orthworm|Iron Defense|p1b: Orthworm\n|-boost|p1b: Orthworm|def|2\n|\n|upkeep\n|turn|2\n|\n|t:|1776033032\n|switch|p2a: Maushold|Maushold-Four, L50, shiny|100/100\n|move|p2b: Lopunny|Protect|p2b: Lopunny\n|-singleturn|p2b: Lopunny|Protect\n|move|p1a: Incineroar|Parting Shot|p2b: Lopunny\n|-activate|p2b: Lopunny|move: Protect\n|move|p1b: Orthworm|Iron Defense|p1b: Orthworm\n|-boost|p1b: Orthworm|def|2\n|\n|upkeep\n|turn|3\n|\n|t:|1776033052\n|move|p2a: Maushold|Follow Me|p2a: Maushold\n|-singleturn|p2a: Maushold|move: Follow Me\n|move|p2b: Lopunny|Swords Dance|p2b: Lopunny\n|-boost|p2b: Lopunny|atk|2\n|move|p1a: Incineroar|Parting Shot|p2a: Maushold\n|-unboost|p2a: Maushold|atk|1\n|-unboost|p2a: Maushold|spa|1\n|\n|t:|1776033062\n|switch|p1a: Sneasler|Sneasler, L50, F|100/100|[from] Parting Shot\n|move|p1b: Orthworm|Body Press|p2a: Maushold\n|-supereffective|p2a: Maushold|1\n|-enditem|p2a: Maushold|Chople Berry|[eat]\n|-enditem|p2a: Maushold|Chople Berry|[weaken]\n|-damage|p2a: Maushold|0 fnt\n|faint|p2a: Maushold\n|\n|upkeep\n|\n|t:|1776033093\n|switch|p2a: Incineroar|Incineroar, L50, M, shiny|93/100\n|-ability|p2a: Incineroar|Intimidate|boost\n|-unboost|p1a: Sneasler|atk|1\n|-unboost|p1b: Orthworm|atk|1\n|-enditem|p1a: Sneasler|White Herb\n|-clearnegativeboost|p1a: Sneasler|[silent]\n|turn|4\n|\n|t:|1776033116\n|move|p1a: Sneasler|Fake Out|p2b: Lopunny\n|-damage|p2b: Lopunny|83/100\n|move|p2a: Incineroar|Fake Out|p1b: Orthworm\n|-resisted|p1b: Orthworm|1\n|-damage|p1b: Orthworm|99/100\n|cant|p2b: Lopunny|flinch\n|cant|p1b: Orthworm|flinch\n|\n|upkeep\n|turn|5\n|\n|t:|1776033135\n|move|p1a: Sneasler|Close Combat|p2b: Lopunny\n|-supereffective|p2b: Lopunny|1\n|-damage|p2b: Lopunny|0 fnt\n|-unboost|p1a: Sneasler|def|1\n|-unboost|p1a: Sneasler|spd|1\n|faint|p2b: Lopunny\n|move|p1b: Orthworm|Body Press|p2a: Incineroar\n|-supereffective|p2a: Incineroar|1\n|-damage|p2a: Incineroar|0 fnt\n|faint|p2a: Incineroar\n|\n|upkeep\n|\n|t:|1776033150\n|switch|p2b: Primarina|Primarina, L50, F|100/100\n|turn|6\n|\n|t:|1776033158\n|move|p1a: Sneasler|Dire Claw|p2b: Primarina\n|-supereffective|p2b: Primarina|1\n|-damage|p2b: Primarina|0 fnt\n|faint|p2b: Primarina\n|\n|win|Moodkeepz\n|raw|Moodkeepz's rating: 1155 &rarr; <strong>1176</strong><br />(+21 for winning)\n|raw|Morrocan AXL BLAZE's rating: 1105 &rarr; <strong>1084</strong><br />(-21 for losing)\n",
  "uploadtime": 1776033158,
  "views": 11,
  "formatid": "gen9championsvgc2026regma",
  "rating": 1084,
  "private": 0,
  "password": null
}