{
  "id": "gen9championsvgc2026regma-2588926167",
  "format": "[Gen 9 Champions] VGC 2026 Reg M-A",
  "players": [
    "zx7jsi",
    "zhipiyy"
  ],
  "log": "|j|\u2606zx7jsi\n|j|\u2606zhipiyy\n|t:|1776686546\n|gametype|doubles\n|player|p1|zx7jsi|101|1097\n|player|p2|zhipiyy|marley|1164\n|gen|9\n|tier|[Gen 9 Champions] VGC 2026 Reg M-A\n|rated|\n|rule|Species Clause: Limit one of each Pok\u00e9mon\n|rule|Item Clause: Limit 1 of each item\n|clearpoke\n|poke|p1|Houndoom, L50, M|\n|poke|p1|Whimsicott, L50, M|\n|poke|p1|Venusaur, L50, F|\n|poke|p1|Rotom-Wash, L50|\n|poke|p1|Sneasler, L50, M|\n|poke|p1|Garchomp, L50, M|\n|poke|p2|Gengar, L50, M|\n|poke|p2|Politoed, L50, F|\n|poke|p2|Incineroar, L50, F|\n|poke|p2|Orthworm, L50, F|\n|poke|p2|Basculegion, L50, M|\n|poke|p2|Sneasler, L50, M|\n|teampreview|4\n|inactive|Battle timer is ON: inactive players will automatically lose when time's up. (requested by zx7jsi)\n|inactive|zhipiyy has 60 seconds left.\n|\n|t:|1776686593\n|teamsize|p1|4\n|teamsize|p2|4\n|start\n|switch|p1a: Whimsicott|Whimsicott, L50, M|100/100\n|switch|p1b: Venusaur|Venusaur, L50, F|100/100\n|switch|p2a: Sneasler|Sneasler, L50, M|100/100\n|switch|p2b: Basculegion|Basculegion, L50, M|100/100\n|turn|1\n|inactive|zx7jsi has 30 seconds left.\n|inactive|zhipiyy has 30 seconds left.\n|\n|t:|1776686624\n|move|p2a: Sneasler|Fake Out|p1b: Venusaur\n|-damage|p1b: Venusaur|80/100\n|move|p1a: Whimsicott|Sunny Day|p1a: Whimsicott\n|-weather|SunnyDay\n|cant|p1b: Venusaur|flinch\n|move|p2b: Basculegion|Flip Turn|p1a: Whimsicott\n|-resisted|p1a: Whimsicott|1\n|-damage|p1a: Whimsicott|88/100\n|\n|t:|1776686634\n|switch|p2b: Incineroar|Incineroar, L50, F|100/100|[from] Flip Turn\n|-ability|p2b: Incineroar|Intimidate|boost\n|-unboost|p1a: Whimsicott|atk|1\n|-unboost|p1b: Venusaur|atk|1\n|\n|-weather|SunnyDay|[upkeep]\n|-heal|p1b: Venusaur|86/100|[from] item: Leftovers\n|upkeep\n|turn|2\n|\n|t:|1776686653\n|move|p1a: Whimsicott|Encore|p2a: Sneasler\n|-start|p2a: Sneasler|Encore\n|move|p2a: Sneasler|Fake Out||[still]\n|-hint|Fake Out only works on your first turn out.\n|-fail|p2a: Sneasler\n|move|p1b: Venusaur|Earth Power|p2b: Incineroar\n|-supereffective|p2b: Incineroar|1\n|-damage|p2b: Incineroar|52/100\n|move|p2b: Incineroar|Parting Shot|p1b: Venusaur\n|-unboost|p1b: Venusaur|atk|1\n|-unboost|p1b: Venusaur|spa|1\n|inactive|zhipiyy has 30 seconds left.\n|\n|t:|1776686684\n|switch|p2b: Gengar|Gengar, L50, M|100/100|[from] Parting Shot\n|\n|-weather|SunnyDay|[upkeep]\n|-heal|p1b: Venusaur|91/100|[from] item: Leftovers\n|upkeep\n|turn|3\n|\n|t:|1776686697\n|switch|p2a: Incineroar|Incineroar, L50, F|52/100\n|-ability|p2a: Incineroar|Intimidate|boost\n|-unboost|p1a: Whimsicott|atk|1\n|-unboost|p1b: Venusaur|atk|1\n|detailschange|p2b: Gengar|Gengar-Mega, L50, M\n|-mega|p2b: Gengar|Gengar|Gengarite\n|move|p2b: Gengar|Protect|p2b: Gengar\n|-singleturn|p2b: Gengar|Protect\n|move|p1a: Whimsicott|Tailwind|p1a: Whimsicott\n|-sidestart|p1: zx7jsi|move: Tailwind\n|move|p1b: Venusaur|Sleep Powder|p2b: Gengar\n|-activate|p2b: Gengar|move: Protect\n|\n|-weather|SunnyDay|[upkeep]\n|-heal|p1b: Venusaur|97/100|[from] item: Leftovers\n|upkeep\n|turn|4\n|inactive|zhipiyy has 30 seconds left.\n|\n|t:|1776686727\n|move|p2a: Incineroar|Fake Out|p1a: Whimsicott\n|-damage|p1a: Whimsicott|72/100\n|move|p1b: Venusaur|Sleep Powder|p2b: Gengar\n|-status|p2b: Gengar|slp|[from] move: Sleep Powder\n|cant|p1a: Whimsicott|flinch\n|cant|p2b: Gengar|slp\n|\n|-weather|SunnyDay|[upkeep]\n|-heal|p1b: Venusaur|100/100|[from] item: Leftovers\n|upkeep\n|turn|5\n|\n|t:|1776686747\n|move|p1a: Whimsicott|Encore|p2a: Incineroar\n|-hint|Since gen 7, Dark is immune to Prankster moves.\n|-immune|p2a: Incineroar\n|move|p1b: Venusaur|Earth Power|p2b: Gengar\n|-supereffective|p2b: Gengar|1\n|-damage|p2b: Gengar|60/100 slp\n|-curestatus|p2b: Gengar|slp|[msg]\n|move|p2b: Gengar|Perish Song|p2b: Gengar\n|-start|p1a: Whimsicott|perish3|[silent]\n|-start|p1b: Venusaur|perish3|[silent]\n|-start|p2a: Incineroar|perish3|[silent]\n|-start|p2b: Gengar|perish3|[silent]\n|-fieldactivate|move: Perish Song\n|move|p2a: Incineroar|Parting Shot|p1b: Venusaur\n|-unboost|p1b: Venusaur|atk|1\n|-unboost|p1b: Venusaur|spa|1\n|\n|t:|1776686759\n|switch|p2a: Sneasler|Sneasler, L50, M|100/100|[from] Parting Shot\n|\n|-weather|none\n|-start|p1b: Venusaur|perish3\n|-start|p1a: Whimsicott|perish3\n|-start|p2b: Gengar|perish3\n|upkeep\n|turn|6\n|\n|t:|1776686779\n|move|p2a: Sneasler|Fake Out|p1a: Whimsicott\n|-damage|p1a: Whimsicott|52/100\n|cant|p1a: Whimsicott|flinch\n|move|p1b: Venusaur|Earth Power|p2b: Gengar\n|-supereffective|p2b: Gengar|1\n|-damage|p2b: Gengar|29/100\n|move|p2b: Gengar|Disable|p1b: Venusaur\n|-start|p1b: Venusaur|Disable|Earth Power\n|\n|-start|p1a: Whimsicott|perish2\n|-start|p1b: Venusaur|perish2\n|-start|p2b: Gengar|perish2\n|-sideend|p1: zx7jsi|move: Tailwind\n|upkeep\n|turn|7\n|inactive|zx7jsi has 30 seconds left.\n|\n|t:|1776686810\n|switch|p2a: Incineroar|Incineroar, L50, F|52/100\n|-ability|p2a: Incineroar|Intimidate|boost\n|-unboost|p1a: Whimsicott|atk|1\n|-unboost|p1b: Venusaur|atk|1\n|move|p2b: Gengar|Protect|p2b: Gengar\n|-singleturn|p2b: Gengar|Protect\n|move|p1a: Whimsicott|Sunny Day|p1a: Whimsicott\n|-weather|SunnyDay\n|move|p1b: Venusaur|Sleep Powder|p2b: Gengar\n|-activate|p2b: Gengar|move: Protect\n|\n|-weather|SunnyDay|[upkeep]\n|-start|p1b: Venusaur|perish1\n|-start|p2b: Gengar|perish1\n|-start|p1a: Whimsicott|perish1\n|upkeep\n|turn|8\n|\n|t:|1776686833\n|switch|p2b: Sneasler|Sneasler, L50, M|100/100\n|move|p2a: Incineroar|Fake Out|p1b: Venusaur\n|-damage|p1b: Venusaur|85/100\n|move|p1a: Whimsicott|Tailwind|p1a: Whimsicott\n|-sidestart|p1: zx7jsi|move: Tailwind\n|cant|p1b: Venusaur|flinch\n|\n|-weather|SunnyDay|[upkeep]\n|-heal|p1b: Venusaur|91/100|[from] item: Leftovers\n|-start|p1b: Venusaur|perish0\n|-start|p1a: Whimsicott|perish0\n|faint|p1b: Venusaur\n|faint|p1a: Whimsicott\n|upkeep\n|\n|t:|1776686846\n|switch|p1a: Sneasler|Sneasler, L50, M|100/100\n|switch|p1b: Houndoom|Houndoom, L50, M|100/100\n|turn|9\n|inactive|zhipiyy has 30 seconds left.\n|\n|t:|1776686879\n|detailschange|p1b: Houndoom|Houndoom-Mega, L50, M\n|-mega|p1b: Houndoom|Houndoom|Houndoominite\n|move|p1a: Sneasler|Fake Out|p2b: Sneasler\n|-damage|p2b: Sneasler|72/100\n|move|p1b: Houndoom|Heat Wave|p2b: Sneasler|[spread] p2a,p2b\n|-resisted|p2a: Incineroar|1\n|-damage|p2a: Incineroar|16/100\n|-damage|p2b: Sneasler|0 fnt\n|faint|p2b: Sneasler\n|move|p2a: Incineroar|Parting Shot|p1a: Sneasler\n|-unboost|p1a: Sneasler|atk|1\n|-unboost|p1a: Sneasler|spa|1\n|\n|t:|1776686890\n|switch|p2a: Gengar|Gengar-Mega, L50, M|29/100|[from] Parting Shot\n|-enditem|p1a: Sneasler|White Herb\n|-clearnegativeboost|p1a: Sneasler|[silent]\n|\n|-weather|SunnyDay|[upkeep]\n|-damage|p1b: Houndoom|88/100|[from] ability: Solar Power|[of] p1b: Houndoom\n|upkeep\n|\n|t:|1776686891\n|switch|p2b: Incineroar|Incineroar, L50, F|16/100\n|-ability|p2b: Incineroar|Intimidate|boost\n|-unboost|p1a: Sneasler|atk|1\n|-unboost|p1b: Houndoom|atk|1\n|turn|10\n|inactive|zx7jsi has 30 seconds left.\n|inactive|zhipiyy has 30 seconds left.\n|\n|t:|1776686926\n|move|p1a: Sneasler|Protect|p1a: Sneasler\n|-singleturn|p1a: Sneasler|Protect\n|move|p1b: Houndoom|Protect|p1b: Houndoom\n|-singleturn|p1b: Houndoom|Protect\n|move|p2a: Gengar|Protect|p2a: Gengar\n|-singleturn|p2a: Gengar|Protect\n|move|p2b: Incineroar|Protect||[still]\n|-fail|p2b: Incineroar\n|\n|-weather|SunnyDay|[upkeep]\n|-damage|p1b: Houndoom|76/100|[from] ability: Solar Power|[of] p1b: Houndoom\n|upkeep\n|turn|11\n|\n|t:|1776686949\n|switch|p2a: Basculegion|Basculegion, L50, M|100/100\n|move|p1a: Sneasler|Close Combat|p2b: Incineroar\n|-supereffective|p2b: Incineroar|1\n|-enditem|p2b: Incineroar|Chople Berry|[eat]\n|-enditem|p2b: Incineroar|Chople Berry|[weaken]\n|-damage|p2b: Incineroar|0 fnt\n|-unboost|p1a: Sneasler|def|1\n|-unboost|p1a: Sneasler|spd|1\n|faint|p2b: Incineroar\n|move|p1b: Houndoom|Dark Pulse|p2a: Basculegion\n|-supereffective|p2a: Basculegion|1\n|-damage|p2a: Basculegion|0 fnt\n|faint|p2a: Basculegion\n|\n|-weather|none\n|-sideend|p1: zx7jsi|move: Tailwind\n|upkeep\n|c|\u2606zx7jsi|=)))\n|\n|t:|1776686962\n|switch|p2b: Gengar|Gengar-Mega, L50, M|29/100\n|turn|12\n|inactive|zhipiyy has 30 seconds left.\n|n|!zhipiyy|zhipiyy\n|inactive|zhipiyy has 20 seconds left.\n|inactive|zhipiyy has 15 seconds left.\n|\n|t:|1776687005\n|move|p1a: Sneasler|Dire Claw|p2b: Gengar\n|-resisted|p2b: Gengar|2\n|-damage|p2b: Gengar|21/100\n|move|p2b: Gengar|Shadow Ball|p1b: Houndoom\n|-resisted|p1b: Houndoom|1\n|-damage|p1b: Houndoom|50/100\n|move|p1b: Houndoom|Dark Pulse|p2b: Gengar\n|-supereffective|p2b: Gengar|1\n|-damage|p2b: Gengar|0 fnt\n|faint|p2b: Gengar\n|\n|win|zx7jsi\n",
  "uploadtime": 1776686994,
  "views": 9,
  "formatid": "gen9championsvgc2026regma",
  "rating": null,
  "private": 0,
  "password": null
}