{
  "id": "gen9championsvgc2026regma-2584386215",
  "format": "[Gen 9 Champions] VGC 2026 Reg M-A",
  "players": [
    "bruhschetta",
    "noideawhati"
  ],
  "log": "|j|\u2606bruhschetta\n|j|\u2606noideawhati\n|t:|1776256982\n|gametype|doubles\n|player|p1|bruhschetta|psychicf-gen4|1135\n|player|p2|noideawhati|101|1097\n|gen|9\n|tier|[Gen 9 Champions] VGC 2026 Reg M-A\n|rated|\n|rule|Species Clause: Limit one of each Pok\u00e9mon\n|rule|Item Clause: Limit 1 of each item\n|clearpoke\n|poke|p1|Sneasler, L50, F|\n|poke|p1|Glimmora, L50, F|\n|poke|p1|Tyranitar, L50, M|\n|poke|p1|Araquanid, L50, F|\n|poke|p1|Kingambit, L50, F|\n|poke|p1|Garchomp, L50, F|\n|poke|p2|Typhlosion-Hisui, L50, F|\n|poke|p2|Torkoal, L50, M|\n|poke|p2|Charizard, L50, M|\n|poke|p2|Whimsicott, L50, F|\n|poke|p2|Floette-Eternal, L50, F|\n|poke|p2|Sneasler, L50, F|\n|teampreview|4\n|\n|t:|1776257017\n|teamsize|p1|4\n|teamsize|p2|4\n|start\n|switch|p1a: Glimmora|Glimmora, L50, F|100/100\n|switch|p1b: Araquanid|Araquanid, L50, F|100/100\n|switch|p2a: Torkoal|Torkoal, L50, M|100/100\n|switch|p2b: Typhlosion|Typhlosion-Hisui, L50, F|100/100\n|-item|p1a: Glimmora|Glimmoranite|[from] ability: Frisk|[of] p2b: Typhlosion\n|-item|p1b: Araquanid|Lum Berry|[from] ability: Frisk|[of] p2b: Typhlosion\n|-weather|SunnyDay|[from] ability: Drought|[of] p2a: Torkoal\n|turn|1\n|c|\u2606bruhschetta|glhf\n|\n|t:|1776257035\n|detailschange|p1a: Glimmora|Glimmora-Mega, L50, F\n|-mega|p1a: Glimmora|Glimmora|Glimmoranite\n|move|p2a: Torkoal|Helping Hand|p2b: Typhlosion\n|-singleturn|p2b: Typhlosion|Helping Hand|[of] p2a: Torkoal\n|move|p1b: Araquanid|Wide Guard|p1b: Araquanid\n|-singleturn|p1b: Araquanid|Wide Guard\n|move|p1a: Glimmora|Mortal Spin|p2b: Typhlosion|[spread] p2a,p2b\n|-resisted|p2b: Typhlosion|1\n|-damage|p2a: Torkoal|94/100\n|-damage|p2b: Typhlosion|94/100\n|-status|p2a: Torkoal|psn\n|-status|p2b: Typhlosion|psn\n|move|p2b: Typhlosion|Eruption|p1a: Glimmora|[spread] \n|-activate|p1a: Glimmora|move: Wide Guard\n|-activate|p1b: Araquanid|move: Wide Guard\n|\n|-weather|SunnyDay|[upkeep]\n|-heal|p2a: Torkoal|99/100 psn|[from] item: Leftovers\n|-damage|p2b: Typhlosion|82/100 psn|[from] psn\n|-damage|p2a: Torkoal|87/100 psn|[from] psn\n|upkeep\n|turn|2\n|\n|t:|1776257060\n|move|p1b: Araquanid|Wide Guard|p1b: Araquanid\n|-singleturn|p1b: Araquanid|Wide Guard\n|move|p1a: Glimmora|Venoshock|p2a: Torkoal\n|-crit|p2a: Torkoal\n|-damage|p2a: Torkoal|0 fnt\n|faint|p2a: Torkoal\n|move|p2b: Typhlosion|Shadow Ball|p1a: Glimmora\n|-damage|p1a: Glimmora|49/100\n|-unboost|p1a: Glimmora|spd|1\n|\n|-weather|SunnyDay|[upkeep]\n|-damage|p2b: Typhlosion|70/100 psn|[from] psn\n|upkeep\n|\n|t:|1776257073\n|switch|p2a: Sneasler|Sneasler, L50, F|100/100\n|turn|3\n|\n|t:|1776257081\n|switch|p1a: Tyranitar|Tyranitar, L50, M|100/100\n|-weather|Sandstorm|[from] ability: Sand Stream|[of] p1a: Tyranitar\n|move|p2a: Sneasler|Fake Out|p1b: Araquanid\n|-damage|p1b: Araquanid|84/100\n|move|p2b: Typhlosion|Heat Wave|p1b: Araquanid|[spread] p1a,p1b\n|-resisted|p1a: Tyranitar|1\n|-damage|p1a: Tyranitar|87/100\n|-damage|p1b: Araquanid|67/100\n|-status|p1a: Tyranitar|brn\n|cant|p1b: Araquanid|flinch\n|\n|-weather|Sandstorm|[upkeep]\n|-damage|p2a: Sneasler|95/100|[from] Sandstorm\n|-damage|p2b: Typhlosion|64/100 psn|[from] Sandstorm\n|-damage|p1b: Araquanid|62/100|[from] Sandstorm\n|-damage|p2b: Typhlosion|52/100 psn|[from] psn\n|-damage|p1a: Tyranitar|82/100 brn|[from] brn\n|upkeep\n|turn|4\n|\n|t:|1776257106\n|move|p2a: Sneasler|Close Combat|p1a: Tyranitar\n|-supereffective|p1a: Tyranitar|2\n|-damage|p1a: Tyranitar|0 fnt\n|-unboost|p2a: Sneasler|def|1\n|-unboost|p2a: Sneasler|spd|1\n|faint|p1a: Tyranitar\n|-enditem|p2a: Sneasler|White Herb\n|-clearnegativeboost|p2a: Sneasler|[silent]\n|move|p2b: Typhlosion|Shadow Ball|p1b: Araquanid\n|-damage|p1b: Araquanid|24/100\n|move|p1b: Araquanid|Liquidation|p2a: Sneasler\n|-damage|p2a: Sneasler|0 fnt\n|faint|p2a: Sneasler\n|\n|-weather|Sandstorm|[upkeep]\n|-damage|p2b: Typhlosion|46/100 psn|[from] Sandstorm\n|-damage|p1b: Araquanid|18/100|[from] Sandstorm\n|-damage|p2b: Typhlosion|34/100 psn|[from] psn\n|upkeep\n|\n|t:|1776257122\n|switch|p2a: Floette|Floette-Eternal, L50, F|100/100\n|switch|p1a: Garchomp|Garchomp, L50, F|100/100\n|turn|5\n|\n|t:|1776257135\n|detailschange|p2a: Floette|Floette-Mega, L50, F\n|-mega|p2a: Floette|Floette|Floettite\n|-ability|p2a: Floette|Fairy Aura\n|move|p1a: Garchomp|Protect|p1a: Garchomp\n|-singleturn|p1a: Garchomp|Protect\n|move|p2b: Typhlosion|Shadow Ball|p1b: Araquanid\n|-damage|p1b: Araquanid|0 fnt\n|faint|p1b: Araquanid\n|move|p2a: Floette|Calm Mind|p2a: Floette\n|-boost|p2a: Floette|spa|1\n|-boost|p2a: Floette|spd|1\n|\n|-weather|Sandstorm|[upkeep]\n|-damage|p2b: Typhlosion|28/100 psn|[from] Sandstorm\n|-damage|p2a: Floette|94/100|[from] Sandstorm\n|-damage|p2b: Typhlosion|16/100 psn|[from] psn\n|upkeep\n|\n|t:|1776257143\n|switch|p1b: Glimmora|Glimmora-Mega, L50, F|49/100\n|turn|6\n|\n|t:|1776257159\n|move|p1b: Glimmora|Spiky Shield|p1b: Glimmora\n|-singleturn|p1b: Glimmora|move: Protect\n|move|p1a: Garchomp|Substitute|p1a: Garchomp\n|-start|p1a: Garchomp|Substitute\n|-damage|p1a: Garchomp|76/100\n|move|p2b: Typhlosion|Shadow Ball|p1b: Glimmora\n|-activate|p1b: Glimmora|move: Protect\n|move|p2a: Floette|Dazzling Gleam|p1a: Garchomp|[spread] \n|-activate|p1b: Glimmora|move: Protect\n|-miss|p2a: Floette|p1a: Garchomp\n|\n|-weather|Sandstorm|[upkeep]\n|-damage|p2b: Typhlosion|10/100 psn|[from] Sandstorm\n|-damage|p2a: Floette|88/100|[from] Sandstorm\n|-heal|p1a: Garchomp|82/100|[from] item: Leftovers\n|-damage|p2b: Typhlosion|0 fnt|[from] psn\n|faint|p2b: Typhlosion\n|upkeep\n|turn|7\n|\n|t:|1776257179\n|move|p1a: Garchomp|Stomping Tantrum|p2a: Floette\n|-damage|p2a: Floette|54/100\n|move|p1b: Glimmora|Mortal Spin|p2a: Floette\n|-supereffective|p2a: Floette|1\n|-damage|p2a: Floette|27/100\n|-status|p2a: Floette|psn\n|move|p2a: Floette|Dazzling Gleam|p1b: Glimmora|[spread] p1a,p1b\n|-supereffective|p1a: Garchomp|1\n|-end|p1a: Garchomp|Substitute\n|-resisted|p1b: Glimmora|1\n|-damage|p1b: Glimmora|20/100\n|\n|-weather|none\n|-heal|p1a: Garchomp|88/100|[from] item: Leftovers\n|-damage|p2a: Floette|15/100 psn|[from] psn\n|upkeep\n|turn|8\n|-message|noideawhati forfeited.\n|\n|win|bruhschetta\n|raw|bruhschetta's rating: 1135 &rarr; <strong>1157</strong><br />(+22 for winning)\n|raw|noideawhati's rating: 1097 &rarr; <strong>1075</strong><br />(-22 for losing)\n|l|\u2606noideawhati\n|player|p2|\n",
  "uploadtime": 1776257198,
  "views": 19,
  "formatid": "gen9championsvgc2026regma",
  "rating": 1075,
  "private": 0,
  "password": null
}