{
  "id": "gen9championsvgc2026regma-2589517766",
  "format": "[Gen 9 Champions] VGC 2026 Reg M-A",
  "players": [
    "Rhambo1508",
    "Argian"
  ],
  "log": "|j|\u2606Rhambo1508\n|j|\u2606Argian\n|t:|1776730220\n|gametype|doubles\n|player|p1|Rhambo1508|norman|1149\n|player|p2|Argian|101|1194\n|gen|9\n|tier|[Gen 9 Champions] VGC 2026 Reg M-A\n|rated|\n|rule|Species Clause: Limit one of each Pok\u00e9mon\n|rule|Item Clause: Limit 1 of each item\n|clearpoke\n|poke|p1|Scovillain, L50, F|\n|poke|p1|Conkeldurr, L50, M|\n|poke|p1|Farigiraf, L50, M|\n|poke|p1|Primarina, L50, F|\n|poke|p1|Tyranitar, L50, F|\n|poke|p1|Kingambit, L50, F|\n|poke|p2|Lucario, L50, M, shiny|\n|poke|p2|Garchomp, L50, F, shiny|\n|poke|p2|Rotom-Wash, L50|\n|poke|p2|Meowscarada, L50, F|\n|poke|p2|Talonflame, L50, F|\n|poke|p2|Tyranitar, L50, F|\n|teampreview|4\n|\n|t:|1776730257\n|teamsize|p1|4\n|teamsize|p2|4\n|start\n|switch|p1a: Scovillain|Scovillain, L50, F|100/100\n|switch|p1b: Farigiraf|Farigiraf, L50, M|100/100\n|switch|p2a: Lucario|Lucario, L50, M, shiny|100/100\n|switch|p2b: Tyranitar|Tyranitar, L50, F|100/100\n|-weather|Sandstorm|[from] ability: Sand Stream|[of] p2b: Tyranitar\n|turn|1\n|\n|t:|1776730280\n|detailschange|p2b: Tyranitar|Tyranitar-Mega, L50, F\n|-mega|p2b: Tyranitar|Tyranitar|Tyranitarite\n|detailschange|p1a: Scovillain|Scovillain-Mega, L50, F\n|-mega|p1a: Scovillain|Scovillain|Scovillainite\n|move|p1a: Scovillain|Rage Powder|p1a: Scovillain\n|-singleturn|p1a: Scovillain|move: Rage Powder\n|move|p2a: Lucario|Aura Sphere|p1a: Scovillain\n|-damage|p1a: Scovillain|57/100\n|-status|p2a: Lucario|brn|[from] ability: Spicy Spray|[of] p1a: Scovillain\n|move|p2b: Tyranitar|Knock Off|p1a: Scovillain\n|-damage|p1a: Scovillain|24/100\n|-status|p2b: Tyranitar|brn|[from] ability: Spicy Spray|[of] p1a: Scovillain\n|move|p1b: Farigiraf|Trick Room|p1b: Farigiraf\n|-fieldstart|move: Trick Room|[of] p1b: Farigiraf\n|\n|-weather|Sandstorm|[upkeep]\n|-damage|p1b: Farigiraf|94/100|[from] Sandstorm\n|-damage|p1a: Scovillain|18/100|[from] Sandstorm\n|-damage|p2b: Tyranitar|95/100 brn|[from] brn\n|-damage|p2a: Lucario|95/100 brn|[from] brn\n|upkeep\n|turn|2\n|\n|t:|1776730319\n|move|p1b: Farigiraf|Helping Hand|p1a: Scovillain\n|-singleturn|p1a: Scovillain|Helping Hand|[of] p1b: Farigiraf\n|move|p1a: Scovillain|Giga Drain|p2b: Tyranitar\n|-supereffective|p2b: Tyranitar|1\n|-damage|p2b: Tyranitar|45/100 brn\n|-heal|p1a: Scovillain|50/100|[from] drain|[of] p2b: Tyranitar\n|move|p2b: Tyranitar|Rock Slide|p1b: Farigiraf|[spread] p1a,p1b\n|-supereffective|p1a: Scovillain|1\n|-damage|p1a: Scovillain|20/100\n|-damage|p1b: Farigiraf|79/100\n|move|p2a: Lucario|Aura Sphere|p1a: Scovillain\n|-damage|p1a: Scovillain|0 fnt\n|faint|p1a: Scovillain\n|\n|-weather|Sandstorm|[upkeep]\n|-damage|p1b: Farigiraf|73/100|[from] Sandstorm\n|-damage|p2b: Tyranitar|40/100 brn|[from] brn\n|-damage|p2a: Lucario|89/100 brn|[from] brn\n|upkeep\n|\n|t:|1776730336\n|switch|p1a: Conkeldurr|Conkeldurr, L50, M|100/100\n|turn|3\n|\n|t:|1776730358\n|move|p1b: Farigiraf|Helping Hand|p1a: Conkeldurr\n|-singleturn|p1a: Conkeldurr|Helping Hand|[of] p1b: Farigiraf\n|move|p2a: Lucario|Protect|p2a: Lucario\n|-singleturn|p2a: Lucario|Protect\n|move|p1a: Conkeldurr|Drain Punch|p2a: Lucario\n|-activate|p2a: Lucario|move: Protect\n|move|p2b: Tyranitar|Knock Off|p1b: Farigiraf\n|-supereffective|p1b: Farigiraf|1\n|-damage|p1b: Farigiraf|18/100\n|-enditem|p1b: Farigiraf|Mental Herb|[from] move: Knock Off|[of] p2b: Tyranitar\n|\n|-weather|Sandstorm|[upkeep]\n|-damage|p1a: Conkeldurr|95/100|[from] Sandstorm\n|-damage|p1b: Farigiraf|12/100|[from] Sandstorm\n|-damage|p2b: Tyranitar|34/100 brn|[from] brn\n|-damage|p2a: Lucario|83/100 brn|[from] brn\n|upkeep\n|turn|4\n|\n|t:|1776730380\n|switch|p2a: Rotom|Rotom-Wash, L50|100/100\n|move|p1b: Farigiraf|Helping Hand|p1a: Conkeldurr\n|-singleturn|p1a: Conkeldurr|Helping Hand|[of] p1b: Farigiraf\n|move|p2b: Tyranitar|Protect|p2b: Tyranitar\n|-singleturn|p2b: Tyranitar|Protect\n|move|p1a: Conkeldurr|Drain Punch|p2a: Rotom\n|-damage|p2a: Rotom|26/100\n|-heal|p1a: Conkeldurr|100/100|[from] drain|[of] p2a: Rotom\n|-enditem|p2a: Rotom|Sitrus Berry|[eat]\n|-heal|p2a: Rotom|51/100|[from] item: Sitrus Berry\n|\n|-weather|Sandstorm|[upkeep]\n|-damage|p1a: Conkeldurr|95/100|[from] Sandstorm\n|-damage|p1b: Farigiraf|6/100|[from] Sandstorm\n|-damage|p2a: Rotom|45/100|[from] Sandstorm\n|-damage|p2b: Tyranitar|28/100 brn|[from] brn\n|upkeep\n|turn|5\n|\n|t:|1776730417\n|move|p1a: Conkeldurr|Drain Punch|p2b: Tyranitar\n|-supereffective|p2b: Tyranitar|2\n|-damage|p2b: Tyranitar|0 fnt\n|-heal|p1a: Conkeldurr|100/100|[from] drain|[of] p2b: Tyranitar\n|faint|p2b: Tyranitar\n|move|p1b: Farigiraf|Hyper Voice|p2a: Rotom\n|-damage|p2a: Rotom|0 fnt\n|faint|p2a: Rotom\n|\n|-weather|none\n|-fieldend|move: Trick Room\n|upkeep\n|\n|t:|1776730421\n|switch|p2a: Meowscarada|Meowscarada, L50, F|100/100\n|switch|p2b: Lucario|Lucario, L50, M, shiny|83/100 brn\n|turn|6\n|\n|t:|1776730446\n|move|p1b: Farigiraf|Helping Hand|p1a: Conkeldurr\n|-singleturn|p1a: Conkeldurr|Helping Hand|[of] p1b: Farigiraf\n|move|p2a: Meowscarada|Flower Trick|p1a: Conkeldurr\n|-start|p2a: Meowscarada|typechange|Grass|[from] ability: Protean\n|-crit|p1a: Conkeldurr\n|-damage|p1a: Conkeldurr|51/100\n|move|p2b: Lucario|Psychic|p1a: Conkeldurr\n|-supereffective|p1a: Conkeldurr|1\n|-damage|p1a: Conkeldurr|0 fnt\n|faint|p1a: Conkeldurr\n|\n|-damage|p2b: Lucario|77/100 brn|[from] brn\n|upkeep\n|\n|t:|1776730457\n|switch|p1a: Primarina|Primarina, L50, F|100/100\n|turn|7\n|\n|t:|1776730473\n|move|p1a: Primarina|Protect|p1a: Primarina\n|-singleturn|p1a: Primarina|Protect\n|move|p2a: Meowscarada|Flower Trick|p1a: Primarina\n|-activate|p1a: Primarina|move: Protect\n|move|p2b: Lucario|Aura Sphere|p1b: Farigiraf\n|-damage|p1b: Farigiraf|0 fnt\n|faint|p1b: Farigiraf\n|\n|-damage|p2b: Lucario|71/100 brn|[from] brn\n|upkeep\n|turn|8\n|\n|t:|1776730488\n|move|p2a: Meowscarada|Flower Trick|p1a: Primarina\n|-supereffective|p1a: Primarina|1\n|-crit|p1a: Primarina\n|-damage|p1a: Primarina|0 fnt\n|faint|p1a: Primarina\n|\n|win|Argian\n|raw|Rhambo1508's rating: 1149 &rarr; <strong>1127</strong><br />(-22 for losing)\n|raw|Argian's rating: 1194 &rarr; <strong>1216</strong><br />(+22 for winning)\n|l|\u2606Rhambo1508\n|player|p1|\n",
  "uploadtime": 1776730493,
  "views": 10,
  "formatid": "gen9championsvgc2026regma",
  "rating": 1127,
  "private": 0,
  "password": null
}