{
  "id": "gen9championsvgc2026regma-2588149275",
  "format": "[Gen 9 Champions] VGC 2026 Reg M-A",
  "players": [
    "anexorto1",
    "moguliking"
  ],
  "log": "|j|\u2606anexorto1\n|j|\u2606moguliking\n|t:|1776609251\n|gametype|doubles\n|player|p1|anexorto1|drayden|1045\n|player|p2|moguliking|dragontamer|1016\n|gen|9\n|tier|[Gen 9 Champions] VGC 2026 Reg M-A\n|rated|\n|rule|Species Clause: Limit one of each Pok\u00e9mon\n|rule|Item Clause: Limit 1 of each item\n|clearpoke\n|poke|p1|Gardevoir, L50, M|\n|poke|p1|Maushold, L50|\n|poke|p1|Kingambit, L50, M|\n|poke|p1|Sneasler, L50, F|\n|poke|p1|Incineroar, L50, F|\n|poke|p1|Aegislash, L50, F|\n|poke|p2|Trevenant, L50, M|\n|poke|p2|Milotic, L50, M|\n|poke|p2|Typhlosion-Hisui, L50, F|\n|poke|p2|Sableye, L50, M|\n|poke|p2|Chimecho, L50, F|\n|poke|p2|Charizard, L50, F|\n|teampreview|4\n|inactive|Battle timer is ON: inactive players will automatically lose when time's up. (requested by anexorto1)\n|\n|t:|1776609275\n|teamsize|p1|4\n|teamsize|p2|4\n|start\n|switch|p1a: Gardevoir|Gardevoir, L50, M|100/100\n|switch|p1b: Maushold|Maushold, L50|100/100\n|switch|p2a: Chimecho|Chimecho, L50, F|100/100\n|switch|p2b: Trevenant|Trevenant, L50, M|100/100\n|turn|1\n|inactive|anexorto1 has 30 seconds left.\n|inactive|moguliking has 30 seconds left.\n|inactive|moguliking has 20 seconds left.\n|\n|t:|1776609322\n|switch|p1a: Incineroar|Incineroar, L50, F|100/100\n|-ability|p1a: Incineroar|Intimidate|boost\n|-unboost|p2a: Chimecho|atk|1\n|-unboost|p2b: Trevenant|atk|1\n|detailschange|p2a: Chimecho|Chimecho-Mega, L50, F\n|-mega|p2a: Chimecho|Chimecho|Chimechite\n|move|p1b: Maushold|Taunt|p2b: Trevenant\n|-start|p2b: Trevenant|move: Taunt\n|move|p2a: Chimecho|Flash Cannon|p1a: Incineroar\n|-resisted|p1a: Incineroar|1\n|-damage|p1a: Incineroar|86/100\n|cant|p2b: Trevenant|move: Taunt|Trick Room\n|\n|upkeep\n|turn|2\n|\n|t:|1776609344\n|switch|p2b: Sableye|Sableye, L50, M|100/100\n|move|p2a: Chimecho|Protect|p2a: Chimecho\n|-singleturn|p2a: Chimecho|Protect\n|move|p1b: Maushold|Super Fang|p2a: Chimecho\n|-activate|p2a: Chimecho|move: Protect\n|move|p1a: Incineroar|Will-O-Wisp|p2b: Sableye\n|-status|p2b: Sableye|brn\n|\n|-damage|p2b: Sableye|95/100 brn|[from] brn\n|upkeep\n|turn|3\n|inactive|anexorto1 has 30 seconds left.\n|inactive|moguliking has 30 seconds left.\n|inactive|moguliking has 20 seconds left.\n|\n|t:|1776609379\n|switch|p1b: Gardevoir|Gardevoir, L50, M|100/100\n|move|p2b: Sableye|Disable||[still]\n|-fail|p2b: Sableye\n|move|p1a: Incineroar|Parting Shot|p2a: Chimecho\n|-unboost|p2a: Chimecho|atk|1\n|-unboost|p2a: Chimecho|spa|1\n|\n|t:|1776609390\n|switch|p1a: Sneasler|Sneasler, L50, F|100/100|[from] Parting Shot\n|move|p2a: Chimecho|Boomburst|p1b: Gardevoir|[spread] p1a,p1b\n|-immune|p2b: Sableye\n|-damage|p1a: Sneasler|67/100\n|-damage|p1b: Gardevoir|77/100\n|\n|-damage|p2b: Sableye|89/100 brn|[from] brn\n|upkeep\n|turn|4\n|inactive|anexorto1 has 30 seconds left.\n|inactive|moguliking has 30 seconds left.\n|\n|t:|1776609419\n|detailschange|p1b: Gardevoir|Gardevoir-Mega, L50, M\n|-mega|p1b: Gardevoir|Gardevoir|Gardevoirite\n|move|p2b: Sableye|Protect|p2b: Sableye\n|-singleturn|p2b: Sableye|Protect\n|move|p1a: Sneasler|Close Combat|p2a: Chimecho\n|-damage|p2a: Chimecho|44/100\n|-unboost|p1a: Sneasler|def|1\n|-unboost|p1a: Sneasler|spd|1\n|-enditem|p1a: Sneasler|White Herb\n|-clearnegativeboost|p1a: Sneasler|[silent]\n|move|p1b: Gardevoir|Hyper Voice|p2a: Chimecho|[spread] p2a\n|-activate|p2b: Sableye|move: Protect\n|-resisted|p2a: Chimecho|1\n|-damage|p2a: Chimecho|22/100\n|move|p2a: Chimecho|Flash Cannon|p1b: Gardevoir\n|-supereffective|p1b: Gardevoir|1\n|-damage|p1b: Gardevoir|22/100\n|\n|-damage|p2b: Sableye|83/100 brn|[from] brn\n|upkeep\n|turn|5\n|inactive|anexorto1 has 30 seconds left.\n|inactive|moguliking has 30 seconds left.\n|inactive|moguliking has 20 seconds left.\n|inactive|moguliking has 15 seconds left.\n|inactive|moguliking has 10 seconds left.\n|\n|t:|1776609467\n|switch|p1b: Incineroar|Incineroar, L50, F|86/100\n|-ability|p1b: Incineroar|Intimidate|boost\n|-unboost|p2a: Chimecho|atk|1\n|-unboost|p2b: Sableye|atk|1\n|move|p2b: Sableye|Disable|p1a: Sneasler\n|-start|p1a: Sneasler|Disable|Close Combat\n|cant|p1a: Sneasler|Disable|Close Combat\n|move|p2a: Chimecho|Flash Cannon|p1b: Incineroar\n|-resisted|p1b: Incineroar|1\n|-damage|p1b: Incineroar|72/100\n|\n|-damage|p2b: Sableye|78/100 brn|[from] brn\n|upkeep\n|turn|6\n|inactive|moguliking has 30 seconds left.\n|\n|t:|1776609495\n|switch|p1a: Maushold|Maushold, L50|100/100\n|switch|p2a: Typhlosion|Typhlosion-Hisui, L50, F|100/100\n|-item|p1a: Maushold|Focus Sash|[from] ability: Frisk|[of] p2a: Typhlosion\n|-item|p1b: Incineroar|Sitrus Berry|[from] ability: Frisk|[of] p2a: Typhlosion\n|move|p2b: Sableye|Encore||[still]\n|-fail|p2b: Sableye\n|move|p1b: Incineroar|Flare Blitz|p2a: Typhlosion\n|-resisted|p2a: Typhlosion|1\n|-damage|p2a: Typhlosion|64/100\n|-damage|p1b: Incineroar|63/100|[from] Recoil\n|\n|-damage|p2b: Sableye|72/100 brn|[from] brn\n|upkeep\n|turn|7\n|inactive|moguliking has 30 seconds left.\n|\n|t:|1776609527\n|move|p2b: Sableye|Protect|p2b: Sableye\n|-singleturn|p2b: Sableye|Protect\n|move|p2a: Typhlosion|Heat Wave|p1b: Incineroar|[spread] p1a,p1b\n|-resisted|p1b: Incineroar|1\n|-damage|p1a: Maushold|54/100\n|-damage|p1b: Incineroar|51/100\n|-status|p1a: Maushold|brn\n|move|p1a: Maushold|Taunt|p2b: Sableye\n|-activate|p2b: Sableye|move: Protect\n|move|p1b: Incineroar|Flare Blitz|p2a: Typhlosion\n|-resisted|p2a: Typhlosion|1\n|-damage|p2a: Typhlosion|27/100\n|-damage|p1b: Incineroar|42/100|[from] Recoil\n|-enditem|p1b: Incineroar|Sitrus Berry|[eat]\n|-heal|p1b: Incineroar|67/100|[from] item: Sitrus Berry\n|\n|-damage|p1a: Maushold|48/100 brn|[from] brn\n|-damage|p2b: Sableye|66/100 brn|[from] brn\n|upkeep\n|turn|8\n|inactive|moguliking has 30 seconds left.\n|inactive|moguliking has 20 seconds left.\n|\n|t:|1776609564\n|switch|p1a: Sneasler|Sneasler, L50, F|67/100\n|move|p2b: Sableye|Disable||[still]\n|-fail|p2b: Sableye\n|move|p2a: Typhlosion|Heat Wave|p1a: Sneasler|[spread] p1a\n|-miss|p2a: Typhlosion|p1b: Incineroar\n|-damage|p1a: Sneasler|29/100\n|move|p1b: Incineroar|Parting Shot|p2a: Typhlosion\n|-unboost|p2a: Typhlosion|atk|1\n|-unboost|p2a: Typhlosion|spa|1\n|\n|t:|1776609579\n|switch|p1b: Gardevoir|Gardevoir-Mega, L50, M|22/100|[from] Parting Shot\n|\n|-damage|p2b: Sableye|60/100 brn|[from] brn\n|upkeep\n|turn|9\n|\n|t:|1776609591\n|move|p2b: Sableye|Protect|p2b: Sableye\n|-singleturn|p2b: Sableye|Protect\n|move|p2a: Typhlosion|Heat Wave|p1a: Sneasler|[spread] p1a,p1b\n|-crit|p1a: Sneasler\n|-damage|p1a: Sneasler|0 fnt\n|-damage|p1b: Gardevoir|2/100\n|faint|p1a: Sneasler\n|move|p1b: Gardevoir|Hyper Voice|p2b: Sableye|[spread] p2a\n|-activate|p2b: Sableye|move: Protect\n|-resisted|p2a: Typhlosion|1\n|-damage|p2a: Typhlosion|0 fnt\n|faint|p2a: Typhlosion\n|\n|-damage|p2b: Sableye|55/100 brn|[from] brn\n|upkeep\n|\n|t:|1776609613\n|switch|p2a: Chimecho|Chimecho-Mega, L50, F|22/100\n|switch|p1a: Maushold|Maushold, L50|48/100 brn\n|turn|10\n|inactive|moguliking has 30 seconds left.\n|\n|t:|1776609642\n|switch|p2b: Trevenant|Trevenant, L50, M|100/100\n|move|p1a: Maushold|Follow Me|p1a: Maushold\n|-singleturn|p1a: Maushold|move: Follow Me\n|move|p1b: Gardevoir|Aura Sphere|p2a: Chimecho\n|-damage|p2a: Chimecho|0 fnt\n|faint|p2a: Chimecho\n|\n|-damage|p1a: Maushold|42/100 brn|[from] brn\n|upkeep\n|\n|t:|1776609651\n|switch|p2a: Sableye|Sableye, L50, M|55/100 brn\n|turn|11\n|\n|t:|1776609668\n|move|p2a: Sableye|Encore|p1b: Gardevoir\n|-start|p1b: Gardevoir|Encore\n|move|p1a: Maushold|Taunt|p2b: Trevenant\n|-start|p2b: Trevenant|move: Taunt\n|move|p1b: Gardevoir|Aura Sphere|p2a: Sableye\n|-immune|p2a: Sableye\n|cant|p2b: Trevenant|move: Taunt|Leech Seed\n|\n|-damage|p1a: Maushold|36/100 brn|[from] brn\n|-damage|p2a: Sableye|49/100 brn|[from] brn\n|upkeep\n|turn|12\n|inactive|moguliking has 30 seconds left.\n|\n|t:|1776609702\n|switch|p1b: Incineroar|Incineroar, L50, F|67/100\n|-ability|p1b: Incineroar|Intimidate|boost\n|-unboost|p2a: Sableye|atk|1\n|-unboost|p2b: Trevenant|atk|1\n|move|p2a: Sableye|Disable|p1a: Maushold\n|-start|p1a: Maushold|Disable|Taunt\n|cant|p1a: Maushold|Disable|Taunt\n|move|p2b: Trevenant|Horn Leech|p1a: Maushold\n|-damage|p1a: Maushold|11/100 brn\n|\n|-damage|p1a: Maushold|5/100 brn|[from] brn\n|-damage|p2a: Sableye|43/100 brn|[from] brn\n|upkeep\n|turn|13\n|inactive|anexorto1 has 30 seconds left.\n|inactive|moguliking has 30 seconds left.\n|inactive|anexorto1 has 20 seconds left.\n|inactive|moguliking has 20 seconds left.\n|inactive|anexorto1 has 15 seconds left.\n|inactive|moguliking has 15 seconds left.\n|inactive|moguliking has 10 seconds left.\n|inactive|anexorto1 has 10 seconds left.\n|\n|t:|1776609754\n|move|p2a: Sableye|Protect|p2a: Sableye\n|-singleturn|p2a: Sableye|Protect\n|move|p1a: Maushold|Encore|p2a: Sableye\n|-activate|p2a: Sableye|move: Protect\n|move|p1b: Incineroar|Flare Blitz|p2b: Trevenant\n|-supereffective|p2b: Trevenant|1\n|-damage|p2b: Trevenant|12/100\n|-enditem|p2b: Trevenant|Sitrus Berry|[eat]\n|-heal|p2b: Trevenant|37/100|[from] item: Sitrus Berry\n|-damage|p1b: Incineroar|39/100|[from] Recoil\n|move|p2b: Trevenant|Horn Leech|p1a: Maushold\n|-damage|p1a: Maushold|0 fnt\n|-heal|p2b: Trevenant|39/100|[from] drain|[of] p1a: Maushold\n|faint|p1a: Maushold\n|\n|-damage|p2a: Sableye|37/100 brn|[from] brn\n|-end|p2b: Trevenant|move: Taunt\n|-item|p2b: Trevenant|Sitrus Berry|[from] ability: Harvest\n|upkeep\n|-enditem|p2b: Trevenant|Sitrus Berry|[eat]\n|-heal|p2b: Trevenant|64/100|[from] item: Sitrus Berry\n|\n|t:|1776609765\n|switch|p1a: Gardevoir|Gardevoir-Mega, L50, M|2/100\n|turn|14\n|inactive|moguliking has 30 seconds left this turn.\n|inactive|moguliking has 20 seconds left.\n|inactive|moguliking has 15 seconds left.\n|inactive|moguliking has 10 seconds left.\n|inactive|moguliking has 5 seconds left.\n|-message|moguliking lost due to inactivity.\n|\n|win|anexorto1\n|raw|anexorto1's rating: 1045 &rarr; <strong>1075</strong><br />(+30 for winning)\n|raw|moguliking's rating: 1016 &rarr; <strong>1005</strong><br />(-11 for losing)\n",
  "uploadtime": 1776609797,
  "views": 6,
  "formatid": "gen9championsvgc2026regma",
  "rating": 1005,
  "private": 0,
  "password": null
}