{
  "id": "gen9championsvgc2026regma-2585182994",
  "format": "[Gen 9 Champions] VGC 2026 Reg M-A",
  "players": [
    "dkapflzksh",
    "Arcario13"
  ],
  "log": "|j|\u2606dkapflzksh\n|j|\u2606Arcario13\n|t:|1776322106\n|gametype|doubles\n|player|p1|dkapflzksh|scientist-gen4dp|1374\n|player|p2|Arcario13|hilbert-wonderlauncher|1299\n|gen|9\n|tier|[Gen 9 Champions] VGC 2026 Reg M-A\n|rated|\n|rule|Species Clause: Limit one of each Pok\u00e9mon\n|rule|Item Clause: Limit 1 of each item\n|clearpoke\n|poke|p1|Basculegion, L50, M|\n|poke|p1|Dragonite, L50, F|\n|poke|p1|Archaludon, L50, F|\n|poke|p1|Scizor, L50, F|\n|poke|p1|Incineroar, L50, F|\n|poke|p1|Pelipper, L50, M|\n|poke|p2|Charizard, L50, M|\n|poke|p2|Venusaur, L50, F|\n|poke|p2|Garchomp, L50, M|\n|poke|p2|Milotic, L50, F|\n|poke|p2|Incineroar, L50, F|\n|poke|p2|Sneasler, L50, F|\n|teampreview|4\n|inactive|Battle timer is ON: inactive players will automatically lose when time's up. (requested by Arcario13)\n|\n|t:|1776322126\n|teamsize|p1|4\n|teamsize|p2|4\n|start\n|switch|p1a: Pelipper|Pelipper, L50, M, shiny|100/100\n|switch|p1b: Basculegion|Basculegion, L50, M, shiny|100/100\n|switch|p2a: Sneasler|Sneasler, L50, F|100/100\n|switch|p2b: Milotic|Milotic, L50, F, shiny|100/100\n|-weather|RainDance|[from] ability: Drizzle|[of] p1a: Pelipper\n|turn|1\n|\n|t:|1776322149\n|move|p2a: Sneasler|Fake Out|p1a: Pelipper\n|-damage|p1a: Pelipper|84/100\n|move|p1b: Basculegion|Flip Turn|p2b: Milotic\n|-resisted|p2b: Milotic|1\n|-damage|p2b: Milotic|72/100\n|\n|t:|1776322155\n|switch|p1b: Incineroar|Incineroar, L50, F|100/100|[from] Flip Turn\n|-ability|p1b: Incineroar|Intimidate|boost\n|-unboost|p2a: Sneasler|atk|1\n|-unboost|p2b: Milotic|atk|1\n|-ability|p2b: Milotic|Competitive|boost\n|-boost|p2b: Milotic|spa|2\n|-enditem|p2a: Sneasler|White Herb\n|-clearnegativeboost|p2a: Sneasler|[silent]\n|cant|p1a: Pelipper|flinch\n|move|p2b: Milotic|Icy Wind|p1b: Incineroar|[spread] p1a,p1b\n|-resisted|p1b: Incineroar|1\n|-damage|p1a: Pelipper|49/100\n|-damage|p1b: Incineroar|91/100\n|-unboost|p1a: Pelipper|spe|1\n|-unboost|p1b: Incineroar|spe|1\n|\n|-weather|RainDance|[upkeep]\n|-heal|p2b: Milotic|78/100|[from] item: Leftovers\n|upkeep\n|turn|2\n|inactive|dkapflzksh has 30 seconds left.\n|\n|t:|1776322181\n|move|p1b: Incineroar|Fake Out|p2a: Sneasler\n|-damage|p2a: Sneasler|81/100\n|cant|p2a: Sneasler|flinch\n|move|p2b: Milotic|Scald|p1b: Incineroar\n|-supereffective|p1b: Incineroar|1\n|-damage|p1b: Incineroar|0 fnt\n|faint|p1b: Incineroar\n|move|p1a: Pelipper|Hurricane|p2a: Sneasler\n|-supereffective|p2a: Sneasler|1\n|-damage|p2a: Sneasler|0 fnt\n|faint|p2a: Sneasler\n|\n|-weather|RainDance|[upkeep]\n|-heal|p2b: Milotic|84/100|[from] item: Leftovers\n|upkeep\n|\n|t:|1776322197\n|switch|p2a: Charizard|Charizard, L50, M, shiny|100/100\n|switch|p1b: Archaludon|Archaludon, L50, F, shiny|100/100\n|turn|3\n|\n|t:|1776322214\n|switch|p1a: Basculegion|Basculegion, L50, M, shiny|100/100\n|detailschange|p2a: Charizard|Charizard-Mega-Y, L50, M, shiny\n|-mega|p2a: Charizard|Charizard|Charizardite Y\n|-weather|SunnyDay|[from] ability: Drought|[of] p2a: Charizard\n|move|p1b: Archaludon|Protect|p1b: Archaludon\n|-singleturn|p1b: Archaludon|Protect\n|move|p2a: Charizard|Heat Wave|p1b: Archaludon|[spread] p1a\n|-activate|p1b: Archaludon|move: Protect\n|-resisted|p1a: Basculegion|1\n|-damage|p1a: Basculegion|63/100\n|move|p2b: Milotic|Ice Beam|p1b: Archaludon\n|-activate|p1b: Archaludon|move: Protect\n|\n|-weather|SunnyDay|[upkeep]\n|-heal|p2b: Milotic|90/100|[from] item: Leftovers\n|upkeep\n|turn|4\n|\n|t:|1776322235\n|move|p2a: Charizard|Protect|p2a: Charizard\n|-singleturn|p2a: Charizard|Protect\n|move|p1a: Basculegion|Flip Turn|p2a: Charizard\n|-activate|p2a: Charizard|move: Protect\n|move|p1b: Archaludon|Electro Shot||[still]\n|-prepare|p1b: Archaludon|Electro Shot\n|-boost|p1b: Archaludon|spa|1\n|move|p2b: Milotic|Ice Beam|p1b: Archaludon\n|-damage|p1b: Archaludon|52/100\n|-ability|p1b: Archaludon|Stamina|boost\n|-boost|p1b: Archaludon|def|1\n|\n|-weather|SunnyDay|[upkeep]\n|-heal|p1b: Archaludon|58/100|[from] item: Leftovers\n|-heal|p2b: Milotic|96/100|[from] item: Leftovers\n|upkeep\n|turn|5\n|inactive|Arcario13 has 30 seconds left.\n|inactive|Arcario13 has 20 seconds left.\n|\n|t:|1776322270\n|switch|p2a: Venusaur|Venusaur, L50, F, shiny|100/100\n|move|p1a: Basculegion|Flip Turn|p2a: Venusaur\n|-resisted|p2a: Venusaur|1\n|-damage|p2a: Venusaur|88/100\n|\n|t:|1776322275\n|switch|p1a: Pelipper|Pelipper, L50, M, shiny|49/100|[from] Flip Turn\n|-weather|RainDance|[from] ability: Drizzle|[of] p1a: Pelipper\n|move|p1b: Archaludon|Electro Shot|p2b: Milotic|[from] lockedmove\n|-supereffective|p2b: Milotic|1\n|-damage|p2b: Milotic|7/100\n|move|p2b: Milotic|Ice Beam|p1b: Archaludon\n|-damage|p1b: Archaludon|8/100\n|-ability|p1b: Archaludon|Stamina|boost\n|-boost|p1b: Archaludon|def|1\n|\n|-weather|RainDance|[upkeep]\n|-heal|p1b: Archaludon|14/100|[from] item: Leftovers\n|-heal|p2b: Milotic|13/100|[from] item: Leftovers\n|upkeep\n|turn|6\n|inactive|dkapflzksh has 30 seconds left.\n|\n|t:|1776322302\n|move|p1b: Archaludon|Protect|p1b: Archaludon\n|-singleturn|p1b: Archaludon|Protect\n|move|p2a: Venusaur|Sleep Powder|p1a: Pelipper\n|-status|p1a: Pelipper|slp|[from] move: Sleep Powder\n|cant|p1a: Pelipper|slp\n|move|p2b: Milotic|Icy Wind|p1b: Archaludon|[spread] p1a\n|-activate|p1b: Archaludon|move: Protect\n|-damage|p1a: Pelipper|16/100 slp\n|-unboost|p1a: Pelipper|spe|1\n|\n|-weather|RainDance|[upkeep]\n|-heal|p1b: Archaludon|20/100|[from] item: Leftovers\n|-heal|p2b: Milotic|19/100|[from] item: Leftovers\n|upkeep\n|turn|7\n|\n|t:|1776322324\n|switch|p2a: Charizard|Charizard-Mega-Y, L50, M, shiny|100/100\n|-weather|SunnyDay|[from] ability: Drought|[of] p2a: Charizard\n|move|p1b: Archaludon|Electro Shot||[still]\n|-prepare|p1b: Archaludon|Electro Shot\n|-boost|p1b: Archaludon|spa|1\n|move|p2b: Milotic|Icy Wind|p1b: Archaludon|[spread] p1a,p1b\n|-damage|p1a: Pelipper|0 fnt\n|-damage|p1b: Archaludon|0 fnt\n|faint|p1a: Pelipper\n|faint|p1b: Archaludon\n|\n|-weather|SunnyDay|[upkeep]\n|-heal|p2b: Milotic|25/100|[from] item: Leftovers\n|upkeep\n|\n|t:|1776322335\n|switch|p1b: Basculegion|Basculegion, L50, M, shiny|63/100\n|turn|8\n|\n|t:|1776322348\n|move|p1b: Basculegion|Last Respects|p2b: Milotic\n|-damage|p2b: Milotic|0 fnt\n|faint|p2b: Milotic\n|move|p2a: Charizard|Solar Beam||[still]\n|-prepare|p2a: Charizard|Solar Beam\n|-anim|p2a: Charizard|Solar Beam|p1b: Basculegion\n|-supereffective|p1b: Basculegion|1\n|-damage|p1b: Basculegion|0 fnt\n|faint|p1b: Basculegion\n|\n|win|Arcario13\n|raw|dkapflzksh's rating: 1374 &rarr; <strong>1350</strong><br />(-24 for losing)\n|raw|Arcario13's rating: 1299 &rarr; <strong>1329</strong><br />(+30 for winning)\n",
  "uploadtime": 1776322349,
  "views": 38,
  "formatid": "gen9championsvgc2026regma",
  "rating": 1329,
  "private": 0,
  "password": null
}