{
  "id": "gen9championsvgc2026regma-2581072376",
  "format": "[Gen 9 Champions] VGC 2026 Reg M-A",
  "players": [
    "StrawberryBalloons",
    "CFMathMaster"
  ],
  "log": "|j|\u203dStrawberryBalloons\n|j|\u2606CFMathMaster\n|t:|1775957232\n|gametype|doubles\n|player|p1|StrawberryBalloons|fisherman-gen4|1155\n|player|p2|CFMathMaster|pilot|1226\n|gen|9\n|tier|[Gen 9 Champions] VGC 2026 Reg M-A\n|rated|\n|rule|Species Clause: Limit one of each Pok\u00e9mon\n|rule|Item Clause: Limit 1 of each item\n|clearpoke\n|poke|p1|Milotic, L50, M|\n|poke|p1|Venusaur, L50, M|\n|poke|p1|Delphox, L50, F|\n|poke|p1|Whimsicott, L50, M|\n|poke|p1|Slowbro-Galar, L50, F|\n|poke|p1|Tinkaton, L50, F|\n|poke|p2|Pelipper, L50, F|\n|poke|p2|Sinistcha, L50|\n|poke|p2|Blastoise, L50, M|\n|poke|p2|Basculegion, L50, M|\n|poke|p2|Archaludon, L50, M|\n|poke|p2|Meowstic, L50, M|\n|teampreview|4\n|inactive|Battle timer is ON: inactive players will automatically lose when time's up. (requested by StrawberryBalloons)\n|inactive|CFMathMaster has 60 seconds left.\n|\n|t:|1775957270\n|teamsize|p1|4\n|teamsize|p2|4\n|start\n|switch|p1a: Venusaur|Venusaur, L50, M|100/100\n|switch|p1b: Whimsicott|Whimsicott, L50, M|100/100\n|switch|p2a: Meowstic|Meowstic, L50, M|100/100\n|switch|p2b: Blastoise|Blastoise, L50, M|100/100\n|turn|1\n|\n|t:|1775957289\n|detailschange|p2b: Blastoise|Blastoise-Mega, L50, M\n|-mega|p2b: Blastoise|Blastoise|Blastoisinite\n|move|p2a: Meowstic|Fake Out|p1a: Venusaur\n|-damage|p1a: Venusaur|93/100\n|move|p1b: Whimsicott|Sunny Day|p1b: Whimsicott\n|-weather|SunnyDay\n|cant|p1a: Venusaur|flinch\n|move|p2b: Blastoise|Shell Smash|p2b: Blastoise\n|-unboost|p2b: Blastoise|def|1\n|-unboost|p2b: Blastoise|spd|1\n|-boost|p2b: Blastoise|atk|2\n|-boost|p2b: Blastoise|spa|2\n|-boost|p2b: Blastoise|spe|2\n|\n|-weather|SunnyDay|[upkeep]\n|upkeep\n|turn|2\n|\n|t:|1775957300\n|move|p1b: Whimsicott|Encore|p2b: Blastoise\n|-start|p2b: Blastoise|Encore\n|move|p2a: Meowstic|Rain Dance|p2a: Meowstic\n|-weather|RainDance\n|move|p2b: Blastoise|Shell Smash|p2b: Blastoise\n|-unboost|p2b: Blastoise|def|1\n|-unboost|p2b: Blastoise|spd|1\n|-boost|p2b: Blastoise|atk|2\n|-boost|p2b: Blastoise|spa|2\n|-boost|p2b: Blastoise|spe|2\n|move|p1a: Venusaur|Growth|p1a: Venusaur\n|-boost|p1a: Venusaur|atk|1\n|-boost|p1a: Venusaur|spa|1\n|\n|-weather|RainDance|[upkeep]\n|upkeep\n|turn|3\n|\n|t:|1775957317\n|switch|p2b: Archaludon|Archaludon, L50, M|100/100\n|move|p1b: Whimsicott|Encore|p2a: Meowstic\n|-start|p2a: Meowstic|Encore\n|move|p2a: Meowstic|Rain Dance||[still]\n|-fail|p2a: Meowstic\n|move|p1a: Venusaur|Giga Drain|p2b: Archaludon\n|-resisted|p2b: Archaludon|2\n|-damage|p2b: Archaludon|82/100\n|-heal|p1a: Venusaur|100/100|[from] drain|[of] p2b: Archaludon\n|-ability|p2b: Archaludon|Stamina|boost\n|-boost|p2b: Archaludon|def|1\n|\n|-weather|RainDance|[upkeep]\n|upkeep\n|turn|4\n|\n|t:|1775957339\n|move|p2a: Meowstic|Rain Dance||[still]\n|-fail|p2a: Meowstic\n|move|p1b: Whimsicott|Moonblast|p2b: Archaludon\n|-crit|p2b: Archaludon\n|-damage|p2b: Archaludon|5/100\n|-ability|p2b: Archaludon|Stamina|boost\n|-boost|p2b: Archaludon|def|1\n|move|p2b: Archaludon|Flash Cannon|p1b: Whimsicott\n|-supereffective|p1b: Whimsicott|1\n|-enditem|p1b: Whimsicott|Babiri Berry|[eat]\n|-enditem|p1b: Whimsicott|Babiri Berry|[weaken]\n|-damage|p1b: Whimsicott|39/100\n|-unboost|p1b: Whimsicott|spd|1\n|move|p1a: Venusaur|Growth|p1a: Venusaur\n|-boost|p1a: Venusaur|atk|1\n|-boost|p1a: Venusaur|spa|1\n|\n|-weather|RainDance|[upkeep]\n|upkeep\n|turn|5\n|inactive|CFMathMaster has 30 seconds left.\n|inactive|CFMathMaster has 20 seconds left.\n|inactive|CFMathMaster has 15 seconds left.\n|inactive|CFMathMaster has 10 seconds left.\n|inactive|CFMathMaster has 5 seconds left.\n|\n|t:|1775957392\n|switch|p2a: Blastoise|Blastoise-Mega, L50, M|100/100\n|move|p1b: Whimsicott|Moonblast|p2b: Archaludon\n|-damage|p2b: Archaludon|0 fnt\n|faint|p2b: Archaludon\n|move|p1a: Venusaur|Giga Drain|p2a: Blastoise\n|-supereffective|p2a: Blastoise|1\n|-damage|p2a: Blastoise|0 fnt\n|faint|p2a: Blastoise\n|\n|-weather|RainDance|[upkeep]\n|upkeep\n|-message|CFMathMaster forfeited.\n|\n|win|StrawberryBalloons\n|raw|StrawberryBalloons's rating: 1155 &rarr; <strong>1185</strong><br />(+30 for winning)\n|raw|CFMathMaster's rating: 1226 &rarr; <strong>1196</strong><br />(-30 for losing)\n|l|\u2606CFMathMaster\n|player|p2|\n",
  "uploadtime": 1775957409,
  "views": 12,
  "formatid": "gen9championsvgc2026regma",
  "rating": 1185,
  "private": 0,
  "password": null
}