{
  "id": "gen9championsvgc2026regma-2584879262",
  "format": "[Gen 9 Champions] VGC 2026 Reg M-A",
  "players": [
    "stavlurk",
    "gonegeb"
  ],
  "log": "|j|\u2606stavlurk\n|j|\u2606gonegeb\n|t:|1776290975\n|gametype|doubles\n|player|p1|stavlurk|169|1110\n|player|p2|gonegeb|corbeau|1123\n|gen|9\n|tier|[Gen 9 Champions] VGC 2026 Reg M-A\n|rated|\n|rule|Species Clause: Limit one of each Pok\u00e9mon\n|rule|Item Clause: Limit 1 of each item\n|clearpoke\n|poke|p1|Golurk, L50|\n|poke|p1|Oranguru, L50, F|\n|poke|p1|Torkoal, L50, F|\n|poke|p1|Clefable, L50, M|\n|poke|p1|Hydreigon, L50, M|\n|poke|p1|Hatterene, L50, F|\n|poke|p2|Lucario, L50, M|\n|poke|p2|Umbreon, L50, M|\n|poke|p2|Arcanine, L50, F|\n|poke|p2|Ceruledge, L50, M|\n|poke|p2|Corviknight, L50, M|\n|poke|p2|Whimsicott, L50, F|\n|teampreview|4\n|\n|t:|1776290987\n|teamsize|p1|4\n|teamsize|p2|4\n|start\n|switch|p1a: Oranguru|Oranguru, L50, F|100/100\n|switch|p1b: Torkoal|Torkoal, L50, F|100/100\n|switch|p2a: Umbreon|Umbreon, L50, M, shiny|100/100\n|switch|p2b: Whimsicott|Whimsicott, L50, F, shiny|100/100\n|-weather|SunnyDay|[from] ability: Drought|[of] p1b: Torkoal\n|turn|1\n|\n|t:|1776290999\n|move|p1b: Torkoal|Protect|p1b: Torkoal\n|-singleturn|p1b: Torkoal|Protect\n|move|p2b: Whimsicott|Taunt|p1a: Oranguru\n|-start|p1a: Oranguru|move: Taunt\n|-enditem|p1a: Oranguru|Mental Herb\n|-end|p1a: Oranguru|move: Taunt\n|move|p2a: Umbreon|Snarl|p1b: Torkoal|[spread] p1a\n|-activate|p1b: Torkoal|move: Protect\n|-supereffective|p1a: Oranguru|1\n|-damage|p1a: Oranguru|88/100\n|-unboost|p1a: Oranguru|spa|1\n|move|p1a: Oranguru|Trick Room|p1a: Oranguru\n|-fieldstart|move: Trick Room|[of] p1a: Oranguru\n|\n|-weather|SunnyDay|[upkeep]\n|upkeep\n|turn|2\n|\n|t:|1776291018\n|move|p2b: Whimsicott|Encore|p1b: Torkoal\n|-start|p1b: Torkoal|Encore\n|move|p1b: Torkoal|Protect||[still]\n|-fail|p1b: Torkoal\n|move|p1a: Oranguru|Instruct|p1b: Torkoal\n|-singleturn|p1b: Torkoal|move: Instruct|[of] p1a: Oranguru\n|move|p1b: Torkoal|Protect|p1b: Torkoal\n|-singleturn|p1b: Torkoal|Protect\n|move|p2a: Umbreon|Snarl|p1b: Torkoal|[spread] p1a\n|-activate|p1b: Torkoal|move: Protect\n|-supereffective|p1a: Oranguru|1\n|-damage|p1a: Oranguru|75/100\n|-unboost|p1a: Oranguru|spa|1\n|\n|-weather|SunnyDay|[upkeep]\n|upkeep\n|turn|3\n|c|\u2606gonegeb|nice\n|\n|t:|1776291042\n|move|p1b: Torkoal|Protect||[still]\n|-fail|p1b: Torkoal\n|move|p2b: Whimsicott|Taunt|p1a: Oranguru\n|-start|p1a: Oranguru|move: Taunt\n|move|p1a: Oranguru|Psychic|p2a: Umbreon\n|-immune|p2a: Umbreon\n|move|p2a: Umbreon|Snarl|p1a: Oranguru|[spread] p1a,p1b\n|-supereffective|p1a: Oranguru|1\n|-damage|p1a: Oranguru|60/100\n|-damage|p1b: Torkoal|87/100\n|-unboost|p1a: Oranguru|spa|1\n|-unboost|p1b: Torkoal|spa|1\n|\n|-weather|SunnyDay|[upkeep]\n|upkeep\n|turn|4\n|c|\u2606gonegeb|.........\n|\n|t:|1776291077\n|switch|p1b: Golurk|Golurk, L50|100/100\n|move|p2b: Whimsicott|Taunt|p1b: Golurk\n|-start|p1b: Golurk|move: Taunt\n|move|p1a: Oranguru|Psychic|p2b: Whimsicott\n|-damage|p2b: Whimsicott|84/100\n|move|p2a: Umbreon|Snarl|p1a: Oranguru|[spread] p1a,p1b\n|-supereffective|p1a: Oranguru|1\n|-supereffective|p1b: Golurk|1\n|-damage|p1a: Oranguru|47/100\n|-damage|p1b: Golurk|78/100\n|-unboost|p1a: Oranguru|spa|1\n|-unboost|p1b: Golurk|spa|1\n|\n|-weather|SunnyDay|[upkeep]\n|upkeep\n|turn|5\n|\n|t:|1776291106\n|switch|p1a: Torkoal|Torkoal, L50, F|87/100\n|detailschange|p1b: Golurk|Golurk-Mega, L50\n|-mega|p1b: Golurk|Golurk|Golurkite\n|move|p1b: Golurk|Drain Punch|p2a: Umbreon\n|-supereffective|p2a: Umbreon|1\n|-damage|p2a: Umbreon|57/100\n|-heal|p1b: Golurk|100/100|[from] drain|[of] p2a: Umbreon\n|move|p2a: Umbreon|Foul Play|p1b: Golurk\n|-supereffective|p1b: Golurk|1\n|-damage|p1b: Golurk|0 fnt\n|faint|p1b: Golurk\n|move|p2b: Whimsicott|Moonblast|p1a: Torkoal\n|-resisted|p1a: Torkoal|1\n|-damage|p1a: Torkoal|60/100\n|\n|-weather|none\n|-heal|p2a: Umbreon|63/100|[from] item: Leftovers\n|-fieldend|move: Trick Room\n|upkeep\n|\n|t:|1776291126\n|switch|p1b: Hatterene|Hatterene, L50, F|100/100\n|turn|6\n|\n|t:|1776291132\n|move|p1a: Torkoal|Protect|p1a: Torkoal\n|-singleturn|p1a: Torkoal|Protect\n|move|p2b: Whimsicott|Tailwind|p2b: Whimsicott\n|-sidestart|p2: gonegeb|move: Tailwind\n|move|p2a: Umbreon|Snarl|p1a: Torkoal|[spread] p1b\n|-activate|p1a: Torkoal|move: Protect\n|-damage|p1b: Hatterene|90/100\n|-unboost|p1b: Hatterene|spa|1\n|move|p1b: Hatterene|Trick Room|p1b: Hatterene\n|-fieldstart|move: Trick Room|[of] p1b: Hatterene\n|\n|-heal|p2a: Umbreon|69/100|[from] item: Leftovers\n|upkeep\n|turn|7\n|\n|t:|1776291149\n|move|p2b: Whimsicott|Encore|p1a: Torkoal\n|-start|p1a: Torkoal|Encore\n|move|p1a: Torkoal|Protect||[still]\n|-fail|p1a: Torkoal\n|move|p1b: Hatterene|Dazzling Gleam|p2b: Whimsicott|[spread] p2a,p2b\n|-supereffective|p2a: Umbreon|1\n|-damage|p2a: Umbreon|33/100\n|-damage|p2b: Whimsicott|50/100\n|move|p2a: Umbreon|Snarl|p1a: Torkoal|[spread] p1a,p1b\n|-damage|p1a: Torkoal|47/100\n|-damage|p1b: Hatterene|79/100\n|-unboost|p1a: Torkoal|spa|1\n|-unboost|p1b: Hatterene|spa|1\n|\n|-heal|p2a: Umbreon|39/100|[from] item: Leftovers\n|upkeep\n|turn|8\n|c|\u2606gonegeb|have you learned nothing\n|\n|t:|1776291172\n|switch|p1a: Oranguru|Oranguru, L50, F|47/100\n|move|p1b: Hatterene|Dazzling Gleam|p2a: Umbreon|[spread] p2a,p2b\n|-supereffective|p2a: Umbreon|1\n|-damage|p2a: Umbreon|12/100\n|-damage|p2b: Whimsicott|24/100\n|move|p2a: Umbreon|Snarl|p1b: Hatterene|[spread] p1a,p1b\n|-supereffective|p1a: Oranguru|1\n|-damage|p1a: Oranguru|35/100\n|-damage|p1b: Hatterene|68/100\n|-unboost|p1a: Oranguru|spa|1\n|-unboost|p1b: Hatterene|spa|1\n|move|p2b: Whimsicott|Moonblast|p1a: Oranguru\n|-damage|p1a: Oranguru|9/100\n|\n|-heal|p2a: Umbreon|18/100|[from] item: Leftovers\n|upkeep\n|turn|9\n|\n|t:|1776291190\n|move|p1a: Oranguru|Protect|p1a: Oranguru\n|-singleturn|p1a: Oranguru|Protect\n|move|p1b: Hatterene|Dazzling Gleam|p2b: Whimsicott|[spread] p2a,p2b\n|-supereffective|p2a: Umbreon|1\n|-damage|p2a: Umbreon|0 fnt\n|-damage|p2b: Whimsicott|2/100\n|faint|p2a: Umbreon\n|move|p2b: Whimsicott|Moonblast|p1a: Oranguru\n|-activate|p1a: Oranguru|move: Protect\n|\n|-sideend|p2: gonegeb|move: Tailwind\n|upkeep\n|\n|t:|1776291198\n|switch|p2a: Lucario|Lucario, L50, M|100/100\n|turn|10\n|\n|t:|1776291208\n|move|p2a: Lucario|Protect|p2a: Lucario\n|-singleturn|p2a: Lucario|Protect\n|move|p2b: Whimsicott|Tailwind|p2b: Whimsicott\n|-sidestart|p2: gonegeb|move: Tailwind\n|move|p1b: Hatterene|Dazzling Gleam|p2a: Lucario|[spread] p2b\n|-activate|p2a: Lucario|move: Protect\n|-damage|p2b: Whimsicott|0 fnt\n|faint|p2b: Whimsicott\n|move|p1a: Oranguru|Instruct|p1b: Hatterene\n|-singleturn|p1b: Hatterene|move: Instruct|[of] p1a: Oranguru\n|move|p1b: Hatterene|Dazzling Gleam|p2a: Lucario\n|-activate|p2a: Lucario|move: Protect\n|\n|-fieldend|move: Trick Room\n|upkeep\n|\n|t:|1776291211\n|switch|p2b: Ceruledge|Ceruledge, L50, M|100/100\n|turn|11\n|\n|t:|1776291229\n|detailschange|p2a: Lucario|Lucario-Mega, L50, M\n|-mega|p2a: Lucario|Lucario|Lucarionite\n|move|p2a: Lucario|Meteor Mash|p1b: Hatterene|[miss]\n|-miss|p2a: Lucario|p1b: Hatterene\n|move|p2b: Ceruledge|Bitter Blade|p1a: Oranguru\n|-damage|p1a: Oranguru|0 fnt\n|faint|p1a: Oranguru\n|move|p1b: Hatterene|Trick Room|p1b: Hatterene\n|-fieldstart|move: Trick Room|[of] p1b: Hatterene\n|\n|upkeep\n|\n|t:|1776291239\n|switch|p1a: Torkoal|Torkoal, L50, F|47/100\n|-weather|SunnyDay|[from] ability: Drought|[of] p1a: Torkoal\n|turn|12\n|\n|t:|1776291248\n|move|p2a: Lucario|Protect|p2a: Lucario\n|-singleturn|p2a: Lucario|Protect\n|move|p1a: Torkoal|Heat Wave|p2b: Ceruledge|[spread] \n|-activate|p2a: Lucario|move: Protect\n|-start|p2b: Ceruledge|ability: Flash Fire\n|move|p1b: Hatterene|Dazzling Gleam|p2b: Ceruledge|[spread] p2b\n|-activate|p2a: Lucario|move: Protect\n|-resisted|p2b: Ceruledge|1\n|-damage|p2b: Ceruledge|94/100\n|move|p2b: Ceruledge|Bitter Blade|p1a: Torkoal\n|-resisted|p1a: Torkoal|1\n|-damage|p1a: Torkoal|17/100\n|-heal|p2b: Ceruledge|100/100|[from] drain|[of] p1a: Torkoal\n|\n|-weather|SunnyDay|[upkeep]\n|upkeep\n|turn|13\n|\n|t:|1776291283\n|move|p1a: Torkoal|Earth Power|p2b: Ceruledge\n|-supereffective|p2b: Ceruledge|1\n|-damage|p2b: Ceruledge|64/100\n|move|p1b: Hatterene|Dazzling Gleam|p2b: Ceruledge|[spread] p2a,p2b\n|-resisted|p2b: Ceruledge|1\n|-damage|p2a: Lucario|73/100\n|-damage|p2b: Ceruledge|58/100\n|move|p2b: Ceruledge|Bitter Blade|p1a: Torkoal\n|-resisted|p1a: Torkoal|1\n|-damage|p1a: Torkoal|0 fnt\n|-heal|p2b: Ceruledge|66/100|[from] drain|[of] p1a: Torkoal\n|faint|p1a: Torkoal\n|-heal|p2b: Ceruledge|68/100|[from] item: Shell Bell|[of] p1: Torkoal\n|move|p2a: Lucario|Meteor Mash|p1b: Hatterene\n|-supereffective|p1b: Hatterene|1\n|-damage|p1b: Hatterene|0 fnt\n|faint|p1b: Hatterene\n|\n|win|gonegeb\n|raw|stavlurk's rating: 1110 &rarr; <strong>1086</strong><br />(-24 for losing)\n|raw|gonegeb's rating: 1123 &rarr; <strong>1147</strong><br />(+24 for winning)\n|l|\u2606stavlurk\n|player|p1|\n",
  "uploadtime": 1776291302,
  "views": 17,
  "formatid": "gen9championsvgc2026regma",
  "rating": 1086,
  "private": 0,
  "password": null
}