{
  "id": "gen9championsvgc2026regma-2582130576",
  "format": "[Gen 9 Champions] VGC 2026 Reg M-A",
  "players": [
    "Evil Yarrack",
    "theonlyway21"
  ],
  "log": "|j|\u2606Evil Yarrack\n|j|\u2606theonlyway21\n|t:|1776061916\n|gametype|doubles\n|player|p1|Evil Yarrack|youngster-gen4dp|1377\n|player|p2|theonlyway21|bea|1293\n|gen|9\n|tier|[Gen 9 Champions] VGC 2026 Reg M-A\n|rated|\n|rule|Species Clause: Limit one of each Pok\u00e9mon\n|rule|Item Clause: Limit 1 of each item\n|clearpoke\n|poke|p1|Hawlucha, L50, M|\n|poke|p1|Lycanroc, L50, F|\n|poke|p1|Tyranitar, L50, F|\n|poke|p1|Sinistcha, L50|\n|poke|p1|Basculegion, L50, M|\n|poke|p1|Scizor, L50, M|\n|poke|p2|Sneasler, L50, F|\n|poke|p2|Kingambit, L50, M|\n|poke|p2|Incineroar, L50, M|\n|poke|p2|Basculegion, L50, M|\n|poke|p2|Froslass, L50, F|\n|poke|p2|Sinistcha, L50|\n|teampreview|4\n|inactive|Battle timer is ON: inactive players will automatically lose when time's up. (requested by theonlyway21)\n|inactive|Evil Yarrack also wants the timer to be on.\n|\n|t:|1776061946\n|teamsize|p1|4\n|teamsize|p2|4\n|start\n|switch|p1a: Lycanroc|Lycanroc, L50, F|100/100\n|switch|p1b: Tyranitar|Tyranitar, L50, F|100/100\n|switch|p2a: Basculegion|Basculegion, L50, M|100/100\n|switch|p2b: Incineroar|Incineroar, L50, M|100/100\n|-weather|Sandstorm|[from] ability: Sand Stream|[of] p1b: Tyranitar\n|-ability|p2b: Incineroar|Intimidate|boost\n|-unboost|p1a: Lycanroc|atk|1\n|-unboost|p1b: Tyranitar|atk|1\n|turn|1\n|inactive|theonlyway21 has 30 seconds left.\n|\n|t:|1776061972\n|switch|p2b: Sneasler|Sneasler, L50, F|100/100\n|move|p1a: Lycanroc|Protect|p1a: Lycanroc\n|-singleturn|p1a: Lycanroc|Protect\n|move|p1b: Tyranitar|Protect|p1b: Tyranitar\n|-singleturn|p1b: Tyranitar|Protect\n|move|p2a: Basculegion|Flip Turn|p1a: Lycanroc\n|-activate|p1a: Lycanroc|move: Protect\n|\n|-weather|Sandstorm|[upkeep]\n|-damage|p2a: Basculegion|94/100|[from] Sandstorm\n|-damage|p2b: Sneasler|95/100|[from] Sandstorm\n|upkeep\n|turn|2\n|\n|t:|1776061981\n|switch|p2b: Incineroar|Incineroar, L50, M|100/100\n|-ability|p2b: Incineroar|Intimidate|boost\n|-unboost|p1a: Lycanroc|atk|1\n|-unboost|p1b: Tyranitar|atk|1\n|switch|p1b: Scizor|Scizor, L50, M|100/100\n|move|p1a: Lycanroc|Psychic Fangs|p2b: Incineroar\n|-immune|p2b: Incineroar\n|move|p2a: Basculegion|Flip Turn|p1a: Lycanroc\n|-supereffective|p1a: Lycanroc|1\n|-enditem|p1a: Lycanroc|Focus Sash\n|-damage|p1a: Lycanroc|1/100\n|\n|t:|1776062000\n|switch|p2a: Sneasler|Sneasler, L50, F|95/100|[from] Flip Turn\n|\n|-weather|Sandstorm|[upkeep]\n|-damage|p2a: Sneasler|89/100|[from] Sandstorm\n|-damage|p2b: Incineroar|95/100|[from] Sandstorm\n|upkeep\n|turn|3\n|\n|t:|1776062009\n|move|p1a: Lycanroc|Protect|p1a: Lycanroc\n|-singleturn|p1a: Lycanroc|Protect\n|move|p2a: Sneasler|Close Combat|p1b: Scizor\n|-damage|p1b: Scizor|39/100\n|-unboost|p2a: Sneasler|def|1\n|-unboost|p2a: Sneasler|spd|1\n|move|p1b: Scizor|Close Combat|p2b: Incineroar\n|-supereffective|p2b: Incineroar|1\n|-damage|p2b: Incineroar|16/100\n|-unboost|p1b: Scizor|def|1\n|-unboost|p1b: Scizor|spd|1\n|move|p2b: Incineroar|Parting Shot|p1b: Scizor\n|-unboost|p1b: Scizor|atk|1\n|-unboost|p1b: Scizor|spa|1\n|\n|t:|1776062018\n|switch|p2b: Basculegion|Basculegion, L50, M|94/100|[from] Parting Shot\n|\n|-weather|Sandstorm|[upkeep]\n|-damage|p2b: Basculegion|88/100|[from] Sandstorm\n|-damage|p2a: Sneasler|83/100|[from] Sandstorm\n|upkeep\n|turn|4\n|\n|t:|1776062041\n|switch|p1a: Basculegion|Basculegion, L50, M|100/100\n|move|p2a: Sneasler|Protect|p2a: Sneasler\n|-singleturn|p2a: Sneasler|Protect\n|move|p2b: Basculegion|Aqua Jet|p1a: Basculegion\n|-resisted|p1a: Basculegion|1\n|-damage|p1a: Basculegion|83/100\n|move|p1b: Scizor|Bullet Punch|p2a: Sneasler\n|-activate|p2a: Sneasler|move: Protect\n|\n|-weather|Sandstorm|[upkeep]\n|-damage|p1a: Basculegion|77/100|[from] Sandstorm\n|-damage|p2b: Basculegion|82/100|[from] Sandstorm\n|-damage|p2a: Sneasler|77/100|[from] Sandstorm\n|upkeep\n|turn|5\n|\n|t:|1776062062\n|move|p2b: Basculegion|Aqua Jet|p1b: Scizor\n|-damage|p1b: Scizor|0 fnt\n|faint|p1b: Scizor\n|move|p1a: Basculegion|Last Respects|p2b: Basculegion\n|-supereffective|p2b: Basculegion|1\n|-damage|p2b: Basculegion|0 fnt\n|faint|p2b: Basculegion\n|move|p2a: Sneasler|Coaching|p2: Basculegion|[notarget]\n|-fail|p2a: Sneasler\n|\n|-weather|none\n|upkeep\n|\n|t:|1776062075\n|switch|p2b: Incineroar|Incineroar, L50, M|16/100\n|switch|p1b: Lycanroc|Lycanroc, L50, F|1/100\n|-ability|p2b: Incineroar|Intimidate|boost\n|-unboost|p1a: Basculegion|atk|1\n|-unboost|p1b: Lycanroc|atk|1\n|turn|6\n|inactive|Evil Yarrack has 30 seconds left.\n|inactive|theonlyway21 has 30 seconds left.\n|\n|t:|1776062108\n|move|p2b: Incineroar|Fake Out|p1b: Lycanroc\n|-resisted|p1b: Lycanroc|1\n|-damage|p1b: Lycanroc|0 fnt\n|faint|p1b: Lycanroc\n|move|p1a: Basculegion|Last Respects|p2a: Sneasler\n|-damage|p2a: Sneasler|0 fnt\n|faint|p2a: Sneasler\n|\n|upkeep\n|\n|t:|1776062114\n|switch|p2a: Froslass|Froslass, L50, F|100/100\n|switch|p1b: Tyranitar|Tyranitar, L50, F|100/100\n|-weather|Sandstorm|[from] ability: Sand Stream|[of] p1b: Tyranitar\n|turn|7\n|inactive|theonlyway21 has 30 seconds left.\n|inactive|theonlyway21 has 20 seconds left.\n|inactive|theonlyway21 has 15 seconds left.\n|inactive|theonlyway21 has 10 seconds left.\n|inactive|theonlyway21 has 5 seconds left.\n|\n|t:|1776062167\n|detailschange|p2a: Froslass|Froslass-Mega, L50, F\n|-mega|p2a: Froslass|Froslass|Froslassite\n|-weather|Snowscape|[from] ability: Snow Warning|[of] p2a: Froslass\n|detailschange|p1b: Tyranitar|Tyranitar-Mega, L50, F\n|-mega|p1b: Tyranitar|Tyranitar|Tyranitarite\n|-weather|Sandstorm|[from] ability: Sand Stream|[of] p1b: Tyranitar\n|move|p1a: Basculegion|Last Respects|p2a: Froslass\n|-supereffective|p2a: Froslass|1\n|-damage|p2a: Froslass|0 fnt\n|faint|p2a: Froslass\n|move|p1b: Tyranitar|Rock Slide|p2b: Incineroar\n|-supereffective|p2b: Incineroar|1\n|-damage|p2b: Incineroar|0 fnt\n|faint|p2b: Incineroar\n|\n|win|Evil Yarrack\n|raw|Evil Yarrack's rating: 1377 &rarr; <strong>1392</strong><br />(+15 for winning)\n|raw|theonlyway21's rating: 1293 &rarr; <strong>1274</strong><br />(-19 for losing)\n|l|\u2606Evil Yarrack\n|player|p1|\n|j|\u2606Evil Yarrack\n|player|p1|Evil Yarrack|youngster-gen4dp|\n",
  "uploadtime": 1776062179,
  "views": 47,
  "formatid": "gen9championsvgc2026regma",
  "rating": 1274,
  "private": 0,
  "password": null
}