{
  "id": "gen9championsvgc2026regma-2586523591",
  "format": "[Gen 9 Champions] VGC 2026 Reg M-A",
  "players": [
    "45453456e",
    "campeondelfitness"
  ],
  "log": "|j|\u260645453456e\n|j|\u2606campeondelfitness\n|t:|1776440496\n|gametype|doubles\n|player|p1|45453456e|102|1286\n|player|p2|campeondelfitness|swimmer|1286\n|gen|9\n|tier|[Gen 9 Champions] VGC 2026 Reg M-A\n|rated|\n|rule|Species Clause: Limit one of each Pok\u00e9mon\n|rule|Item Clause: Limit 1 of each item\n|clearpoke\n|poke|p1|Delphox, L50, F|\n|poke|p1|Basculegion, L50, M|\n|poke|p1|Aerodactyl, L50, M|\n|poke|p1|Sneasler, L50, M|\n|poke|p1|Garchomp, L50, M|\n|poke|p1|Kingambit, L50, M|\n|poke|p2|Tyranitar, L50, M|\n|poke|p2|Garchomp, L50, F|\n|poke|p2|Heliolisk, L50, M|\n|poke|p2|Rotom-Heat, L50|\n|poke|p2|Orthworm, L50, M|\n|poke|p2|Aerodactyl, L50, F|\n|teampreview|4\n|inactive|Battle timer is ON: inactive players will automatically lose when time's up. (requested by campeondelfitness)\n|inactive|campeondelfitness has 60 seconds left.\n|\n|t:|1776440534\n|teamsize|p1|4\n|teamsize|p2|4\n|start\n|switch|p1a: Aerodactyl|Aerodactyl, L50, M|100/100\n|switch|p1b: Sneasler|Sneasler, L50, M|100/100\n|switch|p2a: Orthworm|Orthworm, L50, M|100/100\n|switch|p2b: Aerodactyl|Aerodactyl, L50, F|100/100\n|-ability|p1a: Aerodactyl|Unnerve\n|-ability|p2b: Aerodactyl|Unnerve\n|turn|1\n|inactive|45453456e has 30 seconds left.\n|\n|t:|1776440561\n|move|p1b: Sneasler|Fake Out|p2b: Aerodactyl\n|-resisted|p2b: Aerodactyl|1\n|-damage|p2b: Aerodactyl|91/100\n|cant|p2b: Aerodactyl|flinch\n|move|p1a: Aerodactyl|Rock Slide|p2b: Aerodactyl|[spread] p2a,p2b\n|-resisted|p2a: Orthworm|1\n|-supereffective|p2b: Aerodactyl|1\n|-damage|p2a: Orthworm|94/100\n|-damage|p2b: Aerodactyl|21/100\n|move|p2a: Orthworm|Shed Tail|p2a: Orthworm\n|-start|p2a: Orthworm|Substitute|[from] move: Shed Tail\n|-damage|p2a: Orthworm|43/100\n|\n|t:|1776440572\n|switch|p2a: Garchomp|Garchomp, L50, F|100/100|[from] Shed Tail\n|\n|upkeep\n|turn|2\n|\n|t:|1776440582\n|switch|p2b: Orthworm|Orthworm, L50, M|43/100\n|switch|p1b: Garchomp|Garchomp, L50, M|100/100\n|detailschange|p2a: Garchomp|Garchomp-Mega, L50, F\n|-mega|p2a: Garchomp|Garchomp|Garchompite\n|move|p1a: Aerodactyl|Tailwind|p1a: Aerodactyl\n|-sidestart|p1: 45453456e|move: Tailwind\n|move|p2a: Garchomp|Earthquake|p1b: Garchomp|[spread] p1b\n|-heal|p2b: Orthworm|68/100|[from] ability: Earth Eater|[of] p2a: Garchomp\n|-immune|p1a: Aerodactyl\n|-damage|p1b: Garchomp|60/100\n|\n|-heal|p2b: Orthworm|75/100|[from] item: Leftovers\n|upkeep\n|turn|3\n|\n|t:|1776440607\n|move|p1a: Aerodactyl|Dual Wingbeat|p2a: Garchomp\n|-activate|p2a: Garchomp|move: Substitute|[damage]\n|-end|p2a: Garchomp|Substitute\n|-hitcount|p2a: Garchomp|2\n|move|p1b: Garchomp|Dragon Claw|p2a: Garchomp\n|-supereffective|p2a: Garchomp|1\n|-damage|p2a: Garchomp|29/100\n|move|p2a: Garchomp|Dragon Claw|p1b: Garchomp\n|-supereffective|p1b: Garchomp|1\n|-enditem|p1b: Garchomp|Haban Berry|[eat]\n|-enditem|p1b: Garchomp|Haban Berry|[weaken]\n|-damage|p1b: Garchomp|16/100\n|-damage|p2a: Garchomp|17/100|[from] ability: Rough Skin|[of] p1b: Garchomp\n|move|p2b: Orthworm|Iron Head|p1a: Aerodactyl\n|-supereffective|p1a: Aerodactyl|1\n|-damage|p1a: Aerodactyl|23/100\n|\n|-heal|p2b: Orthworm|81/100|[from] item: Leftovers\n|upkeep\n|turn|4\n|\n|t:|1776440630\n|switch|p1a: Sneasler|Sneasler, L50, M|100/100\n|move|p2a: Garchomp|Protect|p2a: Garchomp\n|-singleturn|p2a: Garchomp|Protect\n|move|p1b: Garchomp|Dragon Claw|p2a: Garchomp\n|-activate|p2a: Garchomp|move: Protect\n|move|p2b: Orthworm|Iron Defense|p2b: Orthworm\n|-boost|p2b: Orthworm|def|2\n|\n|-heal|p2b: Orthworm|87/100|[from] item: Leftovers\n|upkeep\n|turn|5\n|\n|t:|1776440651\n|switch|p2a: Tyranitar|Tyranitar, L50, M|100/100\n|-weather|Sandstorm|[from] ability: Sand Stream|[of] p2a: Tyranitar\n|move|p1a: Sneasler|Close Combat|p2b: Orthworm\n|-supereffective|p2b: Orthworm|1\n|-damage|p2b: Orthworm|52/100\n|-unboost|p1a: Sneasler|def|1\n|-unboost|p1a: Sneasler|spd|1\n|-enditem|p1a: Sneasler|White Herb\n|-clearnegativeboost|p1a: Sneasler|[silent]\n|move|p1b: Garchomp|Dragon Claw|p2a: Tyranitar\n|-damage|p2a: Tyranitar|73/100\n|move|p2b: Orthworm|Iron Defense|p2b: Orthworm\n|-boost|p2b: Orthworm|def|2\n|\n|-weather|Sandstorm|[upkeep]\n|-damage|p1a: Sneasler|95/100|[from] Sandstorm\n|-heal|p2b: Orthworm|58/100|[from] item: Leftovers\n|-sideend|p1: 45453456e|move: Tailwind\n|upkeep\n|turn|6\n|inactive|45453456e has 30 seconds left.\n|inactive|campeondelfitness has 30 seconds left.\n|\n|t:|1776440685\n|move|p1a: Sneasler|Close Combat|p2b: Orthworm\n|-supereffective|p2b: Orthworm|1\n|-crit|p2b: Orthworm\n|-damage|p2b: Orthworm|0 fnt\n|-unboost|p1a: Sneasler|def|1\n|-unboost|p1a: Sneasler|spd|1\n|faint|p2b: Orthworm\n|move|p1b: Garchomp|Stomping Tantrum|p2a: Tyranitar\n|-supereffective|p2a: Tyranitar|1\n|-damage|p2a: Tyranitar|19/100\n|move|p2a: Tyranitar|Icy Wind|p1a: Sneasler|[spread] p1a,p1b\n|-supereffective|p1b: Garchomp|2\n|-damage|p1a: Sneasler|78/100\n|-damage|p1b: Garchomp|0 fnt\n|-unboost|p1a: Sneasler|spe|1\n|faint|p1b: Garchomp\n|\n|-weather|Sandstorm|[upkeep]\n|-damage|p1a: Sneasler|72/100|[from] Sandstorm\n|upkeep\n|\n|t:|1776440707\n|switch|p1b: Basculegion|Basculegion, L50, M|100/100\n|switch|p2b: Aerodactyl|Aerodactyl, L50, F|21/100\n|-ability|p2b: Aerodactyl|Unnerve\n|turn|7\n|\n|t:|1776440728\n|move|p1a: Sneasler|Close Combat|p2a: Tyranitar\n|-supereffective|p2a: Tyranitar|2\n|-damage|p2a: Tyranitar|0 fnt\n|-unboost|p1a: Sneasler|def|1\n|-unboost|p1a: Sneasler|spd|1\n|faint|p2a: Tyranitar\n|move|p1b: Basculegion|Wave Crash|p2b: Aerodactyl\n|-supereffective|p2b: Aerodactyl|1\n|-damage|p2b: Aerodactyl|0 fnt\n|faint|p2b: Aerodactyl\n|-damage|p1b: Basculegion|95/100|[from] Recoil\n|\n|-weather|Sandstorm|[upkeep]\n|-damage|p1a: Sneasler|66/100|[from] Sandstorm\n|-damage|p1b: Basculegion|89/100|[from] Sandstorm\n|upkeep\n|\n|t:|1776440750\n|switch|p2a: Garchomp|Garchomp-Mega, L50, F|17/100\n|turn|8\n|inactive|45453456e has 30 seconds left.\n|inactive|45453456e has 20 seconds left.\n|inactive|45453456e has 15 seconds left.\n|\n|t:|1776440794\n|move|p1a: Sneasler|Close Combat|p2a: Garchomp\n|-damage|p2a: Garchomp|0 fnt\n|-unboost|p1a: Sneasler|def|1\n|-unboost|p1a: Sneasler|spd|1\n|faint|p2a: Garchomp\n|\n|win|45453456e\n|raw|45453456e's rating: 1286 &rarr; <strong>1311</strong><br />(+25 for winning)\n|raw|campeondelfitness's rating: 1286 &rarr; <strong>1261</strong><br />(-25 for losing)\n|l|\u260645453456e\n|player|p1|\n",
  "uploadtime": 1776440800,
  "views": 69,
  "formatid": "gen9championsvgc2026regma",
  "rating": 1261,
  "private": 0,
  "password": null
}