{
  "id": "gen9championsvgc2026regma-2586812477",
  "format": "[Gen 9 Champions] VGC 2026 Reg M-A",
  "players": [
    "jakeofonline",
    "pechito03"
  ],
  "log": "|j|\u2606jakeofonline\n|j|\u203dpechito03\n|t:|1776461941\n|gametype|doubles\n|player|p1|jakeofonline|brycenman|1178\n|player|p2|pechito03|shadowtriad|1158\n|gen|9\n|tier|[Gen 9 Champions] VGC 2026 Reg M-A\n|rated|\n|rule|Species Clause: Limit one of each Pok\u00e9mon\n|rule|Item Clause: Limit 1 of each item\n|clearpoke\n|poke|p1|Chandelure, L50, F|\n|poke|p1|Oranguru, L50, F|\n|poke|p1|Tsareena, L50, F|\n|poke|p1|Florges, L50, F|\n|poke|p1|Aerodactyl, L50, F|\n|poke|p1|Gallade, L50, M|\n|poke|p2|Aegislash, L50, F|\n|poke|p2|Sneasler, L50, M|\n|poke|p2|Sinistcha, L50|\n|poke|p2|Incineroar, L50, M|\n|poke|p2|Garchomp, L50, M|\n|poke|p2|Floette-Eternal, L50, F|\n|teampreview|4\n|inactive|Battle timer is ON: inactive players will automatically lose when time's up. (requested by jakeofonline)\n|inactive|jakeofonline has 60 seconds left.\n|inactive|pechito03 has 60 seconds left.\n|\n|t:|1776461998\n|teamsize|p1|4\n|teamsize|p2|4\n|start\n|switch|p1a: Tsareena|Tsareena, L50, F|100/100\n|switch|p1b: Florges|Florges, L50, F|100/100\n|switch|p2a: Incineroar|Incineroar, L50, M|100/100\n|switch|p2b: Floette|Floette-Eternal, L50, F|100/100\n|-ability|p2a: Incineroar|Intimidate|boost\n|-block|p1a: Tsareena|ability: Flower Veil|[of] p1b: Florges\n|-unboost|p1b: Florges|atk|1\n|turn|1\n|inactive|pechito03 has 30 seconds left.\n|\n|t:|1776462029\n|switch|p2b: Sneasler|Sneasler, L50, M|100/100\n|switch|p1a: Chandelure|Chandelure, L50, F|100/100\n|move|p1b: Florges|Sunny Day|p1b: Florges\n|-weather|SunnyDay\n|move|p2a: Incineroar|Parting Shot|p1a: Chandelure\n|-unboost|p1a: Chandelure|atk|1\n|-unboost|p1a: Chandelure|spa|1\n|\n|t:|1776462044\n|switch|p2a: Floette|Floette-Eternal, L50, F|100/100|[from] Parting Shot\n|\n|-weather|SunnyDay|[upkeep]\n|upkeep\n|turn|2\n|inactive|pechito03 has 30 seconds left.\n|\n|t:|1776462074\n|switch|p2a: Incineroar|Incineroar, L50, M|100/100\n|-ability|p2a: Incineroar|Intimidate|boost\n|-unboost|p1a: Chandelure|atk|1\n|-unboost|p1b: Florges|atk|1\n|switch|p1b: Oranguru|Oranguru, L50, F|100/100\n|detailschange|p1a: Chandelure|Chandelure-Mega, L50, F\n|-mega|p1a: Chandelure|Chandelure|Chandelurite\n|move|p2b: Sneasler|Dire Claw|p1b: Oranguru\n|-damage|p1b: Oranguru|51/100\n|-status|p1b: Oranguru|psn\n|move|p1a: Chandelure|Heat Wave|p2b: Sneasler|[spread] p2a,p2b\n|-resisted|p2a: Incineroar|1\n|-damage|p2a: Incineroar|78/100\n|-damage|p2b: Sneasler|27/100\n|\n|-weather|SunnyDay|[upkeep]\n|-damage|p1b: Oranguru|39/100 psn|[from] psn\n|upkeep\n|-enditem|p1b: Oranguru|Sitrus Berry|[eat]\n|-heal|p1b: Oranguru|64/100 psn|[from] item: Sitrus Berry\n|turn|3\n|inactive|jakeofonline has 30 seconds left.\n|inactive|pechito03 has 30 seconds left.\n|inactive|jakeofonline has 20 seconds left.\n|\n|t:|1776462112\n|move|p2b: Sneasler|Close Combat|p1b: Oranguru\n|-damage|p1b: Oranguru|0 fnt\n|-unboost|p2b: Sneasler|def|1\n|-unboost|p2b: Sneasler|spd|1\n|faint|p1b: Oranguru\n|-enditem|p2b: Sneasler|White Herb\n|-clearnegativeboost|p2b: Sneasler|[silent]\n|move|p1a: Chandelure|Heat Wave|p2a: Incineroar|[spread] p2a,p2b\n|-resisted|p2a: Incineroar|1\n|-damage|p2a: Incineroar|54/100\n|-damage|p2b: Sneasler|0 fnt\n|faint|p2b: Sneasler\n|move|p2a: Incineroar|Parting Shot|p1a: Chandelure\n|-unboost|p1a: Chandelure|atk|1\n|-unboost|p1a: Chandelure|spa|1\n|\n|t:|1776462128\n|switch|p2a: Garchomp|Garchomp, L50, M|100/100|[from] Parting Shot\n|\n|-weather|SunnyDay|[upkeep]\n|upkeep\n|\n|t:|1776462134\n|switch|p2b: Incineroar|Incineroar, L50, M|54/100\n|switch|p1b: Tsareena|Tsareena, L50, F|100/100\n|-ability|p2b: Incineroar|Intimidate|boost\n|-unboost|p1a: Chandelure|atk|1\n|-unboost|p1b: Tsareena|atk|1\n|turn|4\n|\n|t:|1776462149\n|switch|p1a: Florges|Florges, L50, F|100/100\n|move|p2a: Garchomp|Protect|p2a: Garchomp\n|-singleturn|p2a: Garchomp|Protect\n|move|p1b: Tsareena|Solar Blade||[still]\n|-prepare|p1b: Tsareena|Solar Blade\n|-anim|p1b: Tsareena|Solar Blade|p2a: Garchomp\n|-activate|p2a: Garchomp|move: Protect\n|move|p2b: Incineroar|Flare Blitz|p1b: Tsareena\n|-supereffective|p1b: Tsareena|1\n|-enditem|p1b: Tsareena|Occa Berry|[eat]\n|-enditem|p1b: Tsareena|Occa Berry|[weaken]\n|-damage|p1b: Tsareena|23/100\n|-damage|p2b: Incineroar|32/100|[from] Recoil\n|\n|-weather|SunnyDay|[upkeep]\n|upkeep\n|turn|5\n|inactive|pechito03 has 30 seconds left.\n|inactive|pechito03 has 20 seconds left.\n|\n|t:|1776462188\n|switch|p2a: Floette|Floette-Eternal, L50, F|100/100\n|switch|p1b: Chandelure|Chandelure-Mega, L50, F|100/100\n|move|p1a: Florges|Moonblast|p2a: Floette\n|-damage|p2a: Floette|65/100\n|-unboost|p2a: Floette|spa|1\n|move|p2b: Incineroar|Flare Blitz|p1b: Chandelure\n|-resisted|p1b: Chandelure|1\n|-damage|p1b: Chandelure|68/100\n|-damage|p2b: Incineroar|23/100|[from] Recoil\n|\n|-weather|none\n|upkeep\n|turn|6\n|\n|t:|1776462211\n|switch|p2a: Garchomp|Garchomp, L50, M|100/100\n|move|p1b: Chandelure|Heat Wave|p2b: Incineroar|[spread] p2a,p2b\n|-resisted|p2a: Garchomp|1\n|-resisted|p2b: Incineroar|1\n|-damage|p2a: Garchomp|78/100\n|-damage|p2b: Incineroar|0 fnt\n|faint|p2b: Incineroar\n|move|p1a: Florges|Sunny Day|p1a: Florges\n|-weather|SunnyDay\n|\n|-weather|SunnyDay|[upkeep]\n|upkeep\n|\n|t:|1776462221\n|switch|p2b: Floette|Floette-Eternal, L50, F|65/100\n|turn|7\n|\n|t:|1776462229\n|detailschange|p2b: Floette|Floette-Mega, L50, F\n|-mega|p2b: Floette|Floette|Floettite\n|-ability|p2b: Floette|Fairy Aura\n|move|p1b: Chandelure|Protect|p1b: Chandelure\n|-singleturn|p1b: Chandelure|Protect\n|move|p2b: Floette|Calm Mind|p2b: Floette\n|-boost|p2b: Floette|spa|1\n|-boost|p2b: Floette|spd|1\n|move|p2a: Garchomp|Stomping Tantrum|p1b: Chandelure\n|-activate|p1b: Chandelure|move: Protect\n|move|p1a: Florges|Moonblast|p2a: Garchomp\n|-supereffective|p2a: Garchomp|1\n|-damage|p2a: Garchomp|0 fnt\n|faint|p2a: Garchomp\n|\n|-weather|SunnyDay|[upkeep]\n|upkeep\n|turn|8\n|inactive|jakeofonline has 30 seconds left.\n|\n|t:|1776462256\n|move|p2b: Floette|Moonblast|p1b: Chandelure\n|-resisted|p1b: Chandelure|1\n|-damage|p1b: Chandelure|19/100\n|move|p1b: Chandelure|Heat Wave|p2b: Floette\n|-damage|p2b: Floette|17/100\n|move|p1a: Florges|Giga Drain|p2b: Floette\n|-damage|p2b: Floette|5/100\n|\n|-weather|SunnyDay|[upkeep]\n|upkeep\n|turn|9\n|\n|t:|1776462276\n|move|p2b: Floette|Moonblast|p1a: Florges\n|-damage|p1a: Florges|40/100\n|-unboost|p1a: Florges|spa|1\n|move|p1b: Chandelure|Heat Wave|p2b: Floette|[miss]\n|-miss|p1b: Chandelure|p2b: Floette\n|move|p1a: Florges|Moonblast|p2b: Floette\n|-damage|p2b: Floette|0 fnt\n|faint|p2b: Floette\n|\n|win|jakeofonline\n|raw|jakeofonline's rating: 1178 &rarr; <strong>1200</strong><br />(+22 for winning)\n|raw|pechito03's rating: 1130 &rarr; <strong>1108</strong><br />(-22 for losing)\n|l|\u203dpechito03\n|player|p2|\n",
  "uploadtime": 1776462286,
  "views": 24,
  "formatid": "gen9championsvgc2026regma",
  "rating": 1108,
  "private": 0,
  "password": null
}