{
  "id": "gen9championsvgc2026regma-2584951695",
  "format": "[Gen 9 Champions] VGC 2026 Reg M-A",
  "players": [
    "Vincially",
    "driumip"
  ],
  "log": "|j|\u2606Vincially\n|j|\u2606driumip\n|html|<table width=\"100%\"><tr><td align=\"left\">Vincially</td><td align=\"right\">driumip</tr><tr><td align=\"left\"><i class=\"fa fa-circle-o\"></i> <i class=\"fa fa-circle-o\"></i> </td><td align=\"right\"><i class=\"fa fa-circle-o\"></i> <i class=\"fa fa-circle\"></i> </tr></table>\n|uhtml|bestof|<h2><strong>Game 2</strong> of <a href=\"/game-bestof3-gen9championsvgc2026regma-2584946486\">a best-of-3</a></h2>\n|t:|1776297534\n|gametype|doubles\n|player|p1|Vincially|ethan|\n|player|p2|driumip|169|\n|gen|9\n|tier|[Gen 9 Champions] VGC 2026 Reg M-A\n|rule|Species Clause: Limit one of each Pok\u00e9mon\n|rule|Item Clause: Limit 1 of each item\n|raw|<div class=\"infobox\"><details class=\"readmore\" open><summary><strong>1 custom rule:</strong></summary> Best of = 3</details></div>\n|clearpoke\n|poke|p1|Aerodactyl, L50, M|\n|poke|p1|Garchomp, L50, M|\n|poke|p1|Drampa, L50, M|\n|poke|p1|Sinistcha-Masterpiece, L50|\n|poke|p1|Primarina, L50, M|\n|poke|p1|Incineroar, L50, M|\n|poke|p2|Pelipper, L50, M|\n|poke|p2|Basculegion, L50, M|\n|poke|p2|Dragonite, L50, F|\n|poke|p2|Archaludon, L50, F|\n|poke|p2|Farigiraf, L50, M|\n|poke|p2|Garchomp, L50, F|\n|teampreview|4\nVincially has agreed to open team sheets.\n|\n|t:|1776297571\n|teamsize|p1|4\n|teamsize|p2|4\n|start\n|switch|p1a: Aerodactyl|Aerodactyl, L50, M|100/100\n|switch|p1b: Garchomp|Garchomp, L50, M|100/100\n|switch|p2a: Pelipper|Pelipper, L50, M|100/100\n|switch|p2b: Garchomp|Garchomp, L50, F|100/100\n|-ability|p1a: Aerodactyl|Unnerve\n|-weather|RainDance|[from] ability: Drizzle|[of] p2a: Pelipper\n|turn|1\n|\n|t:|1776297601\n|detailschange|p1a: Aerodactyl|Aerodactyl-Mega, L50, M\n|-mega|p1a: Aerodactyl|Aerodactyl|Aerodactylite\n|move|p2b: Garchomp|Protect|p2b: Garchomp\n|-singleturn|p2b: Garchomp|Protect\n|move|p1a: Aerodactyl|Tailwind|p1a: Aerodactyl\n|-sidestart|p1: Vincially|move: Tailwind\n|move|p1b: Garchomp|Dragon Claw|p2b: Garchomp\n|-activate|p2b: Garchomp|move: Protect\n|move|p2a: Pelipper|Tailwind|p2a: Pelipper\n|-sidestart|p2: driumip|move: Tailwind\n|\n|-weather|RainDance|[upkeep]\n|upkeep\n|turn|2\n|\n|t:|1776297634\n|switch|p2b: Basculegion|Basculegion, L50, M|100/100\n|switch|p1b: Primarina|Primarina, L50, M|100/100\n|move|p1a: Aerodactyl|Protect|p1a: Aerodactyl\n|-singleturn|p1a: Aerodactyl|Protect\n|move|p2a: Pelipper|Hydro Pump|p1a: Aerodactyl\n|-activate|p1a: Aerodactyl|move: Protect\n|\n|-weather|RainDance|[upkeep]\n|upkeep\n|turn|3\n|\n|t:|1776297659\n|switch|p1a: Sinistcha|Sinistcha-Masterpiece, L50, shiny|100/100\n|move|p2b: Basculegion|Wave Crash|p1a: Sinistcha\n|-resisted|p1a: Sinistcha|1\n|-damage|p1a: Sinistcha|52/100\n|-damage|p2b: Basculegion|86/100|[from] Recoil\n|move|p2a: Pelipper|Hurricane|p1b: Primarina\n|-damage|p1b: Primarina|59/100\n|-start|p1b: Primarina|confusion\n|-activate|p1b: Primarina|confusion\n|move|p1b: Primarina|Moonblast|p2b: Basculegion\n|-damage|p2b: Basculegion|23/100\n|\n|-weather|RainDance|[upkeep]\n|upkeep\n|turn|4\n|\n|t:|1776297696\n|switch|p1a: Garchomp|Garchomp, L50, M|100/100\n|move|p2b: Basculegion|Protect|p2b: Basculegion\n|-singleturn|p2b: Basculegion|Protect\n|move|p2a: Pelipper|Hurricane|p1a: Garchomp\n|-damage|p1a: Garchomp|55/100\n|-activate|p1b: Primarina|confusion\n|move|p1b: Primarina|Hyper Voice|p2a: Pelipper|[spread] p2a\n|-activate|p2b: Basculegion|move: Protect\n|-resisted|p2a: Pelipper|1\n|-damage|p2a: Pelipper|52/100\n|\n|-weather|RainDance|[upkeep]\n|-sideend|p2: driumip|move: Tailwind\n|-sideend|p1: Vincially|move: Tailwind\n|upkeep\n|turn|5\n|\n|t:|1776297721\n|move|p2b: Basculegion|Wave Crash|p1a: Garchomp\n|-damage|p1a: Garchomp|0 fnt\n|-damage|p2b: Basculegion|11/100|[from] ability: Rough Skin|[of] p1a: Garchomp\n|faint|p1a: Garchomp\n|-damage|p2b: Basculegion|0 fnt|[from] Recoil\n|faint|p2b: Basculegion\n|move|p2a: Pelipper|Tailwind|p2a: Pelipper\n|-sidestart|p2: driumip|move: Tailwind\n|-end|p1b: Primarina|confusion\n|move|p1b: Primarina|Hyper Voice|p2a: Pelipper\n|-resisted|p2a: Pelipper|1\n|-damage|p2a: Pelipper|0 fnt\n|faint|p2a: Pelipper\n|\n|-weather|none\n|upkeep\n|\n|t:|1776297741\n|switch|p1a: Sinistcha|Sinistcha-Masterpiece, L50, shiny|52/100\n|switch|p2b: Dragonite|Dragonite, L50, F|100/100\n|switch|p2a: Garchomp|Garchomp, L50, F|100/100\n|-heal|p1b: Primarina|84/100|[from] ability: Hospitality|[of] p1a: Sinistcha\n|turn|6\n|\n|t:|1776297786\n|detailschange|p2b: Dragonite|Dragonite-Mega, L50, F\n|-mega|p2b: Dragonite|Dragonite|Dragoninite\n|move|p1b: Primarina|Protect|p1b: Primarina\n|-singleturn|p1b: Primarina|Protect\n|move|p2a: Garchomp|Earthquake|p1a: Sinistcha|[spread] p1a\n|-activate|p1b: Primarina|move: Protect\n|-immune|p2b: Dragonite\n|-resisted|p1a: Sinistcha|1\n|-damage|p1a: Sinistcha|29/100\n|move|p2b: Dragonite|Ice Beam|p1a: Sinistcha\n|-supereffective|p1a: Sinistcha|1\n|-damage|p1a: Sinistcha|0 fnt\n|faint|p1a: Sinistcha\n|\n|upkeep\n|\n|t:|1776297799\n|switch|p1a: Aerodactyl|Aerodactyl-Mega, L50, M|100/100\n|turn|7\n|\n|t:|1776297864\n|move|p1a: Aerodactyl|Protect|p1a: Aerodactyl\n|-singleturn|p1a: Aerodactyl|Protect\n|move|p2a: Garchomp|Earthquake|p1a: Aerodactyl|[spread] p1b\n|-activate|p1a: Aerodactyl|move: Protect\n|-immune|p2b: Dragonite\n|-damage|p1b: Primarina|29/100\n|move|p2b: Dragonite|Fire Blast|p1b: Primarina\n|-resisted|p1b: Primarina|1\n|-damage|p1b: Primarina|10/100\n|move|p1b: Primarina|Moonblast|p2b: Dragonite\n|-supereffective|p2b: Dragonite|1\n|-damage|p2b: Dragonite|49/100\n|\n|upkeep\n|turn|8\n|\n|t:|1776297896\n|move|p1a: Aerodactyl|Protect||[still]\n|-fail|p1a: Aerodactyl\n|move|p1b: Primarina|Protect|p1b: Primarina\n|-singleturn|p1b: Primarina|Protect\n|move|p2a: Garchomp|Earthquake|p1a: Aerodactyl|[spread] \n|-activate|p1b: Primarina|move: Protect\n|-immune|p2b: Dragonite\n|-immune|p1a: Aerodactyl\n|move|p2b: Dragonite|Draco Meteor|p1a: Aerodactyl\n|-damage|p1a: Aerodactyl|22/100\n|-unboost|p2b: Dragonite|spa|2\n|\n|-sideend|p2: driumip|move: Tailwind\n|upkeep\n|turn|9\n|\n|t:|1776297935\n|move|p1a: Aerodactyl|Tailwind|p1a: Aerodactyl\n|-sidestart|p1: Vincially|move: Tailwind\n|move|p1b: Primarina|Moonblast|p2a: Garchomp\n|-supereffective|p2a: Garchomp|1\n|-damage|p2a: Garchomp|0 fnt\n|faint|p2a: Garchomp\n|move|p2b: Dragonite|Draco Meteor|p1a: Aerodactyl\n|-damage|p1a: Aerodactyl|0 fnt\n|-unboost|p2b: Dragonite|spa|2\n|faint|p1a: Aerodactyl\n|\n|upkeep\n|turn|10\n|\n|t:|1776297951\n|move|p2b: Dragonite|Protect|p2b: Dragonite\n|-singleturn|p2b: Dragonite|Protect\n|move|p1b: Primarina|Moonblast|p2b: Dragonite\n|-activate|p2b: Dragonite|move: Protect\n|\n|upkeep\n|turn|11\n|\n|t:|1776297975\n|move|p1b: Primarina|Moonblast|p2b: Dragonite\n|-supereffective|p2b: Dragonite|1\n|-damage|p2b: Dragonite|0 fnt\n|faint|p2b: Dragonite\n|\n|win|Vincially\n",
  "uploadtime": 1776297984,
  "views": 17,
  "formatid": "gen9championsvgc2026regma",
  "rating": null,
  "private": 0,
  "password": null
}