{
  "id": "gen9championsvgc2026regma-2588489857",
  "format": "[Gen 9 Champions] VGC 2026 Reg M-A",
  "players": [
    "SunTufo",
    "cremess"
  ],
  "log": "|j|\u2606SunTufo\n|j|\u2606cremess\n|t:|1776638197\n|gametype|doubles\n|player|p1|SunTufo|li|1503\n|player|p2|cremess|ghetsis-gen5bw|1520\n|gen|9\n|tier|[Gen 9 Champions] VGC 2026 Reg M-A\n|rated|\n|rule|Species Clause: Limit one of each Pok\u00e9mon\n|rule|Item Clause: Limit 1 of each item\n|clearpoke\n|poke|p1|Froslass, L50, F, shiny|\n|poke|p1|Milotic, L50, F, shiny|\n|poke|p1|Sneasler, L50, M, shiny|\n|poke|p1|Rotom-Frost, L50|\n|poke|p1|Goodra-Hisui, L50, M, shiny|\n|poke|p1|Incineroar, L50, M, shiny|\n|poke|p2|Hydreigon, L50, M|\n|poke|p2|Sableye, L50, M|\n|poke|p2|Incineroar, L50, M|\n|poke|p2|Milotic, L50, F|\n|poke|p2|Basculegion, L50, M|\n|poke|p2|Venusaur, L50, F|\n|teampreview|4\n|inactive|Battle timer is ON: inactive players will automatically lose when time's up. (requested by SunTufo)\n|\n|t:|1776638225\n|teamsize|p1|4\n|teamsize|p2|4\n|start\n|switch|p1a: Froslass|Froslass, L50, F, shiny|100/100\n|switch|p1b: Rotom|Rotom-Frost, L50|100/100\n|switch|p2a: Milotic|Milotic, L50, F|100/100\n|switch|p2b: Sableye|Sableye, L50, M|100/100\n|turn|1\n|\n|t:|1776638235\n|detailschange|p1a: Froslass|Froslass-Mega, L50, F, shiny\n|-mega|p1a: Froslass|Froslass|Froslassite\n|-weather|Snowscape|[from] ability: Snow Warning|[of] p1a: Froslass\n|move|p2b: Sableye|Fake Out|p1b: Rotom\n|-damage|p1b: Rotom|93/100\n|cant|p1b: Rotom|flinch\n|move|p1a: Froslass|Aurora Veil|p1a: Froslass\n|-sidestart|p1: SunTufo|move: Aurora Veil\n|move|p2a: Milotic|Coil|p2a: Milotic\n|-boost|p2a: Milotic|atk|1\n|-boost|p2a: Milotic|def|1\n|-boost|p2a: Milotic|accuracy|1\n|\n|-weather|Snowscape|[upkeep]\n|upkeep\n|turn|2\n|\n|t:|1776638248\n|move|p2b: Sableye|Encore|p1a: Froslass\n|-start|p1a: Froslass|Encore\n|move|p1b: Rotom|Thunderbolt|p2a: Milotic\n|-supereffective|p2a: Milotic|1\n|-damage|p2a: Milotic|53/100\n|move|p1a: Froslass|Aurora Veil||[still]\n|-fail|p1a: Froslass\n|move|p2a: Milotic|Hypnosis|p1b: Rotom|[miss]\n|-miss|p2a: Milotic|p1b: Rotom\n|\n|-weather|Snowscape|[upkeep]\n|-heal|p2a: Milotic|59/100|[from] item: Leftovers\n|upkeep\n|turn|3\n|\n|t:|1776638265\n|switch|p1a: Goodra|Goodra-Hisui, L50, M, shiny|100/100\n|move|p2b: Sableye|Disable|p1b: Rotom\n|-start|p1b: Rotom|Disable|Thunderbolt\n|cant|p1b: Rotom|Disable|Thunderbolt\n|move|p2a: Milotic|Coil|p2a: Milotic\n|-boost|p2a: Milotic|atk|1\n|-boost|p2a: Milotic|def|1\n|-boost|p2a: Milotic|accuracy|1\n|\n|-weather|Snowscape|[upkeep]\n|-heal|p2a: Milotic|65/100|[from] item: Leftovers\n|upkeep\n|turn|4\n|inactive|SunTufo has 30 seconds left.\n|\n|t:|1776638297\n|switch|p1b: Froslass|Froslass-Mega, L50, F, shiny|100/100\n|switch|p1a: Milotic|Milotic, L50, F, shiny|100/100\n|move|p2b: Sableye|Protect|p2b: Sableye\n|-singleturn|p2b: Sableye|Protect\n|move|p2a: Milotic|Hypnosis|p1b: Froslass\n|-status|p1b: Froslass|slp|[from] move: Hypnosis\n|\n|-weather|Snowscape|[upkeep]\n|-heal|p2a: Milotic|71/100|[from] item: Leftovers\n|upkeep\n|turn|5\n|\n|t:|1776638310\n|switch|p1b: Rotom|Rotom-Frost, L50|93/100\n|switch|p2b: Venusaur|Venusaur, L50, F|100/100\n|move|p1a: Milotic|Hypnosis|p2a: Milotic|[miss]\n|-miss|p1a: Milotic|p2a: Milotic\n|move|p2a: Milotic|Hypnosis|p1a: Milotic\n|-status|p1a: Milotic|slp|[from] move: Hypnosis\n|\n|-weather|none\n|-heal|p2a: Milotic|77/100|[from] item: Leftovers\n|-sideend|p1: SunTufo|move: Aurora Veil\n|upkeep\n|turn|6\n|\n|t:|1776638325\n|detailschange|p2b: Venusaur|Venusaur-Mega, L50, F\n|-mega|p2b: Venusaur|Venusaur|Venusaurite\n|move|p1b: Rotom|Blizzard|p2b: Venusaur|[spread] p2a,p2b\n|-resisted|p2a: Milotic|1\n|-supereffective|p2b: Venusaur|1\n|-damage|p2a: Milotic|66/100\n|-damage|p2b: Venusaur|67/100\n|cant|p1a: Milotic|slp\n|move|p2a: Milotic|Hypnosis|p1b: Rotom\n|-status|p1b: Rotom|slp|[from] move: Hypnosis\n|move|p2b: Venusaur|Giga Drain|p1a: Milotic\n|-supereffective|p1a: Milotic|1\n|-enditem|p1a: Milotic|Rindo Berry|[eat]\n|-enditem|p1a: Milotic|Rindo Berry|[weaken]\n|-damage|p1a: Milotic|67/100 slp\n|-heal|p2b: Venusaur|86/100|[from] drain|[of] p1a: Milotic\n|\n|-heal|p2a: Milotic|72/100|[from] item: Leftovers\n|upkeep\n|turn|7\n|\n|t:|1776638344\n|cant|p1b: Rotom|slp\n|-curestatus|p1a: Milotic|slp|[msg]\n|move|p1a: Milotic|Hypnosis|p2a: Milotic\n|-status|p2a: Milotic|slp|[from] move: Hypnosis\n|cant|p2a: Milotic|slp\n|move|p2b: Venusaur|Giga Drain|p1a: Milotic\n|-supereffective|p1a: Milotic|1\n|-damage|p1a: Milotic|5/100\n|-heal|p2b: Venusaur|100/100|[from] drain|[of] p1a: Milotic\n|\n|-heal|p2a: Milotic|78/100 slp|[from] item: Leftovers\n|upkeep\n|turn|8\n|\n|t:|1776638364\n|switch|p1a: Froslass|Froslass-Mega, L50, F, shiny|100/100 slp\n|-weather|Snowscape|[from] ability: Snow Warning|[of] p1a: Froslass\n|-curestatus|p1b: Rotom|slp|[msg]\n|move|p1b: Rotom|Blizzard|p2a: Milotic|[spread] p2a,p2b\n|-resisted|p2a: Milotic|1\n|-supereffective|p2b: Venusaur|1\n|-damage|p2a: Milotic|68/100 slp\n|-damage|p2b: Venusaur|72/100\n|-curestatus|p2a: Milotic|slp|[msg]\n|move|p2a: Milotic|Hypnosis|p1b: Rotom\n|-status|p1b: Rotom|slp|[from] move: Hypnosis\n|move|p2b: Venusaur|Giga Drain|p1a: Froslass\n|-damage|p1a: Froslass|51/100 slp\n|-heal|p2b: Venusaur|91/100|[from] drain|[of] p1a: Froslass\n|\n|-weather|Snowscape|[upkeep]\n|-heal|p2a: Milotic|74/100|[from] item: Leftovers\n|upkeep\n|turn|9\n|\n|t:|1776638388\n|cant|p1b: Rotom|slp\n|cant|p1a: Froslass|slp\n|move|p2a: Milotic|Hydro Pump|p1b: Rotom\n|-damage|p1b: Rotom|43/100 slp\n|move|p2b: Venusaur|Giga Drain|p1a: Froslass\n|-damage|p1a: Froslass|0 fnt\n|-heal|p2b: Venusaur|100/100|[from] drain|[of] p1a: Froslass\n|faint|p1a: Froslass\n|\n|-weather|Snowscape|[upkeep]\n|-heal|p2a: Milotic|80/100|[from] item: Leftovers\n|upkeep\n|-message|SunTufo forfeited.\n|\n|win|cremess\n|raw|SunTufo's rating: 1482 &rarr; <strong>1464</strong><br />(-18 for losing)\n|raw|cremess's rating: 1520 &rarr; <strong>1538</strong><br />(+18 for winning)\n",
  "uploadtime": 1776638395,
  "views": 12,
  "formatid": "gen9championsvgc2026regma",
  "rating": 1464,
  "private": 0,
  "password": null
}