{
  "id": "gen9championsvgc2026regma-2581407380",
  "format": "[Gen 9 Champions] VGC 2026 Reg M-A",
  "players": [
    "asd4g",
    "namdemon123"
  ],
  "log": "|j|\u2606asd4g\n|j|\u2606namdemon123\n|t:|1775997244\n|gametype|doubles\n|player|p1|asd4g|169|1110\n|player|p2|namdemon123|cynthia-gen4|1045\n|gen|9\n|tier|[Gen 9 Champions] VGC 2026 Reg M-A\n|rated|\n|rule|Species Clause: Limit one of each Pok\u00e9mon\n|rule|Item Clause: Limit 1 of each item\n|clearpoke\n|poke|p1|Pelipper, L50, M|\n|poke|p1|Blastoise, L50, M|\n|poke|p1|Zoroark-Hisui, L50, F|\n|poke|p1|Archaludon, L50, M|\n|poke|p1|Meganium, L50, F|\n|poke|p1|Sneasler, L50, M|\n|poke|p2|Pelipper, L50, F|\n|poke|p2|Dragonite, L50, F|\n|poke|p2|Archaludon, L50, M|\n|poke|p2|Palafin, L50, F|\n|poke|p2|Sinistcha, L50|\n|poke|p2|Incineroar, L50, F|\n|teampreview|4\n|\n|t:|1775997289\n|teamsize|p1|4\n|teamsize|p2|4\n|start\n|switch|p1a: Blastoise|Blastoise, L50, M, shiny|100/100\n|switch|p1b: Pelipper|Pelipper, L50, M, shiny|100/100\n|switch|p2a: Sinistcha|Sinistcha, L50|100/100\n|switch|p2b: Dragonite|Dragonite, L50, F|100/100\n|-weather|RainDance|[from] ability: Drizzle|[of] p1b: Pelipper\n|turn|1\n|\n|t:|1775997317\n|detailschange|p2b: Dragonite|Dragonite-Mega, L50, F\n|-mega|p2b: Dragonite|Dragonite|Dragoninite\n|detailschange|p1a: Blastoise|Blastoise-Mega, L50, M, shiny\n|-mega|p1a: Blastoise|Blastoise|Blastoisinite\n|move|p2b: Dragonite|Thunder|p1b: Pelipper\n|-supereffective|p1b: Pelipper|2\n|-damage|p1b: Pelipper|0 fnt\n|faint|p1b: Pelipper\n|move|p1a: Blastoise|Dark Pulse|p2a: Sinistcha\n|-supereffective|p2a: Sinistcha|1\n|-damage|p2a: Sinistcha|20/100\n|cant|p2a: Sinistcha|flinch\n|\n|-weather|RainDance|[upkeep]\n|upkeep\n|\n|t:|1775997332\n|switch|p1b: Sneasler|Sneasler, L50, M, shiny|100/100\n|-ability|p1b: Sneasler|Pressure\n|turn|2\n|\n|t:|1775997345\n|move|p1b: Sneasler|Fake Out|p2b: Dragonite\n|-damage|p2b: Dragonite|94/100\n|move|p2a: Sinistcha|Rage Powder|p2a: Sinistcha\n|-singleturn|p2a: Sinistcha|move: Rage Powder\n|cant|p2b: Dragonite|flinch\n|move|p1a: Blastoise|Water Spout|p2a: Sinistcha|[spread] p2a,p2b\n|-resisted|p2a: Sinistcha|1\n|-resisted|p2b: Dragonite|1\n|-damage|p2a: Sinistcha|0 fnt\n|-damage|p2b: Dragonite|55/100\n|faint|p2a: Sinistcha\n|\n|-weather|RainDance|[upkeep]\n|upkeep\n|\n|t:|1775997359\n|switch|p2a: Archaludon|Archaludon, L50, M|100/100\n|turn|3\n|\n|t:|1775997381\n|move|p2a: Archaludon|Protect|p2a: Archaludon\n|-singleturn|p2a: Archaludon|Protect\n|move|p1b: Sneasler|Close Combat|p2a: Archaludon\n|-activate|p2a: Archaludon|move: Protect\n|move|p2b: Dragonite|Thunder|p1a: Blastoise\n|-supereffective|p1a: Blastoise|1\n|-damage|p1a: Blastoise|10/100\n|-status|p1a: Blastoise|par\n|move|p1a: Blastoise|Dragon Pulse|p2a: Archaludon\n|-activate|p2a: Archaludon|move: Protect\n|\n|-weather|RainDance|[upkeep]\n|upkeep\n|turn|4\n|\n|t:|1775997401\n|switch|p2a: Pelipper|Pelipper, L50, F|100/100\n|switch|p1a: Archaludon|Archaludon, L50, M, shiny|100/100\n|move|p1b: Sneasler|Close Combat|p2a: Pelipper\n|-resisted|p2a: Pelipper|1\n|-damage|p2a: Pelipper|71/100\n|-unboost|p1b: Sneasler|def|1\n|-unboost|p1b: Sneasler|spd|1\n|-enditem|p1b: Sneasler|White Herb\n|-clearnegativeboost|p1b: Sneasler|[silent]\n|move|p2b: Dragonite|Hurricane|p1b: Sneasler\n|-supereffective|p1b: Sneasler|1\n|-damage|p1b: Sneasler|0 fnt\n|faint|p1b: Sneasler\n|\n|-weather|RainDance|[upkeep]\n|upkeep\n|\n|t:|1775997415\n|switch|p1b: Blastoise|Blastoise-Mega, L50, M, shiny|10/100 par\n|turn|5\n|\n|t:|1775997427\n|move|p2b: Dragonite|Draco Meteor|p1a: Archaludon\n|-damage|p1a: Archaludon|20/100\n|-unboost|p2b: Dragonite|spa|2\n|move|p1a: Archaludon|Electro Shot||[still]\n|-prepare|p1a: Archaludon|Electro Shot\n|-boost|p1a: Archaludon|spa|1\n|-anim|p1a: Archaludon|Electro Shot|p2a: Pelipper\n|-supereffective|p2a: Pelipper|2\n|-damage|p2a: Pelipper|0 fnt\n|faint|p2a: Pelipper\n|move|p1b: Blastoise|Dragon Pulse|p2b: Dragonite\n|-supereffective|p2b: Dragonite|1\n|-damage|p2b: Dragonite|0 fnt\n|faint|p2b: Dragonite\n|\n|-weather|none\n|upkeep\n|\n|t:|1775997442\n|switch|p2b: Archaludon|Archaludon, L50, M|100/100\n|turn|6\n|\n|t:|1775997455\n|move|p2b: Archaludon|Draco Meteor|p1a: Archaludon\n|-damage|p1a: Archaludon|0 fnt\n|-unboost|p2b: Archaludon|spa|2\n|faint|p1a: Archaludon\n|move|p1b: Blastoise|Dragon Pulse|p2b: Archaludon\n|-damage|p2b: Archaludon|38/100\n|-ability|p2b: Archaludon|Stamina|boost\n|-boost|p2b: Archaludon|def|1\n|-enditem|p2b: Archaludon|Sitrus Berry|[eat]\n|-heal|p2b: Archaludon|63/100|[from] item: Sitrus Berry\n|\n|upkeep\n|turn|7\n|\n|t:|1775997468\n|move|p2b: Archaludon|Flash Cannon|p1b: Blastoise\n|-resisted|p1b: Blastoise|1\n|-damage|p1b: Blastoise|1/100 par\n|move|p1b: Blastoise|Dragon Pulse|p2b: Archaludon\n|-damage|p2b: Archaludon|0 fnt\n|faint|p2b: Archaludon\n|\n|win|asd4g\n|raw|asd4g's rating: 1110 &rarr; <strong>1130</strong><br />(+20 for winning)\n|raw|namdemon123's rating: 1045 &rarr; <strong>1031</strong><br />(-14 for losing)\n",
  "uploadtime": 1775997471,
  "views": 16,
  "formatid": "gen9championsvgc2026regma",
  "rating": 1031,
  "private": 0,
  "password": null
}