{
  "id": "gen9championsvgc2026regma-2588625249",
  "format": "[Gen 9 Champions] VGC 2026 Reg M-A",
  "players": [
    "sdbjj",
    "taterstotz"
  ],
  "log": "|j|\u2606sdbjj\n|j|\u203dtaterstotz\n|t:|1776651321\n|gametype|doubles\n|player|p1|sdbjj|266|1475\n|player|p2|taterstotz|266|1537\n|gen|9\n|tier|[Gen 9 Champions] VGC 2026 Reg M-A\n|rated|\n|rule|Species Clause: Limit one of each Pok\u00e9mon\n|rule|Item Clause: Limit 1 of each item\n|clearpoke\n|poke|p1|Charizard, L50, F|\n|poke|p1|Garchomp, L50, F|\n|poke|p1|Sneasler, L50, M|\n|poke|p1|Whimsicott, L50, F|\n|poke|p1|Kingambit, L50, F|\n|poke|p1|Incineroar, L50, F|\n|poke|p2|Tyranitar, L50, F|\n|poke|p2|Excadrill, L50, F|\n|poke|p2|Rotom-Wash, L50|\n|poke|p2|Sinistcha, L50|\n|poke|p2|Gengar, L50, F|\n|poke|p2|Corviknight, L50, F|\n|teampreview|4\n|inactive|Battle timer is ON: inactive players will automatically lose when time's up. (requested by taterstotz)\n|inactive|taterstotz has 60 seconds left.\n|\n|t:|1776651371\n|teamsize|p1|4\n|teamsize|p2|4\n|start\n|switch|p1a: Whimsicott|Whimsicott, L50, F|100/100\n|switch|p1b: Garchomp|Garchomp, L50, F|100/100\n|switch|p2a: Rotom|Rotom-Wash, L50|100/100\n|switch|p2b: Gengar|Gengar, L50, F|100/100\n|turn|1\n|inactive|sdbjj has 30 seconds left.\n|inactive|sdbjj has 20 seconds left.\n|inactive|sdbjj has 15 seconds left.\n|inactive|sdbjj has 10 seconds left.\n|inactive|sdbjj has 5 seconds left.\n|\n|t:|1776651424\n|move|p1a: Whimsicott|Tailwind|p1a: Whimsicott\n|-sidestart|p1: sdbjj|move: Tailwind\n|move|p1b: Garchomp|Earthquake|p2a: Rotom|[spread] p1a,p2b\n|-immune|p2a: Rotom|[from] ability: Levitate\n|-resisted|p1a: Whimsicott|1\n|-supereffective|p2b: Gengar|1\n|-damage|p1a: Whimsicott|73/100\n|-damage|p2b: Gengar|0 fnt\n|faint|p2b: Gengar\n|move|p2a: Rotom|Will-O-Wisp|p1b: Garchomp\n|-status|p1b: Garchomp|brn\n|-enditem|p1b: Garchomp|Lum Berry|[eat]\n|-curestatus|p1b: Garchomp|brn|[msg]\n|\n|upkeep\n|\n|t:|1776651431\n|switch|p2b: Tyranitar|Tyranitar, L50, F|100/100\n|-weather|Sandstorm|[from] ability: Sand Stream|[of] p2b: Tyranitar\n|turn|2\n|\n|t:|1776651451\n|move|p1b: Garchomp|Protect|p1b: Garchomp\n|-singleturn|p1b: Garchomp|Protect\n|move|p2b: Tyranitar|Protect|p2b: Tyranitar\n|-singleturn|p2b: Tyranitar|Protect\n|move|p1a: Whimsicott|Sunny Day|p1a: Whimsicott\n|-weather|SunnyDay\n|move|p2a: Rotom|Will-O-Wisp|p1b: Garchomp\n|-activate|p1b: Garchomp|move: Protect\n|\n|-weather|SunnyDay|[upkeep]\n|upkeep\n|turn|3\n|\n|t:|1776651466\n|detailschange|p2b: Tyranitar|Tyranitar-Mega, L50, F\n|-mega|p2b: Tyranitar|Tyranitar|Tyranitarite\n|-weather|Sandstorm|[from] ability: Sand Stream|[of] p2b: Tyranitar\n|move|p1a: Whimsicott|Moonblast|p2b: Tyranitar\n|-supereffective|p2b: Tyranitar|1\n|-damage|p2b: Tyranitar|63/100\n|-unboost|p2b: Tyranitar|spa|1\n|move|p1b: Garchomp|Earthquake|p2b: Tyranitar|[spread] p1a,p2b\n|-immune|p2a: Rotom|[from] ability: Levitate\n|-resisted|p1a: Whimsicott|1\n|-supereffective|p2b: Tyranitar|1\n|-damage|p1a: Whimsicott|46/100\n|-damage|p2b: Tyranitar|21/100\n|move|p2a: Rotom|Will-O-Wisp|p1b: Garchomp\n|-status|p1b: Garchomp|brn\n|move|p2b: Tyranitar|Rock Slide|p1a: Whimsicott|[spread] p1a,p1b\n|-resisted|p1b: Garchomp|1\n|-damage|p1a: Whimsicott|0 fnt\n|-damage|p1b: Garchomp|81/100 brn\n|faint|p1a: Whimsicott\n|\n|-weather|Sandstorm|[upkeep]\n|-damage|p2a: Rotom|95/100|[from] Sandstorm\n|-damage|p1b: Garchomp|75/100 brn|[from] brn\n|upkeep\n|inactive|sdbjj has 30 seconds left.\n|inactive|sdbjj has 20 seconds left.\n|\n|t:|1776651502\n|switch|p1a: Charizard|Charizard, L50, F|100/100\n|turn|4\n|\n|t:|1776651515\n|detailschange|p1a: Charizard|Charizard-Mega-X, L50, F\n|-mega|p1a: Charizard|Charizard|Charizardite X\n|move|p1b: Garchomp|Rock Slide|p2b: Tyranitar|[spread] p2a,p2b\n|-damage|p2a: Rotom|83/100\n|-damage|p2b: Tyranitar|16/100\n|move|p1a: Charizard|Dragon Claw|p2b: Tyranitar\n|-damage|p2b: Tyranitar|0 fnt\n|faint|p2b: Tyranitar\n|move|p2a: Rotom|Volt Switch|p1a: Charizard\n|-resisted|p1a: Charizard|1\n|-damage|p1a: Charizard|80/100\n|\n|t:|1776651524\n|switch|p2a: Excadrill|Excadrill, L50, F|100/100|[from] Volt Switch\n|\n|-weather|Sandstorm|[upkeep]\n|-damage|p1a: Charizard|74/100|[from] Sandstorm\n|-damage|p1b: Garchomp|69/100 brn|[from] brn\n|-sideend|p1: sdbjj|move: Tailwind\n|upkeep\n|\n|t:|1776651526\n|switch|p2b: Rotom|Rotom-Wash, L50|83/100\n|turn|5\n|\n|t:|1776651551\n|move|p1a: Charizard|Protect|p1a: Charizard\n|-singleturn|p1a: Charizard|Protect\n|move|p2a: Excadrill|Earthquake|p1a: Charizard|[spread] p1b\n|-activate|p1a: Charizard|move: Protect\n|-immune|p2b: Rotom|[from] ability: Levitate\n|-damage|p1b: Garchomp|23/100 brn\n|move|p1b: Garchomp|Earthquake|p2a: Excadrill|[spread] p2a\n|-activate|p1a: Charizard|move: Protect\n|-immune|p2b: Rotom|[from] ability: Levitate\n|-supereffective|p2a: Excadrill|1\n|-damage|p2a: Excadrill|43/100\n|move|p2b: Rotom|Hydro Pump|p1b: Garchomp\n|-damage|p1b: Garchomp|0 fnt\n|faint|p1b: Garchomp\n|\n|-weather|Sandstorm|[upkeep]\n|-damage|p1a: Charizard|68/100|[from] Sandstorm\n|-damage|p2b: Rotom|78/100|[from] Sandstorm\n|upkeep\n|\n|t:|1776651571\n|switch|p1b: Kingambit|Kingambit, L50, F|100/100\n|turn|6\n|\n|t:|1776651589\n|move|p2a: Excadrill|Protect|p2a: Excadrill\n|-singleturn|p2a: Excadrill|Protect\n|move|p1a: Charizard|Dragon Claw|p2b: Rotom\n|-damage|p2b: Rotom|7/100\n|-enditem|p2b: Rotom|Sitrus Berry|[eat]\n|-heal|p2b: Rotom|32/100|[from] item: Sitrus Berry\n|move|p2b: Rotom|Will-O-Wisp|p1b: Kingambit\n|-status|p1b: Kingambit|brn\n|move|p1b: Kingambit|Kowtow Cleave|p2b: Rotom\n|-damage|p2b: Rotom|0 fnt\n|faint|p2b: Rotom\n|\n|-weather|Sandstorm|[upkeep]\n|-damage|p1a: Charizard|62/100|[from] Sandstorm\n|-damage|p1b: Kingambit|94/100 brn|[from] brn\n|upkeep\n|turn|7\n|\n|t:|1776651609\n|move|p1a: Charizard|Protect|p1a: Charizard\n|-singleturn|p1a: Charizard|Protect\n|move|p1b: Kingambit|Sucker Punch|p2a: Excadrill\n|-crit|p2a: Excadrill\n|-damage|p2a: Excadrill|0 fnt\n|faint|p2a: Excadrill\n|\n|win|sdbjj\n|raw|sdbjj's rating: 1475 &rarr; <strong>1499</strong><br />(+24 for winning)\n|raw|taterstotz's rating: 1537 &rarr; <strong>1513</strong><br />(-24 for losing)\n|l|\u203dtaterstotz\n|player|p2|\n|l|\u2606sdbjj\n|player|p1|\n",
  "uploadtime": 1776651624,
  "views": 5,
  "formatid": "gen9championsvgc2026regma",
  "rating": 1499,
  "private": 0,
  "password": null
}