{
  "id": "gen9championsvgc2026regma-2586903737",
  "format": "[Gen 9 Champions] VGC 2026 Reg M-A",
  "players": [
    "CasualitoGaming",
    "auramacambira"
  ],
  "log": "|j|\u2606CasualitoGaming\n|j|\u2606auramacambira\n|t:|1776470287\n|gametype|doubles\n|player|p1|CasualitoGaming|harlequin|1108\n|player|p2|auramacambira|101|1067\n|gen|9\n|tier|[Gen 9 Champions] VGC 2026 Reg M-A\n|rated|\n|rule|Species Clause: Limit one of each Pok\u00e9mon\n|rule|Item Clause: Limit 1 of each item\n|clearpoke\n|poke|p1|Kommo-o, L50, M|\n|poke|p1|Espathra, L50, M|\n|poke|p1|Sneasler, L50, M|\n|poke|p1|Snorlax, L50, M|\n|poke|p1|Kangaskhan, L50, F|\n|poke|p1|Aegislash, L50, F|\n|poke|p2|Palafin, L50, M|\n|poke|p2|Clefable, L50, F|\n|poke|p2|Pelipper, L50, F|\n|poke|p2|Incineroar, L50, F|\n|poke|p2|Kingambit, L50, M|\n|poke|p2|Aegislash, L50, F|\n|teampreview|4\n|inactive|Battle timer is ON: inactive players will automatically lose when time's up. (requested by auramacambira)\n|\n|t:|1776470315\n|teamsize|p1|4\n|teamsize|p2|4\n|start\n|switch|p1a: Kommo-o|Kommo-o, L50, M|100/100\n|switch|p1b: Sneasler|Sneasler, L50, M|100/100\n|switch|p2a: Palafin|Palafin, L50, M|100/100\n|switch|p2b: Incineroar|Incineroar, L50, F|100/100\n|-ability|p2b: Incineroar|Intimidate|boost\n|-unboost|p1a: Kommo-o|atk|1\n|-unboost|p1b: Sneasler|atk|1\n|-enditem|p1b: Sneasler|White Herb\n|-clearnegativeboost|p1b: Sneasler|[silent]\n|turn|1\n|\n|t:|1776470333\n|move|p1b: Sneasler|Fake Out|p2a: Palafin\n|-damage|p2a: Palafin|81/100\n|move|p2b: Incineroar|Fake Out|p1a: Kommo-o\n|-damage|p1a: Kommo-o|91/100\n|cant|p2a: Palafin|flinch\n|cant|p1a: Kommo-o|flinch\n|\n|-heal|p1a: Kommo-o|97/100|[from] item: Leftovers\n|upkeep\n|turn|2\n|\n|t:|1776470359\n|switch|p2b: Aegislash|Aegislash, L50, F|100/100\n|move|p1b: Sneasler|Close Combat|p2a: Palafin\n|-damage|p2a: Palafin|0 fnt\n|-unboost|p1b: Sneasler|def|1\n|-unboost|p1b: Sneasler|spd|1\n|faint|p2a: Palafin\n|move|p1a: Kommo-o|Clangorous Soul|p1a: Kommo-o\n|-boost|p1a: Kommo-o|atk|1\n|-boost|p1a: Kommo-o|def|1\n|-boost|p1a: Kommo-o|spa|1\n|-boost|p1a: Kommo-o|spd|1\n|-boost|p1a: Kommo-o|spe|1\n|-damage|p1a: Kommo-o|64/100\n|\n|-heal|p1a: Kommo-o|70/100|[from] item: Leftovers\n|upkeep\n|\n|t:|1776470382\n|switch|p2a: Kingambit|Kingambit, L50, M|100/100\n|turn|3\n|\n|t:|1776470405\n|switch|p1b: Kangaskhan|Kangaskhan, L50, F|100/100\n|move|p1a: Kommo-o|Protect|p1a: Kommo-o\n|-singleturn|p1a: Kommo-o|Protect\n|move|p2a: Kingambit|Protect|p2a: Kingambit\n|-singleturn|p2a: Kingambit|Protect\n|-formechange|p2b: Aegislash|Aegislash-Blade|\n|move|p2b: Aegislash|Psycho Cut|p1b: Kangaskhan\n|-damage|p1b: Kangaskhan|75/100\n|\n|-heal|p1a: Kommo-o|76/100|[from] item: Leftovers\n|upkeep\n|turn|4\n|\n|t:|1776470422\n|detailschange|p1b: Kangaskhan|Kangaskhan-Mega, L50, F\n|-mega|p1b: Kangaskhan|Kangaskhan|Kangaskhanite\n|move|p1b: Kangaskhan|Sucker Punch|p2b: Aegislash\n|-supereffective|p2b: Aegislash|1\n|-damage|p2b: Aegislash|35/100\n|-supereffective|p2b: Aegislash|1\n|-damage|p2b: Aegislash|20/100\n|-hitcount|p2b: Aegislash|2\n|move|p1a: Kommo-o|Body Press|p2a: Kingambit\n|-supereffective|p2a: Kingambit|2\n|-enditem|p2a: Kingambit|Focus Sash\n|-damage|p2a: Kingambit|1/100\n|move|p2b: Aegislash|Psycho Cut|p1a: Kommo-o\n|-supereffective|p1a: Kommo-o|1\n|-damage|p1a: Kommo-o|57/100\n|move|p2a: Kingambit|Kowtow Cleave|p1b: Kangaskhan\n|-crit|p1b: Kangaskhan\n|-damage|p1b: Kangaskhan|3/100\n|\n|-heal|p1a: Kommo-o|63/100|[from] item: Leftovers\n|upkeep\n|turn|5\n|inactive|auramacambira has 30 seconds left.\n|inactive|auramacambira has 20 seconds left.\n|inactive|auramacambira has 15 seconds left.\n|inactive|auramacambira has 10 seconds left.\n|inactive|auramacambira has 5 seconds left.\n|inactive|CasualitoGaming has 30 seconds left.\n|\n|t:|1776470484\n|move|p1b: Kangaskhan|Sucker Punch|p2b: Aegislash\n|-supereffective|p2b: Aegislash|1\n|-damage|p2b: Aegislash|0 fnt\n|faint|p2b: Aegislash\n|-hitcount|p2: Aegislash|1\n|move|p1a: Kommo-o|Clanging Scales|p2a: Kingambit\n|-resisted|p2a: Kingambit|1\n|-damage|p2a: Kingambit|0 fnt\n|faint|p2a: Kingambit\n|-unboost|p1a: Kommo-o|def|1\n|\n|-heal|p1a: Kommo-o|69/100|[from] item: Leftovers\n|upkeep\n|inactive|auramacambira has 30 seconds left.\n|inactive|auramacambira has 20 seconds left.\n|inactive|auramacambira has 15 seconds left.\n|inactive|auramacambira has 10 seconds left.\n|inactive|auramacambira has 5 seconds left.\n|\n|t:|1776470539\n|switch|p2a: Incineroar|Incineroar, L50, F|100/100\n|-ability|p2a: Incineroar|Intimidate|boost\n|-unboost|p1a: Kommo-o|atk|1\n|-unboost|p1b: Kangaskhan|atk|1\n|turn|6\n|inactive|auramacambira has 30 seconds left.\n|inactive|auramacambira has 20 seconds left.\n|inactive|auramacambira has 15 seconds left.\n|inactive|auramacambira has 10 seconds left.\n|inactive|auramacambira has 5 seconds left.\n|\n|t:|1776470594\n|move|p1b: Kangaskhan|Protect|p1b: Kangaskhan\n|-singleturn|p1b: Kangaskhan|Protect\n|move|p1a: Kommo-o|Protect|p1a: Kommo-o\n|-singleturn|p1a: Kommo-o|Protect\n|move|p2a: Incineroar|Fake Out|p1b: Kangaskhan\n|-activate|p1b: Kangaskhan|move: Protect\n|\n|-heal|p1a: Kommo-o|75/100|[from] item: Leftovers\n|upkeep\n|turn|7\n|inactive|auramacambira has 30 seconds left.\n|inactive|auramacambira has 20 seconds left.\n|inactive|auramacambira has 15 seconds left.\n|inactive|auramacambira has 10 seconds left.\n|inactive|auramacambira has 5 seconds left.\n|\n|t:|1776470649\n|move|p2a: Incineroar|Fake Out||[still]\n|-hint|Fake Out only works on your first turn out.\n|-fail|p2a: Incineroar\n|move|p1b: Kangaskhan|Double-Edge|p2a: Incineroar\n|-damage|p2a: Incineroar|62/100\n|-damage|p2a: Incineroar|53/100\n|-hitcount|p2a: Incineroar|2\n|-damage|p1b: Kangaskhan|0 fnt|[from] Recoil\n|faint|p1b: Kangaskhan\n|move|p1a: Kommo-o|Clanging Scales|p2a: Incineroar\n|-damage|p2a: Incineroar|0 fnt\n|faint|p2a: Incineroar\n|\n|win|CasualitoGaming\n|raw|CasualitoGaming's rating: 1108 &rarr; <strong>1130</strong><br />(+22 for winning)\n|raw|auramacambira's rating: 1067 &rarr; <strong>1049</strong><br />(-18 for losing)\n|c|\u2606CasualitoGaming|gg\n",
  "uploadtime": 1776470666,
  "views": 19,
  "formatid": "gen9championsvgc2026regma",
  "rating": 1049,
  "private": 0,
  "password": null
}