{
  "id": "gen9championsvgc2026regma-2581973386",
  "format": "[Gen 9 Champions] VGC 2026 Reg M-A",
  "players": [
    "amo minha mulher",
    "rikjee"
  ],
  "log": "|j|\u2606amo minha mulher\n|j|\u2606rikjee\n|t:|1776044617\n|gametype|doubles\n|player|p1|amo minha mulher|skyla|1000\n|player|p2|rikjee|roxie|1021\n|gen|9\n|tier|[Gen 9 Champions] VGC 2026 Reg M-A\n|rated|\n|rule|Species Clause: Limit one of each Pok\u00e9mon\n|rule|Item Clause: Limit 1 of each item\n|clearpoke\n|poke|p1|Chandelure, L50, M|\n|poke|p1|Basculegion, L50, M|\n|poke|p1|Kingambit, L50, M|\n|poke|p1|Aerodactyl, L50, F|\n|poke|p1|Conkeldurr, L50, M|\n|poke|p1|Clefable, L50, F|\n|poke|p2|Gengar, L50, M|\n|poke|p2|Corviknight, L50, M|\n|poke|p2|Maushold-Four, L50|\n|poke|p2|Weavile, L50, M|\n|poke|p2|Rotom-Wash, L50|\n|poke|p2|Conkeldurr, L50, M|\n|teampreview|4\n|inactive|Battle timer is ON: inactive players will automatically lose when time's up. (requested by rikjee)\n|inactive|amo minha mulher has 60 seconds left.\n|inactive|rikjee has 60 seconds left.\n|\n|t:|1776044676\n|teamsize|p1|4\n|teamsize|p2|4\n|start\n|switch|p1a: Aerodactyl|Aerodactyl, L50, F|100/100\n|switch|p1b: Conkeldurr|Conkeldurr, L50, M|100/100\n|switch|p2a: Gengar|Gengar, L50, M, shiny|100/100\n|switch|p2b: Maushold|Maushold-Four, L50|100/100\n|-ability|p1a: Aerodactyl|Unnerve\n|turn|1\n|inactive|amo minha mulher has 30 seconds left.\n|inactive|amo minha mulher has 20 seconds left.\n|inactive|amo minha mulher has 15 seconds left.\n|\n|t:|1776044718\n|switch|p2b: Rotom|Rotom-Wash, L50|100/100\n|switch|p1b: Kingambit|Kingambit, L50, M|100/100\n|detailschange|p2a: Gengar|Gengar-Mega, L50, M, shiny\n|-mega|p2a: Gengar|Gengar|Gengarite\n|move|p2a: Gengar|Nasty Plot|p2a: Gengar\n|-boost|p2a: Gengar|spa|2\n|move|p1a: Aerodactyl|Tailwind|p1a: Aerodactyl\n|-sidestart|p1: amo minha mulher|move: Tailwind\n|\n|upkeep\n|turn|2\n|inactive|amo minha mulher has 30 seconds left.\n|\n|t:|1776044744\n|move|p1a: Aerodactyl|Protect|p1a: Aerodactyl\n|-singleturn|p1a: Aerodactyl|Protect\n|move|p2a: Gengar|Protect|p2a: Gengar\n|-singleturn|p2a: Gengar|Protect\n|move|p2b: Rotom|Volt Switch|p1a: Aerodactyl\n|-activate|p1a: Aerodactyl|move: Protect\n|move|p1b: Kingambit|Swords Dance|p1b: Kingambit\n|-boost|p1b: Kingambit|atk|2\n|\n|upkeep\n|turn|3\n|inactive|amo minha mulher has 30 seconds left.\n|inactive|rikjee has 30 seconds left.\n|\n|t:|1776044773\n|switch|p2b: Conkeldurr|Conkeldurr, L50, M|100/100\n|detailschange|p1a: Aerodactyl|Aerodactyl-Mega, L50, F\n|-mega|p1a: Aerodactyl|Aerodactyl|Aerodactylite\n|move|p1a: Aerodactyl|Rock Slide|p2b: Conkeldurr|[spread] p2a,p2b\n|-resisted|p2b: Conkeldurr|1\n|-damage|p2a: Gengar|55/100\n|-damage|p2b: Conkeldurr|89/100\n|cant|p2a: Gengar|flinch\n|move|p1b: Kingambit|Kowtow Cleave|p2a: Gengar\n|-supereffective|p2a: Gengar|1\n|-damage|p2a: Gengar|0 fnt\n|faint|p2a: Gengar\n|\n|upkeep\n|\n|t:|1776044797\n|switch|p2a: Maushold|Maushold-Four, L50|100/100\n|turn|4\n|inactive|amo minha mulher has 30 seconds left.\n|\n|t:|1776044822\n|move|p1b: Kingambit|Protect|p1b: Kingambit\n|-singleturn|p1b: Kingambit|Protect\n|move|p2a: Maushold|Protect|p2a: Maushold\n|-singleturn|p2a: Maushold|Protect\n|move|p1a: Aerodactyl|Dual Wingbeat|p2b: Conkeldurr\n|-supereffective|p2b: Conkeldurr|1\n|-damage|p2b: Conkeldurr|50/100\n|-supereffective|p2b: Conkeldurr|1\n|-damage|p2b: Conkeldurr|14/100\n|-hitcount|p2b: Conkeldurr|2\n|move|p2b: Conkeldurr|Drain Punch|p1a: Aerodactyl\n|-damage|p1a: Aerodactyl|50/100\n|-heal|p2b: Conkeldurr|34/100|[from] drain|[of] p1a: Aerodactyl\n|\n|-sideend|p1: amo minha mulher|move: Tailwind\n|upkeep\n|turn|5\n|inactive|amo minha mulher has 30 seconds left.\n|\n|t:|1776044847\n|switch|p1b: Conkeldurr|Conkeldurr, L50, M|100/100\n|move|p2a: Maushold|Follow Me|p2a: Maushold\n|-singleturn|p2a: Maushold|move: Follow Me\n|move|p1a: Aerodactyl|Rock Slide|p2b: Conkeldurr|[spread] p2a,p2b\n|-resisted|p2b: Conkeldurr|1\n|-damage|p2a: Maushold|72/100\n|-damage|p2b: Conkeldurr|25/100\n|move|p2b: Conkeldurr|Drain Punch|p1a: Aerodactyl\n|-damage|p1a: Aerodactyl|0 fnt\n|-heal|p2b: Conkeldurr|45/100|[from] drain|[of] p1a: Aerodactyl\n|faint|p1a: Aerodactyl\n|\n|upkeep\n|\n|t:|1776044862\n|switch|p1a: Clefable|Clefable, L50, F|100/100\n|turn|6\n|\n|t:|1776044882\n|switch|p2b: Rotom|Rotom-Wash, L50|100/100\n|move|p2a: Maushold|Super Fang|p1a: Clefable\n|-damage|p1a: Clefable|50/100\n|-enditem|p1a: Clefable|Sitrus Berry|[eat]\n|-heal|p1a: Clefable|75/100|[from] item: Sitrus Berry\n|move|p1a: Clefable|Moonblast|p2b: Rotom\n|-damage|p2b: Rotom|73/100\n|move|p1b: Conkeldurr|Drain Punch|p2a: Maushold\n|-supereffective|p2a: Maushold|1\n|-enditem|p2a: Maushold|Chople Berry|[eat]\n|-enditem|p2a: Maushold|Chople Berry|[weaken]\n|-damage|p2a: Maushold|14/100\n|\n|upkeep\n|turn|7\n|inactive|rikjee has 30 seconds left.\n|\n|t:|1776044909\n|move|p1a: Clefable|Protect|p1a: Clefable\n|-singleturn|p1a: Clefable|Protect\n|move|p2b: Rotom|Thunderbolt|p1a: Clefable\n|-activate|p1a: Clefable|move: Protect\n|move|p2a: Maushold|Super Fang|p1a: Clefable\n|-activate|p1a: Clefable|move: Protect\n|move|p1b: Conkeldurr|Thunder Punch|p2b: Rotom\n|-damage|p2b: Rotom|38/100\n|\n|upkeep\n|turn|8\n|l|\u2606rikjee\n|inactive|rikjee disconnected and has a minute to reconnect!\n|player|p2|\n|inactive|amo minha mulher has 30 seconds left.\n|inactive|rikjee has 30 seconds left.\n|inactive|rikjee has 20 seconds left.\n|inactive|rikjee has 15 seconds left.\n|inactive|rikjee has 10 seconds left.\n|inactive|rikjee has 5 seconds left.\n|-message|rikjee lost due to inactivity.\n|\n|win|amo minha mulher\n|raw|amo minha mulher's rating: 1000 &rarr; <strong>1042</strong><br />(+42 for winning)\n|raw|rikjee's rating: 1021 &rarr; <strong>1007</strong><br />(-14 for losing)\n",
  "uploadtime": 1776044968,
  "views": 16,
  "formatid": "gen9championsvgc2026regma",
  "rating": 1007,
  "private": 0,
  "password": null
}