{
  "id": "gen9championsvgc2026regma-2585778161",
  "format": "[Gen 9 Champions] VGC 2026 Reg M-A",
  "players": [
    "JimmiBunnie",
    "Tunio"
  ],
  "log": "|j|\u2606JimmiBunnie\n|j|\u2606Tunio\n|t:|1776369961\n|gametype|doubles\n|player|p1|JimmiBunnie|pokekid|1104\n|player|p2|Tunio|2|1182\n|gen|9\n|tier|[Gen 9 Champions] VGC 2026 Reg M-A\n|rated|\n|rule|Species Clause: Limit one of each Pok\u00e9mon\n|rule|Item Clause: Limit 1 of each item\n|clearpoke\n|poke|p1|Lopunny, L50, F|\n|poke|p1|Garchomp, L50, M|\n|poke|p1|Incineroar, L50, M|\n|poke|p1|Rotom-Wash, L50|\n|poke|p1|Whimsicott, L50, F|\n|poke|p1|Milotic, L50, F|\n|poke|p2|Kleavor, L50, F|\n|poke|p2|Vivillon-Ocean, L50, M|\n|poke|p2|Volcarona, L50, F|\n|poke|p2|Araquanid, L50, M|\n|poke|p2|Scizor, L50, M|\n|poke|p2|Heracross, L50, F|\n|teampreview|4\n|\n|t:|1776370006\n|teamsize|p1|4\n|teamsize|p2|4\n|start\n|switch|p1a: Rotom|Rotom-Wash, L50|100/100\n|switch|p1b: Incineroar|Incineroar, L50, M|100/100\n|switch|p2a: Kleavor|Kleavor, L50, F|100/100\n|switch|p2b: Scizor|Scizor, L50, M|100/100\n|-ability|p1b: Incineroar|Intimidate|boost\n|-unboost|p2a: Kleavor|atk|1\n|-unboost|p2b: Scizor|atk|1\n|-enditem|p2a: Kleavor|White Herb\n|-clearnegativeboost|p2a: Kleavor|[silent]\n|turn|1\n|l|\u2606Tunio\n|player|p2|\n|j|\u2606Tunio\n|player|p2|Tunio|2|\n|\n|t:|1776370028\n|switch|p2b: Heracross|Heracross, L50, F|100/100\n|move|p2a: Kleavor|Stone Axe|p1b: Incineroar\n|-supereffective|p1b: Incineroar|1\n|-crit|p1b: Incineroar\n|-damage|p1b: Incineroar|0 fnt\n|-sidestart|p1: JimmiBunnie|move: Stealth Rock\n|faint|p1b: Incineroar\n|move|p1a: Rotom|Hydro Pump|p2a: Kleavor\n|-supereffective|p2a: Kleavor|1\n|-damage|p2a: Kleavor|0 fnt\n|faint|p2a: Kleavor\n|\n|upkeep\n|\n|t:|1776370038\n|switch|p2a: Vivillon|Vivillon-Ocean, L50, M|100/100\n|switch|p1b: Lopunny|Lopunny, L50, F|100/100\n|-damage|p1b: Lopunny|89/100|[from] Stealth Rock\n|turn|2\n|\n|t:|1776370051\n|detailschange|p1b: Lopunny|Lopunny-Mega, L50, F\n|-mega|p1b: Lopunny|Lopunny|Lopunnite\n|move|p2a: Vivillon|Protect|p2a: Vivillon\n|-singleturn|p2a: Vivillon|Protect\n|move|p2b: Heracross|Protect|p2b: Heracross\n|-singleturn|p2b: Heracross|Protect\n|move|p1b: Lopunny|Fake Out|p2b: Heracross\n|-activate|p2b: Heracross|move: Protect\n|move|p1a: Rotom|Volt Switch|p2a: Vivillon\n|-activate|p2a: Vivillon|move: Protect\n|\n|upkeep\n|turn|3\n|\n|t:|1776370076\n|switch|p2b: Scizor|Scizor, L50, M|100/100\n|switch|p1a: Milotic|Milotic, L50, F|100/100\n|-damage|p1a: Milotic|88/100|[from] Stealth Rock\n|move|p1b: Lopunny|Encore||[still]\n|-fail|p1b: Lopunny\n|move|p2a: Vivillon|Hurricane|p1b: Lopunny|[miss]\n|-miss|p2a: Vivillon|p1b: Lopunny\n|\n|-heal|p1a: Milotic|94/100|[from] item: Leftovers\n|upkeep\n|turn|4\n|\n|t:|1776370107\n|move|p1b: Lopunny|Close Combat|p2b: Scizor\n|-damage|p2b: Scizor|45/100\n|-unboost|p1b: Lopunny|def|1\n|-unboost|p1b: Lopunny|spd|1\n|move|p2a: Vivillon|Sleep Powder|p1a: Milotic\n|-status|p1a: Milotic|slp|[from] move: Sleep Powder\n|cant|p1a: Milotic|slp\n|move|p2b: Scizor|Close Combat|p1b: Lopunny\n|-supereffective|p1b: Lopunny|1\n|-damage|p1b: Lopunny|0 fnt\n|-unboost|p2b: Scizor|def|1\n|-unboost|p2b: Scizor|spd|1\n|faint|p1b: Lopunny\n|\n|-heal|p1a: Milotic|99/100 slp|[from] item: Leftovers\n|upkeep\n|\n|t:|1776370122\n|switch|p1b: Rotom|Rotom-Wash, L50|100/100\n|-damage|p1b: Rotom|88/100|[from] Stealth Rock\n|turn|5\n|\n|t:|1776370131\n|move|p2a: Vivillon|Tailwind|p2a: Vivillon\n|-sidestart|p2: Tunio|move: Tailwind\n|move|p2b: Scizor|Bug Bite|p1b: Rotom\n|-damage|p1b: Rotom|46/100\n|move|p1b: Rotom|Will-O-Wisp|p2b: Scizor\n|-status|p2b: Scizor|brn\n|-curestatus|p1a: Milotic|slp|[msg]\n|move|p1a: Milotic|Icy Wind|p2a: Vivillon|[spread] p2a,p2b\n|-supereffective|p2a: Vivillon|1\n|-resisted|p2b: Scizor|1\n|-damage|p2a: Vivillon|62/100\n|-damage|p2b: Scizor|34/100 brn\n|-unboost|p2a: Vivillon|spe|1\n|-unboost|p2b: Scizor|spe|1\n|\n|-heal|p1a: Milotic|100/100|[from] item: Leftovers\n|-damage|p2b: Scizor|27/100 brn|[from] brn\n|upkeep\n|turn|6\n|\n|t:|1776370156\n|move|p2a: Vivillon|Sleep Powder|p1b: Rotom\n|-status|p1b: Rotom|slp|[from] move: Sleep Powder\n|move|p2b: Scizor|Bug Bite|p1b: Rotom\n|-damage|p1b: Rotom|23/100 slp\n|cant|p1b: Rotom|slp\n|move|p1a: Milotic|Icy Wind|p2b: Scizor|[spread] p2a,p2b\n|-supereffective|p2a: Vivillon|1\n|-resisted|p2b: Scizor|1\n|-damage|p2a: Vivillon|22/100\n|-damage|p2b: Scizor|17/100 brn\n|-unboost|p2a: Vivillon|spe|1\n|-unboost|p2b: Scizor|spe|1\n|\n|-damage|p2b: Scizor|11/100 brn|[from] brn\n|upkeep\n|turn|7\n|\n|t:|1776370177\n|move|p2a: Vivillon|Hurricane|p1a: Milotic\n|-damage|p1a: Milotic|73/100\n|-curestatus|p1b: Rotom|slp|[msg]\n|move|p1b: Rotom|Volt Switch|p2b: Scizor\n|-damage|p2b: Scizor|0 fnt\n|faint|p2b: Scizor\n|move|p1a: Milotic|Icy Wind|p2a: Vivillon\n|-supereffective|p2a: Vivillon|1\n|-damage|p2a: Vivillon|0 fnt\n|faint|p2a: Vivillon\n|\n|-heal|p1a: Milotic|79/100|[from] item: Leftovers\n|upkeep\n|\n|t:|1776370186\n|switch|p2b: Heracross|Heracross, L50, F|100/100\n|turn|8\n|\n|t:|1776370201\n|move|p1b: Rotom|Protect|p1b: Rotom\n|-singleturn|p1b: Rotom|Protect\n|move|p2b: Heracross|Pin Missile|p1b: Rotom\n|-activate|p1b: Rotom|move: Protect\n|move|p1a: Milotic|Icy Wind|p2b: Heracross\n|-damage|p2b: Heracross|86/100\n|-unboost|p2b: Heracross|spe|1\n|\n|-heal|p1a: Milotic|85/100|[from] item: Leftovers\n|-sideend|p2: Tunio|move: Tailwind\n|upkeep\n|turn|9\n|inactive|Battle timer is ON: inactive players will automatically lose when time's up. (requested by Tunio)\n|\n|t:|1776370222\n|move|p1b: Rotom|Hydro Pump|p2b: Heracross\n|-damage|p2b: Heracross|32/100\n|move|p1a: Milotic|Scald|p2b: Heracross\n|-damage|p2b: Heracross|0 fnt\n|faint|p2b: Heracross\n|\n|win|JimmiBunnie\n|raw|JimmiBunnie's rating: 1104 &rarr; <strong>1135</strong><br />(+31 for winning)\n|raw|Tunio's rating: 1182 &rarr; <strong>1151</strong><br />(-31 for losing)\n|l|\u2606Tunio\n|player|p2|\n",
  "uploadtime": 1776370232,
  "views": 17,
  "formatid": "gen9championsvgc2026regma",
  "rating": 1135,
  "private": 0,
  "password": null
}