{
  "id": "gen9championsvgc2026regma-2586327040",
  "format": "[Gen 9 Champions] VGC 2026 Reg M-A",
  "players": [
    "Joele Sostenio",
    "KaFe-03"
  ],
  "log": "|j|\u2606Joele Sostenio\n|j|\u2606KaFe-03\n|t:|1776425619\n|gametype|doubles\n|player|p1|Joele Sostenio|266|1049\n|player|p2|KaFe-03|crispin|1062\n|gen|9\n|tier|[Gen 9 Champions] VGC 2026 Reg M-A\n|rated|\n|rule|Species Clause: Limit one of each Pok\u00e9mon\n|rule|Item Clause: Limit 1 of each item\n|clearpoke\n|poke|p1|Maushold-Four, L50|\n|poke|p1|Aegislash, L50, M|\n|poke|p1|Feraligatr, L50, M|\n|poke|p1|Sableye, L50, M|\n|poke|p1|Incineroar, L50, M|\n|poke|p1|Sinistcha, L50|\n|poke|p2|Archaludon, L50, F|\n|poke|p2|Pelipper, L50, F|\n|poke|p2|Sinistcha-Masterpiece, L50|\n|poke|p2|Sneasler, L50, F|\n|poke|p2|Dragonite, L50, F|\n|poke|p2|Basculegion, L50, M|\n|teampreview|4\n|inactive|Battle timer is ON: inactive players will automatically lose when time's up. (requested by KaFe-03)\n|inactive|Joele Sostenio has 60 seconds left.\n|\n|t:|1776425659\n|teamsize|p1|4\n|teamsize|p2|4\n|start\n|switch|p1a: Feraligatr|Feraligatr, L50, M, shiny|100/100\n|switch|p1b: Sableye|Sableye, L50, M, shiny|100/100\n|switch|p2a: Pelipper|Pelipper, L50, F|100/100\n|switch|p2b: Sneasler|Sneasler, L50, F|100/100\n|-weather|RainDance|[from] ability: Drizzle|[of] p2a: Pelipper\n|turn|1\n|inactive|KaFe-03 has 30 seconds left.\n|inactive|KaFe-03 has 20 seconds left.\n|inactive|KaFe-03 has 15 seconds left.\n|\n|t:|1776425699\n|move|p1a: Feraligatr|Protect|p1a: Feraligatr\n|-singleturn|p1a: Feraligatr|Protect\n|move|p2b: Sneasler|Fake Out|p1a: Feraligatr\n|-activate|p1a: Feraligatr|move: Protect\n|move|p1b: Sableye|Will-O-Wisp|p2b: Sneasler\n|-status|p2b: Sneasler|brn\n|move|p2a: Pelipper|Tailwind|p2a: Pelipper\n|-sidestart|p2: KaFe-03|move: Tailwind\n|\n|-weather|RainDance|[upkeep]\n|-damage|p2b: Sneasler|95/100 brn|[from] brn\n|upkeep\n|turn|2\n|inactive|Joele Sostenio has 30 seconds left.\n|inactive|KaFe-03 has 30 seconds left.\n|\n|t:|1776425732\n|switch|p2b: Dragonite|Dragonite, L50, F|100/100\n|detailschange|p1a: Feraligatr|Feraligatr-Mega, L50, M, shiny\n|-mega|p1a: Feraligatr|Feraligatr|Feraligite\n|move|p1b: Sableye|Quash||[still]\n|-fail|p1b: Sableye\n|move|p2a: Pelipper|Weather Ball|p1b: Sableye\n|-damage|p1b: Sableye|5/100\n|move|p1a: Feraligatr|Dragon Dance|p1a: Feraligatr\n|-boost|p1a: Feraligatr|atk|1\n|-boost|p1a: Feraligatr|spe|1\n|\n|-weather|RainDance|[upkeep]\n|-heal|p1b: Sableye|11/100|[from] item: Leftovers\n|upkeep\n|turn|3\n|inactive|Joele Sostenio has 30 seconds left.\n|inactive|KaFe-03 has 30 seconds left.\n|inactive|KaFe-03 has 20 seconds left.\n|inactive|Joele Sostenio has 20 seconds left.\n|inactive|Joele Sostenio has 15 seconds left.\n|inactive|Joele Sostenio has 10 seconds left.\n|inactive|Joele Sostenio has 5 seconds left.\n|\n|t:|1776425792\n|detailschange|p2b: Dragonite|Dragonite-Mega, L50, F\n|-mega|p2b: Dragonite|Dragonite|Dragoninite\n|move|p1b: Sableye|Will-O-Wisp|p2b: Dragonite\n|-status|p2b: Dragonite|brn\n|move|p2b: Dragonite|Draco Meteor|p1a: Feraligatr\n|-supereffective|p1a: Feraligatr|1\n|-damage|p1a: Feraligatr|0 fnt\n|-unboost|p2b: Dragonite|spa|2\n|faint|p1a: Feraligatr\n|move|p2a: Pelipper|Hurricane|p1b: Sableye\n|-damage|p1b: Sableye|0 fnt\n|faint|p1b: Sableye\n|\n|-weather|RainDance|[upkeep]\n|-damage|p2b: Dragonite|95/100 brn|[from] brn\n|upkeep\n|\n|t:|1776425811\n|switch|p1a: Maushold|Maushold-Four, L50, shiny|100/100\n|switch|p1b: Aegislash|Aegislash, L50, M, shiny|100/100\n|turn|4\n|inactive|KaFe-03 has 30 seconds left.\n|inactive|KaFe-03 has 20 seconds left.\n|inactive|KaFe-03 has 15 seconds left.\n|inactive|KaFe-03 has 10 seconds left.\n|inactive|KaFe-03 has 5 seconds left.\n|\n|t:|1776425866\n|move|p1a: Maushold|Protect|p1a: Maushold\n|-singleturn|p1a: Maushold|Protect\n|move|p2b: Dragonite|Hurricane|p1b: Aegislash\n|-resisted|p1b: Aegislash|1\n|-damage|p1b: Aegislash|90/100\n|move|p2a: Pelipper|Hurricane|p1a: Maushold\n|-activate|p1a: Maushold|move: Protect\n|move|p1b: Aegislash|Swords Dance|p1b: Aegislash\n|-boost|p1b: Aegislash|atk|2\n|\n|-weather|RainDance|[upkeep]\n|-damage|p2b: Dragonite|89/100 brn|[from] brn\n|-sideend|p2: KaFe-03|move: Tailwind\n|upkeep\n|turn|5\n|inactive|Joele Sostenio has 30 seconds left.\n|inactive|KaFe-03 has 30 seconds left.\n|\n|t:|1776425901\n|move|p1b: Aegislash|King's Shield|p1b: Aegislash\n|-singleturn|p1b: Aegislash|Protect\n|move|p2b: Dragonite|Hurricane|p1b: Aegislash\n|-activate|p1b: Aegislash|move: Protect\n|move|p1a: Maushold|Super Fang|p2a: Pelipper\n|-damage|p2a: Pelipper|51/100\n|move|p2a: Pelipper|Hurricane|p1a: Maushold\n|-damage|p1a: Maushold|39/100\n|\n|-weather|none\n|-damage|p2b: Dragonite|83/100 brn|[from] brn\n|upkeep\n|turn|6\n|inactive|Joele Sostenio has 30 seconds left.\n|\n|t:|1776425928\n|switch|p2a: Sneasler|Sneasler, L50, F|95/100 brn\n|move|p1a: Maushold|Follow Me|p1a: Maushold\n|-singleturn|p1a: Maushold|move: Follow Me\n|-formechange|p1b: Aegislash|Aegislash-Blade|\n|move|p1b: Aegislash|Shadow Sneak|p2a: Sneasler\n|-damage|p2a: Sneasler|0 fnt\n|faint|p2a: Sneasler\n|move|p2b: Dragonite|Tailwind|p2b: Dragonite\n|-sidestart|p2: KaFe-03|move: Tailwind\n|\n|-damage|p2b: Dragonite|77/100 brn|[from] brn\n|upkeep\n|\n|t:|1776425934\n|switch|p2a: Pelipper|Pelipper, L50, F|51/100\n|-weather|RainDance|[from] ability: Drizzle|[of] p2a: Pelipper\n|turn|7\n|inactive|KaFe-03 has 30 seconds left.\n|\n|t:|1776425961\n|move|p1a: Maushold|Follow Me|p1a: Maushold\n|-singleturn|p1a: Maushold|move: Follow Me\n|move|p1b: Aegislash|Shadow Sneak|p2a: Pelipper\n|-damage|p2a: Pelipper|0 fnt\n|faint|p2a: Pelipper\n|move|p2b: Dragonite|Hurricane|p1a: Maushold\n|-damage|p1a: Maushold|0 fnt\n|faint|p1a: Maushold\n|\n|-weather|RainDance|[upkeep]\n|-damage|p2b: Dragonite|71/100 brn|[from] brn\n|upkeep\n|\n|t:|1776425965\n|switch|p2a: Basculegion|Basculegion, L50, M|100/100\n|turn|8\n|\n|t:|1776425977\n|-formechange|p1b: Aegislash|Aegislash|\n|move|p1b: Aegislash|King's Shield|p1b: Aegislash\n|-singleturn|p1b: Aegislash|Protect\n|move|p2a: Basculegion|Last Respects|p1b: Aegislash\n|-activate|p1b: Aegislash|move: Protect\n|move|p2b: Dragonite|Hurricane|p1b: Aegislash\n|-activate|p1b: Aegislash|move: Protect\n|\n|-weather|RainDance|[upkeep]\n|-damage|p2b: Dragonite|65/100 brn|[from] brn\n|upkeep\n|turn|9\n|inactive|KaFe-03 has 30 seconds left.\n|inactive|KaFe-03 has 20 seconds left.\n|inactive|KaFe-03 has 15 seconds left.\n|inactive|KaFe-03 has 10 seconds left.\n|inactive|KaFe-03 has 5 seconds left.\n|\n|t:|1776426032\n|-formechange|p1b: Aegislash|Aegislash-Blade|\n|move|p1b: Aegislash|Shadow Sneak|p2a: Basculegion\n|-supereffective|p2a: Basculegion|1\n|-damage|p2a: Basculegion|0 fnt\n|faint|p2a: Basculegion\n|move|p2b: Dragonite|Hurricane|p1b: Aegislash\n|-resisted|p1b: Aegislash|1\n|-damage|p1b: Aegislash|60/100\n|\n|-weather|RainDance|[upkeep]\n|-damage|p2b: Dragonite|59/100 brn|[from] brn\n|-sideend|p2: KaFe-03|move: Tailwind\n|upkeep\n|turn|10\n|\n|t:|1776426044\n|-formechange|p1b: Aegislash|Aegislash|\n|move|p1b: Aegislash|King's Shield|p1b: Aegislash\n|-singleturn|p1b: Aegislash|Protect\n|move|p2b: Dragonite|Draco Meteor|p1b: Aegislash\n|-activate|p1b: Aegislash|move: Protect\n|\n|-weather|RainDance|[upkeep]\n|-damage|p2b: Dragonite|53/100 brn|[from] brn\n|upkeep\n|turn|11\n|\n|t:|1776426055\n|move|p2b: Dragonite|Hurricane|p1b: Aegislash\n|-resisted|p1b: Aegislash|1\n|-damage|p1b: Aegislash|46/100\n|-start|p1b: Aegislash|confusion\n|-activate|p1b: Aegislash|confusion\n|move|p1b: Aegislash|Swords Dance|p1b: Aegislash\n|-boost|p1b: Aegislash|atk|2\n|\n|-weather|none\n|-damage|p2b: Dragonite|47/100 brn|[from] brn\n|upkeep\n|turn|12\n|\n|t:|1776426075\n|-end|p1b: Aegislash|confusion\n|-formechange|p1b: Aegislash|Aegislash-Blade|\n|move|p1b: Aegislash|Shadow Sneak|p2b: Dragonite\n|-damage|p2b: Dragonite|0 fnt\n|faint|p2b: Dragonite\n|\n|win|Joele Sostenio\n|raw|Joele Sostenio's rating: 1049 &rarr; <strong>1083</strong><br />(+34 for winning)\n|raw|KaFe-03's rating: 1062 &rarr; <strong>1042</strong><br />(-20 for losing)\n",
  "uploadtime": 1776426078,
  "views": 29,
  "formatid": "gen9championsvgc2026regma",
  "rating": 1042,
  "private": 0,
  "password": null
}