{
  "id": "gen9championsvgc2026regma-2581398817",
  "format": "[Gen 9 Champions] VGC 2026 Reg M-A",
  "players": [
    "GK SHOWDOWN",
    "alfre22"
  ],
  "log": "|j|\u2606GK SHOWDOWN\n|j|\u2606alfre22\n|t:|1775996278\n|gametype|doubles\n|player|p1|GK SHOWDOWN|101|1047\n|player|p2|alfre22|266|1035\n|gen|9\n|tier|[Gen 9 Champions] VGC 2026 Reg M-A\n|rated|\n|rule|Species Clause: Limit one of each Pok\u00e9mon\n|rule|Item Clause: Limit 1 of each item\n|clearpoke\n|poke|p1|Emboar, L50, F|\n|poke|p1|Gardevoir, L50, F|\n|poke|p1|Sinistcha, L50|\n|poke|p1|Dragonite, L50, F|\n|poke|p1|Incineroar, L50, F|\n|poke|p1|Torkoal, L50, M|\n|poke|p2|Charizard, L50, M|\n|poke|p2|Venusaur, L50, M|\n|poke|p2|Incineroar, L50, M|\n|poke|p2|Whimsicott, L50, F|\n|poke|p2|Rotom-Wash, L50|\n|poke|p2|Garchomp, L50, F|\n|teampreview|4\n|inactive|Battle timer is ON: inactive players will automatically lose when time's up. (requested by alfre22)\n|inactive|alfre22 has 60 seconds left.\n|inactive|alfre22 has 30 seconds left.\nGK SHOWDOWN has agreed to open team sheets.\n|inactive|alfre22 has 20 seconds left.\n|\n|t:|1775996352\n|teamsize|p1|4\n|teamsize|p2|4\n|start\n|switch|p1a: Gardevoir|Gardevoir, L50, F|100/100\n|switch|p1b: Incineroar|Incineroar, L50, F|100/100\n|switch|p2a: Charizard|Charizard, L50, M|100/100\n|switch|p2b: Venusaur|Venusaur, L50, M|100/100\n|-ability|p1b: Incineroar|Intimidate|boost\n|-unboost|p2a: Charizard|atk|1\n|-unboost|p2b: Venusaur|atk|1\n|turn|1\n|\n|t:|1775996374\n|detailschange|p2a: Charizard|Charizard-Mega-Y, L50, M\n|-mega|p2a: Charizard|Charizard|Charizardite Y\n|-weather|SunnyDay|[from] ability: Drought|[of] p2a: Charizard\n|detailschange|p1a: Gardevoir|Gardevoir-Mega, L50, F\n|-mega|p1a: Gardevoir|Gardevoir|Gardevoirite\n|move|p1b: Incineroar|Fake Out|p2a: Charizard\n|-crit|p2a: Charizard\n|-damage|p2a: Charizard|79/100\n|move|p2b: Venusaur|Sleep Powder|p1a: Gardevoir|[miss]\n|-miss|p2b: Venusaur|p1a: Gardevoir\n|cant|p2a: Charizard|flinch\n|move|p1a: Gardevoir|Hyper Voice|p2a: Charizard|[spread] p2a,p2b\n|-resisted|p2a: Charizard|1\n|-resisted|p2b: Venusaur|1\n|-damage|p2a: Charizard|53/100\n|-damage|p2b: Venusaur|71/100\n|\n|-weather|SunnyDay|[upkeep]\n|upkeep\n|turn|2\n|inactive|alfre22 has 30 seconds left.\n|\n|t:|1775996403\n|move|p2b: Venusaur|Sleep Powder|p1b: Incineroar|[miss]\n|-miss|p2b: Venusaur|p1b: Incineroar\n|move|p2a: Charizard|Overheat|p1a: Gardevoir\n|-damage|p1a: Gardevoir|0 fnt\n|-unboost|p2a: Charizard|spa|2\n|faint|p1a: Gardevoir\n|move|p1b: Incineroar|Parting Shot|p2a: Charizard\n|-unboost|p2a: Charizard|atk|1\n|-unboost|p2a: Charizard|spa|1\n|\n|t:|1775996414\n|switch|p1b: Torkoal|Torkoal, L50, M|100/100|[from] Parting Shot\n|\n|-weather|SunnyDay|[upkeep]\n|upkeep\n|\n|t:|1775996423\n|switch|p1a: Incineroar|Incineroar, L50, F|100/100\n|-ability|p1a: Incineroar|Intimidate|boost\n|-unboost|p2a: Charizard|atk|1\n|-unboost|p2b: Venusaur|atk|1\n|turn|3\n|\n|t:|1775996433\n|switch|p2a: Incineroar|Incineroar, L50, M|100/100\n|-ability|p2a: Incineroar|Intimidate|boost\n|-unboost|p1a: Incineroar|atk|1\n|-unboost|p1b: Torkoal|atk|1\n|move|p2b: Venusaur|Protect|p2b: Venusaur\n|-singleturn|p2b: Venusaur|Protect\n|move|p1a: Incineroar|Fake Out|p2a: Incineroar\n|-damage|p2a: Incineroar|94/100\n|move|p1b: Torkoal|Eruption|p2b: Venusaur|[spread] p2a\n|-activate|p2b: Venusaur|move: Protect\n|-resisted|p2a: Incineroar|1\n|-damage|p2a: Incineroar|62/100\n|\n|-weather|SunnyDay|[upkeep]\n|upkeep\n|turn|4\n|inactive|GK SHOWDOWN has 30 seconds left.\n|\n|t:|1775996467\n|move|p2b: Venusaur|Sleep Powder|p1b: Torkoal\n|-status|p1b: Torkoal|slp|[from] move: Sleep Powder\n|move|p2a: Incineroar|Parting Shot|p1a: Incineroar\n|-unboost|p1a: Incineroar|atk|1\n|-unboost|p1a: Incineroar|spa|1\n|\n|t:|1775996479\n|switch|p2a: Garchomp|Garchomp, L50, F, shiny|100/100|[from] Parting Shot\n|move|p1a: Incineroar|Parting Shot|p2a: Garchomp\n|-unboost|p2a: Garchomp|atk|1\n|-unboost|p2a: Garchomp|spa|1\n|\n|t:|1775996486\n|switch|p1a: Emboar|Emboar, L50, F, shiny|100/100|[from] Parting Shot\n|cant|p1b: Torkoal|slp\n|\n|-weather|SunnyDay|[upkeep]\n|upkeep\n|turn|5\n|\n|t:|1775996507\n|cant|p1b: Torkoal|slp\n|move|p2b: Venusaur|Sleep Powder|p1a: Emboar\n|-status|p1a: Emboar|slp|[from] move: Sleep Powder\n|move|p2a: Garchomp|Stomping Tantrum|p1b: Torkoal\n|-supereffective|p1b: Torkoal|1\n|-damage|p1b: Torkoal|63/100 slp\n|cant|p1a: Emboar|slp\n|\n|-weather|none\n|upkeep\n|turn|6\n|\n|t:|1775996525\n|switch|p2a: Incineroar|Incineroar, L50, M|62/100\n|-ability|p2a: Incineroar|Intimidate|boost\n|-unboost|p1a: Emboar|atk|1\n|-unboost|p1b: Torkoal|atk|1\n|switch|p1a: Incineroar|Incineroar, L50, F|100/100\n|-ability|p1a: Incineroar|Intimidate|boost\n|-unboost|p2a: Incineroar|atk|1\n|-unboost|p2b: Venusaur|atk|1\n|move|p2b: Venusaur|Sludge Bomb|p1b: Torkoal\n|-damage|p1b: Torkoal|11/100 slp\n|-curestatus|p1b: Torkoal|slp|[msg]\n|move|p1b: Torkoal|Eruption|p2a: Incineroar|[spread] p2a,p2b\n|-resisted|p2a: Incineroar|1\n|-supereffective|p2b: Venusaur|1\n|-enditem|p2b: Venusaur|Occa Berry|[eat]\n|-enditem|p2b: Venusaur|Occa Berry|[weaken]\n|-damage|p2a: Incineroar|60/100\n|-damage|p2b: Venusaur|65/100\n|\n|upkeep\n|turn|7\n|inactive|alfre22 has 30 seconds left.\n|\n|t:|1775996556\n|move|p2a: Incineroar|Fake Out|p1a: Incineroar\n|-damage|p1a: Incineroar|95/100\n|cant|p1a: Incineroar|flinch\n|move|p2b: Venusaur|Sludge Bomb|p1b: Torkoal\n|-damage|p1b: Torkoal|0 fnt\n|faint|p1b: Torkoal\n|\n|-heal|p1a: Incineroar|100/100|[from] item: Leftovers\n|upkeep\n|\n|t:|1775996568\n|switch|p1b: Emboar|Emboar, L50, F, shiny|100/100 slp\n|turn|8\n|\n|t:|1775996587\n|move|p2b: Venusaur|Sludge Bomb|p1a: Incineroar\n|-damage|p1a: Incineroar|69/100\n|-status|p1a: Incineroar|psn\n|move|p2a: Incineroar|Parting Shot|p1b: Emboar\n|-unboost|p1b: Emboar|atk|1\n|-unboost|p1b: Emboar|spa|1\n|\n|t:|1775996598\n|switch|p2a: Charizard|Charizard-Mega-Y, L50, M|53/100|[from] Parting Shot\n|-weather|SunnyDay|[from] ability: Drought|[of] p2a: Charizard\n|cant|p1b: Emboar|slp\n|move|p1a: Incineroar|Flare Blitz|p2b: Venusaur\n|-supereffective|p2b: Venusaur|1\n|-damage|p2b: Venusaur|0 fnt\n|faint|p2b: Venusaur\n|-damage|p1a: Incineroar|53/100 psn|[from] Recoil\n|\n|-weather|SunnyDay|[upkeep]\n|-heal|p1a: Incineroar|59/100 psn|[from] item: Leftovers\n|-damage|p1a: Incineroar|47/100 psn|[from] psn\n|upkeep\n|\n|t:|1775996613\n|switch|p2b: Incineroar|Incineroar, L50, M|60/100\n|-ability|p2b: Incineroar|Intimidate|boost\n|-unboost|p1a: Incineroar|atk|1\n|-unboost|p1b: Emboar|atk|1\n|turn|9\n|\n|t:|1775996630\n|move|p2b: Incineroar|Fake Out|p1a: Incineroar\n|-damage|p1a: Incineroar|38/100 psn\n|move|p2a: Charizard|Air Slash|p1b: Emboar\n|-supereffective|p1b: Emboar|1\n|-damage|p1b: Emboar|0 fnt\n|faint|p1b: Emboar\n|cant|p1a: Incineroar|flinch\n|\n|-weather|SunnyDay|[upkeep]\n|-heal|p1a: Incineroar|44/100 psn|[from] item: Leftovers\n|-damage|p1a: Incineroar|32/100 psn|[from] psn\n|upkeep\n|turn|10\n|\n|t:|1775996639\n|move|p2a: Charizard|Overheat|p1a: Incineroar\n|-resisted|p1a: Incineroar|1\n|-damage|p1a: Incineroar|0 fnt\n|-unboost|p2a: Charizard|spa|2\n|faint|p1a: Incineroar\n|\n|win|alfre22\n|raw|GK SHOWDOWN's rating: 1047 &rarr; <strong>1029</strong><br />(-18 for losing)\n|raw|alfre22's rating: 1035 &rarr; <strong>1071</strong><br />(+36 for winning)\n|l|\u2606GK SHOWDOWN\n|player|p1|\n",
  "uploadtime": 1775996646,
  "views": 18,
  "formatid": "gen9championsvgc2026regma",
  "rating": 1029,
  "private": 0,
  "password": null
}