{
  "id": "gen9championsvgc2026regma-2585315648",
  "format": "[Gen 9 Champions] VGC 2026 Reg M-A",
  "players": [
    "gogozeppeli190",
    "3-axis"
  ],
  "log": "|j|\u2606gogozeppeli190\n|j|\u26063-axis\n|t:|1776336983\n|gametype|doubles\n|player|p1|gogozeppeli190|265|1199\n|player|p2|3-axis|ghetsis|1148\n|gen|9\n|tier|[Gen 9 Champions] VGC 2026 Reg M-A\n|rated|\n|rule|Species Clause: Limit one of each Pok\u00e9mon\n|rule|Item Clause: Limit 1 of each item\n|clearpoke\n|poke|p1|Scizor, L50, F|\n|poke|p1|Sneasler, L50, F|\n|poke|p1|Incineroar, L50, F|\n|poke|p1|Rotom-Wash, L50|\n|poke|p1|Ditto, L50|\n|poke|p1|Dragonite, L50, M|\n|poke|p2|Hawlucha, L50, F|\n|poke|p2|Snorlax, L50, F|\n|poke|p2|Incineroar, L50, M|\n|poke|p2|Glimmora, L50, M|\n|poke|p2|Rotom-Wash, L50|\n|poke|p2|Sinistcha, L50|\n|teampreview|4\ngogozeppeli190 has agreed to open team sheets.\n|inactive|Battle timer is ON: inactive players will automatically lose when time's up. (requested by 3-axis)\n3-axis rejected open team sheets.\n|\n|t:|1776337009\n|teamsize|p1|4\n|teamsize|p2|4\n|start\n|switch|p1a: Sneasler|Sneasler, L50, F|100/100\n|switch|p1b: Dragonite|Dragonite, L50, M|100/100\n|switch|p2a: Hawlucha|Hawlucha, L50, F|100/100\n|switch|p2b: Snorlax|Snorlax, L50, F|100/100\n|-ability|p2a: Hawlucha|Mold Breaker\n|turn|1\n|\n|t:|1776337023\n|detailschange|p2a: Hawlucha|Hawlucha-Mega, L50, F\n|-mega|p2a: Hawlucha|Hawlucha|Hawluchanite\n|move|p1a: Sneasler|Fake Out|p2a: Hawlucha\n|-damage|p2a: Hawlucha|84/100\n|cant|p2a: Hawlucha|flinch\n|move|p1b: Dragonite|Air Slash|p2a: Hawlucha\n|-supereffective|p2a: Hawlucha|1\n|-damage|p2a: Hawlucha|15/100\n|move|p2b: Snorlax|Fissure|p1a: Sneasler\n|-damage|p1a: Sneasler|0 fnt\n|faint|p1a: Sneasler\n|-ohko\n|\n|upkeep\n|\n|t:|1776337036\n|switch|p1a: Ditto|Ditto, L50|100/100\n|-transform|p1a: Ditto|p2b: Snorlax|[from] ability: Imposter\n|turn|2\n|\n|t:|1776337060\n|switch|p1b: Rotom|Rotom-Wash, L50|100/100\n|move|p2a: Hawlucha|Entrainment|p2b: Snorlax\n|-ability|p2b: Snorlax|No Guard|Thick Fat|[from] move: Entrainment|[of] p2a: Hawlucha\n|move|p1a: Ditto|Fissure|p2b: Snorlax\n|-damage|p2b: Snorlax|0 fnt\n|faint|p2b: Snorlax\n|-ohko\n|\n|upkeep\n|\n|t:|1776337073\n|switch|p2b: Sinistcha|Sinistcha, L50|100/100\n|-heal|p2a: Hawlucha|40/100|[from] ability: Hospitality|[of] p2b: Sinistcha\n|turn|3\n|\n|t:|1776337082\n|switch|p1a: Dragonite|Dragonite, L50, M|100/100\n|move|p1b: Rotom|Electroweb|p2a: Hawlucha|[spread] p2a,p2b\n|-supereffective|p2a: Hawlucha|1\n|-resisted|p2b: Sinistcha|1\n|-damage|p2a: Hawlucha|0 fnt\n|-damage|p2b: Sinistcha|91/100\n|-unboost|p2b: Sinistcha|spe|1\n|faint|p2a: Hawlucha\n|move|p2b: Sinistcha|Matcha Gotcha|p1b: Rotom|[spread] p1a,p1b\n|-resisted|p1a: Dragonite|2\n|-supereffective|p1b: Rotom|1\n|-damage|p1a: Dragonite|94/100\n|-heal|p2b: Sinistcha|94/100|[from] drain|[of] p1a: Dragonite\n|-damage|p1b: Rotom|38/100\n|-heal|p2b: Sinistcha|100/100|[from] drain|[of] p1b: Rotom\n|-status|p1a: Dragonite|brn\n|\n|-damage|p1a: Dragonite|88/100 brn|[from] brn\n|upkeep\n|\n|t:|1776337090\n|switch|p2a: Incineroar|Incineroar, L50, M|100/100\n|-ability|p2a: Incineroar|Intimidate|boost\n|-fail|p1a: Dragonite|unboost|Attack|[from] ability: Inner Focus|[of] p1a: Dragonite\n|-unboost|p1b: Rotom|atk|1\n|turn|4\n|\n|t:|1776337114\n|switch|p1b: Ditto|Ditto, L50|100/100\n|-transform|p1b: Ditto|p2a: Incineroar|[from] ability: Imposter\n|-ability|p1b: Ditto|Intimidate|boost\n|-unboost|p2a: Incineroar|atk|1\n|-unboost|p2b: Sinistcha|atk|1\n|detailschange|p1a: Dragonite|Dragonite-Mega, L50, M\n|-mega|p1a: Dragonite|Dragonite|Dragoninite\n|move|p1a: Dragonite|Protect|p1a: Dragonite\n|-singleturn|p1a: Dragonite|Protect\n|move|p2a: Incineroar|Fake Out|p1a: Dragonite\n|-activate|p1a: Dragonite|move: Protect\n|move|p2b: Sinistcha|Matcha Gotcha|p1b: Ditto|[spread] p1b\n|-activate|p1a: Dragonite|move: Protect\n|-resisted|p1b: Ditto|1\n|-damage|p1b: Ditto|86/100\n|\n|-damage|p1a: Dragonite|82/100 brn|[from] brn\n|upkeep\n|turn|5\n|-message|3-axis forfeited.\n|\n|win|gogozeppeli190\n|raw|gogozeppeli190's rating: 1199 &rarr; <strong>1220</strong><br />(+21 for winning)\n|raw|3-axis's rating: 1148 &rarr; <strong>1127</strong><br />(-21 for losing)\n|l|\u26063-axis\n|player|p2|\n",
  "uploadtime": 1776337140,
  "views": 40,
  "formatid": "gen9championsvgc2026regma",
  "rating": 1127,
  "private": 0,
  "password": null
}