{
  "id": "gen9championsvgc2026regma-2585725309",
  "format": "[Gen 9 Champions] VGC 2026 Reg M-A",
  "players": [
    "Izgris",
    "fastfish550"
  ],
  "log": "|j|\u2606Izgris\n|j|\u2606fastfish550\n|t:|1776366294\n|gametype|doubles\n|player|p1|Izgris|sage|1000\n|player|p2|fastfish550|2|1000\n|gen|9\n|tier|[Gen 9 Champions] VGC 2026 Reg M-A\n|rated|\n|rule|Species Clause: Limit one of each Pok\u00e9mon\n|rule|Item Clause: Limit 1 of each item\n|clearpoke\n|poke|p1|Chesnaught, L50, M|\n|poke|p1|Hatterene, L50, F|\n|poke|p1|Farigiraf, L50, M|\n|poke|p1|Kingambit, L50, F|\n|poke|p1|Torkoal, L50, M|\n|poke|p1|Avalugg-Hisui, L50, M|\n|poke|p2|Greninja-*, L50, M|\n|poke|p2|Lycanroc, L50, M|\n|poke|p2|Corviknight, L50, M|\n|poke|p2|Incineroar, L50, M|\n|poke|p2|Pelipper, L50, M|\n|poke|p2|Gardevoir, L50, M|\n|teampreview|4\n|inactive|Battle timer is ON: inactive players will automatically lose when time's up. (requested by Izgris)\n|\n|t:|1776366324\n|teamsize|p1|4\n|teamsize|p2|4\n|start\n|switch|p1a: Chesnaught|Chesnaught, L50, M|100/100\n|switch|p1b: Hatterene|Hatterene, L50, F|100/100\n|switch|p2a: Greninja|Greninja, L50, M|100/100\n|switch|p2b: Corviknight|Corviknight, L50, M, shiny|100/100\n|turn|1\n|inactive|fastfish550 has 30 seconds left.\n|\n|t:|1776366359\n|move|p2a: Greninja|Ice Beam|p1a: Chesnaught\n|-start|p2a: Greninja|typechange|Ice|[from] ability: Protean\n|-supereffective|p1a: Chesnaught|1\n|-damage|p1a: Chesnaught|0 fnt\n|faint|p1a: Chesnaught\n|move|p2b: Corviknight|Iron Defense|p2b: Corviknight\n|-boost|p2b: Corviknight|def|2\n|move|p1b: Hatterene|Dazzling Gleam|p2b: Corviknight|[spread] p2a,p2b\n|-resisted|p2b: Corviknight|1\n|-damage|p2a: Greninja|47/100\n|-damage|p2b: Corviknight|82/100\n|\n|upkeep\n|\n|t:|1776366372\n|switch|p1a: Avalugg|Avalugg-Hisui, L50, M|100/100\n|turn|2\n|\n|t:|1776366396\n|switch|p2a: Incineroar|Incineroar, L50, M|100/100\n|-ability|p2a: Incineroar|Intimidate|boost\n|-unboost|p1a: Avalugg|atk|1\n|-unboost|p1b: Hatterene|atk|1\n|move|p2b: Corviknight|Body Press|p1b: Hatterene\n|-resisted|p1b: Hatterene|2\n|-damage|p1b: Hatterene|86/100\n|move|p1a: Avalugg|Body Press|p2a: Incineroar\n|-supereffective|p2a: Incineroar|1\n|-damage|p2a: Incineroar|33/100\n|move|p1b: Hatterene|Trick Room|p1b: Hatterene\n|-fieldstart|move: Trick Room|[of] p1b: Hatterene\n|\n|-heal|p2a: Incineroar|39/100|[from] item: Leftovers\n|upkeep\n|turn|3\n|inactive|fastfish550 has 30 seconds left.\n|inactive|fastfish550 has 20 seconds left.\n|\n|t:|1776366431\n|move|p2a: Incineroar|Protect|p2a: Incineroar\n|-singleturn|p2a: Incineroar|Protect\n|move|p1b: Hatterene|Mystical Fire|p2b: Corviknight\n|-supereffective|p2b: Corviknight|1\n|-enditem|p2b: Corviknight|Occa Berry|[eat]\n|-enditem|p2b: Corviknight|Occa Berry|[weaken]\n|-damage|p2b: Corviknight|53/100\n|-ability|p2b: Corviknight|Mirror Armor\n|-unboost|p1b: Hatterene|spa|1\n|move|p1a: Avalugg|Body Press|p2a: Incineroar\n|-activate|p2a: Incineroar|move: Protect\n|move|p2b: Corviknight|Iron Defense|p2b: Corviknight\n|-boost|p2b: Corviknight|def|2\n|\n|-heal|p2a: Incineroar|46/100|[from] item: Leftovers\n|upkeep\n|turn|4\n|inactive|fastfish550 has 30 seconds left.\n|\n|t:|1776366459\n|switch|p2b: Greninja|Greninja, L50, M|47/100\n|move|p1b: Hatterene|Mystical Fire|p2b: Greninja\n|-resisted|p2b: Greninja|1\n|-damage|p2b: Greninja|35/100\n|-unboost|p2b: Greninja|spa|1\n|move|p1a: Avalugg|Body Press|p2a: Incineroar\n|-supereffective|p2a: Incineroar|1\n|-damage|p2a: Incineroar|0 fnt\n|faint|p2a: Incineroar\n|\n|upkeep\n|\n|t:|1776366470\n|switch|p2a: Lycanroc|Lycanroc, L50, M|100/100\n|turn|5\n|\n|t:|1776366483\n|detailschange|p2b: Greninja|Greninja-Mega, L50, M\n|-mega|p2b: Greninja|Greninja|Greninjite\n|move|p2a: Lycanroc|Accelerock|p1b: Hatterene\n|-damage|p1b: Hatterene|63/100\n|move|p1b: Hatterene|Dazzling Gleam|p2b: Greninja|[spread] p2a,p2b\n|-supereffective|p2b: Greninja|1\n|-damage|p2a: Lycanroc|62/100\n|-damage|p2b: Greninja|0 fnt\n|faint|p2b: Greninja\n|move|p1a: Avalugg|Blizzard|p2a: Lycanroc|[miss]\n|-miss|p1a: Avalugg|p2a: Lycanroc\n|\n|upkeep\n|\n|t:|1776366494\n|switch|p2b: Corviknight|Corviknight, L50, M, shiny|53/100\n|turn|6\n|\n|t:|1776366507\n|move|p2a: Lycanroc|Accelerock|p1b: Hatterene\n|-damage|p1b: Hatterene|37/100\n|move|p1b: Hatterene|Mystical Fire|p2b: Corviknight\n|-supereffective|p2b: Corviknight|1\n|-damage|p2b: Corviknight|15/100\n|-ability|p2b: Corviknight|Mirror Armor\n|-unboost|p1b: Hatterene|spa|1\n|move|p1a: Avalugg|Body Press|p2a: Lycanroc\n|-supereffective|p2a: Lycanroc|1\n|-damage|p2a: Lycanroc|0 fnt\n|faint|p2a: Lycanroc\n|move|p2b: Corviknight|Light Screen|p2b: Corviknight\n|-sidestart|p2: fastfish550|move: Light Screen\n|\n|-fieldend|move: Trick Room\n|upkeep\n|turn|7\n|\n|t:|1776366528\n|move|p2b: Corviknight|Body Press|p1b: Hatterene\n|-resisted|p1b: Hatterene|2\n|-damage|p1b: Hatterene|30/100\n|move|p1a: Avalugg|Heavy Slam|p2b: Corviknight\n|-resisted|p2b: Corviknight|1\n|-damage|p2b: Corviknight|10/100\n|move|p1b: Hatterene|Mystical Fire|p2b: Corviknight\n|-supereffective|p2b: Corviknight|1\n|-damage|p2b: Corviknight|0 fnt\n|faint|p2b: Corviknight\n|\n|win|Izgris\n|raw|Izgris's rating: 1000 &rarr; <strong>1040</strong><br />(+40 for winning)\n|raw|fastfish550's rating: 1000 &rarr; <strong>1000</strong><br />(+0 for losing)\n",
  "uploadtime": 1776366540,
  "views": 16,
  "formatid": "gen9championsvgc2026regma",
  "rating": 1000,
  "private": 0,
  "password": null
}