{
  "id": "gen9championsvgc2026regma-2585160333",
  "format": "[Gen 9 Champions] VGC 2026 Reg M-A",
  "players": [
    "MMMMMMMMM FOOD",
    "ohsogravity"
  ],
  "log": "|j|\u2606MMMMMMMMM FOOD\n|j|\u2606ohsogravity\n|t:|1776319261\n|gametype|doubles\n|player|p1|MMMMMMMMM FOOD|cynthia-gen4|1147\n|player|p2|ohsogravity|265|1105\n|gen|9\n|tier|[Gen 9 Champions] VGC 2026 Reg M-A\n|rated|\n|rule|Species Clause: Limit one of each Pok\u00e9mon\n|rule|Item Clause: Limit 1 of each item\n|clearpoke\n|poke|p1|Archaludon, L50, M|\n|poke|p1|Politoed, L50, F|\n|poke|p1|Incineroar, L50, F|\n|poke|p1|Basculegion, L50, M|\n|poke|p1|Farigiraf, L50, M|\n|poke|p1|Toxicroak, L50, M|\n|poke|p2|Whimsicott, L50, F|\n|poke|p2|Meowscarada, L50, M|\n|poke|p2|Floette-Eternal, L50, F|\n|poke|p2|Sneasler, L50, F|\n|poke|p2|Sinistcha-Masterpiece, L50|\n|poke|p2|Incineroar, L50, F|\n|teampreview|4\n|inactive|Battle timer is ON: inactive players will automatically lose when time's up. (requested by ohsogravity)\n|inactive|MMMMMMMMM FOOD also wants the timer to be on.\n|inactive|MMMMMMMMM FOOD has 60 seconds left.\n|inactive|ohsogravity has 60 seconds left.\n|inactive|ohsogravity has 30 seconds left.\n|\n|t:|1776319329\n|teamsize|p1|4\n|teamsize|p2|4\n|start\n|switch|p1a: Farigiraf|Farigiraf, L50, M|100/100\n|switch|p1b: Archaludon|Archaludon, L50, M|100/100\n|switch|p2a: Incineroar|Incineroar, L50, F, shiny|100/100\n|switch|p2b: Meowscarada|Meowscarada, L50, M|100/100\n|-ability|p2a: Incineroar|Intimidate|boost\n|-unboost|p1a: Farigiraf|atk|1\n|-unboost|p1b: Archaludon|atk|1\n|turn|1\n|\n|t:|1776319351\n|move|p1a: Farigiraf|Protect|p1a: Farigiraf\n|-singleturn|p1a: Farigiraf|Protect\n|move|p2b: Meowscarada|U-turn|p1a: Farigiraf\n|-start|p2b: Meowscarada|typechange|Bug|[from] ability: Protean\n|-activate|p1a: Farigiraf|move: Protect\n|move|p1b: Archaludon|Dragon Pulse|p2b: Meowscarada\n|-damage|p2b: Meowscarada|33/100\n|move|p2a: Incineroar|Throat Chop|p1a: Farigiraf\n|-activate|p1a: Farigiraf|move: Protect\n|\n|upkeep\n|turn|2\n|inactive|ohsogravity has 30 seconds left.\n|\n|t:|1776319382\n|switch|p1a: Politoed|Politoed, L50, F|100/100\n|-weather|RainDance|[from] ability: Drizzle|[of] p1a: Politoed\n|move|p2b: Meowscarada|U-turn|p1a: Politoed\n|-crit|p1a: Politoed\n|-damage|p1a: Politoed|49/100\n|\n|t:|1776319391\n|switch|p2b: Sinistcha|Sinistcha-Masterpiece, L50, shiny|100/100|[from] U-turn\n|move|p1b: Archaludon|Electro Shot||[still]\n|-prepare|p1b: Archaludon|Electro Shot\n|-boost|p1b: Archaludon|spa|1\n|-anim|p1b: Archaludon|Electro Shot|p2a: Incineroar\n|-damage|p2a: Incineroar|46/100\n|move|p2a: Incineroar|Throat Chop|p1a: Politoed\n|-damage|p1a: Politoed|18/100\n|-start|p1a: Politoed|Throat Chop|[silent]\n|\n|-weather|RainDance|[upkeep]\n|upkeep\n|turn|3\n|inactive|ohsogravity has 30 seconds left.\n|\n|t:|1776319422\n|switch|p1a: Farigiraf|Farigiraf, L50, M|100/100\n|move|p2b: Sinistcha|Rage Powder|p2b: Sinistcha\n|-singleturn|p2b: Sinistcha|move: Rage Powder\n|move|p1b: Archaludon|Electro Shot||[still]\n|-prepare|p1b: Archaludon|Electro Shot\n|-boost|p1b: Archaludon|spa|1\n|-anim|p1b: Archaludon|Electro Shot|p2b: Sinistcha\n|-resisted|p2b: Sinistcha|1\n|-damage|p2b: Sinistcha|44/100\n|move|p2a: Incineroar|Parting Shot|p1b: Archaludon\n|-unboost|p1b: Archaludon|atk|1\n|-unboost|p1b: Archaludon|spa|1\n|\n|t:|1776319438\n|switch|p2a: Meowscarada|Meowscarada, L50, M|33/100|[from] Parting Shot\n|\n|-weather|RainDance|[upkeep]\n|-heal|p2b: Sinistcha|50/100|[from] item: Leftovers\n|upkeep\n|turn|4\n|\n|t:|1776319458\n|move|p1a: Farigiraf|Protect|p1a: Farigiraf\n|-singleturn|p1a: Farigiraf|Protect\n|move|p2a: Meowscarada|U-turn|p1a: Farigiraf\n|-start|p2a: Meowscarada|typechange|Bug|[from] ability: Protean\n|-activate|p1a: Farigiraf|move: Protect\n|move|p1b: Archaludon|Electro Shot||[still]\n|-prepare|p1b: Archaludon|Electro Shot\n|-boost|p1b: Archaludon|spa|1\n|-anim|p1b: Archaludon|Electro Shot|p2b: Sinistcha\n|-resisted|p2b: Sinistcha|1\n|-damage|p2b: Sinistcha|0 fnt\n|faint|p2b: Sinistcha\n|\n|-weather|RainDance|[upkeep]\n|upkeep\n|\n|t:|1776319472\n|switch|p2b: Floette|Floette-Eternal, L50, F, shiny|100/100\n|turn|5\n|\n|t:|1776319485\n|detailschange|p2b: Floette|Floette-Mega, L50, F, shiny\n|-mega|p2b: Floette|Floette|Floettite\n|-ability|p2b: Floette|Fairy Aura\n|move|p2a: Meowscarada|U-turn|p1a: Farigiraf\n|-supereffective|p1a: Farigiraf|1\n|-damage|p1a: Farigiraf|44/100\n|\n|t:|1776319491\n|switch|p2a: Incineroar|Incineroar, L50, F, shiny|46/100|[from] U-turn\n|-ability|p2a: Incineroar|Intimidate|boost\n|-unboost|p1a: Farigiraf|atk|1\n|-unboost|p1b: Archaludon|atk|1\n|move|p2b: Floette|Moonblast|p1b: Archaludon\n|-damage|p1b: Archaludon|0 fnt\n|faint|p1b: Archaludon\n|move|p1a: Farigiraf|Trick Room|p1a: Farigiraf\n|-fieldstart|move: Trick Room|[of] p1a: Farigiraf\n|\n|-weather|RainDance|[upkeep]\n|upkeep\n|\n|t:|1776319498\n|switch|p1b: Toxicroak|Toxicroak, L50, M|100/100\n|turn|6\n|\n|t:|1776319521\n|move|p2a: Incineroar|Fake Out||[still]\n|cant|p1a: Farigiraf|ability: Armor Tail|Fake Out|[of] p2a: Incineroar\n|move|p1a: Farigiraf|Hyper Voice|p2b: Floette|[spread] p2a,p2b\n|-damage|p2a: Incineroar|20/100\n|-damage|p2b: Floette|72/100\n|move|p1b: Toxicroak|Poison Jab|p2b: Floette\n|-supereffective|p2b: Floette|1\n|-damage|p2b: Floette|0 fnt\n|faint|p2b: Floette\n|\n|-weather|none\n|upkeep\n|\n|t:|1776319530\n|switch|p2b: Meowscarada|Meowscarada, L50, M|33/100\n|turn|7\n|\n|t:|1776319542\n|move|p1a: Farigiraf|Hyper Voice|p2a: Incineroar|[spread] p2a,p2b\n|-damage|p2a: Incineroar|0 fnt\n|-damage|p2b: Meowscarada|0 fnt\n|faint|p2a: Incineroar\n|faint|p2b: Meowscarada\n|\n|win|MMMMMMMMM FOOD\n|raw|MMMMMMMMM FOOD's rating: 1147 &rarr; <strong>1169</strong><br />(+22 for winning)\n|raw|ohsogravity's rating: 1105 &rarr; <strong>1083</strong><br />(-22 for losing)\n|l|\u2606ohsogravity\n|player|p2|\n",
  "uploadtime": 1776319550,
  "views": 24,
  "formatid": "gen9championsvgc2026regma",
  "rating": 1083,
  "private": 0,
  "password": null
}