{
  "id": "gen9championsvgc2026regma-2584097763",
  "format": "[Gen 9 Champions] VGC 2026 Reg M-A",
  "players": [
    "plazmafly",
    "benis_cult"
  ],
  "log": "|j|\u2606plazmafly\n|j|\u2606benis_cult\n|t:|1776224860\n|gametype|doubles\n|player|p1|plazmafly|102|1105\n|player|p2|benis_cult|iris|1036\n|gen|9\n|tier|[Gen 9 Champions] VGC 2026 Reg M-A\n|rated|\n|rule|Species Clause: Limit one of each Pok\u00e9mon\n|rule|Item Clause: Limit 1 of each item\n|clearpoke\n|poke|p1|Aerodactyl, L50, F|\n|poke|p1|Incineroar, L50, F|\n|poke|p1|Garchomp, L50, F|\n|poke|p1|Sneasler, L50, M|\n|poke|p1|Sinistcha, L50|\n|poke|p1|Glimmora, L50, M|\n|poke|p2|Dragonite, L50, F|\n|poke|p2|Aerodactyl, L50, M|\n|poke|p2|Politoed, L50, M|\n|poke|p2|Kangaskhan, L50, F|\n|poke|p2|Archaludon, L50, F|\n|poke|p2|Sneasler, L50, M|\n|teampreview|4\nplazmafly rejected open team sheets.\n|inactive|Battle timer is ON: inactive players will automatically lose when time's up. (requested by plazmafly)\n|\n|t:|1776224952\n|teamsize|p1|4\n|teamsize|p2|4\n|start\n|switch|p1a: Glimmora|Glimmora, L50, M|100/100\n|switch|p1b: Aerodactyl|Aerodactyl, L50, F|100/100\n|switch|p2a: Sneasler|Sneasler, L50, M|100/100\n|switch|p2b: Politoed|Politoed, L50, M|100/100\n|-ability|p1b: Aerodactyl|Unnerve\n|-weather|RainDance|[from] ability: Drizzle|[of] p2b: Politoed\n|turn|1\n|inactive|benis_cult has 30 seconds left.\n|\n|t:|1776224983\n|move|p1b: Aerodactyl|Protect|p1b: Aerodactyl\n|-singleturn|p1b: Aerodactyl|Protect\n|move|p2a: Sneasler|Fake Out|p1b: Aerodactyl\n|-activate|p1b: Aerodactyl|move: Protect\n|move|p1a: Glimmora|Dazzling Gleam|p2a: Sneasler|[spread] p2a,p2b\n|-damage|p2a: Sneasler|75/100\n|-damage|p2b: Politoed|83/100\n|move|p2b: Politoed|Weather Ball|p1a: Glimmora\n|-supereffective|p1a: Glimmora|1\n|-damage|p1a: Glimmora|0 fnt\n|faint|p1a: Glimmora\n|\n|-weather|RainDance|[upkeep]\n|upkeep\n|inactive|plazmafly has 30 seconds left.\n|\n|t:|1776225011\n|switch|p1a: Sinistcha|Sinistcha, L50|100/100\n|turn|2\n|inactive|benis_cult has 30 seconds left.\n|inactive|benis_cult has 20 seconds left.\n|inactive|benis_cult has 15 seconds left.\n|inactive|benis_cult has 10 seconds left.\n|\n|t:|1776225056\n|move|p1a: Sinistcha|Protect|p1a: Sinistcha\n|-singleturn|p1a: Sinistcha|Protect\n|move|p1b: Aerodactyl|Tailwind|p1b: Aerodactyl\n|-sidestart|p1: plazmafly|move: Tailwind\n|move|p2a: Sneasler|Dire Claw|p1a: Sinistcha\n|-activate|p1a: Sinistcha|move: Protect\n|move|p2b: Politoed|Icy Wind|p1b: Aerodactyl|[spread] p1b\n|-activate|p1a: Sinistcha|move: Protect\n|-supereffective|p1b: Aerodactyl|1\n|-damage|p1b: Aerodactyl|72/100\n|-unboost|p1b: Aerodactyl|spe|1\n|\n|-weather|RainDance|[upkeep]\n|upkeep\n|turn|3\n|inactive|benis_cult has 30 seconds left.\n|inactive|benis_cult has 20 seconds left.\n|\n|t:|1776225094\n|move|p1b: Aerodactyl|Dual Wingbeat|p2a: Sneasler\n|-supereffective|p2a: Sneasler|1\n|-damage|p2a: Sneasler|16/100\n|-supereffective|p2a: Sneasler|1\n|-damage|p2a: Sneasler|0 fnt\n|faint|p2a: Sneasler\n|-hitcount|p2: Sneasler|2\n|move|p1a: Sinistcha|Matcha Gotcha|p2b: Politoed\n|-supereffective|p2b: Politoed|1\n|-damage|p2b: Politoed|31/100\n|-status|p2b: Politoed|brn\n|move|p2b: Politoed|Icy Wind|p1a: Sinistcha|[spread] p1a,p1b\n|-supereffective|p1a: Sinistcha|1\n|-supereffective|p1b: Aerodactyl|1\n|-damage|p1a: Sinistcha|80/100\n|-damage|p1b: Aerodactyl|45/100\n|-unboost|p1a: Sinistcha|spe|1\n|-unboost|p1b: Aerodactyl|spe|1\n|\n|-weather|RainDance|[upkeep]\n|-heal|p1a: Sinistcha|86/100|[from] item: Leftovers\n|-damage|p2b: Politoed|25/100 brn|[from] brn\n|upkeep\n|inactive|benis_cult has 30 seconds left.\n|inactive|benis_cult has 20 seconds left.\n|\n|t:|1776225129\n|switch|p2a: Archaludon|Archaludon, L50, F|100/100\n|turn|4\n|inactive|benis_cult has 30 seconds left.\n|\n|t:|1776225159\n|switch|p1b: Garchomp|Garchomp, L50, F|100/100\n|-enditem|p2b: Politoed|Sitrus Berry|[eat]\n|-heal|p2b: Politoed|50/100 brn|[from] item: Sitrus Berry\n|move|p2a: Archaludon|Protect|p2a: Archaludon\n|-singleturn|p2a: Archaludon|Protect\n|move|p1a: Sinistcha|Matcha Gotcha|p2b: Politoed|[spread] p2b\n|-activate|p2a: Archaludon|move: Protect\n|-supereffective|p2b: Politoed|1\n|-damage|p2b: Politoed|11/100 brn\n|-heal|p1a: Sinistcha|100/100|[from] drain|[of] p2b: Politoed\n|move|p2b: Politoed|Weather Ball|p1b: Garchomp\n|-damage|p1b: Garchomp|36/100\n|\n|-weather|RainDance|[upkeep]\n|-damage|p2b: Politoed|6/100 brn|[from] brn\n|upkeep\n|turn|5\n|inactive|plazmafly has 30 seconds left.\n|inactive|benis_cult has 30 seconds left.\n|inactive|benis_cult has 20 seconds left.\n|inactive|plazmafly has 20 seconds left.\n|inactive|plazmafly has 15 seconds left.\n|inactive|benis_cult has 15 seconds left.\n|\n|t:|1776225206\n|switch|p1a: Aerodactyl|Aerodactyl, L50, F|45/100\n|-ability|p1a: Aerodactyl|Unnerve\n|move|p1b: Garchomp|Earthquake|p2a: Archaludon|[spread] p2a,p2b\n|-immune|p1a: Aerodactyl\n|-supereffective|p2a: Archaludon|1\n|-damage|p2a: Archaludon|44/100\n|-damage|p2b: Politoed|0 fnt\n|faint|p2b: Politoed\n|move|p2a: Archaludon|Draco Meteor|p1b: Garchomp\n|-supereffective|p1b: Garchomp|1\n|-enditem|p1b: Garchomp|Haban Berry|[eat]\n|-enditem|p1b: Garchomp|Haban Berry|[weaken]\n|-damage|p1b: Garchomp|0 fnt\n|-unboost|p2a: Archaludon|spa|2\n|faint|p1b: Garchomp\n|\n|-weather|none\n|-heal|p2a: Archaludon|50/100|[from] item: Leftovers\n|-sideend|p1: plazmafly|move: Tailwind\n|upkeep\n|\n|t:|1776225223\n|switch|p1b: Sinistcha|Sinistcha, L50|100/100\n|switch|p2b: Dragonite|Dragonite, L50, F|100/100\n|-heal|p1a: Aerodactyl|70/100|[from] ability: Hospitality|[of] p1b: Sinistcha\n|turn|6\n|inactive|plazmafly has 30 seconds left.\n|inactive|benis_cult has 30 seconds left.\n|inactive|benis_cult has 20 seconds left.\n|inactive|benis_cult has 15 seconds left.\n|\n|t:|1776225267\n|detailschange|p2b: Dragonite|Dragonite-Mega, L50, F\n|-mega|p2b: Dragonite|Dragonite|Dragoninite\n|move|p2b: Dragonite|Protect|p2b: Dragonite\n|-singleturn|p2b: Dragonite|Protect\n|move|p1a: Aerodactyl|Tailwind|p1a: Aerodactyl\n|-sidestart|p1: plazmafly|move: Tailwind\n|move|p1b: Sinistcha|Matcha Gotcha|p2a: Archaludon|[spread] p2a\n|-activate|p2b: Dragonite|move: Protect\n|-resisted|p2a: Archaludon|2\n|-damage|p2a: Archaludon|41/100\n|move|p2a: Archaludon|Draco Meteor|p1a: Aerodactyl\n|-damage|p1a: Aerodactyl|17/100\n|-unboost|p2a: Archaludon|spa|2\n|\n|-heal|p2a: Archaludon|47/100|[from] item: Leftovers\n|upkeep\n|turn|7\n|inactive|plazmafly has 30 seconds left.\n|inactive|benis_cult has 30 seconds left.\n|\n|t:|1776225297\n|move|p2a: Archaludon|Protect|p2a: Archaludon\n|-singleturn|p2a: Archaludon|Protect\n|move|p1a: Aerodactyl|Rock Slide|p2b: Dragonite|[spread] \n|-activate|p2a: Archaludon|move: Protect\n|-miss|p1a: Aerodactyl|p2b: Dragonite\n|move|p1b: Sinistcha|Matcha Gotcha|p2a: Archaludon|[spread] p2b\n|-activate|p2a: Archaludon|move: Protect\n|-resisted|p2b: Dragonite|2\n|-damage|p2b: Dragonite|98/100\n|move|p2b: Dragonite|Hurricane|p1b: Sinistcha\n|-supereffective|p1b: Sinistcha|1\n|-damage|p1b: Sinistcha|0 fnt\n|faint|p1b: Sinistcha\n|\n|-heal|p2a: Archaludon|53/100|[from] item: Leftovers\n|upkeep\n|turn|8\n|-message|plazmafly forfeited.\n|\n|win|benis_cult\n|raw|plazmafly's rating: 1105 &rarr; <strong>1075</strong><br />(-30 for losing)\n|raw|benis_cult's rating: 1036 &rarr; <strong>1077</strong><br />(+41 for winning)\n|l|\u2606plazmafly\n|player|p1|\n",
  "uploadtime": 1776225318,
  "views": 19,
  "formatid": "gen9championsvgc2026regma",
  "rating": 1075,
  "private": 0,
  "password": null
}