{
  "id": "gen9championsvgc2026regma-2581204635",
  "format": "[Gen 9 Champions] VGC 2026 Reg M-A",
  "players": [
    "Hakuowlo",
    "lolgz"
  ],
  "log": "|j|\u2606Hakuowlo\n|j|\u2606lolgz\n|t:|1775970513\n|gametype|doubles\n|player|p1|Hakuowlo|lucas|1093\n|player|p2|lolgz|170|1150\n|gen|9\n|tier|[Gen 9 Champions] VGC 2026 Reg M-A\n|rated|\n|rule|Species Clause: Limit one of each Pok\u00e9mon\n|rule|Item Clause: Limit 1 of each item\n|clearpoke\n|poke|p1|Froslass, L50, F|\n|poke|p1|Garchomp, L50, F|\n|poke|p1|Incineroar, L50, F|\n|poke|p1|Kingambit, L50, F|\n|poke|p1|Rotom-Wash, L50|\n|poke|p1|Farigiraf, L50, F|\n|poke|p2|Charizard, L50, M|\n|poke|p2|Whimsicott, L50, M|\n|poke|p2|Milotic, L50, F|\n|poke|p2|Sneasler, L50, F|\n|poke|p2|Floette-Eternal, L50, F|\n|poke|p2|Garchomp, L50, M|\n|teampreview|4\n|\n|t:|1775970548\n|teamsize|p1|4\n|teamsize|p2|4\n|start\n|switch|p1a: Rotom|Rotom-Wash, L50|100/100\n|switch|p1b: Garchomp|Garchomp, L50, F|100/100\n|switch|p2a: Milotic|Milotic, L50, F|100/100\n|switch|p2b: Charizard|Charizard, L50, M|100/100\n|turn|1\n|\n|t:|1775970568\n|detailschange|p2b: Charizard|Charizard-Mega-Y, L50, M\n|-mega|p2b: Charizard|Charizard|Charizardite Y\n|-weather|SunnyDay|[from] ability: Drought|[of] p2b: Charizard\n|move|p1a: Rotom|Thunderbolt|p2a: Milotic\n|-supereffective|p2a: Milotic|1\n|-damage|p2a: Milotic|26/100\n|move|p2a: Milotic|Icy Wind|p1a: Rotom|[spread] p1a,p1b\n|-resisted|p1a: Rotom|1\n|-supereffective|p1b: Garchomp|2\n|-damage|p1a: Rotom|93/100\n|-damage|p1b: Garchomp|50/100\n|-unboost|p1a: Rotom|spe|1\n|-unboost|p1b: Garchomp|spe|1\n|-enditem|p1b: Garchomp|White Herb\n|-clearnegativeboost|p1b: Garchomp|[silent]\n|move|p1b: Garchomp|Rock Slide|p2a: Milotic|[spread] p2a,p2b\n|-supereffective|p2b: Charizard|2\n|-damage|p2a: Milotic|1/100\n|-damage|p2b: Charizard|0 fnt\n|faint|p2b: Charizard\n|\n|-weather|SunnyDay|[upkeep]\n|upkeep\n|\n|t:|1775970584\n|switch|p2b: Sneasler|Sneasler, L50, F|100/100\n|turn|2\n|\n|t:|1775970601\n|move|p1b: Garchomp|Protect|p1b: Garchomp\n|-singleturn|p1b: Garchomp|Protect\n|move|p2b: Sneasler|Fake Out|p1a: Rotom\n|-damage|p1a: Rotom|71/100\n|move|p2a: Milotic|Icy Wind|p1a: Rotom|[spread] p1a\n|-activate|p1b: Garchomp|move: Protect\n|-resisted|p1a: Rotom|1\n|-damage|p1a: Rotom|63/100\n|-unboost|p1a: Rotom|spe|1\n|cant|p1a: Rotom|flinch\n|\n|-weather|SunnyDay|[upkeep]\n|upkeep\n|turn|3\n|\n|t:|1775970613\n|switch|p1b: Froslass|Froslass, L50, F|100/100\n|move|p2a: Milotic|Icy Wind|p1a: Rotom|[spread] p1a,p1b\n|-resisted|p1a: Rotom|1\n|-resisted|p1b: Froslass|1\n|-damage|p1a: Rotom|56/100\n|-damage|p1b: Froslass|90/100\n|-unboost|p1a: Rotom|spe|1\n|-unboost|p1b: Froslass|spe|1\n|move|p2b: Sneasler|Close Combat|p1a: Rotom\n|-damage|p1a: Rotom|0 fnt\n|-unboost|p2b: Sneasler|def|1\n|-unboost|p2b: Sneasler|spd|1\n|faint|p1a: Rotom\n|-enditem|p2b: Sneasler|White Herb\n|-clearnegativeboost|p2b: Sneasler|[silent]\n|\n|-weather|SunnyDay|[upkeep]\n|upkeep\n|\n|t:|1775970624\n|switch|p1a: Kingambit|Kingambit, L50, F|100/100\n|turn|4\n|\n|t:|1775970638\n|detailschange|p1b: Froslass|Froslass-Mega, L50, F\n|-mega|p1b: Froslass|Froslass|Froslassite\n|-weather|Snowscape|[from] ability: Snow Warning|[of] p1b: Froslass\n|move|p1a: Kingambit|Sucker Punch|p2b: Sneasler\n|-resisted|p2b: Sneasler|1\n|-damage|p2b: Sneasler|68/100\n|move|p2b: Sneasler|Close Combat|p1a: Kingambit\n|-supereffective|p1a: Kingambit|2\n|-enditem|p1a: Kingambit|Focus Sash\n|-damage|p1a: Kingambit|1/100\n|-unboost|p2b: Sneasler|def|1\n|-unboost|p2b: Sneasler|spd|1\n|move|p2a: Milotic|Icy Wind|p1b: Froslass|[spread] p1a,p1b\n|-resisted|p1a: Kingambit|1\n|-resisted|p1b: Froslass|1\n|-damage|p1a: Kingambit|0 fnt\n|-damage|p1b: Froslass|83/100\n|-unboost|p1b: Froslass|spe|1\n|faint|p1a: Kingambit\n|move|p1b: Froslass|Blizzard|p2a: Milotic|[spread] p2a,p2b\n|-resisted|p2a: Milotic|1\n|-damage|p2a: Milotic|0 fnt\n|-damage|p2b: Sneasler|0 fnt\n|faint|p2a: Milotic\n|faint|p2b: Sneasler\n|\n|-weather|Snowscape|[upkeep]\n|upkeep\n|\n|t:|1775970648\n|switch|p2b: Floette|Floette-Eternal, L50, F|100/100\n|switch|p1a: Garchomp|Garchomp, L50, F|50/100\n|turn|5\n|l|\u2606Hakuowlo\n|player|p1|\n|inactive|Battle timer is ON: inactive players will automatically lose when time's up. (requested by lolgz)\n|j|\u2606Hakuowlo\n|inactive|Hakuowlo reconnected and has 90 seconds left.\n|player|p1|Hakuowlo|lucas|\n|\n|t:|1775970768\n|move|p1a: Garchomp|Rock Slide|p2b: Floette\n|-damage|p2b: Floette|56/100\n|move|p2b: Floette|Dazzling Gleam|p1a: Garchomp|[spread] p1a,p1b\n|-supereffective|p1a: Garchomp|1\n|-damage|p1a: Garchomp|0 fnt\n|-damage|p1b: Froslass|46/100\n|faint|p1a: Garchomp\n|move|p1b: Froslass|Shadow Ball|p2b: Floette\n|-damage|p2b: Floette|7/100\n|\n|-weather|Snowscape|[upkeep]\n|upkeep\n|turn|6\n|\n|t:|1775970781\n|move|p2b: Floette|Light of Ruin|p1b: Froslass\n|-damage|p1b: Froslass|0 fnt\n|faint|p1b: Froslass\n|-damage|p2b: Floette|0 fnt|[from] Recoil\n|faint|p2b: Floette\n|\n|win|lolgz\n|raw|Hakuowlo's rating: 1093 &rarr; <strong>1073</strong><br />(-20 for losing)\n|raw|lolgz's rating: 1150 &rarr; <strong>1171</strong><br />(+21 for winning)\n",
  "uploadtime": 1775970781,
  "views": 11,
  "formatid": "gen9championsvgc2026regma",
  "rating": 1073,
  "private": 0,
  "password": null
}