{
  "id": "gen9championsvgc2026regma-2584624928",
  "format": "[Gen 9 Champions] VGC 2026 Reg M-A",
  "players": [
    "highjumpboi",
    "dmarin0301"
  ],
  "log": "|j|\u2606highjumpboi\n|j|\u2606dmarin0301\n|t:|1776272875\n|gametype|doubles\n|player|p1|highjumpboi|cynthia|1082\n|player|p2|dmarin0301|unknown|1141\n|gen|9\n|tier|[Gen 9 Champions] VGC 2026 Reg M-A\n|rated|\n|rule|Species Clause: Limit one of each Pok\u00e9mon\n|rule|Item Clause: Limit 1 of each item\n|clearpoke\n|poke|p1|Gengar, L50, M|\n|poke|p1|Pelipper, L50, F|\n|poke|p1|Archaludon, L50, F|\n|poke|p1|Basculegion, L50, M|\n|poke|p1|Incineroar, L50, F|\n|poke|p1|Sinistcha, L50|\n|poke|p2|Milotic, L50, F|\n|poke|p2|Sinistcha, L50|\n|poke|p2|Excadrill, L50, F|\n|poke|p2|Sneasler, L50, F|\n|poke|p2|Dragonite, L50, M|\n|poke|p2|Tyranitar, L50, M|\n|teampreview|4\nhighjumpboi has agreed to open team sheets.\n|inactive|Battle timer is ON: inactive players will automatically lose when time's up. (requested by highjumpboi)\n|\n|t:|1776272894\n|teamsize|p1|4\n|teamsize|p2|4\n|start\n|switch|p1a: Pelipper|Pelipper, L50, F|100/100\n|switch|p1b: Archaludon|Archaludon, L50, F|100/100\n|switch|p2a: Sneasler|Sneasler, L50, F|100/100\n|switch|p2b: Milotic|Milotic, L50, F|100/100\n|-weather|RainDance|[from] ability: Drizzle|[of] p1a: Pelipper\n|turn|1\n|inactive|highjumpboi has 30 seconds left.\n|inactive|highjumpboi has 20 seconds left.\n|\n|t:|1776272930\n|switch|p2b: Tyranitar|Tyranitar, L50, M|100/100\n|-weather|Sandstorm|[from] ability: Sand Stream|[of] p2b: Tyranitar\n|move|p1b: Archaludon|Protect|p1b: Archaludon\n|-singleturn|p1b: Archaludon|Protect\n|move|p2a: Sneasler|Fake Out|p1a: Pelipper\n|-damage|p1a: Pelipper|80/100\n|cant|p1a: Pelipper|flinch\n|\n|-weather|Sandstorm|[upkeep]\n|-damage|p2a: Sneasler|95/100|[from] Sandstorm\n|-damage|p1a: Pelipper|74/100|[from] Sandstorm\n|upkeep\n|turn|2\n|\n|t:|1776272955\n|move|p2a: Sneasler|Close Combat|p1b: Archaludon\n|-supereffective|p1b: Archaludon|1\n|-damage|p1b: Archaludon|0 fnt\n|-unboost|p2a: Sneasler|def|1\n|-unboost|p2a: Sneasler|spd|1\n|faint|p1b: Archaludon\n|-enditem|p2a: Sneasler|White Herb\n|-clearnegativeboost|p2a: Sneasler|[silent]\n|move|p1a: Pelipper|U-turn|p2b: Tyranitar\n|-supereffective|p2b: Tyranitar|1\n|-damage|p2b: Tyranitar|86/100\n|\n|t:|1776272964\n|switch|p1a: Incineroar|Incineroar, L50, F|100/100|[from] U-turn\n|-ability|p1a: Incineroar|Intimidate|boost\n|-unboost|p2a: Sneasler|atk|1\n|-unboost|p2b: Tyranitar|atk|1\n|move|p2b: Tyranitar|Dragon Dance|p2b: Tyranitar\n|-boost|p2b: Tyranitar|atk|1\n|-boost|p2b: Tyranitar|spe|1\n|\n|-weather|Sandstorm|[upkeep]\n|-damage|p2a: Sneasler|89/100|[from] Sandstorm\n|-damage|p1a: Incineroar|94/100|[from] Sandstorm\n|upkeep\n|\n|t:|1776272975\n|switch|p1b: Gengar|Gengar, L50, M|100/100\n|turn|3\n|\n|t:|1776272992\n|detailschange|p1b: Gengar|Gengar-Mega, L50, M\n|-mega|p1b: Gengar|Gengar|Gengarite\n|detailschange|p2b: Tyranitar|Tyranitar-Mega, L50, M\n|-mega|p2b: Tyranitar|Tyranitar|Tyranitarite\n|move|p1a: Incineroar|Fake Out|p2a: Sneasler\n|-damage|p2a: Sneasler|71/100\n|cant|p2a: Sneasler|flinch\n|move|p1b: Gengar|Perish Song|p1b: Gengar\n|-start|p1a: Incineroar|perish3|[silent]\n|-start|p1b: Gengar|perish3|[silent]\n|-start|p2a: Sneasler|perish3|[silent]\n|-start|p2b: Tyranitar|perish3|[silent]\n|-fieldactivate|move: Perish Song\n|move|p2b: Tyranitar|Rock Slide|p1a: Incineroar|[spread] p1a,p1b\n|-supereffective|p1a: Incineroar|1\n|-damage|p1a: Incineroar|40/100\n|-damage|p1b: Gengar|64/100\n|-enditem|p1a: Incineroar|Sitrus Berry|[eat]\n|-heal|p1a: Incineroar|65/100|[from] item: Sitrus Berry\n|\n|-weather|Sandstorm|[upkeep]\n|-damage|p2a: Sneasler|66/100|[from] Sandstorm\n|-damage|p1b: Gengar|58/100|[from] Sandstorm\n|-damage|p1a: Incineroar|59/100|[from] Sandstorm\n|-start|p2a: Sneasler|perish3\n|-start|p1b: Gengar|perish3\n|-start|p2b: Tyranitar|perish3\n|-start|p1a: Incineroar|perish3\n|upkeep\n|turn|4\n|inactive|highjumpboi has 30 seconds left.\n|\n|t:|1776273024\n|move|p1b: Gengar|Protect|p1b: Gengar\n|-singleturn|p1b: Gengar|Protect\n|move|p2a: Sneasler|Coaching|p2b: Tyranitar\n|-boost|p2b: Tyranitar|atk|1\n|-boost|p2b: Tyranitar|def|1\n|move|p2b: Tyranitar|Knock Off|p1b: Gengar\n|-activate|p1b: Gengar|move: Protect\n|move|p1a: Incineroar|Parting Shot|p2b: Tyranitar\n|-unboost|p2b: Tyranitar|atk|1\n|-unboost|p2b: Tyranitar|spa|1\n|\n|t:|1776273035\n|switch|p1a: Pelipper|Pelipper, L50, F|74/100|[from] Parting Shot\n|-weather|RainDance|[from] ability: Drizzle|[of] p1a: Pelipper\n|\n|-weather|RainDance|[upkeep]\n|-start|p2a: Sneasler|perish2\n|-start|p1b: Gengar|perish2\n|-start|p2b: Tyranitar|perish2\n|upkeep\n|turn|5\n|\n|t:|1776273048\n|move|p2a: Sneasler|Coaching|p2b: Tyranitar\n|-boost|p2b: Tyranitar|atk|1\n|-boost|p2b: Tyranitar|def|1\n|move|p1b: Gengar|Disable|p2b: Tyranitar\n|-start|p2b: Tyranitar|Disable|Knock Off\n|move|p2b: Tyranitar|Rock Slide|p1b: Gengar|[spread] p1a,p1b\n|-supereffective|p1a: Pelipper|1\n|-damage|p1a: Pelipper|0 fnt\n|-damage|p1b: Gengar|0 fnt\n|faint|p1a: Pelipper\n|faint|p1b: Gengar\n|\n|-weather|RainDance|[upkeep]\n|-start|p2a: Sneasler|perish1\n|-start|p2b: Tyranitar|perish1\n|upkeep\n|-message|highjumpboi forfeited.\n|\n|win|dmarin0301\n|raw|highjumpboi's rating: 1082 &rarr; <strong>1063</strong><br />(-19 for losing)\n|raw|dmarin0301's rating: 1141 &rarr; <strong>1162</strong><br />(+21 for winning)\n|l|\u2606highjumpboi\n|player|p1|\n",
  "uploadtime": 1776273071,
  "views": 17,
  "formatid": "gen9championsvgc2026regma",
  "rating": 1063,
  "private": 0,
  "password": null
}