{
  "id": "gen9championsvgc2026regma-2586441112",
  "format": "[Gen 9 Champions] VGC 2026 Reg M-A",
  "players": [
    "FriedToxapexLOL",
    "storm93ita"
  ],
  "log": "|j|\u203dFriedToxapexLOL\n|j|\u2606storm93ita\n|t:|1776434905\n|gametype|doubles\n|player|p1|FriedToxapexLOL|2|1097\n|player|p2|storm93ita|volkner|1083\n|gen|9\n|tier|[Gen 9 Champions] VGC 2026 Reg M-A\n|rated|\n|rule|Species Clause: Limit one of each Pok\u00e9mon\n|rule|Item Clause: Limit 1 of each item\n|clearpoke\n|poke|p1|Slowking, L50, M|\n|poke|p1|Ampharos, L50, F|\n|poke|p1|Crabominable, L50, F|\n|poke|p1|Hatterene, L50, F|\n|poke|p1|Basculegion, L50, M|\n|poke|p1|Politoed, L50, M|\n|poke|p2|Dragonite, L50, F|\n|poke|p2|Basculegion, L50, M|\n|poke|p2|Archaludon, L50, M|\n|poke|p2|Meganium, L50, F|\n|poke|p2|Sneasler, L50, M|\n|poke|p2|Pelipper, L50, M|\n|teampreview|4\n|inactive|Battle timer is ON: inactive players will automatically lose when time's up. (requested by storm93ita)\n|\n|t:|1776434928\n|teamsize|p1|4\n|teamsize|p2|4\n|start\n|switch|p1a: Slowking|Slowking, L50, M, shiny|100/100\n|switch|p1b: Hatterene|Hatterene, L50, F|100/100\n|switch|p2a: Archaludon|Archaludon, L50, M|100/100\n|switch|p2b: Pelipper|Pelipper, L50, M|100/100\n|-weather|RainDance|[from] ability: Drizzle|[of] p2b: Pelipper\n|turn|1\n|\n|t:|1776434948\n|move|p2a: Archaludon|Electro Shot||[still]\n|-prepare|p2a: Archaludon|Electro Shot\n|-boost|p2a: Archaludon|spa|1\n|-anim|p2a: Archaludon|Electro Shot|p1a: Slowking\n|-supereffective|p1a: Slowking|1\n|-damage|p1a: Slowking|0 fnt\n|faint|p1a: Slowking\n|move|p2b: Pelipper|Hurricane|p1b: Hatterene\n|-damage|p1b: Hatterene|61/100\n|move|p1b: Hatterene|Trick Room|p1b: Hatterene\n|-fieldstart|move: Trick Room|[of] p1b: Hatterene\n|\n|-weather|RainDance|[upkeep]\n|upkeep\n|\n|t:|1776434958\n|switch|p1a: Ampharos|Ampharos, L50, F, shiny|100/100\n|turn|2\n|\n|t:|1776434970\n|move|p2b: Pelipper|Protect|p2b: Pelipper\n|-singleturn|p2b: Pelipper|Protect\n|move|p1b: Hatterene|Dazzling Gleam|p2a: Archaludon|[spread] p2a\n|-activate|p2b: Pelipper|move: Protect\n|-crit|p2a: Archaludon\n|-damage|p2a: Archaludon|21/100\n|-ability|p2a: Archaludon|Stamina|boost\n|-boost|p2a: Archaludon|def|1\n|move|p1a: Ampharos|Thunder|p2a: Archaludon\n|-resisted|p2a: Archaludon|1\n|-damage|p2a: Archaludon|0 fnt\n|faint|p2a: Archaludon\n|\n|-weather|RainDance|[upkeep]\n|upkeep\n|\n|t:|1776434983\n|switch|p2a: Meganium|Meganium, L50, F|100/100\n|turn|3\n|\n|t:|1776435002\n|detailschange|p2a: Meganium|Meganium-Mega, L50, F\n|-mega|p2a: Meganium|Meganium|Meganiumite\n|move|p1b: Hatterene|Dazzling Gleam|p2a: Meganium|[spread] p2a,p2b\n|-damage|p2a: Meganium|57/100\n|-damage|p2b: Pelipper|60/100\n|move|p1a: Ampharos|Thunder|p2b: Pelipper\n|-supereffective|p2b: Pelipper|2\n|-damage|p2b: Pelipper|0 fnt\n|faint|p2b: Pelipper\n|move|p2a: Meganium|Dazzling Gleam|p1b: Hatterene|[spread] p1a,p1b\n|-damage|p1a: Ampharos|66/100\n|-damage|p1b: Hatterene|24/100\n|\n|-weather|RainDance|[upkeep]\n|upkeep\n|\n|t:|1776435013\n|switch|p2b: Basculegion|Basculegion, L50, M|100/100\n|turn|4\n|\n|t:|1776435025\n|move|p2b: Basculegion|Aqua Jet|p1b: Hatterene\n|-crit|p1b: Hatterene\n|-damage|p1b: Hatterene|0 fnt\n|faint|p1b: Hatterene\n|move|p1a: Ampharos|Thunder|p2a: Meganium\n|-resisted|p2a: Meganium|1\n|-damage|p2a: Meganium|28/100\n|move|p2a: Meganium|Dazzling Gleam|p1a: Ampharos\n|-damage|p1a: Ampharos|25/100\n|\n|-weather|RainDance|[upkeep]\n|upkeep\n|\n|t:|1776435035\n|switch|p1b: Crabominable|Crabominable, L50, F|100/100\n|turn|5\n|inactive|FriedToxapexLOL has 30 seconds left.\n|inactive|FriedToxapexLOL has 20 seconds left.\n|\n|t:|1776435070\n|detailschange|p1b: Crabominable|Crabominable-Mega, L50, F\n|-mega|p1b: Crabominable|Crabominable|Crabominite\n|move|p2a: Meganium|Protect|p2a: Meganium\n|-singleturn|p2a: Meganium|Protect\n|move|p2b: Basculegion|Aqua Jet|p1a: Ampharos\n|-damage|p1a: Ampharos|0 fnt\n|-status|p2b: Basculegion|par|[from] ability: Static|[of] p1a: Ampharos\n|faint|p1a: Ampharos\n|move|p1b: Crabominable|Ice Hammer|p2a: Meganium\n|-activate|p2a: Meganium|move: Protect\n|\n|-weather|none\n|-fieldend|move: Trick Room\n|upkeep\n|turn|6\n|\n|t:|1776435088\n|move|p2b: Basculegion|Aqua Jet|p1b: Crabominable\n|-damage|p1b: Crabominable|85/100\n|move|p2a: Meganium|Weather Ball|p1b: Crabominable\n|-supereffective|p1b: Crabominable|1\n|-damage|p1b: Crabominable|0 fnt\n|faint|p1b: Crabominable\n|\n|win|storm93ita\n|raw|FriedToxapexLOL's rating: 1097 &rarr; <strong>1071</strong><br />(-26 for losing)\n|raw|storm93ita's rating: 1083 &rarr; <strong>1112</strong><br />(+29 for winning)\n|l|\u203dFriedToxapexLOL\n|player|p1|\n",
  "uploadtime": 1776435096,
  "views": 23,
  "formatid": "gen9championsvgc2026regma",
  "rating": 1071,
  "private": 0,
  "password": null
}