{
  "id": "gen9championsvgc2026regma-2582179168",
  "format": "[Gen 9 Champions] VGC 2026 Reg M-A",
  "players": [
    "lolgz",
    "ant_jams"
  ],
  "log": "|j|\u2606lolgz\n|j|\u2606ant_jams\n|t:|1776068008\n|gametype|doubles\n|player|p1|lolgz|266|1360\n|player|p2|ant_jams|266|1309\n|gen|9\n|tier|[Gen 9 Champions] VGC 2026 Reg M-A\n|rated|\n|rule|Species Clause: Limit one of each Pok\u00e9mon\n|rule|Item Clause: Limit 1 of each item\n|clearpoke\n|poke|p1|Charizard, L50, F|\n|poke|p1|Whimsicott, L50, M|\n|poke|p1|Garchomp, L50, F|\n|poke|p1|Farigiraf, L50, M|\n|poke|p1|Sneasler, L50, M|\n|poke|p1|Floette-Eternal, L50, F|\n|poke|p2|Sableye, L50, F|\n|poke|p2|Glimmora, L50, F|\n|poke|p2|Maushold-Four, L50|\n|poke|p2|Typhlosion-Hisui, L50, F|\n|poke|p2|Sinistcha, L50|\n|poke|p2|Incineroar, L50, M|\n|teampreview|4\n|inactive|Battle timer is ON: inactive players will automatically lose when time's up. (requested by ant_jams)\n|inactive|ant_jams has 60 seconds left.\n|\n|t:|1776068060\n|teamsize|p1|4\n|teamsize|p2|4\n|start\n|switch|p1a: Whimsicott|Whimsicott, L50, M|100/100\n|switch|p1b: Garchomp|Garchomp, L50, F|100/100\n|switch|p2a: Glimmora|Glimmora, L50, F|100/100\n|switch|p2b: Sableye|Sableye, L50, F|100/100\n|turn|1\n|\n|t:|1776068081\n|move|p1a: Whimsicott|Tailwind|p1a: Whimsicott\n|-sidestart|p1: lolgz|move: Tailwind\n|move|p2b: Sableye|Will-O-Wisp|p1b: Garchomp\n|-status|p1b: Garchomp|brn\n|move|p1b: Garchomp|Earthquake|p2b: Sableye|[spread] p1a,p2a,p2b\n|-resisted|p1a: Whimsicott|1\n|-supereffective|p2a: Glimmora|2\n|-crit|p2b: Sableye\n|-damage|p1a: Whimsicott|87/100\n|-damage|p2a: Glimmora|25/100\n|-damage|p2b: Sableye|46/100\n|-activate|p2a: Glimmora|ability: Toxic Debris\n|-sidestart|p1: lolgz|move: Toxic Spikes\n|move|p2a: Glimmora|Mortal Spin|p1a: Whimsicott|[spread] p1a,p1b\n|-supereffective|p1a: Whimsicott|2\n|-resisted|p1b: Garchomp|1\n|-damage|p1a: Whimsicott|60/100\n|-damage|p1b: Garchomp|98/100 brn\n|-status|p1a: Whimsicott|psn\n|-damage|p2a: Glimmora|13/100|[from] ability: Rough Skin|[of] p1b: Garchomp\n|\n|-damage|p1a: Whimsicott|48/100 psn|[from] psn\n|-damage|p1b: Garchomp|92/100 brn|[from] brn\n|upkeep\n|turn|2\n|inactive|lolgz has 30 seconds left.\n|inactive|ant_jams has 30 seconds left.\n|\n|t:|1776068113\n|switch|p2a: Sinistcha|Sinistcha, L50|100/100\n|-heal|p2b: Sableye|71/100|[from] ability: Hospitality|[of] p2a: Sinistcha\n|detailschange|p2b: Sableye|Sableye-Mega, L50, F\n|-mega|p2b: Sableye|Sableye|Sablenite\n|move|p1a: Whimsicott|Tailwind||[still]\n|-fail|p1a: Whimsicott\n|move|p1b: Garchomp|Earthquake|p2a: Sinistcha|[spread] p1a,p2a,p2b\n|-resisted|p1a: Whimsicott|1\n|-resisted|p2a: Sinistcha|1\n|-crit|p2a: Sinistcha\n|-damage|p1a: Whimsicott|34/100 psn\n|-damage|p2a: Sinistcha|91/100\n|-damage|p2b: Sableye|47/100\n|move|p2b: Sableye|Hex|p1b: Garchomp\n|-damage|p1b: Garchomp|28/100 brn\n|\n|-heal|p2a: Sinistcha|97/100|[from] item: Leftovers\n|-damage|p1a: Whimsicott|22/100 psn|[from] psn\n|-damage|p1b: Garchomp|22/100 brn|[from] brn\n|upkeep\n|turn|3\n|inactive|ant_jams has 30 seconds left.\n|\n|t:|1776068144\n|switch|p1b: Floette|Floette-Eternal, L50, F|100/100\n|-status|p1b: Floette|psn\n|move|p1a: Whimsicott|Moonblast|p2b: Sableye\n|-supereffective|p2b: Sableye|1\n|-damage|p2b: Sableye|0 fnt\n|faint|p2b: Sableye\n|move|p2a: Sinistcha|Trick Room|p2a: Sinistcha\n|-fieldstart|move: Trick Room|[of] p2a: Sinistcha\n|\n|-heal|p2a: Sinistcha|100/100|[from] item: Leftovers\n|-damage|p1b: Floette|88/100 psn|[from] psn\n|-damage|p1a: Whimsicott|9/100 psn|[from] psn\n|upkeep\n|j| CARtu348rjf90\n|\n|t:|1776068156\n|switch|p2b: Glimmora|Glimmora, L50, F|13/100\n|turn|4\n|\n|t:|1776068175\n|move|p1b: Floette|Protect|p1b: Floette\n|-singleturn|p1b: Floette|Protect\n|move|p1a: Whimsicott|Encore|p2a: Sinistcha\n|-start|p2a: Sinistcha|Encore\n|move|p2b: Glimmora|Stealth Rock|p1a: Whimsicott\n|-sidestart|p1: lolgz|move: Stealth Rock\n|move|p2a: Sinistcha|Trick Room|p2a: Sinistcha\n|-fieldend|move: Trick Room\n|\n|-damage|p1a: Whimsicott|0 fnt|[from] psn\n|faint|p1a: Whimsicott\n|-damage|p1b: Floette|76/100 psn|[from] psn\n|-sideend|p1: lolgz|move: Tailwind\n|upkeep\n|\n|t:|1776068183\n|switch|p1a: Sneasler|Sneasler, L50, M|100/100\n|-sideend|p1: lolgz|move: Toxic Spikes|[of] p1a: Sneasler\n|-damage|p1a: Sneasler|95/100|[from] Stealth Rock\n|turn|5\n|\n|t:|1776068192\n|switch|p2b: Incineroar|Incineroar, L50, M|100/100\n|-ability|p2b: Incineroar|Intimidate|boost\n|-unboost|p1a: Sneasler|atk|1\n|-unboost|p1b: Floette|atk|1\n|-enditem|p1a: Sneasler|White Herb\n|-clearnegativeboost|p1a: Sneasler|[silent]\n|detailschange|p1b: Floette|Floette-Mega, L50, F\n|-mega|p1b: Floette|Floette|Floettite\n|-ability|p1b: Floette|Fairy Aura\n|move|p1a: Sneasler|Fake Out|p2b: Incineroar\n|-crit|p2b: Incineroar\n|-damage|p2b: Incineroar|81/100\n|move|p1b: Floette|Light of Ruin|p2a: Sinistcha\n|-damage|p2a: Sinistcha|0 fnt\n|faint|p2a: Sinistcha\n|-damage|p1b: Floette|17/100 psn|[from] Recoil\n|\n|-damage|p1b: Floette|5/100 psn|[from] psn\n|upkeep\n|\n|t:|1776068208\n|switch|p2a: Glimmora|Glimmora, L50, F|13/100\n|turn|6\n|inactive|ant_jams has 30 seconds left.\n|inactive|ant_jams has 20 seconds left.\n|\n|t:|1776068246\n|move|p2b: Incineroar|Fake Out|p1a: Sneasler\n|-damage|p1a: Sneasler|78/100\n|cant|p1a: Sneasler|flinch\n|move|p1b: Floette|Moonblast|p2a: Glimmora\n|-resisted|p2a: Glimmora|1\n|-damage|p2a: Glimmora|0 fnt\n|faint|p2a: Glimmora\n|\n|-damage|p1b: Floette|0 fnt|[from] psn\n|faint|p1b: Floette\n|upkeep\n|\n|t:|1776068252\n|switch|p1b: Garchomp|Garchomp, L50, F|22/100 brn\n|-damage|p1b: Garchomp|16/100 brn|[from] Stealth Rock\n|turn|7\n|\n|t:|1776068259\n|move|p1a: Sneasler|Close Combat|p2b: Incineroar\n|-supereffective|p2b: Incineroar|1\n|-damage|p2b: Incineroar|0 fnt\n|-unboost|p1a: Sneasler|def|1\n|-unboost|p1a: Sneasler|spd|1\n|faint|p2b: Incineroar\n|\n|win|lolgz\n|raw|lolgz's rating: 1344 &rarr; <strong>1362</strong><br />(+18 for winning)\n|raw|ant_jams's rating: 1309 &rarr; <strong>1291</strong><br />(-18 for losing)\n|l|\u2606ant_jams\n|player|p2|\n|l|\u2606lolgz\n|player|p1|\n",
  "uploadtime": 1776068259,
  "views": 18,
  "formatid": "gen9championsvgc2026regma",
  "rating": 1291,
  "private": 0,
  "password": null
}