{
  "id": "gen9championsvgc2026regma-2583288607",
  "format": "[Gen 9 Champions] VGC 2026 Reg M-A",
  "players": [
    "vnunesp12",
    "donladbalk"
  ],
  "log": "|j|\u2606vnunesp12\n|j|\u2606donladbalk\n|t:|1776163506\n|gametype|doubles\n|player|p1|vnunesp12|red|1076\n|player|p2|donladbalk|169|1153\n|gen|9\n|tier|[Gen 9 Champions] VGC 2026 Reg M-A\n|rated|\n|rule|Species Clause: Limit one of each Pok\u00e9mon\n|rule|Item Clause: Limit 1 of each item\n|clearpoke\n|poke|p1|Manectric, L50, M|\n|poke|p1|Pelipper, L50, M|\n|poke|p1|Sinistcha, L50|\n|poke|p1|Basculegion, L50, M|\n|poke|p1|Sneasler, L50, F|\n|poke|p1|Kingambit, L50, F|\n|poke|p2|Ceruledge, L50, M|\n|poke|p2|Aggron, L50, F|\n|poke|p2|Rotom-Wash, L50|\n|poke|p2|Primarina, L50, F|\n|poke|p2|Sinistcha, L50|\n|poke|p2|Ninetales, L50, F|\n|teampreview|4\n|c|\u2606donladbalk|glhf\n|c|\u2606donladbalk|cool team!  love the manetric!\n|inactive|Battle timer is ON: inactive players will automatically lose when time's up. (requested by vnunesp12)\n|inactive|vnunesp12 has 60 seconds left.\n|inactive|donladbalk has 60 seconds left.\n|\n|t:|1776163570\n|teamsize|p1|4\n|teamsize|p2|4\n|start\n|switch|p1a: Erick|Kingambit, L50, F|100/100\n|switch|p1b: Luciano Juba|Manectric, L50, M|100/100\n|switch|p2a: Primarina|Primarina, L50, F|100/100\n|switch|p2b: Aggron|Aggron, L50, F|100/100\n|turn|1\n|inactive|vnunesp12 has 30 seconds left.\n|inactive|donladbalk has 30 seconds left.\n|\n|t:|1776163607\n|detailschange|p1b: Luciano Juba|Manectric-Mega, L50, M\n|-mega|p1b: Luciano Juba|Manectric|Manectite\n|-ability|p1b: Luciano Juba|Intimidate|boost\n|-unboost|p2a: Primarina|atk|1\n|-unboost|p2b: Aggron|atk|1\n|detailschange|p2b: Aggron|Aggron-Mega, L50, F\n|-mega|p2b: Aggron|Aggron|Aggronite\n|move|p2a: Primarina|Protect|p2a: Primarina\n|-singleturn|p2a: Primarina|Protect\n|move|p1b: Luciano Juba|Volt Switch|p2a: Primarina\n|-activate|p2a: Primarina|move: Protect\n|move|p1a: Erick|Iron Head|p2a: Primarina\n|-activate|p2a: Primarina|move: Protect\n|move|p2b: Aggron|Body Press|p1b: Luciano Juba\n|-damage|p1b: Luciano Juba|48/100\n|\n|upkeep\n|turn|2\n|inactive|vnunesp12 has 30 seconds left.\n|\n|t:|1776163635\n|switch|p2a: Sinistcha|Sinistcha, L50|100/100\n|move|p1b: Luciano Juba|Volt Switch|p2a: Sinistcha\n|-resisted|p2a: Sinistcha|1\n|-damage|p2a: Sinistcha|75/100\n|\n|t:|1776163644\n|switch|p1b: Pulga|Sneasler, L50, F|100/100|[from] Volt Switch\n|move|p1a: Erick|Iron Head|p2a: Sinistcha\n|-damage|p2a: Sinistcha|44/100\n|move|p2b: Aggron|Body Press|p1a: Erick\n|-supereffective|p1a: Erick|2\n|-damage|p1a: Erick|0 fnt\n|faint|p1a: Erick\n|\n|upkeep\n|\n|t:|1776163661\n|switch|p1a: Luciano Juba|Manectric-Mega, L50, M|48/100\n|-ability|p1a: Luciano Juba|Intimidate|boost\n|-unboost|p2a: Sinistcha|atk|1\n|-unboost|p2b: Aggron|atk|1\n|turn|3\n|inactive|vnunesp12 has 30 seconds left.\n|\n|t:|1776163688\n|move|p1a: Luciano Juba|Flamethrower|p2a: Sinistcha\n|-supereffective|p2a: Sinistcha|1\n|-damage|p2a: Sinistcha|0 fnt\n|faint|p2a: Sinistcha\n|move|p1b: Pulga|Close Combat|p2b: Aggron\n|-supereffective|p2b: Aggron|1\n|-damage|p2b: Aggron|59/100\n|-unboost|p1b: Pulga|def|1\n|-unboost|p1b: Pulga|spd|1\n|-enditem|p1b: Pulga|White Herb\n|-clearnegativeboost|p1b: Pulga|[silent]\n|move|p2b: Aggron|Body Press|p1a: Luciano Juba\n|-damage|p1a: Luciano Juba|0 fnt\n|faint|p1a: Luciano Juba\n|\n|upkeep\n|\n|t:|1776163704\n|switch|p1a: \u00c9verton Ribeiro|Pelipper, L50, M|100/100\n|switch|p2a: Ninetales|Ninetales, L50, F|100/100\n|-weather|SunnyDay|[from] ability: Drought|[of] p2a: Ninetales\n|-weather|RainDance|[from] ability: Drizzle|[of] p1a: \u00c9verton Ribeiro\n|turn|4\n|\n|t:|1776163723\n|switch|p2a: Primarina|Primarina, L50, F|100/100\n|move|p2b: Aggron|Protect|p2b: Aggron\n|-singleturn|p2b: Aggron|Protect\n|move|p1b: Pulga|Close Combat|p2b: Aggron\n|-activate|p2b: Aggron|move: Protect\n|move|p1a: \u00c9verton Ribeiro|Weather Ball|p2a: Primarina\n|-resisted|p2a: Primarina|1\n|-damage|p2a: Primarina|79/100\n|\n|-weather|RainDance|[upkeep]\n|-heal|p2a: Primarina|84/100|[from] item: Leftovers\n|upkeep\n|turn|5\n|inactive|vnunesp12 has 30 seconds left.\n|inactive|donladbalk has 30 seconds left.\n|inactive|vnunesp12 has 20 seconds left.\n|\n|t:|1776163758\n|switch|p2b: Ninetales|Ninetales, L50, F|100/100\n|-weather|SunnyDay|[from] ability: Drought|[of] p2b: Ninetales\n|move|p1b: Pulga|Close Combat|p2b: Ninetales\n|-damage|p2b: Ninetales|8/100\n|-unboost|p1b: Pulga|def|1\n|-unboost|p1b: Pulga|spd|1\n|move|p1a: \u00c9verton Ribeiro|Weather Ball|p2b: Ninetales\n|-resisted|p2b: Ninetales|1\n|-damage|p2b: Ninetales|0 fnt\n|faint|p2b: Ninetales\n|move|p2a: Primarina|Moonblast|p1b: Pulga\n|-damage|p1b: Pulga|17/100\n|\n|-weather|SunnyDay|[upkeep]\n|-heal|p2a: Primarina|90/100|[from] item: Leftovers\n|upkeep\n|\n|t:|1776163774\n|switch|p2b: Aggron|Aggron-Mega, L50, F|59/100\n|turn|6\n|\n|t:|1776163791\n|move|p2b: Aggron|Protect|p2b: Aggron\n|-singleturn|p2b: Aggron|Protect\n|move|p1b: Pulga|Dire Claw|p2a: Primarina\n|-supereffective|p2a: Primarina|1\n|-damage|p2a: Primarina|0 fnt\n|faint|p2a: Primarina\n|move|p1a: \u00c9verton Ribeiro|Weather Ball|p2b: Aggron\n|-activate|p2b: Aggron|move: Protect\n|\n|-weather|SunnyDay|[upkeep]\n|upkeep\n|turn|7\n|-message|donladbalk forfeited.\n|\n|win|vnunesp12\n|raw|vnunesp12's rating: 1076 &rarr; <strong>1111</strong><br />(+35 for winning)\n|raw|donladbalk's rating: 1153 &rarr; <strong>1123</strong><br />(-30 for losing)\n|l|\u2606donladbalk\n|player|p2|\n",
  "uploadtime": 1776163853,
  "views": 19,
  "formatid": "gen9championsvgc2026regma",
  "rating": 1111,
  "private": 0,
  "password": null
}