{
  "id": "gen9championsvgc2026regma-2583734751",
  "format": "[Gen 9 Champions] VGC 2026 Reg M-A",
  "players": [
    "iron cornbreads",
    "SimMikaze"
  ],
  "log": "|j|\u2606iron cornbreads\n|j|\u2606SimMikaze\n|t:|1776194094\n|gametype|doubles\n|player|p1|iron cornbreads|n-masters3|1475\n|player|p2|SimMikaze|miku-ghost|1371\n|gen|9\n|tier|[Gen 9 Champions] VGC 2026 Reg M-A\n|rated|\n|rule|Species Clause: Limit one of each Pok\u00e9mon\n|rule|Item Clause: Limit 1 of each item\n|clearpoke\n|poke|p1|Primarina, L50, M|\n|poke|p1|Sinistcha, L50|\n|poke|p1|Drampa, L50, F|\n|poke|p1|Incineroar, L50, M|\n|poke|p1|Gallade, L50, M|\n|poke|p1|Skarmory, L50, F|\n|poke|p2|Aggron, L50, M|\n|poke|p2|Alakazam, L50, M|\n|poke|p2|Sinistcha, L50|\n|poke|p2|Politoed, L50, F|\n|poke|p2|Incineroar, L50, M|\n|poke|p2|Gengar, L50, M|\n|teampreview|4\n|\n|t:|1776194184\n|teamsize|p1|4\n|teamsize|p2|4\n|start\n|switch|p1a: Drampa|Drampa, L50, F|100/100\n|switch|p1b: Incineroar|Incineroar, L50, M|100/100\n|switch|p2a: Aggron|Aggron, L50, M|100/100\n|switch|p2b: Alakazam|Alakazam, L50, M|100/100\n|-ability|p1b: Incineroar|Intimidate|boost\n|-unboost|p2a: Aggron|atk|1\n|-fail|p2b: Alakazam|unboost|Attack|[from] ability: Inner Focus|[of] p2b: Alakazam\n|-ability|p1a: Drampa|Cloud Nine\n|turn|1\n|j| sileshar\n|\n|t:|1776194232\n|detailschange|p1a: Drampa|Drampa-Mega, L50, F\n|-mega|p1a: Drampa|Drampa|Drampanite\n|move|p2a: Aggron|Protect|p2a: Aggron\n|-singleturn|p2a: Aggron|Protect\n|move|p1b: Incineroar|Fake Out|p2a: Aggron\n|-activate|p2a: Aggron|move: Protect\n|move|p2b: Alakazam|Light Screen|p2b: Alakazam\n|-sidestart|p2: SimMikaze|move: Light Screen\n|move|p1a: Drampa|Calm Mind|p1a: Drampa\n|-boost|p1a: Drampa|spa|1\n|-boost|p1a: Drampa|spd|1\n|\n|upkeep\n|turn|2\n|\n|t:|1776194258\n|detailschange|p2a: Aggron|Aggron-Mega, L50, M\n|-mega|p2a: Aggron|Aggron|Aggronite\n|move|p1a: Drampa|Protect|p1a: Drampa\n|-singleturn|p1a: Drampa|Protect\n|move|p2b: Alakazam|Speed Swap|p2a: Aggron\n|-activate|p2b: Alakazam|move: Speed Swap|[of] p2a: Aggron\n|move|p2a: Aggron|Iron Defense|p2a: Aggron\n|-boost|p2a: Aggron|def|2\n|move|p1b: Incineroar|Parting Shot|p2b: Alakazam\n|-unboost|p2b: Alakazam|atk|1\n|-unboost|p2b: Alakazam|spa|1\n|\n|t:|1776194270\n|switch|p1b: Sinistcha|Sinistcha, L50|100/100|[from] Parting Shot\n|\n|upkeep\n|turn|3\n|\n|t:|1776194300\n|switch|p2b: Incineroar|Incineroar, L50, M, shiny|100/100\n|-ability|p2b: Incineroar|Intimidate|boost\n|-unboost|p1a: Drampa|atk|1\n|-unboost|p1b: Sinistcha|atk|1\n|move|p2a: Aggron|Protect|p2a: Aggron\n|-singleturn|p2a: Aggron|Protect\n|move|p1b: Sinistcha|Rage Powder|p1b: Sinistcha\n|-singleturn|p1b: Sinistcha|move: Rage Powder\n|move|p1a: Drampa|Calm Mind|p1a: Drampa\n|-boost|p1a: Drampa|spa|1\n|-boost|p1a: Drampa|spd|1\n|\n|upkeep\n|turn|4\n|c|\u2606iron cornbreads|the wall!\n|\n|t:|1776194324\n|switch|p1b: Incineroar|Incineroar, L50, M|100/100\n|-ability|p1b: Incineroar|Intimidate|boost\n|-unboost|p2a: Aggron|atk|1\n|-unboost|p2b: Incineroar|atk|1\n|move|p1a: Drampa|Protect|p1a: Drampa\n|-singleturn|p1a: Drampa|Protect\n|move|p2a: Aggron|Heavy Slam|p1a: Drampa\n|-activate|p1a: Drampa|move: Protect\n|move|p2b: Incineroar|Throat Chop|p1a: Drampa\n|-activate|p1a: Drampa|move: Protect\n|\n|upkeep\n|turn|5\n|\n|t:|1776194345\n|switch|p1b: Sinistcha|Sinistcha, L50|100/100\n|move|p2a: Aggron|Protect|p2a: Aggron\n|-singleturn|p2a: Aggron|Protect\n|move|p2b: Incineroar|Parting Shot|p1a: Drampa\n|-unboost|p1a: Drampa|atk|1\n|-unboost|p1a: Drampa|spa|1\n|\n|t:|1776194354\n|switch|p2b: Politoed|Politoed, L50, F|100/100|[from] Parting Shot\n|-weather|RainDance|[from] ability: Drizzle|[of] p2b: Politoed\n|move|p1a: Drampa|Calm Mind|p1a: Drampa\n|-boost|p1a: Drampa|spa|1\n|-boost|p1a: Drampa|spd|1\n|\n|-weather|RainDance|[upkeep]\n|-sideend|p2: SimMikaze|move: Light Screen\n|upkeep\n|turn|6\n|\n|t:|1776194370\n|move|p1a: Drampa|Protect|p1a: Drampa\n|-singleturn|p1a: Drampa|Protect\n|move|p2a: Aggron|Iron Defense|p2a: Aggron\n|-boost|p2a: Aggron|def|2\n|move|p2b: Politoed|Perish Song|p2b: Politoed\n|-start|p1a: Drampa|perish3|[silent]\n|-start|p1b: Sinistcha|perish3|[silent]\n|-start|p2a: Aggron|perish3|[silent]\n|-start|p2b: Politoed|perish3|[silent]\n|-fieldactivate|move: Perish Song\n|move|p1b: Sinistcha|Trick Room|p1b: Sinistcha\n|-fieldstart|move: Trick Room|[of] p1b: Sinistcha\n|\n|-weather|RainDance|[upkeep]\n|-start|p1a: Drampa|perish3\n|-start|p1b: Sinistcha|perish3\n|-start|p2b: Politoed|perish3\n|-start|p2a: Aggron|perish3\n|upkeep\n|turn|7\n|\n|t:|1776194409\n|move|p2b: Politoed|Protect|p2b: Politoed\n|-singleturn|p2b: Politoed|Protect\n|move|p2a: Aggron|Protect|p2a: Aggron\n|-singleturn|p2a: Aggron|Protect\n|move|p1a: Drampa|Hyper Voice|p2a: Aggron|[spread] \n|-activate|p2a: Aggron|move: Protect\n|-activate|p2b: Politoed|move: Protect\n|move|p1b: Sinistcha|Matcha Gotcha|p2b: Politoed|[spread] \n|-activate|p2a: Aggron|move: Protect\n|-activate|p2b: Politoed|move: Protect\n|\n|-weather|RainDance|[upkeep]\n|-start|p1a: Drampa|perish2\n|-start|p1b: Sinistcha|perish2\n|-start|p2b: Politoed|perish2\n|-start|p2a: Aggron|perish2\n|upkeep\n|turn|8\n|\n|t:|1776194442\n|switch|p2b: Incineroar|Incineroar, L50, M, shiny|100/100\n|-ability|p2b: Incineroar|Intimidate|boost\n|-unboost|p1a: Drampa|atk|1\n|-unboost|p1b: Sinistcha|atk|1\n|move|p1a: Drampa|Earth Power|p2a: Aggron\n|-supereffective|p2a: Aggron|1\n|-damage|p2a: Aggron|7/100\n|move|p1b: Sinistcha|Matcha Gotcha|p2a: Aggron|[spread] p2a,p2b\n|-resisted|p2a: Aggron|1\n|-resisted|p2b: Incineroar|1\n|-damage|p2a: Aggron|0 fnt\n|-damage|p2b: Incineroar|90/100\n|faint|p2a: Aggron\n|\n|-weather|RainDance|[upkeep]\n|-start|p1a: Drampa|perish1\n|-start|p1b: Sinistcha|perish1\n|upkeep\n|\n|t:|1776194459\n|switch|p2a: Alakazam|Alakazam, L50, M|100/100\n|turn|9\n|\n|t:|1776194471\n|switch|p1a: Incineroar|Incineroar, L50, M|100/100\n|-ability|p1a: Incineroar|Intimidate|boost\n|-fail|p2a: Alakazam|unboost|Attack|[from] ability: Inner Focus|[of] p2a: Alakazam\n|-unboost|p2b: Incineroar|atk|1\n|switch|p1b: Primarina|Primarina, L50, M, shiny|100/100\n|move|p2b: Incineroar|Parting Shot|p1a: Incineroar\n|-unboost|p1a: Incineroar|atk|1\n|-unboost|p1a: Incineroar|spa|1\n|\n|t:|1776194481\n|switch|p2b: Politoed|Politoed, L50, F|100/100|[from] Parting Shot\n|move|p2a: Alakazam|Psychic|p1b: Primarina\n|-damage|p1b: Primarina|65/100\n|\n|-weather|none\n|-heal|p1b: Primarina|71/100|[from] item: Leftovers\n|upkeep\n|turn|10\n|\n|t:|1776194495\n|move|p2b: Politoed|Protect|p2b: Politoed\n|-singleturn|p2b: Politoed|Protect\n|move|p1a: Incineroar|Fake Out|p2b: Politoed\n|-activate|p2b: Politoed|move: Protect\n|move|p1b: Primarina|Calm Mind|p1b: Primarina\n|-boost|p1b: Primarina|spa|1\n|-boost|p1b: Primarina|spd|1\n|move|p2a: Alakazam|Psychic|p1b: Primarina\n|-damage|p1b: Primarina|48/100\n|\n|-heal|p1b: Primarina|54/100|[from] item: Leftovers\n|-fieldend|move: Trick Room\n|upkeep\n|turn|11\n|\n|t:|1776194504\n|move|p2a: Alakazam|Psychic|p1b: Primarina\n|-damage|p1b: Primarina|32/100\n|move|p2b: Politoed|Perish Song|p2b: Politoed\n|-start|p1a: Incineroar|perish3|[silent]\n|-start|p1b: Primarina|perish3|[silent]\n|-start|p2a: Alakazam|perish3|[silent]\n|-start|p2b: Politoed|perish3|[silent]\n|-fieldactivate|move: Perish Song\n|move|p1a: Incineroar|Throat Chop|p2a: Alakazam\n|-supereffective|p2a: Alakazam|1\n|-damage|p2a: Alakazam|7/100\n|-start|p2a: Alakazam|Throat Chop|[silent]\n|move|p1b: Primarina|Hyper Voice|p2a: Alakazam|[spread] p2a,p2b\n|-resisted|p2b: Politoed|1\n|-damage|p2a: Alakazam|0 fnt\n|-damage|p2b: Politoed|76/100\n|faint|p2a: Alakazam\n|\n|-heal|p2b: Politoed|82/100|[from] item: Leftovers\n|-heal|p1b: Primarina|37/100|[from] item: Leftovers\n|-start|p2b: Politoed|perish3\n|-start|p1a: Incineroar|perish3\n|-start|p1b: Primarina|perish3\n|upkeep\n|\n|t:|1776194509\n|switch|p2a: Incineroar|Incineroar, L50, M, shiny|90/100\n|-ability|p2a: Incineroar|Intimidate|boost\n|-unboost|p1a: Incineroar|atk|1\n|-unboost|p1b: Primarina|atk|1\n|turn|12\n|\n|t:|1776194527\n|move|p2b: Politoed|Protect|p2b: Politoed\n|-singleturn|p2b: Politoed|Protect\n|move|p2a: Incineroar|Protect|p2a: Incineroar\n|-singleturn|p2a: Incineroar|Protect\n|move|p1b: Primarina|Protect|p1b: Primarina\n|-singleturn|p1b: Primarina|Protect\n|move|p1a: Incineroar|Parting Shot|p2a: Incineroar\n|-activate|p2a: Incineroar|move: Protect\n|\n|-heal|p2b: Politoed|88/100|[from] item: Leftovers\n|-heal|p1b: Primarina|43/100|[from] item: Leftovers\n|-start|p2b: Politoed|perish2\n|-start|p1a: Incineroar|perish2\n|-start|p1b: Primarina|perish2\n|upkeep\n|turn|13\n|\n|t:|1776194538\n|switch|p1a: Sinistcha|Sinistcha, L50|100/100\n|-heal|p1b: Primarina|68/100|[from] ability: Hospitality|[of] p1a: Sinistcha\n|move|p2b: Politoed|Encore|p1b: Primarina\n|-start|p1b: Primarina|Encore\n|move|p1b: Primarina|Protect||[still]\n|-fail|p1b: Primarina\n|move|p2a: Incineroar|Throat Chop|p1b: Primarina\n|-resisted|p1b: Primarina|1\n|-damage|p1b: Primarina|49/100\n|-start|p1b: Primarina|Throat Chop|[silent]\n|\n|-heal|p2b: Politoed|94/100|[from] item: Leftovers\n|-heal|p1b: Primarina|55/100|[from] item: Leftovers\n|-start|p2b: Politoed|perish1\n|-start|p1b: Primarina|perish1\n|upkeep\n|turn|14\n|\n|t:|1776194553\n|switch|p1b: Incineroar|Incineroar, L50, M|100/100\n|-ability|p1b: Incineroar|Intimidate|boost\n|-unboost|p2a: Incineroar|atk|1\n|-unboost|p2b: Politoed|atk|1\n|move|p2a: Incineroar|Protect|p2a: Incineroar\n|-singleturn|p2a: Incineroar|Protect\n|move|p2b: Politoed|Perish Song|p2b: Politoed\n|-start|p1a: Sinistcha|perish3|[silent]\n|-start|p1b: Incineroar|perish3|[silent]\n|-start|p2a: Incineroar|perish3|[silent]\n|-fieldactivate|move: Perish Song\n|move|p1a: Sinistcha|Matcha Gotcha|p2b: Politoed|[spread] p2b\n|-activate|p2a: Incineroar|move: Protect\n|-supereffective|p2b: Politoed|1\n|-damage|p2b: Politoed|52/100\n|\n|-heal|p2b: Politoed|58/100|[from] item: Leftovers\n|-start|p2b: Politoed|perish0\n|-start|p2a: Incineroar|perish3\n|faint|p2b: Politoed\n|-start|p1a: Sinistcha|perish3\n|-start|p1b: Incineroar|perish3\n|upkeep\n|turn|15\n|-message|SimMikaze forfeited.\n|\n|win|iron cornbreads\n|raw|iron cornbreads's rating: 1475 &rarr; <strong>1489</strong><br />(+14 for winning)\n|raw|SimMikaze's rating: 1371 &rarr; <strong>1357</strong><br />(-14 for losing)\n",
  "uploadtime": 1776194562,
  "views": 29,
  "formatid": "gen9championsvgc2026regma",
  "rating": 1357,
  "private": 0,
  "password": null
}