{
  "id": "gen9championsvgc2026regma-2587904343",
  "format": "[Gen 9 Champions] VGC 2026 Reg M-A",
  "players": [
    "Adroin",
    "brojonski"
  ],
  "log": "|j|\u2606Adroin\n|j|\u2606brojonski\n|t:|1776577001\n|gametype|doubles\n|player|p1|Adroin|hilbert|1289\n|player|p2|brojonski|brock|1345\n|gen|9\n|tier|[Gen 9 Champions] VGC 2026 Reg M-A\n|rated|\n|rule|Species Clause: Limit one of each Pok\u00e9mon\n|rule|Item Clause: Limit 1 of each item\n|clearpoke\n|poke|p1|Samurott-Hisui, L50, M, shiny|\n|poke|p1|Talonflame, L50, F|\n|poke|p1|Milotic, L50, F|\n|poke|p1|Froslass, L50, F|\n|poke|p1|Arcanine-Hisui, L50, M|\n|poke|p1|Garchomp, L50, F|\n|poke|p2|Kingambit, L50, F|\n|poke|p2|Rotom-Frost, L50|\n|poke|p2|Empoleon, L50, M|\n|poke|p2|Incineroar, L50, F|\n|poke|p2|Froslass, L50, F|\n|poke|p2|Garchomp, L50, F|\n|teampreview|4\n|inactive|Battle timer is ON: inactive players will automatically lose when time's up. (requested by brojonski)\n|inactive|Adroin also wants the timer to be on.\n|inactive|brojonski has 60 seconds left.\n|\n|t:|1776577033\n|teamsize|p1|4\n|teamsize|p2|4\n|start\n|switch|p1a: Milotic|Milotic, L50, F|100/100\n|switch|p1b: Talonflame|Talonflame, L50, F|100/100\n|switch|p2a: Rotom|Rotom-Frost, L50|100/100\n|switch|p2b: Froslass|Froslass, L50, F|100/100\n|turn|1\n|inactive|brojonski has 30 seconds left.\n|inactive|brojonski has 20 seconds left.\n|inactive|brojonski has 15 seconds left.\n|\n|t:|1776577078\n|detailschange|p2b: Froslass|Froslass-Mega, L50, F\n|-mega|p2b: Froslass|Froslass|Froslassite\n|-weather|Snowscape|[from] ability: Snow Warning|[of] p2b: Froslass\n|move|p1b: Talonflame|Protect|p1b: Talonflame\n|-singleturn|p1b: Talonflame|Protect\n|move|p2a: Rotom|Volt Switch|p1a: Milotic\n|-supereffective|p1a: Milotic|1\n|-damage|p1a: Milotic|49/100\n|\n|t:|1776577088\n|switch|p2a: Empoleon|Empoleon, L50, M|100/100|[from] Volt Switch\n|move|p2b: Froslass|Blizzard|p1a: Milotic|[spread] p1a\n|-activate|p1b: Talonflame|move: Protect\n|-resisted|p1a: Milotic|1\n|-damage|p1a: Milotic|31/100\n|move|p1a: Milotic|Icy Wind|p2a: Empoleon|[spread] p2a,p2b\n|-resisted|p2a: Empoleon|2\n|-resisted|p2b: Froslass|1\n|-damage|p2a: Empoleon|97/100\n|-damage|p2b: Froslass|93/100\n|-unboost|p2a: Empoleon|spe|1\n|-ability|p2a: Empoleon|Competitive|boost\n|-boost|p2a: Empoleon|spa|2\n|-unboost|p2b: Froslass|spe|1\n|\n|-weather|Snowscape|[upkeep]\n|-heal|p1a: Milotic|37/100|[from] item: Leftovers\n|-heal|p2a: Empoleon|100/100|[from] item: Leftovers\n|upkeep\n|turn|2\n|inactive|brojonski has 30 seconds left.\n|inactive|brojonski has 20 seconds left.\n|inactive|brojonski has 15 seconds left.\n|inactive|brojonski has 10 seconds left.\n|\n|t:|1776577136\n|move|p1b: Talonflame|Dual Wingbeat|p2b: Froslass\n|-damage|p2b: Froslass|77/100\n|-damage|p2b: Froslass|58/100\n|-hitcount|p2b: Froslass|2\n|move|p2b: Froslass|Shadow Ball|p1a: Milotic\n|-damage|p1a: Milotic|0 fnt\n|faint|p1a: Milotic\n|move|p2a: Empoleon|Water Pulse|p1b: Talonflame\n|-supereffective|p1b: Talonflame|1\n|-enditem|p1b: Talonflame|Focus Sash\n|-damage|p1b: Talonflame|1/100\n|\n|-weather|Snowscape|[upkeep]\n|upkeep\n|\n|t:|1776577147\n|switch|p1a: Arcanine|Arcanine-Hisui, L50, M|100/100\n|turn|3\n|\n|t:|1776577156\n|move|p2b: Froslass|Protect|p2b: Froslass\n|-singleturn|p2b: Froslass|Protect\n|move|p1a: Arcanine|Wild Charge|p2a: Empoleon\n|-supereffective|p2a: Empoleon|1\n|-damage|p2a: Empoleon|44/100\n|move|p1b: Talonflame|Tailwind|p1b: Talonflame\n|-sidestart|p1: Adroin|move: Tailwind\n|move|p2a: Empoleon|Water Pulse|p1a: Arcanine\n|-supereffective|p1a: Arcanine|2\n|-damage|p1a: Arcanine|0 fnt\n|faint|p1a: Arcanine\n|\n|-weather|Snowscape|[upkeep]\n|-heal|p2a: Empoleon|50/100|[from] item: Leftovers\n|upkeep\n|\n|t:|1776577164\n|switch|p1a: Samurott|Samurott-Hisui, L50, M, shiny|100/100\n|turn|4\n|\n|t:|1776577179\n|move|p1b: Talonflame|Dual Wingbeat|p2b: Froslass\n|-damage|p2b: Froslass|41/100\n|-crit|p2b: Froslass\n|-damage|p2b: Froslass|17/100\n|-hitcount|p2b: Froslass|2\n|move|p1a: Samurott|Sacred Sword|p2a: Empoleon\n|-supereffective|p2a: Empoleon|1\n|-crit|p2a: Empoleon\n|-damage|p2a: Empoleon|0 fnt\n|faint|p2a: Empoleon\n|move|p2b: Froslass|Aurora Veil|p2b: Froslass\n|-sidestart|p2: brojonski|move: Aurora Veil\n|\n|-weather|Snowscape|[upkeep]\n|upkeep\n|\n|t:|1776577194\n|switch|p2a: Garchomp|Garchomp, L50, F|100/100\n|turn|5\n|-message|Adroin forfeited.\n|\n|win|brojonski\n|raw|Adroin's rating: 1289 &rarr; <strong>1268</strong><br />(-21 for losing)\n|raw|brojonski's rating: 1345 &rarr; <strong>1362</strong><br />(+17 for winning)\n|l|\u2606Adroin\n|player|p1|\n",
  "uploadtime": 1776577203,
  "views": 15,
  "formatid": "gen9championsvgc2026regma",
  "rating": 1268,
  "private": 0,
  "password": null
}