{
  "id": "gen9championsvgc2026regma-2581838178",
  "format": "[Gen 9 Champions] VGC 2026 Reg M-A",
  "players": [
    "AquaticPanic",
    "dodoce12345"
  ],
  "log": "|j|\u2606AquaticPanic\n|j|\u2606dodoce12345\n|t:|1776032564\n|gametype|doubles\n|player|p1|AquaticPanic|265|1177\n|player|p2|dodoce12345|101|1275\n|gen|9\n|tier|[Gen 9 Champions] VGC 2026 Reg M-A\n|rated|\n|rule|Species Clause: Limit one of each Pok\u00e9mon\n|rule|Item Clause: Limit 1 of each item\n|clearpoke\n|poke|p1|Gengar, L50, F|\n|poke|p1|Whimsicott, L50, F|\n|poke|p1|Incineroar, L50, F|\n|poke|p1|Sinistcha, L50|\n|poke|p1|Sneasler, L50, M|\n|poke|p1|Meowscarada, L50, F|\n|poke|p2|Incineroar, L50, M|\n|poke|p2|Sinistcha, L50|\n|poke|p2|Dragonite, L50, M|\n|poke|p2|Archaludon, L50, M|\n|poke|p2|Pelipper, L50, M|\n|poke|p2|Chimecho, L50, F|\n|teampreview|4\n|\n|t:|1776032593\n|teamsize|p1|4\n|teamsize|p2|4\n|start\n|switch|p1a: Sneasler|Sneasler, L50, M|100/100\n|switch|p1b: Meowscarada|Meowscarada, L50, F|100/100\n|switch|p2a: Dragonite|Dragonite, L50, M, shiny|100/100\n|switch|p2b: Archaludon|Archaludon, L50, M|100/100\n|turn|1\n|\n|t:|1776032618\n|move|p2b: Archaludon|Protect|p2b: Archaludon\n|-singleturn|p2b: Archaludon|Protect\n|move|p1a: Sneasler|Fake Out|p2a: Dragonite\n|-damage|p2a: Dragonite|84/100\n|move|p1b: Meowscarada|Trick|p2b: Archaludon\n|-start|p1b: Meowscarada|typechange|Psychic|[from] ability: Protean\n|-activate|p2b: Archaludon|move: Protect\n|move|p2a: Dragonite|Tailwind|p2a: Dragonite\n|-sidestart|p2: dodoce12345|move: Tailwind\n|\n|upkeep\n|turn|2\n|\n|t:|1776032634\n|switch|p2b: Pelipper|Pelipper, L50, M|100/100\n|-weather|RainDance|[from] ability: Drizzle|[of] p2b: Pelipper\n|detailschange|p2a: Dragonite|Dragonite-Mega, L50, M, shiny\n|-mega|p2a: Dragonite|Dragonite|Dragoninite\n|move|p2a: Dragonite|Hurricane|p1a: Sneasler\n|-supereffective|p1a: Sneasler|1\n|-damage|p1a: Sneasler|0 fnt\n|faint|p1a: Sneasler\n|move|p1b: Meowscarada|Trick|p2b: Pelipper\n|-activate|p1b: Meowscarada|move: Trick|[of] p2b: Pelipper\n|-item|p2b: Pelipper|Choice Scarf|[from] move: Trick\n|-item|p1b: Meowscarada|Focus Sash|[from] move: Trick\n|\n|-weather|RainDance|[upkeep]\n|upkeep\n|\n|t:|1776032651\n|switch|p1a: Gengar|Gengar, L50, F|100/100\n|turn|3\n|\n|t:|1776032672\n|detailschange|p1a: Gengar|Gengar-Mega, L50, F\n|-mega|p1a: Gengar|Gengar|Gengarite\n|move|p1a: Gengar|Protect|p1a: Gengar\n|-singleturn|p1a: Gengar|Protect\n|move|p2a: Dragonite|Hurricane|p1a: Gengar\n|-activate|p1a: Gengar|move: Protect\n|move|p2b: Pelipper|Hurricane|p1b: Meowscarada\n|-damage|p1b: Meowscarada|46/100\n|-start|p1b: Meowscarada|confusion\n|-activate|p1b: Meowscarada|confusion\n|move|p1b: Meowscarada|U-turn|p2a: Dragonite\n|-resisted|p2a: Dragonite|1\n|-crit|p2a: Dragonite\n|-damage|p2a: Dragonite|69/100\n|\n|t:|1776032686\n|switch|p1b: Whimsicott|Whimsicott, L50, F|100/100|[from] U-turn\n|\n|-weather|RainDance|[upkeep]\n|upkeep\n|turn|4\n|\n|t:|1776032696\n|move|p1b: Whimsicott|Encore|p2a: Dragonite\n|-start|p2a: Dragonite|Encore\n|move|p2a: Dragonite|Hurricane|p1b: Whimsicott\n|-supereffective|p1b: Whimsicott|1\n|-enditem|p1b: Whimsicott|Focus Sash\n|-damage|p1b: Whimsicott|1/100\n|move|p2b: Pelipper|Hurricane|p1b: Whimsicott\n|-supereffective|p1b: Whimsicott|1\n|-damage|p1b: Whimsicott|0 fnt\n|faint|p1b: Whimsicott\n|move|p1a: Gengar|Disable|p2b: Pelipper\n|-start|p2b: Pelipper|Disable|Hurricane\n|\n|-weather|RainDance|[upkeep]\n|-sideend|p2: dodoce12345|move: Tailwind\n|upkeep\n|\n|t:|1776032709\n|switch|p1b: Meowscarada|Meowscarada, L50, F|46/100\n|turn|5\n|\n|t:|1776032722\n|move|p1a: Gengar|Disable|p2a: Dragonite\n|-start|p2a: Dragonite|Disable|Hurricane\n|move|p1b: Meowscarada|Throat Chop|p2a: Dragonite\n|-start|p1b: Meowscarada|typechange|Dark|[from] ability: Protean\n|-damage|p2a: Dragonite|35/100\n|-start|p2a: Dragonite|Throat Chop|[silent]\n|cant|p2a: Dragonite|Disable|Hurricane\n|-activate|p2b: Pelipper|move: Struggle\n|move|p2b: Pelipper|Struggle|p1b: Meowscarada\n|-damage|p1b: Meowscarada|36/100\n|-damage|p2b: Pelipper|75/100|[from] recoil\n|\n|-weather|RainDance|[upkeep]\n|upkeep\n|turn|6\n|\n|t:|1776032740\n|move|p1a: Gengar|Shadow Ball|p2a: Dragonite\n|-damage|p2a: Dragonite|0 fnt\n|faint|p2a: Dragonite\n|move|p1b: Meowscarada|Throat Chop|p2b: Pelipper\n|-damage|p2b: Pelipper|39/100\n|-start|p2b: Pelipper|Throat Chop|[silent]\n|-activate|p2b: Pelipper|move: Struggle\n|move|p2b: Pelipper|Struggle|p1a: Gengar\n|-damage|p1a: Gengar|92/100\n|-damage|p2b: Pelipper|14/100|[from] recoil\n|\n|-weather|none\n|upkeep\n|\n|t:|1776032753\n|switch|p2a: Archaludon|Archaludon, L50, M|100/100\n|turn|7\n|\n|t:|1776032764\n|move|p1a: Gengar|Shadow Ball|p2a: Archaludon\n|-damage|p2a: Archaludon|41/100\n|-ability|p2a: Archaludon|Stamina|boost\n|-boost|p2a: Archaludon|def|1\n|move|p1b: Meowscarada|Trick|p2a: Archaludon\n|-activate|p1b: Meowscarada|move: Trick|[of] p2a: Archaludon\n|-item|p2a: Archaludon|Focus Sash|[from] move: Trick\n|-item|p1b: Meowscarada|Leftovers|[from] move: Trick\n|-activate|p2b: Pelipper|move: Struggle\n|move|p2b: Pelipper|Struggle|p1a: Gengar\n|-damage|p1a: Gengar|84/100\n|-damage|p2b: Pelipper|0 fnt|[from] recoil\n|faint|p2b: Pelipper\n|move|p2a: Archaludon|Electro Shot||[still]\n|-prepare|p2a: Archaludon|Electro Shot\n|-boost|p2a: Archaludon|spa|1\n|\n|-heal|p1b: Meowscarada|42/100|[from] item: Leftovers\n|upkeep\n|\n|t:|1776032768\n|switch|p2b: Incineroar|Incineroar, L50, M, shiny|100/100\n|-ability|p2b: Incineroar|Intimidate|boost\n|-unboost|p1a: Gengar|atk|1\n|-unboost|p1b: Meowscarada|atk|1\n|turn|8\n|\n|t:|1776032792\n|move|p1a: Gengar|Shadow Ball|p2a: Archaludon\n|-damage|p2a: Archaludon|0 fnt\n|faint|p2a: Archaludon\n|move|p1b: Meowscarada|U-turn|p2b: Incineroar\n|-damage|p2b: Incineroar|87/100\n|move|p2b: Incineroar|Flare Blitz|p1b: Meowscarada\n|-damage|p1b: Meowscarada|0 fnt\n|faint|p1b: Meowscarada\n|-damage|p2b: Incineroar|76/100|[from] Recoil\n|\n|upkeep\n|turn|9\n|\n|t:|1776032803\n|move|p1a: Gengar|Protect|p1a: Gengar\n|-singleturn|p1a: Gengar|Protect\n|move|p2b: Incineroar|Throat Chop|p1a: Gengar\n|-activate|p1a: Gengar|move: Protect\n|\n|upkeep\n|turn|10\n|\n|t:|1776032807\n|move|p1a: Gengar|Disable|p2b: Incineroar\n|-start|p2b: Incineroar|Disable|Throat Chop\n|cant|p2b: Incineroar|Disable|Throat Chop\n|\n|upkeep\n|turn|11\n|\n|t:|1776032813\n|move|p1a: Gengar|Sludge Bomb|p2b: Incineroar\n|-damage|p2b: Incineroar|30/100\n|-enditem|p2b: Incineroar|Sitrus Berry|[eat]\n|-heal|p2b: Incineroar|55/100|[from] item: Sitrus Berry\n|move|p2b: Incineroar|Parting Shot|p1a: Gengar\n|-unboost|p1a: Gengar|atk|1\n|-unboost|p1a: Gengar|spa|1\n|\n|upkeep\n|turn|12\n|\n|t:|1776032822\n|move|p1a: Gengar|Sludge Bomb|p2b: Incineroar\n|-damage|p2b: Incineroar|23/100\n|-status|p2b: Incineroar|psn\n|move|p2b: Incineroar|Flare Blitz|p1a: Gengar\n|-damage|p1a: Gengar|23/100\n|-damage|p2b: Incineroar|6/100 psn|[from] Recoil\n|\n|-damage|p2b: Incineroar|0 fnt|[from] psn\n|faint|p2b: Incineroar\n|\n|win|AquaticPanic\n|raw|AquaticPanic's rating: 1177 &rarr; <strong>1209</strong><br />(+32 for winning)\n|raw|dodoce12345's rating: 1275 &rarr; <strong>1243</strong><br />(-32 for losing)\n|l|\u2606dodoce12345\n|player|p2|\n",
  "uploadtime": 1776032835,
  "views": 27,
  "formatid": "gen9championsvgc2026regma",
  "rating": 1209,
  "private": 0,
  "password": null
}