{
  "id": "gen9championsvgc2026regma-2582356197",
  "format": "[Gen 9 Champions] VGC 2026 Reg M-A",
  "players": [
    "marvin.bardak",
    "awwgdgj"
  ],
  "log": "|j|\u2606marvin.bardak\n|j|\u2606awwgdgj\n|t:|1776086009\n|gametype|doubles\n|player|p1|marvin.bardak|nate|1130\n|player|p2|awwgdgj|wattson|1106\n|gen|9\n|tier|[Gen 9 Champions] VGC 2026 Reg M-A\n|rated|\n|rule|Species Clause: Limit one of each Pok\u00e9mon\n|rule|Item Clause: Limit 1 of each item\n|clearpoke\n|poke|p1|Sinistcha, L50|\n|poke|p1|Charizard, L50, M|\n|poke|p1|Rotom-Wash, L50|\n|poke|p1|Krookodile, L50, M|\n|poke|p1|Maushold-Four, L50|\n|poke|p1|Noivern, L50, M|\n|poke|p2|Aerodactyl, L50, F|\n|poke|p2|Tyranitar, L50, F|\n|poke|p2|Excadrill, L50, M|\n|poke|p2|Clefable, L50, M|\n|poke|p2|Hydreigon, L50, F|\n|poke|p2|Decidueye-Hisui, L50, M|\n|teampreview|4\n|inactive|Battle timer is ON: inactive players will automatically lose when time's up. (requested by awwgdgj)\n|inactive|marvin.bardak also wants the timer to be on.\nawwgdgj has agreed to open team sheets.\n|inactive|marvin.bardak has 60 seconds left.\n|\n|t:|1776086044\n|teamsize|p1|4\n|teamsize|p2|4\n|start\n|switch|p1a: Noivern|Noivern, L50, M|100/100\n|switch|p1b: Krookodile|Krookodile, L50, M|100/100\n|switch|p2a: Aerodactyl|Aerodactyl, L50, F|100/100\n|switch|p2b: Tyranitar|Tyranitar, L50, F|100/100\n|-ability|p1b: Krookodile|Intimidate|boost\n|-unboost|p2a: Aerodactyl|atk|1\n|-unboost|p2b: Tyranitar|atk|1\n|-weather|Sandstorm|[from] ability: Sand Stream|[of] p2b: Tyranitar\n|turn|1\n|inactive|awwgdgj has 30 seconds left.\n|\n|t:|1776086071\n|move|p1a: Noivern|Protect|p1a: Noivern\n|-singleturn|p1a: Noivern|Protect\n|move|p2a: Aerodactyl|Tailwind|p2a: Aerodactyl\n|-sidestart|p2: awwgdgj|move: Tailwind\n|move|p2b: Tyranitar|Rock Slide|p1a: Noivern|[spread] p1b\n|-activate|p1a: Noivern|move: Protect\n|-resisted|p1b: Krookodile|1\n|-damage|p1b: Krookodile|88/100\n|cant|p1b: Krookodile|flinch\n|\n|-weather|Sandstorm|[upkeep]\n|-damage|p1a: Noivern|94/100|[from] Sandstorm\n|upkeep\n|turn|2\n|\n|t:|1776086089\n|switch|p1a: Sinistcha|Sinistcha, L50|100/100\n|-heal|p1b: Krookodile|100/100|[from] ability: Hospitality|[of] p1a: Sinistcha\n|move|p2a: Aerodactyl|Rock Slide|p1a: Sinistcha|[spread] p1b\n|-miss|p2a: Aerodactyl|p1a: Sinistcha\n|-resisted|p1b: Krookodile|1\n|-damage|p1b: Krookodile|92/100\n|move|p2b: Tyranitar|Rock Slide|p1b: Krookodile|[spread] p1a,p1b\n|-resisted|p1b: Krookodile|1\n|-crit|p1b: Krookodile\n|-damage|p1a: Sinistcha|83/100\n|-damage|p1b: Krookodile|65/100\n|move|p1b: Krookodile|Brick Break|p2b: Tyranitar\n|-supereffective|p2b: Tyranitar|2\n|-damage|p2b: Tyranitar|23/100\n|\n|-weather|Sandstorm|[upkeep]\n|-damage|p1a: Sinistcha|77/100|[from] Sandstorm\n|upkeep\n|turn|3\n|inactive|marvin.bardak has 30 seconds left.\n|\n|t:|1776086116\n|move|p2a: Aerodactyl|Rock Slide|p1b: Krookodile|[spread] p1a,p1b\n|-resisted|p1b: Krookodile|1\n|-damage|p1a: Sinistcha|65/100\n|-damage|p1b: Krookodile|56/100\n|move|p2b: Tyranitar|Knock Off|p1a: Sinistcha\n|-supereffective|p1a: Sinistcha|1\n|-damage|p1a: Sinistcha|11/100\n|-enditem|p1a: Sinistcha|Sitrus Berry|[from] move: Knock Off|[of] p2b: Tyranitar\n|move|p1b: Krookodile|Knock Off|p2a: Aerodactyl\n|-damage|p2a: Aerodactyl|45/100\n|move|p1a: Sinistcha|Trick Room|p1a: Sinistcha\n|-fieldstart|move: Trick Room|[of] p1a: Sinistcha\n|\n|-weather|Sandstorm|[upkeep]\n|-damage|p1a: Sinistcha|5/100|[from] Sandstorm\n|upkeep\n|turn|4\n|\n|t:|1776086139\n|switch|p2a: Clefable|Clefable, L50, M|100/100\n|move|p2b: Tyranitar|Protect|p2b: Tyranitar\n|-singleturn|p2b: Tyranitar|Protect\n|move|p1a: Sinistcha|Matcha Gotcha|p2a: Clefable|[spread] p2a\n|-activate|p2b: Tyranitar|move: Protect\n|-damage|p2a: Clefable|79/100\n|-heal|p1a: Sinistcha|16/100|[from] drain|[of] p2a: Clefable\n|move|p1b: Krookodile|Brick Break|p2a: Clefable\n|-resisted|p2a: Clefable|1\n|-damage|p2a: Clefable|68/100\n|\n|-weather|Sandstorm|[upkeep]\n|-damage|p1a: Sinistcha|9/100|[from] Sandstorm\n|-damage|p2a: Clefable|62/100|[from] Sandstorm\n|-sideend|p2: awwgdgj|move: Tailwind\n|upkeep\n|turn|5\n|inactive|marvin.bardak has 30 seconds left.\n|\n|t:|1776086170\n|switch|p2b: Hydreigon|Hydreigon, L50, F|100/100\n|move|p2a: Clefable|Moonblast|p1b: Krookodile\n|-supereffective|p1b: Krookodile|1\n|-damage|p1b: Krookodile|0 fnt\n|faint|p1b: Krookodile\n|move|p1a: Sinistcha|Matcha Gotcha|p2a: Clefable|[spread] p2b\n|-miss|p1a: Sinistcha|p2a: Clefable\n|-resisted|p2b: Hydreigon|1\n|-damage|p2b: Hydreigon|87/100\n|-heal|p1a: Sinistcha|16/100|[from] drain|[of] p2b: Hydreigon\n|\n|-weather|none\n|upkeep\n|\n|t:|1776086186\n|switch|p1b: Charizard|Charizard, L50, M|100/100\n|turn|6\n|inactive|marvin.bardak has 30 seconds left.\n|\n|t:|1776086217\n|detailschange|p1b: Charizard|Charizard-Mega-Y, L50, M\n|-mega|p1b: Charizard|Charizard|Charizardite Y\n|-weather|SunnyDay|[from] ability: Drought|[of] p1b: Charizard\n|move|p2b: Hydreigon|Protect|p2b: Hydreigon\n|-singleturn|p2b: Hydreigon|Protect\n|move|p2a: Clefable|Moonblast|p1a: Sinistcha\n|-damage|p1a: Sinistcha|0 fnt\n|faint|p1a: Sinistcha\n|move|p1b: Charizard|Air Slash|p2b: Hydreigon\n|-activate|p2b: Hydreigon|move: Protect\n|\n|-weather|SunnyDay|[upkeep]\n|upkeep\n|\n|t:|1776086225\n|switch|p1a: Noivern|Noivern, L50, M|94/100\n|turn|7\n|\n|t:|1776086238\n|move|p2a: Clefable|Moonblast|p1a: Noivern\n|-supereffective|p1a: Noivern|1\n|-damage|p1a: Noivern|24/100\n|move|p1a: Noivern|Tailwind|p1a: Noivern\n|-sidestart|p1: marvin.bardak|move: Tailwind\n|move|p2b: Hydreigon|Draco Meteor|p1a: Noivern\n|-supereffective|p1a: Noivern|1\n|-damage|p1a: Noivern|0 fnt\n|-unboost|p2b: Hydreigon|spa|2\n|faint|p1a: Noivern\n|move|p1b: Charizard|Air Slash|p2b: Hydreigon\n|-damage|p2b: Hydreigon|27/100\n|\n|-weather|SunnyDay|[upkeep]\n|-fieldend|move: Trick Room\n|upkeep\n|turn|8\n|\n|t:|1776086254\n|move|p2b: Hydreigon|Protect|p2b: Hydreigon\n|-singleturn|p2b: Hydreigon|Protect\n|move|p2a: Clefable|Protect|p2a: Clefable\n|-singleturn|p2a: Clefable|Protect\n|move|p1b: Charizard|Heat Wave|p2b: Hydreigon|[spread] \n|-activate|p2a: Clefable|move: Protect\n|-activate|p2b: Hydreigon|move: Protect\n|\n|-weather|SunnyDay|[upkeep]\n|upkeep\n|turn|9\n|\n|t:|1776086271\n|switch|p2b: Tyranitar|Tyranitar, L50, F|23/100\n|-weather|Sandstorm|[from] ability: Sand Stream|[of] p2b: Tyranitar\n|move|p1b: Charizard|Heat Wave|p2a: Clefable|[spread] p2a,p2b\n|-resisted|p2b: Tyranitar|1\n|-damage|p2a: Clefable|21/100\n|-damage|p2b: Tyranitar|10/100\n|-status|p2b: Tyranitar|brn\n|-enditem|p2a: Clefable|Sitrus Berry|[eat]\n|-heal|p2a: Clefable|46/100|[from] item: Sitrus Berry\n|move|p2a: Clefable|Moonblast|p1b: Charizard\n|-resisted|p1b: Charizard|1\n|-damage|p1b: Charizard|83/100\n|\n|-weather|Sandstorm|[upkeep]\n|-damage|p1b: Charizard|77/100|[from] Sandstorm\n|-damage|p2a: Clefable|41/100|[from] Sandstorm\n|-damage|p2b: Tyranitar|4/100 brn|[from] brn\n|upkeep\n|turn|10\n|\n|t:|1776086296\n|move|p2a: Clefable|Protect|p2a: Clefable\n|-singleturn|p2a: Clefable|Protect\n|move|p1b: Charizard|Heat Wave|p2b: Tyranitar|[spread] p2b\n|-activate|p2a: Clefable|move: Protect\n|-resisted|p2b: Tyranitar|1\n|-damage|p2b: Tyranitar|0 fnt\n|faint|p2b: Tyranitar\n|\n|-weather|Sandstorm|[upkeep]\n|-damage|p1b: Charizard|71/100|[from] Sandstorm\n|-damage|p2a: Clefable|35/100|[from] Sandstorm\n|-sideend|p1: marvin.bardak|move: Tailwind\n|upkeep\n|\n|t:|1776086307\n|switch|p2b: Aerodactyl|Aerodactyl, L50, F|45/100\n|turn|11\n|\n|t:|1776086317\n|detailschange|p2b: Aerodactyl|Aerodactyl-Mega, L50, F\n|-mega|p2b: Aerodactyl|Aerodactyl|Aerodactylite\n|move|p2b: Aerodactyl|Rock Slide|p1b: Charizard\n|-supereffective|p1b: Charizard|2\n|-damage|p1b: Charizard|0 fnt\n|faint|p1b: Charizard\n|\n|win|awwgdgj\n|raw|marvin.bardak's rating: 1130 &rarr; <strong>1103</strong><br />(-27 for losing)\n|raw|awwgdgj's rating: 1106 &rarr; <strong>1133</strong><br />(+27 for winning)\n",
  "uploadtime": 1776086317,
  "views": 13,
  "formatid": "gen9championsvgc2026regma",
  "rating": 1103,
  "private": 0,
  "password": null
}