{
  "id": "gen9championsvgc2026regma-2581874013",
  "format": "[Gen 9 Champions] VGC 2026 Reg M-A",
  "players": [
    "The ShimonMaster",
    "Hagoone"
  ],
  "log": "|j|\u2606The ShimonMaster\n|j|\u2606Hagoone\n|t:|1776035671\n|gametype|doubles\n|player|p1|The ShimonMaster|ingo|1191\n|player|p2|Hagoone|chuck|1098\n|gen|9\n|tier|[Gen 9 Champions] VGC 2026 Reg M-A\n|rated|\n|rule|Species Clause: Limit one of each Pok\u00e9mon\n|rule|Item Clause: Limit 1 of each item\n|clearpoke\n|poke|p1|Froslass, L50, F|\n|poke|p1|Orthworm, L50, F|\n|poke|p1|Incineroar, L50, M|\n|poke|p1|Rotom-Wash, L50|\n|poke|p1|Aerodactyl, L50, F|\n|poke|p1|Floette-Eternal, L50, F|\n|poke|p2|Blastoise, L50, F|\n|poke|p2|Pelipper, L50, F|\n|poke|p2|Sinistcha, L50|\n|poke|p2|Sneasler, L50, F|\n|poke|p2|Garchomp, L50, M|\n|poke|p2|Kingambit, L50, M|\n|teampreview|4\n|\n|t:|1776035719\n|teamsize|p1|4\n|teamsize|p2|4\n|start\n|switch|p1a: Rotom|Rotom-Wash, L50|100/100\n|switch|p1b: Aerodactyl|Aerodactyl, L50, F|100/100\n|switch|p2a: Kingambit|Kingambit, L50, M|100/100\n|switch|p2b: Pelipper|Pelipper, L50, F|100/100\n|-ability|p1b: Aerodactyl|Unnerve\n|-weather|RainDance|[from] ability: Drizzle|[of] p2b: Pelipper\n|turn|1\n|\n|t:|1776035751\n|move|p1b: Aerodactyl|Protect|p1b: Aerodactyl\n|-singleturn|p1b: Aerodactyl|Protect\n|move|p2a: Kingambit|Sucker Punch|p1a: Rotom\n|-damage|p1a: Rotom|49/100\n|move|p2b: Pelipper|Tailwind|p2b: Pelipper\n|-sidestart|p2: Hagoone|move: Tailwind\n|move|p1a: Rotom|Thunderbolt|p2b: Pelipper\n|-supereffective|p2b: Pelipper|2\n|-damage|p2b: Pelipper|0 fnt\n|faint|p2b: Pelipper\n|\n|-weather|RainDance|[upkeep]\n|upkeep\n|\n|t:|1776035769\n|switch|p2b: Blastoise|Blastoise, L50, F|100/100\n|turn|2\n|\n|t:|1776035784\n|detailschange|p2b: Blastoise|Blastoise-Mega, L50, F\n|-mega|p2b: Blastoise|Blastoise|Blastoisinite\n|move|p2a: Kingambit|Sucker Punch|p1a: Rotom\n|-damage|p1a: Rotom|0 fnt\n|faint|p1a: Rotom\n|move|p2b: Blastoise|Water Spout|p1b: Aerodactyl\n|-supereffective|p1b: Aerodactyl|1\n|-enditem|p1b: Aerodactyl|Focus Sash\n|-damage|p1b: Aerodactyl|1/100\n|move|p1b: Aerodactyl|Tailwind|p1b: Aerodactyl\n|-sidestart|p1: The ShimonMaster|move: Tailwind\n|\n|-weather|RainDance|[upkeep]\n|upkeep\n|\n|t:|1776035801\n|switch|p1a: Floette|Floette-Eternal, L50, F|100/100\n|turn|3\n|\n|t:|1776035820\n|detailschange|p1a: Floette|Floette-Mega, L50, F\n|-mega|p1a: Floette|Floette|Floettite\n|-ability|p1a: Floette|Fairy Aura\n|move|p1a: Floette|Protect|p1a: Floette\n|-singleturn|p1a: Floette|Protect\n|move|p2a: Kingambit|Sucker Punch||[still]\n|-fail|p2a: Kingambit\n|move|p1b: Aerodactyl|Rock Slide|p2b: Blastoise|[spread] p2a,p2b\n|-resisted|p2a: Kingambit|1\n|-damage|p2a: Kingambit|91/100\n|-damage|p2b: Blastoise|73/100\n|cant|p2b: Blastoise|flinch\n|\n|-weather|RainDance|[upkeep]\n|upkeep\n|turn|4\n|\n|t:|1776035846\n|move|p1b: Aerodactyl|Protect|p1b: Aerodactyl\n|-singleturn|p1b: Aerodactyl|Protect\n|move|p2a: Kingambit|Sucker Punch||[still]\n|-fail|p2a: Kingambit\n|move|p1a: Floette|Calm Mind|p1a: Floette\n|-boost|p1a: Floette|spa|1\n|-boost|p1a: Floette|spd|1\n|move|p2b: Blastoise|Water Spout|p1b: Aerodactyl|[spread] p1a\n|-activate|p1b: Aerodactyl|move: Protect\n|-damage|p1a: Floette|64/100\n|\n|-weather|RainDance|[upkeep]\n|-sideend|p2: Hagoone|move: Tailwind\n|upkeep\n|turn|5\n|\n|t:|1776035863\n|move|p1b: Aerodactyl|Protect|p1b: Aerodactyl\n|-singleturn|p1b: Aerodactyl|Protect\n|move|p2b: Blastoise|Protect|p2b: Blastoise\n|-singleturn|p2b: Blastoise|Protect\n|move|p2a: Kingambit|Protect|p2a: Kingambit\n|-singleturn|p2a: Kingambit|Protect\n|move|p1a: Floette|Draining Kiss|p2b: Blastoise\n|-activate|p2b: Blastoise|move: Protect\n|\n|-weather|none\n|-sideend|p1: The ShimonMaster|move: Tailwind\n|upkeep\n|turn|6\n|inactive|Battle timer is ON: inactive players will automatically lose when time's up. (requested by The ShimonMaster)\n|\n|t:|1776035893\n|switch|p2a: Sinistcha|Sinistcha, L50|100/100\n|-heal|p2b: Blastoise|98/100|[from] ability: Hospitality|[of] p2a: Sinistcha\n|move|p1b: Aerodactyl|Tailwind|p1b: Aerodactyl\n|-sidestart|p1: The ShimonMaster|move: Tailwind\n|move|p1a: Floette|Dazzling Gleam|p2a: Sinistcha|[spread] p2a,p2b\n|-damage|p2a: Sinistcha|31/100\n|-damage|p2b: Blastoise|34/100\n|move|p2b: Blastoise|Water Spout|p1a: Floette|[spread] p1a,p1b\n|-supereffective|p1b: Aerodactyl|1\n|-damage|p1a: Floette|54/100\n|-damage|p1b: Aerodactyl|0 fnt\n|faint|p1b: Aerodactyl\n|\n|-heal|p2a: Sinistcha|37/100|[from] item: Leftovers\n|upkeep\n|\n|t:|1776035906\n|switch|p1b: Incineroar|Incineroar, L50, M|100/100\n|-ability|p1b: Incineroar|Intimidate|boost\n|-unboost|p2a: Sinistcha|atk|1\n|-unboost|p2b: Blastoise|atk|1\n|turn|7\n|\n|t:|1776035920\n|move|p2b: Blastoise|Protect|p2b: Blastoise\n|-singleturn|p2b: Blastoise|Protect\n|move|p1b: Incineroar|Fake Out|p2b: Blastoise\n|-activate|p2b: Blastoise|move: Protect\n|move|p1a: Floette|Draining Kiss|p2a: Sinistcha\n|-damage|p2a: Sinistcha|0 fnt\n|-heal|p1a: Floette|81/100|[from] drain|[of] p2a: Sinistcha\n|faint|p2a: Sinistcha\n|\n|upkeep\n|-message|Hagoone forfeited.\n|\n|win|The ShimonMaster\n|raw|The ShimonMaster's rating: 1191 &rarr; <strong>1209</strong><br />(+18 for winning)\n|raw|Hagoone's rating: 1098 &rarr; <strong>1080</strong><br />(-18 for losing)\n|l|\u2606Hagoone\n|player|p2|\n",
  "uploadtime": 1776036022,
  "views": 21,
  "formatid": "gen9championsvgc2026regma",
  "rating": 1080,
  "private": 0,
  "password": null
}