{
  "id": "gen9championsvgc2026regma-2583335155",
  "format": "[Gen 9 Champions] VGC 2026 Reg M-A",
  "players": [
    "yukidagoatt",
    "Randaz"
  ],
  "log": "|j|\u2606yukidagoatt\n|j|\u2606Randaz\n|t:|1776167931\n|gametype|doubles\n|player|p1|yukidagoatt|1|1073\n|player|p2|Randaz|giovanni|1035\n|gen|9\n|tier|[Gen 9 Champions] VGC 2026 Reg M-A\n|rated|\n|rule|Species Clause: Limit one of each Pok\u00e9mon\n|rule|Item Clause: Limit 1 of each item\n|clearpoke\n|poke|p1|Gardevoir, L50, F|\n|poke|p1|Greninja-*, L50, M|\n|poke|p1|Garchomp, L50, F|\n|poke|p1|Incineroar, L50, F|\n|poke|p1|Talonflame, L50, F|\n|poke|p1|Ninetales-Alola, L50, M|\n|poke|p2|Floette-Eternal, L50, F|\n|poke|p2|Charizard, L50, M|\n|poke|p2|Whimsicott, L50, F|\n|poke|p2|Sylveon, L50, M|\n|poke|p2|Excadrill, L50, M|\n|poke|p2|Venusaur, L50, F|\n|teampreview|4\n|inactive|Battle timer is ON: inactive players will automatically lose when time's up. (requested by yukidagoatt)\n|inactive|yukidagoatt has 60 seconds left.\n|\n|t:|1776167962\n|teamsize|p1|4\n|teamsize|p2|4\n|start\n|switch|p1a: Incineroar|Incineroar, L50, F|100/100\n|switch|p1b: Talonflame|Talonflame, L50, F|100/100\n|switch|p2a: Floette|Floette-Eternal, L50, F|100/100\n|switch|p2b: Whimsicott|Whimsicott, L50, F|100/100\n|-ability|p1a: Incineroar|Intimidate|boost\n|-unboost|p2a: Floette|atk|1\n|-block|p2b: Whimsicott|ability: Flower Veil|[of] p2a: Floette\n|turn|1\n|inactive|Randaz has 30 seconds left.\n|\n|t:|1776167988\n|move|p2b: Whimsicott|Protect|p2b: Whimsicott\n|-singleturn|p2b: Whimsicott|Protect\n|move|p2a: Floette|Protect|p2a: Floette\n|-singleturn|p2a: Floette|Protect\n|move|p1a: Incineroar|Fake Out|p2b: Whimsicott\n|-activate|p2b: Whimsicott|move: Protect\n|move|p1b: Talonflame|Tailwind|p1b: Talonflame\n|-sidestart|p1: yukidagoatt|move: Tailwind\n|\n|upkeep\n|turn|2\n|\n|t:|1776168010\n|detailschange|p2a: Floette|Floette-Mega, L50, F\n|-mega|p2a: Floette|Floette|Floettite\n|-ability|p2a: Floette|Fairy Aura\n|move|p1b: Talonflame|Dual Wingbeat|p2a: Floette|[miss]\n|-miss|p1b: Talonflame|p2a: Floette\n|move|p2b: Whimsicott|Tailwind|p2b: Whimsicott\n|-sidestart|p2: Randaz|move: Tailwind\n|move|p2a: Floette|Dazzling Gleam|p1a: Incineroar|[spread] p1a,p1b\n|-resisted|p1b: Talonflame|1\n|-damage|p1a: Incineroar|66/100\n|-damage|p1b: Talonflame|63/100\n|move|p1a: Incineroar|Flare Blitz|p2a: Floette\n|-damage|p2a: Floette|35/100\n|-status|p2a: Floette|brn\n|-damage|p1a: Incineroar|50/100|[from] Recoil\n|\n|-damage|p2a: Floette|29/100 brn|[from] brn\n|upkeep\n|turn|3\n|\n|t:|1776168032\n|move|p2b: Whimsicott|Sunny Day|p2b: Whimsicott\n|-weather|SunnyDay\n|move|p1b: Talonflame|Dual Wingbeat|p2a: Floette\n|-damage|p2a: Floette|3/100 brn\n|-damage|p2a: Floette|0 fnt\n|faint|p2a: Floette\n|-hitcount|p2: Floette|2\n|move|p1a: Incineroar|Flare Blitz|p2b: Whimsicott\n|-supereffective|p2b: Whimsicott|1\n|-enditem|p2b: Whimsicott|Focus Sash\n|-damage|p2b: Whimsicott|1/100\n|-damage|p1a: Incineroar|22/100|[from] Recoil\n|\n|-weather|SunnyDay|[upkeep]\n|upkeep\n|\n|t:|1776168037\n|switch|p2a: Charizard|Charizard, L50, M|100/100\n|turn|4\n|\n|t:|1776168054\n|move|p2b: Whimsicott|Light Screen|p2b: Whimsicott\n|-sidestart|p2: Randaz|move: Light Screen\n|move|p1b: Talonflame|Dual Wingbeat|p2b: Whimsicott\n|-supereffective|p2b: Whimsicott|1\n|-damage|p2b: Whimsicott|0 fnt\n|faint|p2b: Whimsicott\n|-hitcount|p2: Whimsicott|1\n|move|p2a: Charizard|Ancient Power|p1b: Talonflame\n|-supereffective|p1b: Talonflame|2\n|-damage|p1b: Talonflame|0 fnt\n|faint|p1b: Talonflame\n|move|p1a: Incineroar|Parting Shot|p2a: Charizard\n|-unboost|p2a: Charizard|atk|1\n|-unboost|p2a: Charizard|spa|1\n|\n|t:|1776168066\n|switch|p1a: Garchomp|Garchomp, L50, F|100/100|[from] Parting Shot\n|\n|-weather|SunnyDay|[upkeep]\n|-damage|p2a: Charizard|88/100|[from] ability: Solar Power|[of] p2a: Charizard\n|-sideend|p1: yukidagoatt|move: Tailwind\n|upkeep\n|\n|t:|1776168074\n|switch|p1b: Incineroar|Incineroar, L50, F|22/100\n|switch|p2b: Sylveon|Sylveon, L50, M|100/100\n|-ability|p1b: Incineroar|Intimidate|boost\n|-unboost|p2a: Charizard|atk|1\n|-unboost|p2b: Sylveon|atk|1\n|turn|5\n|\n|t:|1776168086\n|move|p1b: Incineroar|Fake Out|p2b: Sylveon\n|-damage|p2b: Sylveon|85/100\n|move|p2a: Charizard|Heat Wave|p1b: Incineroar|[spread] p1a,p1b\n|-resisted|p1a: Garchomp|1\n|-resisted|p1b: Incineroar|1\n|-damage|p1a: Garchomp|64/100\n|-damage|p1b: Incineroar|0 fnt\n|faint|p1b: Incineroar\n|cant|p2b: Sylveon|flinch\n|move|p1a: Garchomp|Rock Slide|p2a: Charizard|[spread] p2a,p2b\n|-supereffective|p2a: Charizard|2\n|-damage|p2a: Charizard|0 fnt\n|-damage|p2b: Sylveon|55/100\n|faint|p2a: Charizard\n|\n|-weather|SunnyDay|[upkeep]\n|-sideend|p2: Randaz|move: Tailwind\n|upkeep\n|\n|t:|1776168100\n|switch|p1b: Gardevoir|Gardevoir, L50, F|100/100\n|turn|6\n|\n|t:|1776168111\n|move|p1b: Gardevoir|Psychic|p2b: Sylveon\n|-damage|p2b: Sylveon|30/100\n|move|p1a: Garchomp|Earthquake|p2b: Sylveon|[spread] p2b\n|-activate|p1b: Gardevoir|ability: Telepathy\n|-damage|p2b: Sylveon|0 fnt\n|faint|p2b: Sylveon\n|\n|win|yukidagoatt\n|raw|yukidagoatt's rating: 1073 &rarr; <strong>1099</strong><br />(+26 for winning)\n|raw|Randaz's rating: 1035 &rarr; <strong>1021</strong><br />(-14 for losing)\n|l|\u2606Randaz\n|player|p2|\n",
  "uploadtime": 1776168154,
  "views": 22,
  "formatid": "gen9championsvgc2026regma",
  "rating": 1021,
  "private": 0,
  "password": null
}