{
  "id": "gen9championsvgc2026regma-2588162011",
  "format": "[Gen 9 Champions] VGC 2026 Reg M-A",
  "players": [
    "Okirogiiii",
    "Cybele74"
  ],
  "log": "|j|\u2606Okirogiiii\n|j|\u2606Cybele74\n|t:|1776610417\n|gametype|doubles\n|player|p1|Okirogiiii|266|1117\n|player|p2|Cybele74|pokemonrangerf|1103\n|gen|9\n|tier|[Gen 9 Champions] VGC 2026 Reg M-A\n|rated|\n|rule|Species Clause: Limit one of each Pok\u00e9mon\n|rule|Item Clause: Limit 1 of each item\n|clearpoke\n|poke|p1|Aerodactyl, L50, F|\n|poke|p1|Basculegion, L50, M|\n|poke|p1|Sneasler, L50, M|\n|poke|p1|Floette-Eternal, L50, F|\n|poke|p1|Maushold, L50|\n|poke|p1|Kingambit, L50, F|\n|poke|p2|Talonflame, L50, F|\n|poke|p2|Primarina, L50, M, shiny|\n|poke|p2|Chesnaught, L50, M, shiny|\n|poke|p2|Zoroark-Hisui, L50, F|\n|poke|p2|Garchomp, L50, M|\n|poke|p2|Corviknight, L50, F|\n|teampreview|4\nCybele74 rejected open team sheets.\n|\n|t:|1776610437\n|teamsize|p1|4\n|teamsize|p2|4\n|start\n|switch|p1a: Aerodactyl|Aerodactyl, L50, F|100/100\n|switch|p1b: Sneasler|Sneasler, L50, M|100/100\n|switch|p2a: Bird Down|Talonflame, L50, F|100/100\n|switch|p2b: Big Chompa|Garchomp, L50, M|100/100\n|-ability|p1a: Aerodactyl|Unnerve\n|turn|1\n|\n|t:|1776610460\n|move|p1b: Sneasler|Fake Out|p2b: Big Chompa\n|-immune|p2b: Big Chompa\n|move|p2a: Bird Down|Tailwind|p2a: Bird Down\n|-sidestart|p2: Cybele74|move: Tailwind\n|move|p2b: Big Chompa|Nasty Plot|p2b: Big Chompa\n|-boost|p2b: Big Chompa|spa|2\n|move|p1a: Aerodactyl|Rock Slide|p2a: Bird Down|[spread] p2a,p2b\n|-supereffective|p2a: Bird Down|2\n|-damage|p2a: Bird Down|0 fnt\n|-damage|p2b: Big Chompa|52/100\n|replace|p2b: BoyInABand|Zoroark-Hisui, L50, F\n|-end|p2b: BoyInABand|Illusion\n|faint|p2a: Bird Down\n|\n|upkeep\n|\n|t:|1776610478\n|switch|p2a: Kevin :D|Chesnaught, L50, M, shiny|100/100\n|turn|2\n|\n|t:|1776610488\n|move|p2b: BoyInABand|Hyper Voice|p1a: Aerodactyl|[spread] p1a,p1b\n|-resisted|p1a: Aerodactyl|1\n|-damage|p1a: Aerodactyl|46/100\n|-damage|p1b: Sneasler|0 fnt\n|faint|p1b: Sneasler\n|move|p1a: Aerodactyl|Dual Wingbeat|p2a: Kevin :D\n|-supereffective|p2a: Kevin :D|2\n|-damage|p2a: Kevin :D|55/100\n|-supereffective|p2a: Kevin :D|2\n|-damage|p2a: Kevin :D|16/100\n|-hitcount|p2a: Kevin :D|2\n|move|p2a: Kevin :D|Body Press|p1a: Aerodactyl\n|-damage|p1a: Aerodactyl|0 fnt\n|-enditem|p2a: Kevin :D|Sitrus Berry|[eat]\n|-heal|p2a: Kevin :D|41/100|[from] item: Sitrus Berry\n|faint|p1a: Aerodactyl\n|\n|upkeep\n|\n|t:|1776610505\n|switch|p1a: Basculegion|Basculegion, L50, M|100/100\n|switch|p1b: Floette|Floette-Eternal, L50, F|100/100\n|turn|3\n|\n|t:|1776610521\n|detailschange|p1b: Floette|Floette-Mega, L50, F\n|-mega|p1b: Floette|Floette|Floettite\n|-ability|p1b: Floette|Fairy Aura\n|move|p2a: Kevin :D|Spiky Shield|p2a: Kevin :D\n|-singleturn|p2a: Kevin :D|move: Protect\n|move|p1a: Basculegion|Aqua Jet|p2b: BoyInABand\n|-damage|p2b: BoyInABand|0 fnt\n|faint|p2b: BoyInABand\n|move|p1b: Floette|Dazzling Gleam|p2a: Kevin :D\n|-activate|p2a: Kevin :D|move: Protect\n|\n|upkeep\n|\n|t:|1776610531\n|switch|p2b: Big Chompa|Garchomp, L50, M|100/100\n|turn|4\n|\n|t:|1776610547\n|move|p2b: Big Chompa|Protect|p2b: Big Chompa\n|-singleturn|p2b: Big Chompa|Protect\n|move|p1a: Basculegion|Aqua Jet|p2b: Big Chompa\n|-activate|p2b: Big Chompa|move: Protect\n|move|p2a: Kevin :D|Wood Hammer|p1a: Basculegion\n|-supereffective|p1a: Basculegion|1\n|-damage|p1a: Basculegion|0 fnt\n|faint|p1a: Basculegion\n|-damage|p2a: Kevin :D|8/100|[from] Recoil\n|move|p1b: Floette|Dazzling Gleam|p2b: Big Chompa|[spread] p2a\n|-activate|p2b: Big Chompa|move: Protect\n|-supereffective|p2a: Kevin :D|1\n|-damage|p2a: Kevin :D|0 fnt\n|faint|p2a: Kevin :D\n|\n|-sideend|p2: Cybele74|move: Tailwind\n|upkeep\n|turn|5\n|\n|t:|1776610568\n|move|p2b: Big Chompa|Earthquake|p1b: Floette\n|-damage|p1b: Floette|52/100\n|move|p1b: Floette|Moonblast|p2b: Big Chompa\n|-supereffective|p2b: Big Chompa|1\n|-damage|p2b: Big Chompa|0 fnt\n|faint|p2b: Big Chompa\n|\n|win|Okirogiiii\n|raw|Okirogiiii's rating: 1117 &rarr; <strong>1141</strong><br />(+24 for winning)\n|raw|Cybele74's rating: 1103 &rarr; <strong>1079</strong><br />(-24 for losing)\n",
  "uploadtime": 1776610579,
  "views": 11,
  "formatid": "gen9championsvgc2026regma",
  "rating": 1079,
  "private": 0,
  "password": null
}