{
  "id": "gen9championsvgc2026regma-2581259834",
  "format": "[Gen 9 Champions] VGC 2026 Reg M-A",
  "players": [
    "Manthis",
    "TaravangianVGC"
  ],
  "log": "|j|\u2606Manthis\n|j|\u2606TaravangianVGC\n|t:|1775977646\n|gametype|doubles\n|player|p1|Manthis|102|1082\n|player|p2|TaravangianVGC|266|1039\n|gen|9\n|tier|[Gen 9 Champions] VGC 2026 Reg M-A\n|rated|\n|rule|Species Clause: Limit one of each Pok\u00e9mon\n|rule|Item Clause: Limit 1 of each item\n|clearpoke\n|poke|p1|Ditto, L50|\n|poke|p1|Maushold-Four, L50|\n|poke|p1|Meowstic-F, L50, F|\n|poke|p1|Torkoal, L50, F|\n|poke|p1|Sinistcha, L50|\n|poke|p1|Lucario, L50, M|\n|poke|p2|Slowbro, L50, F|\n|poke|p2|Sinistcha-Masterpiece, L50|\n|poke|p2|Meowstic, L50, M|\n|poke|p2|Dragapult, L50, F|\n|poke|p2|Arcanine, L50, M|\n|poke|p2|Sneasler, L50, M|\n|teampreview|4\n|inactive|Battle timer is ON: inactive players will automatically lose when time's up. (requested by TaravangianVGC)\n|\n|t:|1775977670\n|teamsize|p1|4\n|teamsize|p2|4\n|start\n|switch|p1a: Meowstic|Meowstic-F, L50, F|100/100\n|switch|p1b: Maushold|Maushold-Four, L50|100/100\n|switch|p2a: Slowbro|Slowbro, L50, F|100/100\n|switch|p2b: Meowstic|Meowstic, L50, M|100/100\n|turn|1\n|inactive|Manthis has 30 seconds left.\n|inactive|Manthis has 20 seconds left.\n|\n|t:|1775977706\n|detailschange|p2a: Slowbro|Slowbro-Mega, L50, F\n|-mega|p2a: Slowbro|Slowbro|Slowbronite\n|move|p2b: Meowstic|Fake Out|p1b: Maushold\n|-damage|p1b: Maushold|95/100\n|cant|p1b: Maushold|flinch\n|move|p1a: Meowstic|Thunderbolt|p2a: Slowbro\n|-supereffective|p2a: Slowbro|1\n|-damage|p2a: Slowbro|68/100\n|move|p2a: Slowbro|Nasty Plot|p2a: Slowbro\n|-boost|p2a: Slowbro|spa|2\n|\n|upkeep\n|turn|2\n|inactive|Manthis has 30 seconds left.\n|\n|t:|1775977740\n|detailschange|p1a: Meowstic|Meowstic-F-Mega, L50, F\n|-mega|p1a: Meowstic|Meowstic|Meowsticite\n|-ability|p1a: Meowstic|Prankster|Trace|[from] ability: Trace|[of] p2b: Meowstic\n|move|p1a: Meowstic|Psychic Terrain|p1a: Meowstic\n|-fieldstart|move: Psychic Terrain\n|move|p2b: Meowstic|Psychic Terrain||[still]\n|-fail|p2b: Meowstic\n|move|p1b: Maushold|Encore|p2a: Slowbro\n|-start|p2a: Slowbro|Encore\n|move|p2a: Slowbro|Nasty Plot|p2a: Slowbro\n|-boost|p2a: Slowbro|spa|2\n|\n|upkeep\n|turn|3\n|c|\u2606Manthis|great minds think alike\n|inactive|Manthis has 30 seconds left.\n|inactive|TaravangianVGC has 30 seconds left.\n|\n|t:|1775977773\n|move|p1b: Maushold|Helping Hand|p1a: Meowstic\n|-singleturn|p1a: Meowstic|Helping Hand|[of] p1b: Maushold\n|move|p1a: Meowstic|Expanding Force|p2b: Meowstic|[spread] p2a,p2b\n|-resisted|p2a: Slowbro|1\n|-resisted|p2b: Meowstic|1\n|-damage|p2a: Slowbro|31/100\n|-damage|p2b: Meowstic|41/100\n|move|p2b: Meowstic|Alluring Voice|p1a: Meowstic\n|-damage|p1a: Meowstic|88/100\n|move|p2a: Slowbro|Nasty Plot|p2a: Slowbro\n|-boost|p2a: Slowbro|spa|2\n|\n|upkeep\n|turn|4\n|\n|t:|1775977794\n|switch|p1b: Ditto|Ditto, L50|100/100\n|-transform|p1b: Ditto|p2a: Slowbro|[from] ability: Imposter\n|move|p2b: Meowstic|Protect|p2b: Meowstic\n|-singleturn|p2b: Meowstic|Protect\n|move|p1a: Meowstic|Expanding Force|p2a: Slowbro|[spread] p2a\n|-activate|p2b: Meowstic|move: Protect\n|-resisted|p2a: Slowbro|1\n|-damage|p2a: Slowbro|7/100\n|move|p2a: Slowbro|Nasty Plot|p2a: Slowbro\n|-boost|p2a: Slowbro|spa|0\n|\n|-end|p2a: Slowbro|Encore\n|upkeep\n|turn|5\n|-message|TaravangianVGC forfeited.\n|\n|win|Manthis\n|raw|Manthis's rating: 1082 &rarr; <strong>1106</strong><br />(+24 for winning)\n|raw|TaravangianVGC's rating: 1039 &rarr; <strong>1025</strong><br />(-14 for losing)\n|l|\u2606TaravangianVGC\n|player|p2|\n",
  "uploadtime": 1775977807,
  "views": 18,
  "formatid": "gen9championsvgc2026regma",
  "rating": 1025,
  "private": 0,
  "password": null
}