{
  "id": "gen9championsvgc2026regma-2585312957",
  "format": "[Gen 9 Champions] VGC 2026 Reg M-A",
  "players": [
    "Julllo31",
    "kingbriddz"
  ],
  "log": "|j|\u2606Julllo31\n|j|\u2606kingbriddz\n|t:|1776336704\n|gametype|doubles\n|player|p1|Julllo31|169|1077\n|player|p2|kingbriddz|1|1104\n|gen|9\n|tier|[Gen 9 Champions] VGC 2026 Reg M-A\n|rated|\n|rule|Species Clause: Limit one of each Pok\u00e9mon\n|rule|Item Clause: Limit 1 of each item\n|clearpoke\n|poke|p1|Blastoise, L50, F|\n|poke|p1|Farigiraf, L50, M|\n|poke|p1|Kingambit, L50, F|\n|poke|p1|Sinistcha, L50|\n|poke|p1|Aerodactyl, L50, F|\n|poke|p1|Kangaskhan, L50, F|\n|poke|p2|Aerodactyl, L50, M|\n|poke|p2|Incineroar, L50, M|\n|poke|p2|Snorlax, L50, M|\n|poke|p2|Sinistcha-Masterpiece, L50|\n|poke|p2|Rotom-Wash, L50|\n|poke|p2|Hawlucha, L50, F|\n|teampreview|4\n|\n|t:|1776336738\n|teamsize|p1|4\n|teamsize|p2|4\n|start\n|switch|p1a: Blastoise|Blastoise, L50, F|100/100\n|switch|p1b: Farigiraf|Farigiraf, L50, M|100/100\n|switch|p2a: Hawlucha|Hawlucha, L50, F|100/100\n|switch|p2b: Snorlax|Snorlax, L50, M, shiny|100/100\n|-ability|p2a: Hawlucha|Mold Breaker\n|turn|1\n|\n|t:|1776336753\n|detailschange|p2a: Hawlucha|Hawlucha-Mega, L50, F\n|-mega|p2a: Hawlucha|Hawlucha|Hawluchanite\n|move|p1a: Blastoise|Fake Out|p2a: Hawlucha\n|-crit|p2a: Hawlucha\n|-damage|p2a: Hawlucha|88/100\n|cant|p2a: Hawlucha|flinch\n|move|p2b: Snorlax|Fissure|p1a: Blastoise\n|-damage|p1a: Blastoise|0 fnt\n|faint|p1a: Blastoise\n|-ohko\n|move|p1b: Farigiraf|Trick Room|p1b: Farigiraf\n|-fieldstart|move: Trick Room|[of] p1b: Farigiraf\n|\n|upkeep\n|\n|t:|1776336767\n|switch|p1a: Kingambit|Kingambit, L50, F|100/100\n|turn|2\n|\n|t:|1776336783\n|move|p2b: Snorlax|Body Slam|p1b: Farigiraf\n|-damage|p1b: Farigiraf|68/100\n|move|p1a: Kingambit|Low Kick|p2b: Snorlax\n|-supereffective|p2b: Snorlax|1\n|-damage|p2b: Snorlax|41/100\n|move|p1b: Farigiraf|Psychic|p2a: Hawlucha\n|-supereffective|p2a: Hawlucha|1\n|-damage|p2a: Hawlucha|24/100\n|move|p2a: Hawlucha|High Jump Kick|p1a: Kingambit\n|-supereffective|p1a: Kingambit|2\n|-damage|p1a: Kingambit|0 fnt\n|faint|p1a: Kingambit\n|\n|-heal|p2b: Snorlax|47/100|[from] item: Leftovers\n|upkeep\n|inactive|Battle timer is ON: inactive players will automatically lose when time's up. (requested by kingbriddz)\n|inactive|Julllo31 has 60 seconds left.\n|inactive|Julllo31 has 30 seconds left.\n|inactive|Julllo31 has 20 seconds left.\n|inactive|Julllo31 has 15 seconds left.\n|inactive|Julllo31 has 10 seconds left.\n|inactive|Julllo31 has 5 seconds left.\n|\n|t:|1776336899\n|switch|p1a: Sinistcha|Sinistcha, L50|100/100\n|-heal|p1b: Farigiraf|93/100|[from] ability: Hospitality|[of] p1a: Sinistcha\n|turn|3\n|inactive|Julllo31 has 30 seconds left.\n|inactive|Julllo31 has 20 seconds left.\n|inactive|Julllo31 has 15 seconds left.\n|inactive|Julllo31 has 10 seconds left.\n|inactive|Julllo31 has 5 seconds left.\n|\n|t:|1776336954\n|switch|p2a: Sinistcha|Sinistcha-Masterpiece, L50|100/100\n|-heal|p2b: Snorlax|71/100|[from] ability: Hospitality|[of] p2a: Sinistcha\n|move|p2b: Snorlax|Protect|p2b: Snorlax\n|-singleturn|p2b: Snorlax|Protect\n|move|p1b: Farigiraf|Psychic|p2b: Snorlax\n|-activate|p2b: Snorlax|move: Protect\n|move|p1a: Sinistcha|Matcha Gotcha|p2b: Snorlax|[spread] p2a\n|-activate|p2b: Snorlax|move: Protect\n|-resisted|p2a: Sinistcha|1\n|-damage|p2a: Sinistcha|86/100\n|\n|-heal|p2b: Snorlax|77/100|[from] item: Leftovers\n|upkeep\n|turn|4\n|inactive|Julllo31 has 30 seconds left.\n|inactive|kingbriddz has 30 seconds left.\n|inactive|Julllo31 has 20 seconds left.\n|inactive|Julllo31 has 15 seconds left.\n|inactive|kingbriddz has 20 seconds left.\n|inactive|Julllo31 has 10 seconds left.\n|inactive|Julllo31 has 5 seconds left.\n|\n|t:|1776337009\n|switch|p2b: Rotom|Rotom-Wash, L50|100/100\n|move|p2a: Sinistcha|Protect|p2a: Sinistcha\n|-singleturn|p2a: Sinistcha|Protect\n|move|p1b: Farigiraf|Psychic|p2a: Sinistcha\n|-activate|p2a: Sinistcha|move: Protect\n|move|p1a: Sinistcha|Matcha Gotcha|p2a: Sinistcha|[spread] p2b\n|-activate|p2a: Sinistcha|move: Protect\n|-supereffective|p2b: Rotom|1\n|-damage|p2b: Rotom|57/100\n|\n|upkeep\n|turn|5\n|inactive|Julllo31 has 30 seconds left.\n|inactive|kingbriddz has 30 seconds left.\n|inactive|Julllo31 has 20 seconds left.\n|inactive|kingbriddz has 20 seconds left.\n|inactive|Julllo31 has 15 seconds left.\n|inactive|Julllo31 has 10 seconds left.\n|inactive|Julllo31 has 5 seconds left.\n|\n|t:|1776337064\n|move|p2a: Sinistcha|Rage Powder|p2a: Sinistcha\n|-singleturn|p2a: Sinistcha|move: Rage Powder\n|move|p1b: Farigiraf|Psychic|p2a: Sinistcha\n|-damage|p2a: Sinistcha|47/100\n|move|p1a: Sinistcha|Matcha Gotcha|p2b: Rotom|[spread] p2a,p2b\n|-resisted|p2a: Sinistcha|1\n|-supereffective|p2b: Rotom|1\n|-damage|p2a: Sinistcha|35/100\n|-damage|p2b: Rotom|14/100\n|-status|p2b: Rotom|brn\n|move|p2b: Rotom|Volt Switch|p1b: Farigiraf\n|-damage|p1b: Farigiraf|77/100\n|\n|t:|1776337079\n|switch|p2b: Hawlucha|Hawlucha-Mega, L50, F|24/100|[from] Volt Switch\n|\n|-fieldend|move: Trick Room\n|upkeep\n|turn|6\n|inactive|Julllo31 has 30 seconds left.\n|inactive|Julllo31 has 20 seconds left.\n|inactive|Julllo31 has 15 seconds left.\n|inactive|Julllo31 has 10 seconds left.\n|inactive|Julllo31 has 5 seconds left.\n|\n|t:|1776337134\n|switch|p2a: Snorlax|Snorlax, L50, M, shiny|77/100\n|move|p2b: Hawlucha|Entrainment|p2a: Snorlax\n|-ability|p2a: Snorlax|No Guard|Thick Fat|[from] move: Entrainment|[of] p2b: Hawlucha\n|move|p1a: Sinistcha|Matcha Gotcha|p2b: Hawlucha|[spread] p2a,p2b\n|-resisted|p2b: Hawlucha|1\n|-damage|p2a: Snorlax|64/100\n|-damage|p2b: Hawlucha|12/100\n|-status|p2a: Snorlax|brn\n|-status|p2b: Hawlucha|brn\n|move|p1b: Farigiraf|Psychic|p2b: Hawlucha\n|-supereffective|p2b: Hawlucha|1\n|-damage|p2b: Hawlucha|0 fnt\n|faint|p2b: Hawlucha\n|\n|-heal|p2a: Snorlax|70/100 brn|[from] item: Leftovers\n|-damage|p2a: Snorlax|64/100 brn|[from] brn\n|upkeep\n|\n|t:|1776337150\n|switch|p2b: Sinistcha|Sinistcha-Masterpiece, L50|35/100\n|-heal|p2a: Snorlax|89/100 brn|[from] ability: Hospitality|[of] p2b: Sinistcha\n|turn|7\n|l|\u2606Julllo31\n|inactive|Julllo31 disconnected and has a minute to reconnect!\n|player|p1|\n|inactive|Julllo31 has 30 seconds left.\n|inactive|Julllo31 has 20 seconds left.\n|inactive|Julllo31 has 15 seconds left.\n|c|\u2606kingbriddz|Gg\n|inactive|Julllo31 has 10 seconds left.\n|inactive|Julllo31 has 5 seconds left.\n|-message|Julllo31 lost due to inactivity.\n|\n|win|kingbriddz\n|raw|Julllo31's rating: 1081 &rarr; <strong>1060</strong><br />(-21 for losing)\n|raw|kingbriddz's rating: 1104 &rarr; <strong>1127</strong><br />(+23 for winning)\n",
  "uploadtime": 1776337208,
  "views": 19,
  "formatid": "gen9championsvgc2026regma",
  "rating": 1060,
  "private": 0,
  "password": null
}