{
  "id": "gen9championsvgc2026regma-2586755756",
  "format": "[Gen 9 Champions] VGC 2026 Reg M-A",
  "players": [
    "adityanair212",
    "renan.tony"
  ],
  "log": "|j|\u2606adityanair212\n|j|\u2606renan.tony\n|t:|1776457385\n|gametype|doubles\n|player|p1|adityanair212|ghetsis-gen5bw|1077\n|player|p2|renan.tony|lance|1128\n|gen|9\n|tier|[Gen 9 Champions] VGC 2026 Reg M-A\n|rated|\n|rule|Species Clause: Limit one of each Pok\u00e9mon\n|rule|Item Clause: Limit 1 of each item\n|clearpoke\n|poke|p1|Froslass, L50, F|\n|poke|p1|Garchomp, L50, F|\n|poke|p1|Rotom-Frost, L50|\n|poke|p1|Empoleon, L50, M|\n|poke|p1|Incineroar, L50, F|\n|poke|p1|Kingambit, L50, M|\n|poke|p2|Whimsicott, L50, F|\n|poke|p2|Garchomp, L50, F|\n|poke|p2|Meowscarada, L50, M|\n|poke|p2|Gyarados, L50, M|\n|poke|p2|Charizard, L50, M|\n|poke|p2|Farigiraf, L50, F|\n|teampreview|4\n|inactive|Battle timer is ON: inactive players will automatically lose when time's up. (requested by renan.tony)\n|\n|t:|1776457431\n|teamsize|p1|4\n|teamsize|p2|4\n|start\n|switch|p1a: Garchomp|Garchomp, L50, F|100/100\n|switch|p1b: Rotom|Rotom-Frost, L50|100/100\n|switch|p2a: Meowscarada|Meowscarada, L50, M|100/100\n|switch|p2b: Garchomp|Garchomp, L50, F|100/100\n|turn|1\n|inactive|adityanair212 has 30 seconds left.\n|\n|t:|1776457459\n|switch|p2b: Charizard|Charizard, L50, M|100/100\n|move|p1a: Garchomp|Protect|p1a: Garchomp\n|-singleturn|p1a: Garchomp|Protect\n|move|p1b: Rotom|Volt Switch|p2a: Meowscarada\n|-resisted|p2a: Meowscarada|1\n|-damage|p2a: Meowscarada|75/100\n|\n|t:|1776457466\n|switch|p1b: Incineroar|Incineroar, L50, F|100/100|[from] Volt Switch\n|-ability|p1b: Incineroar|Intimidate|boost\n|-unboost|p2a: Meowscarada|atk|1\n|-unboost|p2b: Charizard|atk|1\n|move|p2a: Meowscarada|Play Rough|p1a: Garchomp\n|-start|p2a: Meowscarada|typechange|Fairy|[from] ability: Protean\n|-activate|p1a: Garchomp|move: Protect\n|\n|upkeep\n|turn|2\n|inactive|renan.tony has 30 seconds left.\n|\n|t:|1776457502\n|switch|p2a: Gyarados|Gyarados, L50, M|100/100\n|-ability|p2a: Gyarados|Intimidate|boost\n|-unboost|p1a: Garchomp|atk|1\n|-unboost|p1b: Incineroar|atk|1\n|-enditem|p1a: Garchomp|White Herb\n|-clearnegativeboost|p1a: Garchomp|[silent]\n|move|p1b: Incineroar|Fake Out|p2a: Gyarados\n|-damage|p2a: Gyarados|90/100\n|move|p1a: Garchomp|Rock Slide|p2b: Charizard|[spread] p2a,p2b\n|-supereffective|p2a: Gyarados|1\n|-supereffective|p2b: Charizard|2\n|-damage|p2a: Gyarados|46/100\n|-damage|p2b: Charizard|0 fnt\n|faint|p2b: Charizard\n|\n|upkeep\n|\n|t:|1776457514\n|switch|p2b: Garchomp|Garchomp, L50, F|100/100\n|turn|3\n|\n|t:|1776457530\n|detailschange|p2b: Garchomp|Garchomp-Mega, L50, F\n|-mega|p2b: Garchomp|Garchomp|Garchompite\n|move|p1a: Garchomp|Rock Slide|p2a: Gyarados|[spread] p2a,p2b\n|-supereffective|p2a: Gyarados|1\n|-resisted|p2b: Garchomp|1\n|-damage|p2a: Gyarados|6/100\n|-damage|p2b: Garchomp|93/100\n|cant|p2b: Garchomp|flinch\n|move|p2a: Gyarados|Waterfall|p1a: Garchomp\n|-damage|p1a: Garchomp|61/100\n|-damage|p2a: Gyarados|0 fnt|[from] ability: Rough Skin|[of] p1a: Garchomp\n|faint|p2a: Gyarados\n|move|p1b: Incineroar|Parting Shot|p2b: Garchomp\n|-unboost|p2b: Garchomp|atk|1\n|-unboost|p2b: Garchomp|spa|1\n|\n|t:|1776457545\n|switch|p1b: Froslass|Froslass, L50, F|100/100|[from] Parting Shot\n|\n|upkeep\n|\n|t:|1776457548\n|switch|p2a: Meowscarada|Meowscarada, L50, M|75/100\n|turn|4\n|\n|t:|1776457566\n|switch|p1a: Incineroar|Incineroar, L50, F|100/100\n|-ability|p1a: Incineroar|Intimidate|boost\n|-unboost|p2a: Meowscarada|atk|1\n|-unboost|p2b: Garchomp|atk|1\n|detailschange|p1b: Froslass|Froslass-Mega, L50, F\n|-mega|p1b: Froslass|Froslass|Froslassite\n|-weather|Snowscape|[from] ability: Snow Warning|[of] p1b: Froslass\n|move|p2b: Garchomp|Protect|p2b: Garchomp\n|-singleturn|p2b: Garchomp|Protect\n|move|p2a: Meowscarada|Play Rough|p1a: Incineroar\n|-start|p2a: Meowscarada|typechange|Fairy|[from] ability: Protean\n|-damage|p1a: Incineroar|69/100\n|move|p1b: Froslass|Aurora Veil|p1b: Froslass\n|-sidestart|p1: adityanair212|move: Aurora Veil\n|\n|-weather|Snowscape|[upkeep]\n|upkeep\n|turn|5\n|\n|t:|1776457586\n|move|p1a: Incineroar|Fake Out|p2a: Meowscarada\n|-crit|p2a: Meowscarada\n|-damage|p2a: Meowscarada|44/100\n|cant|p2a: Meowscarada|flinch\n|move|p1b: Froslass|Blizzard|p2b: Garchomp|[spread] p2a,p2b\n|-supereffective|p2b: Garchomp|2\n|-damage|p2a: Meowscarada|0 fnt\n|-damage|p2b: Garchomp|0 fnt\n|faint|p2a: Meowscarada\n|faint|p2b: Garchomp\n|\n|win|adityanair212\n|raw|adityanair212's rating: 1077 &rarr; <strong>1110</strong><br />(+33 for winning)\n|raw|renan.tony's rating: 1128 &rarr; <strong>1099</strong><br />(-29 for losing)\n|l|\u2606renan.tony\n|player|p2|\n",
  "uploadtime": 1776457586,
  "views": 26,
  "formatid": "gen9championsvgc2026regma",
  "rating": 1099,
  "private": 0,
  "password": null
}