{
  "id": "gen9championsvgc2026regma-2583175606",
  "format": "[Gen 9 Champions] VGC 2026 Reg M-A",
  "players": [
    "lizardon0516",
    "Jasonjarmoosh"
  ],
  "log": "|j|\u2606lizardon0516\n|j|\u203dJasonjarmoosh\n|t:|1776151173\n|gametype|doubles\n|player|p1|lizardon0516|265|1105\n|player|p2|Jasonjarmoosh|169|1192\n|gen|9\n|tier|[Gen 9 Champions] VGC 2026 Reg M-A\n|rated|\n|rule|Species Clause: Limit one of each Pok\u00e9mon\n|rule|Item Clause: Limit 1 of each item\n|clearpoke\n|poke|p1|Charizard, L50, M|\n|poke|p1|Milotic, L50, F|\n|poke|p1|Sinistcha, L50|\n|poke|p1|Incineroar, L50, M|\n|poke|p1|Sneasler, L50, M|\n|poke|p1|Aerodactyl, L50, F|\n|poke|p2|Azumarill, L50, F|\n|poke|p2|Sinistcha, L50|\n|poke|p2|Incineroar, L50, M|\n|poke|p2|Archaludon, L50, F|\n|poke|p2|Politoed, L50, M|\n|poke|p2|Kangaskhan, L50, F|\n|teampreview|4\n|inactive|Battle timer is ON: inactive players will automatically lose when time's up. (requested by Jasonjarmoosh)\n|\n|t:|1776151205\n|teamsize|p1|4\n|teamsize|p2|4\n|start\n|switch|p1a: Milotic|Milotic, L50, F, shiny|100/100\n|switch|p1b: Sinistcha|Sinistcha, L50|100/100\n|switch|p2a: Kangaskhan|Kangaskhan, L50, F|100/100\n|switch|p2b: Azumarill|Azumarill, L50, F|100/100\n|turn|1\n|\n|t:|1776151222\n|detailschange|p2a: Kangaskhan|Kangaskhan-Mega, L50, F\n|-mega|p2a: Kangaskhan|Kangaskhan|Kangaskhanite\n|move|p1a: Milotic|Protect|p1a: Milotic\n|-singleturn|p1a: Milotic|Protect\n|move|p2a: Kangaskhan|Fake Out|p1b: Sinistcha\n|-immune|p1b: Sinistcha\n|move|p1b: Sinistcha|Matcha Gotcha|p2b: Azumarill|[spread] p2a,p2b\n|-supereffective|p2b: Azumarill|1\n|-damage|p2a: Kangaskhan|81/100\n|-damage|p2b: Azumarill|48/100\n|-enditem|p2b: Azumarill|Sitrus Berry|[eat]\n|-heal|p2b: Azumarill|73/100|[from] item: Sitrus Berry\n|move|p2b: Azumarill|Belly Drum|p2b: Azumarill\n|-damage|p2b: Azumarill|23/100\n|-setboost|p2b: Azumarill|atk|6|[from] move: Belly Drum\n|\n|upkeep\n|turn|2\n|inactive|lizardon0516 has 30 seconds left.\n|\n|t:|1776151254\n|switch|p2a: Sinistcha|Sinistcha, L50|100/100\n|-heal|p2b: Azumarill|48/100|[from] ability: Hospitality|[of] p2a: Sinistcha\n|move|p2b: Azumarill|Protect|p2b: Azumarill\n|-singleturn|p2b: Azumarill|Protect\n|move|p1b: Sinistcha|Rage Powder|p1b: Sinistcha\n|-singleturn|p1b: Sinistcha|move: Rage Powder\n|move|p1a: Milotic|Scald|p2b: Azumarill\n|-activate|p2b: Azumarill|move: Protect\n|\n|upkeep\n|turn|3\n|\n|t:|1776151272\n|move|p2a: Sinistcha|Rage Powder|p2a: Sinistcha\n|-singleturn|p2a: Sinistcha|move: Rage Powder\n|move|p1a: Milotic|Icy Wind|p2a: Sinistcha|[spread] \n|-miss|p1a: Milotic|p2a: Sinistcha\n|-miss|p1a: Milotic|p2b: Azumarill\n|move|p1b: Sinistcha|Matcha Gotcha|p2b: Azumarill|[spread] p2a,p2b\n|-resisted|p2a: Sinistcha|1\n|-supereffective|p2b: Azumarill|1\n|-damage|p2a: Sinistcha|88/100\n|-damage|p2b: Azumarill|0 fnt\n|faint|p2b: Azumarill\n|\n|upkeep\n|\n|t:|1776151283\n|switch|p2b: Kangaskhan|Kangaskhan-Mega, L50, F|81/100\n|turn|4\n|\n|t:|1776151301\n|move|p1a: Milotic|Protect|p1a: Milotic\n|-singleturn|p1a: Milotic|Protect\n|move|p2b: Kangaskhan|Fake Out|p1a: Milotic\n|-activate|p1a: Milotic|move: Protect\n|move|p1b: Sinistcha|Matcha Gotcha|p2a: Sinistcha|[spread] p2a\n|-miss|p1b: Sinistcha|p2b: Kangaskhan\n|-resisted|p2a: Sinistcha|1\n|-damage|p2a: Sinistcha|75/100\n|move|p2a: Sinistcha|Trick Room|p2a: Sinistcha\n|-fieldstart|move: Trick Room|[of] p2a: Sinistcha\n|\n|upkeep\n|turn|5\n|\n|t:|1776151319\n|switch|p2b: Politoed|Politoed, L50, M|100/100\n|-weather|RainDance|[from] ability: Drizzle|[of] p2b: Politoed\n|move|p2a: Sinistcha|Matcha Gotcha|p1b: Sinistcha|[spread] p1a,p1b\n|-supereffective|p1a: Milotic|1\n|-resisted|p1b: Sinistcha|1\n|-damage|p1a: Milotic|70/100\n|-heal|p2a: Sinistcha|92/100|[from] drain|[of] p1a: Milotic\n|-damage|p1b: Sinistcha|89/100\n|-heal|p2a: Sinistcha|97/100|[from] drain|[of] p1b: Sinistcha\n|move|p1a: Milotic|Scald|p2b: Politoed\n|-resisted|p2b: Politoed|1\n|-damage|p2b: Politoed|84/100\n|move|p1b: Sinistcha|Trick Room|p1b: Sinistcha\n|-fieldend|move: Trick Room\n|\n|-weather|RainDance|[upkeep]\n|-heal|p1a: Milotic|76/100|[from] item: Leftovers\n|-heal|p2b: Politoed|90/100|[from] item: Leftovers\n|upkeep\n|turn|6\n|inactive|lizardon0516 has 30 seconds left.\n|inactive|lizardon0516 has 20 seconds left.\n|\n|t:|1776151357\n|move|p1a: Milotic|Coil|p1a: Milotic\n|-boost|p1a: Milotic|atk|1\n|-boost|p1a: Milotic|def|1\n|-boost|p1a: Milotic|accuracy|1\n|move|p2b: Politoed|Icy Wind|p1b: Sinistcha|[spread] p1a,p1b\n|-resisted|p1a: Milotic|1\n|-supereffective|p1b: Sinistcha|1\n|-damage|p1a: Milotic|74/100\n|-damage|p1b: Sinistcha|70/100\n|-unboost|p1a: Milotic|spe|1\n|-ability|p1a: Milotic|Competitive|boost\n|-boost|p1a: Milotic|spa|2\n|-unboost|p1b: Sinistcha|spe|1\n|move|p2a: Sinistcha|Matcha Gotcha|p1b: Sinistcha|[spread] p1a,p1b\n|-supereffective|p1a: Milotic|1\n|-resisted|p1b: Sinistcha|1\n|-damage|p1a: Milotic|46/100\n|-heal|p2a: Sinistcha|100/100|[from] drain|[of] p1a: Milotic\n|-damage|p1b: Sinistcha|58/100\n|-status|p1a: Milotic|brn\n|move|p1b: Sinistcha|Matcha Gotcha|p2a: Sinistcha|[spread] p2a,p2b\n|-resisted|p2a: Sinistcha|1\n|-supereffective|p2b: Politoed|1\n|-damage|p2a: Sinistcha|88/100\n|-heal|p1b: Sinistcha|65/100|[from] drain|[of] p2a: Sinistcha\n|-damage|p2b: Politoed|53/100\n|-heal|p1b: Sinistcha|86/100|[from] drain|[of] p2b: Politoed\n|\n|-weather|RainDance|[upkeep]\n|-heal|p2b: Politoed|59/100|[from] item: Leftovers\n|-heal|p1a: Milotic|52/100 brn|[from] item: Leftovers\n|-damage|p1a: Milotic|46/100 brn|[from] brn\n|upkeep\n|turn|7\n|-message|Jasonjarmoosh forfeited.\n|\n|win|lizardon0516\n|raw|lizardon0516's rating: 1105 &rarr; <strong>1136</strong><br />(+31 for winning)\n|raw|Jasonjarmoosh's rating: 1192 &rarr; <strong>1161</strong><br />(-31 for losing)\n|l|\u203dJasonjarmoosh\n|player|p2|\n",
  "uploadtime": 1776151390,
  "views": 23,
  "formatid": "gen9championsvgc2026regma",
  "rating": 1136,
  "private": 0,
  "password": null
}