{
  "id": "gen9championsvgc2026regma-2585404375",
  "format": "[Gen 9 Champions] VGC 2026 Reg M-A",
  "players": [
    "honeybeegirl122",
    "zlobo98"
  ],
  "log": "|j|\u2606honeybeegirl122\n|j|\u2606zlobo98\n|t:|1776344862\n|gametype|doubles\n|player|p1|honeybeegirl122|lass|1000\n|player|p2|zlobo98|2|1100\n|gen|9\n|tier|[Gen 9 Champions] VGC 2026 Reg M-A\n|rated|\n|rule|Species Clause: Limit one of each Pok\u00e9mon\n|rule|Item Clause: Limit 1 of each item\n|clearpoke\n|poke|p1|Gengar, L50, M|\n|poke|p1|Politoed, L50, M|\n|poke|p1|Basculegion, L50, M|\n|poke|p1|Maushold, L50|\n|poke|p1|Incineroar, L50, F|\n|poke|p1|Aromatisse, L50, M|\n|poke|p2|Tyranitar, L50, M|\n|poke|p2|Meganium, L50, F|\n|poke|p2|Basculegion, L50, M|\n|poke|p2|Garchomp, L50, F|\n|poke|p2|Sneasler, L50, F|\n|poke|p2|Aerodactyl, L50, M|\n|teampreview|4\n|\n|t:|1776344905\n|teamsize|p1|4\n|teamsize|p2|4\n|start\n|switch|p1a: Gengar|Gengar, L50, M|100/100\n|switch|p1b: Basculegion|Basculegion, L50, M|100/100\n|switch|p2a: Meganium|Meganium, L50, F|100/100\n|switch|p2b: Sneasler|Sneasler, L50, F|100/100\n|turn|1\n|\n|t:|1776344921\n|switch|p2a: Basculegion|Basculegion, L50, M|100/100\n|detailschange|p1a: Gengar|Gengar-Mega, L50, M\n|-mega|p1a: Gengar|Gengar|Gengarite\n|move|p1a: Gengar|Perish Song|p1a: Gengar\n|-start|p1a: Gengar|perish3|[silent]\n|-start|p1b: Basculegion|perish3|[silent]\n|-start|p2a: Basculegion|perish3|[silent]\n|-start|p2b: Sneasler|perish3|[silent]\n|-fieldactivate|move: Perish Song\n|move|p2b: Sneasler|Dire Claw|p1a: Gengar\n|-resisted|p1a: Gengar|2\n|-damage|p1a: Gengar|89/100\n|move|p1b: Basculegion|Confuse Ray|p2b: Sneasler\n|-start|p2b: Sneasler|confusion\n|\n|-start|p2a: Basculegion|perish3\n|-start|p1a: Gengar|perish3\n|-start|p2b: Sneasler|perish3\n|-start|p1b: Basculegion|perish3\n|upkeep\n|turn|2\n|\n|t:|1776344943\n|move|p1a: Gengar|Protect|p1a: Gengar\n|-singleturn|p1a: Gengar|Protect\n|move|p2a: Basculegion|Last Respects|p1b: Basculegion\n|-supereffective|p1b: Basculegion|1\n|-damage|p1b: Basculegion|32/100\n|-activate|p2b: Sneasler|confusion\n|move|p2b: Sneasler|Dire Claw|p1b: Basculegion\n|-resisted|p1b: Basculegion|1\n|-damage|p1b: Basculegion|8/100\n|move|p1b: Basculegion|Soak|p2a: Basculegion\n|-start|p2a: Basculegion|typechange|Water\n|\n|-start|p2a: Basculegion|perish2\n|-start|p1a: Gengar|perish2\n|-start|p2b: Sneasler|perish2\n|-start|p1b: Basculegion|perish2\n|upkeep\n|turn|3\n|\n|t:|1776344972\n|switch|p1a: Aromatisse|Aromatisse, L50, M, shiny|100/100\n|move|p2a: Basculegion|Last Respects|p1a: Aromatisse\n|-damage|p1a: Aromatisse|88/100\n|-activate|p2b: Sneasler|confusion\n|move|p2b: Sneasler|Dire Claw|p1a: Aromatisse\n|-supereffective|p1a: Aromatisse|1\n|-enditem|p1a: Aromatisse|Kebia Berry|[eat]\n|-enditem|p1a: Aromatisse|Kebia Berry|[weaken]\n|-damage|p1a: Aromatisse|49/100\n|move|p1b: Basculegion|Flip Turn|p1a: Aromatisse\n|-crit|p1a: Aromatisse\n|-damage|p1a: Aromatisse|24/100\n|\n|t:|1776344986\n|switch|p1b: Gengar|Gengar-Mega, L50, M|89/100|[from] Flip Turn\n|\n|-start|p2a: Basculegion|perish1\n|-start|p2b: Sneasler|perish1\n|upkeep\n|turn|4\n|\n|t:|1776344995\n|move|p1b: Gengar|Protect|p1b: Gengar\n|-singleturn|p1b: Gengar|Protect\n|move|p1a: Aromatisse|Protect|p1a: Aromatisse\n|-singleturn|p1a: Aromatisse|Protect\n|move|p2a: Basculegion|Last Respects|p1b: Gengar\n|-activate|p1b: Gengar|move: Protect\n|-end|p2b: Sneasler|confusion\n|move|p2b: Sneasler|Dire Claw|p1a: Aromatisse\n|-activate|p1a: Aromatisse|move: Protect\n|\n|-start|p2a: Basculegion|perish0\n|-start|p2b: Sneasler|perish0\n|faint|p2a: Basculegion\n|faint|p2b: Sneasler\n|upkeep\n|\n|t:|1776345000\n|switch|p2b: Tyranitar|Tyranitar, L50, M|100/100\n|switch|p2a: Meganium|Meganium, L50, F|100/100\n|-weather|Sandstorm|[from] ability: Sand Stream|[of] p2b: Tyranitar\n|turn|5\n|\n|t:|1776345021\n|detailschange|p2a: Meganium|Meganium-Mega, L50, F\n|-mega|p2a: Meganium|Meganium|Meganiumite\n|move|p2a: Meganium|Protect|p2a: Meganium\n|-singleturn|p2a: Meganium|Protect\n|move|p1a: Aromatisse|Ally Switch|p1a: Aromatisse\n|swap|p1a: Aromatisse|1|[from] move: Ally Switch\n|move|p1a: Gengar|Perish Song|p1a: Gengar\n|-start|p1a: Gengar|perish3|[silent]\n|-start|p1b: Aromatisse|perish3|[silent]\n|-start|p2a: Meganium|perish3|[silent]\n|-start|p2b: Tyranitar|perish3|[silent]\n|-fieldactivate|move: Perish Song\n|move|p2b: Tyranitar|Rock Slide|p1b: Aromatisse|[spread] p1a\n|-miss|p2b: Tyranitar|p1b: Aromatisse\n|-damage|p1a: Gengar|56/100\n|\n|-weather|Sandstorm|[upkeep]\n|-damage|p1a: Gengar|50/100|[from] Sandstorm\n|-damage|p2a: Meganium|95/100|[from] Sandstorm\n|-damage|p1b: Aromatisse|18/100|[from] Sandstorm\n|-start|p1a: Gengar|perish3\n|-start|p2b: Tyranitar|perish3\n|-start|p2a: Meganium|perish3\n|-start|p1b: Aromatisse|perish3\n|upkeep\n|turn|6\n|\n|t:|1776345042\n|move|p1a: Gengar|Protect|p1a: Gengar\n|-singleturn|p1a: Gengar|Protect\n|move|p1b: Aromatisse|Protect|p1b: Aromatisse\n|-singleturn|p1b: Aromatisse|Protect\n|move|p2b: Tyranitar|Knock Off|p1a: Gengar\n|-activate|p1a: Gengar|move: Protect\n|move|p2a: Meganium|Dazzling Gleam|p1a: Gengar|[spread] \n|-activate|p1a: Gengar|move: Protect\n|-activate|p1b: Aromatisse|move: Protect\n|\n|-weather|Sandstorm|[upkeep]\n|-damage|p1a: Gengar|44/100|[from] Sandstorm\n|-damage|p2a: Meganium|89/100|[from] Sandstorm\n|-damage|p1b: Aromatisse|13/100|[from] Sandstorm\n|-start|p1a: Gengar|perish2\n|-start|p2b: Tyranitar|perish2\n|-start|p2a: Meganium|perish2\n|-start|p1b: Aromatisse|perish2\n|upkeep\n|turn|7\n|\n|t:|1776345064\n|switch|p1a: Politoed|Politoed, L50, M, shiny|100/100\n|-weather|RainDance|[from] ability: Drizzle|[of] p1a: Politoed\n|switch|p1b: Basculegion|Basculegion, L50, M|8/100\n|move|p2b: Tyranitar|Knock Off|p1a: Politoed\n|-damage|p1a: Politoed|59/100\n|-enditem|p1a: Politoed|Sitrus Berry|[from] move: Knock Off|[of] p2b: Tyranitar\n|move|p2a: Meganium|Dazzling Gleam|p1b: Basculegion|[spread] p1a,p1b\n|-damage|p1a: Politoed|30/100\n|-damage|p1b: Basculegion|0 fnt\n|faint|p1b: Basculegion\n|\n|-weather|RainDance|[upkeep]\n|-start|p2b: Tyranitar|perish1\n|-start|p2a: Meganium|perish1\n|upkeep\n|\n|t:|1776345082\n|switch|p1b: Gengar|Gengar-Mega, L50, M|44/100\n|turn|8\n|-message|zlobo98 forfeited.\n|\n|win|honeybeegirl122\n|raw|honeybeegirl122's rating: 1000 &rarr; <strong>1051</strong><br />(+51 for winning)\n|raw|zlobo98's rating: 1100 &rarr; <strong>1068</strong><br />(-32 for losing)\n|l|\u2606zlobo98\n|player|p2|\n",
  "uploadtime": 1776345102,
  "views": 45,
  "formatid": "gen9championsvgc2026regma",
  "rating": 1051,
  "private": 0,
  "password": null
}