{
  "id": "gen9championsvgc2026regma-2589480223",
  "format": "[Gen 9 Champions] VGC 2026 Reg M-A",
  "players": [
    "SDLT 2KRL March",
    "Mildly Displeased"
  ],
  "log": "|raw|<div class=\"broadcast-blue\"><strong>This battle is required to be public due to a player having a name starting with 'sdlt'.</div>\n|j|\u2606SDLT 2KRL March\n|j|\u2606Mildly Displeased\n|t:|1776726756\n|gametype|doubles\n|player|p1|SDLT 2KRL March|valerie|1484\n|player|p2|Mildly Displeased|dawn|1455\n|gen|9\n|tier|[Gen 9 Champions] VGC 2026 Reg M-A\n|rated|\n|rule|Species Clause: Limit one of each Pok\u00e9mon\n|rule|Item Clause: Limit 1 of each item\n|clearpoke\n|poke|p1|Kangaskhan, L50, F, shiny|\n|poke|p1|Farigiraf, L50, F, shiny|\n|poke|p1|Talonflame, L50, M, shiny|\n|poke|p1|Sneasler, L50, F, shiny|\n|poke|p1|Basculegion, L50, M|\n|poke|p1|Froslass, L50, F|\n|poke|p2|Primarina, L50, M|\n|poke|p2|Sinistcha, L50|\n|poke|p2|Aegislash, L50, M|\n|poke|p2|Pelipper, L50, M|\n|poke|p2|Scizor, L50, F|\n|poke|p2|Clefable, L50, F|\n|teampreview|4\n|inactive|Battle timer is ON: inactive players will automatically lose when time's up. (requested by Mildly Displeased)\n|inactive|SDLT 2KRL March also wants the timer to be on.\n|\n|t:|1776726785\n|teamsize|p1|4\n|teamsize|p2|4\n|start\n|switch|p1a: Froslass|Froslass, L50, F|100/100\n|switch|p1b: Sneasler|Sneasler, L50, F, shiny|100/100\n|switch|p2a: Scizor|Scizor, L50, F|100/100\n|switch|p2b: Sinistcha|Sinistcha, L50|100/100\n|turn|1\n|\n|t:|1776726808\n|switch|p2b: Pelipper|Pelipper, L50, M|100/100\n|-weather|RainDance|[from] ability: Drizzle|[of] p2b: Pelipper\n|detailschange|p1a: Froslass|Froslass-Mega, L50, F\n|-mega|p1a: Froslass|Froslass|Froslassite\n|-weather|Snowscape|[from] ability: Snow Warning|[of] p1a: Froslass\n|detailschange|p2a: Scizor|Scizor-Mega, L50, F\n|-mega|p2a: Scizor|Scizor|Scizorite\n|move|p1b: Sneasler|Fake Out|p2a: Scizor\n|-resisted|p2a: Scizor|1\n|-damage|p2a: Scizor|95/100\n|move|p1a: Froslass|Blizzard|p2b: Pelipper|[spread] p2a,p2b\n|-resisted|p2a: Scizor|1\n|-damage|p2a: Scizor|72/100\n|-damage|p2b: Pelipper|41/100\n|cant|p2a: Scizor|flinch\n|\n|-weather|Snowscape|[upkeep]\n|upkeep\n|turn|2\n|\n|t:|1776726826\n|switch|p1b: Ryoiki Tenkai|Farigiraf, L50, F, shiny|100/100\n|move|p2b: Pelipper|Wide Guard|p2b: Pelipper\n|-singleturn|p2b: Pelipper|Wide Guard\n|move|p1a: Froslass|Blizzard|p2a: Scizor|[spread] \n|-activate|p2a: Scizor|move: Wide Guard\n|-activate|p2b: Pelipper|move: Wide Guard\n|move|p2a: Scizor|Dual Wingbeat|p1b: Ryoiki Tenkai\n|-damage|p1b: Ryoiki Tenkai|77/100\n|-damage|p1b: Ryoiki Tenkai|52/100\n|-hitcount|p1b: Ryoiki Tenkai|2\n|\n|-weather|Snowscape|[upkeep]\n|upkeep\n|turn|3\n|\n|t:|1776726846\n|move|p1a: Froslass|Aurora Veil|p1a: Froslass\n|-sidestart|p1: SDLT 2KRL March|move: Aurora Veil\n|move|p2a: Scizor|Bug Bite|p1b: Ryoiki Tenkai\n|-supereffective|p1b: Ryoiki Tenkai|1\n|-damage|p1b: Ryoiki Tenkai|0 fnt\n|-enditem|p1b: Ryoiki Tenkai|Colbur Berry|[from] stealeat|[move] Bug Bite|[of] p2a: Scizor\n|faint|p1b: Ryoiki Tenkai\n|move|p2b: Pelipper|Tailwind|p2b: Pelipper\n|-sidestart|p2: Mildly Displeased|move: Tailwind\n|\n|-weather|Snowscape|[upkeep]\n|upkeep\n|\n|t:|1776726857\n|switch|p1b: Sneasler|Sneasler, L50, F, shiny|100/100\n|turn|4\n|\n|t:|1776726862\n|move|p1b: Sneasler|Fake Out|p2a: Scizor\n|-resisted|p2a: Scizor|1\n|-damage|p2a: Scizor|66/100\n|cant|p2a: Scizor|flinch\n|move|p1a: Froslass|Shadow Ball|p2a: Scizor\n|-damage|p2a: Scizor|21/100\n|-unboost|p2a: Scizor|spd|1\n|move|p2b: Pelipper|Hurricane|p1b: Sneasler|[miss]\n|-miss|p2b: Pelipper|p1b: Sneasler\n|\n|-weather|Snowscape|[upkeep]\n|upkeep\n|turn|5\n|inactive|SDLT 2KRL March has 30 seconds left.\n|inactive|SDLT 2KRL March has 20 seconds left.\n|inactive|SDLT 2KRL March has 15 seconds left.\n|\n|t:|1776726906\n|switch|p2b: Aegislash|Aegislash, L50, M|100/100\n|move|p2a: Scizor|Dual Wingbeat|p1b: Sneasler\n|-supereffective|p1b: Sneasler|1\n|-damage|p1b: Sneasler|46/100\n|-supereffective|p1b: Sneasler|1\n|-damage|p1b: Sneasler|0 fnt\n|faint|p1b: Sneasler\n|-hitcount|p1: Sneasler|2\n|move|p1a: Froslass|Shadow Ball|p2a: Scizor\n|-damage|p2a: Scizor|0 fnt\n|faint|p2a: Scizor\n|\n|-weather|none\n|upkeep\n|\n|t:|1776726921\n|switch|p1b: Basculegion|Basculegion, L50, M|100/100\n|switch|p2a: Pelipper|Pelipper, L50, M|41/100\n|-weather|RainDance|[from] ability: Drizzle|[of] p2a: Pelipper\n|turn|6\n|\n|t:|1776726943\n|move|p1a: Froslass|Shadow Ball|p2a: Pelipper\n|-damage|p2a: Pelipper|0 fnt\n|faint|p2a: Pelipper\n|-formechange|p2b: Aegislash|Aegislash-Blade|\n|move|p2b: Aegislash|Poltergeist|p1b: Basculegion\n|-activate|p1b: Basculegion|move: Poltergeist|Mystic Water\n|-supereffective|p1b: Basculegion|1\n|-damage|p1b: Basculegion|0 fnt\n|faint|p1b: Basculegion\n|\n|-weather|RainDance|[upkeep]\n|-sideend|p2: Mildly Displeased|move: Tailwind\n|upkeep\n|\n|t:|1776726952\n|switch|p2a: Sinistcha|Sinistcha, L50|100/100\n|turn|7\n|\n|t:|1776726966\n|-formechange|p2b: Aegislash|Aegislash|\n|move|p2b: Aegislash|King's Shield|p2b: Aegislash\n|-singleturn|p2b: Aegislash|Protect\n|move|p1a: Froslass|Shadow Ball|p2b: Aegislash\n|-activate|p2b: Aegislash|move: Protect\n|move|p2a: Sinistcha|Trick Room|p2a: Sinistcha\n|-fieldstart|move: Trick Room|[of] p2a: Sinistcha\n|\n|-weather|RainDance|[upkeep]\n|-sideend|p1: SDLT 2KRL March|move: Aurora Veil\n|upkeep\n|turn|8\n|-message|SDLT 2KRL March forfeited.\n|\n|win|Mildly Displeased\n|raw|SDLT 2KRL March's rating: 1484 &rarr; <strong>1462</strong><br />(-22 for losing)\n|raw|Mildly Displeased's rating: 1455 &rarr; <strong>1477</strong><br />(+22 for winning)\n",
  "uploadtime": 1776726972,
  "views": 6,
  "formatid": "gen9championsvgc2026regma",
  "rating": 1462,
  "private": 0,
  "password": null
}