{
  "id": "gen9championsvgc2026regma-2586816738",
  "format": "[Gen 9 Champions] VGC 2026 Reg M-A",
  "players": [
    "madjabberwock",
    "Mongoose556"
  ],
  "log": "|j|\u2606madjabberwock\n|j|\u2606Mongoose556\n|t:|1776462299\n|gametype|doubles\n|player|p1|madjabberwock|bede|1107\n|player|p2|Mongoose556|265|1082\n|gen|9\n|tier|[Gen 9 Champions] VGC 2026 Reg M-A\n|rated|\n|rule|Species Clause: Limit one of each Pok\u00e9mon\n|rule|Item Clause: Limit 1 of each item\n|clearpoke\n|poke|p1|Ampharos, L50, M|\n|poke|p1|Sableye, L50, M|\n|poke|p1|Scizor, L50, F|\n|poke|p1|Mamoswine, L50, M|\n|poke|p1|Politoed, L50, F|\n|poke|p1|Farigiraf, L50, F|\n|poke|p2|Gyarados, L50, M|\n|poke|p2|Araquanid, L50, F|\n|poke|p2|Samurott-Hisui, L50, M|\n|poke|p2|Starmie, L50|\n|poke|p2|Feraligatr, L50, M|\n|poke|p2|Simipour, L50, M|\n|teampreview|4\n|\n|t:|1776462338\n|teamsize|p1|4\n|teamsize|p2|4\n|start\n|switch|p1a: Farigiraf|Farigiraf, L50, F|100/100\n|switch|p1b: Ampharos|Ampharos, L50, M, shiny|100/100\n|switch|p2a: Samurott|Samurott-Hisui, L50, M, shiny|100/100\n|switch|p2b: Aractivenid|Araquanid, L50, F, shiny|100/100\n|turn|1\n|\n|t:|1776462354\n|detailschange|p1b: Ampharos|Ampharos-Mega, L50, M, shiny\n|-mega|p1b: Ampharos|Ampharos|Ampharosite\n|-ability|p1b: Ampharos|Mold Breaker\n|move|p2a: Samurott|Ceaseless Edge|p1a: Farigiraf\n|-supereffective|p1a: Farigiraf|1\n|-enditem|p1a: Farigiraf|Colbur Berry|[eat]\n|-enditem|p1a: Farigiraf|Colbur Berry|[weaken]\n|-damage|p1a: Farigiraf|71/100\n|-sidestart|p1: madjabberwock|Spikes\n|move|p2b: Aractivenid|Liquidation|p1b: Ampharos\n|-resisted|p1b: Ampharos|1\n|-damage|p1b: Ampharos|79/100\n|move|p1b: Ampharos|Dragon Pulse|p2b: Aractivenid\n|-damage|p2b: Aractivenid|62/100\n|move|p1a: Farigiraf|Trick Room|p1a: Farigiraf\n|-fieldstart|move: Trick Room|[of] p1a: Farigiraf\n|\n|upkeep\n|turn|2\n|\n|t:|1776462372\n|move|p1a: Farigiraf|Protect|p1a: Farigiraf\n|-singleturn|p1a: Farigiraf|Protect\n|move|p1b: Ampharos|Discharge|p2b: Aractivenid|[spread] p2a,p2b\n|-activate|p1a: Farigiraf|move: Protect\n|-supereffective|p2a: Samurott|1\n|-supereffective|p2b: Aractivenid|1\n|-damage|p2a: Samurott|0 fnt\n|-damage|p2b: Aractivenid|4/100\n|faint|p2a: Samurott\n|move|p2b: Aractivenid|Leech Life|p1a: Farigiraf\n|-activate|p1a: Farigiraf|move: Protect\n|\n|upkeep\n|\n|t:|1776462379\n|switch|p2a: Swampy|Feraligatr, L50, M, shiny|100/100\n|turn|3\n|\n|t:|1776462390\n|switch|p1a: Politoed|Politoed, L50, F|100/100\n|-damage|p1a: Politoed|88/100|[from] Spikes\n|-weather|RainDance|[from] ability: Drizzle|[of] p1a: Politoed\n|detailschange|p2a: Swampy|Feraligatr-Mega, L50, M, shiny\n|-mega|p2a: Swampy|Feraligatr|Feraligite\n|move|p1b: Ampharos|Thunder|p2a: Swampy\n|-damage|p2a: Swampy|19/100\n|-status|p2a: Swampy|par\n|move|p2b: Aractivenid|Leech Life|p1b: Ampharos\n|-damage|p1b: Ampharos|58/100\n|-heal|p2b: Aractivenid|16/100|[from] drain|[of] p1b: Ampharos\n|move|p2a: Swampy|Body Slam|p1b: Ampharos\n|-supereffective|p1b: Ampharos|1\n|-damage|p1b: Ampharos|0 fnt\n|faint|p1b: Ampharos\n|\n|-weather|RainDance|[upkeep]\n|upkeep\n|\n|t:|1776462405\n|switch|p1b: Scizor|Scizor, L50, F|100/100\n|-damage|p1b: Scizor|88/100|[from] Spikes\n|turn|4\n|\n|t:|1776462418\n|move|p1b: Scizor|Bullet Punch|p2b: Aractivenid\n|-resisted|p2b: Aractivenid|1\n|-damage|p2b: Aractivenid|0 fnt\n|faint|p2b: Aractivenid\n|cant|p2a: Swampy|par\n|move|p1a: Politoed|Ice Beam|p2a: Swampy\n|-damage|p2a: Swampy|0 fnt\n|faint|p2a: Swampy\n|\n|-weather|RainDance|[upkeep]\n|upkeep\n|\n|t:|1776462423\n|switch|p2b: Red Lobster|Gyarados, L50, M, shiny|100/100\n|-ability|p2b: Red Lobster|Intimidate|boost\n|-unboost|p1a: Politoed|atk|1\n|-unboost|p1b: Scizor|atk|1\n|turn|5\n|\n|t:|1776462443\n|switch|p1b: Farigiraf|Farigiraf, L50, F|71/100\n|-damage|p1b: Farigiraf|59/100|[from] Spikes\n|move|p1a: Politoed|Ice Beam|p2b: Red Lobster\n|-damage|p2b: Red Lobster|70/100\n|move|p2b: Red Lobster|Power Whip|p1a: Politoed\n|-supereffective|p1a: Politoed|1\n|-damage|p1a: Politoed|0 fnt\n|faint|p1a: Politoed\n|\n|-weather|RainDance|[upkeep]\n|-fieldend|move: Trick Room\n|upkeep\n|\n|t:|1776462452\n|switch|p1a: Scizor|Scizor, L50, F|88/100\n|-damage|p1a: Scizor|76/100|[from] Spikes\n|turn|6\n|\n|t:|1776462461\n|move|p2b: Red Lobster|Waterfall|p1a: Scizor\n|-damage|p1a: Scizor|0 fnt\n|faint|p1a: Scizor\n|move|p1b: Farigiraf|Psychic|p2b: Red Lobster\n|-damage|p2b: Red Lobster|35/100\n|-unboost|p2b: Red Lobster|spd|1\n|\n|-weather|RainDance|[upkeep]\n|upkeep\n|turn|7\n|\n|t:|1776462472\n|move|p2b: Red Lobster|Waterfall|p1b: Farigiraf\n|-damage|p1b: Farigiraf|8/100\n|cant|p1b: Farigiraf|flinch\n|\n|-weather|none\n|upkeep\n|turn|8\n|\n|t:|1776462479\n|move|p2b: Red Lobster|Waterfall|p1b: Farigiraf\n|-damage|p1b: Farigiraf|0 fnt\n|faint|p1b: Farigiraf\n|\n|win|Mongoose556\n|raw|madjabberwock's rating: 1107 &rarr; <strong>1080</strong><br />(-27 for losing)\n|raw|Mongoose556's rating: 1082 &rarr; <strong>1112</strong><br />(+30 for winning)\n|l|\u2606madjabberwock\n|player|p1|\n",
  "uploadtime": 1776462483,
  "views": 19,
  "formatid": "gen9championsvgc2026regma",
  "rating": 1080,
  "private": 0,
  "password": null
}