{
  "id": "gen9championsvgc2026regma-2588068260",
  "format": "[Gen 9 Champions] VGC 2026 Reg M-A",
  "players": [
    "Linux6969",
    "UltraHatrick"
  ],
  "log": "|j|\u2606Linux6969\n|j|\u2606UltraHatrick\n|t:|1776600484\n|gametype|doubles\n|player|p1|Linux6969|170|1109\n|player|p2|UltraHatrick|steven|1097\n|gen|9\n|tier|[Gen 9 Champions] VGC 2026 Reg M-A\n|rated|\n|rule|Species Clause: Limit one of each Pok\u00e9mon\n|rule|Item Clause: Limit 1 of each item\n|clearpoke\n|poke|p1|Gengar, L50, M|\n|poke|p1|Incineroar, L50, M|\n|poke|p1|Sableye, L50, M|\n|poke|p1|Primarina, L50, F|\n|poke|p1|Heliolisk, L50, F|\n|poke|p1|Kommo-o, L50, F|\n|poke|p2|Floette-Eternal, L50, F|\n|poke|p2|Aerodactyl, L50, F|\n|poke|p2|Ninetales-Alola, L50, F|\n|poke|p2|Garchomp, L50, F|\n|poke|p2|Rotom-Frost, L50|\n|poke|p2|Gengar, L50, F|\n|teampreview|4\n|inactive|Battle timer is ON: inactive players will automatically lose when time's up. (requested by Linux6969)\nLinux6969 rejected open team sheets.\n|\n|t:|1776600529\n|teamsize|p1|4\n|teamsize|p2|4\n|start\n|switch|p1a: Gengar|Gengar, L50, M|100/100\n|switch|p1b: Sableye|Sableye, L50, M|100/100\n|switch|p2a: Aerodactyl|Aerodactyl, L50, F|100/100\n|switch|p2b: Floette|Floette-Eternal, L50, F|100/100\n|-ability|p2a: Aerodactyl|Unnerve\n|turn|1\n|\n|t:|1776600548\n|detailschange|p1a: Gengar|Gengar-Mega, L50, M\n|-mega|p1a: Gengar|Gengar|Gengarite\n|move|p2b: Floette|Protect|p2b: Floette\n|-singleturn|p2b: Floette|Protect\n|move|p1b: Sableye|Fake Out|p2a: Aerodactyl\n|-resisted|p2a: Aerodactyl|1\n|-damage|p2a: Aerodactyl|95/100\n|cant|p2a: Aerodactyl|flinch\n|move|p1a: Gengar|Perish Song|p1a: Gengar\n|-start|p1a: Gengar|perish3|[silent]\n|-start|p1b: Sableye|perish3|[silent]\n|-start|p2a: Aerodactyl|perish3|[silent]\n|-start|p2b: Floette|perish3|[silent]\n|-fieldactivate|move: Perish Song\n|\n|-start|p1a: Gengar|perish3\n|-start|p2a: Aerodactyl|perish3\n|-start|p2b: Floette|perish3\n|-start|p1b: Sableye|perish3\n|upkeep\n|turn|2\n|\n|t:|1776600563\n|move|p1a: Gengar|Protect|p1a: Gengar\n|-singleturn|p1a: Gengar|Protect\n|move|p1b: Sableye|Encore|p2b: Floette\n|-start|p2b: Floette|Encore\n|move|p2b: Floette|Protect||[still]\n|-fail|p2b: Floette\n|move|p2a: Aerodactyl|Rock Slide|p1b: Sableye|[spread] p1b\n|-activate|p1a: Gengar|move: Protect\n|-damage|p1b: Sableye|76/100\n|\n|-start|p1a: Gengar|perish2\n|-start|p2a: Aerodactyl|perish2\n|-start|p2b: Floette|perish2\n|-start|p1b: Sableye|perish2\n|upkeep\n|turn|3\n|\n|t:|1776600581\n|move|p2b: Floette|Protect|p2b: Floette\n|-singleturn|p2b: Floette|Protect\n|move|p1b: Sableye|Encore|p2a: Aerodactyl\n|-start|p2a: Aerodactyl|Encore\n|move|p2a: Aerodactyl|Rock Slide|p1b: Sableye|[spread] p1a,p1b\n|-damage|p1a: Gengar|67/100\n|-damage|p1b: Sableye|53/100\n|move|p1a: Gengar|Substitute|p1a: Gengar\n|-start|p1a: Gengar|Substitute\n|-damage|p1a: Gengar|42/100\n|\n|-start|p2a: Aerodactyl|perish1\n|-start|p1a: Gengar|perish1\n|-start|p2b: Floette|perish1\n|-start|p1b: Sableye|perish1\n|upkeep\n|turn|4\n|\n|t:|1776600595\n|switch|p1a: Incineroar|Incineroar, L50, M|100/100\n|-ability|p1a: Incineroar|Intimidate|boost\n|-unboost|p2a: Aerodactyl|atk|1\n|-unboost|p2b: Floette|atk|1\n|switch|p1b: Primarina|Primarina, L50, F|100/100\n|move|p2b: Floette|Protect||[still]\n|-fail|p2b: Floette\n|move|p2a: Aerodactyl|Rock Slide|p1b: Primarina|[spread] p1a,p1b\n|-supereffective|p1a: Incineroar|1\n|-damage|p1a: Incineroar|73/100\n|-damage|p1b: Primarina|83/100\n|\n|-end|p2b: Floette|Encore\n|-start|p2a: Aerodactyl|perish0\n|-start|p2b: Floette|perish0\n|upkeep\n|faint|p2a: Aerodactyl\n|faint|p2b: Floette\n|\n|t:|1776600600\n|switch|p2a: Ninetales|Ninetales-Alola, L50, F|100/100\n|switch|p2b: Garchomp|Garchomp, L50, F|100/100\n|-weather|Snowscape|[from] ability: Snow Warning|[of] p2a: Ninetales\n|turn|5\n|\n|t:|1776600621\n|move|p2a: Ninetales|Protect|p2a: Ninetales\n|-singleturn|p2a: Ninetales|Protect\n|move|p1a: Incineroar|Fake Out|p2b: Garchomp\n|-damage|p2b: Garchomp|88/100\n|-damage|p1a: Incineroar|60/100|[from] ability: Rough Skin|[of] p2b: Garchomp\n|cant|p2b: Garchomp|flinch\n|move|p1b: Primarina|Perish Song|p1b: Primarina\n|-start|p1a: Incineroar|perish3|[silent]\n|-start|p1b: Primarina|perish3|[silent]\n|-start|p2a: Ninetales|perish3|[silent]\n|-start|p2b: Garchomp|perish3|[silent]\n|-fieldactivate|move: Perish Song\n|\n|-weather|Snowscape|[upkeep]\n|-start|p2a: Ninetales|perish3\n|-start|p2b: Garchomp|perish3\n|-start|p1a: Incineroar|perish3\n|-start|p1b: Primarina|perish3\n|upkeep\n|turn|6\n|\n|t:|1776600635\n|move|p1a: Incineroar|Protect|p1a: Incineroar\n|-singleturn|p1a: Incineroar|Protect\n|move|p1b: Primarina|Protect|p1b: Primarina\n|-singleturn|p1b: Primarina|Protect\n|move|p2a: Ninetales|Blizzard|p1a: Incineroar|[spread] \n|-activate|p1a: Incineroar|move: Protect\n|-activate|p1b: Primarina|move: Protect\n|move|p2b: Garchomp|Rock Slide|p1a: Incineroar|[spread] \n|-activate|p1a: Incineroar|move: Protect\n|-activate|p1b: Primarina|move: Protect\n|\n|-weather|Snowscape|[upkeep]\n|-start|p2a: Ninetales|perish2\n|-start|p2b: Garchomp|perish2\n|-start|p1a: Incineroar|perish2\n|-start|p1b: Primarina|perish2\n|upkeep\n|turn|7\n|\n|t:|1776600645\n|move|p1a: Incineroar|Protect|p1a: Incineroar\n|-singleturn|p1a: Incineroar|Protect\n|move|p1b: Primarina|Protect|p1b: Primarina\n|-singleturn|p1b: Primarina|Protect\n|move|p2a: Ninetales|Blizzard|p1a: Incineroar|[spread] \n|-activate|p1a: Incineroar|move: Protect\n|-activate|p1b: Primarina|move: Protect\n|move|p2b: Garchomp|Earthquake|p1a: Incineroar|[spread] p2a\n|-activate|p1a: Incineroar|move: Protect\n|-activate|p1b: Primarina|move: Protect\n|-damage|p2a: Ninetales|59/100\n|\n|-weather|Snowscape|[upkeep]\n|-start|p2a: Ninetales|perish1\n|-start|p2b: Garchomp|perish1\n|-start|p1a: Incineroar|perish1\n|-start|p1b: Primarina|perish1\n|upkeep\n|turn|8\n|c|\u2606UltraHatrick|BRO\n|\n|t:|1776600657\n|move|p1a: Incineroar|Protect||[still]\n|-fail|p1a: Incineroar\n|move|p1b: Primarina|Protect|p1b: Primarina\n|-singleturn|p1b: Primarina|Protect\n|move|p2a: Ninetales|Blizzard|p1b: Primarina|[spread] p1a\n|-activate|p1b: Primarina|move: Protect\n|-resisted|p1a: Incineroar|1\n|-damage|p1a: Incineroar|49/100\n|move|p2b: Garchomp|Earthquake|p1a: Incineroar|[spread] p2a,p1a\n|-activate|p1b: Primarina|move: Protect\n|-supereffective|p1a: Incineroar|1\n|-damage|p2a: Ninetales|20/100\n|-damage|p1a: Incineroar|0 fnt\n|faint|p1a: Incineroar\n|\n|-weather|Snowscape|[upkeep]\n|-start|p2a: Ninetales|perish0\n|-start|p2b: Garchomp|perish0\n|-start|p1b: Primarina|perish0\n|faint|p2a: Ninetales\n|faint|p2b: Garchomp\n|faint|p1b: Primarina\n|\n|win|Linux6969\n|raw|Linux6969's rating: 1109 &rarr; <strong>1133</strong><br />(+24 for winning)\n|raw|UltraHatrick's rating: 1097 &rarr; <strong>1073</strong><br />(-24 for losing)\n|c|\u2606UltraHatrick|TRIPLE PROTECT\n",
  "uploadtime": 1776600673,
  "views": 8,
  "formatid": "gen9championsvgc2026regma",
  "rating": 1073,
  "private": 0,
  "password": null
}