{
  "id": "gen9championsvgc2026regma-2585562225",
  "format": "[Gen 9 Champions] VGC 2026 Reg M-A",
  "players": [
    "MisterBloku",
    "Coradar"
  ],
  "log": "|j|\u2606MisterBloku\n|j|\u2606Coradar\n|t:|1776355687\n|gametype|doubles\n|player|p1|MisterBloku|shadowtriad|1117\n|player|p2|Coradar|265|1042\n|gen|9\n|tier|[Gen 9 Champions] VGC 2026 Reg M-A\n|rated|\n|rule|Species Clause: Limit one of each Pok\u00e9mon\n|rule|Item Clause: Limit 1 of each item\n|clearpoke\n|poke|p1|Scovillain, L50, F|\n|poke|p1|Incineroar, L50, F|\n|poke|p1|Meowstic, L50, M|\n|poke|p1|Milotic, L50, M|\n|poke|p1|Tsareena, L50, F|\n|poke|p1|Wyrdeer, L50, F|\n|poke|p2|Tyranitar, L50, F|\n|poke|p2|Excadrill, L50, F|\n|poke|p2|Whimsicott, L50, M|\n|poke|p2|Kingambit, L50, M|\n|poke|p2|Rotom-Wash, L50|\n|poke|p2|Corviknight, L50, F|\n|teampreview|4\n|inactive|Battle timer is ON: inactive players will automatically lose when time's up. (requested by MisterBloku)\n|\n|t:|1776355747\n|teamsize|p1|4\n|teamsize|p2|4\n|start\n|switch|p1a: Scovillain|Scovillain, L50, F, shiny|100/100\n|switch|p1b: Tsareena|Tsareena, L50, F|100/100\n|switch|p2a: Kingambit|Kingambit, L50, M|100/100\n|switch|p2b: Whimsicott|Whimsicott, L50, M|100/100\n|turn|1\n|inactive|Coradar has 30 seconds left.\n|\n|t:|1776355782\n|detailschange|p1a: Scovillain|Scovillain-Mega, L50, F, shiny\n|-mega|p1a: Scovillain|Scovillain|Scovillainite\n|move|p2a: Kingambit|Protect|p2a: Kingambit\n|-singleturn|p2a: Kingambit|Protect\n|move|p1a: Scovillain|Rage Powder|p1a: Scovillain\n|-singleturn|p1a: Scovillain|move: Rage Powder\n|move|p2b: Whimsicott|Tailwind|p2b: Whimsicott\n|-sidestart|p2: Coradar|move: Tailwind\n|move|p1b: Tsareena|High Jump Kick|p2a: Kingambit\n|-activate|p2a: Kingambit|move: Protect\n|-damage|p1b: Tsareena|51/100|[from] highjumpkick\n|\n|upkeep\n|turn|2\n|inactive|Coradar has 30 seconds left.\n|inactive|Coradar has 20 seconds left.\n|inactive|Coradar has 15 seconds left.\n|\n|t:|1776355826\n|move|p1b: Tsareena|Protect|p1b: Tsareena\n|-singleturn|p1b: Tsareena|Protect\n|move|p2b: Whimsicott|Encore||[still]\n|cant|p1b: Tsareena|ability: Queenly Majesty|Encore|[of] p2b: Whimsicott\n|move|p2a: Kingambit|Kowtow Cleave|p1b: Tsareena\n|-activate|p1b: Tsareena|move: Protect\n|move|p1a: Scovillain|Leech Seed|p2a: Kingambit|[miss]\n|-miss|p1a: Scovillain|p2a: Kingambit\n|\n|upkeep\n|turn|3\n|\n|t:|1776355850\n|move|p1a: Scovillain|Rage Powder|p1a: Scovillain\n|-singleturn|p1a: Scovillain|move: Rage Powder\n|move|p2b: Whimsicott|Encore||[still]\n|cant|p1b: Tsareena|ability: Queenly Majesty|Encore|[of] p2b: Whimsicott\n|move|p2a: Kingambit|Kowtow Cleave|p1a: Scovillain\n|-damage|p1a: Scovillain|45/100\n|-status|p2a: Kingambit|brn|[from] ability: Spicy Spray|[of] p1a: Scovillain\n|move|p1b: Tsareena|Knock Off|p2b: Whimsicott\n|-resisted|p2b: Whimsicott|1\n|-damage|p2b: Whimsicott|76/100\n|-enditem|p2b: Whimsicott|Fairy Feather|[from] move: Knock Off|[of] p1b: Tsareena\n|\n|-damage|p2a: Kingambit|95/100 brn|[from] brn\n|upkeep\n|turn|4\n|inactive|Coradar has 30 seconds left.\n|\n|t:|1776355878\n|move|p1b: Tsareena|Protect|p1b: Tsareena\n|-singleturn|p1b: Tsareena|Protect\n|move|p2b: Whimsicott|Moonblast|p1a: Scovillain\n|-resisted|p1a: Scovillain|1\n|-damage|p1a: Scovillain|28/100\n|-status|p2b: Whimsicott|brn|[from] ability: Spicy Spray|[of] p1a: Scovillain\n|move|p2a: Kingambit|Kowtow Cleave|p1a: Scovillain\n|-damage|p1a: Scovillain|0 fnt\n|faint|p1a: Scovillain\n|\n|-damage|p2b: Whimsicott|70/100 brn|[from] brn\n|-damage|p2a: Kingambit|89/100 brn|[from] brn\n|-sideend|p2: Coradar|move: Tailwind\n|upkeep\n|\n|t:|1776355891\n|switch|p1a: Milotic|Milotic, L50, M|100/100\n|turn|5\n|\n|t:|1776355911\n|move|p2b: Whimsicott|Moonblast|p1b: Tsareena\n|-damage|p1b: Tsareena|8/100\n|move|p1b: Tsareena|Trop Kick|p2a: Kingambit\n|-resisted|p2a: Kingambit|1\n|-damage|p2a: Kingambit|70/100 brn\n|-unboost|p2a: Kingambit|atk|1\n|-ability|p2a: Kingambit|Defiant|boost\n|-boost|p2a: Kingambit|atk|2\n|move|p1a: Milotic|Ice Beam|p2b: Whimsicott\n|-supereffective|p2b: Whimsicott|1\n|-damage|p2b: Whimsicott|0 fnt\n|faint|p2b: Whimsicott\n|move|p2a: Kingambit|Kowtow Cleave|p1b: Tsareena\n|-damage|p1b: Tsareena|0 fnt\n|faint|p1b: Tsareena\n|\n|-damage|p2a: Kingambit|64/100 brn|[from] brn\n|upkeep\n|-message|MisterBloku forfeited.\n|\n|win|Coradar\n|raw|MisterBloku's rating: 1117 &rarr; <strong>1087</strong><br />(-30 for losing)\n|raw|Coradar's rating: 1042 &rarr; <strong>1083</strong><br />(+41 for winning)\n|l|\u2606MisterBloku\n|player|p1|\n",
  "uploadtime": 1776355941,
  "views": 27,
  "formatid": "gen9championsvgc2026regma",
  "rating": 1083,
  "private": 0,
  "password": null
}