{
  "id": "gen9championsvgc2026regma-2586950871",
  "format": "[Gen 9 Champions] VGC 2026 Reg M-A",
  "players": [
    "FormerlyYoonie",
    "skillissueimo"
  ],
  "log": "|j|\u2606FormerlyYoonie\n|j|\u2606skillissueimo\n|t:|1776474889\n|gametype|doubles\n|player|p1|FormerlyYoonie|roxie|\n|player|p2|skillissueimo|mars|\n|gen|9\n|tier|[Gen 9 Champions] VGC 2026 Reg M-A\n|rule|Species Clause: Limit one of each Pok\u00e9mon\n|rule|Item Clause: Limit 1 of each item\n|clearpoke\n|poke|p1|Toucannon, L50, F|\n|poke|p1|Wyrdeer, L50, F|\n|poke|p1|Incineroar, L50, F|\n|poke|p1|Sneasler, L50, M|\n|poke|p1|Gardevoir, L50, M|\n|poke|p1|Ariados, L50, F|\n|poke|p2|Aerodactyl, L50, M|\n|poke|p2|Garchomp, L50, M|\n|poke|p2|Farigiraf, L50, F|\n|poke|p2|Kingambit, L50, F|\n|poke|p2|Froslass, L50, F|\n|poke|p2|Volcarona, L50, F|\n|teampreview|4\nskillissueimo has agreed to open team sheets.\n|\n|t:|1776474980\n|teamsize|p1|4\n|teamsize|p2|4\n|start\n|switch|p1a: Wyrdeer|Wyrdeer, L50, F|100/100\n|switch|p1b: Toucannon|Toucannon, L50, F, shiny|100/100\n|switch|p2a: Froslass|Froslass, L50, F|100/100\n|switch|p2b: Kingambit|Kingambit, L50, F|100/100\n|turn|1\n|\n|t:|1776475001\n|detailschange|p2a: Froslass|Froslass-Mega, L50, F\n|-mega|p2a: Froslass|Froslass|Froslassite\n|-weather|Snowscape|[from] ability: Snow Warning|[of] p2a: Froslass\n|move|p1b: Toucannon|Bullet Seed|p1a: Wyrdeer\n|-ability|p1a: Wyrdeer|Sap Sipper|boost\n|-boost|p1a: Wyrdeer|atk|1\n|move|p2a: Froslass|Blizzard|p1a: Wyrdeer|[spread] p1a,p1b\n|-supereffective|p1b: Toucannon|1\n|-damage|p1a: Wyrdeer|60/100\n|-damage|p1b: Toucannon|0 fnt\n|faint|p1b: Toucannon\n|move|p1a: Wyrdeer|Psyshield Bash|p2a: Froslass\n|-damage|p2a: Froslass|29/100\n|-boost|p1a: Wyrdeer|def|1\n|move|p2b: Kingambit|Kowtow Cleave|p1a: Wyrdeer\n|-supereffective|p1a: Wyrdeer|1\n|-damage|p1a: Wyrdeer|0 fnt\n|faint|p1a: Wyrdeer\n|\n|-weather|Snowscape|[upkeep]\n|upkeep\n|\n|t:|1776475010\n|switch|p1b: Incineroar|Incineroar, L50, F|100/100\n|switch|p1a: Gardevoir|Gardevoir, L50, M, shiny|100/100\n|-ability|p1a: Gardevoir|Defiant|Trace|[from] ability: Trace|[of] p2b: Kingambit\n|-ability|p1b: Incineroar|Intimidate|boost\n|-unboost|p2a: Froslass|atk|1\n|-unboost|p2b: Kingambit|atk|1\n|-ability|p2b: Kingambit|Defiant|boost\n|-boost|p2b: Kingambit|atk|2\n|turn|2\n|\n|t:|1776475032\n|move|p1b: Incineroar|Fake Out|p2b: Kingambit\n|-resisted|p2b: Kingambit|1\n|-damage|p2b: Kingambit|95/100\n|cant|p2b: Kingambit|flinch\n|move|p2a: Froslass|Chilling Water|p1b: Incineroar\n|-supereffective|p1b: Incineroar|1\n|-damage|p1b: Incineroar|70/100\n|-unboost|p1b: Incineroar|atk|1\n|move|p1a: Gardevoir|Calm Mind|p1a: Gardevoir\n|-boost|p1a: Gardevoir|spa|1\n|-boost|p1a: Gardevoir|spd|1\n|\n|-weather|Snowscape|[upkeep]\n|upkeep\n|turn|3\n|\n|t:|1776475050\n|detailschange|p1a: Gardevoir|Gardevoir-Mega, L50, M, shiny\n|-mega|p1a: Gardevoir|Gardevoir|Gardevoirite\n|move|p2a: Froslass|Chilling Water|p1b: Incineroar\n|-supereffective|p1b: Incineroar|1\n|-damage|p1b: Incineroar|40/100\n|-unboost|p1b: Incineroar|atk|1\n|-enditem|p1b: Incineroar|Sitrus Berry|[eat]\n|-heal|p1b: Incineroar|65/100|[from] item: Sitrus Berry\n|move|p1a: Gardevoir|Hyper Voice|p2a: Froslass|[spread] p2a,p2b\n|-damage|p2a: Froslass|0 fnt\n|-damage|p2b: Kingambit|30/100\n|faint|p2a: Froslass\n|move|p1b: Incineroar|Will-O-Wisp|p2b: Kingambit|[miss]\n|-miss|p1b: Incineroar|p2b: Kingambit\n|move|p2b: Kingambit|Kowtow Cleave|p1a: Gardevoir\n|-damage|p1a: Gardevoir|0 fnt\n|faint|p1a: Gardevoir\n|\n|-weather|Snowscape|[upkeep]\n|upkeep\n|\n|t:|1776475065\n|switch|p2a: Aerodactyl|Aerodactyl, L50, M|100/100\n|-ability|p2a: Aerodactyl|Unnerve\n|turn|4\n|\n|t:|1776475075\n|move|p2a: Aerodactyl|Heat Wave|p1b: Incineroar\n|-resisted|p1b: Incineroar|1\n|-damage|p1b: Incineroar|57/100\n|move|p1b: Incineroar|Blaze Kick|p2b: Kingambit\n|-supereffective|p2b: Kingambit|1\n|-damage|p2b: Kingambit|0 fnt\n|faint|p2b: Kingambit\n|\n|-weather|Snowscape|[upkeep]\n|upkeep\n|\n|t:|1776475080\n|switch|p2b: Volcarona|Volcarona, L50, F, shiny|100/100\n|turn|5\n|\n|t:|1776475089\n|move|p2a: Aerodactyl|Heat Wave|p1b: Incineroar\n|-resisted|p1b: Incineroar|1\n|-damage|p1b: Incineroar|49/100\n|move|p2b: Volcarona|Heat Wave|p1b: Incineroar\n|-resisted|p1b: Incineroar|1\n|-crit|p1b: Incineroar\n|-damage|p1b: Incineroar|15/100\n|move|p1b: Incineroar|Blaze Kick|p2b: Volcarona\n|-crit|p2b: Volcarona\n|-damage|p2b: Volcarona|35/100\n|\n|-weather|none\n|upkeep\n|turn|6\n|\n|t:|1776475100\n|move|p2a: Aerodactyl|Heat Wave|p1b: Incineroar\n|-resisted|p1b: Incineroar|1\n|-damage|p1b: Incineroar|8/100\n|move|p2b: Volcarona|Quiver Dance|p2b: Volcarona\n|-boost|p2b: Volcarona|spa|1\n|-boost|p2b: Volcarona|spd|1\n|-boost|p2b: Volcarona|spe|1\n|move|p1b: Incineroar|Blaze Kick|p2b: Volcarona\n|-crit|p2b: Volcarona\n|-damage|p2b: Volcarona|0 fnt\n|-immune|p1b: Incineroar\n|faint|p2b: Volcarona\n|\n|upkeep\n|turn|7\n|\n|t:|1776475113\n|move|p2a: Aerodactyl|Heat Wave|p1b: Incineroar\n|-resisted|p1b: Incineroar|1\n|-damage|p1b: Incineroar|0 fnt\n|faint|p1b: Incineroar\n|\n|win|skillissueimo\n|l|\u2606FormerlyYoonie\n|player|p1|\n",
  "uploadtime": 1776475118,
  "views": 21,
  "formatid": "gen9championsvgc2026regma",
  "rating": null,
  "private": 0,
  "password": null
}