{
  "id": "gen9championsvgc2026regma-2580699426",
  "format": "[Gen 9 Champions] VGC 2026 Reg M-A",
  "players": [
    "Eon_Sikage",
    "yamede\u86c7\u5982"
  ],
  "log": "|j|\u2606Eon_Sikage\n|j|\u203dyamede\u86c7\u5982\n|t:|1775925290\n|gametype|doubles\n|player|p1|Eon_Sikage|101|1063\n|player|p2|yamede\u86c7\u5982|1|1115\n|gen|9\n|tier|[Gen 9 Champions] VGC 2026 Reg M-A\n|rated|\n|rule|Species Clause: Limit one of each Pok\u00e9mon\n|rule|Item Clause: Limit 1 of each item\n|clearpoke\n|poke|p1|Feraligatr, L50, F|\n|poke|p1|Garchomp, L50, M|\n|poke|p1|Aerodactyl, L50, F|\n|poke|p1|Skarmory, L50, M|\n|poke|p1|Runerigus, L50, M|\n|poke|p1|Arcanine-Hisui, L50, F|\n|poke|p2|Tyranitar, L50, F|\n|poke|p2|Milotic, L50, F|\n|poke|p2|Excadrill, L50, F|\n|poke|p2|Gardevoir, L50, F|\n|poke|p2|Incineroar, L50, M|\n|poke|p2|Sinistcha, L50|\n|teampreview|4\n|\n|t:|1775925353\n|teamsize|p1|4\n|teamsize|p2|4\n|start\n|switch|p1a: Garchomp|Garchomp, L50, M|100/100\n|switch|p1b: Aerodactyl|Aerodactyl, L50, F|100/100\n|switch|p2a: Milotic|Milotic, L50, F, shiny|100/100\n|switch|p2b: Incineroar|Incineroar, L50, M|100/100\n|-ability|p2b: Incineroar|Intimidate|boost\n|-unboost|p1a: Garchomp|atk|1\n|-unboost|p1b: Aerodactyl|atk|1\n|turn|1\n|\n|t:|1775925371\n|move|p1a: Garchomp|Protect|p1a: Garchomp\n|-singleturn|p1a: Garchomp|Protect\n|move|p2b: Incineroar|Fake Out|p1b: Aerodactyl\n|-resisted|p1b: Aerodactyl|1\n|-damage|p1b: Aerodactyl|94/100\n|cant|p1b: Aerodactyl|flinch\n|move|p2a: Milotic|Coil|p2a: Milotic\n|-boost|p2a: Milotic|atk|1\n|-boost|p2a: Milotic|def|1\n|-boost|p2a: Milotic|accuracy|1\n|\n|upkeep\n|turn|2\n|\n|t:|1775925397\n|move|p1b: Aerodactyl|Sandstorm|p1b: Aerodactyl\n|-weather|Sandstorm\n|move|p1a: Garchomp|Swords Dance|p1a: Garchomp\n|-boost|p1a: Garchomp|atk|2\n|move|p2a: Milotic|Coil|p2a: Milotic\n|-boost|p2a: Milotic|atk|1\n|-boost|p2a: Milotic|def|1\n|-boost|p2a: Milotic|accuracy|1\n|move|p2b: Incineroar|Parting Shot|p1a: Garchomp\n|-unboost|p1a: Garchomp|atk|1\n|-unboost|p1a: Garchomp|spa|1\n|\n|t:|1775925413\n|switch|p2b: Tyranitar|Tyranitar, L50, F|100/100|[from] Parting Shot\n|\n|-weather|Sandstorm|[upkeep]\n|-damage|p2a: Milotic|95/100|[from] Sandstorm\n|-heal|p2a: Milotic|100/100|[from] item: Leftovers\n|upkeep\n|turn|3\n|\n|t:|1775925464\n|detailschange|p2b: Tyranitar|Tyranitar-Mega, L50, F\n|-mega|p2b: Tyranitar|Tyranitar|Tyranitarite\n|move|p1b: Aerodactyl|Wide Guard|p1b: Aerodactyl\n|-singleturn|p1b: Aerodactyl|Wide Guard\n|move|p1a: Garchomp|Swords Dance|p1a: Garchomp\n|-boost|p1a: Garchomp|atk|2\n|move|p2b: Tyranitar|Dragon Dance|p2b: Tyranitar\n|-boost|p2b: Tyranitar|atk|1\n|-boost|p2b: Tyranitar|spe|1\n|move|p2a: Milotic|Hypnosis|p1a: Garchomp\n|-status|p1a: Garchomp|slp|[from] move: Hypnosis\n|\n|-weather|Sandstorm|[upkeep]\n|-damage|p2a: Milotic|95/100|[from] Sandstorm\n|-heal|p2a: Milotic|100/100|[from] item: Leftovers\n|upkeep\n|turn|4\n|\n|t:|1775925490\n|move|p2b: Tyranitar|Knock Off|p1a: Garchomp\n|-damage|p1a: Garchomp|14/100 slp\n|-enditem|p1a: Garchomp|Bright Powder|[from] move: Knock Off|[of] p2b: Tyranitar\n|move|p1b: Aerodactyl|Rock Slide|p2a: Milotic|[spread] \n|-miss|p1b: Aerodactyl|p2a: Milotic\n|-miss|p1b: Aerodactyl|p2b: Tyranitar\n|cant|p1a: Garchomp|slp\n|move|p2a: Milotic|Muddy Water|p1b: Aerodactyl|[spread] p1a,p1b\n|-supereffective|p1b: Aerodactyl|1\n|-crit|p1b: Aerodactyl\n|-damage|p1a: Garchomp|0 fnt\n|-damage|p1b: Aerodactyl|42/100\n|-unboost|p1b: Aerodactyl|accuracy|1\n|faint|p1a: Garchomp\n|\n|-weather|Sandstorm|[upkeep]\n|-damage|p2a: Milotic|95/100|[from] Sandstorm\n|-heal|p2a: Milotic|100/100|[from] item: Leftovers\n|upkeep\n|\n|t:|1775925507\n|switch|p1a: Arcanine|Arcanine-Hisui, L50, F|100/100\n|-ability|p1a: Arcanine|Intimidate|boost\n|-unboost|p2a: Milotic|atk|1\n|-ability|p2a: Milotic|Competitive|boost\n|-boost|p2a: Milotic|spa|2\n|-unboost|p2b: Tyranitar|atk|1\n|turn|5\n|\n|t:|1775925517\n|move|p1b: Aerodactyl|Wide Guard|p1b: Aerodactyl\n|-singleturn|p1b: Aerodactyl|Wide Guard\n|move|p2b: Tyranitar|Rock Slide|p1b: Aerodactyl|[spread] \n|-activate|p1a: Arcanine|move: Wide Guard\n|-activate|p1b: Aerodactyl|move: Wide Guard\n|move|p1a: Arcanine|Close Combat|p2b: Tyranitar\n|-supereffective|p2b: Tyranitar|2\n|-damage|p2b: Tyranitar|0 fnt\n|-unboost|p1a: Arcanine|def|1\n|-unboost|p1a: Arcanine|spd|1\n|faint|p2b: Tyranitar\n|move|p2a: Milotic|Muddy Water|p1a: Arcanine|[spread] \n|-activate|p1a: Arcanine|move: Wide Guard\n|-activate|p1b: Aerodactyl|move: Wide Guard\n|\n|-weather|Sandstorm|[upkeep]\n|-damage|p2a: Milotic|95/100|[from] Sandstorm\n|-heal|p2a: Milotic|100/100|[from] item: Leftovers\n|upkeep\n|\n|t:|1775925528\n|switch|p2b: Incineroar|Incineroar, L50, M|100/100\n|-ability|p2b: Incineroar|Intimidate|boost\n|-unboost|p1a: Arcanine|atk|1\n|-unboost|p1b: Aerodactyl|atk|1\n|turn|6\n|\n|t:|1775925541\n|switch|p1b: Feraligatr|Feraligatr, L50, F|100/100\n|switch|p2b: Sinistcha|Sinistcha, L50|100/100\n|move|p1a: Arcanine|Rock Slide|p2a: Milotic|[spread] p2a,p2b\n|-damage|p2a: Milotic|92/100\n|-damage|p2b: Sinistcha|84/100\n|cant|p2a: Milotic|flinch\n|\n|-weather|none\n|-heal|p2a: Milotic|98/100|[from] item: Leftovers\n|upkeep\n|turn|7\n|\n|t:|1775925565\n|switch|p2b: Incineroar|Incineroar, L50, M|100/100\n|-ability|p2b: Incineroar|Intimidate|boost\n|-unboost|p1a: Arcanine|atk|1\n|-unboost|p1b: Feraligatr|atk|1\n|detailschange|p1b: Feraligatr|Feraligatr-Mega, L50, F\n|-mega|p1b: Feraligatr|Feraligatr|Feraligite\n|move|p1a: Arcanine|Helping Hand|p1b: Feraligatr\n|-singleturn|p1b: Feraligatr|Helping Hand|[of] p1a: Arcanine\n|move|p1b: Feraligatr|Giga Impact|p2a: Milotic\n|-damage|p2a: Milotic|37/100\n|-mustrecharge|p1b: Feraligatr\n|move|p2a: Milotic|Muddy Water|p1a: Arcanine|[spread] p1a,p1b\n|-supereffective|p1a: Arcanine|2\n|-resisted|p1b: Feraligatr|2\n|-damage|p1a: Arcanine|0 fnt\n|-damage|p1b: Feraligatr|86/100\n|-unboost|p1b: Feraligatr|accuracy|1\n|faint|p1a: Arcanine\n|\n|-heal|p2a: Milotic|43/100|[from] item: Leftovers\n|upkeep\n|\n|t:|1775925581\n|switch|p1a: Aerodactyl|Aerodactyl, L50, F|42/100\n|turn|8\n|\n|t:|1775925591\n|move|p1a: Aerodactyl|Wide Guard|p1a: Aerodactyl\n|-singleturn|p1a: Aerodactyl|Wide Guard\n|cant|p1b: Feraligatr|recharge\n|move|p2a: Milotic|Hypnosis|p1a: Aerodactyl\n|-status|p1a: Aerodactyl|slp|[from] move: Hypnosis\n|move|p2b: Incineroar|Parting Shot|p1b: Feraligatr\n|-unboost|p1b: Feraligatr|atk|1\n|-unboost|p1b: Feraligatr|spa|1\n|\n|t:|1775925594\n|switch|p2b: Sinistcha|Sinistcha, L50|84/100|[from] Parting Shot\n|-heal|p2a: Milotic|67/100|[from] ability: Hospitality|[of] p2b: Sinistcha\n|\n|-heal|p2a: Milotic|73/100|[from] item: Leftovers\n|upkeep\n|turn|9\n|\n|t:|1775925607\n|cant|p1a: Aerodactyl|slp\n|move|p1b: Feraligatr|Dragon Dance|p1b: Feraligatr\n|-boost|p1b: Feraligatr|atk|1\n|-boost|p1b: Feraligatr|spe|1\n|move|p2a: Milotic|Muddy Water|p1b: Feraligatr|[spread] p1a,p1b\n|-supereffective|p1a: Aerodactyl|1\n|-resisted|p1b: Feraligatr|2\n|-damage|p1a: Aerodactyl|0 fnt\n|-damage|p1b: Feraligatr|73/100\n|faint|p1a: Aerodactyl\n|move|p2b: Sinistcha|Matcha Gotcha|p1b: Feraligatr\n|-damage|p1b: Feraligatr|34/100\n|-heal|p2b: Sinistcha|100/100|[from] drain|[of] p1b: Feraligatr\n|-status|p1b: Feraligatr|brn\n|\n|-heal|p2a: Milotic|79/100|[from] item: Leftovers\n|-damage|p1b: Feraligatr|28/100 brn|[from] brn\n|upkeep\n|turn|10\n|-message|Eon_Sikage forfeited.\n|\n|win|yamede\u86c7\u5982\n|raw|Eon_Sikage's rating: 1063 &rarr; <strong>1046</strong><br />(-17 for losing)\n|raw|yamede\u86c7\u5982's rating: 1115 &rarr; <strong>1136</strong><br />(+21 for winning)\n|l|\u2606Eon_Sikage\n|player|p1|\n",
  "uploadtime": 1775925635,
  "views": 33,
  "formatid": "gen9championsvgc2026regma",
  "rating": 1046,
  "private": 0,
  "password": null
}