{
  "id": "gen9championsvgc2026regma-2580668734",
  "format": "[Gen 9 Champions] VGC 2026 Reg M-A",
  "players": [
    "lukeislit",
    "tyrantterror"
  ],
  "log": "|j|\u2606lukeislit\n|j|\u2606tyrantterror\n|t:|1775922817\n|gametype|doubles\n|player|p1|lukeislit|266|1099\n|player|p2|tyrantterror|cynthia|1059\n|gen|9\n|tier|[Gen 9 Champions] VGC 2026 Reg M-A\n|rated|\n|rule|Species Clause: Limit one of each Pok\u00e9mon\n|rule|Item Clause: Limit 1 of each item\n|clearpoke\n|poke|p1|Floette-Eternal, L50, F|\n|poke|p1|Incineroar, L50, F|\n|poke|p1|Whimsicott, L50, M|\n|poke|p1|Tyranitar, L50, F|\n|poke|p1|Excadrill, L50, M|\n|poke|p1|Sinistcha, L50|\n|poke|p2|Tyranitar, L50, M|\n|poke|p2|Excadrill, L50, F|\n|poke|p2|Gyarados, L50, M|\n|poke|p2|Rotom-Heat, L50|\n|poke|p2|Lucario, L50, F|\n|poke|p2|Sinistcha, L50|\n|teampreview|4\ntyrantterror rejected open team sheets.\n|inactive|Battle timer is ON: inactive players will automatically lose when time's up. (requested by lukeislit)\n|\n|t:|1775922882\n|teamsize|p1|4\n|teamsize|p2|4\n|start\n|switch|p1a: Whimsicott|Whimsicott, L50, M|100/100\n|switch|p1b: Tyranitar|Tyranitar, L50, F|100/100\n|switch|p2a: Lucario|Lucario, L50, F|100/100\n|switch|p2b: Rotom|Rotom-Heat, L50|100/100\n|-weather|Sandstorm|[from] ability: Sand Stream|[of] p1b: Tyranitar\n|turn|1\n|\n|t:|1775922898\n|move|p2b: Rotom|Protect|p2b: Rotom\n|-singleturn|p2b: Rotom|Protect\n|move|p1a: Whimsicott|Tailwind|p1a: Whimsicott\n|-sidestart|p1: lukeislit|move: Tailwind\n|move|p1b: Tyranitar|Rock Slide|p2a: Lucario|[spread] p2a\n|-activate|p2b: Rotom|move: Protect\n|-resisted|p2a: Lucario|2\n|-damage|p2a: Lucario|87/100\n|move|p2a: Lucario|Meteor Mash|p1a: Whimsicott\n|-supereffective|p1a: Whimsicott|1\n|-damage|p1a: Whimsicott|0 fnt\n|-boost|p2a: Lucario|atk|1\n|faint|p1a: Whimsicott\n|\n|-weather|Sandstorm|[upkeep]\n|-damage|p2b: Rotom|95/100|[from] Sandstorm\n|upkeep\n|\n|t:|1775922919\n|switch|p1a: Excadrill|Excadrill, L50, M|100/100\n|turn|2\n|\n|t:|1775922934\n|move|p2a: Lucario|Protect|p2a: Lucario\n|-singleturn|p2a: Lucario|Protect\n|move|p1a: Excadrill|Rock Slide|p2a: Lucario|[spread] p2b\n|-activate|p2a: Lucario|move: Protect\n|-supereffective|p2b: Rotom|1\n|-damage|p2b: Rotom|34/100\n|move|p1b: Tyranitar|Rock Slide|p2a: Lucario|[spread] p2b\n|-activate|p2a: Lucario|move: Protect\n|-supereffective|p2b: Rotom|1\n|-damage|p2b: Rotom|0 fnt\n|faint|p2b: Rotom\n|\n|-weather|Sandstorm|[upkeep]\n|upkeep\n|\n|t:|1775922943\n|switch|p2b: Gyarados|Gyarados, L50, M|100/100\n|-ability|p2b: Gyarados|Intimidate|boost\n|-unboost|p1a: Excadrill|atk|1\n|-unboost|p1b: Tyranitar|atk|1\n|turn|3\n|inactive|lukeislit has 30 seconds left.\n|\n|t:|1775922972\n|move|p2b: Gyarados|Helping Hand|p2a: Lucario\n|-singleturn|p2a: Lucario|Helping Hand|[of] p2b: Gyarados\n|move|p1a: Excadrill|Rock Slide|p2a: Lucario|[spread] p2a,p2b\n|-resisted|p2a: Lucario|2\n|-supereffective|p2b: Gyarados|1\n|-damage|p2a: Lucario|82/100\n|-damage|p2b: Gyarados|65/100\n|move|p1b: Tyranitar|Rock Slide|p2a: Lucario|[spread] p2a,p2b\n|-resisted|p2a: Lucario|2\n|-supereffective|p2b: Gyarados|1\n|-damage|p2a: Lucario|74/100\n|-damage|p2b: Gyarados|19/100\n|move|p2a: Lucario|Drain Punch|p1b: Tyranitar\n|-supereffective|p1b: Tyranitar|2\n|-enditem|p1b: Tyranitar|Chople Berry|[eat]\n|-enditem|p1b: Tyranitar|Chople Berry|[weaken]\n|-damage|p1b: Tyranitar|0 fnt\n|-heal|p2a: Lucario|100/100|[from] drain|[of] p1b: Tyranitar\n|faint|p1b: Tyranitar\n|\n|-weather|Sandstorm|[upkeep]\n|-damage|p2b: Gyarados|12/100|[from] Sandstorm\n|upkeep\n|\n|t:|1775922990\n|switch|p1b: Incineroar|Incineroar, L50, F|100/100\n|-ability|p1b: Incineroar|Intimidate|boost\n|-fail|p2a: Lucario|unboost|Attack|[from] ability: Inner Focus|[of] p2a: Lucario\n|-unboost|p2b: Gyarados|atk|1\n|turn|4\n|\n|t:|1775923014\n|move|p2b: Gyarados|Helping Hand|p2a: Lucario\n|-singleturn|p2a: Lucario|Helping Hand|[of] p2b: Gyarados\n|move|p2a: Lucario|Upper Hand||[still]\n|-fail|p2a: Lucario\n|move|p1a: Excadrill|Rock Slide|p2a: Lucario|[spread] p2a,p2b\n|-resisted|p2a: Lucario|2\n|-supereffective|p2b: Gyarados|1\n|-damage|p2a: Lucario|94/100\n|-damage|p2b: Gyarados|0 fnt\n|faint|p2b: Gyarados\n|move|p1b: Incineroar|Flare Blitz|p2a: Lucario\n|-supereffective|p2a: Lucario|1\n|-enditem|p2a: Lucario|Occa Berry|[eat]\n|-enditem|p2a: Lucario|Occa Berry|[weaken]\n|-damage|p2a: Lucario|16/100\n|-damage|p1b: Incineroar|82/100|[from] Recoil\n|\n|-weather|Sandstorm|[upkeep]\n|-damage|p1b: Incineroar|76/100|[from] Sandstorm\n|-sideend|p1: lukeislit|move: Tailwind\n|upkeep\n|\n|t:|1775923031\n|switch|p2b: Excadrill|Excadrill, L50, F|100/100\n|turn|5\n|c|\u2606tyrantterror|NOOOO\n|c|\u2606tyrantterror|You didnt fake out\n|c|\u2606tyrantterror|Boooo\n|c|\u2606lukeislit|:)\n|c|\u2606tyrantterror|I was screaming in discord\n|inactive|lukeislit has 30 seconds left.\n|c|\u2606tyrantterror|DO IT DO IT xD\n|\n|t:|1775923064\n|move|p2a: Lucario|Protect|p2a: Lucario\n|-singleturn|p2a: Lucario|Protect\n|move|p1a: Excadrill|High Horsepower|p2a: Lucario\n|-activate|p2a: Lucario|move: Protect\n|move|p2b: Excadrill|Earthquake|p1a: Excadrill|[spread] p1a,p1b\n|-activate|p2a: Lucario|move: Protect\n|-supereffective|p1a: Excadrill|1\n|-supereffective|p1b: Incineroar|1\n|-enditem|p1a: Excadrill|Focus Sash\n|-damage|p1a: Excadrill|1/100\n|-damage|p1b: Incineroar|0 fnt\n|faint|p1b: Incineroar\n|\n|-weather|none\n|upkeep\n|turn|6\n|c|\u2606lukeislit|ustill win gg\n|inactive|tyrantterror has 30 seconds left.\n|\n|t:|1775923091\n|move|p1a: Excadrill|Protect|p1a: Excadrill\n|-singleturn|p1a: Excadrill|Protect\n|move|p2a: Lucario|Drain Punch|p1a: Excadrill\n|-activate|p1a: Excadrill|move: Protect\n|move|p2b: Excadrill|Iron Head|p1a: Excadrill\n|-activate|p1a: Excadrill|move: Protect\n|\n|upkeep\n|turn|7\n|c|\u2606tyrantterror|gg\n|\n|t:|1775923103\n|move|p2a: Lucario|Meteor Mash|p1a: Excadrill\n|-resisted|p1a: Excadrill|1\n|-damage|p1a: Excadrill|0 fnt\n|faint|p1a: Excadrill\n|\n|win|tyrantterror\n|raw|lukeislit's rating: 1099 &rarr; <strong>1071</strong><br />(-28 for losing)\n|raw|tyrantterror's rating: 1059 &rarr; <strong>1094</strong><br />(+35 for winning)\n",
  "uploadtime": 1775923108,
  "views": 20,
  "formatid": "gen9championsvgc2026regma",
  "rating": 1071,
  "private": 0,
  "password": null
}