{
  "id": "gen9championsvgc2026regma-2581905561",
  "format": "[Gen 9 Champions] VGC 2026 Reg M-A",
  "players": [
    "ParadoxPerry",
    "jiang1015"
  ],
  "log": "|j|\u2606ParadoxPerry\n|j|\u2606jiang1015\n|t:|1776038501\n|gametype|doubles\n|player|p1|ParadoxPerry|guitarist|1294\n|player|p2|jiang1015|barry|1248\n|gen|9\n|tier|[Gen 9 Champions] VGC 2026 Reg M-A\n|rated|\n|rule|Species Clause: Limit one of each Pok\u00e9mon\n|rule|Item Clause: Limit 1 of each item\n|clearpoke\n|poke|p1|Aerodactyl, L50, M|\n|poke|p1|Meowscarada, L50, M|\n|poke|p1|Floette-Eternal, L50, F|\n|poke|p1|Maushold, L50|\n|poke|p1|Basculegion, L50, M|\n|poke|p1|Sneasler, L50, M|\n|poke|p2|Gengar, L50, M|\n|poke|p2|Incineroar, L50, M|\n|poke|p2|Tyranitar, L50, M|\n|poke|p2|Kommo-o, L50, F|\n|poke|p2|Sinistcha, L50|\n|poke|p2|Whimsicott, L50, F|\n|teampreview|4\n|inactive|Battle timer is ON: inactive players will automatically lose when time's up. (requested by jiang1015)\n|inactive|ParadoxPerry has 60 seconds left.\n|inactive|jiang1015 has 60 seconds left.\n|\n|t:|1776038545\n|teamsize|p1|4\n|teamsize|p2|4\n|start\n|switch|p1a: Aerodactyl|Aerodactyl, L50, M|100/100\n|switch|p1b: Basculegion|Basculegion, L50, M|100/100\n|switch|p2a: Gengar|Gengar, L50, M|100/100\n|switch|p2b: Tyranitar|Tyranitar, L50, M|100/100\n|-ability|p1a: Aerodactyl|Unnerve\n|-weather|Sandstorm|[from] ability: Sand Stream|[of] p2b: Tyranitar\n|turn|1\n|\n|t:|1776038567\n|detailschange|p2a: Gengar|Gengar-Mega, L50, M\n|-mega|p2a: Gengar|Gengar|Gengarite\n|move|p1b: Basculegion|Wave Crash|p2b: Tyranitar\n|-supereffective|p2b: Tyranitar|1\n|-damage|p2b: Tyranitar|0 fnt\n|faint|p2b: Tyranitar\n|-damage|p1b: Basculegion|71/100|[from] Recoil\n|move|p1a: Aerodactyl|Tailwind|p1a: Aerodactyl\n|-sidestart|p1: ParadoxPerry|move: Tailwind\n|move|p2a: Gengar|Shadow Ball|p1b: Basculegion\n|-supereffective|p1b: Basculegion|1\n|-damage|p1b: Basculegion|0 fnt\n|faint|p1b: Basculegion\n|\n|-weather|Sandstorm|[upkeep]\n|-damage|p2a: Gengar|95/100|[from] Sandstorm\n|upkeep\n|\n|t:|1776038584\n|switch|p1b: Sneasler|Sneasler, L50, M|100/100\n|switch|p2b: Incineroar|Incineroar, L50, M|100/100\n|-ability|p2b: Incineroar|Intimidate|boost\n|-unboost|p1a: Aerodactyl|atk|1\n|-unboost|p1b: Sneasler|atk|1\n|-enditem|p1b: Sneasler|White Herb\n|-clearnegativeboost|p1b: Sneasler|[silent]\n|turn|2\n|\n|t:|1776038604\n|move|p2b: Incineroar|Fake Out|p1b: Sneasler\n|-damage|p1b: Sneasler|78/100\n|cant|p1b: Sneasler|flinch\n|move|p1a: Aerodactyl|Rock Slide|p2a: Gengar|[spread] p2a,p2b\n|-supereffective|p2b: Incineroar|1\n|-damage|p2a: Gengar|66/100\n|-damage|p2b: Incineroar|72/100\n|move|p2a: Gengar|Perish Song|p2a: Gengar\n|-start|p1a: Aerodactyl|perish3|[silent]\n|-start|p1b: Sneasler|perish3|[silent]\n|-start|p2a: Gengar|perish3|[silent]\n|-start|p2b: Incineroar|perish3|[silent]\n|-fieldactivate|move: Perish Song\n|\n|-weather|Sandstorm|[upkeep]\n|-damage|p1b: Sneasler|72/100|[from] Sandstorm\n|-damage|p2a: Gengar|60/100|[from] Sandstorm\n|-damage|p2b: Incineroar|66/100|[from] Sandstorm\n|-start|p1b: Sneasler|perish3\n|-start|p1a: Aerodactyl|perish3\n|-start|p2a: Gengar|perish3\n|-start|p2b: Incineroar|perish3\n|upkeep\n|turn|3\n|\n|t:|1776038624\n|move|p2a: Gengar|Protect|p2a: Gengar\n|-singleturn|p2a: Gengar|Protect\n|move|p1b: Sneasler|Close Combat|p2b: Incineroar\n|-supereffective|p2b: Incineroar|1\n|-damage|p2b: Incineroar|0 fnt\n|-unboost|p1b: Sneasler|def|1\n|-unboost|p1b: Sneasler|spd|1\n|faint|p2b: Incineroar\n|move|p1a: Aerodactyl|Rock Slide|p2a: Gengar\n|-activate|p2a: Gengar|move: Protect\n|\n|-weather|Sandstorm|[upkeep]\n|-damage|p1b: Sneasler|66/100|[from] Sandstorm\n|-damage|p2a: Gengar|55/100|[from] Sandstorm\n|-start|p1b: Sneasler|perish2\n|-start|p1a: Aerodactyl|perish2\n|-start|p2a: Gengar|perish2\n|upkeep\n|\n|t:|1776038641\n|switch|p2b: Kommo-o|Kommo-o, L50, F|100/100\n|turn|4\n|\n|t:|1776038649\n|move|p1b: Sneasler|Protect|p1b: Sneasler\n|-singleturn|p1b: Sneasler|Protect\n|move|p1a: Aerodactyl|Protect|p1a: Aerodactyl\n|-singleturn|p1a: Aerodactyl|Protect\n|move|p2a: Gengar|Shadow Ball|p1b: Sneasler\n|-activate|p1b: Sneasler|move: Protect\n|move|p2b: Kommo-o|Clangorous Soul|p2b: Kommo-o\n|-boost|p2b: Kommo-o|atk|1\n|-boost|p2b: Kommo-o|def|1\n|-boost|p2b: Kommo-o|spa|1\n|-boost|p2b: Kommo-o|spd|1\n|-boost|p2b: Kommo-o|spe|1\n|-damage|p2b: Kommo-o|68/100\n|\n|-weather|Sandstorm|[upkeep]\n|-damage|p1b: Sneasler|60/100|[from] Sandstorm\n|-damage|p2b: Kommo-o|62/100|[from] Sandstorm\n|-damage|p2a: Gengar|49/100|[from] Sandstorm\n|-heal|p2b: Kommo-o|68/100|[from] item: Leftovers\n|-start|p1b: Sneasler|perish1\n|-start|p1a: Aerodactyl|perish1\n|-start|p2a: Gengar|perish1\n|-sideend|p1: ParadoxPerry|move: Tailwind\n|upkeep\n|turn|5\n|inactive|jiang1015 has 30 seconds left.\n|\n|t:|1776038680\n|move|p1b: Sneasler|Dire Claw|p2b: Kommo-o\n|-damage|p2b: Kommo-o|42/100\n|move|p2b: Kommo-o|Clangorous Soul|p2b: Kommo-o\n|-boost|p2b: Kommo-o|atk|1\n|-boost|p2b: Kommo-o|def|1\n|-boost|p2b: Kommo-o|spa|1\n|-boost|p2b: Kommo-o|spd|1\n|-boost|p2b: Kommo-o|spe|1\n|-damage|p2b: Kommo-o|9/100\n|move|p1a: Aerodactyl|Tailwind|p1a: Aerodactyl\n|-sidestart|p1: ParadoxPerry|move: Tailwind\n|move|p2a: Gengar|Sludge Bomb|p1b: Sneasler\n|-resisted|p1b: Sneasler|1\n|-damage|p1b: Sneasler|0 fnt\n|faint|p1b: Sneasler\n|\n|-weather|none\n|-heal|p2b: Kommo-o|15/100|[from] item: Leftovers\n|-start|p1a: Aerodactyl|perish0\n|-start|p2a: Gengar|perish0\n|faint|p1a: Aerodactyl\n|faint|p2a: Gengar\n|upkeep\n|\n|t:|1776038697\n|switch|p1b: Floette|Floette-Eternal, L50, F|100/100\n|turn|6\n|\n|t:|1776038705\n|detailschange|p1b: Floette|Floette-Mega, L50, F\n|-mega|p1b: Floette|Floette|Floettite\n|-ability|p1b: Floette|Fairy Aura\n|move|p2b: Kommo-o|Protect|p2b: Kommo-o\n|-singleturn|p2b: Kommo-o|Protect\n|move|p1b: Floette|Moonblast|p2b: Kommo-o\n|-activate|p2b: Kommo-o|move: Protect\n|\n|-heal|p2b: Kommo-o|21/100|[from] item: Leftovers\n|upkeep\n|turn|7\n|\n|t:|1776038716\n|move|p1b: Floette|Moonblast|p2b: Kommo-o\n|-supereffective|p2b: Kommo-o|2\n|-damage|p2b: Kommo-o|0 fnt\n|faint|p2b: Kommo-o\n|\n|win|ParadoxPerry\n|raw|ParadoxPerry's rating: 1294 &rarr; <strong>1316</strong><br />(+22 for winning)\n|raw|jiang1015's rating: 1248 &rarr; <strong>1226</strong><br />(-22 for losing)\n|l|\u2606jiang1015\n|player|p2|\n",
  "uploadtime": 1776038719,
  "views": 31,
  "formatid": "gen9championsvgc2026regma",
  "rating": 1226,
  "private": 0,
  "password": null
}