{
  "id": "gen9championsvgc2026regma-2581569563",
  "format": "[Gen 9 Champions] VGC 2026 Reg M-A",
  "players": [
    "Sregidor-",
    "Radiantblue4552"
  ],
  "log": "|j|\u2606Sregidor-\n|j|\u203dRadiantblue4552\n|t:|1776011737\n|gametype|doubles\n|player|p1|Sregidor-|170|1000\n|player|p2|Radiantblue4552|102|1070\n|gen|9\n|tier|[Gen 9 Champions] VGC 2026 Reg M-A\n|rated|\n|rule|Species Clause: Limit one of each Pok\u00e9mon\n|rule|Item Clause: Limit 1 of each item\n|clearpoke\n|poke|p1|Starmie, L50|\n|poke|p1|Aegislash, L50, F|\n|poke|p1|Sneasler, L50, M|\n|poke|p1|Pelipper, L50, M|\n|poke|p1|Archaludon, L50, M|\n|poke|p1|Maushold, L50|\n|poke|p2|Aerodactyl, L50, M|\n|poke|p2|Garchomp, L50, F|\n|poke|p2|Manectric, L50, F|\n|poke|p2|Volcarona, L50, F|\n|teampreview|4\nSregidor- has agreed to open team sheets.\nRadiantblue4552 rejected open team sheets.\n|\n|t:|1776011792\n|teamsize|p1|4\n|teamsize|p2|4\n|start\n|switch|p1a: Pelipper|Pelipper, L50, M|100/100\n|switch|p1b: Starmie|Starmie, L50|100/100\n|switch|p2a: Manectric|Manectric, L50, F|100/100\n|switch|p2b: Aerodactyl|Aerodactyl, L50, M|100/100\n|-ability|p2b: Aerodactyl|Pressure\n|-weather|RainDance|[from] ability: Drizzle|[of] p1a: Pelipper\n|turn|1\n|\n|t:|1776011816\n|switch|p1a: Archaludon|Archaludon, L50, M|100/100\n|detailschange|p2a: Manectric|Manectric-Mega, L50, F\n|-mega|p2a: Manectric|Manectric|Manectite\n|-ability|p2a: Manectric|Intimidate|boost\n|-unboost|p1a: Archaludon|atk|1\n|-unboost|p1b: Starmie|atk|1\n|detailschange|p1b: Starmie|Starmie-Mega, L50\n|-mega|p1b: Starmie|Starmie|Starminite\n|move|p1b: Starmie|Protect|p1b: Starmie\n|-singleturn|p1b: Starmie|Protect\n|move|p2a: Manectric|Discharge|p1a: Archaludon|[spread] p2b,p1a\n|-activate|p1b: Starmie|move: Protect\n|-supereffective|p2b: Aerodactyl|1\n|-resisted|p1a: Archaludon|1\n|-damage|p2b: Aerodactyl|30/100\n|-damage|p1a: Archaludon|83/100\n|-status|p1a: Archaludon|par\n|-ability|p1a: Archaludon|Stamina|boost\n|-boost|p1a: Archaludon|def|1\n|move|p2b: Aerodactyl|Tailwind|p2b: Aerodactyl\n|-sidestart|p2: Radiantblue4552|move: Tailwind\n|\n|-weather|RainDance|[upkeep]\n|-heal|p1a: Archaludon|90/100 par|[from] item: Leftovers\n|upkeep\n|turn|2\n|\n|t:|1776011868\n|switch|p2b: Garchomp|Garchomp, L50, F|100/100\n|move|p2a: Manectric|Volt Switch|p1b: Starmie\n|-supereffective|p1b: Starmie|1\n|-damage|p1b: Starmie|11/100\n|\n|t:|1776011878\n|switch|p2a: Aerodactyl|Aerodactyl, L50, M|30/100|[from] Volt Switch\n|-ability|p2a: Aerodactyl|Pressure\n|move|p1b: Starmie|Liquidation|p2a: Aerodactyl\n|-supereffective|p2a: Aerodactyl|1\n|-damage|p2a: Aerodactyl|0 fnt\n|faint|p2a: Aerodactyl\n|move|p1a: Archaludon|Electro Shot||[still]\n|-prepare|p1a: Archaludon|Electro Shot\n|-boost|p1a: Archaludon|spa|1\n|-anim|p1a: Archaludon|Electro Shot|p2b: Garchomp\n|-immune|p2b: Garchomp\n|\n|-weather|RainDance|[upkeep]\n|-heal|p1a: Archaludon|96/100 par|[from] item: Leftovers\n|upkeep\n|\n|t:|1776011892\n|switch|p2a: Manectric|Manectric-Mega, L50, F|100/100\n|-ability|p2a: Manectric|Intimidate|boost\n|-unboost|p1a: Archaludon|atk|1\n|-unboost|p1b: Starmie|atk|1\n|turn|3\n|\n|t:|1776011906\n|move|p2a: Manectric|Discharge|p1b: Starmie|[spread] p1a,p1b\n|-immune|p2b: Garchomp\n|-resisted|p1a: Archaludon|1\n|-supereffective|p1b: Starmie|1\n|-damage|p1a: Archaludon|81/100 par\n|-damage|p1b: Starmie|0 fnt\n|-ability|p1a: Archaludon|Stamina|boost\n|-boost|p1a: Archaludon|def|1\n|faint|p1b: Starmie\n|move|p2b: Garchomp|Outrage|p1a: Archaludon\n|-damage|p1a: Archaludon|59/100 par\n|-ability|p1a: Archaludon|Stamina|boost\n|-boost|p1a: Archaludon|def|1\n|move|p1a: Archaludon|Draco Meteor|p2b: Garchomp\n|-supereffective|p2b: Garchomp|1\n|-damage|p2b: Garchomp|0 fnt\n|-unboost|p1a: Archaludon|spa|2\n|faint|p2b: Garchomp\n|\n|-weather|RainDance|[upkeep]\n|-heal|p1a: Archaludon|65/100 par|[from] item: Leftovers\n|upkeep\n|\n|t:|1776011927\n|switch|p1b: Pelipper|Pelipper, L50, M|100/100\n|switch|p2b: Volcarona|Volcarona, L50, F|100/100\n|turn|4\n|\n|t:|1776011937\n|move|p2a: Manectric|Thunderbolt|p1b: Pelipper\n|-supereffective|p1b: Pelipper|2\n|-enditem|p1b: Pelipper|Focus Sash\n|-damage|p1b: Pelipper|1/100\n|-status|p1b: Pelipper|par\n|move|p2b: Volcarona|Quiver Dance|p2b: Volcarona\n|-boost|p2b: Volcarona|spa|1\n|-boost|p2b: Volcarona|spd|1\n|-boost|p2b: Volcarona|spe|1\n|move|p1b: Pelipper|Hurricane|p2b: Volcarona\n|-supereffective|p2b: Volcarona|1\n|-damage|p2b: Volcarona|38/100\n|-enditem|p2b: Volcarona|Sitrus Berry|[eat]\n|-heal|p2b: Volcarona|63/100|[from] item: Sitrus Berry\n|cant|p1a: Archaludon|par\n|\n|-weather|RainDance|[upkeep]\n|-heal|p1a: Archaludon|71/100 par|[from] item: Leftovers\n|-sideend|p2: Radiantblue4552|move: Tailwind\n|upkeep\n|turn|5\n|\n|t:|1776011960\n|cant|p1b: Pelipper|par\n|move|p2b: Volcarona|Quiver Dance|p2b: Volcarona\n|-boost|p2b: Volcarona|spa|1\n|-boost|p2b: Volcarona|spd|1\n|-boost|p2b: Volcarona|spe|1\n|move|p2a: Manectric|Thunderbolt|p1b: Pelipper\n|-supereffective|p1b: Pelipper|2\n|-damage|p1b: Pelipper|0 fnt\n|faint|p1b: Pelipper\n|move|p1a: Archaludon|Electro Shot||[still]\n|-prepare|p1a: Archaludon|Electro Shot\n|-boost|p1a: Archaludon|spa|1\n|-anim|p1a: Archaludon|Electro Shot|p2b: Volcarona\n|-damage|p2b: Volcarona|39/100\n|\n|-weather|none\n|-heal|p1a: Archaludon|78/100 par|[from] item: Leftovers\n|upkeep\n|\n|t:|1776011967\n|switch|p1b: Maushold|Maushold, L50|100/100\n|turn|6\n|\n|t:|1776011988\n|move|p1b: Maushold|Protect|p1b: Maushold\n|-singleturn|p1b: Maushold|Protect\n|move|p2b: Volcarona|Giga Drain|p1b: Maushold\n|-activate|p1b: Maushold|move: Protect\n|move|p2a: Manectric|Thunderbolt|p1b: Maushold\n|-activate|p1b: Maushold|move: Protect\n|move|p1a: Archaludon|Draco Meteor|p2b: Volcarona\n|-damage|p2b: Volcarona|8/100\n|-unboost|p1a: Archaludon|spa|2\n|\n|-heal|p1a: Archaludon|84/100 par|[from] item: Leftovers\n|upkeep\n|turn|7\n|inactive|Battle timer is ON: inactive players will automatically lose when time's up. (requested by Radiantblue4552)\n|\n|t:|1776012039\n|move|p2b: Volcarona|Giga Drain|p1b: Maushold\n|-damage|p1b: Maushold|44/100\n|-heal|p2b: Volcarona|37/100|[from] drain|[of] p1b: Maushold\n|move|p2a: Manectric|Thunderbolt|p1b: Maushold\n|-damage|p1b: Maushold|0 fnt\n|faint|p1b: Maushold\n|move|p1a: Archaludon|Draco Meteor|p2b: Volcarona\n|-damage|p2b: Volcarona|20/100\n|-unboost|p1a: Archaludon|spa|2\n|\n|-heal|p1a: Archaludon|90/100 par|[from] item: Leftovers\n|upkeep\n|turn|8\n|-message|Sregidor- forfeited.\n|\n|win|Radiantblue4552\n|raw|Sregidor-'s rating: 1000 &rarr; <strong>1000</strong><br />(+0 for losing)\n|raw|Radiantblue4552's rating: 1070 &rarr; <strong>1094</strong><br />(+24 for winning)\n|l|\u2606Sregidor-\n|player|p1|\n",
  "uploadtime": 1776012053,
  "views": 17,
  "formatid": "gen9championsvgc2026regma",
  "rating": 1000,
  "private": 0,
  "password": null
}