{
  "id": "gen9championsvgc2026regma-2582666459",
  "format": "[Gen 9 Champions] VGC 2026 Reg M-A",
  "players": [
    "Fneis",
    "L_Yami_H"
  ],
  "log": "|j|\u2606Fneis\n|j|\u2606L_Yami_H\n|t:|1776105979\n|gametype|doubles\n|player|p1|Fneis|265|1120\n|player|p2|L_Yami_H|ghetsis|1090\n|gen|9\n|tier|[Gen 9 Champions] VGC 2026 Reg M-A\n|rated|\n|rule|Species Clause: Limit one of each Pok\u00e9mon\n|rule|Item Clause: Limit 1 of each item\n|clearpoke\n|poke|p1|Meganium, L50, F|\n|poke|p1|Dragonite, L50, M|\n|poke|p1|Archaludon, L50, M|\n|poke|p1|Pelipper, L50, F|\n|poke|p1|Basculegion, L50, M|\n|poke|p1|Sneasler, L50, M|\n|poke|p2|Sableye, L50, M|\n|poke|p2|Victreebel, L50, F|\n|poke|p2|Farigiraf, L50, M|\n|poke|p2|Araquanid, L50, F|\n|poke|p2|Arcanine, L50, M|\n|poke|p2|Raichu, L50, M|\n|teampreview|4\n|inactive|Battle timer is ON: inactive players will automatically lose when time's up. (requested by Fneis)\nL_Yami_H rejected open team sheets.\n|inactive|Fneis has 60 seconds left.\n|\n|t:|1776106012\n|teamsize|p1|4\n|teamsize|p2|4\n|start\n|switch|p1a: Dragonite|Dragonite, L50, M, shiny|100/100\n|switch|p1b: Sneasler|Sneasler, L50, M|100/100\n|switch|p2a: Pippins|Raichu, L50, M|100/100\n|switch|p2b: Baret|Victreebel, L50, F, shiny|100/100\n|turn|1\n|\n|t:|1776106028\n|detailschange|p1a: Dragonite|Dragonite-Mega, L50, M, shiny\n|-mega|p1a: Dragonite|Dragonite|Dragoninite\n|detailschange|p2b: Baret|Victreebel-Mega, L50, F, shiny\n|-mega|p2b: Baret|Victreebel|Victreebelite\n|move|p1b: Sneasler|Fake Out|p2a: Pippins\n|-damage|p2a: Pippins|79/100\n|cant|p2a: Pippins|flinch\n|move|p1a: Dragonite|Hurricane|p2b: Baret|[miss]\n|-miss|p1a: Dragonite|p2b: Baret\n|move|p2b: Baret|Sludge Bomb|p1a: Dragonite\n|-damage|p1a: Dragonite|80/100\n|\n|upkeep\n|turn|2\n|\n|t:|1776106050\n|move|p1b: Sneasler|Close Combat|p2a: Pippins\n|-damage|p2a: Pippins|0 fnt\n|-unboost|p1b: Sneasler|def|1\n|-unboost|p1b: Sneasler|spd|1\n|faint|p2a: Pippins\n|-enditem|p1b: Sneasler|White Herb\n|-clearnegativeboost|p1b: Sneasler|[silent]\n|move|p1a: Dragonite|Hurricane|p2b: Baret\n|-supereffective|p2b: Baret|1\n|-damage|p2b: Baret|0 fnt\n|-damage|p1a: Dragonite|0 fnt|[from] ability: Innards Out|[of] p2b: Baret\n|faint|p2b: Baret\n|faint|p1a: Dragonite\n|\n|upkeep\n|\n|t:|1776106063\n|switch|p2a: J.H|Farigiraf, L50, M|100/100\n|switch|p1a: Basculegion|Basculegion, L50, M|100/100\n|switch|p2b: Weeber|Araquanid, L50, F|100/100\n|turn|3\n|\n|t:|1776106073\n|move|p2a: J.H|Protect|p2a: J.H\n|-singleturn|p2a: J.H|Protect\n|move|p1b: Sneasler|Dire Claw|p2a: J.H\n|-activate|p2a: J.H|move: Protect\n|move|p1a: Basculegion|Last Respects|p2b: Weeber\n|-damage|p2b: Weeber|23/100\n|move|p2b: Weeber|Liquidation|p1b: Sneasler\n|-damage|p1b: Sneasler|0 fnt\n|faint|p1b: Sneasler\n|\n|-heal|p2b: Weeber|28/100|[from] item: Leftovers\n|upkeep\n|\n|t:|1776106082\n|switch|p1b: Pelipper|Pelipper, L50, F|100/100\n|-weather|RainDance|[from] ability: Drizzle|[of] p1b: Pelipper\n|turn|4\n|\n|t:|1776106091\n|move|p2b: Weeber|Protect|p2b: Weeber\n|-singleturn|p2b: Weeber|Protect\n|move|p1a: Basculegion|Last Respects|p2b: Weeber\n|-activate|p2b: Weeber|move: Protect\n|move|p1b: Pelipper|Hurricane|p2a: J.H\n|-damage|p2a: J.H|62/100\n|move|p2a: J.H|Trick Room|p2a: J.H\n|-fieldstart|move: Trick Room|[of] p2a: J.H\n|\n|-weather|RainDance|[upkeep]\n|-heal|p2b: Weeber|34/100|[from] item: Leftovers\n|upkeep\n|turn|5\n|\n|t:|1776106107\n|move|p2b: Weeber|Liquidation|p1b: Pelipper\n|-resisted|p1b: Pelipper|1\n|-damage|p1b: Pelipper|63/100\n|move|p2a: J.H|Twin Beam|p1b: Pelipper\n|-damage|p1b: Pelipper|32/100\n|-damage|p1b: Pelipper|1/100\n|-hitcount|p1b: Pelipper|2\n|move|p1b: Pelipper|Hurricane|p2a: J.H\n|-damage|p2a: J.H|22/100\n|-start|p2a: J.H|confusion\n|move|p1a: Basculegion|Last Respects|p2b: Weeber\n|-damage|p2b: Weeber|0 fnt\n|faint|p2b: Weeber\n|\n|-weather|RainDance|[upkeep]\n|upkeep\n|turn|6\n|\n|t:|1776106127\n|-activate|p2a: J.H|confusion\n|move|p2a: J.H|Dazzling Gleam|p1b: Pelipper|[spread] p1a,p1b\n|-damage|p1a: Basculegion|78/100\n|-damage|p1b: Pelipper|0 fnt\n|faint|p1b: Pelipper\n|move|p1a: Basculegion|Last Respects|p2a: J.H\n|-immune|p2a: J.H\n|\n|-weather|RainDance|[upkeep]\n|upkeep\n|turn|7\n|-message|Fneis forfeited.\n|\n|win|L_Yami_H\n|raw|Fneis's rating: 1120 &rarr; <strong>1093</strong><br />(-27 for losing)\n|raw|L_Yami_H's rating: 1090 &rarr; <strong>1119</strong><br />(+29 for winning)\n|l|\u2606Fneis\n|player|p1|\n",
  "uploadtime": 1776106136,
  "views": 17,
  "formatid": "gen9championsvgc2026regma",
  "rating": 1093,
  "private": 0,
  "password": null
}