{
  "id": "gen9championsvgc2026regma-2587840744",
  "format": "[Gen 9 Champions] VGC 2026 Reg M-A",
  "players": [
    "Xyaolang_lee",
    "ILoveStarmieStar"
  ],
  "log": "|j|\u2606Xyaolang_lee\n|j|\u2606ILoveStarmieStar\n|t:|1776569471\n|gametype|doubles\n|player|p1|Xyaolang_lee|170|1028\n|player|p2|ILoveStarmieStar|caitlin|1046\n|gen|9\n|tier|[Gen 9 Champions] VGC 2026 Reg M-A\n|rated|\n|rule|Species Clause: Limit one of each Pok\u00e9mon\n|rule|Item Clause: Limit 1 of each item\n|clearpoke\n|poke|p1|Audino, L50, M|\n|poke|p1|Tinkaton, L50, F|\n|poke|p1|Toxapex, L50, F|\n|poke|p1|Corviknight, L50, M|\n|poke|p1|Politoed, L50, F|\n|poke|p1|Basculegion-F, L50, F|\n|poke|p2|Starmie, L50|\n|poke|p2|Pelipper, L50, M|\n|poke|p2|Alcremie, L50, F|\n|poke|p2|Golurk, L50|\n|poke|p2|Primarina, L50, F|\n|poke|p2|Slowking-Galar, L50, F|\n|teampreview|4\n|\n|t:|1776569503\n|teamsize|p1|4\n|teamsize|p2|4\n|start\n|switch|p1a: Toxapex|Toxapex, L50, F|100/100\n|switch|p1b: Corviknight|Corviknight, L50, M|100/100\n|switch|p2a: Starmie|Starmie, L50|100/100\n|switch|p2b: Pelipper|Pelipper, L50, M|100/100\n|-weather|RainDance|[from] ability: Drizzle|[of] p2b: Pelipper\n|turn|1\n|\n|t:|1776569537\n|detailschange|p2a: Starmie|Starmie-Mega, L50\n|-mega|p2a: Starmie|Starmie|Starminite\n|move|p2a: Starmie|Flip Turn|p1a: Toxapex\n|-resisted|p1a: Toxapex|1\n|-damage|p1a: Toxapex|74/100\n|\n|t:|1776569543\n|switch|p2a: Primarina|Primarina, L50, F|100/100|[from] Flip Turn\n|move|p2b: Pelipper|Tailwind|p2b: Pelipper\n|-sidestart|p2: ILoveStarmieStar|move: Tailwind\n|move|p1b: Corviknight|Tailwind|p1b: Corviknight\n|-sidestart|p1: Xyaolang_lee|move: Tailwind\n|move|p1a: Toxapex|Toxic Spikes|p2a: Primarina\n|-sidestart|p2: ILoveStarmieStar|move: Toxic Spikes\n|\n|-weather|RainDance|[upkeep]\n|-heal|p1a: Toxapex|79/100|[from] item: Leftovers\n|upkeep\n|turn|2\n|\n|t:|1776569574\n|move|p2b: Pelipper|Hurricane|p1a: Toxapex\n|-damage|p1a: Toxapex|48/100\n|-start|p1a: Toxapex|confusion\n|move|p2a: Primarina|Weather Ball|p1a: Toxapex\n|-resisted|p1a: Toxapex|1\n|-damage|p1a: Toxapex|21/100\n|move|p1b: Corviknight|Body Press|p2b: Pelipper\n|-resisted|p2b: Pelipper|1\n|-damage|p2b: Pelipper|84/100\n|-activate|p1a: Toxapex|confusion\n|move|p1a: Toxapex|Poison Jab|p2a: Primarina\n|-supereffective|p2a: Primarina|1\n|-damage|p2a: Primarina|18/100\n|-status|p2a: Primarina|psn\n|\n|-weather|RainDance|[upkeep]\n|-heal|p2a: Primarina|24/100 psn|[from] item: Leftovers\n|-heal|p1a: Toxapex|27/100|[from] item: Leftovers\n|-damage|p2a: Primarina|11/100 psn|[from] psn\n|upkeep\n|turn|3\n|\n|t:|1776569623\n|switch|p1a: Tinkaton|Tinkaton, L50, F|100/100\n|-ability|p1a: Tinkaton|Mold Breaker\n|move|p2b: Pelipper|Hurricane|p1a: Tinkaton\n|-resisted|p1a: Tinkaton|1\n|-damage|p1a: Tinkaton|84/100\n|move|p2a: Primarina|Weather Ball|p1b: Corviknight\n|-damage|p1b: Corviknight|28/100\n|move|p1b: Corviknight|Body Press|p2a: Primarina\n|-resisted|p2a: Primarina|1\n|-damage|p2a: Primarina|0 fnt\n|faint|p2a: Primarina\n|\n|-weather|RainDance|[upkeep]\n|upkeep\n|\n|t:|1776569639\n|switch|p2a: Starmie|Starmie-Mega, L50|100/100\n|-status|p2a: Starmie|psn\n|turn|4\n|\n|t:|1776569654\n|move|p1a: Tinkaton|Fake Out|p2a: Starmie\n|-damage|p2a: Starmie|86/100 psn\n|cant|p2a: Starmie|flinch\n|move|p2b: Pelipper|Weather Ball|p1b: Corviknight\n|-damage|p1b: Corviknight|0 fnt\n|faint|p1b: Corviknight\n|\n|-weather|RainDance|[upkeep]\n|-damage|p2a: Starmie|75/100 psn|[from] psn\n|-sideend|p2: ILoveStarmieStar|move: Tailwind\n|-sideend|p1: Xyaolang_lee|move: Tailwind\n|upkeep\n|\n|t:|1776569670\n|switch|p1b: Audino|Audino, L50, M|100/100\n|turn|5\n|\n|t:|1776569683\n|switch|p1a: Toxapex|Toxapex, L50, F|27/100\n|detailschange|p1b: Audino|Audino-Mega, L50, M\n|-mega|p1b: Audino|Audino|Audinite\n|move|p2a: Starmie|Flip Turn|p1b: Audino\n|-damage|p1b: Audino|49/100\n|\n|t:|1776569692\n|switch|p2a: Golurk|Golurk, L50|100/100|[from] Flip Turn\n|-status|p2a: Golurk|psn\n|move|p2b: Pelipper|Weather Ball|p1a: Toxapex\n|-resisted|p1a: Toxapex|1\n|-damage|p1a: Toxapex|5/100\n|move|p1b: Audino|Trick Room|p1b: Audino\n|-fieldstart|move: Trick Room|[of] p1b: Audino\n|\n|-weather|none\n|-heal|p1a: Toxapex|11/100|[from] item: Leftovers\n|-damage|p2a: Golurk|88/100 psn|[from] psn\n|upkeep\n|turn|6\n|\n|t:|1776569717\n|move|p1a: Toxapex|Recover|p1a: Toxapex\n|-heal|p1a: Toxapex|61/100\n|move|p1b: Audino|Dazzling Gleam|p2b: Pelipper|[spread] p2a,p2b\n|-damage|p2a: Golurk|53/100 psn\n|-damage|p2b: Pelipper|41/100\n|move|p2a: Golurk|Knock Off|p1a: Toxapex\n|-damage|p1a: Toxapex|39/100\n|-enditem|p1a: Toxapex|Leftovers|[from] move: Knock Off|[of] p2a: Golurk\n|move|p2b: Pelipper|Weather Ball|p1b: Audino\n|-damage|p1b: Audino|41/100\n|\n|-damage|p2a: Golurk|41/100 psn|[from] psn\n|upkeep\n|turn|7\n|\n|t:|1776569747\n|move|p1b: Audino|Protect|p1b: Audino\n|-singleturn|p1b: Audino|Protect\n|move|p1a: Toxapex|Poison Jab|p2b: Pelipper\n|-crit|p2b: Pelipper\n|-damage|p2b: Pelipper|0 fnt\n|faint|p2b: Pelipper\n|move|p2a: Golurk|Poltergeist|p1b: Audino\n|-activate|p1b: Audino|move: Protect\n|\n|-damage|p2a: Golurk|29/100 psn|[from] psn\n|upkeep\n|\n|t:|1776569760\n|switch|p2b: Starmie|Starmie-Mega, L50|75/100 psn\n|turn|8\n|\n|t:|1776569774\n|move|p1a: Toxapex|Recover|p1a: Toxapex\n|-heal|p1a: Toxapex|90/100\n|move|p1b: Audino|Dazzling Gleam|p2b: Starmie|[spread] p2a,p2b\n|-damage|p2a: Golurk|0 fnt\n|-damage|p2b: Starmie|46/100 psn\n|faint|p2a: Golurk\n|move|p2b: Starmie|Liquidation|p1b: Audino\n|-damage|p1b: Audino|0 fnt\n|faint|p1b: Audino\n|\n|-damage|p2b: Starmie|34/100 psn|[from] psn\n|upkeep\n|\n|t:|1776569785\n|switch|p1b: Tinkaton|Tinkaton, L50, F|84/100\n|-ability|p1b: Tinkaton|Mold Breaker\n|turn|9\n|\n|t:|1776569800\n|move|p1b: Tinkaton|Fake Out|p2b: Starmie\n|-crit|p2b: Starmie\n|-damage|p2b: Starmie|12/100 psn\n|move|p1a: Toxapex|Poison Jab|p2b: Starmie\n|-crit|p2b: Starmie\n|-damage|p2b: Starmie|0 fnt\n|faint|p2b: Starmie\n|\n|win|Xyaolang_lee\n|raw|Xyaolang_lee's rating: 1028 &rarr; <strong>1066</strong><br />(+38 for winning)\n|raw|ILoveStarmieStar's rating: 1046 &rarr; <strong>1028</strong><br />(-18 for losing)\n",
  "uploadtime": 1776569809,
  "views": 27,
  "formatid": "gen9championsvgc2026regma",
  "rating": 1028,
  "private": 0,
  "password": null
}