{
  "id": "gen9championsvgc2026regma-2581297146",
  "format": "[Gen 9 Champions] VGC 2026 Reg M-A",
  "players": [
    "greeencross",
    "albertito2005"
  ],
  "log": "|j|\u2606greeencross\n|j|\u2606albertito2005\n|t:|1775982989\n|gametype|doubles\n|player|p1|greeencross|170|1324\n|player|p2|albertito2005|veteran|1354\n|gen|9\n|tier|[Gen 9 Champions] VGC 2026 Reg M-A\n|rated|\n|rule|Species Clause: Limit one of each Pok\u00e9mon\n|rule|Item Clause: Limit 1 of each item\n|clearpoke\n|poke|p1|Tyranitar, L50, F|\n|poke|p1|Rotom-Wash, L50|\n|poke|p1|Garchomp, L50, M|\n|poke|p1|Aerodactyl, L50, F|\n|poke|p1|Sinistcha, L50|\n|poke|p1|Sneasler, L50, F|\n|poke|p2|Delphox, L50, M|\n|poke|p2|Gyarados, L50, M|\n|poke|p2|Sneasler, L50, M|\n|poke|p2|Excadrill, L50, M|\n|poke|p2|Sinistcha, L50|\n|poke|p2|Tyranitar, L50, M|\n|teampreview|4\n|inactive|Battle timer is ON: inactive players will automatically lose when time's up. (requested by greeencross)\n|j| gE1xjZRtuhW2DdT0AK\n|inactive|greeencross has 60 seconds left.\n|j| HappyLiga\n|\n|t:|1775983028\n|teamsize|p1|4\n|teamsize|p2|4\n|start\n|switch|p1a: Rotom|Rotom-Wash, L50|100/100\n|switch|p1b: Aerodactyl|Aerodactyl, L50, F|100/100\n|switch|p2a: Sneasler|Sneasler, L50, M|100/100\n|switch|p2b: Delphox|Delphox, L50, M|100/100\n|-ability|p1b: Aerodactyl|Unnerve\n|turn|1\n|inactive|albertito2005 has 30 seconds left.\n|inactive|albertito2005 has 20 seconds left.\n|\n|t:|1775983065\n|detailschange|p2b: Delphox|Delphox-Mega, L50, M\n|-mega|p2b: Delphox|Delphox|Delphoxite\n|move|p2a: Sneasler|Fake Out|p1a: Rotom\n|-damage|p1a: Rotom|84/100\n|move|p2b: Delphox|Psychic|p1a: Rotom\n|-damage|p1a: Rotom|13/100\n|move|p1b: Aerodactyl|Tailwind|p1b: Aerodactyl\n|-sidestart|p1: greeencross|move: Tailwind\n|cant|p1a: Rotom|flinch\n|\n|upkeep\n|turn|2\n|\n|t:|1775983082\n|move|p2b: Delphox|Protect|p2b: Delphox\n|-singleturn|p2b: Delphox|Protect\n|move|p1b: Aerodactyl|Dual Wingbeat|p2a: Sneasler\n|-supereffective|p2a: Sneasler|1\n|-damage|p2a: Sneasler|34/100\n|-supereffective|p2a: Sneasler|1\n|-damage|p2a: Sneasler|0 fnt\n|faint|p2a: Sneasler\n|-hitcount|p2: Sneasler|2\n|move|p1a: Rotom|Hydro Pump|p2b: Delphox\n|-activate|p2b: Delphox|move: Protect\n|\n|upkeep\n|\n|t:|1775983094\n|switch|p2a: Tyranitar|Tyranitar, L50, M|100/100\n|-weather|Sandstorm|[from] ability: Sand Stream|[of] p2a: Tyranitar\n|turn|3\n|\n|t:|1775983109\n|switch|p1b: Garchomp|Garchomp, L50, M|100/100\n|switch|p2b: Sinistcha|Sinistcha, L50|100/100\n|move|p1a: Rotom|Hydro Pump|p2b: Sinistcha\n|-resisted|p2b: Sinistcha|1\n|-damage|p2b: Sinistcha|75/100\n|move|p2a: Tyranitar|Rock Slide|p1a: Rotom|[spread] p1a\n|-miss|p2a: Tyranitar|p1b: Garchomp\n|-damage|p1a: Rotom|0 fnt\n|faint|p1a: Rotom\n|\n|-weather|Sandstorm|[upkeep]\n|-damage|p2b: Sinistcha|68/100|[from] Sandstorm\n|upkeep\n|\n|t:|1775983123\n|switch|p1a: Aerodactyl|Aerodactyl, L50, F|100/100\n|-ability|p1a: Aerodactyl|Unnerve\n|turn|4\n|\n|t:|1775983143\n|switch|p2a: Delphox|Delphox-Mega, L50, M|100/100\n|move|p1a: Aerodactyl|Dual Wingbeat|p2b: Sinistcha\n|-supereffective|p2b: Sinistcha|1\n|-damage|p2b: Sinistcha|38/100\n|-supereffective|p2b: Sinistcha|1\n|-damage|p2b: Sinistcha|4/100\n|-hitcount|p2b: Sinistcha|2\n|move|p1b: Garchomp|Earthquake|p2a: Delphox|[spread] p2b\n|-immune|p1a: Aerodactyl\n|-immune|p2a: Delphox|[from] ability: Levitate\n|-resisted|p2b: Sinistcha|1\n|-damage|p2b: Sinistcha|0 fnt\n|faint|p2b: Sinistcha\n|\n|-weather|Sandstorm|[upkeep]\n|-damage|p2a: Delphox|95/100|[from] Sandstorm\n|-sideend|p1: greeencross|move: Tailwind\n|upkeep\n|\n|t:|1775983158\n|switch|p2b: Tyranitar|Tyranitar, L50, M|100/100\n|turn|5\n|inactive|greeencross has 30 seconds left.\n|inactive|greeencross has 20 seconds left.\n|\n|t:|1775983194\n|move|p2a: Delphox|Substitute|p2a: Delphox\n|-start|p2a: Delphox|Substitute\n|-damage|p2a: Delphox|70/100\n|move|p1a: Aerodactyl|Tailwind|p1a: Aerodactyl\n|-sidestart|p1: greeencross|move: Tailwind\n|move|p1b: Garchomp|Dragon Claw|p2a: Delphox\n|-end|p2a: Delphox|Substitute\n|move|p2b: Tyranitar|Ice Punch|p1b: Garchomp\n|-supereffective|p1b: Garchomp|2\n|-damage|p1b: Garchomp|0 fnt\n|faint|p1b: Garchomp\n|\n|-weather|Sandstorm|[upkeep]\n|-damage|p2a: Delphox|64/100|[from] Sandstorm\n|upkeep\n|\n|t:|1775983204\n|switch|p1b: Tyranitar|Tyranitar, L50, F|100/100\n|turn|6\n|l| HappyLiga\n|\n|t:|1775983216\n|detailschange|p1b: Tyranitar|Tyranitar-Mega, L50, F\n|-mega|p1b: Tyranitar|Tyranitar|Tyranitarite\n|move|p2a: Delphox|Protect|p2a: Delphox\n|-singleturn|p2a: Delphox|Protect\n|move|p1a: Aerodactyl|Rock Slide|p2b: Tyranitar|[spread] p2b\n|-activate|p2a: Delphox|move: Protect\n|-damage|p2b: Tyranitar|82/100\n|move|p1b: Tyranitar|Rock Slide|p2b: Tyranitar|[spread] p2b\n|-activate|p2a: Delphox|move: Protect\n|-damage|p2b: Tyranitar|54/100\n|cant|p2b: Tyranitar|flinch\n|\n|-weather|Sandstorm|[upkeep]\n|-damage|p2a: Delphox|58/100|[from] Sandstorm\n|upkeep\n|turn|7\n|\n|t:|1775983236\n|move|p1a: Aerodactyl|Rock Slide|p2b: Tyranitar|[spread] p2a,p2b\n|-supereffective|p2a: Delphox|1\n|-damage|p2a: Delphox|0 fnt\n|-damage|p2b: Tyranitar|36/100\n|faint|p2a: Delphox\n|move|p1b: Tyranitar|Dragon Dance|p1b: Tyranitar\n|-boost|p1b: Tyranitar|atk|1\n|-boost|p1b: Tyranitar|spe|1\n|cant|p2b: Tyranitar|flinch\n|\n|-weather|none\n|upkeep\n|turn|8\n|-message|albertito2005 forfeited.\n|\n|win|greeencross\n|raw|greeencross's rating: 1324 &rarr; <strong>1346</strong><br />(+22 for winning)\n|raw|albertito2005's rating: 1354 &rarr; <strong>1332</strong><br />(-22 for losing)\n|l|\u2606albertito2005\n|player|p2|\n|l|\u2606greeencross\n|player|p1|\n",
  "uploadtime": 1775983279,
  "views": 27,
  "formatid": "gen9championsvgc2026regma",
  "rating": 1332,
  "private": 0,
  "password": null
}