{
  "id": "gen9championsvgc2026regma-2588723905",
  "format": "[Gen 9 Champions] VGC 2026 Reg M-A",
  "players": [
    "disciple of blahaj",
    "gmoneyfins"
  ],
  "log": "|j|\u2606disciple of blahaj\n|j|\u2606gmoneyfins\n|t:|1776662256\n|gametype|doubles\n|player|p1|disciple of blahaj|jacinthe|1342\n|player|p2|gmoneyfins|2|1409\n|gen|9\n|tier|[Gen 9 Champions] VGC 2026 Reg M-A\n|rated|\n|rule|Species Clause: Limit one of each Pok\u00e9mon\n|rule|Item Clause: Limit 1 of each item\n|clearpoke\n|poke|p1|Golurk, L50|\n|poke|p1|Oranguru, L50, F|\n|poke|p1|Hatterene, L50, F|\n|poke|p1|Kingambit, L50, F|\n|poke|p1|Torkoal, L50, F|\n|poke|p1|Aggron, L50, F|\n|poke|p2|Meowstic, L50, M|\n|poke|p2|Kingambit, L50, M|\n|poke|p2|Crabominable, L50, M|\n|poke|p2|Armarouge, L50, M|\n|poke|p2|Primarina, L50, M|\n|poke|p2|Golurk, L50|\n|teampreview|4\n|inactive|Battle timer is ON: inactive players will automatically lose when time's up. (requested by disciple of blahaj)\n|inactive|disciple of blahaj has 60 seconds left.\n|\n|t:|1776662303\n|teamsize|p1|4\n|teamsize|p2|4\n|start\n|switch|p1a: Oranguru|Oranguru, L50, F|100/100\n|switch|p1b: Hatterene|Hatterene, L50, F|100/100\n|switch|p2a: Meowstic|Meowstic, L50, M|100/100\n|switch|p2b: Armarouge|Armarouge, L50, M|100/100\n|turn|1\n|\n|t:|1776662325\n|move|p2a: Meowstic|Light Screen|p2a: Meowstic\n|-sidestart|p2: gmoneyfins|move: Light Screen\n|move|p2b: Armarouge|Armor Cannon|p1a: Oranguru\n|-damage|p1a: Oranguru|41/100\n|-unboost|p2b: Armarouge|def|1\n|-unboost|p2b: Armarouge|spd|1\n|move|p1a: Oranguru|Encore|p2a: Meowstic\n|-start|p2a: Meowstic|Encore\n|-enditem|p2a: Meowstic|Mental Herb\n|-end|p2a: Meowstic|Encore\n|move|p1b: Hatterene|Trick Room|p1b: Hatterene\n|-fieldstart|move: Trick Room|[of] p1b: Hatterene\n|\n|upkeep\n|turn|2\n|\n|t:|1776662341\n|switch|p1b: Golurk|Golurk, L50|100/100\n|move|p2a: Meowstic|Psychic Terrain|p2a: Meowstic\n|-fieldstart|move: Psychic Terrain\n|move|p1a: Oranguru|Encore|p2a: Meowstic\n|-start|p2a: Meowstic|Encore\n|move|p2b: Armarouge|Expanding Force|p1a: Oranguru|[spread] p1a,p1b\n|-resisted|p1a: Oranguru|1\n|-damage|p1a: Oranguru|16/100\n|-damage|p1b: Golurk|36/100\n|\n|upkeep\n|turn|3\n|\n|t:|1776662358\n|switch|p2a: Primarina|Primarina, L50, M|100/100\n|detailschange|p1b: Golurk|Golurk-Mega, L50\n|-mega|p1b: Golurk|Golurk|Golurkite\n|move|p1b: Golurk|Headlong Rush|p2b: Armarouge\n|-supereffective|p2b: Armarouge|1\n|-enditem|p2b: Armarouge|Shuca Berry|[eat]\n|-enditem|p2b: Armarouge|Shuca Berry|[weaken]\n|-damage|p2b: Armarouge|0 fnt\n|-unboost|p1b: Golurk|def|1\n|-unboost|p1b: Golurk|spd|1\n|faint|p2b: Armarouge\n|move|p1a: Oranguru|Instruct|p1b: Golurk\n|-singleturn|p1b: Golurk|move: Instruct|[of] p1a: Oranguru\n|move|p1b: Golurk|Headlong Rush|p2a: Primarina\n|-damage|p2a: Primarina|2/100\n|-unboost|p1b: Golurk|def|1\n|-unboost|p1b: Golurk|spd|1\n|\n|-heal|p2a: Primarina|8/100|[from] item: Leftovers\n|upkeep\n|\n|t:|1776662375\n|switch|p2b: Meowstic|Meowstic, L50, M|100/100\n|turn|4\n|\n|t:|1776662384\n|move|p1b: Golurk|Headlong Rush|p2a: Primarina\n|-damage|p2a: Primarina|0 fnt\n|-unboost|p1b: Golurk|def|1\n|-unboost|p1b: Golurk|spd|1\n|faint|p2a: Primarina\n|move|p1a: Oranguru|Instruct|p1b: Golurk\n|-singleturn|p1b: Golurk|move: Instruct|[of] p1a: Oranguru\n|move|p1b: Golurk|Headlong Rush|p2b: Meowstic\n|-damage|p2b: Meowstic|29/100\n|-unboost|p1b: Golurk|def|1\n|-unboost|p1b: Golurk|spd|1\n|move|p2b: Meowstic|Expanding Force|p1a: Oranguru|[spread] p1a,p1b\n|-resisted|p1a: Oranguru|1\n|-damage|p1a: Oranguru|1/100\n|-damage|p1b: Golurk|0 fnt\n|faint|p1b: Golurk\n|\n|upkeep\n|\n|t:|1776662397\n|switch|p1b: Torkoal|Torkoal, L50, F|100/100\n|switch|p2a: Golurk|Golurk, L50|100/100\n|-weather|SunnyDay|[from] ability: Drought|[of] p1b: Torkoal\n|turn|5\n|\n|t:|1776662412\n|move|p2a: Golurk|Protect|p2a: Golurk\n|-singleturn|p2a: Golurk|Protect\n|move|p1b: Torkoal|Eruption|p2b: Meowstic|[spread] p2b\n|-activate|p2a: Golurk|move: Protect\n|-damage|p2b: Meowstic|0 fnt\n|faint|p2b: Meowstic\n|move|p1a: Oranguru|Instruct|p1b: Torkoal\n|-singleturn|p1b: Torkoal|move: Instruct|[of] p1a: Oranguru\n|move|p1b: Torkoal|Eruption|p2a: Golurk\n|-activate|p2a: Golurk|move: Protect\n|\n|-weather|SunnyDay|[upkeep]\n|-sideend|p2: gmoneyfins|move: Light Screen\n|-fieldend|move: Trick Room\n|upkeep\n|turn|6\n|\n|t:|1776662434\n|detailschange|p2a: Golurk|Golurk-Mega, L50\n|-mega|p2a: Golurk|Golurk|Golurkite\n|move|p2a: Golurk|Rock Slide|p1a: Oranguru|[spread] p1a,p1b\n|-supereffective|p1b: Torkoal|1\n|-damage|p1a: Oranguru|0 fnt\n|-damage|p1b: Torkoal|63/100\n|faint|p1a: Oranguru\n|cant|p1b: Torkoal|flinch\n|\n|-weather|SunnyDay|[upkeep]\n|-fieldend|move: Psychic Terrain\n|upkeep\n|\n|t:|1776662441\n|switch|p1a: Hatterene|Hatterene, L50, F|100/100\n|turn|7\n|\n|t:|1776662447\n|move|p1b: Torkoal|Protect|p1b: Torkoal\n|-singleturn|p1b: Torkoal|Protect\n|move|p2a: Golurk|Headlong Rush|p1b: Torkoal\n|-supereffective|p1b: Torkoal|1\n|-ability|p2a: Golurk|Unseen Fist\n|-zbroken|p1b: Torkoal\n|-damage|p1b: Torkoal|33/100\n|-unboost|p2a: Golurk|def|1\n|-unboost|p2a: Golurk|spd|1\n|move|p1a: Hatterene|Trick Room|p1a: Hatterene\n|-fieldstart|move: Trick Room|[of] p1a: Hatterene\n|\n|-weather|SunnyDay|[upkeep]\n|upkeep\n|turn|8\n|-message|gmoneyfins forfeited.\n|\n|win|disciple of blahaj\n|raw|disciple of blahaj's rating: 1342 &rarr; <strong>1366</strong><br />(+24 for winning)\n|raw|gmoneyfins's rating: 1409 &rarr; <strong>1385</strong><br />(-24 for losing)\n|l|\u2606gmoneyfins\n|player|p2|\n",
  "uploadtime": 1776662468,
  "views": 6,
  "formatid": "gen9championsvgc2026regma",
  "rating": 1366,
  "private": 0,
  "password": null
}