{
  "id": "gen9championsvgc2026regma-2581628093",
  "format": "[Gen 9 Champions] VGC 2026 Reg M-A",
  "players": [
    "brun.264",
    "PardiniNM1"
  ],
  "log": "|j|\u2606brun.264\n|j|\u2606PardiniNM1\n|t:|1776016292\n|gametype|doubles\n|player|p1|brun.264|266|1000\n|player|p2|PardiniNM1|backpacker|1000\n|gen|9\n|tier|[Gen 9 Champions] VGC 2026 Reg M-A\n|rated|\n|rule|Species Clause: Limit one of each Pok\u00e9mon\n|rule|Item Clause: Limit 1 of each item\n|clearpoke\n|poke|p1|Gengar, L50, F|\n|poke|p1|Gardevoir, L50, M|\n|poke|p1|Kingambit, L50, M|\n|poke|p1|Rotom-Wash, L50|\n|poke|p1|Whimsicott, L50, M|\n|poke|p1|Kangaskhan, L50, F|\n|poke|p2|Pelipper, L50, M|\n|poke|p2|Basculegion, L50, M|\n|poke|p2|Sinistcha, L50|\n|poke|p2|Archaludon, L50, F|\n|poke|p2|Dragonite, L50, F|\n|poke|p2|Incineroar, L50, F|\n|teampreview|4\n|inactive|Battle timer is ON: inactive players will automatically lose when time's up. (requested by brun.264)\nbrun.264 rejected open team sheets.\n|\n|t:|1776016345\n|teamsize|p1|4\n|teamsize|p2|4\n|start\n|switch|p1a: Kangaskhan|Kangaskhan, L50, F|100/100\n|switch|p1b: Kingambit|Kingambit, L50, M|100/100\n|switch|p2a: Pelippone|Pelipper, L50, M, shiny|100/100\n|switch|p2b: Sinistcha|Sinistcha, L50|100/100\n|-weather|RainDance|[from] ability: Drizzle|[of] p2a: Pelippone\n|turn|1\n|inactive|brun.264 has 30 seconds left.\n|inactive|PardiniNM1 has 30 seconds left.\n|\n|t:|1776016377\n|move|p2b: Sinistcha|Rage Powder|p2b: Sinistcha\n|-singleturn|p2b: Sinistcha|move: Rage Powder\n|move|p1a: Kangaskhan|Ice Punch|p2b: Sinistcha\n|-supereffective|p2b: Sinistcha|1\n|-damage|p2b: Sinistcha|59/100\n|-status|p2b: Sinistcha|frz\n|move|p2a: Pelippone|Tailwind|p2a: Pelippone\n|-sidestart|p2: PardiniNM1|move: Tailwind\n|move|p1b: Kingambit|Brick Break|p2b: Sinistcha\n|-immune|p2b: Sinistcha\n|\n|-weather|RainDance|[upkeep]\n|upkeep\n|turn|2\n|inactive|PardiniNM1 has 30 seconds left.\n|inactive|PardiniNM1 has 20 seconds left.\n|inactive|PardiniNM1 has 15 seconds left.\n|inactive|PardiniNM1 has 10 seconds left.\n|\n|t:|1776016423\n|detailschange|p1a: Kangaskhan|Kangaskhan-Mega, L50, F\n|-mega|p1a: Kangaskhan|Kangaskhan|Kangaskhanite\n|move|p2a: Pelippone|Hurricane|p1b: Kingambit\n|-resisted|p1b: Kingambit|1\n|-crit|p1b: Kingambit\n|-damage|p1b: Kingambit|66/100\n|-curestatus|p2b: Sinistcha|frz|[from] move: Matcha Gotcha\n|move|p2b: Sinistcha|Matcha Gotcha|p1b: Kingambit|[spread] p1b\n|-miss|p2b: Sinistcha|p1a: Kangaskhan\n|-resisted|p1b: Kingambit|1\n|-damage|p1b: Kingambit|55/100\n|-heal|p2b: Sinistcha|66/100|[from] drain|[of] p1b: Kingambit\n|move|p1a: Kangaskhan|Drain Punch|p2b: Sinistcha\n|-immune|p2b: Sinistcha\n|move|p1b: Kingambit|Brick Break|p2b: Sinistcha\n|-immune|p2b: Sinistcha\n|\n|-weather|RainDance|[upkeep]\n|upkeep\n|turn|3\n|inactive|PardiniNM1 has 30 seconds left.\n|inactive|PardiniNM1 has 20 seconds left.\n|\n|t:|1776016459\n|switch|p1b: Rotom|Rotom-Wash, L50|100/100\n|move|p2a: Pelippone|Hurricane|p1a: Kangaskhan\n|-damage|p1a: Kangaskhan|54/100\n|move|p2b: Sinistcha|Matcha Gotcha|p1a: Kangaskhan|[spread] p1a,p1b\n|-supereffective|p1b: Rotom|1\n|-damage|p1a: Kangaskhan|33/100\n|-heal|p2b: Sinistcha|79/100|[from] drain|[of] p1a: Kangaskhan\n|-damage|p1b: Rotom|34/100\n|-heal|p2b: Sinistcha|100/100|[from] drain|[of] p1b: Rotom\n|move|p1a: Kangaskhan|Ice Punch|p2b: Sinistcha\n|-supereffective|p2b: Sinistcha|1\n|-damage|p2b: Sinistcha|55/100\n|-supereffective|p2b: Sinistcha|1\n|-damage|p2b: Sinistcha|44/100\n|-hitcount|p2b: Sinistcha|2\n|\n|-weather|RainDance|[upkeep]\n|upkeep\n|turn|4\n|inactive|PardiniNM1 has 30 seconds left.\n|inactive|PardiniNM1 has 20 seconds left.\n|inactive|PardiniNM1 has 15 seconds left.\n|inactive|PardiniNM1 has 10 seconds left.\n|\n|t:|1776016509\n|move|p2a: Pelippone|Tailwind||[still]\n|-fail|p2a: Pelippone\n|move|p2b: Sinistcha|Matcha Gotcha|p1b: Rotom|[spread] p1a,p1b\n|-supereffective|p1b: Rotom|1\n|-damage|p1a: Kangaskhan|14/100\n|-heal|p2b: Sinistcha|56/100|[from] drain|[of] p1a: Kangaskhan\n|-damage|p1b: Rotom|0 fnt\n|-heal|p2b: Sinistcha|68/100|[from] drain|[of] p1b: Rotom\n|-status|p1a: Kangaskhan|brn\n|faint|p1b: Rotom\n|move|p1a: Kangaskhan|Ice Punch|p2b: Sinistcha\n|-supereffective|p2b: Sinistcha|1\n|-damage|p2b: Sinistcha|46/100\n|-supereffective|p2b: Sinistcha|1\n|-damage|p2b: Sinistcha|40/100\n|-hitcount|p2b: Sinistcha|2\n|\n|-weather|RainDance|[upkeep]\n|-damage|p1a: Kangaskhan|8/100 brn|[from] brn\n|-sideend|p2: PardiniNM1|move: Tailwind\n|upkeep\n|\n|t:|1776016518\n|switch|p1b: Whimsicott|Whimsicott, L50, M|100/100\n|turn|5\n|\n|t:|1776016541\n|move|p2b: Sinistcha|Rage Powder|p2b: Sinistcha\n|-singleturn|p2b: Sinistcha|move: Rage Powder\n|move|p1b: Whimsicott|Hurricane|p2b: Sinistcha\n|-supereffective|p2b: Sinistcha|1\n|-damage|p2b: Sinistcha|5/100\n|-start|p2b: Sinistcha|confusion\n|move|p1a: Kangaskhan|Ice Punch|p2b: Sinistcha\n|-supereffective|p2b: Sinistcha|1\n|-damage|p2b: Sinistcha|0 fnt\n|faint|p2b: Sinistcha\n|-hitcount|p2: Sinistcha|1\n|move|p2a: Pelippone|Tailwind|p2a: Pelippone\n|-sidestart|p2: PardiniNM1|move: Tailwind\n|\n|-weather|none\n|-damage|p1a: Kangaskhan|1/100 brn|[from] brn\n|upkeep\n|\n|t:|1776016551\n|switch|p2b: Dragonite|Dragonite, L50, F, shiny|100/100\n|turn|6\n|\n|t:|1776016573\n|move|p2b: Dragonite|Extreme Speed|p1a: Kangaskhan\n|-damage|p1a: Kangaskhan|0 fnt\n|faint|p1a: Kangaskhan\n|move|p1b: Whimsicott|Tailwind|p1b: Whimsicott\n|-sidestart|p1: brun.264|move: Tailwind\n|move|p2a: Pelippone|Hurricane|p1b: Whimsicott\n|-supereffective|p1b: Whimsicott|1\n|-damage|p1b: Whimsicott|0 fnt\n|faint|p1b: Whimsicott\n|\n|upkeep\n|\n|t:|1776016578\n|switch|p1b: Kingambit|Kingambit, L50, M|55/100\n|turn|7\n|inactive|PardiniNM1 has 30 seconds left.\n|inactive|PardiniNM1 has 20 seconds left.\n|inactive|PardiniNM1 has 15 seconds left.\n|inactive|PardiniNM1 has 10 seconds left.\n|\n|t:|1776016625\n|move|p2a: Pelippone|Hurricane|p1b: Kingambit\n|-resisted|p1b: Kingambit|1\n|-damage|p1b: Kingambit|32/100\n|move|p1b: Kingambit|Iron Head|p2b: Dragonite\n|-damage|p2b: Dragonite|78/100\n|move|p2b: Dragonite|Scale Shot|p1b: Kingambit|[miss]\n|-miss|p2b: Dragonite|p1b: Kingambit\n|\n|upkeep\n|turn|8\n|-message|brun.264 forfeited.\n|\n|win|PardiniNM1\n|raw|brun.264's rating: 1000 &rarr; <strong>1000</strong><br />(+0 for losing)\n|raw|PardiniNM1's rating: 1000 &rarr; <strong>1040</strong><br />(+40 for winning)\n",
  "uploadtime": 1776016639,
  "views": 18,
  "formatid": "gen9championsvgc2026regma",
  "rating": 1000,
  "private": 0,
  "password": null
}