{
  "id": "gen9championsvgc2026regma-2583545755",
  "format": "[Gen 9 Champions] VGC 2026 Reg M-A",
  "players": [
    "reggiehedge",
    "darklink1215"
  ],
  "log": "|j|\u2606reggiehedge\n|j|\u2606darklink1215\n|t:|1776182437\n|gametype|doubles\n|player|p1|reggiehedge|medium|1031\n|player|p2|darklink1215|cyrus|1028\n|gen|9\n|tier|[Gen 9 Champions] VGC 2026 Reg M-A\n|rated|\n|rule|Species Clause: Limit one of each Pok\u00e9mon\n|rule|Item Clause: Limit 1 of each item\n|clearpoke\n|poke|p1|Golurk, L50|\n|poke|p1|Farigiraf, L50, M|\n|poke|p1|Sinistcha, L50|\n|poke|p1|Torkoal, L50, F|\n|poke|p1|Incineroar, L50, F|\n|poke|p1|Sneasler, L50, F|\n|poke|p2|Aggron, L50, M|\n|poke|p2|Incineroar, L50, M|\n|poke|p2|Rotom-Wash, L50|\n|poke|p2|Sneasler, L50, M|\n|poke|p2|Aerodactyl, L50, M|\n|poke|p2|Delphox, L50, M|\n|teampreview|4\n|inactive|Battle timer is ON: inactive players will automatically lose when time's up. (requested by darklink1215)\n|\n|t:|1776182482\n|teamsize|p1|4\n|teamsize|p2|4\n|start\n|switch|p1a: Farigiraf|Farigiraf, L50, M|100/100\n|switch|p1b: Incineroar|Incineroar, L50, F|100/100\n|switch|p2a: OrangeTiger|Incineroar, L50, M, shiny|100/100\n|switch|p2b: KyKiske|Aggron, L50, M, shiny|100/100\n|-ability|p2a: OrangeTiger|Intimidate|boost\n|-unboost|p1a: Farigiraf|atk|1\n|-unboost|p1b: Incineroar|atk|1\n|-ability|p1b: Incineroar|Intimidate|boost\n|-unboost|p2a: OrangeTiger|atk|1\n|-unboost|p2b: KyKiske|atk|1\n|turn|1\n|\n|t:|1776182501\n|switch|p1b: Golurk|Golurk, L50|100/100\n|detailschange|p2b: KyKiske|Aggron-Mega, L50, M, shiny\n|-mega|p2b: KyKiske|Aggron|Aggronite\n|move|p2a: OrangeTiger|Taunt|p1a: Farigiraf\n|-start|p1a: Farigiraf|move: Taunt\n|-enditem|p1a: Farigiraf|Mental Herb\n|-end|p1a: Farigiraf|move: Taunt\n|move|p2b: KyKiske|Iron Defense|p2b: KyKiske\n|-boost|p2b: KyKiske|def|2\n|move|p1a: Farigiraf|Trick Room|p1a: Farigiraf\n|-fieldstart|move: Trick Room|[of] p1a: Farigiraf\n|\n|upkeep\n|turn|2\n|inactive|darklink1215 has 30 seconds left.\n|\n|t:|1776182529\n|switch|p1a: Sinistcha|Sinistcha, L50|100/100\n|switch|p2a: Le Washer|Rotom-Wash, L50, shiny|100/100\n|detailschange|p1b: Golurk|Golurk-Mega, L50\n|-mega|p1b: Golurk|Golurk|Golurkite\n|move|p2b: KyKiske|Iron Defense|p2b: KyKiske\n|-boost|p2b: KyKiske|def|2\n|move|p1b: Golurk|Headlong Rush|p2a: Le Washer\n|-immune|p2a: Le Washer|[from] ability: Levitate\n|\n|upkeep\n|turn|3\n|inactive|darklink1215 has 30 seconds left.\n|\n|t:|1776182555\n|move|p1b: Golurk|Protect|p1b: Golurk\n|-singleturn|p1b: Golurk|Protect\n|move|p2b: KyKiske|Iron Defense|p2b: KyKiske\n|-boost|p2b: KyKiske|def|2\n|move|p1a: Sinistcha|Matcha Gotcha|p2a: Le Washer|[spread] p2a,p2b\n|-supereffective|p2a: Le Washer|1\n|-resisted|p2b: KyKiske|1\n|-damage|p2a: Le Washer|53/100\n|-damage|p2b: KyKiske|86/100\n|move|p2a: Le Washer|Will-O-Wisp|p1b: Golurk\n|-activate|p1b: Golurk|move: Protect\n|\n|upkeep\n|turn|4\n|inactive|darklink1215 has 30 seconds left.\n|\n|t:|1776182584\n|switch|p2a: OrangeTiger|Incineroar, L50, M, shiny|100/100\n|-ability|p2a: OrangeTiger|Intimidate|boost\n|-unboost|p1a: Sinistcha|atk|1\n|-unboost|p1b: Golurk|atk|1\n|move|p2b: KyKiske|Iron Defense|p2b: KyKiske\n|-boost|p2b: KyKiske|def|0\n|move|p1b: Golurk|Poltergeist|p2a: OrangeTiger\n|-activate|p2a: OrangeTiger|move: Poltergeist|Chople Berry\n|-resisted|p2a: OrangeTiger|1\n|-damage|p2a: OrangeTiger|79/100\n|move|p1a: Sinistcha|Matcha Gotcha|p2a: OrangeTiger|[spread] p2a,p2b\n|-resisted|p2a: OrangeTiger|1\n|-resisted|p2b: KyKiske|1\n|-damage|p2a: OrangeTiger|67/100\n|-damage|p2b: KyKiske|74/100\n|\n|upkeep\n|turn|5\n|inactive|reggiehedge has 30 seconds left.\n|inactive|darklink1215 has 30 seconds left.\n|inactive|reggiehedge has 20 seconds left.\n|inactive|reggiehedge has 15 seconds left.\n|\n|t:|1776182626\n|move|p2b: KyKiske|Iron Defense|p2b: KyKiske\n|-boost|p2b: KyKiske|def|0\n|move|p1b: Golurk|Headlong Rush|p2a: OrangeTiger\n|-supereffective|p2a: OrangeTiger|1\n|-damage|p2a: OrangeTiger|0 fnt\n|-unboost|p1b: Golurk|def|1\n|-unboost|p1b: Golurk|spd|1\n|faint|p2a: OrangeTiger\n|move|p1a: Sinistcha|Matcha Gotcha|p2b: KyKiske|[miss]\n|-miss|p1a: Sinistcha|p2b: KyKiske\n|\n|-fieldend|move: Trick Room\n|upkeep\n|\n|t:|1776182635\n|switch|p2a: Le Washer|Rotom-Wash, L50, shiny|53/100\n|turn|6\n|\n|t:|1776182651\n|switch|p2b: Pizza Pants|Sneasler, L50, M, shiny|100/100\n|move|p1b: Golurk|Protect|p1b: Golurk\n|-singleturn|p1b: Golurk|Protect\n|move|p2a: Le Washer|Will-O-Wisp|p1b: Golurk\n|-activate|p1b: Golurk|move: Protect\n|move|p1a: Sinistcha|Matcha Gotcha|p2b: Pizza Pants|[spread] p2b\n|-miss|p1a: Sinistcha|p2a: Le Washer\n|-resisted|p2b: Pizza Pants|1\n|-damage|p2b: Pizza Pants|85/100\n|\n|upkeep\n|turn|7\n|\n|t:|1776182665\n|switch|p1b: Incineroar|Incineroar, L50, F|100/100\n|-ability|p1b: Incineroar|Intimidate|boost\n|-unboost|p2a: Le Washer|atk|1\n|-unboost|p2b: Pizza Pants|atk|1\n|move|p2b: Pizza Pants|Dire Claw|p1a: Sinistcha\n|-crit|p1a: Sinistcha\n|-damage|p1a: Sinistcha|50/100\n|move|p2a: Le Washer|Will-O-Wisp|p1b: Incineroar\n|-immune|p1b: Incineroar\n|move|p1a: Sinistcha|Matcha Gotcha|p2b: Pizza Pants|[spread] p2a,p2b\n|-supereffective|p2a: Le Washer|1\n|-resisted|p2b: Pizza Pants|1\n|-damage|p2a: Le Washer|2/100\n|-heal|p1a: Sinistcha|72/100|[from] drain|[of] p2a: Le Washer\n|-damage|p2b: Pizza Pants|70/100\n|-heal|p1a: Sinistcha|79/100|[from] drain|[of] p2b: Pizza Pants\n|-status|p2a: Le Washer|brn\n|-status|p2b: Pizza Pants|brn\n|-enditem|p2a: Le Washer|Sitrus Berry|[eat]\n|-heal|p2a: Le Washer|27/100 brn|[from] item: Sitrus Berry\n|\n|-damage|p2b: Pizza Pants|64/100 brn|[from] brn\n|-damage|p2a: Le Washer|22/100 brn|[from] brn\n|upkeep\n|turn|8\n|inactive|reggiehedge has 30 seconds left.\n|\n|t:|1776182698\n|move|p2b: Pizza Pants|Dire Claw|p1a: Sinistcha\n|-damage|p1a: Sinistcha|67/100\n|move|p2a: Le Washer|Volt Switch|p1b: Incineroar\n|-damage|p1b: Incineroar|73/100\n|\n|t:|1776182708\n|switch|p2a: KyKiske|Aggron-Mega, L50, M, shiny|74/100|[from] Volt Switch\n|move|p1b: Incineroar|Parting Shot|p2a: KyKiske\n|-unboost|p2a: KyKiske|atk|1\n|-unboost|p2a: KyKiske|spa|1\n|\n|t:|1776182714\n|switch|p1b: Golurk|Golurk-Mega, L50|100/100|[from] Parting Shot\n|move|p1a: Sinistcha|Trick Room|p1a: Sinistcha\n|-fieldstart|move: Trick Room|[of] p1a: Sinistcha\n|\n|-damage|p2b: Pizza Pants|58/100 brn|[from] brn\n|upkeep\n|turn|9\n|-message|darklink1215 forfeited.\n|\n|win|reggiehedge\n|raw|reggiehedge's rating: 1031 &rarr; <strong>1066</strong><br />(+35 for winning)\n|raw|darklink1215's rating: 1028 &rarr; <strong>1014</strong><br />(-14 for losing)\n",
  "uploadtime": 1776182720,
  "views": 17,
  "formatid": "gen9championsvgc2026regma",
  "rating": 1014,
  "private": 0,
  "password": null
}