{
  "id": "gen9championsvgc2026regma-2587092527",
  "format": "[Gen 9 Champions] VGC 2026 Reg M-A",
  "players": [
    "Wulfo",
    "shutnote"
  ],
  "log": "|j|\u2606Wulfo\n|j|\u2606shutnote\n|t:|1776492306\n|gametype|doubles\n|player|p1|Wulfo|pokemaniac|1060\n|player|p2|shutnote|101|1049\n|gen|9\n|tier|[Gen 9 Champions] VGC 2026 Reg M-A\n|rated|\n|rule|Species Clause: Limit one of each Pok\u00e9mon\n|rule|Item Clause: Limit 1 of each item\n|clearpoke\n|poke|p1|Aerodactyl, L50, M|\n|poke|p1|Meganium, L50, F|\n|poke|p1|Tyranitar, L50, M|\n|poke|p1|Excadrill, L50, M|\n|poke|p1|Incineroar, L50, F|\n|poke|p1|Whimsicott, L50, M|\n|poke|p2|Audino, L50, F|\n|poke|p2|Steelix, L50, F|\n|poke|p2|Sinistcha, L50|\n|poke|p2|Kingambit, L50, M|\n|poke|p2|Empoleon, L50, F|\n|poke|p2|Hydrapple, L50, M|\n|teampreview|4\n|\n|t:|1776492373\n|teamsize|p1|4\n|teamsize|p2|4\n|start\n|switch|p1a: Tyranitar|Tyranitar, L50, M|100/100\n|switch|p1b: Excadrill|Excadrill, L50, M|100/100\n|switch|p2a: Audino|Audino, L50, F|100/100\n|switch|p2b: Steelix|Steelix, L50, F|100/100\n|-weather|Sandstorm|[from] ability: Sand Stream|[of] p1a: Tyranitar\n|turn|1\n|\n|t:|1776492399\n|detailschange|p2b: Steelix|Steelix-Mega, L50, F\n|-mega|p2b: Steelix|Steelix|Steelixite\n|move|p1a: Tyranitar|Protect|p1a: Tyranitar\n|-singleturn|p1a: Tyranitar|Protect\n|move|p1b: Excadrill|Earthquake|p2a: Audino|[spread] p2a,p2b\n|-activate|p1a: Tyranitar|move: Protect\n|-supereffective|p2b: Steelix|1\n|-damage|p2a: Audino|63/100\n|-damage|p2b: Steelix|57/100\n|move|p2b: Steelix|Iron Defense|p2b: Steelix\n|-boost|p2b: Steelix|def|2\n|move|p2a: Audino|Trick Room|p2a: Audino\n|-fieldstart|move: Trick Room|[of] p2a: Audino\n|\n|-weather|Sandstorm|[upkeep]\n|-damage|p2a: Audino|57/100|[from] Sandstorm\n|upkeep\n|turn|2\n|\n|t:|1776492425\n|switch|p1a: Whimsicott|Whimsicott, L50, M|100/100\n|move|p2b: Steelix|Body Press|p1a: Whimsicott\n|-resisted|p1a: Whimsicott|1\n|-damage|p1a: Whimsicott|32/100\n|move|p2a: Audino|Simple Beam|p2b: Steelix\n|-ability|p2b: Steelix|Simple|Sand Force|[from] move: Simple Beam\n|move|p1b: Excadrill|Earthquake|p2b: Steelix|[spread] p1a,p2a,p2b\n|-resisted|p1a: Whimsicott|1\n|-supereffective|p2b: Steelix|1\n|-damage|p1a: Whimsicott|0 fnt\n|-damage|p2a: Audino|22/100\n|-damage|p2b: Steelix|36/100\n|faint|p1a: Whimsicott\n|\n|-weather|Sandstorm|[upkeep]\n|-damage|p2a: Audino|16/100|[from] Sandstorm\n|upkeep\n|\n|t:|1776492442\n|switch|p1a: Meganium|Meganium, L50, F|100/100\n|turn|3\n|\n|t:|1776492458\n|detailschange|p1a: Meganium|Meganium-Mega, L50, F\n|-mega|p1a: Meganium|Meganium|Meganiumite\n|move|p2b: Steelix|Body Press|p1a: Meganium\n|-resisted|p1a: Meganium|1\n|-damage|p1a: Meganium|61/100\n|move|p2a: Audino|Heal Pulse|p2b: Steelix\n|-heal|p2b: Steelix|86/100\n|move|p1a: Meganium|Weather Ball|p2b: Steelix\n|-supereffective|p2b: Steelix|1\n|-damage|p2b: Steelix|0 fnt\n|faint|p2b: Steelix\n|move|p1b: Excadrill|Rock Slide|p2a: Audino\n|-damage|p2a: Audino|0 fnt\n|faint|p2a: Audino\n|\n|-weather|Sandstorm|[upkeep]\n|-damage|p1a: Meganium|55/100|[from] Sandstorm\n|upkeep\n|\n|t:|1776492479\n|switch|p2b: Sinistcha|Sinistcha, L50|100/100\n|switch|p2a: Kingambit|Kingambit, L50, M|100/100\n|turn|4\n|\n|t:|1776492527\n|move|p2b: Sinistcha|Protect|p2b: Sinistcha\n|-singleturn|p2b: Sinistcha|Protect\n|move|p1a: Meganium|Protect|p1a: Meganium\n|-singleturn|p1a: Meganium|Protect\n|move|p2a: Kingambit|Sucker Punch|p1b: Excadrill\n|-damage|p1b: Excadrill|50/100\n|move|p1b: Excadrill|Earthquake|p2a: Kingambit|[spread] p2a\n|-activate|p1a: Meganium|move: Protect\n|-activate|p2b: Sinistcha|move: Protect\n|-supereffective|p2a: Kingambit|1\n|-damage|p2a: Kingambit|30/100\n|\n|-weather|Sandstorm|[upkeep]\n|-damage|p2b: Sinistcha|94/100|[from] Sandstorm\n|-damage|p1a: Meganium|49/100|[from] Sandstorm\n|-heal|p2b: Sinistcha|100/100|[from] item: Leftovers\n|upkeep\n|turn|5\n|\n|t:|1776492551\n|switch|p1b: Tyranitar|Tyranitar, L50, M|100/100\n|move|p2b: Sinistcha|Rage Powder|p2b: Sinistcha\n|-singleturn|p2b: Sinistcha|move: Rage Powder\n|move|p2a: Kingambit|Sucker Punch||[still]\n|-fail|p2a: Kingambit\n|move|p1a: Meganium|Weather Ball|p2b: Sinistcha\n|-supereffective|p2b: Sinistcha|1\n|-damage|p2b: Sinistcha|0 fnt\n|faint|p2b: Sinistcha\n|\n|-weather|none\n|-fieldend|move: Trick Room\n|upkeep\n|turn|6\n|\n|t:|1776492566\n|move|p2a: Kingambit|Sucker Punch|p1a: Meganium\n|-resisted|p1a: Meganium|1\n|-damage|p1a: Meganium|32/100\n|move|p1a: Meganium|Weather Ball|p2a: Kingambit\n|-supereffective|p2a: Kingambit|1\n|-damage|p2a: Kingambit|0 fnt\n|faint|p2a: Kingambit\n|\n|win|Wulfo\n|raw|Wulfo's rating: 1060 &rarr; <strong>1090</strong><br />(+30 for winning)\n|raw|shutnote's rating: 1049 &rarr; <strong>1032</strong><br />(-17 for losing)\n",
  "uploadtime": 1776492577,
  "views": 28,
  "formatid": "gen9championsvgc2026regma",
  "rating": 1032,
  "private": 0,
  "password": null
}