{
  "id": "gen9championsvgc2026regma-2586329791",
  "format": "[Gen 9 Champions] VGC 2026 Reg M-A",
  "players": [
    "gurbederbeste",
    "Medri10"
  ],
  "log": "|j|\u2606gurbederbeste\n|j|\u2606Medri10\n|t:|1776425881\n|gametype|doubles\n|player|p1|gurbederbeste|pryce|1304\n|player|p2|Medri10|scientist|1208\n|gen|9\n|tier|[Gen 9 Champions] VGC 2026 Reg M-A\n|rated|\n|rule|Species Clause: Limit one of each Pok\u00e9mon\n|rule|Item Clause: Limit 1 of each item\n|clearpoke\n|poke|p1|Aggron, L50, M|\n|poke|p1|Sinistcha, L50|\n|poke|p1|Incineroar, L50, M|\n|poke|p1|Pelipper, L50, F|\n|poke|p1|Dragonite, L50, F|\n|poke|p1|Kleavor, L50, M|\n|poke|p2|Meganium, L50, F|\n|poke|p2|Aerodactyl, L50, M|\n|poke|p2|Typhlosion-Hisui, L50, F|\n|poke|p2|Tauros-Paldea-Aqua, L50, M|\n|poke|p2|Glimmora, L50, M|\n|poke|p2|Kingambit, L50, M|\n|teampreview|4\n|inactive|Battle timer is ON: inactive players will automatically lose when time's up. (requested by Medri10)\n|\n|t:|1776425920\n|teamsize|p1|4\n|teamsize|p2|4\n|start\n|switch|p1a: Kleavor|Kleavor, L50, M|100/100\n|switch|p1b: Dragonite|Dragonite, L50, F|100/100\n|switch|p2a: Meganium|Meganium, L50, F|100/100\n|switch|p2b: Aerodactyl|Aerodactyl, L50, M|100/100\n|-ability|p2b: Aerodactyl|Unnerve\n|turn|1\n|\n|t:|1776425941\n|detailschange|p2a: Meganium|Meganium-Mega, L50, F\n|-mega|p2a: Meganium|Meganium|Meganiumite\n|move|p1b: Dragonite|Extreme Speed|p2b: Aerodactyl\n|-resisted|p2b: Aerodactyl|1\n|-damage|p2b: Aerodactyl|82/100\n|move|p1a: Kleavor|Stone Axe|p2b: Aerodactyl\n|-supereffective|p2b: Aerodactyl|1\n|-damage|p2b: Aerodactyl|0 fnt\n|-sidestart|p2: Medri10|move: Stealth Rock\n|faint|p2b: Aerodactyl\n|move|p2a: Meganium|Dazzling Gleam|p1a: Kleavor|[spread] p1a,p1b\n|-supereffective|p1b: Dragonite|1\n|-damage|p1a: Kleavor|51/100\n|-damage|p1b: Dragonite|40/100\n|\n|upkeep\n|\n|t:|1776425956\n|switch|p2b: Glimmora|Glimmora, L50, M|100/100\n|-damage|p2b: Glimmora|88/100|[from] Stealth Rock\n|turn|2\n|inactive|gurbederbeste has 30 seconds left.\n|\n|t:|1776425983\n|move|p1b: Dragonite|Extreme Speed|p2b: Glimmora\n|-resisted|p2b: Glimmora|1\n|-damage|p2b: Glimmora|73/100\n|-activate|p2b: Glimmora|ability: Toxic Debris\n|-sidestart|p1: gurbederbeste|move: Toxic Spikes\n|move|p1a: Kleavor|Stone Axe|p2b: Glimmora\n|-damage|p2b: Glimmora|2/100\n|-activate|p2b: Glimmora|ability: Toxic Debris\n|-sidestart|p1: gurbederbeste|move: Toxic Spikes\n|move|p2b: Glimmora|Power Gem|p1a: Kleavor\n|-supereffective|p1a: Kleavor|1\n|-damage|p1a: Kleavor|0 fnt\n|faint|p1a: Kleavor\n|move|p2a: Meganium|Dazzling Gleam|p1b: Dragonite\n|-supereffective|p1b: Dragonite|1\n|-damage|p1b: Dragonite|0 fnt\n|faint|p1b: Dragonite\n|\n|upkeep\n|\n|t:|1776425994\n|switch|p1a: Pelipper|Pelipper, L50, F|100/100\n|switch|p1b: Aggron|Aggron, L50, M|100/100\n|-weather|RainDance|[from] ability: Drizzle|[of] p1a: Pelipper\n|turn|3\n|inactive|gurbederbeste has 30 seconds left.\n|\n|t:|1776426026\n|detailschange|p1b: Aggron|Aggron-Mega, L50, M\n|-mega|p1b: Aggron|Aggron|Aggronite\n|move|p2b: Glimmora|Earth Power|p1b: Aggron\n|-supereffective|p1b: Aggron|1\n|-damage|p1b: Aggron|62/100\n|move|p2a: Meganium|Solar Beam||[still]\n|-prepare|p2a: Meganium|Solar Beam\n|-activate|p2a: Meganium|ability: Mega Sol\n|-anim|p2a: Meganium|Solar Beam|p1a: Pelipper\n|-enditem|p1a: Pelipper|Focus Sash\n|-damage|p1a: Pelipper|1/100\n|move|p1a: Pelipper|Hurricane|p2a: Meganium\n|-supereffective|p2a: Meganium|1\n|-damage|p2a: Meganium|0 fnt\n|faint|p2a: Meganium\n|move|p1b: Aggron|Heavy Slam|p2b: Glimmora\n|-supereffective|p2b: Glimmora|1\n|-damage|p2b: Glimmora|0 fnt\n|faint|p2b: Glimmora\n|\n|-weather|RainDance|[upkeep]\n|upkeep\n|\n|t:|1776426039\n|switch|p2a: Tauros|Tauros-Paldea-Aqua, L50, M|100/100\n|-damage|p2a: Tauros|94/100|[from] Stealth Rock\n|-ability|p2a: Tauros|Intimidate|boost\n|-unboost|p1a: Pelipper|atk|1\n|-unboost|p1b: Aggron|atk|1\n|turn|4\n|inactive|gurbederbeste has 30 seconds left.\n|\n|t:|1776426065\n|move|p2a: Tauros|Aqua Jet|p1a: Pelipper\n|-resisted|p1a: Pelipper|1\n|-damage|p1a: Pelipper|0 fnt\n|faint|p1a: Pelipper\n|move|p1b: Aggron|Iron Defense|p1b: Aggron\n|-boost|p1b: Aggron|def|2\n|\n|-weather|RainDance|[upkeep]\n|upkeep\n|turn|5\n|\n|t:|1776426073\n|move|p2a: Tauros|Close Combat|p1b: Aggron\n|-supereffective|p1b: Aggron|1\n|-crit|p1b: Aggron\n|-damage|p1b: Aggron|2/100\n|-unboost|p2a: Tauros|def|1\n|-unboost|p2a: Tauros|spd|1\n|-enditem|p2a: Tauros|White Herb\n|-clearnegativeboost|p2a: Tauros|[silent]\n|move|p1b: Aggron|Body Press|p2a: Tauros\n|-damage|p2a: Tauros|11/100\n|\n|-weather|RainDance|[upkeep]\n|upkeep\n|turn|6\n|-message|gurbederbeste forfeited.\n|\n|win|Medri10\n|raw|gurbederbeste's rating: 1304 &rarr; <strong>1279</strong><br />(-25 for losing)\n|raw|Medri10's rating: 1208 &rarr; <strong>1240</strong><br />(+32 for winning)\n",
  "uploadtime": 1776426087,
  "views": 39,
  "formatid": "gen9championsvgc2026regma",
  "rating": 1240,
  "private": 0,
  "password": null
}