{
  "id": "gen9championsvgc2026regma-2583623587",
  "format": "[Gen 9 Champions] VGC 2026 Reg M-A",
  "players": [
    "sdfghrsewdertjhg",
    "cheesykyu"
  ],
  "log": "|j|\u203dsdfghrsewdertjhg\n|j|\u2606cheesykyu\n|t:|1776187182\n|gametype|doubles\n|player|p1|sdfghrsewdertjhg|266|1028\n|player|p2|cheesykyu|1|1118\n|gen|9\n|tier|[Gen 9 Champions] VGC 2026 Reg M-A\n|rated|\n|rule|Species Clause: Limit one of each Pok\u00e9mon\n|rule|Item Clause: Limit 1 of each item\n|clearpoke\n|poke|p1|Farigiraf, L50, F|\n|poke|p1|Torkoal, L50, F|\n|poke|p1|Camerupt, L50, M|\n|poke|p1|Gallade, L50, M|\n|poke|p1|Whimsicott, L50, F|\n|poke|p1|Corviknight, L50, M|\n|poke|p2|Gengar, L50, F|\n|poke|p2|Incineroar, L50, M|\n|poke|p2|Politoed, L50, M|\n|poke|p2|Sinistcha, L50|\n|poke|p2|Rotom-Wash, L50|\n|poke|p2|Sneasler, L50, M|\n|teampreview|4\nsdfghrsewdertjhg has agreed to open team sheets.\n|\n|t:|1776187236\n|teamsize|p1|4\n|teamsize|p2|4\n|start\n|switch|p1a: Farigiraf|Farigiraf, L50, F, shiny|100/100\n|switch|p1b: Torkoal|Torkoal, L50, F, shiny|100/100\n|switch|p2a: Rotom|Rotom-Wash, L50|100/100\n|switch|p2b: Gengar|Gengar, L50, F|100/100\n|-weather|SunnyDay|[from] ability: Drought|[of] p1b: Torkoal\n|turn|1\n|inactive|Battle timer is ON: inactive players will automatically lose when time's up. (requested by cheesykyu)\n|\n|t:|1776187258\n|switch|p2b: Politoed|Politoed, L50, M|100/100\n|-weather|RainDance|[from] ability: Drizzle|[of] p2b: Politoed\n|move|p1b: Torkoal|Protect|p1b: Torkoal\n|-singleturn|p1b: Torkoal|Protect\n|move|p2a: Rotom|Volt Switch|p1a: Farigiraf\n|-damage|p1a: Farigiraf|79/100\n|\n|t:|1776187267\n|switch|p2a: Incineroar|Incineroar, L50, M|100/100|[from] Volt Switch\n|-ability|p2a: Incineroar|Intimidate|boost\n|-unboost|p1a: Farigiraf|atk|1\n|-unboost|p1b: Torkoal|atk|1\n|move|p1a: Farigiraf|Trick Room|p1a: Farigiraf\n|-fieldstart|move: Trick Room|[of] p1a: Farigiraf\n|\n|-weather|RainDance|[upkeep]\n|upkeep\n|turn|2\n|\n|t:|1776187280\n|switch|p1a: Gallade|Gallade, L50, M, shiny|100/100\n|switch|p2b: Rotom|Rotom-Wash, L50|100/100\n|move|p1b: Torkoal|Protect||[still]\n|-fail|p1b: Torkoal\n|move|p2a: Incineroar|Parting Shot|p1b: Torkoal\n|-unboost|p1b: Torkoal|atk|1\n|-unboost|p1b: Torkoal|spa|1\n|\n|t:|1776187289\n|switch|p2a: Politoed|Politoed, L50, M|100/100|[from] Parting Shot\n|\n|-weather|RainDance|[upkeep]\n|upkeep\n|turn|3\n|inactive|sdfghrsewdertjhg has 30 seconds left.\n|inactive|cheesykyu has 30 seconds left.\n|\n|t:|1776187321\n|switch|p1b: Farigiraf|Farigiraf, L50, F, shiny|79/100\n|move|p1a: Gallade|Sacred Sword|p2b: Rotom\n|-damage|p2b: Rotom|18/100\n|move|p2a: Politoed|Weather Ball|p1b: Farigiraf\n|-damage|p1b: Farigiraf|39/100\n|-enditem|p1b: Farigiraf|Sitrus Berry|[eat]\n|-heal|p1b: Farigiraf|64/100|[from] item: Sitrus Berry\n|move|p2b: Rotom|Hydro Pump|p1a: Gallade\n|-damage|p1a: Gallade|47/100\n|\n|-weather|RainDance|[upkeep]\n|-heal|p2b: Rotom|24/100|[from] item: Leftovers\n|upkeep\n|turn|4\n|\n|t:|1776187340\n|switch|p1b: Torkoal|Torkoal, L50, F, shiny|100/100\n|-weather|SunnyDay|[from] ability: Drought|[of] p1b: Torkoal\n|switch|p2a: Incineroar|Incineroar, L50, M|100/100\n|-ability|p2a: Incineroar|Intimidate|boost\n|-unboost|p1a: Gallade|atk|1\n|-unboost|p1b: Torkoal|atk|1\n|move|p2b: Rotom|Protect|p2b: Rotom\n|-singleturn|p2b: Rotom|Protect\n|move|p1a: Gallade|Solar Blade||[still]\n|-prepare|p1a: Gallade|Solar Blade\n|-anim|p1a: Gallade|Solar Blade|p2a: Incineroar\n|-resisted|p2a: Incineroar|1\n|-damage|p2a: Incineroar|82/100\n|\n|-weather|SunnyDay|[upkeep]\n|-heal|p2b: Rotom|30/100|[from] item: Leftovers\n|upkeep\n|turn|5\n|\n|t:|1776187360\n|switch|p1b: Farigiraf|Farigiraf, L50, F, shiny|64/100\n|switch|p2b: Politoed|Politoed, L50, M|100/100\n|-weather|RainDance|[from] ability: Drizzle|[of] p2b: Politoed\n|move|p2a: Incineroar|Fake Out||[still]\n|cant|p1b: Farigiraf|ability: Armor Tail|Fake Out|[of] p2a: Incineroar\n|move|p1a: Gallade|Sacred Sword|p2a: Incineroar\n|-supereffective|p2a: Incineroar|1\n|-enditem|p2a: Incineroar|Chople Berry|[eat]\n|-enditem|p2a: Incineroar|Chople Berry|[weaken]\n|-damage|p2a: Incineroar|43/100\n|\n|-weather|RainDance|[upkeep]\n|-fieldend|move: Trick Room\n|upkeep\n|turn|6\n|\n|t:|1776187371\n|switch|p1a: Torkoal|Torkoal, L50, F, shiny|100/100\n|-weather|SunnyDay|[from] ability: Drought|[of] p1a: Torkoal\n|move|p2b: Politoed|Weather Ball|p1a: Torkoal\n|-resisted|p1a: Torkoal|1\n|-damage|p1a: Torkoal|85/100\n|move|p2a: Incineroar|Darkest Lariat|p1b: Farigiraf\n|-supereffective|p1b: Farigiraf|1\n|-damage|p1b: Farigiraf|10/100\n|move|p1b: Farigiraf|Trick Room|p1b: Farigiraf\n|-fieldstart|move: Trick Room|[of] p1b: Farigiraf\n|\n|-weather|SunnyDay|[upkeep]\n|-heal|p1a: Torkoal|91/100|[from] item: Leftovers\n|upkeep\n|turn|7\n|\n|t:|1776187392\n|move|p1a: Torkoal|Helping Hand|p1b: Farigiraf\n|-singleturn|p1b: Farigiraf|Helping Hand|[of] p1a: Torkoal\n|move|p2a: Incineroar|Protect|p2a: Incineroar\n|-singleturn|p2a: Incineroar|Protect\n|move|p2b: Politoed|Protect|p2b: Politoed\n|-singleturn|p2b: Politoed|Protect\n|move|p1b: Farigiraf|Hyper Voice|p2b: Politoed|[spread] \n|-activate|p2a: Incineroar|move: Protect\n|-activate|p2b: Politoed|move: Protect\n|\n|-weather|SunnyDay|[upkeep]\n|-heal|p1a: Torkoal|98/100|[from] item: Leftovers\n|upkeep\n|turn|8\n|\n|t:|1776187411\n|switch|p2b: Rotom|Rotom-Wash, L50|30/100\n|move|p1a: Torkoal|Helping Hand|p1b: Farigiraf\n|-singleturn|p1b: Farigiraf|Helping Hand|[of] p1a: Torkoal\n|move|p1b: Farigiraf|Hyper Voice|p2a: Incineroar|[spread] p2a,p2b\n|-damage|p2a: Incineroar|13/100\n|-damage|p2b: Rotom|0 fnt\n|faint|p2b: Rotom\n|move|p2a: Incineroar|Parting Shot|p1a: Torkoal\n|-unboost|p1a: Torkoal|atk|1\n|-unboost|p1a: Torkoal|spa|1\n|\n|t:|1776187414\n|switch|p2a: Politoed|Politoed, L50, M|100/100|[from] Parting Shot\n|-weather|RainDance|[from] ability: Drizzle|[of] p2a: Politoed\n|\n|-weather|RainDance|[upkeep]\n|-heal|p1a: Torkoal|100/100|[from] item: Leftovers\n|upkeep\n|\n|t:|1776187422\n|switch|p2b: Incineroar|Incineroar, L50, M|13/100\n|-ability|p2b: Incineroar|Intimidate|boost\n|-unboost|p1a: Torkoal|atk|1\n|-unboost|p1b: Farigiraf|atk|1\n|turn|9\n|\n|t:|1776187445\n|switch|p1a: Gallade|Gallade, L50, M, shiny|47/100\n|move|p1b: Farigiraf|Protect|p1b: Farigiraf\n|-singleturn|p1b: Farigiraf|Protect\n|move|p2b: Incineroar|Darkest Lariat|p1b: Farigiraf\n|-activate|p1b: Farigiraf|move: Protect\n|move|p2a: Politoed|Weather Ball|p1a: Gallade\n|-damage|p1a: Gallade|5/100\n|\n|-weather|RainDance|[upkeep]\n|upkeep\n|turn|10\n|\n|t:|1776187459\n|switch|p1b: Torkoal|Torkoal, L50, F, shiny|100/100\n|-weather|SunnyDay|[from] ability: Drought|[of] p1b: Torkoal\n|move|p2b: Incineroar|Protect|p2b: Incineroar\n|-singleturn|p2b: Incineroar|Protect\n|move|p2a: Politoed|Protect|p2a: Politoed\n|-singleturn|p2a: Politoed|Protect\n|move|p1a: Gallade|Solar Blade||[still]\n|-prepare|p1a: Gallade|Solar Blade\n|-anim|p1a: Gallade|Solar Blade|p2a: Politoed\n|-activate|p2a: Politoed|move: Protect\n|\n|-weather|SunnyDay|[upkeep]\n|-fieldend|move: Trick Room\n|upkeep\n|turn|11\n|\n|t:|1776187483\n|move|p1b: Torkoal|Protect|p1b: Torkoal\n|-singleturn|p1b: Torkoal|Protect\n|move|p2a: Politoed|Weather Ball|p1a: Gallade\n|-damage|p1a: Gallade|0 fnt\n|faint|p1a: Gallade\n|move|p2b: Incineroar|Darkest Lariat|p1b: Torkoal\n|-activate|p1b: Torkoal|move: Protect\n|\n|-weather|SunnyDay|[upkeep]\n|upkeep\n|\n|t:|1776187489\n|switch|p1a: Camerupt|Camerupt, L50, M, shiny|100/100\n|turn|12\n|\n|t:|1776187499\n|detailschange|p1a: Camerupt|Camerupt-Mega, L50, M, shiny\n|-mega|p1a: Camerupt|Camerupt|Cameruptite\n|move|p1b: Torkoal|Helping Hand|p1a: Camerupt\n|-singleturn|p1a: Camerupt|Helping Hand|[of] p1b: Torkoal\n|move|p2a: Politoed|Encore|p1b: Torkoal\n|-start|p1b: Torkoal|Encore\n|move|p2b: Incineroar|Darkest Lariat|p1a: Camerupt\n|-damage|p1a: Camerupt|68/100\n|move|p1a: Camerupt|Eruption|p2a: Politoed|[spread] p2a,p2b\n|-resisted|p2a: Politoed|1\n|-resisted|p2b: Incineroar|1\n|-damage|p2a: Politoed|66/100\n|-damage|p2b: Incineroar|0 fnt\n|faint|p2b: Incineroar\n|\n|-weather|SunnyDay|[upkeep]\n|upkeep\n|\n|t:|1776187512\n|switch|p2b: Gengar|Gengar, L50, F|100/100\n|turn|13\n|\n|t:|1776187531\n|detailschange|p2b: Gengar|Gengar-Mega, L50, F\n|-mega|p2b: Gengar|Gengar|Gengarite\n|move|p1b: Torkoal|Helping Hand|p1a: Camerupt\n|-singleturn|p1a: Camerupt|Helping Hand|[of] p1b: Torkoal\n|move|p2b: Gengar|Shadow Ball|p1a: Camerupt\n|-damage|p1a: Camerupt|29/100\n|move|p2a: Politoed|Weather Ball|p1a: Camerupt\n|-resisted|p1a: Camerupt|1\n|-damage|p1a: Camerupt|12/100\n|move|p1a: Camerupt|Earth Power|p2b: Gengar\n|-supereffective|p2b: Gengar|1\n|-damage|p2b: Gengar|0 fnt\n|faint|p2b: Gengar\n|\n|-weather|SunnyDay|[upkeep]\n|upkeep\n|turn|14\n|\n|t:|1776187549\n|switch|p1b: Farigiraf|Farigiraf, L50, F, shiny|10/100\n|move|p1a: Camerupt|Protect|p1a: Camerupt\n|-singleturn|p1a: Camerupt|Protect\n|move|p2a: Politoed|Weather Ball|p1a: Camerupt\n|-activate|p1a: Camerupt|move: Protect\n|\n|-weather|none\n|upkeep\n|turn|15\n|\n|t:|1776187559\n|switch|p1a: Torkoal|Torkoal, L50, F, shiny|100/100\n|-weather|SunnyDay|[from] ability: Drought|[of] p1a: Torkoal\n|move|p2a: Politoed|Weather Ball|p1b: Farigiraf\n|-damage|p1b: Farigiraf|0 fnt\n|faint|p1b: Farigiraf\n|\n|-weather|SunnyDay|[upkeep]\n|upkeep\n|\n|t:|1776187562\n|switch|p1b: Camerupt|Camerupt-Mega, L50, M, shiny|12/100\n|turn|16\n|\n|t:|1776187574\n|move|p2a: Politoed|Weather Ball|p1b: Camerupt\n|-resisted|p1b: Camerupt|1\n|-damage|p1b: Camerupt|0 fnt\n|faint|p1b: Camerupt\n|move|p1a: Torkoal|Weather Ball|p2a: Politoed\n|-resisted|p2a: Politoed|1\n|-damage|p2a: Politoed|49/100\n|\n|-weather|SunnyDay|[upkeep]\n|upkeep\n|turn|17\n|\n|t:|1776187587\n|move|p2a: Politoed|Protect|p2a: Politoed\n|-singleturn|p2a: Politoed|Protect\n|move|p1a: Torkoal|Weather Ball|p2a: Politoed\n|-activate|p2a: Politoed|move: Protect\n|\n|-weather|SunnyDay|[upkeep]\n|upkeep\n|turn|18\n|\n|t:|1776187598\n|move|p2a: Politoed|Weather Ball|p1a: Torkoal\n|-resisted|p1a: Torkoal|1\n|-damage|p1a: Torkoal|85/100\n|move|p1a: Torkoal|Weather Ball|p2a: Politoed\n|-resisted|p2a: Politoed|1\n|-damage|p2a: Politoed|32/100\n|\n|-weather|SunnyDay|[upkeep]\n|-heal|p1a: Torkoal|91/100|[from] item: Leftovers\n|upkeep\n|turn|19\n|\n|t:|1776187615\n|move|p2a: Politoed|Protect|p2a: Politoed\n|-singleturn|p2a: Politoed|Protect\n|move|p1a: Torkoal|Weather Ball|p2a: Politoed\n|-activate|p2a: Politoed|move: Protect\n|\n|-weather|none\n|-heal|p1a: Torkoal|97/100|[from] item: Leftovers\n|upkeep\n|turn|20\n|\n|t:|1776187631\n|move|p2a: Politoed|Weather Ball|p1a: Torkoal\n|-damage|p1a: Torkoal|86/100\n|move|p1a: Torkoal|Clear Smog|p2a: Politoed\n|-damage|p2a: Politoed|24/100\n|-clearboost|p2a: Politoed\n|\n|-heal|p1a: Torkoal|93/100|[from] item: Leftovers\n|upkeep\n|turn|21\n|\n|t:|1776187641\n|move|p2a: Politoed|Weather Ball|p1a: Torkoal\n|-damage|p1a: Torkoal|82/100\n|move|p1a: Torkoal|Weather Ball|p2a: Politoed\n|-damage|p2a: Politoed|17/100\n|\n|-heal|p1a: Torkoal|89/100|[from] item: Leftovers\n|upkeep\n|turn|22\n|-message|cheesykyu forfeited.\n|\n|win|sdfghrsewdertjhg\n|raw|sdfghrsewdertjhg's rating: 1028 &rarr; <strong>1073</strong><br />(+45 for winning)\n|raw|cheesykyu's rating: 1118 &rarr; <strong>1087</strong><br />(-31 for losing)\n|l|\u2606cheesykyu\n|player|p2|\n",
  "uploadtime": 1776187659,
  "views": 14,
  "formatid": "gen9championsvgc2026regma",
  "rating": 1073,
  "private": 0,
  "password": null
}