{
  "id": "gen9championsvgc2026regma-2588495699",
  "format": "[Gen 9 Champions] VGC 2026 Reg M-A",
  "players": [
    "Johten",
    "AmazingGamer14"
  ],
  "log": "|j|\u2606Johten\n|j|\u2606AmazingGamer14\n|t:|1776638741\n|gametype|doubles\n|player|p1|Johten|veteran|1193\n|player|p2|AmazingGamer14|265|1172\n|gen|9\n|tier|[Gen 9 Champions] VGC 2026 Reg M-A\n|rated|\n|rule|Species Clause: Limit one of each Pok\u00e9mon\n|rule|Item Clause: Limit 1 of each item\n|clearpoke\n|poke|p1|Raichu, L50, M|\n|poke|p1|Farigiraf, L50, F|\n|poke|p1|Sinistcha, L50|\n|poke|p1|Aggron, L50, M|\n|poke|p1|Gallade, L50, M|\n|poke|p1|Rotom-Heat, L50|\n|poke|p2|Meowstic, L50, M|\n|poke|p2|Delphox, L50, M|\n|poke|p2|Milotic, L50, F|\n|poke|p2|Kingambit, L50, M|\n|poke|p2|Aerodactyl, L50, F|\n|poke|p2|Venusaur, L50, M|\n|teampreview|4\n|inactive|Battle timer is ON: inactive players will automatically lose when time's up. (requested by Johten)\n|inactive|Johten has 60 seconds left.\n|inactive|AmazingGamer14 has 60 seconds left.\n|inactive|Johten has 30 seconds left.\n|inactive|AmazingGamer14 has 30 seconds left.\n|inactive|AmazingGamer14 has 20 seconds left.\n|inactive|AmazingGamer14 has 15 seconds left.\n|inactive|AmazingGamer14 has 10 seconds left.\n|inactive|AmazingGamer14 has 5 seconds left.\n|\n|t:|1776638836\n|teamsize|p1|4\n|teamsize|p2|4\n|start\n|switch|p1a: Rotom|Rotom-Heat, L50|100/100\n|switch|p1b: Raichu|Raichu, L50, M|100/100\n|switch|p2a: Meowstic|Meowstic, L50, M|100/100\n|switch|p2b: Milotic|Milotic, L50, F|100/100\n|turn|1\n|inactive|AmazingGamer14 has 30 seconds left.\n|\n|t:|1776638866\n|switch|p2b: Delphox|Delphox, L50, M|100/100\n|move|p1b: Raichu|Fake Out|p2b: Delphox\n|-damage|p2b: Delphox|90/100\n|move|p2a: Meowstic|Fake Tears|p1b: Raichu\n|-unboost|p1b: Raichu|spd|2\n|move|p1a: Rotom|Trick|p2a: Meowstic\n|-activate|p1a: Rotom|move: Trick|[of] p2a: Meowstic\n|-item|p2a: Meowstic|Choice Scarf|[from] move: Trick\n|-item|p1a: Rotom|Focus Sash|[from] move: Trick\n|\n|upkeep\n|turn|2\n|inactive|Johten has 30 seconds left.\n|inactive|AmazingGamer14 has 30 seconds left.\n|inactive|AmazingGamer14 has 20 seconds left.\n|\n|t:|1776638905\n|switch|p1b: Farigiraf|Farigiraf, L50, F|100/100\n|detailschange|p2b: Delphox|Delphox-Mega, L50, M\n|-mega|p2b: Delphox|Delphox|Delphoxite\n|move|p2a: Meowstic|Charm||[still]\n|cant|p1b: Farigiraf|ability: Armor Tail|Charm|[of] p2a: Meowstic\n|move|p2b: Delphox|Heat Wave|p1a: Rotom|[spread] p1a,p1b\n|-resisted|p1a: Rotom|1\n|-damage|p1a: Rotom|70/100\n|-damage|p1b: Farigiraf|65/100\n|move|p1a: Rotom|Volt Switch|p2b: Delphox\n|-damage|p2b: Delphox|60/100\n|\n|t:|1776638916\n|switch|p1a: Raichu|Raichu, L50, M|100/100|[from] Volt Switch\n|\n|upkeep\n|turn|3\n|inactive|AmazingGamer14 has 30 seconds left.\n|\n|t:|1776638947\n|switch|p2a: Milotic|Milotic, L50, F|100/100\n|move|p2b: Delphox|Protect|p2b: Delphox\n|-singleturn|p2b: Delphox|Protect\n|move|p1b: Farigiraf|Protect|p1b: Farigiraf\n|-singleturn|p1b: Farigiraf|Protect\n|move|p1a: Raichu|Nuzzle|p2b: Delphox\n|-activate|p2b: Delphox|move: Protect\n|\n|upkeep\n|turn|4\n|\n|t:|1776638969\n|switch|p2b: Venusaur|Venusaur, L50, M|100/100\n|switch|p2a: Meowstic|Meowstic, L50, M|100/100\n|move|p1a: Raichu|Volt Switch|p2b: Venusaur\n|-resisted|p2b: Venusaur|1\n|-damage|p2b: Venusaur|89/100\n|\n|t:|1776638976\n|switch|p1a: Gallade|Gallade, L50, M|100/100|[from] Volt Switch\n|move|p1b: Farigiraf|Beat Up|p1a: Gallade\n|-damage|p1a: Gallade|96/100\n|-ability|p1a: Gallade|Justified|boost\n|-boost|p1a: Gallade|atk|1\n|-damage|p1a: Gallade|92/100\n|-ability|p1a: Gallade|Justified|boost\n|-boost|p1a: Gallade|atk|1\n|-crit|p1a: Gallade\n|-damage|p1a: Gallade|86/100\n|-ability|p1a: Gallade|Justified|boost\n|-boost|p1a: Gallade|atk|1\n|-damage|p1a: Gallade|82/100\n|-ability|p1a: Gallade|Justified|boost\n|-boost|p1a: Gallade|atk|1\n|-hitcount|p1a: Gallade|4\n|\n|upkeep\n|turn|5\n|inactive|Johten has 30 seconds left.\n|inactive|AmazingGamer14 has 30 seconds left.\n|\n|t:|1776639008\n|detailschange|p1a: Gallade|Gallade-Mega, L50, M\n|-mega|p1a: Gallade|Gallade|Galladite\n|move|p2b: Venusaur|Protect|p2b: Venusaur\n|-singleturn|p2b: Venusaur|Protect\n|move|p2a: Meowstic|Psychic|p1a: Gallade\n|-damage|p1a: Gallade|48/100\n|move|p1a: Gallade|Drain Punch|p2a: Meowstic\n|-resisted|p2a: Meowstic|1\n|-damage|p2a: Meowstic|14/100\n|-heal|p1a: Gallade|94/100|[from] drain|[of] p2a: Meowstic\n|move|p1b: Farigiraf|Twin Beam|p2b: Venusaur\n|-activate|p2b: Venusaur|move: Protect\n|\n|upkeep\n|turn|6\n|inactive|Johten has 30 seconds left.\n|\n|t:|1776639033\n|move|p1b: Farigiraf|Helping Hand|p1a: Gallade\n|-singleturn|p1a: Gallade|Helping Hand|[of] p1b: Farigiraf\n|move|p2a: Meowstic|Psychic|p1a: Gallade\n|-damage|p1a: Gallade|64/100\n|move|p1a: Gallade|Drain Punch|p2b: Venusaur\n|-resisted|p2b: Venusaur|1\n|-damage|p2b: Venusaur|0 fnt\n|-heal|p1a: Gallade|100/100|[from] drain|[of] p2b: Venusaur\n|faint|p2b: Venusaur\n|\n|upkeep\n|-message|AmazingGamer14 forfeited.\n|\n|win|Johten\n|raw|Johten's rating: 1193 &rarr; <strong>1216</strong><br />(+23 for winning)\n|raw|AmazingGamer14's rating: 1172 &rarr; <strong>1149</strong><br />(-23 for losing)\n|l|\u2606AmazingGamer14\n|player|p2|\n",
  "uploadtime": 1776639048,
  "views": 17,
  "formatid": "gen9championsvgc2026regma",
  "rating": 1149,
  "private": 0,
  "password": null
}