{
  "id": "gen9championsvgc2026regma-2584607901",
  "format": "[Gen 9 Champions] VGC 2026 Reg M-A",
  "players": [
    "5wamp",
    "lightofmelia"
  ],
  "log": "|j|\u26065wamp\n|j|\u2606lightofmelia\n|t:|1776271801\n|gametype|doubles\n|player|p1|5wamp|iono-masters|1000\n|player|p2|lightofmelia|cynthia-masters4|1070\n|gen|9\n|tier|[Gen 9 Champions] VGC 2026 Reg M-A\n|rated|\n|rule|Species Clause: Limit one of each Pok\u00e9mon\n|rule|Item Clause: Limit 1 of each item\n|clearpoke\n|poke|p1|Floette-Eternal, L50, F|\n|poke|p1|Sneasler, L50, F|\n|poke|p1|Aerodactyl, L50, F|\n|poke|p1|Delphox, L50, F|\n|poke|p1|Garchomp, L50, M|\n|poke|p1|Kingambit, L50, F|\n|poke|p2|Incineroar, L50, F|\n|poke|p2|Sneasler, L50, F|\n|poke|p2|Aggron, L50, M|\n|poke|p2|Garchomp, L50, M|\n|poke|p2|Alakazam, L50, M|\n|poke|p2|Meowstic, L50, M|\n|teampreview|4\n|inactive|Battle timer is ON: inactive players will automatically lose when time's up. (requested by 5wamp)\n|inactive|lightofmelia also wants the timer to be on.\n|c|\u2606lightofmelia|glhf!\n|c|\u26065wamp|u2\n|inactive|5wamp has 60 seconds left.\n|\n|t:|1776271835\n|teamsize|p1|4\n|teamsize|p2|4\n|start\n|switch|p1a: Floette|Floette-Eternal, L50, F|100/100\n|switch|p1b: Delphox|Delphox, L50, F|100/100\n|switch|p2a: Sneasler|Sneasler, L50, F|100/100\n|switch|p2b: Garchomp|Garchomp, L50, M|100/100\n|turn|1\n|\n|t:|1776271845\n|detailschange|p1b: Delphox|Delphox-Mega, L50, F\n|-mega|p1b: Delphox|Delphox|Delphoxite\n|move|p1a: Floette|Psychic|p2a: Sneasler\n|-supereffective|p2a: Sneasler|2\n|-damage|p2a: Sneasler|0 fnt\n|faint|p2a: Sneasler\n|move|p1b: Delphox|Heat Wave|p2b: Garchomp\n|-resisted|p2b: Garchomp|1\n|-damage|p2b: Garchomp|68/100\n|move|p2b: Garchomp|Rock Slide|p1b: Delphox|[spread] p1a,p1b\n|-supereffective|p1b: Delphox|1\n|-damage|p1a: Floette|71/100\n|-damage|p1b: Delphox|37/100\n|\n|upkeep\n|\n|t:|1776271850\n|switch|p2a: Meowstic|Meowstic, L50, M|100/100\n|turn|2\n|\n|t:|1776271871\n|switch|p1a: Sneasler|Sneasler, L50, F|100/100\n|move|p1b: Delphox|Protect|p1b: Delphox\n|-singleturn|p1b: Delphox|Protect\n|move|p2a: Meowstic|Light Screen|p2a: Meowstic\n|-sidestart|p2: lightofmelia|move: Light Screen\n|move|p2b: Garchomp|Iron Head|p1a: Sneasler\n|-crit|p1a: Sneasler\n|-damage|p1a: Sneasler|30/100\n|\n|upkeep\n|turn|3\n|\n|t:|1776271886\n|move|p2a: Meowstic|Helping Hand|p2b: Garchomp\n|-singleturn|p2b: Garchomp|Helping Hand|[of] p2a: Meowstic\n|move|p1b: Delphox|Heat Wave|p2b: Garchomp|[spread] p2a,p2b\n|-resisted|p2b: Garchomp|1\n|-damage|p2a: Meowstic|77/100\n|-damage|p2b: Garchomp|51/100\n|move|p1a: Sneasler|Close Combat|p2b: Garchomp\n|-damage|p2b: Garchomp|0 fnt\n|-unboost|p1a: Sneasler|def|1\n|-unboost|p1a: Sneasler|spd|1\n|-damage|p1a: Sneasler|18/100|[from] ability: Rough Skin|[of] p2b: Garchomp\n|faint|p2b: Garchomp\n|-enditem|p1a: Sneasler|White Herb\n|-clearnegativeboost|p1a: Sneasler|[silent]\n|\n|upkeep\n|\n|t:|1776271894\n|switch|p2b: Alakazam|Alakazam, L50, M|100/100\n|turn|4\n|\n|t:|1776271901\n|detailschange|p2b: Alakazam|Alakazam-Mega, L50, M\n|-mega|p2b: Alakazam|Alakazam|Alakazite\n|-ability|p2b: Alakazam|Levitate|Trace|[from] ability: Trace|[of] p1b: Delphox\n|move|p1b: Delphox|Protect|p1b: Delphox\n|-singleturn|p1b: Delphox|Protect\n|move|p2a: Meowstic|Psychic Terrain|p2a: Meowstic\n|-fieldstart|move: Psychic Terrain\n|move|p1a: Sneasler|Dire Claw|p2b: Alakazam\n|-damage|p2b: Alakazam|21/100\n|move|p2b: Alakazam|Expanding Force|p1a: Sneasler\n|-supereffective|p1a: Sneasler|2\n|-damage|p1a: Sneasler|0 fnt\n|faint|p1a: Sneasler\n|\n|upkeep\n|inactive|5wamp has 30 seconds left.\n|\n|t:|1776271929\n|switch|p1a: Floette|Floette-Eternal, L50, F|71/100\n|turn|5\n|\n|t:|1776271941\n|move|p2a: Meowstic|Helping Hand|p2b: Alakazam\n|-singleturn|p2b: Alakazam|Helping Hand|[of] p2a: Meowstic\n|move|p1a: Floette|Moonblast|p2b: Alakazam\n|-damage|p2b: Alakazam|0 fnt\n|faint|p2b: Alakazam\n|move|p1b: Delphox|Heat Wave|p2a: Meowstic\n|-damage|p2a: Meowstic|43/100\n|\n|upkeep\n|turn|6\n|c|\u2606lightofmelia|gg wp\n|-message|lightofmelia forfeited.\n|\n|win|5wamp\n|raw|5wamp's rating: 1000 &rarr; <strong>1048</strong><br />(+48 for winning)\n|raw|lightofmelia's rating: 1070 &rarr; <strong>1045</strong><br />(-25 for losing)\n",
  "uploadtime": 1776271948,
  "views": 14,
  "formatid": "gen9championsvgc2026regma",
  "rating": 1045,
  "private": 0,
  "password": null
}