{
  "id": "gen9championsvgc2026regma-2587289483",
  "format": "[Gen 9 Champions] VGC 2026 Reg M-A",
  "players": [
    "Agly26",
    "djlolotis"
  ],
  "log": "|j|\u2606Agly26\n|j|\u2606djlolotis\n|t:|1776518729\n|gametype|doubles\n|player|p1|Agly26|cynthia-gen4|1000\n|player|p2|djlolotis|rancher|1000\n|gen|9\n|tier|[Gen 9 Champions] VGC 2026 Reg M-A\n|rated|\n|rule|Species Clause: Limit one of each Pok\u00e9mon\n|rule|Item Clause: Limit 1 of each item\n|clearpoke\n|poke|p1|Floette-Eternal, L50, F|\n|poke|p1|Incineroar, L50, F|\n|poke|p1|Garchomp, L50, F, shiny|\n|poke|p1|Pelipper, L50, F|\n|poke|p1|Sinistcha, L50|\n|poke|p1|Basculegion, L50, M|\n|poke|p2|Scovillain, L50, M|\n|poke|p2|Dragapult, L50, F|\n|poke|p2|Samurott-Hisui, L50, M|\n|poke|p2|Orthworm, L50, F|\n|poke|p2|Florges, L50, F|\n|poke|p2|Diggersby, L50, F|\n|teampreview|4\n|\n|t:|1776518792\n|teamsize|p1|4\n|teamsize|p2|4\n|start\n|switch|p1a: Floette|Floette-Eternal, L50, F|100/100\n|switch|p1b: Inci|Incineroar, L50, F|100/100\n|switch|p2a: Scovillain|Scovillain, L50, M|100/100\n|switch|p2b: Dragapult|Dragapult, L50, F|100/100\n|-ability|p1b: Inci|Intimidate|boost\n|-unboost|p2a: Scovillain|atk|1\n|-fail|p2b: Dragapult|unboost|[from] ability: Clear Body|[of] p2b: Dragapult\n|turn|1\n|\n|t:|1776518825\n|detailschange|p1a: Floette|Floette-Mega, L50, F\n|-mega|p1a: Floette|Floette|Floettite\n|-ability|p1a: Floette|Fairy Aura\n|move|p2a: Scovillain|Protect|p2a: Scovillain\n|-singleturn|p2a: Scovillain|Protect\n|move|p1b: Inci|Fake Out|p2a: Scovillain\n|-activate|p2a: Scovillain|move: Protect\n|move|p2b: Dragapult|Light Screen|p2b: Dragapult\n|-sidestart|p2: djlolotis|move: Light Screen\n|move|p1a: Floette|Calm Mind|p1a: Floette\n|-boost|p1a: Floette|spa|1\n|-boost|p1a: Floette|spd|1\n|\n|-ability|p2a: Scovillain|Moody|boost\n|-boost|p2a: Scovillain|spe|2\n|-unboost|p2a: Scovillain|spd|1\n|upkeep\n|turn|2\n|\n|t:|1776518867\n|detailschange|p2a: Scovillain|Scovillain-Mega, L50, M\n|-mega|p2a: Scovillain|Scovillain|Scovillainite\n|move|p2b: Dragapult|Reflect|p2b: Dragapult\n|-sidestart|p2: djlolotis|Reflect\n|move|p2a: Scovillain|Leech Seed|p1a: Floette\n|-start|p1a: Floette|move: Leech Seed\n|move|p1a: Floette|Moonblast|p2b: Dragapult\n|-supereffective|p2b: Dragapult|1\n|-damage|p2b: Dragapult|0 fnt\n|faint|p2b: Dragapult\n|move|p1b: Inci|Parting Shot|p2a: Scovillain\n|-unboost|p2a: Scovillain|atk|1\n|-unboost|p2a: Scovillain|spa|1\n|\n|t:|1776518899\n|switch|p1b: Sinistcha|Sinistcha, L50|100/100|[from] Parting Shot\n|\n|-damage|p1a: Floette|89/100|[from] Leech Seed|[of] p2a: Scovillain\n|upkeep\n|\n|t:|1776518912\n|switch|p2b: Florges|Florges, L50, F|100/100\n|turn|3\n|\n|t:|1776518967\n|move|p1b: Sinistcha|Rage Powder|p1b: Sinistcha\n|-singleturn|p1b: Sinistcha|move: Rage Powder\n|move|p2a: Scovillain|Flamethrower|p1b: Sinistcha\n|-supereffective|p1b: Sinistcha|1\n|-damage|p1b: Sinistcha|47/100\n|-enditem|p1b: Sinistcha|Sitrus Berry|[eat]\n|-heal|p1b: Sinistcha|71/100|[from] item: Sitrus Berry\n|move|p1a: Floette|Moonblast|p2a: Scovillain\n|-resisted|p2a: Scovillain|1\n|-damage|p2a: Scovillain|54/100\n|-status|p1a: Floette|brn|[from] ability: Spicy Spray|[of] p2a: Scovillain\n|move|p2b: Florges|Moonblast|p1b: Sinistcha\n|-damage|p1b: Sinistcha|12/100\n|\n|-damage|p1a: Floette|77/100 brn|[from] Leech Seed|[of] p2a: Scovillain\n|-heal|p2a: Scovillain|65/100|[silent]\n|-damage|p1a: Floette|71/100 brn|[from] brn\n|upkeep\n|turn|4\n|\n|t:|1776519016\n|move|p1b: Sinistcha|Rage Powder|p1b: Sinistcha\n|-singleturn|p1b: Sinistcha|move: Rage Powder\n|move|p2a: Scovillain|Leech Seed|p1b: Sinistcha\n|-immune|p1b: Sinistcha\n|move|p1a: Floette|Draining Kiss|p2a: Scovillain\n|-resisted|p2a: Scovillain|1\n|-damage|p2a: Scovillain|42/100\n|-heal|p1a: Floette|89/100 brn|[from] drain|[of] p2a: Scovillain\n|move|p2b: Florges|Pollen Puff|p1b: Sinistcha\n|-damage|p1b: Sinistcha|0 fnt\n|faint|p1b: Sinistcha\n|\n|-damage|p1a: Floette|77/100 brn|[from] Leech Seed|[of] p2a: Scovillain\n|-heal|p2a: Scovillain|53/100|[silent]\n|-damage|p1a: Floette|72/100 brn|[from] brn\n|upkeep\n|\n|t:|1776519037\n|switch|p1b: Chomp|Garchomp, L50, F, shiny|100/100\n|turn|5\n|\n|t:|1776519054\n|move|p2a: Scovillain|Protect|p2a: Scovillain\n|-singleturn|p2a: Scovillain|Protect\n|move|p1a: Floette|Protect|p1a: Floette\n|-singleturn|p1a: Floette|Protect\n|move|p1b: Chomp|Earthquake|p2b: Florges|[spread] p2b\n|-activate|p1a: Floette|move: Protect\n|-activate|p2a: Scovillain|move: Protect\n|-damage|p2b: Florges|59/100\n|move|p2b: Florges|Moonblast|p1b: Chomp\n|-supereffective|p1b: Chomp|1\n|-damage|p1b: Chomp|0 fnt\n|faint|p1b: Chomp\n|\n|-damage|p1a: Floette|60/100 brn|[from] Leech Seed|[of] p2a: Scovillain\n|-heal|p2a: Scovillain|64/100|[silent]\n|-damage|p1a: Floette|54/100 brn|[from] brn\n|-sideend|p2: djlolotis|move: Light Screen\n|upkeep\n|\n|t:|1776519075\n|switch|p1b: Inci|Incineroar, L50, F|100/100\n|-ability|p1b: Inci|Intimidate|boost\n|-block|p2a: Scovillain|ability: Flower Veil|[of] p2b: Florges\n|-unboost|p2b: Florges|atk|1\n|turn|6\n|\n|t:|1776519104\n|move|p2a: Scovillain|Leech Seed|p1b: Inci\n|-start|p1b: Inci|move: Leech Seed\n|move|p1a: Floette|Draining Kiss|p2a: Scovillain\n|-resisted|p2a: Scovillain|1\n|-damage|p2a: Scovillain|32/100\n|-heal|p1a: Floette|80/100 brn|[from] drain|[of] p2a: Scovillain\n|move|p2b: Florges|Pollen Puff|p2a: Scovillain\n|-heal|p2a: Scovillain|82/100\n|move|p1b: Inci|Throat Chop|p2a: Scovillain\n|-damage|p2a: Scovillain|59/100\n|-start|p2a: Scovillain|Throat Chop|[silent]\n|-immune|p1b: Inci\n|\n|-damage|p1a: Floette|68/100 brn|[from] Leech Seed|[of] p2a: Scovillain\n|-heal|p2a: Scovillain|70/100|[silent]\n|-damage|p1b: Inci|88/100|[from] Leech Seed|[of] p2a: Scovillain\n|-heal|p2a: Scovillain|84/100|[silent]\n|-damage|p1a: Floette|63/100 brn|[from] brn\n|-sideend|p2: djlolotis|Reflect\n|upkeep\n|turn|7\n|\n|t:|1776519159\n|move|p2a: Scovillain|Flamethrower|p1a: Floette\n|-damage|p1a: Floette|48/100 brn\n|move|p1a: Floette|Draining Kiss|p2a: Scovillain\n|-resisted|p2a: Scovillain|1\n|-damage|p2a: Scovillain|50/100\n|-heal|p1a: Floette|75/100 brn|[from] drain|[of] p2a: Scovillain\n|move|p2b: Florges|Pollen Puff|p2a: Scovillain\n|-heal|p2a: Scovillain|100/100\n|move|p1b: Inci|Will-O-Wisp|p2b: Florges\n|-status|p2b: Florges|brn\n|\n|-damage|p1a: Floette|63/100 brn|[from] Leech Seed|[of] p2a: Scovillain\n|-damage|p1b: Inci|76/100|[from] Leech Seed|[of] p2a: Scovillain\n|-damage|p1a: Floette|58/100 brn|[from] brn\n|-damage|p2b: Florges|53/100 brn|[from] brn\n|-end|p2a: Scovillain|Throat Chop|[silent]\n|upkeep\n|turn|8\n|\n|t:|1776519193\n|move|p2a: Scovillain|Flamethrower|p1a: Floette\n|-damage|p1a: Floette|41/100 brn\n|move|p1a: Floette|Draining Kiss|p2b: Florges\n|-damage|p2b: Florges|6/100 brn\n|-heal|p1a: Floette|75/100 brn|[from] drain|[of] p2b: Florges\n|-enditem|p2b: Florges|Sitrus Berry|[eat]\n|-heal|p2b: Florges|31/100 brn|[from] item: Sitrus Berry\n|move|p2b: Florges|Moonblast|p1a: Floette\n|-damage|p1a: Floette|45/100 brn\n|move|p1b: Inci|Throat Chop|p2b: Florges\n|-resisted|p2b: Florges|1\n|-damage|p2b: Florges|5/100 brn\n|-start|p2b: Florges|Throat Chop|[silent]\n|\n|-damage|p1a: Floette|33/100 brn|[from] Leech Seed|[of] p2a: Scovillain\n|-damage|p1b: Inci|63/100|[from] Leech Seed|[of] p2a: Scovillain\n|-damage|p1a: Floette|27/100 brn|[from] brn\n|-damage|p2b: Florges|0 fnt|[from] brn\n|faint|p2b: Florges\n|upkeep\n|\n|t:|1776519209\n|switch|p2b: Samurott|Samurott-Hisui, L50, M|100/100\n|turn|9\n|\n|t:|1776519233\n|move|p2a: Scovillain|Spicy Extract|p2b: Samurott\n|-boost|p2b: Samurott|atk|2\n|-unboost|p2b: Samurott|def|2\n|move|p2b: Samurott|Sacred Sword|p1b: Inci\n|-supereffective|p1b: Inci|1\n|-enditem|p1b: Inci|Chople Berry|[eat]\n|-enditem|p1b: Inci|Chople Berry|[weaken]\n|-damage|p1b: Inci|0 fnt\n|faint|p1b: Inci\n|move|p1a: Floette|Draining Kiss|p2b: Samurott\n|-supereffective|p2b: Samurott|1\n|-enditem|p2b: Samurott|Focus Sash\n|-damage|p2b: Samurott|1/100\n|-heal|p1a: Floette|100/100 brn|[from] drain|[of] p2b: Samurott\n|\n|-damage|p1a: Floette|89/100 brn|[from] Leech Seed|[of] p2a: Scovillain\n|-damage|p1a: Floette|83/100 brn|[from] brn\n|upkeep\n|turn|10\n|\n|t:|1776519271\n|move|p2a: Scovillain|Spicy Extract|p2b: Samurott\n|-boost|p2b: Samurott|atk|2\n|-unboost|p2b: Samurott|def|2\n|move|p2b: Samurott|Aqua Cutter|p1a: Floette\n|-damage|p1a: Floette|0 fnt\n|faint|p1a: Floette\n|\n|win|djlolotis\n|raw|Agly26's rating: 1000 &rarr; <strong>1000</strong><br />(+0 for losing)\n|raw|djlolotis's rating: 1000 &rarr; <strong>1040</strong><br />(+40 for winning)\n|l|\u2606Agly26\n|player|p1|\n|c|\u2606djlolotis|Ggs\n",
  "uploadtime": 1776519776,
  "views": 24,
  "formatid": "gen9championsvgc2026regma",
  "rating": 1000,
  "private": 0,
  "password": null
}