{
  "id": "gen9championsvgc2026regma-2586937990",
  "format": "[Gen 9 Champions] VGC 2026 Reg M-A",
  "players": [
    "perona33",
    "Santuario93"
  ],
  "log": "|j|\u2606perona33\n|j|\u2606Santuario93\n|t:|1776473623\n|gametype|doubles\n|player|p1|perona33|steven|1051\n|player|p2|Santuario93|wattson|1000\n|gen|9\n|tier|[Gen 9 Champions] VGC 2026 Reg M-A\n|rated|\n|rule|Species Clause: Limit one of each Pok\u00e9mon\n|rule|Item Clause: Limit 1 of each item\n|clearpoke\n|poke|p1|Sylveon, L50, F|\n|poke|p1|Arcanine, L50, F|\n|poke|p1|Milotic, L50, M|\n|poke|p1|Tyranitar, L50, M|\n|poke|p1|Feraligatr, L50, F|\n|poke|p1|Oranguru, L50, M|\n|poke|p2|Floette-Eternal, L50, F|\n|poke|p2|Garchomp, L50, M|\n|poke|p2|Aerodactyl, L50, M|\n|poke|p2|Milotic, L50, M|\n|poke|p2|Incineroar, L50, M|\n|poke|p2|Scizor, L50, F|\n|teampreview|4\n|\n|t:|1776473649\n|teamsize|p1|4\n|teamsize|p2|4\n|start\n|switch|p1a: Milotic|Milotic, L50, M|100/100\n|switch|p1b: Oranguru|Oranguru, L50, M|100/100\n|switch|p2a: Aerodactyl|Aerodactyl, L50, M|100/100\n|switch|p2b: Floette|Floette-Eternal, L50, F|100/100\n|-ability|p2a: Aerodactyl|Unnerve\n|turn|1\n|\n|t:|1776473665\n|detailschange|p2b: Floette|Floette-Mega, L50, F\n|-mega|p2b: Floette|Floette|Floettite\n|-ability|p2b: Floette|Fairy Aura\n|move|p2a: Aerodactyl|Protect|p2a: Aerodactyl\n|-singleturn|p2a: Aerodactyl|Protect\n|move|p2b: Floette|Calm Mind|p2b: Floette\n|-boost|p2b: Floette|spa|1\n|-boost|p2b: Floette|spd|1\n|move|p1a: Milotic|Scald|p2a: Aerodactyl\n|-activate|p2a: Aerodactyl|move: Protect\n|move|p1b: Oranguru|Trick Room|p1b: Oranguru\n|-fieldstart|move: Trick Room|[of] p1b: Oranguru\n|\n|upkeep\n|turn|2\n|\n|t:|1776473691\n|switch|p2a: Milotic|Milotic, L50, M, shiny|100/100\n|move|p1b: Oranguru|Instruct|p1a: Milotic\n|-singleturn|p1a: Milotic|move: Instruct|[of] p1b: Oranguru\n|move|p1a: Milotic|Scald|p2a: Milotic\n|-resisted|p2a: Milotic|1\n|-damage|p2a: Milotic|92/100\n|move|p1a: Milotic|Scald|p2a: Milotic\n|-resisted|p2a: Milotic|1\n|-damage|p2a: Milotic|83/100\n|move|p2b: Floette|Moonblast|p1a: Milotic\n|-damage|p1a: Milotic|29/100\n|\n|-heal|p1a: Milotic|35/100|[from] item: Leftovers\n|-heal|p2a: Milotic|89/100|[from] item: Leftovers\n|upkeep\n|turn|3\n|\n|t:|1776473717\n|move|p1b: Oranguru|Instruct|p1a: Milotic\n|-singleturn|p1a: Milotic|move: Instruct|[of] p1b: Oranguru\n|move|p1a: Milotic|Scald|p2a: Milotic\n|-resisted|p2a: Milotic|1\n|-damage|p2a: Milotic|80/100\n|-status|p2a: Milotic|brn\n|move|p1a: Milotic|Scald|p2a: Milotic\n|-resisted|p2a: Milotic|1\n|-damage|p2a: Milotic|71/100 brn\n|move|p2a: Milotic|Muddy Water|p1b: Oranguru|[spread] p1b\n|-miss|p2a: Milotic|p1a: Milotic\n|-damage|p1b: Oranguru|81/100\n|move|p2b: Floette|Dazzling Gleam|p1b: Oranguru|[spread] p1a,p1b\n|-damage|p1a: Milotic|0 fnt\n|-damage|p1b: Oranguru|25/100\n|faint|p1a: Milotic\n|\n|-heal|p2a: Milotic|77/100 brn|[from] item: Leftovers\n|-damage|p2a: Milotic|71/100 brn|[from] brn\n|upkeep\n|\n|t:|1776473740\n|switch|p1a: Tyranitar|Tyranitar, L50, M, shiny|100/100\n|-weather|Sandstorm|[from] ability: Sand Stream|[of] p1a: Tyranitar\n|turn|4\n|\n|t:|1776473756\n|move|p1b: Oranguru|Protect|p1b: Oranguru\n|-singleturn|p1b: Oranguru|Protect\n|move|p2b: Floette|Protect|p2b: Floette\n|-singleturn|p2b: Floette|Protect\n|move|p1a: Tyranitar|Rock Slide|p2a: Milotic|[spread] p2a\n|-activate|p2b: Floette|move: Protect\n|-damage|p2a: Milotic|38/100 brn\n|move|p2a: Milotic|Muddy Water|p1a: Tyranitar|[spread] p1a\n|-activate|p1b: Oranguru|move: Protect\n|-supereffective|p1a: Tyranitar|1\n|-damage|p1a: Tyranitar|69/100\n|\n|-weather|Sandstorm|[upkeep]\n|-damage|p1b: Oranguru|19/100|[from] Sandstorm\n|-damage|p2a: Milotic|32/100 brn|[from] Sandstorm\n|-damage|p2b: Floette|94/100|[from] Sandstorm\n|-heal|p2a: Milotic|38/100 brn|[from] item: Leftovers\n|-damage|p2a: Milotic|32/100 brn|[from] brn\n|upkeep\n|turn|5\n|\n|t:|1776473776\n|move|p1b: Oranguru|Instruct|p1a: Tyranitar\n|-singleturn|p1a: Tyranitar|move: Instruct|[of] p1b: Oranguru\n|move|p1a: Tyranitar|Rock Slide|p2b: Floette|[spread] p2a,p2b\n|-crit|p2a: Milotic\n|-damage|p2a: Milotic|0 fnt\n|-damage|p2b: Floette|54/100\n|faint|p2a: Milotic\n|move|p1a: Tyranitar|Rock Slide|p2b: Floette\n|-damage|p2b: Floette|0 fnt\n|faint|p2b: Floette\n|\n|-weather|Sandstorm|[upkeep]\n|-damage|p1b: Oranguru|13/100|[from] Sandstorm\n|-fieldend|move: Trick Room\n|upkeep\n|\n|t:|1776473780\n|switch|p2b: Aerodactyl|Aerodactyl, L50, M|100/100\n|switch|p2a: Scizor|Scizor, L50, F, shiny|100/100\n|-ability|p2b: Aerodactyl|Unnerve\n|turn|6\n|\n|t:|1776473802\n|switch|p1b: Arcanine|Arcanine, L50, F|100/100\n|-ability|p1b: Arcanine|Intimidate|boost\n|-unboost|p2a: Scizor|atk|1\n|-unboost|p2b: Aerodactyl|atk|1\n|move|p1a: Tyranitar|Protect|p1a: Tyranitar\n|-singleturn|p1a: Tyranitar|Protect\n|move|p2b: Aerodactyl|Rock Slide|p1a: Tyranitar|[spread] p1b\n|-activate|p1a: Tyranitar|move: Protect\n|-supereffective|p1b: Arcanine|1\n|-damage|p1b: Arcanine|72/100\n|move|p2a: Scizor|Swords Dance|p2a: Scizor\n|-boost|p2a: Scizor|atk|2\n|\n|-weather|Sandstorm|[upkeep]\n|-damage|p1b: Arcanine|66/100|[from] Sandstorm\n|upkeep\n|turn|7\n|\n|t:|1776473831\n|move|p2a: Scizor|Protect|p2a: Scizor\n|-singleturn|p2a: Scizor|Protect\n|move|p2b: Aerodactyl|Tailwind|p2b: Aerodactyl\n|-sidestart|p2: Santuario93|move: Tailwind\n|move|p1b: Arcanine|Flare Blitz|p2a: Scizor\n|-activate|p2a: Scizor|move: Protect\n|move|p1a: Tyranitar|Rock Slide|p2b: Aerodactyl|[spread] p2b\n|-activate|p2a: Scizor|move: Protect\n|-supereffective|p2b: Aerodactyl|1\n|-enditem|p2b: Aerodactyl|Focus Sash\n|-damage|p2b: Aerodactyl|1/100\n|\n|-weather|Sandstorm|[upkeep]\n|-damage|p1b: Arcanine|60/100|[from] Sandstorm\n|upkeep\n|turn|8\n|\n|t:|1776473853\n|move|p1a: Tyranitar|Protect|p1a: Tyranitar\n|-singleturn|p1a: Tyranitar|Protect\n|move|p2a: Scizor|Bullet Punch|p1a: Tyranitar\n|-activate|p1a: Tyranitar|move: Protect\n|move|p2b: Aerodactyl|Rock Slide|p1a: Tyranitar|[spread] p1b\n|-activate|p1a: Tyranitar|move: Protect\n|-supereffective|p1b: Arcanine|1\n|-damage|p1b: Arcanine|28/100\n|cant|p1b: Arcanine|flinch\n|\n|-weather|none\n|upkeep\n|turn|9\n|\n|t:|1776473898\n|move|p2a: Scizor|Bullet Punch|p1a: Tyranitar\n|-supereffective|p1a: Tyranitar|1\n|-damage|p1a: Tyranitar|0 fnt\n|faint|p1a: Tyranitar\n|move|p2b: Aerodactyl|Rock Slide|p1b: Arcanine\n|-supereffective|p1b: Arcanine|1\n|-damage|p1b: Arcanine|0 fnt\n|faint|p1b: Arcanine\n|\n|upkeep\n|-message|perona33 forfeited.\n|\n|win|Santuario93\n|raw|perona33's rating: 1051 &rarr; <strong>1031</strong><br />(-20 for losing)\n|raw|Santuario93's rating: 1000 &rarr; <strong>1046</strong><br />(+46 for winning)\n|l|\u2606perona33\n|player|p1|\n",
  "uploadtime": 1776473907,
  "views": 20,
  "formatid": "gen9championsvgc2026regma",
  "rating": 1031,
  "private": 0,
  "password": null
}