{
  "id": "gen9championsvgc2026regma-2586472281",
  "format": "[Gen 9 Champions] VGC 2026 Reg M-A",
  "players": [
    "abc147",
    "milobilowilo"
  ],
  "log": "|j|\u2606abc147\n|j|\u2606milobilowilo\n|t:|1776437039\n|gametype|doubles\n|player|p1|abc147|winona|1157\n|player|p2|milobilowilo|barry|1096\n|gen|9\n|tier|[Gen 9 Champions] VGC 2026 Reg M-A\n|rated|\n|rule|Species Clause: Limit one of each Pok\u00e9mon\n|rule|Item Clause: Limit 1 of each item\n|clearpoke\n|poke|p1|Basculegion, L50, M|\n|poke|p1|Archaludon, L50, F|\n|poke|p1|Floette-Eternal, L50, F|\n|poke|p1|Pelipper, L50, M|\n|poke|p1|Sneasler, L50, F|\n|poke|p1|Aegislash, L50, M|\n|poke|p2|Kingambit, L50, F|\n|poke|p2|Charizard, L50, M|\n|poke|p2|Leafeon, L50, M|\n|poke|p2|Sneasler, L50, F|\n|poke|p2|Oranguru, L50, F|\n|poke|p2|Aerodactyl, L50, M|\n|teampreview|4\n|inactive|Battle timer is ON: inactive players will automatically lose when time's up. (requested by abc147)\n|\n|t:|1776437064\n|teamsize|p1|4\n|teamsize|p2|4\n|start\n|switch|p1a: Sneasler|Sneasler, L50, F|100/100\n|switch|p1b: Floette|Floette-Eternal, L50, F|100/100\n|switch|p2a: Sneasler|Sneasler, L50, F|100/100\n|switch|p2b: Oranguru|Oranguru, L50, F|100/100\n|turn|1\n|\n|t:|1776437082\n|detailschange|p1b: Floette|Floette-Mega, L50, F\n|-mega|p1b: Floette|Floette|Floettite\n|-ability|p1b: Floette|Fairy Aura\n|move|p2a: Sneasler|Fake Out|p1b: Floette\n|-damage|p1b: Floette|82/100\n|move|p1a: Sneasler|Fake Out|p2a: Sneasler\n|-damage|p2a: Sneasler|74/100\n|cant|p1b: Floette|flinch\n|move|p2b: Oranguru|Extrasensory|p1a: Sneasler\n|-supereffective|p1a: Sneasler|2\n|-damage|p1a: Sneasler|0 fnt\n|faint|p1a: Sneasler\n|\n|upkeep\n|\n|t:|1776437094\n|switch|p1a: Pelipper|Pelipper, L50, M|100/100\n|-weather|RainDance|[from] ability: Drizzle|[of] p1a: Pelipper\n|turn|2\n|inactive|milobilowilo has 30 seconds left.\n|inactive|milobilowilo has 20 seconds left.\n|inactive|milobilowilo has 15 seconds left.\n|inactive|milobilowilo has 10 seconds left.\n|\n|t:|1776437144\n|switch|p2b: Charizard|Charizard, L50, M|100/100\n|move|p1b: Floette|Protect|p1b: Floette\n|-singleturn|p1b: Floette|Protect\n|move|p2a: Sneasler|Dire Claw|p1b: Floette\n|-activate|p1b: Floette|move: Protect\n|move|p1a: Pelipper|Tailwind|p1a: Pelipper\n|-sidestart|p1: abc147|move: Tailwind\n|\n|-weather|RainDance|[upkeep]\n|upkeep\n|turn|3\n|inactive|milobilowilo has 30 seconds left.\n|inactive|milobilowilo has 20 seconds left.\n|\n|t:|1776437179\n|switch|p1a: Archaludon|Archaludon, L50, F|100/100\n|detailschange|p2b: Charizard|Charizard-Mega-Y, L50, M\n|-mega|p2b: Charizard|Charizard|Charizardite Y\n|-weather|SunnyDay|[from] ability: Drought|[of] p2b: Charizard\n|move|p2b: Charizard|Protect|p2b: Charizard\n|-singleturn|p2b: Charizard|Protect\n|move|p1b: Floette|Psychic|p2a: Sneasler\n|-supereffective|p2a: Sneasler|2\n|-damage|p2a: Sneasler|0 fnt\n|faint|p2a: Sneasler\n|\n|-weather|SunnyDay|[upkeep]\n|upkeep\n|\n|t:|1776437196\n|switch|p2a: Oranguru|Oranguru, L50, F|100/100\n|turn|4\n|inactive|milobilowilo has 30 seconds left.\n|inactive|milobilowilo has 20 seconds left.\n|inactive|milobilowilo has 15 seconds left.\n|\n|t:|1776437236\n|move|p1b: Floette|Dazzling Gleam|p2a: Oranguru|[spread] p2a,p2b\n|-resisted|p2b: Charizard|1\n|-damage|p2a: Oranguru|63/100\n|-damage|p2b: Charizard|77/100\n|move|p1a: Archaludon|Draco Meteor|p2b: Charizard\n|-damage|p2b: Charizard|5/100\n|-unboost|p1a: Archaludon|spa|2\n|move|p2b: Charizard|Heat Wave|p1b: Floette|[spread] \n|-miss|p2b: Charizard|p1a: Archaludon\n|-miss|p2b: Charizard|p1b: Floette\n|move|p2a: Oranguru|Instruct|p2b: Charizard\n|-singleturn|p2b: Charizard|move: Instruct|[of] p2a: Oranguru\n|move|p2b: Charizard|Heat Wave|p1b: Floette|[spread] p1b\n|-miss|p2b: Charizard|p1a: Archaludon\n|-damage|p1b: Floette|30/100\n|\n|-weather|SunnyDay|[upkeep]\n|upkeep\n|turn|5\n|c|\u2606milobilowilo|oh\n|c|\u2606milobilowilo|wow\n|inactive|abc147 has 30 seconds left.\n|inactive|milobilowilo has 30 seconds left.\n|c|\u2606milobilowilo|3\n|c|\u2606milobilowilo|3 heatwave misses\n|c|\u2606milobilowilo|LMFAO\n|inactive|milobilowilo has 20 seconds left.\n|\n|t:|1776437274\n|move|p1b: Floette|Light of Ruin|p2a: Oranguru\n|-damage|p2a: Oranguru|0 fnt\n|faint|p2a: Oranguru\n|-damage|p1b: Floette|0 fnt|[from] Recoil\n|faint|p1b: Floette\n|move|p1a: Archaludon|Aura Sphere|p2b: Charizard\n|-resisted|p2b: Charizard|1\n|-damage|p2b: Charizard|0 fnt\n|faint|p2b: Charizard\n|\n|-weather|SunnyDay|[upkeep]\n|-sideend|p1: abc147|move: Tailwind\n|upkeep\n|\n|t:|1776437287\n|switch|p1b: Pelipper|Pelipper, L50, M|100/100\n|switch|p2b: Leafeon|Leafeon, L50, M|100/100\n|-weather|RainDance|[from] ability: Drizzle|[of] p1b: Pelipper\n|turn|6\n|\n|t:|1776437299\n|move|p2b: Leafeon|Leaf Blade|p1b: Pelipper\n|-damage|p1b: Pelipper|26/100\n|move|p1a: Archaludon|Electro Shot||[still]\n|-prepare|p1a: Archaludon|Electro Shot\n|-boost|p1a: Archaludon|spa|1\n|-anim|p1a: Archaludon|Electro Shot|p2b: Leafeon\n|-resisted|p2b: Leafeon|1\n|-damage|p2b: Leafeon|76/100\n|move|p1b: Pelipper|Hurricane|p2b: Leafeon\n|-supereffective|p2b: Leafeon|1\n|-damage|p2b: Leafeon|0 fnt\n|faint|p2b: Leafeon\n|\n|win|abc147\n|raw|abc147's rating: 1157 &rarr; <strong>1178</strong><br />(+21 for winning)\n|raw|milobilowilo's rating: 1096 &rarr; <strong>1076</strong><br />(-20 for losing)\n|l|\u2606milobilowilo\n|player|p2|\n",
  "uploadtime": 1776437314,
  "views": 22,
  "formatid": "gen9championsvgc2026regma",
  "rating": 1076,
  "private": 0,
  "password": null
}