{
  "id": "gen9championsvgc2026regma-2588750187",
  "format": "[Gen 9 Champions] VGC 2026 Reg M-A",
  "players": [
    "BundleMySon",
    "unova arowak"
  ],
  "log": "|j|\u2606BundleMySon\n|j|\u2606unova arowak\n|t:|1776665852\n|gametype|doubles\n|player|p1|BundleMySon|266|1257\n|player|p2|unova arowak|aetherfoundation2|1234\n|gen|9\n|tier|[Gen 9 Champions] VGC 2026 Reg M-A\n|rated|\n|rule|Species Clause: Limit one of each Pok\u00e9mon\n|rule|Item Clause: Limit 1 of each item\n|clearpoke\n|poke|p1|Sableye, L50, F|\n|poke|p1|Archaludon, L50, M|\n|poke|p1|Basculegion, L50, M|\n|poke|p1|Blastoise, L50, F|\n|poke|p1|Scizor, L50, M|\n|poke|p1|Volcarona, L50, M|\n|poke|p2|Corviknight, L50, M, shiny|\n|poke|p2|Leafeon, L50, F|\n|poke|p2|Arcanine-Hisui, L50, F|\n|poke|p2|Krookodile, L50, M|\n|poke|p2|Rotom-Wash, L50, shiny|\n|poke|p2|Charizard, L50, F, shiny|\n|teampreview|4\n|inactive|Battle timer is ON: inactive players will automatically lose when time's up. (requested by BundleMySon)\n|\n|t:|1776665876\n|teamsize|p1|4\n|teamsize|p2|4\n|start\n|switch|p1a: Sableye|Sableye, L50, F|100/100\n|switch|p1b: Blastoise|Blastoise, L50, F|100/100\n|switch|p2a: Charizard|Charizard, L50, F, shiny|100/100\n|switch|p2b: Leafeon|Leafeon, L50, F|100/100\n|turn|1\n|\n|t:|1776665886\n|detailschange|p2a: Charizard|Charizard-Mega-Y, L50, F, shiny\n|-mega|p2a: Charizard|Charizard|Charizardite Y\n|-weather|SunnyDay|[from] ability: Drought|[of] p2a: Charizard\n|move|p2a: Charizard|Protect|p2a: Charizard\n|-singleturn|p2a: Charizard|Protect\n|move|p1b: Blastoise|Protect|p1b: Blastoise\n|-singleturn|p1b: Blastoise|Protect\n|move|p1a: Sableye|Rain Dance|p1a: Sableye\n|-weather|RainDance\n|move|p2b: Leafeon|Swords Dance|p2b: Leafeon\n|-boost|p2b: Leafeon|atk|2\n|\n|-weather|RainDance|[upkeep]\n|upkeep\n|turn|2\n|\n|t:|1776665900\n|switch|p2a: Rotom|Rotom-Wash, L50, shiny|100/100\n|switch|p1b: Archaludon|Archaludon, L50, M|100/100\n|move|p1a: Sableye|Will-O-Wisp|p2b: Leafeon\n|-status|p2b: Leafeon|brn\n|move|p2b: Leafeon|Leaf Blade|p1b: Archaludon\n|-resisted|p1b: Archaludon|2\n|-damage|p1b: Archaludon|93/100\n|-ability|p1b: Archaludon|Stamina|boost\n|-boost|p1b: Archaludon|def|1\n|\n|-weather|RainDance|[upkeep]\n|-heal|p1b: Archaludon|99/100|[from] item: Leftovers\n|-damage|p2b: Leafeon|95/100 brn|[from] brn\n|upkeep\n|turn|3\n|\n|t:|1776665920\n|move|p2b: Leafeon|Protect|p2b: Leafeon\n|-singleturn|p2b: Leafeon|Protect\n|move|p1a: Sableye|Light Screen|p1a: Sableye\n|-sidestart|p1: BundleMySon|move: Light Screen\n|move|p2a: Rotom|Volt Switch|p1a: Sableye\n|-damage|p1a: Sableye|78/100\n|\n|t:|1776665926\n|switch|p2a: Charizard|Charizard-Mega-Y, L50, F, shiny|100/100|[from] Volt Switch\n|-weather|SunnyDay|[from] ability: Drought|[of] p2a: Charizard\n|move|p1b: Archaludon|Dragon Pulse|p2b: Leafeon\n|-activate|p2b: Leafeon|move: Protect\n|\n|-weather|SunnyDay|[upkeep]\n|-heal|p1b: Archaludon|100/100|[from] item: Leftovers\n|-damage|p2b: Leafeon|89/100 brn|[from] brn\n|upkeep\n|turn|4\n|\n|t:|1776665938\n|move|p1a: Sableye|Rain Dance|p1a: Sableye\n|-weather|RainDance\n|move|p2a: Charizard|Heat Wave|p1a: Sableye|[spread] p1a,p1b\n|-damage|p1a: Sableye|61/100\n|-damage|p1b: Archaludon|85/100\n|-ability|p1b: Archaludon|Stamina|boost\n|-boost|p1b: Archaludon|def|1\n|move|p2b: Leafeon|Knock Off|p1a: Sableye\n|-damage|p1a: Sableye|23/100\n|-enditem|p1a: Sableye|Focus Sash|[from] move: Knock Off|[of] p2b: Leafeon\n|move|p1b: Archaludon|Electro Shot||[still]\n|-prepare|p1b: Archaludon|Electro Shot\n|-boost|p1b: Archaludon|spa|1\n|-anim|p1b: Archaludon|Electro Shot|p2b: Leafeon\n|-resisted|p2b: Leafeon|1\n|-damage|p2b: Leafeon|34/100 brn\n|\n|-weather|RainDance|[upkeep]\n|-heal|p1b: Archaludon|92/100|[from] item: Leftovers\n|-damage|p2b: Leafeon|28/100 brn|[from] brn\n|upkeep\n|turn|5\n|c|\u2606unova arowak|well this is annoying\n|inactive|unova arowak has 30 seconds left.\n|\n|t:|1776665967\n|switch|p2a: Rotom|Rotom-Wash, L50, shiny|100/100\n|switch|p1a: Basculegion|Basculegion, L50, M|100/100\n|move|p2b: Leafeon|Knock Off|p1b: Archaludon\n|-damage|p1b: Archaludon|81/100\n|-ability|p1b: Archaludon|Stamina|boost\n|-boost|p1b: Archaludon|def|1\n|-enditem|p1b: Archaludon|Leftovers|[from] move: Knock Off|[of] p2b: Leafeon\n|move|p1b: Archaludon|Electro Shot||[still]\n|-prepare|p1b: Archaludon|Electro Shot\n|-boost|p1b: Archaludon|spa|1\n|-anim|p1b: Archaludon|Electro Shot|p2b: Leafeon\n|-resisted|p2b: Leafeon|1\n|-damage|p2b: Leafeon|0 fnt\n|faint|p2b: Leafeon\n|\n|-weather|RainDance|[upkeep]\n|upkeep\n|\n|t:|1776665972\n|switch|p2b: Charizard|Charizard-Mega-Y, L50, F, shiny|100/100\n|-weather|SunnyDay|[from] ability: Drought|[of] p2b: Charizard\n|turn|6\n|inactive|BundleMySon has 30 seconds left.\n|\n|t:|1776666006\n|move|p1b: Archaludon|Protect|p1b: Archaludon\n|-singleturn|p1b: Archaludon|Protect\n|move|p1a: Basculegion|Flip Turn|p2a: Rotom\n|-resisted|p2a: Rotom|1\n|-damage|p2a: Rotom|88/100\n|\n|t:|1776666011\n|switch|p1a: Sableye|Sableye, L50, F|23/100|[from] Flip Turn\n|move|p2b: Charizard|Solar Beam||[still]\n|-prepare|p2b: Charizard|Solar Beam\n|-anim|p2b: Charizard|Solar Beam|p1a: Sableye\n|-crit|p1a: Sableye\n|-damage|p1a: Sableye|0 fnt\n|faint|p1a: Sableye\n|move|p2a: Rotom|Thunderbolt|p1b: Archaludon\n|-activate|p1b: Archaludon|move: Protect\n|\n|-weather|SunnyDay|[upkeep]\n|upkeep\n|\n|t:|1776666014\n|switch|p1a: Basculegion|Basculegion, L50, M|100/100\n|turn|7\n|\n|t:|1776666023\n|move|p1a: Basculegion|Last Respects|p2a: Rotom\n|-damage|p2a: Rotom|8/100\n|move|p2b: Charizard|Solar Beam||[still]\n|-prepare|p2b: Charizard|Solar Beam\n|-anim|p2b: Charizard|Solar Beam|p1a: Basculegion\n|-supereffective|p1a: Basculegion|1\n|-damage|p1a: Basculegion|27/100\n|move|p2a: Rotom|Volt Switch|p1a: Basculegion\n|-supereffective|p1a: Basculegion|1\n|-damage|p1a: Basculegion|0 fnt\n|faint|p1a: Basculegion\n|\n|t:|1776666027\n|switch|p2a: Arcanine|Arcanine-Hisui, L50, F|100/100|[from] Volt Switch\n|move|p1b: Archaludon|Dragon Pulse|p2b: Charizard\n|-damage|p2b: Charizard|6/100\n|\n|-weather|SunnyDay|[upkeep]\n|-sideend|p1: BundleMySon|move: Light Screen\n|upkeep\n|\n|t:|1776666029\n|switch|p1a: Blastoise|Blastoise, L50, F|100/100\n|turn|8\n|\n|t:|1776666044\n|move|p1a: Blastoise|Protect|p1a: Blastoise\n|-singleturn|p1a: Blastoise|Protect\n|move|p2b: Charizard|Solar Beam||[still]\n|-prepare|p2b: Charizard|Solar Beam\n|-anim|p2b: Charizard|Solar Beam|p1a: Blastoise\n|-activate|p1a: Blastoise|move: Protect\n|move|p2a: Arcanine|Wild Charge|p1a: Blastoise\n|-activate|p1a: Blastoise|move: Protect\n|move|p1b: Archaludon|Dragon Pulse|p2b: Charizard\n|-damage|p2b: Charizard|0 fnt\n|faint|p2b: Charizard\n|\n|-weather|SunnyDay|[upkeep]\n|upkeep\n|\n|t:|1776666047\n|switch|p2b: Rotom|Rotom-Wash, L50, shiny|8/100\n|turn|9\n|-activate|p2a: Arcanine|item: Quick Claw\n|\n|t:|1776666058\n|detailschange|p1a: Blastoise|Blastoise-Mega, L50, F\n|-mega|p1a: Blastoise|Blastoise|Blastoisinite\n|move|p2a: Arcanine|Wild Charge|p1a: Blastoise\n|-supereffective|p1a: Blastoise|1\n|-damage|p1a: Blastoise|61/100\n|move|p2b: Rotom|Thunderbolt|p1b: Archaludon\n|-resisted|p1b: Archaludon|1\n|-damage|p1b: Archaludon|59/100\n|-ability|p1b: Archaludon|Stamina|boost\n|-boost|p1b: Archaludon|def|1\n|move|p1b: Archaludon|Dragon Pulse|p2a: Arcanine\n|-damage|p2a: Arcanine|14/100\n|move|p1a: Blastoise|Water Pulse|p2a: Arcanine\n|-supereffective|p2a: Arcanine|2\n|-damage|p2a: Arcanine|0 fnt\n|faint|p2a: Arcanine\n|\n|-weather|SunnyDay|[upkeep]\n|upkeep\n|turn|10\n|c|\u2606unova arowak|gg\n|\n|t:|1776666069\n|move|p2b: Rotom|Thunderbolt|p1a: Blastoise\n|-supereffective|p1a: Blastoise|1\n|-damage|p1a: Blastoise|0 fnt\n|faint|p1a: Blastoise\n|move|p1b: Archaludon|Dragon Pulse|p2b: Rotom\n|-damage|p2b: Rotom|0 fnt\n|faint|p2b: Rotom\n|\n|win|BundleMySon\n|raw|BundleMySon's rating: 1257 &rarr; <strong>1280</strong><br />(+23 for winning)\n|raw|unova arowak's rating: 1234 &rarr; <strong>1211</strong><br />(-23 for losing)\n",
  "uploadtime": 1776666076,
  "views": 11,
  "formatid": "gen9championsvgc2026regma",
  "rating": 1211,
  "private": 0,
  "password": null
}