{
  "id": "gen9championsvgc2026regma-2588202776",
  "format": "[Gen 9 Champions] VGC 2026 Reg M-A",
  "players": [
    "awaouifbbbbb",
    "hemanda1233"
  ],
  "log": "|j|\u203dawaouifbbbbb\n|j|\u2606hemanda1233\n|t:|1776614035\n|gametype|doubles\n|player|p1|awaouifbbbbb|101|1200\n|player|p2|hemanda1233|170|1261\n|gen|9\n|tier|[Gen 9 Champions] VGC 2026 Reg M-A\n|rated|\n|rule|Species Clause: Limit one of each Pok\u00e9mon\n|rule|Item Clause: Limit 1 of each item\n|clearpoke\n|poke|p1|Meganium, L50, F|\n|poke|p1|Kangaskhan, L50, F|\n|poke|p1|Aerodactyl, L50, F|\n|poke|p1|Archaludon, L50, M|\n|poke|p1|Typhlosion-Hisui, L50, F|\n|poke|p1|Tauros-Paldea-Aqua, L50, M|\n|poke|p2|Starmie, L50|\n|poke|p2|Gardevoir, L50, M|\n|poke|p2|Garchomp, L50, F|\n|poke|p2|Orthworm, L50, M|\n|poke|p2|Incineroar, L50, M|\n|poke|p2|Volcarona, L50, M|\n|teampreview|4\n|inactive|Battle timer is ON: inactive players will automatically lose when time's up. (requested by hemanda1233)\n|inactive|awaouifbbbbb has 60 seconds left.\n|inactive|hemanda1233 has 60 seconds left.\n|\n|t:|1776614076\n|teamsize|p1|4\n|teamsize|p2|4\n|start\n|switch|p1a: Aerodactyl|Aerodactyl, L50, F|100/100\n|switch|p1b: Tauros|Tauros-Paldea-Aqua, L50, M|100/100\n|switch|p2a: Starmie|Starmie, L50|100/100\n|switch|p2b: Orthworm|Orthworm, L50, M|100/100\n|-ability|p1a: Aerodactyl|Unnerve\n|-ability|p1b: Tauros|Intimidate|boost\n|-unboost|p2a: Starmie|atk|1\n|-unboost|p2b: Orthworm|atk|1\n|turn|1\n|\n|t:|1776614101\n|move|p2a: Starmie|Protect|p2a: Starmie\n|-singleturn|p2a: Starmie|Protect\n|move|p1a: Aerodactyl|Tailwind|p1a: Aerodactyl\n|-sidestart|p1: awaouifbbbbb|move: Tailwind\n|move|p1b: Tauros|Close Combat|p2b: Orthworm\n|-supereffective|p2b: Orthworm|1\n|-damage|p2b: Orthworm|33/100\n|-unboost|p1b: Tauros|def|1\n|-unboost|p1b: Tauros|spd|1\n|-enditem|p1b: Tauros|White Herb\n|-clearnegativeboost|p1b: Tauros|[silent]\n|move|p2b: Orthworm|Shed Tail|p2b: Orthworm\n|-fail|p2b: Orthworm|move: Shed Tail|[weak]\n|\n|upkeep\n|turn|2\n|inactive|awaouifbbbbb has 30 seconds left.\n|inactive|hemanda1233 has 30 seconds left.\n|inactive|hemanda1233 has 20 seconds left.\n|inactive|hemanda1233 has 15 seconds left.\n|\n|t:|1776614144\n|switch|p1a: Archaludon|Archaludon, L50, M|100/100\n|-enditem|p2b: Orthworm|Sitrus Berry|[eat]\n|-heal|p2b: Orthworm|58/100|[from] item: Sitrus Berry\n|switch|p2a: Incineroar|Incineroar, L50, M|100/100\n|-ability|p2a: Incineroar|Intimidate|boost\n|-unboost|p1a: Archaludon|atk|1\n|-unboost|p1b: Tauros|atk|1\n|move|p1b: Tauros|Wave Crash|p2b: Orthworm\n|-damage|p2b: Orthworm|32/100\n|-damage|p1b: Tauros|92/100|[from] Recoil\n|move|p2b: Orthworm|Iron Defense|p2b: Orthworm\n|-boost|p2b: Orthworm|def|2\n|\n|upkeep\n|turn|3\n|inactive|hemanda1233 has 30 seconds left.\n|\n|t:|1776614171\n|move|p2a: Incineroar|Fake Out|p1b: Tauros\n|-damage|p1b: Tauros|83/100\n|cant|p1b: Tauros|flinch\n|move|p1a: Archaludon|Thunderbolt|p2b: Orthworm\n|-damage|p2b: Orthworm|0 fnt\n|faint|p2b: Orthworm\n|\n|upkeep\n|inactive|hemanda1233 has 30 seconds left.\n|\n|t:|1776614198\n|switch|p2b: Garchomp|Garchomp, L50, F|100/100\n|turn|4\n|\n|t:|1776614219\n|switch|p1b: Aerodactyl|Aerodactyl, L50, F|100/100\n|-ability|p1b: Aerodactyl|Unnerve\n|move|p2b: Garchomp|Protect|p2b: Garchomp\n|-singleturn|p2b: Garchomp|Protect\n|move|p1a: Archaludon|Draco Meteor|p2b: Garchomp\n|-activate|p2b: Garchomp|move: Protect\n|move|p2a: Incineroar|Parting Shot|p1b: Aerodactyl\n|-unboost|p1b: Aerodactyl|atk|1\n|-unboost|p1b: Aerodactyl|spa|1\n|\n|t:|1776614232\n|switch|p2a: Starmie|Starmie, L50|100/100|[from] Parting Shot\n|\n|-sideend|p1: awaouifbbbbb|move: Tailwind\n|upkeep\n|turn|5\n|inactive|hemanda1233 has 30 seconds left.\n|inactive|hemanda1233 has 20 seconds left.\n|\n|t:|1776614271\n|switch|p2b: Incineroar|Incineroar, L50, M|100/100\n|-ability|p2b: Incineroar|Intimidate|boost\n|-unboost|p1a: Archaludon|atk|1\n|-unboost|p1b: Aerodactyl|atk|1\n|detailschange|p2a: Starmie|Starmie-Mega, L50\n|-mega|p2a: Starmie|Starmie|Starminite\n|move|p1b: Aerodactyl|Tailwind|p1b: Aerodactyl\n|-sidestart|p1: awaouifbbbbb|move: Tailwind\n|move|p1a: Archaludon|Draco Meteor|p2b: Incineroar\n|-damage|p2b: Incineroar|31/100\n|-unboost|p1a: Archaludon|spa|2\n|move|p2a: Starmie|Waterfall|p1b: Aerodactyl\n|-supereffective|p1b: Aerodactyl|1\n|-enditem|p1b: Aerodactyl|Focus Sash\n|-damage|p1b: Aerodactyl|1/100\n|\n|upkeep\n|turn|6\n|inactive|hemanda1233 has 30 seconds left.\n|\n|t:|1776614299\n|move|p2a: Starmie|Protect|p2a: Starmie\n|-singleturn|p2a: Starmie|Protect\n|move|p2b: Incineroar|Fake Out|p1b: Aerodactyl\n|-resisted|p1b: Aerodactyl|1\n|-damage|p1b: Aerodactyl|0 fnt\n|faint|p1b: Aerodactyl\n|move|p1a: Archaludon|Thunderbolt|p2a: Starmie\n|-activate|p2a: Starmie|move: Protect\n|\n|upkeep\n|\n|t:|1776614310\n|switch|p1b: Tauros|Tauros-Paldea-Aqua, L50, M|83/100\n|-ability|p1b: Tauros|Intimidate|boost\n|-unboost|p2a: Starmie|atk|1\n|-unboost|p2b: Incineroar|atk|1\n|turn|7\n|inactive|hemanda1233 has 30 seconds left.\n|\n|t:|1776614340\n|switch|p2a: Garchomp|Garchomp, L50, F|100/100\n|move|p1b: Tauros|Aqua Jet|p2b: Incineroar\n|-supereffective|p2b: Incineroar|1\n|-damage|p2b: Incineroar|1/100\n|move|p1a: Archaludon|Thunderbolt|p2a: Garchomp\n|-immune|p2a: Garchomp\n|move|p2b: Incineroar|Parting Shot|p1a: Archaludon\n|-unboost|p1a: Archaludon|atk|1\n|-unboost|p1a: Archaludon|spa|1\n|\n|t:|1776614350\n|switch|p2b: Starmie|Starmie-Mega, L50|100/100|[from] Parting Shot\n|\n|upkeep\n|turn|8\n|inactive|hemanda1233 has 30 seconds left.\n|\n|t:|1776614381\n|switch|p1a: Meganium|Meganium, L50, F|100/100\n|move|p1b: Tauros|Protect|p1b: Tauros\n|-singleturn|p1b: Tauros|Protect\n|move|p2b: Starmie|Skill Swap|p2a: Garchomp\n|-activate|p2b: Starmie|Skill Swap|||[of] p2a: Garchomp\n|move|p2a: Garchomp|Scale Shot|p1b: Tauros\n|-activate|p1b: Tauros|move: Protect\n|\n|-sideend|p1: awaouifbbbbb|move: Tailwind\n|upkeep\n|turn|9\n|inactive|awaouifbbbbb has 30 seconds left.\n|inactive|awaouifbbbbb has 20 seconds left.\n|inactive|awaouifbbbbb has 15 seconds left.\n|\n|t:|1776614422\n|detailschange|p1a: Meganium|Meganium-Mega, L50, F\n|-mega|p1a: Meganium|Meganium|Meganiumite\n|move|p2a: Garchomp|Protect|p2a: Garchomp\n|-singleturn|p2a: Garchomp|Protect\n|move|p2b: Starmie|Self-Destruct|p1a: Meganium|[spread] p1a,p1b\n|-activate|p2a: Garchomp|move: Protect\n|-damage|p1a: Meganium|58/100\n|-damage|p1b: Tauros|42/100\n|faint|p2b: Starmie\n|move|p1b: Tauros|Wave Crash|p2a: Garchomp\n|-activate|p2a: Garchomp|move: Protect\n|move|p1a: Meganium|Solar Beam||[still]\n|-prepare|p1a: Meganium|Solar Beam\n|-activate|p1a: Meganium|ability: Mega Sol\n|-anim|p1a: Meganium|Solar Beam|p2a: Garchomp\n|-activate|p2a: Garchomp|move: Protect\n|\n|upkeep\n|\n|t:|1776614436\n|switch|p2b: Incineroar|Incineroar, L50, M|1/100\n|-ability|p2b: Incineroar|Intimidate|boost\n|-unboost|p1a: Meganium|atk|1\n|-unboost|p1b: Tauros|atk|1\n|turn|10\n|\n|t:|1776614448\n|move|p1a: Meganium|Protect|p1a: Meganium\n|-singleturn|p1a: Meganium|Protect\n|move|p2b: Incineroar|Fake Out|p1a: Meganium\n|-activate|p1a: Meganium|move: Protect\n|move|p1b: Tauros|Aqua Jet|p2b: Incineroar\n|-supereffective|p2b: Incineroar|1\n|-damage|p2b: Incineroar|0 fnt\n|faint|p2b: Incineroar\n|move|p2a: Garchomp|Earthquake|p1b: Tauros|[spread] p1b\n|-activate|p1a: Meganium|move: Protect\n|-damage|p1b: Tauros|0 fnt\n|faint|p1b: Tauros\n|\n|upkeep\n|\n|t:|1776614460\n|switch|p1b: Archaludon|Archaludon, L50, M|100/100\n|turn|11\n|\n|t:|1776614475\n|move|p2a: Garchomp|Earthquake|p1a: Meganium|[spread] p1a,p1b\n|-resisted|p1a: Meganium|1\n|-crit|p1a: Meganium\n|-supereffective|p1b: Archaludon|1\n|-damage|p1a: Meganium|3/100\n|-ability|p1b: Archaludon|Sturdy\n|-damage|p1b: Archaludon|1/100\n|move|p1b: Archaludon|Draco Meteor|p2a: Garchomp|[miss]\n|-miss|p1b: Archaludon|p2a: Garchomp\n|move|p1a: Meganium|Dazzling Gleam|p2a: Garchomp\n|-supereffective|p2a: Garchomp|1\n|-enditem|p2a: Garchomp|Roseli Berry|[eat]\n|-enditem|p2a: Garchomp|Roseli Berry|[weaken]\n|-damage|p2a: Garchomp|43/100\n|\n|upkeep\n|turn|12\n|\n|t:|1776614495\n|move|p2a: Garchomp|Earthquake|p1a: Meganium|[spread] p1a,p1b\n|-resisted|p1a: Meganium|1\n|-supereffective|p1b: Archaludon|1\n|-damage|p1a: Meganium|0 fnt\n|-damage|p1b: Archaludon|0 fnt\n|faint|p1a: Meganium\n|faint|p1b: Archaludon\n|\n|win|hemanda1233\n|raw|awaouifbbbbb's rating: 1200 &rarr; <strong>1179</strong><br />(-21 for losing)\n|raw|hemanda1233's rating: 1261 &rarr; <strong>1282</strong><br />(+21 for winning)\n",
  "uploadtime": 1776614505,
  "views": 8,
  "formatid": "gen9championsvgc2026regma",
  "rating": 1179,
  "private": 0,
  "password": null
}