{
  "id": "gen9championsvgc2026regma-2581554084",
  "format": "[Gen 9 Champions] VGC 2026 Reg M-A",
  "players": [
    "AlexGis",
    "Yx7"
  ],
  "log": "|j|\u2606AlexGis\n|j|\u2606Yx7\n|t:|1776010515\n|gametype|doubles\n|player|p1|AlexGis|169|1064\n|player|p2|Yx7|170|1048\n|gen|9\n|tier|[Gen 9 Champions] VGC 2026 Reg M-A\n|rated|\n|rule|Species Clause: Limit one of each Pok\u00e9mon\n|rule|Item Clause: Limit 1 of each item\n|clearpoke\n|poke|p1|Kingambit, L50, M|\n|poke|p1|Dragonite, L50, F|\n|poke|p1|Sneasler, L50, M|\n|poke|p1|Venusaur, L50, F|\n|poke|p1|Incineroar, L50, F|\n|poke|p1|Basculegion, L50, M|\n|poke|p2|Excadrill, L50, F|\n|poke|p2|Tyranitar, L50, F|\n|poke|p2|Sylveon, L50, F|\n|poke|p2|Sinistcha, L50|\n|poke|p2|Corviknight, L50, M|\n|poke|p2|Incineroar, L50, M|\n|teampreview|4\n|\n|t:|1776010554\n|teamsize|p1|4\n|teamsize|p2|4\n|start\n|switch|p1a: Dragonite|Dragonite, L50, F|100/100\n|switch|p1b: Sneasler|Sneasler, L50, M|100/100\n|switch|p2a: Incineroar|Incineroar, L50, M|100/100\n|switch|p2b: Corviknight|Corviknight, L50, M|100/100\n|-ability|p2a: Incineroar|Intimidate|boost\n|-unboost|p1a: Dragonite|atk|1\n|-unboost|p1b: Sneasler|atk|1\n|-enditem|p1b: Sneasler|White Herb\n|-clearnegativeboost|p1b: Sneasler|[silent]\n|turn|1\n|\n|t:|1776010581\n|detailschange|p1a: Dragonite|Dragonite-Mega, L50, F\n|-mega|p1a: Dragonite|Dragonite|Dragoninite\n|move|p1b: Sneasler|Fake Out|p2a: Incineroar\n|-damage|p2a: Incineroar|88/100\n|cant|p2a: Incineroar|flinch\n|move|p1a: Dragonite|Tailwind|p1a: Dragonite\n|-sidestart|p1: AlexGis|move: Tailwind\n|move|p2b: Corviknight|Tailwind|p2b: Corviknight\n|-sidestart|p2: Yx7|move: Tailwind\n|\n|upkeep\n|turn|2\n|\n|t:|1776010602\n|move|p1b: Sneasler|Close Combat|p2b: Corviknight\n|-damage|p2b: Corviknight|65/100\n|-unboost|p1b: Sneasler|def|1\n|-unboost|p1b: Sneasler|spd|1\n|move|p1a: Dragonite|Hurricane|p2a: Incineroar\n|-damage|p2a: Incineroar|35/100\n|move|p2b: Corviknight|Brave Bird|p1b: Sneasler\n|-supereffective|p1b: Sneasler|1\n|-damage|p1b: Sneasler|0 fnt\n|faint|p1b: Sneasler\n|-damage|p2b: Corviknight|40/100|[from] Recoil\n|move|p2a: Incineroar|Parting Shot|p1a: Dragonite\n|-unboost|p1a: Dragonite|atk|1\n|-unboost|p1a: Dragonite|spa|1\n|\n|t:|1776010622\n|switch|p2a: Tyranitar|Tyranitar, L50, F|100/100|[from] Parting Shot\n|-weather|Sandstorm|[from] ability: Sand Stream|[of] p2a: Tyranitar\n|\n|-weather|Sandstorm|[upkeep]\n|-damage|p1a: Dragonite|94/100|[from] Sandstorm\n|upkeep\n|\n|t:|1776010633\n|switch|p1b: Incineroar|Incineroar, L50, F|100/100\n|-ability|p1b: Incineroar|Intimidate|boost\n|-unboost|p2a: Tyranitar|atk|1\n|-ability|p2b: Corviknight|Mirror Armor\n|-unboost|p1b: Incineroar|atk|1\n|turn|3\n|\n|t:|1776010659\n|switch|p2a: Incineroar|Incineroar, L50, M|35/100\n|-ability|p2a: Incineroar|Intimidate|boost\n|-unboost|p1a: Dragonite|atk|1\n|-unboost|p1b: Incineroar|atk|1\n|move|p1b: Incineroar|Fake Out|p2a: Incineroar\n|-damage|p2a: Incineroar|30/100\n|move|p1a: Dragonite|Dragon Pulse|p2a: Incineroar\n|-damage|p2a: Incineroar|1/100\n|move|p2b: Corviknight|Iron Head|p1a: Dragonite\n|-damage|p1a: Dragonite|71/100\n|\n|-weather|Sandstorm|[upkeep]\n|-damage|p1a: Dragonite|65/100|[from] Sandstorm\n|-damage|p2a: Incineroar|0 fnt|[from] Sandstorm\n|-damage|p1b: Incineroar|95/100|[from] Sandstorm\n|faint|p2a: Incineroar\n|upkeep\n|\n|t:|1776010679\n|switch|p2a: Tyranitar|Tyranitar, L50, F|100/100\n|turn|4\n|\n|t:|1776010696\n|detailschange|p2a: Tyranitar|Tyranitar-Mega, L50, F\n|-mega|p2a: Tyranitar|Tyranitar|Tyranitarite\n|move|p1a: Dragonite|Dragon Pulse|p2a: Tyranitar\n|-crit|p2a: Tyranitar\n|-damage|p2a: Tyranitar|62/100\n|move|p2a: Tyranitar|Ice Punch|p1a: Dragonite\n|-supereffective|p1a: Dragonite|2\n|-damage|p1a: Dragonite|0 fnt\n|faint|p1a: Dragonite\n|move|p2b: Corviknight|Brave Bird|p1b: Incineroar\n|-damage|p1b: Incineroar|63/100\n|-damage|p2b: Corviknight|30/100|[from] Recoil\n|move|p1b: Incineroar|Flare Blitz|p2b: Corviknight\n|-supereffective|p2b: Corviknight|1\n|-enditem|p2b: Corviknight|Occa Berry|[eat]\n|-enditem|p2b: Corviknight|Occa Berry|[weaken]\n|-damage|p2b: Corviknight|15/100\n|-damage|p1b: Incineroar|58/100|[from] Recoil\n|\n|-weather|Sandstorm|[upkeep]\n|-damage|p1b: Incineroar|52/100|[from] Sandstorm\n|-sideend|p1: AlexGis|move: Tailwind\n|-sideend|p2: Yx7|move: Tailwind\n|upkeep\n|\n|t:|1776010714\n|switch|p1a: Kingambit|Kingambit, L50, M|100/100\n|turn|5\n|\n|t:|1776010728\n|move|p2a: Tyranitar|Low Kick|p1a: Kingambit\n|-supereffective|p1a: Kingambit|2\n|-enditem|p1a: Kingambit|Chople Berry|[eat]\n|-enditem|p1a: Kingambit|Chople Berry|[weaken]\n|-damage|p1a: Kingambit|33/100\n|move|p2b: Corviknight|Tailwind|p2b: Corviknight\n|-sidestart|p2: Yx7|move: Tailwind\n|move|p1b: Incineroar|Flare Blitz|p2b: Corviknight\n|-supereffective|p2b: Corviknight|1\n|-damage|p2b: Corviknight|0 fnt\n|faint|p2b: Corviknight\n|-damage|p1b: Incineroar|48/100|[from] Recoil\n|move|p1a: Kingambit|Swords Dance|p1a: Kingambit\n|-boost|p1a: Kingambit|atk|2\n|\n|-weather|Sandstorm|[upkeep]\n|-damage|p1b: Incineroar|42/100|[from] Sandstorm\n|upkeep\n|\n|t:|1776010747\n|switch|p2b: Excadrill|Excadrill, L50, F|100/100\n|turn|6\n|\n|t:|1776010758\n|move|p1a: Kingambit|Protect|p1a: Kingambit\n|-singleturn|p1a: Kingambit|Protect\n|move|p2b: Excadrill|Earthquake|p1b: Incineroar|[spread] p2a,p1b\n|-activate|p1a: Kingambit|move: Protect\n|-supereffective|p2a: Tyranitar|1\n|-supereffective|p1b: Incineroar|1\n|-crit|p1b: Incineroar\n|-damage|p2a: Tyranitar|18/100\n|-damage|p1b: Incineroar|0 fnt\n|faint|p1b: Incineroar\n|move|p2a: Tyranitar|Low Kick|p1a: Kingambit\n|-activate|p1a: Kingambit|move: Protect\n|\n|-weather|none\n|upkeep\n|turn|7\n|\n|t:|1776010776\n|move|p2b: Excadrill|Rock Slide|p1a: Kingambit\n|-resisted|p1a: Kingambit|1\n|-damage|p1a: Kingambit|22/100\n|move|p2a: Tyranitar|Low Kick|p1a: Kingambit\n|-supereffective|p1a: Kingambit|2\n|-damage|p1a: Kingambit|0 fnt\n|faint|p1a: Kingambit\n|\n|win|Yx7\n|raw|AlexGis's rating: 1064 &rarr; <strong>1043</strong><br />(-21 for losing)\n|raw|Yx7's rating: 1048 &rarr; <strong>1082</strong><br />(+34 for winning)\n|l|\u2606AlexGis\n|player|p1|\n",
  "uploadtime": 1776010787,
  "views": 20,
  "formatid": "gen9championsvgc2026regma",
  "rating": 1043,
  "private": 0,
  "password": null
}