{
  "id": "gen9championsvgc2026regma-2583644752",
  "format": "[Gen 9 Champions] VGC 2026 Reg M-A",
  "players": [
    "londi g",
    "Wolfe Flick"
  ],
  "log": "|j|\u2606londi g\n|j|\u2606Wolfe Flick\n|t:|1776188440\n|gametype|doubles\n|player|p1|londi g|colress|1367\n|player|p2|Wolfe Flick|leon-tower|1515\n|gen|9\n|tier|[Gen 9 Champions] VGC 2026 Reg M-A\n|rated|\n|rule|Species Clause: Limit one of each Pok\u00e9mon\n|rule|Item Clause: Limit 1 of each item\n|clearpoke\n|poke|p1|Froslass, L50, F|\n|poke|p1|Rotom-Frost, L50|\n|poke|p1|Incineroar, L50, M|\n|poke|p1|Garchomp, L50, F|\n|poke|p1|Empoleon, L50, M|\n|poke|p1|Kingambit, L50, M|\n|poke|p2|Pelipper, L50, M|\n|poke|p2|Meganium, L50, M|\n|poke|p2|Basculegion, L50, M|\n|poke|p2|Archaludon, L50, M|\n|poke|p2|Glimmora, L50, F|\n|poke|p2|Sableye, L50, F|\n|teampreview|4\n|j| Klusmos\n|\n|t:|1776188483\n|teamsize|p1|4\n|teamsize|p2|4\n|start\n|switch|p1a: Empoleon|Empoleon, L50, M|100/100\n|switch|p1b: Rotom|Rotom-Frost, L50|100/100\n|switch|p2a: Meganium|Meganium, L50, M, shiny|100/100\n|switch|p2b: Basculegion|Basculegion, L50, M|100/100\n|turn|1\n|\n|t:|1776188504\n|move|p2a: Meganium|Protect|p2a: Meganium\n|-singleturn|p2a: Meganium|Protect\n|move|p1b: Rotom|Thunderbolt|p2b: Basculegion\n|-supereffective|p2b: Basculegion|1\n|-damage|p2b: Basculegion|5/100\n|move|p2b: Basculegion|Flip Turn|p1b: Rotom\n|-damage|p1b: Rotom|44/100\n|\n|t:|1776188516\n|switch|p2b: Sableye|Sableye, L50, F|100/100|[from] Flip Turn\n|move|p1a: Empoleon|Flash Cannon|p2a: Meganium\n|-activate|p2a: Meganium|move: Protect\n|\n|upkeep\n|turn|2\n|\n|t:|1776188537\n|switch|p1a: Kingambit|Kingambit, L50, M|100/100\n|detailschange|p2a: Meganium|Meganium-Mega, L50, M, shiny\n|-mega|p2a: Meganium|Meganium|Meganiumite\n|move|p2b: Sableye|Disable|p1a: Kingambit\n|-hint|Since gen 7, Dark is immune to Prankster moves.\n|-immune|p1a: Kingambit\n|move|p1b: Rotom|Thunderbolt|p2b: Sableye\n|-damage|p2b: Sableye|55/100\n|move|p2a: Meganium|Weather Ball|p1a: Kingambit\n|-supereffective|p1a: Kingambit|1\n|-enditem|p1a: Kingambit|Focus Sash\n|-damage|p1a: Kingambit|1/100\n|\n|upkeep\n|turn|3\n|\n|t:|1776188559\n|switch|p1b: Empoleon|Empoleon, L50, M|100/100\n|move|p1a: Kingambit|Protect|p1a: Kingambit\n|-singleturn|p1a: Kingambit|Protect\n|move|p2b: Sableye|Disable||[still]\n|-fail|p2b: Sableye\n|move|p2a: Meganium|Dazzling Gleam|p1b: Empoleon|[spread] p1b\n|-activate|p1a: Kingambit|move: Protect\n|-resisted|p1b: Empoleon|1\n|-damage|p1b: Empoleon|85/100\n|\n|-heal|p1b: Empoleon|91/100|[from] item: Leftovers\n|upkeep\n|turn|4\n|\n|t:|1776188601\n|switch|p1a: Rotom|Rotom-Frost, L50|44/100\n|move|p2a: Meganium|Protect|p2a: Meganium\n|-singleturn|p2a: Meganium|Protect\n|move|p2b: Sableye|Thunder Wave|p1b: Empoleon\n|-status|p1b: Empoleon|par\n|move|p1b: Empoleon|Hydro Pump|p2b: Sableye|[miss]\n|-miss|p1b: Empoleon|p2b: Sableye\n|\n|-heal|p1b: Empoleon|96/100 par|[from] item: Leftovers\n|upkeep\n|turn|5\n|l| Klusmos\n|j| Wenler\n|\n|t:|1776188637\n|move|p2b: Sableye|Encore|p1b: Empoleon\n|-start|p1b: Empoleon|Encore\n|move|p1a: Rotom|Blizzard|p2a: Meganium|[spread] \n|-miss|p1a: Rotom|p2a: Meganium\n|-miss|p1a: Rotom|p2b: Sableye\n|move|p2a: Meganium|Weather Ball|p1a: Rotom\n|-supereffective|p1a: Rotom|1\n|-damage|p1a: Rotom|0 fnt\n|faint|p1a: Rotom\n|move|p1b: Empoleon|Hydro Pump|p2b: Sableye\n|-damage|p2b: Sableye|0 fnt\n|faint|p2b: Sableye\n|\n|-heal|p1b: Empoleon|100/100 par|[from] item: Leftovers\n|upkeep\n|j| sileshar\n|\n|t:|1776188659\n|switch|p1a: Froslass|Froslass, L50, F|100/100\n|switch|p2b: Pelipper|Pelipper, L50, M, shiny|100/100\n|-weather|RainDance|[from] ability: Drizzle|[of] p2b: Pelipper\n|turn|6\n|\n|t:|1776188690\n|detailschange|p1a: Froslass|Froslass-Mega, L50, F\n|-mega|p1a: Froslass|Froslass|Froslassite\n|-weather|Snowscape|[from] ability: Snow Warning|[of] p1a: Froslass\n|move|p2b: Pelipper|Wide Guard|p2b: Pelipper\n|-singleturn|p2b: Pelipper|Wide Guard\n|move|p1a: Froslass|Blizzard|p2b: Pelipper|[spread] \n|-activate|p2a: Meganium|move: Wide Guard\n|-activate|p2b: Pelipper|move: Wide Guard\n|move|p2a: Meganium|Weather Ball|p1a: Froslass\n|-supereffective|p1a: Froslass|1\n|-damage|p1a: Froslass|0 fnt\n|faint|p1a: Froslass\n|move|p1b: Empoleon|Hydro Pump|p2a: Meganium\n|-resisted|p2a: Meganium|1\n|-damage|p2a: Meganium|77/100\n|\n|-weather|Snowscape|[upkeep]\n|upkeep\n|j| NEONxTOKYO\n|\n|t:|1776188705\n|switch|p1a: Kingambit|Kingambit, L50, M|1/100\n|turn|7\n|\n|t:|1776188719\n|move|p2a: Meganium|Dazzling Gleam|p1a: Kingambit|[spread] p1a,p1b\n|-resisted|p1b: Empoleon|1\n|-damage|p1a: Kingambit|0 fnt\n|-damage|p1b: Empoleon|84/100 par\n|faint|p1a: Kingambit\n|move|p2b: Pelipper|Tailwind|p2b: Pelipper\n|-sidestart|p2: Wolfe Flick|move: Tailwind\n|move|p1b: Empoleon|Hydro Pump|p2b: Pelipper\n|-resisted|p2b: Pelipper|1\n|-damage|p2b: Pelipper|52/100\n|\n|-weather|Snowscape|[upkeep]\n|-heal|p1b: Empoleon|90/100 par|[from] item: Leftovers\n|-end|p1b: Empoleon|Encore\n|upkeep\n|turn|8\n|inactive|Battle timer is ON: inactive players will automatically lose when time's up. (requested by londi g)\n|\n|t:|1776188760\n|move|p2a: Meganium|Solar Beam||[still]\n|-prepare|p2a: Meganium|Solar Beam\n|-activate|p2a: Meganium|ability: Mega Sol\n|-anim|p2a: Meganium|Solar Beam|p1b: Empoleon\n|-damage|p1b: Empoleon|17/100 par\n|move|p2b: Pelipper|Hurricane|p1b: Empoleon\n|-resisted|p1b: Empoleon|1\n|-crit|p1b: Empoleon\n|-damage|p1b: Empoleon|0 fnt\n|faint|p1b: Empoleon\n|\n|win|Wolfe Flick\n|raw|londi g's rating: 1367 &rarr; <strong>1355</strong><br />(-12 for losing)\n|raw|Wolfe Flick's rating: 1515 &rarr; <strong>1527</strong><br />(+12 for winning)\n|l| Wenler\n",
  "uploadtime": 1776188760,
  "views": 35,
  "formatid": "gen9championsvgc2026regma",
  "rating": 1355,
  "private": 0,
  "password": null
}