{
  "id": "gen9championsvgc2026regma-2580574127",
  "format": "[Gen 9 Champions] VGC 2026 Reg M-A",
  "players": [
    "affan423",
    "collateraldamagejr"
  ],
  "log": "|j|\u2606affan423\n|j|\u2606collateraldamagejr\n|t:|1775914362\n|gametype|doubles\n|player|p1|affan423|steven|1145\n|player|p2|collateraldamagejr|102|1127\n|gen|9\n|tier|[Gen 9 Champions] VGC 2026 Reg M-A\n|rated|\n|rule|Species Clause: Limit one of each Pok\u00e9mon\n|rule|Item Clause: Limit 1 of each item\n|clearpoke\n|poke|p1|Kingambit, L50, M|\n|poke|p1|Farigiraf, L50, F|\n|poke|p1|Whimsicott, L50, F|\n|poke|p1|Incineroar, L50, F|\n|poke|p1|Charizard, L50, F|\n|poke|p1|Garchomp, L50, M|\n|poke|p2|Froslass, L50, F|\n|poke|p2|Arcanine-Hisui, L50, M|\n|poke|p2|Gyarados, L50, F|\n|poke|p2|Kingambit, L50, F|\n|poke|p2|Hydreigon, L50, M|\n|poke|p2|Mr. Rime, L50, M|\n|teampreview|4\n|j| Almirante Matthew\n|inactive|Battle timer is ON: inactive players will automatically lose when time's up. (requested by collateraldamagejr)\n|\n|t:|1775914405\n|teamsize|p1|4\n|teamsize|p2|4\n|start\n|switch|p1a: Kingambit|Kingambit, L50, M, shiny|100/100\n|switch|p1b: Whimsicott|Whimsicott, L50, F|100/100\n|switch|p2a: Arcanine|Arcanine-Hisui, L50, M, shiny|100/100\n|switch|p2b: Mr. Rime|Mr. Rime, L50, M|100/100\n|-ability|p2a: Arcanine|Intimidate|boost\n|-unboost|p1a: Kingambit|atk|1\n|-ability|p1a: Kingambit|Defiant|boost\n|-boost|p1a: Kingambit|atk|2\n|-unboost|p1b: Whimsicott|atk|1\n|turn|1\n|inactive|collateraldamagejr has 30 seconds left.\n|\n|t:|1775914434\n|switch|p1b: Incineroar|Incineroar, L50, F|100/100\n|-ability|p1b: Incineroar|Intimidate|boost\n|-unboost|p2a: Arcanine|atk|1\n|-unboost|p2b: Mr. Rime|atk|1\n|move|p1a: Kingambit|Protect|p1a: Kingambit\n|-singleturn|p1a: Kingambit|Protect\n|move|p2a: Arcanine|Flare Blitz|p1a: Kingambit\n|-activate|p1a: Kingambit|move: Protect\n|move|p2b: Mr. Rime|Focus Blast|p1a: Kingambit\n|-activate|p1a: Kingambit|move: Protect\n|\n|upkeep\n|turn|2\n|\n|t:|1775914451\n|switch|p2a: Kingambit|Kingambit, L50, F, shiny|100/100\n|switch|p2b: Froslass|Froslass, L50, F, shiny|100/100\n|move|p1b: Incineroar|Fake Out|p2a: Kingambit\n|-resisted|p2a: Kingambit|1\n|-damage|p2a: Kingambit|96/100\n|move|p1a: Kingambit|Sucker Punch||[still]\n|-fail|p1a: Kingambit\n|\n|-heal|p2a: Kingambit|100/100|[from] item: Leftovers\n|upkeep\n|turn|3\n|\n|t:|1775914463\n|detailschange|p2b: Froslass|Froslass-Mega, L50, F, shiny\n|-mega|p2b: Froslass|Froslass|Froslassite\n|-weather|Snowscape|[from] ability: Snow Warning|[of] p2b: Froslass\n|move|p2b: Froslass|Aurora Veil|p2b: Froslass\n|-sidestart|p2: collateraldamagejr|move: Aurora Veil\n|move|p1b: Incineroar|Will-O-Wisp|p2a: Kingambit|[miss]\n|-miss|p1b: Incineroar|p2a: Kingambit\n|move|p2a: Kingambit|Swords Dance|p2a: Kingambit\n|-boost|p2a: Kingambit|atk|2\n|move|p1a: Kingambit|Kowtow Cleave|p2b: Froslass\n|-supereffective|p2b: Froslass|1\n|-damage|p2b: Froslass|0 fnt\n|faint|p2b: Froslass\n|\n|-weather|Snowscape|[upkeep]\n|upkeep\n|\n|t:|1775914465\n|switch|p2b: Arcanine|Arcanine-Hisui, L50, M, shiny|100/100\n|-ability|p2b: Arcanine|Intimidate|boost\n|-unboost|p1a: Kingambit|atk|1\n|-ability|p1a: Kingambit|Defiant|boost\n|-boost|p1a: Kingambit|atk|2\n|-unboost|p1b: Incineroar|atk|1\n|turn|4\n|\n|t:|1775914486\n|move|p2a: Kingambit|Protect|p2a: Kingambit\n|-singleturn|p2a: Kingambit|Protect\n|move|p1a: Kingambit|Protect|p1a: Kingambit\n|-singleturn|p1a: Kingambit|Protect\n|move|p2b: Arcanine|Rock Slide|p1a: Kingambit|[spread] p1b\n|-activate|p1a: Kingambit|move: Protect\n|-supereffective|p1b: Incineroar|1\n|-damage|p1b: Incineroar|53/100\n|move|p1b: Incineroar|Will-O-Wisp|p2a: Kingambit\n|-activate|p2a: Kingambit|move: Protect\n|\n|-weather|Snowscape|[upkeep]\n|upkeep\n|turn|5\n|\n|t:|1775914510\n|-end|p2a: Kingambit|fallenundefined|[silent]\n|switch|p2a: Mr. Rime|Mr. Rime, L50, M|100/100\n|move|p1a: Kingambit|Sucker Punch|p2b: Arcanine\n|-damage|p2b: Arcanine|38/100\n|move|p2b: Arcanine|Flare Blitz|p1a: Kingambit\n|-supereffective|p1a: Kingambit|1\n|-damage|p1a: Kingambit|0 fnt\n|faint|p1a: Kingambit\n|-damage|p2b: Arcanine|0 fnt|[from] Recoil\n|faint|p2b: Arcanine\n|move|p1b: Incineroar|Will-O-Wisp|p2a: Mr. Rime|[miss]\n|-miss|p1b: Incineroar|p2a: Mr. Rime\n|\n|-weather|Snowscape|[upkeep]\n|upkeep\n|c|\u2606affan423|ffs\n|inactive|affan423 has 30 seconds left.\n|\n|t:|1775914543\n|switch|p2b: Kingambit|Kingambit, L50, F, shiny|100/100\n|switch|p1a: Charizard|Charizard, L50, F|100/100\n|-activate|p2b: Kingambit|ability: Supreme Overlord\n|-start|p2b: Kingambit|fallen2|[silent]\n|turn|6\n|\n|t:|1775914555\n|move|p1a: Charizard|Protect|p1a: Charizard\n|-singleturn|p1a: Charizard|Protect\n|move|p2a: Mr. Rime|Fake Out|p1b: Incineroar\n|-damage|p1b: Incineroar|47/100\n|-enditem|p1b: Incineroar|Sitrus Berry|[eat]\n|-heal|p1b: Incineroar|72/100|[from] item: Sitrus Berry\n|cant|p1b: Incineroar|flinch\n|move|p2b: Kingambit|Swords Dance|p2b: Kingambit\n|-boost|p2b: Kingambit|atk|2\n|\n|-weather|Snowscape|[upkeep]\n|upkeep\n|turn|7\n|\n|t:|1775914574\n|switch|p1a: Whimsicott|Whimsicott, L50, F|100/100\n|move|p2b: Kingambit|Sucker Punch||[still]\n|-fail|p2b: Kingambit\n|move|p2a: Mr. Rime|Blizzard|p1a: Whimsicott|[spread] p1a,p1b\n|-supereffective|p1a: Whimsicott|1\n|-resisted|p1b: Incineroar|1\n|-enditem|p1a: Whimsicott|Focus Sash\n|-damage|p1a: Whimsicott|1/100\n|-damage|p1b: Incineroar|53/100\n|-status|p1b: Incineroar|frz\n|cant|p1b: Incineroar|frz\n|\n|-weather|none\n|-sideend|p2: collateraldamagejr|move: Aurora Veil\n|upkeep\n|turn|8\n|inactive|affan423 has 30 seconds left.\n|inactive|affan423 has 20 seconds left.\n|\n|t:|1775914609\n|move|p1a: Whimsicott|Moonblast|p2b: Kingambit\n|-damage|p2b: Kingambit|62/100\n|move|p2a: Mr. Rime|Freeze-Dry|p1a: Whimsicott\n|-supereffective|p1a: Whimsicott|1\n|-damage|p1a: Whimsicott|0 fnt\n|faint|p1a: Whimsicott\n|cant|p1b: Incineroar|frz\n|move|p2b: Kingambit|Iron Head|p1b: Incineroar\n|-resisted|p1b: Incineroar|1\n|-damage|p1b: Incineroar|8/100 frz\n|\n|-heal|p2b: Kingambit|68/100|[from] item: Leftovers\n|upkeep\n|\n|t:|1775914619\n|switch|p1a: Charizard|Charizard, L50, F|100/100\n|turn|9\n|\n|t:|1775914626\n|detailschange|p1a: Charizard|Charizard-Mega-Y, L50, F\n|-mega|p1a: Charizard|Charizard|Charizardite Y\n|-weather|SunnyDay|[from] ability: Drought|[of] p1a: Charizard\n|move|p1a: Charizard|Protect|p1a: Charizard\n|-singleturn|p1a: Charizard|Protect\n|move|p2b: Kingambit|Sucker Punch||[still]\n|-fail|p2b: Kingambit\n|move|p2a: Mr. Rime|Freeze-Dry|p1b: Incineroar\n|-resisted|p1b: Incineroar|1\n|-damage|p1b: Incineroar|0 fnt\n|faint|p1b: Incineroar\n|\n|-weather|SunnyDay|[upkeep]\n|-heal|p2b: Kingambit|74/100|[from] item: Leftovers\n|upkeep\n|turn|10\n|\n|t:|1775914637\n|move|p2b: Kingambit|Sucker Punch|p1a: Charizard\n|-damage|p1a: Charizard|0 fnt\n|faint|p1a: Charizard\n|\n|win|collateraldamagejr\n|raw|affan423's rating: 1145 &rarr; <strong>1119</strong><br />(-26 for losing)\n|raw|collateraldamagejr's rating: 1127 &rarr; <strong>1153</strong><br />(+26 for winning)\n|l|\u2606affan423\n|player|p1|\n|c|\u2606collateraldamagejr|gg\n|l| Almirante Matthew\n",
  "uploadtime": 1775914648,
  "views": 25,
  "formatid": "gen9championsvgc2026regma",
  "rating": 1119,
  "private": 0,
  "password": null
}