{
  "id": "gen9championsvgc2026regma-2580934663",
  "format": "[Gen 9 Champions] VGC 2026 Reg M-A",
  "players": [
    "ghostvein",
    "Cyishere"
  ],
  "log": "|j|\u2606ghostvein\n|j|\u2606Cyishere\n|t:|1775944645\n|gametype|doubles\n|player|p1|ghostvein|rye|1122\n|player|p2|Cyishere|2|1060\n|gen|9\n|tier|[Gen 9 Champions] VGC 2026 Reg M-A\n|rated|\n|rule|Species Clause: Limit one of each Pok\u00e9mon\n|rule|Item Clause: Limit 1 of each item\n|clearpoke\n|poke|p1|Tyranitar, L50, M|\n|poke|p1|Excadrill, L50, M|\n|poke|p1|Sinistcha, L50|\n|poke|p1|Floette-Eternal, L50, F|\n|poke|p1|Rotom-Heat, L50|\n|poke|p1|Gyarados, L50, M|\n|poke|p2|Tyranitar, L50, M|\n|poke|p2|Gyarados, L50, F|\n|poke|p2|Gardevoir, L50, F|\n|poke|p2|Excadrill, L50, F|\n|poke|p2|Sinistcha, L50|\n|poke|p2|Rotom-Heat, L50|\n|teampreview|4\n|\n|t:|1775944705\n|teamsize|p1|4\n|teamsize|p2|4\n|start\n|switch|p1a: On Fraud Watch|Rotom-Heat, L50|100/100\n|switch|p1b: Excadrill|Excadrill, L50, M|100/100\n|switch|p2a: Excadrill|Excadrill, L50, F, shiny|100/100\n|switch|p2b: Rotom|Rotom-Heat, L50, shiny|100/100\n|turn|1\n|inactive|Battle timer is ON: inactive players will automatically lose when time's up. (requested by ghostvein)\n|\n|t:|1775944743\n|switch|p1b: Gyarados|Gyarados, L50, M|100/100\n|-ability|p1b: Gyarados|Intimidate|boost\n|-unboost|p2a: Excadrill|atk|1\n|-unboost|p2b: Rotom|atk|1\n|move|p2b: Rotom|Overheat|p1b: Gyarados|[miss]\n|-miss|p2b: Rotom|p1b: Gyarados\n|move|p2a: Excadrill|Earthquake|p1a: On Fraud Watch|[spread] \n|-immune|p2b: Rotom|[from] ability: Levitate\n|-immune|p1a: On Fraud Watch|[from] ability: Levitate\n|-immune|p1b: Gyarados\n|move|p1a: On Fraud Watch|Overheat|p2a: Excadrill|[miss]\n|-miss|p1a: On Fraud Watch|p2a: Excadrill\n|\n|upkeep\n|turn|2\n|inactive|ghostvein has 30 seconds left.\n|inactive|Cyishere has 30 seconds left.\n|\n|t:|1775944770\n|switch|p2b: Gardevoir|Gardevoir, L50, F, shiny|100/100\n|switch|p2a: Gyarados|Gyarados, L50, F, shiny|100/100\n|-ability|p2a: Gyarados|Intimidate|boost\n|-unboost|p1a: On Fraud Watch|atk|1\n|-unboost|p1b: Gyarados|atk|1\n|move|p1b: Gyarados|Protect|p1b: Gyarados\n|-singleturn|p1b: Gyarados|Protect\n|move|p1a: On Fraud Watch|Will-O-Wisp|p2a: Gyarados\n|-status|p2a: Gyarados|brn\n|\n|-damage|p2a: Gyarados|95/100 brn|[from] brn\n|upkeep\n|turn|3\n|inactive|Cyishere has 30 seconds left.\n|inactive|Cyishere has 20 seconds left.\n|\n|t:|1775944806\n|detailschange|p2b: Gardevoir|Gardevoir-Mega, L50, F, shiny\n|-mega|p2b: Gardevoir|Gardevoir|Gardevoirite\n|move|p2b: Gardevoir|Calm Mind|p2b: Gardevoir\n|-boost|p2b: Gardevoir|spa|1\n|-boost|p2b: Gardevoir|spd|1\n|move|p2a: Gyarados|Thunder Wave|p1b: Gyarados\n|-status|p1b: Gyarados|par\n|-enditem|p1b: Gyarados|Lum Berry|[eat]\n|-curestatus|p1b: Gyarados|par|[msg]\n|move|p1a: On Fraud Watch|Volt Switch|p2a: Gyarados\n|-supereffective|p2a: Gyarados|2\n|-damage|p2a: Gyarados|15/100 brn\n|\n|t:|1775944819\n|switch|p1a: Excadrill|Excadrill, L50, M|100/100|[from] Volt Switch\n|move|p1b: Gyarados|Thunder Wave|p2b: Gardevoir\n|-status|p2b: Gardevoir|par\n|\n|-heal|p2a: Gyarados|21/100 brn|[from] item: Leftovers\n|-damage|p2a: Gyarados|15/100 brn|[from] brn\n|upkeep\n|turn|4\n|\n|t:|1775944836\n|switch|p2a: Rotom|Rotom-Heat, L50, shiny|100/100\n|move|p1a: Excadrill|Iron Head|p2b: Gardevoir\n|-supereffective|p2b: Gardevoir|1\n|-damage|p2b: Gardevoir|11/100 par\n|move|p1b: Gyarados|Waterfall|p2a: Rotom\n|-supereffective|p2a: Rotom|1\n|-damage|p2a: Rotom|42/100\n|cant|p2b: Gardevoir|par\n|\n|upkeep\n|turn|5\n|-message|Cyishere forfeited.\n|\n|win|ghostvein\n|raw|ghostvein's rating: 1122 &rarr; <strong>1143</strong><br />(+21 for winning)\n|raw|Cyishere's rating: 1060 &rarr; <strong>1044</strong><br />(-16 for losing)\n|l|\u2606Cyishere\n|player|p2|\n",
  "uploadtime": 1775944851,
  "views": 15,
  "formatid": "gen9championsvgc2026regma",
  "rating": 1044,
  "private": 0,
  "password": null
}