{
  "id": "gen9championsvgc2026regma-2583115478",
  "format": "[Gen 9 Champions] VGC 2026 Reg M-A",
  "players": [
    "Veemosa",
    "paika vgc"
  ],
  "log": "|j|\u2606Veemosa\n|j|\u203dpaika vgc\n|t:|1776143811\n|gametype|doubles\n|player|p1|Veemosa|shauna-masters|1043\n|player|p2|paika vgc|2|1043\n|gen|9\n|tier|[Gen 9 Champions] VGC 2026 Reg M-A\n|rated|\n|rule|Species Clause: Limit one of each Pok\u00e9mon\n|rule|Item Clause: Limit 1 of each item\n|clearpoke\n|poke|p1|Froslass, L50, F|\n|poke|p1|Weavile, L50, F|\n|poke|p1|Mamoswine, L50, F|\n|poke|p1|Beartic, L50, F|\n|poke|p1|Rotom-Frost, L50|\n|poke|p1|Ninetales-Alola, L50, F|\n|poke|p2|Gengar, L50, M|\n|poke|p2|Tyranitar, L50, F|\n|poke|p2|Conkeldurr, L50, F|\n|poke|p2|Volcarona, L50, F|\n|poke|p2|Corviknight, L50, M|\n|poke|p2|Primarina, L50, F|\n|teampreview|4\n|inactive|Battle timer is ON: inactive players will automatically lose when time's up. (requested by Veemosa)\n|inactive|paika vgc has 60 seconds left.\n|\n|t:|1776143850\n|teamsize|p1|4\n|teamsize|p2|4\n|start\n|switch|p1a: Ninetales|Ninetales-Alola, L50, F|100/100\n|switch|p1b: Weavile|Weavile, L50, F|100/100\n|switch|p2a: Volcarona|Volcarona, L50, F|100/100\n|switch|p2b: Tyranitar|Tyranitar, L50, F|100/100\n|-ability|p1b: Weavile|Pressure\n|-weather|Snowscape|[from] ability: Snow Warning|[of] p1a: Ninetales\n|-weather|Sandstorm|[from] ability: Sand Stream|[of] p2b: Tyranitar\n|turn|1\n|inactive|Veemosa has 30 seconds left.\n|\n|t:|1776143879\n|move|p1a: Ninetales|Protect|p1a: Ninetales\n|-singleturn|p1a: Ninetales|Protect\n|move|p2a: Volcarona|Rage Powder|p2a: Volcarona\n|-singleturn|p2a: Volcarona|move: Rage Powder\n|move|p1b: Weavile|Low Kick|p2a: Volcarona\n|-resisted|p2a: Volcarona|1\n|-damage|p2a: Volcarona|87/100\n|move|p2b: Tyranitar|Dragon Dance|p2b: Tyranitar\n|-boost|p2b: Tyranitar|atk|1\n|-boost|p2b: Tyranitar|spe|1\n|\n|-weather|Sandstorm|[upkeep]\n|-damage|p1b: Weavile|94/100|[from] Sandstorm\n|-damage|p1a: Ninetales|94/100|[from] Sandstorm\n|-damage|p2a: Volcarona|81/100|[from] Sandstorm\n|upkeep\n|turn|2\n|\n|t:|1776143903\n|move|p2a: Volcarona|Rage Powder|p2a: Volcarona\n|-singleturn|p2a: Volcarona|move: Rage Powder\n|move|p1b: Weavile|Knock Off|p2a: Volcarona\n|-damage|p2a: Volcarona|5/100\n|-status|p1b: Weavile|brn|[from] ability: Flame Body|[of] p2a: Volcarona\n|-enditem|p2a: Volcarona|Sitrus Berry|[from] move: Knock Off|[of] p1b: Weavile\n|move|p1a: Ninetales|Blizzard|p2b: Tyranitar|[spread] \n|-miss|p1a: Ninetales|p2a: Volcarona\n|-miss|p1a: Ninetales|p2b: Tyranitar\n|move|p2b: Tyranitar|Rock Slide|p1a: Ninetales|[spread] p1b\n|-miss|p2b: Tyranitar|p1a: Ninetales\n|-supereffective|p1b: Weavile|1\n|-damage|p1b: Weavile|0 fnt\n|faint|p1b: Weavile\n|\n|-weather|Sandstorm|[upkeep]\n|-damage|p1a: Ninetales|88/100|[from] Sandstorm\n|-damage|p2a: Volcarona|0 fnt|[from] Sandstorm\n|faint|p2a: Volcarona\n|upkeep\n|\n|t:|1776143924\n|switch|p1b: Froslass|Froslass, L50, F|100/100\n|switch|p2a: Gengar|Gengar, L50, M, shiny|100/100\n|turn|3\n|\n|t:|1776143939\n|detailschange|p2a: Gengar|Gengar-Mega, L50, M, shiny\n|-mega|p2a: Gengar|Gengar|Gengarite\n|detailschange|p1b: Froslass|Froslass-Mega, L50, F\n|-mega|p1b: Froslass|Froslass|Froslassite\n|-weather|Snowscape|[from] ability: Snow Warning|[of] p1b: Froslass\n|move|p1a: Ninetales|Protect|p1a: Ninetales\n|-singleturn|p1a: Ninetales|Protect\n|move|p2a: Gengar|Sludge Bomb|p1a: Ninetales\n|-activate|p1a: Ninetales|move: Protect\n|move|p1b: Froslass|Taunt|p2a: Gengar\n|-start|p2a: Gengar|move: Taunt\n|move|p2b: Tyranitar|Crunch|p1b: Froslass\n|-supereffective|p1b: Froslass|1\n|-crit|p1b: Froslass\n|-damage|p1b: Froslass|0 fnt\n|faint|p1b: Froslass\n|\n|-weather|Snowscape|[upkeep]\n|upkeep\n|\n|t:|1776143959\n|switch|p1b: Beartic|Beartic, L50, F, shiny|100/100\n|turn|4\n|\n|t:|1776143970\n|move|p1b: Beartic|Swords Dance|p1b: Beartic\n|-boost|p1b: Beartic|atk|2\n|move|p2a: Gengar|Sludge Bomb|p1a: Ninetales\n|-supereffective|p1a: Ninetales|1\n|-damage|p1a: Ninetales|0 fnt\n|faint|p1a: Ninetales\n|move|p2b: Tyranitar|Rock Slide|p1b: Beartic\n|-supereffective|p1b: Beartic|1\n|-damage|p1b: Beartic|5/100\n|\n|-weather|Snowscape|[upkeep]\n|upkeep\n|turn|5\n|\n|t:|1776143987\n|move|p1b: Beartic|Icicle Crash|p2a: Gengar\n|-damage|p2a: Gengar|0 fnt\n|faint|p2a: Gengar\n|move|p2b: Tyranitar|Crunch|p1b: Beartic\n|-damage|p1b: Beartic|0 fnt\n|faint|p1b: Beartic\n|\n|win|paika vgc\n|raw|Veemosa's rating: 1043 &rarr; <strong>1027</strong><br />(-16 for losing)\n|raw|paika vgc's rating: 1043 &rarr; <strong>1077</strong><br />(+34 for winning)\n|l|\u2606Veemosa\n|player|p1|\n",
  "uploadtime": 1776143996,
  "views": 20,
  "formatid": "gen9championsvgc2026regma",
  "rating": 1027,
  "private": 0,
  "password": null
}