{
  "id": "gen9championsvgc2026regma-2586609026",
  "format": "[Gen 9 Champions] VGC 2026 Reg M-A",
  "players": [
    "buglover9",
    "realcomrade379"
  ],
  "log": "|j|\u2606buglover9\n|j|\u2606realcomrade379\n|t:|1776446519\n|gametype|doubles\n|player|p1|buglover9|bugcatcher-gen4dp|\n|player|p2|realcomrade379|shadowtriad|\n|gen|9\n|tier|[Gen 9 Champions] VGC 2026 Reg M-A\n|rated|Tournament battle\n|rule|Species Clause: Limit one of each Pok\u00e9mon\n|rule|Item Clause: Limit 1 of each item\n|raw|<div class=\"infobox\"><details class=\"readmore\" open><summary><strong>1 custom rule:</strong></summary> Force Open Team Sheets</details></div>\n|clearpoke\n|poke|p1|Araquanid, L50, M|\n|poke|p1|Arcanine, L50, M|\n|poke|p1|Kommo-o, L50, M|\n|poke|p1|Kangaskhan, L50, F|\n|poke|p1|Sinistcha, L50|\n|poke|p1|Clefable, L50, F|\n|poke|p2|Tyranitar, L50, F|\n|poke|p2|Floette-Eternal, L50, F|\n|poke|p2|Excadrill, L50, F|\n|poke|p2|Basculegion, L50, M|\n|poke|p2|Sinistcha, L50|\n|poke|p2|Incineroar, L50, F|\n|teampreview|4\n|showteam|p1|Araquanid||CobaBerry|WaterBubble|StickyWeb,WideGuard,Liquidation,SkitterSmack|||M|||50|]Arcanine||LumBerry|Intimidate|Flamethrower,HelpingHand,MorningSun,FireSpin|||M|||50|]Kommo-o||Leftovers|Bulletproof|ClangorousSoul,ClangingScales,AuraSphere,Protect|||M|||50|]Kangaskhan||Kangaskhanite|Scrappy|FakeOut,DoubleEdge,SuckerPunch,Protect|||F|||50|]Sinistcha||SitrusBerry|Hospitality|RagePowder,MatchaGotcha,LifeDew,Protect||||||50|]Clefable||KebiaBerry|Unaware|FollowMe,Moonblast,HelpingHand,Psychic|||F|||50|\n|showteam|p2|Tyranitar||Tyranitarite|SandStream|Protect,LowKick,KnockOff,RockSlide|||F|||50|]Floette-Eternal||Floettite|FlowerVeil|Protect,CalmMind,DazzlingGleam,Moonblast|||F|||50|]Excadrill||FocusSash|SandRush|Protect,IronHead,HighHorsepower,Earthquake|||F|||50|]Basculegion||ChoiceScarf|Adaptability|LastRespects,WaveCrash,FlipTurn,AquaJet|||M|||50|]Sinistcha||SitrusBerry|Hospitality|MatchaGotcha,TrickRoom,RagePowder,LifeDew||||||50|]Incineroar||ChopleBerry|Intimidate|FlareBlitz,WillOWisp,FakeOut,PartingShot|||F|||50|\n|inactive|Battle timer is ON: inactive players will automatically lose when time's up. (requested by realcomrade379)\n|\n|t:|1776446554\n|teamsize|p1|4\n|teamsize|p2|4\n|start\n|switch|p1a: Kangaskhan|Kangaskhan, L50, F|100/100\n|switch|p1b: Araquanid|Araquanid, L50, M|100/100\n|switch|p2a: Incineroar|Incineroar, L50, F|100/100\n|switch|p2b: Basculegion|Basculegion, L50, M|100/100\n|-ability|p2a: Incineroar|Intimidate|boost\n|-fail|p1a: Kangaskhan|unboost|Attack|[from] ability: Scrappy|[of] p1a: Kangaskhan\n|-unboost|p1b: Araquanid|atk|1\n|turn|1\n|\n|t:|1776446573\n|move|p1a: Kangaskhan|Fake Out|p2b: Basculegion\n|-damage|p2b: Basculegion|76/100\n|cant|p2b: Basculegion|flinch\n|move|p2a: Incineroar|Will-O-Wisp|p1b: Araquanid|[miss]\n|-miss|p2a: Incineroar|p1b: Araquanid\n|move|p1b: Araquanid|Sticky Web|p2b: Basculegion\n|-sidestart|p2: realcomrade379|move: Sticky Web\n|\n|upkeep\n|turn|2\n|inactive|realcomrade379 has 30 seconds left.\n|inactive|realcomrade379 has 20 seconds left.\n|\n|t:|1776446609\n|switch|p2a: Sinistcha|Sinistcha, L50|100/100\n|-activate|p2a: Sinistcha|move: Sticky Web\n|-unboost|p2a: Sinistcha|spe|1\n|-heal|p2b: Basculegion|100/100|[from] ability: Hospitality|[of] p2a: Sinistcha\n|move|p2b: Basculegion|Wave Crash|p1a: Kangaskhan\n|-damage|p1a: Kangaskhan|4/100\n|-damage|p2b: Basculegion|71/100|[from] Recoil\n|move|p1a: Kangaskhan|Double-Edge|p2b: Basculegion\n|-damage|p2b: Basculegion|2/100\n|-damage|p1a: Kangaskhan|0 fnt|[from] Recoil\n|faint|p1a: Kangaskhan\n|move|p1b: Araquanid|Liquidation|p2a: Sinistcha\n|-resisted|p2a: Sinistcha|1\n|-damage|p2a: Sinistcha|85/100\n|\n|upkeep\n|\n|t:|1776446629\n|switch|p1a: Arcanine|Arcanine, L50, M|100/100\n|-ability|p1a: Arcanine|Intimidate|boost\n|-unboost|p2a: Sinistcha|atk|1\n|-unboost|p2b: Basculegion|atk|1\n|turn|3\n|\n|t:|1776446645\n|switch|p2b: Incineroar|Incineroar, L50, F|100/100\n|-activate|p2b: Incineroar|move: Sticky Web\n|-unboost|p2b: Incineroar|spe|1\n|-ability|p2b: Incineroar|Intimidate|boost\n|-unboost|p1a: Arcanine|atk|1\n|-unboost|p1b: Araquanid|atk|1\n|move|p1a: Arcanine|Flamethrower|p2a: Sinistcha\n|-supereffective|p2a: Sinistcha|1\n|-damage|p2a: Sinistcha|24/100\n|-enditem|p2a: Sinistcha|Sitrus Berry|[eat]\n|-heal|p2a: Sinistcha|49/100|[from] item: Sitrus Berry\n|move|p1b: Araquanid|Skitter Smack|p2b: Incineroar\n|-damage|p2b: Incineroar|92/100\n|-unboost|p2b: Incineroar|spa|1\n|move|p2a: Sinistcha|Life Dew|p2a: Sinistcha|[spread] p2a,p2b\n|-heal|p2a: Sinistcha|74/100\n|-heal|p2b: Incineroar|100/100\n|\n|upkeep\n|turn|4\n|\n|t:|1776446666\n|switch|p1b: Sinistcha|Sinistcha, L50|100/100\n|move|p1a: Arcanine|Flamethrower|p2a: Sinistcha\n|-supereffective|p2a: Sinistcha|1\n|-damage|p2a: Sinistcha|22/100\n|move|p2b: Incineroar|Will-O-Wisp|p1b: Sinistcha\n|-status|p1b: Sinistcha|brn\n|move|p2a: Sinistcha|Matcha Gotcha|p1a: Arcanine|[spread] p1a,p1b\n|-resisted|p1a: Arcanine|1\n|-resisted|p1b: Sinistcha|1\n|-damage|p1a: Arcanine|91/100\n|-heal|p2a: Sinistcha|28/100|[from] drain|[of] p1a: Arcanine\n|-damage|p1b: Sinistcha|89/100 brn\n|-heal|p2a: Sinistcha|33/100|[from] drain|[of] p1b: Sinistcha\n|\n|-damage|p1b: Sinistcha|83/100 brn|[from] brn\n|upkeep\n|turn|5\n|\n|t:|1776446690\n|move|p1a: Arcanine|Flamethrower|p2a: Sinistcha\n|-supereffective|p2a: Sinistcha|1\n|-damage|p2a: Sinistcha|0 fnt\n|faint|p2a: Sinistcha\n|move|p1b: Sinistcha|Matcha Gotcha|p2b: Incineroar\n|-resisted|p2b: Incineroar|1\n|-damage|p2b: Incineroar|85/100\n|-heal|p1b: Sinistcha|92/100 brn|[from] drain|[of] p2b: Incineroar\n|move|p2b: Incineroar|Parting Shot|p1a: Arcanine\n|-unboost|p1a: Arcanine|atk|1\n|-unboost|p1a: Arcanine|spa|1\n|\n|t:|1776446705\n|switch|p2b: Floette|Floette-Eternal, L50, F|100/100|[from] Parting Shot\n|-activate|p2b: Floette|move: Sticky Web\n|-unboost|p2b: Floette|spe|1\n|\n|-damage|p1b: Sinistcha|86/100 brn|[from] brn\n|upkeep\n|\n|t:|1776446708\n|switch|p2a: Incineroar|Incineroar, L50, F|85/100\n|-activate|p2a: Incineroar|move: Sticky Web\n|-unboost|p2a: Incineroar|spe|1\n|-ability|p2a: Incineroar|Intimidate|boost\n|-unboost|p1a: Arcanine|atk|1\n|-unboost|p1b: Sinistcha|atk|1\n|turn|6\n|\n|t:|1776446729\n|switch|p1a: Araquanid|Araquanid, L50, M|100/100\n|detailschange|p2b: Floette|Floette-Mega, L50, F\n|-mega|p2b: Floette|Floette|Floettite\n|-ability|p2b: Floette|Fairy Aura\n|move|p1b: Sinistcha|Matcha Gotcha|p2a: Incineroar|[spread] p2a,p2b\n|-resisted|p2a: Incineroar|1\n|-damage|p2a: Incineroar|73/100\n|-heal|p1b: Sinistcha|93/100 brn|[from] drain|[of] p2a: Incineroar\n|-damage|p2b: Floette|83/100\n|-heal|p1b: Sinistcha|100/100 brn|[from] drain|[of] p2b: Floette\n|move|p2b: Floette|Calm Mind|p2b: Floette\n|-boost|p2b: Floette|spa|1\n|-boost|p2b: Floette|spd|1\n|move|p2a: Incineroar|Parting Shot|p1a: Araquanid\n|-unboost|p1a: Araquanid|atk|1\n|-unboost|p1a: Araquanid|spa|1\n|\n|t:|1776446744\n|switch|p2a: Basculegion|Basculegion, L50, M|2/100|[from] Parting Shot\n|-activate|p2a: Basculegion|move: Sticky Web\n|-unboost|p2a: Basculegion|spe|1\n|\n|-damage|p1b: Sinistcha|94/100 brn|[from] brn\n|upkeep\n|turn|7\n|\n|t:|1776446755\n|move|p1b: Sinistcha|Protect|p1b: Sinistcha\n|-singleturn|p1b: Sinistcha|Protect\n|move|p2a: Basculegion|Flip Turn|p1b: Sinistcha\n|-activate|p1b: Sinistcha|move: Protect\n|move|p2b: Floette|Moonblast|p1a: Araquanid\n|-damage|p1a: Araquanid|22/100\n|move|p1a: Araquanid|Liquidation|p2a: Basculegion\n|-resisted|p2a: Basculegion|1\n|-damage|p2a: Basculegion|0 fnt\n|faint|p2a: Basculegion\n|\n|-damage|p1b: Sinistcha|88/100 brn|[from] brn\n|upkeep\n|\n|t:|1776446764\n|switch|p2a: Incineroar|Incineroar, L50, F|73/100\n|-activate|p2a: Incineroar|move: Sticky Web\n|-unboost|p2a: Incineroar|spe|1\n|-ability|p2a: Incineroar|Intimidate|boost\n|-unboost|p1a: Araquanid|atk|1\n|-unboost|p1b: Sinistcha|atk|1\n|turn|8\n|\n|t:|1776446784\n|switch|p1a: Arcanine|Arcanine, L50, M|91/100\n|-ability|p1a: Arcanine|Intimidate|boost\n|-unboost|p2a: Incineroar|atk|1\n|-unboost|p2b: Floette|atk|1\n|move|p2a: Incineroar|Fake Out|p1a: Arcanine\n|-damage|p1a: Arcanine|84/100\n|move|p1b: Sinistcha|Life Dew|p1b: Sinistcha|[spread] p1a,p1b\n|-heal|p1a: Arcanine|100/100\n|-heal|p1b: Sinistcha|100/100 brn\n|move|p2b: Floette|Moonblast|p1b: Sinistcha\n|-damage|p1b: Sinistcha|3/100 brn\n|-enditem|p1b: Sinistcha|Sitrus Berry|[eat]\n|-heal|p1b: Sinistcha|27/100 brn|[from] item: Sitrus Berry\n|\n|-damage|p1b: Sinistcha|21/100 brn|[from] brn\n|upkeep\n|turn|9\n|\n|t:|1776446806\n|move|p1b: Sinistcha|Protect|p1b: Sinistcha\n|-singleturn|p1b: Sinistcha|Protect\n|move|p1a: Arcanine|Fire Spin|p2b: Floette\n|-damage|p2b: Floette|76/100\n|-activate|p2b: Floette|move: Fire Spin|[of] p1a: Arcanine\n|move|p2b: Floette|Calm Mind|p2b: Floette\n|-boost|p2b: Floette|spa|1\n|-boost|p2b: Floette|spd|1\n|move|p2a: Incineroar|Parting Shot|p1a: Arcanine\n|-unboost|p1a: Arcanine|atk|1\n|-unboost|p1a: Arcanine|spa|1\n|\n|-damage|p1b: Sinistcha|15/100 brn|[from] brn\n|-damage|p2b: Floette|64/100|[from] move: Fire Spin|[partiallytrapped]\n|upkeep\n|turn|10\n|inactive|buglover9 has 30 seconds left.\n|inactive|buglover9 has 20 seconds left.\n|\n|t:|1776446844\n|move|p1b: Sinistcha|Rage Powder|p1b: Sinistcha\n|-singleturn|p1b: Sinistcha|move: Rage Powder\n|move|p1a: Arcanine|Flamethrower|p2b: Floette\n|-damage|p2b: Floette|56/100\n|move|p2b: Floette|Moonblast|p1b: Sinistcha\n|-damage|p1b: Sinistcha|0 fnt\n|faint|p1b: Sinistcha\n|move|p2a: Incineroar|Flare Blitz|p1a: Arcanine\n|-resisted|p1a: Arcanine|1\n|-damage|p1a: Arcanine|84/100\n|-damage|p2a: Incineroar|67/100|[from] Recoil\n|\n|-damage|p2b: Floette|44/100|[from] move: Fire Spin|[partiallytrapped]\n|upkeep\n|\n|t:|1776446856\n|switch|p1b: Araquanid|Araquanid, L50, M|22/100\n|turn|11\n|\n|t:|1776446871\n|move|p1a: Arcanine|Flamethrower|p2a: Incineroar\n|-resisted|p2a: Incineroar|1\n|-damage|p2a: Incineroar|57/100\n|move|p2b: Floette|Moonblast|p1b: Araquanid\n|-damage|p1b: Araquanid|0 fnt\n|faint|p1b: Araquanid\n|move|p2a: Incineroar|Flare Blitz|p1a: Arcanine\n|-resisted|p1a: Arcanine|1\n|-crit|p1a: Arcanine\n|-damage|p1a: Arcanine|49/100\n|-damage|p2a: Incineroar|46/100|[from] Recoil\n|\n|-damage|p2b: Floette|32/100|[from] move: Fire Spin|[partiallytrapped]\n|upkeep\n|turn|12\n|\n|t:|1776446885\n|move|p1a: Arcanine|Morning Sun|p1a: Arcanine\n|-heal|p1a: Arcanine|99/100\n|move|p2b: Floette|Moonblast|p1a: Arcanine\n|-resisted|p1a: Arcanine|1\n|-damage|p1a: Arcanine|38/100\n|move|p2a: Incineroar|Flare Blitz|p1a: Arcanine\n|-resisted|p1a: Arcanine|1\n|-damage|p1a: Arcanine|24/100\n|-damage|p2a: Incineroar|41/100|[from] Recoil\n|\n|-damage|p2b: Floette|20/100|[from] move: Fire Spin|[partiallytrapped]\n|upkeep\n|turn|13\n|\n|t:|1776446899\n|move|p1a: Arcanine|Morning Sun|p1a: Arcanine\n|-heal|p1a: Arcanine|74/100\n|move|p2b: Floette|Moonblast|p1a: Arcanine\n|-resisted|p1a: Arcanine|1\n|-damage|p1a: Arcanine|13/100\n|move|p2a: Incineroar|Flare Blitz|p1a: Arcanine\n|-resisted|p1a: Arcanine|1\n|-damage|p1a: Arcanine|0 fnt\n|faint|p1a: Arcanine\n|-damage|p2a: Incineroar|37/100|[from] Recoil\n|\n|win|realcomrade379\n|n|\u2606buglover9|buglover9\n|n|\u2606realcomrade379|realcomrade379\n",
  "uploadtime": 1776446906,
  "views": 23,
  "formatid": "gen9championsvgc2026regma",
  "rating": null,
  "private": 0,
  "password": null
}