{
  "id": "gen9championsvgc2026regma-2582956311",
  "format": "[Gen 9 Champions] VGC 2026 Reg M-A",
  "players": [
    "Darklady_Liz",
    "loklastaji"
  ],
  "log": "|j|\u2606Darklady_Liz\n|j|\u2606loklastaji\n|t:|1776128278\n|gametype|doubles\n|player|p1|Darklady_Liz|miku-ghost|1231\n|player|p2|loklastaji|102|1255\n|gen|9\n|tier|[Gen 9 Champions] VGC 2026 Reg M-A\n|rated|\n|rule|Species Clause: Limit one of each Pok\u00e9mon\n|rule|Item Clause: Limit 1 of each item\n|clearpoke\n|poke|p1|Gardevoir, L50, F|\n|poke|p1|Meowstic, L50, M|\n|poke|p1|Sneasler, L50, M|\n|poke|p1|Garchomp, L50, M|\n|poke|p1|Talonflame, L50, F|\n|poke|p1|Kingambit, L50, F|\n|poke|p2|Samurott-Hisui, L50, F|\n|poke|p2|Mamoswine, L50, F|\n|poke|p2|Delphox, L50, F|\n|poke|p2|Tsareena, L50, F|\n|poke|p2|Corviknight, L50, F|\n|poke|p2|Altaria, L50, M|\n|teampreview|4\n|\n|t:|1776128308\n|teamsize|p1|4\n|teamsize|p2|4\n|start\n|switch|p1a: Talonflame|Talonflame, L50, F|100/100\n|switch|p1b: Garchomp|Garchomp, L50, M|100/100\n|switch|p2a: Mamoswine|Mamoswine, L50, F|100/100\n|switch|p2b: Samurott|Samurott-Hisui, L50, F|100/100\n|turn|1\n|\n|t:|1776128331\n|move|p2a: Mamoswine|Ice Shard|p1b: Garchomp\n|-supereffective|p1b: Garchomp|2\n|-damage|p1b: Garchomp|24/100\n|move|p1a: Talonflame|Tailwind|p1a: Talonflame\n|-sidestart|p1: Darklady_Liz|move: Tailwind\n|move|p1b: Garchomp|Rock Slide|p2b: Samurott|[spread] p2a\n|-miss|p1b: Garchomp|p2b: Samurott\n|-damage|p2a: Mamoswine|77/100\n|move|p2b: Samurott|Aqua Cutter|p1a: Talonflame\n|-supereffective|p1a: Talonflame|1\n|-crit|p1a: Talonflame\n|-enditem|p1a: Talonflame|Focus Sash\n|-damage|p1a: Talonflame|1/100\n|\n|upkeep\n|turn|2\n|\n|t:|1776128354\n|move|p2a: Mamoswine|Ice Shard|p1a: Talonflame\n|-damage|p1a: Talonflame|0 fnt\n|faint|p1a: Talonflame\n|move|p2b: Samurott|Sucker Punch|p1b: Garchomp\n|-damage|p1b: Garchomp|0 fnt\n|-damage|p2b: Samurott|88/100|[from] ability: Rough Skin|[of] p1b: Garchomp\n|faint|p1b: Garchomp\n|\n|upkeep\n|\n|t:|1776128361\n|switch|p1a: Gardevoir|Gardevoir, L50, F, shiny|100/100\n|switch|p1b: Sneasler|Sneasler, L50, M|100/100\n|turn|3\n|\n|t:|1776128382\n|switch|p2a: Delphox|Delphox, L50, F|100/100\n|detailschange|p1a: Gardevoir|Gardevoir-Mega, L50, F, shiny\n|-mega|p1a: Gardevoir|Gardevoir|Gardevoirite\n|move|p1b: Sneasler|Fake Out|p2b: Samurott\n|-damage|p2b: Samurott|72/100\n|cant|p2b: Samurott|flinch\n|move|p1a: Gardevoir|Hyper Voice|p2b: Samurott|[spread] p2a,p2b\n|-resisted|p2a: Delphox|1\n|-supereffective|p2b: Samurott|1\n|-damage|p2a: Delphox|68/100\n|-damage|p2b: Samurott|0 fnt\n|faint|p2b: Samurott\n|\n|upkeep\n|\n|t:|1776128397\n|switch|p2b: Tsareena|Tsareena, L50, F|100/100\n|turn|4\n|\n|t:|1776128403\n|move|p2a: Delphox|Protect|p2a: Delphox\n|-singleturn|p2a: Delphox|Protect\n|move|p2b: Tsareena|Protect|p2b: Tsareena\n|-singleturn|p2b: Tsareena|Protect\n|move|p1b: Sneasler|Rock Tomb|p2a: Delphox\n|-activate|p2a: Delphox|move: Protect\n|move|p1a: Gardevoir|Hyper Voice|p2b: Tsareena|[spread] \n|-activate|p2a: Delphox|move: Protect\n|-activate|p2b: Tsareena|move: Protect\n|\n|-sideend|p1: Darklady_Liz|move: Tailwind\n|upkeep\n|turn|5\n|\n|t:|1776128425\n|detailschange|p2a: Delphox|Delphox-Mega, L50, F\n|-mega|p2a: Delphox|Delphox|Delphoxite\n|move|p1a: Gardevoir|Protect|p1a: Gardevoir\n|-singleturn|p1a: Gardevoir|Protect\n|move|p2a: Delphox|Psychic|p1b: Sneasler\n|-supereffective|p1b: Sneasler|2\n|-damage|p1b: Sneasler|0 fnt\n|faint|p1b: Sneasler\n|move|p2b: Tsareena|Power Whip|p1a: Gardevoir\n|-activate|p1a: Gardevoir|move: Protect\n|\n|upkeep\n|turn|6\n|-message|Darklady_Liz forfeited.\n|\n|win|loklastaji\n|raw|Darklady_Liz's rating: 1231 &rarr; <strong>1208</strong><br />(-23 for losing)\n|raw|loklastaji's rating: 1255 &rarr; <strong>1278</strong><br />(+23 for winning)\n",
  "uploadtime": 1776128438,
  "views": 23,
  "formatid": "gen9championsvgc2026regma",
  "rating": 1208,
  "private": 0,
  "password": null
}