{
  "id": "gen9championsvgc2026regma-2584358202",
  "format": "[Gen 9 Champions] VGC 2026 Reg M-A",
  "players": [
    "sisi1",
    "zordjegk"
  ],
  "log": "|j|\u2606sisi1\n|j|\u2606zordjegk\n|t:|1776254597\n|gametype|doubles\n|player|p1|sisi1|dawn|1142\n|player|p2|zordjegk|101|1048\n|gen|9\n|tier|[Gen 9 Champions] VGC 2026 Reg M-A\n|rated|\n|rule|Species Clause: Limit one of each Pok\u00e9mon\n|rule|Item Clause: Limit 1 of each item\n|clearpoke\n|poke|p1|Maushold, L50|\n|poke|p1|Meowstic, L50, M|\n|poke|p1|Basculegion, L50, M|\n|poke|p1|Talonflame, L50, F|\n|poke|p1|Alakazam, L50, M|\n|poke|p1|Gallade, L50, M|\n|poke|p2|Aerodactyl, L50, F|\n|poke|p2|Aegislash, L50, F|\n|poke|p2|Chandelure, L50, M|\n|poke|p2|Blastoise, L50, F|\n|poke|p2|Sneasler, L50, M|\n|poke|p2|Meowscarada, L50, F|\n|teampreview|4\n|\n|t:|1776254643\n|teamsize|p1|4\n|teamsize|p2|4\n|start\n|switch|p1a: Talonflame|Talonflame, L50, F|100/100\n|switch|p1b: Gallade|Gallade, L50, M|100/100\n|switch|p2a: Aerodactyl|Aerodactyl, L50, F|100/100\n|switch|p2b: Blastoise|Blastoise, L50, F|100/100\n|-ability|p2a: Aerodactyl|Unnerve\n|turn|1\n|\n|t:|1776254666\n|detailschange|p2b: Blastoise|Blastoise-Mega, L50, F\n|-mega|p2b: Blastoise|Blastoise|Blastoisinite\n|move|p1a: Talonflame|Tailwind|p1a: Talonflame\n|-sidestart|p1: sisi1|move: Tailwind\n|move|p1b: Gallade|Sacred Sword|p2a: Aerodactyl\n|-enditem|p2a: Aerodactyl|Focus Sash\n|-damage|p2a: Aerodactyl|1/100\n|move|p2a: Aerodactyl|Tailwind|p2a: Aerodactyl\n|-sidestart|p2: zordjegk|move: Tailwind\n|move|p2b: Blastoise|Shell Smash|p2b: Blastoise\n|-unboost|p2b: Blastoise|def|1\n|-unboost|p2b: Blastoise|spd|1\n|-boost|p2b: Blastoise|atk|2\n|-boost|p2b: Blastoise|spa|2\n|-boost|p2b: Blastoise|spe|2\n|\n|upkeep\n|turn|2\n|\n|t:|1776254704\n|move|p1b: Gallade|Wide Guard|p1b: Gallade\n|-singleturn|p1b: Gallade|Wide Guard\n|move|p1a: Talonflame|Brave Bird|p2a: Aerodactyl\n|-resisted|p2a: Aerodactyl|1\n|-damage|p2a: Aerodactyl|0 fnt\n|faint|p2a: Aerodactyl\n|-damage|p1a: Talonflame|99/100|[from] Recoil\n|move|p2b: Blastoise|Water Spout|p1b: Gallade|[spread] \n|-activate|p1a: Talonflame|move: Wide Guard\n|-activate|p1b: Gallade|move: Wide Guard\n|\n|upkeep\n|\n|t:|1776254734\n|switch|p2a: Sneasler|Sneasler, L50, M|100/100\n|turn|3\n|\n|t:|1776254744\n|move|p1a: Talonflame|Protect|p1a: Talonflame\n|-singleturn|p1a: Talonflame|Protect\n|move|p2a: Sneasler|Fake Out|p1b: Gallade\n|-damage|p1b: Gallade|82/100\n|cant|p1b: Gallade|flinch\n|move|p2b: Blastoise|Water Spout|p1b: Gallade|[spread] p1b\n|-activate|p1a: Talonflame|move: Protect\n|-damage|p1b: Gallade|0 fnt\n|faint|p1b: Gallade\n|\n|upkeep\n|\n|t:|1776254757\n|switch|p1b: Meowstic|Meowstic, L50, M|100/100\n|turn|4\n|\n|t:|1776254771\n|move|p1b: Meowstic|Fake Out|p2b: Blastoise\n|-damage|p2b: Blastoise|94/100\n|cant|p2b: Blastoise|flinch\n|move|p1a: Talonflame|Brave Bird|p2b: Blastoise\n|-damage|p2b: Blastoise|18/100\n|-damage|p1a: Talonflame|74/100|[from] Recoil\n|move|p2a: Sneasler|Throat Chop|p1b: Meowstic\n|-supereffective|p1b: Meowstic|1\n|-damage|p1b: Meowstic|47/100\n|-start|p1b: Meowstic|Throat Chop|[silent]\n|\n|-sideend|p2: zordjegk|move: Tailwind\n|-sideend|p1: sisi1|move: Tailwind\n|upkeep\n|turn|5\n|\n|t:|1776254804\n|move|p1b: Meowstic|Psychic Terrain|p1b: Meowstic\n|-fieldstart|move: Psychic Terrain\n|move|p2b: Blastoise|Dark Pulse|p1b: Meowstic\n|-supereffective|p1b: Meowstic|1\n|-damage|p1b: Meowstic|0 fnt\n|faint|p1b: Meowstic\n|move|p1a: Talonflame|Tailwind|p1a: Talonflame\n|-sidestart|p1: sisi1|move: Tailwind\n|move|p2a: Sneasler|Throat Chop|p1a: Talonflame\n|-damage|p1a: Talonflame|29/100\n|-start|p1a: Talonflame|Throat Chop|[silent]\n|\n|upkeep\n|\n|t:|1776254813\n|switch|p1b: Alakazam|Alakazam, L50, M|100/100\n|turn|6\n|\n|t:|1776254825\n|detailschange|p1b: Alakazam|Alakazam-Mega, L50, M\n|-mega|p1b: Alakazam|Alakazam|Alakazite\n|-ability|p1b: Alakazam|Unburden|Trace|[from] ability: Trace|[of] p2a: Sneasler\n|move|p1b: Alakazam|Expanding Force|p2a: Sneasler|[spread] p2a,p2b\n|-supereffective|p2a: Sneasler|2\n|-damage|p2a: Sneasler|0 fnt\n|-damage|p2b: Blastoise|0 fnt\n|faint|p2a: Sneasler\n|faint|p2b: Blastoise\n|move|p1a: Talonflame|Brave Bird|p2: Sneasler|[notarget]\n|-fail|p1a: Talonflame\n|\n|-end|p1a: Talonflame|Throat Chop|[silent]\n|upkeep\n|\n|t:|1776254837\n|switch|p2a: Chandelure|Chandelure, L50, M|100/100\n|turn|7\n|\n|t:|1776254850\n|move|p1b: Alakazam|Expanding Force|p2a: Chandelure\n|-crit|p2a: Chandelure\n|-damage|p2a: Chandelure|0 fnt\n|faint|p2a: Chandelure\n|\n|win|sisi1\n|raw|sisi1's rating: 1142 &rarr; <strong>1160</strong><br />(+18 for winning)\n|raw|zordjegk's rating: 1048 &rarr; <strong>1035</strong><br />(-13 for losing)\n",
  "uploadtime": 1776254858,
  "views": 23,
  "formatid": "gen9championsvgc2026regma",
  "rating": 1035,
  "private": 0,
  "password": null
}