{
  "id": "gen9championsvgc2026regma-2589401412",
  "format": "[Gen 9 Champions] VGC 2026 Reg M-A",
  "players": [
    "hfjolffckudbl",
    "test18182"
  ],
  "log": "|j|\u2606hfjolffckudbl\n|j|\u2606test18182\n|t:|1776719971\n|gametype|doubles\n|player|p1|hfjolffckudbl|jasmine|1262\n|player|p2|test18182|265|1306\n|gen|9\n|tier|[Gen 9 Champions] VGC 2026 Reg M-A\n|rated|\n|rule|Species Clause: Limit one of each Pok\u00e9mon\n|rule|Item Clause: Limit 1 of each item\n|clearpoke\n|poke|p1|Skarmory, L50, M|\n|poke|p1|Sinistcha-Masterpiece, L50|\n|poke|p1|Garchomp, L50, F|\n|poke|p1|Tyranitar, L50, M|\n|poke|p1|Raichu, L50, F|\n|poke|p1|Gyarados, L50, F|\n|poke|p2|Sneasler, L50, F|\n|poke|p2|Zoroark-Hisui, L50, F|\n|poke|p2|Dragonite, L50, F|\n|poke|p2|Kingambit, L50, F|\n|poke|p2|Froslass, L50, F|\n|poke|p2|Azumarill, L50, M|\n|teampreview|4\n|\n|t:|1776719996\n|teamsize|p1|4\n|teamsize|p2|4\n|start\n|switch|p1a: Skarmory|Skarmory, L50, M|100/100\n|switch|p1b: Tyranitar|Tyranitar, L50, M|100/100\n|switch|p2a: Sneasler|Sneasler, L50, F|100/100\n|switch|p2b: Kingambit|Kingambit, L50, F|100/100\n|-weather|Sandstorm|[from] ability: Sand Stream|[of] p1b: Tyranitar\n|turn|1\n|inactive|Battle timer is ON: inactive players will automatically lose when time's up. (requested by test18182)\n|\n|t:|1776720019\n|move|p1a: Skarmory|Protect|p1a: Skarmory\n|-singleturn|p1a: Skarmory|Protect\n|move|p1b: Tyranitar|Protect|p1b: Tyranitar\n|-singleturn|p1b: Tyranitar|Protect\n|move|p2b: Kingambit|Protect|p2b: Kingambit\n|-singleturn|p2b: Kingambit|Protect\n|move|p2a: Sneasler|Bitter Malice|p1a: Skarmory\n|-activate|p1a: Skarmory|move: Protect\n|\n|-weather|Sandstorm|[upkeep]\n|-damage|p2a: Sneasler|94/100|[from] Sandstorm\n|upkeep\n|turn|2\n|\n|t:|1776720044\n|switch|p2b: Dragonite|Dragonite, L50, F|100/100\n|detailschange|p1a: Skarmory|Skarmory-Mega, L50, M\n|-mega|p1a: Skarmory|Skarmory|Skarmorite\n|move|p2a: Sneasler|Bitter Malice|p1a: Skarmory\n|-damage|p1a: Skarmory|50/100\n|-unboost|p1a: Skarmory|atk|1\n|move|p1a: Skarmory|Swords Dance|p1a: Skarmory\n|-boost|p1a: Skarmory|atk|2\n|move|p1b: Tyranitar|Knock Off|p2a: Sneasler\n|-supereffective|p2a: Sneasler|1\n|-damage|p2a: Sneasler|0 fnt\n|replace|p2a: Zoroark|Zoroark-Hisui, L50, F\n|-end|p2a: Zoroark|Illusion\n|-enditem|p2a: Zoroark|Focus Sash|[from] move: Knock Off|[of] p1b: Tyranitar\n|faint|p2a: Zoroark\n|\n|-weather|Sandstorm|[upkeep]\n|-damage|p2b: Dragonite|95/100|[from] Sandstorm\n|upkeep\n|\n|t:|1776720061\n|switch|p2a: Sneasler|Sneasler, L50, F|100/100\n|turn|3\n|\n|t:|1776720079\n|switch|p1b: Sinistcha|Sinistcha-Masterpiece, L50|100/100\n|-heal|p1a: Skarmory|74/100|[from] ability: Hospitality|[of] p1b: Sinistcha\n|detailschange|p2b: Dragonite|Dragonite-Mega, L50, F\n|-mega|p2b: Dragonite|Dragonite|Dragoninite\n|move|p2a: Sneasler|Fake Out|p1a: Skarmory\n|-resisted|p1a: Skarmory|1\n|-damage|p1a: Skarmory|66/100\n|cant|p1a: Skarmory|flinch\n|move|p2b: Dragonite|Heat Wave|p1b: Sinistcha|[spread] p1a,p1b\n|-supereffective|p1a: Skarmory|1\n|-supereffective|p1b: Sinistcha|1\n|-damage|p1a: Skarmory|0 fnt\n|-damage|p1b: Sinistcha|48/100\n|-enditem|p1b: Sinistcha|Sitrus Berry|[eat]\n|-heal|p1b: Sinistcha|72/100|[from] item: Sitrus Berry\n|faint|p1a: Skarmory\n|\n|-weather|Sandstorm|[upkeep]\n|-damage|p2a: Sneasler|95/100|[from] Sandstorm\n|-damage|p2b: Dragonite|89/100|[from] Sandstorm\n|-damage|p1b: Sinistcha|66/100|[from] Sandstorm\n|upkeep\n|\n|t:|1776720096\n|switch|p1a: Garchomp|Garchomp, L50, F|100/100\n|turn|4\n|\n|t:|1776720107\n|move|p2a: Sneasler|Protect|p2a: Sneasler\n|-singleturn|p2a: Sneasler|Protect\n|move|p1a: Garchomp|Rock Slide|p2b: Dragonite|[spread] p2b\n|-activate|p2a: Sneasler|move: Protect\n|-supereffective|p2b: Dragonite|1\n|-damage|p2b: Dragonite|56/100\n|cant|p2b: Dragonite|flinch\n|move|p1b: Sinistcha|Matcha Gotcha|p2b: Dragonite|[spread] p2b\n|-activate|p2a: Sneasler|move: Protect\n|-resisted|p2b: Dragonite|2\n|-damage|p2b: Dragonite|50/100\n|-heal|p1b: Sinistcha|69/100|[from] drain|[of] p2b: Dragonite\n|\n|-weather|Sandstorm|[upkeep]\n|-damage|p2a: Sneasler|89/100|[from] Sandstorm\n|-damage|p2b: Dragonite|45/100|[from] Sandstorm\n|-damage|p1b: Sinistcha|63/100|[from] Sandstorm\n|upkeep\n|turn|5\n|\n|t:|1776720126\n|move|p1b: Sinistcha|Rage Powder|p1b: Sinistcha\n|-singleturn|p1b: Sinistcha|move: Rage Powder\n|move|p1a: Garchomp|Rock Slide|p2a: Sneasler|[spread] p2a,p2b\n|-resisted|p2a: Sneasler|1\n|-supereffective|p2b: Dragonite|1\n|-damage|p2a: Sneasler|72/100\n|-damage|p2b: Dragonite|8/100\n|move|p2a: Sneasler|Dire Claw|p1b: Sinistcha\n|-damage|p1b: Sinistcha|20/100\n|move|p2b: Dragonite|Draco Meteor|p1b: Sinistcha\n|-damage|p1b: Sinistcha|0 fnt\n|-unboost|p2b: Dragonite|spa|2\n|faint|p1b: Sinistcha\n|\n|-weather|none\n|upkeep\n|\n|t:|1776720138\n|switch|p1b: Tyranitar|Tyranitar, L50, M|100/100\n|-weather|Sandstorm|[from] ability: Sand Stream|[of] p1b: Tyranitar\n|turn|6\n|\n|t:|1776720147\n|move|p2a: Sneasler|Protect|p2a: Sneasler\n|-singleturn|p2a: Sneasler|Protect\n|move|p1b: Tyranitar|Protect|p1b: Tyranitar\n|-singleturn|p1b: Tyranitar|Protect\n|move|p1a: Garchomp|Rock Slide|p2b: Dragonite|[spread] \n|-activate|p2a: Sneasler|move: Protect\n|-miss|p1a: Garchomp|p2b: Dragonite\n|move|p2b: Dragonite|Draco Meteor|p1a: Garchomp\n|-supereffective|p1a: Garchomp|1\n|-damage|p1a: Garchomp|6/100\n|-unboost|p2b: Dragonite|spa|2\n|\n|-weather|Sandstorm|[upkeep]\n|-damage|p2a: Sneasler|66/100|[from] Sandstorm\n|-damage|p2b: Dragonite|2/100|[from] Sandstorm\n|upkeep\n|turn|7\n|\n|t:|1776720167\n|move|p1a: Garchomp|Rock Slide|p2a: Sneasler|[spread] p2b\n|-miss|p1a: Garchomp|p2a: Sneasler\n|-supereffective|p2b: Dragonite|1\n|-damage|p2b: Dragonite|0 fnt\n|faint|p2b: Dragonite\n|move|p2a: Sneasler|Close Combat|p1b: Tyranitar\n|-supereffective|p1b: Tyranitar|2\n|-damage|p1b: Tyranitar|0 fnt\n|-unboost|p2a: Sneasler|def|1\n|-unboost|p2a: Sneasler|spd|1\n|faint|p1b: Tyranitar\n|-enditem|p2a: Sneasler|White Herb\n|-clearnegativeboost|p2a: Sneasler|[silent]\n|\n|-weather|Sandstorm|[upkeep]\n|-damage|p2a: Sneasler|60/100|[from] Sandstorm\n|upkeep\n|\n|t:|1776720174\n|switch|p2b: Kingambit|Kingambit, L50, F|100/100\n|turn|8\n|-message|hfjolffckudbl forfeited.\n|\n|win|test18182\n|raw|hfjolffckudbl's rating: 1262 &rarr; <strong>1240</strong><br />(-22 for losing)\n|raw|test18182's rating: 1306 &rarr; <strong>1323</strong><br />(+17 for winning)\n|l|\u2606hfjolffckudbl\n|player|p1|\n",
  "uploadtime": 1776720180,
  "views": 6,
  "formatid": "gen9championsvgc2026regma",
  "rating": 1240,
  "private": 0,
  "password": null
}