{
  "id": "gen9championsvgc2026regma-2585030308",
  "format": "[Gen 9 Champions] VGC 2026 Reg M-A",
  "players": [
    "eag233",
    "Alliengt"
  ],
  "log": "|j|\u2606eag233\n|j|\u2606Alliengt\n|t:|1776304912\n|gametype|doubles\n|player|p1|eag233|n|1006\n|player|p2|Alliengt|1|1000\n|gen|9\n|tier|[Gen 9 Champions] VGC 2026 Reg M-A\n|rated|\n|rule|Species Clause: Limit one of each Pok\u00e9mon\n|rule|Item Clause: Limit 1 of each item\n|clearpoke\n|poke|p1|Sneasler, L50, M|\n|poke|p1|Vivillon, L50, F|\n|poke|p1|Garchomp, L50, M|\n|poke|p1|Incineroar, L50, F|\n|poke|p1|Dragonite, L50, F|\n|poke|p1|Sylveon, L50, F|\n|poke|p2|Starmie, L50|\n|poke|p2|Primarina, L50, F|\n|poke|p2|Aurorus, L50, F|\n|poke|p2|Sylveon, L50, M|\n|poke|p2|Glalie, L50, F|\n|poke|p2|Alakazam, L50, F|\n|teampreview|4\n|\n|t:|1776304950\n|teamsize|p1|4\n|teamsize|p2|4\n|start\n|switch|p1a: Vivillon|Vivillon, L50, F|100/100\n|switch|p1b: Garchomp|Garchomp, L50, M|100/100\n|switch|p2a: Alakazam|Alakazam, L50, F|100/100\n|switch|p2b: Aurorus|Aurorus, L50, F|100/100\n|turn|1\n|\n|t:|1776304974\n|detailschange|p2a: Alakazam|Alakazam-Mega, L50, F\n|-mega|p2a: Alakazam|Alakazam|Alakazite\n|-ability|p2a: Alakazam|Rough Skin|Trace|[from] ability: Trace|[of] p1b: Garchomp\n|move|p1b: Garchomp|Earthquake|p2a: Alakazam|[spread] p2a,p2b\n|-immune|p1a: Vivillon\n|-supereffective|p2b: Aurorus|1\n|-damage|p2a: Alakazam|26/100\n|-damage|p2b: Aurorus|34/100\n|move|p2a: Alakazam|Round|p1a: Vivillon\n|-crit|p1a: Vivillon\n|-damage|p1a: Vivillon|16/100\n|move|p2b: Aurorus|Round|p1b: Garchomp|[from] move: Round\n|-supereffective|p1b: Garchomp|2\n|-damage|p1b: Garchomp|0 fnt\n|faint|p1b: Garchomp\n|move|p1a: Vivillon|Pollen Puff|p2a: Alakazam\n|-supereffective|p2a: Alakazam|1\n|-damage|p2a: Alakazam|0 fnt\n|faint|p2a: Alakazam\n|\n|upkeep\n|\n|t:|1776304997\n|switch|p2a: Primarina|Primarina, L50, F|100/100\n|switch|p1b: Incineroar|Incineroar, L50, F|100/100\n|-ability|p1b: Incineroar|Intimidate|boost\n|-unboost|p2a: Primarina|atk|1\n|-unboost|p2b: Aurorus|atk|1\n|turn|2\n|\n|t:|1776305039\n|move|p2b: Aurorus|Protect|p2b: Aurorus\n|-singleturn|p2b: Aurorus|Protect\n|move|p1b: Incineroar|Fake Out|p2a: Primarina\n|-damage|p2a: Primarina|84/100\n|move|p1a: Vivillon|Pollen Puff|p2b: Aurorus\n|-activate|p2b: Aurorus|move: Protect\n|cant|p2a: Primarina|flinch\n|\n|upkeep\n|turn|3\n|\n|t:|1776305063\n|move|p1a: Vivillon|Protect|p1a: Vivillon\n|-singleturn|p1a: Vivillon|Protect\n|move|p1b: Incineroar|Parting Shot|p2a: Primarina\n|-unboost|p2a: Primarina|atk|1\n|-unboost|p2a: Primarina|spa|1\n|\n|t:|1776305069\n|switch|p1b: Dragonite|Dragonite, L50, F|100/100|[from] Parting Shot\n|move|p2a: Primarina|Round|p1b: Dragonite\n|-resisted|p1b: Dragonite|1\n|-damage|p1b: Dragonite|95/100\n|move|p2b: Aurorus|Round|p1a: Vivillon|[from] move: Round\n|-activate|p1a: Vivillon|move: Protect\n|\n|upkeep\n|turn|4\n|\n|t:|1776305095\n|detailschange|p1b: Dragonite|Dragonite-Mega, L50, F\n|-mega|p1b: Dragonite|Dragonite|Dragoninite\n|move|p1b: Dragonite|Fire Blast|p2b: Aurorus\n|-damage|p2b: Aurorus|0 fnt\n|faint|p2b: Aurorus\n|move|p1a: Vivillon|Pollen Puff|p1b: Dragonite\n|-heal|p1b: Dragonite|100/100\n|move|p2a: Primarina|Moonblast|p1b: Dragonite\n|-supereffective|p1b: Dragonite|1\n|-damage|p1b: Dragonite|75/100\n|\n|upkeep\n|\n|t:|1776305109\n|switch|p2b: Sylveon|Sylveon, L50, M|100/100\n|turn|5\n|\n|t:|1776305142\n|move|p1a: Vivillon|Protect|p1a: Vivillon\n|-singleturn|p1a: Vivillon|Protect\n|move|p1b: Dragonite|Fire Blast|p2b: Sylveon\n|-damage|p2b: Sylveon|69/100\n|move|p2b: Sylveon|Round|p1b: Dragonite\n|-supereffective|p1b: Dragonite|1\n|-damage|p1b: Dragonite|14/100\n|move|p2a: Primarina|Round|p1a: Vivillon|[from] move: Round\n|-activate|p1a: Vivillon|move: Protect\n|\n|upkeep\n|turn|6\n|\n|t:|1776305168\n|move|p1b: Dragonite|Extreme Speed|p2a: Primarina\n|-damage|p2a: Primarina|60/100\n|move|p1a: Vivillon|Air Slash|p2a: Primarina\n|-damage|p2a: Primarina|36/100\n|move|p2b: Sylveon|Round|p1b: Dragonite\n|-supereffective|p1b: Dragonite|1\n|-damage|p1b: Dragonite|0 fnt\n|faint|p1b: Dragonite\n|cant|p2a: Primarina|flinch\n|\n|upkeep\n|\n|t:|1776305179\n|switch|p1b: Incineroar|Incineroar, L50, F|100/100\n|-ability|p1b: Incineroar|Intimidate|boost\n|-unboost|p2a: Primarina|atk|1\n|-unboost|p2b: Sylveon|atk|1\n|turn|7\n|\n|t:|1776305203\n|move|p1a: Vivillon|Protect|p1a: Vivillon\n|-singleturn|p1a: Vivillon|Protect\n|move|p2b: Sylveon|Mystical Fire|p1a: Vivillon\n|-activate|p1a: Vivillon|move: Protect\n|move|p2a: Primarina|Life Dew|p2a: Primarina|[spread] p2a,p2b\n|-heal|p2a: Primarina|61/100\n|-heal|p2b: Sylveon|95/100\n|move|p1b: Incineroar|Flare Blitz|p2b: Sylveon\n|-damage|p2b: Sylveon|17/100\n|-damage|p1b: Incineroar|75/100|[from] Recoil\n|\n|upkeep\n|turn|8\n|\n|t:|1776305236\n|move|p1a: Vivillon|Air Slash|p2b: Sylveon|[miss]\n|-miss|p1a: Vivillon|p2b: Sylveon\n|move|p2b: Sylveon|Round|p1b: Incineroar\n|-damage|p1b: Incineroar|44/100\n|-enditem|p1b: Incineroar|Sitrus Berry|[eat]\n|-heal|p1b: Incineroar|68/100|[from] item: Sitrus Berry\n|move|p2a: Primarina|Round|p1b: Incineroar|[from] move: Round\n|-supereffective|p1b: Incineroar|1\n|-damage|p1b: Incineroar|0 fnt\n|faint|p1b: Incineroar\n|\n|upkeep\n|turn|9\n|-message|eag233 forfeited.\n|\n|win|Alliengt\n|raw|eag233's rating: 1006 &rarr; <strong>1000</strong><br />(-6 for losing)\n|raw|Alliengt's rating: 1000 &rarr; <strong>1041</strong><br />(+41 for winning)\n|l|\u2606eag233\n|player|p1|\n",
  "uploadtime": 1776305253,
  "views": 31,
  "formatid": "gen9championsvgc2026regma",
  "rating": 1000,
  "private": 0,
  "password": null
}