{
  "id": "gen9championsvgc2026regma-2588713315",
  "format": "[Gen 9 Champions] VGC 2026 Reg M-A",
  "players": [
    "TheMoonestOne",
    "W1SHFUL"
  ],
  "log": "|j|\u2606TheMoonestOne\n|j|\u2606W1SHFUL\n|t:|1776660910\n|gametype|doubles\n|player|p1|TheMoonestOne|101|1182\n|player|p2|W1SHFUL|guitarist|1167\n|gen|9\n|tier|[Gen 9 Champions] VGC 2026 Reg M-A\n|rated|\n|rule|Species Clause: Limit one of each Pok\u00e9mon\n|rule|Item Clause: Limit 1 of each item\n|clearpoke\n|poke|p1|Araquanid, L50, F|\n|poke|p1|Scizor, L50, M|\n|poke|p1|Volcarona, L50, F|\n|poke|p1|Kleavor, L50, M|\n|poke|p1|Vivillon, L50, M|\n|poke|p1|Beedrill, L50, M|\n|poke|p2|Froslass, L50, F|\n|poke|p2|Rotom-Frost, L50, shiny|\n|poke|p2|Garchomp, L50, F|\n|poke|p2|Empoleon, L50, F|\n|poke|p2|Incineroar, L50, F|\n|poke|p2|Kingambit, L50, M|\n|teampreview|4\n|\n|t:|1776660932\n|teamsize|p1|4\n|teamsize|p2|4\n|start\n|switch|p1a: Araquanid|Araquanid, L50, F|100/100\n|switch|p1b: Scizor|Scizor, L50, M|100/100\n|switch|p2a: Incineroar|Incineroar, L50, F|100/100\n|switch|p2b: Garchomp|Garchomp, L50, F|100/100\n|-ability|p2a: Incineroar|Intimidate|boost\n|-unboost|p1a: Araquanid|atk|1\n|-unboost|p1b: Scizor|atk|1\n|-enditem|p1a: Araquanid|White Herb\n|-clearnegativeboost|p1a: Araquanid|[silent]\n|turn|1\n|inactive|Battle timer is ON: inactive players will automatically lose when time's up. (requested by W1SHFUL)\n|\n|t:|1776660949\n|detailschange|p1b: Scizor|Scizor-Mega, L50, M\n|-mega|p1b: Scizor|Scizor|Scizorite\n|move|p1b: Scizor|Protect|p1b: Scizor\n|-singleturn|p1b: Scizor|Protect\n|move|p2a: Incineroar|Fake Out|p1a: Araquanid\n|-damage|p1a: Araquanid|85/100\n|move|p2b: Garchomp|Rock Slide|p1a: Araquanid|[spread] p1a\n|-activate|p1b: Scizor|move: Protect\n|-supereffective|p1a: Araquanid|1\n|-damage|p1a: Araquanid|37/100\n|cant|p1a: Araquanid|flinch\n|\n|upkeep\n|turn|2\n|\n|t:|1776660970\n|switch|p1b: Kleavor|Kleavor, L50, M|100/100\n|move|p1a: Araquanid|Wide Guard|p1a: Araquanid\n|-singleturn|p1a: Araquanid|Wide Guard\n|move|p2b: Garchomp|Rock Slide|p1b: Kleavor|[spread] \n|-activate|p1a: Araquanid|move: Wide Guard\n|-activate|p1b: Kleavor|move: Wide Guard\n|move|p2a: Incineroar|Flare Blitz|p1b: Kleavor\n|-damage|p1b: Kleavor|16/100\n|-damage|p2a: Incineroar|80/100|[from] Recoil\n|\n|upkeep\n|turn|3\n|\n|t:|1776660994\n|move|p1a: Araquanid|Wide Guard|p1a: Araquanid\n|-singleturn|p1a: Araquanid|Wide Guard\n|move|p1b: Kleavor|Stone Axe|p2a: Incineroar\n|-supereffective|p2a: Incineroar|1\n|-damage|p2a: Incineroar|0 fnt\n|-sidestart|p2: W1SHFUL|move: Stealth Rock\n|faint|p2a: Incineroar\n|move|p2b: Garchomp|Dragon Claw|p1b: Kleavor\n|-damage|p1b: Kleavor|0 fnt\n|faint|p1b: Kleavor\n|\n|upkeep\n|\n|t:|1776661006\n|switch|p1b: Scizor|Scizor-Mega, L50, M|100/100\n|switch|p2a: Rotom|Rotom-Frost, L50, shiny|100/100\n|-damage|p2a: Rotom|76/100|[from] Stealth Rock\n|turn|4\n|\n|t:|1776661016\n|switch|p1a: Vivillon|Vivillon, L50, M|100/100\n|move|p2a: Rotom|Thunderbolt|p1a: Vivillon\n|-supereffective|p1a: Vivillon|1\n|-enditem|p1a: Vivillon|Focus Sash\n|-damage|p1a: Vivillon|1/100\n|move|p2b: Garchomp|Earthquake|p1a: Vivillon|[spread] p1b\n|-immune|p2a: Rotom|[from] ability: Levitate\n|-immune|p1a: Vivillon\n|-damage|p1b: Scizor|76/100\n|move|p1b: Scizor|Swords Dance|p1b: Scizor\n|-boost|p1b: Scizor|atk|2\n|\n|upkeep\n|turn|5\n|\n|t:|1776661040\n|move|p1a: Vivillon|Protect|p1a: Vivillon\n|-singleturn|p1a: Vivillon|Protect\n|move|p1b: Scizor|Bullet Punch|p2a: Rotom\n|-damage|p2a: Rotom|0 fnt\n|faint|p2a: Rotom\n|move|p2b: Garchomp|Rock Slide|p1b: Scizor|[spread] p1b\n|-activate|p1a: Vivillon|move: Protect\n|-damage|p1b: Scizor|65/100\n|\n|upkeep\n|\n|t:|1776661049\n|switch|p2a: Froslass|Froslass, L50, F|100/100\n|-damage|p2a: Froslass|76/100|[from] Stealth Rock\n|turn|6\n|\n|t:|1776661060\n|detailschange|p2a: Froslass|Froslass-Mega, L50, F\n|-mega|p2a: Froslass|Froslass|Froslassite\n|-weather|Snowscape|[from] ability: Snow Warning|[of] p2a: Froslass\n|move|p2a: Froslass|Protect|p2a: Froslass\n|-singleturn|p2a: Froslass|Protect\n|move|p1a: Vivillon|Protect||[still]\n|-fail|p1a: Vivillon\n|move|p1b: Scizor|Bullet Punch|p2a: Froslass\n|-activate|p2a: Froslass|move: Protect\n|move|p2b: Garchomp|Rock Slide|p1b: Scizor|[spread] p1a,p1b\n|-supereffective|p1a: Vivillon|2\n|-damage|p1a: Vivillon|0 fnt\n|-damage|p1b: Scizor|55/100\n|faint|p1a: Vivillon\n|\n|-weather|Snowscape|[upkeep]\n|upkeep\n|\n|t:|1776661077\n|switch|p1a: Araquanid|Araquanid, L50, F|37/100\n|turn|7\n|\n|t:|1776661089\n|move|p1a: Araquanid|Wide Guard|p1a: Araquanid\n|-singleturn|p1a: Araquanid|Wide Guard\n|move|p1b: Scizor|Bullet Punch|p2a: Froslass\n|-supereffective|p2a: Froslass|1\n|-damage|p2a: Froslass|0 fnt\n|faint|p2a: Froslass\n|move|p2b: Garchomp|Rock Slide|p1a: Araquanid|[spread] \n|-activate|p1a: Araquanid|move: Wide Guard\n|-activate|p1b: Scizor|move: Wide Guard\n|\n|-weather|Snowscape|[upkeep]\n|upkeep\n|turn|8\n|\n|t:|1776661103\n|move|p1a: Araquanid|Wide Guard|p1a: Araquanid\n|-singleturn|p1a: Araquanid|Wide Guard\n|move|p2b: Garchomp|Dragon Claw|p1a: Araquanid\n|-damage|p1a: Araquanid|0 fnt\n|faint|p1a: Araquanid\n|move|p1b: Scizor|Bug Bite|p2b: Garchomp\n|-damage|p2b: Garchomp|0 fnt\n|-damage|p1b: Scizor|42/100|[from] ability: Rough Skin|[of] p2b: Garchomp\n|faint|p2b: Garchomp\n|\n|win|TheMoonestOne\n|raw|TheMoonestOne's rating: 1182 &rarr; <strong>1206</strong><br />(+24 for winning)\n|raw|W1SHFUL's rating: 1167 &rarr; <strong>1143</strong><br />(-24 for losing)\n|l|\u2606W1SHFUL\n|player|p2|\n|c|\u2606TheMoonestOne|gg\n",
  "uploadtime": 1776661120,
  "views": 22,
  "formatid": "gen9championsvgc2026regma",
  "rating": 1143,
  "private": 0,
  "password": null
}