{
  "id": "gen9championsvgc2026regma-2586021597",
  "format": "[Gen 9 Champions] VGC 2026 Reg M-A",
  "players": [
    "poobleunderscore",
    "oirgor"
  ],
  "log": "|j|\u2606poobleunderscore\n|j|\u2606oirgor\n|t:|1776391057\n|gametype|doubles\n|player|p1|poobleunderscore|crasherwake|1221\n|player|p2|oirgor|red|1184\n|gen|9\n|tier|[Gen 9 Champions] VGC 2026 Reg M-A\n|rated|\n|rule|Species Clause: Limit one of each Pok\u00e9mon\n|rule|Item Clause: Limit 1 of each item\n|clearpoke\n|poke|p1|Charizard, L50, F|\n|poke|p1|Aerodactyl, L50, F|\n|poke|p1|Rotom-Wash, L50|\n|poke|p1|Ninetales-Alola, L50, M|\n|poke|p1|Scizor, L50, M|\n|poke|p1|Tauros-Paldea-Aqua, L50, M|\n|poke|p2|Gengar, L50, F|\n|poke|p2|Incineroar, L50, M|\n|poke|p2|Sinistcha, L50|\n|poke|p2|Kingambit, L50, M|\n|poke|p2|Tyranitar, L50, F|\n|poke|p2|Kommo-o, L50, F|\n|teampreview|4\noirgor rejected open team sheets.\n|inactive|Battle timer is ON: inactive players will automatically lose when time's up. (requested by oirgor)\n|\n|t:|1776391093\n|teamsize|p1|4\n|teamsize|p2|4\n|start\n|switch|p1a: Charizard|Charizard, L50, F|100/100\n|switch|p1b: Rotom|Rotom-Wash, L50|100/100\n|switch|p2a: Incineroar|Incineroar, L50, M|100/100\n|switch|p2b: Gengar|Gengar, L50, F, shiny|100/100\n|-ability|p2a: Incineroar|Intimidate|boost\n|-unboost|p1a: Charizard|atk|1\n|-unboost|p1b: Rotom|atk|1\n|turn|1\n|inactive|poobleunderscore has 30 seconds left.\n|\n|t:|1776391126\n|detailschange|p2b: Gengar|Gengar-Mega, L50, F, shiny\n|-mega|p2b: Gengar|Gengar|Gengarite\n|detailschange|p1a: Charizard|Charizard-Mega-X, L50, F\n|-mega|p1a: Charizard|Charizard|Charizardite X\n|move|p2a: Incineroar|Fake Out|p1a: Charizard\n|-damage|p1a: Charizard|92/100\n|move|p2b: Gengar|Perish Song|p2b: Gengar\n|-start|p1a: Charizard|perish3|[silent]\n|-start|p1b: Rotom|perish3|[silent]\n|-start|p2a: Incineroar|perish3|[silent]\n|-start|p2b: Gengar|perish3|[silent]\n|-fieldactivate|move: Perish Song\n|cant|p1a: Charizard|flinch\n|move|p1b: Rotom|Hydro Pump|p2a: Incineroar\n|-supereffective|p2a: Incineroar|1\n|-damage|p2a: Incineroar|7/100\n|\n|-start|p2b: Gengar|perish3\n|-start|p1a: Charizard|perish3\n|-start|p1b: Rotom|perish3\n|-start|p2a: Incineroar|perish3\n|upkeep\n|turn|2\n|\n|t:|1776391141\n|move|p2b: Gengar|Protect|p2b: Gengar\n|-singleturn|p2b: Gengar|Protect\n|move|p1a: Charizard|Dragon Dance|p1a: Charizard\n|-boost|p1a: Charizard|atk|1\n|-boost|p1a: Charizard|spe|1\n|move|p1b: Rotom|Volt Switch|p2a: Incineroar\n|-damage|p2a: Incineroar|0 fnt\n|faint|p2a: Incineroar\n|\n|t:|1776391147\n|switch|p1b: Scizor|Scizor, L50, M|100/100|[from] Volt Switch\n|\n|-start|p2b: Gengar|perish2\n|-start|p1a: Charizard|perish2\n|upkeep\n|\n|t:|1776391152\n|switch|p2a: Kingambit|Kingambit, L50, M|100/100\n|turn|3\n|\n|t:|1776391174\n|switch|p2a: Sinistcha|Sinistcha, L50|100/100\n|move|p1b: Scizor|Bullet Punch|p2b: Gengar\n|-damage|p2b: Gengar|45/100\n|move|p2b: Gengar|Shadow Ball|p1a: Charizard\n|-damage|p1a: Charizard|41/100\n|move|p1a: Charizard|Flare Blitz|p2b: Gengar\n|-damage|p2b: Gengar|0 fnt\n|faint|p2b: Gengar\n|-damage|p1a: Charizard|30/100|[from] Recoil\n|\n|-start|p1a: Charizard|perish1\n|upkeep\n|\n|t:|1776391184\n|switch|p2b: Kingambit|Kingambit, L50, M|100/100\n|turn|4\n|\n|t:|1776391205\n|switch|p1a: Rotom|Rotom-Wash, L50|100/100\n|move|p2a: Sinistcha|Rage Powder|p2a: Sinistcha\n|-singleturn|p2a: Sinistcha|move: Rage Powder\n|move|p2b: Kingambit|Low Kick|p1b: Scizor\n|-damage|p1b: Scizor|62/100\n|move|p1b: Scizor|Swords Dance|p1b: Scizor\n|-boost|p1b: Scizor|atk|2\n|\n|upkeep\n|turn|5\n|\n|t:|1776391218\n|move|p2b: Kingambit|Sucker Punch|p1b: Scizor\n|-damage|p1b: Scizor|23/100\n|move|p1a: Rotom|Thunderbolt|p2b: Kingambit\n|-damage|p2b: Kingambit|54/100\n|move|p2a: Sinistcha|Matcha Gotcha|p1b: Scizor|[spread] p1a\n|-miss|p2a: Sinistcha|p1b: Scizor\n|-supereffective|p1a: Rotom|1\n|-damage|p1a: Rotom|43/100\n|-enditem|p1a: Rotom|Sitrus Berry|[eat]\n|-heal|p1a: Rotom|68/100|[from] item: Sitrus Berry\n|move|p1b: Scizor|Bug Bite|p2a: Sinistcha\n|-damage|p2a: Sinistcha|0 fnt\n|-enditem|p2a: Sinistcha|Sitrus Berry|[from] stealeat|[move] Bug Bite|[of] p1b: Scizor\n|-heal|p1b: Scizor|48/100|[from] item: Sitrus Berry\n|faint|p2a: Sinistcha\n|\n|upkeep\n|turn|6\n|\n|t:|1776391236\n|move|p2b: Kingambit|Sucker Punch|p1b: Scizor\n|-crit|p1b: Scizor\n|-damage|p1b: Scizor|0 fnt\n|faint|p1b: Scizor\n|move|p1a: Rotom|Hydro Pump|p2b: Kingambit\n|-damage|p2b: Kingambit|0 fnt\n|faint|p2b: Kingambit\n|\n|win|poobleunderscore\n|raw|poobleunderscore's rating: 1221 &rarr; <strong>1243</strong><br />(+22 for winning)\n|raw|oirgor's rating: 1184 &rarr; <strong>1162</strong><br />(-22 for losing)\n|l|\u2606oirgor\n|player|p2|\n",
  "uploadtime": 1776391319,
  "views": 15,
  "formatid": "gen9championsvgc2026regma",
  "rating": 1162,
  "private": 0,
  "password": null
}