{
  "id": "gen9championsvgc2026regma-2580973374",
  "format": "[Gen 9 Champions] VGC 2026 Reg M-A",
  "players": [
    "kinhopeace",
    "Babykim48"
  ],
  "log": "|j|\u2606kinhopeace\n|j|\u2606Babykim48\n|t:|1775948029\n|gametype|doubles\n|player|p1|kinhopeace|1|1029\n|player|p2|Babykim48|102|1000\n|gen|9\n|tier|[Gen 9 Champions] VGC 2026 Reg M-A\n|rated|\n|rule|Species Clause: Limit one of each Pok\u00e9mon\n|rule|Item Clause: Limit 1 of each item\n|clearpoke\n|poke|p1|Excadrill, L50, M|\n|poke|p1|Tyranitar, L50, F|\n|poke|p1|Sinistcha, L50|\n|poke|p1|Incineroar, L50, F|\n|poke|p1|Milotic, L50, M|\n|poke|p1|Gardevoir, L50, M|\n|poke|p2|Mimikyu, L50, M|\n|poke|p2|Rotom-Wash, L50|\n|poke|p2|Arcanine, L50, M|\n|poke|p2|Sylveon, L50, F|\n|poke|p2|Raichu, L50, F|\n|poke|p2|Gengar, L50, M|\n|teampreview|4\n|inactive|Battle timer is ON: inactive players will automatically lose when time's up. (requested by kinhopeace)\n|\n|t:|1775948056\n|teamsize|p1|4\n|teamsize|p2|4\n|start\n|switch|p1a: Gardevoir|Gardevoir, L50, M|100/100\n|switch|p1b: Milotic|Milotic, L50, M, shiny|100/100\n|switch|p2a: Rotom|Rotom-Wash, L50|100/100\n|switch|p2b: Arcanine|Arcanine, L50, M|100/100\n|-ability|p1a: Gardevoir|Intimidate|Trace|[from] ability: Trace|[of] p2b: Arcanine\n|-ability|p1a: Gardevoir|Intimidate|boost\n|-unboost|p2a: Rotom|atk|1\n|-unboost|p2b: Arcanine|atk|1\n|-ability|p2b: Arcanine|Intimidate|boost\n|-unboost|p1a: Gardevoir|atk|1\n|-unboost|p1b: Milotic|atk|1\n|-ability|p1b: Milotic|Competitive|boost\n|-boost|p1b: Milotic|spa|2\n|turn|1\n|inactive|Babykim48 has 30 seconds left.\n|\n|t:|1775948082\n|move|p2b: Arcanine|Protect|p2b: Arcanine\n|-singleturn|p2b: Arcanine|Protect\n|move|p1a: Gardevoir|Moonblast|p2a: Rotom\n|-damage|p2a: Rotom|59/100\n|move|p2a: Rotom|Thunderbolt|p1b: Milotic\n|-supereffective|p1b: Milotic|1\n|-damage|p1b: Milotic|59/100\n|move|p1b: Milotic|Scald|p2b: Arcanine\n|-activate|p2b: Arcanine|move: Protect\n|\n|-heal|p2a: Rotom|65/100|[from] item: Leftovers\n|-heal|p1b: Milotic|65/100|[from] item: Leftovers\n|upkeep\n|turn|2\n|inactive|Babykim48 has 30 seconds left.\n|\n|t:|1775948113\n|switch|p2b: Raichu|Raichu, L50, F|100/100\n|move|p1a: Gardevoir|Moonblast|p2a: Rotom\n|-damage|p2a: Rotom|18/100\n|move|p2a: Rotom|Thunderbolt|p1b: Milotic\n|-supereffective|p1b: Milotic|1\n|-damage|p1b: Milotic|22/100\n|move|p1b: Milotic|Scald|p2b: Raichu\n|-damage|p2b: Raichu|27/100\n|\n|-heal|p2a: Rotom|24/100|[from] item: Leftovers\n|-heal|p1b: Milotic|28/100|[from] item: Leftovers\n|upkeep\n|turn|3\n|inactive|Babykim48 has 30 seconds left.\n|\n|t:|1775948142\n|switch|p1b: Excadrill|Excadrill, L50, M|100/100\n|move|p1a: Gardevoir|Moonblast|p2b: Raichu\n|-damage|p2b: Raichu|0 fnt\n|faint|p2b: Raichu\n|move|p2a: Rotom|Hydro Pump|p1a: Gardevoir\n|-damage|p1a: Gardevoir|58/100\n|\n|-heal|p2a: Rotom|30/100|[from] item: Leftovers\n|upkeep\n|\n|t:|1775948156\n|switch|p2b: Arcanine|Arcanine, L50, M|100/100\n|-ability|p2b: Arcanine|Intimidate|boost\n|-unboost|p1a: Gardevoir|atk|1\n|-unboost|p1b: Excadrill|atk|1\n|turn|4\n|\n|t:|1775948171\n|switch|p1b: Milotic|Milotic, L50, M, shiny|28/100\n|move|p1a: Gardevoir|Moonblast|p2a: Rotom\n|-damage|p2a: Rotom|0 fnt\n|faint|p2a: Rotom\n|move|p2b: Arcanine|Flare Blitz|p1a: Gardevoir\n|-damage|p1a: Gardevoir|0 fnt\n|faint|p1a: Gardevoir\n|-damage|p2b: Arcanine|85/100|[from] Recoil\n|\n|-heal|p1b: Milotic|34/100|[from] item: Leftovers\n|upkeep\n|\n|t:|1775948185\n|switch|p1a: Excadrill|Excadrill, L50, M|100/100\n|switch|p2a: Sylveon|Sylveon, L50, F|100/100\n|turn|5\n|\n|t:|1775948201\n|switch|p1b: Tyranitar|Tyranitar, L50, F|100/100\n|-weather|Sandstorm|[from] ability: Sand Stream|[of] p1b: Tyranitar\n|move|p1a: Excadrill|High Horsepower|p2b: Arcanine\n|-supereffective|p2b: Arcanine|1\n|-damage|p2b: Arcanine|0 fnt\n|faint|p2b: Arcanine\n|move|p2a: Sylveon|Hyper Voice|p1a: Excadrill|[spread] p1a,p1b\n|-resisted|p1a: Excadrill|1\n|-supereffective|p1b: Tyranitar|1\n|-damage|p1a: Excadrill|77/100\n|-damage|p1b: Tyranitar|54/100\n|\n|-weather|Sandstorm|[upkeep]\n|-damage|p2a: Sylveon|95/100|[from] Sandstorm\n|upkeep\n|turn|6\n|inactive|Babykim48 has 30 seconds left.\n|\n|t:|1775948226\n|move|p1a: Excadrill|Iron Head|p2a: Sylveon\n|-supereffective|p2a: Sylveon|1\n|-damage|p2a: Sylveon|0 fnt\n|faint|p2a: Sylveon\n|\n|win|kinhopeace\n|raw|kinhopeace's rating: 1029 &rarr; <strong>1062</strong><br />(+33 for winning)\n|raw|Babykim48's rating: 1000 &rarr; <strong>1000</strong><br />(+0 for losing)\n",
  "uploadtime": 1775948229,
  "views": 19,
  "formatid": "gen9championsvgc2026regma",
  "rating": 1000,
  "private": 0,
  "password": null
}