{
  "id": "gen9championsvgc2026regma-2588699021",
  "format": "[Gen 9 Champions] VGC 2026 Reg M-A",
  "players": [
    "Lkizzz",
    "Jah_08"
  ],
  "log": "|j|\u2606Lkizzz\n|j|\u2606Jah_08\n|t:|1776659146\n|gametype|doubles\n|player|p1|Lkizzz|swimmer-gen4dp|1433\n|player|p2|Jah_08|alder|1375\n|gen|9\n|tier|[Gen 9 Champions] VGC 2026 Reg M-A\n|rated|\n|rule|Species Clause: Limit one of each Pok\u00e9mon\n|rule|Item Clause: Limit 1 of each item\n|clearpoke\n|poke|p1|Gengar, L50, M|\n|poke|p1|Talonflame, L50, M|\n|poke|p1|Tyranitar, L50, F|\n|poke|p1|Garchomp, L50, M|\n|poke|p1|Rotom-Wash, L50|\n|poke|p1|Sinistcha, L50|\n|poke|p2|Excadrill, L50, M|\n|poke|p2|Whimsicott, L50, M, shiny|\n|poke|p2|Chandelure, L50, M|\n|poke|p2|Zoroark-Hisui, L50, M|\n|poke|p2|Basculegion, L50, M|\n|poke|p2|Hydreigon, L50, M|\n|teampreview|4\n|inactive|Battle timer is ON: inactive players will automatically lose when time's up. (requested by Lkizzz)\n|inactive|Lkizzz has 60 seconds left.\n|inactive|Jah_08 has 60 seconds left.\n|\n|t:|1776659195\n|teamsize|p1|4\n|teamsize|p2|4\n|start\n|switch|p1a: Talonflame|Talonflame, L50, M|100/100\n|switch|p1b: Garchomp|Garchomp, L50, M|100/100\n|switch|p2a: Whimsicott|Whimsicott, L50, M, shiny|100/100\n|switch|p2b: Basculegion|Basculegion, L50, M|100/100\n|turn|1\n|j| Crvstal_K!tty\n|\n|t:|1776659211\n|move|p2a: Whimsicott|Protect|p2a: Whimsicott\n|-singleturn|p2a: Whimsicott|Protect\n|move|p1a: Talonflame|Dual Wingbeat|p2a: Whimsicott\n|-activate|p2a: Whimsicott|move: Protect\n|move|p1b: Garchomp|Earthquake|p2a: Whimsicott|[spread] p2b\n|-activate|p2a: Whimsicott|move: Protect\n|-immune|p1a: Talonflame\n|-damage|p2b: Basculegion|49/100\n|move|p2b: Basculegion|Flip Turn|p1a: Talonflame\n|-supereffective|p1a: Talonflame|1\n|-damage|p1a: Talonflame|0 fnt\n|faint|p1a: Talonflame\n|\n|t:|1776659227\n|switch|p2b: Hydreigon|Hydreigon, L50, M|100/100|[from] Flip Turn\n|\n|upkeep\n|\n|t:|1776659231\n|switch|p1a: Tyranitar|Tyranitar, L50, F|100/100\n|-weather|Sandstorm|[from] ability: Sand Stream|[of] p1a: Tyranitar\n|turn|2\n|\n|t:|1776659240\n|switch|p1b: Rotom|Rotom-Wash, L50|100/100\n|detailschange|p1a: Tyranitar|Tyranitar-Mega, L50, F\n|-mega|p1a: Tyranitar|Tyranitar|Tyranitarite\n|move|p2b: Hydreigon|Earth Power|p1a: Tyranitar\n|-supereffective|p1a: Tyranitar|1\n|-damage|p1a: Tyranitar|64/100\n|move|p2a: Whimsicott|Moonblast|p1a: Tyranitar\n|-supereffective|p1a: Tyranitar|1\n|-damage|p1a: Tyranitar|28/100\n|move|p1a: Tyranitar|Low Kick|p2b: Hydreigon\n|-supereffective|p2b: Hydreigon|1\n|-enditem|p2b: Hydreigon|Chople Berry|[eat]\n|-enditem|p2b: Hydreigon|Chople Berry|[weaken]\n|-damage|p2b: Hydreigon|46/100\n|\n|-weather|Sandstorm|[upkeep]\n|-damage|p2b: Hydreigon|40/100|[from] Sandstorm\n|-damage|p2a: Whimsicott|95/100|[from] Sandstorm\n|-damage|p1b: Rotom|95/100|[from] Sandstorm\n|upkeep\n|turn|3\n|inactive|Jah_08 has 30 seconds left.\n|\n|t:|1776659274\n|move|p1a: Tyranitar|Protect|p1a: Tyranitar\n|-singleturn|p1a: Tyranitar|Protect\n|move|p2a: Whimsicott|Tailwind|p2a: Whimsicott\n|-sidestart|p2: Jah_08|move: Tailwind\n|move|p2b: Hydreigon|Dark Pulse|p1b: Rotom\n|-damage|p1b: Rotom|49/100\n|-enditem|p1b: Rotom|Sitrus Berry|[eat]\n|-heal|p1b: Rotom|74/100|[from] item: Sitrus Berry\n|move|p1b: Rotom|Hydro Pump|p2a: Whimsicott\n|-resisted|p2a: Whimsicott|1\n|-damage|p2a: Whimsicott|62/100\n|\n|-weather|Sandstorm|[upkeep]\n|-damage|p2b: Hydreigon|34/100|[from] Sandstorm\n|-damage|p2a: Whimsicott|56/100|[from] Sandstorm\n|-damage|p1b: Rotom|68/100|[from] Sandstorm\n|upkeep\n|turn|4\n|\n|t:|1776659295\n|move|p2b: Hydreigon|Dark Pulse|p1b: Rotom\n|-damage|p1b: Rotom|20/100\n|move|p2a: Whimsicott|Moonblast|p1a: Tyranitar\n|-supereffective|p1a: Tyranitar|1\n|-damage|p1a: Tyranitar|0 fnt\n|faint|p1a: Tyranitar\n|move|p1b: Rotom|Thunderbolt|p2a: Whimsicott\n|-resisted|p2a: Whimsicott|1\n|-damage|p2a: Whimsicott|29/100\n|\n|-weather|Sandstorm|[upkeep]\n|-damage|p2b: Hydreigon|28/100|[from] Sandstorm\n|-damage|p2a: Whimsicott|23/100|[from] Sandstorm\n|-damage|p1b: Rotom|15/100|[from] Sandstorm\n|upkeep\n|\n|t:|1776659301\n|switch|p1a: Garchomp|Garchomp, L50, M|100/100\n|turn|5\n|\n|t:|1776659315\n|move|p1b: Rotom|Protect|p1b: Rotom\n|-singleturn|p1b: Rotom|Protect\n|move|p2b: Hydreigon|Draco Meteor|p1a: Garchomp\n|-supereffective|p1a: Garchomp|1\n|-damage|p1a: Garchomp|0 fnt\n|-unboost|p2b: Hydreigon|spa|2\n|faint|p1a: Garchomp\n|move|p2a: Whimsicott|Moonblast|p1b: Rotom\n|-activate|p1b: Rotom|move: Protect\n|\n|-weather|Sandstorm|[upkeep]\n|-damage|p2b: Hydreigon|22/100|[from] Sandstorm\n|-damage|p2a: Whimsicott|17/100|[from] Sandstorm\n|-damage|p1b: Rotom|9/100|[from] Sandstorm\n|upkeep\n|turn|6\n|-message|Lkizzz forfeited.\n|\n|win|Jah_08\n|raw|Lkizzz's rating: 1433 &rarr; <strong>1410</strong><br />(-23 for losing)\n|raw|Jah_08's rating: 1375 &rarr; <strong>1398</strong><br />(+23 for winning)\n|l|\u2606Lkizzz\n|player|p1|\n|l| Crvstal_K!tty\n",
  "uploadtime": 1776659332,
  "views": 9,
  "formatid": "gen9championsvgc2026regma",
  "rating": 1398,
  "private": 0,
  "password": null
}