{
  "id": "gen9championsvgc2026regma-2584314807",
  "format": "[Gen 9 Champions] VGC 2026 Reg M-A",
  "players": [
    "Jerry Judewong",
    "Bokugyo"
  ],
  "log": "|j|\u2606Jerry Judewong\n|j|\u2606Bokugyo\n|t:|1776250317\n|gametype|doubles\n|player|p1|Jerry Judewong|hilbert|1040\n|player|p2|Bokugyo|waitress|1037\n|gen|9\n|tier|[Gen 9 Champions] VGC 2026 Reg M-A\n|rated|\n|rule|Species Clause: Limit one of each Pok\u00e9mon\n|rule|Item Clause: Limit 1 of each item\n|clearpoke\n|poke|p1|Arcanine, L50, F|\n|poke|p1|Kangaskhan, L50, F|\n|poke|p1|Archaludon, L50, F|\n|poke|p1|Meganium, L50, M|\n|poke|p1|Aerodactyl, L50, F|\n|poke|p1|Pelipper, L50, M|\n|poke|p2|Incineroar, L50, F|\n|poke|p2|Kangaskhan, L50, F|\n|poke|p2|Milotic, L50, F|\n|poke|p2|Gardevoir, L50, M|\n|poke|p2|Gliscor, L50, M|\n|poke|p2|Corviknight, L50, M|\n|teampreview|4\nBokugyo rejected open team sheets.\n|\n|t:|1776250346\n|teamsize|p1|4\n|teamsize|p2|4\n|start\n|switch|p1a: Meganium|Meganium, L50, M|100/100\n|switch|p1b: Pelipper|Pelipper, L50, M|100/100\n|switch|p2a: Ace|Incineroar, L50, F|100/100\n|switch|p2b: Gardevoir|Gardevoir, L50, M, shiny|100/100\n|-weather|RainDance|[from] ability: Drizzle|[of] p1b: Pelipper\n|-ability|p2b: Gardevoir|Drizzle|Trace|[from] ability: Trace|[of] p1b: Pelipper\n|-ability|p2a: Ace|Intimidate|boost\n|-unboost|p1a: Meganium|atk|1\n|-unboost|p1b: Pelipper|atk|1\n|turn|1\n|\n|t:|1776250369\n|detailschange|p2b: Gardevoir|Gardevoir-Mega, L50, M, shiny\n|-mega|p2b: Gardevoir|Gardevoir|Gardevoirite\n|move|p2a: Ace|Fake Out|p1b: Pelipper\n|-damage|p1b: Pelipper|87/100\n|cant|p1b: Pelipper|flinch\n|move|p2b: Gardevoir|Misty Terrain|p2b: Gardevoir\n|-fieldstart|move: Misty Terrain\n|move|p1a: Meganium|Weather Ball|p2a: Ace\n|-supereffective|p2a: Ace|1\n|-damage|p2a: Ace|21/100\n|\n|-weather|RainDance|[upkeep]\n|upkeep\n|turn|2\n|\n|t:|1776250403\n|detailschange|p1a: Meganium|Meganium-Mega, L50, M\n|-mega|p1a: Meganium|Meganium|Meganiumite\n|move|p2b: Gardevoir|Protect|p2b: Gardevoir\n|-singleturn|p2b: Gardevoir|Protect\n|move|p1a: Meganium|Protect|p1a: Meganium\n|-singleturn|p1a: Meganium|Protect\n|move|p1b: Pelipper|Soak|p2a: Ace\n|-start|p2a: Ace|typechange|Water\n|move|p2a: Ace|Parting Shot|p1a: Meganium\n|-activate|p1a: Meganium|move: Protect\n|\n|-weather|RainDance|[upkeep]\n|upkeep\n|turn|3\n|\n|t:|1776250427\n|move|p1b: Pelipper|Soak|p2b: Gardevoir\n|-start|p2b: Gardevoir|typechange|Water\n|move|p2b: Gardevoir|Misty Explosion|p1b: Pelipper|[spread] p2a,p1a,p1b\n|-damage|p2a: Ace|0 fnt\n|-damage|p1a: Meganium|60/100\n|-damage|p1b: Pelipper|0 fnt\n|faint|p2b: Gardevoir\n|faint|p2a: Ace\n|faint|p1b: Pelipper\n|move|p1a: Meganium|Solar Beam||[still]\n|-prepare|p1a: Meganium|Solar Beam\n|-activate|p1a: Meganium|ability: Mega Sol\n|-anim|p1a: Meganium|Solar Beam|p2: Ace|[notarget]\n|-fail|p1a: Meganium\n|\n|-weather|RainDance|[upkeep]\n|upkeep\n|\n|t:|1776250445\n|switch|p2b: Gliscor|Gliscor, L50, M|100/100\n|switch|p1b: Aerodactyl|Aerodactyl, L50, F|100/100\n|switch|p2a: Corviknight|Corviknight, L50, M|100/100\n|-ability|p1b: Aerodactyl|Unnerve\n|turn|4\n|\n|t:|1776250459\n|move|p1a: Meganium|Protect|p1a: Meganium\n|-singleturn|p1a: Meganium|Protect\n|move|p1b: Aerodactyl|Tailwind|p1b: Aerodactyl\n|-sidestart|p1: Jerry Judewong|move: Tailwind\n|move|p2b: Gliscor|Gunk Shot|p1a: Meganium\n|-activate|p1a: Meganium|move: Protect\n|move|p2a: Corviknight|Tailwind|p2a: Corviknight\n|-sidestart|p2: Bokugyo|move: Tailwind\n|\n|-weather|RainDance|[upkeep]\n|upkeep\n|turn|5\n|\n|t:|1776250474\n|switch|p1a: Archaludon|Archaludon, L50, F|100/100\n|move|p1b: Aerodactyl|Rock Slide|p2a: Corviknight|[spread] p2a,p2b\n|-damage|p2a: Corviknight|86/100\n|-damage|p2b: Gliscor|82/100\n|cant|p2b: Gliscor|flinch\n|move|p2a: Corviknight|Iron Defense|p2a: Corviknight\n|-boost|p2a: Corviknight|def|2\n|\n|-weather|none\n|-fieldend|Misty Terrain\n|upkeep\n|turn|6\n|\n|t:|1776250492\n|move|p1b: Aerodactyl|Rock Slide|p2a: Corviknight|[spread] p2a,p2b\n|-damage|p2a: Corviknight|77/100\n|-damage|p2b: Gliscor|63/100\n|move|p2b: Gliscor|High Horsepower|p1a: Archaludon\n|-supereffective|p1a: Archaludon|1\n|-damage|p1a: Archaludon|57/100\n|move|p1a: Archaludon|Thunderbolt|p2a: Corviknight\n|-supereffective|p2a: Corviknight|1\n|-damage|p2a: Corviknight|10/100\n|move|p2a: Corviknight|Iron Defense|p2a: Corviknight\n|-boost|p2a: Corviknight|def|2\n|\n|-heal|p1a: Archaludon|63/100|[from] item: Leftovers\n|upkeep\n|turn|7\n|\n|t:|1776250516\n|move|p1b: Aerodactyl|Rock Slide|p2a: Corviknight|[spread] p2a,p2b\n|-damage|p2a: Corviknight|4/100\n|-damage|p2b: Gliscor|43/100\n|cant|p2b: Gliscor|flinch\n|move|p1a: Archaludon|Dragon Pulse|p2b: Gliscor\n|-damage|p2b: Gliscor|0 fnt\n|faint|p2b: Gliscor\n|cant|p2a: Corviknight|flinch\n|\n|-heal|p1a: Archaludon|69/100|[from] item: Leftovers\n|-sideend|p1: Jerry Judewong|move: Tailwind\n|-sideend|p2: Bokugyo|move: Tailwind\n|upkeep\n|turn|8\n|-message|Bokugyo forfeited.\n|\n|win|Jerry Judewong\n|raw|Jerry Judewong's rating: 1040 &rarr; <strong>1074</strong><br />(+34 for winning)\n|raw|Bokugyo's rating: 1037 &rarr; <strong>1022</strong><br />(-15 for losing)\n|c|\u2606Bokugyo|gg lol\n|c|\u2606Jerry Judewong|Gg\n",
  "uploadtime": 1776250541,
  "views": 27,
  "formatid": "gen9championsvgc2026regma",
  "rating": 1022,
  "private": 0,
  "password": null
}