{
  "id": "gen9championsvgc2026regma-2584368802",
  "format": "[Gen 9 Champions] VGC 2026 Reg M-A",
  "players": [
    "themuggla",
    "smp on whimsicott"
  ],
  "log": "|j|\u2606themuggla\n|j|\u2606smp on whimsicott\n|t:|1776255530\n|gametype|doubles\n|player|p1|themuggla|argenta|1335\n|player|p2|smp on whimsicott|artist-gen4|1325\n|gen|9\n|tier|[Gen 9 Champions] VGC 2026 Reg M-A\n|rated|\n|rule|Species Clause: Limit one of each Pok\u00e9mon\n|rule|Item Clause: Limit 1 of each item\n|clearpoke\n|poke|p1|Milotic, L50, F|\n|poke|p1|Kingambit, L50, M|\n|poke|p1|Floette-Eternal, L50, F|\n|poke|p1|Aerodactyl, L50, F|\n|poke|p1|Arcanine, L50, F|\n|poke|p1|Abomasnow, L50, F|\n|poke|p2|Arcanine, L50, M|\n|poke|p2|Venusaur, L50, F|\n|poke|p2|Sneasler, L50, M|\n|poke|p2|Rotom-Wash, L50|\n|poke|p2|Garchomp, L50, M|\n|poke|p2|Corviknight, L50, F|\n|teampreview|4\n|\n|t:|1776255568\n|teamsize|p1|4\n|teamsize|p2|4\n|start\n|switch|p1a: Aerodactyl|Aerodactyl, L50, F|100/100\n|switch|p1b: Milotic|Milotic, L50, F|100/100\n|switch|p2a: Rotom|Rotom-Wash, L50|100/100\n|switch|p2b: Venusaur|Venusaur, L50, F|100/100\n|-ability|p1a: Aerodactyl|Unnerve\n|turn|1\n|\n|t:|1776255596\n|switch|p1b: Abomasnow|Abomasnow, L50, F|100/100\n|-weather|Snowscape|[from] ability: Snow Warning|[of] p1b: Abomasnow\n|detailschange|p2b: Venusaur|Venusaur-Mega, L50, F\n|-mega|p2b: Venusaur|Venusaur|Venusaurite\n|move|p2b: Venusaur|Protect|p2b: Venusaur\n|-singleturn|p2b: Venusaur|Protect\n|move|p2a: Rotom|Thunderbolt|p1a: Aerodactyl\n|-supereffective|p1a: Aerodactyl|1\n|-enditem|p1a: Aerodactyl|Focus Sash\n|-damage|p1a: Aerodactyl|1/100\n|move|p1a: Aerodactyl|Tailwind|p1a: Aerodactyl\n|-sidestart|p1: themuggla|move: Tailwind\n|\n|-weather|Snowscape|[upkeep]\n|upkeep\n|turn|2\n|\n|t:|1776255636\n|switch|p2a: Corviknight|Corviknight, L50, F|100/100\n|move|p1a: Aerodactyl|Dual Wingbeat|p2b: Venusaur\n|-supereffective|p2b: Venusaur|1\n|-damage|p2b: Venusaur|68/100\n|-supereffective|p2b: Venusaur|1\n|-damage|p2b: Venusaur|42/100\n|-hitcount|p2b: Venusaur|2\n|move|p1b: Abomasnow|Wood Hammer|p2a: Corviknight\n|-resisted|p2a: Corviknight|2\n|-crit|p2a: Corviknight\n|-damage|p2a: Corviknight|81/100\n|-damage|p1b: Abomasnow|94/100|[from] Recoil\n|move|p2b: Venusaur|Sludge Bomb|p1b: Abomasnow\n|-supereffective|p1b: Abomasnow|1\n|-damage|p1b: Abomasnow|5/100\n|-status|p1b: Abomasnow|psn\n|\n|-weather|Snowscape|[upkeep]\n|-heal|p2a: Corviknight|87/100|[from] item: Leftovers\n|-damage|p1b: Abomasnow|0 fnt|[from] psn\n|faint|p1b: Abomasnow\n|upkeep\n|\n|t:|1776255646\n|switch|p1b: Milotic|Milotic, L50, F|100/100\n|turn|3\n|\n|t:|1776255667\n|move|p2b: Venusaur|Protect|p2b: Venusaur\n|-singleturn|p2b: Venusaur|Protect\n|move|p1a: Aerodactyl|Dual Wingbeat|p2b: Venusaur\n|-activate|p2b: Venusaur|move: Protect\n|move|p1b: Milotic|Muddy Water|p2a: Corviknight|[spread] p2a\n|-activate|p2b: Venusaur|move: Protect\n|-damage|p2a: Corviknight|54/100\n|-ability|p2a: Corviknight|Mirror Armor\n|-unboost|p1b: Milotic|accuracy|1\n|-ability|p1b: Milotic|Competitive|boost\n|-boost|p1b: Milotic|spa|2\n|move|p2a: Corviknight|Brave Bird|p1a: Aerodactyl\n|-resisted|p1a: Aerodactyl|1\n|-damage|p1a: Aerodactyl|0 fnt\n|faint|p1a: Aerodactyl\n|-damage|p2a: Corviknight|54/100|[from] Recoil\n|\n|-weather|Snowscape|[upkeep]\n|-heal|p2a: Corviknight|60/100|[from] item: Leftovers\n|upkeep\n|\n|t:|1776255674\n|switch|p1a: Floette|Floette-Eternal, L50, F|100/100\n|turn|4\n|\n|t:|1776255693\n|detailschange|p1a: Floette|Floette-Mega, L50, F\n|-mega|p1a: Floette|Floette|Floettite\n|-ability|p1a: Floette|Fairy Aura\n|move|p1a: Floette|Psychic|p2b: Venusaur\n|-supereffective|p2b: Venusaur|1\n|-damage|p2b: Venusaur|0 fnt\n|faint|p2b: Venusaur\n|move|p1b: Milotic|Muddy Water|p2a: Corviknight\n|-damage|p2a: Corviknight|0 fnt\n|faint|p2a: Corviknight\n|\n|-weather|Snowscape|[upkeep]\n|-sideend|p1: themuggla|move: Tailwind\n|upkeep\n|\n|t:|1776255702\n|switch|p2b: Sneasler|Sneasler, L50, M|100/100\n|switch|p2a: Rotom|Rotom-Wash, L50|100/100\n|turn|5\n|\n|t:|1776255713\n|move|p1a: Floette|Protect|p1a: Floette\n|-singleturn|p1a: Floette|Protect\n|move|p2a: Rotom|Thunderbolt|p1b: Milotic\n|-supereffective|p1b: Milotic|1\n|-damage|p1b: Milotic|48/100\n|move|p2b: Sneasler|Close Combat|p1b: Milotic\n|-damage|p1b: Milotic|0 fnt\n|-unboost|p2b: Sneasler|def|1\n|-unboost|p2b: Sneasler|spd|1\n|faint|p1b: Milotic\n|\n|-weather|none\n|upkeep\n|turn|6\n|\n|t:|1776255721\n|move|p2a: Rotom|Thunderbolt|p1a: Floette\n|-damage|p1a: Floette|69/100\n|move|p2b: Sneasler|Dire Claw|p1a: Floette\n|-supereffective|p1a: Floette|1\n|-damage|p1a: Floette|0 fnt\n|faint|p1a: Floette\n|\n|win|smp on whimsicott\n|raw|themuggla's rating: 1335 &rarr; <strong>1314</strong><br />(-21 for losing)\n|raw|smp on whimsicott's rating: 1325 &rarr; <strong>1346</strong><br />(+21 for winning)\n",
  "uploadtime": 1776255722,
  "views": 31,
  "formatid": "gen9championsvgc2026regma",
  "rating": 1314,
  "private": 0,
  "password": null
}