{
  "id": "gen9championsvgc2026regma-2586697922",
  "format": "[Gen 9 Champions] VGC 2026 Reg M-A",
  "players": [
    "Goldzafer",
    "Vinati"
  ],
  "log": "|j|\u2606Goldzafer\n|j|\u2606Vinati\n|t:|1776453021\n|gametype|doubles\n|player|p1|Goldzafer|mars|1073\n|player|p2|Vinati|bruno|1043\n|gen|9\n|tier|[Gen 9 Champions] VGC 2026 Reg M-A\n|rated|\n|rule|Species Clause: Limit one of each Pok\u00e9mon\n|rule|Item Clause: Limit 1 of each item\n|clearpoke\n|poke|p1|Aggron, L50, F|\n|poke|p1|Sinistcha, L50|\n|poke|p1|Pelipper, L50, M|\n|poke|p1|Incineroar, L50, M|\n|poke|p1|Garchomp, L50, F|\n|poke|p1|Chimecho, L50, M|\n|poke|p2|Emboar, L50, F|\n|poke|p2|Raichu, L50, M|\n|poke|p2|Reuniclus, L50, M|\n|poke|p2|Hydreigon, L50, F|\n|poke|p2|Sinistcha, L50|\n|poke|p2|Empoleon, L50, M|\n|teampreview|4\nGoldzafer has agreed to open team sheets.\n|\n|t:|1776453072\n|teamsize|p1|4\n|teamsize|p2|4\n|start\n|switch|p1a: Chimecho|Chimecho, L50, M|100/100\n|switch|p1b: The Drizzler|Pelipper, L50, M, shiny|100/100\n|switch|p2a: Emboar|Emboar, L50, F|100/100\n|switch|p2b: Raichu|Raichu, L50, M|100/100\n|-weather|RainDance|[from] ability: Drizzle|[of] p1b: The Drizzler\n|turn|1\n|\n|t:|1776453100\n|switch|p1b: Sinistcha|Sinistcha, L50|100/100\n|detailschange|p1a: Chimecho|Chimecho-Mega, L50, M\n|-mega|p1a: Chimecho|Chimecho|Chimechite\n|move|p2a: Emboar|Sucker Punch|p1a: Chimecho\n|-supereffective|p1a: Chimecho|1\n|-damage|p1a: Chimecho|55/100\n|move|p2b: Raichu|Thunderbolt|p1b: Sinistcha\n|-resisted|p1b: Sinistcha|1\n|-damage|p1b: Sinistcha|83/100\n|move|p1a: Chimecho|Psychic|p2a: Emboar\n|-supereffective|p2a: Emboar|1\n|-damage|p2a: Emboar|0 fnt\n|faint|p2a: Emboar\n|\n|-weather|RainDance|[upkeep]\n|-heal|p1b: Sinistcha|89/100|[from] item: Leftovers\n|upkeep\n|\n|t:|1776453113\n|switch|p2a: Hydreigon|Hydreigon, L50, F|100/100\n|turn|2\n|\n|t:|1776453128\n|switch|p2b: Empoleon|Empoleon, L50, M|100/100\n|move|p1b: Sinistcha|Rage Powder|p1b: Sinistcha\n|-singleturn|p1b: Sinistcha|move: Rage Powder\n|move|p2a: Hydreigon|Dark Pulse|p1b: Sinistcha\n|-supereffective|p1b: Sinistcha|1\n|-damage|p1b: Sinistcha|29/100\n|move|p1a: Chimecho|Flash Cannon|p2a: Hydreigon\n|-damage|p2a: Hydreigon|55/100\n|\n|-weather|RainDance|[upkeep]\n|-heal|p1b: Sinistcha|35/100|[from] item: Leftovers\n|upkeep\n|turn|3\n|\n|t:|1776453149\n|move|p1a: Chimecho|Protect|p1a: Chimecho\n|-singleturn|p1a: Chimecho|Protect\n|move|p2a: Hydreigon|Dark Pulse|p1a: Chimecho\n|-activate|p1a: Chimecho|move: Protect\n|move|p1b: Sinistcha|Life Dew|p1b: Sinistcha|[spread] p1a,p1b\n|-heal|p1a: Chimecho|81/100\n|-heal|p1b: Sinistcha|60/100\n|move|p2b: Empoleon|Ice Beam|p1b: Sinistcha\n|-supereffective|p1b: Sinistcha|1\n|-damage|p1b: Sinistcha|5/100\n|\n|-weather|RainDance|[upkeep]\n|-heal|p1b: Sinistcha|11/100|[from] item: Leftovers\n|upkeep\n|turn|4\n|\n|t:|1776453171\n|move|p2a: Hydreigon|Dark Pulse|p1a: Chimecho\n|-supereffective|p1a: Chimecho|1\n|-damage|p1a: Chimecho|21/100\n|move|p2b: Empoleon|Ice Beam|p1b: Sinistcha\n|-supereffective|p1b: Sinistcha|1\n|-damage|p1b: Sinistcha|0 fnt\n|faint|p1b: Sinistcha\n|move|p1a: Chimecho|Flash Cannon|p2a: Hydreigon\n|-damage|p2a: Hydreigon|12/100\n|\n|-weather|RainDance|[upkeep]\n|upkeep\n|\n|t:|1776453190\n|switch|p1b: The Drizzler|Pelipper, L50, M, shiny|100/100\n|turn|5\n|\n|t:|1776453205\n|move|p2b: Empoleon|Protect|p2b: Empoleon\n|-singleturn|p2b: Empoleon|Protect\n|move|p2a: Hydreigon|Tailwind|p2a: Hydreigon\n|-sidestart|p2: Vinati|move: Tailwind\n|move|p1b: The Drizzler|Hurricane|p2a: Hydreigon\n|-damage|p2a: Hydreigon|0 fnt\n|faint|p2a: Hydreigon\n|move|p1a: Chimecho|Flash Cannon|p2b: Empoleon\n|-activate|p2b: Empoleon|move: Protect\n|\n|-weather|none\n|upkeep\n|\n|t:|1776453208\n|switch|p2a: Raichu|Raichu, L50, M|100/100\n|turn|6\n|\n|t:|1776453229\n|move|p1a: Chimecho|Protect|p1a: Chimecho\n|-singleturn|p1a: Chimecho|Protect\n|move|p2a: Raichu|Fake Out|p1a: Chimecho\n|-activate|p1a: Chimecho|move: Protect\n|move|p2b: Empoleon|Ice Beam|p1b: The Drizzler\n|-damage|p1b: The Drizzler|57/100\n|move|p1b: The Drizzler|Tailwind|p1b: The Drizzler\n|-sidestart|p1: Goldzafer|move: Tailwind\n|\n|upkeep\n|turn|7\n|\n|t:|1776453254\n|move|p2a: Raichu|Thunderbolt|p1a: Chimecho\n|-damage|p1a: Chimecho|0 fnt\n|faint|p1a: Chimecho\n|move|p2b: Empoleon|Ice Beam|p1b: The Drizzler\n|-damage|p1b: The Drizzler|14/100\n|move|p1b: The Drizzler|Weather Ball|p2a: Raichu\n|-damage|p2a: Raichu|74/100\n|\n|upkeep\n|\n|t:|1776453262\n|switch|p1a: Chomp|Garchomp, L50, F|100/100\n|turn|8\n|\n|t:|1776453285\n|move|p1a: Chomp|Earthquake|p2b: Empoleon|[spread] p2a,p2b\n|-immune|p1b: The Drizzler\n|-supereffective|p2a: Raichu|1\n|-supereffective|p2b: Empoleon|1\n|-damage|p2a: Raichu|0 fnt\n|-damage|p2b: Empoleon|20/100\n|faint|p2a: Raichu\n|move|p2b: Empoleon|Ice Beam|p1a: Chomp\n|-supereffective|p1a: Chomp|2\n|-damage|p1a: Chomp|0 fnt\n|faint|p1a: Chomp\n|move|p1b: The Drizzler|Weather Ball|p2b: Empoleon\n|-resisted|p2b: Empoleon|1\n|-damage|p2b: Empoleon|13/100\n|\n|-sideend|p2: Vinati|move: Tailwind\n|upkeep\n|turn|9\n|\n|t:|1776453303\n|move|p1b: The Drizzler|Hurricane|p2b: Empoleon\n|-resisted|p2b: Empoleon|1\n|-damage|p2b: Empoleon|0 fnt\n|faint|p2b: Empoleon\n|\n|win|Goldzafer\n|raw|Goldzafer's rating: 1073 &rarr; <strong>1100</strong><br />(+27 for winning)\n|raw|Vinati's rating: 1043 &rarr; <strong>1028</strong><br />(-15 for losing)\n|l|\u2606Vinati\n|player|p2|\n|c|\u2606Goldzafer|YO\n|c|\u2606Goldzafer|gg\n",
  "uploadtime": 1776453316,
  "views": 39,
  "formatid": "gen9championsvgc2026regma",
  "rating": 1028,
  "private": 0,
  "password": null
}