{
  "id": "gen9championsvgc2026regma-2587276615",
  "format": "[Gen 9 Champions] VGC 2026 Reg M-A",
  "players": [
    "Avocanoodle",
    "smokelax"
  ],
  "log": "|j|\u2606Avocanoodle\n|j|\u2606smokelax\n|t:|1776517413\n|gametype|doubles\n|player|p1|Avocanoodle|sonia-professor|1139\n|player|p2|smokelax|juggler|1224\n|gen|9\n|tier|[Gen 9 Champions] VGC 2026 Reg M-A\n|rated|\n|rule|Species Clause: Limit one of each Pok\u00e9mon\n|rule|Item Clause: Limit 1 of each item\n|clearpoke\n|poke|p1|Mudsdale, L50, M|\n|poke|p1|Maushold-Four, L50|\n|poke|p1|Feraligatr, L50, M|\n|poke|p1|Volcarona, L50, M, shiny|\n|poke|p1|Aegislash, L50, M|\n|poke|p1|Rotom-Mow, L50|\n|poke|p2|Dragonite, L50, F, shiny|\n|poke|p2|Pelipper, L50, M|\n|poke|p2|Basculegion, L50, M|\n|poke|p2|Sneasler, L50, F|\n|poke|p2|Meganium, L50, F|\n|poke|p2|Archaludon, L50, F|\n|teampreview|4\n|inactive|Battle timer is ON: inactive players will automatically lose when time's up. (requested by Avocanoodle)\n|inactive|smokelax has 60 seconds left.\n|\n|t:|1776517460\n|teamsize|p1|4\n|teamsize|p2|4\n|start\n|switch|p1a: Feraligatr|Feraligatr, L50, M|100/100\n|switch|p1b: Volcarona|Volcarona, L50, M, shiny|100/100\n|switch|p2a: Pelipper|Pelipper, L50, M|100/100\n|switch|p2b: Sneasler|Sneasler, L50, F|100/100\n|-weather|RainDance|[from] ability: Drizzle|[of] p2a: Pelipper\n|turn|1\n|\n|t:|1776517476\n|detailschange|p1a: Feraligatr|Feraligatr-Mega, L50, M\n|-mega|p1a: Feraligatr|Feraligatr|Feraligite\n|move|p2b: Sneasler|Fake Out|p1b: Volcarona\n|-damage|p1b: Volcarona|86/100\n|-status|p2b: Sneasler|brn|[from] ability: Flame Body|[of] p1b: Volcarona\n|cant|p1b: Volcarona|flinch\n|move|p2a: Pelipper|Tailwind|p2a: Pelipper\n|-sidestart|p2: smokelax|move: Tailwind\n|move|p1a: Feraligatr|Double-Edge|p2a: Pelipper\n|-crit|p2a: Pelipper\n|-enditem|p2a: Pelipper|Focus Sash\n|-damage|p2a: Pelipper|1/100\n|-damage|p1a: Feraligatr|78/100|[from] Recoil\n|\n|-weather|RainDance|[upkeep]\n|-damage|p2b: Sneasler|94/100 brn|[from] brn\n|upkeep\n|turn|2\n|inactive|Avocanoodle has 30 seconds left.\n|inactive|smokelax has 30 seconds left.\n|\n|t:|1776517506\n|move|p1b: Volcarona|Rage Powder|p1b: Volcarona\n|-singleturn|p1b: Volcarona|move: Rage Powder\n|move|p1a: Feraligatr|Aqua Jet|p2a: Pelipper\n|-resisted|p2a: Pelipper|1\n|-damage|p2a: Pelipper|0 fnt\n|faint|p2a: Pelipper\n|move|p2b: Sneasler|Close Combat|p1b: Volcarona\n|-resisted|p1b: Volcarona|1\n|-damage|p1b: Volcarona|68/100\n|-unboost|p2b: Sneasler|def|1\n|-unboost|p2b: Sneasler|spd|1\n|-enditem|p2b: Sneasler|White Herb\n|-clearnegativeboost|p2b: Sneasler|[silent]\n|\n|-weather|RainDance|[upkeep]\n|-damage|p2b: Sneasler|88/100 brn|[from] brn\n|upkeep\n|\n|t:|1776517515\n|switch|p2a: Meganium|Meganium, L50, F|100/100\n|turn|3\n|inactive|Avocanoodle has 30 seconds left.\n|inactive|Avocanoodle has 20 seconds left.\n|inactive|Avocanoodle has 15 seconds left.\n|\n|t:|1776517556\n|switch|p1a: Aegislash|Aegislash, L50, M|100/100\n|detailschange|p2a: Meganium|Meganium-Mega, L50, F\n|-mega|p2a: Meganium|Meganium|Meganiumite\n|move|p1b: Volcarona|Protect|p1b: Volcarona\n|-singleturn|p1b: Volcarona|Protect\n|move|p2b: Sneasler|Gunk Shot|p1b: Volcarona\n|-activate|p1b: Volcarona|move: Protect\n|move|p2a: Meganium|Weather Ball|p1b: Volcarona\n|-activate|p1b: Volcarona|move: Protect\n|\n|-weather|RainDance|[upkeep]\n|-damage|p2b: Sneasler|82/100 brn|[from] brn\n|upkeep\n|turn|4\n|\n|t:|1776517576\n|move|p2b: Sneasler|Protect|p2b: Sneasler\n|-singleturn|p2b: Sneasler|Protect\n|move|p1b: Volcarona|Rage Powder|p1b: Volcarona\n|-singleturn|p1b: Volcarona|move: Rage Powder\n|move|p2a: Meganium|Weather Ball|p1a: Aegislash\n|-supereffective|p1a: Aegislash|1\n|-damage|p1a: Aegislash|14/100\n|-formechange|p1a: Aegislash|Aegislash-Blade|\n|move|p1a: Aegislash|Iron Head|p2a: Meganium\n|-supereffective|p2a: Meganium|1\n|-damage|p2a: Meganium|1/100\n|\n|-weather|RainDance|[upkeep]\n|-damage|p2b: Sneasler|76/100 brn|[from] brn\n|-sideend|p2: smokelax|move: Tailwind\n|upkeep\n|turn|5\n|\n|t:|1776517600\n|-formechange|p1a: Aegislash|Aegislash|\n|move|p1a: Aegislash|King's Shield|p1a: Aegislash\n|-singleturn|p1a: Aegislash|Protect\n|move|p2b: Sneasler|Gunk Shot|p1b: Volcarona\n|-crit|p1b: Volcarona\n|-damage|p1b: Volcarona|15/100\n|-status|p1b: Volcarona|psn\n|-enditem|p1b: Volcarona|Sitrus Berry|[eat]\n|-heal|p1b: Volcarona|40/100 psn|[from] item: Sitrus Berry\n|move|p2a: Meganium|Weather Ball|p1a: Aegislash\n|-activate|p1a: Aegislash|move: Protect\n|move|p1b: Volcarona|Mystical Fire|p2a: Meganium\n|-supereffective|p2a: Meganium|1\n|-damage|p2a: Meganium|0 fnt\n|faint|p2a: Meganium\n|\n|-weather|none\n|-damage|p1b: Volcarona|28/100 psn|[from] psn\n|-damage|p2b: Sneasler|70/100 brn|[from] brn\n|upkeep\n|\n|t:|1776517614\n|switch|p2a: Basculegion|Basculegion, L50, M|100/100\n|turn|6\n|\n|t:|1776517638\n|move|p1b: Volcarona|Rage Powder|p1b: Volcarona\n|-singleturn|p1b: Volcarona|move: Rage Powder\n|move|p2b: Sneasler|Gunk Shot|p1b: Volcarona\n|-damage|p1b: Volcarona|0 fnt\n|faint|p1b: Volcarona\n|move|p2a: Basculegion|Last Respects|p1a: Aegislash\n|-supereffective|p1a: Aegislash|1\n|-damage|p1a: Aegislash|0 fnt\n|faint|p1a: Aegislash\n|\n|-damage|p2b: Sneasler|64/100 brn|[from] brn\n|upkeep\n|\n|t:|1776517644\n|switch|p1b: Feraligatr|Feraligatr-Mega, L50, M|78/100\n|switch|p1a: Rotom|Rotom-Mow, L50|100/100\n|turn|7\n|\n|t:|1776517656\n|move|p1a: Rotom|Protect|p1a: Rotom\n|-singleturn|p1a: Rotom|Protect\n|move|p2b: Sneasler|Gunk Shot|p1a: Rotom\n|-activate|p1a: Rotom|move: Protect\n|move|p2a: Basculegion|Last Respects|p1b: Feraligatr\n|-damage|p1b: Feraligatr|11/100\n|move|p1b: Feraligatr|Double-Edge|p2a: Basculegion\n|-damage|p2a: Basculegion|0 fnt\n|faint|p2a: Basculegion\n|-damage|p1b: Feraligatr|0 fnt|[from] Recoil\n|faint|p1b: Feraligatr\n|\n|-damage|p2b: Sneasler|58/100 brn|[from] brn\n|upkeep\n|turn|8\n|\n|t:|1776517671\n|move|p2b: Sneasler|Gunk Shot|p1a: Rotom\n|-supereffective|p1a: Rotom|1\n|-damage|p1a: Rotom|37/100\n|move|p1a: Rotom|Volt Switch|p2b: Sneasler\n|-damage|p2b: Sneasler|14/100 brn\n|\n|-damage|p2b: Sneasler|8/100 brn|[from] brn\n|upkeep\n|turn|9\n|\n|t:|1776517679\n|move|p1a: Rotom|Protect|p1a: Rotom\n|-singleturn|p1a: Rotom|Protect\n|move|p2b: Sneasler|Gunk Shot|p1a: Rotom\n|-activate|p1a: Rotom|move: Protect\n|\n|-damage|p2b: Sneasler|2/100 brn|[from] brn\n|upkeep\n|turn|10\n|\n|t:|1776517684\n|move|p1a: Rotom|Protect|p1a: Rotom\n|-singleturn|p1a: Rotom|Protect\n|move|p2b: Sneasler|Gunk Shot|p1a: Rotom\n|-activate|p1a: Rotom|move: Protect\n|\n|-damage|p2b: Sneasler|0 fnt|[from] brn\n|faint|p2b: Sneasler\n|\n|win|Avocanoodle\n|raw|Avocanoodle's rating: 1139 &rarr; <strong>1170</strong><br />(+31 for winning)\n|raw|smokelax's rating: 1224 &rarr; <strong>1193</strong><br />(-31 for losing)\n",
  "uploadtime": 1776517684,
  "views": 12,
  "formatid": "gen9championsvgc2026regma",
  "rating": 1170,
  "private": 0,
  "password": null
}