{
  "id": "gen9championsvgc2026regma-2582708208",
  "format": "[Gen 9 Champions] VGC 2026 Reg M-A",
  "players": [
    "Phoenix360X",
    "DesiredFood"
  ],
  "log": "|j|\u2606Phoenix360X\n|j|\u2606DesiredFood\n|t:|1776108688\n|gametype|doubles\n|player|p1|Phoenix360X|acetrainersnow|1171\n|player|p2|DesiredFood|magmagruntf-rse|1169\n|gen|9\n|tier|[Gen 9 Champions] VGC 2026 Reg M-A\n|rated|\n|rule|Species Clause: Limit one of each Pok\u00e9mon\n|rule|Item Clause: Limit 1 of each item\n|clearpoke\n|poke|p1|Scizor, L50, M|\n|poke|p1|Incineroar, L50, F|\n|poke|p1|Slowbro-Galar, L50, F|\n|poke|p1|Garchomp, L50, M|\n|poke|p1|Milotic, L50, F|\n|poke|p1|Meowscarada, L50, F|\n|poke|p2|Pelipper, L50, M|\n|poke|p2|Archaludon, L50, M|\n|poke|p2|Sinistcha, L50|\n|poke|p2|Feraligatr, L50, M|\n|poke|p2|Chesnaught, L50, M|\n|poke|p2|Incineroar, L50, M|\n|teampreview|4\n|\n|t:|1776108758\n|teamsize|p1|4\n|teamsize|p2|4\n|start\n|switch|p1a: Incineroar|Incineroar, L50, F|100/100\n|switch|p1b: Meowscarada|Meowscarada, L50, F|100/100\n|switch|p2a: Feraligatr|Feraligatr, L50, M, shiny|100/100\n|switch|p2b: Pelipper|Pelipper, L50, M, shiny|100/100\n|-weather|RainDance|[from] ability: Drizzle|[of] p2b: Pelipper\n|-ability|p1a: Incineroar|Intimidate|boost\n|-unboost|p2a: Feraligatr|atk|1\n|-unboost|p2b: Pelipper|atk|1\n|turn|1\n|inactive|Battle timer is ON: inactive players will automatically lose when time's up. (requested by Phoenix360X)\n|\n|t:|1776108800\n|switch|p2a: Incineroar|Incineroar, L50, M|100/100\n|-ability|p2a: Incineroar|Intimidate|boost\n|-unboost|p1a: Incineroar|atk|1\n|-unboost|p1b: Meowscarada|atk|1\n|move|p2b: Pelipper|Protect|p2b: Pelipper\n|-singleturn|p2b: Pelipper|Protect\n|move|p1a: Incineroar|Fake Out|p2a: Incineroar\n|-damage|p2a: Incineroar|94/100\n|move|p1b: Meowscarada|Thunder Punch|p2b: Pelipper\n|-start|p1b: Meowscarada|typechange|Electric|[from] ability: Protean\n|-activate|p2b: Pelipper|move: Protect\n|\n|-weather|RainDance|[upkeep]\n|upkeep\n|turn|2\n|\n|t:|1776108822\n|switch|p2b: Chesnaught|Chesnaught, L50, M, shiny|100/100\n|switch|p1a: Garchomp|Garchomp, L50, M|100/100\n|move|p1b: Meowscarada|Protect|p1b: Meowscarada\n|-singleturn|p1b: Meowscarada|Protect\n|move|p2a: Incineroar|Parting Shot|p1b: Meowscarada\n|-activate|p1b: Meowscarada|move: Protect\n|\n|-weather|RainDance|[upkeep]\n|upkeep\n|turn|3\n|j| GermaSperm\n|inactive|DesiredFood has 30 seconds left.\n|inactive|DesiredFood has 20 seconds left.\n|inactive|DesiredFood has 15 seconds left.\n|inactive|DesiredFood has 10 seconds left.\n|\n|t:|1776108868\n|switch|p1b: Incineroar|Incineroar, L50, F|100/100\n|-ability|p1b: Incineroar|Intimidate|boost\n|-unboost|p2a: Incineroar|atk|1\n|-unboost|p2b: Chesnaught|atk|1\n|switch|p2a: Feraligatr|Feraligatr, L50, M, shiny|100/100\n|move|p1a: Garchomp|Brick Break|p2a: Feraligatr\n|-damage|p2a: Feraligatr|74/100\n|move|p2b: Chesnaught|Iron Defense|p2b: Chesnaught\n|-boost|p2b: Chesnaught|def|2\n|\n|-weather|RainDance|[upkeep]\n|upkeep\n|turn|4\n|inactive|Phoenix360X has 30 seconds left.\n|inactive|Phoenix360X has 20 seconds left.\n|\n|t:|1776108904\n|switch|p1a: Scizor|Scizor, L50, M|100/100\n|detailschange|p2a: Feraligatr|Feraligatr-Mega, L50, M, shiny\n|-mega|p2a: Feraligatr|Feraligatr|Feraligite\n|move|p1b: Incineroar|Fake Out|p2a: Feraligatr\n|-damage|p2a: Feraligatr|67/100\n|cant|p2a: Feraligatr|flinch\n|move|p2b: Chesnaught|Body Press|p1b: Incineroar\n|-supereffective|p1b: Incineroar|1\n|-damage|p1b: Incineroar|0 fnt\n|faint|p1b: Incineroar\n|\n|-weather|RainDance|[upkeep]\n|upkeep\n|\n|t:|1776108914\n|switch|p1b: Garchomp|Garchomp, L50, M|100/100\n|turn|5\n|\n|t:|1776108938\n|detailschange|p1a: Scizor|Scizor-Mega, L50, M\n|-mega|p1a: Scizor|Scizor|Scizorite\n|move|p2a: Feraligatr|Protect|p2a: Feraligatr\n|-singleturn|p2a: Feraligatr|Protect\n|move|p1b: Garchomp|Dragon Claw|p2a: Feraligatr\n|-activate|p2a: Feraligatr|move: Protect\n|move|p1a: Scizor|Swords Dance|p1a: Scizor\n|-boost|p1a: Scizor|atk|2\n|move|p2b: Chesnaught|Body Press|p1b: Garchomp\n|-damage|p1b: Garchomp|29/100\n|-damage|p2b: Chesnaught|88/100|[from] ability: Rough Skin|[of] p1b: Garchomp\n|\n|-weather|none\n|upkeep\n|turn|6\n|\n|t:|1776108957\n|switch|p2a: Incineroar|Incineroar, L50, M|94/100\n|-ability|p2a: Incineroar|Intimidate|boost\n|-unboost|p1a: Scizor|atk|1\n|-unboost|p1b: Garchomp|atk|1\n|move|p1b: Garchomp|Dragon Claw|p2a: Incineroar\n|-damage|p2a: Incineroar|68/100\n|move|p1a: Scizor|Bug Bite|p2b: Chesnaught\n|-damage|p2b: Chesnaught|58/100\n|move|p2b: Chesnaught|Body Press|p1a: Scizor\n|-damage|p1a: Scizor|37/100\n|\n|upkeep\n|turn|7\n|-message|Phoenix360X forfeited.\n|\n|win|DesiredFood\n|raw|Phoenix360X's rating: 1171 &rarr; <strong>1146</strong><br />(-25 for losing)\n|raw|DesiredFood's rating: 1169 &rarr; <strong>1194</strong><br />(+25 for winning)\n|l|\u2606Phoenix360X\n|player|p1|\n",
  "uploadtime": 1776108972,
  "views": 13,
  "formatid": "gen9championsvgc2026regma",
  "rating": 1146,
  "private": 0,
  "password": null
}