{
  "id": "gen9championsvgc2026regma-2588214618",
  "format": "[Gen 9 Champions] VGC 2026 Reg M-A",
  "players": [
    "labaladecos",
    "plastic_bandit"
  ],
  "log": "|j|\u2606labaladecos\n|j|\u2606plastic_bandit\n|t:|1776615065\n|gametype|doubles\n|player|p1|labaladecos|hugh|1164\n|player|p2|plastic_bandit|cheryl|1191\n|gen|9\n|tier|[Gen 9 Champions] VGC 2026 Reg M-A\n|rated|\n|rule|Species Clause: Limit one of each Pok\u00e9mon\n|rule|Item Clause: Limit 1 of each item\n|clearpoke\n|poke|p1|Dragonite, L50, F|\n|poke|p1|Pelipper, L50, M|\n|poke|p1|Archaludon, L50, F|\n|poke|p1|Basculegion, L50, M|\n|poke|p1|Gengar, L50, F|\n|poke|p1|Scizor, L50, M|\n|poke|p2|Whimsicott, L50, F, shiny|\n|poke|p2|Tinkaton, L50, F|\n|poke|p2|Gardevoir, L50, F, shiny|\n|poke|p2|Aerodactyl, L50, F|\n|poke|p2|Araquanid, L50, F|\n|poke|p2|Hydreigon, L50, F|\n|teampreview|4\n|inactive|Battle timer is ON: inactive players will automatically lose when time's up. (requested by plastic_bandit)\n|inactive|labaladecos has 60 seconds left.\n|inactive|plastic_bandit has 60 seconds left.\n|\n|t:|1776615121\n|teamsize|p1|4\n|teamsize|p2|4\n|start\n|switch|p1a: Archaludon|Archaludon, L50, F|100/100\n|switch|p1b: Basculegion|Basculegion, L50, M|100/100\n|switch|p2a: Whimsicott|Whimsicott, L50, F, shiny|100/100\n|switch|p2b: Gardevoir|Gardevoir, L50, F, shiny|100/100\n|-ability|p2b: Gardevoir|Stamina|Trace|[from] ability: Trace|[of] p1a: Archaludon\n|turn|1\n|\n|t:|1776615152\n|switch|p1a: Pelipper|Pelipper, L50, M|100/100\n|-weather|RainDance|[from] ability: Drizzle|[of] p1a: Pelipper\n|move|p2b: Gardevoir|Protect|p2b: Gardevoir\n|-singleturn|p2b: Gardevoir|Protect\n|move|p2a: Whimsicott|Fake Tears|p1a: Pelipper\n|-unboost|p1a: Pelipper|spd|2\n|move|p1b: Basculegion|Wave Crash|p2b: Gardevoir\n|-activate|p2b: Gardevoir|move: Protect\n|\n|-weather|RainDance|[upkeep]\n|upkeep\n|turn|2\n|inactive|plastic_bandit has 30 seconds left.\n|\n|t:|1776615184\n|switch|p2b: Araquanid|Araquanid, L50, F|100/100\n|move|p2a: Whimsicott|Tailwind|p2a: Whimsicott\n|-sidestart|p2: plastic_bandit|move: Tailwind\n|move|p1b: Basculegion|Wave Crash|p2b: Araquanid\n|-resisted|p2b: Araquanid|1\n|-damage|p2b: Araquanid|26/100\n|-damage|p1b: Basculegion|83/100|[from] Recoil\n|move|p1a: Pelipper|Hurricane|p2a: Whimsicott\n|-supereffective|p2a: Whimsicott|1\n|-damage|p2a: Whimsicott|3/100\n|\n|-weather|RainDance|[upkeep]\n|-heal|p2b: Araquanid|32/100|[from] item: Leftovers\n|upkeep\n|turn|3\n|\n|t:|1776615210\n|move|p2b: Araquanid|Protect|p2b: Araquanid\n|-singleturn|p2b: Araquanid|Protect\n|move|p1b: Basculegion|Aqua Jet|p2a: Whimsicott\n|-resisted|p2a: Whimsicott|1\n|-damage|p2a: Whimsicott|0 fnt\n|faint|p2a: Whimsicott\n|move|p1a: Pelipper|Hurricane|p2b: Araquanid\n|-activate|p2b: Araquanid|move: Protect\n|\n|-weather|RainDance|[upkeep]\n|-heal|p2b: Araquanid|38/100|[from] item: Leftovers\n|upkeep\n|\n|t:|1776615223\n|switch|p2a: Hydreigon|Hydreigon, L50, F|100/100\n|turn|4\n|\n|t:|1776615229\n|switch|p1a: Scizor|Scizor, L50, M|100/100\n|move|p1b: Basculegion|Protect|p1b: Basculegion\n|-singleturn|p1b: Basculegion|Protect\n|move|p2a: Hydreigon|Dark Pulse|p1b: Basculegion\n|-activate|p1b: Basculegion|move: Protect\n|move|p2b: Araquanid|Liquidation|p1a: Scizor\n|-damage|p1a: Scizor|4/100\n|\n|-weather|RainDance|[upkeep]\n|-heal|p2b: Araquanid|43/100|[from] item: Leftovers\n|upkeep\n|turn|5\n|inactive|labaladecos has 30 seconds left.\n|inactive|labaladecos has 20 seconds left.\n|\n|t:|1776615266\n|switch|p1b: Archaludon|Archaludon, L50, F|100/100\n|move|p1a: Scizor|Protect|p1a: Scizor\n|-singleturn|p1a: Scizor|Protect\n|move|p2a: Hydreigon|Dark Pulse|p1b: Archaludon\n|-damage|p1b: Archaludon|52/100\n|-ability|p1b: Archaludon|Stamina|boost\n|-boost|p1b: Archaludon|def|1\n|move|p2b: Araquanid|Liquidation|p1a: Scizor\n|-activate|p1a: Scizor|move: Protect\n|\n|-weather|none\n|-heal|p2b: Araquanid|49/100|[from] item: Leftovers\n|-heal|p1b: Archaludon|58/100|[from] item: Leftovers\n|-sideend|p2: plastic_bandit|move: Tailwind\n|upkeep\n|turn|6\n|inactive|labaladecos has 30 seconds left.\n|inactive|plastic_bandit has 30 seconds left.\n|\n|t:|1776615300\n|switch|p2a: Gardevoir|Gardevoir, L50, F, shiny|100/100\n|-ability|p2a: Gardevoir|Stamina|Trace|[from] ability: Trace|[of] p1b: Archaludon\n|detailschange|p1a: Scizor|Scizor-Mega, L50, M\n|-mega|p1a: Scizor|Scizor|Scizorite\n|move|p1b: Archaludon|Protect|p1b: Archaludon\n|-singleturn|p1b: Archaludon|Protect\n|move|p2b: Araquanid|Protect|p2b: Araquanid\n|-singleturn|p2b: Araquanid|Protect\n|move|p1a: Scizor|Bug Bite|p2a: Gardevoir\n|-damage|p2a: Gardevoir|26/100\n|-ability|p2a: Gardevoir|Stamina|boost\n|-boost|p2a: Gardevoir|def|1\n|\n|-heal|p1b: Archaludon|64/100|[from] item: Leftovers\n|-heal|p2b: Araquanid|54/100|[from] item: Leftovers\n|upkeep\n|turn|7\n|\n|t:|1776615322\n|switch|p1a: Pelipper|Pelipper, L50, M|100/100\n|-weather|RainDance|[from] ability: Drizzle|[of] p1a: Pelipper\n|move|p2a: Gardevoir|Protect|p2a: Gardevoir\n|-singleturn|p2a: Gardevoir|Protect\n|move|p1b: Archaludon|Electro Shot||[still]\n|-prepare|p1b: Archaludon|Electro Shot\n|-boost|p1b: Archaludon|spa|1\n|-anim|p1b: Archaludon|Electro Shot|p2b: Araquanid\n|-supereffective|p2b: Araquanid|1\n|-damage|p2b: Araquanid|0 fnt\n|faint|p2b: Araquanid\n|\n|-weather|RainDance|[upkeep]\n|-heal|p1b: Archaludon|70/100|[from] item: Leftovers\n|upkeep\n|\n|t:|1776615332\n|switch|p2b: Hydreigon|Hydreigon, L50, F|100/100\n|turn|8\n|\n|t:|1776615355\n|detailschange|p2a: Gardevoir|Gardevoir-Mega, L50, F, shiny\n|-mega|p2a: Gardevoir|Gardevoir|Gardevoirite\n|move|p2b: Hydreigon|Dark Pulse|p1b: Archaludon\n|-damage|p1b: Archaludon|17/100\n|-ability|p1b: Archaludon|Stamina|boost\n|-boost|p1b: Archaludon|def|1\n|move|p1a: Pelipper|Icy Wind|p2b: Hydreigon|[spread] p2a,p2b\n|-supereffective|p2b: Hydreigon|1\n|-damage|p2a: Gardevoir|19/100\n|-damage|p2b: Hydreigon|78/100\n|-unboost|p2a: Gardevoir|spe|1\n|-unboost|p2b: Hydreigon|spe|1\n|move|p1b: Archaludon|Dragon Pulse|p2b: Hydreigon\n|-supereffective|p2b: Hydreigon|1\n|-damage|p2b: Hydreigon|0 fnt\n|faint|p2b: Hydreigon\n|move|p2a: Gardevoir|Hyper Voice|p1a: Pelipper|[spread] p1a,p1b\n|-damage|p1a: Pelipper|45/100\n|-damage|p1b: Archaludon|0 fnt\n|faint|p1b: Archaludon\n|\n|-weather|RainDance|[upkeep]\n|upkeep\n|-message|plastic_bandit forfeited.\n|\n|win|labaladecos\n|raw|labaladecos's rating: 1164 &rarr; <strong>1191</strong><br />(+27 for winning)\n|raw|plastic_bandit's rating: 1191 &rarr; <strong>1164</strong><br />(-27 for losing)\n|l|\u2606plastic_bandit\n|player|p2|\n",
  "uploadtime": 1776615373,
  "views": 7,
  "formatid": "gen9championsvgc2026regma",
  "rating": 1164,
  "private": 0,
  "password": null
}