{
  "id": "gen9championsvgc2026regma-2587762135",
  "format": "[Gen 9 Champions] VGC 2026 Reg M-A",
  "players": [
    "pipeei",
    "Plantbear"
  ],
  "log": "|j|\u2606pipeei\n|j|\u2606Plantbear\n|t:|1776561424\n|gametype|doubles\n|player|p1|pipeei|ingo|1244\n|player|p2|Plantbear|pokemaniac|1157\n|gen|9\n|tier|[Gen 9 Champions] VGC 2026 Reg M-A\n|rated|\n|rule|Species Clause: Limit one of each Pok\u00e9mon\n|rule|Item Clause: Limit 1 of each item\n|clearpoke\n|poke|p1|Kommo-o, L50, F|\n|poke|p1|Manectric, L50, M|\n|poke|p1|Sinistcha, L50|\n|poke|p1|Farigiraf, L50, F|\n|poke|p1|Aegislash, L50, M|\n|poke|p1|Scovillain, L50, M|\n|poke|p2|Gyarados, L50, F|\n|poke|p2|Milotic, L50, F|\n|poke|p2|Sneasler, L50, M|\n|poke|p2|Garchomp, L50, M|\n|poke|p2|Sinistcha, L50|\n|poke|p2|Rotom-Heat, L50|\n|teampreview|4\n|\n|t:|1776561460\n|teamsize|p1|4\n|teamsize|p2|4\n|start\n|switch|p1a: Kommo-o|Kommo-o, L50, F|100/100\n|switch|p1b: Scovillain|Scovillain, L50, M|100/100\n|switch|p2a: Gyarados|Gyarados, L50, F|100/100\n|switch|p2b: Rotom|Rotom-Heat, L50|100/100\n|-ability|p2a: Gyarados|Intimidate|boost\n|-unboost|p1a: Kommo-o|atk|1\n|-unboost|p1b: Scovillain|atk|1\n|turn|1\n|\n|t:|1776561482\n|detailschange|p1b: Scovillain|Scovillain-Mega, L50, M\n|-mega|p1b: Scovillain|Scovillain|Scovillainite\n|move|p1b: Scovillain|Rage Powder|p1b: Scovillain\n|-singleturn|p1b: Scovillain|move: Rage Powder\n|move|p2b: Rotom|Volt Switch|p1b: Scovillain\n|-resisted|p1b: Scovillain|1\n|-damage|p1b: Scovillain|85/100\n|-immune|p2b: Rotom\n|\n|t:|1776561494\n|switch|p2b: Sinistcha|Sinistcha, L50|100/100|[from] Volt Switch\n|move|p1a: Kommo-o|Clangorous Soul|p1a: Kommo-o\n|-boost|p1a: Kommo-o|atk|1\n|-boost|p1a: Kommo-o|def|1\n|-boost|p1a: Kommo-o|spa|1\n|-boost|p1a: Kommo-o|spd|1\n|-boost|p1a: Kommo-o|spe|1\n|-damage|p1a: Kommo-o|68/100\n|move|p2a: Gyarados|Thunder Wave|p1b: Scovillain\n|-status|p1b: Scovillain|par\n|\n|upkeep\n|turn|2\n|\n|t:|1776561516\n|switch|p1b: Manectric|Manectric, L50, M|100/100\n|move|p2b: Sinistcha|Rage Powder|p2b: Sinistcha\n|-singleturn|p2b: Sinistcha|move: Rage Powder\n|move|p1a: Kommo-o|Clangorous Soul|p1a: Kommo-o\n|-boost|p1a: Kommo-o|atk|1\n|-boost|p1a: Kommo-o|def|1\n|-boost|p1a: Kommo-o|spa|1\n|-boost|p1a: Kommo-o|spd|1\n|-boost|p1a: Kommo-o|spe|1\n|-damage|p1a: Kommo-o|35/100\n|move|p2a: Gyarados|Thunder Wave|p1b: Manectric\n|-activate|p1b: Manectric|ability: Lightning Rod\n|-ability|p1b: Manectric|Lightning Rod|boost\n|-boost|p1b: Manectric|spa|1\n|\n|upkeep\n|turn|3\n|\n|t:|1776561536\n|switch|p2a: Garchomp|Garchomp, L50, M|100/100\n|move|p1a: Kommo-o|Clanging Scales|p2b: Sinistcha|[spread] p2a,p2b\n|-supereffective|p2a: Garchomp|1\n|-damage|p2a: Garchomp|0 fnt\n|-damage|p2b: Sinistcha|0 fnt\n|faint|p2a: Garchomp\n|faint|p2b: Sinistcha\n|-unboost|p1a: Kommo-o|def|1\n|move|p1b: Manectric|Snarl|p2: Garchomp|[notarget]\n|-fail|p1b: Manectric\n|\n|upkeep\n|\n|t:|1776561540\n|switch|p2a: Gyarados|Gyarados, L50, F|100/100\n|switch|p2b: Rotom|Rotom-Heat, L50|100/100\n|-ability|p2a: Gyarados|Intimidate|boost\n|-unboost|p1a: Kommo-o|atk|1\n|-unboost|p1b: Manectric|atk|1\n|turn|4\n|\n|t:|1776561555\n|detailschange|p2a: Gyarados|Gyarados-Mega, L50, F\n|-mega|p2a: Gyarados|Gyarados|Gyaradosite\n|-ability|p2a: Gyarados|Mold Breaker\n|move|p2a: Gyarados|Protect|p2a: Gyarados\n|-singleturn|p2a: Gyarados|Protect\n|move|p1a: Kommo-o|Clanging Scales|p2b: Rotom|[spread] p2b\n|-activate|p2a: Gyarados|move: Protect\n|-damage|p2b: Rotom|0 fnt\n|faint|p2b: Rotom\n|-unboost|p1a: Kommo-o|def|1\n|move|p1b: Manectric|Volt Switch|p2a: Gyarados\n|-activate|p2a: Gyarados|move: Protect\n|\n|upkeep\n|turn|5\n|\n|t:|1776561566\n|move|p1a: Kommo-o|Clanging Scales|p2a: Gyarados\n|-damage|p2a: Gyarados|14/100\n|-unboost|p1a: Kommo-o|def|1\n|move|p1b: Manectric|Volt Switch|p2a: Gyarados\n|-supereffective|p2a: Gyarados|1\n|-damage|p2a: Gyarados|0 fnt\n|faint|p2a: Gyarados\n|\n|win|pipeei\n|raw|pipeei's rating: 1244 &rarr; <strong>1263</strong><br />(+19 for winning)\n|raw|Plantbear's rating: 1157 &rarr; <strong>1138</strong><br />(-19 for losing)\n|l|\u2606Plantbear\n|player|p2|\n",
  "uploadtime": 1776561579,
  "views": 22,
  "formatid": "gen9championsvgc2026regma",
  "rating": 1138,
  "private": 0,
  "password": null
}