{
  "id": "gen9championsvgc2026regma-2588910787",
  "format": "[Gen 9 Champions] VGC 2026 Reg M-A",
  "players": [
    "CTGLDOISBACKW",
    "Sandriu alola"
  ],
  "log": "|j|\u2606CTGLDOISBACKW\n|j|\u2606Sandriu alola\n|t:|1776685032\n|gametype|doubles\n|player|p1|CTGLDOISBACKW|101|1043\n|player|p2|Sandriu alola|acetrainer-gen4dp|1129\n|gen|9\n|tier|[Gen 9 Champions] VGC 2026 Reg M-A\n|rated|\n|rule|Species Clause: Limit one of each Pok\u00e9mon\n|rule|Item Clause: Limit 1 of each item\n|clearpoke\n|poke|p1|Meganium, L50, M|\n|poke|p1|Kingambit, L50, M|\n|poke|p1|Kangaskhan, L50, F|\n|poke|p1|Torkoal, L50, M|\n|poke|p1|Farigiraf, L50, F|\n|poke|p1|Hawlucha, L50, M|\n|poke|p2|Crabominable, L50, F|\n|poke|p2|Hydrapple, L50, F|\n|poke|p2|Sinistcha, L50|\n|poke|p2|Farigiraf, L50, M|\n|poke|p2|Slowking, L50, M|\n|poke|p2|Rhyperior, L50, F|\n|teampreview|4\n|\n|t:|1776685077\n|teamsize|p1|4\n|teamsize|p2|4\n|start\n|switch|p1a: Hawlucha|Hawlucha, L50, M|100/100\n|switch|p1b: Torkoal|Torkoal, L50, M|100/100\n|switch|p2a: Farigiraf|Farigiraf, L50, M|100/100\n|switch|p2b: Sinistcha|Sinistcha, L50|100/100\n|-weather|SunnyDay|[from] ability: Drought|[of] p1b: Torkoal\n|turn|1\n|inactive|Battle timer is ON: inactive players will automatically lose when time's up. (requested by CTGLDOISBACKW)\n|\n|t:|1776685094\n|detailschange|p1a: Hawlucha|Hawlucha-Mega, L50, M\n|-mega|p1a: Hawlucha|Hawlucha|Hawluchanite\n|move|p1a: Hawlucha|Entrainment|p1b: Torkoal\n|-ability|p1b: Torkoal|No Guard|Drought|[from] move: Entrainment|[of] p1a: Hawlucha\n|move|p2a: Farigiraf|Hyper Voice|p1b: Torkoal|[spread] p1a,p1b\n|-damage|p1a: Hawlucha|55/100\n|-damage|p1b: Torkoal|55/100\n|move|p1b: Torkoal|Eruption|p2a: Farigiraf|[spread] p2a,p2b\n|-crit|p2a: Farigiraf\n|-supereffective|p2b: Sinistcha|1\n|-damage|p2a: Farigiraf|46/100\n|-damage|p2b: Sinistcha|59/100\n|move|p2b: Sinistcha|Trick Room|p2b: Sinistcha\n|-fieldstart|move: Trick Room|[of] p2b: Sinistcha\n|\n|-weather|SunnyDay|[upkeep]\n|upkeep\n|turn|2\n|\n|t:|1776685121\n|move|p1a: Hawlucha|Protect|p1a: Hawlucha\n|-singleturn|p1a: Hawlucha|Protect\n|move|p1b: Torkoal|Fissure|p2b: Sinistcha\n|-damage|p2b: Sinistcha|0 fnt\n|faint|p2b: Sinistcha\n|-ohko\n|move|p2a: Farigiraf|Hyper Voice|p1b: Torkoal|[spread] p1b\n|-activate|p1a: Hawlucha|move: Protect\n|-damage|p1b: Torkoal|13/100\n|\n|-weather|SunnyDay|[upkeep]\n|upkeep\n|\n|t:|1776685133\n|switch|p2b: Rhyperior|Rhyperior, L50, F|100/100\n|turn|3\n|\n|t:|1776685153\n|move|p1b: Torkoal|Solar Beam||[still]\n|-prepare|p1b: Torkoal|Solar Beam\n|-anim|p1b: Torkoal|Solar Beam|p2b: Rhyperior\n|-supereffective|p2b: Rhyperior|2\n|-enditem|p2b: Rhyperior|Focus Sash\n|-damage|p2b: Rhyperior|1/100\n|move|p2b: Rhyperior|Rock Slide|p1a: Hawlucha|[spread] p1a,p1b\n|-supereffective|p1b: Torkoal|1\n|-damage|p1a: Hawlucha|17/100\n|-damage|p1b: Torkoal|0 fnt\n|faint|p1b: Torkoal\n|move|p2a: Farigiraf|Hyper Voice|p1a: Hawlucha\n|-damage|p1a: Hawlucha|0 fnt\n|faint|p1a: Hawlucha\n|\n|-weather|SunnyDay|[upkeep]\n|upkeep\n|\n|t:|1776685168\n|switch|p1b: Kingambit|Kingambit, L50, M|100/100\n|switch|p1a: Kangaskhan|Kangaskhan, L50, F|100/100\n|turn|4\n|\n|t:|1776685184\n|move|p2b: Rhyperior|Protect|p2b: Rhyperior\n|-singleturn|p2b: Rhyperior|Protect\n|move|p1a: Kangaskhan|Fake Out||[still]\n|cant|p2a: Farigiraf|ability: Armor Tail|Fake Out|[of] p1a: Kangaskhan\n|move|p1b: Kingambit|Brick Break|p2b: Rhyperior\n|-activate|p2b: Rhyperior|move: Protect\n|move|p2a: Farigiraf|Hyper Voice|p1a: Kangaskhan|[spread] p1a,p1b\n|-resisted|p1b: Kingambit|1\n|-damage|p1a: Kangaskhan|63/100\n|-damage|p1b: Kingambit|82/100\n|\n|-weather|SunnyDay|[upkeep]\n|upkeep\n|turn|5\n|\n|t:|1776685200\n|move|p1a: Kangaskhan|Sucker Punch||[still]\n|cant|p2a: Farigiraf|ability: Armor Tail|Sucker Punch|[of] p1a: Kangaskhan\n|move|p2b: Rhyperior|High Horsepower|p1a: Kangaskhan\n|-damage|p1a: Kangaskhan|10/100\n|move|p1b: Kingambit|Kowtow Cleave|p2b: Rhyperior\n|-damage|p2b: Rhyperior|0 fnt\n|faint|p2b: Rhyperior\n|move|p2a: Farigiraf|Hyper Voice|p1b: Kingambit|[spread] p1a,p1b\n|-crit|p1a: Kangaskhan\n|-resisted|p1b: Kingambit|1\n|-damage|p1a: Kangaskhan|0 fnt\n|-damage|p1b: Kingambit|63/100\n|faint|p1a: Kangaskhan\n|\n|-weather|none\n|-fieldend|move: Trick Room\n|upkeep\n|\n|t:|1776685213\n|switch|p2b: Crabominable|Crabominable, L50, F|100/100\n|turn|6\n|\n|t:|1776685222\n|detailschange|p2b: Crabominable|Crabominable-Mega, L50, F\n|-mega|p2b: Crabominable|Crabominable|Crabominite\n|move|p2b: Crabominable|Mach Punch|p1b: Kingambit\n|-supereffective|p1b: Kingambit|2\n|-damage|p1b: Kingambit|0 fnt\n|faint|p1b: Kingambit\n|\n|win|Sandriu alola\n|raw|CTGLDOISBACKW's rating: 1043 &rarr; <strong>1031</strong><br />(-12 for losing)\n|raw|Sandriu alola's rating: 1129 &rarr; <strong>1148</strong><br />(+19 for winning)\n",
  "uploadtime": 1776685234,
  "views": 16,
  "formatid": "gen9championsvgc2026regma",
  "rating": 1031,
  "private": 0,
  "password": null
}