{
  "id": "gen9championsvgc2026regma-2581777157",
  "format": "[Gen 9 Champions] VGC 2026 Reg M-A",
  "players": [
    "Edgy14yearoldoc",
    "RookieInTraining"
  ],
  "log": "|j|\u2606Edgy14yearoldoc\n|j|\u2606RookieInTraining\n|t:|1776027581\n|gametype|doubles\n|player|p1|Edgy14yearoldoc|ingo|1222\n|player|p2|RookieInTraining|bugsy|1274\n|gen|9\n|tier|[Gen 9 Champions] VGC 2026 Reg M-A\n|rated|\n|rule|Species Clause: Limit one of each Pok\u00e9mon\n|rule|Item Clause: Limit 1 of each item\n|clearpoke\n|poke|p1|Scizor, L50, M|\n|poke|p1|Sinistcha, L50|\n|poke|p1|Incineroar, L50, F|\n|poke|p1|Kommo-o, L50, F|\n|poke|p1|Basculegion, L50, M|\n|poke|p1|Politoed, L50, M|\n|poke|p2|Pidgeot, L50, F|\n|poke|p2|Sylveon, L50, F|\n|poke|p2|Ninetales, L50, M|\n|poke|p2|Excadrill, L50, F|\n|poke|p2|Kangaskhan, L50, F|\n|poke|p2|Kleavor, L50, F|\n|teampreview|4\n|inactive|Battle timer is ON: inactive players will automatically lose when time's up. (requested by Edgy14yearoldoc)\n|\n|t:|1776027597\n|teamsize|p1|4\n|teamsize|p2|4\n|start\n|switch|p1a: VGC|Incineroar, L50, F|100/100\n|switch|p1b: Kommo-o|Kommo-o, L50, F|100/100\n|switch|p2a: Pidgeot|Pidgeot, L50, F|100/100\n|switch|p2b: Kangaskhan|Kangaskhan, L50, F|100/100\n|-ability|p1a: VGC|Intimidate|boost\n|-unboost|p2a: Pidgeot|atk|1\n|-fail|p2b: Kangaskhan|unboost|Attack|[from] ability: Scrappy|[of] p2b: Kangaskhan\n|turn|1\n|\n|t:|1776027614\n|switch|p1b: Politoed|Politoed, L50, M|100/100\n|-weather|RainDance|[from] ability: Drizzle|[of] p1b: Politoed\n|detailschange|p2a: Pidgeot|Pidgeot-Mega, L50, F\n|-mega|p2a: Pidgeot|Pidgeot|Pidgeotite\n|move|p2b: Kangaskhan|Fake Out|p1a: VGC\n|-damage|p1a: VGC|83/100\n|cant|p1a: VGC|flinch\n|move|p2a: Pidgeot|Hurricane|p1b: Politoed\n|-damage|p1b: Politoed|58/100\n|\n|-weather|RainDance|[upkeep]\n|-heal|p1b: Politoed|64/100|[from] item: Leftovers\n|upkeep\n|turn|2\n|inactive|Edgy14yearoldoc has 30 seconds left.\n|\n|t:|1776027640\n|move|p2a: Pidgeot|Hurricane|p1a: VGC\n|-damage|p1a: VGC|38/100\n|move|p2b: Kangaskhan|Last Resort|p1a: VGC\n|-damage|p1a: VGC|0 fnt\n|faint|p1a: VGC\n|move|p1b: Politoed|Weather Ball|p2a: Pidgeot\n|-damage|p2a: Pidgeot|31/100\n|\n|-weather|RainDance|[upkeep]\n|-heal|p1b: Politoed|70/100|[from] item: Leftovers\n|upkeep\n|\n|t:|1776027649\n|switch|p1a: Basculegion|Basculegion, L50, M|100/100\n|turn|3\n|\n|t:|1776027662\n|switch|p2b: Ninetales|Ninetales, L50, M|100/100\n|-weather|SunnyDay|[from] ability: Drought|[of] p2b: Ninetales\n|move|p2a: Pidgeot|Protect|p2a: Pidgeot\n|-singleturn|p2a: Pidgeot|Protect\n|move|p1a: Basculegion|Flip Turn|p2a: Pidgeot\n|-activate|p2a: Pidgeot|move: Protect\n|move|p1b: Politoed|Weather Ball|p2b: Ninetales\n|-resisted|p2b: Ninetales|1\n|-crit|p2b: Ninetales\n|-damage|p2b: Ninetales|71/100\n|\n|-weather|SunnyDay|[upkeep]\n|-heal|p1b: Politoed|76/100|[from] item: Leftovers\n|upkeep\n|turn|4\n|inactive|RookieInTraining has 30 seconds left.\n|\n|t:|1776027693\n|switch|p2a: Sylveon|Sylveon, L50, F|100/100\n|switch|p2b: Kangaskhan|Kangaskhan, L50, F|100/100\n|move|p1a: Basculegion|Flip Turn|p2a: Sylveon\n|-damage|p2a: Sylveon|75/100\n|\n|t:|1776027700\n|switch|p1a: Kommo-o|Kommo-o, L50, F|100/100|[from] Flip Turn\n|move|p1b: Politoed|Weather Ball|p2a: Sylveon\n|-damage|p2a: Sylveon|47/100\n|\n|-weather|SunnyDay|[upkeep]\n|-heal|p1b: Politoed|82/100|[from] item: Leftovers\n|upkeep\n|turn|5\n|\n|t:|1776027721\n|move|p1a: Kommo-o|Protect|p1a: Kommo-o\n|-singleturn|p1a: Kommo-o|Protect\n|move|p2b: Kangaskhan|Fake Out|p1b: Politoed\n|-damage|p1b: Politoed|57/100\n|move|p2a: Sylveon|Hyper Voice|p1b: Politoed|[spread] p1b\n|-activate|p1a: Kommo-o|move: Protect\n|-damage|p1b: Politoed|26/100\n|cant|p1b: Politoed|flinch\n|\n|-weather|SunnyDay|[upkeep]\n|-heal|p1b: Politoed|32/100|[from] item: Leftovers\n|upkeep\n|turn|6\n|\n|t:|1776027731\n|switch|p1b: Basculegion|Basculegion, L50, M|100/100\n|move|p2b: Kangaskhan|Last Resort|p1b: Basculegion\n|-damage|p1b: Basculegion|18/100\n|move|p1a: Kommo-o|Clangorous Soul|p1a: Kommo-o\n|-boost|p1a: Kommo-o|atk|1\n|-boost|p1a: Kommo-o|def|1\n|-boost|p1a: Kommo-o|spa|1\n|-boost|p1a: Kommo-o|spd|1\n|-boost|p1a: Kommo-o|spe|1\n|-damage|p1a: Kommo-o|68/100\n|move|p2a: Sylveon|Hyper Voice|p1b: Basculegion|[spread] p1b\n|-immune|p1a: Kommo-o|[from] ability: Soundproof\n|-damage|p1b: Basculegion|0 fnt\n|faint|p1b: Basculegion\n|\n|-weather|SunnyDay|[upkeep]\n|upkeep\n|\n|t:|1776027740\n|switch|p1b: Politoed|Politoed, L50, M|32/100\n|-weather|RainDance|[from] ability: Drizzle|[of] p1b: Politoed\n|turn|7\n|\n|t:|1776027747\n|switch|p2b: Ninetales|Ninetales, L50, M|71/100\n|-weather|SunnyDay|[from] ability: Drought|[of] p2b: Ninetales\n|move|p1a: Kommo-o|Aura Sphere|p2b: Ninetales\n|-damage|p2b: Ninetales|12/100\n|move|p2a: Sylveon|Hyper Voice|p1b: Politoed|[spread] p1b\n|-immune|p1a: Kommo-o|[from] ability: Soundproof\n|-damage|p1b: Politoed|0 fnt\n|faint|p1b: Politoed\n|\n|-weather|SunnyDay|[upkeep]\n|upkeep\n|turn|8\n|\n|t:|1776027761\n|move|p2a: Sylveon|Quick Attack|p1a: Kommo-o\n|-supereffective|p1a: Kommo-o|2\n|-damage|p1a: Kommo-o|36/100\n|-enditem|p1a: Kommo-o|Sitrus Berry|[eat]\n|-heal|p1a: Kommo-o|60/100|[from] item: Sitrus Berry\n|move|p1a: Kommo-o|Aura Sphere|p2b: Ninetales\n|-damage|p2b: Ninetales|0 fnt\n|faint|p2b: Ninetales\n|\n|-weather|SunnyDay|[upkeep]\n|upkeep\n|\n|t:|1776027768\n|switch|p2b: Pidgeot|Pidgeot-Mega, L50, F|31/100\n|turn|9\n|\n|t:|1776027780\n|move|p2b: Pidgeot|Protect|p2b: Pidgeot\n|-singleturn|p2b: Pidgeot|Protect\n|move|p2a: Sylveon|Quick Attack|p1a: Kommo-o\n|-supereffective|p1a: Kommo-o|2\n|-damage|p1a: Kommo-o|26/100\n|move|p1a: Kommo-o|Clanging Scales|p2b: Pidgeot|[spread] \n|-activate|p2b: Pidgeot|move: Protect\n|-immune|p2a: Sylveon\n|\n|-weather|SunnyDay|[upkeep]\n|upkeep\n|turn|10\n|\n|t:|1776027790\n|move|p2a: Sylveon|Quick Attack|p1a: Kommo-o\n|-supereffective|p1a: Kommo-o|2\n|-damage|p1a: Kommo-o|0 fnt\n|faint|p1a: Kommo-o\n|\n|win|RookieInTraining\n|raw|Edgy14yearoldoc's rating: 1222 &rarr; <strong>1201</strong><br />(-21 for losing)\n|raw|RookieInTraining's rating: 1274 &rarr; <strong>1295</strong><br />(+21 for winning)\n",
  "uploadtime": 1776027793,
  "views": 27,
  "formatid": "gen9championsvgc2026regma",
  "rating": 1201,
  "private": 0,
  "password": null
}