{
  "id": "gen9championsvgc2026regma-2584920474",
  "format": "[Gen 9 Champions] VGC 2026 Reg M-A",
  "players": [
    "lulvdisc",
    "gogolouie"
  ],
  "log": "|j|\u2606lulvdisc\n|j|\u2606gogolouie\n|t:|1776294628\n|gametype|doubles\n|player|p1|lulvdisc|sailor|1200\n|player|p2|gogolouie|266|1152\n|gen|9\n|tier|[Gen 9 Champions] VGC 2026 Reg M-A\n|rated|\n|rule|Species Clause: Limit one of each Pok\u00e9mon\n|rule|Item Clause: Limit 1 of each item\n|clearpoke\n|poke|p1|Pelipper, L50, F|\n|poke|p1|Archaludon, L50, M|\n|poke|p1|Dragonite, L50, F|\n|poke|p1|Basculegion, L50, M|\n|poke|p1|Rotom-Mow, L50|\n|poke|p1|Tauros-Paldea-Blaze, L50, M|\n|poke|p2|Whimsicott, L50, M|\n|poke|p2|Chandelure, L50, M|\n|poke|p2|Sableye, L50, F|\n|poke|p2|Tauros-Paldea-Aqua, L50, M|\n|poke|p2|Kangaskhan, L50, F|\n|poke|p2|Farigiraf, L50, F|\n|teampreview|4\n|inactive|Battle timer is ON: inactive players will automatically lose when time's up. (requested by lulvdisc)\n|inactive|gogolouie has 60 seconds left.\n|inactive|gogolouie has 30 seconds left.\n|\n|t:|1776294692\n|teamsize|p1|4\n|teamsize|p2|4\n|start\n|switch|p1a: Dragonite|Dragonite, L50, F|100/100\n|switch|p1b: Basculegion|Basculegion, L50, M|100/100\n|switch|p2a: Whimsicott|Whimsicott, L50, M|100/100\n|switch|p2b: Kangaskhan|Kangaskhan, L50, F|100/100\n|turn|1\n|\n|t:|1776294709\n|detailschange|p2b: Kangaskhan|Kangaskhan-Mega, L50, F\n|-mega|p2b: Kangaskhan|Kangaskhan|Kangaskhanite\n|move|p2b: Kangaskhan|Fake Out|p1a: Dragonite\n|-crit|p1a: Dragonite\n|-damage|p1a: Dragonite|70/100\n|-damage|p1a: Dragonite|64/100\n|-hitcount|p1a: Dragonite|2\n|move|p2a: Whimsicott|Tailwind|p2a: Whimsicott\n|-sidestart|p2: gogolouie|move: Tailwind\n|move|p1b: Basculegion|Flip Turn|p2b: Kangaskhan\n|-damage|p2b: Kangaskhan|62/100\n|\n|t:|1776294718\n|switch|p1b: Pelipper|Pelipper, L50, F|100/100|[from] Flip Turn\n|-weather|RainDance|[from] ability: Drizzle|[of] p1b: Pelipper\n|move|p1a: Dragonite|Icy Wind|p2a: Whimsicott|[spread] p2a,p2b\n|-supereffective|p2a: Whimsicott|1\n|-damage|p2a: Whimsicott|65/100\n|-damage|p2b: Kangaskhan|52/100\n|-unboost|p2a: Whimsicott|spe|1\n|-unboost|p2b: Kangaskhan|spe|1\n|\n|-weather|RainDance|[upkeep]\n|upkeep\n|turn|2\n|\n|t:|1776294737\n|switch|p2b: Tauros|Tauros-Paldea-Aqua, L50, M|100/100\n|-ability|p2b: Tauros|Intimidate|boost\n|-fail|p1a: Dragonite|unboost|Attack|[from] ability: Inner Focus|[of] p1a: Dragonite\n|-unboost|p1b: Pelipper|atk|1\n|detailschange|p1a: Dragonite|Dragonite-Mega, L50, F\n|-mega|p1a: Dragonite|Dragonite|Dragoninite\n|move|p2a: Whimsicott|Moonblast|p1a: Dragonite\n|-supereffective|p1a: Dragonite|1\n|-damage|p1a: Dragonite|17/100\n|move|p1a: Dragonite|Roost|p1a: Dragonite\n|-heal|p1a: Dragonite|67/100\n|-singleturn|p1a: Dragonite|move: Roost\n|move|p1b: Pelipper|Hurricane|p2a: Whimsicott\n|-supereffective|p2a: Whimsicott|1\n|-damage|p2a: Whimsicott|0 fnt\n|faint|p2a: Whimsicott\n|\n|-weather|RainDance|[upkeep]\n|upkeep\n|\n|t:|1776294753\n|switch|p2a: Sableye|Sableye, L50, F, shiny|100/100\n|turn|3\n|\n|t:|1776294777\n|move|p2a: Sableye|Encore|p1a: Dragonite\n|-start|p1a: Dragonite|Encore\n|move|p2b: Tauros|Raging Bull|p1b: Pelipper\n|-resisted|p1b: Pelipper|1\n|-damage|p1b: Pelipper|57/100\n|move|p1a: Dragonite|Roost|p1a: Dragonite\n|-heal|p1a: Dragonite|100/100\n|-singleturn|p1a: Dragonite|move: Roost\n|move|p1b: Pelipper|Hurricane|p2b: Tauros\n|-supereffective|p2b: Tauros|1\n|-damage|p2b: Tauros|0 fnt\n|faint|p2b: Tauros\n|\n|-weather|RainDance|[upkeep]\n|upkeep\n|\n|t:|1776294788\n|switch|p2b: Kangaskhan|Kangaskhan-Mega, L50, F|52/100\n|turn|4\n|\n|t:|1776294805\n|move|p1b: Pelipper|Protect|p1b: Pelipper\n|-singleturn|p1b: Pelipper|Protect\n|move|p2b: Kangaskhan|Double-Edge|p1b: Pelipper\n|-activate|p1b: Pelipper|move: Protect\n|move|p2a: Sableye|Knock Off|p1a: Dragonite\n|-damage|p1a: Dragonite|93/100\n|move|p1a: Dragonite|Roost|p1a: Dragonite\n|-heal|p1a: Dragonite|100/100\n|-singleturn|p1a: Dragonite|move: Roost\n|\n|-weather|RainDance|[upkeep]\n|-sideend|p2: gogolouie|move: Tailwind\n|upkeep\n|turn|5\n|\n|t:|1776294825\n|switch|p1a: Rotom|Rotom-Mow, L50|100/100\n|move|p2b: Kangaskhan|Double-Edge|p1b: Pelipper\n|-damage|p1b: Pelipper|0 fnt\n|faint|p1b: Pelipper\n|-hitcount|p1: Pelipper|1\n|-damage|p2b: Kangaskhan|38/100|[from] Recoil\n|move|p2a: Sableye|Knock Off|p1a: Rotom\n|-damage|p1a: Rotom|70/100\n|-enditem|p1a: Rotom|Kebia Berry|[from] move: Knock Off|[of] p2a: Sableye\n|\n|-weather|none\n|upkeep\n|\n|t:|1776294830\n|switch|p1b: Basculegion|Basculegion, L50, M|100/100\n|turn|6\n|inactive|gogolouie has 30 seconds left.\n|\n|t:|1776294860\n|move|p2b: Kangaskhan|Sucker Punch|p1b: Basculegion\n|-supereffective|p1b: Basculegion|1\n|-damage|p1b: Basculegion|37/100\n|-supereffective|p1b: Basculegion|1\n|-damage|p1b: Basculegion|19/100\n|-hitcount|p1b: Basculegion|2\n|move|p2a: Sableye|Quash|p1a: Rotom\n|-activate|p1a: Rotom|move: Quash\n|move|p1b: Basculegion|Wave Crash|p2a: Sableye\n|-damage|p2a: Sableye|22/100\n|-damage|p1b: Basculegion|0 fnt|[from] Recoil\n|faint|p1b: Basculegion\n|move|p1a: Rotom|Thunderbolt|p2b: Kangaskhan\n|-damage|p2b: Kangaskhan|0 fnt\n|faint|p2b: Kangaskhan\n|\n|upkeep\n|\n|t:|1776294864\n|switch|p1b: Dragonite|Dragonite-Mega, L50, F|100/100\n|turn|7\n|-message|gogolouie forfeited.\n|\n|win|lulvdisc\n|raw|lulvdisc's rating: 1200 &rarr; <strong>1222</strong><br />(+22 for winning)\n|raw|gogolouie's rating: 1152 &rarr; <strong>1130</strong><br />(-22 for losing)\n|l|\u2606gogolouie\n|player|p2|\n",
  "uploadtime": 1776294877,
  "views": 32,
  "formatid": "gen9championsvgc2026regma",
  "rating": 1130,
  "private": 0,
  "password": null
}