{
  "id": "gen9championsvgc2026regma-2586924856",
  "format": "[Gen 9 Champions] VGC 2026 Reg M-A",
  "players": [
    "raisedDeadWizard",
    "Wo-Chien<3"
  ],
  "log": "|j|\u2606raisedDeadWizard\n|j|\u2606Wo-Chien<3\n|t:|1776472345\n|gametype|doubles\n|player|p1|raisedDeadWizard|1|1097\n|player|p2|Wo-Chien<3|miku-ground|1147\n|gen|9\n|tier|[Gen 9 Champions] VGC 2026 Reg M-A\n|rated|\n|rule|Species Clause: Limit one of each Pok\u00e9mon\n|rule|Item Clause: Limit 1 of each item\n|clearpoke\n|poke|p1|Meowscarada, L50, M|\n|poke|p1|Sneasler, L50, F|\n|poke|p1|Charizard, L50, F|\n|poke|p1|Corviknight, L50, M|\n|poke|p1|Floette-Eternal, L50, F|\n|poke|p1|Wyrdeer, L50, F|\n|poke|p2|Froslass, L50, F|\n|poke|p2|Rotom-Frost, L50|\n|poke|p2|Sneasler, L50, M|\n|poke|p2|Kingambit, L50, M|\n|poke|p2|Garchomp, L50, M|\n|poke|p2|Aerodactyl, L50, F|\n|teampreview|4\n|\n|t:|1776472375\n|teamsize|p1|4\n|teamsize|p2|4\n|start\n|switch|p1a: Corviknight|Corviknight, L50, M|100/100\n|switch|p1b: Sneasler|Sneasler, L50, F|100/100\n|switch|p2a: Rotom|Rotom-Frost, L50|100/100\n|switch|p2b: Froslass|Froslass, L50, F|100/100\n|turn|1\n|\n|t:|1776472400\n|detailschange|p2b: Froslass|Froslass-Mega, L50, F\n|-mega|p2b: Froslass|Froslass|Froslassite\n|-weather|Snowscape|[from] ability: Snow Warning|[of] p2b: Froslass\n|move|p2a: Rotom|Electroweb|p1b: Sneasler|[spread] p1a,p1b\n|-supereffective|p1a: Corviknight|1\n|-damage|p1a: Corviknight|60/100\n|-damage|p1b: Sneasler|75/100\n|-ability|p1a: Corviknight|Mirror Armor\n|-unboost|p2a: Rotom|spe|1\n|-unboost|p1b: Sneasler|spe|1\n|-enditem|p1b: Sneasler|White Herb\n|-clearnegativeboost|p1b: Sneasler|[silent]\n|move|p1b: Sneasler|Close Combat|p2a: Rotom\n|-supereffective|p2a: Rotom|1\n|-damage|p2a: Rotom|0 fnt\n|-unboost|p1b: Sneasler|def|1\n|-unboost|p1b: Sneasler|spd|1\n|faint|p2a: Rotom\n|move|p2b: Froslass|Blizzard|p1b: Sneasler|[spread] p1a,p1b\n|-damage|p1a: Corviknight|14/100\n|-damage|p1b: Sneasler|0 fnt\n|-enditem|p1a: Corviknight|Sitrus Berry|[eat]\n|-heal|p1a: Corviknight|39/100|[from] item: Sitrus Berry\n|faint|p1b: Sneasler\n|move|p1a: Corviknight|Tailwind|p1a: Corviknight\n|-sidestart|p1: raisedDeadWizard|move: Tailwind\n|\n|-weather|Snowscape|[upkeep]\n|upkeep\n|\n|t:|1776472429\n|switch|p1b: Floette|Floette-Eternal, L50, F|100/100\n|switch|p2a: Kingambit|Kingambit, L50, M|100/100\n|turn|2\n|\n|t:|1776472472\n|switch|p1a: Meowscarada|Meowscarada, L50, M|100/100\n|detailschange|p1b: Floette|Floette-Mega, L50, F\n|-mega|p1b: Floette|Floette|Floettite\n|-ability|p1b: Floette|Fairy Aura\n|move|p1b: Floette|Light of Ruin|p2b: Froslass\n|-damage|p2b: Froslass|0 fnt\n|faint|p2b: Froslass\n|-damage|p1b: Floette|45/100|[from] Recoil\n|move|p2a: Kingambit|Iron Head|p1b: Floette\n|-supereffective|p1b: Floette|1\n|-damage|p1b: Floette|0 fnt\n|faint|p1b: Floette\n|\n|-weather|Snowscape|[upkeep]\n|upkeep\n|\n|t:|1776472485\n|switch|p2b: Sneasler|Sneasler, L50, M|100/100\n|switch|p1b: Corviknight|Corviknight, L50, M|39/100\n|turn|3\n|\n|t:|1776472499\n|move|p1a: Meowscarada|Protect|p1a: Meowscarada\n|-singleturn|p1a: Meowscarada|Protect\n|move|p1b: Corviknight|Protect|p1b: Corviknight\n|-singleturn|p1b: Corviknight|Protect\n|move|p2b: Sneasler|Protect|p2b: Sneasler\n|-singleturn|p2b: Sneasler|Protect\n|move|p2a: Kingambit|Kowtow Cleave|p1b: Corviknight\n|-activate|p1b: Corviknight|move: Protect\n|\n|-weather|Snowscape|[upkeep]\n|upkeep\n|turn|4\n|\n|t:|1776472520\n|move|p2a: Kingambit|Sucker Punch|p1b: Corviknight\n|-damage|p1b: Corviknight|8/100\n|move|p1a: Meowscarada|Flower Trick|p2a: Kingambit\n|-resisted|p2a: Kingambit|1\n|-crit|p2a: Kingambit\n|-damage|p2a: Kingambit|80/100\n|move|p1b: Corviknight|Brave Bird|p2b: Sneasler\n|-supereffective|p2b: Sneasler|1\n|-damage|p2b: Sneasler|0 fnt\n|faint|p2b: Sneasler\n|-damage|p1b: Corviknight|0 fnt|[from] Recoil\n|faint|p1b: Corviknight\n|\n|-weather|Snowscape|[upkeep]\n|-sideend|p1: raisedDeadWizard|move: Tailwind\n|upkeep\n|turn|5\n|\n|t:|1776472536\n|move|p1a: Meowscarada|Flower Trick|p2a: Kingambit\n|-resisted|p2a: Kingambit|1\n|-crit|p2a: Kingambit\n|-damage|p2a: Kingambit|60/100\n|move|p2a: Kingambit|Iron Head|p1a: Meowscarada\n|-damage|p1a: Meowscarada|29/100\n|\n|-weather|none\n|upkeep\n|turn|6\n|\n|t:|1776472544\n|move|p1a: Meowscarada|Flower Trick|p2a: Kingambit\n|-resisted|p2a: Kingambit|1\n|-crit|p2a: Kingambit\n|-damage|p2a: Kingambit|29/100\n|move|p2a: Kingambit|Iron Head|p1a: Meowscarada\n|-damage|p1a: Meowscarada|0 fnt\n|faint|p1a: Meowscarada\n|\n|win|Wo-Chien<3\n|raw|raisedDeadWizard's rating: 1097 &rarr; <strong>1076</strong><br />(-21 for losing)\n|raw|Wo-Chien&lt;3's rating: 1147 &rarr; <strong>1168</strong><br />(+21 for winning)\n",
  "uploadtime": 1776472546,
  "views": 20,
  "formatid": "gen9championsvgc2026regma",
  "rating": 1076,
  "private": 0,
  "password": null
}