{
  "id": "gen9championsvgc2026regma-2580737334",
  "format": "[Gen 9 Champions] VGC 2026 Reg M-A",
  "players": [
    "autiorez",
    "Buffawing"
  ],
  "log": "|j|\u2606autiorez\n|j|\u2606Buffawing\n|t:|1775928364\n|gametype|doubles\n|player|p1|autiorez|youngn|1046\n|player|p2|Buffawing|170|1040\n|gen|9\n|tier|[Gen 9 Champions] VGC 2026 Reg M-A\n|rated|\n|rule|Species Clause: Limit one of each Pok\u00e9mon\n|rule|Item Clause: Limit 1 of each item\n|clearpoke\n|poke|p1|Clefable, L50, M|\n|poke|p1|Incineroar, L50, F|\n|poke|p1|Whimsicott, L50, M|\n|poke|p1|Rotom-Wash, L50|\n|poke|p1|Arcanine-Hisui, L50, F|\n|poke|p1|Lucario, L50, M|\n|poke|p2|Tyranitar, L50, M|\n|poke|p2|Sinistcha, L50|\n|poke|p2|Klefki, L50, M|\n|poke|p2|Arcanine-Hisui, L50, M|\n|poke|p2|Clefable, L50, M|\n|poke|p2|Bastiodon, L50, M|\n|teampreview|4\n|inactive|Battle timer is ON: inactive players will automatically lose when time's up. (requested by autiorez)\n|\n|t:|1775928387\n|teamsize|p1|4\n|teamsize|p2|4\n|start\n|switch|p1a: Incineroar|Incineroar, L50, F|100/100\n|switch|p1b: Lucario|Lucario, L50, M|100/100\n|switch|p2a: Tyranitar|Tyranitar, L50, M|100/100\n|switch|p2b: Bastiodon|Bastiodon, L50, M|100/100\n|-ability|p1a: Incineroar|Intimidate|boost\n|-unboost|p2a: Tyranitar|atk|1\n|-unboost|p2b: Bastiodon|atk|1\n|-weather|Sandstorm|[from] ability: Sand Stream|[of] p2a: Tyranitar\n|turn|1\n|inactive|Buffawing has 30 seconds left.\n|\n|t:|1775928413\n|move|p1b: Lucario|Detect|p1b: Lucario\n|-singleturn|p1b: Lucario|Protect\n|move|p1a: Incineroar|Fake Out|p2b: Bastiodon\n|-resisted|p2b: Bastiodon|2\n|-damage|p2b: Bastiodon|98/100\n|move|p2a: Tyranitar|Stealth Rock|p1a: Incineroar\n|-sidestart|p1: autiorez|move: Stealth Rock\n|cant|p2b: Bastiodon|flinch\n|\n|-weather|Sandstorm|[upkeep]\n|-damage|p1a: Incineroar|95/100|[from] Sandstorm\n|-heal|p2b: Bastiodon|100/100|[from] item: Leftovers\n|upkeep\n|turn|2\n|inactive|autiorez has 30 seconds left.\n|inactive|Buffawing has 30 seconds left.\n|\n|t:|1775928442\n|move|p1b: Lucario|Close Combat|p2a: Tyranitar\n|-supereffective|p2a: Tyranitar|2\n|-damage|p2a: Tyranitar|0 fnt\n|-unboost|p1b: Lucario|def|1\n|-unboost|p1b: Lucario|spd|1\n|faint|p2a: Tyranitar\n|move|p1a: Incineroar|Parting Shot|p2b: Bastiodon\n|-immune|p2b: Bastiodon|[from] ability: Soundproof\n|move|p2b: Bastiodon|Taunt|p1a: Incineroar\n|-start|p1a: Incineroar|move: Taunt\n|\n|-weather|Sandstorm|[upkeep]\n|-damage|p1a: Incineroar|89/100|[from] Sandstorm\n|upkeep\n|c|\u2606autiorez|how the hell is that a sound move\n|\n|t:|1775928459\n|switch|p2a: Clefable|Clefable, L50, M|100/100\n|turn|3\n|\n|t:|1775928482\n|detailschange|p1b: Lucario|Lucario-Mega, L50, M\n|-mega|p1b: Lucario|Lucario|Lucarionite\n|detailschange|p2a: Clefable|Clefable-Mega, L50, M\n|-mega|p2a: Clefable|Clefable|Clefablite\n|move|p1b: Lucario|Close Combat|p2b: Bastiodon\n|-supereffective|p2b: Bastiodon|2\n|-damage|p2b: Bastiodon|0 fnt\n|-unboost|p1b: Lucario|def|1\n|-unboost|p1b: Lucario|spd|1\n|faint|p2b: Bastiodon\n|move|p2a: Clefable|Chilling Water|p1a: Incineroar\n|-supereffective|p1a: Incineroar|1\n|-damage|p1a: Incineroar|57/100\n|-unboost|p1a: Incineroar|atk|1\n|move|p1a: Incineroar|Flare Blitz|p2a: Clefable\n|-damage|p2a: Clefable|68/100\n|-damage|p1a: Incineroar|46/100|[from] Recoil\n|-enditem|p1a: Incineroar|Sitrus Berry|[eat]\n|-heal|p1a: Incineroar|71/100|[from] item: Sitrus Berry\n|\n|-weather|Sandstorm|[upkeep]\n|-damage|p2a: Clefable|62/100|[from] Sandstorm\n|-damage|p1a: Incineroar|65/100|[from] Sandstorm\n|upkeep\n|\n|t:|1775928504\n|switch|p2b: Sinistcha|Sinistcha, L50|100/100\n|-heal|p2a: Clefable|87/100|[from] ability: Hospitality|[of] p2b: Sinistcha\n|turn|4\n|\n|t:|1775928522\n|move|p1b: Lucario|Detect|p1b: Lucario\n|-singleturn|p1b: Lucario|Protect\n|move|p2a: Clefable|Calm Mind|p2a: Clefable\n|-boost|p2a: Clefable|spa|1\n|-boost|p2a: Clefable|spd|1\n|move|p2b: Sinistcha|Pain Split|p1b: Lucario\n|-activate|p1b: Lucario|move: Protect\n|move|p1a: Incineroar|Snarl|p2a: Clefable|[spread] p2a,p2b\n|-resisted|p2a: Clefable|1\n|-supereffective|p2b: Sinistcha|1\n|-damage|p2a: Clefable|83/100\n|-damage|p2b: Sinistcha|76/100\n|-unboost|p2a: Clefable|spa|1\n|-unboost|p2b: Sinistcha|spa|1\n|\n|-weather|Sandstorm|[upkeep]\n|-damage|p2a: Clefable|78/100|[from] Sandstorm\n|-damage|p2b: Sinistcha|70/100|[from] Sandstorm\n|-damage|p1a: Incineroar|59/100|[from] Sandstorm\n|upkeep\n|turn|5\n|inactive|Buffawing has 30 seconds left.\n|\n|t:|1775928548\n|switch|p1b: Clefable|Clefable, L50, M|100/100\n|-damage|p1b: Clefable|88/100|[from] Stealth Rock\n|move|p2a: Clefable|Calm Mind|p2a: Clefable\n|-boost|p2a: Clefable|spa|1\n|-boost|p2a: Clefable|spd|1\n|move|p2b: Sinistcha|Strength Sap|p1b: Clefable\n|-unboost|p1b: Clefable|atk|1\n|-heal|p2b: Sinistcha|100/100\n|move|p1a: Incineroar|Snarl|p2a: Clefable|[spread] p2a,p2b\n|-resisted|p2a: Clefable|1\n|-supereffective|p2b: Sinistcha|1\n|-damage|p2a: Clefable|74/100\n|-damage|p2b: Sinistcha|76/100\n|-unboost|p2a: Clefable|spa|1\n|-unboost|p2b: Sinistcha|spa|1\n|\n|-weather|none\n|-end|p1a: Incineroar|move: Taunt\n|upkeep\n|turn|6\n|\n|t:|1775928572\n|move|p2a: Clefable|Chilling Water|p1a: Incineroar\n|-supereffective|p1a: Incineroar|1\n|-damage|p1a: Incineroar|29/100\n|-unboost|p1a: Incineroar|atk|1\n|move|p2b: Sinistcha|Matcha Gotcha|p1b: Clefable|[spread] p1a,p1b\n|-resisted|p1a: Incineroar|1\n|-damage|p1a: Incineroar|22/100\n|-heal|p2b: Sinistcha|80/100|[from] drain|[of] p1a: Incineroar\n|-damage|p1b: Clefable|65/100\n|-heal|p2b: Sinistcha|96/100|[from] drain|[of] p1b: Clefable\n|-status|p1b: Clefable|brn\n|move|p1b: Clefable|Heal Pulse|p1a: Incineroar\n|-heal|p1a: Incineroar|72/100\n|move|p1a: Incineroar|Snarl|p2b: Sinistcha|[spread] p2a,p2b\n|-resisted|p2a: Clefable|1\n|-supereffective|p2b: Sinistcha|1\n|-damage|p2a: Clefable|71/100\n|-damage|p2b: Sinistcha|67/100\n|-unboost|p2a: Clefable|spa|1\n|-unboost|p2b: Sinistcha|spa|1\n|\n|-damage|p1b: Clefable|59/100 brn|[from] brn\n|upkeep\n|turn|7\n|c|\u2606autiorez|kid named unaware:\n|inactive|Buffawing has 30 seconds left.\n|inactive|Buffawing has 20 seconds left.\n|\n|t:|1775928608\n|move|p2a: Clefable|Chilling Water|p1a: Incineroar\n|-supereffective|p1a: Incineroar|1\n|-damage|p1a: Incineroar|49/100\n|-unboost|p1a: Incineroar|atk|1\n|move|p2b: Sinistcha|Matcha Gotcha|p1b: Clefable|[spread] p1a,p1b\n|-resisted|p1a: Incineroar|1\n|-damage|p1a: Incineroar|43/100\n|-heal|p2b: Sinistcha|70/100|[from] drain|[of] p1a: Incineroar\n|-damage|p1b: Clefable|39/100 brn\n|-heal|p2b: Sinistcha|85/100|[from] drain|[of] p1b: Clefable\n|move|p1b: Clefable|Moonlight|p1b: Clefable\n|-heal|p1b: Clefable|89/100 brn\n|move|p1a: Incineroar|Snarl|p2b: Sinistcha|[spread] p2b\n|-miss|p1a: Incineroar|p2a: Clefable\n|-supereffective|p2b: Sinistcha|1\n|-damage|p2b: Sinistcha|59/100\n|-unboost|p2b: Sinistcha|spa|1\n|\n|-damage|p1b: Clefable|83/100 brn|[from] brn\n|upkeep\n|turn|8\n|inactive|Buffawing has 30 seconds left.\n|\n|t:|1775928637\n|move|p1b: Clefable|Follow Me|p1b: Clefable\n|-singleturn|p1b: Clefable|move: Follow Me\n|move|p2a: Clefable|Calm Mind|p2a: Clefable\n|-boost|p2a: Clefable|spa|1\n|-boost|p2a: Clefable|spd|1\n|move|p2b: Sinistcha|Strength Sap|p1b: Clefable\n|-unboost|p1b: Clefable|atk|1\n|-heal|p2b: Sinistcha|96/100\n|move|p1a: Incineroar|Snarl|p2b: Sinistcha|[spread] p2a,p2b\n|-resisted|p2a: Clefable|1\n|-supereffective|p2b: Sinistcha|1\n|-damage|p2a: Clefable|69/100\n|-damage|p2b: Sinistcha|70/100\n|-unboost|p2a: Clefable|spa|1\n|-unboost|p2b: Sinistcha|spa|1\n|\n|-damage|p1b: Clefable|77/100 brn|[from] brn\n|upkeep\n|turn|9\n|\n|t:|1775928660\n|move|p2a: Clefable|Calm Mind|p2a: Clefable\n|-boost|p2a: Clefable|spa|1\n|-boost|p2a: Clefable|spd|1\n|move|p2b: Sinistcha|Strength Sap|p1a: Incineroar\n|-unboost|p1a: Incineroar|atk|1\n|-heal|p2b: Sinistcha|100/100\n|move|p1b: Clefable|Heal Pulse|p1a: Incineroar\n|-heal|p1a: Incineroar|93/100\n|move|p1a: Incineroar|Snarl|p2b: Sinistcha|[spread] p2a,p2b\n|-resisted|p2a: Clefable|1\n|-supereffective|p2b: Sinistcha|1\n|-damage|p2a: Clefable|68/100\n|-damage|p2b: Sinistcha|74/100\n|-unboost|p2a: Clefable|spa|1\n|-unboost|p2b: Sinistcha|spa|1\n|\n|-damage|p1b: Clefable|71/100 brn|[from] brn\n|upkeep\n|turn|10\n|inactive|Buffawing has 30 seconds left.\n|inactive|Buffawing has 20 seconds left.\n|c|\u2606autiorez|it might be ggs man\n|inactive|Buffawing has 15 seconds left.\n|\n|t:|1775928701\n|move|p2a: Clefable|Alluring Voice|p1b: Clefable\n|-damage|p1b: Clefable|41/100 brn\n|move|p2b: Sinistcha|Strength Sap|p1a: Incineroar\n|-unboost|p1a: Incineroar|atk|1\n|-heal|p2b: Sinistcha|100/100\n|move|p1b: Clefable|Moonlight|p1b: Clefable\n|-heal|p1b: Clefable|91/100 brn\n|move|p1a: Incineroar|Snarl|p2b: Sinistcha|[spread] p2a,p2b\n|-resisted|p2a: Clefable|1\n|-supereffective|p2b: Sinistcha|1\n|-damage|p2a: Clefable|66/100\n|-damage|p2b: Sinistcha|74/100\n|-unboost|p2a: Clefable|spa|1\n|\n|-damage|p1b: Clefable|85/100 brn|[from] brn\n|upkeep\n|turn|11\n|\n|t:|1775928728\n|move|p2a: Clefable|Encore|p1b: Clefable\n|-start|p1b: Clefable|Encore\n|move|p2b: Sinistcha|Poltergeist||[still]\n|-fail|p2b: Sinistcha\n|move|p1b: Clefable|Moonlight|p1b: Clefable\n|-heal|p1b: Clefable|100/100 brn\n|move|p1a: Incineroar|Snarl|p2a: Clefable|[spread] p2a,p2b\n|-resisted|p2a: Clefable|1\n|-supereffective|p2b: Sinistcha|1\n|-damage|p2a: Clefable|64/100\n|-damage|p2b: Sinistcha|44/100\n|-unboost|p2a: Clefable|spa|1\n|\n|-damage|p1b: Clefable|95/100 brn|[from] brn\n|upkeep\n|turn|12\n|\n|t:|1775928748\n|switch|p1b: Rotom|Rotom-Wash, L50|100/100\n|-damage|p1b: Rotom|88/100|[from] Stealth Rock\n|move|p2a: Clefable|Chilling Water|p1a: Incineroar\n|-supereffective|p1a: Incineroar|1\n|-damage|p1a: Incineroar|80/100\n|-unboost|p1a: Incineroar|atk|1\n|move|p2b: Sinistcha|Strength Sap||[still]\n|-fail|p2b: Sinistcha\n|move|p1a: Incineroar|Snarl|p2b: Sinistcha|[spread] p2a,p2b\n|-resisted|p2a: Clefable|1\n|-supereffective|p2b: Sinistcha|1\n|-damage|p2a: Clefable|62/100\n|-damage|p2b: Sinistcha|18/100\n|-unboost|p2a: Clefable|spa|1\n|\n|-heal|p1b: Rotom|94/100|[from] item: Leftovers\n|upkeep\n|turn|13\n|inactive|Buffawing has 30 seconds left.\n|\n|t:|1775928776\n|move|p1b: Rotom|Protect|p1b: Rotom\n|-singleturn|p1b: Rotom|Protect\n|move|p2a: Clefable|Calm Mind|p2a: Clefable\n|-boost|p2a: Clefable|spa|1\n|-boost|p2a: Clefable|spd|1\n|move|p2b: Sinistcha|Matcha Gotcha|p1b: Rotom|[spread] p1a\n|-activate|p1b: Rotom|move: Protect\n|-resisted|p1a: Incineroar|1\n|-damage|p1a: Incineroar|77/100\n|-heal|p2b: Sinistcha|20/100|[from] drain|[of] p1a: Incineroar\n|move|p1a: Incineroar|Snarl|p2a: Clefable|[spread] p2a,p2b\n|-resisted|p2a: Clefable|1\n|-supereffective|p2b: Sinistcha|1\n|-damage|p2a: Clefable|60/100\n|-damage|p2b: Sinistcha|0 fnt\n|-unboost|p2a: Clefable|spa|1\n|faint|p2b: Sinistcha\n|\n|-heal|p1b: Rotom|99/100|[from] item: Leftovers\n|upkeep\n|turn|14\n|c|\u2606autiorez|gg\n|inactive|Buffawing has 30 seconds left.\n|inactive|Buffawing has 20 seconds left.\n|\n|t:|1775928814\n|switch|p1a: Clefable|Clefable, L50, M|95/100 brn\n|-damage|p1a: Clefable|82/100 brn|[from] Stealth Rock\n|move|p1b: Rotom|Volt Switch|p2a: Clefable\n|-supereffective|p2a: Clefable|1\n|-damage|p2a: Clefable|45/100\n|\n|t:|1775928819\n|switch|p1b: Incineroar|Incineroar, L50, F|77/100|[from] Volt Switch\n|-damage|p1b: Incineroar|52/100|[from] Stealth Rock\n|-ability|p1b: Incineroar|Intimidate|boost\n|-unboost|p2a: Clefable|atk|1\n|move|p2a: Clefable|Alluring Voice|p1a: Clefable\n|-damage|p1a: Clefable|53/100 brn\n|\n|-damage|p1a: Clefable|48/100 brn|[from] brn\n|upkeep\n|turn|15\n|inactive|Buffawing has 30 seconds left.\n|\n|t:|1775928833\n|move|p1b: Incineroar|Fake Out|p2a: Clefable\n|-damage|p2a: Clefable|35/100\n|cant|p2a: Clefable|flinch\n|move|p1a: Clefable|Moonlight|p1a: Clefable\n|-heal|p1a: Clefable|98/100 brn\n|\n|-damage|p1a: Clefable|92/100 brn|[from] brn\n|upkeep\n|turn|16\n|inactive|Buffawing has 30 seconds left this turn.\n|inactive|Buffawing has 20 seconds left.\n|c|\u2606autiorez|no recovery either\n|inactive|Buffawing has 15 seconds left.\n|inactive|Buffawing has 10 seconds left.\n|\n|t:|1775928854\n|move|p2a: Clefable|Alluring Voice|p1b: Incineroar\n|-damage|p1b: Incineroar|38/100\n|move|p1a: Clefable|Heal Pulse|p1b: Incineroar\n|-heal|p1b: Incineroar|88/100\n|move|p1b: Incineroar|Flare Blitz|p2a: Clefable\n|-damage|p2a: Clefable|0 fnt\n|faint|p2a: Clefable\n|-damage|p1b: Incineroar|77/100|[from] Recoil\n|\n|win|autiorez\n|raw|autiorez's rating: 1046 &rarr; <strong>1079</strong><br />(+33 for winning)\n|raw|Buffawing's rating: 1040 &rarr; <strong>1024</strong><br />(-16 for losing)\n|c|\u2606autiorez|busted\n",
  "uploadtime": 1775928866,
  "views": 15,
  "formatid": "gen9championsvgc2026regma",
  "rating": 1024,
  "private": 0,
  "password": null
}