{
  "id": "gen9championsvgc2026regma-2585901660",
  "format": "[Gen 9 Champions] VGC 2026 Reg M-A",
  "players": [
    "Pevar_8",
    "youbunto0"
  ],
  "log": "|j|\u2606Pevar_8\n|j|\u2606youbunto0\n|t:|1776379833\n|gametype|doubles\n|player|p1|Pevar_8|169|1060\n|player|p2|youbunto0|266|1083\n|gen|9\n|tier|[Gen 9 Champions] VGC 2026 Reg M-A\n|rated|\n|rule|Species Clause: Limit one of each Pok\u00e9mon\n|rule|Item Clause: Limit 1 of each item\n|clearpoke\n|poke|p1|Incineroar, L50, M|\n|poke|p1|Gengar, L50, M|\n|poke|p1|Kingambit, L50, F|\n|poke|p1|Corviknight, L50, M|\n|poke|p1|Maushold, L50|\n|poke|p1|Ninetales-Alola, L50, F|\n|poke|p2|Garchomp, L50, F|\n|poke|p2|Charizard, L50, F|\n|poke|p2|Incineroar, L50, M|\n|poke|p2|Venusaur, L50, M|\n|poke|p2|Gardevoir, L50, F|\n|poke|p2|Milotic, L50, F|\n|teampreview|4\n|inactive|Battle timer is ON: inactive players will automatically lose when time's up. (requested by youbunto0)\n|\n|t:|1776379868\n|teamsize|p1|4\n|teamsize|p2|4\n|start\n|switch|p1a: Gengar|Gengar, L50, M, shiny|100/100\n|switch|p1b: Incineroar|Incineroar, L50, M|100/100\n|switch|p2a: Charizard|Charizard, L50, F|100/100\n|switch|p2b: Incineroar|Incineroar, L50, M|100/100\n|-ability|p1b: Incineroar|Intimidate|boost\n|-unboost|p2a: Charizard|atk|1\n|-unboost|p2b: Incineroar|atk|1\n|-ability|p2b: Incineroar|Intimidate|boost\n|-unboost|p1a: Gengar|atk|1\n|-unboost|p1b: Incineroar|atk|1\n|turn|1\n|\n|t:|1776379881\n|detailschange|p1a: Gengar|Gengar-Mega, L50, M, shiny\n|-mega|p1a: Gengar|Gengar|Gengarite\n|detailschange|p2a: Charizard|Charizard-Mega-Y, L50, F\n|-mega|p2a: Charizard|Charizard|Charizardite Y\n|-weather|SunnyDay|[from] ability: Drought|[of] p2a: Charizard\n|move|p1b: Incineroar|Fake Out|p2a: Charizard\n|-damage|p2a: Charizard|90/100\n|move|p2b: Incineroar|Fake Out|p1b: Incineroar\n|-damage|p1b: Incineroar|93/100\n|move|p1a: Gengar|Perish Song|p1a: Gengar\n|-start|p1a: Gengar|perish3|[silent]\n|-start|p1b: Incineroar|perish3|[silent]\n|-start|p2a: Charizard|perish3|[silent]\n|-start|p2b: Incineroar|perish3|[silent]\n|-fieldactivate|move: Perish Song\n|cant|p2a: Charizard|flinch\n|\n|-weather|SunnyDay|[upkeep]\n|-start|p1a: Gengar|perish3\n|-start|p2a: Charizard|perish3\n|-start|p1b: Incineroar|perish3\n|-start|p2b: Incineroar|perish3\n|upkeep\n|turn|2\n|\n|t:|1776379905\n|switch|p1b: Ninetales|Ninetales-Alola, L50, F|100/100\n|-weather|Snowscape|[from] ability: Snow Warning|[of] p1b: Ninetales\n|move|p1a: Gengar|Protect|p1a: Gengar\n|-singleturn|p1a: Gengar|Protect\n|move|p2a: Charizard|Heat Wave|p1b: Ninetales|[spread] p1b\n|-activate|p1a: Gengar|move: Protect\n|-supereffective|p1b: Ninetales|1\n|-enditem|p1b: Ninetales|Occa Berry|[eat]\n|-enditem|p1b: Ninetales|Occa Berry|[weaken]\n|-damage|p1b: Ninetales|56/100\n|move|p2b: Incineroar|Darkest Lariat|p1a: Gengar\n|-activate|p1a: Gengar|move: Protect\n|\n|-weather|Snowscape|[upkeep]\n|-start|p1a: Gengar|perish2\n|-start|p2a: Charizard|perish2\n|-start|p2b: Incineroar|perish2\n|upkeep\n|turn|3\n|inactive|Pevar_8 has 30 seconds left.\n|\n|t:|1776379931\n|move|p1a: Gengar|Disable|p2b: Incineroar\n|-start|p2b: Incineroar|Disable|Darkest Lariat\n|move|p1b: Ninetales|Aurora Veil|p1b: Ninetales\n|-sidestart|p1: Pevar_8|move: Aurora Veil\n|move|p2a: Charizard|Heat Wave|p1a: Gengar|[spread] p1a,p1b\n|-supereffective|p1b: Ninetales|1\n|-damage|p1a: Gengar|67/100\n|-damage|p1b: Ninetales|2/100\n|cant|p2b: Incineroar|Disable|Darkest Lariat\n|\n|-weather|Snowscape|[upkeep]\n|-start|p1a: Gengar|perish1\n|-start|p2a: Charizard|perish1\n|-start|p2b: Incineroar|perish1\n|upkeep\n|turn|4\n|\n|t:|1776379948\n|switch|p1a: Maushold|Maushold, L50|100/100\n|move|p1b: Ninetales|Protect|p1b: Ninetales\n|-singleturn|p1b: Ninetales|Protect\n|move|p2a: Charizard|Heat Wave|p1a: Maushold|[spread] p1a\n|-activate|p1b: Ninetales|move: Protect\n|-damage|p1a: Maushold|65/100\n|move|p2b: Incineroar|Parting Shot|p1b: Ninetales\n|-activate|p1b: Ninetales|move: Protect\n|\n|-weather|Snowscape|[upkeep]\n|-start|p2a: Charizard|perish0\n|-start|p2b: Incineroar|perish0\n|faint|p2a: Charizard\n|faint|p2b: Incineroar\n|upkeep\n|\n|t:|1776379956\n|switch|p2a: Venusaur|Venusaur, L50, M|100/100\n|switch|p2b: Garchomp|Garchomp, L50, F|100/100\n|turn|5\n|inactive|youbunto0 has 30 seconds left.\n|inactive|youbunto0 has 20 seconds left.\n|inactive|youbunto0 has 15 seconds left.\n|\n|t:|1776380000\n|move|p1a: Maushold|Switcheroo|p2a: Venusaur\n|-activate|p1a: Maushold|move: Trick|[of] p2a: Venusaur\n|-item|p2a: Venusaur|Choice Scarf|[from] move: Switcheroo\n|-item|p1a: Maushold|Focus Sash|[from] move: Switcheroo\n|move|p1b: Ninetales|Icy Wind|p2a: Venusaur|[spread] p2a,p2b\n|-supereffective|p2a: Venusaur|1\n|-supereffective|p2b: Garchomp|2\n|-damage|p2a: Venusaur|80/100\n|-damage|p2b: Garchomp|40/100\n|-unboost|p2a: Venusaur|spe|1\n|-unboost|p2b: Garchomp|spe|1\n|-enditem|p2b: Garchomp|Sitrus Berry|[eat]\n|-heal|p2b: Garchomp|65/100|[from] item: Sitrus Berry\n|move|p2b: Garchomp|Earthquake|p1b: Ninetales|[spread] p2a,p1a,p1b\n|-damage|p2a: Venusaur|29/100\n|-damage|p1a: Maushold|33/100\n|-damage|p1b: Ninetales|0 fnt\n|faint|p1b: Ninetales\n|move|p2a: Venusaur|Sleep Powder|p1a: Maushold\n|-status|p1a: Maushold|slp|[from] move: Sleep Powder\n|\n|-weather|Snowscape|[upkeep]\n|upkeep\n|\n|t:|1776380020\n|switch|p1b: Incineroar|Incineroar, L50, M|93/100\n|-ability|p1b: Incineroar|Intimidate|boost\n|-unboost|p2a: Venusaur|atk|1\n|-unboost|p2b: Garchomp|atk|1\n|turn|6\n|\n|t:|1776380040\n|move|p1b: Incineroar|Protect|p1b: Incineroar\n|-singleturn|p1b: Incineroar|Protect\n|cant|p1a: Maushold|slp\n|move|p2b: Garchomp|Earthquake|p1b: Incineroar|[spread] p2a,p1a\n|-activate|p1b: Incineroar|move: Protect\n|-crit|p2a: Venusaur\n|-damage|p2a: Venusaur|0 fnt\n|-damage|p1a: Maushold|11/100 slp\n|faint|p2a: Venusaur\n|\n|-weather|none\n|upkeep\n|turn|7\n|inactive|Pevar_8 has 30 seconds left.\n|\n|t:|1776380069\n|cant|p1a: Maushold|slp\n|move|p2b: Garchomp|Rock Slide|p1b: Incineroar|[spread] p1a,p1b\n|-supereffective|p1b: Incineroar|1\n|-damage|p1a: Maushold|0 fnt\n|-damage|p1b: Incineroar|82/100\n|faint|p1a: Maushold\n|cant|p1b: Incineroar|flinch\n|\n|-sideend|p1: Pevar_8|move: Aurora Veil\n|upkeep\n|\n|t:|1776380078\n|switch|p1a: Gengar|Gengar-Mega, L50, M, shiny|67/100\n|turn|8\n|\n|t:|1776380103\n|move|p1a: Gengar|Protect|p1a: Gengar\n|-singleturn|p1a: Gengar|Protect\n|move|p2b: Garchomp|Protect|p2b: Garchomp\n|-singleturn|p2b: Garchomp|Protect\n|move|p1b: Incineroar|Protect||[still]\n|-fail|p1b: Incineroar\n|\n|upkeep\n|turn|9\n|c|\u2606Pevar_8|WHAT A TURN\n|\n|t:|1776380126\n|move|p1b: Incineroar|Protect|p1b: Incineroar\n|-singleturn|p1b: Incineroar|Protect\n|move|p1a: Gengar|Perish Song|p1a: Gengar\n|-start|p1a: Gengar|perish3|[silent]\n|-start|p1b: Incineroar|perish3|[silent]\n|-start|p2b: Garchomp|perish3|[silent]\n|-fieldactivate|move: Perish Song\n|move|p2b: Garchomp|Earthquake|p1a: Gengar|[spread] p1a\n|-activate|p1b: Incineroar|move: Protect\n|-supereffective|p1a: Gengar|1\n|-damage|p1a: Gengar|5/100\n|\n|-start|p1a: Gengar|perish3\n|-start|p2b: Garchomp|perish3\n|-start|p1b: Incineroar|perish3\n|upkeep\n|turn|10\n|\n|t:|1776380142\n|move|p1a: Gengar|Disable|p2b: Garchomp\n|-start|p2b: Garchomp|Disable|Earthquake\n|cant|p2b: Garchomp|Disable|Earthquake\n|move|p1b: Incineroar|Parting Shot|p2b: Garchomp\n|-unboost|p2b: Garchomp|atk|1\n|-unboost|p2b: Garchomp|spa|1\n|\n|-start|p1a: Gengar|perish2\n|-start|p2b: Garchomp|perish2\n|-start|p1b: Incineroar|perish2\n|upkeep\n|turn|11\n|\n|t:|1776380166\n|move|p1a: Gengar|Protect|p1a: Gengar\n|-singleturn|p1a: Gengar|Protect\n|move|p1b: Incineroar|Protect|p1b: Incineroar\n|-singleturn|p1b: Incineroar|Protect\n|move|p2b: Garchomp|Rock Slide|p1b: Incineroar|[spread] \n|-activate|p1a: Gengar|move: Protect\n|-activate|p1b: Incineroar|move: Protect\n|\n|-start|p1a: Gengar|perish1\n|-start|p2b: Garchomp|perish1\n|-start|p1b: Incineroar|perish1\n|upkeep\n|turn|12\n|inactive|Pevar_8 has 30 seconds left.\n|\n|t:|1776380193\n|move|p1a: Gengar|Protect||[still]\n|-fail|p1a: Gengar\n|move|p1b: Incineroar|Protect|p1b: Incineroar\n|-singleturn|p1b: Incineroar|Protect\n|move|p2b: Garchomp|Rock Slide|p1b: Incineroar|[spread] p1a\n|-activate|p1b: Incineroar|move: Protect\n|-damage|p1a: Gengar|0 fnt\n|faint|p1a: Gengar\n|\n|-start|p2b: Garchomp|perish0\n|-start|p1b: Incineroar|perish0\n|faint|p2b: Garchomp\n|faint|p1b: Incineroar\n|\n|win|Pevar_8\n|raw|Pevar_8's rating: 1060 &rarr; <strong>1093</strong><br />(+33 for winning)\n|raw|youbunto0's rating: 1083 &rarr; <strong>1059</strong><br />(-24 for losing)\n|l|\u2606youbunto0\n|player|p2|\n|c|\u2606Pevar_8|Never punished\n",
  "uploadtime": 1776380212,
  "views": 19,
  "formatid": "gen9championsvgc2026regma",
  "rating": 1059,
  "private": 0,
  "password": null
}