{
  "id": "gen9championsvgc2026regma-2587954646",
  "format": "[Gen 9 Champions] VGC 2026 Reg M-A",
  "players": [
    "No.Name.Th",
    "datrobino"
  ],
  "log": "|j|\u2606No.Name.Th\n|j|\u2606datrobino\n|t:|1776584269\n|gametype|doubles\n|player|p1|No.Name.Th|265|1365\n|player|p2|datrobino|veteran|1470\n|gen|9\n|tier|[Gen 9 Champions] VGC 2026 Reg M-A\n|rated|\n|rule|Species Clause: Limit one of each Pok\u00e9mon\n|rule|Item Clause: Limit 1 of each item\n|clearpoke\n|poke|p1|Camerupt, L50, M, shiny|\n|poke|p1|Kingambit, L50, M, shiny|\n|poke|p1|Farigiraf, L50, F, shiny|\n|poke|p1|Abomasnow, L50, M, shiny|\n|poke|p1|Incineroar, L50, M, shiny|\n|poke|p1|Sinistcha, L50, shiny|\n|poke|p2|Blastoise, L50, F|\n|poke|p2|Farigiraf, L50, M|\n|poke|p2|Kingambit, L50, M|\n|poke|p2|Sinistcha, L50|\n|poke|p2|Armarouge, L50, M|\n|poke|p2|Archaludon, L50, F|\n|teampreview|4\n|\n|t:|1776584302\n|teamsize|p1|4\n|teamsize|p2|4\n|start\n|switch|p1a: Farigiraf|Farigiraf, L50, F, shiny|100/100\n|switch|p1b: Incineroar|Incineroar, L50, M, shiny|100/100\n|switch|p2a: Blastoise|Blastoise, L50, F|100/100\n|switch|p2b: Armarouge|Armarouge, L50, M|100/100\n|-ability|p1b: Incineroar|Intimidate|boost\n|-unboost|p2a: Blastoise|atk|1\n|-unboost|p2b: Armarouge|atk|1\n|turn|1\n|inactive|Battle timer is ON: inactive players will automatically lose when time's up. (requested by datrobino)\n|\n|t:|1776584326\n|detailschange|p2a: Blastoise|Blastoise-Mega, L50, F\n|-mega|p2a: Blastoise|Blastoise|Blastoisinite\n|move|p1b: Incineroar|Fake Out|p2a: Blastoise\n|-damage|p2a: Blastoise|90/100\n|move|p2b: Armarouge|Taunt|p1a: Farigiraf\n|-start|p1a: Farigiraf|move: Taunt\n|-enditem|p1a: Farigiraf|Mental Herb\n|-end|p1a: Farigiraf|move: Taunt\n|cant|p2a: Blastoise|flinch\n|move|p1a: Farigiraf|Trick Room|p1a: Farigiraf\n|-fieldstart|move: Trick Room|[of] p1a: Farigiraf\n|\n|upkeep\n|turn|2\n|\n|t:|1776584346\n|move|p1a: Farigiraf|Hyper Voice|p2a: Blastoise|[spread] p2a,p2b\n|-damage|p2a: Blastoise|69/100\n|-damage|p2b: Armarouge|73/100\n|move|p1b: Incineroar|Parting Shot|p2a: Blastoise\n|-unboost|p2a: Blastoise|atk|1\n|-unboost|p2a: Blastoise|spa|1\n|\n|t:|1776584352\n|switch|p1b: Sinistcha|Sinistcha, L50, shiny|100/100|[from] Parting Shot\n|move|p2a: Blastoise|Water Spout|p1a: Farigiraf|[spread] p1a,p1b\n|-resisted|p1b: Sinistcha|1\n|-damage|p1a: Farigiraf|75/100\n|-damage|p1b: Sinistcha|86/100\n|move|p2b: Armarouge|Trick Room|p2b: Armarouge\n|-fieldend|move: Trick Room\n|\n|-heal|p1b: Sinistcha|92/100|[from] item: Leftovers\n|upkeep\n|turn|3\n|\n|t:|1776584368\n|switch|p2a: Farigiraf|Farigiraf, L50, M|100/100\n|switch|p1a: Incineroar|Incineroar, L50, M, shiny|100/100\n|-ability|p1a: Incineroar|Intimidate|boost\n|-unboost|p2a: Farigiraf|atk|1\n|-unboost|p2b: Armarouge|atk|1\n|move|p1b: Sinistcha|Protect|p1b: Sinistcha\n|-singleturn|p1b: Sinistcha|Protect\n|move|p2b: Armarouge|Taunt|p1a: Incineroar\n|-start|p1a: Incineroar|move: Taunt\n|\n|-heal|p1b: Sinistcha|98/100|[from] item: Leftovers\n|upkeep\n|turn|4\n|\n|t:|1776584392\n|switch|p1b: Camerupt|Camerupt, L50, M, shiny|100/100\n|switch|p2a: Kingambit|Kingambit, L50, M|100/100\n|move|p2b: Armarouge|Armor Cannon|p1b: Camerupt\n|-resisted|p1b: Camerupt|1\n|-damage|p1b: Camerupt|59/100\n|-unboost|p2b: Armarouge|def|1\n|-unboost|p2b: Armarouge|spd|1\n|move|p1a: Incineroar|Flare Blitz|p2a: Kingambit\n|-supereffective|p2a: Kingambit|1\n|-damage|p2a: Kingambit|10/100\n|-damage|p1a: Incineroar|66/100|[from] Recoil\n|\n|upkeep\n|turn|5\n|inactive|datrobino has 30 seconds left.\n|inactive|datrobino has 20 seconds left.\n|\n|t:|1776584431\n|switch|p1b: Sinistcha|Sinistcha, L50, shiny|98/100\n|-heal|p1a: Incineroar|90/100|[from] ability: Hospitality|[of] p1b: Sinistcha\n|move|p2a: Kingambit|Sucker Punch||[still]\n|-fail|p2a: Kingambit\n|move|p2b: Armarouge|Armor Cannon|p1b: Sinistcha\n|-supereffective|p1b: Sinistcha|1\n|-damage|p1b: Sinistcha|0 fnt\n|-unboost|p2b: Armarouge|def|1\n|-unboost|p2b: Armarouge|spd|1\n|faint|p1b: Sinistcha\n|move|p1a: Incineroar|Flare Blitz|p2a: Kingambit\n|-supereffective|p2a: Kingambit|1\n|-damage|p2a: Kingambit|0 fnt\n|faint|p2a: Kingambit\n|-damage|p1a: Incineroar|87/100|[from] Recoil\n|\n|-end|p1a: Incineroar|move: Taunt\n|upkeep\n|\n|t:|1776584444\n|switch|p1b: Farigiraf|Farigiraf, L50, F, shiny|75/100\n|switch|p2a: Blastoise|Blastoise-Mega, L50, F|69/100\n|turn|6\n|\n|t:|1776584455\n|move|p2b: Armarouge|Taunt|p1b: Farigiraf\n|-start|p1b: Farigiraf|move: Taunt\n|move|p2a: Blastoise|Water Pulse|p1a: Incineroar\n|-supereffective|p1a: Incineroar|1\n|-damage|p1a: Incineroar|0 fnt\n|faint|p1a: Incineroar\n|move|p1b: Farigiraf|Hyper Voice|p2a: Blastoise|[spread] p2a,p2b\n|-damage|p2a: Blastoise|48/100\n|-damage|p2b: Armarouge|15/100\n|\n|upkeep\n|\n|t:|1776584461\n|switch|p1a: Camerupt|Camerupt, L50, M, shiny|59/100\n|turn|7\n|\n|t:|1776584483\n|detailschange|p1a: Camerupt|Camerupt-Mega, L50, M, shiny\n|-mega|p1a: Camerupt|Camerupt|Cameruptite\n|move|p2b: Armarouge|Armor Cannon|p1a: Camerupt\n|-resisted|p1a: Camerupt|1\n|-damage|p1a: Camerupt|26/100\n|-unboost|p2b: Armarouge|def|1\n|-unboost|p2b: Armarouge|spd|1\n|move|p2a: Blastoise|Dark Pulse|p1b: Farigiraf\n|-supereffective|p1b: Farigiraf|1\n|-damage|p1b: Farigiraf|0 fnt\n|faint|p1b: Farigiraf\n|move|p1a: Camerupt|Earth Power|p2a: Blastoise\n|-damage|p2a: Blastoise|0 fnt\n|faint|p2a: Blastoise\n|\n|upkeep\n|\n|t:|1776584497\n|switch|p2a: Farigiraf|Farigiraf, L50, M|100/100\n|turn|8\n|\n|t:|1776584503\n|move|p1a: Camerupt|Protect|p1a: Camerupt\n|-singleturn|p1a: Camerupt|Protect\n|move|p2b: Armarouge|Armor Cannon|p1a: Camerupt\n|-activate|p1a: Camerupt|move: Protect\n|move|p2a: Farigiraf|Psychic|p1a: Camerupt\n|-activate|p1a: Camerupt|move: Protect\n|\n|upkeep\n|turn|9\n|\n|t:|1776584514\n|move|p2b: Armarouge|Armor Cannon|p1a: Camerupt\n|-resisted|p1a: Camerupt|1\n|-damage|p1a: Camerupt|0 fnt\n|-unboost|p2b: Armarouge|def|1\n|-unboost|p2b: Armarouge|spd|1\n|faint|p1a: Camerupt\n|\n|win|datrobino\n|raw|No.Name.Th's rating: 1365 &rarr; <strong>1351</strong><br />(-14 for losing)\n|raw|datrobino's rating: 1470 &rarr; <strong>1484</strong><br />(+14 for winning)\n|l|\u2606No.Name.Th\n|player|p1|\n|j| blaccsheep\n",
  "uploadtime": 1776584520,
  "views": 26,
  "formatid": "gen9championsvgc2026regma",
  "rating": 1351,
  "private": 0,
  "password": null
}