{
  "id": "gen9championsvgc2026regma-2584155812",
  "format": "[Gen 9 Champions] VGC 2026 Reg M-A",
  "players": [
    "WailordK",
    "JCMT"
  ],
  "log": "|j|\u2606WailordK\n|j|\u2606JCMT\n|t:|1776231808\n|gametype|doubles\n|player|p1|WailordK|roughneck-gen4|1083\n|player|p2|JCMT|harlequin|1000\n|gen|9\n|tier|[Gen 9 Champions] VGC 2026 Reg M-A\n|rated|\n|rule|Species Clause: Limit one of each Pok\u00e9mon\n|rule|Item Clause: Limit 1 of each item\n|clearpoke\n|poke|p1|Milotic, L50, F|\n|poke|p1|Whimsicott, L50, F|\n|poke|p1|Incineroar, L50, F|\n|poke|p1|Gallade, L50, M|\n|poke|p1|Hatterene, L50, F|\n|poke|p1|Kingambit, L50, M|\n|poke|p2|Glimmora, L50, M|\n|poke|p2|Ditto, L50|\n|poke|p2|Maushold-Four, L50|\n|poke|p2|Aegislash, L50, F|\n|poke|p2|Slowking, L50, M|\n|poke|p2|Rotom-Frost, L50|\n|teampreview|4\n|inactive|Battle timer is ON: inactive players will automatically lose when time's up. (requested by JCMT)\n|c|\u2606JCMT|glhf\nJCMT has agreed to open team sheets.\n|inactive|JCMT has 60 seconds left.\n|inactive|JCMT has 30 seconds left.\n|\n|t:|1776231878\n|teamsize|p1|4\n|teamsize|p2|4\n|start\n|switch|p1a: Whimsicott|Whimsicott, L50, F|100/100\n|switch|p1b: Gallade|Gallade, L50, M|100/100\n|switch|p2a: Glimmora|Glimmora, L50, M, shiny|100/100\n|switch|p2b: Maushold|Maushold-Four, L50|100/100\n|turn|1\n|inactive|WailordK has 30 seconds left.\n|\n|t:|1776231904\n|detailschange|p2a: Glimmora|Glimmora-Mega, L50, M, shiny\n|-mega|p2a: Glimmora|Glimmora|Glimmoranite\n|detailschange|p1b: Gallade|Gallade-Mega, L50, M\n|-mega|p1b: Gallade|Gallade|Galladite\n|move|p2b: Maushold|Follow Me|p2b: Maushold\n|-singleturn|p2b: Maushold|move: Follow Me\n|move|p1a: Whimsicott|Tailwind|p1a: Whimsicott\n|-sidestart|p1: WailordK|move: Tailwind\n|move|p1b: Gallade|Close Combat|p2b: Maushold\n|-supereffective|p2b: Maushold|1\n|-damage|p2b: Maushold|0 fnt\n|-unboost|p1b: Gallade|def|1\n|-unboost|p1b: Gallade|spd|1\n|faint|p2b: Maushold\n|move|p2a: Glimmora|Sludge Bomb|p1a: Whimsicott\n|-supereffective|p1a: Whimsicott|2\n|-damage|p1a: Whimsicott|0 fnt\n|faint|p1a: Whimsicott\n|\n|upkeep\n|\n|t:|1776231928\n|switch|p2b: Aegislash|Aegislash, L50, F|100/100\n|switch|p1a: Kingambit|Kingambit, L50, M|100/100\n|turn|2\n|\n|t:|1776231947\n|move|p2a: Glimmora|Protect|p2a: Glimmora\n|-singleturn|p2a: Glimmora|Protect\n|move|p1b: Gallade|Close Combat|p2a: Glimmora\n|-activate|p2a: Glimmora|move: Protect\n|move|p1a: Kingambit|Swords Dance|p1a: Kingambit\n|-boost|p1a: Kingambit|atk|2\n|-formechange|p2b: Aegislash|Aegislash-Blade|\n|move|p2b: Aegislash|Close Combat|p1a: Kingambit\n|-supereffective|p1a: Kingambit|2\n|-damage|p1a: Kingambit|0 fnt\n|-unboost|p2b: Aegislash|def|1\n|-unboost|p2b: Aegislash|spd|1\n|faint|p1a: Kingambit\n|-enditem|p2b: Aegislash|White Herb\n|-clearnegativeboost|p2b: Aegislash|[silent]\n|\n|upkeep\n|\n|t:|1776231966\n|switch|p1a: Hatterene|Hatterene, L50, F|100/100\n|turn|3\n|\n|t:|1776231984\n|switch|p2a: Rotom|Rotom-Frost, L50, shiny|100/100\n|-formechange|p2b: Aegislash|Aegislash|\n|move|p2b: Aegislash|King's Shield|p2b: Aegislash\n|-singleturn|p2b: Aegislash|Protect\n|move|p1b: Gallade|Rock Slide|p2a: Rotom|[spread] \n|-activate|p2b: Aegislash|move: Protect\n|-miss|p1b: Gallade|p2a: Rotom\n|move|p1a: Hatterene|Psychic|p2a: Rotom\n|-damage|p2a: Rotom|23/100\n|\n|upkeep\n|turn|4\n|inactive|JCMT has 30 seconds left.\n|\n|t:|1776232015\n|move|p1a: Hatterene|Protect|p1a: Hatterene\n|-singleturn|p1a: Hatterene|Protect\n|move|p1b: Gallade|Rock Slide|p2b: Aegislash|[spread] p2a,p2b\n|-supereffective|p2a: Rotom|1\n|-resisted|p2b: Aegislash|1\n|-damage|p2a: Rotom|0 fnt\n|-damage|p2b: Aegislash|90/100\n|faint|p2a: Rotom\n|-formechange|p2b: Aegislash|Aegislash-Blade|\n|move|p2b: Aegislash|Iron Head|p1a: Hatterene\n|-activate|p1a: Hatterene|move: Protect\n|\n|-sideend|p1: WailordK|move: Tailwind\n|upkeep\n|\n|t:|1776232025\n|switch|p2a: Glimmora|Glimmora-Mega, L50, M, shiny|100/100\n|turn|5\n|\n|t:|1776232041\n|move|p1b: Gallade|Drain Punch|p2a: Glimmora\n|-damage|p2a: Glimmora|48/100\n|move|p2a: Glimmora|Sludge Bomb|p1a: Hatterene\n|-supereffective|p1a: Hatterene|1\n|-damage|p1a: Hatterene|0 fnt\n|faint|p1a: Hatterene\n|move|p2b: Aegislash|Iron Head|p1b: Gallade\n|-damage|p1b: Gallade|7/100\n|\n|upkeep\n|turn|6\n|\n|t:|1776232061\n|move|p1b: Gallade|Rock Slide|p2b: Aegislash|[spread] p2a,p2b\n|-resisted|p2b: Aegislash|1\n|-damage|p2a: Glimmora|22/100\n|-damage|p2b: Aegislash|66/100\n|move|p2a: Glimmora|Sludge Bomb|p1b: Gallade\n|-damage|p1b: Gallade|0 fnt\n|faint|p1b: Gallade\n|\n|win|JCMT\n|raw|WailordK's rating: 1083 &rarr; <strong>1055</strong><br />(-28 for losing)\n|raw|JCMT's rating: 1000 &rarr; <strong>1049</strong><br />(+49 for winning)\n",
  "uploadtime": 1776232069,
  "views": 21,
  "formatid": "gen9championsvgc2026regma",
  "rating": 1049,
  "private": 0,
  "password": null
}