{
  "id": "gen9championsvgc2026regma-2587667425",
  "format": "[Gen 9 Champions] VGC 2026 Reg M-A",
  "players": [
    "poopsweq69",
    "Evil Yarrack"
  ],
  "log": "|j|\u2606poopsweq69\n|j|\u2606Evil Yarrack\n|t:|1776551994\n|gametype|doubles\n|player|p1|poopsweq69|unknown|1357\n|player|p2|Evil Yarrack|youngster-gen4dp|1411\n|gen|9\n|tier|[Gen 9 Champions] VGC 2026 Reg M-A\n|rated|\n|rule|Species Clause: Limit one of each Pok\u00e9mon\n|rule|Item Clause: Limit 1 of each item\n|clearpoke\n|poke|p1|Floette-Eternal, L50, F|\n|poke|p1|Sinistcha-Masterpiece, L50|\n|poke|p1|Incineroar, L50, M|\n|poke|p1|Sneasler, L50, M|\n|poke|p1|Aerodactyl, L50, F|\n|poke|p1|Scizor, L50, M, shiny|\n|poke|p2|Tyranitar, L50, F|\n|poke|p2|Lycanroc, L50, F|\n|poke|p2|Whimsicott, L50, M|\n|poke|p2|Sinistcha, L50|\n|poke|p2|Scizor, L50, F|\n|poke|p2|Clawitzer, L50, M|\n|teampreview|4\n|inactive|Battle timer is ON: inactive players will automatically lose when time's up. (requested by poopsweq69)\n|inactive|Evil Yarrack also wants the timer to be on.\n|inactive|Evil Yarrack has 60 seconds left.\n|\n|t:|1776552043\n|teamsize|p1|4\n|teamsize|p2|4\n|start\n|switch|p1a: Sneasler|Sneasler, L50, M|100/100\n|switch|p1b: Scizor|Scizor, L50, M, shiny|100/100\n|switch|p2a: Tyranitar|Tyranitar, L50, F|100/100\n|switch|p2b: Whimsicott|Whimsicott, L50, M|100/100\n|-weather|Sandstorm|[from] ability: Sand Stream|[of] p2a: Tyranitar\n|turn|1\n|inactive|poopsweq69 has 30 seconds left.\n|\n|t:|1776552073\n|detailschange|p1b: Scizor|Scizor-Mega, L50, M, shiny\n|-mega|p1b: Scizor|Scizor|Scizorite\n|move|p2b: Whimsicott|Protect|p2b: Whimsicott\n|-singleturn|p2b: Whimsicott|Protect\n|move|p2a: Tyranitar|Protect|p2a: Tyranitar\n|-singleturn|p2a: Tyranitar|Protect\n|move|p1a: Sneasler|Close Combat|p2a: Tyranitar\n|-activate|p2a: Tyranitar|move: Protect\n|move|p1b: Scizor|Swords Dance|p1b: Scizor\n|-boost|p1b: Scizor|atk|2\n|\n|-weather|Sandstorm|[upkeep]\n|-damage|p1a: Sneasler|95/100|[from] Sandstorm\n|-damage|p2b: Whimsicott|95/100|[from] Sandstorm\n|upkeep\n|turn|2\n|\n|t:|1776552095\n|switch|p1a: Incineroar|Incineroar, L50, M|100/100\n|-ability|p1a: Incineroar|Intimidate|boost\n|-unboost|p2a: Tyranitar|atk|1\n|-unboost|p2b: Whimsicott|atk|1\n|switch|p2a: Clawitzer|Clawitzer, L50, M|100/100\n|move|p1b: Scizor|Protect|p1b: Scizor\n|-singleturn|p1b: Scizor|Protect\n|move|p2b: Whimsicott|Encore|p1b: Scizor\n|-activate|p1b: Scizor|move: Protect\n|\n|-weather|Sandstorm|[upkeep]\n|-damage|p2b: Whimsicott|89/100|[from] Sandstorm\n|-damage|p2a: Clawitzer|94/100|[from] Sandstorm\n|-damage|p1a: Incineroar|95/100|[from] Sandstorm\n|upkeep\n|turn|3\n|inactive|poopsweq69 has 30 seconds left.\n|\n|t:|1776552120\n|move|p2b: Whimsicott|Protect|p2b: Whimsicott\n|-singleturn|p2b: Whimsicott|Protect\n|move|p1a: Incineroar|Fake Out|p2b: Whimsicott\n|-activate|p2b: Whimsicott|move: Protect\n|move|p2a: Clawitzer|Water Pulse|p1a: Incineroar\n|-supereffective|p1a: Incineroar|1\n|-damage|p1a: Incineroar|28/100\n|move|p1b: Scizor|Bug Bite|p2a: Clawitzer\n|-damage|p2a: Clawitzer|0 fnt\n|faint|p2a: Clawitzer\n|\n|-weather|Sandstorm|[upkeep]\n|-damage|p2b: Whimsicott|83/100|[from] Sandstorm\n|-damage|p1a: Incineroar|22/100|[from] Sandstorm\n|upkeep\n|inactive|Evil Yarrack has 30 seconds left.\n|\n|t:|1776552153\n|switch|p2a: Tyranitar|Tyranitar, L50, F|100/100\n|turn|4\n|\n|t:|1776552166\n|switch|p1a: Sinistcha|Sinistcha-Masterpiece, L50|100/100\n|detailschange|p2a: Tyranitar|Tyranitar-Mega, L50, F\n|-mega|p2a: Tyranitar|Tyranitar|Tyranitarite\n|move|p1b: Scizor|Bullet Punch|p2b: Whimsicott\n|-supereffective|p2b: Whimsicott|1\n|-damage|p2b: Whimsicott|0 fnt\n|faint|p2b: Whimsicott\n|move|p2a: Tyranitar|Rock Slide|p1a: Sinistcha|[spread] p1a,p1b\n|-damage|p1a: Sinistcha|72/100\n|-damage|p1b: Scizor|76/100\n|\n|-weather|Sandstorm|[upkeep]\n|-damage|p1a: Sinistcha|66/100|[from] Sandstorm\n|upkeep\n|\n|t:|1776552173\n|switch|p2b: Scizor|Scizor, L50, F|100/100\n|turn|5\n|-message|Evil Yarrack forfeited.\n|\n|win|poopsweq69\n|raw|poopsweq69's rating: 1357 &rarr; <strong>1382</strong><br />(+25 for winning)\n|raw|Evil Yarrack's rating: 1437 &rarr; <strong>1412</strong><br />(-25 for losing)\n|l|\u2606Evil Yarrack\n|player|p2|\n",
  "uploadtime": 1776552189,
  "views": 38,
  "formatid": "gen9championsvgc2026regma",
  "rating": 1382,
  "private": 0,
  "password": null
}