{
  "id": "gen9championsvgc2026regma-2586949273",
  "format": "[Gen 9 Champions] VGC 2026 Reg M-A",
  "players": [
    "mqmqmqmqmqmqmqmq",
    "Dax_Andrus"
  ],
  "log": "|j|\u2606mqmqmqmqmqmqmqmq\n|j|\u2606Dax_Andrus\n|t:|1776474732\n|gametype|doubles\n|player|p1|mqmqmqmqmqmqmqmq|169|1040\n|player|p2|Dax_Andrus|volkner|1000\n|gen|9\n|tier|[Gen 9 Champions] VGC 2026 Reg M-A\n|rated|\n|rule|Species Clause: Limit one of each Pok\u00e9mon\n|rule|Item Clause: Limit 1 of each item\n|clearpoke\n|poke|p1|Floette-Eternal, L50, F|\n|poke|p1|Incineroar, L50, F|\n|poke|p1|Garchomp, L50, F|\n|poke|p1|Sneasler, L50, F|\n|poke|p1|Aerodactyl, L50, F|\n|poke|p1|Sinistcha-Masterpiece, L50|\n|poke|p2|Froslass, L50, F|\n|poke|p2|Clefable, L50, M|\n|poke|p2|Talonflame, L50, M|\n|poke|p2|Glimmora, L50, F|\n|poke|p2|Garchomp, L50, F|\n|poke|p2|Basculegion-F, L50, F|\n|teampreview|4\n|inactive|Battle timer is ON: inactive players will automatically lose when time's up. (requested by Dax_Andrus)\nDax_Andrus has agreed to open team sheets.\nmqmqmqmqmqmqmqmq has agreed to open team sheets.\n|showteam|p1|Floette-Eternal||Floettite|FlowerVeil|Protect,CalmMind,Moonblast,DazzlingGleam|||F|||50|]Incineroar||SitrusBerry|Intimidate|FakeOut,Protect,FlareBlitz,PartingShot|||F|||50|]Garchomp||ChoiceScarf|RoughSkin|DragonClaw,PoisonJab,StompingTantrum,RockSlide|||F|||50|]Sneasler||WhiteHerb|Unburden|CloseCombat,FakeOut,DireClaw,Protect|||F|||50|]Aerodactyl||FocusSash|Unnerve|Tailwind,RockSlide,Protect,DualWingbeat|||F|||50|]Sinistcha-Masterpiece||Leftovers|Hospitality|MatchaGotcha,RagePowder,TrickRoom,StrengthSap||||||50|\n|showteam|p2|Froslass||Froslassite|SnowCloak|Blizzard,IceBeam,ShadowBall,Protect|||F|||50|]Clefable||Leftovers|Unaware|FollowMe,Moonblast,Protect,HelpingHand|||M|||50|]Talonflame||MentalHerb|GaleWings|Tailwind,Overheat,Taunt,BraveBird|||M|||50|]Glimmora||Glimmoranite|ToxicDebris|SpikyShield,SludgeWave,PowerGem,EarthPower|||F|||50|]Garchomp||YacheBerry|RoughSkin|Earthquake,Outrage,PoisonJab,StoneEdge|||F|||50|]Basculegion-F||ChoiceScarf|Adaptability|LastRespects,FlipTurn,WaveCrash,ShadowBall|||F|||50|\n|inactive|mqmqmqmqmqmqmqmq has 60 seconds left.\n|inactive|Dax_Andrus has 60 seconds left.\n|inactive|Dax_Andrus has 30 seconds left.\n|\n|t:|1776474802\n|teamsize|p1|4\n|teamsize|p2|4\n|start\n|switch|p1a: Incineroar|Incineroar, L50, F, shiny|100/100\n|switch|p1b: Garchomp|Garchomp, L50, F, shiny|100/100\n|switch|p2a: Glimmora|Glimmora, L50, F|100/100\n|switch|p2b: Talonflame|Talonflame, L50, M|100/100\n|-ability|p1a: Incineroar|Intimidate|boost\n|-unboost|p2a: Glimmora|atk|1\n|-unboost|p2b: Talonflame|atk|1\n|turn|1\n|inactive|Dax_Andrus has 30 seconds left.\n|inactive|Dax_Andrus has 20 seconds left.\n|\n|t:|1776474840\n|detailschange|p2a: Glimmora|Glimmora-Mega, L50, F\n|-mega|p2a: Glimmora|Glimmora|Glimmoranite\n|move|p1a: Incineroar|Fake Out|p2b: Talonflame\n|-damage|p2b: Talonflame|85/100\n|move|p1b: Garchomp|Rock Slide|p2b: Talonflame|[spread] p2a,p2b\n|-supereffective|p2b: Talonflame|2\n|-damage|p2a: Glimmora|79/100\n|-damage|p2b: Talonflame|0 fnt\n|faint|p2b: Talonflame\n|move|p2a: Glimmora|Earth Power|p1a: Incineroar\n|-supereffective|p1a: Incineroar|1\n|-damage|p1a: Incineroar|48/100\n|-enditem|p1a: Incineroar|Sitrus Berry|[eat]\n|-heal|p1a: Incineroar|73/100|[from] item: Sitrus Berry\n|\n|upkeep\n|\n|t:|1776474858\n|switch|p2b: Basculegion|Basculegion-F, L50, F|100/100\n|turn|2\n|\n|t:|1776474875\n|move|p1a: Incineroar|Protect|p1a: Incineroar\n|-singleturn|p1a: Incineroar|Protect\n|move|p1b: Garchomp|Rock Slide|p2b: Basculegion|[spread] p2a,p2b\n|-damage|p2a: Glimmora|55/100\n|-damage|p2b: Basculegion|69/100\n|move|p2b: Basculegion|Wave Crash|p1b: Garchomp\n|-damage|p1b: Garchomp|32/100\n|-damage|p2b: Basculegion|56/100|[from] ability: Rough Skin|[of] p1b: Garchomp\n|-damage|p2b: Basculegion|35/100|[from] Recoil\n|cant|p2a: Glimmora|flinch\n|\n|upkeep\n|turn|3\n|inactive|mqmqmqmqmqmqmqmq has 30 seconds left.\n|inactive|mqmqmqmqmqmqmqmq has 20 seconds left.\n|\n|t:|1776474913\n|switch|p1b: Sinistcha|Sinistcha-Masterpiece, L50, shiny|100/100\n|-heal|p1a: Incineroar|98/100|[from] ability: Hospitality|[of] p1b: Sinistcha\n|move|p2b: Basculegion|Wave Crash|p1b: Sinistcha\n|-resisted|p1b: Sinistcha|1\n|-damage|p1b: Sinistcha|68/100\n|-damage|p2b: Basculegion|25/100|[from] Recoil\n|move|p2a: Glimmora|Power Gem|p1a: Incineroar\n|-supereffective|p1a: Incineroar|1\n|-damage|p1a: Incineroar|14/100\n|move|p1a: Incineroar|Parting Shot|p2b: Basculegion\n|-unboost|p2b: Basculegion|atk|1\n|-unboost|p2b: Basculegion|spa|1\n|\n|t:|1776474928\n|switch|p1a: Garchomp|Garchomp, L50, F, shiny|32/100|[from] Parting Shot\n|\n|-heal|p1b: Sinistcha|74/100|[from] item: Leftovers\n|upkeep\n|turn|4\n|\n|t:|1776474939\n|switch|p2b: Clefable|Clefable, L50, M|100/100\n|switch|p1b: Incineroar|Incineroar, L50, F, shiny|14/100\n|-ability|p1b: Incineroar|Intimidate|boost\n|-unboost|p2a: Glimmora|atk|1\n|-unboost|p2b: Clefable|atk|1\n|move|p2a: Glimmora|Spiky Shield|p2a: Glimmora\n|-singleturn|p2a: Glimmora|move: Protect\n|move|p1a: Garchomp|Stomping Tantrum|p2a: Glimmora\n|-activate|p2a: Glimmora|move: Protect\n|-damage|p1a: Garchomp|20/100|[from] Spiky Shield|[of] p2a: Glimmora\n|\n|upkeep\n|turn|5\n|inactive|Dax_Andrus has 30 seconds left.\n|inactive|Dax_Andrus has 20 seconds left.\n|inactive|mqmqmqmqmqmqmqmq has 30 seconds left.\n|inactive|Dax_Andrus has 15 seconds left.\n|\n|t:|1776474984\n|switch|p1b: Floette|Floette-Eternal, L50, F|100/100\n|move|p2a: Glimmora|Spiky Shield||[still]\n|-fail|p2a: Glimmora\n|move|p2b: Clefable|Protect|p2b: Clefable\n|-singleturn|p2b: Clefable|Protect\n|move|p1a: Garchomp|Stomping Tantrum|p2a: Glimmora\n|-supereffective|p2a: Glimmora|2\n|-damage|p2a: Glimmora|0 fnt\n|faint|p2a: Glimmora\n|\n|upkeep\n|\n|t:|1776474992\n|switch|p2a: Basculegion|Basculegion-F, L50, F|25/100\n|turn|6\n|\n|t:|1776475000\n|detailschange|p1b: Floette|Floette-Mega, L50, F\n|-mega|p1b: Floette|Floette|Floettite\n|-ability|p1b: Floette|Fairy Aura\n|move|p2b: Clefable|Follow Me|p2b: Clefable\n|-singleturn|p2b: Clefable|move: Follow Me\n|move|p1a: Garchomp|Stomping Tantrum|p2b: Clefable\n|-damage|p2b: Clefable|53/100\n|move|p2a: Basculegion|Last Respects|p1a: Garchomp\n|-damage|p1a: Garchomp|0 fnt\n|faint|p1a: Garchomp\n|move|p1b: Floette|Calm Mind|p1b: Floette\n|-boost|p1b: Floette|spa|1\n|-boost|p1b: Floette|spd|1\n|\n|-heal|p2b: Clefable|59/100|[from] item: Leftovers\n|upkeep\n|\n|t:|1776475014\n|switch|p1a: Sinistcha|Sinistcha-Masterpiece, L50, shiny|74/100\n|turn|7\n|\n|t:|1776475031\n|move|p1a: Sinistcha|Rage Powder|p1a: Sinistcha\n|-singleturn|p1a: Sinistcha|move: Rage Powder\n|move|p2b: Clefable|Follow Me|p2b: Clefable\n|-singleturn|p2b: Clefable|move: Follow Me\n|move|p2a: Basculegion|Last Respects|p1a: Sinistcha\n|-supereffective|p1a: Sinistcha|1\n|-damage|p1a: Sinistcha|0 fnt\n|faint|p1a: Sinistcha\n|move|p1b: Floette|Dazzling Gleam|p2a: Basculegion|[spread] p2a,p2b\n|-damage|p2a: Basculegion|0 fnt\n|-damage|p2b: Clefable|22/100\n|faint|p2a: Basculegion\n|\n|-heal|p2b: Clefable|28/100|[from] item: Leftovers\n|upkeep\n|-message|Dax_Andrus forfeited.\n|\n|win|mqmqmqmqmqmqmqmq\n|raw|mqmqmqmqmqmqmqmq's rating: 1040 &rarr; <strong>1070</strong><br />(+30 for winning)\n|raw|Dax_Andrus's rating: 1000 &rarr; <strong>1000</strong><br />(+0 for losing)\n|l|\u2606Dax_Andrus\n|player|p2|\n",
  "uploadtime": 1776475064,
  "views": 16,
  "formatid": "gen9championsvgc2026regma",
  "rating": 1000,
  "private": 0,
  "password": null
}