{
  "id": "gen9championsvgc2026regma-2588188257",
  "format": "[Gen 9 Champions] VGC 2026 Reg M-A",
  "players": [
    "fdrgsfafawdawd",
    "estroker6"
  ],
  "log": "|j|\u2606fdrgsfafawdawd\n|j|\u2606estroker6\n|t:|1776612741\n|gametype|doubles\n|player|p1|fdrgsfafawdawd|palmer|1110\n|player|p2|estroker6|flint|1144\n|gen|9\n|tier|[Gen 9 Champions] VGC 2026 Reg M-A\n|rated|\n|rule|Species Clause: Limit one of each Pok\u00e9mon\n|rule|Item Clause: Limit 1 of each item\n|clearpoke\n|poke|p1|Pelipper, L50, F|\n|poke|p1|Charizard, L50, M|\n|poke|p1|Archaludon, L50, F, shiny|\n|poke|p1|Basculegion, L50, M, shiny|\n|poke|p1|Venusaur, L50, M|\n|poke|p1|Whimsicott, L50, M|\n|poke|p2|Beartic, L50, F|\n|poke|p2|Pelipper, L50, M|\n|poke|p2|Dragonite, L50, M|\n|poke|p2|Oranguru, L50, F, shiny|\n|poke|p2|Venusaur, L50, M|\n|poke|p2|Rotom-Wash, L50|\n|teampreview|4\n|inactive|Battle timer is ON: inactive players will automatically lose when time's up. (requested by fdrgsfafawdawd)\n|inactive|fdrgsfafawdawd has 60 seconds left.\n|\n|t:|1776612791\n|teamsize|p1|4\n|teamsize|p2|4\n|start\n|switch|p1a: Archaludon|Archaludon, L50, F, shiny|100/100\n|switch|p1b: Basculegion|Basculegion, L50, M, shiny|100/100\n|switch|p2a: Beartic|Beartic, L50, F|100/100\n|switch|p2b: Oranguru|Oranguru, L50, F, shiny|100/100\n|turn|1\n|inactive|fdrgsfafawdawd has 30 seconds left.\n|inactive|estroker6 has 30 seconds left.\n|inactive|fdrgsfafawdawd has 20 seconds left.\n|inactive|fdrgsfafawdawd has 15 seconds left.\n|\n|t:|1776612834\n|switch|p2a: Pelipper|Pelipper, L50, M|100/100\n|-weather|RainDance|[from] ability: Drizzle|[of] p2a: Pelipper\n|move|p1b: Basculegion|Head Smash|p2a: Pelipper\n|-supereffective|p2a: Pelipper|1\n|-damage|p2a: Pelipper|0 fnt\n|faint|p2a: Pelipper\n|-damage|p1b: Basculegion|65/100|[from] Recoil\n|move|p1a: Archaludon|Flash Cannon|p2b: Oranguru\n|-damage|p2b: Oranguru|79/100\n|move|p2b: Oranguru|Shadow Ball|p1b: Basculegion\n|-supereffective|p1b: Basculegion|1\n|-damage|p1b: Basculegion|29/100\n|\n|-weather|RainDance|[upkeep]\n|upkeep\n|inactive|estroker6 has 30 seconds left.\n|inactive|estroker6 has 20 seconds left.\n|inactive|estroker6 has 15 seconds left.\n|\n|t:|1776612875\n|switch|p2a: Beartic|Beartic, L50, F|100/100\n|turn|2\n|\n|t:|1776612894\n|move|p1b: Basculegion|Head Smash|p2a: Beartic\n|-supereffective|p2a: Beartic|1\n|-damage|p2a: Beartic|0 fnt\n|faint|p2a: Beartic\n|-damage|p1b: Basculegion|0 fnt|[from] Recoil\n|faint|p1b: Basculegion\n|move|p1a: Archaludon|Electro Shot||[still]\n|-prepare|p1a: Archaludon|Electro Shot\n|-boost|p1a: Archaludon|spa|1\n|-anim|p1a: Archaludon|Electro Shot|p2b: Oranguru\n|-damage|p2b: Oranguru|38/100\n|move|p2b: Oranguru|Light Screen|p2b: Oranguru\n|-sidestart|p2: estroker6|move: Light Screen\n|\n|-weather|RainDance|[upkeep]\n|upkeep\n|inactive|fdrgsfafawdawd has 30 seconds left.\n|\n|t:|1776612925\n|switch|p1b: Venusaur|Venusaur, L50, M|100/100\n|switch|p2a: Dragonite|Dragonite, L50, M|100/100\n|turn|3\n|inactive|estroker6 has 30 seconds left.\n|\n|t:|1776612954\n|move|p2a: Dragonite|Hurricane|p1b: Venusaur\n|-supereffective|p1b: Venusaur|1\n|-damage|p1b: Venusaur|35/100\n|-enditem|p1b: Venusaur|Sitrus Berry|[eat]\n|-heal|p1b: Venusaur|59/100|[from] item: Sitrus Berry\n|move|p1a: Archaludon|Electro Shot||[still]\n|-prepare|p1a: Archaludon|Electro Shot\n|-boost|p1a: Archaludon|spa|1\n|-anim|p1a: Archaludon|Electro Shot|p2a: Dragonite\n|-damage|p2a: Dragonite|73/100\n|move|p1b: Venusaur|Sleep Powder|p2a: Dragonite\n|-status|p2a: Dragonite|slp|[from] move: Sleep Powder\n|move|p2b: Oranguru|Encore|p1a: Archaludon\n|-start|p1a: Archaludon|Encore\n|\n|-weather|RainDance|[upkeep]\n|upkeep\n|turn|4\n|inactive|estroker6 has 30 seconds left.\n|\n|t:|1776612989\n|cant|p2a: Dragonite|slp\n|move|p1a: Archaludon|Electro Shot||[still]\n|-prepare|p1a: Archaludon|Electro Shot\n|-boost|p1a: Archaludon|spa|1\n|-anim|p1a: Archaludon|Electro Shot|p2a: Dragonite\n|-damage|p2a: Dragonite|3/100 slp\n|-enditem|p2a: Dragonite|Sitrus Berry|[eat]\n|-heal|p2a: Dragonite|28/100 slp|[from] item: Sitrus Berry\n|move|p1b: Venusaur|Sleep Powder|p2b: Oranguru\n|-status|p2b: Oranguru|slp|[from] move: Sleep Powder\n|cant|p2b: Oranguru|slp\n|\n|-weather|RainDance|[upkeep]\n|upkeep\n|turn|5\n|-message|estroker6 forfeited.\n|\n|win|fdrgsfafawdawd\n|raw|fdrgsfafawdawd's rating: 1110 &rarr; <strong>1137</strong><br />(+27 for winning)\n|raw|estroker6's rating: 1144 &rarr; <strong>1117</strong><br />(-27 for losing)\n|l|\u2606estroker6\n|player|p2|\n|c|\u2606fdrgsfafawdawd|ggs\n",
  "uploadtime": 1776613010,
  "views": 9,
  "formatid": "gen9championsvgc2026regma",
  "rating": 1117,
  "private": 0,
  "password": null
}