{
  "id": "gen9championsvgc2026regma-2586502713",
  "format": "[Gen 9 Champions] VGC 2026 Reg M-A",
  "players": [
    "iliasdelm",
    "Psicopatic"
  ],
  "log": "|j|\u2606iliasdelm\n|j|\u2606Psicopatic\n|t:|1776439120\n|gametype|doubles\n|player|p1|iliasdelm|gambler|1391\n|player|p2|Psicopatic|2|1446\n|gen|9\n|tier|[Gen 9 Champions] VGC 2026 Reg M-A\n|rated|\n|rule|Species Clause: Limit one of each Pok\u00e9mon\n|rule|Item Clause: Limit 1 of each item\n|clearpoke\n|poke|p1|Heracross, L50, M|\n|poke|p1|Pelipper, L50, M|\n|poke|p1|Archaludon, L50, F|\n|poke|p1|Dragonite, L50, F|\n|poke|p1|Basculegion, L50, M|\n|poke|p1|Incineroar, L50, F|\n|poke|p2|Politoed, L50, M|\n|poke|p2|Incineroar, L50, F|\n|poke|p2|Gengar, L50, M|\n|poke|p2|Palafin, L50, F|\n|poke|p2|Sableye, L50, M|\n|poke|p2|Kingambit, L50, M|\n|teampreview|4\n|\n|t:|1776439167\n|teamsize|p1|4\n|teamsize|p2|4\n|start\n|switch|p1a: Archaludon|Archaludon, L50, F|100/100\n|switch|p1b: Basculegion|Basculegion, L50, M|100/100\n|switch|p2a: Kingambit|Kingambit, L50, M|100/100\n|switch|p2b: Gengar|Gengar, L50, M|100/100\n|turn|1\n|\n|t:|1776439191\n|detailschange|p2b: Gengar|Gengar-Mega, L50, M\n|-mega|p2b: Gengar|Gengar|Gengarite\n|move|p2a: Kingambit|Sucker Punch|p1b: Basculegion\n|-supereffective|p1b: Basculegion|1\n|-damage|p1b: Basculegion|0 fnt\n|faint|p1b: Basculegion\n|move|p2b: Gengar|Shadow Ball|p1a: Archaludon\n|-damage|p1a: Archaludon|53/100\n|-ability|p1a: Archaludon|Stamina|boost\n|-boost|p1a: Archaludon|def|1\n|move|p1a: Archaludon|Electro Shot||[still]\n|-prepare|p1a: Archaludon|Electro Shot\n|-boost|p1a: Archaludon|spa|1\n|\n|upkeep\n|\n|t:|1776439203\n|switch|p1b: Heracross|Heracross, L50, M|100/100\n|turn|2\n|\n|t:|1776439213\n|switch|p2a: Incineroar|Incineroar, L50, F|100/100\n|-ability|p2a: Incineroar|Intimidate|boost\n|-unboost|p1a: Archaludon|atk|1\n|-unboost|p1b: Heracross|atk|1\n|detailschange|p1b: Heracross|Heracross-Mega, L50, M\n|-mega|p1b: Heracross|Heracross|Heracronite\n|move|p2b: Gengar|Disable|p1a: Archaludon\n|-start|p1a: Archaludon|Disable|Electro Shot\n|cant|p1a: Archaludon|Disable|Electro Shot\n|move|p1b: Heracross|Close Combat|p2a: Incineroar\n|-supereffective|p2a: Incineroar|1\n|-damage|p2a: Incineroar|0 fnt\n|-unboost|p1b: Heracross|def|1\n|-unboost|p1b: Heracross|spd|1\n|faint|p2a: Incineroar\n|\n|upkeep\n|\n|t:|1776439228\n|switch|p2a: Sableye|Sableye, L50, M|100/100\n|turn|3\n|\n|t:|1776439253\n|move|p2a: Sableye|Encore|p1a: Archaludon\n|-start|p1a: Archaludon|Encore\n|move|p2b: Gengar|Shadow Ball|p1b: Heracross\n|-damage|p1b: Heracross|36/100\n|cant|p1a: Archaludon|Disable|Electro Shot\n|move|p1b: Heracross|Rock Blast|p2a: Sableye\n|-damage|p2a: Sableye|91/100\n|-damage|p2a: Sableye|81/100\n|-damage|p2a: Sableye|72/100\n|-damage|p2a: Sableye|62/100\n|-damage|p2a: Sableye|53/100\n|-hitcount|p2a: Sableye|5\n|\n|upkeep\n|turn|4\n|\n|t:|1776439278\n|switch|p2a: Kingambit|Kingambit, L50, M|100/100\n|move|p2b: Gengar|Shadow Ball|p1b: Heracross\n|-damage|p1b: Heracross|0 fnt\n|faint|p1b: Heracross\n|-activate|p1a: Archaludon|move: Struggle\n|move|p1a: Archaludon|Struggle|p2a: Kingambit\n|-damage|p2a: Kingambit|95/100\n|-damage|p1a: Archaludon|28/100|[from] recoil\n|-enditem|p1a: Archaludon|Sitrus Berry|[eat]\n|-heal|p1a: Archaludon|53/100|[from] item: Sitrus Berry\n|\n|upkeep\n|\n|t:|1776439284\n|switch|p1b: Pelipper|Pelipper, L50, M|100/100\n|-weather|RainDance|[from] ability: Drizzle|[of] p1b: Pelipper\n|turn|5\n|-message|iliasdelm forfeited.\n|\n|win|Psicopatic\n|raw|iliasdelm's rating: 1391 &rarr; <strong>1374</strong><br />(-17 for losing)\n|raw|Psicopatic's rating: 1446 &rarr; <strong>1463</strong><br />(+17 for winning)\n",
  "uploadtime": 1776439292,
  "views": 47,
  "formatid": "gen9championsvgc2026regma",
  "rating": 1374,
  "private": 0,
  "password": null
}