{
  "id": "gen9championsvgc2026regma-2583189959",
  "format": "[Gen 9 Champions] VGC 2026 Reg M-A",
  "players": [
    "LordSpectreX",
    "Bertorium7"
  ],
  "log": "|j|\u2606LordSpectreX\n|j|\u2606Bertorium7\n|t:|1776152817\n|gametype|doubles\n|player|p1|LordSpectreX|2|1140\n|player|p2|Bertorium7|2|1102\n|gen|9\n|tier|[Gen 9 Champions] VGC 2026 Reg M-A\n|rated|\n|rule|Species Clause: Limit one of each Pok\u00e9mon\n|rule|Item Clause: Limit 1 of each item\n|clearpoke\n|poke|p1|Ceruledge, L50, M|\n|poke|p1|Sneasler, L50, M|\n|poke|p1|Ninetales-Alola, L50, F|\n|poke|p1|Gyarados, L50, M|\n|poke|p1|Liepard, L50, M|\n|poke|p1|Kingambit, L50, M|\n|poke|p2|Gourgeist-*, L50, M|\n|poke|p2|Gengar, L50, F|\n|poke|p2|Aerodactyl, L50, M|\n|poke|p2|Garchomp, L50, F|\n|poke|p2|Tyranitar, L50, M|\n|poke|p2|Milotic, L50, F|\n|teampreview|4\n|inactive|Battle timer is ON: inactive players will automatically lose when time's up. (requested by Bertorium7)\n|\n|t:|1776152871\n|teamsize|p1|4\n|teamsize|p2|4\n|start\n|switch|p1a: Ninetales|Ninetales-Alola, L50, F|100/100\n|switch|p1b: Liepard|Liepard, L50, M|100/100\n|switch|p2a: Gourgeist|Gourgeist, L50, M|100/100\n|switch|p2b: Gengar|Gengar, L50, F|100/100\n|-item|p1a: Ninetales|Focus Sash|[from] ability: Frisk|[of] p2a: Gourgeist\n|-item|p1b: Liepard|Black Glasses|[from] ability: Frisk|[of] p2a: Gourgeist\n|-weather|Snowscape|[from] ability: Snow Warning|[of] p1a: Ninetales\n|turn|1\n|inactive|Bertorium7 has 30 seconds left.\n|inactive|Bertorium7 has 20 seconds left.\n|\n|t:|1776152908\n|detailschange|p2b: Gengar|Gengar-Mega, L50, F\n|-mega|p2b: Gengar|Gengar|Gengarite\n|move|p2a: Gourgeist|Trick-or-Treat|p1b: Liepard\n|-start|p1b: Liepard|typeadd|Ghost|[from] move: Trick-or-Treat\n|move|p2b: Gengar|Shadow Ball|p1b: Liepard\n|-damage|p1b: Liepard|19/100\n|-unboost|p1b: Liepard|spd|1\n|move|p1a: Ninetales|Blizzard|p2b: Gengar|[spread] p2a,p2b\n|-supereffective|p2a: Gourgeist|1\n|-crit|p2b: Gengar\n|-damage|p2a: Gourgeist|30/100\n|-damage|p2b: Gengar|48/100\n|move|p1b: Liepard|Snarl|p2a: Gourgeist|[spread] p2a,p2b\n|-supereffective|p2a: Gourgeist|1\n|-supereffective|p2b: Gengar|1\n|-damage|p2a: Gourgeist|0 fnt\n|-damage|p2b: Gengar|12/100\n|-unboost|p2b: Gengar|spa|1\n|faint|p2a: Gourgeist\n|\n|-weather|Snowscape|[upkeep]\n|upkeep\n|\n|t:|1776152919\n|switch|p2a: Tyranitar|Tyranitar, L50, M|100/100\n|-weather|Sandstorm|[from] ability: Sand Stream|[of] p2a: Tyranitar\n|turn|2\n|\n|t:|1776152943\n|move|p2b: Gengar|Sludge Bomb|p1a: Ninetales\n|-supereffective|p1a: Ninetales|1\n|-damage|p1a: Ninetales|19/100\n|move|p1a: Ninetales|Blizzard|p2a: Tyranitar|[spread] p2a\n|-miss|p1a: Ninetales|p2b: Gengar\n|-damage|p2a: Tyranitar|83/100\n|move|p1b: Liepard|Snarl|p2b: Gengar|[spread] p2a,p2b\n|-resisted|p2a: Tyranitar|1\n|-supereffective|p2b: Gengar|1\n|-damage|p2a: Tyranitar|78/100\n|-damage|p2b: Gengar|0 fnt\n|-unboost|p2a: Tyranitar|spa|1\n|faint|p2b: Gengar\n|move|p2a: Tyranitar|Rock Slide|p1b: Liepard|[spread] p1a,p1b\n|-supereffective|p1a: Ninetales|1\n|-damage|p1a: Ninetales|0 fnt\n|-damage|p1b: Liepard|0 fnt\n|faint|p1a: Ninetales\n|faint|p1b: Liepard\n|\n|-weather|Sandstorm|[upkeep]\n|upkeep\n|\n|t:|1776152959\n|switch|p2b: Garchomp|Garchomp, L50, F|100/100\n|switch|p1a: Kingambit|Kingambit, L50, M|100/100\n|switch|p1b: Gyarados|Gyarados, L50, M|100/100\n|-ability|p1b: Gyarados|Intimidate|boost\n|-unboost|p2a: Tyranitar|atk|1\n|-unboost|p2b: Garchomp|atk|1\n|turn|3\n|\n|t:|1776152981\n|detailschange|p1b: Gyarados|Gyarados-Mega, L50, M\n|-mega|p1b: Gyarados|Gyarados|Gyaradosite\n|-ability|p1b: Gyarados|Mold Breaker\n|move|p2b: Garchomp|Swords Dance|p2b: Garchomp\n|-boost|p2b: Garchomp|atk|2\n|move|p1b: Gyarados|Waterfall|p2b: Garchomp|[miss]\n|-miss|p1b: Gyarados|p2b: Garchomp\n|move|p2a: Tyranitar|Rock Slide|p1a: Kingambit|[spread] p1a\n|-miss|p2a: Tyranitar|p1b: Gyarados\n|-resisted|p1a: Kingambit|1\n|-damage|p1a: Kingambit|94/100\n|move|p1a: Kingambit|Iron Head|p2a: Tyranitar\n|-supereffective|p2a: Tyranitar|1\n|-damage|p2a: Tyranitar|20/100\n|\n|-weather|Sandstorm|[upkeep]\n|-damage|p1b: Gyarados|95/100|[from] Sandstorm\n|upkeep\n|turn|4\n|inactive|LordSpectreX has 30 seconds left.\n|\n|t:|1776153013\n|move|p2a: Tyranitar|Protect|p2a: Tyranitar\n|-singleturn|p2a: Tyranitar|Protect\n|move|p2b: Garchomp|Earthquake|p1b: Gyarados|[spread] p1a,p1b\n|-activate|p2a: Tyranitar|move: Protect\n|-supereffective|p1a: Kingambit|1\n|-damage|p1a: Kingambit|18/100\n|-damage|p1b: Gyarados|48/100\n|move|p1b: Gyarados|Waterfall|p2a: Tyranitar\n|-activate|p2a: Tyranitar|move: Protect\n|move|p1a: Kingambit|Kowtow Cleave|p2b: Garchomp\n|-damage|p2b: Garchomp|55/100\n|\n|-weather|Sandstorm|[upkeep]\n|-damage|p1b: Gyarados|42/100|[from] Sandstorm\n|upkeep\n|turn|5\n|\n|t:|1776153032\n|move|p1a: Kingambit|Sucker Punch|p2b: Garchomp\n|-damage|p2b: Garchomp|18/100\n|move|p2b: Garchomp|Earthquake|p1a: Kingambit|[spread] p2a,p1a,p1b\n|-supereffective|p2a: Tyranitar|1\n|-supereffective|p1a: Kingambit|1\n|-damage|p2a: Tyranitar|0 fnt\n|-damage|p1a: Kingambit|0 fnt\n|-damage|p1b: Gyarados|0 fnt\n|faint|p2a: Tyranitar\n|faint|p1a: Kingambit\n|faint|p1b: Gyarados\n|\n|win|Bertorium7\n|raw|LordSpectreX's rating: 1140 &rarr; <strong>1112</strong><br />(-28 for losing)\n|raw|Bertorium7's rating: 1102 &rarr; <strong>1130</strong><br />(+28 for winning)\n|l|\u2606LordSpectreX\n|player|p1|\n",
  "uploadtime": 1776153058,
  "views": 32,
  "formatid": "gen9championsvgc2026regma",
  "rating": 1112,
  "private": 0,
  "password": null
}