{
  "id": "gen9championsvgc2026regma-2584379844",
  "format": "[Gen 9 Champions] VGC 2026 Reg M-A",
  "players": [
    "Destr0321",
    "noideawhati"
  ],
  "log": "|j|\u2606Destr0321\n|j|\u2606noideawhati\n|t:|1776256459\n|gametype|doubles\n|player|p1|Destr0321|2|1000\n|player|p2|noideawhati|101|1089\n|gen|9\n|tier|[Gen 9 Champions] VGC 2026 Reg M-A\n|rated|\n|rule|Species Clause: Limit one of each Pok\u00e9mon\n|rule|Item Clause: Limit 1 of each item\n|clearpoke\n|poke|p1|Aerodactyl, L50, F|\n|poke|p1|Kangaskhan, L50, F|\n|poke|p1|Tauros-Paldea-Aqua, L50, M|\n|poke|p1|Typhlosion-Hisui, L50, F|\n|poke|p1|Meganium, L50, M|\n|poke|p1|Archaludon, L50, F|\n|poke|p2|Typhlosion-Hisui, L50, F|\n|poke|p2|Torkoal, L50, F|\n|poke|p2|Charizard, L50, M|\n|poke|p2|Whimsicott, L50, F|\n|poke|p2|Floette-Eternal, L50, F|\n|poke|p2|Sneasler, L50, F|\n|teampreview|4\n|\n|t:|1776256493\n|teamsize|p1|4\n|teamsize|p2|4\n|start\n|switch|p1a: Aerodactyl|Aerodactyl, L50, F|100/100\n|switch|p1b: Tauros|Tauros-Paldea-Aqua, L50, M|100/100\n|switch|p2a: Sneasler|Sneasler, L50, F|100/100\n|switch|p2b: Whimsicott|Whimsicott, L50, F|100/100\n|-ability|p1a: Aerodactyl|Unnerve\n|-ability|p1b: Tauros|Intimidate|boost\n|-unboost|p2a: Sneasler|atk|1\n|-unboost|p2b: Whimsicott|atk|1\n|-enditem|p2a: Sneasler|White Herb\n|-clearnegativeboost|p2a: Sneasler|[silent]\n|turn|1\n|\n|t:|1776256510\n|move|p1b: Tauros|Protect|p1b: Tauros\n|-singleturn|p1b: Tauros|Protect\n|move|p2a: Sneasler|Fake Out|p1b: Tauros\n|-activate|p1b: Tauros|move: Protect\n|move|p2b: Whimsicott|Tailwind|p2b: Whimsicott\n|-sidestart|p2: noideawhati|move: Tailwind\n|move|p1a: Aerodactyl|Dual Wingbeat|p2a: Sneasler\n|-supereffective|p2a: Sneasler|1\n|-damage|p2a: Sneasler|42/100\n|-supereffective|p2a: Sneasler|1\n|-damage|p2a: Sneasler|0 fnt\n|faint|p2a: Sneasler\n|-hitcount|p2: Sneasler|2\n|\n|upkeep\n|\n|t:|1776256529\n|switch|p2a: Charizard|Charizard, L50, M|100/100\n|turn|2\n|\n|t:|1776256541\n|detailschange|p2a: Charizard|Charizard-Mega-Y, L50, M\n|-mega|p2a: Charizard|Charizard|Charizardite Y\n|-weather|SunnyDay|[from] ability: Drought|[of] p2a: Charizard\n|move|p2b: Whimsicott|Encore|p1a: Aerodactyl\n|-start|p1a: Aerodactyl|Encore\n|move|p2a: Charizard|Solar Beam||[still]\n|-prepare|p2a: Charizard|Solar Beam\n|-anim|p2a: Charizard|Solar Beam|p1b: Tauros\n|-supereffective|p1b: Tauros|1\n|-damage|p1b: Tauros|0 fnt\n|faint|p1b: Tauros\n|move|p1a: Aerodactyl|Dual Wingbeat|p2b: Whimsicott\n|-supereffective|p2b: Whimsicott|1\n|-damage|p2b: Whimsicott|57/100\n|-supereffective|p2b: Whimsicott|1\n|-damage|p2b: Whimsicott|18/100\n|-hitcount|p2b: Whimsicott|2\n|\n|-weather|SunnyDay|[upkeep]\n|upkeep\n|\n|t:|1776256553\n|switch|p1b: Kangaskhan|Kangaskhan, L50, F|100/100\n|turn|3\n|\n|t:|1776256574\n|detailschange|p1b: Kangaskhan|Kangaskhan-Mega, L50, F\n|-mega|p1b: Kangaskhan|Kangaskhan|Kangaskhanite\n|move|p2b: Whimsicott|Helping Hand|p2a: Charizard\n|-singleturn|p2a: Charizard|Helping Hand|[of] p2b: Whimsicott\n|move|p1b: Kangaskhan|Fake Out|p2a: Charizard\n|-damage|p2a: Charizard|68/100\n|-crit|p2a: Charizard\n|-damage|p2a: Charizard|56/100\n|-hitcount|p2a: Charizard|2\n|cant|p2a: Charizard|flinch\n|move|p1a: Aerodactyl|Dual Wingbeat|p2b: Whimsicott\n|-supereffective|p2b: Whimsicott|1\n|-damage|p2b: Whimsicott|0 fnt\n|faint|p2b: Whimsicott\n|-hitcount|p2: Whimsicott|1\n|\n|-weather|SunnyDay|[upkeep]\n|upkeep\n|\n|t:|1776256587\n|switch|p2b: Typhlosion|Typhlosion-Hisui, L50, F|100/100\n|-item|p1a: Aerodactyl|Focus Sash|[from] ability: Frisk|[of] p2b: Typhlosion\n|-item|p1b: Kangaskhan|Kangaskhanite|[from] ability: Frisk|[of] p2b: Typhlosion\n|turn|4\n|\n|t:|1776256600\n|move|p1b: Kangaskhan|Sucker Punch|p2b: Typhlosion\n|-supereffective|p2b: Typhlosion|1\n|-damage|p2b: Typhlosion|23/100\n|-supereffective|p2b: Typhlosion|1\n|-damage|p2b: Typhlosion|4/100\n|-hitcount|p2b: Typhlosion|2\n|move|p2b: Typhlosion|Eruption|p1a: Aerodactyl|[spread] p1a,p1b\n|-resisted|p1a: Aerodactyl|1\n|-damage|p1a: Aerodactyl|98/100\n|-damage|p1b: Kangaskhan|97/100\n|move|p2a: Charizard|Heat Wave|p1a: Aerodactyl|[spread] p1a,p1b\n|-resisted|p1a: Aerodactyl|1\n|-damage|p1a: Aerodactyl|55/100\n|-damage|p1b: Kangaskhan|40/100\n|move|p1a: Aerodactyl|Dual Wingbeat|p2a: Charizard\n|-damage|p2a: Charizard|30/100\n|-damage|p2a: Charizard|4/100\n|-hitcount|p2a: Charizard|2\n|\n|-weather|SunnyDay|[upkeep]\n|-end|p1a: Aerodactyl|Encore\n|-sideend|p2: noideawhati|move: Tailwind\n|upkeep\n|turn|5\n|-message|noideawhati forfeited.\n|\n|win|Destr0321\n|raw|Destr0321's rating: 1000 &rarr; <strong>1050</strong><br />(+50 for winning)\n|raw|noideawhati's rating: 1089 &rarr; <strong>1060</strong><br />(-29 for losing)\n|l|\u2606noideawhati\n|player|p2|\n",
  "uploadtime": 1776256616,
  "views": 19,
  "formatid": "gen9championsvgc2026regma",
  "rating": 1050,
  "private": 0,
  "password": null
}