{
  "id": "gen9championsvgc2026regma-2587101709",
  "format": "[Gen 9 Champions] VGC 2026 Reg M-A",
  "players": [
    "TTranid",
    "koxicity"
  ],
  "log": "|j|\u203dTTranid\n|j|\u2606koxicity\n|t:|1776493590\n|gametype|doubles\n|player|p1|TTranid|2|1089\n|player|p2|koxicity|1|1062\n|gen|9\n|tier|[Gen 9 Champions] VGC 2026 Reg M-A\n|rated|\n|rule|Species Clause: Limit one of each Pok\u00e9mon\n|rule|Item Clause: Limit 1 of each item\n|clearpoke\n|poke|p1|Heracross, L50, F|\n|poke|p1|Sinistcha, L50|\n|poke|p1|Aerodactyl, L50, M|\n|poke|p1|Ninetales-Alola, L50, M|\n|poke|p1|Basculegion, L50, M|\n|poke|p1|Luxray, L50, M|\n|poke|p2|Delphox, L50, F|\n|poke|p2|Rotom-Wash, L50|\n|poke|p2|Incineroar, L50, F|\n|poke|p2|Sinistcha-Masterpiece, L50|\n|poke|p2|Sneasler, L50, M|\n|poke|p2|Ninetales-Alola, L50, M|\n|teampreview|4\n|inactive|Battle timer is ON: inactive players will automatically lose when time's up. (requested by TTranid)\n|inactive|koxicity has 60 seconds left.\n|\n|t:|1776493650\n|teamsize|p1|4\n|teamsize|p2|4\n|start\n|switch|p1a: Heracross|Heracross, L50, F|100/100\n|switch|p1b: Aerodactyl|Aerodactyl, L50, M|100/100\n|switch|p2a: Sneasler|Sneasler, L50, M|100/100\n|switch|p2b: Incineroar|Incineroar, L50, F|100/100\n|-ability|p1b: Aerodactyl|Unnerve\n|-ability|p2b: Incineroar|Intimidate|boost\n|-unboost|p1a: Heracross|atk|1\n|-unboost|p1b: Aerodactyl|atk|1\n|turn|1\n|\n|t:|1776493671\n|switch|p1a: Basculegion|Basculegion, L50, M|100/100\n|move|p2a: Sneasler|Fake Out|p1b: Aerodactyl\n|-resisted|p1b: Aerodactyl|1\n|-damage|p1b: Aerodactyl|89/100\n|cant|p1b: Aerodactyl|flinch\n|move|p2b: Incineroar|Parting Shot|p1a: Basculegion\n|-unboost|p1a: Basculegion|atk|1\n|-unboost|p1a: Basculegion|spa|1\n|\n|t:|1776493681\n|switch|p2b: Ninetales|Ninetales-Alola, L50, M|100/100|[from] Parting Shot\n|-weather|Snowscape|[from] ability: Snow Warning|[of] p2b: Ninetales\n|\n|-weather|Snowscape|[upkeep]\n|upkeep\n|turn|2\n|\n|t:|1776493700\n|move|p1a: Basculegion|Flip Turn|p2a: Sneasler\n|-damage|p2a: Sneasler|59/100\n|\n|t:|1776493707\n|switch|p1a: Ninetales|Ninetales-Alola, L50, M|100/100|[from] Flip Turn\n|move|p1b: Aerodactyl|Tailwind|p1b: Aerodactyl\n|-sidestart|p1: TTranid|move: Tailwind\n|move|p2a: Sneasler|Dire Claw|p1b: Aerodactyl\n|-resisted|p1b: Aerodactyl|1\n|-damage|p1b: Aerodactyl|54/100\n|-status|p1b: Aerodactyl|par\n|move|p2b: Ninetales|Aurora Veil|p2b: Ninetales\n|-sidestart|p2: koxicity|move: Aurora Veil\n|\n|-weather|Snowscape|[upkeep]\n|upkeep\n|turn|3\n|\n|t:|1776493724\n|move|p2a: Sneasler|Protect|p2a: Sneasler\n|-singleturn|p2a: Sneasler|Protect\n|move|p1a: Ninetales|Aurora Veil|p1a: Ninetales\n|-sidestart|p1: TTranid|move: Aurora Veil\n|move|p1b: Aerodactyl|Dual Wingbeat|p2b: Ninetales\n|-damage|p2b: Ninetales|92/100\n|-damage|p2b: Ninetales|83/100\n|-hitcount|p2b: Ninetales|2\n|move|p2b: Ninetales|Blizzard|p1a: Ninetales|[spread] p1a,p1b\n|-resisted|p1a: Ninetales|1\n|-supereffective|p1b: Aerodactyl|1\n|-damage|p1a: Ninetales|88/100\n|-damage|p1b: Aerodactyl|0 fnt\n|faint|p1b: Aerodactyl\n|\n|-weather|Snowscape|[upkeep]\n|upkeep\n|\n|t:|1776493733\n|switch|p1b: Heracross|Heracross, L50, F|100/100\n|turn|4\n|\n|t:|1776493754\n|switch|p2a: Delphox|Delphox, L50, F|100/100\n|switch|p2b: Incineroar|Incineroar, L50, F|100/100\n|-ability|p2b: Incineroar|Intimidate|boost\n|-unboost|p1a: Ninetales|atk|1\n|-unboost|p1b: Heracross|atk|1\n|detailschange|p1b: Heracross|Heracross-Mega, L50, F\n|-mega|p1b: Heracross|Heracross|Heracronite\n|move|p1a: Ninetales|Protect|p1a: Ninetales\n|-singleturn|p1a: Ninetales|Protect\n|move|p1b: Heracross|Earthquake|p2a: Delphox|[spread] p2a,p2b\n|-activate|p1a: Ninetales|move: Protect\n|-supereffective|p2a: Delphox|1\n|-supereffective|p2b: Incineroar|1\n|-damage|p2a: Delphox|52/100\n|-damage|p2b: Incineroar|75/100\n|\n|-weather|Snowscape|[upkeep]\n|upkeep\n|turn|5\n|inactive|koxicity has 30 seconds left.\n|\n|t:|1776493785\n|switch|p1b: Basculegion|Basculegion, L50, M|100/100\n|detailschange|p2a: Delphox|Delphox-Mega, L50, F\n|-mega|p2a: Delphox|Delphox|Delphoxite\n|move|p2a: Delphox|Protect|p2a: Delphox\n|-singleturn|p2a: Delphox|Protect\n|move|p1a: Ninetales|Blizzard|p2b: Incineroar|[spread] p2b\n|-activate|p2a: Delphox|move: Protect\n|-resisted|p2b: Incineroar|1\n|-damage|p2b: Incineroar|65/100\n|move|p2b: Incineroar|Parting Shot|p1b: Basculegion\n|-unboost|p1b: Basculegion|atk|1\n|-unboost|p1b: Basculegion|spa|1\n|\n|t:|1776493804\n|switch|p2b: Sneasler|Sneasler, L50, M|59/100|[from] Parting Shot\n|\n|-weather|none\n|-sideend|p1: TTranid|move: Tailwind\n|upkeep\n|turn|6\n|\n|t:|1776493818\n|switch|p2a: Incineroar|Incineroar, L50, F|65/100\n|-ability|p2a: Incineroar|Intimidate|boost\n|-unboost|p1a: Ninetales|atk|1\n|-unboost|p1b: Basculegion|atk|1\n|move|p1b: Basculegion|Flip Turn|p2a: Incineroar\n|-supereffective|p2a: Incineroar|1\n|-damage|p2a: Incineroar|43/100\n|-enditem|p2a: Incineroar|Sitrus Berry|[eat]\n|-heal|p2a: Incineroar|67/100|[from] item: Sitrus Berry\n|\n|t:|1776493825\n|switch|p1b: Heracross|Heracross-Mega, L50, F|100/100|[from] Flip Turn\n|move|p2b: Sneasler|Dire Claw|p1b: Heracross\n|-damage|p1b: Heracross|72/100\n|move|p1a: Ninetales|Blizzard|p2b: Sneasler|[spread] p2a,p2b\n|-resisted|p2a: Incineroar|1\n|-damage|p2a: Incineroar|57/100\n|-damage|p2b: Sneasler|31/100\n|\n|-sideend|p2: koxicity|move: Aurora Veil\n|upkeep\n|turn|7\n|inactive|TTranid has 30 seconds left.\n|inactive|koxicity has 30 seconds left.\n|inactive|TTranid has 20 seconds left.\n|inactive|koxicity has 20 seconds left.\n|\n|t:|1776493861\n|switch|p1a: Basculegion|Basculegion, L50, M|100/100\n|move|p1b: Heracross|Protect|p1b: Heracross\n|-singleturn|p1b: Heracross|Protect\n|move|p2a: Incineroar|Fake Out|p1b: Heracross\n|-activate|p1b: Heracross|move: Protect\n|move|p2b: Sneasler|Dire Claw|p1a: Basculegion\n|-resisted|p1a: Basculegion|1\n|-damage|p1a: Basculegion|82/100\n|-status|p1a: Basculegion|par\n|\n|-sideend|p1: TTranid|move: Aurora Veil\n|upkeep\n|turn|8\n|\n|t:|1776493887\n|switch|p1b: Ninetales|Ninetales-Alola, L50, M|88/100\n|move|p2b: Sneasler|Dire Claw|p1b: Ninetales\n|-supereffective|p1b: Ninetales|1\n|-crit|p1b: Ninetales\n|-damage|p1b: Ninetales|0 fnt\n|faint|p1b: Ninetales\n|move|p1a: Basculegion|Wave Crash|p2a: Incineroar\n|-supereffective|p2a: Incineroar|1\n|-damage|p2a: Incineroar|0 fnt\n|faint|p2a: Incineroar\n|-damage|p1a: Basculegion|64/100 par|[from] Recoil\n|\n|upkeep\n|\n|t:|1776493900\n|switch|p1b: Heracross|Heracross-Mega, L50, F|72/100\n|switch|p2a: Ninetales|Ninetales-Alola, L50, M|83/100\n|-weather|Snowscape|[from] ability: Snow Warning|[of] p2a: Ninetales\n|turn|9\n|\n|t:|1776493914\n|move|p2b: Sneasler|Dire Claw|p1b: Heracross\n|-damage|p1b: Heracross|33/100\n|move|p2a: Ninetales|Freeze-Dry|p1a: Basculegion\n|-supereffective|p1a: Basculegion|1\n|-damage|p1a: Basculegion|0 fnt\n|faint|p1a: Basculegion\n|move|p1b: Heracross|Pin Missile|p2a: Ninetales\n|-resisted|p2a: Ninetales|1\n|-damage|p2a: Ninetales|75/100\n|-resisted|p2a: Ninetales|1\n|-damage|p2a: Ninetales|67/100\n|-resisted|p2a: Ninetales|1\n|-damage|p2a: Ninetales|59/100\n|-resisted|p2a: Ninetales|1\n|-damage|p2a: Ninetales|51/100\n|-resisted|p2a: Ninetales|1\n|-damage|p2a: Ninetales|42/100\n|-hitcount|p2a: Ninetales|5\n|\n|-weather|Snowscape|[upkeep]\n|upkeep\n|turn|10\n|-message|TTranid forfeited.\n|\n|win|koxicity\n|raw|TTranid's rating: 1089 &rarr; <strong>1062</strong><br />(-27 for losing)\n|raw|koxicity's rating: 1041 &rarr; <strong>1079</strong><br />(+38 for winning)\n|l|\u203dTTranid\n|player|p1|\n",
  "uploadtime": 1776493934,
  "views": 14,
  "formatid": "gen9championsvgc2026regma",
  "rating": 1062,
  "private": 0,
  "password": null
}