{
  "id": "gen9championsvgc2026regma-2588171485",
  "format": "[Gen 9 Champions] VGC 2026 Reg M-A",
  "players": [
    "Alexrs_4",
    "DoctorGrizzman"
  ],
  "log": "|j|\u2606Alexrs_4\n|j|\u2606DoctorGrizzman\n|t:|1776611260\n|gametype|doubles\n|player|p1|Alexrs_4|265|1165\n|player|p2|DoctorGrizzman|cynthia|1137\n|gen|9\n|tier|[Gen 9 Champions] VGC 2026 Reg M-A\n|rated|\n|rule|Species Clause: Limit one of each Pok\u00e9mon\n|rule|Item Clause: Limit 1 of each item\n|clearpoke\n|poke|p1|Samurott-Hisui, L50, F, shiny|\n|poke|p1|Decidueye-Hisui, L50, F, shiny|\n|poke|p1|Golurk, L50, shiny|\n|poke|p1|Farigiraf, L50, M|\n|poke|p1|Incineroar, L50, F|\n|poke|p1|Hatterene, L50, F, shiny|\n|poke|p2|Ceruledge, L50, F|\n|poke|p2|Starmie, L50|\n|poke|p2|Farigiraf, L50, M|\n|poke|p2|Talonflame, L50, M|\n|poke|p2|Sneasler, L50, M|\n|poke|p2|Archaludon, L50, F|\n|teampreview|4\n|inactive|Battle timer is ON: inactive players will automatically lose when time's up. (requested by Alexrs_4)\n|\n|t:|1776611327\n|teamsize|p1|4\n|teamsize|p2|4\n|start\n|switch|p1a: Incineroar|Incineroar, L50, F|100/100\n|switch|p1b: Hatterene|Hatterene, L50, F, shiny|100/100\n|switch|p2a: Talonflame|Talonflame, L50, M|100/100\n|switch|p2b: Sneasler|Sneasler, L50, M|100/100\n|-ability|p1a: Incineroar|Intimidate|boost\n|-unboost|p2a: Talonflame|atk|1\n|-unboost|p2b: Sneasler|atk|1\n|turn|1\n|\n|t:|1776611336\n|switch|p2a: Farigiraf|Farigiraf, L50, M|100/100\n|switch|p1a: Farigiraf|Farigiraf, L50, M|100/100\n|move|p2b: Sneasler|Dire Claw|p1b: Hatterene\n|-supereffective|p1b: Hatterene|1\n|-damage|p1b: Hatterene|55/100\n|-status|p1b: Hatterene|slp\n|cant|p1b: Hatterene|slp\n|\n|upkeep\n|turn|2\n|\n|t:|1776611360\n|switch|p2b: Starmie|Starmie, L50|100/100\n|switch|p1b: Incineroar|Incineroar, L50, F|100/100\n|-ability|p1b: Incineroar|Intimidate|boost\n|-unboost|p2a: Farigiraf|atk|1\n|-unboost|p2b: Starmie|atk|1\n|move|p2a: Farigiraf|Imprison|p2a: Farigiraf\n|-start|p2a: Farigiraf|move: Imprison\n|cant|p1a: Farigiraf|move: Imprison|Trick Room\n|\n|upkeep\n|turn|3\n|\n|t:|1776611378\n|switch|p1a: Hatterene|Hatterene, L50, F, shiny|55/100 slp\n|detailschange|p2b: Starmie|Starmie-Mega, L50\n|-mega|p2b: Starmie|Starmie|Starminite\n|move|p2a: Farigiraf|Ally Switch|p2a: Farigiraf\n|swap|p2a: Farigiraf|1|[from] move: Ally Switch\n|move|p2a: Starmie|Liquidation|p1b: Incineroar\n|-supereffective|p1b: Incineroar|1\n|-damage|p1b: Incineroar|7/100\n|-unboost|p1b: Incineroar|def|1\n|-enditem|p1b: Incineroar|Sitrus Berry|[eat]\n|-heal|p1b: Incineroar|32/100|[from] item: Sitrus Berry\n|move|p1b: Incineroar|Darkest Lariat|p2b: Farigiraf\n|-supereffective|p2b: Farigiraf|1\n|-damage|p2b: Farigiraf|55/100\n|\n|upkeep\n|turn|4\n|inactive|DoctorGrizzman has 30 seconds left.\n|inactive|DoctorGrizzman has 20 seconds left.\n|inactive|DoctorGrizzman has 15 seconds left.\n|\n|t:|1776611421\n|move|p2a: Starmie|Liquidation|p1b: Incineroar\n|-supereffective|p1b: Incineroar|1\n|-damage|p1b: Incineroar|0 fnt\n|faint|p1b: Incineroar\n|move|p2b: Farigiraf|Hyper Voice|p1a: Hatterene\n|-damage|p1a: Hatterene|19/100 slp\n|cant|p1a: Hatterene|slp\n|\n|upkeep\n|\n|t:|1776611425\n|switch|p1b: Golurk|Golurk, L50, shiny|100/100\n|turn|5\n|\n|t:|1776611442\n|switch|p2a: Talonflame|Talonflame, L50, M|100/100\n|detailschange|p1b: Golurk|Golurk-Mega, L50, shiny\n|-mega|p1b: Golurk|Golurk|Golurkite\n|move|p2b: Farigiraf|Hyper Voice|p1a: Hatterene|[spread] p1a\n|-immune|p1b: Golurk\n|-damage|p1a: Hatterene|0 fnt\n|faint|p1a: Hatterene\n|move|p1b: Golurk|High Horsepower|p2a: Talonflame\n|-immune|p2a: Talonflame\n|\n|upkeep\n|\n|t:|1776611446\n|switch|p1a: Farigiraf|Farigiraf, L50, M|100/100\n|turn|6\n|l|\u2606Alexrs_4\n|inactive|Alexrs_4 disconnected and has a minute to reconnect!\n|player|p1|\n|inactive|Alexrs_4 has 30 seconds left.\n|inactive|Alexrs_4 has 20 seconds left.\n|inactive|Alexrs_4 has 15 seconds left.\n|inactive|Alexrs_4 has 10 seconds left.\n|inactive|Alexrs_4 has 5 seconds left.\n|-message|Alexrs_4 lost due to inactivity.\n|\n|win|DoctorGrizzman\n|raw|Alexrs_4's rating: 1165 &rarr; <strong>1138</strong><br />(-27 for losing)\n|raw|DoctorGrizzman's rating: 1137 &rarr; <strong>1164</strong><br />(+27 for winning)\n",
  "uploadtime": 1776611516,
  "views": 7,
  "formatid": "gen9championsvgc2026regma",
  "rating": 1138,
  "private": 0,
  "password": null
}