{
  "id": "gen9championsvgc2026regma-2585658023",
  "format": "[Gen 9 Champions] VGC 2026 Reg M-A",
  "players": [
    "falinksblaster9000",
    "Cloaph"
  ],
  "log": "|j|\u2606falinksblaster9000\n|j|\u2606Cloaph\n|t:|1776361761\n|gametype|doubles\n|player|p1|falinksblaster9000|cogita|1175\n|player|p2|Cloaph|miku-ground|1243\n|gen|9\n|tier|[Gen 9 Champions] VGC 2026 Reg M-A\n|rated|\n|rule|Species Clause: Limit one of each Pok\u00e9mon\n|rule|Item Clause: Limit 1 of each item\n|clearpoke\n|poke|p1|Farigiraf, L50, F|\n|poke|p1|Torkoal, L50, M|\n|poke|p1|Sneasler, L50, F|\n|poke|p1|Incineroar, L50, M|\n|poke|p1|Sinistcha-Masterpiece, L50|\n|poke|p1|Crabominable, L50, M|\n|poke|p2|Dragonite, L50, F|\n|poke|p2|Milotic, L50, F|\n|poke|p2|Espathra, L50, M|\n|poke|p2|Basculegion, L50, M|\n|poke|p2|Sneasler, L50, F|\n|poke|p2|Politoed, L50, F|\n|teampreview|4\n|inactive|Battle timer is ON: inactive players will automatically lose when time's up. (requested by falinksblaster9000)\n|inactive|Cloaph has 60 seconds left.\n|\n|t:|1776361816\n|teamsize|p1|4\n|teamsize|p2|4\n|start\n|switch|p1a: Farigiraf|Farigiraf, L50, F|100/100\n|switch|p1b: Incineroar|Incineroar, L50, M|100/100\n|switch|p2a: Sneasler|Sneasler, L50, F|100/100\n|switch|p2b: Dragonite|Dragonite, L50, F|100/100\n|-ability|p1b: Incineroar|Intimidate|boost\n|-unboost|p2a: Sneasler|atk|1\n|-unboost|p2b: Dragonite|atk|1\n|-enditem|p2a: Sneasler|White Herb\n|-clearnegativeboost|p2a: Sneasler|[silent]\n|turn|1\n|\n|t:|1776361836\n|switch|p2b: Milotic|Milotic, L50, F|100/100\n|move|p2a: Sneasler|Taunt|p1a: Farigiraf\n|-start|p1a: Farigiraf|move: Taunt\n|move|p1b: Incineroar|Parting Shot|p2a: Sneasler\n|-unboost|p2a: Sneasler|atk|1\n|-unboost|p2a: Sneasler|spa|1\n|\n|t:|1776361844\n|switch|p1b: Crabominable|Crabominable, L50, M|100/100|[from] Parting Shot\n|cant|p1a: Farigiraf|move: Taunt|Trick Room\n|\n|upkeep\n|turn|2\n|\n|t:|1776361868\n|move|p1b: Crabominable|Protect|p1b: Crabominable\n|-singleturn|p1b: Crabominable|Protect\n|move|p2a: Sneasler|Close Combat|p1a: Farigiraf\n|-damage|p1a: Farigiraf|61/100\n|-unboost|p2a: Sneasler|def|1\n|-unboost|p2a: Sneasler|spd|1\n|move|p2b: Milotic|Scald|p1a: Farigiraf\n|-damage|p1a: Farigiraf|31/100\n|-enditem|p1a: Farigiraf|Sitrus Berry|[eat]\n|-heal|p1a: Farigiraf|56/100|[from] item: Sitrus Berry\n|move|p1a: Farigiraf|Psychic|p2a: Sneasler\n|-supereffective|p2a: Sneasler|2\n|-damage|p2a: Sneasler|0 fnt\n|faint|p2a: Sneasler\n|\n|upkeep\n|\n|t:|1776361882\n|switch|p2a: Kevin|Espathra, L50, M, shiny|100/100\n|turn|3\n|\n|t:|1776361892\n|switch|p1a: Incineroar|Incineroar, L50, M|100/100\n|-ability|p1a: Incineroar|Intimidate|boost\n|-unboost|p2a: Kevin|atk|1\n|-unboost|p2b: Milotic|atk|1\n|-ability|p2b: Milotic|Competitive|boost\n|-boost|p2b: Milotic|spa|2\n|switch|p1b: Torkoal|Torkoal, L50, M|100/100\n|-weather|SunnyDay|[from] ability: Drought|[of] p1b: Torkoal\n|move|p2a: Kevin|Lumina Crash|p1b: Torkoal\n|-damage|p1b: Torkoal|56/100\n|-unboost|p1b: Torkoal|spd|2\n|move|p2b: Milotic|Scald|p1a: Incineroar\n|-supereffective|p1a: Incineroar|1\n|-damage|p1a: Incineroar|43/100\n|\n|-weather|SunnyDay|[upkeep]\n|-ability|p2a: Kevin|Speed Boost|boost\n|-boost|p2a: Kevin|spe|1\n|upkeep\n|turn|4\n|c|\u2606Cloaph|Fool\n|inactive|falinksblaster9000 has 30 seconds left.\n|inactive|Cloaph has 30 seconds left.\n|inactive|falinksblaster9000 has 20 seconds left.\n|inactive|falinksblaster9000 has 15 seconds left.\n|inactive|falinksblaster9000 has 10 seconds left.\n|\n|t:|1776361941\n|move|p2a: Kevin|Protect|p2a: Kevin\n|-singleturn|p2a: Kevin|Protect\n|move|p2b: Milotic|Protect|p2b: Milotic\n|-singleturn|p2b: Milotic|Protect\n|move|p1a: Incineroar|Throat Chop|p2a: Kevin\n|-activate|p2a: Kevin|move: Protect\n|move|p1b: Torkoal|Heat Wave|p2b: Milotic|[spread] \n|-activate|p2a: Kevin|move: Protect\n|-activate|p2b: Milotic|move: Protect\n|\n|-weather|SunnyDay|[upkeep]\n|-ability|p2a: Kevin|Speed Boost|boost\n|-boost|p2a: Kevin|spe|1\n|upkeep\n|turn|5\n|inactive|Cloaph has 30 seconds left.\n|\n|t:|1776361974\n|move|p2a: Kevin|Calm Mind|p2a: Kevin\n|-boost|p2a: Kevin|spa|1\n|-boost|p2a: Kevin|spd|1\n|move|p2b: Milotic|Scald|p1a: Incineroar\n|-supereffective|p1a: Incineroar|1\n|-damage|p1a: Incineroar|0 fnt\n|faint|p1a: Incineroar\n|move|p1b: Torkoal|Heat Wave|p2a: Kevin|[spread] p2a,p2b\n|-resisted|p2b: Milotic|1\n|-damage|p2a: Kevin|44/100\n|-damage|p2b: Milotic|77/100\n|\n|-weather|SunnyDay|[upkeep]\n|-heal|p2b: Milotic|82/100|[from] item: Leftovers\n|-ability|p2a: Kevin|Speed Boost|boost\n|-boost|p2a: Kevin|spe|1\n|upkeep\n|\n|t:|1776361981\n|switch|p1a: Farigiraf|Farigiraf, L50, F|56/100\n|turn|6\n|\n|t:|1776362001\n|move|p2a: Kevin|Lumina Crash|p1b: Torkoal\n|-damage|p1b: Torkoal|0 fnt\n|faint|p1b: Torkoal\n|move|p2b: Milotic|Scald|p1a: Farigiraf\n|-damage|p1a: Farigiraf|24/100\n|move|p1a: Farigiraf|Trick Room|p1a: Farigiraf\n|-fieldstart|move: Trick Room|[of] p1a: Farigiraf\n|\n|-weather|SunnyDay|[upkeep]\n|-heal|p2b: Milotic|88/100|[from] item: Leftovers\n|-ability|p2a: Kevin|Speed Boost|boost\n|-boost|p2a: Kevin|spe|1\n|upkeep\n|\n|t:|1776362018\n|switch|p1b: Crabominable|Crabominable, L50, M|100/100\n|turn|7\n|\n|t:|1776362029\n|detailschange|p1b: Crabominable|Crabominable-Mega, L50, M\n|-mega|p1b: Crabominable|Crabominable|Crabominite\n|move|p1b: Crabominable|Ice Hammer|p2a: Kevin\n|-damage|p2a: Kevin|0 fnt\n|-unboost|p1b: Crabominable|spe|1\n|faint|p2a: Kevin\n|move|p1a: Farigiraf|Hyper Voice|p2b: Milotic\n|-damage|p2b: Milotic|60/100\n|move|p2b: Milotic|Scald|p1a: Farigiraf\n|-damage|p1a: Farigiraf|0 fnt\n|faint|p1a: Farigiraf\n|\n|-weather|none\n|-heal|p2b: Milotic|66/100|[from] item: Leftovers\n|upkeep\n|\n|t:|1776362033\n|switch|p2a: Dragonite|Dragonite, L50, F|100/100\n|turn|8\n|\n|t:|1776362041\n|detailschange|p2a: Dragonite|Dragonite-Mega, L50, F\n|-mega|p2a: Dragonite|Dragonite|Dragoninite\n|move|p1b: Crabominable|Ice Hammer|p2a: Dragonite\n|-supereffective|p2a: Dragonite|2\n|-damage|p2a: Dragonite|0 fnt\n|-unboost|p1b: Crabominable|spe|1\n|faint|p2a: Dragonite\n|move|p2b: Milotic|Scald|p1b: Crabominable\n|-damage|p1b: Crabominable|38/100\n|-status|p1b: Crabominable|brn\n|\n|-heal|p2b: Milotic|71/100|[from] item: Leftovers\n|-damage|p1b: Crabominable|32/100 brn|[from] brn\n|upkeep\n|turn|9\n|\n|t:|1776362053\n|move|p2b: Milotic|Protect|p2b: Milotic\n|-singleturn|p2b: Milotic|Protect\n|move|p1b: Crabominable|Drain Punch|p2b: Milotic\n|-activate|p2b: Milotic|move: Protect\n|\n|-heal|p2b: Milotic|77/100|[from] item: Leftovers\n|-damage|p1b: Crabominable|26/100 brn|[from] brn\n|upkeep\n|turn|10\n|\n|t:|1776362066\n|move|p1b: Crabominable|Drain Punch|p2b: Milotic\n|-damage|p2b: Milotic|54/100\n|-heal|p1b: Crabominable|38/100 brn|[from] drain|[of] p2b: Milotic\n|move|p2b: Milotic|Scald|p1b: Crabominable\n|-crit|p1b: Crabominable\n|-damage|p1b: Crabominable|0 fnt\n|faint|p1b: Crabominable\n|\n|win|Cloaph\n|raw|falinksblaster9000's rating: 1175 &rarr; <strong>1155</strong><br />(-20 for losing)\n|raw|Cloaph's rating: 1243 &rarr; <strong>1263</strong><br />(+20 for winning)\n|l|\u2606falinksblaster9000\n|player|p1|\n",
  "uploadtime": 1776362071,
  "views": 16,
  "formatid": "gen9championsvgc2026regma",
  "rating": 1155,
  "private": 0,
  "password": null
}