{
  "id": "gen9championsvgc2026regma-2582576527",
  "format": "[Gen 9 Champions] VGC 2026 Reg M-A",
  "players": [
    "vampirekuo",
    "Motogikarp"
  ],
  "log": "|j|\u2606vampirekuo\n|j|\u2606Motogikarp\n|t:|1776100413\n|gametype|doubles\n|player|p1|vampirekuo|102|1123\n|player|p2|Motogikarp|alec-anime|1112\n|gen|9\n|tier|[Gen 9 Champions] VGC 2026 Reg M-A\n|rated|\n|rule|Species Clause: Limit one of each Pok\u00e9mon\n|rule|Item Clause: Limit 1 of each item\n|clearpoke\n|poke|p1|Whimsicott, L50, F|\n|poke|p1|Typhlosion-Hisui, L50, F|\n|poke|p1|Charizard, L50, F|\n|poke|p1|Incineroar, L50, M|\n|poke|p1|Toxicroak, L50, M|\n|poke|p1|Rotom-Mow, L50|\n|poke|p2|Rotom-Heat, L50|\n|poke|p2|Aegislash, L50, F|\n|poke|p2|Tyranitar, L50, M|\n|poke|p2|Starmie, L50|\n|poke|p2|Aerodactyl, L50, F|\n|poke|p2|Garchomp, L50, M|\n|teampreview|4\n|\n|t:|1776100430\n|teamsize|p1|4\n|teamsize|p2|4\n|start\n|switch|p1a: Toxicroak|Toxicroak, L50, M|100/100\n|switch|p1b: Incineroar|Incineroar, L50, M|100/100\n|switch|p2a: Starmie|Starmie, L50|100/100\n|switch|p2b: Aerodactyl|Aerodactyl, L50, F, shiny|100/100\n|-ability|p2b: Aerodactyl|Unnerve\n|-ability|p1b: Incineroar|Intimidate|boost\n|-unboost|p2a: Starmie|atk|1\n|-unboost|p2b: Aerodactyl|atk|1\n|turn|1\n|\n|t:|1776100451\n|detailschange|p2a: Starmie|Starmie-Mega, L50\n|-mega|p2a: Starmie|Starmie|Starminite\n|move|p2b: Aerodactyl|Protect|p2b: Aerodactyl\n|-singleturn|p2b: Aerodactyl|Protect\n|move|p2a: Starmie|Protect|p2a: Starmie\n|-singleturn|p2a: Starmie|Protect\n|move|p1b: Incineroar|Fake Out|p2a: Starmie\n|-activate|p2a: Starmie|move: Protect\n|move|p1a: Toxicroak|Swords Dance|p1a: Toxicroak\n|-boost|p1a: Toxicroak|atk|2\n|\n|upkeep\n|turn|2\n|\n|t:|1776100465\n|move|p2b: Aerodactyl|Dual Wingbeat|p1a: Toxicroak\n|-supereffective|p1a: Toxicroak|1\n|-damage|p1a: Toxicroak|58/100\n|-supereffective|p1a: Toxicroak|1\n|-damage|p1a: Toxicroak|17/100\n|-hitcount|p1a: Toxicroak|2\n|move|p2a: Starmie|Skill Swap|p2b: Aerodactyl\n|-activate|p2a: Starmie|Skill Swap|||[of] p2b: Aerodactyl\n|-ability|p2a: Starmie|Unnerve\n|move|p1a: Toxicroak|Knock Off|p2a: Starmie\n|-supereffective|p2a: Starmie|1\n|-damage|p2a: Starmie|0 fnt\n|faint|p2a: Starmie\n|move|p1b: Incineroar|Darkest Lariat|p2b: Aerodactyl\n|-damage|p2b: Aerodactyl|33/100\n|\n|upkeep\n|\n|t:|1776100474\n|switch|p2a: Garchomp|Garchomp, L50, M|100/100\n|turn|3\n|\n|t:|1776100485\n|move|p2b: Aerodactyl|Rock Slide|p1b: Incineroar|[spread] p1a\n|-miss|p2b: Aerodactyl|p1b: Incineroar\n|-resisted|p1a: Toxicroak|1\n|-damage|p1a: Toxicroak|0 fnt\n|faint|p1a: Toxicroak\n|move|p2a: Garchomp|Earthquake|p1b: Incineroar|[spread] p1b\n|-immune|p2b: Aerodactyl\n|-supereffective|p1b: Incineroar|1\n|-damage|p1b: Incineroar|15/100\n|move|p1b: Incineroar|Parting Shot|p2a: Garchomp\n|-unboost|p2a: Garchomp|atk|1\n|-unboost|p2a: Garchomp|spa|1\n|\n|t:|1776100491\n|switch|p1b: Whimsicott|Whimsicott, L50, F|100/100|[from] Parting Shot\n|-enditem|p2a: Garchomp|White Herb\n|-clearnegativeboost|p2a: Garchomp|[silent]\n|\n|upkeep\n|\n|t:|1776100499\n|switch|p1a: Incineroar|Incineroar, L50, M|15/100\n|-ability|p1a: Incineroar|Intimidate|boost\n|-unboost|p2a: Garchomp|atk|1\n|-unboost|p2b: Aerodactyl|atk|1\n|turn|4\n|\n|t:|1776100513\n|move|p1b: Whimsicott|Tailwind|p1b: Whimsicott\n|-sidestart|p1: vampirekuo|move: Tailwind\n|move|p1a: Incineroar|Parting Shot|p2a: Garchomp\n|-unboost|p2a: Garchomp|atk|1\n|-unboost|p2a: Garchomp|spa|1\n|\n|t:|1776100525\n|switch|p1a: Typhlosion|Typhlosion-Hisui, L50, F|100/100|[from] Parting Shot\n|-item|p2b: Aerodactyl|Focus Sash|[from] ability: Frisk|[of] p1a: Typhlosion\n|move|p2b: Aerodactyl|Tailwind|p2b: Aerodactyl\n|-sidestart|p2: Motogikarp|move: Tailwind\n|move|p2a: Garchomp|Iron Head|p1b: Whimsicott\n|-supereffective|p1b: Whimsicott|1\n|-damage|p1b: Whimsicott|62/100\n|\n|upkeep\n|turn|5\n|\n|t:|1776100536\n|move|p1b: Whimsicott|Sunny Day|p1b: Whimsicott\n|-weather|SunnyDay\n|move|p2b: Aerodactyl|Rock Slide|p1a: Typhlosion|[spread] p1a,p1b\n|-supereffective|p1a: Typhlosion|1\n|-damage|p1a: Typhlosion|32/100\n|-damage|p1b: Whimsicott|24/100\n|move|p2a: Garchomp|Earthquake|p1b: Whimsicott|[spread] p1a,p1b\n|-immune|p2b: Aerodactyl\n|-supereffective|p1a: Typhlosion|1\n|-resisted|p1b: Whimsicott|1\n|-damage|p1a: Typhlosion|0 fnt\n|-damage|p1b: Whimsicott|10/100\n|faint|p1a: Typhlosion\n|\n|-weather|SunnyDay|[upkeep]\n|upkeep\n|\n|t:|1776100541\n|switch|p1a: Incineroar|Incineroar, L50, M|15/100\n|-ability|p1a: Incineroar|Intimidate|boost\n|-unboost|p2a: Garchomp|atk|1\n|-unboost|p2b: Aerodactyl|atk|1\n|turn|6\n|\n|t:|1776100549\n|move|p1b: Whimsicott|Sunny Day||[still]\n|-fail|p1b: Whimsicott\n|move|p2b: Aerodactyl|Rock Slide|p1b: Whimsicott|[spread] p1a\n|-miss|p2b: Aerodactyl|p1b: Whimsicott\n|-supereffective|p1a: Incineroar|1\n|-damage|p1a: Incineroar|0 fnt\n|faint|p1a: Incineroar\n|move|p2a: Garchomp|Earthquake|p1b: Whimsicott|[spread] p1b\n|-immune|p2b: Aerodactyl\n|-resisted|p1b: Whimsicott|1\n|-damage|p1b: Whimsicott|0 fnt\n|faint|p1b: Whimsicott\n|\n|win|Motogikarp\n|raw|vampirekuo's rating: 1123 &rarr; <strong>1097</strong><br />(-26 for losing)\n|raw|Motogikarp's rating: 1112 &rarr; <strong>1138</strong><br />(+26 for winning)\n|l|\u2606vampirekuo\n|player|p1|\n",
  "uploadtime": 1776100564,
  "views": 15,
  "formatid": "gen9championsvgc2026regma",
  "rating": 1097,
  "private": 0,
  "password": null
}