{
  "id": "gen9championsvgc2026regma-2588593262",
  "format": "[Gen 9 Champions] VGC 2026 Reg M-A",
  "players": [
    "malamarie",
    "BM_bryka"
  ],
  "log": "|j|\u2606malamarie\n|j|\u2606BM_bryka\n|t:|1776648243\n|gametype|doubles\n|player|p1|malamarie|dahlia|1200\n|player|p2|BM_bryka|ingo|1241\n|gen|9\n|tier|[Gen 9 Champions] VGC 2026 Reg M-A\n|rated|\n|rule|Species Clause: Limit one of each Pok\u00e9mon\n|rule|Item Clause: Limit 1 of each item\n|clearpoke\n|poke|p1|Archaludon, L50, F, shiny|\n|poke|p1|Raichu, L50, M, shiny|\n|poke|p1|Pelipper, L50, M, shiny|\n|poke|p1|Oranguru, L50, M|\n|poke|p1|Gyarados, L50, M, shiny|\n|poke|p1|Victreebel, L50, F, shiny|\n|poke|p2|Aggron, L50, M|\n|poke|p2|Tyranitar, L50, M|\n|poke|p2|Farigiraf, L50, F, shiny|\n|poke|p2|Sneasler, L50, F|\n|poke|p2|Primarina, L50, F|\n|poke|p2|Sinistcha-Masterpiece, L50|\n|teampreview|4\n|inactive|Battle timer is ON: inactive players will automatically lose when time's up. (requested by malamarie)\nBM_bryka rejected open team sheets.\n|\n|t:|1776648276\n|teamsize|p1|4\n|teamsize|p2|4\n|start\n|switch|p1a: Archaludon|Archaludon, L50, F, shiny|100/100\n|switch|p1b: Pelipper|Pelipper, L50, M, shiny|100/100\n|switch|p2a: Aggr(essi)on|Aggron, L50, M|100/100\n|switch|p2b: Chimarr\u00e3o|Sinistcha-Masterpiece, L50|100/100\n|-weather|RainDance|[from] ability: Drizzle|[of] p1b: Pelipper\n|turn|1\n|\n|t:|1776648295\n|switch|p2b: Tyrano|Tyranitar, L50, M|100/100\n|-weather|Sandstorm|[from] ability: Sand Stream|[of] p2b: Tyrano\n|detailschange|p2a: Aggr(essi)on|Aggron-Mega, L50, M\n|-mega|p2a: Aggr(essi)on|Aggron|Aggronite\n|move|p1a: Archaludon|Electro Shot||[still]\n|-prepare|p1a: Archaludon|Electro Shot\n|-boost|p1a: Archaludon|spa|1\n|move|p1b: Pelipper|Hurricane|p2b: Tyrano|[miss]\n|-miss|p1b: Pelipper|p2b: Tyrano\n|move|p2a: Aggr(essi)on|Iron Defense|p2a: Aggr(essi)on\n|-boost|p2a: Aggr(essi)on|def|2\n|\n|-weather|Sandstorm|[upkeep]\n|-damage|p1b: Pelipper|95/100|[from] Sandstorm\n|upkeep\n|turn|2\n|\n|t:|1776648309\n|switch|p1b: Raichu|Raichu, L50, M, shiny|100/100\n|move|p2a: Aggr(essi)on|Protect|p2a: Aggr(essi)on\n|-singleturn|p2a: Aggr(essi)on|Protect\n|move|p1a: Archaludon|Electro Shot|p1b: Raichu|[from] lockedmove\n|-activate|p1b: Raichu|ability: Lightning Rod\n|-ability|p1b: Raichu|Lightning Rod|boost\n|-boost|p1b: Raichu|spa|1\n|move|p2b: Tyrano|Low Kick|p1a: Archaludon\n|-supereffective|p1a: Archaludon|1\n|-damage|p1a: Archaludon|55/100\n|-ability|p1a: Archaludon|Stamina|boost\n|-boost|p1a: Archaludon|def|1\n|\n|-weather|Sandstorm|[upkeep]\n|-damage|p1b: Raichu|95/100|[from] Sandstorm\n|-heal|p1a: Archaludon|62/100|[from] item: Leftovers\n|upkeep\n|turn|3\n|inactive|BM_bryka has 30 seconds left.\n|inactive|BM_bryka has 20 seconds left.\n|inactive|BM_bryka has 15 seconds left.\n|\n|t:|1776648351\n|move|p1b: Raichu|Fake Out|p2a: Aggr(essi)on\n|-resisted|p2a: Aggr(essi)on|1\n|-damage|p2a: Aggr(essi)on|99/100\n|move|p1a: Archaludon|Flash Cannon|p2b: Tyrano\n|-supereffective|p2b: Tyrano|1\n|-damage|p2b: Tyrano|33/100\n|move|p2b: Tyrano|Knock Off|p1b: Raichu\n|-damage|p1b: Raichu|0 fnt\n|-enditem|p1b: Raichu|Focus Sash|[from] move: Knock Off|[of] p2b: Tyrano\n|faint|p1b: Raichu\n|cant|p2a: Aggr(essi)on|flinch\n|\n|-weather|Sandstorm|[upkeep]\n|-heal|p1a: Archaludon|68/100|[from] item: Leftovers\n|upkeep\n|\n|t:|1776648359\n|switch|p1b: Pelipper|Pelipper, L50, M, shiny|95/100\n|-weather|RainDance|[from] ability: Drizzle|[of] p1b: Pelipper\n|turn|4\n|\n|t:|1776648366\n|switch|p2b: Bot\u00e2nica|Sneasler, L50, F|100/100\n|switch|p1b: Victreebel|Victreebel, L50, F, shiny|100/100\n|move|p2a: Aggr(essi)on|Protect|p2a: Aggr(essi)on\n|-singleturn|p2a: Aggr(essi)on|Protect\n|move|p1a: Archaludon|Flash Cannon|p2b: Bot\u00e2nica\n|-damage|p2b: Bot\u00e2nica|37/100\n|\n|-weather|RainDance|[upkeep]\n|-heal|p1a: Archaludon|74/100|[from] item: Leftovers\n|upkeep\n|turn|5\n|\n|t:|1776648395\n|switch|p2b: Tyrano|Tyranitar, L50, M|33/100\n|-weather|Sandstorm|[from] ability: Sand Stream|[of] p2b: Tyrano\n|detailschange|p1b: Victreebel|Victreebel-Mega, L50, F, shiny\n|-mega|p1b: Victreebel|Victreebel|Victreebelite\n|move|p1a: Archaludon|Protect|p1a: Archaludon\n|-singleturn|p1a: Archaludon|Protect\n|move|p1b: Victreebel|Leaf Blade|p2b: Tyrano\n|-supereffective|p2b: Tyrano|1\n|-damage|p2b: Tyrano|0 fnt\n|faint|p2b: Tyrano\n|move|p2a: Aggr(essi)on|Body Press|p1a: Archaludon\n|-activate|p1a: Archaludon|move: Protect\n|\n|-weather|Sandstorm|[upkeep]\n|-damage|p1b: Victreebel|95/100|[from] Sandstorm\n|-heal|p1a: Archaludon|80/100|[from] item: Leftovers\n|upkeep\n|\n|t:|1776648407\n|switch|p2b: Bot\u00e2nica|Sneasler, L50, F|37/100\n|turn|6\n|inactive|malamarie has 30 seconds left.\n|inactive|BM_bryka has 30 seconds left.\n|\n|t:|1776648444\n|switch|p1b: Pelipper|Pelipper, L50, M, shiny|95/100\n|-weather|RainDance|[from] ability: Drizzle|[of] p1b: Pelipper\n|move|p2b: Bot\u00e2nica|Close Combat|p1b: Pelipper\n|-resisted|p1b: Pelipper|1\n|-damage|p1b: Pelipper|58/100\n|-unboost|p2b: Bot\u00e2nica|def|1\n|-unboost|p2b: Bot\u00e2nica|spd|1\n|-enditem|p2b: Bot\u00e2nica|White Herb\n|-clearnegativeboost|p2b: Bot\u00e2nica|[silent]\n|move|p1a: Archaludon|Flash Cannon|p2b: Bot\u00e2nica\n|-damage|p2b: Bot\u00e2nica|0 fnt\n|faint|p2b: Bot\u00e2nica\n|move|p2a: Aggr(essi)on|Body Press|p1a: Archaludon\n|-supereffective|p1a: Archaludon|1\n|-damage|p1a: Archaludon|0 fnt\n|faint|p1a: Archaludon\n|\n|-weather|RainDance|[upkeep]\n|upkeep\n|\n|t:|1776648458\n|switch|p2b: Chimarr\u00e3o|Sinistcha-Masterpiece, L50|100/100\n|switch|p1a: Victreebel|Victreebel-Mega, L50, F, shiny|95/100\n|-heal|p2a: Aggr(essi)on|100/100|[from] ability: Hospitality|[of] p2b: Chimarr\u00e3o\n|turn|7\n|inactive|BM_bryka has 30 seconds left.\n|\n|t:|1776648486\n|move|p1a: Victreebel|Poison Jab|p2b: Chimarr\u00e3o\n|-damage|p2b: Chimarr\u00e3o|60/100\n|-status|p2b: Chimarr\u00e3o|psn\n|move|p1b: Pelipper|Weather Ball|p2a: Aggr(essi)on\n|-damage|p2a: Aggr(essi)on|29/100\n|move|p2a: Aggr(essi)on|Heavy Slam|p1a: Victreebel\n|-damage|p1a: Victreebel|58/100\n|move|p2b: Chimarr\u00e3o|Trick Room|p2b: Chimarr\u00e3o\n|-fieldstart|move: Trick Room|[of] p2b: Chimarr\u00e3o\n|\n|-weather|RainDance|[upkeep]\n|-damage|p2b: Chimarr\u00e3o|47/100 psn|[from] psn\n|upkeep\n|-enditem|p2b: Chimarr\u00e3o|Sitrus Berry|[eat]\n|-heal|p2b: Chimarr\u00e3o|72/100 psn|[from] item: Sitrus Berry\n|turn|8\n|\n|t:|1776648507\n|move|p2a: Aggr(essi)on|Protect|p2a: Aggr(essi)on\n|-singleturn|p2a: Aggr(essi)on|Protect\n|move|p1b: Pelipper|Weather Ball|p2a: Aggr(essi)on\n|-activate|p2a: Aggr(essi)on|move: Protect\n|move|p2b: Chimarr\u00e3o|Life Dew|p2b: Chimarr\u00e3o|[spread] p2a,p2b\n|-heal|p2a: Aggr(essi)on|54/100\n|-heal|p2b: Chimarr\u00e3o|97/100 psn\n|move|p1a: Victreebel|Strength Sap|p2a: Aggr(essi)on\n|-activate|p2a: Aggr(essi)on|move: Protect\n|\n|-weather|RainDance|[upkeep]\n|-damage|p2b: Chimarr\u00e3o|85/100 psn|[from] psn\n|upkeep\n|turn|9\n|\n|t:|1776648527\n|move|p2b: Chimarr\u00e3o|Rage Powder|p2b: Chimarr\u00e3o\n|-singleturn|p2b: Chimarr\u00e3o|move: Rage Powder\n|move|p2a: Aggr(essi)on|Body Press|p1b: Pelipper\n|-resisted|p1b: Pelipper|1\n|-damage|p1b: Pelipper|6/100\n|move|p1b: Pelipper|Hurricane|p2b: Chimarr\u00e3o\n|-supereffective|p2b: Chimarr\u00e3o|1\n|-damage|p2b: Chimarr\u00e3o|0 fnt\n|faint|p2b: Chimarr\u00e3o\n|move|p1a: Victreebel|Leaf Blade|p2a: Aggr(essi)on\n|-resisted|p2a: Aggr(essi)on|1\n|-damage|p2a: Aggr(essi)on|49/100\n|\n|-weather|RainDance|[upkeep]\n|upkeep\n|turn|10\n|\n|t:|1776648545\n|move|p2a: Aggr(essi)on|Body Press|p1b: Pelipper\n|-resisted|p1b: Pelipper|1\n|-damage|p1b: Pelipper|0 fnt\n|faint|p1b: Pelipper\n|move|p1a: Victreebel|Leaf Blade|p2a: Aggr(essi)on\n|-resisted|p2a: Aggr(essi)on|1\n|-damage|p2a: Aggr(essi)on|43/100\n|\n|-weather|none\n|upkeep\n|turn|11\n|\n|t:|1776648555\n|move|p2a: Aggr(essi)on|Iron Defense|p2a: Aggr(essi)on\n|-boost|p2a: Aggr(essi)on|def|2\n|move|p1a: Victreebel|Leaf Blade|p2a: Aggr(essi)on\n|-resisted|p2a: Aggr(essi)on|1\n|-crit|p2a: Aggr(essi)on\n|-damage|p2a: Aggr(essi)on|29/100\n|\n|-fieldend|move: Trick Room\n|upkeep\n|turn|12\n|\n|t:|1776648562\n|move|p1a: Victreebel|Leaf Blade|p2a: Aggr(essi)on\n|-resisted|p2a: Aggr(essi)on|1\n|-crit|p2a: Aggr(essi)on\n|-damage|p2a: Aggr(essi)on|12/100\n|move|p2a: Aggr(essi)on|Body Press|p1a: Victreebel\n|-resisted|p1a: Victreebel|1\n|-damage|p1a: Victreebel|0 fnt\n|-damage|p2a: Aggr(essi)on|0 fnt|[from] ability: Innards Out|[of] p1a: Victreebel\n|faint|p1a: Victreebel\n|faint|p2a: Aggr(essi)on\n|\n|win|BM_bryka\n|raw|malamarie's rating: 1200 &rarr; <strong>1178</strong><br />(-22 for losing)\n|raw|BM_bryka's rating: 1241 &rarr; <strong>1263</strong><br />(+22 for winning)\n",
  "uploadtime": 1776648608,
  "views": 5,
  "formatid": "gen9championsvgc2026regma",
  "rating": 1178,
  "private": 0,
  "password": null
}