{
  "id": "gen9championsvgc2026regma-2587458169",
  "format": "[Gen 9 Champions] VGC 2026 Reg M-A",
  "players": [
    "jimmyjohn445",
    "shohei0115"
  ],
  "log": "|j|\u2606jimmyjohn445\n|j|\u2606shohei0115\n|t:|1776533506\n|gametype|doubles\n|player|p1|jimmyjohn445|266|1047\n|player|p2|shohei0115|1|1049\n|gen|9\n|tier|[Gen 9 Champions] VGC 2026 Reg M-A\n|rated|\n|rule|Species Clause: Limit one of each Pok\u00e9mon\n|rule|Item Clause: Limit 1 of each item\n|clearpoke\n|poke|p1|Meganium, L50, F|\n|poke|p1|Aerodactyl, L50, F|\n|poke|p1|Maushold-Four, L50|\n|poke|p1|Gyarados, L50, M|\n|poke|p1|Scovillain, L50, F|\n|poke|p1|Sneasler, L50, F|\n|poke|p2|Charizard, L50, M, shiny|\n|poke|p2|Farigiraf, L50, M|\n|poke|p2|Garchomp, L50, M|\n|poke|p2|Kingambit, L50, M, shiny|\n|poke|p2|Sneasler, L50, M|\n|poke|p2|Whimsicott, L50, F|\n|teampreview|4\n|inactive|Battle timer is ON: inactive players will automatically lose when time's up. (requested by jimmyjohn445)\n|inactive|shohei0115 has 60 seconds left.\n|inactive|shohei0115 has 30 seconds left.\n|\n|t:|1776533599\n|teamsize|p1|4\n|teamsize|p2|4\n|start\n|switch|p1a: Aerodactyl|Aerodactyl, L50, F|100/100\n|switch|p1b: Sneasler|Sneasler, L50, F|100/100\n|switch|p2a: Charizard|Charizard, L50, M, shiny|100/100\n|switch|p2b: Kingambit|Kingambit, L50, M, shiny|100/100\n|-ability|p1a: Aerodactyl|Unnerve\n|turn|1\n|inactive|shohei0115 has 30 seconds left.\n|inactive|shohei0115 has 20 seconds left.\n|\n|t:|1776533634\n|switch|p2a: Farigiraf|Farigiraf, L50, M|100/100\n|switch|p2b: Garchomp|Garchomp, L50, M|100/100\n|move|p1b: Sneasler|Fake Out||[still]\n|cant|p2a: Farigiraf|ability: Armor Tail|Fake Out|[of] p1b: Sneasler\n|move|p1a: Aerodactyl|Tailwind|p1a: Aerodactyl\n|-sidestart|p1: jimmyjohn445|move: Tailwind\n|\n|upkeep\n|turn|2\n|inactive|shohei0115 has 30 seconds left.\n|\n|t:|1776533662\n|move|p2b: Garchomp|Protect|p2b: Garchomp\n|-singleturn|p2b: Garchomp|Protect\n|move|p1a: Aerodactyl|Rock Slide|p2a: Farigiraf|[spread] p2a\n|-activate|p2b: Garchomp|move: Protect\n|-damage|p2a: Farigiraf|79/100\n|move|p1b: Sneasler|Close Combat|p2a: Farigiraf\n|-damage|p2a: Farigiraf|25/100\n|-unboost|p1b: Sneasler|def|1\n|-unboost|p1b: Sneasler|spd|1\n|-enditem|p1b: Sneasler|White Herb\n|-clearnegativeboost|p1b: Sneasler|[silent]\n|move|p2a: Farigiraf|Trick Room|p2a: Farigiraf\n|-fieldstart|move: Trick Room|[of] p2a: Farigiraf\n|\n|upkeep\n|turn|3\n|inactive|jimmyjohn445 has 30 seconds left.\n|inactive|shohei0115 has 30 seconds left.\n|\n|t:|1776533697\n|move|p1b: Sneasler|Protect|p1b: Sneasler\n|-singleturn|p1b: Sneasler|Protect\n|move|p2a: Farigiraf|Psychic|p1a: Aerodactyl\n|-damage|p1a: Aerodactyl|56/100\n|move|p2b: Garchomp|Rock Slide|p1a: Aerodactyl|[spread] p1a\n|-activate|p1b: Sneasler|move: Protect\n|-supereffective|p1a: Aerodactyl|1\n|-damage|p1a: Aerodactyl|0 fnt\n|-enditem|p2a: Farigiraf|Sitrus Berry|[eat]\n|-heal|p2a: Farigiraf|50/100|[from] item: Sitrus Berry\n|faint|p1a: Aerodactyl\n|\n|upkeep\n|\n|t:|1776533709\n|switch|p1a: Meganium|Meganium, L50, F|100/100\n|turn|4\n|inactive|shohei0115 has 30 seconds left.\n|inactive|shohei0115 has 20 seconds left.\n|inactive|shohei0115 has 15 seconds left.\n|\n|t:|1776533753\n|switch|p2b: Charizard|Charizard, L50, M, shiny|100/100\n|switch|p1b: Maushold|Maushold-Four, L50|100/100\n|detailschange|p1a: Meganium|Meganium-Mega, L50, F\n|-mega|p1a: Meganium|Meganium|Meganiumite\n|move|p2a: Farigiraf|Psychic|p1b: Maushold\n|-damage|p1b: Maushold|59/100\n|move|p1a: Meganium|Dazzling Gleam|p2a: Farigiraf|[spread] p2a,p2b\n|-resisted|p2b: Charizard|1\n|-damage|p2a: Farigiraf|14/100\n|-damage|p2b: Charizard|78/100\n|\n|-sideend|p1: jimmyjohn445|move: Tailwind\n|upkeep\n|turn|5\n|inactive|jimmyjohn445 has 30 seconds left.\n|\n|t:|1776533783\n|detailschange|p2b: Charizard|Charizard-Mega-Y, L50, M, shiny\n|-mega|p2b: Charizard|Charizard|Charizardite Y\n|-weather|SunnyDay|[from] ability: Drought|[of] p2b: Charizard\n|move|p2a: Farigiraf|Helping Hand|p2b: Charizard\n|-singleturn|p2b: Charizard|Helping Hand|[of] p2a: Farigiraf\n|move|p1b: Maushold|Protect|p1b: Maushold\n|-singleturn|p1b: Maushold|Protect\n|move|p1a: Meganium|Dazzling Gleam|p2a: Farigiraf|[spread] p2a,p2b\n|-resisted|p2b: Charizard|1\n|-damage|p2a: Farigiraf|0 fnt\n|-damage|p2b: Charizard|63/100\n|faint|p2a: Farigiraf\n|move|p2b: Charizard|Heat Wave|p1a: Meganium|[spread] p1a\n|-activate|p1b: Maushold|move: Protect\n|-supereffective|p1a: Meganium|1\n|-damage|p1a: Meganium|0 fnt\n|faint|p1a: Meganium\n|\n|-weather|SunnyDay|[upkeep]\n|upkeep\n|inactive|shohei0115 has 30 seconds left.\n|\n|t:|1776533813\n|switch|p2a: Garchomp|Garchomp, L50, M|100/100\n|switch|p1a: Sneasler|Sneasler, L50, F|100/100\n|turn|6\n|\n|t:|1776533831\n|move|p2b: Charizard|Heat Wave|p1b: Maushold|[spread] p1a,p1b\n|-damage|p1a: Sneasler|30/100\n|-damage|p1b: Maushold|0 fnt\n|faint|p1b: Maushold\n|move|p2a: Garchomp|Earthquake|p1a: Sneasler|[spread] p1a\n|-immune|p2b: Charizard\n|-supereffective|p1a: Sneasler|1\n|-damage|p1a: Sneasler|0 fnt\n|faint|p1a: Sneasler\n|\n|win|shohei0115\n|raw|jimmyjohn445's rating: 1047 &rarr; <strong>1030</strong><br />(-17 for losing)\n|raw|shohei0115's rating: 1049 &rarr; <strong>1081</strong><br />(+32 for winning)\n|l|\u2606jimmyjohn445\n|player|p1|\n",
  "uploadtime": 1776533857,
  "views": 14,
  "formatid": "gen9championsvgc2026regma",
  "rating": 1030,
  "private": 0,
  "password": null
}