{
  "id": "gen9championsvgc2026regma-2584451251",
  "format": "[Gen 9 Champions] VGC 2026 Reg M-A",
  "players": [
    "Qloser",
    "Linux6969"
  ],
  "log": "|j|\u2606Qloser\n|j|\u2606Linux6969\n|t:|1776261783\n|gametype|doubles\n|player|p1|Qloser|norman|1331\n|player|p2|Linux6969|265|1306\n|gen|9\n|tier|[Gen 9 Champions] VGC 2026 Reg M-A\n|rated|\n|rule|Species Clause: Limit one of each Pok\u00e9mon\n|rule|Item Clause: Limit 1 of each item\n|clearpoke\n|poke|p1|Charizard, L50, M|\n|poke|p1|Kingambit, L50, F|\n|poke|p1|Rotom-Wash, L50|\n|poke|p1|Tyranitar, L50, M|\n|poke|p1|Sinistcha, L50|\n|poke|p1|Excadrill, L50, F|\n|poke|p2|Gengar, L50, F|\n|poke|p2|Incineroar, L50, M|\n|poke|p2|Primarina, L50, F|\n|poke|p2|Blastoise, L50, M|\n|poke|p2|Altaria, L50, M|\n|poke|p2|Sableye, L50, F|\n|teampreview|4\n|inactive|Battle timer is ON: inactive players will automatically lose when time's up. (requested by Qloser)\n|\n|t:|1776261803\n|teamsize|p1|4\n|teamsize|p2|4\n|start\n|switch|p1a: Kingambit|Kingambit, L50, F|100/100\n|switch|p1b: Excadrill|Excadrill, L50, F|100/100\n|switch|p2a: Gengar|Gengar, L50, F|100/100\n|switch|p2b: Blastoise|Blastoise, L50, M|100/100\n|turn|1\n|\n|t:|1776261818\n|detailschange|p2a: Gengar|Gengar-Mega, L50, F\n|-mega|p2a: Gengar|Gengar|Gengarite\n|move|p2b: Blastoise|Fake Out|p1a: Kingambit\n|-resisted|p1a: Kingambit|1\n|-crit|p1a: Kingambit\n|-damage|p1a: Kingambit|96/100\n|move|p2a: Gengar|Perish Song|p2a: Gengar\n|-start|p1a: Kingambit|perish3|[silent]\n|-start|p1b: Excadrill|perish3|[silent]\n|-start|p2a: Gengar|perish3|[silent]\n|-start|p2b: Blastoise|perish3|[silent]\n|-fieldactivate|move: Perish Song\n|move|p1b: Excadrill|Rock Slide|p2a: Gengar|[spread] p2a,p2b\n|-damage|p2a: Gengar|71/100\n|-damage|p2b: Blastoise|81/100\n|cant|p1a: Kingambit|flinch\n|\n|-start|p2a: Gengar|perish3\n|-start|p1b: Excadrill|perish3\n|-start|p2b: Blastoise|perish3\n|-start|p1a: Kingambit|perish3\n|upkeep\n|turn|2\n|\n|t:|1776261830\n|move|p2a: Gengar|Protect|p2a: Gengar\n|-singleturn|p2a: Gengar|Protect\n|move|p2b: Blastoise|Protect|p2b: Blastoise\n|-singleturn|p2b: Blastoise|Protect\n|move|p1b: Excadrill|Rock Slide|p2b: Blastoise|[spread] \n|-activate|p2a: Gengar|move: Protect\n|-activate|p2b: Blastoise|move: Protect\n|move|p1a: Kingambit|Kowtow Cleave|p2a: Gengar\n|-activate|p2a: Gengar|move: Protect\n|\n|-start|p2a: Gengar|perish2\n|-start|p1b: Excadrill|perish2\n|-start|p2b: Blastoise|perish2\n|-start|p1a: Kingambit|perish2\n|upkeep\n|turn|3\n|\n|t:|1776261847\n|switch|p2a: Incineroar|Incineroar, L50, M|100/100\n|-ability|p2a: Incineroar|Intimidate|boost\n|-unboost|p1a: Kingambit|atk|1\n|-ability|p1a: Kingambit|Defiant|boost\n|-boost|p1a: Kingambit|atk|2\n|-unboost|p1b: Excadrill|atk|1\n|move|p1b: Excadrill|High Horsepower|p2a: Incineroar\n|-supereffective|p2a: Incineroar|1\n|-crit|p2a: Incineroar\n|-damage|p2a: Incineroar|0 fnt\n|faint|p2a: Incineroar\n|move|p2b: Blastoise|Flip Turn|p1b: Excadrill\n|-supereffective|p1b: Excadrill|1\n|-damage|p1b: Excadrill|48/100\n|\n|t:|1776261859\n|switch|p2b: Altaria|Altaria, L50, M|100/100|[from] Flip Turn\n|-ability|p2b: Altaria|Cloud Nine\n|move|p1a: Kingambit|Kowtow Cleave|p2b: Altaria\n|-damage|p2b: Altaria|10/100\n|\n|-start|p1b: Excadrill|perish1\n|-start|p1a: Kingambit|perish1\n|upkeep\n|\n|t:|1776261867\n|switch|p2a: Gengar|Gengar-Mega, L50, F|71/100\n|turn|4\n|\n|t:|1776261871\n|move|p2a: Gengar|Protect|p2a: Gengar\n|-singleturn|p2a: Gengar|Protect\n|move|p2b: Altaria|Protect|p2b: Altaria\n|-singleturn|p2b: Altaria|Protect\n|move|p1b: Excadrill|Rock Slide|p2b: Altaria|[spread] \n|-activate|p2a: Gengar|move: Protect\n|-activate|p2b: Altaria|move: Protect\n|move|p1a: Kingambit|Kowtow Cleave|p2a: Gengar\n|-activate|p2a: Gengar|move: Protect\n|\n|-start|p1b: Excadrill|perish0\n|-start|p1a: Kingambit|perish0\n|faint|p1b: Excadrill\n|faint|p1a: Kingambit\n|upkeep\n|\n|t:|1776261873\n|switch|p1b: Tyranitar|Tyranitar, L50, M|100/100\n|switch|p1a: Sinistcha|Sinistcha, L50|100/100\n|-weather|Sandstorm|[from] ability: Sand Stream|[of] p1b: Tyranitar\n|turn|5\n|\n|t:|1776261884\n|move|p2a: Gengar|Perish Song|p2a: Gengar\n|-start|p1a: Sinistcha|perish3|[silent]\n|-start|p1b: Tyranitar|perish3|[silent]\n|-start|p2a: Gengar|perish3|[silent]\n|-start|p2b: Altaria|perish3|[silent]\n|-fieldactivate|move: Perish Song\n|move|p1b: Tyranitar|Knock Off|p2a: Gengar\n|-supereffective|p2a: Gengar|1\n|-damage|p2a: Gengar|0 fnt\n|faint|p2a: Gengar\n|move|p2b: Altaria|Roost|p2b: Altaria\n|-heal|p2b: Altaria|60/100\n|-singleturn|p2b: Altaria|move: Roost\n|move|p1a: Sinistcha|Matcha Gotcha|p2b: Altaria\n|-resisted|p2b: Altaria|1\n|-damage|p2b: Altaria|48/100\n|\n|-weather|Sandstorm|[upkeep]\n|-start|p1b: Tyranitar|perish3\n|-start|p2b: Altaria|perish3\n|-start|p1a: Sinistcha|perish3\n|upkeep\n|\n|t:|1776261895\n|switch|p2a: Blastoise|Blastoise, L50, M|81/100\n|turn|6\n|\n|t:|1776261900\n|move|p2b: Altaria|Protect|p2b: Altaria\n|-singleturn|p2b: Altaria|Protect\n|move|p2a: Blastoise|Protect|p2a: Blastoise\n|-singleturn|p2a: Blastoise|Protect\n|move|p1b: Tyranitar|Knock Off|p2b: Altaria\n|-activate|p2b: Altaria|move: Protect\n|move|p1a: Sinistcha|Matcha Gotcha|p2b: Altaria|[spread] \n|-activate|p2a: Blastoise|move: Protect\n|-activate|p2b: Altaria|move: Protect\n|\n|-weather|Sandstorm|[upkeep]\n|-start|p1b: Tyranitar|perish2\n|-start|p2b: Altaria|perish2\n|-start|p1a: Sinistcha|perish2\n|upkeep\n|turn|7\n|\n|t:|1776261910\n|move|p1b: Tyranitar|Knock Off|p2b: Altaria\n|-crit|p2b: Altaria\n|-damage|p2b: Altaria|0 fnt\n|-enditem|p2b: Altaria|Haban Berry|[from] move: Knock Off|[of] p1b: Tyranitar\n|faint|p2b: Altaria\n|move|p1a: Sinistcha|Matcha Gotcha|p2a: Blastoise\n|-supereffective|p2a: Blastoise|1\n|-damage|p2a: Blastoise|29/100\n|-status|p2a: Blastoise|brn\n|-enditem|p2a: Blastoise|Sitrus Berry|[eat]\n|-heal|p2a: Blastoise|54/100 brn|[from] item: Sitrus Berry\n|move|p2a: Blastoise|Life Dew|p2a: Blastoise\n|-heal|p2a: Blastoise|79/100 brn\n|\n|-weather|Sandstorm|[upkeep]\n|-damage|p1a: Sinistcha|94/100|[from] Sandstorm\n|-damage|p2a: Blastoise|73/100 brn|[from] Sandstorm\n|-heal|p1a: Sinistcha|100/100|[from] item: Leftovers\n|-damage|p2a: Blastoise|67/100 brn|[from] brn\n|-start|p1b: Tyranitar|perish1\n|-start|p1a: Sinistcha|perish1\n|upkeep\n|turn|8\n|c|\u2606Qloser|gg\n|-message|Qloser forfeited.\n|\n|win|Linux6969\n|raw|Qloser's rating: 1331 &rarr; <strong>1310</strong><br />(-21 for losing)\n|raw|Linux6969's rating: 1306 &rarr; <strong>1327</strong><br />(+21 for winning)\n",
  "uploadtime": 1776261917,
  "views": 48,
  "formatid": "gen9championsvgc2026regma",
  "rating": 1310,
  "private": 0,
  "password": null
}