{
  "id": "gen9championsvgc2026regma-2580884037",
  "format": "[Gen 9 Champions] VGC 2026 Reg M-A",
  "players": [
    "Pastor/Sinner",
    "Luismamapingas"
  ],
  "log": "|j|\u2606Pastor/Sinner\n|j|\u2606Luismamapingas\n|t:|1775940372\n|gametype|doubles\n|player|p1|Pastor/Sinner|2|1040\n|player|p2|Luismamapingas|2|1071\n|gen|9\n|tier|[Gen 9 Champions] VGC 2026 Reg M-A\n|rated|\n|rule|Species Clause: Limit one of each Pok\u00e9mon\n|rule|Item Clause: Limit 1 of each item\n|clearpoke\n|poke|p1|Delphox, L50, F|\n|poke|p1|Garchomp, L50, M|\n|poke|p1|Trevenant, L50, M|\n|poke|p1|Gyarados, L50, F|\n|poke|p1|Vanilluxe, L50, M|\n|poke|p1|Luxray, L50, F|\n|poke|p2|Houndoom, L50, M|\n|poke|p2|Ninetales, L50, F|\n|poke|p2|Sinistcha, L50|\n|poke|p2|Garchomp, L50, F|\n|poke|p2|Sneasler, L50, F|\n|poke|p2|Milotic, L50, M|\n|teampreview|4\n|inactive|Battle timer is ON: inactive players will automatically lose when time's up. (requested by Pastor/Sinner)\n|\n|t:|1775940406\n|teamsize|p1|4\n|teamsize|p2|4\n|start\n|switch|p1a: Delphox|Delphox, L50, F|100/100\n|switch|p1b: Garchomp|Garchomp, L50, M|100/100\n|switch|p2a: Houndoom|Houndoom, L50, M|100/100\n|switch|p2b: Milotic|Milotic, L50, M|100/100\n|-ability|p2a: Houndoom|Unnerve\n|turn|1\n|\n|t:|1775940427\n|detailschange|p1a: Delphox|Delphox-Mega, L50, F\n|-mega|p1a: Delphox|Delphox|Delphoxite\n|move|p2a: Houndoom|Protect|p2a: Houndoom\n|-singleturn|p2a: Houndoom|Protect\n|move|p1b: Garchomp|Earthquake|p2a: Houndoom|[spread] p2b\n|-activate|p2a: Houndoom|move: Protect\n|-immune|p1a: Delphox|[from] ability: Levitate\n|-damage|p2b: Milotic|59/100\n|move|p1a: Delphox|Calm Mind|p1a: Delphox\n|-boost|p1a: Delphox|spa|1\n|-boost|p1a: Delphox|spd|1\n|move|p2b: Milotic|Ice Beam|p1b: Garchomp\n|-supereffective|p1b: Garchomp|2\n|-damage|p1b: Garchomp|7/100\n|\n|-heal|p2b: Milotic|65/100|[from] item: Leftovers\n|upkeep\n|turn|2\n|inactive|Luismamapingas has 30 seconds left.\n|\n|t:|1775940453\n|switch|p2a: Sinistcha|Sinistcha, L50|100/100\n|-heal|p2b: Milotic|90/100|[from] ability: Hospitality|[of] p2a: Sinistcha\n|move|p1b: Garchomp|Earthquake|p2b: Milotic|[spread] p2a,p2b\n|-immune|p1a: Delphox|[from] ability: Levitate\n|-resisted|p2a: Sinistcha|1\n|-damage|p2a: Sinistcha|82/100\n|-damage|p2b: Milotic|49/100\n|move|p1a: Delphox|Heat Wave|p2b: Milotic|[spread] p2a,p2b\n|-supereffective|p2a: Sinistcha|1\n|-resisted|p2b: Milotic|1\n|-damage|p2a: Sinistcha|0 fnt\n|-damage|p2b: Milotic|30/100\n|faint|p2a: Sinistcha\n|move|p2b: Milotic|Icy Wind|p1a: Delphox|[spread] p1a,p1b\n|-resisted|p1a: Delphox|1\n|-supereffective|p1b: Garchomp|2\n|-damage|p1a: Delphox|97/100\n|-damage|p1b: Garchomp|0 fnt\n|-unboost|p1a: Delphox|spe|1\n|faint|p1b: Garchomp\n|\n|-heal|p2b: Milotic|36/100|[from] item: Leftovers\n|upkeep\n|\n|t:|1775940477\n|switch|p1b: Gyarados|Gyarados, L50, F|100/100\n|switch|p2a: Houndoom|Houndoom, L50, M|100/100\n|-ability|p2a: Houndoom|Unnerve\n|-ability|p1b: Gyarados|Intimidate|boost\n|-unboost|p2a: Houndoom|atk|1\n|-unboost|p2b: Milotic|atk|1\n|-ability|p2b: Milotic|Competitive|boost\n|-boost|p2b: Milotic|spa|2\n|turn|3\n|\n|t:|1775940498\n|switch|p2b: Ninetales|Ninetales, L50, F|100/100\n|-weather|SunnyDay|[from] ability: Drought|[of] p2b: Ninetales\n|detailschange|p2a: Houndoom|Houndoom-Mega, L50, M\n|-mega|p2a: Houndoom|Houndoom|Houndoominite\n|move|p2a: Houndoom|Dark Pulse|p1a: Delphox\n|-supereffective|p1a: Delphox|1\n|-damage|p1a: Delphox|10/100\n|move|p1a: Delphox|Psychic|p2b: Ninetales\n|-crit|p2b: Ninetales\n|-damage|p2b: Ninetales|0 fnt\n|faint|p2b: Ninetales\n|move|p1b: Gyarados|Dragon Dance|p1b: Gyarados\n|-boost|p1b: Gyarados|atk|1\n|-boost|p1b: Gyarados|spe|1\n|\n|-weather|SunnyDay|[upkeep]\n|-damage|p2a: Houndoom|88/100|[from] ability: Solar Power|[of] p2a: Houndoom\n|upkeep\n|\n|t:|1775940513\n|switch|p2b: Milotic|Milotic, L50, M|36/100\n|turn|4\n|\n|t:|1775940521\n|move|p2a: Houndoom|Protect|p2a: Houndoom\n|-singleturn|p2a: Houndoom|Protect\n|move|p1a: Delphox|Protect|p1a: Delphox\n|-singleturn|p1a: Delphox|Protect\n|move|p1b: Gyarados|Waterfall|p2a: Houndoom\n|-activate|p2a: Houndoom|move: Protect\n|move|p2b: Milotic|Scald|p1a: Delphox\n|-activate|p1a: Delphox|move: Protect\n|\n|-weather|SunnyDay|[upkeep]\n|-damage|p2a: Houndoom|76/100|[from] ability: Solar Power|[of] p2a: Houndoom\n|-heal|p2b: Milotic|42/100|[from] item: Leftovers\n|upkeep\n|turn|5\n|\n|t:|1775940541\n|move|p2a: Houndoom|Protect||[still]\n|-fail|p2a: Houndoom\n|move|p1b: Gyarados|Dragon Dance|p1b: Gyarados\n|-boost|p1b: Gyarados|atk|1\n|-boost|p1b: Gyarados|spe|1\n|move|p1a: Delphox|Psychic|p2b: Milotic\n|-damage|p2b: Milotic|0 fnt\n|faint|p2b: Milotic\n|\n|-weather|SunnyDay|[upkeep]\n|-damage|p2a: Houndoom|64/100|[from] ability: Solar Power|[of] p2a: Houndoom\n|upkeep\n|turn|6\n|-message|Luismamapingas forfeited.\n|\n|win|Pastor/Sinner\n|raw|Pastor&#x2f;Sinner's rating: 1040 &rarr; <strong>1077</strong><br />(+37 for winning)\n|raw|Luismamapingas's rating: 1071 &rarr; <strong>1049</strong><br />(-22 for losing)\n|l|\u2606Luismamapingas\n|player|p2|\n",
  "uploadtime": 1775940555,
  "views": 37,
  "formatid": "gen9championsvgc2026regma",
  "rating": 1049,
  "private": 0,
  "password": null
}