{
  "id": "gen9championsvgc2026regma-2587653023",
  "format": "[Gen 9 Champions] VGC 2026 Reg M-A",
  "players": [
    "Evil Yarrack",
    "SlipqyVGC"
  ],
  "log": "|j|\u2606Evil Yarrack\n|j|\u2606SlipqyVGC\n|t:|1776550656\n|gametype|doubles\n|player|p1|Evil Yarrack|youngster-gen4dp|1427\n|player|p2|SlipqyVGC|miku-ghost|1494\n|gen|9\n|tier|[Gen 9 Champions] VGC 2026 Reg M-A\n|rated|\n|rule|Species Clause: Limit one of each Pok\u00e9mon\n|rule|Item Clause: Limit 1 of each item\n|clearpoke\n|poke|p1|Tyranitar, L50, M|\n|poke|p1|Lycanroc, L50, F|\n|poke|p1|Whimsicott, L50, M|\n|poke|p1|Sinistcha, L50|\n|poke|p1|Kommo-o, L50, F|\n|poke|p1|Scizor, L50, M|\n|poke|p2|Sneasler, L50, M|\n|poke|p2|Talonflame, L50, M, shiny|\n|poke|p2|Kingambit, L50, M, shiny|\n|poke|p2|Floette-Eternal, L50, F|\n|poke|p2|Garchomp, L50, F|\n|poke|p2|Basculegion, L50, M, shiny|\n|teampreview|4\n|inactive|Battle timer is ON: inactive players will automatically lose when time's up. (requested by SlipqyVGC)\n|inactive|Evil Yarrack also wants the timer to be on.\n|\n|t:|1776550674\n|teamsize|p1|4\n|teamsize|p2|4\n|start\n|switch|p1a: Whimsicott|Whimsicott, L50, M|100/100\n|switch|p1b: Tyranitar|Tyranitar, L50, M|100/100\n|switch|p2a: Garchomp|Garchomp, L50, F|100/100\n|switch|p2b: Talonflame|Talonflame, L50, M, shiny|100/100\n|-weather|Sandstorm|[from] ability: Sand Stream|[of] p1b: Tyranitar\n|turn|1\n|\n|t:|1776550694\n|detailschange|p1b: Tyranitar|Tyranitar-Mega, L50, M\n|-mega|p1b: Tyranitar|Tyranitar|Tyranitarite\n|move|p2b: Talonflame|Dual Wingbeat|p1a: Whimsicott\n|-supereffective|p1a: Whimsicott|1\n|-enditem|p1a: Whimsicott|Coba Berry|[eat]\n|-enditem|p1a: Whimsicott|Coba Berry|[weaken]\n|-damage|p1a: Whimsicott|77/100\n|-supereffective|p1a: Whimsicott|1\n|-damage|p1a: Whimsicott|29/100\n|-hitcount|p1a: Whimsicott|2\n|move|p1a: Whimsicott|Tailwind|p1a: Whimsicott\n|-sidestart|p1: Evil Yarrack|move: Tailwind\n|move|p1b: Tyranitar|Ice Punch|p2a: Garchomp\n|-supereffective|p2a: Garchomp|2\n|-damage|p2a: Garchomp|0 fnt\n|-damage|p1b: Tyranitar|88/100|[from] ability: Rough Skin|[of] p2a: Garchomp\n|faint|p2a: Garchomp\n|\n|-weather|Sandstorm|[upkeep]\n|-damage|p1a: Whimsicott|23/100|[from] Sandstorm\n|-damage|p2b: Talonflame|95/100|[from] Sandstorm\n|upkeep\n|\n|t:|1776550708\n|switch|p2a: Sneasler|Sneasler, L50, M|100/100\n|turn|2\n|\n|t:|1776550732\n|move|p1a: Whimsicott|Encore|p2b: Talonflame\n|-start|p2b: Talonflame|Encore\n|move|p1b: Tyranitar|Rock Slide|p2b: Talonflame|[spread] p2a,p2b\n|-resisted|p2a: Sneasler|1\n|-supereffective|p2b: Talonflame|2\n|-damage|p2a: Sneasler|70/100\n|-damage|p2b: Talonflame|0 fnt\n|faint|p2b: Talonflame\n|cant|p2a: Sneasler|flinch\n|\n|-weather|Sandstorm|[upkeep]\n|-damage|p1a: Whimsicott|17/100|[from] Sandstorm\n|-damage|p2a: Sneasler|65/100|[from] Sandstorm\n|upkeep\n|\n|t:|1776550738\n|switch|p2b: Floette|Floette-Eternal, L50, F|100/100\n|turn|3\n|\n|t:|1776550752\n|detailschange|p2b: Floette|Floette-Mega, L50, F\n|-mega|p2b: Floette|Floette|Floettite\n|-ability|p2b: Floette|Fairy Aura\n|move|p1a: Whimsicott|Energy Ball|p2a: Sneasler\n|-resisted|p2a: Sneasler|1\n|-damage|p2a: Sneasler|45/100\n|move|p1b: Tyranitar|Rock Slide|p2b: Floette|[spread] p2a\n|-miss|p1b: Tyranitar|p2b: Floette\n|-resisted|p2a: Sneasler|1\n|-damage|p2a: Sneasler|17/100\n|move|p2a: Sneasler|Close Combat|p1b: Tyranitar\n|-supereffective|p1b: Tyranitar|2\n|-damage|p1b: Tyranitar|0 fnt\n|-unboost|p2a: Sneasler|def|1\n|-unboost|p2a: Sneasler|spd|1\n|faint|p1b: Tyranitar\n|move|p2b: Floette|Dazzling Gleam|p1a: Whimsicott\n|-damage|p1a: Whimsicott|0 fnt\n|faint|p1a: Whimsicott\n|\n|-weather|Sandstorm|[upkeep]\n|-damage|p2a: Sneasler|11/100|[from] Sandstorm\n|-damage|p2b: Floette|95/100|[from] Sandstorm\n|upkeep\n|\n|t:|1776550758\n|switch|p1a: Scizor|Scizor, L50, M|100/100\n|switch|p1b: Kommo-o|Kommo-o, L50, F|100/100\n|turn|4\n|\n|t:|1776550775\n|move|p2a: Sneasler|Protect|p2a: Sneasler\n|-singleturn|p2a: Sneasler|Protect\n|move|p1a: Scizor|Bullet Punch|p2a: Sneasler\n|-activate|p2a: Sneasler|move: Protect\n|move|p1b: Kommo-o|Flamethrower|p2b: Floette\n|-damage|p2b: Floette|69/100\n|move|p2b: Floette|Moonblast|p1b: Kommo-o\n|-supereffective|p1b: Kommo-o|2\n|-damage|p1b: Kommo-o|0 fnt\n|faint|p1b: Kommo-o\n|\n|-weather|Sandstorm|[upkeep]\n|-damage|p2a: Sneasler|5/100|[from] Sandstorm\n|-damage|p2b: Floette|63/100|[from] Sandstorm\n|-sideend|p1: Evil Yarrack|move: Tailwind\n|upkeep\n|turn|5\n|\n|t:|1776550796\n|move|p1a: Scizor|Bullet Punch|p2b: Floette\n|-supereffective|p2b: Floette|1\n|-damage|p2b: Floette|0 fnt\n|faint|p2b: Floette\n|move|p2a: Sneasler|Close Combat|p1a: Scizor\n|-damage|p1a: Scizor|26/100\n|-unboost|p2a: Sneasler|def|1\n|-unboost|p2a: Sneasler|spd|1\n|\n|-weather|none\n|upkeep\n|turn|6\n|\n|t:|1776550810\n|move|p1a: Scizor|Bullet Punch|p2a: Sneasler\n|-damage|p2a: Sneasler|0 fnt\n|faint|p2a: Sneasler\n|\n|win|Evil Yarrack\n|raw|Evil Yarrack's rating: 1427 &rarr; <strong>1451</strong><br />(+24 for winning)\n|raw|SlipqyVGC's rating: 1494 &rarr; <strong>1470</strong><br />(-24 for losing)\n|l|\u2606SlipqyVGC\n|player|p2|\n|l|\u2606Evil Yarrack\n|player|p1|\n",
  "uploadtime": 1776550822,
  "views": 18,
  "formatid": "gen9championsvgc2026regma",
  "rating": 1451,
  "private": 0,
  "password": null
}