{
  "id": "gen9championsvgc2026regma-2585858465",
  "format": "[Gen 9 Champions] VGC 2026 Reg M-A",
  "players": [
    "Morasardo",
    "RK9 Only"
  ],
  "log": "|j|\u2606Morasardo\n|j|\u2606RK9 Only\n|t:|1776376083\n|gametype|doubles\n|player|p1|Morasardo|hilbert|\n|player|p2|RK9 Only|crasherwake|\n|gen|9\n|tier|[Gen 9 Champions] VGC 2026 Reg M-A\n|rated|Tournament battle\n|rule|Species Clause: Limit one of each Pok\u00e9mon\n|rule|Item Clause: Limit 1 of each item\n|clearpoke\n|poke|p1|Charizard, L50, F|\n|poke|p1|Maushold-Four, L50|\n|poke|p1|Kingambit, L50, F|\n|poke|p1|Sneasler, L50, M|\n|poke|p1|Dragapult, L50, F|\n|poke|p1|Garchomp, L50, F|\n|poke|p2|Venusaur, L50, M|\n|poke|p2|Archaludon, L50, F|\n|poke|p2|Slowking-Galar, L50, F|\n|poke|p2|Incineroar, L50, M|\n|poke|p2|Pelipper, L50, M|\n|poke|p2|Sableye, L50, M|\n|teampreview|4\n|j| EmberUteki\n|j| Pecksters\n|j| 17 character name\n|c| EmberUteki|good luck pips <3\n|j| Nombrr\n|j| Xmann0025\n|j| OnToTheOther\n|j| ales1w\n|c|\u2606RK9 Only|gl\n|inactive|Battle timer is ON: inactive players will automatically lose when time's up. (requested by RK9 Only)\nRK9 Only rejected open team sheets.\n|c|\u2606Morasardo|gl\n|\n|t:|1776376146\n|teamsize|p1|4\n|teamsize|p2|4\n|start\n|switch|p1a: Sneasler|Sneasler, L50, M|100/100\n|switch|p1b: Kingambit|Kingambit, L50, F|100/100\n|switch|p2a: Sableye|Sableye, L50, M|100/100\n|switch|p2b: Archaludon|Archaludon, L50, F|100/100\n|turn|1\n|j| Monotastriac\n|j| felipesol2\n|inactive|Morasardo has 30 seconds left.\n|inactive|RK9 Only has 30 seconds left.\n|l| felipesol2\n|\n|t:|1776376179\n|move|p1b: Kingambit|Protect|p1b: Kingambit\n|-singleturn|p1b: Kingambit|Protect\n|move|p2a: Sableye|Rain Dance|p2a: Sableye\n|-weather|RainDance\n|move|p1a: Sneasler|Close Combat|p2b: Archaludon\n|-supereffective|p2b: Archaludon|1\n|-enditem|p2b: Archaludon|Chople Berry|[eat]\n|-enditem|p2b: Archaludon|Chople Berry|[weaken]\n|-damage|p2b: Archaludon|54/100\n|-unboost|p1a: Sneasler|def|1\n|-unboost|p1a: Sneasler|spd|1\n|-ability|p2b: Archaludon|Stamina|boost\n|-boost|p2b: Archaludon|def|1\n|move|p2b: Archaludon|Electro Shot||[still]\n|-prepare|p2b: Archaludon|Electro Shot\n|-boost|p2b: Archaludon|spa|1\n|-anim|p2b: Archaludon|Electro Shot|p1b: Kingambit\n|-activate|p1b: Kingambit|move: Protect\n|\n|-weather|RainDance|[upkeep]\n|upkeep\n|turn|2\n|j| diamsword\n|inactive|Morasardo has 30 seconds left.\n|l| diamsword\n|\n|t:|1776376210\n|switch|p1a: Charizard|Charizard, L50, F|100/100\n|move|p2a: Sableye|Will-O-Wisp|p1a: Charizard\n|-immune|p1a: Charizard\n|move|p2b: Archaludon|Electro Shot||[still]\n|-prepare|p2b: Archaludon|Electro Shot\n|-boost|p2b: Archaludon|spa|1\n|-anim|p2b: Archaludon|Electro Shot|p1b: Kingambit\n|-damage|p1b: Kingambit|32/100\n|move|p1b: Kingambit|Kowtow Cleave|p2a: Sableye\n|-damage|p2a: Sableye|26/100\n|\n|-weather|RainDance|[upkeep]\n|upkeep\n|turn|3\n|\n|t:|1776376230\n|detailschange|p1a: Charizard|Charizard-Mega-Y, L50, F\n|-mega|p1a: Charizard|Charizard|Charizardite Y\n|-weather|SunnyDay|[from] ability: Drought|[of] p1a: Charizard\n|move|p2a: Sableye|Rain Dance|p2a: Sableye\n|-weather|RainDance\n|move|p1a: Charizard|Heat Wave|p2b: Archaludon|[spread] p2b\n|-miss|p1a: Charizard|p2a: Sableye\n|-damage|p2b: Archaludon|37/100\n|-ability|p2b: Archaludon|Stamina|boost\n|-boost|p2b: Archaludon|def|1\n|move|p2b: Archaludon|Electro Shot||[still]\n|-prepare|p2b: Archaludon|Electro Shot\n|-boost|p2b: Archaludon|spa|1\n|-anim|p2b: Archaludon|Electro Shot|p1a: Charizard\n|-supereffective|p1a: Charizard|1\n|-damage|p1a: Charizard|0 fnt\n|faint|p1a: Charizard\n|move|p1b: Kingambit|Kowtow Cleave|p2a: Sableye\n|-damage|p2a: Sableye|0 fnt\n|faint|p2a: Sableye\n|\n|-weather|RainDance|[upkeep]\n|upkeep\n|\n|t:|1776376251\n|switch|p1a: Garchomp|Garchomp, L50, F|100/100\n|switch|p2a: Venusaur|Venusaur, L50, M|100/100\n|turn|4\n|l| Pecksters\n|j| cwill4044\n|\n|t:|1776376269\n|detailschange|p2a: Venusaur|Venusaur-Mega, L50, M\n|-mega|p2a: Venusaur|Venusaur|Venusaurite\n|move|p1b: Kingambit|Protect|p1b: Kingambit\n|-singleturn|p1b: Kingambit|Protect\n|move|p1a: Garchomp|Stomping Tantrum|p2b: Archaludon\n|-supereffective|p2b: Archaludon|1\n|-damage|p2b: Archaludon|8/100\n|-ability|p2b: Archaludon|Stamina|boost\n|-boost|p2b: Archaludon|def|1\n|move|p2b: Archaludon|Draco Meteor|p1a: Garchomp\n|-supereffective|p1a: Garchomp|1\n|-damage|p1a: Garchomp|0 fnt\n|-unboost|p2b: Archaludon|spa|2\n|faint|p1a: Garchomp\n|move|p2a: Venusaur|Leech Seed|p1b: Kingambit\n|-activate|p1b: Kingambit|move: Protect\n|\n|-weather|RainDance|[upkeep]\n|upkeep\n|\n|t:|1776376283\n|switch|p1a: Sneasler|Sneasler, L50, M|100/100\n|turn|5\n|\n|t:|1776376293\n|move|p1a: Sneasler|Fake Out|p2a: Venusaur\n|-damage|p2a: Venusaur|89/100\n|move|p2b: Archaludon|Electro Shot||[still]\n|-prepare|p2b: Archaludon|Electro Shot\n|-boost|p2b: Archaludon|spa|1\n|-anim|p2b: Archaludon|Electro Shot|p1a: Sneasler\n|-damage|p1a: Sneasler|2/100\n|cant|p2a: Venusaur|flinch\n|move|p1b: Kingambit|Kowtow Cleave|p2b: Archaludon\n|-damage|p2b: Archaludon|0 fnt\n|faint|p2b: Archaludon\n|\n|-weather|RainDance|[upkeep]\n|upkeep\n|\n|t:|1776376305\n|switch|p2b: Slowking|Slowking-Galar, L50, F|100/100\n|turn|6\n|\n|t:|1776376318\n|move|p2b: Slowking|Protect|p2b: Slowking\n|-singleturn|p2b: Slowking|Protect\n|move|p1a: Sneasler|Fake Out||[still]\n|-hint|Fake Out only works on your first turn out.\n|-fail|p1a: Sneasler\n|move|p2a: Venusaur|Giga Drain|p1a: Sneasler\n|-resisted|p1a: Sneasler|1\n|-damage|p1a: Sneasler|0 fnt\n|-heal|p2a: Venusaur|90/100|[from] drain|[of] p1a: Sneasler\n|faint|p1a: Sneasler\n|move|p1b: Kingambit|Kowtow Cleave|p2b: Slowking\n|-activate|p2b: Slowking|move: Protect\n|\n|-weather|RainDance|[upkeep]\n|upkeep\n|turn|7\n|l| Xmann0025\n|l| ales1w\n|\n|t:|1776376334\n|move|p1b: Kingambit|Sucker Punch|p2b: Slowking\n|-supereffective|p2b: Slowking|1\n|-damage|p2b: Slowking|3/100\n|move|p2a: Venusaur|Leech Seed|p1b: Kingambit\n|-start|p1b: Kingambit|move: Leech Seed\n|move|p2b: Slowking|Fire Blast|p1b: Kingambit\n|-supereffective|p1b: Kingambit|1\n|-damage|p1b: Kingambit|0 fnt\n|faint|p1b: Kingambit\n|\n|win|RK9 Only\n|n|\u2606Morasardo|morasardo\n|n|\u2606RK9 Only|rk9only\n|n| EmberUteki|emberuteki\n|n| 17 character name|17charactername\n|n| Nombrr|nombrr\n|n| OnToTheOther|ontotheother\n|n| Monotastriac|monotastriac\n|n| cwill4044|cwill4044\n",
  "uploadtime": 1776376334,
  "views": 14,
  "formatid": "gen9championsvgc2026regma",
  "rating": null,
  "private": 0,
  "password": null
}