{
  "id": "gen9championsvgc2026regma-2586715850",
  "format": "[Gen 9 Champions] VGC 2026 Reg M-A",
  "players": [
    "taterstotz",
    "Mirthinion"
  ],
  "log": "|j|\u2606taterstotz\n|j|\u2606Mirthinion\n|t:|1776454361\n|gametype|doubles\n|player|p1|taterstotz|2|1481\n|player|p2|Mirthinion|janitor|1555\n|gen|9\n|tier|[Gen 9 Champions] VGC 2026 Reg M-A\n|rated|\n|rule|Species Clause: Limit one of each Pok\u00e9mon\n|rule|Item Clause: Limit 1 of each item\n|clearpoke\n|poke|p1|Tyranitar, L50, F|\n|poke|p1|Excadrill, L50, F|\n|poke|p1|Rotom-Wash, L50|\n|poke|p1|Hawlucha, L50, F|\n|poke|p1|Sinistcha, L50|\n|poke|p1|Gengar, L50, F|\n|poke|p2|Tyranitar, L50, M|\n|poke|p2|Lycanroc, L50, M|\n|poke|p2|Primarina, L50, F|\n|poke|p2|Corviknight, L50, M|\n|poke|p2|Sinistcha, L50|\n|poke|p2|Incineroar, L50, M|\n|teampreview|4\n|inactive|Battle timer is ON: inactive players will automatically lose when time's up. (requested by Mirthinion)\n|inactive|taterstotz has 60 seconds left.\n|inactive|Mirthinion has 60 seconds left.\n|\n|t:|1776454404\n|teamsize|p1|4\n|teamsize|p2|4\n|start\n|switch|p1a: Hawlucha|Hawlucha, L50, F|100/100\n|switch|p1b: Excadrill|Excadrill, L50, F|100/100\n|switch|p2a: Lycanroc|Lycanroc, L50, M|100/100\n|switch|p2b: Corviknight|Corviknight, L50, M|100/100\n|turn|1\n|inactive|taterstotz has 30 seconds left.\n|\n|t:|1776454437\n|move|p1b: Excadrill|Protect|p1b: Excadrill\n|-singleturn|p1b: Excadrill|Protect\n|move|p1a: Hawlucha|Close Combat|p2a: Lycanroc\n|-supereffective|p2a: Lycanroc|1\n|-enditem|p2a: Lycanroc|Focus Sash\n|-damage|p2a: Lycanroc|1/100\n|-unboost|p1a: Hawlucha|def|1\n|-unboost|p1a: Hawlucha|spd|1\n|-enditem|p1a: Hawlucha|White Herb\n|-clearnegativeboost|p1a: Hawlucha|[silent]\n|move|p2a: Lycanroc|Close Combat|p1b: Excadrill\n|-activate|p1b: Excadrill|move: Protect\n|move|p2b: Corviknight|Tailwind|p2b: Corviknight\n|-sidestart|p2: Mirthinion|move: Tailwind\n|\n|upkeep\n|turn|2\n|inactive|taterstotz has 30 seconds left.\n|\n|t:|1776454468\n|switch|p1b: Gengar|Gengar, L50, F|100/100\n|move|p2a: Lycanroc|Protect|p2a: Lycanroc\n|-singleturn|p2a: Lycanroc|Protect\n|move|p1a: Hawlucha|Brave Bird|p2a: Lycanroc\n|-activate|p2a: Lycanroc|move: Protect\n|move|p2b: Corviknight|Brave Bird|p1a: Hawlucha\n|-supereffective|p1a: Hawlucha|1\n|-damage|p1a: Hawlucha|17/100\n|-damage|p2b: Corviknight|80/100|[from] Recoil\n|\n|-heal|p2b: Corviknight|86/100|[from] item: Leftovers\n|upkeep\n|turn|3\n|inactive|taterstotz has 30 seconds left.\n|\n|t:|1776454499\n|move|p1a: Hawlucha|Feint|p2a: Lycanroc\n|-resisted|p2a: Lycanroc|1\n|-damage|p2a: Lycanroc|0 fnt\n|faint|p2a: Lycanroc\n|move|p1b: Gengar|Shadow Ball|p2b: Corviknight\n|-damage|p2b: Corviknight|49/100\n|move|p2b: Corviknight|Brave Bird|p1b: Gengar\n|-crit|p1b: Gengar\n|-damage|p1b: Gengar|0 fnt\n|-start|p2b: Corviknight|Disable|Brave Bird|[from] ability: Cursed Body|[of] p1b: Gengar\n|faint|p1b: Gengar\n|-damage|p2b: Corviknight|27/100|[from] Recoil\n|\n|-heal|p2b: Corviknight|33/100|[from] item: Leftovers\n|upkeep\n|\n|t:|1776454515\n|switch|p2a: Primarina|Primarina, L50, F|100/100\n|switch|p1b: Excadrill|Excadrill, L50, F|100/100\n|turn|4\n|j| huhyuhyuhyuh\n|\n|t:|1776454529\n|move|p1a: Hawlucha|Close Combat|p2b: Corviknight\n|-damage|p2b: Corviknight|0 fnt\n|-unboost|p1a: Hawlucha|def|1\n|-unboost|p1a: Hawlucha|spd|1\n|faint|p2b: Corviknight\n|move|p2a: Primarina|Encore|p1a: Hawlucha\n|-start|p1a: Hawlucha|Encore\n|move|p1b: Excadrill|Earthquake|p2a: Primarina|[spread] p2a\n|-immune|p1a: Hawlucha\n|-damage|p2a: Primarina|43/100\n|\n|-sideend|p2: Mirthinion|move: Tailwind\n|upkeep\n|\n|t:|1776454539\n|switch|p2b: Tyranitar|Tyranitar, L50, M|100/100\n|-weather|Sandstorm|[from] ability: Sand Stream|[of] p2b: Tyranitar\n|turn|5\n|\n|t:|1776454549\n|detailschange|p2b: Tyranitar|Tyranitar-Mega, L50, M\n|-mega|p2b: Tyranitar|Tyranitar|Tyranitarite\n|move|p2b: Tyranitar|Protect|p2b: Tyranitar\n|-singleturn|p2b: Tyranitar|Protect\n|move|p1a: Hawlucha|Close Combat|p2b: Tyranitar\n|-activate|p2b: Tyranitar|move: Protect\n|move|p1b: Excadrill|Earthquake|p2a: Primarina|[spread] p2a\n|-activate|p2b: Tyranitar|move: Protect\n|-immune|p1a: Hawlucha\n|-damage|p2a: Primarina|0 fnt\n|faint|p2a: Primarina\n|\n|-weather|Sandstorm|[upkeep]\n|-damage|p1a: Hawlucha|11/100|[from] Sandstorm\n|upkeep\n|turn|6\n|j| jspe1212121\n|\n|t:|1776454562\n|move|p1a: Hawlucha|Close Combat|p2b: Tyranitar\n|-supereffective|p2b: Tyranitar|2\n|-damage|p2b: Tyranitar|0 fnt\n|-unboost|p1a: Hawlucha|def|1\n|-unboost|p1a: Hawlucha|spd|1\n|faint|p2b: Tyranitar\n|\n|win|taterstotz\n|raw|taterstotz's rating: 1481 &rarr; <strong>1505</strong><br />(+24 for winning)\n|raw|Mirthinion's rating: 1555 &rarr; <strong>1531</strong><br />(-24 for losing)\n|c|\u2606Mirthinion|gg\n|l|\u2606Mirthinion\n|player|p2|\n|c|\u2606taterstotz|gg\n|l| jspe1212121\n|l| huhyuhyuhyuh\n",
  "uploadtime": 1776454840,
  "views": 86,
  "formatid": "gen9championsvgc2026regma",
  "rating": 1505,
  "private": 0,
  "password": null
}