{
  "id": "gen9championsvgc2026regma-2583964755",
  "format": "[Gen 9 Champions] VGC 2026 Reg M-A",
  "players": [
    "Niftix",
    "Mio Nonno"
  ],
  "log": "|j|\u2606Niftix\n|j|\u2606Mio Nonno\n|t:|1776212398\n|gametype|doubles\n|player|p1|Niftix|2|1246\n|player|p2|Mio Nonno|gentleman|1254\n|gen|9\n|tier|[Gen 9 Champions] VGC 2026 Reg M-A\n|rated|\n|rule|Species Clause: Limit one of each Pok\u00e9mon\n|rule|Item Clause: Limit 1 of each item\n|clearpoke\n|poke|p1|Aggron, L50, M|\n|poke|p1|Alakazam, L50, M|\n|poke|p1|Sinistcha, L50|\n|poke|p1|Dragonite, L50, F|\n|poke|p1|Incineroar, L50, F|\n|poke|p1|Tyranitar, L50, F|\n|poke|p2|Froslass, L50, F|\n|poke|p2|Glaceon, L50, M|\n|poke|p2|Garchomp, L50, M|\n|poke|p2|Rotom-Wash, L50|\n|poke|p2|Whimsicott, L50, M|\n|poke|p2|Arcanine-Hisui, L50, M|\n|teampreview|4\n|inactive|Battle timer is ON: inactive players will automatically lose when time's up. (requested by Niftix)\n|inactive|Mio Nonno has 60 seconds left.\n|\n|t:|1776212453\n|teamsize|p1|4\n|teamsize|p2|4\n|start\n|switch|p1a: Aggron|Aggron, L50, M, shiny|100/100\n|switch|p1b: Alakazam|Alakazam, L50, M|100/100\n|switch|p2a: Garchomp|Garchomp, L50, M|100/100\n|switch|p2b: Whimsicott|Whimsicott, L50, M|100/100\n|turn|1\n|\n|t:|1776212473\n|switch|p2b: Rotom|Rotom-Wash, L50|100/100\n|detailschange|p2a: Garchomp|Garchomp-Mega, L50, M\n|-mega|p2a: Garchomp|Garchomp|Garchompite\n|detailschange|p1a: Aggron|Aggron-Mega, L50, M, shiny\n|-mega|p1a: Aggron|Aggron|Aggronite\n|move|p1b: Alakazam|Speed Swap|p1a: Aggron\n|-activate|p1b: Alakazam|move: Speed Swap|[of] p1a: Aggron\n|move|p1a: Aggron|Iron Defense|p1a: Aggron\n|-boost|p1a: Aggron|def|2\n|move|p2a: Garchomp|Earthquake|p1b: Alakazam|[spread] p1a,p1b\n|-immune|p2b: Rotom|[from] ability: Levitate\n|-supereffective|p1a: Aggron|1\n|-damage|p1a: Aggron|83/100\n|-damage|p1b: Alakazam|20/100\n|\n|upkeep\n|turn|2\n|inactive|Niftix has 30 seconds left.\n|inactive|Mio Nonno has 30 seconds left.\n|inactive|Niftix has 20 seconds left.\n|inactive|Niftix has 15 seconds left.\n|\n|t:|1776212516\n|switch|p1b: Sinistcha|Sinistcha, L50|100/100\n|-heal|p1a: Aggron|100/100|[from] ability: Hospitality|[of] p1b: Sinistcha\n|move|p1a: Aggron|Iron Defense|p1a: Aggron\n|-boost|p1a: Aggron|def|2\n|move|p2a: Garchomp|Earthquake|p1b: Sinistcha|[spread] p1a,p1b\n|-immune|p2b: Rotom|[from] ability: Levitate\n|-supereffective|p1a: Aggron|1\n|-resisted|p1b: Sinistcha|1\n|-crit|p1b: Sinistcha\n|-damage|p1a: Aggron|88/100\n|-damage|p1b: Sinistcha|71/100\n|move|p2b: Rotom|Hydro Pump|p1a: Aggron\n|-damage|p1a: Aggron|46/100\n|\n|upkeep\n|turn|3\n|inactive|Niftix has 30 seconds left.\n|inactive|Mio Nonno has 30 seconds left.\n|inactive|Niftix has 20 seconds left.\n|inactive|Mio Nonno has 20 seconds left.\n|inactive|Niftix has 15 seconds left.\n|inactive|Niftix has 10 seconds left.\n|\n|t:|1776212564\n|move|p1a: Aggron|Protect|p1a: Aggron\n|-singleturn|p1a: Aggron|Protect\n|move|p2b: Rotom|Protect|p2b: Rotom\n|-singleturn|p2b: Rotom|Protect\n|move|p2a: Garchomp|Dragon Claw|p1b: Sinistcha\n|-damage|p1b: Sinistcha|34/100\n|-enditem|p1b: Sinistcha|Sitrus Berry|[eat]\n|-heal|p1b: Sinistcha|58/100|[from] item: Sitrus Berry\n|move|p1b: Sinistcha|Life Dew|p1b: Sinistcha|[spread] p1a,p1b\n|-heal|p1a: Aggron|71/100\n|-heal|p1b: Sinistcha|84/100\n|\n|upkeep\n|turn|4\n|inactive|Niftix has 30 seconds left.\n|inactive|Mio Nonno has 30 seconds left.\n|inactive|Niftix has 20 seconds left.\n|\n|t:|1776212603\n|switch|p2b: Whimsicott|Whimsicott, L50, M|100/100\n|switch|p1b: Incineroar|Incineroar, L50, F|100/100\n|-ability|p1b: Incineroar|Intimidate|boost\n|-unboost|p2a: Garchomp|atk|1\n|-unboost|p2b: Whimsicott|atk|1\n|move|p1a: Aggron|Body Press|p2b: Whimsicott\n|-resisted|p2b: Whimsicott|1\n|-damage|p2b: Whimsicott|14/100\n|move|p2a: Garchomp|Dragon Claw|p1b: Incineroar\n|-damage|p1b: Incineroar|72/100\n|\n|upkeep\n|turn|5\n|inactive|Mio Nonno has 30 seconds left.\n|\n|t:|1776212635\n|switch|p2b: Arcanine|Arcanine-Hisui, L50, M|100/100\n|-ability|p2b: Arcanine|Intimidate|boost\n|-unboost|p1a: Aggron|atk|1\n|-unboost|p1b: Incineroar|atk|1\n|move|p2a: Garchomp|Protect|p2a: Garchomp\n|-singleturn|p2a: Garchomp|Protect\n|move|p1b: Incineroar|Fake Out|p2b: Arcanine\n|-resisted|p2b: Arcanine|1\n|-damage|p2b: Arcanine|96/100\n|move|p1a: Aggron|Body Press|p2a: Garchomp\n|-activate|p2a: Garchomp|move: Protect\n|\n|upkeep\n|turn|6\n|\n|t:|1776212656\n|switch|p1b: Sinistcha|Sinistcha, L50|84/100\n|-heal|p1a: Aggron|95/100|[from] ability: Hospitality|[of] p1b: Sinistcha\n|move|p2b: Arcanine|Protect|p2b: Arcanine\n|-singleturn|p2b: Arcanine|Protect\n|move|p1a: Aggron|Body Press|p2b: Arcanine\n|-activate|p2b: Arcanine|move: Protect\n|move|p2a: Garchomp|Earthquake|p1b: Sinistcha|[spread] p1a,p1b\n|-activate|p2b: Arcanine|move: Protect\n|-supereffective|p1a: Aggron|1\n|-resisted|p1b: Sinistcha|1\n|-damage|p1a: Aggron|88/100\n|-damage|p1b: Sinistcha|72/100\n|\n|upkeep\n|turn|7\n|inactive|Mio Nonno has 30 seconds left.\n|\n|t:|1776212681\n|switch|p1b: Incineroar|Incineroar, L50, F|72/100\n|-ability|p1b: Incineroar|Intimidate|boost\n|-unboost|p2a: Garchomp|atk|1\n|-unboost|p2b: Arcanine|atk|1\n|-enditem|p2b: Arcanine|White Herb\n|-clearnegativeboost|p2b: Arcanine|[silent]\n|move|p1a: Aggron|Body Press|p2a: Garchomp\n|-damage|p2a: Garchomp|5/100\n|move|p2a: Garchomp|Dragon Claw|p1b: Incineroar\n|-damage|p1b: Incineroar|50/100\n|move|p2b: Arcanine|Flare Blitz|p1b: Incineroar\n|-resisted|p1b: Incineroar|1\n|-damage|p1b: Incineroar|23/100\n|-damage|p2b: Arcanine|85/100|[from] Recoil\n|\n|upkeep\n|turn|8\n|inactive|Mio Nonno has 30 seconds left.\n|inactive|Mio Nonno has 20 seconds left.\n|inactive|Mio Nonno has 15 seconds left.\n|\n|t:|1776212723\n|switch|p2b: Rotom|Rotom-Wash, L50|100/100\n|move|p1b: Incineroar|Fake Out|p2a: Garchomp\n|-damage|p2a: Garchomp|0 fnt\n|faint|p2a: Garchomp\n|move|p1a: Aggron|Body Press|p2b: Rotom\n|-damage|p2b: Rotom|0 fnt\n|faint|p2b: Rotom\n|\n|upkeep\n|\n|t:|1776212733\n|switch|p2a: Whimsicott|Whimsicott, L50, M|14/100\n|switch|p2b: Arcanine|Arcanine-Hisui, L50, M|85/100\n|-ability|p2b: Arcanine|Intimidate|boost\n|-unboost|p1a: Aggron|atk|1\n|-unboost|p1b: Incineroar|atk|1\n|turn|9\n|\n|t:|1776212750\n|move|p2a: Whimsicott|Endeavor|p1a: Aggron\n|-damage|p1a: Aggron|11/100\n|move|p1a: Aggron|Iron Defense|p1a: Aggron\n|-boost|p1a: Aggron|def|2\n|move|p2b: Arcanine|Rock Slide|p1a: Aggron|[spread] p1a,p1b\n|-resisted|p1a: Aggron|1\n|-supereffective|p1b: Incineroar|1\n|-damage|p1a: Aggron|10/100\n|-damage|p1b: Incineroar|0 fnt\n|faint|p1b: Incineroar\n|\n|upkeep\n|\n|t:|1776212760\n|switch|p1b: Sinistcha|Sinistcha, L50|72/100\n|-heal|p1a: Aggron|34/100|[from] ability: Hospitality|[of] p1b: Sinistcha\n|turn|10\n|inactive|Niftix has 30 seconds left.\n|\n|t:|1776212786\n|move|p1b: Sinistcha|Rage Powder|p1b: Sinistcha\n|-singleturn|p1b: Sinistcha|move: Rage Powder\n|move|p2a: Whimsicott|Encore|p1a: Aggron\n|-start|p1a: Aggron|Encore\n|move|p1a: Aggron|Iron Defense|p1a: Aggron\n|-boost|p1a: Aggron|def|0\n|move|p2b: Arcanine|Flare Blitz|p1b: Sinistcha\n|-supereffective|p1b: Sinistcha|1\n|-damage|p1b: Sinistcha|0 fnt\n|faint|p1b: Sinistcha\n|-damage|p2b: Arcanine|61/100|[from] Recoil\n|\n|upkeep\n|\n|t:|1776212793\n|switch|p1b: Alakazam|Alakazam, L50, M|20/100\n|turn|11\n|\n|t:|1776212812\n|move|p2b: Arcanine|Extreme Speed|p1b: Alakazam\n|-damage|p1b: Alakazam|0 fnt\n|faint|p1b: Alakazam\n|move|p2a: Whimsicott|Endeavor|p1a: Aggron\n|-damage|p1a: Aggron|11/100\n|move|p1a: Aggron|Iron Defense|p1a: Aggron\n|-boost|p1a: Aggron|def|0\n|\n|upkeep\n|turn|12\n|\n|t:|1776212828\n|move|p2a: Whimsicott|Moonblast|p1a: Aggron\n|-resisted|p1a: Aggron|1\n|-damage|p1a: Aggron|0 fnt\n|faint|p1a: Aggron\n|\n|win|Mio Nonno\n|raw|Niftix's rating: 1246 &rarr; <strong>1222</strong><br />(-24 for losing)\n|raw|Mio Nonno's rating: 1254 &rarr; <strong>1278</strong><br />(+24 for winning)\n|l|\u2606Niftix\n|player|p1|\n",
  "uploadtime": 1776212841,
  "views": 20,
  "formatid": "gen9championsvgc2026regma",
  "rating": 1222,
  "private": 0,
  "password": null
}