{
  "id": "gen9championsvgc2026regma-2583989763",
  "format": "[Gen 9 Champions] VGC 2026 Reg M-A",
  "players": [
    "TheRealMyan",
    "Mimicry5"
  ],
  "log": "|j|\u2606TheRealMyan\n|j|\u2606Mimicry5\n|html|<table width=\"100%\"><tr><td align=\"left\">TheRealMyan</td><td align=\"right\">Mimicry5</tr><tr><td align=\"left\"><i class=\"fa fa-circle-o\"></i> <i class=\"fa fa-circle-o\"></i> </td><td align=\"right\"><i class=\"fa fa-circle-o\"></i> <i class=\"fa fa-circle\"></i> </tr></table>\n|uhtml|bestof|<h2><strong>Game 2</strong> of <a href=\"/game-bestof3-gen9championsvgc2026regma-2583981576\">a best-of-3</a></h2>\n|t:|1776214640\n|gametype|doubles\n|player|p1|TheRealMyan|miku-grass|\n|player|p2|Mimicry5|skier|\n|gen|9\n|tier|[Gen 9 Champions] VGC 2026 Reg M-A\n|rated|Tournament battle\n|rule|Species Clause: Limit one of each Pok\u00e9mon\n|rule|Item Clause: Limit 1 of each item\n|raw|<div class=\"infobox\"><details class=\"readmore\" open><summary><strong>2 custom rules:</strong></summary> Force Open Team Sheets, Best of = 3</details></div>\n|clearpoke\n|poke|p1|Pelipper, L50, F|\n|poke|p1|Basculegion, L50, M|\n|poke|p1|Sneasler, L50, F|\n|poke|p1|Incineroar, L50, M|\n|poke|p1|Meganium, L50, M|\n|poke|p1|Archaludon, L50, F|\n|poke|p2|Golurk, L50|\n|poke|p2|Orthworm, L50, F|\n|poke|p2|Farigiraf, L50, M|\n|poke|p2|Floette-Eternal, L50, F|\n|poke|p2|Incineroar, L50, F|\n|poke|p2|Rotom-Wash, L50|\n|teampreview|4\n|showteam|p1|Pelipper||FocusSash|Drizzle|WeatherBall,Tailwind,Protect,Hurricane|||F|||50|]Basculegion||MysticWater|SwiftSwim|LastRespects,FlipTurn,AquaJet,WaveCrash|||M|||50|]Sneasler||WhiteHerb|Unburden|FakeOut,CloseCombat,DireClaw,Protect|||F|||50|]Incineroar||LumBerry|Intimidate|FakeOut,PartingShot,DarkestLariat,FlareBlitz|||M|||50|]Meganium||Meganiumite|LeafGuard|WeatherBall,DazzlingGleam,SolarBeam,Protect|||M|||50|]Archaludon||Leftovers|Stamina|ElectroShot,Protect,DragonPulse,FlashCannon|||F|||50|\n|showteam|p2|Golurk||Golurkite|IronFist|Protect,Poltergeist,Earthquake,KnockOff||||||50|]Orthworm||OccaBerry|EarthEater|Protect,ShedTail,HeavySlam,HelpingHand|||F|||50|]Farigiraf||SitrusBerry|ArmorTail|TrickRoom,Imprison,Psyshock,Protect|||M|||50|]Floette-Eternal||Floettite|FlowerVeil|Protect,Moonblast,DazzlingGleam,LightofRuin|||F|||50|]Incineroar||ShucaBerry|Intimidate|FakeOut,PartingShot,Snarl,FlareBlitz|||F|||50|]Rotom-Wash||Leftovers|Levitate|HydroPump,VoltSwitch,Thunderbolt,Protect||||||50|\n|\n|t:|1776214775\n|teamsize|p1|4\n|teamsize|p2|4\n|start\n|switch|p1a: Incineroar|Incineroar, L50, M, shiny|100/100\n|switch|p1b: Pelipper|Pelipper, L50, F|100/100\n|switch|p2a: Orthworm|Orthworm, L50, F|100/100\n|switch|p2b: Farigiraf|Farigiraf, L50, M|100/100\n|-weather|RainDance|[from] ability: Drizzle|[of] p1b: Pelipper\n|-ability|p1a: Incineroar|Intimidate|boost\n|-unboost|p2a: Orthworm|atk|1\n|-unboost|p2b: Farigiraf|atk|1\n|turn|1\n|\n|t:|1776214821\n|move|p1b: Pelipper|Tailwind|p1b: Pelipper\n|-sidestart|p1: TheRealMyan|move: Tailwind\n|move|p1a: Incineroar|Flare Blitz|p2a: Orthworm\n|-supereffective|p2a: Orthworm|1\n|-enditem|p2a: Orthworm|Occa Berry|[eat]\n|-enditem|p2a: Orthworm|Occa Berry|[weaken]\n|-damage|p2a: Orthworm|88/100\n|-status|p2a: Orthworm|brn\n|-damage|p1a: Incineroar|97/100|[from] Recoil\n|move|p2a: Orthworm|Shed Tail|p2a: Orthworm\n|-start|p2a: Orthworm|Substitute|[from] move: Shed Tail\n|-damage|p2a: Orthworm|38/100 brn\n|\n|t:|1776214834\n|switch|p2a: Floette|Floette-Eternal, L50, F|100/100|[from] Shed Tail\n|move|p2b: Farigiraf|Psyshock|p1b: Pelipper\n|-damage|p1b: Pelipper|61/100\n|\n|-weather|RainDance|[upkeep]\n|upkeep\n|turn|2\n|j| manu0710\n|\n|t:|1776214892\n|detailschange|p2a: Floette|Floette-Mega, L50, F\n|-mega|p2a: Floette|Floette|Floettite\n|-ability|p2a: Floette|Fairy Aura\n|move|p1b: Pelipper|Protect|p1b: Pelipper\n|-singleturn|p1b: Pelipper|Protect\n|move|p2a: Floette|Protect|p2a: Floette\n|-singleturn|p2a: Floette|Protect\n|move|p1a: Incineroar|Darkest Lariat|p2b: Farigiraf\n|-supereffective|p2b: Farigiraf|1\n|-crit|p2b: Farigiraf\n|-damage|p2b: Farigiraf|2/100\n|-enditem|p2b: Farigiraf|Sitrus Berry|[eat]\n|-heal|p2b: Farigiraf|26/100|[from] item: Sitrus Berry\n|move|p2b: Farigiraf|Psyshock|p1b: Pelipper\n|-activate|p1b: Pelipper|move: Protect\n|\n|-weather|RainDance|[upkeep]\n|upkeep\n|turn|3\n|j| Dewpider is life\n|\n|t:|1776214997\n|move|p1b: Pelipper|Hurricane|p2b: Farigiraf\n|-damage|p2b: Farigiraf|0 fnt\n|faint|p2b: Farigiraf\n|move|p2a: Floette|Dazzling Gleam|p1b: Pelipper|[spread] p1a,p1b\n|-damage|p1a: Incineroar|52/100\n|-damage|p1b: Pelipper|3/100\n|move|p1a: Incineroar|Parting Shot|p2a: Floette\n|-unboost|p2a: Floette|atk|1\n|-unboost|p2a: Floette|spa|1\n|\n|t:|1776215007\n|switch|p1a: Basculegion|Basculegion, L50, M|100/100|[from] Parting Shot\n|\n|-weather|RainDance|[upkeep]\n|upkeep\n|l| manu0710\n|\n|t:|1776215014\n|switch|p2b: Rotom|Rotom-Wash, L50|100/100\n|turn|4\n|\n|t:|1776215049\n|move|p1b: Pelipper|Protect|p1b: Pelipper\n|-singleturn|p1b: Pelipper|Protect\n|move|p1a: Basculegion|Wave Crash|p2a: Floette\n|-end|p2a: Floette|Substitute\n|-damage|p1a: Basculegion|93/100|[from] Recoil|[of] p2a: Floette\n|move|p2a: Floette|Dazzling Gleam|p1a: Basculegion|[spread] p1a\n|-activate|p1b: Pelipper|move: Protect\n|-damage|p1a: Basculegion|56/100\n|move|p2b: Rotom|Thunderbolt|p1a: Basculegion\n|-supereffective|p1a: Basculegion|1\n|-damage|p1a: Basculegion|0 fnt\n|faint|p1a: Basculegion\n|\n|-weather|RainDance|[upkeep]\n|-sideend|p1: TheRealMyan|move: Tailwind\n|upkeep\n|\n|t:|1776215066\n|switch|p1a: Meganium|Meganium, L50, M|100/100\n|turn|5\n|l| Dewpider is life\n|\n|t:|1776215107\n|switch|p2a: Orthworm|Orthworm, L50, F|38/100 brn\n|switch|p1b: Incineroar|Incineroar, L50, M, shiny|52/100\n|-ability|p1b: Incineroar|Intimidate|boost\n|-unboost|p2a: Orthworm|atk|1\n|-unboost|p2b: Rotom|atk|1\n|detailschange|p1a: Meganium|Meganium-Mega, L50, M\n|-mega|p1a: Meganium|Meganium|Meganiumite\n|move|p1a: Meganium|Protect|p1a: Meganium\n|-singleturn|p1a: Meganium|Protect\n|move|p2b: Rotom|Thunderbolt|p1b: Incineroar\n|-damage|p1b: Incineroar|8/100\n|\n|-weather|none\n|-damage|p2a: Orthworm|32/100 brn|[from] brn\n|upkeep\n|turn|6\n|\n|t:|1776215169\n|move|p2b: Rotom|Protect|p2b: Rotom\n|-singleturn|p2b: Rotom|Protect\n|move|p1b: Incineroar|Fake Out|p2a: Orthworm\n|-resisted|p2a: Orthworm|1\n|-damage|p2a: Orthworm|29/100 brn\n|move|p1a: Meganium|Solar Beam||[still]\n|-prepare|p1a: Meganium|Solar Beam\n|-activate|p1a: Meganium|ability: Mega Sol\n|-anim|p1a: Meganium|Solar Beam|p2b: Rotom\n|-activate|p2b: Rotom|move: Protect\n|cant|p2a: Orthworm|flinch\n|\n|-damage|p2a: Orthworm|23/100 brn|[from] brn\n|upkeep\n|turn|7\n|\n|t:|1776215216\n|move|p1a: Meganium|Dazzling Gleam|p2a: Orthworm|[spread] p2a,p2b\n|-resisted|p2a: Orthworm|1\n|-damage|p2a: Orthworm|0 fnt\n|-damage|p2b: Rotom|70/100\n|faint|p2a: Orthworm\n|move|p2b: Rotom|Volt Switch|p1b: Incineroar\n|-damage|p1b: Incineroar|0 fnt\n|faint|p1b: Incineroar\n|\n|t:|1776215224\n|switch|p2b: Floette|Floette-Mega, L50, F|100/100|[from] Volt Switch\n|-ability|p2b: Floette|Fairy Aura\n|\n|upkeep\n|\n|t:|1776215235\n|switch|p2a: Rotom|Rotom-Wash, L50|70/100\n|switch|p1b: Pelipper|Pelipper, L50, F|3/100\n|-weather|RainDance|[from] ability: Drizzle|[of] p1b: Pelipper\n|turn|8\n|\n|t:|1776215299\n|move|p1b: Pelipper|Protect|p1b: Pelipper\n|-singleturn|p1b: Pelipper|Protect\n|move|p2b: Floette|Light of Ruin|p1a: Meganium\n|-damage|p1a: Meganium|16/100\n|-damage|p2b: Floette|56/100|[from] Recoil\n|move|p1a: Meganium|Solar Beam||[still]\n|-prepare|p1a: Meganium|Solar Beam\n|-activate|p1a: Meganium|ability: Mega Sol\n|-anim|p1a: Meganium|Solar Beam|p2a: Rotom\n|-supereffective|p2a: Rotom|1\n|-damage|p2a: Rotom|0 fnt\n|faint|p2a: Rotom\n|\n|-weather|RainDance|[upkeep]\n|upkeep\n|turn|9\n|\n|t:|1776215329\n|move|p1a: Meganium|Protect|p1a: Meganium\n|-singleturn|p1a: Meganium|Protect\n|move|p2b: Floette|Dazzling Gleam|p1b: Pelipper|[spread] p1b\n|-activate|p1a: Meganium|move: Protect\n|-damage|p1b: Pelipper|0 fnt\n|faint|p1b: Pelipper\n|\n|-weather|RainDance|[upkeep]\n|upkeep\n|turn|10\n|c|\u2606Mimicry5|gg\n|\n|t:|1776215344\n|move|p2b: Floette|Moonblast|p1a: Meganium\n|-damage|p1a: Meganium|0 fnt\n|faint|p1a: Meganium\n|\n|win|Mimicry5\n|c|\u2606TheRealMyan|Ggs\n|l|\u2606Mimicry5\n|player|p2|\n",
  "uploadtime": 1776215363,
  "views": 15,
  "formatid": "gen9championsvgc2026regma",
  "rating": null,
  "private": 0,
  "password": null
}