{
  "id": "gen9championsvgc2026regma-2580813231",
  "format": "[Gen 9 Champions] VGC 2026 Reg M-A",
  "players": [
    "brazzers777",
    "rasher67"
  ],
  "log": "|j|\u2606brazzers777\n|j|\u2606rasher67\n|t:|1775934560\n|gametype|doubles\n|player|p1|brazzers777|266|1079\n|player|p2|rasher67|pokemonbreederf-gen4|1000\n|gen|9\n|tier|[Gen 9 Champions] VGC 2026 Reg M-A\n|rated|\n|rule|Species Clause: Limit one of each Pok\u00e9mon\n|rule|Item Clause: Limit 1 of each item\n|clearpoke\n|poke|p1|Passimian, L50, M|\n|poke|p1|Ceruledge, L50, F|\n|poke|p1|Azumarill, L50, M|\n|poke|p1|Chesnaught, L50, M|\n|poke|p1|Hydreigon, L50, M|\n|poke|p1|Mamoswine, L50, M|\n|poke|p2|Charizard, L50, M|\n|poke|p2|Garchomp, L50, M|\n|poke|p2|Sinistcha, L50|\n|poke|p2|Incineroar, L50, F|\n|poke|p2|Venusaur, L50, F|\n|poke|p2|Aerodactyl, L50, M|\n|teampreview|4\n|inactive|Battle timer is ON: inactive players will automatically lose when time's up. (requested by brazzers777)\nrasher67 rejected open team sheets.\n|inactive|brazzers777 has 60 seconds left.\n|\n|t:|1775934604\n|teamsize|p1|4\n|teamsize|p2|4\n|start\n|switch|p1a: Passimian|Passimian, L50, M, shiny|100/100\n|switch|p1b: Chesnaught|Chesnaught, L50, M|100/100\n|switch|p2a: Aerodactyl|Aerodactyl, L50, M|100/100\n|switch|p2b: Garchomp|Garchomp, L50, M|100/100\n|-ability|p2a: Aerodactyl|Unnerve\n|turn|1\n|inactive|brazzers777 has 30 seconds left.\n|inactive|rasher67 has 30 seconds left.\n|inactive|brazzers777 has 20 seconds left.\n|\n|t:|1775934640\n|detailschange|p1b: Chesnaught|Chesnaught-Mega, L50, M\n|-mega|p1b: Chesnaught|Chesnaught|Chesnaughtite\n|move|p2a: Aerodactyl|Dual Wingbeat|p1b: Chesnaught\n|-supereffective|p1b: Chesnaught|2\n|-damage|p1b: Chesnaught|68/100\n|-supereffective|p1b: Chesnaught|2\n|-crit|p1b: Chesnaught\n|-damage|p1b: Chesnaught|16/100\n|-hitcount|p1b: Chesnaught|2\n|move|p2b: Garchomp|Earthquake|p1a: Passimian|[spread] p1a,p1b\n|-immune|p2a: Aerodactyl\n|-resisted|p1b: Chesnaught|1\n|-damage|p1a: Passimian|66/100\n|-damage|p1b: Chesnaught|7/100\n|move|p1a: Passimian|Drain Punch|p2a: Aerodactyl\n|-damage|p2a: Aerodactyl|48/100\n|-heal|p1a: Passimian|86/100|[from] drain|[of] p2a: Aerodactyl\n|move|p1b: Chesnaught|Body Press|p2a: Aerodactyl\n|-damage|p2a: Aerodactyl|0 fnt\n|faint|p2a: Aerodactyl\n|\n|upkeep\n|\n|t:|1775934661\n|switch|p2a: Charizard|Charizard, L50, M|100/100\n|turn|2\n|\n|t:|1775934677\n|detailschange|p2a: Charizard|Charizard-Mega-Y, L50, M\n|-mega|p2a: Charizard|Charizard|Charizardite Y\n|-weather|SunnyDay|[from] ability: Drought|[of] p2a: Charizard\n|move|p1b: Chesnaught|Wide Guard|p1b: Chesnaught\n|-singleturn|p1b: Chesnaught|Wide Guard\n|move|p2b: Garchomp|Earthquake|p1a: Passimian|[spread] \n|-activate|p1a: Passimian|move: Wide Guard\n|-activate|p1b: Chesnaught|move: Wide Guard\n|-immune|p2a: Charizard\n|move|p2a: Charizard|Heat Wave|p1b: Chesnaught|[spread] \n|-activate|p1a: Passimian|move: Wide Guard\n|-activate|p1b: Chesnaught|move: Wide Guard\n|move|p1a: Passimian|Drain Punch|p2b: Garchomp\n|-damage|p2b: Garchomp|68/100\n|-heal|p1a: Passimian|100/100|[from] drain|[of] p2b: Garchomp\n|-damage|p1a: Passimian|88/100|[from] ability: Rough Skin|[of] p2b: Garchomp\n|\n|-weather|SunnyDay|[upkeep]\n|upkeep\n|turn|3\n|\n|t:|1775934700\n|move|p1b: Chesnaught|Wide Guard|p1b: Chesnaught\n|-singleturn|p1b: Chesnaught|Wide Guard\n|move|p2b: Garchomp|Dragon Claw|p1b: Chesnaught\n|-damage|p1b: Chesnaught|0 fnt\n|faint|p1b: Chesnaught\n|move|p2a: Charizard|Air Slash|p1a: Passimian\n|-supereffective|p1a: Passimian|1\n|-damage|p1a: Passimian|0 fnt\n|faint|p1a: Passimian\n|\n|-weather|SunnyDay|[upkeep]\n|upkeep\n|\n|t:|1775934709\n|switch|p1a: Ceruledge|Ceruledge, L50, F|100/100\n|switch|p1b: Mamoswine|Mamoswine, L50, M|100/100\n|turn|4\n|\n|t:|1775934722\n|move|p1b: Mamoswine|Protect|p1b: Mamoswine\n|-singleturn|p1b: Mamoswine|Protect\n|move|p2b: Garchomp|Earthquake|p1b: Mamoswine|[spread] p1a\n|-activate|p1b: Mamoswine|move: Protect\n|-immune|p2a: Charizard\n|-supereffective|p1a: Ceruledge|1\n|-damage|p1a: Ceruledge|14/100\n|move|p2a: Charizard|Heat Wave|p1b: Mamoswine|[spread] \n|-activate|p1b: Mamoswine|move: Protect\n|-start|p1a: Ceruledge|ability: Flash Fire\n|move|p1a: Ceruledge|Swords Dance|p1a: Ceruledge\n|-boost|p1a: Ceruledge|atk|2\n|\n|-weather|SunnyDay|[upkeep]\n|-heal|p1a: Ceruledge|20/100|[from] item: Leftovers\n|upkeep\n|turn|5\n|\n|t:|1775934741\n|move|p1b: Mamoswine|Ice Shard|p2b: Garchomp\n|-supereffective|p2b: Garchomp|2\n|-damage|p2b: Garchomp|0 fnt\n|faint|p2b: Garchomp\n|move|p2a: Charizard|Heat Wave|p1b: Mamoswine|[spread] p1b\n|-immune|p1a: Ceruledge|[from] ability: Flash Fire\n|-supereffective|p1b: Mamoswine|1\n|-enditem|p1b: Mamoswine|Focus Sash\n|-damage|p1b: Mamoswine|1/100\n|-status|p1b: Mamoswine|brn\n|move|p1a: Ceruledge|Bitter Blade|p2a: Charizard\n|-resisted|p2a: Charizard|1\n|-damage|p2a: Charizard|0 fnt\n|-heal|p1a: Ceruledge|65/100|[from] drain|[of] p2a: Charizard\n|faint|p2a: Charizard\n|\n|-weather|SunnyDay|[upkeep]\n|-heal|p1a: Ceruledge|71/100|[from] item: Leftovers\n|-damage|p1b: Mamoswine|0 fnt|[from] brn\n|faint|p1b: Mamoswine\n|upkeep\n|\n|t:|1775934746\n|switch|p2b: Sinistcha|Sinistcha, L50|100/100\n|turn|6\n|-message|rasher67 forfeited.\n|\n|win|brazzers777\n|raw|brazzers777's rating: 1079 &rarr; <strong>1101</strong><br />(+22 for winning)\n|raw|rasher67's rating: 1000 &rarr; <strong>1000</strong><br />(+0 for losing)\n|l|\u2606rasher67\n|player|p2|\n",
  "uploadtime": 1775934778,
  "views": 21,
  "formatid": "gen9championsvgc2026regma",
  "rating": 1000,
  "private": 0,
  "password": null
}