{
  "id": "gen9championsvgc2026regma-2582444814",
  "format": "[Gen 9 Champions] VGC 2026 Reg M-A",
  "players": [
    "NVBlackLotus",
    "sly_remark"
  ],
  "log": "|j|\u2606NVBlackLotus\n|j|\u2606sly_remark\n|t:|1776092121\n|gametype|doubles\n|player|p1|NVBlackLotus|170|1045\n|player|p2|sly_remark|erika|1075\n|gen|9\n|tier|[Gen 9 Champions] VGC 2026 Reg M-A\n|rated|\n|rule|Species Clause: Limit one of each Pok\u00e9mon\n|rule|Item Clause: Limit 1 of each item\n|clearpoke\n|poke|p1|Gengar, L50, M|\n|poke|p1|Whimsicott, L50, F|\n|poke|p1|Kommo-o, L50, F|\n|poke|p1|Incineroar, L50, F|\n|poke|p1|Meganium, L50, F|\n|poke|p1|Basculegion, L50, M|\n|poke|p2|Victreebel, L50, F|\n|poke|p2|Torkoal, L50, M|\n|poke|p2|Charizard, L50, F|\n|poke|p2|Krookodile, L50, F|\n|poke|p2|Incineroar, L50, F|\n|poke|p2|Hatterene, L50, F|\n|teampreview|4\n|\n|t:|1776092157\n|teamsize|p1|4\n|teamsize|p2|4\n|start\n|switch|p1a: Gengar|Gengar, L50, M, shiny|100/100\n|switch|p1b: Whimsicott|Whimsicott, L50, F|100/100\n|switch|p2a: Victreebel|Victreebel, L50, F|100/100\n|switch|p2b: Torkoal|Torkoal, L50, M|100/100\n|-weather|SunnyDay|[from] ability: Drought|[of] p2b: Torkoal\n|turn|1\n|\n|t:|1776092181\n|move|p1a: Gengar|Protect|p1a: Gengar\n|-singleturn|p1a: Gengar|Protect\n|move|p1b: Whimsicott|Tailwind|p1b: Whimsicott\n|-sidestart|p1: NVBlackLotus|move: Tailwind\n|move|p2a: Victreebel|Sleep Powder|p1a: Gengar\n|-activate|p1a: Gengar|move: Protect\n|move|p2b: Torkoal|Eruption|p1b: Whimsicott|[spread] p1b\n|-activate|p1a: Gengar|move: Protect\n|-supereffective|p1b: Whimsicott|1\n|-enditem|p1b: Whimsicott|Focus Sash\n|-damage|p1b: Whimsicott|1/100\n|\n|-weather|SunnyDay|[upkeep]\n|upkeep\n|turn|2\n|\n|t:|1776092223\n|detailschange|p1a: Gengar|Gengar-Mega, L50, M, shiny\n|-mega|p1a: Gengar|Gengar|Gengarite\n|move|p1b: Whimsicott|Fake Tears|p2b: Torkoal\n|-unboost|p2b: Torkoal|spd|2\n|move|p1a: Gengar|Disable|p2a: Victreebel\n|-start|p2a: Victreebel|Disable|Sleep Powder\n|cant|p2a: Victreebel|Disable|Sleep Powder\n|move|p2b: Torkoal|Eruption|p1a: Gengar|[spread] p1a,p1b\n|-supereffective|p1b: Whimsicott|1\n|-damage|p1a: Gengar|0 fnt\n|-damage|p1b: Whimsicott|0 fnt\n|faint|p1a: Gengar\n|faint|p1b: Whimsicott\n|\n|-weather|SunnyDay|[upkeep]\n|upkeep\n|\n|t:|1776092233\n|switch|p1a: Incineroar|Incineroar, L50, F, shiny|100/100\n|switch|p1b: Basculegion|Basculegion, L50, M, shiny|100/100\n|-ability|p1a: Incineroar|Intimidate|boost\n|-unboost|p2a: Victreebel|atk|1\n|-unboost|p2b: Torkoal|atk|1\n|turn|3\n|\n|t:|1776092261\n|detailschange|p2a: Victreebel|Victreebel-Mega, L50, F\n|-mega|p2a: Victreebel|Victreebel|Victreebelite\n|move|p1a: Incineroar|Fake Out|p2a: Victreebel\n|-damage|p2a: Victreebel|86/100\n|move|p1b: Basculegion|Wave Crash|p2b: Torkoal\n|-supereffective|p2b: Torkoal|1\n|-damage|p2b: Torkoal|44/100\n|-damage|p1b: Basculegion|84/100|[from] Recoil\n|cant|p2a: Victreebel|flinch\n|move|p2b: Torkoal|Overheat|p1a: Incineroar\n|-resisted|p1a: Incineroar|1\n|-damage|p1a: Incineroar|67/100\n|-unboost|p2b: Torkoal|spa|2\n|\n|-weather|SunnyDay|[upkeep]\n|upkeep\n|turn|4\n|\n|t:|1776092280\n|switch|p2b: Krookodile|Krookodile, L50, F|100/100\n|-ability|p2b: Krookodile|Intimidate|boost\n|-unboost|p1a: Incineroar|atk|1\n|-unboost|p1b: Basculegion|atk|1\n|move|p1b: Basculegion|Wave Crash|p2b: Krookodile\n|-supereffective|p2b: Krookodile|1\n|-damage|p2b: Krookodile|43/100\n|-damage|p1b: Basculegion|64/100|[from] Recoil\n|move|p1a: Incineroar|Flare Blitz|p2a: Victreebel\n|-supereffective|p2a: Victreebel|1\n|-damage|p2a: Victreebel|0 fnt\n|-damage|p1a: Incineroar|0 fnt|[from] ability: Innards Out|[of] p2a: Victreebel\n|faint|p2a: Victreebel\n|faint|p1a: Incineroar\n|\n|-weather|SunnyDay|[upkeep]\n|-heal|p2b: Krookodile|49/100|[from] item: Leftovers\n|-sideend|p1: NVBlackLotus|move: Tailwind\n|upkeep\n|\n|t:|1776092298\n|switch|p2a: Incineroar|Incineroar, L50, F|100/100\n|-ability|p2a: Incineroar|Intimidate|boost\n|-unboost|p1b: Basculegion|atk|1\n|turn|5\n|\n|t:|1776092304\n|move|p1b: Basculegion|Wave Crash|p2a: Incineroar\n|-supereffective|p2a: Incineroar|1\n|-damage|p2a: Incineroar|69/100\n|-damage|p1b: Basculegion|53/100|[from] Recoil\n|move|p2b: Krookodile|Crunch|p1b: Basculegion\n|-supereffective|p1b: Basculegion|1\n|-damage|p1b: Basculegion|0 fnt\n|faint|p1b: Basculegion\n|\n|win|sly_remark\n|raw|NVBlackLotus's rating: 1045 &rarr; <strong>1030</strong><br />(-15 for losing)\n|raw|sly_remark's rating: 1075 &rarr; <strong>1101</strong><br />(+26 for winning)\n",
  "uploadtime": 1776092305,
  "views": 9,
  "formatid": "gen9championsvgc2026regma",
  "rating": 1030,
  "private": 0,
  "password": null
}