{
  "id": "gen9championsvgc2026regma-2584575926",
  "format": "[Gen 9 Champions] VGC 2026 Reg M-A",
  "players": [
    "marwandk",
    "Swaggypepper"
  ],
  "log": "|j|\u203dmarwandk\n|j|\u2606Swaggypepper\n|t:|1776269795\n|gametype|doubles\n|player|p1|marwandk|1|1157\n|player|p2|Swaggypepper|swimmer|1169\n|gen|9\n|tier|[Gen 9 Champions] VGC 2026 Reg M-A\n|rated|\n|rule|Species Clause: Limit one of each Pok\u00e9mon\n|rule|Item Clause: Limit 1 of each item\n|clearpoke\n|poke|p1|Tauros, L50, M|\n|poke|p1|Jolteon, L50, F|\n|poke|p1|Dragonite, L50, M|\n|poke|p1|Starmie, L50|\n|poke|p1|Kangaskhan, L50, F|\n|poke|p1|Aerodactyl, L50, M|\n|poke|p2|Milotic, L50, M|\n|poke|p2|Umbreon, L50, F|\n|poke|p2|Glimmora, L50, F|\n|poke|p2|Skarmory, L50, F|\n|poke|p2|Floette-Eternal, L50, F|\n|poke|p2|Aerodactyl, L50, F|\n|teampreview|4\nmarwandk has agreed to open team sheets.\n|inactive|Battle timer is ON: inactive players will automatically lose when time's up. (requested by Swaggypepper)\nSwaggypepper rejected open team sheets.\n|\n|t:|1776269856\n|teamsize|p1|4\n|teamsize|p2|4\n|start\n|switch|p1a: Kangaskhan|Kangaskhan, L50, F|100/100\n|switch|p1b: Jolteon|Jolteon, L50, F|100/100\n|switch|p2a: Milotic|Milotic, L50, M|100/100\n|switch|p2b: Umbreon|Umbreon, L50, F, shiny|100/100\n|turn|1\n|\n|t:|1776269875\n|move|p2a: Milotic|Protect|p2a: Milotic\n|-singleturn|p2a: Milotic|Protect\n|move|p1a: Kangaskhan|Fake Out|p2a: Milotic\n|-activate|p2a: Milotic|move: Protect\n|move|p1b: Jolteon|Electroweb|p2a: Milotic|[spread] p2b\n|-activate|p2a: Milotic|move: Protect\n|-damage|p2b: Umbreon|86/100\n|-unboost|p2b: Umbreon|spe|1\n|move|p2b: Umbreon|Snarl|p1b: Jolteon|[spread] p1a,p1b\n|-damage|p1a: Kangaskhan|91/100\n|-damage|p1b: Jolteon|89/100\n|-unboost|p1a: Kangaskhan|spa|1\n|-unboost|p1b: Jolteon|spa|1\n|\n|-heal|p2b: Umbreon|92/100|[from] item: Leftovers\n|upkeep\n|turn|2\n|\n|t:|1776269895\n|move|p1b: Jolteon|Thunderbolt|p2a: Milotic\n|-supereffective|p2a: Milotic|1\n|-damage|p2a: Milotic|51/100\n|move|p1a: Kangaskhan|Drain Punch|p2b: Umbreon\n|-supereffective|p2b: Umbreon|1\n|-damage|p2b: Umbreon|62/100\n|-heal|p1a: Kangaskhan|100/100|[from] drain|[of] p2b: Umbreon\n|move|p2a: Milotic|Scald|p1b: Jolteon\n|-damage|p1b: Jolteon|43/100\n|move|p2b: Umbreon|Thunder Wave|p1a: Kangaskhan\n|-status|p1a: Kangaskhan|par\n|\n|-heal|p2b: Umbreon|68/100|[from] item: Leftovers\n|upkeep\n|turn|3\n|\n|t:|1776269914\n|move|p2a: Milotic|Protect|p2a: Milotic\n|-singleturn|p2a: Milotic|Protect\n|move|p1b: Jolteon|Thunderbolt|p2a: Milotic\n|-activate|p2a: Milotic|move: Protect\n|move|p1a: Kangaskhan|Drain Punch|p2b: Umbreon\n|-supereffective|p2b: Umbreon|1\n|-damage|p2b: Umbreon|37/100\n|move|p2b: Umbreon|Snarl|p1a: Kangaskhan|[spread] p1a,p1b\n|-damage|p1a: Kangaskhan|91/100 par\n|-damage|p1b: Jolteon|32/100\n|-unboost|p1a: Kangaskhan|spa|1\n|-unboost|p1b: Jolteon|spa|1\n|\n|-heal|p2b: Umbreon|43/100|[from] item: Leftovers\n|upkeep\n|turn|4\n|\n|t:|1776269932\n|move|p1b: Jolteon|Electroweb|p2b: Umbreon|[spread] p2a,p2b\n|-supereffective|p2a: Milotic|1\n|-damage|p2a: Milotic|35/100\n|-damage|p2b: Umbreon|37/100\n|-unboost|p2a: Milotic|spe|1\n|-ability|p2a: Milotic|Competitive|boost\n|-boost|p2a: Milotic|spa|2\n|-unboost|p2b: Umbreon|spe|1\n|-enditem|p2a: Milotic|Sitrus Berry|[eat]\n|-heal|p2a: Milotic|60/100|[from] item: Sitrus Berry\n|move|p2a: Milotic|Life Dew|p2a: Milotic|[spread] p2a,p2b\n|-heal|p2a: Milotic|85/100\n|-heal|p2b: Umbreon|62/100\n|move|p1a: Kangaskhan|Double-Edge|p2a: Milotic\n|-damage|p2a: Milotic|33/100\n|-damage|p1a: Kangaskhan|74/100 par|[from] Recoil\n|move|p2b: Umbreon|Foul Play|p1a: Kangaskhan\n|-damage|p1a: Kangaskhan|31/100 par\n|\n|-heal|p2b: Umbreon|68/100|[from] item: Leftovers\n|upkeep\n|turn|5\n|\n|t:|1776269957\n|move|p2a: Milotic|Protect|p2a: Milotic\n|-singleturn|p2a: Milotic|Protect\n|move|p1b: Jolteon|Thunderbolt|p2b: Umbreon\n|-damage|p2b: Umbreon|54/100\n|move|p1a: Kangaskhan|Drain Punch|p2b: Umbreon\n|-supereffective|p2b: Umbreon|1\n|-damage|p2b: Umbreon|21/100\n|-heal|p1a: Kangaskhan|47/100 par|[from] drain|[of] p2b: Umbreon\n|move|p2b: Umbreon|Foul Play|p1a: Kangaskhan\n|-damage|p1a: Kangaskhan|5/100 par\n|\n|-heal|p2b: Umbreon|27/100|[from] item: Leftovers\n|upkeep\n|turn|6\n|\n|t:|1776269974\n|move|p1b: Jolteon|Thunderbolt|p2a: Milotic\n|-supereffective|p2a: Milotic|1\n|-damage|p2a: Milotic|0 fnt\n|faint|p2a: Milotic\n|move|p1a: Kangaskhan|Double-Edge|p2b: Umbreon\n|-damage|p2b: Umbreon|0 fnt\n|faint|p2b: Umbreon\n|-damage|p1a: Kangaskhan|0 fnt|[from] Recoil\n|faint|p1a: Kangaskhan\n|\n|upkeep\n|\n|t:|1776269985\n|switch|p1a: Aerodactyl|Aerodactyl, L50, M|100/100\n|switch|p2a: Skarmory|Skarmory, L50, F|100/100\n|switch|p2b: Floette|Floette-Eternal, L50, F|100/100\n|-ability|p1a: Aerodactyl|Unnerve\n|turn|7\n|\n|t:|1776270007\n|detailschange|p2b: Floette|Floette-Mega, L50, F\n|-mega|p2b: Floette|Floette|Floettite\n|-ability|p2b: Floette|Fairy Aura\n|move|p1b: Jolteon|Electroweb|p2b: Floette|[spread] p2a,p2b\n|-supereffective|p2a: Skarmory|1\n|-damage|p2a: Skarmory|76/100\n|-damage|p2b: Floette|92/100\n|-unboost|p2a: Skarmory|spe|1\n|-unboost|p2b: Floette|spe|1\n|move|p1a: Aerodactyl|Rock Slide|p2a: Skarmory|[spread] p2a,p2b\n|-damage|p2a: Skarmory|56/100\n|-damage|p2b: Floette|71/100\n|-ability|p2a: Skarmory|Weak Armor|boost\n|-unboost|p2a: Skarmory|def|1\n|-boost|p2a: Skarmory|spe|2\n|cant|p2a: Skarmory|flinch\n|cant|p2b: Floette|flinch\n|\n|upkeep\n|turn|8\n|inactive|marwandk has 30 seconds left.\n|\n|t:|1776270037\n|move|p1a: Aerodactyl|Dual Wingbeat|p2b: Floette|[miss]\n|-miss|p1a: Aerodactyl|p2b: Floette\n|move|p1b: Jolteon|Electroweb|p2a: Skarmory|[spread] p2a,p2b\n|-supereffective|p2a: Skarmory|1\n|-damage|p2a: Skarmory|30/100\n|-damage|p2b: Floette|63/100\n|-unboost|p2a: Skarmory|spe|1\n|-unboost|p2b: Floette|spe|1\n|move|p2a: Skarmory|Body Press|p1a: Aerodactyl\n|-damage|p1a: Aerodactyl|72/100\n|move|p2b: Floette|Calm Mind|p2b: Floette\n|-boost|p2b: Floette|spa|1\n|-boost|p2b: Floette|spd|1\n|\n|upkeep\n|turn|9\n|-message|Swaggypepper forfeited.\n|\n|win|marwandk\n|raw|marwandk's rating: 1157 &rarr; <strong>1183</strong><br />(+26 for winning)\n|raw|Swaggypepper's rating: 1169 &rarr; <strong>1143</strong><br />(-26 for losing)\n|l|\u2606Swaggypepper\n|player|p2|\n",
  "uploadtime": 1776270247,
  "views": 25,
  "formatid": "gen9championsvgc2026regma",
  "rating": 1143,
  "private": 0,
  "password": null
}