{
  "id": "gen9championsvgc2026regma-2585010853",
  "format": "[Gen 9 Champions] VGC 2026 Reg M-A",
  "players": [
    "blug63",
    "cheesecakestock"
  ],
  "log": "|j|\u2606blug63\n|j|\u2606cheesecakestock\n|t:|1776303106\n|gametype|doubles\n|player|p1|blug63|266|1090\n|player|p2|cheesecakestock|acetrainercouple|1000\n|gen|9\n|tier|[Gen 9 Champions] VGC 2026 Reg M-A\n|rated|\n|rule|Species Clause: Limit one of each Pok\u00e9mon\n|rule|Item Clause: Limit 1 of each item\n|clearpoke\n|poke|p1|Glimmora, L50, M|\n|poke|p1|Gengar, L50, M|\n|poke|p1|Sneasler, L50, F|\n|poke|p1|Toxapex, L50, F|\n|poke|p1|Venusaur, L50, M|\n|poke|p1|Toxicroak, L50, F|\n|poke|p2|Golurk, L50|\n|poke|p2|Crabominable, L50, F|\n|poke|p2|Hatterene, L50, F|\n|poke|p2|Sinistcha-Masterpiece, L50|\n|poke|p2|Kingambit, L50, M|\n|poke|p2|Torkoal, L50, M|\n|teampreview|4\n|inactive|Battle timer is ON: inactive players will automatically lose when time's up. (requested by cheesecakestock)\ncheesecakestock rejected open team sheets.\n|\n|t:|1776303131\n|teamsize|p1|4\n|teamsize|p2|4\n|start\n|switch|p1a: Toxicroak|Toxicroak, L50, F, shiny|100/100\n|switch|p1b: Sneasler|Sneasler, L50, F, shiny|100/100\n|switch|p2a: Hatterene|Hatterene, L50, F|100/100\n|switch|p2b: Sinistcha|Sinistcha-Masterpiece, L50|100/100\n|turn|1\n|inactive|blug63 has 30 seconds left.\n|inactive|blug63 has 20 seconds left.\n|c|\u2606cheesecakestock|Ruh roh\n|inactive|blug63 has 15 seconds left.\n|inactive|blug63 has 10 seconds left.\n|inactive|blug63 has 5 seconds left.\n|\n|t:|1776303183\n|move|p2a: Hatterene|Protect|p2a: Hatterene\n|-singleturn|p2a: Hatterene|Protect\n|move|p1a: Toxicroak|Fake Out|p2a: Hatterene\n|-activate|p2a: Hatterene|move: Protect\n|move|p1b: Sneasler|Dire Claw|p2b: Sinistcha\n|-damage|p2b: Sinistcha|66/100\n|move|p2b: Sinistcha|Trick Room|p2b: Sinistcha\n|-fieldstart|move: Trick Room|[of] p2b: Sinistcha\n|\n|upkeep\n|turn|2\n|inactive|blug63 has 30 seconds left.\n|inactive|blug63 has 20 seconds left.\n|inactive|blug63 has 15 seconds left.\n|inactive|blug63 has 10 seconds left.\n|\n|t:|1776303230\n|move|p2b: Sinistcha|Rage Powder|p2b: Sinistcha\n|-singleturn|p2b: Sinistcha|move: Rage Powder\n|move|p1a: Toxicroak|Sucker Punch||[still]\n|-fail|p1a: Toxicroak\n|move|p2a: Hatterene|Psychic|p1b: Sneasler\n|-supereffective|p1b: Sneasler|2\n|-damage|p1b: Sneasler|0 fnt\n|faint|p1b: Sneasler\n|\n|upkeep\n|\n|t:|1776303240\n|switch|p1b: Gengar|Gengar, L50, M, shiny|100/100\n|turn|3\n|c|\u2606cheesecakestock|trickroomaxxing\n|\n|t:|1776303258\n|move|p2b: Sinistcha|Rage Powder|p2b: Sinistcha\n|-singleturn|p2b: Sinistcha|move: Rage Powder\n|move|p2a: Hatterene|Psychic|p1a: Toxicroak\n|-supereffective|p1a: Toxicroak|2\n|-damage|p1a: Toxicroak|0 fnt\n|faint|p1a: Toxicroak\n|move|p1b: Gengar|Shadow Ball|p2b: Sinistcha\n|-supereffective|p2b: Sinistcha|1\n|-damage|p2b: Sinistcha|0 fnt\n|faint|p2b: Sinistcha\n|\n|upkeep\n|\n|t:|1776303277\n|switch|p2b: Golurk|Golurk, L50, shiny|100/100\n|switch|p1a: Glimmora|Glimmora, L50, M|100/100\n|turn|4\n|\n|t:|1776303295\n|detailschange|p2b: Golurk|Golurk-Mega, L50, shiny\n|-mega|p2b: Golurk|Golurk|Golurkite\n|detailschange|p1a: Glimmora|Glimmora-Mega, L50, M\n|-mega|p1a: Glimmora|Glimmora|Glimmoranite\n|move|p1a: Glimmora|Spiky Shield|p1a: Glimmora\n|-singleturn|p1a: Glimmora|move: Protect\n|move|p2a: Hatterene|Psychic|p1b: Gengar\n|-supereffective|p1b: Gengar|1\n|-damage|p1b: Gengar|0 fnt\n|-start|p2a: Hatterene|Disable|Psychic|[from] ability: Cursed Body|[of] p1b: Gengar\n|faint|p1b: Gengar\n|move|p2b: Golurk|Headlong Rush|p1a: Glimmora\n|-supereffective|p1a: Glimmora|2\n|-ability|p2b: Golurk|Unseen Fist\n|-zbroken|p1a: Glimmora\n|-damage|p1a: Glimmora|16/100\n|-unboost|p2b: Golurk|def|1\n|-unboost|p2b: Golurk|spd|1\n|\n|upkeep\n|turn|5\n|inactive|cheesecakestock has 30 seconds left.\n|\n|t:|1776303321\n|move|p2a: Hatterene|Protect|p2a: Hatterene\n|-singleturn|p2a: Hatterene|Protect\n|move|p2b: Golurk|Headlong Rush|p1a: Glimmora\n|-supereffective|p1a: Glimmora|2\n|-damage|p1a: Glimmora|0 fnt\n|-unboost|p2b: Golurk|def|1\n|-unboost|p2b: Golurk|spd|1\n|faint|p1a: Glimmora\n|\n|win|cheesecakestock\n|raw|blug63's rating: 1090 &rarr; <strong>1061</strong><br />(-29 for losing)\n|raw|cheesecakestock's rating: 1000 &rarr; <strong>1050</strong><br />(+50 for winning)\n|l|\u2606blug63\n|player|p1|\n|c|\u2606cheesecakestock|Gg\n",
  "uploadtime": 1776303340,
  "views": 34,
  "formatid": "gen9championsvgc2026regma",
  "rating": 1050,
  "private": 0,
  "password": null
}