{
  "id": "gen9championsvgc2026regma-2586625491",
  "format": "[Gen 9 Champions] VGC 2026 Reg M-A",
  "players": [
    "hvaloy",
    "Notloctm"
  ],
  "log": "|j|\u2606hvaloy\n|j|\u2606Notloctm\n|t:|1776447736\n|gametype|doubles\n|player|p1|hvaloy|rocketgrunt|1093\n|player|p2|Notloctm|101|1098\n|gen|9\n|tier|[Gen 9 Champions] VGC 2026 Reg M-A\n|rated|\n|rule|Species Clause: Limit one of each Pok\u00e9mon\n|rule|Item Clause: Limit 1 of each item\n|clearpoke\n|poke|p1|Hawlucha, L50, M|\n|poke|p1|Sneasler, L50, F|\n|poke|p1|Incineroar, L50, F|\n|poke|p1|Vanilluxe, L50, F|\n|poke|p1|Sinistcha, L50|\n|poke|p1|Aerodactyl, L50, F|\n|poke|p2|Noivern, L50, M|\n|poke|p2|Incineroar, L50, M|\n|poke|p2|Garchomp, L50, M|\n|poke|p2|Oranguru, L50, F|\n|poke|p2|Rotom-Heat, L50|\n|poke|p2|Floette-Eternal, L50, F|\n|teampreview|4\n|inactive|Battle timer is ON: inactive players will automatically lose when time's up. (requested by Notloctm)\n|inactive|Notloctm has 60 seconds left.\n|\n|t:|1776447809\n|teamsize|p1|4\n|teamsize|p2|4\n|start\n|switch|p1a: Hawlucha|Hawlucha, L50, M|100/100\n|switch|p1b: Vanilluxe|Vanilluxe, L50, F|100/100\n|switch|p2a: Rotom|Rotom-Heat, L50|100/100\n|switch|p2b: Garchomp|Garchomp, L50, M, shiny|100/100\n|-weather|Snowscape|[from] ability: Snow Warning|[of] p1b: Vanilluxe\n|turn|1\n|l|\u2606Notloctm\n|inactive|Notloctm disconnected and has a minute to reconnect!\n|player|p2|\n|j|\u2606Notloctm\n|inactive|Notloctm reconnected and has 40 seconds left.\n|player|p2|Notloctm|101|\n|\n|t:|1776447835\n|detailschange|p1a: Hawlucha|Hawlucha-Mega, L50, M\n|-mega|p1a: Hawlucha|Hawlucha|Hawluchanite\n|move|p1a: Hawlucha|Protect|p1a: Hawlucha\n|-singleturn|p1a: Hawlucha|Protect\n|move|p1b: Vanilluxe|Protect|p1b: Vanilluxe\n|-singleturn|p1b: Vanilluxe|Protect\n|move|p2b: Garchomp|Protect|p2b: Garchomp\n|-singleturn|p2b: Garchomp|Protect\n|move|p2a: Rotom|Electroweb|p1a: Hawlucha|[spread] \n|-activate|p1a: Hawlucha|move: Protect\n|-activate|p1b: Vanilluxe|move: Protect\n|\n|-weather|Snowscape|[upkeep]\n|upkeep\n|turn|2\n|\n|t:|1776447856\n|detailschange|p2b: Garchomp|Garchomp-Mega, L50, M, shiny\n|-mega|p2b: Garchomp|Garchomp|Garchompite\n|move|p2a: Rotom|Electroweb|p1a: Hawlucha|[spread] p1a,p1b\n|-supereffective|p1a: Hawlucha|1\n|-damage|p1a: Hawlucha|64/100\n|-damage|p1b: Vanilluxe|81/100\n|-unboost|p1a: Hawlucha|spe|1\n|-unboost|p1b: Vanilluxe|spe|1\n|move|p1a: Hawlucha|Entrainment|p1b: Vanilluxe\n|-ability|p1b: Vanilluxe|No Guard|Snow Warning|[from] move: Entrainment|[of] p1a: Hawlucha\n|move|p2b: Garchomp|Earthquake|p1b: Vanilluxe|[spread] p1b\n|-immune|p2a: Rotom|[from] ability: Levitate\n|-immune|p1a: Hawlucha\n|-damage|p1b: Vanilluxe|41/100\n|-enditem|p1b: Vanilluxe|Sitrus Berry|[eat]\n|-heal|p1b: Vanilluxe|66/100|[from] item: Sitrus Berry\n|move|p1b: Vanilluxe|Sheer Cold|p2a: Rotom\n|-damage|p2a: Rotom|0 fnt\n|faint|p2a: Rotom\n|-ohko\n|\n|-weather|Snowscape|[upkeep]\n|upkeep\n|c|\u2606Notloctm|GARCHOMPPPPPPP\n|\n|t:|1776447863\n|switch|p2a: Incineroar|Incineroar, L50, M|100/100\n|-ability|p2a: Incineroar|Intimidate|boost\n|-unboost|p1a: Hawlucha|atk|1\n|-unboost|p1b: Vanilluxe|atk|1\n|turn|3\n|\n|t:|1776447884\n|switch|p1a: Sinistcha|Sinistcha, L50|100/100\n|-heal|p1b: Vanilluxe|90/100|[from] ability: Hospitality|[of] p1a: Sinistcha\n|switch|p2b: Noivern|Noivern, L50, M, shiny|100/100\n|-item|p1a: Sinistcha|Leftovers|[from] ability: Frisk|[of] p2b: Noivern\n|move|p1b: Vanilluxe|Protect|p1b: Vanilluxe\n|-singleturn|p1b: Vanilluxe|Protect\n|move|p2a: Incineroar|Fake Out|p1b: Vanilluxe\n|-activate|p1b: Vanilluxe|move: Protect\n|\n|-weather|Snowscape|[upkeep]\n|upkeep\n|turn|4\n|c|\u2606Notloctm|Well\n|\n|t:|1776447903\n|move|p1a: Sinistcha|Rage Powder|p1a: Sinistcha\n|-singleturn|p1a: Sinistcha|move: Rage Powder\n|move|p2b: Noivern|Tailwind|p2b: Noivern\n|-sidestart|p2: Notloctm|move: Tailwind\n|move|p2a: Incineroar|Flare Blitz|p1a: Sinistcha\n|-supereffective|p1a: Sinistcha|1\n|-damage|p1a: Sinistcha|22/100\n|-damage|p2a: Incineroar|76/100|[from] Recoil\n|move|p1b: Vanilluxe|Sheer Cold|p2b: Noivern\n|-damage|p2b: Noivern|0 fnt\n|faint|p2b: Noivern\n|-ohko\n|\n|-weather|Snowscape|[upkeep]\n|-heal|p1a: Sinistcha|28/100|[from] item: Leftovers\n|upkeep\n|\n|t:|1776447910\n|switch|p2b: Garchomp|Garchomp-Mega, L50, M, shiny|100/100\n|turn|5\n|c|\u2606Notloctm|I\u2019m ngl. This isn\u2019t going very well\n|\n|t:|1776447929\n|switch|p1a: Incineroar|Incineroar, L50, F|100/100\n|-ability|p1a: Incineroar|Intimidate|boost\n|-unboost|p2a: Incineroar|atk|1\n|-unboost|p2b: Garchomp|atk|1\n|move|p2b: Garchomp|Protect|p2b: Garchomp\n|-singleturn|p2b: Garchomp|Protect\n|move|p1b: Vanilluxe|Protect|p1b: Vanilluxe\n|-singleturn|p1b: Vanilluxe|Protect\n|move|p2a: Incineroar|Flare Blitz|p1b: Vanilluxe\n|-activate|p1b: Vanilluxe|move: Protect\n|\n|-weather|none\n|upkeep\n|turn|6\n|\n|t:|1776447952\n|move|p2b: Garchomp|Protect||[still]\n|-fail|p2b: Garchomp\n|move|p1a: Incineroar|Fake Out|p2a: Incineroar\n|-damage|p2a: Incineroar|66/100\n|cant|p2a: Incineroar|flinch\n|move|p1b: Vanilluxe|Sheer Cold|p2b: Garchomp\n|-damage|p2b: Garchomp|0 fnt\n|faint|p2b: Garchomp\n|-ohko\n|\n|upkeep\n|turn|7\n|-message|Notloctm forfeited.\n|\n|win|hvaloy\n|raw|hvaloy's rating: 1093 &rarr; <strong>1119</strong><br />(+26 for winning)\n|raw|Notloctm's rating: 1098 &rarr; <strong>1073</strong><br />(-25 for losing)\n|l|\u2606Notloctm\n|player|p2|\n",
  "uploadtime": 1776448002,
  "views": 56,
  "formatid": "gen9championsvgc2026regma",
  "rating": 1073,
  "private": 0,
  "password": null
}