{
  "id": "gen9championsvgc2026regma-2581002906",
  "format": "[Gen 9 Champions] VGC 2026 Reg M-A",
  "players": [
    "Tuesy",
    "VGC Lys w<"
  ],
  "log": "|j|\u2606Tuesy\n|j|\u2606VGC Lys w<\n|t:|1775950735\n|gametype|doubles\n|player|p1|Tuesy|101|1054\n|player|p2|VGC Lys w<|miku-fairy|1113\n|gen|9\n|tier|[Gen 9 Champions] VGC 2026 Reg M-A\n|rated|\n|rule|Species Clause: Limit one of each Pok\u00e9mon\n|rule|Item Clause: Limit 1 of each item\n|clearpoke\n|poke|p1|Gengar, L50, M|\n|poke|p1|Whimsicott, L50, F|\n|poke|p1|Incineroar, L50, F|\n|poke|p1|Rotom-Wash, L50|\n|poke|p1|Politoed, L50, F|\n|poke|p1|Archaludon, L50, F|\n|poke|p2|Glimmora, L50, F|\n|poke|p2|Maushold-Four, L50|\n|poke|p2|Arcanine-Hisui, L50, F|\n|poke|p2|Noivern, L50, F|\n|poke|p2|Blastoise, L50, F|\n|poke|p2|Meowstic, L50, M|\n|teampreview|4\n|inactive|Battle timer is ON: inactive players will automatically lose when time's up. (requested by VGC Lys w<)\n|inactive|Tuesy has 60 seconds left.\n|inactive|VGC Lys w< has 60 seconds left.\n|\n|t:|1775950790\n|teamsize|p1|4\n|teamsize|p2|4\n|start\n|switch|p1a: Gengar|Gengar, L50, M|100/100\n|switch|p1b: Politoed|Politoed, L50, F|100/100\n|switch|p2a: Blastoise|Blastoise, L50, F|100/100\n|switch|p2b: Meowstic|Meowstic, L50, M|100/100\n|-weather|RainDance|[from] ability: Drizzle|[of] p1b: Politoed\n|turn|1\n|inactive|Tuesy has 30 seconds left.\n|inactive|Tuesy has 20 seconds left.\n|\n|t:|1775950827\n|detailschange|p1a: Gengar|Gengar-Mega, L50, M\n|-mega|p1a: Gengar|Gengar|Gengarite\n|move|p1a: Gengar|Protect|p1a: Gengar\n|-singleturn|p1a: Gengar|Protect\n|move|p2b: Meowstic|Fake Out|p1b: Politoed\n|-damage|p1b: Politoed|95/100\n|move|p2a: Blastoise|Water Spout|p1b: Politoed|[spread] p1b\n|-activate|p1a: Gengar|move: Protect\n|-resisted|p1b: Politoed|1\n|-damage|p1b: Politoed|63/100\n|cant|p1b: Politoed|flinch\n|\n|-weather|RainDance|[upkeep]\n|-heal|p1b: Politoed|69/100|[from] item: Leftovers\n|upkeep\n|turn|2\n|inactive|Tuesy has 30 seconds left.\n|\n|t:|1775950853\n|move|p2b: Meowstic|Thunder Wave|p1a: Gengar|[miss]\n|-miss|p2b: Meowstic|p1a: Gengar\n|move|p1a: Gengar|Disable|p2a: Blastoise\n|-start|p2a: Blastoise|Disable|Water Spout\n|cant|p2a: Blastoise|Disable|Water Spout\n|move|p1b: Politoed|Encore|p2b: Meowstic\n|-start|p2b: Meowstic|Encore\n|-enditem|p2b: Meowstic|Mental Herb\n|-end|p2b: Meowstic|Encore\n|\n|-weather|RainDance|[upkeep]\n|-heal|p1b: Politoed|75/100|[from] item: Leftovers\n|upkeep\n|turn|3\n|c|\u2606VGC Lys w<|XD\n|inactive|Tuesy has 30 seconds left.\n|\n|t:|1775950880\n|move|p1a: Gengar|Protect|p1a: Gengar\n|-singleturn|p1a: Gengar|Protect\n|-activate|p2a: Blastoise|move: Struggle\n|move|p2a: Blastoise|Struggle|p1b: Politoed\n|-damage|p1b: Politoed|67/100\n|-damage|p2a: Blastoise|75/100|[from] recoil\n|move|p2b: Meowstic|Psychic|p1a: Gengar\n|-activate|p1a: Gengar|move: Protect\n|move|p1b: Politoed|Perish Song|p1b: Politoed\n|-start|p1a: Gengar|perish3|[silent]\n|-start|p1b: Politoed|perish3|[silent]\n|-start|p2a: Blastoise|perish3|[silent]\n|-start|p2b: Meowstic|perish3|[silent]\n|-fieldactivate|move: Perish Song\n|\n|-weather|RainDance|[upkeep]\n|-heal|p2a: Blastoise|81/100|[from] ability: Rain Dish\n|-heal|p1b: Politoed|73/100|[from] item: Leftovers\n|-start|p1a: Gengar|perish3\n|-start|p2a: Blastoise|perish3\n|-start|p2b: Meowstic|perish3\n|-start|p1b: Politoed|perish3\n|upkeep\n|turn|4\n|inactive|Tuesy has 30 seconds left.\n|\n|t:|1775950913\n|move|p2b: Meowstic|Thunder Wave|p1a: Gengar|[miss]\n|-miss|p2b: Meowstic|p1a: Gengar\n|move|p1a: Gengar|Disable|p2b: Meowstic\n|-start|p2b: Meowstic|Disable|Thunder Wave\n|-activate|p2a: Blastoise|move: Struggle\n|move|p2a: Blastoise|Struggle|p1a: Gengar\n|-damage|p1a: Gengar|89/100\n|-damage|p2a: Blastoise|56/100|[from] recoil\n|move|p1b: Politoed|Encore|p2b: Meowstic\n|-start|p2b: Meowstic|Encore\n|\n|-weather|RainDance|[upkeep]\n|-heal|p2a: Blastoise|62/100|[from] ability: Rain Dish\n|-heal|p1b: Politoed|79/100|[from] item: Leftovers\n|-start|p1a: Gengar|perish2\n|-start|p2a: Blastoise|perish2\n|-start|p2b: Meowstic|perish2\n|-start|p1b: Politoed|perish2\n|upkeep\n|turn|5\n|c|\u2606VGC Lys w<|okay bro\n|c|\u2606VGC Lys w<|take it\n|-message|VGC Lys w< forfeited.\n|\n|win|Tuesy\n|raw|Tuesy's rating: 1054 &rarr; <strong>1091</strong><br />(+37 for winning)\n|raw|VGC Lys w&lt;'s rating: 1113 &rarr; <strong>1084</strong><br />(-29 for losing)\n|l|\u2606VGC Lys w<\n|player|p2|\n",
  "uploadtime": 1775950938,
  "views": 20,
  "formatid": "gen9championsvgc2026regma",
  "rating": 1084,
  "private": 0,
  "password": null
}