{
  "id": "gen9championsvgc2026regma-2583913693",
  "format": "[Gen 9 Champions] VGC 2026 Reg M-A",
  "players": [
    "SleepySilver07",
    "leoscerni"
  ],
  "log": "|j|\u2606SleepySilver07\n|j|\u2606leoscerni\n|t:|1776207805\n|gametype|doubles\n|player|p1|SleepySilver07|1|1305\n|player|p2|leoscerni|169|1353\n|gen|9\n|tier|[Gen 9 Champions] VGC 2026 Reg M-A\n|rated|\n|rule|Species Clause: Limit one of each Pok\u00e9mon\n|rule|Item Clause: Limit 1 of each item\n|clearpoke\n|poke|p1|Tyranitar, L50, M|\n|poke|p1|Garchomp, L50, M|\n|poke|p1|Aerodactyl, L50, M|\n|poke|p1|Corviknight, L50, F|\n|poke|p1|Rotom-Wash, L50|\n|poke|p1|Meganium, L50, F|\n|poke|p2|Scovillain, L50, M|\n|poke|p2|Dragapult, L50, F|\n|poke|p2|Sneasler, L50, M|\n|poke|p2|Milotic, L50, M|\n|poke|p2|Aerodactyl, L50, M|\n|poke|p2|Incineroar, L50, M|\n|teampreview|4\n|inactive|Battle timer is ON: inactive players will automatically lose when time's up. (requested by leoscerni)\n|inactive|SleepySilver07 has 60 seconds left.\n|\n|t:|1776207860\n|teamsize|p1|4\n|teamsize|p2|4\n|start\n|switch|p1a: Garchomp|Garchomp, L50, M|100/100\n|switch|p1b: Aerodactyl|Aerodactyl, L50, M|100/100\n|switch|p2a: Scovillain|Scovillain, L50, M|100/100\n|switch|p2b: Sneasler|Sneasler, L50, M|100/100\n|-ability|p1b: Aerodactyl|Unnerve\n|turn|1\n|j| Tindall64\n|inactive|leoscerni has 30 seconds left.\n|\n|t:|1776207892\n|switch|p2b: Incineroar|Incineroar, L50, M|100/100\n|-ability|p2b: Incineroar|Intimidate|boost\n|-unboost|p1a: Garchomp|atk|1\n|-unboost|p1b: Aerodactyl|atk|1\n|detailschange|p2a: Scovillain|Scovillain-Mega, L50, M\n|-mega|p2a: Scovillain|Scovillain|Scovillainite\n|move|p2a: Scovillain|Rage Powder|p2a: Scovillain\n|-singleturn|p2a: Scovillain|move: Rage Powder\n|move|p1b: Aerodactyl|Tailwind|p1b: Aerodactyl\n|-sidestart|p1: SleepySilver07|move: Tailwind\n|move|p1a: Garchomp|Earthquake|p2b: Incineroar|[spread] p2a,p2b\n|-immune|p1b: Aerodactyl\n|-supereffective|p2b: Incineroar|1\n|-damage|p2a: Scovillain|74/100\n|-damage|p2b: Incineroar|58/100\n|-status|p1a: Garchomp|brn|[from] ability: Spicy Spray|[of] p2a: Scovillain\n|\n|-damage|p1a: Garchomp|94/100 brn|[from] brn\n|upkeep\n|turn|2\n|\n|t:|1776207912\n|move|p2a: Scovillain|Rage Powder|p2a: Scovillain\n|-singleturn|p2a: Scovillain|move: Rage Powder\n|move|p1b: Aerodactyl|Rock Slide|p2a: Scovillain|[spread] p2a,p2b\n|-supereffective|p2a: Scovillain|1\n|-supereffective|p2b: Incineroar|1\n|-damage|p2a: Scovillain|35/100\n|-damage|p2b: Incineroar|30/100\n|-status|p1b: Aerodactyl|brn|[from] ability: Spicy Spray|[of] p2a: Scovillain\n|move|p1a: Garchomp|Earthquake|p2b: Incineroar|[spread] p2a,p2b\n|-immune|p1b: Aerodactyl\n|-supereffective|p2b: Incineroar|1\n|-damage|p2a: Scovillain|22/100\n|-damage|p2b: Incineroar|9/100\n|move|p2b: Incineroar|Parting Shot|p1b: Aerodactyl\n|-unboost|p1b: Aerodactyl|atk|1\n|-unboost|p1b: Aerodactyl|spa|1\n|\n|t:|1776207933\n|switch|p2b: Sneasler|Sneasler, L50, M|100/100|[from] Parting Shot\n|\n|-damage|p1b: Aerodactyl|95/100 brn|[from] brn\n|-damage|p1a: Garchomp|88/100 brn|[from] brn\n|upkeep\n|turn|3\n|\n|t:|1776207939\n|move|p2b: Sneasler|Fake Out|p1a: Garchomp\n|-damage|p1a: Garchomp|75/100 brn\n|move|p1b: Aerodactyl|Dual Wingbeat|p2b: Sneasler\n|-supereffective|p2b: Sneasler|1\n|-damage|p2b: Sneasler|85/100\n|-supereffective|p2b: Sneasler|1\n|-damage|p2b: Sneasler|68/100\n|-hitcount|p2b: Sneasler|2\n|cant|p1a: Garchomp|flinch\n|move|p2a: Scovillain|Spicy Extract|p2b: Sneasler\n|-boost|p2b: Sneasler|atk|2\n|-unboost|p2b: Sneasler|def|2\n|-enditem|p2b: Sneasler|White Herb\n|-clearnegativeboost|p2b: Sneasler|[silent]\n|\n|-damage|p1b: Aerodactyl|89/100 brn|[from] brn\n|-damage|p1a: Garchomp|69/100 brn|[from] brn\n|upkeep\n|turn|4\n|inactive|leoscerni has 30 seconds left.\n|\n|t:|1776207972\n|switch|p2a: Incineroar|Incineroar, L50, M|9/100\n|-ability|p2a: Incineroar|Intimidate|boost\n|-unboost|p1a: Garchomp|atk|1\n|-unboost|p1b: Aerodactyl|atk|1\n|move|p1b: Aerodactyl|Rock Slide|p2a: Incineroar|[spread] p2a,p2b\n|-supereffective|p2a: Incineroar|1\n|-resisted|p2b: Sneasler|1\n|-damage|p2a: Incineroar|0 fnt\n|-damage|p2b: Sneasler|64/100\n|faint|p2a: Incineroar\n|move|p2b: Sneasler|Close Combat|p1a: Garchomp\n|-damage|p1a: Garchomp|0 fnt\n|-unboost|p2b: Sneasler|def|1\n|-unboost|p2b: Sneasler|spd|1\n|faint|p1a: Garchomp\n|\n|-damage|p1b: Aerodactyl|83/100 brn|[from] brn\n|-sideend|p1: SleepySilver07|move: Tailwind\n|upkeep\n|\n|t:|1776207987\n|switch|p1a: Meganium|Meganium, L50, F|100/100\n|switch|p2a: Scovillain|Scovillain-Mega, L50, M|22/100\n|turn|5\n|\n|t:|1776208003\n|detailschange|p1a: Meganium|Meganium-Mega, L50, F\n|-mega|p1a: Meganium|Meganium|Meganiumite\n|move|p1a: Meganium|Protect|p1a: Meganium\n|-singleturn|p1a: Meganium|Protect\n|move|p2a: Scovillain|Rage Powder|p2a: Scovillain\n|-singleturn|p2a: Scovillain|move: Rage Powder\n|move|p2b: Sneasler|Close Combat|p1b: Aerodactyl\n|-damage|p1b: Aerodactyl|0 fnt\n|-unboost|p2b: Sneasler|def|1\n|-unboost|p2b: Sneasler|spd|1\n|faint|p1b: Aerodactyl\n|\n|upkeep\n|\n|t:|1776208010\n|switch|p1b: Corviknight|Corviknight, L50, F|100/100\n|turn|6\n|\n|t:|1776208022\n|move|p2a: Scovillain|Rage Powder|p2a: Scovillain\n|-singleturn|p2a: Scovillain|move: Rage Powder\n|move|p2b: Sneasler|Dire Claw|p1a: Meganium\n|-supereffective|p1a: Meganium|2\n|-damage|p1a: Meganium|0 fnt\n|faint|p1a: Meganium\n|move|p1b: Corviknight|Iron Defense|p1b: Corviknight\n|-boost|p1b: Corviknight|def|2\n|\n|upkeep\n|turn|7\n|\n|t:|1776208041\n|move|p2b: Sneasler|Close Combat|p1b: Corviknight\n|-damage|p1b: Corviknight|55/100\n|-unboost|p2b: Sneasler|def|1\n|-unboost|p2b: Sneasler|spd|1\n|move|p2a: Scovillain|Spicy Extract|p2b: Sneasler\n|-boost|p2b: Sneasler|atk|2\n|-unboost|p2b: Sneasler|def|2\n|move|p1b: Corviknight|Roost|p1b: Corviknight\n|-heal|p1b: Corviknight|100/100\n|-singleturn|p1b: Corviknight|move: Roost\n|\n|upkeep\n|turn|8\n|\n|t:|1776208062\n|move|p2a: Scovillain|Rage Powder|p2a: Scovillain\n|-singleturn|p2a: Scovillain|move: Rage Powder\n|move|p2b: Sneasler|Close Combat|p1b: Corviknight\n|-damage|p1b: Corviknight|24/100\n|-unboost|p2b: Sneasler|def|1\n|-unboost|p2b: Sneasler|spd|1\n|move|p1b: Corviknight|Iron Defense|p1b: Corviknight\n|-boost|p1b: Corviknight|def|2\n|\n|-heal|p1b: Corviknight|30/100|[from] item: Leftovers\n|upkeep\n|turn|9\n|\n|t:|1776208076\n|move|p2b: Sneasler|Close Combat|p1b: Corviknight\n|-damage|p1b: Corviknight|0 fnt\n|-unboost|p2b: Sneasler|spd|1\n|faint|p1b: Corviknight\n|\n|win|leoscerni\n|raw|SleepySilver07's rating: 1305 &rarr; <strong>1288</strong><br />(-17 for losing)\n|raw|leoscerni's rating: 1353 &rarr; <strong>1370</strong><br />(+17 for winning)\n|l|\u2606SleepySilver07\n|player|p1|\n|l| Tindall64\n",
  "uploadtime": 1776208083,
  "views": 22,
  "formatid": "gen9championsvgc2026regma",
  "rating": 1288,
  "private": 0,
  "password": null
}