{
  "id": "gen9championsvgc2026regma-2581923909",
  "format": "[Gen 9 Champions] VGC 2026 Reg M-A",
  "players": [
    "DragonairJordan23",
    "phaely"
  ],
  "log": "|j|\u2606DragonairJordan23\n|j|\u203dphaely\n|t:|1776040163\n|gametype|doubles\n|player|p1|DragonairJordan23|dancer|1103\n|player|p2|phaely|1|1028\n|gen|9\n|tier|[Gen 9 Champions] VGC 2026 Reg M-A\n|rated|\n|rule|Species Clause: Limit one of each Pok\u00e9mon\n|rule|Item Clause: Limit 1 of each item\n|clearpoke\n|poke|p1|Glimmora, L50, M|\n|poke|p1|Blastoise, L50, F|\n|poke|p1|Talonflame, L50, F|\n|poke|p1|Sinistcha, L50|\n|poke|p2|Froslass, L50, F|\n|poke|p2|Incineroar, L50, F|\n|poke|p2|Sneasler, L50, M|\n|poke|p2|Hydreigon, L50, F|\n|poke|p2|Whimsicott, L50, M|\n|poke|p2|Sinistcha, L50|\n|teampreview|4\n|\n|t:|1776040199\n|teamsize|p1|4\n|teamsize|p2|4\n|start\n|switch|p1a: Talonflame|Talonflame, L50, F|100/100\n|switch|p1b: Blastoise|Blastoise, L50, F|100/100\n|switch|p2a: Sinistcha|Sinistcha, L50|100/100\n|switch|p2b: Froslass|Froslass, L50, F|100/100\n|turn|1\n|\n|t:|1776040215\n|detailschange|p2b: Froslass|Froslass-Mega, L50, F\n|-mega|p2b: Froslass|Froslass|Froslassite\n|-weather|Snowscape|[from] ability: Snow Warning|[of] p2b: Froslass\n|detailschange|p1b: Blastoise|Blastoise-Mega, L50, F\n|-mega|p1b: Blastoise|Blastoise|Blastoisinite\n|move|p2a: Sinistcha|Rage Powder|p2a: Sinistcha\n|-singleturn|p2a: Sinistcha|move: Rage Powder\n|move|p1a: Talonflame|Dual Wingbeat|p2a: Sinistcha|[miss]\n|-miss|p1a: Talonflame|p2a: Sinistcha\n|move|p2b: Froslass|Aurora Veil|p2b: Froslass\n|-sidestart|p2: phaely|move: Aurora Veil\n|move|p1b: Blastoise|Water Spout|p2a: Sinistcha|[spread] p2a,p2b\n|-resisted|p2a: Sinistcha|1\n|-damage|p2a: Sinistcha|81/100\n|-damage|p2b: Froslass|47/100\n|\n|-weather|Snowscape|[upkeep]\n|-heal|p2a: Sinistcha|87/100|[from] item: Leftovers\n|upkeep\n|turn|2\n|\n|t:|1776040235\n|move|p1a: Talonflame|Tailwind|p1a: Talonflame\n|-sidestart|p1: DragonairJordan23|move: Tailwind\n|move|p1b: Blastoise|Water Spout|p2b: Froslass|[spread] p2a,p2b\n|-resisted|p2a: Sinistcha|1\n|-damage|p2a: Sinistcha|67/100\n|-damage|p2b: Froslass|0 fnt\n|faint|p2b: Froslass\n|move|p2a: Sinistcha|Matcha Gotcha|p1b: Blastoise|[spread] p1a,p1b\n|-resisted|p1a: Talonflame|2\n|-supereffective|p1b: Blastoise|1\n|-damage|p1a: Talonflame|92/100\n|-heal|p2a: Sinistcha|71/100|[from] drain|[of] p1a: Talonflame\n|-damage|p1b: Blastoise|54/100\n|-heal|p2a: Sinistcha|92/100|[from] drain|[of] p1b: Blastoise\n|\n|-weather|Snowscape|[upkeep]\n|-heal|p2a: Sinistcha|98/100|[from] item: Leftovers\n|upkeep\n|\n|t:|1776040250\n|switch|p2b: Hydreigon|Hydreigon, L50, F|100/100\n|turn|3\n|\n|t:|1776040259\n|move|p2a: Sinistcha|Rage Powder|p2a: Sinistcha\n|-singleturn|p2a: Sinistcha|move: Rage Powder\n|move|p1a: Talonflame|Dual Wingbeat|p2a: Sinistcha\n|-supereffective|p2a: Sinistcha|1\n|-damage|p2a: Sinistcha|79/100\n|-supereffective|p2a: Sinistcha|1\n|-damage|p2a: Sinistcha|61/100\n|-hitcount|p2a: Sinistcha|2\n|move|p1b: Blastoise|Ice Beam|p2a: Sinistcha\n|-supereffective|p2a: Sinistcha|1\n|-damage|p2a: Sinistcha|17/100\n|move|p2b: Hydreigon|Tailwind|p2b: Hydreigon\n|-sidestart|p2: phaely|move: Tailwind\n|\n|-weather|Snowscape|[upkeep]\n|-heal|p2a: Sinistcha|23/100|[from] item: Leftovers\n|upkeep\n|turn|4\n|\n|t:|1776040294\n|move|p2a: Sinistcha|Rage Powder|p2a: Sinistcha\n|-singleturn|p2a: Sinistcha|move: Rage Powder\n|move|p1a: Talonflame|Rain Dance|p1a: Talonflame\n|-weather|RainDance\n|move|p2b: Hydreigon|Draco Meteor|p1b: Blastoise\n|-damage|p1b: Blastoise|0 fnt\n|-unboost|p2b: Hydreigon|spa|2\n|faint|p1b: Blastoise\n|\n|-weather|RainDance|[upkeep]\n|-heal|p2a: Sinistcha|29/100|[from] item: Leftovers\n|upkeep\n|\n|t:|1776040307\n|switch|p1b: Glimmora|Glimmora, L50, M|100/100\n|turn|5\n|\n|t:|1776040319\n|move|p1a: Talonflame|Protect|p1a: Talonflame\n|-singleturn|p1a: Talonflame|Protect\n|move|p2b: Hydreigon|Draco Meteor|p1a: Talonflame\n|-activate|p1a: Talonflame|move: Protect\n|move|p1b: Glimmora|Mortal Spin|p2b: Hydreigon|[spread] p2a,p2b\n|-damage|p2a: Sinistcha|26/100\n|-damage|p2b: Hydreigon|98/100\n|-status|p2a: Sinistcha|psn\n|-status|p2b: Hydreigon|psn\n|move|p2a: Sinistcha|Matcha Gotcha|p1a: Talonflame|[spread] p1b\n|-activate|p1a: Talonflame|move: Protect\n|-damage|p1b: Glimmora|72/100\n|-heal|p2a: Sinistcha|42/100 psn|[from] drain|[of] p1b: Glimmora\n|\n|-weather|RainDance|[upkeep]\n|-heal|p2a: Sinistcha|48/100 psn|[from] item: Leftovers\n|-damage|p2b: Hydreigon|86/100 psn|[from] psn\n|-damage|p2a: Sinistcha|35/100 psn|[from] psn\n|-sideend|p1: DragonairJordan23|move: Tailwind\n|-sideend|p2: phaely|move: Aurora Veil\n|upkeep\n|turn|6\n|\n|t:|1776040345\n|switch|p1b: Sinistcha|Sinistcha, L50|100/100\n|-heal|p1a: Talonflame|100/100|[from] ability: Hospitality|[of] p1b: Sinistcha\n|move|p1a: Talonflame|Tailwind|p1a: Talonflame\n|-sidestart|p1: DragonairJordan23|move: Tailwind\n|move|p2b: Hydreigon|Draco Meteor|p1a: Talonflame\n|-damage|p1a: Talonflame|44/100\n|-unboost|p2b: Hydreigon|spa|2\n|move|p2a: Sinistcha|Matcha Gotcha|p1a: Talonflame|[spread] p1a,p1b\n|-resisted|p1a: Talonflame|2\n|-crit|p1a: Talonflame\n|-resisted|p1b: Sinistcha|1\n|-damage|p1a: Talonflame|30/100\n|-heal|p2a: Sinistcha|42/100 psn|[from] drain|[of] p1a: Talonflame\n|-damage|p1b: Sinistcha|90/100\n|-heal|p2a: Sinistcha|47/100 psn|[from] drain|[of] p1b: Sinistcha\n|\n|-weather|RainDance|[upkeep]\n|-heal|p2a: Sinistcha|53/100 psn|[from] item: Leftovers\n|-damage|p2b: Hydreigon|74/100 psn|[from] psn\n|-damage|p2a: Sinistcha|41/100 psn|[from] psn\n|-sideend|p2: phaely|move: Tailwind\n|upkeep\n|turn|7\n|\n|t:|1776040376\n|switch|p2b: Incineroar|Incineroar, L50, F|100/100\n|-ability|p2b: Incineroar|Intimidate|boost\n|-unboost|p1a: Talonflame|atk|1\n|-unboost|p1b: Sinistcha|atk|1\n|move|p1a: Talonflame|Dual Wingbeat|p2b: Incineroar\n|-damage|p2b: Incineroar|91/100\n|-crit|p2b: Incineroar\n|-damage|p2b: Incineroar|71/100\n|-hitcount|p2b: Incineroar|2\n|move|p1b: Sinistcha|Life Dew|p1b: Sinistcha|[spread] p1a,p1b\n|-heal|p1a: Talonflame|56/100\n|-heal|p1b: Sinistcha|100/100\n|move|p2a: Sinistcha|Matcha Gotcha|p1b: Sinistcha|[spread] p1a,p1b\n|-resisted|p1a: Talonflame|2\n|-resisted|p1b: Sinistcha|1\n|-damage|p1a: Talonflame|47/100\n|-heal|p2a: Sinistcha|45/100 psn|[from] drain|[of] p1a: Talonflame\n|-damage|p1b: Sinistcha|89/100\n|-heal|p2a: Sinistcha|51/100 psn|[from] drain|[of] p1b: Sinistcha\n|\n|-weather|RainDance|[upkeep]\n|-heal|p2a: Sinistcha|57/100 psn|[from] item: Leftovers\n|-damage|p2a: Sinistcha|45/100 psn|[from] psn\n|upkeep\n|turn|8\n|\n|t:|1776040405\n|switch|p1a: Glimmora|Glimmora, L50, M|72/100\n|move|p2b: Incineroar|Fake Out|p1a: Glimmora\n|-resisted|p1a: Glimmora|1\n|-damage|p1a: Glimmora|68/100\n|-activate|p1a: Glimmora|ability: Toxic Debris\n|-sidestart|p2: phaely|move: Toxic Spikes\n|move|p2a: Sinistcha|Rage Powder|p2a: Sinistcha\n|-singleturn|p2a: Sinistcha|move: Rage Powder\n|move|p1b: Sinistcha|Life Dew|p1b: Sinistcha|[spread] p1a,p1b\n|-heal|p1a: Glimmora|93/100\n|-heal|p1b: Sinistcha|100/100\n|\n|-weather|none\n|-heal|p2a: Sinistcha|51/100 psn|[from] item: Leftovers\n|-damage|p2a: Sinistcha|39/100 psn|[from] psn\n|upkeep\n|turn|9\n|\n|t:|1776040433\n|move|p1a: Glimmora|Mortal Spin|p2a: Sinistcha|[spread] p2a,p2b\n|-damage|p2a: Sinistcha|35/100 psn\n|-damage|p2b: Incineroar|67/100\n|-status|p2b: Incineroar|psn\n|move|p1b: Sinistcha|Life Dew||[still]|[spread] p1a,p1b\n|-heal|p1a: Glimmora|100/100\n|-fail|p1b: Sinistcha|heal\n|move|p2a: Sinistcha|Matcha Gotcha|p1b: Sinistcha|[spread] p1a,p1b\n|-resisted|p1b: Sinistcha|1\n|-damage|p1a: Glimmora|75/100\n|-heal|p2a: Sinistcha|48/100 psn|[from] drain|[of] p1a: Glimmora\n|-damage|p1b: Sinistcha|90/100\n|-heal|p2a: Sinistcha|54/100 psn|[from] drain|[of] p1b: Sinistcha\n|-status|p1a: Glimmora|brn\n|-status|p1b: Sinistcha|brn\n|move|p2b: Incineroar|Darkest Lariat|p1b: Sinistcha\n|-supereffective|p1b: Sinistcha|1\n|-damage|p1b: Sinistcha|36/100 brn\n|-enditem|p1b: Sinistcha|Sitrus Berry|[eat]\n|-heal|p1b: Sinistcha|61/100 brn|[from] item: Sitrus Berry\n|\n|-heal|p2a: Sinistcha|60/100 psn|[from] item: Leftovers\n|-damage|p2a: Sinistcha|48/100 psn|[from] psn\n|-damage|p2b: Incineroar|54/100 psn|[from] psn\n|-damage|p1a: Glimmora|69/100 brn|[from] brn\n|-damage|p1b: Sinistcha|54/100 brn|[from] brn\n|-sideend|p1: DragonairJordan23|move: Tailwind\n|upkeep\n|turn|10\n|\n|t:|1776040470\n|move|p1a: Glimmora|Spiky Shield|p1a: Glimmora\n|-singleturn|p1a: Glimmora|move: Protect\n|move|p1b: Sinistcha|Protect|p1b: Sinistcha\n|-singleturn|p1b: Sinistcha|Protect\n|move|p2a: Sinistcha|Rage Powder|p2a: Sinistcha\n|-singleturn|p2a: Sinistcha|move: Rage Powder\n|move|p2b: Incineroar|Darkest Lariat|p1b: Sinistcha\n|-activate|p1b: Sinistcha|move: Protect\n|\n|-heal|p2a: Sinistcha|54/100 psn|[from] item: Leftovers\n|-damage|p2a: Sinistcha|42/100 psn|[from] psn\n|-damage|p2b: Incineroar|42/100 psn|[from] psn\n|-damage|p1a: Glimmora|63/100 brn|[from] brn\n|-damage|p1b: Sinistcha|48/100 brn|[from] brn\n|upkeep\n|-enditem|p2b: Incineroar|Sitrus Berry|[eat]\n|-heal|p2b: Incineroar|67/100 psn|[from] item: Sitrus Berry\n|turn|11\n|\n|t:|1776040492\n|move|p1a: Glimmora|Venoshock|p2b: Incineroar\n|-damage|p2b: Incineroar|25/100 psn\n|move|p2a: Sinistcha|Matcha Gotcha|p1b: Sinistcha|[spread] p1a,p1b\n|-resisted|p1b: Sinistcha|1\n|-damage|p1a: Glimmora|33/100 brn\n|-heal|p2a: Sinistcha|58/100 psn|[from] drain|[of] p1a: Glimmora\n|-damage|p1b: Sinistcha|38/100 brn\n|-heal|p2a: Sinistcha|63/100 psn|[from] drain|[of] p1b: Sinistcha\n|move|p1b: Sinistcha|Life Dew|p1b: Sinistcha|[spread] p1a,p1b\n|-heal|p1a: Glimmora|58/100 brn\n|-heal|p1b: Sinistcha|63/100 brn\n|move|p2b: Incineroar|Darkest Lariat|p1b: Sinistcha\n|-supereffective|p1b: Sinistcha|1\n|-damage|p1b: Sinistcha|4/100 brn\n|\n|-heal|p2a: Sinistcha|70/100 psn|[from] item: Leftovers\n|-damage|p2a: Sinistcha|57/100 psn|[from] psn\n|-damage|p2b: Incineroar|12/100 psn|[from] psn\n|-damage|p1a: Glimmora|52/100 brn|[from] brn\n|-damage|p1b: Sinistcha|0 fnt|[from] brn\n|faint|p1b: Sinistcha\n|upkeep\n|\n|t:|1776040513\n|switch|p1b: Talonflame|Talonflame, L50, F|47/100\n|turn|12\n|\n|t:|1776040521\n|move|p2a: Sinistcha|Rage Powder|p2a: Sinistcha\n|-singleturn|p2a: Sinistcha|move: Rage Powder\n|move|p1b: Talonflame|Tailwind|p1b: Talonflame\n|-sidestart|p1: DragonairJordan23|move: Tailwind\n|move|p1a: Glimmora|Venoshock|p2a: Sinistcha\n|-damage|p2a: Sinistcha|5/100 psn\n|move|p2b: Incineroar|Darkest Lariat|p1b: Talonflame\n|-damage|p1b: Talonflame|0 fnt\n|faint|p1b: Talonflame\n|\n|-heal|p2a: Sinistcha|11/100 psn|[from] item: Leftovers\n|-damage|p2a: Sinistcha|0 fnt|[from] psn\n|faint|p2a: Sinistcha\n|-damage|p2b: Incineroar|0 fnt|[from] psn\n|faint|p2b: Incineroar\n|-damage|p1a: Glimmora|46/100 brn|[from] brn\n|upkeep\n|\n|t:|1776040540\n|switch|p2b: Hydreigon|Hydreigon, L50, F|74/100 psn\n|turn|13\n|\n|t:|1776040545\n|move|p1a: Glimmora|Venoshock|p2b: Hydreigon\n|-damage|p2b: Hydreigon|14/100 psn\n|move|p2b: Hydreigon|Tailwind|p2b: Hydreigon\n|-sidestart|p2: phaely|move: Tailwind\n|\n|-damage|p2b: Hydreigon|2/100 psn|[from] psn\n|-damage|p1a: Glimmora|40/100 brn|[from] brn\n|upkeep\n|turn|14\n|\n|t:|1776040556\n|move|p1a: Glimmora|Spiky Shield|p1a: Glimmora\n|-singleturn|p1a: Glimmora|move: Protect\n|move|p2b: Hydreigon|Dark Pulse|p1a: Glimmora\n|-activate|p1a: Glimmora|move: Protect\n|\n|-damage|p2b: Hydreigon|0 fnt|[from] psn\n|faint|p2b: Hydreigon\n|\n|win|DragonairJordan23\n|raw|DragonairJordan23's rating: 1103 &rarr; <strong>1123</strong><br />(+20 for winning)\n|raw|phaely's rating: 1028 &rarr; <strong>1017</strong><br />(-11 for losing)\n",
  "uploadtime": 1776040556,
  "views": 17,
  "formatid": "gen9championsvgc2026regma",
  "rating": 1017,
  "private": 0,
  "password": null
}