{
  "id": "gen9championsvgc2026regma-2584303438",
  "format": "[Gen 9 Champions] VGC 2026 Reg M-A",
  "players": [
    "ZGreninja1",
    "paperization"
  ],
  "log": "|j|\u2606ZGreninja1\n|j|\u2606paperization\n|t:|1776249123\n|gametype|doubles\n|player|p1|ZGreninja1|1|1000\n|player|p2|paperization|iono-masters|1070\n|gen|9\n|tier|[Gen 9 Champions] VGC 2026 Reg M-A\n|rated|\n|rule|Species Clause: Limit one of each Pok\u00e9mon\n|rule|Item Clause: Limit 1 of each item\n|clearpoke\n|poke|p1|Venusaur, L50, M|\n|poke|p1|Charizard, L50, M|\n|poke|p1|Politoed, L50, M|\n|poke|p1|Ninetales-Alola, L50, M|\n|poke|p1|Tyranitar, L50, M|\n|poke|p1|Klefki, L50, M|\n|poke|p2|Blastoise, L50, F|\n|poke|p2|Incineroar, L50, F|\n|poke|p2|Pelipper, L50, M|\n|poke|p2|Sinistcha, L50|\n|poke|p2|Sneasler, L50, M|\n|poke|p2|Archaludon, L50, M|\n|teampreview|4\n|inactive|Battle timer is ON: inactive players will automatically lose when time's up. (requested by paperization)\n|inactive|ZGreninja1 has 60 seconds left.\n|\n|t:|1776249163\n|teamsize|p1|4\n|teamsize|p2|4\n|start\n|switch|p1a: Charizard|Charizard, L50, M|100/100\n|switch|p1b: Klefki|Klefki, L50, M|100/100\n|switch|p2a: very fast wifi|Sneasler, L50, M|100/100\n|switch|p2b: intimidate?|Incineroar, L50, F|100/100\n|-ability|p2b: intimidate?|Intimidate|boost\n|-unboost|p1a: Charizard|atk|1\n|-unboost|p1b: Klefki|atk|1\n|turn|1\n|\n|t:|1776249181\n|detailschange|p1a: Charizard|Charizard-Mega-Y, L50, M\n|-mega|p1a: Charizard|Charizard|Charizardite Y\n|-weather|SunnyDay|[from] ability: Drought|[of] p1a: Charizard\n|move|p1a: Charizard|Protect|p1a: Charizard\n|-singleturn|p1a: Charizard|Protect\n|move|p2b: intimidate?|Fake Out|p1a: Charizard\n|-activate|p1a: Charizard|move: Protect\n|move|p2a: very fast wifi|Close Combat|p1b: Klefki\n|-damage|p1b: Klefki|30/100\n|-unboost|p2a: very fast wifi|def|1\n|-unboost|p2a: very fast wifi|spd|1\n|-enditem|p1b: Klefki|Sitrus Berry|[eat]\n|-heal|p1b: Klefki|55/100|[from] item: Sitrus Berry\n|-enditem|p2a: very fast wifi|White Herb\n|-clearnegativeboost|p2a: very fast wifi|[silent]\n|move|p1b: Klefki|Dazzling Gleam|p2a: very fast wifi|[spread] p2a,p2b\n|-damage|p2a: very fast wifi|78/100\n|-damage|p2b: intimidate?|81/100\n|\n|-weather|SunnyDay|[upkeep]\n|upkeep\n|turn|2\n|\n|t:|1776249204\n|move|p1b: Klefki|Rain Dance|p1b: Klefki\n|-weather|RainDance\n|move|p2a: very fast wifi|Dire Claw|p1a: Charizard\n|-damage|p1a: Charizard|33/100\n|-status|p1a: Charizard|psn\n|move|p1a: Charizard|Hurricane|p2a: very fast wifi\n|-supereffective|p2a: very fast wifi|1\n|-crit|p2a: very fast wifi\n|-damage|p2a: very fast wifi|0 fnt\n|faint|p2a: very fast wifi\n|move|p2b: intimidate?|Flare Blitz|p1b: Klefki\n|-supereffective|p1b: Klefki|1\n|-damage|p1b: Klefki|8/100\n|-damage|p2b: intimidate?|68/100|[from] Recoil\n|\n|-weather|RainDance|[upkeep]\n|-damage|p1a: Charizard|21/100 psn|[from] psn\n|upkeep\n|\n|t:|1776249215\n|switch|p2a: bridge|Archaludon, L50, M|100/100\n|turn|3\n|inactive|paperization has 30 seconds left.\n|inactive|paperization has 20 seconds left.\n|\n|t:|1776249251\n|move|p2a: bridge|Protect|p2a: bridge\n|-singleturn|p2a: bridge|Protect\n|move|p1a: Charizard|Weather Ball|p2b: intimidate?\n|-supereffective|p2b: intimidate?|1\n|-damage|p2b: intimidate?|0 fnt\n|faint|p2b: intimidate?\n|move|p1b: Klefki|Dazzling Gleam|p2a: bridge\n|-activate|p2a: bridge|move: Protect\n|\n|-weather|RainDance|[upkeep]\n|-damage|p1a: Charizard|8/100 psn|[from] psn\n|upkeep\n|\n|t:|1776249261\n|switch|p2b: tera ghost|Pelipper, L50, M|100/100\n|turn|4\n|inactive|ZGreninja1 has 30 seconds left.\n|\n|t:|1776249293\n|move|p1b: Klefki|Sunny Day|p1b: Klefki\n|-weather|SunnyDay\n|move|p1a: Charizard|Weather Ball|p2a: bridge\n|-damage|p2a: bridge|0 fnt\n|faint|p2a: bridge\n|move|p2b: tera ghost|Weather Ball|p1b: Klefki\n|-supereffective|p1b: Klefki|1\n|-damage|p1b: Klefki|0 fnt\n|faint|p1b: Klefki\n|\n|-weather|SunnyDay|[upkeep]\n|-damage|p1a: Charizard|0 fnt|[from] psn\n|faint|p1a: Charizard\n|upkeep\n|\n|t:|1776249307\n|switch|p1a: Tyranitar|Tyranitar, L50, M|100/100\n|switch|p1b: Venusaur|Venusaur, L50, M|100/100\n|-weather|Sandstorm|[from] ability: Sand Stream|[of] p1a: Tyranitar\n|turn|5\n|\n|t:|1776249319\n|move|p1b: Venusaur|Weather Ball|p2b: tera ghost\n|-supereffective|p2b: tera ghost|1\n|-damage|p2b: tera ghost|17/100\n|move|p1a: Tyranitar|Rock Slide|p2b: tera ghost\n|-supereffective|p2b: tera ghost|1\n|-crit|p2b: tera ghost\n|-damage|p2b: tera ghost|0 fnt\n|faint|p2b: tera ghost\n|\n|win|ZGreninja1\n|raw|ZGreninja1's rating: 1000 &rarr; <strong>1048</strong><br />(+48 for winning)\n|raw|paperization's rating: 1070 &rarr; <strong>1045</strong><br />(-25 for losing)\n|l|\u2606paperization\n|player|p2|\n",
  "uploadtime": 1776249336,
  "views": 23,
  "formatid": "gen9championsvgc2026regma",
  "rating": 1045,
  "private": 0,
  "password": null
}