{
  "id": "gen9championsvgc2026regma-2584422547",
  "format": "[Gen 9 Champions] VGC 2026 Reg M-A",
  "players": [
    "Luisi11o",
    "szadek"
  ],
  "log": "|j|\u2606Luisi11o\n|j|\u2606szadek\n|t:|1776259769\n|gametype|doubles\n|player|p1|Luisi11o|cynthia|1098\n|player|p2|szadek|veteran|1143\n|gen|9\n|tier|[Gen 9 Champions] VGC 2026 Reg M-A\n|rated|\n|rule|Species Clause: Limit one of each Pok\u00e9mon\n|rule|Item Clause: Limit 1 of each item\n|clearpoke\n|poke|p1|Aegislash, L50, M|\n|poke|p1|Kingambit, L50, F|\n|poke|p1|Tyranitar, L50, F|\n|poke|p1|Aerodactyl, L50, M|\n|poke|p1|Archaludon, L50, F|\n|poke|p1|Pelipper, L50, F|\n|poke|p2|Floette-Eternal, L50, F|\n|poke|p2|Mamoswine, L50, M|\n|poke|p2|Araquanid, L50, F|\n|poke|p2|Sneasler, L50, F|\n|poke|p2|Rotom-Heat, L50|\n|poke|p2|Whimsicott, L50, F|\n|teampreview|4\n|\n|t:|1776259800\n|teamsize|p1|4\n|teamsize|p2|4\n|start\n|switch|p1a: Aegislash|Aegislash, L50, M, shiny|100/100\n|switch|p1b: Aerodactyl|Aerodactyl, L50, M|100/100\n|switch|p2a: Sneasler|Sneasler, L50, F|100/100\n|switch|p2b: Whimsicott|Whimsicott, L50, F|100/100\n|turn|1\n|\n|t:|1776259820\n|detailschange|p1b: Aerodactyl|Aerodactyl-Mega, L50, M\n|-mega|p1b: Aerodactyl|Aerodactyl|Aerodactylite\n|move|p2a: Sneasler|Fake Out|p1b: Aerodactyl\n|-resisted|p1b: Aerodactyl|1\n|-damage|p1b: Aerodactyl|91/100\n|cant|p1b: Aerodactyl|flinch\n|move|p2b: Whimsicott|Moonblast|p1b: Aerodactyl\n|-damage|p1b: Aerodactyl|59/100\n|move|p1a: Aegislash|Iron Defense|p1a: Aegislash\n|-boost|p1a: Aegislash|def|2\n|\n|upkeep\n|turn|2\n|\n|t:|1776259845\n|move|p1b: Aerodactyl|Protect|p1b: Aerodactyl\n|-singleturn|p1b: Aerodactyl|Protect\n|move|p2b: Whimsicott|Tailwind|p2b: Whimsicott\n|-sidestart|p2: szadek|move: Tailwind\n|move|p2a: Sneasler|Close Combat|p1b: Aerodactyl\n|-activate|p1b: Aerodactyl|move: Protect\n|move|p1a: Aegislash|Iron Defense|p1a: Aegislash\n|-boost|p1a: Aegislash|def|2\n|\n|upkeep\n|turn|3\n|\n|t:|1776259860\n|switch|p1b: Pelipper|Pelipper, L50, F|100/100\n|-weather|RainDance|[from] ability: Drizzle|[of] p1b: Pelipper\n|move|p2b: Whimsicott|Encore|p1a: Aegislash\n|-start|p1a: Aegislash|Encore\n|move|p2a: Sneasler|Close Combat|p1b: Pelipper\n|-resisted|p1b: Pelipper|1\n|-damage|p1b: Pelipper|56/100\n|-unboost|p2a: Sneasler|def|1\n|-unboost|p2a: Sneasler|spd|1\n|-enditem|p2a: Sneasler|White Herb\n|-clearnegativeboost|p2a: Sneasler|[silent]\n|move|p1a: Aegislash|Iron Defense|p1a: Aegislash\n|-boost|p1a: Aegislash|def|2\n|\n|-weather|RainDance|[upkeep]\n|upkeep\n|turn|4\n|\n|t:|1776259882\n|move|p2a: Sneasler|Dire Claw|p1b: Pelipper\n|-damage|p1b: Pelipper|0 fnt\n|faint|p1b: Pelipper\n|move|p2b: Whimsicott|Moonblast|p1a: Aegislash\n|-resisted|p1a: Aegislash|1\n|-damage|p1a: Aegislash|90/100\n|move|p1a: Aegislash|Iron Defense|p1a: Aegislash\n|-boost|p1a: Aegislash|def|0\n|\n|-weather|RainDance|[upkeep]\n|upkeep\n|\n|t:|1776259892\n|switch|p1b: Archaludon|Archaludon, L50, F|100/100\n|turn|5\n|\n|t:|1776259899\n|move|p1b: Archaludon|Protect|p1b: Archaludon\n|-singleturn|p1b: Archaludon|Protect\n|move|p2a: Sneasler|Close Combat|p1b: Archaludon\n|-activate|p1b: Archaludon|move: Protect\n|move|p2b: Whimsicott|Moonblast|p1b: Archaludon\n|-activate|p1b: Archaludon|move: Protect\n|move|p1a: Aegislash|Iron Defense|p1a: Aegislash\n|-boost|p1a: Aegislash|def|0\n|\n|-weather|RainDance|[upkeep]\n|-end|p1a: Aegislash|Encore\n|-sideend|p2: szadek|move: Tailwind\n|upkeep\n|turn|6\n|\n|t:|1776259923\n|move|p2b: Whimsicott|Encore|p1a: Aegislash\n|-start|p1a: Aegislash|Encore\n|move|p2a: Sneasler|Close Combat|p1b: Archaludon\n|-supereffective|p1b: Archaludon|1\n|-damage|p1b: Archaludon|3/100\n|-unboost|p2a: Sneasler|def|1\n|-unboost|p2a: Sneasler|spd|1\n|-ability|p1b: Archaludon|Stamina|boost\n|-boost|p1b: Archaludon|def|1\n|move|p1b: Archaludon|Electro Shot||[still]\n|-prepare|p1b: Archaludon|Electro Shot\n|-boost|p1b: Archaludon|spa|1\n|-anim|p1b: Archaludon|Electro Shot|p2a: Sneasler\n|-damage|p2a: Sneasler|0 fnt\n|faint|p2a: Sneasler\n|move|p1a: Aegislash|Iron Defense|p1a: Aegislash\n|-boost|p1a: Aegislash|def|0\n|\n|-weather|RainDance|[upkeep]\n|-heal|p1b: Archaludon|9/100|[from] item: Leftovers\n|upkeep\n|\n|t:|1776259944\n|switch|p2a: Floette|Floette-Eternal, L50, F|100/100\n|turn|7\n|\n|t:|1776259956\n|detailschange|p2a: Floette|Floette-Mega, L50, F\n|-mega|p2a: Floette|Floette|Floettite\n|-ability|p2a: Floette|Fairy Aura\n|move|p1b: Archaludon|Protect|p1b: Archaludon\n|-singleturn|p1b: Archaludon|Protect\n|move|p2b: Whimsicott|Moonblast|p1a: Aegislash\n|-resisted|p1a: Aegislash|1\n|-damage|p1a: Aegislash|75/100\n|move|p2a: Floette|Dazzling Gleam|p1a: Aegislash|[spread] p1a\n|-activate|p1b: Archaludon|move: Protect\n|-resisted|p1a: Aegislash|1\n|-damage|p1a: Aegislash|54/100\n|move|p1a: Aegislash|Iron Defense|p1a: Aegislash\n|-boost|p1a: Aegislash|def|0\n|\n|-weather|none\n|-heal|p1b: Archaludon|15/100|[from] item: Leftovers\n|upkeep\n|turn|8\n|\n|t:|1776259983\n|move|p2b: Whimsicott|Tailwind|p2b: Whimsicott\n|-sidestart|p2: szadek|move: Tailwind\n|move|p2a: Floette|Dazzling Gleam|p1b: Archaludon|[spread] p1a,p1b\n|-resisted|p1a: Aegislash|1\n|-damage|p1a: Aegislash|33/100\n|-damage|p1b: Archaludon|0 fnt\n|faint|p1b: Archaludon\n|move|p1a: Aegislash|Iron Defense|p1a: Aegislash\n|-boost|p1a: Aegislash|def|0\n|\n|-end|p1a: Aegislash|Encore\n|upkeep\n|\n|t:|1776259992\n|switch|p1b: Aerodactyl|Aerodactyl-Mega, L50, M|59/100\n|turn|9\n|\n|t:|1776259999\n|move|p2b: Whimsicott|Encore|p1a: Aegislash\n|-start|p1a: Aegislash|Encore\n|move|p2a: Floette|Moonblast|p1b: Aerodactyl\n|-damage|p1b: Aerodactyl|0 fnt\n|faint|p1b: Aerodactyl\n|move|p1a: Aegislash|Iron Defense|p1a: Aegislash\n|-boost|p1a: Aegislash|def|0\n|\n|upkeep\n|turn|10\n|-message|Luisi11o forfeited.\n|\n|win|szadek\n|raw|Luisi11o's rating: 1098 &rarr; <strong>1076</strong><br />(-22 for losing)\n|raw|szadek's rating: 1143 &rarr; <strong>1165</strong><br />(+22 for winning)\n|l|\u2606Luisi11o\n|player|p1|\n",
  "uploadtime": 1776260013,
  "views": 17,
  "formatid": "gen9championsvgc2026regma",
  "rating": 1076,
  "private": 0,
  "password": null
}