{
  "id": "gen9championsvgc2026regma-2584086826",
  "format": "[Gen 9 Champions] VGC 2026 Reg M-A",
  "players": [
    "desrichards",
    "LoveyLizardLad"
  ],
  "log": "|j|\u2606desrichards\n|j|\u2606LoveyLizardLad\n|t:|1776223743\n|gametype|doubles\n|player|p1|desrichards|hilbert|1097\n|player|p2|LoveyLizardLad|red|1000\n|gen|9\n|tier|[Gen 9 Champions] VGC 2026 Reg M-A\n|rated|\n|rule|Species Clause: Limit one of each Pok\u00e9mon\n|rule|Item Clause: Limit 1 of each item\n|clearpoke\n|poke|p1|Politoed, L50, F|\n|poke|p1|Noivern, L50, F|\n|poke|p1|Basculegion, L50, M|\n|poke|p1|Glimmora, L50, F|\n|poke|p1|Meowstic, L50, M|\n|poke|p1|Altaria, L50, F|\n|poke|p2|Delphox, L50, M|\n|poke|p2|Basculegion, L50, M|\n|poke|p2|Clefable, L50, F|\n|poke|p2|Kingambit, L50, F|\n|poke|p2|Sneasler, L50, M|\n|poke|p2|Heliolisk, L50, M|\n|teampreview|4\n|\n|t:|1776223773\n|teamsize|p1|4\n|teamsize|p2|4\n|start\n|switch|p1a: Altaria|Altaria, L50, F, shiny|100/100\n|switch|p1b: Noivern|Noivern, L50, F, shiny|100/100\n|switch|p2a: Clefable|Clefable, L50, F|100/100\n|switch|p2b: Kingambit|Kingambit, L50, F|100/100\n|-ability|p1a: Altaria|Cloud Nine\n|turn|1\n|\n|t:|1776223784\n|detailschange|p1a: Altaria|Altaria-Mega, L50, F, shiny\n|-mega|p1a: Altaria|Altaria|Altarianite\n|move|p1b: Noivern|Tailwind|p1b: Noivern\n|-sidestart|p1: desrichards|move: Tailwind\n|move|p1a: Altaria|Giga Impact|p2b: Kingambit|[miss]\n|-miss|p1a: Altaria|p2b: Kingambit\n|move|p2a: Clefable|Moonblast|p1a: Altaria\n|-supereffective|p1a: Altaria|1\n|-damage|p1a: Altaria|24/100\n|move|p2b: Kingambit|Swords Dance|p2b: Kingambit\n|-boost|p2b: Kingambit|atk|2\n|\n|upkeep\n|turn|2\n|\n|t:|1776223804\n|move|p2b: Kingambit|Sucker Punch||[still]\n|-fail|p2b: Kingambit\n|move|p1b: Noivern|Hurricane|p2b: Kingambit\n|-resisted|p2b: Kingambit|1\n|-damage|p2b: Kingambit|73/100\n|move|p1a: Altaria|Cotton Guard|p1a: Altaria\n|-boost|p1a: Altaria|def|3\n|move|p2a: Clefable|Moonblast|p1b: Noivern\n|-supereffective|p1b: Noivern|1\n|-damage|p1b: Noivern|21/100\n|\n|upkeep\n|turn|3\n|\n|t:|1776223822\n|move|p2b: Kingambit|Protect|p2b: Kingambit\n|-singleturn|p2b: Kingambit|Protect\n|move|p1b: Noivern|Hurricane|p2a: Clefable\n|-damage|p2a: Clefable|49/100\n|-enditem|p2a: Clefable|Sitrus Berry|[eat]\n|-heal|p2a: Clefable|73/100|[from] item: Sitrus Berry\n|move|p1a: Altaria|Dragon Dance|p1a: Altaria\n|-boost|p1a: Altaria|atk|1\n|-boost|p1a: Altaria|spe|1\n|move|p2a: Clefable|Moonblast|p1a: Altaria\n|-supereffective|p1a: Altaria|1\n|-damage|p1a: Altaria|0 fnt\n|faint|p1a: Altaria\n|\n|upkeep\n|\n|t:|1776223840\n|switch|p1a: Politoed|Politoed, L50, F, shiny|100/100\n|-weather|RainDance|[from] ability: Drizzle|[of] p1a: Politoed\n|turn|4\n|\n|t:|1776223845\n|move|p2a: Clefable|Helping Hand|p2b: Kingambit\n|-singleturn|p2b: Kingambit|Helping Hand|[of] p2a: Clefable\n|move|p2b: Kingambit|Sucker Punch|p1a: Politoed\n|-damage|p1a: Politoed|0 fnt\n|faint|p1a: Politoed\n|move|p1b: Noivern|Hurricane|p2a: Clefable\n|-damage|p2a: Clefable|18/100\n|\n|-weather|RainDance|[upkeep]\n|-sideend|p1: desrichards|move: Tailwind\n|upkeep\n|inactive|Battle timer is ON: inactive players will automatically lose when time's up. (requested by LoveyLizardLad)\n|inactive|desrichards has 60 seconds left.\n|inactive|desrichards has 30 seconds left.\n|inactive|desrichards has 20 seconds left.\n|inactive|desrichards has 15 seconds left.\n|inactive|desrichards has 10 seconds left.\n|inactive|desrichards has 5 seconds left.\n|\n|t:|1776223962\n|switch|p1a: Basculegion|Basculegion, L50, M, shiny|100/100\n|turn|5\n|\n|t:|1776223971\n|move|p2a: Clefable|Follow Me|p2a: Clefable\n|-singleturn|p2a: Clefable|move: Follow Me\n|move|p2b: Kingambit|Sucker Punch|p1b: Noivern\n|-damage|p1b: Noivern|0 fnt\n|faint|p1b: Noivern\n|move|p1a: Basculegion|Last Respects|p2a: Clefable\n|-damage|p2a: Clefable|0 fnt\n|faint|p2a: Clefable\n|\n|-weather|RainDance|[upkeep]\n|upkeep\n|\n|t:|1776223975\n|switch|p2a: Heliolisk|Heliolisk, L50, M|100/100\n|turn|6\n|-message|desrichards forfeited.\n|\n|win|LoveyLizardLad\n|raw|desrichards's rating: 1097 &rarr; <strong>1066</strong><br />(-31 for losing)\n|raw|LoveyLizardLad's rating: 1000 &rarr; <strong>1051</strong><br />(+51 for winning)\n",
  "uploadtime": 1776223983,
  "views": 16,
  "formatid": "gen9championsvgc2026regma",
  "rating": 1051,
  "private": 0,
  "password": null
}