{
  "id": "gen9championsvgc2026regma-2588343416",
  "format": "[Gen 9 Champions] VGC 2026 Reg M-A",
  "players": [
    "Murphy's kitchen",
    "JustJakeyVGC"
  ],
  "log": "|j|\u2606Murphy's kitchen\n|j|\u2606JustJakeyVGC\n|t:|1776625721\n|gametype|doubles\n|player|p1|Murphy's kitchen|170|1546\n|player|p2|JustJakeyVGC|266|1605\n|gen|9\n|tier|[Gen 9 Champions] VGC 2026 Reg M-A\n|rated|\n|rule|Species Clause: Limit one of each Pok\u00e9mon\n|rule|Item Clause: Limit 1 of each item\n|clearpoke\n|poke|p1|Aerodactyl, L50, F|\n|poke|p1|Dragapult, L50, M|\n|poke|p1|Primarina, L50, F|\n|poke|p1|Scizor, L50, M|\n|poke|p1|Scovillain, L50, M|\n|poke|p1|Sneasler, L50, M|\n|poke|p2|Lopunny, L50, M|\n|poke|p2|Incineroar, L50, F|\n|poke|p2|Basculegion, L50, M|\n|poke|p2|Volcarona, L50, F|\n|poke|p2|Farigiraf, L50, M|\n|poke|p2|Drampa, L50, M|\n|teampreview|4\n|inactive|Battle timer is ON: inactive players will automatically lose when time's up. (requested by JustJakeyVGC)\n|\n|t:|1776625764\n|teamsize|p1|4\n|teamsize|p2|4\n|start\n|switch|p1a: Primarina|Primarina, L50, F|100/100\n|switch|p1b: Sneasler|Sneasler, L50, M|100/100\n|switch|p2a: Lopunny|Lopunny, L50, M|100/100\n|switch|p2b: Volcarona|Volcarona, L50, F|100/100\n|turn|1\n|\n|t:|1776625781\n|detailschange|p2a: Lopunny|Lopunny-Mega, L50, M\n|-mega|p2a: Lopunny|Lopunny|Lopunnite\n|move|p2a: Lopunny|Fake Out|p1a: Primarina\n|-damage|p1a: Primarina|76/100\n|move|p1b: Sneasler|Fake Out|p2a: Lopunny\n|-damage|p2a: Lopunny|81/100\n|move|p2b: Volcarona|Quiver Dance|p2b: Volcarona\n|-boost|p2b: Volcarona|spa|1\n|-boost|p2b: Volcarona|spd|1\n|-boost|p2b: Volcarona|spe|1\n|cant|p1a: Primarina|flinch\n|\n|-heal|p1a: Primarina|82/100|[from] item: Leftovers\n|upkeep\n|turn|2\n|\n|t:|1776625798\n|move|p2b: Volcarona|Heat Wave|p1b: Sneasler|[spread] p1b\n|-miss|p2b: Volcarona|p1a: Primarina\n|-damage|p1b: Sneasler|8/100\n|move|p2a: Lopunny|Triple Axel|p1b: Sneasler\n|-damage|p1b: Sneasler|0 fnt\n|faint|p1b: Sneasler\n|-hitcount|p1: Sneasler|1\n|move|p1a: Primarina|Calm Mind|p1a: Primarina\n|-boost|p1a: Primarina|spa|1\n|-boost|p1a: Primarina|spd|1\n|\n|-heal|p1a: Primarina|89/100|[from] item: Leftovers\n|upkeep\n|\n|t:|1776625813\n|switch|p1b: Scovillain|Scovillain, L50, M|100/100\n|turn|3\n|\n|t:|1776625836\n|switch|p2a: Incineroar|Incineroar, L50, F|100/100\n|-ability|p2a: Incineroar|Intimidate|boost\n|-unboost|p1a: Primarina|atk|1\n|-unboost|p1b: Scovillain|atk|1\n|move|p1b: Scovillain|Protect|p1b: Scovillain\n|-singleturn|p1b: Scovillain|Protect\n|move|p2b: Volcarona|Quiver Dance|p2b: Volcarona\n|-boost|p2b: Volcarona|spa|1\n|-boost|p2b: Volcarona|spd|1\n|-boost|p2b: Volcarona|spe|1\n|move|p1a: Primarina|Calm Mind|p1a: Primarina\n|-boost|p1a: Primarina|spa|1\n|-boost|p1a: Primarina|spd|1\n|\n|-heal|p1a: Primarina|95/100|[from] item: Leftovers\n|-ability|p1b: Scovillain|Moody|boost\n|-boost|p1b: Scovillain|spa|2\n|-unboost|p1b: Scovillain|def|1\n|upkeep\n|turn|4\n|j| HighestInTheServer\n|inactive|Murphy's kitchen has 30 seconds left.\n|\n|t:|1776625865\n|switch|p1b: Dragapult|Dragapult, L50, M|100/100\n|move|p2a: Incineroar|Fake Out|p1a: Primarina\n|-damage|p1a: Primarina|85/100\n|move|p2b: Volcarona|Quiver Dance|p2b: Volcarona\n|-boost|p2b: Volcarona|spa|1\n|-boost|p2b: Volcarona|spd|1\n|-boost|p2b: Volcarona|spe|1\n|cant|p1a: Primarina|flinch\n|\n|-heal|p1a: Primarina|91/100|[from] item: Leftovers\n|upkeep\n|turn|5\n|\n|t:|1776625885\n|move|p2a: Incineroar|Helping Hand|p2b: Volcarona\n|-singleturn|p2b: Volcarona|Helping Hand|[of] p2a: Incineroar\n|move|p2b: Volcarona|Giga Drain|p1a: Primarina\n|-supereffective|p1a: Primarina|1\n|-damage|p1a: Primarina|0 fnt\n|faint|p1a: Primarina\n|move|p1b: Dragapult|Shadow Ball|p2b: Volcarona\n|-damage|p2b: Volcarona|83/100\n|\n|upkeep\n|c|\u2606Murphy's kitchen|//forfeit\n|-message|Murphy's kitchen forfeited.\n|\n|win|JustJakeyVGC\n|raw|Murphy&apos;s kitchen's rating: 1546 &rarr; <strong>1529</strong><br />(-17 for losing)\n|raw|JustJakeyVGC's rating: 1605 &rarr; <strong>1622</strong><br />(+17 for winning)\n",
  "uploadtime": 1776625915,
  "views": 17,
  "formatid": "gen9championsvgc2026regma",
  "rating": 1529,
  "private": 0,
  "password": null
}