{
  "id": "gen9championsvgc2026regma-2583711329",
  "format": "[Gen 9 Champions] VGC 2026 Reg M-A",
  "players": [
    "siriuta",
    "Mirthinion"
  ],
  "log": "|j|\u2606siriuta\n|j|\u2606Mirthinion\n|t:|1776192554\n|gametype|doubles\n|player|p1|siriuta|2|1245\n|player|p2|Mirthinion|janitor|1308\n|gen|9\n|tier|[Gen 9 Champions] VGC 2026 Reg M-A\n|rated|\n|rule|Species Clause: Limit one of each Pok\u00e9mon\n|rule|Item Clause: Limit 1 of each item\n|clearpoke\n|poke|p1|Incineroar, L50, F|\n|poke|p1|Quaquaval, L50, F|\n|poke|p1|Aerodactyl, L50, M|\n|poke|p1|Politoed, L50, M|\n|poke|p1|Rotom-Wash, L50|\n|poke|p1|Sneasler, L50, M|\n|poke|p2|Tyranitar, L50, M|\n|poke|p2|Lycanroc, L50, M|\n|poke|p2|Primarina, L50, F|\n|poke|p2|Corviknight, L50, M|\n|poke|p2|Kommo-o, L50, M|\n|poke|p2|Incineroar, L50, M|\n|teampreview|4\n|inactive|Battle timer is ON: inactive players will automatically lose when time's up. (requested by Mirthinion)\n|inactive|siriuta has 60 seconds left.\n|inactive|Mirthinion has 60 seconds left.\nMirthinion rejected open team sheets.\n|\n|t:|1776192611\n|teamsize|p1|4\n|teamsize|p2|4\n|start\n|switch|p1a: Sneasler|Sneasler, L50, M|100/100\n|switch|p1b: Rotom|Rotom-Wash, L50|100/100\n|switch|p2a: Corviknight|Corviknight, L50, M|100/100\n|switch|p2b: Primarina|Primarina, L50, F|100/100\n|turn|1\n|inactive|Mirthinion has 30 seconds left.\n|inactive|Mirthinion has 20 seconds left.\n|inactive|Mirthinion has 15 seconds left.\n|inactive|Mirthinion has 10 seconds left.\n|-activate|p2b: Primarina|item: Quick Claw\n|\n|t:|1776192661\n|switch|p2a: Incineroar|Incineroar, L50, M|100/100\n|-ability|p2a: Incineroar|Intimidate|boost\n|-unboost|p1a: Sneasler|atk|1\n|-unboost|p1b: Rotom|atk|1\n|-enditem|p1a: Sneasler|White Herb\n|-clearnegativeboost|p1a: Sneasler|[silent]\n|move|p2b: Primarina|Protect|p2b: Primarina\n|-singleturn|p2b: Primarina|Protect\n|move|p1a: Sneasler|Dire Claw|p2b: Primarina\n|-activate|p2b: Primarina|move: Protect\n|move|p1b: Rotom|Volt Switch|p2a: Incineroar\n|-damage|p2a: Incineroar|75/100\n|\n|t:|1776192677\n|switch|p1b: Politoed|Politoed, L50, M|100/100|[from] Volt Switch\n|-weather|RainDance|[from] ability: Drizzle|[of] p1b: Politoed\n|\n|-weather|RainDance|[upkeep]\n|upkeep\n|turn|2\n|\n|t:|1776192697\n|switch|p2b: Corviknight|Corviknight, L50, M|100/100\n|move|p1a: Sneasler|Protect|p1a: Sneasler\n|-singleturn|p1a: Sneasler|Protect\n|move|p2a: Incineroar|Fake Out|p1b: Politoed\n|-damage|p1b: Politoed|89/100\n|cant|p1b: Politoed|flinch\n|\n|-weather|RainDance|[upkeep]\n|-heal|p1b: Politoed|95/100|[from] item: Leftovers\n|upkeep\n|turn|3\n|\n|t:|1776192714\n|switch|p2a: Kommo-o|Kommo-o, L50, M, shiny|100/100\n|move|p1a: Sneasler|Close Combat|p2a: Kommo-o\n|-damage|p2a: Kommo-o|35/100\n|-unboost|p1a: Sneasler|def|1\n|-unboost|p1a: Sneasler|spd|1\n|move|p1b: Politoed|Icy Wind|p2b: Corviknight|[spread] p2a,p2b\n|-supereffective|p2a: Kommo-o|1\n|-damage|p2a: Kommo-o|17/100\n|-damage|p2b: Corviknight|93/100\n|-unboost|p2a: Kommo-o|spe|1\n|-ability|p2b: Corviknight|Mirror Armor\n|-unboost|p1b: Politoed|spe|1\n|move|p2b: Corviknight|Tailwind|p2b: Corviknight\n|-sidestart|p2: Mirthinion|move: Tailwind\n|\n|-weather|RainDance|[upkeep]\n|-heal|p2a: Kommo-o|23/100|[from] item: Leftovers\n|-heal|p1b: Politoed|100/100|[from] item: Leftovers\n|upkeep\n|turn|4\n|\n|t:|1776192739\n|switch|p2a: Incineroar|Incineroar, L50, M|75/100\n|-ability|p2a: Incineroar|Intimidate|boost\n|-unboost|p1a: Sneasler|atk|1\n|-unboost|p1b: Politoed|atk|1\n|switch|p1b: Rotom|Rotom-Wash, L50|100/100\n|move|p1a: Sneasler|Close Combat|p2a: Incineroar\n|-supereffective|p2a: Incineroar|1\n|-enditem|p2a: Incineroar|Chople Berry|[eat]\n|-enditem|p2a: Incineroar|Chople Berry|[weaken]\n|-damage|p2a: Incineroar|41/100\n|-unboost|p1a: Sneasler|def|1\n|-unboost|p1a: Sneasler|spd|1\n|move|p2b: Corviknight|Brave Bird|p1a: Sneasler\n|-supereffective|p1a: Sneasler|1\n|-damage|p1a: Sneasler|0 fnt\n|faint|p1a: Sneasler\n|-damage|p2b: Corviknight|68/100|[from] Recoil\n|\n|-weather|RainDance|[upkeep]\n|upkeep\n|\n|t:|1776192762\n|switch|p1a: Quaquaval|Quaquaval, L50, F|100/100\n|turn|5\n|inactive|Mirthinion has 30 seconds left.\n|inactive|siriuta has 30 seconds left.\n|inactive|Mirthinion has 20 seconds left.\n|inactive|Mirthinion has 15 seconds left.\n|\n|t:|1776192805\n|move|p1b: Rotom|Volt Switch|p2b: Corviknight\n|-supereffective|p2b: Corviknight|1\n|-damage|p2b: Corviknight|20/100\n|-enditem|p2b: Corviknight|Sitrus Berry|[eat]\n|-heal|p2b: Corviknight|45/100|[from] item: Sitrus Berry\n|\n|t:|1776192810\n|switch|p1b: Politoed|Politoed, L50, M|100/100|[from] Volt Switch\n|move|p2b: Corviknight|Roost|p2b: Corviknight\n|-heal|p2b: Corviknight|95/100\n|-singleturn|p2b: Corviknight|move: Roost\n|move|p2a: Incineroar|Parting Shot|p1a: Quaquaval\n|-unboost|p1a: Quaquaval|atk|1\n|-unboost|p1a: Quaquaval|spa|1\n|\n|t:|1776192820\n|switch|p2a: Primarina|Primarina, L50, F|100/100|[from] Parting Shot\n|move|p1a: Quaquaval|Aqua Step|p2a: Primarina\n|-resisted|p2a: Primarina|1\n|-damage|p2a: Primarina|74/100\n|-boost|p1a: Quaquaval|spe|1\n|\n|-weather|none\n|upkeep\n|turn|6\n|inactive|siriuta has 30 seconds left.\n|\n|t:|1776192847\n|switch|p1b: Rotom|Rotom-Wash, L50|100/100\n|move|p1a: Quaquaval|Detect|p1a: Quaquaval\n|-singleturn|p1a: Quaquaval|Protect\n|move|p2a: Primarina|Moonblast|p1a: Quaquaval\n|-activate|p1a: Quaquaval|move: Protect\n|move|p2b: Corviknight|Brave Bird|p1a: Quaquaval\n|-activate|p1a: Quaquaval|move: Protect\n|\n|-sideend|p2: Mirthinion|move: Tailwind\n|upkeep\n|turn|7\n|inactive|Mirthinion has 30 seconds left.\n|-activate|p2a: Primarina|item: Quick Claw\n|\n|t:|1776192880\n|switch|p1a: Politoed|Politoed, L50, M|100/100\n|-weather|RainDance|[from] ability: Drizzle|[of] p1a: Politoed\n|move|p2a: Primarina|Moonblast|p1b: Rotom\n|-damage|p1b: Rotom|34/100\n|move|p1b: Rotom|Trick|p2b: Corviknight\n|-activate|p1b: Rotom|move: Trick|[of] p2b: Corviknight\n|-item|p2b: Corviknight|Choice Scarf|[from] move: Trick\n|-enditem|p1b: Rotom|Choice Scarf|[silent]|[from] move: Trick\n|move|p2b: Corviknight|Tailwind|p2b: Corviknight\n|-sidestart|p2: Mirthinion|move: Tailwind\n|\n|-weather|RainDance|[upkeep]\n|upkeep\n|turn|8\n|inactive|siriuta has 30 seconds left.\n|\n|t:|1776192911\n|switch|p2b: Kommo-o|Kommo-o, L50, M, shiny|23/100\n|move|p2a: Primarina|Moonblast|p1b: Rotom\n|-damage|p1b: Rotom|0 fnt\n|faint|p1b: Rotom\n|move|p1a: Politoed|Weather Ball|p2b: Kommo-o\n|-resisted|p2b: Kommo-o|1\n|-damage|p2b: Kommo-o|0 fnt\n|faint|p2b: Kommo-o\n|\n|-weather|RainDance|[upkeep]\n|upkeep\n|\n|t:|1776192927\n|switch|p1b: Quaquaval|Quaquaval, L50, F|100/100\n|switch|p2b: Corviknight|Corviknight, L50, M|95/100\n|turn|9\n|inactive|siriuta has 30 seconds left.\n|\n|t:|1776192953\n|move|p2b: Corviknight|Brave Bird|p1b: Quaquaval\n|-supereffective|p1b: Quaquaval|1\n|-enditem|p1b: Quaquaval|Focus Sash\n|-damage|p1b: Quaquaval|1/100\n|-damage|p2b: Corviknight|69/100|[from] Recoil\n|move|p2a: Primarina|Moonblast|p1b: Quaquaval\n|-supereffective|p1b: Quaquaval|1\n|-damage|p1b: Quaquaval|0 fnt\n|faint|p1b: Quaquaval\n|move|p1a: Politoed|Weather Ball|p2b: Corviknight\n|-damage|p2b: Corviknight|34/100\n|\n|-weather|RainDance|[upkeep]\n|upkeep\n|turn|10\n|-message|siriuta forfeited.\n|\n|win|Mirthinion\n|raw|siriuta's rating: 1245 &rarr; <strong>1224</strong><br />(-21 for losing)\n|raw|Mirthinion's rating: 1308 &rarr; <strong>1324</strong><br />(+16 for winning)\n|l|\u2606siriuta\n|player|p1|\n",
  "uploadtime": 1776193008,
  "views": 69,
  "formatid": "gen9championsvgc2026regma",
  "rating": 1224,
  "private": 0,
  "password": null
}