{
  "id": "gen9championsvgc2026regma-2583811152",
  "format": "[Gen 9 Champions] VGC 2026 Reg M-A",
  "players": [
    "MefShowdown0",
    "lostih"
  ],
  "log": "|j|\u2606MefShowdown0\n|j|\u2606lostih\n|t:|1776199488\n|gametype|doubles\n|player|p1|MefShowdown0|selene-masters2|1267\n|player|p2|lostih|shadowtriad|1226\n|gen|9\n|tier|[Gen 9 Champions] VGC 2026 Reg M-A\n|rated|\n|rule|Species Clause: Limit one of each Pok\u00e9mon\n|rule|Item Clause: Limit 1 of each item\n|clearpoke\n|poke|p1|Floette-Eternal, L50, F|\n|poke|p1|Aerodactyl, L50, F|\n|poke|p1|Sneasler, L50, F|\n|poke|p1|Garchomp, L50, M|\n|poke|p1|Incineroar, L50, M|\n|poke|p1|Sinistcha, L50|\n|poke|p2|Incineroar, L50, M|\n|poke|p2|Dragapult, L50, M|\n|poke|p2|Kingambit, L50, M|\n|poke|p2|Aerodactyl, L50, F|\n|poke|p2|Floette-Eternal, L50, F|\n|poke|p2|Sneasler, L50, M|\n|teampreview|4\n|inactive|Battle timer is ON: inactive players will automatically lose when time's up. (requested by MefShowdown0)\n|inactive|lostih has 60 seconds left.\n|\n|t:|1776199567\n|teamsize|p1|4\n|teamsize|p2|4\n|start\n|switch|p1a: Garchomp|Garchomp, L50, M|100/100\n|switch|p1b: Aerodactyl|Aerodactyl, L50, F|100/100\n|switch|p2a: Sneasler|Sneasler, L50, M|100/100\n|switch|p2b: Floette|Floette-Eternal, L50, F|100/100\n|-ability|p1b: Aerodactyl|Unnerve\n|turn|1\n|inactive|MefShowdown0 has 30 seconds left.\n|inactive|lostih has 30 seconds left.\n|inactive|MefShowdown0 has 20 seconds left.\n|\n|t:|1776199606\n|switch|p1a: Sneasler|Sneasler, L50, F|100/100\n|detailschange|p2b: Floette|Floette-Mega, L50, F\n|-mega|p2b: Floette|Floette|Floettite\n|-ability|p2b: Floette|Fairy Aura\n|move|p2a: Sneasler|Fake Out|p1b: Aerodactyl\n|-resisted|p1b: Aerodactyl|1\n|-damage|p1b: Aerodactyl|88/100\n|cant|p1b: Aerodactyl|flinch\n|move|p2b: Floette|Moonblast|p1a: Sneasler\n|-damage|p1a: Sneasler|0 fnt\n|faint|p1a: Sneasler\n|\n|upkeep\n|l|\u2606lostih\n|inactive|lostih disconnected and has a minute to reconnect!\n|player|p2|\n|\n|t:|1776199617\n|switch|p1a: Garchomp|Garchomp, L50, M|100/100\n|turn|2\n|inactive|MefShowdown0 has 30 seconds left.\n|inactive|lostih has 30 seconds left.\n|c|\u2606MefShowdown0|missclicked\n|c|\u2606MefShowdown0|fuck\n|inactive|MefShowdown0 has 20 seconds left.\n|inactive|lostih has 20 seconds left.\n|inactive|MefShowdown0 has 15 seconds left.\n|inactive|lostih has 15 seconds left.\n|inactive|lostih has 10 seconds left.\n|j|\u2606lostih\n|inactive|lostih reconnected and has 10 seconds left.\n|player|p2|lostih|shadowtriad|\n|inactive|lostih has 5 seconds left.\n|\n|t:|1776199671\n|move|p2a: Sneasler|Protect|p2a: Sneasler\n|-singleturn|p2a: Sneasler|Protect\n|move|p1a: Garchomp|Stomping Tantrum|p2a: Sneasler\n|-activate|p2a: Sneasler|move: Protect\n|move|p1b: Aerodactyl|Tailwind|p1b: Aerodactyl\n|-sidestart|p1: MefShowdown0|move: Tailwind\n|move|p2b: Floette|Draining Kiss|p1a: Garchomp\n|-supereffective|p1a: Garchomp|1\n|-damage|p1a: Garchomp|22/100\n|-damage|p2b: Floette|89/100|[from] ability: Rough Skin|[of] p1a: Garchomp\n|\n|upkeep\n|turn|3\n|inactive|lostih has 30 seconds left.\n|inactive|lostih has 20 seconds left.\n|inactive|lostih has 15 seconds left.\n|inactive|lostih has 10 seconds left.\n|inactive|lostih has 5 seconds left.\n|\n|t:|1776199722\n|move|p2a: Sneasler|Protect||[still]\n|-fail|p2a: Sneasler\n|move|p1a: Garchomp|Stomping Tantrum|p2b: Floette\n|-damage|p2b: Floette|32/100\n|move|p1b: Aerodactyl|Dual Wingbeat|p2a: Sneasler\n|-supereffective|p2a: Sneasler|1\n|-damage|p2a: Sneasler|38/100\n|-supereffective|p2a: Sneasler|1\n|-damage|p2a: Sneasler|0 fnt\n|faint|p2a: Sneasler\n|-hitcount|p2: Sneasler|2\n|move|p2b: Floette|Moonblast|p1a: Garchomp\n|-supereffective|p1a: Garchomp|1\n|-crit|p1a: Garchomp\n|-damage|p1a: Garchomp|0 fnt\n|faint|p1a: Garchomp\n|\n|upkeep\n|inactive|lostih has 30 seconds left.\n|\n|t:|1776199748\n|switch|p2a: Dragapult|Dragapult, L50, M|100/100\n|switch|p1a: Floette|Floette-Eternal, L50, F|100/100\n|turn|4\n|inactive|lostih has 30 seconds left.\n|\n|t:|1776199783\n|detailschange|p1a: Floette|Floette-Mega, L50, F\n|-mega|p1a: Floette|Floette|Floettite\n|-ability|p1a: Floette|Fairy Aura\n|move|p2b: Floette|Protect|p2b: Floette\n|-singleturn|p2b: Floette|Protect\n|move|p1b: Aerodactyl|Dual Wingbeat|p2a: Dragapult\n|-damage|p2a: Dragapult|75/100\n|-damage|p2a: Dragapult|51/100\n|-hitcount|p2a: Dragapult|2\n|move|p2a: Dragapult|Draco Meteor|p1b: Aerodactyl\n|-damage|p1b: Aerodactyl|2/100\n|-unboost|p2a: Dragapult|spa|2\n|move|p1a: Floette|Dazzling Gleam|p2b: Floette|[spread] p2a\n|-activate|p2b: Floette|move: Protect\n|-supereffective|p2a: Dragapult|1\n|-damage|p2a: Dragapult|0 fnt\n|faint|p2a: Dragapult\n|\n|upkeep\n|\n|t:|1776199800\n|switch|p2a: Kingambit|Kingambit, L50, M|100/100\n|-activate|p2a: Kingambit|ability: Supreme Overlord\n|-start|p2a: Kingambit|fallen2|[silent]\n|turn|5\n|inactive|MefShowdown0 has 30 seconds left.\n|inactive|lostih has 30 seconds left.\n|\n|t:|1776199825\n|move|p2b: Floette|Protect||[still]\n|-fail|p2b: Floette\n|move|p2a: Kingambit|Sucker Punch|p1b: Aerodactyl\n|-damage|p1b: Aerodactyl|0 fnt\n|faint|p1b: Aerodactyl\n|move|p1a: Floette|Dazzling Gleam|p2b: Floette|[spread] p2a,p2b\n|-damage|p2a: Kingambit|47/100\n|-damage|p2b: Floette|0 fnt\n|faint|p2b: Floette\n|\n|-heal|p2a: Kingambit|52/100|[from] item: Leftovers\n|-sideend|p1: MefShowdown0|move: Tailwind\n|upkeep\n|turn|6\n|\n|t:|1776199842\n|move|p1a: Floette|Dazzling Gleam|p2a: Kingambit\n|-damage|p2a: Kingambit|0 fnt\n|faint|p2a: Kingambit\n|-end|p2a: Kingambit|fallen2|[silent]\n|\n|win|MefShowdown0\n|raw|MefShowdown0's rating: 1267 &rarr; <strong>1289</strong><br />(+22 for winning)\n|raw|lostih's rating: 1226 &rarr; <strong>1204</strong><br />(-22 for losing)\n",
  "uploadtime": 1776199842,
  "views": 23,
  "formatid": "gen9championsvgc2026regma",
  "rating": 1204,
  "private": 0,
  "password": null
}