{
  "id": "gen9championsvgc2026regma-2583443560",
  "format": "[Gen 9 Champions] VGC 2026 Reg M-A",
  "players": [
    "gvhjbvhjhj",
    "Hshseshehhe"
  ],
  "log": "|j|\u2606gvhjbvhjhj\n|j|\u2606Hshseshehhe\n|t:|1776176011\n|gametype|doubles\n|player|p1|gvhjbvhjhj|169|1000\n|player|p2|Hshseshehhe|1|1000\n|gen|9\n|tier|[Gen 9 Champions] VGC 2026 Reg M-A\n|rated|\n|rule|Species Clause: Limit one of each Pok\u00e9mon\n|rule|Item Clause: Limit 1 of each item\n|clearpoke\n|poke|p1|Politoed, L50, F|\n|poke|p1|Basculegion, L50, M|\n|poke|p1|Hydreigon, L50, M|\n|poke|p1|Volcarona, L50, M|\n|poke|p1|Meganium, L50, F|\n|poke|p1|Corviknight, L50, M|\n|poke|p2|Charizard, L50, M|\n|poke|p2|Venusaur, L50, M|\n|poke|p2|Incineroar, L50, F|\n|poke|p2|Kingambit, L50, F|\n|poke|p2|Whimsicott, L50, M|\n|poke|p2|Garchomp, L50, F|\n|teampreview|4\n|\n|t:|1776176031\n|teamsize|p1|4\n|teamsize|p2|4\n|start\n|switch|p1a: Hydreigon|Hydreigon, L50, M|100/100\n|switch|p1b: Basculegion|Basculegion, L50, M|100/100\n|switch|p2a: Incineroar|Incineroar, L50, F|100/100\n|switch|p2b: Whimsicott|Whimsicott, L50, M|100/100\n|-ability|p2a: Incineroar|Intimidate|boost\n|-unboost|p1a: Hydreigon|atk|1\n|-unboost|p1b: Basculegion|atk|1\n|turn|1\n|\n|t:|1776176054\n|move|p1b: Basculegion|Protect|p1b: Basculegion\n|-singleturn|p1b: Basculegion|Protect\n|move|p2a: Incineroar|Fake Out|p1a: Hydreigon\n|-damage|p1a: Hydreigon|85/100\n|move|p2b: Whimsicott|Tailwind|p2b: Whimsicott\n|-sidestart|p2: Hshseshehhe|move: Tailwind\n|cant|p1a: Hydreigon|flinch\n|\n|upkeep\n|turn|2\n|\n|t:|1776176079\n|switch|p1b: Volcarona|Volcarona, L50, M|100/100\n|move|p2b: Whimsicott|Dazzling Gleam|p1b: Volcarona|[spread] p1a,p1b\n|-supereffective|p1a: Hydreigon|2\n|-resisted|p1b: Volcarona|1\n|-damage|p1a: Hydreigon|0 fnt\n|-damage|p1b: Volcarona|91/100\n|faint|p1a: Hydreigon\n|move|p2a: Incineroar|Darkest Lariat|p1b: Volcarona\n|-crit|p1b: Volcarona\n|-damage|p1b: Volcarona|3/100\n|-enditem|p1b: Volcarona|Sitrus Berry|[eat]\n|-heal|p1b: Volcarona|28/100|[from] item: Sitrus Berry\n|\n|upkeep\n|\n|t:|1776176091\n|switch|p1a: Basculegion|Basculegion, L50, M|100/100\n|turn|3\n|\n|t:|1776176101\n|move|p2b: Whimsicott|Dazzling Gleam|p1b: Volcarona|[spread] p1a,p1b\n|-resisted|p1b: Volcarona|1\n|-damage|p1a: Basculegion|78/100\n|-damage|p1b: Volcarona|19/100\n|move|p2a: Incineroar|Parting Shot|p1a: Basculegion\n|-unboost|p1a: Basculegion|atk|1\n|-unboost|p1a: Basculegion|spa|1\n|\n|t:|1776176108\n|switch|p2a: Venusaur|Venusaur, L50, M|100/100|[from] Parting Shot\n|move|p1b: Volcarona|Fiery Dance|p2b: Whimsicott\n|-supereffective|p2b: Whimsicott|1\n|-enditem|p2b: Whimsicott|Focus Sash\n|-damage|p2b: Whimsicott|1/100\n|-boost|p1b: Volcarona|spa|1\n|move|p1a: Basculegion|Wave Crash|p2a: Venusaur\n|-resisted|p2a: Venusaur|1\n|-damage|p2a: Venusaur|70/100\n|-damage|p1a: Basculegion|70/100|[from] Recoil\n|\n|-heal|p2a: Venusaur|76/100|[from] item: Leftovers\n|upkeep\n|turn|4\n|\n|t:|1776176138\n|switch|p1a: Politoed|Politoed, L50, F|100/100\n|-weather|RainDance|[from] ability: Drizzle|[of] p1a: Politoed\n|move|p1b: Volcarona|Protect|p1b: Volcarona\n|-singleturn|p1b: Volcarona|Protect\n|move|p2b: Whimsicott|Dazzling Gleam|p1b: Volcarona|[spread] p1a\n|-activate|p1b: Volcarona|move: Protect\n|-damage|p1a: Politoed|85/100\n|move|p2a: Venusaur|Sleep Powder|p1a: Politoed\n|-status|p1a: Politoed|slp|[from] move: Sleep Powder\n|\n|-weather|RainDance|[upkeep]\n|-heal|p2a: Venusaur|81/100|[from] item: Leftovers\n|-heal|p1a: Politoed|91/100 slp|[from] item: Leftovers\n|-sideend|p2: Hshseshehhe|move: Tailwind\n|upkeep\n|turn|5\n|\n|t:|1776176164\n|move|p2b: Whimsicott|Encore|p1b: Volcarona\n|-start|p1b: Volcarona|Encore\n|move|p1b: Volcarona|Protect||[still]\n|-fail|p1b: Volcarona\n|move|p2a: Venusaur|Sleep Powder|p1b: Volcarona\n|-status|p1b: Volcarona|slp|[from] move: Sleep Powder\n|cant|p1a: Politoed|slp\n|\n|-weather|RainDance|[upkeep]\n|-heal|p2a: Venusaur|87/100|[from] item: Leftovers\n|-heal|p1a: Politoed|97/100 slp|[from] item: Leftovers\n|upkeep\n|turn|6\n|-message|gvhjbvhjhj forfeited.\n|\n|win|Hshseshehhe\n|raw|gvhjbvhjhj's rating: 1000 &rarr; <strong>1000</strong><br />(+0 for losing)\n|raw|Hshseshehhe's rating: 1000 &rarr; <strong>1040</strong><br />(+40 for winning)\n|l|\u2606gvhjbvhjhj\n|player|p1|\n",
  "uploadtime": 1776176184,
  "views": 14,
  "formatid": "gen9championsvgc2026regma",
  "rating": 1000,
  "private": 0,
  "password": null
}