{
  "id": "gen9championsvgc2026regma-2588735816",
  "format": "[Gen 9 Champions] VGC 2026 Reg M-A",
  "players": [
    "EGOTHELIVINGNUT",
    "BlueCatWhiteHat"
  ],
  "log": "|j|\u2606EGOTHELIVINGNUT\n|j|\u2606BlueCatWhiteHat\n|t:|1776663838\n|gametype|doubles\n|player|p1|EGOTHELIVINGNUT|galacticgrunt|1021\n|player|p2|BlueCatWhiteHat|lucas|1017\n|gen|9\n|tier|[Gen 9 Champions] VGC 2026 Reg M-A\n|rated|\n|rule|Species Clause: Limit one of each Pok\u00e9mon\n|rule|Item Clause: Limit 1 of each item\n|clearpoke\n|poke|p1|Charizard, L50, M|\n|poke|p1|Rotom-Wash, L50|\n|poke|p1|Sneasler, L50, F|\n|poke|p1|Ninetales-Alola, L50, F|\n|poke|p1|Sinistcha, L50|\n|poke|p1|Kingambit, L50, M|\n|poke|p2|Hawlucha, L50, M|\n|poke|p2|Sinistcha-Masterpiece, L50, shiny|\n|poke|p2|Incineroar, L50, M|\n|poke|p2|Glimmora, L50, M|\n|poke|p2|Snorlax, L50, M|\n|poke|p2|Rotom-Wash, L50|\n|teampreview|4\n|inactive|Battle timer is ON: inactive players will automatically lose when time's up. (requested by BlueCatWhiteHat)\n|inactive|EGOTHELIVINGNUT has 60 seconds left.\n|\n|t:|1776663883\n|teamsize|p1|4\n|teamsize|p2|4\n|start\n|switch|p1a: Ninetales|Ninetales-Alola, L50, F|100/100\n|switch|p1b: Sneasler|Sneasler, L50, F|100/100\n|switch|p2a: Hawlucha|Hawlucha, L50, M|100/100\n|switch|p2b: Snorlax|Snorlax, L50, M|100/100\n|-weather|Snowscape|[from] ability: Snow Warning|[of] p1a: Ninetales\n|turn|1\n|\n|t:|1776663897\n|move|p2a: Hawlucha|Protect|p2a: Hawlucha\n|-singleturn|p2a: Hawlucha|Protect\n|move|p2b: Snorlax|Protect|p2b: Snorlax\n|-singleturn|p2b: Snorlax|Protect\n|move|p1b: Sneasler|Fake Out|p2a: Hawlucha\n|-activate|p2a: Hawlucha|move: Protect\n|move|p1a: Ninetales|Blizzard|p2a: Hawlucha|[spread] \n|-activate|p2a: Hawlucha|move: Protect\n|-activate|p2b: Snorlax|move: Protect\n|\n|-weather|Snowscape|[upkeep]\n|upkeep\n|turn|2\n|\n|t:|1776663918\n|detailschange|p2a: Hawlucha|Hawlucha-Mega, L50, M\n|-mega|p2a: Hawlucha|Hawlucha|Hawluchanite\n|move|p2a: Hawlucha|Entrainment|p2b: Snorlax\n|-ability|p2b: Snorlax|No Guard|Thick Fat|[from] move: Entrainment|[of] p2a: Hawlucha\n|move|p1a: Ninetales|Blizzard|p2b: Snorlax|[spread] p2a,p2b\n|-supereffective|p2a: Hawlucha|1\n|-damage|p2a: Hawlucha|31/100\n|-damage|p2b: Snorlax|83/100\n|move|p1b: Sneasler|Dire Claw|p2a: Hawlucha\n|-crit|p2a: Hawlucha\n|-damage|p2a: Hawlucha|0 fnt\n|faint|p2a: Hawlucha\n|move|p2b: Snorlax|Fissure|p1b: Sneasler\n|-damage|p1b: Sneasler|0 fnt\n|faint|p1b: Sneasler\n|-ohko\n|\n|-weather|Snowscape|[upkeep]\n|-heal|p2b: Snorlax|89/100|[from] item: Leftovers\n|upkeep\n|\n|t:|1776663939\n|switch|p2a: Rotom|Rotom-Wash, L50|100/100\n|switch|p1b: Sinistcha|Sinistcha, L50|100/100\n|turn|3\n|\n|t:|1776663952\n|move|p2a: Rotom|Thunderbolt|p1a: Ninetales\n|-damage|p1a: Ninetales|52/100\n|move|p1a: Ninetales|Blizzard|p2b: Snorlax|[spread] p2a,p2b\n|-resisted|p2a: Rotom|1\n|-damage|p2a: Rotom|80/100\n|-damage|p2b: Snorlax|69/100\n|-status|p2b: Snorlax|frz\n|move|p1b: Sinistcha|Matcha Gotcha|p2b: Snorlax|[spread] p2a,p2b\n|-supereffective|p2a: Rotom|1\n|-damage|p2a: Rotom|21/100\n|-damage|p2b: Snorlax|54/100 frz\n|-curestatus|p2b: Snorlax|frz|[msg]\n|move|p2b: Snorlax|Fissure|p1b: Sinistcha\n|-damage|p1b: Sinistcha|0 fnt\n|faint|p1b: Sinistcha\n|-ohko\n|\n|-weather|Snowscape|[upkeep]\n|-heal|p2b: Snorlax|60/100|[from] item: Leftovers\n|upkeep\n|\n|t:|1776663973\n|switch|p1b: Charizard|Charizard, L50, M|100/100\n|turn|4\n|\n|t:|1776663985\n|detailschange|p1b: Charizard|Charizard-Mega-X, L50, M\n|-mega|p1b: Charizard|Charizard|Charizardite X\n|move|p2a: Rotom|Thunderbolt|p1b: Charizard\n|-resisted|p1b: Charizard|1\n|-damage|p1b: Charizard|77/100\n|move|p1a: Ninetales|Blizzard|p2b: Snorlax|[spread] p2a,p2b\n|-resisted|p2a: Rotom|1\n|-damage|p2a: Rotom|1/100\n|-damage|p2b: Snorlax|39/100\n|move|p1b: Charizard|Flare Blitz|p2b: Snorlax\n|-damage|p2b: Snorlax|0 fnt\n|faint|p2b: Snorlax\n|-damage|p1b: Charizard|58/100|[from] Recoil\n|\n|-weather|Snowscape|[upkeep]\n|upkeep\n|\n|t:|1776663998\n|switch|p2b: Sinistcha|Sinistcha-Masterpiece, L50, shiny|100/100\n|-heal|p2a: Rotom|26/100|[from] ability: Hospitality|[of] p2b: Sinistcha\n|turn|5\n|\n|t:|1776664008\n|move|p2a: Rotom|Thunderbolt|p1a: Ninetales\n|-damage|p1a: Ninetales|3/100\n|move|p1a: Ninetales|Blizzard|p2b: Sinistcha|[spread] p2a,p2b\n|-resisted|p2a: Rotom|1\n|-supereffective|p2b: Sinistcha|1\n|-damage|p2a: Rotom|4/100\n|-damage|p2b: Sinistcha|29/100\n|-enditem|p2b: Sinistcha|Sitrus Berry|[eat]\n|-heal|p2b: Sinistcha|53/100|[from] item: Sitrus Berry\n|move|p1b: Charizard|Dragon Dance|p1b: Charizard\n|-boost|p1b: Charizard|atk|1\n|-boost|p1b: Charizard|spe|1\n|move|p2b: Sinistcha|Trick Room|p2b: Sinistcha\n|-fieldstart|move: Trick Room|[of] p2b: Sinistcha\n|\n|-weather|none\n|upkeep\n|turn|6\n|\n|t:|1776664026\n|move|p1a: Ninetales|Protect|p1a: Ninetales\n|-singleturn|p1a: Ninetales|Protect\n|move|p2b: Sinistcha|Strength Sap|p1b: Charizard\n|-unboost|p1b: Charizard|atk|1\n|-heal|p2b: Sinistcha|100/100\n|move|p2a: Rotom|Thunderbolt|p1a: Ninetales\n|-activate|p1a: Ninetales|move: Protect\n|move|p1b: Charizard|Dragon Claw|p2b: Sinistcha\n|-damage|p2b: Sinistcha|54/100\n|\n|upkeep\n|turn|7\n|\n|t:|1776664047\n|move|p1a: Ninetales|Protect||[still]\n|-fail|p1a: Ninetales\n|move|p2b: Sinistcha|Strength Sap|p1b: Charizard\n|-unboost|p1b: Charizard|atk|1\n|-heal|p2b: Sinistcha|100/100\n|move|p2a: Rotom|Thunderbolt|p1a: Ninetales\n|-damage|p1a: Ninetales|0 fnt\n|faint|p1a: Ninetales\n|move|p1b: Charizard|Flare Blitz|p2b: Sinistcha\n|-supereffective|p2b: Sinistcha|1\n|-damage|p2b: Sinistcha|20/100\n|-damage|p1b: Charizard|32/100|[from] Recoil\n|\n|upkeep\n|turn|8\n|\n|t:|1776664069\n|move|p2b: Sinistcha|Strength Sap|p1b: Charizard\n|-unboost|p1b: Charizard|atk|1\n|-heal|p2b: Sinistcha|81/100\n|move|p2a: Rotom|Thunderbolt|p1b: Charizard\n|-resisted|p1b: Charizard|1\n|-damage|p1b: Charizard|9/100\n|move|p1b: Charizard|Dragon Claw|p2a: Rotom\n|-damage|p2a: Rotom|0 fnt\n|faint|p2a: Rotom\n|\n|upkeep\n|turn|9\n|\n|t:|1776664082\n|move|p1b: Charizard|Protect|p1b: Charizard\n|-singleturn|p1b: Charizard|Protect\n|move|p2b: Sinistcha|Matcha Gotcha|p1b: Charizard\n|-activate|p1b: Charizard|move: Protect\n|\n|-fieldend|move: Trick Room\n|upkeep\n|turn|10\n|\n|t:|1776664092\n|move|p1b: Charizard|Dragon Dance|p1b: Charizard\n|-boost|p1b: Charizard|atk|1\n|-boost|p1b: Charizard|spe|1\n|move|p2b: Sinistcha|Trick Room|p2b: Sinistcha\n|-fieldstart|move: Trick Room|[of] p2b: Sinistcha\n|\n|upkeep\n|turn|11\n|\n|t:|1776664105\n|move|p2b: Sinistcha|Matcha Gotcha|p1b: Charizard\n|-resisted|p1b: Charizard|2\n|-damage|p1b: Charizard|0 fnt\n|-heal|p2b: Sinistcha|86/100|[from] drain|[of] p1b: Charizard\n|faint|p1b: Charizard\n|\n|win|BlueCatWhiteHat\n|raw|EGOTHELIVINGNUT's rating: 1021 &rarr; <strong>1008</strong><br />(-13 for losing)\n|raw|BlueCatWhiteHat's rating: 1017 &rarr; <strong>1055</strong><br />(+38 for winning)\n",
  "uploadtime": 1776664109,
  "views": 12,
  "formatid": "gen9championsvgc2026regma",
  "rating": 1008,
  "private": 0,
  "password": null
}