{
  "id": "gen9championsvgc2026regma-2589508062",
  "format": "[Gen 9 Champions] VGC 2026 Reg M-A",
  "players": [
    "MegaMege",
    "Strin"
  ],
  "log": "|j|\u2606MegaMege\n|j|\u2606Strin\n|t:|1776729320\n|gametype|doubles\n|player|p1|MegaMege|dragontamer|1088\n|player|p2|Strin|265|1178\n|gen|9\n|tier|[Gen 9 Champions] VGC 2026 Reg M-A\n|rated|\n|rule|Species Clause: Limit one of each Pok\u00e9mon\n|rule|Item Clause: Limit 1 of each item\n|clearpoke\n|poke|p1|Hydreigon, L50, M|\n|poke|p1|Noivern, L50, F|\n|poke|p1|Tyrantrum, L50, M|\n|poke|p1|Garchomp, L50, M|\n|poke|p1|Charizard, L50, M|\n|poke|p1|Hydrapple, L50, M|\n|poke|p2|Slowbro-Galar, L50, F|\n|poke|p2|Sinistcha, L50|\n|poke|p2|Clefable, L50, M|\n|poke|p2|Basculegion-F, L50, F|\n|poke|p2|Pelipper, L50, M|\n|poke|p2|Archaludon, L50, F|\n|teampreview|4\n|inactive|Battle timer is ON: inactive players will automatically lose when time's up. (requested by Strin)\n|\n|t:|1776729347\n|teamsize|p1|4\n|teamsize|p2|4\n|start\n|switch|p1a: Rex|Tyrantrum, L50, M|100/100\n|switch|p1b: Echo|Noivern, L50, F|100/100\n|switch|p2a: Haunt My House|Sinistcha, L50|100/100\n|switch|p2b: Haunted House|Slowbro-Galar, L50, F|100/100\n|-item|p2a: Haunt My House|Leftovers|[from] ability: Frisk|[of] p1b: Echo\n|-item|p2b: Haunted House|Quick Claw|[from] ability: Frisk|[of] p1b: Echo\n|turn|1\n|c|\u2606Strin|Awesome team. Glhf\n|c|\u2606MegaMege|thx glhf\n|inactive|MegaMege has 30 seconds left.\n|inactive|MegaMege has 20 seconds left.\n|-activate|p2b: Haunted House|item: Quick Claw\n|\n|t:|1776729383\n|move|p2b: Haunted House|Belly Drum|p2b: Haunted House\n|-damage|p2b: Haunted House|50/100\n|-setboost|p2b: Haunted House|atk|6|[from] move: Belly Drum\n|move|p1b: Echo|Dragon Cheer|p1a: Rex\n|-start|p1a: Rex|move: Dragon Cheer\n|move|p1a: Rex|Head Smash|p2b: Haunted House|[miss]\n|-miss|p1a: Rex|p2b: Haunted House\n|move|p2a: Haunt My House|Trick Room|p2a: Haunt My House\n|-fieldstart|move: Trick Room|[of] p2a: Haunt My House\n|\n|upkeep\n|turn|2\n|c|\u2606MegaMege|that's too bad\n|inactive|Strin has 30 seconds left.\n|c|\u2606Strin|Im so good at this game\n|inactive|Strin has 20 seconds left.\n|inactive|Strin has 15 seconds left.\n|inactive|Strin has 10 seconds left.\n|\n|t:|1776729428\n|move|p2a: Haunt My House|Rage Powder|p2a: Haunt My House\n|-singleturn|p2a: Haunt My House|move: Rage Powder\n|move|p2b: Haunted House|Drain Punch|p1a: Rex\n|-supereffective|p1a: Rex|1\n|-damage|p1a: Rex|0 fnt\n|-heal|p2b: Haunted House|90/100|[from] drain|[of] p1a: Rex\n|faint|p1a: Rex\n|move|p1b: Echo|Air Slash|p2a: Haunt My House\n|-supereffective|p2a: Haunt My House|1\n|-damage|p2a: Haunt My House|52/100\n|\n|-heal|p2a: Haunt My House|58/100|[from] item: Leftovers\n|upkeep\n|\n|t:|1776729442\n|switch|p1a: Lucifer|Charizard, L50, M|100/100\n|turn|3\n|\n|t:|1776729450\n|move|p1a: Lucifer|Protect|p1a: Lucifer\n|-singleturn|p1a: Lucifer|Protect\n|move|p2a: Haunt My House|Rage Powder|p2a: Haunt My House\n|-singleturn|p2a: Haunt My House|move: Rage Powder\n|move|p2b: Haunted House|Shell Side Arm|p1a: Lucifer|[anim] Shell Side Arm Physical\n|-activate|p1a: Lucifer|move: Protect\n|move|p1b: Echo|Air Slash|p2a: Haunt My House\n|-supereffective|p2a: Haunt My House|1\n|-damage|p2a: Haunt My House|3/100\n|\n|-heal|p2a: Haunt My House|9/100|[from] item: Leftovers\n|upkeep\n|turn|4\n|\n|t:|1776729466\n|switch|p1a: Tenebris|Hydreigon, L50, M|100/100\n|move|p2b: Haunted House|Shell Side Arm|p1a: Tenebris|[anim] Shell Side Arm Physical\n|-damage|p1a: Tenebris|0 fnt\n|-hint|Physical Shell Side Arm\n|faint|p1a: Tenebris\n|move|p2a: Haunt My House|Strength Sap|p1b: Echo\n|-unboost|p1b: Echo|atk|1\n|-heal|p2a: Haunt My House|55/100\n|move|p1b: Echo|Air Slash|p2b: Haunted House\n|-damage|p2b: Haunted House|61/100\n|\n|-heal|p2a: Haunt My House|61/100|[from] item: Leftovers\n|upkeep\n|\n|t:|1776729478\n|switch|p1a: Lucifer|Charizard, L50, M|100/100\n|turn|5\n|\n|t:|1776729485\n|move|p1a: Lucifer|Protect|p1a: Lucifer\n|-singleturn|p1a: Lucifer|Protect\n|move|p2b: Haunted House|Shell Side Arm|p1b: Echo|[anim] Shell Side Arm Physical\n|-enditem|p1b: Echo|Focus Sash\n|-damage|p1b: Echo|1/100\n|-hint|Physical Shell Side Arm\n|move|p2a: Haunt My House|Strength Sap|p1a: Lucifer\n|-activate|p1a: Lucifer|move: Protect\n|move|p1b: Echo|Dragon Cheer|p1a: Lucifer\n|-start|p1a: Lucifer|move: Dragon Cheer\n|\n|-heal|p2a: Haunt My House|67/100|[from] item: Leftovers\n|-fieldend|move: Trick Room\n|upkeep\n|turn|6\n|-activate|p2b: Haunted House|ability: Quick Draw\n|\n|t:|1776729507\n|detailschange|p1a: Lucifer|Charizard-Mega-X, L50, M\n|-mega|p1a: Lucifer|Charizard|Charizardite X\n|move|p2a: Haunt My House|Rage Powder|p2a: Haunt My House\n|-singleturn|p2a: Haunt My House|move: Rage Powder\n|move|p2b: Haunted House|Shell Side Arm|p1a: Lucifer|[anim] Shell Side Arm Physical\n|-damage|p1a: Lucifer|0 fnt\n|-hint|Physical Shell Side Arm\n|faint|p1a: Lucifer\n|move|p1b: Echo|Air Slash|p2a: Haunt My House\n|-supereffective|p2a: Haunt My House|1\n|-damage|p2a: Haunt My House|10/100\n|\n|-heal|p2a: Haunt My House|16/100|[from] item: Leftovers\n|upkeep\n|turn|7\n|c|\u2606MegaMege|oh lol\n|c|\u2606MegaMege|alrighty then\n|c|\u2606MegaMege|gg\n|c|\u2606Strin|Gg\n|-message|MegaMege forfeited.\n|\n|win|Strin\n|raw|MegaMege's rating: 1088 &rarr; <strong>1071</strong><br />(-17 for losing)\n|raw|Strin's rating: 1178 &rarr; <strong>1197</strong><br />(+19 for winning)\n|l|\u2606MegaMege\n|player|p1|\n",
  "uploadtime": 1776729536,
  "views": 10,
  "formatid": "gen9championsvgc2026regma",
  "rating": 1071,
  "private": 0,
  "password": null
}