{
  "id": "gen9championsvgc2026regma-2585354899",
  "format": "[Gen 9 Champions] VGC 2026 Reg M-A",
  "players": [
    "FeatherTaill",
    "Junip_Cincc"
  ],
  "log": "|j|\u2606FeatherTaill\n|j|\u2606Junip_Cincc\n|t:|1776340740\n|gametype|doubles\n|player|p1|FeatherTaill|backersf|1027\n|player|p2|Junip_Cincc|2|1011\n|gen|9\n|tier|[Gen 9 Champions] VGC 2026 Reg M-A\n|rated|\n|rule|Species Clause: Limit one of each Pok\u00e9mon\n|rule|Item Clause: Limit 1 of each item\n|clearpoke\n|poke|p1|Froslass, L50, F|\n|poke|p1|Rotom-Frost, L50|\n|poke|p1|Garchomp, L50, F|\n|poke|p1|Empoleon, L50, F|\n|poke|p1|Incineroar, L50, F|\n|poke|p1|Kingambit, L50, F|\n|poke|p2|Lucario, L50, F|\n|poke|p2|Incineroar, L50, M|\n|poke|p2|Altaria, L50, F|\n|poke|p2|Maushold, L50|\n|poke|p2|Slowbro, L50, F|\n|poke|p2|Volcarona, L50, M|\n|teampreview|4\n|\n|t:|1776340758\n|teamsize|p1|4\n|teamsize|p2|4\n|start\n|switch|p1a: Incineroar|Incineroar, L50, F|100/100\n|switch|p1b: Kingambit|Kingambit, L50, F|100/100\n|switch|p2a: Slowbro|Slowbro, L50, F|100/100\n|switch|p2b: Altaria|Altaria, L50, F|100/100\n|-ability|p2b: Altaria|Cloud Nine\n|-ability|p1a: Incineroar|Intimidate|boost\n|-unboost|p2a: Slowbro|atk|1\n|-unboost|p2b: Altaria|atk|1\n|turn|1\n|inactive|Battle timer is ON: inactive players will automatically lose when time's up. (requested by FeatherTaill)\n|\n|t:|1776340786\n|detailschange|p2a: Slowbro|Slowbro-Mega, L50, F\n|-mega|p2a: Slowbro|Slowbro|Slowbronite\n|move|p1b: Kingambit|Protect|p1b: Kingambit\n|-singleturn|p1b: Kingambit|Protect\n|move|p1a: Incineroar|Fake Out|p2b: Altaria\n|-damage|p2b: Altaria|87/100\n|cant|p2b: Altaria|flinch\n|move|p2a: Slowbro|Scald|p1a: Incineroar\n|-supereffective|p1a: Incineroar|1\n|-damage|p1a: Incineroar|31/100\n|-enditem|p1a: Incineroar|Sitrus Berry|[eat]\n|-heal|p1a: Incineroar|56/100|[from] item: Sitrus Berry\n|\n|-heal|p2b: Altaria|93/100|[from] item: Leftovers\n|upkeep\n|turn|2\n|inactive|Junip_Cincc has 30 seconds left.\n|\n|t:|1776340811\n|move|p1b: Kingambit|Sucker Punch|p2a: Slowbro\n|-supereffective|p2a: Slowbro|1\n|-damage|p2a: Slowbro|53/100\n|move|p2b: Altaria|Tailwind|p2b: Altaria\n|-sidestart|p2: Junip_Cincc|move: Tailwind\n|move|p2a: Slowbro|Scald|p1a: Incineroar\n|-supereffective|p1a: Incineroar|1\n|-damage|p1a: Incineroar|0 fnt\n|faint|p1a: Incineroar\n|\n|-heal|p2b: Altaria|99/100|[from] item: Leftovers\n|upkeep\n|\n|t:|1776340831\n|switch|p1a: Froslass|Froslass, L50, F, shiny|100/100\n|turn|3\n|\n|t:|1776340842\n|detailschange|p1a: Froslass|Froslass-Mega, L50, F, shiny\n|-mega|p1a: Froslass|Froslass|Froslassite\n|-weather|Snowscape|[from] ability: Snow Warning|[of] p1a: Froslass\n|move|p1b: Kingambit|Sucker Punch||[still]\n|-fail|p1b: Kingambit\n|move|p2b: Altaria|Will-O-Wisp|p1b: Kingambit\n|-status|p1b: Kingambit|brn\n|move|p1a: Froslass|Blizzard|p2a: Slowbro|[spread] p2a,p2b\n|-resisted|p2a: Slowbro|1\n|-supereffective|p2b: Altaria|2\n|-damage|p2a: Slowbro|32/100\n|-damage|p2b: Altaria|0 fnt\n|faint|p2b: Altaria\n|move|p2a: Slowbro|Slack Off|p2a: Slowbro\n|-heal|p2a: Slowbro|82/100\n|\n|-weather|Snowscape|[upkeep]\n|-damage|p1b: Kingambit|95/100 brn|[from] brn\n|upkeep\n|\n|t:|1776340864\n|switch|p2b: Volcarona|Volcarona, L50, M|100/100\n|turn|4\n|\n|t:|1776340885\n|switch|p1b: Garchomp|Garchomp, L50, F, shiny|100/100\n|move|p1a: Froslass|Protect|p1a: Froslass\n|-singleturn|p1a: Froslass|Protect\n|move|p2b: Volcarona|Quiver Dance|p2b: Volcarona\n|-boost|p2b: Volcarona|spa|1\n|-boost|p2b: Volcarona|spd|1\n|-boost|p2b: Volcarona|spe|1\n|move|p2a: Slowbro|Icy Wind|p1a: Froslass|[spread] p1b\n|-activate|p1a: Froslass|move: Protect\n|-supereffective|p1b: Garchomp|2\n|-damage|p1b: Garchomp|37/100\n|-unboost|p1b: Garchomp|spe|1\n|-enditem|p1b: Garchomp|White Herb\n|-clearnegativeboost|p1b: Garchomp|[silent]\n|\n|-weather|Snowscape|[upkeep]\n|upkeep\n|turn|5\n|\n|t:|1776340905\n|move|p1b: Garchomp|Protect|p1b: Garchomp\n|-singleturn|p1b: Garchomp|Protect\n|move|p2b: Volcarona|Heat Wave|p1b: Garchomp|[spread] p1a\n|-activate|p1b: Garchomp|move: Protect\n|-supereffective|p1a: Froslass|1\n|-damage|p1a: Froslass|0 fnt\n|faint|p1a: Froslass\n|move|p2a: Slowbro|Icy Wind|p1b: Garchomp\n|-activate|p1b: Garchomp|move: Protect\n|\n|-weather|Snowscape|[upkeep]\n|-sideend|p2: Junip_Cincc|move: Tailwind\n|upkeep\n|\n|t:|1776340911\n|switch|p1a: Kingambit|Kingambit, L50, F|95/100 brn\n|turn|6\n|\n|t:|1776340928\n|move|p1a: Kingambit|Sucker Punch|p2a: Slowbro\n|-supereffective|p2a: Slowbro|1\n|-damage|p2a: Slowbro|60/100\n|move|p2b: Volcarona|Heat Wave|p1a: Kingambit|[spread] p1a,p1b\n|-supereffective|p1a: Kingambit|1\n|-resisted|p1b: Garchomp|1\n|-damage|p1a: Kingambit|0 fnt\n|-damage|p1b: Garchomp|6/100\n|faint|p1a: Kingambit\n|move|p1b: Garchomp|Rock Slide|p2b: Volcarona|[spread] p2a,p2b\n|-supereffective|p2b: Volcarona|2\n|-damage|p2a: Slowbro|50/100\n|-enditem|p2b: Volcarona|Focus Sash\n|-damage|p2b: Volcarona|1/100\n|move|p2a: Slowbro|Scald|p1b: Garchomp\n|-crit|p1b: Garchomp\n|-damage|p1b: Garchomp|0 fnt\n|faint|p1b: Garchomp\n|\n|win|Junip_Cincc\n|raw|FeatherTaill's rating: 1027 &rarr; <strong>1012</strong><br />(-15 for losing)\n|raw|Junip_Cincc's rating: 1011 &rarr; <strong>1051</strong><br />(+40 for winning)\n|l|\u2606FeatherTaill\n|player|p1|\n",
  "uploadtime": 1776340948,
  "views": 24,
  "formatid": "gen9championsvgc2026regma",
  "rating": 1012,
  "private": 0,
  "password": null
}