{
  "id": "gen9championsvgc2026regma-2580873543",
  "format": "[Gen 9 Champions] VGC 2026 Reg M-A",
  "players": [
    "blue schucle",
    "omgCagliostro"
  ],
  "log": "|j|\u2606blue schucle\n|j|\u2606omgCagliostro\n|t:|1775939512\n|gametype|doubles\n|player|p1|blue schucle|lance|1043\n|player|p2|omgCagliostro|yellow|1108\n|gen|9\n|tier|[Gen 9 Champions] VGC 2026 Reg M-A\n|rated|\n|rule|Species Clause: Limit one of each Pok\u00e9mon\n|rule|Item Clause: Limit 1 of each item\n|clearpoke\n|poke|p1|Farigiraf, L50, M|\n|poke|p1|Gengar, L50, M|\n|poke|p1|Gardevoir, L50, F|\n|poke|p1|Sneasler, L50, M|\n|poke|p1|Mimikyu, L50, M|\n|poke|p1|Incineroar, L50, M|\n|poke|p2|Kleavor, L50, F|\n|poke|p2|Dragonite, L50, F|\n|poke|p2|Pelipper, L50, M|\n|poke|p2|Primarina, L50, M|\n|poke|p2|Archaludon, L50, M|\n|poke|p2|Kingambit, L50, F|\n|teampreview|4\n|inactive|Battle timer is ON: inactive players will automatically lose when time's up. (requested by blue schucle)\n|\n|t:|1775939547\n|teamsize|p1|4\n|teamsize|p2|4\n|start\n|switch|p1a: HANNAH|Farigiraf, L50, M|100/100\n|switch|p1b: Umbra whitch|Gardevoir, L50, F, shiny|100/100\n|switch|p2a: Kleavor|Kleavor, L50, F|100/100\n|switch|p2b: Kingambit|Kingambit, L50, F|100/100\n|-ability|p1b: Umbra whitch|Defiant|Trace|[from] ability: Trace|[of] p2b: Kingambit\n|turn|1\n|inactive|blue schucle has 30 seconds left.\n|inactive|omgCagliostro has 30 seconds left.\n|inactive|omgCagliostro has 20 seconds left.\n|inactive|omgCagliostro has 15 seconds left.\n|inactive|omgCagliostro has 10 seconds left.\n|\n|t:|1775939593\n|detailschange|p1b: Umbra whitch|Gardevoir-Mega, L50, F, shiny\n|-mega|p1b: Umbra whitch|Gardevoir|Gardevoirite\n|move|p2a: Kleavor|Stone Axe|p1b: Umbra whitch|[miss]\n|-miss|p2a: Kleavor|p1b: Umbra whitch\n|move|p1b: Umbra whitch|Hyper Voice|p2b: Kingambit|[spread] p2a,p2b\n|-damage|p2a: Kleavor|12/100\n|-damage|p2b: Kingambit|44/100\n|move|p2b: Kingambit|Kowtow Cleave|p1a: HANNAH\n|-supereffective|p1a: HANNAH|1\n|-damage|p1a: HANNAH|12/100\n|move|p1a: HANNAH|Hyper Voice|p2a: Kleavor|[spread] p2a,p2b\n|-resisted|p2a: Kleavor|1\n|-resisted|p2b: Kingambit|1\n|-damage|p2a: Kleavor|0 fnt\n|-damage|p2b: Kingambit|31/100\n|faint|p2a: Kleavor\n|\n|-heal|p1a: HANNAH|19/100|[from] item: Leftovers\n|upkeep\n|inactive|omgCagliostro has 30 seconds left.\n|inactive|omgCagliostro has 20 seconds left.\n|inactive|omgCagliostro has 15 seconds left.\n|inactive|omgCagliostro has 10 seconds left.\n|inactive|omgCagliostro has 5 seconds left.\n|\n|t:|1775939643\n|switch|p2a: Pelipper|Pelipper, L50, M|100/100\n|-weather|RainDance|[from] ability: Drizzle|[of] p2a: Pelipper\n|turn|2\n|\n|t:|1775939659\n|move|p2b: Kingambit|Protect|p2b: Kingambit\n|-singleturn|p2b: Kingambit|Protect\n|move|p1b: Umbra whitch|Hyper Voice|p2b: Kingambit|[spread] p2a\n|-activate|p2b: Kingambit|move: Protect\n|-damage|p2a: Pelipper|16/100\n|move|p2a: Pelipper|Tailwind|p2a: Pelipper\n|-sidestart|p2: omgCagliostro|move: Tailwind\n|move|p1a: HANNAH|Wish|p1a: HANNAH\n|\n|-weather|RainDance|[upkeep]\n|-heal|p1a: HANNAH|25/100|[from] item: Leftovers\n|upkeep\n|turn|3\n|inactive|blue schucle has 30 seconds left.\n|inactive|blue schucle has 20 seconds left.\n|inactive|omgCagliostro has 30 seconds left.\n|\n|t:|1775939712\n|move|p1a: HANNAH|Protect|p1a: HANNAH\n|-singleturn|p1a: HANNAH|Protect\n|move|p2a: Pelipper|Weather Ball|p1a: HANNAH\n|-activate|p1a: HANNAH|move: Protect\n|move|p2b: Kingambit|Iron Head|p1b: Umbra whitch\n|-supereffective|p1b: Umbra whitch|1\n|-damage|p1b: Umbra whitch|0 fnt\n|faint|p1b: Umbra whitch\n|\n|-weather|RainDance|[upkeep]\n|-heal|p1a: HANNAH|75/100|[from] move: Wish|[wisher] HANNAH\n|-heal|p1a: HANNAH|81/100|[from] item: Leftovers\n|upkeep\n|\n|t:|1775939728\n|switch|p1b: Mimikyu|Mimikyu, L50, M, shiny|100/100\n|turn|4\n|\n|t:|1775939749\n|move|p1b: Mimikyu|Shadow Sneak|p2a: Pelipper\n|-crit|p2a: Pelipper\n|-damage|p2a: Pelipper|0 fnt\n|faint|p2a: Pelipper\n|move|p2b: Kingambit|Kowtow Cleave|p1a: HANNAH\n|-supereffective|p1a: HANNAH|1\n|-damage|p1a: HANNAH|0 fnt\n|faint|p1a: HANNAH\n|\n|-weather|RainDance|[upkeep]\n|upkeep\n|\n|t:|1775939760\n|switch|p2a: Primarina|Primarina, L50, M|100/100\n|switch|p1a: Sneasler|Sneasler, L50, M|100/100\n|turn|5\n|inactive|omgCagliostro has 30 seconds left.\n|inactive|omgCagliostro has 20 seconds left.\n|\n|t:|1775939795\n|move|p1a: Sneasler|Fake Out|p2b: Kingambit\n|-resisted|p2b: Kingambit|1\n|-damage|p2b: Kingambit|25/100\n|move|p2a: Primarina|Hyper Voice|p1b: Mimikyu|[spread] p1a,p1b\n|-damage|p1a: Sneasler|4/100\n|-activate|p1b: Mimikyu|ability: Disguise\n|-damage|p1b: Mimikyu|100/100\n|detailschange|p1b: Mimikyu|Mimikyu-Busted, L50, M, shiny\n|-damage|p1b: Mimikyu|88/100|[from] pokemon: Mimikyu-Busted\n|cant|p2b: Kingambit|flinch\n|move|p1b: Mimikyu|Shadow Claw|p2a: Primarina\n|-damage|p2a: Primarina|61/100\n|\n|-weather|RainDance|[upkeep]\n|-sideend|p2: omgCagliostro|move: Tailwind\n|upkeep\n|turn|6\n|inactive|blue schucle has 30 seconds left.\n|\n|t:|1775939826\n|move|p1b: Mimikyu|Shadow Sneak|p2b: Kingambit\n|-resisted|p2b: Kingambit|1\n|-damage|p2b: Kingambit|19/100\n|move|p2b: Kingambit|Sucker Punch|p1a: Sneasler\n|-resisted|p1a: Sneasler|1\n|-damage|p1a: Sneasler|0 fnt\n|faint|p1a: Sneasler\n|move|p2a: Primarina|Hyper Voice|p1b: Mimikyu\n|-damage|p1b: Mimikyu|0 fnt\n|faint|p1b: Mimikyu\n|\n|win|omgCagliostro\n|raw|blue schucle's rating: 1043 &rarr; <strong>1030</strong><br />(-13 for losing)\n|raw|omgCagliostro's rating: 1108 &rarr; <strong>1128</strong><br />(+20 for winning)\n",
  "uploadtime": 1775939837,
  "views": 18,
  "formatid": "gen9championsvgc2026regma",
  "rating": 1030,
  "private": 0,
  "password": null
}