{
  "id": "gen9championsvgc2026regma-2583125491",
  "format": "[Gen 9 Champions] VGC 2026 Reg M-A",
  "players": [
    "Snail Fan",
    "SlowpokeAZ"
  ],
  "log": "|j|\u2606Snail Fan\n|j|\u2606SlowpokeAZ\n|t:|1776145054\n|gametype|doubles\n|player|p1|Snail Fan|colress|1034\n|player|p2|SlowpokeAZ|2|1000\n|gen|9\n|tier|[Gen 9 Champions] VGC 2026 Reg M-A\n|rated|\n|rule|Species Clause: Limit one of each Pok\u00e9mon\n|rule|Item Clause: Limit 1 of each item\n|clearpoke\n|poke|p1|Tyranitar, L50, F|\n|poke|p1|Sandaconda, L50, F|\n|poke|p1|Aerodactyl, L50, F|\n|poke|p1|Sneasler, L50, F|\n|poke|p1|Sinistcha, L50|\n|poke|p1|Bellibolt, L50, M|\n|poke|p2|Sylveon, L50, F|\n|poke|p2|Maushold, L50|\n|poke|p2|Dragonite, L50, M|\n|poke|p2|Pelipper, L50, M|\n|poke|p2|Incineroar, L50, M|\n|poke|p2|Aegislash, L50, F|\n|teampreview|4\n|inactive|Battle timer is ON: inactive players will automatically lose when time's up. (requested by SlowpokeAZ)\nSnail Fan rejected open team sheets.\n|\n|t:|1776145099\n|teamsize|p1|4\n|teamsize|p2|4\n|start\n|switch|p1a: Bellibolt|Bellibolt, L50, M|100/100\n|switch|p1b: Sandaconda|Sandaconda, L50, F, shiny|100/100\n|switch|p2a: Incineroar|Incineroar, L50, M|100/100\n|switch|p2b: Aegislash|Aegislash, L50, F|100/100\n|-ability|p2a: Incineroar|Intimidate|boost\n|-unboost|p1a: Bellibolt|atk|1\n|-unboost|p1b: Sandaconda|atk|1\n|turn|1\n|\n|t:|1776145115\n|move|p2a: Incineroar|Fake Out|p1b: Sandaconda\n|-damage|p1b: Sandaconda|90/100\n|cant|p1b: Sandaconda|flinch\n|-formechange|p2b: Aegislash|Aegislash-Blade|\n|move|p2b: Aegislash|Shadow Ball|p1a: Bellibolt\n|-damage|p1a: Bellibolt|53/100\n|-start|p1a: Bellibolt|Charge|Shadow Ball|[from] ability: Electromorphosis\n|move|p1a: Bellibolt|Reflect|p1a: Bellibolt\n|-sidestart|p1: Snail Fan|Reflect\n|\n|-heal|p1b: Sandaconda|96/100|[from] item: Leftovers\n|upkeep\n|turn|2\n|\n|t:|1776145131\n|move|p1b: Sandaconda|Minimize|p1b: Sandaconda\n|-boost|p1b: Sandaconda|evasion|2\n|move|p2a: Incineroar|Parting Shot|p1b: Sandaconda|[miss]\n|-miss|p2a: Incineroar|p1b: Sandaconda\n|move|p2b: Aegislash|Shadow Ball|p1a: Bellibolt\n|-damage|p1a: Bellibolt|6/100\n|-start|p1a: Bellibolt|Charge|Shadow Ball|[from] ability: Electromorphosis\n|move|p1a: Bellibolt|Parabolic Charge|p2a: Incineroar|[spread] p2a,p2b\n|-immune|p1b: Sandaconda\n|-damage|p2a: Incineroar|69/100\n|-heal|p1a: Bellibolt|19/100|[from] drain|[of] p2a: Incineroar\n|-damage|p2b: Aegislash|39/100\n|-heal|p1a: Bellibolt|43/100|[from] drain|[of] p2b: Aegislash\n|-end|p1a: Bellibolt|Charge|[silent]\n|\n|-heal|p1b: Sandaconda|100/100|[from] item: Leftovers\n|upkeep\n|turn|3\n|inactive|Snail Fan has 30 seconds left.\n|inactive|SlowpokeAZ has 30 seconds left.\n|\n|t:|1776145160\n|move|p2b: Aegislash|Wide Guard|p2b: Aegislash\n|-singleturn|p2b: Aegislash|Wide Guard\n|move|p1b: Sandaconda|Minimize|p1b: Sandaconda\n|-boost|p1b: Sandaconda|evasion|2\n|move|p2a: Incineroar|Flare Blitz|p1a: Bellibolt\n|-damage|p1a: Bellibolt|17/100\n|-status|p1a: Bellibolt|brn\n|-start|p1a: Bellibolt|Charge|Flare Blitz|[from] ability: Electromorphosis\n|-damage|p2a: Incineroar|59/100|[from] Recoil\n|move|p1a: Bellibolt|Light Screen|p1a: Bellibolt\n|-sidestart|p1: Snail Fan|move: Light Screen\n|\n|-damage|p1a: Bellibolt|11/100 brn|[from] brn\n|upkeep\n|turn|4\n|\n|t:|1776145179\n|-formechange|p2b: Aegislash|Aegislash|\n|move|p2b: Aegislash|King's Shield||[still]\n|-fail|p2b: Aegislash\n|move|p1b: Sandaconda|Minimize|p1b: Sandaconda\n|-boost|p1b: Sandaconda|evasion|2\n|move|p2a: Incineroar|Darkest Lariat|p1b: Sandaconda\n|-damage|p1b: Sandaconda|76/100\n|move|p1a: Bellibolt|Parabolic Charge|p2b: Aegislash|[spread] p2a,p2b\n|-immune|p1b: Sandaconda\n|-damage|p2a: Incineroar|25/100\n|-heal|p1a: Bellibolt|25/100 brn|[from] drain|[of] p2a: Incineroar\n|-damage|p2b: Aegislash|9/100\n|-heal|p1a: Bellibolt|37/100 brn|[from] drain|[of] p2b: Aegislash\n|-enditem|p2a: Incineroar|Sitrus Berry|[eat]\n|-heal|p2a: Incineroar|50/100|[from] item: Sitrus Berry\n|-end|p1a: Bellibolt|Charge|[silent]\n|\n|-heal|p1b: Sandaconda|83/100|[from] item: Leftovers\n|-damage|p1a: Bellibolt|31/100 brn|[from] brn\n|upkeep\n|turn|5\n|\n|t:|1776145201\n|move|p2b: Aegislash|Wide Guard|p2b: Aegislash\n|-singleturn|p2b: Aegislash|Wide Guard\n|move|p1b: Sandaconda|Coil|p1b: Sandaconda\n|-boost|p1b: Sandaconda|atk|1\n|-boost|p1b: Sandaconda|def|1\n|-boost|p1b: Sandaconda|accuracy|1\n|move|p2a: Incineroar|Darkest Lariat|p1b: Sandaconda\n|-damage|p1b: Sandaconda|60/100\n|move|p1a: Bellibolt|Parabolic Charge|p2b: Aegislash|[spread] \n|-activate|p2a: Incineroar|move: Wide Guard\n|-activate|p2b: Aegislash|move: Wide Guard\n|-immune|p1b: Sandaconda\n|\n|-heal|p1b: Sandaconda|66/100|[from] item: Leftovers\n|-damage|p1a: Bellibolt|25/100 brn|[from] brn\n|-sideend|p1: Snail Fan|Reflect\n|upkeep\n|turn|6\n|inactive|Snail Fan has 30 seconds left.\n|\n|t:|1776145227\n|switch|p1a: Tyranitar|Tyranitar, L50, F, shiny|100/100\n|-weather|Sandstorm|[from] ability: Sand Stream|[of] p1a: Tyranitar\n|move|p1b: Sandaconda|Glare|p2a: Incineroar\n|-status|p2a: Incineroar|par\n|-formechange|p2b: Aegislash|Aegislash-Blade|\n|move|p2b: Aegislash|Shadow Ball|p1a: Tyranitar\n|-resisted|p1a: Tyranitar|1\n|-damage|p1a: Tyranitar|94/100\n|move|p2a: Incineroar|Darkest Lariat|p1b: Sandaconda|[miss]\n|-miss|p2a: Incineroar|p1b: Sandaconda\n|\n|-weather|Sandstorm|[upkeep]\n|-damage|p2a: Incineroar|44/100 par|[from] Sandstorm\n|-heal|p1b: Sandaconda|73/100|[from] item: Leftovers\n|upkeep\n|turn|7\n|\n|t:|1776145251\n|-formechange|p2b: Aegislash|Aegislash|\n|move|p2b: Aegislash|King's Shield|p2b: Aegislash\n|-singleturn|p2b: Aegislash|Protect\n|move|p1b: Sandaconda|Coil|p1b: Sandaconda\n|-boost|p1b: Sandaconda|atk|1\n|-boost|p1b: Sandaconda|def|1\n|-boost|p1b: Sandaconda|accuracy|1\n|move|p1a: Tyranitar|Knock Off|p2b: Aegislash\n|-activate|p2b: Aegislash|move: Protect\n|-unboost|p1a: Tyranitar|atk|1\n|move|p2a: Incineroar|Parting Shot|p1a: Tyranitar\n|-unboost|p1a: Tyranitar|atk|1\n|-unboost|p1a: Tyranitar|spa|1\n|\n|t:|1776145271\n|switch|p2a: Pelipper|Pelipper, L50, M|100/100|[from] Parting Shot\n|-weather|RainDance|[from] ability: Drizzle|[of] p2a: Pelipper\n|\n|-weather|RainDance|[upkeep]\n|-heal|p1b: Sandaconda|79/100|[from] item: Leftovers\n|-sideend|p1: Snail Fan|move: Light Screen\n|upkeep\n|turn|8\n|\n|t:|1776145286\n|switch|p1a: Aerodactyl|Aerodactyl, L50, F|100/100\n|-ability|p1a: Aerodactyl|Unnerve\n|move|p2a: Pelipper|Protect|p2a: Pelipper\n|-singleturn|p2a: Pelipper|Protect\n|move|p1b: Sandaconda|Glare|p2a: Pelipper\n|-activate|p2a: Pelipper|move: Protect\n|-formechange|p2b: Aegislash|Aegislash-Blade|\n|move|p2b: Aegislash|Flash Cannon|p1a: Aerodactyl\n|-supereffective|p1a: Aerodactyl|1\n|-damage|p1a: Aerodactyl|0 fnt\n|faint|p1a: Aerodactyl\n|\n|-weather|RainDance|[upkeep]\n|-heal|p1b: Sandaconda|85/100|[from] item: Leftovers\n|upkeep\n|\n|t:|1776145294\n|switch|p1a: Tyranitar|Tyranitar, L50, F, shiny|94/100\n|-weather|Sandstorm|[from] ability: Sand Stream|[of] p1a: Tyranitar\n|turn|9\n|\n|t:|1776145306\n|switch|p2a: Incineroar|Incineroar, L50, M|44/100 par\n|-ability|p2a: Incineroar|Intimidate|boost\n|-unboost|p1a: Tyranitar|atk|1\n|-unboost|p1b: Sandaconda|atk|1\n|-formechange|p2b: Aegislash|Aegislash|\n|move|p2b: Aegislash|King's Shield|p2b: Aegislash\n|-singleturn|p2b: Aegislash|Protect\n|move|p1b: Sandaconda|Glare|p2a: Incineroar\n|-fail|p2a: Incineroar|par\n|move|p1a: Tyranitar|Knock Off|p2a: Incineroar\n|-resisted|p2a: Incineroar|1\n|-damage|p2a: Incineroar|35/100 par\n|\n|-weather|Sandstorm|[upkeep]\n|-damage|p2a: Incineroar|29/100 par|[from] Sandstorm\n|-heal|p1b: Sandaconda|91/100|[from] item: Leftovers\n|upkeep\n|turn|10\n|\n|t:|1776145326\n|move|p2a: Incineroar|Fake Out|p1a: Tyranitar\n|-resisted|p1a: Tyranitar|1\n|-damage|p1a: Tyranitar|89/100\n|move|p1b: Sandaconda|Rock Slide|p2a: Incineroar|[spread] p2a,p2b\n|-supereffective|p2a: Incineroar|1\n|-resisted|p2b: Aegislash|1\n|-damage|p2a: Incineroar|2/100 par\n|-damage|p2b: Aegislash|4/100\n|cant|p1a: Tyranitar|flinch\n|-formechange|p2b: Aegislash|Aegislash-Blade|\n|move|p2b: Aegislash|Flash Cannon|p1a: Tyranitar\n|-supereffective|p1a: Tyranitar|1\n|-damage|p1a: Tyranitar|50/100\n|\n|-weather|Sandstorm|[upkeep]\n|-damage|p2a: Incineroar|0 fnt|[from] Sandstorm\n|faint|p2a: Incineroar\n|-heal|p1b: Sandaconda|97/100|[from] item: Leftovers\n|upkeep\n|\n|t:|1776145340\n|switch|p2a: Pelipper|Pelipper, L50, M|100/100\n|-weather|RainDance|[from] ability: Drizzle|[of] p2a: Pelipper\n|turn|11\n|\n|t:|1776145353\n|switch|p1a: Bellibolt|Bellibolt, L50, M|25/100 brn\n|move|p2b: Aegislash|Wide Guard|p2b: Aegislash\n|-singleturn|p2b: Aegislash|Wide Guard\n|move|p2a: Pelipper|Weather Ball|p1b: Sandaconda|[miss]\n|-miss|p2a: Pelipper|p1b: Sandaconda\n|move|p1b: Sandaconda|Glare|p2a: Pelipper\n|-status|p2a: Pelipper|par\n|\n|-weather|RainDance|[upkeep]\n|-heal|p1b: Sandaconda|100/100|[from] item: Leftovers\n|-damage|p1a: Bellibolt|19/100 brn|[from] brn\n|upkeep\n|turn|12\n|\n|t:|1776145371\n|switch|p1a: Tyranitar|Tyranitar, L50, F, shiny|50/100\n|-weather|Sandstorm|[from] ability: Sand Stream|[of] p1a: Tyranitar\n|move|p2a: Pelipper|Protect|p2a: Pelipper\n|-singleturn|p2a: Pelipper|Protect\n|move|p1b: Sandaconda|Rock Slide|p2a: Pelipper|[spread] p2b\n|-activate|p2a: Pelipper|move: Protect\n|-resisted|p2b: Aegislash|1\n|-damage|p2b: Aegislash|0 fnt\n|faint|p2b: Aegislash\n|\n|-weather|Sandstorm|[upkeep]\n|-damage|p2a: Pelipper|94/100 par|[from] Sandstorm\n|upkeep\n|\n|t:|1776145375\n|switch|p2b: Dragonite|Dragonite, L50, M|100/100\n|turn|13\n|\n|t:|1776145400\n|detailschange|p2b: Dragonite|Dragonite-Mega, L50, M\n|-mega|p2b: Dragonite|Dragonite|Dragoninite\n|move|p2b: Dragonite|Draco Meteor|p1b: Sandaconda|[miss]\n|-miss|p2b: Dragonite|p1b: Sandaconda\n|move|p1b: Sandaconda|Rock Slide|p2a: Pelipper|[spread] p2a,p2b\n|-supereffective|p2a: Pelipper|1\n|-supereffective|p2b: Dragonite|1\n|-damage|p2a: Pelipper|62/100 par\n|-damage|p2b: Dragonite|87/100\n|move|p1a: Tyranitar|Rock Slide|p2a: Pelipper|[spread] p2a,p2b\n|-supereffective|p2a: Pelipper|1\n|-supereffective|p2b: Dragonite|1\n|-damage|p2a: Pelipper|9/100 par\n|-damage|p2b: Dragonite|37/100\n|cant|p2a: Pelipper|par\n|\n|-weather|Sandstorm|[upkeep]\n|-damage|p2b: Dragonite|31/100|[from] Sandstorm\n|-damage|p2a: Pelipper|3/100 par|[from] Sandstorm\n|upkeep\n|turn|14\n|\n|t:|1776145419\n|move|p2b: Dragonite|Hurricane|p1a: Tyranitar|[miss]\n|-miss|p2b: Dragonite|p1a: Tyranitar\n|move|p1b: Sandaconda|Rock Slide|p2a: Pelipper|[spread] p2a,p2b\n|-supereffective|p2a: Pelipper|1\n|-supereffective|p2b: Dragonite|1\n|-damage|p2a: Pelipper|0 fnt\n|-damage|p2b: Dragonite|6/100\n|faint|p2a: Pelipper\n|move|p1a: Tyranitar|Rock Slide|p2b: Dragonite\n|-supereffective|p2b: Dragonite|1\n|-damage|p2b: Dragonite|0 fnt\n|faint|p2b: Dragonite\n|\n|win|Snail Fan\n|raw|Snail Fan's rating: 1034 &rarr; <strong>1065</strong><br />(+31 for winning)\n|raw|SlowpokeAZ's rating: 1000 &rarr; <strong>1000</strong><br />(+0 for losing)\n|l|\u2606SlowpokeAZ\n|player|p2|\n",
  "uploadtime": 1776145434,
  "views": 16,
  "formatid": "gen9championsvgc2026regma",
  "rating": 1000,
  "private": 0,
  "password": null
}