{
  "id": "gen9championsvgc2026regma-2588082953",
  "format": "[Gen 9 Champions] VGC 2026 Reg M-A",
  "players": [
    "EXSA",
    "Tyqe1"
  ],
  "log": "|j|\u2606EXSA\n|j|\u2606Tyqe1\n|t:|1776602279\n|gametype|doubles\n|player|p1|EXSA|266|1214\n|player|p2|Tyqe1|266|1183\n|gen|9\n|tier|[Gen 9 Champions] VGC 2026 Reg M-A\n|rated|\n|rule|Species Clause: Limit one of each Pok\u00e9mon\n|rule|Item Clause: Limit 1 of each item\n|clearpoke\n|poke|p1|Oranguru, L50, M|\n|poke|p1|Incineroar, L50, M|\n|poke|p1|Torkoal, L50, M|\n|poke|p1|Venusaur, L50, M|\n|poke|p1|Aerodactyl, L50, M|\n|poke|p1|Gallade, L50, M|\n|poke|p2|Lucario, L50, M|\n|poke|p2|Dragapult, L50, M|\n|poke|p2|Tsareena, L50, F|\n|poke|p2|Incineroar, L50, F|\n|poke|p2|Whimsicott, L50, M|\n|poke|p2|Palafin, L50, M|\n|teampreview|4\n|\n|t:|1776602329\n|teamsize|p1|4\n|teamsize|p2|4\n|start\n|switch|p1a: Oranguru|Oranguru, L50, M|100/100\n|switch|p1b: Incineroar|Incineroar, L50, M|100/100\n|switch|p2a: Whimsicott|Whimsicott, L50, M|100/100\n|switch|p2b: Palafin|Palafin, L50, M|100/100\n|-ability|p1b: Incineroar|Intimidate|boost\n|-unboost|p2a: Whimsicott|atk|1\n|-unboost|p2b: Palafin|atk|1\n|turn|1\n|\n|t:|1776602346\n|detailschange|p2b: Palafin|Palafin-Hero, L50, M\n|switch|p2b: Incineroar|Incineroar, L50, F|100/100\n|-ability|p2b: Incineroar|Intimidate|boost\n|-fail|p1a: Oranguru|unboost|Attack|[from] ability: Inner Focus|[of] p1a: Oranguru\n|-unboost|p1b: Incineroar|atk|1\n|move|p1b: Incineroar|Fake Out|p2b: Incineroar\n|-damage|p2b: Incineroar|93/100\n|move|p2a: Whimsicott|Taunt|p1a: Oranguru\n|-start|p1a: Oranguru|move: Taunt\n|-enditem|p1a: Oranguru|Mental Herb\n|-end|p1a: Oranguru|move: Taunt\n|move|p1a: Oranguru|Trick Room|p1a: Oranguru\n|-fieldstart|move: Trick Room|[of] p1a: Oranguru\n|\n|upkeep\n|turn|2\n|\n|t:|1776602376\n|switch|p1a: Torkoal|Torkoal, L50, M|100/100\n|-weather|SunnyDay|[from] ability: Drought|[of] p1a: Torkoal\n|move|p2a: Whimsicott|Encore||[still]\n|-fail|p2a: Whimsicott\n|move|p1b: Incineroar|Parting Shot|p2b: Incineroar\n|-unboost|p2b: Incineroar|atk|1\n|-unboost|p2b: Incineroar|spa|1\n|\n|t:|1776602386\n|switch|p1b: Oranguru|Oranguru, L50, M|100/100|[from] Parting Shot\n|move|p2b: Incineroar|Parting Shot|p1b: Oranguru\n|-unboost|p1b: Oranguru|atk|1\n|-unboost|p1b: Oranguru|spa|1\n|\n|t:|1776602393\n|switch|p2b: Palafin|Palafin-Hero, L50, M|100/100|[from] Parting Shot\n|-activate|p2b: Palafin|ability: Zero to Hero\n|\n|-weather|SunnyDay|[upkeep]\n|upkeep\n|turn|3\n|\n|t:|1776602407\n|move|p2a: Whimsicott|Taunt|p1b: Oranguru\n|-start|p1b: Oranguru|move: Taunt\n|move|p1a: Torkoal|Eruption|p2a: Whimsicott|[spread] p2a,p2b\n|-supereffective|p2a: Whimsicott|1\n|-resisted|p2b: Palafin|1\n|-crit|p2b: Palafin\n|-enditem|p2a: Whimsicott|Focus Sash\n|-damage|p2a: Whimsicott|1/100\n|-damage|p2b: Palafin|29/100\n|cant|p1b: Oranguru|move: Taunt|Instruct\n|move|p2b: Palafin|Wave Crash|p1a: Torkoal\n|-supereffective|p1a: Torkoal|1\n|-damage|p1a: Torkoal|44/100\n|-damage|p2b: Palafin|11/100|[from] Recoil\n|\n|-weather|SunnyDay|[upkeep]\n|upkeep\n|turn|4\n|\n|t:|1776602433\n|switch|p2a: Incineroar|Incineroar, L50, F|93/100\n|-ability|p2a: Incineroar|Intimidate|boost\n|-unboost|p1a: Torkoal|atk|1\n|-fail|p1b: Oranguru|unboost|Attack|[from] ability: Inner Focus|[of] p1b: Oranguru\n|move|p1a: Torkoal|Protect|p1a: Torkoal\n|-singleturn|p1a: Torkoal|Protect\n|move|p1b: Oranguru|Psychic|p2b: Palafin\n|-damage|p2b: Palafin|0 fnt\n|faint|p2b: Palafin\n|\n|-weather|SunnyDay|[upkeep]\n|upkeep\n|\n|t:|1776602447\n|switch|p2b: Whimsicott|Whimsicott, L50, M|1/100\n|turn|5\n|\n|t:|1776602456\n|switch|p1a: Incineroar|Incineroar, L50, M|100/100\n|-ability|p1a: Incineroar|Intimidate|boost\n|-unboost|p2a: Incineroar|atk|1\n|-unboost|p2b: Whimsicott|atk|1\n|move|p2b: Whimsicott|Encore|p1a: Incineroar\n|-hint|Since gen 7, Dark is immune to Prankster moves.\n|-immune|p1a: Incineroar\n|move|p1b: Oranguru|Psychic|p2b: Whimsicott\n|-damage|p2b: Whimsicott|0 fnt\n|faint|p2b: Whimsicott\n|move|p2a: Incineroar|Throat Chop|p1b: Oranguru\n|-supereffective|p1b: Oranguru|1\n|-damage|p1b: Oranguru|61/100\n|-start|p1b: Oranguru|Throat Chop|[silent]\n|\n|-weather|SunnyDay|[upkeep]\n|-end|p1b: Oranguru|move: Taunt\n|-fieldend|move: Trick Room\n|upkeep\n|\n|t:|1776602473\n|switch|p2b: Lucario|Lucario, L50, M|100/100\n|turn|6\n|\n|t:|1776602501\n|switch|p1a: Torkoal|Torkoal, L50, M|44/100\n|move|p2b: Lucario|Aura Sphere|p1b: Oranguru\n|-damage|p1b: Oranguru|31/100\n|move|p2a: Incineroar|Throat Chop|p1b: Oranguru\n|-supereffective|p1b: Oranguru|1\n|-damage|p1b: Oranguru|0 fnt\n|faint|p1b: Oranguru\n|\n|-weather|none\n|upkeep\n|\n|t:|1776602510\n|switch|p1b: Incineroar|Incineroar, L50, M|100/100\n|-ability|p1b: Incineroar|Intimidate|boost\n|-unboost|p2a: Incineroar|atk|1\n|-fail|p2b: Lucario|unboost|Attack|[from] ability: Inner Focus|[of] p2b: Lucario\n|turn|7\n|\n|t:|1776602555\n|move|p1b: Incineroar|Fake Out|p2b: Lucario\n|-resisted|p2b: Lucario|1\n|-damage|p2b: Lucario|90/100\n|move|p2b: Lucario|Aura Sphere|p1a: Torkoal\n|-damage|p1a: Torkoal|0 fnt\n|faint|p1a: Torkoal\n|move|p2a: Incineroar|Parting Shot|p1b: Incineroar\n|-unboost|p1b: Incineroar|atk|1\n|-unboost|p1b: Incineroar|spa|1\n|\n|upkeep\n|\n|t:|1776602562\n|switch|p1a: Venusaur|Venusaur, L50, M|100/100\n|turn|8\n|\n|t:|1776602576\n|detailschange|p2b: Lucario|Lucario-Mega, L50, M\n|-mega|p2b: Lucario|Lucario|Lucarionite\n|detailschange|p1a: Venusaur|Venusaur-Mega, L50, M\n|-mega|p1a: Venusaur|Venusaur|Venusaurite\n|move|p2b: Lucario|Aura Sphere|p1b: Incineroar\n|-supereffective|p1b: Incineroar|1\n|-damage|p1b: Incineroar|0 fnt\n|faint|p1b: Incineroar\n|move|p1a: Venusaur|Leech Seed|p2a: Incineroar\n|-start|p2a: Incineroar|move: Leech Seed\n|move|p2a: Incineroar|Flare Blitz|p1a: Venusaur\n|-supereffective|p1a: Venusaur|1\n|-damage|p1a: Venusaur|80/100\n|-damage|p2a: Incineroar|86/100|[from] Recoil\n|\n|-damage|p2a: Incineroar|74/100|[from] Leech Seed|[of] p1a: Venusaur\n|-heal|p1a: Venusaur|94/100|[silent]\n|upkeep\n|turn|9\n|\n|t:|1776602606\n|move|p1a: Venusaur|Protect|p1a: Venusaur\n|-singleturn|p1a: Venusaur|Protect\n|move|p2b: Lucario|Flash Cannon|p1a: Venusaur\n|-activate|p1a: Venusaur|move: Protect\n|move|p2a: Incineroar|Throat Chop|p1a: Venusaur\n|-activate|p1a: Venusaur|move: Protect\n|\n|-damage|p2a: Incineroar|61/100|[from] Leech Seed|[of] p1a: Venusaur\n|-heal|p1a: Venusaur|100/100|[silent]\n|upkeep\n|turn|10\n|\n|t:|1776602622\n|move|p2b: Lucario|Flash Cannon|p1a: Venusaur\n|-damage|p1a: Venusaur|53/100\n|move|p1a: Venusaur|Leech Seed|p2b: Lucario\n|-start|p2b: Lucario|move: Leech Seed\n|move|p2a: Incineroar|Throat Chop|p1a: Venusaur\n|-damage|p1a: Venusaur|41/100\n|-start|p1a: Venusaur|Throat Chop|[silent]\n|\n|-damage|p2b: Lucario|78/100|[from] Leech Seed|[of] p1a: Venusaur\n|-heal|p1a: Venusaur|50/100|[silent]\n|-damage|p2a: Incineroar|49/100|[from] Leech Seed|[of] p1a: Venusaur\n|-heal|p1a: Venusaur|64/100|[silent]\n|upkeep\n|-enditem|p2a: Incineroar|Sitrus Berry|[eat]\n|-heal|p2a: Incineroar|74/100|[from] item: Sitrus Berry\n|turn|11\n|\n|t:|1776602639\n|move|p1a: Venusaur|Protect|p1a: Venusaur\n|-singleturn|p1a: Venusaur|Protect\n|move|p2b: Lucario|Flash Cannon|p1a: Venusaur\n|-activate|p1a: Venusaur|move: Protect\n|move|p2a: Incineroar|Flare Blitz|p1a: Venusaur\n|-activate|p1a: Venusaur|move: Protect\n|\n|-damage|p2b: Lucario|66/100|[from] Leech Seed|[of] p1a: Venusaur\n|-heal|p1a: Venusaur|73/100|[silent]\n|-damage|p2a: Incineroar|61/100|[from] Leech Seed|[of] p1a: Venusaur\n|-heal|p1a: Venusaur|87/100|[silent]\n|-end|p1a: Venusaur|Throat Chop|[silent]\n|upkeep\n|turn|12\n|\n|t:|1776602672\n|move|p2b: Lucario|Flash Cannon|p1a: Venusaur\n|-damage|p1a: Venusaur|38/100\n|move|p1a: Venusaur|Sludge Bomb|p2a: Incineroar\n|-damage|p2a: Incineroar|26/100\n|move|p2a: Incineroar|Flare Blitz|p1a: Venusaur\n|-supereffective|p1a: Venusaur|1\n|-damage|p1a: Venusaur|19/100\n|-damage|p2a: Incineroar|20/100|[from] Recoil\n|\n|-damage|p2b: Lucario|54/100|[from] Leech Seed|[of] p1a: Venusaur\n|-heal|p1a: Venusaur|29/100|[silent]\n|-damage|p2a: Incineroar|7/100|[from] Leech Seed|[of] p1a: Venusaur\n|-heal|p1a: Venusaur|42/100|[silent]\n|upkeep\n|turn|13\n|\n|t:|1776602692\n|move|p1a: Venusaur|Protect|p1a: Venusaur\n|-singleturn|p1a: Venusaur|Protect\n|move|p2b: Lucario|Flash Cannon|p1a: Venusaur\n|-activate|p1a: Venusaur|move: Protect\n|move|p2a: Incineroar|Flare Blitz|p1a: Venusaur\n|-activate|p1a: Venusaur|move: Protect\n|\n|-damage|p2b: Lucario|41/100|[from] Leech Seed|[of] p1a: Venusaur\n|-heal|p1a: Venusaur|52/100|[silent]\n|-damage|p2a: Incineroar|0 fnt|[from] Leech Seed|[of] p1a: Venusaur\n|-heal|p1a: Venusaur|59/100|[silent]\n|faint|p2a: Incineroar\n|upkeep\n|turn|14\n|\n|t:|1776602705\n|move|p2b: Lucario|Flash Cannon|p1a: Venusaur\n|-crit|p1a: Venusaur\n|-damage|p1a: Venusaur|0 fnt\n|faint|p1a: Venusaur\n|\n|win|Tyqe1\n|raw|EXSA's rating: 1214 &rarr; <strong>1187</strong><br />(-27 for losing)\n|raw|Tyqe1's rating: 1183 &rarr; <strong>1210</strong><br />(+27 for winning)\n",
  "uploadtime": 1776602707,
  "views": 7,
  "formatid": "gen9championsvgc2026regma",
  "rating": 1187,
  "private": 0,
  "password": null
}