{
  "id": "gen9championsvgc2026regma-2586666602",
  "format": "[Gen 9 Champions] VGC 2026 Reg M-A",
  "players": [
    "ohkoohno",
    "nakoharuno"
  ],
  "log": "|j|\u2606ohkoohno\n|j|\u2606nakoharuno\n|t:|1776450553\n|gametype|doubles\n|player|p1|ohkoohno|chuck|1083\n|player|p2|nakoharuno|dawn|1084\n|gen|9\n|tier|[Gen 9 Champions] VGC 2026 Reg M-A\n|rated|\n|rule|Species Clause: Limit one of each Pok\u00e9mon\n|rule|Item Clause: Limit 1 of each item\n|clearpoke\n|poke|p1|Garchomp, L50, F|\n|poke|p1|Aerodactyl, L50, M|\n|poke|p1|Tyranitar, L50, M|\n|poke|p1|Corviknight, L50, F|\n|poke|p1|Aegislash, L50, F|\n|poke|p1|Beartic, L50, M|\n|poke|p2|Kangaskhan, L50, F|\n|poke|p2|Oranguru, L50, M|\n|poke|p2|Torkoal, L50, M|\n|poke|p2|Decidueye-Hisui, L50, F|\n|poke|p2|Hatterene, L50, F|\n|poke|p2|Blastoise, L50, F|\n|teampreview|4\n|\n|t:|1776450577\n|teamsize|p1|4\n|teamsize|p2|4\n|start\n|switch|p1a: Aerodactyl|Aerodactyl, L50, M|100/100\n|switch|p1b: Garchomp|Garchomp, L50, F|100/100\n|switch|p2a: Hatterene|Hatterene, L50, F|100/100\n|switch|p2b: Blastoise|Blastoise, L50, F, shiny|100/100\n|-ability|p1a: Aerodactyl|Unnerve\n|turn|1\n|\n|t:|1776450602\n|detailschange|p1b: Garchomp|Garchomp-Mega, L50, F\n|-mega|p1b: Garchomp|Garchomp|Garchompite\n|detailschange|p2b: Blastoise|Blastoise-Mega, L50, F, shiny\n|-mega|p2b: Blastoise|Blastoise|Blastoisinite\n|move|p1b: Garchomp|Protect|p1b: Garchomp\n|-singleturn|p1b: Garchomp|Protect\n|move|p2b: Blastoise|Fake Out|p1a: Aerodactyl\n|-resisted|p1a: Aerodactyl|1\n|-damage|p1a: Aerodactyl|93/100\n|cant|p1a: Aerodactyl|flinch\n|move|p2a: Hatterene|Trick Room|p2a: Hatterene\n|-fieldstart|move: Trick Room|[of] p2a: Hatterene\n|\n|upkeep\n|turn|2\n|\n|t:|1776450624\n|move|p1a: Aerodactyl|Wide Guard|p1a: Aerodactyl\n|-singleturn|p1a: Aerodactyl|Wide Guard\n|move|p2a: Hatterene|Dazzling Gleam|p1b: Garchomp|[spread] \n|-activate|p1a: Aerodactyl|move: Wide Guard\n|-activate|p1b: Garchomp|move: Wide Guard\n|move|p2b: Blastoise|Water Spout|p1a: Aerodactyl|[spread] \n|-activate|p1a: Aerodactyl|move: Wide Guard\n|-activate|p1b: Garchomp|move: Wide Guard\n|move|p1b: Garchomp|Iron Head|p2a: Hatterene\n|-supereffective|p2a: Hatterene|1\n|-damage|p2a: Hatterene|23/100\n|\n|upkeep\n|turn|3\n|\n|t:|1776450647\n|switch|p1a: Tyranitar|Tyranitar, L50, M|100/100\n|-enditem|p2a: Hatterene|Sitrus Berry|[eat]\n|-heal|p2a: Hatterene|48/100|[from] item: Sitrus Berry\n|-weather|Sandstorm|[from] ability: Sand Stream|[of] p1a: Tyranitar\n|move|p2a: Hatterene|Protect|p2a: Hatterene\n|-singleturn|p2a: Hatterene|Protect\n|move|p1b: Garchomp|Protect|p1b: Garchomp\n|-singleturn|p1b: Garchomp|Protect\n|move|p2b: Blastoise|Water Pulse|p1a: Tyranitar\n|-supereffective|p1a: Tyranitar|1\n|-damage|p1a: Tyranitar|29/100\n|-start|p1a: Tyranitar|confusion\n|\n|-weather|Sandstorm|[upkeep]\n|-damage|p2a: Hatterene|42/100|[from] Sandstorm\n|-damage|p2b: Blastoise|94/100|[from] Sandstorm\n|upkeep\n|turn|4\n|\n|t:|1776450674\n|switch|p1a: Corviknight|Corviknight, L50, F|100/100\n|move|p2a: Hatterene|Heal Pulse|p2b: Blastoise\n|-heal|p2b: Blastoise|100/100\n|move|p2b: Blastoise|Water Spout|p1b: Garchomp|[spread] p1a,p1b\n|-damage|p1a: Corviknight|35/100\n|-damage|p1b: Garchomp|41/100\n|move|p1b: Garchomp|Earthquake|p2b: Blastoise|[spread] p2a,p2b\n|-immune|p1a: Corviknight\n|-damage|p2a: Hatterene|0 fnt\n|-damage|p2b: Blastoise|50/100\n|faint|p2a: Hatterene\n|\n|-weather|Sandstorm|[upkeep]\n|-damage|p2b: Blastoise|44/100|[from] Sandstorm\n|upkeep\n|\n|t:|1776450693\n|switch|p2a: Torkoal|Torkoal, L50, M|100/100\n|-weather|SunnyDay|[from] ability: Drought|[of] p2a: Torkoal\n|turn|5\n|\n|t:|1776450710\n|move|p1b: Garchomp|Protect|p1b: Garchomp\n|-singleturn|p1b: Garchomp|Protect\n|move|p2a: Torkoal|Eruption|p1a: Corviknight|[spread] p1a\n|-activate|p1b: Garchomp|move: Protect\n|-supereffective|p1a: Corviknight|1\n|-damage|p1a: Corviknight|0 fnt\n|faint|p1a: Corviknight\n|move|p2b: Blastoise|Water Pulse|p1b: Garchomp\n|-activate|p1b: Garchomp|move: Protect\n|\n|-weather|SunnyDay|[upkeep]\n|-fieldend|move: Trick Room\n|upkeep\n|\n|t:|1776450726\n|switch|p1a: Aerodactyl|Aerodactyl, L50, M|93/100\n|-ability|p1a: Aerodactyl|Unnerve\n|turn|6\n|\n|t:|1776450738\n|move|p2a: Torkoal|Protect|p2a: Torkoal\n|-singleturn|p2a: Torkoal|Protect\n|move|p1a: Aerodactyl|Tailwind|p1a: Aerodactyl\n|-sidestart|p1: ohkoohno|move: Tailwind\n|move|p1b: Garchomp|Earthquake|p2a: Torkoal|[spread] p2b\n|-activate|p2a: Torkoal|move: Protect\n|-immune|p1a: Aerodactyl\n|-damage|p2b: Blastoise|3/100\n|move|p2b: Blastoise|Water Pulse|p1a: Aerodactyl\n|-supereffective|p1a: Aerodactyl|1\n|-damage|p1a: Aerodactyl|27/100\n|\n|-weather|SunnyDay|[upkeep]\n|upkeep\n|turn|7\n|\n|t:|1776450759\n|move|p1a: Aerodactyl|Wide Guard|p1a: Aerodactyl\n|-singleturn|p1a: Aerodactyl|Wide Guard\n|move|p1b: Garchomp|Earthquake|p2b: Blastoise|[spread] p2a,p2b\n|-activate|p1a: Aerodactyl|move: Wide Guard\n|-supereffective|p2a: Torkoal|1\n|-damage|p2a: Torkoal|11/100\n|-damage|p2b: Blastoise|0 fnt\n|faint|p2b: Blastoise\n|move|p2a: Torkoal|Overheat|p1a: Aerodactyl\n|-resisted|p1a: Aerodactyl|1\n|-damage|p1a: Aerodactyl|0 fnt\n|-unboost|p2a: Torkoal|spa|2\n|faint|p1a: Aerodactyl\n|\n|-weather|SunnyDay|[upkeep]\n|upkeep\n|\n|t:|1776450774\n|switch|p1a: Tyranitar|Tyranitar, L50, M|29/100\n|switch|p2b: Decidueye|Decidueye-Hisui, L50, F|100/100\n|-weather|Sandstorm|[from] ability: Sand Stream|[of] p1a: Tyranitar\n|turn|8\n|\n|t:|1776450792\n|move|p2a: Torkoal|Protect|p2a: Torkoal\n|-singleturn|p2a: Torkoal|Protect\n|move|p1a: Tyranitar|Rock Slide|p2b: Decidueye|[spread] p2b\n|-activate|p2a: Torkoal|move: Protect\n|-resisted|p2b: Decidueye|1\n|-damage|p2b: Decidueye|85/100\n|move|p1b: Garchomp|Rock Slide|p2b: Decidueye|[spread] p2b\n|-activate|p2a: Torkoal|move: Protect\n|-resisted|p2b: Decidueye|1\n|-damage|p2b: Decidueye|68/100\n|move|p2b: Decidueye|Triple Arrows|p1a: Tyranitar\n|-supereffective|p1a: Tyranitar|2\n|-crit|p1a: Tyranitar\n|-damage|p1a: Tyranitar|0 fnt\n|faint|p1a: Tyranitar\n|\n|-weather|Sandstorm|[upkeep]\n|-damage|p2b: Decidueye|62/100|[from] Sandstorm\n|-damage|p2a: Torkoal|5/100|[from] Sandstorm\n|upkeep\n|turn|9\n|l|\u2606nakoharuno\n|player|p2|\n|j|\u2606nakoharuno\n|player|p2|nakoharuno|dawn|\n|\n|t:|1776450830\n|move|p1b: Garchomp|Earthquake|p2b: Decidueye|[spread] p2a,p2b\n|-supereffective|p2a: Torkoal|1\n|-resisted|p2b: Decidueye|1\n|-damage|p2a: Torkoal|0 fnt\n|-damage|p2b: Decidueye|27/100\n|faint|p2a: Torkoal\n|move|p2b: Decidueye|Leaf Blade|p1b: Garchomp\n|-crit|p1b: Garchomp\n|-damage|p1b: Garchomp|0 fnt\n|faint|p1b: Garchomp\n|\n|win|nakoharuno\n|raw|ohkoohno's rating: 1083 &rarr; <strong>1061</strong><br />(-22 for losing)\n|raw|nakoharuno's rating: 1084 &rarr; <strong>1111</strong><br />(+27 for winning)\n|c|\u2606ohkoohno|Gg\n|l|\u2606ohkoohno\n|player|p1|\n|c|\u2606nakoharuno|GG\n",
  "uploadtime": 1776450847,
  "views": 31,
  "formatid": "gen9championsvgc2026regma",
  "rating": 1061,
  "private": 0,
  "password": null
}