{
  "id": "gen9championsvgc2026regma-2582689834",
  "format": "[Gen 9 Champions] VGC 2026 Reg M-A",
  "players": [
    "porygon-epilepz",
    "Rockoso"
  ],
  "log": "|j|\u2606porygon-epilepz\n|j|\u2606Rockoso\n|html|<table width=\"100%\"><tr><td align=\"left\">porygon-epilepz</td><td align=\"right\">Rockoso</tr><tr><td align=\"left\"><i class=\"fa fa-circle\"></i> <i class=\"fa fa-circle-o\"></i> </td><td align=\"right\"><i class=\"fa fa-circle-o\"></i> <i class=\"fa fa-circle-o\"></i> </tr></table>\n|uhtml|bestof|<h2><strong>Game 2</strong> of <a href=\"/game-bestof3-gen9championsvgc2026regma-2582686321\">a best-of-3</a></h2>\n|t:|1776107478\n|gametype|doubles\n|player|p1|porygon-epilepz|hiker-gen4|\n|player|p2|Rockoso|bruno|\n|gen|9\n|tier|[Gen 9 Champions] VGC 2026 Reg M-A\n|rated|Tournament battle\n|rule|Species Clause: Limit one of each Pok\u00e9mon\n|rule|Item Clause: Limit 1 of each item\n|raw|<div class=\"infobox\"><details class=\"readmore\" open><summary><strong>2 custom rules:</strong></summary> Force Open Team Sheets, Best of = 3</details></div>\n|clearpoke\n|poke|p1|Kommo-o, L50, F|\n|poke|p1|Incineroar, L50, F|\n|poke|p1|Glimmora, L50, F|\n|poke|p1|Sinistcha, L50|\n|poke|p1|Talonflame, L50, M|\n|poke|p1|Rotom-Wash, L50|\n|poke|p2|Slowbro, L50, F|\n|poke|p2|Maushold-Four, L50|\n|poke|p2|Meowscarada, L50, F|\n|poke|p2|Ceruledge, L50, M|\n|poke|p2|Rotom-Wash, L50|\n|poke|p2|Mudsdale, L50, M|\n|teampreview|4\n|showteam|p1|Kommo-o||Leftovers|Overcoat|ClangorousSoul,ClangingScales,Protect,AuraSphere|||F|||50|]Incineroar||ShucaBerry|Intimidate|FakeOut,FlareBlitz,ThroatChop,PartingShot|||F|||50|]Glimmora||Glimmoranite|ToxicDebris|PowerGem,SludgeBomb,SpikyShield,EarthPower|||F|||50|]Sinistcha||SitrusBerry|Hospitality|RagePowder,Protect,LifeDew,MatchaGotcha||||||50|]Talonflame||FocusSash|GaleWings|Tailwind,QuickGuard,DualWingbeat,Protect|||M|||50|]Rotom-Wash||RindoBerry|Levitate|Thunderbolt,WillOWisp,HydroPump,Protect||||||50|\n|showteam|p2|Slowbro||Slowbronite|Regenerator|Scald,IceBeam,SlackOff,CalmMind|||F|||50|]Maushold-Four||FocusSash|FriendGuard|SuperFang,FollowMe,Protect,Taunt||||||50|]Meowscarada||ChoiceScarf|Protean|FlowerTrick,ThroatChop,PlayRough,Trick|||F|||50|]Ceruledge||WhiteHerb|FlashFire|BitterBlade,ShadowSneak,SwordsDance,Protect|||M|||50|]Rotom-Wash||SitrusBerry|Levitate|HydroPump,WillOWisp,Thunderbolt,Protect||||||50|]Mudsdale||Leftovers|InnerFocus|BodyPress,HighHorsepower,IronDefense,Protect|||M|||50|\n|\n|t:|1776107508\n|teamsize|p1|4\n|teamsize|p2|4\n|start\n|switch|p1a: Incineroar|Incineroar, L50, F|100/100\n|switch|p1b: Kommo-o|Kommo-o, L50, F|100/100\n|switch|p2a: Meowscarada|Meowscarada, L50, F|100/100\n|switch|p2b: Mudsdale|Mudsdale, L50, M|100/100\n|-ability|p1a: Incineroar|Intimidate|boost\n|-unboost|p2a: Meowscarada|atk|1\n|-fail|p2b: Mudsdale|unboost|Attack|[from] ability: Inner Focus|[of] p2b: Mudsdale\n|turn|1\n|\n|t:|1776107531\n|move|p1a: Incineroar|Fake Out|p2a: Meowscarada\n|-damage|p2a: Meowscarada|84/100\n|cant|p2a: Meowscarada|flinch\n|move|p1b: Kommo-o|Clangorous Soul|p1b: Kommo-o\n|-boost|p1b: Kommo-o|atk|1\n|-boost|p1b: Kommo-o|def|1\n|-boost|p1b: Kommo-o|spa|1\n|-boost|p1b: Kommo-o|spd|1\n|-boost|p1b: Kommo-o|spe|1\n|-damage|p1b: Kommo-o|68/100\n|move|p2b: Mudsdale|Iron Defense|p2b: Mudsdale\n|-boost|p2b: Mudsdale|def|2\n|\n|-heal|p1b: Kommo-o|74/100|[from] item: Leftovers\n|upkeep\n|turn|2\n|\n|t:|1776107555\n|move|p1b: Kommo-o|Protect|p1b: Kommo-o\n|-singleturn|p1b: Kommo-o|Protect\n|move|p2a: Meowscarada|Play Rough|p1b: Kommo-o\n|-start|p2a: Meowscarada|typechange|Fairy|[from] ability: Protean\n|-activate|p1b: Kommo-o|move: Protect\n|move|p1a: Incineroar|Flare Blitz|p2a: Meowscarada\n|-damage|p2a: Meowscarada|16/100\n|-status|p2a: Meowscarada|brn\n|-damage|p1a: Incineroar|83/100|[from] Recoil\n|move|p2b: Mudsdale|High Horsepower|p1b: Kommo-o\n|-activate|p1b: Kommo-o|move: Protect\n|\n|-heal|p1b: Kommo-o|80/100|[from] item: Leftovers\n|-damage|p2a: Meowscarada|10/100 brn|[from] brn\n|upkeep\n|turn|3\n|\n|t:|1776107582\n|move|p2a: Meowscarada|Play Rough|p1b: Kommo-o\n|-supereffective|p1b: Kommo-o|2\n|-damage|p1b: Kommo-o|43/100\n|move|p1b: Kommo-o|Clangorous Soul|p1b: Kommo-o\n|-boost|p1b: Kommo-o|atk|1\n|-boost|p1b: Kommo-o|def|1\n|-boost|p1b: Kommo-o|spa|1\n|-boost|p1b: Kommo-o|spd|1\n|-boost|p1b: Kommo-o|spe|1\n|-damage|p1b: Kommo-o|10/100\n|move|p1a: Incineroar|Parting Shot|p2b: Mudsdale\n|-unboost|p2b: Mudsdale|atk|1\n|-unboost|p2b: Mudsdale|spa|1\n|\n|t:|1776107589\n|switch|p1a: Sinistcha|Sinistcha, L50|100/100|[from] Parting Shot\n|-heal|p1b: Kommo-o|35/100|[from] ability: Hospitality|[of] p1a: Sinistcha\n|move|p2b: Mudsdale|Body Press|p1b: Kommo-o\n|-damage|p1b: Kommo-o|20/100\n|\n|-heal|p1b: Kommo-o|26/100|[from] item: Leftovers\n|-damage|p2a: Meowscarada|4/100 brn|[from] brn\n|upkeep\n|turn|4\n|\n|t:|1776107618\n|switch|p2a: Ceruledge|Ceruledge, L50, M|100/100\n|move|p1b: Kommo-o|Protect|p1b: Kommo-o\n|-singleturn|p1b: Kommo-o|Protect\n|move|p1a: Sinistcha|Life Dew||[still]|[spread] p1a,p1b\n|-fail|p1a: Sinistcha|heal\n|-heal|p1b: Kommo-o|51/100\n|move|p2b: Mudsdale|High Horsepower|p1b: Kommo-o\n|-activate|p1b: Kommo-o|move: Protect\n|\n|-heal|p1b: Kommo-o|57/100|[from] item: Leftovers\n|upkeep\n|turn|5\n|\n|t:|1776107645\n|switch|p2b: Meowscarada|Meowscarada, L50, F|4/100 brn\n|move|p1b: Kommo-o|Clanging Scales|p2b: Meowscarada|[spread] p2a,p2b\n|-crit|p2a: Ceruledge\n|-damage|p2a: Ceruledge|0 fnt\n|-damage|p2b: Meowscarada|0 fnt\n|faint|p2a: Ceruledge\n|faint|p2b: Meowscarada\n|-unboost|p1b: Kommo-o|def|1\n|move|p1a: Sinistcha|Matcha Gotcha|p2: Ceruledge|[notarget]\n|-fail|p1a: Sinistcha\n|\n|-heal|p1b: Kommo-o|64/100|[from] item: Leftovers\n|upkeep\n|-message|Rockoso forfeited.\n|\n|win|porygon-epilepz\n|l|\u2606Rockoso\n|player|p2|\n",
  "uploadtime": 1776107480,
  "views": 20,
  "formatid": "gen9championsvgc2026regma",
  "rating": null,
  "private": 0,
  "password": null
}