{
  "id": "gen9championsvgc2026regma-2582243098",
  "format": "[Gen 9 Champions] VGC 2026 Reg M-A",
  "players": [
    "faric",
    "IlninjaSSRR"
  ],
  "log": "|j|\u2606faric\n|j|\u2606IlninjaSSRR\n|t:|1776075358\n|gametype|doubles\n|player|p1|faric|170|1143\n|player|p2|IlninjaSSRR|265|1230\n|gen|9\n|tier|[Gen 9 Champions] VGC 2026 Reg M-A\n|rated|\n|rule|Species Clause: Limit one of each Pok\u00e9mon\n|rule|Item Clause: Limit 1 of each item\n|clearpoke\n|poke|p1|Charizard, L50, F|\n|poke|p1|Venusaur, L50, M|\n|poke|p1|Garchomp, L50, M|\n|poke|p1|Rotom-Wash, L50|\n|poke|p1|Incineroar, L50, F|\n|poke|p1|Sneasler, L50, F|\n|poke|p2|Charizard, L50, F|\n|poke|p2|Venusaur, L50, F|\n|poke|p2|Sneasler, L50, M|\n|poke|p2|Kingambit, L50, F|\n|poke|p2|Farigiraf, L50, M|\n|poke|p2|Garchomp, L50, F|\n|teampreview|4\n|inactive|Battle timer is ON: inactive players will automatically lose when time's up. (requested by faric)\n|\n|t:|1776075388\n|teamsize|p1|4\n|teamsize|p2|4\n|start\n|switch|p1a: Charizard|Charizard, L50, F|100/100\n|switch|p1b: Venusaur|Venusaur, L50, M|100/100\n|switch|p2a: Charizard|Charizard, L50, F|100/100\n|switch|p2b: Venusaur|Venusaur, L50, F|100/100\n|turn|1\n|\n|t:|1776075404\n|detailschange|p2a: Charizard|Charizard-Mega-Y, L50, F\n|-mega|p2a: Charizard|Charizard|Charizardite Y\n|-weather|SunnyDay|[from] ability: Drought|[of] p2a: Charizard\n|detailschange|p1a: Charizard|Charizard-Mega-Y, L50, F\n|-mega|p1a: Charizard|Charizard|Charizardite Y\n|move|p2b: Venusaur|Protect|p2b: Venusaur\n|-singleturn|p2b: Venusaur|Protect\n|move|p1b: Venusaur|Sleep Powder|p2a: Charizard\n|-status|p2a: Charizard|slp|[from] move: Sleep Powder\n|cant|p2a: Charizard|slp\n|move|p1a: Charizard|Heat Wave|p2b: Venusaur|[spread] p2a\n|-activate|p2b: Venusaur|move: Protect\n|-resisted|p2a: Charizard|1\n|-damage|p2a: Charizard|66/100 slp\n|\n|-weather|SunnyDay|[upkeep]\n|upkeep\n|turn|2\n|\n|t:|1776075423\n|move|p1a: Charizard|Protect|p1a: Charizard\n|-singleturn|p1a: Charizard|Protect\n|move|p2b: Venusaur|Sludge Bomb|p1a: Charizard\n|-activate|p1a: Charizard|move: Protect\n|move|p1b: Venusaur|Sludge Bomb|p2a: Charizard\n|-damage|p2a: Charizard|20/100 slp\n|-curestatus|p2a: Charizard|slp|[msg]\n|move|p2a: Charizard|Heat Wave|p1a: Charizard|[spread] p1b\n|-activate|p1a: Charizard|move: Protect\n|-supereffective|p1b: Venusaur|1\n|-enditem|p1b: Venusaur|Focus Sash\n|-damage|p1b: Venusaur|1/100\n|\n|-weather|SunnyDay|[upkeep]\n|upkeep\n|turn|3\n|\n|t:|1776075447\n|move|p1b: Venusaur|Protect|p1b: Venusaur\n|-singleturn|p1b: Venusaur|Protect\n|move|p2b: Venusaur|Protect|p2b: Venusaur\n|-singleturn|p2b: Venusaur|Protect\n|move|p2a: Charizard|Heat Wave|p1a: Charizard|[spread] \n|-activate|p1b: Venusaur|move: Protect\n|-miss|p2a: Charizard|p1a: Charizard\n|move|p1a: Charizard|Heat Wave|p2a: Charizard|[spread] p2a\n|-activate|p2b: Venusaur|move: Protect\n|-resisted|p2a: Charizard|1\n|-damage|p2a: Charizard|0 fnt\n|faint|p2a: Charizard\n|\n|-weather|SunnyDay|[upkeep]\n|upkeep\n|\n|t:|1776075461\n|switch|p2a: Sneasler|Sneasler, L50, M|100/100\n|turn|4\n|\n|t:|1776075477\n|switch|p1b: Incineroar|Incineroar, L50, F|100/100\n|-ability|p1b: Incineroar|Intimidate|boost\n|-unboost|p2a: Sneasler|atk|1\n|-unboost|p2b: Venusaur|atk|1\n|-enditem|p2a: Sneasler|White Herb\n|-clearnegativeboost|p2a: Sneasler|[silent]\n|move|p2a: Sneasler|Fake Out|p1b: Incineroar\n|-damage|p1b: Incineroar|87/100\n|move|p2b: Venusaur|Sleep Powder|p1a: Charizard\n|-status|p1a: Charizard|slp|[from] move: Sleep Powder\n|cant|p1a: Charizard|slp\n|\n|-weather|SunnyDay|[upkeep]\n|upkeep\n|turn|5\n|\n|t:|1776075492\n|move|p2a: Sneasler|Close Combat|p1b: Incineroar\n|-supereffective|p1b: Incineroar|1\n|-damage|p1b: Incineroar|0 fnt\n|-unboost|p2a: Sneasler|def|1\n|-unboost|p2a: Sneasler|spd|1\n|faint|p1b: Incineroar\n|move|p2b: Venusaur|Sludge Bomb|p1a: Charizard\n|-damage|p1a: Charizard|59/100 slp\n|cant|p1a: Charizard|slp\n|\n|-weather|none\n|upkeep\n|\n|t:|1776075503\n|switch|p1b: Sneasler|Sneasler, L50, F|100/100\n|turn|6\n|inactive|IlninjaSSRR has 30 seconds left.\n|\n|t:|1776075528\n|switch|p1a: Venusaur|Venusaur, L50, M|1/100\n|move|p2a: Sneasler|Protect|p2a: Sneasler\n|-singleturn|p2a: Sneasler|Protect\n|move|p1b: Sneasler|Fake Out|p2b: Venusaur\n|-damage|p2b: Venusaur|82/100\n|cant|p2b: Venusaur|flinch\n|\n|upkeep\n|turn|7\n|\n|t:|1776075546\n|move|p1a: Venusaur|Protect|p1a: Venusaur\n|-singleturn|p1a: Venusaur|Protect\n|move|p2a: Sneasler|Dire Claw|p1a: Venusaur\n|-activate|p1a: Venusaur|move: Protect\n|move|p1b: Sneasler|Dire Claw|p2b: Venusaur\n|-damage|p2b: Venusaur|26/100\n|-status|p2b: Venusaur|slp\n|cant|p2b: Venusaur|slp\n|\n|upkeep\n|turn|8\n|inactive|IlninjaSSRR has 30 seconds left.\n|\n|t:|1776075573\n|-curestatus|p2b: Venusaur|slp|[msg]\n|move|p2b: Venusaur|Protect|p2b: Venusaur\n|-singleturn|p2b: Venusaur|Protect\n|move|p2a: Sneasler|Dire Claw|p1a: Venusaur\n|-damage|p1a: Venusaur|0 fnt\n|faint|p1a: Venusaur\n|move|p1b: Sneasler|Dire Claw|p2b: Venusaur\n|-activate|p2b: Venusaur|move: Protect\n|\n|upkeep\n|\n|t:|1776075578\n|switch|p1a: Charizard|Charizard-Mega-Y, L50, F|59/100 slp\n|-weather|SunnyDay|[from] ability: Drought|[of] p1a: Charizard\n|turn|9\n|inactive|IlninjaSSRR has 30 seconds left.\n|\n|t:|1776075603\n|move|p2a: Sneasler|Protect|p2a: Sneasler\n|-singleturn|p2a: Sneasler|Protect\n|move|p1b: Sneasler|Protect|p1b: Sneasler\n|-singleturn|p1b: Sneasler|Protect\n|move|p2b: Venusaur|Sludge Bomb|p1b: Sneasler\n|-activate|p1b: Sneasler|move: Protect\n|-curestatus|p1a: Charizard|slp|[msg]\n|move|p1a: Charizard|Heat Wave|p2b: Venusaur|[spread] p2b\n|-activate|p2a: Sneasler|move: Protect\n|-supereffective|p2b: Venusaur|1\n|-damage|p2b: Venusaur|0 fnt\n|faint|p2b: Venusaur\n|\n|-weather|SunnyDay|[upkeep]\n|upkeep\n|\n|t:|1776075613\n|switch|p2b: Kingambit|Kingambit, L50, F|100/100\n|turn|10\n|\n|t:|1776075620\n|move|p1a: Charizard|Protect|p1a: Charizard\n|-singleturn|p1a: Charizard|Protect\n|move|p2b: Kingambit|Sucker Punch||[still]\n|-fail|p2b: Kingambit\n|move|p2a: Sneasler|Dire Claw|p1a: Charizard\n|-activate|p1a: Charizard|move: Protect\n|move|p1b: Sneasler|Close Combat|p2b: Kingambit\n|-supereffective|p2b: Kingambit|2\n|-damage|p2b: Kingambit|0 fnt\n|-unboost|p1b: Sneasler|def|1\n|-unboost|p1b: Sneasler|spd|1\n|faint|p2b: Kingambit\n|-enditem|p1b: Sneasler|White Herb\n|-clearnegativeboost|p1b: Sneasler|[silent]\n|\n|-weather|SunnyDay|[upkeep]\n|upkeep\n|turn|11\n|-message|IlninjaSSRR forfeited.\n|\n|win|faric\n|raw|faric's rating: 1143 &rarr; <strong>1174</strong><br />(+31 for winning)\n|raw|IlninjaSSRR's rating: 1230 &rarr; <strong>1199</strong><br />(-31 for losing)\n|l|\u2606IlninjaSSRR\n|player|p2|\n",
  "uploadtime": 1776075636,
  "views": 21,
  "formatid": "gen9championsvgc2026regma",
  "rating": 1174,
  "private": 0,
  "password": null
}