{
  "id": "gen9championsvgc2026regma-2583281699",
  "format": "[Gen 9 Champions] VGC 2026 Reg M-A",
  "players": [
    "ChillSwadloon",
    "JustJakeyVGC"
  ],
  "log": "|j|\u2606ChillSwadloon\n|j|\u2606JustJakeyVGC\n|t:|1776162811\n|gametype|doubles\n|player|p1|ChillSwadloon|steven|1330\n|player|p2|JustJakeyVGC|102|1392\n|gen|9\n|tier|[Gen 9 Champions] VGC 2026 Reg M-A\n|rated|\n|rule|Species Clause: Limit one of each Pok\u00e9mon\n|rule|Item Clause: Limit 1 of each item\n|clearpoke\n|poke|p1|Pelipper, L50, F|\n|poke|p1|Archaludon, L50, F|\n|poke|p1|Meganium, L50, F|\n|poke|p1|Basculegion, L50, M|\n|poke|p1|Kleavor, L50, F|\n|poke|p1|Gengar, L50, F|\n|poke|p2|Whimsicott, L50, F|\n|poke|p2|Lucario, L50, F|\n|poke|p2|Incineroar, L50, F|\n|poke|p2|Basculegion, L50, M|\n|poke|p2|Farigiraf, L50, M|\n|teampreview|4\n|\n|t:|1776162840\n|teamsize|p1|4\n|teamsize|p2|4\n|start\n|switch|p1a: Gengar|Gengar, L50, F, shiny|100/100\n|switch|p1b: Kleavor|Kleavor, L50, F|100/100\n|switch|p2a: Lucario|Lucario, L50, F|100/100\n|switch|p2b: Incineroar|Incineroar, L50, F|100/100\n|-ability|p2b: Incineroar|Intimidate|boost\n|-unboost|p1a: Gengar|atk|1\n|-unboost|p1b: Kleavor|atk|1\n|turn|1\n|\n|t:|1776162866\n|switch|p1b: Archaludon|Archaludon, L50, F|100/100\n|detailschange|p1a: Gengar|Gengar-Mega, L50, F, shiny\n|-mega|p1a: Gengar|Gengar|Gengarite\n|detailschange|p2a: Lucario|Lucario-Mega, L50, F\n|-mega|p2a: Lucario|Lucario|Lucarionite\n|move|p2b: Incineroar|Fake Out|p1b: Archaludon\n|-resisted|p1b: Archaludon|1\n|-damage|p1b: Archaludon|97/100\n|-ability|p1b: Archaludon|Stamina|boost\n|-boost|p1b: Archaludon|def|1\n|move|p1a: Gengar|Shadow Ball|p2a: Lucario\n|-damage|p2a: Lucario|33/100\n|move|p2a: Lucario|Nasty Plot|p2a: Lucario\n|-boost|p2a: Lucario|spa|2\n|\n|upkeep\n|turn|2\n|inactive|Battle timer is ON: inactive players will automatically lose when time's up. (requested by JustJakeyVGC)\n|\n|t:|1776162895\n|move|p1b: Archaludon|Protect|p1b: Archaludon\n|-singleturn|p1b: Archaludon|Protect\n|move|p2a: Lucario|Vacuum Wave|p1b: Archaludon\n|-activate|p1b: Archaludon|move: Protect\n|move|p1a: Gengar|Shadow Ball|p2a: Lucario\n|-damage|p2a: Lucario|0 fnt\n|faint|p2a: Lucario\n|move|p2b: Incineroar|Parting Shot|p1a: Gengar\n|-unboost|p1a: Gengar|atk|1\n|-unboost|p1a: Gengar|spa|1\n|\n|t:|1776162904\n|switch|p2b: Whimsicott|Whimsicott, L50, F|100/100|[from] Parting Shot\n|\n|upkeep\n|\n|t:|1776162908\n|switch|p2a: Basculegion|Basculegion, L50, M|100/100\n|turn|3\n|-activate|p1b: Archaludon|item: Quick Claw\n|\n|t:|1776162915\n|switch|p1a: Pelipper|Pelipper, L50, F|100/100\n|-weather|RainDance|[from] ability: Drizzle|[of] p1a: Pelipper\n|move|p2b: Whimsicott|Encore|p1b: Archaludon\n|-start|p1b: Archaludon|Encore\n|move|p1b: Archaludon|Protect||[still]\n|-fail|p1b: Archaludon\n|move|p2a: Basculegion|Last Respects|p1a: Pelipper\n|-damage|p1a: Pelipper|22/100\n|\n|-weather|RainDance|[upkeep]\n|upkeep\n|turn|4\n|\n|t:|1776162933\n|switch|p1b: Kleavor|Kleavor, L50, F|100/100\n|move|p1a: Pelipper|Protect|p1a: Pelipper\n|-singleturn|p1a: Pelipper|Protect\n|move|p2a: Basculegion|Last Respects|p1b: Kleavor\n|-damage|p1b: Kleavor|22/100\n|move|p2b: Whimsicott|Moonblast|p1a: Pelipper\n|-activate|p1a: Pelipper|move: Protect\n|\n|-weather|RainDance|[upkeep]\n|upkeep\n|turn|5\n|inactive|ChillSwadloon has 30 seconds left.\n|\n|t:|1776162958\n|switch|p1a: Gengar|Gengar-Mega, L50, F, shiny|100/100\n|move|p1b: Kleavor|Stone Axe|p2a: Basculegion\n|-damage|p2a: Basculegion|34/100\n|-sidestart|p2: JustJakeyVGC|move: Stealth Rock\n|move|p2a: Basculegion|Last Respects|p1b: Kleavor\n|-damage|p1b: Kleavor|0 fnt\n|faint|p1b: Kleavor\n|move|p2b: Whimsicott|Moonblast|p1a: Gengar\n|-resisted|p1a: Gengar|1\n|-damage|p1a: Gengar|82/100\n|\n|-weather|RainDance|[upkeep]\n|upkeep\n|\n|t:|1776162971\n|switch|p1b: Archaludon|Archaludon, L50, F|97/100\n|turn|6\n|\n|t:|1776162995\n|move|p1a: Gengar|Protect|p1a: Gengar\n|-singleturn|p1a: Gengar|Protect\n|move|p2a: Basculegion|Last Respects|p1b: Archaludon\n|-damage|p1b: Archaludon|53/100\n|-ability|p1b: Archaludon|Stamina|boost\n|-boost|p1b: Archaludon|def|1\n|move|p2b: Whimsicott|Moonblast|p1b: Archaludon\n|-crit|p1b: Archaludon\n|-damage|p1b: Archaludon|0 fnt\n|faint|p1b: Archaludon\n|\n|-weather|RainDance|[upkeep]\n|upkeep\n|\n|t:|1776163005\n|switch|p1b: Pelipper|Pelipper, L50, F|22/100\n|turn|7\n|\n|t:|1776163011\n|move|p2a: Basculegion|Last Respects|p1a: Gengar\n|-supereffective|p1a: Gengar|1\n|-damage|p1a: Gengar|0 fnt\n|faint|p1a: Gengar\n|move|p2b: Whimsicott|Moonblast|p1b: Pelipper\n|-damage|p1b: Pelipper|0 fnt\n|faint|p1b: Pelipper\n|\n|win|JustJakeyVGC\n|raw|ChillSwadloon's rating: 1330 &rarr; <strong>1314</strong><br />(-16 for losing)\n|raw|JustJakeyVGC's rating: 1392 &rarr; <strong>1408</strong><br />(+16 for winning)\n|l|\u2606ChillSwadloon\n|player|p1|\n",
  "uploadtime": 1776163020,
  "views": 27,
  "formatid": "gen9championsvgc2026regma",
  "rating": 1314,
  "private": 0,
  "password": null
}