{
  "id": "gen9championsvgc2026regma-2581044010",
  "format": "[Gen 9 Champions] VGC 2026 Reg M-A",
  "players": [
    "Furren't",
    "Markiito18"
  ],
  "log": "|j|\u2606Furren't\n|j|\u2606Markiito18\n|t:|1775954588\n|gametype|doubles\n|player|p1|Furren't|170|1160\n|player|p2|Markiito18|rood|1236\n|gen|9\n|tier|[Gen 9 Champions] VGC 2026 Reg M-A\n|rated|\n|rule|Species Clause: Limit one of each Pok\u00e9mon\n|rule|Item Clause: Limit 1 of each item\n|clearpoke\n|poke|p1|Kingambit, L50, M|\n|poke|p1|Hawlucha, L50, F|\n|poke|p1|Sinistcha, L50|\n|poke|p1|Farigiraf, L50, M|\n|poke|p1|Floette-Eternal, L50, F|\n|poke|p1|Incineroar, L50, F|\n|poke|p2|Floette-Eternal, L50, F|\n|poke|p2|Incineroar, L50, M|\n|poke|p2|Garchomp, L50, M|\n|poke|p2|Sinistcha, L50|\n|poke|p2|Orthworm, L50, M|\n|poke|p2|Delphox, L50, F|\n|teampreview|4\n|\n|t:|1775954642\n|teamsize|p1|4\n|teamsize|p2|4\n|start\n|switch|p1a: Kingambit|Kingambit, L50, M|100/100\n|switch|p1b: Floette|Floette-Eternal, L50, F|100/100\n|switch|p2a: Orthworm|Orthworm, L50, M, shiny|100/100\n|switch|p2b: Incineroar|Incineroar, L50, M, shiny|100/100\n|-ability|p2b: Incineroar|Intimidate|boost\n|-unboost|p1a: Kingambit|atk|1\n|-ability|p1a: Kingambit|Defiant|boost\n|-boost|p1a: Kingambit|atk|2\n|-unboost|p1b: Floette|atk|1\n|turn|1\n|\n|t:|1775954658\n|switch|p1b: Farigiraf|Farigiraf, L50, M|100/100\n|move|p2b: Incineroar|Fake Out||[still]\n|cant|p1b: Farigiraf|ability: Armor Tail|Fake Out|[of] p2b: Incineroar\n|move|p2a: Orthworm|Iron Defense|p2a: Orthworm\n|-boost|p2a: Orthworm|def|2\n|move|p1a: Kingambit|Kowtow Cleave|p2a: Orthworm\n|-damage|p2a: Orthworm|80/100\n|\n|upkeep\n|turn|2\n|\n|t:|1775954680\n|switch|p1a: Floette|Floette-Eternal, L50, F|100/100\n|move|p2a: Orthworm|Iron Defense|p2a: Orthworm\n|-boost|p2a: Orthworm|def|2\n|move|p2b: Incineroar|Throat Chop|p1b: Farigiraf\n|-supereffective|p1b: Farigiraf|1\n|-damage|p1b: Farigiraf|32/100\n|-start|p1b: Farigiraf|Throat Chop|[silent]\n|cant|p1b: Farigiraf|move: Throat Chop\n|\n|upkeep\n|turn|3\n|\n|t:|1775954716\n|switch|p1b: Incineroar|Incineroar, L50, F|100/100\n|-ability|p1b: Incineroar|Intimidate|boost\n|-unboost|p2a: Orthworm|atk|1\n|-unboost|p2b: Incineroar|atk|1\n|detailschange|p1a: Floette|Floette-Mega, L50, F\n|-mega|p1a: Floette|Floette|Floettite\n|-ability|p1a: Floette|Fairy Aura\n|move|p2a: Orthworm|Protect|p2a: Orthworm\n|-singleturn|p2a: Orthworm|Protect\n|move|p1a: Floette|Calm Mind|p1a: Floette\n|-boost|p1a: Floette|spa|1\n|-boost|p1a: Floette|spd|1\n|move|p2b: Incineroar|Flare Blitz|p1b: Incineroar\n|-resisted|p1b: Incineroar|1\n|-damage|p1b: Incineroar|84/100\n|-damage|p2b: Incineroar|95/100|[from] Recoil\n|\n|upkeep\n|turn|4\n|\n|t:|1775954741\n|move|p1b: Incineroar|Fake Out|p2a: Orthworm\n|-resisted|p2a: Orthworm|1\n|-damage|p2a: Orthworm|79/100\n|move|p1a: Floette|Calm Mind|p1a: Floette\n|-boost|p1a: Floette|spa|1\n|-boost|p1a: Floette|spd|1\n|cant|p2a: Orthworm|flinch\n|move|p2b: Incineroar|Parting Shot|p1a: Floette\n|-unboost|p1a: Floette|atk|1\n|-unboost|p1a: Floette|spa|1\n|\n|t:|1775954750\n|switch|p2b: Sinistcha|Sinistcha, L50|100/100|[from] Parting Shot\n|-heal|p2a: Orthworm|100/100|[from] ability: Hospitality|[of] p2b: Sinistcha\n|\n|upkeep\n|turn|5\n|\n|t:|1775954763\n|move|p1a: Floette|Dazzling Gleam|p2a: Orthworm|[spread] p2a,p2b\n|-resisted|p2a: Orthworm|1\n|-damage|p2a: Orthworm|44/100\n|-damage|p2b: Sinistcha|13/100\n|move|p2a: Orthworm|Iron Defense|p2a: Orthworm\n|-boost|p2a: Orthworm|def|2\n|move|p1b: Incineroar|Will-O-Wisp|p2a: Orthworm\n|-status|p2a: Orthworm|brn\n|move|p2b: Sinistcha|Trick Room|p2b: Sinistcha\n|-fieldstart|move: Trick Room|[of] p2b: Sinistcha\n|\n|-damage|p2a: Orthworm|38/100 brn|[from] brn\n|upkeep\n|turn|6\n|\n|t:|1775954791\n|switch|p1b: Farigiraf|Farigiraf, L50, M|32/100\n|move|p2a: Orthworm|Protect|p2a: Orthworm\n|-singleturn|p2a: Orthworm|Protect\n|move|p2b: Sinistcha|Strength Sap|p1b: Farigiraf\n|-unboost|p1b: Farigiraf|atk|1\n|-heal|p2b: Sinistcha|75/100\n|move|p1a: Floette|Dazzling Gleam|p2a: Orthworm|[spread] p2b\n|-activate|p2a: Orthworm|move: Protect\n|-damage|p2b: Sinistcha|0 fnt\n|faint|p2b: Sinistcha\n|\n|-damage|p2a: Orthworm|32/100 brn|[from] brn\n|upkeep\n|\n|t:|1775954803\n|switch|p2b: Floette|Floette-Eternal, L50, F, shiny|100/100\n|turn|7\n|\n|t:|1775954814\n|detailschange|p2b: Floette|Floette-Mega, L50, F, shiny\n|-mega|p2b: Floette|Floette|Floettite\n|-ability|p2b: Floette|Fairy Aura\n|move|p2a: Orthworm|Body Press|p1b: Farigiraf\n|-damage|p1b: Farigiraf|0 fnt\n|faint|p1b: Farigiraf\n|move|p1a: Floette|Dazzling Gleam|p2b: Floette|[spread] p2a,p2b\n|-resisted|p2a: Orthworm|1\n|-damage|p2a: Orthworm|0 fnt\n|-damage|p2b: Floette|49/100\n|faint|p2a: Orthworm\n|move|p2b: Floette|Calm Mind|p2b: Floette\n|-boost|p2b: Floette|spa|1\n|-boost|p2b: Floette|spd|1\n|\n|upkeep\n|\n|t:|1775954827\n|switch|p1b: Incineroar|Incineroar, L50, F|84/100\n|switch|p2a: Incineroar|Incineroar, L50, M, shiny|95/100\n|-ability|p1b: Incineroar|Intimidate|boost\n|-unboost|p2a: Incineroar|atk|1\n|-unboost|p2b: Floette|atk|1\n|-ability|p2a: Incineroar|Intimidate|boost\n|-unboost|p1a: Floette|atk|1\n|-unboost|p1b: Incineroar|atk|1\n|turn|8\n|\n|t:|1775954847\n|move|p1b: Incineroar|Fake Out|p2a: Incineroar\n|-damage|p2a: Incineroar|88/100\n|cant|p2a: Incineroar|flinch\n|move|p1a: Floette|Dazzling Gleam|p2b: Floette|[spread] p2a,p2b\n|-crit|p2b: Floette\n|-damage|p2a: Incineroar|28/100\n|-damage|p2b: Floette|0 fnt\n|-enditem|p2a: Incineroar|Sitrus Berry|[eat]\n|-heal|p2a: Incineroar|53/100|[from] item: Sitrus Berry\n|faint|p2b: Floette\n|\n|upkeep\n|turn|9\n|-message|Markiito18 forfeited.\n|\n|win|Furren't\n|raw|Furren&apos;t's rating: 1160 &rarr; <strong>1190</strong><br />(+30 for winning)\n|raw|Markiito18's rating: 1236 &rarr; <strong>1206</strong><br />(-30 for losing)\n|l|\u2606Markiito18\n|player|p2|\n",
  "uploadtime": 1775954858,
  "views": 16,
  "formatid": "gen9championsvgc2026regma",
  "rating": 1190,
  "private": 0,
  "password": null
}