{
  "id": "gen9championsvgc2026regma-2586919764",
  "format": "[Gen 9 Champions] VGC 2026 Reg M-A",
  "players": [
    "mrguy888",
    "sanchesbenz"
  ],
  "log": "|j|\u2606mrguy888\n|j|\u2606sanchesbenz\n|t:|1776471850\n|gametype|doubles\n|player|p1|mrguy888|noland-gen3|1292\n|player|p2|sanchesbenz|byron|1227\n|gen|9\n|tier|[Gen 9 Champions] VGC 2026 Reg M-A\n|rated|\n|rule|Species Clause: Limit one of each Pok\u00e9mon\n|rule|Item Clause: Limit 1 of each item\n|clearpoke\n|poke|p1|Floette-Eternal, L50, F|\n|poke|p1|Aerodactyl, L50, F|\n|poke|p1|Tauros-Paldea-Aqua, L50, M|\n|poke|p1|Kangaskhan, L50, F|\n|poke|p1|Rotom-Heat, L50|\n|poke|p1|Aegislash, L50, F|\n|poke|p2|Scizor, L50, F|\n|poke|p2|Politoed, L50, M|\n|poke|p2|Tauros-Paldea-Aqua, L50, M|\n|poke|p2|Sableye, L50, M|\n|poke|p2|Gardevoir, L50, F|\n|poke|p2|Meowscarada, L50, F|\n|teampreview|4\n|inactive|Battle timer is ON: inactive players will automatically lose when time's up. (requested by mrguy888)\n|inactive|mrguy888 has 60 seconds left.\n|inactive|sanchesbenz has 60 seconds left.\n|\n|t:|1776471907\n|teamsize|p1|4\n|teamsize|p2|4\n|start\n|switch|p1a: Kangaskhan|Kangaskhan, L50, F|100/100\n|switch|p1b: Rotom|Rotom-Heat, L50|100/100\n|switch|p2a: Politoed|Politoed, L50, M|100/100\n|switch|p2b: Scizor|Scizor, L50, F|100/100\n|-weather|RainDance|[from] ability: Drizzle|[of] p2a: Politoed\n|turn|1\n|inactive|sanchesbenz has 30 seconds left.\n|inactive|sanchesbenz has 20 seconds left.\n|\n|t:|1776471946\n|detailschange|p1a: Kangaskhan|Kangaskhan-Mega, L50, F\n|-mega|p1a: Kangaskhan|Kangaskhan|Kangaskhanite\n|detailschange|p2b: Scizor|Scizor-Mega, L50, F\n|-mega|p2b: Scizor|Scizor|Scizorite\n|move|p2a: Politoed|Protect|p2a: Politoed\n|-singleturn|p2a: Politoed|Protect\n|move|p1a: Kangaskhan|Fake Out|p2b: Scizor\n|-resisted|p2b: Scizor|1\n|-damage|p2b: Scizor|92/100\n|-resisted|p2b: Scizor|1\n|-crit|p2b: Scizor\n|-damage|p2b: Scizor|88/100\n|-hitcount|p2b: Scizor|2\n|move|p1b: Rotom|Volt Switch|p2a: Politoed\n|-activate|p2a: Politoed|move: Protect\n|cant|p2b: Scizor|flinch\n|\n|-weather|RainDance|[upkeep]\n|upkeep\n|turn|2\n|inactive|sanchesbenz has 30 seconds left.\n|\n|t:|1776471979\n|move|p1b: Rotom|Volt Switch|p2a: Politoed\n|-supereffective|p2a: Politoed|1\n|-damage|p2a: Politoed|52/100\n|\n|t:|1776471983\n|switch|p1b: Tauros|Tauros-Paldea-Aqua, L50, M|100/100|[from] Volt Switch\n|-ability|p1b: Tauros|Intimidate|boost\n|-unboost|p2a: Politoed|atk|1\n|-unboost|p2b: Scizor|atk|1\n|move|p1a: Kangaskhan|Drain Punch|p2b: Scizor\n|-damage|p2b: Scizor|68/100\n|-damage|p2b: Scizor|63/100\n|-hitcount|p2b: Scizor|2\n|move|p2b: Scizor|Swords Dance|p2b: Scizor\n|-boost|p2b: Scizor|atk|2\n|move|p2a: Politoed|Icy Wind|p1a: Kangaskhan|[spread] p1a,p1b\n|-resisted|p1b: Tauros|1\n|-damage|p1a: Kangaskhan|90/100\n|-damage|p1b: Tauros|92/100\n|-unboost|p1a: Kangaskhan|spe|1\n|-unboost|p1b: Tauros|spe|1\n|-enditem|p1b: Tauros|White Herb\n|-clearnegativeboost|p1b: Tauros|[silent]\n|\n|-weather|RainDance|[upkeep]\n|-heal|p2a: Politoed|58/100|[from] item: Leftovers\n|upkeep\n|turn|3\n|inactive|sanchesbenz has 30 seconds left.\n|inactive|sanchesbenz has 20 seconds left.\n|\n|t:|1776472020\n|switch|p2a: Tauros|Tauros-Paldea-Aqua, L50, M|100/100\n|-ability|p2a: Tauros|Intimidate|boost\n|-unboost|p1a: Kangaskhan|atk|1\n|-unboost|p1b: Tauros|atk|1\n|move|p1b: Tauros|Wave Crash|p2b: Scizor\n|-damage|p2b: Scizor|17/100\n|-damage|p1b: Tauros|74/100|[from] Recoil\n|move|p2b: Scizor|Bug Bite|p1b: Tauros\n|-resisted|p1b: Tauros|1\n|-damage|p1b: Tauros|25/100\n|move|p1a: Kangaskhan|Double-Edge|p2a: Tauros\n|-damage|p2a: Tauros|53/100\n|-damage|p2a: Tauros|39/100\n|-hitcount|p2a: Tauros|2\n|-damage|p1a: Kangaskhan|76/100|[from] Recoil\n|\n|-weather|RainDance|[upkeep]\n|upkeep\n|turn|4\n|inactive|mrguy888 has 30 seconds left.\n|inactive|sanchesbenz has 30 seconds left.\n|inactive|mrguy888 has 20 seconds left.\n|inactive|sanchesbenz has 20 seconds left.\n|inactive|sanchesbenz has 15 seconds left.\n|\n|t:|1776472064\n|switch|p2b: Politoed|Politoed, L50, M|58/100\n|switch|p1a: Aegislash|Aegislash, L50, F|100/100\n|move|p2a: Tauros|Close Combat|p1a: Aegislash\n|-immune|p1a: Aegislash\n|move|p1b: Tauros|Wave Crash|p2b: Politoed\n|-resisted|p2b: Politoed|1\n|-damage|p2b: Politoed|23/100\n|-damage|p1b: Tauros|10/100|[from] Recoil\n|\n|-weather|RainDance|[upkeep]\n|-heal|p2b: Politoed|29/100|[from] item: Leftovers\n|upkeep\n|turn|5\n|inactive|sanchesbenz has 30 seconds left.\n|inactive|sanchesbenz has 20 seconds left.\n|\n|t:|1776472099\n|switch|p2a: Meowscarada|Meowscarada, L50, F|100/100\n|switch|p1b: Kangaskhan|Kangaskhan-Mega, L50, F|76/100\n|move|p2b: Politoed|Weather Ball|p1b: Kangaskhan\n|-crit|p1b: Kangaskhan\n|-damage|p1b: Kangaskhan|0 fnt\n|faint|p1b: Kangaskhan\n|-formechange|p1a: Aegislash|Aegislash-Blade|\n|move|p1a: Aegislash|Poltergeist|p2a: Meowscarada\n|-activate|p2a: Meowscarada|move: Poltergeist|Focus Sash\n|-resisted|p2a: Meowscarada|1\n|-damage|p2a: Meowscarada|34/100\n|\n|-weather|none\n|-heal|p2b: Politoed|35/100|[from] item: Leftovers\n|upkeep\n|\n|t:|1776472112\n|switch|p1b: Rotom|Rotom-Heat, L50|100/100\n|turn|6\n|inactive|sanchesbenz has 30 seconds left.\n|\n|t:|1776472147\n|switch|p2b: Scizor|Scizor-Mega, L50, F|17/100\n|move|p2a: Meowscarada|Protect|p2a: Meowscarada\n|-start|p2a: Meowscarada|typechange|Normal|[from] ability: Protean\n|-singleturn|p2a: Meowscarada|Protect\n|-formechange|p1a: Aegislash|Aegislash|\n|move|p1a: Aegislash|King's Shield|p1a: Aegislash\n|-singleturn|p1a: Aegislash|Protect\n|move|p1b: Rotom|Electroweb|p2b: Scizor|[spread] \n|-activate|p2a: Meowscarada|move: Protect\n|-miss|p1b: Rotom|p2b: Scizor\n|\n|upkeep\n|turn|7\n|\n|t:|1776472168\n|switch|p1a: Tauros|Tauros-Paldea-Aqua, L50, M|10/100\n|-ability|p1a: Tauros|Intimidate|boost\n|-unboost|p2a: Meowscarada|atk|1\n|-unboost|p2b: Scizor|atk|1\n|move|p1b: Rotom|Electroweb|p2a: Meowscarada|[spread] p2a,p2b\n|-damage|p2a: Meowscarada|10/100\n|-damage|p2b: Scizor|2/100\n|-unboost|p2a: Meowscarada|spe|1\n|-unboost|p2b: Scizor|spe|1\n|move|p2a: Meowscarada|Knock Off|p1a: Tauros\n|-resisted|p1a: Tauros|1\n|-damage|p1a: Tauros|2/100\n|move|p2b: Scizor|Swords Dance|p2b: Scizor\n|-boost|p2b: Scizor|atk|2\n|\n|upkeep\n|turn|8\n|\n|t:|1776472193\n|move|p1a: Tauros|Aqua Jet|p2b: Scizor\n|-crit|p2b: Scizor\n|-damage|p2b: Scizor|0 fnt\n|faint|p2b: Scizor\n|move|p1b: Rotom|Electroweb|p2a: Meowscarada\n|-crit|p2a: Meowscarada\n|-damage|p2a: Meowscarada|0 fnt\n|faint|p2a: Meowscarada\n|\n|upkeep\n|\n|t:|1776472202\n|switch|p2a: Tauros|Tauros-Paldea-Aqua, L50, M|39/100\n|switch|p2b: Politoed|Politoed, L50, M|35/100\n|-ability|p2a: Tauros|Intimidate|boost\n|-unboost|p1a: Tauros|atk|1\n|-unboost|p1b: Rotom|atk|1\n|-weather|RainDance|[from] ability: Drizzle|[of] p2b: Politoed\n|turn|9\n|\n|t:|1776472221\n|move|p2a: Tauros|Close Combat|p1a: Tauros\n|-damage|p1a: Tauros|0 fnt\n|-unboost|p2a: Tauros|def|1\n|-unboost|p2a: Tauros|spd|1\n|faint|p1a: Tauros\n|move|p1b: Rotom|Electroweb|p2a: Tauros|[spread] p2a\n|-miss|p1b: Rotom|p2b: Politoed\n|-supereffective|p2a: Tauros|1\n|-damage|p2a: Tauros|0 fnt\n|faint|p2a: Tauros\n|move|p2b: Politoed|Weather Ball|p1b: Rotom\n|-supereffective|p1b: Rotom|1\n|-damage|p1b: Rotom|0 fnt\n|faint|p1b: Rotom\n|\n|-weather|RainDance|[upkeep]\n|-heal|p2b: Politoed|41/100|[from] item: Leftovers\n|upkeep\n|\n|t:|1776472233\n|switch|p1b: Aegislash|Aegislash, L50, F|100/100\n|turn|10\n|\n|t:|1776472239\n|move|p2b: Politoed|Protect|p2b: Politoed\n|-singleturn|p2b: Politoed|Protect\n|-formechange|p1b: Aegislash|Aegislash-Blade|\n|move|p1b: Aegislash|Poltergeist|p2b: Politoed\n|-activate|p2b: Politoed|move: Protect\n|\n|-weather|RainDance|[upkeep]\n|-heal|p2b: Politoed|47/100|[from] item: Leftovers\n|upkeep\n|turn|11\n|\n|t:|1776472252\n|-formechange|p1b: Aegislash|Aegislash|\n|move|p1b: Aegislash|King's Shield|p1b: Aegislash\n|-singleturn|p1b: Aegislash|Protect\n|move|p2b: Politoed|Weather Ball|p1b: Aegislash\n|-activate|p1b: Aegislash|move: Protect\n|\n|-weather|RainDance|[upkeep]\n|-heal|p2b: Politoed|53/100|[from] item: Leftovers\n|upkeep\n|turn|12\n|\n|t:|1776472261\n|move|p2b: Politoed|Protect|p2b: Politoed\n|-singleturn|p2b: Politoed|Protect\n|-formechange|p1b: Aegislash|Aegislash-Blade|\n|move|p1b: Aegislash|Poltergeist|p2b: Politoed\n|-activate|p2b: Politoed|move: Protect\n|\n|-weather|RainDance|[upkeep]\n|-heal|p2b: Politoed|59/100|[from] item: Leftovers\n|upkeep\n|turn|13\n|\n|t:|1776472271\n|-formechange|p1b: Aegislash|Aegislash|\n|move|p1b: Aegislash|King's Shield|p1b: Aegislash\n|-singleturn|p1b: Aegislash|Protect\n|move|p2b: Politoed|Weather Ball|p1b: Aegislash\n|-activate|p1b: Aegislash|move: Protect\n|\n|-weather|none\n|-heal|p2b: Politoed|65/100|[from] item: Leftovers\n|upkeep\n|turn|14\n|-message|sanchesbenz forfeited.\n|\n|win|mrguy888\n|raw|mrguy888's rating: 1292 &rarr; <strong>1312</strong><br />(+20 for winning)\n|raw|sanchesbenz's rating: 1227 &rarr; <strong>1207</strong><br />(-20 for losing)\n|l|\u2606sanchesbenz\n|player|p2|\n",
  "uploadtime": 1776472290,
  "views": 28,
  "formatid": "gen9championsvgc2026regma",
  "rating": 1207,
  "private": 0,
  "password": null
}