{
  "id": "gen9championsvgc2026regma-2585391996",
  "format": "[Gen 9 Champions] VGC 2026 Reg M-A",
  "players": [
    "Junip_Cincc",
    "anthonym1234"
  ],
  "log": "|j|\u2606Junip_Cincc\n|j|\u2606anthonym1234\n|t:|1776343870\n|gametype|doubles\n|player|p1|Junip_Cincc|2|1051\n|player|p2|anthonym1234|102|1000\n|gen|9\n|tier|[Gen 9 Champions] VGC 2026 Reg M-A\n|rated|\n|rule|Species Clause: Limit one of each Pok\u00e9mon\n|rule|Item Clause: Limit 1 of each item\n|clearpoke\n|poke|p1|Incineroar, L50, M|\n|poke|p1|Altaria, L50, F|\n|poke|p1|Maushold, L50|\n|poke|p1|Slowbro, L50, F|\n|poke|p1|Volcarona, L50, F|\n|poke|p1|Skarmory, L50, F|\n|poke|p2|Charizard, L50, F|\n|poke|p2|Milotic, L50, F|\n|poke|p2|Garchomp, L50, M|\n|poke|p2|Incineroar, L50, M|\n|poke|p2|Whimsicott, L50, M|\n|poke|p2|Venusaur, L50, F|\n|teampreview|4\nanthonym1234 has agreed to open team sheets.\n|j| RomanTK\n|l| RomanTK\n|\n|t:|1776343926\n|teamsize|p1|4\n|teamsize|p2|4\n|start\n|switch|p1a: Slowbro|Slowbro, L50, F|100/100\n|switch|p1b: Altaria|Altaria, L50, F|100/100\n|switch|p2a: Charizard|Charizard, L50, F|100/100\n|switch|p2b: Whimsicott|Whimsicott, L50, M|100/100\n|-ability|p1b: Altaria|Cloud Nine\n|turn|1\n|\n|t:|1776343951\n|move|p1b: Altaria|Protect|p1b: Altaria\n|-singleturn|p1b: Altaria|Protect\n|move|p2b: Whimsicott|Tailwind|p2b: Whimsicott\n|-sidestart|p2: anthonym1234|move: Tailwind\n|move|p2a: Charizard|Ancient Power|p1b: Altaria\n|-activate|p1b: Altaria|move: Protect\n|move|p1a: Slowbro|Icy Wind|p2b: Whimsicott|[spread] p2a,p2b\n|-supereffective|p2b: Whimsicott|1\n|-damage|p2a: Charizard|84/100\n|-damage|p2b: Whimsicott|67/100\n|-unboost|p2a: Charizard|spe|1\n|-unboost|p2b: Whimsicott|spe|1\n|\n|upkeep\n|turn|2\n|\n|t:|1776343980\n|switch|p2a: Incineroar|Incineroar, L50, M|100/100\n|-ability|p2a: Incineroar|Intimidate|boost\n|-unboost|p1a: Slowbro|atk|1\n|-unboost|p1b: Altaria|atk|1\n|move|p2b: Whimsicott|Encore|p1b: Altaria\n|-start|p1b: Altaria|Encore\n|move|p1b: Altaria|Protect||[still]\n|-fail|p1b: Altaria\n|move|p1a: Slowbro|Calm Mind|p1a: Slowbro\n|-boost|p1a: Slowbro|spa|1\n|-boost|p1a: Slowbro|spd|1\n|\n|upkeep\n|turn|3\n|\n|t:|1776344007\n|switch|p1b: Maushold|Maushold, L50|100/100\n|detailschange|p1a: Slowbro|Slowbro-Mega, L50, F\n|-mega|p1a: Slowbro|Slowbro|Slowbronite\n|move|p2a: Incineroar|Parting Shot|p1a: Slowbro\n|-unboost|p1a: Slowbro|atk|1\n|-unboost|p1a: Slowbro|spa|1\n|\n|t:|1776344016\n|switch|p2a: Charizard|Charizard, L50, F|84/100|[from] Parting Shot\n|move|p2b: Whimsicott|Moonblast|p1b: Maushold\n|-damage|p1b: Maushold|57/100\n|move|p1a: Slowbro|Scald|p2a: Charizard\n|-supereffective|p2a: Charizard|1\n|-damage|p2a: Charizard|0 fnt\n|faint|p2a: Charizard\n|\n|upkeep\n|\n|t:|1776344024\n|switch|p2a: Venusaur|Venusaur, L50, F|100/100\n|turn|4\n|\n|t:|1776344051\n|switch|p1a: Volcarona|Volcarona, L50, F|100/100\n|move|p2a: Venusaur|Sunny Day|p2a: Venusaur\n|-weather|SunnyDay\n|move|p2b: Whimsicott|Moonblast|p1b: Maushold\n|-damage|p1b: Maushold|17/100\n|move|p1b: Maushold|Taunt|p2b: Whimsicott\n|-start|p2b: Whimsicott|move: Taunt\n|\n|-weather|SunnyDay|[upkeep]\n|-sideend|p2: anthonym1234|move: Tailwind\n|upkeep\n|turn|5\n|\n|t:|1776344102\n|switch|p2b: Incineroar|Incineroar, L50, M|100/100\n|-ability|p2b: Incineroar|Intimidate|boost\n|-unboost|p1a: Volcarona|atk|1\n|-unboost|p1b: Maushold|atk|1\n|move|p1b: Maushold|Follow Me|p1b: Maushold\n|-singleturn|p1b: Maushold|move: Follow Me\n|move|p2a: Venusaur|Energy Ball|p1b: Maushold\n|-damage|p1b: Maushold|0 fnt\n|faint|p1b: Maushold\n|move|p1a: Volcarona|Quiver Dance|p1a: Volcarona\n|-boost|p1a: Volcarona|spa|1\n|-boost|p1a: Volcarona|spd|1\n|-boost|p1a: Volcarona|spe|1\n|\n|-weather|SunnyDay|[upkeep]\n|upkeep\n|\n|t:|1776344122\n|switch|p1b: Altaria|Altaria, L50, F|100/100\n|-ability|p1b: Altaria|Cloud Nine\n|turn|6\n|inactive|Battle timer is ON: inactive players will automatically lose when time's up. (requested by Junip_Cincc)\n|inactive|anthonym1234 has 60 seconds left.\n|inactive|anthonym1234 has 30 seconds left.\n|\n|t:|1776344218\n|move|p2b: Incineroar|Fake Out|p1a: Volcarona\n|-damage|p1a: Volcarona|83/100\n|cant|p1a: Volcarona|flinch\n|move|p2a: Venusaur|Sleep Powder|p1b: Altaria\n|-status|p1b: Altaria|slp|[from] move: Sleep Powder\n|cant|p1b: Altaria|slp\n|\n|-weather|SunnyDay|[upkeep]\n|upkeep\n|turn|7\n|inactive|Junip_Cincc has 30 seconds left.\n|\n|t:|1776344248\n|move|p1a: Volcarona|Bug Buzz|p2b: Incineroar\n|-damage|p2b: Incineroar|33/100\n|-enditem|p2b: Incineroar|Sitrus Berry|[eat]\n|-heal|p2b: Incineroar|58/100|[from] item: Sitrus Berry\n|move|p2a: Venusaur|Sludge Bomb|p1a: Volcarona\n|-damage|p1a: Volcarona|53/100\n|move|p2b: Incineroar|Parting Shot|p1a: Volcarona\n|-unboost|p1a: Volcarona|atk|1\n|-unboost|p1a: Volcarona|spa|1\n|\n|t:|1776344258\n|switch|p2b: Whimsicott|Whimsicott, L50, M|67/100|[from] Parting Shot\n|cant|p1b: Altaria|slp\n|\n|-weather|SunnyDay|[upkeep]\n|upkeep\n|turn|8\n|\n|t:|1776344278\n|move|p2b: Whimsicott|Tailwind|p2b: Whimsicott\n|-sidestart|p2: anthonym1234|move: Tailwind\n|move|p2a: Venusaur|Sludge Bomb|p1a: Volcarona\n|-damage|p1a: Volcarona|21/100\n|move|p1a: Volcarona|Quiver Dance|p1a: Volcarona\n|-boost|p1a: Volcarona|spa|1\n|-boost|p1a: Volcarona|spd|1\n|-boost|p1a: Volcarona|spe|1\n|-curestatus|p1b: Altaria|slp|[msg]\n|move|p1b: Altaria|Dragon Pulse|p2a: Venusaur\n|-damage|p2a: Venusaur|76/100\n|\n|-weather|none\n|upkeep\n|turn|9\n|inactive|Junip_Cincc has 30 seconds left.\n|inactive|anthonym1234 has 30 seconds left.\n|inactive|anthonym1234 has 20 seconds left.\n|\n|t:|1776344314\n|move|p2b: Whimsicott|Encore|p1a: Volcarona\n|-start|p1a: Volcarona|Encore\n|move|p1a: Volcarona|Quiver Dance|p1a: Volcarona\n|-boost|p1a: Volcarona|spa|1\n|-boost|p1a: Volcarona|spd|1\n|-boost|p1a: Volcarona|spe|1\n|move|p2a: Venusaur|Sludge Bomb|p1a: Volcarona\n|-damage|p1a: Volcarona|2/100\n|move|p1b: Altaria|Will-O-Wisp|p2a: Venusaur|[miss]\n|-miss|p1b: Altaria|p2a: Venusaur\n|\n|upkeep\n|turn|10\n|\n|t:|1776344331\n|switch|p1a: Slowbro|Slowbro-Mega, L50, F|100/100\n|move|p2b: Whimsicott|Moonblast|p1b: Altaria\n|-supereffective|p1b: Altaria|1\n|-damage|p1b: Altaria|47/100\n|move|p2a: Venusaur|Sludge Bomb|p1a: Slowbro\n|-damage|p1a: Slowbro|63/100\n|-status|p1a: Slowbro|psn\n|move|p1b: Altaria|Tailwind|p1b: Altaria\n|-sidestart|p1: Junip_Cincc|move: Tailwind\n|\n|-heal|p1b: Altaria|53/100|[from] item: Leftovers\n|-damage|p1a: Slowbro|51/100 psn|[from] psn\n|upkeep\n|turn|11\n|inactive|anthonym1234 has 30 seconds left.\n|\n|t:|1776344360\n|switch|p1b: Volcarona|Volcarona, L50, F|2/100\n|move|p2b: Whimsicott|Encore||[still]\n|-fail|p2b: Whimsicott\n|move|p2a: Venusaur|Energy Ball|p1a: Slowbro\n|-supereffective|p1a: Slowbro|1\n|-damage|p1a: Slowbro|0 fnt\n|faint|p1a: Slowbro\n|\n|-sideend|p2: anthonym1234|move: Tailwind\n|upkeep\n|\n|t:|1776344372\n|switch|p1a: Altaria|Altaria, L50, F|53/100\n|-ability|p1a: Altaria|Cloud Nine\n|turn|12\n|\n|t:|1776344389\n|move|p2b: Whimsicott|Tailwind|p2b: Whimsicott\n|-sidestart|p2: anthonym1234|move: Tailwind\n|move|p1b: Volcarona|Heat Wave|p2a: Venusaur|[spread] p2a,p2b\n|-supereffective|p2a: Venusaur|1\n|-supereffective|p2b: Whimsicott|1\n|-damage|p2a: Venusaur|0 fnt\n|-damage|p2b: Whimsicott|0 fnt\n|faint|p2a: Venusaur\n|faint|p2b: Whimsicott\n|move|p1a: Altaria|Dragon Pulse|p2: Venusaur|[notarget]\n|-fail|p1a: Altaria\n|\n|-heal|p1a: Altaria|59/100|[from] item: Leftovers\n|upkeep\n|\n|t:|1776344400\n|switch|p2a: Incineroar|Incineroar, L50, M|58/100\n|-ability|p2a: Incineroar|Intimidate|boost\n|-unboost|p1a: Altaria|atk|1\n|-unboost|p1b: Volcarona|atk|1\n|turn|13\n|\n|t:|1776344410\n|move|p2a: Incineroar|Fake Out|p1b: Volcarona\n|-damage|p1b: Volcarona|0 fnt\n|faint|p1b: Volcarona\n|move|p1a: Altaria|Dragon Pulse|p2a: Incineroar\n|-damage|p2a: Incineroar|37/100\n|\n|-heal|p1a: Altaria|65/100|[from] item: Leftovers\n|-sideend|p1: Junip_Cincc|move: Tailwind\n|upkeep\n|turn|14\n|\n|t:|1776344421\n|move|p1a: Altaria|Protect|p1a: Altaria\n|-singleturn|p1a: Altaria|Protect\n|move|p2a: Incineroar|Flare Blitz|p1a: Altaria\n|-activate|p1a: Altaria|move: Protect\n|\n|-heal|p1a: Altaria|71/100|[from] item: Leftovers\n|upkeep\n|turn|15\n|\n|t:|1776344431\n|move|p2a: Incineroar|Flare Blitz|p1a: Altaria\n|-resisted|p1a: Altaria|1\n|-damage|p1a: Altaria|49/100\n|-damage|p2a: Incineroar|31/100|[from] Recoil\n|move|p1a: Altaria|Dragon Pulse|p2a: Incineroar\n|-damage|p2a: Incineroar|11/100\n|\n|-heal|p1a: Altaria|55/100|[from] item: Leftovers\n|-sideend|p2: anthonym1234|move: Tailwind\n|upkeep\n|turn|16\n|\n|t:|1776344441\n|move|p1a: Altaria|Protect|p1a: Altaria\n|-singleturn|p1a: Altaria|Protect\n|move|p2a: Incineroar|Will-O-Wisp|p1a: Altaria\n|-activate|p1a: Altaria|move: Protect\n|\n|-heal|p1a: Altaria|61/100|[from] item: Leftovers\n|upkeep\n|turn|17\n|c|\u2606anthonym1234|gg\n|\n|t:|1776344450\n|move|p2a: Incineroar|Will-O-Wisp|p1a: Altaria\n|-status|p1a: Altaria|brn\n|move|p1a: Altaria|Dragon Pulse|p2a: Incineroar\n|-damage|p2a: Incineroar|0 fnt\n|faint|p2a: Incineroar\n|\n|win|Junip_Cincc\n|raw|Junip_Cincc's rating: 1051 &rarr; <strong>1079</strong><br />(+28 for winning)\n|raw|anthonym1234's rating: 1000 &rarr; <strong>1000</strong><br />(+0 for losing)\n|l|\u2606anthonym1234\n|player|p2|\n|c|\u2606Junip_Cincc|Gg\n",
  "uploadtime": 1776344470,
  "views": 23,
  "formatid": "gen9championsvgc2026regma",
  "rating": 1000,
  "private": 0,
  "password": null
}