{
  "id": "gen9championsvgc2026regma-2584062560",
  "format": "[Gen 9 Champions] VGC 2026 Reg M-A",
  "players": [
    "oFlotz",
    "Daviva"
  ],
  "log": "|j|\u2606oFlotz\n|j|\u2606Daviva\n|t:|1776221377\n|gametype|doubles\n|player|p1|oFlotz|hiker-gen4|1059\n|player|p2|Daviva|n|1048\n|gen|9\n|tier|[Gen 9 Champions] VGC 2026 Reg M-A\n|rated|\n|rule|Species Clause: Limit one of each Pok\u00e9mon\n|rule|Item Clause: Limit 1 of each item\n|clearpoke\n|poke|p1|Meganium, L50, M|\n|poke|p1|Tauros-Paldea-Aqua, L50, M|\n|poke|p1|Typhlosion-Hisui, L50, M|\n|poke|p1|Aerodactyl, L50, F|\n|poke|p1|Abomasnow, L50, F|\n|poke|p1|Aggron, L50, F|\n|poke|p2|Tyranitar, L50, M|\n|poke|p2|Rotom-Heat, L50|\n|poke|p2|Tinkaton, L50, F|\n|poke|p2|Quaquaval, L50, M|\n|poke|p2|Garchomp, L50, M|\n|poke|p2|Aerodactyl, L50, M|\n|teampreview|4\n|inactive|Battle timer is ON: inactive players will automatically lose when time's up. (requested by Daviva)\n|\n|t:|1776221395\n|teamsize|p1|4\n|teamsize|p2|4\n|start\n|switch|p1a: Aerodactyl|Aerodactyl, L50, F|100/100\n|switch|p1b: Meganium|Meganium, L50, M|100/100\n|switch|p2a: Rotom|Rotom-Heat, L50|100/100\n|switch|p2b: Quaquaval|Quaquaval, L50, M|100/100\n|-ability|p1a: Aerodactyl|Unnerve\n|turn|1\n|\n|t:|1776221410\n|detailschange|p1b: Meganium|Meganium-Mega, L50, M\n|-mega|p1b: Meganium|Meganium|Meganiumite\n|move|p1a: Aerodactyl|Tailwind|p1a: Aerodactyl\n|-sidestart|p1: oFlotz|move: Tailwind\n|move|p1b: Meganium|Dazzling Gleam|p2b: Quaquaval|[spread] p2a,p2b\n|-resisted|p2a: Rotom|1\n|-supereffective|p2b: Quaquaval|1\n|-damage|p2a: Rotom|81/100\n|-damage|p2b: Quaquaval|0 fnt\n|faint|p2b: Quaquaval\n|move|p2a: Rotom|Overheat|p1b: Meganium\n|-supereffective|p1b: Meganium|1\n|-damage|p1b: Meganium|10/100\n|-unboost|p2a: Rotom|spa|2\n|\n|upkeep\n|\n|t:|1776221426\n|switch|p2b: Aerodactyl|Aerodactyl, L50, M|100/100\n|-ability|p2b: Aerodactyl|Unnerve\n|turn|2\n|\n|t:|1776221447\n|detailschange|p2b: Aerodactyl|Aerodactyl-Mega, L50, M\n|-mega|p2b: Aerodactyl|Aerodactyl|Aerodactylite\n|move|p1a: Aerodactyl|Rock Slide|p2b: Aerodactyl|[spread] p2a,p2b\n|-supereffective|p2a: Rotom|1\n|-supereffective|p2b: Aerodactyl|1\n|-damage|p2a: Rotom|29/100\n|-damage|p2b: Aerodactyl|47/100\n|move|p1b: Meganium|Dazzling Gleam|p2a: Rotom|[spread] p2a,p2b\n|-resisted|p2a: Rotom|1\n|-damage|p2a: Rotom|10/100\n|-damage|p2b: Aerodactyl|15/100\n|move|p2b: Aerodactyl|Dual Wingbeat|p1b: Meganium\n|-supereffective|p1b: Meganium|1\n|-damage|p1b: Meganium|0 fnt\n|faint|p1b: Meganium\n|-hitcount|p1: Meganium|1\n|move|p2a: Rotom|Overheat|p1a: Aerodactyl\n|-resisted|p1a: Aerodactyl|1\n|-crit|p1a: Aerodactyl\n|-damage|p1a: Aerodactyl|40/100\n|-unboost|p2a: Rotom|spa|2\n|\n|upkeep\n|\n|t:|1776221467\n|switch|p1b: Typhlosion|Typhlosion-Hisui, L50, M|100/100\n|turn|3\n|\n|t:|1776221479\n|switch|p2b: Tyranitar|Tyranitar, L50, M|100/100\n|-weather|Sandstorm|[from] ability: Sand Stream|[of] p2b: Tyranitar\n|move|p1a: Aerodactyl|Protect|p1a: Aerodactyl\n|-singleturn|p1a: Aerodactyl|Protect\n|move|p1b: Typhlosion|Eruption|p2b: Tyranitar|[spread] p2a,p2b\n|-resisted|p2a: Rotom|1\n|-resisted|p2b: Tyranitar|1\n|-damage|p2a: Rotom|0 fnt\n|-damage|p2b: Tyranitar|83/100\n|faint|p2a: Rotom\n|\n|-weather|Sandstorm|[upkeep]\n|-damage|p1b: Typhlosion|94/100|[from] Sandstorm\n|upkeep\n|\n|t:|1776221488\n|switch|p2a: Aerodactyl|Aerodactyl-Mega, L50, M|15/100\n|turn|4\n|\n|t:|1776221499\n|switch|p1b: Tauros|Tauros-Paldea-Aqua, L50, M|100/100\n|-ability|p1b: Tauros|Intimidate|boost\n|-unboost|p2a: Aerodactyl|atk|1\n|-unboost|p2b: Tyranitar|atk|1\n|move|p2a: Aerodactyl|Wide Guard|p2a: Aerodactyl\n|-singleturn|p2a: Aerodactyl|Wide Guard\n|move|p1a: Aerodactyl|Rock Slide|p2a: Aerodactyl|[spread] \n|-activate|p2a: Aerodactyl|move: Wide Guard\n|-activate|p2b: Tyranitar|move: Wide Guard\n|move|p2b: Tyranitar|Rock Slide|p1b: Tauros|[spread] p1a,p1b\n|-supereffective|p1a: Aerodactyl|1\n|-resisted|p1b: Tauros|1\n|-damage|p1a: Aerodactyl|0 fnt\n|-damage|p1b: Tauros|91/100\n|faint|p1a: Aerodactyl\n|\n|-weather|Sandstorm|[upkeep]\n|-damage|p1b: Tauros|85/100|[from] Sandstorm\n|-sideend|p1: oFlotz|move: Tailwind\n|upkeep\n|\n|t:|1776221515\n|switch|p1a: Typhlosion|Typhlosion-Hisui, L50, M|94/100\n|turn|5\n|\n|t:|1776221531\n|move|p1b: Tauros|Aqua Jet|p2a: Aerodactyl\n|-supereffective|p2a: Aerodactyl|1\n|-damage|p2a: Aerodactyl|0 fnt\n|faint|p2a: Aerodactyl\n|move|p2b: Tyranitar|Rock Slide|p1a: Typhlosion|[spread] p1a,p1b\n|-supereffective|p1a: Typhlosion|1\n|-resisted|p1b: Tauros|1\n|-damage|p1a: Typhlosion|50/100\n|-damage|p1b: Tauros|75/100\n|move|p1a: Typhlosion|Heat Wave|p2b: Tyranitar\n|-resisted|p2b: Tyranitar|1\n|-damage|p2b: Tyranitar|66/100\n|\n|-weather|Sandstorm|[upkeep]\n|-damage|p1a: Typhlosion|44/100|[from] Sandstorm\n|-damage|p1b: Tauros|69/100|[from] Sandstorm\n|upkeep\n|turn|6\n|\n|t:|1776221545\n|move|p2b: Tyranitar|Rock Slide|p1a: Typhlosion|[spread] p1a,p1b\n|-supereffective|p1a: Typhlosion|1\n|-resisted|p1b: Tauros|1\n|-damage|p1a: Typhlosion|0 fnt\n|-damage|p1b: Tauros|59/100\n|faint|p1a: Typhlosion\n|cant|p1b: Tauros|flinch\n|\n|-weather|Sandstorm|[upkeep]\n|-damage|p1b: Tauros|53/100|[from] Sandstorm\n|upkeep\n|turn|7\n|\n|t:|1776221554\n|move|p1b: Tauros|Protect|p1b: Tauros\n|-singleturn|p1b: Tauros|Protect\n|move|p2b: Tyranitar|Rock Slide|p1b: Tauros\n|-activate|p1b: Tauros|move: Protect\n|\n|-weather|none\n|upkeep\n|turn|8\n|\n|t:|1776221561\n|move|p2b: Tyranitar|Rock Slide|p1b: Tauros|[miss]\n|-miss|p2b: Tyranitar|p1b: Tauros\n|move|p1b: Tauros|Close Combat|p2b: Tyranitar\n|-supereffective|p2b: Tyranitar|2\n|-damage|p2b: Tyranitar|0 fnt\n|-unboost|p1b: Tauros|def|1\n|-unboost|p1b: Tauros|spd|1\n|faint|p2b: Tyranitar\n|\n|win|oFlotz\n|raw|oFlotz's rating: 1059 &rarr; <strong>1089</strong><br />(+30 for winning)\n|raw|Daviva's rating: 1048 &rarr; <strong>1031</strong><br />(-17 for losing)\n|l|\u2606Daviva\n|player|p2|\n",
  "uploadtime": 1776221578,
  "views": 24,
  "formatid": "gen9championsvgc2026regma",
  "rating": 1031,
  "private": 0,
  "password": null
}