{
  "id": "gen9championsvgc2026regma-2587882102",
  "format": "[Gen 9 Champions] VGC 2026 Reg M-A",
  "players": [
    "Gulptubus",
    "Zemuller"
  ],
  "log": "|j|\u2606Gulptubus\n|j|\u2606Zemuller\n|t:|1776574175\n|gametype|doubles\n|player|p1|Gulptubus|pokemonranger-gen4|1081\n|player|p2|Zemuller|plasmagrunt-gen5bw|1059\n|gen|9\n|tier|[Gen 9 Champions] VGC 2026 Reg M-A\n|rated|\n|rule|Species Clause: Limit one of each Pok\u00e9mon\n|rule|Item Clause: Limit 1 of each item\n|clearpoke\n|poke|p1|Delphox, L50, M|\n|poke|p1|Aerodactyl, L50, M|\n|poke|p1|Garchomp, L50, F|\n|poke|p1|Incineroar, L50, M|\n|poke|p1|Sinistcha, L50|\n|poke|p1|Milotic, L50, M, shiny|\n|poke|p2|Venusaur, L50, M|\n|poke|p2|Weavile, L50, F|\n|poke|p2|Clefable, L50, F|\n|poke|p2|Tauros-Paldea-Aqua, L50, M|\n|poke|p2|Volcarona, L50, F|\n|poke|p2|Hydreigon, L50, F|\n|teampreview|4\n|inactive|Battle timer is ON: inactive players will automatically lose when time's up. (requested by Gulptubus)\n|\n|t:|1776574250\n|teamsize|p1|4\n|teamsize|p2|4\n|start\n|switch|p1a: Delphox|Delphox, L50, M|100/100\n|switch|p1b: Incineroar|Incineroar, L50, M|100/100\n|switch|p2a: Clefable|Clefable, L50, F|100/100\n|switch|p2b: Venusaur|Venusaur, L50, M|100/100\n|-ability|p1b: Incineroar|Intimidate|boost\n|-unboost|p2a: Clefable|atk|1\n|-unboost|p2b: Venusaur|atk|1\n|turn|1\n|\n|t:|1776574271\n|detailschange|p1a: Delphox|Delphox-Mega, L50, M\n|-mega|p1a: Delphox|Delphox|Delphoxite\n|detailschange|p2b: Venusaur|Venusaur-Mega, L50, M\n|-mega|p2b: Venusaur|Venusaur|Venusaurite\n|move|p1b: Incineroar|Fake Out|p2b: Venusaur\n|-damage|p2b: Venusaur|92/100\n|move|p2a: Clefable|Follow Me|p2a: Clefable\n|-singleturn|p2a: Clefable|move: Follow Me\n|move|p1a: Delphox|Heat Wave|p2b: Venusaur|[spread] p2b\n|-miss|p1a: Delphox|p2a: Clefable\n|-supereffective|p2b: Venusaur|1\n|-damage|p2b: Venusaur|60/100\n|cant|p2b: Venusaur|flinch\n|\n|upkeep\n|turn|2\n|\n|t:|1776574291\n|move|p1a: Delphox|Protect|p1a: Delphox\n|-singleturn|p1a: Delphox|Protect\n|move|p2b: Venusaur|Leech Seed|p1b: Incineroar\n|-start|p1b: Incineroar|move: Leech Seed\n|move|p2a: Clefable|Life Dew||[still]|[spread] p2a,p2b\n|-fail|p2a: Clefable|heal\n|-heal|p2b: Venusaur|86/100\n|move|p1b: Incineroar|Parting Shot|p2b: Venusaur\n|-unboost|p2b: Venusaur|atk|1\n|-unboost|p2b: Venusaur|spa|1\n|\n|t:|1776574308\n|switch|p1b: Aerodactyl|Aerodactyl, L50, M|100/100|[from] Parting Shot\n|-ability|p1b: Aerodactyl|Unnerve\n|\n|upkeep\n|turn|3\n|inactive|Zemuller has 30 seconds left.\n|inactive|Zemuller has 20 seconds left.\n|inactive|Zemuller has 15 seconds left.\n|\n|t:|1776574352\n|switch|p1b: Incineroar|Incineroar, L50, M|100/100\n|-ability|p1b: Incineroar|Intimidate|boost\n|-unboost|p2a: Clefable|atk|1\n|-unboost|p2b: Venusaur|atk|1\n|switch|p2b: Tauros|Tauros-Paldea-Aqua, L50, M|100/100\n|-ability|p2b: Tauros|Intimidate|boost\n|-unboost|p1a: Delphox|atk|1\n|-unboost|p1b: Incineroar|atk|1\n|move|p1a: Delphox|Heat Wave|p2b: Tauros|[spread] p2a\n|-miss|p1a: Delphox|p2b: Tauros\n|-damage|p2a: Clefable|67/100\n|move|p2a: Clefable|Dazzling Gleam|p1b: Incineroar|[spread] p1a,p1b\n|-resisted|p1a: Delphox|1\n|-damage|p1a: Delphox|90/100\n|-damage|p1b: Incineroar|84/100\n|\n|upkeep\n|turn|4\n|inactive|Zemuller has 30 seconds left.\n|inactive|Zemuller has 20 seconds left.\n|inactive|Zemuller has 15 seconds left.\n|\n|t:|1776574393\n|move|p2b: Tauros|Protect|p2b: Tauros\n|-singleturn|p2b: Tauros|Protect\n|move|p1b: Incineroar|Fake Out|p2b: Tauros\n|-activate|p2b: Tauros|move: Protect\n|move|p1a: Delphox|Dazzling Gleam|p2a: Clefable|[spread] p2a\n|-activate|p2b: Tauros|move: Protect\n|-damage|p2a: Clefable|47/100\n|-enditem|p2a: Clefable|Sitrus Berry|[eat]\n|-heal|p2a: Clefable|71/100|[from] item: Sitrus Berry\n|move|p2a: Clefable|Dazzling Gleam|p1a: Delphox|[spread] p1a,p1b\n|-resisted|p1a: Delphox|1\n|-damage|p1a: Delphox|80/100\n|-damage|p1b: Incineroar|66/100\n|\n|upkeep\n|turn|5\n|inactive|Zemuller has 30 seconds left.\n|inactive|Zemuller has 20 seconds left.\n|\n|t:|1776574429\n|switch|p1a: Milotic|Milotic, L50, M, shiny|100/100\n|move|p2b: Tauros|Wave Crash|p1a: Milotic\n|-resisted|p1a: Milotic|1\n|-crit|p1a: Milotic\n|-damage|p1a: Milotic|56/100\n|-damage|p2b: Tauros|81/100|[from] Recoil\n|move|p1b: Incineroar|Parting Shot|p2b: Tauros\n|-unboost|p2b: Tauros|atk|1\n|-unboost|p2b: Tauros|spa|1\n|\n|t:|1776574441\n|switch|p1b: Delphox|Delphox-Mega, L50, M|80/100|[from] Parting Shot\n|move|p2a: Clefable|Life Dew|p2a: Clefable|[spread] p2a,p2b\n|-heal|p2a: Clefable|97/100\n|-heal|p2b: Tauros|100/100\n|\n|-heal|p1a: Milotic|62/100|[from] item: Leftovers\n|upkeep\n|turn|6\n|inactive|Zemuller has 30 seconds left.\n|\n|t:|1776574469\n|move|p1b: Delphox|Dazzling Gleam|p2b: Tauros|[spread] p2a,p2b\n|-supereffective|p2b: Tauros|1\n|-crit|p2b: Tauros\n|-damage|p2a: Clefable|79/100\n|-damage|p2b: Tauros|0 fnt\n|faint|p2b: Tauros\n|move|p1a: Milotic|Scald|p2a: Clefable\n|-damage|p2a: Clefable|53/100\n|move|p2a: Clefable|Dazzling Gleam|p1a: Milotic|[spread] p1a,p1b\n|-resisted|p1b: Delphox|1\n|-damage|p1a: Milotic|47/100\n|-damage|p1b: Delphox|71/100\n|\n|-heal|p1a: Milotic|53/100|[from] item: Leftovers\n|upkeep\n|\n|t:|1776574490\n|switch|p2b: Weavile|Weavile, L50, F|100/100\n|-ability|p2b: Weavile|Pressure\n|turn|7\n|\n|t:|1776574507\n|move|p1b: Delphox|Protect|p1b: Delphox\n|-singleturn|p1b: Delphox|Protect\n|move|p1a: Milotic|Protect|p1a: Milotic\n|-singleturn|p1a: Milotic|Protect\n|move|p2b: Weavile|Knock Off|p1b: Delphox\n|-activate|p1b: Delphox|move: Protect\n|move|p2a: Clefable|Dazzling Gleam|p1a: Milotic|[spread] \n|-activate|p1a: Milotic|move: Protect\n|-activate|p1b: Delphox|move: Protect\n|\n|-heal|p1a: Milotic|59/100|[from] item: Leftovers\n|upkeep\n|turn|8\n|\n|t:|1776574529\n|switch|p1b: Incineroar|Incineroar, L50, M|66/100\n|-ability|p1b: Incineroar|Intimidate|boost\n|-unboost|p2a: Clefable|atk|1\n|-unboost|p2b: Weavile|atk|1\n|move|p2b: Weavile|Knock Off|p1b: Incineroar\n|-resisted|p1b: Incineroar|1\n|-damage|p1b: Incineroar|53/100\n|-enditem|p1b: Incineroar|Chople Berry|[from] move: Knock Off|[of] p2b: Weavile\n|move|p1a: Milotic|Icy Wind|p2b: Weavile|[spread] p2a,p2b\n|-resisted|p2b: Weavile|1\n|-damage|p2a: Clefable|45/100\n|-damage|p2b: Weavile|94/100\n|-unboost|p2a: Clefable|spe|1\n|-unboost|p2b: Weavile|spe|1\n|move|p2a: Clefable|Life Dew|p2a: Clefable|[spread] p2a,p2b\n|-heal|p2a: Clefable|70/100\n|-heal|p2b: Weavile|100/100\n|\n|-heal|p1a: Milotic|65/100|[from] item: Leftovers\n|upkeep\n|turn|9\n|inactive|Gulptubus has 30 seconds left.\n|inactive|Zemuller has 30 seconds left.\n|\n|t:|1776574561\n|move|p2b: Weavile|Protect|p2b: Weavile\n|-singleturn|p2b: Weavile|Protect\n|move|p1b: Incineroar|Fake Out|p2b: Weavile\n|-activate|p2b: Weavile|move: Protect\n|move|p1a: Milotic|Recover|p1a: Milotic\n|-heal|p1a: Milotic|100/100\n|move|p2a: Clefable|Dazzling Gleam|p1a: Milotic|[spread] p1a,p1b\n|-damage|p1a: Milotic|86/100\n|-damage|p1b: Incineroar|37/100\n|\n|-heal|p1a: Milotic|92/100|[from] item: Leftovers\n|upkeep\n|turn|10\n|\n|t:|1776574586\n|move|p2b: Weavile|Knock Off|p1a: Milotic\n|-damage|p1a: Milotic|62/100\n|-enditem|p1a: Milotic|Leftovers|[from] move: Knock Off|[of] p2b: Weavile\n|move|p1a: Milotic|Scald|p2b: Weavile\n|-damage|p2b: Weavile|57/100\n|move|p1b: Incineroar|Parting Shot|p2a: Clefable\n|-unboost|p2a: Clefable|atk|1\n|-unboost|p2a: Clefable|spa|1\n|\n|t:|1776574594\n|switch|p1b: Delphox|Delphox-Mega, L50, M|71/100|[from] Parting Shot\n|move|p2a: Clefable|Life Dew|p2a: Clefable|[spread] p2a,p2b\n|-heal|p2a: Clefable|96/100\n|-heal|p2b: Weavile|82/100\n|\n|upkeep\n|turn|11\n|inactive|Zemuller has 30 seconds left.\n|\n|t:|1776574620\n|move|p2a: Clefable|Follow Me|p2a: Clefable\n|-singleturn|p2a: Clefable|move: Follow Me\n|move|p1b: Delphox|Heat Wave|p2a: Clefable|[spread] p2a\n|-miss|p1b: Delphox|p2b: Weavile\n|-damage|p2a: Clefable|64/100\n|move|p2b: Weavile|Knock Off|p1b: Delphox\n|-supereffective|p1b: Delphox|1\n|-damage|p1b: Delphox|0 fnt\n|faint|p1b: Delphox\n|move|p1a: Milotic|Scald|p2a: Clefable\n|-damage|p2a: Clefable|39/100\n|\n|upkeep\n|\n|t:|1776574627\n|switch|p1b: Incineroar|Incineroar, L50, M|37/100\n|-ability|p1b: Incineroar|Intimidate|boost\n|-unboost|p2a: Clefable|atk|1\n|-unboost|p2b: Weavile|atk|1\n|turn|12\n|\n|t:|1776574640\n|move|p2b: Weavile|Protect|p2b: Weavile\n|-singleturn|p2b: Weavile|Protect\n|move|p1b: Incineroar|Fake Out|p2b: Weavile\n|-activate|p2b: Weavile|move: Protect\n|move|p1a: Milotic|Scald|p2a: Clefable\n|-damage|p2a: Clefable|14/100\n|move|p2a: Clefable|Life Dew|p2a: Clefable|[spread] p2a,p2b\n|-heal|p2a: Clefable|40/100\n|-heal|p2b: Weavile|100/100\n|\n|upkeep\n|turn|13\n|inactive|Zemuller has 30 seconds left.\n|inactive|Zemuller has 20 seconds left.\n|inactive|Zemuller has 15 seconds left.\n|inactive|Zemuller has 10 seconds left.\n|inactive|Zemuller has 5 seconds left.\n|\n|t:|1776574691\n|move|p2b: Weavile|Knock Off|p1a: Milotic\n|-damage|p1a: Milotic|45/100\n|move|p1a: Milotic|Scald|p2b: Weavile\n|-damage|p2b: Weavile|61/100\n|-status|p2b: Weavile|brn\n|move|p1b: Incineroar|Flare Blitz|p2b: Weavile\n|-supereffective|p2b: Weavile|1\n|-damage|p2b: Weavile|0 fnt\n|faint|p2b: Weavile\n|-damage|p1b: Incineroar|23/100|[from] Recoil\n|move|p2a: Clefable|Life Dew|p2a: Clefable\n|-heal|p2a: Clefable|65/100\n|\n|upkeep\n|\n|t:|1776574702\n|switch|p2b: Venusaur|Venusaur-Mega, L50, M|86/100\n|turn|14\n|inactive|Zemuller has 30 seconds left.\n|\n|t:|1776574714\n|move|p1a: Milotic|Protect|p1a: Milotic\n|-singleturn|p1a: Milotic|Protect\n|move|p2b: Venusaur|Leech Seed|p1a: Milotic\n|-activate|p1a: Milotic|move: Protect\n|move|p1b: Incineroar|Parting Shot|p2b: Venusaur\n|-unboost|p2b: Venusaur|atk|1\n|-unboost|p2b: Venusaur|spa|1\n|\n|t:|1776574720\n|switch|p1b: Aerodactyl|Aerodactyl, L50, M|100/100|[from] Parting Shot\n|-ability|p1b: Aerodactyl|Unnerve\n|move|p2a: Clefable|Life Dew|p2a: Clefable|[spread] p2a,p2b\n|-heal|p2a: Clefable|90/100\n|-heal|p2b: Venusaur|100/100\n|\n|upkeep\n|turn|15\n|inactive|Zemuller has 30 seconds left this turn.\n|inactive|Zemuller has 20 seconds left.\n|inactive|Zemuller has 15 seconds left.\n|inactive|Zemuller has 10 seconds left.\n|\n|t:|1776574745\n|move|p2a: Clefable|Follow Me|p2a: Clefable\n|-singleturn|p2a: Clefable|move: Follow Me\n|move|p1b: Aerodactyl|Dual Wingbeat|p2a: Clefable|[miss]\n|-miss|p1b: Aerodactyl|p2a: Clefable\n|move|p1a: Milotic|Icy Wind|p2a: Clefable|[spread] p2a,p2b\n|-supereffective|p2b: Venusaur|1\n|-damage|p2a: Clefable|81/100\n|-damage|p2b: Venusaur|92/100\n|-unboost|p2a: Clefable|spe|1\n|-unboost|p2b: Venusaur|spe|1\n|move|p2b: Venusaur|Leech Seed|p1a: Milotic\n|-start|p1a: Milotic|move: Leech Seed\n|\n|-damage|p1a: Milotic|33/100|[from] Leech Seed|[of] p2b: Venusaur\n|-heal|p2b: Venusaur|100/100|[silent]\n|upkeep\n|turn|16\n|inactive|Zemuller has 10 seconds left this turn.\n|inactive|Zemuller has 5 seconds left.\n|-message|Zemuller lost due to inactivity.\n|\n|win|Gulptubus\n|raw|Gulptubus's rating: 1081 &rarr; <strong>1107</strong><br />(+26 for winning)\n|raw|Zemuller's rating: 1059 &rarr; <strong>1041</strong><br />(-18 for losing)\n",
  "uploadtime": 1776574758,
  "views": 19,
  "formatid": "gen9championsvgc2026regma",
  "rating": 1041,
  "private": 0,
  "password": null
}