{
  "id": "gen9championsvgc2026regma-2585711003",
  "format": "[Gen 9 Champions] VGC 2026 Reg M-A",
  "players": [
    "Buske",
    "M2P Mikey"
  ],
  "log": "|j|\u2606Buske\n|j|\u2606M2P Mikey\n|t:|1776365326\n|gametype|doubles\n|player|p1|Buske|101|1131\n|player|p2|M2P Mikey|scientist|1042\n|gen|9\n|tier|[Gen 9 Champions] VGC 2026 Reg M-A\n|rated|\n|rule|Species Clause: Limit one of each Pok\u00e9mon\n|rule|Item Clause: Limit 1 of each item\n|clearpoke\n|poke|p1|Drampa, L50, M|\n|poke|p1|Alakazam, L50, M|\n|poke|p1|Sinistcha, L50|\n|poke|p1|Pelipper, L50, F|\n|poke|p1|Basculegion, L50, M|\n|poke|p1|Scizor, L50, F|\n|poke|p2|Umbreon, L50, F|\n|poke|p2|Charizard, L50, F|\n|poke|p2|Sneasler, L50, M|\n|poke|p2|Dragapult, L50, F|\n|poke|p2|Whimsicott, L50, M|\n|poke|p2|Lucario, L50, F|\n|teampreview|4\nM2P Mikey rejected open team sheets.\n|\n|t:|1776365350\n|teamsize|p1|4\n|teamsize|p2|4\n|start\n|switch|p1a: Drampa|Drampa, L50, M|100/100\n|switch|p1b: Alakazam|Alakazam, L50, M|100/100\n|switch|p2a: Dragapult|Dragapult, L50, F|100/100\n|switch|p2b: Sneasler|Sneasler, L50, M|100/100\n|turn|1\n|\n|t:|1776365365\n|move|p2a: Dragapult|Protect|p2a: Dragapult\n|-singleturn|p2a: Dragapult|Protect\n|move|p1a: Drampa|Protect|p1a: Drampa\n|-singleturn|p1a: Drampa|Protect\n|move|p1b: Alakazam|Reflect|p1b: Alakazam\n|-sidestart|p1: Buske|Reflect\n|move|p2b: Sneasler|Coaching|p2a: Dragapult\n|-boost|p2a: Dragapult|atk|1\n|-boost|p2a: Dragapult|def|1\n|\n|upkeep\n|turn|2\n|\n|t:|1776365392\n|switch|p2b: Umbreon|Umbreon, L50, F, shiny|100/100\n|detailschange|p1a: Drampa|Drampa-Mega, L50, M\n|-mega|p1a: Drampa|Drampa|Drampanite\n|move|p2a: Dragapult|Dragon Darts|p1a: Drampa\n|-supereffective|p1a: Drampa|1\n|-damage|p1a: Drampa|44/100\n|-anim|p2a: Dragapult|Dragon Darts|p1b: Alakazam\n|-damage|p1b: Alakazam|38/100\n|-ability|p1a: Drampa|Berserk|boost\n|-boost|p1a: Drampa|spa|1\n|move|p1b: Alakazam|Psychic|p2b: Umbreon\n|-immune|p2b: Umbreon\n|move|p1a: Drampa|Earth Power|p2a: Dragapult\n|-damage|p2a: Dragapult|17/100\n|\n|upkeep\n|turn|3\n|\n|t:|1776365421\n|switch|p1b: Sinistcha|Sinistcha, L50|100/100\n|-heal|p1a: Drampa|69/100|[from] ability: Hospitality|[of] p1b: Sinistcha\n|move|p1a: Drampa|Protect|p1a: Drampa\n|-singleturn|p1a: Drampa|Protect\n|move|p2a: Dragapult|Dragon Darts|p1b: Sinistcha\n|-damage|p1b: Sinistcha|76/100\n|-anim|p2a: Dragapult|Dragon Darts|p1b: Sinistcha\n|-damage|p1b: Sinistcha|48/100\n|-enditem|p1b: Sinistcha|Sitrus Berry|[eat]\n|-heal|p1b: Sinistcha|73/100|[from] item: Sitrus Berry\n|move|p2b: Umbreon|Yawn|p1a: Drampa\n|-activate|p1a: Drampa|move: Protect\n|\n|upkeep\n|turn|4\n|\n|t:|1776365491\n|move|p1a: Drampa|Protect|p1a: Drampa\n|-singleturn|p1a: Drampa|Protect\n|move|p2a: Dragapult|Phantom Force||[still]\n|-prepare|p2a: Dragapult|Phantom Force\n|move|p2b: Umbreon|Yawn|p1b: Sinistcha\n|-start|p1b: Sinistcha|move: Yawn|[of] p2b: Umbreon\n|move|p1b: Sinistcha|Matcha Gotcha|p2b: Umbreon|[spread] p2b\n|-miss|p1b: Sinistcha|p2a: Dragapult\n|-damage|p2b: Umbreon|85/100\n|-heal|p1b: Sinistcha|82/100|[from] drain|[of] p2b: Umbreon\n|-status|p2b: Umbreon|brn\n|\n|-heal|p2b: Umbreon|91/100 brn|[from] item: Leftovers\n|-damage|p2b: Umbreon|85/100 brn|[from] brn\n|upkeep\n|turn|5\n|\n|t:|1776365521\n|switch|p1b: Alakazam|Alakazam, L50, M|38/100\n|move|p2a: Dragapult|Phantom Force|p1b: Alakazam|[from] lockedmove\n|-supereffective|p1b: Alakazam|1\n|-damage|p1b: Alakazam|0 fnt\n|faint|p1b: Alakazam\n|move|p2b: Umbreon|Yawn|p1a: Drampa\n|-start|p1a: Drampa|move: Yawn|[of] p2b: Umbreon\n|move|p1a: Drampa|Calm Mind|p1a: Drampa\n|-boost|p1a: Drampa|spa|1\n|-boost|p1a: Drampa|spd|1\n|\n|-heal|p2b: Umbreon|91/100 brn|[from] item: Leftovers\n|-damage|p2b: Umbreon|85/100 brn|[from] brn\n|-sideend|p1: Buske|Reflect\n|upkeep\n|\n|t:|1776365540\n|switch|p1b: Pelipper|Pelipper, L50, F|100/100\n|-weather|RainDance|[from] ability: Drizzle|[of] p1b: Pelipper\n|turn|6\n|\n|t:|1776365557\n|move|p1b: Pelipper|Wide Guard|p1b: Pelipper\n|-singleturn|p1b: Pelipper|Wide Guard\n|move|p2a: Dragapult|Dragon Darts|p1b: Pelipper\n|-damage|p1b: Pelipper|47/100\n|-anim|p2a: Dragapult|Dragon Darts|p1a: Drampa\n|-supereffective|p1a: Drampa|1\n|-damage|p1a: Drampa|0 fnt\n|faint|p1a: Drampa\n|move|p2b: Umbreon|Yawn|p1b: Pelipper\n|-start|p1b: Pelipper|move: Yawn|[of] p2b: Umbreon\n|\n|-weather|RainDance|[upkeep]\n|-heal|p1b: Pelipper|53/100|[from] item: Leftovers\n|-heal|p2b: Umbreon|91/100 brn|[from] item: Leftovers\n|-damage|p2b: Umbreon|85/100 brn|[from] brn\n|upkeep\n|\n|t:|1776365570\n|switch|p1a: Sinistcha|Sinistcha, L50|82/100\n|-heal|p1b: Pelipper|78/100|[from] ability: Hospitality|[of] p1a: Sinistcha\n|turn|7\n|-message|Buske forfeited.\n|\n|win|M2P Mikey\n|raw|Buske's rating: 1131 &rarr; <strong>1100</strong><br />(-31 for losing)\n|raw|M2P Mikey's rating: 1042 &rarr; <strong>1084</strong><br />(+42 for winning)\n|l|\u2606Buske\n|player|p1|\n",
  "uploadtime": 1776365575,
  "views": 20,
  "formatid": "gen9championsvgc2026regma",
  "rating": 1084,
  "private": 0,
  "password": null
}