{
  "id": "gen9championsvgc2026regma-2581143839",
  "format": "[Gen 9 Champions] VGC 2026 Reg M-A",
  "players": [
    "Thomasfromnork",
    "MuseTronic"
  ],
  "log": "|j|\u2606Thomasfromnork\n|j|\u2606MuseTronic\n|t:|1775964105\n|gametype|doubles\n|player|p1|Thomasfromnork|101|1139\n|player|p2|MuseTronic|101|1107\n|gen|9\n|tier|[Gen 9 Champions] VGC 2026 Reg M-A\n|rated|\n|rule|Species Clause: Limit one of each Pok\u00e9mon\n|rule|Item Clause: Limit 1 of each item\n|clearpoke\n|poke|p1|Sinistcha, L50|\n|poke|p1|Farigiraf, L50, M|\n|poke|p1|Incineroar, L50, F|\n|poke|p1|Camerupt, L50, F|\n|poke|p1|Primarina, L50, F|\n|poke|p1|Rotom-Wash, L50|\n|poke|p2|Floette-Eternal, L50, F|\n|poke|p2|Klefki, L50, F|\n|poke|p2|Goodra-Hisui, L50, F|\n|poke|p2|Sinistcha-Masterpiece, L50|\n|poke|p2|Gliscor, L50, M|\n|poke|p2|Zoroark-Hisui, L50, F|\n|teampreview|4\n|inactive|Battle timer is ON: inactive players will automatically lose when time's up. (requested by Thomasfromnork)\n|\n|t:|1775964131\n|teamsize|p1|4\n|teamsize|p2|4\n|start\n|switch|p1a: Farigiraf|Farigiraf, L50, M|100/100\n|switch|p1b: Camerupt|Camerupt, L50, F|100/100\n|switch|p2a: Gliscor|Gliscor, L50, M|100/100\n|switch|p2b: Sinistcha|Sinistcha-Masterpiece, L50|100/100\n|turn|1\n|\n|t:|1775964156\n|move|p1b: Camerupt|Protect|p1b: Camerupt\n|-singleturn|p1b: Camerupt|Protect\n|move|p2b: Sinistcha|Nasty Plot|p2b: Sinistcha\n|-boost|p2b: Sinistcha|spa|2\n|move|p2a: Gliscor|High Horsepower|p1b: Camerupt\n|-activate|p1b: Camerupt|move: Protect\n|move|p1a: Farigiraf|Trick Room|p1a: Farigiraf\n|-fieldstart|move: Trick Room|[of] p1a: Farigiraf\n|\n|upkeep\n|turn|2\n|\n|t:|1775964176\n|detailschange|p1b: Camerupt|Camerupt-Mega, L50, F\n|-mega|p1b: Camerupt|Camerupt|Cameruptite\n|move|p1a: Farigiraf|Helping Hand|p1b: Camerupt\n|-singleturn|p1b: Camerupt|Helping Hand|[of] p1a: Farigiraf\n|move|p1b: Camerupt|Heat Wave|p2a: Gliscor|[spread] \n|-miss|p1b: Camerupt|p2a: Gliscor\n|-miss|p1b: Camerupt|p2b: Sinistcha\n|move|p2a: Gliscor|Stealth Rock|p1a: Farigiraf\n|-sidestart|p1: Thomasfromnork|move: Stealth Rock\n|move|p2b: Sinistcha|Sludge Bomb|p1a: Farigiraf\n|-damage|p1a: Farigiraf|56/100\n|\n|upkeep\n|turn|3\n|inactive|MuseTronic has 30 seconds left.\n|\n|t:|1775964205\n|move|p1a: Farigiraf|Helping Hand|p1b: Camerupt\n|-singleturn|p1b: Camerupt|Helping Hand|[of] p1a: Farigiraf\n|move|p1b: Camerupt|Heat Wave|p2a: Gliscor|[spread] \n|-miss|p1b: Camerupt|p2a: Gliscor\n|-miss|p1b: Camerupt|p2b: Sinistcha\n|move|p2a: Gliscor|High Horsepower|p1b: Camerupt\n|-supereffective|p1b: Camerupt|1\n|-damage|p1b: Camerupt|0 fnt\n|faint|p1b: Camerupt\n|move|p2b: Sinistcha|Shadow Ball|p1a: Farigiraf\n|-immune|p1a: Farigiraf\n|\n|upkeep\n|c|\u2606Thomasfromnork|huh?\n|\n|t:|1775964217\n|switch|p1b: Primarina|Primarina, L50, F|100/100\n|-damage|p1b: Primarina|88/100|[from] Stealth Rock\n|turn|4\n|\n|t:|1775964235\n|move|p1a: Farigiraf|Helping Hand|p1b: Primarina\n|-singleturn|p1b: Primarina|Helping Hand|[of] p1a: Farigiraf\n|move|p1b: Primarina|Hyper Voice|p2b: Sinistcha|[spread] p2a,p2b\n|-supereffective|p2a: Gliscor|1\n|-damage|p2a: Gliscor|0 fnt\n|-enditem|p2b: Sinistcha|Focus Sash\n|-damage|p2b: Sinistcha|1/100\n|replace|p2b: Zoroark|Zoroark-Hisui, L50, F, shiny\n|-end|p2b: Zoroark|Illusion\n|faint|p2a: Gliscor\n|move|p2b: Zoroark|Sludge Bomb|p1b: Primarina\n|-supereffective|p1b: Primarina|1\n|-damage|p1b: Primarina|0 fnt\n|faint|p1b: Primarina\n|\n|upkeep\n|\n|t:|1775964258\n|switch|p1b: Sinistcha|Sinistcha, L50|100/100\n|switch|p2a: Sinistcha|Sinistcha-Masterpiece, L50|100/100\n|-damage|p1b: Sinistcha|88/100|[from] Stealth Rock\n|-heal|p1a: Farigiraf|80/100|[from] ability: Hospitality|[of] p1b: Sinistcha\n|-heal|p2b: Zoroark|26/100|[from] ability: Hospitality|[of] p2a: Sinistcha\n|turn|5\n|\n|t:|1775964271\n|move|p1b: Sinistcha|Rage Powder|p1b: Sinistcha\n|-singleturn|p1b: Sinistcha|move: Rage Powder\n|move|p2a: Sinistcha|Rage Powder|p2a: Sinistcha\n|-singleturn|p2a: Sinistcha|move: Rage Powder\n|move|p1a: Farigiraf|Dazzling Gleam|p2a: Sinistcha|[spread] p2a,p2b\n|-damage|p2a: Sinistcha|83/100\n|-damage|p2b: Zoroark|0 fnt\n|faint|p2b: Zoroark\n|\n|-fieldend|move: Trick Room\n|upkeep\n|\n|t:|1775964278\n|switch|p2b: Floette|Floette-Eternal, L50, F|100/100\n|turn|6\n|\n|t:|1775964291\n|detailschange|p2b: Floette|Floette-Mega, L50, F\n|-mega|p2b: Floette|Floette|Floettite\n|-ability|p2b: Floette|Fairy Aura\n|move|p2b: Floette|Calm Mind|p2b: Floette\n|-boost|p2b: Floette|spa|1\n|-boost|p2b: Floette|spd|1\n|move|p2a: Sinistcha|Giga Drain|p1a: Farigiraf\n|-damage|p1a: Farigiraf|60/100\n|-heal|p2a: Sinistcha|98/100|[from] drain|[of] p1a: Farigiraf\n|move|p1b: Sinistcha|Matcha Gotcha|p2b: Floette|[spread] p2a,p2b\n|-resisted|p2a: Sinistcha|1\n|-crit|p2b: Floette\n|-damage|p2a: Sinistcha|86/100\n|-heal|p1b: Sinistcha|94/100|[from] drain|[of] p2a: Sinistcha\n|-damage|p2b: Floette|67/100\n|-heal|p1b: Sinistcha|100/100|[from] drain|[of] p2b: Floette\n|move|p1a: Farigiraf|Trick Room|p1a: Farigiraf\n|-fieldstart|move: Trick Room|[of] p1a: Farigiraf\n|\n|upkeep\n|turn|7\n|inactive|MuseTronic has 30 seconds left.\n|\n|t:|1775964325\n|move|p1a: Farigiraf|Dazzling Gleam|p2b: Floette|[spread] p2a,p2b\n|-damage|p2a: Sinistcha|65/100\n|-damage|p2b: Floette|55/100\n|move|p1b: Sinistcha|Matcha Gotcha|p2b: Floette|[spread] p2a,p2b\n|-resisted|p2a: Sinistcha|1\n|-damage|p2a: Sinistcha|51/100\n|-damage|p2b: Floette|42/100\n|move|p2a: Sinistcha|Life Dew|p2a: Sinistcha|[spread] p2a,p2b\n|-heal|p2a: Sinistcha|76/100\n|-heal|p2b: Floette|67/100\n|move|p2b: Floette|Calm Mind|p2b: Floette\n|-boost|p2b: Floette|spa|1\n|-boost|p2b: Floette|spd|1\n|\n|upkeep\n|turn|8\n|-message|Thomasfromnork forfeited.\n|\n|win|MuseTronic\n|raw|Thomasfromnork's rating: 1139 &rarr; <strong>1112</strong><br />(-27 for losing)\n|raw|MuseTronic's rating: 1107 &rarr; <strong>1134</strong><br />(+27 for winning)\n|l|\u2606Thomasfromnork\n|player|p1|\n",
  "uploadtime": 1775964498,
  "views": 14,
  "formatid": "gen9championsvgc2026regma",
  "rating": 1112,
  "private": 0,
  "password": null
}