{
  "id": "gen9championsvgc2026regma-2585789723",
  "format": "[Gen 9 Champions] VGC 2026 Reg M-A",
  "players": [
    "bigearlington",
    "galargiant"
  ],
  "log": "|j|\u2606bigearlington\n|j|\u2606galargiant\n|t:|1776370789\n|gametype|doubles\n|player|p1|bigearlington|102|1143\n|player|p2|galargiant|266|1130\n|gen|9\n|tier|[Gen 9 Champions] VGC 2026 Reg M-A\n|rated|\n|rule|Species Clause: Limit one of each Pok\u00e9mon\n|rule|Item Clause: Limit 1 of each item\n|clearpoke\n|poke|p1|Aerodactyl, L50, M|\n|poke|p1|Maushold, L50|\n|poke|p1|Garchomp, L50, F|\n|poke|p1|Delphox, L50, M|\n|poke|p1|Aegislash, L50, M|\n|poke|p1|Floette-Eternal, L50, F|\n|poke|p2|Froslass, L50, F|\n|poke|p2|Kingambit, L50, F|\n|poke|p2|Sneasler, L50, F|\n|poke|p2|Aerodactyl, L50, F|\n|poke|p2|Zoroark-Hisui, L50, M|\n|poke|p2|Incineroar, L50, F|\n|teampreview|4\n|inactive|Battle timer is ON: inactive players will automatically lose when time's up. (requested by galargiant)\ngalargiant rejected open team sheets.\n|inactive|bigearlington has 60 seconds left.\n|inactive|bigearlington has 30 seconds left.\n|inactive|bigearlington has 20 seconds left.\n|\n|t:|1776370897\n|teamsize|p1|4\n|teamsize|p2|4\n|start\n|switch|p1a: Aerodactyl|Aerodactyl, L50, M|100/100\n|switch|p1b: Delphox|Delphox, L50, M|100/100\n|switch|p2a: Froslass|Froslass, L50, F|100/100\n|switch|p2b: Aerodactyl|Aerodactyl, L50, F|100/100\n|-ability|p1a: Aerodactyl|Unnerve\n|-ability|p2b: Aerodactyl|Unnerve\n|turn|1\n|inactive|bigearlington has 30 seconds left.\n|inactive|bigearlington has 20 seconds left.\n|inactive|bigearlington has 15 seconds left.\n|inactive|bigearlington has 10 seconds left.\n|\n|t:|1776370948\n|detailschange|p1b: Delphox|Delphox-Mega, L50, M\n|-mega|p1b: Delphox|Delphox|Delphoxite\n|move|p2a: Froslass|Protect|p2a: Froslass\n|-singleturn|p2a: Froslass|Protect\n|move|p1b: Delphox|Heat Wave|p2b: Aerodactyl|[spread] p2b\n|-activate|p2a: Froslass|move: Protect\n|-resisted|p2b: Aerodactyl|1\n|-damage|p2b: Aerodactyl|72/100\n|move|p2b: Aerodactyl|Tailwind|p2b: Aerodactyl\n|-sidestart|p2: galargiant|move: Tailwind\n|move|p1a: Aerodactyl|Rock Slide|p2b: Aerodactyl|[spread] \n|-activate|p2a: Froslass|move: Protect\n|-miss|p1a: Aerodactyl|p2b: Aerodactyl\n|\n|upkeep\n|turn|2\n|\n|t:|1776370968\n|detailschange|p2a: Froslass|Froslass-Mega, L50, F\n|-mega|p2a: Froslass|Froslass|Froslassite\n|-weather|Snowscape|[from] ability: Snow Warning|[of] p2a: Froslass\n|move|p1b: Delphox|Protect|p1b: Delphox\n|-singleturn|p1b: Delphox|Protect\n|move|p2b: Aerodactyl|Rock Slide|p1b: Delphox|[spread] p1a\n|-activate|p1b: Delphox|move: Protect\n|-supereffective|p1a: Aerodactyl|1\n|-damage|p1a: Aerodactyl|22/100\n|move|p2a: Froslass|Thunderbolt|p1a: Aerodactyl\n|-supereffective|p1a: Aerodactyl|1\n|-damage|p1a: Aerodactyl|0 fnt\n|faint|p1a: Aerodactyl\n|\n|-weather|Snowscape|[upkeep]\n|upkeep\n|\n|t:|1776370984\n|switch|p1a: Maushold|Maushold, L50|100/100\n|turn|3\n|\n|t:|1776370992\n|move|p1a: Maushold|Follow Me|p1a: Maushold\n|-singleturn|p1a: Maushold|move: Follow Me\n|move|p2b: Aerodactyl|Rock Slide|p1b: Delphox|[spread] p1a,p1b\n|-supereffective|p1b: Delphox|1\n|-damage|p1a: Maushold|69/100\n|-damage|p1b: Delphox|40/100\n|move|p2a: Froslass|Blizzard|p1a: Maushold|[spread] p1a,p1b\n|-resisted|p1b: Delphox|1\n|-crit|p1b: Delphox\n|-damage|p1a: Maushold|17/100\n|-damage|p1b: Delphox|16/100\n|move|p1b: Delphox|Heat Wave|p2a: Froslass|[spread] p2a,p2b\n|-supereffective|p2a: Froslass|1\n|-resisted|p2b: Aerodactyl|1\n|-damage|p2a: Froslass|0 fnt\n|-damage|p2b: Aerodactyl|43/100\n|faint|p2a: Froslass\n|\n|-weather|Snowscape|[upkeep]\n|upkeep\n|\n|t:|1776371007\n|switch|p2a: Sneasler|Sneasler, L50, F|100/100\n|turn|4\n|\n|t:|1776371018\n|move|p1b: Delphox|Protect|p1b: Delphox\n|-singleturn|p1b: Delphox|Protect\n|move|p1a: Maushold|Protect|p1a: Maushold\n|-singleturn|p1a: Maushold|Protect\n|move|p2b: Aerodactyl|Dual Wingbeat|p1a: Maushold\n|-activate|p1a: Maushold|move: Protect\n|move|p2a: Sneasler|Close Combat|p1b: Delphox\n|-activate|p1b: Delphox|move: Protect\n|\n|-weather|Snowscape|[upkeep]\n|-sideend|p2: galargiant|move: Tailwind\n|upkeep\n|turn|5\n|inactive|bigearlington has 30 seconds left.\n|inactive|galargiant has 30 seconds left.\n|\n|t:|1776371055\n|move|p1b: Delphox|Psychic|p2b: Aerodactyl\n|-damage|p2b: Aerodactyl|0 fnt\n|faint|p2b: Aerodactyl\n|move|p2a: Sneasler|Close Combat|p1a: Maushold\n|-supereffective|p1a: Maushold|1\n|-enditem|p1a: Maushold|Chople Berry|[eat]\n|-enditem|p1a: Maushold|Chople Berry|[weaken]\n|-damage|p1a: Maushold|0 fnt\n|-unboost|p2a: Sneasler|def|1\n|-unboost|p2a: Sneasler|spd|1\n|faint|p1a: Maushold\n|-enditem|p2a: Sneasler|White Herb\n|-clearnegativeboost|p2a: Sneasler|[silent]\n|\n|-weather|Snowscape|[upkeep]\n|upkeep\n|\n|t:|1776371067\n|switch|p2b: Kingambit|Kingambit, L50, F|100/100\n|switch|p1a: Aegislash|Aegislash, L50, M|100/100\n|turn|6\n|inactive|bigearlington has 30 seconds left.\n|inactive|bigearlington has 20 seconds left.\n|inactive|galargiant has 30 seconds left.\n|inactive|bigearlington has 15 seconds left.\n|\n|t:|1776371110\n|move|p1b: Delphox|Protect|p1b: Delphox\n|-singleturn|p1b: Delphox|Protect\n|move|p2b: Kingambit|Sucker Punch|p1a: Aegislash\n|-supereffective|p1a: Aegislash|1\n|-damage|p1a: Aegislash|17/100\n|move|p2a: Sneasler|Dire Claw|p1b: Delphox\n|-activate|p1b: Delphox|move: Protect\n|-formechange|p1a: Aegislash|Aegislash-Blade|\n|move|p1a: Aegislash|Sacred Sword|p2b: Kingambit\n|-supereffective|p2b: Kingambit|2\n|-damage|p2b: Kingambit|0 fnt\n|faint|p2b: Kingambit\n|\n|-weather|none\n|upkeep\n|turn|7\n|inactive|bigearlington has 30 seconds left.\n|inactive|bigearlington has 20 seconds left.\n|\n|t:|1776371148\n|move|p2a: Sneasler|Dire Claw|p1b: Delphox\n|-damage|p1b: Delphox|0 fnt\n|faint|p1b: Delphox\n|move|p1a: Aegislash|Sacred Sword|p2a: Sneasler\n|-resisted|p2a: Sneasler|1\n|-damage|p2a: Sneasler|69/100\n|\n|upkeep\n|turn|8\n|\n|t:|1776371158\n|-formechange|p1a: Aegislash|Aegislash|\n|move|p1a: Aegislash|King's Shield|p1a: Aegislash\n|-singleturn|p1a: Aegislash|Protect\n|move|p2a: Sneasler|Acrobatics|p1a: Aegislash\n|-activate|p1a: Aegislash|move: Protect\n|-unboost|p2a: Sneasler|atk|1\n|\n|upkeep\n|turn|9\n|inactive|bigearlington has 30 seconds left.\n|inactive|bigearlington has 20 seconds left.\n|inactive|bigearlington has 15 seconds left.\n|\n|t:|1776371200\n|move|p2a: Sneasler|Acrobatics|p1a: Aegislash\n|-resisted|p1a: Aegislash|1\n|-damage|p1a: Aegislash|7/100\n|-formechange|p1a: Aegislash|Aegislash-Blade|\n|move|p1a: Aegislash|Sacred Sword|p2a: Sneasler\n|-resisted|p2a: Sneasler|1\n|-damage|p2a: Sneasler|33/100\n|\n|upkeep\n|turn|10\n|\n|t:|1776371213\n|move|p1a: Aegislash|Shadow Sneak|p2a: Sneasler\n|-damage|p2a: Sneasler|0 fnt\n|faint|p2a: Sneasler\n|\n|win|bigearlington\n|raw|bigearlington's rating: 1143 &rarr; <strong>1167</strong><br />(+24 for winning)\n|raw|galargiant's rating: 1130 &rarr; <strong>1106</strong><br />(-24 for losing)\n|l|\u2606galargiant\n|player|p2|\n",
  "uploadtime": 1776371287,
  "views": 22,
  "formatid": "gen9championsvgc2026regma",
  "rating": 1106,
  "private": 0,
  "password": null
}