{
  "id": "gen9championsvgc2026regma-2587925196",
  "format": "[Gen 9 Champions] VGC 2026 Reg M-A",
  "players": [
    "W0kMeDed",
    "Sores"
  ],
  "log": "|j|\u2606W0kMeDed\n|j|\u2606Sores\n|t:|1776579891\n|gametype|doubles\n|player|p1|W0kMeDed|palmer|1445\n|player|p2|Sores|veteran|1471\n|gen|9\n|tier|[Gen 9 Champions] VGC 2026 Reg M-A\n|rated|\n|rule|Species Clause: Limit one of each Pok\u00e9mon\n|rule|Item Clause: Limit 1 of each item\n|clearpoke\n|poke|p1|Espathra, L50, M|\n|poke|p1|Chandelure, L50, F|\n|poke|p1|Aerodactyl, L50, M|\n|poke|p1|Kingambit, L50, M|\n|poke|p1|Sneasler, L50, M|\n|poke|p1|Rotom-Wash, L50|\n|poke|p2|Delphox, L50, F|\n|poke|p2|Garchomp, L50, M|\n|poke|p2|Milotic, L50, M, shiny|\n|poke|p2|Sinistcha-Masterpiece, L50|\n|poke|p2|Orthworm, L50, M|\n|poke|p2|Liepard, L50, M|\n|teampreview|4\n|\n|t:|1776579955\n|teamsize|p1|4\n|teamsize|p2|4\n|start\n|switch|p1a: Lavash|Espathra, L50, M|100/100\n|switch|p1b: Vega|Sneasler, L50, M|100/100\n|switch|p2a: Liepard|Liepard, L50, M|100/100\n|switch|p2b: Delphox|Delphox, L50, F|100/100\n|turn|1\n|\n|t:|1776579978\n|detailschange|p2b: Delphox|Delphox-Mega, L50, F\n|-mega|p2b: Delphox|Delphox|Delphoxite\n|move|p1a: Lavash|Protect|p1a: Lavash\n|-singleturn|p1a: Lavash|Protect\n|move|p1b: Vega|Fake Out|p2b: Delphox\n|-damage|p2b: Delphox|80/100\n|move|p2a: Liepard|Fake Out|p1b: Vega\n|-damage|p1b: Vega|80/100\n|cant|p2b: Delphox|flinch\n|\n|-ability|p1a: Lavash|Speed Boost|boost\n|-boost|p1a: Lavash|spe|1\n|upkeep\n|turn|2\n|\n|t:|1776580000\n|move|p1b: Vega|Protect|p1b: Vega\n|-singleturn|p1b: Vega|Protect\n|move|p2a: Liepard|Encore|p1a: Lavash\n|-start|p1a: Lavash|Encore\n|move|p1a: Lavash|Protect||[still]\n|-fail|p1a: Lavash\n|move|p2b: Delphox|Psyshock|p1b: Vega\n|-activate|p1b: Vega|move: Protect\n|\n|-ability|p1a: Lavash|Speed Boost|boost\n|-boost|p1a: Lavash|spe|1\n|upkeep\n|turn|3\n|\n|t:|1776580018\n|switch|p1a: Elgee|Rotom-Wash, L50|100/100\n|switch|p1b: Sia|Chandelure, L50, F|100/100\n|move|p2a: Liepard|Encore||[still]\n|-fail|p2a: Liepard\n|move|p2b: Delphox|Heat Wave|p1b: Sia|[spread] p1a\n|-start|p1b: Sia|ability: Flash Fire\n|-resisted|p1a: Elgee|1\n|-damage|p1a: Elgee|77/100\n|\n|upkeep\n|turn|4\n|\n|t:|1776580052\n|-end|p1b: Sia|ability: Flash Fire|[silent]\n|switch|p1b: Vega|Sneasler, L50, M|80/100\n|move|p1a: Elgee|Hydro Pump|p2b: Delphox|[miss]\n|-miss|p1a: Elgee|p2b: Delphox\n|move|p2b: Delphox|Psyshock|p1b: Vega\n|-supereffective|p1b: Vega|2\n|-damage|p1b: Vega|0 fnt\n|faint|p1b: Vega\n|move|p2a: Liepard|Knock Off|p1a: Elgee\n|-damage|p1a: Elgee|25/100\n|-enditem|p1a: Elgee|Choice Scarf|[from] move: Knock Off|[of] p2a: Liepard\n|\n|upkeep\n|\n|t:|1776580061\n|switch|p1b: Lavash|Espathra, L50, M|100/100\n|turn|5\n|\n|t:|1776580078\n|move|p2b: Delphox|Heat Wave|p1a: Elgee|[spread] p1b\n|-miss|p2b: Delphox|p1a: Elgee\n|-damage|p1b: Lavash|30/100\n|move|p1b: Lavash|Dazzling Gleam|p2b: Delphox|[spread] p2a,p2b\n|-supereffective|p2a: Liepard|1\n|-resisted|p2b: Delphox|1\n|-damage|p2a: Liepard|18/100\n|-damage|p2b: Delphox|71/100\n|move|p2a: Liepard|Knock Off|p1b: Lavash\n|-supereffective|p1b: Lavash|1\n|-enditem|p1b: Lavash|Colbur Berry|[eat]\n|-enditem|p1b: Lavash|Colbur Berry|[weaken]\n|-damage|p1b: Lavash|0 fnt\n|faint|p1b: Lavash\n|move|p1a: Elgee|Hydro Pump|p2b: Delphox\n|-supereffective|p2b: Delphox|1\n|-damage|p2b: Delphox|0 fnt\n|faint|p2b: Delphox\n|\n|upkeep\n|\n|t:|1776580088\n|switch|p2b: Garchomp|Garchomp, L50, M|100/100\n|switch|p1b: Sia|Chandelure, L50, F|100/100\n|turn|6\n|-message|W0kMeDed forfeited.\n|\n|win|Sores\n|raw|W0kMeDed's rating: 1445 &rarr; <strong>1426</strong><br />(-19 for losing)\n|raw|Sores's rating: 1471 &rarr; <strong>1490</strong><br />(+19 for winning)\n|l|\u2606W0kMeDed\n|player|p1|\n",
  "uploadtime": 1776580102,
  "views": 18,
  "formatid": "gen9championsvgc2026regma",
  "rating": 1426,
  "private": 0,
  "password": null
}