{
  "id": "gen9championsvgc2026regma-2582481985",
  "format": "[Gen 9 Champions] VGC 2026 Reg M-A",
  "players": [
    "NewVGCplayer98",
    "ImAmethyst"
  ],
  "log": "|j|\u2606NewVGCplayer98\n|j|\u2606ImAmethyst\n|t:|1776094509\n|gametype|doubles\n|player|p1|NewVGCplayer98|101|1076\n|player|p2|ImAmethyst|170|1163\n|gen|9\n|tier|[Gen 9 Champions] VGC 2026 Reg M-A\n|rated|\n|rule|Species Clause: Limit one of each Pok\u00e9mon\n|rule|Item Clause: Limit 1 of each item\n|clearpoke\n|poke|p1|Incineroar, L50, F|\n|poke|p1|Gengar, L50, F|\n|poke|p1|Sinistcha, L50|\n|poke|p1|Kingambit, L50, M|\n|poke|p1|Tyranitar, L50, F|\n|poke|p1|Kommo-o, L50, M|\n|poke|p2|Crabominable, L50, M|\n|poke|p2|Sinistcha-Masterpiece, L50|\n|poke|p2|Incineroar, L50, F|\n|poke|p2|Rotom-Wash, L50|\n|poke|p2|Farigiraf, L50, F|\n|poke|p2|Basculegion, L50, M|\n|teampreview|4\n|inactive|Battle timer is ON: inactive players will automatically lose when time's up. (requested by NewVGCplayer98)\nNewVGCplayer98 rejected open team sheets.\n|inactive|NewVGCplayer98 has 60 seconds left.\n|\n|t:|1776094551\n|teamsize|p1|4\n|teamsize|p2|4\n|start\n|switch|p1a: Tyranitar|Tyranitar, L50, F|100/100\n|switch|p1b: Kommo-o|Kommo-o, L50, M|100/100\n|switch|p2a: Crabominable|Crabominable, L50, M, shiny|100/100\n|switch|p2b: Farigiraf|Farigiraf, L50, F|100/100\n|-weather|Sandstorm|[from] ability: Sand Stream|[of] p1a: Tyranitar\n|turn|1\n|\n|t:|1776094575\n|move|p2a: Crabominable|Protect|p2a: Crabominable\n|-singleturn|p2a: Crabominable|Protect\n|move|p1a: Tyranitar|Knock Off|p2b: Farigiraf\n|-supereffective|p2b: Farigiraf|1\n|-enditem|p2b: Farigiraf|Colbur Berry|[eat]\n|-enditem|p2b: Farigiraf|Colbur Berry|[weaken]\n|-damage|p2b: Farigiraf|41/100\n|move|p1b: Kommo-o|Clangorous Soul|p1b: Kommo-o\n|-boost|p1b: Kommo-o|atk|1\n|-boost|p1b: Kommo-o|def|1\n|-boost|p1b: Kommo-o|spa|1\n|-boost|p1b: Kommo-o|spd|1\n|-boost|p1b: Kommo-o|spe|1\n|-damage|p1b: Kommo-o|68/100\n|move|p2b: Farigiraf|Trick Room|p2b: Farigiraf\n|-fieldstart|move: Trick Room|[of] p2b: Farigiraf\n|\n|-weather|Sandstorm|[upkeep]\n|-damage|p2a: Crabominable|95/100|[from] Sandstorm\n|-damage|p2b: Farigiraf|35/100|[from] Sandstorm\n|-damage|p1b: Kommo-o|62/100|[from] Sandstorm\n|-heal|p1b: Kommo-o|68/100|[from] item: Leftovers\n|upkeep\n|turn|2\n|\n|t:|1776094599\n|switch|p1a: Sinistcha|Sinistcha, L50|100/100\n|-heal|p1b: Kommo-o|93/100|[from] ability: Hospitality|[of] p1a: Sinistcha\n|detailschange|p2a: Crabominable|Crabominable-Mega, L50, M, shiny\n|-mega|p2a: Crabominable|Crabominable|Crabominite\n|move|p1b: Kommo-o|Protect|p1b: Kommo-o\n|-singleturn|p1b: Kommo-o|Protect\n|move|p2a: Crabominable|Drain Punch|p1a: Sinistcha\n|-immune|p1a: Sinistcha\n|move|p2b: Farigiraf|Twin Beam|p1b: Kommo-o\n|-activate|p1b: Kommo-o|move: Protect\n|\n|-weather|Sandstorm|[upkeep]\n|-damage|p2a: Crabominable|89/100|[from] Sandstorm\n|-damage|p2b: Farigiraf|29/100|[from] Sandstorm\n|-damage|p1a: Sinistcha|94/100|[from] Sandstorm\n|-damage|p1b: Kommo-o|87/100|[from] Sandstorm\n|-heal|p1b: Kommo-o|93/100|[from] item: Leftovers\n|upkeep\n|turn|3\n|inactive|NewVGCplayer98 has 30 seconds left.\n|\n|t:|1776094632\n|move|p1a: Sinistcha|Rage Powder|p1a: Sinistcha\n|-singleturn|p1a: Sinistcha|move: Rage Powder\n|move|p2a: Crabominable|Ice Hammer|p1a: Sinistcha\n|-supereffective|p1a: Sinistcha|1\n|-damage|p1a: Sinistcha|0 fnt\n|-unboost|p2a: Crabominable|spe|1\n|faint|p1a: Sinistcha\n|move|p2b: Farigiraf|Twin Beam|p1b: Kommo-o\n|-supereffective|p1b: Kommo-o|1\n|-damage|p1b: Kommo-o|69/100\n|-supereffective|p1b: Kommo-o|1\n|-damage|p1b: Kommo-o|44/100\n|-hitcount|p1b: Kommo-o|2\n|move|p1b: Kommo-o|Clanging Scales|p2b: Farigiraf|[spread] p2a,p2b\n|-damage|p2a: Crabominable|43/100\n|-damage|p2b: Farigiraf|0 fnt\n|faint|p2b: Farigiraf\n|-unboost|p1b: Kommo-o|def|1\n|\n|-weather|Sandstorm|[upkeep]\n|-damage|p2a: Crabominable|37/100|[from] Sandstorm\n|-damage|p1b: Kommo-o|39/100|[from] Sandstorm\n|-heal|p1b: Kommo-o|44/100|[from] item: Leftovers\n|upkeep\n|\n|t:|1776094651\n|switch|p2b: Incineroar|Incineroar, L50, F|100/100\n|switch|p1a: Gengar|Gengar, L50, F|100/100\n|-ability|p2b: Incineroar|Intimidate|boost\n|-unboost|p1a: Gengar|atk|1\n|-unboost|p1b: Kommo-o|atk|1\n|turn|4\n|\n|t:|1776094665\n|detailschange|p1a: Gengar|Gengar-Mega, L50, F\n|-mega|p1a: Gengar|Gengar|Gengarite\n|move|p1a: Gengar|Protect|p1a: Gengar\n|-singleturn|p1a: Gengar|Protect\n|move|p1b: Kommo-o|Protect|p1b: Kommo-o\n|-singleturn|p1b: Kommo-o|Protect\n|move|p2a: Crabominable|Ice Hammer|p1b: Kommo-o\n|-activate|p1b: Kommo-o|move: Protect\n|move|p2b: Incineroar|Flare Blitz|p1a: Gengar\n|-activate|p1a: Gengar|move: Protect\n|\n|-weather|Sandstorm|[upkeep]\n|-damage|p2a: Crabominable|31/100|[from] Sandstorm\n|-damage|p2b: Incineroar|95/100|[from] Sandstorm\n|-damage|p1a: Gengar|95/100|[from] Sandstorm\n|-damage|p1b: Kommo-o|39/100|[from] Sandstorm\n|-heal|p1b: Kommo-o|44/100|[from] item: Leftovers\n|upkeep\n|turn|5\n|inactive|NewVGCplayer98 has 30 seconds left.\n|\n|t:|1776094699\n|move|p2a: Crabominable|Ice Hammer|p1a: Gengar\n|-crit|p1a: Gengar\n|-damage|p1a: Gengar|0 fnt\n|-unboost|p2a: Crabominable|spe|1\n|faint|p1a: Gengar\n|move|p2b: Incineroar|Will-O-Wisp|p1b: Kommo-o|[miss]\n|-miss|p2b: Incineroar|p1b: Kommo-o\n|move|p1b: Kommo-o|Clanging Scales|p2a: Crabominable|[spread] p2a,p2b\n|-damage|p2a: Crabominable|0 fnt\n|-damage|p2b: Incineroar|57/100\n|faint|p2a: Crabominable\n|-unboost|p1b: Kommo-o|def|1\n|\n|-weather|none\n|-heal|p1b: Kommo-o|50/100|[from] item: Leftovers\n|-fieldend|move: Trick Room\n|upkeep\n|\n|t:|1776094714\n|switch|p1a: Tyranitar|Tyranitar, L50, F|100/100\n|switch|p2a: Rotom|Rotom-Wash, L50|100/100\n|-weather|Sandstorm|[from] ability: Sand Stream|[of] p1a: Tyranitar\n|turn|6\n|inactive|NewVGCplayer98 has 30 seconds left.\n|\n|t:|1776094741\n|move|p1b: Kommo-o|Protect|p1b: Kommo-o\n|-singleturn|p1b: Kommo-o|Protect\n|move|p1a: Tyranitar|Knock Off|p2a: Rotom\n|-damage|p2a: Rotom|57/100\n|-enditem|p2a: Rotom|Magnet|[from] move: Knock Off|[of] p1a: Tyranitar\n|move|p2a: Rotom|Hydro Pump|p1a: Tyranitar|[miss]\n|-miss|p2a: Rotom|p1a: Tyranitar\n|move|p2b: Incineroar|Will-O-Wisp|p1b: Kommo-o\n|-activate|p1b: Kommo-o|move: Protect\n|\n|-weather|Sandstorm|[upkeep]\n|-damage|p1b: Kommo-o|44/100|[from] Sandstorm\n|-damage|p2a: Rotom|51/100|[from] Sandstorm\n|-damage|p2b: Incineroar|51/100|[from] Sandstorm\n|-heal|p1b: Kommo-o|50/100|[from] item: Leftovers\n|upkeep\n|turn|7\n|-message|ImAmethyst forfeited.\n|\n|win|NewVGCplayer98\n|raw|NewVGCplayer98's rating: 1076 &rarr; <strong>1112</strong><br />(+36 for winning)\n|raw|ImAmethyst's rating: 1163 &rarr; <strong>1132</strong><br />(-31 for losing)\n|l|\u2606ImAmethyst\n|player|p2|\n|c|\u2606NewVGCplayer98|Mmmm\n",
  "uploadtime": 1776094762,
  "views": 11,
  "formatid": "gen9championsvgc2026regma",
  "rating": 1112,
  "private": 0,
  "password": null
}