{
  "id": "gen9championsvgc2026regma-2587985601",
  "format": "[Gen 9 Champions] VGC 2026 Reg M-A",
  "players": [
    "Dmy99",
    "SunTufo"
  ],
  "log": "|j|\u2606Dmy99\n|j|\u2606SunTufo\n|t:|1776588897\n|gametype|doubles\n|player|p1|Dmy99|101|1339\n|player|p2|SunTufo|li|1310\n|gen|9\n|tier|[Gen 9 Champions] VGC 2026 Reg M-A\n|rated|\n|rule|Species Clause: Limit one of each Pok\u00e9mon\n|rule|Item Clause: Limit 1 of each item\n|clearpoke\n|poke|p1|Golurk, L50|\n|poke|p1|Farigiraf, L50, M|\n|poke|p1|Sinistcha-Masterpiece, L50|\n|poke|p1|Sylveon, L50, F|\n|poke|p1|Incineroar, L50, M|\n|poke|p1|Torkoal, L50, F|\n|poke|p2|Froslass, L50, F, shiny|\n|poke|p2|Milotic, L50, F, shiny|\n|poke|p2|Sneasler, L50, M, shiny|\n|poke|p2|Rotom-Frost, L50|\n|poke|p2|Goodra-Hisui, L50, M, shiny|\n|poke|p2|Incineroar, L50, M, shiny|\n|teampreview|4\n|inactive|Battle timer is ON: inactive players will automatically lose when time's up. (requested by SunTufo)\n|inactive|Dmy99 has 60 seconds left.\n|\n|t:|1776588957\n|teamsize|p1|4\n|teamsize|p2|4\n|start\n|switch|p1a: Farigiraf|Farigiraf, L50, M|100/100\n|switch|p1b: Golurk|Golurk, L50|100/100\n|switch|p2a: Froslass|Froslass, L50, F, shiny|100/100\n|switch|p2b: Milotic|Milotic, L50, F, shiny|100/100\n|turn|1\n|\n|t:|1776588976\n|switch|p2b: Incineroar|Incineroar, L50, M, shiny|100/100\n|-ability|p2b: Incineroar|Intimidate|boost\n|-unboost|p1a: Farigiraf|atk|1\n|-unboost|p1b: Golurk|atk|1\n|detailschange|p2a: Froslass|Froslass-Mega, L50, F, shiny\n|-mega|p2a: Froslass|Froslass|Froslassite\n|-weather|Snowscape|[from] ability: Snow Warning|[of] p2a: Froslass\n|detailschange|p1b: Golurk|Golurk-Mega, L50\n|-mega|p1b: Golurk|Golurk|Golurkite\n|move|p1b: Golurk|Protect|p1b: Golurk\n|-singleturn|p1b: Golurk|Protect\n|move|p2a: Froslass|Aurora Veil|p2a: Froslass\n|-sidestart|p2: SunTufo|move: Aurora Veil\n|move|p1a: Farigiraf|Trick Room|p1a: Farigiraf\n|-fieldstart|move: Trick Room|[of] p1a: Farigiraf\n|\n|-weather|Snowscape|[upkeep]\n|upkeep\n|turn|2\n|inactive|Dmy99 has 30 seconds left.\n|\n|t:|1776589001\n|switch|p2a: Goodra|Goodra-Hisui, L50, M, shiny|100/100\n|move|p1b: Golurk|Poltergeist|p2a: Goodra\n|-activate|p2a: Goodra|move: Poltergeist|Leftovers\n|-damage|p2a: Goodra|74/100\n|move|p1a: Farigiraf|Hyper Voice|p2b: Incineroar|[spread] p2a,p2b\n|-resisted|p2a: Goodra|1\n|-damage|p2a: Goodra|68/100\n|-damage|p2b: Incineroar|81/100\n|move|p2b: Incineroar|Parting Shot|p1b: Golurk\n|-unboost|p1b: Golurk|atk|1\n|-unboost|p1b: Golurk|spa|1\n|\n|t:|1776589011\n|switch|p2b: Milotic|Milotic, L50, F, shiny|100/100|[from] Parting Shot\n|\n|-weather|Snowscape|[upkeep]\n|-heal|p2a: Goodra|74/100|[from] item: Leftovers\n|upkeep\n|turn|3\n|\n|t:|1776589019\n|switch|p1b: Sylveon|Sylveon, L50, F|100/100\n|move|p1a: Farigiraf|Hyper Voice|p2a: Goodra|[spread] p2a,p2b\n|-resisted|p2a: Goodra|1\n|-damage|p2a: Goodra|68/100\n|-damage|p2b: Milotic|87/100\n|move|p2a: Goodra|Shelter|p2a: Goodra\n|-boost|p2a: Goodra|def|2\n|move|p2b: Milotic|Muddy Water|p1a: Farigiraf|[spread] p1a\n|-miss|p2b: Milotic|p1b: Sylveon\n|-damage|p1a: Farigiraf|68/100\n|-unboost|p1a: Farigiraf|accuracy|1\n|\n|-weather|Snowscape|[upkeep]\n|-heal|p2a: Goodra|74/100|[from] item: Leftovers\n|upkeep\n|turn|4\n|\n|t:|1776589029\n|move|p2a: Goodra|Protect|p2a: Goodra\n|-singleturn|p2a: Goodra|Protect\n|move|p2b: Milotic|Protect|p2b: Milotic\n|-singleturn|p2b: Milotic|Protect\n|move|p1b: Sylveon|Hyper Voice|p2a: Goodra|[spread] \n|-activate|p2a: Goodra|move: Protect\n|-activate|p2b: Milotic|move: Protect\n|move|p1a: Farigiraf|Hyper Voice|p2a: Goodra|[spread] \n|-activate|p2a: Goodra|move: Protect\n|-activate|p2b: Milotic|move: Protect\n|\n|-weather|Snowscape|[upkeep]\n|-heal|p2a: Goodra|80/100|[from] item: Leftovers\n|upkeep\n|turn|5\n|\n|t:|1776589042\n|move|p1a: Farigiraf|Protect|p1a: Farigiraf\n|-singleturn|p1a: Farigiraf|Protect\n|move|p1b: Sylveon|Hyper Voice|p2a: Goodra|[spread] p2a,p2b\n|-damage|p2a: Goodra|61/100\n|-damage|p2b: Milotic|64/100\n|move|p2a: Goodra|Heavy Slam|p1b: Sylveon\n|-supereffective|p1b: Sylveon|1\n|-crit|p1b: Sylveon\n|-damage|p1b: Sylveon|0 fnt\n|faint|p1b: Sylveon\n|move|p2b: Milotic|Recover|p2b: Milotic\n|-heal|p2b: Milotic|100/100\n|\n|-weather|none\n|-heal|p2a: Goodra|67/100|[from] item: Leftovers\n|-sideend|p2: SunTufo|move: Aurora Veil\n|-fieldend|move: Trick Room\n|upkeep\n|\n|t:|1776589053\n|switch|p1b: Golurk|Golurk-Mega, L50|100/100\n|turn|6\n|\n|t:|1776589066\n|move|p2b: Milotic|Muddy Water|p1a: Farigiraf|[spread] p1a,p1b\n|-supereffective|p1b: Golurk|1\n|-damage|p1a: Farigiraf|39/100\n|-damage|p1b: Golurk|41/100\n|-unboost|p1b: Golurk|accuracy|1\n|-enditem|p1a: Farigiraf|Sitrus Berry|[eat]\n|-heal|p1a: Farigiraf|63/100|[from] item: Sitrus Berry\n|move|p2a: Goodra|Body Press|p1a: Farigiraf\n|-damage|p1a: Farigiraf|24/100\n|move|p1b: Golurk|Poltergeist|p2b: Milotic\n|-activate|p2b: Milotic|move: Poltergeist|Mystic Water\n|-damage|p2b: Milotic|26/100\n|move|p1a: Farigiraf|Trick Room|p1a: Farigiraf\n|-fieldstart|move: Trick Room|[of] p1a: Farigiraf\n|\n|-heal|p2a: Goodra|73/100|[from] item: Leftovers\n|upkeep\n|turn|7\n|inactive|Dmy99 has 30 seconds left.\n|\n|t:|1776589093\n|switch|p2b: Incineroar|Incineroar, L50, M, shiny|81/100\n|-ability|p2b: Incineroar|Intimidate|boost\n|-unboost|p1a: Farigiraf|atk|1\n|-unboost|p1b: Golurk|atk|1\n|move|p1b: Golurk|High Horsepower|p2a: Goodra\n|-supereffective|p2a: Goodra|1\n|-damage|p2a: Goodra|40/100\n|move|p1a: Farigiraf|Hyper Voice|p2a: Goodra|[spread] p2a,p2b\n|-resisted|p2a: Goodra|1\n|-crit|p2b: Incineroar\n|-damage|p2a: Goodra|32/100\n|-damage|p2b: Incineroar|39/100\n|move|p2a: Goodra|Body Press|p1a: Farigiraf\n|-damage|p1a: Farigiraf|0 fnt\n|faint|p1a: Farigiraf\n|\n|-heal|p2a: Goodra|38/100|[from] item: Leftovers\n|upkeep\n|\n|t:|1776589098\n|switch|p1a: Torkoal|Torkoal, L50, F|100/100\n|-weather|SunnyDay|[from] ability: Drought|[of] p1a: Torkoal\n|turn|8\n|\n|t:|1776589114\n|move|p2b: Incineroar|Fake Out|p1a: Torkoal\n|-damage|p1a: Torkoal|92/100\n|cant|p1a: Torkoal|flinch\n|move|p1b: Golurk|Poltergeist|p2b: Incineroar\n|-activate|p2b: Incineroar|move: Poltergeist|Lum Berry\n|-resisted|p2b: Incineroar|1\n|-damage|p2b: Incineroar|19/100\n|move|p2a: Goodra|Body Press|p1a: Torkoal\n|-damage|p1a: Torkoal|53/100\n|\n|-weather|SunnyDay|[upkeep]\n|-heal|p2a: Goodra|44/100|[from] item: Leftovers\n|upkeep\n|turn|9\n|\n|t:|1776589123\n|switch|p2b: Milotic|Milotic, L50, F, shiny|26/100\n|move|p2a: Goodra|Protect|p2a: Goodra\n|-singleturn|p2a: Goodra|Protect\n|move|p1a: Torkoal|Heat Wave|p2b: Milotic|[spread] p2b\n|-activate|p2a: Goodra|move: Protect\n|-resisted|p2b: Milotic|1\n|-damage|p2b: Milotic|3/100\n|move|p1b: Golurk|High Horsepower|p2a: Goodra\n|-supereffective|p2a: Goodra|1\n|-ability|p1b: Golurk|Unseen Fist\n|-zbroken|p2a: Goodra\n|-damage|p2a: Goodra|36/100\n|\n|-weather|SunnyDay|[upkeep]\n|-heal|p2a: Goodra|42/100|[from] item: Leftovers\n|upkeep\n|turn|10\n|\n|t:|1776589135\n|move|p1a: Torkoal|Heat Wave|p2b: Milotic|[spread] p2b\n|-miss|p1a: Torkoal|p2a: Goodra\n|-resisted|p2b: Milotic|1\n|-damage|p2b: Milotic|0 fnt\n|faint|p2b: Milotic\n|move|p1b: Golurk|High Horsepower|p2a: Goodra\n|-supereffective|p2a: Goodra|1\n|-damage|p2a: Goodra|10/100\n|move|p2a: Goodra|Body Press|p1a: Torkoal\n|-damage|p1a: Torkoal|13/100\n|\n|-weather|SunnyDay|[upkeep]\n|-heal|p2a: Goodra|15/100|[from] item: Leftovers\n|-fieldend|move: Trick Room\n|upkeep\n|\n|t:|1776589137\n|switch|p2b: Froslass|Froslass-Mega, L50, F, shiny|100/100\n|-weather|Snowscape|[from] ability: Snow Warning|[of] p2b: Froslass\n|turn|11\n|\n|t:|1776589150\n|move|p2b: Froslass|Blizzard|p1b: Golurk|[spread] p1a,p1b\n|-resisted|p1a: Torkoal|1\n|-supereffective|p1b: Golurk|1\n|-damage|p1a: Torkoal|0 fnt\n|-damage|p1b: Golurk|0 fnt\n|faint|p1a: Torkoal\n|faint|p1b: Golurk\n|\n|win|SunTufo\n|raw|Dmy99's rating: 1339 &rarr; <strong>1317</strong><br />(-22 for losing)\n|raw|SunTufo's rating: 1310 &rarr; <strong>1332</strong><br />(+22 for winning)\n|l|\u2606Dmy99\n|player|p1|\n",
  "uploadtime": 1776589150,
  "views": 25,
  "formatid": "gen9championsvgc2026regma",
  "rating": 1317,
  "private": 0,
  "password": null
}