{
  "id": "gen9championsvgc2026regma-2585386728",
  "format": "[Gen 9 Champions] VGC 2026 Reg M-A",
  "players": [
    "bobak dotto",
    "toadic6"
  ],
  "log": "|j|\u2606bobak dotto\n|j|\u2606toadic6\n|t:|1776343450\n|gametype|doubles\n|player|p1|bobak dotto|170|1198\n|player|p2|toadic6|101|1215\n|gen|9\n|tier|[Gen 9 Champions] VGC 2026 Reg M-A\n|rated|\n|rule|Species Clause: Limit one of each Pok\u00e9mon\n|rule|Item Clause: Limit 1 of each item\n|clearpoke\n|poke|p1|Lycanroc, L50, F|\n|poke|p1|Delphox, L50, M|\n|poke|p1|Tsareena, L50, F|\n|poke|p1|Hippowdon, L50, M|\n|poke|p1|Basculegion, L50, M|\n|poke|p1|Incineroar, L50, F|\n|poke|p2|Hawlucha, L50, M|\n|poke|p2|Excadrill, L50, F|\n|poke|p2|Kingambit, L50, F|\n|poke|p2|Whimsicott, L50, M|\n|poke|p2|Weavile, L50, M|\n|poke|p2|Tyranitar, L50, F|\n|teampreview|4\n|inactive|Battle timer is ON: inactive players will automatically lose when time's up. (requested by bobak dotto)\n|\n|t:|1776343501\n|teamsize|p1|4\n|teamsize|p2|4\n|start\n|switch|p1a: Lycanroc|Lycanroc, L50, F|100/100\n|switch|p1b: Hippowdon|Hippowdon, L50, M|100/100\n|switch|p2a: Kingambit|Kingambit, L50, F|100/100\n|switch|p2b: Weavile|Weavile, L50, M|100/100\n|-ability|p2b: Weavile|Pressure\n|-weather|Sandstorm|[from] ability: Sand Stream|[of] p1b: Hippowdon\n|turn|1\n|inactive|toadic6 has 30 seconds left.\n|\n|t:|1776343534\n|move|p1b: Hippowdon|Protect|p1b: Hippowdon\n|-singleturn|p1b: Hippowdon|Protect\n|move|p2b: Weavile|Fake Out|p1b: Hippowdon\n|-activate|p1b: Hippowdon|move: Protect\n|move|p1a: Lycanroc|Close Combat|p2a: Kingambit\n|-supereffective|p2a: Kingambit|2\n|-damage|p2a: Kingambit|0 fnt\n|-unboost|p1a: Lycanroc|def|1\n|-unboost|p1a: Lycanroc|spd|1\n|faint|p2a: Kingambit\n|\n|-weather|Sandstorm|[upkeep]\n|-damage|p2b: Weavile|94/100|[from] Sandstorm\n|upkeep\n|\n|t:|1776343550\n|switch|p2a: Excadrill|Excadrill, L50, F|100/100\n|-ability|p2a: Excadrill|Mold Breaker\n|turn|2\n|\n|t:|1776343559\n|switch|p2b: Hawlucha|Hawlucha, L50, M|100/100\n|move|p1a: Lycanroc|Close Combat|p2b: Hawlucha\n|-resisted|p2b: Hawlucha|1\n|-damage|p2b: Hawlucha|76/100\n|-unboost|p1a: Lycanroc|def|1\n|-unboost|p1a: Lycanroc|spd|1\n|move|p2a: Excadrill|Earthquake|p1b: Hippowdon|[spread] p1a,p1b\n|-immune|p2b: Hawlucha\n|-supereffective|p1a: Lycanroc|1\n|-enditem|p1a: Lycanroc|Focus Sash\n|-damage|p1a: Lycanroc|1/100\n|-damage|p1b: Hippowdon|75/100\n|move|p1b: Hippowdon|High Horsepower|p2a: Excadrill\n|-supereffective|p2a: Excadrill|1\n|-enditem|p2a: Excadrill|Focus Sash\n|-damage|p2a: Excadrill|1/100\n|\n|-weather|Sandstorm|[upkeep]\n|-damage|p2b: Hawlucha|70/100|[from] Sandstorm\n|-heal|p1b: Hippowdon|81/100|[from] item: Leftovers\n|upkeep\n|turn|3\n|inactive|toadic6 has 30 seconds left.\n|\n|t:|1776343589\n|detailschange|p2b: Hawlucha|Hawlucha-Mega, L50, M\n|-mega|p2b: Hawlucha|Hawlucha|Hawluchanite\n|move|p2b: Hawlucha|Protect|p2b: Hawlucha\n|-singleturn|p2b: Hawlucha|Protect\n|move|p2a: Excadrill|Protect|p2a: Excadrill\n|-singleturn|p2a: Excadrill|Protect\n|move|p1a: Lycanroc|Endeavor|p2b: Hawlucha\n|-activate|p2b: Hawlucha|move: Protect\n|move|p1b: Hippowdon|High Horsepower|p2a: Excadrill\n|-activate|p2a: Excadrill|move: Protect\n|\n|-weather|Sandstorm|[upkeep]\n|-damage|p2b: Hawlucha|64/100|[from] Sandstorm\n|-heal|p1b: Hippowdon|87/100|[from] item: Leftovers\n|upkeep\n|turn|4\n|inactive|toadic6 has 30 seconds left.\n|\n|t:|1776343616\n|move|p1a: Lycanroc|Endeavor|p2b: Hawlucha\n|-damage|p2b: Hawlucha|1/100\n|move|p2b: Hawlucha|Entrainment|p2a: Excadrill\n|-ability|p2a: Excadrill|No Guard|Mold Breaker|[from] move: Entrainment|[of] p2b: Hawlucha\n|move|p2a: Excadrill|Fissure|p1b: Hippowdon\n|-damage|p1b: Hippowdon|0 fnt\n|faint|p1b: Hippowdon\n|-ohko\n|\n|-weather|Sandstorm|[upkeep]\n|-damage|p2b: Hawlucha|0 fnt|[from] Sandstorm\n|faint|p2b: Hawlucha\n|upkeep\n|\n|t:|1776343630\n|switch|p2b: Weavile|Weavile, L50, M|94/100\n|switch|p1b: Basculegion|Basculegion, L50, M|100/100\n|-ability|p2b: Weavile|Pressure\n|turn|5\n|\n|t:|1776343649\n|move|p1a: Lycanroc|Endure|p1a: Lycanroc\n|-singleturn|p1a: Lycanroc|move: Endure\n|move|p2a: Excadrill|Protect|p2a: Excadrill\n|-singleturn|p2a: Excadrill|Protect\n|move|p2b: Weavile|Fake Out|p1a: Lycanroc\n|-resisted|p1a: Lycanroc|1\n|-activate|p1a: Lycanroc|move: Endure\n|-damage|p1a: Lycanroc|1/100\n|move|p1b: Basculegion|Aqua Jet|p2a: Excadrill\n|-activate|p2a: Excadrill|move: Protect\n|\n|-weather|none\n|upkeep\n|turn|6\n|inactive|toadic6 has 30 seconds left.\n|\n|t:|1776343681\n|move|p2a: Excadrill|Protect||[still]\n|-fail|p2a: Excadrill\n|move|p1b: Basculegion|Aqua Jet|p2a: Excadrill\n|-supereffective|p2a: Excadrill|1\n|-damage|p2a: Excadrill|0 fnt\n|faint|p2a: Excadrill\n|move|p2b: Weavile|Knock Off|p1b: Basculegion\n|-supereffective|p1b: Basculegion|1\n|-damage|p1b: Basculegion|0 fnt\n|-enditem|p1b: Basculegion|Choice Scarf|[from] move: Knock Off|[of] p2b: Weavile\n|faint|p1b: Basculegion\n|move|p1a: Lycanroc|Rock Slide|p2b: Weavile\n|-supereffective|p2b: Weavile|1\n|-damage|p2b: Weavile|0 fnt\n|faint|p2b: Weavile\n|\n|win|bobak dotto\n|raw|bobak dotto's rating: 1198 &rarr; <strong>1224</strong><br />(+26 for winning)\n|raw|toadic6's rating: 1215 &rarr; <strong>1189</strong><br />(-26 for losing)\n",
  "uploadtime": 1776343690,
  "views": 27,
  "formatid": "gen9championsvgc2026regma",
  "rating": 1189,
  "private": 0,
  "password": null
}