{
  "id": "gen9championsvgc2026regma-2588524587",
  "format": "[Gen 9 Champions] VGC 2026 Reg M-A",
  "players": [
    "gr777",
    "runningdustfc"
  ],
  "log": "|j|\u2606gr777\n|j|\u2606runningdustfc\n|t:|1776641538\n|gametype|doubles\n|player|p1|gr777|169|1088\n|player|p2|runningdustfc|mela|1119\n|gen|9\n|tier|[Gen 9 Champions] VGC 2026 Reg M-A\n|rated|\n|rule|Species Clause: Limit one of each Pok\u00e9mon\n|rule|Item Clause: Limit 1 of each item\n|clearpoke\n|poke|p1|Charizard, L50, M|\n|poke|p1|Milotic, L50, F|\n|poke|p1|Sinistcha, L50|\n|poke|p1|Sneasler, L50, F|\n|poke|p1|Ninetales-Alola, L50, M|\n|poke|p1|Meganium, L50, F|\n|poke|p2|Gallade, L50, M|\n|poke|p2|Whimsicott, L50, F|\n|poke|p2|Skarmory, L50, F|\n|poke|p2|Farigiraf, L50, F|\n|poke|p2|Clefable, L50, F|\n|poke|p2|Primarina, L50, F, shiny|\n|teampreview|4\n|\n|t:|1776641579\n|teamsize|p1|4\n|teamsize|p2|4\n|start\n|switch|p1a: Sneasler|Sneasler, L50, F|100/100\n|switch|p1b: Meganium|Meganium, L50, F|100/100\n|switch|p2a: Gallade|Gallade, L50, M|100/100\n|switch|p2b: Whimsicott|Whimsicott, L50, F|100/100\n|turn|1\n|\n|t:|1776641600\n|detailschange|p1b: Meganium|Meganium-Mega, L50, F\n|-mega|p1b: Meganium|Meganium|Meganiumite\n|move|p1a: Sneasler|Fake Out|p2b: Whimsicott\n|-damage|p2b: Whimsicott|78/100\n|cant|p2b: Whimsicott|flinch\n|move|p2a: Gallade|Psycho Cut|p1a: Sneasler\n|-supereffective|p1a: Sneasler|2\n|-damage|p1a: Sneasler|0 fnt\n|faint|p1a: Sneasler\n|move|p1b: Meganium|Dazzling Gleam|p2b: Whimsicott|[spread] p2a,p2b\n|-supereffective|p2a: Gallade|1\n|-damage|p2a: Gallade|28/100\n|-damage|p2b: Whimsicott|20/100\n|\n|upkeep\n|\n|t:|1776641613\n|switch|p1a: Ninetales|Ninetales-Alola, L50, M|100/100\n|-weather|Snowscape|[from] ability: Snow Warning|[of] p1a: Ninetales\n|turn|2\n|\n|t:|1776641648\n|move|p1b: Meganium|Protect|p1b: Meganium\n|-singleturn|p1b: Meganium|Protect\n|move|p2a: Gallade|Wide Guard|p2a: Gallade\n|-singleturn|p2a: Gallade|Wide Guard\n|move|p2b: Whimsicott|Beat Up|p2a: Gallade\n|-damage|p2a: Gallade|24/100\n|-ability|p2a: Gallade|Justified|boost\n|-boost|p2a: Gallade|atk|1\n|-damage|p2a: Gallade|21/100\n|-ability|p2a: Gallade|Justified|boost\n|-boost|p2a: Gallade|atk|1\n|-damage|p2a: Gallade|17/100\n|-ability|p2a: Gallade|Justified|boost\n|-boost|p2a: Gallade|atk|1\n|-damage|p2a: Gallade|14/100\n|-ability|p2a: Gallade|Justified|boost\n|-boost|p2a: Gallade|atk|1\n|-hitcount|p2a: Gallade|4\n|move|p1a: Ninetales|Blizzard|p2a: Gallade|[spread] \n|-activate|p2a: Gallade|move: Wide Guard\n|-activate|p2b: Whimsicott|move: Wide Guard\n|\n|-weather|Snowscape|[upkeep]\n|upkeep\n|turn|3\n|\n|t:|1776641686\n|move|p2b: Whimsicott|Tailwind|p2b: Whimsicott\n|-sidestart|p2: runningdustfc|move: Tailwind\n|move|p2a: Gallade|Psycho Cut|p1b: Meganium\n|-damage|p1b: Meganium|10/100\n|move|p1a: Ninetales|Freeze-Dry|p2a: Gallade\n|-damage|p2a: Gallade|0 fnt\n|faint|p2a: Gallade\n|move|p1b: Meganium|Weather Ball|p2b: Whimsicott\n|-supereffective|p2b: Whimsicott|1\n|-damage|p2b: Whimsicott|0 fnt\n|faint|p2b: Whimsicott\n|\n|-weather|Snowscape|[upkeep]\n|upkeep\n|j| shin-tv07\n|\n|t:|1776641700\n|switch|p2b: Clefable|Clefable, L50, F|100/100\n|switch|p2a: Skarmory|Skarmory, L50, F|100/100\n|turn|4\n|\n|t:|1776641710\n|switch|p1a: Sinistcha|Sinistcha, L50|100/100\n|-heal|p1b: Meganium|35/100|[from] ability: Hospitality|[of] p1a: Sinistcha\n|detailschange|p2a: Skarmory|Skarmory-Mega, L50, F\n|-mega|p2a: Skarmory|Skarmory|Skarmorite\n|move|p1b: Meganium|Protect|p1b: Meganium\n|-singleturn|p1b: Meganium|Protect\n|move|p2a: Skarmory|Iron Head|p1a: Sinistcha\n|-damage|p1a: Sinistcha|68/100\n|move|p2b: Clefable|Alluring Voice|p1b: Meganium\n|-activate|p1b: Meganium|move: Protect\n|\n|-weather|Snowscape|[upkeep]\n|upkeep\n|turn|5\n|\n|t:|1776641727\n|move|p2b: Clefable|Follow Me|p2b: Clefable\n|-singleturn|p2b: Clefable|move: Follow Me\n|move|p1a: Sinistcha|Rage Powder|p1a: Sinistcha\n|-singleturn|p1a: Sinistcha|move: Rage Powder\n|move|p2a: Skarmory|Brave Bird|p1b: Meganium\n|-supereffective|p1b: Meganium|1\n|-damage|p1b: Meganium|0 fnt\n|faint|p1b: Meganium\n|-damage|p2a: Skarmory|88/100|[from] Recoil\n|\n|-weather|Snowscape|[upkeep]\n|upkeep\n|\n|t:|1776641738\n|switch|p1b: Ninetales|Ninetales-Alola, L50, M|100/100\n|turn|6\n|\n|t:|1776641750\n|move|p2b: Clefable|Follow Me|p2b: Clefable\n|-singleturn|p2b: Clefable|move: Follow Me\n|move|p2a: Skarmory|Iron Head|p1b: Ninetales\n|-supereffective|p1b: Ninetales|2\n|-damage|p1b: Ninetales|0 fnt\n|faint|p1b: Ninetales\n|move|p1a: Sinistcha|Shadow Ball|p2b: Clefable\n|-damage|p2b: Clefable|57/100\n|\n|-weather|none\n|-sideend|p2: runningdustfc|move: Tailwind\n|upkeep\n|turn|7\n|c|\u2606runningdustfc|oww\n|c|\u2606runningdustfc|*wow\n|\n|t:|1776641763\n|move|p2b: Clefable|Follow Me|p2b: Clefable\n|-singleturn|p2b: Clefable|move: Follow Me\n|move|p2a: Skarmory|Brave Bird|p1a: Sinistcha\n|-supereffective|p1a: Sinistcha|1\n|-damage|p1a: Sinistcha|0 fnt\n|faint|p1a: Sinistcha\n|-damage|p2a: Skarmory|59/100|[from] Recoil\n|\n|win|runningdustfc\n|raw|gr777's rating: 1088 &rarr; <strong>1067</strong><br />(-21 for losing)\n|raw|runningdustfc's rating: 1119 &rarr; <strong>1142</strong><br />(+23 for winning)\n|c|\u2606runningdustfc|stalwart actually doing something holy\n|l|\u2606gr777\n|player|p1|\n",
  "uploadtime": 1776641787,
  "views": 19,
  "formatid": "gen9championsvgc2026regma",
  "rating": 1067,
  "private": 0,
  "password": null
}