{
  "id": "gen9championsvgc2026regma-2588182662",
  "format": "[Gen 9 Champions] VGC 2026 Reg M-A",
  "players": [
    "MaikolFlame",
    "Gemifi996644"
  ],
  "log": "|j|\u2606MaikolFlame\n|j|\u2606Gemifi996644\n|t:|1776612246\n|gametype|doubles\n|player|p1|MaikolFlame|101|1139\n|player|p2|Gemifi996644|2|1107\n|gen|9\n|tier|[Gen 9 Champions] VGC 2026 Reg M-A\n|rated|\n|rule|Species Clause: Limit one of each Pok\u00e9mon\n|rule|Item Clause: Limit 1 of each item\n|clearpoke\n|poke|p1|Talonflame, L50, M, shiny|\n|poke|p1|Dragonite, L50, M, shiny|\n|poke|p1|Sneasler, L50, F|\n|poke|p1|Politoed, L50, M|\n|poke|p1|Archaludon, L50, M|\n|poke|p1|Incineroar, L50, M|\n|poke|p2|Tyranitar, L50, F|\n|poke|p2|Sinistcha, L50|\n|poke|p2|Rotom-Heat, L50|\n|poke|p2|Milotic, L50, M|\n|poke|p2|Lycanroc, L50, F|\n|poke|p2|Tinkaton, L50, F|\n|teampreview|4\n|\n|t:|1776612284\n|teamsize|p1|4\n|teamsize|p2|4\n|start\n|switch|p1a: MaikolFlame|Talonflame, L50, M, shiny|100/100\n|switch|p1b: MaccKitty|Sneasler, L50, F|100/100\n|switch|p2a: Tinkaton|Tinkaton, L50, F|100/100\n|switch|p2b: Rotom|Rotom-Heat, L50|100/100\n|-ability|p2a: Tinkaton|Mold Breaker\n|turn|1\n|\n|t:|1776612315\n|move|p1b: MaccKitty|Fake Out|p2a: Tinkaton\n|-resisted|p2a: Tinkaton|1\n|-damage|p2a: Tinkaton|94/100\n|cant|p2a: Tinkaton|flinch\n|move|p1a: MaikolFlame|Tailwind|p1a: MaikolFlame\n|-sidestart|p1: MaikolFlame|move: Tailwind\n|move|p2b: Rotom|Trick|p1b: MaccKitty\n|-activate|p2b: Rotom|move: Trick|[of] p1b: MaccKitty\n|-item|p1b: MaccKitty|Choice Scarf|[from] move: Trick\n|-item|p2b: Rotom|White Herb|[from] move: Trick\n|\n|upkeep\n|turn|2\n|\n|t:|1776612342\n|switch|p1b: MaccPeppo|Politoed, L50, M|100/100\n|-weather|RainDance|[from] ability: Drizzle|[of] p1b: MaccPeppo\n|move|p1a: MaikolFlame|Will-O-Wisp|p2a: Tinkaton|[miss]\n|-miss|p1a: MaikolFlame|p2a: Tinkaton\n|move|p2b: Rotom|Volt Switch|p1a: MaikolFlame\n|-supereffective|p1a: MaikolFlame|1\n|-damage|p1a: MaikolFlame|0 fnt\n|faint|p1a: MaikolFlame\n|\n|t:|1776612352\n|switch|p2b: Tyranitar|Tyranitar, L50, F|100/100|[from] Volt Switch\n|-weather|Sandstorm|[from] ability: Sand Stream|[of] p2b: Tyranitar\n|move|p2a: Tinkaton|Thunder Wave|p1b: MaccPeppo\n|-status|p1b: MaccPeppo|par\n|\n|-weather|Sandstorm|[upkeep]\n|-damage|p1b: MaccPeppo|94/100 par|[from] Sandstorm\n|-heal|p1b: MaccPeppo|100/100 par|[from] item: Leftovers\n|upkeep\n|\n|t:|1776612364\n|switch|p1a: MaccPinga|Archaludon, L50, M|100/100\n|turn|3\n|\n|t:|1776612392\n|move|p2a: Tinkaton|Feint|p1a: MaccPinga\n|-resisted|p1a: MaccPinga|1\n|-damage|p1a: MaccPinga|98/100\n|-ability|p1a: MaccPinga|Stamina|boost\n|-boost|p1a: MaccPinga|def|1\n|move|p1a: MaccPinga|Flash Cannon|p2b: Tyranitar\n|-supereffective|p2b: Tyranitar|1\n|-damage|p2b: Tyranitar|53/100\n|move|p1b: MaccPeppo|Rain Dance|p1b: MaccPeppo\n|-weather|RainDance\n|move|p2b: Tyranitar|Low Kick|p1a: MaccPinga\n|-supereffective|p1a: MaccPinga|1\n|-damage|p1a: MaccPinga|76/100\n|-ability|p1a: MaccPinga|Stamina|boost\n|-boost|p1a: MaccPinga|def|1\n|\n|-weather|RainDance|[upkeep]\n|upkeep\n|turn|4\n|\n|t:|1776612418\n|move|p2b: Tyranitar|Protect|p2b: Tyranitar\n|-singleturn|p2b: Tyranitar|Protect\n|move|p1a: MaccPinga|Electro Shot||[still]\n|-prepare|p1a: MaccPinga|Electro Shot\n|-boost|p1a: MaccPinga|spa|1\n|-anim|p1a: MaccPinga|Electro Shot|p2a: Tinkaton\n|-damage|p2a: Tinkaton|33/100\n|-enditem|p2a: Tinkaton|Sitrus Berry|[eat]\n|-heal|p2a: Tinkaton|58/100|[from] item: Sitrus Berry\n|move|p2a: Tinkaton|Thunder Wave|p1a: MaccPinga\n|-status|p1a: MaccPinga|par\n|move|p1b: MaccPeppo|Weather Ball|p2b: Tyranitar\n|-activate|p2b: Tyranitar|move: Protect\n|\n|-weather|RainDance|[upkeep]\n|-sideend|p1: MaikolFlame|move: Tailwind\n|upkeep\n|turn|5\n|\n|t:|1776612456\n|switch|p2a: Sinistcha|Sinistcha, L50|100/100\n|-heal|p2b: Tyranitar|78/100|[from] ability: Hospitality|[of] p2a: Sinistcha\n|detailschange|p2b: Tyranitar|Tyranitar-Mega, L50, F\n|-mega|p2b: Tyranitar|Tyranitar|Tyranitarite\n|-weather|Sandstorm|[from] ability: Sand Stream|[of] p2b: Tyranitar\n|move|p2b: Tyranitar|Rock Slide|p1a: MaccPinga|[spread] p1a,p1b\n|-resisted|p1a: MaccPinga|1\n|-damage|p1a: MaccPinga|71/100 par\n|-damage|p1b: MaccPeppo|65/100 par\n|-ability|p1a: MaccPinga|Stamina|boost\n|-boost|p1a: MaccPinga|def|1\n|cant|p1a: MaccPinga|flinch\n|move|p1b: MaccPeppo|Weather Ball|p2b: Tyranitar\n|-damage|p2b: Tyranitar|67/100\n|\n|-weather|Sandstorm|[upkeep]\n|-damage|p2a: Sinistcha|95/100|[from] Sandstorm\n|-damage|p1b: MaccPeppo|59/100 par|[from] Sandstorm\n|-heal|p1b: MaccPeppo|65/100 par|[from] item: Leftovers\n|upkeep\n|turn|6\n|\n|t:|1776612486\n|move|p2a: Sinistcha|Rage Powder|p2a: Sinistcha\n|-singleturn|p2a: Sinistcha|move: Rage Powder\n|move|p2b: Tyranitar|Low Kick|p1a: MaccPinga\n|-supereffective|p1a: MaccPinga|1\n|-damage|p1a: MaccPinga|54/100 par\n|-ability|p1a: MaccPinga|Stamina|boost\n|-boost|p1a: MaccPinga|def|1\n|move|p1a: MaccPinga|Flash Cannon|p2a: Sinistcha\n|-damage|p2a: Sinistcha|32/100\n|move|p1b: MaccPeppo|Rain Dance|p1b: MaccPeppo\n|-weather|RainDance\n|\n|-weather|RainDance|[upkeep]\n|-heal|p1b: MaccPeppo|72/100 par|[from] item: Leftovers\n|upkeep\n|turn|7\n|\n|t:|1776612509\n|switch|p2b: Rotom|Rotom-Heat, L50|100/100\n|move|p2a: Sinistcha|Protect|p2a: Sinistcha\n|-singleturn|p2a: Sinistcha|Protect\n|move|p1a: MaccPinga|Flash Cannon|p2b: Rotom\n|-resisted|p2b: Rotom|2\n|-damage|p2b: Rotom|79/100\n|move|p1b: MaccPeppo|Icy Wind|p2b: Rotom|[spread] p2b\n|-activate|p2a: Sinistcha|move: Protect\n|-resisted|p2b: Rotom|1\n|-damage|p2b: Rotom|74/100\n|-unboost|p2b: Rotom|spe|1\n|-enditem|p2b: Rotom|White Herb\n|-clearnegativeboost|p2b: Rotom|[silent]\n|\n|-weather|RainDance|[upkeep]\n|-heal|p1b: MaccPeppo|78/100 par|[from] item: Leftovers\n|upkeep\n|turn|8\n|\n|t:|1776612556\n|switch|p2a: Tyranitar|Tyranitar-Mega, L50, F|67/100\n|-weather|Sandstorm|[from] ability: Sand Stream|[of] p2a: Tyranitar\n|move|p2b: Rotom|Volt Switch|p1b: MaccPeppo\n|-supereffective|p1b: MaccPeppo|1\n|-crit|p1b: MaccPeppo\n|-damage|p1b: MaccPeppo|14/100 par\n|\n|t:|1776612565\n|switch|p2b: Sinistcha|Sinistcha, L50|32/100|[from] Volt Switch\n|-heal|p2a: Tyranitar|91/100|[from] ability: Hospitality|[of] p2b: Sinistcha\n|cant|p1a: MaccPinga|par\n|cant|p1b: MaccPeppo|par\n|\n|-weather|Sandstorm|[upkeep]\n|-damage|p2b: Sinistcha|26/100|[from] Sandstorm\n|-damage|p1b: MaccPeppo|8/100 par|[from] Sandstorm\n|-heal|p1b: MaccPeppo|14/100 par|[from] item: Leftovers\n|upkeep\n|turn|9\n|\n|t:|1776612593\n|switch|p1b: MaccKitty|Sneasler, L50, F|100/100\n|move|p2a: Tyranitar|Knock Off|p1a: MaccPinga\n|-damage|p1a: MaccPinga|41/100 par\n|-ability|p1a: MaccPinga|Stamina|boost\n|-boost|p1a: MaccPinga|def|1\n|-enditem|p1a: MaccPinga|Magnet|[from] move: Knock Off|[of] p2a: Tyranitar\n|move|p2b: Sinistcha|Matcha Gotcha|p1a: MaccPinga|[spread] p1a\n|-miss|p2b: Sinistcha|p1b: MaccKitty\n|-resisted|p1a: MaccPinga|2\n|-damage|p1a: MaccPinga|34/100 par\n|-heal|p2b: Sinistcha|30/100|[from] drain|[of] p1a: MaccPinga\n|-ability|p1a: MaccPinga|Stamina|boost\n|-boost|p1a: MaccPinga|def|1\n|move|p1a: MaccPinga|Flash Cannon|p2a: Tyranitar\n|-supereffective|p2a: Tyranitar|1\n|-damage|p2a: Tyranitar|28/100\n|\n|-weather|Sandstorm|[upkeep]\n|-damage|p1b: MaccKitty|95/100|[from] Sandstorm\n|-damage|p2b: Sinistcha|24/100|[from] Sandstorm\n|upkeep\n|turn|10\n|\n|t:|1776612624\n|switch|p2a: Rotom|Rotom-Heat, L50|74/100\n|move|p2b: Sinistcha|Protect|p2b: Sinistcha\n|-singleturn|p2b: Sinistcha|Protect\n|move|p1b: MaccKitty|Dire Claw|p2b: Sinistcha\n|-activate|p2b: Sinistcha|move: Protect\n|move|p1a: MaccPinga|Flash Cannon|p2a: Rotom\n|-resisted|p2a: Rotom|2\n|-damage|p2a: Rotom|52/100\n|\n|-weather|Sandstorm|[upkeep]\n|-damage|p1b: MaccKitty|89/100|[from] Sandstorm\n|-damage|p2a: Rotom|47/100|[from] Sandstorm\n|-damage|p2b: Sinistcha|19/100|[from] Sandstorm\n|upkeep\n|turn|11\n|\n|t:|1776612645\n|switch|p2b: Tinkaton|Tinkaton, L50, F|58/100\n|-ability|p2b: Tinkaton|Mold Breaker\n|move|p1b: MaccKitty|Dire Claw|p2b: Tinkaton\n|-immune|p2b: Tinkaton\n|move|p2a: Rotom|Overheat|p1a: MaccPinga\n|-damage|p1a: MaccPinga|0 fnt\n|-unboost|p2a: Rotom|spa|2\n|faint|p1a: MaccPinga\n|\n|-weather|Sandstorm|[upkeep]\n|-damage|p1b: MaccKitty|83/100|[from] Sandstorm\n|-damage|p2a: Rotom|41/100|[from] Sandstorm\n|upkeep\n|\n|t:|1776612659\n|switch|p1a: MaccPeppo|Politoed, L50, M|14/100 par\n|-weather|RainDance|[from] ability: Drizzle|[of] p1a: MaccPeppo\n|turn|12\n|\n|t:|1776612681\n|move|p1b: MaccKitty|Dire Claw|p2a: Rotom\n|-damage|p2a: Rotom|0 fnt\n|faint|p2a: Rotom\n|move|p2b: Tinkaton|Thunder Wave|p1b: MaccKitty\n|-status|p1b: MaccKitty|par\n|move|p1a: MaccPeppo|Rain Dance||[still]\n|-fail|p1a: MaccPeppo\n|\n|-weather|RainDance|[upkeep]\n|-heal|p1a: MaccPeppo|20/100 par|[from] item: Leftovers\n|upkeep\n|\n|t:|1776612703\n|switch|p2a: Tyranitar|Tyranitar-Mega, L50, F|28/100\n|-weather|Sandstorm|[from] ability: Sand Stream|[of] p2a: Tyranitar\n|turn|13\n|\n|t:|1776612718\n|switch|p2b: Sinistcha|Sinistcha, L50|19/100\n|-heal|p2a: Tyranitar|52/100|[from] ability: Hospitality|[of] p2b: Sinistcha\n|cant|p1b: MaccKitty|par\n|move|p2a: Tyranitar|Rock Slide|p1a: MaccPeppo|[spread] p1a,p1b\n|-resisted|p1b: MaccKitty|1\n|-damage|p1a: MaccPeppo|0 fnt\n|-damage|p1b: MaccKitty|58/100 par\n|faint|p1a: MaccPeppo\n|\n|-weather|Sandstorm|[upkeep]\n|-damage|p1b: MaccKitty|53/100 par|[from] Sandstorm\n|-damage|p2b: Sinistcha|13/100|[from] Sandstorm\n|upkeep\n|turn|14\n|\n|t:|1776612739\n|switch|p2b: Tinkaton|Tinkaton, L50, F|58/100\n|-ability|p2b: Tinkaton|Mold Breaker\n|move|p1b: MaccKitty|Dire Claw|p2a: Tyranitar\n|-resisted|p2a: Tyranitar|1\n|-crit|p2a: Tyranitar\n|-damage|p2a: Tyranitar|37/100\n|move|p2a: Tyranitar|Knock Off|p1b: MaccKitty\n|-resisted|p1b: MaccKitty|1\n|-damage|p1b: MaccKitty|8/100 par\n|-enditem|p1b: MaccKitty|Choice Scarf|[from] move: Knock Off|[of] p2a: Tyranitar\n|\n|-weather|Sandstorm|[upkeep]\n|-damage|p1b: MaccKitty|2/100 par|[from] Sandstorm\n|upkeep\n|turn|15\n|\n|t:|1776612768\n|move|p2b: Tinkaton|Fake Out|p1b: MaccKitty\n|-damage|p1b: MaccKitty|0 fnt\n|faint|p1b: MaccKitty\n|\n|win|Gemifi996644\n|raw|MaikolFlame's rating: 1139 &rarr; <strong>1112</strong><br />(-27 for losing)\n|raw|Gemifi996644's rating: 1107 &rarr; <strong>1134</strong><br />(+27 for winning)\n|l|\u2606MaikolFlame\n|player|p1|\n",
  "uploadtime": 1776612781,
  "views": 21,
  "formatid": "gen9championsvgc2026regma",
  "rating": 1112,
  "private": 0,
  "password": null
}