{
  "id": "gen9championsvgc2026regma-2582239531",
  "format": "[Gen 9 Champions] VGC 2026 Reg M-A",
  "players": [
    "Kayge",
    "Cereales_Hacendado"
  ],
  "log": "|j|\u2606Kayge\n|j|\u2606Cereales_Hacendado\n|t:|1776074959\n|gametype|doubles\n|player|p1|Kayge|101|1271\n|player|p2|Cereales_Hacendado|265|1341\n|gen|9\n|tier|[Gen 9 Champions] VGC 2026 Reg M-A\n|rated|\n|rule|Species Clause: Limit one of each Pok\u00e9mon\n|rule|Item Clause: Limit 1 of each item\n|clearpoke\n|poke|p1|Salazzle, L50, F|\n|poke|p1|Basculegion, L50, M|\n|poke|p1|Incineroar, L50, F|\n|poke|p1|Sneasler, L50, F|\n|poke|p1|Froslass, L50, F|\n|poke|p1|Floette-Eternal, L50, F|\n|poke|p2|Pinsir, L50, F|\n|poke|p2|Milotic, L50, M|\n|poke|p2|Corviknight, L50, M|\n|poke|p2|Rotom-Heat, L50|\n|poke|p2|Glimmora, L50, M|\n|poke|p2|Scovillain, L50, F|\n|teampreview|4\nCereales_Hacendado rejected open team sheets.\n|\n|t:|1776074999\n|teamsize|p1|4\n|teamsize|p2|4\n|start\n|switch|p1a: Salazzle|Salazzle, L50, F|100/100\n|switch|p1b: Incineroar|Incineroar, L50, F|100/100\n|switch|p2a: Ayuso|Milotic, L50, M, shiny|100/100\n|switch|p2b: Edgar Allan Poe|Corviknight, L50, M, shiny|100/100\n|-ability|p1b: Incineroar|Intimidate|boost\n|-unboost|p2a: Ayuso|atk|1\n|-ability|p2a: Ayuso|Competitive|boost\n|-boost|p2a: Ayuso|spa|2\n|-ability|p2b: Edgar Allan Poe|Mirror Armor\n|-unboost|p1b: Incineroar|atk|1\n|turn|1\n|inactive|Battle timer is ON: inactive players will automatically lose when time's up. (requested by Kayge)\n|inactive|Cereales_Hacendado has 60 seconds left.\n|\n|t:|1776075032\n|move|p2a: Ayuso|Protect|p2a: Ayuso\n|-singleturn|p2a: Ayuso|Protect\n|move|p1b: Incineroar|Fake Out|p2b: Edgar Allan Poe\n|-resisted|p2b: Edgar Allan Poe|1\n|-damage|p2b: Edgar Allan Poe|97/100\n|move|p1a: Salazzle|Toxic|p2b: Edgar Allan Poe\n|-status|p2b: Edgar Allan Poe|tox\n|cant|p2b: Edgar Allan Poe|flinch\n|\n|-damage|p2b: Edgar Allan Poe|91/100 tox|[from] psn\n|upkeep\n|turn|2\n|\n|t:|1776075054\n|move|p1a: Salazzle|Encore|p2a: Ayuso\n|-start|p2a: Ayuso|Encore\n|move|p2a: Ayuso|Protect||[still]\n|-fail|p2a: Ayuso\n|move|p2b: Edgar Allan Poe|Brave Bird|p1a: Salazzle\n|-damage|p1a: Salazzle|36/100\n|-damage|p2b: Edgar Allan Poe|76/100 tox|[from] Recoil\n|move|p1b: Incineroar|Flare Blitz|p2b: Edgar Allan Poe\n|-supereffective|p2b: Edgar Allan Poe|1\n|-damage|p2b: Edgar Allan Poe|8/100 tox\n|-enditem|p2b: Edgar Allan Poe|Sitrus Berry|[eat]\n|-heal|p2b: Edgar Allan Poe|33/100 tox|[from] item: Sitrus Berry\n|-damage|p1b: Incineroar|78/100|[from] Recoil\n|\n|-damage|p2b: Edgar Allan Poe|21/100 tox|[from] psn\n|upkeep\n|turn|3\n|inactive|Kayge has 30 seconds left.\n|inactive|Cereales_Hacendado has 30 seconds left.\n|inactive|Kayge has 20 seconds left.\n|inactive|Kayge has 15 seconds left.\n|inactive|Kayge has 10 seconds left.\n|\n|t:|1776075099\n|switch|p2a: La Exploradora|Glimmora, L50, M, shiny|100/100\n|switch|p1b: Froslass|Froslass, L50, F|100/100\n|move|p1a: Salazzle|Toxic|p2a: La Exploradora\n|-status|p2a: La Exploradora|tox\n|move|p2b: Edgar Allan Poe|Roost|p2b: Edgar Allan Poe\n|-heal|p2b: Edgar Allan Poe|71/100 tox\n|-singleturn|p2b: Edgar Allan Poe|move: Roost\n|\n|-damage|p2a: La Exploradora|95/100 tox|[from] psn\n|-damage|p2b: Edgar Allan Poe|54/100 tox|[from] psn\n|upkeep\n|turn|4\n|\n|t:|1776075123\n|move|p1b: Froslass|Protect|p1b: Froslass\n|-singleturn|p1b: Froslass|Protect\n|move|p1a: Salazzle|Encore|p2b: Edgar Allan Poe\n|-start|p2b: Edgar Allan Poe|Encore\n|move|p2a: La Exploradora|Power Gem|p1a: Salazzle\n|-supereffective|p1a: Salazzle|1\n|-damage|p1a: Salazzle|0 fnt\n|faint|p1a: Salazzle\n|move|p2b: Edgar Allan Poe|Roost|p2b: Edgar Allan Poe\n|-heal|p2b: Edgar Allan Poe|100/100 tox\n|-singleturn|p2b: Edgar Allan Poe|move: Roost\n|\n|-damage|p2a: La Exploradora|83/100 tox|[from] psn\n|-damage|p2b: Edgar Allan Poe|77/100 tox|[from] psn\n|upkeep\n|\n|t:|1776075142\n|switch|p1a: Basculegion|Basculegion, L50, M|100/100\n|turn|5\n|inactive|Kayge has 30 seconds left.\n|\n|t:|1776075173\n|switch|p2b: Ayuso|Milotic, L50, M, shiny|100/100\n|detailschange|p1b: Froslass|Froslass-Mega, L50, F\n|-mega|p1b: Froslass|Froslass|Froslassite\n|-weather|Snowscape|[from] ability: Snow Warning|[of] p1b: Froslass\n|move|p2a: La Exploradora|Spiky Shield|p2a: La Exploradora\n|-singleturn|p2a: La Exploradora|move: Protect\n|move|p1a: Basculegion|Wave Crash|p2a: La Exploradora\n|-activate|p2a: La Exploradora|move: Protect\n|-damage|p1a: Basculegion|88/100|[from] Spiky Shield|[of] p2a: La Exploradora\n|move|p1b: Froslass|Blizzard|p2a: La Exploradora|[spread] p2b\n|-activate|p2a: La Exploradora|move: Protect\n|-resisted|p2b: Ayuso|1\n|-damage|p2b: Ayuso|86/100\n|\n|-weather|Snowscape|[upkeep]\n|-damage|p2a: La Exploradora|66/100 tox|[from] psn\n|upkeep\n|turn|6\n|inactive|Kayge has 30 seconds left.\n|\n|t:|1776075201\n|move|p1b: Froslass|Protect|p1b: Froslass\n|-singleturn|p1b: Froslass|Protect\n|move|p1a: Basculegion|Wave Crash|p2b: Ayuso\n|-resisted|p2b: Ayuso|1\n|-damage|p2b: Ayuso|55/100\n|-damage|p1a: Basculegion|78/100|[from] Recoil\n|move|p2a: La Exploradora|Power Gem|p1b: Froslass\n|-activate|p1b: Froslass|move: Protect\n|move|p2b: Ayuso|Icy Wind|p1a: Basculegion|[spread] p1a\n|-activate|p1b: Froslass|move: Protect\n|-resisted|p1a: Basculegion|1\n|-damage|p1a: Basculegion|73/100\n|-unboost|p1a: Basculegion|spe|1\n|\n|-weather|Snowscape|[upkeep]\n|-damage|p2a: La Exploradora|44/100 tox|[from] psn\n|upkeep\n|turn|7\n|inactive|Kayge has 30 seconds left.\n|\n|t:|1776075227\n|switch|p2a: Edgar Allan Poe|Corviknight, L50, M, shiny|77/100 tox\n|move|p1b: Froslass|Aurora Veil|p1b: Froslass\n|-sidestart|p1: Kayge|move: Aurora Veil\n|move|p1a: Basculegion|Wave Crash|p2b: Ayuso\n|-resisted|p2b: Ayuso|1\n|-damage|p2b: Ayuso|24/100\n|-damage|p1a: Basculegion|63/100|[from] Recoil\n|move|p2b: Ayuso|Recover|p2b: Ayuso\n|-heal|p2b: Ayuso|74/100\n|\n|-weather|Snowscape|[upkeep]\n|-damage|p2a: Edgar Allan Poe|71/100 tox|[from] psn\n|upkeep\n|turn|8\n|\n|t:|1776075251\n|move|p1b: Froslass|Blizzard|p2b: Ayuso|[spread] p2a,p2b\n|-resisted|p2b: Ayuso|1\n|-damage|p2a: Edgar Allan Poe|39/100 tox\n|-damage|p2b: Ayuso|57/100\n|move|p1a: Basculegion|Wave Crash|p2b: Ayuso\n|-resisted|p2b: Ayuso|1\n|-damage|p2b: Ayuso|27/100\n|-damage|p1a: Basculegion|53/100|[from] Recoil\n|move|p2b: Ayuso|Icy Wind|p1a: Basculegion|[spread] p1a,p1b\n|-resisted|p1a: Basculegion|1\n|-resisted|p1b: Froslass|1\n|-damage|p1a: Basculegion|49/100\n|-damage|p1b: Froslass|97/100\n|-unboost|p1a: Basculegion|spe|1\n|-unboost|p1b: Froslass|spe|1\n|move|p2a: Edgar Allan Poe|Brave Bird|p1a: Basculegion\n|-damage|p1a: Basculegion|18/100\n|-damage|p2a: Edgar Allan Poe|29/100 tox|[from] Recoil\n|\n|-weather|Snowscape|[upkeep]\n|-damage|p2a: Edgar Allan Poe|18/100 tox|[from] psn\n|upkeep\n|turn|9\n|inactive|Kayge has 30 seconds left.\n|\n|t:|1776075276\n|switch|p1a: Incineroar|Incineroar, L50, F|78/100\n|-ability|p1a: Incineroar|Intimidate|boost\n|-ability|p2a: Edgar Allan Poe|Mirror Armor\n|-unboost|p1a: Incineroar|atk|1\n|-unboost|p2b: Ayuso|atk|1\n|-ability|p2b: Ayuso|Competitive|boost\n|-boost|p2b: Ayuso|spa|2\n|move|p1b: Froslass|Protect|p1b: Froslass\n|-singleturn|p1b: Froslass|Protect\n|move|p2b: Ayuso|Recover|p2b: Ayuso\n|-heal|p2b: Ayuso|78/100\n|move|p2a: Edgar Allan Poe|Roost|p2a: Edgar Allan Poe\n|-heal|p2a: Edgar Allan Poe|68/100 tox\n|-singleturn|p2a: Edgar Allan Poe|move: Roost\n|\n|-weather|none\n|-damage|p2a: Edgar Allan Poe|50/100 tox|[from] psn\n|upkeep\n|turn|10\n|\n|t:|1776075300\n|switch|p1b: Basculegion|Basculegion, L50, M|18/100\n|move|p2b: Ayuso|Protect|p2b: Ayuso\n|-singleturn|p2b: Ayuso|Protect\n|move|p1a: Incineroar|Fake Out|p2b: Ayuso\n|-activate|p2b: Ayuso|move: Protect\n|move|p2a: Edgar Allan Poe|Brave Bird|p1b: Basculegion\n|-damage|p1b: Basculegion|0 fnt\n|faint|p1b: Basculegion\n|-damage|p2a: Edgar Allan Poe|44/100 tox|[from] Recoil\n|\n|-damage|p2a: Edgar Allan Poe|21/100 tox|[from] psn\n|upkeep\n|\n|t:|1776075315\n|switch|p1b: Froslass|Froslass-Mega, L50, F|97/100\n|-weather|Snowscape|[from] ability: Snow Warning|[of] p1b: Froslass\n|turn|11\n|\n|t:|1776075330\n|move|p1b: Froslass|Shadow Ball|p2b: Ayuso\n|-damage|p2b: Ayuso|47/100\n|-unboost|p2b: Ayuso|spd|1\n|-ability|p2b: Ayuso|Competitive|boost\n|-boost|p2b: Ayuso|spa|2\n|move|p2b: Ayuso|Icy Wind|p1a: Incineroar|[spread] p1a,p1b\n|-resisted|p1a: Incineroar|1\n|-resisted|p1b: Froslass|1\n|-damage|p1a: Incineroar|68/100\n|-damage|p1b: Froslass|86/100\n|-unboost|p1a: Incineroar|spe|1\n|-unboost|p1b: Froslass|spe|1\n|move|p2a: Edgar Allan Poe|Brave Bird|p1b: Froslass\n|-damage|p1b: Froslass|61/100\n|-damage|p2a: Edgar Allan Poe|15/100 tox|[from] Recoil\n|move|p1a: Incineroar|Darkest Lariat|p2b: Ayuso\n|-damage|p2b: Ayuso|24/100\n|\n|-weather|Snowscape|[upkeep]\n|-damage|p2a: Edgar Allan Poe|0 fnt|[from] psn\n|faint|p2a: Edgar Allan Poe\n|-sideend|p1: Kayge|move: Aurora Veil\n|upkeep\n|\n|t:|1776075349\n|switch|p2a: La Exploradora|Glimmora, L50, M, shiny|44/100 tox\n|turn|12\n|\n|t:|1776075366\n|move|p2a: La Exploradora|Power Gem|p1b: Froslass\n|-supereffective|p1b: Froslass|1\n|-damage|p1b: Froslass|0 fnt\n|faint|p1b: Froslass\n|move|p2b: Ayuso|Scald|p1a: Incineroar\n|-supereffective|p1a: Incineroar|1\n|-crit|p1a: Incineroar\n|-damage|p1a: Incineroar|0 fnt\n|faint|p1a: Incineroar\n|\n|win|Cereales_Hacendado\n|raw|Kayge's rating: 1271 &rarr; <strong>1251</strong><br />(-20 for losing)\n|raw|Cereales_Hacendado's rating: 1341 &rarr; <strong>1357</strong><br />(+16 for winning)\n|c|\u2606Cereales_Hacendado|gg\n",
  "uploadtime": 1776075376,
  "views": 31,
  "formatid": "gen9championsvgc2026regma",
  "rating": 1251,
  "private": 0,
  "password": null
}