{
  "id": "gen9championsvgc2026regma-2583119441",
  "format": "[Gen 9 Champions] VGC 2026 Reg M-A",
  "players": [
    "jisdafods",
    "shuangjiji"
  ],
  "log": "|j|\u2606jisdafods\n|j|\u2606shuangjiji\n|t:|1776144299\n|gametype|doubles\n|player|p1|jisdafods|266|1188\n|player|p2|shuangjiji|170|1169\n|gen|9\n|tier|[Gen 9 Champions] VGC 2026 Reg M-A\n|rated|\n|rule|Species Clause: Limit one of each Pok\u00e9mon\n|rule|Item Clause: Limit 1 of each item\n|clearpoke\n|poke|p1|Charizard, L50, F|\n|poke|p1|Venusaur, L50, F|\n|poke|p1|Sneasler, L50, F|\n|poke|p1|Rotom-Wash, L50|\n|poke|p1|Garchomp, L50, M|\n|poke|p1|Incineroar, L50, F|\n|poke|p2|Gengar, L50, M|\n|poke|p2|Incineroar, L50, M|\n|poke|p2|Maushold, L50|\n|poke|p2|Archaludon, L50, F|\n|poke|p2|Basculegion, L50, M|\n|poke|p2|Pelipper, L50, M|\n|teampreview|4\n|\n|t:|1776144342\n|teamsize|p1|4\n|teamsize|p2|4\n|start\n|switch|p1a: Sneasler|Sneasler, L50, F|100/100\n|switch|p1b: Garchomp|Garchomp, L50, M|100/100\n|switch|p2a: Basculegion|Basculegion, L50, M|100/100\n|switch|p2b: Gengar|Gengar, L50, M|100/100\n|turn|1\n|\n|t:|1776144366\n|switch|p1a: Charizard|Charizard, L50, F|100/100\n|detailschange|p2b: Gengar|Gengar-Mega, L50, M\n|-mega|p2b: Gengar|Gengar|Gengarite\n|move|p2b: Gengar|Protect|p2b: Gengar\n|-singleturn|p2b: Gengar|Protect\n|move|p1b: Garchomp|Earthquake|p2a: Basculegion|[spread] p2a\n|-activate|p2b: Gengar|move: Protect\n|-immune|p1a: Charizard\n|-damage|p2a: Basculegion|41/100\n|move|p2a: Basculegion|Flip Turn|p1a: Charizard\n|-supereffective|p1a: Charizard|1\n|-damage|p1a: Charizard|0 fnt\n|faint|p1a: Charizard\n|\n|t:|1776144385\n|switch|p2a: Pelipper|Pelipper, L50, M|100/100|[from] Flip Turn\n|-weather|RainDance|[from] ability: Drizzle|[of] p2a: Pelipper\n|\n|-weather|RainDance|[upkeep]\n|upkeep\n|\n|t:|1776144391\n|switch|p1a: Incineroar|Incineroar, L50, F|100/100\n|-ability|p1a: Incineroar|Intimidate|boost\n|-unboost|p2a: Pelipper|atk|1\n|-unboost|p2b: Gengar|atk|1\n|turn|2\n|\n|t:|1776144417\n|move|p1b: Garchomp|Earthquake|p2b: Gengar|[spread] p1a,p2b\n|-immune|p2a: Pelipper\n|-supereffective|p1a: Incineroar|1\n|-supereffective|p2b: Gengar|1\n|-damage|p1a: Incineroar|17/100\n|-damage|p2b: Gengar|0 fnt\n|-enditem|p1a: Incineroar|Sitrus Berry|[eat]\n|-heal|p1a: Incineroar|42/100|[from] item: Sitrus Berry\n|faint|p2b: Gengar\n|move|p2a: Pelipper|Weather Ball|p1b: Garchomp\n|-damage|p1b: Garchomp|28/100\n|move|p1a: Incineroar|Throat Chop|p2a: Pelipper\n|-damage|p2a: Pelipper|41/100\n|-start|p2a: Pelipper|Throat Chop|[silent]\n|\n|-weather|RainDance|[upkeep]\n|upkeep\n|\n|t:|1776144433\n|switch|p2b: Basculegion|Basculegion, L50, M|41/100\n|turn|3\n|\n|t:|1776144444\n|switch|p1b: Sneasler|Sneasler, L50, F|100/100\n|move|p2b: Basculegion|Flip Turn|p1b: Sneasler\n|-damage|p1b: Sneasler|0 fnt\n|faint|p1b: Sneasler\n|\n|t:|1776144452\n|switch|p2b: Archaludon|Archaludon, L50, F|100/100|[from] Flip Turn\n|move|p2a: Pelipper|Hurricane|p1a: Incineroar\n|-damage|p1a: Incineroar|0 fnt\n|faint|p1a: Incineroar\n|\n|-weather|RainDance|[upkeep]\n|-end|p2a: Pelipper|Throat Chop|[silent]\n|upkeep\n|\n|t:|1776144459\n|switch|p1b: Garchomp|Garchomp, L50, M|28/100\n|turn|4\n|\n|t:|1776144472\n|move|p2b: Archaludon|Protect|p2b: Archaludon\n|-singleturn|p2b: Archaludon|Protect\n|move|p1b: Garchomp|Dragon Claw|p2a: Pelipper\n|-damage|p2a: Pelipper|0 fnt\n|faint|p2a: Pelipper\n|\n|-weather|RainDance|[upkeep]\n|upkeep\n|\n|t:|1776144481\n|switch|p2a: Basculegion|Basculegion, L50, M|41/100\n|turn|5\n|\n|t:|1776144493\n|move|p2a: Basculegion|Aqua Jet|p1b: Garchomp\n|-damage|p1b: Garchomp|0 fnt\n|-damage|p2a: Basculegion|29/100|[from] ability: Rough Skin|[of] p1b: Garchomp\n|faint|p1b: Garchomp\n|\n|win|shuangjiji\n|raw|jisdafods's rating: 1188 &rarr; <strong>1162</strong><br />(-26 for losing)\n|raw|shuangjiji's rating: 1169 &rarr; <strong>1195</strong><br />(+26 for winning)\n|l|\u2606shuangjiji\n|player|p2|\n",
  "uploadtime": 1776145464,
  "views": 30,
  "formatid": "gen9championsvgc2026regma",
  "rating": 1162,
  "private": 0,
  "password": null
}