{
  "id": "gen9championsvgc2026regma-2581555073",
  "format": "[Gen 9 Champions] VGC 2026 Reg M-A",
  "players": [
    "Arcadia Yune",
    "SpeedingSL0TH"
  ],
  "log": "|j|\u2606Arcadia Yune\n|j|\u2606SpeedingSL0TH\n|t:|1776010593\n|gametype|doubles\n|player|p1|Arcadia Yune|li|1116\n|player|p2|SpeedingSL0TH|170|1045\n|gen|9\n|tier|[Gen 9 Champions] VGC 2026 Reg M-A\n|rated|\n|rule|Species Clause: Limit one of each Pok\u00e9mon\n|rule|Item Clause: Limit 1 of each item\n|clearpoke\n|poke|p1|Pelipper, L50, M|\n|poke|p1|Archaludon, L50, M|\n|poke|p1|Dragonite, L50, M|\n|poke|p1|Sinistcha, L50|\n|poke|p1|Basculegion, L50, M|\n|poke|p1|Sneasler, L50, M|\n|poke|p2|Floette-Eternal, L50, F|\n|poke|p2|Incineroar, L50, F|\n|poke|p2|Basculegion, L50, M|\n|poke|p2|Rotom-Mow, L50|\n|poke|p2|Farigiraf, L50, F|\n|teampreview|4\n|\n|t:|1776010630\n|teamsize|p1|4\n|teamsize|p2|4\n|start\n|switch|p1a: Pelipper|Pelipper, L50, M|100/100\n|switch|p1b: Basculegion|Basculegion, L50, M|100/100\n|switch|p2a: Floette|Floette-Eternal, L50, F|100/100\n|switch|p2b: Incineroar|Incineroar, L50, F|100/100\n|-weather|RainDance|[from] ability: Drizzle|[of] p1a: Pelipper\n|-ability|p2b: Incineroar|Intimidate|boost\n|-unboost|p1a: Pelipper|atk|1\n|-unboost|p1b: Basculegion|atk|1\n|turn|1\n|\n|t:|1776010671\n|switch|p2b: Rotom|Rotom-Mow, L50|100/100\n|detailschange|p2a: Floette|Floette-Mega, L50, F\n|-mega|p2a: Floette|Floette|Floettite\n|-ability|p2a: Floette|Fairy Aura\n|move|p1b: Basculegion|Wave Crash|p2a: Floette\n|-damage|p2a: Floette|40/100\n|-damage|p1b: Basculegion|82/100|[from] Recoil\n|move|p2a: Floette|Dazzling Gleam|p1b: Basculegion|[spread] p1a,p1b\n|-damage|p1a: Pelipper|30/100\n|-damage|p1b: Basculegion|36/100\n|move|p1a: Pelipper|Tailwind|p1a: Pelipper\n|-sidestart|p1: Arcadia Yune|move: Tailwind\n|\n|-weather|RainDance|[upkeep]\n|upkeep\n|turn|2\n|\n|t:|1776010696\n|move|p2a: Floette|Protect|p2a: Floette\n|-singleturn|p2a: Floette|Protect\n|move|p1b: Basculegion|Wave Crash|p2a: Floette\n|-activate|p2a: Floette|move: Protect\n|move|p1a: Pelipper|Hurricane|p2b: Rotom\n|-damage|p2b: Rotom|53/100\n|-start|p2b: Rotom|confusion\n|-activate|p2b: Rotom|confusion\n|move|p2b: Rotom|Volt Switch|p1b: Basculegion\n|-supereffective|p1b: Basculegion|1\n|-damage|p1b: Basculegion|0 fnt\n|faint|p1b: Basculegion\n|\n|t:|1776010711\n|switch|p2b: Basculegion|Basculegion, L50, M|100/100|[from] Volt Switch\n|\n|-weather|RainDance|[upkeep]\n|upkeep\n|\n|t:|1776010725\n|switch|p1b: Archaludon|Archaludon, L50, M|100/100\n|turn|3\n|\n|t:|1776010737\n|switch|p2a: Incineroar|Incineroar, L50, F|100/100\n|-ability|p2a: Incineroar|Intimidate|boost\n|-unboost|p1a: Pelipper|atk|1\n|-unboost|p1b: Archaludon|atk|1\n|move|p1a: Pelipper|Hurricane|p2a: Incineroar\n|-damage|p2a: Incineroar|53/100\n|move|p1b: Archaludon|Electro Shot||[still]\n|-prepare|p1b: Archaludon|Electro Shot\n|-boost|p1b: Archaludon|spa|1\n|-anim|p1b: Archaludon|Electro Shot|p2a: Incineroar\n|-crit|p2a: Incineroar\n|-damage|p2a: Incineroar|0 fnt\n|faint|p2a: Incineroar\n|move|p2b: Basculegion|Wave Crash|p1b: Archaludon\n|-resisted|p1b: Archaludon|1\n|-damage|p1b: Archaludon|53/100\n|-ability|p1b: Archaludon|Stamina|boost\n|-boost|p1b: Archaludon|def|1\n|-damage|p2b: Basculegion|85/100|[from] Recoil\n|\n|-weather|RainDance|[upkeep]\n|-heal|p1b: Archaludon|59/100|[from] item: Leftovers\n|upkeep\n|\n|t:|1776010755\n|switch|p2a: Floette|Floette-Mega, L50, F|40/100\n|-ability|p2a: Floette|Fairy Aura\n|turn|4\n|\n|t:|1776010774\n|switch|p2b: Rotom|Rotom-Mow, L50|53/100\n|move|p2a: Floette|Protect|p2a: Floette\n|-singleturn|p2a: Floette|Protect\n|move|p1a: Pelipper|Hurricane|p2a: Floette\n|-activate|p2a: Floette|move: Protect\n|move|p1b: Archaludon|Electro Shot||[still]\n|-prepare|p1b: Archaludon|Electro Shot\n|-boost|p1b: Archaludon|spa|1\n|-anim|p1b: Archaludon|Electro Shot|p2b: Rotom\n|-resisted|p2b: Rotom|2\n|-damage|p2b: Rotom|31/100\n|\n|-weather|RainDance|[upkeep]\n|-heal|p1b: Archaludon|65/100|[from] item: Leftovers\n|-sideend|p1: Arcadia Yune|move: Tailwind\n|upkeep\n|turn|5\n|\n|t:|1776010799\n|move|p2a: Floette|Dazzling Gleam|p1b: Archaludon|[spread] p1a,p1b\n|-damage|p1a: Pelipper|0 fnt\n|-damage|p1b: Archaludon|19/100\n|-ability|p1b: Archaludon|Stamina|boost\n|-boost|p1b: Archaludon|def|1\n|faint|p1a: Pelipper\n|move|p2b: Rotom|Volt Switch|p1b: Archaludon\n|-resisted|p1b: Archaludon|1\n|-damage|p1b: Archaludon|2/100\n|-ability|p1b: Archaludon|Stamina|boost\n|-boost|p1b: Archaludon|def|1\n|\n|t:|1776010808\n|switch|p2b: Basculegion|Basculegion, L50, M|85/100|[from] Volt Switch\n|move|p1b: Archaludon|Electro Shot||[still]\n|-prepare|p1b: Archaludon|Electro Shot\n|-boost|p1b: Archaludon|spa|1\n|-anim|p1b: Archaludon|Electro Shot|p2a: Floette\n|-damage|p2a: Floette|0 fnt\n|faint|p2a: Floette\n|\n|-weather|none\n|-heal|p1b: Archaludon|8/100|[from] item: Leftovers\n|upkeep\n|\n|t:|1776010818\n|switch|p2a: Rotom|Rotom-Mow, L50|31/100\n|switch|p1a: Sinistcha|Sinistcha, L50|100/100\n|-heal|p1b: Archaludon|33/100|[from] ability: Hospitality|[of] p1a: Sinistcha\n|turn|6\n|-message|SpeedingSL0TH forfeited.\n|\n|win|Arcadia Yune\n|raw|Arcadia Yune's rating: 1116 &rarr; <strong>1136</strong><br />(+20 for winning)\n|raw|SpeedingSL0TH's rating: 1045 &rarr; <strong>1032</strong><br />(-13 for losing)\n|l|\u2606SpeedingSL0TH\n|player|p2|\n",
  "uploadtime": 1776010927,
  "views": 20,
  "formatid": "gen9championsvgc2026regma",
  "rating": 1032,
  "private": 0,
  "password": null
}