{
  "id": "gen9championsvgc2026regma-2586986383",
  "format": "[Gen 9 Champions] VGC 2026 Reg M-A",
  "players": [
    "3 am power hour",
    "testingtesting101"
  ],
  "log": "|j|\u26063 am power hour\n|j|\u2606testingtesting101\n|t:|1776478467\n|gametype|doubles\n|player|p1|3 am power hour|170|1156\n|player|p2|testingtesting101|buck|1141\n|gen|9\n|tier|[Gen 9 Champions] VGC 2026 Reg M-A\n|rated|\n|rule|Species Clause: Limit one of each Pok\u00e9mon\n|rule|Item Clause: Limit 1 of each item\n|clearpoke\n|poke|p1|Orthworm, L50, F|\n|poke|p1|Basculegion, L50, M|\n|poke|p1|Incineroar, L50, M|\n|poke|p1|Rotom-Frost, L50|\n|poke|p1|Froslass, L50, F|\n|poke|p1|Garchomp, L50, F|\n|poke|p2|Delphox, L50, F|\n|poke|p2|Hydrapple, L50, M|\n|poke|p2|Garchomp, L50, M|\n|poke|p2|Torkoal, L50, M|\n|poke|p2|Mimikyu, L50, F|\n|poke|p2|Pidgeot, L50, F|\n|teampreview|4\ntestingtesting101 rejected open team sheets.\n|\n|t:|1776478518\n|teamsize|p1|4\n|teamsize|p2|4\n|start\n|switch|p1a: Orthworm|Orthworm, L50, F|100/100\n|switch|p1b: Basculegion|Basculegion, L50, M|100/100\n|switch|p2a: Kamik|Delphox, L50, F|100/100\n|switch|p2b: Torkoal|Torkoal, L50, M|100/100\n|-weather|SunnyDay|[from] ability: Drought|[of] p2b: Torkoal\n|turn|1\n|\n|t:|1776478551\n|detailschange|p2a: Kamik|Delphox-Mega, L50, F\n|-mega|p2a: Kamik|Delphox|Delphoxite\n|move|p1b: Basculegion|Flip Turn|p2b: Torkoal\n|-supereffective|p2b: Torkoal|1\n|-damage|p2b: Torkoal|71/100\n|\n|t:|1776478556\n|switch|p1b: Incineroar|Incineroar, L50, M|100/100|[from] Flip Turn\n|-ability|p1b: Incineroar|Intimidate|boost\n|-unboost|p2a: Kamik|atk|1\n|-unboost|p2b: Torkoal|atk|1\n|move|p2a: Kamik|Heat Wave|p1a: Orthworm|[spread] p1a,p1b\n|-supereffective|p1a: Orthworm|1\n|-resisted|p1b: Incineroar|1\n|-damage|p1a: Orthworm|0 fnt\n|-damage|p1b: Incineroar|74/100\n|faint|p1a: Orthworm\n|move|p2b: Torkoal|Eruption|p1b: Incineroar\n|-resisted|p1b: Incineroar|1\n|-damage|p1b: Incineroar|42/100\n|\n|-weather|SunnyDay|[upkeep]\n|upkeep\n|\n|t:|1776478572\n|switch|p1a: Basculegion|Basculegion, L50, M|100/100\n|turn|2\n|\n|t:|1776478580\n|move|p2a: Kamik|Protect|p2a: Kamik\n|-singleturn|p2a: Kamik|Protect\n|move|p2b: Torkoal|Protect|p2b: Torkoal\n|-singleturn|p2b: Torkoal|Protect\n|move|p1a: Basculegion|Wave Crash|p2b: Torkoal\n|-activate|p2b: Torkoal|move: Protect\n|move|p1b: Incineroar|Parting Shot|p2a: Kamik\n|-activate|p2a: Kamik|move: Protect\n|\n|-weather|SunnyDay|[upkeep]\n|upkeep\n|turn|3\n|\n|t:|1776478601\n|switch|p2a: Hehehehe...|Mimikyu, L50, F|100/100\n|move|p1a: Basculegion|Wave Crash|p2b: Torkoal\n|-supereffective|p2b: Torkoal|1\n|-damage|p2b: Torkoal|10/100\n|-damage|p1a: Basculegion|82/100|[from] Recoil\n|move|p1b: Incineroar|Parting Shot|p2a: Hehehehe...\n|-unboost|p2a: Hehehehe...|atk|1\n|-unboost|p2a: Hehehehe...|spa|1\n|\n|t:|1776478613\n|switch|p1b: Froslass|Froslass, L50, F|100/100|[from] Parting Shot\n|move|p2b: Torkoal|Heat Wave|p1b: Froslass|[spread] p1a,p1b\n|-resisted|p1a: Basculegion|1\n|-supereffective|p1b: Froslass|1\n|-damage|p1a: Basculegion|52/100\n|-damage|p1b: Froslass|0 fnt\n|-start|p2b: Torkoal|Disable|Heat Wave|[from] ability: Cursed Body|[of] p1b: Froslass\n|faint|p1b: Froslass\n|\n|-weather|SunnyDay|[upkeep]\n|upkeep\n|\n|t:|1776478622\n|switch|p1b: Incineroar|Incineroar, L50, M|42/100\n|-ability|p1b: Incineroar|Intimidate|boost\n|-unboost|p2a: Hehehehe...|atk|1\n|-unboost|p2b: Torkoal|atk|1\n|turn|4\n|\n|t:|1776478636\n|move|p2b: Torkoal|Protect|p2b: Torkoal\n|-singleturn|p2b: Torkoal|Protect\n|move|p1b: Incineroar|Fake Out|p2a: Hehehehe...\n|-immune|p2a: Hehehehe...\n|move|p1a: Basculegion|Wave Crash|p2b: Torkoal\n|-activate|p2b: Torkoal|move: Protect\n|move|p2a: Hehehehe...|Trick Room|p2a: Hehehehe...\n|-fieldstart|move: Trick Room|[of] p2a: Hehehehe...\n|\n|-weather|SunnyDay|[upkeep]\n|upkeep\n|turn|5\n|\n|t:|1776478654\n|move|p2b: Torkoal|Solar Beam||[still]\n|-prepare|p2b: Torkoal|Solar Beam\n|-anim|p2b: Torkoal|Solar Beam|p1a: Basculegion\n|-supereffective|p1a: Basculegion|1\n|-damage|p1a: Basculegion|0 fnt\n|faint|p1a: Basculegion\n|move|p1b: Incineroar|Darkest Lariat|p2a: Hehehehe...\n|-activate|p2a: Hehehehe...|ability: Disguise\n|-damage|p2a: Hehehehe...|100/100\n|detailschange|p2a: Hehehehe...|Mimikyu-Busted, L50, F\n|-damage|p2a: Hehehehe...|88/100|[from] pokemon: Mimikyu-Busted\n|move|p2a: Hehehehe...|Shadow Claw|p1b: Incineroar\n|-resisted|p1b: Incineroar|1\n|-crit|p1b: Incineroar\n|-damage|p1b: Incineroar|25/100\n|\n|-weather|none\n|upkeep\n|turn|6\n|-message|3 am power hour forfeited.\n|\n|win|testingtesting101\n|raw|3 am power hour's rating: 1156 &rarr; <strong>1130</strong><br />(-26 for losing)\n|raw|testingtesting101's rating: 1141 &rarr; <strong>1167</strong><br />(+26 for winning)\n|l|\u26063 am power hour\n|player|p1|\n",
  "uploadtime": 1776478666,
  "views": 14,
  "formatid": "gen9championsvgc2026regma",
  "rating": 1130,
  "private": 0,
  "password": null
}