{
  "id": "gen9championsvgc2026regma-2581353683",
  "format": "[Gen 9 Champions] VGC 2026 Reg M-A",
  "players": [
    "Quil31",
    "dark king_5"
  ],
  "log": "|j|\u2606Quil31\n|j|\u2606dark king_5\n|t:|1775990706\n|gametype|doubles\n|player|p1|Quil31|2|1083\n|player|p2|dark king_5|101|1001\n|gen|9\n|tier|[Gen 9 Champions] VGC 2026 Reg M-A\n|rated|\n|rule|Species Clause: Limit one of each Pok\u00e9mon\n|rule|Item Clause: Limit 1 of each item\n|clearpoke\n|poke|p1|Golurk, L50|\n|poke|p1|Farigiraf, L50, M|\n|poke|p1|Incineroar, L50, F|\n|poke|p1|Torkoal, L50, M|\n|poke|p1|Sneasler, L50, F|\n|poke|p1|Venusaur, L50, F|\n|poke|p2|Ninetales-Alola, L50, F|\n|poke|p2|Raichu-Alola, L50, M|\n|poke|p2|Slowbro-Galar, L50, F|\n|poke|p2|Feraligatr, L50, M|\n|poke|p2|Meganium, L50, M|\n|poke|p2|Zoroark-Hisui, L50, F|\n|teampreview|4\n|\n|t:|1775990779\n|teamsize|p1|4\n|teamsize|p2|4\n|start\n|switch|p1a: Golurk|Golurk, L50|100/100\n|switch|p1b: Farigiraf|Farigiraf, L50, M|100/100\n|switch|p2a: Raichu|Raichu-Alola, L50, M|100/100\n|switch|p2b: Feraligatr|Feraligatr, L50, M|100/100\n|turn|1\n|inactive|Battle timer is ON: inactive players will automatically lose when time's up. (requested by dark king_5)\n|\n|t:|1775990803\n|detailschange|p2b: Feraligatr|Feraligatr-Mega, L50, M\n|-mega|p2b: Feraligatr|Feraligatr|Feraligite\n|detailschange|p1a: Golurk|Golurk-Mega, L50\n|-mega|p1a: Golurk|Golurk|Golurkite\n|move|p1a: Golurk|Protect|p1a: Golurk\n|-singleturn|p1a: Golurk|Protect\n|move|p2a: Raichu|Volt Switch|p1b: Farigiraf\n|-damage|p1b: Farigiraf|69/100\n|\n|t:|1775990814\n|switch|p2a: Ninetales|Ninetales-Alola, L50, F|100/100|[from] Volt Switch\n|move|p2b: Feraligatr|Liquidation|p1a: Golurk\n|-activate|p1a: Golurk|move: Protect\n|move|p1b: Farigiraf|Trick Room|p1b: Farigiraf\n|-fieldstart|move: Trick Room|[of] p1b: Farigiraf\n|\n|upkeep\n|turn|2\n|\n|t:|1775990832\n|switch|p1a: Venusaur|Venusaur, L50, F|100/100\n|move|p1b: Farigiraf|Psychic|p2a: Ninetales\n|-damage|p2a: Ninetales|22/100\n|-unboost|p2a: Ninetales|spd|1\n|replace|p2a: Zoroark|Zoroark-Hisui, L50, F\n|-end|p2a: Zoroark|Illusion\n|move|p2b: Feraligatr|Double-Edge|p1b: Farigiraf\n|-damage|p1b: Farigiraf|0 fnt\n|faint|p1b: Farigiraf\n|-damage|p2b: Feraligatr|74/100|[from] Recoil\n|move|p2a: Zoroark|Shadow Ball|p1a: Venusaur\n|-damage|p1a: Venusaur|56/100\n|\n|upkeep\n|\n|t:|1775990846\n|switch|p1b: Torkoal|Torkoal, L50, M|100/100\n|-weather|SunnyDay|[from] ability: Drought|[of] p1b: Torkoal\n|turn|3\n|\n|t:|1775990862\n|switch|p2b: Ninetales|Ninetales-Alola, L50, F|100/100\n|-weather|Snowscape|[from] ability: Snow Warning|[of] p2b: Ninetales\n|move|p1b: Torkoal|Eruption|p2a: Zoroark|[spread] p2a,p2b\n|-supereffective|p2b: Ninetales|1\n|-damage|p2a: Zoroark|0 fnt\n|-damage|p2b: Ninetales|0 fnt\n|faint|p2a: Zoroark\n|faint|p2b: Ninetales\n|move|p1a: Venusaur|Sludge Bomb|p2: Zoroark|[notarget]\n|-fail|p1a: Venusaur\n|\n|-weather|Snowscape|[upkeep]\n|upkeep\n|\n|t:|1775990870\n|switch|p2b: Feraligatr|Feraligatr-Mega, L50, M|74/100\n|switch|p2a: Raichu|Raichu-Alola, L50, M|100/100\n|turn|4\n|\n|t:|1775990893\n|move|p1b: Torkoal|Protect|p1b: Torkoal\n|-singleturn|p1b: Torkoal|Protect\n|move|p2a: Raichu|Fake Out|p1b: Torkoal\n|-activate|p1b: Torkoal|move: Protect\n|move|p2b: Feraligatr|Ice Punch|p1a: Venusaur\n|-supereffective|p1a: Venusaur|1\n|-damage|p1a: Venusaur|0 fnt\n|faint|p1a: Venusaur\n|\n|-weather|Snowscape|[upkeep]\n|upkeep\n|\n|t:|1775990901\n|switch|p1a: Golurk|Golurk-Mega, L50|100/100\n|turn|5\n|\n|t:|1775990916\n|move|p1b: Torkoal|Heat Wave|p2b: Feraligatr|[spread] p2a,p2b\n|-resisted|p2b: Feraligatr|2\n|-damage|p2a: Raichu|59/100\n|-damage|p2b: Feraligatr|66/100\n|move|p1a: Golurk|Poltergeist|p2b: Feraligatr\n|-activate|p2b: Feraligatr|move: Poltergeist|Feraligite\n|-damage|p2b: Feraligatr|6/100\n|move|p2b: Feraligatr|Liquidation|p1b: Torkoal\n|-supereffective|p1b: Torkoal|1\n|-damage|p1b: Torkoal|11/100\n|move|p2a: Raichu|Thunderbolt|p1b: Torkoal\n|-damage|p1b: Torkoal|0 fnt\n|faint|p1b: Torkoal\n|\n|-weather|Snowscape|[upkeep]\n|-fieldend|move: Trick Room\n|upkeep\n|turn|6\n|\n|t:|1775990930\n|move|p2a: Raichu|Psychic|p1a: Golurk\n|-damage|p1a: Golurk|67/100\n|-unboost|p1a: Golurk|spd|1\n|move|p2b: Feraligatr|Double-Edge|p1a: Golurk\n|-damage|p1a: Golurk|0 fnt\n|faint|p1a: Golurk\n|-damage|p2b: Feraligatr|0 fnt|[from] Recoil\n|faint|p2b: Feraligatr\n|\n|win|dark king_5\n|raw|Quil31's rating: 1083 &rarr; <strong>1055</strong><br />(-28 for losing)\n|raw|dark king_5's rating: 1001 &rarr; <strong>1050</strong><br />(+49 for winning)\n|l|\u2606Quil31\n|player|p1|\n",
  "uploadtime": 1775990940,
  "views": 19,
  "formatid": "gen9championsvgc2026regma",
  "rating": 1050,
  "private": 0,
  "password": null
}