{
  "id": "gen9championsvgc2026regma-2582264951",
  "format": "[Gen 9 Champions] VGC 2026 Reg M-A",
  "players": [
    "Mb_Deagle",
    "MiraidonGaming"
  ],
  "log": "|j|\u2606Mb_Deagle\n|j|\u2606MiraidonGaming\n|t:|1776077713\n|gametype|doubles\n|player|p1|Mb_Deagle|cynthia|1054\n|player|p2|MiraidonGaming|lucas|1142\n|gen|9\n|tier|[Gen 9 Champions] VGC 2026 Reg M-A\n|rated|\n|rule|Species Clause: Limit one of each Pok\u00e9mon\n|rule|Item Clause: Limit 1 of each item\n|clearpoke\n|poke|p1|Charizard, L50, F|\n|poke|p1|Whimsicott, L50, F|\n|poke|p1|Sneasler, L50, F|\n|poke|p1|Incineroar, L50, F|\n|poke|p1|Espeon, L50, F|\n|poke|p1|Sinistcha, L50|\n|poke|p2|Typhlosion-Hisui, L50, F|\n|poke|p2|Charizard, L50, M|\n|poke|p2|Liepard, L50, M|\n|poke|p2|Medicham, L50, M|\n|poke|p2|Venusaur, L50, M|\n|poke|p2|Quaquaval, L50, M|\n|teampreview|4\n|inactive|Battle timer is ON: inactive players will automatically lose when time's up. (requested by Mb_Deagle)\n|\n|t:|1776077735\n|teamsize|p1|4\n|teamsize|p2|4\n|start\n|switch|p1a: Sneasler|Sneasler, L50, F|100/100\n|switch|p1b: Whimsicott|Whimsicott, L50, F|100/100\n|switch|p2a: Typhlosion|Typhlosion-Hisui, L50, F|100/100\n|switch|p2b: Kota|Liepard, L50, M|100/100\n|-item|p1a: Sneasler|White Herb|[from] ability: Frisk|[of] p2a: Typhlosion\n|-item|p1b: Whimsicott|Focus Sash|[from] ability: Frisk|[of] p2a: Typhlosion\n|turn|1\n|inactive|Mb_Deagle has 30 seconds left.\n|\n|t:|1776077769\n|move|p1a: Sneasler|Protect|p1a: Sneasler\n|-singleturn|p1a: Sneasler|Protect\n|move|p2b: Kota|Fake Out|p1b: Whimsicott\n|-damage|p1b: Whimsicott|85/100\n|cant|p1b: Whimsicott|flinch\n|move|p2a: Typhlosion|Eruption|p1a: Sneasler|[spread] p1b\n|-activate|p1a: Sneasler|move: Protect\n|-supereffective|p1b: Whimsicott|1\n|-damage|p1b: Whimsicott|0 fnt\n|faint|p1b: Whimsicott\n|\n|upkeep\n|\n|t:|1776077785\n|switch|p1b: Sinistcha|Sinistcha, L50|100/100\n|turn|2\n|\n|t:|1776077797\n|move|p2b: Kota|Encore|p1a: Sneasler\n|-start|p1a: Sneasler|Encore\n|move|p1a: Sneasler|Protect||[still]\n|-fail|p1a: Sneasler\n|move|p2a: Typhlosion|Eruption|p1b: Sinistcha|[spread] p1a,p1b\n|-supereffective|p1b: Sinistcha|1\n|-damage|p1a: Sneasler|11/100\n|-damage|p1b: Sinistcha|0 fnt\n|faint|p1b: Sinistcha\n|\n|upkeep\n|\n|t:|1776077803\n|switch|p1b: Charizard|Charizard, L50, F|100/100\n|turn|3\n|\n|t:|1776077813\n|detailschange|p1b: Charizard|Charizard-Mega-Y, L50, F\n|-mega|p1b: Charizard|Charizard|Charizardite Y\n|-weather|SunnyDay|[from] ability: Drought|[of] p1b: Charizard\n|move|p1a: Sneasler|Protect|p1a: Sneasler\n|-singleturn|p1a: Sneasler|Protect\n|move|p2b: Kota|Sucker Punch|p1b: Charizard\n|-damage|p1b: Charizard|64/100\n|move|p2a: Typhlosion|Eruption|p1b: Charizard|[spread] p1b\n|-activate|p1a: Sneasler|move: Protect\n|-resisted|p1b: Charizard|1\n|-damage|p1b: Charizard|26/100\n|move|p1b: Charizard|Heat Wave|p2a: Typhlosion|[spread] p2a,p2b\n|-resisted|p2a: Typhlosion|1\n|-damage|p2a: Typhlosion|62/100\n|-enditem|p2b: Kota|Focus Sash\n|-damage|p2b: Kota|1/100\n|\n|-weather|SunnyDay|[upkeep]\n|upkeep\n|turn|4\n|\n|t:|1776077828\n|move|p1a: Sneasler|Protect|p1a: Sneasler\n|-singleturn|p1a: Sneasler|Protect\n|move|p2b: Kota|Sucker Punch|p1b: Charizard\n|-damage|p1b: Charizard|0 fnt\n|faint|p1b: Charizard\n|move|p2a: Typhlosion|Eruption|p1a: Sneasler\n|-activate|p1a: Sneasler|move: Protect\n|\n|-weather|SunnyDay|[upkeep]\n|-end|p1a: Sneasler|Encore\n|upkeep\n|turn|5\n|\n|t:|1776077841\n|move|p2b: Kota|Sucker Punch|p1a: Sneasler\n|-resisted|p1a: Sneasler|1\n|-damage|p1a: Sneasler|0 fnt\n|faint|p1a: Sneasler\n|\n|win|MiraidonGaming\n|raw|Mb_Deagle's rating: 1054 &rarr; <strong>1040</strong><br />(-14 for losing)\n|raw|MiraidonGaming's rating: 1142 &rarr; <strong>1161</strong><br />(+19 for winning)\n|l|\u2606Mb_Deagle\n|player|p1|\n",
  "uploadtime": 1776077848,
  "views": 10,
  "formatid": "gen9championsvgc2026regma",
  "rating": 1040,
  "private": 0,
  "password": null
}