{
  "id": "gen9championsvgc2026regma-2581570084",
  "format": "[Gen 9 Champions] VGC 2026 Reg M-A",
  "players": [
    "ZAZA_Monk",
    "TroolyGhoulie"
  ],
  "log": "|j|\u2606ZAZA_Monk\n|j|\u2606TroolyGhoulie\n|t:|1776011776\n|gametype|doubles\n|player|p1|ZAZA_Monk|roxie|1054\n|player|p2|TroolyGhoulie|mina|1045\n|gen|9\n|tier|[Gen 9 Champions] VGC 2026 Reg M-A\n|rated|\n|rule|Species Clause: Limit one of each Pok\u00e9mon\n|rule|Item Clause: Limit 1 of each item\n|clearpoke\n|poke|p1|Azumarill, L50, M|\n|poke|p1|Froslass, L50, F|\n|poke|p1|Tyranitar, L50, M|\n|poke|p1|Excadrill, L50, M|\n|poke|p1|Ninetales, L50, F|\n|poke|p1|Typhlosion-Hisui, L50, F|\n|poke|p2|Drampa, L50, M|\n|poke|p2|Hatterene, L50, F|\n|poke|p2|Torkoal, L50, F|\n|poke|p2|Araquanid, L50, M|\n|poke|p2|Golurk, L50|\n|poke|p2|Mimikyu, L50, F|\n|teampreview|4\n|inactive|Battle timer is ON: inactive players will automatically lose when time's up. (requested by ZAZA_Monk)\n|\n|t:|1776011801\n|teamsize|p1|4\n|teamsize|p2|4\n|start\n|switch|p1a: Typhlosion|Typhlosion-Hisui, L50, F|100/100\n|switch|p1b: Ninetales|Ninetales, L50, F|100/100\n|switch|p2a: Mimikyu|Mimikyu, L50, F|100/100\n|switch|p2b: Drampa|Drampa, L50, M|100/100\n|-item|p2a: Mimikyu|Fairy Feather|[from] ability: Frisk|[of] p1a: Typhlosion\n|-item|p2b: Drampa|Drampanite|[from] ability: Frisk|[of] p1a: Typhlosion\n|-weather|SunnyDay|[from] ability: Drought|[of] p1b: Ninetales\n|turn|1\n|inactive|ZAZA_Monk has 30 seconds left.\n|\n|t:|1776011836\n|detailschange|p2b: Drampa|Drampa-Mega, L50, M\n|-mega|p2b: Drampa|Drampa|Drampanite\n|move|p1a: Typhlosion|Eruption|p2b: Drampa|[spread] p2a,p2b\n|-resisted|p2b: Drampa|1\n|-activate|p2a: Mimikyu|ability: Disguise\n|-damage|p2a: Mimikyu|100/100\n|-damage|p2b: Drampa|68/100\n|detailschange|p2a: Mimikyu|Mimikyu-Busted, L50, F\n|-damage|p2a: Mimikyu|88/100|[from] pokemon: Mimikyu-Busted\n|move|p1b: Ninetales|Agility|p1b: Ninetales\n|-boost|p1b: Ninetales|spe|2\n|move|p2b: Drampa|Draco Meteor|p1a: Typhlosion\n|-damage|p1a: Typhlosion|0 fnt\n|-unboost|p2b: Drampa|spa|2\n|faint|p1a: Typhlosion\n|move|p2a: Mimikyu|Trick Room|p2a: Mimikyu\n|-fieldstart|move: Trick Room|[of] p2a: Mimikyu\n|\n|-weather|SunnyDay|[upkeep]\n|upkeep\n|inactive|ZAZA_Monk has 30 seconds left.\n|\n|t:|1776011861\n|switch|p1a: Soft&Wet|Azumarill, L50, M|100/100\n|turn|2\n|inactive|ZAZA_Monk has 30 seconds left.\n|inactive|ZAZA_Monk has 20 seconds left.\n|inactive|ZAZA_Monk has 15 seconds left.\n|inactive|ZAZA_Monk has 10 seconds left.\n|\n|t:|1776011910\n|switch|p2b: Araquanid|Araquanid, L50, M|100/100\n|move|p1a: Soft&Wet|Belly Drum|p1a: Soft&Wet\n|-damage|p1a: Soft&Wet|51/100\n|-setboost|p1a: Soft&Wet|atk|6|[from] move: Belly Drum\n|move|p2a: Mimikyu|Play Rough|p1a: Soft&Wet\n|-damage|p1a: Soft&Wet|0 fnt\n|faint|p1a: Soft&Wet\n|move|p1b: Ninetales|Baton Pass|p1b: Ninetales\n|\n|t:|1776011926\n|switch|p1b: Spice girl|Froslass, L50, F|100/100|[from] Baton Pass\n|\n|-weather|SunnyDay|[upkeep]\n|upkeep\n|\n|t:|1776011931\n|switch|p1a: Ninetales|Ninetales, L50, F|100/100\n|turn|3\n|\n|t:|1776011946\n|detailschange|p1b: Spice girl|Froslass-Mega, L50, F\n|-mega|p1b: Spice girl|Froslass|Froslassite\n|-weather|Snowscape|[from] ability: Snow Warning|[of] p1b: Spice girl\n|move|p2a: Mimikyu|Shadow Claw|p1b: Spice girl\n|-supereffective|p1b: Spice girl|1\n|-damage|p1b: Spice girl|41/100\n|move|p1a: Ninetales|Overheat|p2a: Mimikyu\n|-damage|p2a: Mimikyu|47/100\n|-unboost|p1a: Ninetales|spa|2\n|move|p1b: Spice girl|Shadow Ball|p2a: Mimikyu\n|-supereffective|p2a: Mimikyu|1\n|-damage|p2a: Mimikyu|0 fnt\n|faint|p2a: Mimikyu\n|move|p2b: Araquanid|Mirror Coat||[still]\n|-fail|p2b: Araquanid\n|\n|-weather|Snowscape|[upkeep]\n|upkeep\n|\n|t:|1776011964\n|switch|p2a: Drampa|Drampa-Mega, L50, M|68/100\n|turn|4\n|\n|t:|1776011986\n|move|p1b: Spice girl|Protect|p1b: Spice girl\n|-singleturn|p1b: Spice girl|Protect\n|move|p2a: Drampa|Fire Blast|p1b: Spice girl\n|-activate|p1b: Spice girl|move: Protect\n|move|p1a: Ninetales|Overheat|p2a: Drampa\n|-resisted|p2a: Drampa|1\n|-damage|p2a: Drampa|60/100\n|-unboost|p1a: Ninetales|spa|2\n|move|p2b: Araquanid|Mirror Coat||[still]\n|-fail|p2b: Araquanid\n|\n|-weather|Snowscape|[upkeep]\n|upkeep\n|turn|5\n|\n|t:|1776012011\n|move|p1b: Spice girl|Protect||[still]\n|-fail|p1b: Spice girl\n|move|p2a: Drampa|Fire Blast|p1b: Spice girl\n|-supereffective|p1b: Spice girl|1\n|-damage|p1b: Spice girl|0 fnt\n|faint|p1b: Spice girl\n|move|p1a: Ninetales|Overheat|p2a: Drampa\n|-resisted|p2a: Drampa|1\n|-damage|p2a: Drampa|55/100\n|-unboost|p1a: Ninetales|spa|2\n|move|p2b: Araquanid|Mirror Coat||[still]\n|-fail|p2b: Araquanid\n|\n|-weather|Snowscape|[upkeep]\n|-fieldend|move: Trick Room\n|upkeep\n|turn|6\n|-message|ZAZA_Monk forfeited.\n|\n|win|TroolyGhoulie\n|raw|ZAZA_Monk's rating: 1054 &rarr; <strong>1035</strong><br />(-19 for losing)\n|raw|TroolyGhoulie's rating: 1045 &rarr; <strong>1079</strong><br />(+34 for winning)\n|l|\u2606ZAZA_Monk\n|player|p1|\n|c|\u2606TroolyGhoulie|gg wp\n",
  "uploadtime": 1776012027,
  "views": 24,
  "formatid": "gen9championsvgc2026regma",
  "rating": 1035,
  "private": 0,
  "password": null
}