{
  "id": "gen9championsvgc2026regma-2582872018",
  "format": "[Gen 9 Champions] VGC 2026 Reg M-A",
  "players": [
    "ShogunMarx",
    "slunkin_around"
  ],
  "log": "|j|\u2606ShogunMarx\n|j|\u2606slunkin_around\n|t:|1776120846\n|gametype|doubles\n|player|p1|ShogunMarx|266|1127\n|player|p2|slunkin_around|hilbert|1061\n|gen|9\n|tier|[Gen 9 Champions] VGC 2026 Reg M-A\n|rated|\n|rule|Species Clause: Limit one of each Pok\u00e9mon\n|rule|Item Clause: Limit 1 of each item\n|clearpoke\n|poke|p1|Golurk, L50|\n|poke|p1|Sneasler, L50, M|\n|poke|p1|Sinistcha, L50|\n|poke|p1|Conkeldurr, L50, M|\n|poke|p1|Kingambit, L50, M|\n|poke|p1|Meowstic, L50, M|\n|poke|p2|Whimsicott, L50, M|\n|poke|p2|Tyranitar, L50, M|\n|poke|p2|Garchomp, L50, M|\n|poke|p2|Skarmory, L50, F|\n|poke|p2|Milotic, L50, M|\n|poke|p2|Incineroar, L50, M|\n|teampreview|4\n|\n|t:|1776120884\n|teamsize|p1|4\n|teamsize|p2|4\n|start\n|switch|p1a: Golurk|Golurk, L50, shiny|100/100\n|switch|p1b: Sneasler|Sneasler, L50, M, shiny|100/100\n|switch|p2a: EEEE|Whimsicott, L50, M|100/100\n|switch|p2b: META PICK|Incineroar, L50, M|100/100\n|-ability|p2b: META PICK|Intimidate|boost\n|-unboost|p1a: Golurk|atk|1\n|-unboost|p1b: Sneasler|atk|1\n|turn|1\n|\n|t:|1776120920\n|detailschange|p1a: Golurk|Golurk-Mega, L50, shiny\n|-mega|p1a: Golurk|Golurk|Golurkite\n|move|p2b: META PICK|Protect|p2b: META PICK\n|-singleturn|p2b: META PICK|Protect\n|move|p1b: Sneasler|Fake Out|p2b: META PICK\n|-activate|p2b: META PICK|move: Protect\n|move|p2a: EEEE|Tailwind|p2a: EEEE\n|-sidestart|p2: slunkin_around|move: Tailwind\n|move|p1a: Golurk|Headlong Rush|p2b: META PICK\n|-supereffective|p2b: META PICK|1\n|-ability|p1a: Golurk|Unseen Fist\n|-zbroken|p2b: META PICK\n|-damage|p2b: META PICK|78/100\n|-unboost|p1a: Golurk|def|1\n|-unboost|p1a: Golurk|spd|1\n|\n|upkeep\n|turn|2\n|\n|t:|1776120958\n|move|p1a: Golurk|Protect|p1a: Golurk\n|-singleturn|p1a: Golurk|Protect\n|move|p2a: EEEE|Moonblast|p1a: Golurk\n|-activate|p1a: Golurk|move: Protect\n|move|p1b: Sneasler|Dire Claw|p2a: EEEE\n|-supereffective|p2a: EEEE|2\n|-enditem|p2a: EEEE|Focus Sash\n|-damage|p2a: EEEE|1/100\n|move|p2b: META PICK|Parting Shot|p1b: Sneasler\n|-unboost|p1b: Sneasler|atk|1\n|-unboost|p1b: Sneasler|spa|1\n|\n|t:|1776120963\n|switch|p2b: sssssnake|Milotic, L50, M, shiny|100/100|[from] Parting Shot\n|\n|upkeep\n|turn|3\n|inactive|Battle timer is ON: inactive players will automatically lose when time's up. (requested by slunkin_around)\n|\n|t:|1776120981\n|switch|p1b: Conkeldurr|Conkeldurr, L50, M, shiny|100/100\n|switch|p1a: Sinistcha|Sinistcha, L50|100/100\n|move|p2a: EEEE|Encore||[still]\n|-fail|p2a: EEEE\n|move|p2b: sssssnake|Muddy Water|p1b: Conkeldurr|[spread] p1b\n|-miss|p2b: sssssnake|p1a: Sinistcha\n|-damage|p1b: Conkeldurr|69/100\n|\n|-heal|p1b: Conkeldurr|75/100|[from] item: Leftovers\n|upkeep\n|turn|4\n|\n|t:|1776120999\n|move|p2a: EEEE|Moonblast|p1b: Conkeldurr\n|-supereffective|p1b: Conkeldurr|1\n|-damage|p1b: Conkeldurr|0 fnt\n|faint|p1b: Conkeldurr\n|move|p2b: sssssnake|Icy Wind|p1a: Sinistcha\n|-supereffective|p1a: Sinistcha|1\n|-damage|p1a: Sinistcha|65/100\n|-unboost|p1a: Sinistcha|spe|1\n|move|p1a: Sinistcha|Trick Room|p1a: Sinistcha\n|-fieldstart|move: Trick Room|[of] p1a: Sinistcha\n|\n|-sideend|p2: slunkin_around|move: Tailwind\n|upkeep\n|\n|t:|1776121011\n|switch|p1b: Golurk|Golurk-Mega, L50, shiny|100/100\n|turn|5\n|\n|t:|1776121024\n|move|p2a: EEEE|Taunt|p1b: Golurk\n|-start|p1b: Golurk|move: Taunt\n|move|p1a: Sinistcha|Matcha Gotcha|p2a: EEEE|[spread] p2a,p2b\n|-resisted|p2a: EEEE|1\n|-crit|p2a: EEEE\n|-supereffective|p2b: sssssnake|1\n|-damage|p2a: EEEE|0 fnt\n|-heal|p1a: Sinistcha|65/100|[from] drain|[of] p2a: EEEE\n|-damage|p2b: sssssnake|64/100\n|-heal|p1a: Sinistcha|86/100|[from] drain|[of] p2b: sssssnake\n|faint|p2a: EEEE\n|move|p1b: Golurk|Poltergeist|p2b: sssssnake\n|-activate|p2b: sssssnake|move: Poltergeist|Leftovers\n|-damage|p2b: sssssnake|0 fnt\n|faint|p2b: sssssnake\n|\n|upkeep\n|\n|t:|1776121040\n|switch|p2b: META PICK #2|Garchomp, L50, M|100/100\n|switch|p2a: META PICK|Incineroar, L50, M|78/100\n|-ability|p2a: META PICK|Intimidate|boost\n|-unboost|p1a: Sinistcha|atk|1\n|-unboost|p1b: Golurk|atk|1\n|turn|6\n|inactive|ShogunMarx has 30 seconds left.\n|inactive|slunkin_around has 30 seconds left.\n|inactive|ShogunMarx has 20 seconds left.\n|inactive|ShogunMarx has 15 seconds left.\n|inactive|ShogunMarx has 10 seconds left.\n|\n|t:|1776121088\n|switch|p1b: Sneasler|Sneasler, L50, M, shiny|100/100\n|move|p1a: Sinistcha|Life Dew||[still]|[spread] p1a,p1b\n|-heal|p1a: Sinistcha|100/100\n|-fail|p1b: Sneasler|heal\n|move|p2a: META PICK|Flare Blitz|p1a: Sinistcha\n|-supereffective|p1a: Sinistcha|1\n|-damage|p1a: Sinistcha|25/100\n|-damage|p2a: META PICK|56/100|[from] Recoil\n|move|p2b: META PICK #2|Iron Head|p1a: Sinistcha\n|-damage|p1a: Sinistcha|4/100\n|\n|upkeep\n|turn|7\n|inactive|ShogunMarx has 30 seconds left.\n|inactive|ShogunMarx has 20 seconds left.\n|inactive|ShogunMarx has 15 seconds left.\n|inactive|ShogunMarx has 10 seconds left.\n|inactive|ShogunMarx has 5 seconds left.\n|\n|t:|1776121140\n|move|p1b: Sneasler|Fake Out|p2a: META PICK\n|-damage|p2a: META PICK|43/100\n|-status|p2a: META PICK|psn|[from] ability: Poison Touch|[of] p1b: Sneasler\n|move|p1a: Sinistcha|Life Dew||[still]|[spread] p1a,p1b\n|-heal|p1a: Sinistcha|29/100\n|-fail|p1b: Sneasler|heal\n|cant|p2a: META PICK|flinch\n|move|p2b: META PICK #2|Iron Head|p1a: Sinistcha\n|-damage|p1a: Sinistcha|8/100\n|\n|-damage|p2a: META PICK|30/100 psn|[from] psn\n|upkeep\n|turn|8\n|inactive|slunkin_around has 30 seconds left.\n|inactive|slunkin_around has 20 seconds left.\n|inactive|slunkin_around has 15 seconds left.\n|inactive|slunkin_around has 10 seconds left.\n|inactive|slunkin_around has 5 seconds left.\n|\n|t:|1776121195\n|move|p1a: Sinistcha|Life Dew||[still]|[spread] p1a,p1b\n|-heal|p1a: Sinistcha|33/100\n|-fail|p1b: Sneasler|heal\n|move|p2a: META PICK|Flare Blitz|p1a: Sinistcha\n|-supereffective|p1a: Sinistcha|1\n|-damage|p1a: Sinistcha|0 fnt\n|faint|p1a: Sinistcha\n|-damage|p2a: META PICK|21/100 psn|[from] Recoil\n|move|p1b: Sneasler|Coaching|p1: Sinistcha|[notarget]\n|-fail|p1b: Sneasler\n|move|p2b: META PICK #2|Iron Head|p1b: Sneasler\n|-damage|p1b: Sneasler|55/100\n|\n|-damage|p2a: META PICK|8/100 psn|[from] psn\n|-fieldend|move: Trick Room\n|upkeep\n|\n|t:|1776121210\n|switch|p1a: Golurk|Golurk-Mega, L50, shiny|100/100\n|turn|9\n|\n|t:|1776121232\n|move|p1a: Golurk|Protect|p1a: Golurk\n|-singleturn|p1a: Golurk|Protect\n|move|p2b: META PICK #2|Iron Head|p1b: Sneasler\n|-damage|p1b: Sneasler|6/100\n|move|p1b: Sneasler|Coaching|p1a: Golurk\n|-boost|p1a: Golurk|atk|1\n|-boost|p1a: Golurk|def|1\n|move|p2a: META PICK|Parting Shot|p1a: Golurk\n|-activate|p1a: Golurk|move: Protect\n|\n|-damage|p2a: META PICK|0 fnt|[from] psn\n|faint|p2a: META PICK\n|upkeep\n|turn|10\n|\n|t:|1776121255\n|move|p2b: META PICK #2|Iron Head|p1a: Golurk\n|-crit|p1a: Golurk\n|-damage|p1a: Golurk|65/100\n|move|p1b: Sneasler|Coaching|p1a: Golurk\n|-boost|p1a: Golurk|atk|1\n|-boost|p1a: Golurk|def|1\n|move|p1a: Golurk|Poltergeist|p2b: META PICK #2\n|-activate|p2b: META PICK #2|move: Poltergeist|Choice Scarf\n|-damage|p2b: META PICK #2|0 fnt\n|faint|p2b: META PICK #2\n|\n|win|ShogunMarx\n|raw|ShogunMarx's rating: 1127 &rarr; <strong>1147</strong><br />(+20 for winning)\n|raw|slunkin_around's rating: 1061 &rarr; <strong>1045</strong><br />(-16 for losing)\n",
  "uploadtime": 1776121269,
  "views": 17,
  "formatid": "gen9championsvgc2026regma",
  "rating": 1045,
  "private": 0,
  "password": null
}