{
  "id": "gen9championsvgc2026regma-2584721242",
  "format": "[Gen 9 Champions] VGC 2026 Reg M-A",
  "players": [
    "catpotatt",
    "candangacheche"
  ],
  "log": "|j|\u2606catpotatt\n|j|\u2606candangacheche\n|t:|1776279015\n|gametype|doubles\n|player|p1|catpotatt|roxie|1337\n|player|p2|candangacheche|101|1254\n|gen|9\n|tier|[Gen 9 Champions] VGC 2026 Reg M-A\n|rated|\n|rule|Species Clause: Limit one of each Pok\u00e9mon\n|rule|Item Clause: Limit 1 of each item\n|clearpoke\n|poke|p1|Basculegion, L50, M|\n|poke|p1|Floette-Eternal, L50, F|\n|poke|p1|Talonflame, L50, M|\n|poke|p1|Garchomp, L50, F|\n|poke|p1|Gardevoir, L50, F|\n|poke|p1|Rotom-Heat, L50|\n|poke|p2|Kingambit, L50, F|\n|poke|p2|Kommo-o, L50, F|\n|poke|p2|Maushold-Four, L50|\n|poke|p2|Rotom-Heat, L50|\n|poke|p2|Starmie, L50|\n|poke|p2|Whimsicott, L50, F|\n|teampreview|4\n|inactive|Battle timer is ON: inactive players will automatically lose when time's up. (requested by candangacheche)\n|\n|t:|1776279054\n|teamsize|p1|4\n|teamsize|p2|4\n|start\n|switch|p1a: Talonflame|Talonflame, L50, M|100/100\n|switch|p1b: Garchomp|Garchomp, L50, F|100/100\n|switch|p2a: Whimsicott|Whimsicott, L50, F|100/100\n|switch|p2b: Starmie|Starmie, L50|100/100\n|turn|1\n|\n|t:|1776279076\n|detailschange|p2b: Starmie|Starmie-Mega, L50\n|-mega|p2b: Starmie|Starmie|Starminite\n|move|p1a: Talonflame|Dual Wingbeat|p2a: Whimsicott\n|-supereffective|p2a: Whimsicott|1\n|-damage|p2a: Whimsicott|59/100\n|-supereffective|p2a: Whimsicott|1\n|-damage|p2a: Whimsicott|21/100\n|-hitcount|p2a: Whimsicott|2\n|move|p2a: Whimsicott|Tailwind|p2a: Whimsicott\n|-sidestart|p2: candangacheche|move: Tailwind\n|move|p2b: Starmie|Liquidation|p1a: Talonflame\n|-supereffective|p1a: Talonflame|1\n|-damage|p1a: Talonflame|0 fnt\n|faint|p1a: Talonflame\n|move|p1b: Garchomp|Dragon Claw|p2b: Starmie\n|-damage|p2b: Starmie|48/100\n|\n|upkeep\n|\n|t:|1776279095\n|switch|p1a: Basculegion|Basculegion, L50, M|100/100\n|turn|2\n|inactive|catpotatt has 30 seconds left.\n|\n|t:|1776279122\n|move|p2b: Starmie|Protect|p2b: Starmie\n|-singleturn|p2b: Starmie|Protect\n|move|p2a: Whimsicott|Moonblast|p1b: Garchomp\n|-supereffective|p1b: Garchomp|1\n|-damage|p1b: Garchomp|34/100\n|move|p1a: Basculegion|Last Respects|p2a: Whimsicott\n|-damage|p2a: Whimsicott|0 fnt\n|faint|p2a: Whimsicott\n|move|p1b: Garchomp|Dragon Claw|p2b: Starmie\n|-activate|p2b: Starmie|move: Protect\n|\n|upkeep\n|\n|t:|1776279137\n|switch|p2a: Kingambit|Kingambit, L50, F|100/100\n|turn|3\n|\n|t:|1776279148\n|switch|p1a: Floette|Floette-Eternal, L50, F|100/100\n|move|p1b: Garchomp|Protect|p1b: Garchomp\n|-singleturn|p1b: Garchomp|Protect\n|move|p2a: Kingambit|Sucker Punch||[still]\n|-fail|p2a: Kingambit\n|move|p2b: Starmie|Liquidation|p1b: Garchomp\n|-activate|p1b: Garchomp|move: Protect\n|\n|upkeep\n|turn|4\n|inactive|catpotatt has 30 seconds left.\n|\n|t:|1776279178\n|detailschange|p1a: Floette|Floette-Mega, L50, F\n|-mega|p1a: Floette|Floette|Floettite\n|-ability|p1a: Floette|Fairy Aura\n|move|p1a: Floette|Protect|p1a: Floette\n|-singleturn|p1a: Floette|Protect\n|move|p2b: Starmie|Liquidation|p1b: Garchomp\n|-damage|p1b: Garchomp|0 fnt\n|-damage|p2b: Starmie|36/100|[from] ability: Rough Skin|[of] p1b: Garchomp\n|faint|p1b: Garchomp\n|move|p2a: Kingambit|Iron Head|p1a: Floette\n|-activate|p1a: Floette|move: Protect\n|\n|-sideend|p2: candangacheche|move: Tailwind\n|upkeep\n|\n|t:|1776279186\n|switch|p1b: Basculegion|Basculegion, L50, M|100/100\n|turn|5\n|inactive|catpotatt has 30 seconds left.\n|inactive|catpotatt has 20 seconds left.\n|inactive|catpotatt has 15 seconds left.\n|\n|t:|1776279232\n|move|p1b: Basculegion|Aqua Jet|p2a: Kingambit\n|-damage|p2a: Kingambit|79/100\n|move|p2a: Kingambit|Sucker Punch||[still]\n|-fail|p2a: Kingambit\n|move|p1a: Floette|Dazzling Gleam|p2b: Starmie|[spread] p2a,p2b\n|-damage|p2a: Kingambit|32/100\n|-damage|p2b: Starmie|0 fnt\n|faint|p2b: Starmie\n|\n|upkeep\n|\n|t:|1776279240\n|switch|p2b: Kommo-o|Kommo-o, L50, F|100/100\n|turn|6\n|\n|t:|1776279247\n|move|p2a: Kingambit|Protect|p2a: Kingambit\n|-singleturn|p2a: Kingambit|Protect\n|move|p1b: Basculegion|Aqua Jet|p2a: Kingambit\n|-activate|p2a: Kingambit|move: Protect\n|move|p1a: Floette|Dazzling Gleam|p2b: Kommo-o|[spread] p2b\n|-activate|p2a: Kingambit|move: Protect\n|-supereffective|p2b: Kommo-o|2\n|-damage|p2b: Kommo-o|0 fnt\n|faint|p2b: Kommo-o\n|\n|upkeep\n|turn|7\n|-message|candangacheche forfeited.\n|\n|win|catpotatt\n|raw|catpotatt's rating: 1337 &rarr; <strong>1352</strong><br />(+15 for winning)\n|raw|candangacheche's rating: 1254 &rarr; <strong>1235</strong><br />(-19 for losing)\n|l|\u2606candangacheche\n|player|p2|\n|c|\u2606catpotatt|gg\n",
  "uploadtime": 1776279262,
  "views": 23,
  "formatid": "gen9championsvgc2026regma",
  "rating": 1235,
  "private": 0,
  "password": null
}