{
  "id": "gen9championsvgc2026regma-2586908689",
  "format": "[Gen 9 Champions] VGC 2026 Reg M-A",
  "players": [
    "Marshadow27",
    "DoctorGrizzman"
  ],
  "log": "|j|\u2606Marshadow27\n|j|\u2606DoctorGrizzman\n|t:|1776470766\n|gametype|doubles\n|player|p1|Marshadow27|blue-gen3champion|1370\n|player|p2|DoctorGrizzman|cynthia|1367\n|gen|9\n|tier|[Gen 9 Champions] VGC 2026 Reg M-A\n|rated|\n|rule|Species Clause: Limit one of each Pok\u00e9mon\n|rule|Item Clause: Limit 1 of each item\n|clearpoke\n|poke|p1|Umbreon, L50, F|\n|poke|p1|Talonflame, L50, M|\n|poke|p1|Froslass, L50, F|\n|poke|p1|Sinistcha, L50|\n|poke|p1|Gardevoir, L50, F|\n|poke|p1|Sneasler, L50, M|\n|poke|p2|Runerigus, L50, F|\n|poke|p2|Ampharos, L50, F|\n|poke|p2|Primarina, L50, F|\n|poke|p2|Chimecho, L50, M|\n|poke|p2|Rhyperior, L50, M|\n|poke|p2|Sinistcha, L50|\n|teampreview|4\n|\n|t:|1776470800\n|teamsize|p1|4\n|teamsize|p2|4\n|start\n|switch|p1a: Umbreon|Umbreon, L50, F|100/100\n|switch|p1b: Froslass|Froslass, L50, F|100/100\n|switch|p2a: Runerigus|Runerigus, L50, F|100/100\n|switch|p2b: Chimecho|Chimecho, L50, M|100/100\n|turn|1\n|\n|t:|1776470809\n|detailschange|p1b: Froslass|Froslass-Mega, L50, F\n|-mega|p1b: Froslass|Froslass|Froslassite\n|-weather|Snowscape|[from] ability: Snow Warning|[of] p1b: Froslass\n|detailschange|p2b: Chimecho|Chimecho-Mega, L50, M\n|-mega|p2b: Chimecho|Chimecho|Chimechite\n|move|p1b: Froslass|Aurora Veil|p1b: Froslass\n|-sidestart|p1: Marshadow27|move: Aurora Veil\n|move|p2b: Chimecho|Flash Cannon|p1b: Froslass\n|-supereffective|p1b: Froslass|1\n|-damage|p1b: Froslass|26/100\n|move|p1a: Umbreon|Calm Mind|p1a: Umbreon\n|-boost|p1a: Umbreon|spa|1\n|-boost|p1a: Umbreon|spd|1\n|move|p2a: Runerigus|Trick Room|p2a: Runerigus\n|-fieldstart|move: Trick Room|[of] p2a: Runerigus\n|\n|-weather|Snowscape|[upkeep]\n|upkeep\n|turn|2\n|\n|t:|1776470841\n|switch|p1b: Sinistcha|Sinistcha, L50|100/100\n|move|p2a: Runerigus|Fake Tears|p1a: Umbreon\n|-unboost|p1a: Umbreon|spd|2\n|move|p1a: Umbreon|Calm Mind|p1a: Umbreon\n|-boost|p1a: Umbreon|spa|1\n|-boost|p1a: Umbreon|spd|1\n|move|p2b: Chimecho|Boomburst|p1a: Umbreon|[spread] p1a\n|-immune|p2a: Runerigus\n|-immune|p1b: Sinistcha\n|-damage|p1a: Umbreon|83/100\n|\n|-weather|Snowscape|[upkeep]\n|-heal|p1a: Umbreon|89/100|[from] item: Leftovers\n|upkeep\n|turn|3\n|\n|t:|1776470861\n|move|p2a: Runerigus|Fake Tears|p1b: Sinistcha\n|-unboost|p1b: Sinistcha|spd|2\n|move|p2b: Chimecho|Psychic|p1b: Sinistcha\n|-damage|p1b: Sinistcha|34/100\n|-enditem|p1b: Sinistcha|Sitrus Berry|[eat]\n|-heal|p1b: Sinistcha|59/100|[from] item: Sitrus Berry\n|move|p1a: Umbreon|Calm Mind|p1a: Umbreon\n|-boost|p1a: Umbreon|spa|1\n|-boost|p1a: Umbreon|spd|1\n|move|p1b: Sinistcha|Matcha Gotcha|p2a: Runerigus|[spread] p2a,p2b\n|-supereffective|p2a: Runerigus|1\n|-resisted|p2b: Chimecho|1\n|-damage|p2a: Runerigus|57/100\n|-heal|p1b: Sinistcha|79/100|[from] drain|[of] p2a: Runerigus\n|-damage|p2b: Chimecho|91/100\n|-heal|p1b: Sinistcha|84/100|[from] drain|[of] p2b: Chimecho\n|\n|-weather|Snowscape|[upkeep]\n|-heal|p1a: Umbreon|95/100|[from] item: Leftovers\n|upkeep\n|turn|4\n|\n|t:|1776470890\n|move|p2a: Runerigus|Fake Tears|p1a: Umbreon\n|-unboost|p1a: Umbreon|spd|2\n|move|p2b: Chimecho|Psychic|p1b: Sinistcha\n|-damage|p1b: Sinistcha|17/100\n|move|p1a: Umbreon|Calm Mind|p1a: Umbreon\n|-boost|p1a: Umbreon|spa|1\n|-boost|p1a: Umbreon|spd|1\n|move|p1b: Sinistcha|Matcha Gotcha|p2b: Chimecho|[spread] p2a\n|-miss|p1b: Sinistcha|p2b: Chimecho\n|-supereffective|p2a: Runerigus|1\n|-damage|p2a: Runerigus|13/100\n|-heal|p1b: Sinistcha|37/100|[from] drain|[of] p2a: Runerigus\n|\n|-weather|Snowscape|[upkeep]\n|-heal|p1a: Umbreon|100/100|[from] item: Leftovers\n|upkeep\n|turn|5\n|\n|t:|1776470923\n|switch|p1b: Sneasler|Sneasler, L50, M|100/100\n|move|p2a: Runerigus|Destiny Bond|p2a: Runerigus\n|-singlemove|p2a: Runerigus|Destiny Bond\n|move|p2b: Chimecho|Psychic|p1b: Sneasler\n|-supereffective|p1b: Sneasler|2\n|-damage|p1b: Sneasler|0 fnt\n|faint|p1b: Sneasler\n|move|p1a: Umbreon|Baton Pass|p1a: Umbreon\n|\n|t:|1776470935\n|switch|p1a: Froslass|Froslass-Mega, L50, F|26/100|[from] Baton Pass\n|\n|-weather|none\n|-sideend|p1: Marshadow27|move: Aurora Veil\n|-fieldend|move: Trick Room\n|upkeep\n|\n|t:|1776470938\n|switch|p1b: Sinistcha|Sinistcha, L50|37/100\n|-heal|p1a: Froslass|51/100|[from] ability: Hospitality|[of] p1b: Sinistcha\n|turn|6\n|\n|t:|1776470949\n|switch|p1b: Umbreon|Umbreon, L50, F|100/100\n|move|p1a: Froslass|Protect|p1a: Froslass\n|-singleturn|p1a: Froslass|Protect\n|move|p2b: Chimecho|Flash Cannon|p1a: Froslass\n|-activate|p1a: Froslass|move: Protect\n|move|p2a: Runerigus|Trick Room|p2a: Runerigus\n|-fieldstart|move: Trick Room|[of] p2a: Runerigus\n|\n|upkeep\n|turn|7\n|\n|t:|1776470965\n|move|p2a: Runerigus|Fake Tears|p1b: Umbreon\n|-unboost|p1b: Umbreon|spd|2\n|move|p1b: Umbreon|Dark Pulse|p2a: Runerigus\n|-supereffective|p2a: Runerigus|1\n|-enditem|p2a: Runerigus|Colbur Berry|[eat]\n|-enditem|p2a: Runerigus|Colbur Berry|[weaken]\n|-damage|p2a: Runerigus|0 fnt\n|faint|p2a: Runerigus\n|move|p2b: Chimecho|Flash Cannon|p1a: Froslass\n|-supereffective|p1a: Froslass|1\n|-damage|p1a: Froslass|0 fnt\n|faint|p1a: Froslass\n|\n|upkeep\n|\n|t:|1776470974\n|switch|p2a: Primarina|Primarina, L50, F|100/100\n|switch|p1a: Sinistcha|Sinistcha, L50|37/100\n|turn|8\n|\n|t:|1776470980\n|move|p1b: Umbreon|Calm Mind|p1b: Umbreon\n|-boost|p1b: Umbreon|spa|1\n|-boost|p1b: Umbreon|spd|1\n|move|p2b: Chimecho|Psychic|p1a: Sinistcha\n|-damage|p1a: Sinistcha|0 fnt\n|faint|p1a: Sinistcha\n|move|p2a: Primarina|Moonblast|p1b: Umbreon\n|-supereffective|p1b: Umbreon|1\n|-damage|p1b: Umbreon|0 fnt\n|faint|p1b: Umbreon\n|\n|win|DoctorGrizzman\n|raw|Marshadow27's rating: 1370 &rarr; <strong>1350</strong><br />(-20 for losing)\n|raw|DoctorGrizzman's rating: 1367 &rarr; <strong>1387</strong><br />(+20 for winning)\n|l|\u2606Marshadow27\n|player|p1|\n",
  "uploadtime": 1776470986,
  "views": 35,
  "formatid": "gen9championsvgc2026regma",
  "rating": 1350,
  "private": 0,
  "password": null
}