{
  "id": "gen9championsvgc2026regma-2580539382",
  "format": "[Gen 9 Champions] VGC 2026 Reg M-A",
  "players": [
    "Kaizer_Ifrit",
    "DizzzyVGC"
  ],
  "log": "|j|\u2606Kaizer_Ifrit\n|j|\u2606DizzzyVGC\n|t:|1775910516\n|gametype|doubles\n|player|p1|Kaizer_Ifrit|caitlin|1068\n|player|p2|DizzzyVGC|li|1057\n|gen|9\n|tier|[Gen 9 Champions] VGC 2026 Reg M-A\n|rated|\n|rule|Species Clause: Limit one of each Pok\u00e9mon\n|rule|Item Clause: Limit 1 of each item\n|clearpoke\n|poke|p1|Garchomp, L50, F|\n|poke|p1|Talonflame, L50, F|\n|poke|p1|Rotom-Wash, L50|\n|poke|p1|Incineroar, L50, M|\n|poke|p1|Froslass, L50, F|\n|poke|p1|Aegislash, L50, M|\n|poke|p2|Clefable, L50, M|\n|poke|p2|Floette-Eternal, L50, F|\n|poke|p2|Talonflame, L50, M|\n|poke|p2|Aegislash, L50, M|\n|poke|p2|Alakazam, L50, M|\n|poke|p2|Incineroar, L50, F|\n|teampreview|4\n|inactive|Battle timer is ON: inactive players will automatically lose when time's up. (requested by Kaizer_Ifrit)\n|inactive|DizzzyVGC has 60 seconds left.\n|\n|t:|1775910550\n|teamsize|p1|4\n|teamsize|p2|4\n|start\n|switch|p1a: Kkkrrraaaaaa|Talonflame, L50, F|100/100\n|switch|p1b: 3rd floor|Rotom-Wash, L50|100/100\n|switch|p2a: Alakazam|Alakazam, L50, M|100/100\n|switch|p2b: Clefable|Clefable, L50, M|100/100\n|turn|1\n|\n|t:|1775910567\n|switch|p1a: Armor King|Incineroar, L50, M|100/100\n|-ability|p1a: Armor King|Intimidate|boost\n|-unboost|p2a: Alakazam|atk|1\n|-unboost|p2b: Clefable|atk|1\n|move|p2b: Clefable|Follow Me|p2b: Clefable\n|-singleturn|p2b: Clefable|move: Follow Me\n|move|p1b: 3rd floor|Trick|p2b: Clefable\n|-activate|p1b: 3rd floor|move: Trick|[of] p2b: Clefable\n|-item|p2b: Clefable|Choice Scarf|[from] move: Trick\n|-item|p1b: 3rd floor|Mental Herb|[from] move: Trick\n|move|p2a: Alakazam|Psychic Terrain|p2a: Alakazam\n|-fieldstart|move: Psychic Terrain\n|\n|upkeep\n|turn|2\n|\n|t:|1775910590\n|move|p2b: Clefable|Follow Me|p2b: Clefable\n|-singleturn|p2b: Clefable|move: Follow Me\n|move|p2a: Alakazam|Expanding Force|p1a: Armor King|[spread] p1b\n|-immune|p1a: Armor King\n|-damage|p1b: 3rd floor|19/100\n|move|p1b: 3rd floor|Volt Switch|p2b: Clefable\n|-damage|p2b: Clefable|69/100\n|\n|t:|1775910609\n|switch|p1b: Arthur|Aegislash, L50, M, shiny|100/100|[from] Volt Switch\n|move|p1a: Armor King|Parting Shot|p2b: Clefable\n|-unboost|p2b: Clefable|atk|1\n|-unboost|p2b: Clefable|spa|1\n|\n|t:|1775910614\n|switch|p1a: 3rd floor|Rotom-Wash, L50|19/100|[from] Parting Shot\n|\n|upkeep\n|turn|3\n|\n|t:|1775910621\n|move|p1b: Arthur|Wide Guard|p1b: Arthur\n|-singleturn|p1b: Arthur|Wide Guard\n|move|p2b: Clefable|Follow Me|p2b: Clefable\n|-singleturn|p2b: Clefable|move: Follow Me\n|move|p2a: Alakazam|Expanding Force|p1b: Arthur|[spread] \n|-activate|p1a: 3rd floor|move: Wide Guard\n|-activate|p1b: Arthur|move: Wide Guard\n|move|p1a: 3rd floor|Volt Switch|p2b: Clefable\n|-damage|p2b: Clefable|40/100\n|inactive|Kaizer_Ifrit has 30 seconds left.\n|\n|t:|1775910649\n|switch|p1a: Armor King|Incineroar, L50, M|100/100|[from] Volt Switch\n|-ability|p1a: Armor King|Intimidate|boost\n|-unboost|p2a: Alakazam|atk|1\n|-unboost|p2b: Clefable|atk|1\n|\n|upkeep\n|turn|4\n|\n|t:|1775910660\n|move|p2b: Clefable|Follow Me|p2b: Clefable\n|-singleturn|p2b: Clefable|move: Follow Me\n|move|p2a: Alakazam|Psychic|p1b: Arthur\n|-resisted|p1b: Arthur|1\n|-damage|p1b: Arthur|73/100\n|-formechange|p1b: Arthur|Aegislash-Blade|\n|move|p1b: Arthur|Iron Head|p2b: Clefable\n|-supereffective|p2b: Clefable|1\n|-damage|p2b: Clefable|0 fnt\n|faint|p2b: Clefable\n|move|p1a: Armor King|Parting Shot|p2a: Alakazam\n|-unboost|p2a: Alakazam|atk|1\n|-unboost|p2a: Alakazam|spa|1\n|\n|t:|1775910670\n|switch|p1a: Kkkrrraaaaaa|Talonflame, L50, F|100/100|[from] Parting Shot\n|\n|-heal|p1b: Arthur|79/100|[from] item: Leftovers\n|upkeep\n|\n|t:|1775910684\n|switch|p2b: Talonflame|Talonflame, L50, M|100/100\n|turn|5\n|inactive|Kaizer_Ifrit has 30 seconds left.\n|inactive|Kaizer_Ifrit has 20 seconds left.\n|\n|t:|1775910721\n|move|p2a: Alakazam|Protect|p2a: Alakazam\n|-singleturn|p2a: Alakazam|Protect\n|move|p1a: Kkkrrraaaaaa|Acrobatics|p2b: Talonflame\n|-damage|p2b: Talonflame|48/100\n|-immune|p1a: Kkkrrraaaaaa\n|move|p1b: Arthur|Shadow Sneak|p2b: Talonflame\n|-hint|Psychic Terrain doesn't affect airborne Pok\u00e9mon.\n|-damage|p2b: Talonflame|10/100\n|move|p2b: Talonflame|Tailwind|p2b: Talonflame\n|-sidestart|p2: DizzzyVGC|move: Tailwind\n|\n|-heal|p1b: Arthur|85/100|[from] item: Leftovers\n|-fieldend|move: Psychic Terrain\n|upkeep\n|turn|6\n|inactive|Kaizer_Ifrit has 30 seconds left.\n|\n|t:|1775910748\n|move|p1a: Kkkrrraaaaaa|Tailwind|p1a: Kkkrrraaaaaa\n|-sidestart|p1: Kaizer_Ifrit|move: Tailwind\n|move|p1b: Arthur|Shadow Sneak|p2b: Talonflame\n|-damage|p2b: Talonflame|0 fnt\n|faint|p2b: Talonflame\n|move|p2a: Alakazam|Psychic|p1a: Kkkrrraaaaaa\n|-damage|p1a: Kkkrrraaaaaa|56/100\n|\n|-heal|p1b: Arthur|91/100|[from] item: Leftovers\n|upkeep\n|\n|t:|1775910756\n|switch|p2b: Floette|Floette-Eternal, L50, F|100/100\n|turn|7\n|inactive|Kaizer_Ifrit has 30 seconds left.\n|\n|t:|1775910789\n|detailschange|p2b: Floette|Floette-Mega, L50, F\n|-mega|p2b: Floette|Floette|Floettite\n|-ability|p2b: Floette|Fairy Aura\n|move|p1b: Arthur|Shadow Sneak|p2a: Alakazam\n|-supereffective|p2a: Alakazam|1\n|-enditem|p2a: Alakazam|Focus Sash\n|-damage|p2a: Alakazam|1/100\n|move|p1a: Kkkrrraaaaaa|Acrobatics|p2a: Alakazam\n|-damage|p2a: Alakazam|0 fnt\n|faint|p2a: Alakazam\n|move|p2b: Floette|Dazzling Gleam|p1b: Arthur|[spread] p1a,p1b\n|-resisted|p1a: Kkkrrraaaaaa|1\n|-resisted|p1b: Arthur|1\n|-damage|p1a: Kkkrrraaaaaa|23/100\n|-damage|p1b: Arthur|44/100\n|\n|-heal|p1b: Arthur|50/100|[from] item: Leftovers\n|upkeep\n|turn|8\n|-message|DizzzyVGC forfeited.\n|\n|win|Kaizer_Ifrit\n|raw|Kaizer_Ifrit's rating: 1068 &rarr; <strong>1097</strong><br />(+29 for winning)\n|raw|DizzzyVGC's rating: 1057 &rarr; <strong>1039</strong><br />(-18 for losing)\n|l|\u2606DizzzyVGC\n|player|p2|\n",
  "uploadtime": 1775910817,
  "views": 12,
  "formatid": "gen9championsvgc2026regma",
  "rating": 1039,
  "private": 0,
  "password": null
}