{
  "id": "gen9championsvgc2026regma-2581742678",
  "format": "[Gen 9 Champions] VGC 2026 Reg M-A",
  "players": [
    "missileneedle",
    "BetaRunner"
  ],
  "log": "|j|\u2606missileneedle\n|j|\u2606BetaRunner\n|t:|1776024945\n|gametype|doubles\n|player|p1|missileneedle|psychic-gen4|1000\n|player|p2|BetaRunner|steven|1049\n|gen|9\n|tier|[Gen 9 Champions] VGC 2026 Reg M-A\n|rated|\n|rule|Species Clause: Limit one of each Pok\u00e9mon\n|rule|Item Clause: Limit 1 of each item\n|clearpoke\n|poke|p1|Crabominable, L50, M|\n|poke|p1|Slowking-Galar, L50, F|\n|poke|p1|Orthworm, L50, M|\n|poke|p1|Rotom-Frost, L50|\n|poke|p1|Arcanine-Hisui, L50, M|\n|poke|p1|Primarina, L50, M|\n|poke|p2|Floette-Eternal, L50, F|\n|poke|p2|Incineroar, L50, F|\n|poke|p2|Aerodactyl, L50, M|\n|poke|p2|Garchomp, L50, M|\n|poke|p2|Sneasler, L50, F|\n|poke|p2|Basculegion, L50, M|\n|teampreview|4\n|\n|t:|1776024981\n|teamsize|p1|4\n|teamsize|p2|4\n|start\n|switch|p1a: Arcanine|Arcanine-Hisui, L50, M|100/100\n|switch|p1b: Slowking|Slowking-Galar, L50, F|100/100\n|switch|p2a: Incineroar|Incineroar, L50, F, shiny|100/100\n|switch|p2b: Aerodactyl|Aerodactyl, L50, M|100/100\n|-ability|p2b: Aerodactyl|Unnerve\n|-ability|p1a: Arcanine|Intimidate|boost\n|-unboost|p2a: Incineroar|atk|1\n|-unboost|p2b: Aerodactyl|atk|1\n|-ability|p2a: Incineroar|Intimidate|boost\n|-unboost|p1a: Arcanine|atk|1\n|-unboost|p1b: Slowking|atk|1\n|turn|1\n|\n|t:|1776025010\n|move|p1b: Slowking|Protect|p1b: Slowking\n|-singleturn|p1b: Slowking|Protect\n|move|p2a: Incineroar|Fake Out|p1a: Arcanine\n|-resisted|p1a: Arcanine|1\n|-damage|p1a: Arcanine|96/100\n|move|p2b: Aerodactyl|Tailwind|p2b: Aerodactyl\n|-sidestart|p2: BetaRunner|move: Tailwind\n|cant|p1a: Arcanine|flinch\n|\n|upkeep\n|turn|2\n|\n|t:|1776025024\n|move|p2b: Aerodactyl|Rock Slide|p1a: Arcanine|[spread] p1a,p1b\n|-supereffective|p1a: Arcanine|1\n|-damage|p1a: Arcanine|53/100\n|-damage|p1b: Slowking|88/100\n|move|p2a: Incineroar|Darkest Lariat|p1b: Slowking\n|-supereffective|p1b: Slowking|1\n|-damage|p1b: Slowking|55/100\n|move|p1a: Arcanine|Rock Slide|p2b: Aerodactyl|[spread] p2a,p2b\n|-supereffective|p2a: Incineroar|1\n|-supereffective|p2b: Aerodactyl|1\n|-damage|p2a: Incineroar|71/100\n|-damage|p2b: Aerodactyl|41/100\n|move|p1b: Slowking|Trick Room|p1b: Slowking\n|-fieldstart|move: Trick Room|[of] p1b: Slowking\n|\n|upkeep\n|turn|3\n|\n|t:|1776025058\n|-prepare|p1b: Slowking|Chilly Reception|[premajor]\n|move|p1b: Slowking|Chilly Reception|p1b: Slowking\n|-weather|Snowscape\n|\n|t:|1776025062\n|switch|p1b: Crabominable|Crabominable, L50, M|100/100|[from] Chilly Reception\n|move|p1a: Arcanine|Rock Slide|p2a: Incineroar|[spread] p2a\n|-miss|p1a: Arcanine|p2b: Aerodactyl\n|-supereffective|p2a: Incineroar|1\n|-damage|p2a: Incineroar|41/100\n|-enditem|p2a: Incineroar|Sitrus Berry|[eat]\n|-heal|p2a: Incineroar|66/100|[from] item: Sitrus Berry\n|move|p2a: Incineroar|Darkest Lariat|p1b: Crabominable\n|-resisted|p1b: Crabominable|1\n|-damage|p1b: Crabominable|92/100\n|move|p2b: Aerodactyl|Rock Slide|p1b: Crabominable|[spread] p1a\n|-miss|p2b: Aerodactyl|p1b: Crabominable\n|-supereffective|p1a: Arcanine|1\n|-damage|p1a: Arcanine|7/100\n|\n|-weather|Snowscape|[upkeep]\n|upkeep\n|turn|4\n|l|\u2606missileneedle\n|player|p1|\n|j|\u2606missileneedle\n|player|p1|missileneedle|psychic-gen4|\n|\n|t:|1776025099\n|detailschange|p1b: Crabominable|Crabominable-Mega, L50, M\n|-mega|p1b: Crabominable|Crabominable|Crabominite\n|move|p1b: Crabominable|Drain Punch|p2a: Incineroar\n|-supereffective|p2a: Incineroar|1\n|-damage|p2a: Incineroar|0 fnt\n|-heal|p1b: Crabominable|100/100|[from] drain|[of] p2a: Incineroar\n|faint|p2a: Incineroar\n|move|p1a: Arcanine|Rock Slide|p2b: Aerodactyl\n|-supereffective|p2b: Aerodactyl|1\n|-damage|p2b: Aerodactyl|0 fnt\n|faint|p2b: Aerodactyl\n|\n|-weather|Snowscape|[upkeep]\n|-sideend|p2: BetaRunner|move: Tailwind\n|upkeep\n|\n|t:|1776025117\n|switch|p2a: Garchomp|Garchomp, L50, M|100/100\n|switch|p2b: Sneasler|Sneasler, L50, F, shiny|100/100\n|turn|5\n|l|\u2606missileneedle\n|player|p1|\n|j|\u2606missileneedle\n|player|p1|missileneedle|psychic-gen4|\n|\n|t:|1776025188\n|move|p1b: Crabominable|Protect|p1b: Crabominable\n|-singleturn|p1b: Crabominable|Protect\n|move|p2a: Garchomp|Protect|p2a: Garchomp\n|-singleturn|p2a: Garchomp|Protect\n|move|p1a: Arcanine|Flare Blitz|p2b: Sneasler\n|-damage|p2b: Sneasler|30/100\n|-damage|p1a: Arcanine|0 fnt|[from] Recoil\n|faint|p1a: Arcanine\n|move|p2b: Sneasler|Close Combat|p1b: Crabominable\n|-activate|p1b: Crabominable|move: Protect\n|\n|-weather|Snowscape|[upkeep]\n|upkeep\n|\n|t:|1776025207\n|switch|p1a: Primarina|Primarina, L50, M|100/100\n|turn|6\n|\n|t:|1776025224\n|move|p2b: Sneasler|Protect|p2b: Sneasler\n|-singleturn|p2b: Sneasler|Protect\n|move|p1b: Crabominable|Ice Hammer|p2a: Garchomp\n|-supereffective|p2a: Garchomp|2\n|-damage|p2a: Garchomp|0 fnt\n|-unboost|p1b: Crabominable|spe|1\n|-damage|p1b: Crabominable|88/100|[from] ability: Rough Skin|[of] p2a: Garchomp\n|faint|p2a: Garchomp\n|move|p1a: Primarina|Hyper Voice|p2b: Sneasler\n|-activate|p2b: Sneasler|move: Protect\n|\n|-weather|Snowscape|[upkeep]\n|-fieldend|move: Trick Room\n|upkeep\n|turn|7\n|\n|t:|1776025254\n|move|p2b: Sneasler|Dire Claw|p1a: Primarina\n|-supereffective|p1a: Primarina|1\n|-damage|p1a: Primarina|0 fnt\n|faint|p1a: Primarina\n|move|p1b: Crabominable|Ice Hammer|p2b: Sneasler\n|-damage|p2b: Sneasler|0 fnt\n|-unboost|p1b: Crabominable|spe|1\n|faint|p2b: Sneasler\n|\n|win|missileneedle\n|raw|missileneedle's rating: 1000 &rarr; <strong>1046</strong><br />(+46 for winning)\n|raw|BetaRunner's rating: 1049 &rarr; <strong>1029</strong><br />(-20 for losing)\n|l|\u2606BetaRunner\n|player|p2|\n",
  "uploadtime": 1776025265,
  "views": 30,
  "formatid": "gen9championsvgc2026regma",
  "rating": 1029,
  "private": 0,
  "password": null
}