{
  "id": "gen9championsvgc2026regma-2585192155",
  "format": "[Gen 9 Champions] VGC 2026 Reg M-A",
  "players": [
    "ApKy",
    "justin190511"
  ],
  "log": "|j|\u2606ApKy\n|j|\u2606justin190511\n|t:|1776323209\n|gametype|doubles\n|player|p1|ApKy|266|1085\n|player|p2|justin190511|102|1051\n|gen|9\n|tier|[Gen 9 Champions] VGC 2026 Reg M-A\n|rated|\n|rule|Species Clause: Limit one of each Pok\u00e9mon\n|rule|Item Clause: Limit 1 of each item\n|clearpoke\n|poke|p1|Gengar, L50, M|\n|poke|p1|Scovillain, L50, M|\n|poke|p1|Araquanid, L50, M|\n|poke|p1|Politoed, L50, F|\n|poke|p1|Basculegion, L50, M|\n|poke|p1|Dragapult, L50, M|\n|poke|p2|Beedrill, L50, M|\n|poke|p2|Clefable, L50, F|\n|poke|p2|Archaludon, L50, F|\n|poke|p2|Pelipper, L50, F|\n|poke|p2|Maushold-Four, L50|\n|poke|p2|Aromatisse, L50, M|\n|teampreview|4\n|inactive|Battle timer is ON: inactive players will automatically lose when time's up. (requested by justin190511)\njustin190511 has agreed to open team sheets.\n|\n|t:|1776323236\n|teamsize|p1|4\n|teamsize|p2|4\n|start\n|switch|p1a: Gengar|Gengar, L50, M, shiny|100/100\n|switch|p1b: Scovillain|Scovillain, L50, M|100/100\n|switch|p2a: WALL 1.5|Archaludon, L50, F|100/100\n|switch|p2b: Storks|Pelipper, L50, F|100/100\n|-weather|RainDance|[from] ability: Drizzle|[of] p2b: Storks\n|turn|1\n|\n|t:|1776323255\n|detailschange|p1a: Gengar|Gengar-Mega, L50, M, shiny\n|-mega|p1a: Gengar|Gengar|Gengarite\n|move|p1b: Scovillain|Rage Powder|p1b: Scovillain\n|-singleturn|p1b: Scovillain|move: Rage Powder\n|move|p1a: Gengar|Perish Song|p1a: Gengar\n|-start|p1a: Gengar|perish3|[silent]\n|-start|p1b: Scovillain|perish3|[silent]\n|-start|p2a: WALL 1.5|perish3|[silent]\n|-start|p2b: Storks|perish3|[silent]\n|-fieldactivate|move: Perish Song\n|move|p2a: WALL 1.5|Thunder Wave|p1b: Scovillain\n|-status|p1b: Scovillain|par\n|move|p2b: Storks|Tailwind|p2b: Storks\n|-sidestart|p2: justin190511|move: Tailwind\n|\n|-weather|RainDance|[upkeep]\n|-start|p2a: WALL 1.5|perish3\n|-start|p1a: Gengar|perish3\n|-start|p2b: Storks|perish3\n|-start|p1b: Scovillain|perish3\n|upkeep\n|turn|2\n|inactive|ApKy has 30 seconds left.\n|inactive|ApKy has 20 seconds left.\n|\n|t:|1776323295\n|move|p1a: Gengar|Protect|p1a: Gengar\n|-singleturn|p1a: Gengar|Protect\n|move|p1b: Scovillain|Protect|p1b: Scovillain\n|-singleturn|p1b: Scovillain|Protect\n|move|p2a: WALL 1.5|Electro Shot||[still]\n|-prepare|p2a: WALL 1.5|Electro Shot\n|-boost|p2a: WALL 1.5|spa|1\n|-anim|p2a: WALL 1.5|Electro Shot|p1a: Gengar\n|-activate|p1a: Gengar|move: Protect\n|move|p2b: Storks|Weather Ball|p1a: Gengar\n|-activate|p1a: Gengar|move: Protect\n|\n|-weather|RainDance|[upkeep]\n|-start|p2a: WALL 1.5|perish2\n|-start|p1a: Gengar|perish2\n|-start|p2b: Storks|perish2\n|-start|p1b: Scovillain|perish2\n|upkeep\n|turn|3\n|\n|t:|1776323315\n|move|p1b: Scovillain|Rage Powder|p1b: Scovillain\n|-singleturn|p1b: Scovillain|move: Rage Powder\n|move|p2a: WALL 1.5|Electro Shot||[still]\n|-prepare|p2a: WALL 1.5|Electro Shot\n|-boost|p2a: WALL 1.5|spa|1\n|-anim|p2a: WALL 1.5|Electro Shot|p1b: Scovillain\n|-resisted|p1b: Scovillain|1\n|-damage|p1b: Scovillain|61/100 par\n|move|p1a: Gengar|Substitute|p1a: Gengar\n|-start|p1a: Gengar|Substitute\n|-damage|p1a: Gengar|76/100\n|move|p2b: Storks|Weather Ball|p1b: Scovillain\n|-damage|p1b: Scovillain|5/100 par\n|\n|-weather|RainDance|[upkeep]\n|-start|p2a: WALL 1.5|perish1\n|-start|p1a: Gengar|perish1\n|-start|p2b: Storks|perish1\n|-start|p1b: Scovillain|perish1\n|upkeep\n|turn|4\n|inactive|ApKy has 30 seconds left.\n|inactive|ApKy has 20 seconds left.\n|\n|t:|1776323350\n|switch|p1a: Araquanid|Araquanid, L50, M|100/100\n|move|p1b: Scovillain|Rage Powder|p1b: Scovillain\n|-singleturn|p1b: Scovillain|move: Rage Powder\n|move|p2a: WALL 1.5|Electro Shot||[still]\n|-prepare|p2a: WALL 1.5|Electro Shot\n|-boost|p2a: WALL 1.5|spa|1\n|-anim|p2a: WALL 1.5|Electro Shot|p1b: Scovillain\n|-resisted|p1b: Scovillain|1\n|-crit|p1b: Scovillain\n|-damage|p1b: Scovillain|0 fnt\n|faint|p1b: Scovillain\n|move|p2b: Storks|U-turn|p1a: Araquanid\n|-damage|p1a: Araquanid|93/100\n|\n|t:|1776323358\n|switch|p2b: The Beast|Clefable, L50, F|100/100|[from] U-turn\n|\n|-weather|RainDance|[upkeep]\n|-heal|p1a: Araquanid|99/100|[from] item: Leftovers\n|-start|p2a: WALL 1.5|perish0\n|-sideend|p2: justin190511|move: Tailwind\n|upkeep\n|faint|p2a: WALL 1.5\n|\n|t:|1776323375\n|switch|p2a: POTENTIAL MON|Beedrill, L50, M|100/100\n|switch|p1b: Gengar|Gengar-Mega, L50, M, shiny|76/100\n|turn|5\n|\n|t:|1776323389\n|detailschange|p2a: POTENTIAL MON|Beedrill-Mega, L50, M\n|-mega|p2a: POTENTIAL MON|Beedrill|Beedrillite\n|move|p1b: Gengar|Protect|p1b: Gengar\n|-singleturn|p1b: Gengar|Protect\n|move|p2a: POTENTIAL MON|Drill Run|p1b: Gengar\n|-activate|p1b: Gengar|move: Protect\n|move|p2b: The Beast|Cosmic Power|p2b: The Beast\n|-boost|p2b: The Beast|def|1\n|-boost|p2b: The Beast|spd|1\n|move|p1a: Araquanid|Infestation|p2a: POTENTIAL MON\n|-resisted|p2a: POTENTIAL MON|1\n|-damage|p2a: POTENTIAL MON|97/100\n|-activate|p2a: POTENTIAL MON|move: Infestation|[of] p1a: Araquanid\n|\n|-weather|none\n|-heal|p1a: Araquanid|100/100|[from] item: Leftovers\n|-damage|p2a: POTENTIAL MON|85/100|[from] move: Infestation|[partiallytrapped]\n|upkeep\n|turn|6\n|\n|t:|1776323408\n|switch|p1b: Dragapult|Dragapult, L50, M, shiny|100/100\n|move|p2b: The Beast|Follow Me|p2b: The Beast\n|-singleturn|p2b: The Beast|move: Follow Me\n|move|p2a: POTENTIAL MON|Drill Run|p1b: Dragapult\n|-damage|p1b: Dragapult|56/100\n|move|p1a: Araquanid|Infestation|p2b: The Beast\n|-resisted|p2b: The Beast|1\n|-damage|p2b: The Beast|99/100\n|-activate|p2b: The Beast|move: Infestation|[of] p1a: Araquanid\n|\n|-damage|p2a: POTENTIAL MON|72/100|[from] move: Infestation|[partiallytrapped]\n|upkeep\n|turn|7\n|inactive|ApKy has 30 seconds left.\n|\n|t:|1776323434\n|move|p2b: The Beast|Follow Me|p2b: The Beast\n|-singleturn|p2b: The Beast|move: Follow Me\n|move|p2a: POTENTIAL MON|Poison Jab|p1b: Dragapult\n|-resisted|p1b: Dragapult|1\n|-damage|p1b: Dragapult|13/100\n|move|p1b: Dragapult|Phantom Force||[still]\n|-prepare|p1b: Dragapult|Phantom Force\n|move|p1a: Araquanid|Leech Life|p2b: The Beast\n|-resisted|p2b: The Beast|1\n|-damage|p2b: The Beast|92/100\n|\n|-damage|p2a: POTENTIAL MON|60/100|[from] move: Infestation|[partiallytrapped]\n|upkeep\n|turn|8\n|\n|t:|1776323464\n|move|p2b: The Beast|Follow Me|p2b: The Beast\n|-singleturn|p2b: The Beast|move: Follow Me\n|move|p2a: POTENTIAL MON|Poison Jab|p1a: Araquanid\n|-damage|p1a: Araquanid|50/100\n|move|p1b: Dragapult|Phantom Force|p2b: The Beast|[from] lockedmove\n|-crit|p2b: The Beast\n|-damage|p2b: The Beast|29/100\n|move|p1a: Araquanid|Liquidation|p2b: The Beast\n|-damage|p2b: The Beast|2/100\n|\n|-heal|p1a: Araquanid|56/100|[from] item: Leftovers\n|-damage|p2a: POTENTIAL MON|47/100|[from] move: Infestation|[partiallytrapped]\n|upkeep\n|turn|9\n|\n|t:|1776323481\n|move|p1b: Dragapult|Protect|p1b: Dragapult\n|-singleturn|p1b: Dragapult|Protect\n|move|p2a: POTENTIAL MON|Fell Stinger|p1b: Dragapult\n|-activate|p1b: Dragapult|move: Protect\n|move|p2b: The Beast|Moonlight|p2b: The Beast\n|-heal|p2b: The Beast|52/100\n|move|p1a: Araquanid|Liquidation|p2b: The Beast|[miss]\n|-miss|p1a: Araquanid|p2b: The Beast\n|\n|-heal|p1a: Araquanid|62/100|[from] item: Leftovers\n|-damage|p2a: POTENTIAL MON|35/100|[from] move: Infestation|[partiallytrapped]\n|upkeep\n|turn|10\n|inactive|ApKy has 30 seconds left.\n|\n|t:|1776323515\n|move|p2a: POTENTIAL MON|Fell Stinger|p1b: Dragapult\n|-resisted|p1b: Dragapult|1\n|-damage|p1b: Dragapult|0 fnt\n|faint|p1b: Dragapult\n|-boost|p2a: POTENTIAL MON|atk|3\n|move|p2b: The Beast|Cosmic Power|p2b: The Beast\n|-boost|p2b: The Beast|def|1\n|-boost|p2b: The Beast|spd|1\n|move|p1a: Araquanid|Infestation|p2b: The Beast\n|-resisted|p2b: The Beast|1\n|-damage|p2b: The Beast|51/100\n|\n|-heal|p1a: Araquanid|67/100|[from] item: Leftovers\n|-end|p2a: POTENTIAL MON|Infestation|[partiallytrapped]\n|upkeep\n|\n|t:|1776323529\n|switch|p1b: Gengar|Gengar-Mega, L50, M, shiny|76/100\n|turn|11\n|\n|t:|1776323537\n|move|p2b: The Beast|Follow Me|p2b: The Beast\n|-singleturn|p2b: The Beast|move: Follow Me\n|move|p2a: POTENTIAL MON|Poison Jab|p1a: Araquanid\n|-damage|p1a: Araquanid|0 fnt\n|faint|p1a: Araquanid\n|move|p1b: Gengar|Shadow Ball|p2b: The Beast\n|-damage|p2b: The Beast|31/100\n|-unboost|p2b: The Beast|spd|1\n|\n|-end|p2b: The Beast|Infestation|[partiallytrapped]\n|upkeep\n|turn|12\n|-message|ApKy forfeited.\n|\n|win|justin190511\n|raw|ApKy's rating: 1085 &rarr; <strong>1060</strong><br />(-25 for losing)\n|raw|justin190511's rating: 1051 &rarr; <strong>1087</strong><br />(+36 for winning)\n|l|\u2606ApKy\n|player|p1|\n",
  "uploadtime": 1776323550,
  "views": 19,
  "formatid": "gen9championsvgc2026regma",
  "rating": 1060,
  "private": 0,
  "password": null
}