{
  "id": "gen9championsvgc2026regma-2580704419",
  "format": "[Gen 9 Champions] VGC 2026 Reg M-A",
  "players": [
    "SilphGambleR",
    "lolgz"
  ],
  "log": "|j|\u2606SilphGambleR\n|j|\u2606lolgz\n|t:|1775925694\n|gametype|doubles\n|player|p1|SilphGambleR|hilbert|1137\n|player|p2|lolgz|265|1179\n|gen|9\n|tier|[Gen 9 Champions] VGC 2026 Reg M-A\n|rated|\n|rule|Species Clause: Limit one of each Pok\u00e9mon\n|rule|Item Clause: Limit 1 of each item\n|clearpoke\n|poke|p1|Meganium, L50, M|\n|poke|p1|Farigiraf, L50, F|\n|poke|p1|Sneasler, L50, F|\n|poke|p1|Armarouge, L50, F|\n|poke|p1|Archaludon, L50, F|\n|poke|p1|Greninja-*, L50, M|\n|poke|p2|Charizard, L50, M|\n|poke|p2|Whimsicott, L50, M|\n|poke|p2|Basculegion, L50, M|\n|poke|p2|Farigiraf, L50, M|\n|poke|p2|Sneasler, L50, F|\n|poke|p2|Floette-Eternal, L50, F|\n|teampreview|4\n|\n|t:|1775925731\n|teamsize|p1|4\n|teamsize|p2|4\n|start\n|switch|p1a: Sneasler|Sneasler, L50, F|100/100\n|switch|p1b: Greninja|Greninja, L50, M|100/100\n|switch|p2a: Whimsicott|Whimsicott, L50, M|100/100\n|switch|p2b: Charizard|Charizard, L50, M|100/100\n|turn|1\n|\n|t:|1775925740\n|detailschange|p1b: Greninja|Greninja-Mega, L50, M\n|-mega|p1b: Greninja|Greninja|Greninjite\n|move|p2b: Charizard|Protect|p2b: Charizard\n|-singleturn|p2b: Charizard|Protect\n|move|p1a: Sneasler|Fake Out|p2a: Whimsicott\n|-damage|p2a: Whimsicott|79/100\n|cant|p2a: Whimsicott|flinch\n|move|p1b: Greninja|Rock Slide|p2a: Whimsicott|[spread] p2a\n|-start|p1b: Greninja|typechange|Rock|[from] ability: Protean\n|-activate|p2b: Charizard|move: Protect\n|-damage|p2a: Whimsicott|45/100\n|\n|upkeep\n|turn|2\n|\n|t:|1775925759\n|move|p2a: Whimsicott|Tailwind|p2a: Whimsicott\n|-sidestart|p2: lolgz|move: Tailwind\n|move|p2b: Charizard|Heat Wave|p1a: Sneasler|[spread] p1a,p1b\n|-resisted|p1b: Greninja|1\n|-crit|p1b: Greninja\n|-damage|p1a: Sneasler|54/100\n|-damage|p1b: Greninja|66/100\n|move|p1b: Greninja|Rock Slide|p2a: Whimsicott|[spread] p2a,p2b\n|-supereffective|p2b: Charizard|2\n|-crit|p2b: Charizard\n|-damage|p2a: Whimsicott|10/100\n|-damage|p2b: Charizard|0 fnt\n|faint|p2b: Charizard\n|move|p1a: Sneasler|Dire Claw|p2a: Whimsicott\n|-supereffective|p2a: Whimsicott|2\n|-damage|p2a: Whimsicott|0 fnt\n|faint|p2a: Whimsicott\n|\n|upkeep\n|\n|t:|1775925764\n|switch|p2a: Basculegion|Basculegion, L50, M|100/100\n|switch|p2b: Floette|Floette-Eternal, L50, F|100/100\n|turn|3\n|\n|t:|1775925769\n|detailschange|p2b: Floette|Floette-Mega, L50, F\n|-mega|p2b: Floette|Floette|Floettite\n|-ability|p2b: Floette|Fairy Aura\n|move|p1b: Greninja|Protect|p1b: Greninja\n|-singleturn|p1b: Greninja|Protect\n|move|p1a: Sneasler|Protect|p1a: Sneasler\n|-singleturn|p1a: Sneasler|Protect\n|move|p2a: Basculegion|Wave Crash|p1a: Sneasler\n|-activate|p1a: Sneasler|move: Protect\n|move|p2b: Floette|Moonblast|p1b: Greninja\n|-activate|p1b: Greninja|move: Protect\n|\n|upkeep\n|turn|4\n|\n|t:|1775925781\n|switch|p1a: Archaludon|Archaludon, L50, F|100/100\n|move|p2a: Basculegion|Wave Crash|p1a: Archaludon\n|-resisted|p1a: Archaludon|1\n|-damage|p1a: Archaludon|73/100\n|-ability|p1a: Archaludon|Stamina|boost\n|-boost|p1a: Archaludon|def|1\n|-damage|p2a: Basculegion|91/100|[from] Recoil\n|move|p2b: Floette|Moonblast|p1b: Greninja\n|-damage|p1b: Greninja|0 fnt\n|faint|p1b: Greninja\n|\n|upkeep\n|\n|t:|1775925792\n|switch|p1b: Sneasler|Sneasler, L50, F|54/100\n|turn|5\n|\n|t:|1775925801\n|move|p2b: Floette|Protect|p2b: Floette\n|-singleturn|p2b: Floette|Protect\n|move|p2a: Basculegion|Wave Crash|p1b: Sneasler\n|-damage|p1b: Sneasler|0 fnt\n|faint|p1b: Sneasler\n|-damage|p2a: Basculegion|77/100|[from] Recoil\n|move|p1a: Archaludon|Thunderbolt|p2a: Basculegion\n|-supereffective|p2a: Basculegion|1\n|-damage|p2a: Basculegion|6/100\n|\n|-sideend|p2: lolgz|move: Tailwind\n|upkeep\n|\n|t:|1775925808\n|switch|p1b: Armarouge|Armarouge, L50, F|100/100\n|turn|6\n|\n|t:|1775925816\n|move|p2a: Basculegion|Wave Crash|p1b: Armarouge\n|-supereffective|p1b: Armarouge|1\n|-enditem|p1b: Armarouge|Focus Sash\n|-damage|p1b: Armarouge|1/100\n|-ability|p1b: Armarouge|Weak Armor|boost\n|-unboost|p1b: Armarouge|def|1\n|-boost|p1b: Armarouge|spe|2\n|-damage|p2a: Basculegion|0 fnt|[from] Recoil\n|faint|p2a: Basculegion\n|move|p1b: Armarouge|Psychic|p2b: Floette\n|-damage|p2b: Floette|60/100\n|move|p2b: Floette|Moonblast|p1a: Archaludon\n|-damage|p1a: Archaludon|0 fnt\n|faint|p1a: Archaludon\n|\n|upkeep\n|turn|7\n|\n|t:|1775925831\n|move|p1b: Armarouge|Armor Cannon|p2b: Floette\n|-damage|p2b: Floette|11/100\n|-unboost|p1b: Armarouge|def|1\n|-unboost|p1b: Armarouge|spd|1\n|move|p2b: Floette|Moonblast|p1b: Armarouge\n|-resisted|p1b: Armarouge|1\n|-damage|p1b: Armarouge|0 fnt\n|faint|p1b: Armarouge\n|\n|win|lolgz\n|raw|SilphGambleR's rating: 1137 &rarr; <strong>1115</strong><br />(-22 for losing)\n|raw|lolgz's rating: 1179 &rarr; <strong>1201</strong><br />(+22 for winning)\n",
  "uploadtime": 1775925831,
  "views": 12,
  "formatid": "gen9championsvgc2026regma",
  "rating": 1115,
  "private": 0,
  "password": null
}