{
  "id": "gen9championsvgc2026regma-2585548730",
  "format": "[Gen 9 Champions] VGC 2026 Reg M-A",
  "players": [
    "zane121",
    "reeddddd"
  ],
  "log": "|j|\u2606zane121\n|j|\u2606reeddddd\n|t:|1776354810\n|gametype|doubles\n|player|p1|zane121|swimmerf-gen4dp|1160\n|player|p2|reeddddd|2|1229\n|gen|9\n|tier|[Gen 9 Champions] VGC 2026 Reg M-A\n|rated|\n|rule|Species Clause: Limit one of each Pok\u00e9mon\n|rule|Item Clause: Limit 1 of each item\n|clearpoke\n|poke|p1|Zoroark-Hisui, L50, F|\n|poke|p1|Scizor, L50, M|\n|poke|p1|Clefable, L50, M|\n|poke|p1|Rotom-Heat, L50|\n|poke|p1|Kleavor, L50, F|\n|poke|p1|Kangaskhan, L50, F|\n|poke|p2|Aegislash, L50, M|\n|poke|p2|Aerodactyl, L50, M|\n|poke|p2|Tyranitar, L50, M|\n|poke|p2|Skeledirge, L50, F|\n|poke|p2|Empoleon, L50, M|\n|poke|p2|Espathra, L50, F|\n|teampreview|4\n|inactive|Battle timer is ON: inactive players will automatically lose when time's up. (requested by reeddddd)\n|inactive|reeddddd has 60 seconds left.\n|\n|t:|1776354857\n|teamsize|p1|4\n|teamsize|p2|4\n|start\n|switch|p1a: Kleavor|Kleavor, L50, F|100/100\n|switch|p1b: Scizor|Scizor, L50, M|100/100\n|switch|p2a: Aerodactyl|Aerodactyl, L50, M|100/100\n|switch|p2b: Tyranitar|Tyranitar, L50, M|100/100\n|-ability|p2a: Aerodactyl|Pressure\n|-weather|Sandstorm|[from] ability: Sand Stream|[of] p2b: Tyranitar\n|turn|1\n|inactive|zane121 has 30 seconds left.\n|inactive|reeddddd has 30 seconds left.\n|j| KamiiWRLD\n|inactive|zane121 has 20 seconds left.\n|inactive|zane121 has 15 seconds left.\n|inactive|zane121 has 10 seconds left.\n|l|\u2606zane121\n|inactive|zane121 disconnected and has a minute to reconnect!\n|player|p1|\n|j|\u2606zane121\n|inactive|zane121 reconnected and has 10 seconds left.\n|player|p1|zane121|swimmerf-gen4dp|\n|inactive|zane121 has 5 seconds left.\n|\n|t:|1776354913\n|switch|p2b: Aegislash|Aegislash, L50, M|100/100\n|move|p1b: Scizor|Bullet Punch|p2b: Aegislash\n|-resisted|p2b: Aegislash|1\n|-damage|p2b: Aegislash|83/100\n|move|p1a: Kleavor|Aerial Ace|p2a: Aerodactyl\n|-resisted|p2a: Aerodactyl|1\n|-crit|p2a: Aerodactyl\n|-damage|p2a: Aerodactyl|59/100\n|move|p2a: Aerodactyl|Tailwind|p2a: Aerodactyl\n|-sidestart|p2: reeddddd|move: Tailwind\n|\n|-weather|Sandstorm|[upkeep]\n|upkeep\n|turn|2\n|inactive|zane121 has 30 seconds left.\n|\n|t:|1776354938\n|move|p1b: Scizor|Protect|p1b: Scizor\n|-singleturn|p1b: Scizor|Protect\n|move|p2a: Aerodactyl|Rock Slide|p1a: Kleavor|[spread] \n|-activate|p1b: Scizor|move: Protect\n|-miss|p2a: Aerodactyl|p1a: Kleavor\n|move|p1a: Kleavor|Aerial Ace|p2a: Aerodactyl\n|-resisted|p2a: Aerodactyl|1\n|-damage|p2a: Aerodactyl|31/100\n|-formechange|p2b: Aegislash|Aegislash-Blade|\n|move|p2b: Aegislash|Iron Head|p1a: Kleavor\n|-supereffective|p1a: Kleavor|1\n|-damage|p1a: Kleavor|0 fnt\n|faint|p1a: Kleavor\n|\n|-weather|Sandstorm|[upkeep]\n|upkeep\n|\n|t:|1776354955\n|switch|p1a: Kangaskhan|Kangaskhan, L50, F|100/100\n|turn|3\n|\n|t:|1776354967\n|detailschange|p1a: Kangaskhan|Kangaskhan-Mega, L50, F\n|-mega|p1a: Kangaskhan|Kangaskhan|Kangaskhanite\n|move|p2a: Aerodactyl|Protect|p2a: Aerodactyl\n|-singleturn|p2a: Aerodactyl|Protect\n|move|p1a: Kangaskhan|Fake Out|p2a: Aerodactyl\n|-activate|p2a: Aerodactyl|move: Protect\n|move|p2b: Aegislash|Sacred Sword|p1a: Kangaskhan\n|-supereffective|p1a: Kangaskhan|1\n|-damage|p1a: Kangaskhan|23/100\n|move|p1b: Scizor|Knock Off|p2b: Aegislash\n|-supereffective|p2b: Aegislash|1\n|-damage|p2b: Aegislash|0 fnt\n|-enditem|p2b: Aegislash|King's Rock|[from] move: Knock Off|[of] p1b: Scizor\n|faint|p2b: Aegislash\n|\n|-weather|Sandstorm|[upkeep]\n|-damage|p1a: Kangaskhan|17/100|[from] Sandstorm\n|upkeep\n|\n|t:|1776354989\n|switch|p2b: Empoleon|Empoleon, L50, M|100/100\n|turn|4\n|\n|t:|1776354996\n|move|p1a: Kangaskhan|Protect|p1a: Kangaskhan\n|-singleturn|p1a: Kangaskhan|Protect\n|move|p1b: Scizor|Bullet Punch|p2a: Aerodactyl\n|-supereffective|p2a: Aerodactyl|1\n|-damage|p2a: Aerodactyl|0 fnt\n|faint|p2a: Aerodactyl\n|move|p2b: Empoleon|Chilling Water|p1b: Scizor\n|-damage|p1b: Scizor|65/100\n|-unboost|p1b: Scizor|atk|1\n|\n|-weather|Sandstorm|[upkeep]\n|-damage|p1a: Kangaskhan|10/100|[from] Sandstorm\n|-sideend|p2: reeddddd|move: Tailwind\n|upkeep\n|\n|t:|1776355009\n|switch|p2a: Tyranitar|Tyranitar, L50, M|100/100\n|turn|5\n|inactive|zane121 has 30 seconds left.\n|\n|t:|1776355035\n|move|p2a: Tyranitar|Protect|p2a: Tyranitar\n|-singleturn|p2a: Tyranitar|Protect\n|move|p1b: Scizor|Bullet Punch|p2a: Tyranitar\n|-activate|p2a: Tyranitar|move: Protect\n|move|p1a: Kangaskhan|Low Kick|p2a: Tyranitar\n|-activate|p2a: Tyranitar|move: Protect\n|move|p2b: Empoleon|Chilling Water|p1b: Scizor\n|-damage|p1b: Scizor|25/100\n|-unboost|p1b: Scizor|atk|1\n|\n|-weather|none\n|upkeep\n|turn|6\n|inactive|reeddddd has 30 seconds left.\n|inactive|reeddddd has 20 seconds left.\n|\n|t:|1776355072\n|detailschange|p2a: Tyranitar|Tyranitar-Mega, L50, M\n|-mega|p2a: Tyranitar|Tyranitar|Tyranitarite\n|-weather|Sandstorm|[from] ability: Sand Stream|[of] p2a: Tyranitar\n|move|p1b: Scizor|Bullet Punch|p2a: Tyranitar\n|-supereffective|p2a: Tyranitar|1\n|-damage|p2a: Tyranitar|76/100\n|move|p1a: Kangaskhan|Low Kick|p2a: Tyranitar\n|-supereffective|p2a: Tyranitar|2\n|-damage|p2a: Tyranitar|0 fnt\n|faint|p2a: Tyranitar\n|-hitcount|p2: Tyranitar|1\n|move|p2b: Empoleon|Flash Cannon|p1a: Kangaskhan\n|-damage|p1a: Kangaskhan|0 fnt\n|faint|p1a: Kangaskhan\n|\n|-weather|Sandstorm|[upkeep]\n|upkeep\n|\n|t:|1776355083\n|switch|p1a: Scizor|Scizor, L50, M|100/100\n|turn|7\n|inactive|zane121 has 30 seconds left.\n|\n|t:|1776355109\n|move|p1a: Scizor|Icy Wind|p2b: Empoleon\n|-resisted|p2b: Empoleon|2\n|-damage|p2b: Empoleon|97/100\n|-unboost|p2b: Empoleon|spe|1\n|-ability|p2b: Empoleon|Competitive|boost\n|-boost|p2b: Empoleon|spa|2\n|move|p1b: Scizor|Close Combat|p2b: Empoleon\n|-supereffective|p2b: Empoleon|1\n|-damage|p2b: Empoleon|50/100\n|-unboost|p1b: Scizor|def|1\n|-unboost|p1b: Scizor|spd|1\n|move|p2b: Empoleon|Flash Cannon|p1a: Scizor\n|-enditem|p1a: Scizor|Focus Sash\n|-damage|p1a: Scizor|1/100\n|replace|p1a: Zoroark|Zoroark-Hisui, L50, F, shiny\n|-end|p1a: Zoroark|Illusion\n|\n|-weather|Sandstorm|[upkeep]\n|-damage|p1a: Zoroark|0 fnt|[from] Sandstorm\n|faint|p1a: Zoroark\n|upkeep\n|turn|8\n|inactive|reeddddd has 30 seconds left.\n|\n|t:|1776355137\n|move|p1b: Scizor|Close Combat|p2b: Empoleon\n|-supereffective|p2b: Empoleon|1\n|-damage|p2b: Empoleon|6/100\n|-unboost|p1b: Scizor|def|1\n|-unboost|p1b: Scizor|spd|1\n|move|p2b: Empoleon|Roost|p2b: Empoleon\n|-heal|p2b: Empoleon|56/100\n|-singleturn|p2b: Empoleon|move: Roost\n|\n|-weather|Sandstorm|[upkeep]\n|upkeep\n|turn|9\n|\n|t:|1776355151\n|move|p1b: Scizor|Close Combat|p2b: Empoleon\n|-supereffective|p2b: Empoleon|1\n|-damage|p2b: Empoleon|8/100\n|-unboost|p1b: Scizor|def|1\n|-unboost|p1b: Scizor|spd|1\n|move|p2b: Empoleon|Roost|p2b: Empoleon\n|-heal|p2b: Empoleon|58/100\n|-singleturn|p2b: Empoleon|move: Roost\n|\n|-weather|Sandstorm|[upkeep]\n|upkeep\n|turn|10\n|\n|t:|1776355169\n|move|p1b: Scizor|Knock Off|p2b: Empoleon\n|-damage|p2b: Empoleon|39/100\n|-enditem|p2b: Empoleon|Bright Powder|[from] move: Knock Off|[of] p1b: Scizor\n|move|p2b: Empoleon|Chilling Water|p1b: Scizor\n|-damage|p1b: Scizor|0 fnt\n|faint|p1b: Scizor\n|\n|win|reeddddd\n|raw|zane121's rating: 1160 &rarr; <strong>1140</strong><br />(-20 for losing)\n|raw|reeddddd's rating: 1229 &rarr; <strong>1249</strong><br />(+20 for winning)\n|l| KamiiWRLD\n|l|\u2606reeddddd\n|player|p2|\n",
  "uploadtime": 1776355379,
  "views": 26,
  "formatid": "gen9championsvgc2026regma",
  "rating": 1140,
  "private": 0,
  "password": null
}