{
  "id": "gen9championsvgc2026regma-2583447697",
  "format": "[Gen 9 Champions] VGC 2026 Reg M-A",
  "players": [
    "SpazzoutJay",
    "elias06107"
  ],
  "log": "|j|\u2606SpazzoutJay\n|j|\u2606elias06107\n|t:|1776176278\n|gametype|doubles\n|player|p1|SpazzoutJay|102|1000\n|player|p2|elias06107|2|1083\n|gen|9\n|tier|[Gen 9 Champions] VGC 2026 Reg M-A\n|rated|\n|rule|Species Clause: Limit one of each Pok\u00e9mon\n|rule|Item Clause: Limit 1 of each item\n|clearpoke\n|poke|p1|Aggron, L50, M|\n|poke|p1|Corviknight, L50, F|\n|poke|p1|Abomasnow, L50, F|\n|poke|p1|Maushold-Four, L50|\n|poke|p1|Sneasler, L50, F|\n|poke|p1|Diggersby, L50, M|\n|poke|p2|Glimmora, L50, F|\n|poke|p2|Corviknight, L50, F|\n|poke|p2|Sinistcha, L50|\n|poke|p2|Hydreigon, L50, M|\n|poke|p2|Tyranitar, L50, M|\n|teampreview|4\n|\n|t:|1776176316\n|teamsize|p1|4\n|teamsize|p2|4\n|start\n|switch|p1a: Maushold|Maushold-Four, L50|100/100\n|switch|p1b: Abomasnow|Abomasnow, L50, F|100/100\n|switch|p2a: Corviknight|Corviknight, L50, F|100/100\n|switch|p2b: Glimmora|Glimmora, L50, F|100/100\n|-ability|p2a: Corviknight|Unnerve\n|-weather|Snowscape|[from] ability: Snow Warning|[of] p1b: Abomasnow\n|turn|1\n|\n|t:|1776176335\n|move|p2b: Glimmora|Spiky Shield|p2b: Glimmora\n|-singleturn|p2b: Glimmora|move: Protect\n|move|p1a: Maushold|Follow Me|p1a: Maushold\n|-singleturn|p1a: Maushold|move: Follow Me\n|move|p2a: Corviknight|Body Press|p1a: Maushold\n|-supereffective|p1a: Maushold|1\n|-damage|p1a: Maushold|20/100\n|move|p1b: Abomasnow|Aurora Veil|p1b: Abomasnow\n|-sidestart|p1: SpazzoutJay|move: Aurora Veil\n|\n|-weather|Snowscape|[upkeep]\n|upkeep\n|turn|2\n|\n|t:|1776176366\n|switch|p2b: Sinistcha|Sinistcha, L50|100/100\n|move|p1a: Maushold|Encore||[still]\n|-fail|p1a: Maushold\n|move|p2a: Corviknight|Body Press|p1a: Maushold\n|-supereffective|p1a: Maushold|1\n|-damage|p1a: Maushold|0 fnt\n|faint|p1a: Maushold\n|move|p1b: Abomasnow|Blizzard|p2a: Corviknight|[spread] p2a,p2b\n|-supereffective|p2b: Sinistcha|1\n|-damage|p2a: Corviknight|74/100\n|-damage|p2b: Sinistcha|35/100\n|-status|p2b: Sinistcha|frz\n|-enditem|p2b: Sinistcha|Sitrus Berry|[eat]\n|-heal|p2b: Sinistcha|60/100 frz|[from] item: Sitrus Berry\n|\n|-weather|Snowscape|[upkeep]\n|-heal|p2a: Corviknight|80/100|[from] item: Leftovers\n|upkeep\n|inactive|Battle timer is ON: inactive players will automatically lose when time's up. (requested by elias06107)\n|\n|t:|1776176401\n|switch|p1a: Aggron|Aggron, L50, M|100/100\n|turn|3\n|\n|t:|1776176410\n|detailschange|p1a: Aggron|Aggron-Mega, L50, M\n|-mega|p1a: Aggron|Aggron|Aggronite\n|cant|p2b: Sinistcha|frz\n|move|p2a: Corviknight|Body Press|p1b: Abomasnow\n|-supereffective|p1b: Abomasnow|1\n|-damage|p1b: Abomasnow|70/100\n|move|p1b: Abomasnow|Blizzard|p2b: Sinistcha|[spread] p2a,p2b\n|-supereffective|p2b: Sinistcha|1\n|-damage|p2a: Corviknight|48/100\n|-damage|p2b: Sinistcha|0 fnt\n|faint|p2b: Sinistcha\n|move|p1a: Aggron|Iron Defense|p1a: Aggron\n|-boost|p1a: Aggron|def|2\n|\n|-weather|Snowscape|[upkeep]\n|-heal|p2a: Corviknight|54/100|[from] item: Leftovers\n|upkeep\n|\n|t:|1776176426\n|switch|p2b: Hydreigon|Hydreigon, L50, M|100/100\n|turn|4\n|\n|t:|1776176439\n|switch|p2a: Glimmora|Glimmora, L50, F|100/100\n|move|p2b: Hydreigon|Protect|p2b: Hydreigon\n|-singleturn|p2b: Hydreigon|Protect\n|move|p1b: Abomasnow|Blizzard|p2a: Glimmora|[spread] p2a\n|-activate|p2b: Hydreigon|move: Protect\n|-damage|p2a: Glimmora|55/100\n|move|p1a: Aggron|Body Press|p2b: Hydreigon\n|-activate|p2b: Hydreigon|move: Protect\n|\n|-weather|Snowscape|[upkeep]\n|upkeep\n|turn|5\n|\n|t:|1776176458\n|detailschange|p2a: Glimmora|Glimmora-Mega, L50, F\n|-mega|p2a: Glimmora|Glimmora|Glimmoranite\n|move|p2a: Glimmora|Sludge Bomb|p1b: Abomasnow\n|-supereffective|p1b: Abomasnow|1\n|-damage|p1b: Abomasnow|0 fnt\n|faint|p1b: Abomasnow\n|move|p2b: Hydreigon|Flamethrower|p1a: Aggron\n|-supereffective|p1a: Aggron|1\n|-damage|p1a: Aggron|67/100\n|move|p1a: Aggron|Body Press|p2b: Hydreigon\n|-supereffective|p2b: Hydreigon|1\n|-enditem|p2b: Hydreigon|Focus Sash\n|-damage|p2b: Hydreigon|1/100\n|\n|-weather|none\n|-sideend|p1: SpazzoutJay|move: Aurora Veil\n|upkeep\n|\n|t:|1776176471\n|switch|p1b: Corviknight|Corviknight, L50, F|100/100\n|turn|6\n|inactive|SpazzoutJay has 30 seconds left.\n|\n|t:|1776176497\n|move|p2a: Glimmora|Earth Power|p1a: Aggron\n|-supereffective|p1a: Aggron|1\n|-damage|p1a: Aggron|16/100\n|move|p2b: Hydreigon|Flamethrower|p1b: Corviknight\n|-supereffective|p1b: Corviknight|1\n|-damage|p1b: Corviknight|29/100\n|move|p1b: Corviknight|Drill Peck|p2b: Hydreigon\n|-damage|p2b: Hydreigon|0 fnt\n|faint|p2b: Hydreigon\n|move|p1a: Aggron|Body Press|p2a: Glimmora\n|-damage|p2a: Glimmora|0 fnt\n|faint|p2a: Glimmora\n|\n|upkeep\n|\n|t:|1776176513\n|switch|p2b: Corviknight|Corviknight, L50, F|54/100\n|-ability|p2b: Corviknight|Unnerve\n|turn|7\n|\n|t:|1776176532\n|move|p1b: Corviknight|Roost|p1b: Corviknight\n|-heal|p1b: Corviknight|80/100\n|-singleturn|p1b: Corviknight|move: Roost\n|move|p2b: Corviknight|Body Press|p1a: Aggron\n|-supereffective|p1a: Aggron|1\n|-damage|p1a: Aggron|6/100\n|move|p1a: Aggron|Avalanche|p2b: Corviknight\n|-damage|p2b: Corviknight|24/100\n|\n|-heal|p2b: Corviknight|30/100|[from] item: Leftovers\n|upkeep\n|turn|8\n|inactive|SpazzoutJay has 30 seconds left.\n|\n|t:|1776176567\n|move|p2b: Corviknight|Protect|p2b: Corviknight\n|-singleturn|p2b: Corviknight|Protect\n|move|p1b: Corviknight|Drill Peck|p2b: Corviknight\n|-activate|p2b: Corviknight|move: Protect\n|move|p1a: Aggron|Avalanche|p2b: Corviknight\n|-activate|p2b: Corviknight|move: Protect\n|\n|-heal|p2b: Corviknight|36/100|[from] item: Leftovers\n|upkeep\n|turn|9\n|\n|t:|1776176580\n|move|p2b: Corviknight|Body Press|p1a: Aggron\n|-supereffective|p1a: Aggron|1\n|-damage|p1a: Aggron|0 fnt\n|faint|p1a: Aggron\n|move|p1b: Corviknight|Drill Peck|p2b: Corviknight\n|-resisted|p2b: Corviknight|1\n|-damage|p2b: Corviknight|26/100\n|\n|-heal|p2b: Corviknight|32/100|[from] item: Leftovers\n|upkeep\n|turn|10\n|\n|t:|1776176590\n|move|p2b: Corviknight|Protect|p2b: Corviknight\n|-singleturn|p2b: Corviknight|Protect\n|move|p1b: Corviknight|Drill Peck|p2b: Corviknight\n|-activate|p2b: Corviknight|move: Protect\n|\n|-heal|p2b: Corviknight|38/100|[from] item: Leftovers\n|upkeep\n|turn|11\n|\n|t:|1776176600\n|move|p2b: Corviknight|Body Press|p1b: Corviknight\n|-damage|p1b: Corviknight|63/100\n|move|p1b: Corviknight|Drill Peck|p2b: Corviknight\n|-resisted|p2b: Corviknight|1\n|-damage|p2b: Corviknight|27/100\n|\n|-heal|p2b: Corviknight|33/100|[from] item: Leftovers\n|upkeep\n|turn|12\n|\n|t:|1776176609\n|move|p2b: Corviknight|Protect|p2b: Corviknight\n|-singleturn|p2b: Corviknight|Protect\n|move|p1b: Corviknight|Drill Peck|p2b: Corviknight\n|-activate|p2b: Corviknight|move: Protect\n|\n|-heal|p2b: Corviknight|39/100|[from] item: Leftovers\n|upkeep\n|turn|13\n|\n|t:|1776176619\n|move|p1b: Corviknight|Drill Peck|p2b: Corviknight\n|-resisted|p2b: Corviknight|1\n|-damage|p2b: Corviknight|28/100\n|move|p2b: Corviknight|Body Press|p1b: Corviknight\n|-damage|p1b: Corviknight|48/100\n|\n|-heal|p2b: Corviknight|34/100|[from] item: Leftovers\n|upkeep\n|turn|14\n|\n|t:|1776176630\n|move|p2b: Corviknight|Protect|p2b: Corviknight\n|-singleturn|p2b: Corviknight|Protect\n|move|p1b: Corviknight|Roost|p1b: Corviknight\n|-heal|p1b: Corviknight|98/100\n|-singleturn|p1b: Corviknight|move: Roost\n|\n|-heal|p2b: Corviknight|40/100|[from] item: Leftovers\n|upkeep\n|turn|15\n|\n|t:|1776176641\n|move|p2b: Corviknight|Body Press|p1b: Corviknight\n|-damage|p1b: Corviknight|84/100\n|move|p1b: Corviknight|Drill Peck|p2b: Corviknight\n|-resisted|p2b: Corviknight|1\n|-damage|p2b: Corviknight|30/100\n|\n|-heal|p2b: Corviknight|36/100|[from] item: Leftovers\n|upkeep\n|turn|16\n|\n|t:|1776176657\n|move|p2b: Corviknight|Protect|p2b: Corviknight\n|-singleturn|p2b: Corviknight|Protect\n|move|p1b: Corviknight|Light Screen|p1b: Corviknight\n|-sidestart|p1: SpazzoutJay|move: Light Screen\n|\n|-heal|p2b: Corviknight|42/100|[from] item: Leftovers\n|upkeep\n|turn|17\n|\n|t:|1776176664\n|move|p2b: Corviknight|Tailwind|p2b: Corviknight\n|-sidestart|p2: elias06107|move: Tailwind\n|move|p1b: Corviknight|Drill Peck|p2b: Corviknight\n|-resisted|p2b: Corviknight|1\n|-damage|p2b: Corviknight|33/100\n|\n|-heal|p2b: Corviknight|39/100|[from] item: Leftovers\n|upkeep\n|turn|18\n|\n|t:|1776176673\n|move|p2b: Corviknight|Body Press|p1b: Corviknight\n|-damage|p1b: Corviknight|68/100\n|move|p1b: Corviknight|Drill Peck|p2b: Corviknight\n|-resisted|p2b: Corviknight|1\n|-damage|p2b: Corviknight|28/100\n|\n|-heal|p2b: Corviknight|34/100|[from] item: Leftovers\n|upkeep\n|turn|19\n|\n|t:|1776176686\n|move|p2b: Corviknight|Protect|p2b: Corviknight\n|-singleturn|p2b: Corviknight|Protect\n|move|p1b: Corviknight|Drill Peck|p2b: Corviknight\n|-activate|p2b: Corviknight|move: Protect\n|\n|-heal|p2b: Corviknight|40/100|[from] item: Leftovers\n|upkeep\n|turn|20\n|\n|t:|1776176695\n|move|p2b: Corviknight|Body Press|p1b: Corviknight\n|-damage|p1b: Corviknight|54/100\n|move|p1b: Corviknight|Drill Peck|p2b: Corviknight\n|-resisted|p2b: Corviknight|1\n|-damage|p2b: Corviknight|30/100\n|\n|-heal|p2b: Corviknight|36/100|[from] item: Leftovers\n|-sideend|p1: SpazzoutJay|move: Light Screen\n|-sideend|p2: elias06107|move: Tailwind\n|upkeep\n|turn|21\n|\n|t:|1776176706\n|move|p2b: Corviknight|Body Press|p1b: Corviknight\n|-damage|p1b: Corviknight|39/100\n|move|p1b: Corviknight|Roost|p1b: Corviknight\n|-heal|p1b: Corviknight|89/100\n|-singleturn|p1b: Corviknight|move: Roost\n|\n|-heal|p2b: Corviknight|42/100|[from] item: Leftovers\n|upkeep\n|turn|22\n|c|\u2606SpazzoutJay|yawn\n|\n|t:|1776176721\n|move|p1b: Corviknight|Light Screen|p1b: Corviknight\n|-sidestart|p1: SpazzoutJay|move: Light Screen\n|move|p2b: Corviknight|Tailwind|p2b: Corviknight\n|-sidestart|p2: elias06107|move: Tailwind\n|\n|-heal|p2b: Corviknight|48/100|[from] item: Leftovers\n|upkeep\n|turn|23\n|c|\u2606elias06107|Indeed\n|\n|t:|1776176732\n|move|p2b: Corviknight|Tailwind||[still]\n|-fail|p2b: Corviknight\n|move|p1b: Corviknight|Drill Peck|p2b: Corviknight\n|-resisted|p2b: Corviknight|1\n|-damage|p2b: Corviknight|37/100\n|\n|-heal|p2b: Corviknight|43/100|[from] item: Leftovers\n|upkeep\n|turn|24\n|\n|t:|1776176749\n|move|p2b: Corviknight|Tailwind||[still]\n|-fail|p2b: Corviknight\n|move|p1b: Corviknight|U-turn|p2b: Corviknight\n|-resisted|p2b: Corviknight|2\n|-damage|p2b: Corviknight|40/100\n|\n|-heal|p2b: Corviknight|46/100|[from] item: Leftovers\n|upkeep\n|turn|25\n|inactive|SpazzoutJay has 30 seconds left.\n|\n|t:|1776176777\n|move|p2b: Corviknight|Tailwind||[still]\n|-fail|p2b: Corviknight\n|move|p1b: Corviknight|Drill Peck|p2b: Corviknight\n|-resisted|p2b: Corviknight|1\n|-damage|p2b: Corviknight|36/100\n|\n|-heal|p2b: Corviknight|42/100|[from] item: Leftovers\n|-sideend|p2: elias06107|move: Tailwind\n|upkeep\n|turn|26\n|\n|t:|1776176789\n|move|p1b: Corviknight|Drill Peck|p2b: Corviknight\n|-resisted|p2b: Corviknight|1\n|-damage|p2b: Corviknight|32/100\n|move|p2b: Corviknight|Body Press|p1b: Corviknight\n|-damage|p1b: Corviknight|75/100\n|\n|-heal|p2b: Corviknight|38/100|[from] item: Leftovers\n|-sideend|p1: SpazzoutJay|move: Light Screen\n|upkeep\n|turn|27\n|\n|t:|1776176800\n|move|p1b: Corviknight|Drill Peck|p2b: Corviknight\n|-resisted|p2b: Corviknight|1\n|-damage|p2b: Corviknight|28/100\n|move|p2b: Corviknight|Tailwind|p2b: Corviknight\n|-sidestart|p2: elias06107|move: Tailwind\n|\n|-heal|p2b: Corviknight|34/100|[from] item: Leftovers\n|upkeep\n|turn|28\n|\n|t:|1776176808\n|move|p2b: Corviknight|Protect|p2b: Corviknight\n|-singleturn|p2b: Corviknight|Protect\n|move|p1b: Corviknight|Drill Peck|p2b: Corviknight\n|-activate|p2b: Corviknight|move: Protect\n|\n|-heal|p2b: Corviknight|40/100|[from] item: Leftovers\n|upkeep\n|turn|29\n|\n|t:|1776176816\n|move|p2b: Corviknight|Tailwind||[still]\n|-fail|p2b: Corviknight\n|move|p1b: Corviknight|Drill Peck|p2b: Corviknight\n|-resisted|p2b: Corviknight|1\n|-damage|p2b: Corviknight|30/100\n|\n|-heal|p2b: Corviknight|36/100|[from] item: Leftovers\n|upkeep\n|turn|30\n|\n|t:|1776176824\n|move|p2b: Corviknight|Protect|p2b: Corviknight\n|-singleturn|p2b: Corviknight|Protect\n|move|p1b: Corviknight|Drill Peck|p2b: Corviknight\n|-activate|p2b: Corviknight|move: Protect\n|\n|-heal|p2b: Corviknight|41/100|[from] item: Leftovers\n|-sideend|p2: elias06107|move: Tailwind\n|upkeep\n|turn|31\n|\n|t:|1776176833\n|move|p2b: Corviknight|Tailwind|p2b: Corviknight\n|-sidestart|p2: elias06107|move: Tailwind\n|move|p1b: Corviknight|Drill Peck|p2b: Corviknight\n|-resisted|p2b: Corviknight|1\n|-damage|p2b: Corviknight|32/100\n|\n|-heal|p2b: Corviknight|38/100|[from] item: Leftovers\n|upkeep\n|turn|32\n|\n|t:|1776176846\n|move|p2b: Corviknight|Brave Bird|p1b: Corviknight\n|-resisted|p1b: Corviknight|1\n|-damage|p1b: Corviknight|64/100\n|-damage|p2b: Corviknight|34/100|[from] Recoil\n|move|p1b: Corviknight|U-turn|p2b: Corviknight\n|-resisted|p2b: Corviknight|2\n|-damage|p2b: Corviknight|32/100\n|\n|-heal|p2b: Corviknight|38/100|[from] item: Leftovers\n|upkeep\n|turn|33\n|\n|t:|1776176857\n|move|p2b: Corviknight|Brave Bird|p1b: Corviknight\n|-resisted|p1b: Corviknight|1\n|-damage|p1b: Corviknight|53/100\n|-damage|p2b: Corviknight|34/100|[from] Recoil\n|move|p1b: Corviknight|U-turn|p2b: Corviknight\n|-resisted|p2b: Corviknight|2\n|-damage|p2b: Corviknight|31/100\n|\n|-heal|p2b: Corviknight|37/100|[from] item: Leftovers\n|upkeep\n|turn|34\n|\n|t:|1776176867\n|move|p2b: Corviknight|Brave Bird|p1b: Corviknight\n|-resisted|p1b: Corviknight|1\n|-damage|p1b: Corviknight|40/100\n|-damage|p2b: Corviknight|33/100|[from] Recoil\n|move|p1b: Corviknight|U-turn|p2b: Corviknight\n|-resisted|p2b: Corviknight|2\n|-damage|p2b: Corviknight|31/100\n|\n|-heal|p2b: Corviknight|37/100|[from] item: Leftovers\n|-sideend|p2: elias06107|move: Tailwind\n|upkeep\n|turn|35\n|\n|t:|1776176878\n|move|p2b: Corviknight|Brave Bird|p1b: Corviknight\n|-resisted|p1b: Corviknight|1\n|-damage|p1b: Corviknight|29/100\n|-damage|p2b: Corviknight|33/100|[from] Recoil\n|move|p1b: Corviknight|Roost|p1b: Corviknight\n|-heal|p1b: Corviknight|79/100\n|-singleturn|p1b: Corviknight|move: Roost\n|\n|-heal|p2b: Corviknight|39/100|[from] item: Leftovers\n|upkeep\n|turn|36\n|\n|t:|1776176889\n|move|p1b: Corviknight|U-turn|p2b: Corviknight\n|-resisted|p2b: Corviknight|2\n|-damage|p2b: Corviknight|36/100\n|move|p2b: Corviknight|Tailwind|p2b: Corviknight\n|-sidestart|p2: elias06107|move: Tailwind\n|\n|-heal|p2b: Corviknight|42/100|[from] item: Leftovers\n|upkeep\n|turn|37\n|\n|t:|1776176902\n|move|p2b: Corviknight|Tailwind||[still]\n|-fail|p2b: Corviknight\n|move|p1b: Corviknight|U-turn|p2b: Corviknight\n|-resisted|p2b: Corviknight|2\n|-damage|p2b: Corviknight|40/100\n|\n|-heal|p2b: Corviknight|46/100|[from] item: Leftovers\n|upkeep\n|turn|38\n|\n|t:|1776176910\n|move|p2b: Corviknight|Brave Bird|p1b: Corviknight\n|-resisted|p1b: Corviknight|1\n|-damage|p1b: Corviknight|68/100\n|-damage|p2b: Corviknight|42/100|[from] Recoil\n|move|p1b: Corviknight|U-turn|p2b: Corviknight\n|-resisted|p2b: Corviknight|2\n|-damage|p2b: Corviknight|40/100\n|\n|-heal|p2b: Corviknight|46/100|[from] item: Leftovers\n|upkeep\n|turn|39\n|\n|t:|1776176921\n|move|p2b: Corviknight|Tailwind||[still]\n|-fail|p2b: Corviknight\n|move|p1b: Corviknight|U-turn|p2b: Corviknight\n|-resisted|p2b: Corviknight|2\n|-damage|p2b: Corviknight|43/100\n|\n|-heal|p2b: Corviknight|49/100|[from] item: Leftovers\n|-sideend|p2: elias06107|move: Tailwind\n|upkeep\n|turn|40\n|\n|t:|1776176930\n|move|p2b: Corviknight|Tailwind|p2b: Corviknight\n|-sidestart|p2: elias06107|move: Tailwind\n|move|p1b: Corviknight|U-turn|p2b: Corviknight\n|-resisted|p2b: Corviknight|2\n|-damage|p2b: Corviknight|47/100\n|\n|-heal|p2b: Corviknight|53/100|[from] item: Leftovers\n|upkeep\n|turn|41\n|\n|t:|1776176937\n|move|p2b: Corviknight|Tailwind||[still]\n|-fail|p2b: Corviknight\n|move|p1b: Corviknight|U-turn|p2b: Corviknight\n|-resisted|p2b: Corviknight|2\n|-damage|p2b: Corviknight|50/100\n|\n|-heal|p2b: Corviknight|56/100|[from] item: Leftovers\n|upkeep\n|turn|42\n|\n|t:|1776176946\n|move|p2b: Corviknight|Tailwind||[still]\n|-fail|p2b: Corviknight\n|move|p1b: Corviknight|Light Screen|p1b: Corviknight\n|-sidestart|p1: SpazzoutJay|move: Light Screen\n|\n|-heal|p2b: Corviknight|62/100|[from] item: Leftovers\n|upkeep\n|turn|43\n|\n|t:|1776176955\n|move|p2b: Corviknight|Tailwind||[still]\n|-fail|p2b: Corviknight\n|move|p1b: Corviknight|Light Screen||[still]\n|-fail|p1b: Corviknight\n|\n|-heal|p2b: Corviknight|68/100|[from] item: Leftovers\n|-sideend|p2: elias06107|move: Tailwind\n|upkeep\n|turn|44\n|\n|t:|1776176968\n|move|p2b: Corviknight|Tailwind|p2b: Corviknight\n|-sidestart|p2: elias06107|move: Tailwind\n|move|p1b: Corviknight|Light Screen||[still]\n|-fail|p1b: Corviknight\n|\n|-heal|p2b: Corviknight|74/100|[from] item: Leftovers\n|upkeep\n|turn|45\n|\n|t:|1776176979\n|move|p2b: Corviknight|Brave Bird|p1b: Corviknight\n|-resisted|p1b: Corviknight|1\n|-damage|p1b: Corviknight|56/100\n|-damage|p2b: Corviknight|70/100|[from] Recoil\n|move|p1b: Corviknight|U-turn|p2b: Corviknight\n|-resisted|p2b: Corviknight|2\n|-damage|p2b: Corviknight|67/100\n|\n|-heal|p2b: Corviknight|73/100|[from] item: Leftovers\n|upkeep\n|turn|46\n|\n|t:|1776176989\n|move|p2b: Corviknight|Brave Bird|p1b: Corviknight\n|-resisted|p1b: Corviknight|1\n|-damage|p1b: Corviknight|46/100\n|-damage|p2b: Corviknight|70/100|[from] Recoil\n|move|p1b: Corviknight|Roost|p1b: Corviknight\n|-heal|p1b: Corviknight|96/100\n|-singleturn|p1b: Corviknight|move: Roost\n|\n|-heal|p2b: Corviknight|76/100|[from] item: Leftovers\n|-sideend|p1: SpazzoutJay|move: Light Screen\n|upkeep\n|turn|47\n|inactive|SpazzoutJay has 30 seconds left.\n|\n|t:|1776177004\n|move|p2b: Corviknight|Brave Bird|p1b: Corviknight\n|-resisted|p1b: Corviknight|1\n|-crit|p1b: Corviknight\n|-damage|p1b: Corviknight|79/100\n|-damage|p2b: Corviknight|70/100|[from] Recoil\n|move|p1b: Corviknight|U-turn|p2b: Corviknight\n|-resisted|p2b: Corviknight|2\n|-damage|p2b: Corviknight|67/100\n|\n|-heal|p2b: Corviknight|73/100|[from] item: Leftovers\n|-sideend|p2: elias06107|move: Tailwind\n|upkeep\n|turn|48\n|inactive|SpazzoutJay has 25 seconds left this turn.\n|inactive|SpazzoutJay has 20 seconds left.\n|inactive|SpazzoutJay has 15 seconds left.\n|\n|t:|1776177015\n|move|p1b: Corviknight|Roost|p1b: Corviknight\n|-heal|p1b: Corviknight|100/100\n|-singleturn|p1b: Corviknight|move: Roost\n|move|p2b: Corviknight|Brave Bird|p1b: Corviknight\n|-resisted|p1b: Corviknight|1\n|-damage|p1b: Corviknight|89/100\n|-damage|p2b: Corviknight|69/100|[from] Recoil\n|\n|-heal|p2b: Corviknight|75/100|[from] item: Leftovers\n|upkeep\n|turn|49\n|inactive|SpazzoutJay has 15 seconds left this turn.\n|inactive|SpazzoutJay has 10 seconds left.\n|inactive|SpazzoutJay has 5 seconds left.\n|\n|t:|1776177027\n|move|p2b: Corviknight|Brave Bird|p1b: Corviknight\n|-resisted|p1b: Corviknight|1\n|-damage|p1b: Corviknight|78/100\n|-damage|p2b: Corviknight|71/100|[from] Recoil\n|move|p1b: Corviknight|U-turn|p2b: Corviknight\n|-resisted|p2b: Corviknight|2\n|-damage|p2b: Corviknight|69/100\n|\n|-heal|p2b: Corviknight|75/100|[from] item: Leftovers\n|upkeep\n|turn|50\n|inactive|SpazzoutJay has 5 seconds left this turn.\n|-message|SpazzoutJay lost due to inactivity.\n|\n|win|elias06107\n|raw|SpazzoutJay's rating: 1000 &rarr; <strong>1000</strong><br />(+0 for losing)\n|raw|elias06107's rating: 1083 &rarr; <strong>1104</strong><br />(+21 for winning)\n",
  "uploadtime": 1776177046,
  "views": 19,
  "formatid": "gen9championsvgc2026regma",
  "rating": 1000,
  "private": 0,
  "password": null
}