{
  "id": "gen9championsvgc2026regma-2585416653",
  "format": "[Gen 9 Champions] VGC 2026 Reg M-A",
  "players": [
    "D0kkaebi",
    "ClutchTecco"
  ],
  "log": "|j|\u2606D0kkaebi\n|j|\u2606ClutchTecco\n|t:|1776345784\n|gametype|doubles\n|player|p1|D0kkaebi|winona|1040\n|player|p2|ClutchTecco|gentleman-gen4|1053\n|gen|9\n|tier|[Gen 9 Champions] VGC 2026 Reg M-A\n|rated|\n|rule|Species Clause: Limit one of each Pok\u00e9mon\n|rule|Item Clause: Limit 1 of each item\n|clearpoke\n|poke|p1|Farigiraf, L50, M|\n|poke|p1|Golurk, L50|\n|poke|p1|Drampa, L50, M|\n|poke|p1|Sinistcha, L50|\n|poke|p1|Kingambit, L50, M|\n|poke|p1|Torkoal, L50, M|\n|poke|p2|Delphox, L50, F|\n|poke|p2|Garchomp, L50, M|\n|poke|p2|Incineroar, L50, M|\n|poke|p2|Sneasler, L50, M|\n|poke|p2|Floette-Eternal, L50, F|\n|poke|p2|Kingambit, L50, M|\n|teampreview|4\n|inactive|Battle timer is ON: inactive players will automatically lose when time's up. (requested by ClutchTecco)\n|\n|t:|1776345812\n|teamsize|p1|4\n|teamsize|p2|4\n|start\n|switch|p1a: Farigiraf|Farigiraf, L50, M|100/100\n|switch|p1b: Golurk|Golurk, L50|100/100\n|switch|p2a: Floette|Floette-Eternal, L50, F, shiny|100/100\n|switch|p2b: Incineroar|Incineroar, L50, M|100/100\n|turn|1\n|inactive|ClutchTecco has 30 seconds left.\n|\n|t:|1776345838\n|detailschange|p2a: Floette|Floette-Mega, L50, F, shiny\n|-mega|p2a: Floette|Floette|Floettite\n|-ability|p2a: Floette|Fairy Aura\n|detailschange|p1b: Golurk|Golurk-Mega, L50\n|-mega|p1b: Golurk|Golurk|Golurkite\n|move|p1b: Golurk|Protect|p1b: Golurk\n|-singleturn|p1b: Golurk|Protect\n|move|p2b: Incineroar|Fake Out||[still]\n|cant|p1a: Farigiraf|ability: Armor Tail|Fake Out|[of] p2b: Incineroar\n|move|p2a: Floette|Calm Mind|p2a: Floette\n|-boost|p2a: Floette|spa|1\n|-boost|p2a: Floette|spd|1\n|move|p1a: Farigiraf|Trick Room|p1a: Farigiraf\n|-fieldstart|move: Trick Room|[of] p1a: Farigiraf\n|\n|upkeep\n|turn|2\n|inactive|D0kkaebi has 30 seconds left.\n|\n|t:|1776345869\n|move|p1a: Farigiraf|Helping Hand|p1b: Golurk\n|-singleturn|p1b: Golurk|Helping Hand|[of] p1a: Farigiraf\n|move|p1b: Golurk|Headlong Rush|p2b: Incineroar\n|-supereffective|p2b: Incineroar|1\n|-damage|p2b: Incineroar|0 fnt\n|-unboost|p1b: Golurk|def|1\n|-unboost|p1b: Golurk|spd|1\n|faint|p2b: Incineroar\n|move|p2a: Floette|Dazzling Gleam|p1b: Golurk|[spread] p1a,p1b\n|-damage|p1a: Farigiraf|32/100\n|-damage|p1b: Golurk|18/100\n|\n|upkeep\n|\n|t:|1776345882\n|switch|p2b: Kingambit|Kingambit, L50, M, shiny|100/100\n|turn|3\n|\n|t:|1776345892\n|move|p1a: Farigiraf|Helping Hand|p1b: Golurk\n|-singleturn|p1b: Golurk|Helping Hand|[of] p1a: Farigiraf\n|move|p2b: Kingambit|Sucker Punch||[still]\n|cant|p1a: Farigiraf|ability: Armor Tail|Sucker Punch|[of] p2b: Kingambit\n|move|p1b: Golurk|Close Combat|p2b: Kingambit\n|-supereffective|p2b: Kingambit|2\n|-enditem|p2b: Kingambit|Chople Berry|[eat]\n|-enditem|p2b: Kingambit|Chople Berry|[weaken]\n|-damage|p2b: Kingambit|8/100\n|-unboost|p1b: Golurk|def|1\n|-unboost|p1b: Golurk|spd|1\n|move|p2a: Floette|Draining Kiss|p1a: Farigiraf\n|-damage|p1a: Farigiraf|0 fnt\n|faint|p1a: Farigiraf\n|\n|upkeep\n|\n|t:|1776345906\n|switch|p1a: Sinistcha|Sinistcha, L50|100/100\n|-heal|p1b: Golurk|42/100|[from] ability: Hospitality|[of] p1a: Sinistcha\n|turn|4\n|\n|t:|1776345920\n|move|p1a: Sinistcha|Rage Powder|p1a: Sinistcha\n|-singleturn|p1a: Sinistcha|move: Rage Powder\n|move|p2b: Kingambit|Sucker Punch||[still]\n|-fail|p2b: Kingambit\n|move|p1b: Golurk|Headlong Rush|p2b: Kingambit\n|-supereffective|p2b: Kingambit|1\n|-damage|p2b: Kingambit|0 fnt\n|-unboost|p1b: Golurk|def|1\n|-unboost|p1b: Golurk|spd|1\n|faint|p2b: Kingambit\n|move|p2a: Floette|Dazzling Gleam|p1a: Sinistcha|[spread] p1a,p1b\n|-damage|p1a: Sinistcha|48/100\n|-damage|p1b: Golurk|0 fnt\n|-enditem|p1a: Sinistcha|Sitrus Berry|[eat]\n|-heal|p1a: Sinistcha|72/100|[from] item: Sitrus Berry\n|faint|p1b: Golurk\n|\n|upkeep\n|\n|t:|1776345936\n|switch|p1b: Torkoal|Torkoal, L50, M|100/100\n|switch|p2b: Sneasler|Sneasler, L50, M|100/100\n|-weather|SunnyDay|[from] ability: Drought|[of] p1b: Torkoal\n|-ability|p2b: Sneasler|Pressure\n|turn|5\n|\n|t:|1776345958\n|move|p2b: Sneasler|Fake Out|p1b: Torkoal\n|-damage|p1b: Torkoal|90/100\n|cant|p1b: Torkoal|flinch\n|move|p1a: Sinistcha|Matcha Gotcha|p2b: Sneasler|[spread] p2a,p2b\n|-resisted|p2b: Sneasler|1\n|-damage|p2a: Floette|89/100\n|-heal|p1a: Sinistcha|79/100|[from] drain|[of] p2a: Floette\n|-damage|p2b: Sneasler|83/100\n|-heal|p1a: Sinistcha|86/100|[from] drain|[of] p2b: Sneasler\n|move|p2a: Floette|Draining Kiss|p1a: Sinistcha\n|-damage|p1a: Sinistcha|44/100\n|-heal|p2a: Floette|100/100|[from] drain|[of] p1a: Sinistcha\n|\n|-weather|SunnyDay|[upkeep]\n|-fieldend|move: Trick Room\n|upkeep\n|turn|6\n|inactive|ClutchTecco has 30 seconds left.\n|\n|t:|1776345985\n|move|p2b: Sneasler|Dire Claw|p1a: Sinistcha\n|-damage|p1a: Sinistcha|4/100\n|move|p2a: Floette|Dazzling Gleam|p1a: Sinistcha|[spread] p1a,p1b\n|-resisted|p1b: Torkoal|1\n|-damage|p1a: Sinistcha|0 fnt\n|-damage|p1b: Torkoal|48/100\n|faint|p1a: Sinistcha\n|move|p1b: Torkoal|Eruption|p2a: Floette|[spread] p2a,p2b\n|-damage|p2a: Floette|78/100\n|-damage|p2b: Sneasler|25/100\n|\n|-weather|SunnyDay|[upkeep]\n|upkeep\n|turn|7\n|\n|t:|1776346001\n|move|p2b: Sneasler|Close Combat|p1b: Torkoal\n|-damage|p1b: Torkoal|0 fnt\n|-unboost|p2b: Sneasler|def|1\n|-unboost|p2b: Sneasler|spd|1\n|faint|p1b: Torkoal\n|\n|win|ClutchTecco\n|raw|D0kkaebi's rating: 1040 &rarr; <strong>1025</strong><br />(-15 for losing)\n|raw|ClutchTecco's rating: 1053 &rarr; <strong>1084</strong><br />(+31 for winning)\n|c|\u2606ClutchTecco|GG\n|l|\u2606D0kkaebi\n|player|p1|\n",
  "uploadtime": 1776346012,
  "views": 21,
  "formatid": "gen9championsvgc2026regma",
  "rating": 1025,
  "private": 0,
  "password": null
}