{
  "id": "gen9championsvgc2026regma-2581405402",
  "format": "[Gen 9 Champions] VGC 2026 Reg M-A",
  "players": [
    "iceman5687",
    "Vompo"
  ],
  "log": "|j|\u2606iceman5687\n|j|\u2606Vompo\n|t:|1775997024\n|gametype|doubles\n|player|p1|iceman5687|266|1040\n|player|p2|Vompo|101|1003\n|gen|9\n|tier|[Gen 9 Champions] VGC 2026 Reg M-A\n|rated|\n|rule|Species Clause: Limit one of each Pok\u00e9mon\n|rule|Item Clause: Limit 1 of each item\n|clearpoke\n|poke|p1|Feraligatr, L50, F|\n|poke|p1|Whimsicott, L50, F|\n|poke|p1|Aegislash, L50, M|\n|poke|p1|Incineroar, L50, F|\n|poke|p1|Basculegion, L50, M|\n|poke|p1|Sinistcha, L50|\n|poke|p2|Dragapult, L50, M|\n|poke|p2|Incineroar, L50, F|\n|poke|p2|Gengar, L50, F|\n|poke|p2|Blastoise, L50, F|\n|poke|p2|Sinistcha, L50|\n|poke|p2|Gardevoir, L50, F|\n|teampreview|4\n|inactive|Battle timer is ON: inactive players will automatically lose when time's up. (requested by Vompo)\n|inactive|Vompo has 60 seconds left.\n|inactive|Vompo has 30 seconds left.\n|\n|t:|1775997095\n|teamsize|p1|4\n|teamsize|p2|4\n|start\n|switch|p1a: Feraligatr|Feraligatr, L50, F|100/100\n|switch|p1b: Whimsicott|Whimsicott, L50, F|100/100\n|switch|p2a: Blastoise|Blastoise, L50, F|100/100\n|switch|p2b: Gardevoir|Gardevoir, L50, F|100/100\n|-ability|p2b: Gardevoir|Torrent|Trace|[from] ability: Trace|[of] p1a: Feraligatr\n|turn|1\n|\n|t:|1775997117\n|detailschange|p2b: Gardevoir|Gardevoir-Mega, L50, F\n|-mega|p2b: Gardevoir|Gardevoir|Gardevoirite\n|move|p2a: Blastoise|Fake Out|p1b: Whimsicott\n|-damage|p1b: Whimsicott|92/100\n|cant|p1b: Whimsicott|flinch\n|move|p2b: Gardevoir|Dazzling Gleam|p1a: Feraligatr|[spread] p1a,p1b\n|-crit|p1b: Whimsicott\n|-damage|p1a: Feraligatr|58/100\n|-damage|p1b: Whimsicott|34/100\n|move|p1a: Feraligatr|Dragon Dance|p1a: Feraligatr\n|-boost|p1a: Feraligatr|atk|1\n|-boost|p1a: Feraligatr|spe|1\n|\n|upkeep\n|turn|2\n|inactive|iceman5687 has 30 seconds left.\n|inactive|Vompo has 30 seconds left.\n|\n|t:|1775997142\n|switch|p2a: Incineroar|Incineroar, L50, F|100/100\n|-ability|p2a: Incineroar|Intimidate|boost\n|-unboost|p1a: Feraligatr|atk|1\n|-unboost|p1b: Whimsicott|atk|1\n|move|p2b: Gardevoir|Protect|p2b: Gardevoir\n|-singleturn|p2b: Gardevoir|Protect\n|move|p1a: Feraligatr|Liquidation|p2b: Gardevoir\n|-activate|p2b: Gardevoir|move: Protect\n|move|p1b: Whimsicott|Endeavor|p2b: Gardevoir\n|-activate|p2b: Gardevoir|move: Protect\n|\n|upkeep\n|turn|3\n|\n|t:|1775997166\n|move|p1b: Whimsicott|Protect|p1b: Whimsicott\n|-singleturn|p1b: Whimsicott|Protect\n|move|p1a: Feraligatr|Protect|p1a: Feraligatr\n|-singleturn|p1a: Feraligatr|Protect\n|move|p2a: Incineroar|Fake Out|p1a: Feraligatr\n|-activate|p1a: Feraligatr|move: Protect\n|move|p2b: Gardevoir|Dazzling Gleam|p1b: Whimsicott|[spread] \n|-activate|p1a: Feraligatr|move: Protect\n|-activate|p1b: Whimsicott|move: Protect\n|\n|upkeep\n|turn|4\n|\n|t:|1775997186\n|detailschange|p1a: Feraligatr|Feraligatr-Mega, L50, F\n|-mega|p1a: Feraligatr|Feraligatr|Feraligite\n|move|p2b: Gardevoir|Protect|p2b: Gardevoir\n|-singleturn|p2b: Gardevoir|Protect\n|move|p1a: Feraligatr|Liquidation|p2b: Gardevoir\n|-activate|p2b: Gardevoir|move: Protect\n|move|p1b: Whimsicott|Endeavor|p2b: Gardevoir\n|-activate|p2b: Gardevoir|move: Protect\n|move|p2a: Incineroar|Parting Shot|p1a: Feraligatr\n|-unboost|p1a: Feraligatr|atk|1\n|-unboost|p1a: Feraligatr|spa|1\n|\n|t:|1775997199\n|switch|p2a: Blastoise|Blastoise, L50, F|100/100|[from] Parting Shot\n|\n|upkeep\n|turn|5\n|\n|t:|1775997218\n|switch|p1a: Aegislash|Aegislash, L50, M|100/100\n|move|p1b: Whimsicott|Protect|p1b: Whimsicott\n|-singleturn|p1b: Whimsicott|Protect\n|move|p2a: Blastoise|Fake Out|p1a: Aegislash\n|-immune|p1a: Aegislash\n|move|p2b: Gardevoir|Dazzling Gleam|p1a: Aegislash|[spread] p1a\n|-activate|p1b: Whimsicott|move: Protect\n|-resisted|p1a: Aegislash|1\n|-damage|p1a: Aegislash|83/100\n|\n|-heal|p1a: Aegislash|89/100|[from] item: Leftovers\n|upkeep\n|turn|6\n|\n|t:|1775997237\n|switch|p2a: Incineroar|Incineroar, L50, F|100/100\n|-ability|p2a: Incineroar|Intimidate|boost\n|-unboost|p1a: Aegislash|atk|1\n|-unboost|p1b: Whimsicott|atk|1\n|move|p2b: Gardevoir|Protect|p2b: Gardevoir\n|-singleturn|p2b: Gardevoir|Protect\n|move|p1a: Aegislash|Wide Guard|p1a: Aegislash\n|-singleturn|p1a: Aegislash|Wide Guard\n|move|p1b: Whimsicott|Tailwind|p1b: Whimsicott\n|-sidestart|p1: iceman5687|move: Tailwind\n|\n|-heal|p1a: Aegislash|95/100|[from] item: Leftovers\n|upkeep\n|turn|7\n|\n|t:|1775997255\n|switch|p2b: Blastoise|Blastoise, L50, F|100/100\n|move|p1b: Whimsicott|Protect|p1b: Whimsicott\n|-singleturn|p1b: Whimsicott|Protect\n|-formechange|p1a: Aegislash|Aegislash-Blade|\n|move|p1a: Aegislash|Poltergeist|p2b: Blastoise\n|-activate|p2b: Blastoise|move: Poltergeist|Sitrus Berry\n|-damage|p2b: Blastoise|68/100\n|move|p2a: Incineroar|Darkest Lariat|p1a: Aegislash\n|-supereffective|p1a: Aegislash|1\n|-damage|p1a: Aegislash|0 fnt\n|faint|p1a: Aegislash\n|\n|upkeep\n|\n|t:|1775997266\n|switch|p1a: Feraligatr|Feraligatr-Mega, L50, F|58/100\n|turn|8\n|\n|t:|1775997288\n|move|p2b: Blastoise|Fake Out|p1b: Whimsicott\n|-damage|p1b: Whimsicott|25/100\n|cant|p1b: Whimsicott|flinch\n|move|p1a: Feraligatr|Liquidation|p2a: Incineroar\n|-supereffective|p2a: Incineroar|1\n|-damage|p2a: Incineroar|0 fnt\n|faint|p2a: Incineroar\n|\n|upkeep\n|\n|t:|1775997299\n|switch|p2a: Gardevoir|Gardevoir-Mega, L50, F|100/100\n|turn|9\n|\n|t:|1775997313\n|move|p2a: Gardevoir|Protect|p2a: Gardevoir\n|-singleturn|p2a: Gardevoir|Protect\n|move|p2b: Blastoise|Protect|p2b: Blastoise\n|-singleturn|p2b: Blastoise|Protect\n|move|p1b: Whimsicott|Endeavor|p2b: Blastoise\n|-activate|p2b: Blastoise|move: Protect\n|move|p1a: Feraligatr|Double-Edge|p2b: Blastoise\n|-activate|p2b: Blastoise|move: Protect\n|\n|-sideend|p1: iceman5687|move: Tailwind\n|upkeep\n|turn|10\n|\n|t:|1775997333\n|switch|p2b: Dragapult|Dragapult, L50, M|100/100\n|move|p1a: Feraligatr|Protect|p1a: Feraligatr\n|-singleturn|p1a: Feraligatr|Protect\n|move|p1b: Whimsicott|Tailwind|p1b: Whimsicott\n|-sidestart|p1: iceman5687|move: Tailwind\n|move|p2a: Gardevoir|Dazzling Gleam|p1a: Feraligatr|[spread] p1b\n|-activate|p1a: Feraligatr|move: Protect\n|-damage|p1b: Whimsicott|0 fnt\n|faint|p1b: Whimsicott\n|\n|upkeep\n|\n|t:|1775997340\n|switch|p1b: Incineroar|Incineroar, L50, F|100/100\n|-ability|p1b: Incineroar|Intimidate|boost\n|-unboost|p2a: Gardevoir|atk|1\n|-fail|p2b: Dragapult|unboost|[from] ability: Clear Body|[of] p2b: Dragapult\n|turn|11\n|\n|t:|1775997357\n|switch|p2a: Blastoise|Blastoise, L50, F|68/100\n|move|p2b: Dragapult|Protect|p2b: Dragapult\n|-singleturn|p2b: Dragapult|Protect\n|move|p1b: Incineroar|Fake Out|p2a: Blastoise\n|-damage|p2a: Blastoise|59/100\n|move|p1a: Feraligatr|Dragon Dance|p1a: Feraligatr\n|-boost|p1a: Feraligatr|atk|1\n|-boost|p1a: Feraligatr|spe|1\n|\n|upkeep\n|turn|12\n|inactive|Vompo has 30 seconds left.\n|\n|t:|1775997385\n|move|p1a: Feraligatr|Double-Edge|p2b: Dragapult\n|-supereffective|p2b: Dragapult|1\n|-enditem|p2b: Dragapult|Focus Sash\n|-damage|p2b: Dragapult|1/100\n|-damage|p1a: Feraligatr|27/100|[from] Recoil\n|move|p2b: Dragapult|Dragon Darts|p1a: Feraligatr\n|-supereffective|p1a: Feraligatr|1\n|-damage|p1a: Feraligatr|0 fnt\n|-anim|p2b: Dragapult|Dragon Darts|p1b: Incineroar\n|-damage|p1b: Incineroar|78/100\n|faint|p1a: Feraligatr\n|move|p1b: Incineroar|Darkest Lariat|p2b: Dragapult\n|-supereffective|p2b: Dragapult|1\n|-damage|p2b: Dragapult|0 fnt\n|faint|p2b: Dragapult\n|move|p2a: Blastoise|Hydro Pump|p1b: Incineroar\n|-supereffective|p1b: Incineroar|1\n|-damage|p1b: Incineroar|24/100\n|-enditem|p1b: Incineroar|Sitrus Berry|[eat]\n|-heal|p1b: Incineroar|49/100|[from] item: Sitrus Berry\n|\n|upkeep\n|-message|iceman5687 forfeited.\n|\n|win|Vompo\n|raw|iceman5687's rating: 1040 &rarr; <strong>1022</strong><br />(-18 for losing)\n|raw|Vompo's rating: 1003 &rarr; <strong>1047</strong><br />(+44 for winning)\n",
  "uploadtime": 1775997394,
  "views": 20,
  "formatid": "gen9championsvgc2026regma",
  "rating": 1022,
  "private": 0,
  "password": null
}