{
  "id": "gen9championsvgc2026regma-2587987894",
  "format": "[Gen 9 Champions] VGC 2026 Reg M-A",
  "players": [
    "hmmLord",
    "minhsuperfat"
  ],
  "log": "|j|\u2606hmmLord\n|j|\u2606minhsuperfat\n|t:|1776589238\n|gametype|doubles\n|player|p1|hmmLord|170|1045\n|player|p2|minhsuperfat|2|1033\n|gen|9\n|tier|[Gen 9 Champions] VGC 2026 Reg M-A\n|rated|\n|rule|Species Clause: Limit one of each Pok\u00e9mon\n|rule|Item Clause: Limit 1 of each item\n|clearpoke\n|poke|p1|Altaria, L50, M|\n|poke|p1|Sableye, L50, M|\n|poke|p1|Rotom-Heat, L50|\n|poke|p1|Greninja, L50, M|\n|poke|p1|Kingambit, L50, M|\n|poke|p1|Sinistcha, L50|\n|poke|p2|Garchomp, L50, M, shiny|\n|poke|p2|Sneasler, L50, F, shiny|\n|poke|p2|Gardevoir, L50, M, shiny|\n|poke|p2|Talonflame, L50, F, shiny|\n|poke|p2|Aegislash, L50, M, shiny|\n|poke|p2|Snorlax, L50, M, shiny|\n|teampreview|4\n|\n|t:|1776589267\n|teamsize|p1|4\n|teamsize|p2|4\n|start\n|switch|p1a: Sableye|Sableye, L50, M|100/100\n|switch|p1b: Altaria|Altaria, L50, M|100/100\n|switch|p2a: Talonflame|Talonflame, L50, F, shiny|100/100\n|switch|p2b: Snorlax|Snorlax, L50, M, shiny|100/100\n|-ability|p1b: Altaria|Cloud Nine\n|turn|1\n|\n|t:|1776589290\n|move|p1a: Sableye|Fake Out|p2b: Snorlax\n|-damage|p2b: Snorlax|94/100\n|move|p2a: Talonflame|Dual Wingbeat|p1b: Altaria\n|-crit|p1b: Altaria\n|-damage|p1b: Altaria|71/100\n|-damage|p1b: Altaria|51/100\n|-hitcount|p1b: Altaria|2\n|move|p1b: Altaria|Dragon Dance|p1b: Altaria\n|-boost|p1b: Altaria|atk|1\n|-boost|p1b: Altaria|spe|1\n|cant|p2b: Snorlax|flinch\n|\n|upkeep\n|turn|2\n|\n|t:|1776589324\n|detailschange|p1b: Altaria|Altaria-Mega, L50, M\n|-mega|p1b: Altaria|Altaria|Altarianite\n|move|p2a: Talonflame|Tailwind|p2a: Talonflame\n|-sidestart|p2: minhsuperfat|move: Tailwind\n|move|p1a: Sableye|Reflect|p1a: Sableye\n|-sidestart|p1: hmmLord|Reflect\n|move|p1b: Altaria|Double-Edge|p2b: Snorlax\n|-damage|p2b: Snorlax|0 fnt\n|faint|p2b: Snorlax\n|-damage|p1b: Altaria|6/100|[from] Recoil\n|\n|upkeep\n|\n|t:|1776589342\n|switch|p2b: Aegislash|Aegislash, L50, M, shiny|100/100\n|turn|3\n|\n|t:|1776589363\n|switch|p1a: Sinistcha|Sinistcha, L50|100/100\n|-heal|p1b: Altaria|31/100|[from] ability: Hospitality|[of] p1a: Sinistcha\n|move|p1b: Altaria|Protect|p1b: Altaria\n|-singleturn|p1b: Altaria|Protect\n|-formechange|p2b: Aegislash|Aegislash-Blade|\n|move|p2b: Aegislash|Shadow Sneak|p1b: Altaria\n|-activate|p1b: Altaria|move: Protect\n|move|p2a: Talonflame|Will-O-Wisp|p1a: Sinistcha\n|-status|p1a: Sinistcha|brn\n|\n|-damage|p1a: Sinistcha|94/100 brn|[from] brn\n|upkeep\n|turn|4\n|\n|t:|1776589387\n|move|p1a: Sinistcha|Rage Powder|p1a: Sinistcha\n|-singleturn|p1a: Sinistcha|move: Rage Powder\n|move|p2a: Talonflame|Dual Wingbeat|p1a: Sinistcha\n|-supereffective|p1a: Sinistcha|1\n|-damage|p1a: Sinistcha|72/100 brn\n|-supereffective|p1a: Sinistcha|1\n|-damage|p1a: Sinistcha|53/100 brn\n|-hitcount|p1a: Sinistcha|2\n|move|p2b: Aegislash|Flash Cannon|p1a: Sinistcha\n|-damage|p1a: Sinistcha|8/100 brn\n|-unboost|p1a: Sinistcha|spd|1\n|move|p1b: Altaria|Dragon Claw|p2a: Talonflame\n|-damage|p2a: Talonflame|4/100\n|\n|-heal|p1a: Sinistcha|14/100 brn|[from] item: Leftovers\n|-damage|p1a: Sinistcha|8/100 brn|[from] brn\n|upkeep\n|turn|5\n|\n|t:|1776589419\n|switch|p1a: Kingambit|Kingambit, L50, M|100/100\n|move|p1b: Altaria|Protect|p1b: Altaria\n|-singleturn|p1b: Altaria|Protect\n|move|p2a: Talonflame|Dual Wingbeat|p1a: Kingambit\n|-resisted|p1a: Kingambit|1\n|-damage|p1a: Kingambit|95/100\n|-resisted|p1a: Kingambit|1\n|-damage|p1a: Kingambit|91/100\n|-hitcount|p1a: Kingambit|2\n|move|p2b: Aegislash|Flash Cannon|p1b: Altaria\n|-activate|p1b: Altaria|move: Protect\n|\n|-sideend|p2: minhsuperfat|move: Tailwind\n|upkeep\n|turn|6\n|\n|t:|1776589441\n|switch|p1b: Sableye|Sableye, L50, M|100/100\n|-formechange|p2b: Aegislash|Aegislash|\n|move|p2b: Aegislash|King's Shield|p2b: Aegislash\n|-singleturn|p2b: Aegislash|Protect\n|move|p1a: Kingambit|Sucker Punch||[still]\n|-fail|p1a: Kingambit\n|move|p2a: Talonflame|Tailwind|p2a: Talonflame\n|-sidestart|p2: minhsuperfat|move: Tailwind\n|\n|-sideend|p1: hmmLord|Reflect\n|upkeep\n|turn|7\n|\n|t:|1776589472\n|move|p1a: Kingambit|Protect|p1a: Kingambit\n|-singleturn|p1a: Kingambit|Protect\n|move|p1b: Sableye|Fake Out|p2a: Talonflame\n|-damage|p2a: Talonflame|0 fnt\n|faint|p2a: Talonflame\n|-formechange|p2b: Aegislash|Aegislash-Blade|\n|move|p2b: Aegislash|Flash Cannon|p1b: Sableye\n|-damage|p1b: Sableye|35/100\n|\n|upkeep\n|\n|t:|1776589485\n|switch|p2a: Gardevoir|Gardevoir, L50, M, shiny|100/100\n|turn|8\n|\n|t:|1776589506\n|detailschange|p2a: Gardevoir|Gardevoir-Mega, L50, M, shiny\n|-mega|p2a: Gardevoir|Gardevoir|Gardevoirite\n|move|p2a: Gardevoir|Protect|p2a: Gardevoir\n|-singleturn|p2a: Gardevoir|Protect\n|move|p1b: Sableye|Light Screen|p1b: Sableye\n|-sidestart|p1: hmmLord|move: Light Screen\n|move|p2b: Aegislash|Flash Cannon|p1b: Sableye\n|-damage|p1b: Sableye|0 fnt\n|faint|p1b: Sableye\n|move|p1a: Kingambit|Iron Head|p2a: Gardevoir\n|-activate|p2a: Gardevoir|move: Protect\n|\n|upkeep\n|\n|t:|1776589517\n|switch|p1b: Altaria|Altaria-Mega, L50, M|31/100\n|turn|9\n|\n|t:|1776589534\n|switch|p1a: Sinistcha|Sinistcha, L50|8/100 brn\n|-heal|p1b: Altaria|55/100|[from] ability: Hospitality|[of] p1a: Sinistcha\n|move|p2a: Gardevoir|Protect||[still]\n|-fail|p2a: Gardevoir\n|move|p1b: Altaria|Protect|p1b: Altaria\n|-singleturn|p1b: Altaria|Protect\n|move|p2b: Aegislash|Flash Cannon|p1b: Altaria\n|-activate|p1b: Altaria|move: Protect\n|\n|-heal|p1a: Sinistcha|14/100 brn|[from] item: Leftovers\n|-damage|p1a: Sinistcha|8/100 brn|[from] brn\n|-sideend|p2: minhsuperfat|move: Tailwind\n|upkeep\n|turn|10\n|\n|t:|1776589593\n|move|p1a: Sinistcha|Rage Powder|p1a: Sinistcha\n|-singleturn|p1a: Sinistcha|move: Rage Powder\n|move|p2b: Aegislash|Shadow Sneak|p1a: Sinistcha\n|-supereffective|p1a: Sinistcha|1\n|-damage|p1a: Sinistcha|0 fnt\n|faint|p1a: Sinistcha\n|move|p2a: Gardevoir|Hyper Voice|p1b: Altaria\n|-supereffective|p1b: Altaria|1\n|-damage|p1b: Altaria|0 fnt\n|faint|p1b: Altaria\n|\n|upkeep\n|\n|t:|1776589603\n|switch|p1b: Kingambit|Kingambit, L50, M|91/100\n|turn|11\n|\n|t:|1776589625\n|move|p2a: Gardevoir|Protect|p2a: Gardevoir\n|-singleturn|p2a: Gardevoir|Protect\n|move|p2b: Aegislash|Flash Cannon|p1b: Kingambit\n|-resisted|p1b: Kingambit|1\n|-damage|p1b: Kingambit|74/100\n|move|p1b: Kingambit|Kowtow Cleave|p2a: Gardevoir\n|-activate|p2a: Gardevoir|move: Protect\n|\n|upkeep\n|turn|12\n|\n|t:|1776589642\n|move|p2a: Gardevoir|Hyper Voice|p1b: Kingambit\n|-damage|p1b: Kingambit|24/100\n|move|p2b: Aegislash|Shadow Ball|p1b: Kingambit\n|-resisted|p1b: Kingambit|1\n|-damage|p1b: Kingambit|9/100\n|move|p1b: Kingambit|Kowtow Cleave|p2a: Gardevoir\n|-damage|p2a: Gardevoir|10/100\n|\n|-sideend|p1: hmmLord|move: Light Screen\n|upkeep\n|turn|13\n|-message|hmmLord forfeited.\n|\n|win|minhsuperfat\n|raw|hmmLord's rating: 1045 &rarr; <strong>1028</strong><br />(-17 for losing)\n|raw|minhsuperfat's rating: 1033 &rarr; <strong>1069</strong><br />(+36 for winning)\n|l|\u2606hmmLord\n|player|p1|\n",
  "uploadtime": 1776589682,
  "views": 10,
  "formatid": "gen9championsvgc2026regma",
  "rating": 1028,
  "private": 0,
  "password": null
}