{
  "id": "gen9championsvgc2026regma-2589488909",
  "format": "[Gen 9 Champions] VGC 2026 Reg M-A",
  "players": [
    "Enbot",
    "duvay"
  ],
  "log": "|j|\u2606Enbot\n|j|\u2606duvay\n|t:|1776727561\n|gametype|doubles\n|player|p1|Enbot|steven|1110\n|player|p2|duvay|102|1153\n|gen|9\n|tier|[Gen 9 Champions] VGC 2026 Reg M-A\n|rated|\n|rule|Species Clause: Limit one of each Pok\u00e9mon\n|rule|Item Clause: Limit 1 of each item\n|clearpoke\n|poke|p1|Gengar, L50, M, shiny|\n|poke|p1|Palafin, L50, M|\n|poke|p1|Volcarona, L50, F|\n|poke|p1|Incineroar, L50, F|\n|poke|p1|Meganium, L50, F|\n|poke|p1|Krookodile, L50, F|\n|poke|p2|Tyrantrum, L50, M|\n|poke|p2|Talonflame, L50, M|\n|poke|p2|Sinistcha, L50|\n|poke|p2|Gyarados, L50, F|\n|poke|p2|Gardevoir, L50, M|\n|poke|p2|Sneasler, L50, M|\n|teampreview|4\n|inactive|Battle timer is ON: inactive players will automatically lose when time's up. (requested by duvay)\nduvay rejected open team sheets.\n|inactive|duvay has 60 seconds left.\n|\n|t:|1776727614\n|teamsize|p1|4\n|teamsize|p2|4\n|start\n|switch|p1a: Palafin|Palafin, L50, M|100/100\n|switch|p1b: Krookodile|Krookodile, L50, F|100/100\n|switch|p2a: Tyrantrum|Tyrantrum, L50, M|100/100\n|switch|p2b: Sneasler|Sneasler, L50, M|100/100\n|-ability|p1b: Krookodile|Intimidate|boost\n|-unboost|p2a: Tyrantrum|atk|1\n|-unboost|p2b: Sneasler|atk|1\n|turn|1\n|inactive|duvay has 30 seconds left.\n|\n|t:|1776727642\n|switch|p1b: Incineroar|Incineroar, L50, F|100/100\n|-ability|p1b: Incineroar|Intimidate|boost\n|-unboost|p2a: Tyrantrum|atk|1\n|-unboost|p2b: Sneasler|atk|1\n|move|p2b: Sneasler|Coaching|p2a: Tyrantrum\n|-boost|p2a: Tyrantrum|atk|1\n|-boost|p2a: Tyrantrum|def|1\n|move|p1a: Palafin|Flip Turn|p2a: Tyrantrum\n|-damage|p2a: Tyrantrum|86/100\n|\n|t:|1776727651\n|detailschange|p1a: Palafin|Palafin-Hero, L50, M\n|switch|p1a: Krookodile|Krookodile, L50, F|100/100|[from] Flip Turn\n|-ability|p1a: Krookodile|Intimidate|boost\n|-unboost|p2a: Tyrantrum|atk|1\n|-unboost|p2b: Sneasler|atk|1\n|move|p2a: Tyrantrum|Close Combat|p1b: Incineroar\n|-supereffective|p1b: Incineroar|1\n|-damage|p1b: Incineroar|62/100\n|-unboost|p2a: Tyrantrum|def|1\n|-unboost|p2a: Tyrantrum|spd|1\n|\n|upkeep\n|turn|2\n|inactive|Enbot has 30 seconds left.\n|\n|t:|1776727679\n|switch|p2b: Gyarados|Gyarados, L50, F|100/100\n|-ability|p2b: Gyarados|Intimidate|boost\n|-unboost|p1a: Krookodile|atk|1\n|-unboost|p1b: Incineroar|atk|1\n|move|p2a: Tyrantrum|Protect|p2a: Tyrantrum\n|-singleturn|p2a: Tyrantrum|Protect\n|move|p1b: Incineroar|Fake Out|p2b: Gyarados\n|-damage|p2b: Gyarados|92/100\n|move|p1a: Krookodile|Knock Off|p2a: Tyrantrum\n|-activate|p2a: Tyrantrum|move: Protect\n|\n|upkeep\n|turn|3\n|inactive|duvay has 30 seconds left.\n|inactive|duvay has 20 seconds left.\n|\n|t:|1776727715\n|switch|p1b: Gengar|Gengar, L50, M, shiny|100/100\n|move|p1a: Krookodile|Rock Slide|p2a: Tyrantrum|[spread] p2a,p2b\n|-supereffective|p2b: Gyarados|1\n|-damage|p2a: Tyrantrum|78/100\n|-damage|p2b: Gyarados|69/100\n|cant|p2b: Gyarados|flinch\n|move|p2a: Tyrantrum|Head Smash|p1b: Gengar\n|-damage|p1b: Gengar|12/100\n|\n|upkeep\n|turn|4\n|inactive|Enbot has 30 seconds left.\n|inactive|duvay has 30 seconds left.\n|\n|t:|1776727743\n|detailschange|p1b: Gengar|Gengar-Mega, L50, M, shiny\n|-mega|p1b: Gengar|Gengar|Gengarite\n|move|p2a: Tyrantrum|Protect|p2a: Tyrantrum\n|-singleturn|p2a: Tyrantrum|Protect\n|move|p1b: Gengar|Shadow Ball|p2b: Gyarados\n|-damage|p2b: Gyarados|24/100\n|move|p1a: Krookodile|Rock Slide|p2a: Tyrantrum|[spread] p2b\n|-activate|p2a: Tyrantrum|move: Protect\n|-supereffective|p2b: Gyarados|1\n|-damage|p2b: Gyarados|0 fnt\n|faint|p2b: Gyarados\n|\n|upkeep\n|\n|t:|1776727758\n|switch|p2b: Gardevoir|Gardevoir, L50, M|100/100\n|-ability|p2b: Gardevoir|Shadow Tag|Trace|[from] ability: Trace|[of] p1b: Gengar\n|turn|5\n|\n|t:|1776727769\n|detailschange|p2b: Gardevoir|Gardevoir-Mega, L50, M\n|-mega|p2b: Gardevoir|Gardevoir|Gardevoirite\n|move|p1b: Gengar|Shadow Ball|p2a: Tyrantrum\n|-damage|p2a: Tyrantrum|0 fnt\n|faint|p2a: Tyrantrum\n|move|p1a: Krookodile|Gunk Shot|p2b: Gardevoir|[miss]\n|-miss|p1a: Krookodile|p2b: Gardevoir\n|move|p2b: Gardevoir|Hyper Voice|p1b: Gengar|[spread] p1a,p1b\n|-supereffective|p1a: Krookodile|1\n|-resisted|p1b: Gengar|1\n|-damage|p1a: Krookodile|0 fnt\n|-damage|p1b: Gengar|0 fnt\n|faint|p1a: Krookodile\n|faint|p1b: Gengar\n|\n|upkeep\n|\n|t:|1776727782\n|switch|p1b: Palafin|Palafin-Hero, L50, M|100/100\n|switch|p1a: Incineroar|Incineroar, L50, F|62/100\n|switch|p2a: Sneasler|Sneasler, L50, M|100/100\n|-activate|p1b: Palafin|ability: Zero to Hero\n|-ability|p1a: Incineroar|Intimidate|boost\n|-unboost|p2a: Sneasler|atk|1\n|-unboost|p2b: Gardevoir|atk|1\n|turn|6\n|\n|t:|1776727800\n|move|p2a: Sneasler|Fake Out|p1a: Incineroar\n|-damage|p1a: Incineroar|54/100\n|cant|p1a: Incineroar|flinch\n|move|p1b: Palafin|Encore|p2a: Sneasler\n|-start|p2a: Sneasler|Encore\n|move|p2b: Gardevoir|Hyper Voice|p1a: Incineroar|[spread] p1a,p1b\n|-crit|p1a: Incineroar\n|-damage|p1a: Incineroar|0 fnt\n|-damage|p1b: Palafin|36/100\n|faint|p1a: Incineroar\n|\n|upkeep\n|turn|7\n|\n|t:|1776727812\n|move|p2a: Sneasler|Fake Out||[still]\n|-hint|Fake Out only works on your first turn out.\n|-fail|p2a: Sneasler\n|move|p1b: Palafin|Wave Crash|p2b: Gardevoir\n|-damage|p2b: Gardevoir|0 fnt\n|faint|p2b: Gardevoir\n|-damage|p1b: Palafin|9/100|[from] Recoil\n|\n|upkeep\n|turn|8\n|\n|t:|1776727821\n|-activate|p2a: Sneasler|move: Struggle\n|move|p2a: Sneasler|Struggle|p1b: Palafin\n|-damage|p1b: Palafin|0 fnt\n|faint|p1b: Palafin\n|-damage|p2a: Sneasler|76/100|[from] recoil\n|\n|win|duvay\n|raw|Enbot's rating: 1110 &rarr; <strong>1088</strong><br />(-22 for losing)\n|raw|duvay's rating: 1153 &rarr; <strong>1175</strong><br />(+22 for winning)\n|c|\u2606Enbot|huh\n|c|\u2606duvay|why didnt i struggle before?\n|c|\u2606Enbot|honestly idk\n|c|\u2606duvay|weird ahh champions changes\n|c|\u2606duvay|ggs\n|c|\u2606Enbot|gg\n|l|\u2606Enbot\n|player|p1|\n",
  "uploadtime": 1776727875,
  "views": 8,
  "formatid": "gen9championsvgc2026regma",
  "rating": 1088,
  "private": 0,
  "password": null
}