{
  "id": "gen9championsvgc2026regma-2584894559",
  "format": "[Gen 9 Champions] VGC 2026 Reg M-A",
  "players": [
    "SunTufo",
    "Redwandererr"
  ],
  "log": "|j|\u2606SunTufo\n|j|\u2606Redwandererr\n|t:|1776292292\n|gametype|doubles\n|player|p1|SunTufo|li|1203\n|player|p2|Redwandererr|ariana|1221\n|gen|9\n|tier|[Gen 9 Champions] VGC 2026 Reg M-A\n|rated|\n|rule|Species Clause: Limit one of each Pok\u00e9mon\n|rule|Item Clause: Limit 1 of each item\n|clearpoke\n|poke|p1|Aerodactyl, L50, M|\n|poke|p1|Floette-Eternal, L50, F|\n|poke|p1|Incineroar, L50, F|\n|poke|p1|Sinistcha-Masterpiece, L50|\n|poke|p1|Hawlucha, L50, M|\n|poke|p1|Krookodile, L50, M|\n|poke|p2|Greninja-*, L50, F|\n|poke|p2|Scizor, L50, F|\n|poke|p2|Pelipper, L50, M|\n|poke|p2|Rotom-Mow, L50|\n|poke|p2|Archaludon, L50, M|\n|poke|p2|Sneasler, L50, M|\n|teampreview|4\n|inactive|Battle timer is ON: inactive players will automatically lose when time's up. (requested by SunTufo)\n|\n|t:|1776292322\n|teamsize|p1|4\n|teamsize|p2|4\n|start\n|switch|p1a: Floette|Floette-Eternal, L50, F|100/100\n|switch|p1b: Incineroar|Incineroar, L50, F|100/100\n|switch|p2a: Greninja|Greninja, L50, F|100/100\n|switch|p2b: Scizor|Scizor, L50, F|100/100\n|-ability|p1b: Incineroar|Intimidate|boost\n|-unboost|p2a: Greninja|atk|1\n|-unboost|p2b: Scizor|atk|1\n|turn|1\n|inactive|Redwandererr has 30 seconds left.\n|\n|t:|1776292349\n|switch|p2a: Archaludon|Archaludon, L50, M|100/100\n|switch|p2b: Pelipper|Pelipper, L50, M|100/100\n|-weather|RainDance|[from] ability: Drizzle|[of] p2b: Pelipper\n|detailschange|p1a: Floette|Floette-Mega, L50, F\n|-mega|p1a: Floette|Floette|Floettite\n|-ability|p1a: Floette|Fairy Aura\n|move|p1b: Incineroar|Fake Out|p2a: Archaludon\n|-resisted|p2a: Archaludon|1\n|-damage|p2a: Archaludon|97/100\n|-ability|p2a: Archaludon|Stamina|boost\n|-boost|p2a: Archaludon|def|1\n|move|p1a: Floette|Calm Mind|p1a: Floette\n|-boost|p1a: Floette|spa|1\n|-boost|p1a: Floette|spd|1\n|\n|-weather|RainDance|[upkeep]\n|-heal|p2a: Archaludon|100/100|[from] item: Leftovers\n|upkeep\n|turn|2\n|inactive|Redwandererr has 30 seconds left.\n|\n|t:|1776292377\n|switch|p2b: Scizor|Scizor, L50, F|100/100\n|move|p1a: Floette|Moonblast|p2a: Archaludon\n|-damage|p2a: Archaludon|0 fnt\n|faint|p2a: Archaludon\n|move|p1b: Incineroar|Parting Shot|p2b: Scizor\n|-unboost|p2b: Scizor|atk|1\n|-unboost|p2b: Scizor|spa|1\n|\n|t:|1776292385\n|switch|p1b: Aerodactyl|Aerodactyl, L50, M|100/100|[from] Parting Shot\n|-ability|p1b: Aerodactyl|Unnerve\n|\n|-weather|RainDance|[upkeep]\n|upkeep\n|\n|t:|1776292392\n|switch|p2a: Greninja|Greninja, L50, F|100/100\n|turn|3\n|\n|t:|1776292402\n|switch|p1b: Incineroar|Incineroar, L50, F|100/100\n|-ability|p1b: Incineroar|Intimidate|boost\n|-unboost|p2a: Greninja|atk|1\n|-unboost|p2b: Scizor|atk|1\n|detailschange|p2a: Greninja|Greninja-Mega, L50, F\n|-mega|p2a: Greninja|Greninja|Greninjite\n|move|p1a: Floette|Protect|p1a: Floette\n|-singleturn|p1a: Floette|Protect\n|move|p2b: Scizor|Bullet Punch|p1a: Floette\n|-activate|p1a: Floette|move: Protect\n|move|p2a: Greninja|Ice Beam|p1a: Floette\n|-start|p2a: Greninja|typechange|Ice|[from] ability: Protean\n|-activate|p1a: Floette|move: Protect\n|\n|-weather|RainDance|[upkeep]\n|upkeep\n|turn|4\n|inactive|Redwandererr has 30 seconds left.\n|inactive|Redwandererr has 20 seconds left.\n|inactive|Redwandererr has 15 seconds left.\n|\n|t:|1776292443\n|switch|p1b: Sinistcha|Sinistcha-Masterpiece, L50|100/100\n|move|p2a: Greninja|Protect|p2a: Greninja\n|-singleturn|p2a: Greninja|Protect\n|move|p2b: Scizor|Bullet Punch|p1a: Floette\n|-supereffective|p1a: Floette|1\n|-damage|p1a: Floette|62/100\n|move|p1a: Floette|Moonblast|p2b: Scizor\n|-resisted|p2b: Scizor|1\n|-damage|p2b: Scizor|38/100\n|\n|-weather|RainDance|[upkeep]\n|upkeep\n|turn|5\n|\n|t:|1776292462\n|switch|p1b: Incineroar|Incineroar, L50, F|100/100\n|-ability|p1b: Incineroar|Intimidate|boost\n|-unboost|p2a: Greninja|atk|1\n|-unboost|p2b: Scizor|atk|1\n|switch|p2b: Pelipper|Pelipper, L50, M|100/100\n|move|p1a: Floette|Protect|p1a: Floette\n|-singleturn|p1a: Floette|Protect\n|move|p2a: Greninja|Ice Beam|p1b: Incineroar\n|-resisted|p1b: Incineroar|1\n|-damage|p1b: Incineroar|74/100\n|\n|-weather|none\n|upkeep\n|turn|6\n|inactive|Redwandererr has 30 seconds left.\n|inactive|Redwandererr has 20 seconds left.\n|inactive|Redwandererr has 15 seconds left.\n|\n|t:|1776292506\n|switch|p2b: Scizor|Scizor, L50, F|38/100\n|move|p2a: Greninja|Ice Beam|p1a: Floette\n|-damage|p1a: Floette|35/100\n|move|p1a: Floette|Draining Kiss|p2b: Scizor\n|-resisted|p2b: Scizor|1\n|-damage|p2b: Scizor|4/100\n|-heal|p1a: Floette|61/100|[from] drain|[of] p2b: Scizor\n|move|p1b: Incineroar|Flare Blitz|p2a: Greninja\n|-supereffective|p2a: Greninja|1\n|-damage|p2a: Greninja|0 fnt\n|faint|p2a: Greninja\n|-damage|p1b: Incineroar|48/100|[from] Recoil\n|\n|upkeep\n|\n|t:|1776292521\n|switch|p2a: Pelipper|Pelipper, L50, M|100/100\n|-weather|RainDance|[from] ability: Drizzle|[of] p2a: Pelipper\n|turn|7\n|\n|t:|1776292533\n|switch|p1b: Sinistcha|Sinistcha-Masterpiece, L50|100/100\n|-heal|p1a: Floette|86/100|[from] ability: Hospitality|[of] p1b: Sinistcha\n|move|p1a: Floette|Protect|p1a: Floette\n|-singleturn|p1a: Floette|Protect\n|move|p2b: Scizor|Protect|p2b: Scizor\n|-singleturn|p2b: Scizor|Protect\n|move|p2a: Pelipper|Hurricane|p1b: Sinistcha\n|-supereffective|p1b: Sinistcha|1\n|-damage|p1b: Sinistcha|12/100\n|\n|-weather|RainDance|[upkeep]\n|upkeep\n|turn|8\n|-message|Redwandererr forfeited.\n|\n|win|SunTufo\n|raw|SunTufo's rating: 1203 &rarr; <strong>1229</strong><br />(+26 for winning)\n|raw|Redwandererr's rating: 1221 &rarr; <strong>1195</strong><br />(-26 for losing)\n",
  "uploadtime": 1776292552,
  "views": 18,
  "formatid": "gen9championsvgc2026regma",
  "rating": 1195,
  "private": 0,
  "password": null
}