{
  "id": "gen9championsvgc2026regma-2580287303",
  "format": "[Gen 9 Champions] VGC 2026 Reg M-A",
  "players": [
    "GeraToon27",
    "holdingb"
  ],
  "log": "|j|\u2606GeraToon27\n|j|\u2606holdingb\n|t:|1775876003\n|gametype|doubles\n|player|p1|GeraToon27|acetrainer-gen4dp|\n|player|p2|holdingb|anabel-gen7|\n|gen|9\n|tier|[Gen 9 Champions] VGC 2026 Reg M-A\n|rated|Tournament battle\n|rule|Species Clause: Limit one of each Pok\u00e9mon\n|rule|Item Clause: Limit 1 of each item\n|clearpoke\n|poke|p1|Incineroar, L50, F|\n|poke|p1|Whimsicott, L50, M|\n|poke|p1|Palafin, L50, F|\n|poke|p1|Dragapult, L50, F|\n|poke|p1|Tyranitar, L50, M|\n|poke|p1|Excadrill, L50, M|\n|poke|p2|Talonflame, L50, F|\n|poke|p2|Garchomp, L50, F|\n|poke|p2|Sylveon, L50, M|\n|poke|p2|Kangaskhan, L50, F|\n|poke|p2|Aegislash, L50, F|\n|poke|p2|Rotom-Wash, L50|\n|teampreview|4\n|inactive|Battle timer is ON: inactive players will automatically lose when time's up. (requested by holdingb)\n|j| JokertheGreat\n|c|\u2606holdingb|glhf\n|j|@Radio Free C-Side\n|j| randosworld\n|j| sroms\n|inactive|holdingb has 60 seconds left.\n|l|@Radio Free C-Side\n|inactive|GeraToon27 has 60 seconds left.\n|j|@Radio Free C-Side\n|l| JokertheGreat\n|inactive|holdingb has 30 seconds left.\n|inactive|holdingb has 20 seconds left.\n|inactive|holdingb has 15 seconds left.\n|\n|t:|1775876081\n|teamsize|p1|4\n|teamsize|p2|4\n|start\n|switch|p1a: Palafin|Palafin, L50, F|100/100\n|switch|p1b: Whimsicott|Whimsicott, L50, M|100/100\n|switch|p2a: Talonflame|Talonflame, L50, F|100/100\n|switch|p2b: Kangaskhan|Kangaskhan, L50, F|100/100\n|turn|1\n|\n|t:|1775876102\n|detailschange|p2b: Kangaskhan|Kangaskhan-Mega, L50, F\n|-mega|p2b: Kangaskhan|Kangaskhan|Kangaskhanite\n|move|p2b: Kangaskhan|Fake Out|p1a: Palafin\n|-crit|p1a: Palafin\n|-damage|p1a: Palafin|58/100\n|-damage|p1a: Palafin|52/100\n|-hitcount|p1a: Palafin|2\n|move|p2a: Talonflame|Tailwind|p2a: Talonflame\n|-sidestart|p2: holdingb|move: Tailwind\n|move|p1b: Whimsicott|Tailwind|p1b: Whimsicott\n|-sidestart|p1: GeraToon27|move: Tailwind\n|cant|p1a: Palafin|flinch\n|\n|upkeep\n|turn|2\n|c|\u2606GeraToon27|holy\n|l| randosworld\n|\n|t:|1775876126\n|move|p2a: Talonflame|Quick Guard|p2a: Talonflame\n|-singleturn|p2a: Talonflame|Quick Guard\n|move|p1b: Whimsicott|Encore|p2b: Kangaskhan\n|-activate|p2b: Kangaskhan|move: Quick Guard\n|move|p2b: Kangaskhan|Double-Edge|p1b: Whimsicott\n|-crit|p1b: Whimsicott\n|-enditem|p1b: Whimsicott|Focus Sash\n|-damage|p1b: Whimsicott|1/100\n|-damage|p1b: Whimsicott|0 fnt\n|faint|p1b: Whimsicott\n|-hitcount|p1: Whimsicott|2\n|-damage|p2b: Kangaskhan|75/100|[from] Recoil\n|move|p1a: Palafin|Flip Turn|p2a: Talonflame\n|-supereffective|p2a: Talonflame|1\n|-damage|p2a: Talonflame|17/100\n|c|@Radio Free C-Side|did you actually just grab a 2015 team ingb\n|\n|t:|1775876141\n|detailschange|p1a: Palafin|Palafin-Hero, L50, F\n|switch|p1a: Incineroar|Incineroar, L50, F|100/100|[from] Flip Turn\n|-ability|p1a: Incineroar|Intimidate|boost\n|-unboost|p2a: Talonflame|atk|1\n|-unboost|p2b: Kangaskhan|atk|1\n|\n|upkeep\n|c|\u2606holdingb|no, i rushed to make this in two minutes\n|\n|t:|1775876147\n|switch|p1b: Excadrill|Excadrill, L50, M|100/100\n|turn|3\n|c|\u2606holdingb|lol\n|\n|t:|1775876171\n|move|p2a: Talonflame|Quick Guard|p2a: Talonflame\n|-singleturn|p2a: Talonflame|Quick Guard\n|move|p1a: Incineroar|Fake Out|p2a: Talonflame\n|-activate|p2a: Talonflame|move: Quick Guard\n|move|p2b: Kangaskhan|Drain Punch|p1a: Incineroar\n|-supereffective|p1a: Incineroar|1\n|-crit|p1a: Incineroar\n|-damage|p1a: Incineroar|39/100\n|-heal|p2b: Kangaskhan|100/100|[from] drain|[of] p1a: Incineroar\n|-enditem|p1a: Incineroar|Sitrus Berry|[eat]\n|-heal|p1a: Incineroar|64/100|[from] item: Sitrus Berry\n|-supereffective|p1a: Incineroar|1\n|-damage|p1a: Incineroar|57/100\n|-hitcount|p1a: Incineroar|2\n|move|p1b: Excadrill|Rock Slide|p2b: Kangaskhan|[spread] p2b\n|-miss|p1b: Excadrill|p2a: Talonflame\n|-damage|p2b: Kangaskhan|78/100\n|\n|upkeep\n|turn|4\n|inactive|holdingb has 30 seconds left.\n|\n|t:|1775876197\n|move|p2a: Talonflame|Brave Bird|p1a: Incineroar\n|-damage|p1a: Incineroar|23/100\n|-damage|p2a: Talonflame|2/100|[from] Recoil\n|move|p2b: Kangaskhan|Drain Punch|p1b: Excadrill\n|-supereffective|p1b: Excadrill|1\n|-damage|p1b: Excadrill|50/100\n|-heal|p2b: Kangaskhan|100/100|[from] drain|[of] p1b: Excadrill\n|-supereffective|p1b: Excadrill|1\n|-damage|p1b: Excadrill|38/100\n|-hitcount|p1b: Excadrill|2\n|move|p1b: Excadrill|Rock Slide|p2a: Talonflame|[spread] p2a,p2b\n|-supereffective|p2a: Talonflame|2\n|-damage|p2a: Talonflame|0 fnt\n|-damage|p2b: Kangaskhan|80/100\n|faint|p2a: Talonflame\n|move|p1a: Incineroar|Parting Shot|p2b: Kangaskhan\n|-unboost|p2b: Kangaskhan|atk|1\n|-unboost|p2b: Kangaskhan|spa|1\n|j| only sv\n|\n|t:|1775876213\n|switch|p1a: Palafin|Palafin-Hero, L50, F|52/100|[from] Parting Shot\n|-activate|p1a: Palafin|ability: Zero to Hero\n|\n|-sideend|p2: holdingb|move: Tailwind\n|-sideend|p1: GeraToon27|move: Tailwind\n|upkeep\n|j| Luigi Magnezone\n|l| Luigi Magnezone\n|\n|t:|1775876235\n|switch|p2a: Garchomp|Garchomp, L50, F|100/100\n|turn|5\n|\n|t:|1775876252\n|switch|p2b: Rotom|Rotom-Wash, L50|100/100\n|move|p1b: Excadrill|Protect|p1b: Excadrill\n|-singleturn|p1b: Excadrill|Protect\n|move|p2a: Garchomp|Earthquake|p1a: Palafin|[spread] p1a\n|-activate|p1b: Excadrill|move: Protect\n|-immune|p2b: Rotom|[from] ability: Levitate\n|-damage|p1a: Palafin|2/100\n|move|p1a: Palafin|Close Combat|p2b: Rotom\n|-damage|p2b: Rotom|49/100\n|-unboost|p1a: Palafin|def|1\n|-unboost|p1a: Palafin|spd|1\n|-enditem|p2b: Rotom|Sitrus Berry|[eat]\n|-heal|p2b: Rotom|74/100|[from] item: Sitrus Berry\n|\n|upkeep\n|turn|6\n|l| only sv\n|\n|t:|1775876274\n|move|p1a: Palafin|Jet Punch|p2a: Garchomp\n|-crit|p2a: Garchomp\n|-damage|p2a: Garchomp|29/100\n|-damage|p1a: Palafin|0 fnt|[from] ability: Rough Skin|[of] p2a: Garchomp\n|faint|p1a: Palafin\n|move|p2a: Garchomp|Earthquake|p1b: Excadrill|[spread] p1b\n|-immune|p2b: Rotom|[from] ability: Levitate\n|-supereffective|p1b: Excadrill|1\n|-damage|p1b: Excadrill|0 fnt\n|faint|p1b: Excadrill\n|move|p2b: Rotom|Discharge|p2a: Garchomp\n|-immune|p2a: Garchomp\n|\n|upkeep\n|\n|t:|1775876292\n|switch|p1b: Incineroar|Incineroar, L50, F|23/100\n|-ability|p1b: Incineroar|Intimidate|boost\n|-unboost|p2a: Garchomp|atk|1\n|-unboost|p2b: Rotom|atk|1\n|turn|7\n|c|\u2606GeraToon27|ggs\n|\n|t:|1775876301\n|move|p1b: Incineroar|Fake Out|p2a: Garchomp\n|-damage|p2a: Garchomp|20/100\n|-damage|p1b: Incineroar|10/100|[from] ability: Rough Skin|[of] p2a: Garchomp\n|cant|p2a: Garchomp|flinch\n|move|p2b: Rotom|Discharge|p1b: Incineroar|[spread] p1b\n|-immune|p2a: Garchomp\n|-damage|p1b: Incineroar|0 fnt\n|faint|p1b: Incineroar\n|\n|win|holdingb\n|n|\u2606GeraToon27|geratoon27\n|n|\u2606holdingb|holdingb\n|n| sroms|sroms\n|n|+Radio Free C-Side|radiofreecside\n|c|\u2606holdingb|gg\n|l|+Radio Free C-Side\n|l|\u2606GeraToon27\n|player|p1|\n",
  "uploadtime": 1775876306,
  "views": 19,
  "formatid": "gen9championsvgc2026regma",
  "rating": null,
  "private": 0,
  "password": null
}