{
  "id": "gen9championsvgc2026regma-2589470421",
  "format": "[Gen 9 Champions] VGC 2026 Reg M-A",
  "players": [
    "ActualJackal",
    "stopburns"
  ],
  "log": "|j|\u2606ActualJackal\n|j|\u2606stopburns\n|t:|1776725845\n|gametype|doubles\n|player|p1|ActualJackal|shadowtriad|1057\n|player|p2|stopburns|169|1124\n|gen|9\n|tier|[Gen 9 Champions] VGC 2026 Reg M-A\n|rated|\n|rule|Species Clause: Limit one of each Pok\u00e9mon\n|rule|Item Clause: Limit 1 of each item\n|clearpoke\n|poke|p1|Blastoise, L50, F|\n|poke|p1|Meowscarada, L50, M|\n|poke|p1|Maushold-Four, L50|\n|poke|p1|Talonflame, L50, F|\n|poke|p1|Kommo-o, L50, F|\n|poke|p1|Aggron, L50, M|\n|poke|p2|Pelipper, L50, F|\n|poke|p2|Sinistcha-Masterpiece, L50|\n|poke|p2|Basculegion, L50, M|\n|poke|p2|Archaludon, L50, M|\n|poke|p2|Dragonite, L50, M|\n|poke|p2|Garchomp, L50, M|\n|teampreview|4\n|inactive|Battle timer is ON: inactive players will automatically lose when time's up. (requested by stopburns)\n|\n|t:|1776725871\n|teamsize|p1|4\n|teamsize|p2|4\n|start\n|switch|p1a: Water Dude|Blastoise, L50, F|100/100\n|switch|p1b: Overused|Talonflame, L50, F|100/100\n|switch|p2a: Pelipper|Pelipper, L50, F|100/100\n|switch|p2b: Archaludon|Archaludon, L50, M|100/100\n|-weather|RainDance|[from] ability: Drizzle|[of] p2a: Pelipper\n|turn|1\n|\n|t:|1776725894\n|detailschange|p1a: Water Dude|Blastoise-Mega, L50, F\n|-mega|p1a: Water Dude|Blastoise|Blastoisinite\n|move|p1b: Overused|Tailwind|p1b: Overused\n|-sidestart|p1: ActualJackal|move: Tailwind\n|move|p1a: Water Dude|Water Spout|p2b: Archaludon|[spread] p2a,p2b\n|-resisted|p2a: Pelipper|1\n|-resisted|p2b: Archaludon|1\n|-damage|p2a: Pelipper|12/100\n|-damage|p2b: Archaludon|31/100\n|-ability|p2b: Archaludon|Stamina|boost\n|-boost|p2b: Archaludon|def|1\n|move|p2a: Pelipper|Tailwind|p2a: Pelipper\n|-sidestart|p2: stopburns|move: Tailwind\n|move|p2b: Archaludon|Electro Shot||[still]\n|-prepare|p2b: Archaludon|Electro Shot\n|-boost|p2b: Archaludon|spa|1\n|-anim|p2b: Archaludon|Electro Shot|p1a: Water Dude\n|-supereffective|p1a: Water Dude|1\n|-damage|p1a: Water Dude|0 fnt\n|faint|p1a: Water Dude\n|\n|-weather|RainDance|[upkeep]\n|upkeep\n|\n|t:|1776725904\n|switch|p1a: Furry Bait|Meowscarada, L50, M|100/100\n|turn|2\n|\n|t:|1776725914\n|switch|p2a: Sinistcha|Sinistcha-Masterpiece, L50|100/100\n|-heal|p2b: Archaludon|56/100|[from] ability: Hospitality|[of] p2a: Sinistcha\n|move|p2b: Archaludon|Protect|p2b: Archaludon\n|-singleturn|p2b: Archaludon|Protect\n|move|p1a: Furry Bait|Low Kick|p2b: Archaludon\n|-start|p1a: Furry Bait|typechange|Fighting|[from] ability: Protean\n|-activate|p2b: Archaludon|move: Protect\n|move|p1b: Overused|U-turn|p2a: Sinistcha\n|-damage|p2a: Sinistcha|83/100\n|\n|t:|1776725922\n|switch|p1b: Not Used Enough|Kommo-o, L50, F|100/100|[from] U-turn\n|\n|-weather|RainDance|[upkeep]\n|-heal|p2a: Sinistcha|89/100|[from] item: Leftovers\n|upkeep\n|turn|3\n|\n|t:|1776725947\n|switch|p2a: Dragonite|Dragonite, L50, M|100/100\n|move|p1b: Not Used Enough|Protect|p1b: Not Used Enough\n|-singleturn|p1b: Not Used Enough|Protect\n|move|p1a: Furry Bait|Sucker Punch||[still]\n|-fail|p1a: Furry Bait\n|move|p2b: Archaludon|Electro Shot||[still]\n|-prepare|p2b: Archaludon|Electro Shot\n|-boost|p2b: Archaludon|spa|1\n|-anim|p2b: Archaludon|Electro Shot|p1a: Furry Bait\n|-damage|p1a: Furry Bait|0 fnt\n|faint|p1a: Furry Bait\n|\n|-weather|RainDance|[upkeep]\n|upkeep\n|\n|t:|1776725956\n|switch|p1a: Overused|Talonflame, L50, F|100/100\n|turn|4\n|\n|t:|1776725976\n|detailschange|p2a: Dragonite|Dragonite-Mega, L50, M\n|-mega|p2a: Dragonite|Dragonite|Dragoninite\n|move|p1a: Overused|Protect|p1a: Overused\n|-singleturn|p1a: Overused|Protect\n|move|p2a: Dragonite|Dragon Pulse|p1b: Not Used Enough\n|-supereffective|p1b: Not Used Enough|1\n|-crit|p1b: Not Used Enough\n|-damage|p1b: Not Used Enough|0 fnt\n|faint|p1b: Not Used Enough\n|move|p2b: Archaludon|Electro Shot||[still]\n|-prepare|p2b: Archaludon|Electro Shot\n|-boost|p2b: Archaludon|spa|1\n|-anim|p2b: Archaludon|Electro Shot|p1a: Overused\n|-activate|p1a: Overused|move: Protect\n|\n|-weather|RainDance|[upkeep]\n|-sideend|p1: ActualJackal|move: Tailwind\n|-sideend|p2: stopburns|move: Tailwind\n|upkeep\n|turn|5\n|-message|ActualJackal forfeited.\n|\n|win|stopburns\n|raw|ActualJackal's rating: 1057 &rarr; <strong>1042</strong><br />(-15 for losing)\n|raw|stopburns's rating: 1124 &rarr; <strong>1144</strong><br />(+20 for winning)\n|l|\u2606ActualJackal\n|player|p1|\n",
  "uploadtime": 1776725990,
  "views": 6,
  "formatid": "gen9championsvgc2026regma",
  "rating": 1042,
  "private": 0,
  "password": null
}