{
  "id": "gen9championsvgc2026regma-2581315428",
  "format": "[Gen 9 Champions] VGC 2026 Reg M-A",
  "players": [
    "mrgreen123654",
    "Zappyzap01"
  ],
  "log": "|j|\u2606mrgreen123654\n|j|\u2606Zappyzap01\n|t:|1775985524\n|gametype|doubles\n|player|p1|mrgreen123654|scientist-gen4dp|1292\n|player|p2|Zappyzap01|benga|1311\n|gen|9\n|tier|[Gen 9 Champions] VGC 2026 Reg M-A\n|rated|\n|rule|Species Clause: Limit one of each Pok\u00e9mon\n|rule|Item Clause: Limit 1 of each item\n|clearpoke\n|poke|p1|Froslass, L50, F|\n|poke|p1|Beartic, L50, M|\n|poke|p1|Goodra-Hisui, L50, M|\n|poke|p1|Incineroar, L50, F|\n|poke|p1|Whimsicott, L50, M|\n|poke|p1|Sinistcha, L50|\n|poke|p2|Sylveon, L50, F|\n|poke|p2|Camerupt, L50, M|\n|poke|p2|Sableye, L50, M|\n|poke|p2|Oranguru, L50, M|\n|poke|p2|Torkoal, L50, M|\n|poke|p2|Meganium, L50, F|\n|teampreview|4\n|\n|t:|1775985556\n|teamsize|p1|4\n|teamsize|p2|4\n|start\n|switch|p1a: Incineroar|Incineroar, L50, F|100/100\n|switch|p1b: Goodra|Goodra-Hisui, L50, M|100/100\n|switch|p2a: Oranguru|Oranguru, L50, M, shiny|100/100\n|switch|p2b: Sylveon|Sylveon, L50, F, shiny|100/100\n|-ability|p1a: Incineroar|Intimidate|boost\n|-fail|p2a: Oranguru|unboost|Attack|[from] ability: Inner Focus|[of] p2a: Oranguru\n|-unboost|p2b: Sylveon|atk|1\n|turn|1\n|j| gE1xjZRtuhW2DdT0AK\n|\n|t:|1775985572\n|move|p1a: Incineroar|Darkest Lariat|p2a: Oranguru\n|-supereffective|p2a: Oranguru|1\n|-damage|p2a: Oranguru|24/100\n|move|p1b: Goodra|Heavy Slam|p2b: Sylveon\n|-supereffective|p2b: Sylveon|1\n|-damage|p2b: Sylveon|9/100\n|move|p2b: Sylveon|Hyper Voice|p1b: Goodra|[spread] p1a,p1b\n|-damage|p1a: Incineroar|40/100\n|-damage|p1b: Goodra|69/100\n|-enditem|p1a: Incineroar|Sitrus Berry|[eat]\n|-heal|p1a: Incineroar|65/100|[from] item: Sitrus Berry\n|move|p2a: Oranguru|Trick Room|p2a: Oranguru\n|-fieldstart|move: Trick Room|[of] p2a: Oranguru\n|\n|-heal|p1b: Goodra|75/100|[from] item: Leftovers\n|upkeep\n|turn|2\n|\n|t:|1775985598\n|switch|p1a: Sinistcha|Sinistcha, L50|100/100\n|-heal|p1b: Goodra|99/100|[from] ability: Hospitality|[of] p1a: Sinistcha\n|move|p1b: Goodra|Heavy Slam|p2b: Sylveon\n|-supereffective|p2b: Sylveon|1\n|-damage|p2b: Sylveon|0 fnt\n|faint|p2b: Sylveon\n|move|p2a: Oranguru|Instruct|p2: Sylveon|[notarget]\n|-fail|p2a: Oranguru\n|\n|-heal|p1b: Goodra|100/100|[from] item: Leftovers\n|upkeep\n|\n|t:|1775985608\n|switch|p2b: Camerupt|Camerupt, L50, M, shiny|100/100\n|turn|3\n|\n|t:|1775985620\n|switch|p1a: Incineroar|Incineroar, L50, F|65/100\n|-ability|p1a: Incineroar|Intimidate|boost\n|-fail|p2a: Oranguru|unboost|Attack|[from] ability: Inner Focus|[of] p2a: Oranguru\n|-unboost|p2b: Camerupt|atk|1\n|detailschange|p2b: Camerupt|Camerupt-Mega, L50, M, shiny\n|-mega|p2b: Camerupt|Camerupt|Cameruptite\n|move|p2b: Camerupt|Eruption|p1b: Goodra|[spread] p1a,p1b\n|-resisted|p1a: Incineroar|1\n|-crit|p1a: Incineroar\n|-damage|p1a: Incineroar|9/100\n|-damage|p1b: Goodra|60/100\n|move|p1b: Goodra|Heavy Slam|p2a: Oranguru\n|-damage|p2a: Oranguru|0 fnt\n|faint|p2a: Oranguru\n|\n|-heal|p1b: Goodra|65/100|[from] item: Leftovers\n|upkeep\n|\n|t:|1775985635\n|switch|p2a: Torkoal|Torkoal, L50, M, shiny|100/100\n|-weather|SunnyDay|[from] ability: Drought|[of] p2a: Torkoal\n|turn|4\n|\n|t:|1775985648\n|move|p1a: Incineroar|Fake Out|p2b: Camerupt\n|-damage|p2b: Camerupt|87/100\n|cant|p2b: Camerupt|flinch\n|move|p2a: Torkoal|Eruption|p1b: Goodra|[spread] p1a,p1b\n|-resisted|p1a: Incineroar|1\n|-damage|p1a: Incineroar|0 fnt\n|-damage|p1b: Goodra|15/100\n|faint|p1a: Incineroar\n|move|p1b: Goodra|Draco Meteor|p2a: Torkoal\n|-damage|p2a: Torkoal|32/100\n|-unboost|p1b: Goodra|spa|2\n|\n|-weather|SunnyDay|[upkeep]\n|-heal|p1b: Goodra|21/100|[from] item: Leftovers\n|upkeep\n|\n|t:|1775985663\n|switch|p1a: Froslass|Froslass, L50, F|100/100\n|turn|5\n|l| gE1xjZRtuhW2DdT0AK\n|\n|t:|1775985679\n|move|p1a: Froslass|Protect|p1a: Froslass\n|-singleturn|p1a: Froslass|Protect\n|move|p2a: Torkoal|Weather Ball|p1b: Goodra\n|-damage|p1b: Goodra|0 fnt\n|faint|p1b: Goodra\n|move|p2b: Camerupt|Eruption|p1a: Froslass\n|-activate|p1a: Froslass|move: Protect\n|\n|-weather|SunnyDay|[upkeep]\n|-fieldend|move: Trick Room\n|upkeep\n|\n|t:|1775985687\n|switch|p1b: Sinistcha|Sinistcha, L50|100/100\n|turn|6\n|j| gE1xjZRtuhW2DdT0AK\n|\n|t:|1775985695\n|detailschange|p1a: Froslass|Froslass-Mega, L50, F\n|-mega|p1a: Froslass|Froslass|Froslassite\n|-weather|Snowscape|[from] ability: Snow Warning|[of] p1a: Froslass\n|move|p1a: Froslass|Blizzard|p2b: Camerupt|[spread] p2a,p2b\n|-resisted|p2a: Torkoal|1\n|-damage|p2a: Torkoal|0 fnt\n|-damage|p2b: Camerupt|41/100\n|-status|p2b: Camerupt|frz\n|faint|p2a: Torkoal\n|move|p1b: Sinistcha|Shadow Ball|p2b: Camerupt\n|-damage|p2b: Camerupt|0 fnt\n|faint|p2b: Camerupt\n|\n|win|mrgreen123654\n|raw|mrgreen123654's rating: 1292 &rarr; <strong>1318</strong><br />(+26 for winning)\n|raw|Zappyzap01's rating: 1311 &rarr; <strong>1290</strong><br />(-21 for losing)\n|l|\u2606Zappyzap01\n|player|p2|\n",
  "uploadtime": 1775985726,
  "views": 55,
  "formatid": "gen9championsvgc2026regma",
  "rating": 1290,
  "private": 0,
  "password": null
}