{
  "id": "gen9championsvgc2026regma-2587268733",
  "format": "[Gen 9 Champions] VGC 2026 Reg M-A",
  "players": [
    "MoChridhe",
    "Javyyn"
  ],
  "log": "|j|\u203dMoChridhe\n|j|\u2606Javyyn\n|t:|1776516536\n|gametype|doubles\n|player|p1|MoChridhe|iris-gen5bw2|1066\n|player|p2|Javyyn|102|1155\n|gen|9\n|tier|[Gen 9 Champions] VGC 2026 Reg M-A\n|rated|\n|rule|Species Clause: Limit one of each Pok\u00e9mon\n|rule|Item Clause: Limit 1 of each item\n|clearpoke\n|poke|p1|Scizor, L50, M|\n|poke|p1|Pelipper, L50, M|\n|poke|p1|Basculegion, L50, M|\n|poke|p1|Sableye, L50, M|\n|poke|p1|Sneasler, L50, M|\n|poke|p1|Incineroar, L50, F|\n|poke|p2|Scovillain, L50, F|\n|poke|p2|Dragapult, L50, F, shiny|\n|poke|p2|Sneasler, L50, F|\n|poke|p2|Incineroar, L50, F|\n|poke|p2|Kingambit, L50, M|\n|poke|p2|Aerodactyl, L50, M|\n|teampreview|4\nMoChridhe has agreed to open team sheets.\n|\n|t:|1776516553\n|teamsize|p1|4\n|teamsize|p2|4\n|start\n|switch|p1a: Scizor|Scizor, L50, M|100/100\n|switch|p1b: Sneasler|Sneasler, L50, M|100/100\n|switch|p2a: Scovillain|Scovillain, L50, F|100/100\n|switch|p2b: Dragapult|Dragapult, L50, F, shiny|100/100\n|turn|1\n|inactive|Battle timer is ON: inactive players will automatically lose when time's up. (requested by Javyyn)\n|\n|t:|1776516579\n|move|p1a: Scizor|Protect|p1a: Scizor\n|-singleturn|p1a: Scizor|Protect\n|move|p2a: Scovillain|Protect|p2a: Scovillain\n|-singleturn|p2a: Scovillain|Protect\n|move|p2b: Dragapult|Breaking Swipe|p1b: Sneasler|[spread] p1b\n|-activate|p1a: Scizor|move: Protect\n|-damage|p1b: Sneasler|63/100\n|-unboost|p1b: Sneasler|atk|1\n|-enditem|p1b: Sneasler|White Herb\n|-clearnegativeboost|p1b: Sneasler|[silent]\n|move|p1b: Sneasler|Dire Claw|p2a: Scovillain\n|-activate|p2a: Scovillain|move: Protect\n|\n|-ability|p2a: Scovillain|Moody|boost\n|-boost|p2a: Scovillain|spe|2\n|-unboost|p2a: Scovillain|def|1\n|upkeep\n|turn|2\n|inactive|MoChridhe has 30 seconds left.\n|inactive|Javyyn has 30 seconds left.\n|inactive|Javyyn has 20 seconds left.\n|\n|t:|1776516615\n|detailschange|p2a: Scovillain|Scovillain-Mega, L50, F\n|-mega|p2a: Scovillain|Scovillain|Scovillainite\n|detailschange|p1a: Scizor|Scizor-Mega, L50, M\n|-mega|p1a: Scizor|Scizor|Scizorite\n|move|p1b: Sneasler|Dire Claw|p2b: Dragapult\n|-resisted|p2b: Dragapult|1\n|-damage|p2b: Dragapult|79/100\n|move|p2b: Dragapult|Breaking Swipe|p1a: Scizor|[spread] p1a,p1b\n|-resisted|p1a: Scizor|1\n|-damage|p1a: Scizor|93/100\n|-damage|p1b: Sneasler|25/100\n|-unboost|p1a: Scizor|atk|1\n|-unboost|p1b: Sneasler|atk|1\n|move|p2a: Scovillain|Spicy Extract|p2b: Dragapult\n|-fail|p2b: Dragapult|unboost|[from] ability: Clear Body|[of] p2b: Dragapult\n|-boost|p2b: Dragapult|atk|2\n|move|p1a: Scizor|Bug Bite|p2a: Scovillain\n|-damage|p2a: Scovillain|52/100\n|-status|p1a: Scizor|brn|[from] ability: Spicy Spray|[of] p2a: Scovillain\n|\n|-damage|p1a: Scizor|87/100 brn|[from] brn\n|upkeep\n|turn|3\n|inactive|MoChridhe has 30 seconds left.\n|inactive|MoChridhe has 20 seconds left.\n|inactive|MoChridhe has 15 seconds left.\n|inactive|MoChridhe has 10 seconds left.\n|\n|t:|1776516666\n|move|p1a: Scizor|Protect|p1a: Scizor\n|-singleturn|p1a: Scizor|Protect\n|move|p2a: Scovillain|Rage Powder|p2a: Scovillain\n|-singleturn|p2a: Scovillain|move: Rage Powder\n|move|p1b: Sneasler|Dire Claw|p2a: Scovillain\n|-supereffective|p2a: Scovillain|1\n|-damage|p2a: Scovillain|0 fnt\n|-status|p1b: Sneasler|brn|[from] ability: Spicy Spray|[of] p2a: Scovillain\n|faint|p2a: Scovillain\n|move|p2b: Dragapult|Phantom Force||[still]\n|-prepare|p2b: Dragapult|Phantom Force\n|\n|-damage|p1b: Sneasler|19/100 brn|[from] brn\n|-damage|p1a: Scizor|82/100 brn|[from] brn\n|upkeep\n|\n|t:|1776516683\n|switch|p2a: Sneasler|Sneasler, L50, F|100/100\n|turn|4\n|\n|t:|1776516700\n|move|p2a: Sneasler|Fake Out|p1b: Sneasler\n|-damage|p1b: Sneasler|0 fnt\n|faint|p1b: Sneasler\n|move|p2b: Dragapult|Phantom Force|p1a: Scizor|[from] lockedmove\n|-damage|p1a: Scizor|28/100 brn\n|move|p1a: Scizor|Swords Dance|p1a: Scizor\n|-boost|p1a: Scizor|atk|2\n|\n|-damage|p1a: Scizor|23/100 brn|[from] brn\n|upkeep\n|\n|t:|1776516712\n|switch|p1b: Sableye|Sableye, L50, M|100/100\n|turn|5\n|\n|t:|1776516725\n|switch|p2b: Aerodactyl|Aerodactyl, L50, M|100/100\n|-ability|p2b: Aerodactyl|Unnerve\n|move|p1a: Scizor|Bullet Punch|p2b: Aerodactyl\n|-supereffective|p2b: Aerodactyl|1\n|-damage|p2b: Aerodactyl|9/100\n|move|p2a: Sneasler|Close Combat|p1a: Scizor\n|-damage|p1a: Scizor|0 fnt\n|-unboost|p2a: Sneasler|def|1\n|-unboost|p2a: Sneasler|spd|1\n|faint|p1a: Scizor\n|-enditem|p2a: Sneasler|White Herb\n|-clearnegativeboost|p2a: Sneasler|[silent]\n|move|p1b: Sableye|Foul Play|p2b: Aerodactyl\n|-damage|p2b: Aerodactyl|0 fnt\n|faint|p2b: Aerodactyl\n|\n|upkeep\n|\n|t:|1776516741\n|switch|p2b: Dragapult|Dragapult, L50, F, shiny|79/100\n|switch|p1a: Basculegion|Basculegion, L50, M|100/100\n|turn|6\n|\n|t:|1776516766\n|move|p1b: Sableye|Will-O-Wisp|p2a: Sneasler\n|-status|p2a: Sneasler|brn\n|move|p2a: Sneasler|Acrobatics|p1a: Basculegion\n|-damage|p1a: Basculegion|76/100\n|move|p1a: Basculegion|Last Respects|p2b: Dragapult\n|-supereffective|p2b: Dragapult|1\n|-damage|p2b: Dragapult|0 fnt\n|faint|p2b: Dragapult\n|\n|-damage|p2a: Sneasler|95/100 brn|[from] brn\n|upkeep\n|turn|7\n|-message|Javyyn forfeited.\n|\n|win|MoChridhe\n|raw|MoChridhe's rating: 1066 &rarr; <strong>1104</strong><br />(+38 for winning)\n|raw|Javyyn's rating: 1155 &rarr; <strong>1124</strong><br />(-31 for losing)\n|l|\u2606Javyyn\n|player|p2|\n",
  "uploadtime": 1776516781,
  "views": 13,
  "formatid": "gen9championsvgc2026regma",
  "rating": 1104,
  "private": 0,
  "password": null
}