{
  "id": "gen9championsvgc2026regma-2588682605",
  "format": "[Gen 9 Champions] VGC 2026 Reg M-A",
  "players": [
    "wachawachawacha",
    "JLFalcon"
  ],
  "log": "|j|\u2606wachawachawacha\n|j|\u2606JLFalcon\n|t:|1776657262\n|gametype|doubles\n|player|p1|wachawachawacha|102|1536\n|player|p2|JLFalcon|brycen|1452\n|gen|9\n|tier|[Gen 9 Champions] VGC 2026 Reg M-A\n|rated|\n|rule|Species Clause: Limit one of each Pok\u00e9mon\n|rule|Item Clause: Limit 1 of each item\n|clearpoke\n|poke|p1|Tyranitar, L50, F|\n|poke|p1|Blastoise, L50, M|\n|poke|p1|Whimsicott, L50, M|\n|poke|p1|Excadrill, L50, M|\n|poke|p1|Farigiraf, L50, F|\n|poke|p1|Delphox, L50, M|\n|poke|p2|Skarmory, L50, F|\n|poke|p2|Sneasler, L50, M|\n|poke|p2|Milotic, L50, M|\n|poke|p2|Tyranitar, L50, M|\n|poke|p2|Excadrill, L50, F|\n|poke|p2|Sinistcha, L50|\n|teampreview|4\n|c|\u2606JLFalcon|Glad new friend\n|\n|t:|1776657317\n|teamsize|p1|4\n|teamsize|p2|4\n|start\n|switch|p1a: Blastoise|Blastoise, L50, M|100/100\n|switch|p1b: Farigiraf|Farigiraf, L50, F|100/100\n|switch|p2a: Sinistcha|Sinistcha, L50|100/100\n|switch|p2b: Skarmory|Skarmory, L50, F|100/100\n|turn|1\n|\n|t:|1776657335\n|detailschange|p1a: Blastoise|Blastoise-Mega, L50, M\n|-mega|p1a: Blastoise|Blastoise|Blastoisinite\n|move|p1b: Farigiraf|Helping Hand|p1a: Blastoise\n|-singleturn|p1a: Blastoise|Helping Hand|[of] p1b: Farigiraf\n|move|p1a: Blastoise|Dark Pulse|p2a: Sinistcha\n|-supereffective|p2a: Sinistcha|1\n|-damage|p2a: Sinistcha|0 fnt\n|faint|p2a: Sinistcha\n|move|p2b: Skarmory|Whirlwind|p1a: Blastoise\n|drag|p1a: Excadrill|Excadrill, L50, M|100/100\n|\n|upkeep\n|\n|t:|1776657345\n|switch|p2a: Excadrill|Excadrill, L50, F|100/100\n|turn|2\n|\n|t:|1776657361\n|move|p2a: Excadrill|Protect|p2a: Excadrill\n|-singleturn|p2a: Excadrill|Protect\n|move|p1b: Farigiraf|Protect|p1b: Farigiraf\n|-singleturn|p1b: Farigiraf|Protect\n|move|p1a: Excadrill|Earthquake|p2b: Skarmory|[spread] \n|-activate|p1b: Farigiraf|move: Protect\n|-activate|p2a: Excadrill|move: Protect\n|-immune|p2b: Skarmory\n|move|p2b: Skarmory|Iron Head|p1a: Excadrill\n|-resisted|p1a: Excadrill|1\n|-damage|p1a: Excadrill|78/100\n|\n|upkeep\n|turn|3\n|\n|t:|1776657378\n|move|p2a: Excadrill|High Horsepower|p1a: Excadrill\n|-supereffective|p1a: Excadrill|1\n|-damage|p1a: Excadrill|0 fnt\n|faint|p1a: Excadrill\n|move|p2b: Skarmory|Whirlwind|p1b: Farigiraf\n|drag|p1b: Tyranitar|Tyranitar, L50, F|100/100\n|-weather|Sandstorm|[from] ability: Sand Stream|[of] p1b: Tyranitar\n|\n|-weather|Sandstorm|[upkeep]\n|upkeep\n|\n|t:|1776657389\n|switch|p1a: Blastoise|Blastoise-Mega, L50, M|100/100\n|turn|4\n|\n|t:|1776657407\n|switch|p1b: Farigiraf|Farigiraf, L50, F|100/100\n|detailschange|p2b: Skarmory|Skarmory-Mega, L50, F\n|-mega|p2b: Skarmory|Skarmory|Skarmorite\n|move|p1a: Blastoise|Fake Out|p2a: Excadrill\n|-resisted|p2a: Excadrill|1\n|-damage|p2a: Excadrill|95/100\n|cant|p2a: Excadrill|flinch\n|move|p2b: Skarmory|Iron Head|p1b: Farigiraf\n|-damage|p1b: Farigiraf|58/100\n|\n|-weather|Sandstorm|[upkeep]\n|-damage|p1a: Blastoise|95/100|[from] Sandstorm\n|-damage|p1b: Farigiraf|52/100|[from] Sandstorm\n|upkeep\n|turn|5\n|\n|t:|1776657442\n|move|p2a: Excadrill|Iron Head|p1b: Farigiraf\n|-damage|p1b: Farigiraf|10/100\n|move|p2b: Skarmory|Brave Bird|p1a: Blastoise\n|-damage|p1a: Blastoise|34/100\n|-damage|p2b: Skarmory|79/100|[from] Recoil\n|move|p1a: Blastoise|Aura Sphere|p2a: Excadrill\n|-supereffective|p2a: Excadrill|1\n|-damage|p2a: Excadrill|0 fnt\n|faint|p2a: Excadrill\n|cant|p1b: Farigiraf|flinch\n|\n|-weather|Sandstorm|[upkeep]\n|-damage|p1a: Blastoise|28/100|[from] Sandstorm\n|-damage|p1b: Farigiraf|4/100|[from] Sandstorm\n|upkeep\n|\n|t:|1776657453\n|switch|p2a: Tyranitar|Tyranitar, L50, M|100/100\n|turn|6\n|\n|t:|1776657465\n|move|p2b: Skarmory|Brave Bird|p1a: Blastoise\n|-damage|p1a: Blastoise|0 fnt\n|faint|p1a: Blastoise\n|-damage|p2b: Skarmory|69/100|[from] Recoil\n|move|p2a: Tyranitar|Knock Off|p1b: Farigiraf\n|-supereffective|p1b: Farigiraf|1\n|-enditem|p1b: Farigiraf|Colbur Berry|[eat]\n|-enditem|p1b: Farigiraf|Colbur Berry|[weaken]\n|-damage|p1b: Farigiraf|0 fnt\n|faint|p1b: Farigiraf\n|\n|-weather|Sandstorm|[upkeep]\n|upkeep\n|\n|t:|1776657468\n|switch|p1b: Tyranitar|Tyranitar, L50, F|100/100\n|turn|7\n|\n|t:|1776657478\n|move|p2b: Skarmory|Iron Head|p1b: Tyranitar\n|-supereffective|p1b: Tyranitar|1\n|-damage|p1b: Tyranitar|27/100\n|move|p1b: Tyranitar|Low Kick|p2a: Tyranitar\n|-supereffective|p2a: Tyranitar|2\n|-damage|p2a: Tyranitar|0 fnt\n|faint|p2a: Tyranitar\n|\n|-weather|none\n|upkeep\n|turn|8\n|\n|t:|1776657489\n|move|p2b: Skarmory|Iron Head|p1b: Tyranitar\n|-supereffective|p1b: Tyranitar|1\n|-damage|p1b: Tyranitar|0 fnt\n|faint|p1b: Tyranitar\n|\n|win|JLFalcon\n|raw|wachawachawacha's rating: 1536 &rarr; <strong>1511</strong><br />(-25 for losing)\n|raw|JLFalcon's rating: 1452 &rarr; <strong>1477</strong><br />(+25 for winning)\n|c|\u2606JLFalcon|Ggs, wp\n|l|\u2606wachawachawacha\n|player|p1|\n",
  "uploadtime": 1776657504,
  "views": 23,
  "formatid": "gen9championsvgc2026regma",
  "rating": 1477,
  "private": 0,
  "password": null
}