{
  "id": "gen9championsvgc2026regma-2583008678",
  "format": "[Gen 9 Champions] VGC 2026 Reg M-A",
  "players": [
    "Alcides",
    "pacrat27"
  ],
  "log": "|j|\u2606Alcides\n|j|\u2606pacrat27\n|t:|1776132926\n|gametype|doubles\n|player|p1|Alcides|101|1000\n|player|p2|pacrat27|silver|1094\n|gen|9\n|tier|[Gen 9 Champions] VGC 2026 Reg M-A\n|rated|\n|rule|Species Clause: Limit one of each Pok\u00e9mon\n|rule|Item Clause: Limit 1 of each item\n|clearpoke\n|poke|p1|Dragonite, L50, M|\n|poke|p1|Clefable, L50, F|\n|poke|p1|Gengar, L50, M|\n|poke|p1|Charizard, L50, M|\n|poke|p1|Alakazam, L50, F|\n|poke|p1|Altaria, L50, F|\n|poke|p2|Meganium, L50, M|\n|poke|p2|Politoed, L50, F|\n|poke|p2|Archaludon, L50, F|\n|poke|p2|Blastoise, L50, M|\n|poke|p2|Beartic, L50, F|\n|poke|p2|Sharpedo, L50, M|\n|teampreview|4\n|\n|t:|1776132960\n|teamsize|p1|4\n|teamsize|p2|4\n|start\n|switch|p1a: Gengar|Gengar, L50, M|100/100\n|switch|p1b: Clefable|Clefable, L50, F|100/100\n|switch|p2a: Archaludon|Archaludon, L50, F|100/100\n|switch|p2b: Politoed|Politoed, L50, F|100/100\n|-weather|RainDance|[from] ability: Drizzle|[of] p2b: Politoed\n|turn|1\n|\n|t:|1776132978\n|move|p1b: Clefable|Follow Me|p1b: Clefable\n|-singleturn|p1b: Clefable|move: Follow Me\n|move|p1a: Gengar|Perish Song|p1a: Gengar\n|-start|p1a: Gengar|perish3|[silent]\n|-start|p1b: Clefable|perish3|[silent]\n|-start|p2a: Archaludon|perish3|[silent]\n|-start|p2b: Politoed|perish3|[silent]\n|-fieldactivate|move: Perish Song\n|move|p2a: Archaludon|Electro Shot||[still]\n|-prepare|p2a: Archaludon|Electro Shot\n|-boost|p2a: Archaludon|spa|1\n|-anim|p2a: Archaludon|Electro Shot|p1b: Clefable\n|-damage|p1b: Clefable|34/100\n|move|p2b: Politoed|Earth Power|p1b: Clefable\n|-damage|p1b: Clefable|9/100\n|\n|-weather|RainDance|[upkeep]\n|-heal|p1b: Clefable|15/100|[from] item: Leftovers\n|-start|p1a: Gengar|perish3\n|-start|p2a: Archaludon|perish3\n|-start|p2b: Politoed|perish3\n|-start|p1b: Clefable|perish3\n|upkeep\n|turn|2\n|\n|t:|1776133000\n|switch|p2a: Meganium|Meganium, L50, M|100/100\n|switch|p2b: Blastoise|Blastoise, L50, M|100/100\n|detailschange|p1a: Gengar|Gengar-Mega, L50, M\n|-mega|p1a: Gengar|Gengar|Gengarite\n|move|p1a: Gengar|Protect|p1a: Gengar\n|-singleturn|p1a: Gengar|Protect\n|move|p1b: Clefable|Follow Me|p1b: Clefable\n|-singleturn|p1b: Clefable|move: Follow Me\n|\n|-weather|RainDance|[upkeep]\n|-heal|p1b: Clefable|21/100|[from] item: Leftovers\n|-start|p1a: Gengar|perish2\n|-start|p1b: Clefable|perish2\n|upkeep\n|turn|3\n|\n|t:|1776133034\n|switch|p1b: Altaria|Altaria, L50, F|100/100\n|-ability|p1b: Altaria|Cloud Nine\n|move|p1a: Gengar|Perish Song|p1a: Gengar\n|-start|p1b: Altaria|perish3|[silent]\n|-start|p2a: Meganium|perish3|[silent]\n|-start|p2b: Blastoise|perish3|[silent]\n|-fieldactivate|move: Perish Song\n|move|p2a: Meganium|Weather Ball|p1a: Gengar\n|-immune|p1a: Gengar\n|move|p2b: Blastoise|Dark Pulse|p1a: Gengar\n|-supereffective|p1a: Gengar|1\n|-damage|p1a: Gengar|44/100\n|\n|-weather|RainDance|[upkeep]\n|-start|p1a: Gengar|perish1\n|-start|p1b: Altaria|perish3\n|-start|p2a: Meganium|perish3\n|-start|p2b: Blastoise|perish3\n|upkeep\n|turn|4\n|\n|t:|1776133075\n|switch|p1a: Clefable|Clefable, L50, F|21/100\n|detailschange|p2a: Meganium|Meganium-Mega, L50, M\n|-mega|p2a: Meganium|Meganium|Meganiumite\n|move|p1b: Altaria|Ice Beam|p2a: Meganium\n|-supereffective|p2a: Meganium|1\n|-damage|p2a: Meganium|64/100\n|move|p2a: Meganium|Dazzling Gleam|p1a: Clefable|[spread] p1a,p1b\n|-supereffective|p1b: Altaria|1\n|-damage|p1a: Clefable|0 fnt\n|-damage|p1b: Altaria|31/100\n|faint|p1a: Clefable\n|move|p2b: Blastoise|Dark Pulse|p1b: Altaria\n|-damage|p1b: Altaria|12/100\n|\n|-weather|RainDance|[upkeep]\n|-start|p1b: Altaria|perish2\n|-start|p2a: Meganium|perish2\n|-start|p2b: Blastoise|perish2\n|upkeep\n|\n|t:|1776133089\n|switch|p1a: Gengar|Gengar-Mega, L50, M|44/100\n|turn|5\n|\n|t:|1776133104\n|move|p1a: Gengar|Protect|p1a: Gengar\n|-singleturn|p1a: Gengar|Protect\n|move|p1b: Altaria|Ice Beam|p2a: Meganium\n|-supereffective|p2a: Meganium|1\n|-damage|p2a: Meganium|31/100\n|move|p2a: Meganium|Dazzling Gleam|p1b: Altaria|[spread] p1b\n|-activate|p1a: Gengar|move: Protect\n|-supereffective|p1b: Altaria|1\n|-damage|p1b: Altaria|0 fnt\n|faint|p1b: Altaria\n|move|p2b: Blastoise|Dark Pulse|p1a: Gengar\n|-activate|p1a: Gengar|move: Protect\n|\n|-weather|none\n|-start|p2a: Meganium|perish1\n|-start|p2b: Blastoise|perish1\n|upkeep\n|\n|t:|1776133116\n|switch|p1b: Charizard|Charizard, L50, M|100/100\n|turn|6\n|\n|t:|1776133130\n|move|p1a: Gengar|Endure|p1a: Gengar\n|-singleturn|p1a: Gengar|move: Endure\n|move|p1b: Charizard|Swords Dance|p1b: Charizard\n|-boost|p1b: Charizard|atk|2\n|move|p2a: Meganium|Weather Ball|p1a: Gengar\n|-activate|p1a: Gengar|move: Endure\n|-damage|p1a: Gengar|1/100\n|move|p2b: Blastoise|Muddy Water|p1b: Charizard|[spread] p1a,p1b\n|-supereffective|p1b: Charizard|1\n|-activate|p1a: Gengar|move: Endure\n|-damage|p1a: Gengar|1/100\n|-damage|p1b: Charizard|30/100\n|\n|-start|p2a: Meganium|perish0\n|-start|p2b: Blastoise|perish0\n|faint|p2a: Meganium\n|faint|p2b: Blastoise\n|upkeep\n|\n|t:|1776133147\n|switch|p2a: Politoed|Politoed, L50, F|100/100\n|switch|p2b: Archaludon|Archaludon, L50, F|100/100\n|-weather|RainDance|[from] ability: Drizzle|[of] p2a: Politoed\n|turn|7\n|\n|t:|1776133158\n|move|p1a: Gengar|Shadow Ball|p2b: Archaludon\n|-damage|p2b: Archaludon|50/100\n|-ability|p2b: Archaludon|Stamina|boost\n|-boost|p2b: Archaludon|def|1\n|move|p1b: Charizard|Dig||[still]\n|-prepare|p1b: Charizard|Dig\n|move|p2b: Archaludon|Electro Shot||[still]\n|-prepare|p2b: Archaludon|Electro Shot\n|-boost|p2b: Archaludon|spa|1\n|-anim|p2b: Archaludon|Electro Shot|p1b: Charizard|[miss]\n|-miss|p2b: Archaludon|p1b: Charizard\n|move|p2a: Politoed|Muddy Water|p1a: Gengar|[spread] p1a\n|-miss|p2a: Politoed|p1b: Charizard\n|-damage|p1a: Gengar|0 fnt\n|faint|p1a: Gengar\n|\n|-weather|RainDance|[upkeep]\n|upkeep\n|turn|8\n|\n|t:|1776133179\n|move|p1b: Charizard|Dig|p2b: Archaludon|[from] lockedmove\n|-supereffective|p2b: Archaludon|1\n|-damage|p2b: Archaludon|2/100\n|-ability|p2b: Archaludon|Stamina|boost\n|-boost|p2b: Archaludon|def|1\n|move|p2b: Archaludon|Electro Shot||[still]\n|-prepare|p2b: Archaludon|Electro Shot\n|-boost|p2b: Archaludon|spa|1\n|-anim|p2b: Archaludon|Electro Shot|p1b: Charizard\n|-supereffective|p1b: Charizard|1\n|-damage|p1b: Charizard|0 fnt\n|faint|p1b: Charizard\n|\n|win|pacrat27\n|raw|Alcides's rating: 1000 &rarr; <strong>1000</strong><br />(+0 for losing)\n|raw|pacrat27's rating: 1094 &rarr; <strong>1113</strong><br />(+19 for winning)\n",
  "uploadtime": 1776133222,
  "views": 16,
  "formatid": "gen9championsvgc2026regma",
  "rating": 1000,
  "private": 0,
  "password": null
}