{
  "id": "gen9championsvgc2026regma-2581352192",
  "format": "[Gen 9 Champions] VGC 2026 Reg M-A",
  "players": [
    "Brilletta96_",
    "Pinoitaliano"
  ],
  "log": "|j|\u203dBrilletta96_\n|j|\u2606Pinoitaliano\n|t:|1775990515\n|gametype|doubles\n|player|p1|Brilletta96_|2|1000\n|player|p2|Pinoitaliano|allister|1015\n|gen|9\n|tier|[Gen 9 Champions] VGC 2026 Reg M-A\n|rated|\n|rule|Species Clause: Limit one of each Pok\u00e9mon\n|rule|Item Clause: Limit 1 of each item\n|clearpoke\n|poke|p1|Milotic, L50, F|\n|poke|p1|Froslass, L50, F|\n|poke|p1|Whimsicott, L50, M|\n|poke|p1|Incineroar, L50, F|\n|poke|p1|Garchomp, L50, F|\n|poke|p1|Kingambit, L50, F|\n|poke|p2|Gengar, L50, F|\n|poke|p2|Liepard, L50, F|\n|poke|p2|Kommo-o, L50, M|\n|poke|p2|Incineroar, L50, M|\n|poke|p2|Sinistcha, L50|\n|poke|p2|Tyranitar, L50, F|\n|teampreview|4\n|inactive|Battle timer is ON: inactive players will automatically lose when time's up. (requested by Pinoitaliano)\nBrilletta96_ rejected open team sheets.\n|inactive|Pinoitaliano has 60 seconds left.\n|\n|t:|1775990558\n|teamsize|p1|4\n|teamsize|p2|4\n|start\n|switch|p1a: Milotic|Milotic, L50, F|100/100\n|switch|p1b: Whimsicott|Whimsicott, L50, M|100/100\n|switch|p2a: Gengar|Gengar, L50, F|100/100\n|switch|p2b: Sinistcha|Sinistcha, L50|100/100\n|turn|1\n|inactive|Brilletta96_ has 30 seconds left.\n|\n|t:|1775990590\n|switch|p1a: Incineroar|Incineroar, L50, F|100/100\n|-ability|p1a: Incineroar|Intimidate|boost\n|-unboost|p2a: Gengar|atk|1\n|-unboost|p2b: Sinistcha|atk|1\n|detailschange|p2a: Gengar|Gengar-Mega, L50, F\n|-mega|p2a: Gengar|Gengar|Gengarite\n|move|p2b: Sinistcha|Rage Powder|p2b: Sinistcha\n|-singleturn|p2b: Sinistcha|move: Rage Powder\n|move|p1b: Whimsicott|Tailwind|p1b: Whimsicott\n|-sidestart|p1: Brilletta96_|move: Tailwind\n|move|p2a: Gengar|Perish Song|p2a: Gengar\n|-start|p1a: Incineroar|perish3|[silent]\n|-start|p1b: Whimsicott|perish3|[silent]\n|-start|p2a: Gengar|perish3|[silent]\n|-start|p2b: Sinistcha|perish3|[silent]\n|-fieldactivate|move: Perish Song\n|\n|-start|p1b: Whimsicott|perish3\n|-start|p2a: Gengar|perish3\n|-start|p1a: Incineroar|perish3\n|-start|p2b: Sinistcha|perish3\n|upkeep\n|turn|2\n|inactive|Pinoitaliano has 30 seconds left.\n|inactive|Pinoitaliano has 20 seconds left.\n|\n|t:|1775990626\n|switch|p2b: Incineroar|Incineroar, L50, M|100/100\n|-ability|p2b: Incineroar|Intimidate|boost\n|-unboost|p1a: Incineroar|atk|1\n|-unboost|p1b: Whimsicott|atk|1\n|move|p1b: Whimsicott|Encore|p2a: Gengar\n|-start|p2a: Gengar|Encore\n|move|p2a: Gengar|Perish Song|p2a: Gengar\n|-start|p2b: Incineroar|perish3|[silent]\n|-fieldactivate|move: Perish Song\n|move|p1a: Incineroar|Flare Blitz|p2b: Incineroar\n|-resisted|p2b: Incineroar|1\n|-damage|p2b: Incineroar|88/100\n|-damage|p1a: Incineroar|96/100|[from] Recoil\n|\n|-heal|p2b: Incineroar|94/100|[from] item: Leftovers\n|-start|p1b: Whimsicott|perish2\n|-start|p2a: Gengar|perish2\n|-start|p1a: Incineroar|perish2\n|-start|p2b: Incineroar|perish3\n|upkeep\n|turn|3\n|inactive|Brilletta96_ has 30 seconds left.\n|inactive|Pinoitaliano has 30 seconds left.\n|inactive|Brilletta96_ has 20 seconds left.\n|inactive|Brilletta96_ has 15 seconds left.\n|inactive|Brilletta96_ has 10 seconds left.\n|\n|t:|1775990676\n|move|p2b: Incineroar|Fake Out|p1a: Incineroar\n|-damage|p1a: Incineroar|86/100\n|move|p1b: Whimsicott|Moonblast|p2b: Incineroar\n|-damage|p2b: Incineroar|71/100\n|move|p2a: Gengar|Perish Song||[still]\n|-fail|p2a: Gengar\n|cant|p1a: Incineroar|flinch\n|\n|-heal|p2b: Incineroar|77/100|[from] item: Leftovers\n|-start|p1b: Whimsicott|perish1\n|-start|p2a: Gengar|perish1\n|-start|p1a: Incineroar|perish1\n|-start|p2b: Incineroar|perish2\n|upkeep\n|turn|4\n|inactive|Pinoitaliano has 30 seconds left.\n|inactive|Pinoitaliano has 20 seconds left.\n|\n|t:|1775990713\n|switch|p2a: Tyranitar|Tyranitar, L50, F|100/100\n|-weather|Sandstorm|[from] ability: Sand Stream|[of] p2a: Tyranitar\n|move|p1b: Whimsicott|Moonblast|p2b: Incineroar\n|-damage|p2b: Incineroar|57/100\n|move|p1a: Incineroar|Flare Blitz|p2a: Tyranitar\n|-resisted|p2a: Tyranitar|1\n|-damage|p2a: Tyranitar|85/100\n|-status|p2a: Tyranitar|brn\n|-damage|p1a: Incineroar|82/100|[from] Recoil\n|move|p2b: Incineroar|Parting Shot|p1a: Incineroar\n|-unboost|p1a: Incineroar|atk|1\n|-unboost|p1a: Incineroar|spa|1\n|\n|t:|1775990729\n|switch|p2b: Gengar|Gengar-Mega, L50, F|100/100|[from] Parting Shot\n|\n|-weather|Sandstorm|[upkeep]\n|-damage|p1b: Whimsicott|95/100|[from] Sandstorm\n|-damage|p2b: Gengar|95/100|[from] Sandstorm\n|-damage|p1a: Incineroar|76/100|[from] Sandstorm\n|-damage|p2a: Tyranitar|79/100 brn|[from] brn\n|-start|p1b: Whimsicott|perish0\n|-start|p1a: Incineroar|perish0\n|-sideend|p1: Brilletta96_|move: Tailwind\n|upkeep\n|faint|p1b: Whimsicott\n|faint|p1a: Incineroar\n|\n|t:|1775990738\n|switch|p1b: Milotic|Milotic, L50, F|100/100\n|switch|p1a: Froslass|Froslass, L50, F|100/100\n|turn|5\n|\n|t:|1775990753\n|switch|p2a: Incineroar|Incineroar, L50, M|57/100\n|-ability|p2a: Incineroar|Intimidate|boost\n|-unboost|p1a: Froslass|atk|1\n|-unboost|p1b: Milotic|atk|1\n|-ability|p1b: Milotic|Competitive|boost\n|-boost|p1b: Milotic|spa|2\n|detailschange|p1a: Froslass|Froslass-Mega, L50, F\n|-mega|p1a: Froslass|Froslass|Froslassite\n|-weather|Snowscape|[from] ability: Snow Warning|[of] p1a: Froslass\n|move|p2b: Gengar|Protect|p2b: Gengar\n|-singleturn|p2b: Gengar|Protect\n|move|p1a: Froslass|Blizzard|p2a: Incineroar|[spread] p2a\n|-activate|p2b: Gengar|move: Protect\n|-resisted|p2a: Incineroar|1\n|-damage|p2a: Incineroar|39/100\n|move|p1b: Milotic|Blizzard|p2a: Incineroar|[spread] p2a\n|-activate|p2b: Gengar|move: Protect\n|-resisted|p2a: Incineroar|1\n|-damage|p2a: Incineroar|25/100\n|\n|-weather|Snowscape|[upkeep]\n|-heal|p2a: Incineroar|31/100|[from] item: Leftovers\n|upkeep\n|turn|6\n|inactive|Brilletta96_ has 30 seconds left.\n|inactive|Pinoitaliano has 30 seconds left.\n|\n|t:|1775990783\n|move|p2a: Incineroar|Fake Out|p1b: Milotic\n|-damage|p1b: Milotic|88/100\n|move|p2b: Gengar|Perish Song|p2b: Gengar\n|-start|p1a: Froslass|perish3|[silent]\n|-start|p1b: Milotic|perish3|[silent]\n|-start|p2a: Incineroar|perish3|[silent]\n|-start|p2b: Gengar|perish3|[silent]\n|-fieldactivate|move: Perish Song\n|move|p1a: Froslass|Shadow Ball|p2b: Gengar\n|-supereffective|p2b: Gengar|1\n|-damage|p2b: Gengar|0 fnt\n|faint|p2b: Gengar\n|cant|p1b: Milotic|flinch\n|\n|-weather|Snowscape|[upkeep]\n|-heal|p1b: Milotic|94/100|[from] item: Leftovers\n|-heal|p2a: Incineroar|37/100|[from] item: Leftovers\n|-start|p1a: Froslass|perish3\n|-start|p1b: Milotic|perish3\n|-start|p2a: Incineroar|perish3\n|upkeep\n|\n|t:|1775990804\n|switch|p2b: Sinistcha|Sinistcha, L50|100/100\n|-heal|p2a: Incineroar|62/100|[from] ability: Hospitality|[of] p2b: Sinistcha\n|turn|7\n|\n|t:|1775990814\n|move|p2b: Sinistcha|Protect|p2b: Sinistcha\n|-singleturn|p2b: Sinistcha|Protect\n|move|p1a: Froslass|Blizzard|p2a: Incineroar|[spread] p2a\n|-activate|p2b: Sinistcha|move: Protect\n|-resisted|p2a: Incineroar|1\n|-damage|p2a: Incineroar|43/100\n|move|p1b: Milotic|Scald|p2a: Incineroar\n|-supereffective|p2a: Incineroar|1\n|-damage|p2a: Incineroar|0 fnt\n|faint|p2a: Incineroar\n|\n|-weather|Snowscape|[upkeep]\n|-heal|p1b: Milotic|99/100|[from] item: Leftovers\n|-start|p1a: Froslass|perish2\n|-start|p1b: Milotic|perish2\n|upkeep\n|\n|t:|1775990832\n|switch|p2a: Tyranitar|Tyranitar, L50, F|79/100 brn\n|-weather|Sandstorm|[from] ability: Sand Stream|[of] p2a: Tyranitar\n|turn|8\n|inactive|Pinoitaliano has 30 seconds left.\n|\n|t:|1775990862\n|move|p2b: Sinistcha|Rage Powder|p2b: Sinistcha\n|-singleturn|p2b: Sinistcha|move: Rage Powder\n|move|p2a: Tyranitar|Rock Slide|p1a: Froslass|[spread] p1a,p1b\n|-supereffective|p1a: Froslass|1\n|-damage|p1a: Froslass|54/100\n|-damage|p1b: Milotic|84/100\n|cant|p1a: Froslass|flinch\n|move|p1b: Milotic|Scald|p2b: Sinistcha\n|-resisted|p2b: Sinistcha|1\n|-damage|p2b: Sinistcha|71/100\n|-status|p2b: Sinistcha|brn\n|\n|-weather|Sandstorm|[upkeep]\n|-damage|p1a: Froslass|48/100|[from] Sandstorm\n|-damage|p1b: Milotic|78/100|[from] Sandstorm\n|-damage|p2b: Sinistcha|64/100 brn|[from] Sandstorm\n|-heal|p1b: Milotic|84/100|[from] item: Leftovers\n|-damage|p2a: Tyranitar|73/100 brn|[from] brn\n|-damage|p2b: Sinistcha|58/100 brn|[from] brn\n|-start|p1a: Froslass|perish1\n|-start|p1b: Milotic|perish1\n|upkeep\n|turn|9\n|inactive|Brilletta96_ has 30 seconds left.\n|\n|t:|1775990893\n|move|p2b: Sinistcha|Protect|p2b: Sinistcha\n|-singleturn|p2b: Sinistcha|Protect\n|move|p2a: Tyranitar|Rock Slide|p1a: Froslass|[spread] p1a,p1b\n|-supereffective|p1a: Froslass|1\n|-damage|p1a: Froslass|0 fnt\n|-damage|p1b: Milotic|66/100\n|faint|p1a: Froslass\n|cant|p1b: Milotic|flinch\n|\n|-weather|Sandstorm|[upkeep]\n|-damage|p1b: Milotic|60/100|[from] Sandstorm\n|-damage|p2b: Sinistcha|52/100 brn|[from] Sandstorm\n|-heal|p1b: Milotic|66/100|[from] item: Leftovers\n|-damage|p2a: Tyranitar|67/100 brn|[from] brn\n|-damage|p2b: Sinistcha|46/100 brn|[from] brn\n|-start|p1b: Milotic|perish0\n|faint|p1b: Milotic\n|\n|win|Pinoitaliano\n|raw|Brilletta96_'s rating: 1000 &rarr; <strong>1000</strong><br />(+0 for losing)\n|raw|Pinoitaliano's rating: 1015 &rarr; <strong>1051</strong><br />(+36 for winning)\n|l|\u203dBrilletta96_\n|player|p1|\n|c|\u2606Pinoitaliano|Gg\n",
  "uploadtime": 1775990916,
  "views": 17,
  "formatid": "gen9championsvgc2026regma",
  "rating": 1000,
  "private": 0,
  "password": null
}