{
  "id": "gen9championsvgc2026regma-2588190927",
  "format": "[Gen 9 Champions] VGC 2026 Reg M-A",
  "players": [
    "Mango404",
    "Carlosvto"
  ],
  "log": "|j|\u2606Mango404\n|j|\u2606Carlosvto\n|t:|1776612984\n|gametype|doubles\n|player|p1|Mango404|harlequin|1073\n|player|p2|Carlosvto|2|1000\n|gen|9\n|tier|[Gen 9 Champions] VGC 2026 Reg M-A\n|rated|\n|rule|Species Clause: Limit one of each Pok\u00e9mon\n|rule|Item Clause: Limit 1 of each item\n|clearpoke\n|poke|p1|Gardevoir, L50, F|\n|poke|p1|Incineroar, L50, M|\n|poke|p1|Sinistcha, L50|\n|poke|p1|Sableye, L50, F|\n|poke|p1|Farigiraf, L50, F|\n|poke|p1|Sneasler, L50, F|\n|poke|p2|Garchomp, L50, M|\n|poke|p2|Milotic, L50, F|\n|poke|p2|Kingambit, L50, F|\n|poke|p2|Dragapult, L50, F|\n|poke|p2|Whimsicott, L50, M|\n|poke|p2|Raichu-Alola, L50, M|\n|teampreview|4\n|\n|t:|1776613026\n|teamsize|p1|4\n|teamsize|p2|4\n|start\n|switch|p1a: Gardevoir|Gardevoir, L50, F|100/100\n|switch|p1b: Sneasler|Sneasler, L50, F|100/100\n|switch|p2a: Whimsicott|Whimsicott, L50, M|100/100\n|switch|p2b: Raichu|Raichu-Alola, L50, M|100/100\n|-ability|p1a: Gardevoir|Prankster|Trace|[from] ability: Trace|[of] p2a: Whimsicott\n|turn|1\n|\n|t:|1776613050\n|move|p2b: Raichu|Fake Out|p1b: Sneasler\n|-damage|p1b: Sneasler|87/100\n|cant|p1b: Sneasler|flinch\n|move|p2a: Whimsicott|Tailwind|p2a: Whimsicott\n|-sidestart|p2: Carlosvto|move: Tailwind\n|move|p1a: Gardevoir|Calm Mind|p1a: Gardevoir\n|-boost|p1a: Gardevoir|spa|1\n|-boost|p1a: Gardevoir|spd|1\n|\n|upkeep\n|turn|2\n|\n|t:|1776613072\n|move|p1a: Gardevoir|Calm Mind|p1a: Gardevoir\n|-boost|p1a: Gardevoir|spa|1\n|-boost|p1a: Gardevoir|spd|1\n|move|p2b: Raichu|Nuzzle|p1a: Gardevoir\n|-damage|p1a: Gardevoir|90/100\n|-status|p1a: Gardevoir|par\n|move|p2a: Whimsicott|Moonblast|p1b: Sneasler\n|-damage|p1b: Sneasler|39/100\n|move|p1b: Sneasler|Dire Claw|p2a: Whimsicott\n|-supereffective|p2a: Whimsicott|2\n|-enditem|p2a: Whimsicott|Focus Sash\n|-damage|p2a: Whimsicott|1/100\n|\n|upkeep\n|turn|3\n|\n|t:|1776613091\n|switch|p1b: Sinistcha|Sinistcha, L50|100/100\n|-heal|p1a: Gardevoir|100/100 par|[from] ability: Hospitality|[of] p1b: Sinistcha\n|detailschange|p1a: Gardevoir|Gardevoir-Mega, L50, F\n|-mega|p1a: Gardevoir|Gardevoir|Gardevoirite\n|move|p2b: Raichu|Thunderbolt|p1a: Gardevoir\n|-damage|p1a: Gardevoir|80/100 par\n|move|p2a: Whimsicott|Moonblast|p1b: Sinistcha\n|-damage|p1b: Sinistcha|70/100\n|move|p1a: Gardevoir|Hyper Voice|p2b: Raichu|[spread] p2a,p2b\n|-damage|p2a: Whimsicott|0 fnt\n|-damage|p2b: Raichu|0 fnt\n|faint|p2a: Whimsicott\n|faint|p2b: Raichu\n|\n|-heal|p1b: Sinistcha|76/100|[from] item: Leftovers\n|upkeep\n|\n|t:|1776613108\n|switch|p2b: Kingambit|Kingambit, L50, F|100/100\n|switch|p2a: Dragapult|Dragapult, L50, F|100/100\n|turn|4\n|\n|t:|1776613121\n|move|p2a: Dragapult|Protect|p2a: Dragapult\n|-singleturn|p2a: Dragapult|Protect\n|move|p1a: Gardevoir|Protect|p1a: Gardevoir\n|-singleturn|p1a: Gardevoir|Protect\n|move|p2b: Kingambit|Iron Head|p1a: Gardevoir\n|-activate|p1a: Gardevoir|move: Protect\n|move|p1b: Sinistcha|Trick Room|p1b: Sinistcha\n|-fieldstart|move: Trick Room|[of] p1b: Sinistcha\n|\n|-heal|p1b: Sinistcha|82/100|[from] item: Leftovers\n|-sideend|p2: Carlosvto|move: Tailwind\n|upkeep\n|turn|5\n|\n|t:|1776613142\n|move|p1a: Gardevoir|Hyper Voice|p2b: Kingambit|[spread] p2a,p2b\n|-supereffective|p2a: Dragapult|1\n|-damage|p2a: Dragapult|0 fnt\n|-damage|p2b: Kingambit|0 fnt\n|faint|p2a: Dragapult\n|faint|p2b: Kingambit\n|\n|win|Mango404\n|raw|Mango404's rating: 1073 &rarr; <strong>1096</strong><br />(+23 for winning)\n|raw|Carlosvto's rating: 1000 &rarr; <strong>1000</strong><br />(+0 for losing)\n",
  "uploadtime": 1776613146,
  "views": 27,
  "formatid": "gen9championsvgc2026regma",
  "rating": 1000,
  "private": 0,
  "password": null
}