{
  "id": "gen9championsvgc2026regma-2581559693",
  "format": "[Gen 9 Champions] VGC 2026 Reg M-A",
  "players": [
    "OnionNguyen",
    "rizzlerrrrrr"
  ],
  "log": "|j|\u2606OnionNguyen\n|j|\u2606rizzlerrrrrr\n|t:|1776010962\n|gametype|doubles\n|player|p1|OnionNguyen|169|1110\n|player|p2|rizzlerrrrrr|102|1099\n|gen|9\n|tier|[Gen 9 Champions] VGC 2026 Reg M-A\n|rated|\n|rule|Species Clause: Limit one of each Pok\u00e9mon\n|rule|Item Clause: Limit 1 of each item\n|clearpoke\n|poke|p1|Charizard, L50, F|\n|poke|p1|Venusaur, L50, F|\n|poke|p1|Garchomp, L50, M|\n|poke|p1|Rotom-Wash, L50|\n|poke|p1|Sneasler, L50, M|\n|poke|p1|Incineroar, L50, M|\n|poke|p2|Crabominable, L50, M|\n|poke|p2|Meowscarada, L50, M|\n|poke|p2|Farigiraf, L50, M|\n|poke|p2|Ninetales-Alola, L50, F|\n|poke|p2|Froslass, L50, F|\n|poke|p2|Incineroar, L50, F|\n|teampreview|4\n|inactive|Battle timer is ON: inactive players will automatically lose when time's up. (requested by rizzlerrrrrr)\n|inactive|OnionNguyen has 60 seconds left.\n|inactive|rizzlerrrrrr has 60 seconds left.\n|inactive|OnionNguyen has 30 seconds left.\n|inactive|OnionNguyen has 20 seconds left.\n|inactive|OnionNguyen has 15 seconds left.\n|\n|t:|1776011045\n|teamsize|p1|4\n|teamsize|p2|4\n|start\n|switch|p1a: Charizard|Charizard, L50, F, shiny|100/100\n|switch|p1b: Venusaur|Venusaur, L50, F|100/100\n|switch|p2a: Meowscarada|Meowscarada, L50, M|100/100\n|switch|p2b: Crabominable|Crabominable, L50, M|100/100\n|turn|1\n|inactive|OnionNguyen has 30 seconds left.\n|inactive|rizzlerrrrrr has 30 seconds left.\n|\n|t:|1776011072\n|detailschange|p1a: Charizard|Charizard-Mega-Y, L50, F, shiny\n|-mega|p1a: Charizard|Charizard|Charizardite Y\n|-weather|SunnyDay|[from] ability: Drought|[of] p1a: Charizard\n|move|p1b: Venusaur|Sludge Bomb|p2a: Meowscarada\n|-supereffective|p2a: Meowscarada|1\n|-crit|p2a: Meowscarada\n|-enditem|p2a: Meowscarada|Focus Sash\n|-damage|p2a: Meowscarada|1/100\n|move|p2a: Meowscarada|Flower Trick|p2b: Crabominable\n|-start|p2a: Meowscarada|typechange|Grass|[from] ability: Protean\n|-crit|p2b: Crabominable\n|-damage|p2b: Crabominable|55/100\n|-setboost|p2b: Crabominable|atk|6|[from] ability: Anger Point\n|move|p1a: Charizard|Heat Wave|p2a: Meowscarada|[spread] p2a\n|-miss|p1a: Charizard|p2b: Crabominable\n|-supereffective|p2a: Meowscarada|1\n|-damage|p2a: Meowscarada|0 fnt\n|faint|p2a: Meowscarada\n|move|p2b: Crabominable|Ice Spinner|p1b: Venusaur\n|-supereffective|p1b: Venusaur|1\n|-enditem|p1b: Venusaur|Focus Sash\n|-damage|p1b: Venusaur|1/100\n|\n|-weather|SunnyDay|[upkeep]\n|upkeep\n|\n|t:|1776011090\n|switch|p2a: Farigiraf|Farigiraf, L50, M|100/100\n|turn|2\n|\n|t:|1776011115\n|move|p1b: Venusaur|Protect|p1b: Venusaur\n|-singleturn|p1b: Venusaur|Protect\n|move|p1a: Charizard|Protect|p1a: Charizard\n|-singleturn|p1a: Charizard|Protect\n|move|p2b: Crabominable|Protect|p2b: Crabominable\n|-singleturn|p2b: Crabominable|Protect\n|move|p2a: Farigiraf|Trick Room|p2a: Farigiraf\n|-fieldstart|move: Trick Room|[of] p2a: Farigiraf\n|\n|-weather|SunnyDay|[upkeep]\n|upkeep\n|turn|3\n|inactive|OnionNguyen has 30 seconds left.\n|inactive|rizzlerrrrrr has 30 seconds left.\n|inactive|OnionNguyen has 20 seconds left.\n|inactive|OnionNguyen has 15 seconds left.\n|inactive|OnionNguyen has 10 seconds left.\n|inactive|rizzlerrrrrr has 20 seconds left.\n|\n|t:|1776011169\n|switch|p1a: Incineroar|Incineroar, L50, M, shiny|100/100\n|-ability|p1a: Incineroar|Intimidate|boost\n|-unboost|p2a: Farigiraf|atk|1\n|-unboost|p2b: Crabominable|atk|1\n|move|p2b: Crabominable|Drain Punch|p1a: Incineroar\n|-supereffective|p1a: Incineroar|1\n|-damage|p1a: Incineroar|0 fnt\n|-heal|p2b: Crabominable|100/100|[from] drain|[of] p1a: Incineroar\n|faint|p1a: Incineroar\n|move|p2a: Farigiraf|Hyper Voice|p1b: Venusaur\n|-damage|p1b: Venusaur|0 fnt\n|faint|p1b: Venusaur\n|\n|-weather|SunnyDay|[upkeep]\n|upkeep\n|\n|t:|1776011182\n|switch|p1a: Charizard|Charizard-Mega-Y, L50, F, shiny|100/100\n|switch|p1b: Rotom|Rotom-Wash, L50|100/100\n|turn|4\n|\n|t:|1776011197\n|switch|p2a: Ninetales|Ninetales-Alola, L50, F|100/100\n|-weather|Snowscape|[from] ability: Snow Warning|[of] p2a: Ninetales\n|move|p1a: Charizard|Protect|p1a: Charizard\n|-singleturn|p1a: Charizard|Protect\n|move|p2b: Crabominable|Ice Spinner|p1a: Charizard\n|-activate|p1a: Charizard|move: Protect\n|move|p1b: Rotom|Will-O-Wisp|p2b: Crabominable\n|-status|p2b: Crabominable|brn\n|\n|-weather|Snowscape|[upkeep]\n|-damage|p2b: Crabominable|95/100 brn|[from] brn\n|upkeep\n|turn|5\n|inactive|OnionNguyen has 30 seconds left.\n|\n|t:|1776011226\n|move|p2b: Crabominable|Ice Spinner|p1a: Charizard\n|-damage|p1a: Charizard|0 fnt\n|faint|p1a: Charizard\n|move|p1b: Rotom|Thunderbolt|p2a: Ninetales\n|-damage|p2a: Ninetales|59/100\n|-status|p2a: Ninetales|par\n|move|p2a: Ninetales|Aurora Veil|p2a: Ninetales\n|-sidestart|p2: rizzlerrrrrr|move: Aurora Veil\n|\n|-weather|Snowscape|[upkeep]\n|-damage|p2b: Crabominable|89/100 brn|[from] brn\n|upkeep\n|turn|6\n|-message|OnionNguyen forfeited.\n|\n|win|rizzlerrrrrr\n|raw|OnionNguyen's rating: 1110 &rarr; <strong>1084</strong><br />(-26 for losing)\n|raw|rizzlerrrrrr's rating: 1099 &rarr; <strong>1125</strong><br />(+26 for winning)\n|l|\u2606OnionNguyen\n|player|p1|\n",
  "uploadtime": 1776011235,
  "views": 16,
  "formatid": "gen9championsvgc2026regma",
  "rating": 1084,
  "private": 0,
  "password": null
}