{
  "id": "gen9championsvgc2026regma-2585016349",
  "format": "[Gen 9 Champions] VGC 2026 Reg M-A",
  "players": [
    "kekw 67",
    "soulo333"
  ],
  "log": "|j|\u2606kekw 67\n|j|\u2606soulo333\n|t:|1776303622\n|gametype|doubles\n|player|p1|kekw 67|lucas|1237\n|player|p2|soulo333|266|1322\n|gen|9\n|tier|[Gen 9 Champions] VGC 2026 Reg M-A\n|rated|\n|rule|Species Clause: Limit one of each Pok\u00e9mon\n|rule|Item Clause: Limit 1 of each item\n|clearpoke\n|poke|p1|Floette-Eternal, L50, F|\n|poke|p1|Kommo-o, L50, F|\n|poke|p1|Incineroar, L50, F|\n|poke|p1|Rotom-Wash, L50|\n|poke|p1|Sneasler, L50, F|\n|poke|p1|Aegislash, L50, F|\n|poke|p2|Charizard, L50, M|\n|poke|p2|Sneasler, L50, M|\n|poke|p2|Sinistcha, L50|\n|poke|p2|Incineroar, L50, F|\n|poke|p2|Milotic, L50, M|\n|poke|p2|Tyranitar, L50, F|\n|teampreview|4\n|inactive|Battle timer is ON: inactive players will automatically lose when time's up. (requested by kekw 67)\n|inactive|kekw 67 has 60 seconds left.\n|\n|t:|1776303678\n|teamsize|p1|4\n|teamsize|p2|4\n|start\n|switch|p1a: Kommo-o|Kommo-o, L50, F|100/100\n|switch|p1b: Incineroar|Incineroar, L50, F|100/100\n|switch|p2a: Milotic|Milotic, L50, M|100/100\n|switch|p2b: Sinistcha|Sinistcha, L50|100/100\n|-ability|p1b: Incineroar|Intimidate|boost\n|-unboost|p2a: Milotic|atk|1\n|-ability|p2a: Milotic|Competitive|boost\n|-boost|p2a: Milotic|spa|2\n|-unboost|p2b: Sinistcha|atk|1\n|turn|1\n|\n|t:|1776303695\n|move|p1b: Incineroar|Fake Out|p2a: Milotic\n|-damage|p2a: Milotic|90/100\n|move|p1a: Kommo-o|Clangorous Soul|p1a: Kommo-o\n|-boost|p1a: Kommo-o|atk|1\n|-boost|p1a: Kommo-o|def|1\n|-boost|p1a: Kommo-o|spa|1\n|-boost|p1a: Kommo-o|spd|1\n|-boost|p1a: Kommo-o|spe|1\n|-damage|p1a: Kommo-o|68/100\n|cant|p2a: Milotic|flinch\n|move|p2b: Sinistcha|Trick Room|p2b: Sinistcha\n|-fieldstart|move: Trick Room|[of] p2b: Sinistcha\n|\n|-heal|p2a: Milotic|96/100|[from] item: Leftovers\n|-heal|p1a: Kommo-o|74/100|[from] item: Leftovers\n|upkeep\n|turn|2\n|\n|t:|1776303719\n|switch|p1b: Sneasler|Sneasler, L50, F|100/100\n|move|p1a: Kommo-o|Protect|p1a: Kommo-o\n|-singleturn|p1a: Kommo-o|Protect\n|move|p2b: Sinistcha|Matcha Gotcha|p1b: Sneasler|[spread] p1b\n|-activate|p1a: Kommo-o|move: Protect\n|-resisted|p1b: Sneasler|1\n|-damage|p1b: Sneasler|77/100\n|-status|p1b: Sneasler|brn\n|move|p2a: Milotic|Scald|p1b: Sneasler\n|-damage|p1b: Sneasler|2/100 brn\n|\n|-heal|p2a: Milotic|100/100|[from] item: Leftovers\n|-heal|p1a: Kommo-o|79/100|[from] item: Leftovers\n|-damage|p1b: Sneasler|0 fnt|[from] brn\n|faint|p1b: Sneasler\n|upkeep\n|\n|t:|1776303735\n|switch|p1b: Aegislash|Aegislash, L50, F, shiny|100/100\n|turn|3\n|\n|t:|1776303750\n|-formechange|p1b: Aegislash|Aegislash-Blade|\n|move|p1b: Aegislash|Poltergeist|p2b: Sinistcha\n|-activate|p2b: Sinistcha|move: Poltergeist|Colbur Berry\n|-supereffective|p2b: Sinistcha|1\n|-damage|p2b: Sinistcha|0 fnt\n|faint|p2b: Sinistcha\n|move|p2a: Milotic|Scald|p1a: Kommo-o\n|-resisted|p1a: Kommo-o|1\n|-damage|p1a: Kommo-o|58/100\n|move|p1a: Kommo-o|Clanging Scales|p2a: Milotic\n|-damage|p2a: Milotic|56/100\n|-unboost|p1a: Kommo-o|def|1\n|\n|-heal|p2a: Milotic|62/100|[from] item: Leftovers\n|-heal|p1a: Kommo-o|64/100|[from] item: Leftovers\n|upkeep\n|\n|t:|1776303758\n|switch|p2b: Incineroar|Incineroar, L50, F|100/100\n|-ability|p2b: Incineroar|Intimidate|boost\n|-unboost|p1a: Kommo-o|atk|1\n|-unboost|p1b: Aegislash|atk|1\n|turn|4\n|\n|t:|1776303769\n|-formechange|p1b: Aegislash|Aegislash|\n|move|p1b: Aegislash|King's Shield|p1b: Aegislash\n|-singleturn|p1b: Aegislash|Protect\n|move|p1a: Kommo-o|Protect|p1a: Kommo-o\n|-singleturn|p1a: Kommo-o|Protect\n|move|p2b: Incineroar|Parting Shot|p1a: Kommo-o\n|-activate|p1a: Kommo-o|move: Protect\n|move|p2a: Milotic|Scald|p1b: Aegislash\n|-activate|p1b: Aegislash|move: Protect\n|\n|-heal|p2a: Milotic|68/100|[from] item: Leftovers\n|-heal|p1a: Kommo-o|70/100|[from] item: Leftovers\n|upkeep\n|turn|5\n|\n|t:|1776303779\n|move|p2b: Incineroar|Parting Shot|p1a: Kommo-o\n|-unboost|p1a: Kommo-o|atk|1\n|-unboost|p1a: Kommo-o|spa|1\n|\n|t:|1776303781\n|switch|p2b: Tyranitar|Tyranitar, L50, F|100/100|[from] Parting Shot\n|-weather|Sandstorm|[from] ability: Sand Stream|[of] p2b: Tyranitar\n|-formechange|p1b: Aegislash|Aegislash-Blade|\n|move|p1b: Aegislash|Poltergeist|p2a: Milotic\n|-activate|p2a: Milotic|move: Poltergeist|Leftovers\n|-damage|p2a: Milotic|21/100\n|move|p2a: Milotic|Scald|p1b: Aegislash\n|-damage|p1b: Aegislash|0 fnt\n|faint|p1b: Aegislash\n|move|p1a: Kommo-o|Clanging Scales|p2b: Tyranitar|[spread] p2a,p2b\n|-crit|p2a: Milotic\n|-damage|p2a: Milotic|0 fnt\n|-damage|p2b: Tyranitar|82/100\n|faint|p2a: Milotic\n|-unboost|p1a: Kommo-o|def|1\n|\n|-weather|Sandstorm|[upkeep]\n|-heal|p1a: Kommo-o|75/100|[from] item: Leftovers\n|-fieldend|move: Trick Room\n|upkeep\n|\n|t:|1776303798\n|switch|p2a: Incineroar|Incineroar, L50, F|100/100\n|switch|p1b: Incineroar|Incineroar, L50, F|100/100\n|-ability|p1b: Incineroar|Intimidate|boost\n|-unboost|p2a: Incineroar|atk|1\n|-unboost|p2b: Tyranitar|atk|1\n|-ability|p2a: Incineroar|Intimidate|boost\n|-unboost|p1a: Kommo-o|atk|1\n|-unboost|p1b: Incineroar|atk|1\n|turn|6\n|\n|t:|1776303809\n|move|p2b: Tyranitar|Protect|p2b: Tyranitar\n|-singleturn|p2b: Tyranitar|Protect\n|move|p1b: Incineroar|Fake Out|p2a: Incineroar\n|-damage|p2a: Incineroar|95/100\n|cant|p2a: Incineroar|flinch\n|move|p1a: Kommo-o|Aura Sphere|p2b: Tyranitar\n|-activate|p2b: Tyranitar|move: Protect\n|\n|-weather|Sandstorm|[upkeep]\n|-damage|p1b: Incineroar|95/100|[from] Sandstorm\n|-damage|p2a: Incineroar|89/100|[from] Sandstorm\n|-heal|p1a: Kommo-o|81/100|[from] item: Leftovers\n|upkeep\n|turn|7\n|\n|t:|1776303830\n|detailschange|p2b: Tyranitar|Tyranitar-Mega, L50, F\n|-mega|p2b: Tyranitar|Tyranitar|Tyranitarite\n|move|p1a: Kommo-o|Aura Sphere|p2b: Tyranitar\n|-supereffective|p2b: Tyranitar|2\n|-damage|p2b: Tyranitar|10/100\n|move|p2b: Tyranitar|High Horsepower|p1a: Kommo-o\n|-damage|p1a: Kommo-o|37/100\n|move|p1b: Incineroar|Parting Shot|p2a: Incineroar\n|-unboost|p2a: Incineroar|atk|1\n|-unboost|p2a: Incineroar|spa|1\n|move|p2a: Incineroar|Parting Shot|p1a: Kommo-o\n|-unboost|p1a: Kommo-o|atk|1\n|-unboost|p1a: Kommo-o|spa|1\n|\n|-weather|Sandstorm|[upkeep]\n|-damage|p1b: Incineroar|89/100|[from] Sandstorm\n|-damage|p2a: Incineroar|83/100|[from] Sandstorm\n|-heal|p1a: Kommo-o|43/100|[from] item: Leftovers\n|upkeep\n|turn|8\n|-message|soulo333 forfeited.\n|\n|win|kekw 67\n|raw|kekw 67's rating: 1237 &rarr; <strong>1268</strong><br />(+31 for winning)\n|raw|soulo333's rating: 1322 &rarr; <strong>1297</strong><br />(-25 for losing)\n",
  "uploadtime": 1776303843,
  "views": 40,
  "formatid": "gen9championsvgc2026regma",
  "rating": 1268,
  "private": 0,
  "password": null
}