{
  "id": "gen9championsvgc2026regma-2580753098",
  "format": "[Gen 9 Champions] VGC 2026 Reg M-A",
  "players": [
    "moisix",
    "theuzFkorg"
  ],
  "log": "|j|\u2606moisix\n|j|\u2606theuzFkorg\n|t:|1775929661\n|gametype|doubles\n|player|p1|moisix|102|1109\n|player|p2|theuzFkorg|red|1000\n|gen|9\n|tier|[Gen 9 Champions] VGC 2026 Reg M-A\n|rated|\n|rule|Species Clause: Limit one of each Pok\u00e9mon\n|rule|Item Clause: Limit 1 of each item\n|clearpoke\n|poke|p1|Abomasnow, L50, F|\n|poke|p1|Sableye, L50, F|\n|poke|p1|Typhlosion, L50, F|\n|poke|p1|Incineroar, L50, F|\n|poke|p1|Hatterene, L50, F|\n|poke|p1|Zoroark-Hisui, L50, F|\n|poke|p2|Raichu, L50, M|\n|poke|p2|Tyranitar, L50, F|\n|poke|p2|Garchomp, L50, F|\n|poke|p2|Politoed, L50, F|\n|teampreview|4\n|\n|t:|1775929701\n|teamsize|p1|4\n|teamsize|p2|4\n|start\n|switch|p1a: Abomasnow|Abomasnow, L50, F|100/100\n|switch|p1b: Incineroar|Incineroar, L50, F|100/100\n|switch|p2a: Tyranitar|Tyranitar, L50, F|100/100\n|switch|p2b: Garchomp|Garchomp, L50, F|100/100\n|-weather|Sandstorm|[from] ability: Sand Stream|[of] p2a: Tyranitar\n|-ability|p1b: Incineroar|Intimidate|boost\n|-unboost|p2a: Tyranitar|atk|1\n|-unboost|p2b: Garchomp|atk|1\n|-weather|Snowscape|[from] ability: Snow Warning|[of] p1a: Abomasnow\n|turn|1\n|inactive|Battle timer is ON: inactive players will automatically lose when time's up. (requested by moisix)\n|\n|t:|1775929720\n|switch|p2a: Politoed|Politoed, L50, F|100/100\n|-weather|RainDance|[from] ability: Drizzle|[of] p2a: Politoed\n|detailschange|p1a: Abomasnow|Abomasnow-Mega, L50, F\n|-mega|p1a: Abomasnow|Abomasnow|Abomasite\n|-weather|Snowscape|[from] ability: Snow Warning|[of] p1a: Abomasnow\n|move|p2b: Garchomp|Protect|p2b: Garchomp\n|-singleturn|p2b: Garchomp|Protect\n|move|p1b: Incineroar|Fake Out|p2a: Politoed\n|-damage|p2a: Politoed|86/100\n|move|p1a: Abomasnow|Blizzard|p2a: Politoed|[spread] p2a\n|-activate|p2b: Garchomp|move: Protect\n|-resisted|p2a: Politoed|1\n|-damage|p2a: Politoed|68/100\n|-status|p2a: Politoed|frz\n|\n|-weather|Snowscape|[upkeep]\n|upkeep\n|turn|2\n|inactive|moisix has 30 seconds left.\n|inactive|theuzFkorg has 30 seconds left.\n|\n|t:|1775929745\n|switch|p2b: Raichu|Raichu, L50, M|100/100\n|switch|p2a: Tyranitar|Tyranitar, L50, F|100/100\n|-weather|Sandstorm|[from] ability: Sand Stream|[of] p2a: Tyranitar\n|switch|p1a: Hatterene|Hatterene, L50, F|100/100\n|move|p1b: Incineroar|Parting Shot|p2b: Raichu\n|-unboost|p2b: Raichu|atk|1\n|-unboost|p2b: Raichu|spa|1\n|\n|t:|1775929758\n|switch|p1b: Abomasnow|Abomasnow-Mega, L50, F|100/100|[from] Parting Shot\n|-weather|Snowscape|[from] ability: Snow Warning|[of] p1b: Abomasnow\n|\n|-weather|Snowscape|[upkeep]\n|upkeep\n|turn|3\n|\n|t:|1775929780\n|move|p1b: Abomasnow|Protect|p1b: Abomasnow\n|-singleturn|p1b: Abomasnow|Protect\n|move|p2b: Raichu|Fake Out|p1a: Hatterene\n|-damage|p1a: Hatterene|94/100\n|move|p2a: Tyranitar|Rock Slide|p1a: Hatterene|[spread] p1a\n|-activate|p1b: Abomasnow|move: Protect\n|-damage|p1a: Hatterene|63/100\n|cant|p1a: Hatterene|flinch\n|\n|-weather|Snowscape|[upkeep]\n|-heal|p1a: Hatterene|69/100|[from] item: Leftovers\n|upkeep\n|turn|4\n|inactive|moisix has 30 seconds left.\n|inactive|theuzFkorg has 30 seconds left.\n|\n|t:|1775929805\n|switch|p1b: Incineroar|Incineroar, L50, F|100/100\n|-ability|p1b: Incineroar|Intimidate|boost\n|-unboost|p2a: Tyranitar|atk|1\n|-unboost|p2b: Raichu|atk|1\n|move|p2b: Raichu|Nuzzle|p1b: Incineroar\n|-damage|p1b: Incineroar|98/100\n|-status|p1b: Incineroar|par\n|move|p2a: Tyranitar|Rock Slide|p1a: Hatterene|[spread] p1a,p1b\n|-supereffective|p1b: Incineroar|1\n|-damage|p1a: Hatterene|43/100\n|-damage|p1b: Incineroar|58/100 par\n|cant|p1a: Hatterene|flinch\n|\n|-weather|Snowscape|[upkeep]\n|-heal|p1a: Hatterene|49/100|[from] item: Leftovers\n|upkeep\n|turn|5\n|\n|t:|1775929827\n|switch|p2a: Garchomp|Garchomp, L50, F|100/100\n|move|p2b: Raichu|Volt Switch|p1a: Hatterene\n|-damage|p1a: Hatterene|36/100\n|\n|t:|1775929832\n|switch|p2b: Tyranitar|Tyranitar, L50, F|100/100|[from] Volt Switch\n|-weather|Sandstorm|[from] ability: Sand Stream|[of] p2b: Tyranitar\n|move|p1b: Incineroar|Flare Blitz|p2b: Tyranitar\n|-resisted|p2b: Tyranitar|1\n|-damage|p2b: Tyranitar|70/100\n|-status|p2b: Tyranitar|brn\n|-damage|p1b: Incineroar|50/100 par|[from] Recoil\n|-enditem|p1b: Incineroar|Sitrus Berry|[eat]\n|-heal|p1b: Incineroar|74/100 par|[from] item: Sitrus Berry\n|move|p1a: Hatterene|Trick Room|p1a: Hatterene\n|-fieldstart|move: Trick Room|[of] p1a: Hatterene\n|\n|-weather|Sandstorm|[upkeep]\n|-damage|p1b: Incineroar|68/100 par|[from] Sandstorm\n|-damage|p1a: Hatterene|30/100|[from] Sandstorm\n|-heal|p1a: Hatterene|36/100|[from] item: Leftovers\n|-damage|p2b: Tyranitar|64/100 brn|[from] brn\n|upkeep\n|turn|6\n|inactive|moisix has 30 seconds left.\n|\n|t:|1775929863\n|move|p2b: Tyranitar|Protect|p2b: Tyranitar\n|-singleturn|p2b: Tyranitar|Protect\n|move|p1b: Incineroar|Parting Shot|p2a: Garchomp\n|-unboost|p2a: Garchomp|atk|1\n|-unboost|p2a: Garchomp|spa|1\n|\n|t:|1775929868\n|switch|p1b: Abomasnow|Abomasnow-Mega, L50, F|100/100|[from] Parting Shot\n|-weather|Snowscape|[from] ability: Snow Warning|[of] p1b: Abomasnow\n|move|p1a: Hatterene|Psychic Noise|p2a: Garchomp\n|-damage|p2a: Garchomp|62/100\n|-start|p2a: Garchomp|move: Heal Block\n|move|p2a: Garchomp|Earthquake|p1b: Abomasnow|[spread] p1a,p1b\n|-activate|p2b: Tyranitar|move: Protect\n|-resisted|p1b: Abomasnow|1\n|-damage|p1a: Hatterene|7/100\n|-damage|p1b: Abomasnow|91/100\n|\n|-weather|Snowscape|[upkeep]\n|-heal|p1a: Hatterene|13/100|[from] item: Leftovers\n|-damage|p2b: Tyranitar|59/100 brn|[from] brn\n|upkeep\n|turn|7\n|inactive|theuzFkorg has 30 seconds left.\n|\n|t:|1775929894\n|switch|p2a: Raichu|Raichu, L50, M|100/100\n|move|p1a: Hatterene|Helping Hand|p1b: Abomasnow\n|-singleturn|p1b: Abomasnow|Helping Hand|[of] p1a: Hatterene\n|move|p2b: Tyranitar|Protect|p2b: Tyranitar\n|-singleturn|p2b: Tyranitar|Protect\n|move|p1b: Abomasnow|Blizzard|p2b: Tyranitar|[spread] p2a\n|-activate|p2b: Tyranitar|move: Protect\n|-damage|p2a: Raichu|11/100\n|\n|-weather|Snowscape|[upkeep]\n|-heal|p1a: Hatterene|19/100|[from] item: Leftovers\n|-damage|p2b: Tyranitar|53/100 brn|[from] brn\n|upkeep\n|turn|8\n|inactive|moisix has 30 seconds left.\n|inactive|moisix has 20 seconds left.\n|\n|t:|1775929929\n|move|p2a: Raichu|Fake Out|p1b: Abomasnow\n|-damage|p1b: Abomasnow|87/100\n|move|p1a: Hatterene|Psychic Noise|p2a: Raichu\n|-damage|p2a: Raichu|0 fnt\n|faint|p2a: Raichu\n|cant|p1b: Abomasnow|flinch\n|move|p2b: Tyranitar|Crunch|p1a: Hatterene\n|-damage|p1a: Hatterene|0 fnt\n|faint|p1a: Hatterene\n|\n|-weather|Snowscape|[upkeep]\n|-damage|p2b: Tyranitar|47/100 brn|[from] brn\n|upkeep\n|\n|t:|1775929945\n|switch|p1a: Incineroar|Incineroar, L50, F|68/100 par\n|switch|p2a: Garchomp|Garchomp, L50, F|62/100\n|-ability|p1a: Incineroar|Intimidate|boost\n|-unboost|p2a: Garchomp|atk|1\n|-unboost|p2b: Tyranitar|atk|1\n|turn|9\n|\n|t:|1775929962\n|switch|p2a: Politoed|Politoed, L50, F|68/100 frz\n|-weather|RainDance|[from] ability: Drizzle|[of] p2a: Politoed\n|move|p2b: Tyranitar|Protect|p2b: Tyranitar\n|-singleturn|p2b: Tyranitar|Protect\n|move|p1a: Incineroar|Parting Shot|p2a: Politoed\n|-unboost|p2a: Politoed|atk|1\n|-unboost|p2a: Politoed|spa|1\n|\n|t:|1775929971\n|switch|p1a: Incineroar|Incineroar, L50, F|100/100|[from] Parting Shot\n|move|p1b: Abomasnow|Blizzard|p2a: Politoed|[spread] p2a\n|-activate|p2b: Tyranitar|move: Protect\n|-resisted|p2a: Politoed|1\n|-damage|p2a: Politoed|49/100 frz\n|\n|-weather|RainDance|[upkeep]\n|-damage|p2b: Tyranitar|42/100 brn|[from] brn\n|-fieldend|move: Trick Room\n|upkeep\n|turn|10\n|\n|t:|1775929987\n|move|p1a: Incineroar|Icy Wind|p2a: Politoed|[spread] p2a,p2b\n|-resisted|p2a: Politoed|1\n|-crit|p2a: Politoed\n|-damage|p2a: Politoed|40/100 frz\n|-damage|p2b: Tyranitar|31/100 brn\n|-unboost|p2a: Politoed|spe|1\n|-unboost|p2b: Tyranitar|spe|1\n|cant|p2a: Politoed|frz\n|move|p2b: Tyranitar|Rock Slide|p1b: Abomasnow|[spread] p1a,p1b\n|-supereffective|p1b: Abomasnow|1\n|-damage|p1a: Incineroar|78/100\n|-damage|p1b: Abomasnow|67/100\n|replace|p1a: Zoroark|Zoroark-Hisui, L50, F\n|-end|p1a: Zoroark|Illusion\n|move|p1b: Abomasnow|Earth Power|p2b: Tyranitar\n|-supereffective|p2b: Tyranitar|1\n|-damage|p2b: Tyranitar|0 fnt\n|faint|p2b: Tyranitar\n|\n|-weather|RainDance|[upkeep]\n|upkeep\n|inactive|theuzFkorg has 30 seconds left.\n|inactive|theuzFkorg has 20 seconds left.\n|inactive|theuzFkorg has 15 seconds left.\n|\n|t:|1775930030\n|switch|p2b: Garchomp|Garchomp, L50, F|62/100\n|turn|11\n|\n|t:|1775930039\n|switch|p1b: Incineroar|Incineroar, L50, F|68/100 par\n|-ability|p1b: Incineroar|Intimidate|boost\n|-unboost|p2a: Politoed|atk|1\n|-unboost|p2b: Garchomp|atk|1\n|cant|p2a: Politoed|frz\n|move|p1a: Zoroark|Icy Wind|p2b: Garchomp|[spread] p2a,p2b\n|-resisted|p2a: Politoed|1\n|-crit|p2a: Politoed\n|-supereffective|p2b: Garchomp|2\n|-damage|p2a: Politoed|31/100 frz\n|-damage|p2b: Garchomp|3/100\n|-unboost|p2a: Politoed|spe|1\n|-unboost|p2b: Garchomp|spe|1\n|move|p2b: Garchomp|Earthquake|p1b: Incineroar|[spread] p2a,p1a,p1b\n|-supereffective|p1b: Incineroar|1\n|-damage|p2a: Politoed|0 fnt\n|-damage|p1a: Zoroark|19/100\n|-damage|p1b: Incineroar|15/100 par\n|faint|p2a: Politoed\n|\n|-weather|RainDance|[upkeep]\n|upkeep\n|turn|12\n|\n|t:|1775930060\n|move|p1b: Incineroar|Fake Out|p2b: Garchomp\n|-damage|p2b: Garchomp|0 fnt\n|faint|p2b: Garchomp\n|\n|win|moisix\n|raw|moisix's rating: 1109 &rarr; <strong>1126</strong><br />(+17 for winning)\n|raw|theuzFkorg's rating: 1000 &rarr; <strong>1000</strong><br />(+0 for losing)\n",
  "uploadtime": 1775930066,
  "views": 40,
  "formatid": "gen9championsvgc2026regma",
  "rating": 1000,
  "private": 0,
  "password": null
}