{
  "id": "gen9championsvgc2026regma-2583517549",
  "format": "[Gen 9 Champions] VGC 2026 Reg M-A",
  "players": [
    "Yei_Lai",
    "vito23"
  ],
  "log": "|j|\u2606Yei_Lai\n|j|\u2606vito23\n|t:|1776180672\n|gametype|doubles\n|player|p1|Yei_Lai|dawn|1028\n|player|p2|vito23|1|1000\n|gen|9\n|tier|[Gen 9 Champions] VGC 2026 Reg M-A\n|rated|\n|rule|Species Clause: Limit one of each Pok\u00e9mon\n|rule|Item Clause: Limit 1 of each item\n|clearpoke\n|poke|p1|Runerigus, L50, M|\n|poke|p1|Torkoal, L50, M|\n|poke|p1|Venusaur, L50, M|\n|poke|p1|Kingambit, L50, F|\n|poke|p1|Kleavor, L50, M|\n|poke|p1|Drampa, L50, M|\n|poke|p2|Charizard, L50, M|\n|poke|p2|Incineroar, L50, M|\n|poke|p2|Sneasler, L50, F|\n|poke|p2|Garchomp, L50, M|\n|poke|p2|Kingambit, L50, F|\n|poke|p2|Whimsicott, L50, M|\n|teampreview|4\n|\n|t:|1776180703\n|teamsize|p1|4\n|teamsize|p2|4\n|start\n|switch|p1a: Kleavor|Kleavor, L50, M|100/100\n|switch|p1b: Runerigus|Runerigus, L50, M|100/100\n|switch|p2a: Sneasler|Sneasler, L50, F|100/100\n|switch|p2b: Whimsicott|Whimsicott, L50, M|100/100\n|turn|1\n|\n|t:|1776180714\n|move|p2a: Sneasler|Fake Out|p1a: Kleavor\n|-resisted|p1a: Kleavor|1\n|-damage|p1a: Kleavor|91/100\n|move|p2b: Whimsicott|Tailwind|p2b: Whimsicott\n|-sidestart|p2: vito23|move: Tailwind\n|cant|p1a: Kleavor|flinch\n|move|p1b: Runerigus|Trick Room|p1b: Runerigus\n|-fieldstart|move: Trick Room|[of] p1b: Runerigus\n|\n|upkeep\n|turn|2\n|\n|t:|1776180741\n|switch|p1b: Drampa|Drampa, L50, M|100/100\n|-ability|p1b: Drampa|Cloud Nine\n|move|p2a: Sneasler|Protect|p2a: Sneasler\n|-singleturn|p2a: Sneasler|Protect\n|move|p2b: Whimsicott|Encore||[still]\n|-fail|p2b: Whimsicott\n|move|p1a: Kleavor|U-turn|p2b: Whimsicott\n|-crit|p2b: Whimsicott\n|-damage|p2b: Whimsicott|32/100\n|\n|t:|1776180752\n|switch|p1a: Venusaur|Venusaur, L50, M|100/100|[from] U-turn\n|\n|upkeep\n|turn|3\n|\n|t:|1776180802\n|detailschange|p1b: Drampa|Drampa-Mega, L50, M\n|-mega|p1b: Drampa|Drampa|Drampanite\n|move|p2b: Whimsicott|Helping Hand|p2a: Sneasler\n|-singleturn|p2a: Sneasler|Helping Hand|[of] p2b: Whimsicott\n|move|p1b: Drampa|Hyper Voice|p2a: Sneasler|[spread] p2a,p2b\n|-damage|p2a: Sneasler|44/100\n|-damage|p2b: Whimsicott|0 fnt\n|faint|p2b: Whimsicott\n|move|p1a: Venusaur|Earth Power|p2a: Sneasler\n|-supereffective|p2a: Sneasler|1\n|-damage|p2a: Sneasler|0 fnt\n|faint|p2a: Sneasler\n|\n|upkeep\n|\n|t:|1776180812\n|switch|p2a: Charizard|Charizard, L50, M|100/100\n|switch|p2b: Garchomp|Garchomp, L50, M|100/100\n|turn|4\n|\n|t:|1776180834\n|detailschange|p2a: Charizard|Charizard-Mega-Y, L50, M\n|-mega|p2a: Charizard|Charizard|Charizardite Y\n|-weather|SunnyDay|[from] ability: Drought|[of] p2a: Charizard\n|move|p1b: Drampa|Dragon Pulse|p2a: Charizard\n|-damage|p2a: Charizard|45/100\n|move|p1a: Venusaur|Sludge Bomb|p2a: Charizard\n|-damage|p2a: Charizard|2/100\n|move|p2a: Charizard|Heat Wave|p1b: Drampa|[spread] p1a,p1b\n|-supereffective|p1a: Venusaur|1\n|-resisted|p1b: Drampa|1\n|-damage|p1a: Venusaur|0 fnt\n|-damage|p1b: Drampa|72/100\n|faint|p1a: Venusaur\n|move|p2b: Garchomp|Dragon Claw|p1b: Drampa\n|-supereffective|p1b: Drampa|1\n|-damage|p1b: Drampa|0 fnt\n|faint|p1b: Drampa\n|\n|-weather|SunnyDay|[upkeep]\n|-sideend|p2: vito23|move: Tailwind\n|upkeep\n|\n|t:|1776180847\n|switch|p1b: Runerigus|Runerigus, L50, M|100/100\n|switch|p1a: Kleavor|Kleavor, L50, M|91/100\n|turn|5\n|\n|t:|1776180861\n|move|p2a: Charizard|Protect|p2a: Charizard\n|-singleturn|p2a: Charizard|Protect\n|move|p1b: Runerigus|Night Shade|p2a: Charizard\n|-activate|p2a: Charizard|move: Protect\n|move|p1a: Kleavor|Close Combat|p2b: Garchomp\n|-damage|p2b: Garchomp|51/100\n|-unboost|p1a: Kleavor|def|1\n|-unboost|p1a: Kleavor|spd|1\n|-damage|p1a: Kleavor|79/100|[from] ability: Rough Skin|[of] p2b: Garchomp\n|move|p2b: Garchomp|Dragon Claw|p1b: Runerigus\n|-damage|p1b: Runerigus|73/100\n|-activate|p2b: Garchomp|Skill Swap|Wandering Spirit|Rough Skin|[of] p1b: Runerigus\n|\n|-weather|SunnyDay|[upkeep]\n|-heal|p1b: Runerigus|79/100|[from] item: Leftovers\n|-fieldend|move: Trick Room\n|upkeep\n|turn|6\n|\n|t:|1776180886\n|move|p2b: Garchomp|Dragon Claw|p1b: Runerigus\n|-damage|p1b: Runerigus|50/100\n|-damage|p2b: Garchomp|39/100|[from] ability: Rough Skin|[of] p1b: Runerigus\n|move|p1a: Kleavor|Close Combat|p2a: Charizard\n|-resisted|p2a: Charizard|1\n|-damage|p2a: Charizard|0 fnt\n|-unboost|p1a: Kleavor|def|1\n|-unboost|p1a: Kleavor|spd|1\n|faint|p2a: Charizard\n|move|p1b: Runerigus|Night Shade|p2b: Garchomp\n|-damage|p2b: Garchomp|11/100\n|\n|-weather|SunnyDay|[upkeep]\n|-heal|p1b: Runerigus|56/100|[from] item: Leftovers\n|upkeep\n|turn|7\n|-message|vito23 forfeited.\n|\n|win|Yei_Lai\n|raw|Yei_Lai's rating: 1028 &rarr; <strong>1061</strong><br />(+33 for winning)\n|raw|vito23's rating: 1000 &rarr; <strong>1000</strong><br />(+0 for losing)\n|l|\u2606vito23\n|player|p2|\n",
  "uploadtime": 1776180987,
  "views": 24,
  "formatid": "gen9championsvgc2026regma",
  "rating": 1000,
  "private": 0,
  "password": null
}