{
  "id": "gen9championsvgc2026regma-2581831578",
  "format": "[Gen 9 Champions] VGC 2026 Reg M-A",
  "players": [
    "25thbrunoo",
    "fierycasey_"
  ],
  "log": "|j|\u260625thbrunoo\n|j|\u2606fierycasey_\n|t:|1776032004\n|gametype|doubles\n|player|p1|25thbrunoo|n|1052\n|player|p2|fierycasey_|265|1040\n|gen|9\n|tier|[Gen 9 Champions] VGC 2026 Reg M-A\n|rated|\n|rule|Species Clause: Limit one of each Pok\u00e9mon\n|rule|Item Clause: Limit 1 of each item\n|clearpoke\n|poke|p1|Golurk, L50|\n|poke|p1|Farigiraf, L50, F|\n|poke|p1|Torkoal, L50, M|\n|poke|p1|Venusaur, L50, F|\n|poke|p1|Sneasler, L50, M|\n|poke|p1|Incineroar, L50, M|\n|poke|p2|Archaludon, L50, M|\n|poke|p2|Pelipper, L50, M|\n|poke|p2|Gallade, L50, M|\n|poke|p2|Incineroar, L50, F|\n|poke|p2|Sinistcha, L50|\n|poke|p2|Garchomp, L50, F|\n|teampreview|4\n|\n|t:|1776032025\n|teamsize|p1|4\n|teamsize|p2|4\n|start\n|switch|p1a: Golurk|Golurk, L50, shiny|100/100\n|switch|p1b: Farigiraf|Farigiraf, L50, F, shiny|100/100\n|switch|p2a: Archaludon|Archaludon, L50, M|100/100\n|switch|p2b: Incineroar|Incineroar, L50, F|100/100\n|-ability|p2b: Incineroar|Intimidate|boost\n|-unboost|p1a: Golurk|atk|1\n|-unboost|p1b: Farigiraf|atk|1\n|turn|1\n|inactive|Battle timer is ON: inactive players will automatically lose when time's up. (requested by 25thbrunoo)\n|inactive|fierycasey_ has 60 seconds left.\n|inactive|fierycasey_ has 30 seconds left.\n|inactive|fierycasey_ has 20 seconds left.\n|inactive|fierycasey_ has 15 seconds left.\n|inactive|fierycasey_ has 10 seconds left.\n|\n|t:|1776032111\n|switch|p2a: Pelipper|Pelipper, L50, M|100/100\n|-weather|RainDance|[from] ability: Drizzle|[of] p2a: Pelipper\n|detailschange|p1a: Golurk|Golurk-Mega, L50, shiny\n|-mega|p1a: Golurk|Golurk|Golurkite\n|move|p1a: Golurk|Protect|p1a: Golurk\n|-singleturn|p1a: Golurk|Protect\n|move|p2b: Incineroar|Fake Out||[still]\n|cant|p1b: Farigiraf|ability: Armor Tail|Fake Out|[of] p2b: Incineroar\n|move|p1b: Farigiraf|Trick Room|p1b: Farigiraf\n|-fieldstart|move: Trick Room|[of] p1b: Farigiraf\n|\n|-weather|RainDance|[upkeep]\n|upkeep\n|turn|2\n|inactive|25thbrunoo has 30 seconds left.\n|inactive|fierycasey_ has 30 seconds left.\n|\n|t:|1776032144\n|switch|p1a: Venusaur|Venusaur, L50, F, shiny|100/100\n|move|p2b: Incineroar|Parting Shot|p1a: Venusaur\n|-unboost|p1a: Venusaur|atk|1\n|-unboost|p1a: Venusaur|spa|1\n|inactive|fierycasey_ has 30 seconds left.\n|inactive|fierycasey_ has 20 seconds left.\n|inactive|fierycasey_ has 15 seconds left.\n|\n|t:|1776032184\n|switch|p2b: Gallade|Gallade, L50, M|100/100|[from] Parting Shot\n|move|p1b: Farigiraf|Hyper Voice|p2a: Pelipper|[spread] p2a,p2b\n|-damage|p2a: Pelipper|63/100\n|-damage|p2b: Gallade|70/100\n|move|p2a: Pelipper|Weather Ball|p1a: Venusaur\n|-resisted|p1a: Venusaur|1\n|-damage|p1a: Venusaur|72/100\n|\n|-weather|RainDance|[upkeep]\n|upkeep\n|turn|3\n|inactive|25thbrunoo has 30 seconds left.\n|inactive|fierycasey_ has 30 seconds left.\n|\n|t:|1776032215\n|move|p1b: Farigiraf|Psychic|p2b: Gallade\n|-damage|p2b: Gallade|24/100\n|move|p2a: Pelipper|Hurricane|p1a: Venusaur\n|-supereffective|p1a: Venusaur|1\n|-damage|p1a: Venusaur|0 fnt\n|faint|p1a: Venusaur\n|move|p2b: Gallade|Triple Axel|p1b: Farigiraf\n|-damage|p1b: Farigiraf|94/100\n|-damage|p1b: Farigiraf|82/100\n|-damage|p1b: Farigiraf|64/100\n|-hitcount|p1b: Farigiraf|3\n|\n|-weather|RainDance|[upkeep]\n|upkeep\n|\n|t:|1776032229\n|switch|p1a: Golurk|Golurk-Mega, L50, shiny|100/100\n|turn|4\n|\n|t:|1776032251\n|switch|p2b: Incineroar|Incineroar, L50, F|100/100\n|-ability|p2b: Incineroar|Intimidate|boost\n|-unboost|p1a: Golurk|atk|1\n|-unboost|p1b: Farigiraf|atk|1\n|move|p2a: Pelipper|Protect|p2a: Pelipper\n|-singleturn|p2a: Pelipper|Protect\n|move|p1a: Golurk|Poltergeist|p2a: Pelipper\n|-activate|p2a: Pelipper|move: Protect\n|move|p1b: Farigiraf|Hyper Voice|p2b: Incineroar|[spread] p2b\n|-activate|p2a: Pelipper|move: Protect\n|-damage|p2b: Incineroar|79/100\n|\n|-weather|RainDance|[upkeep]\n|upkeep\n|turn|5\n|inactive|fierycasey_ has 30 seconds left.\n|inactive|fierycasey_ has 20 seconds left.\n|\n|t:|1776032290\n|move|p1a: Golurk|Protect|p1a: Golurk\n|-singleturn|p1a: Golurk|Protect\n|move|p2b: Incineroar|Protect|p2b: Incineroar\n|-singleturn|p2b: Incineroar|Protect\n|move|p1b: Farigiraf|Psychic|p2a: Pelipper\n|-damage|p2a: Pelipper|14/100\n|move|p2a: Pelipper|Tailwind|p2a: Pelipper\n|-sidestart|p2: fierycasey_|move: Tailwind\n|\n|-weather|none\n|-fieldend|move: Trick Room\n|upkeep\n|turn|6\n|inactive|25thbrunoo has 30 seconds left.\n|inactive|fierycasey_ has 30 seconds left.\n|inactive|25thbrunoo has 20 seconds left.\n|\n|t:|1776032329\n|move|p2a: Pelipper|Weather Ball|p1b: Farigiraf\n|-damage|p1b: Farigiraf|52/100\n|move|p2b: Incineroar|Flare Blitz|p1b: Farigiraf\n|-damage|p1b: Farigiraf|3/100\n|-damage|p2b: Incineroar|60/100|[from] Recoil\n|move|p1b: Farigiraf|Hyper Voice|p2a: Pelipper|[spread] p2a,p2b\n|-damage|p2a: Pelipper|0 fnt\n|-damage|p2b: Incineroar|39/100\n|-enditem|p2b: Incineroar|Sitrus Berry|[eat]\n|-heal|p2b: Incineroar|64/100|[from] item: Sitrus Berry\n|faint|p2a: Pelipper\n|move|p1a: Golurk|Headlong Rush|p2b: Incineroar\n|-supereffective|p2b: Incineroar|1\n|-damage|p2b: Incineroar|0 fnt\n|-unboost|p1a: Golurk|def|1\n|-unboost|p1a: Golurk|spd|1\n|faint|p2b: Incineroar\n|\n|upkeep\n|\n|t:|1776032335\n|switch|p2a: Gallade|Gallade, L50, M|24/100\n|switch|p2b: Archaludon|Archaludon, L50, M|100/100\n|turn|7\n|inactive|25thbrunoo has 30 seconds left.\n|\n|t:|1776032365\n|switch|p1a: Incineroar|Incineroar, L50, M|100/100\n|-ability|p1a: Incineroar|Intimidate|boost\n|-unboost|p2a: Gallade|atk|1\n|-unboost|p2b: Archaludon|atk|1\n|detailschange|p2a: Gallade|Gallade-Mega, L50, M\n|-mega|p2a: Gallade|Gallade|Galladite\n|move|p2a: Gallade|Triple Axel|p1a: Incineroar\n|-resisted|p1a: Incineroar|1\n|-damage|p1a: Incineroar|98/100\n|-resisted|p1a: Incineroar|1\n|-damage|p1a: Incineroar|94/100\n|-resisted|p1a: Incineroar|1\n|-damage|p1a: Incineroar|86/100\n|-hitcount|p1a: Incineroar|3\n|move|p2b: Archaludon|Dragon Pulse|p1b: Farigiraf\n|-damage|p1b: Farigiraf|0 fnt\n|faint|p1b: Farigiraf\n|\n|upkeep\n|\n|t:|1776032379\n|switch|p1b: Golurk|Golurk-Mega, L50, shiny|100/100\n|turn|8\n|inactive|25thbrunoo has 30 seconds left.\n|inactive|25thbrunoo has 20 seconds left.\n|inactive|25thbrunoo has 15 seconds left.\n|\n|t:|1776032420\n|move|p1a: Incineroar|Fake Out|p2b: Archaludon\n|-resisted|p2b: Archaludon|1\n|-damage|p2b: Archaludon|96/100\n|-ability|p2b: Archaludon|Stamina|boost\n|-boost|p2b: Archaludon|def|1\n|move|p2a: Gallade|Close Combat|p1a: Incineroar\n|-supereffective|p1a: Incineroar|1\n|-damage|p1a: Incineroar|5/100\n|-unboost|p2a: Gallade|def|1\n|-unboost|p2a: Gallade|spd|1\n|cant|p2b: Archaludon|flinch\n|move|p1b: Golurk|Poltergeist|p2a: Gallade\n|-activate|p2a: Gallade|move: Poltergeist|Galladite\n|-supereffective|p2a: Gallade|1\n|-damage|p2a: Gallade|0 fnt\n|faint|p2a: Gallade\n|\n|-sideend|p2: fierycasey_|move: Tailwind\n|upkeep\n|turn|9\n|\n|t:|1776032445\n|move|p2b: Archaludon|Dragon Pulse|p1a: Incineroar\n|-damage|p1a: Incineroar|0 fnt\n|faint|p1a: Incineroar\n|move|p1b: Golurk|Headlong Rush|p2b: Archaludon\n|-supereffective|p2b: Archaludon|1\n|-damage|p2b: Archaludon|0 fnt\n|-unboost|p1b: Golurk|def|1\n|-unboost|p1b: Golurk|spd|1\n|faint|p2b: Archaludon\n|\n|win|25thbrunoo\n|raw|25thbrunoo's rating: 1052 &rarr; <strong>1083</strong><br />(+31 for winning)\n|raw|fierycasey_'s rating: 1040 &rarr; <strong>1025</strong><br />(-15 for losing)\n|l|\u2606fierycasey_\n|player|p2|\n",
  "uploadtime": 1776032474,
  "views": 11,
  "formatid": "gen9championsvgc2026regma",
  "rating": 1025,
  "private": 0,
  "password": null
}