{
  "id": "gen9championsvgc2026regma-2584704169",
  "format": "[Gen 9 Champions] VGC 2026 Reg M-A",
  "players": [
    "Nickdia1",
    "pabilisco"
  ],
  "log": "|j|\u2606Nickdia1\n|j|\u2606pabilisco\n|t:|1776277911\n|gametype|doubles\n|player|p1|Nickdia1|2|1096\n|player|p2|pabilisco|rosa-masters3|1078\n|gen|9\n|tier|[Gen 9 Champions] VGC 2026 Reg M-A\n|rated|\n|rule|Species Clause: Limit one of each Pok\u00e9mon\n|rule|Item Clause: Limit 1 of each item\n|clearpoke\n|poke|p1|Camerupt, L50, F|\n|poke|p1|Bellibolt, L50, M|\n|poke|p1|Sinistcha-Masterpiece, L50|\n|poke|p1|Incineroar, L50, M|\n|poke|p1|Abomasnow, L50, F|\n|poke|p1|Oranguru, L50, F|\n|poke|p2|Golurk, L50|\n|poke|p2|Empoleon, L50, M|\n|poke|p2|Sinistcha, L50|\n|poke|p2|Incineroar, L50, F|\n|poke|p2|Hatterene, L50, F|\n|poke|p2|Toucannon, L50, M|\n|teampreview|4\n|\n|t:|1776277954\n|teamsize|p1|4\n|teamsize|p2|4\n|start\n|switch|p1a: Oranguru|Oranguru, L50, F|100/100\n|switch|p1b: Bellibolt|Bellibolt, L50, M|100/100\n|switch|p2a: Toucannon|Toucannon, L50, M|100/100\n|switch|p2b: Hatterene|Hatterene, L50, F|100/100\n|turn|1\n|inactive|Battle timer is ON: inactive players will automatically lose when time's up. (requested by Nickdia1)\n|\n|t:|1776277983\n|move|p2a: Toucannon|Rock Blast|p1b: Bellibolt\n|-damage|p1b: Bellibolt|93/100\n|-start|p1b: Bellibolt|Charge|Rock Blast|[from] ability: Electromorphosis\n|-damage|p1b: Bellibolt|86/100\n|-start|p1b: Bellibolt|Charge|Rock Blast|[from] ability: Electromorphosis\n|-damage|p1b: Bellibolt|78/100\n|-start|p1b: Bellibolt|Charge|Rock Blast|[from] ability: Electromorphosis\n|-damage|p1b: Bellibolt|70/100\n|-start|p1b: Bellibolt|Charge|Rock Blast|[from] ability: Electromorphosis\n|-damage|p1b: Bellibolt|63/100\n|-start|p1b: Bellibolt|Charge|Rock Blast|[from] ability: Electromorphosis\n|-hitcount|p1b: Bellibolt|5\n|cant|p1b: Bellibolt|flinch\n|-end|p1b: Bellibolt|Charge|[silent]\n|move|p2b: Hatterene|Dazzling Gleam|p1b: Bellibolt|[spread] p1a,p1b\n|-damage|p1a: Oranguru|69/100\n|-damage|p1b: Bellibolt|32/100\n|-start|p1b: Bellibolt|Charge|Dazzling Gleam|[from] ability: Electromorphosis\n|move|p1a: Oranguru|Trick Room|p1a: Oranguru\n|-fieldstart|move: Trick Room|[of] p1a: Oranguru\n|\n|upkeep\n|turn|2\n|inactive|Nickdia1 has 30 seconds left.\n|inactive|pabilisco has 30 seconds left.\n|\n|t:|1776278012\n|move|p2a: Toucannon|Protect|p2a: Toucannon\n|-singleturn|p2a: Toucannon|Protect\n|move|p2b: Hatterene|Dazzling Gleam|p1a: Oranguru|[spread] p1a,p1b\n|-damage|p1a: Oranguru|39/100\n|-damage|p1b: Bellibolt|1/100\n|-start|p1b: Bellibolt|Charge|Dazzling Gleam|[from] ability: Electromorphosis\n|move|p1b: Bellibolt|Parabolic Charge|p2b: Hatterene|[spread] p1a,p2b\n|-activate|p2a: Toucannon|move: Protect\n|-damage|p1a: Oranguru|7/100\n|-heal|p1b: Bellibolt|16/100|[from] drain|[of] p1a: Oranguru\n|-damage|p2b: Hatterene|54/100\n|-heal|p1b: Bellibolt|32/100|[from] drain|[of] p2b: Hatterene\n|-end|p1b: Bellibolt|Charge|[silent]\n|move|p1a: Oranguru|Yawn|p2b: Hatterene\n|move|p2b: Hatterene|Yawn|p1a: Oranguru|[from] ability: Magic Bounce\n|-start|p1a: Oranguru|move: Yawn|[of] p2b: Hatterene\n|\n|upkeep\n|turn|3\n|\n|t:|1776278035\n|-singleturn|p2a: Toucannon|move: Beak Blast\n|move|p2b: Hatterene|Dazzling Gleam|p1b: Bellibolt|[spread] p1a,p1b\n|-damage|p1a: Oranguru|0 fnt\n|-damage|p1b: Bellibolt|0 fnt\n|faint|p1a: Oranguru\n|faint|p1b: Bellibolt\n|move|p2a: Toucannon|Beak Blast|p1: Oranguru|[notarget]\n|-fail|p2a: Toucannon\n|\n|upkeep\n|\n|t:|1776278046\n|switch|p1b: Sinistcha|Sinistcha-Masterpiece, L50|100/100\n|switch|p1a: Camerupt|Camerupt, L50, F|100/100\n|turn|4\n|\n|t:|1776278058\n|detailschange|p1a: Camerupt|Camerupt-Mega, L50, F\n|-mega|p1a: Camerupt|Camerupt|Cameruptite\n|-singleturn|p2a: Toucannon|move: Beak Blast\n|move|p1a: Camerupt|Ancient Power|p2a: Toucannon\n|-supereffective|p2a: Toucannon|1\n|-damage|p2a: Toucannon|22/100\n|move|p2b: Hatterene|Dazzling Gleam|p1a: Camerupt|[spread] p1a,p1b\n|-resisted|p1a: Camerupt|1\n|-damage|p1a: Camerupt|82/100\n|-damage|p1b: Sinistcha|62/100\n|move|p1b: Sinistcha|Calm Mind|p1b: Sinistcha\n|-boost|p1b: Sinistcha|spa|1\n|-boost|p1b: Sinistcha|spd|1\n|move|p2a: Toucannon|Beak Blast|p1b: Sinistcha\n|-supereffective|p1b: Sinistcha|1\n|-damage|p1b: Sinistcha|0 fnt\n|faint|p1b: Sinistcha\n|\n|upkeep\n|turn|5\n|\n|t:|1776278079\n|move|p2a: Toucannon|Protect|p2a: Toucannon\n|-singleturn|p2a: Toucannon|Protect\n|move|p1a: Camerupt|Heat Wave|p2a: Toucannon|[spread] \n|-activate|p2a: Toucannon|move: Protect\n|-miss|p1a: Camerupt|p2b: Hatterene\n|move|p2b: Hatterene|Dazzling Gleam|p1a: Camerupt\n|-resisted|p1a: Camerupt|1\n|-damage|p1a: Camerupt|56/100\n|\n|-fieldend|move: Trick Room\n|upkeep\n|turn|6\n|\n|t:|1776278098\n|move|p2b: Hatterene|Protect|p2b: Hatterene\n|-singleturn|p2b: Hatterene|Protect\n|move|p2a: Toucannon|Rock Blast|p1a: Camerupt|[miss]\n|-miss|p2a: Toucannon|p1a: Camerupt\n|move|p1a: Camerupt|Heat Wave|p2a: Toucannon|[spread] p2a\n|-activate|p2b: Hatterene|move: Protect\n|-damage|p2a: Toucannon|0 fnt\n|faint|p2a: Toucannon\n|\n|upkeep\n|-message|Nickdia1 forfeited.\n|\n|win|pabilisco\n|raw|Nickdia1's rating: 1096 &rarr; <strong>1070</strong><br />(-26 for losing)\n|raw|pabilisco's rating: 1078 &rarr; <strong>1108</strong><br />(+30 for winning)\n|l|\u2606Nickdia1\n|player|p1|\n",
  "uploadtime": 1776278111,
  "views": 33,
  "formatid": "gen9championsvgc2026regma",
  "rating": 1070,
  "private": 0,
  "password": null
}