{
  "id": "gen9championsvgc2026regma-2584290350",
  "format": "[Gen 9 Champions] VGC 2026 Reg M-A",
  "players": [
    "greeencross",
    "DVDGamer19"
  ],
  "log": "|j|\u2606greeencross\n|j|\u203dDVDGamer19\n|t:|1776247686\n|gametype|doubles\n|player|p1|greeencross|102|1289\n|player|p2|DVDGamer19|falkner|1327\n|gen|9\n|tier|[Gen 9 Champions] VGC 2026 Reg M-A\n|rated|\n|rule|Species Clause: Limit one of each Pok\u00e9mon\n|rule|Item Clause: Limit 1 of each item\n|clearpoke\n|poke|p1|Dragapult, L50, M|\n|poke|p1|Glimmora, L50, M|\n|poke|p1|Rotom-Wash, L50|\n|poke|p1|Garchomp, L50, F|\n|poke|p1|Armarouge, L50, M|\n|poke|p1|Umbreon, L50, F|\n|poke|p2|Floette-Eternal, L50, F|\n|poke|p2|Incineroar, L50, M|\n|poke|p2|Sneasler, L50, M|\n|poke|p2|Gardevoir, L50, M|\n|poke|p2|Rotom-Wash, L50|\n|poke|p2|Sinistcha, L50|\n|teampreview|4\n|inactive|Battle timer is ON: inactive players will automatically lose when time's up. (requested by greeencross)\n|inactive|greeencross has 60 seconds left.\n|\n|t:|1776247717\n|teamsize|p1|4\n|teamsize|p2|4\n|start\n|switch|p1a: Umbreon|Umbreon, L50, F|100/100\n|switch|p1b: Dragapult|Dragapult, L50, M|100/100\n|switch|p2a: Incineroar|Incineroar, L50, M|100/100\n|switch|p2b: Floette|Floette-Eternal, L50, F|100/100\n|-ability|p2a: Incineroar|Intimidate|boost\n|-fail|p1a: Umbreon|unboost|Attack|[from] ability: Inner Focus|[of] p1a: Umbreon\n|-fail|p1b: Dragapult|unboost|[from] ability: Clear Body|[of] p1b: Dragapult\n|turn|1\n|inactive|DVDGamer19 has 30 seconds left.\n|\n|t:|1776247748\n|detailschange|p2b: Floette|Floette-Mega, L50, F\n|-mega|p2b: Floette|Floette|Floettite\n|-ability|p2b: Floette|Fairy Aura\n|move|p1b: Dragapult|Protect|p1b: Dragapult\n|-singleturn|p1b: Dragapult|Protect\n|move|p2a: Incineroar|Fake Out|p1a: Umbreon\n|-damage|p1a: Umbreon|93/100\n|move|p2b: Floette|Dazzling Gleam|p1b: Dragapult|[spread] p1a\n|-activate|p1b: Dragapult|move: Protect\n|-supereffective|p1a: Umbreon|1\n|-damage|p1a: Umbreon|35/100\n|move|p1a: Umbreon|Snarl|p2b: Floette|[spread] p2a,p2b\n|-resisted|p2a: Incineroar|1\n|-resisted|p2b: Floette|1\n|-damage|p2a: Incineroar|97/100\n|-damage|p2b: Floette|97/100\n|-unboost|p2a: Incineroar|spa|1\n|-unboost|p2b: Floette|spa|1\n|\n|-heal|p1a: Umbreon|41/100|[from] item: Leftovers\n|upkeep\n|turn|2\n|\n|t:|1776247773\n|move|p1b: Dragapult|Disable|p2b: Floette\n|-start|p2b: Floette|Disable|Dazzling Gleam\n|cant|p2b: Floette|Disable|Dazzling Gleam\n|move|p1a: Umbreon|Snarl|p2a: Incineroar|[spread] p2a,p2b\n|-resisted|p2a: Incineroar|1\n|-resisted|p2b: Floette|1\n|-damage|p2a: Incineroar|93/100\n|-damage|p2b: Floette|94/100\n|-unboost|p2a: Incineroar|spa|1\n|-unboost|p2b: Floette|spa|1\n|move|p2a: Incineroar|Parting Shot|p1a: Umbreon\n|-unboost|p1a: Umbreon|atk|1\n|-unboost|p1a: Umbreon|spa|1\n|\n|t:|1776247778\n|switch|p2a: Gardevoir|Gardevoir, L50, M|100/100|[from] Parting Shot\n|\n|-heal|p1a: Umbreon|47/100|[from] item: Leftovers\n|upkeep\n|turn|3\n|inactive|greeencross has 30 seconds left.\n|\n|t:|1776247810\n|switch|p1b: Armarouge|Armarouge, L50, M|100/100\n|switch|p2b: Incineroar|Incineroar, L50, M|93/100\n|-ability|p2b: Incineroar|Intimidate|boost\n|-fail|p1a: Umbreon|unboost|Attack|[from] ability: Inner Focus|[of] p1a: Umbreon\n|-unboost|p1b: Armarouge|atk|1\n|move|p1a: Umbreon|Detect|p1a: Umbreon\n|-singleturn|p1a: Umbreon|Protect\n|move|p2a: Gardevoir|Dazzling Gleam|p1a: Umbreon|[spread] p1b\n|-activate|p1a: Umbreon|move: Protect\n|-resisted|p1b: Armarouge|1\n|-damage|p1b: Armarouge|83/100\n|\n|-heal|p1a: Umbreon|53/100|[from] item: Leftovers\n|upkeep\n|turn|4\n|inactive|DVDGamer19 has 30 seconds left.\n|\n|t:|1776247840\n|move|p1b: Armarouge|Wide Guard|p1b: Armarouge\n|-singleturn|p1b: Armarouge|Wide Guard\n|move|p2b: Incineroar|Fake Out|p1b: Armarouge\n|-damage|p1b: Armarouge|73/100\n|move|p2a: Gardevoir|Dazzling Gleam|p1b: Armarouge|[spread] \n|-activate|p1a: Umbreon|move: Wide Guard\n|-activate|p1b: Armarouge|move: Wide Guard\n|move|p1a: Umbreon|Snarl|p2a: Gardevoir|[spread] p2a\n|-miss|p1a: Umbreon|p2b: Incineroar\n|-damage|p2a: Gardevoir|94/100\n|-unboost|p2a: Gardevoir|spa|1\n|\n|-heal|p1a: Umbreon|59/100|[from] item: Leftovers\n|upkeep\n|turn|5\n|inactive|greeencross has 30 seconds left.\n|\n|t:|1776247867\n|switch|p1b: Glimmora|Glimmora, L50, M|100/100\n|move|p2a: Gardevoir|Dazzling Gleam|p1b: Glimmora|[spread] p1a,p1b\n|-supereffective|p1a: Umbreon|1\n|-resisted|p1b: Glimmora|1\n|-damage|p1a: Umbreon|32/100\n|-damage|p1b: Glimmora|85/100\n|move|p1a: Umbreon|Snarl|p2a: Gardevoir|[spread] p2a,p2b\n|-resisted|p2b: Incineroar|1\n|-damage|p2a: Gardevoir|87/100\n|-damage|p2b: Incineroar|91/100\n|-unboost|p2a: Gardevoir|spa|1\n|-unboost|p2b: Incineroar|spa|1\n|move|p2b: Incineroar|Throat Chop|p1b: Glimmora\n|-damage|p1b: Glimmora|50/100\n|-start|p1b: Glimmora|Throat Chop|[silent]\n|-activate|p1b: Glimmora|ability: Toxic Debris\n|-sidestart|p2: DVDGamer19|move: Toxic Spikes\n|\n|-heal|p1a: Umbreon|38/100|[from] item: Leftovers\n|upkeep\n|turn|6\n|inactive|greeencross has 30 seconds left.\n|inactive|DVDGamer19 has 30 seconds left.\n|\n|t:|1776247902\n|detailschange|p1b: Glimmora|Glimmora-Mega, L50, M\n|-mega|p1b: Glimmora|Glimmora|Glimmoranite\n|move|p1a: Umbreon|Detect|p1a: Umbreon\n|-singleturn|p1a: Umbreon|Protect\n|move|p2a: Gardevoir|Dazzling Gleam|p1b: Glimmora|[spread] p1b\n|-activate|p1a: Umbreon|move: Protect\n|-resisted|p1b: Glimmora|1\n|-damage|p1b: Glimmora|41/100\n|move|p1b: Glimmora|Power Gem|p2b: Incineroar\n|-supereffective|p2b: Incineroar|1\n|-damage|p2b: Incineroar|0 fnt\n|faint|p2b: Incineroar\n|\n|-heal|p1a: Umbreon|44/100|[from] item: Leftovers\n|-end|p1b: Glimmora|Throat Chop|[silent]\n|upkeep\n|\n|t:|1776247913\n|switch|p2b: Floette|Floette-Mega, L50, F|94/100\n|-status|p2b: Floette|psn\n|-ability|p2b: Floette|Fairy Aura\n|turn|7\n|\n|t:|1776247933\n|switch|p2a: Sinistcha|Sinistcha, L50|100/100\n|-status|p2a: Sinistcha|psn\n|-heal|p2b: Floette|100/100 psn|[from] ability: Hospitality|[of] p2a: Sinistcha\n|switch|p1a: Armarouge|Armarouge, L50, M|73/100\n|move|p1b: Glimmora|Spiky Shield|p1b: Glimmora\n|-singleturn|p1b: Glimmora|move: Protect\n|move|p2b: Floette|Protect||[still]\n|-fail|p2b: Floette\n|\n|-damage|p2b: Floette|88/100 psn|[from] psn\n|-damage|p2a: Sinistcha|88/100 psn|[from] psn\n|upkeep\n|turn|8\n|inactive|greeencross has 30 seconds left.\n|\n|t:|1776247961\n|switch|p1b: Dragapult|Dragapult, L50, M|100/100\n|move|p2b: Floette|Protect|p2b: Floette\n|-singleturn|p2b: Floette|Protect\n|move|p1a: Armarouge|Heat Wave|p2a: Sinistcha|[spread] p2a\n|-activate|p2b: Floette|move: Protect\n|-supereffective|p2a: Sinistcha|1\n|-damage|p2a: Sinistcha|0 fnt\n|faint|p2a: Sinistcha\n|\n|-damage|p2b: Floette|76/100 psn|[from] psn\n|upkeep\n|\n|t:|1776247970\n|switch|p2a: Gardevoir|Gardevoir, L50, M|87/100\n|-status|p2a: Gardevoir|psn\n|turn|9\n|\n|t:|1776247988\n|move|p1b: Dragapult|Protect|p1b: Dragapult\n|-singleturn|p1b: Dragapult|Protect\n|move|p2a: Gardevoir|Dazzling Gleam|p1b: Dragapult|[spread] p1a\n|-activate|p1b: Dragapult|move: Protect\n|-resisted|p1a: Armarouge|1\n|-damage|p1a: Armarouge|48/100\n|move|p2b: Floette|Moonblast|p1a: Armarouge\n|-resisted|p1a: Armarouge|1\n|-damage|p1a: Armarouge|10/100\n|move|p1a: Armarouge|Heat Wave|p2a: Gardevoir|[spread] p2a,p2b\n|-damage|p2a: Gardevoir|32/100 psn\n|-damage|p2b: Floette|46/100 psn\n|\n|-damage|p2a: Gardevoir|20/100 psn|[from] psn\n|-damage|p2b: Floette|34/100 psn|[from] psn\n|upkeep\n|turn|10\n|\n|t:|1776248002\n|move|p1a: Armarouge|Wide Guard|p1a: Armarouge\n|-singleturn|p1a: Armarouge|Wide Guard\n|move|p1b: Dragapult|Disable|p2a: Gardevoir\n|-start|p2a: Gardevoir|Disable|Dazzling Gleam\n|cant|p2a: Gardevoir|Disable|Dazzling Gleam\n|move|p2b: Floette|Moonblast|p1b: Dragapult\n|-supereffective|p1b: Dragapult|1\n|-enditem|p1b: Dragapult|Focus Sash\n|-damage|p1b: Dragapult|1/100\n|\n|-damage|p2a: Gardevoir|7/100 psn|[from] psn\n|-damage|p2b: Floette|21/100 psn|[from] psn\n|upkeep\n|turn|11\n|-message|DVDGamer19 forfeited.\n|\n|win|greeencross\n|raw|greeencross's rating: 1289 &rarr; <strong>1317</strong><br />(+28 for winning)\n|raw|DVDGamer19's rating: 1327 &rarr; <strong>1305</strong><br />(-22 for losing)\n|l|\u203dDVDGamer19\n|player|p2|\n",
  "uploadtime": 1776248015,
  "views": 34,
  "formatid": "gen9championsvgc2026regma",
  "rating": 1305,
  "private": 0,
  "password": null
}