{
  "id": "gen9championsvgc2026regma-2589452098",
  "format": "[Gen 9 Champions] VGC 2026 Reg M-A",
  "players": [
    "benjiapollo",
    "JayTodd13"
  ],
  "log": "|j|\u2606benjiapollo\n|j|\u2606JayTodd13\n|t:|1776724179\n|gametype|doubles\n|player|p1|benjiapollo|giovanni|1404\n|player|p2|JayTodd13|170|1399\n|gen|9\n|tier|[Gen 9 Champions] VGC 2026 Reg M-A\n|rated|\n|rule|Species Clause: Limit one of each Pok\u00e9mon\n|rule|Item Clause: Limit 1 of each item\n|clearpoke\n|poke|p1|Basculegion, L50, M|\n|poke|p1|Charizard, L50, M|\n|poke|p1|Kingambit, L50, F|\n|poke|p1|Sneasler, L50, M|\n|poke|p1|Venusaur, L50, M|\n|poke|p1|Talonflame, L50, M|\n|poke|p2|Garchomp, L50, F|\n|poke|p2|Tyranitar, L50, F|\n|poke|p2|Rotom-Wash, L50|\n|poke|p2|Whimsicott, L50, M|\n|poke|p2|Floette-Eternal, L50, F|\n|poke|p2|Incineroar, L50, F|\n|teampreview|4\n|inactive|Battle timer is ON: inactive players will automatically lose when time's up. (requested by benjiapollo)\n|\n|t:|1776724208\n|teamsize|p1|4\n|teamsize|p2|4\n|start\n|switch|p1a: Talonflame|Talonflame, L50, M|100/100\n|switch|p1b: Charizard|Charizard, L50, M|100/100\n|switch|p2a: Whimsicott|Whimsicott, L50, M|100/100\n|switch|p2b: Floette|Floette-Eternal, L50, F|100/100\n|turn|1\n|\n|t:|1776724229\n|detailschange|p1b: Charizard|Charizard-Mega-X, L50, M\n|-mega|p1b: Charizard|Charizard|Charizardite X\n|detailschange|p2b: Floette|Floette-Mega, L50, F\n|-mega|p2b: Floette|Floette|Floettite\n|-ability|p2b: Floette|Fairy Aura\n|move|p2b: Floette|Protect|p2b: Floette\n|-singleturn|p2b: Floette|Protect\n|move|p1a: Talonflame|Tailwind|p1a: Talonflame\n|-sidestart|p1: benjiapollo|move: Tailwind\n|move|p2a: Whimsicott|Tailwind|p2a: Whimsicott\n|-sidestart|p2: JayTodd13|move: Tailwind\n|move|p1b: Charizard|Flare Blitz|p2b: Floette\n|-activate|p2b: Floette|move: Protect\n|\n|upkeep\n|turn|2\n|\n|t:|1776724244\n|move|p1a: Talonflame|Brave Bird|p2a: Whimsicott\n|-supereffective|p2a: Whimsicott|1\n|-enditem|p2a: Whimsicott|Focus Sash\n|-damage|p2a: Whimsicott|1/100\n|-damage|p1a: Talonflame|68/100|[from] Recoil\n|move|p2a: Whimsicott|Encore|p1a: Talonflame\n|-start|p1a: Talonflame|Encore\n|move|p1b: Charizard|Flare Blitz|p2b: Floette\n|-damage|p2b: Floette|25/100\n|-damage|p1b: Charizard|71/100|[from] Recoil\n|move|p2b: Floette|Moonblast|p1b: Charizard\n|-damage|p1b: Charizard|0 fnt\n|faint|p1b: Charizard\n|\n|upkeep\n|\n|t:|1776724260\n|switch|p1b: Sneasler|Sneasler, L50, M|100/100\n|turn|3\n|l|\u2606JayTodd13\n|inactive|JayTodd13 disconnected and has a minute to reconnect!\n|player|p2|\n|inactive|JayTodd13 has 30 seconds left.\n|inactive|JayTodd13 has 20 seconds left.\n|inactive|JayTodd13 has 15 seconds left.\n|inactive|JayTodd13 has 10 seconds left.\n|j|\u2606JayTodd13\n|inactive|JayTodd13 reconnected and has 10 seconds left.\n|player|p2|JayTodd13|170|\n|inactive|JayTodd13 has 5 seconds left.\n|\n|t:|1776724312\n|move|p1b: Sneasler|Fake Out|p2a: Whimsicott\n|-crit|p2a: Whimsicott\n|-damage|p2a: Whimsicott|0 fnt\n|faint|p2a: Whimsicott\n|move|p1a: Talonflame|Brave Bird|p2b: Floette\n|-damage|p2b: Floette|0 fnt\n|faint|p2b: Floette\n|-damage|p1a: Talonflame|58/100|[from] Recoil\n|\n|upkeep\n|\n|t:|1776724318\n|switch|p2a: Garchomp|Garchomp, L50, F|100/100\n|switch|p2b: Tyranitar|Tyranitar, L50, F|100/100\n|-weather|Sandstorm|[from] ability: Sand Stream|[of] p2b: Tyranitar\n|turn|4\n|\n|t:|1776724328\n|move|p1b: Sneasler|Protect|p1b: Sneasler\n|-singleturn|p1b: Sneasler|Protect\n|move|p2b: Tyranitar|Protect|p2b: Tyranitar\n|-singleturn|p2b: Tyranitar|Protect\n|move|p1a: Talonflame|Brave Bird|p2a: Garchomp\n|-damage|p2a: Garchomp|57/100\n|-damage|p1a: Talonflame|40/100|[from] Recoil\n|move|p2a: Garchomp|Earthquake|p1b: Sneasler|[spread] \n|-activate|p2b: Tyranitar|move: Protect\n|-activate|p1b: Sneasler|move: Protect\n|-immune|p1a: Talonflame\n|\n|-weather|Sandstorm|[upkeep]\n|-damage|p1a: Talonflame|35/100|[from] Sandstorm\n|-damage|p1b: Sneasler|95/100|[from] Sandstorm\n|-sideend|p2: JayTodd13|move: Tailwind\n|-sideend|p1: benjiapollo|move: Tailwind\n|upkeep\n|turn|5\n|\n|t:|1776724351\n|move|p1a: Talonflame|Brave Bird|p2a: Garchomp\n|-damage|p2a: Garchomp|11/100\n|-damage|p1a: Talonflame|17/100|[from] Recoil\n|move|p1b: Sneasler|Close Combat|p2b: Tyranitar\n|-supereffective|p2b: Tyranitar|2\n|-damage|p2b: Tyranitar|0 fnt\n|-unboost|p1b: Sneasler|def|1\n|-unboost|p1b: Sneasler|spd|1\n|faint|p2b: Tyranitar\n|-enditem|p1b: Sneasler|White Herb\n|-clearnegativeboost|p1b: Sneasler|[silent]\n|move|p2a: Garchomp|Stomping Tantrum|p1b: Sneasler\n|-supereffective|p1b: Sneasler|1\n|-damage|p1b: Sneasler|0 fnt\n|faint|p1b: Sneasler\n|\n|-weather|Sandstorm|[upkeep]\n|-damage|p1a: Talonflame|11/100|[from] Sandstorm\n|-end|p1a: Talonflame|Encore\n|upkeep\n|\n|t:|1776724367\n|switch|p1b: Kingambit|Kingambit, L50, F|100/100\n|turn|6\n|l|\u2606JayTodd13\n|inactive|JayTodd13 disconnected and has a minute to reconnect!\n|player|p2|\n|inactive|JayTodd13 has 30 seconds left.\n|j|\u2606JayTodd13\n|inactive|JayTodd13 reconnected and has 25 seconds left.\n|player|p2|JayTodd13|170|\n|inactive|JayTodd13 has 20 seconds left.\n|inactive|JayTodd13 has 15 seconds left.\n|inactive|JayTodd13 has 10 seconds left.\n|inactive|JayTodd13 has 5 seconds left.\n|\n|t:|1776724422\n|move|p1b: Kingambit|Sucker Punch|p2a: Garchomp\n|-damage|p2a: Garchomp|0 fnt\n|faint|p2a: Garchomp\n|\n|win|benjiapollo\n|raw|benjiapollo's rating: 1404 &rarr; <strong>1424</strong><br />(+20 for winning)\n|raw|JayTodd13's rating: 1399 &rarr; <strong>1379</strong><br />(-20 for losing)\n",
  "uploadtime": 1776724427,
  "views": 7,
  "formatid": "gen9championsvgc2026regma",
  "rating": 1379,
  "private": 0,
  "password": null
}