{
  "id": "gen9championsvgc2026regma-2588529882",
  "format": "[Gen 9 Champions] VGC 2026 Reg M-A",
  "players": [
    "adritooooooo1",
    "Chef204"
  ],
  "log": "|j|\u2606adritooooooo1\n|j|\u2606Chef204\n|t:|1776642054\n|gametype|doubles\n|player|p1|adritooooooo1|266|1218\n|player|p2|Chef204|cynthia-gen4|1174\n|gen|9\n|tier|[Gen 9 Champions] VGC 2026 Reg M-A\n|rated|\n|rule|Species Clause: Limit one of each Pok\u00e9mon\n|rule|Item Clause: Limit 1 of each item\n|clearpoke\n|poke|p1|Politoed, L50, F|\n|poke|p1|Corviknight, L50, M|\n|poke|p1|Tauros-Paldea-Aqua, L50, M|\n|poke|p1|Gengar, L50, F|\n|poke|p1|Incineroar, L50, F|\n|poke|p1|Archaludon, L50, M|\n|poke|p2|Scovillain, L50, M, shiny|\n|poke|p2|Incineroar, L50, M|\n|poke|p2|Politoed, L50, M|\n|poke|p2|Kleavor, L50, M, shiny|\n|poke|p2|Jolteon, L50, F|\n|poke|p2|Glimmora, L50, F, shiny|\n|teampreview|4\n|inactive|Battle timer is ON: inactive players will automatically lose when time's up. (requested by Chef204)\n|inactive|adritooooooo1 has 60 seconds left.\n|inactive|Chef204 has 60 seconds left.\n|inactive|adritooooooo1 has 30 seconds left.\n|inactive|Chef204 has 30 seconds left.\nChef204 rejected open team sheets.\n|inactive|adritooooooo1 has 20 seconds left.\n|inactive|adritooooooo1 has 15 seconds left.\n|\n|t:|1776642132\n|teamsize|p1|4\n|teamsize|p2|4\n|start\n|switch|p1a: Corviknight|Corviknight, L50, M|100/100\n|switch|p1b: Incineroar|Incineroar, L50, F|100/100\n|switch|p2a: I hate myself|Scovillain, L50, M, shiny|100/100\n|switch|p2b: Paul|Kleavor, L50, M, shiny|100/100\n|-ability|p1a: Corviknight|Pressure\n|turn|1\n|\n|t:|1776642156\n|move|p2a: I hate myself|Protect|p2a: I hate myself\n|-singleturn|p2a: I hate myself|Protect\n|move|p1b: Incineroar|Fake Out|p2b: Paul\n|-resisted|p2b: Paul|1\n|-damage|p2b: Paul|96/100\n|cant|p2b: Paul|flinch\n|move|p1a: Corviknight|Iron Defense|p1a: Corviknight\n|-boost|p1a: Corviknight|def|2\n|\n|-ability|p2a: I hate myself|Moody|boost\n|-boost|p2a: I hate myself|def|2\n|-unboost|p2a: I hate myself|spa|1\n|upkeep\n|turn|2\n|inactive|adritooooooo1 has 30 seconds left.\n|inactive|Chef204 has 30 seconds left.\n|\n|t:|1776642190\n|switch|p1b: Politoed|Politoed, L50, F|100/100\n|-weather|RainDance|[from] ability: Drizzle|[of] p1b: Politoed\n|detailschange|p2a: I hate myself|Scovillain-Mega, L50, M, shiny\n|-mega|p2a: I hate myself|Scovillain|Scovillainite\n|move|p2b: Paul|Stone Axe|p1b: Politoed\n|-damage|p1b: Politoed|46/100\n|-sidestart|p1: adritooooooo1|move: Stealth Rock\n|-enditem|p1b: Politoed|Sitrus Berry|[eat]\n|-heal|p1b: Politoed|71/100|[from] item: Sitrus Berry\n|move|p2a: I hate myself|Super Fang|p1a: Corviknight|[miss]\n|-miss|p2a: I hate myself|p1a: Corviknight\n|move|p1a: Corviknight|Tailwind|p1a: Corviknight\n|-sidestart|p1: adritooooooo1|move: Tailwind\n|\n|-weather|RainDance|[upkeep]\n|upkeep\n|turn|3\n|inactive|Chef204 has 30 seconds left.\n|\n|t:|1776642217\n|move|p1a: Corviknight|Body Press|p2b: Paul\n|-damage|p2b: Paul|60/100\n|move|p1b: Politoed|Icy Wind|p2b: Paul|[spread] p2a,p2b\n|-damage|p2a: I hate myself|91/100\n|-damage|p2b: Paul|48/100\n|-unboost|p2a: I hate myself|spe|1\n|-unboost|p2b: Paul|spe|1\n|-status|p1b: Politoed|brn|[from] ability: Spicy Spray|[of] p2a: I hate myself\n|move|p2b: Paul|Stone Axe|p1a: Corviknight\n|-damage|p1a: Corviknight|79/100\n|move|p2a: I hate myself|Super Fang|p1a: Corviknight\n|-damage|p1a: Corviknight|40/100\n|\n|-weather|RainDance|[upkeep]\n|-heal|p1a: Corviknight|46/100|[from] item: Leftovers\n|-damage|p1b: Politoed|64/100 brn|[from] brn\n|upkeep\n|turn|4\n|\n|t:|1776642242\n|move|p2a: I hate myself|Rage Powder|p2a: I hate myself\n|-singleturn|p2a: I hate myself|move: Rage Powder\n|move|p1a: Corviknight|Roost|p1a: Corviknight\n|-heal|p1a: Corviknight|96/100\n|-singleturn|p1a: Corviknight|move: Roost\n|move|p1b: Politoed|Icy Wind|p2a: I hate myself|[spread] p2a,p2b\n|-damage|p2a: I hate myself|82/100\n|-damage|p2b: Paul|37/100\n|-unboost|p2a: I hate myself|spe|1\n|-unboost|p2b: Paul|spe|1\n|move|p2b: Paul|Struggle Bug|p1a: Corviknight|[spread] p1a,p1b\n|-resisted|p1a: Corviknight|1\n|-damage|p1a: Corviknight|94/100\n|-damage|p1b: Politoed|60/100 brn\n|-unboost|p1a: Corviknight|spa|1\n|-unboost|p1b: Politoed|spa|1\n|\n|-weather|RainDance|[upkeep]\n|-heal|p1a: Corviknight|99/100|[from] item: Leftovers\n|-damage|p1b: Politoed|54/100 brn|[from] brn\n|upkeep\n|turn|5\n|inactive|Chef204 has 30 seconds left.\n|\n|t:|1776642271\n|switch|p1b: Incineroar|Incineroar, L50, F|100/100\n|-damage|p1b: Incineroar|76/100|[from] Stealth Rock\n|move|p1a: Corviknight|Iron Defense|p1a: Corviknight\n|-boost|p1a: Corviknight|def|2\n|move|p2b: Paul|Stone Axe|p1b: Incineroar\n|-supereffective|p1b: Incineroar|1\n|-damage|p1b: Incineroar|0 fnt\n|faint|p1b: Incineroar\n|move|p2a: I hate myself|Super Fang|p1a: Corviknight\n|-damage|p1a: Corviknight|50/100\n|\n|-weather|RainDance|[upkeep]\n|-heal|p1a: Corviknight|56/100|[from] item: Leftovers\n|-sideend|p1: adritooooooo1|move: Tailwind\n|upkeep\n|\n|t:|1776642285\n|switch|p1b: Archaludon|Archaludon, L50, M|100/100\n|-damage|p1b: Archaludon|94/100|[from] Stealth Rock\n|turn|6\n|\n|t:|1776642299\n|move|p2a: I hate myself|Rage Powder|p2a: I hate myself\n|-singleturn|p2a: I hate myself|move: Rage Powder\n|move|p1b: Archaludon|Electro Shot||[still]\n|-prepare|p1b: Archaludon|Electro Shot\n|-boost|p1b: Archaludon|spa|1\n|-anim|p1b: Archaludon|Electro Shot|p2a: I hate myself\n|-resisted|p2a: I hate myself|1\n|-damage|p2a: I hate myself|45/100\n|-status|p1b: Archaludon|brn|[from] ability: Spicy Spray|[of] p2a: I hate myself\n|-enditem|p1b: Archaludon|Lum Berry|[eat]\n|-curestatus|p1b: Archaludon|brn|[msg]\n|move|p1a: Corviknight|Roost|p1a: Corviknight\n|-heal|p1a: Corviknight|100/100\n|-singleturn|p1a: Corviknight|move: Roost\n|move|p2b: Paul|Struggle Bug|p1a: Corviknight|[spread] p1a,p1b\n|-resisted|p1a: Corviknight|1\n|-resisted|p1b: Archaludon|1\n|-damage|p1a: Corviknight|99/100\n|-damage|p1b: Archaludon|90/100\n|-unboost|p1a: Corviknight|spa|1\n|-unboost|p1b: Archaludon|spa|1\n|\n|-weather|none\n|-heal|p1a: Corviknight|100/100|[from] item: Leftovers\n|upkeep\n|turn|7\n|inactive|adritooooooo1 has 30 seconds left.\n|inactive|Chef204 has 30 seconds left.\n|inactive|Chef204 has 20 seconds left.\n|\n|t:|1776642336\n|switch|p1b: Politoed|Politoed, L50, F|54/100 brn\n|-damage|p1b: Politoed|42/100 brn|[from] Stealth Rock\n|-weather|RainDance|[from] ability: Drizzle|[of] p1b: Politoed\n|move|p1a: Corviknight|Tailwind|p1a: Corviknight\n|-sidestart|p1: adritooooooo1|move: Tailwind\n|move|p2b: Paul|Stone Axe|p1a: Corviknight\n|-damage|p1a: Corviknight|85/100\n|move|p2a: I hate myself|Overheat|p1a: Corviknight\n|-supereffective|p1a: Corviknight|1\n|-crit|p1a: Corviknight\n|-damage|p1a: Corviknight|13/100\n|-unboost|p2a: I hate myself|spa|2\n|\n|-weather|RainDance|[upkeep]\n|-heal|p1a: Corviknight|19/100|[from] item: Leftovers\n|-damage|p1b: Politoed|36/100 brn|[from] brn\n|upkeep\n|turn|8\n|inactive|Chef204 has 30 seconds left.\n|\n|t:|1776642362\n|switch|p2b: Jolteon|Jolteon, L50, F|100/100\n|move|p1a: Corviknight|Roost|p1a: Corviknight\n|-heal|p1a: Corviknight|70/100\n|-singleturn|p1a: Corviknight|move: Roost\n|move|p1b: Politoed|Icy Wind|p2b: Jolteon|[spread] p2a,p2b\n|-damage|p2a: I hate myself|36/100\n|-damage|p2b: Jolteon|88/100\n|-unboost|p2a: I hate myself|spe|1\n|-unboost|p2b: Jolteon|spe|1\n|move|p2a: I hate myself|Super Fang|p1a: Corviknight\n|-damage|p1a: Corviknight|35/100\n|\n|-weather|RainDance|[upkeep]\n|-heal|p1a: Corviknight|41/100|[from] item: Leftovers\n|-damage|p1b: Politoed|29/100 brn|[from] brn\n|upkeep\n|turn|9\n|\n|t:|1776642386\n|move|p1a: Corviknight|Roost|p1a: Corviknight\n|-heal|p1a: Corviknight|92/100\n|-singleturn|p1a: Corviknight|move: Roost\n|move|p1b: Politoed|Icy Wind|p2b: Jolteon|[spread] p2a,p2b\n|-damage|p2a: I hate myself|27/100\n|-damage|p2b: Jolteon|77/100\n|-unboost|p2a: I hate myself|spe|1\n|-unboost|p2b: Jolteon|spe|1\n|move|p2b: Jolteon|Volt Switch|p1a: Corviknight\n|-damage|p1a: Corviknight|75/100\n|\n|t:|1776642398\n|switch|p2b: Paul Y Toed|Politoed, L50, M|100/100|[from] Volt Switch\n|move|p2a: I hate myself|Super Fang|p1a: Corviknight\n|-damage|p1a: Corviknight|38/100\n|\n|-weather|RainDance|[upkeep]\n|-heal|p1a: Corviknight|44/100|[from] item: Leftovers\n|-damage|p1b: Politoed|23/100 brn|[from] brn\n|upkeep\n|turn|10\n|\n|t:|1776642412\n|switch|p1b: Archaludon|Archaludon, L50, M|90/100\n|-damage|p1b: Archaludon|84/100|[from] Stealth Rock\n|move|p2a: I hate myself|Rage Powder|p2a: I hate myself\n|-singleturn|p2a: I hate myself|move: Rage Powder\n|move|p1a: Corviknight|Body Press|p2a: I hate myself\n|-damage|p2a: I hate myself|0 fnt\n|-status|p1a: Corviknight|brn|[from] ability: Spicy Spray|[of] p2a: I hate myself\n|faint|p2a: I hate myself\n|move|p2b: Paul Y Toed|Perish Song|p2b: Paul Y Toed\n|-start|p1a: Corviknight|perish3|[silent]\n|-start|p1b: Archaludon|perish3|[silent]\n|-start|p2b: Paul Y Toed|perish3|[silent]\n|-fieldactivate|move: Perish Song\n|\n|-weather|RainDance|[upkeep]\n|-heal|p1a: Corviknight|50/100 brn|[from] item: Leftovers\n|-damage|p1a: Corviknight|44/100 brn|[from] brn\n|-start|p1b: Archaludon|perish3\n|-start|p1a: Corviknight|perish3\n|-start|p2b: Paul Y Toed|perish3\n|-sideend|p1: adritooooooo1|move: Tailwind\n|upkeep\n|inactive|Chef204 has 30 seconds left.\n|\n|t:|1776642437\n|switch|p2a: Jolteon|Jolteon, L50, F|77/100\n|turn|11\n|\n|t:|1776642453\n|move|p2b: Paul Y Toed|Protect|p2b: Paul Y Toed\n|-singleturn|p2b: Paul Y Toed|Protect\n|move|p2a: Jolteon|Eerie Impulse|p1b: Archaludon\n|-unboost|p1b: Archaludon|spa|2\n|move|p1b: Archaludon|Electro Shot||[still]\n|-prepare|p1b: Archaludon|Electro Shot\n|-boost|p1b: Archaludon|spa|1\n|-anim|p1b: Archaludon|Electro Shot|p2b: Paul Y Toed\n|-activate|p2b: Paul Y Toed|move: Protect\n|move|p1a: Corviknight|Roost|p1a: Corviknight\n|-heal|p1a: Corviknight|94/100 brn\n|-singleturn|p1a: Corviknight|move: Roost\n|\n|-weather|none\n|-heal|p1a: Corviknight|99/100 brn|[from] item: Leftovers\n|-damage|p1a: Corviknight|94/100 brn|[from] brn\n|-start|p1b: Archaludon|perish2\n|-start|p1a: Corviknight|perish2\n|-start|p2b: Paul Y Toed|perish2\n|upkeep\n|turn|12\n|inactive|adritooooooo1 has 30 seconds left.\n|inactive|Chef204 has 30 seconds left.\n|\n|t:|1776642479\n|switch|p1b: Politoed|Politoed, L50, F|23/100 brn\n|-damage|p1b: Politoed|11/100 brn|[from] Stealth Rock\n|-weather|RainDance|[from] ability: Drizzle|[of] p1b: Politoed\n|switch|p2b: Paul|Kleavor, L50, M, shiny|37/100\n|move|p2a: Jolteon|Eerie Impulse|p1b: Politoed\n|-unboost|p1b: Politoed|spa|2\n|move|p1a: Corviknight|Body Press|p2a: Jolteon\n|-crit|p2a: Jolteon\n|-damage|p2a: Jolteon|23/100\n|\n|-weather|RainDance|[upkeep]\n|-heal|p1a: Corviknight|99/100 brn|[from] item: Leftovers\n|-damage|p1a: Corviknight|94/100 brn|[from] brn\n|-damage|p1b: Politoed|5/100 brn|[from] brn\n|-start|p1a: Corviknight|perish1\n|upkeep\n|turn|13\n|inactive|adritooooooo1 has 30 seconds left.\n|inactive|Chef204 has 30 seconds left.\n|inactive|Chef204 has 20 seconds left.\n|\n|t:|1776642516\n|switch|p1a: Archaludon|Archaludon, L50, M|84/100\n|-damage|p1a: Archaludon|78/100|[from] Stealth Rock\n|move|p1b: Politoed|Protect|p1b: Politoed\n|-singleturn|p1b: Politoed|Protect\n|move|p2a: Jolteon|Volt Switch|p1b: Politoed\n|-activate|p1b: Politoed|move: Protect\n|move|p2b: Paul|Stone Axe|p1a: Archaludon\n|-resisted|p1a: Archaludon|1\n|-damage|p1a: Archaludon|59/100\n|\n|-weather|RainDance|[upkeep]\n|-damage|p1b: Politoed|0 fnt|[from] brn\n|faint|p1b: Politoed\n|upkeep\n|\n|t:|1776642529\n|switch|p1b: Corviknight|Corviknight, L50, M|94/100 brn\n|-damage|p1b: Corviknight|82/100 brn|[from] Stealth Rock\n|-ability|p1b: Corviknight|Pressure\n|turn|14\n|inactive|adritooooooo1 has 30 seconds left.\n|-activate|p2b: Paul|item: Quick Claw\n|\n|t:|1776642556\n|move|p2b: Paul|Struggle Bug|p1b: Corviknight|[spread] p1a,p1b\n|-resisted|p1a: Archaludon|1\n|-resisted|p1b: Corviknight|2\n|-damage|p1a: Archaludon|55/100\n|-damage|p1b: Corviknight|81/100 brn\n|-unboost|p1a: Archaludon|spa|1\n|-unboost|p1b: Corviknight|spa|1\n|move|p2a: Jolteon|Eerie Impulse|p1a: Archaludon\n|-unboost|p1a: Archaludon|spa|2\n|move|p1a: Archaludon|Flash Cannon|p2b: Paul\n|-supereffective|p2b: Paul|1\n|-damage|p2b: Paul|0 fnt\n|faint|p2b: Paul\n|move|p1b: Corviknight|Tailwind|p1b: Corviknight\n|-sidestart|p1: adritooooooo1|move: Tailwind\n|\n|-weather|RainDance|[upkeep]\n|-heal|p1b: Corviknight|87/100 brn|[from] item: Leftovers\n|-damage|p1b: Corviknight|81/100 brn|[from] brn\n|upkeep\n|\n|t:|1776642571\n|switch|p2b: Paul Y Toed|Politoed, L50, M|100/100\n|turn|15\n|\n|t:|1776642586\n|move|p1a: Archaludon|Electro Shot||[still]\n|-prepare|p1a: Archaludon|Electro Shot\n|-boost|p1a: Archaludon|spa|1\n|-anim|p1a: Archaludon|Electro Shot|p2b: Paul Y Toed\n|-supereffective|p2b: Paul Y Toed|1\n|-damage|p2b: Paul Y Toed|62/100\n|move|p2a: Jolteon|Eerie Impulse|p1a: Archaludon\n|-unboost|p1a: Archaludon|spa|2\n|move|p1b: Corviknight|Iron Defense|p1b: Corviknight\n|-boost|p1b: Corviknight|def|2\n|move|p2b: Paul Y Toed|Perish Song|p2b: Paul Y Toed\n|-start|p1a: Archaludon|perish3|[silent]\n|-start|p1b: Corviknight|perish3|[silent]\n|-start|p2a: Jolteon|perish3|[silent]\n|-start|p2b: Paul Y Toed|perish3|[silent]\n|-fieldactivate|move: Perish Song\n|\n|-weather|RainDance|[upkeep]\n|-heal|p1b: Corviknight|87/100 brn|[from] item: Leftovers\n|-heal|p2b: Paul Y Toed|68/100|[from] item: Leftovers\n|-damage|p1b: Corviknight|81/100 brn|[from] brn\n|-start|p1a: Archaludon|perish3\n|-start|p2a: Jolteon|perish3\n|-start|p1b: Corviknight|perish3\n|-start|p2b: Paul Y Toed|perish3\n|upkeep\n|turn|16\n|\n|t:|1776642608\n|move|p2b: Paul Y Toed|Protect|p2b: Paul Y Toed\n|-singleturn|p2b: Paul Y Toed|Protect\n|move|p1a: Archaludon|Dragon Pulse|p2a: Jolteon\n|-damage|p2a: Jolteon|4/100\n|move|p2a: Jolteon|Eerie Impulse|p1a: Archaludon\n|-unboost|p1a: Archaludon|spa|2\n|move|p1b: Corviknight|Iron Defense|p1b: Corviknight\n|-boost|p1b: Corviknight|def|2\n|\n|-weather|none\n|-heal|p1b: Corviknight|87/100 brn|[from] item: Leftovers\n|-heal|p2b: Paul Y Toed|74/100|[from] item: Leftovers\n|-damage|p1b: Corviknight|81/100 brn|[from] brn\n|-start|p1a: Archaludon|perish2\n|-start|p2a: Jolteon|perish2\n|-start|p1b: Corviknight|perish2\n|-start|p2b: Paul Y Toed|perish2\n|upkeep\n|turn|17\n|inactive|Chef204 has 30 seconds left.\n|inactive|Chef204 has 20 seconds left.\n|\n|t:|1776642630\n|move|p2a: Jolteon|Protect|p2a: Jolteon\n|-singleturn|p2a: Jolteon|Protect\n|move|p1a: Archaludon|Dragon Pulse|p2a: Jolteon\n|-activate|p2a: Jolteon|move: Protect\n|move|p1b: Corviknight|Body Press|p2b: Paul Y Toed\n|-damage|p2b: Paul Y Toed|47/100\n|move|p2b: Paul Y Toed|Chilling Water|p1b: Corviknight\n|-damage|p1b: Corviknight|70/100 brn\n|-unboost|p1b: Corviknight|atk|1\n|\n|-heal|p1b: Corviknight|76/100 brn|[from] item: Leftovers\n|-heal|p2b: Paul Y Toed|53/100|[from] item: Leftovers\n|-damage|p1b: Corviknight|70/100 brn|[from] brn\n|-start|p1a: Archaludon|perish1\n|-start|p2a: Jolteon|perish1\n|-start|p1b: Corviknight|perish1\n|-start|p2b: Paul Y Toed|perish1\n|-sideend|p1: adritooooooo1|move: Tailwind\n|upkeep\n|turn|18\n|inactive|Chef204 has 20 seconds left this turn.\n|inactive|Chef204 has 15 seconds left.\n|inactive|Chef204 has 10 seconds left.\n|inactive|adritooooooo1 has 30 seconds left.\n|\n|t:|1776642657\n|move|p2a: Jolteon|Protect||[still]\n|-fail|p2a: Jolteon\n|move|p2b: Paul Y Toed|Protect|p2b: Paul Y Toed\n|-singleturn|p2b: Paul Y Toed|Protect\n|move|p1a: Archaludon|Dragon Pulse|p2b: Paul Y Toed\n|-activate|p2b: Paul Y Toed|move: Protect\n|move|p1b: Corviknight|Body Press|p2b: Paul Y Toed\n|-activate|p2b: Paul Y Toed|move: Protect\n|\n|-heal|p1b: Corviknight|76/100 brn|[from] item: Leftovers\n|-heal|p2b: Paul Y Toed|60/100|[from] item: Leftovers\n|-damage|p1b: Corviknight|70/100 brn|[from] brn\n|-start|p2a: Jolteon|perish0\n|-start|p1a: Archaludon|perish0\n|-start|p1b: Corviknight|perish0\n|-start|p2b: Paul Y Toed|perish0\n|faint|p2a: Jolteon\n|faint|p1a: Archaludon\n|faint|p1b: Corviknight\n|faint|p2b: Paul Y Toed\n|\n|win|Chef204\n|raw|adritooooooo1's rating: 1218 &rarr; <strong>1190</strong><br />(-28 for losing)\n|raw|Chef204's rating: 1174 &rarr; <strong>1202</strong><br />(+28 for winning)\n|l|\u2606adritooooooo1\n|player|p1|\n",
  "uploadtime": 1776642675,
  "views": 27,
  "formatid": "gen9championsvgc2026regma",
  "rating": 1190,
  "private": 0,
  "password": null
}