{
  "id": "gen9championsvgc2026regma-2587433245",
  "format": "[Gen 9 Champions] VGC 2026 Reg M-A",
  "players": [
    "biggi x",
    "nemesisakaciccio"
  ],
  "log": "|j|\u2606biggi x\n|j|\u2606nemesisakaciccio\n|t:|1776531400\n|gametype|doubles\n|player|p1|biggi x|170|1050\n|player|p2|nemesisakaciccio|iris-gen5bw2|1000\n|gen|9\n|tier|[Gen 9 Champions] VGC 2026 Reg M-A\n|rated|\n|rule|Species Clause: Limit one of each Pok\u00e9mon\n|rule|Item Clause: Limit 1 of each item\n|clearpoke\n|poke|p1|Drampa, L50, F|\n|poke|p1|Clefable, L50, F|\n|poke|p1|Farigiraf, L50, M|\n|poke|p1|Pelipper, L50, M|\n|poke|p1|Incineroar, L50, F|\n|poke|p1|Gengar, L50, M|\n|poke|p2|Ampharos, L50, M|\n|poke|p2|Sylveon, L50, M|\n|poke|p2|Farigiraf, L50, M|\n|poke|p2|Incineroar, L50, F|\n|poke|p2|Sinistcha, L50|\n|poke|p2|Basculegion, L50, M|\n|teampreview|4\n|\n|t:|1776531434\n|teamsize|p1|4\n|teamsize|p2|4\n|start\n|switch|p1a: Gengar|Gengar, L50, M|100/100\n|switch|p1b: Clefable|Clefable, L50, F|100/100\n|switch|p2a: Incineroar|Incineroar, L50, F|100/100\n|switch|p2b: Sylveon|Sylveon, L50, M|100/100\n|-ability|p2a: Incineroar|Intimidate|boost\n|-unboost|p1a: Gengar|atk|1\n|-unboost|p1b: Clefable|atk|1\n|turn|1\n|inactive|Battle timer is ON: inactive players will automatically lose when time's up. (requested by biggi x)\n|\n|t:|1776531465\n|switch|p2b: Sinistcha|Sinistcha, L50|100/100\n|detailschange|p1a: Gengar|Gengar-Mega, L50, M\n|-mega|p1a: Gengar|Gengar|Gengarite\n|move|p1b: Clefable|Follow Me|p1b: Clefable\n|-singleturn|p1b: Clefable|move: Follow Me\n|move|p1a: Gengar|Perish Song|p1a: Gengar\n|-start|p1a: Gengar|perish3|[silent]\n|-start|p1b: Clefable|perish3|[silent]\n|-start|p2a: Incineroar|perish3|[silent]\n|-start|p2b: Sinistcha|perish3|[silent]\n|-fieldactivate|move: Perish Song\n|move|p2a: Incineroar|Parting Shot|p1b: Clefable\n|-unboost|p1b: Clefable|atk|1\n|-unboost|p1b: Clefable|spa|1\n|\n|t:|1776531476\n|switch|p2a: Ampharos|Ampharos, L50, M|100/100|[from] Parting Shot\n|\n|-start|p1a: Gengar|perish3\n|-start|p2b: Sinistcha|perish3\n|-start|p1b: Clefable|perish3\n|upkeep\n|turn|2\n|\n|t:|1776531495\n|switch|p2b: Incineroar|Incineroar, L50, F|100/100\n|-ability|p2b: Incineroar|Intimidate|boost\n|-unboost|p1a: Gengar|atk|1\n|-unboost|p1b: Clefable|atk|1\n|detailschange|p2a: Ampharos|Ampharos-Mega, L50, M\n|-mega|p2a: Ampharos|Ampharos|Ampharosite\n|-ability|p2a: Ampharos|Mold Breaker\n|move|p1a: Gengar|Protect|p1a: Gengar\n|-singleturn|p1a: Gengar|Protect\n|move|p1b: Clefable|Protect|p1b: Clefable\n|-singleturn|p1b: Clefable|Protect\n|move|p2a: Ampharos|Thunderbolt|p1a: Gengar\n|-activate|p1a: Gengar|move: Protect\n|\n|-start|p1a: Gengar|perish2\n|-start|p1b: Clefable|perish2\n|upkeep\n|turn|3\n|inactive|biggi x has 30 seconds left.\n|inactive|nemesisakaciccio has 30 seconds left.\n|inactive|biggi x has 20 seconds left.\n|\n|t:|1776531535\n|switch|p1b: Incineroar|Incineroar, L50, F|100/100\n|-ability|p1b: Incineroar|Intimidate|boost\n|-unboost|p2a: Ampharos|atk|1\n|-unboost|p2b: Incineroar|atk|1\n|move|p2b: Incineroar|Fake Out|p1b: Incineroar\n|-damage|p1b: Incineroar|95/100\n|move|p1a: Gengar|Disable|p2a: Ampharos\n|-start|p2a: Ampharos|Disable|Thunderbolt\n|move|p2a: Ampharos|Dragon Pulse|p1a: Gengar\n|-damage|p1a: Gengar|31/100\n|\n|-start|p1a: Gengar|perish1\n|upkeep\n|turn|4\n|inactive|nemesisakaciccio has 30 seconds left.\n|\n|t:|1776531569\n|switch|p1a: Clefable|Clefable, L50, F|100/100\n|move|p1b: Incineroar|Fake Out|p2a: Ampharos\n|-damage|p2a: Ampharos|91/100\n|move|p2b: Incineroar|Throat Chop|p1b: Incineroar\n|-resisted|p1b: Incineroar|1\n|-damage|p1b: Incineroar|87/100\n|-start|p1b: Incineroar|Throat Chop|[silent]\n|cant|p2a: Ampharos|flinch\n|\n|upkeep\n|turn|5\n|inactive|biggi x has 30 seconds left.\n|inactive|biggi x has 20 seconds left.\n|inactive|biggi x has 15 seconds left.\n|\n|t:|1776531610\n|switch|p1b: Gengar|Gengar-Mega, L50, M|31/100\n|move|p1a: Clefable|Moonblast|p2a: Ampharos\n|-supereffective|p2a: Ampharos|1\n|-damage|p2a: Ampharos|33/100\n|-unboost|p2a: Ampharos|spa|1\n|move|p2b: Incineroar|Parting Shot|p1b: Gengar\n|-unboost|p1b: Gengar|atk|1\n|-unboost|p1b: Gengar|spa|1\n|\n|t:|1776531621\n|switch|p2b: Sinistcha|Sinistcha, L50|100/100|[from] Parting Shot\n|-heal|p2a: Ampharos|58/100|[from] ability: Hospitality|[of] p2b: Sinistcha\n|move|p2a: Ampharos|Volt Switch|p1b: Gengar\n|-damage|p1b: Gengar|0 fnt\n|faint|p1b: Gengar\n|-message|biggi x forfeited.\n|\n|win|nemesisakaciccio\n|raw|biggi x's rating: 1050 &rarr; <strong>1030</strong><br />(-20 for losing)\n|raw|nemesisakaciccio's rating: 1000 &rarr; <strong>1046</strong><br />(+46 for winning)\n|l|\u2606biggi x\n|player|p1|\n",
  "uploadtime": 1776531640,
  "views": 17,
  "formatid": "gen9championsvgc2026regma",
  "rating": 1030,
  "private": 0,
  "password": null
}