{
  "id": "gen9championsvgc2026regma-2584692924",
  "format": "[Gen 9 Champions] VGC 2026 Reg M-A",
  "players": [
    "Lucsaj",
    "EkCantDrawLol"
  ],
  "log": "|j|\u2606Lucsaj\n|j|\u203dEkCantDrawLol\n|t:|1776277180\n|gametype|doubles\n|player|p1|Lucsaj|ghetsis|1274\n|player|p2|EkCantDrawLol|skierf|1291\n|gen|9\n|tier|[Gen 9 Champions] VGC 2026 Reg M-A\n|rated|\n|rule|Species Clause: Limit one of each Pok\u00e9mon\n|rule|Item Clause: Limit 1 of each item\n|clearpoke\n|poke|p1|Dragonite, L50, M|\n|poke|p1|Pelipper, L50, M|\n|poke|p1|Archaludon, L50, M|\n|poke|p1|Basculegion, L50, M|\n|poke|p1|Sneasler, L50, M|\n|poke|p1|Tauros-Paldea-Aqua, L50, M|\n|poke|p2|Corviknight, L50, M|\n|poke|p2|Froslass, L50, F|\n|poke|p2|Garchomp, L50, F|\n|poke|p2|Rotom-Wash, L50|\n|poke|p2|Sneasler, L50, M|\n|poke|p2|Incineroar, L50, M|\n|teampreview|4\n|inactive|Battle timer is ON: inactive players will automatically lose when time's up. (requested by Lucsaj)\nLucsaj rejected open team sheets.\n|l|\u203dEkCantDrawLol\n|inactive|EkCantDrawLol disconnected and has a minute to reconnect!\n|player|p2|\n|inactive|EkCantDrawLol has 30 seconds to reconnect!\n|inactive|EkCantDrawLol has 20 seconds to reconnect!\n|j|\u203dEkCantDrawLol\n|inactive|EkCantDrawLol reconnected and has 35 seconds left.\n|player|p2|EkCantDrawLol|skierf|\n|n|\u203dEkCantDrawLol|ekcantdrawlol\n|inactive|EkCantDrawLol has 30 seconds left.\n|inactive|EkCantDrawLol has 20 seconds left.\n|inactive|EkCantDrawLol has 15 seconds left.\n|inactive|EkCantDrawLol has 10 seconds left.\n|inactive|EkCantDrawLol has 5 seconds left.\n|\n|t:|1776277269\n|teamsize|p1|4\n|teamsize|p2|4\n|start\n|switch|p1a: Sneasler|Sneasler, L50, M|100/100\n|switch|p1b: Pelipper|Pelipper, L50, M|100/100\n|switch|p2a: Froslass|Froslass, L50, F|100/100\n|switch|p2b: Incineroar|Incineroar, L50, M, shiny|100/100\n|-weather|RainDance|[from] ability: Drizzle|[of] p1b: Pelipper\n|-ability|p2b: Incineroar|Intimidate|boost\n|-unboost|p1a: Sneasler|atk|1\n|-unboost|p1b: Pelipper|atk|1\n|-enditem|p1a: Sneasler|White Herb\n|-clearnegativeboost|p1a: Sneasler|[silent]\n|turn|1\n|\n|t:|1776277279\n|detailschange|p2a: Froslass|Froslass-Mega, L50, F\n|-mega|p2a: Froslass|Froslass|Froslassite\n|-weather|Snowscape|[from] ability: Snow Warning|[of] p2a: Froslass\n|move|p1a: Sneasler|Upper Hand|p2b: Incineroar\n|-supereffective|p2b: Incineroar|1\n|-damage|p2b: Incineroar|29/100\n|cant|p2b: Incineroar|flinch\n|move|p2a: Froslass|Thunderbolt|p1b: Pelipper\n|-supereffective|p1b: Pelipper|2\n|-enditem|p1b: Pelipper|Focus Sash\n|-damage|p1b: Pelipper|1/100\n|move|p1b: Pelipper|Tailwind|p1b: Pelipper\n|-sidestart|p1: Lucsaj|move: Tailwind\n|\n|-weather|Snowscape|[upkeep]\n|upkeep\n|turn|2\n|\n|t:|1776277295\n|switch|p1b: Archaludon|Archaludon, L50, M|100/100\n|switch|p2b: Corviknight|Corviknight, L50, M|100/100\n|move|p1a: Sneasler|Close Combat|p2b: Corviknight\n|-damage|p2b: Corviknight|56/100\n|-unboost|p1a: Sneasler|def|1\n|-unboost|p1a: Sneasler|spd|1\n|move|p2a: Froslass|Blizzard|p1b: Archaludon|[spread] p1a,p1b\n|-crit|p1a: Sneasler\n|-damage|p1a: Sneasler|0 fnt\n|-damage|p1b: Archaludon|48/100\n|faint|p1a: Sneasler\n|\n|-weather|Snowscape|[upkeep]\n|-heal|p1b: Archaludon|54/100|[from] item: Leftovers\n|upkeep\n|\n|t:|1776277306\n|switch|p1a: Pelipper|Pelipper, L50, M|1/100\n|-weather|RainDance|[from] ability: Drizzle|[of] p1a: Pelipper\n|turn|3\n|\n|t:|1776277320\n|move|p2b: Corviknight|Protect|p2b: Corviknight\n|-singleturn|p2b: Corviknight|Protect\n|move|p1a: Pelipper|Wide Guard|p1a: Pelipper\n|-singleturn|p1a: Pelipper|Wide Guard\n|move|p1b: Archaludon|Electro Shot||[still]\n|-prepare|p1b: Archaludon|Electro Shot\n|-boost|p1b: Archaludon|spa|1\n|-anim|p1b: Archaludon|Electro Shot|p2b: Corviknight\n|-activate|p2b: Corviknight|move: Protect\n|move|p2a: Froslass|Shadow Ball|p1b: Archaludon\n|-damage|p1b: Archaludon|6/100\n|-unboost|p1b: Archaludon|spd|1\n|\n|-weather|RainDance|[upkeep]\n|-heal|p1b: Archaludon|12/100|[from] item: Leftovers\n|upkeep\n|turn|4\n|\n|t:|1776277336\n|switch|p2a: Rotom|Rotom-Wash, L50|100/100\n|switch|p2b: Incineroar|Incineroar, L50, M, shiny|29/100\n|-ability|p2b: Incineroar|Intimidate|boost\n|-unboost|p1a: Pelipper|atk|1\n|-unboost|p1b: Archaludon|atk|1\n|move|p1a: Pelipper|Wide Guard|p1a: Pelipper\n|-singleturn|p1a: Pelipper|Wide Guard\n|move|p1b: Archaludon|Flash Cannon|p2a: Rotom\n|-resisted|p2a: Rotom|2\n|-damage|p2a: Rotom|79/100\n|\n|-weather|RainDance|[upkeep]\n|-heal|p1b: Archaludon|18/100|[from] item: Leftovers\n|-sideend|p1: Lucsaj|move: Tailwind\n|upkeep\n|turn|5\n|\n|t:|1776277353\n|move|p1a: Pelipper|Protect||[still]\n|-fail|p1a: Pelipper\n|move|p2b: Incineroar|Fake Out|p1a: Pelipper\n|-crit|p1a: Pelipper\n|-damage|p1a: Pelipper|0 fnt\n|faint|p1a: Pelipper\n|move|p2a: Rotom|Volt Switch|p1b: Archaludon\n|-resisted|p1b: Archaludon|1\n|-damage|p1b: Archaludon|0 fnt\n|faint|p1b: Archaludon\n|-message|Lucsaj forfeited.\n|\n|win|EkCantDrawLol\n|raw|Lucsaj's rating: 1274 &rarr; <strong>1250</strong><br />(-24 for losing)\n|raw|EkCantDrawLol's rating: 1291 &rarr; <strong>1315</strong><br />(+24 for winning)\n|l|\u2606Lucsaj\n|player|p1|\n",
  "uploadtime": 1776277361,
  "views": 35,
  "formatid": "gen9championsvgc2026regma",
  "rating": 1250,
  "private": 0,
  "password": null
}