{
  "id": "gen9championsvgc2026regma-2588197466",
  "format": "[Gen 9 Champions] VGC 2026 Reg M-A",
  "players": [
    "Kalaphant",
    "helpAger"
  ],
  "log": "|j|\u2606Kalaphant\n|j|\u2606helpAger\n|t:|1776613568\n|gametype|doubles\n|player|p1|Kalaphant|170|1125\n|player|p2|helpAger|cynthia-gen4|1192\n|gen|9\n|tier|[Gen 9 Champions] VGC 2026 Reg M-A\n|rated|\n|rule|Species Clause: Limit one of each Pok\u00e9mon\n|rule|Item Clause: Limit 1 of each item\n|clearpoke\n|poke|p1|Floette-Eternal, L50, F|\n|poke|p1|Incineroar, L50, F|\n|poke|p1|Charizard, L50, F|\n|poke|p1|Sneasler, L50, F|\n|poke|p1|Sinistcha, L50|\n|poke|p1|Milotic, L50, F|\n|poke|p2|Aerodactyl, L50, M|\n|poke|p2|Garchomp, L50, F|\n|poke|p2|Basculegion, L50, M|\n|poke|p2|Floette-Eternal, L50, F|\n|poke|p2|Incineroar, L50, M|\n|poke|p2|Meowstic, L50, M|\n|teampreview|4\n|inactive|Battle timer is ON: inactive players will automatically lose when time's up. (requested by helpAger)\n|inactive|Kalaphant also wants the timer to be on.\n|c|\u2606Kalaphant|glhf\nKalaphant has agreed to open team sheets.\nhelpAger has agreed to open team sheets.\n|showteam|p1|Floette-Eternal||Floettite|FlowerVeil|DazzlingGleam,LightofRuin,Protect,Moonblast|||F|||50|]Incineroar||ChopleBerry|Intimidate|FakeOut,PartingShot,FlareBlitz,ThroatChop|||F|||50|]Charizard||CharizarditeY|SolarPower|WeatherBall,HeatWave,SolarBeam,Protect|||F|||50|]Sneasler||WhiteHerb|Unburden|CloseCombat,DireClaw,FakeOut,Protect|||F|||50|]Sinistcha||SitrusBerry|Hospitality|MatchaGotcha,RagePowder,LifeDew,StrengthSap||||||50|]Milotic||Leftovers|Competitive|Scald,Protect,IcyWind,IceBeam|||F|||50|\n|showteam|p2|Aerodactyl||FocusSash|Unnerve|Tailwind,RockSlide,Taunt,DualWingbeat|||M|||50|]Garchomp||WhiteHerb|RoughSkin|Earthquake,DragonClaw,RockSlide,Protect|||F|||50|]Basculegion||ChoiceScarf|Adaptability|Crunch,WaveCrash,LastRespects,ZenHeadbutt|||M|||50|]Floette-Eternal||Floettite|FlowerVeil|Moonblast,DazzlingGleam,Protect,CalmMind|||F|||50|]Incineroar||SitrusBerry|Intimidate|FakeOut,Taunt,FlareBlitz,PartingShot|||M|||50|]Meowstic||MentalHerb|Prankster|LightScreen,Reflect,Psychic,ThunderWave|||M|||50|\n|inactive|Kalaphant has 60 seconds left.\n|inactive|helpAger has 60 seconds left.\n|\n|t:|1776613615\n|teamsize|p1|4\n|teamsize|p2|4\n|start\n|switch|p1a: Charizard|Charizard, L50, F|100/100\n|switch|p1b: Milotic|Milotic, L50, F|100/100\n|switch|p2a: Garchomp|Garchomp, L50, F|100/100\n|switch|p2b: Aerodactyl|Aerodactyl, L50, M|100/100\n|-ability|p2b: Aerodactyl|Unnerve\n|turn|1\n|inactive|Kalaphant has 30 seconds left.\n|inactive|Kalaphant has 20 seconds left.\n|inactive|Kalaphant has 15 seconds left.\n|\n|t:|1776613657\n|detailschange|p1a: Charizard|Charizard-Mega-Y, L50, F\n|-mega|p1a: Charizard|Charizard|Charizardite Y\n|-weather|SunnyDay|[from] ability: Drought|[of] p1a: Charizard\n|move|p2a: Garchomp|Protect|p2a: Garchomp\n|-singleturn|p2a: Garchomp|Protect\n|move|p2b: Aerodactyl|Tailwind|p2b: Aerodactyl\n|-sidestart|p2: helpAger|move: Tailwind\n|move|p1a: Charizard|Solar Beam||[still]\n|-prepare|p1a: Charizard|Solar Beam\n|-anim|p1a: Charizard|Solar Beam|p2b: Aerodactyl\n|-damage|p2b: Aerodactyl|28/100\n|move|p1b: Milotic|Icy Wind|p2b: Aerodactyl|[spread] p2b\n|-activate|p2a: Garchomp|move: Protect\n|-supereffective|p2b: Aerodactyl|1\n|-damage|p2b: Aerodactyl|0 fnt\n|faint|p2b: Aerodactyl\n|\n|-weather|SunnyDay|[upkeep]\n|upkeep\n|\n|t:|1776613675\n|switch|p2b: Floette|Floette-Eternal, L50, F|100/100\n|turn|2\n|inactive|Kalaphant has 30 seconds left.\n|inactive|Kalaphant has 20 seconds left.\n|inactive|Kalaphant has 15 seconds left.\n|\n|t:|1776613718\n|switch|p1a: Incineroar|Incineroar, L50, F|100/100\n|-ability|p1a: Incineroar|Intimidate|boost\n|-unboost|p2a: Garchomp|atk|1\n|-unboost|p2b: Floette|atk|1\n|-enditem|p2a: Garchomp|White Herb\n|-clearnegativeboost|p2a: Garchomp|[silent]\n|detailschange|p2b: Floette|Floette-Mega, L50, F\n|-mega|p2b: Floette|Floette|Floettite\n|-ability|p2b: Floette|Fairy Aura\n|move|p2a: Garchomp|Rock Slide|p1b: Milotic|[spread] p1a\n|-miss|p2a: Garchomp|p1b: Milotic\n|-supereffective|p1a: Incineroar|1\n|-damage|p1a: Incineroar|72/100\n|move|p2b: Floette|Moonblast|p1b: Milotic\n|-damage|p1b: Milotic|50/100\n|move|p1b: Milotic|Ice Beam|p2a: Garchomp\n|-supereffective|p2a: Garchomp|2\n|-damage|p2a: Garchomp|0 fnt\n|faint|p2a: Garchomp\n|\n|-weather|SunnyDay|[upkeep]\n|-heal|p1b: Milotic|55/100|[from] item: Leftovers\n|upkeep\n|\n|t:|1776613733\n|switch|p2a: Meowstic|Meowstic, L50, M|100/100\n|turn|3\n|inactive|Kalaphant has 30 seconds left.\n|inactive|Kalaphant has 20 seconds left.\n|\n|t:|1776613770\n|move|p1a: Incineroar|Fake Out|p2b: Floette\n|-damage|p2b: Floette|87/100\n|move|p2a: Meowstic|Light Screen|p2a: Meowstic\n|-sidestart|p2: helpAger|move: Light Screen\n|cant|p2b: Floette|flinch\n|move|p1b: Milotic|Icy Wind|p2a: Meowstic|[spread] p2a,p2b\n|-damage|p2a: Meowstic|92/100\n|-damage|p2b: Floette|79/100\n|-unboost|p2a: Meowstic|spe|1\n|-unboost|p2b: Floette|spe|1\n|\n|-weather|SunnyDay|[upkeep]\n|-heal|p1b: Milotic|61/100|[from] item: Leftovers\n|upkeep\n|turn|4\n|inactive|Kalaphant has 30 seconds left.\n|inactive|Kalaphant has 20 seconds left.\n|inactive|Kalaphant has 15 seconds left.\n|\n|t:|1776613811\n|move|p2a: Meowstic|Reflect|p2a: Meowstic\n|-sidestart|p2: helpAger|Reflect\n|move|p2b: Floette|Calm Mind|p2b: Floette\n|-boost|p2b: Floette|spa|1\n|-boost|p2b: Floette|spd|1\n|move|p1b: Milotic|Ice Beam|p2b: Floette\n|-damage|p2b: Floette|68/100\n|move|p1a: Incineroar|Throat Chop|p2a: Meowstic\n|-supereffective|p2a: Meowstic|1\n|-damage|p2a: Meowstic|47/100\n|-start|p2a: Meowstic|Throat Chop|[silent]\n|\n|-weather|SunnyDay|[upkeep]\n|-heal|p1b: Milotic|67/100|[from] item: Leftovers\n|-sideend|p2: helpAger|move: Tailwind\n|upkeep\n|turn|5\n|\n|t:|1776613829\n|move|p2a: Meowstic|Thunder Wave|p1b: Milotic\n|-status|p1b: Milotic|par\n|move|p2b: Floette|Calm Mind|p2b: Floette\n|-boost|p2b: Floette|spa|1\n|-boost|p2b: Floette|spd|1\n|move|p1a: Incineroar|Parting Shot|p2b: Floette\n|-unboost|p2b: Floette|atk|1\n|-unboost|p2b: Floette|spa|1\n|\n|t:|1776613838\n|switch|p1a: Sinistcha|Sinistcha, L50|100/100|[from] Parting Shot\n|-heal|p1b: Milotic|92/100 par|[from] ability: Hospitality|[of] p1a: Sinistcha\n|cant|p1b: Milotic|par\n|\n|-weather|none\n|-heal|p1b: Milotic|98/100 par|[from] item: Leftovers\n|-end|p2a: Meowstic|Throat Chop|[silent]\n|upkeep\n|turn|6\n|inactive|Kalaphant has 30 seconds left.\n|\n|t:|1776613867\n|move|p2a: Meowstic|Thunder Wave|p1a: Sinistcha\n|-status|p1a: Sinistcha|par\n|move|p2b: Floette|Calm Mind|p2b: Floette\n|-boost|p2b: Floette|spa|1\n|-boost|p2b: Floette|spd|1\n|move|p1b: Milotic|Icy Wind|p2a: Meowstic|[spread] p2a,p2b\n|-damage|p2a: Meowstic|39/100\n|-damage|p2b: Floette|65/100\n|-unboost|p2a: Meowstic|spe|1\n|-unboost|p2b: Floette|spe|1\n|move|p1a: Sinistcha|Matcha Gotcha|p2a: Meowstic|[spread] p2a,p2b\n|-damage|p2a: Meowstic|24/100\n|-damage|p2b: Floette|59/100\n|\n|-heal|p1b: Milotic|100/100 par|[from] item: Leftovers\n|upkeep\n|turn|7\n|inactive|helpAger has 30 seconds left.\n|inactive|Kalaphant has 30 seconds left.\n|\n|t:|1776613901\n|switch|p1a: Incineroar|Incineroar, L50, F|72/100\n|-ability|p1a: Incineroar|Intimidate|boost\n|-unboost|p2a: Meowstic|atk|1\n|-unboost|p2b: Floette|atk|1\n|move|p1b: Milotic|Protect|p1b: Milotic\n|-singleturn|p1b: Milotic|Protect\n|move|p2b: Floette|Dazzling Gleam|p1a: Incineroar|[spread] p1a\n|-activate|p1b: Milotic|move: Protect\n|-damage|p1a: Incineroar|0 fnt\n|faint|p1a: Incineroar\n|move|p2a: Meowstic|Psychic|p1b: Milotic\n|-activate|p1b: Milotic|move: Protect\n|\n|-sideend|p2: helpAger|move: Light Screen\n|upkeep\n|\n|t:|1776613912\n|switch|p1a: Charizard|Charizard-Mega-Y, L50, F|100/100\n|-weather|SunnyDay|[from] ability: Drought|[of] p1a: Charizard\n|turn|8\n|\n|t:|1776613925\n|switch|p1b: Sinistcha|Sinistcha, L50|100/100 par\n|move|p2b: Floette|Protect|p2b: Floette\n|-singleturn|p2b: Floette|Protect\n|move|p2a: Meowstic|Thunder Wave|p1a: Charizard\n|-status|p1a: Charizard|par\n|move|p1a: Charizard|Weather Ball|p2b: Floette\n|-activate|p2b: Floette|move: Protect\n|\n|-weather|SunnyDay|[upkeep]\n|-sideend|p2: helpAger|Reflect\n|upkeep\n|turn|9\n|inactive|Kalaphant has 30 seconds left.\n|\n|t:|1776613950\n|move|p2a: Meowstic|Light Screen|p2a: Meowstic\n|-sidestart|p2: helpAger|move: Light Screen\n|move|p2b: Floette|Calm Mind|p2b: Floette\n|-boost|p2b: Floette|spa|1\n|-boost|p2b: Floette|spd|1\n|move|p1a: Charizard|Weather Ball|p2b: Floette\n|-damage|p2b: Floette|41/100\n|cant|p1b: Sinistcha|par\n|\n|-weather|SunnyDay|[upkeep]\n|upkeep\n|turn|10\n|\n|t:|1776613972\n|move|p2b: Floette|Dazzling Gleam|p1b: Sinistcha|[spread] p1a,p1b\n|-resisted|p1a: Charizard|1\n|-damage|p1a: Charizard|42/100 par\n|-damage|p1b: Sinistcha|0 fnt\n|faint|p1b: Sinistcha\n|move|p1a: Charizard|Heat Wave|p2a: Meowstic|[spread] p2a,p2b\n|-damage|p2a: Meowstic|0 fnt\n|-damage|p2b: Floette|28/100\n|faint|p2a: Meowstic\n|\n|-weather|SunnyDay|[upkeep]\n|upkeep\n|\n|t:|1776613979\n|switch|p1b: Milotic|Milotic, L50, F|100/100 par\n|turn|11\n|\n|t:|1776613992\n|move|p2b: Floette|Dazzling Gleam|p1b: Milotic|[spread] p1a,p1b\n|-resisted|p1a: Charizard|1\n|-damage|p1a: Charizard|0 fnt\n|-damage|p1b: Milotic|8/100 par\n|faint|p1a: Charizard\n|move|p1b: Milotic|Ice Beam|p2b: Floette\n|-damage|p2b: Floette|22/100\n|\n|-weather|SunnyDay|[upkeep]\n|-heal|p1b: Milotic|14/100 par|[from] item: Leftovers\n|upkeep\n|turn|12\n|c|\u2606Kalaphant|gg\n|\n|t:|1776614000\n|move|p2b: Floette|Dazzling Gleam|p1b: Milotic\n|-damage|p1b: Milotic|0 fnt\n|faint|p1b: Milotic\n|\n|win|helpAger\n|raw|Kalaphant's rating: 1125 &rarr; <strong>1105</strong><br />(-20 for losing)\n|raw|helpAger's rating: 1192 &rarr; <strong>1212</strong><br />(+20 for winning)\n",
  "uploadtime": 1776614001,
  "views": 7,
  "formatid": "gen9championsvgc2026regma",
  "rating": 1105,
  "private": 0,
  "password": null
}