{
  "id": "gen9championsvgc2026regma-2585483314",
  "format": "[Gen 9 Champions] VGC 2026 Reg M-A",
  "players": [
    "dragonlift",
    "Mr.X&Y97"
  ],
  "log": "|j|\u2606dragonlift\n|j|\u2606Mr.X&Y97\n|t:|1776350549\n|gametype|doubles\n|player|p1|dragonlift|1|1132\n|player|p2|Mr.X&Y97|ingo|1129\n|gen|9\n|tier|[Gen 9 Champions] VGC 2026 Reg M-A\n|rated|\n|rule|Species Clause: Limit one of each Pok\u00e9mon\n|rule|Item Clause: Limit 1 of each item\n|clearpoke\n|poke|p1|Dragonite, L50, M|\n|poke|p1|Pelipper, L50, M|\n|poke|p1|Froslass, L50, F|\n|poke|p1|Rotom-Frost, L50|\n|poke|p1|Incineroar, L50, M|\n|poke|p1|Sinistcha-Masterpiece, L50|\n|poke|p2|Aerodactyl, L50, M|\n|poke|p2|Garchomp, L50, M|\n|poke|p2|Incineroar, L50, F|\n|poke|p2|Froslass, L50, F|\n|poke|p2|Rotom-Frost, L50|\n|poke|p2|Kangaskhan, L50, F|\n|teampreview|4\n|inactive|Battle timer is ON: inactive players will automatically lose when time's up. (requested by Mr.X&Y97)\n|\n|t:|1776350568\n|teamsize|p1|4\n|teamsize|p2|4\n|start\n|switch|p1a: Pelipper|Pelipper, L50, M|100/100\n|switch|p1b: Dragonite|Dragonite, L50, M, shiny|100/100\n|switch|p2a: Aerodactyl|Aerodactyl, L50, M|100/100\n|switch|p2b: Kangaskhan|Kangaskhan, L50, F|100/100\n|-ability|p2a: Aerodactyl|Unnerve\n|-weather|RainDance|[from] ability: Drizzle|[of] p1a: Pelipper\n|turn|1\n|\n|t:|1776350589\n|detailschange|p1b: Dragonite|Dragonite-Mega, L50, M, shiny\n|-mega|p1b: Dragonite|Dragonite|Dragoninite\n|detailschange|p2b: Kangaskhan|Kangaskhan-Mega, L50, F\n|-mega|p2b: Kangaskhan|Kangaskhan|Kangaskhanite\n|move|p2b: Kangaskhan|Fake Out|p1b: Dragonite\n|-crit|p1b: Dragonite\n|-damage|p1b: Dragonite|84/100\n|-damage|p1b: Dragonite|78/100\n|-hitcount|p1b: Dragonite|2\n|move|p1a: Pelipper|Wide Guard|p1a: Pelipper\n|-singleturn|p1a: Pelipper|Wide Guard\n|move|p2a: Aerodactyl|Tailwind|p2a: Aerodactyl\n|-sidestart|p2: Mr.X&Y97|move: Tailwind\n|cant|p1b: Dragonite|flinch\n|\n|-weather|RainDance|[upkeep]\n|upkeep\n|turn|2\n|\n|t:|1776350606\n|move|p1a: Pelipper|Wide Guard|p1a: Pelipper\n|-singleturn|p1a: Pelipper|Wide Guard\n|move|p2a: Aerodactyl|Dual Wingbeat|p1b: Dragonite\n|-damage|p1b: Dragonite|62/100\n|-damage|p1b: Dragonite|46/100\n|-hitcount|p1b: Dragonite|2\n|move|p2b: Kangaskhan|Body Slam|p1b: Dragonite\n|-damage|p1b: Dragonite|0 fnt\n|faint|p1b: Dragonite\n|-hitcount|p1: Dragonite|1\n|\n|-weather|RainDance|[upkeep]\n|upkeep\n|\n|t:|1776350618\n|switch|p1b: Incineroar|Incineroar, L50, M|100/100\n|-ability|p1b: Incineroar|Intimidate|boost\n|-unboost|p2a: Aerodactyl|atk|1\n|-unboost|p2b: Kangaskhan|atk|1\n|turn|3\n|\n|t:|1776350625\n|switch|p2a: Incineroar|Incineroar, L50, F|100/100\n|-ability|p2a: Incineroar|Intimidate|boost\n|-unboost|p1a: Pelipper|atk|1\n|-unboost|p1b: Incineroar|atk|1\n|switch|p2b: Garchomp|Garchomp, L50, M|100/100\n|move|p1b: Incineroar|Fake Out|p2b: Garchomp\n|-damage|p2b: Garchomp|90/100\n|-damage|p1b: Incineroar|88/100|[from] ability: Rough Skin|[of] p2b: Garchomp\n|move|p1a: Pelipper|Weather Ball|p2a: Incineroar\n|-supereffective|p2a: Incineroar|1\n|-damage|p2a: Incineroar|26/100\n|\n|-weather|RainDance|[upkeep]\n|-heal|p1b: Incineroar|94/100|[from] item: Leftovers\n|upkeep\n|turn|4\n|\n|t:|1776350637\n|move|p2a: Incineroar|Fake Out|p1a: Pelipper\n|-damage|p1a: Pelipper|92/100\n|move|p2b: Garchomp|Rock Slide|p1b: Incineroar|[spread] p1a,p1b\n|-supereffective|p1a: Pelipper|1\n|-supereffective|p1b: Incineroar|1\n|-damage|p1a: Pelipper|61/100\n|-damage|p1b: Incineroar|59/100\n|cant|p1a: Pelipper|flinch\n|move|p1b: Incineroar|Parting Shot|p2b: Garchomp\n|-unboost|p2b: Garchomp|atk|1\n|-unboost|p2b: Garchomp|spa|1\n|\n|t:|1776350646\n|switch|p1b: Sinistcha|Sinistcha-Masterpiece, L50|100/100|[from] Parting Shot\n|-enditem|p2b: Garchomp|White Herb\n|-clearnegativeboost|p2b: Garchomp|[silent]\n|-heal|p1a: Pelipper|86/100|[from] ability: Hospitality|[of] p1b: Sinistcha\n|\n|-weather|RainDance|[upkeep]\n|-sideend|p2: Mr.X&Y97|move: Tailwind\n|upkeep\n|turn|5\n|\n|t:|1776350659\n|move|p1a: Pelipper|Wide Guard|p1a: Pelipper\n|-singleturn|p1a: Pelipper|Wide Guard\n|move|p2b: Garchomp|Poison Jab|p1b: Sinistcha\n|-damage|p1b: Sinistcha|73/100\n|move|p1b: Sinistcha|Matcha Gotcha|p2a: Incineroar|[spread] p2a,p2b\n|-resisted|p2a: Incineroar|1\n|-damage|p2a: Incineroar|15/100\n|-heal|p1b: Sinistcha|79/100|[from] drain|[of] p2a: Incineroar\n|-damage|p2b: Garchomp|56/100\n|-heal|p1b: Sinistcha|97/100|[from] drain|[of] p2b: Garchomp\n|move|p2a: Incineroar|Parting Shot|p1b: Sinistcha\n|-unboost|p1b: Sinistcha|atk|1\n|-unboost|p1b: Sinistcha|spa|1\n|\n|t:|1776350678\n|switch|p2a: Aerodactyl|Aerodactyl, L50, M|100/100|[from] Parting Shot\n|-ability|p2a: Aerodactyl|Unnerve\n|\n|-weather|none\n|upkeep\n|turn|6\n|\n|t:|1776350689\n|switch|p1a: Incineroar|Incineroar, L50, M|59/100\n|-ability|p1a: Incineroar|Intimidate|boost\n|-unboost|p2a: Aerodactyl|atk|1\n|-unboost|p2b: Garchomp|atk|1\n|move|p2a: Aerodactyl|Dual Wingbeat|p1b: Sinistcha|[miss]\n|-miss|p2a: Aerodactyl|p1b: Sinistcha\n|move|p2b: Garchomp|Poison Jab|p1b: Sinistcha\n|-damage|p1b: Sinistcha|79/100\n|move|p1b: Sinistcha|Matcha Gotcha|p2b: Garchomp|[spread] p2a,p2b\n|-damage|p2a: Aerodactyl|67/100\n|-heal|p1b: Sinistcha|93/100|[from] drain|[of] p2a: Aerodactyl\n|-damage|p2b: Garchomp|32/100\n|-heal|p1b: Sinistcha|100/100|[from] drain|[of] p2b: Garchomp\n|\n|-heal|p1a: Incineroar|65/100|[from] item: Leftovers\n|upkeep\n|turn|7\n|\n|t:|1776350718\n|switch|p2a: Incineroar|Incineroar, L50, F|15/100\n|-ability|p2a: Incineroar|Intimidate|boost\n|-unboost|p1a: Incineroar|atk|1\n|-unboost|p1b: Sinistcha|atk|1\n|move|p1a: Incineroar|Fake Out|p2a: Incineroar\n|-damage|p2a: Incineroar|6/100\n|move|p2b: Garchomp|Poison Jab|p1b: Sinistcha\n|-damage|p1b: Sinistcha|82/100\n|move|p1b: Sinistcha|Matcha Gotcha|p2b: Garchomp|[spread] p2a,p2b\n|-resisted|p2a: Incineroar|1\n|-damage|p2a: Incineroar|0 fnt\n|-heal|p1b: Sinistcha|85/100|[from] drain|[of] p2a: Incineroar\n|-damage|p2b: Garchomp|9/100\n|-heal|p1b: Sinistcha|97/100|[from] drain|[of] p2b: Garchomp\n|faint|p2a: Incineroar\n|\n|-heal|p1a: Incineroar|71/100|[from] item: Leftovers\n|upkeep\n|\n|t:|1776350731\n|switch|p2a: Aerodactyl|Aerodactyl, L50, M|67/100\n|-ability|p2a: Aerodactyl|Unnerve\n|turn|8\n|\n|t:|1776350748\n|move|p2a: Aerodactyl|Rock Slide|p1a: Incineroar|[spread] p1a,p1b\n|-supereffective|p1a: Incineroar|1\n|-damage|p1a: Incineroar|23/100\n|-damage|p1b: Sinistcha|75/100\n|move|p2b: Garchomp|Earthquake|p1b: Sinistcha|[spread] p1a,p1b\n|-immune|p2a: Aerodactyl\n|-supereffective|p1a: Incineroar|1\n|-resisted|p1b: Sinistcha|1\n|-damage|p1a: Incineroar|0 fnt\n|-damage|p1b: Sinistcha|63/100\n|faint|p1a: Incineroar\n|cant|p1b: Sinistcha|flinch\n|\n|upkeep\n|\n|t:|1776350758\n|switch|p1a: Pelipper|Pelipper, L50, M|86/100\n|-weather|RainDance|[from] ability: Drizzle|[of] p1a: Pelipper\n|turn|9\n|\n|t:|1776350764\n|move|p2a: Aerodactyl|Dual Wingbeat|p1b: Sinistcha\n|-supereffective|p1b: Sinistcha|1\n|-damage|p1b: Sinistcha|29/100\n|-supereffective|p1b: Sinistcha|1\n|-damage|p1b: Sinistcha|0 fnt\n|faint|p1b: Sinistcha\n|-hitcount|p1: Sinistcha|2\n|move|p2b: Garchomp|Poison Jab|p1a: Pelipper\n|-damage|p1a: Pelipper|70/100\n|-status|p1a: Pelipper|psn\n|move|p1a: Pelipper|Weather Ball|p2a: Aerodactyl\n|-supereffective|p2a: Aerodactyl|1\n|-damage|p2a: Aerodactyl|0 fnt\n|faint|p2a: Aerodactyl\n|\n|-weather|RainDance|[upkeep]\n|-damage|p1a: Pelipper|58/100 psn|[from] psn\n|upkeep\n|\n|t:|1776350774\n|switch|p2a: Kangaskhan|Kangaskhan-Mega, L50, F|100/100\n|turn|10\n|\n|t:|1776350778\n|move|p2a: Kangaskhan|Fake Out|p1a: Pelipper\n|-damage|p1a: Pelipper|41/100 psn\n|-enditem|p1a: Pelipper|Sitrus Berry|[eat]\n|-heal|p1a: Pelipper|66/100 psn|[from] item: Sitrus Berry\n|-damage|p1a: Pelipper|62/100 psn\n|-hitcount|p1a: Pelipper|2\n|move|p2b: Garchomp|Rock Slide|p1a: Pelipper\n|-supereffective|p1a: Pelipper|1\n|-damage|p1a: Pelipper|36/100 psn\n|cant|p1a: Pelipper|flinch\n|\n|-weather|RainDance|[upkeep]\n|-damage|p1a: Pelipper|24/100 psn|[from] psn\n|upkeep\n|turn|11\n|\n|t:|1776350794\n|move|p2a: Kangaskhan|Sucker Punch|p1a: Pelipper\n|-damage|p1a: Pelipper|3/100 psn\n|-damage|p1a: Pelipper|0 fnt\n|faint|p1a: Pelipper\n|-hitcount|p1: Pelipper|2\n|\n|win|Mr.X&Y97\n|raw|dragonlift's rating: 1157 &rarr; <strong>1130</strong><br />(-27 for losing)\n|raw|Mr.X&amp;Y97's rating: 1129 &rarr; <strong>1156</strong><br />(+27 for winning)\n",
  "uploadtime": 1776350804,
  "views": 20,
  "formatid": "gen9championsvgc2026regma",
  "rating": 1130,
  "private": 0,
  "password": null
}