{
  "id": "gen9championsvgc2026regma-2586955132",
  "format": "[Gen 9 Champions] VGC 2026 Reg M-A",
  "players": [
    "bladimir17",
    "Jackal.dd"
  ],
  "log": "|j|\u2606bladimir17\n|j|\u2606Jackal.dd\n|t:|1776475318\n|gametype|doubles\n|player|p1|bladimir17|hilbert|1186\n|player|p2|Jackal.dd|cheryl|1171\n|gen|9\n|tier|[Gen 9 Champions] VGC 2026 Reg M-A\n|rated|\n|rule|Species Clause: Limit one of each Pok\u00e9mon\n|rule|Item Clause: Limit 1 of each item\n|clearpoke\n|poke|p1|Pelipper, L50, F|\n|poke|p1|Basculegion, L50, M|\n|poke|p1|Archaludon, L50, M|\n|poke|p1|Sinistcha, L50|\n|poke|p1|Dragonite, L50, M|\n|poke|p1|Sneasler, L50, M|\n|poke|p2|Froslass, L50, F|\n|poke|p2|Rotom-Frost, L50|\n|poke|p2|Garchomp, L50, F|\n|poke|p2|Incineroar, L50, F|\n|poke|p2|Empoleon, L50, F|\n|poke|p2|Kingambit, L50, F|\n|teampreview|4\n|inactive|Battle timer is ON: inactive players will automatically lose when time's up. (requested by Jackal.dd)\n|\n|t:|1776475353\n|teamsize|p1|4\n|teamsize|p2|4\n|start\n|switch|p1a: Archaludon|Archaludon, L50, M|100/100\n|switch|p1b: Sinistcha|Sinistcha, L50|100/100\n|switch|p2a: Froslass|Froslass, L50, F|100/100\n|switch|p2b: Incineroar|Incineroar, L50, F|100/100\n|-ability|p2b: Incineroar|Intimidate|boost\n|-unboost|p1a: Archaludon|atk|1\n|-unboost|p1b: Sinistcha|atk|1\n|turn|1\n|inactive|Jackal.dd has 30 seconds left.\n|\n|t:|1776475383\n|detailschange|p2a: Froslass|Froslass-Mega, L50, F\n|-mega|p2a: Froslass|Froslass|Froslassite\n|-weather|Snowscape|[from] ability: Snow Warning|[of] p2a: Froslass\n|move|p2b: Incineroar|Fake Out|p1a: Archaludon\n|-resisted|p1a: Archaludon|1\n|-damage|p1a: Archaludon|96/100\n|-ability|p1a: Archaludon|Stamina|boost\n|-boost|p1a: Archaludon|def|1\n|move|p1b: Sinistcha|Rage Powder|p1b: Sinistcha\n|-singleturn|p1b: Sinistcha|move: Rage Powder\n|move|p2a: Froslass|Blizzard|p1a: Archaludon|[spread] p1a,p1b\n|-supereffective|p1b: Sinistcha|1\n|-damage|p1a: Archaludon|53/100\n|-damage|p1b: Sinistcha|22/100\n|-ability|p1a: Archaludon|Stamina|boost\n|-boost|p1a: Archaludon|def|1\n|-enditem|p1b: Sinistcha|Sitrus Berry|[eat]\n|-heal|p1b: Sinistcha|47/100|[from] item: Sitrus Berry\n|cant|p1a: Archaludon|flinch\n|\n|-weather|Snowscape|[upkeep]\n|-heal|p1a: Archaludon|59/100|[from] item: Leftovers\n|upkeep\n|turn|2\n|inactive|bladimir17 has 30 seconds left.\n|\n|t:|1776475411\n|switch|p1b: Pelipper|Pelipper, L50, F|100/100\n|-weather|RainDance|[from] ability: Drizzle|[of] p1b: Pelipper\n|move|p2a: Froslass|Blizzard|p1b: Pelipper|[spread] p1a,p1b\n|-damage|p1a: Archaludon|12/100\n|-damage|p1b: Pelipper|15/100\n|-ability|p1a: Archaludon|Stamina|boost\n|-boost|p1a: Archaludon|def|1\n|move|p1a: Archaludon|Flash Cannon|p2a: Froslass\n|-supereffective|p2a: Froslass|1\n|-damage|p2a: Froslass|9/100\n|move|p2b: Incineroar|Flare Blitz|p1a: Archaludon\n|-damage|p1a: Archaludon|3/100\n|-ability|p1a: Archaludon|Stamina|boost\n|-boost|p1a: Archaludon|def|1\n|-damage|p2b: Incineroar|98/100|[from] Recoil\n|\n|-weather|RainDance|[upkeep]\n|-heal|p1a: Archaludon|9/100|[from] item: Leftovers\n|upkeep\n|turn|3\n|inactive|bladimir17 has 30 seconds left.\n|\n|t:|1776475439\n|switch|p1b: Sneasler|Sneasler, L50, M|100/100\n|move|p2a: Froslass|Shadow Ball|p1a: Archaludon\n|-damage|p1a: Archaludon|0 fnt\n|faint|p1a: Archaludon\n|move|p2b: Incineroar|Darkest Lariat|p1b: Sneasler\n|-resisted|p1b: Sneasler|1\n|-damage|p1b: Sneasler|65/100\n|\n|-weather|RainDance|[upkeep]\n|upkeep\n|\n|t:|1776475446\n|switch|p1a: Pelipper|Pelipper, L50, F|15/100\n|turn|4\n|\n|t:|1776475457\n|switch|p2b: Kingambit|Kingambit, L50, F|100/100\n|move|p1b: Sneasler|Fake Out|p2b: Kingambit\n|-resisted|p2b: Kingambit|1\n|-damage|p2b: Kingambit|94/100\n|move|p2a: Froslass|Shadow Ball|p1a: Pelipper\n|-damage|p1a: Pelipper|0 fnt\n|faint|p1a: Pelipper\n|\n|-weather|RainDance|[upkeep]\n|upkeep\n|\n|t:|1776475465\n|switch|p1a: Sinistcha|Sinistcha, L50|47/100\n|-heal|p1b: Sneasler|90/100|[from] ability: Hospitality|[of] p1a: Sinistcha\n|turn|5\n|\n|t:|1776475479\n|move|p2a: Froslass|Shadow Ball|p1a: Sinistcha\n|-supereffective|p1a: Sinistcha|1\n|-damage|p1a: Sinistcha|0 fnt\n|faint|p1a: Sinistcha\n|move|p1b: Sneasler|Close Combat|p2b: Kingambit\n|-supereffective|p2b: Kingambit|2\n|-damage|p2b: Kingambit|0 fnt\n|-unboost|p1b: Sneasler|def|1\n|-unboost|p1b: Sneasler|spd|1\n|faint|p2b: Kingambit\n|-enditem|p1b: Sneasler|White Herb\n|-clearnegativeboost|p1b: Sneasler|[silent]\n|\n|-weather|RainDance|[upkeep]\n|upkeep\n|\n|t:|1776475490\n|switch|p2b: Rotom|Rotom-Frost, L50|100/100\n|turn|6\n|\n|t:|1776475497\n|switch|p2a: Incineroar|Incineroar, L50, F|98/100\n|-ability|p2a: Incineroar|Intimidate|boost\n|-unboost|p1b: Sneasler|atk|1\n|move|p1b: Sneasler|Throat Chop|p2a: Incineroar\n|-resisted|p2a: Incineroar|1\n|-damage|p2a: Incineroar|88/100\n|-start|p2a: Incineroar|Throat Chop|[silent]\n|move|p2b: Rotom|Electroweb|p1b: Sneasler\n|-crit|p1b: Sneasler\n|-damage|p1b: Sneasler|48/100\n|-unboost|p1b: Sneasler|spe|1\n|\n|-weather|none\n|upkeep\n|turn|7\n|inactive|bladimir17 has 30 seconds left.\n|inactive|bladimir17 has 20 seconds left.\n|inactive|bladimir17 has 15 seconds left.\n|inactive|bladimir17 has 10 seconds left.\n|inactive|bladimir17 has 5 seconds left.\n|\n|t:|1776475552\n|move|p2a: Incineroar|Fake Out|p1b: Sneasler\n|-damage|p1b: Sneasler|28/100\n|move|p2b: Rotom|Electroweb|p1b: Sneasler|[miss]\n|-miss|p2b: Rotom|p1b: Sneasler\n|cant|p1b: Sneasler|flinch\n|\n|-end|p2a: Incineroar|Throat Chop|[silent]\n|upkeep\n|turn|8\n|inactive|bladimir17 has 30 seconds left.\n|inactive|bladimir17 has 20 seconds left.\n|inactive|bladimir17 has 15 seconds left.\n|inactive|bladimir17 has 10 seconds left.\n|inactive|bladimir17 has 5 seconds left.\n|\n|t:|1776475607\n|move|p2b: Rotom|Electroweb|p1b: Sneasler\n|-damage|p1b: Sneasler|0 fnt\n|faint|p1b: Sneasler\n|\n|win|Jackal.dd\n|raw|bladimir17's rating: 1166 &rarr; <strong>1141</strong><br />(-25 for losing)\n|raw|Jackal.dd's rating: 1171 &rarr; <strong>1196</strong><br />(+25 for winning)\n",
  "uploadtime": 1776475615,
  "views": 19,
  "formatid": "gen9championsvgc2026regma",
  "rating": 1141,
  "private": 0,
  "password": null
}