{
  "id": "gen9championsvgc2026regma-2587983344",
  "format": "[Gen 9 Champions] VGC 2026 Reg M-A",
  "players": [
    "formicX",
    "1#miraidonhater"
  ],
  "log": "|j|\u2606formicX\n|j|\u26061#miraidonhater\n|t:|1776588570\n|gametype|doubles\n|player|p1|formicX|1|1326\n|player|p2|1#miraidonhater|volkner|1395\n|gen|9\n|tier|[Gen 9 Champions] VGC 2026 Reg M-A\n|rated|\n|rule|Species Clause: Limit one of each Pok\u00e9mon\n|rule|Item Clause: Limit 1 of each item\n|clearpoke\n|poke|p1|Sneasler, L50, M|\n|poke|p1|Camerupt, L50, M|\n|poke|p1|Oranguru, L50, F|\n|poke|p1|Tyranitar, L50, M|\n|poke|p1|Excadrill, L50, F|\n|poke|p1|Sylveon, L50, M|\n|poke|p2|Floette-Eternal, L50, F|\n|poke|p2|Basculegion, L50, M|\n|poke|p2|Tsareena, L50, F|\n|poke|p2|Incineroar, L50, F|\n|poke|p2|Pelipper, L50, F|\n|poke|p2|Archaludon, L50, F|\n|teampreview|4\n|inactive|Battle timer is ON: inactive players will automatically lose when time's up. (requested by formicX)\n|inactive|1#miraidonhater has 60 seconds left.\n|\n|t:|1776588633\n|teamsize|p1|4\n|teamsize|p2|4\n|start\n|switch|p1a: Tyranitar|Tyranitar, L50, M|100/100\n|switch|p1b: Excadrill|Excadrill, L50, F|100/100\n|switch|p2a: Dop Dururum|Basculegion, L50, M|100/100\n|switch|p2b: EVERY LAST DROP|Archaludon, L50, F|100/100\n|-weather|Sandstorm|[from] ability: Sand Stream|[of] p1a: Tyranitar\n|turn|1\n|j| porygon-epilepz\n|inactive|formicX has 30 seconds left.\n|inactive|1#miraidonhater has 30 seconds left.\n|inactive|formicX has 20 seconds left.\n|inactive|formicX has 15 seconds left.\n|inactive|formicX has 10 seconds left.\n|inactive|formicX has 5 seconds left.\n|\n|t:|1776588685\n|move|p2b: EVERY LAST DROP|Protect|p2b: EVERY LAST DROP\n|-singleturn|p2b: EVERY LAST DROP|Protect\n|move|p1b: Excadrill|Rock Slide|p2b: EVERY LAST DROP|[spread] \n|-activate|p2b: EVERY LAST DROP|move: Protect\n|-miss|p1b: Excadrill|p2a: Dop Dururum\n|move|p2a: Dop Dururum|Flip Turn|p1b: Excadrill\n|-supereffective|p1b: Excadrill|1\n|-enditem|p1b: Excadrill|Focus Sash\n|-damage|p1b: Excadrill|1/100\n|\n|t:|1776588702\n|switch|p2a: Floette|Floette-Eternal, L50, F|100/100|[from] Flip Turn\n|move|p1a: Tyranitar|Knock Off|p2a: Floette\n|-resisted|p2a: Floette|1\n|-damage|p2a: Floette|78/100\n|\n|-weather|Sandstorm|[upkeep]\n|-damage|p2a: Floette|72/100|[from] Sandstorm\n|upkeep\n|turn|2\n|inactive|1#miraidonhater has 30 seconds left.\n|\n|t:|1776588727\n|switch|p2b: Dop Dururum|Basculegion, L50, M|100/100\n|detailschange|p2a: Floette|Floette-Mega, L50, F\n|-mega|p2a: Floette|Floette|Floettite\n|-ability|p2a: Floette|Fairy Aura\n|move|p2a: Floette|Protect|p2a: Floette\n|-singleturn|p2a: Floette|Protect\n|move|p1b: Excadrill|High Horsepower|p2b: Dop Dururum\n|-damage|p2b: Dop Dururum|34/100\n|move|p1a: Tyranitar|Rock Slide|p2b: Dop Dururum|[spread] p2b\n|-activate|p2a: Floette|move: Protect\n|-damage|p2b: Dop Dururum|0 fnt\n|faint|p2b: Dop Dururum\n|\n|-weather|Sandstorm|[upkeep]\n|-damage|p2a: Floette|66/100|[from] Sandstorm\n|upkeep\n|\n|t:|1776588747\n|switch|p2b: Bohemian Rhapsody|Pelipper, L50, F|100/100\n|-weather|RainDance|[from] ability: Drizzle|[of] p2b: Bohemian Rhapsody\n|turn|3\n|inactive|formicX has 30 seconds left.\n|\n|t:|1776588775\n|switch|p2a: EVERY LAST DROP|Archaludon, L50, F|100/100\n|detailschange|p1a: Tyranitar|Tyranitar-Mega, L50, M\n|-mega|p1a: Tyranitar|Tyranitar|Tyranitarite\n|-weather|Sandstorm|[from] ability: Sand Stream|[of] p1a: Tyranitar\n|move|p1b: Excadrill|Iron Head|p2a: EVERY LAST DROP\n|-resisted|p2a: EVERY LAST DROP|1\n|-damage|p2a: EVERY LAST DROP|82/100\n|move|p2b: Bohemian Rhapsody|Tailwind|p2b: Bohemian Rhapsody\n|-sidestart|p2: 1#miraidonhater|move: Tailwind\n|move|p1a: Tyranitar|Rock Slide|p2b: Bohemian Rhapsody|[spread] p2a\n|-miss|p1a: Tyranitar|p2b: Bohemian Rhapsody\n|-resisted|p2a: EVERY LAST DROP|1\n|-damage|p2a: EVERY LAST DROP|66/100\n|\n|-weather|Sandstorm|[upkeep]\n|-damage|p2b: Bohemian Rhapsody|95/100|[from] Sandstorm\n|upkeep\n|turn|4\n|\n|t:|1776588800\n|move|p1b: Excadrill|Protect|p1b: Excadrill\n|-singleturn|p1b: Excadrill|Protect\n|move|p2b: Bohemian Rhapsody|Wide Guard|p2b: Bohemian Rhapsody\n|-singleturn|p2b: Bohemian Rhapsody|Wide Guard\n|move|p2a: EVERY LAST DROP|Flash Cannon|p1b: Excadrill\n|-activate|p1b: Excadrill|move: Protect\n|move|p1a: Tyranitar|Rock Slide|p2a: EVERY LAST DROP|[spread] \n|-activate|p2a: EVERY LAST DROP|move: Wide Guard\n|-activate|p2b: Bohemian Rhapsody|move: Wide Guard\n|\n|-weather|Sandstorm|[upkeep]\n|-damage|p2b: Bohemian Rhapsody|89/100|[from] Sandstorm\n|upkeep\n|turn|5\n|\n|t:|1776588819\n|move|p2b: Bohemian Rhapsody|Wide Guard|p2b: Bohemian Rhapsody\n|-singleturn|p2b: Bohemian Rhapsody|Wide Guard\n|move|p1b: Excadrill|High Horsepower|p2a: EVERY LAST DROP\n|-supereffective|p2a: EVERY LAST DROP|1\n|-damage|p2a: EVERY LAST DROP|0 fnt\n|faint|p2a: EVERY LAST DROP\n|move|p1a: Tyranitar|Knock Off|p2b: Bohemian Rhapsody\n|-damage|p2b: Bohemian Rhapsody|1/100\n|-enditem|p2b: Bohemian Rhapsody|Focus Sash|[from] move: Knock Off|[of] p1a: Tyranitar\n|\n|-weather|Sandstorm|[upkeep]\n|-damage|p2b: Bohemian Rhapsody|0 fnt|[from] Sandstorm\n|faint|p2b: Bohemian Rhapsody\n|upkeep\n|-message|1#miraidonhater forfeited.\n|\n|win|formicX\n",
  "uploadtime": 1776588575,
  "views": 10,
  "formatid": "gen9championsvgc2026regma",
  "rating": null,
  "private": 0,
  "password": null
}