{
  "id": "gen9championsvgc2026regma-2582719222",
  "format": "[Gen 9 Champions] VGC 2026 Reg M-A",
  "players": [
    "Mr. Bean Stan",
    "ErCandelotto"
  ],
  "log": "|j|\u2606Mr. Bean Stan\n|j|\u203dErCandelotto\n|t:|1776109416\n|gametype|doubles\n|player|p1|Mr. Bean Stan|gentleman-gen6|1248\n|player|p2|ErCandelotto|265|1184\n|gen|9\n|tier|[Gen 9 Champions] VGC 2026 Reg M-A\n|rated|\n|rule|Species Clause: Limit one of each Pok\u00e9mon\n|rule|Item Clause: Limit 1 of each item\n|clearpoke\n|poke|p1|Farigiraf, L50, F|\n|poke|p1|Incineroar, L50, F|\n|poke|p1|Crabominable, L50, M|\n|poke|p1|Araquanid, L50, F|\n|poke|p1|Sinistcha-Masterpiece, L50|\n|poke|p1|Kingambit, L50, M|\n|poke|p2|Delphox, L50, F|\n|poke|p2|Basculegion, L50, M|\n|poke|p2|Clefable, L50, F|\n|poke|p2|Kingambit, L50, F|\n|poke|p2|Dragonite, L50, F|\n|poke|p2|Sneasler, L50, F|\n|teampreview|4\n|inactive|Battle timer is ON: inactive players will automatically lose when time's up. (requested by Mr. Bean Stan)\n|\n|t:|1776109446\n|teamsize|p1|4\n|teamsize|p2|4\n|start\n|switch|p1a: Farigiraf|Farigiraf, L50, F|100/100\n|switch|p1b: Incineroar|Incineroar, L50, F|100/100\n|switch|p2a: Kingambit|Kingambit, L50, F|100/100\n|switch|p2b: Sneasler|Sneasler, L50, F|100/100\n|-ability|p1b: Incineroar|Intimidate|boost\n|-unboost|p2a: Kingambit|atk|1\n|-ability|p2a: Kingambit|Defiant|boost\n|-boost|p2a: Kingambit|atk|2\n|-unboost|p2b: Sneasler|atk|1\n|turn|1\n|\n|t:|1776109468\n|move|p1b: Incineroar|Fake Out|p2a: Kingambit\n|-resisted|p2a: Kingambit|1\n|-crit|p2a: Kingambit\n|-damage|p2a: Kingambit|93/100\n|move|p2b: Sneasler|Close Combat|p1b: Incineroar\n|-supereffective|p1b: Incineroar|1\n|-damage|p1b: Incineroar|18/100\n|-unboost|p2b: Sneasler|def|1\n|-unboost|p2b: Sneasler|spd|1\n|cant|p2a: Kingambit|flinch\n|move|p1a: Farigiraf|Trick Room|p1a: Farigiraf\n|-fieldstart|move: Trick Room|[of] p1a: Farigiraf\n|\n|upkeep\n|turn|2\n|inactive|ErCandelotto has 30 seconds left.\n|\n|t:|1776109496\n|move|p2a: Kingambit|Protect|p2a: Kingambit\n|-singleturn|p2a: Kingambit|Protect\n|move|p1a: Farigiraf|Twin Beam|p2b: Sneasler\n|-supereffective|p2b: Sneasler|2\n|-enditem|p2b: Sneasler|Focus Sash\n|-damage|p2b: Sneasler|1/100\n|-supereffective|p2b: Sneasler|2\n|-damage|p2b: Sneasler|0 fnt\n|faint|p2b: Sneasler\n|-hitcount|p2: Sneasler|2\n|move|p1b: Incineroar|Flare Blitz|p2a: Kingambit\n|-activate|p2a: Kingambit|move: Protect\n|\n|upkeep\n|\n|t:|1776109520\n|switch|p2b: Basculegion|Basculegion, L50, M|100/100\n|turn|3\n|\n|t:|1776109533\n|switch|p1a: Kingambit|Kingambit, L50, M|100/100\n|move|p2a: Kingambit|Kowtow Cleave|p1a: Kingambit\n|-resisted|p1a: Kingambit|1\n|-damage|p1a: Kingambit|69/100\n|move|p1b: Incineroar|Close Combat|p2a: Kingambit\n|-supereffective|p2a: Kingambit|2\n|-damage|p2a: Kingambit|0 fnt\n|-unboost|p1b: Incineroar|def|1\n|-unboost|p1b: Incineroar|spd|1\n|faint|p2a: Kingambit\n|-enditem|p1b: Incineroar|White Herb\n|-clearnegativeboost|p1b: Incineroar|[silent]\n|move|p2b: Basculegion|Flip Turn|p1b: Incineroar\n|-supereffective|p1b: Incineroar|1\n|-damage|p1b: Incineroar|0 fnt\n|faint|p1b: Incineroar\n|\n|t:|1776109548\n|switch|p2b: Delphox|Delphox, L50, F|100/100|[from] Flip Turn\n|\n|upkeep\n|\n|t:|1776109561\n|switch|p2a: Basculegion|Basculegion, L50, M|100/100\n|switch|p1b: Farigiraf|Farigiraf, L50, F|100/100\n|turn|4\n|inactive|Mr. Bean Stan has 30 seconds left.\n|\n|t:|1776109596\n|detailschange|p2b: Delphox|Delphox-Mega, L50, F\n|-mega|p2b: Delphox|Delphox|Delphoxite\n|move|p1a: Kingambit|Kowtow Cleave|p2a: Basculegion\n|-supereffective|p2a: Basculegion|1\n|-damage|p2a: Basculegion|0 fnt\n|faint|p2a: Basculegion\n|move|p1b: Farigiraf|Substitute|p1b: Farigiraf\n|-start|p1b: Farigiraf|Substitute\n|-damage|p1b: Farigiraf|75/100\n|move|p2b: Delphox|Substitute|p2b: Delphox\n|-start|p2b: Delphox|Substitute\n|-damage|p2b: Delphox|76/100\n|\n|upkeep\n|turn|5\n|\n|t:|1776109615\n|move|p2b: Delphox|Protect|p2b: Delphox\n|-singleturn|p2b: Delphox|Protect\n|move|p1a: Kingambit|Kowtow Cleave|p2b: Delphox\n|-activate|p2b: Delphox|move: Protect\n|move|p1b: Farigiraf|Trick Room|p1b: Farigiraf\n|-fieldend|move: Trick Room\n|\n|upkeep\n|turn|6\n|\n|t:|1776109621\n|move|p1a: Kingambit|Protect|p1a: Kingambit\n|-singleturn|p1a: Kingambit|Protect\n|move|p2b: Delphox|Heat Wave|p1b: Farigiraf|[spread] p1b\n|-activate|p1a: Kingambit|move: Protect\n|-end|p1b: Farigiraf|Substitute\n|move|p1b: Farigiraf|Trick Room|p1b: Farigiraf\n|-fieldstart|move: Trick Room|[of] p1b: Farigiraf\n|\n|upkeep\n|turn|7\n|\n|t:|1776109641\n|move|p1a: Kingambit|Kowtow Cleave|p2b: Delphox\n|-supereffective|p2b: Delphox|1\n|-end|p2b: Delphox|Substitute\n|move|p1b: Farigiraf|Hyper Voice|p2b: Delphox\n|-damage|p2b: Delphox|35/100\n|move|p2b: Delphox|Heat Wave|p1b: Farigiraf|[spread] p1a,p1b\n|-supereffective|p1a: Kingambit|1\n|-damage|p1a: Kingambit|0 fnt\n|-damage|p1b: Farigiraf|38/100\n|faint|p1a: Kingambit\n|\n|upkeep\n|\n|t:|1776109646\n|switch|p1a: Crabominable|Crabominable, L50, M|100/100\n|turn|8\n|\n|t:|1776109656\n|detailschange|p1a: Crabominable|Crabominable-Mega, L50, M\n|-mega|p1a: Crabominable|Crabominable|Crabominite\n|move|p2b: Delphox|Protect|p2b: Delphox\n|-singleturn|p2b: Delphox|Protect\n|move|p1a: Crabominable|Drain Punch|p2b: Delphox\n|-activate|p2b: Delphox|move: Protect\n|move|p1b: Farigiraf|Hyper Voice|p2b: Delphox\n|-activate|p2b: Delphox|move: Protect\n|\n|upkeep\n|turn|9\n|\n|t:|1776109667\n|move|p1a: Crabominable|Drain Punch|p2b: Delphox\n|-resisted|p2b: Delphox|1\n|-damage|p2b: Delphox|0 fnt\n|faint|p2b: Delphox\n|\n|win|Mr. Bean Stan\n|raw|Mr. Bean Stan's rating: 1248 &rarr; <strong>1268</strong><br />(+20 for winning)\n|raw|ErCandelotto's rating: 1184 &rarr; <strong>1164</strong><br />(-20 for losing)\n",
  "uploadtime": 1776109676,
  "views": 15,
  "formatid": "gen9championsvgc2026regma",
  "rating": 1164,
  "private": 0,
  "password": null
}