{
  "id": "gen9championsvgc2026regma-2584100414",
  "format": "[Gen 9 Champions] VGC 2026 Reg M-A",
  "players": [
    "Liber Dragon",
    "Chewbacca555"
  ],
  "log": "|j|\u2606Liber Dragon\n|j|\u2606Chewbacca555\n|t:|1776225145\n|gametype|doubles\n|player|p1|Liber Dragon|veteran|1091\n|player|p2|Chewbacca555|265|1012\n|gen|9\n|tier|[Gen 9 Champions] VGC 2026 Reg M-A\n|rated|\n|rule|Species Clause: Limit one of each Pok\u00e9mon\n|rule|Item Clause: Limit 1 of each item\n|clearpoke\n|poke|p1|Charizard, L50, F|\n|poke|p1|Sneasler, L50, M|\n|poke|p1|Garchomp, L50, M|\n|poke|p1|Whimsicott, L50, M|\n|poke|p1|Kangaskhan, L50, F|\n|poke|p1|Farigiraf, L50, F|\n|poke|p2|Froslass, L50, F|\n|poke|p2|Garchomp, L50, F|\n|poke|p2|Orthworm, L50, M|\n|poke|p2|Basculegion, L50, M|\n|poke|p2|Rotom-Frost, L50|\n|poke|p2|Incineroar, L50, M|\n|teampreview|4\n|inactive|Battle timer is ON: inactive players will automatically lose when time's up. (requested by Chewbacca555)\n|inactive|Liber Dragon also wants the timer to be on.\nLiber Dragon has agreed to open team sheets.\n|inactive|Chewbacca555 has 60 seconds left.\n|\n|t:|1776225195\n|teamsize|p1|4\n|teamsize|p2|4\n|start\n|switch|p1a: Whimsicott|Whimsicott, L50, M|100/100\n|switch|p1b: Sneasler|Sneasler, L50, M|100/100\n|switch|p2a: Garchomp|Garchomp, L50, F|100/100\n|switch|p2b: Incineroar|Incineroar, L50, M|100/100\n|-ability|p2b: Incineroar|Intimidate|boost\n|-unboost|p1a: Whimsicott|atk|1\n|-unboost|p1b: Sneasler|atk|1\n|-enditem|p1b: Sneasler|White Herb\n|-clearnegativeboost|p1b: Sneasler|[silent]\n|turn|1\n|inactive|Chewbacca555 has 30 seconds left.\n|\n|t:|1776225227\n|switch|p2b: Orthworm|Orthworm, L50, M|100/100\n|move|p1b: Sneasler|Fake Out|p2b: Orthworm\n|-resisted|p2b: Orthworm|1\n|-damage|p2b: Orthworm|96/100\n|move|p1a: Whimsicott|Tailwind|p1a: Whimsicott\n|-sidestart|p1: Liber Dragon|move: Tailwind\n|move|p2a: Garchomp|Earthquake|p1b: Sneasler|[spread] p1a,p1b\n|-heal|p2b: Orthworm|100/100|[from] ability: Earth Eater|[of] p2a: Garchomp\n|-resisted|p1a: Whimsicott|1\n|-supereffective|p1b: Sneasler|1\n|-damage|p1a: Whimsicott|73/100\n|-damage|p1b: Sneasler|0 fnt\n|faint|p1b: Sneasler\n|\n|upkeep\n|\n|t:|1776225242\n|switch|p1b: Charizard|Charizard, L50, F|100/100\n|turn|2\n|\n|t:|1776225259\n|switch|p2b: Basculegion|Basculegion, L50, M|100/100\n|detailschange|p1b: Charizard|Charizard-Mega-Y, L50, F\n|-mega|p1b: Charizard|Charizard|Charizardite Y\n|-weather|SunnyDay|[from] ability: Drought|[of] p1b: Charizard\n|move|p1a: Whimsicott|Encore|p2a: Garchomp\n|-start|p2a: Garchomp|Encore\n|move|p1b: Charizard|Weather Ball|p2b: Basculegion\n|-resisted|p2b: Basculegion|1\n|-damage|p2b: Basculegion|51/100\n|move|p2a: Garchomp|Earthquake|p1a: Whimsicott|[spread] p2b,p1a\n|-immune|p1b: Charizard\n|-resisted|p1a: Whimsicott|1\n|-damage|p2b: Basculegion|0 fnt\n|-damage|p1a: Whimsicott|48/100\n|faint|p2b: Basculegion\n|\n|-weather|SunnyDay|[upkeep]\n|upkeep\n|\n|t:|1776225275\n|switch|p2b: Incineroar|Incineroar, L50, M|100/100\n|-ability|p2b: Incineroar|Intimidate|boost\n|-unboost|p1a: Whimsicott|atk|1\n|-unboost|p1b: Charizard|atk|1\n|turn|3\n|\n|t:|1776225297\n|switch|p1a: Garchomp|Garchomp, L50, M|100/100\n|switch|p2b: Orthworm|Orthworm, L50, M|100/100\n|move|p1b: Charizard|Solar Beam||[still]\n|-prepare|p1b: Charizard|Solar Beam\n|-anim|p1b: Charizard|Solar Beam|p2a: Garchomp\n|-damage|p2a: Garchomp|42/100\n|move|p2a: Garchomp|Earthquake|p1b: Charizard|[spread] p1a\n|-immune|p2b: Orthworm|[from] ability: Earth Eater\n|-immune|p1b: Charizard\n|-damage|p1a: Garchomp|57/100\n|\n|-weather|SunnyDay|[upkeep]\n|upkeep\n|turn|4\n|inactive|Chewbacca555 has 30 seconds left.\n|\n|t:|1776225322\n|switch|p2a: Incineroar|Incineroar, L50, M|100/100\n|-ability|p2a: Incineroar|Intimidate|boost\n|-unboost|p1a: Garchomp|atk|1\n|-unboost|p1b: Charizard|atk|1\n|move|p1a: Garchomp|Dragon Claw|p2a: Incineroar\n|-crit|p2a: Incineroar\n|-damage|p2a: Incineroar|44/100\n|move|p1b: Charizard|Heat Wave|p2a: Incineroar|[spread] p2a,p2b\n|-resisted|p2a: Incineroar|1\n|-supereffective|p2b: Orthworm|1\n|-damage|p2a: Incineroar|23/100\n|-damage|p2b: Orthworm|0 fnt\n|faint|p2b: Orthworm\n|\n|-weather|SunnyDay|[upkeep]\n|-sideend|p1: Liber Dragon|move: Tailwind\n|upkeep\n|\n|t:|1776225334\n|switch|p2b: Garchomp|Garchomp, L50, F|42/100\n|turn|5\n|\n|t:|1776225348\n|move|p1b: Charizard|Protect|p1b: Charizard\n|-singleturn|p1b: Charizard|Protect\n|move|p2a: Incineroar|Fake Out|p1b: Charizard\n|-activate|p1b: Charizard|move: Protect\n|move|p1a: Garchomp|Earthquake|p2b: Garchomp|[spread] p2a,p2b\n|-activate|p1b: Charizard|move: Protect\n|-supereffective|p2a: Incineroar|1\n|-damage|p2a: Incineroar|0 fnt\n|-damage|p2b: Garchomp|15/100\n|faint|p2a: Incineroar\n|move|p2b: Garchomp|Rock Slide|p1b: Charizard|[spread] p1a\n|-activate|p1b: Charizard|move: Protect\n|-resisted|p1a: Garchomp|1\n|-damage|p1a: Garchomp|47/100\n|\n|-weather|SunnyDay|[upkeep]\n|upkeep\n|turn|6\n|\n|t:|1776225369\n|move|p1a: Garchomp|Dragon Claw|p2b: Garchomp\n|-supereffective|p2b: Garchomp|1\n|-damage|p2b: Garchomp|0 fnt\n|-damage|p1a: Garchomp|35/100|[from] ability: Rough Skin|[of] p2b: Garchomp\n|faint|p2b: Garchomp\n|\n|win|Liber Dragon\n|raw|Liber Dragon's rating: 1091 &rarr; <strong>1111</strong><br />(+20 for winning)\n|raw|Chewbacca555's rating: 1012 &rarr; <strong>1003</strong><br />(-9 for losing)\n",
  "uploadtime": 1776225380,
  "views": 15,
  "formatid": "gen9championsvgc2026regma",
  "rating": 1003,
  "private": 0,
  "password": null
}