{
  "id": "gen9championsvgc2026regma-2586549059",
  "format": "[Gen 9 Champions] VGC 2026 Reg M-A",
  "players": [
    "YoshiForLife",
    "Phanta67"
  ],
  "log": "|j|\u2606YoshiForLife\n|j|\u2606Phanta67\n|t:|1776442296\n|gametype|doubles\n|player|p1|YoshiForLife|lucas-gen4pt|1116\n|player|p2|Phanta67|266|1109\n|gen|9\n|tier|[Gen 9 Champions] VGC 2026 Reg M-A\n|rated|\n|rule|Species Clause: Limit one of each Pok\u00e9mon\n|rule|Item Clause: Limit 1 of each item\n|clearpoke\n|poke|p1|Jolteon, L50, F|\n|poke|p1|Arcanine-Hisui, L50, F|\n|poke|p1|Froslass, L50, F|\n|poke|p1|Garchomp, L50, M|\n|poke|p1|Hydreigon, L50, M|\n|poke|p1|Sneasler, L50, M|\n|poke|p2|Feraligatr, L50, M|\n|poke|p2|Pelipper, L50, M|\n|poke|p2|Archaludon, L50, M|\n|poke|p2|Sneasler, L50, M|\n|poke|p2|Incineroar, L50, M|\n|poke|p2|Sinistcha, L50|\n|teampreview|4\n|inactive|Battle timer is ON: inactive players will automatically lose when time's up. (requested by YoshiForLife)\n|inactive|Phanta67 has 60 seconds left.\n|\n|t:|1776442343\n|teamsize|p1|4\n|teamsize|p2|4\n|start\n|switch|p1a: Garchomp|Garchomp, L50, M|100/100\n|switch|p1b: Jolteon|Jolteon, L50, F|100/100\n|switch|p2a: Pelipper|Pelipper, L50, M|100/100\n|switch|p2b: Feraligatr|Feraligatr, L50, M|100/100\n|-weather|RainDance|[from] ability: Drizzle|[of] p2a: Pelipper\n|turn|1\n|inactive|Phanta67 has 30 seconds left.\n|\n|t:|1776442370\n|switch|p2b: Incineroar|Incineroar, L50, M|100/100\n|-ability|p2b: Incineroar|Intimidate|boost\n|-unboost|p1a: Garchomp|atk|1\n|-unboost|p1b: Jolteon|atk|1\n|move|p2a: Pelipper|Protect|p2a: Pelipper\n|-singleturn|p2a: Pelipper|Protect\n|move|p1a: Garchomp|Rock Slide|p2b: Incineroar|[spread] p2b\n|-activate|p2a: Pelipper|move: Protect\n|-supereffective|p2b: Incineroar|1\n|-damage|p2b: Incineroar|71/100\n|move|p1b: Jolteon|Electroweb|p2a: Pelipper|[spread] p2b\n|-activate|p2a: Pelipper|move: Protect\n|-damage|p2b: Incineroar|56/100\n|-unboost|p2b: Incineroar|spe|1\n|\n|-weather|RainDance|[upkeep]\n|upkeep\n|turn|2\n|inactive|Phanta67 has 30 seconds left.\n|\n|t:|1776442397\n|switch|p2a: Sneasler|Sneasler, L50, M|100/100\n|move|p2b: Incineroar|Fake Out|p1a: Garchomp\n|-damage|p1a: Garchomp|90/100\n|-damage|p2b: Incineroar|44/100|[from] ability: Rough Skin|[of] p1a: Garchomp\n|-enditem|p2b: Incineroar|Sitrus Berry|[eat]\n|-heal|p2b: Incineroar|68/100|[from] item: Sitrus Berry\n|cant|p1a: Garchomp|flinch\n|move|p1b: Jolteon|Electroweb|p2a: Sneasler|[spread] p2a,p2b\n|-damage|p2a: Sneasler|73/100\n|-damage|p2b: Incineroar|53/100\n|-unboost|p2a: Sneasler|spe|1\n|-unboost|p2b: Incineroar|spe|1\n|-enditem|p2a: Sneasler|White Herb\n|-clearnegativeboost|p2a: Sneasler|[silent]\n|\n|-weather|RainDance|[upkeep]\n|upkeep\n|turn|3\n|inactive|YoshiForLife has 30 seconds left.\n|inactive|Phanta67 has 30 seconds left.\n|\n|t:|1776442425\n|switch|p1a: Froslass|Froslass, L50, F|100/100\n|move|p2a: Sneasler|Dire Claw|p1b: Jolteon\n|-damage|p1b: Jolteon|20/100\n|move|p1b: Jolteon|Electroweb|p2b: Incineroar|[spread] p2b\n|-miss|p1b: Jolteon|p2a: Sneasler\n|-damage|p2b: Incineroar|38/100\n|-unboost|p2b: Incineroar|spe|1\n|move|p2b: Incineroar|Throat Chop|p1b: Jolteon\n|-damage|p1b: Jolteon|0 fnt\n|faint|p1b: Jolteon\n|\n|-weather|RainDance|[upkeep]\n|upkeep\n|inactive|YoshiForLife has 30 seconds left.\n|\n|t:|1776442459\n|switch|p1b: Garchomp|Garchomp, L50, M|90/100\n|turn|4\n|inactive|Phanta67 has 30 seconds left.\n|\n|t:|1776442493\n|detailschange|p1a: Froslass|Froslass-Mega, L50, F\n|-mega|p1a: Froslass|Froslass|Froslassite\n|-weather|Snowscape|[from] ability: Snow Warning|[of] p1a: Froslass\n|move|p1a: Froslass|Protect|p1a: Froslass\n|-singleturn|p1a: Froslass|Protect\n|move|p2a: Sneasler|Dire Claw|p1b: Garchomp\n|-resisted|p1b: Garchomp|1\n|-damage|p1b: Garchomp|71/100\n|-damage|p2a: Sneasler|61/100|[from] ability: Rough Skin|[of] p1b: Garchomp\n|move|p1b: Garchomp|Earthquake|p2b: Incineroar|[spread] p2a,p2b\n|-activate|p1a: Froslass|move: Protect\n|-supereffective|p2a: Sneasler|1\n|-supereffective|p2b: Incineroar|1\n|-damage|p2a: Sneasler|0 fnt\n|-damage|p2b: Incineroar|0 fnt\n|faint|p2a: Sneasler\n|faint|p2b: Incineroar\n|\n|-weather|Snowscape|[upkeep]\n|upkeep\n|\n|t:|1776442510\n|switch|p2a: Feraligatr|Feraligatr, L50, M|100/100\n|switch|p2b: Pelipper|Pelipper, L50, M|100/100\n|-weather|RainDance|[from] ability: Drizzle|[of] p2b: Pelipper\n|turn|5\n|\n|t:|1776442522\n|switch|p1a: Hydreigon|Hydreigon, L50, M|100/100\n|detailschange|p2a: Feraligatr|Feraligatr-Mega, L50, M\n|-mega|p2a: Feraligatr|Feraligatr|Feraligite\n|move|p1b: Garchomp|Earthquake|p2b: Pelipper|[spread] p2a\n|-immune|p1a: Hydreigon|[from] ability: Levitate\n|-immune|p2b: Pelipper\n|-damage|p2a: Feraligatr|61/100\n|move|p2a: Feraligatr|Double-Edge|p1b: Garchomp\n|-supereffective|p1b: Garchomp|1\n|-damage|p1b: Garchomp|0 fnt\n|-damage|p2a: Feraligatr|49/100|[from] ability: Rough Skin|[of] p1b: Garchomp\n|faint|p1b: Garchomp\n|-damage|p2a: Feraligatr|21/100|[from] Recoil\n|move|p2b: Pelipper|Tailwind|p2b: Pelipper\n|-sidestart|p2: Phanta67|move: Tailwind\n|\n|-weather|RainDance|[upkeep]\n|upkeep\n|\n|t:|1776442537\n|switch|p1b: Froslass|Froslass-Mega, L50, F|100/100\n|-weather|Snowscape|[from] ability: Snow Warning|[of] p1b: Froslass\n|turn|6\n|inactive|Phanta67 has 30 seconds left.\n|\n|t:|1776442565\n|move|p2a: Feraligatr|Protect|p2a: Feraligatr\n|-singleturn|p2a: Feraligatr|Protect\n|move|p2b: Pelipper|Weather Ball|p1a: Hydreigon\n|-supereffective|p1a: Hydreigon|1\n|-damage|p1a: Hydreigon|36/100\n|-enditem|p1a: Hydreigon|Sitrus Berry|[eat]\n|-heal|p1a: Hydreigon|61/100|[from] item: Sitrus Berry\n|move|p1b: Froslass|Blizzard|p2a: Feraligatr|[spread] p2b\n|-activate|p2a: Feraligatr|move: Protect\n|-damage|p2b: Pelipper|11/100\n|move|p1a: Hydreigon|Snarl|p2a: Feraligatr|[spread] p2b\n|-activate|p2a: Feraligatr|move: Protect\n|-damage|p2b: Pelipper|0 fnt\n|faint|p2b: Pelipper\n|\n|-weather|Snowscape|[upkeep]\n|upkeep\n|turn|7\n|\n|t:|1776442586\n|move|p2a: Feraligatr|Double-Edge|p1a: Hydreigon\n|-supereffective|p1a: Hydreigon|1\n|-damage|p1a: Hydreigon|0 fnt\n|faint|p1a: Hydreigon\n|-damage|p2a: Feraligatr|0 fnt|[from] Recoil\n|faint|p2a: Feraligatr\n|\n|win|YoshiForLife\n|raw|YoshiForLife's rating: 1116 &rarr; <strong>1140</strong><br />(+24 for winning)\n|raw|Phanta67's rating: 1109 &rarr; <strong>1085</strong><br />(-24 for losing)\n",
  "uploadtime": 1776442593,
  "views": 32,
  "formatid": "gen9championsvgc2026regma",
  "rating": 1085,
  "private": 0,
  "password": null
}