{
  "id": "gen9championsvgc2026regma-2587088246",
  "format": "[Gen 9 Champions] VGC 2026 Reg M-A",
  "players": [
    "brojonski",
    "jtwastaken"
  ],
  "log": "|j|\u2606brojonski\n|j|\u2606jtwastaken\n|t:|1776491725\n|gametype|doubles\n|player|p1|brojonski|brock|1125\n|player|p2|jtwastaken|170|1187\n|gen|9\n|tier|[Gen 9 Champions] VGC 2026 Reg M-A\n|rated|\n|rule|Species Clause: Limit one of each Pok\u00e9mon\n|rule|Item Clause: Limit 1 of each item\n|clearpoke\n|poke|p1|Goodra-Hisui, L50, M|\n|poke|p1|Sinistcha, L50|\n|poke|p1|Palafin, L50, M|\n|poke|p1|Arcanine-Hisui, L50, F|\n|poke|p1|Froslass, L50, F|\n|poke|p1|Sneasler, L50, M|\n|poke|p2|Gengar, L50, F, shiny|\n|poke|p2|Incineroar, L50, F|\n|poke|p2|Kangaskhan, L50, F|\n|poke|p2|Tauros-Paldea-Aqua, L50, M|\n|poke|p2|Ninetales-Alola, L50, F|\n|poke|p2|Aegislash, L50, F|\n|teampreview|4\n|inactive|Battle timer is ON: inactive players will automatically lose when time's up. (requested by brojonski)\n|inactive|brojonski has 60 seconds left.\n|inactive|jtwastaken has 60 seconds left.\n|\n|t:|1776491778\n|teamsize|p1|4\n|teamsize|p2|4\n|start\n|switch|p1a: Palafin|Palafin, L50, M|100/100\n|switch|p1b: Froslass|Froslass, L50, F|100/100\n|switch|p2a: Gengar|Gengar, L50, F, shiny|100/100\n|switch|p2b: Kangaskhan|Kangaskhan, L50, F|100/100\n|turn|1\n|\n|t:|1776491795\n|detailschange|p1a: Palafin|Palafin-Hero, L50, M\n|switch|p1a: Goodra|Goodra-Hisui, L50, M|100/100\n|detailschange|p2a: Gengar|Gengar-Mega, L50, F, shiny\n|-mega|p2a: Gengar|Gengar|Gengarite\n|detailschange|p1b: Froslass|Froslass-Mega, L50, F\n|-mega|p1b: Froslass|Froslass|Froslassite\n|-weather|Snowscape|[from] ability: Snow Warning|[of] p1b: Froslass\n|move|p2b: Kangaskhan|Fake Out|p1b: Froslass\n|-crit|p1b: Froslass\n|-damage|p1b: Froslass|64/100\n|move|p2a: Gengar|Perish Song|p2a: Gengar\n|-start|p1a: Goodra|perish3|[silent]\n|-start|p1b: Froslass|perish3|[silent]\n|-start|p2a: Gengar|perish3|[silent]\n|-start|p2b: Kangaskhan|perish3|[silent]\n|-fieldactivate|move: Perish Song\n|cant|p1b: Froslass|flinch\n|\n|-weather|Snowscape|[upkeep]\n|-start|p2a: Gengar|perish3\n|-start|p1b: Froslass|perish3\n|-start|p2b: Kangaskhan|perish3\n|-start|p1a: Goodra|perish3\n|upkeep\n|turn|2\n|\n|t:|1776491819\n|switch|p2b: Incineroar|Incineroar, L50, F|100/100\n|-ability|p2b: Incineroar|Intimidate|boost\n|-unboost|p1a: Goodra|atk|1\n|-unboost|p1b: Froslass|atk|1\n|move|p2a: Gengar|Protect|p2a: Gengar\n|-singleturn|p2a: Gengar|Protect\n|move|p1b: Froslass|Blizzard|p2b: Incineroar|[spread] p2b\n|-activate|p2a: Gengar|move: Protect\n|-resisted|p2b: Incineroar|1\n|-damage|p2b: Incineroar|85/100\n|move|p1a: Goodra|Body Press|p2b: Incineroar\n|-supereffective|p2b: Incineroar|1\n|-damage|p2b: Incineroar|37/100\n|-enditem|p2b: Incineroar|Sitrus Berry|[eat]\n|-heal|p2b: Incineroar|62/100|[from] item: Sitrus Berry\n|\n|-weather|Snowscape|[upkeep]\n|-start|p2a: Gengar|perish2\n|-start|p1b: Froslass|perish2\n|-start|p1a: Goodra|perish2\n|upkeep\n|turn|3\n|inactive|brojonski has 30 seconds left.\n|inactive|jtwastaken has 30 seconds left.\n|inactive|jtwastaken has 20 seconds left.\n|\n|t:|1776491855\n|switch|p2a: Kangaskhan|Kangaskhan, L50, F|100/100\n|move|p1b: Froslass|Shadow Ball|p2a: Kangaskhan\n|-immune|p2a: Kangaskhan\n|move|p2b: Incineroar|Parting Shot|p1a: Goodra\n|-unboost|p1a: Goodra|atk|1\n|-unboost|p1a: Goodra|spa|1\n|\n|t:|1776491864\n|switch|p2b: Gengar|Gengar-Mega, L50, F, shiny|100/100|[from] Parting Shot\n|move|p1a: Goodra|Body Press|p2b: Gengar\n|-immune|p2b: Gengar\n|\n|-weather|Snowscape|[upkeep]\n|-start|p1b: Froslass|perish1\n|-start|p1a: Goodra|perish1\n|upkeep\n|turn|4\n|\n|t:|1776491883\n|switch|p1b: Arcanine|Arcanine-Hisui, L50, F|100/100\n|-ability|p1b: Arcanine|Intimidate|boost\n|-fail|p2a: Kangaskhan|unboost|Attack|[from] ability: Scrappy|[of] p2a: Kangaskhan\n|-unboost|p2b: Gengar|atk|1\n|switch|p2a: Incineroar|Incineroar, L50, F|62/100\n|-ability|p2a: Incineroar|Intimidate|boost\n|-unboost|p1a: Goodra|atk|1\n|-unboost|p1b: Arcanine|atk|1\n|move|p2b: Gengar|Protect|p2b: Gengar\n|-singleturn|p2b: Gengar|Protect\n|move|p1a: Goodra|Body Press|p2a: Incineroar\n|-supereffective|p2a: Incineroar|1\n|-damage|p2a: Incineroar|14/100\n|\n|-weather|Snowscape|[upkeep]\n|-start|p1a: Goodra|perish0\n|faint|p1a: Goodra\n|upkeep\n|inactive|brojonski has 30 seconds left.\n|\n|t:|1776491914\n|switch|p1a: Froslass|Froslass-Mega, L50, F|64/100\n|turn|5\n|\n|t:|1776491924\n|move|p2a: Incineroar|Fake Out|p1b: Arcanine\n|-resisted|p1b: Arcanine|1\n|-damage|p1b: Arcanine|93/100\n|move|p2b: Gengar|Shadow Ball|p1a: Froslass\n|-supereffective|p1a: Froslass|1\n|-damage|p1a: Froslass|0 fnt\n|faint|p1a: Froslass\n|cant|p1b: Arcanine|flinch\n|\n|-weather|none\n|upkeep\n|\n|t:|1776491934\n|switch|p1a: Palafin|Palafin-Hero, L50, M|100/100\n|-activate|p1a: Palafin|ability: Zero to Hero\n|turn|6\n|\n|t:|1776491956\n|move|p2a: Incineroar|Protect|p2a: Incineroar\n|-singleturn|p2a: Incineroar|Protect\n|move|p1a: Palafin|Jet Punch|p2b: Gengar\n|-damage|p2b: Gengar|32/100\n|move|p2b: Gengar|Perish Song|p2b: Gengar\n|-start|p1a: Palafin|perish3|[silent]\n|-start|p1b: Arcanine|perish3|[silent]\n|-start|p2a: Incineroar|perish3|[silent]\n|-start|p2b: Gengar|perish3|[silent]\n|-fieldactivate|move: Perish Song\n|move|p1b: Arcanine|Rock Slide|p2b: Gengar|[spread] p2b\n|-activate|p2a: Incineroar|move: Protect\n|-damage|p2b: Gengar|6/100\n|\n|-start|p2b: Gengar|perish3\n|-start|p1b: Arcanine|perish3\n|-start|p1a: Palafin|perish3\n|-start|p2a: Incineroar|perish3\n|upkeep\n|turn|7\n|\n|t:|1776491976\n|move|p2b: Gengar|Protect|p2b: Gengar\n|-singleturn|p2b: Gengar|Protect\n|move|p1b: Arcanine|Extreme Speed|p2a: Incineroar\n|-damage|p2a: Incineroar|0 fnt\n|faint|p2a: Incineroar\n|move|p1a: Palafin|Jet Punch|p2b: Gengar\n|-activate|p2b: Gengar|move: Protect\n|\n|-start|p2b: Gengar|perish2\n|-start|p1b: Arcanine|perish2\n|-start|p1a: Palafin|perish2\n|upkeep\n|\n|t:|1776491992\n|switch|p2a: Kangaskhan|Kangaskhan, L50, F|100/100\n|turn|8\n|\n|t:|1776492002\n|move|p2a: Kangaskhan|Fake Out|p1a: Palafin\n|-damage|p1a: Palafin|83/100\n|cant|p1a: Palafin|flinch\n|move|p2b: Gengar|Sludge Bomb|p1a: Palafin\n|-damage|p1a: Palafin|34/100\n|-status|p1a: Palafin|psn\n|move|p1b: Arcanine|Rock Slide|p2b: Gengar|[spread] p2a,p2b\n|-damage|p2a: Kangaskhan|79/100\n|-damage|p2b: Gengar|0 fnt\n|faint|p2b: Gengar\n|\n|-damage|p1a: Palafin|22/100 psn|[from] psn\n|-start|p1b: Arcanine|perish1\n|-start|p1a: Palafin|perish1\n|upkeep\n|-message|brojonski forfeited.\n|\n|win|jtwastaken\n|raw|brojonski's rating: 1125 &rarr; <strong>1104</strong><br />(-21 for losing)\n|raw|jtwastaken's rating: 1187 &rarr; <strong>1208</strong><br />(+21 for winning)\n|l|\u2606jtwastaken\n|player|p2|\n",
  "uploadtime": 1776492043,
  "views": 26,
  "formatid": "gen9championsvgc2026regma",
  "rating": 1104,
  "private": 0,
  "password": null
}