{
  "id": "gen9championsvgc2026regma-2584394784",
  "format": "[Gen 9 Champions] VGC 2026 Reg M-A",
  "players": [
    "Noobilio",
    "ZTech6"
  ],
  "log": "|j|\u2606Noobilio\n|j|\u2606ZTech6\n|t:|1776257680\n|gametype|doubles\n|player|p1|Noobilio|nurse|1337\n|player|p2|ZTech6|gambler|1433\n|gen|9\n|tier|[Gen 9 Champions] VGC 2026 Reg M-A\n|rated|\n|rule|Species Clause: Limit one of each Pok\u00e9mon\n|rule|Item Clause: Limit 1 of each item\n|clearpoke\n|poke|p1|Hawlucha, L50, F|\n|poke|p1|Floette-Eternal, L50, F|\n|poke|p1|Incineroar, L50, F|\n|poke|p1|Sinistcha, L50|\n|poke|p1|Snorlax, L50, F|\n|poke|p1|Rotom-Wash, L50|\n|poke|p2|Meganium, L50, F|\n|poke|p2|Excadrill, L50, M|\n|poke|p2|Tyranitar, L50, M|\n|poke|p2|Rotom-Wash, L50|\n|poke|p2|Sneasler, L50, M|\n|poke|p2|Dragapult, L50, M|\n|teampreview|4\n|\n|t:|1776257716\n|teamsize|p1|4\n|teamsize|p2|4\n|start\n|switch|p1a: Hawlucha|Hawlucha, L50, F, shiny|100/100\n|switch|p1b: Snorlax|Snorlax, L50, F, shiny|100/100\n|switch|p2a: Sneasler|Sneasler, L50, M|100/100\n|switch|p2b: Dragapult|Dragapult, L50, M|100/100\n|-ability|p1a: Hawlucha|Mold Breaker\n|-ability|p2a: Sneasler|Pressure\n|turn|1\n|\n|t:|1776257732\n|detailschange|p1a: Hawlucha|Hawlucha-Mega, L50, F, shiny\n|-mega|p1a: Hawlucha|Hawlucha|Hawluchanite\n|move|p1b: Snorlax|Protect|p1b: Snorlax\n|-singleturn|p1b: Snorlax|Protect\n|move|p2a: Sneasler|Fake Out|p1a: Hawlucha\n|-damage|p1a: Hawlucha|86/100\n|move|p2b: Dragapult|Dragon Darts|p1a: Hawlucha\n|-damage|p1a: Hawlucha|59/100\n|-anim|p2b: Dragapult|Dragon Darts|p1a: Hawlucha\n|-damage|p1a: Hawlucha|36/100\n|cant|p1a: Hawlucha|flinch\n|\n|upkeep\n|turn|2\n|\n|t:|1776257766\n|move|p2b: Dragapult|Dragon Darts|p1a: Hawlucha\n|-damage|p1a: Hawlucha|9/100\n|-anim|p2b: Dragapult|Dragon Darts|p1b: Snorlax\n|-damage|p1b: Snorlax|85/100\n|move|p1a: Hawlucha|Entrainment|p1b: Snorlax\n|-ability|p1b: Snorlax|No Guard|Thick Fat|[from] move: Entrainment|[of] p1a: Hawlucha\n|move|p2a: Sneasler|Dire Claw|p1a: Hawlucha\n|-damage|p1a: Hawlucha|0 fnt\n|faint|p1a: Hawlucha\n|move|p1b: Snorlax|Fissure|p2b: Dragapult\n|-damage|p2b: Dragapult|0 fnt\n|faint|p2b: Dragapult\n|-ohko\n|\n|-heal|p1b: Snorlax|91/100|[from] item: Leftovers\n|upkeep\n|\n|t:|1776257783\n|switch|p2b: Rotom|Rotom-Wash, L50|100/100\n|switch|p1a: Sinistcha|Sinistcha, L50|100/100\n|-heal|p1b: Snorlax|100/100|[from] ability: Hospitality|[of] p1a: Sinistcha\n|turn|3\n|\n|t:|1776257802\n|move|p1a: Sinistcha|Rage Powder|p1a: Sinistcha\n|-singleturn|p1a: Sinistcha|move: Rage Powder\n|move|p2a: Sneasler|Dire Claw|p1a: Sinistcha\n|-damage|p1a: Sinistcha|67/100\n|-status|p1a: Sinistcha|psn\n|move|p2b: Rotom|Thunderbolt|p1a: Sinistcha\n|-resisted|p1a: Sinistcha|1\n|-damage|p1a: Sinistcha|49/100 psn\n|-enditem|p1a: Sinistcha|Sitrus Berry|[eat]\n|-heal|p1a: Sinistcha|74/100 psn|[from] item: Sitrus Berry\n|move|p1b: Snorlax|Fissure|p2a: Sneasler\n|-damage|p2a: Sneasler|0 fnt\n|faint|p2a: Sneasler\n|-ohko\n|\n|-damage|p1a: Sinistcha|61/100 psn|[from] psn\n|upkeep\n|\n|t:|1776257817\n|switch|p2a: Casey|Meganium, L50, F|100/100\n|turn|4\n|\n|t:|1776257834\n|switch|p1a: Incineroar|Incineroar, L50, F|100/100\n|-ability|p1a: Incineroar|Intimidate|boost\n|-unboost|p2a: Casey|atk|1\n|-unboost|p2b: Rotom|atk|1\n|move|p2a: Casey|Protect|p2a: Casey\n|-singleturn|p2a: Casey|Protect\n|move|p2b: Rotom|Hydro Pump|p1a: Incineroar|[miss]\n|-miss|p2b: Rotom|p1a: Incineroar\n|move|p1b: Snorlax|Yawn|p2b: Rotom\n|-start|p2b: Rotom|move: Yawn|[of] p1b: Snorlax\n|\n|upkeep\n|turn|5\n|\n|t:|1776257853\n|detailschange|p2a: Casey|Meganium-Mega, L50, F\n|-mega|p2a: Casey|Meganium|Meganiumite\n|move|p1a: Incineroar|Fake Out|p2a: Casey\n|-damage|p2a: Casey|91/100\n|move|p2b: Rotom|Hydro Pump|p1a: Incineroar\n|-supereffective|p1a: Incineroar|1\n|-damage|p1a: Incineroar|24/100\n|cant|p2a: Casey|flinch\n|move|p1b: Snorlax|Fissure|p2a: Casey\n|-damage|p2a: Casey|0 fnt\n|faint|p2a: Casey\n|-ohko\n|\n|-end|p2b: Rotom|move: Yawn|[silent]\n|-status|p2b: Rotom|slp\n|upkeep\n|turn|6\n|\n|t:|1776257871\n|cant|p2b: Rotom|slp\n|move|p1a: Incineroar|Darkest Lariat|p2b: Rotom\n|-damage|p2b: Rotom|66/100 slp\n|move|p1b: Snorlax|Smack Down|p2b: Rotom\n|-damage|p2b: Rotom|53/100 slp\n|-start|p2b: Rotom|Smack Down\n|\n|upkeep\n|turn|7\n|\n|t:|1776257880\n|-curestatus|p2b: Rotom|slp|[msg]\n|move|p2b: Rotom|Protect|p2b: Rotom\n|-singleturn|p2b: Rotom|Protect\n|move|p1a: Incineroar|Parting Shot|p2b: Rotom\n|-activate|p2b: Rotom|move: Protect\n|move|p1b: Snorlax|Fissure|p2b: Rotom\n|-activate|p2b: Rotom|move: Protect\n|\n|upkeep\n|turn|8\n|\n|t:|1776257890\n|switch|p1a: Sinistcha|Sinistcha, L50|61/100 psn\n|move|p2b: Rotom|Hydro Pump|p1a: Sinistcha|[miss]\n|-miss|p2b: Rotom|p1a: Sinistcha\n|move|p1b: Snorlax|Fissure|p2b: Rotom\n|-damage|p2b: Rotom|0 fnt\n|faint|p2b: Rotom\n|-ohko\n|\n|win|Noobilio\n|raw|Noobilio's rating: 1337 &rarr; <strong>1362</strong><br />(+25 for winning)\n|raw|ZTech6's rating: 1433 &rarr; <strong>1408</strong><br />(-25 for losing)\n|l|\u2606ZTech6\n|player|p2|\n",
  "uploadtime": 1776257900,
  "views": 42,
  "formatid": "gen9championsvgc2026regma",
  "rating": 1362,
  "private": 0,
  "password": null
}