{
  "id": "gen9championsvgc2026regma-2583930021",
  "format": "[Gen 9 Champions] VGC 2026 Reg M-A",
  "players": [
    "LanternComic",
    "AurelioF321"
  ],
  "log": "|j|\u2606LanternComic\n|j|\u2606AurelioF321\n|t:|1776209252\n|gametype|doubles\n|player|p1|LanternComic|silver-masters|1097\n|player|p2|AurelioF321|2|1069\n|gen|9\n|tier|[Gen 9 Champions] VGC 2026 Reg M-A\n|rated|\n|rule|Species Clause: Limit one of each Pok\u00e9mon\n|rule|Item Clause: Limit 1 of each item\n|clearpoke\n|poke|p1|Aerodactyl, L50, F|\n|poke|p1|Froslass, L50, F|\n|poke|p1|Sneasler, L50, F|\n|poke|p1|Kingambit, L50, F|\n|poke|p1|Sinistcha, L50|\n|poke|p1|Volcarona, L50, F|\n|poke|p2|Scizor, L50, F|\n|poke|p2|Pelipper, L50, M|\n|poke|p2|Sableye, L50, F|\n|poke|p2|Garchomp, L50, M|\n|poke|p2|Aerodactyl, L50, M|\n|poke|p2|Meowscarada, L50, F|\n|teampreview|4\n|\n|t:|1776209304\n|teamsize|p1|4\n|teamsize|p2|4\n|start\n|switch|p1a: Froslass|Froslass, L50, F|100/100\n|switch|p1b: Sneasler|Sneasler, L50, F|100/100\n|switch|p2a: Pelipper|Pelipper, L50, M|100/100\n|switch|p2b: Aerodactyl|Aerodactyl, L50, M|100/100\n|-weather|RainDance|[from] ability: Drizzle|[of] p2a: Pelipper\n|turn|1\n|\n|t:|1776209325\n|detailschange|p1a: Froslass|Froslass-Mega, L50, F\n|-mega|p1a: Froslass|Froslass|Froslassite\n|-weather|Snowscape|[from] ability: Snow Warning|[of] p1a: Froslass\n|move|p1b: Sneasler|Fake Out|p2b: Aerodactyl\n|-resisted|p2b: Aerodactyl|1\n|-damage|p2b: Aerodactyl|90/100\n|move|p1a: Froslass|Aurora Veil|p1a: Froslass\n|-sidestart|p1: LanternComic|move: Aurora Veil\n|cant|p2b: Aerodactyl|flinch\n|move|p2a: Pelipper|Tailwind|p2a: Pelipper\n|-sidestart|p2: AurelioF321|move: Tailwind\n|\n|-weather|Snowscape|[upkeep]\n|upkeep\n|turn|2\n|j| CloudySkies17695\n|\n|t:|1776209343\n|switch|p1b: Kingambit|Kingambit, L50, F|100/100\n|move|p2b: Aerodactyl|Rock Slide|p1a: Froslass|[spread] p1a\n|-miss|p2b: Aerodactyl|p1b: Kingambit\n|-supereffective|p1a: Froslass|1\n|-damage|p1a: Froslass|60/100\n|move|p2a: Pelipper|Hurricane|p1b: Kingambit|[miss]\n|-miss|p2a: Pelipper|p1b: Kingambit\n|move|p1a: Froslass|Blizzard|p2a: Pelipper|[spread] p2a,p2b\n|-supereffective|p2b: Aerodactyl|1\n|-damage|p2a: Pelipper|32/100\n|-damage|p2b: Aerodactyl|0 fnt\n|faint|p2b: Aerodactyl\n|\n|-weather|Snowscape|[upkeep]\n|upkeep\n|\n|t:|1776209360\n|switch|p2b: Scizor|Scizor, L50, F|100/100\n|turn|3\n|\n|t:|1776209403\n|switch|p2a: Meowscarada|Meowscarada, L50, F|100/100\n|detailschange|p2b: Scizor|Scizor-Mega, L50, F\n|-mega|p2b: Scizor|Scizor|Scizorite\n|move|p1b: Kingambit|Protect|p1b: Kingambit\n|-singleturn|p1b: Kingambit|Protect\n|move|p2b: Scizor|Close Combat|p1b: Kingambit\n|-activate|p1b: Kingambit|move: Protect\n|move|p1a: Froslass|Shadow Ball|p2b: Scizor\n|-damage|p2b: Scizor|49/100\n|\n|-weather|Snowscape|[upkeep]\n|upkeep\n|turn|4\n|\n|t:|1776209421\n|move|p1b: Kingambit|Sucker Punch|p2b: Scizor\n|-damage|p2b: Scizor|0 fnt\n|faint|p2b: Scizor\n|move|p2a: Meowscarada|Knock Off|p1a: Froslass\n|-start|p2a: Meowscarada|typechange|Dark|[from] ability: Protean\n|-supereffective|p1a: Froslass|1\n|-damage|p1a: Froslass|10/100\n|move|p1a: Froslass|Blizzard|p2a: Meowscarada\n|-damage|p2a: Meowscarada|2/100\n|-enditem|p2a: Meowscarada|Sitrus Berry|[eat]\n|-heal|p2a: Meowscarada|27/100|[from] item: Sitrus Berry\n|\n|-weather|Snowscape|[upkeep]\n|-sideend|p2: AurelioF321|move: Tailwind\n|upkeep\n|\n|t:|1776209436\n|switch|p2b: Pelipper|Pelipper, L50, M|32/100\n|-weather|RainDance|[from] ability: Drizzle|[of] p2b: Pelipper\n|turn|5\n|\n|t:|1776209452\n|move|p1b: Kingambit|Sucker Punch|p2a: Meowscarada\n|-resisted|p2a: Meowscarada|1\n|-damage|p2a: Meowscarada|0 fnt\n|faint|p2a: Meowscarada\n|move|p1a: Froslass|Shadow Ball|p2b: Pelipper\n|-damage|p2b: Pelipper|0 fnt\n|faint|p2b: Pelipper\n|\n|win|LanternComic\n|raw|LanternComic's rating: 1097 &rarr; <strong>1120</strong><br />(+23 for winning)\n|raw|AurelioF321's rating: 1069 &rarr; <strong>1050</strong><br />(-19 for losing)\n|l|\u2606AurelioF321\n|player|p2|\n",
  "uploadtime": 1776209829,
  "views": 20,
  "formatid": "gen9championsvgc2026regma",
  "rating": 1050,
  "private": 0,
  "password": null
}