{
  "id": "gen9championsvgc2026regma-2589444825",
  "format": "[Gen 9 Champions] VGC 2026 Reg M-A",
  "players": [
    "DeltaWithADuck",
    "Lucasnoice"
  ],
  "log": "|j|\u2606DeltaWithADuck\n|j|\u2606Lucasnoice\n|t:|1776723531\n|gametype|doubles\n|player|p1|DeltaWithADuck|miku-ghost|1227\n|player|p2|Lucasnoice|101|1202\n|gen|9\n|tier|[Gen 9 Champions] VGC 2026 Reg M-A\n|rated|\n|rule|Species Clause: Limit one of each Pok\u00e9mon\n|rule|Item Clause: Limit 1 of each item\n|clearpoke\n|poke|p1|Flapple, L50, F|\n|poke|p1|Meowstic, L50, M|\n|poke|p1|Gardevoir, L50, F|\n|poke|p1|Milotic, L50, F|\n|poke|p1|Dragonite, L50, F|\n|poke|p1|Corviknight, L50, M|\n|poke|p2|Floette-Eternal, L50, F|\n|poke|p2|Golurk, L50|\n|poke|p2|Aerodactyl, L50, M|\n|poke|p2|Espathra, L50, F|\n|poke|p2|Incineroar, L50, M|\n|poke|p2|Sinistcha, L50|\n|teampreview|4\n|inactive|Battle timer is ON: inactive players will automatically lose when time's up. (requested by Lucasnoice)\n|l|\u2606DeltaWithADuck\n|inactive|DeltaWithADuck disconnected and has a minute to reconnect!\n|player|p1|\n|j|\u2606DeltaWithADuck\n|inactive|DeltaWithADuck reconnected and has 70 seconds left.\n|player|p1|DeltaWithADuck|miku-ghost|\n|inactive|DeltaWithADuck has 60 seconds left.\n|inactive|DeltaWithADuck has 30 seconds left.\n|inactive|DeltaWithADuck has 20 seconds left.\n|\n|t:|1776723605\n|teamsize|p1|4\n|teamsize|p2|4\n|start\n|switch|p1a: Meowstic|Meowstic, L50, M|100/100\n|switch|p1b: Gardevoir|Gardevoir, L50, F|100/100\n|switch|p2a: Sinistcha|Sinistcha, L50|100/100\n|switch|p2b: Incineroar|Incineroar, L50, M|100/100\n|-ability|p1b: Gardevoir|Intimidate|Trace|[from] ability: Trace|[of] p2b: Incineroar\n|-ability|p1b: Gardevoir|Intimidate|boost\n|-unboost|p2a: Sinistcha|atk|1\n|-unboost|p2b: Incineroar|atk|1\n|-ability|p2b: Incineroar|Intimidate|boost\n|-unboost|p1a: Meowstic|atk|1\n|-unboost|p1b: Gardevoir|atk|1\n|turn|1\n|inactive|DeltaWithADuck has 30 seconds left.\n|\n|t:|1776723637\n|detailschange|p1b: Gardevoir|Gardevoir-Mega, L50, F\n|-mega|p1b: Gardevoir|Gardevoir|Gardevoirite\n|move|p1a: Meowstic|Psychic Terrain|p1a: Meowstic\n|-fieldstart|move: Psychic Terrain\n|move|p1b: Gardevoir|Expanding Force|p2a: Sinistcha|[spread] p2a\n|-immune|p2b: Incineroar\n|-damage|p2a: Sinistcha|17/100\n|move|p2b: Incineroar|Throat Chop|p1a: Meowstic\n|-supereffective|p1a: Meowstic|1\n|-damage|p1a: Meowstic|40/100\n|-start|p1a: Meowstic|Throat Chop|[silent]\n|move|p2a: Sinistcha|Trick Room|p2a: Sinistcha\n|-fieldstart|move: Trick Room|[of] p2a: Sinistcha\n|\n|upkeep\n|turn|2\n|\n|t:|1776723659\n|switch|p1b: Milotic|Milotic, L50, F|100/100\n|move|p1a: Meowstic|Gravity|p1a: Meowstic\n|-fieldstart|move: Gravity\n|move|p2b: Incineroar|Throat Chop|p1b: Milotic\n|-damage|p1b: Milotic|76/100\n|-start|p1b: Milotic|Throat Chop|[silent]\n|move|p2a: Sinistcha|Shadow Ball|p1b: Milotic\n|-damage|p1b: Milotic|52/100\n|\n|-heal|p1b: Milotic|59/100|[from] item: Leftovers\n|-end|p1a: Meowstic|Throat Chop|[silent]\n|upkeep\n|turn|3\n|\n|t:|1776723681\n|switch|p1a: Corviknight|Corviknight, L50, M|100/100\n|-ability|p1a: Corviknight|Pressure\n|move|p2a: Sinistcha|Rage Powder|p2a: Sinistcha\n|-singleturn|p2a: Sinistcha|move: Rage Powder\n|move|p2b: Incineroar|Throat Chop|p1a: Corviknight\n|-damage|p1a: Corviknight|84/100\n|-start|p1a: Corviknight|Throat Chop|[silent]\n|move|p1b: Milotic|Hypnosis|p2a: Sinistcha\n|-status|p2a: Sinistcha|slp|[from] move: Hypnosis\n|\n|-heal|p1b: Milotic|65/100|[from] item: Leftovers\n|-end|p1b: Milotic|Throat Chop|[silent]\n|upkeep\n|turn|4\n|\n|t:|1776723700\n|move|p2b: Incineroar|Flare Blitz|p1a: Corviknight\n|-supereffective|p1a: Corviknight|1\n|-crit|p1a: Corviknight\n|-damage|p1a: Corviknight|0 fnt\n|faint|p1a: Corviknight\n|-damage|p2b: Incineroar|73/100|[from] Recoil\n|cant|p2a: Sinistcha|slp\n|move|p1b: Milotic|Hypnosis|p2b: Incineroar\n|-status|p2b: Incineroar|slp|[from] move: Hypnosis\n|\n|-heal|p1b: Milotic|71/100|[from] item: Leftovers\n|upkeep\n|\n|t:|1776723713\n|switch|p1a: Gardevoir|Gardevoir-Mega, L50, F|100/100\n|turn|5\n|\n|t:|1776723723\n|cant|p2b: Incineroar|slp\n|cant|p2a: Sinistcha|slp\n|move|p1b: Milotic|Scald|p2b: Incineroar\n|-supereffective|p2b: Incineroar|1\n|-damage|p2b: Incineroar|24/100 slp\n|-enditem|p2b: Incineroar|Sitrus Berry|[eat]\n|-heal|p2b: Incineroar|49/100 slp|[from] item: Sitrus Berry\n|move|p1a: Gardevoir|Hyper Voice|p2a: Sinistcha|[spread] p2a,p2b\n|-damage|p2a: Sinistcha|0 fnt\n|-damage|p2b: Incineroar|0 fnt\n|faint|p2a: Sinistcha\n|faint|p2b: Incineroar\n|\n|-heal|p1b: Milotic|77/100|[from] item: Leftovers\n|-fieldend|move: Trick Room\n|-fieldend|move: Psychic Terrain\n|upkeep\n|\n|t:|1776723736\n|switch|p2a: Golurk|Golurk, L50|100/100\n|switch|p2b: Floette|Floette-Eternal, L50, F|100/100\n|turn|6\n|\n|t:|1776723757\n|detailschange|p2b: Floette|Floette-Mega, L50, F\n|-mega|p2b: Floette|Floette|Floettite\n|-ability|p2b: Floette|Fairy Aura\n|move|p2b: Floette|Protect|p2b: Floette\n|-singleturn|p2b: Floette|Protect\n|move|p1a: Gardevoir|Hyper Voice|p2a: Golurk|[spread] p2a\n|-activate|p2b: Floette|move: Protect\n|-damage|p2a: Golurk|25/100\n|move|p1b: Milotic|Hypnosis|p2a: Golurk\n|-status|p2a: Golurk|slp|[from] move: Hypnosis\n|cant|p2a: Golurk|slp\n|\n|-heal|p1b: Milotic|83/100|[from] item: Leftovers\n|-fieldend|move: Gravity\n|upkeep\n|turn|7\n|\n|t:|1776723781\n|-curestatus|p2a: Golurk|slp|[msg]\n|move|p2a: Golurk|Protect|p2a: Golurk\n|-singleturn|p2a: Golurk|Protect\n|move|p1a: Gardevoir|Hyper Voice|p2b: Floette|[spread] p2b\n|-activate|p2a: Golurk|move: Protect\n|-damage|p2b: Floette|47/100\n|move|p2b: Floette|Dazzling Gleam|p1b: Milotic|[spread] p1a,p1b\n|-damage|p1a: Gardevoir|52/100\n|-damage|p1b: Milotic|48/100\n|move|p1b: Milotic|Scald|p2b: Floette\n|-damage|p2b: Floette|26/100\n|\n|-heal|p1b: Milotic|54/100|[from] item: Leftovers\n|upkeep\n|turn|8\n|inactive|DeltaWithADuck has 30 seconds left.\n|inactive|DeltaWithADuck has 20 seconds left.\n|\n|t:|1776723818\n|move|p1a: Gardevoir|Hyper Voice|p2b: Floette|[spread] p2a,p2b\n|-damage|p2a: Golurk|0 fnt\n|-damage|p2b: Floette|0 fnt\n|faint|p2a: Golurk\n|faint|p2b: Floette\n|\n|win|DeltaWithADuck\n|raw|DeltaWithADuck's rating: 1227 &rarr; <strong>1250</strong><br />(+23 for winning)\n|raw|Lucasnoice's rating: 1202 &rarr; <strong>1179</strong><br />(-23 for losing)\n|l|\u2606Lucasnoice\n|player|p2|\n",
  "uploadtime": 1776723824,
  "views": 14,
  "formatid": "gen9championsvgc2026regma",
  "rating": 1179,
  "private": 0,
  "password": null
}