{
  "id": "gen9championsvgc2026regma-2586297962",
  "format": "[Gen 9 Champions] VGC 2026 Reg M-A",
  "players": [
    "yadazei",
    "ygott"
  ],
  "log": "|j|\u2606yadazei\n|j|\u2606ygott\n|t:|1776422662\n|gametype|doubles\n|player|p1|yadazei|twins|1135\n|player|p2|ygott|skyla|1153\n|gen|9\n|tier|[Gen 9 Champions] VGC 2026 Reg M-A\n|rated|\n|rule|Species Clause: Limit one of each Pok\u00e9mon\n|rule|Item Clause: Limit 1 of each item\n|clearpoke\n|poke|p1|Greninja-*, L50, M|\n|poke|p1|Pelipper, L50, M|\n|poke|p1|Aerodactyl, L50, M|\n|poke|p1|Conkeldurr, L50, M|\n|poke|p1|Kingambit, L50, M|\n|poke|p1|Sneasler, L50, F|\n|poke|p2|Hydreigon, L50, F|\n|poke|p2|Drampa, L50, F|\n|poke|p2|Camerupt, L50, M|\n|poke|p2|Meganium, L50, F|\n|poke|p2|Azumarill, L50, F|\n|poke|p2|Farigiraf, L50, M|\n|teampreview|4\n|inactive|Battle timer is ON: inactive players will automatically lose when time's up. (requested by yadazei)\n|inactive|ygott has 60 seconds left.\n|\n|t:|1776422708\n|teamsize|p1|4\n|teamsize|p2|4\n|start\n|switch|p1a: Sneasler|Sneasler, L50, F|100/100\n|switch|p1b: Greninja|Greninja, L50, M|100/100\n|switch|p2a: Drampa|Drampa, L50, F|100/100\n|switch|p2b: Farigiraf|Farigiraf, L50, M|100/100\n|-ability|p2a: Drampa|Cloud Nine\n|turn|1\n|\n|t:|1776422732\n|detailschange|p1b: Greninja|Greninja-Mega, L50, M\n|-mega|p1b: Greninja|Greninja|Greninjite\n|move|p2a: Drampa|Protect|p2a: Drampa\n|-singleturn|p2a: Drampa|Protect\n|move|p1b: Greninja|Hydro Pump|p2b: Farigiraf\n|-start|p1b: Greninja|typechange|Water|[from] ability: Protean\n|-damage|p2b: Farigiraf|31/100\n|-enditem|p2b: Farigiraf|Sitrus Berry|[eat]\n|-heal|p2b: Farigiraf|55/100|[from] item: Sitrus Berry\n|move|p1a: Sneasler|Close Combat|p2a: Drampa\n|-activate|p2a: Drampa|move: Protect\n|move|p2b: Farigiraf|Trick Room|p2b: Farigiraf\n|-fieldstart|move: Trick Room|[of] p2b: Farigiraf\n|\n|upkeep\n|turn|2\n|\n|t:|1776422754\n|move|p2a: Drampa|Snarl|p1a: Sneasler|[spread] p1a,p1b\n|-resisted|p1a: Sneasler|1\n|-damage|p1a: Sneasler|88/100\n|-damage|p1b: Greninja|77/100\n|-unboost|p1a: Sneasler|spa|1\n|-unboost|p1b: Greninja|spa|1\n|-enditem|p1a: Sneasler|White Herb\n|-clearnegativeboost|p1a: Sneasler|[silent]\n|move|p2b: Farigiraf|Psychic|p1a: Sneasler\n|-supereffective|p1a: Sneasler|2\n|-damage|p1a: Sneasler|0 fnt\n|faint|p1a: Sneasler\n|move|p1b: Greninja|Hydro Pump|p2b: Farigiraf\n|-damage|p2b: Farigiraf|8/100\n|\n|-activate|p2b: Farigiraf|ability: Cud Chew\n|-enditem|p2b: Farigiraf|Sitrus Berry|[eat]\n|-heal|p2b: Farigiraf|33/100|[from] item: Sitrus Berry\n|upkeep\n|\n|t:|1776422768\n|switch|p1a: Kingambit|Kingambit, L50, M|100/100\n|turn|3\n|\n|t:|1776422783\n|move|p1b: Greninja|Protect|p1b: Greninja\n|-singleturn|p1b: Greninja|Protect\n|move|p2a: Drampa|Hyper Voice|p1a: Kingambit|[spread] p1a\n|-activate|p1b: Greninja|move: Protect\n|-resisted|p1a: Kingambit|1\n|-damage|p1a: Kingambit|78/100\n|move|p2b: Farigiraf|Hyper Voice|p1b: Greninja|[spread] p1a\n|-activate|p1b: Greninja|move: Protect\n|-resisted|p1a: Kingambit|1\n|-damage|p1a: Kingambit|57/100\n|move|p1a: Kingambit|Kowtow Cleave|p2a: Drampa\n|-damage|p2a: Drampa|43/100\n|\n|upkeep\n|turn|4\n|\n|t:|1776422800\n|switch|p1b: Pelipper|Pelipper, L50, M|100/100\n|-weather|RainDance|[from] ability: Drizzle|[of] p1b: Pelipper\n|move|p1a: Kingambit|Sucker Punch|p2a: Drampa\n|-damage|p2a: Drampa|0 fnt\n|faint|p2a: Drampa\n|move|p2b: Farigiraf|Hyper Voice|p1b: Pelipper|[spread] p1a,p1b\n|-resisted|p1a: Kingambit|1\n|-damage|p1a: Kingambit|37/100\n|-damage|p1b: Pelipper|45/100\n|\n|-weather|RainDance|[upkeep]\n|upkeep\n|\n|t:|1776422810\n|switch|p2a: Meganium|Meganium, L50, F|100/100\n|turn|5\n|\n|t:|1776422822\n|detailschange|p2a: Meganium|Meganium-Mega, L50, F\n|-mega|p2a: Meganium|Meganium|Meganiumite\n|move|p1a: Kingambit|Protect|p1a: Kingambit\n|-singleturn|p1a: Kingambit|Protect\n|move|p2b: Farigiraf|Psychic|p1b: Pelipper\n|-damage|p1b: Pelipper|0 fnt\n|faint|p1b: Pelipper\n|move|p2a: Meganium|Weather Ball|p1a: Kingambit\n|-activate|p1a: Kingambit|move: Protect\n|\n|-weather|RainDance|[upkeep]\n|-fieldend|move: Trick Room\n|upkeep\n|\n|t:|1776422832\n|switch|p1b: Greninja|Greninja-Mega, L50, M|77/100\n|turn|6\n|\n|t:|1776422842\n|move|p2a: Meganium|Protect|p2a: Meganium\n|-singleturn|p2a: Meganium|Protect\n|move|p1a: Kingambit|Sucker Punch|p2b: Farigiraf\n|-supereffective|p2b: Farigiraf|1\n|-damage|p2b: Farigiraf|0 fnt\n|faint|p2b: Farigiraf\n|move|p1b: Greninja|Ice Beam|p2a: Meganium\n|-start|p1b: Greninja|typechange|Ice|[from] ability: Protean\n|-activate|p2a: Meganium|move: Protect\n|\n|-weather|RainDance|[upkeep]\n|upkeep\n|\n|t:|1776422852\n|switch|p2b: Hydreigon|Hydreigon, L50, F, shiny|100/100\n|turn|7\n|\n|t:|1776422874\n|move|p1a: Kingambit|Sucker Punch|p2a: Meganium\n|-resisted|p2a: Meganium|1\n|-damage|p2a: Meganium|81/100\n|move|p2b: Hydreigon|Fire Blast|p1a: Kingambit\n|-supereffective|p1a: Kingambit|1\n|-damage|p1a: Kingambit|0 fnt\n|faint|p1a: Kingambit\n|move|p1b: Greninja|Ice Beam|p2a: Meganium\n|-supereffective|p2a: Meganium|1\n|-damage|p2a: Meganium|0 fnt\n|faint|p2a: Meganium\n|\n|-weather|RainDance|[upkeep]\n|upkeep\n|turn|8\n|\n|t:|1776422884\n|move|p2b: Hydreigon|Fire Blast|p1b: Greninja\n|-supereffective|p1b: Greninja|1\n|-damage|p1b: Greninja|22/100\n|move|p1b: Greninja|Ice Beam|p2b: Hydreigon\n|-supereffective|p2b: Hydreigon|1\n|-damage|p2b: Hydreigon|0 fnt\n|faint|p2b: Hydreigon\n|\n|win|yadazei\n|raw|yadazei's rating: 1135 &rarr; <strong>1161</strong><br />(+26 for winning)\n|raw|ygott's rating: 1153 &rarr; <strong>1127</strong><br />(-26 for losing)\n|l|\u2606ygott\n|player|p2|\n",
  "uploadtime": 1776422893,
  "views": 31,
  "formatid": "gen9championsvgc2026regma",
  "rating": 1127,
  "private": 0,
  "password": null
}