{
  "id": "gen9championsvgc2026regma-2582415712",
  "format": "[Gen 9 Champions] VGC 2026 Reg M-A",
  "players": [
    "gjfdsvvvddxd",
    "JAMieC_123"
  ],
  "log": "|j|\u2606gjfdsvvvddxd\n|j|\u2606JAMieC_123\n|t:|1776090221\n|gametype|doubles\n|player|p1|gjfdsvvvddxd|101|1055\n|player|p2|JAMieC_123|ltsurge|1137\n|gen|9\n|tier|[Gen 9 Champions] VGC 2026 Reg M-A\n|rated|\n|rule|Species Clause: Limit one of each Pok\u00e9mon\n|rule|Item Clause: Limit 1 of each item\n|clearpoke\n|poke|p1|Charizard, L50, F|\n|poke|p1|Sneasler, L50, M|\n|poke|p1|Garchomp, L50, M|\n|poke|p1|Kingambit, L50, M|\n|poke|p1|Whimsicott, L50, F|\n|poke|p1|Zoroark-Hisui, L50, M|\n|poke|p2|Sableye, L50, M|\n|poke|p2|Sinistcha, L50|\n|poke|p2|Floette-Eternal, L50, F|\n|poke|p2|Incineroar, L50, F|\n|poke|p2|Excadrill, L50, M|\n|poke|p2|Tyranitar, L50, M|\n|teampreview|4\nJAMieC_123 has agreed to open team sheets.\n|inactive|Battle timer is ON: inactive players will automatically lose when time's up. (requested by JAMieC_123)\n|inactive|JAMieC_123 has 60 seconds left.\n|\n|t:|1776090257\n|teamsize|p1|4\n|teamsize|p2|4\n|start\n|switch|p1a: Charizard|Charizard, L50, F|100/100\n|switch|p1b: Sneasler|Sneasler, L50, M|100/100\n|switch|p2a: Incineroar|Incineroar, L50, F|100/100\n|switch|p2b: Sableye|Sableye, L50, M|100/100\n|-ability|p2a: Incineroar|Intimidate|boost\n|-unboost|p1a: Charizard|atk|1\n|-unboost|p1b: Sneasler|atk|1\n|-enditem|p1b: Sneasler|White Herb\n|-clearnegativeboost|p1b: Sneasler|[silent]\n|turn|1\n|inactive|gjfdsvvvddxd has 30 seconds left.\n|inactive|JAMieC_123 has 30 seconds left.\n|inactive|gjfdsvvvddxd has 20 seconds left.\n|inactive|JAMieC_123 has 20 seconds left.\n|inactive|JAMieC_123 has 15 seconds left.\n|\n|t:|1776090299\n|switch|p1a: Garchomp|Garchomp, L50, M|100/100\n|move|p1b: Sneasler|Fake Out|p2a: Incineroar\n|-damage|p2a: Incineroar|88/100\n|cant|p2a: Incineroar|flinch\n|move|p2b: Sableye|Light Screen|p2b: Sableye\n|-sidestart|p2: JAMieC_123|move: Light Screen\n|\n|upkeep\n|turn|2\n|inactive|gjfdsvvvddxd has 30 seconds left.\n|\n|t:|1776090332\n|move|p2b: Sableye|Reflect|p2b: Sableye\n|-sidestart|p2: JAMieC_123|Reflect\n|move|p1b: Sneasler|Close Combat|p2a: Incineroar\n|-supereffective|p2a: Incineroar|1\n|-damage|p2a: Incineroar|15/100\n|-unboost|p1b: Sneasler|def|1\n|-unboost|p1b: Sneasler|spd|1\n|-enditem|p2a: Incineroar|Sitrus Berry|[eat]\n|-heal|p2a: Incineroar|40/100|[from] item: Sitrus Berry\n|move|p1a: Garchomp|Earthquake|p2a: Incineroar|[spread] p1b,p2a,p2b\n|-supereffective|p1b: Sneasler|1\n|-supereffective|p2a: Incineroar|1\n|-damage|p1b: Sneasler|0 fnt\n|-damage|p2a: Incineroar|0 fnt\n|-damage|p2b: Sableye|58/100\n|faint|p1b: Sneasler\n|faint|p2a: Incineroar\n|\n|upkeep\n|\n|t:|1776090354\n|switch|p1b: Charizard|Charizard, L50, F|100/100\n|switch|p2a: Tyranitar|Tyranitar, L50, M|100/100\n|-weather|Sandstorm|[from] ability: Sand Stream|[of] p2a: Tyranitar\n|turn|3\n|\n|t:|1776090368\n|detailschange|p1b: Charizard|Charizard-Mega-Y, L50, F\n|-mega|p1b: Charizard|Charizard|Charizardite Y\n|-weather|SunnyDay|[from] ability: Drought|[of] p1b: Charizard\n|move|p2a: Tyranitar|Protect|p2a: Tyranitar\n|-singleturn|p2a: Tyranitar|Protect\n|move|p1a: Garchomp|Earthquake|p2a: Tyranitar|[spread] p2b\n|-activate|p2a: Tyranitar|move: Protect\n|-immune|p1b: Charizard\n|-damage|p2b: Sableye|15/100\n|move|p1b: Charizard|Solar Beam||[still]\n|-prepare|p1b: Charizard|Solar Beam\n|-anim|p1b: Charizard|Solar Beam|p2a: Tyranitar\n|-activate|p2a: Tyranitar|move: Protect\n|move|p2b: Sableye|Foul Play|p1a: Garchomp\n|-damage|p1a: Garchomp|50/100\n|-damage|p2b: Sableye|2/100|[from] ability: Rough Skin|[of] p1a: Garchomp\n|\n|-weather|SunnyDay|[upkeep]\n|upkeep\n|turn|4\n|inactive|gjfdsvvvddxd has 30 seconds left.\n|inactive|JAMieC_123 has 30 seconds left.\n|\n|t:|1776090398\n|detailschange|p2a: Tyranitar|Tyranitar-Mega, L50, M\n|-mega|p2a: Tyranitar|Tyranitar|Tyranitarite\n|-weather|Sandstorm|[from] ability: Sand Stream|[of] p2a: Tyranitar\n|move|p2b: Sableye|Protect|p2b: Sableye\n|-singleturn|p2b: Sableye|Protect\n|move|p1a: Garchomp|Earthquake|p2a: Tyranitar|[spread] p2a\n|-activate|p2b: Sableye|move: Protect\n|-immune|p1b: Charizard\n|-supereffective|p2a: Tyranitar|1\n|-damage|p2a: Tyranitar|63/100\n|move|p1b: Charizard|Solar Beam||[still]\n|-prepare|p1b: Charizard|Solar Beam\n|move|p2a: Tyranitar|Rock Slide|p1b: Charizard|[spread] p1a,p1b\n|-resisted|p1a: Garchomp|1\n|-supereffective|p1b: Charizard|2\n|-damage|p1a: Garchomp|31/100\n|-damage|p1b: Charizard|0 fnt\n|faint|p1b: Charizard\n|\n|-weather|Sandstorm|[upkeep]\n|-damage|p2b: Sableye|0 fnt|[from] Sandstorm\n|faint|p2b: Sableye\n|upkeep\n|\n|t:|1776090416\n|switch|p1b: Kingambit|Kingambit, L50, M|100/100\n|switch|p2b: Excadrill|Excadrill, L50, M|100/100\n|turn|5\n|\n|t:|1776090427\n|move|p2b: Excadrill|Iron Head|p1a: Garchomp\n|-damage|p1a: Garchomp|0 fnt\n|-damage|p2b: Excadrill|88/100|[from] ability: Rough Skin|[of] p1a: Garchomp\n|faint|p1a: Garchomp\n|move|p2a: Tyranitar|Low Kick|p1b: Kingambit\n|-supereffective|p1b: Kingambit|2\n|-damage|p1b: Kingambit|0 fnt\n|faint|p1b: Kingambit\n|\n|win|JAMieC_123\n|raw|gjfdsvvvddxd's rating: 1055 &rarr; <strong>1041</strong><br />(-14 for losing)\n|raw|JAMieC_123's rating: 1137 &rarr; <strong>1156</strong><br />(+19 for winning)\n|l|\u2606gjfdsvvvddxd\n|player|p1|\n",
  "uploadtime": 1776090438,
  "views": 12,
  "formatid": "gen9championsvgc2026regma",
  "rating": 1041,
  "private": 0,
  "password": null
}