{
  "id": "gen9championsvgc2026regma-2586237767",
  "format": "[Gen 9 Champions] VGC 2026 Reg M-A",
  "players": [
    "Maaaaple",
    "fergarci9"
  ],
  "log": "|j|\u2606Maaaaple\n|j|\u2606fergarci9\n|t:|1776415922\n|gametype|doubles\n|player|p1|Maaaaple|170|1107\n|player|p2|fergarci9|lucas-gen4pt|1136\n|gen|9\n|tier|[Gen 9 Champions] VGC 2026 Reg M-A\n|rated|\n|rule|Species Clause: Limit one of each Pok\u00e9mon\n|rule|Item Clause: Limit 1 of each item\n|clearpoke\n|poke|p1|Garchomp, L50, M|\n|poke|p1|Basculegion, L50, M|\n|poke|p1|Sneasler, L50, M|\n|poke|p1|Kingambit, L50, M|\n|poke|p1|Froslass, L50, F|\n|poke|p1|Floette-Eternal, L50, F|\n|poke|p2|Aegislash, L50, M|\n|poke|p2|Rotom-Wash, L50|\n|poke|p2|Sneasler, L50, F|\n|poke|p2|Garchomp, L50, F|\n|poke|p2|Tyranitar, L50, F|\n|poke|p2|Incineroar, L50, M|\n|teampreview|4\n|inactive|Battle timer is ON: inactive players will automatically lose when time's up. (requested by fergarci9)\n|\n|t:|1776415949\n|teamsize|p1|4\n|teamsize|p2|4\n|start\n|switch|p1a: Sneasler|Sneasler, L50, M|100/100\n|switch|p1b: Froslass|Froslass, L50, F|100/100\n|switch|p2a: Sneasler|Sneasler, L50, F|100/100\n|switch|p2b: Aegislash|Aegislash, L50, M|100/100\n|turn|1\n|\n|t:|1776415966\n|detailschange|p1b: Froslass|Froslass-Mega, L50, F\n|-mega|p1b: Froslass|Froslass|Froslassite\n|-weather|Snowscape|[from] ability: Snow Warning|[of] p1b: Froslass\n|move|p2a: Sneasler|Fake Out|p1a: Sneasler\n|-damage|p1a: Sneasler|78/100\n|cant|p1a: Sneasler|flinch\n|move|p1b: Froslass|Shadow Ball|p2b: Aegislash\n|-supereffective|p2b: Aegislash|1\n|-damage|p2b: Aegislash|32/100\n|-formechange|p2b: Aegislash|Aegislash-Blade|\n|move|p2b: Aegislash|Psycho Cut|p1a: Sneasler\n|-supereffective|p1a: Sneasler|2\n|-damage|p1a: Sneasler|0 fnt\n|faint|p1a: Sneasler\n|\n|-weather|Snowscape|[upkeep]\n|upkeep\n|\n|t:|1776415986\n|switch|p1a: Garchomp|Garchomp, L50, M|100/100\n|turn|2\n|\n|t:|1776415992\n|move|p1b: Froslass|Protect|p1b: Froslass\n|-singleturn|p1b: Froslass|Protect\n|-formechange|p2b: Aegislash|Aegislash|\n|move|p2b: Aegislash|King's Shield|p2b: Aegislash\n|-singleturn|p2b: Aegislash|Protect\n|move|p2a: Sneasler|Dire Claw|p1b: Froslass\n|-activate|p1b: Froslass|move: Protect\n|move|p1a: Garchomp|Earthquake|p2b: Aegislash|[spread] p2a\n|-activate|p1b: Froslass|move: Protect\n|-activate|p2b: Aegislash|move: Protect\n|-supereffective|p2a: Sneasler|1\n|-damage|p2a: Sneasler|0 fnt\n|faint|p2a: Sneasler\n|\n|-weather|Snowscape|[upkeep]\n|upkeep\n|\n|t:|1776416001\n|switch|p2a: Tyranitar|Tyranitar, L50, F|100/100\n|-weather|Sandstorm|[from] ability: Sand Stream|[of] p2a: Tyranitar\n|turn|3\n|\n|t:|1776416019\n|move|p1b: Froslass|Substitute|p1b: Froslass\n|-start|p1b: Froslass|Substitute\n|-damage|p1b: Froslass|76/100\n|move|p1a: Garchomp|Earthquake|p2a: Tyranitar|[spread] p1b,p2a,p2b\n|-end|p1b: Froslass|Substitute\n|-supereffective|p2a: Tyranitar|1\n|-supereffective|p2b: Aegislash|1\n|-damage|p2a: Tyranitar|37/100\n|-damage|p2b: Aegislash|0 fnt\n|faint|p2b: Aegislash\n|move|p2a: Tyranitar|Iron Head|p1b: Froslass\n|-supereffective|p1b: Froslass|1\n|-damage|p1b: Froslass|3/100\n|\n|-weather|Sandstorm|[upkeep]\n|-damage|p1b: Froslass|0 fnt|[from] Sandstorm\n|faint|p1b: Froslass\n|upkeep\n|\n|t:|1776416032\n|switch|p1b: Basculegion|Basculegion, L50, M|100/100\n|switch|p2b: Garchomp|Garchomp, L50, F|100/100\n|turn|4\n|\n|t:|1776416053\n|detailschange|p2b: Garchomp|Garchomp-Mega, L50, F\n|-mega|p2b: Garchomp|Garchomp|Garchompite\n|move|p1b: Basculegion|Aqua Jet|p2b: Garchomp\n|-damage|p2b: Garchomp|75/100\n|move|p1a: Garchomp|Earthquake|p2a: Tyranitar|[spread] p1b,p2a,p2b\n|-crit|p1b: Basculegion\n|-supereffective|p2a: Tyranitar|1\n|-damage|p1b: Basculegion|29/100\n|-damage|p2a: Tyranitar|0 fnt\n|-damage|p2b: Garchomp|44/100\n|faint|p2a: Tyranitar\n|move|p2b: Garchomp|Dragon Claw|p1a: Garchomp\n|-supereffective|p1a: Garchomp|1\n|-crit|p1a: Garchomp\n|-damage|p1a: Garchomp|0 fnt\n|-damage|p2b: Garchomp|32/100|[from] ability: Rough Skin|[of] p1a: Garchomp\n|faint|p1a: Garchomp\n|\n|-weather|Sandstorm|[upkeep]\n|-damage|p1b: Basculegion|23/100|[from] Sandstorm\n|upkeep\n|turn|5\n|\n|t:|1776416070\n|move|p1b: Basculegion|Aqua Jet|p2b: Garchomp\n|-damage|p2b: Garchomp|8/100\n|move|p2b: Garchomp|Dragon Claw|p1b: Basculegion\n|-damage|p1b: Basculegion|0 fnt\n|faint|p1b: Basculegion\n|\n|win|fergarci9\n|raw|Maaaaple's rating: 1107 &rarr; <strong>1084</strong><br />(-23 for losing)\n|raw|fergarci9's rating: 1136 &rarr; <strong>1159</strong><br />(+23 for winning)\n",
  "uploadtime": 1776416123,
  "views": 23,
  "formatid": "gen9championsvgc2026regma",
  "rating": 1084,
  "private": 0,
  "password": null
}