{
  "id": "gen9championsvgc2026regma-2589559699",
  "format": "[Gen 9 Champions] VGC 2026 Reg M-A",
  "players": [
    "kkaitanggky",
    "alen22222"
  ],
  "log": "|j|\u2606kkaitanggky\n|j|\u2606alen22222\n|t:|1776734136\n|gametype|doubles\n|player|p1|kkaitanggky|giovanni|1124\n|player|p2|alen22222|169|1218\n|gen|9\n|tier|[Gen 9 Champions] VGC 2026 Reg M-A\n|rated|\n|rule|Species Clause: Limit one of each Pok\u00e9mon\n|rule|Item Clause: Limit 1 of each item\n|clearpoke\n|poke|p1|Politoed, L50, M|\n|poke|p1|Gengar, L50, F|\n|poke|p1|Scizor, L50, F|\n|poke|p1|Milotic, L50, F|\n|poke|p1|Sableye, L50, F|\n|poke|p1|Incineroar, L50, M|\n|poke|p2|Aegislash, L50, M|\n|poke|p2|Gardevoir, L50, F|\n|poke|p2|Aerodactyl, L50, M|\n|poke|p2|Garchomp, L50, F|\n|poke|p2|Incineroar, L50, M|\n|poke|p2|Rotom-Wash, L50|\n|teampreview|4\n|\n|t:|1776734169\n|teamsize|p1|4\n|teamsize|p2|4\n|start\n|switch|p1a: Scizor|Scizor, L50, F|100/100\n|switch|p1b: Milotic|Milotic, L50, F|100/100\n|switch|p2a: Aerodactyl|Aerodactyl, L50, M|100/100\n|switch|p2b: Garchomp|Garchomp, L50, F|100/100\n|turn|1\n|\n|t:|1776734208\n|switch|p1b: Incineroar|Incineroar, L50, M|100/100\n|-ability|p1b: Incineroar|Intimidate|boost\n|-unboost|p2a: Aerodactyl|atk|1\n|-unboost|p2b: Garchomp|atk|1\n|-enditem|p2b: Garchomp|White Herb\n|-clearnegativeboost|p2b: Garchomp|[silent]\n|detailschange|p1a: Scizor|Scizor-Mega, L50, F\n|-mega|p1a: Scizor|Scizor|Scizorite\n|move|p1a: Scizor|Bullet Punch|p2a: Aerodactyl\n|-supereffective|p2a: Aerodactyl|1\n|-enditem|p2a: Aerodactyl|Focus Sash\n|-damage|p2a: Aerodactyl|1/100\n|move|p2a: Aerodactyl|Tailwind|p2a: Aerodactyl\n|-sidestart|p2: alen22222|move: Tailwind\n|move|p2b: Garchomp|Earthquake|p1b: Incineroar|[spread] p1a,p1b\n|-immune|p2a: Aerodactyl\n|-crit|p1a: Scizor\n|-supereffective|p1b: Incineroar|1\n|-damage|p1a: Scizor|55/100\n|-damage|p1b: Incineroar|22/100\n|\n|upkeep\n|turn|2\n|\n|t:|1776734238\n|move|p2a: Aerodactyl|Protect|p2a: Aerodactyl\n|-singleturn|p2a: Aerodactyl|Protect\n|move|p2b: Garchomp|Protect|p2b: Garchomp\n|-singleturn|p2b: Garchomp|Protect\n|move|p1b: Incineroar|Fake Out|p2b: Garchomp\n|-activate|p2b: Garchomp|move: Protect\n|move|p1a: Scizor|Swords Dance|p1a: Scizor\n|-boost|p1a: Scizor|atk|2\n|\n|upkeep\n|turn|3\n|\n|t:|1776734266\n|switch|p1b: Milotic|Milotic, L50, F|100/100\n|move|p1a: Scizor|Protect|p1a: Scizor\n|-singleturn|p1a: Scizor|Protect\n|move|p2a: Aerodactyl|Dual Wingbeat|p1a: Scizor\n|-activate|p1a: Scizor|move: Protect\n|move|p2b: Garchomp|Earthquake|p1a: Scizor|[spread] p1b\n|-activate|p1a: Scizor|move: Protect\n|-immune|p2a: Aerodactyl\n|-damage|p1b: Milotic|61/100\n|\n|-heal|p1b: Milotic|67/100|[from] item: Leftovers\n|upkeep\n|turn|4\n|\n|t:|1776734299\n|switch|p1b: Incineroar|Incineroar, L50, M|22/100\n|-ability|p1b: Incineroar|Intimidate|boost\n|-unboost|p2a: Aerodactyl|atk|1\n|-unboost|p2b: Garchomp|atk|1\n|move|p2a: Aerodactyl|Protect|p2a: Aerodactyl\n|-singleturn|p2a: Aerodactyl|Protect\n|move|p2b: Garchomp|Protect|p2b: Garchomp\n|-singleturn|p2b: Garchomp|Protect\n|move|p1a: Scizor|Bullet Punch|p2a: Aerodactyl\n|-activate|p2a: Aerodactyl|move: Protect\n|\n|-sideend|p2: alen22222|move: Tailwind\n|upkeep\n|turn|5\n|\n|t:|1776734318\n|move|p1b: Incineroar|Fake Out|p2b: Garchomp\n|-damage|p2b: Garchomp|88/100\n|-damage|p1b: Incineroar|10/100|[from] ability: Rough Skin|[of] p2b: Garchomp\n|move|p1a: Scizor|Bullet Punch|p2a: Aerodactyl\n|-supereffective|p2a: Aerodactyl|1\n|-damage|p2a: Aerodactyl|0 fnt\n|faint|p2a: Aerodactyl\n|cant|p2b: Garchomp|flinch\n|\n|upkeep\n|\n|t:|1776734326\n|switch|p2a: Aegislash|Aegislash, L50, M|100/100\n|turn|6\n|\n|t:|1776734355\n|switch|p1b: Politoed|Politoed, L50, M|100/100\n|-weather|RainDance|[from] ability: Drizzle|[of] p1b: Politoed\n|move|p1a: Scizor|Bullet Punch|p2b: Garchomp\n|-damage|p2b: Garchomp|21/100\n|-damage|p1a: Scizor|43/100|[from] ability: Rough Skin|[of] p2b: Garchomp\n|move|p2b: Garchomp|Rock Slide|p1b: Politoed|[spread] p1a,p1b\n|-damage|p1a: Scizor|33/100\n|-damage|p1b: Politoed|85/100\n|-formechange|p2a: Aegislash|Aegislash-Blade|\n|move|p2a: Aegislash|Poltergeist|p1a: Scizor\n|-activate|p1a: Scizor|move: Poltergeist|Scizorite\n|-damage|p1a: Scizor|0 fnt\n|faint|p1a: Scizor\n|\n|-weather|RainDance|[upkeep]\n|upkeep\n|\n|t:|1776734372\n|switch|p1a: Incineroar|Incineroar, L50, M|10/100\n|-ability|p1a: Incineroar|Intimidate|boost\n|-unboost|p2a: Aegislash|atk|1\n|-unboost|p2b: Garchomp|atk|1\n|turn|7\n|\n|t:|1776734391\n|switch|p1a: Milotic|Milotic, L50, F|67/100\n|move|p2b: Garchomp|Protect|p2b: Garchomp\n|-singleturn|p2b: Garchomp|Protect\n|-formechange|p2a: Aegislash|Aegislash|\n|move|p2a: Aegislash|King's Shield|p2a: Aegislash\n|-singleturn|p2a: Aegislash|Protect\n|move|p1b: Politoed|Weather Ball|p2b: Garchomp\n|-activate|p2b: Garchomp|move: Protect\n|\n|-weather|RainDance|[upkeep]\n|-heal|p1a: Milotic|73/100|[from] item: Leftovers\n|upkeep\n|turn|8\n|\n|t:|1776734430\n|switch|p2b: Gardevoir|Gardevoir, L50, F|100/100\n|move|p1b: Politoed|Protect|p1b: Politoed\n|-singleturn|p1b: Politoed|Protect\n|move|p1a: Milotic|Muddy Water|p2a: Aegislash|[spread] p2a,p2b\n|-damage|p2a: Aegislash|72/100\n|-damage|p2b: Gardevoir|65/100\n|-unboost|p2b: Gardevoir|accuracy|1\n|-formechange|p2a: Aegislash|Aegislash-Blade|\n|move|p2a: Aegislash|Poltergeist|p1a: Milotic\n|-activate|p1a: Milotic|move: Poltergeist|Leftovers\n|-damage|p1a: Milotic|24/100\n|\n|-weather|RainDance|[upkeep]\n|-heal|p1a: Milotic|30/100|[from] item: Leftovers\n|upkeep\n|turn|9\n|\n|t:|1776734456\n|switch|p2b: Garchomp|Garchomp, L50, F|21/100\n|-formechange|p2a: Aegislash|Aegislash|\n|move|p2a: Aegislash|King's Shield|p2a: Aegislash\n|-singleturn|p2a: Aegislash|Protect\n|move|p1b: Politoed|Weather Ball|p2b: Garchomp\n|-damage|p2b: Garchomp|0 fnt\n|faint|p2b: Garchomp\n|move|p1a: Milotic|Recover|p1a: Milotic\n|-heal|p1a: Milotic|80/100\n|\n|-weather|RainDance|[upkeep]\n|-heal|p1a: Milotic|86/100|[from] item: Leftovers\n|upkeep\n|\n|t:|1776734467\n|switch|p2b: Gardevoir|Gardevoir, L50, F|65/100\n|turn|10\n|\n|t:|1776734483\n|switch|p1a: Incineroar|Incineroar, L50, M|10/100\n|-ability|p1a: Incineroar|Intimidate|boost\n|-unboost|p2a: Aegislash|atk|1\n|-unboost|p2b: Gardevoir|atk|1\n|detailschange|p2b: Gardevoir|Gardevoir-Mega, L50, F\n|-mega|p2b: Gardevoir|Gardevoir|Gardevoirite\n|move|p2b: Gardevoir|Calm Mind|p2b: Gardevoir\n|-boost|p2b: Gardevoir|spa|1\n|-boost|p2b: Gardevoir|spd|1\n|move|p1b: Politoed|Encore|p2a: Aegislash\n|-start|p2a: Aegislash|Encore\n|move|p2a: Aegislash|King's Shield||[still]\n|-fail|p2a: Aegislash\n|\n|-weather|none\n|upkeep\n|turn|11\n|\n|t:|1776734502\n|move|p2b: Gardevoir|Protect|p2b: Gardevoir\n|-singleturn|p2b: Gardevoir|Protect\n|move|p2a: Aegislash|King's Shield|p2a: Aegislash\n|-singleturn|p2a: Aegislash|Protect\n|move|p1a: Incineroar|Fake Out|p2b: Gardevoir\n|-activate|p2b: Gardevoir|move: Protect\n|move|p1b: Politoed|Perish Song|p1b: Politoed\n|-start|p1a: Incineroar|perish3|[silent]\n|-start|p1b: Politoed|perish3|[silent]\n|-start|p2a: Aegislash|perish3|[silent]\n|-start|p2b: Gardevoir|perish3|[silent]\n|-fieldactivate|move: Perish Song\n|\n|-start|p1b: Politoed|perish3\n|-start|p2b: Gardevoir|perish3\n|-start|p1a: Incineroar|perish3\n|-start|p2a: Aegislash|perish3\n|upkeep\n|turn|12\n|\n|t:|1776734525\n|move|p1b: Politoed|Protect|p1b: Politoed\n|-singleturn|p1b: Politoed|Protect\n|move|p2a: Aegislash|King's Shield||[still]\n|-fail|p2a: Aegislash\n|move|p2b: Gardevoir|Hyper Voice|p1b: Politoed|[spread] p1a\n|-activate|p1b: Politoed|move: Protect\n|-damage|p1a: Incineroar|0 fnt\n|faint|p1a: Incineroar\n|\n|-end|p2a: Aegislash|Encore\n|-start|p1b: Politoed|perish2\n|-start|p2b: Gardevoir|perish2\n|-start|p2a: Aegislash|perish2\n|upkeep\n|\n|t:|1776734539\n|switch|p1a: Milotic|Milotic, L50, F|86/100\n|turn|13\n|\n|t:|1776734550\n|move|p1b: Politoed|Encore|p2a: Aegislash\n|-start|p2a: Aegislash|Encore\n|move|p2a: Aegislash|King's Shield|p2a: Aegislash\n|-singleturn|p2a: Aegislash|Protect\n|move|p2b: Gardevoir|Hyper Voice|p1b: Politoed|[spread] p1a,p1b\n|-damage|p1a: Milotic|36/100\n|-damage|p1b: Politoed|9/100\n|-enditem|p1b: Politoed|Sitrus Berry|[eat]\n|-heal|p1b: Politoed|34/100|[from] item: Sitrus Berry\n|move|p1a: Milotic|Hypnosis|p2b: Gardevoir|[miss]\n|-miss|p1a: Milotic|p2b: Gardevoir\n|\n|-heal|p1a: Milotic|42/100|[from] item: Leftovers\n|-start|p2b: Gardevoir|perish1\n|-start|p1b: Politoed|perish1\n|-start|p2a: Aegislash|perish1\n|upkeep\n|turn|14\n|\n|t:|1776734580\n|move|p1b: Politoed|Protect|p1b: Politoed\n|-singleturn|p1b: Politoed|Protect\n|move|p2a: Aegislash|King's Shield|p2a: Aegislash\n|-singleturn|p2a: Aegislash|Protect\n|move|p2b: Gardevoir|Hyper Voice|p1a: Milotic|[spread] p1a\n|-activate|p1b: Politoed|move: Protect\n|-damage|p1a: Milotic|0 fnt\n|faint|p1a: Milotic\n|\n|-start|p1b: Politoed|perish0\n|-start|p2b: Gardevoir|perish0\n|-start|p2a: Aegislash|perish0\n|faint|p1b: Politoed\n|faint|p2b: Gardevoir\n|faint|p2a: Aegislash\n|\n|win|alen22222\n|raw|kkaitanggky's rating: 1124 &rarr; <strong>1106</strong><br />(-18 for losing)\n|raw|alen22222's rating: 1218 &rarr; <strong>1236</strong><br />(+18 for winning)\n",
  "uploadtime": 1776734592,
  "views": 5,
  "formatid": "gen9championsvgc2026regma",
  "rating": 1106,
  "private": 0,
  "password": null
}