{
  "id": "gen9championsvgc2026regma-2581697387",
  "format": "[Gen 9 Champions] VGC 2026 Reg M-A",
  "players": [
    "ones_upon_a_time",
    "LGPESWEEPER"
  ],
  "log": "|j|\u2606ones_upon_a_time\n|j|\u2606LGPESWEEPER\n|t:|1776021507\n|gametype|doubles\n|player|p1|ones_upon_a_time|102|1095\n|player|p2|LGPESWEEPER|102|1001\n|gen|9\n|tier|[Gen 9 Champions] VGC 2026 Reg M-A\n|rated|\n|rule|Species Clause: Limit one of each Pok\u00e9mon\n|rule|Item Clause: Limit 1 of each item\n|clearpoke\n|poke|p1|Rotom-Heat, L50|\n|poke|p1|Aegislash, L50, F|\n|poke|p1|Tyranitar, L50, M|\n|poke|p1|Starmie, L50|\n|poke|p1|Aerodactyl, L50, F|\n|poke|p1|Garchomp, L50, M|\n|poke|p2|Gyarados, L50, M|\n|poke|p2|Garchomp, L50, M|\n|poke|p2|Tinkaton, L50, F|\n|poke|p2|Sneasler, L50, M|\n|poke|p2|Sinistcha, L50|\n|poke|p2|Pelipper, L50, F|\n|teampreview|4\n|\n|t:|1776021531\n|teamsize|p1|4\n|teamsize|p2|4\n|start\n|switch|p1a: Tyranitar|Tyranitar, L50, M|100/100\n|switch|p1b: Aerodactyl|Aerodactyl, L50, F|100/100\n|switch|p2a: Gyarados|Gyarados, L50, M|100/100\n|switch|p2b: Garchomp|Garchomp, L50, M|100/100\n|-ability|p1b: Aerodactyl|Unnerve\n|-weather|Sandstorm|[from] ability: Sand Stream|[of] p1a: Tyranitar\n|-ability|p2a: Gyarados|Intimidate|boost\n|-unboost|p1a: Tyranitar|atk|1\n|-unboost|p1b: Aerodactyl|atk|1\n|turn|1\n|\n|t:|1776021548\n|move|p2a: Gyarados|Protect|p2a: Gyarados\n|-singleturn|p2a: Gyarados|Protect\n|move|p1b: Aerodactyl|Tailwind|p1b: Aerodactyl\n|-sidestart|p1: ones_upon_a_time|move: Tailwind\n|move|p1a: Tyranitar|Ice Punch|p2b: Garchomp\n|-supereffective|p2b: Garchomp|2\n|-damage|p2b: Garchomp|33/100\n|-damage|p1a: Tyranitar|88/100|[from] ability: Rough Skin|[of] p2b: Garchomp\n|move|p2b: Garchomp|Earthquake|p1b: Aerodactyl|[spread] p1a\n|-activate|p2a: Gyarados|move: Protect\n|-immune|p1b: Aerodactyl\n|-supereffective|p1a: Tyranitar|1\n|-damage|p1a: Tyranitar|3/100\n|\n|-weather|Sandstorm|[upkeep]\n|-damage|p2a: Gyarados|94/100|[from] Sandstorm\n|upkeep\n|turn|2\n|\n|t:|1776021572\n|switch|p2b: Sinistcha|Sinistcha, L50|100/100\n|-heal|p2a: Gyarados|100/100|[from] ability: Hospitality|[of] p2b: Sinistcha\n|switch|p2a: Pelipper|Pelipper, L50, F|100/100\n|-weather|RainDance|[from] ability: Drizzle|[of] p2a: Pelipper\n|move|p1b: Aerodactyl|Rock Slide|p2b: Sinistcha|[spread] p2a,p2b\n|-supereffective|p2a: Pelipper|1\n|-damage|p2a: Pelipper|61/100\n|-damage|p2b: Sinistcha|88/100\n|move|p1a: Tyranitar|Ice Punch|p2b: Sinistcha\n|-supereffective|p2b: Sinistcha|1\n|-damage|p2b: Sinistcha|59/100\n|\n|-weather|RainDance|[upkeep]\n|-heal|p2b: Sinistcha|65/100|[from] item: Leftovers\n|upkeep\n|turn|3\n|\n|t:|1776021591\n|move|p2a: Pelipper|Protect|p2a: Pelipper\n|-singleturn|p2a: Pelipper|Protect\n|move|p1b: Aerodactyl|Rock Slide|p2b: Sinistcha|[spread] p2b\n|-activate|p2a: Pelipper|move: Protect\n|-damage|p2b: Sinistcha|51/100\n|move|p1a: Tyranitar|Ice Punch|p2b: Sinistcha\n|-supereffective|p2b: Sinistcha|1\n|-damage|p2b: Sinistcha|21/100\n|move|p2b: Sinistcha|Matcha Gotcha|p1b: Aerodactyl|[spread] p1a,p1b\n|-supereffective|p1a: Tyranitar|1\n|-damage|p1a: Tyranitar|0 fnt\n|-heal|p2b: Sinistcha|22/100|[from] drain|[of] p1a: Tyranitar\n|-damage|p1b: Aerodactyl|67/100\n|-heal|p2b: Sinistcha|36/100|[from] drain|[of] p1b: Aerodactyl\n|faint|p1a: Tyranitar\n|\n|-weather|RainDance|[upkeep]\n|-heal|p2b: Sinistcha|43/100|[from] item: Leftovers\n|upkeep\n|\n|t:|1776021604\n|switch|p1a: Starmie|Starmie, L50|100/100\n|turn|4\n|\n|t:|1776021618\n|detailschange|p1a: Starmie|Starmie-Mega, L50\n|-mega|p1a: Starmie|Starmie|Starminite\n|move|p2b: Sinistcha|Rage Powder|p2b: Sinistcha\n|-singleturn|p2b: Sinistcha|move: Rage Powder\n|move|p1b: Aerodactyl|Rock Slide|p2b: Sinistcha|[spread] p2a,p2b\n|-supereffective|p2a: Pelipper|1\n|-damage|p2a: Pelipper|20/100\n|-damage|p2b: Sinistcha|30/100\n|move|p1a: Starmie|Zen Headbutt|p2b: Sinistcha\n|-damage|p2b: Sinistcha|0 fnt\n|faint|p2b: Sinistcha\n|move|p2a: Pelipper|Hurricane|p1a: Starmie\n|-damage|p1a: Starmie|36/100\n|-start|p1a: Starmie|confusion\n|\n|-weather|RainDance|[upkeep]\n|-sideend|p1: ones_upon_a_time|move: Tailwind\n|upkeep\n|\n|t:|1776021634\n|switch|p2b: Gyarados|Gyarados, L50, M|100/100\n|-ability|p2b: Gyarados|Intimidate|boost\n|-unboost|p1a: Starmie|atk|1\n|-unboost|p1b: Aerodactyl|atk|1\n|turn|5\n|\n|t:|1776021643\n|switch|p1a: Aegislash|Aegislash, L50, F|100/100\n|switch|p2a: Garchomp|Garchomp, L50, M|33/100\n|move|p2b: Gyarados|Protect|p2b: Gyarados\n|-singleturn|p2b: Gyarados|Protect\n|move|p1b: Aerodactyl|Dual Wingbeat|p2a: Garchomp\n|-damage|p2a: Garchomp|25/100\n|-damage|p1b: Aerodactyl|55/100|[from] ability: Rough Skin|[of] p2a: Garchomp\n|-damage|p2a: Garchomp|15/100\n|-damage|p1b: Aerodactyl|42/100|[from] ability: Rough Skin|[of] p2a: Garchomp\n|-hitcount|p2a: Garchomp|2\n|\n|-weather|RainDance|[upkeep]\n|upkeep\n|turn|6\n|\n|t:|1776021664\n|move|p1a: Aegislash|King's Shield|p1a: Aegislash\n|-singleturn|p1a: Aegislash|Protect\n|move|p1b: Aerodactyl|Tailwind|p1b: Aerodactyl\n|-sidestart|p1: ones_upon_a_time|move: Tailwind\n|move|p2a: Garchomp|Rock Slide|p1b: Aerodactyl|[spread] p1b\n|-activate|p1a: Aegislash|move: Protect\n|-supereffective|p1b: Aerodactyl|1\n|-damage|p1b: Aerodactyl|0 fnt\n|faint|p1b: Aerodactyl\n|move|p2b: Gyarados|Dragon Dance|p2b: Gyarados\n|-boost|p2b: Gyarados|atk|1\n|-boost|p2b: Gyarados|spe|1\n|\n|-weather|none\n|upkeep\n|\n|t:|1776021675\n|switch|p1b: Starmie|Starmie-Mega, L50|36/100\n|turn|7\n|\n|t:|1776021693\n|detailschange|p2b: Gyarados|Gyarados-Mega, L50, M\n|-mega|p2b: Gyarados|Gyarados|Gyaradosite\n|-ability|p2b: Gyarados|Mold Breaker\n|move|p1a: Aegislash|Wide Guard|p1a: Aegislash\n|-singleturn|p1a: Aegislash|Wide Guard\n|move|p1b: Starmie|Zen Headbutt|p2b: Gyarados\n|-immune|p2b: Gyarados\n|move|p2b: Gyarados|Crunch|p1a: Aegislash\n|-supereffective|p1a: Aegislash|1\n|-crit|p1a: Aegislash\n|-damage|p1a: Aegislash|0 fnt\n|faint|p1a: Aegislash\n|move|p2a: Garchomp|Stomping Tantrum|p1b: Starmie\n|-damage|p1b: Starmie|0 fnt\n|faint|p1b: Starmie\n|\n|win|LGPESWEEPER\n|raw|ones_upon_a_time's rating: 1095 &rarr; <strong>1064</strong><br />(-31 for losing)\n|raw|LGPESWEEPER's rating: 1001 &rarr; <strong>1051</strong><br />(+50 for winning)\n|l|\u2606ones_upon_a_time\n|player|p1|\n",
  "uploadtime": 1776021710,
  "views": 13,
  "formatid": "gen9championsvgc2026regma",
  "rating": 1051,
  "private": 0,
  "password": null
}