{
  "id": "gen9championsvgc2026regma-2585271667",
  "format": "[Gen 9 Champions] VGC 2026 Reg M-A",
  "players": [
    "isabellissima",
    "deo100"
  ],
  "log": "|j|\u2606isabellissima\n|j|\u2606deo100\n|t:|1776332338\n|gametype|doubles\n|player|p1|isabellissima|265|1099\n|player|p2|deo100|169|1117\n|gen|9\n|tier|[Gen 9 Champions] VGC 2026 Reg M-A\n|rated|\n|rule|Species Clause: Limit one of each Pok\u00e9mon\n|rule|Item Clause: Limit 1 of each item\n|clearpoke\n|poke|p1|Incineroar, L50, M|\n|poke|p1|Gengar, L50, M|\n|poke|p1|Sneasler, L50, F|\n|poke|p1|Maushold-Four, L50|\n|poke|p1|Kommo-o, L50, M|\n|poke|p1|Politoed, L50, F|\n|poke|p2|Meganium, L50, M|\n|poke|p2|Aerodactyl, L50, F|\n|poke|p2|Kangaskhan, L50, F|\n|poke|p2|Tauros-Paldea-Aqua, L50, M|\n|poke|p2|Typhlosion-Hisui, L50, F|\n|poke|p2|Archaludon, L50, F|\n|teampreview|4\n|inactive|Battle timer is ON: inactive players will automatically lose when time's up. (requested by isabellissima)\n|\n|t:|1776332389\n|teamsize|p1|4\n|teamsize|p2|4\n|start\n|switch|p1a: Incineroar|Incineroar, L50, M, shiny|100/100\n|switch|p1b: Gengar|Gengar, L50, M, shiny|100/100\n|switch|p2a: Aerodactyl|Aerodactyl, L50, F, shiny|100/100\n|switch|p2b: Kangaskhan|Kangaskhan, L50, F|100/100\n|-ability|p2a: Aerodactyl|Unnerve\n|-ability|p1a: Incineroar|Intimidate|boost\n|-unboost|p2a: Aerodactyl|atk|1\n|-fail|p2b: Kangaskhan|unboost|Attack|[from] ability: Inner Focus|[of] p2b: Kangaskhan\n|turn|1\n|inactive|deo100 has 30 seconds left.\n|\n|t:|1776332418\n|detailschange|p1b: Gengar|Gengar-Mega, L50, M, shiny\n|-mega|p1b: Gengar|Gengar|Gengarite\n|detailschange|p2b: Kangaskhan|Kangaskhan-Mega, L50, F\n|-mega|p2b: Kangaskhan|Kangaskhan|Kangaskhanite\n|move|p2b: Kangaskhan|Fake Out|p1a: Incineroar\n|-damage|p1a: Incineroar|86/100\n|-damage|p1a: Incineroar|81/100\n|-hitcount|p1a: Incineroar|2\n|cant|p1a: Incineroar|flinch\n|move|p2a: Aerodactyl|Tailwind|p2a: Aerodactyl\n|-sidestart|p2: deo100|move: Tailwind\n|move|p1b: Gengar|Perish Song|p1b: Gengar\n|-start|p1a: Incineroar|perish3|[silent]\n|-start|p1b: Gengar|perish3|[silent]\n|-start|p2a: Aerodactyl|perish3|[silent]\n|-start|p2b: Kangaskhan|perish3|[silent]\n|-fieldactivate|move: Perish Song\n|\n|-start|p2a: Aerodactyl|perish3\n|-start|p2b: Kangaskhan|perish3\n|-start|p1b: Gengar|perish3\n|-start|p1a: Incineroar|perish3\n|upkeep\n|turn|2\n|\n|t:|1776332438\n|move|p1b: Gengar|Protect|p1b: Gengar\n|-singleturn|p1b: Gengar|Protect\n|move|p1a: Incineroar|Protect|p1a: Incineroar\n|-singleturn|p1a: Incineroar|Protect\n|move|p2a: Aerodactyl|Rock Slide|p1b: Gengar|[spread] \n|-activate|p1a: Incineroar|move: Protect\n|-activate|p1b: Gengar|move: Protect\n|move|p2b: Kangaskhan|Low Kick|p1a: Incineroar\n|-activate|p1a: Incineroar|move: Protect\n|\n|-start|p2a: Aerodactyl|perish2\n|-start|p2b: Kangaskhan|perish2\n|-start|p1b: Gengar|perish2\n|-start|p1a: Incineroar|perish2\n|upkeep\n|turn|3\n|inactive|isabellissima has 30 seconds left.\n|\n|t:|1776332465\n|switch|p1b: Politoed|Politoed, L50, F, shiny|100/100\n|-weather|RainDance|[from] ability: Drizzle|[of] p1b: Politoed\n|move|p2a: Aerodactyl|Rock Slide|p1b: Politoed|[spread] p1a,p1b\n|-supereffective|p1a: Incineroar|1\n|-crit|p1a: Incineroar\n|-damage|p1a: Incineroar|22/100\n|-damage|p1b: Politoed|87/100\n|move|p2b: Kangaskhan|Low Kick|p1a: Incineroar\n|-supereffective|p1a: Incineroar|1\n|-damage|p1a: Incineroar|0 fnt\n|faint|p1a: Incineroar\n|-hitcount|p1: Incineroar|1\n|\n|-weather|RainDance|[upkeep]\n|-heal|p1b: Politoed|93/100|[from] item: Leftovers\n|-start|p2a: Aerodactyl|perish1\n|-start|p2b: Kangaskhan|perish1\n|upkeep\n|\n|t:|1776332475\n|switch|p1a: Gengar|Gengar-Mega, L50, M, shiny|100/100\n|turn|4\n|\n|t:|1776332486\n|move|p1a: Gengar|Protect|p1a: Gengar\n|-singleturn|p1a: Gengar|Protect\n|move|p1b: Politoed|Protect|p1b: Politoed\n|-singleturn|p1b: Politoed|Protect\n|move|p2a: Aerodactyl|Rock Slide|p1b: Politoed|[spread] \n|-activate|p1a: Gengar|move: Protect\n|-activate|p1b: Politoed|move: Protect\n|move|p2b: Kangaskhan|Double-Edge|p1b: Politoed\n|-activate|p1b: Politoed|move: Protect\n|\n|-weather|RainDance|[upkeep]\n|-heal|p1b: Politoed|99/100|[from] item: Leftovers\n|-start|p2a: Aerodactyl|perish0\n|-start|p2b: Kangaskhan|perish0\n|-sideend|p2: deo100|move: Tailwind\n|faint|p2a: Aerodactyl\n|faint|p2b: Kangaskhan\n|upkeep\n|\n|t:|1776332491\n|switch|p2a: Archaludon|Archaludon, L50, F, shiny|100/100\n|switch|p2b: Tauros|Tauros-Paldea-Aqua, L50, M|100/100\n|-ability|p2b: Tauros|Intimidate|boost\n|-unboost|p1a: Gengar|atk|1\n|-unboost|p1b: Politoed|atk|1\n|turn|5\n|inactive|isabellissima has 30 seconds left.\n|inactive|isabellissima has 20 seconds left.\n|inactive|isabellissima has 15 seconds left.\n|\n|t:|1776332535\n|move|p1a: Gengar|Substitute|p1a: Gengar\n|-start|p1a: Gengar|Substitute\n|-damage|p1a: Gengar|76/100\n|move|p2b: Tauros|Wave Crash|p1a: Gengar\n|-end|p1a: Gengar|Substitute\n|-damage|p2b: Tauros|91/100|[from] Recoil|[of] p1a: Gengar\n|move|p2a: Archaludon|Thunderbolt|p1b: Politoed\n|-supereffective|p1b: Politoed|1\n|-damage|p1b: Politoed|44/100\n|move|p1b: Politoed|Perish Song|p1b: Politoed\n|-start|p1a: Gengar|perish3|[silent]\n|-start|p1b: Politoed|perish3|[silent]\n|-start|p2a: Archaludon|perish3|[silent]\n|-start|p2b: Tauros|perish3|[silent]\n|-fieldactivate|move: Perish Song\n|\n|-weather|RainDance|[upkeep]\n|-heal|p1b: Politoed|50/100|[from] item: Leftovers\n|-start|p1a: Gengar|perish3\n|-start|p2b: Tauros|perish3\n|-start|p2a: Archaludon|perish3\n|-start|p1b: Politoed|perish3\n|upkeep\n|turn|6\n|inactive|deo100 has 30 seconds left.\n|\n|t:|1776332569\n|move|p1a: Gengar|Protect|p1a: Gengar\n|-singleturn|p1a: Gengar|Protect\n|move|p1b: Politoed|Protect|p1b: Politoed\n|-singleturn|p1b: Politoed|Protect\n|move|p2b: Tauros|Wave Crash|p1a: Gengar\n|-activate|p1a: Gengar|move: Protect\n|move|p2a: Archaludon|Thunderbolt|p1b: Politoed\n|-activate|p1b: Politoed|move: Protect\n|\n|-weather|RainDance|[upkeep]\n|-heal|p1b: Politoed|56/100|[from] item: Leftovers\n|-start|p1a: Gengar|perish2\n|-start|p2b: Tauros|perish2\n|-start|p2a: Archaludon|perish2\n|-start|p1b: Politoed|perish2\n|upkeep\n|turn|7\n|-message|deo100 forfeited.\n|\n|win|isabellissima\n|raw|isabellissima's rating: 1099 &rarr; <strong>1125</strong><br />(+26 for winning)\n|raw|deo100's rating: 1117 &rarr; <strong>1091</strong><br />(-26 for losing)\n|l|\u2606deo100\n|player|p2|\n",
  "uploadtime": 1776332581,
  "views": 40,
  "formatid": "gen9championsvgc2026regma",
  "rating": 1091,
  "private": 0,
  "password": null
}