{
  "id": "gen9championsvgc2026regma-2584999476",
  "format": "[Gen 9 Champions] VGC 2026 Reg M-A",
  "players": [
    "Clids",
    "amongdripgoku"
  ],
  "log": "|j|\u2606Clids\n|j|\u2606amongdripgoku\n|t:|1776302036\n|gametype|doubles\n|player|p1|Clids|266|1050\n|player|p2|amongdripgoku|170|1070\n|gen|9\n|tier|[Gen 9 Champions] VGC 2026 Reg M-A\n|rated|\n|rule|Species Clause: Limit one of each Pok\u00e9mon\n|rule|Item Clause: Limit 1 of each item\n|clearpoke\n|poke|p1|Gengar, L50, M|\n|poke|p1|Sinistcha, L50|\n|poke|p1|Garchomp, L50, F|\n|poke|p1|Tyranitar, L50, F|\n|poke|p1|Whimsicott, L50, M|\n|poke|p1|Empoleon, L50, F|\n|poke|p2|Pelipper, L50, M|\n|poke|p2|Gengar, L50, F|\n|poke|p2|Greninja-*, L50, M|\n|poke|p2|Basculegion, L50, M|\n|poke|p2|Archaludon, L50, F|\n|poke|p2|Whimsicott, L50, M|\n|teampreview|4\n|\n|t:|1776302067\n|teamsize|p1|4\n|teamsize|p2|4\n|start\n|switch|p1a: Tyranitar|Tyranitar, L50, F|100/100\n|switch|p1b: Gengar|Gengar, L50, M|100/100\n|switch|p2a: Greninja|Greninja, L50, M|100/100\n|switch|p2b: Whimsicott|Whimsicott, L50, M|100/100\n|-weather|Sandstorm|[from] ability: Sand Stream|[of] p1a: Tyranitar\n|turn|1\n|inactive|Battle timer is ON: inactive players will automatically lose when time's up. (requested by amongdripgoku)\n|\n|t:|1776302086\n|switch|p2b: Pelipper|Pelipper, L50, M|100/100\n|-weather|RainDance|[from] ability: Drizzle|[of] p2b: Pelipper\n|detailschange|p1b: Gengar|Gengar-Mega, L50, M\n|-mega|p1b: Gengar|Gengar|Gengarite\n|move|p1b: Gengar|Sludge Bomb|p2b: Pelipper\n|-damage|p2b: Pelipper|43/100\n|-status|p2b: Pelipper|psn\n|move|p2a: Greninja|Dark Pulse|p1b: Gengar\n|-start|p2a: Greninja|typechange|Dark|[from] ability: Protean\n|-supereffective|p1b: Gengar|1\n|-damage|p1b: Gengar|6/100\n|move|p1a: Tyranitar|Low Kick|p2a: Greninja\n|-supereffective|p2a: Greninja|1\n|-damage|p2a: Greninja|19/100\n|\n|-weather|RainDance|[upkeep]\n|-heal|p2b: Pelipper|49/100 psn|[from] item: Leftovers\n|-damage|p2b: Pelipper|37/100 psn|[from] psn\n|upkeep\n|turn|2\n|inactive|Clids has 30 seconds left.\n|\n|t:|1776302115\n|switch|p1b: Sinistcha|Sinistcha, L50|100/100\n|detailschange|p2a: Greninja|Greninja-Mega, L50, M\n|-mega|p2a: Greninja|Greninja|Greninjite\n|move|p2b: Pelipper|Protect|p2b: Pelipper\n|-singleturn|p2b: Pelipper|Protect\n|move|p2a: Greninja|Surf|p1b: Sinistcha|[spread] p1a,p1b\n|-start|p2a: Greninja|typechange|Water|[from] ability: Protean\n|-activate|p2b: Pelipper|move: Protect\n|-supereffective|p1a: Tyranitar|1\n|-resisted|p1b: Sinistcha|1\n|-damage|p1a: Tyranitar|11/100\n|-damage|p1b: Sinistcha|72/100\n|move|p1a: Tyranitar|Rock Slide|p2a: Greninja|[spread] p2a\n|-activate|p2b: Pelipper|move: Protect\n|-damage|p2a: Greninja|0 fnt\n|faint|p2a: Greninja\n|\n|-weather|RainDance|[upkeep]\n|-heal|p2b: Pelipper|43/100 psn|[from] item: Leftovers\n|-damage|p2b: Pelipper|31/100 psn|[from] psn\n|upkeep\n|\n|t:|1776302125\n|switch|p2a: Archaludon|Archaludon, L50, F|100/100\n|turn|3\n|\n|t:|1776302137\n|switch|p2b: Whimsicott|Whimsicott, L50, M|100/100\n|move|p1b: Sinistcha|Rage Powder|p1b: Sinistcha\n|-singleturn|p1b: Sinistcha|move: Rage Powder\n|move|p2a: Archaludon|Electro Shot||[still]\n|-prepare|p2a: Archaludon|Electro Shot\n|-boost|p2a: Archaludon|spa|1\n|-anim|p2a: Archaludon|Electro Shot|p1a: Tyranitar\n|-damage|p1a: Tyranitar|0 fnt\n|faint|p1a: Tyranitar\n|\n|-weather|RainDance|[upkeep]\n|upkeep\n|\n|t:|1776302155\n|switch|p1a: Garchomp|Garchomp, L50, F|100/100\n|turn|4\n|\n|t:|1776302178\n|move|p1b: Sinistcha|Rage Powder|p1b: Sinistcha\n|-singleturn|p1b: Sinistcha|move: Rage Powder\n|move|p2b: Whimsicott|Tailwind|p2b: Whimsicott\n|-sidestart|p2: amongdripgoku|move: Tailwind\n|move|p2a: Archaludon|Draco Meteor|p1b: Sinistcha\n|-damage|p1b: Sinistcha|0 fnt\n|-unboost|p2a: Archaludon|spa|2\n|faint|p1b: Sinistcha\n|move|p1a: Garchomp|Earthquake|p2a: Archaludon|[spread] p2a,p2b\n|-supereffective|p2a: Archaludon|1\n|-resisted|p2b: Whimsicott|1\n|-damage|p2a: Archaludon|30/100\n|-damage|p2b: Whimsicott|80/100\n|-enditem|p2a: Archaludon|Sitrus Berry|[eat]\n|-heal|p2a: Archaludon|55/100|[from] item: Sitrus Berry\n|\n|-weather|RainDance|[upkeep]\n|upkeep\n|\n|t:|1776302191\n|switch|p1b: Gengar|Gengar-Mega, L50, M|6/100\n|turn|5\n|inactive|amongdripgoku has 30 seconds left.\n|\n|t:|1776302220\n|move|p2b: Whimsicott|Moonblast|p1b: Gengar\n|-resisted|p1b: Gengar|1\n|-damage|p1b: Gengar|0 fnt\n|faint|p1b: Gengar\n|move|p2a: Archaludon|Draco Meteor|p1a: Garchomp\n|-supereffective|p1a: Garchomp|1\n|-damage|p1a: Garchomp|1/100\n|-unboost|p2a: Archaludon|spa|2\n|move|p1a: Garchomp|Earthquake|p2a: Archaludon|[spread] p2a,p2b\n|-supereffective|p2a: Archaludon|1\n|-resisted|p2b: Whimsicott|1\n|-damage|p2a: Archaludon|0 fnt\n|-damage|p2b: Whimsicott|57/100\n|faint|p2a: Archaludon\n|\n|-weather|none\n|upkeep\n|\n|t:|1776302226\n|switch|p2a: Pelipper|Pelipper, L50, M|31/100 psn\n|-weather|RainDance|[from] ability: Drizzle|[of] p2a: Pelipper\n|turn|6\n|\n|t:|1776302232\n|move|p2b: Whimsicott|Moonblast|p1a: Garchomp\n|-supereffective|p1a: Garchomp|1\n|-damage|p1a: Garchomp|0 fnt\n|faint|p1a: Garchomp\n|\n|win|amongdripgoku\n|raw|Clids's rating: 1050 &rarr; <strong>1034</strong><br />(-16 for losing)\n|raw|amongdripgoku's rating: 1070 &rarr; <strong>1098</strong><br />(+28 for winning)\n",
  "uploadtime": 1776302232,
  "views": 18,
  "formatid": "gen9championsvgc2026regma",
  "rating": 1034,
  "private": 0,
  "password": null
}