{
  "id": "gen9championsvgc2026regma-2587716735",
  "format": "[Gen 9 Champions] VGC 2026 Reg M-A",
  "players": [
    "Real_Ajile",
    "Reviewer 2"
  ],
  "log": "|j|\u2606Real_Ajile\n|j|\u2606Reviewer 2\n|t:|1776556858\n|gametype|doubles\n|player|p1|Real_Ajile|2|1305\n|player|p2|Reviewer 2|169|1323\n|gen|9\n|tier|[Gen 9 Champions] VGC 2026 Reg M-A\n|rated|\n|rule|Species Clause: Limit one of each Pok\u00e9mon\n|rule|Item Clause: Limit 1 of each item\n|clearpoke\n|poke|p1|Floette-Eternal, L50, F|\n|poke|p1|Garchomp, L50, F|\n|poke|p1|Kingambit, L50, F|\n|poke|p1|Basculegion, L50, M|\n|poke|p1|Sneasler, L50, F|\n|poke|p1|Froslass, L50, F|\n|poke|p2|Meganium, L50, F|\n|poke|p2|Tyranitar, L50, F|\n|poke|p2|Garchomp, L50, F|\n|poke|p2|Corviknight, L50, F|\n|poke|p2|Rotom-Heat, L50|\n|poke|p2|Milotic, L50, M|\n|teampreview|4\n|inactive|Battle timer is ON: inactive players will automatically lose when time's up. (requested by Reviewer 2)\n|inactive|Reviewer 2 has 60 seconds left.\n|\n|t:|1776556913\n|teamsize|p1|4\n|teamsize|p2|4\n|start\n|switch|p1a: Sneasler|Sneasler, L50, F|100/100\n|switch|p1b: Floette|Floette-Eternal, L50, F|100/100\n|switch|p2a: Rotom|Rotom-Heat, L50|100/100\n|switch|p2b: Corviknight|Corviknight, L50, F|100/100\n|turn|1\n|inactive|Real_Ajile has 30 seconds left.\n|inactive|Reviewer 2 has 30 seconds left.\n|inactive|Real_Ajile has 20 seconds left.\n|inactive|Real_Ajile has 15 seconds left.\n|inactive|Real_Ajile has 10 seconds left.\n|\n|t:|1776556959\n|detailschange|p1b: Floette|Floette-Mega, L50, F\n|-mega|p1b: Floette|Floette|Floettite\n|-ability|p1b: Floette|Fairy Aura\n|move|p1a: Sneasler|Fake Out|p2b: Corviknight\n|-resisted|p2b: Corviknight|1\n|-damage|p2b: Corviknight|94/100\n|-immune|p2b: Corviknight\n|move|p2a: Rotom|Trick||[still]\n|-fail|p2a: Rotom\n|move|p1b: Floette|Light of Ruin|p2a: Rotom\n|-resisted|p2a: Rotom|1\n|-damage|p2a: Rotom|37/100\n|-damage|p1b: Floette|70/100|[from] Recoil\n|cant|p2b: Corviknight|flinch\n|\n|upkeep\n|turn|2\n|inactive|Real_Ajile has 30 seconds left.\n|inactive|Reviewer 2 has 30 seconds left.\n|inactive|Real_Ajile has 20 seconds left.\n|\n|t:|1776556998\n|move|p2a: Rotom|Trick|p1a: Sneasler\n|-activate|p2a: Rotom|move: Trick|[of] p1a: Sneasler\n|-item|p1a: Sneasler|Choice Scarf|[from] move: Trick\n|-item|p2a: Rotom|Focus Sash|[from] move: Trick\n|move|p1a: Sneasler|Close Combat|p2a: Rotom\n|-crit|p2a: Rotom\n|-damage|p2a: Rotom|0 fnt\n|-unboost|p1a: Sneasler|def|1\n|-unboost|p1a: Sneasler|spd|1\n|faint|p2a: Rotom\n|move|p1b: Floette|Light of Ruin|p2b: Corviknight\n|-resisted|p2b: Corviknight|1\n|-damage|p2b: Corviknight|46/100\n|-enditem|p2b: Corviknight|Sitrus Berry|[eat]\n|-heal|p2b: Corviknight|71/100|[from] item: Sitrus Berry\n|-damage|p1b: Floette|39/100|[from] Recoil\n|move|p2b: Corviknight|Tailwind|p2b: Corviknight\n|-sidestart|p2: Reviewer 2|move: Tailwind\n|\n|upkeep\n|\n|t:|1776557009\n|switch|p2a: Garchomp|Garchomp, L50, F|100/100\n|turn|3\n|\n|t:|1776557034\n|move|p1b: Floette|Protect|p1b: Floette\n|-singleturn|p1b: Floette|Protect\n|move|p2a: Garchomp|Earthquake|p1a: Sneasler|[spread] p1a\n|-activate|p1b: Floette|move: Protect\n|-immune|p2b: Corviknight\n|-supereffective|p1a: Sneasler|1\n|-damage|p1a: Sneasler|0 fnt\n|faint|p1a: Sneasler\n|move|p2b: Corviknight|Brave Bird|p1b: Floette\n|-activate|p1b: Floette|move: Protect\n|\n|upkeep\n|\n|t:|1776557043\n|switch|p1a: Kingambit|Kingambit, L50, F|100/100\n|turn|4\n|\n|t:|1776557059\n|switch|p1b: Basculegion|Basculegion, L50, M|100/100\n|move|p1a: Kingambit|Protect|p1a: Kingambit\n|-singleturn|p1a: Kingambit|Protect\n|move|p2a: Garchomp|Earthquake|p1a: Kingambit|[spread] p1b\n|-activate|p1a: Kingambit|move: Protect\n|-immune|p2b: Corviknight\n|-damage|p1b: Basculegion|56/100\n|move|p2b: Corviknight|Brave Bird|p1b: Basculegion\n|-damage|p1b: Basculegion|3/100\n|-enditem|p1b: Basculegion|Sitrus Berry|[eat]\n|-heal|p1b: Basculegion|27/100|[from] item: Sitrus Berry\n|-damage|p2b: Corviknight|52/100|[from] Recoil\n|\n|upkeep\n|turn|5\n|inactive|Real_Ajile has 30 seconds left.\n|inactive|Reviewer 2 has 30 seconds left.\n|\n|t:|1776557092\n|move|p1b: Basculegion|Aqua Jet|p2a: Garchomp\n|-damage|p2a: Garchomp|76/100\n|-damage|p1b: Basculegion|15/100|[from] ability: Rough Skin|[of] p2a: Garchomp\n|move|p1a: Kingambit|Sucker Punch|p2a: Garchomp\n|-damage|p2a: Garchomp|44/100\n|-damage|p1a: Kingambit|88/100|[from] ability: Rough Skin|[of] p2a: Garchomp\n|move|p2a: Garchomp|Earthquake|p1a: Kingambit|[spread] p1a,p1b\n|-immune|p2b: Corviknight\n|-supereffective|p1a: Kingambit|1\n|-damage|p1a: Kingambit|38/100\n|-damage|p1b: Basculegion|0 fnt\n|faint|p1b: Basculegion\n|move|p2b: Corviknight|Roost|p2b: Corviknight\n|-heal|p2b: Corviknight|100/100\n|-singleturn|p2b: Corviknight|move: Roost\n|\n|-sideend|p2: Reviewer 2|move: Tailwind\n|upkeep\n|\n|t:|1776557102\n|switch|p1b: Floette|Floette-Mega, L50, F|39/100\n|-ability|p1b: Floette|Fairy Aura\n|turn|6\n|\n|t:|1776557119\n|move|p2a: Garchomp|Protect|p2a: Garchomp\n|-singleturn|p2a: Garchomp|Protect\n|move|p1b: Floette|Dazzling Gleam|p2a: Garchomp|[spread] p2b\n|-activate|p2a: Garchomp|move: Protect\n|-resisted|p2b: Corviknight|1\n|-damage|p2b: Corviknight|77/100\n|move|p2b: Corviknight|Tailwind|p2b: Corviknight\n|-sidestart|p2: Reviewer 2|move: Tailwind\n|move|p1a: Kingambit|Kowtow Cleave|p2b: Corviknight\n|-damage|p2b: Corviknight|34/100\n|\n|upkeep\n|turn|7\n|\n|t:|1776557135\n|move|p1a: Kingambit|Sucker Punch|p2a: Garchomp\n|-damage|p2a: Garchomp|9/100\n|-damage|p1a: Kingambit|26/100|[from] ability: Rough Skin|[of] p2a: Garchomp\n|move|p2a: Garchomp|Earthquake|p1b: Floette|[spread] p1a,p1b\n|-immune|p2b: Corviknight\n|-supereffective|p1a: Kingambit|1\n|-damage|p1a: Kingambit|0 fnt\n|-damage|p1b: Floette|0 fnt\n|faint|p1a: Kingambit\n|faint|p1b: Floette\n|\n|win|Reviewer 2\n|raw|Real_Ajile's rating: 1305 &rarr; <strong>1286</strong><br />(-19 for losing)\n|raw|Reviewer 2's rating: 1323 &rarr; <strong>1342</strong><br />(+19 for winning)\n|l|\u2606Real_Ajile\n|player|p1|\n",
  "uploadtime": 1776557150,
  "views": 21,
  "formatid": "gen9championsvgc2026regma",
  "rating": 1286,
  "private": 0,
  "password": null
}