{
  "id": "gen9championsvgc2026regma-2581884437",
  "format": "[Gen 9 Champions] VGC 2026 Reg M-A",
  "players": [
    "RadarUndetectable",
    "renjiNL"
  ],
  "log": "|j|\u2606RadarUndetectable\n|j|\u2606renjiNL\n|t:|1776036594\n|gametype|doubles\n|player|p1|RadarUndetectable|dawn|1040\n|player|p2|renjiNL|265|1000\n|gen|9\n|tier|[Gen 9 Champions] VGC 2026 Reg M-A\n|rated|\n|rule|Species Clause: Limit one of each Pok\u00e9mon\n|rule|Item Clause: Limit 1 of each item\n|clearpoke\n|poke|p1|Zoroark-Hisui, L50, M|\n|poke|p1|Altaria, L50, F|\n|poke|p1|Kingambit, L50, M|\n|poke|p1|Sinistcha, L50|\n|poke|p1|Audino, L50, M|\n|poke|p1|Gengar, L50, M|\n|poke|p2|Audino, L50, M|\n|poke|p2|Sandaconda, L50, F|\n|poke|p2|Tyranitar, L50, M|\n|poke|p2|Lopunny, L50, M|\n|poke|p2|Chesnaught, L50, F|\n|teampreview|4\n|inactive|Battle timer is ON: inactive players will automatically lose when time's up. (requested by renjiNL)\n|inactive|RadarUndetectable has 60 seconds left.\n|\n|t:|1776036639\n|teamsize|p1|4\n|teamsize|p2|4\n|start\n|switch|p1a: Altaria|Altaria, L50, F|100/100\n|switch|p1b: Kingambit|Kingambit, L50, M|100/100\n|switch|p2a: Audino|Audino, L50, M|100/100\n|switch|p2b: Lopunny|Lopunny, L50, M|100/100\n|-ability|p1a: Altaria|Cloud Nine\n|turn|1\n|\n|t:|1776036662\n|move|p1b: Kingambit|Protect|p1b: Kingambit\n|-singleturn|p1b: Kingambit|Protect\n|move|p1a: Altaria|Protect|p1a: Altaria\n|-singleturn|p1a: Altaria|Protect\n|move|p2b: Lopunny|Cotton Guard|p2b: Lopunny\n|-boost|p2b: Lopunny|def|3\n|move|p2a: Audino|Simple Beam|p2b: Lopunny\n|-ability|p2b: Lopunny|Simple|Cute Charm|[from] move: Simple Beam\n|\n|upkeep\n|turn|2\n|inactive|RadarUndetectable has 30 seconds left.\n|inactive|renjiNL has 30 seconds left.\n|\n|t:|1776036697\n|move|p1b: Kingambit|Low Kick|p2b: Lopunny\n|-supereffective|p2b: Lopunny|1\n|-damage|p2b: Lopunny|84/100\n|move|p1a: Altaria|Dragon Dance|p1a: Altaria\n|-boost|p1a: Altaria|atk|1\n|-boost|p1a: Altaria|spe|1\n|move|p2b: Lopunny|High Jump Kick|p1b: Kingambit\n|-immune|p1b: Kingambit\n|-damage|p2b: Lopunny|34/100|[from] highjumpkick\n|move|p2a: Audino|Thunder Wave|p1a: Altaria\n|-status|p1a: Altaria|par\n|\n|-heal|p2b: Lopunny|40/100|[from] item: Leftovers\n|upkeep\n|turn|3\n|inactive|RadarUndetectable has 30 seconds left.\n|inactive|renjiNL has 30 seconds left.\n|inactive|RadarUndetectable has 20 seconds left.\n|c|\u2606renjiNL|how immune?\n|inactive|RadarUndetectable has 15 seconds left.\n|inactive|RadarUndetectable has 10 seconds left.\n|inactive|RadarUndetectable has 5 seconds left.\n|\n|t:|1776036749\n|detailschange|p1a: Altaria|Altaria-Mega, L50, F\n|-mega|p1a: Altaria|Altaria|Altarianite\n|move|p1b: Kingambit|Low Kick|p2b: Lopunny\n|-supereffective|p2b: Lopunny|1\n|-damage|p2b: Lopunny|24/100\n|move|p2a: Audino|Thunder Wave|p1b: Kingambit\n|-status|p1b: Kingambit|par\n|move|p2b: Lopunny|Baton Pass|p2b: Lopunny\n|\n|t:|1776036757\n|switch|p2b: Chesnaught|Chesnaught, L50, F|100/100|[from] Baton Pass\n|move|p1a: Altaria|Double-Edge|p2b: Chesnaught\n|-supereffective|p2b: Chesnaught|1\n|-damage|p2b: Chesnaught|45/100\n|-damage|p1a: Altaria|77/100 par|[from] Recoil\n|\n|upkeep\n|turn|4\n|\n|t:|1776036779\n|detailschange|p2b: Chesnaught|Chesnaught-Mega, L50, F\n|-mega|p2b: Chesnaught|Chesnaught|Chesnaughtite\n|move|p2a: Audino|Encore|p1a: Altaria\n|-start|p1a: Altaria|Encore\n|move|p1a: Altaria|Double-Edge|p2a: Audino\n|-enditem|p2a: Audino|Focus Sash\n|-damage|p2a: Audino|1/100\n|-damage|p1a: Altaria|31/100 par|[from] Recoil\n|move|p1b: Kingambit|Poltergeist|p2b: Chesnaught\n|-activate|p2b: Chesnaught|move: Poltergeist|Chesnaughtite\n|-damage|p2b: Chesnaught|35/100\n|move|p2b: Chesnaught|Body Press|p1b: Kingambit\n|-immune|p1b: Kingambit\n|\n|upkeep\n|turn|5\n|inactive|RadarUndetectable has 30 seconds left.\n|inactive|renjiNL has 30 seconds left.\n|inactive|RadarUndetectable has 20 seconds left.\n|\n|t:|1776036817\n|move|p2a: Audino|Safeguard|p2a: Audino\n|-sidestart|p2: renjiNL|Safeguard\n|move|p1a: Altaria|Double-Edge|p2b: Chesnaught\n|-supereffective|p2b: Chesnaught|1\n|-damage|p2b: Chesnaught|0 fnt\n|faint|p2b: Chesnaught\n|-damage|p1a: Altaria|17/100 par|[from] Recoil\n|move|p1b: Kingambit|Poltergeist||[still]\n|-fail|p1b: Kingambit\n|\n|upkeep\n|\n|t:|1776036825\n|switch|p2b: Sandaconda|Sandaconda, L50, F|100/100\n|turn|6\n|inactive|RadarUndetectable has 30 seconds left.\n|\n|t:|1776036851\n|move|p2a: Audino|Simple Beam|p2b: Sandaconda\n|-ability|p2b: Sandaconda|Simple|Sand Veil|[from] move: Simple Beam\n|move|p2b: Sandaconda|Minimize|p2b: Sandaconda\n|-boost|p2b: Sandaconda|evasion|4\n|move|p1a: Altaria|Double-Edge|p2b: Sandaconda\n|-damage|p2b: Sandaconda|17/100\n|-damage|p1a: Altaria|0 fnt|[from] Recoil\n|faint|p1a: Altaria\n|move|p1b: Kingambit|Poltergeist|p2b: Sandaconda\n|-activate|p2b: Sandaconda|move: Poltergeist|Bright Powder\n|-damage|p2b: Sandaconda|0 fnt\n|faint|p2b: Sandaconda\n|\n|upkeep\n|\n|t:|1776036872\n|switch|p1a: Sinistcha|Sinistcha, L50|100/100\n|switch|p2b: Lopunny|Lopunny, L50, M|24/100\n|turn|7\n|\n|t:|1776036881\n|move|p1b: Kingambit|Protect|p1b: Kingambit\n|-singleturn|p1b: Kingambit|Protect\n|move|p2a: Audino|Simple Beam|p2b: Lopunny\n|-ability|p2b: Lopunny|Simple|Cute Charm|[from] move: Simple Beam\n|move|p2b: Lopunny|High Jump Kick|p1a: Sinistcha\n|-immune|p1a: Sinistcha\n|-damage|p2b: Lopunny|0 fnt|[from] highjumpkick\n|faint|p2b: Lopunny\n|move|p1a: Sinistcha|Matcha Gotcha|p2a: Audino\n|-damage|p2a: Audino|0 fnt\n|faint|p2a: Audino\n|\n|win|RadarUndetectable\n|raw|RadarUndetectable's rating: 1040 &rarr; <strong>1070</strong><br />(+30 for winning)\n|raw|renjiNL's rating: 1000 &rarr; <strong>1000</strong><br />(+0 for losing)\n|l|\u2606renjiNL\n|player|p2|\n",
  "uploadtime": 1776036907,
  "views": 10,
  "formatid": "gen9championsvgc2026regma",
  "rating": 1000,
  "private": 0,
  "password": null
}