{
  "id": "gen9championsvgc2026regma-2582542568",
  "format": "[Gen 9 Champions] VGC 2026 Reg M-A",
  "players": [
    "Madamarcy",
    "Plushy65"
  ],
  "log": "|j|\u2606Madamarcy\n|j|\u2606Plushy65\n|html|<table width=\"100%\"><tr><td align=\"left\">Madamarcy</td><td align=\"right\">Plushy65</tr><tr><td align=\"left\"><i class=\"fa fa-circle-o\"></i> <i class=\"fa fa-circle-o\"></i> </td><td align=\"right\"><i class=\"fa fa-circle-o\"></i> <i class=\"fa fa-circle-o\"></i> </tr></table>\n|uhtml|bestof|<h2><strong>Game 1</strong> of <a href=\"/game-bestof3-gen9championsvgc2026regma-2582542567\">a best-of-3</a></h2>\n|t:|1776098307\n|gametype|doubles\n|player|p1|Madamarcy|jacinthe|\n|player|p2|Plushy65|harlequin|\n|gen|9\n|tier|[Gen 9 Champions] VGC 2026 Reg M-A\n|rule|Species Clause: Limit one of each Pok\u00e9mon\n|rule|Item Clause: Limit 1 of each item\n|raw|<div class=\"infobox\"><details class=\"readmore\" open><summary><strong>1 custom rule:</strong></summary> Best of = 3</details></div>\n|clearpoke\n|poke|p1|Farigiraf, L50, M|\n|poke|p1|Incineroar, L50, M|\n|poke|p1|Torkoal, L50, F|\n|poke|p1|Crabominable, L50, F|\n|poke|p1|Basculegion, L50, M|\n|poke|p1|Ninetales-Alola, L50, M|\n|poke|p2|Farigiraf, L50, F|\n|poke|p2|Crabominable, L50, F|\n|poke|p2|Sinistcha, L50|\n|poke|p2|Primarina, L50, F|\n|poke|p2|Corviknight, L50, F|\n|poke|p2|Incineroar, L50, M|\n|teampreview|4\nPlushy65 has agreed to open team sheets.\nMadamarcy has agreed to open team sheets.\n|showteam|p1|Farigiraf||SitrusBerry|ArmorTail|TrickRoom,HelpingHand,HyperVoice,Psychic|||M|||50|]Incineroar||ChopleBerry|Intimidate|FakeOut,WillOWisp,FlareBlitz,PartingShot|||M|||50|]Torkoal||Charcoal|Drought|Eruption,HeatWave,Overheat,Protect|||F|||50|]Crabominable||Crabominite|HyperCutter|IceHammer,DrainPunch,MachPunch,Protect|||F|||50|]Basculegion||ChoiceScarf|Adaptability|LastRespects,FlipTurn,WaveCrash,Liquidation|||M|||50|]Ninetales-Alola||FocusSash|SnowWarning|Blizzard,AuroraVeil,Encore,Protect|||M|||50|\n|showteam|p2|Farigiraf||FocusSash|ArmorTail|TrickRoom,HyperVoice,HelpingHand,Protect|||F|||50|]Crabominable||Crabominite|IronFist|IceHammer,DrainPunch,RockSlide,Protect|||F|||50|]Sinistcha||ColburBerry|Hospitality|RagePowder,Protect,ShadowBall,MatchaGotcha||||||50|]Primarina||FairyFeather|Torrent|SparklingAria,Moonblast,PsychicNoise,DrainingKiss|||F|||50|]Corviknight||Leftovers|MirrorArmor|Protect,BodyPress,DualWingbeat,Roost|||F|||50|]Incineroar||SitrusBerry|Intimidate|FlareBlitz,FakeOut,PartingShot,DarkestLariat|||M|||50|\n|\n|t:|1776098398\n|teamsize|p1|4\n|teamsize|p2|4\n|start\n|switch|p1a: Basculegion|Basculegion, L50, M|100/100\n|switch|p1b: Crabominable|Crabominable, L50, F|100/100\n|switch|p2a: Incineroar|Incineroar, L50, M, shiny|100/100\n|switch|p2b: Crabominable|Crabominable, L50, F|100/100\n|-ability|p2a: Incineroar|Intimidate|boost\n|-unboost|p1a: Basculegion|atk|1\n|-fail|p1b: Crabominable|unboost|Attack|[from] ability: Hyper Cutter|[of] p1b: Crabominable\n|turn|1\n|\n|t:|1776098434\n|detailschange|p2b: Crabominable|Crabominable-Mega, L50, F\n|-mega|p2b: Crabominable|Crabominable|Crabominite\n|move|p1b: Crabominable|Protect|p1b: Crabominable\n|-singleturn|p1b: Crabominable|Protect\n|move|p2a: Incineroar|Fake Out|p1b: Crabominable\n|-activate|p1b: Crabominable|move: Protect\n|move|p1a: Basculegion|Flip Turn|p2a: Incineroar\n|-supereffective|p2a: Incineroar|1\n|-damage|p2a: Incineroar|53/100\n|\n|t:|1776098443\n|switch|p1a: Incineroar|Incineroar, L50, M|100/100|[from] Flip Turn\n|-ability|p1a: Incineroar|Intimidate|boost\n|-unboost|p2a: Incineroar|atk|1\n|-unboost|p2b: Crabominable|atk|1\n|move|p2b: Crabominable|Drain Punch|p1b: Crabominable\n|-activate|p1b: Crabominable|move: Protect\n|\n|upkeep\n|turn|2\n|\n|t:|1776098475\n|switch|p2b: Corviknight|Corviknight, L50, F, shiny|100/100\n|detailschange|p1b: Crabominable|Crabominable-Mega, L50, F\n|-mega|p1b: Crabominable|Crabominable|Crabominite\n|move|p1a: Incineroar|Fake Out|p2b: Corviknight\n|-resisted|p2b: Corviknight|1\n|-damage|p2b: Corviknight|97/100\n|move|p2a: Incineroar|Parting Shot|p1b: Crabominable\n|-unboost|p1b: Crabominable|atk|1\n|-unboost|p1b: Crabominable|spa|1\n|\n|t:|1776098487\n|switch|p2a: Sinistcha|Sinistcha, L50|100/100|[from] Parting Shot\n|-heal|p2b: Corviknight|100/100|[from] ability: Hospitality|[of] p2a: Sinistcha\n|move|p1b: Crabominable|Drain Punch|p2a: Sinistcha\n|-immune|p2a: Sinistcha\n|\n|upkeep\n|turn|3\n|\n|t:|1776098509\n|move|p2a: Sinistcha|Matcha Gotcha|p1a: Incineroar|[spread] p1a,p1b\n|-resisted|p1a: Incineroar|1\n|-damage|p1a: Incineroar|89/100\n|-damage|p1b: Crabominable|75/100\n|-status|p1b: Crabominable|brn\n|move|p2b: Corviknight|Body Press|p1a: Incineroar\n|-supereffective|p1a: Incineroar|1\n|-enditem|p1a: Incineroar|Chople Berry|[eat]\n|-enditem|p1a: Incineroar|Chople Berry|[weaken]\n|-damage|p1a: Incineroar|66/100\n|move|p1a: Incineroar|Will-O-Wisp|p2a: Sinistcha\n|-status|p2a: Sinistcha|brn\n|move|p1b: Crabominable|Ice Hammer|p2a: Sinistcha\n|-supereffective|p2a: Sinistcha|1\n|-damage|p2a: Sinistcha|57/100 brn\n|-unboost|p1b: Crabominable|spe|1\n|\n|-damage|p2a: Sinistcha|50/100 brn|[from] brn\n|-damage|p1b: Crabominable|69/100 brn|[from] brn\n|upkeep\n|turn|4\n|\n|t:|1776098533\n|move|p2a: Sinistcha|Protect|p2a: Sinistcha\n|-singleturn|p2a: Sinistcha|Protect\n|move|p1b: Crabominable|Protect|p1b: Crabominable\n|-singleturn|p1b: Crabominable|Protect\n|move|p2b: Corviknight|Body Press|p1a: Incineroar\n|-supereffective|p1a: Incineroar|1\n|-damage|p1a: Incineroar|26/100\n|move|p1a: Incineroar|Parting Shot|p2a: Sinistcha\n|-activate|p2a: Sinistcha|move: Protect\n|\n|-damage|p2a: Sinistcha|44/100 brn|[from] brn\n|-damage|p1b: Crabominable|63/100 brn|[from] brn\n|upkeep\n|turn|5\n|\n|t:|1776098547\n|switch|p2a: Incineroar|Incineroar, L50, M, shiny|53/100\n|-ability|p2a: Incineroar|Intimidate|boost\n|-unboost|p1a: Incineroar|atk|1\n|-unboost|p1b: Crabominable|atk|1\n|switch|p1a: Farigiraf|Farigiraf, L50, M|100/100\n|move|p2b: Corviknight|Body Press|p1a: Farigiraf\n|-damage|p1a: Farigiraf|83/100\n|move|p1b: Crabominable|Ice Hammer|p2a: Incineroar\n|-resisted|p2a: Incineroar|1\n|-damage|p2a: Incineroar|43/100\n|-unboost|p1b: Crabominable|spe|1\n|-enditem|p2a: Incineroar|Sitrus Berry|[eat]\n|-heal|p2a: Incineroar|68/100|[from] item: Sitrus Berry\n|\n|-damage|p1b: Crabominable|57/100 brn|[from] brn\n|upkeep\n|turn|6\n|\n|t:|1776098572\n|move|p2b: Corviknight|Dual Wingbeat|p1b: Crabominable\n|-supereffective|p1b: Crabominable|1\n|-damage|p1b: Crabominable|36/100 brn\n|-supereffective|p1b: Crabominable|1\n|-damage|p1b: Crabominable|17/100 brn\n|-hitcount|p1b: Crabominable|2\n|move|p2a: Incineroar|Darkest Lariat|p1a: Farigiraf\n|-supereffective|p1a: Farigiraf|1\n|-damage|p1a: Farigiraf|37/100\n|-enditem|p1a: Farigiraf|Sitrus Berry|[eat]\n|-heal|p1a: Farigiraf|62/100|[from] item: Sitrus Berry\n|move|p1a: Farigiraf|Hyper Voice|p2b: Corviknight|[spread] p2a,p2b\n|-resisted|p2b: Corviknight|1\n|-damage|p2a: Incineroar|51/100\n|-damage|p2b: Corviknight|87/100\n|move|p1b: Crabominable|Drain Punch|p2a: Incineroar\n|-supereffective|p2a: Incineroar|1\n|-damage|p2a: Incineroar|20/100\n|-heal|p1b: Crabominable|33/100 brn|[from] drain|[of] p2a: Incineroar\n|\n|-heal|p2b: Corviknight|93/100|[from] item: Leftovers\n|-damage|p1b: Crabominable|27/100 brn|[from] brn\n|upkeep\n|turn|7\n|\n|t:|1776098614\n|move|p1a: Farigiraf|Helping Hand|p1b: Crabominable\n|-singleturn|p1b: Crabominable|Helping Hand|[of] p1a: Farigiraf\n|move|p2b: Corviknight|Protect|p2b: Corviknight\n|-singleturn|p2b: Corviknight|Protect\n|move|p1b: Crabominable|Mach Punch|p2a: Incineroar\n|-supereffective|p2a: Incineroar|1\n|-damage|p2a: Incineroar|0 fnt\n|faint|p2a: Incineroar\n|\n|-heal|p2b: Corviknight|99/100|[from] item: Leftovers\n|-damage|p1b: Crabominable|21/100 brn|[from] brn\n|upkeep\n|\n|t:|1776098626\n|switch|p2a: Crabominable|Crabominable-Mega, L50, F|100/100\n|turn|8\n|\n|t:|1776098638\n|move|p1b: Crabominable|Mach Punch|p2a: Crabominable\n|-supereffective|p2a: Crabominable|1\n|-damage|p2a: Crabominable|88/100\n|move|p2b: Corviknight|Dual Wingbeat|p1b: Crabominable\n|-supereffective|p1b: Crabominable|1\n|-damage|p1b: Crabominable|0 fnt\n|faint|p1b: Crabominable\n|-hitcount|p1: Crabominable|1\n|move|p1a: Farigiraf|Psychic|p2a: Crabominable\n|-supereffective|p2a: Crabominable|1\n|-crit|p2a: Crabominable\n|-damage|p2a: Crabominable|6/100\n|move|p2a: Crabominable|Rock Slide|p1a: Farigiraf\n|-damage|p1a: Farigiraf|40/100\n|\n|-heal|p2b: Corviknight|100/100|[from] item: Leftovers\n|upkeep\n|\n|t:|1776098646\n|switch|p1b: Basculegion|Basculegion, L50, M|100/100\n|turn|9\n|\n|t:|1776098662\n|move|p2a: Crabominable|Protect|p2a: Crabominable\n|-singleturn|p2a: Crabominable|Protect\n|move|p1b: Basculegion|Last Respects|p2b: Corviknight\n|-crit|p2b: Corviknight\n|-damage|p2b: Corviknight|43/100\n|move|p2b: Corviknight|Dual Wingbeat|p1a: Farigiraf\n|-damage|p1a: Farigiraf|31/100\n|-damage|p1a: Farigiraf|22/100\n|-hitcount|p1a: Farigiraf|2\n|move|p1a: Farigiraf|Hyper Voice|p2a: Crabominable|[spread] p2b\n|-activate|p2a: Crabominable|move: Protect\n|-resisted|p2b: Corviknight|1\n|-damage|p2b: Corviknight|31/100\n|\n|-heal|p2b: Corviknight|37/100|[from] item: Leftovers\n|upkeep\n|turn|10\n|\n|t:|1776098684\n|move|p1b: Basculegion|Last Respects|p2b: Corviknight\n|-damage|p2b: Corviknight|0 fnt\n|faint|p2b: Corviknight\n|move|p1a: Farigiraf|Hyper Voice|p2a: Crabominable\n|-damage|p2a: Crabominable|0 fnt\n|faint|p2a: Crabominable\n|\n|upkeep\n|\n|t:|1776098688\n|switch|p2a: Sinistcha|Sinistcha, L50|44/100 brn\n|turn|11\n|\n|t:|1776098693\n|move|p1a: Farigiraf|Helping Hand|p1b: Basculegion\n|-singleturn|p1b: Basculegion|Helping Hand|[of] p1a: Farigiraf\n|move|p1b: Basculegion|Last Respects|p2a: Sinistcha\n|-supereffective|p2a: Sinistcha|1\n|-damage|p2a: Sinistcha|0 fnt\n|faint|p2a: Sinistcha\n|\n|win|Madamarcy\n",
  "uploadtime": 1776098695,
  "views": 8,
  "formatid": "gen9championsvgc2026regma",
  "rating": null,
  "private": 0,
  "password": null
}