{
  "id": "gen9championsvgc2026regma-2585059361",
  "format": "[Gen 9 Champions] VGC 2026 Reg M-A",
  "players": [
    "gimeabreak01",
    "tpgame1100"
  ],
  "log": "|j|\u2606gimeabreak01\n|j|\u2606tpgame1100\n|t:|1776307636\n|gametype|doubles\n|player|p1|gimeabreak01|clown|1154\n|player|p2|tpgame1100|265|1114\n|gen|9\n|tier|[Gen 9 Champions] VGC 2026 Reg M-A\n|rated|\n|rule|Species Clause: Limit one of each Pok\u00e9mon\n|rule|Item Clause: Limit 1 of each item\n|clearpoke\n|poke|p1|Hawlucha, L50, M|\n|poke|p1|Weavile, L50, M|\n|poke|p1|Whimsicott, L50, M|\n|poke|p1|Kingambit, L50, M|\n|poke|p1|Tyranitar, L50, F|\n|poke|p1|Excadrill, L50, M|\n|poke|p2|Froslass, L50, F|\n|poke|p2|Palafin, L50, F|\n|poke|p2|Maushold, L50|\n|poke|p2|Garchomp, L50, F|\n|poke|p2|Talonflame, L50, M|\n|poke|p2|Tinkaton, L50, F|\n|teampreview|4\n|\n|t:|1776307658\n|teamsize|p1|4\n|teamsize|p2|4\n|start\n|switch|p1a: Hawlucha|Hawlucha, L50, M|100/100\n|switch|p1b: Kingambit|Kingambit, L50, M|100/100\n|switch|p2a: Garchomp|Garchomp, L50, F|100/100\n|switch|p2b: Palafin|Palafin, L50, F|100/100\n|turn|1\n|\n|t:|1776307673\n|detailschange|p2b: Palafin|Palafin-Hero, L50, F\n|switch|p2b: Tinkaton|Tinkaton, L50, F|100/100\n|-ability|p2b: Tinkaton|Mold Breaker\n|detailschange|p1a: Hawlucha|Hawlucha-Mega, L50, M\n|-mega|p1a: Hawlucha|Hawlucha|Hawluchanite\n|move|p1a: Hawlucha|Entrainment|p1b: Kingambit\n|-ability|p1b: Kingambit|No Guard|Defiant|[from] move: Entrainment|[of] p1a: Hawlucha\n|move|p2a: Garchomp|Swords Dance|p2a: Garchomp\n|-boost|p2a: Garchomp|atk|2\n|move|p1b: Kingambit|Guillotine|p2a: Garchomp\n|-damage|p2a: Garchomp|0 fnt\n|faint|p2a: Garchomp\n|-ohko\n|\n|upkeep\n|\n|t:|1776307680\n|switch|p2a: Palafin|Palafin-Hero, L50, F|100/100\n|-activate|p2a: Palafin|ability: Zero to Hero\n|turn|2\n|\n|t:|1776307700\n|switch|p1a: Whimsicott|Whimsicott, L50, M|100/100\n|move|p2b: Tinkaton|Fake Out|p1b: Kingambit\n|-resisted|p1b: Kingambit|1\n|-damage|p1b: Kingambit|97/100\n|move|p2a: Palafin|Bulk Up|p2a: Palafin\n|-boost|p2a: Palafin|atk|1\n|-boost|p2a: Palafin|def|1\n|cant|p1b: Kingambit|flinch\n|\n|-heal|p1b: Kingambit|100/100|[from] item: Leftovers\n|upkeep\n|turn|3\n|\n|t:|1776307716\n|move|p1a: Whimsicott|Light Screen|p1a: Whimsicott\n|-sidestart|p1: gimeabreak01|move: Light Screen\n|move|p2a: Palafin|Drain Punch|p1b: Kingambit\n|-supereffective|p1b: Kingambit|2\n|-damage|p1b: Kingambit|0 fnt\n|faint|p1b: Kingambit\n|move|p2b: Tinkaton|Gigaton Hammer|p1a: Whimsicott\n|-supereffective|p1a: Whimsicott|1\n|-enditem|p1a: Whimsicott|Focus Sash\n|-damage|p1a: Whimsicott|1/100\n|\n|upkeep\n|\n|t:|1776307725\n|switch|p1b: Weavile|Weavile, L50, M|100/100\n|-ability|p1b: Weavile|Pressure\n|turn|4\n|\n|t:|1776307736\n|move|p1b: Weavile|Fake Out|p2b: Tinkaton\n|-resisted|p2b: Tinkaton|1\n|-damage|p2b: Tinkaton|92/100\n|move|p2a: Palafin|Jet Punch|p1a: Whimsicott\n|-resisted|p1a: Whimsicott|1\n|-damage|p1a: Whimsicott|0 fnt\n|faint|p1a: Whimsicott\n|cant|p2b: Tinkaton|flinch\n|\n|upkeep\n|\n|t:|1776307744\n|switch|p1a: Hawlucha|Hawlucha-Mega, L50, M|100/100\n|turn|5\n|\n|t:|1776307751\n|move|p2b: Tinkaton|Helping Hand|p2a: Palafin\n|-singleturn|p2a: Palafin|Helping Hand|[of] p2b: Tinkaton\n|move|p1a: Hawlucha|Detect|p1a: Hawlucha\n|-singleturn|p1a: Hawlucha|Protect\n|move|p2a: Palafin|Jet Punch|p1b: Weavile\n|-damage|p1b: Weavile|0 fnt\n|faint|p1b: Weavile\n|\n|upkeep\n|turn|6\n|-message|gimeabreak01 forfeited.\n|\n|win|tpgame1100\n|raw|gimeabreak01's rating: 1154 &rarr; <strong>1126</strong><br />(-28 for losing)\n|raw|tpgame1100's rating: 1114 &rarr; <strong>1142</strong><br />(+28 for winning)\n|l|\u2606gimeabreak01\n|player|p1|\n",
  "uploadtime": 1776307770,
  "views": 22,
  "formatid": "gen9championsvgc2026regma",
  "rating": 1126,
  "private": 0,
  "password": null
}