{
  "id": "gen9championsvgc2026regma-2582741763",
  "format": "[Gen 9 Champions] VGC 2026 Reg M-A",
  "players": [
    "koebel",
    "gipsydanger5627"
  ],
  "log": "|j|\u2606koebel\n|j|\u2606gipsydanger5627\n|t:|1776110926\n|gametype|doubles\n|player|p1|koebel|1|1106\n|player|p2|gipsydanger5627|170|1089\n|gen|9\n|tier|[Gen 9 Champions] VGC 2026 Reg M-A\n|rated|\n|rule|Species Clause: Limit one of each Pok\u00e9mon\n|rule|Item Clause: Limit 1 of each item\n|clearpoke\n|poke|p1|Tyranitar, L50, M|\n|poke|p1|Corviknight, L50, F|\n|poke|p1|Sinistcha, L50|\n|poke|p1|Excadrill, L50, F|\n|poke|p1|Primarina, L50, F|\n|poke|p1|Incineroar, L50, F|\n|poke|p2|Drampa, L50, F|\n|poke|p2|Farigiraf, L50, M|\n|poke|p2|Aggron, L50, M|\n|poke|p2|Incineroar, L50, F|\n|poke|p2|Sinistcha-Masterpiece, L50|\n|poke|p2|Garchomp, L50, F|\n|teampreview|4\n|\n|t:|1776110958\n|teamsize|p1|4\n|teamsize|p2|4\n|start\n|switch|p1a: Incineroar|Incineroar, L50, F|100/100\n|switch|p1b: Sinistcha|Sinistcha, L50|100/100\n|switch|p2a: Farigiraf|Farigiraf, L50, M|100/100\n|switch|p2b: Garchomp|Garchomp, L50, F|100/100\n|-ability|p1a: Incineroar|Intimidate|boost\n|-unboost|p2a: Farigiraf|atk|1\n|-unboost|p2b: Garchomp|atk|1\n|turn|1\n|\n|t:|1776110977\n|move|p1b: Sinistcha|Rage Powder|p1b: Sinistcha\n|-singleturn|p1b: Sinistcha|move: Rage Powder\n|move|p1a: Incineroar|Darkest Lariat|p2a: Farigiraf\n|-supereffective|p2a: Farigiraf|1\n|-enditem|p2a: Farigiraf|Colbur Berry|[eat]\n|-enditem|p2a: Farigiraf|Colbur Berry|[weaken]\n|-damage|p2a: Farigiraf|71/100\n|move|p2b: Garchomp|Stealth Rock|p1a: Incineroar\n|-sidestart|p1: koebel|move: Stealth Rock\n|move|p2a: Farigiraf|Dazzling Gleam|p1a: Incineroar|[spread] p1a,p1b\n|-damage|p1a: Incineroar|85/100\n|-damage|p1b: Sinistcha|84/100\n|\n|upkeep\n|turn|2\n|\n|t:|1776110991\n|move|p2a: Farigiraf|Protect|p2a: Farigiraf\n|-singleturn|p2a: Farigiraf|Protect\n|move|p1a: Incineroar|Darkest Lariat|p2a: Farigiraf\n|-activate|p2a: Farigiraf|move: Protect\n|move|p2b: Garchomp|Earthquake|p1a: Incineroar|[spread] p1a,p1b\n|-activate|p2a: Farigiraf|move: Protect\n|-supereffective|p1a: Incineroar|1\n|-enditem|p1a: Incineroar|Shuca Berry|[eat]\n|-enditem|p1a: Incineroar|Shuca Berry|[weaken]\n|-resisted|p1b: Sinistcha|1\n|-damage|p1a: Incineroar|63/100\n|-damage|p1b: Sinistcha|75/100\n|move|p1b: Sinistcha|Matcha Gotcha|p2a: Farigiraf|[spread] p2b\n|-activate|p2a: Farigiraf|move: Protect\n|-damage|p2b: Garchomp|81/100\n|-heal|p1b: Sinistcha|87/100|[from] drain|[of] p2b: Garchomp\n|\n|upkeep\n|turn|3\n|\n|t:|1776111020\n|move|p1a: Incineroar|Darkest Lariat|p2a: Farigiraf\n|-supereffective|p2a: Farigiraf|1\n|-damage|p2a: Farigiraf|12/100\n|move|p2b: Garchomp|Draco Meteor|p1b: Sinistcha\n|-damage|p1b: Sinistcha|43/100\n|-unboost|p2b: Garchomp|spa|2\n|-enditem|p1b: Sinistcha|Sitrus Berry|[eat]\n|-heal|p1b: Sinistcha|68/100|[from] item: Sitrus Berry\n|move|p1b: Sinistcha|Matcha Gotcha|p2a: Farigiraf|[spread] p2b\n|-miss|p1b: Sinistcha|p2a: Farigiraf\n|-damage|p2b: Garchomp|61/100\n|-heal|p1b: Sinistcha|79/100|[from] drain|[of] p2b: Garchomp\n|-status|p2b: Garchomp|brn\n|move|p2a: Farigiraf|Trick Room|p2a: Farigiraf\n|-fieldstart|move: Trick Room|[of] p2a: Farigiraf\n|\n|-damage|p2b: Garchomp|55/100 brn|[from] brn\n|upkeep\n|turn|4\n|\n|t:|1776111052\n|move|p2a: Farigiraf|Dazzling Gleam|p1b: Sinistcha|[spread] p1a,p1b\n|-damage|p1a: Incineroar|48/100\n|-damage|p1b: Sinistcha|62/100\n|move|p1b: Sinistcha|Matcha Gotcha|p2a: Farigiraf|[spread] p2a\n|-miss|p1b: Sinistcha|p2b: Garchomp\n|-crit|p2a: Farigiraf\n|-damage|p2a: Farigiraf|0 fnt\n|-heal|p1b: Sinistcha|70/100|[from] drain|[of] p2a: Farigiraf\n|faint|p2a: Farigiraf\n|move|p2b: Garchomp|Earthquake|p1b: Sinistcha|[spread] p1a,p1b\n|-supereffective|p1a: Incineroar|1\n|-resisted|p1b: Sinistcha|1\n|-damage|p1a: Incineroar|25/100\n|-damage|p1b: Sinistcha|66/100\n|move|p1a: Incineroar|Parting Shot|p2b: Garchomp\n|-unboost|p2b: Garchomp|atk|1\n|-unboost|p2b: Garchomp|spa|1\n|\n|t:|1776111071\n|switch|p1a: Tyranitar|Tyranitar, L50, M|100/100|[from] Parting Shot\n|-damage|p1a: Tyranitar|88/100|[from] Stealth Rock\n|-weather|Sandstorm|[from] ability: Sand Stream|[of] p1a: Tyranitar\n|\n|-weather|Sandstorm|[upkeep]\n|-damage|p1b: Sinistcha|60/100|[from] Sandstorm\n|-damage|p2b: Garchomp|49/100 brn|[from] brn\n|upkeep\n|\n|t:|1776111082\n|switch|p2a: Aggron|Aggron, L50, M|100/100\n|turn|5\n|\n|t:|1776111115\n|switch|p1b: Incineroar|Incineroar, L50, F|25/100\n|-damage|p1b: Incineroar|0 fnt|[from] Stealth Rock\n|faint|p1b: Incineroar\n|switch|p2b: Sinistcha|Sinistcha-Masterpiece, L50|100/100\n|detailschange|p2a: Aggron|Aggron-Mega, L50, M\n|-mega|p2a: Aggron|Aggron|Aggronite\n|move|p2a: Aggron|Iron Defense|p2a: Aggron\n|-boost|p2a: Aggron|def|2\n|move|p1a: Tyranitar|Low Kick|p2a: Aggron\n|-supereffective|p2a: Aggron|1\n|-damage|p2a: Aggron|89/100\n|\n|-weather|Sandstorm|[upkeep]\n|-damage|p2b: Sinistcha|94/100|[from] Sandstorm\n|upkeep\n|\n|t:|1776111139\n|switch|p1b: Excadrill|Excadrill, L50, F|100/100\n|-damage|p1b: Excadrill|98/100|[from] Stealth Rock\n|turn|6\n|\n|t:|1776111165\n|detailschange|p1a: Tyranitar|Tyranitar-Mega, L50, M\n|-mega|p1a: Tyranitar|Tyranitar|Tyranitarite\n|move|p2b: Sinistcha|Rage Powder|p2b: Sinistcha\n|-singleturn|p2b: Sinistcha|move: Rage Powder\n|move|p2a: Aggron|Body Press|p1b: Excadrill\n|-supereffective|p1b: Excadrill|1\n|-damage|p1b: Excadrill|0 fnt\n|faint|p1b: Excadrill\n|move|p1a: Tyranitar|Low Kick|p2b: Sinistcha\n|-immune|p2b: Sinistcha\n|\n|-weather|Sandstorm|[upkeep]\n|-damage|p2b: Sinistcha|88/100|[from] Sandstorm\n|upkeep\n|\n|t:|1776111185\n|switch|p1b: Sinistcha|Sinistcha, L50|60/100\n|-damage|p1b: Sinistcha|47/100|[from] Stealth Rock\n|-heal|p1a: Tyranitar|100/100|[from] ability: Hospitality|[of] p1b: Sinistcha\n|turn|7\n|\n|t:|1776111195\n|move|p2b: Sinistcha|Rage Powder|p2b: Sinistcha\n|-singleturn|p2b: Sinistcha|move: Rage Powder\n|move|p2a: Aggron|Iron Defense|p2a: Aggron\n|-boost|p2a: Aggron|def|2\n|move|p1b: Sinistcha|Strength Sap|p2a: Aggron\n|-unboost|p2a: Aggron|atk|1\n|-heal|p1b: Sinistcha|100/100\n|move|p1a: Tyranitar|Rock Slide|p2a: Aggron|[spread] p2b\n|-miss|p1a: Tyranitar|p2a: Aggron\n|-damage|p2b: Sinistcha|61/100\n|\n|-weather|Sandstorm|[upkeep]\n|-damage|p2b: Sinistcha|54/100|[from] Sandstorm\n|-damage|p1b: Sinistcha|94/100|[from] Sandstorm\n|-fieldend|move: Trick Room\n|upkeep\n|turn|8\n|\n|t:|1776111223\n|move|p1a: Tyranitar|Rock Slide|p2b: Sinistcha|[spread] p2a,p2b\n|-resisted|p2a: Aggron|1\n|-damage|p2a: Aggron|86/100\n|-damage|p2b: Sinistcha|29/100\n|move|p1b: Sinistcha|Matcha Gotcha|p2a: Aggron|[spread] p2a,p2b\n|-resisted|p2a: Aggron|1\n|-resisted|p2b: Sinistcha|1\n|-damage|p2a: Aggron|72/100\n|-heal|p1b: Sinistcha|100/100|[from] drain|[of] p2a: Aggron\n|-damage|p2b: Sinistcha|14/100\n|-status|p2b: Sinistcha|brn\n|move|p2b: Sinistcha|Shadow Ball|p1b: Sinistcha\n|-supereffective|p1b: Sinistcha|1\n|-damage|p1b: Sinistcha|22/100\n|move|p2a: Aggron|Body Press|p1a: Tyranitar\n|-supereffective|p1a: Tyranitar|2\n|-damage|p1a: Tyranitar|0 fnt\n|faint|p1a: Tyranitar\n|\n|-weather|none\n|-damage|p2b: Sinistcha|8/100 brn|[from] brn\n|upkeep\n|turn|9\n|\n|t:|1776111249\n|move|p1b: Sinistcha|Matcha Gotcha|p2b: Sinistcha|[spread] p2a,p2b\n|-resisted|p2a: Aggron|1\n|-resisted|p2b: Sinistcha|1\n|-damage|p2a: Aggron|57/100\n|-heal|p1b: Sinistcha|30/100|[from] drain|[of] p2a: Aggron\n|-damage|p2b: Sinistcha|0 fnt\n|-heal|p1b: Sinistcha|34/100|[from] drain|[of] p2b: Sinistcha\n|-status|p2a: Aggron|brn\n|faint|p2b: Sinistcha\n|move|p2a: Aggron|Heavy Slam|p1b: Sinistcha\n|-damage|p1b: Sinistcha|20/100\n|\n|-damage|p2a: Aggron|51/100 brn|[from] brn\n|upkeep\n|\n|t:|1776111265\n|switch|p2b: Garchomp|Garchomp, L50, F|49/100 brn\n|turn|10\n|\n|t:|1776111275\n|move|p2b: Garchomp|Dragon Claw|p1b: Sinistcha\n|-damage|p1b: Sinistcha|6/100\n|move|p1b: Sinistcha|Strength Sap|p2a: Aggron\n|-unboost|p2a: Aggron|atk|1\n|-heal|p1b: Sinistcha|66/100\n|move|p2a: Aggron|Heavy Slam|p1b: Sinistcha\n|-damage|p1b: Sinistcha|56/100\n|\n|-damage|p2b: Garchomp|43/100 brn|[from] brn\n|-damage|p2a: Aggron|45/100 brn|[from] brn\n|upkeep\n|turn|11\n|\n|t:|1776111298\n|move|p2b: Garchomp|Draco Meteor|p1b: Sinistcha\n|-damage|p1b: Sinistcha|14/100\n|-unboost|p2b: Garchomp|spa|2\n|move|p1b: Sinistcha|Strength Sap|p2a: Aggron\n|-unboost|p2a: Aggron|atk|1\n|-heal|p1b: Sinistcha|59/100\n|move|p2a: Aggron|Heavy Slam|p1b: Sinistcha\n|-damage|p1b: Sinistcha|50/100\n|\n|-damage|p2b: Garchomp|37/100 brn|[from] brn\n|-damage|p2a: Aggron|38/100 brn|[from] brn\n|upkeep\n|turn|12\n|\n|t:|1776111324\n|move|p2b: Garchomp|Dragon Claw|p1b: Sinistcha\n|-damage|p1b: Sinistcha|37/100\n|move|p1b: Sinistcha|Strength Sap|p2a: Aggron\n|-unboost|p2a: Aggron|atk|1\n|-heal|p1b: Sinistcha|73/100\n|move|p2a: Aggron|Heavy Slam|p1b: Sinistcha\n|-damage|p1b: Sinistcha|66/100\n|\n|-damage|p2b: Garchomp|31/100 brn|[from] brn\n|-damage|p2a: Aggron|32/100 brn|[from] brn\n|upkeep\n|turn|13\n|-message|gipsydanger5627 forfeited.\n|\n|win|koebel\n|raw|koebel's rating: 1106 &rarr; <strong>1130</strong><br />(+24 for winning)\n|raw|gipsydanger5627's rating: 1089 &rarr; <strong>1067</strong><br />(-22 for losing)\n|l|\u2606gipsydanger5627\n|player|p2|\n",
  "uploadtime": 1776111367,
  "views": 36,
  "formatid": "gen9championsvgc2026regma",
  "rating": 1067,
  "private": 0,
  "password": null
}