{
  "id": "gen9championsvgc2026regma-2584436225",
  "format": "[Gen 9 Champions] VGC 2026 Reg M-A",
  "players": [
    "lhce628",
    "thatoneguywithapen"
  ],
  "log": "|j|\u2606lhce628\n|j|\u2606thatoneguywithapen\n|t:|1776260736\n|gametype|doubles\n|player|p1|lhce628|170|1221\n|player|p2|thatoneguywithapen|101|1213\n|gen|9\n|tier|[Gen 9 Champions] VGC 2026 Reg M-A\n|rated|\n|rule|Species Clause: Limit one of each Pok\u00e9mon\n|rule|Item Clause: Limit 1 of each item\n|clearpoke\n|poke|p1|Meganium, L50, F|\n|poke|p1|Pelipper, L50, F|\n|poke|p1|Basculegion, L50, M|\n|poke|p1|Scizor, L50, M|\n|poke|p1|Garchomp, L50, M|\n|poke|p1|Incineroar, L50, M|\n|poke|p2|Kangaskhan, L50, F|\n|poke|p2|Aerodactyl, L50, F|\n|poke|p2|Garchomp, L50, F|\n|poke|p2|Basculegion, L50, M|\n|poke|p2|Sylveon, L50, M|\n|poke|p2|Incineroar, L50, M|\n|teampreview|4\n|inactive|Battle timer is ON: inactive players will automatically lose when time's up. (requested by lhce628)\n|inactive|thatoneguywithapen has 60 seconds left.\n|\n|t:|1776260838\n|teamsize|p1|4\n|teamsize|p2|4\n|start\n|switch|p1a: Pelipper|Pelipper, L50, F|100/100\n|switch|p1b: Incineroar|Incineroar, L50, M|100/100\n|switch|p2a: Kangaskhan|Kangaskhan, L50, F|100/100\n|switch|p2b: Aerodactyl|Aerodactyl, L50, F|100/100\n|-ability|p2b: Aerodactyl|Unnerve\n|-weather|RainDance|[from] ability: Drizzle|[of] p1a: Pelipper\n|-ability|p1b: Incineroar|Intimidate|boost\n|-fail|p2a: Kangaskhan|unboost|Attack|[from] ability: Scrappy|[of] p2a: Kangaskhan\n|-unboost|p2b: Aerodactyl|atk|1\n|turn|1\n|\n|t:|1776260857\n|switch|p1a: Scizor|Scizor, L50, M|100/100\n|detailschange|p2a: Kangaskhan|Kangaskhan-Mega, L50, F\n|-mega|p2a: Kangaskhan|Kangaskhan|Kangaskhanite\n|move|p2a: Kangaskhan|Fake Out|p1a: Scizor\n|-resisted|p1a: Scizor|1\n|-damage|p1a: Scizor|89/100\n|-resisted|p1a: Scizor|1\n|-damage|p1a: Scizor|87/100\n|-hitcount|p1a: Scizor|2\n|move|p1b: Incineroar|Fake Out|p2b: Aerodactyl\n|-resisted|p2b: Aerodactyl|1\n|-damage|p2b: Aerodactyl|92/100\n|cant|p2b: Aerodactyl|flinch\n|\n|-weather|RainDance|[upkeep]\n|upkeep\n|turn|2\n|\n|t:|1776260878\n|switch|p1b: Pelipper|Pelipper, L50, F|100/100\n|detailschange|p1a: Scizor|Scizor-Mega, L50, M\n|-mega|p1a: Scizor|Scizor|Scizorite\n|move|p2b: Aerodactyl|Protect|p2b: Aerodactyl\n|-singleturn|p2b: Aerodactyl|Protect\n|move|p2a: Kangaskhan|Low Kick|p1b: Pelipper\n|-resisted|p1b: Pelipper|1\n|-damage|p1b: Pelipper|91/100\n|-resisted|p1b: Pelipper|1\n|-damage|p1b: Pelipper|89/100\n|-hitcount|p1b: Pelipper|2\n|move|p1a: Scizor|Close Combat|p2a: Kangaskhan\n|-supereffective|p2a: Kangaskhan|1\n|-damage|p2a: Kangaskhan|11/100\n|-unboost|p1a: Scizor|def|1\n|-unboost|p1a: Scizor|spd|1\n|\n|-weather|RainDance|[upkeep]\n|upkeep\n|turn|3\n|inactive|thatoneguywithapen has 30 seconds left.\n|\n|t:|1776260904\n|switch|p2b: Basculegion|Basculegion, L50, M|100/100\n|switch|p2a: Incineroar|Incineroar, L50, M|100/100\n|-ability|p2a: Incineroar|Intimidate|boost\n|-unboost|p1a: Scizor|atk|1\n|-unboost|p1b: Pelipper|atk|1\n|switch|p1a: Incineroar|Incineroar, L50, M|100/100\n|-ability|p1a: Incineroar|Intimidate|boost\n|-unboost|p2a: Incineroar|atk|1\n|-unboost|p2b: Basculegion|atk|1\n|move|p1b: Pelipper|Tailwind|p1b: Pelipper\n|-sidestart|p1: lhce628|move: Tailwind\n|\n|-weather|RainDance|[upkeep]\n|upkeep\n|turn|4\n|\n|t:|1776260927\n|move|p2a: Incineroar|Fake Out|p1b: Pelipper\n|-damage|p1b: Pelipper|82/100\n|move|p2b: Basculegion|Flip Turn|p1a: Incineroar\n|-supereffective|p1a: Incineroar|1\n|-crit|p1a: Incineroar\n|-damage|p1a: Incineroar|0 fnt\n|faint|p1a: Incineroar\n|inactive|thatoneguywithapen has 30 seconds left.\n|\n|t:|1776260961\n|switch|p2b: Kangaskhan|Kangaskhan-Mega, L50, F|11/100|[from] Flip Turn\n|cant|p1b: Pelipper|flinch\n|\n|-weather|RainDance|[upkeep]\n|upkeep\n|\n|t:|1776260966\n|switch|p1a: Basculegion|Basculegion, L50, M|100/100\n|turn|5\n|\n|t:|1776260985\n|switch|p1b: Scizor|Scizor-Mega, L50, M|87/100\n|move|p2b: Kangaskhan|Sucker Punch|p1a: Basculegion\n|-supereffective|p1a: Basculegion|1\n|-damage|p1a: Basculegion|31/100\n|-supereffective|p1a: Basculegion|1\n|-damage|p1a: Basculegion|13/100\n|-hitcount|p1a: Basculegion|2\n|move|p1a: Basculegion|Flip Turn|p2a: Incineroar\n|-supereffective|p2a: Incineroar|1\n|-damage|p2a: Incineroar|25/100\n|-enditem|p2a: Incineroar|Sitrus Berry|[eat]\n|-heal|p2a: Incineroar|50/100|[from] item: Sitrus Berry\n|\n|t:|1776260996\n|switch|p1a: Pelipper|Pelipper, L50, F|82/100|[from] Flip Turn\n|move|p2a: Incineroar|Darkest Lariat|p1a: Pelipper\n|-damage|p1a: Pelipper|64/100\n|\n|-weather|none\n|upkeep\n|turn|6\n|\n|t:|1776261008\n|switch|p1a: Basculegion|Basculegion, L50, M|13/100\n|switch|p2b: Basculegion|Basculegion, L50, M|100/100\n|move|p1b: Scizor|Bullet Punch|p2b: Basculegion\n|-resisted|p2b: Basculegion|1\n|-damage|p2b: Basculegion|77/100\n|move|p2a: Incineroar|Flare Blitz|p1b: Scizor\n|-supereffective|p1b: Scizor|2\n|-damage|p1b: Scizor|0 fnt\n|faint|p1b: Scizor\n|-damage|p2a: Incineroar|25/100|[from] Recoil\n|\n|-sideend|p1: lhce628|move: Tailwind\n|upkeep\n|\n|t:|1776261019\n|switch|p1b: Pelipper|Pelipper, L50, F|64/100\n|-weather|RainDance|[from] ability: Drizzle|[of] p1b: Pelipper\n|turn|7\n|inactive|thatoneguywithapen has 30 seconds left.\n|inactive|thatoneguywithapen has 20 seconds left.\n|inactive|thatoneguywithapen has 15 seconds left.\n|inactive|thatoneguywithapen has 10 seconds left.\n|\n|t:|1776261065\n|move|p1a: Basculegion|Last Respects|p2b: Basculegion\n|-supereffective|p2b: Basculegion|1\n|-damage|p2b: Basculegion|0 fnt\n|faint|p2b: Basculegion\n|move|p1b: Pelipper|Hydro Pump|p2a: Incineroar\n|-supereffective|p2a: Incineroar|1\n|-damage|p2a: Incineroar|0 fnt\n|faint|p2a: Incineroar\n|\n|-weather|RainDance|[upkeep]\n|upkeep\n|\n|t:|1776261071\n|switch|p2b: Aerodactyl|Aerodactyl, L50, F|92/100\n|switch|p2a: Kangaskhan|Kangaskhan-Mega, L50, F|11/100\n|-ability|p2b: Aerodactyl|Unnerve\n|turn|8\n|inactive|lhce628 has 30 seconds left.\n|inactive|lhce628 has 20 seconds left.\n|inactive|lhce628 has 15 seconds left.\n|inactive|lhce628 has 10 seconds left.\n|inactive|lhce628 has 5 seconds left.\n|\n|t:|1776261125\n|move|p1a: Basculegion|Protect|p1a: Basculegion\n|-singleturn|p1a: Basculegion|Protect\n|move|p2a: Kangaskhan|Sucker Punch||[still]\n|-fail|p2a: Kangaskhan\n|move|p2b: Aerodactyl|Rock Slide|p1a: Basculegion|[spread] p1b\n|-activate|p1a: Basculegion|move: Protect\n|-supereffective|p1b: Pelipper|1\n|-damage|p1b: Pelipper|16/100\n|move|p1b: Pelipper|Hurricane|p2a: Kangaskhan\n|-damage|p2a: Kangaskhan|0 fnt\n|faint|p2a: Kangaskhan\n|\n|-weather|RainDance|[upkeep]\n|upkeep\n|turn|9\n|inactive|thatoneguywithapen has 30 seconds left.\n|\n|t:|1776261151\n|move|p2b: Aerodactyl|Protect|p2b: Aerodactyl\n|-singleturn|p2b: Aerodactyl|Protect\n|move|p1a: Basculegion|Wave Crash|p2b: Aerodactyl\n|-activate|p2b: Aerodactyl|move: Protect\n|move|p1b: Pelipper|Hydro Pump|p2b: Aerodactyl\n|-activate|p2b: Aerodactyl|move: Protect\n|\n|-weather|RainDance|[upkeep]\n|upkeep\n|turn|10\n|\n|t:|1776261159\n|move|p1a: Basculegion|Wave Crash|p2b: Aerodactyl\n|-supereffective|p2b: Aerodactyl|1\n|-damage|p2b: Aerodactyl|0 fnt\n|faint|p2b: Aerodactyl\n|-damage|p1a: Basculegion|0 fnt|[from] Recoil\n|faint|p1a: Basculegion\n|\n|win|lhce628\n|raw|lhce628's rating: 1221 &rarr; <strong>1245</strong><br />(+24 for winning)\n|raw|thatoneguywithapen's rating: 1213 &rarr; <strong>1189</strong><br />(-24 for losing)\n",
  "uploadtime": 1776261172,
  "views": 68,
  "formatid": "gen9championsvgc2026regma",
  "rating": 1189,
  "private": 0,
  "password": null
}