{
  "id": "gen9championsvgc2026regma-2582556666",
  "format": "[Gen 9 Champions] VGC 2026 Reg M-A",
  "players": [
    "Rocket Gib",
    "salent"
  ],
  "log": "|j|\u2606Rocket Gib\n|j|\u2606salent\n|t:|1776099176\n|gametype|doubles\n|player|p1|Rocket Gib|265|1056\n|player|p2|salent|roughneck-gen4|1078\n|gen|9\n|tier|[Gen 9 Champions] VGC 2026 Reg M-A\n|rated|\n|rule|Species Clause: Limit one of each Pok\u00e9mon\n|rule|Item Clause: Limit 1 of each item\n|clearpoke\n|poke|p1|Crabominable, L50, M|\n|poke|p1|Incineroar, L50, F|\n|poke|p1|Pelipper, L50, F|\n|poke|p1|Sneasler, L50, M|\n|poke|p1|Basculegion-F, L50, F|\n|poke|p1|Farigiraf, L50, M|\n|poke|p2|Aerodactyl, L50, M|\n|poke|p2|Basculegion, L50, M|\n|poke|p2|Sneasler, L50, M|\n|poke|p2|Floette-Eternal, L50, F|\n|poke|p2|Maushold, L50|\n|poke|p2|Kingambit, L50, F|\n|teampreview|4\n|inactive|Battle timer is ON: inactive players will automatically lose when time's up. (requested by salent)\n|\n|t:|1776099199\n|teamsize|p1|4\n|teamsize|p2|4\n|start\n|switch|p1a: Incineroar|Incineroar, L50, F|100/100\n|switch|p1b: Farigiraf|Farigiraf, L50, M|100/100\n|switch|p2a: Aerodactyl|Aerodactyl, L50, M|100/100\n|switch|p2b: Floette|Floette-Eternal, L50, F|100/100\n|-ability|p2a: Aerodactyl|Unnerve\n|-ability|p1a: Incineroar|Intimidate|boost\n|-unboost|p2a: Aerodactyl|atk|1\n|-unboost|p2b: Floette|atk|1\n|turn|1\n|inactive|Rocket Gib has 30 seconds left.\n|\n|t:|1776099225\n|detailschange|p2b: Floette|Floette-Mega, L50, F\n|-mega|p2b: Floette|Floette|Floettite\n|-ability|p2b: Floette|Fairy Aura\n|move|p1a: Incineroar|Fake Out|p2b: Floette\n|-damage|p2b: Floette|85/100\n|move|p2a: Aerodactyl|Rock Slide|p1a: Incineroar|[spread] p1a,p1b\n|-supereffective|p1a: Incineroar|1\n|-damage|p1a: Incineroar|69/100\n|-damage|p1b: Farigiraf|85/100\n|cant|p2b: Floette|flinch\n|move|p1b: Farigiraf|Trick Room|p1b: Farigiraf\n|-fieldstart|move: Trick Room|[of] p1b: Farigiraf\n|\n|upkeep\n|turn|2\n|\n|t:|1776099243\n|move|p1b: Farigiraf|Twin Beam|p2a: Aerodactyl\n|-damage|p2a: Aerodactyl|77/100\n|-damage|p2a: Aerodactyl|54/100\n|-hitcount|p2a: Aerodactyl|2\n|move|p1a: Incineroar|Flare Blitz|p2b: Floette\n|-damage|p2b: Floette|18/100\n|-status|p2b: Floette|brn\n|-damage|p1a: Incineroar|52/100|[from] Recoil\n|move|p2b: Floette|Calm Mind|p2b: Floette\n|-boost|p2b: Floette|spa|1\n|-boost|p2b: Floette|spd|1\n|move|p2a: Aerodactyl|Rock Slide|p1b: Farigiraf|[spread] p1a\n|-miss|p2a: Aerodactyl|p1b: Farigiraf\n|-supereffective|p1a: Incineroar|1\n|-damage|p1a: Incineroar|19/100\n|\n|-damage|p2b: Floette|12/100 brn|[from] brn\n|upkeep\n|turn|3\n|\n|t:|1776099266\n|move|p1b: Farigiraf|Hyper Voice|p2a: Aerodactyl|[spread] p2a,p2b\n|-resisted|p2a: Aerodactyl|1\n|-damage|p2a: Aerodactyl|33/100\n|-damage|p2b: Floette|0 fnt\n|faint|p2b: Floette\n|move|p1a: Incineroar|Darkest Lariat|p2a: Aerodactyl\n|-damage|p2a: Aerodactyl|0 fnt\n|-enditem|p1a: Incineroar|Sitrus Berry|[eat]\n|-heal|p1a: Incineroar|44/100|[from] item: Sitrus Berry\n|faint|p2a: Aerodactyl\n|\n|upkeep\n|\n|t:|1776099270\n|switch|p2b: Sneasler|Sneasler, L50, M|100/100\n|switch|p2a: Maushold|Maushold, L50|100/100\n|turn|4\n|\n|t:|1776099289\n|move|p2a: Maushold|Follow Me|p2a: Maushold\n|-singleturn|p2a: Maushold|move: Follow Me\n|move|p1b: Farigiraf|Twin Beam|p2a: Maushold\n|-damage|p2a: Maushold|77/100\n|-damage|p2a: Maushold|52/100\n|-hitcount|p2a: Maushold|2\n|move|p1a: Incineroar|Flare Blitz|p2a: Maushold\n|-damage|p2a: Maushold|0 fnt\n|faint|p2a: Maushold\n|-damage|p1a: Incineroar|31/100|[from] Recoil\n|move|p2b: Sneasler|Close Combat|p1a: Incineroar\n|-supereffective|p1a: Incineroar|1\n|-damage|p1a: Incineroar|0 fnt\n|-unboost|p2b: Sneasler|def|1\n|-unboost|p2b: Sneasler|spd|1\n|faint|p1a: Incineroar\n|-enditem|p2b: Sneasler|White Herb\n|-clearnegativeboost|p2b: Sneasler|[silent]\n|\n|upkeep\n|\n|t:|1776099310\n|switch|p1a: Crabominable|Crabominable, L50, M|100/100\n|turn|5\n|inactive|salent has 30 seconds left.\n|inactive|salent has 20 seconds left.\n|inactive|salent has 15 seconds left.\n|inactive|salent has 10 seconds left.\n|inactive|salent has 5 seconds left.\n|\n|t:|1776099365\n|detailschange|p1a: Crabominable|Crabominable-Mega, L50, M\n|-mega|p1a: Crabominable|Crabominable|Crabominite\n|move|p2b: Sneasler|Protect|p2b: Sneasler\n|-singleturn|p2b: Sneasler|Protect\n|move|p1a: Crabominable|Ice Hammer|p2b: Sneasler\n|-activate|p2b: Sneasler|move: Protect\n|move|p1b: Farigiraf|Twin Beam|p2b: Sneasler\n|-activate|p2b: Sneasler|move: Protect\n|\n|-fieldend|move: Trick Room\n|upkeep\n|turn|6\n|inactive|salent has 30 seconds left.\n|inactive|salent has 20 seconds left.\n|inactive|salent has 15 seconds left.\n|inactive|salent has 10 seconds left.\n|inactive|salent has 5 seconds left.\n|\n|t:|1776099420\n|move|p2b: Sneasler|Protect||[still]\n|-fail|p2b: Sneasler\n|move|p1b: Farigiraf|Twin Beam|p2b: Sneasler\n|-supereffective|p2b: Sneasler|2\n|-damage|p2b: Sneasler|14/100\n|-supereffective|p2b: Sneasler|2\n|-damage|p2b: Sneasler|0 fnt\n|faint|p2b: Sneasler\n|-hitcount|p2: Sneasler|2\n|\n|win|Rocket Gib\n|raw|Rocket Gib's rating: 1056 &rarr; <strong>1090</strong><br />(+34 for winning)\n|raw|salent's rating: 1078 &rarr; <strong>1055</strong><br />(-23 for losing)\n|l|\u2606salent\n|player|p2|\n",
  "uploadtime": 1776099431,
  "views": 12,
  "formatid": "gen9championsvgc2026regma",
  "rating": 1055,
  "private": 0,
  "password": null
}