{
  "id": "gen9championsvgc2026regma-2581644312",
  "format": "[Gen 9 Champions] VGC 2026 Reg M-A",
  "players": [
    "SimMikaze",
    "Man_playingpokem"
  ],
  "log": "|j|\u2606SimMikaze\n|j|\u2606Man_playingpokem\n|t:|1776017507\n|gametype|doubles\n|player|p1|SimMikaze|miku-ghost|1136\n|player|p2|Man_playingpokem|266|1109\n|gen|9\n|tier|[Gen 9 Champions] VGC 2026 Reg M-A\n|rated|\n|rule|Species Clause: Limit one of each Pok\u00e9mon\n|rule|Item Clause: Limit 1 of each item\n|clearpoke\n|poke|p1|Hawlucha, L50, M|\n|poke|p1|Snorlax, L50, M|\n|poke|p1|Excadrill, L50, M|\n|poke|p1|Tyranitar, L50, M|\n|poke|p1|Whimsicott, L50, M|\n|poke|p1|Basculegion, L50, M|\n|poke|p2|Froslass, L50, F|\n|poke|p2|Krookodile, L50, M|\n|poke|p2|Dragonite, L50, F|\n|poke|p2|Raichu, L50, M|\n|poke|p2|Orthworm, L50, M|\n|poke|p2|Primarina, L50, M|\n|teampreview|4\n|\n|t:|1776017527\n|teamsize|p1|4\n|teamsize|p2|4\n|start\n|switch|p1a: Hawlucha|Hawlucha, L50, M|100/100\n|switch|p1b: Snorlax|Snorlax, L50, M|100/100\n|switch|p2a: Krookodile|Krookodile, L50, M|100/100\n|switch|p2b: Orthworm|Orthworm, L50, M|100/100\n|-ability|p2a: Krookodile|Intimidate|boost\n|-unboost|p1a: Hawlucha|atk|1\n|-unboost|p1b: Snorlax|atk|1\n|turn|1\n|\n|t:|1776017566\n|detailschange|p1a: Hawlucha|Hawlucha-Mega, L50, M\n|-mega|p1a: Hawlucha|Hawlucha|Hawluchanite\n|move|p1a: Hawlucha|Entrainment|p1b: Snorlax\n|-ability|p1b: Snorlax|No Guard|Thick Fat|[from] move: Entrainment|[of] p1a: Hawlucha\n|move|p2a: Krookodile|Knock Off|p1b: Snorlax\n|-damage|p1b: Snorlax|74/100\n|-enditem|p1b: Snorlax|Leftovers|[from] move: Knock Off|[of] p2a: Krookodile\n|move|p2b: Orthworm|Shed Tail|p2b: Orthworm\n|-start|p2b: Orthworm|Substitute|[from] move: Shed Tail\n|-damage|p2b: Orthworm|50/100\n|-enditem|p2b: Orthworm|Sitrus Berry|[eat]\n|-heal|p2b: Orthworm|75/100|[from] item: Sitrus Berry\n|\n|t:|1776017583\n|switch|p2b: Primarina|Primarina, L50, M|100/100|[from] Shed Tail\n|move|p1b: Snorlax|Fissure|p2a: Krookodile\n|-damage|p2a: Krookodile|0 fnt\n|faint|p2a: Krookodile\n|-ohko\n|\n|upkeep\n|\n|t:|1776017592\n|switch|p2a: Froslass|Froslass, L50, F|100/100\n|turn|2\n|\n|t:|1776017624\n|detailschange|p2a: Froslass|Froslass-Mega, L50, F\n|-mega|p2a: Froslass|Froslass|Froslassite\n|-weather|Snowscape|[from] ability: Snow Warning|[of] p2a: Froslass\n|move|p2a: Froslass|Blizzard|p1a: Hawlucha|[spread] p1a,p1b\n|-supereffective|p1a: Hawlucha|1\n|-damage|p1a: Hawlucha|11/100\n|-damage|p1b: Snorlax|49/100\n|-status|p1b: Snorlax|frz\n|move|p1a: Hawlucha|Dual Wingbeat|p2b: Primarina\n|-crit|p2b: Primarina\n|-end|p2b: Primarina|Substitute\n|-damage|p2b: Primarina|88/100\n|-hitcount|p2b: Primarina|2\n|move|p2b: Primarina|Moonblast|p1b: Snorlax\n|-damage|p1b: Snorlax|24/100 frz\n|cant|p1b: Snorlax|frz\n|\n|-weather|Snowscape|[upkeep]\n|-heal|p2b: Primarina|94/100|[from] item: Leftovers\n|upkeep\n|turn|3\n|\n|t:|1776017648\n|switch|p1a: Tyranitar|Tyranitar, L50, M|100/100\n|-weather|Sandstorm|[from] ability: Sand Stream|[of] p1a: Tyranitar\n|move|p2a: Froslass|Blizzard|p1a: Tyranitar|[spread] p1b\n|-miss|p2a: Froslass|p1a: Tyranitar\n|-damage|p1b: Snorlax|0 fnt\n|faint|p1b: Snorlax\n|move|p2b: Primarina|Calm Mind|p2b: Primarina\n|-boost|p2b: Primarina|spa|1\n|-boost|p2b: Primarina|spd|1\n|\n|-weather|Sandstorm|[upkeep]\n|-damage|p2a: Froslass|94/100|[from] Sandstorm\n|-damage|p2b: Primarina|88/100|[from] Sandstorm\n|-heal|p2b: Primarina|94/100|[from] item: Leftovers\n|upkeep\n|\n|t:|1776017668\n|switch|p1b: Hawlucha|Hawlucha-Mega, L50, M|11/100\n|turn|4\n|\n|t:|1776017691\n|move|p2a: Froslass|Shadow Ball|p1b: Hawlucha\n|-damage|p1b: Hawlucha|0 fnt\n|faint|p1b: Hawlucha\n|move|p1a: Tyranitar|Rock Slide|p2a: Froslass|[spread] p2a,p2b\n|-supereffective|p2a: Froslass|1\n|-damage|p2a: Froslass|0 fnt\n|-damage|p2b: Primarina|65/100\n|faint|p2a: Froslass\n|move|p2b: Primarina|Moonblast|p1a: Tyranitar\n|-supereffective|p1a: Tyranitar|1\n|-damage|p1a: Tyranitar|20/100\n|\n|-weather|Sandstorm|[upkeep]\n|-damage|p2b: Primarina|59/100|[from] Sandstorm\n|-heal|p2b: Primarina|65/100|[from] item: Leftovers\n|upkeep\n|\n|t:|1776017704\n|switch|p2a: Orthworm|Orthworm, L50, M|75/100\n|switch|p1b: Basculegion|Basculegion, L50, M|100/100\n|turn|5\n|\n|t:|1776017725\n|move|p2b: Primarina|Protect|p2b: Primarina\n|-singleturn|p2b: Primarina|Protect\n|move|p1b: Basculegion|Last Respects|p2b: Primarina\n|-activate|p2b: Primarina|move: Protect\n|move|p1a: Tyranitar|Rock Slide|p2a: Orthworm|[spread] p2a\n|-activate|p2b: Primarina|move: Protect\n|-resisted|p2a: Orthworm|1\n|-damage|p2a: Orthworm|67/100\n|move|p2a: Orthworm|Metal Burst|p1a: Tyranitar\n|-damage|p1a: Tyranitar|8/100\n|\n|-weather|Sandstorm|[upkeep]\n|-damage|p1b: Basculegion|94/100|[from] Sandstorm\n|-damage|p2b: Primarina|59/100|[from] Sandstorm\n|-heal|p2b: Primarina|65/100|[from] item: Leftovers\n|upkeep\n|turn|6\n|\n|t:|1776017752\n|move|p1b: Basculegion|Last Respects|p2b: Primarina\n|-damage|p2b: Primarina|0 fnt\n|faint|p2b: Primarina\n|move|p1a: Tyranitar|Rock Slide|p2a: Orthworm\n|-resisted|p2a: Orthworm|1\n|-crit|p2a: Orthworm\n|-damage|p2a: Orthworm|48/100\n|move|p2a: Orthworm|Iron Head|p1a: Tyranitar\n|-supereffective|p1a: Tyranitar|1\n|-damage|p1a: Tyranitar|0 fnt\n|faint|p1a: Tyranitar\n|\n|-weather|Sandstorm|[upkeep]\n|-damage|p1b: Basculegion|88/100|[from] Sandstorm\n|upkeep\n|turn|7\n|\n|t:|1776017764\n|move|p1b: Basculegion|Last Respects|p2a: Orthworm\n|-damage|p2a: Orthworm|0 fnt\n|faint|p2a: Orthworm\n|\n|win|SimMikaze\n|raw|SimMikaze's rating: 1136 &rarr; <strong>1159</strong><br />(+23 for winning)\n|raw|Man_playingpokem's rating: 1109 &rarr; <strong>1086</strong><br />(-23 for losing)\n|l|\u2606Man_playingpokem\n|player|p2|\n",
  "uploadtime": 1776017768,
  "views": 17,
  "formatid": "gen9championsvgc2026regma",
  "rating": 1086,
  "private": 0,
  "password": null
}