{
  "id": "gen9championsvgc2026regma-2585784592",
  "format": "[Gen 9 Champions] VGC 2026 Reg M-A",
  "players": [
    "sunsetscythe",
    "monsimian?"
  ],
  "log": "|j|\u2606sunsetscythe\n|j|\u2606monsimian?\n|t:|1776370419\n|gametype|doubles\n|player|p1|sunsetscythe|265|1058\n|player|p2|monsimian?|rosa|1083\n|gen|9\n|tier|[Gen 9 Champions] VGC 2026 Reg M-A\n|rated|\n|rule|Species Clause: Limit one of each Pok\u00e9mon\n|rule|Item Clause: Limit 1 of each item\n|clearpoke\n|poke|p1|Manectric, L50, M|\n|poke|p1|Incineroar, L50, M|\n|poke|p1|Sinistcha, L50|\n|poke|p1|Furfrou-Debutante, L50, F|\n|poke|p1|Garchomp, L50, M|\n|poke|p1|Gardevoir, L50, F|\n|poke|p2|Charizard, L50, F|\n|poke|p2|Venusaur, L50, F|\n|poke|p2|Milotic, L50, F|\n|poke|p2|Garchomp, L50, F|\n|poke|p2|Gardevoir, L50, F|\n|poke|p2|Incineroar, L50, F|\n|teampreview|4\n|inactive|Battle timer is ON: inactive players will automatically lose when time's up. (requested by monsimian?)\n|\n|t:|1776370465\n|teamsize|p1|4\n|teamsize|p2|4\n|start\n|switch|p1a: Manectric|Manectric, L50, M, shiny|100/100\n|switch|p1b: Garchomp|Garchomp, L50, M|100/100\n|switch|p2a: Incineroar|Incineroar, L50, F|100/100\n|switch|p2b: Milotic|Milotic, L50, F, shiny|100/100\n|-ability|p2a: Incineroar|Intimidate|boost\n|-unboost|p1a: Manectric|atk|1\n|-unboost|p1b: Garchomp|atk|1\n|turn|1\n|\n|t:|1776370484\n|move|p2a: Incineroar|Fake Out|p1a: Manectric\n|-damage|p1a: Manectric|81/100\n|cant|p1a: Manectric|flinch\n|move|p1b: Garchomp|Rock Slide|p2a: Incineroar|[spread] p2a,p2b\n|-supereffective|p2a: Incineroar|1\n|-damage|p2a: Incineroar|77/100\n|-damage|p2b: Milotic|90/100\n|move|p2b: Milotic|Ice Beam|p1b: Garchomp\n|-supereffective|p1b: Garchomp|2\n|-enditem|p1b: Garchomp|Yache Berry|[eat]\n|-enditem|p1b: Garchomp|Yache Berry|[weaken]\n|-damage|p1b: Garchomp|51/100\n|\n|-heal|p2b: Milotic|96/100|[from] item: Leftovers\n|upkeep\n|turn|2\n|inactive|sunsetscythe has 30 seconds left.\n|\n|t:|1776370509\n|detailschange|p1a: Manectric|Manectric-Mega, L50, M, shiny\n|-mega|p1a: Manectric|Manectric|Manectite\n|-ability|p1a: Manectric|Intimidate|boost\n|-unboost|p2a: Incineroar|atk|1\n|-unboost|p2b: Milotic|atk|1\n|-ability|p2b: Milotic|Competitive|boost\n|-boost|p2b: Milotic|spa|2\n|move|p1b: Garchomp|Protect|p1b: Garchomp\n|-singleturn|p1b: Garchomp|Protect\n|move|p1a: Manectric|Thunderbolt|p2b: Milotic\n|-supereffective|p2b: Milotic|1\n|-damage|p2b: Milotic|30/100\n|move|p2a: Incineroar|Parting Shot|p1a: Manectric\n|-unboost|p1a: Manectric|atk|1\n|-unboost|p1a: Manectric|spa|1\n|\n|t:|1776370523\n|switch|p2a: Venusaur|Venusaur, L50, F, shiny|100/100|[from] Parting Shot\n|move|p2b: Milotic|Ice Beam|p1b: Garchomp\n|-activate|p1b: Garchomp|move: Protect\n|\n|-heal|p2b: Milotic|36/100|[from] item: Leftovers\n|upkeep\n|turn|3\n|\n|t:|1776370536\n|switch|p1b: Sinistcha|Sinistcha, L50|100/100\n|-heal|p1a: Manectric|100/100|[from] ability: Hospitality|[of] p1b: Sinistcha\n|switch|p2b: Incineroar|Incineroar, L50, F|77/100\n|-ability|p2b: Incineroar|Intimidate|boost\n|-unboost|p1a: Manectric|atk|1\n|-unboost|p1b: Sinistcha|atk|1\n|move|p1a: Manectric|Thunderbolt|p2b: Incineroar\n|-damage|p2b: Incineroar|44/100\n|-enditem|p2b: Incineroar|Sitrus Berry|[eat]\n|-heal|p2b: Incineroar|69/100|[from] item: Sitrus Berry\n|move|p2a: Venusaur|Sleep Powder|p1a: Manectric|[miss]\n|-miss|p2a: Venusaur|p1a: Manectric\n|\n|upkeep\n|turn|4\n|\n|t:|1776370561\n|switch|p2a: Charizard|Charizard, L50, F, shiny|100/100\n|move|p2b: Incineroar|Fake Out|p1a: Manectric\n|-damage|p1a: Manectric|86/100\n|cant|p1a: Manectric|flinch\n|move|p1b: Sinistcha|Shadow Ball|p2a: Charizard\n|-damage|p2a: Charizard|55/100\n|\n|upkeep\n|turn|5\n|\n|t:|1776370584\n|switch|p2b: Venusaur|Venusaur, L50, F, shiny|100/100\n|detailschange|p2a: Charizard|Charizard-Mega-Y, L50, F, shiny\n|-mega|p2a: Charizard|Charizard|Charizardite Y\n|-weather|SunnyDay|[from] ability: Drought|[of] p2a: Charizard\n|move|p2a: Charizard|Protect|p2a: Charizard\n|-singleturn|p2a: Charizard|Protect\n|move|p1b: Sinistcha|Protect|p1b: Sinistcha\n|-singleturn|p1b: Sinistcha|Protect\n|move|p1a: Manectric|Volt Switch|p2a: Charizard\n|-activate|p2a: Charizard|move: Protect\n|\n|-weather|SunnyDay|[upkeep]\n|upkeep\n|turn|6\n|\n|t:|1776370609\n|switch|p2a: Incineroar|Incineroar, L50, F|69/100\n|-ability|p2a: Incineroar|Intimidate|boost\n|-unboost|p1a: Manectric|atk|1\n|-unboost|p1b: Sinistcha|atk|1\n|move|p2b: Venusaur|Sludge Bomb|p1a: Manectric\n|-damage|p1a: Manectric|30/100\n|move|p1a: Manectric|Volt Switch|p2a: Incineroar\n|-damage|p2a: Incineroar|46/100\n|\n|t:|1776370622\n|switch|p1a: Incineroar|Incineroar, L50, M|100/100|[from] Volt Switch\n|-ability|p1a: Incineroar|Intimidate|boost\n|-unboost|p2a: Incineroar|atk|1\n|-unboost|p2b: Venusaur|atk|1\n|move|p1b: Sinistcha|Shadow Ball|p2b: Venusaur\n|-damage|p2b: Venusaur|69/100\n|\n|-weather|SunnyDay|[upkeep]\n|upkeep\n|turn|7\n|\n|t:|1776370643\n|switch|p2b: Milotic|Milotic, L50, F, shiny|36/100\n|move|p1a: Incineroar|Fake Out|p2b: Milotic\n|-damage|p2b: Milotic|27/100\n|move|p2a: Incineroar|Parting Shot|p1a: Incineroar\n|-unboost|p1a: Incineroar|atk|1\n|-unboost|p1a: Incineroar|spa|1\n|\n|t:|1776370652\n|switch|p2a: Venusaur|Venusaur, L50, F, shiny|69/100|[from] Parting Shot\n|move|p1b: Sinistcha|Shadow Ball|p2a: Venusaur\n|-damage|p2a: Venusaur|37/100\n|-unboost|p2a: Venusaur|spd|1\n|\n|-weather|SunnyDay|[upkeep]\n|-heal|p2b: Milotic|33/100|[from] item: Leftovers\n|upkeep\n|turn|8\n|\n|t:|1776370669\n|move|p2a: Venusaur|Sludge Bomb|p1b: Sinistcha\n|-crit|p1b: Sinistcha\n|-damage|p1b: Sinistcha|39/100\n|move|p2b: Milotic|Recover|p2b: Milotic\n|-heal|p2b: Milotic|83/100\n|move|p1b: Sinistcha|Matcha Gotcha|p2a: Venusaur|[spread] p2a,p2b\n|-resisted|p2a: Venusaur|2\n|-supereffective|p2b: Milotic|1\n|-damage|p2a: Venusaur|29/100\n|-heal|p1b: Sinistcha|44/100|[from] drain|[of] p2a: Venusaur\n|-damage|p2b: Milotic|45/100\n|-heal|p1b: Sinistcha|71/100|[from] drain|[of] p2b: Milotic\n|move|p1a: Incineroar|Flare Blitz|p2a: Venusaur\n|-supereffective|p2a: Venusaur|1\n|-damage|p2a: Venusaur|0 fnt\n|faint|p2a: Venusaur\n|-damage|p1a: Incineroar|92/100|[from] Recoil\n|\n|-weather|SunnyDay|[upkeep]\n|-heal|p2b: Milotic|50/100|[from] item: Leftovers\n|-heal|p1b: Sinistcha|77/100|[from] item: Leftovers\n|upkeep\n|\n|t:|1776370690\n|switch|p2a: Charizard|Charizard-Mega-Y, L50, F, shiny|55/100\n|turn|9\n|\n|t:|1776370711\n|move|p1b: Sinistcha|Protect|p1b: Sinistcha\n|-singleturn|p1b: Sinistcha|Protect\n|move|p2a: Charizard|Heat Wave|p1a: Incineroar|[spread] \n|-activate|p1b: Sinistcha|move: Protect\n|-miss|p2a: Charizard|p1a: Incineroar\n|move|p2b: Milotic|Ice Beam|p1b: Sinistcha\n|-activate|p1b: Sinistcha|move: Protect\n|move|p1a: Incineroar|Throat Chop|p2b: Milotic\n|-damage|p2b: Milotic|33/100\n|-start|p2b: Milotic|Throat Chop|[silent]\n|\n|-weather|none\n|-heal|p2b: Milotic|39/100|[from] item: Leftovers\n|-heal|p1b: Sinistcha|83/100|[from] item: Leftovers\n|upkeep\n|turn|10\n|\n|t:|1776370734\n|switch|p2b: Incineroar|Incineroar, L50, F|46/100\n|-ability|p2b: Incineroar|Intimidate|boost\n|-unboost|p1a: Incineroar|atk|1\n|-unboost|p1b: Sinistcha|atk|1\n|switch|p1b: Garchomp|Garchomp, L50, M|51/100\n|move|p2a: Charizard|Protect|p2a: Charizard\n|-singleturn|p2a: Charizard|Protect\n|move|p1a: Incineroar|Parting Shot|p2a: Charizard\n|-activate|p2a: Charizard|move: Protect\n|\n|upkeep\n|turn|11\n|\n|t:|1776370755\n|switch|p2a: Milotic|Milotic, L50, F, shiny|39/100\n|move|p2b: Incineroar|Fake Out|p1b: Garchomp\n|-damage|p1b: Garchomp|39/100\n|-damage|p2b: Incineroar|34/100|[from] ability: Rough Skin|[of] p1b: Garchomp\n|cant|p1b: Garchomp|flinch\n|move|p1a: Incineroar|Parting Shot|p2a: Milotic\n|-unboost|p2a: Milotic|atk|1\n|-ability|p2a: Milotic|Competitive|boost\n|-boost|p2a: Milotic|spa|2\n|-unboost|p2a: Milotic|spa|1\n|-ability|p2a: Milotic|Competitive|boost\n|-boost|p2a: Milotic|spa|2\n|\n|t:|1776370772\n|switch|p1a: Manectric|Manectric-Mega, L50, M, shiny|30/100|[from] Parting Shot\n|-ability|p1a: Manectric|Intimidate|boost\n|-unboost|p2a: Milotic|atk|1\n|-ability|p2a: Milotic|Competitive|boost\n|-boost|p2a: Milotic|spa|2\n|-unboost|p2b: Incineroar|atk|1\n|\n|-heal|p2a: Milotic|45/100|[from] item: Leftovers\n|upkeep\n|turn|12\n|\n|t:|1776370791\n|move|p1a: Manectric|Thunderbolt|p2a: Milotic\n|-supereffective|p2a: Milotic|1\n|-damage|p2a: Milotic|0 fnt\n|faint|p2a: Milotic\n|move|p1b: Garchomp|Rock Slide|p2b: Incineroar\n|-supereffective|p2b: Incineroar|1\n|-damage|p2b: Incineroar|0 fnt\n|faint|p2b: Incineroar\n|\n|upkeep\n|-message|monsimian? forfeited.\n|\n|win|sunsetscythe\n|raw|sunsetscythe's rating: 1058 &rarr; <strong>1092</strong><br />(+34 for winning)\n|raw|monsimian?'s rating: 1083 &rarr; <strong>1059</strong><br />(-24 for losing)\n|l|\u2606monsimian?\n|player|p2|\n",
  "uploadtime": 1776370820,
  "views": 16,
  "formatid": "gen9championsvgc2026regma",
  "rating": 1059,
  "private": 0,
  "password": null
}