{
  "id": "gen9championsvgc2026regma-2584559150",
  "format": "[Gen 9 Champions] VGC 2026 Reg M-A",
  "players": [
    "maxAshgreninja",
    "ChronicNikos"
  ],
  "log": "|j|\u2606maxAshgreninja\n|j|\u2606ChronicNikos\n|t:|1776268716\n|gametype|doubles\n|player|p1|maxAshgreninja|102|1152\n|player|p2|ChronicNikos|cynthia-gen4|1235\n|gen|9\n|tier|[Gen 9 Champions] VGC 2026 Reg M-A\n|rated|\n|rule|Species Clause: Limit one of each Pok\u00e9mon\n|rule|Item Clause: Limit 1 of each item\n|clearpoke\n|poke|p1|Meganium, L50, M|\n|poke|p1|Archaludon, L50, F|\n|poke|p1|Kangaskhan, L50, F|\n|poke|p1|Aerodactyl, L50, M|\n|poke|p1|Typhlosion-Hisui, L50, F|\n|poke|p1|Tauros-Paldea-Aqua, L50, M|\n|poke|p2|Gengar, L50, F|\n|poke|p2|Incineroar, L50, M|\n|poke|p2|Tsareena, L50, F|\n|poke|p2|Politoed, L50, M|\n|poke|p2|Archaludon, L50, F|\n|poke|p2|Basculegion, L50, M|\n|teampreview|4\n|inactive|Battle timer is ON: inactive players will automatically lose when time's up. (requested by maxAshgreninja)\nChronicNikos rejected open team sheets.\n|inactive|maxAshgreninja has 60 seconds left.\n|inactive|ChronicNikos has 60 seconds left.\n|\n|t:|1776268762\n|teamsize|p1|4\n|teamsize|p2|4\n|start\n|switch|p1a: Typhlosion|Typhlosion-Hisui, L50, F|100/100\n|switch|p1b: Aerodactyl|Aerodactyl, L50, M, shiny|100/100\n|switch|p2a: AllThingsMustDie|Gengar, L50, F, shiny|100/100\n|switch|p2b: Mettle|Archaludon, L50, F|100/100\n|-ability|p1b: Aerodactyl|Unnerve\n|-item|p2a: AllThingsMustDie|Gengarite|[from] ability: Frisk|[of] p1a: Typhlosion\n|-item|p2b: Mettle|Dragon Fang|[from] ability: Frisk|[of] p1a: Typhlosion\n|turn|1\n|\n|t:|1776268782\n|switch|p2a: Time2SayGB|Politoed, L50, M|100/100\n|-weather|RainDance|[from] ability: Drizzle|[of] p2a: Time2SayGB\n|move|p1a: Typhlosion|Shadow Ball|p2a: Time2SayGB\n|-damage|p2a: Time2SayGB|67/100\n|move|p1b: Aerodactyl|Tailwind|p1b: Aerodactyl\n|-sidestart|p1: maxAshgreninja|move: Tailwind\n|move|p2b: Mettle|Electro Shot||[still]\n|-prepare|p2b: Mettle|Electro Shot\n|-boost|p2b: Mettle|spa|1\n|-anim|p2b: Mettle|Electro Shot|p1a: Typhlosion\n|-damage|p1a: Typhlosion|5/100\n|\n|-weather|RainDance|[upkeep]\n|-heal|p2a: Time2SayGB|73/100|[from] item: Leftovers\n|upkeep\n|turn|2\n|inactive|ChronicNikos has 30 seconds left.\n|\n|t:|1776268812\n|switch|p1a: Tauros|Tauros-Paldea-Aqua, L50, M, shiny|100/100\n|-ability|p1a: Tauros|Intimidate|boost\n|-unboost|p2a: Time2SayGB|atk|1\n|-unboost|p2b: Mettle|atk|1\n|move|p1b: Aerodactyl|Protect|p1b: Aerodactyl\n|-singleturn|p1b: Aerodactyl|Protect\n|move|p2b: Mettle|Protect|p2b: Mettle\n|-singleturn|p2b: Mettle|Protect\n|move|p2a: Time2SayGB|Weather Ball|p1a: Tauros\n|-resisted|p1a: Tauros|1\n|-damage|p1a: Tauros|65/100\n|\n|-weather|RainDance|[upkeep]\n|-heal|p2a: Time2SayGB|79/100|[from] item: Leftovers\n|upkeep\n|turn|3\n|\n|t:|1776268835\n|switch|p2b: Tri-Hard|Basculegion, L50, M|100/100\n|move|p1b: Aerodactyl|Dual Wingbeat|p2a: Time2SayGB\n|-damage|p2a: Time2SayGB|61/100\n|-damage|p2a: Time2SayGB|42/100\n|-hitcount|p2a: Time2SayGB|2\n|move|p1a: Tauros|Close Combat|p2b: Tri-Hard\n|-immune|p2b: Tri-Hard\n|move|p2a: Time2SayGB|Weather Ball|p1b: Aerodactyl\n|-supereffective|p1b: Aerodactyl|1\n|-enditem|p1b: Aerodactyl|Focus Sash\n|-damage|p1b: Aerodactyl|1/100\n|\n|-weather|RainDance|[upkeep]\n|-heal|p2a: Time2SayGB|48/100|[from] item: Leftovers\n|upkeep\n|turn|4\n|inactive|maxAshgreninja has 30 seconds left.\n|inactive|ChronicNikos has 30 seconds left.\n|inactive|ChronicNikos has 20 seconds left.\n|inactive|ChronicNikos has 15 seconds left.\n|inactive|ChronicNikos has 10 seconds left.\n|\n|t:|1776268881\n|switch|p1a: Kangaskhan|Kangaskhan, L50, F|100/100\n|switch|p2a: AllThingsMustDie|Gengar, L50, F, shiny|100/100\n|move|p1b: Aerodactyl|Dual Wingbeat|p2a: AllThingsMustDie\n|-damage|p2a: AllThingsMustDie|72/100\n|-damage|p2a: AllThingsMustDie|40/100\n|-hitcount|p2a: AllThingsMustDie|2\n|move|p2b: Tri-Hard|Flip Turn|p1a: Kangaskhan\n|-damage|p1a: Kangaskhan|36/100\n|inactive|ChronicNikos has 30 seconds left.\n|\n|t:|1776268907\n|switch|p2b: Mettle|Archaludon, L50, F|100/100|[from] Flip Turn\n|\n|-weather|RainDance|[upkeep]\n|-sideend|p1: maxAshgreninja|move: Tailwind\n|upkeep\n|turn|5\n|\n|t:|1776268927\n|detailschange|p2a: AllThingsMustDie|Gengar-Mega, L50, F, shiny\n|-mega|p2a: AllThingsMustDie|Gengar|Gengarite\n|detailschange|p1a: Kangaskhan|Kangaskhan-Mega, L50, F\n|-mega|p1a: Kangaskhan|Kangaskhan|Kangaskhanite\n|move|p1a: Kangaskhan|Fake Out|p2b: Mettle\n|-resisted|p2b: Mettle|1\n|-damage|p2b: Mettle|90/100\n|-resisted|p2b: Mettle|1\n|-damage|p2b: Mettle|88/100\n|-hitcount|p2b: Mettle|2\n|move|p2a: AllThingsMustDie|Perish Song|p2a: AllThingsMustDie\n|-start|p1a: Kangaskhan|perish3|[silent]\n|-start|p1b: Aerodactyl|perish3|[silent]\n|-start|p2a: AllThingsMustDie|perish3|[silent]\n|-start|p2b: Mettle|perish3|[silent]\n|-fieldactivate|move: Perish Song\n|move|p1b: Aerodactyl|Tailwind|p1b: Aerodactyl\n|-sidestart|p1: maxAshgreninja|move: Tailwind\n|cant|p2b: Mettle|flinch\n|\n|-weather|none\n|-start|p1b: Aerodactyl|perish3\n|-start|p1a: Kangaskhan|perish3\n|-start|p2a: AllThingsMustDie|perish3\n|-start|p2b: Mettle|perish3\n|upkeep\n|turn|6\n|inactive|maxAshgreninja has 30 seconds left.\n|inactive|ChronicNikos has 30 seconds left.\n|inactive|ChronicNikos has 20 seconds left.\n|\n|t:|1776268963\n|switch|p2b: Tri-Hard|Basculegion, L50, M|100/100\n|move|p2a: AllThingsMustDie|Protect|p2a: AllThingsMustDie\n|-singleturn|p2a: AllThingsMustDie|Protect\n|move|p1b: Aerodactyl|Dual Wingbeat|p2b: Tri-Hard\n|-damage|p2b: Tri-Hard|77/100\n|-damage|p2b: Tri-Hard|55/100\n|-hitcount|p2b: Tri-Hard|2\n|move|p1a: Kangaskhan|Drain Punch|p2b: Tri-Hard\n|-immune|p2b: Tri-Hard\n|\n|-start|p1b: Aerodactyl|perish2\n|-start|p1a: Kangaskhan|perish2\n|-start|p2a: AllThingsMustDie|perish2\n|upkeep\n|turn|7\n|inactive|ChronicNikos has 30 seconds left.\n|\n|t:|1776268991\n|switch|p2a: Time2SayGB|Politoed, L50, M|48/100\n|-weather|RainDance|[from] ability: Drizzle|[of] p2a: Time2SayGB\n|move|p1a: Kangaskhan|Sucker Punch||[still]\n|-fail|p1a: Kangaskhan\n|move|p1b: Aerodactyl|Rock Slide|p2b: Tri-Hard|[spread] p2a\n|-miss|p1b: Aerodactyl|p2b: Tri-Hard\n|-damage|p2a: Time2SayGB|23/100\n|move|p2b: Tri-Hard|Flip Turn|p1a: Kangaskhan\n|-damage|p1a: Kangaskhan|0 fnt\n|faint|p1a: Kangaskhan\n|\n|t:|1776269006\n|switch|p2b: AllThingsMustDie|Gengar-Mega, L50, F, shiny|40/100|[from] Flip Turn\n|\n|-weather|RainDance|[upkeep]\n|-heal|p2a: Time2SayGB|29/100|[from] item: Leftovers\n|-start|p1b: Aerodactyl|perish1\n|upkeep\n|\n|t:|1776269016\n|switch|p1a: Tauros|Tauros-Paldea-Aqua, L50, M, shiny|65/100\n|-ability|p1a: Tauros|Intimidate|boost\n|-unboost|p2a: Time2SayGB|atk|1\n|-unboost|p2b: AllThingsMustDie|atk|1\n|turn|8\n|\n|t:|1776269038\n|move|p2b: AllThingsMustDie|Protect|p2b: AllThingsMustDie\n|-singleturn|p2b: AllThingsMustDie|Protect\n|move|p2a: Time2SayGB|Protect|p2a: Time2SayGB\n|-singleturn|p2a: Time2SayGB|Protect\n|move|p1a: Tauros|Aqua Jet|p2a: Time2SayGB\n|-activate|p2a: Time2SayGB|move: Protect\n|move|p1b: Aerodactyl|Dual Wingbeat|p2a: Time2SayGB\n|-activate|p2a: Time2SayGB|move: Protect\n|\n|-weather|RainDance|[upkeep]\n|-heal|p2a: Time2SayGB|36/100|[from] item: Leftovers\n|-start|p1b: Aerodactyl|perish0\n|-sideend|p1: maxAshgreninja|move: Tailwind\n|faint|p1b: Aerodactyl\n|upkeep\n|\n|t:|1776269051\n|switch|p1b: Typhlosion|Typhlosion-Hisui, L50, F|5/100\n|-item|p2a: Time2SayGB|Leftovers|[from] ability: Frisk|[of] p1b: Typhlosion\n|-item|p2b: AllThingsMustDie|Gengarite|[from] ability: Frisk|[of] p1b: Typhlosion\n|turn|9\n|inactive|ChronicNikos has 30 seconds left.\n|inactive|ChronicNikos has 20 seconds left.\n|inactive|ChronicNikos has 15 seconds left.\n|inactive|ChronicNikos has 10 seconds left.\n|inactive|ChronicNikos has 5 seconds left.\n|\n|t:|1776269103\n|switch|p2b: Tri-Hard|Basculegion, L50, M|55/100\n|move|p1b: Typhlosion|Shadow Ball|p2b: Tri-Hard\n|-supereffective|p2b: Tri-Hard|1\n|-damage|p2b: Tri-Hard|0 fnt\n|faint|p2b: Tri-Hard\n|move|p1a: Tauros|Water Pulse|p2a: Time2SayGB\n|-resisted|p2a: Time2SayGB|1\n|-damage|p2a: Time2SayGB|31/100\n|move|p2a: Time2SayGB|Perish Song|p2a: Time2SayGB\n|-start|p1a: Tauros|perish3|[silent]\n|-start|p1b: Typhlosion|perish3|[silent]\n|-start|p2a: Time2SayGB|perish3|[silent]\n|-fieldactivate|move: Perish Song\n|\n|-weather|RainDance|[upkeep]\n|-heal|p2a: Time2SayGB|37/100|[from] item: Leftovers\n|-start|p1b: Typhlosion|perish3\n|-start|p1a: Tauros|perish3\n|-start|p2a: Time2SayGB|perish3\n|upkeep\n|inactive|ChronicNikos has 30 seconds left.\n|\n|t:|1776269135\n|switch|p2b: Mettle|Archaludon, L50, F|88/100\n|turn|10\n|\n|t:|1776269143\n|move|p2b: Mettle|Protect|p2b: Mettle\n|-singleturn|p2b: Mettle|Protect\n|move|p2a: Time2SayGB|Protect|p2a: Time2SayGB\n|-singleturn|p2a: Time2SayGB|Protect\n|move|p1b: Typhlosion|Shadow Ball|p2a: Time2SayGB\n|-activate|p2a: Time2SayGB|move: Protect\n|move|p1a: Tauros|Close Combat|p2b: Mettle\n|-activate|p2b: Mettle|move: Protect\n|\n|-weather|RainDance|[upkeep]\n|-heal|p2a: Time2SayGB|43/100|[from] item: Leftovers\n|-start|p1b: Typhlosion|perish2\n|-start|p1a: Tauros|perish2\n|-start|p2a: Time2SayGB|perish2\n|upkeep\n|turn|11\n|\n|t:|1776269164\n|switch|p2b: AllThingsMustDie|Gengar-Mega, L50, F, shiny|40/100\n|move|p1b: Typhlosion|Shadow Ball|p2a: Time2SayGB\n|-damage|p2a: Time2SayGB|14/100\n|-unboost|p2a: Time2SayGB|spd|1\n|move|p1a: Tauros|Close Combat|p2b: AllThingsMustDie\n|-immune|p2b: AllThingsMustDie\n|move|p2a: Time2SayGB|Weather Ball|p1b: Typhlosion\n|-supereffective|p1b: Typhlosion|1\n|-damage|p1b: Typhlosion|0 fnt\n|faint|p1b: Typhlosion\n|\n|-weather|none\n|-heal|p2a: Time2SayGB|20/100|[from] item: Leftovers\n|-start|p1a: Tauros|perish1\n|-start|p2a: Time2SayGB|perish1\n|upkeep\n|turn|12\n|\n|t:|1776269181\n|switch|p2a: Mettle|Archaludon, L50, F|88/100\n|move|p2b: AllThingsMustDie|Protect|p2b: AllThingsMustDie\n|-singleturn|p2b: AllThingsMustDie|Protect\n|move|p1a: Tauros|Close Combat|p2a: Mettle\n|-supereffective|p2a: Mettle|1\n|-damage|p2a: Mettle|0 fnt\n|-unboost|p1a: Tauros|def|1\n|-unboost|p1a: Tauros|spd|1\n|faint|p2a: Mettle\n|-enditem|p1a: Tauros|White Herb\n|-clearnegativeboost|p1a: Tauros|[silent]\n|\n|-start|p1a: Tauros|perish0\n|faint|p1a: Tauros\n|\n|win|ChronicNikos\n|raw|maxAshgreninja's rating: 1152 &rarr; <strong>1133</strong><br />(-19 for losing)\n|raw|ChronicNikos's rating: 1235 &rarr; <strong>1254</strong><br />(+19 for winning)\n|l|\u2606maxAshgreninja\n|player|p1|\n",
  "uploadtime": 1776269196,
  "views": 21,
  "formatid": "gen9championsvgc2026regma",
  "rating": 1133,
  "private": 0,
  "password": null
}