{
  "id": "gen9championsvgc2026regma-2584414181",
  "format": "[Gen 9 Champions] VGC 2026 Reg M-A",
  "players": [
    "sparkelzlol",
    "ku3mmelko3nig"
  ],
  "log": "|j|\u2606sparkelzlol\n|j|\u2606ku3mmelko3nig\n|t:|1776259162\n|gametype|doubles\n|player|p1|sparkelzlol|riley|1395\n|player|p2|ku3mmelko3nig|winona|1304\n|gen|9\n|tier|[Gen 9 Champions] VGC 2026 Reg M-A\n|rated|\n|rule|Species Clause: Limit one of each Pok\u00e9mon\n|rule|Item Clause: Limit 1 of each item\n|clearpoke\n|poke|p1|Floette-Eternal, L50, F|\n|poke|p1|Garchomp, L50, M|\n|poke|p1|Sneasler, L50, M|\n|poke|p1|Rotom-Wash, L50|\n|poke|p1|Aerodactyl, L50, F|\n|poke|p1|Incineroar, L50, M|\n|poke|p2|Tyranitar, L50, M|\n|poke|p2|Milotic, L50, F|\n|poke|p2|Sinistcha-Masterpiece, L50|\n|poke|p2|Garchomp, L50, F|\n|poke|p2|Aerodactyl, L50, F|\n|poke|p2|Chimecho, L50, M|\n|teampreview|4\n|inactive|Battle timer is ON: inactive players will automatically lose when time's up. (requested by sparkelzlol)\n|inactive|ku3mmelko3nig also wants the timer to be on.\n|inactive|sparkelzlol has 60 seconds left.\n|inactive|ku3mmelko3nig has 60 seconds left.\n|\n|t:|1776259202\n|teamsize|p1|4\n|teamsize|p2|4\n|start\n|switch|p1a: Rotom|Rotom-Wash, L50|100/100\n|switch|p1b: Garchomp|Garchomp, L50, M|100/100\n|switch|p2a: Milotic|Milotic, L50, F, shiny|100/100\n|switch|p2b: Chimecho|Chimecho, L50, M, shiny|100/100\n|turn|1\n|\n|t:|1776259218\n|switch|p2a: Garchomp|Garchomp, L50, F, shiny|100/100\n|detailschange|p2b: Chimecho|Chimecho-Mega, L50, M, shiny\n|-mega|p2b: Chimecho|Chimecho|Chimechite\n|move|p1a: Rotom|Electroweb|p2a: Garchomp|[spread] p2b\n|-immune|p2a: Garchomp\n|-damage|p2b: Chimecho|86/100\n|-unboost|p2b: Chimecho|spe|1\n|move|p1b: Garchomp|Earthquake|p2b: Chimecho|[spread] p2a\n|-immune|p1a: Rotom|[from] ability: Levitate\n|-immune|p2b: Chimecho|[from] ability: Levitate\n|-damage|p2a: Garchomp|55/100\n|move|p2b: Chimecho|Calm Mind|p2b: Chimecho\n|-boost|p2b: Chimecho|spa|1\n|-boost|p2b: Chimecho|spd|1\n|\n|upkeep\n|turn|2\n|\n|t:|1776259242\n|switch|p1a: Sneasler|Sneasler, L50, M|100/100\n|move|p2a: Garchomp|Protect|p2a: Garchomp\n|-singleturn|p2a: Garchomp|Protect\n|move|p1b: Garchomp|Dragon Claw|p2a: Garchomp\n|-activate|p2a: Garchomp|move: Protect\n|move|p2b: Chimecho|Hyper Voice|p1b: Garchomp|[spread] p1a,p1b\n|-damage|p1a: Sneasler|44/100\n|-damage|p1b: Garchomp|59/100\n|\n|upkeep\n|turn|3\n|\n|t:|1776259259\n|switch|p2a: Sinistcha|Sinistcha-Masterpiece, L50, shiny|100/100\n|-heal|p2b: Chimecho|100/100|[from] ability: Hospitality|[of] p2a: Sinistcha\n|move|p2b: Chimecho|Protect|p2b: Chimecho\n|-singleturn|p2b: Chimecho|Protect\n|move|p1a: Sneasler|Fake Out|p2b: Chimecho\n|-activate|p2b: Chimecho|move: Protect\n|move|p1b: Garchomp|Dragon Claw|p2a: Sinistcha\n|-damage|p2a: Sinistcha|70/100\n|\n|upkeep\n|turn|4\n|\n|t:|1776259278\n|move|p1a: Sneasler|Dire Claw|p2a: Sinistcha\n|-damage|p2a: Sinistcha|40/100\n|-enditem|p2a: Sinistcha|Sitrus Berry|[eat]\n|-heal|p2a: Sinistcha|65/100|[from] item: Sitrus Berry\n|move|p1b: Garchomp|Dragon Claw|p2a: Sinistcha\n|-damage|p2a: Sinistcha|34/100\n|move|p2b: Chimecho|Calm Mind|p2b: Chimecho\n|-boost|p2b: Chimecho|spa|1\n|-boost|p2b: Chimecho|spd|1\n|move|p2a: Sinistcha|Trick Room|p2a: Sinistcha\n|-fieldstart|move: Trick Room|[of] p2a: Sinistcha\n|\n|upkeep\n|turn|5\n|\n|t:|1776259296\n|move|p1b: Garchomp|Protect|p1b: Garchomp\n|-singleturn|p1b: Garchomp|Protect\n|move|p2b: Chimecho|Hyper Voice|p1a: Sneasler|[spread] p1a\n|-activate|p1b: Garchomp|move: Protect\n|-damage|p1a: Sneasler|0 fnt\n|faint|p1a: Sneasler\n|move|p2a: Sinistcha|Life Dew||[still]|[spread] p2a,p2b\n|-heal|p2a: Sinistcha|59/100\n|-fail|p2b: Chimecho|heal\n|\n|upkeep\n|\n|t:|1776259306\n|switch|p1a: Rotom|Rotom-Wash, L50|100/100\n|turn|6\n|j| inakunana\n|\n|t:|1776259315\n|move|p2a: Sinistcha|Rage Powder|p2a: Sinistcha\n|-singleturn|p2a: Sinistcha|move: Rage Powder\n|move|p2b: Chimecho|Hyper Voice|p1a: Rotom|[spread] p1a,p1b\n|-damage|p1a: Rotom|40/100\n|-damage|p1b: Garchomp|2/100\n|move|p1b: Garchomp|Dragon Claw|p2a: Sinistcha\n|-damage|p2a: Sinistcha|31/100\n|move|p1a: Rotom|Hydro Pump|p2a: Sinistcha\n|-resisted|p2a: Sinistcha|1\n|-damage|p2a: Sinistcha|7/100\n|\n|upkeep\n|turn|7\n|\n|t:|1776259329\n|move|p1b: Garchomp|Protect|p1b: Garchomp\n|-singleturn|p1b: Garchomp|Protect\n|move|p2b: Chimecho|Hyper Voice|p1b: Garchomp|[spread] p1a\n|-activate|p1b: Garchomp|move: Protect\n|-damage|p1a: Rotom|0 fnt\n|faint|p1a: Rotom\n|move|p2a: Sinistcha|Life Dew||[still]|[spread] p2a,p2b\n|-heal|p2a: Sinistcha|32/100\n|-fail|p2b: Chimecho|heal\n|\n|upkeep\n|\n|t:|1776259335\n|switch|p1a: Floette|Floette-Eternal, L50, F|100/100\n|turn|8\n|\n|t:|1776259346\n|detailschange|p1a: Floette|Floette-Mega, L50, F\n|-mega|p1a: Floette|Floette|Floettite\n|-ability|p1a: Floette|Fairy Aura\n|move|p2b: Chimecho|Hyper Voice|p1a: Floette|[spread] p1a,p1b\n|-damage|p1a: Floette|60/100\n|-damage|p1b: Garchomp|0 fnt\n|faint|p1b: Garchomp\n|move|p2a: Sinistcha|Life Dew||[still]|[spread] p2a,p2b\n|-heal|p2a: Sinistcha|57/100\n|-fail|p2b: Chimecho|heal\n|move|p1a: Floette|Moonblast|p2b: Chimecho\n|-resisted|p2b: Chimecho|1\n|-damage|p2b: Chimecho|84/100\n|\n|-fieldend|move: Trick Room\n|upkeep\n|turn|9\n|\n|t:|1776259363\n|move|p1a: Floette|Moonblast|p2a: Sinistcha\n|-damage|p2a: Sinistcha|0 fnt\n|faint|p2a: Sinistcha\n|move|p2b: Chimecho|Flash Cannon|p1a: Floette\n|-supereffective|p1a: Floette|1\n|-damage|p1a: Floette|0 fnt\n|faint|p1a: Floette\n|\n|win|ku3mmelko3nig\n|raw|sparkelzlol's rating: 1395 &rarr; <strong>1370</strong><br />(-25 for losing)\n|raw|ku3mmelko3nig's rating: 1304 &rarr; <strong>1329</strong><br />(+25 for winning)\n|l|\u2606sparkelzlol\n|player|p1|\n",
  "uploadtime": 1776259382,
  "views": 46,
  "formatid": "gen9championsvgc2026regma",
  "rating": 1329,
  "private": 0,
  "password": null
}