{
  "id": "gen9championsvgc2026regma-2587003488",
  "format": "[Gen 9 Champions] VGC 2026 Reg M-A",
  "players": [
    "SuperSonic1990",
    "Mega Kingler X"
  ],
  "log": "|j|\u2606SuperSonic1990\n|j|\u2606Mega Kingler X\n|t:|1776480211\n|gametype|doubles\n|player|p1|SuperSonic1990|170|1063\n|player|p2|Mega Kingler X|clay|1026\n|gen|9\n|tier|[Gen 9 Champions] VGC 2026 Reg M-A\n|rated|\n|rule|Species Clause: Limit one of each Pok\u00e9mon\n|rule|Item Clause: Limit 1 of each item\n|clearpoke\n|poke|p1|Starmie, L50|\n|poke|p1|Scovillain, L50, F|\n|poke|p1|Rotom-Wash, L50|\n|poke|p1|Aerodactyl, L50, M|\n|poke|p1|Aegislash, L50, M|\n|poke|p1|Garchomp, L50, M|\n|poke|p2|Kangaskhan, L50, F|\n|poke|p2|Alcremie, L50, F|\n|poke|p2|Ariados, L50, M|\n|poke|p2|Weavile, L50, M|\n|poke|p2|Heliolisk, L50, M|\n|poke|p2|Empoleon, L50, M|\n|teampreview|4\n|\n|t:|1776480247\n|teamsize|p1|4\n|teamsize|p2|4\n|start\n|switch|p1a: Aerodactyl|Aerodactyl, L50, M|100/100\n|switch|p1b: Scovillain|Scovillain, L50, F|100/100\n|switch|p2a: Ariados|Ariados, L50, M|100/100\n|switch|p2b: Weavile|Weavile, L50, M|100/100\n|-ability|p2b: Weavile|Pressure\n|turn|1\n|\n|t:|1776480263\n|detailschange|p1b: Scovillain|Scovillain-Mega, L50, F\n|-mega|p1b: Scovillain|Scovillain|Scovillainite\n|move|p1a: Aerodactyl|Protect|p1a: Aerodactyl\n|-singleturn|p1a: Aerodactyl|Protect\n|move|p1b: Scovillain|Protect|p1b: Scovillain\n|-singleturn|p1b: Scovillain|Protect\n|move|p2b: Weavile|Fake Out|p1a: Aerodactyl\n|-activate|p1a: Aerodactyl|move: Protect\n|move|p2a: Ariados|String Shot|p1b: Scovillain|[spread] \n|-activate|p1a: Aerodactyl|move: Protect\n|-activate|p1b: Scovillain|move: Protect\n|\n|upkeep\n|turn|2\n|\n|t:|1776480309\n|move|p2b: Weavile|Protect|p2b: Weavile\n|-singleturn|p2b: Weavile|Protect\n|move|p1b: Scovillain|Rage Powder|p1b: Scovillain\n|-singleturn|p1b: Scovillain|move: Rage Powder\n|move|p1a: Aerodactyl|Tailwind|p1a: Aerodactyl\n|-sidestart|p1: SuperSonic1990|move: Tailwind\n|move|p2a: Ariados|String Shot|p1a: Aerodactyl|[spread] p1a,p1b\n|-unboost|p1a: Aerodactyl|spe|2\n|-unboost|p1b: Scovillain|spe|2\n|\n|upkeep\n|turn|3\n|\n|t:|1776480339\n|move|p1a: Aerodactyl|Rock Slide|p2b: Weavile|[spread] p2a,p2b\n|-supereffective|p2a: Ariados|1\n|-supereffective|p2b: Weavile|1\n|-damage|p2a: Ariados|52/100\n|-damage|p2b: Weavile|7/100\n|cant|p2b: Weavile|flinch\n|move|p1b: Scovillain|Flamethrower|p2b: Weavile\n|-supereffective|p2b: Weavile|1\n|-damage|p2b: Weavile|0 fnt\n|faint|p2b: Weavile\n|cant|p2a: Ariados|flinch\n|\n|upkeep\n|\n|t:|1776480355\n|switch|p2b: Alcremie|Alcremie, L50, F, shiny|100/100\n|turn|4\n|\n|t:|1776480367\n|move|p2b: Alcremie|Protect|p2b: Alcremie\n|-singleturn|p2b: Alcremie|Protect\n|move|p1a: Aerodactyl|Rock Slide|p2b: Alcremie|[spread] p2a\n|-activate|p2b: Alcremie|move: Protect\n|-supereffective|p2a: Ariados|1\n|-damage|p2a: Ariados|0 fnt\n|faint|p2a: Ariados\n|move|p1b: Scovillain|Flamethrower|p2b: Alcremie\n|-activate|p2b: Alcremie|move: Protect\n|\n|upkeep\n|\n|t:|1776480373\n|switch|p2a: Kangaskhan|Kangaskhan, L50, F|100/100\n|turn|5\n|\n|t:|1776480380\n|detailschange|p2a: Kangaskhan|Kangaskhan-Mega, L50, F\n|-mega|p2a: Kangaskhan|Kangaskhan|Kangaskhanite\n|move|p1b: Scovillain|Rage Powder|p1b: Scovillain\n|-singleturn|p1b: Scovillain|move: Rage Powder\n|move|p1a: Aerodactyl|Rock Slide|p2a: Kangaskhan|[spread] p2a,p2b\n|-damage|p2a: Kangaskhan|74/100\n|-damage|p2b: Alcremie|74/100\n|move|p2a: Kangaskhan|Double-Edge|p1b: Scovillain\n|-damage|p1b: Scovillain|30/100\n|-status|p2a: Kangaskhan|brn|[from] ability: Spicy Spray|[of] p1b: Scovillain\n|-damage|p1b: Scovillain|21/100\n|-hitcount|p1b: Scovillain|2\n|-damage|p2a: Kangaskhan|50/100 brn|[from] Recoil\n|move|p2b: Alcremie|Decorate|p1b: Scovillain\n|-boost|p1b: Scovillain|atk|2\n|-boost|p1b: Scovillain|spa|2\n|\n|-damage|p2a: Kangaskhan|44/100 brn|[from] brn\n|-sideend|p1: SuperSonic1990|move: Tailwind\n|upkeep\n|turn|6\n|-message|Mega Kingler X forfeited.\n|\n|win|SuperSonic1990\n|raw|SuperSonic1990's rating: 1063 &rarr; <strong>1090</strong><br />(+27 for winning)\n|raw|Mega Kingler X's rating: 1026 &rarr; <strong>1014</strong><br />(-12 for losing)\n|l|\u2606Mega Kingler X\n|player|p2|\n",
  "uploadtime": 1776480405,
  "views": 14,
  "formatid": "gen9championsvgc2026regma",
  "rating": 1014,
  "private": 0,
  "password": null
}