{
  "id": "gen9championsvgc2026regma-2587656069",
  "format": "[Gen 9 Champions] VGC 2026 Reg M-A",
  "players": [
    "shucklestrats",
    "zaulpokemonpro"
  ],
  "log": "|j|\u2606shucklestrats\n|j|\u2606zaulpokemonpro\n|t:|1776550939\n|gametype|doubles\n|player|p1|shucklestrats|artist-gen8|1176\n|player|p2|zaulpokemonpro|morty|1225\n|gen|9\n|tier|[Gen 9 Champions] VGC 2026 Reg M-A\n|rated|\n|rule|Species Clause: Limit one of each Pok\u00e9mon\n|rule|Item Clause: Limit 1 of each item\n|clearpoke\n|poke|p1|Kommo-o, L50, M|\n|poke|p1|Gengar, L50, M, shiny|\n|poke|p1|Tinkaton, L50, F|\n|poke|p1|Decidueye, L50, F, shiny|\n|poke|p1|Orthworm, L50, M, shiny|\n|poke|p1|Garchomp, L50, F|\n|poke|p2|Froslass, L50, F|\n|poke|p2|Garchomp, L50, F|\n|poke|p2|Rotom-Frost, L50|\n|poke|p2|Empoleon, L50, M|\n|poke|p2|Incineroar, L50, M|\n|poke|p2|Kingambit, L50, F|\n|teampreview|4\n|inactive|Battle timer is ON: inactive players will automatically lose when time's up. (requested by shucklestrats)\n|c|\u2606shucklestrats|gl hf\nshucklestrats rejected open team sheets.\n|c|\u2606zaulpokemonpro|glhf\n|inactive|shucklestrats has 60 seconds left.\n|inactive|zaulpokemonpro has 60 seconds left.\n|inactive|zaulpokemonpro has 30 seconds left.\n|inactive|zaulpokemonpro has 20 seconds left.\n|inactive|zaulpokemonpro has 15 seconds left.\n|\n|t:|1776551015\n|teamsize|p1|4\n|teamsize|p2|4\n|start\n|switch|p1a: Decidueye|Decidueye, L50, F, shiny|100/100\n|switch|p1b: Tinkaton|Tinkaton, L50, F|100/100\n|switch|p2a: Froslass|Froslass, L50, F|100/100\n|switch|p2b: Rotom|Rotom-Frost, L50|100/100\n|-ability|p1b: Tinkaton|Mold Breaker\n|turn|1\n|\n|t:|1776551031\n|detailschange|p2a: Froslass|Froslass-Mega, L50, F\n|-mega|p2a: Froslass|Froslass|Froslassite\n|-weather|Snowscape|[from] ability: Snow Warning|[of] p2a: Froslass\n|move|p2b: Rotom|Blizzard|p1b: Tinkaton|[spread] p1a,p1b\n|-supereffective|p1a: Decidueye|1\n|-resisted|p1b: Tinkaton|1\n|-damage|p1a: Decidueye|17/100\n|-damage|p1b: Tinkaton|90/100\n|move|p2a: Froslass|Aurora Veil|p2a: Froslass\n|-sidestart|p2: zaulpokemonpro|move: Aurora Veil\n|move|p1b: Tinkaton|Gigaton Hammer|p2a: Froslass\n|-supereffective|p2a: Froslass|1\n|-damage|p2a: Froslass|37/100\n|move|p1a: Decidueye|Tailwind|p1a: Decidueye\n|-sidestart|p1: shucklestrats|move: Tailwind\n|\n|-weather|Snowscape|[upkeep]\n|upkeep\n|turn|2\n|\n|t:|1776551053\n|move|p1b: Tinkaton|Helping Hand|p1a: Decidueye\n|-singleturn|p1a: Decidueye|Helping Hand|[of] p1b: Tinkaton\n|move|p2a: Froslass|Protect|p2a: Froslass\n|-singleturn|p2a: Froslass|Protect\n|move|p2b: Rotom|Blizzard|p1a: Decidueye|[spread] p1a,p1b\n|-supereffective|p1a: Decidueye|1\n|-resisted|p1b: Tinkaton|1\n|-damage|p1a: Decidueye|0 fnt\n|-damage|p1b: Tinkaton|79/100\n|faint|p1a: Decidueye\n|\n|-weather|Snowscape|[upkeep]\n|upkeep\n|c|\u2606shucklestrats|oh its scarf\n|\n|t:|1776551071\n|switch|p1a: Gengar|Gengar, L50, M, shiny|100/100\n|turn|3\n|c|\u2606shucklestrats|i got a lil confused there ngl\n|c|\u2606zaulpokemonpro|im new i just started yesterday lol\n|inactive|zaulpokemonpro has 30 seconds left.\n|c|\u2606zaulpokemonpro|i wanna practice for champions\n|c|\u2606shucklestrats|same\n|c|\u2606shucklestrats|i started 2 days ago\n|inactive|zaulpokemonpro has 20 seconds left.\n|inactive|zaulpokemonpro has 15 seconds left.\n|inactive|zaulpokemonpro has 10 seconds left.\n|inactive|zaulpokemonpro has 5 seconds left.\n|\n|t:|1776551122\n|switch|p2b: Incineroar|Incineroar, L50, M|100/100\n|-ability|p2b: Incineroar|Intimidate|boost\n|-unboost|p1a: Gengar|atk|1\n|-unboost|p1b: Tinkaton|atk|1\n|detailschange|p1a: Gengar|Gengar-Mega, L50, M, shiny\n|-mega|p1a: Gengar|Gengar|Gengarite\n|move|p1a: Gengar|Shadow Ball|p2a: Froslass\n|-supereffective|p2a: Froslass|1\n|-damage|p2a: Froslass|0 fnt\n|faint|p2a: Froslass\n|move|p1b: Tinkaton|Gigaton Hammer|p2b: Incineroar\n|-resisted|p2b: Incineroar|1\n|-damage|p2b: Incineroar|91/100\n|\n|-weather|Snowscape|[upkeep]\n|upkeep\n|\n|t:|1776551140\n|switch|p2a: Empoleon|Empoleon, L50, M|100/100\n|turn|4\n|\n|t:|1776551160\n|switch|p1b: Kommo-o|Kommo-o, L50, M|100/100\n|move|p1a: Gengar|Perish Song|p1a: Gengar\n|-start|p1a: Gengar|perish3|[silent]\n|-immune|p1b: Kommo-o|[from] ability: Soundproof\n|-start|p2a: Empoleon|perish3|[silent]\n|-start|p2b: Incineroar|perish3|[silent]\n|-fieldactivate|move: Perish Song\n|move|p2a: Empoleon|Flash Cannon|p1b: Kommo-o\n|-damage|p1b: Kommo-o|62/100\n|move|p2b: Incineroar|Flare Blitz|p1b: Kommo-o\n|-resisted|p1b: Kommo-o|1\n|-damage|p1b: Kommo-o|36/100\n|-damage|p2b: Incineroar|83/100|[from] Recoil\n|\n|-weather|Snowscape|[upkeep]\n|-start|p1a: Gengar|perish3\n|-start|p2a: Empoleon|perish3\n|-start|p2b: Incineroar|perish3\n|-sideend|p1: shucklestrats|move: Tailwind\n|upkeep\n|turn|5\n|inactive|zaulpokemonpro has 30 seconds left.\n|\n|t:|1776551186\n|move|p1a: Gengar|Protect|p1a: Gengar\n|-singleturn|p1a: Gengar|Protect\n|move|p1b: Kommo-o|Protect|p1b: Kommo-o\n|-singleturn|p1b: Kommo-o|Protect\n|move|p2a: Empoleon|Flash Cannon|p1a: Gengar\n|-activate|p1a: Gengar|move: Protect\n|move|p2b: Incineroar|Darkest Lariat|p1a: Gengar\n|-activate|p1a: Gengar|move: Protect\n|\n|-weather|none\n|-start|p1a: Gengar|perish2\n|-start|p2a: Empoleon|perish2\n|-start|p2b: Incineroar|perish2\n|-sideend|p2: zaulpokemonpro|move: Aurora Veil\n|upkeep\n|turn|6\n|\n|t:|1776551206\n|switch|p1b: Tinkaton|Tinkaton, L50, F|79/100\n|-ability|p1b: Tinkaton|Mold Breaker\n|move|p1a: Gengar|Disable|p2b: Incineroar\n|-start|p2b: Incineroar|Disable|Darkest Lariat\n|move|p2a: Empoleon|Flash Cannon|p1a: Gengar\n|-damage|p1a: Gengar|47/100\n|cant|p2b: Incineroar|Disable|Darkest Lariat\n|\n|-start|p1a: Gengar|perish1\n|-start|p2a: Empoleon|perish1\n|-start|p2b: Incineroar|perish1\n|upkeep\n|turn|7\n|inactive|zaulpokemonpro has 30 seconds left.\n|inactive|zaulpokemonpro has 20 seconds left.\n|c|\u2606shucklestrats|I have a really specially defensive tinkaton so i think i should win this endgame\n|inactive|zaulpokemonpro has 15 seconds left.\n|inactive|zaulpokemonpro has 10 seconds left.\n|inactive|zaulpokemonpro has 5 seconds left.\n|\n|t:|1776551257\n|switch|p1a: Kommo-o|Kommo-o, L50, M|36/100\n|move|p1b: Tinkaton|Fake Out|p2b: Incineroar\n|-damage|p2b: Incineroar|76/100\n|move|p2a: Empoleon|Flash Cannon|p1b: Tinkaton\n|-damage|p1b: Tinkaton|53/100\n|cant|p2b: Incineroar|flinch\n|\n|-start|p2a: Empoleon|perish0\n|-start|p2b: Incineroar|perish0\n|upkeep\n|faint|p2a: Empoleon\n|faint|p2b: Incineroar\n|\n|t:|1776551271\n|switch|p2a: Rotom|Rotom-Frost, L50|100/100\n|turn|8\n|\n|t:|1776551288\n|switch|p1b: Gengar|Gengar-Mega, L50, M, shiny|47/100\n|move|p1a: Kommo-o|Protect|p1a: Kommo-o\n|-singleturn|p1a: Kommo-o|Protect\n|move|p2a: Rotom|Thunderbolt|p1b: Gengar\n|-damage|p1b: Gengar|0 fnt\n|faint|p1b: Gengar\n|\n|upkeep\n|\n|t:|1776551290\n|switch|p1b: Tinkaton|Tinkaton, L50, F|53/100\n|-ability|p1b: Tinkaton|Mold Breaker\n|turn|9\n|\n|t:|1776551300\n|move|p1b: Tinkaton|Fake Out|p2a: Rotom\n|-damage|p2a: Rotom|89/100\n|cant|p2a: Rotom|flinch\n|move|p1a: Kommo-o|Aura Sphere|p2a: Rotom\n|-supereffective|p2a: Rotom|1\n|-damage|p2a: Rotom|0 fnt\n|faint|p2a: Rotom\n|\n|win|shucklestrats\n|raw|shucklestrats's rating: 1176 &rarr; <strong>1205</strong><br />(+29 for winning)\n|raw|zaulpokemonpro's rating: 1225 &rarr; <strong>1196</strong><br />(-29 for losing)\n|c|\u2606shucklestrats|gg\n|c|\u2606zaulpokemonpro|gggssss\n|c|\u2606shucklestrats|have a good one\n",
  "uploadtime": 1776551314,
  "views": 11,
  "formatid": "gen9championsvgc2026regma",
  "rating": 1196,
  "private": 0,
  "password": null
}