{
  "id": "gen9championsvgc2026regma-2582821452",
  "format": "[Gen 9 Champions] VGC 2026 Reg M-A",
  "players": [
    "Professor Hen",
    "PokeMooney"
  ],
  "log": "|j|\u2606Professor Hen\n|j|\u2606PokeMooney\n|t:|1776116682\n|gametype|doubles\n|player|p1|Professor Hen|2|1099\n|player|p2|PokeMooney|giovanni|1149\n|gen|9\n|tier|[Gen 9 Champions] VGC 2026 Reg M-A\n|rated|\n|rule|Species Clause: Limit one of each Pok\u00e9mon\n|rule|Item Clause: Limit 1 of each item\n|clearpoke\n|poke|p1|Tyranitar, L50, F|\n|poke|p1|Forretress, L50, F|\n|poke|p1|Glimmora, L50, F|\n|poke|p1|Mudsdale, L50, F|\n|poke|p1|Sinistcha, L50|\n|poke|p1|Goodra-Hisui, L50, F|\n|poke|p2|Charizard, L50, F|\n|poke|p2|Aegislash, L50, M|\n|poke|p2|Garchomp, L50, M|\n|poke|p2|Venusaur, L50, F|\n|poke|p2|Incineroar, L50, M|\n|poke|p2|Rotom-Wash, L50|\n|teampreview|4\n|\n|t:|1776116727\n|teamsize|p1|4\n|teamsize|p2|4\n|start\n|switch|p1a: Forretress|Forretress, L50, F|100/100\n|switch|p1b: Goodra|Goodra-Hisui, L50, F|100/100\n|switch|p2a: Charizard|Charizard, L50, F|100/100\n|switch|p2b: Incineroar|Incineroar, L50, M|100/100\n|-ability|p2b: Incineroar|Intimidate|boost\n|-unboost|p1a: Forretress|atk|1\n|-unboost|p1b: Goodra|atk|1\n|turn|1\n|\n|t:|1776116745\n|detailschange|p2a: Charizard|Charizard-Mega-Y, L50, F\n|-mega|p2a: Charizard|Charizard|Charizardite Y\n|-weather|SunnyDay|[from] ability: Drought|[of] p2a: Charizard\n|move|p2b: Incineroar|Fake Out|p1b: Goodra\n|-resisted|p1b: Goodra|1\n|-damage|p1b: Goodra|97/100\n|move|p2a: Charizard|Heat Wave|p1b: Goodra|[spread] p1b\n|-miss|p2a: Charizard|p1a: Forretress\n|-damage|p1b: Goodra|47/100\n|move|p1a: Forretress|Stealth Rock|p2a: Charizard\n|-sidestart|p2: PokeMooney|move: Stealth Rock\n|cant|p1b: Goodra|flinch\n|\n|-weather|SunnyDay|[upkeep]\n|-heal|p1b: Goodra|53/100|[from] item: Leftovers\n|upkeep\n|turn|2\n|\n|t:|1776116768\n|move|p2a: Charizard|Heat Wave|p1a: Forretress|[spread] p1a,p1b\n|-supereffective|p1a: Forretress|2\n|-ability|p1a: Forretress|Sturdy\n|-damage|p1a: Forretress|1/100\n|-damage|p1b: Goodra|7/100\n|-status|p1a: Forretress|brn\n|move|p2b: Incineroar|Flare Blitz|p1a: Forretress\n|-supereffective|p1a: Forretress|2\n|-damage|p1a: Forretress|0 fnt\n|faint|p1a: Forretress\n|-damage|p2b: Incineroar|99/100|[from] Recoil\n|move|p1b: Goodra|Dragon Tail|p2a: Charizard|[miss]\n|-miss|p1b: Goodra|p2a: Charizard\n|\n|-weather|SunnyDay|[upkeep]\n|-heal|p1b: Goodra|13/100|[from] item: Leftovers\n|upkeep\n|\n|t:|1776116782\n|switch|p1a: Tyranitar|Tyranitar, L50, F|100/100\n|-weather|Sandstorm|[from] ability: Sand Stream|[of] p1a: Tyranitar\n|turn|3\n|\n|t:|1776116801\n|detailschange|p1a: Tyranitar|Tyranitar-Mega, L50, F\n|-mega|p1a: Tyranitar|Tyranitar|Tyranitarite\n|move|p2a: Charizard|Heat Wave|p1a: Tyranitar|[spread] p1a\n|-miss|p2a: Charizard|p1b: Goodra\n|-resisted|p1a: Tyranitar|1\n|-damage|p1a: Tyranitar|89/100\n|move|p2b: Incineroar|Parting Shot|p1a: Tyranitar\n|-unboost|p1a: Tyranitar|atk|1\n|-unboost|p1a: Tyranitar|spa|1\n|\n|t:|1776116812\n|switch|p2b: Garchomp|Garchomp, L50, M|100/100|[from] Parting Shot\n|-damage|p2b: Garchomp|94/100|[from] Stealth Rock\n|move|p1a: Tyranitar|Rock Slide|p2b: Garchomp|[spread] p2a,p2b\n|-supereffective|p2a: Charizard|2\n|-resisted|p2b: Garchomp|1\n|-damage|p2a: Charizard|0 fnt\n|-damage|p2b: Garchomp|83/100\n|faint|p2a: Charizard\n|move|p1b: Goodra|Dragon Tail|p2b: Garchomp\n|-supereffective|p2b: Garchomp|1\n|-damage|p2b: Garchomp|56/100\n|-damage|p1b: Goodra|1/100|[from] ability: Rough Skin|[of] p2b: Garchomp\n|drag|p2b: Rotom|Rotom-Wash, L50|100/100\n|-damage|p2b: Rotom|88/100|[from] Stealth Rock\n|\n|-weather|Sandstorm|[upkeep]\n|-damage|p2b: Rotom|83/100|[from] Sandstorm\n|-heal|p1b: Goodra|7/100|[from] item: Leftovers\n|upkeep\n|\n|t:|1776116832\n|switch|p2a: Incineroar|Incineroar, L50, M|99/100\n|-damage|p2a: Incineroar|75/100|[from] Stealth Rock\n|-ability|p2a: Incineroar|Intimidate|boost\n|-unboost|p1a: Tyranitar|atk|1\n|-unboost|p1b: Goodra|atk|1\n|turn|4\n|\n|t:|1776116851\n|move|p1a: Tyranitar|Protect|p1a: Tyranitar\n|-singleturn|p1a: Tyranitar|Protect\n|move|p2a: Incineroar|Fake Out|p1b: Goodra\n|-resisted|p1b: Goodra|1\n|-damage|p1b: Goodra|4/100\n|move|p2b: Rotom|Will-O-Wisp|p1a: Tyranitar\n|-activate|p1a: Tyranitar|move: Protect\n|cant|p1b: Goodra|flinch\n|\n|-weather|Sandstorm|[upkeep]\n|-damage|p2b: Rotom|77/100|[from] Sandstorm\n|-damage|p2a: Incineroar|69/100|[from] Sandstorm\n|-heal|p1b: Goodra|10/100|[from] item: Leftovers\n|upkeep\n|turn|5\n|inactive|Battle timer is ON: inactive players will automatically lose when time's up. (requested by PokeMooney)\n|\n|t:|1776116898\n|switch|p1b: Mudsdale|Mudsdale, L50, F|100/100\n|move|p2b: Rotom|Will-O-Wisp|p1a: Tyranitar|[miss]\n|-miss|p2b: Rotom|p1a: Tyranitar\n|move|p2a: Incineroar|Flare Blitz|p1b: Mudsdale\n|-damage|p1b: Mudsdale|61/100\n|-ability|p1b: Mudsdale|Stamina|boost\n|-boost|p1b: Mudsdale|def|1\n|-damage|p2a: Incineroar|56/100|[from] Recoil\n|move|p1a: Tyranitar|Earthquake|p2a: Incineroar|[spread] p1b,p2a\n|-immune|p2b: Rotom|[from] ability: Levitate\n|-supereffective|p2a: Incineroar|1\n|-enditem|p2a: Incineroar|Shuca Berry|[eat]\n|-enditem|p2a: Incineroar|Shuca Berry|[weaken]\n|-damage|p1b: Mudsdale|52/100\n|-damage|p2a: Incineroar|41/100\n|-ability|p1b: Mudsdale|Stamina|boost\n|-boost|p1b: Mudsdale|def|1\n|\n|-weather|Sandstorm|[upkeep]\n|-damage|p2b: Rotom|71/100|[from] Sandstorm\n|-damage|p2a: Incineroar|35/100|[from] Sandstorm\n|upkeep\n|turn|6\n|inactive|Professor Hen has 30 seconds left.\n|inactive|PokeMooney has 30 seconds left.\n|inactive|Professor Hen has 20 seconds left.\n|\n|t:|1776116934\n|switch|p1a: Goodra|Goodra-Hisui, L50, F|10/100\n|move|p1b: Mudsdale|Protect|p1b: Mudsdale\n|-singleturn|p1b: Mudsdale|Protect\n|move|p2b: Rotom|Will-O-Wisp|p1b: Mudsdale\n|-activate|p1b: Mudsdale|move: Protect\n|move|p2a: Incineroar|Parting Shot|p1a: Goodra\n|-unboost|p1a: Goodra|atk|1\n|-unboost|p1a: Goodra|spa|1\n|\n|t:|1776116945\n|switch|p2a: Garchomp|Garchomp, L50, M|56/100|[from] Parting Shot\n|-damage|p2a: Garchomp|50/100|[from] Stealth Rock\n|\n|-weather|Sandstorm|[upkeep]\n|-damage|p2b: Rotom|65/100|[from] Sandstorm\n|-heal|p1a: Goodra|15/100|[from] item: Leftovers\n|upkeep\n|turn|7\n|\n|t:|1776116964\n|move|p2a: Garchomp|Rock Slide|p1b: Mudsdale|[spread] p1a,p1b\n|-resisted|p1a: Goodra|1\n|-resisted|p1b: Mudsdale|1\n|-damage|p1a: Goodra|8/100\n|-damage|p1b: Mudsdale|47/100\n|-ability|p1b: Mudsdale|Stamina|boost\n|-boost|p1b: Mudsdale|def|1\n|move|p2b: Rotom|Will-O-Wisp|p1b: Mudsdale\n|-status|p1b: Mudsdale|brn\n|move|p1a: Goodra|Life Dew|p1a: Goodra|[spread] p1a,p1b\n|-heal|p1a: Goodra|33/100\n|-heal|p1b: Mudsdale|72/100 brn\n|cant|p1b: Mudsdale|flinch\n|\n|-weather|none\n|-heal|p1a: Goodra|39/100|[from] item: Leftovers\n|-damage|p1b: Mudsdale|66/100 brn|[from] brn\n|upkeep\n|turn|8\n|inactive|Professor Hen has 30 seconds left.\n|\n|t:|1776116994\n|switch|p2a: Incineroar|Incineroar, L50, M|35/100\n|-damage|p2a: Incineroar|11/100|[from] Stealth Rock\n|-ability|p2a: Incineroar|Intimidate|boost\n|-unboost|p1a: Goodra|atk|1\n|-unboost|p1b: Mudsdale|atk|1\n|move|p2b: Rotom|Hydro Pump|p1b: Mudsdale\n|-supereffective|p1b: Mudsdale|1\n|-damage|p1b: Mudsdale|5/100 brn\n|-ability|p1b: Mudsdale|Stamina|boost\n|-boost|p1b: Mudsdale|def|1\n|move|p1a: Goodra|Life Dew|p1a: Goodra|[spread] p1a,p1b\n|-heal|p1a: Goodra|64/100\n|-heal|p1b: Mudsdale|30/100 brn\n|move|p1b: Mudsdale|Body Press|p2b: Rotom\n|-damage|p2b: Rotom|38/100\n|-enditem|p2b: Rotom|Sitrus Berry|[eat]\n|-heal|p2b: Rotom|63/100|[from] item: Sitrus Berry\n|-heal|p1b: Mudsdale|33/100 brn|[from] item: Shell Bell|[of] p2b: Rotom\n|\n|-heal|p1a: Goodra|70/100|[from] item: Leftovers\n|-damage|p1b: Mudsdale|27/100 brn|[from] brn\n|upkeep\n|turn|9\n|inactive|Professor Hen has 30 seconds left.\n|inactive|PokeMooney has 30 seconds left.\n|\n|t:|1776117026\n|move|p1b: Mudsdale|Protect|p1b: Mudsdale\n|-singleturn|p1b: Mudsdale|Protect\n|move|p2a: Incineroar|Fake Out|p1a: Goodra\n|-resisted|p1a: Goodra|1\n|-damage|p1a: Goodra|67/100\n|move|p2b: Rotom|Hydro Pump|p1b: Mudsdale\n|-activate|p1b: Mudsdale|move: Protect\n|cant|p1a: Goodra|flinch\n|\n|-heal|p1a: Goodra|73/100|[from] item: Leftovers\n|-damage|p1b: Mudsdale|21/100 brn|[from] brn\n|upkeep\n|turn|10\n|inactive|Professor Hen has 30 seconds left.\n|inactive|Professor Hen has 20 seconds left.\n|\n|t:|1776117062\n|move|p1b: Mudsdale|Protect||[still]\n|-fail|p1b: Mudsdale\n|move|p2b: Rotom|Hydro Pump|p1b: Mudsdale\n|-supereffective|p1b: Mudsdale|1\n|-damage|p1b: Mudsdale|0 fnt\n|faint|p1b: Mudsdale\n|move|p2a: Incineroar|Flare Blitz|p1a: Goodra\n|-damage|p1a: Goodra|42/100\n|-damage|p2a: Incineroar|1/100|[from] Recoil\n|move|p1a: Goodra|Dragon Tail|p2b: Rotom\n|-damage|p2b: Rotom|51/100\n|drag|p2b: Garchomp|Garchomp, L50, M|50/100\n|-damage|p2b: Garchomp|44/100|[from] Stealth Rock\n|\n|-heal|p1a: Goodra|48/100|[from] item: Leftovers\n|upkeep\n|\n|t:|1776117065\n|switch|p1b: Tyranitar|Tyranitar-Mega, L50, F|89/100\n|-weather|Sandstorm|[from] ability: Sand Stream|[of] p1b: Tyranitar\n|turn|11\n|inactive|Professor Hen has 30 seconds left.\n|inactive|PokeMooney has 30 seconds left.\n|\n|t:|1776117094\n|move|p1b: Tyranitar|Protect|p1b: Tyranitar\n|-singleturn|p1b: Tyranitar|Protect\n|move|p2b: Garchomp|Stomping Tantrum|p1a: Goodra\n|-supereffective|p1a: Goodra|1\n|-damage|p1a: Goodra|0 fnt\n|faint|p1a: Goodra\n|move|p2a: Incineroar|Flare Blitz|p1b: Tyranitar\n|-activate|p1b: Tyranitar|move: Protect\n|\n|-weather|Sandstorm|[upkeep]\n|-damage|p2a: Incineroar|0 fnt|[from] Sandstorm\n|faint|p2a: Incineroar\n|upkeep\n|\n|t:|1776117107\n|switch|p2a: Rotom|Rotom-Wash, L50|51/100\n|-damage|p2a: Rotom|39/100|[from] Stealth Rock\n|turn|12\n|\n|t:|1776117114\n|move|p2b: Garchomp|Stomping Tantrum|p1b: Tyranitar\n|-supereffective|p1b: Tyranitar|1\n|-damage|p1b: Tyranitar|37/100\n|move|p2a: Rotom|Will-O-Wisp|p1b: Tyranitar\n|-status|p1b: Tyranitar|brn\n|move|p1b: Tyranitar|Knock Off|p2a: Rotom\n|-damage|p2a: Rotom|18/100\n|\n|-weather|Sandstorm|[upkeep]\n|-damage|p2a: Rotom|12/100|[from] Sandstorm\n|-damage|p1b: Tyranitar|31/100 brn|[from] brn\n|upkeep\n|turn|13\n|-message|Professor Hen forfeited.\n|\n|win|PokeMooney\n|raw|Professor Hen's rating: 1099 &rarr; <strong>1078</strong><br />(-21 for losing)\n|raw|PokeMooney's rating: 1149 &rarr; <strong>1170</strong><br />(+21 for winning)\n|l|\u2606Professor Hen\n|player|p1|\n",
  "uploadtime": 1776117149,
  "views": 15,
  "formatid": "gen9championsvgc2026regma",
  "rating": 1078,
  "private": 0,
  "password": null
}