{
  "id": "gen9championsvgc2026regma-2586310900",
  "format": "[Gen 9 Champions] VGC 2026 Reg M-A",
  "players": [
    "JoelSC",
    "BxnnyBride"
  ],
  "log": "|j|\u2606JoelSC\n|j|\u2606BxnnyBride\n|t:|1776424017\n|gametype|doubles\n|player|p1|JoelSC|1|1040\n|player|p2|BxnnyBride|jacinthe|1015\n|gen|9\n|tier|[Gen 9 Champions] VGC 2026 Reg M-A\n|rated|\n|rule|Species Clause: Limit one of each Pok\u00e9mon\n|rule|Item Clause: Limit 1 of each item\n|clearpoke\n|poke|p1|Venusaur, L50, M|\n|poke|p1|Milotic, L50, F|\n|poke|p1|Aerodactyl, L50, F|\n|poke|p1|Sinistcha, L50|\n|poke|p1|Delphox, L50, F|\n|poke|p1|Incineroar, L50, M|\n|poke|p2|Lopunny, L50, F|\n|poke|p2|Tinkaton, L50, F|\n|poke|p2|Dragonite, L50, M|\n|poke|p2|Goodra, L50, F|\n|poke|p2|Dragapult, L50, M|\n|poke|p2|Tyranitar, L50, M|\n|teampreview|4\n|inactive|Battle timer is ON: inactive players will automatically lose when time's up. (requested by JoelSC)\n|\n|t:|1776424045\n|teamsize|p1|4\n|teamsize|p2|4\n|start\n|switch|p1a: Venusaur|Venusaur, L50, M|100/100\n|switch|p1b: Milotic|Milotic, L50, F|100/100\n|switch|p2a: Tinkaton|Tinkaton, L50, F|100/100\n|switch|p2b: Lopunny|Lopunny, L50, F|100/100\n|turn|1\n|\n|t:|1776424068\n|detailschange|p1a: Venusaur|Venusaur-Mega, L50, M\n|-mega|p1a: Venusaur|Venusaur|Venusaurite\n|move|p2b: Lopunny|Fake Out|p1a: Venusaur\n|-damage|p1a: Venusaur|85/100\n|move|p2a: Tinkaton|Thunder Wave|p1b: Milotic\n|-status|p1b: Milotic|par\n|cant|p1a: Venusaur|flinch\n|move|p1b: Milotic|Scald|p2b: Lopunny\n|-damage|p2b: Lopunny|51/100\n|\n|upkeep\n|turn|2\n|\n|t:|1776424087\n|move|p2b: Lopunny|Teeter Dance|p1a: Venusaur|[spread] p2a,p1a,p1b\n|-immune|p2a: Tinkaton|confusion|[from] ability: Own Tempo\n|-start|p1a: Venusaur|confusion\n|-start|p1b: Milotic|confusion\n|move|p2a: Tinkaton|Thunder Wave|p1a: Venusaur\n|-status|p1a: Venusaur|par\n|-activate|p1b: Milotic|confusion\n|move|p1b: Milotic|Scald|p2b: Lopunny\n|-damage|p2b: Lopunny|4/100\n|-activate|p1a: Venusaur|confusion\n|move|p1a: Venusaur|Leech Seed|p2a: Tinkaton\n|-start|p2a: Tinkaton|move: Leech Seed\n|\n|-damage|p2a: Tinkaton|88/100|[from] Leech Seed|[of] p1a: Venusaur\n|-heal|p1a: Venusaur|98/100 par|[silent]\n|upkeep\n|turn|3\n|inactive|BxnnyBride has 30 seconds left.\n|\n|t:|1776424116\n|switch|p2a: Dragonite|Dragonite, L50, M, shiny|100/100\n|-end|p1a: Venusaur|confusion\n|move|p1a: Venusaur|Protect|p1a: Venusaur\n|-singleturn|p1a: Venusaur|Protect\n|move|p2b: Lopunny|U-turn|p1a: Venusaur\n|-activate|p1a: Venusaur|move: Protect\n|-activate|p1b: Milotic|confusion\n|-damage|p1b: Milotic|93/100 par|[from] confusion\n|\n|upkeep\n|turn|4\n|\n|t:|1776424135\n|detailschange|p2a: Dragonite|Dragonite-Mega, L50, M, shiny\n|-mega|p2a: Dragonite|Dragonite|Dragoninite\n|move|p2b: Lopunny|U-turn|p1a: Venusaur\n|-damage|p1a: Venusaur|80/100 par\n|\n|t:|1776424143\n|switch|p2b: Tinkaton|Tinkaton, L50, F|88/100|[from] U-turn\n|move|p2a: Dragonite|Rock Slide|p1b: Milotic|[spread] p1a,p1b\n|-damage|p1a: Venusaur|61/100 par\n|-damage|p1b: Milotic|66/100 par\n|-end|p1b: Milotic|confusion\n|move|p1b: Milotic|Ice Beam|p2a: Dragonite\n|-supereffective|p2a: Dragonite|2\n|-damage|p2a: Dragonite|59/100\n|move|p1a: Venusaur|Leech Seed|p2a: Dragonite|[miss]\n|-miss|p1a: Venusaur|p2a: Dragonite\n|\n|upkeep\n|turn|5\n|\n|t:|1776424161\n|move|p2b: Tinkaton|Rock Slide|p1a: Venusaur|[spread] p1a,p1b\n|-damage|p1a: Venusaur|46/100 par\n|-damage|p1b: Milotic|47/100 par\n|-heal|p2b: Tinkaton|92/100|[from] item: Shell Bell|[of] p1b: Milotic\n|move|p2a: Dragonite|Fly||[still]\n|-prepare|p2a: Dragonite|Fly\n|cant|p1b: Milotic|flinch\n|cant|p1a: Venusaur|flinch\n|\n|upkeep\n|turn|6\n|\n|t:|1776424173\n|move|p1b: Milotic|Protect|p1b: Milotic\n|-singleturn|p1b: Milotic|Protect\n|move|p1a: Venusaur|Protect|p1a: Venusaur\n|-singleturn|p1a: Venusaur|Protect\n|move|p2b: Tinkaton|Rock Slide|p1a: Venusaur|[spread] \n|-activate|p1a: Venusaur|move: Protect\n|-activate|p1b: Milotic|move: Protect\n|move|p2a: Dragonite|Fly|p1a: Venusaur|[from] lockedmove\n|-activate|p1a: Venusaur|move: Protect\n|\n|upkeep\n|turn|7\n|\n|t:|1776424190\n|move|p2b: Tinkaton|Rock Slide|p1b: Milotic|[spread] p1a,p1b\n|-damage|p1a: Venusaur|32/100 par\n|-damage|p1b: Milotic|28/100 par\n|-heal|p2b: Tinkaton|96/100|[from] item: Shell Bell|[of] p1b: Milotic\n|move|p2a: Dragonite|Rock Slide|p1a: Venusaur|[spread] p1a,p1b\n|-damage|p1a: Venusaur|14/100 par\n|-damage|p1b: Milotic|0 fnt\n|faint|p1b: Milotic\n|cant|p1a: Venusaur|flinch\n|\n|upkeep\n|\n|t:|1776424202\n|switch|p1b: Incineroar|Incineroar, L50, M|100/100\n|turn|8\n|\n|t:|1776424226\n|move|p1a: Venusaur|Protect|p1a: Venusaur\n|-singleturn|p1a: Venusaur|Protect\n|move|p2b: Tinkaton|Thunder Wave|p1b: Incineroar\n|-status|p1b: Incineroar|par\n|move|p2a: Dragonite|Rock Slide|p1a: Venusaur|[spread] p1b\n|-activate|p1a: Venusaur|move: Protect\n|-supereffective|p1b: Incineroar|1\n|-damage|p1b: Incineroar|65/100 par\n|move|p1b: Incineroar|Flare Blitz|p2b: Tinkaton\n|-supereffective|p2b: Tinkaton|1\n|-damage|p2b: Tinkaton|0 fnt\n|faint|p2b: Tinkaton\n|-damage|p1b: Incineroar|40/100 par|[from] Recoil\n|\n|upkeep\n|\n|t:|1776424241\n|switch|p2b: Goodra|Goodra, L50, F|100/100\n|turn|9\n|inactive|JoelSC has 30 seconds left.\n|inactive|BxnnyBride has 30 seconds left.\n|\n|t:|1776424270\n|move|p2a: Dragonite|Protect|p2a: Dragonite\n|-singleturn|p2a: Dragonite|Protect\n|move|p2b: Goodra|Life Dew||[still]|[spread] p2a,p2b\n|-heal|p2a: Dragonite|85/100\n|-fail|p2b: Goodra|heal\n|move|p1a: Venusaur|Leech Seed|p2a: Dragonite\n|-activate|p2a: Dragonite|move: Protect\n|move|p1b: Incineroar|Throat Chop|p2a: Dragonite\n|-activate|p2a: Dragonite|move: Protect\n|\n|upkeep\n|turn|10\n|\n|t:|1776424287\n|move|p2a: Dragonite|Rock Slide|p1b: Incineroar|[spread] p1a,p1b\n|-supereffective|p1b: Incineroar|1\n|-damage|p1a: Venusaur|0 fnt\n|-damage|p1b: Incineroar|0 fnt\n|faint|p1a: Venusaur\n|faint|p1b: Incineroar\n|move|p2b: Goodra|Life Dew||[still]|[spread] p2a,p2b\n|-heal|p2a: Dragonite|100/100\n|-fail|p2b: Goodra|heal\n|\n|upkeep\n|\n|t:|1776424300\n|switch|p1b: Delphox|Delphox, L50, F|100/100\n|turn|11\n|\n|t:|1776424306\n|move|p1b: Delphox|Substitute|p1b: Delphox\n|-start|p1b: Delphox|Substitute\n|-damage|p1b: Delphox|75/100\n|move|p2a: Dragonite|Rock Slide|p1b: Delphox\n|-supereffective|p1b: Delphox|1\n|-end|p1b: Delphox|Substitute\n|move|p2b: Goodra|Rock Slide|p1b: Delphox\n|-supereffective|p1b: Delphox|1\n|-damage|p1b: Delphox|8/100\n|\n|upkeep\n|turn|12\n|-message|JoelSC forfeited.\n|\n|win|BxnnyBride\n|raw|JoelSC's rating: 1040 &rarr; <strong>1023</strong><br />(-17 for losing)\n|raw|BxnnyBride's rating: 1015 &rarr; <strong>1055</strong><br />(+40 for winning)\n|l|\u2606JoelSC\n|player|p1|\n",
  "uploadtime": 1776424318,
  "views": 28,
  "formatid": "gen9championsvgc2026regma",
  "rating": 1023,
  "private": 0,
  "password": null
}