{
  "id": "gen9championsvgc2026regma-2585401475",
  "format": "[Gen 9 Champions] VGC 2026 Reg M-A",
  "players": [
    "HarrrJIVC",
    "Worido"
  ],
  "log": "|j|\u2606HarrrJIVC\n|j|\u2606Worido\n|t:|1776344635\n|gametype|doubles\n|player|p1|HarrrJIVC|dawn|1164\n|player|p2|Worido|backpacker|1106\n|gen|9\n|tier|[Gen 9 Champions] VGC 2026 Reg M-A\n|rated|\n|rule|Species Clause: Limit one of each Pok\u00e9mon\n|rule|Item Clause: Limit 1 of each item\n|clearpoke\n|poke|p1|Rotom-Wash, L50|\n|poke|p1|Incineroar, L50, M|\n|poke|p1|Sinistcha-Masterpiece, L50|\n|poke|p1|Sneasler, L50, F|\n|poke|p1|Slowking, L50, M|\n|poke|p1|Drampa, L50, F|\n|poke|p2|Meganium, L50, F|\n|poke|p2|Sneasler, L50, M|\n|poke|p2|Basculegion, L50, M|\n|poke|p2|Aerodactyl, L50, M|\n|poke|p2|Arcanine, L50, M|\n|poke|p2|Tyranitar, L50, M|\n|teampreview|4\n|inactive|Battle timer is ON: inactive players will automatically lose when time's up. (requested by Worido)\n|\n|t:|1776344665\n|teamsize|p1|4\n|teamsize|p2|4\n|start\n|switch|p1a: Incineroar|Incineroar, L50, M|100/100\n|switch|p1b: Slowking|Slowking, L50, M|100/100\n|switch|p2a: Sneasler|Sneasler, L50, M, shiny|100/100\n|switch|p2b: Basculegion|Basculegion, L50, M, shiny|100/100\n|-ability|p1a: Incineroar|Intimidate|boost\n|-unboost|p2a: Sneasler|atk|1\n|-unboost|p2b: Basculegion|atk|1\n|-enditem|p2a: Sneasler|White Herb\n|-clearnegativeboost|p2a: Sneasler|[silent]\n|turn|1\n|\n|t:|1776344686\n|move|p2a: Sneasler|Fake Out|p1b: Slowking\n|-damage|p1b: Slowking|84/100\n|move|p2b: Basculegion|Wave Crash|p1a: Incineroar\n|-supereffective|p1a: Incineroar|1\n|-damage|p1a: Incineroar|3/100\n|-damage|p2b: Basculegion|68/100|[from] Recoil\n|move|p1a: Incineroar|Will-O-Wisp|p2b: Basculegion\n|-status|p2b: Basculegion|brn\n|cant|p1b: Slowking|flinch\n|\n|-heal|p1a: Incineroar|9/100|[from] item: Leftovers\n|-damage|p2b: Basculegion|61/100 brn|[from] brn\n|upkeep\n|turn|2\n|\n|t:|1776344709\n|switch|p1a: Sinistcha|Sinistcha-Masterpiece, L50|100/100\n|-heal|p1b: Slowking|100/100|[from] ability: Hospitality|[of] p1a: Sinistcha\n|move|p2a: Sneasler|Dire Claw|p1b: Slowking\n|-damage|p1b: Slowking|54/100\n|move|p2b: Basculegion|Wave Crash|p1a: Sinistcha\n|-resisted|p1a: Sinistcha|1\n|-damage|p1a: Sinistcha|90/100\n|-damage|p2b: Basculegion|58/100 brn|[from] Recoil\n|move|p1b: Slowking|Trick Room|p1b: Slowking\n|-fieldstart|move: Trick Room|[of] p1b: Slowking\n|\n|-damage|p2b: Basculegion|52/100 brn|[from] brn\n|upkeep\n|turn|3\n|inactive|Worido has 30 seconds left.\n|\n|t:|1776344737\n|switch|p1a: Drampa|Drampa, L50, F|100/100\n|switch|p2b: Tyranitar|Tyranitar, L50, M|100/100\n|-weather|Sandstorm|[from] ability: Sand Stream|[of] p2b: Tyranitar\n|move|p2a: Sneasler|Protect|p2a: Sneasler\n|-singleturn|p2a: Sneasler|Protect\n|-prepare|p1b: Slowking|Chilly Reception|[premajor]\n|move|p1b: Slowking|Chilly Reception|p1b: Slowking\n|-weather|Snowscape\n|\n|t:|1776344748\n|switch|p1b: Incineroar|Incineroar, L50, M|9/100|[from] Chilly Reception\n|-ability|p1b: Incineroar|Intimidate|boost\n|-unboost|p2a: Sneasler|atk|1\n|-unboost|p2b: Tyranitar|atk|1\n|\n|-weather|Snowscape|[upkeep]\n|-heal|p1b: Incineroar|15/100|[from] item: Leftovers\n|upkeep\n|turn|4\n|\n|t:|1776344764\n|switch|p2a: Basculegion|Basculegion, L50, M, shiny|52/100 brn\n|detailschange|p1a: Drampa|Drampa-Mega, L50, F\n|-mega|p1a: Drampa|Drampa|Drampanite\n|move|p2b: Tyranitar|Protect|p2b: Tyranitar\n|-singleturn|p2b: Tyranitar|Protect\n|move|p1b: Incineroar|Fake Out|p2b: Tyranitar\n|-activate|p2b: Tyranitar|move: Protect\n|move|p1a: Drampa|Blizzard|p2a: Basculegion|[spread] p2a\n|-activate|p2b: Tyranitar|move: Protect\n|-resisted|p2a: Basculegion|1\n|-damage|p2a: Basculegion|31/100 brn\n|\n|-weather|Snowscape|[upkeep]\n|-heal|p1b: Incineroar|21/100|[from] item: Leftovers\n|-damage|p2a: Basculegion|25/100 brn|[from] brn\n|upkeep\n|turn|5\n|inactive|HarrrJIVC has 30 seconds left.\n|inactive|Worido has 30 seconds left.\n|inactive|HarrrJIVC has 20 seconds left.\n|\n|t:|1776344801\n|move|p2a: Basculegion|Aqua Jet|p1b: Incineroar\n|-supereffective|p1b: Incineroar|1\n|-damage|p1b: Incineroar|0 fnt\n|faint|p1b: Incineroar\n|move|p1a: Drampa|Blizzard|p2b: Tyranitar|[spread] p2a,p2b\n|-resisted|p2a: Basculegion|1\n|-damage|p2a: Basculegion|4/100 brn\n|-damage|p2b: Tyranitar|69/100\n|move|p2b: Tyranitar|Low Kick|p1a: Drampa\n|-supereffective|p1a: Drampa|1\n|-damage|p1a: Drampa|48/100\n|-ability|p1a: Drampa|Berserk|boost\n|-boost|p1a: Drampa|spa|1\n|\n|-weather|Snowscape|[upkeep]\n|-damage|p2a: Basculegion|0 fnt|[from] brn\n|faint|p2a: Basculegion\n|upkeep\n|\n|t:|1776344816\n|switch|p1b: Sinistcha|Sinistcha-Masterpiece, L50|90/100\n|switch|p2a: Sneasler|Sneasler, L50, M, shiny|100/100\n|-heal|p1a: Drampa|72/100|[from] ability: Hospitality|[of] p1b: Sinistcha\n|turn|6\n|inactive|HarrrJIVC has 30 seconds left.\n|\n|t:|1776344843\n|switch|p1b: Slowking|Slowking, L50, M|88/100\n|switch|p2b: Meganium|Meganium, L50, F|100/100\n|move|p2a: Sneasler|Fake Out|p1a: Drampa\n|-damage|p1a: Drampa|57/100\n|cant|p1a: Drampa|flinch\n|\n|-weather|Snowscape|[upkeep]\n|-fieldend|move: Trick Room\n|upkeep\n|turn|7\n|inactive|Worido has 30 seconds left.\n|\n|t:|1776344876\n|switch|p2a: Tyranitar|Tyranitar, L50, M|69/100\n|-weather|Sandstorm|[from] ability: Sand Stream|[of] p2a: Tyranitar\n|switch|p1a: Sinistcha|Sinistcha-Masterpiece, L50|90/100\n|-heal|p1b: Slowking|100/100|[from] ability: Hospitality|[of] p1a: Sinistcha\n|detailschange|p2b: Meganium|Meganium-Mega, L50, F\n|-mega|p2b: Meganium|Meganium|Meganiumite\n|move|p2b: Meganium|Dazzling Gleam|p1a: Sinistcha|[spread] p1a,p1b\n|-damage|p1a: Sinistcha|50/100\n|-damage|p1b: Slowking|77/100\n|-enditem|p1a: Sinistcha|Sitrus Berry|[eat]\n|-heal|p1a: Sinistcha|75/100|[from] item: Sitrus Berry\n|move|p1b: Slowking|Trick Room|p1b: Slowking\n|-fieldstart|move: Trick Room|[of] p1b: Slowking\n|\n|-weather|Sandstorm|[upkeep]\n|-damage|p1b: Slowking|71/100|[from] Sandstorm\n|-damage|p1a: Sinistcha|68/100|[from] Sandstorm\n|-damage|p2b: Meganium|95/100|[from] Sandstorm\n|upkeep\n|turn|8\n|inactive|Worido has 30 seconds left.\n|\n|t:|1776344907\n|-prepare|p1b: Slowking|Chilly Reception|[premajor]\n|move|p1b: Slowking|Chilly Reception|p1b: Slowking\n|-weather|Snowscape\n|\n|t:|1776344910\n|switch|p1b: Drampa|Drampa-Mega, L50, F|57/100|[from] Chilly Reception\n|move|p1a: Sinistcha|Life Dew|p1a: Sinistcha|[spread] p1a,p1b\n|-heal|p1a: Sinistcha|94/100\n|-heal|p1b: Drampa|82/100\n|move|p2a: Tyranitar|Lash Out|p1a: Sinistcha\n|-supereffective|p1a: Sinistcha|1\n|-damage|p1a: Sinistcha|29/100\n|move|p2b: Meganium|Solar Beam||[still]\n|-prepare|p2b: Meganium|Solar Beam\n|-activate|p2b: Meganium|ability: Mega Sol\n|-anim|p2b: Meganium|Solar Beam|p1b: Drampa\n|-resisted|p1b: Drampa|1\n|-damage|p1b: Drampa|53/100\n|\n|-weather|Snowscape|[upkeep]\n|upkeep\n|turn|9\n|\n|t:|1776344934\n|move|p2b: Meganium|Protect|p2b: Meganium\n|-singleturn|p2b: Meganium|Protect\n|move|p1b: Drampa|Blizzard|p2a: Tyranitar|[spread] p2a\n|-activate|p2b: Meganium|move: Protect\n|-damage|p2a: Tyranitar|36/100\n|move|p1a: Sinistcha|Strength Sap|p2a: Tyranitar\n|-unboost|p2a: Tyranitar|atk|1\n|-heal|p1a: Sinistcha|100/100\n|move|p2a: Tyranitar|Lash Out|p1a: Sinistcha\n|-supereffective|p1a: Sinistcha|1\n|-damage|p1a: Sinistcha|16/100\n|\n|-weather|Snowscape|[upkeep]\n|upkeep\n|turn|10\n|\n|t:|1776344958\n|switch|p2b: Sneasler|Sneasler, L50, M, shiny|100/100\n|move|p2a: Tyranitar|Protect|p2a: Tyranitar\n|-singleturn|p2a: Tyranitar|Protect\n|move|p1b: Drampa|Blizzard|p2b: Sneasler|[spread] p2b\n|-activate|p2a: Tyranitar|move: Protect\n|-damage|p2b: Sneasler|48/100\n|move|p1a: Sinistcha|Strength Sap|p2b: Sneasler\n|-unboost|p2b: Sneasler|atk|1\n|-heal|p1a: Sinistcha|100/100\n|\n|-weather|Snowscape|[upkeep]\n|upkeep\n|turn|11\n|\n|t:|1776344983\n|move|p2b: Sneasler|Fake Out|p1b: Drampa\n|-crit|p1b: Drampa\n|-damage|p1b: Drampa|33/100\n|-ability|p1b: Drampa|Berserk|boost\n|-boost|p1b: Drampa|spa|1\n|cant|p1b: Drampa|flinch\n|move|p1a: Sinistcha|Life Dew||[still]|[spread] p1a,p1b\n|-fail|p1a: Sinistcha|heal\n|-heal|p1b: Drampa|58/100\n|move|p2a: Tyranitar|Rock Slide|p1a: Sinistcha|[spread] p1a,p1b\n|-damage|p1a: Sinistcha|85/100\n|-damage|p1b: Drampa|39/100\n|-ability|p1b: Drampa|Berserk|boost\n|-boost|p1b: Drampa|spa|1\n|\n|-weather|Snowscape|[upkeep]\n|-fieldend|move: Trick Room\n|upkeep\n|turn|12\n|inactive|Worido has 30 seconds left.\n|\n|t:|1776345011\n|switch|p1b: Slowking|Slowking, L50, M|100/100\n|move|p2b: Sneasler|Dire Claw|p1a: Sinistcha\n|-damage|p1a: Sinistcha|62/100\n|move|p2a: Tyranitar|Lash Out|p1a: Sinistcha\n|-supereffective|p1a: Sinistcha|1\n|-damage|p1a: Sinistcha|21/100\n|move|p1a: Sinistcha|Trick Room|p1a: Sinistcha\n|-fieldstart|move: Trick Room|[of] p1a: Sinistcha\n|\n|-weather|none\n|upkeep\n|turn|13\n|inactive|HarrrJIVC has 30 seconds left.\n|\n|t:|1776345036\n|switch|p2a: Meganium|Meganium-Mega, L50, F|95/100\n|move|p1b: Slowking|Yawn|p2a: Meganium\n|-start|p2a: Meganium|move: Yawn|[of] p1b: Slowking\n|move|p1a: Sinistcha|Strength Sap|p2a: Meganium\n|-unboost|p2a: Meganium|atk|1\n|-heal|p1a: Sinistcha|77/100\n|move|p2b: Sneasler|Close Combat|p1b: Slowking\n|-resisted|p1b: Slowking|1\n|-damage|p1b: Slowking|76/100\n|-unboost|p2b: Sneasler|def|1\n|-unboost|p2b: Sneasler|spd|1\n|\n|upkeep\n|turn|14\n|\n|t:|1776345055\n|switch|p2b: Tyranitar|Tyranitar, L50, M|36/100\n|-weather|Sandstorm|[from] ability: Sand Stream|[of] p2b: Tyranitar\n|-prepare|p1b: Slowking|Chilly Reception|[premajor]\n|move|p1b: Slowking|Chilly Reception|p1b: Slowking\n|-weather|Snowscape\n|\n|t:|1776345061\n|switch|p1b: Drampa|Drampa-Mega, L50, F|39/100|[from] Chilly Reception\n|move|p1a: Sinistcha|Life Dew|p1a: Sinistcha|[spread] p1a,p1b\n|-heal|p1a: Sinistcha|100/100\n|-heal|p1b: Drampa|64/100\n|move|p2a: Meganium|Dazzling Gleam|p1b: Drampa|[spread] p1a,p1b\n|-supereffective|p1b: Drampa|1\n|-damage|p1a: Sinistcha|60/100\n|-damage|p1b: Drampa|2/100\n|-ability|p1b: Drampa|Berserk|boost\n|-boost|p1b: Drampa|spa|1\n|\n|-weather|Snowscape|[upkeep]\n|-end|p2a: Meganium|move: Yawn|[silent]\n|-status|p2a: Meganium|slp\n|upkeep\n|turn|15\n|\n|t:|1776345078\n|cant|p2a: Meganium|slp\n|move|p1b: Drampa|Blizzard|p2a: Meganium|[spread] p2a,p2b\n|-supereffective|p2a: Meganium|1\n|-crit|p2a: Meganium\n|-damage|p2a: Meganium|0 fnt\n|-damage|p2b: Tyranitar|0 fnt\n|faint|p2a: Meganium\n|faint|p2b: Tyranitar\n|move|p1a: Sinistcha|Life Dew|p1a: Sinistcha|[spread] p1a,p1b\n|-heal|p1a: Sinistcha|85/100\n|-heal|p1b: Drampa|26/100\n|\n|-weather|Snowscape|[upkeep]\n|upkeep\n|\n|t:|1776345090\n|switch|p2b: Sneasler|Sneasler, L50, M, shiny|48/100\n|turn|16\n|\n|t:|1776345097\n|move|p2b: Sneasler|Fake Out|p1b: Drampa\n|-damage|p1b: Drampa|13/100\n|cant|p1b: Drampa|flinch\n|move|p1a: Sinistcha|Strength Sap|p2b: Sneasler\n|-unboost|p2b: Sneasler|atk|1\n|-heal|p1a: Sinistcha|100/100\n|\n|-weather|Snowscape|[upkeep]\n|-fieldend|move: Trick Room\n|upkeep\n|turn|17\n|\n|t:|1776345111\n|switch|p1b: Slowking|Slowking, L50, M|100/100\n|move|p2b: Sneasler|Dire Claw|p1b: Slowking\n|-damage|p1b: Slowking|66/100\n|-status|p1b: Slowking|slp\n|move|p1a: Sinistcha|Trick Room|p1a: Sinistcha\n|-fieldstart|move: Trick Room|[of] p1a: Sinistcha\n|\n|-weather|Snowscape|[upkeep]\n|upkeep\n|turn|18\n|\n|t:|1776345128\n|switch|p1a: Drampa|Drampa-Mega, L50, F|13/100\n|cant|p1b: Slowking|slp\n|move|p2b: Sneasler|Dire Claw|p1a: Drampa\n|-damage|p1a: Drampa|0 fnt\n|faint|p1a: Drampa\n|\n|-weather|none\n|upkeep\n|\n|t:|1776345135\n|switch|p1a: Sinistcha|Sinistcha-Masterpiece, L50|100/100\n|-heal|p1b: Slowking|91/100 slp|[from] ability: Hospitality|[of] p1a: Sinistcha\n|turn|19\n|\n|t:|1776345143\n|move|p2b: Sneasler|Protect|p2b: Sneasler\n|-singleturn|p2b: Sneasler|Protect\n|-curestatus|p1b: Slowking|slp|[msg]\n|move|p1b: Slowking|Hydro Pump|p2b: Sneasler\n|-activate|p2b: Sneasler|move: Protect\n|move|p1a: Sinistcha|Strength Sap|p2b: Sneasler\n|-activate|p2b: Sneasler|move: Protect\n|\n|upkeep\n|turn|20\n|\n|t:|1776345156\n|move|p1b: Slowking|Hydro Pump|p2b: Sneasler\n|-damage|p2b: Sneasler|0 fnt\n|faint|p2b: Sneasler\n|\n|win|HarrrJIVC\n|raw|HarrrJIVC's rating: 1164 &rarr; <strong>1185</strong><br />(+21 for winning)\n|raw|Worido's rating: 1106 &rarr; <strong>1085</strong><br />(-21 for losing)\n|l|\u2606Worido\n|player|p2|\n",
  "uploadtime": 1776345173,
  "views": 22,
  "formatid": "gen9championsvgc2026regma",
  "rating": 1085,
  "private": 0,
  "password": null
}