{
  "id": "gen9championsvgc2026regma-2583789815",
  "format": "[Gen 9 Champions] VGC 2026 Reg M-A",
  "players": [
    "robbilover",
    "rocci"
  ],
  "log": "|j|\u2606robbilover\n|j|\u2606rocci\n|t:|1776197865\n|gametype|doubles\n|player|p1|robbilover|scientistf|1150\n|player|p2|rocci|beauty-gen4dp|1148\n|gen|9\n|tier|[Gen 9 Champions] VGC 2026 Reg M-A\n|rated|\n|rule|Species Clause: Limit one of each Pok\u00e9mon\n|rule|Item Clause: Limit 1 of each item\n|clearpoke\n|poke|p1|Starmie, L50|\n|poke|p1|Aegislash, L50, F|\n|poke|p1|Sneasler, L50, M|\n|poke|p1|Pelipper, L50, M|\n|poke|p1|Archaludon, L50, F|\n|poke|p1|Maushold, L50|\n|poke|p2|Sylveon, L50, F|\n|poke|p2|Slowbro, L50, F|\n|poke|p2|Tyranitar, L50, M|\n|poke|p2|Farigiraf, L50, M|\n|poke|p2|Clefable, L50, F|\n|poke|p2|Conkeldurr, L50, M|\n|teampreview|4\n|\n|t:|1776197917\n|teamsize|p1|4\n|teamsize|p2|4\n|start\n|switch|p1a: Archaludon|Archaludon, L50, F|100/100\n|switch|p1b: Maushold|Maushold, L50|100/100\n|switch|p2a: Farigiraf|Farigiraf, L50, M|100/100\n|switch|p2b: Slowbro|Slowbro, L50, F|100/100\n|turn|1\n|\n|t:|1776197938\n|switch|p1b: Pelipper|Pelipper, L50, M|100/100\n|-weather|RainDance|[from] ability: Drizzle|[of] p1b: Pelipper\n|switch|p2a: Tyranitar|Tyranitar, L50, M|100/100\n|-weather|Sandstorm|[from] ability: Sand Stream|[of] p2a: Tyranitar\n|move|p1a: Archaludon|Electro Shot||[still]\n|-prepare|p1a: Archaludon|Electro Shot\n|-boost|p1a: Archaludon|spa|1\n|move|p2b: Slowbro|Trick Room|p2b: Slowbro\n|-fieldstart|move: Trick Room|[of] p2b: Slowbro\n|\n|-weather|Sandstorm|[upkeep]\n|-damage|p2b: Slowbro|95/100|[from] Sandstorm\n|-damage|p1b: Pelipper|95/100|[from] Sandstorm\n|upkeep\n|turn|2\n|\n|t:|1776197997\n|switch|p2b: Farigiraf|Farigiraf, L50, M|100/100\n|switch|p1b: Maushold|Maushold, L50|100/100\n|move|p2a: Tyranitar|Crunch|p1a: Archaludon\n|-damage|p1a: Archaludon|73/100\n|-unboost|p1a: Archaludon|def|1\n|-ability|p1a: Archaludon|Stamina|boost\n|-boost|p1a: Archaludon|def|1\n|move|p1a: Archaludon|Electro Shot|p2b: Farigiraf|[from] lockedmove\n|-damage|p2b: Farigiraf|39/100\n|-enditem|p2b: Farigiraf|Sitrus Berry|[eat]\n|-heal|p2b: Farigiraf|64/100|[from] item: Sitrus Berry\n|\n|-weather|Sandstorm|[upkeep]\n|-damage|p2b: Farigiraf|58/100|[from] Sandstorm\n|-damage|p1b: Maushold|94/100|[from] Sandstorm\n|-heal|p1a: Archaludon|80/100|[from] item: Leftovers\n|upkeep\n|turn|3\n|\n|t:|1776198019\n|move|p2b: Farigiraf|Helping Hand|p2a: Tyranitar\n|-singleturn|p2a: Tyranitar|Helping Hand|[of] p2b: Farigiraf\n|move|p1b: Maushold|Follow Me|p1b: Maushold\n|-singleturn|p1b: Maushold|move: Follow Me\n|move|p2a: Tyranitar|Rock Slide|p1a: Archaludon|[spread] p1a\n|-miss|p2a: Tyranitar|p1b: Maushold\n|-resisted|p1a: Archaludon|1\n|-damage|p1a: Archaludon|67/100\n|-ability|p1a: Archaludon|Stamina|boost\n|-boost|p1a: Archaludon|def|1\n|cant|p1a: Archaludon|flinch\n|\n|-weather|Sandstorm|[upkeep]\n|-damage|p2b: Farigiraf|51/100|[from] Sandstorm\n|-damage|p1b: Maushold|88/100|[from] Sandstorm\n|-heal|p1a: Archaludon|73/100|[from] item: Leftovers\n|upkeep\n|turn|4\n|\n|t:|1776198047\n|switch|p1b: Pelipper|Pelipper, L50, M|95/100\n|-weather|RainDance|[from] ability: Drizzle|[of] p1b: Pelipper\n|move|p2a: Tyranitar|Crunch|p1b: Pelipper\n|-damage|p1b: Pelipper|36/100\n|move|p2b: Farigiraf|Psychic|p1b: Pelipper\n|-damage|p1b: Pelipper|0 fnt\n|faint|p1b: Pelipper\n|move|p1a: Archaludon|Flash Cannon|p2a: Tyranitar\n|-supereffective|p2a: Tyranitar|1\n|-damage|p2a: Tyranitar|5/100\n|\n|-weather|RainDance|[upkeep]\n|-heal|p1a: Archaludon|80/100|[from] item: Leftovers\n|upkeep\n|\n|t:|1776198065\n|switch|p1b: Aegislash|Aegislash, L50, F|100/100\n|turn|5\n|\n|t:|1776198080\n|switch|p2a: Slowbro|Slowbro, L50, F|95/100\n|move|p2b: Farigiraf|Foul Play|p1b: Aegislash\n|-supereffective|p1b: Aegislash|1\n|-damage|p1b: Aegislash|58/100\n|-formechange|p1b: Aegislash|Aegislash-Blade|\n|move|p1b: Aegislash|Iron Head|p2a: Slowbro\n|-resisted|p2a: Slowbro|1\n|-damage|p2a: Slowbro|80/100\n|move|p1a: Archaludon|Electro Shot||[still]\n|-prepare|p1a: Archaludon|Electro Shot\n|-boost|p1a: Archaludon|spa|1\n|-anim|p1a: Archaludon|Electro Shot|p2b: Farigiraf\n|-damage|p2b: Farigiraf|0 fnt\n|faint|p2b: Farigiraf\n|\n|-weather|RainDance|[upkeep]\n|-heal|p1a: Archaludon|86/100|[from] item: Leftovers\n|-fieldend|move: Trick Room\n|upkeep\n|\n|t:|1776198098\n|switch|p2b: Sylveon|Sylveon, L50, F|100/100\n|turn|6\n|\n|t:|1776198115\n|switch|p2b: Tyranitar|Tyranitar, L50, M|5/100\n|-weather|Sandstorm|[from] ability: Sand Stream|[of] p2b: Tyranitar\n|detailschange|p2a: Slowbro|Slowbro-Mega, L50, F\n|-mega|p2a: Slowbro|Slowbro|Slowbronite\n|-formechange|p1b: Aegislash|Aegislash|\n|move|p1b: Aegislash|King's Shield|p1b: Aegislash\n|-singleturn|p1b: Aegislash|Protect\n|move|p1a: Archaludon|Flash Cannon|p2b: Tyranitar\n|-supereffective|p2b: Tyranitar|1\n|-damage|p2b: Tyranitar|0 fnt\n|faint|p2b: Tyranitar\n|move|p2a: Slowbro|Trick Room|p2a: Slowbro\n|-fieldstart|move: Trick Room|[of] p2a: Slowbro\n|\n|-weather|Sandstorm|[upkeep]\n|-damage|p2a: Slowbro|74/100|[from] Sandstorm\n|-heal|p1a: Archaludon|92/100|[from] item: Leftovers\n|upkeep\n|\n|t:|1776198125\n|switch|p2b: Sylveon|Sylveon, L50, F|100/100\n|turn|7\n|\n|t:|1776198139\n|move|p2a: Slowbro|Scald|p1b: Aegislash\n|-damage|p1b: Aegislash|30/100\n|-status|p1b: Aegislash|brn\n|move|p2b: Sylveon|Hyper Voice|p1a: Archaludon|[spread] p1a,p1b\n|-resisted|p1b: Aegislash|1\n|-crit|p1b: Aegislash\n|-damage|p1a: Archaludon|41/100\n|-damage|p1b: Aegislash|0 fnt\n|-ability|p1a: Archaludon|Stamina|boost\n|-boost|p1a: Archaludon|def|1\n|faint|p1b: Aegislash\n|move|p1a: Archaludon|Electro Shot||[still]\n|-prepare|p1a: Archaludon|Electro Shot\n|-boost|p1a: Archaludon|spa|1\n|\n|-weather|Sandstorm|[upkeep]\n|-damage|p2a: Slowbro|68/100|[from] Sandstorm\n|-damage|p2b: Sylveon|95/100|[from] Sandstorm\n|-heal|p1a: Archaludon|47/100|[from] item: Leftovers\n|upkeep\n|\n|t:|1776198149\n|switch|p1b: Maushold|Maushold, L50|88/100\n|turn|8\n|\n|t:|1776198175\n|move|p2a: Slowbro|Psychic|p1b: Maushold\n|-damage|p1b: Maushold|38/100\n|move|p2b: Sylveon|Hyper Voice|p1b: Maushold|[spread] p1a,p1b\n|-damage|p1a: Archaludon|9/100\n|-damage|p1b: Maushold|0 fnt\n|-ability|p1a: Archaludon|Stamina|boost\n|-boost|p1a: Archaludon|def|1\n|faint|p1b: Maushold\n|move|p1a: Archaludon|Electro Shot|p2a: Slowbro|[from] lockedmove\n|-supereffective|p2a: Slowbro|1\n|-damage|p2a: Slowbro|0 fnt\n|faint|p2a: Slowbro\n|\n|-weather|Sandstorm|[upkeep]\n|-damage|p2b: Sylveon|89/100|[from] Sandstorm\n|-heal|p1a: Archaludon|16/100|[from] item: Leftovers\n|upkeep\n|turn|9\n|\n|t:|1776198190\n|move|p1a: Archaludon|Protect|p1a: Archaludon\n|-singleturn|p1a: Archaludon|Protect\n|move|p2b: Sylveon|Moonblast|p1a: Archaludon\n|-activate|p1a: Archaludon|move: Protect\n|\n|-weather|Sandstorm|[upkeep]\n|-damage|p2b: Sylveon|83/100|[from] Sandstorm\n|-heal|p1a: Archaludon|22/100|[from] item: Leftovers\n|upkeep\n|turn|10\n|\n|t:|1776198194\n|move|p2b: Sylveon|Moonblast|p1a: Archaludon\n|-damage|p1a: Archaludon|0 fnt\n|faint|p1a: Archaludon\n|\n|win|rocci\n|raw|robbilover's rating: 1150 &rarr; <strong>1125</strong><br />(-25 for losing)\n|raw|rocci's rating: 1148 &rarr; <strong>1173</strong><br />(+25 for winning)\n|l|\u2606robbilover\n|player|p1|\n",
  "uploadtime": 1776198197,
  "views": 30,
  "formatid": "gen9championsvgc2026regma",
  "rating": 1125,
  "private": 0,
  "password": null
}