{
  "id": "gen9championsvgc2026regma-2582847225",
  "format": "[Gen 9 Champions] VGC 2026 Reg M-A",
  "players": [
    "drewew",
    "thamadman"
  ],
  "log": "|j|\u2606drewew\n|j|\u2606thamadman\n|t:|1776118757\n|gametype|doubles\n|player|p1|drewew|1|1000\n|player|p2|thamadman|2|1000\n|gen|9\n|tier|[Gen 9 Champions] VGC 2026 Reg M-A\n|rated|\n|rule|Species Clause: Limit one of each Pok\u00e9mon\n|rule|Item Clause: Limit 1 of each item\n|clearpoke\n|poke|p1|Charizard, L50, M|\n|poke|p1|Tyranitar, L50, F|\n|poke|p1|Gyarados, L50, M|\n|poke|p1|Garchomp, L50, M|\n|poke|p1|Rotom-Mow, L50|\n|poke|p1|Lucario, L50, M|\n|poke|p2|Meowscarada, L50, F|\n|poke|p2|Medicham, L50, F|\n|poke|p2|Delphox, L50, F|\n|poke|p2|Hydreigon, L50, F|\n|poke|p2|Starmie, L50|\n|poke|p2|Kingambit, L50, F|\n|teampreview|4\nthamadman has agreed to open team sheets.\n|\n|t:|1776118861\n|teamsize|p1|4\n|teamsize|p2|4\n|start\n|switch|p1a: Lucario|Lucario, L50, M|100/100\n|switch|p1b: Garchomp|Garchomp, L50, M|100/100\n|switch|p2a: Hydreigon|Hydreigon, L50, F|100/100\n|switch|p2b: Medicham|Medicham, L50, F|100/100\n|turn|1\n|\n|t:|1776118971\n|move|p1b: Garchomp|Dragon Claw|p2b: Medicham\n|-damage|p2b: Medicham|27/100\n|move|p2b: Medicham|Skill Swap|p2a: Hydreigon\n|-activate|p2b: Medicham|Skill Swap|||[of] p2a: Hydreigon\n|move|p1a: Lucario|Close Combat|p2a: Hydreigon\n|-supereffective|p2a: Hydreigon|1\n|-enditem|p2a: Hydreigon|Focus Sash\n|-damage|p2a: Hydreigon|1/100\n|-unboost|p1a: Lucario|def|1\n|-unboost|p1a: Lucario|spd|1\n|move|p2a: Hydreigon|Earthquake|p1b: Garchomp|[spread] p1a,p1b\n|-immune|p2b: Medicham|[from] ability: Levitate\n|-supereffective|p1a: Lucario|1\n|-damage|p1a: Lucario|0 fnt\n|-damage|p1b: Garchomp|62/100\n|faint|p1a: Lucario\n|\n|upkeep\n|\n|t:|1776119014\n|switch|p1a: Tyranitar|Tyranitar, L50, F|100/100\n|-weather|Sandstorm|[from] ability: Sand Stream|[of] p1a: Tyranitar\n|turn|2\n|\n|t:|1776119038\n|move|p1a: Tyranitar|Protect|p1a: Tyranitar\n|-singleturn|p1a: Tyranitar|Protect\n|move|p1b: Garchomp|Dragon Claw|p2a: Hydreigon\n|-supereffective|p2a: Hydreigon|1\n|-damage|p2a: Hydreigon|0 fnt\n|faint|p2a: Hydreigon\n|move|p2b: Medicham|Skill Swap|p1b: Garchomp\n|-activate|p2b: Medicham|Skill Swap|Sand Veil|Levitate|[of] p1b: Garchomp\n|\n|-weather|Sandstorm|[upkeep]\n|upkeep\n|\n|t:|1776119053\n|switch|p2a: Meowscarada|Meowscarada, L50, F|100/100\n|turn|3\n|\n|t:|1776119110\n|switch|p2b: Delphox|Delphox, L50, F|100/100\n|switch|p1a: Charizard|Charizard, L50, M|100/100\n|move|p1b: Garchomp|Dragon Claw|p2a: Meowscarada\n|-damage|p2a: Meowscarada|31/100\n|move|p2a: Meowscarada|Triple Axel|p1b: Garchomp\n|-start|p2a: Meowscarada|typechange|Ice|[from] ability: Protean\n|-supereffective|p1b: Garchomp|2\n|-damage|p1b: Garchomp|28/100\n|-supereffective|p1b: Garchomp|2\n|-damage|p1b: Garchomp|0 fnt\n|faint|p1b: Garchomp\n|-hitcount|p1: Garchomp|2\n|\n|-weather|Sandstorm|[upkeep]\n|-damage|p2a: Meowscarada|25/100|[from] Sandstorm\n|-damage|p1a: Charizard|94/100|[from] Sandstorm\n|-damage|p2b: Delphox|94/100|[from] Sandstorm\n|upkeep\n|\n|t:|1776119127\n|switch|p1b: Tyranitar|Tyranitar, L50, F|100/100\n|turn|4\n|\n|t:|1776119149\n|detailschange|p2b: Delphox|Delphox-Mega, L50, F\n|-mega|p2b: Delphox|Delphox|Delphoxite\n|move|p1a: Charizard|Protect|p1a: Charizard\n|-singleturn|p1a: Charizard|Protect\n|move|p2b: Delphox|Dazzling Gleam|p1b: Tyranitar|[spread] p1b\n|-activate|p1a: Charizard|move: Protect\n|-supereffective|p1b: Tyranitar|1\n|-damage|p1b: Tyranitar|76/100\n|move|p2a: Meowscarada|Flower Trick|p1b: Tyranitar\n|-supereffective|p1b: Tyranitar|1\n|-crit|p1b: Tyranitar\n|-damage|p1b: Tyranitar|37/100\n|move|p1b: Tyranitar|Rock Slide|p2a: Meowscarada|[spread] p2a,p2b\n|-supereffective|p2a: Meowscarada|1\n|-supereffective|p2b: Delphox|1\n|-damage|p2a: Meowscarada|0 fnt\n|-damage|p2b: Delphox|0 fnt\n|faint|p2a: Meowscarada\n|faint|p2b: Delphox\n|\n|-weather|Sandstorm|[upkeep]\n|-damage|p1a: Charizard|88/100|[from] Sandstorm\n|upkeep\n|\n|t:|1776119168\n|switch|p2a: Medicham|Medicham, L50, F|27/100\n|turn|5\n|\n|t:|1776119196\n|detailschange|p1a: Charizard|Charizard-Mega-Y, L50, M\n|-mega|p1a: Charizard|Charizard|Charizardite Y\n|-weather|SunnyDay|[from] ability: Drought|[of] p1a: Charizard\n|move|p2a: Medicham|Trailblaze|p1b: Tyranitar\n|-supereffective|p1b: Tyranitar|1\n|-damage|p1b: Tyranitar|11/100\n|-boost|p2a: Medicham|spe|1\n|move|p1a: Charizard|Air Slash|p2a: Medicham\n|-supereffective|p2a: Medicham|1\n|-damage|p2a: Medicham|0 fnt\n|faint|p2a: Medicham\n|\n|win|drewew\n|raw|drewew's rating: 1000 &rarr; <strong>1040</strong><br />(+40 for winning)\n|raw|thamadman's rating: 1000 &rarr; <strong>1000</strong><br />(+0 for losing)\n",
  "uploadtime": 1776119196,
  "views": 10,
  "formatid": "gen9championsvgc2026regma",
  "rating": 1000,
  "private": 0,
  "password": null
}