{
  "id": "gen9championsvgc2026regma-2584899598",
  "format": "[Gen 9 Champions] VGC 2026 Reg M-A",
  "players": [
    "Donny Donnerson",
    "Skoekelememe"
  ],
  "log": "|j|\u2606Donny Donnerson\n|j|\u2606Skoekelememe\n|t:|1776292735\n|gametype|doubles\n|player|p1|Donny Donnerson|169|1086\n|player|p2|Skoekelememe|169|1118\n|gen|9\n|tier|[Gen 9 Champions] VGC 2026 Reg M-A\n|rated|\n|rule|Species Clause: Limit one of each Pok\u00e9mon\n|rule|Item Clause: Limit 1 of each item\n|clearpoke\n|poke|p1|Aggron, L50, F|\n|poke|p1|Politoed, L50, F|\n|poke|p1|Noivern, L50, F|\n|poke|p1|Sinistcha, L50|\n|poke|p1|Gyarados, L50, F|\n|poke|p1|Sableye, L50, F|\n|poke|p2|Conkeldurr, L50, M|\n|poke|p2|Froslass, L50, F|\n|poke|p2|Ninetales-Alola, L50, F|\n|poke|p2|Weavile, L50, M|\n|poke|p2|Alakazam, L50, M|\n|poke|p2|Snorlax, L50, F|\n|teampreview|4\n|c|\u2606Donny Donnerson|gl hf\n|inactive|Battle timer is ON: inactive players will automatically lose when time's up. (requested by Donny Donnerson)\n|\n|t:|1776292799\n|teamsize|p1|4\n|teamsize|p2|4\n|start\n|switch|p1a: Politoed|Politoed, L50, F, shiny|100/100\n|switch|p1b: Jew|Sableye, L50, F, shiny|100/100\n|switch|p2a: Conkeldurr|Conkeldurr, L50, M|100/100\n|switch|p2b: Ninetales|Ninetales-Alola, L50, F|100/100\n|-weather|Snowscape|[from] ability: Snow Warning|[of] p2b: Ninetales\n|-weather|RainDance|[from] ability: Drizzle|[of] p1a: Politoed\n|turn|1\n|inactive|Skoekelememe has 30 seconds left.\n|inactive|Skoekelememe has 20 seconds left.\n|\n|t:|1776292835\n|switch|p2a: Snorlax|Snorlax, L50, F|100/100\n|move|p1b: Jew|Gravity|p1b: Jew\n|-fieldstart|move: Gravity\n|move|p2b: Ninetales|Freeze-Dry|p1a: Politoed\n|-supereffective|p1a: Politoed|1\n|-damage|p1a: Politoed|53/100\n|move|p1a: Politoed|Hypnosis|p2b: Ninetales\n|-status|p2b: Ninetales|slp|[from] move: Hypnosis\n|\n|-weather|RainDance|[upkeep]\n|-heal|p1a: Politoed|59/100|[from] item: Leftovers\n|upkeep\n|turn|2\n|inactive|Donny Donnerson has 30 seconds left.\n|inactive|Skoekelememe has 30 seconds left.\n|inactive|Donny Donnerson has 20 seconds left.\n|\n|t:|1776292871\n|cant|p2b: Ninetales|slp\n|move|p1a: Politoed|Hypnosis|p2a: Snorlax\n|-status|p2a: Snorlax|slp|[from] move: Hypnosis\n|-enditem|p2a: Snorlax|Lum Berry|[eat]\n|-curestatus|p2a: Snorlax|slp|[msg]\n|move|p1b: Jew|Knock Off|p2a: Snorlax\n|-damage|p2a: Snorlax|87/100\n|move|p2a: Snorlax|Curse|p2a: Snorlax\n|-unboost|p2a: Snorlax|spe|1\n|-boost|p2a: Snorlax|atk|1\n|-boost|p2a: Snorlax|def|1\n|\n|-weather|RainDance|[upkeep]\n|-heal|p1a: Politoed|65/100|[from] item: Leftovers\n|upkeep\n|turn|3\n|inactive|Donny Donnerson has 30 seconds left.\n|\n|t:|1776292900\n|switch|p1b: Aggron|Aggron, L50, F, shiny|100/100\n|-curestatus|p2b: Ninetales|slp|[msg]\n|move|p2b: Ninetales|Freeze-Dry|p1a: Politoed\n|-supereffective|p1a: Politoed|1\n|-damage|p1a: Politoed|17/100\n|move|p1a: Politoed|Muddy Water|p2b: Ninetales|[spread] p2a,p2b\n|-damage|p2a: Snorlax|66/100\n|-damage|p2b: Ninetales|52/100\n|-unboost|p2b: Ninetales|accuracy|1\n|move|p2a: Snorlax|Curse|p2a: Snorlax\n|-unboost|p2a: Snorlax|spe|1\n|-boost|p2a: Snorlax|atk|1\n|-boost|p2a: Snorlax|def|1\n|\n|-weather|RainDance|[upkeep]\n|-heal|p1a: Politoed|23/100|[from] item: Leftovers\n|upkeep\n|turn|4\n|c|\u2606Skoekelememe|this shit is lowkey micky\n|inactive|Donny Donnerson has 30 seconds left.\n|\n|t:|1776292931\n|detailschange|p1b: Aggron|Aggron-Mega, L50, F, shiny\n|-mega|p1b: Aggron|Aggron|Aggronite\n|move|p1a: Politoed|Protect|p1a: Politoed\n|-singleturn|p1a: Politoed|Protect\n|move|p2b: Ninetales|Freeze-Dry|p1a: Politoed\n|-activate|p1a: Politoed|move: Protect\n|move|p1b: Aggron|Iron Defense|p1b: Aggron\n|-boost|p1b: Aggron|def|2\n|move|p2a: Snorlax|High Horsepower|p1b: Aggron\n|-supereffective|p1b: Aggron|1\n|-damage|p1b: Aggron|82/100\n|\n|-weather|RainDance|[upkeep]\n|-heal|p1a: Politoed|30/100|[from] item: Leftovers\n|upkeep\n|turn|5\n|\n|t:|1776292953\n|move|p2b: Ninetales|Freeze-Dry|p1a: Politoed\n|-supereffective|p1a: Politoed|1\n|-damage|p1a: Politoed|0 fnt\n|faint|p1a: Politoed\n|move|p1b: Aggron|Body Press|p2a: Snorlax\n|-supereffective|p2a: Snorlax|1\n|-damage|p2a: Snorlax|11/100\n|move|p2a: Snorlax|High Horsepower|p1b: Aggron\n|-supereffective|p1b: Aggron|1\n|-damage|p1b: Aggron|65/100\n|\n|-weather|none\n|-fieldend|move: Gravity\n|upkeep\n|\n|t:|1776292963\n|switch|p1a: Sinistcha|Sinistcha, L50|100/100\n|-heal|p1b: Aggron|90/100|[from] ability: Hospitality|[of] p1a: Sinistcha\n|turn|6\n|c|\u2606Donny Donnerson|whats micky\n|inactive|Skoekelememe has 30 seconds left.\n|\n|t:|1776292995\n|switch|p2a: Froslass|Froslass, L50, F, shiny|100/100\n|move|p1a: Sinistcha|Protect|p1a: Sinistcha\n|-singleturn|p1a: Sinistcha|Protect\n|move|p2b: Ninetales|Freeze-Dry|p1a: Sinistcha\n|-activate|p1a: Sinistcha|move: Protect\n|move|p1b: Aggron|Body Press|p2a: Froslass\n|-immune|p2a: Froslass\n|\n|upkeep\n|turn|7\n|inactive|Donny Donnerson has 30 seconds left.\n|inactive|Skoekelememe has 30 seconds left.\n|inactive|Donny Donnerson has 20 seconds left.\n|\n|t:|1776293031\n|switch|p2b: Snorlax|Snorlax, L50, F|11/100\n|switch|p1a: Jew|Sableye, L50, F, shiny|100/100\n|detailschange|p2a: Froslass|Froslass-Mega, L50, F, shiny\n|-mega|p2a: Froslass|Froslass|Froslassite\n|-weather|Snowscape|[from] ability: Snow Warning|[of] p2a: Froslass\n|move|p2a: Froslass|Aurora Veil|p2a: Froslass\n|-sidestart|p2: Skoekelememe|move: Aurora Veil\n|move|p1b: Aggron|Iron Head|p2a: Froslass\n|-supereffective|p2a: Froslass|1\n|-damage|p2a: Froslass|43/100\n|\n|-weather|Snowscape|[upkeep]\n|upkeep\n|turn|8\n|inactive|Donny Donnerson has 30 seconds left.\n|inactive|Skoekelememe has 30 seconds left.\n|\n|t:|1776293062\n|move|p2a: Froslass|Protect|p2a: Froslass\n|-singleturn|p2a: Froslass|Protect\n|move|p1b: Aggron|Protect|p1b: Aggron\n|-singleturn|p1b: Aggron|Protect\n|move|p1a: Jew|Metal Burst||[still]\n|-fail|p1a: Jew\n|move|p2b: Snorlax|High Horsepower|p1b: Aggron\n|-activate|p1b: Aggron|move: Protect\n|\n|-weather|Snowscape|[upkeep]\n|upkeep\n|turn|9\n|inactive|Skoekelememe has 30 seconds left.\n|\n|t:|1776293096\n|move|p2a: Froslass|Shadow Ball|p1b: Aggron\n|-damage|p1b: Aggron|50/100\n|-unboost|p1b: Aggron|spd|1\n|move|p1a: Jew|Metal Burst||[still]\n|-fail|p1a: Jew\n|move|p1b: Aggron|Iron Head|p2a: Froslass\n|-supereffective|p2a: Froslass|1\n|-damage|p2a: Froslass|0 fnt\n|faint|p2a: Froslass\n|move|p2b: Snorlax|High Horsepower|p1b: Aggron\n|-supereffective|p1b: Aggron|1\n|-damage|p1b: Aggron|40/100\n|\n|-weather|Snowscape|[upkeep]\n|upkeep\n|\n|t:|1776293111\n|switch|p2a: Conkeldurr|Conkeldurr, L50, M|100/100\n|turn|10\n|\n|t:|1776293127\n|switch|p1a: Sinistcha|Sinistcha, L50|100/100\n|-heal|p1b: Aggron|65/100|[from] ability: Hospitality|[of] p1a: Sinistcha\n|move|p1b: Aggron|Protect|p1b: Aggron\n|-singleturn|p1b: Aggron|Protect\n|move|p2a: Conkeldurr|Poison Jab|p1a: Sinistcha\n|-damage|p1a: Sinistcha|68/100\n|-status|p1a: Sinistcha|psn\n|move|p2b: Snorlax|Rest|p2b: Snorlax\n|-status|p2b: Snorlax|slp|[from] move: Rest\n|-heal|p2b: Snorlax|100/100 slp|[silent]\n|\n|-weather|Snowscape|[upkeep]\n|-damage|p1a: Sinistcha|56/100 psn|[from] psn\n|upkeep\n|turn|11\n|inactive|Donny Donnerson has 30 seconds left.\n|inactive|Skoekelememe has 30 seconds left.\n|inactive|Skoekelememe has 20 seconds left.\n|\n|t:|1776293165\n|move|p1a: Sinistcha|Protect|p1a: Sinistcha\n|-singleturn|p1a: Sinistcha|Protect\n|move|p1b: Aggron|Body Press|p2b: Snorlax\n|-supereffective|p2b: Snorlax|1\n|-damage|p2b: Snorlax|32/100 slp\n|move|p2a: Conkeldurr|Poison Jab|p1a: Sinistcha\n|-activate|p1a: Sinistcha|move: Protect\n|cant|p2b: Snorlax|slp\n|\n|-weather|none\n|-damage|p1a: Sinistcha|43/100 psn|[from] psn\n|-sideend|p2: Skoekelememe|move: Aurora Veil\n|upkeep\n|-enditem|p1a: Sinistcha|Sitrus Berry|[eat]\n|-heal|p1a: Sinistcha|68/100 psn|[from] item: Sitrus Berry\n|turn|12\n|inactive|Skoekelememe has 30 seconds left.\n|\n|t:|1776293198\n|switch|p1a: Jew|Sableye, L50, F, shiny|100/100\n|move|p1b: Aggron|Body Press|p2b: Snorlax\n|-supereffective|p2b: Snorlax|1\n|-damage|p2b: Snorlax|0 fnt\n|faint|p2b: Snorlax\n|move|p2a: Conkeldurr|Poison Jab|p1a: Jew\n|-resisted|p1a: Jew|1\n|-damage|p1a: Jew|80/100\n|\n|upkeep\n|\n|t:|1776293209\n|switch|p2b: Ninetales|Ninetales-Alola, L50, F|52/100\n|-weather|Snowscape|[from] ability: Snow Warning|[of] p2b: Ninetales\n|turn|13\n|\n|t:|1776293228\n|switch|p1a: Sinistcha|Sinistcha, L50|68/100 psn\n|-heal|p1b: Aggron|90/100|[from] ability: Hospitality|[of] p1a: Sinistcha\n|move|p2b: Ninetales|Blizzard|p1a: Sinistcha|[spread] p1a,p1b\n|-supereffective|p1a: Sinistcha|1\n|-resisted|p1b: Aggron|1\n|-damage|p1a: Sinistcha|16/100 psn\n|-damage|p1b: Aggron|69/100\n|move|p1b: Aggron|Iron Head|p2b: Ninetales\n|-supereffective|p2b: Ninetales|2\n|-damage|p2b: Ninetales|0 fnt\n|faint|p2b: Ninetales\n|move|p2a: Conkeldurr|Drain Punch|p1b: Aggron\n|-supereffective|p1b: Aggron|1\n|-damage|p1b: Aggron|51/100\n|\n|-weather|Snowscape|[upkeep]\n|-damage|p1a: Sinistcha|4/100 psn|[from] psn\n|upkeep\n|turn|14\n|c|\u2606Skoekelememe|bro what\n|c|\u2606Skoekelememe|im max atk\n|inactive|Skoekelememe has 30 seconds left.\n|inactive|Skoekelememe has 20 seconds left.\n|\n|t:|1776293267\n|switch|p1a: Jew|Sableye, L50, F, shiny|80/100\n|move|p1b: Aggron|Iron Head|p2a: Conkeldurr\n|-damage|p2a: Conkeldurr|65/100\n|move|p2a: Conkeldurr|Drain Punch|p1b: Aggron\n|-supereffective|p1b: Aggron|1\n|-damage|p1b: Aggron|30/100\n|-heal|p2a: Conkeldurr|74/100|[from] drain|[of] p1b: Aggron\n|\n|-weather|Snowscape|[upkeep]\n|upkeep\n|turn|15\n|\n|t:|1776293286\n|move|p1b: Aggron|Protect|p1b: Aggron\n|-singleturn|p1b: Aggron|Protect\n|move|p1a: Jew|Knock Off|p2a: Conkeldurr\n|-resisted|p2a: Conkeldurr|1\n|-damage|p2a: Conkeldurr|62/100\n|-enditem|p2a: Conkeldurr|White Herb|[from] move: Knock Off|[of] p1a: Jew\n|move|p2a: Conkeldurr|Poison Jab|p1a: Jew\n|-resisted|p1a: Jew|1\n|-damage|p1a: Jew|59/100\n|-status|p1a: Jew|psn\n|\n|-weather|Snowscape|[upkeep]\n|-damage|p1a: Jew|47/100 psn|[from] psn\n|upkeep\n|turn|16\n|inactive|Skoekelememe has 30 seconds left.\n|inactive|Skoekelememe has 20 seconds left.\n|inactive|Donny Donnerson has 30 seconds left.\n|inactive|Skoekelememe has 15 seconds left.\n|\n|t:|1776293317\n|switch|p1a: Sinistcha|Sinistcha, L50|4/100 psn\n|-heal|p1b: Aggron|55/100|[from] ability: Hospitality|[of] p1a: Sinistcha\n|move|p1b: Aggron|Iron Head|p2a: Conkeldurr\n|-damage|p2a: Conkeldurr|32/100\n|move|p2a: Conkeldurr|Poison Jab|p1a: Sinistcha\n|-damage|p1a: Sinistcha|0 fnt\n|faint|p1a: Sinistcha\n|\n|-weather|Snowscape|[upkeep]\n|upkeep\n|inactive|Donny Donnerson has 30 seconds left.\n|\n|t:|1776293327\n|switch|p1a: Jew|Sableye, L50, F, shiny|47/100 psn\n|turn|17\n|inactive|Donny Donnerson has 30 seconds left this turn.\n|inactive|Skoekelememe has 15 seconds left this turn.\n|inactive|Skoekelememe has 10 seconds left.\n|\n|t:|1776293334\n|move|p1a: Jew|Recover|p1a: Jew\n|-heal|p1a: Jew|97/100 psn\n|move|p1b: Aggron|Iron Head|p2a: Conkeldurr\n|-damage|p2a: Conkeldurr|0 fnt\n|faint|p2a: Conkeldurr\n|\n|win|Donny Donnerson\n|raw|Donny Donnerson's rating: 1086 &rarr; <strong>1116</strong><br />(+30 for winning)\n|raw|Skoekelememe's rating: 1118 &rarr; <strong>1091</strong><br />(-27 for losing)\n|c|\u2606Skoekelememe|naah\n|l|\u2606Skoekelememe\n|player|p2|\n",
  "uploadtime": 1776293488,
  "views": 17,
  "formatid": "gen9championsvgc2026regma",
  "rating": 1091,
  "private": 0,
  "password": null
}