{
  "id": "gen9championsvgc2026regma-2589408937",
  "format": "[Gen 9 Champions] VGC 2026 Reg M-A",
  "players": [
    "GreyZeta",
    "KarmicPines2002"
  ],
  "log": "|j|\u2606GreyZeta\n|j|\u2606KarmicPines2002\n|t:|1776720550\n|gametype|doubles\n|player|p1|GreyZeta|gambler|1259\n|player|p2|KarmicPines2002|1|1303\n|gen|9\n|tier|[Gen 9 Champions] VGC 2026 Reg M-A\n|rated|\n|rule|Species Clause: Limit one of each Pok\u00e9mon\n|rule|Item Clause: Limit 1 of each item\n|clearpoke\n|poke|p1|Charizard, L50, F|\n|poke|p1|Venusaur, L50, M|\n|poke|p1|Sneasler, L50, F|\n|poke|p1|Garchomp, L50, F|\n|poke|p1|Incineroar, L50, M|\n|poke|p1|Whimsicott, L50, F|\n|poke|p2|Sneasler, L50, F|\n|poke|p2|Basculegion, L50, M|\n|poke|p2|Aerodactyl, L50, M|\n|poke|p2|Archaludon, L50, M|\n|poke|p2|Scovillain, L50, M|\n|poke|p2|Pelipper, L50, M|\n|teampreview|4\n|inactive|Battle timer is ON: inactive players will automatically lose when time's up. (requested by KarmicPines2002)\n|inactive|GreyZeta has 60 seconds left.\n|inactive|KarmicPines2002 has 60 seconds left.\n|\n|t:|1776720605\n|teamsize|p1|4\n|teamsize|p2|4\n|start\n|switch|p1a: Incineroar|Incineroar, L50, M|100/100\n|switch|p1b: Whimsicott|Whimsicott, L50, F|100/100\n|switch|p2a: Aerodactyl|Aerodactyl, L50, M|100/100\n|switch|p2b: Sneasler|Sneasler, L50, F|100/100\n|-ability|p2a: Aerodactyl|Unnerve\n|-ability|p1a: Incineroar|Intimidate|boost\n|-unboost|p2a: Aerodactyl|atk|1\n|-unboost|p2b: Sneasler|atk|1\n|-enditem|p2b: Sneasler|White Herb\n|-clearnegativeboost|p2b: Sneasler|[silent]\n|turn|1\n|inactive|GreyZeta has 30 seconds left.\n|inactive|KarmicPines2002 has 30 seconds left.\n|inactive|GreyZeta has 20 seconds left.\n|\n|t:|1776720644\n|detailschange|p2a: Aerodactyl|Aerodactyl-Mega, L50, M\n|-mega|p2a: Aerodactyl|Aerodactyl|Aerodactylite\n|move|p2a: Aerodactyl|Protect|p2a: Aerodactyl\n|-singleturn|p2a: Aerodactyl|Protect\n|move|p2b: Sneasler|Fake Out|p1b: Whimsicott\n|-damage|p1b: Whimsicott|88/100\n|move|p1a: Incineroar|Fake Out|p2a: Aerodactyl\n|-activate|p2a: Aerodactyl|move: Protect\n|cant|p1b: Whimsicott|flinch\n|\n|upkeep\n|turn|2\n|\n|t:|1776720663\n|move|p1b: Whimsicott|Tailwind|p1b: Whimsicott\n|-sidestart|p1: GreyZeta|move: Tailwind\n|move|p2b: Sneasler|Dire Claw|p1b: Whimsicott\n|-supereffective|p1b: Whimsicott|2\n|-crit|p1b: Whimsicott\n|-damage|p1b: Whimsicott|0 fnt\n|faint|p1b: Whimsicott\n|move|p2a: Aerodactyl|Rock Slide|p1a: Incineroar\n|-supereffective|p1a: Incineroar|1\n|-damage|p1a: Incineroar|54/100\n|move|p1a: Incineroar|Flare Blitz|p2b: Sneasler\n|-damage|p2b: Sneasler|0 fnt\n|faint|p2b: Sneasler\n|-damage|p1a: Incineroar|26/100|[from] Recoil\n|-enditem|p1a: Incineroar|Sitrus Berry|[eat]\n|-heal|p1a: Incineroar|51/100|[from] item: Sitrus Berry\n|\n|upkeep\n|\n|t:|1776720687\n|switch|p2b: Pelipper|Pelipper, L50, M|100/100\n|switch|p1b: Charizard|Charizard, L50, F|100/100\n|-weather|RainDance|[from] ability: Drizzle|[of] p2b: Pelipper\n|turn|3\n|\n|t:|1776720707\n|detailschange|p1b: Charizard|Charizard-Mega-Y, L50, F\n|-mega|p1b: Charizard|Charizard|Charizardite Y\n|-weather|SunnyDay|[from] ability: Drought|[of] p1b: Charizard\n|move|p1b: Charizard|Protect|p1b: Charizard\n|-singleturn|p1b: Charizard|Protect\n|move|p2b: Pelipper|Wide Guard|p2b: Pelipper\n|-singleturn|p2b: Pelipper|Wide Guard\n|move|p2a: Aerodactyl|Tailwind|p2a: Aerodactyl\n|-sidestart|p2: KarmicPines2002|move: Tailwind\n|move|p1a: Incineroar|Parting Shot|p2a: Aerodactyl\n|-unboost|p2a: Aerodactyl|atk|1\n|-unboost|p2a: Aerodactyl|spa|1\n|\n|t:|1776720718\n|switch|p1a: Venusaur|Venusaur, L50, M|100/100|[from] Parting Shot\n|\n|-weather|SunnyDay|[upkeep]\n|upkeep\n|turn|4\n|inactive|KarmicPines2002 has 30 seconds left.\n|\n|t:|1776720750\n|switch|p2b: Archaludon|Archaludon, L50, M|100/100\n|move|p2a: Aerodactyl|Rock Slide|p1b: Charizard|[spread] p1a,p1b\n|-supereffective|p1b: Charizard|2\n|-damage|p1a: Venusaur|87/100\n|-damage|p1b: Charizard|22/100\n|move|p1a: Venusaur|Sleep Powder|p2b: Archaludon\n|-status|p2b: Archaludon|slp|[from] move: Sleep Powder\n|move|p1b: Charizard|Weather Ball|p2a: Aerodactyl\n|-resisted|p2a: Aerodactyl|1\n|-damage|p2a: Aerodactyl|55/100\n|\n|-weather|SunnyDay|[upkeep]\n|upkeep\n|turn|5\n|inactive|GreyZeta has 30 seconds left.\n|\n|t:|1776720787\n|switch|p2b: Pelipper|Pelipper, L50, M|100/100\n|-weather|RainDance|[from] ability: Drizzle|[of] p2b: Pelipper\n|switch|p1b: Incineroar|Incineroar, L50, M|51/100\n|-ability|p1b: Incineroar|Intimidate|boost\n|-unboost|p2a: Aerodactyl|atk|1\n|-unboost|p2b: Pelipper|atk|1\n|move|p2a: Aerodactyl|Protect|p2a: Aerodactyl\n|-singleturn|p2a: Aerodactyl|Protect\n|move|p1a: Venusaur|Earth Power|p2b: Pelipper\n|-immune|p2b: Pelipper\n|\n|-weather|RainDance|[upkeep]\n|-sideend|p1: GreyZeta|move: Tailwind\n|upkeep\n|turn|6\n|inactive|GreyZeta has 30 seconds left.\n|inactive|GreyZeta has 20 seconds left.\n|inactive|GreyZeta has 15 seconds left.\n|inactive|GreyZeta has 10 seconds left.\n|inactive|GreyZeta has 5 seconds left.\n|\n|t:|1776720842\n|switch|p2a: Archaludon|Archaludon, L50, M|100/100 slp\n|move|p2b: Pelipper|Protect|p2b: Pelipper\n|-singleturn|p2b: Pelipper|Protect\n|move|p1a: Venusaur|Giga Drain|p2b: Pelipper\n|-activate|p2b: Pelipper|move: Protect\n|move|p1b: Incineroar|Flare Blitz|p2b: Pelipper\n|-activate|p2b: Pelipper|move: Protect\n|\n|-weather|RainDance|[upkeep]\n|-sideend|p2: KarmicPines2002|move: Tailwind\n|upkeep\n|turn|7\n|inactive|KarmicPines2002 has 30 seconds left.\n|inactive|KarmicPines2002 has 20 seconds left.\n|inactive|KarmicPines2002 has 15 seconds left.\n|inactive|KarmicPines2002 has 10 seconds left.\n|inactive|KarmicPines2002 has 5 seconds left.\n|\n|t:|1776720893\n|cant|p2a: Archaludon|slp\n|move|p1a: Venusaur|Sleep Powder|p2b: Pelipper|[miss]\n|-miss|p1a: Venusaur|p2b: Pelipper\n|move|p1b: Incineroar|Parting Shot|p2a: Archaludon\n|-unboost|p2a: Archaludon|atk|1\n|-unboost|p2a: Archaludon|spa|1\n|\n|t:|1776720913\n|switch|p1b: Charizard|Charizard-Mega-Y, L50, F|22/100|[from] Parting Shot\n|-weather|SunnyDay|[from] ability: Drought|[of] p1b: Charizard\n|move|p2b: Pelipper|Weather Ball|p1b: Charizard\n|-resisted|p1b: Charizard|1\n|-damage|p1b: Charizard|4/100\n|\n|-weather|SunnyDay|[upkeep]\n|upkeep\n|turn|8\n|inactive|KarmicPines2002 has 30 seconds left.\n|\n|t:|1776720941\n|move|p2b: Pelipper|Protect|p2b: Pelipper\n|-singleturn|p2b: Pelipper|Protect\n|-curestatus|p2a: Archaludon|slp|[msg]\n|move|p2a: Archaludon|Snarl|p1a: Venusaur|[spread] p1a,p1b\n|-damage|p1a: Venusaur|78/100\n|-damage|p1b: Charizard|0 fnt\n|-unboost|p1a: Venusaur|spa|1\n|faint|p1b: Charizard\n|move|p1a: Venusaur|Sleep Powder|p2b: Pelipper\n|-activate|p2b: Pelipper|move: Protect\n|\n|-weather|SunnyDay|[upkeep]\n|upkeep\n|\n|t:|1776720955\n|switch|p1b: Incineroar|Incineroar, L50, M|51/100\n|-ability|p1b: Incineroar|Intimidate|boost\n|-unboost|p2a: Archaludon|atk|1\n|-unboost|p2b: Pelipper|atk|1\n|turn|9\n|inactive|GreyZeta has 30 seconds left.\n|\n|t:|1776720985\n|switch|p2a: Aerodactyl|Aerodactyl-Mega, L50, M|55/100\n|move|p1a: Venusaur|Sleep Powder|p2b: Pelipper\n|-status|p2b: Pelipper|slp|[from] move: Sleep Powder\n|move|p1b: Incineroar|Flare Blitz|p2a: Aerodactyl\n|-resisted|p2a: Aerodactyl|1\n|-damage|p2a: Aerodactyl|0 fnt\n|faint|p2a: Aerodactyl\n|-damage|p1b: Incineroar|34/100|[from] Recoil\n|cant|p2b: Pelipper|slp\n|\n|-weather|SunnyDay|[upkeep]\n|upkeep\n|\n|t:|1776721000\n|switch|p2a: Archaludon|Archaludon, L50, M|100/100\n|turn|10\n|\n|t:|1776721020\n|move|p2a: Archaludon|Draco Meteor|p1a: Venusaur|[miss]\n|-miss|p2a: Archaludon|p1a: Venusaur\n|move|p1a: Venusaur|Earth Power|p2a: Archaludon\n|-supereffective|p2a: Archaludon|1\n|-damage|p2a: Archaludon|42/100\n|move|p1b: Incineroar|Flare Blitz|p2a: Archaludon\n|-damage|p2a: Archaludon|0 fnt\n|faint|p2a: Archaludon\n|-damage|p1b: Incineroar|23/100|[from] Recoil\n|cant|p2b: Pelipper|slp\n|\n|-weather|SunnyDay|[upkeep]\n|upkeep\n|turn|11\n|\n|t:|1776721041\n|-curestatus|p2b: Pelipper|slp|[msg]\n|move|p2b: Pelipper|Protect|p2b: Pelipper\n|-singleturn|p2b: Pelipper|Protect\n|move|p1a: Venusaur|Sludge Bomb|p2b: Pelipper\n|-activate|p2b: Pelipper|move: Protect\n|move|p1b: Incineroar|Flare Blitz|p2b: Pelipper\n|-activate|p2b: Pelipper|move: Protect\n|\n|-weather|none\n|upkeep\n|turn|12\n|\n|t:|1776721057\n|move|p1a: Venusaur|Sludge Bomb|p2b: Pelipper\n|-damage|p2b: Pelipper|66/100\n|-status|p2b: Pelipper|psn\n|move|p2b: Pelipper|Hurricane|p1a: Venusaur\n|-supereffective|p1a: Venusaur|1\n|-damage|p1a: Venusaur|3/100\n|move|p1b: Incineroar|Throat Chop|p2b: Pelipper\n|-damage|p2b: Pelipper|30/100 psn\n|-start|p2b: Pelipper|Throat Chop|[silent]\n|-enditem|p2b: Pelipper|Sitrus Berry|[eat]\n|-heal|p2b: Pelipper|55/100 psn|[from] item: Sitrus Berry\n|\n|-damage|p2b: Pelipper|43/100 psn|[from] psn\n|upkeep\n|turn|13\n|\n|t:|1776721077\n|move|p1a: Venusaur|Sludge Bomb|p2b: Pelipper\n|-damage|p2b: Pelipper|7/100 psn\n|move|p2b: Pelipper|Hurricane|p1a: Venusaur\n|-supereffective|p1a: Venusaur|1\n|-damage|p1a: Venusaur|0 fnt\n|faint|p1a: Venusaur\n|move|p1b: Incineroar|Throat Chop|p2b: Pelipper\n|-damage|p2b: Pelipper|0 fnt\n|faint|p2b: Pelipper\n|\n|win|GreyZeta\n|raw|GreyZeta's rating: 1259 &rarr; <strong>1287</strong><br />(+28 for winning)\n|raw|KarmicPines2002's rating: 1303 &rarr; <strong>1280</strong><br />(-23 for losing)\n",
  "uploadtime": 1776721088,
  "views": 8,
  "formatid": "gen9championsvgc2026regma",
  "rating": 1280,
  "private": 0,
  "password": null
}