{
  "id": "gen9championsvgc2026regma-2588854452",
  "format": "[Gen 9 Champions] VGC 2026 Reg M-A",
  "players": [
    "Yoyohvgc",
    "Murphy's kitchen"
  ],
  "log": "|j|\u2606Yoyohvgc\n|j|\u2606Murphy's kitchen\n|t:|1776678881\n|gametype|doubles\n|player|p1|Yoyohvgc|pokemonbreederf-gen4|1371\n|player|p2|Murphy's kitchen|265|1431\n|gen|9\n|tier|[Gen 9 Champions] VGC 2026 Reg M-A\n|rated|\n|rule|Species Clause: Limit one of each Pok\u00e9mon\n|rule|Item Clause: Limit 1 of each item\n|clearpoke\n|poke|p1|Tyranitar, L50, F|\n|poke|p1|Sinistcha, L50|\n|poke|p1|Garchomp, L50, F|\n|poke|p1|Sylveon, L50, F|\n|poke|p1|Corviknight, L50, M|\n|poke|p1|Delphox, L50, F|\n|poke|p2|Aerodactyl, L50, F|\n|poke|p2|Dragapult, L50, F|\n|poke|p2|Kingambit, L50, M|\n|poke|p2|Primarina, L50, F|\n|poke|p2|Scovillain, L50, F|\n|poke|p2|Sneasler, L50, M|\n|teampreview|4\n|\n|t:|1776678933\n|teamsize|p1|4\n|teamsize|p2|4\n|start\n|switch|p1a: Sylveon|Sylveon, L50, F|100/100\n|switch|p1b: Delphox|Delphox, L50, F|100/100\n|switch|p2a: Primarina|Primarina, L50, F|100/100\n|switch|p2b: Aerodactyl|Aerodactyl, L50, F|100/100\n|-ability|p2b: Aerodactyl|Unnerve\n|turn|1\n|\n|t:|1776678948\n|detailschange|p2b: Aerodactyl|Aerodactyl-Mega, L50, F\n|-mega|p2b: Aerodactyl|Aerodactyl|Aerodactylite\n|move|p1b: Delphox|Protect|p1b: Delphox\n|-singleturn|p1b: Delphox|Protect\n|move|p2b: Aerodactyl|Rock Slide|p1a: Sylveon|[spread] p1a\n|-activate|p1b: Delphox|move: Protect\n|-crit|p1a: Sylveon\n|-damage|p1a: Sylveon|48/100\n|move|p1a: Sylveon|Hyper Voice|p2b: Aerodactyl|[spread] p2a,p2b\n|-damage|p2a: Primarina|59/100\n|-damage|p2b: Aerodactyl|45/100\n|move|p2a: Primarina|Hyper Voice|p1a: Sylveon|[spread] p1a\n|-activate|p1b: Delphox|move: Protect\n|-damage|p1a: Sylveon|23/100\n|\n|-heal|p2a: Primarina|65/100|[from] item: Leftovers\n|upkeep\n|turn|2\n|\n|t:|1776678973\n|switch|p1a: Garchomp|Garchomp, L50, F|100/100\n|detailschange|p1b: Delphox|Delphox-Mega, L50, F\n|-mega|p1b: Delphox|Delphox|Delphoxite\n|move|p2b: Aerodactyl|Rock Slide|p1b: Delphox|[spread] p1b\n|-miss|p2b: Aerodactyl|p1a: Garchomp\n|-supereffective|p1b: Delphox|1\n|-damage|p1b: Delphox|4/100\n|move|p1b: Delphox|Psychic|p2a: Primarina\n|-damage|p2a: Primarina|14/100\n|move|p2a: Primarina|Hyper Voice|p1a: Garchomp|[spread] p1a,p1b\n|-supereffective|p1b: Delphox|1\n|-damage|p1a: Garchomp|62/100\n|-damage|p1b: Delphox|0 fnt\n|faint|p1b: Delphox\n|\n|-heal|p2a: Primarina|20/100|[from] item: Leftovers\n|upkeep\n|\n|t:|1776678989\n|switch|p1b: Corviknight|Corviknight, L50, M|100/100\n|turn|3\n|\n|t:|1776678998\n|move|p1a: Garchomp|Protect|p1a: Garchomp\n|-singleturn|p1a: Garchomp|Protect\n|move|p2b: Aerodactyl|Tailwind|p2b: Aerodactyl\n|-sidestart|p2: Murphy's kitchen|move: Tailwind\n|move|p2a: Primarina|Hyper Voice|p1a: Garchomp|[spread] p1b\n|-activate|p1a: Garchomp|move: Protect\n|-damage|p1b: Corviknight|67/100\n|move|p1b: Corviknight|Tailwind|p1b: Corviknight\n|-sidestart|p1: Yoyohvgc|move: Tailwind\n|\n|-heal|p1b: Corviknight|73/100|[from] item: Leftovers\n|-heal|p2a: Primarina|26/100|[from] item: Leftovers\n|upkeep\n|turn|4\n|\n|t:|1776679015\n|move|p2b: Aerodactyl|Rock Slide|p1b: Corviknight|[spread] p1a,p1b\n|-resisted|p1a: Garchomp|1\n|-crit|p1a: Garchomp\n|-damage|p1a: Garchomp|39/100\n|-damage|p1b: Corviknight|46/100\n|move|p1a: Garchomp|Rock Slide|p2a: Primarina|[spread] p2a\n|-miss|p1a: Garchomp|p2b: Aerodactyl\n|-damage|p2a: Primarina|2/100\n|cant|p1b: Corviknight|flinch\n|move|p2a: Primarina|Hyper Voice|p1a: Garchomp|[spread] p1a,p1b\n|-damage|p1a: Garchomp|4/100\n|-damage|p1b: Corviknight|12/100\n|\n|-heal|p1b: Corviknight|18/100|[from] item: Leftovers\n|-heal|p2a: Primarina|8/100|[from] item: Leftovers\n|upkeep\n|turn|5\n|\n|t:|1776679036\n|move|p2b: Aerodactyl|Rock Slide|p1a: Garchomp|[spread] p1a,p1b\n|-resisted|p1a: Garchomp|1\n|-damage|p1a: Garchomp|0 fnt\n|-damage|p1b: Corviknight|0 fnt\n|faint|p1a: Garchomp\n|faint|p1b: Corviknight\n|move|p2a: Primarina|Hyper Voice|p1: Garchomp|[notarget]\n|-fail|p2a: Primarina\n|\n|-heal|p2a: Primarina|15/100|[from] item: Leftovers\n|upkeep\n|-message|Yoyohvgc forfeited.\n|\n|win|Murphy's kitchen\n|raw|Yoyohvgc's rating: 1371 &rarr; <strong>1354</strong><br />(-17 for losing)\n|raw|Murphy&apos;s kitchen's rating: 1431 &rarr; <strong>1448</strong><br />(+17 for winning)\n|l|\u2606Yoyohvgc\n|player|p1|\n",
  "uploadtime": 1776679049,
  "views": 20,
  "formatid": "gen9championsvgc2026regma",
  "rating": 1354,
  "private": 0,
  "password": null
}