{
  "id": "gen9championsvgc2026regma-2587611747",
  "format": "[Gen 9 Champions] VGC 2026 Reg M-A",
  "players": [
    "AquaticPanic",
    "causatorres"
  ],
  "log": "|j|\u2606AquaticPanic\n|j|\u2606causatorres\n|t:|1776546871\n|gametype|doubles\n|player|p1|AquaticPanic|bellelba|1311\n|player|p2|causatorres|hugh|1258\n|gen|9\n|tier|[Gen 9 Champions] VGC 2026 Reg M-A\n|rated|\n|rule|Species Clause: Limit one of each Pok\u00e9mon\n|rule|Item Clause: Limit 1 of each item\n|clearpoke\n|poke|p1|Venusaur, L50, M|\n|poke|p1|Charizard, L50, F|\n|poke|p1|Garchomp, L50, F|\n|poke|p1|Armarouge, L50, F|\n|poke|p1|Rotom-Wash, L50|\n|poke|p1|Aerodactyl, L50, M|\n|poke|p2|Whimsicott, L50, M|\n|poke|p2|Kingambit, L50, F|\n|poke|p2|Gardevoir, L50, M|\n|poke|p2|Incineroar, L50, F|\n|poke|p2|Aerodactyl, L50, M|\n|poke|p2|Basculegion, L50, M|\n|teampreview|4\n|inactive|Battle timer is ON: inactive players will automatically lose when time's up. (requested by causatorres)\n|\n|t:|1776546892\n|teamsize|p1|4\n|teamsize|p2|4\n|start\n|switch|p1a: Charizard|Charizard, L50, F|100/100\n|switch|p1b: Armarouge|Armarouge, L50, F|100/100\n|switch|p2a: Whimsicott|Whimsicott, L50, M|100/100\n|switch|p2b: Aerodactyl|Aerodactyl, L50, M|100/100\n|-ability|p2b: Aerodactyl|Unnerve\n|turn|1\n|\n|t:|1776546910\n|switch|p2a: Incineroar|Incineroar, L50, F|100/100\n|-ability|p2a: Incineroar|Intimidate|boost\n|-unboost|p1a: Charizard|atk|1\n|-unboost|p1b: Armarouge|atk|1\n|detailschange|p1a: Charizard|Charizard-Mega-Y, L50, F\n|-mega|p1a: Charizard|Charizard|Charizardite Y\n|-weather|SunnyDay|[from] ability: Drought|[of] p1a: Charizard\n|move|p1b: Armarouge|Wide Guard|p1b: Armarouge\n|-singleturn|p1b: Armarouge|Wide Guard\n|move|p2b: Aerodactyl|Taunt|p1b: Armarouge\n|-start|p1b: Armarouge|move: Taunt\n|move|p1a: Charizard|Heat Wave|p2a: Incineroar|[spread] p2a,p2b\n|-resisted|p2a: Incineroar|1\n|-resisted|p2b: Aerodactyl|1\n|-damage|p2a: Incineroar|71/100\n|-damage|p2b: Aerodactyl|52/100\n|\n|-weather|SunnyDay|[upkeep]\n|upkeep\n|turn|2\n|\n|t:|1776546933\n|move|p1a: Charizard|Protect|p1a: Charizard\n|-singleturn|p1a: Charizard|Protect\n|move|p2a: Incineroar|Fake Out|p1b: Armarouge\n|-damage|p1b: Armarouge|86/100\n|-ability|p1b: Armarouge|Weak Armor|boost\n|-unboost|p1b: Armarouge|def|1\n|-boost|p1b: Armarouge|spe|2\n|move|p2b: Aerodactyl|Rock Slide|p1a: Charizard|[spread] p1b\n|-activate|p1a: Charizard|move: Protect\n|-supereffective|p1b: Armarouge|1\n|-damage|p1b: Armarouge|20/100\n|-ability|p1b: Armarouge|Weak Armor|boost\n|-unboost|p1b: Armarouge|def|1\n|-boost|p1b: Armarouge|spe|2\n|cant|p1b: Armarouge|flinch\n|\n|-weather|SunnyDay|[upkeep]\n|upkeep\n|turn|3\n|inactive|causatorres has 30 seconds left.\n|\n|t:|1776546958\n|move|p1b: Armarouge|Psychic|p2b: Aerodactyl\n|-damage|p2b: Aerodactyl|0 fnt\n|faint|p2b: Aerodactyl\n|move|p1a: Charizard|Flamethrower|p2a: Incineroar\n|-resisted|p2a: Incineroar|1\n|-crit|p2a: Incineroar\n|-damage|p2a: Incineroar|17/100\n|move|p2a: Incineroar|Throat Chop|p1a: Charizard\n|-crit|p1a: Charizard\n|-damage|p1a: Charizard|13/100\n|-start|p1a: Charizard|Throat Chop|[silent]\n|\n|-weather|SunnyDay|[upkeep]\n|upkeep\n|\n|t:|1776546975\n|switch|p2b: Whimsicott|Whimsicott, L50, M|100/100\n|turn|4\n|\n|t:|1776546991\n|move|p2b: Whimsicott|Tailwind|p2b: Whimsicott\n|-sidestart|p2: causatorres|move: Tailwind\n|move|p1b: Armarouge|Armor Cannon|p2b: Whimsicott\n|-supereffective|p2b: Whimsicott|1\n|-enditem|p2b: Whimsicott|Focus Sash\n|-damage|p2b: Whimsicott|1/100\n|-unboost|p1b: Armarouge|def|1\n|-unboost|p1b: Armarouge|spd|1\n|move|p2a: Incineroar|Throat Chop|p1a: Charizard\n|-damage|p1a: Charizard|0 fnt\n|faint|p1a: Charizard\n|\n|-weather|SunnyDay|[upkeep]\n|-end|p1b: Armarouge|move: Taunt\n|upkeep\n|\n|t:|1776547011\n|switch|p1a: Garchomp|Garchomp, L50, F|100/100\n|turn|5\n|inactive|causatorres has 30 seconds left.\n|\n|t:|1776547041\n|switch|p2b: Gardevoir|Gardevoir, L50, M|100/100\n|-ability|p2b: Gardevoir|Rough Skin|Trace|[from] ability: Trace|[of] p1a: Garchomp\n|move|p1b: Armarouge|Protect|p1b: Armarouge\n|-singleturn|p1b: Armarouge|Protect\n|move|p1a: Garchomp|Rock Slide|p2a: Incineroar|[spread] p2a,p2b\n|-supereffective|p2a: Incineroar|1\n|-damage|p2a: Incineroar|0 fnt\n|-damage|p2b: Gardevoir|72/100\n|faint|p2a: Incineroar\n|\n|-weather|none\n|upkeep\n|\n|t:|1776547056\n|switch|p2a: Whimsicott|Whimsicott, L50, M|1/100\n|turn|6\n|\n|t:|1776547065\n|detailschange|p2b: Gardevoir|Gardevoir-Mega, L50, M\n|-mega|p2b: Gardevoir|Gardevoir|Gardevoirite\n|move|p1b: Armarouge|Wide Guard|p1b: Armarouge\n|-singleturn|p1b: Armarouge|Wide Guard\n|move|p2a: Whimsicott|Encore|p1b: Armarouge\n|-start|p1b: Armarouge|Encore\n|move|p2b: Gardevoir|Hyper Voice|p1b: Armarouge|[spread] \n|-activate|p1a: Garchomp|move: Wide Guard\n|-activate|p1b: Armarouge|move: Wide Guard\n|move|p1a: Garchomp|Rock Slide|p2b: Gardevoir|[spread] p2a,p2b\n|-damage|p2a: Whimsicott|0 fnt\n|-damage|p2b: Gardevoir|46/100\n|faint|p2a: Whimsicott\n|\n|upkeep\n|turn|7\n|-message|causatorres forfeited.\n|\n|win|AquaticPanic\n|raw|AquaticPanic's rating: 1311 &rarr; <strong>1328</strong><br />(+17 for winning)\n|raw|causatorres's rating: 1258 &rarr; <strong>1237</strong><br />(-21 for losing)\n|l|\u2606causatorres\n|player|p2|\n",
  "uploadtime": 1776547085,
  "views": 27,
  "formatid": "gen9championsvgc2026regma",
  "rating": 1237,
  "private": 0,
  "password": null
}