{
  "id": "gen9championsvgc2026regma-2585721299",
  "format": "[Gen 9 Champions] VGC 2026 Reg M-A",
  "players": [
    "korinn",
    "ZeroPops"
  ],
  "log": "|j|\u2606korinn\n|j|\u2606ZeroPops\n|t:|1776366017\n|gametype|doubles\n|player|p1|korinn|265|1283\n|player|p2|ZeroPops|1|1324\n|gen|9\n|tier|[Gen 9 Champions] VGC 2026 Reg M-A\n|rated|\n|rule|Species Clause: Limit one of each Pok\u00e9mon\n|rule|Item Clause: Limit 1 of each item\n|clearpoke\n|poke|p1|Blastoise, L50, F|\n|poke|p1|Talonflame, L50, M|\n|poke|p1|Sinistcha, L50|\n|poke|p1|Garchomp, L50, F|\n|poke|p1|Sylveon, L50, M|\n|poke|p1|Skarmory, L50, M|\n|poke|p2|Floette-Eternal, L50, F|\n|poke|p2|Aerodactyl, L50, F|\n|poke|p2|Sneasler, L50, F|\n|poke|p2|Incineroar, L50, M|\n|poke|p2|Kingambit, L50, M|\n|poke|p2|Basculegion, L50, M|\n|teampreview|4\nZeroPops rejected open team sheets.\n|\n|t:|1776366107\n|teamsize|p1|4\n|teamsize|p2|4\n|start\n|switch|p1a: Talonflame|Talonflame, L50, M|100/100\n|switch|p1b: Garchomp|Garchomp, L50, F|100/100\n|switch|p2a: Aerodactyl|Aerodactyl, L50, F|100/100\n|switch|p2b: Incineroar|Incineroar, L50, M|100/100\n|-ability|p2a: Aerodactyl|Unnerve\n|-ability|p2b: Incineroar|Intimidate|boost\n|-unboost|p1a: Talonflame|atk|1\n|-unboost|p1b: Garchomp|atk|1\n|turn|1\n|\n|t:|1776366152\n|move|p1a: Talonflame|Quick Guard|p1a: Talonflame\n|-singleturn|p1a: Talonflame|Quick Guard\n|move|p2b: Incineroar|Fake Out|p1b: Garchomp\n|-activate|p1b: Garchomp|move: Quick Guard\n|move|p1b: Garchomp|Rock Slide|p2b: Incineroar|[spread] p2a,p2b\n|-supereffective|p2a: Aerodactyl|1\n|-supereffective|p2b: Incineroar|1\n|-damage|p2a: Aerodactyl|50/100\n|-damage|p2b: Incineroar|75/100\n|move|p2a: Aerodactyl|Tailwind|p2a: Aerodactyl\n|-sidestart|p2: ZeroPops|move: Tailwind\n|\n|upkeep\n|turn|2\n|\n|t:|1776366190\n|move|p2a: Aerodactyl|Protect|p2a: Aerodactyl\n|-singleturn|p2a: Aerodactyl|Protect\n|move|p1a: Talonflame|Tailwind|p1a: Talonflame\n|-sidestart|p1: korinn|move: Tailwind\n|move|p1b: Garchomp|Rock Slide|p2b: Incineroar|[spread] p2b\n|-activate|p2a: Aerodactyl|move: Protect\n|-supereffective|p2b: Incineroar|1\n|-damage|p2b: Incineroar|51/100\n|move|p2b: Incineroar|Parting Shot|p1b: Garchomp\n|-unboost|p1b: Garchomp|atk|1\n|-unboost|p1b: Garchomp|spa|1\n|\n|t:|1776366198\n|switch|p2b: Floette|Floette-Eternal, L50, F|100/100|[from] Parting Shot\n|\n|upkeep\n|turn|3\n|\n|t:|1776366219\n|detailschange|p2b: Floette|Floette-Mega, L50, F\n|-mega|p2b: Floette|Floette|Floettite\n|-ability|p2b: Floette|Fairy Aura\n|move|p1b: Garchomp|Rock Slide|p2b: Floette|[spread] p2a\n|-miss|p1b: Garchomp|p2b: Floette\n|-supereffective|p2a: Aerodactyl|1\n|-damage|p2a: Aerodactyl|13/100\n|cant|p2a: Aerodactyl|flinch\n|move|p1a: Talonflame|Rain Dance|p1a: Talonflame\n|-weather|RainDance\n|move|p2b: Floette|Dazzling Gleam|p1b: Garchomp|[spread] p1a,p1b\n|-resisted|p1a: Talonflame|1\n|-supereffective|p1b: Garchomp|1\n|-damage|p1a: Talonflame|65/100\n|-damage|p1b: Garchomp|0 fnt\n|faint|p1b: Garchomp\n|\n|-weather|RainDance|[upkeep]\n|upkeep\n|\n|t:|1776366238\n|switch|p1b: Blastoise|Blastoise, L50, F|100/100\n|turn|4\n|\n|t:|1776366267\n|switch|p1a: Sinistcha|Sinistcha, L50|100/100\n|detailschange|p1b: Blastoise|Blastoise-Mega, L50, F\n|-mega|p1b: Blastoise|Blastoise|Blastoisinite\n|move|p2a: Aerodactyl|Rock Slide|p1b: Blastoise|[spread] p1a,p1b\n|-damage|p1a: Sinistcha|79/100\n|-damage|p1b: Blastoise|74/100\n|move|p2b: Floette|Moonblast|p1a: Sinistcha\n|-damage|p1a: Sinistcha|21/100\n|move|p1b: Blastoise|Water Spout|p2b: Floette|[spread] p2a,p2b\n|-supereffective|p2a: Aerodactyl|1\n|-damage|p2a: Aerodactyl|0 fnt\n|-damage|p2b: Floette|49/100\n|-enditem|p1a: Sinistcha|Sitrus Berry|[eat]\n|-heal|p1a: Sinistcha|45/100|[from] item: Sitrus Berry\n|faint|p2a: Aerodactyl\n|\n|-weather|RainDance|[upkeep]\n|-sideend|p2: ZeroPops|move: Tailwind\n|upkeep\n|\n|t:|1776366273\n|switch|p2a: Sneasler|Sneasler, L50, F|100/100\n|turn|5\n|\n|t:|1776366304\n|switch|p2a: Incineroar|Incineroar, L50, M|51/100\n|-ability|p2a: Incineroar|Intimidate|boost\n|-unboost|p1a: Sinistcha|atk|1\n|-unboost|p1b: Blastoise|atk|1\n|switch|p1a: Talonflame|Talonflame, L50, M|65/100\n|move|p1b: Blastoise|Protect|p1b: Blastoise\n|-singleturn|p1b: Blastoise|Protect\n|move|p2b: Floette|Moonblast|p1a: Talonflame\n|-resisted|p1a: Talonflame|1\n|-damage|p1a: Talonflame|6/100\n|\n|-weather|RainDance|[upkeep]\n|-sideend|p1: korinn|move: Tailwind\n|upkeep\n|turn|6\n|\n|t:|1776366350\n|move|p1b: Blastoise|Protect||[still]\n|-fail|p1b: Blastoise\n|move|p2a: Incineroar|Fake Out|p1b: Blastoise\n|-damage|p1b: Blastoise|60/100\n|move|p1a: Talonflame|Tailwind|p1a: Talonflame\n|-sidestart|p1: korinn|move: Tailwind\n|move|p2b: Floette|Moonblast|p1b: Blastoise\n|-damage|p1b: Blastoise|0 fnt\n|faint|p1b: Blastoise\n|\n|-weather|RainDance|[upkeep]\n|upkeep\n|\n|t:|1776366359\n|switch|p1b: Sinistcha|Sinistcha, L50|45/100\n|-heal|p1a: Talonflame|31/100|[from] ability: Hospitality|[of] p1b: Sinistcha\n|turn|7\n|-message|korinn forfeited.\n|\n|win|ZeroPops\n|raw|korinn's rating: 1283 &rarr; <strong>1261</strong><br />(-22 for losing)\n|raw|ZeroPops's rating: 1324 &rarr; <strong>1342</strong><br />(+18 for winning)\n|l|\u2606korinn\n|player|p1|\n",
  "uploadtime": 1776366367,
  "views": 49,
  "formatid": "gen9championsvgc2026regma",
  "rating": 1261,
  "private": 0,
  "password": null
}