{
  "id": "gen9championsvgc2026regma-2586470483",
  "format": "[Gen 9 Champions] VGC 2026 Reg M-A",
  "players": [
    "Azure Resolution",
    "qtestq"
  ],
  "log": "|j|\u2606Azure Resolution\n|j|\u2606qtestq\n|t:|1776436922\n|gametype|doubles\n|player|p1|Azure Resolution|gentleman-gen4dp|1164\n|player|p2|qtestq|hilbert-wonderlauncher|1235\n|gen|9\n|tier|[Gen 9 Champions] VGC 2026 Reg M-A\n|rated|\n|rule|Species Clause: Limit one of each Pok\u00e9mon\n|rule|Item Clause: Limit 1 of each item\n|clearpoke\n|poke|p1|Altaria, L50, F|\n|poke|p1|Delphox, L50, F|\n|poke|p1|Kingambit, L50, F|\n|poke|p1|Basculegion, L50, M|\n|poke|p1|Sneasler, L50, F|\n|poke|p1|Sableye, L50, M|\n|poke|p2|Froslass, L50, F|\n|poke|p2|Garchomp, L50, M|\n|poke|p2|Rotom-Frost, L50|\n|poke|p2|Empoleon, L50, M|\n|poke|p2|Incineroar, L50, M|\n|poke|p2|Kingambit, L50, F|\n|teampreview|4\n|inactive|Battle timer is ON: inactive players will automatically lose when time's up. (requested by qtestq)\n|inactive|Azure Resolution has 60 seconds left.\n|inactive|qtestq has 60 seconds left.\n|\n|t:|1776436996\n|teamsize|p1|4\n|teamsize|p2|4\n|start\n|switch|p1a: Kingambit|Kingambit, L50, F|100/100\n|switch|p1b: Sneasler|Sneasler, L50, F|100/100\n|switch|p2a: Froslass|Froslass, L50, F|100/100\n|switch|p2b: Rotom|Rotom-Frost, L50|100/100\n|turn|1\n|inactive|qtestq has 30 seconds left.\n|inactive|qtestq has 20 seconds left.\n|\n|t:|1776437034\n|move|p2a: Froslass|Protect|p2a: Froslass\n|-singleturn|p2a: Froslass|Protect\n|move|p1b: Sneasler|Fake Out|p2b: Rotom\n|-damage|p2b: Rotom|82/100\n|move|p1a: Kingambit|Sucker Punch||[still]\n|-fail|p1a: Kingambit\n|cant|p2b: Rotom|flinch\n|\n|upkeep\n|turn|2\n|inactive|Azure Resolution has 30 seconds left.\n|inactive|qtestq has 30 seconds left.\n|inactive|Azure Resolution has 20 seconds left.\n|\n|t:|1776437071\n|switch|p2a: Garchomp|Garchomp, L50, M|100/100\n|move|p1b: Sneasler|Protect|p1b: Sneasler\n|-singleturn|p1b: Sneasler|Protect\n|move|p2b: Rotom|Thunderbolt|p1b: Sneasler\n|-activate|p1b: Sneasler|move: Protect\n|move|p1a: Kingambit|Kowtow Cleave|p2a: Garchomp\n|-damage|p2a: Garchomp|48/100\n|-damage|p1a: Kingambit|88/100|[from] ability: Rough Skin|[of] p2a: Garchomp\n|\n|upkeep\n|turn|3\n|inactive|Azure Resolution has 30 seconds left.\n|inactive|Azure Resolution has 20 seconds left.\n|inactive|qtestq has 30 seconds left.\n|inactive|Azure Resolution has 15 seconds left.\n|inactive|Azure Resolution has 10 seconds left.\n|inactive|qtestq has 20 seconds left.\n|inactive|qtestq has 15 seconds left.\n|\n|t:|1776437132\n|move|p2a: Garchomp|Protect|p2a: Garchomp\n|-singleturn|p2a: Garchomp|Protect\n|move|p1a: Kingambit|Protect|p1a: Kingambit\n|-singleturn|p1a: Kingambit|Protect\n|move|p2b: Rotom|Thunderbolt|p1b: Sneasler\n|-damage|p1b: Sneasler|39/100\n|move|p1b: Sneasler|Dire Claw|p2a: Garchomp\n|-activate|p2a: Garchomp|move: Protect\n|\n|upkeep\n|turn|4\n|inactive|Azure Resolution has 30 seconds left.\n|\n|t:|1776437163\n|move|p1a: Kingambit|Sucker Punch|p2a: Garchomp\n|-damage|p2a: Garchomp|6/100\n|-damage|p1a: Kingambit|76/100|[from] ability: Rough Skin|[of] p2a: Garchomp\n|move|p2b: Rotom|Thunderbolt|p1b: Sneasler\n|-damage|p1b: Sneasler|0 fnt\n|faint|p1b: Sneasler\n|move|p2a: Garchomp|Earthquake|p1a: Kingambit|[spread] p1a\n|-immune|p2b: Rotom|[from] ability: Levitate\n|-supereffective|p1a: Kingambit|1\n|-damage|p1a: Kingambit|15/100\n|\n|upkeep\n|\n|t:|1776437177\n|switch|p1b: Delphox|Delphox, L50, F|100/100\n|turn|5\n|inactive|qtestq has 30 seconds left.\n|\n|t:|1776437208\n|switch|p2b: Incineroar|Incineroar, L50, M|100/100\n|-ability|p2b: Incineroar|Intimidate|boost\n|-unboost|p1a: Kingambit|atk|1\n|-ability|p1a: Kingambit|Defiant|boost\n|-boost|p1a: Kingambit|atk|2\n|-unboost|p1b: Delphox|atk|1\n|detailschange|p1b: Delphox|Delphox-Mega, L50, F\n|-mega|p1b: Delphox|Delphox|Delphoxite\n|move|p2a: Garchomp|Protect|p2a: Garchomp\n|-singleturn|p2a: Garchomp|Protect\n|move|p1a: Kingambit|Sucker Punch||[still]\n|-fail|p1a: Kingambit\n|move|p1b: Delphox|Heat Wave|p2a: Garchomp|[spread] p2b\n|-activate|p2a: Garchomp|move: Protect\n|-resisted|p2b: Incineroar|1\n|-damage|p2b: Incineroar|81/100\n|\n|upkeep\n|turn|6\n|inactive|Azure Resolution has 30 seconds left.\n|inactive|Azure Resolution has 20 seconds left.\n|inactive|Azure Resolution has 15 seconds left.\n|inactive|Azure Resolution has 10 seconds left.\n|inactive|qtestq has 30 seconds left.\n|\n|t:|1776437256\n|move|p1b: Delphox|Protect|p1b: Delphox\n|-singleturn|p1b: Delphox|Protect\n|move|p1a: Kingambit|Protect|p1a: Kingambit\n|-singleturn|p1a: Kingambit|Protect\n|move|p2b: Incineroar|Fake Out|p1a: Kingambit\n|-activate|p1a: Kingambit|move: Protect\n|move|p2a: Garchomp|Rock Slide|p1a: Kingambit|[spread] \n|-activate|p1a: Kingambit|move: Protect\n|-activate|p1b: Delphox|move: Protect\n|\n|upkeep\n|turn|7\n|inactive|Azure Resolution has 30 seconds left.\n|inactive|qtestq has 30 seconds left.\n|inactive|qtestq has 20 seconds left.\n|inactive|qtestq has 15 seconds left.\n|\n|t:|1776437296\n|move|p1a: Kingambit|Sucker Punch|p2b: Incineroar\n|-resisted|p2b: Incineroar|1\n|-damage|p2b: Incineroar|51/100\n|move|p1b: Delphox|Substitute|p1b: Delphox\n|-start|p1b: Delphox|Substitute\n|-damage|p1b: Delphox|75/100\n|move|p2a: Garchomp|Rock Slide|p1b: Delphox|[spread] p1a,p1b\n|-supereffective|p1b: Delphox|1\n|-end|p1b: Delphox|Substitute\n|-resisted|p1a: Kingambit|1\n|-crit|p1a: Kingambit\n|-damage|p1a: Kingambit|4/100\n|move|p2b: Incineroar|Darkest Lariat|p1b: Delphox\n|-supereffective|p1b: Delphox|1\n|-damage|p1b: Delphox|0 fnt\n|faint|p1b: Delphox\n|\n|upkeep\n|\n|t:|1776437308\n|switch|p1b: Silly Goose|Altaria, L50, F|100/100\n|-ability|p1b: Silly Goose|Cloud Nine\n|turn|8\n|\n|t:|1776437321\n|move|p1a: Kingambit|Sucker Punch|p2a: Garchomp\n|-damage|p2a: Garchomp|0 fnt\n|-damage|p1a: Kingambit|0 fnt|[from] ability: Rough Skin|[of] p2a: Garchomp\n|faint|p2a: Garchomp\n|faint|p1a: Kingambit\n|move|p1b: Silly Goose|Breaking Swipe|p2b: Incineroar\n|-damage|p2b: Incineroar|36/100\n|-unboost|p2b: Incineroar|atk|1\n|-enditem|p2b: Incineroar|Sitrus Berry|[eat]\n|-heal|p2b: Incineroar|60/100|[from] item: Sitrus Berry\n|move|p2b: Incineroar|Flare Blitz|p1b: Silly Goose\n|-resisted|p1b: Silly Goose|1\n|-damage|p1b: Silly Goose|77/100\n|-damage|p2b: Incineroar|53/100|[from] Recoil\n|\n|upkeep\n|\n|t:|1776437335\n|switch|p2a: Froslass|Froslass, L50, F|100/100\n|turn|9\n|-message|Azure Resolution forfeited.\n|\n|win|qtestq\n|raw|Azure Resolution's rating: 1164 &rarr; <strong>1144</strong><br />(-20 for losing)\n|raw|qtestq's rating: 1235 &rarr; <strong>1255</strong><br />(+20 for winning)\n|l|\u2606Azure Resolution\n|player|p1|\n",
  "uploadtime": 1776437345,
  "views": 35,
  "formatid": "gen9championsvgc2026regma",
  "rating": 1144,
  "private": 0,
  "password": null
}