{
  "id": "gen9championsvgc2026regma-2580435429",
  "format": "[Gen 9 Champions] VGC 2026 Reg M-A",
  "players": [
    "matthematical",
    "red_277353"
  ],
  "log": "|j|\u2606matthematical\n|j|\u2606red_277353\n|t:|1775896148\n|gametype|doubles\n|player|p1|matthematical|red|1088\n|player|p2|red_277353|1|1088\n|gen|9\n|tier|[Gen 9 Champions] VGC 2026 Reg M-A\n|rated|\n|rule|Species Clause: Limit one of each Pok\u00e9mon\n|rule|Item Clause: Limit 1 of each item\n|clearpoke\n|poke|p1|Charizard, L50, F|\n|poke|p1|Heliolisk, L50, F|\n|poke|p1|Whimsicott, L50, F|\n|poke|p1|Scizor, L50, M|\n|poke|p1|Sneasler, L50, M|\n|poke|p1|Politoed, L50, M|\n|poke|p2|Kingambit, L50, F|\n|poke|p2|Sneasler, L50, F|\n|poke|p2|Dragonite, L50, M|\n|poke|p2|Clefable, L50, M|\n|poke|p2|Medicham, L50, M|\n|poke|p2|Aerodactyl, L50, M|\n|teampreview|4\n|inactive|Battle timer is ON: inactive players will automatically lose when time's up. (requested by matthematical)\n|\n|t:|1775896181\n|teamsize|p1|4\n|teamsize|p2|4\n|start\n|switch|p1a: Charizard|Charizard, L50, F|100/100\n|switch|p1b: Heliolisk|Heliolisk, L50, F|100/100\n|switch|p2a: Dragonite|Dragonite, L50, M|100/100\n|switch|p2b: Aerodactyl|Aerodactyl, L50, M|100/100\n|turn|1\n|inactive|matthematical has 30 seconds left.\n|inactive|matthematical has 20 seconds left.\n|\n|t:|1775896218\n|switch|p1b: Politoed|Politoed, L50, M|100/100\n|-weather|RainDance|[from] ability: Drizzle|[of] p1b: Politoed\n|switch|p1a: Scizor|Scizor, L50, M, shiny|100/100\n|move|p2b: Aerodactyl|Rock Slide|p1a: Scizor|[spread] p1a,p1b\n|-damage|p1a: Scizor|73/100\n|-damage|p1b: Politoed|78/100\n|move|p2a: Dragonite|Scale Shot|p1b: Politoed\n|-damage|p1b: Politoed|65/100\n|-damage|p1b: Politoed|53/100\n|-damage|p1b: Politoed|39/100\n|-damage|p1b: Politoed|26/100\n|-hitcount|p1b: Politoed|4\n|-unboost|p2a: Dragonite|def|1\n|-boost|p2a: Dragonite|spe|1\n|\n|-weather|RainDance|[upkeep]\n|-heal|p1b: Politoed|32/100|[from] item: Leftovers\n|upkeep\n|turn|2\n|\n|t:|1775896240\n|move|p2b: Aerodactyl|Fire Fang|p1a: Scizor\n|-supereffective|p1a: Scizor|2\n|-damage|p1a: Scizor|35/100\n|move|p2a: Dragonite|Scale Shot|p1b: Politoed\n|-damage|p1b: Politoed|20/100\n|-damage|p1b: Politoed|6/100\n|-damage|p1b: Politoed|0 fnt\n|faint|p1b: Politoed\n|-hitcount|p1: Politoed|3\n|-unboost|p2a: Dragonite|def|1\n|-boost|p2a: Dragonite|spe|1\n|move|p1a: Scizor|Hard Press|p2a: Dragonite\n|-damage|p2a: Dragonite|39/100\n|\n|-weather|RainDance|[upkeep]\n|upkeep\n|c|\u2606red_277353|HARD PRESS?\n|c|\u2606matthematical|LMAO\n|\n|t:|1775896263\n|switch|p1b: Heliolisk|Heliolisk, L50, F|100/100\n|turn|3\n|\n|t:|1775896280\n|move|p1a: Scizor|Bullet Punch|p2a: Dragonite\n|-damage|p2a: Dragonite|0 fnt\n|faint|p2a: Dragonite\n|move|p2b: Aerodactyl|Fire Fang|p1a: Scizor\n|-supereffective|p1a: Scizor|2\n|-damage|p1a: Scizor|0 fnt\n|faint|p1a: Scizor\n|move|p1b: Heliolisk|Thunderbolt|p2b: Aerodactyl\n|-supereffective|p2b: Aerodactyl|1\n|-damage|p2b: Aerodactyl|0 fnt\n|faint|p2b: Aerodactyl\n|\n|-weather|RainDance|[upkeep]\n|upkeep\n|c|\u2606red_277353|hard press is criminal work\n|c|\u2606red_277353|ngl\n|\n|t:|1775896292\n|switch|p2b: Kingambit|Kingambit, L50, F|100/100\n|switch|p2a: Medicham|Medicham, L50, M|100/100\n|switch|p1a: Charizard|Charizard, L50, F|100/100\n|turn|4\n|\n|t:|1775896309\n|detailschange|p1a: Charizard|Charizard-Mega-Y, L50, F\n|-mega|p1a: Charizard|Charizard|Charizardite Y\n|-weather|SunnyDay|[from] ability: Drought|[of] p1a: Charizard\n|detailschange|p2a: Medicham|Medicham-Mega, L50, M\n|-mega|p2a: Medicham|Medicham|Medichamite\n|move|p2a: Medicham|Fake Out|p1a: Charizard\n|-damage|p1a: Charizard|64/100\n|move|p1b: Heliolisk|Hyper Voice|p2a: Medicham|[spread] p2a,p2b\n|-resisted|p2b: Kingambit|1\n|-damage|p2a: Medicham|11/100\n|-damage|p2b: Kingambit|71/100\n|cant|p1a: Charizard|flinch\n|move|p2b: Kingambit|Low Kick|p1b: Heliolisk\n|-supereffective|p1b: Heliolisk|1\n|-damage|p1b: Heliolisk|33/100\n|\n|-weather|SunnyDay|[upkeep]\n|-damage|p1b: Heliolisk|21/100|[from] ability: Solar Power|[of] p1b: Heliolisk\n|upkeep\n|turn|5\n|inactive|red_277353 has 30 seconds left.\n|\n|t:|1775896335\n|move|p1b: Heliolisk|Protect|p1b: Heliolisk\n|-singleturn|p1b: Heliolisk|Protect\n|move|p2a: Medicham|Bullet Punch|p1b: Heliolisk\n|-activate|p1b: Heliolisk|move: Protect\n|move|p2b: Kingambit|Sucker Punch|p1a: Charizard\n|-damage|p1a: Charizard|0 fnt\n|faint|p1a: Charizard\n|\n|-weather|SunnyDay|[upkeep]\n|-damage|p1b: Heliolisk|8/100|[from] ability: Solar Power|[of] p1b: Heliolisk\n|upkeep\n|turn|6\n|\n|t:|1775896348\n|move|p2a: Medicham|Bullet Punch|p1b: Heliolisk\n|-resisted|p1b: Heliolisk|1\n|-crit|p1b: Heliolisk\n|-damage|p1b: Heliolisk|0 fnt\n|faint|p1b: Heliolisk\n|\n|win|red_277353\n|raw|matthematical's rating: 1088 &rarr; <strong>1065</strong><br />(-23 for losing)\n|raw|red_277353's rating: 1088 &rarr; <strong>1115</strong><br />(+27 for winning)\n|c|\u2606matthematical|gg\n|c|\u2606red_277353|ggs man\n|l|\u2606matthematical\n|player|p1|\n",
  "uploadtime": 1775896361,
  "views": 17,
  "formatid": "gen9championsvgc2026regma",
  "rating": 1065,
  "private": 0,
  "password": null
}