{
  "id": "gen9championsvgc2026regma-2581949251",
  "format": "[Gen 9 Champions] VGC 2026 Reg M-A",
  "players": [
    "rfdtfoygi",
    "benis_cult"
  ],
  "log": "|j|\u2606rfdtfoygi\n|j|\u2606benis_cult\n|t:|1776042441\n|gametype|doubles\n|player|p1|rfdtfoygi|2|1054\n|player|p2|benis_cult|marlon|1000\n|gen|9\n|tier|[Gen 9 Champions] VGC 2026 Reg M-A\n|rated|\n|rule|Species Clause: Limit one of each Pok\u00e9mon\n|rule|Item Clause: Limit 1 of each item\n|clearpoke\n|poke|p1|Incineroar, L50, F|\n|poke|p1|Sneasler, L50, F|\n|poke|p1|Garchomp, L50, F|\n|poke|p1|Charizard, L50, F|\n|poke|p1|Whimsicott, L50, F|\n|poke|p1|Kingambit, L50, M|\n|poke|p2|Incineroar, L50, M|\n|poke|p2|Tyranitar, L50, F|\n|poke|p2|Meganium, L50, M|\n|poke|p2|Pelipper, L50, F|\n|poke|p2|Hawlucha, L50, F|\n|poke|p2|Empoleon, L50, F|\n|teampreview|4\n|inactive|Battle timer is ON: inactive players will automatically lose when time's up. (requested by rfdtfoygi)\n|inactive|benis_cult has 60 seconds left.\n|\n|t:|1776042524\n|teamsize|p1|4\n|teamsize|p2|4\n|start\n|switch|p1a: Whimsicott|Whimsicott, L50, F, shiny|100/100\n|switch|p1b: Incineroar|Incineroar, L50, F, shiny|100/100\n|switch|p2a: Incineroar|Incineroar, L50, M|100/100\n|switch|p2b: Empoleon|Empoleon, L50, F|100/100\n|-ability|p2a: Incineroar|Intimidate|boost\n|-unboost|p1a: Whimsicott|atk|1\n|-unboost|p1b: Incineroar|atk|1\n|-ability|p1b: Incineroar|Intimidate|boost\n|-unboost|p2a: Incineroar|atk|1\n|-unboost|p2b: Empoleon|atk|1\n|-ability|p2b: Empoleon|Competitive|boost\n|-boost|p2b: Empoleon|spa|2\n|turn|1\n|inactive|benis_cult has 30 seconds left.\n|inactive|benis_cult has 20 seconds left.\n|inactive|benis_cult has 15 seconds left.\n|\n|t:|1776042569\n|move|p2a: Incineroar|Fake Out|p1b: Incineroar\n|-damage|p1b: Incineroar|95/100\n|cant|p1b: Incineroar|flinch\n|move|p1a: Whimsicott|Tailwind|p1a: Whimsicott\n|-sidestart|p1: rfdtfoygi|move: Tailwind\n|move|p2b: Empoleon|Hydro Pump|p1b: Incineroar|[miss]\n|-miss|p2b: Empoleon|p1b: Incineroar\n|\n|upkeep\n|turn|2\n|inactive|benis_cult has 30 seconds left.\n|inactive|benis_cult has 20 seconds left.\n|inactive|benis_cult has 15 seconds left.\n|inactive|benis_cult has 10 seconds left.\n|\n|t:|1776042615\n|move|p1a: Whimsicott|Encore|p2a: Incineroar\n|-hint|Since gen 7, Dark is immune to Prankster moves.\n|-immune|p2a: Incineroar\n|move|p2b: Empoleon|Hydro Pump|p1b: Incineroar\n|-supereffective|p1b: Incineroar|1\n|-damage|p1b: Incineroar|0 fnt\n|faint|p1b: Incineroar\n|move|p2a: Incineroar|Parting Shot|p1a: Whimsicott\n|-unboost|p1a: Whimsicott|atk|1\n|-unboost|p1a: Whimsicott|spa|1\n|inactive|benis_cult has 30 seconds left.\n|\n|t:|1776042646\n|switch|p2a: Pelipper|Pelipper, L50, F|100/100|[from] Parting Shot\n|-weather|RainDance|[from] ability: Drizzle|[of] p2a: Pelipper\n|\n|-weather|RainDance|[upkeep]\n|upkeep\n|\n|t:|1776042652\n|switch|p1b: Charizard|Charizard, L50, F, shiny|100/100\n|turn|3\n|\n|t:|1776042677\n|detailschange|p1b: Charizard|Charizard-Mega-Y, L50, F, shiny\n|-mega|p1b: Charizard|Charizard|Charizardite Y\n|-weather|SunnyDay|[from] ability: Drought|[of] p1b: Charizard\n|move|p1a: Whimsicott|Protect|p1a: Whimsicott\n|-singleturn|p1a: Whimsicott|Protect\n|move|p2a: Pelipper|Helping Hand|p2b: Empoleon\n|-singleturn|p2b: Empoleon|Helping Hand|[of] p2a: Pelipper\n|move|p1b: Charizard|Heat Wave|p2b: Empoleon|[spread] p2a,p2b\n|-resisted|p2a: Pelipper|1\n|-crit|p2a: Pelipper\n|-damage|p2a: Pelipper|7/100\n|-damage|p2b: Empoleon|21/100\n|move|p2b: Empoleon|Hydro Pump|p1b: Charizard\n|-supereffective|p1b: Charizard|1\n|-damage|p1b: Charizard|0 fnt\n|faint|p1b: Charizard\n|\n|-weather|SunnyDay|[upkeep]\n|upkeep\n|\n|t:|1776042692\n|switch|p1b: Garchomp|Garchomp, L50, F, shiny|100/100\n|turn|4\n|\n|t:|1776042712\n|switch|p2b: Incineroar|Incineroar, L50, M|100/100\n|-ability|p2b: Incineroar|Intimidate|boost\n|-unboost|p1a: Whimsicott|atk|1\n|-unboost|p1b: Garchomp|atk|1\n|move|p2a: Pelipper|Protect|p2a: Pelipper\n|-singleturn|p2a: Pelipper|Protect\n|move|p1a: Whimsicott|Encore|p2a: Pelipper\n|-activate|p2a: Pelipper|move: Protect\n|move|p1b: Garchomp|Rock Slide|p2a: Pelipper|[spread] p2b\n|-activate|p2a: Pelipper|move: Protect\n|-supereffective|p2b: Incineroar|1\n|-damage|p2b: Incineroar|73/100\n|\n|-weather|SunnyDay|[upkeep]\n|-heal|p2b: Incineroar|79/100|[from] item: Leftovers\n|-sideend|p1: rfdtfoygi|move: Tailwind\n|upkeep\n|turn|5\n|inactive|benis_cult has 30 seconds left.\n|inactive|benis_cult has 20 seconds left.\n|inactive|benis_cult has 15 seconds left.\n|\n|t:|1776042755\n|move|p2b: Incineroar|Fake Out|p1b: Garchomp\n|-damage|p1b: Garchomp|90/100\n|-damage|p2b: Incineroar|67/100|[from] ability: Rough Skin|[of] p1b: Garchomp\n|move|p1a: Whimsicott|Tailwind|p1a: Whimsicott\n|-sidestart|p1: rfdtfoygi|move: Tailwind\n|cant|p1b: Garchomp|flinch\n|move|p2a: Pelipper|Tailwind|p2a: Pelipper\n|-sidestart|p2: benis_cult|move: Tailwind\n|\n|-weather|SunnyDay|[upkeep]\n|-heal|p2b: Incineroar|73/100|[from] item: Leftovers\n|upkeep\n|turn|6\n|inactive|benis_cult has 30 seconds left.\n|\n|t:|1776042784\n|switch|p2a: Meganium|Meganium, L50, M|100/100\n|move|p1a: Whimsicott|Encore||[still]\n|-fail|p1a: Whimsicott\n|move|p1b: Garchomp|Rock Slide|p2b: Incineroar|[spread] p2a,p2b\n|-supereffective|p2b: Incineroar|1\n|-damage|p2a: Meganium|85/100\n|-damage|p2b: Incineroar|46/100\n|move|p2b: Incineroar|Parting Shot|p1b: Garchomp\n|-unboost|p1b: Garchomp|atk|1\n|-unboost|p1b: Garchomp|spa|1\n|\n|t:|1776042808\n|switch|p2b: Empoleon|Empoleon, L50, F|21/100|[from] Parting Shot\n|\n|-weather|SunnyDay|[upkeep]\n|upkeep\n|turn|7\n|\n|t:|1776042829\n|detailschange|p2a: Meganium|Meganium-Mega, L50, M\n|-mega|p2a: Meganium|Meganium|Meganiumite\n|move|p2b: Empoleon|Flash Cannon|p1a: Whimsicott\n|-supereffective|p1a: Whimsicott|1\n|-enditem|p1a: Whimsicott|Focus Sash\n|-damage|p1a: Whimsicott|1/100\n|move|p1b: Garchomp|Rock Slide|p2b: Empoleon|[spread] p2a,p2b\n|-resisted|p2b: Empoleon|1\n|-damage|p2a: Meganium|73/100\n|-damage|p2b: Empoleon|14/100\n|move|p1a: Whimsicott|Moonblast|p2a: Meganium\n|-damage|p2a: Meganium|47/100\n|cant|p2a: Meganium|flinch\n|\n|-weather|none\n|upkeep\n|turn|8\n|inactive|benis_cult has 30 seconds left.\n|\n|t:|1776042860\n|move|p2b: Empoleon|Flash Cannon|p1b: Garchomp\n|-damage|p1b: Garchomp|56/100\n|move|p1b: Garchomp|Rock Slide|p2a: Meganium|[spread] p2a,p2b\n|-resisted|p2b: Empoleon|1\n|-damage|p2a: Meganium|35/100\n|-damage|p2b: Empoleon|7/100\n|move|p1a: Whimsicott|Moonblast|p2a: Meganium\n|-damage|p2a: Meganium|11/100\n|move|p2a: Meganium|Solar Beam||[still]\n|-prepare|p2a: Meganium|Solar Beam\n|-activate|p2a: Meganium|ability: Mega Sol\n|-anim|p2a: Meganium|Solar Beam|p1b: Garchomp\n|-damage|p1b: Garchomp|0 fnt\n|faint|p1b: Garchomp\n|\n|-sideend|p1: rfdtfoygi|move: Tailwind\n|-sideend|p2: benis_cult|move: Tailwind\n|upkeep\n|turn|9\n|inactive|benis_cult has 30 seconds left.\n|\n|t:|1776042886\n|move|p2b: Empoleon|Flash Cannon|p1a: Whimsicott\n|-supereffective|p1a: Whimsicott|1\n|-damage|p1a: Whimsicott|0 fnt\n|faint|p1a: Whimsicott\n|\n|win|benis_cult\n|raw|rfdtfoygi's rating: 1054 &rarr; <strong>1033</strong><br />(-21 for losing)\n|raw|benis_cult's rating: 1000 &rarr; <strong>1046</strong><br />(+46 for winning)\n|c|\u2606benis_cult|Gg\n|l|\u2606rfdtfoygi\n|player|p1|\n",
  "uploadtime": 1776042901,
  "views": 21,
  "formatid": "gen9championsvgc2026regma",
  "rating": 1033,
  "private": 0,
  "password": null
}