{
  "id": "gen9championsvgc2026regma-2586219962",
  "format": "[Gen 9 Champions] VGC 2026 Reg M-A",
  "players": [
    "Dr Gaster PHD",
    "sonurikyo"
  ],
  "log": "|j|\u2606Dr Gaster PHD\n|j|\u2606sonurikyo\n|t:|1776413927\n|gametype|doubles\n|player|p1|Dr Gaster PHD|ghetsis|1245\n|player|p2|sonurikyo|elesa|1188\n|gen|9\n|tier|[Gen 9 Champions] VGC 2026 Reg M-A\n|rated|\n|rule|Species Clause: Limit one of each Pok\u00e9mon\n|rule|Item Clause: Limit 1 of each item\n|clearpoke\n|poke|p1|Charizard, L50, M|\n|poke|p1|Venusaur, L50, F|\n|poke|p1|Whimsicott, L50, M|\n|poke|p1|Incineroar, L50, M|\n|poke|p1|Sneasler, L50, F|\n|poke|p1|Garchomp, L50, M|\n|poke|p2|Milotic, L50, F|\n|poke|p2|Gengar, L50, F|\n|poke|p2|Whimsicott, L50, M|\n|poke|p2|Typhlosion-Hisui, L50, M|\n|poke|p2|Archaludon, L50, M|\n|poke|p2|Absol, L50, M|\n|teampreview|4\n|inactive|Battle timer is ON: inactive players will automatically lose when time's up. (requested by sonurikyo)\n|inactive|Dr Gaster PHD has 60 seconds left.\n|\n|t:|1776413959\n|teamsize|p1|4\n|teamsize|p2|4\n|start\n|switch|p1a: Death Bringer|Charizard, L50, M|100/100\n|switch|p1b: Life Ender|Garchomp, L50, M|100/100\n|switch|p2a: Milotic|Milotic, L50, F|100/100\n|switch|p2b: Whimsicott|Whimsicott, L50, M|100/100\n|turn|1\n|\n|t:|1776413975\n|detailschange|p1a: Death Bringer|Charizard-Mega-Y, L50, M\n|-mega|p1a: Death Bringer|Charizard|Charizardite Y\n|-weather|SunnyDay|[from] ability: Drought|[of] p1a: Death Bringer\n|move|p2b: Whimsicott|Tailwind|p2b: Whimsicott\n|-sidestart|p2: sonurikyo|move: Tailwind\n|move|p2a: Milotic|Ice Beam|p1b: Life Ender\n|-supereffective|p1b: Life Ender|2\n|-damage|p1b: Life Ender|0 fnt\n|faint|p1b: Life Ender\n|move|p1a: Death Bringer|Heat Wave|p2a: Milotic|[spread] p2a,p2b\n|-resisted|p2a: Milotic|1\n|-supereffective|p2b: Whimsicott|1\n|-damage|p2a: Milotic|69/100\n|-enditem|p2b: Whimsicott|Focus Sash\n|-damage|p2b: Whimsicott|1/100\n|\n|-weather|SunnyDay|[upkeep]\n|upkeep\n|\n|t:|1776413992\n|switch|p1b: Pain Maker|Sneasler, L50, F|100/100\n|turn|2\n|inactive|sonurikyo has 30 seconds left.\n|\n|t:|1776414024\n|switch|p2a: Archaludon|Archaludon, L50, M|100/100\n|move|p2b: Whimsicott|Protect|p2b: Whimsicott\n|-singleturn|p2b: Whimsicott|Protect\n|move|p1b: Pain Maker|Fake Out|p2b: Whimsicott\n|-activate|p2b: Whimsicott|move: Protect\n|move|p1a: Death Bringer|Solar Beam||[still]\n|-prepare|p1a: Death Bringer|Solar Beam\n|-anim|p1a: Death Bringer|Solar Beam|p2a: Archaludon\n|-resisted|p2a: Archaludon|2\n|-damage|p2a: Archaludon|80/100\n|-ability|p2a: Archaludon|Stamina|boost\n|-boost|p2a: Archaludon|def|1\n|\n|-weather|SunnyDay|[upkeep]\n|-heal|p2a: Archaludon|86/100|[from] item: Leftovers\n|upkeep\n|turn|3\n|\n|t:|1776414046\n|move|p2b: Whimsicott|Encore|p1b: Pain Maker\n|-start|p1b: Pain Maker|Encore\n|move|p1b: Pain Maker|Fake Out||[still]\n|-hint|Fake Out only works on your first turn out.\n|-fail|p1b: Pain Maker\n|move|p2a: Archaludon|Dragon Pulse|p1a: Death Bringer\n|-damage|p1a: Death Bringer|57/100\n|move|p1a: Death Bringer|Heat Wave|p2b: Whimsicott|[spread] p2b\n|-miss|p1a: Death Bringer|p2a: Archaludon\n|-supereffective|p2b: Whimsicott|1\n|-damage|p2b: Whimsicott|0 fnt\n|faint|p2b: Whimsicott\n|\n|-weather|SunnyDay|[upkeep]\n|-heal|p2a: Archaludon|92/100|[from] item: Leftovers\n|upkeep\n|\n|t:|1776414063\n|switch|p2b: Gengar|Gengar, L50, F|100/100\n|turn|4\n|\n|t:|1776414070\n|switch|p1b: Soul Taker|Incineroar, L50, M|100/100\n|-ability|p1b: Soul Taker|Intimidate|boost\n|-unboost|p2a: Archaludon|atk|1\n|-unboost|p2b: Gengar|atk|1\n|detailschange|p2b: Gengar|Gengar-Mega, L50, F\n|-mega|p2b: Gengar|Gengar|Gengarite\n|move|p1a: Death Bringer|Protect|p1a: Death Bringer\n|-singleturn|p1a: Death Bringer|Protect\n|move|p2b: Gengar|Thunderbolt|p1a: Death Bringer\n|-activate|p1a: Death Bringer|move: Protect\n|move|p2a: Archaludon|Dragon Pulse|p1b: Soul Taker\n|-damage|p1b: Soul Taker|66/100\n|\n|-weather|SunnyDay|[upkeep]\n|-heal|p2a: Archaludon|98/100|[from] item: Leftovers\n|-sideend|p2: sonurikyo|move: Tailwind\n|upkeep\n|turn|5\n|\n|t:|1776414094\n|move|p1a: Death Bringer|Protect||[still]\n|-fail|p1a: Death Bringer\n|move|p2a: Archaludon|Protect|p2a: Archaludon\n|-singleturn|p2a: Archaludon|Protect\n|move|p2b: Gengar|Thunderbolt|p1a: Death Bringer\n|-supereffective|p1a: Death Bringer|1\n|-crit|p1a: Death Bringer\n|-damage|p1a: Death Bringer|0 fnt\n|faint|p1a: Death Bringer\n|move|p1b: Soul Taker|Throat Chop|p2b: Gengar\n|-supereffective|p2b: Gengar|1\n|-damage|p2b: Gengar|3/100\n|-start|p2b: Gengar|Throat Chop|[silent]\n|\n|-weather|none\n|-heal|p2a: Archaludon|100/100|[from] item: Leftovers\n|upkeep\n|\n|t:|1776414100\n|switch|p1a: Pain Maker|Sneasler, L50, F|100/100\n|turn|6\n|\n|t:|1776414122\n|move|p2a: Archaludon|Protect||[still]\n|-fail|p2a: Archaludon\n|move|p2b: Gengar|Shadow Ball|p1a: Pain Maker\n|-damage|p1a: Pain Maker|36/100\n|move|p1a: Pain Maker|Close Combat|p2a: Archaludon\n|-supereffective|p2a: Archaludon|1\n|-damage|p2a: Archaludon|23/100\n|-unboost|p1a: Pain Maker|def|1\n|-unboost|p1a: Pain Maker|spd|1\n|-ability|p2a: Archaludon|Stamina|boost\n|-boost|p2a: Archaludon|def|1\n|-enditem|p1a: Pain Maker|White Herb\n|-clearnegativeboost|p1a: Pain Maker|[silent]\n|move|p1b: Soul Taker|Throat Chop|p2b: Gengar\n|-supereffective|p2b: Gengar|1\n|-damage|p2b: Gengar|0 fnt\n|faint|p2b: Gengar\n|\n|-heal|p2a: Archaludon|29/100|[from] item: Leftovers\n|upkeep\n|\n|t:|1776414132\n|switch|p2b: Milotic|Milotic, L50, F|69/100\n|turn|7\n|\n|t:|1776414156\n|move|p2a: Archaludon|Protect|p2a: Archaludon\n|-singleturn|p2a: Archaludon|Protect\n|move|p1a: Pain Maker|Close Combat|p2b: Milotic\n|-damage|p2b: Milotic|0 fnt\n|-unboost|p1a: Pain Maker|def|1\n|-unboost|p1a: Pain Maker|spd|1\n|faint|p2b: Milotic\n|move|p1b: Soul Taker|Throat Chop|p2a: Archaludon\n|-activate|p2a: Archaludon|move: Protect\n|\n|-heal|p2a: Archaludon|35/100|[from] item: Leftovers\n|upkeep\n|turn|8\n|\n|t:|1776414172\n|move|p1a: Pain Maker|Close Combat|p2a: Archaludon\n|-supereffective|p2a: Archaludon|1\n|-damage|p2a: Archaludon|0 fnt\n|-unboost|p1a: Pain Maker|def|1\n|-unboost|p1a: Pain Maker|spd|1\n|faint|p2a: Archaludon\n|\n|win|Dr Gaster PHD\n|raw|Dr Gaster PHD's rating: 1245 &rarr; <strong>1266</strong><br />(+21 for winning)\n|raw|sonurikyo's rating: 1188 &rarr; <strong>1167</strong><br />(-21 for losing)\n|l|\u2606sonurikyo\n|player|p2|\n",
  "uploadtime": 1776414176,
  "views": 18,
  "formatid": "gen9championsvgc2026regma",
  "rating": 1167,
  "private": 0,
  "password": null
}