{
  "id": "gen9championsvgc2026regma-2584664879",
  "format": "[Gen 9 Champions] VGC 2026 Reg M-A",
  "players": [
    "calamella",
    "Mortalxtc"
  ],
  "log": "|j|\u2606calamella\n|j|\u2606Mortalxtc\n|t:|1776275375\n|gametype|doubles\n|player|p1|calamella|li|1188\n|player|p2|Mortalxtc|1|1106\n|gen|9\n|tier|[Gen 9 Champions] VGC 2026 Reg M-A\n|rated|\n|rule|Species Clause: Limit one of each Pok\u00e9mon\n|rule|Item Clause: Limit 1 of each item\n|clearpoke\n|poke|p1|Alcremie-Matcha-Cream, L50, F|\n|poke|p1|Gardevoir, L50, F|\n|poke|p1|Farigiraf, L50, M|\n|poke|p1|Torkoal, L50, M|\n|poke|p1|Typhlosion-Hisui, L50, M|\n|poke|p1|Kangaskhan, L50, F|\n|poke|p2|Golurk, L50|\n|poke|p2|Kingambit, L50, M|\n|poke|p2|Reuniclus, L50, M|\n|poke|p2|Chandelure, L50, F|\n|poke|p2|Torkoal, L50, F|\n|poke|p2|Meowstic, L50, M|\n|teampreview|4\n|\n|t:|1776275433\n|teamsize|p1|4\n|teamsize|p2|4\n|start\n|switch|p1a: Torkoal|Torkoal, L50, M|100/100\n|switch|p1b: Typhlosion|Typhlosion-Hisui, L50, M|100/100\n|switch|p2a: Meowstic|Meowstic, L50, M|100/100\n|switch|p2b: Golurk|Golurk, L50|100/100\n|-weather|SunnyDay|[from] ability: Drought|[of] p1a: Torkoal\n|turn|1\n|\n|t:|1776275476\n|move|p1a: Torkoal|Helping Hand|p1b: Typhlosion\n|-singleturn|p1b: Typhlosion|Helping Hand|[of] p1a: Torkoal\n|move|p2b: Golurk|Protect|p2b: Golurk\n|-singleturn|p2b: Golurk|Protect\n|move|p2a: Meowstic|Light Screen|p2a: Meowstic\n|-sidestart|p2: Mortalxtc|move: Light Screen\n|move|p1b: Typhlosion|Shadow Ball|p2b: Golurk\n|-activate|p2b: Golurk|move: Protect\n|\n|-weather|SunnyDay|[upkeep]\n|upkeep\n|turn|2\n|\n|t:|1776275497\n|detailschange|p2b: Golurk|Golurk-Mega, L50\n|-mega|p2b: Golurk|Golurk|Golurkite\n|move|p2a: Meowstic|Helping Hand|p2b: Golurk\n|-singleturn|p2b: Golurk|Helping Hand|[of] p2a: Meowstic\n|move|p1a: Torkoal|Helping Hand|p1b: Typhlosion\n|-singleturn|p1b: Typhlosion|Helping Hand|[of] p1a: Torkoal\n|move|p1b: Typhlosion|Shadow Ball|p2b: Golurk\n|-supereffective|p2b: Golurk|1\n|-crit|p2b: Golurk\n|-damage|p2b: Golurk|0 fnt\n|faint|p2b: Golurk\n|\n|-weather|SunnyDay|[upkeep]\n|upkeep\n|\n|t:|1776275506\n|switch|p2b: Kingambit|Kingambit, L50, M|100/100\n|turn|3\n|\n|t:|1776275523\n|switch|p1b: Farigiraf|Farigiraf, L50, M|100/100\n|move|p2a: Meowstic|Helping Hand|p2b: Kingambit\n|-singleturn|p2b: Kingambit|Helping Hand|[of] p2a: Meowstic\n|move|p2b: Kingambit|Sucker Punch||[still]\n|cant|p1b: Farigiraf|ability: Armor Tail|Sucker Punch|[of] p2b: Kingambit\n|move|p1a: Torkoal|Weather Ball|p2b: Kingambit\n|-supereffective|p2b: Kingambit|1\n|-damage|p2b: Kingambit|1/100\n|\n|-weather|SunnyDay|[upkeep]\n|upkeep\n|turn|4\n|\n|t:|1776275549\n|move|p2a: Meowstic|Helping Hand|p2b: Kingambit\n|-singleturn|p2b: Kingambit|Helping Hand|[of] p2a: Meowstic\n|move|p1b: Farigiraf|Hyper Voice|p2b: Kingambit|[spread] p2a,p2b\n|-resisted|p2b: Kingambit|1\n|-damage|p2a: Meowstic|81/100\n|-damage|p2b: Kingambit|0 fnt\n|faint|p2b: Kingambit\n|move|p1a: Torkoal|Eruption|p2a: Meowstic\n|-damage|p2a: Meowstic|9/100\n|\n|-weather|SunnyDay|[upkeep]\n|upkeep\n|\n|t:|1776275554\n|switch|p2b: Chandelure|Chandelure, L50, F|100/100\n|turn|5\n|\n|t:|1776275571\n|switch|p1a: Typhlosion|Typhlosion-Hisui, L50, M|100/100\n|move|p2a: Meowstic|Helping Hand|p2b: Chandelure\n|-singleturn|p2b: Chandelure|Helping Hand|[of] p2a: Meowstic\n|move|p2b: Chandelure|Heat Wave|p1a: Typhlosion|[spread] p1a,p1b\n|-resisted|p1a: Typhlosion|1\n|-crit|p1b: Farigiraf\n|-damage|p1a: Typhlosion|40/100\n|-damage|p1b: Farigiraf|0 fnt\n|faint|p1b: Farigiraf\n|\n|-weather|none\n|-sideend|p2: Mortalxtc|move: Light Screen\n|upkeep\n|\n|t:|1776275582\n|switch|p1b: Kangaskhan|Kangaskhan, L50, F|100/100\n|turn|6\n|\n|t:|1776275603\n|move|p2b: Chandelure|Protect|p2b: Chandelure\n|-singleturn|p2b: Chandelure|Protect\n|move|p1b: Kangaskhan|Fake Out|p2a: Meowstic\n|-damage|p2a: Meowstic|0 fnt\n|faint|p2a: Meowstic\n|move|p1a: Typhlosion|Shadow Ball|p2b: Chandelure\n|-activate|p2b: Chandelure|move: Protect\n|\n|upkeep\n|turn|7\n|\n|t:|1776275613\n|detailschange|p1b: Kangaskhan|Kangaskhan-Mega, L50, F\n|-mega|p1b: Kangaskhan|Kangaskhan|Kangaskhanite\n|move|p1b: Kangaskhan|Sucker Punch|p2b: Chandelure\n|-supereffective|p2b: Chandelure|1\n|-damage|p2b: Chandelure|53/100\n|-supereffective|p2b: Chandelure|1\n|-damage|p2b: Chandelure|39/100\n|-hitcount|p2b: Chandelure|2\n|move|p1a: Typhlosion|Shadow Ball|p2b: Chandelure\n|-supereffective|p2b: Chandelure|1\n|-damage|p2b: Chandelure|0 fnt\n|faint|p2b: Chandelure\n|\n|win|calamella\n|raw|calamella's rating: 1188 &rarr; <strong>1207</strong><br />(+19 for winning)\n|raw|Mortalxtc's rating: 1106 &rarr; <strong>1087</strong><br />(-19 for losing)\n|l|\u2606Mortalxtc\n|player|p2|\n",
  "uploadtime": 1776275624,
  "views": 22,
  "formatid": "gen9championsvgc2026regma",
  "rating": 1087,
  "private": 0,
  "password": null
}