{
  "id": "gen9championsvgc2026regma-2584365673",
  "format": "[Gen 9 Champions] VGC 2026 Reg M-A",
  "players": [
    "SpareMePlz",
    "mertzzz"
  ],
  "log": "|j|\u2606SpareMePlz\n|j|\u2606mertzzz\n|t:|1776255262\n|gametype|doubles\n|player|p1|SpareMePlz|169|1239\n|player|p2|mertzzz|nate|1138\n|gen|9\n|tier|[Gen 9 Champions] VGC 2026 Reg M-A\n|rated|\n|rule|Species Clause: Limit one of each Pok\u00e9mon\n|rule|Item Clause: Limit 1 of each item\n|clearpoke\n|poke|p1|Talonflame, L50, M|\n|poke|p1|Kingambit, L50, M|\n|poke|p1|Araquanid, L50, M|\n|poke|p1|Sinistcha, L50|\n|poke|p1|Arcanine-Hisui, L50, M|\n|poke|p1|Floette-Eternal, L50, F|\n|poke|p2|Charizard, L50, M|\n|poke|p2|Sneasler, L50, F|\n|poke|p2|Garchomp, L50, M|\n|poke|p2|Whimsicott, L50, M|\n|poke|p2|Maushold-Four, L50|\n|poke|p2|Kingambit, L50, F|\n|teampreview|4\n|\n|t:|1776255305\n|teamsize|p1|4\n|teamsize|p2|4\n|start\n|switch|p1a: Talonflame|Talonflame, L50, M|100/100\n|switch|p1b: Sinistcha|Sinistcha, L50|100/100\n|switch|p2a: ibai|Kingambit, L50, F|100/100\n|switch|p2b: shaki i pique|Maushold-Four, L50|100/100\n|turn|1\n|\n|t:|1776255334\n|move|p1a: Talonflame|Taunt|p2b: shaki i pique\n|-start|p2b: shaki i pique|move: Taunt\n|move|p2b: shaki i pique|Super Fang|p1a: Talonflame\n|-damage|p1a: Talonflame|51/100\n|-status|p2b: shaki i pique|brn|[from] ability: Flame Body|[of] p1a: Talonflame\n|move|p2a: ibai|Kowtow Cleave|p1b: Sinistcha\n|-supereffective|p1b: Sinistcha|1\n|-damage|p1b: Sinistcha|0 fnt\n|faint|p1b: Sinistcha\n|\n|-damage|p2b: shaki i pique|94/100 brn|[from] brn\n|upkeep\n|\n|t:|1776255351\n|switch|p1b: Araquanid|Araquanid, L50, M|100/100\n|turn|2\n|\n|t:|1776255365\n|move|p1a: Talonflame|Tailwind|p1a: Talonflame\n|-sidestart|p1: SpareMePlz|move: Tailwind\n|move|p2b: shaki i pique|Super Fang|p1b: Araquanid|[miss]\n|-miss|p2b: shaki i pique|p1b: Araquanid\n|move|p1b: Araquanid|Liquidation|p2a: ibai\n|-damage|p2a: ibai|70/100\n|move|p2a: ibai|Kowtow Cleave|p1a: Talonflame\n|-crit|p1a: Talonflame\n|-damage|p1a: Talonflame|0 fnt\n|-status|p2a: ibai|brn|[from] ability: Flame Body|[of] p1a: Talonflame\n|faint|p1a: Talonflame\n|\n|-damage|p2b: shaki i pique|88/100 brn|[from] brn\n|-damage|p2a: ibai|64/100 brn|[from] brn\n|upkeep\n|\n|t:|1776255382\n|switch|p1a: Floette|Floette-Eternal, L50, F|100/100\n|turn|3\n|\n|t:|1776255398\n|detailschange|p1a: Floette|Floette-Mega, L50, F\n|-mega|p1a: Floette|Floette|Floettite\n|-ability|p1a: Floette|Fairy Aura\n|move|p2a: ibai|Sucker Punch|p1b: Araquanid\n|-damage|p1b: Araquanid|79/100\n|move|p1a: Floette|Moonblast|p2a: ibai\n|-damage|p2a: ibai|8/100 brn\n|move|p2b: shaki i pique|Super Fang|p1b: Araquanid\n|-damage|p1b: Araquanid|40/100\n|move|p1b: Araquanid|Liquidation|p2a: ibai\n|-damage|p2a: ibai|0 fnt\n|faint|p2a: ibai\n|\n|-heal|p1b: Araquanid|46/100|[from] item: Leftovers\n|-damage|p2b: shaki i pique|82/100 brn|[from] brn\n|-end|p2b: shaki i pique|move: Taunt\n|upkeep\n|\n|t:|1776255419\n|switch|p2a: j.epst3in|Sneasler, L50, F, shiny|100/100\n|turn|4\n|\n|t:|1776255440\n|move|p1a: Floette|Protect|p1a: Floette\n|-singleturn|p1a: Floette|Protect\n|move|p2b: shaki i pique|Follow Me|p2b: shaki i pique\n|-singleturn|p2b: shaki i pique|move: Follow Me\n|move|p2a: j.epst3in|Dire Claw|p1a: Floette\n|-activate|p1a: Floette|move: Protect\n|move|p1b: Araquanid|Chilling Water|p2b: shaki i pique\n|-damage|p2b: shaki i pique|57/100 brn\n|-unboost|p2b: shaki i pique|atk|1\n|\n|-heal|p1b: Araquanid|51/100|[from] item: Leftovers\n|-damage|p2b: shaki i pique|51/100 brn|[from] brn\n|upkeep\n|turn|5\n|\n|t:|1776255464\n|move|p2b: shaki i pique|Follow Me|p2b: shaki i pique\n|-singleturn|p2b: shaki i pique|move: Follow Me\n|move|p1a: Floette|Moonblast|p2b: shaki i pique\n|-damage|p2b: shaki i pique|0 fnt\n|faint|p2b: shaki i pique\n|move|p2a: j.epst3in|Dire Claw|p1a: Floette\n|-supereffective|p1a: Floette|1\n|-damage|p1a: Floette|14/100\n|move|p1b: Araquanid|Chilling Water|p2a: j.epst3in\n|-damage|p2a: j.epst3in|70/100\n|-unboost|p2a: j.epst3in|atk|1\n|-enditem|p2a: j.epst3in|White Herb\n|-clearnegativeboost|p2a: j.epst3in|[silent]\n|\n|-heal|p1b: Araquanid|57/100|[from] item: Leftovers\n|-sideend|p1: SpareMePlz|move: Tailwind\n|upkeep\n|\n|t:|1776255476\n|switch|p2b: to caliente|Charizard, L50, M, shiny|100/100\n|turn|6\n|\n|t:|1776255485\n|detailschange|p2b: to caliente|Charizard-Mega-Y, L50, M, shiny\n|-mega|p2b: to caliente|Charizard|Charizardite Y\n|-weather|SunnyDay|[from] ability: Drought|[of] p2b: to caliente\n|move|p2a: j.epst3in|Protect|p2a: j.epst3in\n|-singleturn|p2a: j.epst3in|Protect\n|move|p1a: Floette|Protect|p1a: Floette\n|-singleturn|p1a: Floette|Protect\n|move|p2b: to caliente|Heat Wave|p1a: Floette|[spread] p1b\n|-activate|p1a: Floette|move: Protect\n|-damage|p1b: Araquanid|31/100\n|move|p1b: Araquanid|Liquidation|p2a: j.epst3in\n|-activate|p2a: j.epst3in|move: Protect\n|\n|-weather|SunnyDay|[upkeep]\n|-heal|p1b: Araquanid|37/100|[from] item: Leftovers\n|upkeep\n|turn|7\n|-message|SpareMePlz forfeited.\n|\n|win|mertzzz\n|raw|SpareMePlz's rating: 1239 &rarr; <strong>1207</strong><br />(-32 for losing)\n|raw|mertzzz's rating: 1138 &rarr; <strong>1170</strong><br />(+32 for winning)\n|l|\u2606mertzzz\n|player|p2|\n",
  "uploadtime": 1776255511,
  "views": 21,
  "formatid": "gen9championsvgc2026regma",
  "rating": 1170,
  "private": 0,
  "password": null
}