{
  "id": "gen9championsvgc2026regma-2583917386",
  "format": "[Gen 9 Champions] VGC 2026 Reg M-A",
  "players": [
    "TheRealMyan",
    "PalomoChuek"
  ],
  "log": "|j|\u2606TheRealMyan\n|j|\u2606PalomoChuek\n|t:|1776208137\n|gametype|doubles\n|player|p1|TheRealMyan|miku-grass|1073\n|player|p2|PalomoChuek|169|1019\n|gen|9\n|tier|[Gen 9 Champions] VGC 2026 Reg M-A\n|rated|\n|rule|Species Clause: Limit one of each Pok\u00e9mon\n|rule|Item Clause: Limit 1 of each item\n|clearpoke\n|poke|p1|Pelipper, L50, M|\n|poke|p1|Basculegion, L50, M|\n|poke|p1|Sneasler, L50, F|\n|poke|p1|Incineroar, L50, F|\n|poke|p1|Meganium, L50, M|\n|poke|p1|Archaludon, L50, M|\n|poke|p2|Garchomp, L50, F|\n|poke|p2|Tyranitar, L50, M|\n|poke|p2|Excadrill, L50, F|\n|poke|p2|Incineroar, L50, F|\n|poke|p2|Sneasler, L50, M|\n|poke|p2|Rotom-Wash, L50|\n|teampreview|4\n|inactive|Battle timer is ON: inactive players will automatically lose when time's up. (requested by PalomoChuek)\nTheRealMyan has agreed to open team sheets.\nPalomoChuek rejected open team sheets.\n|inactive|TheRealMyan has 60 seconds left.\n|\n|t:|1776208195\n|teamsize|p1|4\n|teamsize|p2|4\n|start\n|switch|p1a: Sneasler|Sneasler, L50, F, shiny|100/100\n|switch|p1b: Basculegion|Basculegion, L50, M|100/100\n|switch|p2a: Rotom|Rotom-Wash, L50|100/100\n|switch|p2b: Incineroar|Incineroar, L50, F|100/100\n|turn|1\n|inactive|TheRealMyan has 30 seconds left.\n|inactive|PalomoChuek has 30 seconds left.\n|inactive|TheRealMyan has 20 seconds left.\n|\n|t:|1776208231\n|move|p1a: Sneasler|Fake Out|p2a: Rotom\n|-damage|p2a: Rotom|84/100\n|move|p2b: Incineroar|Fake Out|p1a: Sneasler\n|-damage|p1a: Sneasler|79/100\n|cant|p2a: Rotom|flinch\n|move|p1b: Basculegion|Flip Turn|p2b: Incineroar\n|-supereffective|p2b: Incineroar|1\n|-damage|p2b: Incineroar|36/100\n|\n|t:|1776208247\n|switch|p1b: Pelipper|Pelipper, L50, M|100/100|[from] Flip Turn\n|-weather|RainDance|[from] ability: Drizzle|[of] p1b: Pelipper\n|\n|-weather|RainDance|[upkeep]\n|-heal|p2b: Incineroar|42/100|[from] item: Leftovers\n|upkeep\n|turn|2\n|inactive|TheRealMyan has 30 seconds left.\n|inactive|TheRealMyan has 20 seconds left.\n|inactive|TheRealMyan has 15 seconds left.\n|inactive|TheRealMyan has 10 seconds left.\n|\n|t:|1776208293\n|move|p1b: Pelipper|Protect|p1b: Pelipper\n|-singleturn|p1b: Pelipper|Protect\n|move|p1a: Sneasler|Close Combat|p2b: Incineroar\n|-supereffective|p2b: Incineroar|1\n|-damage|p2b: Incineroar|0 fnt\n|-unboost|p1a: Sneasler|def|1\n|-unboost|p1a: Sneasler|spd|1\n|faint|p2b: Incineroar\n|-enditem|p1a: Sneasler|White Herb\n|-clearnegativeboost|p1a: Sneasler|[silent]\n|move|p2a: Rotom|Volt Switch|p1a: Sneasler\n|-crit|p1a: Sneasler\n|-damage|p1a: Sneasler|1/100\n|\n|t:|1776208301\n|switch|p2a: Sneasler|Sneasler, L50, M|100/100|[from] Volt Switch\n|-ability|p2a: Sneasler|Pressure\n|\n|-weather|RainDance|[upkeep]\n|upkeep\n|\n|t:|1776208303\n|switch|p2b: Tyranitar|Tyranitar, L50, M|100/100\n|-weather|Sandstorm|[from] ability: Sand Stream|[of] p2b: Tyranitar\n|turn|3\n|inactive|TheRealMyan has 30 seconds left.\n|\n|t:|1776208337\n|switch|p1b: Basculegion|Basculegion, L50, M|100/100\n|move|p2b: Tyranitar|Protect|p2b: Tyranitar\n|-singleturn|p2b: Tyranitar|Protect\n|move|p1a: Sneasler|Close Combat|p2b: Tyranitar\n|-activate|p2b: Tyranitar|move: Protect\n|move|p2a: Sneasler|Dire Claw|p1a: Sneasler\n|-resisted|p1a: Sneasler|1\n|-damage|p1a: Sneasler|0 fnt\n|faint|p1a: Sneasler\n|\n|-weather|Sandstorm|[upkeep]\n|-damage|p1b: Basculegion|94/100|[from] Sandstorm\n|-damage|p2a: Sneasler|95/100|[from] Sandstorm\n|upkeep\n|inactive|TheRealMyan has 30 seconds left.\n|\n|t:|1776208366\n|switch|p1a: Meganium|Meganium, L50, M|100/100\n|turn|4\n|inactive|TheRealMyan has 30 seconds left.\n|\n|t:|1776208391\n|detailschange|p1a: Meganium|Meganium-Mega, L50, M\n|-mega|p1a: Meganium|Meganium|Meganiumite\n|move|p1a: Meganium|Solar Beam||[still]\n|-prepare|p1a: Meganium|Solar Beam\n|-activate|p1a: Meganium|ability: Mega Sol\n|-anim|p1a: Meganium|Solar Beam|p2b: Tyranitar\n|-supereffective|p2b: Tyranitar|1\n|-damage|p2b: Tyranitar|0 fnt\n|faint|p2b: Tyranitar\n|move|p1b: Basculegion|Flip Turn|p2a: Sneasler\n|-damage|p2a: Sneasler|50/100\n|\n|t:|1776208402\n|switch|p1b: Pelipper|Pelipper, L50, M|100/100|[from] Flip Turn\n|-weather|RainDance|[from] ability: Drizzle|[of] p1b: Pelipper\n|move|p2a: Sneasler|Dire Claw|p1a: Meganium\n|-supereffective|p1a: Meganium|2\n|-crit|p1a: Meganium\n|-damage|p1a: Meganium|0 fnt\n|faint|p1a: Meganium\n|\n|-weather|RainDance|[upkeep]\n|upkeep\n|\n|t:|1776208414\n|switch|p1a: Basculegion|Basculegion, L50, M|94/100\n|switch|p2b: Rotom|Rotom-Wash, L50|84/100\n|turn|5\n|inactive|TheRealMyan has 30 seconds left.\n|\n|t:|1776208443\n|move|p1a: Basculegion|Aqua Jet|p2a: Sneasler\n|-crit|p2a: Sneasler\n|-damage|p2a: Sneasler|0 fnt\n|faint|p2a: Sneasler\n|move|p2b: Rotom|Electroweb|p1b: Pelipper|[spread] p1a,p1b\n|-supereffective|p1a: Basculegion|1\n|-supereffective|p1b: Pelipper|2\n|-damage|p1a: Basculegion|47/100\n|-enditem|p1b: Pelipper|Focus Sash\n|-damage|p1b: Pelipper|1/100\n|-unboost|p1a: Basculegion|spe|1\n|-unboost|p1b: Pelipper|spe|1\n|move|p1b: Pelipper|Tailwind|p1b: Pelipper\n|-sidestart|p1: TheRealMyan|move: Tailwind\n|\n|-weather|RainDance|[upkeep]\n|upkeep\n|turn|6\n|\n|t:|1776208468\n|move|p1b: Pelipper|Protect|p1b: Pelipper\n|-singleturn|p1b: Pelipper|Protect\n|move|p1a: Basculegion|Last Respects|p2b: Rotom\n|-damage|p2b: Rotom|0 fnt\n|faint|p2b: Rotom\n|\n|win|TheRealMyan\n|raw|TheRealMyan's rating: 1073 &rarr; <strong>1098</strong><br />(+25 for winning)\n|raw|PalomoChuek's rating: 1019 &rarr; <strong>1008</strong><br />(-11 for losing)\n|l|\u2606PalomoChuek\n|player|p2|\n",
  "uploadtime": 1776208479,
  "views": 20,
  "formatid": "gen9championsvgc2026regma",
  "rating": 1008,
  "private": 0,
  "password": null
}