{
  "id": "gen9championsvgc2026regma-2586588443",
  "format": "[Gen 9 Champions] VGC 2026 Reg M-A",
  "players": [
    "trashgarbage",
    "nonsequitorian"
  ],
  "log": "|j|\u2606trashgarbage\n|j|\u2606nonsequitorian\n|t:|1776445132\n|gametype|doubles\n|player|p1|trashgarbage|1|1246\n|player|p2|nonsequitorian|roxie|1327\n|gen|9\n|tier|[Gen 9 Champions] VGC 2026 Reg M-A\n|rated|\n|rule|Species Clause: Limit one of each Pok\u00e9mon\n|rule|Item Clause: Limit 1 of each item\n|clearpoke\n|poke|p1|Delphox, L50, F|\n|poke|p1|Kommo-o, L50, F|\n|poke|p1|Sableye, L50, M|\n|poke|p1|Milotic, L50, F|\n|poke|p1|Excadrill, L50, M|\n|poke|p1|Espathra, L50, M|\n|poke|p2|Ampharos, L50, F|\n|poke|p2|Pelipper, L50, F|\n|poke|p2|Palafin, L50, F|\n|poke|p2|Blastoise, L50, M|\n|poke|p2|Maushold, L50|\n|poke|p2|Slowking-Galar, L50, M|\n|teampreview|4\n|inactive|Battle timer is ON: inactive players will automatically lose when time's up. (requested by nonsequitorian)\n|\n|t:|1776445185\n|teamsize|p1|4\n|teamsize|p2|4\n|start\n|switch|p1a: Sableye|Sableye, L50, M|100/100\n|switch|p1b: Espathra|Espathra, L50, M|100/100\n|switch|p2a: Maushold|Maushold, L50|100/100\n|switch|p2b: Slowking|Slowking-Galar, L50, M|100/100\n|turn|1\n|\n|t:|1776445205\n|move|p2a: Maushold|Follow Me|p2a: Maushold\n|-singleturn|p2a: Maushold|move: Follow Me\n|move|p1a: Sableye|Gravity|p1a: Sableye\n|-fieldstart|move: Gravity\n|move|p1b: Espathra|Hypnosis|p2a: Maushold\n|-status|p2a: Maushold|slp|[from] move: Hypnosis\n|move|p2b: Slowking|Trick Room|p2b: Slowking\n|-fieldstart|move: Trick Room|[of] p2b: Slowking\n|\n|-ability|p1b: Espathra|Speed Boost|boost\n|-boost|p1b: Espathra|spe|1\n|upkeep\n|turn|2\n|\n|t:|1776445220\n|switch|p2b: Pelipper|Pelipper, L50, F|100/100\n|-weather|RainDance|[from] ability: Drizzle|[of] p2b: Pelipper\n|move|p1a: Sableye|Sunny Day|p1a: Sableye\n|-weather|SunnyDay\n|cant|p2a: Maushold|slp\n|move|p1b: Espathra|Hypnosis|p2b: Pelipper\n|-status|p2b: Pelipper|slp|[from] move: Hypnosis\n|\n|-weather|SunnyDay|[upkeep]\n|-ability|p1b: Espathra|Speed Boost|boost\n|-boost|p1b: Espathra|spe|1\n|upkeep\n|turn|3\n|\n|t:|1776445235\n|cant|p2b: Pelipper|slp\n|move|p1a: Sableye|Knock Off|p2a: Maushold\n|-damage|p2a: Maushold|71/100 slp\n|-enditem|p2a: Maushold|Mental Herb|[from] move: Knock Off|[of] p1a: Sableye\n|cant|p2a: Maushold|slp\n|move|p1b: Espathra|Lumina Crash|p2b: Pelipper\n|-damage|p2b: Pelipper|69/100 slp\n|-unboost|p2b: Pelipper|spd|2\n|\n|-weather|SunnyDay|[upkeep]\n|-ability|p1b: Espathra|Speed Boost|boost\n|-boost|p1b: Espathra|spe|1\n|upkeep\n|turn|4\n|\n|t:|1776445260\n|cant|p2b: Pelipper|slp\n|move|p1a: Sableye|Knock Off|p2a: Maushold\n|-damage|p2a: Maushold|49/100 slp\n|-curestatus|p2a: Maushold|slp|[msg]\n|move|p2a: Maushold|Taunt|p1b: Espathra\n|-start|p1b: Espathra|move: Taunt\n|move|p1b: Espathra|Lumina Crash|p2b: Pelipper\n|-crit|p2b: Pelipper\n|-damage|p2b: Pelipper|0 fnt\n|faint|p2b: Pelipper\n|\n|-weather|SunnyDay|[upkeep]\n|-ability|p1b: Espathra|Speed Boost|boost\n|-boost|p1b: Espathra|spe|1\n|upkeep\n|\n|t:|1776445264\n|switch|p2b: Ampharos|Ampharos, L50, F|100/100\n|turn|5\n|\n|t:|1776445281\n|detailschange|p2b: Ampharos|Ampharos-Mega, L50, F\n|-mega|p2b: Ampharos|Ampharos|Ampharosite\n|-ability|p2b: Ampharos|Mold Breaker\n|move|p2a: Maushold|Helping Hand|p2b: Ampharos\n|-singleturn|p2b: Ampharos|Helping Hand|[of] p2a: Maushold\n|move|p2b: Ampharos|Dragon Pulse|p1b: Espathra\n|-enditem|p1b: Espathra|Focus Sash\n|-damage|p1b: Espathra|1/100\n|move|p1a: Sableye|Knock Off|p2a: Maushold\n|-damage|p2a: Maushold|29/100\n|move|p1b: Espathra|Lumina Crash|p2b: Ampharos\n|-damage|p2b: Ampharos|81/100\n|-unboost|p2b: Ampharos|spd|2\n|\n|-weather|SunnyDay|[upkeep]\n|-fieldend|move: Trick Room\n|-fieldend|move: Gravity\n|-ability|p1b: Espathra|Speed Boost|boost\n|-boost|p1b: Espathra|spe|1\n|upkeep\n|turn|6\n|\n|t:|1776445302\n|move|p2a: Maushold|Follow Me|p2a: Maushold\n|-singleturn|p2a: Maushold|move: Follow Me\n|move|p1a: Sableye|Gravity|p1a: Sableye\n|-fieldstart|move: Gravity\n|move|p1b: Espathra|Lumina Crash|p2a: Maushold\n|-damage|p2a: Maushold|0 fnt\n|faint|p2a: Maushold\n|move|p2b: Ampharos|Volt Switch|p1b: Espathra\n|-damage|p1b: Espathra|0 fnt\n|faint|p1b: Espathra\n|\n|t:|1776445304\n|switch|p2b: Slowking|Slowking-Galar, L50, M|100/100|[from] Volt Switch\n|\n|-weather|none\n|upkeep\n|\n|t:|1776445320\n|switch|p2a: Ampharos|Ampharos-Mega, L50, F|81/100\n|switch|p1b: Milotic|Milotic, L50, F|100/100\n|-ability|p2a: Ampharos|Mold Breaker\n|turn|7\n|\n|t:|1776445335\n|switch|p1a: Delphox|Delphox, L50, F|100/100\n|move|p1b: Milotic|Hypnosis|p2a: Ampharos\n|-status|p2a: Ampharos|slp|[from] move: Hypnosis\n|cant|p2a: Ampharos|slp\n|move|p2b: Slowking|Trick Room|p2b: Slowking\n|-fieldstart|move: Trick Room|[of] p2b: Slowking\n|\n|upkeep\n|turn|8\n|\n|t:|1776445349\n|detailschange|p1a: Delphox|Delphox-Mega, L50, F\n|-mega|p1a: Delphox|Delphox|Delphoxite\n|move|p2b: Slowking|Sludge Bomb|p1a: Delphox\n|-damage|p1a: Delphox|64/100\n|cant|p2a: Ampharos|slp\n|move|p1b: Milotic|Ice Beam|p2a: Ampharos\n|-supereffective|p2a: Ampharos|1\n|-damage|p2a: Ampharos|48/100 slp\n|move|p1a: Delphox|Expanding Force|p2a: Ampharos\n|-damage|p2a: Ampharos|7/100 slp\n|\n|upkeep\n|turn|9\n|\n|t:|1776445365\n|move|p2b: Slowking|Sludge Bomb|p1a: Delphox\n|-damage|p1a: Delphox|32/100\n|-curestatus|p2a: Ampharos|slp|[msg]\n|move|p2a: Ampharos|Parabolic Charge|p1b: Milotic|[spread] p2b,p1a,p1b\n|-supereffective|p1b: Milotic|1\n|-damage|p2b: Slowking|81/100\n|-heal|p2a: Ampharos|17/100|[from] drain|[of] p2b: Slowking\n|-damage|p1a: Delphox|0 fnt\n|-heal|p2a: Ampharos|29/100|[from] drain|[of] p1a: Delphox\n|-damage|p1b: Milotic|50/100\n|-heal|p2a: Ampharos|55/100|[from] drain|[of] p1b: Milotic\n|faint|p1a: Delphox\n|move|p1b: Milotic|Ice Beam|p2a: Ampharos\n|-supereffective|p2a: Ampharos|1\n|-damage|p2a: Ampharos|16/100\n|\n|-heal|p1b: Milotic|56/100|[from] item: Leftovers\n|upkeep\n|\n|t:|1776445382\n|switch|p1a: Sableye|Sableye, L50, M|100/100\n|turn|10\n|\n|t:|1776445388\n|move|p1a: Sableye|Fake Out|p2a: Ampharos\n|-damage|p2a: Ampharos|11/100\n|move|p2b: Slowking|Sludge Bomb|p1b: Milotic\n|-damage|p1b: Milotic|28/100\n|cant|p2a: Ampharos|flinch\n|move|p1b: Milotic|Ice Beam|p2a: Ampharos\n|-supereffective|p2a: Ampharos|1\n|-damage|p2a: Ampharos|0 fnt\n|faint|p2a: Ampharos\n|\n|-heal|p1b: Milotic|34/100|[from] item: Leftovers\n|-fieldend|move: Gravity\n|upkeep\n|turn|11\n|\n|t:|1776445402\n|move|p1b: Milotic|Protect|p1b: Milotic\n|-singleturn|p1b: Milotic|Protect\n|move|p2b: Slowking|Sludge Bomb|p1b: Milotic\n|-activate|p1b: Milotic|move: Protect\n|move|p1a: Sableye|Knock Off|p2b: Slowking\n|-supereffective|p2b: Slowking|1\n|-damage|p2b: Slowking|34/100\n|-enditem|p2b: Slowking|Sitrus Berry|[from] move: Knock Off|[of] p1a: Sableye\n|\n|-heal|p1b: Milotic|40/100|[from] item: Leftovers\n|-fieldend|move: Trick Room\n|upkeep\n|turn|12\n|-message|nonsequitorian forfeited.\n|\n|win|trashgarbage\n|raw|trashgarbage's rating: 1222 &rarr; <strong>1254</strong><br />(+32 for winning)\n|raw|nonsequitorian's rating: 1327 &rarr; <strong>1301</strong><br />(-26 for losing)\n|l|\u2606nonsequitorian\n|player|p2|\n",
  "uploadtime": 1776445413,
  "views": 35,
  "formatid": "gen9championsvgc2026regma",
  "rating": 1254,
  "private": 0,
  "password": null
}