{
  "id": "gen9championsvgc2026regma-2584919954",
  "format": "[Gen 9 Champions] VGC 2026 Reg M-A",
  "players": [
    "UA Todoroki",
    "capocchionefresco"
  ],
  "log": "|j|\u2606UA Todoroki\n|j|\u2606capocchionefresco\n|t:|1776294579\n|gametype|doubles\n|player|p1|UA Todoroki|266|1037\n|player|p2|capocchionefresco|265|1056\n|gen|9\n|tier|[Gen 9 Champions] VGC 2026 Reg M-A\n|rated|\n|rule|Species Clause: Limit one of each Pok\u00e9mon\n|rule|Item Clause: Limit 1 of each item\n|clearpoke\n|poke|p1|Charizard, L50, M|\n|poke|p1|Sneasler, L50, F|\n|poke|p1|Garchomp, L50, M|\n|poke|p1|Venusaur, L50, F|\n|poke|p1|Farigiraf, L50, F|\n|poke|p1|Kingambit, L50, M|\n|poke|p2|Incineroar, L50, M|\n|poke|p2|Sneasler, L50, M|\n|poke|p2|Feraligatr, L50, F|\n|poke|p2|Floette-Eternal, L50, F|\n|poke|p2|Garchomp, L50, M|\n|poke|p2|Whimsicott, L50, M|\n|teampreview|4\n|inactive|Battle timer is ON: inactive players will automatically lose when time's up. (requested by capocchionefresco)\n|\n|t:|1776294609\n|teamsize|p1|4\n|teamsize|p2|4\n|start\n|switch|p1a: Sneasler|Sneasler, L50, F|100/100\n|switch|p1b: Charizard|Charizard, L50, M|100/100\n|switch|p2a: Sneasler|Sneasler, L50, M|100/100\n|switch|p2b: Incineroar|Incineroar, L50, M|100/100\n|-ability|p2b: Incineroar|Intimidate|boost\n|-unboost|p1a: Sneasler|atk|1\n|-unboost|p1b: Charizard|atk|1\n|-enditem|p1a: Sneasler|White Herb\n|-clearnegativeboost|p1a: Sneasler|[silent]\n|turn|1\n|\n|t:|1776294626\n|move|p1b: Charizard|Protect|p1b: Charizard\n|-singleturn|p1b: Charizard|Protect\n|move|p1a: Sneasler|Fake Out|p2b: Incineroar\n|-damage|p2b: Incineroar|85/100\n|move|p2a: Sneasler|Fake Out|p1a: Sneasler\n|-damage|p1a: Sneasler|76/100\n|cant|p2b: Incineroar|flinch\n|\n|upkeep\n|turn|2\n|\n|t:|1776294645\n|switch|p1b: Garchomp|Garchomp, L50, M|100/100\n|move|p1a: Sneasler|Close Combat|p2b: Incineroar\n|-supereffective|p2b: Incineroar|1\n|-damage|p2b: Incineroar|0 fnt\n|-unboost|p1a: Sneasler|def|1\n|-unboost|p1a: Sneasler|spd|1\n|faint|p2b: Incineroar\n|move|p2a: Sneasler|Close Combat|p1a: Sneasler\n|-resisted|p1a: Sneasler|1\n|-damage|p1a: Sneasler|0 fnt\n|-unboost|p2a: Sneasler|def|1\n|-unboost|p2a: Sneasler|spd|1\n|faint|p1a: Sneasler\n|\n|upkeep\n|\n|t:|1776294665\n|switch|p1a: Charizard|Charizard, L50, M|100/100\n|switch|p2b: Whimsicott|Whimsicott, L50, M|100/100\n|turn|3\n|\n|t:|1776294687\n|detailschange|p1a: Charizard|Charizard-Mega-Y, L50, M\n|-mega|p1a: Charizard|Charizard|Charizardite Y\n|-weather|SunnyDay|[from] ability: Drought|[of] p1a: Charizard\n|move|p1a: Charizard|Protect|p1a: Charizard\n|-singleturn|p1a: Charizard|Protect\n|move|p2b: Whimsicott|Tailwind|p2b: Whimsicott\n|-sidestart|p2: capocchionefresco|move: Tailwind\n|move|p2a: Sneasler|Close Combat|p1b: Garchomp\n|-damage|p1b: Garchomp|42/100\n|-unboost|p2a: Sneasler|def|1\n|-unboost|p2a: Sneasler|spd|1\n|-damage|p2a: Sneasler|88/100|[from] ability: Rough Skin|[of] p1b: Garchomp\n|move|p1b: Garchomp|Stomping Tantrum|p2a: Sneasler\n|-supereffective|p2a: Sneasler|1\n|-damage|p2a: Sneasler|0 fnt\n|faint|p2a: Sneasler\n|\n|-weather|SunnyDay|[upkeep]\n|upkeep\n|\n|t:|1776294697\n|switch|p2a: Garchomp|Garchomp, L50, M|100/100\n|turn|4\n|\n|t:|1776294717\n|move|p2b: Whimsicott|Helping Hand|p2a: Garchomp\n|-singleturn|p2a: Garchomp|Helping Hand|[of] p2b: Whimsicott\n|move|p2a: Garchomp|Rock Slide|p1b: Garchomp|[spread] p1a,p1b\n|-supereffective|p1a: Charizard|2\n|-resisted|p1b: Garchomp|1\n|-damage|p1a: Charizard|0 fnt\n|-damage|p1b: Garchomp|29/100\n|faint|p1a: Charizard\n|move|p1b: Garchomp|Stomping Tantrum|p2a: Garchomp\n|-damage|p2a: Garchomp|64/100\n|-damage|p1b: Garchomp|16/100|[from] ability: Rough Skin|[of] p2a: Garchomp\n|\n|-weather|SunnyDay|[upkeep]\n|upkeep\n|\n|t:|1776294726\n|switch|p1a: Venusaur|Venusaur, L50, F|100/100\n|turn|5\n|\n|t:|1776294743\n|move|p2a: Garchomp|Dragon Claw|p1a: Venusaur\n|-damage|p1a: Venusaur|41/100\n|move|p2b: Whimsicott|Moonblast|p1b: Garchomp\n|-supereffective|p1b: Garchomp|1\n|-damage|p1b: Garchomp|0 fnt\n|faint|p1b: Garchomp\n|move|p1a: Venusaur|Leaf Storm|p2a: Garchomp|[miss]\n|-miss|p1a: Venusaur|p2a: Garchomp\n|\n|-weather|SunnyDay|[upkeep]\n|upkeep\n|turn|6\n|-message|UA Todoroki forfeited.\n|\n|win|capocchionefresco\n|raw|UA Todoroki's rating: 1037 &rarr; <strong>1022</strong><br />(-15 for losing)\n|raw|capocchionefresco's rating: 1056 &rarr; <strong>1086</strong><br />(+30 for winning)\n|l|\u2606UA Todoroki\n|player|p1|\n",
  "uploadtime": 1776294770,
  "views": 17,
  "formatid": "gen9championsvgc2026regma",
  "rating": 1022,
  "private": 0,
  "password": null
}