{
  "id": "gen9championsvgc2026regma-2583207013",
  "format": "[Gen 9 Champions] VGC 2026 Reg M-A",
  "players": [
    "drake412",
    "storm93ita"
  ],
  "log": "|j|\u2606drake412\n|j|\u2606storm93ita\n|t:|1776154747\n|gametype|doubles\n|player|p1|drake412|1|1067\n|player|p2|storm93ita|volkner|1106\n|gen|9\n|tier|[Gen 9 Champions] VGC 2026 Reg M-A\n|rated|\n|rule|Species Clause: Limit one of each Pok\u00e9mon\n|rule|Item Clause: Limit 1 of each item\n|clearpoke\n|poke|p1|Charizard, L50, F|\n|poke|p1|Whimsicott, L50, F|\n|poke|p1|Sneasler, L50, M|\n|poke|p1|Empoleon, L50, M|\n|poke|p1|Dragonite, L50, F|\n|poke|p1|Clefable, L50, F|\n|poke|p2|Gardevoir, L50, M|\n|poke|p2|Incineroar, L50, F|\n|poke|p2|Charizard, L50, F|\n|poke|p2|Venusaur, L50, F|\n|poke|p2|Basculegion, L50, M|\n|poke|p2|Garchomp, L50, M|\n|teampreview|4\n|inactive|Battle timer is ON: inactive players will automatically lose when time's up. (requested by drake412)\n|\n|t:|1776154810\n|teamsize|p1|4\n|teamsize|p2|4\n|start\n|switch|p1a: Charizard|Charizard, L50, F|100/100\n|switch|p1b: Whimsicott|Whimsicott, L50, F|100/100\n|switch|p2a: Charizard|Charizard, L50, F|100/100\n|switch|p2b: Garchomp|Garchomp, L50, M|100/100\n|turn|1\n|inactive|drake412 has 30 seconds left.\n|\n|t:|1776154837\n|detailschange|p2a: Charizard|Charizard-Mega-Y, L50, F\n|-mega|p2a: Charizard|Charizard|Charizardite Y\n|-weather|SunnyDay|[from] ability: Drought|[of] p2a: Charizard\n|move|p1a: Charizard|Protect|p1a: Charizard\n|-singleturn|p1a: Charizard|Protect\n|move|p1b: Whimsicott|Tailwind|p1b: Whimsicott\n|-sidestart|p1: drake412|move: Tailwind\n|move|p2b: Garchomp|Rock Slide|p1a: Charizard|[spread] p1b\n|-activate|p1a: Charizard|move: Protect\n|-damage|p1b: Whimsicott|80/100\n|move|p2a: Charizard|Air Slash|p1b: Whimsicott\n|-supereffective|p1b: Whimsicott|1\n|-damage|p1b: Whimsicott|0 fnt\n|faint|p1b: Whimsicott\n|\n|-weather|SunnyDay|[upkeep]\n|-damage|p1a: Charizard|88/100|[from] ability: Solar Power|[of] p1a: Charizard\n|upkeep\n|\n|t:|1776154862\n|switch|p1b: Sneasler|Sneasler, L50, M|100/100\n|turn|2\n|inactive|drake412 has 30 seconds left.\n|\n|t:|1776154888\n|switch|p2a: Incineroar|Incineroar, L50, F|100/100\n|-ability|p2a: Incineroar|Intimidate|boost\n|-unboost|p1a: Charizard|atk|1\n|-unboost|p1b: Sneasler|atk|1\n|detailschange|p1a: Charizard|Charizard-Mega-Y, L50, F\n|-mega|p1a: Charizard|Charizard|Charizardite Y\n|move|p2b: Garchomp|Protect|p2b: Garchomp\n|-singleturn|p2b: Garchomp|Protect\n|move|p1b: Sneasler|Fake Out|p2b: Garchomp\n|-activate|p2b: Garchomp|move: Protect\n|move|p1a: Charizard|Heat Wave|p2a: Incineroar|[spread] \n|-activate|p2b: Garchomp|move: Protect\n|-miss|p1a: Charizard|p2a: Incineroar\n|\n|-weather|SunnyDay|[upkeep]\n|upkeep\n|turn|3\n|\n|t:|1776154912\n|switch|p1a: Dragonite|Dragonite, L50, F|100/100\n|move|p1b: Sneasler|Protect|p1b: Sneasler\n|-singleturn|p1b: Sneasler|Protect\n|move|p2a: Incineroar|Fake Out|p1b: Sneasler\n|-activate|p1b: Sneasler|move: Protect\n|move|p2b: Garchomp|Rock Slide|p1a: Dragonite|[spread] p1a\n|-activate|p1b: Sneasler|move: Protect\n|-supereffective|p1a: Dragonite|1\n|-damage|p1a: Dragonite|81/100\n|\n|-weather|SunnyDay|[upkeep]\n|upkeep\n|turn|4\n|\n|t:|1776154933\n|move|p2b: Garchomp|Protect|p2b: Garchomp\n|-singleturn|p2b: Garchomp|Protect\n|move|p1b: Sneasler|Close Combat|p2a: Incineroar\n|-supereffective|p2a: Incineroar|1\n|-damage|p2a: Incineroar|20/100\n|-unboost|p1b: Sneasler|def|1\n|-unboost|p1b: Sneasler|spd|1\n|-enditem|p2a: Incineroar|Sitrus Berry|[eat]\n|-heal|p2a: Incineroar|45/100|[from] item: Sitrus Berry\n|move|p1a: Dragonite|Dragon Dance|p1a: Dragonite\n|-boost|p1a: Dragonite|atk|1\n|-boost|p1a: Dragonite|spe|1\n|move|p2a: Incineroar|Parting Shot|p1b: Sneasler\n|-unboost|p1b: Sneasler|atk|1\n|-unboost|p1b: Sneasler|spa|1\n|\n|t:|1776154949\n|switch|p2a: Gardevoir|Gardevoir, L50, M|100/100|[from] Parting Shot\n|\n|-weather|SunnyDay|[upkeep]\n|-sideend|p1: drake412|move: Tailwind\n|upkeep\n|turn|5\n|inactive|drake412 has 30 seconds left.\n|\n|t:|1776154983\n|switch|p2b: Incineroar|Incineroar, L50, F|45/100\n|-ability|p2b: Incineroar|Intimidate|boost\n|-unboost|p1a: Dragonite|atk|1\n|-unboost|p1b: Sneasler|atk|1\n|move|p1a: Dragonite|Protect|p1a: Dragonite\n|-singleturn|p1a: Dragonite|Protect\n|move|p1b: Sneasler|Dire Claw|p2a: Gardevoir\n|-supereffective|p2a: Gardevoir|1\n|-damage|p2a: Gardevoir|35/100\n|-status|p2a: Gardevoir|psn\n|-activate|p2a: Gardevoir|ability: Synchronize\n|-immune|p1b: Sneasler\n|move|p2a: Gardevoir|Moonblast|p1a: Dragonite\n|-activate|p1a: Dragonite|move: Protect\n|\n|-weather|none\n|-damage|p2a: Gardevoir|23/100 psn|[from] psn\n|upkeep\n|turn|6\n|inactive|drake412 has 30 seconds left.\n|inactive|storm93ita has 30 seconds left.\n|inactive|drake412 has 20 seconds left.\n|inactive|drake412 has 15 seconds left.\n|inactive|drake412 has 10 seconds left.\n|\n|t:|1776155030\n|move|p2b: Incineroar|Fake Out|p1b: Sneasler\n|-damage|p1b: Sneasler|74/100\n|move|p1a: Dragonite|Low Kick|p2a: Gardevoir\n|-resisted|p2a: Gardevoir|2\n|-damage|p2a: Gardevoir|16/100 psn\n|cant|p1b: Sneasler|flinch\n|move|p2a: Gardevoir|Moonblast|p1a: Dragonite\n|-supereffective|p1a: Dragonite|1\n|-damage|p1a: Dragonite|0 fnt\n|faint|p1a: Dragonite\n|\n|-damage|p2a: Gardevoir|4/100 psn|[from] psn\n|upkeep\n|-message|drake412 forfeited.\n|\n|win|storm93ita\n|raw|drake412's rating: 1067 &rarr; <strong>1049</strong><br />(-18 for losing)\n|raw|storm93ita's rating: 1106 &rarr; <strong>1128</strong><br />(+22 for winning)\n|l|\u2606drake412\n|player|p1|\n",
  "uploadtime": 1776155049,
  "views": 22,
  "formatid": "gen9championsvgc2026regma",
  "rating": 1049,
  "private": 0,
  "password": null
}