{
  "id": "gen9championsvgc2026regma-2583050458",
  "format": "[Gen 9 Champions] VGC 2026 Reg M-A",
  "players": [
    "snodlop",
    "GriffyGuy"
  ],
  "log": "|j|\u2606snodlop\n|j|\u2606GriffyGuy\n|t:|1776136738\n|gametype|doubles\n|player|p1|snodlop|lady-gen4|1109\n|player|p2|GriffyGuy|101|1085\n|gen|9\n|tier|[Gen 9 Champions] VGC 2026 Reg M-A\n|rated|\n|rule|Species Clause: Limit one of each Pok\u00e9mon\n|rule|Item Clause: Limit 1 of each item\n|clearpoke\n|poke|p1|Pelipper, L50, M|\n|poke|p1|Palafin, L50, M|\n|poke|p1|Basculegion, L50, M|\n|poke|p1|Manectric, L50, M|\n|poke|p1|Dragonite, L50, F|\n|poke|p1|Kingambit, L50, M|\n|poke|p2|Garbodor, L50, F|\n|poke|p2|Chesnaught, L50, M|\n|poke|p2|Altaria, L50, M|\n|poke|p2|Empoleon, L50, F|\n|poke|p2|Leafeon, L50, M|\n|poke|p2|Torkoal, L50, M|\n|teampreview|4\nsnodlop rejected open team sheets.\n|inactive|Battle timer is ON: inactive players will automatically lose when time's up. (requested by snodlop)\n|\n|t:|1776136778\n|teamsize|p1|4\n|teamsize|p2|4\n|start\n|switch|p1a: Palafin|Palafin, L50, M|100/100\n|switch|p1b: Kingambit|Kingambit, L50, M|100/100\n|switch|p2a: Torkoal|Torkoal, L50, M|100/100\n|switch|p2b: Leafeon|Leafeon, L50, M|100/100\n|-weather|SunnyDay|[from] ability: Drought|[of] p2a: Torkoal\n|turn|1\n|\n|t:|1776136796\n|switch|p1b: Pelipper|Pelipper, L50, M|100/100\n|-weather|RainDance|[from] ability: Drizzle|[of] p1b: Pelipper\n|switch|p2a: Altaria|Altaria, L50, M|100/100\n|-ability|p2a: Altaria|Cloud Nine\n|move|p1a: Palafin|Flip Turn|p2a: Altaria\n|-resisted|p2a: Altaria|1\n|-damage|p2a: Altaria|90/100\n|\n|t:|1776136806\n|detailschange|p1a: Palafin|Palafin-Hero, L50, M\n|switch|p1a: Dragonite|Dragonite, L50, F|100/100|[from] Flip Turn\n|move|p2b: Leafeon|Leaf Blade|p1a: Dragonite\n|-resisted|p1a: Dragonite|2\n|-damage|p1a: Dragonite|88/100\n|\n|-weather|RainDance|[upkeep]\n|upkeep\n|turn|2\n|\n|t:|1776136821\n|switch|p2a: Torkoal|Torkoal, L50, M|100/100\n|-weather|SunnyDay|[from] ability: Drought|[of] p2a: Torkoal\n|detailschange|p1a: Dragonite|Dragonite-Mega, L50, F\n|-mega|p1a: Dragonite|Dragonite|Dragoninite\n|move|p2b: Leafeon|Solar Blade||[still]\n|-prepare|p2b: Leafeon|Solar Blade\n|-anim|p2b: Leafeon|Solar Blade|p1b: Pelipper\n|-damage|p1b: Pelipper|10/100\n|move|p1a: Dragonite|Ice Beam|p2a: Torkoal\n|-resisted|p2a: Torkoal|1\n|-damage|p2a: Torkoal|76/100\n|move|p1b: Pelipper|Tailwind|p1b: Pelipper\n|-sidestart|p1: snodlop|move: Tailwind\n|\n|-weather|SunnyDay|[upkeep]\n|upkeep\n|turn|3\n|inactive|snodlop has 30 seconds left.\n|\n|t:|1776136854\n|move|p2b: Leafeon|Protect|p2b: Leafeon\n|-singleturn|p2b: Leafeon|Protect\n|move|p1a: Dragonite|Draco Meteor|p2a: Torkoal\n|-damage|p2a: Torkoal|0 fnt\n|-unboost|p1a: Dragonite|spa|2\n|faint|p2a: Torkoal\n|move|p1b: Pelipper|Weather Ball|p2b: Leafeon\n|-activate|p2b: Leafeon|move: Protect\n|\n|-weather|SunnyDay|[upkeep]\n|upkeep\n|\n|t:|1776136867\n|switch|p2a: Altaria|Altaria, L50, M|90/100\n|-ability|p2a: Altaria|Cloud Nine\n|turn|4\n|\n|t:|1776136879\n|switch|p1b: Kingambit|Kingambit, L50, M|100/100\n|switch|p2a: Chesnaught|Chesnaught, L50, M|100/100\n|move|p1a: Dragonite|Ice Beam|p2a: Chesnaught\n|-supereffective|p2a: Chesnaught|1\n|-damage|p2a: Chesnaught|58/100\n|move|p2b: Leafeon|Leaf Blade|p1b: Kingambit\n|-resisted|p1b: Kingambit|1\n|-crit|p1b: Kingambit\n|-damage|p1b: Kingambit|76/100\n|\n|-weather|SunnyDay|[upkeep]\n|-heal|p1b: Kingambit|82/100|[from] item: Leftovers\n|upkeep\n|turn|5\n|inactive|snodlop has 30 seconds left.\n|\n|t:|1776136904\n|move|p1a: Dragonite|Ice Beam|p2a: Chesnaught\n|-supereffective|p2a: Chesnaught|1\n|-damage|p2a: Chesnaught|18/100\n|move|p2b: Leafeon|Solar Blade||[still]\n|-prepare|p2b: Leafeon|Solar Blade\n|-anim|p2b: Leafeon|Solar Blade|p1a: Dragonite\n|-resisted|p1a: Dragonite|2\n|-damage|p1a: Dragonite|74/100\n|move|p1b: Kingambit|Swords Dance|p1b: Kingambit\n|-boost|p1b: Kingambit|atk|2\n|move|p2a: Chesnaught|Drain Punch|p1b: Kingambit\n|-supereffective|p1b: Kingambit|2\n|-damage|p1b: Kingambit|0 fnt\n|-heal|p2a: Chesnaught|62/100|[from] drain|[of] p1b: Kingambit\n|faint|p1b: Kingambit\n|\n|-weather|SunnyDay|[upkeep]\n|-sideend|p1: snodlop|move: Tailwind\n|upkeep\n|\n|t:|1776136917\n|switch|p1b: Pelipper|Pelipper, L50, M|10/100\n|-weather|RainDance|[from] ability: Drizzle|[of] p1b: Pelipper\n|turn|6\n|\n|t:|1776136930\n|switch|p1b: Palafin|Palafin-Hero, L50, M|100/100\n|-activate|p1b: Palafin|ability: Zero to Hero\n|move|p2a: Chesnaught|Spiky Shield|p2a: Chesnaught\n|-singleturn|p2a: Chesnaught|move: Protect\n|move|p1a: Dragonite|Ice Beam|p2b: Leafeon\n|-supereffective|p2b: Leafeon|1\n|-damage|p2b: Leafeon|36/100\n|-status|p2b: Leafeon|frz\n|cant|p2b: Leafeon|frz\n|\n|-weather|RainDance|[upkeep]\n|upkeep\n|turn|7\n|c|\u2606GriffyGuy|nooooooo\n|\n|t:|1776136951\n|switch|p2b: Altaria|Altaria, L50, M|90/100\n|-ability|p2b: Altaria|Cloud Nine\n|move|p1b: Palafin|Wave Crash|p2a: Chesnaught\n|-resisted|p2a: Chesnaught|1\n|-crit|p2a: Chesnaught\n|-damage|p2a: Chesnaught|22/100\n|-damage|p1b: Palafin|86/100|[from] Recoil\n|move|p1a: Dragonite|Ice Beam|p2b: Altaria\n|-supereffective|p2b: Altaria|2\n|-damage|p2b: Altaria|29/100\n|move|p2a: Chesnaught|Trailblaze|p1b: Palafin\n|-supereffective|p1b: Palafin|1\n|-damage|p1b: Palafin|34/100\n|-boost|p2a: Chesnaught|spe|1\n|\n|-weather|RainDance|[upkeep]\n|upkeep\n|turn|8\n|\n|t:|1776136975\n|move|p2a: Chesnaught|Spiky Shield|p2a: Chesnaught\n|-singleturn|p2a: Chesnaught|move: Protect\n|move|p2b: Altaria|Protect|p2b: Altaria\n|-singleturn|p2b: Altaria|Protect\n|move|p1b: Palafin|Wave Crash|p2a: Chesnaught\n|-activate|p2a: Chesnaught|move: Protect\n|-damage|p1b: Palafin|21/100|[from] Spiky Shield|[of] p2a: Chesnaught\n|move|p1a: Dragonite|Ice Beam|p2b: Altaria\n|-activate|p2b: Altaria|move: Protect\n|\n|-weather|RainDance|[upkeep]\n|upkeep\n|turn|9\n|inactive|GriffyGuy has 30 seconds left.\n|\n|t:|1776137002\n|detailschange|p2a: Chesnaught|Chesnaught-Mega, L50, M\n|-mega|p2a: Chesnaught|Chesnaught|Chesnaughtite\n|move|p1b: Palafin|Wave Crash|p2a: Chesnaught\n|-resisted|p2a: Chesnaught|1\n|-damage|p2a: Chesnaught|0 fnt\n|faint|p2a: Chesnaught\n|-damage|p1b: Palafin|13/100|[from] Recoil\n|move|p1a: Dragonite|Ice Beam|p2b: Altaria\n|-supereffective|p2b: Altaria|2\n|-damage|p2b: Altaria|0 fnt\n|faint|p2b: Altaria\n|\n|-weather|RainDance|[upkeep]\n|upkeep\n|\n|t:|1776137015\n|switch|p2a: Leafeon|Leafeon, L50, M|36/100 frz\n|turn|10\n|\n|t:|1776137022\n|move|p1b: Palafin|Wave Crash|p2a: Leafeon\n|-resisted|p2a: Leafeon|1\n|-damage|p2a: Leafeon|0 fnt\n|faint|p2a: Leafeon\n|-damage|p1b: Palafin|4/100|[from] Recoil\n|\n|win|snodlop\n|raw|snodlop's rating: 1109 &rarr; <strong>1132</strong><br />(+23 for winning)\n|raw|GriffyGuy's rating: 1085 &rarr; <strong>1064</strong><br />(-21 for losing)\n|c|\u2606GriffyGuy|gg\n|c|\u2606snodlop|ggs\n|l|\u2606GriffyGuy\n|player|p2|\n",
  "uploadtime": 1776137052,
  "views": 19,
  "formatid": "gen9championsvgc2026regma",
  "rating": 1064,
  "private": 0,
  "password": null
}