{
  "id": "gen9championsvgc2026regma-2587275882",
  "format": "[Gen 9 Champions] VGC 2026 Reg M-A",
  "players": [
    "limejuice007",
    "bendomexo100"
  ],
  "log": "|j|\u2606limejuice007\n|j|\u2606bendomexo100\n|t:|1776517337\n|gametype|doubles\n|player|p1|limejuice007|li|1087\n|player|p2|bendomexo100|ltsurge|1140\n|gen|9\n|tier|[Gen 9 Champions] VGC 2026 Reg M-A\n|rated|\n|rule|Species Clause: Limit one of each Pok\u00e9mon\n|rule|Item Clause: Limit 1 of each item\n|clearpoke\n|poke|p1|Meganium, L50, M|\n|poke|p1|Archaludon, L50, F|\n|poke|p1|Aerodactyl, L50, M|\n|poke|p1|Typhlosion-Hisui, L50, M|\n|poke|p1|Tauros-Paldea-Aqua, L50, M|\n|poke|p1|Kangaskhan, L50, F|\n|poke|p2|Incineroar, L50, M|\n|poke|p2|Sneasler, L50, M|\n|poke|p2|Scizor, L50, F|\n|poke|p2|Sinistcha, L50|\n|poke|p2|Pelipper, L50, M|\n|poke|p2|Basculegion, L50, M|\n|teampreview|4\n|j| AidzPlayz\n|j| theabry\n|inactive|Battle timer is ON: inactive players will automatically lose when time's up. (requested by bendomexo100)\n|\n|t:|1776517386\n|teamsize|p1|4\n|teamsize|p2|4\n|start\n|switch|p1a: Meganium|Meganium, L50, M|100/100\n|switch|p1b: Kangaskhan|Kangaskhan, L50, F|100/100\n|switch|p2a: Incineroar|Incineroar, L50, M|100/100\n|switch|p2b: Sneasler|Sneasler, L50, M|100/100\n|-ability|p2a: Incineroar|Intimidate|boost\n|-unboost|p1a: Meganium|atk|1\n|-fail|p1b: Kangaskhan|unboost|Attack|[from] ability: Inner Focus|[of] p1b: Kangaskhan\n|turn|1\n|\n|t:|1776517401\n|switch|p1b: Typhlosion|Typhlosion-Hisui, L50, M|100/100\n|-item|p2a: Incineroar|Chople Berry|[from] ability: Frisk|[of] p1b: Typhlosion\n|-item|p2b: Sneasler|White Herb|[from] ability: Frisk|[of] p1b: Typhlosion\n|move|p1a: Meganium|Protect|p1a: Meganium\n|-singleturn|p1a: Meganium|Protect\n|move|p2b: Sneasler|Fake Out|p1b: Typhlosion\n|-immune|p1b: Typhlosion\n|move|p2a: Incineroar|Fake Out|p1a: Meganium\n|-activate|p1a: Meganium|move: Protect\n|\n|upkeep\n|turn|2\n|inactive|limejuice007 has 30 seconds left.\n|\n|t:|1776517430\n|switch|p1b: Kangaskhan|Kangaskhan, L50, F|100/100\n|switch|p1a: Aerodactyl|Aerodactyl, L50, M|100/100\n|-ability|p1a: Aerodactyl|Unnerve\n|move|p2b: Sneasler|Protect|p2b: Sneasler\n|-singleturn|p2b: Sneasler|Protect\n|move|p2a: Incineroar|Throat Chop|p1b: Kangaskhan\n|-damage|p1b: Kangaskhan|61/100\n|-start|p1b: Kangaskhan|Throat Chop|[silent]\n|\n|upkeep\n|turn|3\n|inactive|limejuice007 has 30 seconds left.\n|inactive|bendomexo100 has 30 seconds left.\n|c| AidzPlayz|yo bendomexo100 could you explain the double fakeout tech to the class\n|inactive|bendomexo100 has 20 seconds left.\n|inactive|bendomexo100 has 15 seconds left.\n|inactive|bendomexo100 has 10 seconds left.\n|\n|t:|1776517476\n|switch|p2b: Scizor|Scizor, L50, F|100/100\n|switch|p2a: Sinistcha|Sinistcha, L50|100/100\n|move|p1b: Kangaskhan|Fake Out|p2b: Scizor\n|-resisted|p2b: Scizor|1\n|-damage|p2b: Scizor|90/100\n|move|p1a: Aerodactyl|Tailwind|p1a: Aerodactyl\n|-sidestart|p1: limejuice007|move: Tailwind\n|\n|-end|p1b: Kangaskhan|Throat Chop|[silent]\n|upkeep\n|turn|4\n|c|\u2606bendomexo100|bro im new to this format dont put me on the spot\n|c| theabry|bendomexo10 more like bendomeover\n|c| theabry|sorry\n|c| theabry|im sorry\n|c| theabry|please beat limejuice\n|inactive|limejuice007 has 30 seconds left.\n|inactive|bendomexo100 has 30 seconds left.\n|c| AidzPlayz|youre a terrible man\n|c| theabry|i know\n|\n|t:|1776517508\n|switch|p1b: Meganium|Meganium, L50, M|100/100\n|detailschange|p2b: Scizor|Scizor-Mega, L50, F\n|-mega|p2b: Scizor|Scizor|Scizorite\n|move|p2a: Sinistcha|Rage Powder|p2a: Sinistcha\n|-singleturn|p2a: Sinistcha|move: Rage Powder\n|move|p1a: Aerodactyl|Dual Wingbeat|p2a: Sinistcha\n|-supereffective|p2a: Sinistcha|1\n|-damage|p2a: Sinistcha|69/100\n|-supereffective|p2a: Sinistcha|1\n|-damage|p2a: Sinistcha|38/100\n|-hitcount|p2a: Sinistcha|2\n|move|p2b: Scizor|Swords Dance|p2b: Scizor\n|-boost|p2b: Scizor|atk|2\n|\n|upkeep\n|turn|5\n|c|\u2606bendomexo100|where did you 2 goons spawn in from\n|c| theabry|real\n|c|\u2606limejuice007|i goon\n|c| theabry|we're limejuice haters\n|c|\u2606bendomexo100|type shi\n|c| theabry|tracking his downfall\n|inactive|limejuice007 has 30 seconds left.\n|inactive|bendomexo100 has 30 seconds left.\n|\n|t:|1776517536\n|switch|p2a: Incineroar|Incineroar, L50, M|100/100\n|-ability|p2a: Incineroar|Intimidate|boost\n|-unboost|p1a: Aerodactyl|atk|1\n|-unboost|p1b: Meganium|atk|1\n|detailschange|p1b: Meganium|Meganium-Mega, L50, M\n|-mega|p1b: Meganium|Meganium|Meganiumite\n|move|p2b: Scizor|Bullet Punch|p1a: Aerodactyl\n|-supereffective|p1a: Aerodactyl|1\n|-enditem|p1a: Aerodactyl|Focus Sash\n|-damage|p1a: Aerodactyl|1/100\n|move|p1a: Aerodactyl|Dual Wingbeat|p2a: Incineroar\n|-damage|p2a: Incineroar|89/100\n|-damage|p2a: Incineroar|77/100\n|-hitcount|p2a: Incineroar|2\n|move|p1b: Meganium|Weather Ball|p2b: Scizor\n|-supereffective|p2b: Scizor|2\n|-damage|p2b: Scizor|0 fnt\n|faint|p2b: Scizor\n|\n|upkeep\n|c|\u2606bendomexo100|oh this chud gets personal sun doesnt it\n|c|\u2606bendomexo100|completely forgot\n|\n|t:|1776517559\n|switch|p2b: Sneasler|Sneasler, L50, M|100/100\n|turn|6\n|\n|t:|1776517565\n|move|p1a: Aerodactyl|Protect|p1a: Aerodactyl\n|-singleturn|p1a: Aerodactyl|Protect\n|move|p1b: Meganium|Protect|p1b: Meganium\n|-singleturn|p1b: Meganium|Protect\n|move|p2a: Incineroar|Fake Out|p1a: Aerodactyl\n|-activate|p1a: Aerodactyl|move: Protect\n|move|p2b: Sneasler|Dire Claw|p1b: Meganium\n|-activate|p1b: Meganium|move: Protect\n|\n|-sideend|p1: limejuice007|move: Tailwind\n|upkeep\n|turn|7\n|c| AidzPlayz|Dont worry we will disconnet limejuice's internet\n|c|\u2606bendomexo100|thank you\n|inactive|bendomexo100 has 30 seconds left.\n|inactive|limejuice007 has 30 seconds left.\n|\n|t:|1776517596\n|move|p2b: Sneasler|Protect|p2b: Sneasler\n|-singleturn|p2b: Sneasler|Protect\n|move|p1a: Aerodactyl|Rock Slide|p2a: Incineroar|[spread] p2a\n|-activate|p2b: Sneasler|move: Protect\n|-supereffective|p2a: Incineroar|1\n|-damage|p2a: Incineroar|44/100\n|move|p1b: Meganium|Weather Ball|p2b: Sneasler\n|-activate|p2b: Sneasler|move: Protect\n|move|p2a: Incineroar|Throat Chop|p1b: Meganium\n|-resisted|p1b: Meganium|1\n|-damage|p1b: Meganium|88/100\n|-start|p1b: Meganium|Throat Chop|[silent]\n|\n|upkeep\n|turn|8\n|c| theabry|flinch incoming\n|c| theabry|cinema\n|inactive|bendomexo100 has 30 seconds left.\n|inactive|limejuice007 has 30 seconds left.\n|inactive|bendomexo100 has 20 seconds left.\n|\n|t:|1776517640\n|switch|p2b: Sinistcha|Sinistcha, L50|38/100\n|-heal|p2a: Incineroar|69/100|[from] ability: Hospitality|[of] p2b: Sinistcha\n|move|p1a: Aerodactyl|Rock Slide|p2a: Incineroar|[spread] p2a,p2b\n|-supereffective|p2a: Incineroar|1\n|-damage|p2a: Incineroar|36/100\n|-damage|p2b: Sinistcha|24/100\n|move|p1b: Meganium|Weather Ball|p2b: Sinistcha\n|-supereffective|p2b: Sinistcha|1\n|-damage|p2b: Sinistcha|0 fnt\n|faint|p2b: Sinistcha\n|move|p2a: Incineroar|Parting Shot|p1b: Meganium\n|-unboost|p1b: Meganium|atk|1\n|-unboost|p1b: Meganium|spa|1\n|\n|t:|1776517653\n|switch|p2a: Sneasler|Sneasler, L50, M|100/100|[from] Parting Shot\n|\n|-end|p1b: Meganium|Throat Chop|[silent]\n|upkeep\n|\n|t:|1776517655\n|switch|p2b: Incineroar|Incineroar, L50, M|36/100\n|-ability|p2b: Incineroar|Intimidate|boost\n|-unboost|p1a: Aerodactyl|atk|1\n|-unboost|p1b: Meganium|atk|1\n|turn|9\n|\n|t:|1776517672\n|move|p1a: Aerodactyl|Protect|p1a: Aerodactyl\n|-singleturn|p1a: Aerodactyl|Protect\n|move|p1b: Meganium|Protect|p1b: Meganium\n|-singleturn|p1b: Meganium|Protect\n|move|p2b: Incineroar|Fake Out|p1a: Aerodactyl\n|-activate|p1a: Aerodactyl|move: Protect\n|move|p2a: Sneasler|Dire Claw|p1b: Meganium\n|-activate|p1b: Meganium|move: Protect\n|\n|upkeep\n|turn|10\n|\n|t:|1776517694\n|move|p1a: Aerodactyl|Rock Slide|p2a: Sneasler|[spread] p2a,p2b\n|-resisted|p2a: Sneasler|1\n|-supereffective|p2b: Incineroar|1\n|-damage|p2a: Sneasler|90/100\n|-damage|p2b: Incineroar|11/100\n|move|p2a: Sneasler|Dire Claw|p1b: Meganium\n|-supereffective|p1b: Meganium|2\n|-damage|p1b: Meganium|0 fnt\n|faint|p1b: Meganium\n|move|p2b: Incineroar|Throat Chop|p1a: Aerodactyl\n|-damage|p1a: Aerodactyl|0 fnt\n|faint|p1a: Aerodactyl\n|\n|upkeep\n|\n|t:|1776517702\n|switch|p1a: Kangaskhan|Kangaskhan, L50, F|61/100\n|switch|p1b: Typhlosion|Typhlosion-Hisui, L50, M|100/100\n|-item|p2a: Sneasler|White Herb|[from] ability: Frisk|[of] p1b: Typhlosion\n|-item|p2b: Incineroar|Chople Berry|[from] ability: Frisk|[of] p1b: Typhlosion\n|turn|11\n|\n|t:|1776517728\n|move|p1a: Kangaskhan|Fake Out|p2a: Sneasler\n|-damage|p2a: Sneasler|59/100\n|move|p1b: Typhlosion|Eruption|p2b: Incineroar|[spread] p2a,p2b\n|-resisted|p2b: Incineroar|1\n|-damage|p2a: Sneasler|0 fnt\n|-damage|p2b: Incineroar|0 fnt\n|faint|p2a: Sneasler\n|faint|p2b: Incineroar\n|\n|win|limejuice007\n|raw|limejuice007's rating: 1087 &rarr; <strong>1118</strong><br />(+31 for winning)\n|raw|bendomexo100's rating: 1140 &rarr; <strong>1111</strong><br />(-29 for losing)\n",
  "uploadtime": 1776517728,
  "views": 12,
  "formatid": "gen9championsvgc2026regma",
  "rating": 1111,
  "private": 0,
  "password": null
}