{
  "id": "gen9championsvgc2026regma-2587595255",
  "format": "[Gen 9 Champions] VGC 2026 Reg M-A",
  "players": [
    "skarmoryplays",
    "TheRealWristTwist"
  ],
  "log": "|j|\u2606skarmoryplays\n|j|\u2606TheRealWristTwist\n|t:|1776545397\n|gametype|doubles\n|player|p1|skarmoryplays|102|1091\n|player|p2|TheRealWristTwist|2|1118\n|gen|9\n|tier|[Gen 9 Champions] VGC 2026 Reg M-A\n|rated|\n|rule|Species Clause: Limit one of each Pok\u00e9mon\n|rule|Item Clause: Limit 1 of each item\n|clearpoke\n|poke|p1|Crabominable, L50, F|\n|poke|p1|Slowking-Galar, L50, F|\n|poke|p1|Kingambit, L50, F|\n|poke|p1|Primarina, L50, M|\n|poke|p1|Incineroar, L50, F|\n|poke|p1|Sinistcha, L50|\n|poke|p2|Gengar, L50, M|\n|poke|p2|Basculegion, L50, M|\n|poke|p2|Politoed, L50, F|\n|poke|p2|Aggron, L50, F|\n|poke|p2|Farigiraf, L50, F|\n|poke|p2|Incineroar, L50, F|\n|teampreview|4\n|inactive|Battle timer is ON: inactive players will automatically lose when time's up. (requested by skarmoryplays)\n|inactive|TheRealWristTwist has 60 seconds left.\nskarmoryplays rejected open team sheets.\n|\n|t:|1776545435\n|teamsize|p1|4\n|teamsize|p2|4\n|start\n|switch|p1a: Crabominable|Crabominable, L50, F|100/100\n|switch|p1b: Kingambit|Kingambit, L50, F|100/100\n|switch|p2a: Farigiraf|Farigiraf, L50, F|100/100\n|switch|p2b: Aggron|Aggron, L50, F|100/100\n|turn|1\n|inactive|TheRealWristTwist has 30 seconds left.\n|inactive|TheRealWristTwist has 20 seconds left.\n|\n|t:|1776545473\n|switch|p2a: Incineroar|Incineroar, L50, F|100/100\n|-ability|p2a: Incineroar|Intimidate|boost\n|-fail|p1a: Crabominable|unboost|Attack|[from] ability: Hyper Cutter|[of] p1a: Crabominable\n|-unboost|p1b: Kingambit|atk|1\n|-ability|p1b: Kingambit|Defiant|boost\n|-boost|p1b: Kingambit|atk|2\n|detailschange|p2b: Aggron|Aggron-Mega, L50, F\n|-mega|p2b: Aggron|Aggron|Aggronite\n|detailschange|p1a: Crabominable|Crabominable-Mega, L50, F\n|-mega|p1a: Crabominable|Crabominable|Crabominite\n|move|p1b: Kingambit|Low Kick|p2b: Aggron\n|-supereffective|p2b: Aggron|1\n|-damage|p2b: Aggron|52/100\n|move|p2b: Aggron|Iron Defense|p2b: Aggron\n|-boost|p2b: Aggron|def|2\n|move|p1a: Crabominable|Drain Punch|p2b: Aggron\n|-supereffective|p2b: Aggron|1\n|-damage|p2b: Aggron|27/100\n|\n|upkeep\n|turn|2\n|inactive|skarmoryplays has 30 seconds left.\n|inactive|TheRealWristTwist has 30 seconds left.\n|inactive|skarmoryplays has 20 seconds left.\n|inactive|TheRealWristTwist has 20 seconds left.\n|\n|t:|1776545515\n|move|p2a: Incineroar|Fake Out|p1b: Kingambit\n|-resisted|p1b: Kingambit|1\n|-damage|p1b: Kingambit|97/100\n|cant|p1b: Kingambit|flinch\n|move|p2b: Aggron|Body Press|p1b: Kingambit\n|-supereffective|p1b: Kingambit|2\n|-damage|p1b: Kingambit|0 fnt\n|faint|p1b: Kingambit\n|move|p1a: Crabominable|Drain Punch|p2b: Aggron\n|-supereffective|p2b: Aggron|1\n|-damage|p2b: Aggron|4/100\n|\n|upkeep\n|\n|t:|1776545522\n|switch|p1b: Incineroar|Incineroar, L50, F|100/100\n|-ability|p1b: Incineroar|Intimidate|boost\n|-unboost|p2a: Incineroar|atk|1\n|-unboost|p2b: Aggron|atk|1\n|turn|3\n|inactive|TheRealWristTwist has 30 seconds left.\n|\n|t:|1776545552\n|switch|p2a: Gengar|Gengar, L50, M|100/100\n|switch|p2b: Farigiraf|Farigiraf, L50, F|100/100\n|move|p1b: Incineroar|Fake Out||[still]\n|cant|p2b: Farigiraf|ability: Armor Tail|Fake Out|[of] p1b: Incineroar\n|move|p1a: Crabominable|Drain Punch|p2a: Gengar\n|-immune|p2a: Gengar\n|\n|upkeep\n|turn|4\n|inactive|TheRealWristTwist has 30 seconds left.\n|inactive|TheRealWristTwist has 20 seconds left.\n|inactive|TheRealWristTwist has 15 seconds left.\n|\n|t:|1776545596\n|move|p2a: Gengar|Sludge Bomb|p1a: Crabominable\n|-damage|p1a: Crabominable|62/100\n|-status|p1a: Crabominable|psn\n|move|p1b: Incineroar|Throat Chop|p2b: Farigiraf\n|-supereffective|p2b: Farigiraf|1\n|-damage|p2b: Farigiraf|40/100\n|-start|p2b: Farigiraf|Throat Chop|[silent]\n|move|p2b: Farigiraf|Psychic|p1a: Crabominable\n|-supereffective|p1a: Crabominable|1\n|-damage|p1a: Crabominable|6/100 psn\n|move|p1a: Crabominable|Ice Hammer|p2a: Gengar\n|-damage|p2a: Gengar|0 fnt\n|-unboost|p1a: Crabominable|spe|1\n|faint|p2a: Gengar\n|\n|-damage|p1a: Crabominable|0 fnt|[from] psn\n|faint|p1a: Crabominable\n|upkeep\n|\n|t:|1776545614\n|switch|p2a: Incineroar|Incineroar, L50, F|100/100\n|switch|p1a: Primarina|Primarina, L50, M|100/100\n|-ability|p2a: Incineroar|Intimidate|boost\n|-unboost|p1a: Primarina|atk|1\n|-unboost|p1b: Incineroar|atk|1\n|turn|5\n|\n|t:|1776545625\n|move|p1a: Primarina|Protect|p1a: Primarina\n|-singleturn|p1a: Primarina|Protect\n|move|p1b: Incineroar|Protect|p1b: Incineroar\n|-singleturn|p1b: Incineroar|Protect\n|move|p2a: Incineroar|Fake Out|p1b: Incineroar\n|-activate|p1b: Incineroar|move: Protect\n|move|p2b: Farigiraf|Trick Room|p2b: Farigiraf\n|-fieldstart|move: Trick Room|[of] p2b: Farigiraf\n|\n|-end|p2b: Farigiraf|Throat Chop|[silent]\n|upkeep\n|turn|6\n|inactive|TheRealWristTwist has 30 seconds left.\n|inactive|TheRealWristTwist has 20 seconds left.\n|inactive|TheRealWristTwist has 15 seconds left.\n|inactive|TheRealWristTwist has 10 seconds left.\n|inactive|TheRealWristTwist has 5 seconds left.\n|\n|t:|1776545681\n|move|p2a: Incineroar|Fake Out||[still]\n|-hint|Fake Out only works on your first turn out.\n|-fail|p2a: Incineroar\n|move|p1b: Incineroar|Throat Chop|p2b: Farigiraf\n|-supereffective|p2b: Farigiraf|1\n|-damage|p2b: Farigiraf|5/100\n|-start|p2b: Farigiraf|Throat Chop|[silent]\n|move|p1a: Primarina|Hyper Voice|p2b: Farigiraf|[spread] p2a,p2b\n|-supereffective|p2a: Incineroar|1\n|-damage|p2a: Incineroar|37/100\n|-damage|p2b: Farigiraf|0 fnt\n|-enditem|p2a: Incineroar|Sitrus Berry|[eat]\n|-heal|p2a: Incineroar|62/100|[from] item: Sitrus Berry\n|faint|p2b: Farigiraf\n|\n|upkeep\n|\n|t:|1776545691\n|switch|p2b: Aggron|Aggron-Mega, L50, F|4/100\n|turn|7\n|\n|t:|1776545702\n|move|p2b: Aggron|Heavy Slam|p1a: Primarina\n|-damage|p1a: Primarina|33/100\n|move|p2a: Incineroar|Parting Shot|p1b: Incineroar\n|-unboost|p1b: Incineroar|atk|1\n|-unboost|p1b: Incineroar|spa|1\n|move|p1b: Incineroar|Throat Chop|p2b: Aggron\n|-damage|p2b: Aggron|0 fnt\n|faint|p2b: Aggron\n|move|p1a: Primarina|Hyper Voice|p2a: Incineroar\n|-supereffective|p2a: Incineroar|1\n|-damage|p2a: Incineroar|0 fnt\n|faint|p2a: Incineroar\n|\n|win|skarmoryplays\n|raw|skarmoryplays's rating: 1091 &rarr; <strong>1119</strong><br />(+28 for winning)\n|raw|TheRealWristTwist's rating: 1118 &rarr; <strong>1091</strong><br />(-27 for losing)\n",
  "uploadtime": 1776545708,
  "views": 17,
  "formatid": "gen9championsvgc2026regma",
  "rating": 1091,
  "private": 0,
  "password": null
}