{
  "id": "gen9championsvgc2026regma-2586199522",
  "format": "[Gen 9 Champions] VGC 2026 Reg M-A",
  "players": [
    "nnam1410",
    "mithology2467"
  ],
  "log": "|j|\u2606nnam1410\n|j|\u2606mithology2467\n|t:|1776411515\n|gametype|doubles\n|player|p1|nnam1410|2|1115\n|player|p2|mithology2467|caitlin|1181\n|gen|9\n|tier|[Gen 9 Champions] VGC 2026 Reg M-A\n|rated|\n|rule|Species Clause: Limit one of each Pok\u00e9mon\n|rule|Item Clause: Limit 1 of each item\n|clearpoke\n|poke|p1|Charizard, L50, F|\n|poke|p1|Whimsicott, L50, F|\n|poke|p1|Meganium, L50, M|\n|poke|p1|Garchomp, L50, M|\n|poke|p1|Talonflame, L50, M|\n|poke|p1|Araquanid, L50, M|\n|poke|p2|Drampa, L50, F|\n|poke|p2|Alakazam, L50, M|\n|poke|p2|Sinistcha, L50|\n|poke|p2|Gallade, L50, M|\n|poke|p2|Lucario, L50, M|\n|poke|p2|Sableye, L50, F|\n|teampreview|4\n|inactive|Battle timer is ON: inactive players will automatically lose when time's up. (requested by nnam1410)\n|inactive|nnam1410 has 60 seconds left.\n|inactive|mithology2467 has 60 seconds left.\n|\n|t:|1776411555\n|teamsize|p1|4\n|teamsize|p2|4\n|start\n|switch|p1a: Charizard|Charizard, L50, F|100/100\n|switch|p1b: Whimsicott|Whimsicott, L50, F|100/100\n|switch|p2a: Lucario|Lucario, L50, M|100/100\n|switch|p2b: Sableye|Sableye, L50, F|100/100\n|turn|1\n|\n|t:|1776411579\n|move|p1a: Charizard|Protect|p1a: Charizard\n|-singleturn|p1a: Charizard|Protect\n|move|p2a: Lucario|Protect|p2a: Lucario\n|-singleturn|p2a: Lucario|Protect\n|move|p1b: Whimsicott|Tailwind|p1b: Whimsicott\n|-sidestart|p1: nnam1410|move: Tailwind\n|move|p2b: Sableye|Taunt|p1b: Whimsicott\n|-start|p1b: Whimsicott|move: Taunt\n|-enditem|p1b: Whimsicott|Mental Herb\n|-end|p1b: Whimsicott|move: Taunt\n|\n|upkeep\n|turn|2\n|inactive|nnam1410 has 30 seconds left.\n|\n|t:|1776411608\n|switch|p2a: Gallade|Gallade, L50, M|100/100\n|detailschange|p1a: Charizard|Charizard-Mega-X, L50, F\n|-mega|p1a: Charizard|Charizard|Charizardite X\n|move|p2b: Sableye|Encore|p1b: Whimsicott\n|-start|p1b: Whimsicott|Encore\n|move|p1b: Whimsicott|Tailwind||[still]\n|-fail|p1b: Whimsicott\n|move|p1a: Charizard|Flare Blitz|p2a: Gallade\n|-damage|p2a: Gallade|0 fnt\n|faint|p2a: Gallade\n|-damage|p1a: Charizard|70/100|[from] Recoil\n|\n|upkeep\n|\n|t:|1776411623\n|switch|p2a: Drampa|Drampa, L50, F|100/100\n|-ability|p2a: Drampa|Cloud Nine\n|turn|3\n|\n|t:|1776411646\n|switch|p1b: Talonflame|Talonflame, L50, M|100/100\n|detailschange|p2a: Drampa|Drampa-Mega, L50, F\n|-mega|p2a: Drampa|Drampa|Drampanite\n|move|p2b: Sableye|Encore|p1a: Charizard\n|-start|p1a: Charizard|Encore\n|move|p1a: Charizard|Flare Blitz|p2b: Sableye\n|-damage|p2b: Sableye|14/100\n|-enditem|p2b: Sableye|Sitrus Berry|[eat]\n|-heal|p2b: Sableye|39/100|[from] item: Sitrus Berry\n|-damage|p1a: Charizard|40/100|[from] Recoil\n|move|p2a: Drampa|Hyper Voice|p1a: Charizard|[spread] p1a,p1b\n|-damage|p1a: Charizard|0 fnt\n|-damage|p1b: Talonflame|39/100\n|faint|p1a: Charizard\n|\n|upkeep\n|\n|t:|1776411668\n|switch|p1a: Garchomp|Garchomp, L50, M|100/100\n|turn|4\n|inactive|mithology2467 has 30 seconds left.\n|\n|t:|1776411703\n|move|p2a: Drampa|Protect|p2a: Drampa\n|-singleturn|p2a: Drampa|Protect\n|move|p2b: Sableye|Recover|p2b: Sableye\n|-heal|p2b: Sableye|89/100\n|move|p1a: Garchomp|Dragon Claw|p2a: Drampa\n|-activate|p2a: Drampa|move: Protect\n|move|p1b: Talonflame|Dual Wingbeat|p2a: Drampa\n|-activate|p2a: Drampa|move: Protect\n|\n|-sideend|p1: nnam1410|move: Tailwind\n|upkeep\n|turn|5\n|\n|t:|1776411724\n|move|p2b: Sableye|Disable|p1a: Garchomp\n|-start|p1a: Garchomp|Disable|Dragon Claw\n|cant|p1a: Garchomp|Disable|Dragon Claw\n|move|p1b: Talonflame|Dual Wingbeat|p2a: Drampa\n|-damage|p2a: Drampa|89/100\n|-damage|p2a: Drampa|77/100\n|-hitcount|p2a: Drampa|2\n|move|p2a: Drampa|Ice Beam|p1a: Garchomp\n|-supereffective|p1a: Garchomp|2\n|-damage|p1a: Garchomp|0 fnt\n|faint|p1a: Garchomp\n|\n|upkeep\n|-message|nnam1410 forfeited.\n|\n|win|mithology2467\n|raw|nnam1410's rating: 1115 &rarr; <strong>1095</strong><br />(-20 for losing)\n|raw|mithology2467's rating: 1181 &rarr; <strong>1201</strong><br />(+20 for winning)\n|l|\u2606nnam1410\n|player|p1|\n",
  "uploadtime": 1776411746,
  "views": 18,
  "formatid": "gen9championsvgc2026regma",
  "rating": 1095,
  "private": 0,
  "password": null
}