{
  "id": "gen9championsvgc2026regma-2581144856",
  "format": "[Gen 9 Champions] VGC 2026 Reg M-A",
  "players": [
    "xraywyvern",
    "JasmineThia"
  ],
  "log": "|j|\u2606xraywyvern\n|j|\u2606JasmineThia\n|t:|1775964202\n|gametype|doubles\n|player|p1|xraywyvern|265|1135\n|player|p2|JasmineThia|selene-masters2|1220\n|gen|9\n|tier|[Gen 9 Champions] VGC 2026 Reg M-A\n|rated|\n|rule|Species Clause: Limit one of each Pok\u00e9mon\n|rule|Item Clause: Limit 1 of each item\n|clearpoke\n|poke|p1|Kingambit, L50, M|\n|poke|p1|Garchomp, L50, F|\n|poke|p1|Delphox, L50, M|\n|poke|p1|Incineroar, L50, F|\n|poke|p1|Sneasler, L50, F|\n|poke|p1|Floette-Eternal, L50, F|\n|poke|p2|Meowscarada, L50, M|\n|poke|p2|Kommo-o, L50, F|\n|poke|p2|Rotom-Wash, L50|\n|poke|p2|Gengar, L50, F|\n|poke|p2|Whimsicott, L50, F|\n|poke|p2|Arcanine-Hisui, L50, F|\n|teampreview|4\n|inactive|Battle timer is ON: inactive players will automatically lose when time's up. (requested by JasmineThia)\n|inactive|JasmineThia has 60 seconds left.\n|\n|t:|1775964240\n|teamsize|p1|4\n|teamsize|p2|4\n|start\n|switch|p1a: Kingambit|Kingambit, L50, M, shiny|100/100\n|switch|p1b: Delphox|Delphox, L50, M, shiny|100/100\n|switch|p2a: Whimsicott|Whimsicott, L50, F|100/100\n|switch|p2b: Meowscarada|Meowscarada, L50, M|100/100\n|turn|1\n|l|\u2606JasmineThia\n|inactive|JasmineThia disconnected and has a minute to reconnect!\n|player|p2|\n|inactive|xraywyvern has 30 seconds left.\n|\n|t:|1775964269\n|move|p1b: Delphox|Protect|p1b: Delphox\n|-singleturn|p1b: Delphox|Protect\n|move|p2a: Whimsicott|Tailwind|p2a: Whimsicott\n|-sidestart|p2: JasmineThia|move: Tailwind\n|move|p2b: Meowscarada|Knock Off|p1b: Delphox\n|-activate|p1b: Delphox|move: Protect\n|move|p1a: Kingambit|Low Kick|p2b: Meowscarada\n|-supereffective|p2b: Meowscarada|1\n|-damage|p2b: Meowscarada|28/100\n|\n|upkeep\n|turn|2\n|inactive|JasmineThia has 30 seconds left.\n|j|\u2606JasmineThia\n|inactive|JasmineThia reconnected and has 30 seconds left.\n|player|p2|JasmineThia|selene-masters2|\n|inactive|JasmineThia has 20 seconds left.\n|inactive|JasmineThia has 15 seconds left.\n|\n|t:|1775964310\n|switch|p2b: Kommo-o|Kommo-o, L50, F|100/100\n|switch|p1b: Incineroar|Incineroar, L50, F|100/100\n|-ability|p1b: Incineroar|Intimidate|boost\n|-unboost|p2a: Whimsicott|atk|1\n|-unboost|p2b: Kommo-o|atk|1\n|move|p2a: Whimsicott|Encore|p1b: Incineroar\n|-hint|Since gen 7, Dark is immune to Prankster moves.\n|-immune|p1b: Incineroar\n|move|p1a: Kingambit|Low Kick|p2b: Kommo-o\n|-damage|p2b: Kommo-o|76/100\n|\n|-heal|p2b: Kommo-o|82/100|[from] item: Leftovers\n|upkeep\n|turn|3\n|inactive|xraywyvern has 30 seconds left.\n|inactive|xraywyvern has 20 seconds left.\n|inactive|xraywyvern has 15 seconds left.\n|\n|t:|1775964352\n|switch|p1a: Delphox|Delphox, L50, M, shiny|100/100\n|move|p1b: Incineroar|Fake Out|p2b: Kommo-o\n|-damage|p2b: Kommo-o|74/100\n|move|p2a: Whimsicott|Light Screen|p2a: Whimsicott\n|-sidestart|p2: JasmineThia|move: Light Screen\n|cant|p2b: Kommo-o|flinch\n|\n|-heal|p2b: Kommo-o|80/100|[from] item: Leftovers\n|upkeep\n|turn|4\n|\n|t:|1775964368\n|switch|p2b: Meowscarada|Meowscarada, L50, M|28/100\n|detailschange|p1a: Delphox|Delphox-Mega, L50, M, shiny\n|-mega|p1a: Delphox|Delphox|Delphoxite\n|move|p2a: Whimsicott|Moonblast|p1a: Delphox\n|-resisted|p1a: Delphox|1\n|-damage|p1a: Delphox|83/100\n|move|p1a: Delphox|Psychic|p2b: Meowscarada\n|-immune|p2b: Meowscarada\n|move|p1b: Incineroar|Parting Shot|p2b: Meowscarada\n|-unboost|p2b: Meowscarada|atk|1\n|-unboost|p2b: Meowscarada|spa|1\n|\n|t:|1775964380\n|switch|p1b: Sneasler|Sneasler, L50, F, shiny|100/100|[from] Parting Shot\n|\n|-sideend|p2: JasmineThia|move: Tailwind\n|upkeep\n|turn|5\n|\n|t:|1775964400\n|move|p2b: Meowscarada|Protect|p2b: Meowscarada\n|-singleturn|p2b: Meowscarada|Protect\n|move|p1b: Sneasler|Fake Out|p2b: Meowscarada\n|-activate|p2b: Meowscarada|move: Protect\n|move|p2a: Whimsicott|Encore|p1a: Delphox\n|-start|p1a: Delphox|Encore\n|move|p1a: Delphox|Psychic|p2b: Meowscarada\n|-activate|p2b: Meowscarada|move: Protect\n|\n|upkeep\n|turn|6\n|\n|t:|1775964414\n|switch|p1a: Incineroar|Incineroar, L50, F|100/100\n|-ability|p1a: Incineroar|Intimidate|boost\n|-unboost|p2a: Whimsicott|atk|1\n|-unboost|p2b: Meowscarada|atk|1\n|switch|p2b: Kommo-o|Kommo-o, L50, F|80/100\n|move|p2a: Whimsicott|Encore|p1b: Sneasler\n|-start|p1b: Sneasler|Encore\n|move|p1b: Sneasler|Fake Out||[still]\n|-hint|Fake Out only works on your first turn out.\n|-fail|p1b: Sneasler\n|\n|-heal|p2b: Kommo-o|86/100|[from] item: Leftovers\n|upkeep\n|turn|7\n|\n|t:|1775964430\n|switch|p1b: Delphox|Delphox-Mega, L50, M, shiny|83/100\n|move|p1a: Incineroar|Fake Out|p2a: Whimsicott\n|-damage|p2a: Whimsicott|85/100\n|cant|p2a: Whimsicott|flinch\n|move|p2b: Kommo-o|Iron Defense|p2b: Kommo-o\n|-boost|p2b: Kommo-o|def|2\n|\n|-heal|p2b: Kommo-o|93/100|[from] item: Leftovers\n|-sideend|p2: JasmineThia|move: Light Screen\n|upkeep\n|turn|8\n|\n|t:|1775964449\n|switch|p1a: Sneasler|Sneasler, L50, F, shiny|100/100\n|move|p2a: Whimsicott|Light Screen|p2a: Whimsicott\n|-sidestart|p2: JasmineThia|move: Light Screen\n|move|p1b: Delphox|Psychic|p2b: Kommo-o\n|-supereffective|p2b: Kommo-o|1\n|-damage|p2b: Kommo-o|29/100\n|move|p2b: Kommo-o|Body Press|p1a: Sneasler\n|-resisted|p1a: Sneasler|1\n|-damage|p1a: Sneasler|43/100\n|\n|-heal|p2b: Kommo-o|35/100|[from] item: Leftovers\n|upkeep\n|turn|9\n|\n|t:|1775964464\n|move|p2b: Kommo-o|Protect|p2b: Kommo-o\n|-singleturn|p2b: Kommo-o|Protect\n|move|p2a: Whimsicott|Tailwind|p2a: Whimsicott\n|-sidestart|p2: JasmineThia|move: Tailwind\n|move|p1b: Delphox|Psychic|p2b: Kommo-o\n|-activate|p2b: Kommo-o|move: Protect\n|move|p1a: Sneasler|Dire Claw|p2a: Whimsicott\n|-supereffective|p2a: Whimsicott|2\n|-damage|p2a: Whimsicott|0 fnt\n|faint|p2a: Whimsicott\n|\n|-heal|p2b: Kommo-o|41/100|[from] item: Leftovers\n|upkeep\n|\n|t:|1775964467\n|switch|p2a: Gengar|Gengar, L50, F|100/100\n|turn|10\n|\n|t:|1775964482\n|detailschange|p2a: Gengar|Gengar-Mega, L50, F\n|-mega|p2a: Gengar|Gengar|Gengarite\n|move|p2a: Gengar|Disable|p1b: Delphox\n|-start|p1b: Delphox|Disable|Psychic\n|move|p2b: Kommo-o|Body Press|p1a: Sneasler\n|-resisted|p1a: Sneasler|1\n|-damage|p1a: Sneasler|0 fnt\n|faint|p1a: Sneasler\n|cant|p1b: Delphox|Disable|Psychic\n|\n|-heal|p2b: Kommo-o|47/100|[from] item: Leftovers\n|upkeep\n|\n|t:|1775964492\n|switch|p1a: Incineroar|Incineroar, L50, F|100/100\n|-ability|p1a: Incineroar|Intimidate|boost\n|-unboost|p2a: Gengar|atk|1\n|-unboost|p2b: Kommo-o|atk|1\n|turn|11\n|\n|t:|1775964500\n|move|p2a: Gengar|Sludge Bomb|p1b: Delphox\n|-damage|p1b: Delphox|33/100\n|move|p2b: Kommo-o|Body Press|p1a: Incineroar\n|-supereffective|p1a: Incineroar|1\n|-damage|p1a: Incineroar|0 fnt\n|faint|p1a: Incineroar\n|move|p1b: Delphox|Heat Wave|p2a: Gengar|[spread] p2a,p2b\n|-resisted|p2b: Kommo-o|1\n|-damage|p2a: Gengar|63/100\n|-damage|p2b: Kommo-o|35/100\n|\n|-heal|p2b: Kommo-o|41/100|[from] item: Leftovers\n|upkeep\n|\n|t:|1775964511\n|switch|p1a: Kingambit|Kingambit, L50, M, shiny|100/100\n|turn|12\n|\n|t:|1775964524\n|move|p1b: Delphox|Protect|p1b: Delphox\n|-singleturn|p1b: Delphox|Protect\n|move|p1a: Kingambit|Sucker Punch||[still]\n|-fail|p1a: Kingambit\n|move|p2a: Gengar|Disable|p1a: Kingambit\n|-start|p1a: Kingambit|Disable|Sucker Punch\n|move|p2b: Kommo-o|Body Press|p1a: Kingambit\n|-supereffective|p1a: Kingambit|2\n|-enditem|p1a: Kingambit|Chople Berry|[eat]\n|-enditem|p1a: Kingambit|Chople Berry|[weaken]\n|-damage|p1a: Kingambit|7/100\n|\n|-heal|p2b: Kommo-o|47/100|[from] item: Leftovers\n|-sideend|p2: JasmineThia|move: Light Screen\n|-sideend|p2: JasmineThia|move: Tailwind\n|upkeep\n|turn|13\n|\n|t:|1775964543\n|move|p1a: Kingambit|Protect|p1a: Kingambit\n|-singleturn|p1a: Kingambit|Protect\n|move|p1b: Delphox|Heat Wave|p2a: Gengar|[spread] p2a,p2b\n|-resisted|p2b: Kommo-o|1\n|-damage|p2a: Gengar|13/100\n|-damage|p2b: Kommo-o|30/100\n|move|p2a: Gengar|Hex|p1b: Delphox\n|-supereffective|p1b: Delphox|1\n|-damage|p1b: Delphox|0 fnt\n|faint|p1b: Delphox\n|move|p2b: Kommo-o|Body Press|p1a: Kingambit\n|-activate|p1a: Kingambit|move: Protect\n|\n|-heal|p2b: Kommo-o|36/100|[from] item: Leftovers\n|upkeep\n|turn|14\n|\n|t:|1775964557\n|move|p2a: Gengar|Hex|p1a: Kingambit\n|-resisted|p1a: Kingambit|1\n|-damage|p1a: Kingambit|0 fnt\n|faint|p1a: Kingambit\n|\n|win|JasmineThia\n|raw|xraywyvern's rating: 1135 &rarr; <strong>1116</strong><br />(-19 for losing)\n|raw|JasmineThia's rating: 1220 &rarr; <strong>1239</strong><br />(+19 for winning)\n|l|\u2606xraywyvern\n|player|p1|\n",
  "uploadtime": 1775964574,
  "views": 28,
  "formatid": "gen9championsvgc2026regma",
  "rating": 1116,
  "private": 0,
  "password": null
}