{
  "id": "gen9championsvgc2026regma-2583131144",
  "format": "[Gen 9 Champions] VGC 2026 Reg M-A",
  "players": [
    "meyownaze2",
    "dkapflzksh"
  ],
  "log": "|j|\u2606meyownaze2\n|j|\u2606dkapflzksh\n|t:|1776145755\n|gametype|doubles\n|player|p1|meyownaze2|preschooler|1290\n|player|p2|dkapflzksh|scientist-gen4dp|1402\n|gen|9\n|tier|[Gen 9 Champions] VGC 2026 Reg M-A\n|rated|\n|rule|Species Clause: Limit one of each Pok\u00e9mon\n|rule|Item Clause: Limit 1 of each item\n|clearpoke\n|poke|p1|Pelipper, L50, F|\n|poke|p1|Archaludon, L50, M|\n|poke|p1|Meganium, L50, F|\n|poke|p1|Basculegion, L50, M|\n|poke|p1|Sableye, L50, M|\n|poke|p1|Dragonite, L50, F|\n|poke|p2|Pelipper, L50, M|\n|poke|p2|Basculegion, L50, M|\n|poke|p2|Dragonite, L50, F|\n|poke|p2|Archaludon, L50, M|\n|poke|p2|Sableye, L50, M|\n|poke|p2|Incineroar, L50, M|\n|teampreview|4\n|inactive|Battle timer is ON: inactive players will automatically lose when time's up. (requested by meyownaze2)\n|\n|t:|1776145771\n|teamsize|p1|4\n|teamsize|p2|4\n|start\n|switch|p1a: Toilet|Pelipper, L50, F|100/100\n|switch|p1b: Bridge mf|Archaludon, L50, M, shiny|100/100\n|switch|p2a: Sableye|Sableye, L50, M|100/100\n|switch|p2b: Dragonite|Dragonite, L50, F, shiny|100/100\n|-weather|RainDance|[from] ability: Drizzle|[of] p1a: Toilet\n|turn|1\n|inactive|meyownaze2 has 30 seconds left.\n|inactive|meyownaze2 has 20 seconds left.\n|\n|t:|1776145808\n|detailschange|p2b: Dragonite|Dragonite-Mega, L50, F, shiny\n|-mega|p2b: Dragonite|Dragonite|Dragoninite\n|move|p2a: Sableye|Thunder Wave|p1b: Bridge mf\n|-status|p1b: Bridge mf|par\n|move|p2b: Dragonite|Thunder|p1a: Toilet\n|-supereffective|p1a: Toilet|2\n|-enditem|p1a: Toilet|Focus Sash\n|-damage|p1a: Toilet|1/100\n|-status|p1a: Toilet|par\n|move|p1b: Bridge mf|Electro Shot||[still]\n|-prepare|p1b: Bridge mf|Electro Shot\n|-boost|p1b: Bridge mf|spa|1\n|-anim|p1b: Bridge mf|Electro Shot|p2b: Dragonite\n|-damage|p2b: Dragonite|73/100\n|move|p1a: Toilet|Tailwind|p1a: Toilet\n|-sidestart|p1: meyownaze2|move: Tailwind\n|\n|-weather|RainDance|[upkeep]\n|upkeep\n|turn|2\n|\n|t:|1776145829\n|switch|p1a: I\u2019m gonna mega|Meganium, L50, F|100/100\n|move|p2a: Sableye|Disable|p1b: Bridge mf\n|-start|p1b: Bridge mf|Disable|Electro Shot\n|move|p2b: Dragonite|Hurricane|p1a: I\u2019m gonna mega\n|-supereffective|p1a: I\u2019m gonna mega|1\n|-damage|p1a: I\u2019m gonna mega|0 fnt\n|faint|p1a: I\u2019m gonna mega\n|move|p1b: Bridge mf|Dragon Pulse|p2b: Dragonite\n|-supereffective|p2b: Dragonite|1\n|-damage|p2b: Dragonite|0 fnt\n|faint|p2b: Dragonite\n|\n|-weather|RainDance|[upkeep]\n|upkeep\n|\n|t:|1776145843\n|switch|p2b: Archaludon|Archaludon, L50, M, shiny|100/100\n|switch|p1a: Aqua jet bot|Basculegion, L50, M, shiny|100/100\n|turn|3\n|\n|t:|1776145861\n|move|p2a: Sableye|Disable||[still]\n|-fail|p2a: Sableye\n|move|p1a: Aqua jet bot|Wave Crash|p2a: Sableye\n|-damage|p2a: Sableye|0 fnt\n|faint|p2a: Sableye\n|-damage|p1a: Aqua jet bot|77/100|[from] Recoil\n|move|p1b: Bridge mf|Aura Sphere|p2b: Archaludon\n|-supereffective|p2b: Archaludon|1\n|-damage|p2b: Archaludon|25/100\n|-ability|p2b: Archaludon|Stamina|boost\n|-boost|p2b: Archaludon|def|1\n|move|p2b: Archaludon|Electro Shot||[still]\n|-prepare|p2b: Archaludon|Electro Shot\n|-boost|p2b: Archaludon|spa|1\n|-anim|p2b: Archaludon|Electro Shot|p1a: Aqua jet bot\n|-supereffective|p1a: Aqua jet bot|1\n|-damage|p1a: Aqua jet bot|0 fnt\n|faint|p1a: Aqua jet bot\n|\n|-weather|RainDance|[upkeep]\n|-heal|p2b: Archaludon|32/100|[from] item: Leftovers\n|upkeep\n|\n|t:|1776145879\n|switch|p1a: Toilet|Pelipper, L50, F|1/100 par\n|switch|p2a: Basculegion|Basculegion, L50, M, shiny|100/100\n|turn|4\n|\n|t:|1776145899\n|move|p2b: Archaludon|Protect|p2b: Archaludon\n|-singleturn|p2b: Archaludon|Protect\n|move|p2a: Basculegion|Last Respects|p1a: Toilet\n|-damage|p1a: Toilet|0 fnt\n|faint|p1a: Toilet\n|move|p1b: Bridge mf|Aura Sphere|p2b: Archaludon\n|-activate|p2b: Archaludon|move: Protect\n|\n|-weather|RainDance|[upkeep]\n|-heal|p2b: Archaludon|38/100|[from] item: Leftovers\n|-sideend|p1: meyownaze2|move: Tailwind\n|upkeep\n|turn|5\n|inactive|dkapflzksh has 30 seconds left.\n|\n|t:|1776145925\n|move|p2a: Basculegion|Last Respects|p1b: Bridge mf\n|-damage|p1b: Bridge mf|41/100 par\n|-ability|p1b: Bridge mf|Stamina|boost\n|-boost|p1b: Bridge mf|def|1\n|move|p2b: Archaludon|Dragon Pulse|p1b: Bridge mf\n|-damage|p1b: Bridge mf|0 fnt\n|faint|p1b: Bridge mf\n|\n|win|dkapflzksh\n|raw|meyownaze2's rating: 1290 &rarr; <strong>1273</strong><br />(-17 for losing)\n|raw|dkapflzksh's rating: 1402 &rarr; <strong>1416</strong><br />(+14 for winning)\n",
  "uploadtime": 1776145925,
  "views": 37,
  "formatid": "gen9championsvgc2026regma",
  "rating": 1273,
  "private": 0,
  "password": null
}