{
  "id": "gen9championsvgc2026regma-2584532085",
  "format": "[Gen 9 Champions] VGC 2026 Reg M-A",
  "players": [
    "gio279",
    "TytaniumV"
  ],
  "log": "|j|\u2606gio279\n|j|\u2606TytaniumV\n|t:|1776267005\n|gametype|doubles\n|player|p1|gio279|170|1238\n|player|p2|TytaniumV|cyclist-gen4|1314\n|gen|9\n|tier|[Gen 9 Champions] VGC 2026 Reg M-A\n|rated|\n|rule|Species Clause: Limit one of each Pok\u00e9mon\n|rule|Item Clause: Limit 1 of each item\n|clearpoke\n|poke|p1|Arcanine, L50, F|\n|poke|p1|Dragapult, L50, M|\n|poke|p1|Corviknight, L50, M|\n|poke|p1|Lucario, L50, M|\n|poke|p1|Sableye, L50, F|\n|poke|p1|Basculegion, L50, M|\n|poke|p2|Garchomp, L50, M|\n|poke|p2|Rotom-Wash, L50|\n|poke|p2|Delphox, L50, F|\n|poke|p2|Orthworm, L50, M|\n|poke|p2|Tyranitar, L50, M|\n|poke|p2|Aerodactyl, L50, M|\n|teampreview|4\n|inactive|Battle timer is ON: inactive players will automatically lose when time's up. (requested by gio279)\n|inactive|TytaniumV has 60 seconds left.\n|inactive|TytaniumV has 30 seconds left.\n|inactive|TytaniumV has 20 seconds left.\n|inactive|TytaniumV has 15 seconds left.\n|inactive|TytaniumV has 10 seconds left.\n|\n|t:|1776267113\n|teamsize|p1|4\n|teamsize|p2|4\n|start\n|switch|p1a: Dragapult|Dragapult, L50, M|100/100\n|switch|p1b: Sableye|Sableye, L50, F|100/100\n|switch|p2a: Aerodactyl|Aerodactyl, L50, M|100/100\n|switch|p2b: Delphox|Delphox, L50, F|100/100\n|-ability|p2a: Aerodactyl|Unnerve\n|turn|1\n|\n|t:|1776267131\n|move|p2a: Aerodactyl|Protect|p2a: Aerodactyl\n|-singleturn|p2a: Aerodactyl|Protect\n|move|p2b: Delphox|Protect|p2b: Delphox\n|-singleturn|p2b: Delphox|Protect\n|move|p1b: Sableye|Light Screen|p1b: Sableye\n|-sidestart|p1: gio279|move: Light Screen\n|move|p1a: Dragapult|Substitute|p1a: Dragapult\n|-start|p1a: Dragapult|Substitute\n|-damage|p1a: Dragapult|76/100\n|\n|upkeep\n|turn|2\n|\n|t:|1776267153\n|detailschange|p2b: Delphox|Delphox-Mega, L50, F\n|-mega|p2b: Delphox|Delphox|Delphoxite\n|move|p1b: Sableye|Encore|p2a: Aerodactyl\n|-start|p2a: Aerodactyl|Encore\n|move|p2a: Aerodactyl|Protect||[still]\n|-fail|p2a: Aerodactyl\n|move|p1a: Dragapult|Shadow Ball|p2b: Delphox\n|-supereffective|p2b: Delphox|1\n|-crit|p2b: Delphox\n|-damage|p2b: Delphox|0 fnt\n|faint|p2b: Delphox\n|\n|upkeep\n|\n|t:|1776267162\n|switch|p2b: Tyranitar|Tyranitar, L50, M|100/100\n|-weather|Sandstorm|[from] ability: Sand Stream|[of] p2b: Tyranitar\n|turn|3\n|\n|t:|1776267179\n|switch|p2a: Garchomp|Garchomp, L50, M|100/100\n|switch|p1b: Lucario|Lucario, L50, M|100/100\n|move|p1a: Dragapult|Shadow Ball|p2a: Garchomp\n|-damage|p2a: Garchomp|62/100\n|move|p2b: Tyranitar|Rock Slide|p1a: Dragapult|[spread] p1a\n|-miss|p2b: Tyranitar|p1b: Lucario\n|-end|p1a: Dragapult|Substitute\n|\n|-weather|Sandstorm|[upkeep]\n|-damage|p1a: Dragapult|70/100|[from] Sandstorm\n|upkeep\n|turn|4\n|\n|t:|1776267198\n|switch|p2b: Aerodactyl|Aerodactyl, L50, M|100/100\n|-ability|p2b: Aerodactyl|Unnerve\n|detailschange|p1b: Lucario|Lucario-Mega, L50, M\n|-mega|p1b: Lucario|Lucario|Lucarionite\n|move|p2a: Garchomp|Earthquake|p1a: Dragapult|[spread] p1a,p1b\n|-immune|p2b: Aerodactyl\n|-supereffective|p1b: Lucario|1\n|-damage|p1a: Dragapult|19/100\n|-damage|p1b: Lucario|0 fnt\n|faint|p1b: Lucario\n|move|p1a: Dragapult|Draco Meteor|p2a: Garchomp|[miss]\n|-miss|p1a: Dragapult|p2a: Garchomp\n|\n|-weather|Sandstorm|[upkeep]\n|-damage|p1a: Dragapult|13/100|[from] Sandstorm\n|upkeep\n|\n|t:|1776267216\n|switch|p1b: Sableye|Sableye, L50, F|100/100\n|turn|5\n|\n|t:|1776267233\n|switch|p2a: Tyranitar|Tyranitar, L50, M|100/100\n|move|p1b: Sableye|Disable|p2a: Tyranitar\n|-hint|Since gen 7, Dark is immune to Prankster moves.\n|-immune|p2a: Tyranitar\n|move|p1a: Dragapult|Draco Meteor|p2b: Aerodactyl\n|-damage|p2b: Aerodactyl|36/100\n|-unboost|p1a: Dragapult|spa|2\n|move|p2b: Aerodactyl|Rock Slide|p1b: Sableye|[spread] p1a,p1b\n|-damage|p1a: Dragapult|0 fnt\n|-damage|p1b: Sableye|67/100\n|faint|p1a: Dragapult\n|\n|-weather|Sandstorm|[upkeep]\n|-damage|p1b: Sableye|62/100|[from] Sandstorm\n|-sideend|p1: gio279|move: Light Screen\n|upkeep\n|\n|t:|1776267251\n|switch|p1a: Basculegion|Basculegion, L50, M|100/100\n|turn|6\n|inactive|TytaniumV has 30 seconds left.\n|\n|t:|1776267281\n|move|p1b: Sableye|Disable|p2b: Aerodactyl\n|-start|p2b: Aerodactyl|Disable|Rock Slide\n|move|p1a: Basculegion|Wave Crash|p2a: Tyranitar\n|-supereffective|p2a: Tyranitar|1\n|-damage|p2a: Tyranitar|10/100\n|-damage|p1a: Basculegion|70/100|[from] Recoil\n|move|p2b: Aerodactyl|Tailwind|p2b: Aerodactyl\n|-sidestart|p2: TytaniumV|move: Tailwind\n|move|p2a: Tyranitar|Knock Off|p1a: Basculegion\n|-supereffective|p1a: Basculegion|1\n|-damage|p1a: Basculegion|0 fnt\n|-enditem|p1a: Basculegion|Choice Scarf|[from] move: Knock Off|[of] p2a: Tyranitar\n|faint|p1a: Basculegion\n|\n|-weather|Sandstorm|[upkeep]\n|-damage|p1b: Sableye|56/100|[from] Sandstorm\n|upkeep\n|turn|7\n|-message|gio279 forfeited.\n|\n|win|TytaniumV\n|raw|gio279's rating: 1238 &rarr; <strong>1218</strong><br />(-20 for losing)\n|raw|TytaniumV's rating: 1314 &rarr; <strong>1330</strong><br />(+16 for winning)\n|l|\u2606gio279\n|player|p1|\n",
  "uploadtime": 1776267299,
  "views": 28,
  "formatid": "gen9championsvgc2026regma",
  "rating": 1218,
  "private": 0,
  "password": null
}