{
  "id": "gen9championsvgc2026regma-2580598004",
  "format": "[Gen 9 Champions] VGC 2026 Reg M-A",
  "players": [
    "vicThor99",
    "Leu_vgc"
  ],
  "log": "|j|\u2606vicThor99\n|j|\u2606Leu_vgc\n|t:|1775916702\n|gametype|doubles\n|player|p1|vicThor99|benga|1040\n|player|p2|Leu_vgc|acetrainer|1000\n|gen|9\n|tier|[Gen 9 Champions] VGC 2026 Reg M-A\n|rated|\n|rule|Species Clause: Limit one of each Pok\u00e9mon\n|rule|Item Clause: Limit 1 of each item\n|clearpoke\n|poke|p1|Charizard, L50, M|\n|poke|p1|Venusaur, L50, F|\n|poke|p1|Lucario, L50, F|\n|poke|p1|Dragapult, L50, F|\n|poke|p1|Umbreon, L50, M|\n|poke|p1|Mudsdale, L50, M|\n|poke|p2|Tyranitar, L50, F|\n|poke|p2|Excadrill, L50, F|\n|poke|p2|Incineroar, L50, F|\n|poke|p2|Milotic, L50, F|\n|poke|p2|Rotom-Mow, L50|\n|poke|p2|Farigiraf, L50, M|\n|teampreview|4\n|\n|t:|1775916730\n|teamsize|p1|4\n|teamsize|p2|4\n|start\n|switch|p1a: Charizard|Charizard, L50, M|100/100\n|switch|p1b: Venusaur|Venusaur, L50, F|100/100\n|switch|p2a: Excadrill|Excadrill, L50, F|100/100\n|switch|p2b: Tyranitar|Tyranitar, L50, F|100/100\n|-weather|Sandstorm|[from] ability: Sand Stream|[of] p2b: Tyranitar\n|turn|1\n|\n|t:|1775916759\n|detailschange|p1a: Charizard|Charizard-Mega-Y, L50, M\n|-mega|p1a: Charizard|Charizard|Charizardite Y\n|-weather|SunnyDay|[from] ability: Drought|[of] p1a: Charizard\n|detailschange|p2b: Tyranitar|Tyranitar-Mega, L50, F\n|-mega|p2b: Tyranitar|Tyranitar|Tyranitarite\n|-weather|Sandstorm|[from] ability: Sand Stream|[of] p2b: Tyranitar\n|move|p2a: Excadrill|Rock Slide|p1a: Charizard|[spread] p1a,p1b\n|-supereffective|p1a: Charizard|2\n|-damage|p1a: Charizard|3/100\n|-damage|p1b: Venusaur|72/100\n|move|p1a: Charizard|Flamethrower|p2a: Excadrill\n|-supereffective|p2a: Excadrill|1\n|-enditem|p2a: Excadrill|Focus Sash\n|-damage|p2a: Excadrill|1/100\n|cant|p1b: Venusaur|flinch\n|move|p2b: Tyranitar|Rock Slide|p1a: Charizard|[spread] p1a,p1b\n|-supereffective|p1a: Charizard|2\n|-damage|p1a: Charizard|0 fnt\n|-damage|p1b: Venusaur|23/100\n|faint|p1a: Charizard\n|\n|-weather|Sandstorm|[upkeep]\n|-damage|p1b: Venusaur|17/100|[from] Sandstorm\n|upkeep\n|\n|t:|1775916785\n|switch|p1a: Mudsdale|Mudsdale, L50, M|100/100\n|turn|2\n|\n|t:|1775916806\n|move|p2a: Excadrill|Iron Head|p1b: Venusaur\n|-damage|p1b: Venusaur|0 fnt\n|faint|p1b: Venusaur\n|move|p2b: Tyranitar|Knock Off|p1a: Mudsdale\n|-damage|p1a: Mudsdale|47/100\n|-ability|p1a: Mudsdale|Stamina|boost\n|-boost|p1a: Mudsdale|def|1\n|-enditem|p1a: Mudsdale|Leftovers|[from] move: Knock Off|[of] p2b: Tyranitar\n|move|p1a: Mudsdale|Heavy Slam|p2b: Tyranitar\n|-supereffective|p2b: Tyranitar|1\n|-damage|p2b: Tyranitar|62/100\n|\n|-weather|Sandstorm|[upkeep]\n|upkeep\n|\n|t:|1775916819\n|switch|p1b: Dragapult|Dragapult, L50, F|100/100\n|turn|3\n|\n|t:|1775916826\n|move|p2a: Excadrill|Iron Head|p1b: Dragapult\n|-damage|p1b: Dragapult|31/100\n|move|p1b: Dragapult|Phantom Force||[still]\n|-prepare|p1b: Dragapult|Phantom Force\n|move|p2b: Tyranitar|Knock Off|p1b: Dragapult|[miss]\n|-miss|p2b: Tyranitar|p1b: Dragapult\n|move|p1a: Mudsdale|Earthquake|p2a: Excadrill|[spread] p2a,p2b\n|-miss|p1a: Mudsdale|p1b: Dragapult\n|-supereffective|p2a: Excadrill|1\n|-supereffective|p2b: Tyranitar|1\n|-damage|p2a: Excadrill|0 fnt\n|-damage|p2b: Tyranitar|12/100\n|faint|p2a: Excadrill\n|\n|-weather|Sandstorm|[upkeep]\n|-damage|p1b: Dragapult|25/100|[from] Sandstorm\n|upkeep\n|\n|t:|1775916836\n|switch|p2a: Incineroar|Incineroar, L50, F|100/100\n|-ability|p2a: Incineroar|Intimidate|boost\n|-unboost|p1a: Mudsdale|atk|1\n|-unboost|p1b: Dragapult|atk|1\n|turn|4\n|\n|t:|1775916851\n|move|p1b: Dragapult|Phantom Force|p2a: Incineroar|[from] lockedmove\n|-resisted|p2a: Incineroar|1\n|-damage|p2a: Incineroar|88/100\n|move|p2b: Tyranitar|Knock Off|p1b: Dragapult\n|-supereffective|p1b: Dragapult|1\n|-damage|p1b: Dragapult|0 fnt\n|-enditem|p1b: Dragapult|Dragon Fang|[from] move: Knock Off|[of] p2b: Tyranitar\n|faint|p1b: Dragapult\n|move|p2a: Incineroar|Will-O-Wisp|p1a: Mudsdale\n|-status|p1a: Mudsdale|brn\n|move|p1a: Mudsdale|Earthquake|p2b: Tyranitar|[spread] p2a,p2b\n|-supereffective|p2a: Incineroar|1\n|-supereffective|p2b: Tyranitar|1\n|-damage|p2a: Incineroar|69/100\n|-damage|p2b: Tyranitar|0 fnt\n|faint|p2b: Tyranitar\n|\n|-weather|Sandstorm|[upkeep]\n|-damage|p2a: Incineroar|63/100|[from] Sandstorm\n|-damage|p1a: Mudsdale|41/100 brn|[from] brn\n|upkeep\n|\n|t:|1775916861\n|switch|p2b: Milotic|Milotic, L50, F|100/100\n|turn|5\n|c|\u2606Leu_vgc|gg wp\n|\n|t:|1775916873\n|move|p2b: Milotic|Scald|p1a: Mudsdale\n|-supereffective|p1a: Mudsdale|1\n|-damage|p1a: Mudsdale|0 fnt\n|faint|p1a: Mudsdale\n|\n|win|Leu_vgc\n|raw|vicThor99's rating: 1040 &rarr; <strong>1022</strong><br />(-18 for losing)\n|raw|Leu_vgc's rating: 1000 &rarr; <strong>1045</strong><br />(+45 for winning)\n",
  "uploadtime": 1775916875,
  "views": 33,
  "formatid": "gen9championsvgc2026regma",
  "rating": 1022,
  "private": 0,
  "password": null
}