{
  "id": "gen9championsvgc2026regma-2581976369",
  "format": "[Gen 9 Champions] VGC 2026 Reg M-A",
  "players": [
    "CoffeeMoffee",
    "swadooo"
  ],
  "log": "|j|\u2606CoffeeMoffee\n|j|\u2606swadooo\n|t:|1776044890\n|gametype|doubles\n|player|p1|CoffeeMoffee|scientist|1069\n|player|p2|swadooo|lady-gen4|1054\n|gen|9\n|tier|[Gen 9 Champions] VGC 2026 Reg M-A\n|rated|\n|rule|Species Clause: Limit one of each Pok\u00e9mon\n|rule|Item Clause: Limit 1 of each item\n|clearpoke\n|poke|p1|Floette-Eternal, L50, F|\n|poke|p1|Talonflame, L50, F|\n|poke|p1|Garchomp, L50, F|\n|poke|p1|Rotom-Wash, L50|\n|poke|p1|Sinistcha, L50|\n|poke|p1|Aegislash, L50, M|\n|poke|p2|Floette-Eternal, L50, F|\n|poke|p2|Incineroar, L50, M|\n|poke|p2|Garchomp, L50, M|\n|poke|p2|Aerodactyl, L50, M|\n|poke|p2|Delphox, L50, F|\n|poke|p2|Sinistcha, L50|\n|teampreview|4\n|inactive|Battle timer is ON: inactive players will automatically lose when time's up. (requested by CoffeeMoffee)\n|inactive|swadooo also wants the timer to be on.\n|inactive|CoffeeMoffee has 60 seconds left.\n|inactive|swadooo has 60 seconds left.\n|\n|t:|1776044924\n|teamsize|p1|4\n|teamsize|p2|4\n|start\n|switch|p1a: Talonflame|Talonflame, L50, F, shiny|100/100\n|switch|p1b: Aegislash|Aegislash, L50, M, shiny|100/100\n|switch|p2a: 1 champ|Floette-Eternal, L50, F, shiny|100/100\n|switch|p2b: Aerodactyl|Aerodactyl, L50, M|100/100\n|-ability|p2b: Aerodactyl|Unnerve\n|turn|1\n|\n|t:|1776044946\n|switch|p2a: Eq|Garchomp, L50, M|100/100\n|move|p1b: Aegislash|King's Shield|p1b: Aegislash\n|-singleturn|p1b: Aegislash|Protect\n|move|p1a: Talonflame|Tailwind|p1a: Talonflame\n|-sidestart|p1: CoffeeMoffee|move: Tailwind\n|move|p2b: Aerodactyl|Tailwind|p2b: Aerodactyl\n|-sidestart|p2: swadooo|move: Tailwind\n|\n|upkeep\n|turn|2\n|\n|t:|1776044971\n|switch|p1a: Rotom|Rotom-Wash, L50, shiny|100/100\n|move|p1b: Aegislash|Wide Guard|p1b: Aegislash\n|-singleturn|p1b: Aegislash|Wide Guard\n|move|p2b: Aerodactyl|Rock Slide|p1a: Rotom|[spread] \n|-activate|p1a: Rotom|move: Wide Guard\n|-activate|p1b: Aegislash|move: Wide Guard\n|move|p2a: Eq|Earthquake|p1b: Aegislash|[spread] \n|-activate|p1a: Rotom|move: Wide Guard\n|-activate|p1b: Aegislash|move: Wide Guard\n|-immune|p2b: Aerodactyl\n|\n|upkeep\n|turn|3\n|inactive|CoffeeMoffee has 30 seconds left.\n|inactive|swadooo has 30 seconds left.\n|inactive|CoffeeMoffee has 20 seconds left.\n|\n|t:|1776045008\n|switch|p2b: 1 champ|Floette-Eternal, L50, F, shiny|100/100\n|switch|p1b: Talonflame|Talonflame, L50, F, shiny|100/100\n|move|p2a: Eq|Dragon Claw|p1a: Rotom\n|-damage|p1a: Rotom|64/100\n|move|p1a: Rotom|Will-O-Wisp|p2a: Eq\n|-status|p2a: Eq|brn\n|\n|-damage|p2a: Eq|94/100 brn|[from] brn\n|upkeep\n|turn|4\n|inactive|CoffeeMoffee has 30 seconds left.\n|inactive|CoffeeMoffee has 20 seconds left.\n|inactive|CoffeeMoffee has 15 seconds left.\n|\n|t:|1776045048\n|switch|p2a: Aerodactyl|Aerodactyl, L50, M|100/100\n|-ability|p2a: Aerodactyl|Unnerve\n|detailschange|p2b: 1 champ|Floette-Mega, L50, F, shiny\n|-mega|p2b: 1 champ|Floette|Floettite\n|-ability|p2b: 1 champ|Fairy Aura\n|move|p1b: Talonflame|Flare Blitz|p2b: 1 champ\n|-damage|p2b: 1 champ|43/100\n|-damage|p1b: Talonflame|82/100|[from] Recoil\n|move|p2b: 1 champ|Moonblast|p1a: Rotom\n|-damage|p1a: Rotom|0 fnt\n|faint|p1a: Rotom\n|\n|-sideend|p1: CoffeeMoffee|move: Tailwind\n|-sideend|p2: swadooo|move: Tailwind\n|upkeep\n|\n|t:|1776045068\n|switch|p1a: Aegislash|Aegislash, L50, M, shiny|100/100\n|turn|5\n|\n|t:|1776045086\n|move|p1b: Talonflame|Protect|p1b: Talonflame\n|-singleturn|p1b: Talonflame|Protect\n|move|p2b: 1 champ|Protect|p2b: 1 champ\n|-singleturn|p2b: 1 champ|Protect\n|move|p2a: Aerodactyl|Tailwind|p2a: Aerodactyl\n|-sidestart|p2: swadooo|move: Tailwind\n|-formechange|p1a: Aegislash|Aegislash-Blade|\n|move|p1a: Aegislash|Flash Cannon|p2a: Aerodactyl\n|-supereffective|p2a: Aerodactyl|1\n|-enditem|p2a: Aerodactyl|Focus Sash\n|-damage|p2a: Aerodactyl|1/100\n|\n|upkeep\n|turn|6\n|inactive|CoffeeMoffee has 30 seconds left.\n|inactive|CoffeeMoffee has 20 seconds left.\n|\n|t:|1776045125\n|move|p1a: Aegislash|Wide Guard|p1a: Aegislash\n|-singleturn|p1a: Aegislash|Wide Guard\n|move|p2a: Aerodactyl|Rock Slide|p1b: Talonflame|[spread] \n|-activate|p1a: Aegislash|move: Wide Guard\n|-activate|p1b: Talonflame|move: Wide Guard\n|move|p2b: 1 champ|Light of Ruin|p1a: Aegislash\n|-resisted|p1a: Aegislash|1\n|-damage|p1a: Aegislash|8/100\n|-damage|p2b: 1 champ|0 fnt|[from] Recoil\n|faint|p2b: 1 champ\n|move|p1b: Talonflame|Flare Blitz|p2a: Aerodactyl\n|-resisted|p2a: Aerodactyl|1\n|-damage|p2a: Aerodactyl|0 fnt\n|faint|p2a: Aerodactyl\n|-damage|p1b: Talonflame|82/100|[from] Recoil\n|\n|-heal|p1a: Aegislash|14/100|[from] item: Leftovers\n|upkeep\n|\n|t:|1776045140\n|switch|p2a: Eq|Garchomp, L50, M|94/100 brn\n|switch|p2b: Sinistcha|Sinistcha, L50|100/100\n|-heal|p2a: Eq|100/100 brn|[from] ability: Hospitality|[of] p2b: Sinistcha\n|turn|7\n|inactive|swadooo has 30 seconds left.\n|\n|t:|1776045166\n|move|p1b: Talonflame|Protect|p1b: Talonflame\n|-singleturn|p1b: Talonflame|Protect\n|-formechange|p1a: Aegislash|Aegislash|\n|move|p1a: Aegislash|King's Shield||[still]\n|-fail|p1a: Aegislash\n|move|p2a: Eq|Dragon Claw|p1a: Aegislash\n|-resisted|p1a: Aegislash|1\n|-damage|p1a: Aegislash|6/100\n|move|p2b: Sinistcha|Strength Sap|p1b: Talonflame\n|-activate|p1b: Talonflame|move: Protect\n|\n|-heal|p1a: Aegislash|12/100|[from] item: Leftovers\n|-damage|p2a: Eq|94/100 brn|[from] brn\n|upkeep\n|turn|8\n|inactive|CoffeeMoffee has 30 seconds left.\n|\n|t:|1776045196\n|move|p1a: Aegislash|King's Shield|p1a: Aegislash\n|-singleturn|p1a: Aegislash|Protect\n|move|p2a: Eq|Dragon Claw|p1a: Aegislash\n|-activate|p1a: Aegislash|move: Protect\n|-unboost|p2a: Eq|atk|1\n|move|p1b: Talonflame|Tailwind|p1b: Talonflame\n|-sidestart|p1: CoffeeMoffee|move: Tailwind\n|move|p2b: Sinistcha|Matcha Gotcha|p1b: Talonflame|[spread] p1b\n|-activate|p1a: Aegislash|move: Protect\n|-resisted|p1b: Talonflame|2\n|-damage|p1b: Talonflame|72/100\n|\n|-heal|p1a: Aegislash|18/100|[from] item: Leftovers\n|-damage|p2a: Eq|88/100 brn|[from] brn\n|-sideend|p2: swadooo|move: Tailwind\n|upkeep\n|turn|9\n|\n|t:|1776045219\n|move|p1b: Talonflame|Flare Blitz|p2b: Sinistcha\n|-supereffective|p2b: Sinistcha|1\n|-damage|p2b: Sinistcha|33/100\n|-status|p2b: Sinistcha|brn\n|-damage|p1b: Talonflame|46/100|[from] Recoil\n|move|p2a: Eq|Earthquake|p1b: Talonflame|[spread] p2b,p1a\n|-immune|p1b: Talonflame\n|-resisted|p2b: Sinistcha|1\n|-supereffective|p1a: Aegislash|1\n|-damage|p2b: Sinistcha|28/100 brn\n|-damage|p1a: Aegislash|0 fnt\n|faint|p1a: Aegislash\n|move|p2b: Sinistcha|Matcha Gotcha|p1b: Talonflame\n|-resisted|p1b: Talonflame|2\n|-damage|p1b: Talonflame|35/100\n|-heal|p2b: Sinistcha|33/100 brn|[from] drain|[of] p1b: Talonflame\n|\n|-damage|p2a: Eq|82/100 brn|[from] brn\n|-damage|p2b: Sinistcha|27/100 brn|[from] brn\n|upkeep\n|\n|t:|1776045229\n|switch|p1a: Floette|Floette-Eternal, L50, F|100/100\n|turn|10\n|inactive|swadooo has 30 seconds left.\n|\n|t:|1776045254\n|detailschange|p1a: Floette|Floette-Mega, L50, F\n|-mega|p1a: Floette|Floette|Floettite\n|-ability|p1a: Floette|Fairy Aura\n|move|p1b: Talonflame|Flare Blitz|p2b: Sinistcha\n|-supereffective|p2b: Sinistcha|1\n|-damage|p2b: Sinistcha|0 fnt\n|faint|p2b: Sinistcha\n|-damage|p1b: Talonflame|24/100|[from] Recoil\n|move|p1a: Floette|Dazzling Gleam|p2a: Eq\n|-supereffective|p2a: Eq|1\n|-damage|p2a: Eq|0 fnt\n|faint|p2a: Eq\n|\n|win|CoffeeMoffee\n|raw|CoffeeMoffee's rating: 1069 &rarr; <strong>1097</strong><br />(+28 for winning)\n|raw|swadooo's rating: 1054 &rarr; <strong>1037</strong><br />(-17 for losing)\n|l|\u2606swadooo\n|player|p2|\n|c|\u2606CoffeeMoffee|gg\n",
  "uploadtime": 1776045272,
  "views": 20,
  "formatid": "gen9championsvgc2026regma",
  "rating": 1037,
  "private": 0,
  "password": null
}