{
  "id": "gen9championsvgc2026regma-2582415527",
  "format": "[Gen 9 Champions] VGC 2026 Reg M-A",
  "players": [
    "renjiNL",
    "kqami"
  ],
  "log": "|j|\u2606renjiNL\n|j|\u2606kqami\n|t:|1776090208\n|gametype|doubles\n|player|p1|renjiNL|266|1057\n|player|p2|kqami|steven|1102\n|gen|9\n|tier|[Gen 9 Champions] VGC 2026 Reg M-A\n|rated|\n|rule|Species Clause: Limit one of each Pok\u00e9mon\n|rule|Item Clause: Limit 1 of each item\n|clearpoke\n|poke|p1|Blastoise, L50, F|\n|poke|p1|Clawitzer, L50, M|\n|poke|p1|Whimsicott, L50, F|\n|poke|p1|Heliolisk, L50, F|\n|poke|p1|Lucario, L50, M|\n|poke|p1|Meowstic, L50, M|\n|poke|p2|Whimsicott, L50, F|\n|poke|p2|Sneasler, L50, M|\n|poke|p2|Greninja-*, L50, M|\n|poke|p2|Dragonite, L50, M|\n|poke|p2|Incineroar, L50, M|\n|poke|p2|Pelipper, L50, M|\n|teampreview|4\n|inactive|Battle timer is ON: inactive players will automatically lose when time's up. (requested by kqami)\n|inactive|kqami has 60 seconds left.\n|\n|t:|1776090243\n|teamsize|p1|4\n|teamsize|p2|4\n|start\n|switch|p1a: Lucario|Lucario, L50, M|100/100\n|switch|p1b: Whimsicott|Whimsicott, L50, F|100/100\n|switch|p2a: Sneasler|Sneasler, L50, M|100/100\n|switch|p2b: Dragonite|Dragonite, L50, M|100/100\n|turn|1\n|inactive|renjiNL has 30 seconds left.\n|inactive|kqami has 30 seconds left.\n|\n|t:|1776090271\n|detailschange|p1a: Lucario|Lucario-Mega, L50, M\n|-mega|p1a: Lucario|Lucario|Lucarionite\n|move|p2a: Sneasler|Fake Out|p1b: Whimsicott\n|-damage|p1b: Whimsicott|89/100\n|move|p2b: Dragonite|Extreme Speed|p1b: Whimsicott\n|-damage|p1b: Whimsicott|64/100\n|cant|p1b: Whimsicott|flinch\n|move|p1a: Lucario|Terrain Pulse|p2a: Sneasler\n|-damage|p2a: Sneasler|70/100\n|\n|upkeep\n|turn|2\n|\n|t:|1776090294\n|move|p1b: Whimsicott|Misty Terrain|p1b: Whimsicott\n|-fieldstart|move: Misty Terrain\n|move|p2a: Sneasler|Dire Claw|p1b: Whimsicott\n|-supereffective|p1b: Whimsicott|2\n|-damage|p1b: Whimsicott|0 fnt\n|faint|p1b: Whimsicott\n|move|p1a: Lucario|Terrain Pulse|p2a: Sneasler\n|-damage|p2a: Sneasler|19/100\n|move|p2b: Dragonite|Dragon Claw|p1a: Lucario\n|-resisted|p1a: Lucario|1\n|-crit|p1a: Lucario\n|-damage|p1a: Lucario|74/100\n|\n|upkeep\n|\n|t:|1776090304\n|switch|p1b: Blastoise|Blastoise, L50, F|100/100\n|turn|3\n|\n|t:|1776090323\n|move|p1b: Blastoise|Fake Out|p2a: Sneasler\n|-damage|p2a: Sneasler|4/100\n|cant|p2a: Sneasler|flinch\n|move|p1a: Lucario|Terrain Pulse|p2b: Dragonite\n|-supereffective|p2b: Dragonite|1\n|-damage|p2b: Dragonite|54/100\n|move|p2b: Dragonite|Dragon Dance|p2b: Dragonite\n|-boost|p2b: Dragonite|atk|1\n|-boost|p2b: Dragonite|spe|1\n|\n|upkeep\n|turn|4\n|\n|t:|1776090341\n|move|p1a: Lucario|Extreme Speed|p2a: Sneasler\n|-damage|p2a: Sneasler|0 fnt\n|faint|p2a: Sneasler\n|move|p2b: Dragonite|Dragon Claw|p1b: Blastoise\n|-damage|p1b: Blastoise|59/100\n|move|p1b: Blastoise|Terrain Pulse|p2b: Dragonite\n|-supereffective|p2b: Dragonite|1\n|-damage|p2b: Dragonite|0 fnt\n|faint|p2b: Dragonite\n|\n|upkeep\n|\n|t:|1776090350\n|switch|p2a: Whimsicott|Whimsicott, L50, F, shiny|100/100\n|switch|p2b: Greninja|Greninja, L50, M|100/100\n|turn|5\n|inactive|kqami has 30 seconds left.\n|inactive|kqami has 20 seconds left.\n|inactive|kqami has 15 seconds left.\n|\n|t:|1776090391\n|detailschange|p2b: Greninja|Greninja-Mega, L50, M\n|-mega|p2b: Greninja|Greninja|Greninjite\n|move|p2a: Whimsicott|Encore|p1a: Lucario\n|-start|p1a: Lucario|Encore\n|move|p1a: Lucario|Extreme Speed|p2b: Greninja\n|-damage|p2b: Greninja|66/100\n|move|p2b: Greninja|Surf|p1a: Lucario|[spread] p2a,p1a,p1b\n|-start|p2b: Greninja|typechange|Water|[from] ability: Protean\n|-resisted|p2a: Whimsicott|1\n|-resisted|p1b: Blastoise|1\n|-damage|p2a: Whimsicott|75/100\n|-damage|p1a: Lucario|16/100\n|-damage|p1b: Blastoise|41/100\n|move|p1b: Blastoise|Terrain Pulse|p2b: Greninja\n|-damage|p2b: Greninja|26/100\n|\n|-heal|p2a: Whimsicott|81/100|[from] item: Leftovers\n|upkeep\n|turn|6\n|inactive|renjiNL has 30 seconds left.\n|inactive|kqami has 30 seconds left.\n|inactive|kqami has 20 seconds left.\n|\n|t:|1776090427\n|move|p2b: Greninja|Protect|p2b: Greninja\n|-singleturn|p2b: Greninja|Protect\n|move|p1a: Lucario|Extreme Speed|p2b: Greninja\n|-activate|p2b: Greninja|move: Protect\n|move|p2a: Whimsicott|Moonblast|p1a: Lucario\n|-damage|p1a: Lucario|0 fnt\n|faint|p1a: Lucario\n|move|p1b: Blastoise|Terrain Pulse|p2a: Whimsicott\n|-damage|p2a: Whimsicott|44/100\n|\n|-heal|p2a: Whimsicott|50/100|[from] item: Leftovers\n|-fieldend|Misty Terrain\n|upkeep\n|\n|t:|1776090439\n|switch|p1a: Meowstic|Meowstic, L50, M|100/100\n|turn|7\n|inactive|kqami has 30 seconds left.\n|\n|t:|1776090466\n|move|p1a: Meowstic|Fake Out|p2b: Greninja\n|-damage|p2b: Greninja|17/100\n|move|p2a: Whimsicott|Tailwind|p2a: Whimsicott\n|-sidestart|p2: kqami|move: Tailwind\n|cant|p2b: Greninja|flinch\n|move|p1b: Blastoise|Aura Sphere|p2b: Greninja\n|-crit|p2b: Greninja\n|-damage|p2b: Greninja|0 fnt\n|faint|p2b: Greninja\n|\n|-heal|p2a: Whimsicott|56/100|[from] item: Leftovers\n|upkeep\n|turn|8\n|\n|t:|1776090480\n|move|p2a: Whimsicott|Encore|p1a: Meowstic|[miss]\n|-miss|p2a: Whimsicott|p1a: Meowstic\n|move|p1a: Meowstic|Psychic Terrain|p1a: Meowstic\n|-fieldstart|move: Psychic Terrain\n|move|p1b: Blastoise|Terrain Pulse|p2a: Whimsicott\n|-damage|p2a: Whimsicott|7/100\n|\n|-heal|p2a: Whimsicott|13/100|[from] item: Leftovers\n|upkeep\n|turn|9\n|-message|kqami forfeited.\n|\n|win|renjiNL\n|raw|renjiNL's rating: 1057 &rarr; <strong>1093</strong><br />(+36 for winning)\n|raw|kqami's rating: 1102 &rarr; <strong>1074</strong><br />(-28 for losing)\n|l|\u2606kqami\n|player|p2|\n",
  "uploadtime": 1776090491,
  "views": 16,
  "formatid": "gen9championsvgc2026regma",
  "rating": 1074,
  "private": 0,
  "password": null
}