{
  "id": "gen9championsvgc2026regma-2588432119",
  "format": "[Gen 9 Champions] VGC 2026 Reg M-A",
  "players": [
    "stargoggles",
    "dartfrog33"
  ],
  "log": "|j|\u2606stargoggles\n|j|\u2606dartfrog33\n|t:|1776633016\n|gametype|doubles\n|player|p1|stargoggles|102|1254\n|player|p2|dartfrog33|juggler|1331\n|gen|9\n|tier|[Gen 9 Champions] VGC 2026 Reg M-A\n|rated|\n|rule|Species Clause: Limit one of each Pok\u00e9mon\n|rule|Item Clause: Limit 1 of each item\n|clearpoke\n|poke|p1|Kangaskhan, L50, F|\n|poke|p1|Incineroar, L50, F|\n|poke|p1|Azumarill, L50, M, shiny|\n|poke|p1|Sinistcha, L50|\n|poke|p1|Dragapult, L50, M|\n|poke|p1|Glimmora, L50, F|\n|poke|p2|Floette-Eternal, L50, F, shiny|\n|poke|p2|Kingambit, L50, F, shiny|\n|poke|p2|Sneasler, L50, F, shiny|\n|poke|p2|Garchomp, L50, M, shiny|\n|poke|p2|Basculegion, L50, M, shiny|\n|poke|p2|Froslass, L50, F, shiny|\n|teampreview|4\n|inactive|Battle timer is ON: inactive players will automatically lose when time's up. (requested by stargoggles)\n|\n|t:|1776633052\n|teamsize|p1|4\n|teamsize|p2|4\n|start\n|switch|p1a: Kangaskhan|Kangaskhan, L50, F|100/100\n|switch|p1b: Dragapult|Dragapult, L50, M|100/100\n|switch|p2a: Basculegion|Basculegion, L50, M, shiny|100/100\n|switch|p2b: Sneasler|Sneasler, L50, F, shiny|100/100\n|turn|1\n|inactive|stargoggles has 30 seconds left.\n|inactive|dartfrog33 has 30 seconds left.\n|\n|t:|1776633087\n|move|p2b: Sneasler|Protect|p2b: Sneasler\n|-singleturn|p2b: Sneasler|Protect\n|move|p2a: Basculegion|Protect|p2a: Basculegion\n|-singleturn|p2a: Basculegion|Protect\n|move|p1a: Kangaskhan|Fake Out|p2b: Sneasler\n|-activate|p2b: Sneasler|move: Protect\n|move|p1b: Dragapult|Dragon Darts|p2b: Sneasler\n|-activate|p2a: Basculegion|move: Protect\n|\n|upkeep\n|turn|2\n|\n|t:|1776633101\n|detailschange|p1a: Kangaskhan|Kangaskhan-Mega, L50, F\n|-mega|p1a: Kangaskhan|Kangaskhan|Kangaskhanite\n|move|p1a: Kangaskhan|Sucker Punch|p2a: Basculegion\n|-supereffective|p2a: Basculegion|1\n|-damage|p2a: Basculegion|45/100\n|-enditem|p2a: Basculegion|Sitrus Berry|[eat]\n|-heal|p2a: Basculegion|69/100|[from] item: Sitrus Berry\n|-supereffective|p2a: Basculegion|1\n|-damage|p2a: Basculegion|57/100\n|-hitcount|p2a: Basculegion|2\n|move|p1b: Dragapult|Will-O-Wisp|p2b: Sneasler\n|-status|p2b: Sneasler|brn\n|move|p2b: Sneasler|Close Combat|p1a: Kangaskhan\n|-supereffective|p1a: Kangaskhan|1\n|-damage|p1a: Kangaskhan|38/100\n|-unboost|p2b: Sneasler|def|1\n|-unboost|p2b: Sneasler|spd|1\n|-status|p1a: Kangaskhan|psn|[from] ability: Poison Touch|[of] p2b: Sneasler\n|move|p2a: Basculegion|Last Respects|p1b: Dragapult\n|-supereffective|p1b: Dragapult|1\n|-damage|p1b: Dragapult|13/100\n|\n|-damage|p1a: Kangaskhan|25/100 psn|[from] psn\n|-damage|p2b: Sneasler|95/100 brn|[from] brn\n|upkeep\n|turn|3\n|inactive|stargoggles has 30 seconds left.\n|inactive|dartfrog33 has 30 seconds left.\n|inactive|stargoggles has 20 seconds left.\n|inactive|dartfrog33 has 20 seconds left.\n|inactive|stargoggles has 15 seconds left.\n|inactive|dartfrog33 has 15 seconds left.\n|\n|t:|1776633145\n|switch|p1a: Incineroar|Incineroar, L50, F|100/100\n|-ability|p1a: Incineroar|Intimidate|boost\n|-unboost|p2a: Basculegion|atk|1\n|-unboost|p2b: Sneasler|atk|1\n|move|p1b: Dragapult|Protect|p1b: Dragapult\n|-singleturn|p1b: Dragapult|Protect\n|move|p2a: Basculegion|Protect|p2a: Basculegion\n|-singleturn|p2a: Basculegion|Protect\n|move|p2b: Sneasler|Dire Claw|p1a: Incineroar\n|-crit|p1a: Incineroar\n|-damage|p1a: Incineroar|72/100\n|-status|p1a: Incineroar|psn\n|\n|-damage|p1a: Incineroar|60/100 psn|[from] psn\n|-damage|p2b: Sneasler|89/100 brn|[from] brn\n|upkeep\n|turn|4\n|\n|t:|1776633165\n|move|p1a: Incineroar|Fake Out|p2b: Sneasler\n|-damage|p2b: Sneasler|63/100 brn\n|move|p2a: Basculegion|Aqua Jet|p1b: Dragapult\n|-resisted|p1b: Dragapult|1\n|-damage|p1b: Dragapult|1/100\n|move|p1b: Dragapult|Phantom Force||[still]\n|-prepare|p1b: Dragapult|Phantom Force\n|cant|p2b: Sneasler|flinch\n|\n|-damage|p1a: Incineroar|48/100 psn|[from] psn\n|-damage|p2b: Sneasler|58/100 brn|[from] brn\n|upkeep\n|turn|5\n|\n|t:|1776633185\n|switch|p1a: Amarelorill|Azumarill, L50, M, shiny|100/100\n|move|p1b: Dragapult|Phantom Force|p2a: Basculegion|[from] lockedmove\n|-supereffective|p2a: Basculegion|1\n|-damage|p2a: Basculegion|0 fnt\n|faint|p2a: Basculegion\n|move|p2b: Sneasler|Close Combat|p1a: Amarelorill\n|-resisted|p1a: Amarelorill|1\n|-damage|p1a: Amarelorill|88/100\n|-unboost|p2b: Sneasler|def|1\n|-unboost|p2b: Sneasler|spd|1\n|\n|-damage|p2b: Sneasler|52/100 brn|[from] brn\n|upkeep\n|\n|t:|1776633199\n|switch|p2a: Floette|Floette-Eternal, L50, F, shiny|100/100\n|turn|6\n|\n|t:|1776633214\n|detailschange|p2a: Floette|Floette-Mega, L50, F, shiny\n|-mega|p2a: Floette|Floette|Floettite\n|-ability|p2a: Floette|Fairy Aura\n|move|p1b: Dragapult|Phantom Force||[still]\n|-prepare|p1b: Dragapult|Phantom Force\n|move|p2b: Sneasler|Dire Claw|p1a: Amarelorill\n|-supereffective|p1a: Amarelorill|1\n|-damage|p1a: Amarelorill|53/100\n|-status|p1a: Amarelorill|par\n|move|p2a: Floette|Dazzling Gleam|p1b: Dragapult|[spread] p1a\n|-miss|p2a: Floette|p1b: Dragapult\n|-damage|p1a: Amarelorill|2/100 par\n|-enditem|p1a: Amarelorill|Sitrus Berry|[eat]\n|-heal|p1a: Amarelorill|27/100 par|[from] item: Sitrus Berry\n|move|p1a: Amarelorill|Play Rough|p2a: Floette\n|-damage|p2a: Floette|3/100\n|\n|-damage|p2b: Sneasler|46/100 brn|[from] brn\n|upkeep\n|turn|7\n|inactive|dartfrog33 has 30 seconds left.\n|\n|t:|1776633244\n|move|p1a: Amarelorill|Aqua Jet|p2a: Floette\n|-damage|p2a: Floette|0 fnt\n|faint|p2a: Floette\n|move|p1b: Dragapult|Phantom Force|p2b: Sneasler|[from] lockedmove\n|-damage|p2b: Sneasler|0 fnt\n|faint|p2b: Sneasler\n|\n|upkeep\n|\n|t:|1776633252\n|switch|p2b: Kingambit|Kingambit, L50, F, shiny|100/100\n|turn|8\n|\n|t:|1776633259\n|move|p1a: Amarelorill|Protect|p1a: Amarelorill\n|-singleturn|p1a: Amarelorill|Protect\n|move|p2b: Kingambit|Sucker Punch||[still]\n|-fail|p2b: Kingambit\n|move|p1b: Dragapult|Will-O-Wisp|p2b: Kingambit|[miss]\n|-miss|p1b: Dragapult|p2b: Kingambit\n|\n|upkeep\n|turn|9\n|\n|t:|1776633279\n|move|p2b: Kingambit|Sucker Punch|p1a: Amarelorill\n|-resisted|p1a: Amarelorill|1\n|-damage|p1a: Amarelorill|6/100 par\n|move|p1b: Dragapult|Will-O-Wisp|p2b: Kingambit|[miss]\n|-miss|p1b: Dragapult|p2b: Kingambit\n|move|p1a: Amarelorill|Play Rough|p2b: Kingambit\n|-damage|p2b: Kingambit|56/100\n|\n|upkeep\n|turn|10\n|\n|t:|1776633288\n|move|p2b: Kingambit|Sucker Punch|p1a: Amarelorill\n|-resisted|p1a: Amarelorill|1\n|-damage|p1a: Amarelorill|0 fnt\n|faint|p1a: Amarelorill\n|move|p1b: Dragapult|Will-O-Wisp|p2b: Kingambit\n|-status|p2b: Kingambit|brn\n|\n|-damage|p2b: Kingambit|50/100 brn|[from] brn\n|upkeep\n|\n|t:|1776633291\n|switch|p1a: Kangaskhan|Kangaskhan-Mega, L50, F|25/100 psn\n|turn|11\n|\n|t:|1776633304\n|switch|p1b: Incineroar|Incineroar, L50, F|48/100 psn\n|-ability|p1b: Incineroar|Intimidate|boost\n|-unboost|p2b: Kingambit|atk|1\n|-ability|p2b: Kingambit|Defiant|boost\n|-boost|p2b: Kingambit|atk|2\n|move|p2b: Kingambit|Protect|p2b: Kingambit\n|-singleturn|p2b: Kingambit|Protect\n|move|p1a: Kangaskhan|Fake Out|p2b: Kingambit\n|-activate|p2b: Kingambit|move: Protect\n|\n|-damage|p1a: Kangaskhan|13/100 psn|[from] psn\n|-damage|p1b: Incineroar|35/100 psn|[from] psn\n|-damage|p2b: Kingambit|44/100 brn|[from] brn\n|upkeep\n|turn|12\n|\n|t:|1776633322\n|move|p1b: Incineroar|Fake Out|p2b: Kingambit\n|-resisted|p2b: Kingambit|1\n|-damage|p2b: Kingambit|40/100 brn\n|cant|p2b: Kingambit|flinch\n|move|p1a: Kangaskhan|Low Kick|p2b: Kingambit\n|-supereffective|p2b: Kingambit|2\n|-enditem|p2b: Kingambit|Chople Berry|[eat]\n|-enditem|p2b: Kingambit|Chople Berry|[weaken]\n|-damage|p2b: Kingambit|0 fnt\n|faint|p2b: Kingambit\n|-hitcount|p2: Kingambit|1\n|\n|win|stargoggles\n|raw|stargoggles's rating: 1254 &rarr; <strong>1284</strong><br />(+30 for winning)\n|raw|dartfrog33's rating: 1331 &rarr; <strong>1307</strong><br />(-24 for losing)\n|l|\u2606dartfrog33\n|player|p2|\n",
  "uploadtime": 1776633331,
  "views": 24,
  "formatid": "gen9championsvgc2026regma",
  "rating": 1284,
  "private": 0,
  "password": null
}