{
  "id": "gen9championsvgc2026regma-2586244716",
  "format": "[Gen 9 Champions] VGC 2026 Reg M-A",
  "players": [
    "binspndnmostalfe",
    "blibalala"
  ],
  "log": "|j|\u2606binspndnmostalfe\n|j|\u2606blibalala\n|t:|1776416716\n|gametype|doubles\n|player|p1|binspndnmostalfe|2|1069\n|player|p2|blibalala|169|1144\n|gen|9\n|tier|[Gen 9 Champions] VGC 2026 Reg M-A\n|rated|\n|rule|Species Clause: Limit one of each Pok\u00e9mon\n|rule|Item Clause: Limit 1 of each item\n|clearpoke\n|poke|p1|Crabominable, L50, M|\n|poke|p1|Slowking-Galar, L50, F|\n|poke|p1|Incineroar, L50, M|\n|poke|p1|Goodra-Hisui, L50, M|\n|poke|p1|Azumarill, L50, F|\n|poke|p1|Sinistcha-Masterpiece, L50|\n|poke|p2|Basculegion, L50, M|\n|poke|p2|Weavile, L50, F|\n|poke|p2|Delphox, L50, M|\n|poke|p2|Milotic, L50, M|\n|poke|p2|Garchomp, L50, F|\n|poke|p2|Whimsicott, L50, M|\n|teampreview|4\n|inactive|Battle timer is ON: inactive players will automatically lose when time's up. (requested by blibalala)\nblibalala rejected open team sheets.\n|inactive|binspndnmostalfe has 60 seconds left.\n|\n|t:|1776416780\n|teamsize|p1|4\n|teamsize|p2|4\n|start\n|switch|p1a: Incineroar|Incineroar, L50, M, shiny|100/100\n|switch|p1b: Slowking|Slowking-Galar, L50, F, shiny|100/100\n|switch|p2a: Weavile|Weavile, L50, F|100/100\n|switch|p2b: Milotic|Milotic, L50, M|100/100\n|-ability|p2a: Weavile|Pressure\n|-ability|p1a: Incineroar|Intimidate|boost\n|-unboost|p2a: Weavile|atk|1\n|-unboost|p2b: Milotic|atk|1\n|-ability|p2b: Milotic|Competitive|boost\n|-boost|p2b: Milotic|spa|2\n|turn|1\n|inactive|blibalala has 30 seconds left.\n|inactive|blibalala has 20 seconds left.\n|\n|t:|1776416817\n|move|p2a: Weavile|Fake Out|p1a: Incineroar\n|-damage|p1a: Incineroar|91/100\n|cant|p1a: Incineroar|flinch\n|move|p2b: Milotic|Scald|p1a: Incineroar\n|-supereffective|p1a: Incineroar|1\n|-damage|p1a: Incineroar|0 fnt\n|faint|p1a: Incineroar\n|move|p1b: Slowking|Trick Room|p1b: Slowking\n|-fieldstart|move: Trick Room|[of] p1b: Slowking\n|\n|upkeep\n|\n|t:|1776416826\n|switch|p1a: Crabominable|Crabominable, L50, M, shiny|100/100\n|turn|2\n|\n|t:|1776416836\n|detailschange|p1a: Crabominable|Crabominable-Mega, L50, M, shiny\n|-mega|p1a: Crabominable|Crabominable|Crabominite\n|-prepare|p1b: Slowking|Chilly Reception|[premajor]\n|move|p1b: Slowking|Chilly Reception|p1b: Slowking\n|-weather|Snowscape\n|\n|t:|1776416841\n|switch|p1b: Azumarill|Azumarill, L50, F|100/100|[from] Chilly Reception\n|move|p1a: Crabominable|Close Combat|p2b: Milotic\n|-damage|p2b: Milotic|0 fnt\n|-unboost|p1a: Crabominable|def|1\n|-unboost|p1a: Crabominable|spd|1\n|faint|p2b: Milotic\n|move|p2a: Weavile|Knock Off|p1b: Azumarill\n|-resisted|p1b: Azumarill|1\n|-damage|p1b: Azumarill|85/100\n|-enditem|p1b: Azumarill|Mystic Water|[from] move: Knock Off|[of] p2a: Weavile\n|\n|-weather|Snowscape|[upkeep]\n|upkeep\n|\n|t:|1776416855\n|switch|p2b: Basculegion|Basculegion, L50, M|100/100\n|turn|3\n|\n|t:|1776416873\n|move|p1a: Crabominable|Protect|p1a: Crabominable\n|-singleturn|p1a: Crabominable|Protect\n|move|p1b: Azumarill|Play Rough|p2b: Basculegion\n|-crit|p2b: Basculegion\n|-damage|p2b: Basculegion|0 fnt\n|faint|p2b: Basculegion\n|move|p2a: Weavile|Low Kick|p1a: Crabominable\n|-activate|p1a: Crabominable|move: Protect\n|\n|-weather|Snowscape|[upkeep]\n|upkeep\n|\n|t:|1776416884\n|switch|p2b: Delphox|Delphox, L50, M|100/100\n|turn|4\n|\n|t:|1776416894\n|detailschange|p2b: Delphox|Delphox-Mega, L50, M\n|-mega|p2b: Delphox|Delphox|Delphoxite\n|move|p1a: Crabominable|Crabhammer|p2b: Delphox\n|-supereffective|p2b: Delphox|1\n|-damage|p2b: Delphox|0 fnt\n|faint|p2b: Delphox\n|move|p1b: Azumarill|Play Rough|p2a: Weavile\n|-supereffective|p2a: Weavile|1\n|-enditem|p2a: Weavile|Focus Sash\n|-damage|p2a: Weavile|1/100\n|move|p2a: Weavile|Low Kick|p1a: Crabominable\n|-supereffective|p1a: Crabominable|1\n|-damage|p1a: Crabominable|61/100\n|\n|-weather|Snowscape|[upkeep]\n|upkeep\n|turn|5\n|-message|blibalala forfeited.\n|\n|win|binspndnmostalfe\n|raw|binspndnmostalfe's rating: 1069 &rarr; <strong>1105</strong><br />(+36 for winning)\n|raw|blibalala's rating: 1144 &rarr; <strong>1114</strong><br />(-30 for losing)\n|l|\u2606blibalala\n|player|p2|\n",
  "uploadtime": 1776416987,
  "views": 25,
  "formatid": "gen9championsvgc2026regma",
  "rating": 1105,
  "private": 0,
  "password": null
}