{
  "id": "gen9championsvgc2026regma-2588471095",
  "format": "[Gen 9 Champions] VGC 2026 Reg M-A",
  "players": [
    "lolnezan78",
    "Markiito18"
  ],
  "log": "|j|\u2606lolnezan78\n|j|\u2606Markiito18\n|t:|1776636455\n|gametype|doubles\n|player|p1|lolnezan78|brycen|1391\n|player|p2|Markiito18|rood|1399\n|gen|9\n|tier|[Gen 9 Champions] VGC 2026 Reg M-A\n|rated|\n|rule|Species Clause: Limit one of each Pok\u00e9mon\n|rule|Item Clause: Limit 1 of each item\n|clearpoke\n|poke|p1|Gallade, L50, M|\n|poke|p1|Kingambit, L50, F|\n|poke|p1|Aegislash, L50, F|\n|poke|p1|Aerodactyl, L50, F|\n|poke|p1|Arcanine, L50, M|\n|poke|p1|Venusaur, L50, M|\n|poke|p2|Farigiraf, L50, M, shiny|\n|poke|p2|Sylveon, L50, F, shiny|\n|poke|p2|Hydreigon, L50, F, shiny|\n|poke|p2|Aegislash, L50, F, shiny|\n|poke|p2|Slowking-Galar, L50, M, shiny|\n|poke|p2|Lopunny, L50, F, shiny|\n|teampreview|4\n|inactive|Battle timer is ON: inactive players will automatically lose when time's up. (requested by lolnezan78)\n|inactive|Markiito18 has 60 seconds left.\n|inactive|Markiito18 has 30 seconds left.\n|inactive|Markiito18 has 20 seconds left.\n|inactive|Markiito18 has 15 seconds left.\n|inactive|Markiito18 has 10 seconds left.\n|\n|t:|1776636560\n|teamsize|p1|4\n|teamsize|p2|4\n|start\n|switch|p1a: Kingambit|Kingambit, L50, F|100/100\n|switch|p1b: Arcanine|Arcanine, L50, M|100/100\n|switch|p2a: Lopunny|Lopunny, L50, F, shiny|100/100\n|switch|p2b: Hydreigon|Hydreigon, L50, F, shiny|100/100\n|-ability|p1b: Arcanine|Intimidate|boost\n|-unboost|p2a: Lopunny|atk|1\n|-unboost|p2b: Hydreigon|atk|1\n|turn|1\n|\n|t:|1776636574\n|detailschange|p2a: Lopunny|Lopunny-Mega, L50, F, shiny\n|-mega|p2a: Lopunny|Lopunny|Lopunnite\n|move|p1a: Kingambit|Protect|p1a: Kingambit\n|-singleturn|p1a: Kingambit|Protect\n|move|p2a: Lopunny|Fake Out|p1b: Arcanine\n|-damage|p1b: Arcanine|85/100\n|move|p2b: Hydreigon|Earth Power|p1b: Arcanine\n|-supereffective|p1b: Arcanine|1\n|-crit|p1b: Arcanine\n|-damage|p1b: Arcanine|0 fnt\n|faint|p1b: Arcanine\n|\n|upkeep\n|\n|t:|1776636587\n|switch|p1b: Venusaur|Venusaur, L50, M|100/100\n|turn|2\n|\n|t:|1776636598\n|switch|p1a: Gallade|Gallade, L50, M|100/100\n|detailschange|p1b: Venusaur|Venusaur-Mega, L50, M\n|-mega|p1b: Venusaur|Venusaur|Venusaurite\n|move|p2a: Lopunny|Encore||[still]\n|-fail|p2a: Lopunny\n|move|p2b: Hydreigon|Dark Pulse|p1b: Venusaur\n|-damage|p1b: Venusaur|65/100\n|cant|p1b: Venusaur|flinch\n|\n|upkeep\n|turn|3\n|\n|t:|1776636620\n|switch|p2a: Aegislash|Aegislash, L50, F, shiny|100/100\n|move|p2b: Hydreigon|Protect|p2b: Hydreigon\n|-singleturn|p2b: Hydreigon|Protect\n|move|p1a: Gallade|Sacred Sword|p2a: Aegislash\n|-immune|p2a: Aegislash\n|move|p1b: Venusaur|Leech Seed|p2b: Hydreigon\n|-activate|p2b: Hydreigon|move: Protect\n|\n|upkeep\n|turn|4\n|\n|t:|1776636641\n|switch|p1a: Kingambit|Kingambit, L50, F|100/100\n|switch|p2b: Sylveon|Sylveon, L50, F, shiny|100/100\n|move|p1b: Venusaur|Leech Seed|p2a: Aegislash\n|-start|p2a: Aegislash|move: Leech Seed\n|-formechange|p2a: Aegislash|Aegislash-Blade|\n|move|p2a: Aegislash|Shadow Ball|p1a: Kingambit\n|-resisted|p1a: Kingambit|1\n|-damage|p1a: Kingambit|78/100\n|\n|-damage|p2a: Aegislash|88/100|[from] Leech Seed|[of] p1b: Venusaur\n|-heal|p1b: Venusaur|76/100|[silent]\n|upkeep\n|turn|5\n|\n|t:|1776636660\n|switch|p2a: Lopunny|Lopunny-Mega, L50, F, shiny|100/100\n|move|p2b: Sylveon|Protect|p2b: Sylveon\n|-singleturn|p2b: Sylveon|Protect\n|move|p1b: Venusaur|Leech Seed|p2b: Sylveon\n|-activate|p2b: Sylveon|move: Protect\n|move|p1a: Kingambit|Iron Head|p2b: Sylveon\n|-activate|p2b: Sylveon|move: Protect\n|\n|upkeep\n|turn|6\n|c|\u2606Markiito18|fat plant lmao\n|inactive|Markiito18 has 30 seconds left.\n|inactive|Markiito18 has 20 seconds left.\n|inactive|Markiito18 has 15 seconds left.\n|inactive|Markiito18 has 10 seconds left.\n|\n|t:|1776636707\n|switch|p2a: Hydreigon|Hydreigon, L50, F, shiny|100/100\n|switch|p2b: Aegislash|Aegislash, L50, F, shiny|88/100\n|move|p1b: Venusaur|Leech Seed|p2b: Aegislash\n|-start|p2b: Aegislash|move: Leech Seed\n|move|p1a: Kingambit|Iron Head|p2b: Aegislash\n|-resisted|p2b: Aegislash|1\n|-damage|p2b: Aegislash|70/100\n|\n|-heal|p2b: Aegislash|76/100|[from] item: Leftovers\n|-damage|p2b: Aegislash|64/100|[from] Leech Seed|[of] p1b: Venusaur\n|-heal|p1b: Venusaur|87/100|[silent]\n|upkeep\n|turn|7\n|inactive|Markiito18 has 30 seconds left.\n|\n|t:|1776636735\n|move|p2b: Aegislash|King's Shield|p2b: Aegislash\n|-singleturn|p2b: Aegislash|Protect\n|move|p2a: Hydreigon|Earth Power|p1a: Kingambit\n|-supereffective|p1a: Kingambit|1\n|-damage|p1a: Kingambit|13/100\n|move|p1b: Venusaur|Leech Seed|p2a: Hydreigon\n|-start|p2a: Hydreigon|move: Leech Seed\n|move|p1a: Kingambit|Kowtow Cleave|p2b: Aegislash\n|-activate|p2b: Aegislash|move: Protect\n|-unboost|p1a: Kingambit|atk|1\n|-ability|p1a: Kingambit|Defiant|boost\n|-boost|p1a: Kingambit|atk|2\n|\n|-heal|p2b: Aegislash|70/100|[from] item: Leftovers\n|-damage|p2a: Hydreigon|88/100|[from] Leech Seed|[of] p1b: Venusaur\n|-heal|p1b: Venusaur|98/100|[silent]\n|-damage|p2b: Aegislash|57/100|[from] Leech Seed|[of] p1b: Venusaur\n|-heal|p1b: Venusaur|100/100|[silent]\n|upkeep\n|turn|8\n|inactive|lolnezan78 has 30 seconds left.\n|inactive|Markiito18 has 30 seconds left.\n|inactive|Markiito18 has 20 seconds left.\n|inactive|Markiito18 has 15 seconds left.\n|\n|t:|1776636779\n|switch|p2b: Sylveon|Sylveon, L50, F, shiny|100/100\n|move|p1a: Kingambit|Sucker Punch||[still]\n|-fail|p1a: Kingambit\n|move|p2a: Hydreigon|Dark Pulse|p1b: Venusaur\n|-damage|p1b: Venusaur|63/100\n|move|p1b: Venusaur|Sludge Bomb|p2a: Hydreigon\n|-damage|p2a: Hydreigon|48/100\n|\n|-damage|p2a: Hydreigon|36/100|[from] Leech Seed|[of] p1b: Venusaur\n|-heal|p1b: Venusaur|74/100|[silent]\n|upkeep\n|turn|9\n|\n|t:|1776636799\n|switch|p2a: Aegislash|Aegislash, L50, F, shiny|57/100\n|move|p1a: Kingambit|Sucker Punch||[still]\n|-fail|p1a: Kingambit\n|move|p1b: Venusaur|Sludge Bomb|p2b: Sylveon\n|-supereffective|p2b: Sylveon|1\n|-damage|p2b: Sylveon|44/100\n|move|p2b: Sylveon|Hyper Voice|p1b: Venusaur|[spread] p1a,p1b\n|-resisted|p1b: Venusaur|1\n|-damage|p1a: Kingambit|0 fnt\n|-damage|p1b: Venusaur|58/100\n|faint|p1a: Kingambit\n|\n|-heal|p2a: Aegislash|64/100|[from] item: Leftovers\n|upkeep\n|\n|t:|1776636810\n|switch|p1a: Gallade|Gallade, L50, M|100/100\n|turn|10\n|\n|t:|1776636830\n|move|p2b: Sylveon|Protect|p2b: Sylveon\n|-singleturn|p2b: Sylveon|Protect\n|move|p1a: Gallade|Night Slash|p2a: Aegislash\n|-supereffective|p2a: Aegislash|1\n|-damage|p2a: Aegislash|0 fnt\n|faint|p2a: Aegislash\n|move|p1b: Venusaur|Sludge Bomb|p2b: Sylveon\n|-activate|p2b: Sylveon|move: Protect\n|\n|upkeep\n|\n|t:|1776636838\n|switch|p2a: Lopunny|Lopunny-Mega, L50, F, shiny|100/100\n|turn|11\n|inactive|Markiito18 has 30 seconds left.\n|\n|t:|1776636868\n|move|p1b: Venusaur|Protect|p1b: Venusaur\n|-singleturn|p1b: Venusaur|Protect\n|move|p2a: Lopunny|Fake Out|p1b: Venusaur\n|-activate|p1b: Venusaur|move: Protect\n|move|p1a: Gallade|Night Slash|p2b: Sylveon\n|-resisted|p2b: Sylveon|1\n|-damage|p2b: Sylveon|23/100\n|move|p2b: Sylveon|Hyper Voice|p1a: Gallade|[spread] p1a\n|-activate|p1b: Venusaur|move: Protect\n|-supereffective|p1a: Gallade|1\n|-damage|p1a: Gallade|0 fnt\n|faint|p1a: Gallade\n|\n|upkeep\n|turn|12\n|c|\u2606Markiito18|gg\n|\n|t:|1776636889\n|move|p2a: Lopunny|Encore|p1b: Venusaur\n|-start|p1b: Venusaur|Encore\n|move|p1b: Venusaur|Protect||[still]\n|-fail|p1b: Venusaur\n|move|p2b: Sylveon|Hyper Voice|p1b: Venusaur\n|-resisted|p1b: Venusaur|1\n|-damage|p1b: Venusaur|34/100\n|\n|upkeep\n|turn|13\n|-message|lolnezan78 forfeited.\n|\n|win|Markiito18\n|raw|lolnezan78's rating: 1391 &rarr; <strong>1372</strong><br />(-19 for losing)\n|raw|Markiito18's rating: 1416 &rarr; <strong>1435</strong><br />(+19 for winning)\n|l|\u2606lolnezan78\n|player|p1|\n",
  "uploadtime": 1776636898,
  "views": 11,
  "formatid": "gen9championsvgc2026regma",
  "rating": 1372,
  "private": 0,
  "password": null
}