{
  "id": "gen9championsvgc2026regma-2583644315",
  "format": "[Gen 9 Champions] VGC 2026 Reg M-A",
  "players": [
    "Daniel__btw",
    "kcook117"
  ],
  "log": "|j|\u2606Daniel__btw\n|j|\u2606kcook117\n|t:|1776188414\n|gametype|doubles\n|player|p1|Daniel__btw|2|1105\n|player|p2|kcook117|265|1077\n|gen|9\n|tier|[Gen 9 Champions] VGC 2026 Reg M-A\n|rated|\n|rule|Species Clause: Limit one of each Pok\u00e9mon\n|rule|Item Clause: Limit 1 of each item\n|clearpoke\n|poke|p1|Charizard, L50, M|\n|poke|p1|Aerodactyl, L50, M|\n|poke|p1|Sableye, L50, F|\n|poke|p1|Raichu, L50, M|\n|poke|p1|Garchomp, L50, F|\n|poke|p1|Venusaur, L50, M|\n|poke|p2|Incineroar, L50, F|\n|poke|p2|Basculegion, L50, M|\n|poke|p2|Sinistcha, L50|\n|poke|p2|Sneasler, L50, F|\n|poke|p2|Floette-Eternal, L50, F|\n|poke|p2|Dragonite, L50, F|\n|teampreview|4\n|\n|t:|1776188458\n|teamsize|p1|4\n|teamsize|p2|4\n|start\n|switch|p1a: Charizard|Charizard, L50, M|100/100\n|switch|p1b: Aerodactyl|Aerodactyl, L50, M|100/100\n|switch|p2a: Incineroar|Incineroar, L50, F|100/100\n|switch|p2b: Dragonite|Dragonite, L50, F|100/100\n|-ability|p1b: Aerodactyl|Unnerve\n|-ability|p2a: Incineroar|Intimidate|boost\n|-unboost|p1a: Charizard|atk|1\n|-unboost|p1b: Aerodactyl|atk|1\n|turn|1\n|\n|t:|1776188498\n|detailschange|p1a: Charizard|Charizard-Mega-Y, L50, M\n|-mega|p1a: Charizard|Charizard|Charizardite Y\n|-weather|SunnyDay|[from] ability: Drought|[of] p1a: Charizard\n|move|p2a: Incineroar|Fake Out|p1b: Aerodactyl\n|-resisted|p1b: Aerodactyl|1\n|-damage|p1b: Aerodactyl|91/100\n|cant|p1b: Aerodactyl|flinch\n|move|p1a: Charizard|Heat Wave|p2b: Dragonite|[spread] p2a,p2b\n|-resisted|p2a: Incineroar|1\n|-resisted|p2b: Dragonite|1\n|-damage|p2a: Incineroar|73/100\n|-damage|p2b: Dragonite|59/100\n|move|p2b: Dragonite|Tailwind|p2b: Dragonite\n|-sidestart|p2: kcook117|move: Tailwind\n|\n|-weather|SunnyDay|[upkeep]\n|upkeep\n|turn|2\n|\n|t:|1776188529\n|move|p2b: Dragonite|Draco Meteor|p1a: Charizard|[miss]\n|-miss|p2b: Dragonite|p1a: Charizard\n|move|p1b: Aerodactyl|Tailwind|p1b: Aerodactyl\n|-sidestart|p1: Daniel__btw|move: Tailwind\n|move|p1a: Charizard|Heat Wave|p2a: Incineroar|[spread] p2a,p2b\n|-resisted|p2a: Incineroar|1\n|-resisted|p2b: Dragonite|1\n|-damage|p2a: Incineroar|45/100\n|-damage|p2b: Dragonite|23/100\n|move|p2a: Incineroar|Flare Blitz|p1b: Aerodactyl\n|-resisted|p1b: Aerodactyl|1\n|-damage|p1b: Aerodactyl|23/100\n|-damage|p2a: Incineroar|28/100|[from] Recoil\n|\n|-weather|SunnyDay|[upkeep]\n|upkeep\n|turn|3\n|\n|t:|1776188574\n|move|p2b: Dragonite|Extreme Speed|p1b: Aerodactyl\n|-resisted|p1b: Aerodactyl|1\n|-damage|p1b: Aerodactyl|3/100\n|move|p1b: Aerodactyl|Rock Slide|p2b: Dragonite|[spread] p2a,p2b\n|-supereffective|p2a: Incineroar|1\n|-supereffective|p2b: Dragonite|1\n|-damage|p2a: Incineroar|0 fnt\n|-damage|p2b: Dragonite|0 fnt\n|faint|p2a: Incineroar\n|faint|p2b: Dragonite\n|move|p1a: Charizard|Heat Wave|p2: Incineroar|[notarget]\n|-fail|p1a: Charizard\n|\n|-weather|SunnyDay|[upkeep]\n|upkeep\n|\n|t:|1776188588\n|switch|p2b: Floette|Floette-Eternal, L50, F|100/100\n|switch|p2a: Basculegion|Basculegion, L50, M|100/100\n|turn|4\n|\n|t:|1776188603\n|detailschange|p2b: Floette|Floette-Mega, L50, F\n|-mega|p2b: Floette|Floette|Floettite\n|-ability|p2b: Floette|Fairy Aura\n|move|p2a: Basculegion|Last Respects|p1a: Charizard\n|-damage|p1a: Charizard|0 fnt\n|faint|p1a: Charizard\n|move|p1b: Aerodactyl|Dual Wingbeat|p2b: Floette|[miss]\n|-miss|p1b: Aerodactyl|p2b: Floette\n|move|p2b: Floette|Calm Mind|p2b: Floette\n|-boost|p2b: Floette|spa|1\n|-boost|p2b: Floette|spd|1\n|\n|-weather|SunnyDay|[upkeep]\n|-sideend|p2: kcook117|move: Tailwind\n|upkeep\n|\n|t:|1776188612\n|switch|p1a: Venusaur|Venusaur, L50, M|100/100\n|turn|5\n|\n|t:|1776188629\n|move|p1a: Venusaur|Sleep Powder|p2a: Basculegion\n|-status|p2a: Basculegion|slp|[from] move: Sleep Powder\n|move|p1b: Aerodactyl|Rock Slide|p2a: Basculegion|[spread] p2a\n|-miss|p1b: Aerodactyl|p2b: Floette\n|-damage|p2a: Basculegion|79/100 slp\n|cant|p2a: Basculegion|slp\n|move|p2b: Floette|Pollen Puff|p1b: Aerodactyl\n|-resisted|p1b: Aerodactyl|1\n|-damage|p1b: Aerodactyl|0 fnt\n|faint|p1b: Aerodactyl\n|\n|-weather|none\n|-sideend|p1: Daniel__btw|move: Tailwind\n|upkeep\n|\n|t:|1776188639\n|switch|p1b: Sableye|Sableye, L50, F|100/100\n|turn|6\n|\n|t:|1776188668\n|move|p1b: Sableye|Quash|p2b: Floette\n|-activate|p2b: Floette|move: Quash\n|-curestatus|p2a: Basculegion|slp|[msg]\n|move|p2a: Basculegion|Last Respects|p1a: Venusaur\n|-damage|p1a: Venusaur|0 fnt\n|faint|p1a: Venusaur\n|move|p2b: Floette|Draining Kiss|p1b: Sableye\n|-supereffective|p1b: Sableye|1\n|-damage|p1b: Sableye|0 fnt\n|faint|p1b: Sableye\n|\n|win|kcook117\n|raw|Daniel__btw's rating: 1105 &rarr; <strong>1078</strong><br />(-27 for losing)\n|raw|kcook117's rating: 1077 &rarr; <strong>1108</strong><br />(+31 for winning)\n|l|\u2606Daniel__btw\n|player|p1|\n",
  "uploadtime": 1776188704,
  "views": 33,
  "formatid": "gen9championsvgc2026regma",
  "rating": 1078,
  "private": 0,
  "password": null
}