{
  "id": "gen9championsvgc2026regma-2584945532",
  "format": "[Gen 9 Champions] VGC 2026 Reg M-A",
  "players": [
    "MvillMpersonality",
    "Ashirato"
  ],
  "log": "|j|\u2606MvillMpersonality\n|j|\u2606Ashirato\n|t:|1776296957\n|gametype|doubles\n|player|p1|MvillMpersonality|pokemaniac|1328\n|player|p2|Ashirato|elesa|1348\n|gen|9\n|tier|[Gen 9 Champions] VGC 2026 Reg M-A\n|rated|\n|rule|Species Clause: Limit one of each Pok\u00e9mon\n|rule|Item Clause: Limit 1 of each item\n|clearpoke\n|poke|p1|Scovillain, L50, F|\n|poke|p1|Sinistcha, L50|\n|poke|p1|Gallade, L50, M|\n|poke|p1|Kingambit, L50, F|\n|poke|p1|Rhyperior, L50, M|\n|poke|p1|Primarina, L50, F|\n|poke|p2|Banette, L50, F|\n|poke|p2|Pelipper, L50, M|\n|poke|p2|Archaludon, L50, F|\n|poke|p2|Incineroar, L50, F|\n|poke|p2|Crabominable, L50, F|\n|poke|p2|Farigiraf, L50, F|\n|teampreview|4\n|\n|t:|1776297021\n|teamsize|p1|4\n|teamsize|p2|4\n|start\n|switch|p1a: Scovillain|Scovillain, L50, F|100/100\n|switch|p1b: Kingambit|Kingambit, L50, F|100/100\n|switch|p2a: Pelipper|Pelipper, L50, M, shiny|100/100\n|switch|p2b: Farigiraf|Farigiraf, L50, F|100/100\n|-weather|RainDance|[from] ability: Drizzle|[of] p2a: Pelipper\n|turn|1\n|\n|t:|1776297047\n|detailschange|p1a: Scovillain|Scovillain-Mega, L50, F\n|-mega|p1a: Scovillain|Scovillain|Scovillainite\n|move|p2a: Pelipper|Hurricane|p1a: Scovillain\n|-supereffective|p1a: Scovillain|1\n|-damage|p1a: Scovillain|16/100\n|-status|p2a: Pelipper|brn|[from] ability: Spicy Spray|[of] p1a: Scovillain\n|move|p1a: Scovillain|Leaf Storm|p2a: Pelipper\n|-damage|p2a: Pelipper|2/100 brn\n|-unboost|p1a: Scovillain|spa|2\n|move|p1b: Kingambit|Kowtow Cleave|p2b: Farigiraf\n|-supereffective|p2b: Farigiraf|1\n|-enditem|p2b: Farigiraf|Colbur Berry|[eat]\n|-enditem|p2b: Farigiraf|Colbur Berry|[weaken]\n|-damage|p2b: Farigiraf|49/100\n|move|p2b: Farigiraf|Trick Room|p2b: Farigiraf\n|-fieldstart|move: Trick Room|[of] p2b: Farigiraf\n|\n|-weather|RainDance|[upkeep]\n|-damage|p2a: Pelipper|0 fnt|[from] brn\n|faint|p2a: Pelipper\n|upkeep\n|\n|t:|1776297066\n|switch|p2a: Archaludon|Archaludon, L50, F|100/100\n|turn|2\n|\n|t:|1776297093\n|switch|p1b: Rhyperior|Rhyperior, L50, M|100/100\n|move|p2b: Farigiraf|Protect|p2b: Farigiraf\n|-singleturn|p2b: Farigiraf|Protect\n|move|p1a: Scovillain|Rage Powder|p1a: Scovillain\n|-singleturn|p1a: Scovillain|move: Rage Powder\n|move|p2a: Archaludon|Electro Shot||[still]\n|-prepare|p2a: Archaludon|Electro Shot\n|-boost|p2a: Archaludon|spa|1\n|-anim|p2a: Archaludon|Electro Shot|p1a: Scovillain\n|-resisted|p1a: Scovillain|1\n|-damage|p1a: Scovillain|0 fnt\n|-status|p2a: Archaludon|brn|[from] ability: Spicy Spray|[of] p1a: Scovillain\n|faint|p1a: Scovillain\n|\n|-weather|RainDance|[upkeep]\n|-damage|p2a: Archaludon|94/100 brn|[from] brn\n|upkeep\n|\n|t:|1776297112\n|switch|p1a: Kingambit|Kingambit, L50, F|100/100\n|turn|3\n|\n|t:|1776297135\n|move|p2a: Archaludon|Protect|p2a: Archaludon\n|-singleturn|p2a: Archaludon|Protect\n|move|p1b: Rhyperior|Swords Dance|p1b: Rhyperior\n|-boost|p1b: Rhyperior|atk|2\n|move|p1a: Kingambit|Kowtow Cleave|p2b: Farigiraf\n|-supereffective|p2b: Farigiraf|1\n|-damage|p2b: Farigiraf|0 fnt\n|faint|p2b: Farigiraf\n|\n|-weather|RainDance|[upkeep]\n|-heal|p2a: Archaludon|100/100 brn|[from] item: Leftovers\n|-damage|p2a: Archaludon|94/100 brn|[from] brn\n|upkeep\n|\n|t:|1776297152\n|switch|p2b: Crabominable|Crabominable, L50, F|100/100\n|turn|4\n|\n|t:|1776297171\n|detailschange|p2b: Crabominable|Crabominable-Mega, L50, F\n|-mega|p2b: Crabominable|Crabominable|Crabominite\n|move|p1a: Kingambit|Protect|p1a: Kingambit\n|-singleturn|p1a: Kingambit|Protect\n|move|p2b: Crabominable|Drain Punch|p1b: Rhyperior\n|-supereffective|p1b: Rhyperior|1\n|-damage|p1b: Rhyperior|31/100\n|move|p1b: Rhyperior|High Horsepower|p2a: Archaludon\n|-supereffective|p2a: Archaludon|1\n|-damage|p2a: Archaludon|0 fnt\n|faint|p2a: Archaludon\n|\n|-weather|RainDance|[upkeep]\n|upkeep\n|turn|5\n|\n|t:|1776297196\n|move|p1b: Rhyperior|Protect|p1b: Rhyperior\n|-singleturn|p1b: Rhyperior|Protect\n|move|p1a: Kingambit|Sucker Punch|p2b: Crabominable\n|-resisted|p2b: Crabominable|1\n|-damage|p2b: Crabominable|81/100\n|move|p2b: Crabominable|Drain Punch|p1a: Kingambit\n|-supereffective|p1a: Kingambit|2\n|-damage|p1a: Kingambit|0 fnt\n|-heal|p2b: Crabominable|100/100|[from] drain|[of] p1a: Kingambit\n|faint|p1a: Kingambit\n|\n|-weather|none\n|-fieldend|move: Trick Room\n|upkeep\n|\n|t:|1776297208\n|switch|p1a: Sinistcha|Sinistcha, L50|100/100\n|-heal|p1b: Rhyperior|56/100|[from] ability: Hospitality|[of] p1a: Sinistcha\n|turn|6\n|\n|t:|1776297220\n|move|p2b: Crabominable|Mach Punch|p1b: Rhyperior\n|-supereffective|p1b: Rhyperior|1\n|-damage|p1b: Rhyperior|20/100\n|move|p1a: Sinistcha|Matcha Gotcha|p2b: Crabominable\n|-damage|p2b: Crabominable|65/100\n|move|p1b: Rhyperior|High Horsepower|p2b: Crabominable\n|-damage|p2b: Crabominable|0 fnt\n|faint|p2b: Crabominable\n|\n|win|MvillMpersonality\n|raw|MvillMpersonality's rating: 1328 &rarr; <strong>1349</strong><br />(+21 for winning)\n|raw|Ashirato's rating: 1348 &rarr; <strong>1327</strong><br />(-21 for losing)\n|l|\u2606Ashirato\n|player|p2|\n",
  "uploadtime": 1776297231,
  "views": 31,
  "formatid": "gen9championsvgc2026regma",
  "rating": 1327,
  "private": 0,
  "password": null
}