{
  "id": "gen9championsvgc2026regma-2584796578",
  "format": "[Gen 9 Champions] VGC 2026 Reg M-A",
  "players": [
    "yuriimon",
    "malditotr"
  ],
  "log": "|j|\u2606yuriimon\n|j|\u2606malditotr\n|t:|1776284313\n|gametype|doubles\n|player|p1|yuriimon|waitress-gen4|1077\n|player|p2|malditotr|102|1046\n|gen|9\n|tier|[Gen 9 Champions] VGC 2026 Reg M-A\n|rated|\n|rule|Species Clause: Limit one of each Pok\u00e9mon\n|rule|Item Clause: Limit 1 of each item\n|clearpoke\n|poke|p1|Glimmora, L50, F|\n|poke|p1|Incineroar, L50, M|\n|poke|p1|Archaludon, L50, F|\n|poke|p1|Politoed, L50, M|\n|poke|p1|Basculegion, L50, M|\n|poke|p1|Chesnaught, L50, F|\n|poke|p2|Floette-Eternal, L50, F|\n|poke|p2|Aegislash, L50, F|\n|poke|p2|Talonflame, L50, F|\n|poke|p2|Incineroar, L50, F|\n|poke|p2|Garchomp, L50, F|\n|poke|p2|Rotom-Wash, L50|\n|teampreview|4\n|inactive|Battle timer is ON: inactive players will automatically lose when time's up. (requested by yuriimon)\n|inactive|malditotr has 60 seconds left.\n|\n|t:|1776284355\n|teamsize|p1|4\n|teamsize|p2|4\n|start\n|switch|p1a: Archaludon|Archaludon, L50, F|100/100\n|switch|p1b: Incineroar|Incineroar, L50, M|100/100\n|switch|p2a: Aegislash|Aegislash, L50, F|100/100\n|switch|p2b: Rotom|Rotom-Wash, L50|100/100\n|-ability|p1b: Incineroar|Intimidate|boost\n|-unboost|p2a: Aegislash|atk|1\n|-unboost|p2b: Rotom|atk|1\n|turn|1\n|inactive|yuriimon has 30 seconds left.\n|\n|t:|1776284387\n|switch|p1b: Politoed|Politoed, L50, M|100/100\n|-weather|RainDance|[from] ability: Drizzle|[of] p1b: Politoed\n|move|p2a: Aegislash|King's Shield|p2a: Aegislash\n|-singleturn|p2a: Aegislash|Protect\n|move|p2b: Rotom|Thunderbolt|p1b: Politoed\n|-supereffective|p1b: Politoed|1\n|-enditem|p1b: Politoed|Wacan Berry|[eat]\n|-enditem|p1b: Politoed|Wacan Berry|[weaken]\n|-damage|p1b: Politoed|69/100\n|move|p1a: Archaludon|Electro Shot||[still]\n|-prepare|p1a: Archaludon|Electro Shot\n|-boost|p1a: Archaludon|spa|1\n|-anim|p1a: Archaludon|Electro Shot|p2b: Rotom\n|-damage|p2b: Rotom|29/100\n|-enditem|p2b: Rotom|Sitrus Berry|[eat]\n|-heal|p2b: Rotom|54/100|[from] item: Sitrus Berry\n|\n|-weather|RainDance|[upkeep]\n|upkeep\n|turn|2\n|inactive|yuriimon has 30 seconds left.\n|inactive|malditotr has 30 seconds left.\n|\n|t:|1776284414\n|move|p2b: Rotom|Protect|p2b: Rotom\n|-singleturn|p2b: Rotom|Protect\n|move|p1b: Politoed|Protect|p1b: Politoed\n|-singleturn|p1b: Politoed|Protect\n|move|p1a: Archaludon|Electro Shot||[still]\n|-prepare|p1a: Archaludon|Electro Shot\n|-boost|p1a: Archaludon|spa|1\n|-anim|p1a: Archaludon|Electro Shot|p2b: Rotom\n|-activate|p2b: Rotom|move: Protect\n|-formechange|p2a: Aegislash|Aegislash-Blade|\n|move|p2a: Aegislash|Poltergeist||[still]\n|-fail|p2a: Aegislash\n|\n|-weather|RainDance|[upkeep]\n|upkeep\n|turn|3\n|\n|t:|1776284439\n|switch|p1b: Incineroar|Incineroar, L50, M|100/100\n|-ability|p1b: Incineroar|Intimidate|boost\n|-unboost|p2a: Aegislash|atk|1\n|-unboost|p2b: Rotom|atk|1\n|move|p2b: Rotom|Will-O-Wisp|p1a: Archaludon\n|-status|p1a: Archaludon|brn\n|move|p1a: Archaludon|Electro Shot||[still]\n|-prepare|p1a: Archaludon|Electro Shot\n|-boost|p1a: Archaludon|spa|1\n|-anim|p1a: Archaludon|Electro Shot|p2a: Aegislash\n|-damage|p2a: Aegislash|0 fnt\n|faint|p2a: Aegislash\n|\n|-weather|RainDance|[upkeep]\n|-damage|p1a: Archaludon|94/100 brn|[from] brn\n|upkeep\n|\n|t:|1776284456\n|switch|p2a: Floette|Floette-Eternal, L50, F|100/100\n|turn|4\n|\n|t:|1776284470\n|detailschange|p2a: Floette|Floette-Mega, L50, F\n|-mega|p2a: Floette|Floette|Floettite\n|-ability|p2a: Floette|Fairy Aura\n|move|p1b: Incineroar|Fake Out|p2b: Rotom\n|-damage|p2b: Rotom|43/100\n|move|p2a: Floette|Moonblast|p1a: Archaludon\n|-damage|p1a: Archaludon|25/100 brn\n|-ability|p1a: Archaludon|Stamina|boost\n|-boost|p1a: Archaludon|def|1\n|cant|p2b: Rotom|flinch\n|move|p1a: Archaludon|Flash Cannon|p2a: Floette\n|-supereffective|p2a: Floette|1\n|-damage|p2a: Floette|0 fnt\n|faint|p2a: Floette\n|\n|-weather|RainDance|[upkeep]\n|-damage|p1a: Archaludon|19/100 brn|[from] brn\n|upkeep\n|\n|t:|1776284484\n|switch|p2a: Incineroar|Incineroar, L50, F|100/100\n|-ability|p2a: Incineroar|Intimidate|boost\n|-unboost|p1a: Archaludon|atk|1\n|-unboost|p1b: Incineroar|atk|1\n|turn|5\n|\n|t:|1776284496\n|switch|p1b: Politoed|Politoed, L50, M|69/100\n|move|p2b: Rotom|Hydro Pump|p1b: Politoed\n|-resisted|p1b: Politoed|1\n|-damage|p1b: Politoed|41/100\n|move|p1a: Archaludon|Electro Shot||[still]\n|-prepare|p1a: Archaludon|Electro Shot\n|-boost|p1a: Archaludon|spa|1\n|-anim|p1a: Archaludon|Electro Shot|p2b: Rotom\n|-damage|p2b: Rotom|0 fnt\n|faint|p2b: Rotom\n|move|p2a: Incineroar|Flare Blitz|p1a: Archaludon\n|-damage|p1a: Archaludon|6/100 brn\n|-ability|p1a: Archaludon|Stamina|boost\n|-boost|p1a: Archaludon|def|1\n|-damage|p2a: Incineroar|97/100|[from] Recoil\n|\n|-weather|none\n|-heal|p2a: Incineroar|100/100|[from] item: Leftovers\n|-damage|p1a: Archaludon|0 fnt|[from] brn\n|faint|p1a: Archaludon\n|upkeep\n|\n|t:|1776284512\n|switch|p1a: Glimmora|Glimmora, L50, F|100/100\n|turn|6\n|-message|malditotr forfeited.\n|\n|win|yuriimon\n|raw|yuriimon's rating: 1077 &rarr; <strong>1103</strong><br />(+26 for winning)\n|raw|malditotr's rating: 1046 &rarr; <strong>1031</strong><br />(-15 for losing)\n|l|\u2606malditotr\n|player|p2|\n",
  "uploadtime": 1776284522,
  "views": 22,
  "formatid": "gen9championsvgc2026regma",
  "rating": 1031,
  "private": 0,
  "password": null
}