{
  "id": "gen9championsvgc2026regma-2585926941",
  "format": "[Gen 9 Champions] VGC 2026 Reg M-A",
  "players": [
    "henitusec",
    "pcri"
  ],
  "log": "|j|\u2606henitusec\n|j|\u2606pcri\n|t:|1776382158\n|gametype|doubles\n|player|p1|henitusec|volo|1139\n|player|p2|pcri|burglar|1175\n|gen|9\n|tier|[Gen 9 Champions] VGC 2026 Reg M-A\n|rated|\n|rule|Species Clause: Limit one of each Pok\u00e9mon\n|rule|Item Clause: Limit 1 of each item\n|clearpoke\n|poke|p1|Gardevoir, L50, F|\n|poke|p1|Aegislash, L50, F|\n|poke|p1|Incineroar, L50, F|\n|poke|p1|Vivillon-Polar, L50, F|\n|poke|p1|Whimsicott, L50, M|\n|poke|p1|Tauros-Paldea-Aqua, L50, M|\n|poke|p2|Hawlucha, L50, M|\n|poke|p2|Sinistcha, L50|\n|poke|p2|Snorlax, L50, F|\n|poke|p2|Incineroar, L50, F|\n|poke|p2|Rotom-Wash, L50|\n|poke|p2|Glimmora, L50, F|\n|teampreview|4\n|inactive|Battle timer is ON: inactive players will automatically lose when time's up. (requested by henitusec)\n|inactive|henitusec has 60 seconds left.\n|\n|t:|1776382194\n|teamsize|p1|4\n|teamsize|p2|4\n|start\n|switch|p1a: Incineroar|Incineroar, L50, F|100/100\n|switch|p1b: Gardevoir|Gardevoir, L50, F, shiny|100/100\n|switch|p2a: Hawlucha|Hawlucha, L50, M|100/100\n|switch|p2b: Snorlax|Snorlax, L50, F|100/100\n|-ability|p2a: Hawlucha|Mold Breaker\n|-ability|p1b: Gardevoir|Thick Fat|Trace|[from] ability: Trace|[of] p2b: Snorlax\n|-ability|p1a: Incineroar|Intimidate|boost\n|-unboost|p2a: Hawlucha|atk|1\n|-unboost|p2b: Snorlax|atk|1\n|turn|1\n|inactive|henitusec has 30 seconds left.\n|inactive|henitusec has 20 seconds left.\n|inactive|henitusec has 15 seconds left.\n|inactive|henitusec has 10 seconds left.\n|\n|t:|1776382244\n|detailschange|p2a: Hawlucha|Hawlucha-Mega, L50, M\n|-mega|p2a: Hawlucha|Hawlucha|Hawluchanite\n|detailschange|p1b: Gardevoir|Gardevoir-Mega, L50, F, shiny\n|-mega|p1b: Gardevoir|Gardevoir|Gardevoirite\n|move|p1a: Incineroar|Fake Out|p2a: Hawlucha\n|-damage|p2a: Hawlucha|90/100\n|cant|p2a: Hawlucha|flinch\n|move|p1b: Gardevoir|Hyper Voice|p2a: Hawlucha|[spread] p2a,p2b\n|-supereffective|p2a: Hawlucha|1\n|-damage|p2a: Hawlucha|0 fnt\n|-damage|p2b: Snorlax|69/100\n|faint|p2a: Hawlucha\n|move|p2b: Snorlax|Smack Down|p1a: Incineroar\n|-supereffective|p1a: Incineroar|1\n|-damage|p1a: Incineroar|88/100\n|\n|-heal|p2b: Snorlax|75/100|[from] item: Leftovers\n|upkeep\n|\n|t:|1776382254\n|switch|p2a: Incineroar|Incineroar, L50, F|100/100\n|-ability|p2a: Incineroar|Intimidate|boost\n|-unboost|p1a: Incineroar|atk|1\n|-unboost|p1b: Gardevoir|atk|1\n|turn|2\n|\n|t:|1776382273\n|move|p1b: Gardevoir|Hyper Voice|p2b: Snorlax|[spread] p2a,p2b\n|-damage|p2a: Incineroar|61/100\n|-damage|p2b: Snorlax|44/100\n|move|p1a: Incineroar|Parting Shot|p2b: Snorlax\n|-unboost|p2b: Snorlax|atk|1\n|-unboost|p2b: Snorlax|spa|1\n|inactive|henitusec has 30 seconds left.\n|inactive|henitusec has 20 seconds left.\n|inactive|henitusec has 15 seconds left.\n|inactive|henitusec has 10 seconds left.\n|inactive|henitusec has 5 seconds left.\n|\n|t:|1776382324\n|switch|p1a: Tauros|Tauros-Paldea-Aqua, L50, M|100/100|[from] Parting Shot\n|-ability|p1a: Tauros|Intimidate|boost\n|-unboost|p2a: Incineroar|atk|1\n|-unboost|p2b: Snorlax|atk|1\n|move|p2a: Incineroar|Darkest Lariat|p1b: Gardevoir\n|-damage|p1b: Gardevoir|74/100\n|move|p2b: Snorlax|Fissure|p1a: Tauros\n|-damage|p1a: Tauros|0 fnt\n|faint|p1a: Tauros\n|-ohko\n|\n|-heal|p2b: Snorlax|50/100|[from] item: Leftovers\n|upkeep\n|\n|t:|1776382341\n|switch|p1a: Incineroar|Incineroar, L50, F|88/100\n|-ability|p1a: Incineroar|Intimidate|boost\n|-unboost|p2a: Incineroar|atk|1\n|-unboost|p2b: Snorlax|atk|1\n|turn|3\n|\n|t:|1776382352\n|switch|p2b: Sinistcha|Sinistcha, L50|100/100\n|-heal|p2a: Incineroar|86/100|[from] ability: Hospitality|[of] p2b: Sinistcha\n|move|p1a: Incineroar|Fake Out|p2b: Sinistcha\n|-immune|p2b: Sinistcha\n|move|p1b: Gardevoir|Hyper Voice|p2b: Sinistcha|[spread] p2a,p2b\n|-damage|p2a: Incineroar|48/100\n|-damage|p2b: Sinistcha|58/100\n|move|p2a: Incineroar|Flare Blitz|p1b: Gardevoir\n|-damage|p1b: Gardevoir|45/100\n|-damage|p2a: Incineroar|40/100|[from] Recoil\n|\n|upkeep\n|turn|4\n|\n|t:|1776382371\n|move|p2b: Sinistcha|Rage Powder|p2b: Sinistcha\n|-singleturn|p2b: Sinistcha|move: Rage Powder\n|move|p1b: Gardevoir|Hyper Voice|p2a: Incineroar|[spread] p2a,p2b\n|-damage|p2a: Incineroar|2/100\n|-damage|p2b: Sinistcha|9/100\n|-enditem|p2b: Sinistcha|Sitrus Berry|[eat]\n|-heal|p2b: Sinistcha|34/100|[from] item: Sitrus Berry\n|move|p1a: Incineroar|Flare Blitz|p2b: Sinistcha\n|-supereffective|p2b: Sinistcha|1\n|-damage|p2b: Sinistcha|0 fnt\n|faint|p2b: Sinistcha\n|-damage|p1a: Incineroar|78/100|[from] Recoil\n|move|p2a: Incineroar|Flare Blitz|p1b: Gardevoir\n|-damage|p1b: Gardevoir|18/100\n|-damage|p2a: Incineroar|0 fnt|[from] Recoil\n|faint|p2a: Incineroar\n|\n|upkeep\n|\n|t:|1776382384\n|switch|p2b: Snorlax|Snorlax, L50, F|50/100\n|turn|5\n|\n|t:|1776382397\n|move|p1b: Gardevoir|Destiny Bond|p1b: Gardevoir\n|-singlemove|p1b: Gardevoir|Destiny Bond\n|move|p1a: Incineroar|Darkest Lariat|p2b: Snorlax\n|-damage|p2b: Snorlax|29/100\n|move|p2b: Snorlax|Body Slam|p1b: Gardevoir\n|-damage|p1b: Gardevoir|0 fnt\n|faint|p1b: Gardevoir\n|-activate|p1b: Gardevoir|move: Destiny Bond\n|faint|p2b: Snorlax\n|\n|win|henitusec\n|raw|henitusec's rating: 1139 &rarr; <strong>1167</strong><br />(+28 for winning)\n|raw|pcri's rating: 1175 &rarr; <strong>1147</strong><br />(-28 for losing)\n|l|\u2606pcri\n|player|p2|\n",
  "uploadtime": 1776382409,
  "views": 18,
  "formatid": "gen9championsvgc2026regma",
  "rating": 1147,
  "private": 0,
  "password": null
}