{
  "id": "gen9championsvgc2026regma-2586429610",
  "format": "[Gen 9 Champions] VGC 2026 Reg M-A",
  "players": [
    "rydog11",
    "clementine23"
  ],
  "log": "|j|\u2606rydog11\n|j|\u2606clementine23\n|t:|1776434098\n|gametype|doubles\n|player|p1|rydog11|102|1269\n|player|p2|clementine23|170|1242\n|gen|9\n|tier|[Gen 9 Champions] VGC 2026 Reg M-A\n|rated|\n|rule|Species Clause: Limit one of each Pok\u00e9mon\n|rule|Item Clause: Limit 1 of each item\n|clearpoke\n|poke|p1|Floette-Eternal, L50, F|\n|poke|p1|Aerodactyl, L50, M|\n|poke|p1|Charizard, L50, F|\n|poke|p1|Sneasler, L50, M|\n|poke|p1|Incineroar, L50, F|\n|poke|p1|Aegislash, L50, F|\n|poke|p2|Venusaur, L50, F|\n|poke|p2|Charizard, L50, M|\n|poke|p2|Aegislash, L50, M|\n|poke|p2|Milotic, L50, M|\n|poke|p2|Tyranitar, L50, M|\n|poke|p2|Whimsicott, L50, M|\n|teampreview|4\n|\n|t:|1776434153\n|teamsize|p1|4\n|teamsize|p2|4\n|start\n|switch|p1a: Aerodactyl|Aerodactyl, L50, M|100/100\n|switch|p1b: Sneasler|Sneasler, L50, M|100/100\n|switch|p2a: Aegislash|Aegislash, L50, M|100/100\n|switch|p2b: Milotic|Milotic, L50, M|100/100\n|-ability|p1a: Aerodactyl|Unnerve\n|turn|1\n|\n|t:|1776434177\n|move|p2b: Milotic|Protect|p2b: Milotic\n|-singleturn|p2b: Milotic|Protect\n|move|p1a: Aerodactyl|Tailwind|p1a: Aerodactyl\n|-sidestart|p1: rydog11|move: Tailwind\n|move|p1b: Sneasler|Dire Claw|p2b: Milotic\n|-activate|p2b: Milotic|move: Protect\n|-formechange|p2a: Aegislash|Aegislash-Blade|\n|move|p2a: Aegislash|Iron Head|p1a: Aerodactyl\n|-supereffective|p1a: Aerodactyl|1\n|-enditem|p1a: Aerodactyl|Focus Sash\n|-damage|p1a: Aerodactyl|1/100\n|\n|upkeep\n|turn|2\n|\n|t:|1776434198\n|move|p1a: Aerodactyl|Protect|p1a: Aerodactyl\n|-singleturn|p1a: Aerodactyl|Protect\n|move|p1b: Sneasler|Dire Claw|p2b: Milotic\n|-damage|p2b: Milotic|58/100\n|-status|p2b: Milotic|slp\n|cant|p2b: Milotic|slp\n|move|p2a: Aegislash|Iron Head|p1b: Sneasler\n|-damage|p1b: Sneasler|24/100\n|\n|upkeep\n|turn|3\n|\n|t:|1776434219\n|move|p1a: Aerodactyl|Rock Slide|p2a: Aegislash|[spread] p2b\n|-miss|p1a: Aerodactyl|p2a: Aegislash\n|-crit|p2b: Milotic\n|-damage|p2b: Milotic|26/100 slp\n|move|p1b: Sneasler|Dire Claw|p2b: Milotic\n|-damage|p2b: Milotic|0 fnt\n|faint|p2b: Milotic\n|move|p2a: Aegislash|Iron Head|p1b: Sneasler\n|-damage|p1b: Sneasler|0 fnt\n|faint|p1b: Sneasler\n|\n|upkeep\n|\n|t:|1776434231\n|switch|p1b: Aegislash|Aegislash, L50, F, shiny|100/100\n|switch|p2b: Whimsicott|Whimsicott, L50, M|100/100\n|turn|4\n|\n|t:|1776434255\n|move|p2b: Whimsicott|Protect|p2b: Whimsicott\n|-singleturn|p2b: Whimsicott|Protect\n|-formechange|p2a: Aegislash|Aegislash|\n|move|p2a: Aegislash|King's Shield|p2a: Aegislash\n|-singleturn|p2a: Aegislash|Protect\n|move|p1a: Aerodactyl|Dual Wingbeat|p2b: Whimsicott\n|-activate|p2b: Whimsicott|move: Protect\n|-formechange|p1b: Aegislash|Aegislash-Blade|\n|move|p1b: Aegislash|Poltergeist|p2a: Aegislash\n|-activate|p2a: Aegislash|move: Protect\n|\n|-sideend|p1: rydog11|move: Tailwind\n|upkeep\n|turn|5\n|\n|t:|1776434293\n|move|p2b: Whimsicott|Tailwind|p2b: Whimsicott\n|-sidestart|p2: clementine23|move: Tailwind\n|move|p1a: Aerodactyl|Tailwind|p1a: Aerodactyl\n|-sidestart|p1: rydog11|move: Tailwind\n|move|p1b: Aegislash|Poltergeist|p2a: Aegislash|[miss]\n|-miss|p1b: Aegislash|p2a: Aegislash\n|-formechange|p2a: Aegislash|Aegislash-Blade|\n|move|p2a: Aegislash|Shadow Ball|p1b: Aegislash\n|-supereffective|p1b: Aegislash|1\n|-damage|p1b: Aegislash|0 fnt\n|faint|p1b: Aegislash\n|\n|upkeep\n|\n|t:|1776434307\n|switch|p1b: Charizard|Charizard, L50, F, shiny|100/100\n|turn|6\n|\n|t:|1776434355\n|detailschange|p1b: Charizard|Charizard-Mega-Y, L50, F, shiny\n|-mega|p1b: Charizard|Charizard|Charizardite Y\n|-weather|SunnyDay|[from] ability: Drought|[of] p1b: Charizard\n|-formechange|p2a: Aegislash|Aegislash|\n|move|p2a: Aegislash|King's Shield|p2a: Aegislash\n|-singleturn|p2a: Aegislash|Protect\n|move|p2b: Whimsicott|Encore|p1a: Aerodactyl\n|-start|p1a: Aerodactyl|Encore\n|move|p1a: Aerodactyl|Tailwind||[still]\n|-fail|p1a: Aerodactyl\n|move|p1b: Charizard|Heat Wave|p2a: Aegislash|[spread] p2b\n|-activate|p2a: Aegislash|move: Protect\n|-supereffective|p2b: Whimsicott|1\n|-enditem|p2b: Whimsicott|Focus Sash\n|-damage|p2b: Whimsicott|1/100\n|\n|-weather|SunnyDay|[upkeep]\n|upkeep\n|turn|7\n|\n|t:|1776434374\n|move|p2a: Aegislash|Wide Guard|p2a: Aegislash\n|-singleturn|p2a: Aegislash|Wide Guard\n|move|p1a: Aerodactyl|Tailwind||[still]\n|-fail|p1a: Aerodactyl\n|move|p2b: Whimsicott|Moonblast|p1a: Aerodactyl\n|-damage|p1a: Aerodactyl|0 fnt\n|faint|p1a: Aerodactyl\n|move|p1b: Charizard|Heat Wave|p2b: Whimsicott|[spread] \n|-activate|p2a: Aegislash|move: Wide Guard\n|-activate|p2b: Whimsicott|move: Wide Guard\n|\n|-weather|SunnyDay|[upkeep]\n|upkeep\n|turn|8\n|\n|t:|1776434409\n|move|p2b: Whimsicott|Encore|p1b: Charizard\n|-start|p1b: Charizard|Encore\n|move|p1b: Charizard|Heat Wave|p2a: Aegislash|[spread] p2a,p2b\n|-supereffective|p2a: Aegislash|1\n|-supereffective|p2b: Whimsicott|1\n|-damage|p2a: Aegislash|2/100\n|-damage|p2b: Whimsicott|0 fnt\n|faint|p2b: Whimsicott\n|-formechange|p2a: Aegislash|Aegislash-Blade|\n|move|p2a: Aegislash|Shadow Ball|p1b: Charizard\n|-damage|p1b: Charizard|59/100\n|-unboost|p1b: Charizard|spd|1\n|\n|-weather|SunnyDay|[upkeep]\n|-heal|p2a: Aegislash|8/100|[from] item: Leftovers\n|-sideend|p2: clementine23|move: Tailwind\n|-sideend|p1: rydog11|move: Tailwind\n|upkeep\n|\n|t:|1776434418\n|switch|p2b: Venusaur|Venusaur, L50, F|100/100\n|turn|9\n|\n|t:|1776434431\n|detailschange|p2b: Venusaur|Venusaur-Mega, L50, F\n|-mega|p2b: Venusaur|Venusaur|Venusaurite\n|move|p2a: Aegislash|Wide Guard|p2a: Aegislash\n|-singleturn|p2a: Aegislash|Wide Guard\n|move|p1b: Charizard|Heat Wave|p2b: Venusaur|[spread] \n|-activate|p2a: Aegislash|move: Wide Guard\n|-activate|p2b: Venusaur|move: Wide Guard\n|move|p2b: Venusaur|Sludge Bomb|p1b: Charizard\n|-damage|p1b: Charizard|0 fnt\n|faint|p1b: Charizard\n|\n|win|clementine23\n|raw|rydog11's rating: 1269 &rarr; <strong>1242</strong><br />(-27 for losing)\n|raw|clementine23's rating: 1242 &rarr; <strong>1269</strong><br />(+27 for winning)\n|l|\u2606rydog11\n|player|p1|\n",
  "uploadtime": 1776434450,
  "views": 38,
  "formatid": "gen9championsvgc2026regma",
  "rating": 1242,
  "private": 0,
  "password": null
}