{
  "id": "gen9championsvgc2026regma-2588219898",
  "format": "[Gen 9 Champions] VGC 2026 Reg M-A",
  "players": [
    "DavidTIS",
    "aegislash462"
  ],
  "log": "|j|\u2606DavidTIS\n|j|\u2606aegislash462\n|t:|1776615515\n|gametype|doubles\n|player|p1|DavidTIS|1|1210\n|player|p2|aegislash462|1|1171\n|gen|9\n|tier|[Gen 9 Champions] VGC 2026 Reg M-A\n|rated|\n|rule|Species Clause: Limit one of each Pok\u00e9mon\n|rule|Item Clause: Limit 1 of each item\n|clearpoke\n|poke|p1|Starmie, L50|\n|poke|p1|Lucario, L50, F|\n|poke|p1|Lycanroc-Dusk, L50, F|\n|poke|p1|Hydreigon, L50, M|\n|poke|p1|Slowbro-Galar, L50, M|\n|poke|p1|Skarmory, L50, M|\n|poke|p2|Froslass, L50, F|\n|poke|p2|Aerodactyl, L50, F|\n|poke|p2|Tauros-Paldea-Aqua, L50, M|\n|poke|p2|Aegislash, L50, F|\n|poke|p2|Meowscarada, L50, F|\n|poke|p2|Maushold, L50|\n|teampreview|4\n|inactive|Battle timer is ON: inactive players will automatically lose when time's up. (requested by aegislash462)\n|inactive|DavidTIS has 60 seconds left.\n|inactive|aegislash462 has 60 seconds left.\n|\n|t:|1776615554\n|teamsize|p1|4\n|teamsize|p2|4\n|start\n|switch|p1a: Hydreigon|Hydreigon, L50, M|100/100\n|switch|p1b: Skarmory|Skarmory, L50, M|100/100\n|switch|p2a: Meowscarada|Meowscarada, L50, F|100/100\n|switch|p2b: Tauros|Tauros-Paldea-Aqua, L50, M|100/100\n|-ability|p2b: Tauros|Intimidate|boost\n|-unboost|p1a: Hydreigon|atk|1\n|-unboost|p1b: Skarmory|atk|1\n|-enditem|p1a: Hydreigon|White Herb\n|-clearnegativeboost|p1a: Hydreigon|[silent]\n|turn|1\n|inactive|DavidTIS has 30 seconds left.\n|\n|t:|1776615582\n|detailschange|p1b: Skarmory|Skarmory-Mega, L50, M\n|-mega|p1b: Skarmory|Skarmory|Skarmorite\n|move|p1a: Hydreigon|Protect|p1a: Hydreigon\n|-singleturn|p1a: Hydreigon|Protect\n|move|p2a: Meowscarada|Triple Axel|p1a: Hydreigon\n|-start|p2a: Meowscarada|typechange|Ice|[from] ability: Protean\n|-activate|p1a: Hydreigon|move: Protect\n|move|p1b: Skarmory|Brave Bird|p2b: Tauros\n|-supereffective|p2b: Tauros|1\n|-damage|p2b: Tauros|11/100\n|-damage|p1b: Skarmory|64/100|[from] Recoil\n|move|p2b: Tauros|Wave Crash|p1b: Skarmory\n|-damage|p1b: Skarmory|2/100\n|-damage|p2b: Tauros|0 fnt|[from] Recoil\n|faint|p2b: Tauros\n|\n|upkeep\n|\n|t:|1776615605\n|switch|p2b: Froslass|Froslass, L50, F|100/100\n|turn|2\n|\n|t:|1776615627\n|detailschange|p2b: Froslass|Froslass-Mega, L50, F\n|-mega|p2b: Froslass|Froslass|Froslassite\n|-weather|Snowscape|[from] ability: Snow Warning|[of] p2b: Froslass\n|move|p2b: Froslass|Blizzard|p1a: Hydreigon|[spread] p1a,p1b\n|-supereffective|p1a: Hydreigon|1\n|-damage|p1a: Hydreigon|0 fnt\n|-damage|p1b: Skarmory|0 fnt\n|faint|p1a: Hydreigon\n|faint|p1b: Skarmory\n|move|p2a: Meowscarada|Triple Axel|p1: Hydreigon|[notarget]\n|-fail|p2a: Meowscarada\n|\n|-weather|Snowscape|[upkeep]\n|upkeep\n|\n|t:|1776615639\n|switch|p1b: Slowbro|Slowbro-Galar, L50, M|100/100\n|switch|p1a: Lycanroc|Lycanroc-Dusk, L50, F|100/100\n|turn|3\n|\n|t:|1776615658\n|move|p1a: Lycanroc|Accelerock|p2b: Froslass\n|-supereffective|p2b: Froslass|1\n|-damage|p2b: Froslass|48/100\n|move|p2b: Froslass|Shadow Ball|p1b: Slowbro\n|-supereffective|p1b: Slowbro|1\n|-damage|p1b: Slowbro|9/100\n|-unboost|p1b: Slowbro|spd|1\n|move|p2a: Meowscarada|Knock Off|p1b: Slowbro\n|-supereffective|p1b: Slowbro|1\n|-damage|p1b: Slowbro|0 fnt\n|-enditem|p1b: Slowbro|Leftovers|[from] move: Knock Off|[of] p2a: Meowscarada\n|faint|p1b: Slowbro\n|\n|-weather|Snowscape|[upkeep]\n|upkeep\n|turn|4\n|\n|t:|1776615676\n|move|p1a: Lycanroc|Accelerock|p2b: Froslass\n|-supereffective|p2b: Froslass|1\n|-damage|p2b: Froslass|0 fnt\n|faint|p2b: Froslass\n|move|p2a: Meowscarada|Flower Trick|p1a: Lycanroc\n|-supereffective|p1a: Lycanroc|1\n|-crit|p1a: Lycanroc\n|-enditem|p1a: Lycanroc|Focus Sash\n|-damage|p1a: Lycanroc|1/100\n|\n|-weather|Snowscape|[upkeep]\n|upkeep\n|\n|t:|1776615679\n|switch|p2b: Aegislash|Aegislash, L50, F|100/100\n|turn|5\n|\n|t:|1776615687\n|move|p2a: Meowscarada|Flower Trick|p1a: Lycanroc\n|-supereffective|p1a: Lycanroc|1\n|-crit|p1a: Lycanroc\n|-damage|p1a: Lycanroc|0 fnt\n|faint|p1a: Lycanroc\n|\n|win|aegislash462\n|raw|DavidTIS's rating: 1210 &rarr; <strong>1182</strong><br />(-28 for losing)\n|raw|aegislash462's rating: 1171 &rarr; <strong>1199</strong><br />(+28 for winning)\n",
  "uploadtime": 1776615690,
  "views": 20,
  "formatid": "gen9championsvgc2026regma",
  "rating": 1182,
  "private": 0,
  "password": null
}