{
  "id": "gen9championsvgc2026regma-2584041385",
  "format": "[Gen 9 Champions] VGC 2026 Reg M-A",
  "players": [
    "TheColorDown",
    "BorderWallrus"
  ],
  "log": "|j|\u2606TheColorDown\n|j|\u2606BorderWallrus\n|t:|1776219362\n|gametype|doubles\n|player|p1|TheColorDown|265|1082\n|player|p2|BorderWallrus|roxie|1128\n|gen|9\n|tier|[Gen 9 Champions] VGC 2026 Reg M-A\n|rated|\n|rule|Species Clause: Limit one of each Pok\u00e9mon\n|rule|Item Clause: Limit 1 of each item\n|clearpoke\n|poke|p1|Zoroark-Hisui, L50, M|\n|poke|p1|Delphox, L50, M|\n|poke|p1|Kingambit, L50, M|\n|poke|p1|Sneasler, L50, M|\n|poke|p1|Clefable, L50, M|\n|poke|p1|Dragonite, L50, F|\n|poke|p2|Tyranitar, L50, M|\n|poke|p2|Excadrill, L50, F|\n|poke|p2|Aerodactyl, L50, M|\n|poke|p2|Araquanid, L50, M|\n|poke|p2|Rotom-Heat, L50|\n|poke|p2|Archaludon, L50, M|\n|teampreview|4\nTheColorDown rejected open team sheets.\n|inactive|Battle timer is ON: inactive players will automatically lose when time's up. (requested by TheColorDown)\n|c|\u2606TheColorDown|lets do this gamer!\n|c|\u2606TheColorDown|it's game time!\n|c|\u2606TheColorDown|get ready to game!\n|c|\u2606TheColorDown|game on!\n|\n|t:|1776219401\n|teamsize|p1|4\n|teamsize|p2|4\n|start\n|switch|p1a: Clefable|Clefable, L50, M|100/100\n|switch|p1b: Delphox|Delphox, L50, M|100/100\n|switch|p2a: Tyranitar|Tyranitar, L50, M|100/100\n|switch|p2b: Aerodactyl|Aerodactyl, L50, M|100/100\n|-weather|Sandstorm|[from] ability: Sand Stream|[of] p2a: Tyranitar\n|turn|1\n|c|\u2606TheColorDown|get your head in the game!\n|\n|t:|1776219428\n|detailschange|p1b: Delphox|Delphox-Mega, L50, M\n|-mega|p1b: Delphox|Delphox|Delphoxite\n|detailschange|p2a: Tyranitar|Tyranitar-Mega, L50, M\n|-mega|p2a: Tyranitar|Tyranitar|Tyranitarite\n|move|p1a: Clefable|Icy Wind|p2a: Tyranitar|[spread] p2a,p2b\n|-supereffective|p2b: Aerodactyl|1\n|-damage|p2a: Tyranitar|94/100\n|-damage|p2b: Aerodactyl|73/100\n|-unboost|p2a: Tyranitar|spe|1\n|-unboost|p2b: Aerodactyl|spe|1\n|move|p1b: Delphox|Psychic|p2b: Aerodactyl\n|-damage|p2b: Aerodactyl|19/100\n|move|p2b: Aerodactyl|Tailwind|p2b: Aerodactyl\n|-sidestart|p2: BorderWallrus|move: Tailwind\n|move|p2a: Tyranitar|Knock Off|p1b: Delphox\n|-supereffective|p1b: Delphox|1\n|-damage|p1b: Delphox|0 fnt\n|faint|p1b: Delphox\n|\n|-weather|Sandstorm|[upkeep]\n|-damage|p1a: Clefable|94/100|[from] Sandstorm\n|upkeep\n|c|\u2606TheColorDown|EXPLOOOOOOOOOOOOSION!\n|c|\u2606TheColorDown|FUCK WHY DIDNT HE DIE\n|c|\u2606TheColorDown|HE USUALLY DIES FROM THAT\n|c|\u2606TheColorDown|what\n|inactive|TheColorDown has 30 seconds left.\n|\n|t:|1776219457\n|switch|p1b: Sneasler|Sneasler, L50, M|100/100\n|turn|2\n|\n|t:|1776219480\n|move|p2b: Aerodactyl|Psychic Fangs|p1b: Sneasler\n|-supereffective|p1b: Sneasler|2\n|-crit|p1b: Sneasler\n|-enditem|p1b: Sneasler|Focus Sash\n|-damage|p1b: Sneasler|1/100\n|move|p1b: Sneasler|Close Combat|p2a: Tyranitar\n|-supereffective|p2a: Tyranitar|2\n|-damage|p2a: Tyranitar|0 fnt\n|-unboost|p1b: Sneasler|def|1\n|-unboost|p1b: Sneasler|spd|1\n|faint|p2a: Tyranitar\n|move|p1a: Clefable|Icy Wind|p2b: Aerodactyl\n|-supereffective|p2b: Aerodactyl|1\n|-damage|p2b: Aerodactyl|0 fnt\n|faint|p2b: Aerodactyl\n|\n|-weather|Sandstorm|[upkeep]\n|-damage|p1b: Sneasler|0 fnt|[from] Sandstorm\n|-damage|p1a: Clefable|88/100|[from] Sandstorm\n|faint|p1b: Sneasler\n|upkeep\n|\n|t:|1776219495\n|switch|p2b: Archaludon|Archaludon, L50, M|100/100\n|switch|p1b: Clefable|Clefable, L50, M|100/100\n|switch|p2a: Excadrill|Excadrill, L50, F, shiny|100/100\n|turn|3\n|\n|t:|1776219520\n|move|p1b: Clefable|Helping Hand|p1a: Clefable\n|-singleturn|p1a: Clefable|Helping Hand|[of] p1b: Clefable\n|move|p2a: Excadrill|Iron Head|p1b: Clefable\n|-supereffective|p1b: Clefable|1\n|-damage|p1b: Clefable|22/100\n|-enditem|p1b: Clefable|Sitrus Berry|[eat]\n|-heal|p1b: Clefable|47/100|[from] item: Sitrus Berry\n|move|p1a: Clefable|Icy Wind|p2a: Excadrill|[spread] p2a,p2b\n|-damage|p2a: Excadrill|73/100\n|-damage|p2b: Archaludon|78/100\n|-unboost|p2a: Excadrill|spe|1\n|-unboost|p2b: Archaludon|spe|1\n|-ability|p2b: Archaludon|Stamina|boost\n|-boost|p2b: Archaludon|def|1\n|-enditem|p2b: Archaludon|White Herb\n|-clearnegativeboost|p2b: Archaludon|[silent]\n|move|p2b: Archaludon|Electro Shot||[still]\n|-prepare|p2b: Archaludon|Electro Shot\n|-boost|p2b: Archaludon|spa|1\n|\n|-weather|Sandstorm|[upkeep]\n|-damage|p1a: Clefable|82/100|[from] Sandstorm\n|-damage|p1b: Clefable|41/100|[from] Sandstorm\n|upkeep\n|turn|4\n|c|\u2606TheColorDown|do you have a bulky aerodactly\n|inactive|BorderWallrus has 30 seconds left.\n|\n|t:|1776219546\n|move|p1b: Clefable|Protect|p1b: Clefable\n|-singleturn|p1b: Clefable|Protect\n|move|p2a: Excadrill|Iron Head|p1b: Clefable\n|-activate|p1b: Clefable|move: Protect\n|move|p1a: Clefable|Icy Wind|p2a: Excadrill|[spread] p2a,p2b\n|-damage|p2a: Excadrill|55/100\n|-damage|p2b: Archaludon|64/100\n|-unboost|p2a: Excadrill|spe|1\n|-unboost|p2b: Archaludon|spe|1\n|-ability|p2b: Archaludon|Stamina|boost\n|-boost|p2b: Archaludon|def|1\n|move|p2b: Archaludon|Electro Shot|p1a: Clefable|[from] lockedmove\n|-damage|p1a: Clefable|0 fnt\n|replace|p1a: Zoroark|Zoroark-Hisui, L50, M\n|-end|p1a: Zoroark|Illusion\n|faint|p1a: Zoroark\n|\n|-weather|Sandstorm|[upkeep]\n|-damage|p1b: Clefable|35/100|[from] Sandstorm\n|-sideend|p2: BorderWallrus|move: Tailwind\n|upkeep\n|turn|5\n|c|\u2606TheColorDown|sire\n|c|\u2606TheColorDown|doth thy have a bulky aerodactyl?\n|inactive|TheColorDown has 30 seconds left.\n|\n|t:|1776219580\n|move|p2a: Excadrill|Poison Jab|p1b: Clefable\n|-supereffective|p1b: Clefable|1\n|-damage|p1b: Clefable|0 fnt\n|faint|p1b: Clefable\n|\n|win|BorderWallrus\n",
  "uploadtime": 1776219440,
  "views": 14,
  "formatid": "gen9championsvgc2026regma",
  "rating": null,
  "private": 0,
  "password": null
}