{
  "id": "gen9championsvgc2026regma-2588302469",
  "format": "[Gen 9 Champions] VGC 2026 Reg M-A",
  "players": [
    "DavidTIS",
    "Mr_D_Rex957"
  ],
  "log": "|j|\u2606DavidTIS\n|j|\u2606Mr_D_Rex957\n|t:|1776622380\n|gametype|doubles\n|player|p1|DavidTIS|1|1170\n|player|p2|Mr_D_Rex957|101|1082\n|gen|9\n|tier|[Gen 9 Champions] VGC 2026 Reg M-A\n|rated|\n|rule|Species Clause: Limit one of each Pok\u00e9mon\n|rule|Item Clause: Limit 1 of each item\n|clearpoke\n|poke|p1|Starmie, L50|\n|poke|p1|Lucario, L50, M|\n|poke|p1|Zoroark-Hisui, L50, F|\n|poke|p1|Lycanroc-Dusk, L50, F|\n|poke|p1|Skarmory, L50, F|\n|poke|p1|Hydreigon, L50, F|\n|poke|p2|Garchomp, L50, M|\n|poke|p2|Rotom-Wash, L50|\n|poke|p2|Incineroar, L50, M|\n|poke|p2|Aerodactyl, L50, M|\n|poke|p2|Whimsicott, L50, F|\n|poke|p2|Gardevoir, L50, F|\n|teampreview|4\n|inactive|Battle timer is ON: inactive players will automatically lose when time's up. (requested by DavidTIS)\n|inactive|DavidTIS has 60 seconds left.\n|\n|t:|1776622430\n|teamsize|p1|4\n|teamsize|p2|4\n|start\n|switch|p1a: Starmie|Starmie, L50|100/100\n|switch|p1b: Lucario|Lucario, L50, M|100/100\n|switch|p2a: Whimsicott|Whimsicott, L50, F|100/100\n|switch|p2b: Tigre To\u00f1o|Incineroar, L50, M|100/100\n|-ability|p2b: Tigre To\u00f1o|Intimidate|boost\n|-unboost|p1a: Starmie|atk|1\n|-fail|p1b: Lucario|unboost|Attack|[from] ability: Inner Focus|[of] p1b: Lucario\n|turn|1\n|inactive|DavidTIS has 30 seconds left.\n|\n|t:|1776622456\n|switch|p1a: Starmie|Starmie, L50|100/100\n|move|p2b: Tigre To\u00f1o|Fake Out|p1b: Lucario\n|-resisted|p1b: Lucario|1\n|-damage|p1b: Lucario|92/100\n|move|p2a: Whimsicott|Tailwind|p2a: Whimsicott\n|-sidestart|p2: Mr_D_Rex957|move: Tailwind\n|move|p1b: Lucario|Flash Cannon|p2a: Whimsicott\n|-supereffective|p2a: Whimsicott|1\n|-enditem|p2a: Whimsicott|Focus Sash\n|-damage|p2a: Whimsicott|1/100\n|\n|upkeep\n|turn|2\n|\n|t:|1776622474\n|move|p1a: Starmie|Shadow Sneak|p2a: Whimsicott\n|-damage|p2a: Whimsicott|0 fnt\n|faint|p2a: Whimsicott\n|move|p2b: Tigre To\u00f1o|Flare Blitz|p1b: Lucario\n|-supereffective|p1b: Lucario|1\n|-damage|p1b: Lucario|0 fnt\n|faint|p1b: Lucario\n|-damage|p2b: Tigre To\u00f1o|78/100|[from] Recoil\n|\n|upkeep\n|\n|t:|1776622496\n|switch|p2a: Garchomp|Garchomp, L50, M|100/100\n|switch|p1b: Starmie|Starmie, L50|100/100\n|turn|3\n|\n|t:|1776622507\n|detailschange|p2a: Garchomp|Garchomp-Mega, L50, M\n|-mega|p2a: Garchomp|Garchomp|Garchompite\n|detailschange|p1b: Starmie|Starmie-Mega, L50\n|-mega|p1b: Starmie|Starmie|Starminite\n|move|p1a: Starmie|Protect|p1a: Starmie\n|-singleturn|p1a: Starmie|Protect\n|move|p2a: Garchomp|Dragon Claw|p1b: Starmie\n|-damage|p1b: Starmie|46/100\n|move|p1b: Starmie|Ice Spinner|p2a: Garchomp\n|-supereffective|p2a: Garchomp|2\n|-damage|p2a: Garchomp|0 fnt\n|faint|p2a: Garchomp\n|move|p2b: Tigre To\u00f1o|Darkest Lariat|p1b: Starmie\n|-supereffective|p1b: Starmie|1\n|-damage|p1b: Starmie|0 fnt\n|faint|p1b: Starmie\n|\n|upkeep\n|\n|t:|1776622522\n|switch|p1b: Lycanroc|Lycanroc-Dusk, L50, F|100/100\n|switch|p2a: Rotom|Rotom-Wash, L50|100/100\n|turn|4\n|\n|t:|1776622531\n|move|p2a: Rotom|Will-O-Wisp|p1b: Lycanroc\n|-status|p1b: Lycanroc|brn\n|move|p2b: Tigre To\u00f1o|Darkest Lariat|p1a: Starmie\n|-supereffective|p1a: Starmie|1\n|-damage|p1a: Starmie|0 fnt\n|replace|p1a: Zoroark|Zoroark-Hisui, L50, F\n|-end|p1a: Zoroark|Illusion\n|faint|p1a: Zoroark\n|move|p1b: Lycanroc|Rock Slide|p2b: Tigre To\u00f1o|[spread] p2a,p2b\n|-supereffective|p2b: Tigre To\u00f1o|1\n|-damage|p2a: Rotom|81/100\n|-damage|p2b: Tigre To\u00f1o|54/100\n|\n|-damage|p1b: Lycanroc|95/100 brn|[from] brn\n|-sideend|p2: Mr_D_Rex957|move: Tailwind\n|upkeep\n|turn|5\n|\n|t:|1776622546\n|move|p1b: Lycanroc|Rock Slide|p2b: Tigre To\u00f1o|[spread] p2a,p2b\n|-supereffective|p2b: Tigre To\u00f1o|1\n|-damage|p2a: Rotom|64/100\n|-damage|p2b: Tigre To\u00f1o|29/100\n|move|p2a: Rotom|Hydro Pump|p1b: Lycanroc|[miss]\n|-miss|p2a: Rotom|p1b: Lycanroc\n|move|p2b: Tigre To\u00f1o|Darkest Lariat|p1b: Lycanroc\n|-damage|p1b: Lycanroc|33/100 brn\n|\n|-damage|p1b: Lycanroc|27/100 brn|[from] brn\n|upkeep\n|turn|6\n|\n|t:|1776622557\n|move|p1b: Lycanroc|Rock Slide|p2a: Rotom|[spread] p2a,p2b\n|-supereffective|p2b: Tigre To\u00f1o|1\n|-damage|p2a: Rotom|45/100\n|-damage|p2b: Tigre To\u00f1o|1/100\n|-enditem|p2a: Rotom|Sitrus Berry|[eat]\n|-heal|p2a: Rotom|70/100|[from] item: Sitrus Berry\n|move|p2a: Rotom|Electroweb|p1b: Lycanroc\n|-damage|p1b: Lycanroc|0 fnt\n|faint|p1b: Lycanroc\n|\n|win|Mr_D_Rex957\n|raw|DavidTIS's rating: 1170 &rarr; <strong>1139</strong><br />(-31 for losing)\n|raw|Mr_D_Rex957's rating: 1082 &rarr; <strong>1117</strong><br />(+35 for winning)\n|l|\u2606Mr_D_Rex957\n|player|p2|\n",
  "uploadtime": 1776622562,
  "views": 12,
  "formatid": "gen9championsvgc2026regma",
  "rating": 1117,
  "private": 0,
  "password": null
}