{
  "id": "gen9championsvgc2026regma-2584785444",
  "format": "[Gen 9 Champions] VGC 2026 Reg M-A",
  "players": [
    "plebston mcbacon",
    "ababa543"
  ],
  "log": "|j|\u2606plebston mcbacon\n|j|\u2606ababa543\n|t:|1776283502\n|gametype|doubles\n|player|p1|plebston mcbacon|266|1106\n|player|p2|ababa543|wallace|1107\n|gen|9\n|tier|[Gen 9 Champions] VGC 2026 Reg M-A\n|rated|\n|rule|Species Clause: Limit one of each Pok\u00e9mon\n|rule|Item Clause: Limit 1 of each item\n|clearpoke\n|poke|p1|Meganium, L50, F|\n|poke|p1|Pelipper, L50, M|\n|poke|p1|Aerodactyl, L50, M|\n|poke|p1|Basculegion, L50, M|\n|poke|p1|Archaludon, L50, F|\n|poke|p1|Excadrill, L50, M|\n|poke|p2|Pelipper, L50, M|\n|poke|p2|Archaludon, L50, F|\n|poke|p2|Meganium, L50, M|\n|poke|p2|Dragonite, L50, F|\n|poke|p2|Sneasler, L50, M|\n|poke|p2|Basculegion, L50, M|\n|teampreview|4\n|inactive|Battle timer is ON: inactive players will automatically lose when time's up. (requested by plebston mcbacon)\n|inactive|plebston mcbacon has 60 seconds left.\n|inactive|ababa543 has 60 seconds left.\n|\n|t:|1776283547\n|teamsize|p1|4\n|teamsize|p2|4\n|start\n|switch|p1a: Rrrrrocks!!|Aerodactyl, L50, M, shiny|100/100\n|switch|p1b: A.Ham|Pelipper, L50, M|100/100\n|switch|p2a: Dragonite|Dragonite, L50, F, shiny|100/100\n|switch|p2b: Sneasler|Sneasler, L50, M|100/100\n|-ability|p1a: Rrrrrocks!!|Pressure\n|-weather|RainDance|[from] ability: Drizzle|[of] p1b: A.Ham\n|turn|1\n|\n|t:|1776283562\n|detailschange|p2a: Dragonite|Dragonite-Mega, L50, F, shiny\n|-mega|p2a: Dragonite|Dragonite|Dragoninite\n|move|p1a: Rrrrrocks!!|Protect|p1a: Rrrrrocks!!\n|-singleturn|p1a: Rrrrrocks!!|Protect\n|move|p1b: A.Ham|Protect|p1b: A.Ham\n|-singleturn|p1b: A.Ham|Protect\n|move|p2b: Sneasler|Fake Out|p1a: Rrrrrocks!!\n|-activate|p1a: Rrrrrocks!!|move: Protect\n|move|p2a: Dragonite|Thunderbolt|p1b: A.Ham\n|-activate|p1b: A.Ham|move: Protect\n|\n|-weather|RainDance|[upkeep]\n|upkeep\n|turn|2\n|\n|t:|1776283577\n|move|p2b: Sneasler|Protect|p2b: Sneasler\n|-singleturn|p2b: Sneasler|Protect\n|move|p1a: Rrrrrocks!!|Rock Slide|p2a: Dragonite|[spread] p2a\n|-activate|p2b: Sneasler|move: Protect\n|-supereffective|p2a: Dragonite|1\n|-damage|p2a: Dragonite|73/100\n|cant|p2a: Dragonite|flinch\n|move|p1b: A.Ham|Hurricane|p2b: Sneasler\n|-activate|p2b: Sneasler|move: Protect\n|\n|-weather|RainDance|[upkeep]\n|upkeep\n|turn|3\n|\n|t:|1776283592\n|move|p2b: Sneasler|Dire Claw|p1b: A.Ham\n|-damage|p1b: A.Ham|45/100\n|move|p1a: Rrrrrocks!!|Rock Slide|p2b: Sneasler|[spread] p2a,p2b\n|-supereffective|p2a: Dragonite|1\n|-resisted|p2b: Sneasler|1\n|-damage|p2a: Dragonite|23/100\n|-damage|p2b: Sneasler|77/100\n|move|p2a: Dragonite|Tailwind|p2a: Dragonite\n|-sidestart|p2: ababa543|move: Tailwind\n|move|p1b: A.Ham|Hurricane|p2b: Sneasler\n|-supereffective|p2b: Sneasler|1\n|-damage|p2b: Sneasler|0 fnt\n|faint|p2b: Sneasler\n|\n|-weather|RainDance|[upkeep]\n|upkeep\n|\n|t:|1776283608\n|switch|p2b: Pelipper|Pelipper, L50, M|100/100\n|turn|4\n|\n|t:|1776283625\n|move|p1b: A.Ham|Protect|p1b: A.Ham\n|-singleturn|p1b: A.Ham|Protect\n|move|p2a: Dragonite|Thunderbolt|p1a: Rrrrrocks!!\n|-supereffective|p1a: Rrrrrocks!!|1\n|-damage|p1a: Rrrrrocks!!|10/100\n|move|p1a: Rrrrrocks!!|Tailwind|p1a: Rrrrrocks!!\n|-sidestart|p1: plebston mcbacon|move: Tailwind\n|move|p2b: Pelipper|Weather Ball|p1a: Rrrrrocks!!\n|-supereffective|p1a: Rrrrrocks!!|1\n|-damage|p1a: Rrrrrocks!!|0 fnt\n|faint|p1a: Rrrrrocks!!\n|\n|-weather|RainDance|[upkeep]\n|upkeep\n|inactive|plebston mcbacon has 30 seconds left.\n|\n|t:|1776283656\n|switch|p1a: Zabuza|Basculegion, L50, M, shiny|100/100\n|turn|5\n|\n|t:|1776283669\n|move|p1a: Zabuza|Last Respects|p2b: Pelipper\n|-damage|p2b: Pelipper|51/100\n|move|p2a: Dragonite|Thunderbolt|p1a: Zabuza\n|-supereffective|p1a: Zabuza|1\n|-damage|p1a: Zabuza|28/100\n|move|p1b: A.Ham|Hurricane|p2a: Dragonite\n|-damage|p2a: Dragonite|0 fnt\n|faint|p2a: Dragonite\n|move|p2b: Pelipper|Hurricane|p1a: Zabuza\n|-damage|p1a: Zabuza|0 fnt\n|faint|p1a: Zabuza\n|\n|-weather|none\n|upkeep\n|\n|t:|1776283681\n|switch|p2a: Basculegion|Basculegion, L50, M|100/100\n|switch|p1a: Excadrill|Excadrill, L50, M|100/100\n|-ability|p1a: Excadrill|Mold Breaker\n|turn|6\n|\n|t:|1776283700\n|move|p1a: Excadrill|Protect|p1a: Excadrill\n|-singleturn|p1a: Excadrill|Protect\n|move|p1b: A.Ham|Protect|p1b: A.Ham\n|-singleturn|p1b: A.Ham|Protect\n|move|p2a: Basculegion|Wave Crash|p1a: Excadrill\n|-activate|p1a: Excadrill|move: Protect\n|move|p2b: Pelipper|Icy Wind|p1b: A.Ham|[spread] \n|-activate|p1a: Excadrill|move: Protect\n|-activate|p1b: A.Ham|move: Protect\n|\n|-sideend|p2: ababa543|move: Tailwind\n|upkeep\n|turn|7\n|inactive|plebston mcbacon has 30 seconds left.\n|\n|t:|1776283728\n|detailschange|p1a: Excadrill|Excadrill-Mega, L50, M\n|-mega|p1a: Excadrill|Excadrill|Excadrite\n|move|p2b: Pelipper|Protect|p2b: Pelipper\n|-singleturn|p2b: Pelipper|Protect\n|move|p1a: Excadrill|High Horsepower|p2a: Basculegion\n|-damage|p2a: Basculegion|18/100\n|move|p1b: A.Ham|Hurricane|p2b: Pelipper\n|-activate|p2b: Pelipper|move: Protect\n|move|p2a: Basculegion|Last Respects|p1b: A.Ham\n|-damage|p1b: A.Ham|0 fnt\n|faint|p1b: A.Ham\n|\n|-sideend|p1: plebston mcbacon|move: Tailwind\n|upkeep\n|turn|8\n|\n|t:|1776283751\n|move|p1a: Excadrill|Earthquake|p2a: Basculegion|[spread] p2a\n|-immune|p2b: Pelipper\n|-damage|p2a: Basculegion|0 fnt\n|faint|p2a: Basculegion\n|move|p2b: Pelipper|Icy Wind|p1a: Excadrill\n|-damage|p1a: Excadrill|78/100\n|-unboost|p1a: Excadrill|spe|1\n|\n|upkeep\n|turn|9\n|\n|t:|1776283762\n|move|p1a: Excadrill|Iron Head|p2b: Pelipper\n|-resisted|p2b: Pelipper|1\n|-damage|p2b: Pelipper|21/100\n|-enditem|p2b: Pelipper|Sitrus Berry|[eat]\n|-heal|p2b: Pelipper|45/100|[from] item: Sitrus Berry\n|move|p2b: Pelipper|Hurricane|p1a: Excadrill|[miss]\n|-miss|p2b: Pelipper|p1a: Excadrill\n|\n|upkeep\n|turn|10\n|-message|ababa543 forfeited.\n|\n|win|plebston mcbacon\n|raw|plebston mcbacon's rating: 1106 &rarr; <strong>1131</strong><br />(+25 for winning)\n|raw|ababa543's rating: 1107 &rarr; <strong>1082</strong><br />(-25 for losing)\n|l|\u2606ababa543\n|player|p2|\n|c|\u2606plebston mcbacon|ggs\n",
  "uploadtime": 1776283783,
  "views": 26,
  "formatid": "gen9championsvgc2026regma",
  "rating": 1082,
  "private": 0,
  "password": null
}