{
  "id": "gen9championsvgc2026regma-2583779440",
  "format": "[Gen 9 Champions] VGC 2026 Reg M-A",
  "players": [
    "Juya",
    "rexter21"
  ],
  "log": "|j|\u2606Juya\n|j|\u2606rexter21\n|t:|1776197135\n|gametype|doubles\n|player|p1|Juya|169|1285\n|player|p2|rexter21|hilbert|1334\n|gen|9\n|tier|[Gen 9 Champions] VGC 2026 Reg M-A\n|rated|\n|rule|Species Clause: Limit one of each Pok\u00e9mon\n|rule|Item Clause: Limit 1 of each item\n|clearpoke\n|poke|p1|Sneasler, L50, F|\n|poke|p1|Kingambit, L50, F|\n|poke|p1|Clefable, L50, F|\n|poke|p1|Delphox, L50, F|\n|poke|p1|Dragonite, L50, M|\n|poke|p1|Basculegion, L50, M|\n|poke|p2|Delphox, L50, F|\n|poke|p2|Dragonite, L50, M|\n|poke|p2|Rotom-Wash, L50|\n|poke|p2|Garchomp, L50, M|\n|poke|p2|Kingambit, L50, M|\n|poke|p2|Ninetales-Alola, L50, F|\n|teampreview|4\n|inactive|Battle timer is ON: inactive players will automatically lose when time's up. (requested by Juya)\n|inactive|Juya has 60 seconds left.\n|\n|t:|1776197170\n|teamsize|p1|4\n|teamsize|p2|4\n|start\n|switch|p1a: Dragonite|Dragonite, L50, M|100/100\n|switch|p1b: Clefable|Clefable, L50, F|100/100\n|switch|p2a: Dragonite|Dragonite, L50, M|100/100\n|switch|p2b: Rotom|Rotom-Wash, L50|100/100\n|turn|1\n|\n|t:|1776197179\n|move|p1b: Clefable|Follow Me|p1b: Clefable\n|-singleturn|p1b: Clefable|move: Follow Me\n|move|p1a: Dragonite|Scale Shot|p2a: Dragonite\n|-supereffective|p2a: Dragonite|1\n|-damage|p2a: Dragonite|73/100\n|-supereffective|p2a: Dragonite|1\n|-damage|p2a: Dragonite|46/100\n|-supereffective|p2a: Dragonite|1\n|-damage|p2a: Dragonite|17/100\n|-supereffective|p2a: Dragonite|1\n|-damage|p2a: Dragonite|0 fnt\n|faint|p2a: Dragonite\n|-hitcount|p2: Dragonite|4\n|-unboost|p1a: Dragonite|def|1\n|-boost|p1a: Dragonite|spe|1\n|move|p2b: Rotom|Electroweb|p1b: Clefable|[spread] p1a,p1b\n|-damage|p1a: Dragonite|94/100\n|-damage|p1b: Clefable|86/100\n|-unboost|p1a: Dragonite|spe|1\n|-unboost|p1b: Clefable|spe|1\n|\n|upkeep\n|\n|t:|1776197189\n|switch|p2a: Delphox|Delphox, L50, F|100/100\n|turn|2\n|inactive|Juya has 30 seconds left.\n|\n|t:|1776197224\n|detailschange|p2a: Delphox|Delphox-Mega, L50, F\n|-mega|p2a: Delphox|Delphox|Delphoxite\n|move|p1b: Clefable|Helping Hand|p1a: Dragonite\n|-singleturn|p1a: Dragonite|Helping Hand|[of] p1b: Clefable\n|move|p1a: Dragonite|Extreme Speed|p2a: Delphox\n|-damage|p2a: Delphox|27/100\n|move|p2a: Delphox|Psychic|p1b: Clefable\n|-damage|p1b: Clefable|41/100\n|-enditem|p1b: Clefable|Sitrus Berry|[eat]\n|-heal|p1b: Clefable|66/100|[from] item: Sitrus Berry\n|move|p2b: Rotom|Hydro Pump|p1b: Clefable\n|-damage|p1b: Clefable|30/100\n|\n|upkeep\n|turn|3\n|\n|t:|1776197247\n|move|p1b: Clefable|Helping Hand|p1a: Dragonite\n|-singleturn|p1a: Dragonite|Helping Hand|[of] p1b: Clefable\n|move|p2a: Delphox|Protect|p2a: Delphox\n|-singleturn|p2a: Delphox|Protect\n|move|p1a: Dragonite|Scale Shot|p2b: Rotom\n|-damage|p2b: Rotom|82/100\n|-damage|p2b: Rotom|63/100\n|-damage|p2b: Rotom|47/100\n|-damage|p2b: Rotom|28/100\n|-hitcount|p2b: Rotom|4\n|-unboost|p1a: Dragonite|def|1\n|-boost|p1a: Dragonite|spe|1\n|move|p2b: Rotom|Hydro Pump|p1b: Clefable\n|-damage|p1b: Clefable|0 fnt\n|faint|p1b: Clefable\n|\n|-heal|p2b: Rotom|34/100|[from] item: Leftovers\n|upkeep\n|\n|t:|1776197264\n|switch|p1b: Kingambit|Kingambit, L50, F|100/100\n|turn|4\n|\n|t:|1776197281\n|switch|p2a: Garchomp|Garchomp, L50, M|100/100\n|move|p2b: Rotom|Protect|p2b: Rotom\n|-singleturn|p2b: Rotom|Protect\n|move|p1b: Kingambit|Sucker Punch||[still]\n|-fail|p1b: Kingambit\n|move|p1a: Dragonite|Scale Shot|p2b: Rotom\n|-activate|p2b: Rotom|move: Protect\n|\n|-heal|p2b: Rotom|40/100|[from] item: Leftovers\n|upkeep\n|turn|5\n|inactive|rexter21 has 30 seconds left.\n|\n|t:|1776197310\n|move|p1a: Dragonite|Scale Shot|p2a: Garchomp\n|-supereffective|p2a: Garchomp|1\n|-damage|p2a: Garchomp|79/100\n|-supereffective|p2a: Garchomp|1\n|-damage|p2a: Garchomp|57/100\n|-supereffective|p2a: Garchomp|1\n|-damage|p2a: Garchomp|32/100\n|-hitcount|p2a: Garchomp|3\n|-unboost|p1a: Dragonite|def|1\n|-boost|p1a: Dragonite|spe|1\n|move|p2a: Garchomp|Dragon Claw|p1a: Dragonite\n|-supereffective|p1a: Dragonite|1\n|-damage|p1a: Dragonite|0 fnt\n|faint|p1a: Dragonite\n|move|p2b: Rotom|Will-O-Wisp|p1b: Kingambit\n|-status|p1b: Kingambit|brn\n|move|p1b: Kingambit|Kowtow Cleave|p2b: Rotom\n|-damage|p2b: Rotom|15/100\n|\n|-heal|p2b: Rotom|21/100|[from] item: Leftovers\n|-damage|p1b: Kingambit|95/100 brn|[from] brn\n|upkeep\n|\n|t:|1776197327\n|switch|p1a: Basculegion|Basculegion, L50, M|100/100\n|turn|6\n|\n|t:|1776197346\n|move|p1b: Kingambit|Sucker Punch|p2a: Garchomp\n|-damage|p2a: Garchomp|13/100\n|-damage|p1b: Kingambit|83/100 brn|[from] ability: Rough Skin|[of] p2a: Garchomp\n|move|p1a: Basculegion|Last Respects|p2b: Rotom\n|-damage|p2b: Rotom|0 fnt\n|faint|p2b: Rotom\n|move|p2a: Garchomp|Earthquake|p1a: Basculegion|[spread] p1a,p1b\n|-supereffective|p1b: Kingambit|1\n|-damage|p1a: Basculegion|46/100\n|-damage|p1b: Kingambit|13/100 brn\n|\n|-damage|p1b: Kingambit|7/100 brn|[from] brn\n|upkeep\n|\n|t:|1776197355\n|switch|p2b: Delphox|Delphox-Mega, L50, F|27/100\n|turn|7\n|\n|t:|1776197362\n|move|p2b: Delphox|Protect|p2b: Delphox\n|-singleturn|p2b: Delphox|Protect\n|move|p2a: Garchomp|Protect|p2a: Garchomp\n|-singleturn|p2a: Garchomp|Protect\n|move|p1b: Kingambit|Sucker Punch||[still]\n|-fail|p1b: Kingambit\n|move|p1a: Basculegion|Last Respects|p2b: Delphox\n|-activate|p2b: Delphox|move: Protect\n|\n|-damage|p1b: Kingambit|1/100 brn|[from] brn\n|upkeep\n|turn|8\n|inactive|rexter21 has 30 seconds left.\n|\n|t:|1776197391\n|move|p1b: Kingambit|Sucker Punch|p2a: Garchomp\n|-damage|p2a: Garchomp|0 fnt\n|-damage|p1b: Kingambit|0 fnt|[from] ability: Rough Skin|[of] p2a: Garchomp\n|faint|p2a: Garchomp\n|faint|p1b: Kingambit\n|move|p1a: Basculegion|Last Respects|p2b: Delphox\n|-supereffective|p2b: Delphox|1\n|-damage|p2b: Delphox|0 fnt\n|faint|p2b: Delphox\n|\n|win|Juya\n|raw|Juya's rating: 1285 &rarr; <strong>1314</strong><br />(+29 for winning)\n|raw|rexter21's rating: 1334 &rarr; <strong>1311</strong><br />(-23 for losing)\n|l|\u2606rexter21\n|player|p2|\n",
  "uploadtime": 1776197401,
  "views": 37,
  "formatid": "gen9championsvgc2026regma",
  "rating": 1311,
  "private": 0,
  "password": null
}