{
  "id": "gen9championsvgc2026regma-2586997685",
  "format": "[Gen 9 Champions] VGC 2026 Reg M-A",
  "players": [
    "TynnaniganRepticol",
    "jingming"
  ],
  "log": "|j|\u2606TynnaniganRepticol\n|j|\u2606jingming\n|t:|1776479606\n|gametype|doubles\n|player|p1|TynnaniganRepticol|1|1136\n|player|p2|jingming|nate|1216\n|gen|9\n|tier|[Gen 9 Champions] VGC 2026 Reg M-A\n|rated|\n|rule|Species Clause: Limit one of each Pok\u00e9mon\n|rule|Item Clause: Limit 1 of each item\n|clearpoke\n|poke|p1|Orthworm, L50, F|\n|poke|p1|Basculegion, L50, M|\n|poke|p1|Incineroar, L50, F|\n|poke|p1|Rotom-Frost, L50|\n|poke|p1|Froslass, L50, F|\n|poke|p1|Garchomp, L50, F|\n|poke|p2|Aerodactyl, L50, F|\n|poke|p2|Tyranitar, L50, F|\n|poke|p2|Aegislash, L50, M|\n|poke|p2|Excadrill, L50, M|\n|poke|p2|Corviknight, L50, M|\n|poke|p2|Sinistcha, L50|\n|teampreview|4\n|inactive|Battle timer is ON: inactive players will automatically lose when time's up. (requested by jingming)\n|inactive|jingming has 60 seconds left.\n|inactive|TynnaniganRepticol has 60 seconds left.\n|\n|t:|1776479674\n|teamsize|p1|4\n|teamsize|p2|4\n|start\n|switch|p1a: Incineroar|Incineroar, L50, F|100/100\n|switch|p1b: Basculegion|Basculegion, L50, M|100/100\n|switch|p2a: Tyranitar|Tyranitar, L50, F|100/100\n|switch|p2b: Corviknight|Corviknight, L50, M|100/100\n|-weather|Sandstorm|[from] ability: Sand Stream|[of] p2a: Tyranitar\n|-ability|p1a: Incineroar|Intimidate|boost\n|-unboost|p2a: Tyranitar|atk|1\n|-ability|p2b: Corviknight|Mirror Armor\n|-unboost|p1a: Incineroar|atk|1\n|turn|1\n|inactive|TynnaniganRepticol has 30 seconds left.\n|\n|t:|1776479700\n|move|p2a: Tyranitar|Protect|p2a: Tyranitar\n|-singleturn|p2a: Tyranitar|Protect\n|move|p1a: Incineroar|Fake Out|p2b: Corviknight\n|-resisted|p2b: Corviknight|1\n|-damage|p2b: Corviknight|98/100\n|move|p1b: Basculegion|Wave Crash|p2a: Tyranitar\n|-activate|p2a: Tyranitar|move: Protect\n|cant|p2b: Corviknight|flinch\n|\n|-weather|Sandstorm|[upkeep]\n|-damage|p1b: Basculegion|94/100|[from] Sandstorm\n|-damage|p1a: Incineroar|95/100|[from] Sandstorm\n|-heal|p2b: Corviknight|100/100|[from] item: Leftovers\n|upkeep\n|turn|2\n|\n|t:|1776479724\n|switch|p2a: Sinistcha|Sinistcha, L50|100/100\n|move|p1b: Basculegion|Wave Crash|p2a: Sinistcha\n|-resisted|p2a: Sinistcha|1\n|-damage|p2a: Sinistcha|75/100\n|-damage|p1b: Basculegion|87/100|[from] Recoil\n|move|p2b: Corviknight|Iron Defense|p2b: Corviknight\n|-boost|p2b: Corviknight|def|2\n|move|p1a: Incineroar|Parting Shot|p2b: Corviknight\n|-ability|p2b: Corviknight|Mirror Armor\n|-unboost|p1a: Incineroar|atk|1\n|-ability|p2b: Corviknight|Mirror Armor\n|-unboost|p1a: Incineroar|spa|1\n|\n|t:|1776479746\n|switch|p1a: Rotom|Rotom-Frost, L50|100/100|[from] Parting Shot\n|\n|-weather|Sandstorm|[upkeep]\n|-damage|p1b: Basculegion|81/100|[from] Sandstorm\n|-damage|p1a: Rotom|95/100|[from] Sandstorm\n|-damage|p2a: Sinistcha|69/100|[from] Sandstorm\n|upkeep\n|turn|3\n|\n|t:|1776479762\n|switch|p1b: Incineroar|Incineroar, L50, F|95/100\n|-ability|p1b: Incineroar|Intimidate|boost\n|-unboost|p2a: Sinistcha|atk|1\n|-ability|p2b: Corviknight|Mirror Armor\n|-unboost|p1b: Incineroar|atk|1\n|move|p1a: Rotom|Thunderbolt|p2b: Corviknight\n|-supereffective|p2b: Corviknight|1\n|-damage|p2b: Corviknight|39/100\n|move|p2b: Corviknight|Body Press|p1a: Rotom\n|-supereffective|p1a: Rotom|1\n|-damage|p1a: Rotom|13/100\n|move|p2a: Sinistcha|Matcha Gotcha|p1a: Rotom|[spread] p1a\n|-miss|p2a: Sinistcha|p1b: Incineroar\n|-damage|p1a: Rotom|0 fnt\n|-heal|p2a: Sinistcha|75/100|[from] drain|[of] p1a: Rotom\n|faint|p1a: Rotom\n|\n|-weather|Sandstorm|[upkeep]\n|-damage|p2a: Sinistcha|68/100|[from] Sandstorm\n|-damage|p1b: Incineroar|89/100|[from] Sandstorm\n|-heal|p2b: Corviknight|45/100|[from] item: Leftovers\n|upkeep\n|\n|t:|1776479784\n|switch|p1a: Basculegion|Basculegion, L50, M|81/100\n|turn|4\n|\n|t:|1776479800\n|move|p1b: Incineroar|Fake Out|p2b: Corviknight\n|-resisted|p2b: Corviknight|1\n|-damage|p2b: Corviknight|43/100\n|move|p2a: Sinistcha|Rage Powder|p2a: Sinistcha\n|-singleturn|p2a: Sinistcha|move: Rage Powder\n|move|p1a: Basculegion|Last Respects|p2a: Sinistcha\n|-supereffective|p2a: Sinistcha|1\n|-damage|p2a: Sinistcha|0 fnt\n|faint|p2a: Sinistcha\n|cant|p2b: Corviknight|flinch\n|\n|-weather|Sandstorm|[upkeep]\n|-damage|p1a: Basculegion|75/100|[from] Sandstorm\n|-damage|p1b: Incineroar|83/100|[from] Sandstorm\n|-heal|p2b: Corviknight|49/100|[from] item: Leftovers\n|upkeep\n|\n|t:|1776479809\n|switch|p2a: Tyranitar|Tyranitar, L50, F|100/100\n|turn|5\n|\n|t:|1776479830\n|switch|p1a: Garchomp|Garchomp, L50, F|100/100\n|move|p2a: Tyranitar|Knock Off|p1a: Garchomp\n|-damage|p1a: Garchomp|50/100\n|-damage|p2a: Tyranitar|88/100|[from] ability: Rough Skin|[of] p1a: Garchomp\n|-enditem|p1a: Garchomp|Focus Sash|[from] move: Knock Off|[of] p2a: Tyranitar\n|move|p2b: Corviknight|Roost|p2b: Corviknight\n|-heal|p2b: Corviknight|99/100\n|-singleturn|p2b: Corviknight|move: Roost\n|move|p1b: Incineroar|Parting Shot|p2a: Tyranitar\n|-unboost|p2a: Tyranitar|atk|1\n|-unboost|p2a: Tyranitar|spa|1\n|\n|t:|1776479844\n|switch|p1b: Basculegion|Basculegion, L50, M|75/100|[from] Parting Shot\n|\n|-weather|none\n|-heal|p2b: Corviknight|100/100|[from] item: Leftovers\n|upkeep\n|turn|6\n|\n|t:|1776479861\n|move|p1a: Garchomp|Protect|p1a: Garchomp\n|-singleturn|p1a: Garchomp|Protect\n|move|p2a: Tyranitar|Protect|p2a: Tyranitar\n|-singleturn|p2a: Tyranitar|Protect\n|move|p1b: Basculegion|Wave Crash|p2a: Tyranitar\n|-activate|p2a: Tyranitar|move: Protect\n|move|p2b: Corviknight|Iron Defense|p2b: Corviknight\n|-boost|p2b: Corviknight|def|2\n|\n|upkeep\n|turn|7\n|\n|t:|1776479878\n|move|p1b: Basculegion|Wave Crash|p2a: Tyranitar\n|-supereffective|p2a: Tyranitar|1\n|-damage|p2a: Tyranitar|0 fnt\n|faint|p2a: Tyranitar\n|-damage|p1b: Basculegion|49/100|[from] Recoil\n|move|p1a: Garchomp|Rock Slide|p2b: Corviknight\n|-damage|p2b: Corviknight|94/100\n|move|p2b: Corviknight|Brave Bird|p1b: Basculegion\n|-damage|p1b: Basculegion|3/100\n|-damage|p2b: Corviknight|79/100|[from] Recoil\n|\n|-heal|p2b: Corviknight|85/100|[from] item: Leftovers\n|upkeep\n|\n|t:|1776479891\n|switch|p2a: Excadrill|Excadrill, L50, M|100/100\n|turn|8\n|\n|t:|1776479901\n|move|p2a: Excadrill|Rock Slide|p1a: Garchomp|[spread] p1a,p1b\n|-resisted|p1a: Garchomp|1\n|-damage|p1a: Garchomp|41/100\n|-damage|p1b: Basculegion|0 fnt\n|faint|p1b: Basculegion\n|cant|p1a: Garchomp|flinch\n|move|p2b: Corviknight|Brave Bird|p1a: Garchomp\n|-damage|p1a: Garchomp|4/100\n|-damage|p2b: Corviknight|73/100|[from] ability: Rough Skin|[of] p1a: Garchomp\n|-damage|p2b: Corviknight|61/100|[from] Recoil\n|\n|-heal|p2b: Corviknight|67/100|[from] item: Leftovers\n|upkeep\n|\n|t:|1776479913\n|switch|p1b: Incineroar|Incineroar, L50, F|83/100\n|-ability|p1b: Incineroar|Intimidate|boost\n|-unboost|p2a: Excadrill|atk|1\n|-ability|p2b: Corviknight|Mirror Armor\n|-unboost|p1b: Incineroar|atk|1\n|turn|9\n|\n|t:|1776479929\n|move|p2a: Excadrill|Rock Slide|p1b: Incineroar|[spread] p1a,p1b\n|-resisted|p1a: Garchomp|1\n|-supereffective|p1b: Incineroar|1\n|-damage|p1a: Garchomp|0 fnt\n|-damage|p1b: Incineroar|58/100\n|faint|p1a: Garchomp\n|move|p2b: Corviknight|Body Press|p1b: Incineroar\n|-supereffective|p1b: Incineroar|1\n|-damage|p1b: Incineroar|0 fnt\n|faint|p1b: Incineroar\n|\n|win|jingming\n|raw|TynnaniganRepticol's rating: 1136 &rarr; <strong>1117</strong><br />(-19 for losing)\n|raw|jingming's rating: 1216 &rarr; <strong>1235</strong><br />(+19 for winning)\n|l|\u2606TynnaniganRepticol\n|player|p1|\n",
  "uploadtime": 1776479949,
  "views": 14,
  "formatid": "gen9championsvgc2026regma",
  "rating": 1117,
  "private": 0,
  "password": null
}