{
  "id": "gen9championsvgc2026regma-2585709805",
  "format": "[Gen 9 Champions] VGC 2026 Reg M-A",
  "players": [
    "PizzaMan48",
    "DiamondNate"
  ],
  "log": "|j|\u2606PizzaMan48\n|j|\u2606DiamondNate\n|t:|1776365245\n|gametype|doubles\n|player|p1|PizzaMan48|clown|1438\n|player|p2|DiamondNate|guitarist|1414\n|gen|9\n|tier|[Gen 9 Champions] VGC 2026 Reg M-A\n|rated|\n|rule|Species Clause: Limit one of each Pok\u00e9mon\n|rule|Item Clause: Limit 1 of each item\n|clearpoke\n|poke|p1|Pelipper, L50, M|\n|poke|p1|Meganium, L50, F|\n|poke|p1|Scizor, L50, M|\n|poke|p1|Archaludon, L50, M|\n|poke|p1|Basculegion, L50, M|\n|poke|p1|Excadrill, L50, F|\n|poke|p2|Floette-Eternal, L50, F|\n|poke|p2|Maushold, L50|\n|poke|p2|Garchomp, L50, F|\n|poke|p2|Talonflame, L50, M|\n|poke|p2|Milotic, L50, M|\n|poke|p2|Aegislash, L50, M|\n|teampreview|4\n|\n|t:|1776365284\n|teamsize|p1|4\n|teamsize|p2|4\n|start\n|switch|p1a: Pelipper|Pelipper, L50, M|100/100\n|switch|p1b: Excadrill|Excadrill, L50, F|100/100\n|switch|p2a: Talonflame|Talonflame, L50, M|100/100\n|switch|p2b: Garchomp|Garchomp, L50, F|100/100\n|-ability|p1b: Excadrill|Mold Breaker\n|-weather|RainDance|[from] ability: Drizzle|[of] p1a: Pelipper\n|turn|1\n|\n|t:|1776365305\n|move|p2a: Talonflame|Protect|p2a: Talonflame\n|-singleturn|p2a: Talonflame|Protect\n|move|p1b: Excadrill|Rock Slide|p2a: Talonflame|[spread] p2b\n|-activate|p2a: Talonflame|move: Protect\n|-resisted|p2b: Garchomp|1\n|-damage|p2b: Garchomp|90/100\n|move|p2b: Garchomp|Rock Slide|p1b: Excadrill|[spread] p1a,p1b\n|-supereffective|p1a: Pelipper|1\n|-resisted|p1b: Excadrill|2\n|-damage|p1a: Pelipper|62/100\n|-damage|p1b: Excadrill|93/100\n|cant|p1a: Pelipper|flinch\n|\n|-weather|RainDance|[upkeep]\n|upkeep\n|turn|2\n|\n|t:|1776365324\n|switch|p2a: Aegislash|Aegislash, L50, M|100/100\n|move|p1b: Excadrill|Rock Slide|p2b: Garchomp|[spread] p2a,p2b\n|-resisted|p2a: Aegislash|1\n|-resisted|p2b: Garchomp|1\n|-damage|p2a: Aegislash|92/100\n|-damage|p2b: Garchomp|80/100\n|move|p2b: Garchomp|Stomping Tantrum|p1b: Excadrill\n|-supereffective|p1b: Excadrill|1\n|-damage|p1b: Excadrill|0 fnt\n|faint|p1b: Excadrill\n|move|p1a: Pelipper|Weather Ball|p2a: Aegislash\n|-damage|p2a: Aegislash|49/100\n|\n|-weather|RainDance|[upkeep]\n|upkeep\n|\n|t:|1776365334\n|switch|p1b: Meganium|Meganium, L50, F|100/100\n|turn|3\n|\n|t:|1776365351\n|detailschange|p1b: Meganium|Meganium-Mega, L50, F\n|-mega|p1b: Meganium|Meganium|Meganiumite\n|move|p2b: Garchomp|Rock Slide|p1b: Meganium|[spread] p1a,p1b\n|-supereffective|p1a: Pelipper|1\n|-damage|p1a: Pelipper|26/100\n|-damage|p1b: Meganium|81/100\n|cant|p1b: Meganium|flinch\n|move|p1a: Pelipper|Tailwind|p1a: Pelipper\n|-sidestart|p1: PizzaMan48|move: Tailwind\n|-formechange|p2a: Aegislash|Aegislash-Blade|\n|move|p2a: Aegislash|Poltergeist|p1a: Pelipper\n|-activate|p1a: Pelipper|move: Poltergeist|Focus Sash\n|-damage|p1a: Pelipper|0 fnt\n|faint|p1a: Pelipper\n|\n|-weather|RainDance|[upkeep]\n|upkeep\n|\n|t:|1776365362\n|switch|p1a: Scizor|Scizor, L50, M|100/100\n|turn|4\n|\n|t:|1776365385\n|-formechange|p2a: Aegislash|Aegislash|\n|move|p2a: Aegislash|King's Shield|p2a: Aegislash\n|-singleturn|p2a: Aegislash|Protect\n|move|p1b: Meganium|Weather Ball|p2a: Aegislash\n|-activate|p2a: Aegislash|move: Protect\n|move|p1a: Scizor|Swords Dance|p1a: Scizor\n|-boost|p1a: Scizor|atk|2\n|move|p2b: Garchomp|Earthquake|p1a: Scizor|[spread] p1a,p1b\n|-activate|p2a: Aegislash|move: Protect\n|-resisted|p1b: Meganium|1\n|-damage|p1a: Scizor|53/100\n|-damage|p1b: Meganium|57/100\n|\n|-weather|RainDance|[upkeep]\n|upkeep\n|turn|5\n|\n|t:|1776365416\n|move|p1b: Meganium|Weather Ball|p2a: Aegislash\n|-supereffective|p2a: Aegislash|1\n|-damage|p2a: Aegislash|0 fnt\n|faint|p2a: Aegislash\n|move|p1a: Scizor|Swords Dance|p1a: Scizor\n|-boost|p1a: Scizor|atk|2\n|move|p2b: Garchomp|Stomping Tantrum|p1a: Scizor\n|-damage|p1a: Scizor|3/100\n|\n|-weather|none\n|upkeep\n|\n|t:|1776365422\n|switch|p2a: Talonflame|Talonflame, L50, M|100/100\n|turn|6\n|\n|t:|1776365451\n|move|p2a: Talonflame|Protect|p2a: Talonflame\n|-singleturn|p2a: Talonflame|Protect\n|move|p1a: Scizor|Bullet Punch|p2a: Talonflame\n|-activate|p2a: Talonflame|move: Protect\n|move|p1b: Meganium|Dazzling Gleam|p2b: Garchomp|[spread] p2b\n|-activate|p2a: Talonflame|move: Protect\n|-supereffective|p2b: Garchomp|1\n|-damage|p2b: Garchomp|5/100\n|move|p2b: Garchomp|Earthquake|p1a: Scizor|[spread] p1a,p1b\n|-activate|p2a: Talonflame|move: Protect\n|-resisted|p1b: Meganium|1\n|-crit|p1b: Meganium\n|-damage|p1a: Scizor|0 fnt\n|-damage|p1b: Meganium|23/100\n|faint|p1a: Scizor\n|\n|-sideend|p1: PizzaMan48|move: Tailwind\n|upkeep\n|turn|7\n|c|\u2606PizzaMan48|gg\n|\n|t:|1776365465\n|move|p2a: Talonflame|Acrobatics|p1b: Meganium\n|-supereffective|p1b: Meganium|1\n|-damage|p1b: Meganium|0 fnt\n|faint|p1b: Meganium\n|\n|win|DiamondNate\n|raw|PizzaMan48's rating: 1438 &rarr; <strong>1417</strong><br />(-21 for losing)\n|raw|DiamondNate's rating: 1414 &rarr; <strong>1435</strong><br />(+21 for winning)\n|c|\u2606DiamondNate|Gg\n|l|\u2606PizzaMan48\n|player|p1|\n|l|\u2606DiamondNate\n|player|p2|\n",
  "uploadtime": 1776365510,
  "views": 46,
  "formatid": "gen9championsvgc2026regma",
  "rating": 1417,
  "private": 0,
  "password": null
}