{
  "id": "gen9championsvgc2026regma-2587583858",
  "format": "[Gen 9 Champions] VGC 2026 Reg M-A",
  "players": [
    "HawaiiCookieCo",
    "UserHaxd"
  ],
  "log": "|j|\u2606HawaiiCookieCo\n|j|\u2606UserHaxd\n|t:|1776544380\n|gametype|doubles\n|player|p1|HawaiiCookieCo|swimmer-gen4dp|1147\n|player|p2|UserHaxd|265|1152\n|gen|9\n|tier|[Gen 9 Champions] VGC 2026 Reg M-A\n|rated|\n|rule|Species Clause: Limit one of each Pok\u00e9mon\n|rule|Item Clause: Limit 1 of each item\n|clearpoke\n|poke|p1|Delphox, L50, M|\n|poke|p1|Maushold, L50|\n|poke|p1|Tsareena, L50, F|\n|poke|p1|Basculegion, L50, M|\n|poke|p1|Dragonite, L50, F|\n|poke|p1|Tinkaton, L50, F|\n|poke|p2|Sableye, L50, F|\n|poke|p2|Kingambit, L50, M|\n|poke|p2|Chesnaught, L50, M|\n|poke|p2|Farigiraf, L50, F|\n|poke|p2|Basculegion, L50, M|\n|poke|p2|Archaludon, L50, M|\n|teampreview|4\n|inactive|Battle timer is ON: inactive players will automatically lose when time's up. (requested by HawaiiCookieCo)\n|inactive|HawaiiCookieCo has 60 seconds left.\n|\n|t:|1776544435\n|teamsize|p1|4\n|teamsize|p2|4\n|start\n|switch|p1a: Tinkaton|Tinkaton, L50, F|100/100\n|switch|p1b: Delphox|Delphox, L50, M|100/100\n|switch|p2a: Sableye|Sableye, L50, F|100/100\n|switch|p2b: Basculegion|Basculegion, L50, M|100/100\n|-ability|p1a: Tinkaton|Mold Breaker\n|turn|1\n|\n|t:|1776544453\n|move|p1b: Delphox|Protect|p1b: Delphox\n|-singleturn|p1b: Delphox|Protect\n|move|p2a: Sableye|Rain Dance|p2a: Sableye\n|-weather|RainDance\n|move|p2b: Basculegion|Flip Turn|p1b: Delphox\n|-activate|p1b: Delphox|move: Protect\n|move|p1a: Tinkaton|Play Rough|p2a: Sableye\n|-supereffective|p2a: Sableye|1\n|-damage|p2a: Sableye|46/100\n|\n|-weather|RainDance|[upkeep]\n|upkeep\n|turn|2\n|inactive|UserHaxd has 30 seconds left.\n|inactive|UserHaxd has 20 seconds left.\n|\n|t:|1776544492\n|switch|p1b: Dragonite|Dragonite, L50, F|100/100\n|switch|p2a: Archaludon|Archaludon, L50, M|100/100\n|move|p2b: Basculegion|Flip Turn|p1b: Dragonite\n|-resisted|p1b: Dragonite|1\n|-damage|p1b: Dragonite|66/100\n|\n|t:|1776544507\n|switch|p2b: Kingambit|Kingambit, L50, M|100/100|[from] Flip Turn\n|move|p1a: Tinkaton|Play Rough|p2a: Archaludon\n|-crit|p2a: Archaludon\n|-damage|p2a: Archaludon|70/100\n|\n|-weather|RainDance|[upkeep]\n|upkeep\n|turn|3\n|\n|t:|1776544526\n|move|p1a: Tinkaton|Gigaton Hammer|p2a: Archaludon\n|-resisted|p2a: Archaludon|1\n|-damage|p2a: Archaludon|53/100\n|move|p1b: Dragonite|Superpower|p2b: Kingambit\n|-supereffective|p2b: Kingambit|2\n|-damage|p2b: Kingambit|0 fnt\n|-unboost|p1b: Dragonite|atk|1\n|-unboost|p1b: Dragonite|def|1\n|faint|p2b: Kingambit\n|move|p2a: Archaludon|Electro Shot||[still]\n|-prepare|p2a: Archaludon|Electro Shot\n|-boost|p2a: Archaludon|spa|1\n|-anim|p2a: Archaludon|Electro Shot|p1b: Dragonite\n|-damage|p1b: Dragonite|0 fnt\n|faint|p1b: Dragonite\n|\n|-weather|RainDance|[upkeep]\n|upkeep\n|\n|t:|1776544547\n|switch|p1b: Maushold|Maushold, L50|100/100\n|switch|p2b: Basculegion|Basculegion, L50, M|100/100\n|turn|4\n|\n|t:|1776544562\n|move|p1a: Tinkaton|Protect|p1a: Tinkaton\n|-singleturn|p1a: Tinkaton|Protect\n|move|p2b: Basculegion|Last Respects|p1a: Tinkaton\n|-activate|p1a: Tinkaton|move: Protect\n|move|p1b: Maushold|Super Fang|p2a: Archaludon\n|-damage|p2a: Archaludon|27/100\n|move|p2a: Archaludon|Electro Shot||[still]\n|-prepare|p2a: Archaludon|Electro Shot\n|-boost|p2a: Archaludon|spa|1\n|-anim|p2a: Archaludon|Electro Shot|p1a: Tinkaton\n|-activate|p1a: Tinkaton|move: Protect\n|\n|-weather|RainDance|[upkeep]\n|upkeep\n|turn|5\n|inactive|HawaiiCookieCo has 30 seconds left.\n|inactive|HawaiiCookieCo has 20 seconds left.\n|\n|t:|1776544599\n|move|p1b: Maushold|Protect|p1b: Maushold\n|-singleturn|p1b: Maushold|Protect\n|move|p2b: Basculegion|Last Respects|p1a: Tinkaton\n|-damage|p1a: Tinkaton|43/100\n|-enditem|p1a: Tinkaton|Sitrus Berry|[eat]\n|-heal|p1a: Tinkaton|68/100|[from] item: Sitrus Berry\n|move|p1a: Tinkaton|Play Rough|p2b: Basculegion\n|-damage|p2b: Basculegion|65/100\n|move|p2a: Archaludon|Flash Cannon|p1b: Maushold\n|-activate|p1b: Maushold|move: Protect\n|\n|-weather|none\n|upkeep\n|turn|6\n|inactive|HawaiiCookieCo has 30 seconds left.\n|\n|t:|1776544630\n|switch|p2b: Sableye|Sableye, L50, F|46/100\n|switch|p1b: Delphox|Delphox, L50, M|100/100\n|move|p1a: Tinkaton|Play Rough|p2b: Sableye\n|-supereffective|p2b: Sableye|1\n|-damage|p2b: Sableye|0 fnt\n|faint|p2b: Sableye\n|move|p2a: Archaludon|Flash Cannon|p1b: Delphox\n|-resisted|p1b: Delphox|1\n|-damage|p1b: Delphox|52/100\n|\n|upkeep\n|\n|t:|1776544641\n|switch|p2b: Basculegion|Basculegion, L50, M|65/100\n|turn|7\n|\n|t:|1776544664\n|move|p1b: Delphox|Protect|p1b: Delphox\n|-singleturn|p1b: Delphox|Protect\n|move|p2b: Basculegion|Wave Crash|p1b: Delphox\n|-activate|p1b: Delphox|move: Protect\n|move|p1a: Tinkaton|Play Rough|p2b: Basculegion\n|-damage|p2b: Basculegion|29/100\n|move|p2a: Archaludon|Flash Cannon|p1a: Tinkaton\n|-damage|p1a: Tinkaton|0 fnt\n|faint|p1a: Tinkaton\n|\n|upkeep\n|\n|t:|1776544674\n|switch|p1a: Maushold|Maushold, L50|100/100\n|turn|8\n|\n|t:|1776544680\n|detailschange|p1b: Delphox|Delphox-Mega, L50, M\n|-mega|p1b: Delphox|Delphox|Delphoxite\n|move|p1a: Maushold|Follow Me|p1a: Maushold\n|-singleturn|p1a: Maushold|move: Follow Me\n|move|p1b: Delphox|Heat Wave|p2a: Archaludon|[spread] p2a,p2b\n|-resisted|p2b: Basculegion|1\n|-damage|p2a: Archaludon|0 fnt\n|-damage|p2b: Basculegion|3/100\n|faint|p2a: Archaludon\n|move|p2b: Basculegion|Wave Crash|p1a: Maushold\n|-damage|p1a: Maushold|21/100\n|-damage|p2b: Basculegion|0 fnt|[from] Recoil\n|faint|p2b: Basculegion\n|\n|win|HawaiiCookieCo\n|raw|HawaiiCookieCo's rating: 1147 &rarr; <strong>1172</strong><br />(+25 for winning)\n|raw|UserHaxd's rating: 1152 &rarr; <strong>1127</strong><br />(-25 for losing)\n",
  "uploadtime": 1776544689,
  "views": 16,
  "formatid": "gen9championsvgc2026regma",
  "rating": 1127,
  "private": 0,
  "password": null
}