{
  "id": "gen9championsvgc2026regma-2586145024",
  "format": "[Gen 9 Champions] VGC 2026 Reg M-A",
  "players": [
    "cocospelotudos",
    "loklastaji"
  ],
  "log": "|j|\u2606cocospelotudos\n|j|\u2606loklastaji\n|t:|1776404661\n|gametype|doubles\n|player|p1|cocospelotudos|266|1161\n|player|p2|loklastaji|170|1156\n|gen|9\n|tier|[Gen 9 Champions] VGC 2026 Reg M-A\n|rated|\n|rule|Species Clause: Limit one of each Pok\u00e9mon\n|rule|Item Clause: Limit 1 of each item\n|clearpoke\n|poke|p1|Medicham, L50, F|\n|poke|p1|Venusaur, L50, F|\n|poke|p1|Ninetales-Alola, L50, F|\n|poke|p1|Rotom-Heat, L50|\n|poke|p1|Aerodactyl, L50, F|\n|poke|p1|Milotic, L50, F|\n|poke|p2|Samurott-Hisui, L50, M|\n|poke|p2|Delphox, L50, F|\n|poke|p2|Tinkaton, L50, F|\n|poke|p2|Decidueye-Hisui, L50, M|\n|poke|p2|Dragonite, L50, F|\n|poke|p2|Farigiraf, L50, F|\n|teampreview|4\n|inactive|Battle timer is ON: inactive players will automatically lose when time's up. (requested by cocospelotudos)\n|\n|t:|1776404701\n|teamsize|p1|4\n|teamsize|p2|4\n|start\n|switch|p1a: Ninetales|Ninetales-Alola, L50, F, shiny|100/100\n|switch|p1b: Rotom|Rotom-Heat, L50, shiny|100/100\n|switch|p2a: Tinkaton|Tinkaton, L50, F|100/100\n|switch|p2b: Decidueye|Decidueye-Hisui, L50, M|100/100\n|-weather|Snowscape|[from] ability: Snow Warning|[of] p1a: Ninetales\n|turn|1\n|inactive|loklastaji has 30 seconds left.\n|inactive|loklastaji has 20 seconds left.\n|inactive|loklastaji has 15 seconds left.\n|\n|t:|1776404745\n|move|p2a: Tinkaton|Fake Out|p1b: Rotom\n|-damage|p1b: Rotom|90/100\n|move|p2b: Decidueye|U-turn|p1a: Ninetales\n|-resisted|p1a: Ninetales|1\n|-damage|p1a: Ninetales|92/100\n|\n|t:|1776404751\n|switch|p2b: Delphox|Delphox, L50, F|100/100|[from] U-turn\n|move|p1a: Ninetales|Aurora Veil|p1a: Ninetales\n|-sidestart|p1: cocospelotudos|move: Aurora Veil\n|cant|p1b: Rotom|flinch\n|\n|-weather|Snowscape|[upkeep]\n|-heal|p1b: Rotom|96/100|[from] item: Leftovers\n|upkeep\n|turn|2\n|\n|t:|1776404770\n|switch|p2a: Farigiraf|Farigiraf, L50, F|100/100\n|move|p1a: Ninetales|Icy Wind|p2b: Delphox|[spread] p2a,p2b\n|-resisted|p2b: Delphox|1\n|-damage|p2a: Farigiraf|86/100\n|-damage|p2b: Delphox|92/100\n|-unboost|p2a: Farigiraf|spe|1\n|-unboost|p2b: Delphox|spe|1\n|move|p2b: Delphox|Nasty Plot|p2b: Delphox\n|-boost|p2b: Delphox|spa|2\n|move|p1b: Rotom|Nasty Plot|p1b: Rotom\n|-boost|p1b: Rotom|spa|2\n|\n|-weather|Snowscape|[upkeep]\n|-heal|p1b: Rotom|100/100|[from] item: Leftovers\n|upkeep\n|turn|3\n|\n|t:|1776404791\n|move|p2b: Delphox|Protect|p2b: Delphox\n|-singleturn|p2b: Delphox|Protect\n|move|p1a: Ninetales|Icy Wind|p2a: Farigiraf|[spread] p2a\n|-activate|p2b: Delphox|move: Protect\n|-damage|p2a: Farigiraf|71/100\n|-unboost|p2a: Farigiraf|spe|1\n|move|p1b: Rotom|Thunderbolt|p2b: Delphox\n|-activate|p2b: Delphox|move: Protect\n|move|p2a: Farigiraf|Psychic Terrain|p2a: Farigiraf\n|-fieldstart|move: Psychic Terrain\n|\n|-weather|Snowscape|[upkeep]\n|upkeep\n|turn|4\n|\n|t:|1776404812\n|move|p1a: Ninetales|Icy Wind|p2b: Delphox|[spread] p2a,p2b\n|-resisted|p2b: Delphox|1\n|-damage|p2a: Farigiraf|55/100\n|-damage|p2b: Delphox|84/100\n|-unboost|p2a: Farigiraf|spe|1\n|-unboost|p2b: Delphox|spe|1\n|move|p1b: Rotom|Thunderbolt|p2b: Delphox\n|-damage|p2b: Delphox|0 fnt\n|faint|p2b: Delphox\n|move|p2a: Farigiraf|Expanding Force|p1a: Ninetales|[spread] p1a,p1b\n|-damage|p1a: Ninetales|52/100\n|-damage|p1b: Rotom|62/100\n|\n|-weather|Snowscape|[upkeep]\n|-heal|p1b: Rotom|67/100|[from] item: Leftovers\n|upkeep\n|\n|t:|1776404831\n|switch|p2b: Tinkaton|Tinkaton, L50, F|100/100\n|turn|5\n|\n|t:|1776404851\n|move|p2b: Tinkaton|Protect|p2b: Tinkaton\n|-singleturn|p2b: Tinkaton|Protect\n|move|p1a: Ninetales|Blizzard|p2b: Tinkaton|[spread] p2a\n|-activate|p2b: Tinkaton|move: Protect\n|-damage|p2a: Farigiraf|25/100\n|move|p1b: Rotom|Thunderbolt|p2b: Tinkaton\n|-activate|p2b: Tinkaton|move: Protect\n|move|p2a: Farigiraf|Expanding Force|p1b: Rotom|[spread] p1a,p1b\n|-damage|p1a: Ninetales|15/100\n|-damage|p1b: Rotom|27/100\n|\n|-weather|none\n|-heal|p1b: Rotom|32/100|[from] item: Leftovers\n|-sideend|p1: cocospelotudos|move: Aurora Veil\n|upkeep\n|turn|6\n|inactive|loklastaji has 30 seconds left.\n|inactive|loklastaji has 20 seconds left.\n|inactive|loklastaji has 15 seconds left.\n|inactive|loklastaji has 10 seconds left.\n|inactive|loklastaji has 5 seconds left.\n|\n|t:|1776404902\n|switch|p2b: Decidueye|Decidueye-Hisui, L50, M|100/100\n|move|p1a: Ninetales|Moonblast|p2a: Farigiraf\n|-damage|p2a: Farigiraf|0 fnt\n|faint|p2a: Farigiraf\n|move|p1b: Rotom|Thunderbolt|p2b: Decidueye\n|-resisted|p2b: Decidueye|1\n|-damage|p2b: Decidueye|45/100\n|\n|-heal|p1b: Rotom|38/100|[from] item: Leftovers\n|upkeep\n|\n|t:|1776404913\n|switch|p2a: Tinkaton|Tinkaton, L50, F|100/100\n|turn|7\n|\n|t:|1776404923\n|move|p2b: Decidueye|Close Combat|p1b: Rotom\n|-damage|p1b: Rotom|0 fnt\n|-unboost|p2b: Decidueye|def|1\n|-unboost|p2b: Decidueye|spd|1\n|faint|p1b: Rotom\n|move|p1a: Ninetales|Icy Wind|p2a: Tinkaton|[spread] p2a,p2b\n|-resisted|p2a: Tinkaton|1\n|-supereffective|p2b: Decidueye|1\n|-damage|p2a: Tinkaton|93/100\n|-damage|p2b: Decidueye|0 fnt\n|-unboost|p2a: Tinkaton|spe|1\n|faint|p2b: Decidueye\n|move|p2a: Tinkaton|Gigaton Hammer|p1a: Ninetales\n|-supereffective|p1a: Ninetales|2\n|-damage|p1a: Ninetales|0 fnt\n|faint|p1a: Ninetales\n|\n|-fieldend|move: Psychic Terrain\n|upkeep\n|\n|t:|1776404940\n|switch|p1a: Venusaur|Venusaur, L50, F, shiny|100/100\n|switch|p1b: Aerodactyl|Aerodactyl, L50, F, shiny|100/100\n|turn|8\n|\n|t:|1776404953\n|detailschange|p1a: Venusaur|Venusaur-Mega, L50, F, shiny\n|-mega|p1a: Venusaur|Venusaur|Venusaurite\n|move|p2a: Tinkaton|Protect|p2a: Tinkaton\n|-singleturn|p2a: Tinkaton|Protect\n|move|p1b: Aerodactyl|Tailwind|p1b: Aerodactyl\n|-sidestart|p1: cocospelotudos|move: Tailwind\n|move|p1a: Venusaur|Earth Power|p2a: Tinkaton\n|-activate|p2a: Tinkaton|move: Protect\n|\n|upkeep\n|turn|9\n|\n|t:|1776404965\n|move|p1b: Aerodactyl|Dual Wingbeat|p2a: Tinkaton\n|-resisted|p2a: Tinkaton|1\n|-damage|p2a: Tinkaton|80/100\n|-resisted|p2a: Tinkaton|1\n|-damage|p2a: Tinkaton|67/100\n|-hitcount|p2a: Tinkaton|2\n|move|p1a: Venusaur|Earth Power|p2a: Tinkaton\n|-supereffective|p2a: Tinkaton|1\n|-damage|p2a: Tinkaton|0 fnt\n|faint|p2a: Tinkaton\n|\n|win|cocospelotudos\n|raw|cocospelotudos's rating: 1136 &rarr; <strong>1162</strong><br />(+26 for winning)\n|raw|loklastaji's rating: 1156 &rarr; <strong>1130</strong><br />(-26 for losing)\n",
  "uploadtime": 1776404976,
  "views": 18,
  "formatid": "gen9championsvgc2026regma",
  "rating": 1130,
  "private": 0,
  "password": null
}