{
  "id": "gen9championsvgc2026regma-2586798319",
  "format": "[Gen 9 Champions] VGC 2026 Reg M-A",
  "players": [
    "CoolTrainerBu",
    "Dudeman 64"
  ],
  "log": "|j|\u2606CoolTrainerBu\n|j|\u2606Dudeman 64\n|t:|1776460764\n|gametype|doubles\n|player|p1|CoolTrainerBu|102|1274\n|player|p2|Dudeman 64|265|1289\n|gen|9\n|tier|[Gen 9 Champions] VGC 2026 Reg M-A\n|rated|\n|rule|Species Clause: Limit one of each Pok\u00e9mon\n|rule|Item Clause: Limit 1 of each item\n|clearpoke\n|poke|p1|Charizard, L50, M|\n|poke|p1|Whimsicott, L50, M|\n|poke|p1|Garchomp, L50, F|\n|poke|p1|Sneasler, L50, F|\n|poke|p1|Maushold, L50|\n|poke|p1|Incineroar, L50, M|\n|poke|p2|Floette-Eternal, L50, F|\n|poke|p2|Corviknight, L50, F|\n|poke|p2|Garchomp, L50, M|\n|poke|p2|Incineroar, L50, M|\n|poke|p2|Basculegion, L50, M|\n|poke|p2|Rotom-Mow, L50|\n|teampreview|4\n|inactive|Battle timer is ON: inactive players will automatically lose when time's up. (requested by CoolTrainerBu)\n|\n|t:|1776460821\n|teamsize|p1|4\n|teamsize|p2|4\n|start\n|switch|p1a: Charizard|Charizard, L50, M|100/100\n|switch|p1b: Whimsicott|Whimsicott, L50, M|100/100\n|switch|p2a: Garchomp|Garchomp, L50, M|100/100\n|switch|p2b: Incineroar|Incineroar, L50, M|100/100\n|-ability|p2b: Incineroar|Intimidate|boost\n|-unboost|p1a: Charizard|atk|1\n|-unboost|p1b: Whimsicott|atk|1\n|turn|1\n|\n|t:|1776460839\n|detailschange|p1a: Charizard|Charizard-Mega-Y, L50, M\n|-mega|p1a: Charizard|Charizard|Charizardite Y\n|-weather|SunnyDay|[from] ability: Drought|[of] p1a: Charizard\n|move|p1a: Charizard|Protect|p1a: Charizard\n|-singleturn|p1a: Charizard|Protect\n|move|p1b: Whimsicott|Moonblast|p2a: Garchomp\n|-supereffective|p2a: Garchomp|1\n|-damage|p2a: Garchomp|18/100\n|move|p2a: Garchomp|Rock Slide|p1a: Charizard|[spread] p1b\n|-activate|p1a: Charizard|move: Protect\n|-damage|p1b: Whimsicott|73/100\n|move|p2b: Incineroar|Snarl|p1b: Whimsicott|[spread] p1b\n|-activate|p1a: Charizard|move: Protect\n|-resisted|p1b: Whimsicott|1\n|-damage|p1b: Whimsicott|65/100\n|-unboost|p1b: Whimsicott|spa|1\n|\n|-weather|SunnyDay|[upkeep]\n|upkeep\n|turn|2\n|inactive|CoolTrainerBu has 30 seconds left.\n|\n|t:|1776460867\n|switch|p2a: Corviknight|Corviknight, L50, F|100/100\n|move|p1b: Whimsicott|Tailwind|p1b: Whimsicott\n|-sidestart|p1: CoolTrainerBu|move: Tailwind\n|move|p1a: Charizard|Heat Wave|p2a: Corviknight|[spread] p2a,p2b\n|-supereffective|p2a: Corviknight|1\n|-resisted|p2b: Incineroar|1\n|-damage|p2a: Corviknight|0 fnt\n|-damage|p2b: Incineroar|77/100\n|faint|p2a: Corviknight\n|move|p2b: Incineroar|Snarl|p1a: Charizard|[spread] p1a,p1b\n|-resisted|p1b: Whimsicott|1\n|-damage|p1a: Charizard|91/100\n|-damage|p1b: Whimsicott|56/100\n|-unboost|p1a: Charizard|spa|1\n|-unboost|p1b: Whimsicott|spa|1\n|\n|-weather|SunnyDay|[upkeep]\n|upkeep\n|\n|t:|1776460876\n|switch|p2a: Floette|Floette-Eternal, L50, F|100/100\n|turn|3\n|inactive|CoolTrainerBu has 30 seconds left.\n|\n|t:|1776460905\n|switch|p1a: Sneasler|Sneasler, L50, F|100/100\n|move|p1b: Whimsicott|Encore|p2b: Incineroar\n|-hint|Since gen 7, Dark is immune to Prankster moves.\n|-immune|p2b: Incineroar\n|move|p2a: Floette|Calm Mind|p2a: Floette\n|-boost|p2a: Floette|spa|1\n|-boost|p2a: Floette|spd|1\n|move|p2b: Incineroar|Flare Blitz|p1b: Whimsicott\n|-supereffective|p1b: Whimsicott|1\n|-damage|p1b: Whimsicott|0 fnt\n|faint|p1b: Whimsicott\n|-damage|p2b: Incineroar|64/100|[from] Recoil\n|\n|-weather|SunnyDay|[upkeep]\n|upkeep\n|\n|t:|1776460919\n|switch|p1b: Incineroar|Incineroar, L50, M|100/100\n|-ability|p1b: Incineroar|Intimidate|boost\n|-unboost|p2a: Floette|atk|1\n|-unboost|p2b: Incineroar|atk|1\n|turn|4\n|\n|t:|1776460937\n|switch|p2b: Garchomp|Garchomp, L50, M|18/100\n|detailschange|p2a: Floette|Floette-Mega, L50, F\n|-mega|p2a: Floette|Floette|Floettite\n|-ability|p2a: Floette|Fairy Aura\n|move|p2a: Floette|Protect|p2a: Floette\n|-singleturn|p2a: Floette|Protect\n|move|p1b: Incineroar|Fake Out|p2b: Garchomp\n|-damage|p2b: Garchomp|6/100\n|-damage|p1b: Incineroar|88/100|[from] ability: Rough Skin|[of] p2b: Garchomp\n|move|p1a: Sneasler|Dire Claw|p2a: Floette\n|-activate|p2a: Floette|move: Protect\n|\n|-weather|SunnyDay|[upkeep]\n|upkeep\n|turn|5\n|inactive|CoolTrainerBu has 30 seconds left.\n|inactive|Dudeman 64 has 30 seconds left.\n|inactive|CoolTrainerBu has 20 seconds left.\n|inactive|CoolTrainerBu has 15 seconds left.\n|inactive|CoolTrainerBu has 10 seconds left.\n|\n|t:|1776460987\n|switch|p2b: Incineroar|Incineroar, L50, M|64/100\n|-ability|p2b: Incineroar|Intimidate|boost\n|-unboost|p1a: Sneasler|atk|1\n|-unboost|p1b: Incineroar|atk|1\n|-enditem|p1a: Sneasler|White Herb\n|-clearnegativeboost|p1a: Sneasler|[silent]\n|move|p1a: Sneasler|Rock Tomb|p2b: Incineroar\n|-supereffective|p2b: Incineroar|1\n|-damage|p2b: Incineroar|21/100\n|-unboost|p2b: Incineroar|spe|1\n|-enditem|p2b: Incineroar|Sitrus Berry|[eat]\n|-heal|p2b: Incineroar|45/100|[from] item: Sitrus Berry\n|move|p1b: Incineroar|Parting Shot|p2a: Floette\n|-unboost|p2a: Floette|atk|1\n|-unboost|p2a: Floette|spa|1\n|\n|t:|1776461002\n|switch|p1b: Charizard|Charizard-Mega-Y, L50, M|91/100|[from] Parting Shot\n|move|p2a: Floette|Dazzling Gleam|p1a: Sneasler|[spread] p1a,p1b\n|-resisted|p1b: Charizard|1\n|-crit|p1b: Charizard\n|-damage|p1a: Sneasler|35/100\n|-damage|p1b: Charizard|60/100\n|\n|-weather|none\n|-sideend|p1: CoolTrainerBu|move: Tailwind\n|upkeep\n|turn|6\n|inactive|Dudeman 64 has 30 seconds left.\n|inactive|CoolTrainerBu has 30 seconds left.\n|\n|t:|1776461039\n|switch|p1b: Incineroar|Incineroar, L50, M|88/100\n|-ability|p1b: Incineroar|Intimidate|boost\n|-unboost|p2a: Floette|atk|1\n|-unboost|p2b: Incineroar|atk|1\n|move|p1a: Sneasler|Dire Claw|p2a: Floette\n|-supereffective|p2a: Floette|1\n|-damage|p2a: Floette|0 fnt\n|faint|p2a: Floette\n|move|p2b: Incineroar|Flare Blitz|p1a: Sneasler\n|-damage|p1a: Sneasler|0 fnt\n|faint|p1a: Sneasler\n|-damage|p2b: Incineroar|36/100|[from] Recoil\n|\n|upkeep\n|\n|t:|1776461051\n|switch|p1a: Charizard|Charizard-Mega-Y, L50, M|60/100\n|switch|p2a: Garchomp|Garchomp, L50, M|6/100\n|-weather|SunnyDay|[from] ability: Drought|[of] p1a: Charizard\n|turn|7\n|\n|t:|1776461069\n|move|p2a: Garchomp|Protect|p2a: Garchomp\n|-singleturn|p2a: Garchomp|Protect\n|move|p1b: Incineroar|Fake Out|p2a: Garchomp\n|-activate|p2a: Garchomp|move: Protect\n|move|p1a: Charizard|Weather Ball|p2b: Incineroar\n|-resisted|p2b: Incineroar|1\n|-damage|p2b: Incineroar|0 fnt\n|faint|p2b: Incineroar\n|\n|-weather|SunnyDay|[upkeep]\n|upkeep\n|turn|8\n|\n|t:|1776461081\n|move|p2a: Garchomp|Rock Slide|p1b: Incineroar|[spread] p1b\n|-miss|p2a: Garchomp|p1a: Charizard\n|-supereffective|p1b: Incineroar|1\n|-damage|p1b: Incineroar|53/100\n|move|p1a: Charizard|Weather Ball|p2a: Garchomp\n|-resisted|p2a: Garchomp|1\n|-damage|p2a: Garchomp|0 fnt\n|faint|p2a: Garchomp\n|\n|win|CoolTrainerBu\n|raw|CoolTrainerBu's rating: 1274 &rarr; <strong>1300</strong><br />(+26 for winning)\n|raw|Dudeman 64's rating: 1289 &rarr; <strong>1263</strong><br />(-26 for losing)\n|l|\u2606Dudeman 64\n|player|p2|\n",
  "uploadtime": 1776461097,
  "views": 32,
  "formatid": "gen9championsvgc2026regma",
  "rating": 1263,
  "private": 0,
  "password": null
}