{
  "id": "gen9championsvgc2026regma-2585923679",
  "format": "[Gen 9 Champions] VGC 2026 Reg M-A",
  "players": [
    "Amixous",
    "Millygan15"
  ],
  "log": "|j|\u2606Amixous\n|j|\u2606Millygan15\n|t:|1776381862\n|gametype|doubles\n|player|p1|Amixous|265|1085\n|player|p2|Millygan15|volkner|1047\n|gen|9\n|tier|[Gen 9 Champions] VGC 2026 Reg M-A\n|rated|\n|rule|Species Clause: Limit one of each Pok\u00e9mon\n|rule|Item Clause: Limit 1 of each item\n|clearpoke\n|poke|p1|Froslass, L50, F|\n|poke|p1|Kingambit, L50, M|\n|poke|p1|Sneasler, L50, F|\n|poke|p1|Incineroar, L50, M|\n|poke|p1|Blastoise, L50, M|\n|poke|p1|Sinistcha, L50|\n|poke|p2|Zoroark-Hisui, L50, F|\n|poke|p2|Ditto, L50|\n|poke|p2|Incineroar, L50, F|\n|poke|p2|Dragonite, L50, M|\n|poke|p2|Rotom-Wash, L50|\n|poke|p2|Sneasler, L50, M|\n|teampreview|4\n|inactive|Battle timer is ON: inactive players will automatically lose when time's up. (requested by Millygan15)\n|\n|t:|1776381889\n|teamsize|p1|4\n|teamsize|p2|4\n|start\n|switch|p1a: Froslass|Froslass, L50, F|100/100\n|switch|p1b: Incineroar|Incineroar, L50, M|100/100\n|switch|p2a: Rotom|Rotom-Wash, L50|100/100\n|switch|p2b: Ditto|Ditto, L50|100/100\n|-transform|p2b: Ditto|p1a: Froslass|[from] ability: Imposter\n|-ability|p1b: Incineroar|Intimidate|boost\n|-unboost|p2a: Rotom|atk|1\n|-unboost|p2b: Ditto|atk|1\n|turn|1\n|inactive|Millygan15 has 30 seconds left.\n|\n|t:|1776381921\n|move|p1b: Incineroar|Fake Out|p2a: Rotom\n|-immune|p2a: Rotom\n|move|p2a: Rotom|Icy Wind|p1b: Incineroar|[spread] p1a,p1b\n|-resisted|p1a: Froslass|1\n|-resisted|p1b: Incineroar|1\n|-damage|p1a: Froslass|91/100\n|-damage|p1b: Incineroar|95/100\n|-unboost|p1a: Froslass|spe|1\n|-unboost|p1b: Incineroar|spe|1\n|move|p2b: Ditto|Nasty Plot|p2b: Ditto\n|-boost|p2b: Ditto|spa|2\n|move|p1a: Froslass|Nasty Plot|p1a: Froslass\n|-boost|p1a: Froslass|spa|2\n|\n|upkeep\n|turn|2\n|\n|t:|1776381944\n|detailschange|p1a: Froslass|Froslass-Mega, L50, F\n|-mega|p1a: Froslass|Froslass|Froslassite\n|-weather|Snowscape|[from] ability: Snow Warning|[of] p1a: Froslass\n|move|p2a: Rotom|Bitter Malice|p1b: Incineroar\n|-resisted|p1b: Incineroar|1\n|-damage|p1b: Incineroar|79/100\n|-unboost|p1b: Incineroar|atk|1\n|move|p2b: Ditto|Shadow Ball|p1a: Froslass\n|-supereffective|p1a: Froslass|1\n|-damage|p1a: Froslass|0 fnt\n|faint|p1a: Froslass\n|move|p1b: Incineroar|Throat Chop|p2b: Ditto\n|-supereffective|p2b: Ditto|1\n|-damage|p2b: Ditto|49/100\n|-start|p2b: Ditto|Throat Chop|[silent]\n|\n|-weather|Snowscape|[upkeep]\n|upkeep\n|\n|t:|1776381964\n|switch|p1a: Sneasler|Sneasler, L50, F|100/100\n|turn|3\n|\n|t:|1776381975\n|move|p2b: Ditto|Protect|p2b: Ditto\n|-singleturn|p2b: Ditto|Protect\n|move|p1a: Sneasler|Rock Slide|p2a: Rotom|[spread] p2a\n|-activate|p2b: Ditto|move: Protect\n|-damage|p2a: Rotom|67/100\n|replace|p2a: Zoroark|Zoroark-Hisui, L50, F\n|-end|p2a: Zoroark|Illusion\n|move|p2a: Zoroark|Icy Wind|p1a: Sneasler|[spread] p1a,p1b\n|-resisted|p1b: Incineroar|1\n|-damage|p1a: Sneasler|82/100\n|-damage|p1b: Incineroar|73/100\n|-unboost|p1a: Sneasler|spe|1\n|-unboost|p1b: Incineroar|spe|1\n|-enditem|p1a: Sneasler|White Herb\n|-clearnegativeboost|p1a: Sneasler|[silent]\n|move|p1b: Incineroar|Throat Chop|p2b: Ditto\n|-activate|p2b: Ditto|move: Protect\n|\n|-weather|Snowscape|[upkeep]\n|-end|p2b: Ditto|Throat Chop|[silent]\n|upkeep\n|turn|4\n|inactive|Millygan15 has 30 seconds left.\n|\n|t:|1776382005\n|move|p1a: Sneasler|Rock Slide|p2b: Ditto|[spread] p2a\n|-miss|p1a: Sneasler|p2b: Ditto\n|-damage|p2a: Zoroark|32/100\n|move|p2a: Zoroark|Will-O-Wisp|p1a: Sneasler\n|-status|p1a: Sneasler|brn\n|move|p2b: Ditto|Blizzard|p1a: Sneasler|[spread] p1a,p1b\n|-resisted|p1b: Incineroar|1\n|-damage|p1a: Sneasler|4/100 brn\n|-damage|p1b: Incineroar|45/100\n|-enditem|p1b: Incineroar|Sitrus Berry|[eat]\n|-heal|p1b: Incineroar|69/100|[from] item: Sitrus Berry\n|move|p1b: Incineroar|Throat Chop|p2b: Ditto\n|-supereffective|p2b: Ditto|1\n|-damage|p2b: Ditto|2/100\n|-start|p2b: Ditto|Throat Chop|[silent]\n|\n|-weather|Snowscape|[upkeep]\n|-damage|p1a: Sneasler|0 fnt|[from] brn\n|faint|p1a: Sneasler\n|upkeep\n|\n|t:|1776382023\n|switch|p1a: Sinistcha|Sinistcha, L50|100/100\n|-heal|p1b: Incineroar|94/100|[from] ability: Hospitality|[of] p1a: Sinistcha\n|turn|5\n|\n|t:|1776382041\n|move|p2b: Ditto|Protect|p2b: Ditto\n|-singleturn|p2b: Ditto|Protect\n|move|p1a: Sinistcha|Protect|p1a: Sinistcha\n|-singleturn|p1a: Sinistcha|Protect\n|move|p2a: Zoroark|Icy Wind|p1a: Sinistcha|[spread] p1b\n|-activate|p1a: Sinistcha|move: Protect\n|-resisted|p1b: Incineroar|1\n|-damage|p1b: Incineroar|88/100\n|-unboost|p1b: Incineroar|spe|1\n|move|p1b: Incineroar|Throat Chop|p2b: Ditto\n|-activate|p2b: Ditto|move: Protect\n|\n|-weather|Snowscape|[upkeep]\n|-end|p2b: Ditto|Throat Chop|[silent]\n|upkeep\n|turn|6\n|\n|t:|1776382064\n|move|p2a: Zoroark|Icy Wind|p1a: Sinistcha|[spread] p1a,p1b\n|-supereffective|p1a: Sinistcha|1\n|-resisted|p1b: Incineroar|1\n|-damage|p1a: Sinistcha|77/100\n|-damage|p1b: Incineroar|83/100\n|-unboost|p1a: Sinistcha|spe|1\n|-unboost|p1b: Incineroar|spe|1\n|move|p2b: Ditto|Blizzard|p1b: Incineroar|[spread] p1a,p1b\n|-supereffective|p1a: Sinistcha|1\n|-resisted|p1b: Incineroar|1\n|-damage|p1a: Sinistcha|0 fnt\n|-damage|p1b: Incineroar|53/100\n|faint|p1a: Sinistcha\n|move|p1b: Incineroar|Throat Chop|p2b: Ditto\n|-supereffective|p2b: Ditto|1\n|-damage|p2b: Ditto|0 fnt\n|faint|p2b: Ditto\n|\n|-weather|none\n|upkeep\n|\n|t:|1776382083\n|switch|p2b: Dragonite|Dragonite, L50, M|100/100\n|turn|7\n|\n|t:|1776382105\n|detailschange|p2b: Dragonite|Dragonite-Mega, L50, M\n|-mega|p2b: Dragonite|Dragonite|Dragoninite\n|move|p2a: Zoroark|Bitter Malice|p1b: Incineroar\n|-resisted|p1b: Incineroar|1\n|-damage|p1b: Incineroar|40/100\n|-unboost|p1b: Incineroar|atk|1\n|move|p2b: Dragonite|Draco Meteor|p1b: Incineroar\n|-damage|p1b: Incineroar|0 fnt\n|-unboost|p2b: Dragonite|spa|2\n|faint|p1b: Incineroar\n|\n|win|Millygan15\n|raw|Amixous's rating: 1085 &rarr; <strong>1060</strong><br />(-25 for losing)\n|raw|Millygan15's rating: 1047 &rarr; <strong>1084</strong><br />(+37 for winning)\n|l|\u2606Amixous\n|player|p1|\n",
  "uploadtime": 1776382122,
  "views": 14,
  "formatid": "gen9championsvgc2026regma",
  "rating": 1060,
  "private": 0,
  "password": null
}