{
  "id": "gen9championsvgc2026regma-2583753133",
  "format": "[Gen 9 Champions] VGC 2026 Reg M-A",
  "players": [
    "FloridaManEX",
    "1h1"
  ],
  "log": "|j|\u2606FloridaManEX\n|j|\u26061h1\n|t:|1776195354\n|gametype|doubles\n|player|p1|FloridaManEX|veteran|1077\n|player|p2|1h1|266|1042\n|gen|9\n|tier|[Gen 9 Champions] VGC 2026 Reg M-A\n|rated|\n|rule|Species Clause: Limit one of each Pok\u00e9mon\n|rule|Item Clause: Limit 1 of each item\n|clearpoke\n|poke|p1|Charizard, L50, F|\n|poke|p1|Venusaur, L50, F|\n|poke|p1|Garchomp, L50, F|\n|poke|p1|Rotom-Wash, L50|\n|poke|p1|Incineroar, L50, F|\n|poke|p1|Sneasler, L50, F|\n|poke|p2|Meowscarada, L50, F|\n|poke|p2|Basculegion, L50, M|\n|poke|p2|Dragonite, L50, F|\n|poke|p2|Sinistcha, L50|\n|poke|p2|Pelipper, L50, F|\n|poke|p2|Talonflame, L50, M|\n|teampreview|4\n|\n|t:|1776195392\n|teamsize|p1|4\n|teamsize|p2|4\n|start\n|switch|p1a: Vega|Sneasler, L50, F|100/100\n|switch|p1b: LG|Rotom-Wash, L50|100/100\n|switch|p2a: Basculegion|Basculegion, L50, M|100/100\n|switch|p2b: Talonflame|Talonflame, L50, M|100/100\n|turn|1\n|\n|t:|1776195417\n|move|p1a: Vega|Fake Out|p2b: Talonflame\n|-damage|p2b: Talonflame|79/100\n|cant|p2b: Talonflame|flinch\n|move|p2a: Basculegion|Flip Turn|p1b: LG\n|-resisted|p1b: LG|1\n|-damage|p1b: LG|85/100\n|\n|t:|1776195424\n|switch|p2a: Dragonite|Dragonite, L50, F|100/100|[from] Flip Turn\n|move|p1b: LG|Thunderbolt|p2a: Dragonite\n|-damage|p2a: Dragonite|85/100\n|\n|-heal|p1b: LG|90/100|[from] item: Leftovers\n|upkeep\n|turn|2\n|\n|t:|1776195444\n|switch|p2b: Pelipper|Pelipper, L50, F|100/100\n|-weather|RainDance|[from] ability: Drizzle|[of] p2b: Pelipper\n|detailschange|p2a: Dragonite|Dragonite-Mega, L50, F\n|-mega|p2a: Dragonite|Dragonite|Dragoninite\n|move|p1a: Vega|Rock Tomb|p2b: Pelipper\n|-supereffective|p2b: Pelipper|1\n|-damage|p2b: Pelipper|38/100\n|-unboost|p2b: Pelipper|spe|1\n|move|p2a: Dragonite|Hurricane|p1a: Vega\n|-supereffective|p1a: Vega|1\n|-damage|p1a: Vega|0 fnt\n|faint|p1a: Vega\n|move|p1b: LG|Thunderbolt|p2a: Dragonite\n|-damage|p2a: Dragonite|59/100\n|\n|-weather|RainDance|[upkeep]\n|-heal|p1b: LG|96/100|[from] item: Leftovers\n|upkeep\n|\n|t:|1776195464\n|switch|p1a: False Angel|Charizard, L50, F, shiny|100/100\n|turn|3\n|\n|t:|1776195485\n|switch|p2b: Talonflame|Talonflame, L50, M|79/100\n|detailschange|p1a: False Angel|Charizard-Mega-Y, L50, F, shiny\n|-mega|p1a: False Angel|Charizard|Charizardite Y\n|-weather|SunnyDay|[from] ability: Drought|[of] p1a: False Angel\n|move|p1a: False Angel|Protect|p1a: False Angel\n|-singleturn|p1a: False Angel|Protect\n|move|p2a: Dragonite|Thunder|p1a: False Angel\n|-activate|p1a: False Angel|move: Protect\n|move|p1b: LG|Thunderbolt|p2b: Talonflame\n|-supereffective|p2b: Talonflame|1\n|-damage|p2b: Talonflame|0 fnt\n|faint|p2b: Talonflame\n|\n|-weather|SunnyDay|[upkeep]\n|-heal|p1b: LG|100/100|[from] item: Leftovers\n|upkeep\n|\n|t:|1776195500\n|switch|p2b: Pelipper|Pelipper, L50, F|38/100\n|-weather|RainDance|[from] ability: Drizzle|[of] p2b: Pelipper\n|turn|4\n|\n|t:|1776195512\n|switch|p1a: Black Jaw|Garchomp, L50, F|100/100\n|move|p2b: Pelipper|Protect|p2b: Pelipper\n|-singleturn|p2b: Pelipper|Protect\n|move|p2a: Dragonite|Thunder|p1a: Black Jaw\n|-immune|p1a: Black Jaw\n|move|p1b: LG|Thunderbolt|p2b: Pelipper\n|-activate|p2b: Pelipper|move: Protect\n|\n|-weather|RainDance|[upkeep]\n|upkeep\n|turn|5\n|\n|t:|1776195536\n|switch|p2b: Basculegion|Basculegion, L50, M|100/100\n|move|p1a: Black Jaw|Rock Slide|p2a: Dragonite|[spread] p2a,p2b\n|-supereffective|p2a: Dragonite|1\n|-damage|p2a: Dragonite|24/100\n|-damage|p2b: Basculegion|72/100\n|cant|p2a: Dragonite|flinch\n|move|p1b: LG|Thunderbolt|p2b: Basculegion\n|-supereffective|p2b: Basculegion|1\n|-damage|p2b: Basculegion|0 fnt\n|faint|p2b: Basculegion\n|\n|-weather|RainDance|[upkeep]\n|upkeep\n|-message|1h1 forfeited.\n|\n|win|FloridaManEX\n|raw|FloridaManEX's rating: 1077 &rarr; <strong>1103</strong><br />(+26 for winning)\n|raw|1h1's rating: 1042 &rarr; <strong>1027</strong><br />(-15 for losing)\n|l|\u26061h1\n|player|p2|\n",
  "uploadtime": 1776195555,
  "views": 20,
  "formatid": "gen9championsvgc2026regma",
  "rating": 1027,
  "private": 0,
  "password": null
}