{
  "id": "gen9championsvgc2026regma-2585776624",
  "format": "[Gen 9 Champions] VGC 2026 Reg M-A",
  "players": [
    "jilkjilkji",
    "benjiapollo"
  ],
  "log": "|j|\u2606jilkjilkji\n|j|\u2606benjiapollo\n|t:|1776369852\n|gametype|doubles\n|player|p1|jilkjilkji|102|1354\n|player|p2|benjiapollo|giovanni|1425\n|gen|9\n|tier|[Gen 9 Champions] VGC 2026 Reg M-A\n|rated|\n|rule|Species Clause: Limit one of each Pok\u00e9mon\n|rule|Item Clause: Limit 1 of each item\n|clearpoke\n|poke|p1|Dragonite, L50, F|\n|poke|p1|Pelipper, L50, M|\n|poke|p1|Basculegion, L50, M|\n|poke|p1|Archaludon, L50, F|\n|poke|p1|Sneasler, L50, F|\n|poke|p1|Meganium, L50, M|\n|poke|p2|Basculegion, L50, M|\n|poke|p2|Charizard, L50, M|\n|poke|p2|Kingambit, L50, M|\n|poke|p2|Sneasler, L50, M|\n|poke|p2|Venusaur, L50, F|\n|poke|p2|Talonflame, L50, M|\n|teampreview|4\n|inactive|Battle timer is ON: inactive players will automatically lose when time's up. (requested by jilkjilkji)\n|\n|t:|1776369870\n|teamsize|p1|4\n|teamsize|p2|4\n|start\n|switch|p1a: Dragonite|Dragonite, L50, F|100/100\n|switch|p1b: Sneasler|Sneasler, L50, F|100/100\n|switch|p2a: Talonflame|Talonflame, L50, M|100/100\n|switch|p2b: Charizard|Charizard, L50, M|100/100\n|turn|1\n|\n|t:|1776369891\n|detailschange|p2b: Charizard|Charizard-Mega-X, L50, M\n|-mega|p2b: Charizard|Charizard|Charizardite X\n|move|p1b: Sneasler|Protect|p1b: Sneasler\n|-singleturn|p1b: Sneasler|Protect\n|move|p1a: Dragonite|Protect|p1a: Dragonite\n|-singleturn|p1a: Dragonite|Protect\n|move|p2a: Talonflame|Quick Guard|p2a: Talonflame\n|-singleturn|p2a: Talonflame|Quick Guard\n|move|p2b: Charizard|Dragon Claw|p1a: Dragonite\n|-activate|p1a: Dragonite|move: Protect\n|\n|upkeep\n|turn|2\n|\n|t:|1776369905\n|detailschange|p1a: Dragonite|Dragonite-Mega, L50, F\n|-mega|p1a: Dragonite|Dragonite|Dragoninite\n|move|p2a: Talonflame|Tailwind|p2a: Talonflame\n|-sidestart|p2: benjiapollo|move: Tailwind\n|move|p2b: Charizard|Dragon Claw|p1a: Dragonite\n|-supereffective|p1a: Dragonite|1\n|-damage|p1a: Dragonite|50/100\n|move|p1b: Sneasler|Dire Claw|p2a: Talonflame\n|-damage|p2a: Talonflame|27/100\n|-status|p2a: Talonflame|par\n|move|p1a: Dragonite|Draco Meteor|p2b: Charizard\n|-supereffective|p2b: Charizard|1\n|-damage|p2b: Charizard|0 fnt\n|-unboost|p1a: Dragonite|spa|2\n|faint|p2b: Charizard\n|\n|upkeep\n|\n|t:|1776369921\n|switch|p2b: Sneasler|Sneasler, L50, M|100/100\n|turn|3\n|\n|t:|1776369931\n|move|p1b: Sneasler|Protect|p1b: Sneasler\n|-singleturn|p1b: Sneasler|Protect\n|move|p1a: Dragonite|Protect|p1a: Dragonite\n|-singleturn|p1a: Dragonite|Protect\n|move|p2b: Sneasler|Dire Claw|p1a: Dragonite\n|-activate|p1a: Dragonite|move: Protect\n|move|p2a: Talonflame|Brave Bird|p1b: Sneasler\n|-activate|p1b: Sneasler|move: Protect\n|\n|upkeep\n|turn|4\n|\n|t:|1776369947\n|switch|p1a: Pelipper|Pelipper, L50, M|100/100\n|-weather|RainDance|[from] ability: Drizzle|[of] p1a: Pelipper\n|move|p2b: Sneasler|Dire Claw|p1a: Pelipper\n|-damage|p1a: Pelipper|41/100\n|-status|p1a: Pelipper|slp\n|cant|p2a: Talonflame|par\n|move|p1b: Sneasler|Dire Claw|p2a: Talonflame\n|-crit|p2a: Talonflame\n|-damage|p2a: Talonflame|0 fnt\n|faint|p2a: Talonflame\n|\n|-weather|RainDance|[upkeep]\n|upkeep\n|\n|t:|1776369960\n|switch|p2a: Kingambit|Kingambit, L50, M|100/100\n|turn|5\n|inactive|jilkjilkji has 30 seconds left.\n|inactive|jilkjilkji has 20 seconds left.\n|\n|t:|1776369995\n|move|p2a: Kingambit|Protect|p2a: Kingambit\n|-singleturn|p2a: Kingambit|Protect\n|move|p2b: Sneasler|Dire Claw|p1b: Sneasler\n|-resisted|p1b: Sneasler|1\n|-damage|p1b: Sneasler|69/100\n|move|p1b: Sneasler|Close Combat|p2a: Kingambit\n|-activate|p2a: Kingambit|move: Protect\n|cant|p1a: Pelipper|slp\n|\n|-weather|RainDance|[upkeep]\n|-sideend|p2: benjiapollo|move: Tailwind\n|upkeep\n|turn|6\n|\n|t:|1776370018\n|move|p2a: Kingambit|Sucker Punch|p1b: Sneasler\n|-resisted|p1b: Sneasler|1\n|-damage|p1b: Sneasler|29/100\n|move|p2b: Sneasler|Close Combat|p1b: Sneasler\n|-resisted|p1b: Sneasler|1\n|-damage|p1b: Sneasler|0 fnt\n|-unboost|p2b: Sneasler|def|1\n|-unboost|p2b: Sneasler|spd|1\n|faint|p1b: Sneasler\n|-enditem|p2b: Sneasler|White Herb\n|-clearnegativeboost|p2b: Sneasler|[silent]\n|cant|p1a: Pelipper|slp\n|\n|-weather|RainDance|[upkeep]\n|upkeep\n|\n|t:|1776370031\n|switch|p1b: Dragonite|Dragonite-Mega, L50, F|50/100\n|turn|7\n|\n|t:|1776370043\n|move|p2a: Kingambit|Sucker Punch|p1a: Pelipper\n|-damage|p1a: Pelipper|0 fnt\n|faint|p1a: Pelipper\n|move|p2b: Sneasler|Dire Claw|p1b: Dragonite\n|-damage|p1b: Dragonite|8/100\n|move|p1b: Dragonite|Hurricane|p2b: Sneasler\n|-supereffective|p2b: Sneasler|1\n|-crit|p2b: Sneasler\n|-damage|p2b: Sneasler|0 fnt\n|faint|p2b: Sneasler\n|\n|-weather|RainDance|[upkeep]\n|upkeep\n|\n|t:|1776370052\n|switch|p1a: Basculegion|Basculegion, L50, M|100/100\n|turn|8\n|\n|t:|1776370059\n|move|p1a: Basculegion|Aqua Jet|p2a: Kingambit\n|-damage|p2a: Kingambit|72/100\n|move|p2a: Kingambit|Sucker Punch||[still]\n|-fail|p2a: Kingambit\n|move|p1b: Dragonite|Hurricane|p2a: Kingambit\n|-resisted|p2a: Kingambit|1\n|-damage|p2a: Kingambit|42/100\n|\n|-weather|none\n|upkeep\n|turn|9\n|\n|t:|1776370069\n|move|p1a: Basculegion|Aqua Jet|p2a: Kingambit\n|-damage|p2a: Kingambit|25/100\n|move|p1b: Dragonite|Hurricane|p2a: Kingambit|[miss]\n|-miss|p1b: Dragonite|p2a: Kingambit\n|move|p2a: Kingambit|Kowtow Cleave|p1a: Basculegion\n|-supereffective|p1a: Basculegion|1\n|-damage|p1a: Basculegion|0 fnt\n|faint|p1a: Basculegion\n|\n|upkeep\n|turn|10\n|-message|jilkjilkji forfeited.\n|\n|win|benjiapollo\n|raw|jilkjilkji's rating: 1354 &rarr; <strong>1338</strong><br />(-16 for losing)\n|raw|benjiapollo's rating: 1425 &rarr; <strong>1441</strong><br />(+16 for winning)\n|l|\u2606jilkjilkji\n|player|p1|\n",
  "uploadtime": 1776370082,
  "views": 34,
  "formatid": "gen9championsvgc2026regma",
  "rating": 1338,
  "private": 0,
  "password": null
}