{
  "id": "gen9championsvgc2026regma-2586565832",
  "format": "[Gen 9 Champions] VGC 2026 Reg M-A",
  "players": [
    "sfeb",
    "Pokeventurer"
  ],
  "log": "|j|\u2606sfeb\n|j|\u2606Pokeventurer\n|t:|1776443450\n|gametype|doubles\n|player|p1|sfeb|hilbert|1405\n|player|p2|Pokeventurer|265|1519\n|gen|9\n|tier|[Gen 9 Champions] VGC 2026 Reg M-A\n|rated|\n|rule|Species Clause: Limit one of each Pok\u00e9mon\n|rule|Item Clause: Limit 1 of each item\n|clearpoke\n|poke|p1|Politoed, L50, M|\n|poke|p1|Incineroar, L50, F|\n|poke|p1|Basculegion, L50, M|\n|poke|p1|Archaludon, L50, F|\n|poke|p1|Gengar, L50, M|\n|poke|p1|Sinistcha, L50|\n|poke|p2|Talonflame, L50, F|\n|poke|p2|Kingambit, L50, M|\n|poke|p2|Garchomp, L50, F|\n|poke|p2|Basculegion, L50, M|\n|poke|p2|Floette-Eternal, L50, F|\n|poke|p2|Pelipper, L50, M|\n|teampreview|4\n|inactive|Battle timer is ON: inactive players will automatically lose when time's up. (requested by sfeb)\n|\n|t:|1776443481\n|teamsize|p1|4\n|teamsize|p2|4\n|start\n|switch|p1a: Gengar|Gengar, L50, M|100/100\n|switch|p1b: Politoed|Politoed, L50, M|100/100\n|switch|p2a: Garchomp|Garchomp, L50, F|100/100\n|switch|p2b: Talonflame|Talonflame, L50, F|100/100\n|-weather|RainDance|[from] ability: Drizzle|[of] p1b: Politoed\n|turn|1\n|\n|t:|1776443500\n|detailschange|p1a: Gengar|Gengar-Mega, L50, M\n|-mega|p1a: Gengar|Gengar|Gengarite\n|move|p2b: Talonflame|Dual Wingbeat|p1b: Politoed\n|-damage|p1b: Politoed|84/100\n|-damage|p1b: Politoed|64/100\n|-hitcount|p1b: Politoed|2\n|move|p1a: Gengar|Skill Swap|p1b: Politoed\n|-activate|p1a: Gengar|Skill Swap|||[of] p1b: Politoed\n|move|p2a: Garchomp|Earthquake|p1b: Politoed|[spread] p1a,p1b\n|-immune|p2b: Talonflame\n|-supereffective|p1a: Gengar|1\n|-damage|p1a: Gengar|3/100\n|-damage|p1b: Politoed|24/100\n|-enditem|p1b: Politoed|Sitrus Berry|[eat]\n|-heal|p1b: Politoed|49/100|[from] item: Sitrus Berry\n|move|p1b: Politoed|Perish Song|p1b: Politoed\n|-start|p1a: Gengar|perish3|[silent]\n|-start|p1b: Politoed|perish3|[silent]\n|-start|p2a: Garchomp|perish3|[silent]\n|-start|p2b: Talonflame|perish3|[silent]\n|-fieldactivate|move: Perish Song\n|\n|-weather|RainDance|[upkeep]\n|-start|p2b: Talonflame|perish3\n|-start|p1a: Gengar|perish3\n|-start|p2a: Garchomp|perish3\n|-start|p1b: Politoed|perish3\n|upkeep\n|turn|2\n|\n|t:|1776443518\n|move|p1a: Gengar|Protect|p1a: Gengar\n|-singleturn|p1a: Gengar|Protect\n|move|p1b: Politoed|Protect|p1b: Politoed\n|-singleturn|p1b: Politoed|Protect\n|move|p2b: Talonflame|Dual Wingbeat|p1b: Politoed\n|-activate|p1b: Politoed|move: Protect\n|move|p2a: Garchomp|Earthquake|p1a: Gengar|[spread] \n|-activate|p1a: Gengar|move: Protect\n|-activate|p1b: Politoed|move: Protect\n|-immune|p2b: Talonflame\n|\n|-weather|RainDance|[upkeep]\n|-start|p2b: Talonflame|perish2\n|-start|p1a: Gengar|perish2\n|-start|p2a: Garchomp|perish2\n|-start|p1b: Politoed|perish2\n|upkeep\n|turn|3\n|\n|t:|1776443537\n|switch|p1a: Sinistcha|Sinistcha, L50|100/100\n|-heal|p1b: Politoed|74/100|[from] ability: Hospitality|[of] p1a: Sinistcha\n|move|p2b: Talonflame|Dual Wingbeat|p1b: Politoed\n|-damage|p1b: Politoed|56/100\n|-damage|p1b: Politoed|38/100\n|-hitcount|p1b: Politoed|2\n|move|p2a: Garchomp|Earthquake|p1a: Sinistcha|[spread] p1a,p1b\n|-immune|p2b: Talonflame\n|-resisted|p1a: Sinistcha|1\n|-damage|p1a: Sinistcha|81/100\n|-damage|p1b: Politoed|0 fnt\n|faint|p1b: Politoed\n|\n|-weather|RainDance|[upkeep]\n|-start|p2b: Talonflame|perish1\n|-start|p2a: Garchomp|perish1\n|upkeep\n|\n|t:|1776443548\n|switch|p1b: Gengar|Gengar-Mega, L50, M|3/100\n|turn|4\n|\n|t:|1776443554\n|move|p1b: Gengar|Protect|p1b: Gengar\n|-singleturn|p1b: Gengar|Protect\n|move|p2b: Talonflame|Tailwind|p2b: Talonflame\n|-sidestart|p2: Pokeventurer|move: Tailwind\n|move|p2a: Garchomp|Earthquake|p1a: Sinistcha|[spread] p1a\n|-activate|p1b: Gengar|move: Protect\n|-immune|p2b: Talonflame\n|-resisted|p1a: Sinistcha|1\n|-damage|p1a: Sinistcha|59/100\n|move|p1a: Sinistcha|Life Dew|p1a: Sinistcha|[spread] p1a,p1b\n|-heal|p1a: Sinistcha|84/100\n|-heal|p1b: Gengar|29/100\n|\n|-weather|RainDance|[upkeep]\n|-start|p2b: Talonflame|perish0\n|-start|p2a: Garchomp|perish0\n|faint|p2b: Talonflame\n|faint|p2a: Garchomp\n|upkeep\n|\n|t:|1776443559\n|switch|p2b: Basculegion|Basculegion, L50, M|100/100\n|switch|p2a: Kingambit|Kingambit, L50, M|100/100\n|turn|5\n|\n|t:|1776443566\n|move|p1a: Sinistcha|Rage Powder|p1a: Sinistcha\n|-singleturn|p1a: Sinistcha|move: Rage Powder\n|move|p2b: Basculegion|Last Respects|p1a: Sinistcha\n|-supereffective|p1a: Sinistcha|1\n|-damage|p1a: Sinistcha|0 fnt\n|faint|p1a: Sinistcha\n|move|p1b: Gengar|Shadow Ball|p2b: Basculegion\n|-supereffective|p2b: Basculegion|1\n|-damage|p2b: Basculegion|0 fnt\n|faint|p2b: Basculegion\n|move|p2a: Kingambit|Kowtow Cleave|p1b: Gengar\n|-supereffective|p1b: Gengar|1\n|-damage|p1b: Gengar|0 fnt\n|faint|p1b: Gengar\n|\n|-weather|none\n|upkeep\n|\n|t:|1776443571\n|switch|p1b: Archaludon|Archaludon, L50, F|100/100\n|turn|6\n|\n|t:|1776443579\n|move|p2a: Kingambit|Low Kick|p1b: Archaludon\n|-supereffective|p1b: Archaludon|1\n|-damage|p1b: Archaludon|55/100\n|-ability|p1b: Archaludon|Stamina|boost\n|-boost|p1b: Archaludon|def|1\n|move|p1b: Archaludon|Electro Shot||[still]\n|-prepare|p1b: Archaludon|Electro Shot\n|-boost|p1b: Archaludon|spa|1\n|\n|-heal|p1b: Archaludon|61/100|[from] item: Leftovers\n|upkeep\n|turn|7\n|\n|t:|1776443584\n|move|p2a: Kingambit|Low Kick|p1b: Archaludon\n|-supereffective|p1b: Archaludon|1\n|-damage|p1b: Archaludon|25/100\n|-ability|p1b: Archaludon|Stamina|boost\n|-boost|p1b: Archaludon|def|1\n|move|p1b: Archaludon|Electro Shot|p2a: Kingambit|[from] lockedmove\n|-damage|p2a: Kingambit|44/100\n|\n|-heal|p1b: Archaludon|32/100|[from] item: Leftovers\n|-sideend|p2: Pokeventurer|move: Tailwind\n|upkeep\n|turn|8\n|\n|t:|1776443588\n|move|p1b: Archaludon|Protect|p1b: Archaludon\n|-singleturn|p1b: Archaludon|Protect\n|move|p2a: Kingambit|Low Kick|p1b: Archaludon\n|-activate|p1b: Archaludon|move: Protect\n|\n|-heal|p1b: Archaludon|38/100|[from] item: Leftovers\n|upkeep\n|turn|9\n|\n|t:|1776443614\n|move|p1b: Archaludon|Dragon Pulse|p2a: Kingambit\n|-resisted|p2a: Kingambit|1\n|-damage|p2a: Kingambit|18/100\n|move|p2a: Kingambit|Low Kick|p1b: Archaludon\n|-supereffective|p1b: Archaludon|1\n|-damage|p1b: Archaludon|13/100\n|-ability|p1b: Archaludon|Stamina|boost\n|-boost|p1b: Archaludon|def|1\n|\n|-heal|p1b: Archaludon|19/100|[from] item: Leftovers\n|upkeep\n|turn|10\n|\n|t:|1776443620\n|move|p1b: Archaludon|Protect|p1b: Archaludon\n|-singleturn|p1b: Archaludon|Protect\n|move|p2a: Kingambit|Kowtow Cleave|p1b: Archaludon\n|-activate|p1b: Archaludon|move: Protect\n|\n|-heal|p1b: Archaludon|25/100|[from] item: Leftovers\n|upkeep\n|turn|11\n|\n|t:|1776443629\n|move|p2a: Kingambit|Sucker Punch|p1b: Archaludon\n|-damage|p1b: Archaludon|13/100\n|-ability|p1b: Archaludon|Stamina|boost\n|-boost|p1b: Archaludon|def|1\n|move|p1b: Archaludon|Dragon Pulse|p2a: Kingambit\n|-resisted|p2a: Kingambit|1\n|-damage|p2a: Kingambit|0 fnt\n|faint|p2a: Kingambit\n|\n|win|sfeb\n|raw|sfeb's rating: 1405 &rarr; <strong>1431</strong><br />(+26 for winning)\n|raw|Pokeventurer's rating: 1519 &rarr; <strong>1493</strong><br />(-26 for losing)\n",
  "uploadtime": 1776443632,
  "views": 49,
  "formatid": "gen9championsvgc2026regma",
  "rating": 1431,
  "private": 0,
  "password": null
}