{
  "id": "gen9championsvgc2026regma-2585430397",
  "format": "[Gen 9 Champions] VGC 2026 Reg M-A",
  "players": [
    "zhenyifa888",
    "Brevmad"
  ],
  "log": "|j|\u2606zhenyifa888\n|j|\u2606Brevmad\n|t:|1776346770\n|gametype|doubles\n|player|p1|zhenyifa888|serena-masters|1000\n|player|p2|Brevmad|169|1005\n|gen|9\n|tier|[Gen 9 Champions] VGC 2026 Reg M-A\n|rated|\n|rule|Species Clause: Limit one of each Pok\u00e9mon\n|rule|Item Clause: Limit 1 of each item\n|clearpoke\n|poke|p1|Torkoal, L50, M|\n|poke|p1|Hatterene, L50, F|\n|poke|p1|Camerupt, L50, M|\n|poke|p1|Farigiraf, L50, M|\n|poke|p1|Araquanid, L50, M|\n|poke|p1|Gallade, L50, M|\n|poke|p2|Ampharos, L50, F|\n|poke|p2|Pelipper, L50, M|\n|poke|p2|Basculegion, L50, M|\n|poke|p2|Archaludon, L50, M|\n|poke|p2|Venusaur, L50, M|\n|poke|p2|Sinistcha, L50|\n|teampreview|4\n|inactive|Battle timer is ON: inactive players will automatically lose when time's up. (requested by zhenyifa888)\n|inactive|zhenyifa888 has 60 seconds left.\n|\n|t:|1776346814\n|teamsize|p1|4\n|teamsize|p2|4\n|start\n|switch|p1a: Farigiraf|Farigiraf, L50, M|100/100\n|switch|p1b: Araquanid|Araquanid, L50, M, shiny|100/100\n|switch|p2a: Ampharos|Ampharos, L50, F|100/100\n|switch|p2b: Basculegion|Basculegion, L50, M|100/100\n|turn|1\n|inactive|Brevmad has 30 seconds left.\n|inactive|Brevmad has 20 seconds left.\n|inactive|zhenyifa888 has 30 seconds left.\n|\n|t:|1776346854\n|detailschange|p2a: Ampharos|Ampharos-Mega, L50, F\n|-mega|p2a: Ampharos|Ampharos|Ampharosite\n|-ability|p2a: Ampharos|Mold Breaker\n|move|p2b: Basculegion|Psychic Fangs|p1a: Farigiraf\n|-resisted|p1a: Farigiraf|1\n|-damage|p1a: Farigiraf|90/100\n|move|p2a: Ampharos|Thunder|p1b: Araquanid|[miss]\n|-miss|p2a: Ampharos|p1b: Araquanid\n|move|p1b: Araquanid|Lunge|p2b: Basculegion\n|-resisted|p2b: Basculegion|1\n|-damage|p2b: Basculegion|82/100\n|-unboost|p2b: Basculegion|atk|1\n|move|p1a: Farigiraf|Trick Room|p1a: Farigiraf\n|-fieldstart|move: Trick Room|[of] p1a: Farigiraf\n|\n|upkeep\n|turn|2\n|inactive|zhenyifa888 has 30 seconds left.\n|\n|t:|1776346882\n|switch|p1b: Camerupt|Camerupt, L50, M, shiny|100/100\n|switch|p2b: Pelipper|Pelipper, L50, M|100/100\n|-weather|RainDance|[from] ability: Drizzle|[of] p2b: Pelipper\n|move|p1a: Farigiraf|Ally Switch|p1a: Farigiraf\n|swap|p1a: Farigiraf|1|[from] move: Ally Switch\n|move|p2a: Ampharos|Cotton Guard|p2a: Ampharos\n|-boost|p2a: Ampharos|def|3\n|\n|-weather|RainDance|[upkeep]\n|upkeep\n|turn|3\n|inactive|Brevmad has 30 seconds left.\n|\n|t:|1776346907\n|switch|p1b: Torkoal|Torkoal, L50, M, shiny|100/100\n|-weather|SunnyDay|[from] ability: Drought|[of] p1b: Torkoal\n|detailschange|p1a: Camerupt|Camerupt-Mega, L50, M, shiny\n|-mega|p1a: Camerupt|Camerupt|Cameruptite\n|move|p2b: Pelipper|Protect|p2b: Pelipper\n|-singleturn|p2b: Pelipper|Protect\n|move|p1a: Camerupt|Earth Power|p2a: Ampharos\n|-supereffective|p2a: Ampharos|1\n|-damage|p2a: Ampharos|0 fnt\n|faint|p2a: Ampharos\n|\n|-weather|SunnyDay|[upkeep]\n|upkeep\n|\n|t:|1776346924\n|switch|p2a: Basculegion|Basculegion, L50, M|82/100\n|turn|4\n|\n|t:|1776346941\n|switch|p1b: Farigiraf|Farigiraf, L50, M|90/100\n|move|p1a: Camerupt|Solar Beam||[still]\n|-prepare|p1a: Camerupt|Solar Beam\n|-anim|p1a: Camerupt|Solar Beam|p2a: Basculegion\n|-supereffective|p2a: Basculegion|1\n|-damage|p2a: Basculegion|0 fnt\n|faint|p2a: Basculegion\n|move|p2b: Pelipper|Icy Wind|p1b: Farigiraf|[spread] p1a,p1b\n|-damage|p1a: Camerupt|89/100\n|-damage|p1b: Farigiraf|75/100\n|-unboost|p1a: Camerupt|spe|1\n|-unboost|p1b: Farigiraf|spe|1\n|\n|-weather|SunnyDay|[upkeep]\n|upkeep\n|\n|t:|1776346954\n|switch|p2a: Archaludon|Archaludon, L50, M|100/100\n|turn|5\n|\n|t:|1776346974\n|move|p1b: Farigiraf|Helping Hand|p1a: Camerupt\n|-singleturn|p1a: Camerupt|Helping Hand|[of] p1b: Farigiraf\n|move|p1a: Camerupt|Earth Power|p2a: Archaludon\n|-supereffective|p2a: Archaludon|1\n|-ability|p2a: Archaludon|Sturdy\n|-damage|p2a: Archaludon|1/100\n|move|p2a: Archaludon|Light Screen|p2a: Archaludon\n|-sidestart|p2: Brevmad|move: Light Screen\n|move|p2b: Pelipper|Tailwind|p2b: Pelipper\n|-sidestart|p2: Brevmad|move: Tailwind\n|\n|-weather|SunnyDay|[upkeep]\n|-heal|p2a: Archaludon|7/100|[from] item: Leftovers\n|-fieldend|move: Trick Room\n|upkeep\n|turn|6\n|inactive|Brevmad has 30 seconds left.\n|\n|t:|1776347000\n|move|p2b: Pelipper|Icy Wind|p1b: Farigiraf|[spread] p1a,p1b\n|-damage|p1a: Camerupt|77/100\n|-damage|p1b: Farigiraf|63/100\n|-unboost|p1a: Camerupt|spe|1\n|-unboost|p1b: Farigiraf|spe|1\n|move|p2a: Archaludon|Flash Cannon|p1b: Farigiraf\n|-damage|p1b: Farigiraf|29/100\n|-enditem|p1b: Farigiraf|Sitrus Berry|[eat]\n|-heal|p1b: Farigiraf|54/100|[from] item: Sitrus Berry\n|move|p1a: Camerupt|Earth Power|p2a: Archaludon\n|-supereffective|p2a: Archaludon|1\n|-damage|p2a: Archaludon|0 fnt\n|faint|p2a: Archaludon\n|move|p1b: Farigiraf|Trick Room|p1b: Farigiraf\n|-fieldstart|move: Trick Room|[of] p1b: Farigiraf\n|\n|-weather|SunnyDay|[upkeep]\n|upkeep\n|turn|7\n|\n|t:|1776347018\n|switch|p1b: Torkoal|Torkoal, L50, M, shiny|100/100\n|move|p1a: Camerupt|Solar Beam||[still]\n|-prepare|p1a: Camerupt|Solar Beam\n|-anim|p1a: Camerupt|Solar Beam|p2b: Pelipper\n|-damage|p2b: Pelipper|44/100\n|move|p2b: Pelipper|Icy Wind|p1b: Torkoal|[spread] p1a\n|-miss|p2b: Pelipper|p1b: Torkoal\n|-damage|p1a: Camerupt|65/100\n|-unboost|p1a: Camerupt|spe|1\n|\n|-weather|none\n|upkeep\n|turn|8\n|\n|t:|1776347042\n|switch|p1b: Farigiraf|Farigiraf, L50, M|54/100\n|move|p1a: Camerupt|Protect|p1a: Camerupt\n|-singleturn|p1a: Camerupt|Protect\n|move|p2b: Pelipper|Quick Attack||[still]\n|cant|p1b: Farigiraf|ability: Armor Tail|Quick Attack|[of] p2b: Pelipper\n|\n|-sideend|p2: Brevmad|move: Tailwind\n|upkeep\n|turn|9\n|-message|Brevmad forfeited.\n|\n|win|zhenyifa888\n|raw|zhenyifa888's rating: 1000 &rarr; <strong>1041</strong><br />(+41 for winning)\n|raw|Brevmad's rating: 1005 &rarr; <strong>1000</strong><br />(-5 for losing)\n|l|\u2606Brevmad\n|player|p2|\n",
  "uploadtime": 1776347054,
  "views": 26,
  "formatid": "gen9championsvgc2026regma",
  "rating": 1000,
  "private": 0,
  "password": null
}