{
  "id": "gen9championsvgc2026regma-2583833443",
  "format": "[Gen 9 Champions] VGC 2026 Reg M-A",
  "players": [
    "isc0",
    "SunTufo"
  ],
  "log": "|j|\u2606isc0\n|j|\u2606SunTufo\n|t:|1776201283\n|gametype|doubles\n|player|p1|isc0|1|1375\n|player|p2|SunTufo|li|1337\n|gen|9\n|tier|[Gen 9 Champions] VGC 2026 Reg M-A\n|rated|\n|rule|Species Clause: Limit one of each Pok\u00e9mon\n|rule|Item Clause: Limit 1 of each item\n|clearpoke\n|poke|p1|Charizard, L50, M|\n|poke|p1|Maushold, L50|\n|poke|p1|Sneasler, L50, M|\n|poke|p1|Dragapult, L50, M|\n|poke|p1|Kingambit, L50, M|\n|poke|p1|Garchomp, L50, F|\n|poke|p2|Froslass, L50, F|\n|poke|p2|Milotic, L50, F|\n|poke|p2|Sneasler, L50, M|\n|poke|p2|Aerodactyl, L50, M|\n|poke|p2|Garchomp, L50, M|\n|poke|p2|Rotom-Wash, L50|\n|teampreview|4\n|inactive|Battle timer is ON: inactive players will automatically lose when time's up. (requested by SunTufo)\n|\n|t:|1776201312\n|teamsize|p1|4\n|teamsize|p2|4\n|start\n|switch|p1a: Dragapult|Dragapult, L50, M|100/100\n|switch|p1b: Sneasler|Sneasler, L50, M|100/100\n|switch|p2a: Aerodactyl|Aerodactyl, L50, M, shiny|100/100\n|switch|p2b: Sneasler|Sneasler, L50, M, shiny|100/100\n|-ability|p2a: Aerodactyl|Unnerve\n|turn|1\n|\n|t:|1776201332\n|move|p2b: Sneasler|Fake Out|p1b: Sneasler\n|-damage|p1b: Sneasler|76/100\n|cant|p1b: Sneasler|flinch\n|move|p1a: Dragapult|Psychic Fangs|p2b: Sneasler\n|-supereffective|p2b: Sneasler|2\n|-enditem|p2b: Sneasler|Focus Sash\n|-damage|p2b: Sneasler|1/100\n|move|p2a: Aerodactyl|Tailwind|p2a: Aerodactyl\n|-sidestart|p2: SunTufo|move: Tailwind\n|\n|upkeep\n|turn|2\n|\n|t:|1776201355\n|move|p2a: Aerodactyl|Protect|p2a: Aerodactyl\n|-singleturn|p2a: Aerodactyl|Protect\n|move|p1b: Sneasler|Feint|p2b: Sneasler\n|-damage|p2b: Sneasler|0 fnt\n|faint|p2b: Sneasler\n|move|p1a: Dragapult|Shadow Ball|p2a: Aerodactyl\n|-activate|p2a: Aerodactyl|move: Protect\n|\n|upkeep\n|\n|t:|1776201368\n|switch|p2b: Garchomp|Garchomp, L50, M, shiny|100/100\n|turn|3\n|\n|t:|1776201387\n|switch|p1a: Maushold|Maushold, L50|100/100\n|move|p2a: Aerodactyl|Dual Wingbeat|p1a: Maushold\n|-damage|p1a: Maushold|76/100\n|-damage|p1a: Maushold|51/100\n|-hitcount|p1a: Maushold|2\n|move|p2b: Garchomp|Earthquake|p1a: Maushold|[spread] p1a,p1b\n|-immune|p2a: Aerodactyl\n|-supereffective|p1b: Sneasler|1\n|-damage|p1a: Maushold|2/100\n|-damage|p1b: Sneasler|0 fnt\n|faint|p1b: Sneasler\n|\n|upkeep\n|\n|t:|1776201404\n|switch|p1b: Charizard|Charizard, L50, M, shiny|100/100\n|turn|4\n|\n|t:|1776201419\n|move|p2a: Aerodactyl|Protect|p2a: Aerodactyl\n|-singleturn|p2a: Aerodactyl|Protect\n|move|p2b: Garchomp|Protect|p2b: Garchomp\n|-singleturn|p2b: Garchomp|Protect\n|move|p1a: Maushold|Protect|p1a: Maushold\n|-singleturn|p1a: Maushold|Protect\n|move|p1b: Charizard|Protect||[still]\n|-fail|p1b: Charizard\n|\n|-sideend|p2: SunTufo|move: Tailwind\n|upkeep\n|turn|5\n|\n|t:|1776201436\n|move|p1b: Charizard|Protect|p1b: Charizard\n|-singleturn|p1b: Charizard|Protect\n|move|p2a: Aerodactyl|Tailwind|p2a: Aerodactyl\n|-sidestart|p2: SunTufo|move: Tailwind\n|move|p2b: Garchomp|Rock Slide|p1a: Maushold|[spread] p1a\n|-activate|p1b: Charizard|move: Protect\n|-crit|p1a: Maushold\n|-damage|p1a: Maushold|0 fnt\n|faint|p1a: Maushold\n|\n|upkeep\n|\n|t:|1776201444\n|switch|p1a: Dragapult|Dragapult, L50, M|100/100\n|turn|6\n|\n|t:|1776201453\n|detailschange|p1b: Charizard|Charizard-Mega-Y, L50, M, shiny\n|-mega|p1b: Charizard|Charizard|Charizardite Y\n|-weather|SunnyDay|[from] ability: Drought|[of] p1b: Charizard\n|move|p2a: Aerodactyl|Rock Slide|p1b: Charizard|[spread] p1a,p1b\n|-supereffective|p1b: Charizard|2\n|-damage|p1a: Dragapult|64/100\n|-damage|p1b: Charizard|0 fnt\n|faint|p1b: Charizard\n|move|p2b: Garchomp|Dragon Claw|p1a: Dragapult\n|-supereffective|p1a: Dragapult|1\n|-damage|p1a: Dragapult|0 fnt\n|faint|p1a: Dragapult\n|\n|win|SunTufo\n|raw|isc0's rating: 1375 &rarr; <strong>1353</strong><br />(-22 for losing)\n|raw|SunTufo's rating: 1337 &rarr; <strong>1359</strong><br />(+22 for winning)\n",
  "uploadtime": 1776201453,
  "views": 45,
  "formatid": "gen9championsvgc2026regma",
  "rating": 1353,
  "private": 0,
  "password": null
}