{
  "id": "gen9championsvgc2026regma-2586470232",
  "format": "[Gen 9 Champions] VGC 2026 Reg M-A",
  "players": [
    "huity",
    "TheBallistic1"
  ],
  "log": "|j|\u2606huity\n|j|\u2606TheBallistic1\n|t:|1776436904\n|gametype|doubles\n|player|p1|huity|caitlin|1066\n|player|p2|TheBallistic1|colress|1038\n|gen|9\n|tier|[Gen 9 Champions] VGC 2026 Reg M-A\n|rated|\n|rule|Species Clause: Limit one of each Pok\u00e9mon\n|rule|Item Clause: Limit 1 of each item\n|clearpoke\n|poke|p1|Gengar, L50, M|\n|poke|p1|Floette-Eternal, L50, F|\n|poke|p1|Politoed, L50, M|\n|poke|p1|Aegislash, L50, F|\n|poke|p1|Incineroar, L50, F|\n|poke|p1|Kommo-o, L50, M|\n|poke|p2|Tyranitar, L50, F|\n|poke|p2|Excadrill, L50, F|\n|poke|p2|Starmie, L50|\n|poke|p2|Garchomp, L50, M|\n|poke|p2|Rotom-Wash, L50|\n|poke|p2|Orthworm, L50, F|\n|teampreview|4\n|\n|t:|1776436937\n|teamsize|p1|4\n|teamsize|p2|4\n|start\n|switch|p1a: Gengar|Gengar, L50, M, shiny|100/100\n|switch|p1b: Incineroar|Incineroar, L50, F|100/100\n|switch|p2a: Starmie|Starmie, L50|100/100\n|switch|p2b: Orthworm|Orthworm, L50, F|100/100\n|-ability|p1b: Incineroar|Intimidate|boost\n|-unboost|p2a: Starmie|atk|1\n|-unboost|p2b: Orthworm|atk|1\n|turn|1\n|\n|t:|1776436962\n|detailschange|p1a: Gengar|Gengar-Mega, L50, M, shiny\n|-mega|p1a: Gengar|Gengar|Gengarite\n|move|p2a: Starmie|Protect|p2a: Starmie\n|-singleturn|p2a: Starmie|Protect\n|move|p1b: Incineroar|Fake Out|p2b: Orthworm\n|-resisted|p2b: Orthworm|1\n|-damage|p2b: Orthworm|97/100\n|move|p1a: Gengar|Perish Song|p1a: Gengar\n|-start|p1a: Gengar|perish3|[silent]\n|-start|p1b: Incineroar|perish3|[silent]\n|-start|p2a: Starmie|perish3|[silent]\n|-start|p2b: Orthworm|perish3|[silent]\n|-fieldactivate|move: Perish Song\n|cant|p2b: Orthworm|flinch\n|\n|-start|p1a: Gengar|perish3\n|-start|p2a: Starmie|perish3\n|-start|p1b: Incineroar|perish3\n|-start|p2b: Orthworm|perish3\n|upkeep\n|turn|2\n|\n|t:|1776436992\n|move|p1a: Gengar|Protect|p1a: Gengar\n|-singleturn|p1a: Gengar|Protect\n|move|p1b: Incineroar|Protect|p1b: Incineroar\n|-singleturn|p1b: Incineroar|Protect\n|move|p2a: Starmie|Liquidation|p1b: Incineroar\n|-activate|p1b: Incineroar|move: Protect\n|move|p2b: Orthworm|Shed Tail|p2b: Orthworm\n|-start|p2b: Orthworm|Substitute|[from] move: Shed Tail\n|-damage|p2b: Orthworm|46/100\n|-enditem|p2b: Orthworm|Sitrus Berry|[eat]\n|-heal|p2b: Orthworm|71/100|[from] item: Sitrus Berry\n|\n|t:|1776436996\n|switch|p2b: Tyranitar|Tyranitar, L50, F|100/100|[from] Shed Tail\n|-weather|Sandstorm|[from] ability: Sand Stream|[of] p2b: Tyranitar\n|\n|-weather|Sandstorm|[upkeep]\n|-damage|p1a: Gengar|95/100|[from] Sandstorm\n|-damage|p2a: Starmie|95/100|[from] Sandstorm\n|-damage|p1b: Incineroar|95/100|[from] Sandstorm\n|-start|p1a: Gengar|perish2\n|-start|p2a: Starmie|perish2\n|-start|p1b: Incineroar|perish2\n|upkeep\n|turn|3\n|\n|t:|1776437026\n|switch|p1a: Politoed|Politoed, L50, M|100/100\n|-weather|RainDance|[from] ability: Drizzle|[of] p1a: Politoed\n|switch|p1b: Kommo-o|Kommo-o, L50, M|100/100\n|detailschange|p2a: Starmie|Starmie-Mega, L50\n|-mega|p2a: Starmie|Starmie|Starminite\n|move|p2a: Starmie|Skill Swap|p2b: Tyranitar\n|-activate|p2a: Starmie|Skill Swap|||[of] p2b: Tyranitar\n|-weather|Sandstorm|[from] ability: Sand Stream|[of] p2a: Starmie\n|move|p2b: Tyranitar|Rock Slide|p1a: Politoed|[spread] p1a,p1b\n|-resisted|p1b: Kommo-o|1\n|-damage|p1a: Politoed|39/100\n|-damage|p1b: Kommo-o|73/100\n|-enditem|p1a: Politoed|Sitrus Berry|[eat]\n|-heal|p1a: Politoed|64/100|[from] item: Sitrus Berry\n|\n|-weather|Sandstorm|[upkeep]\n|-damage|p2a: Starmie|89/100|[from] Sandstorm\n|-damage|p1a: Politoed|58/100|[from] Sandstorm\n|-start|p2a: Starmie|perish1\n|upkeep\n|turn|4\n|\n|t:|1776437043\n|switch|p2a: Excadrill|Excadrill, L50, F|100/100\n|move|p1a: Politoed|Helping Hand|p1b: Kommo-o\n|-singleturn|p1b: Kommo-o|Helping Hand|[of] p1a: Politoed\n|move|p2b: Tyranitar|Rock Slide|p1a: Politoed|[spread] p1b\n|-miss|p2b: Tyranitar|p1a: Politoed\n|-resisted|p1b: Kommo-o|1\n|-damage|p1b: Kommo-o|47/100\n|move|p1b: Kommo-o|Clanging Scales|p2b: Tyranitar|[spread] p2a,p2b\n|-resisted|p2a: Excadrill|1\n|-damage|p2a: Excadrill|60/100\n|-damage|p2b: Tyranitar|59/100\n|-unboost|p1b: Kommo-o|def|1\n|\n|-weather|Sandstorm|[upkeep]\n|-damage|p1a: Politoed|52/100|[from] Sandstorm\n|upkeep\n|turn|5\n|\n|t:|1776437071\n|switch|p1b: Gengar|Gengar-Mega, L50, M, shiny|95/100\n|move|p1a: Politoed|Protect|p1a: Politoed\n|-singleturn|p1a: Politoed|Protect\n|move|p2a: Excadrill|High Horsepower|p1b: Gengar\n|-supereffective|p1b: Gengar|1\n|-damage|p1b: Gengar|0 fnt\n|faint|p1b: Gengar\n|move|p2b: Tyranitar|Rock Slide|p1a: Politoed\n|-activate|p1a: Politoed|move: Protect\n|\n|-weather|Sandstorm|[upkeep]\n|-damage|p1a: Politoed|46/100|[from] Sandstorm\n|upkeep\n|-message|huity forfeited.\n|\n|win|TheBallistic1\n|raw|huity's rating: 1066 &rarr; <strong>1044</strong><br />(-22 for losing)\n|raw|TheBallistic1's rating: 1038 &rarr; <strong>1075</strong><br />(+37 for winning)\n|l|\u2606huity\n|player|p1|\n",
  "uploadtime": 1776438138,
  "views": 27,
  "formatid": "gen9championsvgc2026regma",
  "rating": 1044,
  "private": 0,
  "password": null
}