{
  "id": "gen9championsvgc2026regma-2586824281",
  "format": "[Gen 9 Champions] VGC 2026 Reg M-A",
  "players": [
    "De3pD4rk",
    "BeTransThrowHands"
  ],
  "log": "|j|\u2606De3pD4rk\n|j|\u2606BeTransThrowHands\n|t:|1776462942\n|gametype|doubles\n|player|p1|De3pD4rk|102|1065\n|player|p2|BeTransThrowHands|may-masters|1063\n|gen|9\n|tier|[Gen 9 Champions] VGC 2026 Reg M-A\n|rated|\n|rule|Species Clause: Limit one of each Pok\u00e9mon\n|rule|Item Clause: Limit 1 of each item\n|clearpoke\n|poke|p1|Banette, L50, M|\n|poke|p1|Conkeldurr, L50, M|\n|poke|p1|Sinistcha, L50|\n|poke|p1|Primarina, L50, F|\n|poke|p1|Kangaskhan, L50, F|\n|poke|p1|Gyarados, L50, M|\n|poke|p2|Delphox, L50, F|\n|poke|p2|Froslass, L50, F|\n|poke|p2|Clefable, L50, F|\n|poke|p2|Aerodactyl, L50, M|\n|poke|p2|Glaceon, L50, M|\n|poke|p2|Sneasler, L50, M|\n|teampreview|4\nDe3pD4rk rejected open team sheets.\n|\n|t:|1776462979\n|teamsize|p1|4\n|teamsize|p2|4\n|start\n|switch|p1a: Banette|Banette, L50, M, shiny|100/100\n|switch|p1b: Primarina|Primarina, L50, F|100/100\n|switch|p2a: Froslass|Froslass, L50, F|100/100\n|switch|p2b: Glaceon|Glaceon, L50, M, shiny|100/100\n|turn|1\n|\n|t:|1776462997\n|detailschange|p2a: Froslass|Froslass-Mega, L50, F\n|-mega|p2a: Froslass|Froslass|Froslassite\n|-weather|Snowscape|[from] ability: Snow Warning|[of] p2a: Froslass\n|detailschange|p1a: Banette|Banette-Mega, L50, M, shiny\n|-mega|p1a: Banette|Banette|Banettite\n|move|p1a: Banette|Protect|p1a: Banette\n|-singleturn|p1a: Banette|Protect\n|move|p2a: Froslass|Shadow Ball|p1a: Banette\n|-activate|p1a: Banette|move: Protect\n|move|p2b: Glaceon|Blizzard|p1a: Banette|[spread] p1b\n|-activate|p1a: Banette|move: Protect\n|-resisted|p1b: Primarina|1\n|-damage|p1b: Primarina|76/100\n|move|p1b: Primarina|Calm Mind|p1b: Primarina\n|-boost|p1b: Primarina|spa|1\n|-boost|p1b: Primarina|spd|1\n|\n|-weather|Snowscape|[upkeep]\n|upkeep\n|turn|2\n|\n|t:|1776463022\n|switch|p1a: Conkeldurr|Conkeldurr, L50, M|100/100\n|move|p2a: Froslass|Shadow Ball|p1a: Conkeldurr\n|-damage|p1a: Conkeldurr|48/100\n|move|p2b: Glaceon|Freeze-Dry|p1b: Primarina\n|-supereffective|p1b: Primarina|1\n|-damage|p1b: Primarina|27/100\n|move|p1b: Primarina|Hyper Voice|p2b: Glaceon|[spread] p2a,p2b\n|-damage|p2a: Froslass|20/100\n|-damage|p2b: Glaceon|32/100\n|\n|-weather|Snowscape|[upkeep]\n|upkeep\n|turn|3\n|\n|t:|1776463053\n|switch|p1a: Sinistcha|Sinistcha, L50|100/100\n|-heal|p1b: Primarina|51/100|[from] ability: Hospitality|[of] p1a: Sinistcha\n|move|p2b: Glaceon|Protect|p2b: Glaceon\n|-singleturn|p2b: Glaceon|Protect\n|move|p2a: Froslass|Blizzard|p1b: Primarina|[spread] p1a,p1b\n|-supereffective|p1a: Sinistcha|1\n|-resisted|p1b: Primarina|1\n|-damage|p1a: Sinistcha|3/100\n|-damage|p1b: Primarina|38/100\n|-enditem|p1a: Sinistcha|Sitrus Berry|[eat]\n|-heal|p1a: Sinistcha|27/100|[from] item: Sitrus Berry\n|move|p1b: Primarina|Hyper Voice|p2b: Glaceon|[spread] p2a\n|-activate|p2b: Glaceon|move: Protect\n|-damage|p2a: Froslass|0 fnt\n|faint|p2a: Froslass\n|\n|-weather|Snowscape|[upkeep]\n|upkeep\n|\n|t:|1776463065\n|switch|p2a: Sneasler|Sneasler, L50, M|100/100\n|turn|4\n|\n|t:|1776463078\n|move|p1b: Primarina|Protect|p1b: Primarina\n|-singleturn|p1b: Primarina|Protect\n|move|p2a: Sneasler|Fake Out|p1b: Primarina\n|-activate|p1b: Primarina|move: Protect\n|move|p2b: Glaceon|Blizzard|p1a: Sinistcha|[spread] p1a\n|-activate|p1b: Primarina|move: Protect\n|-supereffective|p1a: Sinistcha|1\n|-damage|p1a: Sinistcha|0 fnt\n|faint|p1a: Sinistcha\n|\n|-weather|Snowscape|[upkeep]\n|upkeep\n|\n|t:|1776463085\n|switch|p1a: Banette|Banette-Mega, L50, M, shiny|100/100\n|turn|5\n|\n|t:|1776463095\n|switch|p1b: Conkeldurr|Conkeldurr, L50, M|48/100\n|move|p2a: Sneasler|Dire Claw|p1b: Conkeldurr\n|-damage|p1b: Conkeldurr|10/100\n|move|p1a: Banette|Psychic|p2a: Sneasler\n|-supereffective|p2a: Sneasler|2\n|-damage|p2a: Sneasler|0 fnt\n|faint|p2a: Sneasler\n|move|p2b: Glaceon|Freeze-Dry|p1a: Banette\n|-damage|p1a: Banette|47/100\n|\n|-weather|none\n|upkeep\n|\n|t:|1776463105\n|switch|p2a: Clefable|Clefable, L50, F, shiny|100/100\n|turn|6\n|\n|t:|1776463117\n|move|p1b: Conkeldurr|Protect|p1b: Conkeldurr\n|-singleturn|p1b: Conkeldurr|Protect\n|move|p2a: Clefable|Follow Me|p2a: Clefable\n|-singleturn|p2a: Clefable|move: Follow Me\n|move|p2b: Glaceon|Blizzard|p1a: Banette|[spread] \n|-activate|p1b: Conkeldurr|move: Protect\n|-miss|p2b: Glaceon|p1a: Banette\n|move|p1a: Banette|Trick Room|p1a: Banette\n|-fieldstart|move: Trick Room|[of] p1a: Banette\n|\n|upkeep\n|turn|7\n|\n|t:|1776463135\n|move|p2a: Clefable|Follow Me|p2a: Clefable\n|-singleturn|p2a: Clefable|move: Follow Me\n|move|p1b: Conkeldurr|Facade|p2a: Clefable\n|-damage|p2a: Clefable|74/100\n|move|p1a: Banette|Psychic|p2a: Clefable\n|-damage|p2a: Clefable|58/100\n|move|p2b: Glaceon|Blizzard|p1a: Banette|[spread] \n|-miss|p2b: Glaceon|p1a: Banette\n|-miss|p2b: Glaceon|p1b: Conkeldurr\n|\n|upkeep\n|turn|8\n|\n|t:|1776463153\n|move|p1a: Banette|Protect|p1a: Banette\n|-singleturn|p1a: Banette|Protect\n|move|p2b: Glaceon|Protect|p2b: Glaceon\n|-singleturn|p2b: Glaceon|Protect\n|move|p1b: Conkeldurr|Knock Off|p2a: Clefable\n|-resisted|p2a: Clefable|1\n|-damage|p2a: Clefable|38/100\n|-enditem|p2a: Clefable|Sitrus Berry|[from] move: Knock Off|[of] p1b: Conkeldurr\n|move|p2a: Clefable|Life Dew|p2a: Clefable|[spread] p2a,p2b\n|-heal|p2a: Clefable|63/100\n|-heal|p2b: Glaceon|57/100\n|\n|upkeep\n|turn|9\n|\n|t:|1776463169\n|move|p2a: Clefable|Follow Me|p2a: Clefable\n|-singleturn|p2a: Clefable|move: Follow Me\n|move|p1a: Banette|Will-O-Wisp|p2a: Clefable\n|-status|p2a: Clefable|brn\n|move|p1b: Conkeldurr|Facade|p2a: Clefable\n|-damage|p2a: Clefable|37/100 brn\n|move|p2b: Glaceon|Freeze-Dry|p1a: Banette\n|-crit|p1a: Banette\n|-damage|p1a: Banette|0 fnt\n|faint|p1a: Banette\n|\n|-damage|p2a: Clefable|31/100 brn|[from] brn\n|upkeep\n|\n|t:|1776463177\n|switch|p1a: Primarina|Primarina, L50, F|38/100\n|turn|10\n|\n|t:|1776463188\n|move|p2a: Clefable|Protect|p2a: Clefable\n|-singleturn|p2a: Clefable|Protect\n|move|p2b: Glaceon|Protect|p2b: Glaceon\n|-singleturn|p2b: Glaceon|Protect\n|move|p1b: Conkeldurr|Close Combat|p2b: Glaceon\n|-activate|p2b: Glaceon|move: Protect\n|move|p1a: Primarina|Hyper Voice|p2b: Glaceon|[spread] \n|-activate|p2a: Clefable|move: Protect\n|-activate|p2b: Glaceon|move: Protect\n|\n|-damage|p2a: Clefable|25/100 brn|[from] brn\n|-fieldend|move: Trick Room\n|upkeep\n|turn|11\n|\n|t:|1776463199\n|move|p2b: Glaceon|Freeze-Dry|p1a: Primarina\n|-supereffective|p1a: Primarina|1\n|-damage|p1a: Primarina|0 fnt\n|faint|p1a: Primarina\n|move|p2a: Clefable|Moonblast|p1b: Conkeldurr\n|-supereffective|p1b: Conkeldurr|1\n|-damage|p1b: Conkeldurr|0 fnt\n|faint|p1b: Conkeldurr\n|\n|win|BeTransThrowHands\n|raw|De3pD4rk's rating: 1065 &rarr; <strong>1045</strong><br />(-20 for losing)\n|raw|BeTransThrowHands's rating: 1063 &rarr; <strong>1094</strong><br />(+31 for winning)\n|l|\u2606De3pD4rk\n|player|p1|\n",
  "uploadtime": 1776463209,
  "views": 22,
  "formatid": "gen9championsvgc2026regma",
  "rating": 1045,
  "private": 0,
  "password": null
}