{
  "id": "gen9championsvgc2026regma-2582499905",
  "format": "[Gen 9 Champions] VGC 2026 Reg M-A",
  "players": [
    "bghjgj'",
    "JCinn"
  ],
  "log": "|j|\u2606bghjgj'\n|j|\u2606JCinn\n|t:|1776095628\n|gametype|doubles\n|player|p1|bghjgj'|265|1075\n|player|p2|JCinn|2|1155\n|gen|9\n|tier|[Gen 9 Champions] VGC 2026 Reg M-A\n|rated|\n|rule|Species Clause: Limit one of each Pok\u00e9mon\n|rule|Item Clause: Limit 1 of each item\n|clearpoke\n|poke|p1|Whimsicott, L50, F|\n|poke|p1|Milotic, L50, M|\n|poke|p1|Charizard, L50, F|\n|poke|p1|Raichu, L50, M|\n|poke|p1|Garchomp, L50, M|\n|poke|p1|Tyranitar, L50, F|\n|poke|p2|Crabominable, L50, M|\n|poke|p2|Farigiraf, L50, M|\n|poke|p2|Incineroar, L50, M|\n|poke|p2|Basculegion, L50, M|\n|poke|p2|Pelipper, L50, M|\n|poke|p2|Hydrapple, L50, M|\n|teampreview|4\n|inactive|Battle timer is ON: inactive players will automatically lose when time's up. (requested by JCinn)\n|\n|t:|1776095650\n|teamsize|p1|4\n|teamsize|p2|4\n|start\n|switch|p1a: Milotic|Milotic, L50, M|100/100\n|switch|p1b: Whimsicott|Whimsicott, L50, F|100/100\n|switch|p2a: Farigiraf|Farigiraf, L50, M|100/100\n|switch|p2b: Incineroar|Incineroar, L50, M|100/100\n|-ability|p2b: Incineroar|Intimidate|boost\n|-unboost|p1a: Milotic|atk|1\n|-ability|p1a: Milotic|Competitive|boost\n|-boost|p1a: Milotic|spa|2\n|-unboost|p1b: Whimsicott|atk|1\n|turn|1\n|\n|t:|1776095669\n|move|p2b: Incineroar|Fake Out|p1a: Milotic\n|-damage|p1a: Milotic|86/100\n|move|p1b: Whimsicott|Light Screen|p1b: Whimsicott\n|-sidestart|p1: bghjgj'|move: Light Screen\n|cant|p1a: Milotic|flinch\n|move|p2a: Farigiraf|Trick Room|p2a: Farigiraf\n|-fieldstart|move: Trick Room|[of] p2a: Farigiraf\n|\n|-heal|p1a: Milotic|92/100|[from] item: Leftovers\n|upkeep\n|turn|2\n|inactive|bghjgj' has 30 seconds left.\n|inactive|bghjgj' has 20 seconds left.\n|inactive|bghjgj' has 15 seconds left.\n|\n|t:|1776095710\n|switch|p1b: Charizard|Charizard, L50, F|100/100\n|move|p2a: Farigiraf|Psychic|p1a: Milotic\n|-damage|p1a: Milotic|73/100\n|move|p2b: Incineroar|Throat Chop|p1a: Milotic\n|-damage|p1a: Milotic|38/100\n|-start|p1a: Milotic|Throat Chop|[silent]\n|move|p1a: Milotic|Scald|p2a: Farigiraf\n|-damage|p2a: Farigiraf|40/100\n|-status|p2a: Farigiraf|brn\n|\n|-heal|p1a: Milotic|43/100|[from] item: Leftovers\n|-damage|p2a: Farigiraf|34/100 brn|[from] brn\n|upkeep\n|turn|3\n|inactive|bghjgj' has 30 seconds left.\n|inactive|bghjgj' has 20 seconds left.\n|inactive|JCinn has 30 seconds left.\n|inactive|bghjgj' has 15 seconds left.\n|inactive|bghjgj' has 10 seconds left.\n|\n|t:|1776095758\n|move|p1a: Milotic|Protect|p1a: Milotic\n|-singleturn|p1a: Milotic|Protect\n|move|p2a: Farigiraf|Hyper Voice|p1b: Charizard|[spread] p1b\n|-activate|p1a: Milotic|move: Protect\n|-damage|p1b: Charizard|78/100\n|move|p2b: Incineroar|Throat Chop|p1a: Milotic\n|-activate|p1a: Milotic|move: Protect\n|move|p1b: Charizard|Air Slash|p2a: Farigiraf\n|-damage|p2a: Farigiraf|4/100 brn\n|\n|-heal|p1a: Milotic|49/100|[from] item: Leftovers\n|-damage|p2a: Farigiraf|0 fnt|[from] brn\n|faint|p2a: Farigiraf\n|-end|p1a: Milotic|Throat Chop|[silent]\n|upkeep\n|\n|t:|1776095769\n|switch|p2a: Crabominable|Crabominable, L50, M|100/100\n|turn|4\n|inactive|bghjgj' has 30 seconds left.\n|inactive|bghjgj' has 20 seconds left.\n|\n|t:|1776095807\n|switch|p1a: Whimsicott|Whimsicott, L50, F|100/100\n|detailschange|p2a: Crabominable|Crabominable-Mega, L50, M\n|-mega|p2a: Crabominable|Crabominable|Crabominite\n|move|p1b: Charizard|Protect|p1b: Charizard\n|-singleturn|p1b: Charizard|Protect\n|move|p2a: Crabominable|Drain Punch|p1a: Whimsicott\n|-resisted|p1a: Whimsicott|1\n|-damage|p1a: Whimsicott|73/100\n|move|p2b: Incineroar|Parting Shot|p1b: Charizard\n|-activate|p1b: Charizard|move: Protect\n|\n|upkeep\n|turn|5\n|inactive|bghjgj' has 30 seconds left.\n|inactive|JCinn has 30 seconds left.\n|\n|t:|1776095842\n|switch|p1b: Raichu|Raichu, L50, M|100/100\n|move|p1a: Whimsicott|Tailwind|p1a: Whimsicott\n|-sidestart|p1: bghjgj'|move: Tailwind\n|move|p2a: Crabominable|Ice Hammer|p1b: Raichu\n|-damage|p1b: Raichu|0 fnt\n|-unboost|p2a: Crabominable|spe|1\n|faint|p1b: Raichu\n|move|p2b: Incineroar|Throat Chop|p1a: Whimsicott\n|-resisted|p1a: Whimsicott|1\n|-damage|p1a: Whimsicott|48/100\n|-start|p1a: Whimsicott|Throat Chop|[silent]\n|\n|-sideend|p1: bghjgj'|move: Light Screen\n|-fieldend|move: Trick Room\n|upkeep\n|\n|t:|1776095868\n|switch|p1b: Charizard|Charizard, L50, F|78/100\n|turn|6\n|inactive|bghjgj' has 30 seconds left.\n|\n|t:|1776095894\n|detailschange|p1b: Charizard|Charizard-Mega-Y, L50, F\n|-mega|p1b: Charizard|Charizard|Charizardite Y\n|-weather|SunnyDay|[from] ability: Drought|[of] p1b: Charizard\n|move|p2a: Crabominable|Protect|p2a: Crabominable\n|-singleturn|p2a: Crabominable|Protect\n|move|p1a: Whimsicott|Light Screen|p1a: Whimsicott\n|-sidestart|p1: bghjgj'|move: Light Screen\n|move|p1b: Charizard|Air Slash|p2a: Crabominable\n|-activate|p2a: Crabominable|move: Protect\n|move|p2b: Incineroar|Parting Shot|p1b: Charizard\n|-unboost|p1b: Charizard|atk|1\n|-unboost|p1b: Charizard|spa|1\n|\n|t:|1776095904\n|switch|p2b: Pelipper|Pelipper, L50, M|100/100|[from] Parting Shot\n|-weather|RainDance|[from] ability: Drizzle|[of] p2b: Pelipper\n|\n|-weather|RainDance|[upkeep]\n|-end|p1a: Whimsicott|Throat Chop|[silent]\n|upkeep\n|turn|7\n|\n|t:|1776095928\n|switch|p1b: Milotic|Milotic, L50, M|49/100\n|move|p2b: Pelipper|Wide Guard|p2b: Pelipper\n|-singleturn|p2b: Pelipper|Wide Guard\n|move|p1a: Whimsicott|Encore|p2a: Crabominable\n|-start|p2a: Crabominable|Encore\n|move|p2a: Crabominable|Protect||[still]\n|-fail|p2a: Crabominable\n|\n|-weather|RainDance|[upkeep]\n|-heal|p1b: Milotic|55/100|[from] item: Leftovers\n|upkeep\n|turn|8\n|inactive|bghjgj' has 30 seconds left.\n|\n|t:|1776095954\n|switch|p1a: Charizard|Charizard-Mega-Y, L50, F|78/100\n|-weather|SunnyDay|[from] ability: Drought|[of] p1a: Charizard\n|move|p2a: Crabominable|Protect|p2a: Crabominable\n|-singleturn|p2a: Crabominable|Protect\n|move|p1b: Milotic|Weather Ball|p2a: Crabominable\n|-activate|p2a: Crabominable|move: Protect\n|move|p2b: Pelipper|Hurricane|p1b: Milotic|[miss]\n|-miss|p2b: Pelipper|p1b: Milotic\n|\n|-weather|SunnyDay|[upkeep]\n|-heal|p1b: Milotic|61/100|[from] item: Leftovers\n|-sideend|p1: bghjgj'|move: Tailwind\n|upkeep\n|turn|9\n|inactive|JCinn has 30 seconds left.\n|\n|t:|1776095980\n|switch|p2a: Incineroar|Incineroar, L50, M|100/100\n|-ability|p2a: Incineroar|Intimidate|boost\n|-unboost|p1a: Charizard|atk|1\n|-unboost|p1b: Milotic|atk|1\n|-ability|p1b: Milotic|Competitive|boost\n|-boost|p1b: Milotic|spa|2\n|move|p2b: Pelipper|Wide Guard|p2b: Pelipper\n|-singleturn|p2b: Pelipper|Wide Guard\n|move|p1a: Charizard|Air Slash|p2b: Pelipper\n|-damage|p2b: Pelipper|48/100\n|move|p1b: Milotic|Weather Ball|p2a: Incineroar\n|-resisted|p2a: Incineroar|1\n|-damage|p2a: Incineroar|60/100\n|\n|-weather|SunnyDay|[upkeep]\n|-heal|p1b: Milotic|66/100|[from] item: Leftovers\n|upkeep\n|turn|10\n|inactive|bghjgj' has 30 seconds left.\n|inactive|bghjgj' has 20 seconds left.\n|inactive|bghjgj' has 15 seconds left.\n|\n|t:|1776096025\n|switch|p2b: Crabominable|Crabominable-Mega, L50, M|100/100\n|move|p2a: Incineroar|Fake Out|p1b: Milotic\n|-damage|p1b: Milotic|54/100\n|move|p1a: Charizard|Air Slash|p2b: Crabominable\n|-supereffective|p2b: Crabominable|1\n|-damage|p2b: Crabominable|29/100\n|cant|p1b: Milotic|flinch\n|\n|-weather|SunnyDay|[upkeep]\n|-heal|p1b: Milotic|60/100|[from] item: Leftovers\n|-sideend|p1: bghjgj'|move: Light Screen\n|upkeep\n|turn|11\n|inactive|bghjgj' has 30 seconds left.\n|\n|t:|1776096051\n|switch|p2a: Pelipper|Pelipper, L50, M|48/100\n|-weather|RainDance|[from] ability: Drizzle|[of] p2a: Pelipper\n|move|p1a: Charizard|Air Slash|p2b: Crabominable\n|-supereffective|p2b: Crabominable|1\n|-damage|p2b: Crabominable|0 fnt\n|faint|p2b: Crabominable\n|move|p1b: Milotic|Scald|p2a: Pelipper\n|-resisted|p2a: Pelipper|1\n|-damage|p2a: Pelipper|0 fnt\n|faint|p2a: Pelipper\n|\n|-weather|RainDance|[upkeep]\n|-heal|p1b: Milotic|65/100|[from] item: Leftovers\n|upkeep\n|-message|JCinn forfeited.\n|\n|win|bghjgj'\n|raw|bghjgj&apos;'s rating: 1075 &rarr; <strong>1110</strong><br />(+35 for winning)\n|raw|JCinn's rating: 1155 &rarr; <strong>1124</strong><br />(-31 for losing)\n|l|\u2606JCinn\n|player|p2|\n",
  "uploadtime": 1776096233,
  "views": 42,
  "formatid": "gen9championsvgc2026regma",
  "rating": 1110,
  "private": 0,
  "password": null
}