{
  "id": "gen9championsvgc2026regma-2585854664",
  "format": "[Gen 9 Champions] VGC 2026 Reg M-A",
  "players": [
    "camachojoao",
    "mr brewster"
  ],
  "log": "|j|\u2606camachojoao\n|j|\u2606mr brewster\n|t:|1776375769\n|gametype|doubles\n|player|p1|camachojoao|hilbert|1374\n|player|p2|mr brewster|scientist-gen4dp|1304\n|gen|9\n|tier|[Gen 9 Champions] VGC 2026 Reg M-A\n|rated|\n|rule|Species Clause: Limit one of each Pok\u00e9mon\n|rule|Item Clause: Limit 1 of each item\n|clearpoke\n|poke|p1|Gardevoir, L50, M|\n|poke|p1|Aerodactyl, L50, M|\n|poke|p1|Sneasler, L50, M|\n|poke|p1|Whimsicott, L50, M|\n|poke|p1|Aegislash, L50, F|\n|poke|p1|Incineroar, L50, F|\n|poke|p2|Tyranitar, L50, F|\n|poke|p2|Excadrill, L50, F|\n|poke|p2|Corviknight, L50, M|\n|poke|p2|Primarina, L50, M|\n|poke|p2|Incineroar, L50, M|\n|poke|p2|Sinistcha, L50|\n|teampreview|4\n|inactive|Battle timer is ON: inactive players will automatically lose when time's up. (requested by mr brewster)\n|\n|t:|1776375798\n|teamsize|p1|4\n|teamsize|p2|4\n|start\n|switch|p1a: Sneasler|Sneasler, L50, M|100/100\n|switch|p1b: Aerodactyl|Aerodactyl, L50, M|100/100\n|switch|p2a: Corviknight|Corviknight, L50, M|100/100\n|switch|p2b: Primarina|Primarina, L50, M|100/100\n|-ability|p1b: Aerodactyl|Unnerve\n|turn|1\n|\n|t:|1776375818\n|move|p1a: Sneasler|Fake Out|p2b: Primarina\n|-damage|p2b: Primarina|86/100\n|move|p1b: Aerodactyl|Tailwind|p1b: Aerodactyl\n|-sidestart|p1: camachojoao|move: Tailwind\n|move|p2a: Corviknight|Bulk Up|p2a: Corviknight\n|-boost|p2a: Corviknight|atk|1\n|-boost|p2a: Corviknight|def|1\n|cant|p2b: Primarina|flinch\n|\n|upkeep\n|turn|2\n|\n|t:|1776375830\n|move|p2b: Primarina|Protect|p2b: Primarina\n|-singleturn|p2b: Primarina|Protect\n|move|p1b: Aerodactyl|Rock Slide|p2a: Corviknight|[spread] p2a\n|-activate|p2b: Primarina|move: Protect\n|-damage|p2a: Corviknight|89/100\n|move|p1a: Sneasler|Dire Claw|p2b: Primarina\n|-activate|p2b: Primarina|move: Protect\n|cant|p2a: Corviknight|flinch\n|\n|-heal|p2a: Corviknight|95/100|[from] item: Leftovers\n|upkeep\n|turn|3\n|\n|t:|1776375846\n|switch|p1b: Gardevoir|Gardevoir, L50, M, shiny|100/100\n|move|p1a: Sneasler|Dire Claw|p2b: Primarina\n|-supereffective|p2b: Primarina|1\n|-damage|p2b: Primarina|2/100\n|-enditem|p2b: Primarina|Sitrus Berry|[eat]\n|-heal|p2b: Primarina|26/100|[from] item: Sitrus Berry\n|move|p2a: Corviknight|Brave Bird|p1a: Sneasler\n|-supereffective|p1a: Sneasler|1\n|-damage|p1a: Sneasler|0 fnt\n|faint|p1a: Sneasler\n|-damage|p2a: Corviknight|69/100|[from] Recoil\n|move|p2b: Primarina|Hyper Voice|p1b: Gardevoir\n|-damage|p1b: Gardevoir|56/100\n|\n|-heal|p2a: Corviknight|75/100|[from] item: Leftovers\n|upkeep\n|\n|t:|1776375862\n|switch|p1a: Aerodactyl|Aerodactyl, L50, M|100/100\n|-ability|p1a: Aerodactyl|Unnerve\n|turn|4\n|\n|t:|1776375868\n|switch|p2b: Tyranitar|Tyranitar, L50, F|100/100\n|-weather|Sandstorm|[from] ability: Sand Stream|[of] p2b: Tyranitar\n|detailschange|p1b: Gardevoir|Gardevoir-Mega, L50, M, shiny\n|-mega|p1b: Gardevoir|Gardevoir|Gardevoirite\n|move|p1a: Aerodactyl|Dual Wingbeat|p2b: Tyranitar\n|-resisted|p2b: Tyranitar|1\n|-damage|p2b: Tyranitar|94/100\n|-resisted|p2b: Tyranitar|1\n|-damage|p2b: Tyranitar|86/100\n|-hitcount|p2b: Tyranitar|2\n|move|p1b: Gardevoir|Mystical Fire|p2a: Corviknight\n|-supereffective|p2a: Corviknight|1\n|-damage|p2a: Corviknight|23/100\n|-ability|p2a: Corviknight|Mirror Armor\n|-unboost|p1b: Gardevoir|spa|1\n|move|p2a: Corviknight|Roost|p2a: Corviknight\n|-heal|p2a: Corviknight|74/100\n|-singleturn|p2a: Corviknight|move: Roost\n|\n|-weather|Sandstorm|[upkeep]\n|-damage|p1b: Gardevoir|50/100|[from] Sandstorm\n|-heal|p2a: Corviknight|80/100|[from] item: Leftovers\n|-sideend|p1: camachojoao|move: Tailwind\n|upkeep\n|turn|5\n|\n|t:|1776375892\n|detailschange|p2b: Tyranitar|Tyranitar-Mega, L50, F\n|-mega|p2b: Tyranitar|Tyranitar|Tyranitarite\n|move|p1a: Aerodactyl|Tailwind|p1a: Aerodactyl\n|-sidestart|p1: camachojoao|move: Tailwind\n|move|p1b: Gardevoir|Hyper Voice|p2b: Tyranitar|[spread] p2a,p2b\n|-resisted|p2a: Corviknight|1\n|-supereffective|p2b: Tyranitar|1\n|-damage|p2a: Corviknight|66/100\n|-damage|p2b: Tyranitar|49/100\n|move|p2b: Tyranitar|Rock Slide|p1a: Aerodactyl|[spread] p1a,p1b\n|-supereffective|p1a: Aerodactyl|1\n|-enditem|p1a: Aerodactyl|Focus Sash\n|-damage|p1a: Aerodactyl|1/100\n|-damage|p1b: Gardevoir|1/100\n|move|p2a: Corviknight|Roost|p2a: Corviknight\n|-heal|p2a: Corviknight|100/100\n|-singleturn|p2a: Corviknight|move: Roost\n|\n|-weather|Sandstorm|[upkeep]\n|-damage|p1b: Gardevoir|0 fnt|[from] Sandstorm\n|faint|p1b: Gardevoir\n|upkeep\n|\n|t:|1776375905\n|switch|p1b: Aegislash|Aegislash, L50, F|100/100\n|turn|6\n|\n|t:|1776375920\n|move|p2b: Tyranitar|Protect|p2b: Tyranitar\n|-singleturn|p2b: Tyranitar|Protect\n|move|p1a: Aerodactyl|Rock Slide|p2a: Corviknight|[spread] p2a\n|-activate|p2b: Tyranitar|move: Protect\n|-damage|p2a: Corviknight|89/100\n|-formechange|p1b: Aegislash|Aegislash-Blade|\n|move|p1b: Aegislash|Iron Head|p2b: Tyranitar\n|-activate|p2b: Tyranitar|move: Protect\n|cant|p2a: Corviknight|flinch\n|\n|-weather|Sandstorm|[upkeep]\n|-heal|p2a: Corviknight|95/100|[from] item: Leftovers\n|upkeep\n|turn|7\n|\n|t:|1776375935\n|move|p1a: Aerodactyl|Protect|p1a: Aerodactyl\n|-singleturn|p1a: Aerodactyl|Protect\n|-formechange|p1b: Aegislash|Aegislash|\n|move|p1b: Aegislash|King's Shield|p1b: Aegislash\n|-singleturn|p1b: Aegislash|Protect\n|move|p2b: Tyranitar|Knock Off|p1b: Aegislash\n|-activate|p1b: Aegislash|move: Protect\n|-unboost|p2b: Tyranitar|atk|1\n|move|p2a: Corviknight|Brave Bird|p1a: Aerodactyl\n|-activate|p1a: Aerodactyl|move: Protect\n|\n|-weather|Sandstorm|[upkeep]\n|-heal|p2a: Corviknight|100/100|[from] item: Leftovers\n|upkeep\n|turn|8\n|\n|t:|1776375948\n|move|p2b: Tyranitar|Protect|p2b: Tyranitar\n|-singleturn|p2b: Tyranitar|Protect\n|move|p1a: Aerodactyl|Rock Slide|p2b: Tyranitar|[spread] p2a\n|-activate|p2b: Tyranitar|move: Protect\n|-damage|p2a: Corviknight|87/100\n|-formechange|p1b: Aegislash|Aegislash-Blade|\n|move|p1b: Aegislash|Poltergeist|p2a: Corviknight\n|-activate|p2a: Corviknight|move: Poltergeist|Leftovers\n|-damage|p2a: Corviknight|48/100\n|cant|p2a: Corviknight|flinch\n|\n|-weather|none\n|-heal|p2a: Corviknight|54/100|[from] item: Leftovers\n|-sideend|p1: camachojoao|move: Tailwind\n|upkeep\n|turn|9\n|c|\u2606mr brewster|THIS MOVE IS FUCKING CANCER\n|\n|t:|1776375969\n|move|p1a: Aerodactyl|Tailwind|p1a: Aerodactyl\n|-sidestart|p1: camachojoao|move: Tailwind\n|move|p1b: Aegislash|Iron Head|p2b: Tyranitar\n|-supereffective|p2b: Tyranitar|1\n|-damage|p2b: Tyranitar|0 fnt\n|faint|p2b: Tyranitar\n|move|p2a: Corviknight|Roost|p2a: Corviknight\n|-heal|p2a: Corviknight|100/100\n|-singleturn|p2a: Corviknight|move: Roost\n|\n|upkeep\n|\n|t:|1776375977\n|switch|p2b: Excadrill|Excadrill, L50, F|100/100\n|turn|10\n|\n|t:|1776375987\n|move|p1a: Aerodactyl|Protect|p1a: Aerodactyl\n|-singleturn|p1a: Aerodactyl|Protect\n|-formechange|p1b: Aegislash|Aegislash|\n|move|p1b: Aegislash|King's Shield|p1b: Aegislash\n|-singleturn|p1b: Aegislash|Protect\n|move|p2b: Excadrill|High Horsepower|p1b: Aegislash\n|-activate|p1b: Aegislash|move: Protect\n|-unboost|p2b: Excadrill|atk|1\n|move|p2a: Corviknight|Bulk Up|p2a: Corviknight\n|-boost|p2a: Corviknight|atk|1\n|-boost|p2a: Corviknight|def|1\n|\n|upkeep\n|turn|11\n|c|\u2606camachojoao|your bird is cancer!\n|\n|t:|1776376007\n|move|p1a: Aerodactyl|Rock Slide|p2a: Corviknight|[spread] p2a,p2b\n|-crit|p2a: Corviknight\n|-resisted|p2b: Excadrill|2\n|-damage|p2a: Corviknight|74/100\n|-damage|p2b: Excadrill|92/100\n|-formechange|p1b: Aegislash|Aegislash-Blade|\n|move|p1b: Aegislash|Poltergeist|p2b: Excadrill\n|-activate|p2b: Excadrill|move: Poltergeist|Focus Sash\n|-damage|p2b: Excadrill|0 fnt\n|faint|p2b: Excadrill\n|move|p2a: Corviknight|Bulk Up|p2a: Corviknight\n|-boost|p2a: Corviknight|atk|1\n|-boost|p2a: Corviknight|def|1\n|\n|-heal|p2a: Corviknight|80/100|[from] item: Leftovers\n|upkeep\n|\n|t:|1776376019\n|switch|p2b: Primarina|Primarina, L50, M|26/100\n|turn|12\n|\n|t:|1776376031\n|move|p1a: Aerodactyl|Protect|p1a: Aerodactyl\n|-singleturn|p1a: Aerodactyl|Protect\n|move|p2b: Primarina|Protect|p2b: Primarina\n|-singleturn|p2b: Primarina|Protect\n|move|p1b: Aegislash|Shadow Sneak|p2b: Primarina\n|-activate|p2b: Primarina|move: Protect\n|move|p2a: Corviknight|Brave Bird|p1a: Aerodactyl\n|-activate|p1a: Aerodactyl|move: Protect\n|\n|-heal|p2a: Corviknight|85/100|[from] item: Leftovers\n|-sideend|p1: camachojoao|move: Tailwind\n|upkeep\n|turn|13\n|\n|t:|1776376046\n|move|p1b: Aegislash|Shadow Sneak|p2b: Primarina\n|-damage|p2b: Primarina|0 fnt\n|faint|p2b: Primarina\n|move|p1a: Aerodactyl|Rock Slide|p2a: Corviknight\n|-damage|p2a: Corviknight|75/100\n|cant|p2a: Corviknight|flinch\n|\n|-heal|p2a: Corviknight|81/100|[from] item: Leftovers\n|upkeep\n|turn|14\n|\n|t:|1776376056\n|move|p1a: Aerodactyl|Tailwind|p1a: Aerodactyl\n|-sidestart|p1: camachojoao|move: Tailwind\n|move|p1b: Aegislash|Poltergeist|p2a: Corviknight\n|-activate|p2a: Corviknight|move: Poltergeist|Leftovers\n|-damage|p2a: Corviknight|58/100\n|move|p2a: Corviknight|Brave Bird|p1a: Aerodactyl\n|-resisted|p1a: Aerodactyl|1\n|-damage|p1a: Aerodactyl|0 fnt\n|faint|p1a: Aerodactyl\n|-damage|p2a: Corviknight|57/100|[from] Recoil\n|\n|-heal|p2a: Corviknight|63/100|[from] item: Leftovers\n|upkeep\n|turn|15\n|\n|t:|1776376070\n|-formechange|p1b: Aegislash|Aegislash|\n|move|p1b: Aegislash|King's Shield|p1b: Aegislash\n|-singleturn|p1b: Aegislash|Protect\n|move|p2a: Corviknight|Roost|p2a: Corviknight\n|-heal|p2a: Corviknight|100/100\n|-singleturn|p2a: Corviknight|move: Roost\n|\n|upkeep\n|turn|16\n|\n|t:|1776376076\n|-formechange|p1b: Aegislash|Aegislash-Blade|\n|move|p1b: Aegislash|Poltergeist|p2a: Corviknight\n|-activate|p2a: Corviknight|move: Poltergeist|Leftovers\n|-damage|p2a: Corviknight|74/100\n|move|p2a: Corviknight|Brave Bird|p1b: Aegislash\n|-resisted|p1b: Aegislash|1\n|-damage|p1b: Aegislash|20/100\n|-damage|p2a: Corviknight|52/100|[from] Recoil\n|\n|-heal|p2a: Corviknight|58/100|[from] item: Leftovers\n|upkeep\n|turn|17\n|\n|t:|1776376084\n|move|p1b: Aegislash|Poltergeist|p2a: Corviknight\n|-activate|p2a: Corviknight|move: Poltergeist|Leftovers\n|-damage|p2a: Corviknight|31/100\n|move|p2a: Corviknight|Roost|p2a: Corviknight\n|-heal|p2a: Corviknight|81/100\n|-singleturn|p2a: Corviknight|move: Roost\n|\n|-heal|p2a: Corviknight|87/100|[from] item: Leftovers\n|-sideend|p1: camachojoao|move: Tailwind\n|upkeep\n|turn|18\n|\n|t:|1776376090\n|-formechange|p1b: Aegislash|Aegislash|\n|move|p1b: Aegislash|King's Shield|p1b: Aegislash\n|-singleturn|p1b: Aegislash|Protect\n|move|p2a: Corviknight|Brave Bird|p1b: Aegislash\n|-activate|p1b: Aegislash|move: Protect\n|-ability|p2a: Corviknight|Mirror Armor\n|-unboost|p1b: Aegislash|atk|1\n|\n|-heal|p2a: Corviknight|93/100|[from] item: Leftovers\n|upkeep\n|turn|19\n|\n|t:|1776376097\n|move|p2a: Corviknight|Brave Bird|p1b: Aegislash\n|-resisted|p1b: Aegislash|1\n|-damage|p1b: Aegislash|0 fnt\n|faint|p1b: Aegislash\n|-damage|p2a: Corviknight|88/100|[from] Recoil\n|\n|win|mr brewster\n",
  "uploadtime": 1776375964,
  "views": 14,
  "formatid": "gen9championsvgc2026regma",
  "rating": null,
  "private": 0,
  "password": null
}