{
  "id": "gen9championsvgc2026regma-2586980502",
  "format": "[Gen 9 Champions] VGC 2026 Reg M-A",
  "players": [
    "keepfocusVGC",
    "testingtesting101"
  ],
  "log": "|j|\u2606keepfocusVGC\n|j|\u2606testingtesting101\n|t:|1776477874\n|gametype|doubles\n|player|p1|keepfocusVGC|2|1165\n|player|p2|testingtesting101|buck|1147\n|gen|9\n|tier|[Gen 9 Champions] VGC 2026 Reg M-A\n|rated|\n|rule|Species Clause: Limit one of each Pok\u00e9mon\n|rule|Item Clause: Limit 1 of each item\n|clearpoke\n|poke|p1|Gengar, L50, M|\n|poke|p1|Politoed, L50, F|\n|poke|p1|Floette-Eternal, L50, F|\n|poke|p1|Whimsicott, L50, M|\n|poke|p1|Incineroar, L50, M|\n|poke|p1|Kommo-o, L50, F|\n|poke|p2|Delphox, L50, F|\n|poke|p2|Hydrapple, L50, M|\n|poke|p2|Garchomp, L50, M|\n|poke|p2|Torkoal, L50, M|\n|poke|p2|Mimikyu, L50, F|\n|poke|p2|Pidgeot, L50, F|\n|teampreview|4\ntestingtesting101 rejected open team sheets.\n|\n|t:|1776477932\n|teamsize|p1|4\n|teamsize|p2|4\n|start\n|switch|p1a: Floette|Floette-Eternal, L50, F|100/100\n|switch|p1b: Incineroar|Incineroar, L50, M|100/100\n|switch|p2a: Kamik|Delphox, L50, F|100/100\n|switch|p2b: Garchomp|Garchomp, L50, M|100/100\n|-ability|p1b: Incineroar|Intimidate|boost\n|-unboost|p2a: Kamik|atk|1\n|-unboost|p2b: Garchomp|atk|1\n|turn|1\n|\n|t:|1776477956\n|switch|p2b: Hehehehe...|Mimikyu, L50, F|100/100\n|detailschange|p2a: Kamik|Delphox-Mega, L50, F\n|-mega|p2a: Kamik|Delphox|Delphoxite\n|detailschange|p1a: Floette|Floette-Mega, L50, F\n|-mega|p1a: Floette|Floette|Floettite\n|-ability|p1a: Floette|Fairy Aura\n|move|p2a: Kamik|Protect|p2a: Kamik\n|-singleturn|p2a: Kamik|Protect\n|move|p1b: Incineroar|Fake Out|p2a: Kamik\n|-activate|p2a: Kamik|move: Protect\n|move|p1a: Floette|Calm Mind|p1a: Floette\n|-boost|p1a: Floette|spa|1\n|-boost|p1a: Floette|spd|1\n|\n|upkeep\n|turn|2\n|\n|t:|1776477983\n|move|p1a: Floette|Protect|p1a: Floette\n|-singleturn|p1a: Floette|Protect\n|move|p2a: Kamik|Encore|p1b: Incineroar\n|-start|p1b: Incineroar|Encore\n|move|p1b: Incineroar|Fake Out||[still]\n|-hint|Fake Out only works on your first turn out.\n|-fail|p1b: Incineroar\n|move|p2b: Hehehehe...|Play Rough|p1a: Floette\n|-activate|p1a: Floette|move: Protect\n|\n|upkeep\n|turn|3\n|\n|t:|1776478008\n|switch|p1b: Politoed|Politoed, L50, F|100/100\n|-weather|RainDance|[from] ability: Drizzle|[of] p1b: Politoed\n|move|p2a: Kamik|Encore|p1a: Floette\n|-start|p1a: Floette|Encore\n|move|p1a: Floette|Protect||[still]\n|-fail|p1a: Floette\n|move|p2b: Hehehehe...|Play Rough|p1a: Floette|[miss]\n|-miss|p2b: Hehehehe...|p1a: Floette\n|\n|-weather|RainDance|[upkeep]\n|upkeep\n|turn|4\n|\n|t:|1776478034\n|move|p2a: Kamik|Protect|p2a: Kamik\n|-singleturn|p2a: Kamik|Protect\n|move|p1a: Floette|Protect|p1a: Floette\n|-singleturn|p1a: Floette|Protect\n|move|p1b: Politoed|Weather Ball|p2a: Kamik\n|-activate|p2a: Kamik|move: Protect\n|move|p2b: Hehehehe...|Play Rough|p1b: Politoed\n|-damage|p1b: Politoed|52/100\n|-unboost|p1b: Politoed|atk|1\n|\n|-weather|RainDance|[upkeep]\n|-heal|p1b: Politoed|58/100|[from] item: Leftovers\n|upkeep\n|turn|5\n|\n|t:|1776478050\n|switch|p2a: Torkoal|Torkoal, L50, M|100/100\n|-weather|SunnyDay|[from] ability: Drought|[of] p2a: Torkoal\n|switch|p1b: Incineroar|Incineroar, L50, M|100/100\n|-ability|p1b: Incineroar|Intimidate|boost\n|-unboost|p2a: Torkoal|atk|1\n|-unboost|p2b: Hehehehe...|atk|1\n|move|p1a: Floette|Protect||[still]\n|-fail|p1a: Floette\n|move|p2b: Hehehehe...|Trick Room|p2b: Hehehehe...\n|-fieldstart|move: Trick Room|[of] p2b: Hehehehe...\n|\n|-weather|SunnyDay|[upkeep]\n|-end|p1a: Floette|Encore\n|upkeep\n|turn|6\n|\n|t:|1776478068\n|move|p2a: Torkoal|Protect|p2a: Torkoal\n|-singleturn|p2a: Torkoal|Protect\n|move|p1b: Incineroar|Fake Out|p2a: Torkoal\n|-activate|p2a: Torkoal|move: Protect\n|move|p2b: Hehehehe...|Play Rough|p1a: Floette\n|-damage|p1a: Floette|70/100\n|move|p1a: Floette|Dazzling Gleam|p2b: Hehehehe...|[spread] p2b\n|-activate|p2a: Torkoal|move: Protect\n|-activate|p2b: Hehehehe...|ability: Disguise\n|-damage|p2b: Hehehehe...|100/100\n|detailschange|p2b: Hehehehe...|Mimikyu-Busted, L50, F\n|-damage|p2b: Hehehehe...|88/100|[from] pokemon: Mimikyu-Busted\n|\n|-weather|SunnyDay|[upkeep]\n|upkeep\n|turn|7\n|\n|t:|1776478092\n|move|p1a: Floette|Protect|p1a: Floette\n|-singleturn|p1a: Floette|Protect\n|move|p2a: Torkoal|Eruption|p1b: Incineroar|[spread] p1b\n|-activate|p1a: Floette|move: Protect\n|-resisted|p1b: Incineroar|1\n|-damage|p1b: Incineroar|68/100\n|move|p1b: Incineroar|Parting Shot|p2a: Torkoal\n|-unboost|p2a: Torkoal|atk|1\n|-unboost|p2a: Torkoal|spa|1\n|\n|t:|1776478094\n|switch|p1b: Politoed|Politoed, L50, F|58/100|[from] Parting Shot\n|-weather|RainDance|[from] ability: Drizzle|[of] p1b: Politoed\n|move|p2b: Hehehehe...|Play Rough|p1a: Floette\n|-activate|p1a: Floette|move: Protect\n|\n|-weather|RainDance|[upkeep]\n|-heal|p1b: Politoed|64/100|[from] item: Leftovers\n|upkeep\n|turn|8\n|\n|t:|1776478118\n|move|p2a: Torkoal|Protect|p2a: Torkoal\n|-singleturn|p2a: Torkoal|Protect\n|move|p2b: Hehehehe...|Play Rough|p1a: Floette\n|-damage|p1a: Floette|43/100\n|move|p1b: Politoed|Weather Ball|p2a: Torkoal\n|-activate|p2a: Torkoal|move: Protect\n|move|p1a: Floette|Dazzling Gleam|p2b: Hehehehe...|[spread] p2b\n|-activate|p2a: Torkoal|move: Protect\n|-damage|p2b: Hehehehe...|32/100\n|\n|-weather|RainDance|[upkeep]\n|-heal|p1b: Politoed|70/100|[from] item: Leftovers\n|upkeep\n|turn|9\n|\n|t:|1776478133\n|switch|p2a: Garchomp|Garchomp, L50, M|100/100\n|move|p1b: Politoed|Protect|p1b: Politoed\n|-singleturn|p1b: Politoed|Protect\n|move|p1a: Floette|Protect|p1a: Floette\n|-singleturn|p1a: Floette|Protect\n|move|p2b: Hehehehe...|Play Rough|p1b: Politoed\n|-activate|p1b: Politoed|move: Protect\n|\n|-weather|RainDance|[upkeep]\n|-heal|p1b: Politoed|77/100|[from] item: Leftovers\n|-fieldend|move: Trick Room\n|upkeep\n|turn|10\n|\n|t:|1776478149\n|switch|p1b: Incineroar|Incineroar, L50, M|68/100\n|-ability|p1b: Incineroar|Intimidate|boost\n|-unboost|p2a: Garchomp|atk|1\n|-unboost|p2b: Hehehehe...|atk|1\n|switch|p2b: Torkoal|Torkoal, L50, M|100/100\n|-weather|SunnyDay|[from] ability: Drought|[of] p2b: Torkoal\n|move|p2a: Garchomp|Stomping Tantrum|p1a: Floette\n|-damage|p1a: Floette|21/100\n|move|p1a: Floette|Dazzling Gleam|p2a: Garchomp|[spread] p2a,p2b\n|-supereffective|p2a: Garchomp|1\n|-resisted|p2b: Torkoal|1\n|-damage|p2a: Garchomp|0 fnt\n|-damage|p2b: Torkoal|60/100\n|faint|p2a: Garchomp\n|\n|-weather|SunnyDay|[upkeep]\n|upkeep\n|\n|t:|1776478159\n|switch|p2a: Kamik|Delphox-Mega, L50, F|100/100\n|turn|11\n|\n|t:|1776478175\n|switch|p2b: Hehehehe...|Mimikyu-Busted, L50, F|32/100\n|move|p2a: Kamik|Protect|p2a: Kamik\n|-singleturn|p2a: Kamik|Protect\n|move|p1b: Incineroar|Fake Out|p2a: Kamik\n|-activate|p2a: Kamik|move: Protect\n|move|p1a: Floette|Moonblast|p2b: Hehehehe...\n|-damage|p2b: Hehehehe...|0 fnt\n|faint|p2b: Hehehehe...\n|\n|-weather|SunnyDay|[upkeep]\n|upkeep\n|\n|t:|1776478180\n|switch|p2b: Torkoal|Torkoal, L50, M|60/100\n|turn|12\n|\n|t:|1776478205\n|switch|p1a: Politoed|Politoed, L50, F|77/100\n|-weather|RainDance|[from] ability: Drizzle|[of] p1a: Politoed\n|switch|p1b: Whimsicott|Whimsicott, L50, M|100/100\n|move|p2a: Kamik|Protect||[still]\n|-fail|p2a: Kamik\n|move|p2b: Torkoal|Heat Wave|p1b: Whimsicott|[spread] p1a,p1b\n|-resisted|p1a: Politoed|1\n|-supereffective|p1b: Whimsicott|1\n|-damage|p1a: Politoed|69/100\n|-damage|p1b: Whimsicott|39/100\n|\n|-weather|RainDance|[upkeep]\n|-heal|p1a: Politoed|75/100|[from] item: Leftovers\n|upkeep\n|turn|13\n|c|\u2606testingtesting101|Ngl you got lucky\n|-message|testingtesting101 forfeited.\n|\n|win|keepfocusVGC\n|raw|keepfocusVGC's rating: 1165 &rarr; <strong>1189</strong><br />(+24 for winning)\n|raw|testingtesting101's rating: 1147 &rarr; <strong>1123</strong><br />(-24 for losing)\n|l|\u2606keepfocusVGC\n|player|p1|\n",
  "uploadtime": 1776478229,
  "views": 14,
  "formatid": "gen9championsvgc2026regma",
  "rating": 1123,
  "private": 0,
  "password": null
}