{
  "id": "gen9championsvgc2026regma-2581184566",
  "format": "[Gen 9 Champions] VGC 2026 Reg M-A",
  "players": [
    "SubspaceTear",
    "It'sJustKen VGC"
  ],
  "log": "|j|\u2606SubspaceTear\n|j|\u2606It'sJustKen VGC\n|t:|1775968281\n|gametype|doubles\n|player|p1|SubspaceTear|2|1000\n|player|p2|It'sJustKen VGC|169|1000\n|gen|9\n|tier|[Gen 9 Champions] VGC 2026 Reg M-A\n|rated|\n|rule|Species Clause: Limit one of each Pok\u00e9mon\n|rule|Item Clause: Limit 1 of each item\n|clearpoke\n|poke|p1|Basculegion-F, L50, F|\n|poke|p1|Pelipper, L50, M|\n|poke|p1|Gengar, L50, M|\n|poke|p1|Hawlucha, L50, M|\n|poke|p1|Whimsicott, L50, F|\n|poke|p1|Incineroar, L50, M|\n|poke|p2|Farigiraf, L50, F|\n|poke|p2|Incineroar, L50, F|\n|poke|p2|Torkoal, L50, M|\n|poke|p2|Charizard, L50, M|\n|poke|p2|Dragonite, L50, F|\n|poke|p2|Typhlosion-Hisui, L50, M|\n|teampreview|4\n|inactive|Battle timer is ON: inactive players will automatically lose when time's up. (requested by It'sJustKen VGC)\n|inactive|SubspaceTear has 60 seconds left.\n|\n|t:|1775968322\n|teamsize|p1|4\n|teamsize|p2|4\n|start\n|switch|p1a: Whimsicott|Whimsicott, L50, F|100/100\n|switch|p1b: Incineroar|Incineroar, L50, M|100/100\n|switch|p2a: I'm Done Hiding|Farigiraf, L50, F|100/100\n|switch|p2b: Now I'm Shining|Incineroar, L50, F|100/100\n|-ability|p1b: Incineroar|Intimidate|boost\n|-unboost|p2a: I'm Done Hiding|atk|1\n|-unboost|p2b: Now I'm Shining|atk|1\n|-ability|p2b: Now I'm Shining|Intimidate|boost\n|-unboost|p1a: Whimsicott|atk|1\n|-unboost|p1b: Incineroar|atk|1\n|turn|1\n|inactive|SubspaceTear has 30 seconds left.\n|inactive|SubspaceTear has 20 seconds left.\n|\n|t:|1775968358\n|move|p1b: Incineroar|Fake Out||[still]\n|cant|p2a: I'm Done Hiding|ability: Armor Tail|Fake Out|[of] p1b: Incineroar\n|move|p2b: Now I'm Shining|Fake Out|p1b: Incineroar\n|-damage|p1b: Incineroar|92/100\n|move|p1a: Whimsicott|Tailwind|p1a: Whimsicott\n|-sidestart|p1: SubspaceTear|move: Tailwind\n|move|p2a: I'm Done Hiding|Trick Room|p2a: I'm Done Hiding\n|-fieldstart|move: Trick Room|[of] p2a: I'm Done Hiding\n|\n|upkeep\n|turn|2\n|inactive|SubspaceTear has 30 seconds left.\n|\n|t:|1775968384\n|move|p1a: Whimsicott|Stun Spore||[still]\n|cant|p2a: I'm Done Hiding|ability: Armor Tail|Stun Spore|[of] p1a: Whimsicott\n|move|p2b: Now I'm Shining|Flare Blitz|p1a: Whimsicott\n|-supereffective|p1a: Whimsicott|1\n|-damage|p1a: Whimsicott|26/100\n|-status|p1a: Whimsicott|brn\n|-damage|p2b: Now I'm Shining|81/100|[from] Recoil\n|move|p2a: I'm Done Hiding|Hyper Voice|p1b: Incineroar|[spread] p1a,p1b\n|-damage|p1a: Whimsicott|0 fnt\n|-damage|p1b: Incineroar|65/100\n|faint|p1a: Whimsicott\n|move|p1b: Incineroar|Parting Shot|p2a: I'm Done Hiding\n|-unboost|p2a: I'm Done Hiding|atk|1\n|-unboost|p2a: I'm Done Hiding|spa|1\n|\n|t:|1775968397\n|switch|p1b: Pelipper|Pelipper, L50, M|100/100|[from] Parting Shot\n|-weather|RainDance|[from] ability: Drizzle|[of] p1b: Pelipper\n|\n|-weather|RainDance|[upkeep]\n|upkeep\n|\n|t:|1775968402\n|switch|p1a: Basculegion|Basculegion-F, L50, F|100/100\n|turn|3\n|\n|t:|1775968425\n|move|p1b: Pelipper|Protect|p1b: Pelipper\n|-singleturn|p1b: Pelipper|Protect\n|move|p2b: Now I'm Shining|Darkest Lariat|p1a: Basculegion\n|-supereffective|p1a: Basculegion|1\n|-damage|p1a: Basculegion|24/100\n|move|p2a: I'm Done Hiding|Psychic|p1a: Basculegion\n|-damage|p1a: Basculegion|0 fnt\n|faint|p1a: Basculegion\n|\n|-weather|RainDance|[upkeep]\n|upkeep\n|\n|t:|1775968434\n|switch|p1a: Incineroar|Incineroar, L50, M|65/100\n|-ability|p1a: Incineroar|Intimidate|boost\n|-unboost|p2a: I'm Done Hiding|atk|1\n|-unboost|p2b: Now I'm Shining|atk|1\n|turn|4\n|\n|t:|1775968450\n|move|p2b: Now I'm Shining|Parting Shot|p1a: Incineroar\n|-unboost|p1a: Incineroar|atk|1\n|-unboost|p1a: Incineroar|spa|1\n|\n|t:|1775968454\n|switch|p2b: Like I'm|Torkoal, L50, M|100/100|[from] Parting Shot\n|-weather|SunnyDay|[from] ability: Drought|[of] p2b: Like I'm\n|move|p2a: I'm Done Hiding|Hyper Voice|p1a: Incineroar|[spread] p1a,p1b\n|-damage|p1a: Incineroar|44/100\n|-damage|p1b: Pelipper|77/100\n|move|p1a: Incineroar|Crunch|p2a: I'm Done Hiding\n|-supereffective|p2a: I'm Done Hiding|1\n|-crit|p2a: I'm Done Hiding\n|-damage|p2a: I'm Done Hiding|0 fnt\n|faint|p2a: I'm Done Hiding\n|move|p1b: Pelipper|Hydro Pump|p2b: Like I'm\n|-supereffective|p2b: Like I'm|1\n|-damage|p2b: Like I'm|42/100\n|\n|-weather|SunnyDay|[upkeep]\n|-sideend|p1: SubspaceTear|move: Tailwind\n|upkeep\n|\n|t:|1775968459\n|switch|p2a: We're Going|Dragonite, L50, F|100/100\n|turn|5\n|inactive|SubspaceTear has 30 seconds left.\n|inactive|SubspaceTear has 20 seconds left.\n|\n|t:|1775968497\n|move|p2a: We're Going|Extreme Speed|p1a: Incineroar\n|-damage|p1a: Incineroar|15/100\n|move|p2b: Like I'm|Weather Ball|p1a: Incineroar\n|-resisted|p1a: Incineroar|1\n|-damage|p1a: Incineroar|0 fnt\n|faint|p1a: Incineroar\n|move|p1b: Pelipper|Hydro Pump|p2b: Like I'm|[miss]\n|-miss|p1b: Pelipper|p2b: Like I'm\n|\n|-weather|SunnyDay|[upkeep]\n|-fieldend|move: Trick Room\n|upkeep\n|turn|6\n|\n|t:|1775968509\n|move|p2b: Like I'm|Helping Hand|p2a: We're Going\n|-singleturn|p2a: We're Going|Helping Hand|[of] p2b: Like I'm\n|move|p2a: We're Going|Outrage|p1b: Pelipper\n|-damage|p1b: Pelipper|0 fnt\n|faint|p1b: Pelipper\n|\n|win|It'sJustKen VGC\n|raw|SubspaceTear's rating: 1000 &rarr; <strong>1000</strong><br />(+0 for losing)\n|raw|It&apos;sJustKen VGC's rating: 1040 &rarr; <strong>1070</strong><br />(+30 for winning)\n",
  "uploadtime": 1775968516,
  "views": 10,
  "formatid": "gen9championsvgc2026regma",
  "rating": 1000,
  "private": 0,
  "password": null
}