{
  "id": "gen9championsvgc2026regma-2581808974",
  "format": "[Gen 9 Champions] VGC 2026 Reg M-A",
  "players": [
    "GriefersVGC",
    "AkujiAzure"
  ],
  "log": "|j|\u2606GriefersVGC\n|j|\u2606AkujiAzure\n|t:|1776030141\n|gametype|doubles\n|player|p1|GriefersVGC|pokemaniac|1078\n|player|p2|AkujiAzure|burglar|1000\n|gen|9\n|tier|[Gen 9 Champions] VGC 2026 Reg M-A\n|rated|\n|rule|Species Clause: Limit one of each Pok\u00e9mon\n|rule|Item Clause: Limit 1 of each item\n|clearpoke\n|poke|p1|Clefable, L50, M|\n|poke|p1|Garchomp, L50, F|\n|poke|p1|Corviknight, L50, F|\n|poke|p1|Incineroar, L50, M|\n|poke|p1|Sneasler, L50, F|\n|poke|p1|Rotom-Wash, L50|\n|poke|p2|Garchomp, L50, F|\n|poke|p2|Starmie, L50|\n|poke|p2|Aerodactyl, L50, M|\n|poke|p2|Tyranitar, L50, F|\n|poke|p2|Excadrill, L50, F|\n|poke|p2|Clefable, L50, F|\n|teampreview|4\n|\n|t:|1776030177\n|teamsize|p1|4\n|teamsize|p2|4\n|start\n|switch|p1a: Incineroar|Incineroar, L50, M, shiny|100/100\n|switch|p1b: Rotom|Rotom-Wash, L50, shiny|100/100\n|switch|p2a: Starmie|Starmie, L50|100/100\n|switch|p2b: Clefable|Clefable, L50, F|100/100\n|-ability|p1a: Incineroar|Intimidate|boost\n|-unboost|p2a: Starmie|atk|1\n|-unboost|p2b: Clefable|atk|1\n|turn|1\n|\n|t:|1776030200\n|detailschange|p2a: Starmie|Starmie-Mega, L50\n|-mega|p2a: Starmie|Starmie|Starminite\n|move|p1a: Incineroar|Fake Out|p2a: Starmie\n|-damage|p2a: Starmie|90/100\n|cant|p2a: Starmie|flinch\n|move|p1b: Rotom|Thunderbolt|p2a: Starmie\n|-supereffective|p2a: Starmie|1\n|-damage|p2a: Starmie|0 fnt\n|faint|p2a: Starmie\n|move|p2b: Clefable|Moonblast|p1a: Incineroar\n|-damage|p1a: Incineroar|73/100\n|\n|upkeep\n|\n|t:|1776030211\n|switch|p2a: Tyranitar|Tyranitar, L50, F|100/100\n|-weather|Sandstorm|[from] ability: Sand Stream|[of] p2a: Tyranitar\n|turn|2\n|\n|t:|1776030221\n|move|p2b: Clefable|Follow Me|p2b: Clefable\n|-singleturn|p2b: Clefable|move: Follow Me\n|move|p1b: Rotom|Will-O-Wisp|p2b: Clefable\n|-status|p2b: Clefable|brn\n|move|p1a: Incineroar|Parting Shot|p2b: Clefable\n|-unboost|p2b: Clefable|atk|1\n|-unboost|p2b: Clefable|spa|1\n|\n|t:|1776030232\n|switch|p1a: Garchomp|Garchomp, L50, F, shiny|100/100|[from] Parting Shot\n|move|p2a: Tyranitar|Rock Slide|p1a: Garchomp|[spread] p1a,p1b\n|-resisted|p1a: Garchomp|1\n|-damage|p1a: Garchomp|85/100\n|-damage|p1b: Rotom|70/100\n|\n|-weather|Sandstorm|[upkeep]\n|-damage|p1b: Rotom|64/100|[from] Sandstorm\n|-damage|p2b: Clefable|95/100 brn|[from] Sandstorm\n|-heal|p2b: Clefable|100/100 brn|[from] item: Leftovers\n|-damage|p2b: Clefable|95/100 brn|[from] brn\n|upkeep\n|turn|3\n|\n|t:|1776030245\n|switch|p1b: Incineroar|Incineroar, L50, M, shiny|73/100\n|-ability|p1b: Incineroar|Intimidate|boost\n|-unboost|p2a: Tyranitar|atk|1\n|-unboost|p2b: Clefable|atk|1\n|-enditem|p2a: Tyranitar|White Herb\n|-clearnegativeboost|p2a: Tyranitar|[silent]\n|switch|p2b: Excadrill|Excadrill, L50, F|100/100\n|move|p1a: Garchomp|Protect|p1a: Garchomp\n|-singleturn|p1a: Garchomp|Protect\n|move|p2a: Tyranitar|Avalanche|p1a: Garchomp\n|-activate|p1a: Garchomp|move: Protect\n|\n|-weather|Sandstorm|[upkeep]\n|-damage|p1b: Incineroar|67/100|[from] Sandstorm\n|upkeep\n|turn|4\n|\n|t:|1776030279\n|detailschange|p1a: Garchomp|Garchomp-Mega, L50, F, shiny\n|-mega|p1a: Garchomp|Garchomp|Garchompite\n|move|p1b: Incineroar|Fake Out|p2a: Tyranitar\n|-resisted|p2a: Tyranitar|1\n|-damage|p2a: Tyranitar|96/100\n|move|p2b: Excadrill|Drill Run|p1b: Incineroar\n|-supereffective|p1b: Incineroar|1\n|-enditem|p1b: Incineroar|Shuca Berry|[eat]\n|-enditem|p1b: Incineroar|Shuca Berry|[weaken]\n|-damage|p1b: Incineroar|30/100\n|move|p1a: Garchomp|Swords Dance|p1a: Garchomp\n|-boost|p1a: Garchomp|atk|2\n|cant|p2a: Tyranitar|flinch\n|\n|-weather|Sandstorm|[upkeep]\n|-damage|p1b: Incineroar|24/100|[from] Sandstorm\n|upkeep\n|turn|5\n|\n|t:|1776030309\n|switch|p1b: Rotom|Rotom-Wash, L50, shiny|64/100\n|move|p2b: Excadrill|Drill Run|p1b: Rotom\n|-immune|p1b: Rotom|[from] ability: Levitate\n|move|p1a: Garchomp|Earthquake|p2b: Excadrill|[spread] p2a,p2b\n|-immune|p1b: Rotom|[from] ability: Levitate\n|-supereffective|p2a: Tyranitar|1\n|-supereffective|p2b: Excadrill|1\n|-damage|p2a: Tyranitar|0 fnt\n|-damage|p2b: Excadrill|0 fnt\n|faint|p2a: Tyranitar\n|faint|p2b: Excadrill\n|\n|-weather|Sandstorm|[upkeep]\n|-damage|p1b: Rotom|58/100|[from] Sandstorm\n|upkeep\n|\n|t:|1776030323\n|switch|p2a: Clefable|Clefable, L50, F|95/100 brn\n|turn|6\n|\n|t:|1776030329\n|move|p1a: Garchomp|Earthquake|p2a: Clefable|[spread] p2a\n|-immune|p1b: Rotom|[from] ability: Levitate\n|-damage|p2a: Clefable|23/100 brn\n|move|p1b: Rotom|Thunderbolt|p2a: Clefable\n|-damage|p2a: Clefable|0 fnt\n|faint|p2a: Clefable\n|\n|win|GriefersVGC\n|raw|GriefersVGC's rating: 1078 &rarr; <strong>1100</strong><br />(+22 for winning)\n|raw|AkujiAzure's rating: 1000 &rarr; <strong>1000</strong><br />(+0 for losing)\n|l|\u2606AkujiAzure\n|player|p2|\n",
  "uploadtime": 1776030341,
  "views": 16,
  "formatid": "gen9championsvgc2026regma",
  "rating": 1000,
  "private": 0,
  "password": null
}