{
  "id": "gen9championsvgc2026regma-2589466933",
  "format": "[Gen 9 Champions] VGC 2026 Reg M-A",
  "players": [
    "Corvkrow",
    "Ghoulwhistle"
  ],
  "log": "|j|\u2606Corvkrow\n|j|\u2606Ghoulwhistle\n|t:|1776725523\n|gametype|doubles\n|player|p1|Corvkrow|265|1000\n|player|p2|Ghoulwhistle|zinzolin|1069\n|gen|9\n|tier|[Gen 9 Champions] VGC 2026 Reg M-A\n|rated|\n|rule|Species Clause: Limit one of each Pok\u00e9mon\n|rule|Item Clause: Limit 1 of each item\n|clearpoke\n|poke|p1|Meganium, L50, F|\n|poke|p1|Archaludon, L50, F|\n|poke|p1|Zoroark-Hisui, L50, M|\n|poke|p1|Aerodactyl, L50, F|\n|poke|p1|Tauros-Paldea-Aqua, L50, M|\n|poke|p1|Kangaskhan, L50, F|\n|poke|p2|Blastoise, L50, F|\n|poke|p2|Lucario, L50, F|\n|poke|p2|Politoed, L50, M|\n|poke|p2|Jolteon, L50, M|\n|poke|p2|Sinistcha, L50|\n|poke|p2|Sableye, L50, M|\n|teampreview|4\n|inactive|Battle timer is ON: inactive players will automatically lose when time's up. (requested by Corvkrow)\nCorvkrow rejected open team sheets.\n|inactive|Corvkrow has 60 seconds left.\n|inactive|Corvkrow has 30 seconds left.\n|inactive|Corvkrow has 20 seconds left.\n|inactive|Corvkrow has 15 seconds left.\n|\n|t:|1776725605\n|teamsize|p1|4\n|teamsize|p2|4\n|start\n|switch|p1a: Meganium|Meganium, L50, F|100/100\n|switch|p1b: Archaludon|Archaludon, L50, F|100/100\n|switch|p2a: Blastoise|Blastoise, L50, F|100/100\n|switch|p2b: Sableye|Sableye, L50, M|100/100\n|turn|1\n|inactive|Ghoulwhistle has 30 seconds left.\n|\n|t:|1776725631\n|switch|p2a: Lucario|Lucario, L50, F|100/100\n|detailschange|p1a: Meganium|Meganium-Mega, L50, F\n|-mega|p1a: Meganium|Meganium|Meganiumite\n|move|p2b: Sableye|Gravity|p2b: Sableye\n|-fieldstart|move: Gravity\n|move|p1b: Archaludon|Taunt|p2a: Lucario\n|-start|p2a: Lucario|move: Taunt\n|move|p1a: Meganium|Solar Beam||[still]\n|-prepare|p1a: Meganium|Solar Beam\n|-activate|p1a: Meganium|ability: Mega Sol\n|-anim|p1a: Meganium|Solar Beam|p2a: Lucario\n|-resisted|p2a: Lucario|1\n|-damage|p2a: Lucario|52/100\n|\n|upkeep\n|turn|2\n|inactive|Corvkrow has 30 seconds left.\n|inactive|Ghoulwhistle has 30 seconds left.\n|inactive|Corvkrow has 20 seconds left.\n|inactive|Corvkrow has 15 seconds left.\n|inactive|Corvkrow has 10 seconds left.\n|\n|t:|1776725678\n|detailschange|p2a: Lucario|Lucario-Mega, L50, F\n|-mega|p2a: Lucario|Lucario|Lucarionite\n|move|p1a: Meganium|Protect|p1a: Meganium\n|-singleturn|p1a: Meganium|Protect\n|move|p2b: Sableye|Encore|p1b: Archaludon\n|-start|p1b: Archaludon|Encore\n|move|p2a: Lucario|Iron Tail|p1a: Meganium\n|-activate|p1a: Meganium|move: Protect\n|move|p1b: Archaludon|Taunt|p2b: Sableye\n|-start|p2b: Sableye|move: Taunt\n|\n|upkeep\n|turn|3\n|\n|t:|1776725696\n|switch|p1b: Archaludon|Archaludon, L50, F|100/100\n|switch|p1a: Tauros|Tauros-Paldea-Aqua, L50, M|100/100\n|-ability|p1a: Tauros|Intimidate|boost\n|-unboost|p2a: Lucario|atk|1\n|-unboost|p2b: Sableye|atk|1\n|switch|p2b: Blastoise|Blastoise, L50, F|100/100\n|move|p2a: Lucario|Iron Tail|p1a: Tauros\n|-resisted|p1a: Tauros|1\n|-damage|p1a: Tauros|77/100\n|-unboost|p1a: Tauros|def|1\n|-enditem|p1a: Tauros|White Herb\n|-clearnegativeboost|p1a: Tauros|[silent]\n|\n|-end|p2a: Lucario|move: Taunt\n|upkeep\n|turn|4\n|inactive|Corvkrow has 30 seconds left.\n|inactive|Ghoulwhistle has 30 seconds left.\n|inactive|Corvkrow has 20 seconds left.\n|inactive|Corvkrow has 15 seconds left.\n|\n|t:|1776725741\n|switch|p2a: Politoed|Politoed, L50, M|100/100\n|switch|p1b: Archaludon|Archaludon, L50, F|100/100\n|move|p2b: Blastoise|Protect|p2b: Blastoise\n|-singleturn|p2b: Blastoise|Protect\n|move|p1a: Tauros|Close Combat|p2a: Politoed\n|-damage|p2a: Politoed|58/100\n|-unboost|p1a: Tauros|def|1\n|-unboost|p1a: Tauros|spd|1\n|\n|upkeep\n|turn|5\n|inactive|Corvkrow has 30 seconds left.\n|\n|t:|1776725766\n|switch|p1a: Meganium|Meganium-Mega, L50, F|100/100\n|move|p1b: Archaludon|Snarl|p2a: Politoed|[spread] p2a,p2b\n|-damage|p2a: Politoed|48/100\n|-damage|p2b: Blastoise|91/100\n|-unboost|p2a: Politoed|spa|1\n|-unboost|p2b: Blastoise|spa|1\n|move|p2b: Blastoise|Water Spout|p1a: Meganium|[spread] p1a,p1b\n|-resisted|p1a: Meganium|1\n|-damage|p1a: Meganium|90/100\n|-damage|p1b: Archaludon|68/100\n|replace|p1b: Zoroark|Zoroark-Hisui, L50, M\n|-end|p1b: Zoroark|Illusion\n|move|p2a: Politoed|Hypnosis|p1b: Zoroark\n|-status|p1b: Zoroark|slp|[from] move: Hypnosis\n|\n|-fieldend|move: Gravity\n|upkeep\n|turn|6\n|inactive|Corvkrow has 30 seconds left.\n|inactive|Corvkrow has 20 seconds left.\n|\n|t:|1776725804\n|move|p2a: Politoed|Helping Hand|p2b: Blastoise\n|-singleturn|p2b: Blastoise|Helping Hand|[of] p2a: Politoed\n|cant|p1b: Zoroark|slp\n|move|p1a: Meganium|Solar Beam||[still]\n|-prepare|p1a: Meganium|Solar Beam\n|-activate|p1a: Meganium|ability: Mega Sol\n|-anim|p1a: Meganium|Solar Beam|p2a: Politoed\n|-supereffective|p2a: Politoed|1\n|-damage|p2a: Politoed|0 fnt\n|faint|p2a: Politoed\n|move|p2b: Blastoise|Ice Beam|p1a: Meganium\n|-supereffective|p1a: Meganium|1\n|-damage|p1a: Meganium|55/100\n|\n|upkeep\n|\n|t:|1776725818\n|switch|p2a: Sableye|Sableye, L50, M|100/100\n|turn|7\n|\n|t:|1776725831\n|move|p2a: Sableye|Gravity|p2a: Sableye\n|-fieldstart|move: Gravity\n|cant|p1b: Zoroark|slp\n|move|p1a: Meganium|Solar Beam||[still]\n|-prepare|p1a: Meganium|Solar Beam\n|-activate|p1a: Meganium|ability: Mega Sol\n|-anim|p1a: Meganium|Solar Beam|p2b: Blastoise\n|-supereffective|p2b: Blastoise|1\n|-damage|p2b: Blastoise|0 fnt\n|faint|p2b: Blastoise\n|\n|upkeep\n|\n|t:|1776725840\n|switch|p2b: Lucario|Lucario-Mega, L50, F|52/100\n|turn|8\n|\n|t:|1776725862\n|switch|p1a: Tauros|Tauros-Paldea-Aqua, L50, M|77/100\n|-ability|p1a: Tauros|Intimidate|boost\n|-unboost|p2a: Sableye|atk|1\n|-unboost|p2b: Lucario|atk|1\n|move|p2a: Sableye|Encore||[still]\n|-fail|p2a: Sableye\n|move|p2b: Lucario|Iron Tail|p1a: Tauros\n|-resisted|p1a: Tauros|1\n|-damage|p1a: Tauros|54/100\n|-curestatus|p1b: Zoroark|slp|[msg]\n|move|p1b: Zoroark|Bitter Malice|p2b: Lucario\n|-damage|p2b: Lucario|7/100\n|-unboost|p2b: Lucario|atk|1\n|\n|upkeep\n|turn|9\n|\n|t:|1776725885\n|move|p2b: Lucario|Bullet Punch|p1b: Zoroark\n|-damage|p1b: Zoroark|46/100\n|move|p1a: Tauros|Aqua Jet|p2b: Lucario\n|-damage|p2b: Lucario|0 fnt\n|faint|p2b: Lucario\n|move|p2a: Sableye|Quash||[still]\n|-fail|p2a: Sableye\n|move|p1b: Zoroark|Taunt|p2a: Sableye\n|-start|p2a: Sableye|move: Taunt\n|\n|upkeep\n|turn|10\n|\n|t:|1776725898\n|move|p1b: Zoroark|Bitter Malice|p2a: Sableye\n|-damage|p2a: Sableye|60/100\n|-unboost|p2a: Sableye|atk|1\n|move|p1a: Tauros|Wave Crash|p2a: Sableye\n|-damage|p2a: Sableye|0 fnt\n|faint|p2a: Sableye\n|-damage|p1a: Tauros|34/100|[from] Recoil\n|\n|win|Corvkrow\n|raw|Corvkrow's rating: 1000 &rarr; <strong>1048</strong><br />(+48 for winning)\n|raw|Ghoulwhistle's rating: 1069 &rarr; <strong>1045</strong><br />(-24 for losing)\n|l|\u2606Ghoulwhistle\n|player|p2|\n",
  "uploadtime": 1776725926,
  "views": 12,
  "formatid": "gen9championsvgc2026regma",
  "rating": 1045,
  "private": 0,
  "password": null
}