{
  "id": "gen9championsvgc2026regma-2584308707",
  "format": "[Gen 9 Champions] VGC 2026 Reg M-A",
  "players": [
    "skaptiben",
    "smp on whimsicott"
  ],
  "log": "|j|\u203dskaptiben\n|j|\u2606smp on whimsicott\n|t:|1776249686\n|gametype|doubles\n|player|p1|skaptiben|101|1096\n|player|p2|smp on whimsicott|artist-gen4|1093\n|gen|9\n|tier|[Gen 9 Champions] VGC 2026 Reg M-A\n|rated|\n|rule|Species Clause: Limit one of each Pok\u00e9mon\n|rule|Item Clause: Limit 1 of each item\n|clearpoke\n|poke|p1|Meganium, L50, M|\n|poke|p1|Dragonite, L50, F|\n|poke|p1|Archaludon, L50, F|\n|poke|p1|Pelipper, L50, F|\n|poke|p1|Basculegion, L50, M|\n|poke|p1|Sneasler, L50, F|\n|poke|p2|Floette-Eternal, L50, F|\n|poke|p2|Aegislash, L50, M|\n|poke|p2|Talonflame, L50, F|\n|poke|p2|Basculegion, L50, M|\n|poke|p2|Milotic, L50, M|\n|poke|p2|Garchomp, L50, F|\n|teampreview|4\nskaptiben has agreed to open team sheets.\n|inactive|Battle timer is ON: inactive players will automatically lose when time's up. (requested by skaptiben)\n|\n|t:|1776249748\n|teamsize|p1|4\n|teamsize|p2|4\n|start\n|switch|p1a: Archaludon|Archaludon, L50, F|100/100\n|switch|p1b: Sneasler|Sneasler, L50, F|100/100\n|switch|p2a: Milotic|Milotic, L50, M|100/100\n|switch|p2b: Aegislash|Aegislash, L50, M|100/100\n|turn|1\n|\n|t:|1776249761\n|move|p1a: Archaludon|Protect|p1a: Archaludon\n|-singleturn|p1a: Archaludon|Protect\n|move|p2a: Milotic|Protect|p2a: Milotic\n|-singleturn|p2a: Milotic|Protect\n|move|p1b: Sneasler|Fake Out|p2a: Milotic\n|-activate|p2a: Milotic|move: Protect\n|-formechange|p2b: Aegislash|Aegislash-Blade|\n|move|p2b: Aegislash|Sacred Sword|p1a: Archaludon\n|-activate|p1a: Archaludon|move: Protect\n|\n|upkeep\n|turn|2\n|\n|t:|1776249783\n|switch|p1b: Pelipper|Pelipper, L50, F|100/100\n|-weather|RainDance|[from] ability: Drizzle|[of] p1b: Pelipper\n|move|p1a: Archaludon|Electro Shot||[still]\n|-prepare|p1a: Archaludon|Electro Shot\n|-boost|p1a: Archaludon|spa|1\n|-anim|p1a: Archaludon|Electro Shot|p2a: Milotic\n|-supereffective|p2a: Milotic|1\n|-damage|p2a: Milotic|0 fnt\n|faint|p2a: Milotic\n|move|p2b: Aegislash|Sacred Sword|p1a: Archaludon\n|-supereffective|p1a: Archaludon|1\n|-damage|p1a: Archaludon|46/100\n|\n|-weather|RainDance|[upkeep]\n|-heal|p1a: Archaludon|52/100|[from] item: Leftovers\n|upkeep\n|\n|t:|1776249790\n|switch|p2a: Talonflame|Talonflame, L50, F|100/100\n|turn|3\n|\n|t:|1776249803\n|move|p1a: Archaludon|Protect|p1a: Archaludon\n|-singleturn|p1a: Archaludon|Protect\n|move|p2a: Talonflame|Dual Wingbeat|p1b: Pelipper\n|-damage|p1b: Pelipper|84/100\n|-damage|p1b: Pelipper|69/100\n|-hitcount|p1b: Pelipper|2\n|move|p2b: Aegislash|Poltergeist|p1b: Pelipper|[miss]\n|-miss|p2b: Aegislash|p1b: Pelipper\n|move|p1b: Pelipper|Tailwind|p1b: Pelipper\n|-sidestart|p1: skaptiben|move: Tailwind\n|\n|-weather|RainDance|[upkeep]\n|-heal|p1a: Archaludon|58/100|[from] item: Leftovers\n|upkeep\n|turn|4\n|\n|t:|1776249821\n|move|p2a: Talonflame|Tailwind|p2a: Talonflame\n|-sidestart|p2: smp on whimsicott|move: Tailwind\n|move|p1a: Archaludon|Electro Shot||[still]\n|-prepare|p1a: Archaludon|Electro Shot\n|-boost|p1a: Archaludon|spa|1\n|-anim|p1a: Archaludon|Electro Shot|p2b: Aegislash\n|-enditem|p2b: Aegislash|Focus Sash\n|-damage|p2b: Aegislash|1/100\n|move|p2b: Aegislash|Sacred Sword|p1a: Archaludon\n|-supereffective|p1a: Archaludon|1\n|-damage|p1a: Archaludon|6/100\n|move|p1b: Pelipper|Weather Ball|p2a: Talonflame\n|-supereffective|p2a: Talonflame|1\n|-damage|p2a: Talonflame|0 fnt\n|faint|p2a: Talonflame\n|\n|-weather|RainDance|[upkeep]\n|-heal|p1a: Archaludon|11/100|[from] item: Leftovers\n|upkeep\n|\n|t:|1776249823\n|switch|p2a: Floette|Floette-Eternal, L50, F|100/100\n|turn|5\n|\n|t:|1776249848\n|detailschange|p2a: Floette|Floette-Mega, L50, F\n|-mega|p2a: Floette|Floette|Floettite\n|-ability|p2a: Floette|Fairy Aura\n|move|p1a: Archaludon|Electro Shot||[still]\n|-prepare|p1a: Archaludon|Electro Shot\n|-boost|p1a: Archaludon|spa|1\n|-anim|p1a: Archaludon|Electro Shot|p2a: Floette\n|-damage|p2a: Floette|19/100\n|move|p2a: Floette|Moonblast|p1b: Pelipper\n|-damage|p1b: Pelipper|0 fnt\n|faint|p1b: Pelipper\n|move|p2b: Aegislash|Poltergeist|p1a: Archaludon\n|-activate|p1a: Archaludon|move: Poltergeist|Leftovers\n|-damage|p1a: Archaludon|0 fnt\n|faint|p1a: Archaludon\n|\n|-weather|RainDance|[upkeep]\n|upkeep\n|\n|t:|1776249865\n|switch|p1a: Sneasler|Sneasler, L50, F|100/100\n|switch|p1b: Meganium|Meganium, L50, M|100/100\n|turn|6\n|\n|t:|1776249879\n|detailschange|p1b: Meganium|Meganium-Mega, L50, M\n|-mega|p1b: Meganium|Meganium|Meganiumite\n|move|p2a: Floette|Protect|p2a: Floette\n|-singleturn|p2a: Floette|Protect\n|-formechange|p2b: Aegislash|Aegislash|\n|move|p2b: Aegislash|King's Shield|p2b: Aegislash\n|-singleturn|p2b: Aegislash|Protect\n|move|p1a: Sneasler|Fake Out|p2a: Floette\n|-activate|p2a: Floette|move: Protect\n|move|p1b: Meganium|Dazzling Gleam|p2a: Floette|[spread] \n|-activate|p2a: Floette|move: Protect\n|-activate|p2b: Aegislash|move: Protect\n|\n|-weather|none\n|-sideend|p1: skaptiben|move: Tailwind\n|upkeep\n|turn|7\n|\n|t:|1776249898\n|move|p2b: Aegislash|King's Shield||[still]\n|-fail|p2b: Aegislash\n|move|p1a: Sneasler|Protect|p1a: Sneasler\n|-singleturn|p1a: Sneasler|Protect\n|move|p1b: Meganium|Protect|p1b: Meganium\n|-singleturn|p1b: Meganium|Protect\n|move|p2a: Floette|Calm Mind|p2a: Floette\n|-boost|p2a: Floette|spa|1\n|-boost|p2a: Floette|spd|1\n|\n|-sideend|p2: smp on whimsicott|move: Tailwind\n|upkeep\n|turn|8\n|-message|smp on whimsicott forfeited.\n|\n|win|skaptiben\n|raw|skaptiben's rating: 1096 &rarr; <strong>1121</strong><br />(+25 for winning)\n|raw|smp on whimsicott's rating: 1093 &rarr; <strong>1069</strong><br />(-24 for losing)\n",
  "uploadtime": 1776249909,
  "views": 17,
  "formatid": "gen9championsvgc2026regma",
  "rating": 1069,
  "private": 0,
  "password": null
}