{
  "id": "gen9championsvgc2026regma-2585731400",
  "format": "[Gen 9 Champions] VGC 2026 Reg M-A",
  "players": [
    "masticant3",
    "Biff6"
  ],
  "log": "|j|\u2606masticant3\n|j|\u2606Biff6\n|t:|1776366708\n|gametype|doubles\n|player|p1|masticant3|cress|1125\n|player|p2|Biff6|backpacker|1161\n|gen|9\n|tier|[Gen 9 Champions] VGC 2026 Reg M-A\n|rated|\n|rule|Species Clause: Limit one of each Pok\u00e9mon\n|rule|Item Clause: Limit 1 of each item\n|clearpoke\n|poke|p1|Gyarados, L50, M|\n|poke|p1|Palafin, L50, F|\n|poke|p1|Milotic, L50, M|\n|poke|p1|Pelipper, L50, F|\n|poke|p1|Rotom-Wash, L50|\n|poke|p1|Blastoise, L50, M|\n|poke|p2|Rotom-Wash, L50|\n|poke|p2|Tyranitar, L50, F|\n|poke|p2|Sneasler, L50, M|\n|poke|p2|Corviknight, L50, M|\n|poke|p2|Garchomp, L50, M|\n|poke|p2|Farigiraf, L50, M|\n|teampreview|4\n|inactive|Battle timer is ON: inactive players will automatically lose when time's up. (requested by masticant3)\n|inactive|Biff6 has 60 seconds left.\n|\n|t:|1776366741\n|teamsize|p1|4\n|teamsize|p2|4\n|start\n|switch|p1a: Palafin|Palafin, L50, F|100/100\n|switch|p1b: Rotom|Rotom-Wash, L50|100/100\n|switch|p2a: Rotom|Rotom-Wash, L50|100/100\n|switch|p2b: Garchomp|Garchomp, L50, M|100/100\n|turn|1\n|\n|t:|1776366764\n|move|p1a: Palafin|Flip Turn|p2a: Rotom\n|-resisted|p2a: Rotom|1\n|-damage|p2a: Rotom|84/100\n|\n|t:|1776366768\n|detailschange|p1a: Palafin|Palafin-Hero, L50, F\n|switch|p1a: Pelipper|Pelipper, L50, F|100/100|[from] Flip Turn\n|-weather|RainDance|[from] ability: Drizzle|[of] p1a: Pelipper\n|move|p2b: Garchomp|Dragon Claw|p1b: Rotom\n|-damage|p1b: Rotom|50/100\n|-enditem|p1b: Rotom|Sitrus Berry|[eat]\n|-heal|p1b: Rotom|74/100|[from] item: Sitrus Berry\n|move|p1b: Rotom|Thunderbolt|p2a: Rotom\n|-damage|p2a: Rotom|41/100\n|move|p2a: Rotom|Discharge|p1a: Pelipper|[spread] p1a,p1b\n|-immune|p2b: Garchomp\n|-supereffective|p1a: Pelipper|2\n|-enditem|p1a: Pelipper|Focus Sash\n|-damage|p1a: Pelipper|1/100\n|-damage|p1b: Rotom|50/100\n|\n|-weather|RainDance|[upkeep]\n|-heal|p2a: Rotom|47/100|[from] item: Leftovers\n|upkeep\n|turn|2\n|inactive|Biff6 has 30 seconds left.\n|\n|t:|1776366803\n|move|p1a: Pelipper|Protect|p1a: Pelipper\n|-singleturn|p1a: Pelipper|Protect\n|move|p2b: Garchomp|Rock Slide|p1a: Pelipper|[spread] p1b\n|-activate|p1a: Pelipper|move: Protect\n|-crit|p1b: Rotom\n|-damage|p1b: Rotom|14/100\n|cant|p1b: Rotom|flinch\n|move|p2a: Rotom|Discharge|p1b: Rotom|[spread] p1b\n|-activate|p1a: Pelipper|move: Protect\n|-immune|p2b: Garchomp\n|-damage|p1b: Rotom|0 fnt\n|faint|p1b: Rotom\n|\n|-weather|RainDance|[upkeep]\n|-heal|p2a: Rotom|54/100|[from] item: Leftovers\n|upkeep\n|\n|t:|1776366816\n|switch|p1b: Palafin|Palafin-Hero, L50, F|100/100\n|-activate|p1b: Palafin|ability: Zero to Hero\n|turn|3\n|\n|t:|1776366834\n|move|p1b: Palafin|Wave Crash|p2a: Rotom\n|-resisted|p2a: Rotom|1\n|-damage|p2a: Rotom|0 fnt\n|faint|p2a: Rotom\n|-damage|p1b: Palafin|90/100|[from] Recoil\n|move|p2b: Garchomp|Dragon Claw|p1b: Palafin\n|-damage|p1b: Palafin|59/100\n|move|p1a: Pelipper|Tailwind|p1a: Pelipper\n|-sidestart|p1: masticant3|move: Tailwind\n|\n|-weather|RainDance|[upkeep]\n|upkeep\n|\n|t:|1776366854\n|switch|p2a: Farigiraf|Farigiraf, L50, M|100/100\n|turn|4\n|\n|t:|1776366866\n|switch|p1a: Gyarados|Gyarados, L50, M|100/100\n|-ability|p1a: Gyarados|Intimidate|boost\n|-unboost|p2a: Farigiraf|atk|1\n|-unboost|p2b: Garchomp|atk|1\n|move|p1b: Palafin|Wave Crash|p2b: Garchomp\n|-enditem|p2b: Garchomp|Focus Sash\n|-damage|p2b: Garchomp|1/100\n|-damage|p1b: Palafin|47/100|[from] ability: Rough Skin|[of] p2b: Garchomp\n|-damage|p1b: Palafin|13/100|[from] Recoil\n|move|p2b: Garchomp|Rock Slide|p1a: Gyarados|[spread] p1a,p1b\n|-supereffective|p1a: Gyarados|1\n|-damage|p1a: Gyarados|72/100\n|-damage|p1b: Palafin|4/100\n|move|p2a: Farigiraf|Thunderbolt|p1b: Palafin\n|-supereffective|p1b: Palafin|1\n|-damage|p1b: Palafin|0 fnt\n|faint|p1b: Palafin\n|\n|-weather|RainDance|[upkeep]\n|upkeep\n|\n|t:|1776366882\n|switch|p1b: Pelipper|Pelipper, L50, F|1/100\n|turn|5\n|\n|t:|1776366905\n|switch|p2a: Sneasler|Sneasler, L50, M|100/100\n|detailschange|p1a: Gyarados|Gyarados-Mega, L50, M\n|-mega|p1a: Gyarados|Gyarados|Gyaradosite\n|-ability|p1a: Gyarados|Mold Breaker\n|move|p2b: Garchomp|Protect|p2b: Garchomp\n|-singleturn|p2b: Garchomp|Protect\n|move|p1a: Gyarados|Crunch|p2a: Sneasler\n|-resisted|p2a: Sneasler|1\n|-damage|p2a: Sneasler|67/100\n|-unboost|p2a: Sneasler|def|1\n|-enditem|p2a: Sneasler|White Herb\n|-clearnegativeboost|p2a: Sneasler|[silent]\n|move|p1b: Pelipper|Weather Ball|p2b: Garchomp\n|-activate|p2b: Garchomp|move: Protect\n|\n|-weather|none\n|upkeep\n|turn|6\n|inactive|Biff6 has 30 seconds left.\n|\n|t:|1776366932\n|move|p2a: Sneasler|Fake Out|p1a: Gyarados\n|-damage|p1a: Gyarados|60/100\n|cant|p1a: Gyarados|flinch\n|move|p1b: Pelipper|Weather Ball|p2b: Garchomp\n|-damage|p2b: Garchomp|0 fnt\n|faint|p2b: Garchomp\n|\n|-sideend|p1: masticant3|move: Tailwind\n|upkeep\n|\n|t:|1776366945\n|switch|p2b: Farigiraf|Farigiraf, L50, M|100/100\n|turn|7\n|\n|t:|1776366956\n|move|p2a: Sneasler|Dire Claw|p1a: Gyarados\n|-damage|p1a: Gyarados|21/100\n|move|p1a: Gyarados|Crunch|p2b: Farigiraf\n|-supereffective|p2b: Farigiraf|1\n|-damage|p2b: Farigiraf|10/100\n|move|p1b: Pelipper|Hurricane|p2a: Sneasler|[miss]\n|-miss|p1b: Pelipper|p2a: Sneasler\n|move|p2b: Farigiraf|Thunderbolt|p1a: Gyarados\n|-supereffective|p1a: Gyarados|1\n|-damage|p1a: Gyarados|0 fnt\n|faint|p1a: Gyarados\n|\n|upkeep\n|turn|8\n|\n|t:|1776366977\n|move|p2a: Sneasler|Dire Claw|p1b: Pelipper\n|-damage|p1b: Pelipper|0 fnt\n|faint|p1b: Pelipper\n|\n|win|Biff6\n|raw|masticant3's rating: 1125 &rarr; <strong>1103</strong><br />(-22 for losing)\n|raw|Biff6's rating: 1161 &rarr; <strong>1183</strong><br />(+22 for winning)\n",
  "uploadtime": 1776367005,
  "views": 16,
  "formatid": "gen9championsvgc2026regma",
  "rating": 1103,
  "private": 0,
  "password": null
}