{
  "id": "gen9championsvgc2026regma-2584077734",
  "format": "[Gen 9 Champions] VGC 2026 Reg M-A",
  "players": [
    "WalkEmDownM0rt",
    "Niko highway"
  ],
  "log": "|j|\u2606WalkEmDownM0rt\n|j|\u2606Niko highway\n|t:|1776222854\n|gametype|doubles\n|player|p1|WalkEmDownM0rt|boarder|1441\n|player|p2|Niko highway|266|1528\n|gen|9\n|tier|[Gen 9 Champions] VGC 2026 Reg M-A\n|rated|\n|rule|Species Clause: Limit one of each Pok\u00e9mon\n|rule|Item Clause: Limit 1 of each item\n|clearpoke\n|poke|p1|Garchomp, L50, M|\n|poke|p1|Delphox, L50, M|\n|poke|p1|Basculegion, L50, M|\n|poke|p1|Sneasler, L50, F|\n|poke|p1|Kingambit, L50, M|\n|poke|p1|Meganium, L50, F|\n|poke|p2|Incineroar, L50, M|\n|poke|p2|Conkeldurr, L50, F|\n|poke|p2|Sinistcha, L50|\n|poke|p2|Cofagrigus, L50, F|\n|poke|p2|Drampa, L50, F|\n|poke|p2|Aegislash, L50, M|\n|teampreview|4\n|j| gangnamgu\n|\n|t:|1776222890\n|teamsize|p1|4\n|teamsize|p2|4\n|start\n|switch|p1a: Meganium|Meganium, L50, F|100/100\n|switch|p1b: Sneasler|Sneasler, L50, F|100/100\n|switch|p2a: Incineroar|Incineroar, L50, M|100/100\n|switch|p2b: Cofagrigus|Cofagrigus, L50, F|100/100\n|-ability|p2a: Incineroar|Intimidate|boost\n|-unboost|p1a: Meganium|atk|1\n|-unboost|p1b: Sneasler|atk|1\n|-enditem|p1b: Sneasler|White Herb\n|-clearnegativeboost|p1b: Sneasler|[silent]\n|turn|1\n|\n|t:|1776222902\n|detailschange|p1a: Meganium|Meganium-Mega, L50, F\n|-mega|p1a: Meganium|Meganium|Meganiumite\n|move|p2a: Incineroar|Fake Out|p1b: Sneasler\n|-damage|p1b: Sneasler|79/100\n|cant|p1b: Sneasler|flinch\n|move|p1a: Meganium|Solar Beam||[still]\n|-prepare|p1a: Meganium|Solar Beam\n|-activate|p1a: Meganium|ability: Mega Sol\n|-anim|p1a: Meganium|Solar Beam|p2b: Cofagrigus\n|-damage|p2b: Cofagrigus|27/100\n|move|p2b: Cofagrigus|Trick Room|p2b: Cofagrigus\n|-fieldstart|move: Trick Room|[of] p2b: Cofagrigus\n|\n|-heal|p2b: Cofagrigus|33/100|[from] item: Leftovers\n|upkeep\n|turn|2\n|\n|t:|1776222912\n|move|p1a: Meganium|Protect|p1a: Meganium\n|-singleturn|p1a: Meganium|Protect\n|move|p2b: Cofagrigus|Will-O-Wisp|p1b: Sneasler\n|-status|p1b: Sneasler|brn\n|move|p2a: Incineroar|Flare Blitz|p1a: Meganium\n|-activate|p1a: Meganium|move: Protect\n|move|p1b: Sneasler|Close Combat|p2a: Incineroar\n|-supereffective|p2a: Incineroar|1\n|-damage|p2a: Incineroar|40/100\n|-unboost|p1b: Sneasler|def|1\n|-unboost|p1b: Sneasler|spd|1\n|-enditem|p2a: Incineroar|Sitrus Berry|[eat]\n|-heal|p2a: Incineroar|64/100|[from] item: Sitrus Berry\n|\n|-heal|p2b: Cofagrigus|39/100|[from] item: Leftovers\n|-damage|p1b: Sneasler|73/100 brn|[from] brn\n|upkeep\n|turn|3\n|\n|t:|1776222927\n|move|p2b: Cofagrigus|Shadow Ball|p1a: Meganium\n|-damage|p1a: Meganium|71/100\n|move|p2a: Incineroar|Flare Blitz|p1a: Meganium\n|-supereffective|p1a: Meganium|1\n|-damage|p1a: Meganium|0 fnt\n|faint|p1a: Meganium\n|-damage|p2a: Incineroar|46/100|[from] Recoil\n|move|p1b: Sneasler|Close Combat|p2a: Incineroar\n|-supereffective|p2a: Incineroar|1\n|-damage|p2a: Incineroar|0 fnt\n|-unboost|p1b: Sneasler|def|1\n|-unboost|p1b: Sneasler|spd|1\n|faint|p2a: Incineroar\n|\n|-heal|p2b: Cofagrigus|45/100|[from] item: Leftovers\n|-damage|p1b: Sneasler|67/100 brn|[from] brn\n|upkeep\n|\n|t:|1776222935\n|switch|p2a: Conkeldurr|Conkeldurr, L50, F|100/100\n|switch|p1a: Basculegion|Basculegion, L50, M|100/100\n|turn|4\n|\n|t:|1776222947\n|switch|p1b: Kingambit|Kingambit, L50, M|100/100\n|move|p1a: Basculegion|Protect|p1a: Basculegion\n|-singleturn|p1a: Basculegion|Protect\n|move|p2b: Cofagrigus|Will-O-Wisp|p1a: Basculegion\n|-activate|p1a: Basculegion|move: Protect\n|move|p2a: Conkeldurr|Drain Punch|p1b: Kingambit\n|-supereffective|p1b: Kingambit|2\n|-enditem|p1b: Kingambit|Chople Berry|[eat]\n|-enditem|p1b: Kingambit|Chople Berry|[weaken]\n|-damage|p1b: Kingambit|13/100\n|\n|-heal|p2b: Cofagrigus|52/100|[from] item: Leftovers\n|upkeep\n|turn|5\n|\n|t:|1776222958\n|switch|p1b: Sneasler|Sneasler, L50, F|67/100 brn\n|move|p1a: Basculegion|Protect||[still]\n|-fail|p1a: Basculegion\n|move|p2a: Conkeldurr|Mach Punch|p1b: Sneasler\n|-resisted|p1b: Sneasler|1\n|-damage|p1b: Sneasler|36/100 brn\n|move|p2b: Cofagrigus|Will-O-Wisp|p1a: Basculegion\n|-status|p1a: Basculegion|brn\n|\n|-heal|p2b: Cofagrigus|58/100|[from] item: Leftovers\n|-damage|p1a: Basculegion|94/100 brn|[from] brn\n|-damage|p1b: Sneasler|30/100 brn|[from] brn\n|-fieldend|move: Trick Room\n|upkeep\n|turn|6\n|j| zSpacePirate\n|l| gangnamgu\n|\n|t:|1776222969\n|move|p1b: Sneasler|Fake Out|p2a: Conkeldurr\n|-damage|p2a: Conkeldurr|94/100\n|move|p1a: Basculegion|Last Respects|p2b: Cofagrigus\n|-supereffective|p2b: Cofagrigus|1\n|-crit|p2b: Cofagrigus\n|-damage|p2b: Cofagrigus|0 fnt\n|faint|p2b: Cofagrigus\n|cant|p2a: Conkeldurr|flinch\n|\n|-damage|p1b: Sneasler|24/100 brn|[from] brn\n|-damage|p1a: Basculegion|88/100 brn|[from] brn\n|upkeep\n|\n|t:|1776222973\n|switch|p2b: Aegislash|Aegislash, L50, M|100/100\n|turn|7\n|\n|t:|1776222985\n|move|p2b: Aegislash|King's Shield|p2b: Aegislash\n|-singleturn|p2b: Aegislash|Protect\n|move|p1b: Sneasler|Close Combat|p2a: Conkeldurr\n|-damage|p2a: Conkeldurr|66/100\n|-unboost|p1b: Sneasler|def|1\n|-unboost|p1b: Sneasler|spd|1\n|move|p1a: Basculegion|Last Respects|p2a: Conkeldurr\n|-damage|p2a: Conkeldurr|36/100\n|move|p2a: Conkeldurr|Knock Off|p1a: Basculegion\n|-supereffective|p1a: Basculegion|1\n|-damage|p1a: Basculegion|0 fnt\n|-enditem|p1a: Basculegion|Focus Sash|[from] move: Knock Off|[of] p2a: Conkeldurr\n|faint|p1a: Basculegion\n|\n|-damage|p1b: Sneasler|18/100 brn|[from] brn\n|upkeep\n|\n|t:|1776222995\n|switch|p1a: Kingambit|Kingambit, L50, M|13/100\n|turn|8\n|\n|t:|1776223003\n|-formechange|p2b: Aegislash|Aegislash-Blade|\n|move|p2b: Aegislash|Shadow Sneak|p1b: Sneasler\n|-damage|p1b: Sneasler|0 fnt\n|faint|p1b: Sneasler\n|move|p1a: Kingambit|Sucker Punch|p2a: Conkeldurr\n|-resisted|p2a: Conkeldurr|1\n|-damage|p2a: Conkeldurr|21/100\n|move|p2a: Conkeldurr|Mach Punch|p1a: Kingambit\n|-supereffective|p1a: Kingambit|2\n|-damage|p1a: Kingambit|0 fnt\n|faint|p1a: Kingambit\n|\n|win|Niko highway\n|raw|WalkEmDownM0rt's rating: 1441 &rarr; <strong>1426</strong><br />(-15 for losing)\n|raw|Niko highway's rating: 1528 &rarr; <strong>1543</strong><br />(+15 for winning)\n|l|\u2606WalkEmDownM0rt\n|player|p1|\n|l| zSpacePirate\n",
  "uploadtime": 1776223009,
  "views": 55,
  "formatid": "gen9championsvgc2026regma",
  "rating": 1426,
  "private": 0,
  "password": null
}