{
  "id": "gen9championsvgc2026regma-2582130807",
  "format": "[Gen 9 Champions] VGC 2026 Reg M-A",
  "players": [
    "Mimittan",
    "NINTAIL12"
  ],
  "log": "|j|\u2606Mimittan\n|j|\u2606NINTAIL12\n|t:|1776061947\n|gametype|doubles\n|player|p1|Mimittan|iris-gen5bw2|1052\n|player|p2|NINTAIL12|1|1000\n|gen|9\n|tier|[Gen 9 Champions] VGC 2026 Reg M-A\n|rated|\n|rule|Species Clause: Limit one of each Pok\u00e9mon\n|rule|Item Clause: Limit 1 of each item\n|clearpoke\n|poke|p1|Gengar, L50, F|\n|poke|p1|Incineroar, L50, F|\n|poke|p1|Kingambit, L50, F|\n|poke|p1|Kommo-o, L50, F|\n|poke|p1|Sinistcha-Masterpiece, L50|\n|poke|p1|Tyranitar, L50, F|\n|poke|p2|Blastoise, L50, M|\n|poke|p2|Pelipper, L50, F|\n|poke|p2|Runerigus, L50, M|\n|poke|p2|Archaludon, L50, M|\n|poke|p2|Meganium, L50, F|\n|poke|p2|Sneasler, L50, F|\n|teampreview|4\n|inactive|Battle timer is ON: inactive players will automatically lose when time's up. (requested by Mimittan)\n|inactive|Mimittan has 60 seconds left.\n|inactive|NINTAIL12 has 60 seconds left.\n|\n|t:|1776061982\n|teamsize|p1|4\n|teamsize|p2|4\n|start\n|switch|p1a: Incineroar|Incineroar, L50, F|100/100\n|switch|p1b: Gengar|Gengar, L50, F, shiny|100/100\n|switch|p2a: Pelipper|Pelipper, L50, F|100/100\n|switch|p2b: Blastoise|Blastoise, L50, M|100/100\n|-weather|RainDance|[from] ability: Drizzle|[of] p2a: Pelipper\n|-ability|p1a: Incineroar|Intimidate|boost\n|-unboost|p2a: Pelipper|atk|1\n|-unboost|p2b: Blastoise|atk|1\n|turn|1\n|inactive|Mimittan has 30 seconds left.\n|inactive|NINTAIL12 has 30 seconds left.\n|\n|t:|1776062012\n|switch|p1a: Tyranitar|Tyranitar, L50, F|100/100\n|-weather|Sandstorm|[from] ability: Sand Stream|[of] p1a: Tyranitar\n|detailschange|p1b: Gengar|Gengar-Mega, L50, F, shiny\n|-mega|p1b: Gengar|Gengar|Gengarite\n|detailschange|p2b: Blastoise|Blastoise-Mega, L50, M\n|-mega|p2b: Blastoise|Blastoise|Blastoisinite\n|move|p1b: Gengar|Protect|p1b: Gengar\n|-singleturn|p1b: Gengar|Protect\n|move|p2b: Blastoise|Water Spout|p1b: Gengar|[spread] p1a\n|-activate|p1b: Gengar|move: Protect\n|-supereffective|p1a: Tyranitar|1\n|-damage|p1a: Tyranitar|21/100\n|move|p2a: Pelipper|Tailwind|p2a: Pelipper\n|-sidestart|p2: NINTAIL12|move: Tailwind\n|\n|-weather|Sandstorm|[upkeep]\n|-damage|p2b: Blastoise|95/100|[from] Sandstorm\n|-damage|p1b: Gengar|94/100|[from] Sandstorm\n|-damage|p2a: Pelipper|95/100|[from] Sandstorm\n|upkeep\n|turn|2\n|\n|t:|1776062032\n|switch|p1a: Sinistcha|Sinistcha-Masterpiece, L50|100/100\n|-heal|p1b: Gengar|100/100|[from] ability: Hospitality|[of] p1a: Sinistcha\n|move|p2a: Pelipper|Wide Guard|p2a: Pelipper\n|-singleturn|p2a: Pelipper|Wide Guard\n|move|p2b: Blastoise|Water Spout|p1a: Sinistcha|[spread] p1a,p1b\n|-resisted|p1a: Sinistcha|1\n|-damage|p1a: Sinistcha|74/100\n|-damage|p1b: Gengar|33/100\n|move|p1b: Gengar|Perish Song|p1b: Gengar\n|-start|p1a: Sinistcha|perish3|[silent]\n|-start|p1b: Gengar|perish3|[silent]\n|-start|p2a: Pelipper|perish3|[silent]\n|-start|p2b: Blastoise|perish3|[silent]\n|-fieldactivate|move: Perish Song\n|\n|-weather|Sandstorm|[upkeep]\n|-damage|p2b: Blastoise|89/100|[from] Sandstorm\n|-damage|p1b: Gengar|27/100|[from] Sandstorm\n|-damage|p2a: Pelipper|89/100|[from] Sandstorm\n|-damage|p1a: Sinistcha|68/100|[from] Sandstorm\n|-start|p2b: Blastoise|perish3\n|-start|p1b: Gengar|perish3\n|-start|p2a: Pelipper|perish3\n|-start|p1a: Sinistcha|perish3\n|upkeep\n|turn|3\n|inactive|Mimittan has 30 seconds left.\n|inactive|NINTAIL12 has 30 seconds left.\n|\n|t:|1776062061\n|move|p1b: Gengar|Protect|p1b: Gengar\n|-singleturn|p1b: Gengar|Protect\n|move|p2b: Blastoise|Dark Pulse|p1a: Sinistcha\n|-supereffective|p1a: Sinistcha|1\n|-crit|p1a: Sinistcha\n|-damage|p1a: Sinistcha|0 fnt\n|faint|p1a: Sinistcha\n|move|p2a: Pelipper|U-turn|p1b: Gengar\n|-activate|p1b: Gengar|move: Protect\n|\n|-weather|Sandstorm|[upkeep]\n|-damage|p2b: Blastoise|83/100|[from] Sandstorm\n|-damage|p1b: Gengar|21/100|[from] Sandstorm\n|-damage|p2a: Pelipper|83/100|[from] Sandstorm\n|-start|p2b: Blastoise|perish2\n|-start|p1b: Gengar|perish2\n|-start|p2a: Pelipper|perish2\n|upkeep\n|\n|t:|1776062073\n|switch|p1a: Incineroar|Incineroar, L50, F|100/100\n|-ability|p1a: Incineroar|Intimidate|boost\n|-unboost|p2a: Pelipper|atk|1\n|-unboost|p2b: Blastoise|atk|1\n|turn|4\n|\n|t:|1776062094\n|move|p1a: Incineroar|Fake Out|p2b: Blastoise\n|-damage|p2b: Blastoise|74/100\n|cant|p2b: Blastoise|flinch\n|move|p1b: Gengar|Shadow Ball|p2a: Pelipper\n|-damage|p2a: Pelipper|18/100\n|-enditem|p2a: Pelipper|Sitrus Berry|[eat]\n|-heal|p2a: Pelipper|42/100|[from] item: Sitrus Berry\n|move|p2a: Pelipper|U-turn|p1b: Gengar\n|-resisted|p1b: Gengar|2\n|-damage|p1b: Gengar|20/100\n|\n|t:|1776062109\n|switch|p2a: Archaludon|Archaludon, L50, M|100/100|[from] U-turn\n|\n|-weather|Sandstorm|[upkeep]\n|-damage|p2b: Blastoise|68/100|[from] Sandstorm\n|-damage|p1b: Gengar|14/100|[from] Sandstorm\n|-damage|p1a: Incineroar|95/100|[from] Sandstorm\n|-start|p2b: Blastoise|perish1\n|-start|p1b: Gengar|perish1\n|-sideend|p2: NINTAIL12|move: Tailwind\n|upkeep\n|turn|5\n|-message|Mimittan forfeited.\n|\n|win|NINTAIL12\n|raw|Mimittan's rating: 1052 &rarr; <strong>1032</strong><br />(-20 for losing)\n|raw|NINTAIL12's rating: 1000 &rarr; <strong>1046</strong><br />(+46 for winning)\n|l|\u2606Mimittan\n|player|p1|\n",
  "uploadtime": 1776062753,
  "views": 22,
  "formatid": "gen9championsvgc2026regma",
  "rating": 1032,
  "private": 0,
  "password": null
}