{
  "id": "gen9championsvgc2026regma-2585507587",
  "format": "[Gen 9 Champions] VGC 2026 Reg M-A",
  "players": [
    "luiz red",
    "Matxp60"
  ],
  "log": "|j|\u2606luiz red\n|j|\u2606Matxp60\n|t:|1776352202\n|gametype|doubles\n|player|p1|luiz red|veteran|1100\n|player|p2|Matxp60|ethan|1199\n|gen|9\n|tier|[Gen 9 Champions] VGC 2026 Reg M-A\n|rated|\n|rule|Species Clause: Limit one of each Pok\u00e9mon\n|rule|Item Clause: Limit 1 of each item\n|clearpoke\n|poke|p1|Infernape, L50, M|\n|poke|p1|Araquanid, L50, M|\n|poke|p1|Empoleon, L50, F|\n|poke|p1|Hippowdon, L50, F|\n|poke|p1|Garchomp, L50, F|\n|poke|p1|Corviknight, L50, M|\n|poke|p2|Sableye, L50, M|\n|poke|p2|Chesnaught, L50, M|\n|poke|p2|Manectric, L50, M|\n|poke|p2|Sinistcha, L50|\n|poke|p2|Talonflame, L50, M|\n|poke|p2|Typhlosion, L50, M|\n|teampreview|4\nluiz red rejected open team sheets.\n|\n|t:|1776352247\n|teamsize|p1|4\n|teamsize|p2|4\n|start\n|switch|p1a: Hippowdon|Hippowdon, L50, F|100/100\n|switch|p1b: Corviknight|Corviknight, L50, M, shiny|100/100\n|switch|p2a: Manectric|Manectric, L50, M|100/100\n|switch|p2b: Sableye|Sableye, L50, M, shiny|100/100\n|-weather|Sandstorm|[from] ability: Sand Stream|[of] p1a: Hippowdon\n|turn|1\n|\n|t:|1776352265\n|detailschange|p2a: Manectric|Manectric-Mega, L50, M\n|-mega|p2a: Manectric|Manectric|Manectite\n|-ability|p2a: Manectric|Intimidate|boost\n|-unboost|p1a: Hippowdon|atk|1\n|-ability|p1b: Corviknight|Mirror Armor\n|-unboost|p2a: Manectric|atk|1\n|move|p1b: Corviknight|Protect|p1b: Corviknight\n|-singleturn|p1b: Corviknight|Protect\n|move|p2b: Sableye|Fake Out|p1a: Hippowdon\n|-damage|p1a: Hippowdon|95/100\n|move|p2a: Manectric|Volt Switch|p1b: Corviknight\n|-activate|p1b: Corviknight|move: Protect\n|cant|p1a: Hippowdon|flinch\n|\n|-weather|Sandstorm|[upkeep]\n|-damage|p2a: Manectric|94/100|[from] Sandstorm\n|-damage|p2b: Sableye|95/100|[from] Sandstorm\n|upkeep\n|turn|2\n|\n|t:|1776352289\n|switch|p1b: Garchomp|Garchomp, L50, F|100/100\n|move|p2b: Sableye|Encore||[still]\n|-fail|p2b: Sableye\n|move|p2a: Manectric|Volt Switch|p1b: Garchomp\n|-immune|p1b: Garchomp\n|move|p1a: Hippowdon|Yawn|p2a: Manectric\n|-start|p2a: Manectric|move: Yawn|[of] p1a: Hippowdon\n|\n|-weather|Sandstorm|[upkeep]\n|-damage|p2a: Manectric|88/100|[from] Sandstorm\n|-damage|p2b: Sableye|89/100|[from] Sandstorm\n|upkeep\n|turn|3\n|\n|t:|1776352310\n|switch|p2a: Chesnaught|Chesnaught, L50, M, shiny|100/100\n|detailschange|p1b: Garchomp|Garchomp-Mega, L50, F\n|-mega|p1b: Garchomp|Garchomp|Garchompite\n|move|p2b: Sableye|Disable|p1a: Hippowdon\n|-start|p1a: Hippowdon|Disable|Yawn\n|move|p1b: Garchomp|Rock Slide|p2a: Chesnaught|[spread] p2a\n|-miss|p1b: Garchomp|p2b: Sableye\n|-resisted|p2a: Chesnaught|1\n|-damage|p2a: Chesnaught|89/100\n|cant|p1a: Hippowdon|Disable|Yawn\n|\n|-weather|Sandstorm|[upkeep]\n|-damage|p2a: Chesnaught|83/100|[from] Sandstorm\n|-damage|p2b: Sableye|83/100|[from] Sandstorm\n|-heal|p2a: Chesnaught|89/100|[from] item: Leftovers\n|upkeep\n|turn|4\n|\n|t:|1776352338\n|switch|p1a: Corviknight|Corviknight, L50, M, shiny|100/100\n|move|p1b: Garchomp|Rock Slide|p2a: Chesnaught|[spread] p2a,p2b\n|-resisted|p2a: Chesnaught|1\n|-damage|p2a: Chesnaught|76/100\n|-damage|p2b: Sableye|41/100\n|-enditem|p2b: Sableye|Sitrus Berry|[eat]\n|-heal|p2b: Sableye|66/100|[from] item: Sitrus Berry\n|cant|p2a: Chesnaught|flinch\n|move|p2b: Sableye|Foul Play|p1b: Garchomp\n|-damage|p1b: Garchomp|52/100\n|\n|-weather|Sandstorm|[upkeep]\n|-damage|p2a: Chesnaught|70/100|[from] Sandstorm\n|-damage|p2b: Sableye|60/100|[from] Sandstorm\n|-heal|p2a: Chesnaught|76/100|[from] item: Leftovers\n|upkeep\n|turn|5\n|\n|t:|1776352365\n|switch|p2b: Manectric|Manectric-Mega, L50, M|88/100\n|-ability|p2b: Manectric|Intimidate|boost\n|-ability|p1a: Corviknight|Mirror Armor\n|-unboost|p2b: Manectric|atk|1\n|-unboost|p1b: Garchomp|atk|1\n|move|p1b: Garchomp|Protect|p1b: Garchomp\n|-singleturn|p1b: Garchomp|Protect\n|move|p2a: Chesnaught|Spiky Shield|p2a: Chesnaught\n|-singleturn|p2a: Chesnaught|move: Protect\n|move|p1a: Corviknight|Iron Head|p2b: Manectric\n|-resisted|p2b: Manectric|1\n|-damage|p2b: Manectric|67/100\n|\n|-weather|none\n|-heal|p2a: Chesnaught|82/100|[from] item: Leftovers\n|upkeep\n|turn|6\n|\n|t:|1776352385\n|switch|p2b: Sableye|Sableye, L50, M, shiny|60/100\n|move|p1b: Garchomp|Earthquake|p2a: Chesnaught|[spread] p2a,p2b\n|-immune|p1a: Corviknight\n|-resisted|p2a: Chesnaught|1\n|-crit|p2a: Chesnaught\n|-damage|p2a: Chesnaught|54/100\n|-damage|p2b: Sableye|11/100\n|move|p1a: Corviknight|Iron Defense|p1a: Corviknight\n|-boost|p1a: Corviknight|def|2\n|move|p2a: Chesnaught|Iron Defense|p2a: Chesnaught\n|-boost|p2a: Chesnaught|def|2\n|\n|-heal|p2a: Chesnaught|60/100|[from] item: Leftovers\n|upkeep\n|turn|7\n|\n|t:|1776352414\n|move|p2b: Sableye|Encore|p1a: Corviknight\n|-start|p1a: Corviknight|Encore\n|move|p1b: Garchomp|Earthquake|p2b: Sableye|[spread] p2a,p2b\n|-immune|p1a: Corviknight\n|-resisted|p2a: Chesnaught|1\n|-damage|p2a: Chesnaught|54/100\n|-damage|p2b: Sableye|0 fnt\n|faint|p2b: Sableye\n|move|p1a: Corviknight|Iron Defense|p1a: Corviknight\n|-boost|p1a: Corviknight|def|2\n|move|p2a: Chesnaught|Leech Seed|p1a: Corviknight\n|-start|p1a: Corviknight|move: Leech Seed\n|\n|-heal|p2a: Chesnaught|60/100|[from] item: Leftovers\n|-damage|p1a: Corviknight|88/100|[from] Leech Seed|[of] p2a: Chesnaught\n|-heal|p2a: Chesnaught|72/100|[silent]\n|upkeep\n|\n|t:|1776352421\n|switch|p2b: Manectric|Manectric-Mega, L50, M|67/100\n|-ability|p2b: Manectric|Intimidate|boost\n|-ability|p1a: Corviknight|Mirror Armor\n|-unboost|p2b: Manectric|atk|1\n|-unboost|p1b: Garchomp|atk|1\n|turn|8\n|\n|t:|1776352444\n|switch|p1b: Infernape|Infernape, L50, M|100/100\n|switch|p1a: Hippowdon|Hippowdon, L50, F|95/100\n|-weather|Sandstorm|[from] ability: Sand Stream|[of] p1a: Hippowdon\n|move|p2b: Manectric|Protect|p2b: Manectric\n|-singleturn|p2b: Manectric|Protect\n|move|p2a: Chesnaught|Iron Defense|p2a: Chesnaught\n|-boost|p2a: Chesnaught|def|2\n|\n|-weather|Sandstorm|[upkeep]\n|-damage|p1b: Infernape|94/100|[from] Sandstorm\n|-damage|p2b: Manectric|61/100|[from] Sandstorm\n|-damage|p2a: Chesnaught|66/100|[from] Sandstorm\n|-heal|p2a: Chesnaught|72/100|[from] item: Leftovers\n|upkeep\n|turn|9\n|\n|t:|1776352468\n|switch|p2b: Sinistcha|Sinistcha, L50|100/100\n|-heal|p2a: Chesnaught|97/100|[from] ability: Hospitality|[of] p2b: Sinistcha\n|move|p1b: Infernape|Heat Wave|p2a: Chesnaught|[spread] p2a,p2b\n|-supereffective|p2a: Chesnaught|1\n|-supereffective|p2b: Sinistcha|1\n|-damage|p2a: Chesnaught|45/100\n|-damage|p2b: Sinistcha|25/100\n|-status|p2b: Sinistcha|brn\n|move|p2a: Chesnaught|Body Press|p1b: Infernape\n|-damage|p1b: Infernape|0 fnt\n|faint|p1b: Infernape\n|move|p1a: Hippowdon|Yawn||[still]\n|-fail|p1a: Hippowdon\n|\n|-weather|Sandstorm|[upkeep]\n|-damage|p2a: Chesnaught|38/100|[from] Sandstorm\n|-damage|p2b: Sinistcha|19/100 brn|[from] Sandstorm\n|-heal|p2a: Chesnaught|45/100|[from] item: Leftovers\n|-damage|p2b: Sinistcha|13/100 brn|[from] brn\n|upkeep\n|\n|t:|1776352488\n|switch|p1b: Corviknight|Corviknight, L50, M, shiny|88/100\n|turn|10\n|\n|t:|1776352495\n|move|p2a: Chesnaught|Spiky Shield|p2a: Chesnaught\n|-singleturn|p2a: Chesnaught|move: Protect\n|move|p1b: Corviknight|Iron Defense|p1b: Corviknight\n|-boost|p1b: Corviknight|def|2\n|move|p2b: Sinistcha|Life Dew|p2b: Sinistcha|[spread] p2a,p2b\n|-heal|p2a: Chesnaught|70/100\n|-heal|p2b: Sinistcha|38/100 brn\n|move|p1a: Hippowdon|Yawn|p2a: Chesnaught\n|-activate|p2a: Chesnaught|move: Protect\n|\n|-weather|Sandstorm|[upkeep]\n|-damage|p2a: Chesnaught|64/100|[from] Sandstorm\n|-damage|p2b: Sinistcha|32/100 brn|[from] Sandstorm\n|-heal|p1b: Corviknight|94/100|[from] item: Leftovers\n|-heal|p2a: Chesnaught|70/100|[from] item: Leftovers\n|-damage|p2b: Sinistcha|26/100 brn|[from] brn\n|upkeep\n|turn|11\n|\n|t:|1776352514\n|move|p1b: Corviknight|Iron Defense|p1b: Corviknight\n|-boost|p1b: Corviknight|def|2\n|move|p2a: Chesnaught|Leech Seed|p1b: Corviknight\n|-start|p1b: Corviknight|move: Leech Seed\n|move|p2b: Sinistcha|Life Dew|p2b: Sinistcha|[spread] p2a,p2b\n|-heal|p2a: Chesnaught|95/100\n|-heal|p2b: Sinistcha|51/100 brn\n|move|p1a: Hippowdon|Yawn|p2a: Chesnaught\n|-start|p2a: Chesnaught|move: Yawn|[of] p1a: Hippowdon\n|\n|-weather|Sandstorm|[upkeep]\n|-damage|p2a: Chesnaught|89/100|[from] Sandstorm\n|-damage|p2b: Sinistcha|45/100 brn|[from] Sandstorm\n|-heal|p1b: Corviknight|100/100|[from] item: Leftovers\n|-heal|p2a: Chesnaught|95/100|[from] item: Leftovers\n|-damage|p1b: Corviknight|88/100|[from] Leech Seed|[of] p2a: Chesnaught\n|-heal|p2a: Chesnaught|100/100|[silent]\n|-damage|p2b: Sinistcha|39/100 brn|[from] brn\n|upkeep\n|turn|12\n|\n|t:|1776352538\n|move|p1a: Hippowdon|Protect|p1a: Hippowdon\n|-singleturn|p1a: Hippowdon|Protect\n|move|p1b: Corviknight|Iron Head|p2b: Sinistcha\n|-damage|p2b: Sinistcha|20/100 brn\n|move|p2a: Chesnaught|Body Press|p1b: Corviknight\n|-damage|p1b: Corviknight|58/100\n|move|p2b: Sinistcha|Matcha Gotcha|p1b: Corviknight|[spread] p1b\n|-activate|p1a: Hippowdon|move: Protect\n|-resisted|p1b: Corviknight|2\n|-damage|p1b: Corviknight|54/100\n|-heal|p2b: Sinistcha|22/100 brn|[from] drain|[of] p1b: Corviknight\n|\n|-weather|none\n|-heal|p1b: Corviknight|60/100|[from] item: Leftovers\n|-damage|p1b: Corviknight|47/100|[from] Leech Seed|[of] p2a: Chesnaught\n|-damage|p2b: Sinistcha|16/100 brn|[from] brn\n|-end|p2a: Chesnaught|move: Yawn|[silent]\n|-status|p2a: Chesnaught|slp\n|upkeep\n|turn|13\n|\n|t:|1776352564\n|switch|p1a: Garchomp|Garchomp-Mega, L50, F|52/100\n|move|p2b: Sinistcha|Protect|p2b: Sinistcha\n|-singleturn|p2b: Sinistcha|Protect\n|move|p1b: Corviknight|Iron Head|p2b: Sinistcha\n|-activate|p2b: Sinistcha|move: Protect\n|cant|p2a: Chesnaught|slp\n|\n|-heal|p1b: Corviknight|54/100|[from] item: Leftovers\n|-damage|p1b: Corviknight|41/100|[from] Leech Seed|[of] p2a: Chesnaught\n|-damage|p2b: Sinistcha|10/100 brn|[from] brn\n|upkeep\n|turn|14\n|\n|t:|1776352581\n|switch|p2b: Manectric|Manectric-Mega, L50, M|61/100\n|-ability|p2b: Manectric|Intimidate|boost\n|-unboost|p1a: Garchomp|atk|1\n|-ability|p1b: Corviknight|Mirror Armor\n|-unboost|p2b: Manectric|atk|1\n|move|p1a: Garchomp|Earthquake|p2a: Chesnaught|[spread] p2a,p2b\n|-immune|p1b: Corviknight\n|-resisted|p2a: Chesnaught|1\n|-supereffective|p2b: Manectric|1\n|-damage|p2a: Chesnaught|96/100 slp\n|-damage|p2b: Manectric|0 fnt\n|faint|p2b: Manectric\n|move|p1b: Corviknight|Iron Defense|p1b: Corviknight\n|-boost|p1b: Corviknight|def|2\n|cant|p2a: Chesnaught|slp\n|\n|-heal|p1b: Corviknight|47/100|[from] item: Leftovers\n|-heal|p2a: Chesnaught|100/100 slp|[from] item: Leftovers\n|-damage|p1b: Corviknight|35/100|[from] Leech Seed|[of] p2a: Chesnaught\n|upkeep\n|\n|t:|1776352601\n|switch|p2b: Sinistcha|Sinistcha, L50|10/100 brn\n|turn|15\n|\n|t:|1776352614\n|move|p2b: Sinistcha|Protect|p2b: Sinistcha\n|-singleturn|p2b: Sinistcha|Protect\n|move|p1a: Garchomp|Earthquake|p2b: Sinistcha|[spread] p2a\n|-activate|p2b: Sinistcha|move: Protect\n|-immune|p1b: Corviknight\n|-resisted|p2a: Chesnaught|1\n|-damage|p2a: Chesnaught|96/100 slp\n|move|p1b: Corviknight|Body Press|p2a: Chesnaught\n|-damage|p2a: Chesnaught|77/100 slp\n|-curestatus|p2a: Chesnaught|slp|[msg]\n|move|p2a: Chesnaught|Body Press|p1b: Corviknight\n|-damage|p1b: Corviknight|12/100\n|\n|-heal|p1b: Corviknight|19/100|[from] item: Leftovers\n|-heal|p2a: Chesnaught|84/100|[from] item: Leftovers\n|-damage|p1b: Corviknight|6/100|[from] Leech Seed|[of] p2a: Chesnaught\n|-heal|p2a: Chesnaught|96/100|[silent]\n|-damage|p2b: Sinistcha|4/100 brn|[from] brn\n|upkeep\n|turn|16\n|\n|t:|1776352636\n|switch|p1b: Hippowdon|Hippowdon, L50, F|95/100\n|-weather|Sandstorm|[from] ability: Sand Stream|[of] p1b: Hippowdon\n|move|p1a: Garchomp|Rock Slide|p2a: Chesnaught|[spread] p2a,p2b\n|-resisted|p2a: Chesnaught|1\n|-damage|p2a: Chesnaught|93/100\n|-damage|p2b: Sinistcha|0 fnt\n|faint|p2b: Sinistcha\n|move|p2a: Chesnaught|Body Press|p1a: Garchomp\n|-damage|p1a: Garchomp|0 fnt\n|faint|p1a: Garchomp\n|\n|-weather|Sandstorm|[upkeep]\n|-damage|p2a: Chesnaught|87/100|[from] Sandstorm\n|-heal|p2a: Chesnaught|93/100|[from] item: Leftovers\n|upkeep\n|\n|t:|1776352650\n|switch|p1a: Corviknight|Corviknight, L50, M, shiny|6/100\n|turn|17\n|\n|t:|1776352655\n|move|p1a: Corviknight|Protect|p1a: Corviknight\n|-singleturn|p1a: Corviknight|Protect\n|move|p2a: Chesnaught|Leech Seed|p1a: Corviknight\n|-activate|p1a: Corviknight|move: Protect\n|move|p1b: Hippowdon|Yawn|p2a: Chesnaught\n|-start|p2a: Chesnaught|move: Yawn|[of] p1b: Hippowdon\n|\n|-weather|Sandstorm|[upkeep]\n|-damage|p2a: Chesnaught|87/100|[from] Sandstorm\n|-heal|p1a: Corviknight|12/100|[from] item: Leftovers\n|-heal|p2a: Chesnaught|93/100|[from] item: Leftovers\n|upkeep\n|turn|18\n|\n|t:|1776352669\n|move|p1a: Corviknight|Protect||[still]\n|-fail|p1a: Corviknight\n|move|p2a: Chesnaught|Leech Seed|p1a: Corviknight\n|-start|p1a: Corviknight|move: Leech Seed\n|move|p1b: Hippowdon|Fissure|p2a: Chesnaught\n|-damage|p2a: Chesnaught|0 fnt\n|faint|p2a: Chesnaught\n|-ohko\n|\n|win|luiz red\n|raw|luiz red's rating: 1100 &rarr; <strong>1132</strong><br />(+32 for winning)\n|raw|Matxp60's rating: 1199 &rarr; <strong>1167</strong><br />(-32 for losing)\n|c|\u2606Matxp60|No way\n|c|\u2606Matxp60|at first try\n",
  "uploadtime": 1776352677,
  "views": 17,
  "formatid": "gen9championsvgc2026regma",
  "rating": 1132,
  "private": 0,
  "password": null
}