{
  "id": "gen9championsvgc2026regma-2582090304",
  "format": "[Gen 9 Champions] VGC 2026 Reg M-A",
  "players": [
    "owl_with_scarf",
    "Niko highway"
  ],
  "log": "|j|\u2606owl_with_scarf\n|j|\u2606Niko highway\n|t:|1776056624\n|gametype|doubles\n|player|p1|owl_with_scarf|#owlwithscarf|1282\n|player|p2|Niko highway|266|1312\n|gen|9\n|tier|[Gen 9 Champions] VGC 2026 Reg M-A\n|rated|\n|rule|Species Clause: Limit one of each Pok\u00e9mon\n|rule|Item Clause: Limit 1 of each item\n|clearpoke\n|poke|p1|Talonflame, L50, F|\n|poke|p1|Floette-Eternal, L50, F|\n|poke|p1|Kingambit, L50, F|\n|poke|p1|Incineroar, L50, M|\n|poke|p1|Froslass, L50, F|\n|poke|p1|Sneasler, L50, F|\n|poke|p2|Incineroar, L50, F|\n|poke|p2|Conkeldurr, L50, M|\n|poke|p2|Sinistcha, L50|\n|poke|p2|Cofagrigus, L50, M|\n|poke|p2|Drampa, L50, M|\n|poke|p2|Aggron, L50, F|\n|teampreview|4\n|inactive|Battle timer is ON: inactive players will automatically lose when time's up. (requested by owl_with_scarf)\n|\n|t:|1776056653\n|teamsize|p1|4\n|teamsize|p2|4\n|start\n|switch|p1a: Floette|Floette-Eternal, L50, F|100/100\n|switch|p1b: Talonflame|Talonflame, L50, F|100/100\n|switch|p2a: Incineroar|Incineroar, L50, F|100/100\n|switch|p2b: Cofagrigus|Cofagrigus, L50, M|100/100\n|-ability|p2a: Incineroar|Intimidate|boost\n|-unboost|p1a: Floette|atk|1\n|-unboost|p1b: Talonflame|atk|1\n|turn|1\n|\n|t:|1776056674\n|detailschange|p1a: Floette|Floette-Mega, L50, F\n|-mega|p1a: Floette|Floette|Floettite\n|-ability|p1a: Floette|Fairy Aura\n|move|p1b: Talonflame|Taunt|p2b: Cofagrigus\n|-start|p2b: Cofagrigus|move: Taunt\n|move|p1a: Floette|Dazzling Gleam|p2b: Cofagrigus|[spread] p2a,p2b\n|-damage|p2a: Incineroar|55/100\n|-damage|p2b: Cofagrigus|54/100\n|move|p2a: Incineroar|Throat Chop|p1b: Talonflame\n|-damage|p1b: Talonflame|47/100\n|-start|p1b: Talonflame|Throat Chop|[silent]\n|cant|p2b: Cofagrigus|move: Taunt|Trick Room\n|\n|-heal|p1b: Talonflame|53/100|[from] item: Leftovers\n|-heal|p2b: Cofagrigus|60/100|[from] item: Leftovers\n|upkeep\n|turn|2\n|\n|t:|1776056694\n|switch|p2b: Aggron|Aggron, L50, F|100/100\n|move|p1b: Talonflame|Flamethrower|p2b: Aggron\n|-damage|p2b: Aggron|73/100\n|move|p1a: Floette|Dazzling Gleam|p2b: Aggron|[spread] p2a,p2b\n|-resisted|p2b: Aggron|1\n|-damage|p2a: Incineroar|9/100\n|-damage|p2b: Aggron|50/100\n|-enditem|p2a: Incineroar|Sitrus Berry|[eat]\n|-heal|p2a: Incineroar|34/100|[from] item: Sitrus Berry\n|move|p2a: Incineroar|Parting Shot|p1a: Floette\n|-unboost|p1a: Floette|atk|1\n|-unboost|p1a: Floette|spa|1\n|\n|t:|1776056706\n|switch|p2a: Sinistcha|Sinistcha, L50|100/100|[from] Parting Shot\n|-heal|p2b: Aggron|75/100|[from] ability: Hospitality|[of] p2a: Sinistcha\n|\n|-heal|p1b: Talonflame|59/100|[from] item: Leftovers\n|-end|p1b: Talonflame|Throat Chop|[silent]\n|upkeep\n|turn|3\n|\n|t:|1776056722\n|switch|p1a: Incineroar|Incineroar, L50, M|100/100\n|-ability|p1a: Incineroar|Intimidate|boost\n|-unboost|p2a: Sinistcha|atk|1\n|-unboost|p2b: Aggron|atk|1\n|detailschange|p2b: Aggron|Aggron-Mega, L50, F\n|-mega|p2b: Aggron|Aggron|Aggronite\n|move|p1b: Talonflame|Will-O-Wisp|p2b: Aggron|[miss]\n|-miss|p1b: Talonflame|p2b: Aggron\n|move|p2b: Aggron|Iron Head|p1a: Incineroar\n|-resisted|p1a: Incineroar|1\n|-damage|p1a: Incineroar|86/100\n|move|p2a: Sinistcha|Trick Room|p2a: Sinistcha\n|-fieldstart|move: Trick Room|[of] p2a: Sinistcha\n|\n|-heal|p1b: Talonflame|65/100|[from] item: Leftovers\n|upkeep\n|turn|4\n|\n|t:|1776056737\n|switch|p2b: Incineroar|Incineroar, L50, F|34/100\n|-ability|p2b: Incineroar|Intimidate|boost\n|-unboost|p1a: Incineroar|atk|1\n|-unboost|p1b: Talonflame|atk|1\n|move|p1a: Incineroar|Fake Out|p2b: Incineroar\n|-damage|p2b: Incineroar|27/100\n|move|p2a: Sinistcha|Shadow Ball|p1b: Talonflame\n|-damage|p1b: Talonflame|5/100\n|move|p1b: Talonflame|Will-O-Wisp|p2b: Incineroar\n|-immune|p2b: Incineroar\n|\n|-heal|p1b: Talonflame|11/100|[from] item: Leftovers\n|upkeep\n|turn|5\n|\n|t:|1776056752\n|move|p2b: Incineroar|Throat Chop|p1a: Incineroar\n|-resisted|p1a: Incineroar|1\n|-damage|p1a: Incineroar|66/100\n|-start|p1a: Incineroar|Throat Chop|[silent]\n|cant|p1a: Incineroar|move: Throat Chop\n|move|p2a: Sinistcha|Shadow Ball|p1b: Talonflame\n|-damage|p1b: Talonflame|0 fnt\n|faint|p1b: Talonflame\n|\n|upkeep\n|\n|t:|1776056773\n|switch|p1b: Floette|Floette-Mega, L50, F|100/100\n|-ability|p1b: Floette|Fairy Aura\n|turn|6\n|\n|t:|1776056790\n|switch|p2a: Aggron|Aggron-Mega, L50, F|75/100\n|move|p1a: Incineroar|Helping Hand|p1b: Floette\n|-singleturn|p1b: Floette|Helping Hand|[of] p1a: Incineroar\n|move|p2b: Incineroar|Flare Blitz|p1b: Floette\n|-damage|p1b: Floette|21/100\n|-damage|p2b: Incineroar|7/100|[from] Recoil\n|move|p1b: Floette|Dazzling Gleam|p2a: Aggron|[spread] p2a,p2b\n|-resisted|p2a: Aggron|1\n|-damage|p2a: Aggron|44/100\n|-damage|p2b: Incineroar|0 fnt\n|faint|p2b: Incineroar\n|\n|-end|p1a: Incineroar|Throat Chop|[silent]\n|upkeep\n|\n|t:|1776056806\n|switch|p2b: Sinistcha|Sinistcha, L50|100/100\n|-heal|p2a: Aggron|69/100|[from] ability: Hospitality|[of] p2b: Sinistcha\n|turn|7\n|\n|t:|1776056818\n|move|p2a: Aggron|Body Press|p1a: Incineroar\n|-supereffective|p1a: Incineroar|1\n|-damage|p1a: Incineroar|0 fnt\n|faint|p1a: Incineroar\n|move|p2b: Sinistcha|Matcha Gotcha|p1b: Floette\n|-damage|p1b: Floette|0 fnt\n|faint|p1b: Floette\n|\n|-fieldend|move: Trick Room\n|upkeep\n|\n|t:|1776056822\n|switch|p1b: Kingambit|Kingambit, L50, F|100/100\n|turn|8\n|-message|owl_with_scarf forfeited.\n|\n|win|Niko highway\n|raw|owl_with_scarf's rating: 1261 &rarr; <strong>1240</strong><br />(-21 for losing)\n|raw|Niko highway's rating: 1312 &rarr; <strong>1329</strong><br />(+17 for winning)\n|l|\u2606owl_with_scarf\n|player|p1|\n",
  "uploadtime": 1776056829,
  "views": 39,
  "formatid": "gen9championsvgc2026regma",
  "rating": 1240,
  "private": 0,
  "password": null
}