{
  "id": "gen9championsvgc2026regma-2587933400",
  "format": "[Gen 9 Champions] VGC 2026 Reg M-A",
  "players": [
    "Duetti",
    "zhz2021"
  ],
  "log": "|j|\u2606Duetti\n|j|\u2606zhz2021\n|t:|1776581094\n|gametype|doubles\n|player|p1|Duetti|1|1465\n|player|p2|zhz2021|marley|1403\n|gen|9\n|tier|[Gen 9 Champions] VGC 2026 Reg M-A\n|rated|\n|rule|Species Clause: Limit one of each Pok\u00e9mon\n|rule|Item Clause: Limit 1 of each item\n|clearpoke\n|poke|p1|Charizard, L50, F, shiny|\n|poke|p1|Whimsicott, L50, M, shiny|\n|poke|p1|Garchomp, L50, F, shiny|\n|poke|p1|Sneasler, L50, M, shiny|\n|poke|p1|Sinistcha, L50, shiny|\n|poke|p1|Aggron, L50, F, shiny|\n|poke|p2|Sableye, L50, M|\n|poke|p2|Archaludon, L50, F|\n|poke|p2|Scovillain, L50, M, shiny|\n|poke|p2|Basculegion-F, L50, F, shiny|\n|poke|p2|Pelipper, L50, F|\n|poke|p2|Mamoswine, L50, M|\n|teampreview|4\n|j| AMDGBananaBen\n|\n|t:|1776581113\n|teamsize|p1|4\n|teamsize|p2|4\n|start\n|switch|p1a: Charizard|Charizard, L50, F, shiny|100/100\n|switch|p1b: Whimsicott|Whimsicott, L50, M, shiny|100/100\n|switch|p2a: Sableye|Sableye, L50, M|100/100\n|switch|p2b: Basculegion|Basculegion-F, L50, F, shiny|100/100\n|turn|1\n|\n|t:|1776581145\n|detailschange|p1a: Charizard|Charizard-Mega-Y, L50, F, shiny\n|-mega|p1a: Charizard|Charizard|Charizardite Y\n|-weather|SunnyDay|[from] ability: Drought|[of] p1a: Charizard\n|move|p1a: Charizard|Protect|p1a: Charizard\n|-singleturn|p1a: Charizard|Protect\n|move|p2a: Sableye|Rain Dance|p2a: Sableye\n|-weather|RainDance\n|move|p2b: Basculegion|Muddy Water|p1a: Charizard|[spread] p1b\n|-activate|p1a: Charizard|move: Protect\n|-resisted|p1b: Whimsicott|1\n|-damage|p1b: Whimsicott|58/100\n|move|p1b: Whimsicott|Moonblast|p2a: Sableye\n|-supereffective|p2a: Sableye|1\n|-enditem|p2a: Sableye|Roseli Berry|[eat]\n|-enditem|p2a: Sableye|Roseli Berry|[weaken]\n|-damage|p2a: Sableye|58/100\n|\n|-weather|RainDance|[upkeep]\n|upkeep\n|turn|2\n|\n|t:|1776581164\n|move|p1b: Whimsicott|Sunny Day|p1b: Whimsicott\n|-weather|SunnyDay\n|move|p2a: Sableye|Rain Dance|p2a: Sableye\n|-weather|RainDance\n|move|p2b: Basculegion|Muddy Water|p1a: Charizard|[spread] p1b\n|-miss|p2b: Basculegion|p1a: Charizard\n|-resisted|p1b: Whimsicott|1\n|-damage|p1b: Whimsicott|22/100\n|move|p1a: Charizard|Solar Beam||[still]\n|-prepare|p1a: Charizard|Solar Beam\n|\n|-weather|RainDance|[upkeep]\n|upkeep\n|turn|3\n|\n|t:|1776581177\n|move|p1b: Whimsicott|Tailwind|p1b: Whimsicott\n|-sidestart|p1: Duetti|move: Tailwind\n|move|p2a: Sableye|Disable|p1a: Charizard\n|-start|p1a: Charizard|Disable|Solar Beam\n|cant|p1a: Charizard|Disable|Solar Beam\n|move|p2b: Basculegion|Icy Wind|p1a: Charizard|[spread] p1a,p1b\n|-supereffective|p1b: Whimsicott|1\n|-damage|p1a: Charizard|88/100\n|-damage|p1b: Whimsicott|0 fnt\n|-unboost|p1a: Charizard|spe|1\n|faint|p1b: Whimsicott\n|\n|-weather|RainDance|[upkeep]\n|upkeep\n|\n|t:|1776581187\n|switch|p1b: Garchomp|Garchomp, L50, F, shiny|100/100\n|turn|4\n|\n|t:|1776581195\n|switch|p1a: Sneasler|Sneasler, L50, M, shiny|100/100\n|move|p2a: Sableye|Encore||[still]\n|-fail|p2a: Sableye\n|move|p1b: Garchomp|Stomping Tantrum|p2a: Sableye\n|-damage|p2a: Sableye|6/100\n|move|p2b: Basculegion|Icy Wind|p1a: Sneasler|[spread] p1a,p1b\n|-supereffective|p1b: Garchomp|2\n|-damage|p1a: Sneasler|81/100\n|-damage|p1b: Garchomp|35/100\n|-unboost|p1a: Sneasler|spe|1\n|-unboost|p1b: Garchomp|spe|1\n|-enditem|p1a: Sneasler|White Herb\n|-clearnegativeboost|p1a: Sneasler|[silent]\n|\n|-weather|RainDance|[upkeep]\n|upkeep\n|turn|5\n|c|\u2606Duetti|Sableye cooking my shit\n|\n|t:|1776581211\n|switch|p1b: Charizard|Charizard-Mega-Y, L50, F, shiny|88/100\n|-weather|SunnyDay|[from] ability: Drought|[of] p1b: Charizard\n|switch|p2a: Scovillain|Scovillain, L50, M, shiny|100/100\n|move|p1a: Sneasler|Dire Claw|p2a: Scovillain\n|-supereffective|p2a: Scovillain|1\n|-damage|p2a: Scovillain|0 fnt\n|faint|p2a: Scovillain\n|move|p2b: Basculegion|Muddy Water|p1a: Sneasler|[spread] p1a,p1b\n|-supereffective|p1b: Charizard|1\n|-damage|p1a: Sneasler|60/100\n|-damage|p1b: Charizard|55/100\n|-unboost|p1a: Sneasler|accuracy|1\n|-unboost|p1b: Charizard|accuracy|1\n|\n|-weather|SunnyDay|[upkeep]\n|upkeep\n|\n|t:|1776581219\n|switch|p2a: Sableye|Sableye, L50, M|6/100\n|turn|6\n|\n|t:|1776581225\n|move|p1b: Charizard|Protect|p1b: Charizard\n|-singleturn|p1b: Charizard|Protect\n|move|p2a: Sableye|Rain Dance|p2a: Sableye\n|-weather|RainDance\n|move|p1a: Sneasler|Dire Claw|p2a: Sableye\n|-resisted|p2a: Sableye|1\n|-damage|p2a: Sableye|0 fnt\n|faint|p2a: Sableye\n|move|p2b: Basculegion|Muddy Water|p1a: Sneasler|[spread] p1a\n|-activate|p1b: Charizard|move: Protect\n|-damage|p1a: Sneasler|0 fnt\n|faint|p1a: Sneasler\n|\n|-weather|RainDance|[upkeep]\n|-sideend|p1: Duetti|move: Tailwind\n|upkeep\n|\n|t:|1776581232\n|switch|p1a: Garchomp|Garchomp, L50, F, shiny|35/100\n|switch|p2a: Mamoswine|Mamoswine, L50, M|100/100\n|turn|7\n|\n|t:|1776581241\n|move|p2b: Basculegion|Icy Wind|p1a: Garchomp|[spread] p1a,p1b\n|-supereffective|p1a: Garchomp|2\n|-damage|p1a: Garchomp|0 fnt\n|-damage|p1b: Charizard|42/100\n|-unboost|p1b: Charizard|spe|1\n|faint|p1a: Garchomp\n|move|p2a: Mamoswine|Rock Slide|p1b: Charizard|[miss]\n|-miss|p2a: Mamoswine|p1b: Charizard\n|move|p1b: Charizard|Weather Ball|p2a: Mamoswine\n|-supereffective|p2a: Mamoswine|1\n|-damage|p2a: Mamoswine|0 fnt\n|faint|p2a: Mamoswine\n|\n|-weather|RainDance|[upkeep]\n|upkeep\n|turn|8\n|\n|t:|1776581255\n|move|p2b: Basculegion|Hex|p1b: Charizard\n|-damage|p1b: Charizard|10/100\n|move|p1b: Charizard|Solar Beam||[still]\n|-prepare|p1b: Charizard|Solar Beam\n|\n|-weather|RainDance|[upkeep]\n|upkeep\n|turn|9\n|\n|t:|1776581260\n|move|p2b: Basculegion|Hex|p1b: Charizard\n|-damage|p1b: Charizard|0 fnt\n|faint|p1b: Charizard\n|\n|win|zhz2021\n|raw|Duetti's rating: 1465 &rarr; <strong>1441</strong><br />(-24 for losing)\n|raw|zhz2021's rating: 1403 &rarr; <strong>1427</strong><br />(+24 for winning)\n|l|\u2606Duetti\n|player|p1|\n|l|\u2606zhz2021\n|player|p2|\n",
  "uploadtime": 1776581295,
  "views": 15,
  "formatid": "gen9championsvgc2026regma",
  "rating": 1427,
  "private": 0,
  "password": null
}