{
  "id": "gen9championsvgc2026regma-2582126463",
  "format": "[Gen 9 Champions] VGC 2026 Reg M-A",
  "players": [
    "cjdhf18",
    "loklastaji"
  ],
  "log": "|j|\u2606cjdhf18\n|j|\u2606loklastaji\n|t:|1776061364\n|gametype|doubles\n|player|p1|cjdhf18|cynthia-gen4|1341\n|player|p2|loklastaji|265|1244\n|gen|9\n|tier|[Gen 9 Champions] VGC 2026 Reg M-A\n|rated|\n|rule|Species Clause: Limit one of each Pok\u00e9mon\n|rule|Item Clause: Limit 1 of each item\n|clearpoke\n|poke|p1|Charizard, L50, F|\n|poke|p1|Sneasler, L50, F|\n|poke|p1|Basculegion, L50, M|\n|poke|p1|Garchomp, L50, M|\n|poke|p1|Incineroar, L50, M|\n|poke|p1|Venusaur, L50, M|\n|poke|p2|Samurott-Hisui, L50, F|\n|poke|p2|Mamoswine, L50, M|\n|poke|p2|Delphox, L50, F|\n|poke|p2|Tsareena, L50, F|\n|poke|p2|Corviknight, L50, M|\n|poke|p2|Altaria, L50, M|\n|teampreview|4\n|inactive|Battle timer is ON: inactive players will automatically lose when time's up. (requested by cjdhf18)\n|\n|t:|1776061379\n|teamsize|p1|4\n|teamsize|p2|4\n|start\n|switch|p1a: Charizard|Charizard, L50, F|100/100\n|switch|p1b: Garchomp|Garchomp, L50, M|100/100\n|switch|p2a: Mamoswine|Mamoswine, L50, M|100/100\n|switch|p2b: Samurott|Samurott-Hisui, L50, F|100/100\n|turn|1\n|inactive|loklastaji has 30 seconds left.\n|inactive|loklastaji has 20 seconds left.\n|\n|t:|1776061416\n|switch|p2a: Altaria|Altaria, L50, M|100/100\n|-ability|p2a: Altaria|Cloud Nine\n|detailschange|p1a: Charizard|Charizard-Mega-Y, L50, F\n|-mega|p1a: Charizard|Charizard|Charizardite Y\n|-weather|SunnyDay|[from] ability: Drought|[of] p1a: Charizard\n|move|p1b: Garchomp|Earthquake|p2b: Samurott|[spread] p2b\n|-immune|p1a: Charizard\n|-immune|p2a: Altaria\n|-damage|p2b: Samurott|47/100\n|move|p1a: Charizard|Weather Ball|p2a: Altaria\n|-damage|p2a: Altaria|75/100\n|move|p2b: Samurott|Aqua Cutter|p1a: Charizard\n|-supereffective|p1a: Charizard|1\n|-crit|p1a: Charizard\n|-damage|p1a: Charizard|0 fnt\n|faint|p1a: Charizard\n|\n|-weather|SunnyDay|[upkeep]\n|upkeep\n|\n|t:|1776061440\n|switch|p1a: Basculegion|Basculegion, L50, M|100/100\n|turn|2\n|\n|t:|1776061456\n|detailschange|p2a: Altaria|Altaria-Mega, L50, M\n|-mega|p2a: Altaria|Altaria|Altarianite\n|move|p2b: Samurott|Sucker Punch|p1a: Basculegion\n|-supereffective|p1a: Basculegion|1\n|-damage|p1a: Basculegion|8/100\n|move|p1a: Basculegion|Last Respects|p2a: Altaria\n|-damage|p2a: Altaria|7/100\n|move|p2a: Altaria|Hyper Voice|p1b: Garchomp|[spread] p1a,p1b\n|-supereffective|p1b: Garchomp|1\n|-damage|p1a: Basculegion|0 fnt\n|-damage|p1b: Garchomp|27/100\n|faint|p1a: Basculegion\n|move|p1b: Garchomp|Dragon Claw|p2b: Samurott\n|-damage|p2b: Samurott|0 fnt\n|faint|p2b: Samurott\n|\n|-weather|SunnyDay|[upkeep]\n|upkeep\n|\n|t:|1776061475\n|switch|p1a: Venusaur|Venusaur, L50, M|100/100\n|switch|p2b: Mamoswine|Mamoswine, L50, M|100/100\n|turn|3\n|\n|t:|1776061491\n|switch|p2a: Tsareena|Tsareena, L50, F|100/100\n|move|p1b: Garchomp|Protect|p1b: Garchomp\n|-singleturn|p1b: Garchomp|Protect\n|move|p2b: Mamoswine|Ice Shard|p1b: Garchomp\n|-activate|p1b: Garchomp|move: Protect\n|move|p1a: Venusaur|Sleep Powder|p2b: Mamoswine|[miss]\n|-miss|p1a: Venusaur|p2b: Mamoswine\n|\n|-weather|SunnyDay|[upkeep]\n|upkeep\n|turn|4\n|inactive|loklastaji has 30 seconds left.\n|\n|t:|1776061521\n|move|p2b: Mamoswine|Ice Shard|p1b: Garchomp\n|-supereffective|p1b: Garchomp|2\n|-damage|p1b: Garchomp|0 fnt\n|faint|p1b: Garchomp\n|move|p1a: Venusaur|Sleep Powder|p2b: Mamoswine\n|-status|p2b: Mamoswine|slp|[from] move: Sleep Powder\n|move|p2a: Tsareena|Taunt|p1a: Venusaur\n|-start|p1a: Venusaur|move: Taunt\n|\n|-weather|SunnyDay|[upkeep]\n|upkeep\n|turn|5\n|\n|t:|1776061539\n|move|p2a: Tsareena|Protect|p2a: Tsareena\n|-singleturn|p2a: Tsareena|Protect\n|cant|p2b: Mamoswine|slp\n|move|p1a: Venusaur|Sludge Bomb|p2a: Tsareena\n|-activate|p2a: Tsareena|move: Protect\n|\n|-weather|none\n|upkeep\n|turn|6\n|\n|t:|1776061558\n|cant|p2b: Mamoswine|slp\n|move|p1a: Venusaur|Sludge Bomb|p2a: Tsareena\n|-supereffective|p2a: Tsareena|1\n|-enditem|p2a: Tsareena|Focus Sash\n|-damage|p2a: Tsareena|1/100\n|move|p2a: Tsareena|High Jump Kick|p1a: Venusaur\n|-resisted|p1a: Venusaur|1\n|-damage|p1a: Venusaur|67/100\n|\n|upkeep\n|turn|7\n|\n|t:|1776061577\n|move|p2a: Tsareena|Protect|p2a: Tsareena\n|-singleturn|p2a: Tsareena|Protect\n|-curestatus|p2b: Mamoswine|slp|[msg]\n|move|p2b: Mamoswine|Ice Shard|p1a: Venusaur\n|-supereffective|p1a: Venusaur|1\n|-damage|p1a: Venusaur|9/100\n|move|p1a: Venusaur|Sludge Bomb|p2b: Mamoswine\n|-resisted|p2b: Mamoswine|1\n|-damage|p2b: Mamoswine|74/100\n|\n|-end|p1a: Venusaur|move: Taunt\n|upkeep\n|turn|8\n|-message|cjdhf18 forfeited.\n|\n|win|loklastaji\n|raw|cjdhf18's rating: 1341 &rarr; <strong>1316</strong><br />(-25 for losing)\n|raw|loklastaji's rating: 1244 &rarr; <strong>1276</strong><br />(+32 for winning)\n|l|\u2606cjdhf18\n|player|p1|\n",
  "uploadtime": 1776061591,
  "views": 20,
  "formatid": "gen9championsvgc2026regma",
  "rating": 1276,
  "private": 0,
  "password": null
}