{
  "id": "gen9championsvgc2026regma-2584339257",
  "format": "[Gen 9 Champions] VGC 2026 Reg M-A",
  "players": [
    "Forjadordevinculos",
    "TheTurtlePerson6"
  ],
  "log": "|j|\u2606Forjadordevinculos\n|j|\u2606TheTurtlePerson6\n|t:|1776252823\n|gametype|doubles\n|player|p1|Forjadordevinculos|veteran|1268\n|player|p2|TheTurtlePerson6|scientist-gen4dp|1347\n|gen|9\n|tier|[Gen 9 Champions] VGC 2026 Reg M-A\n|rated|\n|rule|Species Clause: Limit one of each Pok\u00e9mon\n|rule|Item Clause: Limit 1 of each item\n|clearpoke\n|poke|p1|Aggron, L50, M|\n|poke|p1|Incineroar, L50, M|\n|poke|p1|Lycanroc, L50, M|\n|poke|p1|Sinistcha, L50|\n|poke|p1|Hippowdon, L50, F|\n|poke|p1|Pelipper, L50, F|\n|poke|p2|Aggron, L50, F|\n|poke|p2|Sinistcha, L50|\n|poke|p2|Incineroar, L50, M|\n|poke|p2|Tyranitar, L50, M|\n|poke|p2|Aerodactyl, L50, F|\n|poke|p2|Sneasler, L50, M|\n|teampreview|4\n|inactive|Battle timer is ON: inactive players will automatically lose when time's up. (requested by TheTurtlePerson6)\n|\n|t:|1776252849\n|teamsize|p1|4\n|teamsize|p2|4\n|start\n|switch|p1a: Aggron|Aggron, L50, M, shiny|100/100\n|switch|p1b: Incineroar|Incineroar, L50, M, shiny|100/100\n|switch|p2a: Aerodactyl|Aerodactyl, L50, F|100/100\n|switch|p2b: Aggron|Aggron, L50, F|100/100\n|-ability|p2a: Aerodactyl|Unnerve\n|-ability|p1b: Incineroar|Intimidate|boost\n|-unboost|p2a: Aerodactyl|atk|1\n|-unboost|p2b: Aggron|atk|1\n|turn|1\n|\n|t:|1776252863\n|detailschange|p1a: Aggron|Aggron-Mega, L50, M, shiny\n|-mega|p1a: Aggron|Aggron|Aggronite\n|detailschange|p2b: Aggron|Aggron-Mega, L50, F\n|-mega|p2b: Aggron|Aggron|Aggronite\n|move|p1b: Incineroar|Fake Out|p2a: Aerodactyl\n|-resisted|p2a: Aerodactyl|1\n|-damage|p2a: Aerodactyl|92/100\n|cant|p2a: Aerodactyl|flinch\n|move|p1a: Aggron|Heavy Slam|p2a: Aerodactyl\n|-supereffective|p2a: Aerodactyl|1\n|-damage|p2a: Aerodactyl|0 fnt\n|faint|p2a: Aerodactyl\n|move|p2b: Aggron|Substitute|p2b: Aggron\n|-start|p2b: Aggron|Substitute\n|-damage|p2b: Aggron|76/100\n|\n|upkeep\n|c|\u2606TheTurtlePerson6|It's an Aggr-off\n|\n|t:|1776252875\n|switch|p2a: Incineroar|Incineroar, L50, M|100/100\n|-ability|p2a: Incineroar|Intimidate|boost\n|-unboost|p1a: Aggron|atk|1\n|-unboost|p1b: Incineroar|atk|1\n|turn|2\n|inactive|Forjadordevinculos has 30 seconds left.\n|inactive|Forjadordevinculos has 20 seconds left.\n|\n|t:|1776252913\n|switch|p1a: Sinistcha|Sinistcha, L50|100/100\n|move|p2a: Incineroar|Fake Out|p1a: Sinistcha\n|-immune|p1a: Sinistcha\n|move|p1b: Incineroar|Parting Shot|p2b: Aggron\n|-unboost|p2b: Aggron|atk|1\n|-unboost|p2b: Aggron|spa|1\n|\n|t:|1776252921\n|switch|p1b: Aggron|Aggron-Mega, L50, M, shiny|100/100|[from] Parting Shot\n|move|p2b: Aggron|Iron Defense|p2b: Aggron\n|-boost|p2b: Aggron|def|2\n|\n|upkeep\n|turn|3\n|\n|t:|1776252945\n|move|p1a: Sinistcha|Matcha Gotcha|p2a: Incineroar|[spread] p2a,p2b\n|-resisted|p2b: Aggron|1\n|-activate|p2b: Aggron|move: Substitute|[damage]\n|-resisted|p2a: Incineroar|1\n|-crit|p2a: Incineroar\n|-damage|p2a: Incineroar|83/100\n|move|p2a: Incineroar|Flare Blitz|p1a: Sinistcha\n|-supereffective|p1a: Sinistcha|1\n|-enditem|p1a: Sinistcha|Occa Berry|[eat]\n|-enditem|p1a: Sinistcha|Occa Berry|[weaken]\n|-damage|p1a: Sinistcha|58/100\n|-damage|p2a: Incineroar|70/100|[from] Recoil\n|move|p1b: Aggron|Iron Defense|p1b: Aggron\n|-boost|p1b: Aggron|def|2\n|move|p2b: Aggron|Iron Defense|p2b: Aggron\n|-boost|p2b: Aggron|def|2\n|\n|upkeep\n|turn|4\n|\n|t:|1776252961\n|move|p1a: Sinistcha|Life Dew||[still]|[spread] p1a,p1b\n|-heal|p1a: Sinistcha|83/100\n|-fail|p1b: Aggron|heal\n|move|p2a: Incineroar|Flare Blitz|p1a: Sinistcha\n|-supereffective|p1a: Sinistcha|1\n|-damage|p1a: Sinistcha|8/100\n|-damage|p2a: Incineroar|49/100|[from] Recoil\n|move|p1b: Aggron|Body Press|p2a: Incineroar\n|-supereffective|p2a: Incineroar|1\n|-damage|p2a: Incineroar|0 fnt\n|faint|p2a: Incineroar\n|move|p2b: Aggron|Iron Defense|p2b: Aggron\n|-boost|p2b: Aggron|def|2\n|\n|upkeep\n|\n|t:|1776252964\n|switch|p2a: Sinistcha|Sinistcha, L50|100/100\n|-heal|p2b: Aggron|100/100|[from] ability: Hospitality|[of] p2a: Sinistcha\n|turn|5\n|\n|t:|1776252986\n|move|p1a: Sinistcha|Life Dew||[still]|[spread] p1a,p1b\n|-heal|p1a: Sinistcha|33/100\n|-fail|p1b: Aggron|heal\n|move|p2a: Sinistcha|Matcha Gotcha|p1a: Sinistcha|[spread] p1a,p1b\n|-resisted|p1a: Sinistcha|1\n|-resisted|p1b: Aggron|1\n|-damage|p1a: Sinistcha|20/100\n|-damage|p1b: Aggron|90/100\n|move|p1b: Aggron|Body Press|p2b: Aggron\n|-supereffective|p2b: Aggron|1\n|-end|p2b: Aggron|Substitute\n|move|p2b: Aggron|Heavy Slam|p1a: Sinistcha\n|-damage|p1a: Sinistcha|0 fnt\n|faint|p1a: Sinistcha\n|\n|upkeep\n|\n|t:|1776252999\n|switch|p1a: Incineroar|Incineroar, L50, M, shiny|100/100\n|-ability|p1a: Incineroar|Intimidate|boost\n|-unboost|p2a: Sinistcha|atk|1\n|-unboost|p2b: Aggron|atk|1\n|turn|6\n|\n|t:|1776253016\n|move|p1a: Incineroar|Fake Out|p2b: Aggron\n|-resisted|p2b: Aggron|1\n|-damage|p2b: Aggron|99/100\n|move|p2a: Sinistcha|Matcha Gotcha|p1b: Aggron|[spread] p1b\n|-miss|p2a: Sinistcha|p1a: Incineroar\n|-resisted|p1b: Aggron|1\n|-damage|p1b: Aggron|80/100\n|-status|p1b: Aggron|brn\n|cant|p2b: Aggron|flinch\n|move|p1b: Aggron|Iron Defense|p1b: Aggron\n|-boost|p1b: Aggron|def|2\n|\n|-damage|p1b: Aggron|74/100 brn|[from] brn\n|upkeep\n|turn|7\n|\n|t:|1776253031\n|move|p2a: Sinistcha|Rage Powder|p2a: Sinistcha\n|-singleturn|p2a: Sinistcha|move: Rage Powder\n|move|p1a: Incineroar|Flare Blitz|p2a: Sinistcha\n|-supereffective|p2a: Sinistcha|1\n|-damage|p2a: Sinistcha|35/100\n|-enditem|p2a: Sinistcha|Sitrus Berry|[eat]\n|-heal|p2a: Sinistcha|60/100|[from] item: Sitrus Berry\n|-damage|p1a: Incineroar|82/100|[from] Recoil\n|move|p1b: Aggron|Body Press|p2a: Sinistcha\n|-immune|p2a: Sinistcha\n|move|p2b: Aggron|Body Press|p1b: Aggron\n|-supereffective|p1b: Aggron|1\n|-damage|p1b: Aggron|40/100 brn\n|\n|-damage|p1b: Aggron|34/100 brn|[from] brn\n|upkeep\n|turn|8\n|inactive|TheTurtlePerson6 has 30 seconds left.\n|\n|t:|1776253057\n|move|p2a: Sinistcha|Rage Powder|p2a: Sinistcha\n|-singleturn|p2a: Sinistcha|move: Rage Powder\n|move|p1a: Incineroar|Flare Blitz|p2a: Sinistcha\n|-supereffective|p2a: Sinistcha|1\n|-damage|p2a: Sinistcha|0 fnt\n|faint|p2a: Sinistcha\n|-damage|p1a: Incineroar|64/100|[from] Recoil\n|move|p2b: Aggron|Body Press|p1b: Aggron\n|-supereffective|p1b: Aggron|1\n|-damage|p1b: Aggron|0 fnt\n|faint|p1b: Aggron\n|\n|upkeep\n|c|\u2606Forjadordevinculos|speed tie?\n|\n|t:|1776253072\n|switch|p1b: Lycanroc|Lycanroc, L50, M, shiny|100/100\n|turn|9\n|c|\u2606Forjadordevinculos|gg\n|\n|t:|1776253084\n|move|p1b: Lycanroc|Rock Slide|p2b: Aggron\n|-resisted|p2b: Aggron|1\n|-damage|p2b: Aggron|97/100\n|move|p1a: Incineroar|Flare Blitz|p2b: Aggron\n|-supereffective|p2b: Aggron|1\n|-damage|p2b: Aggron|88/100\n|-status|p2b: Aggron|brn\n|-damage|p1a: Incineroar|62/100|[from] Recoil\n|cant|p2b: Aggron|flinch\n|\n|-damage|p2b: Aggron|82/100 brn|[from] brn\n|upkeep\n|turn|10\n|\n|t:|1776253099\n|move|p1b: Lycanroc|Rock Slide|p2b: Aggron\n|-resisted|p2b: Aggron|1\n|-damage|p2b: Aggron|80/100 brn\n|move|p1a: Incineroar|Flare Blitz|p2b: Aggron\n|-supereffective|p2b: Aggron|1\n|-damage|p2b: Aggron|69/100 brn\n|-damage|p1a: Incineroar|59/100|[from] Recoil\n|cant|p2b: Aggron|flinch\n|\n|-damage|p2b: Aggron|63/100 brn|[from] brn\n|upkeep\n|turn|11\n|\n|t:|1776253113\n|move|p1b: Lycanroc|Rock Slide|p2b: Aggron\n|-resisted|p2b: Aggron|1\n|-damage|p2b: Aggron|61/100 brn\n|move|p1a: Incineroar|Flare Blitz|p2b: Aggron\n|-supereffective|p2b: Aggron|1\n|-damage|p2b: Aggron|51/100 brn\n|-damage|p1a: Incineroar|56/100|[from] Recoil\n|cant|p2b: Aggron|flinch\n|\n|-damage|p2b: Aggron|45/100 brn|[from] brn\n|upkeep\n|turn|12\n|c|\u2606TheTurtlePerson6|omfg not again\n|c|\u2606Forjadordevinculos|WTF\n|\n|t:|1776253126\n|move|p1b: Lycanroc|Rock Slide|p2b: Aggron\n|-resisted|p2b: Aggron|1\n|-damage|p2b: Aggron|42/100 brn\n|move|p1a: Incineroar|Flare Blitz|p2b: Aggron\n|-supereffective|p2b: Aggron|1\n|-damage|p2b: Aggron|32/100 brn\n|-damage|p1a: Incineroar|53/100|[from] Recoil\n|move|p2b: Aggron|Substitute|p2b: Aggron\n|-start|p2b: Aggron|Substitute\n|-damage|p2b: Aggron|7/100 brn\n|\n|-damage|p2b: Aggron|1/100 brn|[from] brn\n|upkeep\n|turn|13\n|c|\u2606TheTurtlePerson6|Gg\n|c|\u2606Forjadordevinculos|sorry dude\n|inactive|TheTurtlePerson6 has 30 seconds left.\n|c|\u2606TheTurtlePerson6|This is the second game in a row where I lost to 3 rock slide flinches in a row\n|\n|t:|1776253166\n|move|p1b: Lycanroc|Rock Slide|p2b: Aggron\n|-resisted|p2b: Aggron|1\n|-activate|p2b: Aggron|move: Substitute|[damage]\n|move|p1a: Incineroar|Flare Blitz|p2b: Aggron\n|-supereffective|p2b: Aggron|1\n|-activate|p2b: Aggron|move: Substitute|[damage]\n|-damage|p1a: Incineroar|50/100|[from] Recoil|[of] p2b: Aggron\n|move|p2b: Aggron|Body Press|p1b: Lycanroc\n|-supereffective|p1b: Lycanroc|1\n|-enditem|p1b: Lycanroc|Focus Sash\n|-damage|p1b: Lycanroc|1/100\n|\n|-damage|p2b: Aggron|0 fnt|[from] brn\n|faint|p2b: Aggron\n|\n|win|Forjadordevinculos\n|raw|Forjadordevinculos's rating: 1268 &rarr; <strong>1299</strong><br />(+31 for winning)\n|raw|TheTurtlePerson6's rating: 1347 &rarr; <strong>1323</strong><br />(-24 for losing)\n|l|\u2606Forjadordevinculos\n|player|p1|\n|l|\u2606TheTurtlePerson6\n|player|p2|\n|j|\u2606TheTurtlePerson6\n|player|p2|TheTurtlePerson6|scientist-gen4dp|\n",
  "uploadtime": 1776253224,
  "views": 30,
  "formatid": "gen9championsvgc2026regma",
  "rating": 1299,
  "private": 0,
  "password": null
}