{
  "id": "gen9championsvgc2026regma-2580647025",
  "format": "[Gen 9 Champions] VGC 2026 Reg M-A",
  "players": [
    "CrashoutContribute",
    "pokehehe"
  ],
  "log": "|j|\u2606CrashoutContribute\n|j|\u2606pokehehe\n|t:|1775921050\n|gametype|doubles\n|player|p1|CrashoutContribute|n|1080\n|player|p2|pokehehe|101|1076\n|gen|9\n|tier|[Gen 9 Champions] VGC 2026 Reg M-A\n|rated|\n|rule|Species Clause: Limit one of each Pok\u00e9mon\n|rule|Item Clause: Limit 1 of each item\n|clearpoke\n|poke|p1|Kangaskhan, L50, F|\n|poke|p1|Sneasler, L50, M|\n|poke|p1|Milotic, L50, F|\n|poke|p1|Incineroar, L50, M|\n|poke|p1|Mimikyu, L50, M|\n|poke|p1|Zoroark-Hisui, L50, M|\n|poke|p2|Charizard, L50, F|\n|poke|p2|Gengar, L50, M|\n|poke|p2|Venusaur, L50, M|\n|poke|p2|Garchomp, L50, M|\n|poke|p2|Sinistcha, L50|\n|poke|p2|Aerodactyl, L50, F|\n|teampreview|4\npokehehe has agreed to open team sheets.\n|\n|t:|1775921093\n|teamsize|p1|4\n|teamsize|p2|4\n|start\n|switch|p1a: Milotic|Milotic, L50, F|100/100\n|switch|p1b: Kangaskhan|Kangaskhan, L50, F|100/100\n|switch|p2a: Aerodactyl|Aerodactyl, L50, F|100/100\n|switch|p2b: Gengar|Gengar, L50, M|100/100\n|turn|1\n|\n|t:|1775921108\n|detailschange|p2b: Gengar|Gengar-Mega, L50, M\n|-mega|p2b: Gengar|Gengar|Gengarite\n|detailschange|p1b: Kangaskhan|Kangaskhan-Mega, L50, F\n|-mega|p1b: Kangaskhan|Kangaskhan|Kangaskhanite\n|move|p2a: Aerodactyl|Protect|p2a: Aerodactyl\n|-singleturn|p2a: Aerodactyl|Protect\n|move|p1b: Kangaskhan|Fake Out|p2a: Aerodactyl\n|-activate|p2a: Aerodactyl|move: Protect\n|move|p2b: Gengar|Shadow Ball|p1b: Kangaskhan\n|-immune|p1b: Kangaskhan\n|move|p1a: Milotic|Icy Wind|p2b: Gengar|[spread] p2b\n|-activate|p2a: Aerodactyl|move: Protect\n|-damage|p2b: Gengar|82/100\n|-unboost|p2b: Gengar|spe|1\n|\n|upkeep\n|turn|2\n|\n|t:|1775921131\n|move|p1a: Milotic|Protect|p1a: Milotic\n|-singleturn|p1a: Milotic|Protect\n|move|p1b: Kangaskhan|Sucker Punch|p2a: Aerodactyl\n|-damage|p2a: Aerodactyl|57/100\n|-damage|p2a: Aerodactyl|47/100\n|-hitcount|p2a: Aerodactyl|2\n|move|p2a: Aerodactyl|Dual Wingbeat|p1b: Kangaskhan\n|-damage|p1b: Kangaskhan|85/100\n|-damage|p1b: Kangaskhan|70/100\n|-hitcount|p1b: Kangaskhan|2\n|move|p2b: Gengar|Perish Song|p2b: Gengar\n|-start|p1a: Milotic|perish3|[silent]\n|-start|p1b: Kangaskhan|perish3|[silent]\n|-start|p2a: Aerodactyl|perish3|[silent]\n|-start|p2b: Gengar|perish3|[silent]\n|-fieldactivate|move: Perish Song\n|\n|-start|p2a: Aerodactyl|perish3\n|-start|p1a: Milotic|perish3\n|-start|p2b: Gengar|perish3\n|-start|p1b: Kangaskhan|perish3\n|upkeep\n|turn|3\n|\n|t:|1775921144\n|switch|p2a: Sinistcha|Sinistcha, L50|100/100\n|-heal|p2b: Gengar|100/100|[from] ability: Hospitality|[of] p2a: Sinistcha\n|move|p1b: Kangaskhan|Sucker Punch|p2b: Gengar\n|-supereffective|p2b: Gengar|1\n|-damage|p2b: Gengar|22/100\n|-supereffective|p2b: Gengar|1\n|-damage|p2b: Gengar|3/100\n|-hitcount|p2b: Gengar|2\n|move|p1a: Milotic|Bitter Malice|p2a: Sinistcha\n|-supereffective|p2a: Sinistcha|1\n|-damage|p2a: Sinistcha|22/100\n|-unboost|p2a: Sinistcha|atk|1\n|-enditem|p2a: Sinistcha|Sitrus Berry|[eat]\n|-heal|p2a: Sinistcha|46/100|[from] item: Sitrus Berry\n|move|p2b: Gengar|Sludge Wave|p1b: Kangaskhan|[spread] p2a,p1a,p1b\n|-resisted|p1a: Milotic|1\n|-damage|p2a: Sinistcha|2/100\n|-damage|p1a: Milotic|54/100\n|-damage|p1b: Kangaskhan|33/100\n|replace|p1a: Zoroark|Zoroark-Hisui, L50, M\n|-end|p1a: Zoroark|Illusion\n|\n|-start|p1a: Zoroark|perish2\n|-start|p2b: Gengar|perish2\n|-start|p1b: Kangaskhan|perish2\n|upkeep\n|turn|4\n|\n|t:|1775921173\n|switch|p2a: Charizard|Charizard, L50, F|100/100\n|move|p2b: Gengar|Protect|p2b: Gengar\n|-singleturn|p2b: Gengar|Protect\n|move|p1a: Zoroark|Icy Wind|p2b: Gengar|[spread] p2a\n|-activate|p2b: Gengar|move: Protect\n|-damage|p2a: Charizard|82/100\n|-unboost|p2a: Charizard|spe|1\n|move|p1b: Kangaskhan|Double-Edge|p2b: Gengar\n|-activate|p2b: Gengar|move: Protect\n|\n|-start|p1a: Zoroark|perish1\n|-start|p2b: Gengar|perish1\n|-start|p1b: Kangaskhan|perish1\n|upkeep\n|turn|5\n|\n|t:|1775921193\n|switch|p1a: Incineroar|Incineroar, L50, M|100/100\n|-ability|p1a: Incineroar|Intimidate|boost\n|-unboost|p2a: Charizard|atk|1\n|-unboost|p2b: Gengar|atk|1\n|switch|p2b: Sinistcha|Sinistcha, L50|2/100\n|-heal|p2a: Charizard|100/100|[from] ability: Hospitality|[of] p2b: Sinistcha\n|move|p1b: Kangaskhan|Sucker Punch|p2a: Charizard\n|-damage|p2a: Charizard|63/100\n|-damage|p2a: Charizard|55/100\n|-hitcount|p2a: Charizard|2\n|move|p2a: Charizard|Heat Wave|p1a: Incineroar|[spread] p1a,p1b\n|-resisted|p1a: Incineroar|1\n|-damage|p1a: Incineroar|84/100\n|-damage|p1b: Kangaskhan|6/100\n|\n|-start|p1b: Kangaskhan|perish0\n|upkeep\n|faint|p1b: Kangaskhan\n|\n|t:|1775921202\n|switch|p1b: Milotic|Milotic, L50, F|54/100\n|turn|6\n|\n|t:|1775921213\n|move|p2a: Charizard|Protect|p2a: Charizard\n|-singleturn|p2a: Charizard|Protect\n|move|p1b: Milotic|Icy Wind|p2b: Sinistcha|[spread] p2b\n|-activate|p2a: Charizard|move: Protect\n|-supereffective|p2b: Sinistcha|1\n|-damage|p2b: Sinistcha|0 fnt\n|faint|p2b: Sinistcha\n|move|p1a: Incineroar|Throat Chop|p2a: Charizard\n|-activate|p2a: Charizard|move: Protect\n|\n|upkeep\n|\n|t:|1775921222\n|switch|p2b: Gengar|Gengar-Mega, L50, M|3/100\n|turn|7\n|\n|t:|1775921227\n|move|p2b: Gengar|Shadow Ball|p1b: Milotic\n|-immune|p1b: Milotic\n|move|p1b: Milotic|Icy Wind|p2a: Charizard|[spread] p2a,p2b\n|-damage|p2a: Charizard|35/100\n|-damage|p2b: Gengar|0 fnt\n|-unboost|p2a: Charizard|spe|1\n|faint|p2b: Gengar\n|move|p1a: Incineroar|Throat Chop|p2a: Charizard\n|-damage|p2a: Charizard|0 fnt\n|faint|p2a: Charizard\n|\n|upkeep\n|\n|t:|1775921234\n|switch|p2b: Aerodactyl|Aerodactyl, L50, F|47/100\n|turn|8\n|\n|t:|1775921239\n|move|p1b: Milotic|Protect|p1b: Milotic\n|-singleturn|p1b: Milotic|Protect\n|move|p2b: Aerodactyl|Rock Slide|p1b: Milotic|[spread] \n|-activate|p1b: Milotic|move: Protect\n|-miss|p2b: Aerodactyl|p1a: Incineroar\n|move|p1a: Incineroar|Parting Shot|p2b: Aerodactyl\n|-unboost|p2b: Aerodactyl|atk|1\n|-unboost|p2b: Aerodactyl|spa|1\n|\n|t:|1775921241\n|switch|p1a: Milotic|Milotic, L50, F|100/100|[from] Parting Shot\n|\n|upkeep\n|turn|9\n|\n|t:|1775921246\n|move|p2b: Aerodactyl|Rock Slide|p1b: Milotic|[spread] p1a,p1b\n|-damage|p1a: Milotic|84/100\n|-damage|p1b: Milotic|21/100\n|replace|p1b: Zoroark|Zoroark-Hisui, L50, M\n|-end|p1b: Zoroark|Illusion\n|move|p1b: Zoroark|Will-O-Wisp|p2b: Aerodactyl\n|-status|p2b: Aerodactyl|brn\n|move|p1a: Milotic|Scald|p2b: Aerodactyl\n|-supereffective|p2b: Aerodactyl|1\n|-damage|p2b: Aerodactyl|0 fnt\n|faint|p2b: Aerodactyl\n|\n|win|CrashoutContribute\n|raw|CrashoutContribute's rating: 1080 &rarr; <strong>1108</strong><br />(+28 for winning)\n|raw|pokehehe's rating: 1076 &rarr; <strong>1055</strong><br />(-21 for losing)\n|l|\u2606pokehehe\n|player|p2|\n",
  "uploadtime": 1775921257,
  "views": 27,
  "formatid": "gen9championsvgc2026regma",
  "rating": 1055,
  "private": 0,
  "password": null
}