{
  "id": "gen9championsvgc2026regma-2586196984",
  "format": "[Gen 9 Champions] VGC 2026 Reg M-A",
  "players": [
    "potentvapors",
    "fairyking02"
  ],
  "log": "|j|\u2606potentvapors\n|j|\u2606fairyking02\n|t:|1776411207\n|gametype|doubles\n|player|p1|potentvapors|flannery|1040\n|player|p2|fairyking02|266|1000\n|gen|9\n|tier|[Gen 9 Champions] VGC 2026 Reg M-A\n|rated|\n|rule|Species Clause: Limit one of each Pok\u00e9mon\n|rule|Item Clause: Limit 1 of each item\n|clearpoke\n|poke|p1|Manectric, L50, M|\n|poke|p1|Slowking-Galar, L50, M|\n|poke|p1|Umbreon, L50, M|\n|poke|p1|Typhlosion, L50, F|\n|poke|p1|Raichu, L50, M|\n|poke|p1|Weavile, L50, M|\n|poke|p2|Meganium, L50, F|\n|poke|p2|Milotic, L50, M|\n|poke|p2|Politoed, L50, M|\n|poke|p2|Dragonite, L50, F|\n|poke|p2|Incineroar, L50, F|\n|poke|p2|Aerodactyl, L50, F|\n|teampreview|4\n|inactive|Battle timer is ON: inactive players will automatically lose when time's up. (requested by fairyking02)\n|\n|t:|1776411237\n|teamsize|p1|4\n|teamsize|p2|4\n|start\n|switch|p1a: Manectric|Manectric, L50, M, shiny|100/100\n|switch|p1b: Raichu|Raichu, L50, M|100/100\n|switch|p2a: Aerodactyl|Aerodactyl, L50, F|100/100\n|switch|p2b: Politoed|Politoed, L50, M, shiny|100/100\n|-ability|p2a: Aerodactyl|Unnerve\n|-weather|RainDance|[from] ability: Drizzle|[of] p2b: Politoed\n|turn|1\n|inactive|potentvapors has 30 seconds left.\n|\n|t:|1776411264\n|detailschange|p1a: Manectric|Manectric-Mega, L50, M, shiny\n|-mega|p1a: Manectric|Manectric|Manectite\n|-ability|p1a: Manectric|Intimidate|boost\n|-unboost|p2a: Aerodactyl|atk|1\n|-unboost|p2b: Politoed|atk|1\n|move|p2b: Politoed|Protect|p2b: Politoed\n|-singleturn|p2b: Politoed|Protect\n|move|p2a: Aerodactyl|Tailwind|p2a: Aerodactyl\n|-sidestart|p2: fairyking02|move: Tailwind\n|move|p1a: Manectric|Discharge|p2b: Politoed|[spread] p2a\n|-activate|p2b: Politoed|move: Protect\n|-ability|p1b: Raichu|Lightning Rod|boost\n|-boost|p1b: Raichu|spa|1\n|-supereffective|p2a: Aerodactyl|1\n|-damage|p2a: Aerodactyl|0 fnt\n|faint|p2a: Aerodactyl\n|move|p1b: Raichu|Thunderbolt|p2b: Politoed\n|-activate|p2b: Politoed|move: Protect\n|\n|-weather|RainDance|[upkeep]\n|upkeep\n|\n|t:|1776411284\n|switch|p2a: Incineroar|Incineroar, L50, F|100/100\n|-ability|p2a: Incineroar|Intimidate|boost\n|-unboost|p1a: Manectric|atk|1\n|-unboost|p1b: Raichu|atk|1\n|turn|2\n|\n|t:|1776411303\n|switch|p1b: Weavile|Weavile, L50, M, shiny|100/100\n|-ability|p1b: Weavile|Pressure\n|move|p1a: Manectric|Protect|p1a: Manectric\n|-singleturn|p1a: Manectric|Protect\n|move|p2a: Incineroar|Fake Out|p1a: Manectric\n|-activate|p1a: Manectric|move: Protect\n|move|p2b: Politoed|Weather Ball|p1b: Weavile\n|-damage|p1b: Weavile|34/100\n|\n|-weather|RainDance|[upkeep]\n|upkeep\n|turn|3\n|inactive|potentvapors has 30 seconds left.\n|inactive|potentvapors has 20 seconds left.\n|inactive|potentvapors has 15 seconds left.\n|inactive|potentvapors has 10 seconds left.\n|inactive|potentvapors has 5 seconds left.\n|\n|t:|1776411354\n|move|p2b: Politoed|Protect|p2b: Politoed\n|-singleturn|p2b: Politoed|Protect\n|move|p1b: Weavile|Fake Out|p2a: Incineroar\n|-damage|p2a: Incineroar|87/100\n|move|p1a: Manectric|Discharge|p2a: Incineroar|[spread] p1b,p2a\n|-activate|p2b: Politoed|move: Protect\n|-damage|p1b: Weavile|0 fnt\n|-damage|p2a: Incineroar|57/100\n|faint|p1b: Weavile\n|cant|p2a: Incineroar|flinch\n|\n|-weather|RainDance|[upkeep]\n|upkeep\n|\n|t:|1776411370\n|switch|p1b: Raichu|Raichu, L50, M|100/100\n|turn|4\n|\n|t:|1776411394\n|switch|p2a: Dragonite|Dragonite, L50, F, shiny|100/100\n|move|p1b: Raichu|Fake Out|p2b: Politoed\n|-damage|p2b: Politoed|91/100\n|move|p1a: Manectric|Discharge|p2a: Dragonite|[spread] p2a,p2b\n|-ability|p1b: Raichu|Lightning Rod|boost\n|-boost|p1b: Raichu|spa|1\n|-supereffective|p2b: Politoed|1\n|-damage|p2a: Dragonite|65/100\n|-damage|p2b: Politoed|46/100\n|cant|p2b: Politoed|flinch\n|\n|-weather|RainDance|[upkeep]\n|-heal|p2b: Politoed|52/100|[from] item: Leftovers\n|-sideend|p2: fairyking02|move: Tailwind\n|upkeep\n|turn|5\n|inactive|fairyking02 has 30 seconds left.\n|\n|t:|1776411423\n|detailschange|p2a: Dragonite|Dragonite-Mega, L50, F, shiny\n|-mega|p2a: Dragonite|Dragonite|Dragoninite\n|move|p1a: Manectric|Discharge|p2b: Politoed|[spread] p2a,p2b\n|-ability|p1b: Raichu|Lightning Rod|boost\n|-boost|p1b: Raichu|spa|1\n|-supereffective|p2b: Politoed|1\n|-damage|p2a: Dragonite|33/100\n|-damage|p2b: Politoed|5/100\n|move|p1b: Raichu|Thunderbolt|p2a: Dragonite\n|-damage|p2a: Dragonite|0 fnt\n|faint|p2a: Dragonite\n|move|p2b: Politoed|Icy Wind|p1a: Manectric|[spread] p1a,p1b\n|-damage|p1a: Manectric|87/100\n|-damage|p1b: Raichu|86/100\n|-unboost|p1a: Manectric|spe|1\n|-unboost|p1b: Raichu|spe|1\n|\n|-weather|none\n|-heal|p2b: Politoed|11/100|[from] item: Leftovers\n|upkeep\n|\n|t:|1776411441\n|switch|p2a: Incineroar|Incineroar, L50, F|57/100\n|-ability|p2a: Incineroar|Intimidate|boost\n|-unboost|p1a: Manectric|atk|1\n|-unboost|p1b: Raichu|atk|1\n|turn|6\n|\n|t:|1776411461\n|switch|p1a: Typhlosion|Typhlosion, L50, F, shiny|100/100\n|move|p2a: Incineroar|Fake Out|p1a: Typhlosion\n|-damage|p1a: Typhlosion|84/100\n|move|p1b: Raichu|Focus Blast|p2a: Incineroar|[miss]\n|-miss|p1b: Raichu|p2a: Incineroar\n|move|p2b: Politoed|Hyper Voice|p1b: Raichu|[spread] p1a,p1b\n|-damage|p1a: Typhlosion|65/100\n|-damage|p1b: Raichu|62/100\n|\n|-heal|p2b: Politoed|17/100|[from] item: Leftovers\n|upkeep\n|turn|7\n|\n|t:|1776411484\n|move|p2b: Politoed|Protect|p2b: Politoed\n|-singleturn|p2b: Politoed|Protect\n|move|p1a: Typhlosion|Eruption|p2a: Incineroar|[spread] p2a\n|-activate|p2b: Politoed|move: Protect\n|-resisted|p2a: Incineroar|1\n|-damage|p2a: Incineroar|42/100\n|move|p1b: Raichu|Focus Blast|p2a: Incineroar\n|-supereffective|p2a: Incineroar|1\n|-damage|p2a: Incineroar|0 fnt\n|faint|p2a: Incineroar\n|\n|-heal|p2b: Politoed|23/100|[from] item: Leftovers\n|upkeep\n|turn|8\n|\n|t:|1776411500\n|move|p1a: Typhlosion|Eruption|p2b: Politoed\n|-resisted|p2b: Politoed|1\n|-damage|p2b: Politoed|8/100\n|move|p1b: Raichu|Thunderbolt|p2b: Politoed\n|-supereffective|p2b: Politoed|1\n|-damage|p2b: Politoed|0 fnt\n|faint|p2b: Politoed\n|\n|win|potentvapors\n|raw|potentvapors's rating: 1040 &rarr; <strong>1070</strong><br />(+30 for winning)\n|raw|fairyking02's rating: 1000 &rarr; <strong>1000</strong><br />(+0 for losing)\n|l|\u2606fairyking02\n|player|p2|\n",
  "uploadtime": 1776411510,
  "views": 27,
  "formatid": "gen9championsvgc2026regma",
  "rating": 1000,
  "private": 0,
  "password": null
}