{
  "id": "gen9championsvgc2026regma-2586789796",
  "format": "[Gen 9 Champions] VGC 2026 Reg M-A",
  "players": [
    "Tertryg",
    "frozensolidvgc"
  ],
  "log": "|j|\u2606Tertryg\n|j|\u2606frozensolidvgc\n|t:|1776460077\n|gametype|doubles\n|player|p1|Tertryg|blue|1059\n|player|p2|frozensolidvgc|102|1113\n|gen|9\n|tier|[Gen 9 Champions] VGC 2026 Reg M-A\n|rated|\n|rule|Species Clause: Limit one of each Pok\u00e9mon\n|rule|Item Clause: Limit 1 of each item\n|clearpoke\n|poke|p1|Mudsdale, L50, F|\n|poke|p1|Hawlucha, L50, F|\n|poke|p1|Aerodactyl, L50, F|\n|poke|p1|Froslass, L50, F|\n|poke|p1|Zoroark-Hisui, L50, F|\n|poke|p1|Hydreigon, L50, M|\n|poke|p2|Kingambit, L50, M|\n|poke|p2|Dragonite, L50, F|\n|poke|p2|Sneasler, L50, F|\n|poke|p2|Venusaur, L50, M|\n|poke|p2|Incineroar, L50, F|\n|poke|p2|Basculegion, L50, M|\n|teampreview|4\n|inactive|Battle timer is ON: inactive players will automatically lose when time's up. (requested by Tertryg)\nTertryg rejected open team sheets.\n|inactive|frozensolidvgc has 60 seconds left.\n|inactive|Tertryg has 60 seconds left.\n|\n|t:|1776460126\n|teamsize|p1|4\n|teamsize|p2|4\n|start\n|switch|p1a: Hawlucha|Hawlucha, L50, F, shiny|100/100\n|switch|p1b: Mudsdale|Mudsdale, L50, F, shiny|100/100\n|switch|p2a: Basculegion|Basculegion, L50, M|100/100\n|switch|p2b: Kingambit|Kingambit, L50, M|100/100\n|turn|1\n|\n|t:|1776460141\n|switch|p2b: Incineroar|Incineroar, L50, F|100/100\n|-ability|p2b: Incineroar|Intimidate|boost\n|-unboost|p1a: Hawlucha|atk|1\n|-unboost|p1b: Mudsdale|atk|1\n|move|p1a: Hawlucha|Shadow Ball|p2a: Basculegion\n|-supereffective|p2a: Basculegion|1\n|-damage|p2a: Basculegion|1/100\n|move|p2a: Basculegion|Wave Crash|p1b: Mudsdale\n|-supereffective|p1b: Mudsdale|1\n|-damage|p1b: Mudsdale|0 fnt\n|faint|p1b: Mudsdale\n|-damage|p2a: Basculegion|0 fnt|[from] Recoil\n|faint|p2a: Basculegion\n|\n|upkeep\n|\n|t:|1776460157\n|switch|p2a: Dragonite|Dragonite, L50, F|100/100\n|switch|p1b: Hawlucha|Hawlucha, L50, F, shiny|100/100\n|-ability|p1b: Hawlucha|Mold Breaker\n|turn|2\n|\n|t:|1776460173\n|detailschange|p1b: Hawlucha|Hawlucha-Mega, L50, F, shiny\n|-mega|p1b: Hawlucha|Hawlucha|Hawluchanite\n|detailschange|p2a: Dragonite|Dragonite-Mega, L50, F\n|-mega|p2a: Dragonite|Dragonite|Dragoninite\n|move|p1b: Hawlucha|Detect|p1b: Hawlucha\n|-singleturn|p1b: Hawlucha|Protect\n|move|p1a: Hawlucha|Shadow Ball|p2a: Dragonite\n|-damage|p2a: Dragonite|84/100\n|move|p2a: Dragonite|Fire Spin|p1a: Hawlucha\n|-damage|p1a: Hawlucha|72/100\n|-activate|p1a: Hawlucha|move: Fire Spin|[of] p2a: Dragonite\n|replace|p1a: Zoroark|Zoroark-Hisui, L50, F, shiny\n|-end|p1a: Zoroark|Illusion\n|move|p2b: Incineroar|Parting Shot|p1b: Hawlucha\n|-activate|p1b: Hawlucha|move: Protect\n|\n|-damage|p1a: Zoroark|60/100|[from] move: Fire Spin|[partiallytrapped]\n|upkeep\n|turn|3\n|inactive|frozensolidvgc has 30 seconds left.\n|\n|t:|1776460199\n|move|p1a: Zoroark|Shadow Ball|p2a: Dragonite\n|-damage|p2a: Dragonite|50/100\n|move|p1b: Hawlucha|Cross Chop|p2b: Incineroar\n|-supereffective|p2b: Incineroar|1\n|-damage|p2b: Incineroar|20/100\n|move|p2a: Dragonite|Fire Spin|p1b: Hawlucha\n|-damage|p1b: Hawlucha|85/100\n|-activate|p1b: Hawlucha|move: Fire Spin|[of] p2a: Dragonite\n|move|p2b: Incineroar|Flare Blitz|p1b: Hawlucha\n|-damage|p1b: Hawlucha|35/100\n|-damage|p2b: Incineroar|7/100|[from] Recoil\n|\n|-damage|p1a: Zoroark|48/100|[from] move: Fire Spin|[partiallytrapped]\n|-damage|p1b: Hawlucha|23/100|[from] move: Fire Spin|[partiallytrapped]\n|upkeep\n|turn|4\n|\n|t:|1776460221\n|switch|p2b: Kingambit|Kingambit, L50, M|100/100\n|move|p1a: Zoroark|Shadow Ball|p2b: Kingambit\n|-resisted|p2b: Kingambit|1\n|-damage|p2b: Kingambit|79/100\n|move|p1b: Hawlucha|Dual Wingbeat|p2a: Dragonite\n|-damage|p2a: Dragonite|34/100\n|-damage|p2a: Dragonite|19/100\n|-hitcount|p2a: Dragonite|2\n|move|p2a: Dragonite|Roost|p2a: Dragonite\n|-heal|p2a: Dragonite|69/100\n|-singleturn|p2a: Dragonite|move: Roost\n|\n|-damage|p1a: Zoroark|36/100|[from] move: Fire Spin|[partiallytrapped]\n|-damage|p1b: Hawlucha|10/100|[from] move: Fire Spin|[partiallytrapped]\n|upkeep\n|turn|5\n|\n|t:|1776460241\n|move|p2a: Dragonite|Protect|p2a: Dragonite\n|-singleturn|p2a: Dragonite|Protect\n|move|p2b: Kingambit|Sucker Punch|p1b: Hawlucha\n|-resisted|p1b: Hawlucha|1\n|-damage|p1b: Hawlucha|0 fnt\n|faint|p1b: Hawlucha\n|move|p1a: Zoroark|Shadow Ball|p2a: Dragonite\n|-activate|p2a: Dragonite|move: Protect\n|\n|-damage|p1a: Zoroark|24/100|[from] move: Fire Spin|[partiallytrapped]\n|upkeep\n|\n|t:|1776460245\n|switch|p1b: Aerodactyl|Aerodactyl, L50, F, shiny|100/100\n|-ability|p1b: Aerodactyl|Unnerve\n|turn|6\n|\n|t:|1776460259\n|switch|p2a: Incineroar|Incineroar, L50, F|7/100\n|-ability|p2a: Incineroar|Intimidate|boost\n|-unboost|p1a: Zoroark|atk|1\n|-unboost|p1b: Aerodactyl|atk|1\n|move|p2b: Kingambit|Sucker Punch|p1a: Zoroark\n|-supereffective|p1a: Zoroark|1\n|-damage|p1a: Zoroark|0 fnt\n|faint|p1a: Zoroark\n|move|p1b: Aerodactyl|Rock Slide|p2b: Kingambit|[spread] p2a,p2b\n|-supereffective|p2a: Incineroar|1\n|-resisted|p2b: Kingambit|1\n|-damage|p2a: Incineroar|0 fnt\n|-damage|p2b: Kingambit|73/100\n|faint|p2a: Incineroar\n|\n|upkeep\n|-message|Tertryg forfeited.\n|\n|win|frozensolidvgc\n|raw|Tertryg's rating: 1059 &rarr; <strong>1043</strong><br />(-16 for losing)\n|raw|frozensolidvgc's rating: 1113 &rarr; <strong>1134</strong><br />(+21 for winning)\n|l|\u2606Tertryg\n|player|p1|\n",
  "uploadtime": 1776460271,
  "views": 19,
  "formatid": "gen9championsvgc2026regma",
  "rating": 1043,
  "private": 0,
  "password": null
}