{
  "id": "gen9championsvgc2026regma-2587834614",
  "format": "[Gen 9 Champions] VGC 2026 Reg M-A",
  "players": [
    "Steelcrest",
    "NewsDeivid"
  ],
  "log": "|j|\u2606Steelcrest\n|j|\u2606NewsDeivid\n|t:|1776568821\n|gametype|doubles\n|player|p1|Steelcrest|acetrainersnowf|1082\n|player|p2|NewsDeivid|102|1168\n|gen|9\n|tier|[Gen 9 Champions] VGC 2026 Reg M-A\n|rated|\n|rule|Species Clause: Limit one of each Pok\u00e9mon\n|rule|Item Clause: Limit 1 of each item\n|clearpoke\n|poke|p1|Delphox, L50, M|\n|poke|p1|Garchomp, L50, F|\n|poke|p1|Ninetales-Alola, L50, F|\n|poke|p1|Maushold-Four, L50|\n|poke|p1|Aerodactyl, L50, M|\n|poke|p1|Meowscarada, L50, F|\n|poke|p2|Pelipper, L50, F|\n|poke|p2|Basculegion-F, L50, F, shiny|\n|poke|p2|Meganium, L50, M, shiny|\n|poke|p2|Archaludon, L50, F|\n|poke|p2|Kingambit, L50, M|\n|poke|p2|Sableye, L50, M|\n|teampreview|4\n|\n|t:|1776568869\n|teamsize|p1|4\n|teamsize|p2|4\n|start\n|switch|p1a: Meowscarada|Meowscarada, L50, F|100/100\n|switch|p1b: Delphox|Delphox, L50, M|100/100\n|switch|p2a: Pelipper|Pelipper, L50, F|100/100\n|switch|p2b: Basculegion|Basculegion-F, L50, F, shiny|100/100\n|-weather|RainDance|[from] ability: Drizzle|[of] p2a: Pelipper\n|turn|1\n|\n|t:|1776568905\n|detailschange|p1b: Delphox|Delphox-Mega, L50, M\n|-mega|p1b: Delphox|Delphox|Delphoxite\n|move|p1b: Delphox|Protect|p1b: Delphox\n|-singleturn|p1b: Delphox|Protect\n|move|p2a: Pelipper|Wide Guard|p2a: Pelipper\n|-singleturn|p2a: Pelipper|Wide Guard\n|move|p2b: Basculegion|Surf|p1b: Delphox|[spread] p1a\n|-activate|p2a: Pelipper|move: Wide Guard\n|-activate|p1b: Delphox|move: Protect\n|-resisted|p1a: Meowscarada|1\n|-damage|p1a: Meowscarada|56/100\n|move|p1a: Meowscarada|Flower Trick|p2b: Basculegion\n|-supereffective|p2b: Basculegion|1\n|-crit|p2b: Basculegion\n|-damage|p2b: Basculegion|0 fnt\n|faint|p2b: Basculegion\n|\n|-weather|RainDance|[upkeep]\n|upkeep\n|\n|t:|1776568922\n|switch|p2b: Archaludon|Archaludon, L50, F|100/100\n|turn|2\n|\n|t:|1776568940\n|switch|p1a: Ninetales|Ninetales-Alola, L50, F|100/100\n|-weather|Snowscape|[from] ability: Snow Warning|[of] p1a: Ninetales\n|move|p1b: Delphox|Heat Wave|p2a: Pelipper|[spread] p2a,p2b\n|-resisted|p2a: Pelipper|1\n|-damage|p2a: Pelipper|63/100\n|-damage|p2b: Archaludon|23/100\n|-ability|p2b: Archaludon|Stamina|boost\n|-boost|p2b: Archaludon|def|1\n|move|p2b: Archaludon|Draco Meteor|p1a: Ninetales\n|-immune|p1a: Ninetales\n|move|p2a: Pelipper|Tailwind|p2a: Pelipper\n|-sidestart|p2: NewsDeivid|move: Tailwind\n|\n|-weather|Snowscape|[upkeep]\n|upkeep\n|turn|3\n|\n|t:|1776568962\n|move|p1b: Delphox|Protect|p1b: Delphox\n|-singleturn|p1b: Delphox|Protect\n|move|p2a: Pelipper|Wide Guard|p2a: Pelipper\n|-singleturn|p2a: Pelipper|Wide Guard\n|move|p2b: Archaludon|Flash Cannon|p1a: Ninetales\n|-supereffective|p1a: Ninetales|2\n|-enditem|p1a: Ninetales|Focus Sash\n|-damage|p1a: Ninetales|1/100\n|move|p1a: Ninetales|Aurora Veil|p1a: Ninetales\n|-sidestart|p1: Steelcrest|move: Aurora Veil\n|\n|-weather|Snowscape|[upkeep]\n|upkeep\n|turn|4\n|\n|t:|1776568984\n|move|p1a: Ninetales|Protect|p1a: Ninetales\n|-singleturn|p1a: Ninetales|Protect\n|move|p2a: Pelipper|Wide Guard|p2a: Pelipper\n|-singleturn|p2a: Pelipper|Wide Guard\n|move|p2b: Archaludon|Flash Cannon|p1a: Ninetales\n|-activate|p1a: Ninetales|move: Protect\n|move|p1b: Delphox|Shadow Ball|p2b: Archaludon\n|-damage|p2b: Archaludon|0 fnt\n|faint|p2b: Archaludon\n|\n|-weather|Snowscape|[upkeep]\n|upkeep\n|\n|t:|1776568995\n|switch|p2b: Sableye|Sableye, L50, M|100/100\n|turn|5\n|\n|t:|1776569008\n|move|p2b: Sableye|Fake Out|p1a: Ninetales\n|-damage|p1a: Ninetales|0 fnt\n|faint|p1a: Ninetales\n|move|p2a: Pelipper|Hurricane|p1b: Delphox|[miss]\n|-miss|p2a: Pelipper|p1b: Delphox\n|move|p1b: Delphox|Psychic|p2a: Pelipper\n|-damage|p2a: Pelipper|0 fnt\n|faint|p2a: Pelipper\n|\n|-weather|Snowscape|[upkeep]\n|-sideend|p2: NewsDeivid|move: Tailwind\n|upkeep\n|\n|t:|1776569019\n|switch|p1a: Garchomp|Garchomp, L50, F|100/100\n|turn|6\n|\n|t:|1776569027\n|move|p1a: Garchomp|Earthquake|p2b: Sableye|[spread] p2b\n|-immune|p1b: Delphox|[from] ability: Levitate\n|-damage|p2b: Sableye|57/100\n|move|p1b: Delphox|Heat Wave|p2b: Sableye\n|-damage|p2b: Sableye|0 fnt\n|faint|p2b: Sableye\n|\n|win|Steelcrest\n|raw|Steelcrest's rating: 1082 &rarr; <strong>1116</strong><br />(+34 for winning)\n|raw|NewsDeivid's rating: 1168 &rarr; <strong>1137</strong><br />(-31 for losing)\n",
  "uploadtime": 1776569035,
  "views": 10,
  "formatid": "gen9championsvgc2026regma",
  "rating": 1116,
  "private": 0,
  "password": null
}