{
  "id": "gen9championsvgc2026regma-2585138595",
  "format": "[Gen 9 Champions] VGC 2026 Reg M-A",
  "players": [
    "TonyMacaroni5678",
    "iamtrashtier"
  ],
  "log": "|j|\u2606TonyMacaroni5678\n|j|\u2606iamtrashtier\n|t:|1776316426\n|gametype|doubles\n|player|p1|TonyMacaroni5678|101|1157\n|player|p2|iamtrashtier|266|1085\n|gen|9\n|tier|[Gen 9 Champions] VGC 2026 Reg M-A\n|rated|\n|rule|Species Clause: Limit one of each Pok\u00e9mon\n|rule|Item Clause: Limit 1 of each item\n|clearpoke\n|poke|p1|Glimmora, L50, F|\n|poke|p1|Decidueye-Hisui, L50, M|\n|poke|p1|Palafin, L50, F|\n|poke|p1|Ninetales-Alola, L50, F|\n|poke|p1|Whimsicott, L50, F|\n|poke|p1|Arcanine-Hisui, L50, M|\n|poke|p2|Meganium, L50, M|\n|poke|p2|Talonflame, L50, M|\n|poke|p2|Tauros-Paldea-Aqua, L50, M|\n|poke|p2|Aegislash, L50, M|\n|poke|p2|Garchomp, L50, M|\n|poke|p2|Tyranitar, L50, F|\n|teampreview|4\n|inactive|Battle timer is ON: inactive players will automatically lose when time's up. (requested by TonyMacaroni5678)\nTonyMacaroni5678 has agreed to open team sheets.\n|inactive|TonyMacaroni5678 has 60 seconds left.\n|inactive|iamtrashtier has 60 seconds left.\n|inactive|iamtrashtier has 30 seconds left.\n|\n|t:|1776316488\n|teamsize|p1|4\n|teamsize|p2|4\n|start\n|switch|p1a: Whimsicott|Whimsicott, L50, F|100/100\n|switch|p1b: Palafin|Palafin, L50, F|100/100\n|switch|p2a: Talonflame|Talonflame, L50, M|100/100\n|switch|p2b: Garchomp|Garchomp, L50, M|100/100\n|turn|1\n|\n|t:|1776316510\n|move|p2a: Talonflame|Tailwind|p2a: Talonflame\n|-sidestart|p2: iamtrashtier|move: Tailwind\n|move|p1a: Whimsicott|Tailwind|p1a: Whimsicott\n|-sidestart|p1: TonyMacaroni5678|move: Tailwind\n|move|p2b: Garchomp|Iron Head|p1a: Whimsicott\n|-supereffective|p1a: Whimsicott|1\n|-damage|p1a: Whimsicott|27/100\n|move|p1b: Palafin|Flip Turn|p2a: Talonflame\n|-supereffective|p2a: Talonflame|1\n|-damage|p2a: Talonflame|27/100\n|\n|t:|1776316528\n|detailschange|p1b: Palafin|Palafin-Hero, L50, F\n|switch|p1b: Ninetales|Ninetales-Alola, L50, F|100/100|[from] Flip Turn\n|-weather|Snowscape|[from] ability: Snow Warning|[of] p1b: Ninetales\n|\n|-weather|Snowscape|[upkeep]\n|upkeep\n|turn|2\n|\n|t:|1776316546\n|move|p1a: Whimsicott|Encore|p2a: Talonflame\n|-start|p2a: Talonflame|Encore\n|move|p2b: Garchomp|Iron Head|p1b: Ninetales\n|-supereffective|p1b: Ninetales|2\n|-crit|p1b: Ninetales\n|-enditem|p1b: Ninetales|Babiri Berry|[eat]\n|-enditem|p1b: Ninetales|Babiri Berry|[weaken]\n|-damage|p1b: Ninetales|16/100\n|move|p2a: Talonflame|Tailwind||[still]\n|-fail|p2a: Talonflame\n|move|p1b: Ninetales|Blizzard|p2a: Talonflame|[spread] p2a,p2b\n|-supereffective|p2b: Garchomp|2\n|-damage|p2a: Talonflame|0 fnt\n|-damage|p2b: Garchomp|0 fnt\n|faint|p2a: Talonflame\n|faint|p2b: Garchomp\n|\n|-weather|Snowscape|[upkeep]\n|upkeep\n|\n|t:|1776316560\n|switch|p2a: Aegislash|Aegislash, L50, M|100/100\n|switch|p2b: Meganium|Meganium, L50, M|100/100\n|turn|3\n|inactive|iamtrashtier has 30 seconds left.\n|\n|t:|1776316593\n|detailschange|p2b: Meganium|Meganium-Mega, L50, M\n|-mega|p2b: Meganium|Meganium|Meganiumite\n|move|p1a: Whimsicott|Taunt|p2a: Aegislash\n|-start|p2a: Aegislash|move: Taunt\n|-formechange|p2a: Aegislash|Aegislash-Blade|\n|move|p2a: Aegislash|Shadow Sneak|p1b: Ninetales\n|-damage|p1b: Ninetales|0 fnt\n|faint|p1b: Ninetales\n|move|p2b: Meganium|Weather Ball|p1a: Whimsicott\n|-supereffective|p1a: Whimsicott|1\n|-damage|p1a: Whimsicott|0 fnt\n|faint|p1a: Whimsicott\n|\n|-weather|Snowscape|[upkeep]\n|upkeep\n|\n|t:|1776316607\n|switch|p1a: Palafin|Palafin-Hero, L50, F|100/100\n|switch|p1b: Decidueye|Decidueye-Hisui, L50, M|100/100\n|-activate|p1a: Palafin|ability: Zero to Hero\n|turn|4\n|inactive|TonyMacaroni5678 has 30 seconds left.\n|\n|t:|1776316636\n|move|p1a: Palafin|Wave Crash|p2a: Aegislash\n|-damage|p2a: Aegislash|0 fnt\n|faint|p2a: Aegislash\n|-damage|p1a: Palafin|69/100|[from] Recoil\n|move|p2b: Meganium|Solar Beam||[still]\n|-prepare|p2b: Meganium|Solar Beam\n|-activate|p2b: Meganium|ability: Mega Sol\n|-anim|p2b: Meganium|Solar Beam|p1a: Palafin\n|-supereffective|p1a: Palafin|1\n|-damage|p1a: Palafin|0 fnt\n|faint|p1a: Palafin\n|move|p1b: Decidueye|Triple Arrows|p2b: Meganium\n|-resisted|p2b: Meganium|1\n|-damage|p2b: Meganium|81/100\n|-unboost|p2b: Meganium|def|1\n|\n|-weather|Snowscape|[upkeep]\n|-sideend|p2: iamtrashtier|move: Tailwind\n|-sideend|p1: TonyMacaroni5678|move: Tailwind\n|upkeep\n|turn|5\n|\n|t:|1776316656\n|move|p2b: Meganium|Weather Ball|p1b: Decidueye\n|-supereffective|p1b: Decidueye|1\n|-damage|p1b: Decidueye|0 fnt\n|faint|p1b: Decidueye\n|\n|win|iamtrashtier\n|raw|TonyMacaroni5678's rating: 1157 &rarr; <strong>1127</strong><br />(-30 for losing)\n|raw|iamtrashtier's rating: 1085 &rarr; <strong>1118</strong><br />(+33 for winning)\n",
  "uploadtime": 1776316660,
  "views": 38,
  "formatid": "gen9championsvgc2026regma",
  "rating": 1118,
  "private": 0,
  "password": null
}