{
  "id": "gen9championsvgc2026regma-2582242631",
  "format": "[Gen 9 Champions] VGC 2026 Reg M-A",
  "players": [
    "xepher008",
    "Vompo"
  ],
  "log": "|j|\u2606xepher008\n|j|\u2606Vompo\n|t:|1776075308\n|gametype|doubles\n|player|p1|xepher008|170|1000\n|player|p2|Vompo|101|1013\n|gen|9\n|tier|[Gen 9 Champions] VGC 2026 Reg M-A\n|rated|\n|rule|Species Clause: Limit one of each Pok\u00e9mon\n|rule|Item Clause: Limit 1 of each item\n|clearpoke\n|poke|p1|Gengar, L50, F|\n|poke|p1|Incineroar, L50, F|\n|poke|p1|Milotic, L50, F|\n|poke|p1|Heracross, L50, M|\n|poke|p1|Tyranitar, L50, F|\n|poke|p1|Scizor, L50, M|\n|poke|p2|Dragapult, L50, M|\n|poke|p2|Incineroar, L50, F|\n|poke|p2|Blastoise, L50, F|\n|poke|p2|Sinistcha, L50|\n|poke|p2|Gardevoir, L50, M|\n|poke|p2|Sneasler, L50, F|\n|teampreview|4\n|inactive|Battle timer is ON: inactive players will automatically lose when time's up. (requested by Vompo)\n|inactive|xepher008 has 60 seconds left.\n|inactive|Vompo has 60 seconds left.\n|\n|t:|1776075368\n|teamsize|p1|4\n|teamsize|p2|4\n|start\n|switch|p1a: Incineroar|Incineroar, L50, F|100/100\n|switch|p1b: Milotic|Milotic, L50, F, shiny|100/100\n|switch|p2a: Incineroar|Incineroar, L50, F|100/100\n|switch|p2b: Dragapult|Dragapult, L50, M|100/100\n|-ability|p1a: Incineroar|Intimidate|boost\n|-unboost|p2a: Incineroar|atk|1\n|-fail|p2b: Dragapult|unboost|[from] ability: Clear Body|[of] p2b: Dragapult\n|-ability|p2a: Incineroar|Intimidate|boost\n|-unboost|p1a: Incineroar|atk|1\n|-unboost|p1b: Milotic|atk|1\n|-ability|p1b: Milotic|Competitive|boost\n|-boost|p1b: Milotic|spa|2\n|turn|1\n|inactive|Vompo has 30 seconds left.\n|inactive|Vompo has 20 seconds left.\n|inactive|Vompo has 15 seconds left.\n|inactive|Vompo has 10 seconds left.\n|\n|t:|1776075414\n|move|p1a: Incineroar|Fake Out|p2a: Incineroar\n|-damage|p2a: Incineroar|94/100\n|cant|p2a: Incineroar|flinch\n|move|p2b: Dragapult|U-turn|p1a: Incineroar\n|-damage|p1a: Incineroar|82/100\n|\n|t:|1776075425\n|switch|p2b: Blastoise|Blastoise, L50, F|100/100|[from] U-turn\n|move|p1b: Milotic|Scald|p2a: Incineroar\n|-supereffective|p2a: Incineroar|1\n|-damage|p2a: Incineroar|0 fnt\n|faint|p2a: Incineroar\n|\n|upkeep\n|\n|t:|1776075438\n|switch|p2a: Gardevoir|Gardevoir, L50, M|100/100\n|-ability|p2a: Gardevoir|Intimidate|Trace|[from] ability: Trace|[of] p1a: Incineroar\n|-ability|p2a: Gardevoir|Intimidate|boost\n|-unboost|p1a: Incineroar|atk|1\n|-unboost|p1b: Milotic|atk|1\n|-ability|p1b: Milotic|Competitive|boost\n|-boost|p1b: Milotic|spa|2\n|turn|2\n|inactive|xepher008 has 30 seconds left.\n|\n|t:|1776075464\n|detailschange|p2a: Gardevoir|Gardevoir-Mega, L50, M\n|-mega|p2a: Gardevoir|Gardevoir|Gardevoirite\n|move|p2b: Blastoise|Fake Out|p1b: Milotic\n|-damage|p1b: Milotic|93/100\n|move|p2a: Gardevoir|Moonblast|p1b: Milotic\n|-damage|p1b: Milotic|50/100\n|cant|p1b: Milotic|flinch\n|move|p1a: Incineroar|Parting Shot|p2b: Blastoise\n|-unboost|p2b: Blastoise|atk|1\n|-unboost|p2b: Blastoise|spa|1\n|\n|t:|1776075476\n|switch|p1a: Scizor|Scizor, L50, M|100/100|[from] Parting Shot\n|\n|-heal|p1b: Milotic|56/100|[from] item: Leftovers\n|upkeep\n|turn|3\n|inactive|xepher008 has 30 seconds left.\n|\n|t:|1776075511\n|move|p2a: Gardevoir|Protect|p2a: Gardevoir\n|-singleturn|p2a: Gardevoir|Protect\n|move|p1b: Milotic|Scald|p2b: Blastoise\n|-resisted|p2b: Blastoise|1\n|-damage|p2b: Blastoise|57/100\n|move|p2b: Blastoise|Hydro Pump|p1a: Scizor\n|-damage|p1a: Scizor|72/100\n|move|p1a: Scizor|Swords Dance|p1a: Scizor\n|-boost|p1a: Scizor|atk|2\n|\n|-heal|p1b: Milotic|62/100|[from] item: Leftovers\n|upkeep\n|turn|4\n|inactive|xepher008 has 30 seconds left.\n|\n|t:|1776075536\n|move|p1a: Scizor|Bullet Punch|p2a: Gardevoir\n|-supereffective|p2a: Gardevoir|1\n|-damage|p2a: Gardevoir|0 fnt\n|faint|p2a: Gardevoir\n|move|p1b: Milotic|Icy Wind|p2b: Blastoise\n|-resisted|p2b: Blastoise|1\n|-damage|p2b: Blastoise|38/100\n|-unboost|p2b: Blastoise|spe|1\n|-enditem|p2b: Blastoise|Sitrus Berry|[eat]\n|-heal|p2b: Blastoise|63/100|[from] item: Sitrus Berry\n|move|p2b: Blastoise|Hydro Pump|p1a: Scizor|[miss]\n|-miss|p2b: Blastoise|p1a: Scizor\n|\n|-heal|p1b: Milotic|68/100|[from] item: Leftovers\n|upkeep\n|\n|t:|1776075539\n|switch|p2a: Dragapult|Dragapult, L50, M|100/100\n|turn|5\n|\n|t:|1776075557\n|move|p1a: Scizor|Bullet Punch|p2a: Dragapult\n|-damage|p2a: Dragapult|0 fnt\n|faint|p2a: Dragapult\n|move|p1b: Milotic|Scald|p2b: Blastoise\n|-resisted|p2b: Blastoise|1\n|-damage|p2b: Blastoise|23/100\n|move|p2b: Blastoise|Hydro Pump|p1a: Scizor\n|-damage|p1a: Scizor|31/100\n|\n|-heal|p1b: Milotic|75/100|[from] item: Leftovers\n|upkeep\n|turn|6\n|-message|Vompo forfeited.\n|\n|win|xepher008\n|raw|xepher008's rating: 1000 &rarr; <strong>1041</strong><br />(+41 for winning)\n|raw|Vompo's rating: 1013 &rarr; <strong>1001</strong><br />(-12 for losing)\n|l|\u2606Vompo\n|player|p2|\n",
  "uploadtime": 1776075577,
  "views": 10,
  "formatid": "gen9championsvgc2026regma",
  "rating": 1001,
  "private": 0,
  "password": null
}