{
  "id": "gen9championsvgc2026regma-2581097417",
  "format": "[Gen 9 Champions] VGC 2026 Reg M-A",
  "players": [
    "SilverVT",
    "Piehead"
  ],
  "log": "|j|\u2606SilverVT\n|j|\u2606Piehead\n|t:|1775959587\n|gametype|doubles\n|player|p1|SilverVT|silver|1341\n|player|p2|Piehead|101|1274\n|gen|9\n|tier|[Gen 9 Champions] VGC 2026 Reg M-A\n|rated|\n|rule|Species Clause: Limit one of each Pok\u00e9mon\n|rule|Item Clause: Limit 1 of each item\n|clearpoke\n|poke|p1|Whimsicott, L50, M|\n|poke|p1|Gardevoir, L50, M|\n|poke|p1|Garchomp, L50, M|\n|poke|p1|Incineroar, L50, M|\n|poke|p1|Sneasler, L50, M|\n|poke|p1|Farigiraf, L50, M|\n|poke|p2|Farigiraf, L50, M|\n|poke|p2|Golurk, L50|\n|poke|p2|Araquanid, L50, F|\n|poke|p2|Meganium, L50, M|\n|poke|p2|Incineroar, L50, F|\n|poke|p2|Sneasler, L50, M|\n|teampreview|4\n|inactive|Battle timer is ON: inactive players will automatically lose when time's up. (requested by Piehead)\n|inactive|SilverVT also wants the timer to be on.\n|inactive|Piehead has 60 seconds left.\n|inactive|SilverVT has 60 seconds left.\n|\n|t:|1775959650\n|teamsize|p1|4\n|teamsize|p2|4\n|start\n|switch|p1a: Incineroar|Incineroar, L50, M|100/100\n|switch|p1b: Garchomp|Garchomp, L50, M|100/100\n|switch|p2a: Sneasler|Sneasler, L50, M|100/100\n|switch|p2b: Farigiraf|Farigiraf, L50, M|100/100\n|-ability|p1a: Incineroar|Intimidate|boost\n|-unboost|p2a: Sneasler|atk|1\n|-unboost|p2b: Farigiraf|atk|1\n|-enditem|p2a: Sneasler|White Herb\n|-clearnegativeboost|p2a: Sneasler|[silent]\n|turn|1\n|inactive|Piehead has 30 seconds left.\n|\n|t:|1775959676\n|switch|p1a: Sneasler|Sneasler, L50, M|100/100\n|move|p2a: Sneasler|Close Combat|p1a: Sneasler\n|-resisted|p1a: Sneasler|1\n|-damage|p1a: Sneasler|45/100\n|-unboost|p2a: Sneasler|def|1\n|-unboost|p2a: Sneasler|spd|1\n|move|p1b: Garchomp|Stomping Tantrum|p2a: Sneasler\n|-supereffective|p2a: Sneasler|1\n|-damage|p2a: Sneasler|0 fnt\n|faint|p2a: Sneasler\n|move|p2b: Farigiraf|Trick Room|p2b: Farigiraf\n|-fieldstart|move: Trick Room|[of] p2b: Farigiraf\n|\n|upkeep\n|inactive|Piehead has 30 seconds left.\n|\n|t:|1775959708\n|switch|p2a: Meganium|Meganium, L50, M|100/100\n|turn|2\n|\n|t:|1775959717\n|switch|p1a: Incineroar|Incineroar, L50, M|100/100\n|-ability|p1a: Incineroar|Intimidate|boost\n|-unboost|p2a: Meganium|atk|1\n|-unboost|p2b: Farigiraf|atk|1\n|detailschange|p2a: Meganium|Meganium-Mega, L50, M\n|-mega|p2a: Meganium|Meganium|Meganiumite\n|move|p2b: Farigiraf|Psychic|p1a: Incineroar\n|-immune|p1a: Incineroar\n|move|p2a: Meganium|Dazzling Gleam|p1a: Incineroar|[spread] p1a,p1b\n|-supereffective|p1b: Garchomp|1\n|-damage|p1a: Incineroar|71/100\n|-damage|p1b: Garchomp|19/100\n|move|p1b: Garchomp|Stomping Tantrum|p2b: Farigiraf\n|-damage|p2b: Farigiraf|57/100\n|\n|-heal|p1a: Incineroar|77/100|[from] item: Leftovers\n|upkeep\n|turn|3\n|inactive|Piehead has 30 seconds left.\n|\n|t:|1775959744\n|switch|p2a: Araquanid|Araquanid, L50, F|100/100\n|move|p1b: Garchomp|Protect|p1b: Garchomp\n|-singleturn|p1b: Garchomp|Protect\n|move|p2b: Farigiraf|Psychic|p1b: Garchomp\n|-activate|p1b: Garchomp|move: Protect\n|move|p1a: Incineroar|Throat Chop|p2b: Farigiraf\n|-supereffective|p2b: Farigiraf|1\n|-damage|p2b: Farigiraf|0 fnt\n|faint|p2b: Farigiraf\n|\n|-heal|p1a: Incineroar|83/100|[from] item: Leftovers\n|upkeep\n|\n|t:|1775959750\n|switch|p2b: Meganium|Meganium-Mega, L50, M|100/100\n|turn|4\n|\n|t:|1775959767\n|move|p2a: Araquanid|Liquidation|p1a: Incineroar\n|-supereffective|p1a: Incineroar|1\n|-damage|p1a: Incineroar|0 fnt\n|faint|p1a: Incineroar\n|move|p2b: Meganium|Dazzling Gleam|p1b: Garchomp\n|-supereffective|p1b: Garchomp|1\n|-damage|p1b: Garchomp|0 fnt\n|faint|p1b: Garchomp\n|\n|upkeep\n|\n|t:|1775959779\n|switch|p1a: Gardevoir|Gardevoir, L50, M|100/100\n|switch|p1b: Sneasler|Sneasler, L50, M|45/100\n|-ability|p1a: Gardevoir|Mega Sol|Trace|[from] ability: Trace|[of] p2b: Meganium\n|turn|5\n|\n|t:|1775959799\n|move|p1a: Gardevoir|Protect|p1a: Gardevoir\n|-singleturn|p1a: Gardevoir|Protect\n|move|p1b: Sneasler|Protect|p1b: Sneasler\n|-singleturn|p1b: Sneasler|Protect\n|move|p2a: Araquanid|Liquidation|p1a: Gardevoir\n|-activate|p1a: Gardevoir|move: Protect\n|move|p2b: Meganium|Dazzling Gleam|p1a: Gardevoir|[spread] \n|-activate|p1a: Gardevoir|move: Protect\n|-activate|p1b: Sneasler|move: Protect\n|\n|-fieldend|move: Trick Room\n|upkeep\n|turn|6\n|\n|t:|1775959822\n|detailschange|p1a: Gardevoir|Gardevoir-Mega, L50, M\n|-mega|p1a: Gardevoir|Gardevoir|Gardevoirite\n|move|p1b: Sneasler|Dire Claw|p2a: Araquanid\n|-damage|p2a: Araquanid|44/100\n|-status|p2a: Araquanid|psn\n|move|p1a: Gardevoir|Expanding Force|p2a: Araquanid\n|-damage|p2a: Araquanid|4/100 psn\n|move|p2b: Meganium|Dazzling Gleam|p1a: Gardevoir|[spread] p1a,p1b\n|-damage|p1a: Gardevoir|73/100\n|-damage|p1b: Sneasler|0 fnt\n|faint|p1b: Sneasler\n|move|p2a: Araquanid|Liquidation|p1a: Gardevoir\n|-damage|p1a: Gardevoir|0 fnt\n|faint|p1a: Gardevoir\n|\n|win|Piehead\n|raw|SilverVT's rating: 1341 &rarr; <strong>1317</strong><br />(-24 for losing)\n|raw|Piehead's rating: 1274 &rarr; <strong>1304</strong><br />(+30 for winning)\n|l|\u2606SilverVT\n|player|p1|\n",
  "uploadtime": 1775959844,
  "views": 49,
  "formatid": "gen9championsvgc2026regma",
  "rating": 1304,
  "private": 0,
  "password": null
}