{
  "id": "gen9championsvgc2026regma-2582882918",
  "format": "[Gen 9 Champions] VGC 2026 Reg M-A",
  "players": [
    "Jampam2",
    "MilkTeaWayGalaxy"
  ],
  "log": "|j|\u2606Jampam2\n|j|\u2606MilkTeaWayGalaxy\n|t:|1776121787\n|gametype|doubles\n|player|p1|Jampam2|cynthia-gen4|1184\n|player|p2|MilkTeaWayGalaxy|rosa-pokestar3|1123\n|gen|9\n|tier|[Gen 9 Champions] VGC 2026 Reg M-A\n|rated|\n|rule|Species Clause: Limit one of each Pok\u00e9mon\n|rule|Item Clause: Limit 1 of each item\n|clearpoke\n|poke|p1|Crabominable, L50, M|\n|poke|p1|Armarouge, L50, F|\n|poke|p1|Meowstic, L50, M|\n|poke|p1|Politoed, L50, M|\n|poke|p1|Gengar, L50, F|\n|poke|p1|Sinistcha, L50|\n|poke|p2|Froslass, L50, F|\n|poke|p2|Sinistcha, L50|\n|poke|p2|Kingambit, L50, F|\n|poke|p2|Sneasler, L50, M|\n|poke|p2|Incineroar, L50, M|\n|poke|p2|Basculegion, L50, M|\n|teampreview|4\n|\n|t:|1776121828\n|teamsize|p1|4\n|teamsize|p2|4\n|start\n|switch|p1a: Gengar|Gengar, L50, F|100/100\n|switch|p1b: Armarouge|Armarouge, L50, F|100/100\n|switch|p2a: Froslass|Froslass, L50, F|100/100\n|switch|p2b: Kingambit|Kingambit, L50, F|100/100\n|turn|1\n|\n|t:|1776121856\n|switch|p2a: Incineroar|Incineroar, L50, M|100/100\n|-ability|p2a: Incineroar|Intimidate|boost\n|-unboost|p1a: Gengar|atk|1\n|-unboost|p1b: Armarouge|atk|1\n|detailschange|p1a: Gengar|Gengar-Mega, L50, F\n|-mega|p1a: Gengar|Gengar|Gengarite\n|move|p1a: Gengar|Shadow Ball|p2a: Incineroar\n|-resisted|p2a: Incineroar|1\n|-damage|p2a: Incineroar|82/100\n|move|p1b: Armarouge|Armor Cannon|p2b: Kingambit\n|-supereffective|p2b: Kingambit|1\n|-damage|p2b: Kingambit|0 fnt\n|-unboost|p1b: Armarouge|def|1\n|-unboost|p1b: Armarouge|spd|1\n|faint|p2b: Kingambit\n|\n|-heal|p2a: Incineroar|87/100|[from] item: Leftovers\n|upkeep\n|\n|t:|1776121885\n|switch|p2b: Basculegion|Basculegion, L50, M|100/100\n|turn|2\n|\n|t:|1776121904\n|move|p2b: Basculegion|Protect|p2b: Basculegion\n|-singleturn|p2b: Basculegion|Protect\n|move|p1b: Armarouge|Protect|p1b: Armarouge\n|-singleturn|p1b: Armarouge|Protect\n|move|p1a: Gengar|Shadow Ball|p2b: Basculegion\n|-activate|p2b: Basculegion|move: Protect\n|move|p2a: Incineroar|Darkest Lariat|p1a: Gengar\n|-supereffective|p1a: Gengar|1\n|-damage|p1a: Gengar|0 fnt\n|faint|p1a: Gengar\n|\n|-heal|p2a: Incineroar|93/100|[from] item: Leftovers\n|upkeep\n|\n|t:|1776121909\n|switch|p1a: Politoed|Politoed, L50, M|100/100\n|-weather|RainDance|[from] ability: Drizzle|[of] p1a: Politoed\n|turn|3\n|\n|t:|1776121935\n|move|p2b: Basculegion|Aqua Jet|p1b: Armarouge\n|-supereffective|p1b: Armarouge|1\n|-enditem|p1b: Armarouge|Focus Sash\n|-damage|p1b: Armarouge|1/100\n|move|p1b: Armarouge|Dark Pulse|p2b: Basculegion\n|-supereffective|p2b: Basculegion|1\n|-damage|p2b: Basculegion|44/100\n|move|p1a: Politoed|Weather Ball|p2a: Incineroar\n|-supereffective|p2a: Incineroar|1\n|-damage|p2a: Incineroar|17/100\n|move|p2a: Incineroar|Parting Shot|p1a: Politoed\n|-unboost|p1a: Politoed|atk|1\n|-unboost|p1a: Politoed|spa|1\n|\n|t:|1776121945\n|switch|p2a: Froslass|Froslass, L50, F|100/100|[from] Parting Shot\n|\n|-weather|RainDance|[upkeep]\n|upkeep\n|turn|4\n|\n|t:|1776121960\n|detailschange|p2a: Froslass|Froslass-Mega, L50, F\n|-mega|p2a: Froslass|Froslass|Froslassite\n|-weather|Snowscape|[from] ability: Snow Warning|[of] p2a: Froslass\n|move|p1b: Armarouge|Protect|p1b: Armarouge\n|-singleturn|p1b: Armarouge|Protect\n|move|p2a: Froslass|Blizzard|p1b: Armarouge|[spread] p1a\n|-activate|p1b: Armarouge|move: Protect\n|-resisted|p1a: Politoed|1\n|-damage|p1a: Politoed|84/100\n|move|p2b: Basculegion|Last Respects|p1a: Politoed\n|-damage|p1a: Politoed|20/100\n|move|p1a: Politoed|Icy Wind|p2b: Basculegion|[spread] p2a,p2b\n|-resisted|p2a: Froslass|1\n|-resisted|p2b: Basculegion|1\n|-damage|p2a: Froslass|97/100\n|-damage|p2b: Basculegion|41/100\n|-unboost|p2a: Froslass|spe|1\n|-unboost|p2b: Basculegion|spe|1\n|\n|-weather|Snowscape|[upkeep]\n|-heal|p1a: Politoed|26/100|[from] item: Leftovers\n|upkeep\n|turn|5\n|\n|t:|1776121980\n|switch|p1a: Sinistcha|Sinistcha, L50|100/100\n|-heal|p1b: Armarouge|26/100|[from] ability: Hospitality|[of] p1a: Sinistcha\n|move|p2b: Basculegion|Aqua Jet|p1b: Armarouge\n|-supereffective|p1b: Armarouge|1\n|-damage|p1b: Armarouge|0 fnt\n|faint|p1b: Armarouge\n|move|p2a: Froslass|Aurora Veil|p2a: Froslass\n|-sidestart|p2: MilkTeaWayGalaxy|move: Aurora Veil\n|\n|-weather|Snowscape|[upkeep]\n|upkeep\n|\n|t:|1776121988\n|switch|p1b: Politoed|Politoed, L50, M|26/100\n|-weather|RainDance|[from] ability: Drizzle|[of] p1b: Politoed\n|turn|6\n|\n|t:|1776122013\n|switch|p2b: Incineroar|Incineroar, L50, M|17/100\n|-ability|p2b: Incineroar|Intimidate|boost\n|-unboost|p1a: Sinistcha|atk|1\n|-unboost|p1b: Politoed|atk|1\n|move|p2a: Froslass|Shadow Ball|p1a: Sinistcha\n|-supereffective|p1a: Sinistcha|1\n|-damage|p1a: Sinistcha|9/100\n|move|p1b: Politoed|Icy Wind|p2b: Incineroar|[spread] p2a,p2b\n|-resisted|p2a: Froslass|1\n|-resisted|p2b: Incineroar|1\n|-damage|p2a: Froslass|94/100\n|-damage|p2b: Incineroar|15/100\n|-unboost|p2a: Froslass|spe|1\n|-unboost|p2b: Incineroar|spe|1\n|move|p1a: Sinistcha|Matcha Gotcha|p2a: Froslass|[spread] p2a,p2b\n|-resisted|p2b: Incineroar|1\n|-damage|p2a: Froslass|77/100\n|-heal|p1a: Sinistcha|18/100|[from] drain|[of] p2a: Froslass\n|-damage|p2b: Incineroar|8/100\n|-heal|p1a: Sinistcha|22/100|[from] drain|[of] p2b: Incineroar\n|\n|-weather|RainDance|[upkeep]\n|-heal|p1b: Politoed|32/100|[from] item: Leftovers\n|-heal|p2b: Incineroar|14/100|[from] item: Leftovers\n|upkeep\n|turn|7\n|\n|t:|1776122043\n|move|p1b: Politoed|Protect|p1b: Politoed\n|-singleturn|p1b: Politoed|Protect\n|move|p2b: Incineroar|Fake Out|p1b: Politoed\n|-activate|p1b: Politoed|move: Protect\n|move|p2a: Froslass|Shadow Ball|p1a: Sinistcha\n|-supereffective|p1a: Sinistcha|1\n|-damage|p1a: Sinistcha|0 fnt\n|faint|p1a: Sinistcha\n|\n|-weather|RainDance|[upkeep]\n|-heal|p1b: Politoed|38/100|[from] item: Leftovers\n|-heal|p2b: Incineroar|20/100|[from] item: Leftovers\n|upkeep\n|turn|8\n|-message|Jampam2 forfeited.\n|\n|win|MilkTeaWayGalaxy\n|raw|Jampam2's rating: 1184 &rarr; <strong>1155</strong><br />(-29 for losing)\n|raw|MilkTeaWayGalaxy's rating: 1123 &rarr; <strong>1152</strong><br />(+29 for winning)\n|l|\u2606Jampam2\n|player|p1|\n",
  "uploadtime": 1776122055,
  "views": 12,
  "formatid": "gen9championsvgc2026regma",
  "rating": 1152,
  "private": 0,
  "password": null
}