{
  "id": "gen9championsvgc2026regma-2588234448",
  "format": "[Gen 9 Champions] VGC 2026 Reg M-A",
  "players": [
    "mmesmerizer",
    "PJack23"
  ],
  "log": "|j|\u2606mmesmerizer\n|j|\u2606PJack23\n|t:|1776616736\n|gametype|doubles\n|player|p1|mmesmerizer|n|1170\n|player|p2|PJack23|102|1092\n|gen|9\n|tier|[Gen 9 Champions] VGC 2026 Reg M-A\n|rated|\n|rule|Species Clause: Limit one of each Pok\u00e9mon\n|rule|Item Clause: Limit 1 of each item\n|clearpoke\n|poke|p1|Aggron, L50, F|\n|poke|p1|Kangaskhan, L50, F|\n|poke|p1|Basculegion, L50, M|\n|poke|p1|Sinistcha, L50|\n|poke|p1|Incineroar, L50, F|\n|poke|p1|Whimsicott, L50, F|\n|poke|p2|Crabominable, L50, F|\n|poke|p2|Ninetales-Alola, L50, F, shiny|\n|poke|p2|Armarouge, L50, F|\n|poke|p2|Rotom-Wash, L50, shiny|\n|poke|p2|Aegislash, L50, M|\n|poke|p2|Azumarill, L50, M|\n|teampreview|4\n|inactive|Battle timer is ON: inactive players will automatically lose when time's up. (requested by mmesmerizer)\nmmesmerizer has agreed to open team sheets.\n|inactive|PJack23 has 60 seconds left.\n|\n|t:|1776616793\n|teamsize|p1|4\n|teamsize|p2|4\n|start\n|switch|p1a: Incineroar|Incineroar, L50, F|100/100\n|switch|p1b: Whimsicott|Whimsicott, L50, F|100/100\n|switch|p2a: Crabominable|Crabominable, L50, F|100/100\n|switch|p2b: Rotom|Rotom-Wash, L50, shiny|100/100\n|-ability|p1a: Incineroar|Intimidate|boost\n|-fail|p2a: Crabominable|unboost|Attack|[from] ability: Hyper Cutter|[of] p2a: Crabominable\n|-unboost|p2b: Rotom|atk|1\n|turn|1\n|inactive|PJack23 has 30 seconds left.\n|\n|t:|1776616824\n|move|p2a: Crabominable|Protect|p2a: Crabominable\n|-singleturn|p2a: Crabominable|Protect\n|move|p1a: Incineroar|Fake Out|p2a: Crabominable\n|-activate|p2a: Crabominable|move: Protect\n|move|p1b: Whimsicott|Tailwind|p1b: Whimsicott\n|-sidestart|p1: mmesmerizer|move: Tailwind\n|move|p2b: Rotom|Thunder Wave|p1b: Whimsicott|[miss]\n|-miss|p2b: Rotom|p1b: Whimsicott\n|\n|upkeep\n|turn|2\n|\n|t:|1776616850\n|switch|p2a: Armarouge|Armarouge, L50, F|100/100\n|move|p1b: Whimsicott|Encore||[still]\n|-fail|p1b: Whimsicott\n|move|p1a: Incineroar|Parting Shot|p2b: Rotom\n|-unboost|p2b: Rotom|atk|1\n|-unboost|p2b: Rotom|spa|1\n|\n|t:|1776616856\n|switch|p1a: Kangaskhan|Kangaskhan, L50, F|100/100|[from] Parting Shot\n|move|p2b: Rotom|Thunder Wave|p1a: Kangaskhan\n|-status|p1a: Kangaskhan|par\n|\n|upkeep\n|turn|3\n|inactive|PJack23 has 30 seconds left.\n|\n|t:|1776616882\n|detailschange|p1a: Kangaskhan|Kangaskhan-Mega, L50, F\n|-mega|p1a: Kangaskhan|Kangaskhan|Kangaskhanite\n|move|p1a: Kangaskhan|Fake Out|p2a: Armarouge\n|-damage|p2a: Armarouge|80/100\n|-damage|p2a: Armarouge|75/100\n|-hitcount|p2a: Armarouge|2\n|move|p1b: Whimsicott|Moonblast|p2b: Rotom\n|-damage|p2b: Rotom|58/100\n|move|p2b: Rotom|Hydro Pump|p1a: Kangaskhan|[miss]\n|-miss|p2b: Rotom|p1a: Kangaskhan\n|cant|p2a: Armarouge|flinch\n|\n|-heal|p2b: Rotom|64/100|[from] item: Leftovers\n|upkeep\n|turn|4\n|\n|t:|1776616903\n|move|p1b: Whimsicott|Moonblast|p2b: Rotom\n|-damage|p2b: Rotom|23/100\n|move|p1a: Kangaskhan|Double-Edge|p2a: Armarouge\n|-damage|p2a: Armarouge|14/100\n|-damage|p2a: Armarouge|0 fnt\n|faint|p2a: Armarouge\n|-hitcount|p2: Armarouge|2\n|-damage|p1a: Kangaskhan|75/100 par|[from] Recoil\n|move|p2b: Rotom|Volt Switch|p1b: Whimsicott\n|-resisted|p1b: Whimsicott|1\n|-damage|p1b: Whimsicott|86/100\n|\n|t:|1776616914\n|switch|p2b: Crabominable|Crabominable, L50, F|100/100|[from] Volt Switch\n|\n|-sideend|p1: mmesmerizer|move: Tailwind\n|upkeep\n|\n|t:|1776616916\n|switch|p2a: Ninetales|Ninetales-Alola, L50, F, shiny|100/100\n|-weather|Snowscape|[from] ability: Snow Warning|[of] p2a: Ninetales\n|turn|5\n|inactive|PJack23 has 30 seconds left.\n|\n|t:|1776616950\n|switch|p1b: Basculegion|Basculegion, L50, M|100/100\n|move|p1a: Kangaskhan|Protect|p1a: Kangaskhan\n|-singleturn|p1a: Kangaskhan|Protect\n|move|p2a: Ninetales|Blizzard|p1b: Basculegion|[spread] p1b\n|-activate|p1a: Kangaskhan|move: Protect\n|-resisted|p1b: Basculegion|1\n|-damage|p1b: Basculegion|81/100\n|move|p2b: Crabominable|Drain Punch|p1a: Kangaskhan\n|-activate|p1a: Kangaskhan|move: Protect\n|\n|-weather|Snowscape|[upkeep]\n|upkeep\n|turn|6\n|\n|t:|1776616970\n|switch|p1a: Whimsicott|Whimsicott, L50, F|86/100\n|move|p1b: Basculegion|Flip Turn|p2b: Crabominable\n|-damage|p2b: Crabominable|73/100\n|\n|t:|1776616990\n|switch|p1b: Kangaskhan|Kangaskhan-Mega, L50, F|75/100 par|[from] Flip Turn\n|move|p2a: Ninetales|Aurora Veil|p2a: Ninetales\n|-sidestart|p2: PJack23|move: Aurora Veil\n|move|p2b: Crabominable|Drain Punch|p1a: Whimsicott\n|-resisted|p1a: Whimsicott|1\n|-damage|p1a: Whimsicott|53/100\n|-heal|p2b: Crabominable|84/100|[from] drain|[of] p1a: Whimsicott\n|\n|-weather|Snowscape|[upkeep]\n|upkeep\n|turn|7\n|\n|t:|1776617012\n|move|p2b: Crabominable|Protect|p2b: Crabominable\n|-singleturn|p2b: Crabominable|Protect\n|cant|p1b: Kangaskhan|par\n|move|p1a: Whimsicott|Encore|p2a: Ninetales\n|-start|p2a: Ninetales|Encore\n|move|p2a: Ninetales|Aurora Veil||[still]\n|-fail|p2a: Ninetales\n|\n|-weather|Snowscape|[upkeep]\n|upkeep\n|turn|8\n|inactive|PJack23 has 30 seconds left.\n|\n|t:|1776617037\n|move|p1a: Whimsicott|Encore|p2b: Crabominable\n|-start|p2b: Crabominable|Encore\n|move|p2b: Crabominable|Protect||[still]\n|-fail|p2b: Crabominable\n|move|p2a: Ninetales|Aurora Veil||[still]\n|-fail|p2a: Ninetales\n|move|p1b: Kangaskhan|Drain Punch|p2b: Crabominable\n|-supereffective|p2b: Crabominable|1\n|-damage|p2b: Crabominable|56/100\n|-heal|p1b: Kangaskhan|91/100 par|[from] drain|[of] p2b: Crabominable\n|-supereffective|p2b: Crabominable|1\n|-damage|p2b: Crabominable|50/100\n|-heal|p1b: Kangaskhan|94/100 par|[from] drain|[of] p2b: Crabominable\n|-hitcount|p2b: Crabominable|2\n|\n|-weather|Snowscape|[upkeep]\n|upkeep\n|turn|9\n|\n|t:|1776617061\n|move|p2b: Crabominable|Protect|p2b: Crabominable\n|-singleturn|p2b: Crabominable|Protect\n|move|p1a: Whimsicott|Tailwind|p1a: Whimsicott\n|-sidestart|p1: mmesmerizer|move: Tailwind\n|move|p2a: Ninetales|Aurora Veil||[still]\n|-fail|p2a: Ninetales\n|move|p1b: Kangaskhan|Drain Punch|p2a: Ninetales\n|-damage|p2a: Ninetales|81/100\n|-heal|p1b: Kangaskhan|100/100 par|[from] drain|[of] p2a: Ninetales\n|-damage|p2a: Ninetales|76/100\n|-hitcount|p2a: Ninetales|2\n|\n|-weather|none\n|-end|p2a: Ninetales|Encore\n|upkeep\n|turn|10\n|\n|t:|1776617081\n|move|p2a: Ninetales|Protect|p2a: Ninetales\n|-singleturn|p2a: Ninetales|Protect\n|move|p2b: Crabominable|Protect||[still]\n|-fail|p2b: Crabominable\n|move|p1a: Whimsicott|Encore|p2a: Ninetales\n|-activate|p2a: Ninetales|move: Protect\n|move|p1b: Kangaskhan|Drain Punch|p2b: Crabominable\n|-supereffective|p2b: Crabominable|1\n|-damage|p2b: Crabominable|11/100\n|-supereffective|p2b: Crabominable|1\n|-damage|p2b: Crabominable|1/100\n|-hitcount|p2b: Crabominable|2\n|\n|-end|p2b: Crabominable|Encore\n|-sideend|p2: PJack23|move: Aurora Veil\n|upkeep\n|turn|11\n|\n|t:|1776617090\n|switch|p2b: Rotom|Rotom-Wash, L50, shiny|23/100\n|move|p1a: Whimsicott|Encore|p2a: Ninetales\n|-start|p2a: Ninetales|Encore\n|move|p2a: Ninetales|Protect||[still]\n|-fail|p2a: Ninetales\n|move|p1b: Kangaskhan|Drain Punch|p2b: Rotom\n|-damage|p2b: Rotom|2/100\n|-damage|p2b: Rotom|0 fnt\n|faint|p2b: Rotom\n|-hitcount|p2: Rotom|2\n|\n|upkeep\n|\n|t:|1776617098\n|switch|p2b: Crabominable|Crabominable, L50, F|1/100\n|turn|12\n|\n|t:|1776617109\n|detailschange|p2b: Crabominable|Crabominable-Mega, L50, F\n|-mega|p2b: Crabominable|Crabominable|Crabominite\n|move|p2a: Ninetales|Protect|p2a: Ninetales\n|-singleturn|p2a: Ninetales|Protect\n|move|p1a: Whimsicott|Moonblast|p2a: Ninetales\n|-activate|p2a: Ninetales|move: Protect\n|move|p1b: Kangaskhan|Drain Punch|p2b: Crabominable\n|-supereffective|p2b: Crabominable|1\n|-damage|p2b: Crabominable|0 fnt\n|faint|p2b: Crabominable\n|-hitcount|p2: Crabominable|1\n|\n|-sideend|p1: mmesmerizer|move: Tailwind\n|upkeep\n|turn|13\n|-message|PJack23 forfeited.\n|\n|win|mmesmerizer\n|raw|mmesmerizer's rating: 1170 &rarr; <strong>1189</strong><br />(+19 for winning)\n|raw|PJack23's rating: 1092 &rarr; <strong>1073</strong><br />(-19 for losing)\n|l|\u2606PJack23\n|player|p2|\n",
  "uploadtime": 1776617153,
  "views": 15,
  "formatid": "gen9championsvgc2026regma",
  "rating": 1073,
  "private": 0,
  "password": null
}