{
  "id": "gen9championsvgc2026regma-2582613398",
  "format": "[Gen 9 Champions] VGC 2026 Reg M-A",
  "players": [
    "DominosVGC",
    "shellularphone"
  ],
  "log": "|j|\u2606DominosVGC\n|j|\u2606shellularphone\n|t:|1776102667\n|gametype|doubles\n|player|p1|DominosVGC|steven|1065\n|player|p2|shellularphone|lady-gen4|1018\n|gen|9\n|tier|[Gen 9 Champions] VGC 2026 Reg M-A\n|rated|\n|rule|Species Clause: Limit one of each Pok\u00e9mon\n|rule|Item Clause: Limit 1 of each item\n|clearpoke\n|poke|p1|Incineroar, L50, M|\n|poke|p1|Gengar, L50, F|\n|poke|p1|Sinistcha, L50|\n|poke|p1|Kingambit, L50, F|\n|poke|p1|Tyranitar, L50, M|\n|poke|p1|Kommo-o, L50, M|\n|poke|p2|Pelipper, L50, F|\n|poke|p2|Dragonite, L50, F|\n|poke|p2|Archaludon, L50, F|\n|poke|p2|Basculegion, L50, M|\n|poke|p2|Meganium, L50, F|\n|poke|p2|Maushold-Four, L50|\n|teampreview|4\n|inactive|Battle timer is ON: inactive players will automatically lose when time's up. (requested by DominosVGC)\n|\n|t:|1776102697\n|teamsize|p1|4\n|teamsize|p2|4\n|start\n|switch|p1a: Kommo-o|Kommo-o, L50, M, shiny|100/100\n|switch|p1b: Incineroar|Incineroar, L50, M|100/100\n|switch|p2a: Pelipper|Pelipper, L50, F|100/100\n|switch|p2b: Basculegion|Basculegion, L50, M|100/100\n|-weather|RainDance|[from] ability: Drizzle|[of] p2a: Pelipper\n|-ability|p1b: Incineroar|Intimidate|boost\n|-unboost|p2a: Pelipper|atk|1\n|-unboost|p2b: Basculegion|atk|1\n|turn|1\n|inactive|shellularphone has 30 seconds left.\n|\n|t:|1776102726\n|move|p1b: Incineroar|Protect|p1b: Incineroar\n|-singleturn|p1b: Incineroar|Protect\n|move|p2b: Basculegion|Wave Crash|p1b: Incineroar\n|-activate|p1b: Incineroar|move: Protect\n|move|p1a: Kommo-o|Clangorous Soul|p1a: Kommo-o\n|-boost|p1a: Kommo-o|atk|1\n|-boost|p1a: Kommo-o|def|1\n|-boost|p1a: Kommo-o|spa|1\n|-boost|p1a: Kommo-o|spd|1\n|-boost|p1a: Kommo-o|spe|1\n|-damage|p1a: Kommo-o|68/100\n|move|p2a: Pelipper|Hurricane|p1a: Kommo-o\n|-supereffective|p1a: Kommo-o|1\n|-damage|p1a: Kommo-o|17/100\n|-start|p1a: Kommo-o|confusion\n|\n|-weather|RainDance|[upkeep]\n|-heal|p1a: Kommo-o|23/100|[from] item: Leftovers\n|upkeep\n|turn|2\n|inactive|shellularphone has 30 seconds left.\n|inactive|shellularphone has 20 seconds left.\n|\n|t:|1776102764\n|switch|p1b: Sinistcha|Sinistcha, L50|100/100\n|-heal|p1a: Kommo-o|48/100|[from] ability: Hospitality|[of] p1b: Sinistcha\n|-activate|p1a: Kommo-o|confusion\n|move|p1a: Kommo-o|Protect|p1a: Kommo-o\n|-singleturn|p1a: Kommo-o|Protect\n|move|p2b: Basculegion|Wave Crash|p1b: Sinistcha\n|-resisted|p1b: Sinistcha|1\n|-damage|p1b: Sinistcha|67/100\n|-damage|p2b: Basculegion|90/100|[from] Recoil\n|move|p2a: Pelipper|Surf|p1b: Sinistcha|[spread] p2b,p1b\n|-activate|p1a: Kommo-o|move: Protect\n|-resisted|p2b: Basculegion|1\n|-resisted|p1b: Sinistcha|1\n|-damage|p2b: Basculegion|70/100\n|-damage|p1b: Sinistcha|53/100\n|\n|-weather|RainDance|[upkeep]\n|-heal|p1a: Kommo-o|53/100|[from] item: Leftovers\n|upkeep\n|turn|3\n|inactive|DominosVGC has 30 seconds left.\n|inactive|shellularphone has 30 seconds left.\n|\n|t:|1776102796\n|switch|p2b: Meganium|Meganium, L50, F|100/100\n|-activate|p1a: Kommo-o|confusion\n|move|p1a: Kommo-o|Clanging Scales|p2a: Pelipper|[spread] p2a,p2b\n|-damage|p2a: Pelipper|39/100\n|-damage|p2b: Meganium|31/100\n|-unboost|p1a: Kommo-o|def|1\n|move|p1b: Sinistcha|Life Dew|p1b: Sinistcha|[spread] p1a,p1b\n|-heal|p1a: Kommo-o|79/100\n|-heal|p1b: Sinistcha|78/100\n|move|p2a: Pelipper|Tailwind|p2a: Pelipper\n|-sidestart|p2: shellularphone|move: Tailwind\n|\n|-weather|RainDance|[upkeep]\n|-heal|p1a: Kommo-o|84/100|[from] item: Leftovers\n|upkeep\n|turn|4\n|inactive|DominosVGC has 30 seconds left.\n|inactive|shellularphone has 30 seconds left.\n|\n|t:|1776102829\n|detailschange|p2b: Meganium|Meganium-Mega, L50, F\n|-mega|p2b: Meganium|Meganium|Meganiumite\n|-activate|p1a: Kommo-o|confusion\n|-damage|p1a: Kommo-o|72/100|[from] confusion\n|move|p2b: Meganium|Weather Ball|p1b: Sinistcha\n|-supereffective|p1b: Sinistcha|1\n|-damage|p1b: Sinistcha|0 fnt\n|faint|p1b: Sinistcha\n|move|p2a: Pelipper|Hurricane|p1a: Kommo-o\n|-supereffective|p1a: Kommo-o|1\n|-damage|p1a: Kommo-o|22/100\n|\n|-weather|RainDance|[upkeep]\n|-heal|p1a: Kommo-o|28/100|[from] item: Leftovers\n|upkeep\n|\n|t:|1776102837\n|switch|p1b: Incineroar|Incineroar, L50, M|100/100\n|-ability|p1b: Incineroar|Intimidate|boost\n|-unboost|p2a: Pelipper|atk|1\n|-unboost|p2b: Meganium|atk|1\n|turn|5\n|\n|t:|1776102851\n|-activate|p1a: Kommo-o|confusion\n|-damage|p1a: Kommo-o|13/100|[from] confusion\n|move|p1b: Incineroar|Fake Out|p2a: Pelipper\n|-damage|p2a: Pelipper|28/100\n|move|p2b: Meganium|Dazzling Gleam|p1b: Incineroar|[spread] p1a,p1b\n|-supereffective|p1a: Kommo-o|2\n|-damage|p1a: Kommo-o|0 fnt\n|-damage|p1b: Incineroar|75/100\n|faint|p1a: Kommo-o\n|cant|p2a: Pelipper|flinch\n|\n|-weather|none\n|upkeep\n|\n|t:|1776102857\n|switch|p1a: Tyranitar|Tyranitar, L50, M|100/100\n|-weather|Sandstorm|[from] ability: Sand Stream|[of] p1a: Tyranitar\n|turn|6\n|\n|t:|1776102870\n|switch|p2a: Maushold|Maushold-Four, L50|100/100\n|move|p2b: Meganium|Solar Beam||[still]\n|-prepare|p2b: Meganium|Solar Beam\n|-activate|p2b: Meganium|ability: Mega Sol\n|-anim|p2b: Meganium|Solar Beam|p1a: Tyranitar\n|-supereffective|p1a: Tyranitar|1\n|-damage|p1a: Tyranitar|0 fnt\n|faint|p1a: Tyranitar\n|move|p1b: Incineroar|Throat Chop|p2b: Meganium\n|-resisted|p2b: Meganium|1\n|-damage|p2b: Meganium|20/100\n|-start|p2b: Meganium|Throat Chop|[silent]\n|\n|-weather|Sandstorm|[upkeep]\n|-damage|p2a: Maushold|95/100|[from] Sandstorm\n|-damage|p2b: Meganium|14/100|[from] Sandstorm\n|-damage|p1b: Incineroar|69/100|[from] Sandstorm\n|-heal|p2a: Maushold|100/100|[from] item: Leftovers\n|-sideend|p2: shellularphone|move: Tailwind\n|upkeep\n|turn|7\n|-message|DominosVGC forfeited.\n|\n|win|shellularphone\n|raw|DominosVGC's rating: 1065 &rarr; <strong>1043</strong><br />(-22 for losing)\n|raw|shellularphone's rating: 1018 &rarr; <strong>1060</strong><br />(+42 for winning)\n|l|\u2606DominosVGC\n|player|p1|\n",
  "uploadtime": 1776102896,
  "views": 19,
  "formatid": "gen9championsvgc2026regma",
  "rating": 1043,
  "private": 0,
  "password": null
}