{
  "id": "gen9championsvgc2026regma-2586558891",
  "format": "[Gen 9 Champions] VGC 2026 Reg M-A",
  "players": [
    "trashgarbage",
    "inwaves22"
  ],
  "log": "|j|\u2606trashgarbage\n|j|\u2606inwaves22\n|t:|1776442980\n|gametype|doubles\n|player|p1|trashgarbage|1|1147\n|player|p2|inwaves22|clair|1126\n|gen|9\n|tier|[Gen 9 Champions] VGC 2026 Reg M-A\n|rated|\n|rule|Species Clause: Limit one of each Pok\u00e9mon\n|rule|Item Clause: Limit 1 of each item\n|clearpoke\n|poke|p1|Delphox, L50, F|\n|poke|p1|Kommo-o, L50, M|\n|poke|p1|Sableye, L50, F|\n|poke|p1|Milotic, L50, M|\n|poke|p1|Excadrill, L50, M|\n|poke|p1|Espathra, L50, F|\n|poke|p2|Lopunny, L50, M|\n|poke|p2|Primarina, L50, M|\n|poke|p2|Aegislash, L50, M|\n|poke|p2|Dragonite, L50, M|\n|poke|p2|Glimmora, L50, M|\n|poke|p2|Corviknight, L50, M|\n|teampreview|4\n|inactive|Battle timer is ON: inactive players will automatically lose when time's up. (requested by inwaves22)\n|inactive|trashgarbage has 60 seconds left.\n|inactive|inwaves22 has 60 seconds left.\n|\n|t:|1776443013\n|teamsize|p1|4\n|teamsize|p2|4\n|start\n|switch|p1a: Sableye|Sableye, L50, F|100/100\n|switch|p1b: Espathra|Espathra, L50, F|100/100\n|switch|p2a: Lopunny|Lopunny, L50, M|100/100\n|switch|p2b: Primarina|Primarina, L50, M|100/100\n|turn|1\n|inactive|inwaves22 has 30 seconds left.\n|inactive|inwaves22 has 20 seconds left.\n|\n|t:|1776443052\n|detailschange|p2a: Lopunny|Lopunny-Mega, L50, M\n|-mega|p2a: Lopunny|Lopunny|Lopunnite\n|move|p1b: Espathra|Protect|p1b: Espathra\n|-singleturn|p1b: Espathra|Protect\n|move|p2a: Lopunny|Fake Out|p1b: Espathra\n|-activate|p1b: Espathra|move: Protect\n|move|p1a: Sableye|Gravity|p1a: Sableye\n|-fieldstart|move: Gravity\n|move|p2b: Primarina|Moonblast|p1a: Sableye\n|-supereffective|p1a: Sableye|1\n|-enditem|p1a: Sableye|Focus Sash\n|-damage|p1a: Sableye|1/100\n|\n|-ability|p1b: Espathra|Speed Boost|boost\n|-boost|p1b: Espathra|spe|1\n|upkeep\n|turn|2\n|\n|t:|1776443074\n|switch|p2a: Aegislash|Aegislash, L50, M|100/100\n|move|p1a: Sableye|Sunny Day|p1a: Sableye\n|-weather|SunnyDay\n|move|p2b: Primarina|Aqua Jet|p1a: Sableye\n|-damage|p1a: Sableye|0 fnt\n|faint|p1a: Sableye\n|move|p1b: Espathra|Psychic Terrain|p1b: Espathra\n|-fieldstart|move: Psychic Terrain\n|\n|-weather|SunnyDay|[upkeep]\n|-ability|p1b: Espathra|Speed Boost|boost\n|-boost|p1b: Espathra|spe|1\n|upkeep\n|\n|t:|1776443084\n|switch|p1a: Delphox|Delphox, L50, F|100/100\n|turn|3\n|\n|t:|1776443109\n|detailschange|p1a: Delphox|Delphox-Mega, L50, F\n|-mega|p1a: Delphox|Delphox|Delphoxite\n|-formechange|p2a: Aegislash|Aegislash-Blade|\n|move|p2a: Aegislash|Shadow Sneak|p1b: Espathra\n|-activate|p1b: Espathra|move: Psychic Terrain\n|move|p1b: Espathra|Hypnosis|p2b: Primarina\n|-status|p2b: Primarina|slp|[from] move: Hypnosis\n|-enditem|p2b: Primarina|Chesto Berry|[eat]\n|-curestatus|p2b: Primarina|slp|[msg]\n|move|p1a: Delphox|Heat Wave|p2b: Primarina|[spread] p2a,p2b\n|-supereffective|p2a: Aegislash|1\n|-resisted|p2b: Primarina|1\n|-damage|p2a: Aegislash|0 fnt\n|-damage|p2b: Primarina|76/100\n|faint|p2a: Aegislash\n|move|p2b: Primarina|Moonblast|p1b: Espathra\n|-damage|p1b: Espathra|30/100\n|\n|-weather|SunnyDay|[upkeep]\n|-ability|p1b: Espathra|Speed Boost|boost\n|-boost|p1b: Espathra|spe|1\n|upkeep\n|\n|t:|1776443123\n|switch|p2a: Lopunny|Lopunny-Mega, L50, M|100/100\n|turn|4\n|\n|t:|1776443136\n|move|p2a: Lopunny|Fake Out|p1a: Delphox\n|-activate|p1a: Delphox|move: Psychic Terrain\n|move|p1b: Espathra|Lumina Crash|p2b: Primarina\n|-damage|p2b: Primarina|48/100\n|-unboost|p2b: Primarina|spd|2\n|move|p1a: Delphox|Expanding Force|p2a: Lopunny|[spread] p2a,p2b\n|-supereffective|p2a: Lopunny|1\n|-damage|p2a: Lopunny|0 fnt\n|-damage|p2b: Primarina|0 fnt\n|faint|p2a: Lopunny\n|faint|p2b: Primarina\n|\n|-weather|SunnyDay|[upkeep]\n|-ability|p1b: Espathra|Speed Boost|boost\n|-boost|p1b: Espathra|spe|1\n|upkeep\n|\n|t:|1776443144\n|switch|p2b: Glimmora|Glimmora, L50, M|100/100\n|turn|5\n|\n|t:|1776443153\n|move|p1b: Espathra|Lumina Crash|p2b: Glimmora\n|-supereffective|p2b: Glimmora|1\n|-damage|p2b: Glimmora|10/100\n|-unboost|p2b: Glimmora|spd|2\n|move|p1a: Delphox|Expanding Force|p2b: Glimmora\n|-supereffective|p2b: Glimmora|1\n|-damage|p2b: Glimmora|0 fnt\n|faint|p2b: Glimmora\n|\n|win|trashgarbage\n|raw|trashgarbage's rating: 1147 &rarr; <strong>1170</strong><br />(+23 for winning)\n|raw|inwaves22's rating: 1126 &rarr; <strong>1103</strong><br />(-23 for losing)\n|l|\u2606inwaves22\n|player|p2|\n",
  "uploadtime": 1776443163,
  "views": 22,
  "formatid": "gen9championsvgc2026regma",
  "rating": 1103,
  "private": 0,
  "password": null
}