{
  "id": "gen9championsvgc2026regma-2582762524",
  "format": "[Gen 9 Champions] VGC 2026 Reg M-A",
  "players": [
    "jeanirix",
    "GlisCorpLTD"
  ],
  "log": "|j|\u2606jeanirix\n|j|\u2606GlisCorpLTD\n|t:|1776112344\n|gametype|doubles\n|player|p1|jeanirix|wallace|1030\n|player|p2|GlisCorpLTD|blackbelt-gen4dp|1031\n|gen|9\n|tier|[Gen 9 Champions] VGC 2026 Reg M-A\n|rated|\n|rule|Species Clause: Limit one of each Pok\u00e9mon\n|rule|Item Clause: Limit 1 of each item\n|clearpoke\n|poke|p1|Talonflame, L50, M|\n|poke|p1|Froslass, L50, F|\n|poke|p1|Tauros-Paldea-Blaze, L50, M|\n|poke|p1|Farigiraf, L50, M|\n|poke|p1|Golurk, L50|\n|poke|p1|Simipour, L50, F|\n|poke|p2|Crabominable, L50, F|\n|poke|p2|Alakazam, L50, F|\n|poke|p2|Skeledirge, L50, F|\n|poke|p2|Klefki, L50, M|\n|poke|p2|Garganacl, L50, F|\n|poke|p2|Bellibolt, L50, M|\n|teampreview|4\n|\n|t:|1776112382\n|teamsize|p1|4\n|teamsize|p2|4\n|start\n|switch|p1a: Froslass|Froslass, L50, F|100/100\n|switch|p1b: Test time|Simipour, L50, F|100/100\n|switch|p2a: Crabominable|Crabominable, L50, F|100/100\n|switch|p2b: Alakazam|Alakazam, L50, F|100/100\n|turn|1\n|\n|t:|1776112405\n|detailschange|p1a: Froslass|Froslass-Mega, L50, F\n|-mega|p1a: Froslass|Froslass|Froslassite\n|-weather|Snowscape|[from] ability: Snow Warning|[of] p1a: Froslass\n|detailschange|p2a: Crabominable|Crabominable-Mega, L50, F\n|-mega|p2a: Crabominable|Crabominable|Crabominite\n|move|p1b: Test time|Fake Out|p2a: Crabominable\n|-damage|p2a: Crabominable|96/100\n|cant|p2a: Crabominable|flinch\n|move|p1a: Froslass|Shadow Ball|p2b: Alakazam\n|-supereffective|p2b: Alakazam|1\n|-enditem|p2b: Alakazam|Focus Sash\n|-damage|p2b: Alakazam|1/100\n|move|p2b: Alakazam|Light Screen|p2b: Alakazam\n|-sidestart|p2: GlisCorpLTD|move: Light Screen\n|\n|-weather|Snowscape|[upkeep]\n|upkeep\n|turn|2\n|\n|t:|1776112427\n|move|p2a: Crabominable|Wide Guard|p2a: Crabominable\n|-singleturn|p2a: Crabominable|Wide Guard\n|move|p1a: Froslass|Frost Breath|p2b: Alakazam\n|-crit|p2b: Alakazam\n|-damage|p2b: Alakazam|0 fnt\n|faint|p2b: Alakazam\n|move|p1b: Test time|Focus Blast|p2a: Crabominable|[miss]\n|-miss|p1b: Test time|p2a: Crabominable\n|\n|-weather|Snowscape|[upkeep]\n|upkeep\n|\n|t:|1776112438\n|switch|p2b: Klefki|Klefki, L50, M|100/100\n|turn|3\n|\n|t:|1776112452\n|move|p2b: Klefki|Thunder Wave|p1a: Froslass|[miss]\n|-miss|p2b: Klefki|p1a: Froslass\n|move|p1a: Froslass|Shadow Ball|p2b: Klefki\n|-damage|p2b: Klefki|72/100\n|-unboost|p2b: Klefki|spd|1\n|move|p1b: Test time|Focus Blast|p2a: Crabominable\n|-supereffective|p2a: Crabominable|1\n|-damage|p2a: Crabominable|59/100\n|move|p2a: Crabominable|Drain Punch|p1b: Test time\n|-damage|p1b: Test time|0 fnt\n|-heal|p2a: Crabominable|96/100|[from] drain|[of] p1b: Test time\n|faint|p1b: Test time\n|\n|-weather|Snowscape|[upkeep]\n|upkeep\n|\n|t:|1776112464\n|switch|p1b: Tauros|Tauros-Paldea-Blaze, L50, M|100/100\n|turn|4\n|\n|t:|1776112489\n|move|p2b: Klefki|Reflect|p2b: Klefki\n|-sidestart|p2: GlisCorpLTD|Reflect\n|move|p1a: Froslass|Frost Breath|p1b: Tauros\n|-resisted|p1b: Tauros|1\n|-crit|p1b: Tauros\n|-damage|p1b: Tauros|58/100\n|-setboost|p1b: Tauros|atk|6|[from] ability: Anger Point\n|move|p1b: Tauros|Raging Bull|p2a: Crabominable\n|-sideend|p2: GlisCorpLTD|Reflect\n|-sideend|p2: GlisCorpLTD|move: Light Screen\n|-supereffective|p2a: Crabominable|1\n|-damage|p2a: Crabominable|0 fnt\n|faint|p2a: Crabominable\n|\n|-weather|Snowscape|[upkeep]\n|upkeep\n|c|\u2606GlisCorpLTD|oh that's cool!\n|\n|t:|1776112501\n|switch|p2a: Garganacl|Garganacl, L50, F|100/100\n|turn|5\n|\n|t:|1776112517\n|move|p2b: Klefki|Thunder Wave|p1b: Tauros\n|-status|p1b: Tauros|par\n|move|p1a: Froslass|Blizzard|p2a: Garganacl|[spread] p2a,p2b\n|-resisted|p2b: Klefki|1\n|-damage|p2a: Garganacl|57/100\n|-damage|p2b: Klefki|45/100\n|cant|p1b: Tauros|par\n|move|p2a: Garganacl|Rock Slide|p1b: Tauros|[spread] p1a,p1b\n|-supereffective|p1a: Froslass|1\n|-damage|p1a: Froslass|59/100\n|-damage|p1b: Tauros|38/100 par\n|\n|-weather|none\n|upkeep\n|turn|6\n|c|\u2606jeanirix|Yes a sueprise\n|\n|t:|1776112541\n|move|p1a: Froslass|Shadow Ball|p2b: Klefki\n|-damage|p2b: Klefki|0 fnt\n|faint|p2b: Klefki\n|move|p1b: Tauros|Earthquake|p2a: Garganacl|[spread] p1a,p2a\n|-supereffective|p2a: Garganacl|1\n|-damage|p1a: Froslass|0 fnt\n|-damage|p2a: Garganacl|0 fnt\n|faint|p1a: Froslass\n|faint|p2a: Garganacl\n|\n|win|jeanirix\n|raw|jeanirix's rating: 1030 &rarr; <strong>1066</strong><br />(+36 for winning)\n|raw|GlisCorpLTD's rating: 1031 &rarr; <strong>1016</strong><br />(-15 for losing)\n|c|\u2606GlisCorpLTD|gg your team rocks\n",
  "uploadtime": 1776112554,
  "views": 17,
  "formatid": "gen9championsvgc2026regma",
  "rating": 1016,
  "private": 0,
  "password": null
}