{
  "id": "gen9championsvgc2026regma-2584985918",
  "format": "[Gen 9 Champions] VGC 2026 Reg M-A",
  "players": [
    "nekocutiesasha",
    "jadebattles"
  ],
  "log": "|j|\u2606nekocutiesasha\n|j|\u2606jadebattles\n|t:|1776300754\n|gametype|doubles\n|player|p1|nekocutiesasha|dahlia|1049\n|player|p2|jadebattles|1|1112\n|gen|9\n|tier|[Gen 9 Champions] VGC 2026 Reg M-A\n|rated|\n|rule|Species Clause: Limit one of each Pok\u00e9mon\n|rule|Item Clause: Limit 1 of each item\n|clearpoke\n|poke|p1|Pelipper, L50, F|\n|poke|p1|Archaludon, L50, M|\n|poke|p1|Basculegion, L50, M|\n|poke|p1|Meganium, L50, M|\n|poke|p1|Blastoise, L50, F|\n|poke|p1|Goodra-Hisui, L50, M|\n|poke|p2|Excadrill, L50, M|\n|poke|p2|Whimsicott, L50, M|\n|poke|p2|Tyranitar, L50, F|\n|poke|p2|Aegislash, L50, F|\n|poke|p2|Meganium, L50, M|\n|poke|p2|Raichu, L50, M|\n|teampreview|4\n|inactive|Battle timer is ON: inactive players will automatically lose when time's up. (requested by nekocutiesasha)\n|\n|t:|1776300773\n|teamsize|p1|4\n|teamsize|p2|4\n|start\n|switch|p1a: Pelipper|Pelipper, L50, F|100/100\n|switch|p1b: Archaludon|Archaludon, L50, M|100/100\n|switch|p2a: Meganium|Meganium, L50, M|100/100\n|switch|p2b: Raichu|Raichu, L50, M|100/100\n|-weather|RainDance|[from] ability: Drizzle|[of] p1a: Pelipper\n|turn|1\n|\n|t:|1776300789\n|detailschange|p2a: Meganium|Meganium-Mega, L50, M\n|-mega|p2a: Meganium|Meganium|Meganiumite\n|move|p2a: Meganium|Protect|p2a: Meganium\n|-singleturn|p2a: Meganium|Protect\n|move|p2b: Raichu|Thunder|p1a: Pelipper\n|-supereffective|p1a: Pelipper|2\n|-damage|p1a: Pelipper|0 fnt\n|faint|p1a: Pelipper\n|move|p1b: Archaludon|Flash Cannon|p2a: Meganium\n|-activate|p2a: Meganium|move: Protect\n|\n|-weather|RainDance|[upkeep]\n|upkeep\n|\n|t:|1776300800\n|switch|p1a: Meganium|Meganium, L50, M|100/100\n|turn|2\n|\n|t:|1776300822\n|switch|p2a: Aegislash|Aegislash, L50, F|100/100\n|detailschange|p1a: Meganium|Meganium-Mega, L50, M\n|-mega|p1a: Meganium|Meganium|Meganiumite\n|move|p2b: Raichu|Nuzzle|p1a: Meganium\n|-resisted|p1a: Meganium|1\n|-damage|p1a: Meganium|97/100\n|-status|p1a: Meganium|par\n|move|p1b: Archaludon|Aura Sphere|p2b: Raichu\n|-damage|p2b: Raichu|55/100\n|move|p1a: Meganium|Weather Ball|p2a: Aegislash\n|-supereffective|p2a: Aegislash|1\n|-damage|p2a: Aegislash|12/100\n|\n|-weather|RainDance|[upkeep]\n|upkeep\n|turn|3\n|inactive|jadebattles has 30 seconds left.\n|inactive|jadebattles has 20 seconds left.\n|\n|t:|1776300861\n|move|p2b: Raichu|Endeavor|p1a: Meganium\n|-damage|p1a: Meganium|48/100 par\n|move|p1b: Archaludon|Dragon Pulse|p2b: Raichu\n|-damage|p2b: Raichu|0 fnt\n|faint|p2b: Raichu\n|-formechange|p2a: Aegislash|Aegislash-Blade|\n|move|p2a: Aegislash|Sacred Sword|p1a: Meganium\n|-resisted|p1a: Meganium|1\n|-damage|p1a: Meganium|28/100 par\n|cant|p1a: Meganium|par\n|\n|-weather|RainDance|[upkeep]\n|upkeep\n|\n|t:|1776300875\n|switch|p2b: Meganium|Meganium-Mega, L50, M|100/100\n|turn|4\n|\n|t:|1776300890\n|move|p1b: Archaludon|Electro Shot||[still]\n|-prepare|p1b: Archaludon|Electro Shot\n|-boost|p1b: Archaludon|spa|1\n|-anim|p1b: Archaludon|Electro Shot|p2a: Aegislash\n|-damage|p2a: Aegislash|0 fnt\n|faint|p2a: Aegislash\n|move|p2b: Meganium|Weather Ball|p1a: Meganium\n|-supereffective|p1a: Meganium|1\n|-damage|p1a: Meganium|0 fnt\n|faint|p1a: Meganium\n|\n|-weather|RainDance|[upkeep]\n|upkeep\n|\n|t:|1776300901\n|switch|p1a: Basculegion|Basculegion, L50, M|100/100\n|switch|p2a: Whimsicott|Whimsicott, L50, M|100/100\n|turn|5\n|\n|t:|1776300917\n|move|p2b: Meganium|Protect|p2b: Meganium\n|-singleturn|p2b: Meganium|Protect\n|move|p2a: Whimsicott|Tailwind|p2a: Whimsicott\n|-sidestart|p2: jadebattles|move: Tailwind\n|move|p1a: Basculegion|Last Respects|p2a: Whimsicott\n|-damage|p2a: Whimsicott|0 fnt\n|faint|p2a: Whimsicott\n|move|p1b: Archaludon|Flash Cannon|p2b: Meganium\n|-activate|p2b: Meganium|move: Protect\n|\n|-weather|none\n|upkeep\n|turn|6\n|\n|t:|1776300930\n|move|p2b: Meganium|Earth Power|p1b: Archaludon\n|-supereffective|p1b: Archaludon|1\n|-crit|p1b: Archaludon\n|-damage|p1b: Archaludon|0 fnt\n|faint|p1b: Archaludon\n|move|p1a: Basculegion|Ice Fang|p2b: Meganium\n|-supereffective|p2b: Meganium|1\n|-damage|p2b: Meganium|65/100\n|\n|upkeep\n|turn|7\n|\n|t:|1776300941\n|move|p2b: Meganium|Solar Beam||[still]\n|-prepare|p2b: Meganium|Solar Beam\n|-activate|p2b: Meganium|ability: Mega Sol\n|-anim|p2b: Meganium|Solar Beam|p1a: Basculegion\n|-supereffective|p1a: Basculegion|1\n|-damage|p1a: Basculegion|0 fnt\n|faint|p1a: Basculegion\n|\n|win|jadebattles\n|raw|nekocutiesasha's rating: 1049 &rarr; <strong>1035</strong><br />(-14 for losing)\n|raw|jadebattles's rating: 1112 &rarr; <strong>1133</strong><br />(+21 for winning)\n|l|\u2606nekocutiesasha\n|player|p1|\n",
  "uploadtime": 1776301045,
  "views": 19,
  "formatid": "gen9championsvgc2026regma",
  "rating": 1035,
  "private": 0,
  "password": null
}