{
  "id": "gen9championsvgc2026regma-2588130738",
  "format": "[Gen 9 Champions] VGC 2026 Reg M-A",
  "players": [
    "Mango404",
    "Myxx17"
  ],
  "log": "|j|\u2606Mango404\n|j|\u2606Myxx17\n|t:|1776607504\n|gametype|doubles\n|player|p1|Mango404|harlequin|1112\n|player|p2|Myxx17|170|1074\n|gen|9\n|tier|[Gen 9 Champions] VGC 2026 Reg M-A\n|rated|\n|rule|Species Clause: Limit one of each Pok\u00e9mon\n|rule|Item Clause: Limit 1 of each item\n|clearpoke\n|poke|p1|Gardevoir, L50, M|\n|poke|p1|Incineroar, L50, M|\n|poke|p1|Slowking, L50, F|\n|poke|p1|Chandelure, L50, M|\n|poke|p1|Sinistcha, L50|\n|poke|p1|Sableye, L50, F|\n|poke|p2|Houndoom, L50, M, shiny|\n|poke|p2|Whimsicott, L50, M|\n|poke|p2|Sinistcha, L50|\n|poke|p2|Drampa, L50, M|\n|poke|p2|Farigiraf, L50, F|\n|poke|p2|Torkoal, L50, F|\n|teampreview|4\n|\n|t:|1776607515\n|teamsize|p1|4\n|teamsize|p2|4\n|start\n|switch|p1a: Gardevoir|Gardevoir, L50, M|100/100\n|switch|p1b: Sableye|Sableye, L50, F|100/100\n|switch|p2a: Houndoom|Houndoom, L50, M, shiny|100/100\n|switch|p2b: Whimsicott|Whimsicott, L50, M|100/100\n|-ability|p1a: Gardevoir|Flash Fire|Trace|[from] ability: Trace|[of] p2a: Houndoom\n|turn|1\n|\n|t:|1776607534\n|detailschange|p2a: Houndoom|Houndoom-Mega, L50, M, shiny\n|-mega|p2a: Houndoom|Houndoom|Houndoominite\n|detailschange|p1a: Gardevoir|Gardevoir-Mega, L50, M\n|-mega|p1a: Gardevoir|Gardevoir|Gardevoirite\n|move|p1b: Sableye|Fake Out|p2a: Houndoom\n|-damage|p2a: Houndoom|91/100\n|move|p2b: Whimsicott|Sunny Day|p2b: Whimsicott\n|-weather|SunnyDay\n|cant|p2a: Houndoom|flinch\n|move|p1a: Gardevoir|Calm Mind|p1a: Gardevoir\n|-boost|p1a: Gardevoir|spa|1\n|-boost|p1a: Gardevoir|spd|1\n|\n|-weather|SunnyDay|[upkeep]\n|-damage|p2a: Houndoom|79/100|[from] ability: Solar Power|[of] p2a: Houndoom\n|upkeep\n|turn|2\n|\n|t:|1776607561\n|move|p2b: Whimsicott|Tailwind|p2b: Whimsicott\n|-sidestart|p2: Myxx17|move: Tailwind\n|move|p1b: Sableye|Encore|p2b: Whimsicott\n|-start|p2b: Whimsicott|Encore\n|move|p2a: Houndoom|Heat Wave|p1b: Sableye|[spread] p1a,p1b\n|-damage|p1a: Gardevoir|46/100\n|-enditem|p1b: Sableye|Focus Sash\n|-damage|p1b: Sableye|1/100\n|move|p1a: Gardevoir|Hyper Voice|p2a: Houndoom|[spread] p2a,p2b\n|-damage|p2a: Houndoom|0 fnt\n|-enditem|p2b: Whimsicott|Focus Sash\n|-damage|p2b: Whimsicott|1/100\n|faint|p2a: Houndoom\n|\n|-weather|SunnyDay|[upkeep]\n|upkeep\n|\n|t:|1776607578\n|switch|p2a: Sinistcha|Sinistcha, L50|100/100\n|-heal|p2b: Whimsicott|26/100|[from] ability: Hospitality|[of] p2a: Sinistcha\n|turn|3\n|\n|t:|1776607589\n|move|p2b: Whimsicott|Tailwind||[still]\n|-fail|p2b: Whimsicott\n|move|p1b: Sableye|Quash|p2a: Sinistcha\n|-activate|p2a: Sinistcha|move: Quash\n|move|p1a: Gardevoir|Hyper Voice|p2a: Sinistcha|[spread] p2a,p2b\n|-damage|p2a: Sinistcha|3/100\n|-damage|p2b: Whimsicott|0 fnt\n|-enditem|p2a: Sinistcha|Sitrus Berry|[eat]\n|-heal|p2a: Sinistcha|27/100|[from] item: Sitrus Berry\n|faint|p2b: Whimsicott\n|move|p2a: Sinistcha|Trick Room|p2a: Sinistcha\n|-fieldstart|move: Trick Room|[of] p2a: Sinistcha\n|\n|-weather|SunnyDay|[upkeep]\n|upkeep\n|\n|t:|1776607599\n|switch|p2b: Farigiraf|Farigiraf, L50, F|100/100\n|turn|4\n|\n|t:|1776607611\n|move|p2b: Farigiraf|Helping Hand|p2a: Sinistcha\n|-singleturn|p2a: Sinistcha|Helping Hand|[of] p2b: Farigiraf\n|move|p1b: Sableye|Quash||[still]\n|cant|p2b: Farigiraf|ability: Armor Tail|Quash|[of] p1b: Sableye\n|move|p1a: Gardevoir|Hyper Voice|p2a: Sinistcha|[spread] p2a,p2b\n|-damage|p2a: Sinistcha|0 fnt\n|-damage|p2b: Farigiraf|23/100\n|faint|p2a: Sinistcha\n|\n|-weather|SunnyDay|[upkeep]\n|upkeep\n|turn|5\n|\n|t:|1776607626\n|switch|p1b: Incineroar|Incineroar, L50, M|100/100\n|-ability|p1b: Incineroar|Intimidate|boost\n|-unboost|p2b: Farigiraf|atk|1\n|move|p1a: Gardevoir|Hyper Voice|p2b: Farigiraf\n|-damage|p2b: Farigiraf|0 fnt\n|faint|p2b: Farigiraf\n|\n|win|Mango404\n|raw|Mango404's rating: 1112 &rarr; <strong>1134</strong><br />(+22 for winning)\n|raw|Myxx17's rating: 1074 &rarr; <strong>1055</strong><br />(-19 for losing)\n",
  "uploadtime": 1776607628,
  "views": 22,
  "formatid": "gen9championsvgc2026regma",
  "rating": 1055,
  "private": 0,
  "password": null
}