{
  "id": "gen9championsvgc2026regma-2589429099",
  "format": "[Gen 9 Champions] VGC 2026 Reg M-A",
  "players": [
    "Israel Big",
    "NathanaelW19"
  ],
  "log": "|j|\u2606Israel Big\n|j|\u2606NathanaelW19\n|t:|1776722196\n|gametype|doubles\n|player|p1|Israel Big|1|1237\n|player|p2|NathanaelW19|dragontamer|1301\n|gen|9\n|tier|[Gen 9 Champions] VGC 2026 Reg M-A\n|rated|\n|rule|Species Clause: Limit one of each Pok\u00e9mon\n|rule|Item Clause: Limit 1 of each item\n|clearpoke\n|poke|p1|Gardevoir, L50, M, shiny|\n|poke|p1|Aegislash, L50, M, shiny|\n|poke|p1|Aerodactyl, L50, M|\n|poke|p1|Incineroar, L50, F, shiny|\n|poke|p1|Garchomp, L50, M|\n|poke|p1|Tauros-Paldea-Aqua, L50, M|\n|poke|p2|Floette-Eternal, L50, F|\n|poke|p2|Glimmora, L50, M|\n|poke|p2|Talonflame, L50, F|\n|poke|p2|Tauros-Paldea-Aqua, L50, M|\n|poke|p2|Tsareena, L50, F|\n|poke|p2|Kingambit, L50, M|\n|teampreview|4\n|inactive|Battle timer is ON: inactive players will automatically lose when time's up. (requested by NathanaelW19)\n|\n|t:|1776722221\n|teamsize|p1|4\n|teamsize|p2|4\n|start\n|switch|p1a: Aegislash|Aegislash, L50, M, shiny|100/100\n|switch|p1b: Gardevoir|Gardevoir, L50, M, shiny|100/100\n|switch|p2a: Tsareena|Tsareena, L50, F|100/100\n|switch|p2b: Talonflame|Talonflame, L50, F|100/100\n|-ability|p1b: Gardevoir|Queenly Majesty|Trace|[from] ability: Trace|[of] p2a: Tsareena\n|turn|1\n|\n|t:|1776722242\n|detailschange|p1b: Gardevoir|Gardevoir-Mega, L50, M, shiny\n|-mega|p1b: Gardevoir|Gardevoir|Gardevoirite\n|move|p1b: Gardevoir|Protect|p1b: Gardevoir\n|-singleturn|p1b: Gardevoir|Protect\n|move|p2b: Talonflame|Will-O-Wisp|p1a: Aegislash\n|-status|p1a: Aegislash|brn\n|move|p2a: Tsareena|Trop Kick|p1a: Aegislash\n|-resisted|p1a: Aegislash|1\n|-damage|p1a: Aegislash|86/100 brn\n|-unboost|p1a: Aegislash|atk|1\n|-formechange|p1a: Aegislash|Aegislash-Blade|\n|move|p1a: Aegislash|Poltergeist|p2a: Tsareena\n|-activate|p2a: Tsareena|move: Poltergeist|Kebia Berry\n|-damage|p2a: Tsareena|78/100\n|\n|-damage|p1a: Aegislash|80/100 brn|[from] brn\n|upkeep\n|turn|2\n|inactive|Israel Big has 30 seconds left.\n|\n|t:|1776722272\n|-formechange|p1a: Aegislash|Aegislash|\n|move|p1a: Aegislash|King's Shield|p1a: Aegislash\n|-singleturn|p1a: Aegislash|Protect\n|move|p2b: Talonflame|Dual Wingbeat|p1b: Gardevoir\n|-damage|p1b: Gardevoir|82/100\n|-damage|p1b: Gardevoir|62/100\n|-hitcount|p1b: Gardevoir|2\n|move|p1b: Gardevoir|Hyper Voice|p2a: Tsareena|[spread] p2a,p2b\n|-resisted|p2b: Talonflame|1\n|-damage|p2a: Tsareena|26/100\n|-damage|p2b: Talonflame|60/100\n|move|p2a: Tsareena|Trop Kick|p1b: Gardevoir\n|-damage|p1b: Gardevoir|3/100\n|-unboost|p1b: Gardevoir|atk|1\n|\n|-damage|p1a: Aegislash|74/100 brn|[from] brn\n|upkeep\n|turn|3\n|\n|t:|1776722291\n|move|p1b: Gardevoir|Protect|p1b: Gardevoir\n|-singleturn|p1b: Gardevoir|Protect\n|move|p2b: Talonflame|Tailwind|p2b: Talonflame\n|-sidestart|p2: NathanaelW19|move: Tailwind\n|move|p2a: Tsareena|Trop Kick|p1b: Gardevoir\n|-activate|p1b: Gardevoir|move: Protect\n|-formechange|p1a: Aegislash|Aegislash-Blade|\n|move|p1a: Aegislash|Poltergeist|p2a: Tsareena\n|-activate|p2a: Tsareena|move: Poltergeist|Kebia Berry\n|-damage|p2a: Tsareena|2/100\n|\n|-damage|p1a: Aegislash|68/100 brn|[from] brn\n|upkeep\n|turn|4\n|\n|t:|1776722300\n|move|p1a: Aegislash|Shadow Sneak||[still]\n|cant|p2a: Tsareena|ability: Queenly Majesty|Shadow Sneak|[of] p1a: Aegislash\n|move|p2b: Talonflame|Dual Wingbeat|p1b: Gardevoir|[miss]\n|-miss|p2b: Talonflame|p1b: Gardevoir\n|move|p2a: Tsareena|Trop Kick|p1a: Aegislash\n|-resisted|p1a: Aegislash|1\n|-damage|p1a: Aegislash|39/100 brn\n|-unboost|p1a: Aegislash|atk|1\n|move|p1b: Gardevoir|Psychic|p2b: Talonflame\n|-damage|p2b: Talonflame|0 fnt\n|faint|p2b: Talonflame\n|\n|-damage|p1a: Aegislash|33/100 brn|[from] brn\n|upkeep\n|\n|t:|1776722308\n|switch|p2b: Tauros|Tauros-Paldea-Aqua, L50, M|100/100\n|-ability|p2b: Tauros|Intimidate|boost\n|-unboost|p1a: Aegislash|atk|1\n|-unboost|p1b: Gardevoir|atk|1\n|turn|5\n|\n|t:|1776722313\n|-formechange|p1a: Aegislash|Aegislash|\n|move|p1a: Aegislash|King's Shield|p1a: Aegislash\n|-singleturn|p1a: Aegislash|Protect\n|move|p2b: Tauros|Wave Crash|p1a: Aegislash\n|-activate|p1a: Aegislash|move: Protect\n|-unboost|p2b: Tauros|atk|1\n|-enditem|p2b: Tauros|White Herb\n|-clearnegativeboost|p2b: Tauros|[silent]\n|move|p2a: Tsareena|Trop Kick|p1b: Gardevoir\n|-damage|p1b: Gardevoir|0 fnt\n|faint|p1b: Gardevoir\n|\n|-damage|p1a: Aegislash|27/100 brn|[from] brn\n|upkeep\n|\n|t:|1776722325\n|switch|p1b: Incineroar|Incineroar, L50, F, shiny|100/100\n|-ability|p1b: Incineroar|Intimidate|boost\n|-unboost|p2a: Tsareena|atk|1\n|-unboost|p2b: Tauros|atk|1\n|turn|6\n|inactive|Israel Big has 30 seconds left.\n|inactive|Israel Big has 20 seconds left.\n|inactive|Israel Big has 15 seconds left.\n|inactive|Israel Big has 10 seconds left.\n|inactive|Israel Big has 5 seconds left.\n|\n|t:|1776722380\n|move|p1a: Aegislash|King's Shield||[still]\n|-fail|p1a: Aegislash\n|move|p1b: Incineroar|Fake Out||[still]\n|cant|p2a: Tsareena|ability: Queenly Majesty|Fake Out|[of] p1b: Incineroar\n|move|p2b: Tauros|Wave Crash|p1b: Incineroar\n|-supereffective|p1b: Incineroar|1\n|-damage|p1b: Incineroar|19/100\n|-enditem|p1b: Incineroar|Sitrus Berry|[eat]\n|-heal|p1b: Incineroar|44/100|[from] item: Sitrus Berry\n|-damage|p2b: Tauros|72/100|[from] Recoil\n|move|p2a: Tsareena|Low Kick|p1b: Incineroar\n|-supereffective|p1b: Incineroar|1\n|-damage|p1b: Incineroar|12/100\n|\n|-damage|p1a: Aegislash|21/100 brn|[from] brn\n|-sideend|p2: NathanaelW19|move: Tailwind\n|upkeep\n|turn|7\n|\n|t:|1776722393\n|move|p2b: Tauros|Aqua Jet|p1b: Incineroar\n|-supereffective|p1b: Incineroar|1\n|-damage|p1b: Incineroar|0 fnt\n|faint|p1b: Incineroar\n|move|p2a: Tsareena|Low Kick|p1a: Aegislash\n|-immune|p1a: Aegislash\n|-formechange|p1a: Aegislash|Aegislash-Blade|\n|move|p1a: Aegislash|Iron Head|p2a: Tsareena\n|-damage|p2a: Tsareena|0 fnt\n|faint|p2a: Tsareena\n|\n|-damage|p1a: Aegislash|15/100 brn|[from] brn\n|upkeep\n|inactive|Israel Big has 30 seconds left.\n|inactive|Israel Big has 20 seconds left.\n|inactive|Israel Big has 15 seconds left.\n|inactive|Israel Big has 10 seconds left.\n|\n|t:|1776722442\n|switch|p2a: Floette|Floette-Eternal, L50, F|100/100\n|switch|p1b: Garchomp|Garchomp, L50, M|100/100\n|turn|8\n|\n|t:|1776722457\n|detailschange|p2a: Floette|Floette-Mega, L50, F\n|-mega|p2a: Floette|Floette|Floettite\n|-ability|p2a: Floette|Fairy Aura\n|-formechange|p1a: Aegislash|Aegislash|\n|move|p1a: Aegislash|King's Shield|p1a: Aegislash\n|-singleturn|p1a: Aegislash|Protect\n|move|p1b: Garchomp|Earthquake|p2b: Tauros|[spread] p2a,p2b\n|-activate|p1a: Aegislash|move: Protect\n|-damage|p2a: Floette|43/100\n|-damage|p2b: Tauros|24/100\n|move|p2b: Tauros|Wave Crash|p1b: Garchomp\n|-damage|p1b: Garchomp|64/100\n|-damage|p2b: Tauros|12/100|[from] ability: Rough Skin|[of] p1b: Garchomp\n|-damage|p2b: Tauros|0 fnt|[from] Recoil\n|faint|p2b: Tauros\n|move|p2a: Floette|Moonblast|p1b: Garchomp\n|-supereffective|p1b: Garchomp|1\n|-damage|p1b: Garchomp|0 fnt\n|faint|p1b: Garchomp\n|\n|-damage|p1a: Aegislash|9/100 brn|[from] brn\n|upkeep\n|turn|9\n|\n|t:|1776722478\n|move|p2a: Floette|Protect|p2a: Floette\n|-singleturn|p2a: Floette|Protect\n|-formechange|p1a: Aegislash|Aegislash-Blade|\n|move|p1a: Aegislash|Iron Head|p2a: Floette\n|-activate|p2a: Floette|move: Protect\n|\n|-damage|p1a: Aegislash|3/100 brn|[from] brn\n|upkeep\n|turn|10\n|\n|t:|1776722486\n|move|p2a: Floette|Moonblast|p1a: Aegislash\n|-resisted|p1a: Aegislash|1\n|-damage|p1a: Aegislash|0 fnt\n|faint|p1a: Aegislash\n|\n|win|NathanaelW19\n|raw|Israel Big's rating: 1237 &rarr; <strong>1217</strong><br />(-20 for losing)\n|raw|NathanaelW19's rating: 1301 &rarr; <strong>1317</strong><br />(+16 for winning)\n|l|\u2606Israel Big\n|player|p1|\n",
  "uploadtime": 1776722493,
  "views": 5,
  "formatid": "gen9championsvgc2026regma",
  "rating": 1217,
  "private": 0,
  "password": null
}