{
  "id": "gen9championsvgc2026regma-2580801831",
  "format": "[Gen 9 Champions] VGC 2026 Reg M-A",
  "players": [
    "hooknitesummit",
    "Ninjabsol"
  ],
  "log": "|j|\u2606hooknitesummit\n|j|\u2606Ninjabsol\n|t:|1775933634\n|gametype|doubles\n|player|p1|hooknitesummit|169|1073\n|player|p2|Ninjabsol|170|1048\n|gen|9\n|tier|[Gen 9 Champions] VGC 2026 Reg M-A\n|rated|\n|rule|Species Clause: Limit one of each Pok\u00e9mon\n|rule|Item Clause: Limit 1 of each item\n|clearpoke\n|poke|p1|Incineroar, L50, M|\n|poke|p1|Sinistcha, L50|\n|poke|p1|Palafin, L50, M|\n|poke|p1|Primarina, L50, M|\n|poke|p1|Floette-Eternal, L50, F|\n|poke|p1|Toxicroak, L50, M|\n|poke|p2|Farigiraf, L50, M|\n|poke|p2|Klefki, L50, M|\n|poke|p2|Machamp, L50, F|\n|poke|p2|Incineroar, L50, F|\n|poke|p2|Drampa, L50, M|\n|poke|p2|Sylveon, L50, F|\n|teampreview|4\n|inactive|Battle timer is ON: inactive players will automatically lose when time's up. (requested by Ninjabsol)\n|\n|t:|1775933665\n|teamsize|p1|4\n|teamsize|p2|4\n|start\n|switch|p1a: Palafin|Palafin, L50, M|100/100\n|switch|p1b: Floette|Floette-Eternal, L50, F|100/100\n|switch|p2a: Farigiraf|Farigiraf, L50, M|100/100\n|switch|p2b: Sylveon|Sylveon, L50, F|100/100\n|turn|1\n|\n|t:|1775933687\n|detailschange|p1b: Floette|Floette-Mega, L50, F\n|-mega|p1b: Floette|Floette|Floettite\n|-ability|p1b: Floette|Fairy Aura\n|move|p2b: Sylveon|Protect|p2b: Sylveon\n|-singleturn|p2b: Sylveon|Protect\n|move|p1b: Floette|Calm Mind|p1b: Floette\n|-boost|p1b: Floette|spa|1\n|-boost|p1b: Floette|spd|1\n|move|p1a: Palafin|Flip Turn|p2b: Sylveon\n|-activate|p2b: Sylveon|move: Protect\n|move|p2a: Farigiraf|Trick Room|p2a: Farigiraf\n|-fieldstart|move: Trick Room|[of] p2a: Farigiraf\n|\n|upkeep\n|turn|2\n|\n|t:|1775933708\n|move|p2a: Farigiraf|Ally Switch|p2a: Farigiraf\n|swap|p2a: Farigiraf|1|[from] move: Ally Switch\n|move|p2a: Sylveon|Hyper Voice|p1a: Palafin|[spread] p1a,p1b\n|-crit|p1a: Palafin\n|-damage|p1a: Palafin|0 fnt\n|-damage|p1b: Floette|61/100\n|faint|p1a: Palafin\n|move|p1b: Floette|Dazzling Gleam|p2a: Sylveon|[spread] p2a,p2b\n|-damage|p2a: Sylveon|49/100\n|-damage|p2b: Farigiraf|28/100\n|\n|upkeep\n|\n|t:|1775933717\n|switch|p1a: Toxicroak|Toxicroak, L50, M|100/100\n|turn|3\n|\n|t:|1775933731\n|switch|p1a: Primarina|Primarina, L50, M|100/100\n|move|p2b: Farigiraf|Psychic Noise|p1b: Floette\n|-damage|p1b: Floette|45/100\n|-start|p1b: Floette|move: Heal Block\n|move|p2a: Sylveon|Hyper Voice|p1b: Floette|[spread] p1a,p1b\n|-damage|p1a: Primarina|29/100\n|-damage|p1b: Floette|9/100\n|move|p1b: Floette|Dazzling Gleam|p2a: Sylveon|[spread] p2a,p2b\n|-damage|p2a: Sylveon|2/100\n|-damage|p2b: Farigiraf|0 fnt\n|faint|p2b: Farigiraf\n|\n|upkeep\n|\n|t:|1775933743\n|switch|p2b: Klefki|Klefki, L50, M|100/100\n|turn|4\n|\n|t:|1775933759\n|move|p1b: Floette|Protect|p1b: Floette\n|-singleturn|p1b: Floette|Protect\n|move|p2b: Klefki|Light Screen|p2b: Klefki\n|-sidestart|p2: Ninjabsol|move: Light Screen\n|move|p2a: Sylveon|Hyper Voice|p1b: Floette|[spread] p1a\n|-activate|p1b: Floette|move: Protect\n|-damage|p1a: Primarina|0 fnt\n|faint|p1a: Primarina\n|\n|-end|p1b: Floette|move: Heal Block\n|upkeep\n|\n|t:|1775933768\n|switch|p1a: Toxicroak|Toxicroak, L50, M|100/100\n|turn|5\n|\n|t:|1775933778\n|move|p2a: Sylveon|Protect|p2a: Sylveon\n|-singleturn|p2a: Sylveon|Protect\n|move|p1a: Toxicroak|Fake Out|p2a: Sylveon\n|-activate|p2a: Sylveon|move: Protect\n|move|p2b: Klefki|Dazzling Gleam|p1b: Floette|[spread] p1a,p1b\n|-damage|p1a: Toxicroak|66/100\n|-damage|p1b: Floette|0 fnt\n|faint|p1b: Floette\n|\n|-fieldend|move: Trick Room\n|upkeep\n|turn|6\n|\n|t:|1775933794\n|move|p2b: Klefki|Reflect|p2b: Klefki\n|-sidestart|p2: Ninjabsol|Reflect\n|move|p1a: Toxicroak|Knock Off|p2a: Sylveon\n|-resisted|p2a: Sylveon|1\n|-damage|p2a: Sylveon|0 fnt\n|-enditem|p2a: Sylveon|Fairy Feather|[from] move: Knock Off|[of] p1a: Toxicroak\n|faint|p2a: Sylveon\n|\n|upkeep\n|\n|t:|1775933797\n|switch|p2a: Incineroar|Incineroar, L50, F|100/100\n|-ability|p2a: Incineroar|Intimidate|boost\n|-unboost|p1a: Toxicroak|atk|1\n|turn|7\n|\n|t:|1775933803\n|move|p2a: Incineroar|Fake Out|p1a: Toxicroak\n|-damage|p1a: Toxicroak|50/100\n|cant|p1a: Toxicroak|flinch\n|move|p2b: Klefki|Dazzling Gleam|p1a: Toxicroak\n|-damage|p1a: Toxicroak|13/100\n|\n|upkeep\n|turn|8\n|\n|t:|1775933811\n|move|p1a: Toxicroak|Close Combat|p2a: Incineroar\n|-supereffective|p2a: Incineroar|1\n|-damage|p2a: Incineroar|50/100\n|-unboost|p1a: Toxicroak|def|1\n|-unboost|p1a: Toxicroak|spd|1\n|move|p2b: Klefki|Dazzling Gleam|p1a: Toxicroak\n|-damage|p1a: Toxicroak|0 fnt\n|faint|p1a: Toxicroak\n|\n|win|Ninjabsol\n|raw|hooknitesummit's rating: 1073 &rarr; <strong>1051</strong><br />(-22 for losing)\n|raw|Ninjabsol's rating: 1048 &rarr; <strong>1083</strong><br />(+35 for winning)\n",
  "uploadtime": 1775933820,
  "views": 17,
  "formatid": "gen9championsvgc2026regma",
  "rating": 1051,
  "private": 0,
  "password": null
}