{
  "id": "gen9championsvgc2026regma-2581032995",
  "format": "[Gen 9 Champions] VGC 2026 Reg M-A",
  "players": [
    "shinyalphamegasawk",
    "namboyVGC"
  ],
  "log": "|j|\u2606shinyalphamegasawk\n|j|\u2606namboyVGC\n|t:|1775953565\n|gametype|doubles\n|player|p1|shinyalphamegasawk|steven|1116\n|player|p2|namboyVGC|pokemonranger-gen4|1135\n|gen|9\n|tier|[Gen 9 Champions] VGC 2026 Reg M-A\n|rated|\n|rule|Species Clause: Limit one of each Pok\u00e9mon\n|rule|Item Clause: Limit 1 of each item\n|clearpoke\n|poke|p1|Gengar, L50, M|\n|poke|p1|Kommo-o, L50, M|\n|poke|p1|Incineroar, L50, F|\n|poke|p1|Kingambit, L50, F|\n|poke|p1|Tyranitar, L50, F|\n|poke|p1|Sinistcha-Masterpiece, L50|\n|poke|p2|Sableye, L50, F|\n|poke|p2|Sneasler, L50, F|\n|poke|p2|Maushold, L50|\n|poke|p2|Starmie, L50|\n|poke|p2|Delphox, L50, M|\n|poke|p2|Garchomp, L50, F|\n|teampreview|4\n|inactive|Battle timer is ON: inactive players will automatically lose when time's up. (requested by namboyVGC)\nnamboyVGC has agreed to open team sheets.\n|inactive|shinyalphamegasawk has 60 seconds left.\n|inactive|namboyVGC has 60 seconds left.\n|inactive|shinyalphamegasawk has 30 seconds left.\n|inactive|shinyalphamegasawk has 20 seconds left.\n|\n|t:|1775953637\n|teamsize|p1|4\n|teamsize|p2|4\n|start\n|switch|p1a: Incineroar|Incineroar, L50, F|100/100\n|switch|p1b: Kommo-o|Kommo-o, L50, M|100/100\n|switch|p2a: Sableye|Sableye, L50, F|100/100\n|switch|p2b: Sneasler|Sneasler, L50, F|100/100\n|-ability|p1a: Incineroar|Intimidate|boost\n|-unboost|p2a: Sableye|atk|1\n|-unboost|p2b: Sneasler|atk|1\n|turn|1\n|\n|t:|1775953657\n|move|p2b: Sneasler|Protect|p2b: Sneasler\n|-singleturn|p2b: Sneasler|Protect\n|move|p1a: Incineroar|Fake Out|p2b: Sneasler\n|-activate|p2b: Sneasler|move: Protect\n|move|p2a: Sableye|Swagger|p1b: Kommo-o\n|-boost|p1b: Kommo-o|atk|2\n|-start|p1b: Kommo-o|confusion\n|-activate|p1b: Kommo-o|confusion\n|move|p1b: Kommo-o|Clangorous Soul|p1b: Kommo-o\n|-boost|p1b: Kommo-o|atk|1\n|-boost|p1b: Kommo-o|def|1\n|-boost|p1b: Kommo-o|spa|1\n|-boost|p1b: Kommo-o|spd|1\n|-boost|p1b: Kommo-o|spe|1\n|-damage|p1b: Kommo-o|68/100\n|\n|-heal|p1b: Kommo-o|73/100|[from] item: Leftovers\n|upkeep\n|turn|2\n|inactive|shinyalphamegasawk has 30 seconds left.\n|\n|t:|1775953683\n|switch|p1a: Sinistcha|Sinistcha-Masterpiece, L50|100/100\n|-heal|p1b: Kommo-o|98/100|[from] ability: Hospitality|[of] p1a: Sinistcha\n|move|p2a: Sableye|Swagger|p2b: Sneasler\n|-boost|p2b: Sneasler|atk|2\n|-start|p2b: Sneasler|confusion\n|-enditem|p2b: Sneasler|Lum Berry|[eat]\n|-end|p2b: Sneasler|confusion\n|move|p2b: Sneasler|Close Combat|p1a: Sinistcha\n|-immune|p1a: Sinistcha\n|-activate|p1b: Kommo-o|confusion\n|-damage|p1b: Kommo-o|84/100|[from] confusion\n|\n|-heal|p1b: Kommo-o|90/100|[from] item: Leftovers\n|upkeep\n|turn|3\n|\n|t:|1775953703\n|switch|p1a: Incineroar|Incineroar, L50, F|100/100\n|-ability|p1a: Incineroar|Intimidate|boost\n|-unboost|p2a: Sableye|atk|1\n|-unboost|p2b: Sneasler|atk|1\n|move|p2a: Sableye|Gravity|p2a: Sableye\n|-fieldstart|move: Gravity\n|move|p2b: Sneasler|Throat Chop|p1a: Incineroar\n|-resisted|p1a: Incineroar|1\n|-damage|p1a: Incineroar|87/100\n|-start|p1a: Incineroar|Throat Chop|[silent]\n|-end|p1b: Kommo-o|confusion\n|move|p1b: Kommo-o|Clanging Scales|p2a: Sableye|[spread] p2a,p2b\n|-damage|p2a: Sableye|26/100\n|-damage|p2b: Sneasler|23/100\n|-unboost|p1b: Kommo-o|def|1\n|\n|-heal|p1b: Kommo-o|96/100|[from] item: Leftovers\n|upkeep\n|turn|4\n|inactive|shinyalphamegasawk has 30 seconds left.\n|\n|t:|1775953737\n|switch|p1a: Sinistcha|Sinistcha-Masterpiece, L50|100/100\n|-heal|p1b: Kommo-o|100/100|[from] ability: Hospitality|[of] p1a: Sinistcha\n|move|p1b: Kommo-o|Protect|p1b: Kommo-o\n|-singleturn|p1b: Kommo-o|Protect\n|move|p2a: Sableye|Swagger|p1b: Kommo-o\n|-activate|p1b: Kommo-o|move: Protect\n|move|p2b: Sneasler|Close Combat|p1a: Sinistcha\n|-immune|p1a: Sinistcha\n|\n|upkeep\n|turn|5\n|\n|t:|1775953753\n|move|p1a: Sinistcha|Rage Powder|p1a: Sinistcha\n|-singleturn|p1a: Sinistcha|move: Rage Powder\n|move|p2a: Sableye|Swagger|p1a: Sinistcha\n|-boost|p1a: Sinistcha|atk|2\n|-start|p1a: Sinistcha|confusion\n|move|p2b: Sneasler|Close Combat|p1a: Sinistcha\n|-immune|p1a: Sinistcha\n|move|p1b: Kommo-o|Clanging Scales|p2b: Sneasler|[spread] p2a,p2b\n|-damage|p2a: Sableye|0 fnt\n|-damage|p2b: Sneasler|0 fnt\n|faint|p2a: Sableye\n|faint|p2b: Sneasler\n|-unboost|p1b: Kommo-o|def|1\n|\n|upkeep\n|\n|t:|1775953757\n|switch|p2b: Starmie|Starmie, L50|100/100\n|switch|p2a: Maushold|Maushold, L50|100/100\n|turn|6\n|\n|t:|1775953765\n|switch|p1a: Incineroar|Incineroar, L50, F|87/100\n|-ability|p1a: Incineroar|Intimidate|boost\n|-unboost|p2a: Maushold|atk|1\n|-unboost|p2b: Starmie|atk|1\n|detailschange|p2b: Starmie|Starmie-Mega, L50\n|-mega|p2b: Starmie|Starmie|Starminite\n|move|p1b: Kommo-o|Protect|p1b: Kommo-o\n|-singleturn|p1b: Kommo-o|Protect\n|move|p2b: Starmie|Ice Spinner|p1a: Incineroar\n|-resisted|p1a: Incineroar|1\n|-damage|p1a: Incineroar|76/100\n|move|p2a: Maushold|Population Bomb|p1b: Kommo-o\n|-activate|p1b: Kommo-o|move: Protect\n|\n|upkeep\n|turn|7\n|-message|namboyVGC forfeited.\n|\n|win|shinyalphamegasawk\n|raw|shinyalphamegasawk's rating: 1116 &rarr; <strong>1142</strong><br />(+26 for winning)\n|raw|namboyVGC's rating: 1135 &rarr; <strong>1109</strong><br />(-26 for losing)\n",
  "uploadtime": 1775953773,
  "views": 12,
  "formatid": "gen9championsvgc2026regma",
  "rating": 1109,
  "private": 0,
  "password": null
}