{
  "id": "gen9championsvgc2026regma-2583489309",
  "format": "[Gen 9 Champions] VGC 2026 Reg M-A",
  "players": [
    "mertzzz",
    "Randomintovoid"
  ],
  "log": "|j|\u2606mertzzz\n|j|\u203dRandomintovoid\n|t:|1776178901\n|gametype|doubles\n|player|p1|mertzzz|nate|1128\n|player|p2|Randomintovoid|ethan|1080\n|gen|9\n|tier|[Gen 9 Champions] VGC 2026 Reg M-A\n|rated|\n|rule|Species Clause: Limit one of each Pok\u00e9mon\n|rule|Item Clause: Limit 1 of each item\n|clearpoke\n|poke|p1|Charizard, L50, M|\n|poke|p1|Sneasler, L50, M|\n|poke|p1|Garchomp, L50, M|\n|poke|p1|Whimsicott, L50, F|\n|poke|p1|Maushold-Four, L50|\n|poke|p1|Kingambit, L50, F|\n|poke|p2|Blastoise, L50, M|\n|poke|p2|Pelipper, L50, F|\n|poke|p2|Basculegion, L50, M|\n|poke|p2|Archaludon, L50, F|\n|poke|p2|Dragonite, L50, M|\n|poke|p2|Incineroar, L50, M|\n|teampreview|4\n|inactive|Battle timer is ON: inactive players will automatically lose when time's up. (requested by Randomintovoid)\n|\n|t:|1776178948\n|teamsize|p1|4\n|teamsize|p2|4\n|start\n|switch|p1a: algodoncin|Whimsicott, L50, F, shiny|100/100\n|switch|p1b: j.epst3in|Sneasler, L50, M, shiny|100/100\n|switch|p2a: Basculegion|Basculegion, L50, M|100/100\n|switch|p2b: Incineroar|Incineroar, L50, M|100/100\n|-ability|p2b: Incineroar|Intimidate|boost\n|-unboost|p1a: algodoncin|atk|1\n|-unboost|p1b: j.epst3in|atk|1\n|-enditem|p1b: j.epst3in|White Herb\n|-clearnegativeboost|p1b: j.epst3in|[silent]\n|turn|1\n|\n|t:|1776178973\n|move|p2b: Incineroar|Fake Out|p1a: algodoncin\n|-damage|p1a: algodoncin|87/100\n|move|p1b: j.epst3in|Dire Claw|p2a: Basculegion\n|-resisted|p2a: Basculegion|1\n|-damage|p2a: Basculegion|74/100\n|-status|p2a: Basculegion|par\n|cant|p1a: algodoncin|flinch\n|move|p2a: Basculegion|Zen Headbutt|p1b: j.epst3in\n|-supereffective|p1b: j.epst3in|2\n|-damage|p1b: j.epst3in|0 fnt\n|faint|p1b: j.epst3in\n|\n|upkeep\n|\n|t:|1776178989\n|switch|p1b: ibai|Kingambit, L50, F|100/100\n|turn|2\n|\n|t:|1776178998\n|switch|p2a: Pelipper|Pelipper, L50, F|100/100\n|-weather|RainDance|[from] ability: Drizzle|[of] p2a: Pelipper\n|move|p1a: algodoncin|Encore|p2b: Incineroar\n|-hint|Since gen 7, Dark is immune to Prankster moves.\n|-immune|p2b: Incineroar\n|move|p1b: ibai|Sucker Punch||[still]\n|-fail|p1b: ibai\n|move|p2b: Incineroar|Flare Blitz|p1a: algodoncin\n|-supereffective|p1a: algodoncin|1\n|-damage|p1a: algodoncin|31/100\n|-damage|p2b: Incineroar|86/100|[from] Recoil\n|\n|-weather|RainDance|[upkeep]\n|upkeep\n|turn|3\n|\n|t:|1776179018\n|move|p1a: algodoncin|Moonblast|p2b: Incineroar\n|-damage|p2b: Incineroar|65/100\n|move|p1b: ibai|Low Kick|p2b: Incineroar\n|-supereffective|p2b: Incineroar|1\n|-damage|p2b: Incineroar|8/100\n|-enditem|p2b: Incineroar|Sitrus Berry|[eat]\n|-heal|p2b: Incineroar|33/100|[from] item: Sitrus Berry\n|move|p2a: Pelipper|Tailwind|p2a: Pelipper\n|-sidestart|p2: Randomintovoid|move: Tailwind\n|move|p2b: Incineroar|Flare Blitz|p1a: algodoncin\n|-supereffective|p1a: algodoncin|1\n|-damage|p1a: algodoncin|0 fnt\n|faint|p1a: algodoncin\n|-damage|p2b: Incineroar|24/100|[from] Recoil\n|\n|-weather|RainDance|[upkeep]\n|upkeep\n|\n|t:|1776179030\n|switch|p1a: to caliente|Charizard, L50, M, shiny|100/100\n|turn|4\n|\n|t:|1776179048\n|switch|p2a: Blastoise|Blastoise, L50, M|100/100\n|detailschange|p1a: to caliente|Charizard-Mega-Y, L50, M, shiny\n|-mega|p1a: to caliente|Charizard|Charizardite Y\n|-weather|SunnyDay|[from] ability: Drought|[of] p1a: to caliente\n|move|p2b: Incineroar|Parting Shot|p1a: to caliente\n|-unboost|p1a: to caliente|atk|1\n|-unboost|p1a: to caliente|spa|1\n|\n|t:|1776179056\n|switch|p2b: Pelipper|Pelipper, L50, F|100/100|[from] Parting Shot\n|-weather|RainDance|[from] ability: Drizzle|[of] p2b: Pelipper\n|move|p1a: to caliente|Heat Wave|p2b: Pelipper|[spread] p2a,p2b\n|-resisted|p2a: Blastoise|1\n|-resisted|p2b: Pelipper|1\n|-damage|p2a: Blastoise|93/100\n|-damage|p2b: Pelipper|94/100\n|-status|p2a: Blastoise|brn\n|move|p1b: ibai|Kowtow Cleave|p2a: Blastoise\n|-damage|p2a: Blastoise|19/100 brn\n|\n|-weather|RainDance|[upkeep]\n|-heal|p2a: Blastoise|25/100 brn|[from] ability: Rain Dish\n|-damage|p2a: Blastoise|19/100 brn|[from] brn\n|upkeep\n|turn|5\n|inactive|Randomintovoid has 30 seconds left.\n|\n|t:|1776179085\n|detailschange|p2a: Blastoise|Blastoise-Mega, L50, M\n|-mega|p2a: Blastoise|Blastoise|Blastoisinite\n|move|p1b: ibai|Sucker Punch|p2a: Blastoise\n|-damage|p2a: Blastoise|0 fnt\n|faint|p2a: Blastoise\n|move|p2b: Pelipper|Hurricane|p1b: ibai\n|-resisted|p1b: ibai|1\n|-damage|p1b: ibai|81/100\n|move|p1a: to caliente|Heat Wave|p2b: Pelipper\n|-resisted|p2b: Pelipper|1\n|-damage|p2b: Pelipper|84/100\n|\n|-weather|RainDance|[upkeep]\n|upkeep\n|\n|t:|1776179096\n|switch|p2a: Basculegion|Basculegion, L50, M|74/100 par\n|turn|6\n|\n|t:|1776179109\n|move|p1a: to caliente|Protect|p1a: to caliente\n|-singleturn|p1a: to caliente|Protect\n|move|p2a: Basculegion|Wave Crash|p1a: to caliente\n|-activate|p1a: to caliente|move: Protect\n|move|p2b: Pelipper|Hurricane|p1b: ibai\n|-resisted|p1b: ibai|1\n|-damage|p1b: ibai|61/100\n|-start|p1b: ibai|confusion\n|-activate|p1b: ibai|confusion\n|-damage|p1b: ibai|48/100|[from] confusion\n|\n|-weather|RainDance|[upkeep]\n|-sideend|p2: Randomintovoid|move: Tailwind\n|upkeep\n|turn|7\n|\n|t:|1776179134\n|switch|p2a: Incineroar|Incineroar, L50, M|24/100\n|-ability|p2a: Incineroar|Intimidate|boost\n|-unboost|p1a: to caliente|atk|1\n|-unboost|p1b: ibai|atk|1\n|-ability|p1b: ibai|Defiant|boost\n|-boost|p1b: ibai|atk|2\n|move|p1a: to caliente|Heat Wave|p2b: Pelipper|[spread] p2a,p2b\n|-resisted|p2a: Incineroar|1\n|-resisted|p2b: Pelipper|1\n|-damage|p2a: Incineroar|19/100\n|-damage|p2b: Pelipper|76/100\n|-activate|p1b: ibai|confusion\n|move|p1b: ibai|Kowtow Cleave|p2a: Incineroar\n|-resisted|p2a: Incineroar|1\n|-damage|p2a: Incineroar|0 fnt\n|faint|p2a: Incineroar\n|move|p2b: Pelipper|Hurricane|p1b: ibai\n|-resisted|p1b: ibai|1\n|-damage|p1b: ibai|27/100\n|\n|-weather|RainDance|[upkeep]\n|upkeep\n|\n|t:|1776179150\n|switch|p2a: Basculegion|Basculegion, L50, M|74/100 par\n|turn|8\n|\n|t:|1776179159\n|-activate|p1b: ibai|confusion\n|move|p1b: ibai|Sucker Punch|p2a: Basculegion\n|-supereffective|p2a: Basculegion|1\n|-damage|p2a: Basculegion|0 fnt\n|faint|p2a: Basculegion\n|move|p1a: to caliente|Heat Wave|p2b: Pelipper\n|-resisted|p2b: Pelipper|1\n|-damage|p2b: Pelipper|66/100\n|move|p2b: Pelipper|Hurricane|p1b: ibai\n|-resisted|p1b: ibai|1\n|-damage|p1b: ibai|9/100\n|\n|-weather|none\n|upkeep\n|turn|9\n|\n|t:|1776179175\n|-activate|p1b: ibai|confusion\n|-damage|p1b: ibai|0 fnt|[from] confusion\n|faint|p1b: ibai\n|move|p1a: to caliente|Heat Wave|p2b: Pelipper\n|-resisted|p2b: Pelipper|1\n|-damage|p2b: Pelipper|43/100\n|move|p2b: Pelipper|Hurricane|p1a: to caliente\n|-damage|p1a: to caliente|66/100\n|-start|p1a: to caliente|confusion\n|\n|upkeep\n|turn|10\n|\n|t:|1776179186\n|-activate|p1a: to caliente|confusion\n|move|p1a: to caliente|Protect|p1a: to caliente\n|-singleturn|p1a: to caliente|Protect\n|move|p2b: Pelipper|Hurricane|p1a: to caliente\n|-activate|p1a: to caliente|move: Protect\n|\n|upkeep\n|turn|11\n|\n|t:|1776179198\n|-activate|p1a: to caliente|confusion\n|move|p1a: to caliente|Heat Wave|p2b: Pelipper\n|-resisted|p2b: Pelipper|1\n|-damage|p2b: Pelipper|23/100\n|move|p2b: Pelipper|Hurricane|p1a: to caliente\n|-damage|p1a: to caliente|34/100\n|\n|upkeep\n|turn|12\n|\n|t:|1776179206\n|-activate|p1a: to caliente|confusion\n|-damage|p1a: to caliente|29/100|[from] confusion\n|move|p2b: Pelipper|Hurricane|p1a: to caliente\n|-damage|p1a: to caliente|0 fnt\n|faint|p1a: to caliente\n|\n|win|Randomintovoid\n|raw|mertzzz's rating: 1128 &rarr; <strong>1100</strong><br />(-28 for losing)\n|raw|Randomintovoid's rating: 1080 &rarr; <strong>1112</strong><br />(+32 for winning)\n|l|\u2606mertzzz\n|player|p1|\n",
  "uploadtime": 1776179233,
  "views": 14,
  "formatid": "gen9championsvgc2026regma",
  "rating": 1100,
  "private": 0,
  "password": null
}