{
  "id": "gen9championsvgc2026regma-2587307439",
  "format": "[Gen 9 Champions] VGC 2026 Reg M-A",
  "players": [
    "natalatalie",
    "Treecko28"
  ],
  "log": "|j|\u2606natalatalie\n|j|\u2606Treecko28\n|t:|1776520487\n|gametype|doubles\n|player|p1|natalatalie|cynthia|1077\n|player|p2|Treecko28|morty|1000\n|gen|9\n|tier|[Gen 9 Champions] VGC 2026 Reg M-A\n|rated|\n|rule|Species Clause: Limit one of each Pok\u00e9mon\n|rule|Item Clause: Limit 1 of each item\n|clearpoke\n|poke|p1|Aegislash, L50, F|\n|poke|p1|Sandaconda, L50, M|\n|poke|p1|Heliolisk, L50, M|\n|poke|p1|Drampa, L50, F|\n|poke|p1|Chimecho, L50, M|\n|poke|p1|Aerodactyl, L50, M|\n|poke|p2|Starmie, L50|\n|poke|p2|Chandelure, L50, F|\n|poke|p2|Alcremie, L50, F|\n|poke|p2|Clefable, L50, M|\n|poke|p2|Sableye, L50, M|\n|poke|p2|Ceruledge, L50, M|\n|teampreview|4\n|\n|t:|1776520533\n|teamsize|p1|4\n|teamsize|p2|4\n|start\n|switch|p1a: Sandaconda|Sandaconda, L50, M|100/100\n|switch|p1b: Aerodactyl|Aerodactyl, L50, M|100/100\n|switch|p2a: Starmie|Starmie, L50|100/100\n|switch|p2b: Sableye|Sableye, L50, M|100/100\n|-ability|p1b: Aerodactyl|Unnerve\n|turn|1\n|\n|t:|1776520579\n|detailschange|p1b: Aerodactyl|Aerodactyl-Mega, L50, M\n|-mega|p1b: Aerodactyl|Aerodactyl|Aerodactylite\n|move|p2b: Sableye|Fake Out|p1b: Aerodactyl\n|-resisted|p1b: Aerodactyl|1\n|-damage|p1b: Aerodactyl|96/100\n|cant|p1b: Aerodactyl|flinch\n|move|p2a: Starmie|Minimize|p2a: Starmie\n|-boost|p2a: Starmie|evasion|2\n|move|p1a: Sandaconda|Coil|p1a: Sandaconda\n|-boost|p1a: Sandaconda|atk|1\n|-boost|p1a: Sandaconda|def|1\n|-boost|p1a: Sandaconda|accuracy|1\n|\n|upkeep\n|turn|2\n|\n|t:|1776520600\n|move|p2b: Sableye|Encore|p1a: Sandaconda\n|-start|p1a: Sandaconda|Encore\n|move|p1b: Aerodactyl|Crunch|p2a: Starmie\n|-supereffective|p2a: Starmie|1\n|-damage|p2a: Starmie|5/100\n|move|p2a: Starmie|Minimize|p2a: Starmie\n|-boost|p2a: Starmie|evasion|2\n|move|p1a: Sandaconda|Coil|p1a: Sandaconda\n|-boost|p1a: Sandaconda|atk|1\n|-boost|p1a: Sandaconda|def|1\n|-boost|p1a: Sandaconda|accuracy|1\n|\n|upkeep\n|turn|3\n|\n|t:|1776520629\n|move|p2b: Sableye|Disable|p1b: Aerodactyl\n|-start|p1b: Aerodactyl|Disable|Crunch\n|cant|p1b: Aerodactyl|Disable|Crunch\n|move|p2a: Starmie|Minimize|p2a: Starmie\n|-boost|p2a: Starmie|evasion|2\n|move|p1a: Sandaconda|Coil|p1a: Sandaconda\n|-boost|p1a: Sandaconda|atk|1\n|-boost|p1a: Sandaconda|def|1\n|-boost|p1a: Sandaconda|accuracy|1\n|\n|upkeep\n|turn|4\n|\n|t:|1776520645\n|move|p2b: Sableye|Skill Swap|p2a: Starmie\n|-activate|p2b: Sableye|Skill Swap|||[of] p2a: Starmie\n|move|p2a: Starmie|Recover|p2a: Starmie\n|-heal|p2a: Starmie|55/100\n|move|p1b: Aerodactyl|Dual Wingbeat|p2a: Starmie|[miss]\n|-miss|p1b: Aerodactyl|p2a: Starmie\n|move|p1a: Sandaconda|Coil|p1a: Sandaconda\n|-boost|p1a: Sandaconda|atk|1\n|-boost|p1a: Sandaconda|def|1\n|-boost|p1a: Sandaconda|accuracy|1\n|\n|-end|p1a: Sandaconda|Encore\n|upkeep\n|turn|5\n|\n|t:|1776520703\n|move|p2a: Starmie|Substitute|p2a: Starmie\n|-start|p2a: Starmie|Substitute\n|-damage|p2a: Starmie|30/100\n|move|p1b: Aerodactyl|Dual Wingbeat|p2a: Starmie|[miss]\n|-miss|p1b: Aerodactyl|p2a: Starmie\n|move|p1a: Sandaconda|Earthquake|p2b: Sableye|[spread] p2b\n|-immune|p1b: Aerodactyl\n|-miss|p1a: Sandaconda|p2a: Starmie\n|-damage|p2b: Sableye|22/100\n|-enditem|p2b: Sableye|Sitrus Berry|[eat]\n|-heal|p2b: Sableye|47/100|[from] item: Sitrus Berry\n|move|p2b: Sableye|Disable|p1a: Sandaconda\n|-start|p1a: Sandaconda|Disable|Earthquake\n|\n|upkeep\n|turn|6\n|\n|t:|1776520733\n|move|p2a: Starmie|Recover|p2a: Starmie\n|-heal|p2a: Starmie|81/100\n|move|p1b: Aerodactyl|Dragon Claw|p2b: Sableye\n|-damage|p2b: Sableye|7/100\n|move|p1a: Sandaconda|Stealth Rock|p2a: Starmie\n|-sidestart|p2: Treecko28|move: Stealth Rock\n|move|p2b: Sableye|Skill Swap|p1b: Aerodactyl\n|-activate|p2b: Sableye|Skill Swap|Tough Claws|Illuminate|[of] p1b: Aerodactyl\n|\n|-end|p1b: Aerodactyl|Disable\n|upkeep\n|turn|7\n|\n|t:|1776520752\n|move|p1b: Aerodactyl|Crunch|p2a: Starmie\n|-supereffective|p2a: Starmie|1\n|-end|p2a: Starmie|Substitute\n|move|p1a: Sandaconda|Glare|p2b: Sableye\n|-status|p2b: Sableye|par\n|move|p2b: Sableye|Skill Swap|p1b: Aerodactyl\n|-activate|p2b: Sableye|Skill Swap|Illuminate|Tough Claws|[of] p1b: Aerodactyl\n|move|p2a: Starmie|Trick Room|p2a: Starmie\n|-fieldstart|move: Trick Room|[of] p2a: Starmie\n|\n|upkeep\n|turn|8\n|\n|t:|1776520770\n|move|p2a: Starmie|Substitute|p2a: Starmie\n|-start|p2a: Starmie|Substitute\n|-damage|p2a: Starmie|56/100\n|move|p2b: Sableye|Encore|p1a: Sandaconda\n|-start|p1a: Sandaconda|Encore\n|move|p1a: Sandaconda|Glare|p2b: Sableye\n|-fail|p2b: Sableye|par\n|move|p1b: Aerodactyl|Crunch|p2b: Sableye\n|-damage|p2b: Sableye|0 fnt\n|faint|p2b: Sableye\n|\n|upkeep\n|\n|t:|1776520789\n|switch|p2b: Ceruledge|Ceruledge, L50, M|100/100\n|-damage|p2b: Ceruledge|76/100|[from] Stealth Rock\n|turn|9\n|\n|t:|1776520797\n|move|p2a: Starmie|Recover|p2a: Starmie\n|-heal|p2a: Starmie|100/100\n|move|p1a: Sandaconda|Glare|p2b: Ceruledge\n|-status|p2b: Ceruledge|par\n|move|p2b: Ceruledge|Psych Up|p2a: Starmie\n|-copyboost|p2b: Ceruledge|p2a: Starmie|[from] move: Psych Up\n|move|p1b: Aerodactyl|Crunch|p2b: Ceruledge\n|-supereffective|p2b: Ceruledge|1\n|-damage|p2b: Ceruledge|0 fnt\n|faint|p2b: Ceruledge\n|\n|-end|p1a: Sandaconda|Disable\n|upkeep\n|\n|t:|1776520809\n|switch|p2b: Clefable|Clefable, L50, M|100/100\n|-damage|p2b: Clefable|88/100|[from] Stealth Rock\n|turn|10\n|\n|t:|1776520829\n|detailschange|p2b: Clefable|Clefable-Mega, L50, M\n|-mega|p2b: Clefable|Clefable|Clefablite\n|move|p2a: Starmie|Recover||[still]\n|-fail|p2a: Starmie|heal\n|move|p1a: Sandaconda|Glare|p2b: Clefable\n|move|p2b: Clefable|Glare|p1a: Sandaconda|[from] ability: Magic Bounce\n|-status|p1a: Sandaconda|par\n|move|p2b: Clefable|Psych Up|p2a: Starmie\n|-copyboost|p2b: Clefable|p2a: Starmie|[from] move: Psych Up\n|move|p1b: Aerodactyl|Crunch|p2a: Starmie\n|-supereffective|p2a: Starmie|1\n|-end|p2a: Starmie|Substitute\n|\n|-end|p1a: Sandaconda|Encore\n|upkeep\n|turn|11\n|\n|t:|1776520848\n|move|p2b: Clefable|Follow Me|p2b: Clefable\n|-singleturn|p2b: Clefable|move: Follow Me\n|move|p2a: Starmie|Substitute|p2a: Starmie\n|-start|p2a: Starmie|Substitute\n|-damage|p2a: Starmie|76/100\n|move|p1a: Sandaconda|Earthquake|p2a: Starmie|[spread] p2a\n|-immune|p1b: Aerodactyl\n|-immune|p2b: Clefable\n|-end|p2a: Starmie|Substitute\n|move|p1b: Aerodactyl|Crunch|p2b: Clefable|[miss]\n|-miss|p1b: Aerodactyl|p2b: Clefable\n|\n|-fieldend|move: Trick Room\n|upkeep\n|turn|12\n|\n|t:|1776520883\n|move|p2b: Clefable|Protect|p2b: Clefable\n|-singleturn|p2b: Clefable|Protect\n|move|p2a: Starmie|Substitute|p2a: Starmie\n|-start|p2a: Starmie|Substitute\n|-damage|p2a: Starmie|51/100\n|move|p1b: Aerodactyl|Dual Wingbeat|p2b: Clefable\n|-activate|p2b: Clefable|move: Protect\n|move|p1a: Sandaconda|Earthquake|p2a: Starmie|[spread] \n|-activate|p2b: Clefable|move: Protect\n|-immune|p1b: Aerodactyl\n|-miss|p1a: Sandaconda|p2a: Starmie\n|\n|upkeep\n|turn|13\n|\n|t:|1776520905\n|move|p2a: Starmie|Recover|p2a: Starmie\n|-heal|p2a: Starmie|100/100\n|move|p1b: Aerodactyl|Dual Wingbeat|p2b: Clefable|[miss]\n|-miss|p1b: Aerodactyl|p2b: Clefable\n|move|p2b: Clefable|Baton Pass||[still]\n|-fail|p2b: Clefable\n|move|p1a: Sandaconda|Earthquake|p2b: Clefable|[spread] p2a\n|-immune|p1b: Aerodactyl\n|-immune|p2b: Clefable\n|-end|p2a: Starmie|Substitute\n|\n|upkeep\n|turn|14\n|\n|t:|1776520939\n|move|p2a: Starmie|Substitute|p2a: Starmie\n|-start|p2a: Starmie|Substitute\n|-damage|p2a: Starmie|76/100\n|move|p1b: Aerodactyl|Crunch|p2a: Starmie|[miss]\n|-miss|p1b: Aerodactyl|p2a: Starmie\n|move|p2b: Clefable|Psych Up|p1a: Sandaconda\n|-copyboost|p2b: Clefable|p1a: Sandaconda|[from] move: Psych Up\n|move|p1a: Sandaconda|Earthquake|p2a: Starmie|[spread] p2a\n|-immune|p1b: Aerodactyl\n|-immune|p2b: Clefable\n|-end|p2a: Starmie|Substitute\n|\n|upkeep\n|turn|15\n|\n|t:|1776520962\n|move|p2b: Clefable|Follow Me|p2b: Clefable\n|-singleturn|p2b: Clefable|move: Follow Me\n|move|p2a: Starmie|Substitute|p2a: Starmie\n|-start|p2a: Starmie|Substitute\n|-damage|p2a: Starmie|51/100\n|move|p1b: Aerodactyl|Crunch|p2b: Clefable\n|-resisted|p2b: Clefable|1\n|-damage|p2b: Clefable|82/100\n|move|p1a: Sandaconda|Earthquake|p2a: Starmie|[spread] \n|-immune|p1b: Aerodactyl\n|-immune|p2b: Clefable\n|-miss|p1a: Sandaconda|p2a: Starmie\n|\n|upkeep\n|turn|16\n|inactive|Battle timer is ON: inactive players will automatically lose when time's up. (requested by Treecko28)\n|\n|t:|1776521002\n|move|p2a: Starmie|Recover|p2a: Starmie\n|-heal|p2a: Starmie|100/100\n|move|p1b: Aerodactyl|Crunch|p2a: Starmie|[miss]\n|-miss|p1b: Aerodactyl|p2a: Starmie\n|move|p2b: Clefable|Psych Up|p2a: Starmie\n|-copyboost|p2b: Clefable|p2a: Starmie|[from] move: Psych Up\n|move|p1a: Sandaconda|Earthquake|p2a: Starmie|[spread] \n|-immune|p1b: Aerodactyl\n|-immune|p2b: Clefable\n|-miss|p1a: Sandaconda|p2a: Starmie\n|\n|upkeep\n|turn|17\n|inactive|natalatalie has 30 seconds left.\n|\n|t:|1776521031\n|move|p2b: Clefable|Follow Me|p2b: Clefable\n|-singleturn|p2b: Clefable|move: Follow Me\n|move|p1b: Aerodactyl|Crunch|p2b: Clefable|[miss]\n|-miss|p1b: Aerodactyl|p2b: Clefable\n|move|p1a: Sandaconda|Earthquake|p2a: Starmie|[spread] \n|-immune|p1b: Aerodactyl\n|-immune|p2b: Clefable\n|-miss|p1a: Sandaconda|p2a: Starmie\n|move|p2a: Starmie|Trick Room|p2a: Starmie\n|-fieldstart|move: Trick Room|[of] p2a: Starmie\n|\n|upkeep\n|turn|18\n|inactive|natalatalie has 30 seconds left.\n|\n|t:|1776521062\n|move|p2b: Clefable|Follow Me|p2b: Clefable\n|-singleturn|p2b: Clefable|move: Follow Me\n|move|p2a: Starmie|Minimize|p2a: Starmie\n|-boost|p2a: Starmie|evasion|0\n|move|p1a: Sandaconda|Coil|p1a: Sandaconda\n|-boost|p1a: Sandaconda|atk|1\n|-boost|p1a: Sandaconda|def|1\n|-boost|p1a: Sandaconda|accuracy|1\n|move|p1b: Aerodactyl|Crunch|p2b: Clefable|[miss]\n|-miss|p1b: Aerodactyl|p2b: Clefable\n|\n|upkeep\n|turn|19\n|inactive|Treecko28 has 30 seconds left.\n|inactive|Treecko28 has 20 seconds left.\n|inactive|Treecko28 has 15 seconds left.\n|inactive|Treecko28 has 10 seconds left.\n|inactive|Treecko28 has 5 seconds left.\n|\n|t:|1776521113\n|move|p2b: Clefable|Follow Me|p2b: Clefable\n|-singleturn|p2b: Clefable|move: Follow Me\n|move|p1a: Sandaconda|Coil|p1a: Sandaconda\n|-boost|p1a: Sandaconda|atk|1\n|-boost|p1a: Sandaconda|def|1\n|-boost|p1a: Sandaconda|accuracy|1\n|move|p1b: Aerodactyl|Crunch|p2b: Clefable|[miss]\n|-miss|p1b: Aerodactyl|p2b: Clefable\n|move|p2a: Starmie|Trick Room|p2a: Starmie\n|-fieldend|move: Trick Room\n|\n|upkeep\n|turn|20\n|inactive|natalatalie has 30 seconds left.\n|inactive|Treecko28 has 30 seconds left.\n|inactive|Treecko28 has 20 seconds left.\n|inactive|Treecko28 has 15 seconds left.\n|inactive|Treecko28 has 10 seconds left.\n|inactive|Treecko28 has 5 seconds left.\n|\n|t:|1776521171\n|move|p2b: Clefable|Protect|p2b: Clefable\n|-singleturn|p2b: Clefable|Protect\n|move|p1b: Aerodactyl|Dual Wingbeat|p2b: Clefable\n|-activate|p2b: Clefable|move: Protect\n|move|p1a: Sandaconda|Earthquake|p2a: Starmie|[spread] p2a\n|-activate|p2b: Clefable|move: Protect\n|-immune|p1b: Aerodactyl\n|-end|p2a: Starmie|Substitute\n|move|p2a: Starmie|Trick Room|p2a: Starmie\n|-fieldstart|move: Trick Room|[of] p2a: Starmie\n|\n|upkeep\n|turn|21\n|inactive|Treecko28 has 30 seconds left.\n|inactive|Treecko28 has 20 seconds left.\n|inactive|Treecko28 has 15 seconds left.\n|inactive|Treecko28 has 10 seconds left.\n|inactive|Treecko28 has 5 seconds left.\n|\n|t:|1776521223\n|move|p2a: Starmie|Substitute|p2a: Starmie\n|-start|p2a: Starmie|Substitute\n|-damage|p2a: Starmie|76/100\n|move|p1a: Sandaconda|Earthquake|p2a: Starmie|[spread] p2a\n|-immune|p1b: Aerodactyl\n|-immune|p2b: Clefable\n|-end|p2a: Starmie|Substitute\n|move|p2b: Clefable|Baton Pass||[still]\n|-fail|p2b: Clefable\n|move|p1b: Aerodactyl|Dual Wingbeat|p2b: Clefable|[miss]\n|-miss|p1b: Aerodactyl|p2b: Clefable\n|\n|upkeep\n|turn|22\n|inactive|Treecko28 has 30 seconds left.\n|inactive|Treecko28 has 20 seconds left.\n|inactive|Treecko28 has 15 seconds left.\n|inactive|Treecko28 has 10 seconds left.\n|inactive|Treecko28 has 5 seconds left.\n|\n|t:|1776521276\n|move|p2b: Clefable|Protect|p2b: Clefable\n|-singleturn|p2b: Clefable|Protect\n|move|p2a: Starmie|Substitute|p2a: Starmie\n|-start|p2a: Starmie|Substitute\n|-damage|p2a: Starmie|51/100\n|move|p1a: Sandaconda|Earthquake|p2b: Clefable|[spread] p2a\n|-activate|p2b: Clefable|move: Protect\n|-immune|p1b: Aerodactyl\n|-end|p2a: Starmie|Substitute\n|move|p1b: Aerodactyl|Dual Wingbeat|p2b: Clefable\n|-activate|p2b: Clefable|move: Protect\n|\n|upkeep\n|turn|23\n|inactive|Treecko28 has 30 seconds left.\n|inactiveoff|Battle timer is now OFF.\n|inactive|Battle timer is ON: inactive players will automatically lose when time's up. (requested by natalatalie)\n|inactive|Treecko28 has 30 seconds left.\n|inactive|Treecko28 has 20 seconds left.\n|inactive|Treecko28 has 15 seconds left.\n|inactive|Treecko28 has 10 seconds left.\n|\n|t:|1776521396\n|move|p2b: Clefable|Follow Me|p2b: Clefable\n|-singleturn|p2b: Clefable|move: Follow Me\n|move|p2a: Starmie|Substitute|p2a: Starmie\n|-start|p2a: Starmie|Substitute\n|-damage|p2a: Starmie|27/100\n|move|p1a: Sandaconda|Glare|p2b: Clefable\n|move|p2b: Clefable|Glare|p1a: Sandaconda|[from] ability: Magic Bounce\n|-fail|p1a: Sandaconda|par\n|move|p1b: Aerodactyl|Dual Wingbeat|p2b: Clefable\n|-damage|p2b: Clefable|51/100\n|-damage|p2b: Clefable|23/100\n|-hitcount|p2b: Clefable|2\n|\n|upkeep\n|turn|24\n|\n|t:|1776521416\n|move|p2b: Clefable|Follow Me|p2b: Clefable\n|-singleturn|p2b: Clefable|move: Follow Me\n|move|p2a: Starmie|Recover|p2a: Starmie\n|-heal|p2a: Starmie|77/100\n|move|p1a: Sandaconda|Coil|p1a: Sandaconda\n|-boost|p1a: Sandaconda|atk|0\n|-boost|p1a: Sandaconda|def|0\n|-boost|p1a: Sandaconda|accuracy|0\n|move|p1b: Aerodactyl|Dual Wingbeat|p2b: Clefable|[miss]\n|-miss|p1b: Aerodactyl|p2b: Clefable\n|\n|-fieldend|move: Trick Room\n|upkeep\n|turn|25\n|inactive|natalatalie has 30 seconds left.\n|inactive|Treecko28 has 30 seconds left.\n|inactive|natalatalie has 20 seconds left.\n|inactive|Treecko28 has 20 seconds left.\n|inactive|Treecko28 has 15 seconds left.\n|inactive|Treecko28 has 10 seconds left.\n|inactive|Treecko28 has 5 seconds left.\n|\n|t:|1776521470\n|move|p2b: Clefable|Protect|p2b: Clefable\n|-singleturn|p2b: Clefable|Protect\n|move|p1b: Aerodactyl|Dual Wingbeat|p2b: Clefable\n|-activate|p2b: Clefable|move: Protect\n|move|p1a: Sandaconda|Glare||[still]\n|-fail|p1a: Sandaconda\n|move|p2a: Starmie|Trick Room|p2a: Starmie\n|-fieldstart|move: Trick Room|[of] p2a: Starmie\n|\n|upkeep\n|turn|26\n|inactive|Treecko28 has 30 seconds left.\n|inactive|Treecko28 has 20 seconds left.\n|inactive|Treecko28 has 15 seconds left.\n|inactive|Treecko28 has 10 seconds left.\n|\n|t:|1776521507\n|move|p2a: Starmie|Minimize|p2a: Starmie\n|-boost|p2a: Starmie|evasion|0\n|move|p1a: Sandaconda|Coil|p1a: Sandaconda\n|-boost|p1a: Sandaconda|atk|0\n|-boost|p1a: Sandaconda|def|0\n|-boost|p1a: Sandaconda|accuracy|0\n|move|p2b: Clefable|Baton Pass||[still]\n|-fail|p2b: Clefable\n|move|p1b: Aerodactyl|Dual Wingbeat|p2b: Clefable|[miss]\n|-miss|p1b: Aerodactyl|p2b: Clefable\n|\n|upkeep\n|turn|27\n|inactive|Treecko28 has 10 seconds left this turn.\n|inactive|Treecko28 has 5 seconds left.\n|-message|Treecko28 lost due to inactivity.\n|\n|win|natalatalie\n|raw|natalatalie's rating: 1077 &rarr; <strong>1099</strong><br />(+22 for winning)\n|raw|Treecko28's rating: 1000 &rarr; <strong>1000</strong><br />(+0 for losing)\n|l|\u2606natalatalie\n|player|p1|\n",
  "uploadtime": 1776521530,
  "views": 32,
  "formatid": "gen9championsvgc2026regma",
  "rating": 1000,
  "private": 0,
  "password": null
}