{
  "id": "gen9championsvgc2026regma-2583723263",
  "format": "[Gen 9 Champions] VGC 2026 Reg M-A",
  "players": [
    "cloud7n",
    "battle sim trainer"
  ],
  "log": "|j|\u2606cloud7n\n|j|\u2606battle sim trainer\n|t:|1776193316\n|gametype|doubles\n|player|p1|cloud7n|101|1000\n|player|p2|battle sim trainer|turo|1054\n|gen|9\n|tier|[Gen 9 Champions] VGC 2026 Reg M-A\n|rated|\n|rule|Species Clause: Limit one of each Pok\u00e9mon\n|rule|Item Clause: Limit 1 of each item\n|clearpoke\n|poke|p1|Corviknight, L50, F|\n|poke|p1|Delphox, L50, M|\n|poke|p1|Rotom-Wash, L50|\n|poke|p1|Sableye, L50, F|\n|poke|p1|Tauros-Paldea-Aqua, L50, M|\n|poke|p1|Garchomp, L50, F|\n|poke|p2|Farigiraf, L50, M|\n|poke|p2|Drampa, L50, F|\n|poke|p2|Sinistcha, L50|\n|poke|p2|Hatterene, L50, F|\n|poke|p2|Slowbro, L50, F|\n|poke|p2|Ninetales-Alola, L50, M|\n|teampreview|4\n|inactive|Battle timer is ON: inactive players will automatically lose when time's up. (requested by battle sim trainer)\n|\n|t:|1776193381\n|teamsize|p1|4\n|teamsize|p2|4\n|start\n|switch|p1a: Delphox|Delphox, L50, M, shiny|100/100\n|switch|p1b: Sableye|Sableye, L50, F|100/100\n|switch|p2a: Ninetales|Ninetales-Alola, L50, M|100/100\n|switch|p2b: Slowbro|Slowbro, L50, F|100/100\n|-weather|Snowscape|[from] ability: Snow Warning|[of] p2a: Ninetales\n|turn|1\n|inactive|battle sim trainer has 30 seconds left.\n|\n|t:|1776193415\n|detailschange|p1a: Delphox|Delphox-Mega, L50, M, shiny\n|-mega|p1a: Delphox|Delphox|Delphoxite\n|move|p1b: Sableye|Sunny Day|p1b: Sableye\n|-weather|SunnyDay\n|move|p1a: Delphox|Heat Wave|p2b: Slowbro|[spread] p2a,p2b\n|-supereffective|p2a: Ninetales|1\n|-resisted|p2b: Slowbro|1\n|-enditem|p2a: Ninetales|Focus Sash\n|-damage|p2a: Ninetales|1/100\n|-damage|p2b: Slowbro|73/100\n|-status|p2b: Slowbro|brn\n|move|p2a: Ninetales|Aurora Veil||[still]\n|-fail|p2a: Ninetales\n|move|p2b: Slowbro|Trick Room|p2b: Slowbro\n|-fieldstart|move: Trick Room|[of] p2b: Slowbro\n|\n|-weather|SunnyDay|[upkeep]\n|-heal|p2b: Slowbro|79/100 brn|[from] item: Leftovers\n|-damage|p2b: Slowbro|73/100 brn|[from] brn\n|upkeep\n|turn|2\n|\n|t:|1776193440\n|switch|p2a: Sinistcha|Sinistcha, L50|100/100\n|-heal|p2b: Slowbro|98/100 brn|[from] ability: Hospitality|[of] p2a: Sinistcha\n|switch|p1a: Rotom|Rotom-Wash, L50|100/100\n|move|p1b: Sableye|Encore|p2b: Slowbro\n|-start|p2b: Slowbro|Encore\n|move|p2b: Slowbro|Trick Room|p2b: Slowbro\n|-fieldend|move: Trick Room\n|\n|-weather|SunnyDay|[upkeep]\n|-heal|p2b: Slowbro|100/100 brn|[from] item: Leftovers\n|-damage|p2b: Slowbro|95/100 brn|[from] brn\n|upkeep\n|turn|3\n|\n|t:|1776193466\n|switch|p2a: Drampa|Drampa, L50, F|100/100\n|move|p1b: Sableye|Protect|p1b: Sableye\n|-singleturn|p1b: Sableye|Protect\n|move|p1a: Rotom|Volt Switch|p2b: Slowbro\n|-supereffective|p2b: Slowbro|1\n|-damage|p2b: Slowbro|26/100 brn\n|\n|t:|1776193482\n|switch|p1a: Delphox|Delphox-Mega, L50, M, shiny|100/100|[from] Volt Switch\n|move|p2b: Slowbro|Trick Room|p2b: Slowbro\n|-fieldstart|move: Trick Room|[of] p2b: Slowbro\n|\n|-weather|SunnyDay|[upkeep]\n|-heal|p2b: Slowbro|32/100 brn|[from] item: Leftovers\n|-damage|p2b: Slowbro|26/100 brn|[from] brn\n|upkeep\n|turn|4\n|\n|t:|1776193501\n|switch|p2b: Ninetales|Ninetales-Alola, L50, M|1/100\n|-weather|Snowscape|[from] ability: Snow Warning|[of] p2b: Ninetales\n|switch|p1b: Corviknight|Corviknight, L50, F, shiny|100/100\n|detailschange|p2a: Drampa|Drampa-Mega, L50, F\n|-mega|p2a: Drampa|Drampa|Drampanite\n|move|p2a: Drampa|Shadow Ball|p1a: Delphox\n|-supereffective|p1a: Delphox|1\n|-damage|p1a: Delphox|40/100\n|-unboost|p1a: Delphox|spd|1\n|move|p1a: Delphox|Dazzling Gleam|p2a: Drampa|[spread] p2a,p2b\n|-supereffective|p2a: Drampa|1\n|-damage|p2a: Drampa|64/100\n|-damage|p2b: Ninetales|0 fnt\n|faint|p2b: Ninetales\n|\n|-weather|Snowscape|[upkeep]\n|upkeep\n|\n|t:|1776193524\n|switch|p2b: Slowbro|Slowbro, L50, F|59/100 brn\n|turn|5\n|\n|t:|1776193542\n|move|p1a: Delphox|Protect|p1a: Delphox\n|-singleturn|p1a: Delphox|Protect\n|move|p2a: Drampa|Shadow Ball|p1a: Delphox\n|-activate|p1a: Delphox|move: Protect\n|move|p2b: Slowbro|Iron Defense|p2b: Slowbro\n|-boost|p2b: Slowbro|def|2\n|move|p1b: Corviknight|Body Press|p2b: Slowbro\n|-resisted|p2b: Slowbro|1\n|-damage|p2b: Slowbro|54/100 brn\n|\n|-weather|Snowscape|[upkeep]\n|-heal|p2b: Slowbro|60/100 brn|[from] item: Leftovers\n|-damage|p2b: Slowbro|54/100 brn|[from] brn\n|upkeep\n|turn|6\n|inactive|cloud7n has 30 seconds left.\n|inactive|battle sim trainer has 30 seconds left.\n|\n|t:|1776193571\n|switch|p1a: Rotom|Rotom-Wash, L50|100/100\n|move|p1b: Corviknight|Protect|p1b: Corviknight\n|-singleturn|p1b: Corviknight|Protect\n|move|p2a: Drampa|Shadow Ball|p1a: Rotom\n|-damage|p1a: Rotom|67/100\n|move|p2b: Slowbro|Slack Off|p2b: Slowbro\n|-heal|p2b: Slowbro|100/100 brn\n|\n|-weather|Snowscape|[upkeep]\n|-damage|p2b: Slowbro|95/100 brn|[from] brn\n|upkeep\n|turn|7\n|\n|t:|1776193589\n|move|p2a: Drampa|Hyper Voice|p1b: Corviknight|[spread] p1a,p1b\n|-resisted|p1b: Corviknight|1\n|-damage|p1a: Rotom|23/100\n|-damage|p1b: Corviknight|76/100\n|move|p2b: Slowbro|Iron Defense|p2b: Slowbro\n|-boost|p2b: Slowbro|def|2\n|move|p1a: Rotom|Electroweb|p2a: Drampa|[spread] p2a,p2b\n|-resisted|p2a: Drampa|1\n|-supereffective|p2b: Slowbro|1\n|-damage|p2a: Drampa|55/100\n|-damage|p2b: Slowbro|58/100 brn\n|-unboost|p2a: Drampa|spe|1\n|-unboost|p2b: Slowbro|spe|1\n|move|p1b: Corviknight|Tailwind|p1b: Corviknight\n|-sidestart|p1: cloud7n|move: Tailwind\n|\n|-weather|Snowscape|[upkeep]\n|-heal|p2b: Slowbro|64/100 brn|[from] item: Leftovers\n|-heal|p1b: Corviknight|82/100|[from] item: Leftovers\n|-damage|p2b: Slowbro|58/100 brn|[from] brn\n|-fieldend|move: Trick Room\n|upkeep\n|turn|8\n|\n|t:|1776193614\n|move|p1b: Corviknight|Body Press|p2a: Drampa\n|-supereffective|p2a: Drampa|1\n|-damage|p2a: Drampa|12/100\n|-ability|p2a: Drampa|Berserk|boost\n|-boost|p2a: Drampa|spa|1\n|move|p1a: Rotom|Volt Switch|p2b: Slowbro\n|-supereffective|p2b: Slowbro|1\n|-damage|p2b: Slowbro|0 fnt\n|faint|p2b: Slowbro\n|\n|t:|1776193629\n|switch|p1a: Sableye|Sableye, L50, F|100/100|[from] Volt Switch\n|move|p2a: Drampa|Hyper Voice|p1a: Sableye|[spread] p1b\n|-immune|p1a: Sableye\n|-resisted|p1b: Corviknight|1\n|-damage|p1b: Corviknight|48/100\n|\n|-weather|none\n|-heal|p1b: Corviknight|54/100|[from] item: Leftovers\n|upkeep\n|\n|t:|1776193634\n|switch|p2b: Sinistcha|Sinistcha, L50|100/100\n|-heal|p2a: Drampa|37/100|[from] ability: Hospitality|[of] p2b: Sinistcha\n|turn|9\n|\n|t:|1776193648\n|move|p1a: Sableye|Protect|p1a: Sableye\n|-singleturn|p1a: Sableye|Protect\n|move|p2a: Drampa|Protect|p2a: Drampa\n|-singleturn|p2a: Drampa|Protect\n|move|p1b: Corviknight|Body Press|p2a: Drampa\n|-activate|p2a: Drampa|move: Protect\n|move|p2b: Sinistcha|Trick Room|p2b: Sinistcha\n|-fieldstart|move: Trick Room|[of] p2b: Sinistcha\n|\n|-heal|p1b: Corviknight|60/100|[from] item: Leftovers\n|upkeep\n|turn|10\n|\n|t:|1776193671\n|move|p1a: Sableye|Encore|p2b: Sinistcha\n|-start|p2b: Sinistcha|Encore\n|move|p2a: Drampa|Shadow Ball|p1b: Corviknight\n|-crit|p1b: Corviknight\n|-damage|p1b: Corviknight|0 fnt\n|faint|p1b: Corviknight\n|move|p2b: Sinistcha|Trick Room|p2b: Sinistcha\n|-fieldend|move: Trick Room\n|\n|-sideend|p1: cloud7n|move: Tailwind\n|upkeep\n|\n|t:|1776193680\n|switch|p1b: Delphox|Delphox-Mega, L50, M, shiny|40/100\n|turn|11\n|\n|t:|1776193686\n|move|p1b: Delphox|Protect|p1b: Delphox\n|-singleturn|p1b: Delphox|Protect\n|move|p2a: Drampa|Protect|p2a: Drampa\n|-singleturn|p2a: Drampa|Protect\n|move|p1a: Sableye|Sunny Day|p1a: Sableye\n|-weather|SunnyDay\n|move|p2b: Sinistcha|Trick Room|p2b: Sinistcha\n|-fieldstart|move: Trick Room|[of] p2b: Sinistcha\n|\n|-weather|SunnyDay|[upkeep]\n|upkeep\n|turn|12\n|\n|t:|1776193701\n|move|p1a: Sableye|Encore|p2a: Drampa\n|-start|p2a: Drampa|Encore\n|move|p2a: Drampa|Protect||[still]\n|-fail|p2a: Drampa\n|move|p1b: Delphox|Heat Wave|p2b: Sinistcha|[spread] p2a,p2b\n|-resisted|p2a: Drampa|1\n|-supereffective|p2b: Sinistcha|1\n|-enditem|p2b: Sinistcha|Occa Berry|[eat]\n|-enditem|p2b: Sinistcha|Occa Berry|[weaken]\n|-damage|p2a: Drampa|8/100\n|-damage|p2b: Sinistcha|26/100\n|move|p2b: Sinistcha|Trick Room|p2b: Sinistcha\n|-fieldend|move: Trick Room\n|\n|-weather|SunnyDay|[upkeep]\n|-end|p2b: Sinistcha|Encore\n|upkeep\n|turn|13\n|c|\u2606battle sim trainer|i'm fumbling lol\n|-message|battle sim trainer forfeited.\n|\n|win|cloud7n\n|raw|cloud7n's rating: 1000 &rarr; <strong>1046</strong><br />(+46 for winning)\n|raw|battle sim trainer's rating: 1054 &rarr; <strong>1033</strong><br />(-21 for losing)\n",
  "uploadtime": 1776193728,
  "views": 14,
  "formatid": "gen9championsvgc2026regma",
  "rating": 1033,
  "private": 0,
  "password": null
}