{
  "id": "gen9championsvgc2026regma-2588940306",
  "format": "[Gen 9 Champions] VGC 2026 Reg M-A",
  "players": [
    "RyStarlium",
    "eelbboo2"
  ],
  "log": "|j|\u2606RyStarlium\n|j|\u2606eelbboo2\n|t:|1776687881\n|gametype|doubles\n|player|p1|RyStarlium|pokemaniac|1097\n|player|p2|eelbboo2|102|1051\n|gen|9\n|tier|[Gen 9 Champions] VGC 2026 Reg M-A\n|rated|\n|rule|Species Clause: Limit one of each Pok\u00e9mon\n|rule|Item Clause: Limit 1 of each item\n|clearpoke\n|poke|p1|Floette-Eternal, L50, F|\n|poke|p1|Whimsicott, L50, F|\n|poke|p1|Milotic, L50, F|\n|poke|p1|Talonflame, L50, F|\n|poke|p1|Tyranitar, L50, F|\n|poke|p1|Hydrapple, L50, F, shiny|\n|poke|p2|Charizard, L50, F|\n|poke|p2|Sneasler, L50, M|\n|poke|p2|Venusaur, L50, M|\n|poke|p2|Milotic, L50, F|\n|poke|p2|Archaludon, L50, M|\n|poke|p2|Whimsicott, L50, M|\n|teampreview|4\n|\n|t:|1776687898\n|teamsize|p1|4\n|teamsize|p2|4\n|start\n|switch|p1a: Whimsicott|Whimsicott, L50, F|100/100\n|switch|p1b: Hydrapple|Hydrapple, L50, F, shiny|100/100\n|switch|p2a: Charizard|Charizard, L50, F|100/100\n|switch|p2b: Venusaur|Venusaur, L50, M|100/100\n|turn|1\n|\n|t:|1776687924\n|detailschange|p2a: Charizard|Charizard-Mega-X, L50, F\n|-mega|p2a: Charizard|Charizard|Charizardite X\n|move|p2a: Charizard|Protect|p2a: Charizard\n|-singleturn|p2a: Charizard|Protect\n|move|p1b: Hydrapple|Protect|p1b: Hydrapple\n|-singleturn|p1b: Hydrapple|Protect\n|move|p2b: Venusaur|Sludge Bomb|p1a: Whimsicott\n|-supereffective|p1a: Whimsicott|2\n|-enditem|p1a: Whimsicott|Focus Sash\n|-damage|p1a: Whimsicott|1/100\n|-status|p1a: Whimsicott|psn\n|move|p1a: Whimsicott|Trick Room|p1a: Whimsicott\n|-fieldstart|move: Trick Room|[of] p1a: Whimsicott\n|\n|-damage|p1a: Whimsicott|0 fnt|[from] psn\n|faint|p1a: Whimsicott\n|upkeep\n|\n|t:|1776687942\n|switch|p1a: Milotic|Milotic, L50, F|100/100\n|turn|2\n|\n|t:|1776687957\n|move|p1b: Hydrapple|Fickle Beam|p2a: Charizard\n|-supereffective|p2a: Charizard|1\n|-damage|p2a: Charizard|28/100\n|move|p1a: Milotic|Scald|p2a: Charizard\n|-damage|p2a: Charizard|0 fnt\n|faint|p2a: Charizard\n|move|p2b: Venusaur|Energy Ball|p1a: Milotic\n|-supereffective|p1a: Milotic|1\n|-damage|p1a: Milotic|41/100\n|-enditem|p1a: Milotic|Sitrus Berry|[eat]\n|-heal|p1a: Milotic|65/100|[from] item: Sitrus Berry\n|\n|upkeep\n|\n|t:|1776687972\n|switch|p2a: Sneasler|Sneasler, L50, M|100/100\n|turn|3\n|\n|t:|1776687993\n|move|p1b: Hydrapple|Protect|p1b: Hydrapple\n|-singleturn|p1b: Hydrapple|Protect\n|move|p2a: Sneasler|Fake Out|p1b: Hydrapple\n|-activate|p1b: Hydrapple|move: Protect\n|move|p1a: Milotic|Recover|p1a: Milotic\n|-heal|p1a: Milotic|100/100\n|move|p2b: Venusaur|Energy Ball|p1a: Milotic\n|-supereffective|p1a: Milotic|1\n|-damage|p1a: Milotic|41/100\n|-unboost|p1a: Milotic|spd|1\n|-ability|p1a: Milotic|Competitive|boost\n|-boost|p1a: Milotic|spa|2\n|\n|upkeep\n|turn|4\n|\n|t:|1776688026\n|switch|p2a: Milotic|Milotic, L50, F|100/100\n|move|p1b: Hydrapple|Earth Power|p2a: Milotic\n|-damage|p2a: Milotic|80/100\n|move|p1a: Milotic|Ice Beam|p2b: Venusaur\n|-supereffective|p2b: Venusaur|1\n|-damage|p2b: Venusaur|0 fnt\n|faint|p2b: Venusaur\n|\n|-heal|p2a: Milotic|86/100|[from] item: Leftovers\n|upkeep\n|\n|t:|1776688039\n|switch|p2b: Sneasler|Sneasler, L50, M|100/100\n|turn|5\n|\n|t:|1776688058\n|move|p2b: Sneasler|Fake Out|p1b: Hydrapple\n|-damage|p1b: Hydrapple|89/100\n|cant|p1b: Hydrapple|flinch\n|move|p2a: Milotic|Icy Wind|p1a: Milotic|[spread] p1b\n|-miss|p2a: Milotic|p1a: Milotic\n|-supereffective|p1b: Hydrapple|2\n|-damage|p1b: Hydrapple|43/100\n|-unboost|p1b: Hydrapple|spe|1\n|move|p1a: Milotic|Scald|p2b: Sneasler\n|-damage|p2b: Sneasler|0 fnt\n|faint|p2b: Sneasler\n|\n|-heal|p1b: Hydrapple|49/100|[from] item: Leftovers\n|-heal|p2a: Milotic|92/100|[from] item: Leftovers\n|-fieldend|move: Trick Room\n|upkeep\n|turn|6\n|\n|t:|1776688079\n|move|p1b: Hydrapple|Protect|p1b: Hydrapple\n|-singleturn|p1b: Hydrapple|Protect\n|move|p2a: Milotic|Icy Wind|p1a: Milotic|[spread] p1a\n|-activate|p1b: Hydrapple|move: Protect\n|-resisted|p1a: Milotic|1\n|-damage|p1a: Milotic|36/100\n|-unboost|p1a: Milotic|spe|1\n|-ability|p1a: Milotic|Competitive|boost\n|-boost|p1a: Milotic|spa|2\n|move|p1a: Milotic|Recover|p1a: Milotic\n|-heal|p1a: Milotic|86/100\n|\n|-heal|p2a: Milotic|98/100|[from] item: Leftovers\n|-heal|p1b: Hydrapple|55/100|[from] item: Leftovers\n|upkeep\n|turn|7\n|-message|eelbboo2 forfeited.\n|\n|win|RyStarlium\n|raw|RyStarlium's rating: 1097 &rarr; <strong>1119</strong><br />(+22 for winning)\n|raw|eelbboo2's rating: 1051 &rarr; <strong>1036</strong><br />(-15 for losing)\n|l|\u2606eelbboo2\n|player|p2|\n",
  "uploadtime": 1776688118,
  "views": 10,
  "formatid": "gen9championsvgc2026regma",
  "rating": 1036,
  "private": 0,
  "password": null
}