{
  "id": "gen9championsvgc2026regma-2587174060",
  "format": "[Gen 9 Champions] VGC 2026 Reg M-A",
  "players": [
    "kendytelusma1234",
    "0Pt1Pr1M3"
  ],
  "log": "|j|\u2606kendytelusma1234\n|j|\u26060Pt1Pr1M3\n|t:|1776504272\n|gametype|doubles\n|player|p1|kendytelusma1234|170|1095\n|player|p2|0Pt1Pr1M3|hiker-gen4|1041\n|gen|9\n|tier|[Gen 9 Champions] VGC 2026 Reg M-A\n|rated|\n|rule|Species Clause: Limit one of each Pok\u00e9mon\n|rule|Item Clause: Limit 1 of each item\n|clearpoke\n|poke|p1|Scovillain, L50, F|\n|poke|p1|Garchomp, L50, F|\n|poke|p1|Gyarados, L50, M|\n|poke|p1|Hydreigon, L50, M|\n|poke|p1|Tyranitar, L50, M|\n|poke|p1|Rotom-Heat, L50|\n|poke|p2|Ditto, L50, shiny|\n|poke|p2|Gengar, L50, M|\n|poke|p2|Incineroar, L50, F|\n|poke|p2|Kleavor, L50, M|\n|poke|p2|Whimsicott, L50, M|\n|poke|p2|Maushold-Four, L50|\n|teampreview|4\n|\n|t:|1776504289\n|teamsize|p1|4\n|teamsize|p2|4\n|start\n|switch|p1a: Scovillain|Scovillain, L50, F|100/100\n|switch|p1b: Hydreigon|Hydreigon, L50, M|100/100\n|switch|p2a: Kleavor|Kleavor, L50, M|100/100\n|switch|p2b: Gengar|Gengar, L50, M|100/100\n|turn|1\n|inactive|Battle timer is ON: inactive players will automatically lose when time's up. (requested by 0Pt1Pr1M3)\n|\n|t:|1776504309\n|detailschange|p2b: Gengar|Gengar-Mega, L50, M\n|-mega|p2b: Gengar|Gengar|Gengarite\n|detailschange|p1a: Scovillain|Scovillain-Mega, L50, F\n|-mega|p1a: Scovillain|Scovillain|Scovillainite\n|move|p1a: Scovillain|Rage Powder|p1a: Scovillain\n|-singleturn|p1a: Scovillain|move: Rage Powder\n|move|p2a: Kleavor|Stone Axe|p1a: Scovillain\n|-supereffective|p1a: Scovillain|1\n|-damage|p1a: Scovillain|0 fnt\n|-status|p2a: Kleavor|brn|[from] ability: Spicy Spray|[of] p1a: Scovillain\n|-sidestart|p1: kendytelusma1234|move: Stealth Rock\n|faint|p1a: Scovillain\n|move|p2b: Gengar|Sludge Bomb|p1b: Hydreigon\n|-crit|p1b: Hydreigon\n|-damage|p1b: Hydreigon|9/100\n|move|p1b: Hydreigon|Focus Energy|p1b: Hydreigon\n|-start|p1b: Hydreigon|move: Focus Energy\n|\n|-damage|p2a: Kleavor|94/100 brn|[from] brn\n|upkeep\n|\n|t:|1776504332\n|switch|p1a: Tyranitar|Tyranitar, L50, M|100/100\n|-damage|p1a: Tyranitar|88/100|[from] Stealth Rock\n|-weather|Sandstorm|[from] ability: Sand Stream|[of] p1a: Tyranitar\n|turn|2\n|\n|t:|1776504343\n|move|p2b: Gengar|Protect|p2b: Gengar\n|-singleturn|p2b: Gengar|Protect\n|move|p1b: Hydreigon|Protect|p1b: Hydreigon\n|-singleturn|p1b: Hydreigon|Protect\n|move|p2a: Kleavor|Stone Axe|p1b: Hydreigon\n|-activate|p1b: Hydreigon|move: Protect\n|move|p1a: Tyranitar|Knock Off|p2b: Gengar\n|-activate|p2b: Gengar|move: Protect\n|\n|-weather|Sandstorm|[upkeep]\n|-damage|p2b: Gengar|95/100|[from] Sandstorm\n|-damage|p1b: Hydreigon|3/100|[from] Sandstorm\n|-damage|p2a: Kleavor|88/100 brn|[from] brn\n|upkeep\n|turn|3\n|\n|t:|1776504361\n|move|p2b: Gengar|Protect||[still]\n|-fail|p2b: Gengar\n|move|p2a: Kleavor|Stone Axe|p1b: Hydreigon\n|-damage|p1b: Hydreigon|0 fnt\n|faint|p1b: Hydreigon\n|move|p1a: Tyranitar|Knock Off|p2b: Gengar\n|-supereffective|p2b: Gengar|1\n|-damage|p2b: Gengar|0 fnt\n|faint|p2b: Gengar\n|\n|-weather|Sandstorm|[upkeep]\n|-damage|p2a: Kleavor|82/100 brn|[from] brn\n|upkeep\n|\n|t:|1776504366\n|switch|p2b: Incineroar|Incineroar, L50, F|100/100\n|switch|p1b: Garchomp|Garchomp, L50, F|100/100\n|-damage|p1b: Garchomp|94/100|[from] Stealth Rock\n|-ability|p2b: Incineroar|Intimidate|boost\n|-unboost|p1a: Tyranitar|atk|1\n|-unboost|p1b: Garchomp|atk|1\n|turn|4\n|\n|t:|1776504380\n|move|p2a: Kleavor|Stone Axe|p1a: Tyranitar\n|-damage|p1a: Tyranitar|64/100\n|move|p1b: Garchomp|Stomping Tantrum|p2b: Incineroar\n|-supereffective|p2b: Incineroar|1\n|-damage|p2b: Incineroar|37/100\n|move|p1a: Tyranitar|Rock Slide|p2a: Kleavor|[spread] \n|-miss|p1a: Tyranitar|p2a: Kleavor\n|-miss|p1a: Tyranitar|p2b: Incineroar\n|move|p2b: Incineroar|Will-O-Wisp|p1b: Garchomp\n|-status|p1b: Garchomp|brn\n|\n|-weather|Sandstorm|[upkeep]\n|-damage|p2b: Incineroar|31/100|[from] Sandstorm\n|-damage|p2a: Kleavor|76/100 brn|[from] brn\n|-damage|p1b: Garchomp|88/100 brn|[from] brn\n|upkeep\n|turn|5\n|\n|t:|1776504403\n|switch|p2a: Ditto|Ditto, L50, shiny|100/100\n|-transform|p2a: Ditto|p1b: Garchomp|[from] ability: Imposter\n|move|p1b: Garchomp|Dragon Claw|p2a: Ditto\n|-supereffective|p2a: Ditto|1\n|-damage|p2a: Ditto|55/100\n|-damage|p1b: Garchomp|76/100 brn|[from] ability: Rough Skin|[of] p2a: Ditto\n|move|p1a: Tyranitar|Rock Slide|p2b: Incineroar|[spread] p2a,p2b\n|-resisted|p2a: Ditto|1\n|-supereffective|p2b: Incineroar|1\n|-damage|p2a: Ditto|39/100\n|-damage|p2b: Incineroar|0 fnt\n|faint|p2b: Incineroar\n|\n|-weather|Sandstorm|[upkeep]\n|-damage|p1b: Garchomp|70/100 brn|[from] brn\n|upkeep\n|\n|t:|1776504406\n|switch|p2b: Kleavor|Kleavor, L50, M|76/100 brn\n|turn|6\n|\n|t:|1776504422\n|move|p2b: Kleavor|X-Scissor|p1a: Tyranitar\n|-supereffective|p1a: Tyranitar|1\n|-damage|p1a: Tyranitar|7/100\n|move|p1b: Garchomp|Dragon Claw|p2a: Ditto\n|-supereffective|p2a: Ditto|1\n|-damage|p2a: Ditto|0 fnt\n|-damage|p1b: Garchomp|58/100 brn|[from] ability: Rough Skin|[of] p2a: Ditto\n|faint|p2a: Ditto\n|move|p1a: Tyranitar|Rock Slide|p2b: Kleavor|[miss]\n|-miss|p1a: Tyranitar|p2b: Kleavor\n|\n|-weather|none\n|-damage|p2b: Kleavor|70/100 brn|[from] brn\n|-damage|p1b: Garchomp|52/100 brn|[from] brn\n|upkeep\n|turn|7\n|\n|t:|1776504430\n|move|p2b: Kleavor|X-Scissor|p1b: Garchomp\n|-damage|p1b: Garchomp|21/100 brn\n|-damage|p2b: Kleavor|58/100 brn|[from] ability: Rough Skin|[of] p1b: Garchomp\n|move|p1b: Garchomp|Dragon Claw|p2b: Kleavor\n|-damage|p2b: Kleavor|38/100 brn\n|move|p1a: Tyranitar|Rock Slide|p2b: Kleavor\n|-supereffective|p2b: Kleavor|1\n|-damage|p2b: Kleavor|0 fnt\n|faint|p2b: Kleavor\n|\n|win|kendytelusma1234\n|raw|kendytelusma1234's rating: 1095 &rarr; <strong>1117</strong><br />(+22 for winning)\n|raw|0Pt1Pr1M3's rating: 1041 &rarr; <strong>1027</strong><br />(-14 for losing)\n",
  "uploadtime": 1776504434,
  "views": 17,
  "formatid": "gen9championsvgc2026regma",
  "rating": 1027,
  "private": 0,
  "password": null
}