{
  "id": "gen9championsvgc2026regma-2582379084",
  "format": "[Gen 9 Champions] VGC 2026 Reg M-A",
  "players": [
    "sixseveeeen",
    "JesusCailloux"
  ],
  "log": "|j|\u2606sixseveeeen\n|j|\u2606JesusCailloux\n|t:|1776087710\n|gametype|doubles\n|player|p1|sixseveeeen|lucas|1040\n|player|p2|JesusCailloux|swimmer-gen4dp|1000\n|gen|9\n|tier|[Gen 9 Champions] VGC 2026 Reg M-A\n|rated|\n|rule|Species Clause: Limit one of each Pok\u00e9mon\n|rule|Item Clause: Limit 1 of each item\n|clearpoke\n|poke|p1|Froslass, L50, F|\n|poke|p1|Incineroar, L50, M|\n|poke|p1|Whimsicott, L50, M|\n|poke|p1|Hydreigon, L50, M|\n|poke|p1|Sneasler, L50, F|\n|poke|p1|Sinistcha, L50|\n|poke|p2|Starmie, L50|\n|poke|p2|Tyranitar, L50, F|\n|poke|p2|Garchomp, L50, M|\n|poke|p2|Aegislash, L50, M|\n|poke|p2|Aerodactyl, L50, M|\n|poke|p2|Rotom-Heat, L50|\n|teampreview|4\n|inactive|Battle timer is ON: inactive players will automatically lose when time's up. (requested by JesusCailloux)\nJesusCailloux has agreed to open team sheets.\n|\n|t:|1776087759\n|teamsize|p1|4\n|teamsize|p2|4\n|start\n|switch|p1a: Froslass|Froslass, L50, F|100/100\n|switch|p1b: Incineroar|Incineroar, L50, M|100/100\n|switch|p2a: Aerodactyl|Aerodactyl, L50, M|100/100\n|switch|p2b: Garchomp|Garchomp, L50, M|100/100\n|-ability|p2a: Aerodactyl|Unnerve\n|-ability|p1b: Incineroar|Intimidate|boost\n|-unboost|p2a: Aerodactyl|atk|1\n|-unboost|p2b: Garchomp|atk|1\n|turn|1\n|\n|t:|1776087783\n|detailschange|p1a: Froslass|Froslass-Mega, L50, F\n|-mega|p1a: Froslass|Froslass|Froslassite\n|-weather|Snowscape|[from] ability: Snow Warning|[of] p1a: Froslass\n|move|p2b: Garchomp|Protect|p2b: Garchomp\n|-singleturn|p2b: Garchomp|Protect\n|move|p1b: Incineroar|Fake Out|p2b: Garchomp\n|-activate|p2b: Garchomp|move: Protect\n|move|p2a: Aerodactyl|Tailwind|p2a: Aerodactyl\n|-sidestart|p2: JesusCailloux|move: Tailwind\n|move|p1a: Froslass|Aurora Veil|p1a: Froslass\n|-sidestart|p1: sixseveeeen|move: Aurora Veil\n|\n|-weather|Snowscape|[upkeep]\n|upkeep\n|turn|2\n|\n|t:|1776087807\n|switch|p2a: Tyranitar|Tyranitar, L50, F|100/100\n|-weather|Sandstorm|[from] ability: Sand Stream|[of] p2a: Tyranitar\n|move|p2b: Garchomp|Iron Head|p1a: Froslass\n|-supereffective|p1a: Froslass|1\n|-damage|p1a: Froslass|56/100\n|cant|p1a: Froslass|flinch\n|move|p1b: Incineroar|Parting Shot|p2b: Garchomp\n|-unboost|p2b: Garchomp|atk|1\n|-unboost|p2b: Garchomp|spa|1\n|\n|t:|1776087821\n|switch|p1b: Whimsicott|Whimsicott, L50, M|100/100|[from] Parting Shot\n|\n|-weather|Sandstorm|[upkeep]\n|-damage|p1b: Whimsicott|95/100|[from] Sandstorm\n|-damage|p1a: Froslass|50/100|[from] Sandstorm\n|upkeep\n|turn|3\n|\n|t:|1776087833\n|switch|p2b: Starmie|Starmie, L50|100/100\n|switch|p1a: Incineroar|Incineroar, L50, M|100/100\n|-ability|p1a: Incineroar|Intimidate|boost\n|-unboost|p2a: Tyranitar|atk|1\n|-unboost|p2b: Starmie|atk|1\n|move|p1b: Whimsicott|Tailwind|p1b: Whimsicott\n|-sidestart|p1: sixseveeeen|move: Tailwind\n|move|p2a: Tyranitar|Rock Slide|p1a: Incineroar|[spread] p1a,p1b\n|-supereffective|p1a: Incineroar|1\n|-damage|p1a: Incineroar|78/100\n|-damage|p1b: Whimsicott|74/100\n|\n|-weather|Sandstorm|[upkeep]\n|-damage|p1b: Whimsicott|68/100|[from] Sandstorm\n|-damage|p2b: Starmie|95/100|[from] Sandstorm\n|-damage|p1a: Incineroar|72/100|[from] Sandstorm\n|upkeep\n|turn|4\n|inactive|sixseveeeen has 30 seconds left.\n|\n|t:|1776087866\n|switch|p1b: Froslass|Froslass-Mega, L50, F|50/100\n|-weather|Snowscape|[from] ability: Snow Warning|[of] p1b: Froslass\n|detailschange|p2b: Starmie|Starmie-Mega, L50\n|-mega|p2b: Starmie|Starmie|Starminite\n|move|p1a: Incineroar|Fake Out|p2a: Tyranitar\n|-resisted|p2a: Tyranitar|1\n|-damage|p2a: Tyranitar|95/100\n|move|p2b: Starmie|Skill Swap|p2a: Tyranitar\n|-activate|p2b: Starmie|Skill Swap|||[of] p2a: Tyranitar\n|-weather|Sandstorm|[from] ability: Sand Stream|[of] p2b: Starmie\n|cant|p2a: Tyranitar|flinch\n|\n|-weather|Sandstorm|[upkeep]\n|-damage|p2b: Starmie|89/100|[from] Sandstorm\n|-damage|p1b: Froslass|44/100|[from] Sandstorm\n|-damage|p1a: Incineroar|66/100|[from] Sandstorm\n|-sideend|p2: JesusCailloux|move: Tailwind\n|upkeep\n|turn|5\n|inactive|sixseveeeen has 30 seconds left.\n|\n|t:|1776087894\n|move|p1b: Froslass|Protect|p1b: Froslass\n|-singleturn|p1b: Froslass|Protect\n|move|p2b: Starmie|Liquidation|p1a: Incineroar\n|-supereffective|p1a: Incineroar|1\n|-damage|p1a: Incineroar|38/100\n|-enditem|p1a: Incineroar|Sitrus Berry|[eat]\n|-heal|p1a: Incineroar|63/100|[from] item: Sitrus Berry\n|move|p2a: Tyranitar|Rock Slide|p1a: Incineroar|[spread] p1a\n|-activate|p1b: Froslass|move: Protect\n|-supereffective|p1a: Incineroar|1\n|-damage|p1a: Incineroar|15/100\n|move|p1a: Incineroar|Parting Shot|p2b: Starmie\n|-unboost|p2b: Starmie|atk|1\n|-unboost|p2b: Starmie|spa|1\n|\n|t:|1776087912\n|switch|p1a: Sneasler|Sneasler, L50, F|100/100|[from] Parting Shot\n|\n|-weather|Sandstorm|[upkeep]\n|-damage|p1a: Sneasler|95/100|[from] Sandstorm\n|-damage|p1b: Froslass|38/100|[from] Sandstorm\n|-damage|p2b: Starmie|83/100|[from] Sandstorm\n|-sideend|p1: sixseveeeen|move: Aurora Veil\n|upkeep\n|turn|6\n|inactive|sixseveeeen has 30 seconds left.\n|\n|t:|1776087937\n|move|p1a: Sneasler|Fake Out|p2b: Starmie\n|-damage|p2b: Starmie|67/100\n|move|p1b: Froslass|Blizzard|p2b: Starmie|[spread] p2a,p2b\n|-resisted|p2b: Starmie|1\n|-damage|p2a: Tyranitar|59/100\n|-damage|p2b: Starmie|36/100\n|cant|p2b: Starmie|flinch\n|move|p2a: Tyranitar|Rock Slide|p1b: Froslass|[spread] p1a,p1b\n|-resisted|p1a: Sneasler|1\n|-supereffective|p1b: Froslass|1\n|-damage|p1a: Sneasler|58/100\n|-damage|p1b: Froslass|0 fnt\n|faint|p1b: Froslass\n|\n|-weather|Sandstorm|[upkeep]\n|-damage|p1a: Sneasler|52/100|[from] Sandstorm\n|-damage|p2b: Starmie|30/100|[from] Sandstorm\n|-sideend|p1: sixseveeeen|move: Tailwind\n|upkeep\n|\n|t:|1776087960\n|switch|p1b: Whimsicott|Whimsicott, L50, M|68/100\n|turn|7\n|\n|t:|1776087969\n|switch|p2b: Garchomp|Garchomp, L50, M|100/100\n|switch|p2a: Aerodactyl|Aerodactyl, L50, M|100/100\n|-ability|p2a: Aerodactyl|Unnerve\n|move|p1b: Whimsicott|Tailwind|p1b: Whimsicott\n|-sidestart|p1: sixseveeeen|move: Tailwind\n|move|p1a: Sneasler|Close Combat|p2a: Aerodactyl\n|-damage|p2a: Aerodactyl|2/100\n|-unboost|p1a: Sneasler|def|1\n|-unboost|p1a: Sneasler|spd|1\n|\n|-weather|Sandstorm|[upkeep]\n|-damage|p1a: Sneasler|46/100|[from] Sandstorm\n|-damage|p1b: Whimsicott|63/100|[from] Sandstorm\n|upkeep\n|turn|8\n|\n|t:|1776087989\n|move|p1a: Sneasler|Protect|p1a: Sneasler\n|-singleturn|p1a: Sneasler|Protect\n|move|p1b: Whimsicott|Dazzling Gleam|p2a: Aerodactyl|[spread] p2a,p2b\n|-supereffective|p2b: Garchomp|1\n|-damage|p2a: Aerodactyl|0 fnt\n|-damage|p2b: Garchomp|52/100\n|faint|p2a: Aerodactyl\n|move|p2b: Garchomp|Earthquake|p1b: Whimsicott|[spread] p1b\n|-activate|p1a: Sneasler|move: Protect\n|-resisted|p1b: Whimsicott|1\n|-damage|p1b: Whimsicott|35/100\n|\n|-weather|none\n|upkeep\n|\n|t:|1776088005\n|switch|p2a: Starmie|Starmie-Mega, L50|30/100\n|turn|9\n|inactive|JesusCailloux has 30 seconds left.\n|inactive|JesusCailloux has 20 seconds left.\n|\n|t:|1776088043\n|move|p1a: Sneasler|Dire Claw|p2a: Starmie\n|-damage|p2a: Starmie|0 fnt\n|faint|p2a: Starmie\n|move|p1b: Whimsicott|Dazzling Gleam|p2b: Garchomp\n|-supereffective|p2b: Garchomp|1\n|-crit|p2b: Garchomp\n|-damage|p2b: Garchomp|0 fnt\n|faint|p2b: Garchomp\n|\n|upkeep\n|\n|t:|1776088048\n|switch|p2a: Tyranitar|Tyranitar, L50, F|59/100\n|-weather|Sandstorm|[from] ability: Sand Stream|[of] p2a: Tyranitar\n|turn|10\n|\n|t:|1776088062\n|switch|p1b: Incineroar|Incineroar, L50, M|15/100\n|-ability|p1b: Incineroar|Intimidate|boost\n|-unboost|p2a: Tyranitar|atk|1\n|move|p1a: Sneasler|Close Combat|p2a: Tyranitar\n|-supereffective|p2a: Tyranitar|2\n|-damage|p2a: Tyranitar|0 fnt\n|-unboost|p1a: Sneasler|def|1\n|-unboost|p1a: Sneasler|spd|1\n|faint|p2a: Tyranitar\n|\n|win|sixseveeeen\n|raw|sixseveeeen's rating: 1040 &rarr; <strong>1070</strong><br />(+30 for winning)\n|raw|JesusCailloux's rating: 1000 &rarr; <strong>1000</strong><br />(+0 for losing)\n|l|\u2606JesusCailloux\n|player|p2|\n",
  "uploadtime": 1776088076,
  "views": 14,
  "formatid": "gen9championsvgc2026regma",
  "rating": 1000,
  "private": 0,
  "password": null
}