{
  "id": "gen9championsvgc2026regma-2585363449",
  "format": "[Gen 9 Champions] VGC 2026 Reg M-A",
  "players": [
    "Zappyzap01",
    "W0kMeDed"
  ],
  "log": "|j|\u2606Zappyzap01\n|j|\u2606W0kMeDed\n|t:|1776341504\n|gametype|doubles\n|player|p1|Zappyzap01|benga|1339\n|player|p2|W0kMeDed|palmer|1461\n|gen|9\n|tier|[Gen 9 Champions] VGC 2026 Reg M-A\n|rated|\n|rule|Species Clause: Limit one of each Pok\u00e9mon\n|rule|Item Clause: Limit 1 of each item\n|clearpoke\n|poke|p1|Sylveon, L50, F|\n|poke|p1|Camerupt, L50, M|\n|poke|p1|Sableye, L50, M|\n|poke|p1|Oranguru, L50, M|\n|poke|p1|Torkoal, L50, F|\n|poke|p1|Meganium, L50, F|\n|poke|p2|Starmie, L50|\n|poke|p2|Sneasler, L50, M|\n|poke|p2|Kingambit, L50, M|\n|poke|p2|Pelipper, L50, M|\n|poke|p2|Sinistcha, L50|\n|poke|p2|Basculegion-F, L50, F|\n|teampreview|4\n|j| DEAD_BURG\n|\n|t:|1776341549\n|teamsize|p1|4\n|teamsize|p2|4\n|start\n|switch|p1a: Oranguru|Oranguru, L50, M, shiny|100/100\n|switch|p1b: Sableye|Sableye, L50, M, shiny|100/100\n|switch|p2a: Urien|Starmie, L50|100/100\n|switch|p2b: M. Bison|Kingambit, L50, M|100/100\n|turn|1\n|\n|t:|1776341575\n|detailschange|p2a: Urien|Starmie-Mega, L50\n|-mega|p2a: Urien|Starmie|Starminite\n|move|p1b: Sableye|Fake Out|p2b: M. Bison\n|-resisted|p2b: M. Bison|1\n|-damage|p2b: M. Bison|98/100\n|move|p2a: Urien|Liquidation|p1b: Sableye\n|-damage|p1b: Sableye|0 fnt\n|faint|p1b: Sableye\n|cant|p2b: M. Bison|flinch\n|move|p1a: Oranguru|Trick Room|p1a: Oranguru\n|-fieldstart|move: Trick Room|[of] p1a: Oranguru\n|\n|upkeep\n|\n|t:|1776341585\n|switch|p1b: Meganium|Meganium, L50, F, shiny|100/100\n|turn|2\n|\n|t:|1776341603\n|detailschange|p1b: Meganium|Meganium-Mega, L50, F, shiny\n|-mega|p1b: Meganium|Meganium|Meganiumite\n|move|p2a: Urien|Protect|p2a: Urien\n|-singleturn|p2a: Urien|Protect\n|move|p1a: Oranguru|Psychic|p2a: Urien\n|-activate|p2a: Urien|move: Protect\n|move|p1b: Meganium|Weather Ball|p2b: M. Bison\n|-supereffective|p2b: M. Bison|1\n|-damage|p2b: M. Bison|0 fnt\n|faint|p2b: M. Bison\n|\n|upkeep\n|\n|t:|1776341617\n|switch|p2b: FANG|Pelipper, L50, M|100/100\n|-weather|RainDance|[from] ability: Drizzle|[of] p2b: FANG\n|turn|3\n|\n|t:|1776341650\n|switch|p2a: Basculegion-M|Basculegion-F, L50, F|100/100\n|move|p1a: Oranguru|Psychic|p2b: FANG\n|-damage|p2b: FANG|53/100\n|move|p1b: Meganium|Solar Beam||[still]\n|-prepare|p1b: Meganium|Solar Beam\n|-activate|p1b: Meganium|ability: Mega Sol\n|-anim|p1b: Meganium|Solar Beam|p2a: Basculegion-M\n|-supereffective|p2a: Basculegion-M|1\n|-damage|p2a: Basculegion-M|0 fnt\n|faint|p2a: Basculegion-M\n|move|p2b: FANG|Weather Ball|p1b: Meganium\n|-resisted|p1b: Meganium|1\n|-damage|p1b: Meganium|73/100\n|\n|-weather|RainDance|[upkeep]\n|upkeep\n|\n|t:|1776341654\n|switch|p2a: Urien|Starmie-Mega, L50|100/100\n|turn|4\n|\n|t:|1776341671\n|move|p2a: Urien|Protect|p2a: Urien\n|-singleturn|p2a: Urien|Protect\n|move|p1a: Oranguru|Psychic|p2b: FANG\n|-damage|p2b: FANG|3/100\n|move|p1b: Meganium|Solar Beam||[still]\n|-prepare|p1b: Meganium|Solar Beam\n|-activate|p1b: Meganium|ability: Mega Sol\n|-anim|p1b: Meganium|Solar Beam|p2b: FANG\n|-damage|p2b: FANG|0 fnt\n|faint|p2b: FANG\n|\n|-weather|RainDance|[upkeep]\n|upkeep\n|turn|5\n|\n|t:|1776341684\n|move|p2a: Urien|Protect|p2a: Urien\n|-singleturn|p2a: Urien|Protect\n|move|p1a: Oranguru|Psychic|p2a: Urien\n|-activate|p2a: Urien|move: Protect\n|move|p1b: Meganium|Solar Beam||[still]\n|-prepare|p1b: Meganium|Solar Beam\n|-activate|p1b: Meganium|ability: Mega Sol\n|-anim|p1b: Meganium|Solar Beam|p2a: Urien\n|-activate|p2a: Urien|move: Protect\n|\n|-weather|RainDance|[upkeep]\n|-fieldend|move: Trick Room\n|upkeep\n|turn|6\n|\n|t:|1776341689\n|move|p2a: Urien|Liquidation|p1a: Oranguru\n|-damage|p1a: Oranguru|4/100\n|-unboost|p1a: Oranguru|def|1\n|move|p1b: Meganium|Solar Beam||[still]\n|-prepare|p1b: Meganium|Solar Beam\n|-activate|p1b: Meganium|ability: Mega Sol\n|-anim|p1b: Meganium|Solar Beam|p2a: Urien\n|-supereffective|p2a: Urien|1\n|-damage|p2a: Urien|0 fnt\n|faint|p2a: Urien\n|\n|win|Zappyzap01\n|raw|Zappyzap01's rating: 1339 &rarr; <strong>1366</strong><br />(+27 for winning)\n|raw|W0kMeDed's rating: 1461 &rarr; <strong>1434</strong><br />(-27 for losing)\n|l|\u2606W0kMeDed\n|player|p2|\n|l|\u2606Zappyzap01\n|player|p1|\n",
  "uploadtime": 1776341795,
  "views": 30,
  "formatid": "gen9championsvgc2026regma",
  "rating": 1366,
  "private": 0,
  "password": null
}