{
  "id": "gen9championsvgc2026regma-2580441540",
  "format": "[Gen 9 Champions] VGC 2026 Reg M-A",
  "players": [
    "Feebas&Chips",
    "wei133025"
  ],
  "log": "|j|\u2606Feebas&Chips\n|j|\u2606wei133025\n|t:|1775897077\n|gametype|doubles\n|player|p1|Feebas&Chips|102|1096\n|player|p2|wei133025|ghetsis-gen5bw|1170\n|gen|9\n|tier|[Gen 9 Champions] VGC 2026 Reg M-A\n|rated|\n|rule|Species Clause: Limit one of each Pok\u00e9mon\n|rule|Item Clause: Limit 1 of each item\n|clearpoke\n|poke|p1|Glimmora, L50, M|\n|poke|p1|Pelipper, L50, M|\n|poke|p1|Archaludon, L50, M|\n|poke|p1|Espathra, L50, F|\n|poke|p1|Mamoswine, L50, M|\n|poke|p1|Whimsicott, L50, F|\n|poke|p2|Gengar, L50, F|\n|poke|p2|Kommo-o, L50, M|\n|poke|p2|Incineroar, L50, F|\n|poke|p2|Sinistcha-Masterpiece, L50|\n|poke|p2|Ninetales-Alola, L50, M|\n|poke|p2|Sneasler, L50, M|\n|teampreview|4\n|inactive|Battle timer is ON: inactive players will automatically lose when time's up. (requested by wei133025)\n|inactive|Feebas&Chips has 60 seconds left.\n|\n|t:|1775897113\n|teamsize|p1|4\n|teamsize|p2|4\n|start\n|switch|p1a: Espathra|Espathra, L50, F|100/100\n|switch|p1b: Archaludon|Archaludon, L50, M|100/100\n|switch|p2a: Kommo-o|Kommo-o, L50, M|100/100\n|switch|p2b: Incineroar|Incineroar, L50, F|100/100\n|-ability|p2b: Incineroar|Intimidate|boost\n|-unboost|p1a: Espathra|atk|1\n|-unboost|p1b: Archaludon|atk|1\n|turn|1\n|j| tennaourlord\n|\n|t:|1775897129\n|move|p1a: Espathra|Protect|p1a: Espathra\n|-singleturn|p1a: Espathra|Protect\n|move|p2b: Incineroar|Fake Out|p1b: Archaludon\n|-resisted|p1b: Archaludon|1\n|-damage|p1b: Archaludon|97/100\n|move|p2a: Kommo-o|Clangorous Soul|p2a: Kommo-o\n|-boost|p2a: Kommo-o|atk|1\n|-boost|p2a: Kommo-o|def|1\n|-boost|p2a: Kommo-o|spa|1\n|-boost|p2a: Kommo-o|spd|1\n|-boost|p2a: Kommo-o|spe|1\n|-damage|p2a: Kommo-o|68/100\n|cant|p1b: Archaludon|flinch\n|\n|-ability|p1a: Espathra|Speed Boost|boost\n|-boost|p1a: Espathra|spe|1\n|upkeep\n|turn|2\n|l| tennaourlord\n|\n|t:|1775897144\n|switch|p2b: Sinistcha|Sinistcha-Masterpiece, L50|100/100\n|-heal|p2a: Kommo-o|93/100|[from] ability: Hospitality|[of] p2b: Sinistcha\n|move|p1b: Archaludon|Protect|p1b: Archaludon\n|-singleturn|p1b: Archaludon|Protect\n|move|p1a: Espathra|Lumina Crash|p2a: Kommo-o\n|-supereffective|p2a: Kommo-o|1\n|-damage|p2a: Kommo-o|37/100\n|-unboost|p2a: Kommo-o|spd|2\n|-enditem|p2a: Kommo-o|Sitrus Berry|[eat]\n|-heal|p2a: Kommo-o|62/100|[from] item: Sitrus Berry\n|move|p2a: Kommo-o|Clanging Scales|p1a: Espathra|[spread] p1a\n|-activate|p1b: Archaludon|move: Protect\n|-damage|p1a: Espathra|13/100\n|-unboost|p2a: Kommo-o|def|1\n|\n|-ability|p1a: Espathra|Speed Boost|boost\n|-boost|p1a: Espathra|spe|1\n|upkeep\n|turn|3\n|inactive|Feebas&Chips has 30 seconds left.\n|\n|t:|1775897173\n|switch|p1b: Whimsicott|Whimsicott, L50, F|100/100\n|move|p1a: Espathra|Protect|p1a: Espathra\n|-singleturn|p1a: Espathra|Protect\n|move|p2b: Sinistcha|Rage Powder|p2b: Sinistcha\n|-singleturn|p2b: Sinistcha|move: Rage Powder\n|move|p2a: Kommo-o|Clanging Scales|p1b: Whimsicott|[spread] \n|-activate|p1a: Espathra|move: Protect\n|-immune|p1b: Whimsicott\n|\n|-ability|p1a: Espathra|Speed Boost|boost\n|-boost|p1a: Espathra|spe|1\n|upkeep\n|turn|4\n|\n|t:|1775897192\n|move|p2b: Sinistcha|Rage Powder|p2b: Sinistcha\n|-singleturn|p2b: Sinistcha|move: Rage Powder\n|move|p1a: Espathra|Dazzling Gleam|p2b: Sinistcha|[spread] p2a,p2b\n|-supereffective|p2a: Kommo-o|2\n|-damage|p2a: Kommo-o|0 fnt\n|-damage|p2b: Sinistcha|83/100\n|faint|p2a: Kommo-o\n|move|p1b: Whimsicott|Energy Ball|p2b: Sinistcha\n|-resisted|p2b: Sinistcha|1\n|-damage|p2b: Sinistcha|67/100\n|\n|-heal|p2b: Sinistcha|73/100|[from] item: Leftovers\n|-ability|p1a: Espathra|Speed Boost|boost\n|-boost|p1a: Espathra|spe|1\n|upkeep\n|\n|t:|1775897203\n|switch|p2a: Incineroar|Incineroar, L50, F|100/100\n|-ability|p2a: Incineroar|Intimidate|boost\n|-unboost|p1a: Espathra|atk|1\n|-unboost|p1b: Whimsicott|atk|1\n|turn|5\n|\n|t:|1775897218\n|switch|p1a: Archaludon|Archaludon, L50, M|97/100\n|move|p1b: Whimsicott|Protect|p1b: Whimsicott\n|-singleturn|p1b: Whimsicott|Protect\n|move|p2a: Incineroar|Fake Out|p1a: Archaludon\n|-resisted|p1a: Archaludon|1\n|-damage|p1a: Archaludon|93/100\n|move|p2b: Sinistcha|Calm Mind|p2b: Sinistcha\n|-boost|p2b: Sinistcha|spa|1\n|-boost|p2b: Sinistcha|spd|1\n|\n|-heal|p2b: Sinistcha|79/100|[from] item: Leftovers\n|upkeep\n|turn|6\n|\n|t:|1775897241\n|switch|p1a: Pelipper|Pelipper, L50, M|100/100\n|-weather|RainDance|[from] ability: Drizzle|[of] p1a: Pelipper\n|move|p1b: Whimsicott|Encore|p2b: Sinistcha\n|-start|p2b: Sinistcha|Encore\n|move|p2b: Sinistcha|Calm Mind|p2b: Sinistcha\n|-boost|p2b: Sinistcha|spa|1\n|-boost|p2b: Sinistcha|spd|1\n|move|p2a: Incineroar|Flare Blitz|p1b: Whimsicott\n|-supereffective|p1b: Whimsicott|1\n|-enditem|p1b: Whimsicott|Occa Berry|[eat]\n|-enditem|p1b: Whimsicott|Occa Berry|[weaken]\n|-damage|p1b: Whimsicott|67/100\n|-damage|p2a: Incineroar|93/100|[from] Recoil\n|\n|-weather|RainDance|[upkeep]\n|-heal|p2b: Sinistcha|85/100|[from] item: Leftovers\n|upkeep\n|turn|7\n|\n|t:|1775897262\n|switch|p1b: Espathra|Espathra, L50, F|13/100\n|move|p1a: Pelipper|Weather Ball|p2a: Incineroar\n|-supereffective|p2a: Incineroar|1\n|-damage|p2a: Incineroar|0 fnt\n|faint|p2a: Incineroar\n|move|p2b: Sinistcha|Calm Mind|p2b: Sinistcha\n|-boost|p2b: Sinistcha|spa|1\n|-boost|p2b: Sinistcha|spd|1\n|\n|-weather|RainDance|[upkeep]\n|-heal|p2b: Sinistcha|92/100|[from] item: Leftovers\n|upkeep\n|\n|t:|1775897272\n|switch|p2a: Gengar|Gengar, L50, F|100/100\n|turn|8\n|\n|t:|1775897285\n|detailschange|p2a: Gengar|Gengar-Mega, L50, F\n|-mega|p2a: Gengar|Gengar|Gengarite\n|move|p2a: Gengar|Shadow Ball|p1a: Pelipper\n|-damage|p1a: Pelipper|19/100\n|move|p1a: Pelipper|Weather Ball|p2a: Gengar\n|-damage|p2a: Gengar|17/100\n|move|p1b: Espathra|Lumina Crash|p2a: Gengar\n|-supereffective|p2a: Gengar|1\n|-damage|p2a: Gengar|0 fnt\n|faint|p2a: Gengar\n|move|p2b: Sinistcha|Calm Mind|p2b: Sinistcha\n|-boost|p2b: Sinistcha|spa|1\n|-boost|p2b: Sinistcha|spd|1\n|\n|-weather|RainDance|[upkeep]\n|-heal|p2b: Sinistcha|98/100|[from] item: Leftovers\n|-end|p2b: Sinistcha|Encore\n|-ability|p1b: Espathra|Speed Boost|boost\n|-boost|p1b: Espathra|spe|1\n|upkeep\n|turn|9\n|\n|t:|1775897303\n|move|p1b: Espathra|Protect|p1b: Espathra\n|-singleturn|p1b: Espathra|Protect\n|move|p1a: Pelipper|Weather Ball|p2b: Sinistcha\n|-resisted|p2b: Sinistcha|1\n|-damage|p2b: Sinistcha|88/100\n|move|p2b: Sinistcha|Matcha Gotcha|p1b: Espathra|[spread] p1a\n|-activate|p1b: Espathra|move: Protect\n|-damage|p1a: Pelipper|0 fnt\n|-heal|p2b: Sinistcha|95/100|[from] drain|[of] p1a: Pelipper\n|faint|p1a: Pelipper\n|\n|-weather|RainDance|[upkeep]\n|-heal|p2b: Sinistcha|100/100|[from] item: Leftovers\n|-ability|p1b: Espathra|Speed Boost|boost\n|-boost|p1b: Espathra|spe|1\n|upkeep\n|\n|t:|1775897314\n|switch|p1a: Archaludon|Archaludon, L50, M|93/100\n|turn|10\n|\n|t:|1775897327\n|move|p1b: Espathra|Lumina Crash|p2b: Sinistcha\n|-damage|p2b: Sinistcha|90/100\n|-unboost|p2b: Sinistcha|spd|2\n|move|p1a: Archaludon|Electro Shot||[still]\n|-prepare|p1a: Archaludon|Electro Shot\n|-boost|p1a: Archaludon|spa|1\n|-anim|p1a: Archaludon|Electro Shot|p2b: Sinistcha\n|-resisted|p2b: Sinistcha|1\n|-damage|p2b: Sinistcha|75/100\n|move|p2b: Sinistcha|Matcha Gotcha|p1b: Espathra|[spread] p1a,p1b\n|-resisted|p1a: Archaludon|2\n|-damage|p1a: Archaludon|70/100\n|-heal|p2b: Sinistcha|88/100|[from] drain|[of] p1a: Archaludon\n|-damage|p1b: Espathra|0 fnt\n|-heal|p2b: Sinistcha|94/100|[from] drain|[of] p1b: Espathra\n|faint|p1b: Espathra\n|\n|-weather|none\n|-heal|p2b: Sinistcha|100/100|[from] item: Leftovers\n|upkeep\n|\n|t:|1775897336\n|switch|p1b: Whimsicott|Whimsicott, L50, F|67/100\n|turn|11\n|\n|t:|1775897349\n|move|p1b: Whimsicott|Energy Ball|p2b: Sinistcha\n|-resisted|p2b: Sinistcha|1\n|-damage|p2b: Sinistcha|92/100\n|move|p1a: Archaludon|Dragon Pulse|p2b: Sinistcha\n|-damage|p2b: Sinistcha|61/100\n|move|p2b: Sinistcha|Matcha Gotcha|p1b: Whimsicott|[spread] p1a,p1b\n|-resisted|p1a: Archaludon|2\n|-resisted|p1b: Whimsicott|1\n|-damage|p1a: Archaludon|48/100\n|-heal|p2b: Sinistcha|74/100|[from] drain|[of] p1a: Archaludon\n|-damage|p1b: Whimsicott|7/100\n|-heal|p2b: Sinistcha|97/100|[from] drain|[of] p1b: Whimsicott\n|\n|-heal|p2b: Sinistcha|100/100|[from] item: Leftovers\n|upkeep\n|turn|12\n|\n|t:|1775897366\n|move|p1b: Whimsicott|Energy Ball|p2b: Sinistcha\n|-resisted|p2b: Sinistcha|1\n|-damage|p2b: Sinistcha|92/100\n|move|p1a: Archaludon|Dragon Pulse|p2b: Sinistcha\n|-damage|p2b: Sinistcha|57/100\n|move|p2b: Sinistcha|Matcha Gotcha|p1b: Whimsicott|[spread] p1a,p1b\n|-resisted|p1a: Archaludon|2\n|-resisted|p1b: Whimsicott|1\n|-damage|p1a: Archaludon|25/100\n|-heal|p2b: Sinistcha|70/100|[from] drain|[of] p1a: Archaludon\n|-damage|p1b: Whimsicott|0 fnt\n|-heal|p2b: Sinistcha|72/100|[from] drain|[of] p1b: Whimsicott\n|faint|p1b: Whimsicott\n|\n|-heal|p2b: Sinistcha|79/100|[from] item: Leftovers\n|upkeep\n|turn|13\n|-message|Feebas&Chips forfeited.\n|\n|win|wei133025\n|raw|Feebas&amp;Chips's rating: 1096 &rarr; <strong>1077</strong><br />(-19 for losing)\n|raw|wei133025's rating: 1170 &rarr; <strong>1190</strong><br />(+20 for winning)\n|l|\u2606Feebas&Chips\n|player|p1|\n",
  "uploadtime": 1775897387,
  "views": 14,
  "formatid": "gen9championsvgc2026regma",
  "rating": 1077,
  "private": 0,
  "password": null
}