{
  "id": "gen9championsvgc2026regma-2584834271",
  "format": "[Gen 9 Champions] VGC 2026 Reg M-A",
  "players": [
    "stupidrea4trard",
    "lets buy packs"
  ],
  "log": "|j|\u2606stupidrea4trard\n|j|\u2606lets buy packs\n|t:|1776287264\n|gametype|doubles\n|player|p1|stupidrea4trard|2|1054\n|player|p2|lets buy packs|red-masters3|1086\n|gen|9\n|tier|[Gen 9 Champions] VGC 2026 Reg M-A\n|rated|\n|rule|Species Clause: Limit one of each Pok\u00e9mon\n|rule|Item Clause: Limit 1 of each item\n|clearpoke\n|poke|p1|Pelipper, L50, F|\n|poke|p1|Archaludon, L50, F|\n|poke|p1|Basculegion, L50, M|\n|poke|p1|Sinistcha, L50|\n|poke|p1|Gengar, L50, F|\n|poke|p1|Sneasler, L50, M|\n|poke|p2|Espathra, L50, M|\n|poke|p2|Glimmora, L50, M|\n|poke|p2|Incineroar, L50, F|\n|poke|p2|Maushold-Four, L50|\n|poke|p2|Froslass, L50, F|\n|poke|p2|Sneasler, L50, M|\n|teampreview|4\n|inactive|Battle timer is ON: inactive players will automatically lose when time's up. (requested by lets buy packs)\n|\n|t:|1776287293\n|teamsize|p1|4\n|teamsize|p2|4\n|start\n|switch|p1a: Basculegion|Basculegion, L50, M|100/100\n|switch|p1b: Pelipper|Pelipper, L50, F, shiny|100/100\n|switch|p2a: Espathra|Espathra, L50, M|100/100\n|switch|p2b: Sneasler|Sneasler, L50, M|100/100\n|-weather|RainDance|[from] ability: Drizzle|[of] p1b: Pelipper\n|turn|1\n|inactive|stupidrea4trard has 30 seconds left.\n|inactive|stupidrea4trard has 20 seconds left.\n|\n|t:|1776287333\n|move|p2b: Sneasler|Fake Out|p1b: Pelipper\n|-damage|p1b: Pelipper|81/100\n|move|p1a: Basculegion|Wave Crash|p2a: Espathra\n|-enditem|p2a: Espathra|Focus Sash\n|-damage|p2a: Espathra|1/100\n|-damage|p1a: Basculegion|72/100|[from] Recoil\n|move|p2a: Espathra|Calm Mind|p2a: Espathra\n|-boost|p2a: Espathra|spa|1\n|-boost|p2a: Espathra|spd|1\n|cant|p1b: Pelipper|flinch\n|\n|-weather|RainDance|[upkeep]\n|-ability|p2a: Espathra|Speed Boost|boost\n|-boost|p2a: Espathra|spe|1\n|upkeep\n|turn|2\n|\n|t:|1776287354\n|switch|p1b: Sneasler|Sneasler, L50, M|100/100\n|move|p1a: Basculegion|Wave Crash|p2b: Sneasler\n|-damage|p2b: Sneasler|0 fnt\n|faint|p2b: Sneasler\n|-damage|p1a: Basculegion|45/100|[from] Recoil\n|move|p2a: Espathra|Baton Pass|p2a: Espathra\n|\n|t:|1776287359\n|switch|p2a: Froslass|Froslass, L50, F|100/100|[from] Baton Pass\n|\n|-weather|RainDance|[upkeep]\n|upkeep\n|\n|t:|1776287362\n|switch|p2b: Espathra|Espathra, L50, M|1/100\n|turn|3\n|\n|t:|1776287384\n|detailschange|p2a: Froslass|Froslass-Mega, L50, F\n|-mega|p2a: Froslass|Froslass|Froslassite\n|-weather|Snowscape|[from] ability: Snow Warning|[of] p2a: Froslass\n|move|p2b: Espathra|Protect|p2b: Espathra\n|-singleturn|p2b: Espathra|Protect\n|move|p1b: Sneasler|Fake Out|p2a: Froslass\n|-immune|p2a: Froslass\n|move|p2a: Froslass|Blizzard|p1a: Basculegion|[spread] p1a,p1b\n|-resisted|p1a: Basculegion|1\n|-damage|p1a: Basculegion|7/100\n|-damage|p1b: Sneasler|8/100\n|move|p1a: Basculegion|Flip Turn|p2b: Espathra\n|-activate|p2b: Espathra|move: Protect\n|\n|-weather|Snowscape|[upkeep]\n|-ability|p2b: Espathra|Speed Boost|boost\n|-boost|p2b: Espathra|spe|1\n|upkeep\n|turn|4\n|\n|t:|1776287401\n|move|p2b: Espathra|Calm Mind|p2b: Espathra\n|-boost|p2b: Espathra|spa|1\n|-boost|p2b: Espathra|spd|1\n|move|p2a: Froslass|Blizzard|p1a: Basculegion|[spread] p1a,p1b\n|-resisted|p1a: Basculegion|1\n|-damage|p1a: Basculegion|0 fnt\n|-damage|p1b: Sneasler|0 fnt\n|faint|p1a: Basculegion\n|faint|p1b: Sneasler\n|\n|-weather|Snowscape|[upkeep]\n|-ability|p2b: Espathra|Speed Boost|boost\n|-boost|p2b: Espathra|spe|1\n|upkeep\n|\n|t:|1776287407\n|switch|p1b: Gengar|Gengar, L50, F|100/100\n|switch|p1a: Pelipper|Pelipper, L50, F, shiny|81/100\n|-weather|RainDance|[from] ability: Drizzle|[of] p1a: Pelipper\n|turn|5\n|\n|t:|1776287417\n|detailschange|p1b: Gengar|Gengar-Mega, L50, F\n|-mega|p1b: Gengar|Gengar|Gengarite\n|move|p1a: Pelipper|Wide Guard|p1a: Pelipper\n|-singleturn|p1a: Pelipper|Wide Guard\n|move|p2b: Espathra|Lumina Crash|p1a: Pelipper\n|-damage|p1a: Pelipper|0 fnt\n|faint|p1a: Pelipper\n|move|p2a: Froslass|Shadow Ball|p1b: Gengar\n|-supereffective|p1b: Gengar|1\n|-damage|p1b: Gengar|0 fnt\n|faint|p1b: Gengar\n|\n|win|lets buy packs\n|raw|stupidrea4trard's rating: 1054 &rarr; <strong>1038</strong><br />(-16 for losing)\n|raw|lets buy packs's rating: 1086 &rarr; <strong>1111</strong><br />(+25 for winning)\n",
  "uploadtime": 1776287417,
  "views": 17,
  "formatid": "gen9championsvgc2026regma",
  "rating": 1038,
  "private": 0,
  "password": null
}