{
  "id": "gen9championsvgc2026regma-2587609415",
  "format": "[Gen 9 Champions] VGC 2026 Reg M-A",
  "players": [
    "Aze77",
    "xaeroblast"
  ],
  "log": "|j|\u2606Aze77\n|j|\u2606xaeroblast\n|t:|1776546662\n|gametype|doubles\n|player|p1|Aze77|1|1101\n|player|p2|xaeroblast|169|1080\n|gen|9\n|tier|[Gen 9 Champions] VGC 2026 Reg M-A\n|rated|\n|rule|Species Clause: Limit one of each Pok\u00e9mon\n|rule|Item Clause: Limit 1 of each item\n|clearpoke\n|poke|p1|Froslass, L50, F, shiny|\n|poke|p1|Sneasler, L50, M, shiny|\n|poke|p1|Basculegion, L50, M, shiny|\n|poke|p1|Ninetales-Alola, L50, F, shiny|\n|poke|p1|Mimikyu, L50, F, shiny|\n|poke|p1|Altaria, L50, F, shiny|\n|poke|p2|Froslass, L50, F|\n|poke|p2|Ninetales-Alola, L50, F|\n|poke|p2|Aerodactyl, L50, M|\n|poke|p2|Gallade, L50, M|\n|poke|p2|Lucario, L50, F|\n|poke|p2|Maushold, L50|\n|teampreview|4\n|inactive|Battle timer is ON: inactive players will automatically lose when time's up. (requested by xaeroblast)\n|inactive|Aze77 also wants the timer to be on.\n|inactive|Aze77 has 60 seconds left.\n|inactive|xaeroblast has 60 seconds left.\nAze77 rejected open team sheets.\n|\n|t:|1776546721\n|teamsize|p1|4\n|teamsize|p2|4\n|start\n|switch|p1a: Mimikyu|Mimikyu, L50, F, shiny|100/100\n|switch|p1b: Sneasler|Sneasler, L50, M, shiny|100/100\n|switch|p2a: Froslass|Froslass, L50, F|100/100\n|switch|p2b: Aerodactyl|Aerodactyl, L50, M|100/100\n|turn|1\n|inactive|Aze77 has 30 seconds left.\n|\n|t:|1776546747\n|move|p2b: Aerodactyl|Protect|p2b: Aerodactyl\n|-singleturn|p2b: Aerodactyl|Protect\n|move|p2a: Froslass|Protect|p2a: Froslass\n|-singleturn|p2a: Froslass|Protect\n|move|p1b: Sneasler|Fake Out|p2b: Aerodactyl\n|-activate|p2b: Aerodactyl|move: Protect\n|move|p1a: Mimikyu|Trick Room|p1a: Mimikyu\n|-fieldstart|move: Trick Room|[of] p1a: Mimikyu\n|\n|upkeep\n|turn|2\n|inactive|xaeroblast has 30 seconds left.\n|inactive|xaeroblast has 20 seconds left.\n|\n|t:|1776546786\n|move|p1a: Mimikyu|Shadow Sneak|p2a: Froslass\n|-supereffective|p2a: Froslass|1\n|-damage|p2a: Froslass|56/100\n|move|p1b: Sneasler|Close Combat|p2b: Aerodactyl\n|-damage|p2b: Aerodactyl|23/100\n|-unboost|p1b: Sneasler|def|1\n|-unboost|p1b: Sneasler|spd|1\n|-enditem|p1b: Sneasler|White Herb\n|-clearnegativeboost|p1b: Sneasler|[silent]\n|move|p2a: Froslass|Shadow Ball|p1a: Mimikyu\n|-activate|p1a: Mimikyu|ability: Disguise\n|-damage|p1a: Mimikyu|100/100\n|detailschange|p1a: Mimikyu|Mimikyu-Busted, L50, F, shiny\n|-damage|p1a: Mimikyu|88/100|[from] pokemon: Mimikyu-Busted\n|move|p2b: Aerodactyl|Dual Wingbeat|p1b: Sneasler\n|-supereffective|p1b: Sneasler|1\n|-damage|p1b: Sneasler|58/100\n|-supereffective|p1b: Sneasler|1\n|-damage|p1b: Sneasler|13/100\n|-hitcount|p1b: Sneasler|2\n|\n|upkeep\n|turn|3\n|inactive|Aze77 has 30 seconds left.\n|\n|t:|1776546819\n|switch|p2b: Maushold|Maushold, L50|100/100\n|move|p1a: Mimikyu|Shadow Sneak|p2a: Froslass\n|-supereffective|p2a: Froslass|1\n|-crit|p2a: Froslass\n|-damage|p2a: Froslass|7/100\n|move|p2a: Froslass|Shadow Ball|p1a: Mimikyu\n|-supereffective|p1a: Mimikyu|1\n|-damage|p1a: Mimikyu|28/100\n|move|p1b: Sneasler|Dire Claw|p2b: Maushold\n|-damage|p2b: Maushold|66/100\n|-status|p2b: Maushold|psn\n|\n|-damage|p2b: Maushold|54/100 psn|[from] psn\n|upkeep\n|turn|4\n|inactive|Aze77 has 30 seconds left.\n|inactive|Aze77 has 20 seconds left.\n|inactive|Aze77 has 15 seconds left.\n|inactive|Aze77 has 10 seconds left.\n|inactive|Aze77 has 5 seconds left.\n|\n|t:|1776546870\n|move|p2b: Maushold|Follow Me|p2b: Maushold\n|-singleturn|p2b: Maushold|move: Follow Me\n|move|p1a: Mimikyu|Taunt|p2b: Maushold\n|-start|p2b: Maushold|move: Taunt\n|move|p2a: Froslass|Blizzard|p1b: Sneasler|[spread] p1b\n|-miss|p2a: Froslass|p1a: Mimikyu\n|-damage|p1b: Sneasler|0 fnt\n|faint|p1b: Sneasler\n|\n|-damage|p2b: Maushold|41/100 psn|[from] psn\n|upkeep\n|-enditem|p2b: Maushold|Sitrus Berry|[eat]\n|-heal|p2b: Maushold|66/100 psn|[from] item: Sitrus Berry\n|inactive|Aze77 has 30 seconds left.\n|\n|t:|1776546899\n|switch|p1b: Froslass|Froslass, L50, F, shiny|100/100\n|turn|5\n|\n|t:|1776546911\n|detailschange|p1b: Froslass|Froslass-Mega, L50, F, shiny\n|-mega|p1b: Froslass|Froslass|Froslassite\n|-weather|Snowscape|[from] ability: Snow Warning|[of] p1b: Froslass\n|move|p2a: Froslass|Protect|p2a: Froslass\n|-singleturn|p2a: Froslass|Protect\n|move|p1a: Mimikyu|Shadow Sneak|p2a: Froslass\n|-activate|p2a: Froslass|move: Protect\n|-activate|p2b: Maushold|move: Struggle\n|move|p2b: Maushold|Struggle|p1b: Froslass\n|-damage|p1b: Froslass|94/100\n|-damage|p2b: Maushold|41/100 psn|[from] recoil\n|move|p1b: Froslass|Blizzard|p2b: Maushold|[spread] p2b\n|-activate|p2a: Froslass|move: Protect\n|-damage|p2b: Maushold|0 fnt\n|faint|p2b: Maushold\n|\n|-weather|Snowscape|[upkeep]\n|-fieldend|move: Trick Room\n|upkeep\n|\n|t:|1776546931\n|switch|p2b: Aerodactyl|Aerodactyl, L50, M|23/100\n|turn|6\n|\n|t:|1776546945\n|switch|p2a: Gallade|Gallade, L50, M|100/100\n|move|p1b: Froslass|Protect|p1b: Froslass\n|-singleturn|p1b: Froslass|Protect\n|move|p1a: Mimikyu|Shadow Sneak|p2a: Gallade\n|-supereffective|p2a: Gallade|1\n|-damage|p2a: Gallade|57/100\n|move|p2b: Aerodactyl|Rock Slide|p1b: Froslass|[spread] p1a\n|-activate|p1b: Froslass|move: Protect\n|-damage|p1a: Mimikyu|2/100\n|\n|-weather|Snowscape|[upkeep]\n|upkeep\n|turn|7\n|inactive|Aze77 has 30 seconds left.\n|\n|t:|1776546972\n|move|p1a: Mimikyu|Shadow Sneak|p2b: Aerodactyl\n|-damage|p2b: Aerodactyl|0 fnt\n|faint|p2b: Aerodactyl\n|move|p2a: Gallade|Psycho Cut|p1a: Mimikyu\n|-damage|p1a: Mimikyu|0 fnt\n|faint|p1a: Mimikyu\n|move|p1b: Froslass|Blizzard|p2a: Gallade\n|-damage|p2a: Gallade|0 fnt\n|faint|p2a: Gallade\n|\n|-weather|Snowscape|[upkeep]\n|upkeep\n|\n|t:|1776546985\n|switch|p2b: Froslass|Froslass, L50, F|7/100\n|switch|p1a: Altaria|Altaria, L50, F, shiny|100/100\n|-ability|p1a: Altaria|Cloud Nine\n|turn|8\n|\n|t:|1776546998\n|detailschange|p2b: Froslass|Froslass-Mega, L50, F\n|-mega|p2b: Froslass|Froslass|Froslassite\n|move|p2b: Froslass|Shadow Ball|p1b: Froslass\n|-supereffective|p1b: Froslass|1\n|-damage|p1b: Froslass|0 fnt\n|faint|p1b: Froslass\n|move|p1a: Altaria|Tailwind|p1a: Altaria\n|-sidestart|p1: Aze77|move: Tailwind\n|\n|-weather|Snowscape|[upkeep]\n|upkeep\n|turn|9\n|\n|t:|1776547009\n|move|p1a: Altaria|Flamethrower|p2b: Froslass\n|-supereffective|p2b: Froslass|1\n|-damage|p2b: Froslass|0 fnt\n|faint|p2b: Froslass\n|\n|win|Aze77\n|raw|Aze77's rating: 1101 &rarr; <strong>1124</strong><br />(+23 for winning)\n|raw|xaeroblast's rating: 1080 &rarr; <strong>1059</strong><br />(-21 for losing)\n|l|\u2606xaeroblast\n|player|p2|\n",
  "uploadtime": 1776547020,
  "views": 11,
  "formatid": "gen9championsvgc2026regma",
  "rating": 1059,
  "private": 0,
  "password": null
}