{
  "id": "gen9championsvgc2026regma-2583953592",
  "format": "[Gen 9 Champions] VGC 2026 Reg M-A",
  "players": [
    "D Hazey",
    "edo15122"
  ],
  "log": "|j|\u2606D Hazey\n|j|\u2606edo15122\n|t:|1776211362\n|gametype|doubles\n|player|p1|D Hazey|cynthia-masters|1025\n|player|p2|edo15122|cynthia|1005\n|gen|9\n|tier|[Gen 9 Champions] VGC 2026 Reg M-A\n|rated|\n|rule|Species Clause: Limit one of each Pok\u00e9mon\n|rule|Item Clause: Limit 1 of each item\n|clearpoke\n|poke|p1|Meganium, L50, M|\n|poke|p1|Heliolisk, L50, M|\n|poke|p1|Ariados, L50, F|\n|poke|p1|Arcanine-Hisui, L50, M|\n|poke|p1|Incineroar, L50, F|\n|poke|p1|Azumarill, L50, F|\n|poke|p2|Drampa, L50, F|\n|poke|p2|Sinistcha, L50|\n|poke|p2|Alakazam, L50, F|\n|poke|p2|Scizor, L50, F|\n|poke|p2|Pelipper, L50, M|\n|poke|p2|Basculegion, L50, M|\n|teampreview|4\n|inactive|Battle timer is ON: inactive players will automatically lose when time's up. (requested by edo15122)\n|\n|t:|1776211405\n|teamsize|p1|4\n|teamsize|p2|4\n|start\n|switch|p1a: Meganium|Meganium, L50, M|100/100\n|switch|p1b: Ariados|Ariados, L50, F, shiny|100/100\n|switch|p2a: Drampa|Drampa, L50, F|100/100\n|switch|p2b: Alakazam|Alakazam, L50, F, shiny|100/100\n|-ability|p2a: Drampa|Cloud Nine\n|turn|1\n|\n|t:|1776211428\n|detailschange|p1a: Meganium|Meganium-Mega, L50, M\n|-mega|p1a: Meganium|Meganium|Meganiumite\n|detailschange|p2a: Drampa|Drampa-Mega, L50, F\n|-mega|p2a: Drampa|Drampa|Drampanite\n|move|p1b: Ariados|Sucker Punch||[still]\n|-fail|p1b: Ariados\n|move|p2b: Alakazam|Speed Swap|p2a: Drampa\n|-activate|p2b: Alakazam|move: Speed Swap|[of] p2a: Drampa\n|move|p2a: Drampa|Calm Mind|p2a: Drampa\n|-boost|p2a: Drampa|spa|1\n|-boost|p2a: Drampa|spd|1\n|move|p1a: Meganium|Dazzling Gleam|p2a: Drampa|[spread] p2a,p2b\n|-supereffective|p2a: Drampa|1\n|-damage|p2a: Drampa|60/100\n|-damage|p2b: Alakazam|46/100\n|\n|upkeep\n|turn|2\n|inactive|edo15122 has 30 seconds left.\n|\n|t:|1776211458\n|switch|p2b: Sinistcha|Sinistcha, L50, shiny|100/100\n|-heal|p2a: Drampa|85/100|[from] ability: Hospitality|[of] p2b: Sinistcha\n|move|p2a: Drampa|Hyper Voice|p1a: Meganium|[spread] p1a,p1b\n|-damage|p1a: Meganium|40/100\n|-damage|p1b: Ariados|37/100\n|move|p1a: Meganium|Dazzling Gleam|p2b: Sinistcha|[spread] p2a,p2b\n|-supereffective|p2a: Drampa|1\n|-damage|p2a: Drampa|40/100\n|-damage|p2b: Sinistcha|65/100\n|-ability|p2a: Drampa|Berserk|boost\n|-boost|p2a: Drampa|spa|1\n|move|p1b: Ariados|Disable|p2a: Drampa\n|-start|p2a: Drampa|Disable|Hyper Voice\n|\n|upkeep\n|turn|3\n|inactive|edo15122 has 30 seconds left.\n|\n|t:|1776211492\n|move|p2a: Drampa|Protect|p2a: Drampa\n|-singleturn|p2a: Drampa|Protect\n|move|p1a: Meganium|Protect|p1a: Meganium\n|-singleturn|p1a: Meganium|Protect\n|move|p2b: Sinistcha|Life Dew|p2b: Sinistcha|[spread] p2a,p2b\n|-heal|p2a: Drampa|65/100\n|-heal|p2b: Sinistcha|90/100\n|move|p1b: Ariados|String Shot|p2b: Sinistcha|[spread] p2b\n|-activate|p2a: Drampa|move: Protect\n|-unboost|p2b: Sinistcha|spe|2\n|\n|upkeep\n|turn|4\n|\n|t:|1776211514\n|switch|p2b: Pelipper|Pelipper, L50, M|100/100\n|-weather|RainDance|[from] ability: Drizzle|[of] p2b: Pelipper\n|move|p2a: Drampa|Earth Power|p1b: Ariados\n|-damage|p1b: Ariados|0 fnt\n|faint|p1b: Ariados\n|move|p1a: Meganium|Dazzling Gleam|p2b: Pelipper|[spread] p2a,p2b\n|-supereffective|p2a: Drampa|1\n|-damage|p2a: Drampa|22/100\n|-damage|p2b: Pelipper|48/100\n|-ability|p2a: Drampa|Berserk|boost\n|-boost|p2a: Drampa|spa|1\n|\n|-weather|RainDance|[upkeep]\n|upkeep\n|\n|t:|1776211526\n|switch|p1b: Arcanine|Arcanine-Hisui, L50, M|100/100\n|-ability|p1b: Arcanine|Intimidate|boost\n|-unboost|p2a: Drampa|atk|1\n|-unboost|p2b: Pelipper|atk|1\n|turn|5\n|inactive|D Hazey has 30 seconds left.\n|\n|t:|1776211551\n|switch|p2b: Sinistcha|Sinistcha, L50, shiny|90/100\n|-heal|p2a: Drampa|46/100|[from] ability: Hospitality|[of] p2b: Sinistcha\n|move|p1b: Arcanine|Rock Slide|p2a: Drampa|[spread] p2a,p2b\n|-crit|p2b: Sinistcha\n|-damage|p2a: Drampa|19/100\n|-damage|p2b: Sinistcha|51/100\n|move|p2a: Drampa|Earth Power|p1b: Arcanine\n|-supereffective|p1b: Arcanine|2\n|-damage|p1b: Arcanine|0 fnt\n|faint|p1b: Arcanine\n|move|p1a: Meganium|Dazzling Gleam|p2a: Drampa|[spread] p2a,p2b\n|-supereffective|p2a: Drampa|1\n|-damage|p2a: Drampa|0 fnt\n|-damage|p2b: Sinistcha|17/100\n|-enditem|p2b: Sinistcha|Sitrus Berry|[eat]\n|-heal|p2b: Sinistcha|42/100|[from] item: Sitrus Berry\n|faint|p2a: Drampa\n|\n|-weather|RainDance|[upkeep]\n|upkeep\n|\n|t:|1776211574\n|switch|p1b: Heliolisk|Heliolisk, L50, M|100/100\n|switch|p2a: Alakazam|Alakazam, L50, F, shiny|46/100\n|turn|6\n|inactive|edo15122 has 30 seconds left.\n|\n|t:|1776211599\n|move|p1a: Meganium|Protect|p1a: Meganium\n|-singleturn|p1a: Meganium|Protect\n|move|p2a: Alakazam|Psychic|p1a: Meganium\n|-activate|p1a: Meganium|move: Protect\n|move|p1b: Heliolisk|Glare|p2a: Alakazam\n|-status|p2a: Alakazam|par\n|move|p2b: Sinistcha|Trick Room|p2b: Sinistcha\n|-fieldstart|move: Trick Room|[of] p2b: Sinistcha\n|\n|-weather|RainDance|[upkeep]\n|upkeep\n|turn|7\n|inactive|D Hazey has 30 seconds left.\n|\n|t:|1776211625\n|move|p2b: Sinistcha|Life Dew|p2b: Sinistcha|[spread] p2a,p2b\n|-heal|p2a: Alakazam|71/100 par\n|-heal|p2b: Sinistcha|67/100\n|move|p2a: Alakazam|Psychic|p1a: Meganium\n|-damage|p1a: Meganium|3/100\n|move|p1a: Meganium|Weather Ball|p2b: Sinistcha\n|-supereffective|p2b: Sinistcha|1\n|-damage|p2b: Sinistcha|0 fnt\n|faint|p2b: Sinistcha\n|move|p1b: Heliolisk|Thunder|p2a: Alakazam\n|-damage|p2a: Alakazam|4/100 par\n|\n|-weather|RainDance|[upkeep]\n|upkeep\n|\n|t:|1776211638\n|switch|p2b: Pelipper|Pelipper, L50, M|48/100\n|turn|8\n|inactive|D Hazey has 30 seconds left.\n|inactive|D Hazey has 20 seconds left.\n|inactive|D Hazey has 15 seconds left.\n|inactive|edo15122 has 30 seconds left.\n|\n|t:|1776211680\n|move|p2a: Alakazam|Psychic|p1a: Meganium\n|-damage|p1a: Meganium|0 fnt\n|faint|p1a: Meganium\n|move|p2b: Pelipper|Hurricane|p1b: Heliolisk\n|-resisted|p1b: Heliolisk|1\n|-damage|p1b: Heliolisk|77/100\n|-start|p1b: Heliolisk|confusion\n|-enditem|p1b: Heliolisk|Lum Berry|[eat]\n|-end|p1b: Heliolisk|confusion\n|move|p1b: Heliolisk|Thunder|p2a: Alakazam\n|-damage|p2a: Alakazam|0 fnt\n|faint|p2a: Alakazam\n|\n|-weather|none\n|upkeep\n|turn|9\n|\n|t:|1776211702\n|move|p2b: Pelipper|Hurricane|p1b: Heliolisk\n|-resisted|p1b: Heliolisk|1\n|-damage|p1b: Heliolisk|52/100\n|move|p1b: Heliolisk|Thunder|p2b: Pelipper|[miss]\n|-miss|p1b: Heliolisk|p2b: Pelipper\n|\n|upkeep\n|turn|10\n|\n|t:|1776211712\n|move|p2b: Pelipper|Hurricane|p1b: Heliolisk\n|-resisted|p1b: Heliolisk|1\n|-damage|p1b: Heliolisk|27/100\n|-start|p1b: Heliolisk|confusion\n|-activate|p1b: Heliolisk|confusion\n|move|p1b: Heliolisk|Rain Dance|p1b: Heliolisk\n|-weather|RainDance\n|\n|-weather|RainDance|[upkeep]\n|-heal|p1b: Heliolisk|39/100|[from] ability: Dry Skin\n|-fieldend|move: Trick Room\n|upkeep\n|turn|11\n|\n|t:|1776211724\n|-end|p1b: Heliolisk|confusion\n|move|p1b: Heliolisk|Thunder|p2b: Pelipper\n|-supereffective|p2b: Pelipper|2\n|-damage|p2b: Pelipper|0 fnt\n|faint|p2b: Pelipper\n|\n|win|D Hazey\n|raw|D Hazey's rating: 1025 &rarr; <strong>1059</strong><br />(+34 for winning)\n|raw|edo15122's rating: 1005 &rarr; <strong>1000</strong><br />(-5 for losing)\n|l|\u2606edo15122\n|player|p2|\n",
  "uploadtime": 1776211751,
  "views": 16,
  "formatid": "gen9championsvgc2026regma",
  "rating": 1000,
  "private": 0,
  "password": null
}