{
  "id": "gen9championsvgc2026regma-2582546879",
  "format": "[Gen 9 Champions] VGC 2026 Reg M-A",
  "players": [
    "Mentalsyndrome",
    "Maatiiiii"
  ],
  "log": "|j|\u2606Mentalsyndrome\n|j|\u2606Maatiiiii\n|t:|1776098575\n|gametype|doubles\n|player|p1|Mentalsyndrome|2|1105\n|player|p2|Maatiiiii|firebreather|1203\n|gen|9\n|tier|[Gen 9 Champions] VGC 2026 Reg M-A\n|rated|\n|rule|Species Clause: Limit one of each Pok\u00e9mon\n|rule|Item Clause: Limit 1 of each item\n|clearpoke\n|poke|p1|Bastiodon, L50, M|\n|poke|p1|Hawlucha, L50, F|\n|poke|p1|Milotic, L50, M|\n|poke|p1|Excadrill, L50, F|\n|poke|p1|Farigiraf, L50, M|\n|poke|p1|Tyranitar, L50, M|\n|poke|p2|Froslass, L50, F|\n|poke|p2|Rotom-Frost, L50|\n|poke|p2|Garchomp, L50, F|\n|poke|p2|Kingambit, L50, F|\n|poke|p2|Sneasler, L50, M|\n|poke|p2|Aerodactyl, L50, F|\n|teampreview|4\n|inactive|Battle timer is ON: inactive players will automatically lose when time's up. (requested by Mentalsyndrome)\n|inactive|Mentalsyndrome has 60 seconds left.\n|inactive|Mentalsyndrome has 30 seconds left.\n|inactive|Mentalsyndrome has 20 seconds left.\n|\n|t:|1776098649\n|teamsize|p1|4\n|teamsize|p2|4\n|start\n|switch|p1a: Milotic|Milotic, L50, M|100/100\n|switch|p1b: Farigiraf|Farigiraf, L50, M|100/100\n|switch|p2a: Froslass|Froslass, L50, F|100/100\n|switch|p2b: Rotom|Rotom-Frost, L50|100/100\n|turn|1\n|\n|t:|1776098668\n|detailschange|p2a: Froslass|Froslass-Mega, L50, F\n|-mega|p2a: Froslass|Froslass|Froslassite\n|-weather|Snowscape|[from] ability: Snow Warning|[of] p2a: Froslass\n|move|p2b: Rotom|Thunderbolt|p1a: Milotic\n|-supereffective|p1a: Milotic|1\n|-damage|p1a: Milotic|49/100\n|move|p2a: Froslass|Aurora Veil|p2a: Froslass\n|-sidestart|p2: Maatiiiii|move: Aurora Veil\n|move|p1a: Milotic|Coil|p1a: Milotic\n|-boost|p1a: Milotic|atk|1\n|-boost|p1a: Milotic|def|1\n|-boost|p1a: Milotic|accuracy|1\n|move|p1b: Farigiraf|Trick Room|p1b: Farigiraf\n|-fieldstart|move: Trick Room|[of] p1b: Farigiraf\n|\n|-weather|Snowscape|[upkeep]\n|-heal|p1a: Milotic|55/100|[from] item: Leftovers\n|upkeep\n|turn|2\n|inactive|Maatiiiii has 30 seconds left.\n|\n|t:|1776098700\n|switch|p1b: Tyranitar|Tyranitar, L50, M|100/100\n|-weather|Sandstorm|[from] ability: Sand Stream|[of] p1b: Tyranitar\n|move|p1a: Milotic|Hypnosis|p2b: Rotom\n|-status|p2b: Rotom|slp|[from] move: Hypnosis\n|move|p2a: Froslass|Blizzard|p1a: Milotic|[spread] p1b\n|-miss|p2a: Froslass|p1a: Milotic\n|-damage|p1b: Tyranitar|75/100\n|cant|p2b: Rotom|slp\n|\n|-weather|Sandstorm|[upkeep]\n|-damage|p1a: Milotic|49/100|[from] Sandstorm\n|-damage|p2a: Froslass|94/100|[from] Sandstorm\n|-damage|p2b: Rotom|95/100 slp|[from] Sandstorm\n|-heal|p1a: Milotic|55/100|[from] item: Leftovers\n|upkeep\n|turn|3\n|inactive|Maatiiiii has 30 seconds left.\n|\n|t:|1776098732\n|switch|p2a: Garchomp|Garchomp, L50, F|100/100\n|switch|p2b: Kingambit|Kingambit, L50, F|100/100\n|move|p1b: Tyranitar|Rock Slide|p2b: Kingambit|[spread] p2a,p2b\n|-resisted|p2a: Garchomp|1\n|-resisted|p2b: Kingambit|1\n|-damage|p2a: Garchomp|90/100\n|-damage|p2b: Kingambit|94/100\n|move|p1a: Milotic|Hypnosis|p2a: Garchomp\n|-status|p2a: Garchomp|slp|[from] move: Hypnosis\n|-enditem|p2a: Garchomp|Lum Berry|[eat]\n|-curestatus|p2a: Garchomp|slp|[msg]\n|\n|-weather|Sandstorm|[upkeep]\n|-damage|p1a: Milotic|49/100|[from] Sandstorm\n|-heal|p1a: Milotic|55/100|[from] item: Leftovers\n|upkeep\n|turn|4\n|\n|t:|1776098755\n|switch|p1b: Hawlucha|Hawlucha, L50, F|100/100\n|switch|p2a: Froslass|Froslass-Mega, L50, F|94/100\n|-weather|Snowscape|[from] ability: Snow Warning|[of] p2a: Froslass\n|move|p2b: Kingambit|Iron Head|p1b: Hawlucha\n|-damage|p1b: Hawlucha|45/100\n|move|p1a: Milotic|Scald|p2b: Kingambit\n|-damage|p2b: Kingambit|74/100\n|-status|p2b: Kingambit|brn\n|\n|-weather|Snowscape|[upkeep]\n|-heal|p1a: Milotic|61/100|[from] item: Leftovers\n|-damage|p2b: Kingambit|68/100 brn|[from] brn\n|upkeep\n|turn|5\n|inactive|Maatiiiii has 30 seconds left.\n|\n|t:|1776098781\n|switch|p2a: Garchomp|Garchomp, L50, F|90/100\n|move|p1b: Hawlucha|Protect|p1b: Hawlucha\n|-singleturn|p1b: Hawlucha|Protect\n|move|p2b: Kingambit|Iron Head|p1b: Hawlucha\n|-activate|p1b: Hawlucha|move: Protect\n|move|p1a: Milotic|Hypnosis|p2a: Garchomp\n|-status|p2a: Garchomp|slp|[from] move: Hypnosis\n|\n|-weather|Snowscape|[upkeep]\n|-heal|p1a: Milotic|67/100|[from] item: Leftovers\n|-damage|p2b: Kingambit|62/100 brn|[from] brn\n|-sideend|p2: Maatiiiii|move: Aurora Veil\n|-fieldend|move: Trick Room\n|upkeep\n|turn|6\n|-message|Maatiiiii forfeited.\n|\n|win|Mentalsyndrome\n|raw|Mentalsyndrome's rating: 1105 &rarr; <strong>1137</strong><br />(+32 for winning)\n|raw|Maatiiiii's rating: 1203 &rarr; <strong>1171</strong><br />(-32 for losing)\n|l|\u2606Maatiiiii\n|player|p2|\n",
  "uploadtime": 1776098792,
  "views": 14,
  "formatid": "gen9championsvgc2026regma",
  "rating": 1137,
  "private": 0,
  "password": null
}