{
  "id": "gen9championsvgc2026regma-2582839388",
  "format": "[Gen 9 Champions] VGC 2026 Reg M-A",
  "players": [
    "drewew",
    "chrisrenolds"
  ],
  "log": "|j|\u2606drewew\n|j|\u2606chrisrenolds\n|t:|1776118114\n|gametype|doubles\n|player|p1|drewew|1|1000\n|player|p2|chrisrenolds|266|1081\n|gen|9\n|tier|[Gen 9 Champions] VGC 2026 Reg M-A\n|rated|\n|rule|Species Clause: Limit one of each Pok\u00e9mon\n|rule|Item Clause: Limit 1 of each item\n|clearpoke\n|poke|p1|Charizard, L50, M|\n|poke|p1|Tyranitar, L50, F|\n|poke|p1|Gyarados, L50, F|\n|poke|p1|Garchomp, L50, M|\n|poke|p1|Rotom-Mow, L50|\n|poke|p1|Lucario, L50, M|\n|poke|p2|Charizard, L50, M|\n|poke|p2|Typhlosion-Hisui, L50, M|\n|poke|p2|Venusaur, L50, M|\n|poke|p2|Hydreigon, L50, M|\n|poke|p2|Gyarados, L50, F|\n|poke|p2|Aegislash, L50, M|\n|teampreview|4\n|inactive|Battle timer is ON: inactive players will automatically lose when time's up. (requested by chrisrenolds)\n|inactive|drewew has 60 seconds left.\n|inactive|drewew has 30 seconds left.\n|\n|t:|1776118196\n|teamsize|p1|4\n|teamsize|p2|4\n|start\n|switch|p1a: Lucario|Lucario, L50, M|100/100\n|switch|p1b: Garchomp|Garchomp, L50, M|100/100\n|switch|p2a: Venusaur|Venusaur, L50, M|100/100\n|switch|p2b: Charizard|Charizard, L50, M|100/100\n|turn|1\n|inactive|drewew has 30 seconds left.\n|\n|t:|1776118229\n|detailschange|p2b: Charizard|Charizard-Mega-Y, L50, M\n|-mega|p2b: Charizard|Charizard|Charizardite Y\n|-weather|SunnyDay|[from] ability: Drought|[of] p2b: Charizard\n|move|p1a: Lucario|Protect|p1a: Lucario\n|-singleturn|p1a: Lucario|Protect\n|move|p2a: Venusaur|Sleep Powder|p1b: Garchomp\n|-status|p1b: Garchomp|slp|[from] move: Sleep Powder\n|cant|p1b: Garchomp|slp\n|move|p2b: Charizard|Heat Wave|p1a: Lucario|[spread] p1b\n|-activate|p1a: Lucario|move: Protect\n|-resisted|p1b: Garchomp|1\n|-damage|p1b: Garchomp|65/100 slp\n|\n|-weather|SunnyDay|[upkeep]\n|upkeep\n|turn|2\n|\n|t:|1776118247\n|switch|p1a: Tyranitar|Tyranitar, L50, F|100/100\n|-weather|Sandstorm|[from] ability: Sand Stream|[of] p1a: Tyranitar\n|cant|p1b: Garchomp|slp\n|move|p2b: Charizard|Heat Wave|p1a: Tyranitar|[spread] p1a,p1b\n|-resisted|p1a: Tyranitar|1\n|-resisted|p1b: Garchomp|1\n|-damage|p1a: Tyranitar|89/100\n|-damage|p1b: Garchomp|40/100 slp\n|move|p2a: Venusaur|Energy Ball|p1b: Garchomp\n|-damage|p1b: Garchomp|0 fnt\n|faint|p1b: Garchomp\n|\n|-weather|Sandstorm|[upkeep]\n|-damage|p2b: Charizard|95/100|[from] Sandstorm\n|-damage|p2a: Venusaur|95/100|[from] Sandstorm\n|upkeep\n|\n|t:|1776118260\n|switch|p1b: Lucario|Lucario, L50, M|100/100\n|turn|3\n|\n|t:|1776118280\n|switch|p2b: Gyarados|Gyarados, L50, F|100/100\n|-ability|p2b: Gyarados|Intimidate|boost\n|-unboost|p1a: Tyranitar|atk|1\n|-fail|p1b: Lucario|unboost|Attack|[from] ability: Inner Focus|[of] p1b: Lucario\n|move|p1b: Lucario|Coaching|p1a: Tyranitar\n|-boost|p1a: Tyranitar|atk|1\n|-boost|p1a: Tyranitar|def|1\n|move|p2a: Venusaur|Sleep Powder|p1a: Tyranitar\n|-status|p1a: Tyranitar|slp|[from] move: Sleep Powder\n|cant|p1a: Tyranitar|slp\n|\n|-weather|Sandstorm|[upkeep]\n|-damage|p2a: Venusaur|89/100|[from] Sandstorm\n|-damage|p2b: Gyarados|95/100|[from] Sandstorm\n|upkeep\n|turn|4\n|inactive|drewew has 30 seconds left.\n|\n|t:|1776118313\n|detailschange|p1b: Lucario|Lucario-Mega, L50, M\n|-mega|p1b: Lucario|Lucario|Lucarionite\n|move|p1b: Lucario|Bullet Punch|p2a: Venusaur\n|-damage|p2a: Venusaur|57/100\n|move|p2a: Venusaur|Sleep Powder|p1b: Lucario\n|-status|p1b: Lucario|slp|[from] move: Sleep Powder\n|move|p2b: Gyarados|Waterfall|p1a: Tyranitar\n|-supereffective|p1a: Tyranitar|1\n|-damage|p1a: Tyranitar|46/100 slp\n|cant|p1a: Tyranitar|slp\n|\n|-weather|Sandstorm|[upkeep]\n|-damage|p2a: Venusaur|51/100|[from] Sandstorm\n|-damage|p2b: Gyarados|89/100|[from] Sandstorm\n|upkeep\n|turn|5\n|\n|t:|1776118327\n|cant|p1b: Lucario|slp\n|move|p2a: Venusaur|Energy Ball|p1b: Lucario\n|-resisted|p1b: Lucario|1\n|-damage|p1b: Lucario|68/100 slp\n|move|p2b: Gyarados|Waterfall|p1a: Tyranitar\n|-supereffective|p1a: Tyranitar|1\n|-damage|p1a: Tyranitar|8/100 slp\n|-curestatus|p1a: Tyranitar|slp|[msg]\n|move|p1a: Tyranitar|Rock Slide|p2b: Gyarados|[spread] p2a,p2b\n|-supereffective|p2b: Gyarados|1\n|-damage|p2a: Venusaur|16/100\n|-damage|p2b: Gyarados|17/100\n|-enditem|p2b: Gyarados|Sitrus Berry|[eat]\n|-heal|p2b: Gyarados|42/100|[from] item: Sitrus Berry\n|\n|-weather|Sandstorm|[upkeep]\n|-damage|p2a: Venusaur|11/100|[from] Sandstorm\n|-damage|p2b: Gyarados|36/100|[from] Sandstorm\n|upkeep\n|turn|6\n|\n|t:|1776118338\n|move|p2a: Venusaur|Protect|p2a: Venusaur\n|-singleturn|p2a: Venusaur|Protect\n|move|p1a: Tyranitar|Protect|p1a: Tyranitar\n|-singleturn|p1a: Tyranitar|Protect\n|cant|p1b: Lucario|slp\n|move|p2b: Gyarados|Waterfall|p1a: Tyranitar\n|-activate|p1a: Tyranitar|move: Protect\n|\n|-weather|none\n|upkeep\n|turn|7\n|\n|t:|1776118357\n|-curestatus|p1b: Lucario|slp|[msg]\n|move|p1b: Lucario|Bullet Punch|p2a: Venusaur\n|-damage|p2a: Venusaur|0 fnt\n|faint|p2a: Venusaur\n|move|p2b: Gyarados|Waterfall|p1a: Tyranitar\n|-supereffective|p1a: Tyranitar|1\n|-damage|p1a: Tyranitar|0 fnt\n|faint|p1a: Tyranitar\n|\n|upkeep\n|\n|t:|1776118368\n|switch|p2a: Hydreigon|Hydreigon, L50, M|100/100\n|switch|p1a: Charizard|Charizard, L50, M|100/100\n|turn|8\n|\n|t:|1776118388\n|move|p1b: Lucario|Close Combat|p2a: Hydreigon\n|-supereffective|p2a: Hydreigon|1\n|-enditem|p2a: Hydreigon|Focus Sash\n|-damage|p2a: Hydreigon|1/100\n|-unboost|p1b: Lucario|def|1\n|-unboost|p1b: Lucario|spd|1\n|move|p1a: Charizard|Heat Wave|p2a: Hydreigon|[spread] p2a,p2b\n|-resisted|p2a: Hydreigon|1\n|-resisted|p2b: Gyarados|1\n|-damage|p2a: Hydreigon|0 fnt\n|-damage|p2b: Gyarados|23/100\n|-status|p2b: Gyarados|brn\n|faint|p2a: Hydreigon\n|move|p2b: Gyarados|Waterfall|p1a: Charizard\n|-supereffective|p1a: Charizard|1\n|-damage|p1a: Charizard|54/100\n|\n|-damage|p2b: Gyarados|17/100 brn|[from] brn\n|upkeep\n|\n|t:|1776118396\n|switch|p2a: Charizard|Charizard-Mega-Y, L50, M|95/100\n|-weather|SunnyDay|[from] ability: Drought|[of] p2a: Charizard\n|turn|9\n|\n|t:|1776118406\n|move|p1b: Lucario|Bullet Punch|p2a: Charizard\n|-resisted|p2a: Charizard|1\n|-damage|p2a: Charizard|72/100\n|move|p2a: Charizard|Heat Wave|p1b: Lucario|[spread] p1b\n|-miss|p2a: Charizard|p1a: Charizard\n|-supereffective|p1b: Lucario|1\n|-damage|p1b: Lucario|0 fnt\n|faint|p1b: Lucario\n|move|p1a: Charizard|Heat Wave|p2b: Gyarados|[spread] p2a,p2b\n|-resisted|p2a: Charizard|1\n|-resisted|p2b: Gyarados|1\n|-damage|p2a: Charizard|44/100\n|-damage|p2b: Gyarados|0 fnt\n|faint|p2b: Gyarados\n|\n|-weather|SunnyDay|[upkeep]\n|upkeep\n|turn|10\n|\n|t:|1776118430\n|move|p2a: Charizard|Overheat|p1a: Charizard\n|-resisted|p1a: Charizard|1\n|-damage|p1a: Charizard|0 fnt\n|-unboost|p2a: Charizard|spa|2\n|faint|p1a: Charizard\n|\n|win|chrisrenolds\n|raw|drewew's rating: 1000 &rarr; <strong>1000</strong><br />(+0 for losing)\n|raw|chrisrenolds's rating: 1081 &rarr; <strong>1102</strong><br />(+21 for winning)\n",
  "uploadtime": 1776118430,
  "views": 13,
  "formatid": "gen9championsvgc2026regma",
  "rating": 1000,
  "private": 0,
  "password": null
}