{
  "id": "gen9championsvgc2026regma-2588347403",
  "format": "[Gen 9 Champions] VGC 2026 Reg M-A",
  "players": [
    "Matt3334",
    "meshiny"
  ],
  "log": "|j|\u2606Matt3334\n|j|\u2606meshiny\n|t:|1776626042\n|gametype|doubles\n|player|p1|Matt3334|102|1063\n|player|p2|meshiny|preschoolerf-gen7|1075\n|gen|9\n|tier|[Gen 9 Champions] VGC 2026 Reg M-A\n|rated|\n|rule|Species Clause: Limit one of each Pok\u00e9mon\n|rule|Item Clause: Limit 1 of each item\n|clearpoke\n|poke|p1|Meowstic, L50, M, shiny|\n|poke|p1|Rotom-Wash, L50|\n|poke|p1|Incineroar, L50, M|\n|poke|p1|Clefable, L50, F|\n|poke|p1|Excadrill, L50, F, shiny|\n|poke|p1|Kangaskhan, L50, F|\n|poke|p2|Sandaconda, L50, M|\n|poke|p2|Tyranitar, L50, F|\n|poke|p2|Sinistcha, L50|\n|poke|p2|Manectric, L50, F|\n|poke|p2|Raichu, L50, F|\n|poke|p2|Wyrdeer, L50, M, shiny|\n|teampreview|4\n|c|\u2606meshiny|gl hf\n|c|\u2606Matt3334|gl hf\n|\n|t:|1776626076\n|teamsize|p1|4\n|teamsize|p2|4\n|start\n|switch|p1a: Meowstic|Meowstic, L50, M, shiny|100/100\n|switch|p1b: Rotom|Rotom-Wash, L50|100/100\n|switch|p2a: Tyrant in a Jar|Tyranitar, L50, F|100/100\n|switch|p2b: Bergentruck|Sandaconda, L50, M|100/100\n|-weather|Sandstorm|[from] ability: Sand Stream|[of] p2a: Tyrant in a Jar\n|turn|1\n|\n|t:|1776626102\n|switch|p2b: Baja Blast|Sinistcha, L50|100/100\n|detailschange|p2a: Tyrant in a Jar|Tyranitar-Mega, L50, F\n|-mega|p2a: Tyrant in a Jar|Tyranitar|Tyranitarite\n|move|p1a: Meowstic|Reflect|p1a: Meowstic\n|-sidestart|p1: Matt3334|Reflect\n|move|p1b: Rotom|Will-O-Wisp|p2a: Tyrant in a Jar\n|-status|p2a: Tyrant in a Jar|brn\n|move|p2a: Tyrant in a Jar|Knock Off|p1b: Rotom\n|-damage|p1b: Rotom|86/100\n|-enditem|p1b: Rotom|Chesto Berry|[from] move: Knock Off|[of] p2a: Tyrant in a Jar\n|\n|-weather|Sandstorm|[upkeep]\n|-damage|p1a: Meowstic|95/100|[from] Sandstorm\n|-damage|p1b: Rotom|81/100|[from] Sandstorm\n|-damage|p2b: Baja Blast|94/100|[from] Sandstorm\n|-damage|p2a: Tyrant in a Jar|95/100 brn|[from] brn\n|upkeep\n|turn|2\n|inactive|Battle timer is ON: inactive players will automatically lose when time's up. (requested by meshiny)\n|\n|t:|1776626131\n|move|p2a: Tyrant in a Jar|Protect|p2a: Tyrant in a Jar\n|-singleturn|p2a: Tyrant in a Jar|Protect\n|move|p1a: Meowstic|Light Screen|p1a: Meowstic\n|-sidestart|p1: Matt3334|move: Light Screen\n|move|p1b: Rotom|Hydro Pump|p2a: Tyrant in a Jar\n|-activate|p2a: Tyrant in a Jar|move: Protect\n|move|p2b: Baja Blast|Night Shade|p1b: Rotom\n|-damage|p1b: Rotom|49/100\n|\n|-weather|Sandstorm|[upkeep]\n|-damage|p1a: Meowstic|89/100|[from] Sandstorm\n|-damage|p1b: Rotom|43/100|[from] Sandstorm\n|-damage|p2b: Baja Blast|88/100|[from] Sandstorm\n|-damage|p2a: Tyrant in a Jar|89/100 brn|[from] brn\n|upkeep\n|turn|3\n|inactive|meshiny has 30 seconds left.\n|\n|t:|1776626157\n|switch|p2a: Dess|Wyrdeer, L50, M, shiny|100/100\n|-ability|p2a: Dess|Intimidate|boost\n|-unboost|p1a: Meowstic|atk|1\n|-unboost|p1b: Rotom|atk|1\n|move|p1a: Meowstic|Psychic|p2b: Baja Blast\n|-damage|p2b: Baja Blast|63/100\n|move|p1b: Rotom|Hydro Pump|p2a: Dess\n|-damage|p2a: Dess|65/100\n|move|p2b: Baja Blast|Night Shade|p1b: Rotom\n|-damage|p1b: Rotom|11/100\n|\n|-weather|Sandstorm|[upkeep]\n|-damage|p1a: Meowstic|83/100|[from] Sandstorm\n|-damage|p1b: Rotom|6/100|[from] Sandstorm\n|-damage|p2b: Baja Blast|57/100|[from] Sandstorm\n|-damage|p2a: Dess|59/100|[from] Sandstorm\n|-heal|p2a: Dess|65/100|[from] item: Leftovers\n|upkeep\n|turn|4\n|\n|t:|1776626178\n|move|p2a: Dess|Protect|p2a: Dess\n|-singleturn|p2a: Dess|Protect\n|move|p1a: Meowstic|Psychic|p2b: Baja Blast\n|-damage|p2b: Baja Blast|34/100\n|-enditem|p2b: Baja Blast|Sitrus Berry|[eat]\n|-heal|p2b: Baja Blast|59/100|[from] item: Sitrus Berry\n|move|p1b: Rotom|Will-O-Wisp|p2a: Dess\n|-activate|p2a: Dess|move: Protect\n|move|p2b: Baja Blast|Life Dew|p2b: Baja Blast|[spread] p2a,p2b\n|-heal|p2a: Dess|90/100\n|-heal|p2b: Baja Blast|84/100\n|\n|-weather|Sandstorm|[upkeep]\n|-damage|p1a: Meowstic|77/100|[from] Sandstorm\n|-damage|p1b: Rotom|0 fnt|[from] Sandstorm\n|-damage|p2b: Baja Blast|78/100|[from] Sandstorm\n|-damage|p2a: Dess|84/100|[from] Sandstorm\n|faint|p1b: Rotom\n|-heal|p2a: Dess|90/100|[from] item: Leftovers\n|upkeep\n|\n|t:|1776626200\n|switch|p1b: Excadrill|Excadrill, L50, F, shiny|100/100\n|turn|5\n|\n|t:|1776626220\n|switch|p2a: Bergentruck|Sandaconda, L50, M|100/100\n|detailschange|p1b: Excadrill|Excadrill-Mega, L50, F, shiny\n|-mega|p1b: Excadrill|Excadrill|Excadrite\n|move|p1b: Excadrill|Megahorn|p2b: Baja Blast\n|-damage|p2b: Baja Blast|33/100\n|move|p1a: Meowstic|Psychic|p2b: Baja Blast\n|-damage|p2b: Baja Blast|8/100\n|move|p2b: Baja Blast|Strength Sap|p1b: Excadrill\n|-unboost|p1b: Excadrill|atk|1\n|-heal|p2b: Baja Blast|100/100\n|\n|-weather|none\n|-sideend|p1: Matt3334|Reflect\n|upkeep\n|turn|6\n|\n|t:|1776626241\n|move|p1b: Excadrill|Megahorn|p2b: Baja Blast|[miss]\n|-miss|p1b: Excadrill|p2b: Baja Blast\n|move|p1a: Meowstic|Psychic|p2b: Baja Blast\n|-damage|p2b: Baja Blast|76/100\n|move|p2a: Bergentruck|Minimize|p2a: Bergentruck\n|-boost|p2a: Bergentruck|evasion|2\n|move|p2b: Baja Blast|Strength Sap|p1b: Excadrill\n|-unboost|p1b: Excadrill|atk|1\n|-heal|p2b: Baja Blast|100/100\n|\n|-sideend|p1: Matt3334|move: Light Screen\n|upkeep\n|turn|7\n|inactive|meshiny has 30 seconds left.\n|\n|t:|1776626270\n|switch|p1b: Clefable|Clefable, L50, F|100/100\n|move|p1a: Meowstic|Reflect|p1a: Meowstic\n|-sidestart|p1: Matt3334|Reflect\n|move|p2a: Bergentruck|Minimize|p2a: Bergentruck\n|-boost|p2a: Bergentruck|evasion|2\n|move|p2b: Baja Blast|Strength Sap|p1b: Clefable\n|-unboost|p1b: Clefable|atk|1\n|\n|upkeep\n|turn|8\n|\n|t:|1776626295\n|switch|p2b: Dess|Wyrdeer, L50, M, shiny|90/100\n|-ability|p2b: Dess|Intimidate|boost\n|-unboost|p1a: Meowstic|atk|1\n|-unboost|p1b: Clefable|atk|1\n|move|p1a: Meowstic|Psychic|p2a: Bergentruck|[miss]\n|-miss|p1a: Meowstic|p2a: Bergentruck\n|move|p2a: Bergentruck|Minimize|p2a: Bergentruck\n|-boost|p2a: Bergentruck|evasion|2\n|move|p1b: Clefable|Moonblast|p2a: Bergentruck\n|-damage|p2a: Bergentruck|60/100\n|\n|-heal|p2b: Dess|96/100|[from] item: Leftovers\n|upkeep\n|turn|9\n|inactive|Matt3334 has 30 seconds left.\n|\n|t:|1776626321\n|move|p1a: Meowstic|Psychic|p2b: Dess\n|-resisted|p2b: Dess|1\n|-damage|p2b: Dess|86/100\n|move|p2a: Bergentruck|Substitute|p2a: Bergentruck\n|-start|p2a: Bergentruck|Substitute\n|-damage|p2a: Bergentruck|36/100\n|move|p2b: Dess|Psych Up|p2a: Bergentruck\n|-copyboost|p2b: Dess|p2a: Bergentruck|[from] move: Psych Up\n|move|p1b: Clefable|Fire Blast|p2b: Dess|[miss]\n|-miss|p1b: Clefable|p2b: Dess\n|\n|-heal|p2b: Dess|92/100|[from] item: Leftovers\n|upkeep\n|turn|10\n|inactive|Matt3334 has 30 seconds left.\n|inactive|Matt3334 has 20 seconds left.\n|inactive|Matt3334 has 15 seconds left.\n|c|\u2606Matt3334|you are awaful person\n|inactive|Matt3334 has 10 seconds left.\n|-message|Matt3334 forfeited.\n|\n|win|meshiny\n|raw|Matt3334's rating: 1063 &rarr; <strong>1044</strong><br />(-19 for losing)\n|raw|meshiny's rating: 1075 &rarr; <strong>1103</strong><br />(+28 for winning)\n|l|\u2606Matt3334\n|player|p1|\n|c|\u2606meshiny|lol\n",
  "uploadtime": 1776626381,
  "views": 10,
  "formatid": "gen9championsvgc2026regma",
  "rating": 1044,
  "private": 0,
  "password": null
}