{
  "id": "gen9championsvgc2026regma-2584995465",
  "format": "[Gen 9 Champions] VGC 2026 Reg M-A",
  "players": [
    "ruinationn",
    "Hakke112"
  ],
  "log": "|j|\u2606ruinationn\n|j|\u2606Hakke112\n|t:|1776301656\n|gametype|doubles\n|player|p1|ruinationn|cyrus-masters|1143\n|player|p2|Hakke112|265|1092\n|gen|9\n|tier|[Gen 9 Champions] VGC 2026 Reg M-A\n|rated|\n|rule|Species Clause: Limit one of each Pok\u00e9mon\n|rule|Item Clause: Limit 1 of each item\n|clearpoke\n|poke|p1|Meowstic, L50, M|\n|poke|p1|Archaludon, L50, M|\n|poke|p1|Sneasler, L50, M|\n|poke|p1|Alakazam, L50, M|\n|poke|p1|Floette-Eternal, L50, F|\n|poke|p1|Incineroar, L50, F|\n|poke|p2|Chandelure, L50, F|\n|poke|p2|Sinistcha, L50|\n|poke|p2|Arcanine-Hisui, L50, F|\n|poke|p2|Archaludon, L50, M|\n|poke|p2|Farigiraf, L50, M|\n|poke|p2|Primarina, L50, F|\n|teampreview|4\n|inactive|Battle timer is ON: inactive players will automatically lose when time's up. (requested by Hakke112)\n|inactive|ruinationn has 60 seconds left.\n|\n|t:|1776301715\n|teamsize|p1|4\n|teamsize|p2|4\n|start\n|switch|p1a: Meowstic|Meowstic, L50, M|100/100\n|switch|p1b: Alakazam|Alakazam, L50, M|100/100\n|switch|p2a: Primarina|Primarina, L50, F|100/100\n|switch|p2b: Farigiraf|Farigiraf, L50, M|100/100\n|turn|1\n|\n|t:|1776301731\n|detailschange|p1b: Alakazam|Alakazam-Mega, L50, M\n|-mega|p1b: Alakazam|Alakazam|Alakazite\n|-ability|p1b: Alakazam|Liquid Voice|Trace|[from] ability: Trace|[of] p2a: Primarina\n|move|p1a: Meowstic|Psychic Terrain|p1a: Meowstic\n|-fieldstart|move: Psychic Terrain\n|move|p1b: Alakazam|Expanding Force|p2b: Farigiraf|[spread] p2a,p2b\n|-resisted|p2b: Farigiraf|1\n|-damage|p2a: Primarina|28/100\n|-damage|p2b: Farigiraf|68/100\n|move|p2a: Primarina|Calm Mind|p2a: Primarina\n|-boost|p2a: Primarina|spa|1\n|-boost|p2a: Primarina|spd|1\n|move|p2b: Farigiraf|Trick Room|p2b: Farigiraf\n|-fieldstart|move: Trick Room|[of] p2b: Farigiraf\n|\n|-heal|p2b: Farigiraf|74/100|[from] item: Leftovers\n|upkeep\n|turn|2\n|inactive|Hakke112 has 30 seconds left.\n|\n|t:|1776301761\n|switch|p2b: Sinistcha|Sinistcha, L50|100/100\n|-heal|p2a: Primarina|53/100|[from] ability: Hospitality|[of] p2b: Sinistcha\n|move|p1a: Meowstic|Helping Hand|p1b: Alakazam\n|-singleturn|p1b: Alakazam|Helping Hand|[of] p1a: Meowstic\n|move|p2a: Primarina|Moonblast|p1b: Alakazam\n|-damage|p1b: Alakazam|3/100\n|move|p1b: Alakazam|Expanding Force|p2a: Primarina|[spread] p2a,p2b\n|-damage|p2a: Primarina|0 fnt\n|-damage|p2b: Sinistcha|0 fnt\n|faint|p2a: Primarina\n|faint|p2b: Sinistcha\n|\n|upkeep\n|\n|t:|1776301772\n|switch|p2a: Farigiraf|Farigiraf, L50, M|74/100\n|switch|p2b: Chandelure|Chandelure, L50, F|100/100\n|turn|3\n|\n|t:|1776301785\n|detailschange|p2b: Chandelure|Chandelure-Mega, L50, F\n|-mega|p2b: Chandelure|Chandelure|Chandelurite\n|move|p2a: Farigiraf|Helping Hand|p2b: Chandelure\n|-singleturn|p2b: Chandelure|Helping Hand|[of] p2a: Farigiraf\n|move|p1b: Alakazam|Protect|p1b: Alakazam\n|-singleturn|p1b: Alakazam|Protect\n|move|p2b: Chandelure|Burning Jealousy|p1b: Alakazam|[spread] p1a\n|-activate|p1b: Alakazam|move: Protect\n|-damage|p1a: Meowstic|64/100\n|move|p1a: Meowstic|Expanding Force|p2a: Farigiraf|[spread] p2a,p2b\n|-resisted|p2a: Farigiraf|1\n|-damage|p2a: Farigiraf|59/100\n|-damage|p2b: Chandelure|66/100\n|\n|-heal|p2a: Farigiraf|65/100|[from] item: Leftovers\n|upkeep\n|turn|4\n|inactive|ruinationn has 30 seconds left.\n|\n|t:|1776301813\n|move|p2a: Farigiraf|Helping Hand|p2b: Chandelure\n|-singleturn|p2b: Chandelure|Helping Hand|[of] p2a: Farigiraf\n|move|p1b: Alakazam|Protect||[still]\n|-fail|p1b: Alakazam\n|move|p2b: Chandelure|Burning Jealousy|p1b: Alakazam|[spread] p1a,p1b\n|-crit|p1a: Meowstic\n|-damage|p1a: Meowstic|4/100\n|-damage|p1b: Alakazam|0 fnt\n|-enditem|p1a: Meowstic|Sitrus Berry|[eat]\n|-heal|p1a: Meowstic|29/100|[from] item: Sitrus Berry\n|faint|p1b: Alakazam\n|move|p1a: Meowstic|Expanding Force|p2b: Chandelure|[spread] p2a,p2b\n|-resisted|p2a: Farigiraf|1\n|-damage|p2a: Farigiraf|51/100\n|-damage|p2b: Chandelure|33/100\n|\n|-heal|p2a: Farigiraf|57/100|[from] item: Leftovers\n|upkeep\n|\n|t:|1776301825\n|switch|p1b: Floette|Floette-Eternal, L50, F|100/100\n|turn|5\n|\n|t:|1776301836\n|move|p2a: Farigiraf|Helping Hand|p2b: Chandelure\n|-singleturn|p2b: Chandelure|Helping Hand|[of] p2a: Farigiraf\n|move|p2b: Chandelure|Burning Jealousy|p1b: Floette|[spread] p1a,p1b\n|-damage|p1a: Meowstic|0 fnt\n|-damage|p1b: Floette|67/100\n|faint|p1a: Meowstic\n|move|p1b: Floette|Wish|p1b: Floette\n|\n|-heal|p2a: Farigiraf|63/100|[from] item: Leftovers\n|-fieldend|move: Trick Room\n|-fieldend|move: Psychic Terrain\n|upkeep\n|\n|t:|1776301841\n|switch|p1a: Sneasler|Sneasler, L50, M|100/100\n|turn|6\n|\n|t:|1776301850\n|move|p2b: Chandelure|Protect|p2b: Chandelure\n|-singleturn|p2b: Chandelure|Protect\n|move|p1a: Sneasler|U-turn|p2a: Farigiraf\n|-supereffective|p2a: Farigiraf|1\n|-damage|p2a: Farigiraf|20/100\n|move|p1b: Floette|Dazzling Gleam|p2b: Chandelure|[spread] p2a\n|-activate|p2b: Chandelure|move: Protect\n|-damage|p2a: Farigiraf|0 fnt\n|faint|p2a: Farigiraf\n|\n|-heal|p1b: Floette|100/100|[from] move: Wish|[wisher] Floette\n|upkeep\n|turn|7\n|-message|Hakke112 forfeited.\n|\n|win|ruinationn\n|raw|ruinationn's rating: 1143 &rarr; <strong>1164</strong><br />(+21 for winning)\n|raw|Hakke112's rating: 1092 &rarr; <strong>1072</strong><br />(-20 for losing)\n|l|\u2606Hakke112\n|player|p2|\n",
  "uploadtime": 1776301862,
  "views": 16,
  "formatid": "gen9championsvgc2026regma",
  "rating": 1072,
  "private": 0,
  "password": null
}