{
  "id": "gen9championsvgc2026regma-2587177217",
  "format": "[Gen 9 Champions] VGC 2026 Reg M-A",
  "players": [
    "MoNo_T0NaL",
    "Shun Peng"
  ],
  "log": "|j|\u2606MoNo_T0NaL\n|j|\u2606Shun Peng\n|t:|1776504727\n|gametype|doubles\n|player|p1|MoNo_T0NaL|n|1000\n|player|p2|Shun Peng|170|1002\n|gen|9\n|tier|[Gen 9 Champions] VGC 2026 Reg M-A\n|rated|\n|rule|Species Clause: Limit one of each Pok\u00e9mon\n|rule|Item Clause: Limit 1 of each item\n|clearpoke\n|poke|p1|Golurk, L50, shiny|\n|poke|p1|Sneasler, L50, F, shiny|\n|poke|p1|Incineroar, L50, F|\n|poke|p1|Farigiraf, L50, F|\n|poke|p1|Sinistcha, L50|\n|poke|p1|Basculegion, L50, M|\n|poke|p2|Crabominable, L50, F|\n|poke|p2|Slowking-Galar, L50, F|\n|poke|p2|Sinistcha, L50|\n|poke|p2|Incineroar, L50, M|\n|poke|p2|Hatterene, L50, F|\n|poke|p2|Drampa, L50, F|\n|teampreview|4\n|\n|t:|1776504787\n|teamsize|p1|4\n|teamsize|p2|4\n|start\n|switch|p1a: Farigiraf|Farigiraf, L50, F|100/100\n|switch|p1b: Incineroar|Incineroar, L50, F|100/100\n|switch|p2a: Incineroar|Incineroar, L50, M|100/100\n|switch|p2b: Slowking|Slowking-Galar, L50, F|100/100\n|-ability|p2a: Incineroar|Intimidate|boost\n|-unboost|p1a: Farigiraf|atk|1\n|-unboost|p1b: Incineroar|atk|1\n|-ability|p1b: Incineroar|Intimidate|boost\n|-unboost|p2a: Incineroar|atk|1\n|-unboost|p2b: Slowking|atk|1\n|-enditem|p2a: Incineroar|White Herb\n|-clearnegativeboost|p2a: Incineroar|[silent]\n|turn|1\n|inactive|Battle timer is ON: inactive players will automatically lose when time's up. (requested by Shun Peng)\n|\n|t:|1776504830\n|move|p1b: Incineroar|Fake Out|p2b: Slowking\n|-damage|p2b: Slowking|89/100\n|move|p2a: Incineroar|Taunt|p1a: Farigiraf\n|-start|p1a: Farigiraf|move: Taunt\n|move|p1a: Farigiraf|Psychic|p2b: Slowking\n|-damage|p2b: Slowking|56/100\n|cant|p2b: Slowking|flinch\n|\n|upkeep\n|turn|2\n|inactive|Shun Peng has 30 seconds left.\n|\n|t:|1776504858\n|move|p2a: Incineroar|Darkest Lariat|p1a: Farigiraf\n|-supereffective|p1a: Farigiraf|1\n|-enditem|p1a: Farigiraf|Colbur Berry|[eat]\n|-enditem|p1a: Farigiraf|Colbur Berry|[weaken]\n|-damage|p1a: Farigiraf|56/100\n|move|p1b: Incineroar|Throat Chop|p2b: Slowking\n|-supereffective|p2b: Slowking|1\n|-damage|p2b: Slowking|0 fnt\n|faint|p2b: Slowking\n|move|p1a: Farigiraf|Hyper Voice|p2a: Incineroar\n|-damage|p2a: Incineroar|50/100\n|\n|upkeep\n|\n|t:|1776504870\n|switch|p2b: Sinistcha|Sinistcha, L50|100/100\n|-heal|p2a: Incineroar|75/100|[from] ability: Hospitality|[of] p2b: Sinistcha\n|turn|3\n|\n|t:|1776504879\n|switch|p1a: Basculegion|Basculegion, L50, M|100/100\n|move|p2a: Incineroar|Darkest Lariat|p1a: Basculegion\n|-supereffective|p1a: Basculegion|1\n|-damage|p1a: Basculegion|0 fnt\n|faint|p1a: Basculegion\n|move|p1b: Incineroar|Flare Blitz|p2b: Sinistcha\n|-supereffective|p2b: Sinistcha|1\n|-crit|p2b: Sinistcha\n|-damage|p2b: Sinistcha|0 fnt\n|faint|p2b: Sinistcha\n|-damage|p1b: Incineroar|72/100|[from] Recoil\n|\n|upkeep\n|\n|t:|1776504895\n|switch|p1a: Farigiraf|Farigiraf, L50, F|56/100\n|switch|p2b: Crabominable|Crabominable, L50, F|100/100\n|turn|4\n|\n|t:|1776504912\n|detailschange|p2b: Crabominable|Crabominable-Mega, L50, F\n|-mega|p2b: Crabominable|Crabominable|Crabominite\n|move|p2a: Incineroar|Darkest Lariat|p1a: Farigiraf\n|-supereffective|p1a: Farigiraf|1\n|-damage|p1a: Farigiraf|0 fnt\n|faint|p1a: Farigiraf\n|move|p1b: Incineroar|Flare Blitz|p2b: Crabominable\n|-supereffective|p2b: Crabominable|1\n|-damage|p2b: Crabominable|49/100\n|-damage|p1b: Incineroar|55/100|[from] Recoil\n|move|p2b: Crabominable|Crabhammer|p1b: Incineroar\n|-supereffective|p1b: Incineroar|1\n|-crit|p1b: Incineroar\n|-damage|p1b: Incineroar|0 fnt\n|faint|p1b: Incineroar\n|\n|upkeep\n|\n|t:|1776504929\n|switch|p1b: Golurk|Golurk, L50, shiny|100/100\n|turn|5\n|\n|t:|1776504938\n|detailschange|p1b: Golurk|Golurk-Mega, L50, shiny\n|-mega|p1b: Golurk|Golurk|Golurkite\n|move|p2a: Incineroar|Darkest Lariat|p1b: Golurk\n|-supereffective|p1b: Golurk|1\n|-damage|p1b: Golurk|30/100\n|move|p1b: Golurk|Headlong Rush|p2a: Incineroar\n|-supereffective|p2a: Incineroar|1\n|-damage|p2a: Incineroar|0 fnt\n|-unboost|p1b: Golurk|def|1\n|-unboost|p1b: Golurk|spd|1\n|faint|p2a: Incineroar\n|move|p2b: Crabominable|Ice Hammer|p1b: Golurk\n|-supereffective|p1b: Golurk|1\n|-damage|p1b: Golurk|0 fnt\n|-unboost|p2b: Crabominable|spe|1\n|faint|p1b: Golurk\n|\n|win|Shun Peng\n|raw|MoNo_T0NaL's rating: 1000 &rarr; <strong>1000</strong><br />(+0 for losing)\n|raw|Shun Peng's rating: 1002 &rarr; <strong>1041</strong><br />(+39 for winning)\n|l|\u2606Shun Peng\n|player|p2|\n",
  "uploadtime": 1776504955,
  "views": 18,
  "formatid": "gen9championsvgc2026regma",
  "rating": 1000,
  "private": 0,
  "password": null
}