{
  "id": "gen9championsvgc2026regma-2581533693",
  "format": "[Gen 9 Champions] VGC 2026 Reg M-A",
  "players": [
    "lobbychatlagsmypc",
    "ChronicNikos"
  ],
  "log": "|j|\u2606lobbychatlagsmypc\n|j|\u2606ChronicNikos\n|t:|1776008859\n|gametype|doubles\n|player|p1|lobbychatlagsmypc|102|1208\n|player|p2|ChronicNikos|cynthia-gen4|1222\n|gen|9\n|tier|[Gen 9 Champions] VGC 2026 Reg M-A\n|rated|\n|rule|Species Clause: Limit one of each Pok\u00e9mon\n|rule|Item Clause: Limit 1 of each item\n|clearpoke\n|poke|p1|Starmie, L50|\n|poke|p1|Pelipper, L50, F|\n|poke|p1|Incineroar, L50, F|\n|poke|p1|Farigiraf, L50, F|\n|poke|p1|Dragapult, L50, F|\n|poke|p1|Kingambit, L50, F|\n|poke|p2|Gengar, L50, F|\n|poke|p2|Incineroar, L50, M|\n|poke|p2|Dragonite, L50, F|\n|poke|p2|Politoed, L50, M|\n|poke|p2|Archaludon, L50, F|\n|poke|p2|Basculegion, L50, M|\n|teampreview|4\nChronicNikos rejected open team sheets.\n|inactive|Battle timer is ON: inactive players will automatically lose when time's up. (requested by lobbychatlagsmypc)\n|\n|t:|1776008890\n|teamsize|p1|4\n|teamsize|p2|4\n|start\n|switch|p1a: Starmie|Starmie, L50|100/100\n|switch|p1b: Kingambit|Kingambit, L50, F|100/100\n|switch|p2a: Kathleen|Archaludon, L50, F|100/100\n|switch|p2b: Stephen|Basculegion, L50, M|100/100\n|turn|1\n|inactive|ChronicNikos has 30 seconds left.\n|\n|t:|1776008917\n|switch|p2b: Rosey|Politoed, L50, M|100/100\n|-weather|RainDance|[from] ability: Drizzle|[of] p2b: Rosey\n|detailschange|p1a: Starmie|Starmie-Mega, L50\n|-mega|p1a: Starmie|Starmie|Starminite\n|move|p1a: Starmie|Flip Turn|p2b: Rosey\n|-resisted|p2b: Rosey|1\n|-damage|p2b: Rosey|54/100\n|\n|t:|1776008924\n|switch|p1a: Incineroar|Incineroar, L50, F|100/100|[from] Flip Turn\n|-ability|p1a: Incineroar|Intimidate|boost\n|-unboost|p2a: Kathleen|atk|1\n|-unboost|p2b: Rosey|atk|1\n|move|p2a: Kathleen|Electro Shot||[still]\n|-prepare|p2a: Kathleen|Electro Shot\n|-boost|p2a: Kathleen|spa|1\n|-anim|p2a: Kathleen|Electro Shot|p1a: Incineroar\n|-damage|p1a: Incineroar|23/100\n|move|p1b: Kingambit|Swords Dance|p1b: Kingambit\n|-boost|p1b: Kingambit|atk|2\n|\n|-weather|RainDance|[upkeep]\n|-heal|p2b: Rosey|60/100|[from] item: Leftovers\n|upkeep\n|turn|2\n|\n|t:|1776008939\n|move|p2a: Kathleen|Protect|p2a: Kathleen\n|-singleturn|p2a: Kathleen|Protect\n|move|p2b: Rosey|Protect|p2b: Rosey\n|-singleturn|p2b: Rosey|Protect\n|move|p1a: Incineroar|Fake Out|p2a: Kathleen\n|-activate|p2a: Kathleen|move: Protect\n|move|p1b: Kingambit|Kowtow Cleave|p2a: Kathleen\n|-activate|p2a: Kathleen|move: Protect\n|\n|-weather|RainDance|[upkeep]\n|-heal|p2b: Rosey|66/100|[from] item: Leftovers\n|upkeep\n|turn|3\n|\n|t:|1776008960\n|move|p1b: Kingambit|Protect|p1b: Kingambit\n|-singleturn|p1b: Kingambit|Protect\n|move|p2a: Kathleen|Electro Shot||[still]\n|-prepare|p2a: Kathleen|Electro Shot\n|-boost|p2a: Kathleen|spa|1\n|-anim|p2a: Kathleen|Electro Shot|p1b: Kingambit\n|-activate|p1b: Kingambit|move: Protect\n|move|p1a: Incineroar|Parting Shot|p2a: Kathleen\n|-unboost|p2a: Kathleen|atk|1\n|-unboost|p2a: Kathleen|spa|1\n|\n|t:|1776008969\n|switch|p1a: Starmie|Starmie-Mega, L50|100/100|[from] Parting Shot\n|move|p2b: Rosey|Perish Song|p2b: Rosey\n|-start|p1a: Starmie|perish3|[silent]\n|-start|p1b: Kingambit|perish3|[silent]\n|-start|p2a: Kathleen|perish3|[silent]\n|-start|p2b: Rosey|perish3|[silent]\n|-fieldactivate|move: Perish Song\n|\n|-weather|RainDance|[upkeep]\n|-heal|p2b: Rosey|73/100|[from] item: Leftovers\n|-start|p1a: Starmie|perish3\n|-start|p2a: Kathleen|perish3\n|-start|p2b: Rosey|perish3\n|-start|p1b: Kingambit|perish3\n|upkeep\n|turn|4\n|\n|t:|1776008990\n|switch|p2b: Dragonite|Dragonite, L50, F|100/100\n|move|p2a: Kathleen|Protect|p2a: Kathleen\n|-singleturn|p2a: Kathleen|Protect\n|move|p1b: Kingambit|Sucker Punch||[still]\n|-fail|p1b: Kingambit\n|move|p1a: Starmie|Flip Turn|p2a: Kathleen\n|-activate|p2a: Kathleen|move: Protect\n|\n|-weather|RainDance|[upkeep]\n|-start|p1a: Starmie|perish2\n|-start|p2a: Kathleen|perish2\n|-start|p1b: Kingambit|perish2\n|upkeep\n|turn|5\n|inactive|ChronicNikos has 30 seconds left.\n|inactive|ChronicNikos has 20 seconds left.\n|\n|t:|1776009025\n|switch|p2a: Rosey|Politoed, L50, M|73/100\n|detailschange|p2b: Dragonite|Dragonite-Mega, L50, F\n|-mega|p2b: Dragonite|Dragonite|Dragoninite\n|move|p1b: Kingambit|Sucker Punch||[still]\n|-fail|p1b: Kingambit\n|move|p1a: Starmie|Flip Turn|p2b: Dragonite\n|-resisted|p2b: Dragonite|1\n|-damage|p2b: Dragonite|83/100\n|\n|t:|1776009033\n|switch|p1a: Dragapult|Dragapult, L50, F|100/100|[from] Flip Turn\n|move|p2b: Dragonite|Tailwind|p2b: Dragonite\n|-sidestart|p2: ChronicNikos|move: Tailwind\n|\n|-weather|none\n|-heal|p2a: Rosey|79/100|[from] item: Leftovers\n|-start|p1b: Kingambit|perish1\n|upkeep\n|turn|6\n|inactive|ChronicNikos has 30 seconds left.\n|\n|t:|1776009061\n|switch|p2a: Kathleen|Archaludon, L50, F|100/100\n|switch|p1b: Incineroar|Incineroar, L50, F|23/100\n|-ability|p1b: Incineroar|Intimidate|boost\n|-unboost|p2a: Kathleen|atk|1\n|-unboost|p2b: Dragonite|atk|1\n|move|p2b: Dragonite|Draco Meteor|p1a: Dragapult\n|-supereffective|p1a: Dragapult|1\n|-enditem|p1a: Dragapult|Focus Sash\n|-damage|p1a: Dragapult|1/100\n|-unboost|p2b: Dragonite|spa|2\n|move|p1a: Dragapult|Dragon Darts|p2b: Dragonite\n|-supereffective|p2b: Dragonite|1\n|-damage|p2b: Dragonite|39/100\n|-anim|p1a: Dragapult|Dragon Darts|p2a: Kathleen\n|-damage|p2a: Kathleen|77/100\n|\n|upkeep\n|turn|7\n|\n|t:|1776009085\n|move|p2a: Kathleen|Protect|p2a: Kathleen\n|-singleturn|p2a: Kathleen|Protect\n|move|p2b: Dragonite|Protect|p2b: Dragonite\n|-singleturn|p2b: Dragonite|Protect\n|move|p1a: Dragapult|Dragon Darts|p2b: Dragonite\n|-activate|p2a: Kathleen|move: Protect\n|move|p1b: Incineroar|Parting Shot|p2a: Kathleen\n|-activate|p2a: Kathleen|move: Protect\n|\n|upkeep\n|turn|8\n|inactive|ChronicNikos has 30 seconds left.\n|\n|t:|1776009114\n|switch|p2b: Stephen|Basculegion, L50, M|100/100\n|switch|p1a: Kingambit|Kingambit, L50, F|100/100\n|move|p2a: Kathleen|Electro Shot||[still]\n|-prepare|p2a: Kathleen|Electro Shot\n|-boost|p2a: Kathleen|spa|1\n|move|p1b: Incineroar|Parting Shot|p2a: Kathleen\n|-unboost|p2a: Kathleen|atk|1\n|-unboost|p2a: Kathleen|spa|1\n|\n|t:|1776009126\n|switch|p1b: Starmie|Starmie-Mega, L50|100/100|[from] Parting Shot\n|\n|-sideend|p2: ChronicNikos|move: Tailwind\n|upkeep\n|turn|9\n|\n|t:|1776009141\n|switch|p2b: Dragonite|Dragonite-Mega, L50, F|39/100\n|move|p1b: Starmie|Flip Turn|p2a: Kathleen\n|-resisted|p2a: Kathleen|1\n|-damage|p2a: Kathleen|54/100\n|\n|t:|1776009145\n|switch|p1b: Incineroar|Incineroar, L50, F|23/100|[from] Flip Turn\n|-ability|p1b: Incineroar|Intimidate|boost\n|-unboost|p2a: Kathleen|atk|1\n|-unboost|p2b: Dragonite|atk|1\n|move|p2a: Kathleen|Electro Shot|p1b: Incineroar|[from] lockedmove\n|-damage|p1b: Incineroar|0 fnt\n|faint|p1b: Incineroar\n|move|p1a: Kingambit|Swords Dance|p1a: Kingambit\n|-boost|p1a: Kingambit|atk|2\n|\n|upkeep\n|\n|t:|1776009148\n|switch|p1b: Starmie|Starmie-Mega, L50|100/100\n|turn|10\n|-message|ChronicNikos forfeited.\n|\n|win|lobbychatlagsmypc\n|raw|lobbychatlagsmypc's rating: 1208 &rarr; <strong>1234</strong><br />(+26 for winning)\n|raw|ChronicNikos's rating: 1222 &rarr; <strong>1196</strong><br />(-26 for losing)\n|l|\u2606ChronicNikos\n|player|p2|\n",
  "uploadtime": 1776009167,
  "views": 20,
  "formatid": "gen9championsvgc2026regma",
  "rating": 1196,
  "private": 0,
  "password": null
}