{
  "id": "gen9championsvgc2026regma-2584650049",
  "format": "[Gen 9 Champions] VGC 2026 Reg M-A",
  "players": [
    "TestJay",
    "battle sim trainer"
  ],
  "log": "|j|\u2606TestJay\n|j|\u2606battle sim trainer\n|t:|1776274442\n|gametype|doubles\n|player|p1|TestJay|steven|1088\n|player|p2|battle sim trainer|turo|1097\n|gen|9\n|tier|[Gen 9 Champions] VGC 2026 Reg M-A\n|rated|\n|rule|Species Clause: Limit one of each Pok\u00e9mon\n|rule|Item Clause: Limit 1 of each item\n|clearpoke\n|poke|p1|Froslass, L50, F|\n|poke|p1|Kingambit, L50, F|\n|poke|p1|Rotom-Heat, L50|\n|poke|p1|Sneasler, L50, M|\n|poke|p1|Garchomp, L50, M|\n|poke|p1|Espathra, L50, M|\n|poke|p2|Farigiraf, L50, F|\n|poke|p2|Drampa, L50, M|\n|poke|p2|Sinistcha, L50|\n|poke|p2|Hatterene, L50, F|\n|poke|p2|Slowbro, L50, M|\n|poke|p2|Ninetales-Alola, L50, M|\n|teampreview|4\n|\n|t:|1776274473\n|teamsize|p1|4\n|teamsize|p2|4\n|start\n|switch|p1a: Espathra|Espathra, L50, M|100/100\n|switch|p1b: Froslass|Froslass, L50, F, shiny|100/100\n|switch|p2a: Farigiraf|Farigiraf, L50, F|100/100\n|switch|p2b: Ninetales|Ninetales-Alola, L50, M|100/100\n|-weather|Snowscape|[from] ability: Snow Warning|[of] p2b: Ninetales\n|turn|1\n|\n|t:|1776274489\n|detailschange|p1b: Froslass|Froslass-Mega, L50, F, shiny\n|-mega|p1b: Froslass|Froslass|Froslassite\n|move|p1b: Froslass|Blizzard|p2b: Ninetales|[spread] p2a,p2b\n|-resisted|p2b: Ninetales|1\n|-damage|p2a: Farigiraf|67/100\n|-damage|p2b: Ninetales|72/100\n|move|p2b: Ninetales|Aurora Veil|p2b: Ninetales\n|-sidestart|p2: battle sim trainer|move: Aurora Veil\n|move|p1a: Espathra|Lumina Crash|p2a: Farigiraf\n|-resisted|p2a: Farigiraf|1\n|-damage|p2a: Farigiraf|59/100\n|-unboost|p2a: Farigiraf|spd|2\n|move|p2a: Farigiraf|Trick Room|p2a: Farigiraf\n|-fieldstart|move: Trick Room|[of] p2a: Farigiraf\n|\n|-weather|Snowscape|[upkeep]\n|-ability|p1a: Espathra|Speed Boost|boost\n|-boost|p1a: Espathra|spe|1\n|upkeep\n|turn|2\n|\n|t:|1776274509\n|switch|p2a: Slowbro|Slowbro, L50, M|100/100\n|switch|p2b: Drampa|Drampa, L50, M|100/100\n|move|p1b: Froslass|Aurora Veil|p1b: Froslass\n|-sidestart|p1: TestJay|move: Aurora Veil\n|move|p1a: Espathra|Calm Mind|p1a: Espathra\n|-boost|p1a: Espathra|spa|1\n|-boost|p1a: Espathra|spd|1\n|\n|-weather|Snowscape|[upkeep]\n|-ability|p1a: Espathra|Speed Boost|boost\n|-boost|p1a: Espathra|spe|1\n|upkeep\n|turn|3\n|\n|t:|1776274525\n|switch|p1b: Kingambit|Kingambit, L50, F, shiny|100/100\n|detailschange|p2b: Drampa|Drampa-Mega, L50, M\n|-mega|p2b: Drampa|Drampa|Drampanite\n|move|p1a: Espathra|Protect|p1a: Espathra\n|-singleturn|p1a: Espathra|Protect\n|move|p2b: Drampa|Shadow Ball|p1b: Kingambit\n|-resisted|p1b: Kingambit|1\n|-damage|p1b: Kingambit|90/100\n|move|p2a: Slowbro|Iron Defense|p2a: Slowbro\n|-boost|p2a: Slowbro|def|2\n|\n|-weather|Snowscape|[upkeep]\n|-ability|p1a: Espathra|Speed Boost|boost\n|-boost|p1a: Espathra|spe|1\n|upkeep\n|turn|4\n|\n|t:|1776274550\n|move|p2b: Drampa|Shadow Ball|p1a: Espathra\n|-supereffective|p1a: Espathra|1\n|-damage|p1a: Espathra|63/100\n|move|p2a: Slowbro|Body Press|p1b: Kingambit\n|-supereffective|p1b: Kingambit|2\n|-damage|p1b: Kingambit|0 fnt\n|faint|p1b: Kingambit\n|move|p1a: Espathra|Calm Mind|p1a: Espathra\n|-boost|p1a: Espathra|spa|1\n|-boost|p1a: Espathra|spd|1\n|\n|-weather|Snowscape|[upkeep]\n|-heal|p1a: Espathra|69/100|[from] item: Leftovers\n|-ability|p1a: Espathra|Speed Boost|boost\n|-boost|p1a: Espathra|spe|1\n|upkeep\n|\n|t:|1776274566\n|switch|p1b: Rotom|Rotom-Heat, L50, shiny|100/100\n|turn|5\n|\n|t:|1776274581\n|move|p1b: Rotom|Protect|p1b: Rotom\n|-singleturn|p1b: Rotom|Protect\n|move|p1a: Espathra|Protect|p1a: Espathra\n|-singleturn|p1a: Espathra|Protect\n|move|p2a: Slowbro|Iron Defense|p2a: Slowbro\n|-boost|p2a: Slowbro|def|2\n|move|p2b: Drampa|Hyper Voice|p1b: Rotom|[spread] \n|-activate|p1a: Espathra|move: Protect\n|-activate|p1b: Rotom|move: Protect\n|\n|-weather|none\n|-heal|p1a: Espathra|75/100|[from] item: Leftovers\n|-sideend|p2: battle sim trainer|move: Aurora Veil\n|-fieldend|move: Trick Room\n|-ability|p1a: Espathra|Speed Boost|boost\n|-boost|p1a: Espathra|spe|1\n|upkeep\n|turn|6\n|\n|t:|1776274595\n|move|p1a: Espathra|Lumina Crash|p2a: Slowbro\n|-resisted|p2a: Slowbro|1\n|-damage|p2a: Slowbro|72/100\n|-unboost|p2a: Slowbro|spd|2\n|move|p1b: Rotom|Volt Switch|p2a: Slowbro\n|-supereffective|p2a: Slowbro|1\n|-damage|p2a: Slowbro|0 fnt\n|faint|p2a: Slowbro\n|\n|t:|1776274609\n|switch|p1b: Froslass|Froslass-Mega, L50, F, shiny|100/100|[from] Volt Switch\n|-weather|Snowscape|[from] ability: Snow Warning|[of] p1b: Froslass\n|move|p2b: Drampa|Shadow Ball|p1a: Espathra\n|-supereffective|p1a: Espathra|1\n|-damage|p1a: Espathra|47/100\n|-unboost|p1a: Espathra|spd|1\n|\n|-weather|Snowscape|[upkeep]\n|-heal|p1a: Espathra|53/100|[from] item: Leftovers\n|-sideend|p1: TestJay|move: Aurora Veil\n|-ability|p1a: Espathra|Speed Boost|boost\n|-boost|p1a: Espathra|spe|1\n|upkeep\n|c|\u2606battle sim trainer|very cool combo\n|\n|t:|1776274619\n|switch|p2a: Ninetales|Ninetales-Alola, L50, M|72/100\n|turn|7\n|c|\u2606TestJay|ty!\n|\n|t:|1776274634\n|move|p2b: Drampa|Protect|p2b: Drampa\n|-singleturn|p2b: Drampa|Protect\n|move|p1a: Espathra|Lumina Crash|p2a: Ninetales\n|-damage|p2a: Ninetales|0 fnt\n|faint|p2a: Ninetales\n|move|p1b: Froslass|Blizzard|p2b: Drampa\n|-activate|p2b: Drampa|move: Protect\n|\n|-weather|Snowscape|[upkeep]\n|-heal|p1a: Espathra|59/100|[from] item: Leftovers\n|upkeep\n|\n|t:|1776274641\n|switch|p2a: Farigiraf|Farigiraf, L50, F|59/100\n|turn|8\n|\n|t:|1776274645\n|move|p1a: Espathra|Lumina Crash|p2b: Drampa\n|-damage|p2b: Drampa|38/100\n|-unboost|p2b: Drampa|spd|2\n|-ability|p2b: Drampa|Berserk|boost\n|-boost|p2b: Drampa|spa|1\n|move|p1b: Froslass|Aurora Veil|p1b: Froslass\n|-sidestart|p1: TestJay|move: Aurora Veil\n|move|p2b: Drampa|Hyper Voice|p1b: Froslass|[spread] p1a\n|-immune|p1b: Froslass\n|-damage|p1a: Espathra|20/100\n|move|p2a: Farigiraf|Trick Room|p2a: Farigiraf\n|-fieldstart|move: Trick Room|[of] p2a: Farigiraf\n|\n|-weather|Snowscape|[upkeep]\n|-heal|p1a: Espathra|26/100|[from] item: Leftovers\n|upkeep\n|turn|9\n|\n|t:|1776274663\n|move|p2b: Drampa|Shadow Ball|p1a: Espathra\n|-supereffective|p1a: Espathra|1\n|-damage|p1a: Espathra|0 fnt\n|faint|p1a: Espathra\n|move|p2a: Farigiraf|Psyshock|p1b: Froslass\n|-damage|p1b: Froslass|76/100\n|move|p1b: Froslass|Blizzard|p2a: Farigiraf|[spread] p2a,p2b\n|-supereffective|p2b: Drampa|1\n|-damage|p2a: Farigiraf|26/100\n|-damage|p2b: Drampa|0 fnt\n|-enditem|p2a: Farigiraf|Sitrus Berry|[eat]\n|-heal|p2a: Farigiraf|50/100|[from] item: Sitrus Berry\n|faint|p2b: Drampa\n|\n|-weather|Snowscape|[upkeep]\n|upkeep\n|\n|t:|1776274673\n|switch|p1a: Rotom|Rotom-Heat, L50, shiny|100/100\n|turn|10\n|-message|battle sim trainer forfeited.\n|\n|win|TestJay\n|raw|TestJay's rating: 1088 &rarr; <strong>1115</strong><br />(+27 for winning)\n|raw|battle sim trainer's rating: 1097 &rarr; <strong>1072</strong><br />(-25 for losing)\n",
  "uploadtime": 1776274680,
  "views": 14,
  "formatid": "gen9championsvgc2026regma",
  "rating": 1072,
  "private": 0,
  "password": null
}