{
  "id": "gen9championsvgc2026regma-2583834459",
  "format": "[Gen 9 Champions] VGC 2026 Reg M-A",
  "players": [
    "dave4703",
    "OberonYaoi"
  ],
  "log": "|j|\u2606dave4703\n|j|\u2606OberonYaoi\n|t:|1776201360\n|gametype|doubles\n|player|p1|dave4703|bugcatcher-gen4dp|1136\n|player|p2|OberonYaoi|n|1040\n|gen|9\n|tier|[Gen 9 Champions] VGC 2026 Reg M-A\n|rated|\n|rule|Species Clause: Limit one of each Pok\u00e9mon\n|rule|Item Clause: Limit 1 of each item\n|clearpoke\n|poke|p1|Dragapult, L50, M|\n|poke|p1|Pelipper, L50, M|\n|poke|p1|Archaludon, L50, M|\n|poke|p1|Basculegion, L50, M|\n|poke|p1|Scizor, L50, M|\n|poke|p1|Sableye, L50, M|\n|poke|p2|Trevenant, L50, F|\n|poke|p2|Empoleon, L50, F|\n|poke|p2|Incineroar, L50, F|\n|poke|p2|Sneasler, L50, M|\n|poke|p2|Drampa, L50, M|\n|poke|p2|Scovillain, L50, F|\n|teampreview|4\n|c|\u2606dave4703|glhf\n|inactive|Battle timer is ON: inactive players will automatically lose when time's up. (requested by dave4703)\n|\n|t:|1776201426\n|teamsize|p1|4\n|teamsize|p2|4\n|start\n|switch|p1a: Dragapult|Dragapult, L50, M|100/100\n|switch|p1b: Scizor|Scizor, L50, M|100/100\n|switch|p2a: Drampa|Drampa, L50, M|100/100\n|switch|p2b: Scovillain|Scovillain, L50, F|100/100\n|-ability|p2a: Drampa|Cloud Nine\n|turn|1\n|inactive|dave4703 has 30 seconds left.\n|\n|t:|1776201455\n|switch|p1b: Pelipper|Pelipper, L50, M|100/100\n|-weather|RainDance|[from] ability: Drizzle|[of] p1b: Pelipper\n|detailschange|p2b: Scovillain|Scovillain-Mega, L50, F\n|-mega|p2b: Scovillain|Scovillain|Scovillainite\n|move|p2b: Scovillain|Protect|p2b: Scovillain\n|-singleturn|p2b: Scovillain|Protect\n|move|p1a: Dragapult|Draco Meteor|p2a: Drampa|[miss]\n|-miss|p1a: Dragapult|p2a: Drampa\n|move|p2a: Drampa|Calm Mind|p2a: Drampa\n|-boost|p2a: Drampa|spa|1\n|-boost|p2a: Drampa|spd|1\n|\n|-weather|RainDance|[upkeep]\n|upkeep\n|turn|2\n|c|\u2606dave4703|no way\n|c|\u2606OberonYaoi|woops!\n|inactive|OberonYaoi has 30 seconds left.\n|\n|t:|1776201482\n|move|p2b: Scovillain|Rage Powder|p2b: Scovillain\n|-singleturn|p2b: Scovillain|move: Rage Powder\n|move|p1a: Dragapult|Draco Meteor|p2b: Scovillain\n|-damage|p2b: Scovillain|36/100\n|-unboost|p1a: Dragapult|spa|2\n|-status|p1a: Dragapult|brn|[from] ability: Spicy Spray|[of] p2b: Scovillain\n|move|p1b: Pelipper|Tailwind|p1b: Pelipper\n|-sidestart|p1: dave4703|move: Tailwind\n|move|p2a: Drampa|Ice Beam|p1a: Dragapult\n|-supereffective|p1a: Dragapult|1\n|-enditem|p1a: Dragapult|Focus Sash\n|-damage|p1a: Dragapult|1/100 brn\n|\n|-weather|RainDance|[upkeep]\n|-damage|p1a: Dragapult|0 fnt|[from] brn\n|faint|p1a: Dragapult\n|upkeep\n|\n|t:|1776201497\n|switch|p1a: Archaludon|Archaludon, L50, M|100/100\n|turn|3\n|\n|t:|1776201507\n|switch|p1b: Scizor|Scizor, L50, M|100/100\n|move|p2b: Scovillain|Protect|p2b: Scovillain\n|-singleturn|p2b: Scovillain|Protect\n|move|p1a: Archaludon|Draco Meteor|p2b: Scovillain\n|-activate|p2b: Scovillain|move: Protect\n|move|p2a: Drampa|Calm Mind|p2a: Drampa\n|-boost|p2a: Drampa|spa|1\n|-boost|p2a: Drampa|spd|1\n|\n|-weather|RainDance|[upkeep]\n|upkeep\n|turn|4\n|\n|t:|1776201529\n|detailschange|p1b: Scizor|Scizor-Mega, L50, M\n|-mega|p1b: Scizor|Scizor|Scizorite\n|move|p1a: Archaludon|Draco Meteor|p2b: Scovillain\n|-damage|p2b: Scovillain|0 fnt\n|-unboost|p1a: Archaludon|spa|2\n|-status|p1a: Archaludon|brn|[from] ability: Spicy Spray|[of] p2b: Scovillain\n|faint|p2b: Scovillain\n|move|p1b: Scizor|Swords Dance|p1b: Scizor\n|-boost|p1b: Scizor|atk|2\n|move|p2a: Drampa|Ice Beam|p1a: Archaludon\n|-damage|p1a: Archaludon|25/100 brn\n|\n|-weather|RainDance|[upkeep]\n|-damage|p1a: Archaludon|19/100 brn|[from] brn\n|upkeep\n|\n|t:|1776201545\n|switch|p2b: Incineroar|Incineroar, L50, F|100/100\n|turn|5\n|\n|t:|1776201563\n|move|p1a: Archaludon|Protect|p1a: Archaludon\n|-singleturn|p1a: Archaludon|Protect\n|move|p2a: Drampa|Protect|p2a: Drampa\n|-singleturn|p2a: Drampa|Protect\n|move|p1b: Scizor|Bug Bite|p2b: Incineroar\n|-enditem|p2b: Incineroar|Focus Sash\n|-damage|p2b: Incineroar|1/100\n|move|p2b: Incineroar|Overheat|p1b: Scizor\n|-supereffective|p1b: Scizor|2\n|-damage|p1b: Scizor|0 fnt\n|-unboost|p2b: Incineroar|spa|2\n|faint|p1b: Scizor\n|\n|-weather|none\n|-damage|p1a: Archaludon|13/100 brn|[from] brn\n|-sideend|p1: dave4703|move: Tailwind\n|upkeep\n|\n|t:|1776201573\n|switch|p1b: Pelipper|Pelipper, L50, M|100/100\n|-weather|RainDance|[from] ability: Drizzle|[of] p1b: Pelipper\n|turn|6\n|c|\u2606OberonYaoi|CRACKHEAD INCINEROARRR\n|c|\u2606dave4703|i was about to be disrespectful\n|inactive|dave4703 has 30 seconds left.\n|inactive|OberonYaoi has 30 seconds left.\n|\n|t:|1776201602\n|move|p2b: Incineroar|Protect|p2b: Incineroar\n|-singleturn|p2b: Incineroar|Protect\n|move|p1a: Archaludon|Flash Cannon|p2b: Incineroar\n|-activate|p2b: Incineroar|move: Protect\n|move|p1b: Pelipper|Tailwind|p1b: Pelipper\n|-sidestart|p1: dave4703|move: Tailwind\n|move|p2a: Drampa|Ice Beam|p1b: Pelipper\n|-damage|p1b: Pelipper|23/100\n|-enditem|p1b: Pelipper|Sitrus Berry|[eat]\n|-heal|p1b: Pelipper|47/100|[from] item: Sitrus Berry\n|\n|-weather|RainDance|[upkeep]\n|-damage|p1a: Archaludon|7/100 brn|[from] brn\n|upkeep\n|turn|7\n|c|\u2606OberonYaoi|The strongsuit of this team is that it makes no sense\n|inactive|OberonYaoi has 30 seconds left.\n|\n|t:|1776201632\n|move|p2a: Drampa|Protect|p2a: Drampa\n|-singleturn|p2a: Drampa|Protect\n|move|p1a: Archaludon|Draco Meteor|p2a: Drampa\n|-activate|p2a: Drampa|move: Protect\n|move|p1b: Pelipper|Hurricane|p2b: Incineroar|[miss]\n|-miss|p1b: Pelipper|p2b: Incineroar\n|move|p2b: Incineroar|Facade|p1b: Pelipper\n|-damage|p1b: Pelipper|28/100\n|\n|-weather|RainDance|[upkeep]\n|-damage|p1a: Archaludon|0 fnt|[from] brn\n|faint|p1a: Archaludon\n|upkeep\n|turn|8\n|c|\u2606OberonYaoi|ok wow\n|c|\u2606OberonYaoi|that's just tragic\n|\n|t:|1776201655\n|move|p1b: Pelipper|Hurricane|p2a: Drampa\n|-damage|p2a: Drampa|76/100\n|-start|p2a: Drampa|confusion\n|move|p2b: Incineroar|Facade|p1b: Pelipper\n|-damage|p1b: Pelipper|9/100\n|-activate|p2a: Drampa|confusion\n|-damage|p2a: Drampa|70/100|[from] confusion\n|\n|-weather|RainDance|[upkeep]\n|-heal|p2a: Drampa|76/100|[from] item: Leftovers\n|upkeep\n|turn|9\n|c|\u2606dave4703|im just f'ed\n|\n|t:|1776201672\n|move|p1b: Pelipper|Hurricane|p2b: Incineroar\n|-damage|p2b: Incineroar|0 fnt\n|faint|p2b: Incineroar\n|-activate|p2a: Drampa|confusion\n|move|p2a: Drampa|Ice Beam|p1b: Pelipper\n|-damage|p1b: Pelipper|0 fnt\n|faint|p1b: Pelipper\n|\n|win|OberonYaoi\n|raw|dave4703's rating: 1136 &rarr; <strong>1104</strong><br />(-32 for losing)\n|raw|OberonYaoi's rating: 1040 &rarr; <strong>1083</strong><br />(+43 for winning)\n|c|\u2606dave4703|gg\n|c|\u2606OberonYaoi|ggs\n|l|\u2606dave4703\n|player|p1|\n|l|\u2606OberonYaoi\n|player|p2|\n|j|\u2606OberonYaoi\n|player|p2|OberonYaoi|n|\n",
  "uploadtime": 1776201729,
  "views": 32,
  "formatid": "gen9championsvgc2026regma",
  "rating": 1083,
  "private": 0,
  "password": null
}