{
  "id": "gen9championsvgc2026regma-2588316270",
  "format": "[Gen 9 Champions] VGC 2026 Reg M-A",
  "players": [
    "Henrik22",
    "Annie4U"
  ],
  "log": "|j|\u2606Henrik22\n|j|\u2606Annie4U\n|t:|1776623503\n|gametype|doubles\n|player|p1|Henrik22|ethan|1532\n|player|p2|Annie4U|miku-water|1433\n|gen|9\n|tier|[Gen 9 Champions] VGC 2026 Reg M-A\n|rated|\n|rule|Species Clause: Limit one of each Pok\u00e9mon\n|rule|Item Clause: Limit 1 of each item\n|clearpoke\n|poke|p1|Froslass, L50, F|\n|poke|p1|Kingambit, L50, M|\n|poke|p1|Sneasler, L50, F|\n|poke|p1|Talonflame, L50, M|\n|poke|p1|Excadrill, L50, F|\n|poke|p1|Basculegion, L50, M|\n|poke|p2|Kangaskhan, L50, F, shiny|\n|poke|p2|Torkoal, L50, M, shiny|\n|poke|p2|Zoroark-Hisui, L50, M|\n|poke|p2|Farigiraf, L50, F, shiny|\n|poke|p2|Decidueye-Hisui, L50, F|\n|poke|p2|Kingambit, L50, M, shiny|\n|teampreview|4\n|inactive|Battle timer is ON: inactive players will automatically lose when time's up. (requested by Annie4U)\n|inactive|Henrik22 has 60 seconds left.\n|inactive|Annie4U has 60 seconds left.\n|inactive|Henrik22 has 30 seconds left.\n|inactive|Henrik22 has 20 seconds left.\n|\n|t:|1776623575\n|teamsize|p1|4\n|teamsize|p2|4\n|start\n|switch|p1a: Kingambit|Kingambit, L50, M|100/100\n|switch|p1b: Talonflame|Talonflame, L50, M|100/100\n|switch|p2a: Kangaskhan|Kangaskhan, L50, F, shiny|100/100\n|switch|p2b: Farigiraf|Farigiraf, L50, F, shiny|100/100\n|turn|1\n|inactive|Henrik22 has 30 seconds left.\n|inactive|Henrik22 has 20 seconds left.\n|\n|t:|1776623611\n|switch|p1a: Froslass|Froslass, L50, F|100/100\n|detailschange|p2a: Kangaskhan|Kangaskhan-Mega, L50, F, shiny\n|-mega|p2a: Kangaskhan|Kangaskhan|Kangaskhanite\n|move|p1b: Talonflame|Flare Blitz|p2a: Kangaskhan\n|-damage|p2a: Kangaskhan|55/100\n|-damage|p1b: Talonflame|80/100|[from] Recoil\n|move|p2a: Kangaskhan|Hammer Arm|p1a: Froslass\n|-immune|p1a: Froslass\n|move|p2b: Farigiraf|Trick Room|p2b: Farigiraf\n|-fieldstart|move: Trick Room|[of] p2b: Farigiraf\n|\n|upkeep\n|turn|2\n|inactive|Henrik22 has 30 seconds left.\n|inactive|Henrik22 has 20 seconds left.\n|\n|t:|1776623648\n|switch|p1b: Excadrill|Excadrill, L50, F|100/100\n|move|p1a: Froslass|Protect|p1a: Froslass\n|-singleturn|p1a: Froslass|Protect\n|move|p2b: Farigiraf|Psychic|p1b: Excadrill\n|-resisted|p1b: Excadrill|1\n|-damage|p1b: Excadrill|80/100\n|move|p2a: Kangaskhan|Crunch|p1a: Froslass\n|-activate|p1a: Froslass|move: Protect\n|\n|upkeep\n|turn|3\n|inactive|Henrik22 has 30 seconds left.\n|inactive|Henrik22 has 20 seconds left.\n|\n|t:|1776623684\n|switch|p2b: Torkoal|Torkoal, L50, M, shiny|100/100\n|-weather|SunnyDay|[from] ability: Drought|[of] p2b: Torkoal\n|switch|p1a: Kingambit|Kingambit, L50, M|100/100\n|move|p1b: Excadrill|Protect|p1b: Excadrill\n|-singleturn|p1b: Excadrill|Protect\n|move|p2a: Kangaskhan|Hammer Arm|p1a: Kingambit\n|-supereffective|p1a: Kingambit|2\n|-damage|p1a: Kingambit|0 fnt\n|-unboost|p2a: Kangaskhan|spe|1\n|faint|p1a: Kingambit\n|-hitcount|p1: Kingambit|1\n|\n|-weather|SunnyDay|[upkeep]\n|upkeep\n|\n|t:|1776623698\n|switch|p1a: Froslass|Froslass, L50, F|100/100\n|turn|4\n|\n|t:|1776623708\n|switch|p1b: Talonflame|Talonflame, L50, M|80/100\n|detailschange|p1a: Froslass|Froslass-Mega, L50, F\n|-mega|p1a: Froslass|Froslass|Froslassite\n|-weather|Snowscape|[from] ability: Snow Warning|[of] p1a: Froslass\n|move|p1a: Froslass|Protect|p1a: Froslass\n|-singleturn|p1a: Froslass|Protect\n|move|p2b: Torkoal|Eruption|p1b: Talonflame|[spread] p1b\n|-activate|p1a: Froslass|move: Protect\n|-resisted|p1b: Talonflame|1\n|-damage|p1b: Talonflame|39/100\n|move|p2a: Kangaskhan|Double-Edge|p1b: Talonflame\n|-damage|p1b: Talonflame|0 fnt\n|faint|p1b: Talonflame\n|-hitcount|p1: Talonflame|1\n|-damage|p2a: Kangaskhan|46/100|[from] Recoil\n|\n|-weather|Snowscape|[upkeep]\n|upkeep\n|\n|t:|1776623725\n|switch|p1b: Excadrill|Excadrill, L50, F|80/100\n|turn|5\n|\n|t:|1776623736\n|move|p1a: Froslass|Protect||[still]\n|-fail|p1a: Froslass\n|move|p2b: Torkoal|Eruption|p1a: Froslass|[spread] p1a,p1b\n|-supereffective|p1a: Froslass|1\n|-supereffective|p1b: Excadrill|1\n|-damage|p1a: Froslass|0 fnt\n|-damage|p1b: Excadrill|0 fnt\n|faint|p1a: Froslass\n|faint|p1b: Excadrill\n|\n|win|Annie4U\n|raw|Henrik22's rating: 1532 &rarr; <strong>1506</strong><br />(-26 for losing)\n|raw|Annie4U's rating: 1433 &rarr; <strong>1459</strong><br />(+26 for winning)\n",
  "uploadtime": 1776623742,
  "views": 11,
  "formatid": "gen9championsvgc2026regma",
  "rating": 1459,
  "private": 0,
  "password": null
}