{
  "id": "gen9championsvgc2026regma-2581416334",
  "format": "[Gen 9 Champions] VGC 2026 Reg M-A",
  "players": [
    "pantydraco",
    "lilanhuo"
  ],
  "log": "|j|\u2606pantydraco\n|j|\u2606lilanhuo\n|t:|1775998202\n|gametype|doubles\n|player|p1|pantydraco|bruno|1128\n|player|p2|lilanhuo|dawn-masters3|1075\n|gen|9\n|tier|[Gen 9 Champions] VGC 2026 Reg M-A\n|rated|\n|rule|Species Clause: Limit one of each Pok\u00e9mon\n|rule|Item Clause: Limit 1 of each item\n|clearpoke\n|poke|p1|Charizard, L50, M|\n|poke|p1|Venusaur, L50, M|\n|poke|p1|Aerodactyl, L50, F|\n|poke|p1|Incineroar, L50, M|\n|poke|p1|Garchomp, L50, F|\n|poke|p1|Rotom-Frost, L50|\n|poke|p2|Gengar, L50, F|\n|poke|p2|Incineroar, L50, F|\n|poke|p2|Tyranitar, L50, F|\n|poke|p2|Kingambit, L50, F|\n|poke|p2|Sinistcha-Masterpiece, L50|\n|poke|p2|Kommo-o, L50, F|\n|teampreview|4\n|inactive|Battle timer is ON: inactive players will automatically lose when time's up. (requested by lilanhuo)\n|\n|t:|1775998234\n|teamsize|p1|4\n|teamsize|p2|4\n|start\n|switch|p1a: Garchomp|Garchomp, L50, F|100/100\n|switch|p1b: Aerodactyl|Aerodactyl, L50, F|100/100\n|switch|p2a: \u6211\u662f\u8f93\u51fagengor|Gengar, L50, F, shiny|100/100\n|switch|p2b: Incineroar|Incineroar, L50, F, shiny|100/100\n|-ability|p1b: Aerodactyl|Unnerve\n|-ability|p2b: Incineroar|Intimidate|boost\n|-unboost|p1a: Garchomp|atk|1\n|-unboost|p1b: Aerodactyl|atk|1\n|turn|1\n|inactive|pantydraco has 30 seconds left.\n|inactive|lilanhuo has 30 seconds left.\n|inactive|lilanhuo has 20 seconds left.\n|inactive|lilanhuo has 15 seconds left.\n|inactive|lilanhuo has 10 seconds left.\n|\n|t:|1775998279\n|detailschange|p2a: \u6211\u662f\u8f93\u51fagengor|Gengar-Mega, L50, F, shiny\n|-mega|p2a: \u6211\u662f\u8f93\u51fagengor|Gengar|Gengarite\n|move|p2a: \u6211\u662f\u8f93\u51fagengor|Protect|p2a: \u6211\u662f\u8f93\u51fagengor\n|-singleturn|p2a: \u6211\u662f\u8f93\u51fagengor|Protect\n|move|p1a: Garchomp|Protect|p1a: Garchomp\n|-singleturn|p1a: Garchomp|Protect\n|move|p1b: Aerodactyl|Tailwind|p1b: Aerodactyl\n|-sidestart|p1: pantydraco|move: Tailwind\n|move|p2b: Incineroar|Parting Shot|p1b: Aerodactyl\n|-unboost|p1b: Aerodactyl|atk|1\n|-unboost|p1b: Aerodactyl|spa|1\n|\n|t:|1775998293\n|switch|p2b: Tyranitar|Tyranitar, L50, F, shiny|100/100|[from] Parting Shot\n|-weather|Sandstorm|[from] ability: Sand Stream|[of] p2b: Tyranitar\n|\n|-weather|Sandstorm|[upkeep]\n|-damage|p2a: \u6211\u662f\u8f93\u51fagengor|95/100|[from] Sandstorm\n|upkeep\n|turn|2\n|\n|t:|1775998306\n|move|p1b: Aerodactyl|Wide Guard|p1b: Aerodactyl\n|-singleturn|p1b: Aerodactyl|Wide Guard\n|move|p1a: Garchomp|Earthquake|p2b: Tyranitar|[spread] p2a,p2b\n|-activate|p1b: Aerodactyl|move: Wide Guard\n|-supereffective|p2a: \u6211\u662f\u8f93\u51fagengor|1\n|-supereffective|p2b: Tyranitar|1\n|-damage|p2a: \u6211\u662f\u8f93\u51fagengor|0 fnt\n|-damage|p2b: Tyranitar|52/100\n|faint|p2a: \u6211\u662f\u8f93\u51fagengor\n|move|p2b: Tyranitar|Ice Punch|p1a: Garchomp\n|-supereffective|p1a: Garchomp|2\n|-enditem|p1a: Garchomp|Yache Berry|[eat]\n|-enditem|p1a: Garchomp|Yache Berry|[weaken]\n|-damage|p1a: Garchomp|57/100\n|-damage|p2b: Tyranitar|40/100|[from] ability: Rough Skin|[of] p1a: Garchomp\n|\n|-weather|Sandstorm|[upkeep]\n|upkeep\n|\n|t:|1775998324\n|switch|p2a: Incineroar|Incineroar, L50, F, shiny|100/100\n|-ability|p2a: Incineroar|Intimidate|boost\n|-unboost|p1a: Garchomp|atk|1\n|-unboost|p1b: Aerodactyl|atk|1\n|turn|3\n|\n|t:|1775998336\n|move|p1b: Aerodactyl|Wide Guard|p1b: Aerodactyl\n|-singleturn|p1b: Aerodactyl|Wide Guard\n|move|p2a: Incineroar|Fake Out|p1a: Garchomp\n|-damage|p1a: Garchomp|47/100\n|-damage|p2a: Incineroar|88/100|[from] ability: Rough Skin|[of] p1a: Garchomp\n|cant|p1a: Garchomp|flinch\n|move|p2b: Tyranitar|Ice Punch|p1a: Garchomp\n|-supereffective|p1a: Garchomp|2\n|-damage|p1a: Garchomp|0 fnt\n|-damage|p2b: Tyranitar|28/100|[from] ability: Rough Skin|[of] p1a: Garchomp\n|faint|p1a: Garchomp\n|\n|-weather|Sandstorm|[upkeep]\n|-damage|p2a: Incineroar|82/100|[from] Sandstorm\n|upkeep\n|\n|t:|1775998354\n|switch|p1a: Incineroar|Incineroar, L50, M|100/100\n|-ability|p1a: Incineroar|Intimidate|boost\n|-unboost|p2a: Incineroar|atk|1\n|-unboost|p2b: Tyranitar|atk|1\n|turn|4\n|\n|t:|1775998370\n|switch|p2b: Sinistcha|Sinistcha-Masterpiece, L50, shiny|100/100\n|-heal|p2a: Incineroar|100/100|[from] ability: Hospitality|[of] p2b: Sinistcha\n|move|p1b: Aerodactyl|Wide Guard|p1b: Aerodactyl\n|-singleturn|p1b: Aerodactyl|Wide Guard\n|move|p1a: Incineroar|Fake Out|p2a: Incineroar\n|-damage|p2a: Incineroar|89/100\n|cant|p2a: Incineroar|flinch\n|\n|-weather|Sandstorm|[upkeep]\n|-damage|p1a: Incineroar|95/100|[from] Sandstorm\n|-damage|p2b: Sinistcha|94/100|[from] Sandstorm\n|-damage|p2a: Incineroar|83/100|[from] Sandstorm\n|-sideend|p1: pantydraco|move: Tailwind\n|upkeep\n|turn|5\n|inactive|lilanhuo has 30 seconds left.\n|\n|t:|1775998397\n|move|p1b: Aerodactyl|Tailwind|p1b: Aerodactyl\n|-sidestart|p1: pantydraco|move: Tailwind\n|move|p1a: Incineroar|Flare Blitz|p2b: Sinistcha\n|-supereffective|p2b: Sinistcha|1\n|-damage|p2b: Sinistcha|9/100\n|-damage|p1a: Incineroar|70/100|[from] Recoil\n|move|p2b: Sinistcha|Matcha Gotcha|p1b: Aerodactyl|[spread] p1b\n|-miss|p2b: Sinistcha|p1a: Incineroar\n|-damage|p1b: Aerodactyl|70/100\n|-heal|p2b: Sinistcha|22/100|[from] drain|[of] p1b: Aerodactyl\n|move|p2a: Incineroar|Parting Shot|p1a: Incineroar\n|-unboost|p1a: Incineroar|atk|1\n|-unboost|p1a: Incineroar|spa|1\n|\n|t:|1775998413\n|switch|p2a: Tyranitar|Tyranitar, L50, F, shiny|28/100|[from] Parting Shot\n|\n|-weather|none\n|upkeep\n|turn|6\n|\n|t:|1775998427\n|move|p2b: Sinistcha|Protect|p2b: Sinistcha\n|-singleturn|p2b: Sinistcha|Protect\n|move|p1b: Aerodactyl|Dual Wingbeat|p2b: Sinistcha\n|-activate|p2b: Sinistcha|move: Protect\n|move|p1a: Incineroar|Parting Shot|p2a: Tyranitar\n|-unboost|p2a: Tyranitar|atk|1\n|-unboost|p2a: Tyranitar|spa|1\n|\n|t:|1775998436\n|switch|p1a: Charizard|Charizard, L50, M|100/100|[from] Parting Shot\n|move|p2a: Tyranitar|Rock Slide|p1a: Charizard|[spread] p1a,p1b\n|-supereffective|p1a: Charizard|2\n|-supereffective|p1b: Aerodactyl|1\n|-damage|p1a: Charizard|4/100\n|-damage|p1b: Aerodactyl|15/100\n|\n|upkeep\n|turn|7\n|inactive|lilanhuo has 30 seconds left.\n|\n|t:|1775998462\n|switch|p2a: Incineroar|Incineroar, L50, F, shiny|83/100\n|-ability|p2a: Incineroar|Intimidate|boost\n|-unboost|p1a: Charizard|atk|1\n|-unboost|p1b: Aerodactyl|atk|1\n|detailschange|p1a: Charizard|Charizard-Mega-Y, L50, M\n|-mega|p1a: Charizard|Charizard|Charizardite Y\n|-weather|SunnyDay|[from] ability: Drought|[of] p1a: Charizard\n|move|p1b: Aerodactyl|Wide Guard|p1b: Aerodactyl\n|-singleturn|p1b: Aerodactyl|Wide Guard\n|move|p1a: Charizard|Heat Wave|p2b: Sinistcha|[spread] p2a,p2b\n|-resisted|p2a: Incineroar|1\n|-supereffective|p2b: Sinistcha|1\n|-damage|p2a: Incineroar|50/100\n|-damage|p2b: Sinistcha|0 fnt\n|faint|p2b: Sinistcha\n|\n|-weather|SunnyDay|[upkeep]\n|upkeep\n|\n|t:|1775998475\n|switch|p2b: Tyranitar|Tyranitar, L50, F, shiny|28/100\n|-weather|Sandstorm|[from] ability: Sand Stream|[of] p2b: Tyranitar\n|turn|8\n|inactive|pantydraco has 30 seconds left.\n|inactive|pantydraco has 20 seconds left.\n|inactive|pantydraco has 15 seconds left.\n|inactive|pantydraco has 10 seconds left.\n|inactive|pantydraco has 5 seconds left.\n|\n|t:|1775998530\n|move|p2a: Incineroar|Fake Out|p1a: Charizard\n|-damage|p1a: Charizard|0 fnt\n|faint|p1a: Charizard\n|move|p1b: Aerodactyl|Rock Slide|p2b: Tyranitar|[spread] p2a\n|-miss|p1b: Aerodactyl|p2b: Tyranitar\n|-supereffective|p2a: Incineroar|1\n|-damage|p2a: Incineroar|35/100\n|move|p2b: Tyranitar|Stone Edge|p1b: Aerodactyl\n|-supereffective|p1b: Aerodactyl|1\n|-damage|p1b: Aerodactyl|0 fnt\n|faint|p1b: Aerodactyl\n|\n|-weather|Sandstorm|[upkeep]\n|-damage|p2a: Incineroar|29/100|[from] Sandstorm\n|-sideend|p1: pantydraco|move: Tailwind\n|upkeep\n|\n|t:|1775998546\n|switch|p1a: Incineroar|Incineroar, L50, M|70/100\n|-ability|p1a: Incineroar|Intimidate|boost\n|-unboost|p2a: Incineroar|atk|1\n|-unboost|p2b: Tyranitar|atk|1\n|turn|9\n|\n|t:|1775998554\n|move|p1a: Incineroar|Fake Out|p2b: Tyranitar\n|-resisted|p2b: Tyranitar|1\n|-damage|p2b: Tyranitar|23/100\n|cant|p2b: Tyranitar|flinch\n|move|p2a: Incineroar|Parting Shot|p1a: Incineroar\n|-unboost|p1a: Incineroar|atk|1\n|-unboost|p1a: Incineroar|spa|1\n|\n|-weather|Sandstorm|[upkeep]\n|-damage|p1a: Incineroar|64/100|[from] Sandstorm\n|-damage|p2a: Incineroar|23/100|[from] Sandstorm\n|upkeep\n|turn|10\n|\n|t:|1775998568\n|move|p2b: Tyranitar|Stone Edge|p1a: Incineroar\n|-supereffective|p1a: Incineroar|1\n|-damage|p1a: Incineroar|0 fnt\n|faint|p1a: Incineroar\n|\n|win|lilanhuo\n|raw|pantydraco's rating: 1128 &rarr; <strong>1099</strong><br />(-29 for losing)\n|raw|lilanhuo's rating: 1075 &rarr; <strong>1108</strong><br />(+33 for winning)\n",
  "uploadtime": 1775998571,
  "views": 17,
  "formatid": "gen9championsvgc2026regma",
  "rating": 1099,
  "private": 0,
  "password": null
}