{
  "id": "gen9championsvgc2026regma-2588653632",
  "format": "[Gen 9 Champions] VGC 2026 Reg M-A",
  "players": [
    "buffasian",
    "yanhaobw"
  ],
  "log": "|j|\u2606buffasian\n|j|\u2606yanhaobw\n|t:|1776654161\n|gametype|doubles\n|player|p1|buffasian|102|1432\n|player|p2|yanhaobw|170|1456\n|gen|9\n|tier|[Gen 9 Champions] VGC 2026 Reg M-A\n|rated|\n|rule|Species Clause: Limit one of each Pok\u00e9mon\n|rule|Item Clause: Limit 1 of each item\n|clearpoke\n|poke|p1|Charizard, L50, F|\n|poke|p1|Aerodactyl, L50, M|\n|poke|p1|Garchomp, L50, F|\n|poke|p1|Kingambit, L50, M|\n|poke|p1|Floette-Eternal, L50, F|\n|poke|p1|Basculegion, L50, M|\n|poke|p2|Aerodactyl, L50, M|\n|poke|p2|Sneasler, L50, F|\n|poke|p2|Floette-Eternal, L50, F|\n|poke|p2|Kingambit, L50, F|\n|poke|p2|Ceruledge, L50, M|\n|poke|p2|Meowscarada, L50, F|\n|teampreview|4\n|j| alonso-m5\n|inactive|Battle timer is ON: inactive players will automatically lose when time's up. (requested by yanhaobw)\n|l| alonso-m5\n|inactive|buffasian has 60 seconds left.\n|\n|t:|1776654214\n|teamsize|p1|4\n|teamsize|p2|4\n|start\n|switch|p1a: Basculegion|Basculegion, L50, M|100/100\n|switch|p1b: Aerodactyl|Aerodactyl, L50, M|100/100\n|switch|p2a: Aerodactyl|Aerodactyl, L50, M|100/100\n|switch|p2b: Sneasler|Sneasler, L50, F|100/100\n|-ability|p2a: Aerodactyl|Unnerve\n|-ability|p1b: Aerodactyl|Unnerve\n|turn|1\n|inactive|yanhaobw has 30 seconds left.\n|\n|t:|1776654243\n|move|p2b: Sneasler|Fake Out|p1b: Aerodactyl\n|-resisted|p1b: Aerodactyl|1\n|-damage|p1b: Aerodactyl|89/100\n|cant|p1b: Aerodactyl|flinch\n|move|p2a: Aerodactyl|Tailwind|p2a: Aerodactyl\n|-sidestart|p2: yanhaobw|move: Tailwind\n|move|p1a: Basculegion|Wave Crash|p2b: Sneasler\n|-damage|p2b: Sneasler|0 fnt\n|faint|p2b: Sneasler\n|-damage|p1a: Basculegion|74/100|[from] Recoil\n|\n|upkeep\n|\n|t:|1776654256\n|switch|p2b: Floette|Floette-Eternal, L50, F|100/100\n|turn|2\n|\n|t:|1776654268\n|detailschange|p2b: Floette|Floette-Mega, L50, F\n|-mega|p2b: Floette|Floette|Floettite\n|-ability|p2b: Floette|Fairy Aura\n|move|p1b: Aerodactyl|Wide Guard|p1b: Aerodactyl\n|-singleturn|p1b: Aerodactyl|Wide Guard\n|move|p2a: Aerodactyl|Rock Slide|p1a: Basculegion|[spread] \n|-activate|p1a: Basculegion|move: Wide Guard\n|-activate|p1b: Aerodactyl|move: Wide Guard\n|move|p2b: Floette|Dazzling Gleam|p1b: Aerodactyl|[spread] \n|-activate|p1a: Basculegion|move: Wide Guard\n|-activate|p1b: Aerodactyl|move: Wide Guard\n|move|p1a: Basculegion|Wave Crash|p2b: Floette\n|-damage|p2b: Floette|0 fnt\n|faint|p2b: Floette\n|-damage|p1a: Basculegion|49/100|[from] Recoil\n|\n|upkeep\n|\n|t:|1776654275\n|switch|p2b: Ceruledge|Ceruledge, L50, M|100/100\n|turn|3\n|\n|t:|1776654294\n|switch|p1a: Garchomp|Garchomp, L50, F|100/100\n|move|p2b: Ceruledge|Shadow Sneak|p1a: Garchomp\n|-damage|p1a: Garchomp|79/100\n|-damage|p2b: Ceruledge|88/100|[from] ability: Rough Skin|[of] p1a: Garchomp\n|move|p2a: Aerodactyl|Rock Slide|p1b: Aerodactyl|[spread] p1a,p1b\n|-resisted|p1a: Garchomp|1\n|-supereffective|p1b: Aerodactyl|1\n|-damage|p1a: Garchomp|66/100\n|-damage|p1b: Aerodactyl|6/100\n|move|p1b: Aerodactyl|Tailwind|p1b: Aerodactyl\n|-sidestart|p1: buffasian|move: Tailwind\n|\n|-heal|p2b: Ceruledge|94/100|[from] item: Leftovers\n|upkeep\n|turn|4\n|\n|t:|1776654317\n|move|p1b: Aerodactyl|Rock Slide|p2b: Ceruledge|[spread] p2a,p2b\n|-supereffective|p2a: Aerodactyl|1\n|-supereffective|p2b: Ceruledge|1\n|-damage|p2a: Aerodactyl|19/100\n|-damage|p2b: Ceruledge|31/100\n|cant|p2a: Aerodactyl|flinch\n|move|p1a: Garchomp|Earthquake|p2a: Aerodactyl|[spread] p2b\n|-immune|p1b: Aerodactyl\n|-immune|p2a: Aerodactyl\n|-supereffective|p2b: Ceruledge|1\n|-damage|p2b: Ceruledge|0 fnt\n|faint|p2b: Ceruledge\n|\n|-sideend|p2: yanhaobw|move: Tailwind\n|upkeep\n|turn|5\n|-message|yanhaobw forfeited.\n|\n|win|buffasian\n|raw|buffasian's rating: 1432 &rarr; <strong>1453</strong><br />(+21 for winning)\n|raw|yanhaobw's rating: 1456 &rarr; <strong>1435</strong><br />(-21 for losing)\n|l|\u2606yanhaobw\n|player|p2|\n|l|\u2606buffasian\n|player|p1|\n",
  "uploadtime": 1776654404,
  "views": 9,
  "formatid": "gen9championsvgc2026regma",
  "rating": 1435,
  "private": 0,
  "password": null
}