{
  "id": "gen9championsvgc2026regma-2587233817",
  "format": "[Gen 9 Champions] VGC 2026 Reg M-A",
  "players": [
    "magicalarcher57",
    "Hobbit"
  ],
  "log": "|j|\u2606magicalarcher57\n|j|\u2606Hobbit\n|html|<table width=\"100%\"><tr><td align=\"left\">magicalarcher57</td><td align=\"right\">Hobbit</tr><tr><td align=\"left\"><i class=\"fa fa-circle-o\"></i> <i class=\"fa fa-circle-o\"></i> </td><td align=\"right\"><i class=\"fa fa-circle-o\"></i> <i class=\"fa fa-circle-o\"></i> </tr></table>\n|uhtml|bestof|<h2><strong>Game 1</strong> of <a href=\"/game-bestof3-gen9championsvgc2026regma-2587233816\">a best-of-3</a></h2>\n|t:|1776512418\n|gametype|doubles\n|player|p1|magicalarcher57|valerie|\n|player|p2|Hobbit|#smogonxnpa2025winner|\n|gen|9\n|tier|[Gen 9 Champions] VGC 2026 Reg M-A\n|rated|Tournament battle\n|rule|Species Clause: Limit one of each Pok\u00e9mon\n|rule|Item Clause: Limit 1 of each item\n|raw|<div class=\"infobox\"><details class=\"readmore\" open><summary><strong>2 custom rules:</strong></summary> Force Open Team Sheets, Best of = 3</details></div>\n|clearpoke\n|poke|p1|Kangaskhan, L50, F, shiny|\n|poke|p1|Farigiraf, L50, M, shiny|\n|poke|p1|Talonflame, L50, F, shiny|\n|poke|p1|Floette-Eternal, L50, F|\n|poke|p1|Sneasler, L50, M, shiny|\n|poke|p1|Basculegion, L50, M, shiny|\n|poke|p2|Gardevoir, L50, M|\n|poke|p2|Maushold-Four, L50|\n|poke|p2|Incineroar, L50, F|\n|poke|p2|Araquanid, L50, F|\n|poke|p2|Meowscarada, L50, M|\n|poke|p2|Aerodactyl, L50, F|\n|teampreview|4\n|showteam|p1|Kangaskhan||Kangaskhanite|Scrappy|FakeOut,HammerArm,DoubleEdge,Crunch|||F|||50|]Farigiraf||ColburBerry|ArmorTail|ShadowBall,HyperVoice,TrickRoom,Psychic|||M|||50|]Talonflame||SharpBeak|GaleWings|Tailwind,Taunt,Overheat,BraveBird|||F|||50|]Floette-Eternal||Floettite|FlowerVeil|Moonblast,LightofRuin,DazzlingGleam,Protect|||F|||50|]Sneasler||FocusSash|Unburden|FakeOut,CloseCombat,DireClaw,Protect|||M|||50|]Basculegion||MysticWater|Adaptability|WaveCrash,LastRespects,AquaJet,Protect|||M|||50|\n|showteam|p2|Gardevoir||Gardevoirite|Trace|HyperVoice,Psyshock,TrickRoom,Protect|||M|||50|]Maushold-Four||SitrusBerry|FriendGuard|SuperFang,FollowMe,ThunderWave,Protect||||||50|]Incineroar||Leftovers|Intimidate|FlareBlitz,DarkestLariat,PartingShot,FakeOut|||F|||50|]Araquanid||MysticWater|WaterBubble|Liquidation,BugBite,WideGuard,Protect|||F|||50|]Meowscarada||ChoiceScarf|Protean|FlowerTrick,TripleAxel,SuckerPunch,Uturn|||M|||50|]Aerodactyl||FocusSash|Unnerve|RockSlide,DualWingbeat,Tailwind,Protect|||F|||50|\n|j| forkuser3\n|c|\u2606Hobbit|glhf\n|inactive|Battle timer is ON: inactive players will automatically lose when time's up. (requested by Hobbit)\n|c|\u2606magicalarcher57|glhf hobbit\n|\n|t:|1776512502\n|teamsize|p1|4\n|teamsize|p2|4\n|start\n|switch|p1a: Sneasler|Sneasler, L50, M, shiny|100/100\n|switch|p1b: Floette|Floette-Eternal, L50, F|100/100\n|switch|p2a: Gardevoir|Gardevoir, L50, M|100/100\n|switch|p2b: Aerodactyl|Aerodactyl, L50, F|100/100\n|-ability|p2b: Aerodactyl|Unnerve\n|-ability|p2a: Gardevoir|Flower Veil|Trace|[from] ability: Trace|[of] p1b: Floette\n|turn|1\n|j| The Yegorushhka\n|\n|t:|1776512520\n|switch|p1b: Athena|Talonflame, L50, F, shiny|100/100\n|detailschange|p2a: Gardevoir|Gardevoir-Mega, L50, M\n|-mega|p2a: Gardevoir|Gardevoir|Gardevoirite\n|move|p2b: Aerodactyl|Protect|p2b: Aerodactyl\n|-singleturn|p2b: Aerodactyl|Protect\n|move|p2a: Gardevoir|Protect|p2a: Gardevoir\n|-singleturn|p2a: Gardevoir|Protect\n|move|p1a: Sneasler|Fake Out|p2b: Aerodactyl\n|-activate|p2b: Aerodactyl|move: Protect\n|\n|upkeep\n|turn|2\n|\n|t:|1776512533\n|switch|p2a: Incineroar|Incineroar, L50, F|100/100\n|-ability|p2a: Incineroar|Intimidate|boost\n|-unboost|p1a: Sneasler|atk|1\n|-unboost|p1b: Athena|atk|1\n|move|p1b: Athena|Tailwind|p1b: Athena\n|-sidestart|p1: magicalarcher57|move: Tailwind\n|move|p1a: Sneasler|Dire Claw|p2a: Incineroar\n|-damage|p2a: Incineroar|79/100\n|move|p2b: Aerodactyl|Tailwind|p2b: Aerodactyl\n|-sidestart|p2: Hobbit|move: Tailwind\n|\n|-heal|p2a: Incineroar|85/100|[from] item: Leftovers\n|upkeep\n|turn|3\n|\n|t:|1776512555\n|switch|p1a: Basculegion|Basculegion, L50, M, shiny|100/100\n|move|p1b: Athena|Brave Bird|p2b: Aerodactyl\n|-resisted|p2b: Aerodactyl|1\n|-damage|p2b: Aerodactyl|69/100\n|-damage|p1b: Athena|90/100|[from] Recoil\n|move|p2b: Aerodactyl|Dual Wingbeat|p1a: Basculegion\n|-damage|p1a: Basculegion|82/100\n|-damage|p1a: Basculegion|63/100\n|-hitcount|p1a: Basculegion|2\n|move|p2a: Incineroar|Parting Shot|p1b: Athena\n|-unboost|p1b: Athena|atk|1\n|-unboost|p1b: Athena|spa|1\n|l| The Yegorushhka\n|\n|t:|1776512570\n|switch|p2a: Gardevoir|Gardevoir-Mega, L50, M|100/100|[from] Parting Shot\n|\n|upkeep\n|turn|4\n|\n|t:|1776512580\n|switch|p2a: Incineroar|Incineroar, L50, F|85/100\n|-ability|p2a: Incineroar|Intimidate|boost\n|-unboost|p1a: Basculegion|atk|1\n|-unboost|p1b: Athena|atk|1\n|move|p1a: Basculegion|Aqua Jet|p2b: Aerodactyl\n|-supereffective|p2b: Aerodactyl|1\n|-damage|p2b: Aerodactyl|0 fnt\n|faint|p2b: Aerodactyl\n|move|p1b: Athena|Brave Bird|p2a: Incineroar\n|-damage|p2a: Incineroar|68/100\n|-damage|p1b: Athena|83/100|[from] Recoil\n|\n|-heal|p2a: Incineroar|74/100|[from] item: Leftovers\n|upkeep\n|j| knoxxzeta\n|\n|t:|1776512588\n|switch|p2b: Gardevoir|Gardevoir-Mega, L50, M|100/100\n|turn|5\n|inactive|magicalarcher57 has 30 seconds left.\n|j| gambitofking\n|j| ido1234567890\n|\n|t:|1776512622\n|move|p1b: Athena|Overheat|p2b: Gardevoir\n|-damage|p2b: Gardevoir|82/100\n|-unboost|p1b: Athena|spa|2\n|move|p1a: Basculegion|Wave Crash|p2a: Incineroar\n|-supereffective|p2a: Incineroar|1\n|-damage|p2a: Incineroar|0 fnt\n|faint|p2a: Incineroar\n|-damage|p1a: Basculegion|41/100|[from] Recoil\n|move|p2b: Gardevoir|Trick Room|p2b: Gardevoir\n|-fieldstart|move: Trick Room|[of] p2b: Gardevoir\n|\n|-sideend|p1: magicalarcher57|move: Tailwind\n|-sideend|p2: Hobbit|move: Tailwind\n|upkeep\n|\n|t:|1776512628\n|switch|p2a: Araquanid|Araquanid, L50, F|100/100\n|turn|6\n|\n|t:|1776512641\n|switch|p1b: Sneasler|Sneasler, L50, M, shiny|100/100\n|move|p2a: Araquanid|Liquidation|p1b: Sneasler\n|-enditem|p1b: Sneasler|Focus Sash\n|-damage|p1b: Sneasler|1/100\n|move|p1a: Basculegion|Wave Crash|p2b: Gardevoir\n|-damage|p2b: Gardevoir|0 fnt\n|faint|p2b: Gardevoir\n|-damage|p1a: Basculegion|23/100|[from] Recoil\n|\n|upkeep\n|turn|7\n|\n|t:|1776512656\n|move|p1b: Sneasler|Fake Out|p2a: Araquanid\n|-damage|p2a: Araquanid|84/100\n|cant|p2a: Araquanid|flinch\n|move|p1a: Basculegion|Last Respects|p2a: Araquanid\n|-damage|p2a: Araquanid|60/100\n|\n|upkeep\n|turn|8\n|\n|t:|1776512662\n|move|p1a: Basculegion|Protect|p1a: Basculegion\n|-singleturn|p1a: Basculegion|Protect\n|move|p1b: Sneasler|Protect|p1b: Sneasler\n|-singleturn|p1b: Sneasler|Protect\n|move|p2a: Araquanid|Liquidation|p1b: Sneasler\n|-activate|p1b: Sneasler|move: Protect\n|\n|upkeep\n|turn|9\n|\n|t:|1776512665\n|move|p2a: Araquanid|Liquidation|p1b: Sneasler\n|-damage|p1b: Sneasler|0 fnt\n|faint|p1b: Sneasler\n|move|p1a: Basculegion|Last Respects|p2a: Araquanid\n|-damage|p2a: Araquanid|15/100\n|\n|-fieldend|move: Trick Room\n|upkeep\n|\n|t:|1776512667\n|switch|p1b: Floette|Floette-Eternal, L50, F|100/100\n|turn|10\n|-message|Hobbit forfeited.\n|\n|win|magicalarcher57\n",
  "uploadtime": 1776512669,
  "views": 14,
  "formatid": "gen9championsvgc2026regma",
  "rating": null,
  "private": 0,
  "password": null
}