{
  "id": "gen9championsvgc2026regma-2585253315",
  "format": "[Gen 9 Champions] VGC 2026 Reg M-A",
  "players": [
    "idontcarereally",
    "cyclone0001"
  ],
  "log": "|j|\u2606idontcarereally\n|j|\u2606cyclone0001\n|t:|1776330307\n|gametype|doubles\n|player|p1|idontcarereally|169|1126\n|player|p2|cyclone0001|preschooler|1077\n|gen|9\n|tier|[Gen 9 Champions] VGC 2026 Reg M-A\n|rated|\n|rule|Species Clause: Limit one of each Pok\u00e9mon\n|rule|Item Clause: Limit 1 of each item\n|clearpoke\n|poke|p1|Chesnaught, L50, M|\n|poke|p1|Kingambit, L50, M|\n|poke|p1|Hatterene, L50, F|\n|poke|p1|Ninetales-Alola, L50, M|\n|poke|p1|Sinistcha, L50|\n|poke|p1|Incineroar, L50, M|\n|poke|p2|Orthworm, L50, M|\n|poke|p2|Garchomp, L50, M|\n|poke|p2|Basculegion, L50, M|\n|poke|p2|Froslass, L50, F|\n|poke|p2|Rotom-Frost, L50|\n|poke|p2|Incineroar, L50, M|\n|teampreview|4\n|inactive|Battle timer is ON: inactive players will automatically lose when time's up. (requested by cyclone0001)\n|\n|t:|1776330330\n|teamsize|p1|4\n|teamsize|p2|4\n|start\n|switch|p1a: Chesnaught|Chesnaught, L50, M|100/100\n|switch|p1b: Incineroar|Incineroar, L50, M|100/100\n|switch|p2a: Orthworm|Orthworm, L50, M|100/100\n|switch|p2b: Incineroar|Incineroar, L50, M|100/100\n|-ability|p2b: Incineroar|Intimidate|boost\n|-unboost|p1a: Chesnaught|atk|1\n|-unboost|p1b: Incineroar|atk|1\n|-ability|p1b: Incineroar|Intimidate|boost\n|-unboost|p2a: Orthworm|atk|1\n|-unboost|p2b: Incineroar|atk|1\n|turn|1\n|inactive|cyclone0001 has 30 seconds left.\n|\n|t:|1776330361\n|detailschange|p1a: Chesnaught|Chesnaught-Mega, L50, M\n|-mega|p1a: Chesnaught|Chesnaught|Chesnaughtite\n|move|p2b: Incineroar|Fake Out|p1a: Chesnaught\n|-damage|p1a: Chesnaught|97/100\n|move|p1b: Incineroar|Taunt|p2a: Orthworm\n|-start|p2a: Orthworm|move: Taunt\n|move|p2a: Orthworm|Body Press|p1b: Incineroar\n|-supereffective|p1b: Incineroar|1\n|-crit|p1b: Incineroar\n|-damage|p1b: Incineroar|19/100\n|cant|p1a: Chesnaught|flinch\n|\n|upkeep\n|turn|2\n|inactive|cyclone0001 has 30 seconds left.\n|inactive|cyclone0001 has 20 seconds left.\n|inactive|cyclone0001 has 15 seconds left.\n|\n|t:|1776330401\n|switch|p1b: Hatterene|Hatterene, L50, F|100/100\n|move|p2b: Incineroar|Flare Blitz|p1a: Chesnaught\n|-supereffective|p1a: Chesnaught|1\n|-damage|p1a: Chesnaught|67/100\n|-damage|p2b: Incineroar|90/100|[from] Recoil\n|move|p2a: Orthworm|Heavy Slam|p1a: Chesnaught\n|-damage|p1a: Chesnaught|58/100\n|move|p1a: Chesnaught|Iron Defense|p1a: Chesnaught\n|-boost|p1a: Chesnaught|def|2\n|\n|upkeep\n|turn|3\n|\n|t:|1776330423\n|move|p2b: Incineroar|Parting Shot|p1b: Hatterene\n|move|p1b: Hatterene|Parting Shot|p2b: Incineroar|[from] ability: Magic Bounce\n|-unboost|p2b: Incineroar|atk|1\n|-unboost|p2b: Incineroar|spa|1\n|\n|t:|1776330429\n|switch|p1b: Incineroar|Incineroar, L50, M|19/100|[from] Parting Shot\n|-ability|p1b: Incineroar|Intimidate|boost\n|-unboost|p2a: Orthworm|atk|1\n|-unboost|p2b: Incineroar|atk|1\n|move|p2a: Orthworm|Heavy Slam|p1b: Incineroar\n|-resisted|p1b: Incineroar|1\n|-damage|p1b: Incineroar|13/100\n|move|p1a: Chesnaught|Leech Seed|p2a: Orthworm\n|-start|p2a: Orthworm|move: Leech Seed\n|\n|-damage|p2a: Orthworm|89/100|[from] Leech Seed|[of] p1a: Chesnaught\n|-heal|p1a: Chesnaught|69/100|[silent]\n|-end|p2a: Orthworm|move: Taunt\n|upkeep\n|turn|4\n|\n|t:|1776330456\n|switch|p2b: Garchomp|Garchomp, L50, M|100/100\n|move|p1b: Incineroar|Parting Shot|p2b: Garchomp\n|-unboost|p2b: Garchomp|atk|1\n|-unboost|p2b: Garchomp|spa|1\n|\n|t:|1776330463\n|switch|p1b: Hatterene|Hatterene, L50, F|100/100|[from] Parting Shot\n|move|p2a: Orthworm|Body Press|p1b: Hatterene\n|-resisted|p1b: Hatterene|2\n|-damage|p1b: Hatterene|93/100\n|move|p1a: Chesnaught|Body Press|p2b: Garchomp\n|-enditem|p2b: Garchomp|Focus Sash\n|-damage|p2b: Garchomp|1/100\n|-damage|p1a: Chesnaught|57/100|[from] ability: Rough Skin|[of] p2b: Garchomp\n|\n|-damage|p2a: Orthworm|77/100|[from] Leech Seed|[of] p1a: Chesnaught\n|-heal|p1a: Chesnaught|68/100|[silent]\n|upkeep\n|turn|5\n|\n|t:|1776330486\n|move|p1a: Chesnaught|Spiky Shield|p1a: Chesnaught\n|-singleturn|p1a: Chesnaught|move: Protect\n|move|p2b: Garchomp|Earthquake|p1b: Hatterene|[spread] p1b\n|-activate|p1a: Chesnaught|move: Protect\n|-heal|p2a: Orthworm|100/100|[from] ability: Earth Eater|[of] p2b: Garchomp\n|-damage|p1b: Hatterene|63/100\n|move|p2a: Orthworm|Shed Tail|p2a: Orthworm\n|-start|p2a: Orthworm|Substitute|[from] move: Shed Tail\n|-damage|p2a: Orthworm|50/100\n|-enditem|p2a: Orthworm|Sitrus Berry|[eat]\n|-heal|p2a: Orthworm|75/100|[from] item: Sitrus Berry\n|\n|t:|1776330498\n|switch|p2a: Froslass|Froslass, L50, F, shiny|100/100|[from] Shed Tail\n|move|p1b: Hatterene|Trick Room|p1b: Hatterene\n|-fieldstart|move: Trick Room|[of] p1b: Hatterene\n|\n|upkeep\n|turn|6\n|inactive|idontcarereally has 30 seconds left.\n|inactive|idontcarereally has 20 seconds left.\n|\n|t:|1776330536\n|switch|p1a: Kingambit|Kingambit, L50, M|100/100\n|move|p2b: Garchomp|Protect|p2b: Garchomp\n|-singleturn|p2b: Garchomp|Protect\n|move|p1b: Hatterene|Psychic|p2a: Froslass\n|-end|p2a: Froslass|Substitute\n|move|p2a: Froslass|Nasty Plot|p2a: Froslass\n|-boost|p2a: Froslass|spa|2\n|\n|upkeep\n|turn|7\n|inactive|cyclone0001 has 30 seconds left.\n|\n|t:|1776330566\n|move|p1a: Kingambit|Protect|p1a: Kingambit\n|-singleturn|p1a: Kingambit|Protect\n|move|p2a: Froslass|Protect|p2a: Froslass\n|-singleturn|p2a: Froslass|Protect\n|move|p1b: Hatterene|Misty Explosion|p2a: Froslass|[spread] p2b\n|-activate|p1a: Kingambit|move: Protect\n|-activate|p2a: Froslass|move: Protect\n|-supereffective|p2b: Garchomp|1\n|-crit|p2b: Garchomp\n|-damage|p2b: Garchomp|0 fnt\n|faint|p1b: Hatterene\n|faint|p2b: Garchomp\n|\n|upkeep\n|\n|t:|1776330583\n|switch|p1b: Incineroar|Incineroar, L50, M|13/100\n|switch|p2b: Incineroar|Incineroar, L50, M|90/100\n|-ability|p1b: Incineroar|Intimidate|boost\n|-unboost|p2a: Froslass|atk|1\n|-unboost|p2b: Incineroar|atk|1\n|-ability|p2b: Incineroar|Intimidate|boost\n|-unboost|p1a: Kingambit|atk|1\n|-ability|p1a: Kingambit|Defiant|boost\n|-boost|p1a: Kingambit|atk|2\n|-unboost|p1b: Incineroar|atk|1\n|turn|8\n|\n|t:|1776330607\n|detailschange|p2a: Froslass|Froslass-Mega, L50, F, shiny\n|-mega|p2a: Froslass|Froslass|Froslassite\n|-weather|Snowscape|[from] ability: Snow Warning|[of] p2a: Froslass\n|move|p1b: Incineroar|Fake Out|p2b: Incineroar\n|-damage|p2b: Incineroar|83/100\n|cant|p2b: Incineroar|flinch\n|move|p1a: Kingambit|Iron Head|p2a: Froslass\n|-supereffective|p2a: Froslass|1\n|-damage|p2a: Froslass|0 fnt\n|faint|p2a: Froslass\n|\n|-weather|Snowscape|[upkeep]\n|upkeep\n|\n|t:|1776330619\n|switch|p2a: Orthworm|Orthworm, L50, M|75/100\n|turn|9\n|-message|cyclone0001 forfeited.\n|\n|win|idontcarereally\n|raw|idontcarereally's rating: 1126 &rarr; <strong>1147</strong><br />(+21 for winning)\n|raw|cyclone0001's rating: 1077 &rarr; <strong>1058</strong><br />(-19 for losing)\n|l|\u2606cyclone0001\n|player|p2|\n",
  "uploadtime": 1776330631,
  "views": 21,
  "formatid": "gen9championsvgc2026regma",
  "rating": 1058,
  "private": 0,
  "password": null
}