{
  "id": "gen9championsvgc2026regma-2581345436",
  "format": "[Gen 9 Champions] VGC 2026 Reg M-A",
  "players": [
    "Forever1507",
    "noedpr"
  ],
  "log": "|j|\u2606Forever1507\n|j|\u2606noedpr\n|t:|1775989623\n|gametype|doubles\n|player|p1|Forever1507|170|1286\n|player|p2|noedpr|102|1315\n|gen|9\n|tier|[Gen 9 Champions] VGC 2026 Reg M-A\n|rated|\n|rule|Species Clause: Limit one of each Pok\u00e9mon\n|rule|Item Clause: Limit 1 of each item\n|clearpoke\n|poke|p1|Charizard, L50, M|\n|poke|p1|Whimsicott, L50, F|\n|poke|p1|Incineroar, L50, F|\n|poke|p1|Glimmora, L50, F|\n|poke|p1|Kingambit, L50, M|\n|poke|p1|Garchomp, L50, M|\n|poke|p2|Tyranitar, L50, M|\n|poke|p2|Excadrill, L50, M|\n|poke|p2|Milotic, L50, F|\n|poke|p2|Sinistcha, L50|\n|poke|p2|Kommo-o, L50, M|\n|poke|p2|Corviknight, L50, M|\n|teampreview|4\n|inactive|Battle timer is ON: inactive players will automatically lose when time's up. (requested by noedpr)\n|inactive|noedpr has 60 seconds left.\n|\n|t:|1775989673\n|teamsize|p1|4\n|teamsize|p2|4\n|start\n|switch|p1a: Charizard|Charizard, L50, M|100/100\n|switch|p1b: Whimsicott|Whimsicott, L50, F|100/100\n|switch|p2a: Milotic|Milotic, L50, F, shiny|100/100\n|switch|p2b: Kommo-o|Kommo-o, L50, M, shiny|100/100\n|turn|1\n|\n|t:|1775989690\n|detailschange|p1a: Charizard|Charizard-Mega-Y, L50, M\n|-mega|p1a: Charizard|Charizard|Charizardite Y\n|-weather|SunnyDay|[from] ability: Drought|[of] p1a: Charizard\n|move|p1b: Whimsicott|Moonblast|p2b: Kommo-o\n|-supereffective|p2b: Kommo-o|2\n|-enditem|p2b: Kommo-o|Roseli Berry|[eat]\n|-enditem|p2b: Kommo-o|Roseli Berry|[weaken]\n|-damage|p2b: Kommo-o|25/100\n|move|p1a: Charizard|Solar Beam||[still]\n|-prepare|p1a: Charizard|Solar Beam\n|-anim|p1a: Charizard|Solar Beam|p2a: Milotic\n|-supereffective|p2a: Milotic|1\n|-damage|p2a: Milotic|12/100\n|move|p2b: Kommo-o|Flash Cannon|p1b: Whimsicott\n|-supereffective|p1b: Whimsicott|1\n|-damage|p1b: Whimsicott|22/100\n|move|p2a: Milotic|Icy Wind|p1b: Whimsicott|[spread] p1a,p1b\n|-supereffective|p1b: Whimsicott|1\n|-damage|p1a: Charizard|91/100\n|-damage|p1b: Whimsicott|0 fnt\n|-unboost|p1a: Charizard|spe|1\n|faint|p1b: Whimsicott\n|\n|-weather|SunnyDay|[upkeep]\n|upkeep\n|\n|t:|1775989699\n|switch|p1b: Garchomp|Garchomp, L50, M|100/100\n|turn|2\n|inactive|noedpr has 30 seconds left.\n|\n|t:|1775989730\n|move|p1b: Garchomp|Earthquake|p2b: Kommo-o|[spread] p2a,p2b\n|-immune|p1a: Charizard\n|-damage|p2a: Milotic|0 fnt\n|-damage|p2b: Kommo-o|0 fnt\n|faint|p2a: Milotic\n|faint|p2b: Kommo-o\n|move|p1a: Charizard|Heat Wave|p2: Milotic|[notarget]\n|-fail|p1a: Charizard\n|\n|-weather|SunnyDay|[upkeep]\n|upkeep\n|\n|t:|1775989740\n|switch|p2b: Excadrill|Excadrill, L50, M, shiny|100/100\n|switch|p2a: Tyranitar|Tyranitar, L50, M|100/100\n|-weather|Sandstorm|[from] ability: Sand Stream|[of] p2a: Tyranitar\n|turn|3\n|\n|t:|1775989758\n|switch|p1a: Kingambit|Kingambit, L50, M|100/100\n|detailschange|p2a: Tyranitar|Tyranitar-Mega, L50, M\n|-mega|p2a: Tyranitar|Tyranitar|Tyranitarite\n|move|p1b: Garchomp|Earthquake|p2a: Tyranitar|[spread] p1a,p2a,p2b\n|-supereffective|p1a: Kingambit|1\n|-supereffective|p2a: Tyranitar|1\n|-supereffective|p2b: Excadrill|1\n|-damage|p1a: Kingambit|47/100\n|-damage|p2a: Tyranitar|53/100\n|-enditem|p2b: Excadrill|Focus Sash\n|-damage|p2b: Excadrill|1/100\n|move|p2b: Excadrill|Iron Head|p1b: Garchomp\n|-damage|p1b: Garchomp|56/100\n|-damage|p2b: Excadrill|0 fnt|[from] ability: Rough Skin|[of] p1b: Garchomp\n|faint|p2b: Excadrill\n|move|p2a: Tyranitar|Dragon Dance|p2a: Tyranitar\n|-boost|p2a: Tyranitar|atk|1\n|-boost|p2a: Tyranitar|spe|1\n|\n|-weather|Sandstorm|[upkeep]\n|upkeep\n|turn|4\n|inactive|Forever1507 has 30 seconds left.\n|inactive|noedpr has 30 seconds left.\n|inactive|Forever1507 has 20 seconds left.\n|\n|t:|1775989795\n|move|p1a: Kingambit|Sucker Punch||[still]\n|-fail|p1a: Kingambit\n|move|p1b: Garchomp|Earthquake|p2a: Tyranitar|[spread] p1a,p2a\n|-supereffective|p1a: Kingambit|1\n|-crit|p1a: Kingambit\n|-supereffective|p2a: Tyranitar|1\n|-damage|p1a: Kingambit|0 fnt\n|-damage|p2a: Tyranitar|7/100\n|faint|p1a: Kingambit\n|move|p2a: Tyranitar|Dragon Dance|p2a: Tyranitar\n|-boost|p2a: Tyranitar|atk|1\n|-boost|p2a: Tyranitar|spe|1\n|\n|-weather|Sandstorm|[upkeep]\n|upkeep\n|\n|t:|1775989797\n|switch|p1a: Charizard|Charizard-Mega-Y, L50, M|91/100\n|-weather|SunnyDay|[from] ability: Drought|[of] p1a: Charizard\n|turn|5\n|\n|t:|1775989815\n|move|p2a: Tyranitar|Protect|p2a: Tyranitar\n|-singleturn|p2a: Tyranitar|Protect\n|move|p1b: Garchomp|Earthquake|p2a: Tyranitar|[spread] \n|-activate|p2a: Tyranitar|move: Protect\n|-immune|p1a: Charizard\n|move|p1a: Charizard|Solar Beam||[still]\n|-prepare|p1a: Charizard|Solar Beam\n|-anim|p1a: Charizard|Solar Beam|p2a: Tyranitar\n|-activate|p2a: Tyranitar|move: Protect\n|\n|-weather|SunnyDay|[upkeep]\n|upkeep\n|turn|6\n|\n|t:|1775989828\n|move|p2a: Tyranitar|Rock Slide|p1b: Garchomp|[spread] p1b\n|-miss|p2a: Tyranitar|p1a: Charizard\n|-resisted|p1b: Garchomp|1\n|-damage|p1b: Garchomp|27/100\n|move|p1b: Garchomp|Earthquake|p2a: Tyranitar|[spread] p2a\n|-immune|p1a: Charizard\n|-supereffective|p2a: Tyranitar|1\n|-damage|p2a: Tyranitar|0 fnt\n|faint|p2a: Tyranitar\n|\n|win|Forever1507\n|raw|Forever1507's rating: 1286 &rarr; <strong>1313</strong><br />(+27 for winning)\n|raw|noedpr's rating: 1315 &rarr; <strong>1293</strong><br />(-22 for losing)\n",
  "uploadtime": 1775989835,
  "views": 23,
  "formatid": "gen9championsvgc2026regma",
  "rating": 1293,
  "private": 0,
  "password": null
}