{
  "id": "gen9championsvgc2026regma-2587583080",
  "format": "[Gen 9 Champions] VGC 2026 Reg M-A",
  "players": [
    "PM77Switch",
    "3ncio"
  ],
  "log": "|j|\u2606PM77Switch\n|j|\u26063ncio\n|t:|1776544312\n|gametype|doubles\n|player|p1|PM77Switch|may-masters3|1315\n|player|p2|3ncio|266|1301\n|gen|9\n|tier|[Gen 9 Champions] VGC 2026 Reg M-A\n|rated|\n|rule|Species Clause: Limit one of each Pok\u00e9mon\n|rule|Item Clause: Limit 1 of each item\n|clearpoke\n|poke|p1|Blastoise, L50, M|\n|poke|p1|Kingambit, L50, M|\n|poke|p1|Sneasler, L50, F|\n|poke|p1|Aerodactyl, L50, F|\n|poke|p1|Sinistcha, L50|\n|poke|p1|Incineroar, L50, F|\n|poke|p2|Sneasler, L50, M|\n|poke|p2|Dragapult, L50, F|\n|poke|p2|Meowscarada, L50, M|\n|poke|p2|Froslass, L50, F|\n|poke|p2|Glaceon, L50, M|\n|poke|p2|Lycanroc-Dusk, L50, F|\n|teampreview|4\n|inactive|Battle timer is ON: inactive players will automatically lose when time's up. (requested by PM77Switch)\n|inactive|PM77Switch has 60 seconds left.\n|inactive|3ncio has 60 seconds left.\n|inactive|3ncio has 30 seconds left.\n|inactive|3ncio has 20 seconds left.\n|\n|t:|1776544384\n|teamsize|p1|4\n|teamsize|p2|4\n|start\n|switch|p1a: Aerodactyl|Aerodactyl, L50, F|100/100\n|switch|p1b: Kingambit|Kingambit, L50, M|100/100\n|switch|p2a: Froslass|Froslass, L50, F|100/100\n|switch|p2b: Glaceon|Glaceon, L50, M|100/100\n|-ability|p1a: Aerodactyl|Unnerve\n|turn|1\n|\n|t:|1776544394\n|detailschange|p2a: Froslass|Froslass-Mega, L50, F\n|-mega|p2a: Froslass|Froslass|Froslassite\n|-weather|Snowscape|[from] ability: Snow Warning|[of] p2a: Froslass\n|move|p1a: Aerodactyl|Tailwind|p1a: Aerodactyl\n|-sidestart|p1: PM77Switch|move: Tailwind\n|move|p2a: Froslass|Aurora Veil|p2a: Froslass\n|-sidestart|p2: 3ncio|move: Aurora Veil\n|move|p1b: Kingambit|Kowtow Cleave|p2a: Froslass\n|-supereffective|p2a: Froslass|1\n|-damage|p2a: Froslass|32/100\n|move|p2b: Glaceon|Blizzard|p1b: Kingambit|[spread] p1a,p1b\n|-supereffective|p1a: Aerodactyl|1\n|-resisted|p1b: Kingambit|1\n|-enditem|p1a: Aerodactyl|Focus Sash\n|-damage|p1a: Aerodactyl|1/100\n|-damage|p1b: Kingambit|74/100\n|\n|-weather|Snowscape|[upkeep]\n|upkeep\n|turn|2\n|inactive|3ncio has 30 seconds left.\n|\n|t:|1776544422\n|move|p2a: Froslass|Protect|p2a: Froslass\n|-singleturn|p2a: Froslass|Protect\n|move|p1a: Aerodactyl|Rock Slide|p2b: Glaceon|[spread] \n|-activate|p2a: Froslass|move: Protect\n|-miss|p1a: Aerodactyl|p2b: Glaceon\n|move|p1b: Kingambit|Iron Head|p2b: Glaceon|[miss]\n|-miss|p1b: Kingambit|p2b: Glaceon\n|move|p2b: Glaceon|Blizzard|p1b: Kingambit|[spread] p1a,p1b\n|-supereffective|p1a: Aerodactyl|1\n|-resisted|p1b: Kingambit|1\n|-damage|p1a: Aerodactyl|0 fnt\n|-damage|p1b: Kingambit|47/100\n|faint|p1a: Aerodactyl\n|\n|-weather|Snowscape|[upkeep]\n|upkeep\n|\n|t:|1776544432\n|switch|p1a: Blastoise|Blastoise, L50, M|100/100\n|turn|3\n|\n|t:|1776544449\n|switch|p2a: Sneasler|Sneasler, L50, M|100/100\n|detailschange|p1a: Blastoise|Blastoise-Mega, L50, M\n|-mega|p1a: Blastoise|Blastoise|Blastoisinite\n|move|p1b: Kingambit|Sucker Punch||[still]\n|-fail|p1b: Kingambit\n|move|p1a: Blastoise|Aura Sphere|p2b: Glaceon\n|-supereffective|p2b: Glaceon|1\n|-damage|p2b: Glaceon|38/100\n|move|p2b: Glaceon|Freeze-Dry|p1a: Blastoise\n|-supereffective|p1a: Blastoise|1\n|-damage|p1a: Blastoise|10/100\n|\n|-weather|Snowscape|[upkeep]\n|upkeep\n|turn|4\n|\n|t:|1776544474\n|move|p2a: Sneasler|Fake Out|p1a: Blastoise\n|-damage|p1a: Blastoise|0 fnt\n|faint|p1a: Blastoise\n|move|p1b: Kingambit|Sucker Punch||[still]\n|-fail|p1b: Kingambit\n|move|p2b: Glaceon|Blizzard|p1b: Kingambit\n|-resisted|p1b: Kingambit|1\n|-damage|p1b: Kingambit|7/100\n|\n|-weather|Snowscape|[upkeep]\n|-sideend|p1: PM77Switch|move: Tailwind\n|upkeep\n|\n|t:|1776544478\n|switch|p1a: Incineroar|Incineroar, L50, F|100/100\n|-ability|p1a: Incineroar|Intimidate|boost\n|-unboost|p2a: Sneasler|atk|1\n|-unboost|p2b: Glaceon|atk|1\n|-enditem|p2a: Sneasler|White Herb\n|-clearnegativeboost|p2a: Sneasler|[silent]\n|turn|5\n|-message|PM77Switch forfeited.\n|\n|win|3ncio\n|raw|PM77Switch's rating: 1315 &rarr; <strong>1294</strong><br />(-21 for losing)\n|raw|3ncio's rating: 1301 &rarr; <strong>1322</strong><br />(+21 for winning)\n",
  "uploadtime": 1776544487,
  "views": 23,
  "formatid": "gen9championsvgc2026regma",
  "rating": 1294,
  "private": 0,
  "password": null
}