{
  "id": "gen9championsvgc2026regma-2584792977",
  "format": "[Gen 9 Champions] VGC 2026 Reg M-A",
  "players": [
    "WizardGibby",
    "Zenakuss17"
  ],
  "log": "|j|\u2606WizardGibby\n|j|\u2606Zenakuss17\n|t:|1776284045\n|gametype|doubles\n|player|p1|WizardGibby|scientistf|1060\n|player|p2|Zenakuss17|benga|1115\n|gen|9\n|tier|[Gen 9 Champions] VGC 2026 Reg M-A\n|rated|\n|rule|Species Clause: Limit one of each Pok\u00e9mon\n|rule|Item Clause: Limit 1 of each item\n|clearpoke\n|poke|p1|Hawlucha, L50, F|\n|poke|p1|Mr. Rime, L50, M|\n|poke|p1|Aurorus, L50, F|\n|poke|p1|Aerodactyl, L50, F|\n|poke|p1|Clefable, L50, M|\n|poke|p1|Sneasler, L50, F|\n|poke|p2|Pelipper, L50, F|\n|poke|p2|Sneasler, L50, F|\n|poke|p2|Palafin, L50, M|\n|poke|p2|Sinistcha, L50|\n|poke|p2|Archaludon, L50, M|\n|poke|p2|Dragonite, L50, F|\n|teampreview|4\n|\n|t:|1776284089\n|teamsize|p1|4\n|teamsize|p2|4\n|start\n|switch|p1a: Mr. Rime|Mr. Rime, L50, M|100/100\n|switch|p1b: Sneasler|Sneasler, L50, F|100/100\n|switch|p2a: Sneasler|Sneasler, L50, F|100/100\n|switch|p2b: Palafin|Palafin, L50, M, shiny|100/100\n|turn|1\n|\n|t:|1776284106\n|detailschange|p2b: Palafin|Palafin-Hero, L50, M, shiny\n|switch|p2b: Archaludon|Archaludon, L50, M|100/100\n|move|p2a: Sneasler|Upper Hand|p1b: Sneasler\n|-resisted|p1b: Sneasler|1\n|-damage|p1b: Sneasler|71/100\n|cant|p1b: Sneasler|flinch\n|move|p1a: Mr. Rime|Fake Out|p2b: Archaludon\n|-resisted|p2b: Archaludon|1\n|-damage|p2b: Archaludon|98/100\n|-ability|p2b: Archaludon|Stamina|boost\n|-boost|p2b: Archaludon|def|1\n|\n|-heal|p2b: Archaludon|100/100|[from] item: Leftovers\n|upkeep\n|turn|2\n|\n|t:|1776284127\n|switch|p2a: Pelipper|Pelipper, L50, F|100/100\n|-weather|RainDance|[from] ability: Drizzle|[of] p2a: Pelipper\n|move|p1a: Mr. Rime|Protect|p1a: Mr. Rime\n|-singleturn|p1a: Mr. Rime|Protect\n|move|p1b: Sneasler|U-turn|p2a: Pelipper\n|-resisted|p2a: Pelipper|1\n|-damage|p2a: Pelipper|86/100\n|-status|p2a: Pelipper|psn|[from] ability: Poison Touch|[of] p1b: Sneasler\n|\n|t:|1776284137\n|switch|p1b: Aurorus|Aurorus, L50, F|100/100|[from] U-turn\n|-weather|Snowscape|[from] ability: Snow Warning|[of] p1b: Aurorus\n|move|p2b: Archaludon|Flash Cannon|p1a: Mr. Rime\n|-activate|p1a: Mr. Rime|move: Protect\n|\n|-weather|Snowscape|[upkeep]\n|-damage|p2a: Pelipper|74/100 psn|[from] psn\n|upkeep\n|turn|3\n|\n|t:|1776284161\n|move|p2a: Pelipper|Wide Guard|p2a: Pelipper\n|-singleturn|p2a: Pelipper|Wide Guard\n|move|p1a: Mr. Rime|Blizzard|p2b: Archaludon|[spread] \n|-activate|p2a: Pelipper|move: Wide Guard\n|-activate|p2b: Archaludon|move: Wide Guard\n|move|p2b: Archaludon|Flash Cannon|p1b: Aurorus\n|-supereffective|p1b: Aurorus|2\n|-crit|p1b: Aurorus\n|-damage|p1b: Aurorus|0 fnt\n|faint|p1b: Aurorus\n|\n|-weather|Snowscape|[upkeep]\n|-damage|p2a: Pelipper|62/100 psn|[from] psn\n|upkeep\n|\n|t:|1776284176\n|switch|p1b: Hawlucha|Hawlucha, L50, F|100/100\n|turn|4\n|\n|t:|1776284184\n|detailschange|p1b: Hawlucha|Hawlucha-Mega, L50, F\n|-mega|p1b: Hawlucha|Hawlucha|Hawluchanite\n|move|p2b: Archaludon|Protect|p2b: Archaludon\n|-singleturn|p2b: Archaludon|Protect\n|move|p1b: Hawlucha|Entrainment|p1a: Mr. Rime\n|-ability|p1a: Mr. Rime|No Guard|Ice Body|[from] move: Entrainment|[of] p1b: Hawlucha\n|move|p1a: Mr. Rime|Sheer Cold|p2b: Archaludon\n|-activate|p2b: Archaludon|move: Protect\n|move|p2a: Pelipper|Hurricane|p1b: Hawlucha\n|-supereffective|p1b: Hawlucha|1\n|-damage|p1b: Hawlucha|0 fnt\n|faint|p1b: Hawlucha\n|\n|-weather|Snowscape|[upkeep]\n|-damage|p2a: Pelipper|50/100 psn|[from] psn\n|upkeep\n|\n|t:|1776284202\n|switch|p1b: Sneasler|Sneasler, L50, F|71/100\n|turn|5\n|\n|t:|1776284213\n|move|p1b: Sneasler|Fake Out|p2b: Archaludon\n|-resisted|p2b: Archaludon|1\n|-damage|p2b: Archaludon|98/100\n|-ability|p2b: Archaludon|Stamina|boost\n|-boost|p2b: Archaludon|def|1\n|move|p1a: Mr. Rime|Sheer Cold|p2b: Archaludon\n|-damage|p2b: Archaludon|0 fnt\n|faint|p2b: Archaludon\n|-ohko\n|move|p2a: Pelipper|Tailwind|p2a: Pelipper\n|-sidestart|p2: Zenakuss17|move: Tailwind\n|\n|-weather|Snowscape|[upkeep]\n|-damage|p2a: Pelipper|38/100 psn|[from] psn\n|upkeep\n|\n|t:|1776284225\n|switch|p2b: Sneasler|Sneasler, L50, F|100/100\n|turn|6\n|\n|t:|1776284240\n|move|p1a: Mr. Rime|Protect|p1a: Mr. Rime\n|-singleturn|p1a: Mr. Rime|Protect\n|move|p2b: Sneasler|Close Combat|p1a: Mr. Rime\n|-activate|p1a: Mr. Rime|move: Protect\n|move|p1b: Sneasler|Dire Claw|p2a: Pelipper\n|-damage|p2a: Pelipper|0 fnt\n|faint|p2a: Pelipper\n|\n|-weather|none\n|upkeep\n|\n|t:|1776284243\n|switch|p2a: Palafin|Palafin-Hero, L50, M, shiny|100/100\n|-activate|p2a: Palafin|ability: Zero to Hero\n|turn|7\n|\n|t:|1776284268\n|move|p2b: Sneasler|Close Combat|p1a: Mr. Rime\n|-damage|p1a: Mr. Rime|29/100\n|-unboost|p2b: Sneasler|def|1\n|-unboost|p2b: Sneasler|spd|1\n|-enditem|p2b: Sneasler|White Herb\n|-clearnegativeboost|p2b: Sneasler|[silent]\n|move|p2a: Palafin|Drain Punch|p1a: Mr. Rime\n|-damage|p1a: Mr. Rime|0 fnt\n|faint|p1a: Mr. Rime\n|move|p1b: Sneasler|Close Combat|p2b: Sneasler\n|-resisted|p2b: Sneasler|1\n|-damage|p2b: Sneasler|44/100\n|-unboost|p1b: Sneasler|def|1\n|-unboost|p1b: Sneasler|spd|1\n|-enditem|p1b: Sneasler|White Herb\n|-clearnegativeboost|p1b: Sneasler|[silent]\n|\n|upkeep\n|turn|8\n|\n|t:|1776284288\n|move|p2a: Palafin|Jet Punch|p1b: Sneasler\n|-damage|p1b: Sneasler|4/100\n|move|p2b: Sneasler|Close Combat|p1b: Sneasler\n|-resisted|p1b: Sneasler|1\n|-damage|p1b: Sneasler|0 fnt\n|-unboost|p2b: Sneasler|def|1\n|-unboost|p2b: Sneasler|spd|1\n|faint|p1b: Sneasler\n|\n|win|Zenakuss17\n|raw|WizardGibby's rating: 1060 &rarr; <strong>1044</strong><br />(-16 for losing)\n|raw|Zenakuss17's rating: 1115 &rarr; <strong>1136</strong><br />(+21 for winning)\n|l|\u2606WizardGibby\n|player|p1|\n",
  "uploadtime": 1776284440,
  "views": 21,
  "formatid": "gen9championsvgc2026regma",
  "rating": 1044,
  "private": 0,
  "password": null
}