{
  "id": "gen9championsvgc2026regma-2585668461",
  "format": "[Gen 9 Champions] VGC 2026 Reg M-A",
  "players": [
    "4isspecial",
    "AlejoB7"
  ],
  "log": "|j|\u26064isspecial\n|j|\u2606AlejoB7\n|t:|1776362437\n|gametype|doubles\n|player|p1|4isspecial|sisandbro|1438\n|player|p2|AlejoB7|blaine|1466\n|gen|9\n|tier|[Gen 9 Champions] VGC 2026 Reg M-A\n|rated|\n|rule|Species Clause: Limit one of each Pok\u00e9mon\n|rule|Item Clause: Limit 1 of each item\n|clearpoke\n|poke|p1|Floette-Eternal, L50, F|\n|poke|p1|Maushold-Four, L50|\n|poke|p1|Garchomp, L50, F|\n|poke|p1|Talonflame, L50, F|\n|poke|p1|Archaludon, L50, F|\n|poke|p1|Sneasler, L50, M|\n|poke|p2|Torkoal, L50, F|\n|poke|p2|Sinistcha-Masterpiece, L50|\n|poke|p2|Mudsdale, L50, F|\n|poke|p2|Hatterene, L50, F|\n|poke|p2|Floette-Eternal, L50, F|\n|poke|p2|Kingambit, L50, F|\n|teampreview|4\n|inactive|Battle timer is ON: inactive players will automatically lose when time's up. (requested by AlejoB7)\n|inactive|AlejoB7 has 60 seconds left.\n|\n|t:|1776362473\n|teamsize|p1|4\n|teamsize|p2|4\n|start\n|switch|p1a: Floette|Floette-Eternal, L50, F|100/100\n|switch|p1b: Maushold|Maushold-Four, L50|100/100\n|switch|p2a: Sinistcha|Sinistcha-Masterpiece, L50|100/100\n|switch|p2b: Mudsdale|Mudsdale, L50, F|100/100\n|turn|1\n|\n|t:|1776362491\n|detailschange|p1a: Floette|Floette-Mega, L50, F\n|-mega|p1a: Floette|Floette|Floettite\n|-ability|p1a: Floette|Fairy Aura\n|move|p1b: Maushold|Taunt|p2a: Sinistcha\n|-start|p2a: Sinistcha|move: Taunt\n|move|p1a: Floette|Calm Mind|p1a: Floette\n|-boost|p1a: Floette|spa|1\n|-boost|p1a: Floette|spd|1\n|move|p2b: Mudsdale|Earthquake|p1b: Maushold|[spread] p2a,p1a,p1b\n|-resisted|p2a: Sinistcha|1\n|-crit|p1a: Floette\n|-damage|p2a: Sinistcha|81/100\n|-damage|p1a: Floette|42/100\n|-damage|p1b: Maushold|40/100\n|cant|p2a: Sinistcha|move: Taunt|Trick Room\n|\n|upkeep\n|turn|2\n|\n|t:|1776362509\n|move|p1b: Maushold|Super Fang|p2b: Mudsdale\n|-damage|p2b: Mudsdale|50/100\n|move|p1a: Floette|Dazzling Gleam|p2b: Mudsdale|[spread] p2a,p2b\n|-damage|p2a: Sinistcha|16/100\n|-damage|p2b: Mudsdale|0 fnt\n|faint|p2b: Mudsdale\n|move|p2a: Sinistcha|Matcha Gotcha|p1a: Floette|[spread] p1a,p1b\n|-damage|p1a: Floette|33/100\n|-heal|p2a: Sinistcha|20/100|[from] drain|[of] p1a: Floette\n|-damage|p1b: Maushold|12/100\n|-heal|p2a: Sinistcha|35/100|[from] drain|[of] p1b: Maushold\n|-status|p1b: Maushold|brn\n|\n|-damage|p1b: Maushold|5/100 brn|[from] brn\n|upkeep\n|\n|t:|1776362520\n|switch|p2b: Kingambit|Kingambit, L50, F, shiny|100/100\n|turn|3\n|\n|t:|1776362533\n|move|p1b: Maushold|Follow Me|p1b: Maushold\n|-singleturn|p1b: Maushold|move: Follow Me\n|move|p1a: Floette|Dazzling Gleam|p2b: Kingambit|[spread] p2a,p2b\n|-damage|p2a: Sinistcha|0 fnt\n|-damage|p2b: Kingambit|31/100\n|faint|p2a: Sinistcha\n|move|p2b: Kingambit|Iron Head|p1b: Maushold\n|-damage|p1b: Maushold|0 fnt\n|faint|p1b: Maushold\n|\n|upkeep\n|\n|t:|1776362540\n|switch|p1b: Talonflame|Talonflame, L50, F|100/100\n|switch|p2a: Floette|Floette-Eternal, L50, F|100/100\n|turn|4\n|c|\u2606AlejoB7|gg, need to perfect things lol\n|inactive|AlejoB7 has 30 seconds left.\n|\n|t:|1776362567\n|detailschange|p2a: Floette|Floette-Mega, L50, F\n|-mega|p2a: Floette|Floette|Floettite\n|-ability|p2a: Floette|Fairy Aura\n|move|p1b: Talonflame|Tailwind|p1b: Talonflame\n|-sidestart|p1: 4isspecial|move: Tailwind\n|move|p2b: Kingambit|Sucker Punch|p1a: Floette\n|-resisted|p1a: Floette|1\n|-damage|p1a: Floette|9/100\n|move|p1a: Floette|Dazzling Gleam|p2b: Kingambit|[spread] p2a,p2b\n|-damage|p2a: Floette|46/100\n|-damage|p2b: Kingambit|0 fnt\n|faint|p2b: Kingambit\n|move|p2a: Floette|Moonblast|p1b: Talonflame\n|-resisted|p1b: Talonflame|1\n|-damage|p1b: Talonflame|35/100\n|-unboost|p1b: Talonflame|spa|1\n|\n|upkeep\n|turn|5\n|-message|AlejoB7 forfeited.\n|\n|win|4isspecial\n|raw|4isspecial's rating: 1438 &rarr; <strong>1460</strong><br />(+22 for winning)\n|raw|AlejoB7's rating: 1466 &rarr; <strong>1444</strong><br />(-22 for losing)\n|l|\u2606AlejoB7\n|player|p2|\n",
  "uploadtime": 1776362593,
  "views": 39,
  "formatid": "gen9championsvgc2026regma",
  "rating": 1444,
  "private": 0,
  "password": null
}