{
  "id": "gen9championsvgc2026regma-2587082635",
  "format": "[Gen 9 Champions] VGC 2026 Reg M-A",
  "players": [
    "Phillip Blevin",
    "ult. big chill"
  ],
  "log": "|j|\u2606Phillip Blevin\n|j|\u2606ult. big chill\n|t:|1776490981\n|gametype|doubles\n|player|p1|Phillip Blevin|cynthia-masters4|1417\n|player|p2|ult. big chill|burgh|1325\n|gen|9\n|tier|[Gen 9 Champions] VGC 2026 Reg M-A\n|rated|\n|rule|Species Clause: Limit one of each Pok\u00e9mon\n|rule|Item Clause: Limit 1 of each item\n|clearpoke\n|poke|p1|Gengar, L50, F|\n|poke|p1|Rotom-Wash, L50|\n|poke|p1|Sneasler, L50, M|\n|poke|p1|Corviknight, L50, F|\n|poke|p1|Incineroar, L50, F|\n|poke|p1|Floette-Eternal, L50, F|\n|poke|p2|Camerupt, L50, M, shiny|\n|poke|p2|Farigiraf, L50, M, shiny|\n|poke|p2|Primarina, L50, F|\n|poke|p2|Incineroar, L50, M|\n|poke|p2|Drampa, L50, F|\n|poke|p2|Runerigus, L50, M|\n|teampreview|4\n|inactive|Battle timer is ON: inactive players will automatically lose when time's up. (requested by Phillip Blevin)\nPhillip Blevin has agreed to open team sheets.\n|inactive|Phillip Blevin has 60 seconds left.\n|\n|t:|1776491012\n|teamsize|p1|4\n|teamsize|p2|4\n|start\n|switch|p1a: Floette|Floette-Eternal, L50, F|100/100\n|switch|p1b: Rotom|Rotom-Wash, L50|100/100\n|switch|p2a: Pivot Man|Incineroar, L50, M|100/100\n|switch|p2b: SandyEggo|Farigiraf, L50, M, shiny|100/100\n|-ability|p2a: Pivot Man|Intimidate|boost\n|-unboost|p1a: Floette|atk|1\n|-unboost|p1b: Rotom|atk|1\n|turn|1\n|\n|t:|1776491026\n|move|p1b: Rotom|Trick|p2b: SandyEggo\n|-activate|p1b: Rotom|move: Trick|[of] p2b: SandyEggo\n|-item|p2b: SandyEggo|Choice Scarf|[from] move: Trick\n|-item|p1b: Rotom|Colbur Berry|[from] move: Trick\n|move|p1a: Floette|Calm Mind|p1a: Floette\n|-boost|p1a: Floette|spa|1\n|-boost|p1a: Floette|spd|1\n|move|p2a: Pivot Man|Parting Shot|p1a: Floette\n|-unboost|p1a: Floette|atk|1\n|-unboost|p1a: Floette|spa|1\n|\n|t:|1776491033\n|switch|p2a: Molpe|Primarina, L50, F|100/100|[from] Parting Shot\n|move|p2b: SandyEggo|Trick Room|p2b: SandyEggo\n|-fieldstart|move: Trick Room|[of] p2b: SandyEggo\n|\n|upkeep\n|turn|2\n|\n|t:|1776491038\n|switch|p2b: Pivot Man|Incineroar, L50, M|100/100\n|-ability|p2b: Pivot Man|Intimidate|boost\n|-unboost|p1a: Floette|atk|1\n|-unboost|p1b: Rotom|atk|1\n|detailschange|p1a: Floette|Floette-Mega, L50, F\n|-mega|p1a: Floette|Floette|Floettite\n|-ability|p1a: Floette|Fairy Aura\n|move|p2a: Molpe|Moonblast|p1b: Rotom\n|-damage|p1b: Rotom|22/100\n|move|p1a: Floette|Calm Mind|p1a: Floette\n|-boost|p1a: Floette|spa|1\n|-boost|p1a: Floette|spd|1\n|move|p1b: Rotom|Volt Switch|p2a: Molpe\n|-supereffective|p2a: Molpe|1\n|-crit|p2a: Molpe\n|-damage|p2a: Molpe|35/100\n|\n|t:|1776491050\n|switch|p1b: Incineroar|Incineroar, L50, F|100/100|[from] Volt Switch\n|-ability|p1b: Incineroar|Intimidate|boost\n|-unboost|p2a: Molpe|atk|1\n|-unboost|p2b: Pivot Man|atk|1\n|\n|upkeep\n|turn|3\n|\n|t:|1776491058\n|switch|p2b: SandyEggo|Farigiraf, L50, M, shiny|100/100\n|move|p1b: Incineroar|Fake Out||[still]\n|cant|p2b: SandyEggo|ability: Armor Tail|Fake Out|[of] p1b: Incineroar\n|move|p2a: Molpe|Haze|p2a: Molpe\n|-clearallboost\n|move|p1a: Floette|Calm Mind|p1a: Floette\n|-boost|p1a: Floette|spa|1\n|-boost|p1a: Floette|spd|1\n|\n|upkeep\n|turn|4\n|\n|t:|1776491068\n|move|p2a: Molpe|Hyper Voice|p1b: Incineroar|[spread] p1a,p1b\n|-crit|p1a: Floette\n|-supereffective|p1b: Incineroar|1\n|-damage|p1a: Floette|57/100\n|-damage|p1b: Incineroar|40/100\n|-enditem|p1b: Incineroar|Sitrus Berry|[eat]\n|-heal|p1b: Incineroar|65/100|[from] item: Sitrus Berry\n|move|p1b: Incineroar|Parting Shot|p2a: Molpe\n|-unboost|p2a: Molpe|atk|1\n|-unboost|p2a: Molpe|spa|1\n|\n|t:|1776491076\n|switch|p1b: Rotom|Rotom-Wash, L50|22/100|[from] Parting Shot\n|move|p2b: SandyEggo|Hyper Voice|p1a: Floette|[spread] p1a,p1b\n|-damage|p1a: Floette|41/100\n|-damage|p1b: Rotom|0 fnt\n|faint|p1b: Rotom\n|move|p1a: Floette|Dazzling Gleam|p2a: Molpe|[spread] p2a,p2b\n|-damage|p2a: Molpe|0 fnt\n|-damage|p2b: SandyEggo|47/100\n|faint|p2a: Molpe\n|\n|upkeep\n|\n|t:|1776491085\n|switch|p2a: Moose|Camerupt, L50, M, shiny|100/100\n|switch|p1b: Incineroar|Incineroar, L50, F|65/100\n|-ability|p1b: Incineroar|Intimidate|boost\n|-unboost|p2a: Moose|atk|1\n|-unboost|p2b: SandyEggo|atk|1\n|turn|5\n|\n|t:|1776491095\n|switch|p2b: Pivot Man|Incineroar, L50, M|100/100\n|-ability|p2b: Pivot Man|Intimidate|boost\n|-unboost|p1a: Floette|atk|1\n|-unboost|p1b: Incineroar|atk|1\n|detailschange|p2a: Moose|Camerupt-Mega, L50, M, shiny\n|-mega|p2a: Moose|Camerupt|Cameruptite\n|move|p1a: Floette|Protect|p1a: Floette\n|-singleturn|p1a: Floette|Protect\n|move|p2a: Moose|Earth Power|p1b: Incineroar\n|-supereffective|p1b: Incineroar|1\n|-crit|p1b: Incineroar\n|-damage|p1b: Incineroar|0 fnt\n|faint|p1b: Incineroar\n|\n|-fieldend|move: Trick Room\n|upkeep\n|\n|t:|1776491100\n|switch|p1b: Sneasler|Sneasler, L50, M|100/100\n|turn|6\n|\n|t:|1776491115\n|switch|p2b: SandyEggo|Farigiraf, L50, M, shiny|47/100\n|move|p1b: Sneasler|Fake Out||[still]\n|cant|p2b: SandyEggo|ability: Armor Tail|Fake Out|[of] p1b: Sneasler\n|move|p1a: Floette|Calm Mind|p1a: Floette\n|-boost|p1a: Floette|spa|1\n|-boost|p1a: Floette|spd|1\n|move|p2a: Moose|Earth Power|p1a: Floette\n|-damage|p1a: Floette|12/100\n|\n|upkeep\n|turn|7\n|\n|t:|1776491134\n|move|p2a: Moose|Protect|p2a: Moose\n|-singleturn|p2a: Moose|Protect\n|move|p1b: Sneasler|Close Combat|p2a: Moose\n|-activate|p2a: Moose|move: Protect\n|move|p1a: Floette|Draining Kiss|p2b: SandyEggo\n|-damage|p2b: SandyEggo|0 fnt\n|-heal|p1a: Floette|61/100|[from] drain|[of] p2b: SandyEggo\n|faint|p2b: SandyEggo\n|\n|upkeep\n|\n|t:|1776491137\n|switch|p2b: Pivot Man|Incineroar, L50, M|100/100\n|-ability|p2b: Pivot Man|Intimidate|boost\n|-unboost|p1a: Floette|atk|1\n|-unboost|p1b: Sneasler|atk|1\n|-enditem|p1b: Sneasler|White Herb\n|-clearnegativeboost|p1b: Sneasler|[silent]\n|turn|8\n|\n|t:|1776491144\n|move|p1a: Floette|Protect|p1a: Floette\n|-singleturn|p1a: Floette|Protect\n|move|p2b: Pivot Man|Fake Out|p1b: Sneasler\n|-damage|p1b: Sneasler|79/100\n|cant|p1b: Sneasler|flinch\n|move|p2a: Moose|Earth Power|p1b: Sneasler\n|-supereffective|p1b: Sneasler|1\n|-damage|p1b: Sneasler|0 fnt\n|faint|p1b: Sneasler\n|\n|upkeep\n|turn|9\n|\n|t:|1776491152\n|move|p1a: Floette|Draining Kiss|p2b: Pivot Man\n|-damage|p2b: Pivot Man|46/100\n|-heal|p1a: Floette|100/100|[from] drain|[of] p2b: Pivot Man\n|move|p2b: Pivot Man|Flare Blitz|p1a: Floette\n|-crit|p1a: Floette\n|-damage|p1a: Floette|28/100\n|-damage|p2b: Pivot Man|26/100|[from] Recoil\n|move|p2a: Moose|Heat Wave|p1a: Floette\n|-damage|p1a: Floette|0 fnt\n|faint|p1a: Floette\n|\n|win|ult. big chill\n|raw|Phillip Blevin's rating: 1417 &rarr; <strong>1392</strong><br />(-25 for losing)\n|raw|ult. big chill's rating: 1325 &rarr; <strong>1350</strong><br />(+25 for winning)\n",
  "uploadtime": 1776491152,
  "views": 36,
  "formatid": "gen9championsvgc2026regma",
  "rating": 1350,
  "private": 0,
  "password": null
}