{
  "id": "gen9championsvgc2026regma-2588239682",
  "format": "[Gen 9 Champions] VGC 2026 Reg M-A",
  "players": [
    "Hosley",
    "Foorgli"
  ],
  "log": "|j|\u2606Hosley\n|j|\u2606Foorgli\n|t:|1776617179\n|gametype|doubles\n|player|p1|Hosley|102|1055\n|player|p2|Foorgli|2|1096\n|gen|9\n|tier|[Gen 9 Champions] VGC 2026 Reg M-A\n|rated|\n|rule|Species Clause: Limit one of each Pok\u00e9mon\n|rule|Item Clause: Limit 1 of each item\n|clearpoke\n|poke|p1|Starmie, L50|\n|poke|p1|Kommo-o, L50, M|\n|poke|p1|Sinistcha, L50|\n|poke|p1|Sylveon, L50, F|\n|poke|p1|Incineroar, L50, M|\n|poke|p1|Kingambit, L50, M|\n|poke|p2|Primarina, L50, M|\n|poke|p2|Tyranitar, L50, F|\n|poke|p2|Kommo-o, L50, F|\n|poke|p2|Gengar, L50, M|\n|poke|p2|Sinistcha, L50|\n|poke|p2|Incineroar, L50, M|\n|teampreview|4\n|inactive|Battle timer is ON: inactive players will automatically lose when time's up. (requested by Foorgli)\n|inactive|Hosley has 60 seconds left.\n|inactive|Foorgli has 60 seconds left.\n|\n|t:|1776617239\n|teamsize|p1|4\n|teamsize|p2|4\n|start\n|switch|p1a: Incineroar|Incineroar, L50, M|100/100\n|switch|p1b: Kingambit|Kingambit, L50, M|100/100\n|switch|p2a: Gengar|Gengar, L50, M|100/100\n|switch|p2b: Incineroar|Incineroar, L50, M|100/100\n|-ability|p1a: Incineroar|Intimidate|boost\n|-unboost|p2a: Gengar|atk|1\n|-unboost|p2b: Incineroar|atk|1\n|-ability|p2b: Incineroar|Intimidate|boost\n|-unboost|p1a: Incineroar|atk|1\n|-unboost|p1b: Kingambit|atk|1\n|-ability|p1b: Kingambit|Defiant|boost\n|-boost|p1b: Kingambit|atk|2\n|turn|1\n|inactive|Hosley has 30 seconds left.\n|\n|t:|1776617265\n|move|p2a: Gengar|Protect|p2a: Gengar\n|-singleturn|p2a: Gengar|Protect\n|move|p1a: Incineroar|Fake Out|p2b: Incineroar\n|-damage|p2b: Incineroar|92/100\n|move|p1b: Kingambit|Sucker Punch||[still]\n|-fail|p1b: Kingambit\n|cant|p2b: Incineroar|flinch\n|\n|upkeep\n|turn|2\n|inactive|Hosley has 30 seconds left.\n|\n|t:|1776617294\n|switch|p2a: Kommo-o|Kommo-o, L50, F|100/100\n|move|p1b: Kingambit|Protect|p1b: Kingambit\n|-singleturn|p1b: Kingambit|Protect\n|move|p1a: Incineroar|Parting Shot|p2b: Incineroar\n|-unboost|p2b: Incineroar|atk|1\n|-unboost|p2b: Incineroar|spa|1\n|\n|t:|1776617301\n|switch|p1a: Starmie|Starmie, L50|100/100|[from] Parting Shot\n|move|p2b: Incineroar|Flare Blitz|p1b: Kingambit\n|-activate|p1b: Kingambit|move: Protect\n|\n|upkeep\n|turn|3\n|\n|t:|1776617320\n|detailschange|p1a: Starmie|Starmie-Mega, L50\n|-mega|p1a: Starmie|Starmie|Starminite\n|move|p2a: Kommo-o|Protect|p2a: Kommo-o\n|-singleturn|p2a: Kommo-o|Protect\n|move|p1a: Starmie|Zen Headbutt|p2a: Kommo-o\n|-activate|p2a: Kommo-o|move: Protect\n|move|p1b: Kingambit|Iron Head|p2a: Kommo-o\n|-activate|p2a: Kommo-o|move: Protect\n|move|p2b: Incineroar|Parting Shot|p1a: Starmie\n|-unboost|p1a: Starmie|atk|1\n|-unboost|p1a: Starmie|spa|1\n|\n|t:|1776617334\n|switch|p2b: Primarina|Primarina, L50, M|100/100|[from] Parting Shot\n|\n|upkeep\n|turn|4\n|\n|t:|1776617342\n|switch|p2a: Incineroar|Incineroar, L50, M|92/100\n|-ability|p2a: Incineroar|Intimidate|boost\n|-unboost|p1a: Starmie|atk|1\n|-unboost|p1b: Kingambit|atk|1\n|-ability|p1b: Kingambit|Defiant|boost\n|-boost|p1b: Kingambit|atk|2\n|move|p1a: Starmie|Zen Headbutt|p2a: Incineroar\n|-immune|p2a: Incineroar\n|move|p1b: Kingambit|Iron Head|p2a: Incineroar\n|-resisted|p2a: Incineroar|1\n|-damage|p2a: Incineroar|45/100\n|move|p2b: Primarina|Hyper Voice|p1b: Kingambit|[spread] p1a,p1b\n|-resisted|p1a: Starmie|1\n|-damage|p1a: Starmie|76/100\n|-damage|p1b: Kingambit|61/100\n|\n|upkeep\n|turn|5\n|\n|t:|1776617368\n|switch|p1a: Incineroar|Incineroar, L50, M|100/100\n|-ability|p1a: Incineroar|Intimidate|boost\n|-unboost|p2a: Incineroar|atk|1\n|-unboost|p2b: Primarina|atk|1\n|move|p1b: Kingambit|Protect|p1b: Kingambit\n|-singleturn|p1b: Kingambit|Protect\n|move|p2a: Incineroar|Fake Out|p1b: Kingambit\n|-activate|p1b: Kingambit|move: Protect\n|move|p2b: Primarina|Moonblast|p1a: Incineroar\n|-damage|p1a: Incineroar|52/100\n|\n|upkeep\n|turn|6\n|\n|t:|1776617385\n|switch|p2a: Kommo-o|Kommo-o, L50, F|100/100\n|move|p1a: Incineroar|Fake Out|p2b: Primarina\n|-damage|p2b: Primarina|87/100\n|move|p1b: Kingambit|Low Kick|p2a: Kommo-o\n|-damage|p2a: Kommo-o|52/100\n|cant|p2b: Primarina|flinch\n|\n|-heal|p2b: Primarina|93/100|[from] item: Leftovers\n|upkeep\n|turn|7\n|\n|t:|1776617409\n|move|p2a: Kommo-o|Clanging Scales|p1a: Incineroar|[spread] p1a,p1b\n|-resisted|p1b: Kingambit|1\n|-damage|p1a: Incineroar|22/100\n|-damage|p1b: Kingambit|41/100\n|-enditem|p1a: Incineroar|Sitrus Berry|[eat]\n|-heal|p1a: Incineroar|47/100|[from] item: Sitrus Berry\n|-unboost|p2a: Kommo-o|def|1\n|move|p1b: Kingambit|Iron Head|p2a: Kommo-o\n|-damage|p2a: Kommo-o|0 fnt\n|faint|p2a: Kommo-o\n|move|p1a: Incineroar|Parting Shot|p2b: Primarina\n|-unboost|p2b: Primarina|atk|1\n|-unboost|p2b: Primarina|spa|1\n|\n|t:|1776617421\n|switch|p1a: Sinistcha|Sinistcha, L50|100/100|[from] Parting Shot\n|-heal|p1b: Kingambit|65/100|[from] ability: Hospitality|[of] p1a: Sinistcha\n|move|p2b: Primarina|Hyper Voice|p1a: Sinistcha|[spread] p1a,p1b\n|-resisted|p1a: Sinistcha|1\n|-damage|p1a: Sinistcha|89/100\n|-damage|p1b: Kingambit|37/100\n|\n|-heal|p1a: Sinistcha|95/100|[from] item: Leftovers\n|-heal|p2b: Primarina|99/100|[from] item: Leftovers\n|upkeep\n|inactive|Foorgli has 30 seconds left.\n|inactive|Foorgli has 20 seconds left.\n|\n|t:|1776617457\n|switch|p2a: Incineroar|Incineroar, L50, M|45/100\n|-ability|p2a: Incineroar|Intimidate|boost\n|-unboost|p1a: Sinistcha|atk|1\n|-unboost|p1b: Kingambit|atk|1\n|-ability|p1b: Kingambit|Defiant|boost\n|-boost|p1b: Kingambit|atk|2\n|turn|8\n|\n|t:|1776617470\n|move|p1b: Kingambit|Protect|p1b: Kingambit\n|-singleturn|p1b: Kingambit|Protect\n|move|p1a: Sinistcha|Life Dew|p1a: Sinistcha|[spread] p1a,p1b\n|-heal|p1a: Sinistcha|100/100\n|-heal|p1b: Kingambit|62/100\n|move|p2b: Primarina|Moonblast|p1b: Kingambit\n|-activate|p1b: Kingambit|move: Protect\n|move|p2a: Incineroar|Flare Blitz|p1a: Sinistcha\n|-supereffective|p1a: Sinistcha|1\n|-damage|p1a: Sinistcha|16/100\n|-damage|p2a: Incineroar|20/100|[from] Recoil\n|\n|-heal|p1a: Sinistcha|22/100|[from] item: Leftovers\n|-heal|p2b: Primarina|100/100|[from] item: Leftovers\n|upkeep\n|turn|9\n|inactive|Hosley has 30 seconds left.\n|inactive|Hosley has 20 seconds left.\n|\n|t:|1776617505\n|move|p1b: Kingambit|Low Kick|p2a: Incineroar\n|-supereffective|p2a: Incineroar|1\n|-damage|p2a: Incineroar|0 fnt\n|faint|p2a: Incineroar\n|move|p1a: Sinistcha|Life Dew|p1a: Sinistcha|[spread] p1a,p1b\n|-heal|p1a: Sinistcha|48/100\n|-heal|p1b: Kingambit|86/100\n|move|p2b: Primarina|Moonblast|p1a: Sinistcha\n|-damage|p1a: Sinistcha|12/100\n|\n|-heal|p1a: Sinistcha|18/100|[from] item: Leftovers\n|upkeep\n|-message|Foorgli forfeited.\n|\n|win|Hosley\n|raw|Hosley's rating: 1055 &rarr; <strong>1090</strong><br />(+35 for winning)\n|raw|Foorgli's rating: 1096 &rarr; <strong>1069</strong><br />(-27 for losing)\n",
  "uploadtime": 1776617514,
  "views": 9,
  "formatid": "gen9championsvgc2026regma",
  "rating": 1069,
  "private": 0,
  "password": null
}