{
  "id": "gen9championsvgc2026regma-2582930686",
  "format": "[Gen 9 Champions] VGC 2026 Reg M-A",
  "players": [
    "cloudyskyloftymoon",
    "SwirledX"
  ],
  "log": "|j|\u2606cloudyskyloftymoon\n|j|\u2606SwirledX\n|t:|1776126004\n|gametype|doubles\n|player|p1|cloudyskyloftymoon|acetrainerf|\n|player|p2|SwirledX|170|\n|gen|9\n|tier|[Gen 9 Champions] VGC 2026 Reg M-A\n|rule|Species Clause: Limit one of each Pok\u00e9mon\n|rule|Item Clause: Limit 1 of each item\n|clearpoke\n|poke|p1|Meganium, L50, M|\n|poke|p1|Pelipper, L50, F|\n|poke|p1|Archaludon, L50, F|\n|poke|p1|Basculegion, L50, M|\n|poke|p1|Farigiraf, L50, M|\n|poke|p1|Sinistcha-Masterpiece, L50|\n|poke|p2|Charizard, L50, F|\n|poke|p2|Venusaur, L50, F|\n|poke|p2|Garchomp, L50, M|\n|poke|p2|Rotom-Wash, L50|\n|poke|p2|Sneasler, L50, M|\n|poke|p2|Incineroar, L50, F|\n|teampreview|4\nSwirledX has agreed to open team sheets.\ncloudyskyloftymoon has agreed to open team sheets.\n|showteam|p1|Meganium||Meganiumite|Overgrow|SolarBeam,WeatherBall,Synthesis,DazzlingGleam|||M|||50|]Pelipper||FocusSash|Drizzle|Hurricane,WeatherBall,Tailwind,Uturn|||F|||50|]Archaludon||Leftovers|Stamina|ElectroShot,FlashCannon,Protect,DracoMeteor|||F|||50|]Basculegion||MysticWater|SwiftSwim|LastRespects,WaveCrash,FlipTurn,PsychicFangs|||M|||50|]Farigiraf||ColburBerry|ArmorTail|TrickRoom,Protect,Psychic,HelpingHand|||M|||50|]Sinistcha-Masterpiece||SitrusBerry|Hospitality|RagePowder,TrickRoom,MatchaGotcha,Protect||||||50|\n|showteam|p2|Charizard||CharizarditeY|SolarPower|HeatWave,SolarBeam,WeatherBall,Protect|||F|||50|]Venusaur||FocusSash|Chlorophyll|SleepPowder,LeafStorm,SludgeBomb,Protect|||F|||50|]Garchomp||ChoiceScarf|RoughSkin|RockSlide,Earthquake,DragonClaw,Bulldoze|||M|||50|]Rotom-Wash||Leftovers|Levitate|HydroPump,Thunderbolt,WillOWisp,Protect||||||50|]Sneasler||WhiteHerb|Unburden|FakeOut,CloseCombat,DireClaw,RockTomb|||M|||50|]Incineroar||SitrusBerry|Intimidate|FakeOut,FlareBlitz,DarkestLariat,PartingShot|||F|||50|\n|\n|t:|1776126055\n|teamsize|p1|4\n|teamsize|p2|4\n|start\n|switch|p1a: Pelipper|Pelipper, L50, F|100/100\n|switch|p1b: Archaludon|Archaludon, L50, F|100/100\n|switch|p2a: Incineroar|Incineroar, L50, F|100/100\n|switch|p2b: Sneasler|Sneasler, L50, M|100/100\n|-weather|RainDance|[from] ability: Drizzle|[of] p1a: Pelipper\n|-ability|p2a: Incineroar|Intimidate|boost\n|-unboost|p1a: Pelipper|atk|1\n|-unboost|p1b: Archaludon|atk|1\n|turn|1\n|\n|t:|1776126077\n|switch|p1a: Sinistcha|Sinistcha-Masterpiece, L50|100/100\n|move|p1b: Archaludon|Protect|p1b: Archaludon\n|-singleturn|p1b: Archaludon|Protect\n|move|p2b: Sneasler|Fake Out|p1a: Sinistcha\n|-immune|p1a: Sinistcha\n|move|p2a: Incineroar|Parting Shot|p1b: Archaludon\n|-activate|p1b: Archaludon|move: Protect\n|\n|-weather|RainDance|[upkeep]\n|upkeep\n|turn|2\n|\n|t:|1776126125\n|switch|p1b: Basculegion|Basculegion, L50, M|100/100\n|move|p2b: Sneasler|Close Combat|p1b: Basculegion\n|-immune|p1b: Basculegion\n|move|p2a: Incineroar|Darkest Lariat|p1a: Sinistcha\n|-supereffective|p1a: Sinistcha|1\n|-damage|p1a: Sinistcha|29/100\n|-enditem|p1a: Sinistcha|Sitrus Berry|[eat]\n|-heal|p1a: Sinistcha|53/100|[from] item: Sitrus Berry\n|move|p1a: Sinistcha|Matcha Gotcha|p2a: Incineroar|[spread] p2a,p2b\n|-resisted|p2a: Incineroar|1\n|-resisted|p2b: Sneasler|1\n|-damage|p2a: Incineroar|88/100\n|-heal|p1a: Sinistcha|61/100|[from] drain|[of] p2a: Incineroar\n|-damage|p2b: Sneasler|84/100\n|-heal|p1a: Sinistcha|68/100|[from] drain|[of] p2b: Sneasler\n|\n|-weather|RainDance|[upkeep]\n|upkeep\n|turn|3\n|\n|t:|1776126161\n|switch|p2a: Rotom|Rotom-Wash, L50|100/100\n|switch|p1a: Pelipper|Pelipper, L50, F|100/100\n|move|p1b: Basculegion|Psychic Fangs|p2b: Sneasler\n|-supereffective|p2b: Sneasler|2\n|-damage|p2b: Sneasler|0 fnt\n|faint|p2b: Sneasler\n|\n|-weather|RainDance|[upkeep]\n|upkeep\n|\n|t:|1776126175\n|switch|p2b: Incineroar|Incineroar, L50, F|88/100\n|-ability|p2b: Incineroar|Intimidate|boost\n|-unboost|p1a: Pelipper|atk|1\n|-unboost|p1b: Basculegion|atk|1\n|turn|4\n|\n|t:|1776126199\n|move|p1b: Basculegion|Flip Turn|p2b: Incineroar\n|-supereffective|p2b: Incineroar|1\n|-damage|p2b: Incineroar|20/100\n|-enditem|p2b: Incineroar|Sitrus Berry|[eat]\n|-heal|p2b: Incineroar|45/100|[from] item: Sitrus Berry\n|\n|t:|1776126208\n|switch|p1b: Archaludon|Archaludon, L50, F|100/100|[from] Flip Turn\n|move|p1a: Pelipper|U-turn|p2a: Rotom\n|-damage|p2a: Rotom|95/100\n|\n|t:|1776126216\n|switch|p1a: Basculegion|Basculegion, L50, M|100/100|[from] U-turn\n|move|p2a: Rotom|Thunderbolt|p1b: Archaludon\n|-resisted|p1b: Archaludon|1\n|-damage|p1b: Archaludon|75/100\n|-ability|p1b: Archaludon|Stamina|boost\n|-boost|p1b: Archaludon|def|1\n|move|p2b: Incineroar|Darkest Lariat|p1a: Basculegion\n|-supereffective|p1a: Basculegion|1\n|-damage|p1a: Basculegion|0 fnt\n|faint|p1a: Basculegion\n|\n|-weather|RainDance|[upkeep]\n|-heal|p1b: Archaludon|81/100|[from] item: Leftovers\n|-heal|p2a: Rotom|100/100|[from] item: Leftovers\n|upkeep\n|\n|t:|1776126232\n|switch|p1a: Sinistcha|Sinistcha-Masterpiece, L50|68/100\n|-heal|p1b: Archaludon|100/100|[from] ability: Hospitality|[of] p1a: Sinistcha\n|turn|5\n|\n|t:|1776126245\n|move|p2a: Rotom|Protect|p2a: Rotom\n|-singleturn|p2a: Rotom|Protect\n|move|p1a: Sinistcha|Rage Powder|p1a: Sinistcha\n|-singleturn|p1a: Sinistcha|move: Rage Powder\n|move|p1b: Archaludon|Electro Shot||[still]\n|-prepare|p1b: Archaludon|Electro Shot\n|-boost|p1b: Archaludon|spa|1\n|-anim|p1b: Archaludon|Electro Shot|p2b: Incineroar\n|-damage|p2b: Incineroar|0 fnt\n|faint|p2b: Incineroar\n|\n|-weather|none\n|upkeep\n|\n|t:|1776126256\n|switch|p2b: Charizard|Charizard, L50, F|100/100\n|turn|6\n|\n|t:|1776126300\n|move|p1b: Archaludon|Protect|p1b: Archaludon\n|-singleturn|p1b: Archaludon|Protect\n|move|p1a: Sinistcha|Protect|p1a: Sinistcha\n|-singleturn|p1a: Sinistcha|Protect\n|move|p2b: Charizard|Heat Wave|p1b: Archaludon|[spread] \n|-activate|p1a: Sinistcha|move: Protect\n|-activate|p1b: Archaludon|move: Protect\n|move|p2a: Rotom|Thunderbolt|p1b: Archaludon\n|-activate|p1b: Archaludon|move: Protect\n|\n|upkeep\n|turn|7\n|\n|t:|1776126327\n|switch|p1a: Pelipper|Pelipper, L50, F|100/100\n|-weather|RainDance|[from] ability: Drizzle|[of] p1a: Pelipper\n|move|p2b: Charizard|Heat Wave|p1b: Archaludon|[spread] p1a,p1b\n|-resisted|p1a: Pelipper|1\n|-damage|p1a: Pelipper|86/100\n|-damage|p1b: Archaludon|77/100\n|-ability|p1b: Archaludon|Stamina|boost\n|-boost|p1b: Archaludon|def|1\n|move|p1b: Archaludon|Electro Shot||[still]\n|-prepare|p1b: Archaludon|Electro Shot\n|-boost|p1b: Archaludon|spa|1\n|-anim|p1b: Archaludon|Electro Shot|p2b: Charizard\n|-supereffective|p2b: Charizard|1\n|-crit|p2b: Charizard\n|-damage|p2b: Charizard|0 fnt\n|faint|p2b: Charizard\n|move|p2a: Rotom|Will-O-Wisp|p1a: Pelipper\n|-status|p1a: Pelipper|brn\n|\n|-weather|RainDance|[upkeep]\n|-heal|p1b: Archaludon|83/100|[from] item: Leftovers\n|-damage|p1a: Pelipper|80/100 brn|[from] brn\n|upkeep\n|turn|8\n|-message|SwirledX forfeited.\n|\n|win|cloudyskyloftymoon\n|c|\u2606SwirledX|ggs\n|c|\u2606cloudyskyloftymoon|ggs\n",
  "uploadtime": 1776126349,
  "views": 13,
  "formatid": "gen9championsvgc2026regma",
  "rating": null,
  "private": 0,
  "password": null
}