{
  "id": "gen9championsvgc2026regma-2583038687",
  "format": "[Gen 9 Champions] VGC 2026 Reg M-A",
  "players": [
    "yuuutosert",
    "Ol wes"
  ],
  "log": "|j|\u2606yuuutosert\n|j|\u2606Ol wes\n|t:|1776135646\n|gametype|doubles\n|player|p1|yuuutosert|265|1098\n|player|p2|Ol wes|volkner|1121\n|gen|9\n|tier|[Gen 9 Champions] VGC 2026 Reg M-A\n|rated|\n|rule|Species Clause: Limit one of each Pok\u00e9mon\n|rule|Item Clause: Limit 1 of each item\n|clearpoke\n|poke|p1|Torkoal, L50, F|\n|poke|p1|Tyranitar, L50, M|\n|poke|p1|Cofagrigus, L50, M|\n|poke|p1|Runerigus, L50, M|\n|poke|p1|Roserade, L50, M|\n|poke|p1|Toxapex, L50, F|\n|poke|p2|Aggron, L50, M|\n|poke|p2|Froslass, L50, F|\n|poke|p2|Sinistcha, L50|\n|poke|p2|Samurott-Hisui, L50, M|\n|poke|p2|Arcanine-Hisui, L50, F|\n|poke|p2|Umbreon, L50, M|\n|teampreview|4\n|inactive|Battle timer is ON: inactive players will automatically lose when time's up. (requested by Ol wes)\n|\n|t:|1776135671\n|teamsize|p1|4\n|teamsize|p2|4\n|start\n|switch|p1a: Runerigus|Runerigus, L50, M|100/100\n|switch|p1b: Torkoal|Torkoal, L50, F|100/100\n|switch|p2a: Lassie|Froslass, L50, F, shiny|100/100\n|switch|p2b: Sam|Samurott-Hisui, L50, M|100/100\n|-weather|SunnyDay|[from] ability: Drought|[of] p1b: Torkoal\n|turn|1\n|inactive|yuuutosert has 30 seconds left.\n|inactive|yuuutosert has 20 seconds left.\n|inactive|yuuutosert has 15 seconds left.\n|inactive|yuuutosert has 10 seconds left.\n|\n|t:|1776135718\n|switch|p1a: Cofagrigus|Cofagrigus, L50, M|100/100\n|detailschange|p2a: Lassie|Froslass-Mega, L50, F, shiny\n|-mega|p2a: Lassie|Froslass|Froslassite\n|-weather|Snowscape|[from] ability: Snow Warning|[of] p2a: Lassie\n|move|p2a: Lassie|Aurora Veil|p2a: Lassie\n|-sidestart|p2: Ol wes|move: Aurora Veil\n|move|p2b: Sam|Aqua Cutter|p1b: Torkoal\n|-supereffective|p1b: Torkoal|1\n|-damage|p1b: Torkoal|16/100\n|move|p1b: Torkoal|Heat Wave|p2a: Lassie|[spread] p2a,p2b\n|-supereffective|p2a: Lassie|1\n|-resisted|p2b: Sam|1\n|-damage|p2a: Lassie|45/100\n|-damage|p2b: Sam|84/100\n|\n|-weather|Snowscape|[upkeep]\n|upkeep\n|turn|2\n|inactive|yuuutosert has 30 seconds left.\n|\n|t:|1776135747\n|move|p1b: Torkoal|Protect|p1b: Torkoal\n|-singleturn|p1b: Torkoal|Protect\n|move|p2a: Lassie|Blizzard|p1b: Torkoal|[spread] p1a\n|-activate|p1b: Torkoal|move: Protect\n|-damage|p1a: Cofagrigus|52/100\n|move|p2b: Sam|Ceaseless Edge|p1b: Torkoal\n|-activate|p1b: Torkoal|move: Protect\n|move|p1a: Cofagrigus|Trick Room|p1a: Cofagrigus\n|-fieldstart|move: Trick Room|[of] p1a: Cofagrigus\n|\n|-weather|Snowscape|[upkeep]\n|-heal|p1a: Cofagrigus|58/100|[from] item: Leftovers\n|upkeep\n|turn|3\n|\n|t:|1776135770\n|move|p2a: Lassie|Protect|p2a: Lassie\n|-singleturn|p2a: Lassie|Protect\n|move|p1b: Torkoal|Heat Wave|p2a: Lassie|[spread] p2b\n|-activate|p2a: Lassie|move: Protect\n|-resisted|p2b: Sam|1\n|-damage|p2b: Sam|68/100\n|move|p1a: Cofagrigus|Will-O-Wisp|p2b: Sam|[miss]\n|-miss|p1a: Cofagrigus|p2b: Sam\n|move|p2b: Sam|Ceaseless Edge|p1b: Torkoal\n|-damage|p1b: Torkoal|0 fnt\n|-sidestart|p1: yuuutosert|Spikes\n|faint|p1b: Torkoal\n|\n|-weather|Snowscape|[upkeep]\n|-heal|p1a: Cofagrigus|64/100|[from] item: Leftovers\n|upkeep\n|\n|t:|1776135787\n|switch|p1b: Tyranitar|Tyranitar, L50, M|100/100\n|-damage|p1b: Tyranitar|88/100|[from] Spikes\n|-weather|Sandstorm|[from] ability: Sand Stream|[of] p1b: Tyranitar\n|turn|4\n|\n|t:|1776135806\n|switch|p2a: Arcanine|Arcanine-Hisui, L50, F, shiny|100/100\n|-ability|p2a: Arcanine|Intimidate|boost\n|-unboost|p1a: Cofagrigus|atk|1\n|-unboost|p1b: Tyranitar|atk|1\n|detailschange|p1b: Tyranitar|Tyranitar-Mega, L50, M\n|-mega|p1b: Tyranitar|Tyranitar|Tyranitarite\n|move|p1a: Cofagrigus|Will-O-Wisp|p2b: Sam\n|-status|p2b: Sam|brn\n|move|p1b: Tyranitar|Rock Slide|p2b: Sam|[spread] p2a,p2b\n|-supereffective|p2a: Arcanine|1\n|-damage|p2a: Arcanine|63/100\n|-damage|p2b: Sam|48/100 brn\n|move|p2b: Sam|Sacred Sword|p1b: Tyranitar\n|-supereffective|p1b: Tyranitar|2\n|-crit|p1b: Tyranitar\n|-damage|p1b: Tyranitar|1/100\n|\n|-weather|Sandstorm|[upkeep]\n|-damage|p1a: Cofagrigus|58/100|[from] Sandstorm\n|-damage|p2b: Sam|42/100 brn|[from] Sandstorm\n|-heal|p1a: Cofagrigus|64/100|[from] item: Leftovers\n|-damage|p2b: Sam|36/100 brn|[from] brn\n|upkeep\n|turn|5\n|inactive|yuuutosert has 30 seconds left.\n|\n|t:|1776135834\n|move|p1a: Cofagrigus|Protect|p1a: Cofagrigus\n|-singleturn|p1a: Cofagrigus|Protect\n|move|p2a: Arcanine|Extreme Speed|p1b: Tyranitar\n|-resisted|p1b: Tyranitar|1\n|-damage|p1b: Tyranitar|0 fnt\n|faint|p1b: Tyranitar\n|move|p2b: Sam|Ceaseless Edge|p1a: Cofagrigus\n|-activate|p1a: Cofagrigus|move: Protect\n|\n|-weather|Sandstorm|[upkeep]\n|-damage|p1a: Cofagrigus|58/100|[from] Sandstorm\n|-damage|p2b: Sam|30/100 brn|[from] Sandstorm\n|-heal|p1a: Cofagrigus|64/100|[from] item: Leftovers\n|-damage|p2b: Sam|24/100 brn|[from] brn\n|-sideend|p2: Ol wes|move: Aurora Veil\n|upkeep\n|\n|t:|1776135849\n|switch|p1b: Runerigus|Runerigus, L50, M|100/100\n|-damage|p1b: Runerigus|88/100|[from] Spikes\n|turn|6\n|\n|t:|1776135861\n|move|p1b: Runerigus|Earthquake|p2a: Arcanine|[spread] p1a,p2a,p2b\n|-supereffective|p2a: Arcanine|2\n|-enditem|p2a: Arcanine|Shuca Berry|[eat]\n|-enditem|p2a: Arcanine|Shuca Berry|[weaken]\n|-damage|p1a: Cofagrigus|35/100\n|-damage|p2a: Arcanine|0 fnt\n|-damage|p2b: Sam|0 fnt\n|faint|p2a: Arcanine\n|faint|p2b: Sam\n|move|p1a: Cofagrigus|Hex|p2: Arcanine|[notarget]\n|-fail|p1a: Cofagrigus\n|\n|-weather|Sandstorm|[upkeep]\n|-damage|p1a: Cofagrigus|29/100|[from] Sandstorm\n|-heal|p1a: Cofagrigus|35/100|[from] item: Leftovers\n|-fieldend|move: Trick Room\n|upkeep\n|\n|t:|1776135873\n|switch|p2a: Lassie|Froslass-Mega, L50, F, shiny|45/100\n|switch|p2b: Um|Umbreon, L50, M, shiny|100/100\n|-weather|Snowscape|[from] ability: Snow Warning|[of] p2a: Lassie\n|turn|7\n|inactive|yuuutosert has 30 seconds left.\n|\n|t:|1776135900\n|move|p2a: Lassie|Blizzard|p1b: Runerigus|[spread] p1a,p1b\n|-supereffective|p1b: Runerigus|1\n|-damage|p1a: Cofagrigus|0 fnt\n|-damage|p1b: Runerigus|0 fnt\n|faint|p1a: Cofagrigus\n|faint|p1b: Runerigus\n|\n|win|Ol wes\n|raw|yuuutosert's rating: 1098 &rarr; <strong>1075</strong><br />(-23 for losing)\n|raw|Ol wes's rating: 1121 &rarr; <strong>1144</strong><br />(+23 for winning)\n|l|\u2606Ol wes\n|player|p2|\n",
  "uploadtime": 1776135907,
  "views": 10,
  "formatid": "gen9championsvgc2026regma",
  "rating": 1075,
  "private": 0,
  "password": null
}