{
  "id": "gen9championsvgc2026regma-2587692076",
  "format": "[Gen 9 Champions] VGC 2026 Reg M-A",
  "players": [
    "Snorhex",
    "quaglama"
  ],
  "log": "|j|\u2606Snorhex\n|j|\u2606quaglama\n|t:|1776554423\n|gametype|doubles\n|player|p1|Snorhex|170|1051\n|player|p2|quaglama|101|1073\n|gen|9\n|tier|[Gen 9 Champions] VGC 2026 Reg M-A\n|rated|\n|rule|Species Clause: Limit one of each Pok\u00e9mon\n|rule|Item Clause: Limit 1 of each item\n|clearpoke\n|poke|p1|Camerupt, L50, M, shiny|\n|poke|p1|Medicham, L50, M, shiny|\n|poke|p1|Whimsicott, L50, M, shiny|\n|poke|p1|Ninetales, L50, F, shiny|\n|poke|p1|Tauros-Paldea-Aqua, L50, M, shiny|\n|poke|p1|Farigiraf, L50, M, shiny|\n|poke|p2|Drampa, L50, M|\n|poke|p2|Sableye, L50, M|\n|poke|p2|Sinistcha, L50, shiny|\n|poke|p2|Gallade, L50, M|\n|poke|p2|Basculegion, L50, M|\n|poke|p2|Incineroar, L50, M|\n|teampreview|4\n|inactive|Battle timer is ON: inactive players will automatically lose when time's up. (requested by quaglama)\n|\n|t:|1776554448\n|teamsize|p1|4\n|teamsize|p2|4\n|start\n|switch|p1a: Ninetales|Ninetales, L50, F, shiny|100/100\n|switch|p1b: Medicham|Medicham, L50, M, shiny|100/100\n|switch|p2a: Sableye|Sableye, L50, M|100/100\n|switch|p2b: Gallade|Gallade, L50, M|100/100\n|-weather|SunnyDay|[from] ability: Drought|[of] p1a: Ninetales\n|turn|1\n|\n|t:|1776554468\n|move|p1b: Medicham|Fake Out|p2b: Gallade\n|-damage|p2b: Gallade|90/100\n|move|p2a: Sableye|Rain Dance|p2a: Sableye\n|-weather|RainDance\n|move|p1a: Ninetales|Nasty Plot|p1a: Ninetales\n|-boost|p1a: Ninetales|spa|2\n|cant|p2b: Gallade|flinch\n|\n|-weather|RainDance|[upkeep]\n|upkeep\n|turn|2\n|\n|t:|1776554491\n|switch|p1b: Whimsicott|Whimsicott, L50, M, shiny|100/100\n|move|p1a: Ninetales|Weather Ball|p2a: Sableye\n|-damage|p2a: Sableye|12/100\n|move|p2b: Gallade|Sacred Sword|p1a: Ninetales\n|-damage|p1a: Ninetales|0 fnt\n|faint|p1a: Ninetales\n|move|p2a: Sableye|Foul Play|p1b: Whimsicott\n|-resisted|p1b: Whimsicott|1\n|-damage|p1b: Whimsicott|89/100\n|\n|-weather|RainDance|[upkeep]\n|upkeep\n|\n|t:|1776554506\n|switch|p1a: Medicham|Medicham, L50, M, shiny|100/100\n|turn|3\n|\n|t:|1776554517\n|move|p2a: Sableye|Detect|p2a: Sableye\n|-singleturn|p2a: Sableye|Protect\n|move|p1a: Medicham|Fake Out|p2b: Gallade\n|-damage|p2b: Gallade|79/100\n|move|p1b: Whimsicott|Sunny Day|p1b: Whimsicott\n|-weather|SunnyDay\n|cant|p2b: Gallade|flinch\n|\n|-weather|SunnyDay|[upkeep]\n|upkeep\n|turn|4\n|\n|t:|1776554537\n|switch|p1b: Camerupt|Camerupt, L50, M, shiny|100/100\n|move|p2a: Sableye|Encore|p1a: Medicham\n|-start|p1a: Medicham|Encore\n|-enditem|p1a: Medicham|Mental Herb\n|-end|p1a: Medicham|Encore\n|move|p2b: Gallade|Trick Room|p2b: Gallade\n|-fieldstart|move: Trick Room|[of] p2b: Gallade\n|move|p1a: Medicham|Trick Room|p1a: Medicham\n|-fieldend|move: Trick Room\n|\n|-weather|SunnyDay|[upkeep]\n|upkeep\n|turn|5\n|\n|t:|1776554556\n|detailschange|p1b: Camerupt|Camerupt-Mega, L50, M, shiny\n|-mega|p1b: Camerupt|Camerupt|Cameruptite\n|move|p1b: Camerupt|Protect|p1b: Camerupt\n|-singleturn|p1b: Camerupt|Protect\n|move|p2a: Sableye|Rain Dance|p2a: Sableye\n|-weather|RainDance\n|move|p2b: Gallade|Sacred Sword|p1b: Camerupt\n|-activate|p1b: Camerupt|move: Protect\n|move|p1a: Medicham|Trick Room|p1a: Medicham\n|-fieldstart|move: Trick Room|[of] p1a: Medicham\n|\n|-weather|RainDance|[upkeep]\n|upkeep\n|turn|6\n|inactive|Snorhex has 30 seconds left.\n|\n|t:|1776554585\n|switch|p1b: Whimsicott|Whimsicott, L50, M, shiny|89/100\n|move|p1a: Medicham|Protect|p1a: Medicham\n|-singleturn|p1a: Medicham|Protect\n|move|p2a: Sableye|Encore||[still]\n|-fail|p2a: Sableye\n|move|p2b: Gallade|Sacred Sword|p1b: Whimsicott\n|-resisted|p1b: Whimsicott|1\n|-damage|p1b: Whimsicott|51/100\n|\n|-weather|RainDance|[upkeep]\n|upkeep\n|turn|7\n|\n|t:|1776554609\n|switch|p1a: Camerupt|Camerupt-Mega, L50, M, shiny|100/100\n|move|p1b: Whimsicott|Sunny Day|p1b: Whimsicott\n|-weather|SunnyDay\n|move|p2a: Sableye|Foul Play|p1a: Camerupt\n|-damage|p1a: Camerupt|60/100\n|move|p2b: Gallade|Sacred Sword|p1a: Camerupt\n|-damage|p1a: Camerupt|0 fnt\n|faint|p1a: Camerupt\n|\n|-weather|SunnyDay|[upkeep]\n|upkeep\n|\n|t:|1776554622\n|switch|p1a: Medicham|Medicham, L50, M, shiny|100/100\n|turn|8\n|\n|t:|1776554641\n|move|p1a: Medicham|Fake Out|p2b: Gallade\n|-damage|p2b: Gallade|68/100\n|move|p2a: Sableye|Rain Dance|p2a: Sableye\n|-weather|RainDance\n|move|p1b: Whimsicott|Stun Spore|p2b: Gallade|[miss]\n|-miss|p1b: Whimsicott|p2b: Gallade\n|cant|p2b: Gallade|flinch\n|\n|-weather|RainDance|[upkeep]\n|upkeep\n|turn|9\n|inactive|Snorhex has 30 seconds left.\n|-message|Snorhex forfeited.\n|\n|win|quaglama\n|raw|Snorhex's rating: 1051 &rarr; <strong>1034</strong><br />(-17 for losing)\n|raw|quaglama's rating: 1073 &rarr; <strong>1100</strong><br />(+27 for winning)\n|l|\u2606Snorhex\n|player|p1|\n",
  "uploadtime": 1776554687,
  "views": 18,
  "formatid": "gen9championsvgc2026regma",
  "rating": 1034,
  "private": 0,
  "password": null
}