{
  "id": "gen9championsvgc2026regma-2583520517",
  "format": "[Gen 9 Champions] VGC 2026 Reg M-A",
  "players": [
    "mofriu4334",
    "felipe_officiale"
  ],
  "log": "|j|\u2606mofriu4334\n|j|\u2606felipe_officiale\n|t:|1776180857\n|gametype|doubles\n|player|p1|mofriu4334|bianca|\n|player|p2|felipe_officiale|101|\n|gen|9\n|tier|[Gen 9 Champions] VGC 2026 Reg M-A\n|rule|Species Clause: Limit one of each Pok\u00e9mon\n|rule|Item Clause: Limit 1 of each item\n|clearpoke\n|poke|p1|Scizor, L50, F|\n|poke|p1|Rotom-Wash, L50|\n|poke|p1|Sylveon, L50, M|\n|poke|p1|Incineroar, L50, F|\n|poke|p1|Garchomp, L50, M|\n|poke|p1|Dragonite, L50, M|\n|poke|p2|Hippowdon, L50, F|\n|poke|p2|Corviknight, L50, M|\n|poke|p2|Excadrill, L50, F|\n|poke|p2|Tyranitar, L50, M|\n|poke|p2|Arcanine, L50, M|\n|poke|p2|Milotic, L50, M|\n|teampreview|4\n|j| Jeanmixed\n|\n|t:|1776180895\n|teamsize|p1|4\n|teamsize|p2|4\n|start\n|switch|p1a: Dragonite|Dragonite, L50, M, shiny|100/100\n|switch|p1b: Rotom|Rotom-Wash, L50|100/100\n|switch|p2a: Hippowdon|Hippowdon, L50, F|100/100\n|switch|p2b: Excadrill|Excadrill, L50, F|100/100\n|-weather|Sandstorm|[from] ability: Sand Stream|[of] p2a: Hippowdon\n|turn|1\n|\n|t:|1776180937\n|detailschange|p1a: Dragonite|Dragonite-Mega, L50, M, shiny\n|-mega|p1a: Dragonite|Dragonite|Dragoninite\n|move|p2b: Excadrill|Swords Dance|p2b: Excadrill\n|-boost|p2b: Excadrill|atk|2\n|move|p1a: Dragonite|Dragon Dance|p1a: Dragonite\n|-boost|p1a: Dragonite|atk|1\n|-boost|p1a: Dragonite|spe|1\n|move|p1b: Rotom|Hydro Pump|p2a: Hippowdon\n|-supereffective|p2a: Hippowdon|1\n|-enditem|p2a: Hippowdon|Passho Berry|[eat]\n|-enditem|p2a: Hippowdon|Passho Berry|[weaken]\n|-damage|p2a: Hippowdon|57/100\n|move|p2a: Hippowdon|Rock Tomb|p1a: Dragonite\n|-supereffective|p1a: Dragonite|1\n|-damage|p1a: Dragonite|85/100\n|-unboost|p1a: Dragonite|spe|1\n|\n|-weather|Sandstorm|[upkeep]\n|-damage|p1a: Dragonite|80/100|[from] Sandstorm\n|-damage|p1b: Rotom|95/100|[from] Sandstorm\n|upkeep\n|turn|2\n|\n|t:|1776180991\n|move|p2b: Excadrill|Iron Head|p1a: Dragonite\n|-damage|p1a: Dragonite|3/100\n|cant|p1a: Dragonite|flinch\n|move|p1b: Rotom|Will-O-Wisp|p2b: Excadrill\n|-status|p2b: Excadrill|brn\n|move|p2a: Hippowdon|Yawn|p1a: Dragonite\n|-start|p1a: Dragonite|move: Yawn|[of] p2a: Hippowdon\n|\n|-weather|Sandstorm|[upkeep]\n|-damage|p1a: Dragonite|0 fnt|[from] Sandstorm\n|-damage|p1b: Rotom|89/100|[from] Sandstorm\n|faint|p1a: Dragonite\n|-damage|p2b: Excadrill|95/100 brn|[from] brn\n|upkeep\n|\n|t:|1776181011\n|switch|p1a: Scizor|Scizor, L50, F|100/100\n|turn|3\n|\n|t:|1776181048\n|move|p2b: Excadrill|Iron Head|p1b: Rotom\n|-resisted|p1b: Rotom|2\n|-damage|p1b: Rotom|81/100\n|move|p1b: Rotom|Hydro Pump|p2a: Hippowdon|[miss]\n|-miss|p1b: Rotom|p2a: Hippowdon\n|move|p1a: Scizor|Close Combat|p2b: Excadrill\n|-supereffective|p2b: Excadrill|1\n|-enditem|p2b: Excadrill|Chople Berry|[eat]\n|-enditem|p2b: Excadrill|Chople Berry|[weaken]\n|-damage|p2b: Excadrill|32/100 brn\n|-unboost|p1a: Scizor|def|1\n|-unboost|p1a: Scizor|spd|1\n|move|p2a: Hippowdon|Slack Off|p2a: Hippowdon\n|-heal|p2a: Hippowdon|100/100\n|\n|-weather|Sandstorm|[upkeep]\n|-damage|p1b: Rotom|76/100|[from] Sandstorm\n|-damage|p2b: Excadrill|26/100 brn|[from] brn\n|upkeep\n|turn|4\n|\n|t:|1776181067\n|switch|p2b: Corviknight|Corviknight, L50, M, shiny|100/100\n|move|p1a: Scizor|Bullet Punch|p2b: Corviknight\n|-resisted|p2b: Corviknight|1\n|-damage|p2b: Corviknight|88/100\n|move|p1b: Rotom|Hydro Pump|p2a: Hippowdon\n|-supereffective|p2a: Hippowdon|1\n|-damage|p2a: Hippowdon|20/100\n|move|p2a: Hippowdon|Earthquake|p1a: Scizor|[spread] p1a\n|-immune|p2b: Corviknight\n|-immune|p1b: Rotom|[from] ability: Levitate\n|-damage|p1a: Scizor|56/100\n|\n|-weather|Sandstorm|[upkeep]\n|-damage|p1b: Rotom|70/100|[from] Sandstorm\n|upkeep\n|turn|5\n|\n|t:|1776181100\n|switch|p1a: Sylveon|Sylveon, L50, M, shiny|100/100\n|switch|p2a: Milotic|Milotic, L50, M, shiny|100/100\n|move|p1b: Rotom|Hydro Pump|p2a: Milotic\n|-resisted|p2a: Milotic|1\n|-damage|p2a: Milotic|86/100\n|move|p2b: Corviknight|Brave Bird|p1b: Rotom\n|-resisted|p1b: Rotom|1\n|-damage|p1b: Rotom|55/100\n|-damage|p2b: Corviknight|84/100|[from] Recoil\n|\n|-weather|none\n|-heal|p2a: Milotic|92/100|[from] item: Leftovers\n|upkeep\n|turn|6\n|\n|t:|1776181128\n|move|p1b: Rotom|Thunderbolt|p2b: Corviknight\n|-supereffective|p2b: Corviknight|1\n|-damage|p2b: Corviknight|20/100\n|-enditem|p2b: Corviknight|Sitrus Berry|[eat]\n|-heal|p2b: Corviknight|45/100|[from] item: Sitrus Berry\n|move|p2a: Milotic|Scald|p1a: Sylveon\n|-damage|p1a: Sylveon|83/100\n|move|p2b: Corviknight|Body Press|p1b: Rotom\n|-damage|p1b: Rotom|33/100\n|-enditem|p1b: Rotom|Sitrus Berry|[eat]\n|-heal|p1b: Rotom|58/100|[from] item: Sitrus Berry\n|move|p1a: Sylveon|Hyper Voice|p2b: Corviknight|[spread] p2a,p2b\n|-resisted|p2b: Corviknight|1\n|-damage|p2a: Milotic|69/100\n|-damage|p2b: Corviknight|30/100\n|\n|-heal|p2a: Milotic|75/100|[from] item: Leftovers\n|-heal|p1a: Sylveon|89/100|[from] item: Leftovers\n|upkeep\n|turn|7\n|\n|t:|1776181160\n|switch|p2b: Hippowdon|Hippowdon, L50, F|20/100\n|-weather|Sandstorm|[from] ability: Sand Stream|[of] p2b: Hippowdon\n|move|p1a: Sylveon|Helping Hand|p1b: Rotom\n|-singleturn|p1b: Rotom|Helping Hand|[of] p1a: Sylveon\n|move|p2a: Milotic|Protect|p2a: Milotic\n|-singleturn|p2a: Milotic|Protect\n|move|p1b: Rotom|Thunderbolt|p2a: Milotic\n|-activate|p2a: Milotic|move: Protect\n|\n|-weather|Sandstorm|[upkeep]\n|-damage|p1b: Rotom|52/100|[from] Sandstorm\n|-damage|p2a: Milotic|69/100|[from] Sandstorm\n|-damage|p1a: Sylveon|83/100|[from] Sandstorm\n|-heal|p2a: Milotic|75/100|[from] item: Leftovers\n|-heal|p1a: Sylveon|89/100|[from] item: Leftovers\n|upkeep\n|turn|8\n|\n|t:|1776181199\n|move|p1a: Sylveon|Helping Hand|p1b: Rotom\n|-singleturn|p1b: Rotom|Helping Hand|[of] p1a: Sylveon\n|move|p2a: Milotic|Protect|p2a: Milotic\n|-singleturn|p2a: Milotic|Protect\n|move|p1b: Rotom|Hydro Pump|p2b: Hippowdon|[miss]\n|-miss|p1b: Rotom|p2b: Hippowdon\n|move|p2b: Hippowdon|Earthquake|p1b: Rotom|[spread] p1a\n|-activate|p2a: Milotic|move: Protect\n|-immune|p1b: Rotom|[from] ability: Levitate\n|-damage|p1a: Sylveon|50/100\n|\n|-weather|Sandstorm|[upkeep]\n|-damage|p1b: Rotom|46/100|[from] Sandstorm\n|-damage|p2a: Milotic|69/100|[from] Sandstorm\n|-damage|p1a: Sylveon|44/100|[from] Sandstorm\n|-heal|p2a: Milotic|75/100|[from] item: Leftovers\n|-heal|p1a: Sylveon|50/100|[from] item: Leftovers\n|upkeep\n|turn|9\n|l| Jeanmixed\n|j| Jeanmixed\n|\n|t:|1776181265\n|move|p2a: Milotic|Protect||[still]\n|-fail|p2a: Milotic\n|move|p1b: Rotom|Hydro Pump|p2b: Hippowdon\n|-supereffective|p2b: Hippowdon|1\n|-damage|p2b: Hippowdon|0 fnt\n|faint|p2b: Hippowdon\n|move|p1a: Sylveon|Yawn|p1b: Rotom\n|-start|p1b: Rotom|move: Yawn|[of] p1a: Sylveon\n|\n|-weather|Sandstorm|[upkeep]\n|-damage|p1b: Rotom|41/100|[from] Sandstorm\n|-damage|p2a: Milotic|69/100|[from] Sandstorm\n|-damage|p1a: Sylveon|44/100|[from] Sandstorm\n|-heal|p2a: Milotic|75/100|[from] item: Leftovers\n|-heal|p1a: Sylveon|50/100|[from] item: Leftovers\n|upkeep\n|\n|t:|1776181273\n|switch|p2b: Corviknight|Corviknight, L50, M, shiny|30/100\n|turn|10\n|\n|t:|1776181283\n|switch|p2a: Excadrill|Excadrill, L50, F|26/100 brn\n|move|p1b: Rotom|Thunderbolt|p2b: Corviknight\n|-supereffective|p2b: Corviknight|1\n|-damage|p2b: Corviknight|0 fnt\n|faint|p2b: Corviknight\n|move|p1a: Sylveon|Hyper Voice|p2a: Excadrill\n|-resisted|p2a: Excadrill|1\n|-damage|p2a: Excadrill|0 fnt\n|faint|p2a: Excadrill\n|\n|-weather|Sandstorm|[upkeep]\n|-damage|p1b: Rotom|35/100|[from] Sandstorm\n|-damage|p1a: Sylveon|44/100|[from] Sandstorm\n|-heal|p1a: Sylveon|50/100|[from] item: Leftovers\n|-end|p1b: Rotom|move: Yawn|[silent]\n|-status|p1b: Rotom|slp\n|upkeep\n|\n|t:|1776181299\n|switch|p2a: Milotic|Milotic, L50, M, shiny|75/100\n|turn|11\n|\n|t:|1776181319\n|cant|p1b: Rotom|slp\n|move|p2a: Milotic|Ice Beam|p1b: Rotom\n|-resisted|p1b: Rotom|1\n|-crit|p1b: Rotom\n|-damage|p1b: Rotom|16/100 slp\n|move|p1a: Sylveon|Yawn|p2a: Milotic\n|-start|p2a: Milotic|move: Yawn|[of] p1a: Sylveon\n|\n|-weather|none\n|-heal|p2a: Milotic|81/100|[from] item: Leftovers\n|-heal|p1a: Sylveon|56/100|[from] item: Leftovers\n|upkeep\n|turn|12\n|\n|t:|1776181334\n|-curestatus|p1b: Rotom|slp|[msg]\n|move|p1b: Rotom|Thunderbolt|p2a: Milotic\n|-supereffective|p2a: Milotic|1\n|-damage|p2a: Milotic|30/100\n|move|p2a: Milotic|Ice Beam|p1b: Rotom\n|-resisted|p1b: Rotom|1\n|-damage|p1b: Rotom|4/100\n|move|p1a: Sylveon|Hyper Voice|p2a: Milotic\n|-damage|p2a: Milotic|2/100\n|\n|-heal|p2a: Milotic|8/100|[from] item: Leftovers\n|-heal|p1a: Sylveon|62/100|[from] item: Leftovers\n|-end|p2a: Milotic|move: Yawn|[silent]\n|-status|p2a: Milotic|slp\n|upkeep\n|turn|13\n|\n|t:|1776181343\n|cant|p2a: Milotic|slp\n|move|p1b: Rotom|Thunderbolt|p2a: Milotic\n|-supereffective|p2a: Milotic|1\n|-damage|p2a: Milotic|0 fnt\n|faint|p2a: Milotic\n|\n|win|mofriu4334\n|l|\u2606mofriu4334\n|player|p1|\n",
  "uploadtime": 1776181356,
  "views": 15,
  "formatid": "gen9championsvgc2026regma",
  "rating": null,
  "private": 0,
  "password": null
}