{
  "id": "gen9championsvgc2026regma-2583475343",
  "format": "[Gen 9 Champions] VGC 2026 Reg M-A",
  "players": [
    "cloudishh",
    "fetzmeruns"
  ],
  "log": "|j|\u2606cloudishh\n|j|\u2606fetzmeruns\n|t:|1776178020\n|gametype|doubles\n|player|p1|cloudishh|steven|1096\n|player|p2|fetzmeruns|265|1083\n|gen|9\n|tier|[Gen 9 Champions] VGC 2026 Reg M-A\n|rated|\n|rule|Species Clause: Limit one of each Pok\u00e9mon\n|rule|Item Clause: Limit 1 of each item\n|clearpoke\n|poke|p1|Goodra-Hisui, L50, M|\n|poke|p1|Farigiraf, L50, F|\n|poke|p1|Golurk, L50|\n|poke|p1|Sinistcha, L50|\n|poke|p1|Scizor, L50, M|\n|poke|p1|Incineroar, L50, F|\n|poke|p2|Drampa, L50, M|\n|poke|p2|Alakazam, L50, M|\n|poke|p2|Basculegion, L50, M|\n|poke|p2|Scizor, L50, F|\n|poke|p2|Sinistcha, L50|\n|poke|p2|Pelipper, L50, M|\n|teampreview|4\n|inactive|Battle timer is ON: inactive players will automatically lose when time's up. (requested by cloudishh)\n|inactive|cloudishh has 60 seconds left.\n|inactive|fetzmeruns has 60 seconds left.\n|\n|t:|1776178070\n|teamsize|p1|4\n|teamsize|p2|4\n|start\n|switch|p1a: Goodra|Goodra-Hisui, L50, M|100/100\n|switch|p1b: Farigiraf|Farigiraf, L50, F|100/100\n|switch|p2a: Drampa|Drampa, L50, M, shiny|100/100\n|switch|p2b: Alakazam|Alakazam, L50, M|100/100\n|turn|1\n|\n|t:|1776178085\n|move|p2a: Drampa|Protect|p2a: Drampa\n|-singleturn|p2a: Drampa|Protect\n|move|p2b: Alakazam|Light Screen|p2b: Alakazam\n|-sidestart|p2: fetzmeruns|move: Light Screen\n|move|p1b: Farigiraf|Dazzling Gleam|p2a: Drampa|[spread] p2b\n|-activate|p2a: Drampa|move: Protect\n|-damage|p2b: Alakazam|86/100\n|move|p1a: Goodra|Shelter|p1a: Goodra\n|-boost|p1a: Goodra|def|2\n|\n|upkeep\n|turn|2\n|\n|t:|1776178101\n|detailschange|p2a: Drampa|Drampa-Mega, L50, M, shiny\n|-mega|p2a: Drampa|Drampa|Drampanite\n|move|p2b: Alakazam|Speed Swap|p2a: Drampa\n|-activate|p2b: Alakazam|move: Speed Swap|[of] p2a: Drampa\n|move|p2a: Drampa|Calm Mind|p2a: Drampa\n|-boost|p2a: Drampa|spa|1\n|-boost|p2a: Drampa|spd|1\n|move|p1a: Goodra|Body Press|p2a: Drampa\n|-supereffective|p2a: Drampa|1\n|-damage|p2a: Drampa|21/100\n|-ability|p2a: Drampa|Berserk|boost\n|-boost|p2a: Drampa|spa|1\n|move|p1b: Farigiraf|Dazzling Gleam|p2a: Drampa|[spread] p2a,p2b\n|-supereffective|p2a: Drampa|1\n|-damage|p2a: Drampa|8/100\n|-damage|p2b: Alakazam|70/100\n|\n|upkeep\n|turn|3\n|\n|t:|1776178122\n|switch|p2b: Sinistcha|Sinistcha, L50|100/100\n|-heal|p2a: Drampa|33/100|[from] ability: Hospitality|[of] p2b: Sinistcha\n|move|p2a: Drampa|Earth Power|p1a: Goodra\n|-supereffective|p1a: Goodra|1\n|-damage|p1a: Goodra|1/100\n|move|p1a: Goodra|Body Press|p2a: Drampa\n|-supereffective|p2a: Drampa|1\n|-damage|p2a: Drampa|0 fnt\n|faint|p2a: Drampa\n|move|p1b: Farigiraf|Trick Room|p1b: Farigiraf\n|-fieldstart|move: Trick Room|[of] p1b: Farigiraf\n|\n|upkeep\n|c|\u2606fetzmeruns|noooo\n|c|\u2606fetzmeruns|man\n|c|\u2606fetzmeruns|1% fcking sucks\n|inactive|fetzmeruns has 30 seconds left.\n|c|\u2606cloudishh|world champ diff\n|\n|t:|1776178154\n|switch|p2a: Pelipper|Pelipper, L50, M|100/100\n|-weather|RainDance|[from] ability: Drizzle|[of] p2a: Pelipper\n|turn|4\n|c|\u2606cloudishh|make your own team lol\n|c|\u2606cloudishh|whatch this\n|\n|t:|1776178174\n|switch|p1b: Golurk|Golurk, L50, shiny|100/100\n|move|p1a: Goodra|Thunder|p2a: Pelipper\n|-supereffective|p2a: Pelipper|2\n|-damage|p2a: Pelipper|5/100\n|-status|p2a: Pelipper|par\n|move|p2a: Pelipper|Weather Ball|p1b: Golurk\n|-supereffective|p1b: Golurk|1\n|-damage|p1b: Golurk|0 fnt\n|faint|p1b: Golurk\n|move|p2b: Sinistcha|Matcha Gotcha|p1a: Goodra\n|-resisted|p1a: Goodra|2\n|-damage|p1a: Goodra|0 fnt\n|faint|p1a: Goodra\n|\n|-weather|RainDance|[upkeep]\n|upkeep\n|c|\u2606cloudishh|fuck\n|\n|t:|1776178188\n|switch|p1b: Farigiraf|Farigiraf, L50, F|100/100\n|switch|p1a: Sinistcha|Sinistcha, L50|100/100\n|turn|5\n|\n|t:|1776178204\n|move|p2a: Pelipper|Hurricane|p1a: Sinistcha\n|-supereffective|p1a: Sinistcha|1\n|-damage|p1a: Sinistcha|12/100\n|move|p1b: Farigiraf|Psychic|p2b: Sinistcha\n|-damage|p2b: Sinistcha|76/100\n|move|p1a: Sinistcha|Matcha Gotcha|p2a: Pelipper|[spread] p2a,p2b\n|-resisted|p2b: Sinistcha|1\n|-damage|p2a: Pelipper|0 fnt\n|-heal|p1a: Sinistcha|13/100|[from] drain|[of] p2a: Pelipper\n|-damage|p2b: Sinistcha|66/100\n|-heal|p1a: Sinistcha|18/100|[from] drain|[of] p2b: Sinistcha\n|faint|p2a: Pelipper\n|move|p2b: Sinistcha|Matcha Gotcha|p1a: Sinistcha|[spread] p1a,p1b\n|-resisted|p1a: Sinistcha|1\n|-damage|p1a: Sinistcha|4/100\n|-heal|p2b: Sinistcha|74/100|[from] drain|[of] p1a: Sinistcha\n|-damage|p1b: Farigiraf|79/100\n|-heal|p2b: Sinistcha|89/100|[from] drain|[of] p1b: Farigiraf\n|\n|-weather|RainDance|[upkeep]\n|-heal|p1a: Sinistcha|11/100|[from] item: Leftovers\n|-sideend|p2: fetzmeruns|move: Light Screen\n|upkeep\n|\n|t:|1776178210\n|switch|p2a: Alakazam|Alakazam, L50, M|70/100\n|turn|6\n|-message|cloudishh forfeited.\n|\n|win|fetzmeruns\n",
  "uploadtime": 1776178140,
  "views": 13,
  "formatid": "gen9championsvgc2026regma",
  "rating": null,
  "private": 0,
  "password": null
}