{
  "id": "gen9championsvgc2026regma-2588816327",
  "format": "[Gen 9 Champions] VGC 2026 Reg M-A",
  "players": [
    "zoidfarb",
    "Tamejo"
  ],
  "log": "|j|\u2606zoidfarb\n|j|\u2606Tamejo\n|t:|1776674382\n|gametype|doubles\n|player|p1|zoidfarb|102|1340\n|player|p2|Tamejo|caitlin|1439\n|gen|9\n|tier|[Gen 9 Champions] VGC 2026 Reg M-A\n|rated|\n|rule|Species Clause: Limit one of each Pok\u00e9mon\n|rule|Item Clause: Limit 1 of each item\n|clearpoke\n|poke|p1|Gengar, L50, M|\n|poke|p1|Sinistcha, L50|\n|poke|p1|Whimsicott, L50, M|\n|poke|p1|Volcarona, L50, M|\n|poke|p1|Rotom-Wash, L50|\n|poke|p1|Garchomp, L50, M|\n|poke|p2|Dragapult, L50, M|\n|poke|p2|Sylveon, L50, F|\n|poke|p2|Whimsicott, L50, F|\n|poke|p2|Glimmora, L50, F|\n|poke|p2|Charizard, L50, F|\n|poke|p2|Kingambit, L50, M|\n|teampreview|4\n|inactive|Battle timer is ON: inactive players will automatically lose when time's up. (requested by zoidfarb)\n|j| Azreal29\n|inactive|Tamejo has 60 seconds left.\n|\n|t:|1776674416\n|teamsize|p1|4\n|teamsize|p2|4\n|start\n|switch|p1a: Gengar|Gengar, L50, M|100/100\n|switch|p1b: Garchomp|Garchomp, L50, M|100/100\n|switch|p2a: Whimsicott|Whimsicott, L50, F|100/100\n|switch|p2b: Charizard|Charizard, L50, F|100/100\n|turn|1\n|\n|t:|1776674440\n|detailschange|p1a: Gengar|Gengar-Mega, L50, M\n|-mega|p1a: Gengar|Gengar|Gengarite\n|move|p2b: Charizard|Protect|p2b: Charizard\n|-singleturn|p2b: Charizard|Protect\n|move|p2a: Whimsicott|Tailwind|p2a: Whimsicott\n|-sidestart|p2: Tamejo|move: Tailwind\n|move|p1a: Gengar|Sludge Bomb|p2a: Whimsicott\n|-supereffective|p2a: Whimsicott|2\n|-enditem|p2a: Whimsicott|Focus Sash\n|-damage|p2a: Whimsicott|1/100\n|move|p1b: Garchomp|Rock Slide|p2a: Whimsicott|[spread] p2a\n|-activate|p2b: Charizard|move: Protect\n|-damage|p2a: Whimsicott|0 fnt\n|faint|p2a: Whimsicott\n|\n|upkeep\n|inactive|Tamejo has 30 seconds left.\n|inactive|Tamejo has 20 seconds left.\n|inactive|Tamejo has 15 seconds left.\n|\n|t:|1776674483\n|switch|p2a: Sylveon|Sylveon, L50, F|100/100\n|turn|2\n|\n|t:|1776674501\n|switch|p1b: Rotom|Rotom-Wash, L50|100/100\n|detailschange|p2b: Charizard|Charizard-Mega-Y, L50, F\n|-mega|p2b: Charizard|Charizard|Charizardite Y\n|-weather|SunnyDay|[from] ability: Drought|[of] p2b: Charizard\n|move|p1a: Gengar|Protect|p1a: Gengar\n|-singleturn|p1a: Gengar|Protect\n|move|p2b: Charizard|Weather Ball|p1a: Gengar\n|-activate|p1a: Gengar|move: Protect\n|move|p2a: Sylveon|Hyper Voice|p1b: Rotom|[spread] p1b\n|-activate|p1a: Gengar|move: Protect\n|-damage|p1b: Rotom|60/100\n|\n|-weather|SunnyDay|[upkeep]\n|upkeep\n|turn|3\n|\n|t:|1776674525\n|move|p2a: Sylveon|Protect|p2a: Sylveon\n|-singleturn|p2a: Sylveon|Protect\n|move|p2b: Charizard|Solar Beam||[still]\n|-prepare|p2b: Charizard|Solar Beam\n|-anim|p2b: Charizard|Solar Beam|p1b: Rotom\n|-supereffective|p1b: Rotom|1\n|-damage|p1b: Rotom|0 fnt\n|faint|p1b: Rotom\n|move|p1a: Gengar|Sludge Bomb|p2a: Sylveon\n|-activate|p2a: Sylveon|move: Protect\n|\n|-weather|SunnyDay|[upkeep]\n|upkeep\n|\n|t:|1776674531\n|switch|p1b: Whimsicott|Whimsicott, L50, M|100/100\n|turn|4\n|\n|t:|1776674548\n|move|p1a: Gengar|Protect|p1a: Gengar\n|-singleturn|p1a: Gengar|Protect\n|move|p1b: Whimsicott|Tailwind|p1b: Whimsicott\n|-sidestart|p1: zoidfarb|move: Tailwind\n|move|p2b: Charizard|Heat Wave|p1a: Gengar|[spread] p1b\n|-activate|p1a: Gengar|move: Protect\n|-supereffective|p1b: Whimsicott|1\n|-enditem|p1b: Whimsicott|Focus Sash\n|-damage|p1b: Whimsicott|1/100\n|move|p2a: Sylveon|Hyper Voice|p1a: Gengar|[spread] p1b\n|-activate|p1a: Gengar|move: Protect\n|-damage|p1b: Whimsicott|0 fnt\n|faint|p1b: Whimsicott\n|\n|-weather|SunnyDay|[upkeep]\n|-sideend|p2: Tamejo|move: Tailwind\n|upkeep\n|\n|t:|1776674555\n|switch|p1b: Garchomp|Garchomp, L50, M|100/100\n|turn|5\n|\n|t:|1776674564\n|move|p2b: Charizard|Protect|p2b: Charizard\n|-singleturn|p2b: Charizard|Protect\n|move|p2a: Sylveon|Protect|p2a: Sylveon\n|-singleturn|p2a: Sylveon|Protect\n|move|p1a: Gengar|Sludge Bomb|p2a: Sylveon\n|-activate|p2a: Sylveon|move: Protect\n|move|p1b: Garchomp|Rock Slide|p2b: Charizard|[spread] \n|-activate|p2a: Sylveon|move: Protect\n|-activate|p2b: Charizard|move: Protect\n|\n|-weather|SunnyDay|[upkeep]\n|upkeep\n|turn|6\n|inactive|Tamejo has 30 seconds left.\n|\n|t:|1776674596\n|move|p1a: Gengar|Sludge Bomb|p2a: Sylveon\n|-supereffective|p2a: Sylveon|1\n|-crit|p2a: Sylveon\n|-damage|p2a: Sylveon|0 fnt\n|faint|p2a: Sylveon\n|move|p1b: Garchomp|Rock Slide|p2b: Charizard\n|-supereffective|p2b: Charizard|2\n|-damage|p2b: Charizard|0 fnt\n|faint|p2b: Charizard\n|\n|-weather|none\n|upkeep\n|\n|t:|1776674602\n|switch|p2b: Dragapult|Dragapult, L50, M|100/100\n|turn|7\n|\n|t:|1776674608\n|move|p2b: Dragapult|Protect|p2b: Dragapult\n|-singleturn|p2b: Dragapult|Protect\n|move|p1a: Gengar|Shadow Ball|p2b: Dragapult\n|-activate|p2b: Dragapult|move: Protect\n|move|p1b: Garchomp|Breaking Swipe|p2b: Dragapult\n|-activate|p2b: Dragapult|move: Protect\n|\n|-sideend|p1: zoidfarb|move: Tailwind\n|upkeep\n|turn|8\n|\n|t:|1776674616\n|move|p2b: Dragapult|Phantom Force||[still]\n|-prepare|p2b: Dragapult|Phantom Force\n|move|p1a: Gengar|Shadow Ball|p2b: Dragapult|[miss]\n|-miss|p1a: Gengar|p2b: Dragapult\n|move|p1b: Garchomp|Breaking Swipe|p2b: Dragapult|[miss]\n|-miss|p1b: Garchomp|p2b: Dragapult\n|\n|upkeep\n|turn|9\n|\n|t:|1776674622\n|move|p2b: Dragapult|Phantom Force|p1a: Gengar|[from] lockedmove\n|-supereffective|p1a: Gengar|1\n|-damage|p1a: Gengar|0 fnt\n|faint|p1a: Gengar\n|move|p1b: Garchomp|Breaking Swipe|p2b: Dragapult\n|-supereffective|p2b: Dragapult|1\n|-damage|p2b: Dragapult|4/100\n|\n|upkeep\n|turn|10\n|\n|t:|1776674637\n|move|p2b: Dragapult|Protect|p2b: Dragapult\n|-singleturn|p2b: Dragapult|Protect\n|move|p1b: Garchomp|Breaking Swipe|p2b: Dragapult\n|-activate|p2b: Dragapult|move: Protect\n|\n|upkeep\n|turn|11\n|\n|t:|1776674641\n|move|p2b: Dragapult|Dragon Darts|p1b: Garchomp\n|-supereffective|p1b: Garchomp|1\n|-damage|p1b: Garchomp|54/100\n|-anim|p2b: Dragapult|Dragon Darts|p1b: Garchomp\n|-supereffective|p1b: Garchomp|1\n|-damage|p1b: Garchomp|3/100\n|move|p1b: Garchomp|Breaking Swipe|p2b: Dragapult\n|-supereffective|p2b: Dragapult|1\n|-damage|p2b: Dragapult|0 fnt\n|faint|p2b: Dragapult\n|\n|win|zoidfarb\n|raw|zoidfarb's rating: 1340 &rarr; <strong>1366</strong><br />(+26 for winning)\n|raw|Tamejo's rating: 1439 &rarr; <strong>1413</strong><br />(-26 for losing)\n",
  "uploadtime": 1776674651,
  "views": 9,
  "formatid": "gen9championsvgc2026regma",
  "rating": 1366,
  "private": 0,
  "password": null
}