{
  "id": "gen9championsvgc2026regma-2580408648",
  "format": "[Gen 9 Champions] VGC 2026 Reg M-A",
  "players": [
    "GoonTheGamer",
    "kokenosaurio"
  ],
  "log": "|j|\u2606GoonTheGamer\n|j|\u2606kokenosaurio\n|t:|1775892028\n|gametype|doubles\n|player|p1|GoonTheGamer|boarder|1102\n|player|p2|kokenosaurio|169|1000\n|gen|9\n|tier|[Gen 9 Champions] VGC 2026 Reg M-A\n|rated|\n|rule|Species Clause: Limit one of each Pok\u00e9mon\n|rule|Item Clause: Limit 1 of each item\n|clearpoke\n|poke|p1|Meowstic, L50, M|\n|poke|p1|Rotom-Mow, L50|\n|poke|p1|Incineroar, L50, F|\n|poke|p1|Primarina, L50, F|\n|poke|p1|Garchomp, L50, M|\n|poke|p1|Skarmory, L50, F|\n|poke|p2|Hawlucha, L50, M|\n|poke|p2|Sinistcha, L50|\n|poke|p2|Incineroar, L50, F|\n|poke|p2|Politoed, L50, M|\n|poke|p2|Dragonite, L50, M|\n|poke|p2|Vanilluxe, L50, F|\n|teampreview|4\n|\n|t:|1775892075\n|teamsize|p1|4\n|teamsize|p2|4\n|start\n|switch|p1a: Incineroar|Incineroar, L50, F|100/100\n|switch|p1b: Meowstic|Meowstic, L50, M|100/100\n|switch|p2a: Incineroar|Incineroar, L50, F|100/100\n|switch|p2b: Hawlucha|Hawlucha, L50, M, shiny|100/100\n|-ability|p2b: Hawlucha|Mold Breaker\n|-ability|p2a: Incineroar|Intimidate|boost\n|-unboost|p1a: Incineroar|atk|1\n|-unboost|p1b: Meowstic|atk|1\n|-ability|p1a: Incineroar|Intimidate|boost\n|-unboost|p2a: Incineroar|atk|1\n|-unboost|p2b: Hawlucha|atk|1\n|turn|1\n|\n|t:|1775892105\n|detailschange|p2b: Hawlucha|Hawlucha-Mega, L50, M, shiny\n|-mega|p2b: Hawlucha|Hawlucha|Hawluchanite\n|move|p2a: Incineroar|Fake Out|p1b: Meowstic\n|-damage|p1b: Meowstic|93/100\n|move|p1a: Incineroar|Fake Out|p2a: Incineroar\n|-damage|p2a: Incineroar|94/100\n|move|p2b: Hawlucha|Close Combat|p1a: Incineroar\n|-supereffective|p1a: Incineroar|1\n|-damage|p1a: Incineroar|26/100\n|-unboost|p2b: Hawlucha|def|1\n|-unboost|p2b: Hawlucha|spd|1\n|-enditem|p1a: Incineroar|Sitrus Berry|[eat]\n|-heal|p1a: Incineroar|51/100|[from] item: Sitrus Berry\n|cant|p1b: Meowstic|flinch\n|\n|upkeep\n|turn|2\n|\n|t:|1775892128\n|switch|p2a: Vanilluxe|Vanilluxe, L50, F|100/100\n|-weather|Snowscape|[from] ability: Snow Warning|[of] p2a: Vanilluxe\n|switch|p1a: Primarina|Primarina, L50, F|100/100\n|move|p2b: Hawlucha|Entrainment|p2a: Vanilluxe\n|-ability|p2a: Vanilluxe|No Guard|Snow Warning|[from] move: Entrainment|[of] p2b: Hawlucha\n|move|p1b: Meowstic|Trick Room|p1b: Meowstic\n|-fieldstart|move: Trick Room|[of] p1b: Meowstic\n|\n|-weather|Snowscape|[upkeep]\n|upkeep\n|turn|3\n|\n|t:|1775892146\n|switch|p2b: Incineroar|Incineroar, L50, F|94/100\n|-ability|p2b: Incineroar|Intimidate|boost\n|-unboost|p1a: Primarina|atk|1\n|-unboost|p1b: Meowstic|atk|1\n|move|p2a: Vanilluxe|Protect|p2a: Vanilluxe\n|-singleturn|p2a: Vanilluxe|Protect\n|move|p1a: Primarina|Hyper Voice|p2a: Vanilluxe|[spread] p2b\n|-activate|p2a: Vanilluxe|move: Protect\n|-supereffective|p2b: Incineroar|1\n|-damage|p2b: Incineroar|24/100\n|move|p1b: Meowstic|Psychic|p2a: Vanilluxe\n|-activate|p2a: Vanilluxe|move: Protect\n|\n|-weather|Snowscape|[upkeep]\n|upkeep\n|turn|4\n|\n|t:|1775892167\n|move|p1b: Meowstic|Protect|p1b: Meowstic\n|-singleturn|p1b: Meowstic|Protect\n|move|p1a: Primarina|Protect|p1a: Primarina\n|-singleturn|p1a: Primarina|Protect\n|move|p2b: Incineroar|Fake Out|p1a: Primarina\n|-activate|p1a: Primarina|move: Protect\n|move|p2a: Vanilluxe|Sheer Cold|p1a: Primarina\n|-activate|p1a: Primarina|move: Protect\n|\n|-weather|Snowscape|[upkeep]\n|upkeep\n|turn|5\n|\n|t:|1775892181\n|switch|p2b: Hawlucha|Hawlucha-Mega, L50, M, shiny|100/100\n|move|p2a: Vanilluxe|Protect|p2a: Vanilluxe\n|-singleturn|p2a: Vanilluxe|Protect\n|move|p1a: Primarina|Hyper Voice|p2b: Hawlucha|[spread] p2b\n|-activate|p2a: Vanilluxe|move: Protect\n|-damage|p2b: Hawlucha|46/100\n|move|p1b: Meowstic|Psychic|p2a: Vanilluxe\n|-activate|p2a: Vanilluxe|move: Protect\n|\n|-weather|Snowscape|[upkeep]\n|upkeep\n|turn|6\n|\n|t:|1775892219\n|switch|p2b: Incineroar|Incineroar, L50, F|24/100\n|-ability|p2b: Incineroar|Intimidate|boost\n|-unboost|p1a: Primarina|atk|1\n|-unboost|p1b: Meowstic|atk|1\n|move|p2a: Vanilluxe|Protect||[still]\n|-fail|p2a: Vanilluxe\n|move|p1a: Primarina|Hyper Voice|p2a: Vanilluxe|[spread] p2a,p2b\n|-supereffective|p2b: Incineroar|1\n|-damage|p2a: Vanilluxe|58/100\n|-damage|p2b: Incineroar|0 fnt\n|faint|p2b: Incineroar\n|move|p1b: Meowstic|Psychic|p2a: Vanilluxe\n|-damage|p2a: Vanilluxe|28/100\n|\n|-weather|none\n|-fieldend|move: Trick Room\n|upkeep\n|\n|t:|1775892238\n|switch|p2b: Hawlucha|Hawlucha-Mega, L50, M, shiny|46/100\n|turn|7\n|\n|t:|1775892252\n|move|p2b: Hawlucha|Taunt|p1b: Meowstic\n|-start|p1b: Meowstic|move: Taunt\n|move|p2a: Vanilluxe|Sheer Cold|p1a: Primarina\n|-damage|p1a: Primarina|0 fnt\n|faint|p1a: Primarina\n|-ohko\n|move|p1b: Meowstic|Psychic|p2b: Hawlucha\n|-supereffective|p2b: Hawlucha|1\n|-damage|p2b: Hawlucha|0 fnt\n|faint|p2b: Hawlucha\n|\n|upkeep\n|\n|t:|1775892264\n|switch|p2b: Sinistcha|Sinistcha, L50|100/100\n|switch|p1a: Skarmory|Skarmory, L50, F|100/100\n|-heal|p2a: Vanilluxe|53/100|[from] ability: Hospitality|[of] p2b: Sinistcha\n|turn|8\n|\n|t:|1775892278\n|switch|p1b: Incineroar|Incineroar, L50, F|51/100\n|-ability|p1b: Incineroar|Intimidate|boost\n|-unboost|p2a: Vanilluxe|atk|1\n|-unboost|p2b: Sinistcha|atk|1\n|detailschange|p1a: Skarmory|Skarmory-Mega, L50, F\n|-mega|p1a: Skarmory|Skarmory|Skarmorite\n|move|p2b: Sinistcha|Rage Powder|p2b: Sinistcha\n|-singleturn|p2b: Sinistcha|move: Rage Powder\n|move|p1a: Skarmory|Iron Head|p2a: Vanilluxe\n|-supereffective|p2a: Vanilluxe|1\n|-damage|p2a: Vanilluxe|0 fnt\n|faint|p2a: Vanilluxe\n|\n|upkeep\n|turn|9\n|\n|t:|1775892296\n|move|p1a: Skarmory|Brave Bird|p2b: Sinistcha\n|-supereffective|p2b: Sinistcha|1\n|-damage|p2b: Sinistcha|0 fnt\n|faint|p2b: Sinistcha\n|-damage|p1a: Skarmory|59/100|[from] Recoil\n|\n|win|GoonTheGamer\n|raw|GoonTheGamer's rating: 1102 &rarr; <strong>1120</strong><br />(+18 for winning)\n|raw|kokenosaurio's rating: 1000 &rarr; <strong>1000</strong><br />(+0 for losing)\n",
  "uploadtime": 1775892305,
  "views": 14,
  "formatid": "gen9championsvgc2026regma",
  "rating": 1000,
  "private": 0,
  "password": null
}