{
  "id": "gen9championsvgc2026regma-2586029076",
  "format": "[Gen 9 Champions] VGC 2026 Reg M-A",
  "players": [
    "salvakong",
    "NeatoIsNeat"
  ],
  "log": "|j|\u2606salvakong\n|j|\u2606NeatoIsNeat\n|t:|1776391775\n|gametype|doubles\n|player|p1|salvakong|hilbert|1092\n|player|p2|NeatoIsNeat|170|1077\n|gen|9\n|tier|[Gen 9 Champions] VGC 2026 Reg M-A\n|rated|\n|rule|Species Clause: Limit one of each Pok\u00e9mon\n|rule|Item Clause: Limit 1 of each item\n|clearpoke\n|poke|p1|Pelipper, L50, F|\n|poke|p1|Archaludon, L50, F|\n|poke|p1|Greninja-*, L50, F|\n|poke|p1|Incineroar, L50, F|\n|poke|p1|Milotic, L50, F|\n|poke|p1|Sinistcha, L50|\n|poke|p2|Garchomp, L50, M|\n|poke|p2|Orthworm, L50, F|\n|poke|p2|Incineroar, L50, M|\n|poke|p2|Floette-Eternal, L50, F|\n|poke|p2|Aerodactyl, L50, F|\n|poke|p2|Quaquaval, L50, M|\n|teampreview|4\n|inactive|Battle timer is ON: inactive players will automatically lose when time's up. (requested by NeatoIsNeat)\n|inactive|NeatoIsNeat has 60 seconds left.\n|\n|t:|1776391819\n|teamsize|p1|4\n|teamsize|p2|4\n|start\n|switch|p1a: Pelipper|Pelipper, L50, F|100/100\n|switch|p1b: Milotic|Milotic, L50, F|100/100\n|switch|p2a: Orthworm|Orthworm, L50, F|100/100\n|switch|p2b: Aerodactyl|Aerodactyl, L50, F|100/100\n|-ability|p2b: Aerodactyl|Unnerve\n|-weather|RainDance|[from] ability: Drizzle|[of] p1a: Pelipper\n|turn|1\n|\n|t:|1776391840\n|move|p2b: Aerodactyl|Tailwind|p2b: Aerodactyl\n|-sidestart|p2: NeatoIsNeat|move: Tailwind\n|move|p2a: Orthworm|Shed Tail|p2a: Orthworm\n|-start|p2a: Orthworm|Substitute|[from] move: Shed Tail\n|-damage|p2a: Orthworm|50/100\n|-enditem|p2a: Orthworm|Sitrus Berry|[eat]\n|-heal|p2a: Orthworm|75/100|[from] item: Sitrus Berry\n|\n|t:|1776391847\n|switch|p2a: Floette|Floette-Eternal, L50, F|100/100|[from] Shed Tail\n|move|p1b: Milotic|Scald|p2b: Aerodactyl\n|-supereffective|p2b: Aerodactyl|1\n|-enditem|p2b: Aerodactyl|Focus Sash\n|-damage|p2b: Aerodactyl|1/100\n|move|p1a: Pelipper|Tailwind|p1a: Pelipper\n|-sidestart|p1: salvakong|move: Tailwind\n|\n|-weather|RainDance|[upkeep]\n|upkeep\n|turn|2\n|inactive|salvakong has 30 seconds left.\n|\n|t:|1776391879\n|detailschange|p2a: Floette|Floette-Mega, L50, F\n|-mega|p2a: Floette|Floette|Floettite\n|-ability|p2a: Floette|Fairy Aura\n|move|p2b: Aerodactyl|Rock Slide|p1a: Pelipper|[spread] p1a,p1b\n|-supereffective|p1a: Pelipper|1\n|-damage|p1a: Pelipper|41/100\n|-damage|p1b: Milotic|81/100\n|move|p2a: Floette|Calm Mind|p2a: Floette\n|-boost|p2a: Floette|spa|1\n|-boost|p2a: Floette|spd|1\n|cant|p1b: Milotic|flinch\n|cant|p1a: Pelipper|flinch\n|\n|-weather|RainDance|[upkeep]\n|upkeep\n|turn|3\n|\n|t:|1776391896\n|move|p1a: Pelipper|Wide Guard|p1a: Pelipper\n|-singleturn|p1a: Pelipper|Wide Guard\n|move|p2b: Aerodactyl|Rock Slide|p1b: Milotic|[spread] \n|-activate|p1a: Pelipper|move: Wide Guard\n|-activate|p1b: Milotic|move: Wide Guard\n|move|p2a: Floette|Dazzling Gleam|p1a: Pelipper|[spread] \n|-activate|p1a: Pelipper|move: Wide Guard\n|-activate|p1b: Milotic|move: Wide Guard\n|move|p1b: Milotic|Alluring Voice|p2a: Floette\n|-damage|p2a: Floette|89/100\n|\n|-weather|RainDance|[upkeep]\n|upkeep\n|turn|4\n|inactive|salvakong has 30 seconds left.\n|inactive|salvakong has 20 seconds left.\n|\n|t:|1776391933\n|switch|p2b: Orthworm|Orthworm, L50, F|75/100\n|move|p1a: Pelipper|Wide Guard|p1a: Pelipper\n|-singleturn|p1a: Pelipper|Wide Guard\n|move|p2a: Floette|Moonblast|p1a: Pelipper\n|-damage|p1a: Pelipper|0 fnt\n|faint|p1a: Pelipper\n|move|p1b: Milotic|Alluring Voice|p2a: Floette\n|-crit|p2a: Floette\n|-damage|p2a: Floette|63/100\n|\n|-weather|RainDance|[upkeep]\n|-sideend|p2: NeatoIsNeat|move: Tailwind\n|-sideend|p1: salvakong|move: Tailwind\n|upkeep\n|\n|t:|1776391952\n|switch|p1a: Archaludon|Archaludon, L50, F|100/100\n|turn|5\n|inactive|salvakong has 30 seconds left.\n|\n|t:|1776391982\n|move|p2a: Floette|Moonblast|p1b: Milotic\n|-crit|p1b: Milotic\n|-damage|p1b: Milotic|0 fnt\n|faint|p1b: Milotic\n|move|p1a: Archaludon|Aura Sphere|p2b: Orthworm\n|-supereffective|p2b: Orthworm|1\n|-damage|p2b: Orthworm|11/100\n|move|p2b: Orthworm|Shed Tail|p2b: Orthworm\n|-fail|p2b: Orthworm|move: Shed Tail|[weak]\n|\n|-weather|none\n|upkeep\n|\n|t:|1776391991\n|switch|p1b: Greninja|Greninja, L50, F|100/100\n|turn|6\n|\n|t:|1776391999\n|move|p1b: Greninja|Protect|p1b: Greninja\n|-start|p1b: Greninja|typechange|Normal|[from] ability: Protean\n|-singleturn|p1b: Greninja|Protect\n|move|p2a: Floette|Dazzling Gleam|p1a: Archaludon|[spread] p1a\n|-activate|p1b: Greninja|move: Protect\n|-damage|p1a: Archaludon|4/100\n|-ability|p1a: Archaludon|Stamina|boost\n|-boost|p1a: Archaludon|def|1\n|move|p1a: Archaludon|Flash Cannon|p2a: Floette\n|-supereffective|p2a: Floette|1\n|-end|p2a: Floette|Substitute\n|move|p2b: Orthworm|Body Press|p1a: Archaludon\n|-supereffective|p1a: Archaludon|1\n|-damage|p1a: Archaludon|0 fnt\n|faint|p1a: Archaludon\n|\n|upkeep\n|turn|7\n|\n|t:|1776392022\n|detailschange|p1b: Greninja|Greninja-Mega, L50, F\n|-mega|p1b: Greninja|Greninja|Greninjite\n|move|p1b: Greninja|Hydro Pump|p2a: Floette\n|-start|p1b: Greninja|typechange|Water|[from] ability: Protean\n|-damage|p2a: Floette|38/100\n|move|p2a: Floette|Moonblast|p1b: Greninja\n|-damage|p1b: Greninja|0 fnt\n|faint|p1b: Greninja\n|\n|win|NeatoIsNeat\n|raw|salvakong's rating: 1092 &rarr; <strong>1067</strong><br />(-25 for losing)\n|raw|NeatoIsNeat's rating: 1077 &rarr; <strong>1107</strong><br />(+30 for winning)\n",
  "uploadtime": 1776392023,
  "views": 19,
  "formatid": "gen9championsvgc2026regma",
  "rating": 1067,
  "private": 0,
  "password": null
}