{
  "id": "gen9championsvgc2026regma-2587853158",
  "format": "[Gen 9 Champions] VGC 2026 Reg M-A",
  "players": [
    "Azreal29",
    "forak"
  ],
  "log": "|j|\u2606Azreal29\n|j|\u2606forak\n|t:|1776570808\n|gametype|doubles\n|player|p1|Azreal29|unknown|1210\n|player|p2|forak|266|1139\n|gen|9\n|tier|[Gen 9 Champions] VGC 2026 Reg M-A\n|rated|\n|rule|Species Clause: Limit one of each Pok\u00e9mon\n|rule|Item Clause: Limit 1 of each item\n|clearpoke\n|poke|p1|Scovillain, L50, M|\n|poke|p1|Sneasler, L50, M, shiny|\n|poke|p1|Primarina, L50, F|\n|poke|p1|Kingambit, L50, M|\n|poke|p1|Aerodactyl, L50, M|\n|poke|p1|Garchomp, L50, M|\n|poke|p2|Chesnaught, L50, M, shiny|\n|poke|p2|Farigiraf, L50, F|\n|poke|p2|Kangaskhan, L50, F|\n|poke|p2|Ampharos, L50, F|\n|poke|p2|Blastoise, L50, F|\n|poke|p2|Arcanine-Hisui, L50, F|\n|teampreview|4\n|inactive|Battle timer is ON: inactive players will automatically lose when time's up. (requested by Azreal29)\n|inactive|Azreal29 has 60 seconds left.\n|inactive|forak has 60 seconds left.\n|\n|t:|1776570863\n|teamsize|p1|4\n|teamsize|p2|4\n|start\n|switch|p1a: Scovillain|Scovillain, L50, M|100/100\n|switch|p1b: Primarina|Primarina, L50, F|100/100\n|switch|p2a: Farigiraf|Farigiraf, L50, F|100/100\n|switch|p2b: Kangaskhan|Kangaskhan, L50, F|100/100\n|turn|1\n|\n|t:|1776570880\n|move|p1a: Scovillain|Protect|p1a: Scovillain\n|-singleturn|p1a: Scovillain|Protect\n|move|p2b: Kangaskhan|Fake Out|p1b: Primarina\n|-damage|p1b: Primarina|74/100\n|cant|p1b: Primarina|flinch\n|move|p2a: Farigiraf|Trick Room|p2a: Farigiraf\n|-fieldstart|move: Trick Room|[of] p2a: Farigiraf\n|\n|-heal|p1b: Primarina|80/100|[from] item: Leftovers\n|-ability|p1a: Scovillain|Moody|boost\n|-boost|p1a: Scovillain|spd|2\n|-unboost|p1a: Scovillain|atk|1\n|upkeep\n|turn|2\n|\n|t:|1776570900\n|detailschange|p1a: Scovillain|Scovillain-Mega, L50, M\n|-mega|p1a: Scovillain|Scovillain|Scovillainite\n|move|p1b: Primarina|Protect|p1b: Primarina\n|-singleturn|p1b: Primarina|Protect\n|move|p2a: Farigiraf|Hyper Voice|p1b: Primarina|[spread] p1a\n|-activate|p1b: Primarina|move: Protect\n|-damage|p1a: Scovillain|85/100\n|-status|p2a: Farigiraf|brn|[from] ability: Spicy Spray|[of] p1a: Scovillain\n|move|p1a: Scovillain|Leech Seed|p2a: Farigiraf\n|-start|p2a: Farigiraf|move: Leech Seed\n|move|p2b: Kangaskhan|Double-Edge|p1a: Scovillain\n|-damage|p1a: Scovillain|22/100\n|-status|p2b: Kangaskhan|brn|[from] ability: Spicy Spray|[of] p1a: Scovillain\n|-damage|p2b: Kangaskhan|84/100 brn|[from] Recoil\n|\n|-heal|p1b: Primarina|86/100|[from] item: Leftovers\n|-damage|p2a: Farigiraf|88/100 brn|[from] Leech Seed|[of] p1a: Scovillain\n|-heal|p1a: Scovillain|38/100|[silent]\n|-damage|p2a: Farigiraf|82/100 brn|[from] brn\n|-damage|p2b: Kangaskhan|77/100 brn|[from] brn\n|upkeep\n|turn|3\n|inactive|forak has 30 seconds left.\n|\n|t:|1776570926\n|move|p2a: Farigiraf|Helping Hand|p2b: Kangaskhan\n|-singleturn|p2b: Kangaskhan|Helping Hand|[of] p2a: Farigiraf\n|move|p1a: Scovillain|Protect|p1a: Scovillain\n|-singleturn|p1a: Scovillain|Protect\n|move|p1b: Primarina|Calm Mind|p1b: Primarina\n|-boost|p1b: Primarina|spa|1\n|-boost|p1b: Primarina|spd|1\n|move|p2b: Kangaskhan|Double-Edge|p1b: Primarina\n|-damage|p1b: Primarina|32/100\n|-damage|p2b: Kangaskhan|61/100 brn|[from] Recoil\n|\n|-heal|p1b: Primarina|37/100|[from] item: Leftovers\n|-damage|p2a: Farigiraf|70/100 brn|[from] Leech Seed|[of] p1a: Scovillain\n|-heal|p1a: Scovillain|55/100|[silent]\n|-damage|p2a: Farigiraf|63/100 brn|[from] brn\n|-damage|p2b: Kangaskhan|55/100 brn|[from] brn\n|upkeep\n|turn|4\n|\n|t:|1776570950\n|move|p2a: Farigiraf|Helping Hand|p2b: Kangaskhan\n|-singleturn|p2b: Kangaskhan|Helping Hand|[of] p2a: Farigiraf\n|move|p1b: Primarina|Protect|p1b: Primarina\n|-singleturn|p1b: Primarina|Protect\n|move|p1a: Scovillain|Leech Seed|p2b: Kangaskhan\n|-start|p2b: Kangaskhan|move: Leech Seed\n|move|p2b: Kangaskhan|Double-Edge|p1a: Scovillain\n|-damage|p1a: Scovillain|2/100\n|-damage|p2b: Kangaskhan|41/100 brn|[from] Recoil\n|\n|-heal|p1b: Primarina|43/100|[from] item: Leftovers\n|-damage|p2a: Farigiraf|51/100 brn|[from] Leech Seed|[of] p1a: Scovillain\n|-heal|p1a: Scovillain|19/100|[silent]\n|-damage|p2b: Kangaskhan|29/100 brn|[from] Leech Seed|[of] p1a: Scovillain\n|-heal|p1a: Scovillain|34/100|[silent]\n|-damage|p2a: Farigiraf|45/100 brn|[from] brn\n|-damage|p2b: Kangaskhan|23/100 brn|[from] brn\n|upkeep\n|-enditem|p2a: Farigiraf|Sitrus Berry|[eat]\n|-heal|p2a: Farigiraf|70/100 brn|[from] item: Sitrus Berry\n|turn|5\n|inactive|forak has 30 seconds left.\n|inactive|forak has 20 seconds left.\n|inactive|forak has 15 seconds left.\n|inactive|forak has 10 seconds left.\n|\n|t:|1776570998\n|move|p2a: Farigiraf|Helping Hand|p2b: Kangaskhan\n|-singleturn|p2b: Kangaskhan|Helping Hand|[of] p2a: Farigiraf\n|move|p1a: Scovillain|Protect|p1a: Scovillain\n|-singleturn|p1a: Scovillain|Protect\n|move|p1b: Primarina|Hyper Voice|p2b: Kangaskhan|[spread] p2a,p2b\n|-damage|p2a: Farigiraf|16/100 brn\n|-damage|p2b: Kangaskhan|0 fnt\n|faint|p2b: Kangaskhan\n|\n|-heal|p1b: Primarina|49/100|[from] item: Leftovers\n|-damage|p2a: Farigiraf|4/100 brn|[from] Leech Seed|[of] p1a: Scovillain\n|-heal|p1a: Scovillain|50/100|[silent]\n|-damage|p2a: Farigiraf|0 fnt|[from] brn\n|faint|p2a: Farigiraf\n|-fieldend|move: Trick Room\n|upkeep\n|\n|t:|1776571014\n|switch|p2b: Ampharos|Ampharos, L50, F|100/100\n|switch|p2a: Arcanine|Arcanine-Hisui, L50, F|100/100\n|-ability|p2a: Arcanine|Intimidate|boost\n|-unboost|p1a: Scovillain|atk|1\n|-unboost|p1b: Primarina|atk|1\n|turn|6\n|inactive|forak has 30 seconds left.\n|inactive|forak has 20 seconds left.\n|inactive|forak has 15 seconds left.\n|\n|t:|1776571056\n|move|p1a: Scovillain|Rage Powder|p1a: Scovillain\n|-singleturn|p1a: Scovillain|move: Rage Powder\n|move|p2a: Arcanine|Rock Slide|p1b: Primarina|[spread] p1a,p1b\n|-supereffective|p1a: Scovillain|1\n|-damage|p1a: Scovillain|0 fnt\n|-damage|p1b: Primarina|14/100\n|-immune|p2a: Arcanine\n|faint|p1a: Scovillain\n|cant|p1b: Primarina|flinch\n|move|p2b: Ampharos|Thunderbolt|p1b: Primarina\n|-supereffective|p1b: Primarina|1\n|-damage|p1b: Primarina|0 fnt\n|faint|p1b: Primarina\n|\n|upkeep\n|\n|t:|1776571069\n|switch|p1a: Kingambit|Kingambit, L50, M|100/100\n|switch|p1b: Garchomp|Garchomp, L50, M|100/100\n|turn|7\n|inactive|Azreal29 has 30 seconds left.\n|inactive|forak has 30 seconds left.\n|\n|t:|1776571109\n|move|p2a: Arcanine|Protect|p2a: Arcanine\n|-singleturn|p2a: Arcanine|Protect\n|move|p2b: Ampharos|Protect|p2b: Ampharos\n|-singleturn|p2b: Ampharos|Protect\n|move|p1b: Garchomp|Stomping Tantrum|p2a: Arcanine\n|-activate|p2a: Arcanine|move: Protect\n|move|p1a: Kingambit|Swords Dance|p1a: Kingambit\n|-boost|p1a: Kingambit|atk|2\n|\n|upkeep\n|turn|8\n|inactive|forak has 30 seconds left.\n|\n|t:|1776571140\n|detailschange|p2b: Ampharos|Ampharos-Mega, L50, F\n|-mega|p2b: Ampharos|Ampharos|Ampharosite\n|-ability|p2b: Ampharos|Mold Breaker\n|move|p1a: Kingambit|Protect|p1a: Kingambit\n|-singleturn|p1a: Kingambit|Protect\n|move|p1b: Garchomp|Earthquake|p2b: Ampharos|[spread] p2a,p2b\n|-activate|p1a: Kingambit|move: Protect\n|-supereffective|p2a: Arcanine|2\n|-supereffective|p2b: Ampharos|1\n|-damage|p2a: Arcanine|0 fnt\n|-damage|p2b: Ampharos|32/100\n|faint|p2a: Arcanine\n|move|p2b: Ampharos|Dragon Pulse|p1b: Garchomp\n|-supereffective|p1b: Garchomp|1\n|-enditem|p1b: Garchomp|Haban Berry|[eat]\n|-enditem|p1b: Garchomp|Haban Berry|[weaken]\n|-damage|p1b: Garchomp|41/100\n|\n|upkeep\n|turn|9\n|c|\u2606Azreal29|foolish of you child\n|\n|t:|1776571162\n|move|p1b: Garchomp|Protect|p1b: Garchomp\n|-singleturn|p1b: Garchomp|Protect\n|move|p1a: Kingambit|Sucker Punch|p2b: Ampharos\n|-damage|p2b: Ampharos|0 fnt\n|faint|p2b: Ampharos\n|\n|win|Azreal29\n|raw|Azreal29's rating: 1210 &rarr; <strong>1230</strong><br />(+20 for winning)\n|raw|forak's rating: 1139 &rarr; <strong>1119</strong><br />(-20 for losing)\n",
  "uploadtime": 1776571175,
  "views": 11,
  "formatid": "gen9championsvgc2026regma",
  "rating": 1119,
  "private": 0,
  "password": null
}