{
  "id": "gen9championsvgc2026regma-2582562537",
  "format": "[Gen 9 Champions] VGC 2026 Reg M-A",
  "players": [
    "zNihon",
    "GiulyTheClockworko"
  ],
  "log": "|j|\u2606zNihon\n|j|\u2606GiulyTheClockworko\n|t:|1776099540\n|gametype|doubles\n|player|p1|zNihon|harlequin|1027\n|player|p2|GiulyTheClockworko|saturn|1041\n|gen|9\n|tier|[Gen 9 Champions] VGC 2026 Reg M-A\n|rated|\n|rule|Species Clause: Limit one of each Pok\u00e9mon\n|rule|Item Clause: Limit 1 of each item\n|clearpoke\n|poke|p1|Milotic, L50, F|\n|poke|p1|Incineroar, L50, F|\n|poke|p1|Froslass, L50, F|\n|poke|p1|Glaceon, L50, F|\n|poke|p1|Mudsdale, L50, F|\n|poke|p1|Sinistcha, L50|\n|poke|p2|Garchomp, L50, M|\n|poke|p2|Tyranitar, L50, F|\n|poke|p2|Incineroar, L50, M|\n|poke|p2|Sinistcha, L50|\n|poke|p2|Sneasler, L50, F|\n|poke|p2|Rotom-Wash, L50|\n|teampreview|4\n|\n|t:|1776099562\n|teamsize|p1|4\n|teamsize|p2|4\n|start\n|switch|p1a: Incineroar|Incineroar, L50, F|100/100\n|switch|p1b: Milotic|Milotic, L50, F|100/100\n|switch|p2a: Incineroar|Incineroar, L50, M, shiny|100/100\n|switch|p2b: Garchomp|Garchomp, L50, M|100/100\n|-ability|p2a: Incineroar|Intimidate|boost\n|-unboost|p1a: Incineroar|atk|1\n|-unboost|p1b: Milotic|atk|1\n|-ability|p1a: Incineroar|Intimidate|boost\n|-unboost|p2a: Incineroar|atk|1\n|-unboost|p2b: Garchomp|atk|1\n|turn|1\n|\n|t:|1776099586\n|move|p2a: Incineroar|Fake Out|p1b: Milotic\n|-damage|p1b: Milotic|93/100\n|move|p1a: Incineroar|Fake Out|p2a: Incineroar\n|-damage|p2a: Incineroar|93/100\n|move|p2b: Garchomp|Rock Slide|p1a: Incineroar|[spread] p1a,p1b\n|-supereffective|p1a: Incineroar|1\n|-damage|p1a: Incineroar|75/100\n|-damage|p1b: Milotic|78/100\n|cant|p1b: Milotic|flinch\n|\n|-heal|p1b: Milotic|84/100|[from] item: Leftovers\n|upkeep\n|turn|2\n|\n|t:|1776099615\n|move|p2b: Garchomp|Rock Slide|p1a: Incineroar|[spread] p1a,p1b\n|-supereffective|p1a: Incineroar|1\n|-crit|p1a: Incineroar\n|-damage|p1a: Incineroar|13/100\n|-damage|p1b: Milotic|70/100\n|-enditem|p1a: Incineroar|Sitrus Berry|[eat]\n|-heal|p1a: Incineroar|38/100|[from] item: Sitrus Berry\n|move|p2a: Incineroar|Parting Shot|p1a: Incineroar\n|-unboost|p1a: Incineroar|atk|1\n|-unboost|p1a: Incineroar|spa|1\n|\n|t:|1776099624\n|switch|p2a: Tyranitar|Tyranitar, L50, F, shiny|100/100|[from] Parting Shot\n|-weather|Sandstorm|[from] ability: Sand Stream|[of] p2a: Tyranitar\n|move|p1b: Milotic|Scald|p2b: Garchomp\n|-damage|p2b: Garchomp|71/100\n|move|p1a: Incineroar|Close Combat|p2a: Tyranitar\n|-supereffective|p2a: Tyranitar|2\n|-damage|p2a: Tyranitar|41/100\n|-unboost|p1a: Incineroar|def|1\n|-unboost|p1a: Incineroar|spd|1\n|\n|-weather|Sandstorm|[upkeep]\n|-damage|p1b: Milotic|64/100|[from] Sandstorm\n|-damage|p1a: Incineroar|32/100|[from] Sandstorm\n|-heal|p1b: Milotic|70/100|[from] item: Leftovers\n|upkeep\n|turn|3\n|\n|t:|1776099648\n|detailschange|p2a: Tyranitar|Tyranitar-Mega, L50, F, shiny\n|-mega|p2a: Tyranitar|Tyranitar|Tyranitarite\n|move|p2b: Garchomp|Rock Slide|p1a: Incineroar|[spread] p1a,p1b\n|-supereffective|p1a: Incineroar|1\n|-damage|p1a: Incineroar|0 fnt\n|-damage|p1b: Milotic|55/100\n|faint|p1a: Incineroar\n|cant|p1b: Milotic|flinch\n|move|p2a: Tyranitar|High Horsepower|p1b: Milotic\n|-damage|p1b: Milotic|17/100\n|\n|-weather|Sandstorm|[upkeep]\n|-damage|p1b: Milotic|11/100|[from] Sandstorm\n|-heal|p1b: Milotic|17/100|[from] item: Leftovers\n|upkeep\n|\n|t:|1776099660\n|switch|p1a: Froslass|Froslass, L50, F|100/100\n|turn|4\n|\n|t:|1776099674\n|switch|p2b: Incineroar|Incineroar, L50, M, shiny|93/100\n|-ability|p2b: Incineroar|Intimidate|boost\n|-unboost|p1a: Froslass|atk|1\n|-unboost|p1b: Milotic|atk|1\n|detailschange|p1a: Froslass|Froslass-Mega, L50, F\n|-mega|p1a: Froslass|Froslass|Froslassite\n|-weather|Snowscape|[from] ability: Snow Warning|[of] p1a: Froslass\n|move|p1a: Froslass|Protect|p1a: Froslass\n|-singleturn|p1a: Froslass|Protect\n|move|p1b: Milotic|Recover|p1b: Milotic\n|-heal|p1b: Milotic|67/100\n|move|p2a: Tyranitar|Rock Slide|p1b: Milotic|[spread] \n|-activate|p1a: Froslass|move: Protect\n|-miss|p2a: Tyranitar|p1b: Milotic\n|\n|-weather|Snowscape|[upkeep]\n|-heal|p1b: Milotic|73/100|[from] item: Leftovers\n|upkeep\n|turn|5\n|\n|t:|1776099698\n|move|p1a: Froslass|Draining Kiss|p2b: Incineroar\n|-damage|p2b: Incineroar|73/100\n|move|p2b: Incineroar|Flare Blitz|p1a: Froslass\n|-supereffective|p1a: Froslass|1\n|-damage|p1a: Froslass|0 fnt\n|faint|p1a: Froslass\n|-damage|p2b: Incineroar|45/100|[from] Recoil\n|move|p1b: Milotic|Scald|p2a: Tyranitar\n|-supereffective|p2a: Tyranitar|1\n|-damage|p2a: Tyranitar|2/100\n|-status|p2a: Tyranitar|brn\n|move|p2a: Tyranitar|Rock Slide|p1b: Milotic\n|-damage|p1b: Milotic|52/100\n|\n|-weather|Snowscape|[upkeep]\n|-heal|p1b: Milotic|58/100|[from] item: Leftovers\n|-damage|p2a: Tyranitar|0 fnt|[from] brn\n|faint|p2a: Tyranitar\n|upkeep\n|\n|t:|1776099716\n|switch|p1a: Glaceon|Glaceon, L50, F, shiny|100/100\n|switch|p2a: Garchomp|Garchomp, L50, M|71/100\n|turn|6\n|\n|t:|1776099729\n|move|p2a: Garchomp|Rock Slide|p1a: Glaceon|[spread] p1a,p1b\n|-supereffective|p1a: Glaceon|1\n|-crit|p1b: Milotic\n|-damage|p1a: Glaceon|68/100\n|-damage|p1b: Milotic|25/100\n|move|p2b: Incineroar|Flare Blitz|p1a: Glaceon\n|-supereffective|p1a: Glaceon|1\n|-damage|p1a: Glaceon|0 fnt\n|faint|p1a: Glaceon\n|-damage|p2b: Incineroar|26/100|[from] Recoil\n|move|p1b: Milotic|Recover|p1b: Milotic\n|-heal|p1b: Milotic|75/100\n|\n|-weather|Snowscape|[upkeep]\n|-heal|p1b: Milotic|81/100|[from] item: Leftovers\n|upkeep\n|turn|7\n|\n|t:|1776099753\n|move|p2a: Garchomp|Rock Slide|p1b: Milotic\n|-damage|p1b: Milotic|50/100\n|move|p2b: Incineroar|Parting Shot|p1b: Milotic\n|-unboost|p1b: Milotic|atk|1\n|-unboost|p1b: Milotic|spa|1\n|l|\u2606zNihon\n|player|p1|\n|\n|t:|1776099779\n|switch|p2b: Sinistcha|Sinistcha, L50|100/100|[from] Parting Shot\n|-heal|p2a: Garchomp|96/100|[from] ability: Hospitality|[of] p2b: Sinistcha\n|move|p1b: Milotic|Scald|p2b: Sinistcha\n|-resisted|p2b: Sinistcha|1\n|-damage|p2b: Sinistcha|91/100\n|-status|p2b: Sinistcha|brn\n|\n|-weather|Snowscape|[upkeep]\n|-heal|p2b: Sinistcha|97/100 brn|[from] item: Leftovers\n|-heal|p1b: Milotic|56/100|[from] item: Leftovers\n|-damage|p2b: Sinistcha|91/100 brn|[from] brn\n|upkeep\n|turn|8\n|inactive|Battle timer is ON: inactive players will automatically lose when time's up. (requested by GiulyTheClockworko)\n|inactive|zNihon has 30 seconds to reconnect!\n|inactive|zNihon has 20 seconds to reconnect!\n|inactive|zNihon has 15 seconds to reconnect!\n|inactive|zNihon has 10 seconds to reconnect!\n|inactive|zNihon has 5 seconds to reconnect!\n|-message|zNihon lost due to inactivity.\n|\n|win|GiulyTheClockworko\n|raw|zNihon's rating: 1027 &rarr; <strong>1014</strong><br />(-13 for losing)\n|raw|GiulyTheClockworko's rating: 1041 &rarr; <strong>1073</strong><br />(+32 for winning)\n",
  "uploadtime": 1776099899,
  "views": 10,
  "formatid": "gen9championsvgc2026regma",
  "rating": 1014,
  "private": 0,
  "password": null
}