{
  "id": "gen9championsvgc2026regma-2581824835",
  "format": "[Gen 9 Champions] VGC 2026 Reg M-A",
  "players": [
    "seroptien02",
    "PinkScourge"
  ],
  "log": "|j|\u2606seroptien02\n|j|\u2606PinkScourge\n|t:|1776031431\n|gametype|doubles\n|player|p1|seroptien02|lucas|1107\n|player|p2|PinkScourge|ortega|1189\n|gen|9\n|tier|[Gen 9 Champions] VGC 2026 Reg M-A\n|rated|\n|rule|Species Clause: Limit one of each Pok\u00e9mon\n|rule|Item Clause: Limit 1 of each item\n|clearpoke\n|poke|p1|Rotom-Wash, L50|\n|poke|p1|Incineroar, L50, M|\n|poke|p1|Sinistcha, L50|\n|poke|p1|Tyranitar, L50, F|\n|poke|p1|Floette-Eternal, L50, F|\n|poke|p1|Excadrill, L50, F|\n|poke|p2|Gengar, L50, M|\n|poke|p2|Crabominable, L50, F|\n|poke|p2|Sinistcha, L50|\n|poke|p2|Incineroar, L50, M|\n|poke|p2|Slowking-Galar, L50, F|\n|poke|p2|Primarina, L50, F|\n|teampreview|4\n|inactive|Battle timer is ON: inactive players will automatically lose when time's up. (requested by PinkScourge)\n|\n|t:|1776031456\n|teamsize|p1|4\n|teamsize|p2|4\n|start\n|switch|p1a: Tyranitar|Tyranitar, L50, F|100/100\n|switch|p1b: Excadrill|Excadrill, L50, F|100/100\n|switch|p2a: Incineroar|Incineroar, L50, M|100/100\n|switch|p2b: Slowking|Slowking-Galar, L50, F|100/100\n|-weather|Sandstorm|[from] ability: Sand Stream|[of] p1a: Tyranitar\n|-ability|p2a: Incineroar|Intimidate|boost\n|-unboost|p1a: Tyranitar|atk|1\n|-unboost|p1b: Excadrill|atk|1\n|-clearboost|p2a: Incineroar|[from] ability: Curious Medicine|[of] p2b: Slowking\n|turn|1\n|inactive|seroptien02 has 30 seconds left.\n|\n|t:|1776031483\n|switch|p1b: Rotom|Rotom-Wash, L50|100/100\n|move|p2a: Incineroar|Fake Out|p1b: Rotom\n|-damage|p1b: Rotom|90/100\n|move|p1a: Tyranitar|Knock Off|p2b: Slowking\n|-supereffective|p2b: Slowking|1\n|-enditem|p2b: Slowking|Colbur Berry|[eat]\n|-enditem|p2b: Slowking|Colbur Berry|[weaken]\n|-damage|p2b: Slowking|77/100\n|move|p2b: Slowking|Trick Room|p2b: Slowking\n|-fieldstart|move: Trick Room|[of] p2b: Slowking\n|\n|-weather|Sandstorm|[upkeep]\n|-damage|p2b: Slowking|71/100|[from] Sandstorm\n|-damage|p2a: Incineroar|94/100|[from] Sandstorm\n|-damage|p1b: Rotom|85/100|[from] Sandstorm\n|-heal|p1b: Rotom|90/100|[from] item: Leftovers\n|upkeep\n|turn|2\n|inactive|seroptien02 has 30 seconds left.\n|inactive|seroptien02 has 20 seconds left.\n|\n|t:|1776031519\n|move|p1a: Tyranitar|Protect|p1a: Tyranitar\n|-singleturn|p1a: Tyranitar|Protect\n|-prepare|p2b: Slowking|Chilly Reception|[premajor]\n|move|p2b: Slowking|Chilly Reception|p2b: Slowking\n|-weather|Snowscape\n|\n|t:|1776031528\n|switch|p2b: Sinistcha|Sinistcha, L50|100/100|[from] Chilly Reception\n|-heal|p2a: Incineroar|100/100|[from] ability: Hospitality|[of] p2b: Sinistcha\n|move|p2a: Incineroar|Parting Shot|p1b: Rotom\n|-unboost|p1b: Rotom|atk|1\n|-unboost|p1b: Rotom|spa|1\n|\n|t:|1776031534\n|switch|p2a: Crabominable|Crabominable, L50, F|100/100|[from] Parting Shot\n|move|p1b: Rotom|Thunderbolt|p2b: Sinistcha\n|-resisted|p2b: Sinistcha|1\n|-damage|p2b: Sinistcha|92/100\n|\n|-weather|Snowscape|[upkeep]\n|-heal|p1b: Rotom|96/100|[from] item: Leftovers\n|upkeep\n|turn|3\n|\n|t:|1776031552\n|switch|p1a: Sinistcha|Sinistcha, L50|100/100\n|-heal|p1b: Rotom|100/100|[from] ability: Hospitality|[of] p1a: Sinistcha\n|move|p2b: Sinistcha|Rage Powder|p2b: Sinistcha\n|-singleturn|p2b: Sinistcha|move: Rage Powder\n|move|p2a: Crabominable|Drain Punch|p1b: Rotom\n|-damage|p1b: Rotom|62/100\n|move|p1b: Rotom|Will-O-Wisp|p2b: Sinistcha\n|-status|p2b: Sinistcha|brn\n|\n|-weather|Snowscape|[upkeep]\n|-heal|p1b: Rotom|68/100|[from] item: Leftovers\n|-damage|p2b: Sinistcha|85/100 brn|[from] brn\n|upkeep\n|turn|4\n|\n|t:|1776031577\n|move|p2b: Sinistcha|Rage Powder|p2b: Sinistcha\n|-singleturn|p2b: Sinistcha|move: Rage Powder\n|move|p2a: Crabominable|Drain Punch|p1b: Rotom\n|-damage|p1b: Rotom|26/100\n|move|p1a: Sinistcha|Life Dew||[still]|[spread] p1a,p1b\n|-fail|p1a: Sinistcha|heal\n|-heal|p1b: Rotom|51/100\n|move|p1b: Rotom|Will-O-Wisp|p2b: Sinistcha\n|-fail|p2b: Sinistcha|brn\n|\n|-weather|Snowscape|[upkeep]\n|-heal|p1b: Rotom|57/100|[from] item: Leftovers\n|-damage|p2b: Sinistcha|79/100 brn|[from] brn\n|upkeep\n|turn|5\n|\n|t:|1776031600\n|detailschange|p2a: Crabominable|Crabominable-Mega, L50, F\n|-mega|p2a: Crabominable|Crabominable|Crabominite\n|move|p2b: Sinistcha|Rage Powder|p2b: Sinistcha\n|-singleturn|p2b: Sinistcha|move: Rage Powder\n|move|p2a: Crabominable|Ice Hammer|p1a: Sinistcha\n|-supereffective|p1a: Sinistcha|1\n|-damage|p1a: Sinistcha|0 fnt\n|-unboost|p2a: Crabominable|spe|1\n|faint|p1a: Sinistcha\n|move|p1b: Rotom|Thunderbolt|p2b: Sinistcha\n|-resisted|p2b: Sinistcha|1\n|-damage|p2b: Sinistcha|69/100 brn\n|\n|-weather|Snowscape|[upkeep]\n|-heal|p1b: Rotom|62/100|[from] item: Leftovers\n|-damage|p2b: Sinistcha|63/100 brn|[from] brn\n|-fieldend|move: Trick Room\n|upkeep\n|\n|t:|1776031614\n|switch|p1a: Tyranitar|Tyranitar, L50, F|100/100\n|-weather|Sandstorm|[from] ability: Sand Stream|[of] p1a: Tyranitar\n|turn|6\n|\n|t:|1776031630\n|detailschange|p1a: Tyranitar|Tyranitar-Mega, L50, F\n|-mega|p1a: Tyranitar|Tyranitar|Tyranitarite\n|move|p2b: Sinistcha|Rage Powder|p2b: Sinistcha\n|-singleturn|p2b: Sinistcha|move: Rage Powder\n|move|p1a: Tyranitar|Rock Slide|p2a: Crabominable|[spread] p2a,p2b\n|-damage|p2a: Crabominable|74/100\n|-damage|p2b: Sinistcha|29/100 brn\n|move|p1b: Rotom|Will-O-Wisp|p2b: Sinistcha|[miss]\n|-miss|p1b: Rotom|p2b: Sinistcha\n|move|p2a: Crabominable|Drain Punch|p1a: Tyranitar\n|-supereffective|p1a: Tyranitar|2\n|-damage|p1a: Tyranitar|0 fnt\n|-heal|p2a: Crabominable|100/100|[from] drain|[of] p1a: Tyranitar\n|faint|p1a: Tyranitar\n|\n|-weather|Sandstorm|[upkeep]\n|-damage|p1b: Rotom|57/100|[from] Sandstorm\n|-damage|p2b: Sinistcha|22/100 brn|[from] Sandstorm\n|-damage|p2a: Crabominable|95/100|[from] Sandstorm\n|-heal|p1b: Rotom|62/100|[from] item: Leftovers\n|-damage|p2b: Sinistcha|16/100 brn|[from] brn\n|upkeep\n|\n|t:|1776031641\n|switch|p1a: Excadrill|Excadrill, L50, F|100/100\n|turn|7\n|\n|t:|1776031654\n|switch|p2b: Incineroar|Incineroar, L50, M|100/100\n|-ability|p2b: Incineroar|Intimidate|boost\n|-unboost|p1a: Excadrill|atk|1\n|-unboost|p1b: Rotom|atk|1\n|move|p1a: Excadrill|Rock Slide|p2a: Crabominable|[spread] p2a,p2b\n|-supereffective|p2b: Incineroar|1\n|-damage|p2a: Crabominable|84/100\n|-damage|p2b: Incineroar|77/100\n|move|p1b: Rotom|Thunderbolt|p2a: Crabominable\n|-damage|p2a: Crabominable|66/100\n|move|p2a: Crabominable|Drain Punch|p1a: Excadrill\n|-supereffective|p1a: Excadrill|1\n|-enditem|p1a: Excadrill|Focus Sash\n|-damage|p1a: Excadrill|1/100\n|-heal|p2a: Crabominable|100/100|[from] drain|[of] p1a: Excadrill\n|\n|-weather|Sandstorm|[upkeep]\n|-damage|p1b: Rotom|57/100|[from] Sandstorm\n|-damage|p2b: Incineroar|71/100|[from] Sandstorm\n|-damage|p2a: Crabominable|95/100|[from] Sandstorm\n|-heal|p1b: Rotom|62/100|[from] item: Leftovers\n|upkeep\n|turn|8\n|\n|t:|1776031676\n|move|p2b: Incineroar|Fake Out|p1a: Excadrill\n|-resisted|p1a: Excadrill|1\n|-damage|p1a: Excadrill|0 fnt\n|faint|p1a: Excadrill\n|move|p1b: Rotom|Hydro Pump|p2b: Incineroar|[miss]\n|-miss|p1b: Rotom|p2b: Incineroar\n|move|p2a: Crabominable|Drain Punch|p1b: Rotom\n|-damage|p1b: Rotom|10/100\n|-heal|p2a: Crabominable|100/100|[from] drain|[of] p1b: Rotom\n|\n|-weather|Sandstorm|[upkeep]\n|-damage|p1b: Rotom|4/100|[from] Sandstorm\n|-damage|p2b: Incineroar|65/100|[from] Sandstorm\n|-damage|p2a: Crabominable|95/100|[from] Sandstorm\n|-heal|p1b: Rotom|10/100|[from] item: Leftovers\n|upkeep\n|turn|9\n|-message|seroptien02 forfeited.\n|\n|win|PinkScourge\n|raw|seroptien02's rating: 1107 &rarr; <strong>1088</strong><br />(-19 for losing)\n|raw|PinkScourge's rating: 1189 &rarr; <strong>1208</strong><br />(+19 for winning)\n|l|\u2606seroptien02\n|player|p1|\n",
  "uploadtime": 1776031684,
  "views": 10,
  "formatid": "gen9championsvgc2026regma",
  "rating": 1088,
  "private": 0,
  "password": null
}