{
  "id": "gen9championsvgc2026regma-2586849243",
  "format": "[Gen 9 Champions] VGC 2026 Reg M-A",
  "players": [
    "blue schucle",
    "tupac20"
  ],
  "log": "|j|\u2606blue schucle\n|j|\u2606tupac20\n|t:|1776465129\n|gametype|doubles\n|player|p1|blue schucle|lance|1131\n|player|p2|tupac20|2|1201\n|gen|9\n|tier|[Gen 9 Champions] VGC 2026 Reg M-A\n|rated|\n|rule|Species Clause: Limit one of each Pok\u00e9mon\n|rule|Item Clause: Limit 1 of each item\n|clearpoke\n|poke|p1|Sinistcha-Masterpiece, L50|\n|poke|p1|Aggron, L50, M|\n|poke|p1|Snorlax, L50, M|\n|poke|p1|Incineroar, L50, M|\n|poke|p1|Corviknight, L50, M|\n|poke|p1|Torkoal, L50, F|\n|poke|p2|Greninja-*, L50, F|\n|poke|p2|Aerodactyl, L50, M|\n|poke|p2|Espeon, L50, M|\n|poke|p2|Gyarados, L50, F|\n|poke|p2|Dragapult, L50, M|\n|poke|p2|Corviknight, L50, M|\n|teampreview|4\n|inactive|Battle timer is ON: inactive players will automatically lose when time's up. (requested by tupac20)\n|inactive|tupac20 has 60 seconds left.\n|inactive|tupac20 has 30 seconds left.\n|\n|t:|1776465198\n|teamsize|p1|4\n|teamsize|p2|4\n|start\n|switch|p1a: Montezuma|Snorlax, L50, M, shiny|100/100\n|switch|p1b: Midknight|Corviknight, L50, M|100/100\n|switch|p2a: Corviknight|Corviknight, L50, M|100/100\n|switch|p2b: Aerodactyl|Aerodactyl, L50, M|100/100\n|-ability|p2b: Aerodactyl|Unnerve\n|turn|1\n|\n|t:|1776465221\n|move|p2b: Aerodactyl|Taunt|p1a: Montezuma\n|-start|p1a: Montezuma|move: Taunt\n|move|p2a: Corviknight|Iron Defense|p2a: Corviknight\n|-boost|p2a: Corviknight|def|2\n|move|p1b: Midknight|Iron Defense|p1b: Midknight\n|-boost|p1b: Midknight|def|2\n|cant|p1a: Montezuma|move: Taunt|Curse\n|\n|upkeep\n|turn|2\n|inactive|blue schucle has 30 seconds left.\n|inactive|blue schucle has 20 seconds left.\n|inactive|blue schucle has 15 seconds left.\n|inactive|blue schucle has 10 seconds left.\n|inactive|blue schucle has 5 seconds left.\n|\n|t:|1776465275\n|move|p2b: Aerodactyl|Taunt|p1b: Midknight\n|-start|p1b: Midknight|move: Taunt\n|move|p2a: Corviknight|Iron Defense|p2a: Corviknight\n|-boost|p2a: Corviknight|def|2\n|move|p1b: Midknight|Body Press|p2b: Aerodactyl\n|-damage|p2b: Aerodactyl|35/100\n|move|p1a: Montezuma|Crunch|p2b: Aerodactyl\n|-damage|p2b: Aerodactyl|0 fnt\n|faint|p2b: Aerodactyl\n|\n|upkeep\n|\n|t:|1776465290\n|switch|p2b: Greninja|Greninja, L50, F|100/100\n|turn|3\n|inactive|blue schucle has 30 seconds left.\n|\n|t:|1776465325\n|move|p2b: Greninja|Shadow Sneak|p1b: Midknight\n|-start|p2b: Greninja|typechange|Ghost|[from] ability: Protean\n|-damage|p1b: Midknight|95/100\n|move|p2a: Corviknight|Body Press|p1b: Midknight\n|-damage|p1b: Midknight|76/100\n|move|p1b: Midknight|Body Press|p2a: Corviknight\n|-damage|p2a: Corviknight|87/100\n|move|p1a: Montezuma|Self-Destruct|p2b: Greninja|[spread] p1b,p2a\n|-immune|p2b: Greninja\n|-resisted|p1b: Midknight|1\n|-resisted|p2a: Corviknight|1\n|-damage|p1b: Midknight|63/100\n|-damage|p2a: Corviknight|75/100\n|faint|p1a: Montezuma\n|\n|-heal|p2a: Corviknight|81/100|[from] item: Leftovers\n|-heal|p1b: Midknight|69/100|[from] item: Leftovers\n|upkeep\n|\n|t:|1776465347\n|switch|p1a: Ch\u00e1-blau|Sinistcha-Masterpiece, L50|100/100\n|-heal|p1b: Midknight|94/100|[from] ability: Hospitality|[of] p1a: Ch\u00e1-blau\n|turn|4\n|\n|t:|1776465361\n|detailschange|p2b: Greninja|Greninja-Mega, L50, F\n|-mega|p2b: Greninja|Greninja|Greninjite\n|move|p2b: Greninja|Ice Punch|p1a: Ch\u00e1-blau\n|-start|p2b: Greninja|typechange|Ice|[from] ability: Protean\n|-supereffective|p1a: Ch\u00e1-blau|1\n|-damage|p1a: Ch\u00e1-blau|33/100\n|-status|p1a: Ch\u00e1-blau|frz\n|move|p2a: Corviknight|Iron Defense|p2a: Corviknight\n|-boost|p2a: Corviknight|def|2\n|move|p1b: Midknight|Brave Bird|p2b: Greninja\n|-damage|p2b: Greninja|41/100\n|-damage|p1b: Midknight|80/100|[from] Recoil\n|cant|p1a: Ch\u00e1-blau|frz\n|\n|-heal|p2a: Corviknight|87/100|[from] item: Leftovers\n|-heal|p1b: Midknight|85/100|[from] item: Leftovers\n|-end|p1b: Midknight|move: Taunt\n|upkeep\n|turn|5\n|inactive|tupac20 has 30 seconds left.\n|\n|t:|1776465392\n|move|p2b: Greninja|U-turn|p1a: Ch\u00e1-blau\n|-damage|p1a: Ch\u00e1-blau|12/100 frz\n|\n|t:|1776465394\n|switch|p2b: Espeon|Espeon, L50, M|100/100|[from] U-turn\n|move|p2a: Corviknight|Body Press|p1b: Midknight\n|-damage|p1b: Midknight|58/100\n|move|p1b: Midknight|Brave Bird|p2b: Espeon\n|-damage|p2b: Espeon|27/100\n|-damage|p1b: Midknight|41/100|[from] Recoil\n|-curestatus|p1a: Ch\u00e1-blau|frz|[msg]\n|move|p1a: Ch\u00e1-blau|Trick Room|p1a: Ch\u00e1-blau\n|-fieldstart|move: Trick Room|[of] p1a: Ch\u00e1-blau\n|\n|-heal|p1b: Midknight|47/100|[from] item: Leftovers\n|-heal|p2a: Corviknight|93/100|[from] item: Leftovers\n|upkeep\n|turn|6\n|inactive|blue schucle has 30 seconds left.\n|inactive|tupac20 has 30 seconds left.\n|inactive|blue schucle has 20 seconds left.\n|\n|t:|1776465433\n|switch|p1a: Tata|Torkoal, L50, F, shiny|100/100\n|-weather|SunnyDay|[from] ability: Drought|[of] p1a: Tata\n|switch|p2b: Greninja|Greninja-Mega, L50, F|41/100\n|move|p1b: Midknight|Body Press|p2b: Greninja\n|-supereffective|p2b: Greninja|1\n|-damage|p2b: Greninja|0 fnt\n|faint|p2b: Greninja\n|move|p2a: Corviknight|Body Press|p1b: Midknight\n|-damage|p1b: Midknight|23/100\n|\n|-weather|SunnyDay|[upkeep]\n|-heal|p1b: Midknight|29/100|[from] item: Leftovers\n|-heal|p2a: Corviknight|99/100|[from] item: Leftovers\n|upkeep\n|\n|t:|1776465443\n|switch|p2b: Espeon|Espeon, L50, M|27/100\n|turn|7\n|\n|t:|1776465457\n|move|p2a: Corviknight|Protect|p2a: Corviknight\n|-singleturn|p2a: Corviknight|Protect\n|move|p1a: Tata|Eruption|p2a: Corviknight|[spread] p2b\n|-activate|p2a: Corviknight|move: Protect\n|-damage|p2b: Espeon|0 fnt\n|faint|p2b: Espeon\n|move|p1b: Midknight|Iron Defense|p1b: Midknight\n|-boost|p1b: Midknight|def|2\n|\n|-weather|SunnyDay|[upkeep]\n|-heal|p1b: Midknight|35/100|[from] item: Leftovers\n|-heal|p2a: Corviknight|100/100|[from] item: Leftovers\n|upkeep\n|turn|8\n|-message|tupac20 forfeited.\n|\n|win|blue schucle\n|raw|blue schucle's rating: 1131 &rarr; <strong>1161</strong><br />(+30 for winning)\n|raw|tupac20's rating: 1201 &rarr; <strong>1171</strong><br />(-30 for losing)\n|l|\u2606tupac20\n|player|p2|\n",
  "uploadtime": 1776465472,
  "views": 25,
  "formatid": "gen9championsvgc2026regma",
  "rating": 1161,
  "private": 0,
  "password": null
}