{
  "id": "gen9championsvgc2026regma-2585776375",
  "format": "[Gen 9 Champions] VGC 2026 Reg M-A",
  "players": [
    "Ted76",
    "Jah_08"
  ],
  "log": "|j|\u2606Ted76\n|j|\u2606Jah_08\n|t:|1776369835\n|gametype|doubles\n|player|p1|Ted76|1|1353\n|player|p2|Jah_08|alder|1366\n|gen|9\n|tier|[Gen 9 Champions] VGC 2026 Reg M-A\n|rated|\n|rule|Species Clause: Limit one of each Pok\u00e9mon\n|rule|Item Clause: Limit 1 of each item\n|clearpoke\n|poke|p1|Zoroark-Hisui, L50, F|\n|poke|p1|Milotic, L50, M|\n|poke|p1|Sneasler, L50, F|\n|poke|p1|Aerodactyl, L50, M|\n|poke|p1|Meganium, L50, M|\n|poke|p1|Gengar, L50, M|\n|poke|p2|Excadrill, L50, M|\n|poke|p2|Whimsicott, L50, M|\n|poke|p2|Chandelure, L50, M|\n|poke|p2|Zoroark-Hisui, L50, M|\n|poke|p2|Basculegion, L50, M|\n|poke|p2|Hydreigon, L50, M|\n|teampreview|4\n|\n|t:|1776369871\n|teamsize|p1|4\n|teamsize|p2|4\n|start\n|switch|p1a: Meganium|Meganium, L50, M|100/100\n|switch|p1b: Aerodactyl|Aerodactyl, L50, M|100/100\n|switch|p2a: Basculegion|Basculegion, L50, M|100/100\n|switch|p2b: Chandelure|Chandelure, L50, M|100/100\n|-ability|p1b: Aerodactyl|Unnerve\n|turn|1\n|inactive|Battle timer is ON: inactive players will automatically lose when time's up. (requested by Ted76)\n|\n|t:|1776369887\n|move|p1b: Aerodactyl|Protect|p1b: Aerodactyl\n|-singleturn|p1b: Aerodactyl|Protect\n|move|p1a: Meganium|Protect|p1a: Meganium\n|-singleturn|p1a: Meganium|Protect\n|move|p2a: Basculegion|Flip Turn|p1b: Aerodactyl\n|-activate|p1b: Aerodactyl|move: Protect\n|move|p2b: Chandelure|Icy Wind|p1b: Aerodactyl|[spread] \n|-activate|p1a: Meganium|move: Protect\n|-activate|p1b: Aerodactyl|move: Protect\n|\n|upkeep\n|turn|2\n|\n|t:|1776369905\n|detailschange|p1a: Meganium|Meganium-Mega, L50, M\n|-mega|p1a: Meganium|Meganium|Meganiumite\n|move|p2a: Basculegion|Flip Turn|p1b: Aerodactyl\n|-supereffective|p1b: Aerodactyl|1\n|-enditem|p1b: Aerodactyl|Focus Sash\n|-damage|p1b: Aerodactyl|1/100\n|\n|t:|1776369919\n|switch|p2a: Whimsicott|Whimsicott, L50, M, shiny|100/100|[from] Flip Turn\n|move|p1b: Aerodactyl|Tailwind|p1b: Aerodactyl\n|-sidestart|p1: Ted76|move: Tailwind\n|move|p1a: Meganium|Solar Beam||[still]\n|-prepare|p1a: Meganium|Solar Beam\n|-activate|p1a: Meganium|ability: Mega Sol\n|-anim|p1a: Meganium|Solar Beam|p2a: Whimsicott\n|-resisted|p2a: Whimsicott|1\n|-damage|p2a: Whimsicott|51/100\n|move|p2b: Chandelure|Icy Wind|p1b: Aerodactyl|[spread] p1a,p1b\n|-supereffective|p1a: Meganium|1\n|-supereffective|p1b: Aerodactyl|1\n|-damage|p1a: Meganium|76/100\n|-damage|p1b: Aerodactyl|0 fnt\n|-unboost|p1a: Meganium|spe|1\n|faint|p1b: Aerodactyl\n|\n|upkeep\n|inactive|Ted76 has 30 seconds left.\n|\n|t:|1776369948\n|switch|p1b: Milotic|Milotic, L50, M|100/100\n|turn|3\n|\n|t:|1776369963\n|move|p2a: Whimsicott|Protect|p2a: Whimsicott\n|-singleturn|p2a: Whimsicott|Protect\n|move|p2b: Chandelure|Protect|p2b: Chandelure\n|-singleturn|p2b: Chandelure|Protect\n|move|p1b: Milotic|Scald|p2a: Whimsicott\n|-activate|p2a: Whimsicott|move: Protect\n|move|p1a: Meganium|Dazzling Gleam|p2a: Whimsicott|[spread] \n|-activate|p2a: Whimsicott|move: Protect\n|-activate|p2b: Chandelure|move: Protect\n|\n|upkeep\n|turn|4\n|\n|t:|1776369981\n|move|p2a: Whimsicott|Tailwind|p2a: Whimsicott\n|-sidestart|p2: Jah_08|move: Tailwind\n|move|p2b: Chandelure|Sludge Bomb|p1a: Meganium\n|-supereffective|p1a: Meganium|2\n|-damage|p1a: Meganium|0 fnt\n|faint|p1a: Meganium\n|move|p1b: Milotic|Scald|p2b: Chandelure\n|-damage|p2b: Chandelure|39/100\n|replace|p2b: Zoroark|Zoroark-Hisui, L50, M\n|-end|p2b: Zoroark|Illusion\n|\n|upkeep\n|\n|t:|1776369991\n|switch|p1a: Sneasler|Sneasler, L50, F|100/100\n|turn|5\n|\n|t:|1776370001\n|move|p2a: Whimsicott|Protect|p2a: Whimsicott\n|-singleturn|p2a: Whimsicott|Protect\n|move|p2b: Zoroark|Protect|p2b: Zoroark\n|-singleturn|p2b: Zoroark|Protect\n|move|p1a: Sneasler|Fake Out|p2a: Whimsicott\n|-activate|p2a: Whimsicott|move: Protect\n|move|p1b: Milotic|Scald|p2b: Zoroark\n|-activate|p2b: Zoroark|move: Protect\n|\n|-sideend|p1: Ted76|move: Tailwind\n|upkeep\n|turn|6\n|\n|t:|1776370026\n|move|p2a: Whimsicott|Encore|p1a: Sneasler\n|-start|p1a: Sneasler|Encore\n|move|p1a: Sneasler|Fake Out||[still]\n|-hint|Fake Out only works on your first turn out.\n|-fail|p1a: Sneasler\n|move|p2b: Zoroark|Sludge Bomb|p1b: Milotic\n|-damage|p1b: Milotic|78/100\n|-status|p1b: Milotic|psn\n|move|p1b: Milotic|Scald|p2b: Zoroark\n|-damage|p2b: Zoroark|0 fnt\n|faint|p2b: Zoroark\n|\n|-heal|p1b: Milotic|84/100 psn|[from] item: Leftovers\n|-damage|p1b: Milotic|71/100 psn|[from] psn\n|upkeep\n|inactive|Jah_08 has 30 seconds left.\n|\n|t:|1776370054\n|switch|p2b: Chandelure|Chandelure, L50, M|100/100\n|turn|7\n|\n|t:|1776370063\n|detailschange|p2b: Chandelure|Chandelure-Mega, L50, M\n|-mega|p2b: Chandelure|Chandelure|Chandelurite\n|move|p2a: Whimsicott|Moonblast|p1b: Milotic\n|-damage|p1b: Milotic|46/100 psn\n|-unboost|p1b: Milotic|spa|1\n|-ability|p1b: Milotic|Competitive|boost\n|-boost|p1b: Milotic|spa|2\n|move|p2b: Chandelure|Substitute|p2b: Chandelure\n|-start|p2b: Chandelure|Substitute\n|-damage|p2b: Chandelure|76/100\n|-activate|p1a: Sneasler|move: Struggle\n|move|p1a: Sneasler|Struggle|p2a: Whimsicott\n|-damage|p2a: Whimsicott|29/100\n|-damage|p1a: Sneasler|76/100|[from] recoil\n|move|p1b: Milotic|Scald|p2b: Chandelure\n|-supereffective|p2b: Chandelure|1\n|-end|p2b: Chandelure|Substitute\n|\n|-heal|p1b: Milotic|51/100 psn|[from] item: Leftovers\n|-damage|p1b: Milotic|39/100 psn|[from] psn\n|-sideend|p2: Jah_08|move: Tailwind\n|upkeep\n|turn|8\n|\n|t:|1776370088\n|-activate|p1a: Sneasler|move: Struggle\n|move|p1a: Sneasler|Struggle|p2b: Chandelure\n|-damage|p2b: Chandelure|58/100\n|-damage|p1a: Sneasler|51/100|[from] recoil\n|move|p2a: Whimsicott|Moonblast|p1b: Milotic\n|-damage|p1b: Milotic|14/100 psn\n|move|p1b: Milotic|Scald|p2b: Chandelure\n|-supereffective|p2b: Chandelure|1\n|-damage|p2b: Chandelure|0 fnt\n|faint|p2b: Chandelure\n|\n|-heal|p1b: Milotic|20/100 psn|[from] item: Leftovers\n|-damage|p1b: Milotic|7/100 psn|[from] psn\n|-end|p1a: Sneasler|Encore\n|upkeep\n|\n|t:|1776370106\n|switch|p2b: Basculegion|Basculegion, L50, M|100/100\n|turn|9\n|\n|t:|1776370112\n|move|p2a: Whimsicott|Tailwind|p2a: Whimsicott\n|-sidestart|p2: Jah_08|move: Tailwind\n|move|p2b: Basculegion|Last Respects|p1a: Sneasler\n|-damage|p1a: Sneasler|0 fnt\n|faint|p1a: Sneasler\n|move|p1b: Milotic|Recover|p1b: Milotic\n|-heal|p1b: Milotic|57/100 psn\n|\n|-heal|p1b: Milotic|63/100 psn|[from] item: Leftovers\n|-damage|p1b: Milotic|51/100 psn|[from] psn\n|upkeep\n|turn|10\n|\n|t:|1776370127\n|move|p2b: Basculegion|Last Respects|p1b: Milotic\n|-damage|p1b: Milotic|0 fnt\n|faint|p1b: Milotic\n|\n|win|Jah_08\n|raw|Ted76's rating: 1353 &rarr; <strong>1334</strong><br />(-19 for losing)\n|raw|Jah_08's rating: 1366 &rarr; <strong>1385</strong><br />(+19 for winning)\n|c|\u2606Jah_08|gg\n|c|\u2606Jah_08|well played\\\n",
  "uploadtime": 1776370140,
  "views": 27,
  "formatid": "gen9championsvgc2026regma",
  "rating": 1334,
  "private": 0,
  "password": null
}