{
  "id": "gen9championsvgc2026regma-2584749342",
  "format": "[Gen 9 Champions] VGC 2026 Reg M-A",
  "players": [
    "buglover9",
    "k1ngm3"
  ],
  "log": "|j|\u2606buglover9\n|j|\u2606k1ngm3\n|t:|1776280954\n|gametype|doubles\n|player|p1|buglover9|bugcatcher-gen4dp|1068\n|player|p2|k1ngm3|dragontamer|1020\n|gen|9\n|tier|[Gen 9 Champions] VGC 2026 Reg M-A\n|rated|\n|rule|Species Clause: Limit one of each Pok\u00e9mon\n|rule|Item Clause: Limit 1 of each item\n|clearpoke\n|poke|p1|Araquanid, L50, M|\n|poke|p1|Arcanine, L50, M|\n|poke|p1|Kommo-o, L50, M|\n|poke|p1|Kangaskhan, L50, F|\n|poke|p1|Sinistcha, L50|\n|poke|p1|Clefable, L50, M|\n|poke|p2|Espathra, L50, F|\n|poke|p2|Sneasler, L50, M|\n|poke|p2|Meganium, L50, M|\n|poke|p2|Typhlosion-Hisui, L50, F|\n|poke|p2|Aerodactyl, L50, F|\n|poke|p2|Quaquaval, L50, F|\n|teampreview|4\nbuglover9 rejected open team sheets.\n|inactive|Battle timer is ON: inactive players will automatically lose when time's up. (requested by buglover9)\n|\n|t:|1776281001\n|teamsize|p1|4\n|teamsize|p2|4\n|start\n|switch|p1a: Kangaskhan|Kangaskhan, L50, F|100/100\n|switch|p1b: Araquanid|Araquanid, L50, M|100/100\n|switch|p2a: Typhlosion|Typhlosion-Hisui, L50, F|100/100\n|switch|p2b: Sneasler|Sneasler, L50, M|100/100\n|turn|1\n|inactive|buglover9 has 30 seconds left.\n|\n|t:|1776281033\n|switch|p2a: Meganium|Meganium, L50, M|100/100\n|move|p1a: Kangaskhan|Fake Out|p2b: Sneasler\n|-damage|p2b: Sneasler|68/100\n|cant|p2b: Sneasler|flinch\n|move|p1b: Araquanid|Sticky Web|p2b: Sneasler\n|-sidestart|p2: k1ngm3|move: Sticky Web\n|\n|upkeep\n|turn|2\n|inactive|buglover9 has 30 seconds left.\n|\n|t:|1776281065\n|switch|p1a: Clefable|Clefable, L50, M|100/100\n|move|p2b: Sneasler|Protect|p2b: Sneasler\n|-singleturn|p2b: Sneasler|Protect\n|move|p2a: Meganium|Sunny Day|p2a: Meganium\n|-weather|SunnyDay\n|move|p1b: Araquanid|Liquidation|p2b: Sneasler\n|-activate|p2b: Sneasler|move: Protect\n|\n|-weather|SunnyDay|[upkeep]\n|upkeep\n|turn|3\n|inactive|k1ngm3 has 30 seconds left.\n|\n|t:|1776281094\n|detailschange|p2a: Meganium|Meganium-Mega, L50, M\n|-mega|p2a: Meganium|Meganium|Meganiumite\n|move|p2b: Sneasler|Dire Claw|p1b: Araquanid\n|-damage|p1b: Araquanid|59/100\n|-status|p1b: Araquanid|psn\n|move|p2a: Meganium|Giga Drain|p1b: Araquanid\n|-damage|p1b: Araquanid|28/100 psn\n|move|p1a: Clefable|Psychic|p2b: Sneasler\n|-supereffective|p2b: Sneasler|2\n|-damage|p2b: Sneasler|0 fnt\n|faint|p2b: Sneasler\n|move|p1b: Araquanid|Skitter Smack|p2a: Meganium\n|-damage|p2a: Meganium|81/100\n|-unboost|p2a: Meganium|spa|1\n|\n|-weather|SunnyDay|[upkeep]\n|-damage|p1b: Araquanid|16/100 psn|[from] psn\n|upkeep\n|\n|t:|1776281114\n|switch|p2b: Aerodactyl|Aerodactyl, L50, F|100/100\n|-ability|p2b: Aerodactyl|Unnerve\n|turn|4\n|inactive|k1ngm3 has 30 seconds left.\n|\n|t:|1776281147\n|move|p2b: Aerodactyl|Dual Wingbeat|p1b: Araquanid\n|-supereffective|p1b: Araquanid|1\n|-damage|p1b: Araquanid|0 fnt\n|faint|p1b: Araquanid\n|-hitcount|p1: Araquanid|1\n|move|p2a: Meganium|Dazzling Gleam|p1a: Clefable\n|-damage|p1a: Clefable|54/100\n|move|p1a: Clefable|Psychic|p2b: Aerodactyl\n|-damage|p2b: Aerodactyl|64/100\n|\n|-weather|SunnyDay|[upkeep]\n|upkeep\n|\n|t:|1776281162\n|switch|p1b: Kangaskhan|Kangaskhan, L50, F|100/100\n|turn|5\n|\n|t:|1776281187\n|detailschange|p1b: Kangaskhan|Kangaskhan-Mega, L50, F\n|-mega|p1b: Kangaskhan|Kangaskhan|Kangaskhanite\n|move|p2b: Aerodactyl|Protect|p2b: Aerodactyl\n|-singleturn|p2b: Aerodactyl|Protect\n|move|p1b: Kangaskhan|Fake Out|p2b: Aerodactyl\n|-activate|p2b: Aerodactyl|move: Protect\n|move|p2a: Meganium|Dazzling Gleam|p1b: Kangaskhan|[spread] p1a,p1b\n|-damage|p1a: Clefable|20/100\n|-damage|p1b: Kangaskhan|79/100\n|move|p1a: Clefable|Psychic|p2b: Aerodactyl\n|-activate|p2b: Aerodactyl|move: Protect\n|\n|-weather|SunnyDay|[upkeep]\n|upkeep\n|turn|6\n|inactive|k1ngm3 has 30 seconds left.\n|\n|t:|1776281218\n|move|p1a: Clefable|Helping Hand|p1b: Kangaskhan\n|-singleturn|p1b: Kangaskhan|Helping Hand|[of] p1a: Clefable\n|move|p2b: Aerodactyl|Rock Slide|p1b: Kangaskhan|[spread] p1a,p1b\n|-damage|p1a: Clefable|0 fnt\n|-damage|p1b: Kangaskhan|55/100\n|faint|p1a: Clefable\n|cant|p1b: Kangaskhan|flinch\n|move|p2a: Meganium|Giga Drain|p1b: Kangaskhan\n|-damage|p1b: Kangaskhan|30/100\n|-heal|p2a: Meganium|96/100|[from] drain|[of] p1b: Kangaskhan\n|\n|-weather|none\n|upkeep\n|n|!buglover9|buglover9\n|-message|buglover9 forfeited.\n|\n|win|k1ngm3\n",
  "uploadtime": 1776281228,
  "views": 13,
  "formatid": "gen9championsvgc2026regma",
  "rating": null,
  "private": 0,
  "password": null
}