{
  "id": "gen9championsvgc2026regma-2586014148",
  "format": "[Gen 9 Champions] VGC 2026 Reg M-A",
  "players": [
    "Kooky14",
    "AAACompanyBtw"
  ],
  "log": "|j|\u2606Kooky14\n|j|\u2606AAACompanyBtw\n|t:|1776390336\n|gametype|doubles\n|player|p1|Kooky14|teamrocket|1258\n|player|p2|AAACompanyBtw|265|1323\n|gen|9\n|tier|[Gen 9 Champions] VGC 2026 Reg M-A\n|rated|\n|rule|Species Clause: Limit one of each Pok\u00e9mon\n|rule|Item Clause: Limit 1 of each item\n|clearpoke\n|poke|p1|Sableye, L50, F|\n|poke|p1|Kingambit, L50, M|\n|poke|p1|Tyranitar, L50, F|\n|poke|p1|Volcarona, L50, M|\n|poke|p1|Sneasler, L50, M|\n|poke|p1|Rotom-Wash, L50|\n|poke|p2|Sinistcha, L50|\n|poke|p2|Pelipper, L50, M|\n|poke|p2|Rotom-Wash, L50|\n|poke|p2|Mamoswine, L50, M|\n|poke|p2|Orthworm, L50, F|\n|poke|p2|Dragonite, L50, M|\n|teampreview|4\n|\n|t:|1776390380\n|teamsize|p1|4\n|teamsize|p2|4\n|start\n|switch|p1a: Rotom|Rotom-Wash, L50|100/100\n|switch|p1b: Sneasler|Sneasler, L50, M|100/100\n|switch|p2a: Pelipper|Pelipper, L50, M|100/100\n|switch|p2b: Mamoswine|Mamoswine, L50, M|100/100\n|-weather|RainDance|[from] ability: Drizzle|[of] p2a: Pelipper\n|turn|1\n|inactive|Battle timer is ON: inactive players will automatically lose when time's up. (requested by AAACompanyBtw)\n|\n|t:|1776390396\n|switch|p2a: Rotom|Rotom-Wash, L50|100/100\n|move|p2b: Mamoswine|Protect|p2b: Mamoswine\n|-singleturn|p2b: Mamoswine|Protect\n|move|p1b: Sneasler|Fake Out|p2b: Mamoswine\n|-activate|p2b: Mamoswine|move: Protect\n|move|p1a: Rotom|Volt Switch|p2a: Rotom\n|-damage|p2a: Rotom|64/100\n|\n|t:|1776390412\n|switch|p1a: Kingambit|Kingambit, L50, M|100/100|[from] Volt Switch\n|\n|-weather|RainDance|[upkeep]\n|-heal|p2a: Rotom|70/100|[from] item: Leftovers\n|upkeep\n|turn|2\n|inactive|AAACompanyBtw has 30 seconds left.\n|\n|t:|1776390444\n|switch|p2b: Dragonite|Dragonite, L50, M|100/100\n|switch|p2a: Pelipper|Pelipper, L50, M|100/100\n|move|p1a: Kingambit|Sucker Punch||[still]\n|-fail|p1a: Kingambit\n|move|p1b: Sneasler|Close Combat|p2b: Dragonite\n|-resisted|p2b: Dragonite|1\n|-damage|p2b: Dragonite|65/100\n|-unboost|p1b: Sneasler|def|1\n|-unboost|p1b: Sneasler|spd|1\n|-enditem|p1b: Sneasler|White Herb\n|-clearnegativeboost|p1b: Sneasler|[silent]\n|\n|-weather|RainDance|[upkeep]\n|upkeep\n|turn|3\n|inactive|Kooky14 has 30 seconds left.\n|\n|t:|1776390478\n|detailschange|p2b: Dragonite|Dragonite-Mega, L50, M\n|-mega|p2b: Dragonite|Dragonite|Dragoninite\n|move|p1b: Sneasler|Dire Claw|p2b: Dragonite\n|-damage|p2b: Dragonite|29/100\n|move|p2a: Pelipper|Tailwind|p2a: Pelipper\n|-sidestart|p2: AAACompanyBtw|move: Tailwind\n|move|p2b: Dragonite|Hurricane|p1b: Sneasler\n|-supereffective|p1b: Sneasler|1\n|-damage|p1b: Sneasler|0 fnt\n|faint|p1b: Sneasler\n|move|p1a: Kingambit|Swords Dance|p1a: Kingambit\n|-boost|p1a: Kingambit|atk|2\n|\n|-weather|RainDance|[upkeep]\n|upkeep\n|\n|t:|1776390485\n|switch|p1b: Rotom|Rotom-Wash, L50|100/100\n|turn|4\n|\n|t:|1776390497\n|switch|p2a: Rotom|Rotom-Wash, L50|70/100\n|move|p2b: Dragonite|Protect|p2b: Dragonite\n|-singleturn|p2b: Dragonite|Protect\n|move|p1a: Kingambit|Sucker Punch||[still]\n|-fail|p1a: Kingambit\n|move|p1b: Rotom|Hydro Pump|p2a: Rotom\n|-resisted|p2a: Rotom|1\n|-damage|p2a: Rotom|32/100\n|\n|-weather|RainDance|[upkeep]\n|-heal|p2a: Rotom|38/100|[from] item: Leftovers\n|upkeep\n|turn|5\n|\n|t:|1776390506\n|switch|p2b: Pelipper|Pelipper, L50, M|100/100\n|move|p1b: Rotom|Hydro Pump|p2a: Rotom\n|-resisted|p2a: Rotom|1\n|-damage|p2a: Rotom|0 fnt\n|faint|p2a: Rotom\n|move|p1a: Kingambit|Iron Head|p2b: Pelipper\n|-resisted|p2b: Pelipper|1\n|-damage|p2b: Pelipper|36/100\n|\n|-weather|none\n|upkeep\n|\n|t:|1776390515\n|switch|p2a: Mamoswine|Mamoswine, L50, M|100/100\n|turn|6\n|\n|t:|1776390530\n|switch|p2b: Dragonite|Dragonite-Mega, L50, M|29/100\n|move|p2a: Mamoswine|Earthquake|p1b: Rotom|[spread] p1a\n|-immune|p2b: Dragonite\n|-immune|p1b: Rotom|[from] ability: Levitate\n|-supereffective|p1a: Kingambit|1\n|-crit|p1a: Kingambit\n|-damage|p1a: Kingambit|1/100\n|move|p1b: Rotom|Hydro Pump|p2a: Mamoswine\n|-supereffective|p2a: Mamoswine|1\n|-enditem|p2a: Mamoswine|Focus Sash\n|-damage|p2a: Mamoswine|1/100\n|move|p1a: Kingambit|Iron Head|p2b: Dragonite\n|-damage|p2b: Dragonite|0 fnt\n|faint|p2b: Dragonite\n|\n|-sideend|p2: AAACompanyBtw|move: Tailwind\n|upkeep\n|\n|t:|1776390543\n|switch|p2b: Pelipper|Pelipper, L50, M|36/100\n|-weather|RainDance|[from] ability: Drizzle|[of] p2b: Pelipper\n|turn|7\n|\n|t:|1776390551\n|switch|p1a: Tyranitar|Tyranitar, L50, F|100/100\n|-weather|Sandstorm|[from] ability: Sand Stream|[of] p1a: Tyranitar\n|move|p2a: Mamoswine|Ice Shard|p1a: Tyranitar\n|-damage|p1a: Tyranitar|80/100\n|move|p1b: Rotom|Hydro Pump|p2a: Mamoswine|[miss]\n|-miss|p1b: Rotom|p2a: Mamoswine\n|move|p2b: Pelipper|Muddy Water|p1b: Rotom|[spread] p1a,p1b\n|-supereffective|p1a: Tyranitar|1\n|-resisted|p1b: Rotom|1\n|-damage|p1a: Tyranitar|47/100\n|-damage|p1b: Rotom|82/100\n|-unboost|p1a: Tyranitar|accuracy|1\n|-unboost|p1b: Rotom|accuracy|1\n|\n|-weather|Sandstorm|[upkeep]\n|-damage|p1b: Rotom|76/100|[from] Sandstorm\n|-damage|p2b: Pelipper|30/100|[from] Sandstorm\n|upkeep\n|turn|8\n|\n|t:|1776390562\n|move|p1b: Rotom|Hydro Pump|p2b: Pelipper\n|-resisted|p2b: Pelipper|1\n|-damage|p2b: Pelipper|0 fnt\n|faint|p2b: Pelipper\n|move|p2a: Mamoswine|Earthquake|p1b: Rotom|[spread] p1a\n|-immune|p1b: Rotom|[from] ability: Levitate\n|-supereffective|p1a: Tyranitar|1\n|-damage|p1a: Tyranitar|0 fnt\n|faint|p1a: Tyranitar\n|\n|-weather|Sandstorm|[upkeep]\n|-damage|p1b: Rotom|71/100|[from] Sandstorm\n|upkeep\n|\n|t:|1776390568\n|switch|p1a: Kingambit|Kingambit, L50, M|1/100\n|turn|9\n|\n|t:|1776390572\n|move|p2a: Mamoswine|Ice Shard|p1a: Kingambit\n|-resisted|p1a: Kingambit|1\n|-damage|p1a: Kingambit|0 fnt\n|faint|p1a: Kingambit\n|move|p1b: Rotom|Hydro Pump|p2a: Mamoswine|[miss]\n|-miss|p1b: Rotom|p2a: Mamoswine\n|\n|-weather|Sandstorm|[upkeep]\n|-damage|p1b: Rotom|65/100|[from] Sandstorm\n|upkeep\n|turn|10\n|\n|t:|1776390576\n|move|p1b: Rotom|Hydro Pump|p2a: Mamoswine|[miss]\n|-miss|p1b: Rotom|p2a: Mamoswine\n|move|p2a: Mamoswine|Icicle Crash|p1b: Rotom\n|-resisted|p1b: Rotom|1\n|-damage|p1b: Rotom|32/100\n|\n|-weather|Sandstorm|[upkeep]\n|-damage|p1b: Rotom|26/100|[from] Sandstorm\n|upkeep\n|turn|11\n|\n|t:|1776390586\n|move|p1b: Rotom|Hydro Pump|p2a: Mamoswine|[miss]\n|-miss|p1b: Rotom|p2a: Mamoswine\n|move|p2a: Mamoswine|Icicle Crash|p1b: Rotom\n|-resisted|p1b: Rotom|1\n|-damage|p1b: Rotom|0 fnt\n|faint|p1b: Rotom\n|\n|win|AAACompanyBtw\n|raw|Kooky14's rating: 1258 &rarr; <strong>1238</strong><br />(-20 for losing)\n|raw|AAACompanyBtw's rating: 1323 &rarr; <strong>1339</strong><br />(+16 for winning)\n|l|\u2606Kooky14\n|player|p1|\n",
  "uploadtime": 1776390595,
  "views": 38,
  "formatid": "gen9championsvgc2026regma",
  "rating": 1238,
  "private": 0,
  "password": null
}