{
  "id": "gen9championsvgc2026regma-2587610105",
  "format": "[Gen 9 Champions] VGC 2026 Reg M-A",
  "players": [
    "appatheboppa",
    "masaru23"
  ],
  "log": "|j|\u2606appatheboppa\n|j|\u2606masaru23\n|t:|1776546726\n|gametype|doubles\n|player|p1|appatheboppa|rocketgrunt|1151\n|player|p2|masaru23|170|1153\n|gen|9\n|tier|[Gen 9 Champions] VGC 2026 Reg M-A\n|rated|\n|rule|Species Clause: Limit one of each Pok\u00e9mon\n|rule|Item Clause: Limit 1 of each item\n|clearpoke\n|poke|p1|Blastoise, L50, M|\n|poke|p1|Talonflame, L50, M, shiny|\n|poke|p1|Garchomp, L50, F|\n|poke|p1|Sinistcha, L50, shiny|\n|poke|p1|Sylveon, L50, F, shiny|\n|poke|p1|Kingambit, L50, M, shiny|\n|poke|p2|Froslass, L50, F|\n|poke|p2|Aerodactyl, L50, M|\n|poke|p2|Garchomp, L50, M|\n|poke|p2|Sneasler, L50, F|\n|poke|p2|Rotom-Wash, L50|\n|poke|p2|Kingambit, L50, M|\n|teampreview|4\n|inactive|Battle timer is ON: inactive players will automatically lose when time's up. (requested by masaru23)\n|\n|t:|1776546757\n|teamsize|p1|4\n|teamsize|p2|4\n|start\n|switch|p1a: Blastoise|Blastoise, L50, M|100/100\n|switch|p1b: Talonflame|Talonflame, L50, M, shiny|100/100\n|switch|p2a: Rotom|Rotom-Wash, L50|100/100\n|switch|p2b: Froslass|Froslass, L50, F|100/100\n|turn|1\n|c|\u2606appatheboppa|glhf\n|\n|t:|1776546776\n|detailschange|p2b: Froslass|Froslass-Mega, L50, F\n|-mega|p2b: Froslass|Froslass|Froslassite\n|-weather|Snowscape|[from] ability: Snow Warning|[of] p2b: Froslass\n|detailschange|p1a: Blastoise|Blastoise-Mega, L50, M\n|-mega|p1a: Blastoise|Blastoise|Blastoisinite\n|move|p2b: Froslass|Protect|p2b: Froslass\n|-singleturn|p2b: Froslass|Protect\n|move|p2a: Rotom|Thunderbolt|p1b: Talonflame\n|-supereffective|p1b: Talonflame|1\n|-enditem|p1b: Talonflame|Focus Sash\n|-damage|p1b: Talonflame|1/100\n|move|p1b: Talonflame|Rain Dance|p1b: Talonflame\n|-weather|RainDance\n|move|p1a: Blastoise|Water Spout|p2b: Froslass|[spread] p2a\n|-activate|p2b: Froslass|move: Protect\n|-resisted|p2a: Rotom|1\n|-damage|p2a: Rotom|35/100\n|\n|-weather|RainDance|[upkeep]\n|upkeep\n|turn|2\n|inactive|masaru23 has 30 seconds left.\n|inactive|masaru23 has 20 seconds left.\n|inactive|masaru23 has 15 seconds left.\n|inactive|masaru23 has 10 seconds left.\n|\n|t:|1776546825\n|move|p2a: Rotom|Thunderbolt|p1a: Blastoise\n|-supereffective|p1a: Blastoise|1\n|-crit|p1a: Blastoise\n|-damage|p1a: Blastoise|0 fnt\n|faint|p1a: Blastoise\n|move|p1b: Talonflame|Flamethrower|p2b: Froslass\n|-supereffective|p2b: Froslass|1\n|-damage|p2b: Froslass|70/100\n|move|p2b: Froslass|Aurora Veil||[still]\n|-fail|p2b: Froslass\n|\n|-weather|RainDance|[upkeep]\n|upkeep\n|\n|t:|1776546845\n|switch|p1a: Sylveon|Sylveon, L50, F, shiny|100/100\n|turn|3\n|\n|t:|1776546860\n|switch|p2b: Kingambit|Kingambit, L50, M|100/100\n|move|p2a: Rotom|Thunderbolt|p1b: Talonflame\n|-supereffective|p1b: Talonflame|1\n|-damage|p1b: Talonflame|0 fnt\n|faint|p1b: Talonflame\n|move|p1a: Sylveon|Mystical Fire|p2b: Kingambit\n|-supereffective|p2b: Kingambit|1\n|-damage|p2b: Kingambit|77/100\n|-unboost|p2b: Kingambit|spa|1\n|-ability|p2b: Kingambit|Defiant|boost\n|-boost|p2b: Kingambit|atk|2\n|\n|-weather|RainDance|[upkeep]\n|upkeep\n|\n|t:|1776546872\n|switch|p1b: Garchomp|Garchomp, L50, F|100/100\n|turn|4\n|inactive|masaru23 has 30 seconds left.\n|-activate|p1a: Sylveon|item: Quick Claw\n|\n|t:|1776546902\n|move|p1a: Sylveon|Protect|p1a: Sylveon\n|-singleturn|p1a: Sylveon|Protect\n|move|p2b: Kingambit|Protect|p2b: Kingambit\n|-singleturn|p2b: Kingambit|Protect\n|move|p2a: Rotom|Thunderbolt|p1a: Sylveon\n|-activate|p1a: Sylveon|move: Protect\n|move|p1b: Garchomp|Earthquake|p2a: Rotom|[spread] \n|-activate|p1a: Sylveon|move: Protect\n|-activate|p2b: Kingambit|move: Protect\n|-immune|p2a: Rotom|[from] ability: Levitate\n|\n|-weather|RainDance|[upkeep]\n|upkeep\n|turn|5\n|\n|t:|1776546926\n|move|p2b: Kingambit|Sucker Punch|p1b: Garchomp\n|-damage|p1b: Garchomp|0 fnt\n|faint|p1b: Garchomp\n|move|p2a: Rotom|Thunderbolt|p1a: Sylveon\n|-damage|p1a: Sylveon|69/100\n|move|p1a: Sylveon|Moonblast|p2a: Rotom\n|-damage|p2a: Rotom|0 fnt\n|faint|p2a: Rotom\n|\n|-weather|none\n|upkeep\n|\n|t:|1776546936\n|switch|p2a: Sneasler|Sneasler, L50, F|100/100\n|turn|6\n|\n|t:|1776546944\n|move|p2a: Sneasler|Fake Out|p1a: Sylveon\n|-damage|p1a: Sylveon|44/100\n|cant|p1a: Sylveon|flinch\n|move|p2b: Kingambit|Iron Head|p1a: Sylveon\n|-supereffective|p1a: Sylveon|1\n|-damage|p1a: Sylveon|0 fnt\n|faint|p1a: Sylveon\n|\n|win|masaru23\n|raw|appatheboppa's rating: 1151 &rarr; <strong>1126</strong><br />(-25 for losing)\n|raw|masaru23's rating: 1153 &rarr; <strong>1178</strong><br />(+25 for winning)\n",
  "uploadtime": 1776546955,
  "views": 14,
  "formatid": "gen9championsvgc2026regma",
  "rating": 1126,
  "private": 0,
  "password": null
}