{
  "id": "gen9championsvgc2026regma-2582317250",
  "format": "[Gen 9 Champions] VGC 2026 Reg M-A",
  "players": [
    "theilldigi",
    "patatadelux"
  ],
  "log": "|j|\u2606theilldigi\n|j|\u2606patatadelux\n|t:|1776082790\n|gametype|doubles\n|player|p1|theilldigi|101|1107\n|player|p2|patatadelux|2|1104\n|gen|9\n|tier|[Gen 9 Champions] VGC 2026 Reg M-A\n|rated|\n|rule|Species Clause: Limit one of each Pok\u00e9mon\n|rule|Item Clause: Limit 1 of each item\n|clearpoke\n|poke|p1|Lopunny, L50, M|\n|poke|p1|Incineroar, L50, F|\n|poke|p1|Primarina, L50, F|\n|poke|p1|Sneasler, L50, F|\n|poke|p1|Typhlosion-Hisui, L50, M|\n|poke|p1|Tsareena, L50, F|\n|poke|p2|Farigiraf, L50, F|\n|poke|p2|Incineroar, L50, M|\n|poke|p2|Torkoal, L50, M|\n|poke|p2|Crabominable, L50, M|\n|poke|p2|Basculegion, L50, M|\n|poke|p2|Ninetales-Alola, L50, M|\n|teampreview|4\n|\n|t:|1776082858\n|teamsize|p1|4\n|teamsize|p2|4\n|start\n|switch|p1a: Tsareena|Tsareena, L50, F|100/100\n|switch|p1b: Sneasler|Sneasler, L50, F|100/100\n|switch|p2a: Farigiraf|Farigiraf, L50, F|100/100\n|switch|p2b: Basculegion|Basculegion, L50, M|100/100\n|turn|1\n|\n|t:|1776082883\n|move|p2a: Farigiraf|Helping Hand|p2b: Basculegion\n|-singleturn|p2b: Basculegion|Helping Hand|[of] p2a: Farigiraf\n|move|p2b: Basculegion|Wave Crash|p1b: Sneasler\n|-damage|p1b: Sneasler|0 fnt\n|faint|p1b: Sneasler\n|-damage|p2b: Basculegion|74/100|[from] Recoil\n|move|p1a: Tsareena|Trop Kick|p2b: Basculegion\n|-supereffective|p2b: Basculegion|1\n|-damage|p2b: Basculegion|0 fnt\n|faint|p2b: Basculegion\n|\n|upkeep\n|\n|t:|1776082899\n|switch|p1b: Typhlosion|Typhlosion-Hisui, L50, M|100/100\n|switch|p2b: Incineroar|Incineroar, L50, M|100/100\n|-item|p2a: Farigiraf|Sitrus Berry|[from] ability: Frisk|[of] p1b: Typhlosion\n|-item|p2b: Incineroar|Chople Berry|[from] ability: Frisk|[of] p1b: Typhlosion\n|-ability|p2b: Incineroar|Intimidate|boost\n|-unboost|p1a: Tsareena|atk|1\n|-unboost|p1b: Typhlosion|atk|1\n|turn|2\n|\n|t:|1776082923\n|move|p1b: Typhlosion|Eruption|p2a: Farigiraf|[spread] p2a,p2b\n|-resisted|p2b: Incineroar|1\n|-damage|p2a: Farigiraf|40/100\n|-damage|p2b: Incineroar|80/100\n|-enditem|p2a: Farigiraf|Sitrus Berry|[eat]\n|-heal|p2a: Farigiraf|64/100|[from] item: Sitrus Berry\n|move|p1a: Tsareena|U-turn|p2a: Farigiraf\n|-supereffective|p2a: Farigiraf|1\n|-damage|p2a: Farigiraf|44/100\n|\n|t:|1776082928\n|switch|p1a: Primarina|Primarina, L50, F|100/100|[from] U-turn\n|move|p2b: Incineroar|Will-O-Wisp|p1a: Primarina\n|-status|p1a: Primarina|brn\n|move|p2a: Farigiraf|Trick Room|p2a: Farigiraf\n|-fieldstart|move: Trick Room|[of] p2a: Farigiraf\n|\n|-damage|p1a: Primarina|95/100 brn|[from] brn\n|upkeep\n|turn|3\n|\n|t:|1776082957\n|switch|p1b: Tsareena|Tsareena, L50, F|100/100\n|move|p2a: Farigiraf|Psychic|p1b: Tsareena\n|-damage|p1b: Tsareena|71/100\n|-unboost|p1b: Tsareena|spd|1\n|move|p2b: Incineroar|Flare Blitz|p1b: Tsareena\n|-supereffective|p1b: Tsareena|1\n|-damage|p1b: Tsareena|0 fnt\n|faint|p1b: Tsareena\n|-damage|p2b: Incineroar|59/100|[from] Recoil\n|move|p1a: Primarina|Calm Mind|p1a: Primarina\n|-boost|p1a: Primarina|spa|1\n|-boost|p1a: Primarina|spd|1\n|\n|-heal|p1a: Primarina|100/100 brn|[from] item: Leftovers\n|-damage|p1a: Primarina|95/100 brn|[from] brn\n|upkeep\n|\n|t:|1776082966\n|switch|p1b: Typhlosion|Typhlosion-Hisui, L50, M|100/100\n|-item|p2b: Incineroar|Chople Berry|[from] ability: Frisk|[of] p1b: Typhlosion\n|turn|4\n|\n|t:|1776083000\n|switch|p2a: Crabominable|Crabominable, L50, M|100/100\n|move|p2b: Incineroar|Parting Shot|p1b: Typhlosion\n|-unboost|p1b: Typhlosion|atk|1\n|-unboost|p1b: Typhlosion|spa|1\n|\n|t:|1776083009\n|switch|p2b: Farigiraf|Farigiraf, L50, F|44/100|[from] Parting Shot\n|move|p1a: Primarina|Calm Mind|p1a: Primarina\n|-boost|p1a: Primarina|spa|1\n|-boost|p1a: Primarina|spd|1\n|move|p1b: Typhlosion|Heat Wave|p2a: Crabominable|[spread] p2a,p2b\n|-supereffective|p2a: Crabominable|1\n|-damage|p2a: Crabominable|36/100\n|-damage|p2b: Farigiraf|16/100\n|\n|-heal|p1a: Primarina|100/100 brn|[from] item: Leftovers\n|-damage|p1a: Primarina|95/100 brn|[from] brn\n|upkeep\n|turn|5\n|\n|t:|1776083037\n|detailschange|p2a: Crabominable|Crabominable-Mega, L50, M\n|-mega|p2a: Crabominable|Crabominable|Crabominite\n|move|p2b: Farigiraf|Helping Hand|p2a: Crabominable\n|-singleturn|p2a: Crabominable|Helping Hand|[of] p2b: Farigiraf\n|move|p1a: Primarina|Protect|p1a: Primarina\n|-singleturn|p1a: Primarina|Protect\n|move|p2a: Crabominable|Ice Hammer|p1a: Primarina\n|-activate|p1a: Primarina|move: Protect\n|move|p1b: Typhlosion|Heat Wave|p2a: Crabominable|[spread] p2a,p2b\n|-supereffective|p2a: Crabominable|1\n|-damage|p2a: Crabominable|0 fnt\n|-damage|p2b: Farigiraf|0 fnt\n|faint|p2a: Crabominable\n|faint|p2b: Farigiraf\n|\n|-heal|p1a: Primarina|100/100 brn|[from] item: Leftovers\n|-damage|p1a: Primarina|95/100 brn|[from] brn\n|upkeep\n|-message|patatadelux forfeited.\n|\n|win|theilldigi\n",
  "uploadtime": 1776082793,
  "views": 13,
  "formatid": "gen9championsvgc2026regma",
  "rating": null,
  "private": 0,
  "password": null
}