{
  "id": "gen9championsvgc2026regma-2582463202",
  "format": "[Gen 9 Champions] VGC 2026 Reg M-A",
  "players": [
    "Pegassin",
    "SxHards"
  ],
  "log": "|j|\u203dPegassin\n|j|\u2606SxHards\n|t:|1776093319\n|gametype|doubles\n|player|p1|Pegassin|170|1104\n|player|p2|SxHards|fisherman-gen4|1125\n|gen|9\n|tier|[Gen 9 Champions] VGC 2026 Reg M-A\n|rated|\n|rule|Species Clause: Limit one of each Pok\u00e9mon\n|rule|Item Clause: Limit 1 of each item\n|clearpoke\n|poke|p1|Hatterene, L50, F|\n|poke|p1|Torkoal, L50, F|\n|poke|p1|Araquanid, L50, F|\n|poke|p1|Gallade, L50, M|\n|poke|p1|Camerupt, L50, F|\n|poke|p1|Farigiraf, L50, F|\n|poke|p2|Vivillon, L50, M|\n|poke|p2|Gardevoir, L50, M|\n|poke|p2|Incineroar, L50, F|\n|poke|p2|Farigiraf, L50, F|\n|poke|p2|Basculegion, L50, M|\n|poke|p2|Golurk, L50|\n|teampreview|4\nPegassin rejected open team sheets.\n|\n|t:|1776093336\n|teamsize|p1|4\n|teamsize|p2|4\n|start\n|switch|p1a: Hatterene|Hatterene, L50, F, shiny|100/100\n|switch|p1b: Torkoal|Torkoal, L50, F|100/100\n|switch|p2a: Vivillon|Vivillon, L50, M|100/100\n|switch|p2b: Gardevoir|Gardevoir, L50, M|100/100\n|-ability|p2b: Gardevoir|Drought|Trace|[from] ability: Trace|[of] p1b: Torkoal\n|-weather|SunnyDay|[from] ability: Drought|[of] p2b: Gardevoir\n|turn|1\n|inactive|Battle timer is ON: inactive players will automatically lose when time's up. (requested by SxHards)\n|\n|t:|1776093363\n|detailschange|p2b: Gardevoir|Gardevoir-Mega, L50, M\n|-mega|p2b: Gardevoir|Gardevoir|Gardevoirite\n|move|p2a: Vivillon|Sleep Powder|p1b: Torkoal\n|-status|p1b: Torkoal|slp|[from] move: Sleep Powder\n|move|p2b: Gardevoir|Calm Mind|p2b: Gardevoir\n|-boost|p2b: Gardevoir|spa|1\n|-boost|p2b: Gardevoir|spd|1\n|cant|p1b: Torkoal|slp\n|move|p1a: Hatterene|Trick Room|p1a: Hatterene\n|-fieldstart|move: Trick Room|[of] p1a: Hatterene\n|\n|-weather|SunnyDay|[upkeep]\n|upkeep\n|turn|2\n|\n|t:|1776093377\n|switch|p1a: Araquanid|Araquanid, L50, F|100/100\n|switch|p2a: Incineroar|Incineroar, L50, F|100/100\n|-ability|p2a: Incineroar|Intimidate|boost\n|-unboost|p1a: Araquanid|atk|1\n|-unboost|p1b: Torkoal|atk|1\n|-curestatus|p1b: Torkoal|slp|[msg]\n|move|p1b: Torkoal|Heat Wave|p2a: Incineroar|[spread] p2a,p2b\n|-resisted|p2a: Incineroar|1\n|-damage|p2a: Incineroar|82/100\n|-damage|p2b: Gardevoir|76/100\n|move|p2b: Gardevoir|Hyper Voice|p1a: Araquanid|[spread] p1a,p1b\n|-resisted|p1b: Torkoal|1\n|-damage|p1a: Araquanid|49/100\n|-damage|p1b: Torkoal|59/100\n|\n|-weather|SunnyDay|[upkeep]\n|upkeep\n|turn|3\n|\n|t:|1776093398\n|move|p1a: Araquanid|Wide Guard|p1a: Araquanid\n|-singleturn|p1a: Araquanid|Wide Guard\n|move|p2a: Incineroar|Fake Out|p1a: Araquanid\n|-damage|p1a: Araquanid|36/100\n|move|p1b: Torkoal|Earth Power|p2a: Incineroar\n|-supereffective|p2a: Incineroar|1\n|-damage|p2a: Incineroar|36/100\n|move|p2b: Gardevoir|Hyper Voice|p1a: Araquanid|[spread] \n|-activate|p1a: Araquanid|move: Wide Guard\n|-activate|p1b: Torkoal|move: Wide Guard\n|\n|-weather|SunnyDay|[upkeep]\n|upkeep\n|turn|4\n|inactive|Pegassin has 30 seconds left.\n|\n|t:|1776093428\n|switch|p1b: Hatterene|Hatterene, L50, F, shiny|100/100\n|move|p2b: Gardevoir|Protect|p2b: Gardevoir\n|-singleturn|p2b: Gardevoir|Protect\n|move|p1a: Araquanid|Liquidation|p2a: Incineroar\n|-supereffective|p2a: Incineroar|1\n|-damage|p2a: Incineroar|0 fnt\n|faint|p2a: Incineroar\n|\n|-weather|SunnyDay|[upkeep]\n|upkeep\n|\n|t:|1776093437\n|switch|p2a: Basculegion|Basculegion, L50, M|100/100\n|turn|5\n|inactive|Pegassin has 30 seconds left.\n|inactive|Pegassin has 20 seconds left.\n|\n|t:|1776093475\n|move|p1b: Hatterene|Dazzling Gleam|p2b: Gardevoir|[spread] p2a,p2b\n|-crit|p2b: Gardevoir\n|-damage|p2a: Basculegion|60/100\n|-damage|p2b: Gardevoir|31/100\n|move|p1a: Araquanid|Leech Life|p2b: Gardevoir\n|-damage|p2b: Gardevoir|2/100\n|-heal|p1a: Araquanid|51/100|[from] drain|[of] p2b: Gardevoir\n|move|p2b: Gardevoir|Calm Mind|p2b: Gardevoir\n|-boost|p2b: Gardevoir|spa|1\n|-boost|p2b: Gardevoir|spd|1\n|move|p2a: Basculegion|Last Respects|p1b: Hatterene\n|-supereffective|p1b: Hatterene|1\n|-damage|p1b: Hatterene|0 fnt\n|faint|p1b: Hatterene\n|\n|-weather|none\n|-fieldend|move: Trick Room\n|upkeep\n|\n|t:|1776093493\n|switch|p1b: Torkoal|Torkoal, L50, F|59/100\n|-weather|SunnyDay|[from] ability: Drought|[of] p1b: Torkoal\n|turn|6\n|\n|t:|1776093509\n|move|p1a: Araquanid|Wide Guard|p1a: Araquanid\n|-singleturn|p1a: Araquanid|Wide Guard\n|move|p2a: Basculegion|Last Respects|p1a: Araquanid\n|-damage|p1a: Araquanid|0 fnt\n|faint|p1a: Araquanid\n|move|p2b: Gardevoir|Moonblast|p1b: Torkoal\n|-resisted|p1b: Torkoal|1\n|-damage|p1b: Torkoal|0 fnt\n|faint|p1b: Torkoal\n|\n|-weather|SunnyDay|[upkeep]\n|upkeep\n|\n|t:|1776093517\n|switch|p1a: Camerupt|Camerupt, L50, F, shiny|100/100\n|turn|7\n|\n|t:|1776093529\n|detailschange|p1a: Camerupt|Camerupt-Mega, L50, F, shiny\n|-mega|p1a: Camerupt|Camerupt|Cameruptite\n|move|p2b: Gardevoir|Protect|p2b: Gardevoir\n|-singleturn|p2b: Gardevoir|Protect\n|move|p2a: Basculegion|Last Respects|p1a: Camerupt\n|-damage|p1a: Camerupt|41/100\n|move|p1a: Camerupt|Heat Wave|p2b: Gardevoir|[spread] p2a\n|-activate|p2b: Gardevoir|move: Protect\n|-resisted|p2a: Basculegion|1\n|-damage|p2a: Basculegion|15/100\n|\n|-weather|SunnyDay|[upkeep]\n|upkeep\n|turn|8\n|\n|t:|1776093548\n|switch|p2a: Vivillon|Vivillon, L50, M|100/100\n|move|p2b: Gardevoir|Hyper Voice|p1a: Camerupt\n|-resisted|p1a: Camerupt|1\n|-damage|p1a: Camerupt|0 fnt\n|faint|p1a: Camerupt\n|\n|win|SxHards\n|raw|Pegassin's rating: 1104 &rarr; <strong>1081</strong><br />(-23 for losing)\n|raw|SxHards's rating: 1125 &rarr; <strong>1148</strong><br />(+23 for winning)\n",
  "uploadtime": 1776093548,
  "views": 8,
  "formatid": "gen9championsvgc2026regma",
  "rating": 1081,
  "private": 0,
  "password": null
}