{
  "id": "gen9championsvgc2026regma-2584919725",
  "format": "[Gen 9 Champions] VGC 2026 Reg M-A",
  "players": [
    "Sroth24",
    "ArepadeChorizard"
  ],
  "log": "|j|\u2606Sroth24\n|j|\u2606ArepadeChorizard\n|t:|1776294557\n|gametype|doubles\n|player|p1|Sroth24|265|1144\n|player|p2|ArepadeChorizard|allister-unmasked|1050\n|gen|9\n|tier|[Gen 9 Champions] VGC 2026 Reg M-A\n|rated|\n|rule|Species Clause: Limit one of each Pok\u00e9mon\n|rule|Item Clause: Limit 1 of each item\n|clearpoke\n|poke|p1|Tyranitar, L50, M|\n|poke|p1|Garchomp, L50, M|\n|poke|p1|Corviknight, L50, F|\n|poke|p1|Milotic, L50, M|\n|poke|p1|Sneasler, L50, F|\n|poke|p1|Sinistcha, L50|\n|poke|p2|Gengar, L50, M|\n|poke|p2|Clefable, L50, M|\n|poke|p2|Chandelure, L50, F|\n|poke|p2|Dragonite, L50, M|\n|poke|p2|Incineroar, L50, M|\n|poke|p2|Sinistcha, L50|\n|teampreview|4\n|inactive|Battle timer is ON: inactive players will automatically lose when time's up. (requested by ArepadeChorizard)\nArepadeChorizard has agreed to open team sheets.\n|\n|t:|1776294585\n|teamsize|p1|4\n|teamsize|p2|4\n|start\n|switch|p1a: Garchomp|Garchomp, L50, M|100/100\n|switch|p1b: Sneasler|Sneasler, L50, F|100/100\n|switch|p2a: Incineroar|Incineroar, L50, M|100/100\n|switch|p2b: Dragonite|Dragonite, L50, M|100/100\n|-ability|p2a: Incineroar|Intimidate|boost\n|-unboost|p1a: Garchomp|atk|1\n|-unboost|p1b: Sneasler|atk|1\n|-enditem|p1b: Sneasler|White Herb\n|-clearnegativeboost|p1b: Sneasler|[silent]\n|turn|1\n|\n|t:|1776294606\n|move|p2b: Dragonite|Protect|p2b: Dragonite\n|-singleturn|p2b: Dragonite|Protect\n|move|p2a: Incineroar|Fake Out|p1a: Garchomp\n|-damage|p1a: Garchomp|88/100\n|move|p1b: Sneasler|Dire Claw|p2b: Dragonite\n|-activate|p2b: Dragonite|move: Protect\n|cant|p1a: Garchomp|flinch\n|\n|upkeep\n|turn|2\n|\n|t:|1776294625\n|switch|p1a: Tyranitar|Tyranitar, L50, M|100/100\n|-weather|Sandstorm|[from] ability: Sand Stream|[of] p1a: Tyranitar\n|move|p1b: Sneasler|Dire Claw|p2b: Dragonite\n|-damage|p2b: Dragonite|78/100\n|move|p2b: Dragonite|Tailwind|p2b: Dragonite\n|-sidestart|p2: ArepadeChorizard|move: Tailwind\n|move|p2a: Incineroar|Parting Shot|p1b: Sneasler\n|-unboost|p1b: Sneasler|atk|1\n|-unboost|p1b: Sneasler|spa|1\n|\n|t:|1776294639\n|switch|p2a: Sinistcha|Sinistcha, L50|100/100|[from] Parting Shot\n|-heal|p2b: Dragonite|100/100|[from] ability: Hospitality|[of] p2a: Sinistcha\n|\n|-weather|Sandstorm|[upkeep]\n|-damage|p1b: Sneasler|95/100|[from] Sandstorm\n|-damage|p2b: Dragonite|95/100|[from] Sandstorm\n|-damage|p2a: Sinistcha|94/100|[from] Sandstorm\n|upkeep\n|turn|3\n|\n|t:|1776294653\n|switch|p2b: Incineroar|Incineroar, L50, M|100/100\n|-ability|p2b: Incineroar|Intimidate|boost\n|-unboost|p1a: Tyranitar|atk|1\n|-unboost|p1b: Sneasler|atk|1\n|detailschange|p1a: Tyranitar|Tyranitar-Mega, L50, M\n|-mega|p1a: Tyranitar|Tyranitar|Tyranitarite\n|move|p1b: Sneasler|Throat Chop|p2a: Sinistcha\n|-supereffective|p2a: Sinistcha|1\n|-damage|p2a: Sinistcha|65/100\n|-start|p2a: Sinistcha|Throat Chop|[silent]\n|move|p2a: Sinistcha|Matcha Gotcha|p1b: Sneasler|[spread] p1a,p1b\n|-supereffective|p1a: Tyranitar|1\n|-resisted|p1b: Sneasler|1\n|-damage|p1a: Tyranitar|74/100\n|-heal|p2a: Sinistcha|82/100|[from] drain|[of] p1a: Tyranitar\n|-damage|p1b: Sneasler|77/100\n|-heal|p2a: Sinistcha|91/100|[from] drain|[of] p1b: Sneasler\n|move|p1a: Tyranitar|Dragon Dance|p1a: Tyranitar\n|-boost|p1a: Tyranitar|atk|1\n|-boost|p1a: Tyranitar|spe|1\n|\n|-weather|Sandstorm|[upkeep]\n|-damage|p1b: Sneasler|71/100|[from] Sandstorm\n|-damage|p2a: Sinistcha|85/100|[from] Sandstorm\n|-damage|p2b: Incineroar|94/100|[from] Sandstorm\n|upkeep\n|turn|4\n|inactive|Sroth24 has 30 seconds left.\n|inactive|ArepadeChorizard has 30 seconds left.\n|inactive|Sroth24 has 20 seconds left.\n|\n|t:|1776294689\n|move|p2b: Incineroar|Fake Out|p1b: Sneasler\n|-damage|p1b: Sneasler|47/100\n|cant|p1b: Sneasler|flinch\n|move|p2a: Sinistcha|Matcha Gotcha|p1b: Sneasler|[spread] p1a,p1b\n|-supereffective|p1a: Tyranitar|1\n|-resisted|p1b: Sneasler|1\n|-damage|p1a: Tyranitar|48/100\n|-heal|p2a: Sinistcha|100/100|[from] drain|[of] p1a: Tyranitar\n|-damage|p1b: Sneasler|29/100\n|-status|p1a: Tyranitar|brn\n|move|p1a: Tyranitar|Rock Slide|p2b: Incineroar|[spread] p2a,p2b\n|-supereffective|p2b: Incineroar|1\n|-crit|p2b: Incineroar\n|-damage|p2a: Sinistcha|87/100\n|-damage|p2b: Incineroar|49/100\n|-enditem|p2b: Incineroar|Sitrus Berry|[eat]\n|-heal|p2b: Incineroar|74/100|[from] item: Sitrus Berry\n|\n|-weather|Sandstorm|[upkeep]\n|-damage|p1b: Sneasler|23/100|[from] Sandstorm\n|-damage|p2a: Sinistcha|80/100|[from] Sandstorm\n|-damage|p2b: Incineroar|68/100|[from] Sandstorm\n|-damage|p1a: Tyranitar|43/100 brn|[from] brn\n|-end|p2a: Sinistcha|Throat Chop|[silent]\n|upkeep\n|turn|5\n|-message|Sroth24 forfeited.\n|\n|win|ArepadeChorizard\n|raw|Sroth24's rating: 1144 &rarr; <strong>1112</strong><br />(-32 for losing)\n|raw|ArepadeChorizard's rating: 1050 &rarr; <strong>1091</strong><br />(+41 for winning)\n|l|\u2606Sroth24\n|player|p1|\n",
  "uploadtime": 1776294715,
  "views": 24,
  "formatid": "gen9championsvgc2026regma",
  "rating": 1091,
  "private": 0,
  "password": null
}