{
  "id": "gen9championsvgc2026regma-2582019356",
  "format": "[Gen 9 Champions] VGC 2026 Reg M-A",
  "players": [
    "atown11",
    "KingOvershield"
  ],
  "log": "|j|\u2606atown11\n|j|\u2606KingOvershield\n|t:|1776048920\n|gametype|doubles\n|player|p1|atown11|fantina|1083\n|player|p2|KingOvershield|bugcatcher-gen4dp|1040\n|gen|9\n|tier|[Gen 9 Champions] VGC 2026 Reg M-A\n|rated|\n|rule|Species Clause: Limit one of each Pok\u00e9mon\n|rule|Item Clause: Limit 1 of each item\n|clearpoke\n|poke|p1|Aerodactyl, L50, F|\n|poke|p1|Milotic, L50, M|\n|poke|p1|Gardevoir, L50, M|\n|poke|p1|Meowscarada, L50, F|\n|poke|p1|Garchomp, L50, F|\n|poke|p1|Incineroar, L50, M|\n|poke|p2|Incineroar, L50, F|\n|poke|p2|Gengar, L50, F|\n|poke|p2|Sinistcha, L50|\n|poke|p2|Kingambit, L50, M|\n|poke|p2|Tyranitar, L50, M|\n|poke|p2|Kommo-o, L50, F|\n|teampreview|4\n|\n|t:|1776048957\n|teamsize|p1|4\n|teamsize|p2|4\n|start\n|switch|p1a: Aerodactyl|Aerodactyl, L50, F|100/100\n|switch|p1b: Garchomp|Garchomp, L50, F|100/100\n|switch|p2a: Gengar|Gengar, L50, F|100/100\n|switch|p2b: Kingambit|Kingambit, L50, M|100/100\n|-ability|p1a: Aerodactyl|Unnerve\n|turn|1\n|\n|t:|1776048982\n|detailschange|p2a: Gengar|Gengar-Mega, L50, F\n|-mega|p2a: Gengar|Gengar|Gengarite\n|move|p1a: Aerodactyl|Protect|p1a: Aerodactyl\n|-singleturn|p1a: Aerodactyl|Protect\n|move|p1b: Garchomp|Earthquake|p2a: Gengar|[spread] p2a,p2b\n|-activate|p1a: Aerodactyl|move: Protect\n|-supereffective|p2a: Gengar|1\n|-supereffective|p2b: Kingambit|1\n|-damage|p2a: Gengar|14/100\n|-damage|p2b: Kingambit|44/100\n|move|p2a: Gengar|Perish Song|p2a: Gengar\n|-start|p1a: Aerodactyl|perish3|[silent]\n|-start|p1b: Garchomp|perish3|[silent]\n|-start|p2a: Gengar|perish3|[silent]\n|-start|p2b: Kingambit|perish3|[silent]\n|-fieldactivate|move: Perish Song\n|move|p2b: Kingambit|Iron Head|p1a: Aerodactyl\n|-activate|p1a: Aerodactyl|move: Protect\n|\n|-start|p1b: Garchomp|perish3\n|-start|p2a: Gengar|perish3\n|-start|p1a: Aerodactyl|perish3\n|-start|p2b: Kingambit|perish3\n|upkeep\n|turn|2\n|c|\u2606atown11|lol\n|\n|t:|1776049007\n|move|p2a: Gengar|Protect|p2a: Gengar\n|-singleturn|p2a: Gengar|Protect\n|move|p2b: Kingambit|Protect|p2b: Kingambit\n|-singleturn|p2b: Kingambit|Protect\n|move|p1b: Garchomp|Earthquake|p2b: Kingambit|[spread] \n|-activate|p2a: Gengar|move: Protect\n|-activate|p2b: Kingambit|move: Protect\n|-immune|p1a: Aerodactyl\n|move|p1a: Aerodactyl|Tailwind|p1a: Aerodactyl\n|-sidestart|p1: atown11|move: Tailwind\n|\n|-start|p1b: Garchomp|perish2\n|-start|p1a: Aerodactyl|perish2\n|-start|p2a: Gengar|perish2\n|-start|p2b: Kingambit|perish2\n|upkeep\n|turn|3\n|\n|t:|1776049028\n|switch|p2b: Sinistcha|Sinistcha, L50|100/100\n|-heal|p2a: Gengar|39/100|[from] ability: Hospitality|[of] p2b: Sinistcha\n|move|p1b: Garchomp|Earthquake|p2b: Sinistcha|[spread] p2a,p2b\n|-immune|p1a: Aerodactyl\n|-supereffective|p2a: Gengar|1\n|-resisted|p2b: Sinistcha|1\n|-damage|p2a: Gengar|0 fnt\n|-damage|p2b: Sinistcha|82/100\n|faint|p2a: Gengar\n|move|p1a: Aerodactyl|Rock Slide|p2b: Sinistcha\n|-damage|p2b: Sinistcha|55/100\n|\n|-start|p1b: Garchomp|perish1\n|-start|p1a: Aerodactyl|perish1\n|upkeep\n|\n|t:|1776049047\n|switch|p2a: Kingambit|Kingambit, L50, M|44/100\n|turn|4\n|\n|t:|1776049062\n|switch|p1b: Gardevoir|Gardevoir, L50, M|100/100\n|switch|p1a: Incineroar|Incineroar, L50, M|100/100\n|-ability|p1a: Incineroar|Intimidate|boost\n|-unboost|p2a: Kingambit|atk|1\n|-ability|p2a: Kingambit|Defiant|boost\n|-boost|p2a: Kingambit|atk|2\n|-unboost|p2b: Sinistcha|atk|1\n|move|p2b: Sinistcha|Life Dew|p2b: Sinistcha|[spread] p2a,p2b\n|-heal|p2a: Kingambit|70/100\n|-heal|p2b: Sinistcha|80/100\n|move|p2a: Kingambit|Iron Head|p1b: Gardevoir\n|-supereffective|p1b: Gardevoir|1\n|-damage|p1b: Gardevoir|0 fnt\n|faint|p1b: Gardevoir\n|\n|upkeep\n|\n|t:|1776049081\n|switch|p1b: Garchomp|Garchomp, L50, F|100/100\n|turn|5\n|\n|t:|1776049106\n|switch|p2b: Incineroar|Incineroar, L50, F|100/100\n|-ability|p2b: Incineroar|Intimidate|boost\n|-unboost|p1a: Incineroar|atk|1\n|-unboost|p1b: Garchomp|atk|1\n|move|p2a: Kingambit|Protect|p2a: Kingambit\n|-singleturn|p2a: Kingambit|Protect\n|move|p1b: Garchomp|Stomping Tantrum|p2a: Kingambit\n|-activate|p2a: Kingambit|move: Protect\n|move|p1a: Incineroar|Flare Blitz|p2b: Incineroar\n|-resisted|p2b: Incineroar|1\n|-damage|p2b: Incineroar|87/100\n|-damage|p1a: Incineroar|96/100|[from] Recoil\n|\n|-sideend|p1: atown11|move: Tailwind\n|upkeep\n|turn|6\n|\n|t:|1776049132\n|move|p2b: Incineroar|Fake Out|p1b: Garchomp\n|-damage|p1b: Garchomp|91/100\n|-damage|p2b: Incineroar|75/100|[from] ability: Rough Skin|[of] p1b: Garchomp\n|cant|p1b: Garchomp|flinch\n|move|p1a: Incineroar|Parting Shot|p2b: Incineroar\n|-unboost|p2b: Incineroar|atk|1\n|-unboost|p2b: Incineroar|spa|1\n|\n|t:|1776049140\n|switch|p1a: Aerodactyl|Aerodactyl, L50, F|100/100|[from] Parting Shot\n|-ability|p1a: Aerodactyl|Unnerve\n|move|p2a: Kingambit|Iron Head|p1b: Garchomp\n|-damage|p1b: Garchomp|25/100\n|-damage|p2a: Kingambit|58/100|[from] ability: Rough Skin|[of] p1b: Garchomp\n|\n|upkeep\n|turn|7\n|\n|t:|1776049153\n|switch|p2b: Sinistcha|Sinistcha, L50|80/100\n|-heal|p2a: Kingambit|82/100|[from] ability: Hospitality|[of] p2b: Sinistcha\n|detailschange|p1a: Aerodactyl|Aerodactyl-Mega, L50, F\n|-mega|p1a: Aerodactyl|Aerodactyl|Aerodactylite\n|move|p2a: Kingambit|Sucker Punch|p1b: Garchomp\n|-damage|p1b: Garchomp|0 fnt\n|-damage|p2a: Kingambit|70/100|[from] ability: Rough Skin|[of] p1b: Garchomp\n|faint|p1b: Garchomp\n|move|p1a: Aerodactyl|Tailwind|p1a: Aerodactyl\n|-sidestart|p1: atown11|move: Tailwind\n|\n|upkeep\n|\n|t:|1776049163\n|switch|p1b: Incineroar|Incineroar, L50, M|96/100\n|-ability|p1b: Incineroar|Intimidate|boost\n|-unboost|p2a: Kingambit|atk|1\n|-ability|p2a: Kingambit|Defiant|boost\n|-boost|p2a: Kingambit|atk|2\n|-unboost|p2b: Sinistcha|atk|1\n|turn|8\n|\n|t:|1776049179\n|move|p2a: Kingambit|Protect|p2a: Kingambit\n|-singleturn|p2a: Kingambit|Protect\n|move|p1b: Incineroar|Fake Out|p2a: Kingambit\n|-activate|p2a: Kingambit|move: Protect\n|move|p1a: Aerodactyl|Dual Wingbeat|p2b: Sinistcha\n|-supereffective|p2b: Sinistcha|1\n|-damage|p2b: Sinistcha|32/100\n|-enditem|p2b: Sinistcha|Sitrus Berry|[eat]\n|-heal|p2b: Sinistcha|57/100|[from] item: Sitrus Berry\n|-supereffective|p2b: Sinistcha|1\n|-damage|p2b: Sinistcha|6/100\n|-hitcount|p2b: Sinistcha|2\n|move|p2b: Sinistcha|Life Dew|p2b: Sinistcha|[spread] p2a,p2b\n|-heal|p2a: Kingambit|95/100\n|-heal|p2b: Sinistcha|31/100\n|\n|upkeep\n|turn|9\n|\n|t:|1776049200\n|switch|p2b: Incineroar|Incineroar, L50, F|75/100\n|-ability|p2b: Incineroar|Intimidate|boost\n|-unboost|p1a: Aerodactyl|atk|1\n|-unboost|p1b: Incineroar|atk|1\n|move|p1a: Aerodactyl|Rock Slide|p2a: Kingambit|[spread] p2a,p2b\n|-resisted|p2a: Kingambit|1\n|-supereffective|p2b: Incineroar|1\n|-damage|p2a: Kingambit|89/100\n|-damage|p2b: Incineroar|41/100\n|move|p1b: Incineroar|Flare Blitz|p2a: Kingambit\n|-supereffective|p2a: Kingambit|1\n|-damage|p2a: Kingambit|43/100\n|-damage|p1b: Incineroar|79/100|[from] Recoil\n|move|p2a: Kingambit|Iron Head|p1a: Aerodactyl\n|-supereffective|p1a: Aerodactyl|1\n|-crit|p1a: Aerodactyl\n|-damage|p1a: Aerodactyl|0 fnt\n|faint|p1a: Aerodactyl\n|\n|upkeep\n|turn|10\n|c|\u2606KingOvershield|who u laughing at little pup\n|\n|t:|1776049226\n|switch|p2b: Sinistcha|Sinistcha, L50|31/100\n|-heal|p2a: Kingambit|67/100|[from] ability: Hospitality|[of] p2b: Sinistcha\n|move|p2a: Kingambit|Protect|p2a: Kingambit\n|-singleturn|p2a: Kingambit|Protect\n|move|p1b: Incineroar|Flare Blitz|p2a: Kingambit\n|-activate|p2a: Kingambit|move: Protect\n|\n|-sideend|p1: atown11|move: Tailwind\n|upkeep\n|turn|11\n|\n|t:|1776049239\n|switch|p2b: Incineroar|Incineroar, L50, F|41/100\n|-ability|p2b: Incineroar|Intimidate|boost\n|-unboost|p1b: Incineroar|atk|1\n|move|p1b: Incineroar|Flare Blitz|p2a: Kingambit\n|-supereffective|p2a: Kingambit|1\n|-damage|p2a: Kingambit|32/100\n|-damage|p1b: Incineroar|67/100|[from] Recoil\n|move|p2a: Kingambit|Low Kick|p1b: Incineroar\n|-supereffective|p1b: Incineroar|1\n|-damage|p1b: Incineroar|0 fnt\n|faint|p1b: Incineroar\n|\n|win|KingOvershield\n|raw|atown11's rating: 1083 &rarr; <strong>1058</strong><br />(-25 for losing)\n|raw|KingOvershield's rating: 1040 &rarr; <strong>1078</strong><br />(+38 for winning)\n|l|\u2606atown11\n|player|p1|\n|c|\u2606KingOvershield|absolutely clowned on\n",
  "uploadtime": 1776049253,
  "views": 12,
  "formatid": "gen9championsvgc2026regma",
  "rating": 1058,
  "private": 0,
  "password": null
}