{
  "id": "gen9championsvgc2026regma-2585042704",
  "format": "[Gen 9 Champions] VGC 2026 Reg M-A",
  "players": [
    "jamel1",
    "647w"
  ],
  "log": "|j|\u2606jamel1\n|j|\u2606647w\n|t:|1776306078\n|gametype|doubles\n|player|p1|jamel1|cyrus|1140\n|player|p2|647w|lucas-gen4pt|1162\n|gen|9\n|tier|[Gen 9 Champions] VGC 2026 Reg M-A\n|rated|\n|rule|Species Clause: Limit one of each Pok\u00e9mon\n|rule|Item Clause: Limit 1 of each item\n|clearpoke\n|poke|p1|Armarouge, L50, F|\n|poke|p1|Meowstic, L50, M|\n|poke|p1|Sneasler, L50, F|\n|poke|p1|Milotic, L50, M|\n|poke|p1|Wyrdeer, L50, F|\n|poke|p1|Charizard, L50, M|\n|poke|p2|Snorlax, L50, F|\n|poke|p2|Chimecho, L50, M|\n|poke|p2|Sinistcha, L50|\n|poke|p2|Incineroar, L50, M|\n|poke|p2|Rotom-Wash, L50|\n|poke|p2|Sneasler, L50, F|\n|teampreview|4\n647w has agreed to open team sheets.\n|\n|t:|1776306105\n|teamsize|p1|4\n|teamsize|p2|4\n|start\n|switch|p1a: Milotic|Milotic, L50, M|100/100\n|switch|p1b: Wyrdeer|Wyrdeer, L50, F|100/100\n|switch|p2a: Rotom|Rotom-Wash, L50|100/100\n|switch|p2b: Chimecho|Chimecho, L50, M|100/100\n|-ability|p1b: Wyrdeer|Intimidate|boost\n|-unboost|p2a: Rotom|atk|1\n|-unboost|p2b: Chimecho|atk|1\n|turn|1\n|\n|t:|1776306135\n|detailschange|p2b: Chimecho|Chimecho-Mega, L50, M\n|-mega|p2b: Chimecho|Chimecho|Chimechite\n|move|p1a: Milotic|Coil|p1a: Milotic\n|-boost|p1a: Milotic|atk|1\n|-boost|p1a: Milotic|def|1\n|-boost|p1a: Milotic|accuracy|1\n|move|p2a: Rotom|Volt Switch|p1b: Wyrdeer\n|-damage|p1b: Wyrdeer|70/100\n|\n|t:|1776306139\n|switch|p2a: Snorlax|Snorlax, L50, F|100/100|[from] Volt Switch\n|move|p1b: Wyrdeer|Skill Swap|p2b: Chimecho\n|-activate|p1b: Wyrdeer|Skill Swap|Levitate|Intimidate|[of] p2b: Chimecho\n|-ability|p2b: Chimecho|Intimidate|boost\n|-unboost|p1a: Milotic|atk|1\n|-ability|p1a: Milotic|Competitive|boost\n|-boost|p1a: Milotic|spa|2\n|-unboost|p1b: Wyrdeer|atk|1\n|move|p2b: Chimecho|Trick Room|p2b: Chimecho\n|-fieldstart|move: Trick Room|[of] p2b: Chimecho\n|\n|upkeep\n|turn|2\n|\n|t:|1776306165\n|move|p2a: Snorlax|Belly Drum|p2a: Snorlax\n|-damage|p2a: Snorlax|50/100\n|-setboost|p2a: Snorlax|atk|6|[from] move: Belly Drum\n|-enditem|p2a: Snorlax|Sitrus Berry|[eat]\n|-heal|p2a: Snorlax|75/100|[from] item: Sitrus Berry\n|move|p2b: Chimecho|Encore|p1a: Milotic\n|-start|p1a: Milotic|Encore\n|move|p1b: Wyrdeer|Psych Up|p1a: Milotic\n|-copyboost|p1b: Wyrdeer|p1a: Milotic|[from] move: Psych Up\n|move|p1a: Milotic|Coil|p1a: Milotic\n|-boost|p1a: Milotic|atk|1\n|-boost|p1a: Milotic|def|1\n|-boost|p1a: Milotic|accuracy|1\n|\n|upkeep\n|turn|3\n|\n|t:|1776306198\n|switch|p2b: Rotom|Rotom-Wash, L50|100/100\n|move|p2a: Snorlax|Body Slam|p1b: Wyrdeer\n|-damage|p1b: Wyrdeer|0 fnt\n|faint|p1b: Wyrdeer\n|move|p1a: Milotic|Coil|p1a: Milotic\n|-boost|p1a: Milotic|atk|1\n|-boost|p1a: Milotic|def|1\n|-boost|p1a: Milotic|accuracy|1\n|\n|upkeep\n|\n|t:|1776306209\n|switch|p1b: Meowstic|Meowstic, L50, M|100/100\n|turn|4\n|\n|t:|1776306223\n|move|p1b: Meowstic|Psychic Terrain|p1b: Meowstic\n|-fieldstart|move: Psychic Terrain\n|move|p2a: Snorlax|Earthquake|p1b: Meowstic|[spread] p1a,p1b\n|-immune|p2b: Rotom|[from] ability: Levitate\n|-damage|p1a: Milotic|53/100\n|-damage|p1b: Meowstic|0 fnt\n|faint|p1b: Meowstic\n|move|p2b: Rotom|Volt Switch|p1a: Milotic\n|-supereffective|p1a: Milotic|1\n|-damage|p1a: Milotic|3/100\n|\n|t:|1776306229\n|switch|p2b: Sinistcha|Sinistcha, L50|100/100|[from] Volt Switch\n|-heal|p2a: Snorlax|100/100|[from] ability: Hospitality|[of] p2b: Sinistcha\n|move|p1a: Milotic|Coil|p1a: Milotic\n|-boost|p1a: Milotic|atk|1\n|-boost|p1a: Milotic|def|1\n|-boost|p1a: Milotic|accuracy|1\n|\n|-heal|p1a: Milotic|9/100|[from] item: Leftovers\n|-end|p1a: Milotic|Encore\n|upkeep\n|\n|t:|1776306239\n|switch|p1b: Armarouge|Armarouge, L50, F|100/100\n|turn|5\n|\n|t:|1776306250\n|switch|p2b: Rotom|Rotom-Wash, L50|100/100\n|move|p1b: Armarouge|Endure|p1b: Armarouge\n|-singleturn|p1b: Armarouge|move: Endure\n|move|p2a: Snorlax|Body Slam|p1a: Milotic\n|-damage|p1a: Milotic|0 fnt\n|faint|p1a: Milotic\n|\n|-fieldend|move: Trick Room\n|upkeep\n|turn|6\n|\n|t:|1776306259\n|move|p2b: Rotom|Volt Switch|p1b: Armarouge\n|-damage|p1b: Armarouge|63/100\n|\n|t:|1776306262\n|switch|p2b: Chimecho|Chimecho-Mega, L50, M|100/100|[from] Volt Switch\n|move|p1b: Armarouge|Expanding Force|p2a: Snorlax|[spread] p2a,p2b\n|-resisted|p2b: Chimecho|2\n|-damage|p2a: Snorlax|55/100\n|-damage|p2b: Chimecho|86/100\n|move|p2a: Snorlax|Earthquake|p1b: Armarouge|[spread] p1b\n|-immune|p2b: Chimecho|[from] ability: Levitate\n|-supereffective|p1b: Armarouge|1\n|-damage|p1b: Armarouge|0 fnt\n|faint|p1b: Armarouge\n|\n|win|647w\n|raw|jamel1's rating: 1140 &rarr; <strong>1117</strong><br />(-23 for losing)\n|raw|647w's rating: 1162 &rarr; <strong>1185</strong><br />(+23 for winning)\n|l|\u2606jamel1\n|player|p1|\n",
  "uploadtime": 1776306277,
  "views": 36,
  "formatid": "gen9championsvgc2026regma",
  "rating": 1117,
  "private": 0,
  "password": null
}