{
  "id": "gen9championsvgc2026regma-2581721252",
  "format": "[Gen 9 Champions] VGC 2026 Reg M-A",
  "players": [
    "GiulyTheClockworko",
    "Bustul"
  ],
  "log": "|j|\u2606GiulyTheClockworko\n|j|\u2606Bustul\n|t:|1776023327\n|gametype|doubles\n|player|p1|GiulyTheClockworko|saturn|1009\n|player|p2|Bustul|hugh|1000\n|gen|9\n|tier|[Gen 9 Champions] VGC 2026 Reg M-A\n|rated|\n|rule|Species Clause: Limit one of each Pok\u00e9mon\n|rule|Item Clause: Limit 1 of each item\n|clearpoke\n|poke|p1|Excadrill, L50, F|\n|poke|p1|Tyranitar, L50, M|\n|poke|p1|Incineroar, L50, F|\n|poke|p1|Sinistcha, L50|\n|poke|p1|Sneasler, L50, F|\n|poke|p1|Rotom-Wash, L50|\n|poke|p2|Gengar, L50, M|\n|poke|p2|Incineroar, L50, M|\n|poke|p2|Sinistcha, L50|\n|poke|p2|Kingambit, L50, M|\n|poke|p2|Tyranitar, L50, M|\n|poke|p2|Kommo-o, L50, F|\n|teampreview|4\n|\n|t:|1776023364\n|teamsize|p1|4\n|teamsize|p2|4\n|start\n|switch|p1a: Tyranitar|Tyranitar, L50, M|100/100\n|switch|p1b: Incineroar|Incineroar, L50, F|100/100\n|switch|p2a: Gengar|Gengar, L50, M|100/100\n|switch|p2b: Incineroar|Incineroar, L50, M|100/100\n|-ability|p1b: Incineroar|Intimidate|boost\n|-unboost|p2a: Gengar|atk|1\n|-unboost|p2b: Incineroar|atk|1\n|-ability|p2b: Incineroar|Intimidate|boost\n|-unboost|p1a: Tyranitar|atk|1\n|-unboost|p1b: Incineroar|atk|1\n|-weather|Sandstorm|[from] ability: Sand Stream|[of] p1a: Tyranitar\n|turn|1\n|\n|t:|1776023398\n|detailschange|p2a: Gengar|Gengar-Mega, L50, M\n|-mega|p2a: Gengar|Gengar|Gengarite\n|move|p2b: Incineroar|Fake Out|p1a: Tyranitar\n|-resisted|p1a: Tyranitar|1\n|-damage|p1a: Tyranitar|98/100\n|move|p2a: Gengar|Perish Song|p2a: Gengar\n|-start|p1a: Tyranitar|perish3|[silent]\n|-start|p1b: Incineroar|perish3|[silent]\n|-start|p2a: Gengar|perish3|[silent]\n|-start|p2b: Incineroar|perish3|[silent]\n|-fieldactivate|move: Perish Song\n|move|p1b: Incineroar|Darkest Lariat|p2a: Gengar\n|-supereffective|p2a: Gengar|1\n|-damage|p2a: Gengar|40/100\n|cant|p1a: Tyranitar|flinch\n|\n|-weather|Sandstorm|[upkeep]\n|-damage|p2a: Gengar|33/100|[from] Sandstorm\n|-damage|p1b: Incineroar|95/100|[from] Sandstorm\n|-damage|p2b: Incineroar|95/100|[from] Sandstorm\n|-start|p2a: Gengar|perish3\n|-start|p1b: Incineroar|perish3\n|-start|p2b: Incineroar|perish3\n|-start|p1a: Tyranitar|perish3\n|upkeep\n|turn|2\n|\n|t:|1776023446\n|move|p2a: Gengar|Protect|p2a: Gengar\n|-singleturn|p2a: Gengar|Protect\n|move|p1b: Incineroar|Parting Shot|p2a: Gengar\n|-activate|p2a: Gengar|move: Protect\n|move|p2b: Incineroar|Parting Shot|p1a: Tyranitar\n|-unboost|p1a: Tyranitar|atk|1\n|-unboost|p1a: Tyranitar|spa|1\n|\n|t:|1776023455\n|switch|p2b: Sinistcha|Sinistcha, L50|100/100|[from] Parting Shot\n|-heal|p2a: Gengar|58/100|[from] ability: Hospitality|[of] p2b: Sinistcha\n|move|p1a: Tyranitar|Rock Slide|p2a: Gengar|[spread] p2b\n|-activate|p2a: Gengar|move: Protect\n|-damage|p2b: Sinistcha|90/100\n|\n|-weather|Sandstorm|[upkeep]\n|-damage|p2a: Gengar|52/100|[from] Sandstorm\n|-damage|p1b: Incineroar|89/100|[from] Sandstorm\n|-damage|p2b: Sinistcha|83/100|[from] Sandstorm\n|-start|p2a: Gengar|perish2\n|-start|p1b: Incineroar|perish2\n|-start|p1a: Tyranitar|perish2\n|upkeep\n|turn|3\n|\n|t:|1776023481\n|switch|p2a: Incineroar|Incineroar, L50, M|95/100\n|-ability|p2a: Incineroar|Intimidate|boost\n|-unboost|p1a: Tyranitar|atk|1\n|-unboost|p1b: Incineroar|atk|1\n|move|p2b: Sinistcha|Protect|p2b: Sinistcha\n|-singleturn|p2b: Sinistcha|Protect\n|move|p1b: Incineroar|Darkest Lariat|p2a: Incineroar\n|-resisted|p2a: Incineroar|1\n|-damage|p2a: Incineroar|89/100\n|move|p1a: Tyranitar|Foul Play|p2a: Incineroar\n|-resisted|p2a: Incineroar|1\n|-damage|p2a: Incineroar|75/100\n|\n|-weather|Sandstorm|[upkeep]\n|-damage|p1b: Incineroar|83/100|[from] Sandstorm\n|-damage|p2b: Sinistcha|77/100|[from] Sandstorm\n|-damage|p2a: Incineroar|69/100|[from] Sandstorm\n|-start|p1b: Incineroar|perish1\n|-start|p1a: Tyranitar|perish1\n|upkeep\n|turn|4\n|\n|t:|1776023507\n|switch|p1b: Sinistcha|Sinistcha, L50|100/100\n|-heal|p1a: Tyranitar|100/100|[from] ability: Hospitality|[of] p1b: Sinistcha\n|switch|p2b: Gengar|Gengar-Mega, L50, M|52/100\n|switch|p1a: Excadrill|Excadrill, L50, F|100/100\n|move|p2a: Incineroar|Fake Out|p1b: Sinistcha\n|-immune|p1b: Sinistcha\n|\n|-weather|Sandstorm|[upkeep]\n|-damage|p2b: Gengar|46/100|[from] Sandstorm\n|-damage|p1b: Sinistcha|94/100|[from] Sandstorm\n|-damage|p2a: Incineroar|63/100|[from] Sandstorm\n|-heal|p1b: Sinistcha|100/100|[from] item: Leftovers\n|upkeep\n|turn|5\n|-message|Bustul forfeited.\n|\n|win|GiulyTheClockworko\n|raw|GiulyTheClockworko's rating: 1009 &rarr; <strong>1047</strong><br />(+38 for winning)\n|raw|Bustul's rating: 1000 &rarr; <strong>1000</strong><br />(+0 for losing)\n|l|\u2606Bustul\n|player|p2|\n",
  "uploadtime": 1776023540,
  "views": 13,
  "formatid": "gen9championsvgc2026regma",
  "rating": 1000,
  "private": 0,
  "password": null
}