{
  "id": "gen9championsvgc2026regma-2587883354",
  "format": "[Gen 9 Champions] VGC 2026 Reg M-A",
  "players": [
    "Danielopi",
    "Marcio Lira"
  ],
  "log": "|j|\u2606Danielopi\n|j|\u2606Marcio Lira\n|t:|1776574332\n|gametype|doubles\n|player|p1|Danielopi|rood|1107\n|player|p2|Marcio Lira|bugcatcher-gen4dp|1087\n|gen|9\n|tier|[Gen 9 Champions] VGC 2026 Reg M-A\n|rated|\n|rule|Species Clause: Limit one of each Pok\u00e9mon\n|rule|Item Clause: Limit 1 of each item\n|clearpoke\n|poke|p1|Kingambit, L50, M|\n|poke|p1|Archaludon, L50, M|\n|poke|p1|Basculegion, L50, M|\n|poke|p1|Scovillain, L50, F|\n|poke|p1|Aerodactyl, L50, F|\n|poke|p1|Pelipper, L50, M|\n|poke|p2|Pelipper, L50, M|\n|poke|p2|Primarina, L50, F|\n|poke|p2|Basculegion, L50, M|\n|poke|p2|Archaludon, L50, M|\n|poke|p2|Scovillain, L50, M|\n|poke|p2|Incineroar, L50, M|\n|teampreview|4\n|inactive|Battle timer is ON: inactive players will automatically lose when time's up. (requested by Danielopi)\n|inactive|Marcio Lira has 60 seconds left.\n|inactive|Marcio Lira has 30 seconds left.\n|\n|t:|1776574395\n|teamsize|p1|4\n|teamsize|p2|4\n|start\n|switch|p1a: Kingambit|Kingambit, L50, M|100/100\n|switch|p1b: Archaludon|Archaludon, L50, M|100/100\n|switch|p2a: Basculegion|Basculegion, L50, M|100/100\n|switch|p2b: Incineroar|Incineroar, L50, M|100/100\n|-ability|p2b: Incineroar|Intimidate|boost\n|-unboost|p1a: Kingambit|atk|1\n|-ability|p1a: Kingambit|Defiant|boost\n|-boost|p1a: Kingambit|atk|2\n|-unboost|p1b: Archaludon|atk|1\n|turn|1\n|\n|t:|1776574406\n|move|p2b: Incineroar|Fake Out|p1a: Kingambit\n|-resisted|p1a: Kingambit|1\n|-damage|p1a: Kingambit|96/100\n|cant|p1a: Kingambit|flinch\n|move|p2a: Basculegion|Flip Turn|p1a: Kingambit\n|-damage|p1a: Kingambit|67/100\n|\n|t:|1776574413\n|switch|p2a: Scovillain|Scovillain, L50, M|100/100|[from] Flip Turn\n|move|p1b: Archaludon|Aura Sphere|p2b: Incineroar\n|-supereffective|p2b: Incineroar|1\n|-damage|p2b: Incineroar|33/100\n|-enditem|p2b: Incineroar|Sitrus Berry|[eat]\n|-heal|p2b: Incineroar|58/100|[from] item: Sitrus Berry\n|\n|upkeep\n|turn|2\n|\n|t:|1776574428\n|detailschange|p2a: Scovillain|Scovillain-Mega, L50, M\n|-mega|p2a: Scovillain|Scovillain|Scovillainite\n|move|p1a: Kingambit|Protect|p1a: Kingambit\n|-singleturn|p1a: Kingambit|Protect\n|move|p2a: Scovillain|Rage Powder|p2a: Scovillain\n|-singleturn|p2a: Scovillain|move: Rage Powder\n|move|p1b: Archaludon|Aura Sphere|p2b: Incineroar\n|-supereffective|p2b: Incineroar|1\n|-damage|p2b: Incineroar|0 fnt\n|faint|p2b: Incineroar\n|\n|upkeep\n|\n|t:|1776574432\n|switch|p2b: Primarina|Primarina, L50, F|100/100\n|turn|3\n|inactive|Danielopi has 30 seconds left.\n|\n|t:|1776574467\n|switch|p1b: Aerodactyl|Aerodactyl, L50, F|100/100\n|-ability|p1b: Aerodactyl|Unnerve\n|switch|p1a: Pelipper|Pelipper, L50, M|100/100\n|-weather|RainDance|[from] ability: Drizzle|[of] p1a: Pelipper\n|move|p2a: Scovillain|Leech Seed|p1b: Aerodactyl\n|-start|p1b: Aerodactyl|move: Leech Seed\n|move|p2b: Primarina|Calm Mind|p2b: Primarina\n|-boost|p2b: Primarina|spa|1\n|-boost|p2b: Primarina|spd|1\n|\n|-weather|RainDance|[upkeep]\n|-damage|p1b: Aerodactyl|88/100|[from] Leech Seed|[of] p2a: Scovillain\n|upkeep\n|turn|4\n|\n|t:|1776574483\n|detailschange|p1b: Aerodactyl|Aerodactyl-Mega, L50, F\n|-mega|p1b: Aerodactyl|Aerodactyl|Aerodactylite\n|move|p1b: Aerodactyl|Protect|p1b: Aerodactyl\n|-singleturn|p1b: Aerodactyl|Protect\n|move|p2a: Scovillain|Rage Powder|p2a: Scovillain\n|-singleturn|p2a: Scovillain|move: Rage Powder\n|move|p1a: Pelipper|Hurricane|p2a: Scovillain\n|-supereffective|p2a: Scovillain|1\n|-damage|p2a: Scovillain|40/100\n|-status|p1a: Pelipper|brn|[from] ability: Spicy Spray|[of] p2a: Scovillain\n|move|p2b: Primarina|Hyper Voice|p1a: Pelipper|[spread] p1a\n|-activate|p1b: Aerodactyl|move: Protect\n|-resisted|p1a: Pelipper|1\n|-damage|p1a: Pelipper|49/100 brn\n|-enditem|p1a: Pelipper|Sitrus Berry|[eat]\n|-heal|p1a: Pelipper|74/100 brn|[from] item: Sitrus Berry\n|\n|-weather|RainDance|[upkeep]\n|-damage|p1b: Aerodactyl|76/100|[from] Leech Seed|[of] p2a: Scovillain\n|-heal|p2a: Scovillain|51/100|[silent]\n|-damage|p1a: Pelipper|68/100 brn|[from] brn\n|upkeep\n|turn|5\n|\n|t:|1776574499\n|switch|p1b: Archaludon|Archaludon, L50, M|100/100\n|move|p2a: Scovillain|Protect|p2a: Scovillain\n|-singleturn|p2a: Scovillain|Protect\n|move|p1a: Pelipper|Hurricane|p2a: Scovillain\n|-activate|p2a: Scovillain|move: Protect\n|move|p2b: Primarina|Hyper Voice|p1a: Pelipper|[spread] p1a,p1b\n|-resisted|p1a: Pelipper|1\n|-resisted|p1b: Archaludon|1\n|-damage|p1a: Pelipper|13/100 brn\n|-damage|p1b: Archaludon|21/100\n|\n|-weather|RainDance|[upkeep]\n|-damage|p1a: Pelipper|7/100 brn|[from] brn\n|upkeep\n|turn|6\n|inactive|Marcio Lira has 30 seconds left.\n|\n|t:|1776574530\n|switch|p2a: Basculegion|Basculegion, L50, M|100/100\n|move|p2b: Primarina|Protect|p2b: Primarina\n|-singleturn|p2b: Primarina|Protect\n|move|p1b: Archaludon|Electro Shot||[still]\n|-prepare|p1b: Archaludon|Electro Shot\n|-boost|p1b: Archaludon|spa|1\n|-anim|p1b: Archaludon|Electro Shot|p2b: Primarina\n|-activate|p2b: Primarina|move: Protect\n|move|p1a: Pelipper|Hurricane|p2a: Basculegion\n|-damage|p2a: Basculegion|59/100\n|\n|-weather|RainDance|[upkeep]\n|-damage|p1a: Pelipper|1/100 brn|[from] brn\n|upkeep\n|turn|7\n|\n|t:|1776574549\n|move|p1a: Pelipper|Wide Guard|p1a: Pelipper\n|-singleturn|p1a: Pelipper|Wide Guard\n|move|p2a: Basculegion|Last Respects|p1b: Archaludon\n|-damage|p1b: Archaludon|0 fnt\n|faint|p1b: Archaludon\n|move|p2b: Primarina|Hyper Voice|p1a: Pelipper\n|-activate|p1a: Pelipper|move: Wide Guard\n|\n|-weather|none\n|-damage|p1a: Pelipper|0 fnt|[from] brn\n|faint|p1a: Pelipper\n|upkeep\n|\n|t:|1776574555\n|switch|p1b: Aerodactyl|Aerodactyl-Mega, L50, F|76/100\n|switch|p1a: Kingambit|Kingambit, L50, M|67/100\n|turn|8\n|\n|t:|1776574576\n|switch|p2a: Scovillain|Scovillain-Mega, L50, M|51/100\n|move|p1b: Aerodactyl|Protect|p1b: Aerodactyl\n|-singleturn|p1b: Aerodactyl|Protect\n|move|p2b: Primarina|Protect|p2b: Primarina\n|-singleturn|p2b: Primarina|Protect\n|move|p1a: Kingambit|Sucker Punch||[still]\n|-fail|p1a: Kingambit\n|\n|upkeep\n|turn|9\n|\n|t:|1776574591\n|move|p2a: Scovillain|Rage Powder|p2a: Scovillain\n|-singleturn|p2a: Scovillain|move: Rage Powder\n|move|p1b: Aerodactyl|Stone Edge|p2a: Scovillain\n|-supereffective|p2a: Scovillain|1\n|-crit|p2a: Scovillain\n|-damage|p2a: Scovillain|0 fnt\n|-status|p1b: Aerodactyl|brn|[from] ability: Spicy Spray|[of] p2a: Scovillain\n|faint|p2a: Scovillain\n|move|p2b: Primarina|Moonblast|p1a: Kingambit\n|-damage|p1a: Kingambit|0 fnt\n|faint|p1a: Kingambit\n|\n|-damage|p1b: Aerodactyl|71/100 brn|[from] brn\n|upkeep\n|\n|t:|1776574600\n|switch|p2a: Basculegion|Basculegion, L50, M|59/100\n|turn|10\n|-message|Danielopi forfeited.\n|\n|win|Marcio Lira\n|raw|Danielopi's rating: 1107 &rarr; <strong>1081</strong><br />(-26 for losing)\n|raw|Marcio Lira's rating: 1087 &rarr; <strong>1115</strong><br />(+28 for winning)\n|c|\u2606Marcio Lira|gg\n|l|\u2606Danielopi\n|player|p1|\n|l|\u2606Marcio Lira\n|player|p2|\n|j|\u2606Marcio Lira\n|player|p2|Marcio Lira|bugcatcher-gen4dp|\n",
  "uploadtime": 1776575056,
  "views": 15,
  "formatid": "gen9championsvgc2026regma",
  "rating": 1081,
  "private": 0,
  "password": null
}