{
  "id": "gen9championsvgc2026regma-2586301665",
  "format": "[Gen 9 Champions] VGC 2026 Reg M-A",
  "players": [
    "Coperr",
    "ScooteezyVGC"
  ],
  "log": "|j|\u2606Coperr\n|j|\u2606ScooteezyVGC\n|t:|1776423048\n|gametype|doubles\n|player|p1|Coperr|102|1070\n|player|p2|ScooteezyVGC|red|1104\n|gen|9\n|tier|[Gen 9 Champions] VGC 2026 Reg M-A\n|rated|\n|rule|Species Clause: Limit one of each Pok\u00e9mon\n|rule|Item Clause: Limit 1 of each item\n|clearpoke\n|poke|p1|Aerodactyl, L50, F|\n|poke|p1|Garchomp, L50, F|\n|poke|p1|Orthworm, L50, F|\n|poke|p1|Tsareena, L50, F|\n|poke|p1|Dragonite, L50, F|\n|poke|p1|Zoroark-Hisui, L50, M|\n|poke|p2|Simipour, L50, M|\n|poke|p2|Floette-Eternal, L50, F|\n|poke|p2|Garchomp, L50, M|\n|poke|p2|Aerodactyl, L50, F|\n|poke|p2|Rotom-Heat, L50|\n|poke|p2|Archaludon, L50, F|\n|teampreview|4\n|inactive|Battle timer is ON: inactive players will automatically lose when time's up. (requested by ScooteezyVGC)\n|\n|t:|1776423103\n|teamsize|p1|4\n|teamsize|p2|4\n|start\n|switch|p1a: Aerodactyl|Aerodactyl, L50, F|100/100\n|switch|p1b: Orthworm|Orthworm, L50, F|100/100\n|switch|p2a: Simipour|Simipour, L50, M|100/100\n|switch|p2b: Rotom|Rotom-Heat, L50|100/100\n|-ability|p1a: Aerodactyl|Pressure\n|turn|1\n|inactive|Coperr has 30 seconds left.\n|\n|t:|1776423135\n|detailschange|p1a: Aerodactyl|Aerodactyl-Mega, L50, F\n|-mega|p1a: Aerodactyl|Aerodactyl|Aerodactylite\n|move|p2b: Rotom|Volt Switch|p1a: Aerodactyl\n|-supereffective|p1a: Aerodactyl|1\n|-damage|p1a: Aerodactyl|24/100\n|\n|t:|1776423142\n|switch|p2b: Archaludon|Archaludon, L50, F|100/100|[from] Volt Switch\n|move|p1a: Aerodactyl|Rock Slide|p2a: Simipour|[spread] p2a,p2b\n|-resisted|p2b: Archaludon|1\n|-damage|p2a: Simipour|44/100\n|-damage|p2b: Archaludon|85/100\n|cant|p2a: Simipour|flinch\n|move|p1b: Orthworm|Shed Tail|p1b: Orthworm\n|-start|p1b: Orthworm|Substitute|[from] move: Shed Tail\n|-damage|p1b: Orthworm|50/100\n|-enditem|p1b: Orthworm|Sitrus Berry|[eat]\n|-heal|p1b: Orthworm|75/100|[from] item: Sitrus Berry\n|\n|t:|1776423158\n|switch|p1b: Garchomp|Garchomp, L50, F|100/100|[from] Shed Tail\n|\n|upkeep\n|turn|2\n|\n|t:|1776423177\n|move|p2b: Archaludon|Protect|p2b: Archaludon\n|-singleturn|p2b: Archaludon|Protect\n|move|p1a: Aerodactyl|Dual Wingbeat|p2a: Simipour|[miss]\n|-miss|p1a: Aerodactyl|p2a: Simipour\n|move|p1b: Garchomp|Flamethrower|p2b: Archaludon\n|-activate|p2b: Archaludon|move: Protect\n|move|p2a: Simipour|Ice Beam|p1b: Garchomp\n|-end|p1b: Garchomp|Substitute\n|\n|upkeep\n|turn|3\n|inactive|Coperr has 30 seconds left.\n|\n|t:|1776423206\n|switch|p2b: Rotom|Rotom-Heat, L50|100/100\n|move|p1a: Aerodactyl|Dual Wingbeat|p2a: Simipour\n|-damage|p2a: Simipour|0 fnt\n|faint|p2a: Simipour\n|-hitcount|p2: Simipour|1\n|move|p1b: Garchomp|Flamethrower|p2b: Rotom\n|-resisted|p2b: Rotom|1\n|-damage|p2b: Rotom|82/100\n|\n|upkeep\n|\n|t:|1776423211\n|switch|p2a: Floette|Floette-Eternal, L50, F|100/100\n|turn|4\n|inactive|Coperr has 30 seconds left.\n|inactive|Coperr has 20 seconds left.\n|\n|t:|1776423246\n|detailschange|p2a: Floette|Floette-Mega, L50, F\n|-mega|p2a: Floette|Floette|Floettite\n|-ability|p2a: Floette|Fairy Aura\n|move|p1a: Aerodactyl|Wide Guard|p1a: Aerodactyl\n|-singleturn|p1a: Aerodactyl|Wide Guard\n|move|p2b: Rotom|Volt Switch|p1a: Aerodactyl\n|-supereffective|p1a: Aerodactyl|1\n|-damage|p1a: Aerodactyl|0 fnt\n|faint|p1a: Aerodactyl\n|\n|t:|1776423260\n|switch|p2b: Archaludon|Archaludon, L50, F|85/100|[from] Volt Switch\n|move|p1b: Garchomp|Hyper Voice|p2b: Archaludon|[spread] p2a,p2b\n|-resisted|p2b: Archaludon|1\n|-damage|p2a: Floette|64/100\n|-damage|p2b: Archaludon|56/100\n|move|p2a: Floette|Moonblast|p1b: Garchomp\n|-damage|p1b: Garchomp|0 fnt\n|replace|p1b: Zoroark|Zoroark-Hisui, L50, M\n|-end|p1b: Zoroark|Illusion\n|faint|p1b: Zoroark\n|\n|upkeep\n|\n|t:|1776423270\n|switch|p1a: Orthworm|Orthworm, L50, F|75/100\n|switch|p1b: Garchomp|Garchomp, L50, F|100/100\n|turn|5\n|\n|t:|1776423282\n|move|p1b: Garchomp|Protect|p1b: Garchomp\n|-singleturn|p1b: Garchomp|Protect\n|move|p2a: Floette|Moonblast|p1b: Garchomp\n|-activate|p1b: Garchomp|move: Protect\n|move|p2b: Archaludon|Aura Sphere|p1a: Orthworm\n|-supereffective|p1a: Orthworm|1\n|-damage|p1a: Orthworm|11/100\n|move|p1a: Orthworm|Heavy Slam|p2a: Floette\n|-supereffective|p2a: Floette|1\n|-damage|p2a: Floette|0 fnt\n|faint|p2a: Floette\n|\n|upkeep\n|\n|t:|1776423299\n|switch|p2a: Rotom|Rotom-Heat, L50|82/100\n|turn|6\n|inactive|Coperr has 30 seconds left.\n|\n|t:|1776423332\n|move|p2a: Rotom|Trick|p2b: Archaludon\n|-activate|p2a: Rotom|move: Trick|[of] p2b: Archaludon\n|-item|p2b: Archaludon|Choice Scarf|[from] move: Trick\n|-item|p2a: Rotom|White Herb|[from] move: Trick\n|move|p2b: Archaludon|Draco Meteor|p1b: Garchomp\n|-supereffective|p1b: Garchomp|1\n|-damage|p1b: Garchomp|0 fnt\n|-unboost|p2b: Archaludon|spa|2\n|faint|p1b: Garchomp\n|move|p1a: Orthworm|Body Press|p2b: Archaludon\n|-supereffective|p2b: Archaludon|1\n|-damage|p2b: Archaludon|10/100\n|\n|upkeep\n|turn|7\n|c|\u2606Coperr|oh damn, nice move\n|\n|t:|1776423349\n|move|p2b: Archaludon|Draco Meteor|p1a: Orthworm\n|-resisted|p1a: Orthworm|1\n|-damage|p1a: Orthworm|0 fnt\n|-unboost|p2b: Archaludon|spa|2\n|faint|p1a: Orthworm\n|\n|win|ScooteezyVGC\n|raw|Coperr's rating: 1070 &rarr; <strong>1051</strong><br />(-19 for losing)\n|raw|ScooteezyVGC's rating: 1104 &rarr; <strong>1127</strong><br />(+23 for winning)\n|l|\u2606Coperr\n|player|p1|\n",
  "uploadtime": 1776423373,
  "views": 33,
  "formatid": "gen9championsvgc2026regma",
  "rating": 1051,
  "private": 0,
  "password": null
}