{
  "id": "gen9championsvgc2026regma-2584482042",
  "format": "[Gen 9 Champions] VGC 2026 Reg M-A",
  "players": [
    "KuroiRyu1122",
    "KingOfGreed64"
  ],
  "log": "|j|\u2606KuroiRyu1122\n|j|\u2606KingOfGreed64\n|t:|1776263785\n|gametype|doubles\n|player|p1|KuroiRyu1122|265|1285\n|player|p2|KingOfGreed64|guzma|1276\n|gen|9\n|tier|[Gen 9 Champions] VGC 2026 Reg M-A\n|rated|\n|rule|Species Clause: Limit one of each Pok\u00e9mon\n|rule|Item Clause: Limit 1 of each item\n|clearpoke\n|poke|p1|Gengar, L50, M|\n|poke|p1|Corviknight, L50, F|\n|poke|p1|Sinistcha, L50|\n|poke|p1|Garchomp, L50, F|\n|poke|p1|Sneasler, L50, M|\n|poke|p1|Incineroar, L50, F|\n|poke|p2|Hippowdon, L50, F|\n|poke|p2|Garchomp, L50, M|\n|poke|p2|Rotom-Wash, L50|\n|poke|p2|Excadrill, L50, M|\n|poke|p2|Aegislash, L50, F|\n|poke|p2|Clefable, L50, M|\n|teampreview|4\n|inactive|Battle timer is ON: inactive players will automatically lose when time's up. (requested by KuroiRyu1122)\n|inactive|KuroiRyu1122 has 60 seconds left.\n|inactive|KingOfGreed64 has 60 seconds left.\n|\n|t:|1776263826\n|teamsize|p1|4\n|teamsize|p2|4\n|start\n|switch|p1a: Garchomp|Garchomp, L50, F, shiny|100/100\n|switch|p1b: Sneasler|Sneasler, L50, M, shiny|100/100\n|switch|p2a: Hippowdon|Hippowdon, L50, F|100/100\n|switch|p2b: Garchomp|Garchomp, L50, M|100/100\n|-weather|Sandstorm|[from] ability: Sand Stream|[of] p2a: Hippowdon\n|turn|1\n|\n|t:|1776263853\n|move|p2b: Garchomp|Protect|p2b: Garchomp\n|-singleturn|p2b: Garchomp|Protect\n|move|p2a: Hippowdon|Protect|p2a: Hippowdon\n|-singleturn|p2a: Hippowdon|Protect\n|move|p1b: Sneasler|Fake Out|p2a: Hippowdon\n|-activate|p2a: Hippowdon|move: Protect\n|move|p1a: Garchomp|Dragon Claw|p2b: Garchomp\n|-activate|p2b: Garchomp|move: Protect\n|\n|-weather|Sandstorm|[upkeep]\n|-damage|p1b: Sneasler|95/100|[from] Sandstorm\n|upkeep\n|turn|2\n|\n|t:|1776263881\n|switch|p1b: Sinistcha|Sinistcha, L50, shiny|100/100\n|move|p1a: Garchomp|Dragon Claw|p2b: Garchomp\n|-supereffective|p2b: Garchomp|1\n|-damage|p2b: Garchomp|3/100\n|move|p2b: Garchomp|Dragon Claw|p1a: Garchomp\n|-supereffective|p1a: Garchomp|1\n|-damage|p1a: Garchomp|15/100\n|-damage|p2b: Garchomp|0 fnt|[from] ability: Rough Skin|[of] p1a: Garchomp\n|faint|p2b: Garchomp\n|move|p2a: Hippowdon|High Horsepower|p1b: Sinistcha\n|-resisted|p1b: Sinistcha|1\n|-damage|p1b: Sinistcha|87/100\n|\n|-weather|Sandstorm|[upkeep]\n|-damage|p1b: Sinistcha|81/100|[from] Sandstorm\n|upkeep\n|inactive|KingOfGreed64 has 30 seconds left.\n|\n|t:|1776263909\n|switch|p2b: Excadrill|Excadrill, L50, M, shiny|100/100\n|turn|3\n|\n|t:|1776263929\n|move|p2b: Excadrill|High Horsepower|p1a: Garchomp\n|-damage|p1a: Garchomp|0 fnt\n|-damage|p2b: Excadrill|88/100|[from] ability: Rough Skin|[of] p1a: Garchomp\n|faint|p1a: Garchomp\n|move|p1b: Sinistcha|Matcha Gotcha|p2b: Excadrill|[spread] p2a,p2b\n|-supereffective|p2a: Hippowdon|1\n|-damage|p2a: Hippowdon|62/100\n|-heal|p1b: Sinistcha|100/100|[from] drain|[of] p2a: Hippowdon\n|-damage|p2b: Excadrill|56/100\n|move|p2a: Hippowdon|Yawn|p1b: Sinistcha\n|-start|p1b: Sinistcha|move: Yawn|[of] p2a: Hippowdon\n|\n|-weather|Sandstorm|[upkeep]\n|-damage|p1b: Sinistcha|94/100|[from] Sandstorm\n|-heal|p2a: Hippowdon|68/100|[from] item: Leftovers\n|upkeep\n|\n|t:|1776263942\n|switch|p1a: Gengar|Gengar, L50, M, shiny|100/100\n|turn|4\n|\n|t:|1776263950\n|move|p1a: Gengar|Protect|p1a: Gengar\n|-singleturn|p1a: Gengar|Protect\n|move|p2b: Excadrill|High Horsepower|p1a: Gengar\n|-activate|p1a: Gengar|move: Protect\n|move|p1b: Sinistcha|Strength Sap|p2b: Excadrill\n|-unboost|p2b: Excadrill|atk|1\n|-heal|p1b: Sinistcha|100/100\n|move|p2a: Hippowdon|High Horsepower|p1a: Gengar\n|-activate|p1a: Gengar|move: Protect\n|\n|-weather|Sandstorm|[upkeep]\n|-damage|p1a: Gengar|95/100|[from] Sandstorm\n|-damage|p1b: Sinistcha|94/100|[from] Sandstorm\n|-heal|p2a: Hippowdon|75/100|[from] item: Leftovers\n|-end|p1b: Sinistcha|move: Yawn|[silent]\n|-status|p1b: Sinistcha|slp\n|upkeep\n|turn|5\n|inactive|KuroiRyu1122 has 30 seconds left.\n|inactive|KuroiRyu1122 has 20 seconds left.\n|\n|t:|1776263987\n|detailschange|p2b: Excadrill|Excadrill-Mega, L50, M, shiny\n|-mega|p2b: Excadrill|Excadrill|Excadrite\n|detailschange|p1a: Gengar|Gengar-Mega, L50, M, shiny\n|-mega|p1a: Gengar|Gengar|Gengarite\n|cant|p1b: Sinistcha|slp\n|move|p1a: Gengar|Shadow Ball|p2b: Excadrill\n|-damage|p2b: Excadrill|0 fnt\n|faint|p2b: Excadrill\n|move|p2a: Hippowdon|High Horsepower|p1a: Gengar\n|-supereffective|p1a: Gengar|1\n|-damage|p1a: Gengar|0 fnt\n|faint|p1a: Gengar\n|\n|-weather|none\n|-heal|p2a: Hippowdon|81/100|[from] item: Leftovers\n|upkeep\n|\n|t:|1776263999\n|switch|p1a: Sneasler|Sneasler, L50, M, shiny|95/100\n|switch|p2b: Rotom|Rotom-Wash, L50|100/100\n|turn|6\n|c|\u2606KuroiRyu1122|base exca would've won\n|c|\u2606KingOfGreed64|yeah it was my bad\n|inactive|KingOfGreed64 has 30 seconds left.\n|\n|t:|1776264032\n|move|p1a: Sneasler|Fake Out|p2a: Hippowdon\n|-damage|p2a: Hippowdon|70/100\n|cant|p1b: Sinistcha|slp\n|move|p2b: Rotom|Will-O-Wisp|p1a: Sneasler|[miss]\n|-miss|p2b: Rotom|p1a: Sneasler\n|cant|p2a: Hippowdon|flinch\n|\n|-heal|p2a: Hippowdon|76/100|[from] item: Leftovers\n|upkeep\n|turn|7\n|\n|t:|1776264043\n|move|p1a: Sneasler|Protect|p1a: Sneasler\n|-singleturn|p1a: Sneasler|Protect\n|move|p2b: Rotom|Discharge|p1a: Sneasler|[spread] p1b\n|-activate|p1a: Sneasler|move: Protect\n|-immune|p2a: Hippowdon\n|-resisted|p1b: Sinistcha|1\n|-damage|p1b: Sinistcha|81/100 slp\n|-curestatus|p1b: Sinistcha|slp|[msg]\n|move|p1b: Sinistcha|Matcha Gotcha|p2b: Rotom|[spread] p2a,p2b\n|-supereffective|p2a: Hippowdon|1\n|-supereffective|p2b: Rotom|1\n|-crit|p2b: Rotom\n|-damage|p2a: Hippowdon|35/100\n|-heal|p1b: Sinistcha|100/100|[from] drain|[of] p2a: Hippowdon\n|-damage|p2b: Rotom|38/100\n|-enditem|p2b: Rotom|Sitrus Berry|[eat]\n|-heal|p2b: Rotom|63/100|[from] item: Sitrus Berry\n|move|p2a: Hippowdon|High Horsepower|p1a: Sneasler\n|-activate|p1a: Sneasler|move: Protect\n|\n|-heal|p2a: Hippowdon|41/100|[from] item: Leftovers\n|upkeep\n|turn|8\n|\n|t:|1776264061\n|move|p1b: Sinistcha|Rage Powder|p1b: Sinistcha\n|-singleturn|p1b: Sinistcha|move: Rage Powder\n|move|p1a: Sneasler|Close Combat|p2b: Rotom\n|-damage|p2b: Rotom|0 fnt\n|-unboost|p1a: Sneasler|def|1\n|-unboost|p1a: Sneasler|spd|1\n|faint|p2b: Rotom\n|-enditem|p1a: Sneasler|White Herb\n|-clearnegativeboost|p1a: Sneasler|[silent]\n|move|p2a: Hippowdon|Yawn|p1b: Sinistcha\n|-start|p1b: Sinistcha|move: Yawn|[of] p2a: Hippowdon\n|\n|-heal|p2a: Hippowdon|48/100|[from] item: Leftovers\n|upkeep\n|turn|9\n|\n|t:|1776264073\n|move|p2a: Hippowdon|Protect|p2a: Hippowdon\n|-singleturn|p2a: Hippowdon|Protect\n|move|p1a: Sneasler|Close Combat|p2a: Hippowdon\n|-activate|p2a: Hippowdon|move: Protect\n|move|p1b: Sinistcha|Matcha Gotcha|p2a: Hippowdon\n|-activate|p2a: Hippowdon|move: Protect\n|\n|-heal|p2a: Hippowdon|54/100|[from] item: Leftovers\n|-end|p1b: Sinistcha|move: Yawn|[silent]\n|-status|p1b: Sinistcha|slp\n|upkeep\n|turn|10\n|\n|t:|1776264079\n|cant|p1b: Sinistcha|slp\n|move|p1a: Sneasler|Close Combat|p2a: Hippowdon\n|-damage|p2a: Hippowdon|14/100\n|-unboost|p1a: Sneasler|def|1\n|-unboost|p1a: Sneasler|spd|1\n|move|p2a: Hippowdon|High Horsepower|p1a: Sneasler\n|-supereffective|p1a: Sneasler|1\n|-crit|p1a: Sneasler\n|-damage|p1a: Sneasler|0 fnt\n|faint|p1a: Sneasler\n|\n|-heal|p2a: Hippowdon|21/100|[from] item: Leftovers\n|upkeep\n|turn|11\n|\n|t:|1776264089\n|-curestatus|p1b: Sinistcha|slp|[msg]\n|move|p1b: Sinistcha|Matcha Gotcha|p2a: Hippowdon\n|-supereffective|p2a: Hippowdon|1\n|-damage|p2a: Hippowdon|0 fnt\n|faint|p2a: Hippowdon\n|\n|win|KuroiRyu1122\n|raw|KuroiRyu1122's rating: 1285 &rarr; <strong>1309</strong><br />(+24 for winning)\n|raw|KingOfGreed64's rating: 1276 &rarr; <strong>1252</strong><br />(-24 for losing)\n|c|\u2606KingOfGreed64|gg\n|c|\u2606KuroiRyu1122|gg\n|l|\u2606KingOfGreed64\n|player|p2|\n",
  "uploadtime": 1776264099,
  "views": 39,
  "formatid": "gen9championsvgc2026regma",
  "rating": 1252,
  "private": 0,
  "password": null
}