{
  "id": "gen9championsvgc2026regma-2586444083",
  "format": "[Gen 9 Champions] VGC 2026 Reg M-A",
  "players": [
    "storm93ita",
    "rytjbjt"
  ],
  "log": "|j|\u2606storm93ita\n|j|\u2606rytjbjt\n|t:|1776435103\n|gametype|doubles\n|player|p1|storm93ita|volkner|1112\n|player|p2|rytjbjt|sage|1099\n|gen|9\n|tier|[Gen 9 Champions] VGC 2026 Reg M-A\n|rated|\n|rule|Species Clause: Limit one of each Pok\u00e9mon\n|rule|Item Clause: Limit 1 of each item\n|clearpoke\n|poke|p1|Dragonite, L50, F|\n|poke|p1|Basculegion, L50, M|\n|poke|p1|Archaludon, L50, M|\n|poke|p1|Meganium, L50, M|\n|poke|p1|Sneasler, L50, M|\n|poke|p1|Pelipper, L50, M|\n|poke|p2|Gengar, L50, F|\n|poke|p2|Incineroar, L50, M|\n|poke|p2|Clefable, L50, M|\n|poke|p2|Sinistcha, L50|\n|poke|p2|Samurott-Hisui, L50, F|\n|poke|p2|Kommo-o, L50, M|\n|teampreview|4\n|inactive|Battle timer is ON: inactive players will automatically lose when time's up. (requested by storm93ita)\n|\n|t:|1776435135\n|teamsize|p1|4\n|teamsize|p2|4\n|start\n|switch|p1a: Pelipper|Pelipper, L50, M|100/100\n|switch|p1b: Dragonite|Dragonite, L50, F|100/100\n|switch|p2a: Samurott|Samurott-Hisui, L50, F|100/100\n|switch|p2b: Gengar|Gengar, L50, F|100/100\n|-weather|RainDance|[from] ability: Drizzle|[of] p1a: Pelipper\n|turn|1\n|\n|t:|1776435155\n|detailschange|p2b: Gengar|Gengar-Mega, L50, F\n|-mega|p2b: Gengar|Gengar|Gengarite\n|detailschange|p1b: Dragonite|Dragonite-Mega, L50, F\n|-mega|p1b: Dragonite|Dragonite|Dragoninite\n|move|p1b: Dragonite|Protect|p1b: Dragonite\n|-singleturn|p1b: Dragonite|Protect\n|move|p2a: Samurott|Night Slash|p1b: Dragonite\n|-activate|p1b: Dragonite|move: Protect\n|move|p2b: Gengar|Shadow Ball|p1b: Dragonite\n|-activate|p1b: Dragonite|move: Protect\n|move|p1a: Pelipper|Tailwind|p1a: Pelipper\n|-sidestart|p1: storm93ita|move: Tailwind\n|\n|-weather|RainDance|[upkeep]\n|upkeep\n|turn|2\n|\n|t:|1776435174\n|move|p2b: Gengar|Protect|p2b: Gengar\n|-singleturn|p2b: Gengar|Protect\n|move|p1b: Dragonite|Hurricane|p2b: Gengar\n|-activate|p2b: Gengar|move: Protect\n|move|p2a: Samurott|Night Slash|p1b: Dragonite\n|-damage|p1b: Dragonite|76/100\n|move|p1a: Pelipper|Hurricane|p2b: Gengar\n|-activate|p2b: Gengar|move: Protect\n|\n|-weather|RainDance|[upkeep]\n|upkeep\n|turn|3\n|inactive|rytjbjt has 30 seconds left.\n|\n|t:|1776435208\n|switch|p2b: Kommo-o|Kommo-o, L50, M|100/100\n|move|p1b: Dragonite|Hurricane|p2b: Kommo-o\n|-supereffective|p2b: Kommo-o|1\n|-damage|p2b: Kommo-o|0 fnt\n|faint|p2b: Kommo-o\n|move|p2a: Samurott|Night Slash|p1b: Dragonite\n|-crit|p1b: Dragonite\n|-damage|p1b: Dragonite|6/100\n|move|p1a: Pelipper|Hurricane|p2a: Samurott\n|-damage|p2a: Samurott|40/100\n|-start|p2a: Samurott|confusion\n|\n|-weather|RainDance|[upkeep]\n|upkeep\n|\n|t:|1776435219\n|switch|p2b: Sinistcha|Sinistcha, L50|100/100\n|-heal|p2a: Samurott|65/100|[from] ability: Hospitality|[of] p2b: Sinistcha\n|turn|4\n|\n|t:|1776435241\n|move|p2b: Sinistcha|Rage Powder|p2b: Sinistcha\n|-singleturn|p2b: Sinistcha|move: Rage Powder\n|move|p1b: Dragonite|Hurricane|p2b: Sinistcha\n|-supereffective|p2b: Sinistcha|1\n|-damage|p2b: Sinistcha|0 fnt\n|faint|p2b: Sinistcha\n|-activate|p2a: Samurott|confusion\n|move|p2a: Samurott|Night Slash|p1a: Pelipper\n|-damage|p1a: Pelipper|54/100\n|move|p1a: Pelipper|Hurricane|p2a: Samurott\n|-damage|p2a: Samurott|5/100\n|\n|-weather|RainDance|[upkeep]\n|-sideend|p1: storm93ita|move: Tailwind\n|upkeep\n|\n|t:|1776435245\n|switch|p2b: Gengar|Gengar-Mega, L50, F|100/100\n|turn|5\n|\n|t:|1776435263\n|move|p1b: Dragonite|Protect|p1b: Dragonite\n|-singleturn|p1b: Dragonite|Protect\n|-activate|p2a: Samurott|confusion\n|move|p2a: Samurott|Night Slash|p1b: Dragonite\n|-activate|p1b: Dragonite|move: Protect\n|move|p2b: Gengar|Shadow Ball|p1a: Pelipper\n|-damage|p1a: Pelipper|7/100\n|move|p1a: Pelipper|Tailwind|p1a: Pelipper\n|-sidestart|p1: storm93ita|move: Tailwind\n|\n|-weather|none\n|upkeep\n|turn|6\n|inactive|rytjbjt has 30 seconds left.\n|inactive|rytjbjt has 20 seconds left.\n|inactive|rytjbjt has 15 seconds left.\n|inactive|rytjbjt has 10 seconds left.\n|inactive|rytjbjt has 5 seconds left.\n|\n|t:|1776435318\n|move|p1b: Dragonite|Ice Beam|p2a: Samurott\n|-resisted|p2a: Samurott|1\n|-damage|p2a: Samurott|0 fnt\n|faint|p2a: Samurott\n|move|p2b: Gengar|Shadow Ball|p1a: Pelipper\n|-damage|p1a: Pelipper|0 fnt\n|faint|p1a: Pelipper\n|\n|upkeep\n|\n|t:|1776435327\n|switch|p1a: Basculegion|Basculegion, L50, M|100/100\n|turn|7\n|inactive|rytjbjt has 30 seconds left.\n|inactive|rytjbjt has 20 seconds left.\n|inactive|rytjbjt has 15 seconds left.\n|inactive|rytjbjt has 10 seconds left.\n|inactive|rytjbjt has 5 seconds left.\n|\n|t:|1776435382\n|move|p1a: Basculegion|Wave Crash|p2b: Gengar\n|-damage|p2b: Gengar|31/100\n|-damage|p1a: Basculegion|84/100|[from] Recoil\n|move|p1b: Dragonite|Ice Beam|p2b: Gengar\n|-damage|p2b: Gengar|0 fnt\n|faint|p2b: Gengar\n|\n|win|storm93ita\n|raw|storm93ita's rating: 1112 &rarr; <strong>1136</strong><br />(+24 for winning)\n|raw|rytjbjt's rating: 1099 &rarr; <strong>1075</strong><br />(-24 for losing)\n|l|\u2606rytjbjt\n|player|p2|\n",
  "uploadtime": 1776435500,
  "views": 20,
  "formatid": "gen9championsvgc2026regma",
  "rating": 1075,
  "private": 0,
  "password": null
}