{
  "id": "gen9championsvgc2026regma-2584801344",
  "format": "[Gen 9 Champions] VGC 2026 Reg M-A",
  "players": [
    "campeondelfitness",
    "Arcaa9"
  ],
  "log": "|j|\u2606campeondelfitness\n|j|\u2606Arcaa9\n|t:|1776284670\n|gametype|doubles\n|player|p1|campeondelfitness|swimmer|1065\n|player|p2|Arcaa9|brycenman|1056\n|gen|9\n|tier|[Gen 9 Champions] VGC 2026 Reg M-A\n|rated|\n|rule|Species Clause: Limit one of each Pok\u00e9mon\n|rule|Item Clause: Limit 1 of each item\n|clearpoke\n|poke|p1|Tyranitar, L50, M|\n|poke|p1|Excadrill, L50, M|\n|poke|p1|Garchomp, L50, F|\n|poke|p1|Heliolisk, L50, F|\n|poke|p1|Rotom-Heat, L50|\n|poke|p1|Orthworm, L50, M|\n|poke|p2|Aerodactyl, L50, F|\n|poke|p2|Floette-Eternal, L50, F|\n|poke|p2|Sneasler, L50, M|\n|poke|p2|Kingambit, L50, F|\n|poke|p2|Maushold, L50|\n|poke|p2|Basculegion, L50, M|\n|teampreview|4\n|inactive|Battle timer is ON: inactive players will automatically lose when time's up. (requested by campeondelfitness)\n|inactive|campeondelfitness has 60 seconds left.\n|\n|t:|1776284721\n|teamsize|p1|4\n|teamsize|p2|4\n|start\n|switch|p1a: Rotom|Rotom-Heat, L50|100/100\n|switch|p1b: Excadrill|Excadrill, L50, M|100/100\n|switch|p2a: Sneasler|Sneasler, L50, M|100/100\n|switch|p2b: Aerodactyl|Aerodactyl, L50, F|100/100\n|-ability|p2b: Aerodactyl|Unnerve\n|turn|1\n|inactive|campeondelfitness has 30 seconds left.\n|inactive|campeondelfitness has 20 seconds left.\n|inactive|campeondelfitness has 15 seconds left.\n|inactive|campeondelfitness has 10 seconds left.\n|inactive|campeondelfitness has 5 seconds left.\n|\n|t:|1776284775\n|move|p2a: Sneasler|Fake Out|p1b: Excadrill\n|-resisted|p1b: Excadrill|1\n|-damage|p1b: Excadrill|91/100\n|move|p2b: Aerodactyl|Tailwind|p2b: Aerodactyl\n|-sidestart|p2: Arcaa9|move: Tailwind\n|cant|p1b: Excadrill|flinch\n|move|p1a: Rotom|Discharge|p2b: Aerodactyl|[spread] p2a,p2b\n|-immune|p1b: Excadrill\n|-supereffective|p2b: Aerodactyl|1\n|-damage|p2a: Sneasler|71/100\n|-damage|p2b: Aerodactyl|43/100\n|\n|upkeep\n|turn|2\n|\n|t:|1776284794\n|move|p1b: Excadrill|Protect|p1b: Excadrill\n|-singleturn|p1b: Excadrill|Protect\n|move|p2b: Aerodactyl|Rock Slide|p1a: Rotom|[spread] p1a\n|-activate|p1b: Excadrill|move: Protect\n|-supereffective|p1a: Rotom|1\n|-damage|p1a: Rotom|46/100\n|move|p2a: Sneasler|Close Combat|p1b: Excadrill\n|-activate|p1b: Excadrill|move: Protect\n|move|p1a: Rotom|Discharge|p2b: Aerodactyl|[spread] p2a,p2b\n|-activate|p1b: Excadrill|move: Protect\n|-supereffective|p2b: Aerodactyl|1\n|-crit|p2b: Aerodactyl\n|-damage|p2a: Sneasler|44/100\n|-damage|p2b: Aerodactyl|0 fnt\n|faint|p2b: Aerodactyl\n|\n|upkeep\n|\n|t:|1776284806\n|switch|p2b: Basculegion|Basculegion, L50, M|100/100\n|turn|3\n|inactive|campeondelfitness has 30 seconds left.\n|\n|t:|1776284835\n|switch|p1b: Tyranitar|Tyranitar, L50, M|100/100\n|-weather|Sandstorm|[from] ability: Sand Stream|[of] p1b: Tyranitar\n|switch|p1a: Orthworm|Orthworm, L50, M|100/100\n|move|p2b: Basculegion|Wave Crash|p1a: Orthworm\n|-damage|p1a: Orthworm|59/100\n|-damage|p2b: Basculegion|88/100|[from] Recoil\n|move|p2a: Sneasler|Close Combat|p1b: Tyranitar\n|-supereffective|p1b: Tyranitar|2\n|-enditem|p1b: Tyranitar|Focus Sash\n|-damage|p1b: Tyranitar|1/100\n|-unboost|p2a: Sneasler|def|1\n|-unboost|p2a: Sneasler|spd|1\n|-enditem|p2a: Sneasler|White Herb\n|-clearnegativeboost|p2a: Sneasler|[silent]\n|\n|-weather|Sandstorm|[upkeep]\n|-damage|p2a: Sneasler|38/100|[from] Sandstorm\n|-damage|p2b: Basculegion|82/100|[from] Sandstorm\n|-heal|p1a: Orthworm|65/100|[from] item: Leftovers\n|upkeep\n|turn|4\n|inactive|campeondelfitness has 30 seconds left.\n|inactive|campeondelfitness has 20 seconds left.\n|\n|t:|1776284874\n|move|p1b: Tyranitar|Protect|p1b: Tyranitar\n|-singleturn|p1b: Tyranitar|Protect\n|move|p2a: Sneasler|Close Combat|p1a: Orthworm\n|-supereffective|p1a: Orthworm|1\n|-damage|p1a: Orthworm|0 fnt\n|-unboost|p2a: Sneasler|def|1\n|-unboost|p2a: Sneasler|spd|1\n|faint|p1a: Orthworm\n|move|p2b: Basculegion|Wave Crash|p1b: Tyranitar\n|-activate|p1b: Tyranitar|move: Protect\n|\n|-weather|Sandstorm|[upkeep]\n|-damage|p2a: Sneasler|32/100|[from] Sandstorm\n|-damage|p2b: Basculegion|76/100|[from] Sandstorm\n|-sideend|p2: Arcaa9|move: Tailwind\n|upkeep\n|\n|t:|1776284895\n|switch|p1a: Excadrill|Excadrill, L50, M|91/100\n|turn|5\n|\n|t:|1776284904\n|move|p1b: Tyranitar|Helping Hand|p1a: Excadrill\n|-singleturn|p1a: Excadrill|Helping Hand|[of] p1b: Tyranitar\n|move|p2a: Sneasler|Close Combat|p1a: Excadrill\n|-supereffective|p1a: Excadrill|1\n|-damage|p1a: Excadrill|0 fnt\n|-unboost|p2a: Sneasler|def|1\n|-unboost|p2a: Sneasler|spd|1\n|faint|p1a: Excadrill\n|move|p2b: Basculegion|Wave Crash|p1b: Tyranitar\n|-supereffective|p1b: Tyranitar|1\n|-damage|p1b: Tyranitar|0 fnt\n|faint|p1b: Tyranitar\n|-damage|p2b: Basculegion|76/100|[from] Recoil\n|\n|-weather|Sandstorm|[upkeep]\n|-damage|p2a: Sneasler|27/100|[from] Sandstorm\n|-damage|p2b: Basculegion|70/100|[from] Sandstorm\n|upkeep\n|\n|t:|1776284928\n|switch|p1b: Rotom|Rotom-Heat, L50|46/100\n|turn|6\n|\n|t:|1776284937\n|move|p2a: Sneasler|Close Combat|p1b: Rotom\n|-damage|p1b: Rotom|0 fnt\n|-unboost|p2a: Sneasler|def|1\n|-unboost|p2a: Sneasler|spd|1\n|faint|p1b: Rotom\n|\n|win|Arcaa9\n|raw|campeondelfitness's rating: 1065 &rarr; <strong>1045</strong><br />(-20 for losing)\n|raw|Arcaa9's rating: 1056 &rarr; <strong>1088</strong><br />(+32 for winning)\n",
  "uploadtime": 1776284944,
  "views": 30,
  "formatid": "gen9championsvgc2026regma",
  "rating": 1045,
  "private": 0,
  "password": null
}