{
  "id": "gen9championsvgc2026regma-2584926701",
  "format": "[Gen 9 Champions] VGC 2026 Reg M-A",
  "players": [
    "Palmeirinthianense",
    "Douglas Vinicius"
  ],
  "log": "|j|\u2606Palmeirinthianense\n|j|\u2606Douglas Vinicius\n|t:|1776295215\n|gametype|doubles\n|player|p1|Palmeirinthianense|swimmer-gen4dp|1286\n|player|p2|Douglas Vinicius|juan|1281\n|gen|9\n|tier|[Gen 9 Champions] VGC 2026 Reg M-A\n|rated|\n|rule|Species Clause: Limit one of each Pok\u00e9mon\n|rule|Item Clause: Limit 1 of each item\n|clearpoke\n|poke|p1|Kangaskhan, L50, F|\n|poke|p1|Incineroar, L50, F|\n|poke|p1|Milotic, L50, F|\n|poke|p1|Sneasler, L50, F|\n|poke|p1|Floette-Eternal, L50, F|\n|poke|p1|Sinistcha, L50|\n|poke|p2|Gengar, L50, M|\n|poke|p2|Incineroar, L50, M|\n|poke|p2|Politoed, L50, M|\n|poke|p2|Ninetales-Alola, L50, F|\n|poke|p2|Garchomp, L50, F|\n|poke|p2|Lucario, L50, M|\n|teampreview|4\n|inactive|Battle timer is ON: inactive players will automatically lose when time's up. (requested by Palmeirinthianense)\n|inactive|Palmeirinthianense has 60 seconds left.\n|\n|t:|1776295259\n|teamsize|p1|4\n|teamsize|p2|4\n|start\n|switch|p1a: Kangaskhan|Kangaskhan, L50, F|100/100\n|switch|p1b: Incineroar|Incineroar, L50, F, shiny|100/100\n|switch|p2a: Gengar|Gengar, L50, M|100/100\n|switch|p2b: Politoed|Politoed, L50, M|100/100\n|-ability|p1b: Incineroar|Intimidate|boost\n|-unboost|p2a: Gengar|atk|1\n|-unboost|p2b: Politoed|atk|1\n|-weather|RainDance|[from] ability: Drizzle|[of] p2b: Politoed\n|turn|1\n|inactive|Palmeirinthianense has 30 seconds left.\n|\n|t:|1776295286\n|detailschange|p2a: Gengar|Gengar-Mega, L50, M\n|-mega|p2a: Gengar|Gengar|Gengarite\n|move|p2a: Gengar|Protect|p2a: Gengar\n|-singleturn|p2a: Gengar|Protect\n|move|p1a: Kangaskhan|Fake Out|p2a: Gengar\n|-activate|p2a: Gengar|move: Protect\n|move|p1b: Incineroar|Parting Shot|p2b: Politoed\n|-unboost|p2b: Politoed|atk|1\n|-unboost|p2b: Politoed|spa|1\n|\n|t:|1776295290\n|switch|p1b: Sinistcha|Sinistcha, L50|100/100|[from] Parting Shot\n|move|p2b: Politoed|Perish Song|p2b: Politoed\n|-start|p1a: Kangaskhan|perish3|[silent]\n|-start|p1b: Sinistcha|perish3|[silent]\n|-start|p2a: Gengar|perish3|[silent]\n|-start|p2b: Politoed|perish3|[silent]\n|-fieldactivate|move: Perish Song\n|\n|-weather|RainDance|[upkeep]\n|-start|p2a: Gengar|perish3\n|-start|p1a: Kangaskhan|perish3\n|-start|p2b: Politoed|perish3\n|-start|p1b: Sinistcha|perish3\n|upkeep\n|turn|2\n|\n|t:|1776295311\n|move|p2a: Gengar|Shadow Ball|p1b: Sinistcha\n|-supereffective|p1b: Sinistcha|1\n|-damage|p1b: Sinistcha|20/100\n|-enditem|p1b: Sinistcha|Sitrus Berry|[eat]\n|-heal|p1b: Sinistcha|44/100|[from] item: Sitrus Berry\n|move|p1a: Kangaskhan|Body Slam|p2a: Gengar\n|-damage|p2a: Gengar|51/100\n|move|p1b: Sinistcha|Matcha Gotcha|p2a: Gengar|[spread] p2a,p2b\n|-resisted|p2a: Gengar|1\n|-supereffective|p2b: Politoed|1\n|-damage|p2a: Gengar|37/100\n|-heal|p1b: Sinistcha|51/100|[from] drain|[of] p2a: Gengar\n|-damage|p2b: Politoed|67/100\n|-heal|p1b: Sinistcha|70/100|[from] drain|[of] p2b: Politoed\n|-status|p2b: Politoed|brn\n|move|p2b: Politoed|Encore|p1a: Kangaskhan\n|-start|p1a: Kangaskhan|Encore\n|\n|-weather|RainDance|[upkeep]\n|-heal|p2b: Politoed|73/100 brn|[from] item: Leftovers\n|-damage|p2b: Politoed|67/100 brn|[from] brn\n|-start|p2a: Gengar|perish2\n|-start|p1a: Kangaskhan|perish2\n|-start|p1b: Sinistcha|perish2\n|-start|p2b: Politoed|perish2\n|upkeep\n|turn|3\n|inactive|Palmeirinthianense has 30 seconds left.\n|inactive|Douglas Vinicius has 30 seconds left.\n|inactive|Palmeirinthianense has 20 seconds left.\n|inactive|Douglas Vinicius has 20 seconds left.\n|\n|t:|1776295347\n|switch|p2b: Incineroar|Incineroar, L50, M|100/100\n|-ability|p2b: Incineroar|Intimidate|boost\n|-fail|p1a: Kangaskhan|unboost|Attack|[from] ability: Scrappy|[of] p1a: Kangaskhan\n|-unboost|p1b: Sinistcha|atk|1\n|switch|p1b: Incineroar|Incineroar, L50, F, shiny|100/100\n|-ability|p1b: Incineroar|Intimidate|boost\n|-unboost|p2a: Gengar|atk|1\n|-unboost|p2b: Incineroar|atk|1\n|move|p2a: Gengar|Disable|p1a: Kangaskhan\n|-start|p1a: Kangaskhan|Disable|Body Slam\n|cant|p1a: Kangaskhan|Disable|Body Slam\n|\n|-weather|RainDance|[upkeep]\n|-start|p2a: Gengar|perish1\n|-start|p1a: Kangaskhan|perish1\n|upkeep\n|turn|4\n|inactive|Douglas Vinicius has 30 seconds left.\n|\n|t:|1776295382\n|switch|p2a: Lucario|Lucario, L50, M|100/100\n|-activate|p1a: Kangaskhan|move: Struggle\n|move|p1a: Kangaskhan|Struggle|p2a: Lucario\n|-damage|p2a: Lucario|78/100\n|-damage|p1a: Kangaskhan|75/100|[from] recoil\n|move|p1b: Incineroar|Parting Shot|p2b: Incineroar\n|-unboost|p2b: Incineroar|atk|1\n|-unboost|p2b: Incineroar|spa|1\n|\n|t:|1776295393\n|switch|p1b: Milotic|Milotic, L50, F, shiny|100/100|[from] Parting Shot\n|move|p2b: Incineroar|Parting Shot|p1b: Milotic\n|-unboost|p1b: Milotic|atk|1\n|-ability|p1b: Milotic|Competitive|boost\n|-boost|p1b: Milotic|spa|2\n|-unboost|p1b: Milotic|spa|1\n|-ability|p1b: Milotic|Competitive|boost\n|-boost|p1b: Milotic|spa|2\n|\n|t:|1776295403\n|switch|p2b: Gengar|Gengar-Mega, L50, M|37/100|[from] Parting Shot\n|\n|-weather|RainDance|[upkeep]\n|-start|p1a: Kangaskhan|perish0\n|upkeep\n|faint|p1a: Kangaskhan\n|\n|t:|1776295414\n|switch|p1a: Incineroar|Incineroar, L50, F, shiny|100/100\n|-ability|p1a: Incineroar|Intimidate|boost\n|-fail|p2a: Lucario|unboost|Attack|[from] ability: Inner Focus|[of] p2a: Lucario\n|-unboost|p2b: Gengar|atk|1\n|turn|5\n|\n|t:|1776295432\n|move|p2b: Gengar|Protect|p2b: Gengar\n|-singleturn|p2b: Gengar|Protect\n|move|p2a: Lucario|Aura Sphere|p1a: Incineroar\n|-supereffective|p1a: Incineroar|1\n|-enditem|p1a: Incineroar|Chople Berry|[eat]\n|-enditem|p1a: Incineroar|Chople Berry|[weaken]\n|-damage|p1a: Incineroar|60/100\n|move|p1b: Milotic|Scald|p2b: Gengar\n|-activate|p2b: Gengar|move: Protect\n|move|p1a: Incineroar|Will-O-Wisp|p2a: Lucario\n|-status|p2a: Lucario|brn\n|\n|-weather|none\n|-damage|p2a: Lucario|72/100 brn|[from] brn\n|upkeep\n|turn|6\n|inactive|Palmeirinthianense has 30 seconds left.\n|\n|t:|1776295464\n|switch|p2b: Politoed|Politoed, L50, M|67/100 brn\n|-weather|RainDance|[from] ability: Drizzle|[of] p2b: Politoed\n|move|p2a: Lucario|Aura Sphere|p1a: Incineroar\n|-supereffective|p1a: Incineroar|1\n|-damage|p1a: Incineroar|0 fnt\n|faint|p1a: Incineroar\n|move|p1b: Milotic|Scald|p2b: Politoed\n|-resisted|p2b: Politoed|1\n|-damage|p2b: Politoed|19/100 brn\n|\n|-weather|RainDance|[upkeep]\n|-heal|p2b: Politoed|25/100 brn|[from] item: Leftovers\n|-damage|p2a: Lucario|66/100 brn|[from] brn\n|-damage|p2b: Politoed|19/100 brn|[from] brn\n|upkeep\n|\n|t:|1776295467\n|switch|p1a: Sinistcha|Sinistcha, L50|70/100\n|turn|7\n|\n|t:|1776295494\n|move|p2a: Lucario|Flash Cannon|p1b: Milotic\n|-resisted|p1b: Milotic|1\n|-damage|p1b: Milotic|85/100\n|-unboost|p1b: Milotic|spd|1\n|-ability|p1b: Milotic|Competitive|boost\n|-boost|p1b: Milotic|spa|2\n|move|p1b: Milotic|Scald|p2b: Politoed\n|-resisted|p2b: Politoed|1\n|-damage|p2b: Politoed|0 fnt\n|faint|p2b: Politoed\n|move|p1a: Sinistcha|Matcha Gotcha|p2a: Lucario\n|-resisted|p2a: Lucario|1\n|-damage|p2a: Lucario|42/100 brn\n|-heal|p1a: Sinistcha|80/100|[from] drain|[of] p2a: Lucario\n|\n|-weather|RainDance|[upkeep]\n|-heal|p1b: Milotic|92/100|[from] item: Leftovers\n|-damage|p2a: Lucario|36/100 brn|[from] brn\n|upkeep\n|\n|t:|1776295512\n|switch|p2b: Gengar|Gengar-Mega, L50, M|37/100\n|turn|8\n|\n|t:|1776295519\n|move|p2a: Lucario|Protect|p2a: Lucario\n|-singleturn|p2a: Lucario|Protect\n|move|p1a: Sinistcha|Rage Powder|p1a: Sinistcha\n|-singleturn|p1a: Sinistcha|move: Rage Powder\n|move|p2b: Gengar|Perish Song|p2b: Gengar\n|-start|p1a: Sinistcha|perish3|[silent]\n|-start|p1b: Milotic|perish3|[silent]\n|-start|p2a: Lucario|perish3|[silent]\n|-start|p2b: Gengar|perish3|[silent]\n|-fieldactivate|move: Perish Song\n|move|p1b: Milotic|Scald|p2b: Gengar\n|-damage|p2b: Gengar|0 fnt\n|faint|p2b: Gengar\n|\n|-weather|RainDance|[upkeep]\n|-heal|p1b: Milotic|98/100|[from] item: Leftovers\n|-damage|p2a: Lucario|30/100 brn|[from] brn\n|-start|p2a: Lucario|perish3\n|-start|p1b: Milotic|perish3\n|-start|p1a: Sinistcha|perish3\n|upkeep\n|\n|t:|1776295536\n|switch|p2b: Incineroar|Incineroar, L50, M|100/100\n|-ability|p2b: Incineroar|Intimidate|boost\n|-unboost|p1a: Sinistcha|atk|1\n|-unboost|p1b: Milotic|atk|1\n|-ability|p1b: Milotic|Competitive|boost\n|-boost|p1b: Milotic|spa|1\n|turn|9\n|\n|t:|1776295548\n|move|p2b: Incineroar|Fake Out|p1b: Milotic\n|-damage|p1b: Milotic|88/100\n|move|p1a: Sinistcha|Rage Powder|p1a: Sinistcha\n|-singleturn|p1a: Sinistcha|move: Rage Powder\n|move|p2a: Lucario|Flash Cannon|p1a: Sinistcha\n|-damage|p1a: Sinistcha|42/100\n|cant|p1b: Milotic|flinch\n|\n|-weather|RainDance|[upkeep]\n|-heal|p1b: Milotic|94/100|[from] item: Leftovers\n|-damage|p2a: Lucario|23/100 brn|[from] brn\n|-start|p2a: Lucario|perish2\n|-start|p1b: Milotic|perish2\n|-start|p1a: Sinistcha|perish2\n|upkeep\n|turn|10\n|\n|t:|1776295569\n|move|p1a: Sinistcha|Rage Powder|p1a: Sinistcha\n|-singleturn|p1a: Sinistcha|move: Rage Powder\n|move|p2a: Lucario|Flash Cannon|p1a: Sinistcha\n|-damage|p1a: Sinistcha|1/100\n|move|p1b: Milotic|Scald|p2b: Incineroar\n|-supereffective|p2b: Incineroar|1\n|-damage|p2b: Incineroar|0 fnt\n|faint|p2b: Incineroar\n|\n|-weather|none\n|-heal|p1b: Milotic|100/100|[from] item: Leftovers\n|-damage|p2a: Lucario|17/100 brn|[from] brn\n|-start|p2a: Lucario|perish1\n|-start|p1b: Milotic|perish1\n|-start|p1a: Sinistcha|perish1\n|upkeep\n|turn|11\n|\n|t:|1776295585\n|move|p2a: Lucario|Protect|p2a: Lucario\n|-singleturn|p2a: Lucario|Protect\n|move|p1a: Sinistcha|Rage Powder|p1a: Sinistcha\n|-singleturn|p1a: Sinistcha|move: Rage Powder\n|move|p1b: Milotic|Scald|p2a: Lucario\n|-activate|p2a: Lucario|move: Protect\n|\n|-damage|p2a: Lucario|11/100 brn|[from] brn\n|-start|p2a: Lucario|perish0\n|-start|p1b: Milotic|perish0\n|-start|p1a: Sinistcha|perish0\n|faint|p2a: Lucario\n|faint|p1b: Milotic\n|faint|p1a: Sinistcha\n|\n|win|Palmeirinthianense\n|raw|Palmeirinthianense's rating: 1286 &rarr; <strong>1311</strong><br />(+25 for winning)\n|raw|Douglas Vinicius's rating: 1281 &rarr; <strong>1256</strong><br />(-25 for losing)\n|c|\u2606Palmeirinthianense|Sai fora agati\n|l|\u2606Douglas Vinicius\n|player|p2|\n",
  "uploadtime": 1776295615,
  "views": 43,
  "formatid": "gen9championsvgc2026regma",
  "rating": 1256,
  "private": 0,
  "password": null
}