{
  "id": "gen9championsvgc2026regma-2588567928",
  "format": "[Gen 9 Champions] VGC 2026 Reg M-A",
  "players": [
    "tubbatub",
    "thamadman"
  ],
  "log": "|j|\u203dtubbatub\n|j|\u2606thamadman\n|t:|1776645768\n|gametype|doubles\n|player|p1|tubbatub|fantina|1091\n|player|p2|thamadman|101|1058\n|gen|9\n|tier|[Gen 9 Champions] VGC 2026 Reg M-A\n|rated|\n|rule|Species Clause: Limit one of each Pok\u00e9mon\n|rule|Item Clause: Limit 1 of each item\n|clearpoke\n|poke|p1|Weavile, L50, F|\n|poke|p1|Garchomp, L50, F|\n|poke|p1|Gardevoir, L50, F|\n|poke|p1|Volcarona, L50, M|\n|poke|p1|Incineroar, L50, M|\n|poke|p1|Starmie, L50|\n|poke|p2|Meowscarada, L50, F|\n|poke|p2|Medicham, L50, F|\n|poke|p2|Delphox, L50, M|\n|poke|p2|Zoroark-Hisui, L50, F|\n|poke|p2|Starmie, L50|\n|poke|p2|Kingambit, L50, F|\n|teampreview|4\n|inactive|Battle timer is ON: inactive players will automatically lose when time's up. (requested by tubbatub)\nthamadman has agreed to open team sheets.\n|inactive|tubbatub has 60 seconds left.\n|\n|t:|1776645802\n|teamsize|p1|4\n|teamsize|p2|4\n|start\n|switch|p1a: Starmie|Starmie, L50|100/100\n|switch|p1b: Volcarona|Volcarona, L50, M|100/100\n|switch|p2a: Medicham|Medicham, L50, F|100/100\n|switch|p2b: Meowscarada|Meowscarada, L50, F|100/100\n|turn|1\n|inactive|tubbatub has 30 seconds left.\n|inactive|tubbatub has 20 seconds left.\n|\n|t:|1776645839\n|detailschange|p1a: Starmie|Starmie-Mega, L50\n|-mega|p1a: Starmie|Starmie|Starminite\n|move|p1a: Starmie|Zen Headbutt|p2a: Medicham\n|-damage|p2a: Medicham|0 fnt\n|faint|p2a: Medicham\n|move|p2b: Meowscarada|Bitter Malice|p1a: Starmie\n|-supereffective|p1a: Starmie|1\n|-damage|p1a: Starmie|32/100\n|-unboost|p1a: Starmie|atk|1\n|move|p1b: Volcarona|Struggle Bug|p2b: Meowscarada\n|-resisted|p2b: Meowscarada|1\n|-damage|p2b: Meowscarada|76/100\n|-unboost|p2b: Meowscarada|spa|1\n|replace|p2b: Zoroark|Zoroark-Hisui, L50, F\n|-end|p2b: Zoroark|Illusion\n|\n|upkeep\n|\n|t:|1776645856\n|switch|p2a: Meowscarada|Meowscarada, L50, F|100/100\n|turn|2\n|\n|t:|1776645872\n|switch|p1a: Incineroar|Incineroar, L50, M|100/100\n|-ability|p1a: Incineroar|Intimidate|boost\n|-unboost|p2a: Meowscarada|atk|1\n|-unboost|p2b: Zoroark|atk|1\n|move|p2a: Meowscarada|Flower Trick|p1a: Incineroar\n|-start|p2a: Meowscarada|typechange|Grass|[from] ability: Protean\n|-resisted|p1a: Incineroar|1\n|-crit|p1a: Incineroar\n|-damage|p1a: Incineroar|85/100\n|move|p2b: Zoroark|Nasty Plot|p2b: Zoroark\n|-boost|p2b: Zoroark|spa|2\n|move|p1b: Volcarona|Struggle Bug|p2a: Meowscarada|[spread] p2a,p2b\n|-supereffective|p2a: Meowscarada|1\n|-resisted|p2b: Zoroark|1\n|-damage|p2a: Meowscarada|48/100\n|-damage|p2b: Zoroark|57/100\n|-unboost|p2a: Meowscarada|spa|1\n|-unboost|p2b: Zoroark|spa|1\n|\n|upkeep\n|turn|3\n|inactive|tubbatub has 30 seconds left.\n|inactive|thamadman has 30 seconds left.\n|inactive|thamadman has 20 seconds left.\n|\n|t:|1776645911\n|switch|p2a: Delphox|Delphox, L50, M|100/100\n|move|p1a: Incineroar|Fake Out|p2a: Delphox\n|-damage|p2a: Delphox|82/100\n|move|p2b: Zoroark|Flamethrower|p1b: Volcarona\n|-damage|p1b: Volcarona|77/100\n|move|p1b: Volcarona|Tailwind|p1b: Volcarona\n|-sidestart|p1: tubbatub|move: Tailwind\n|\n|upkeep\n|turn|4\n|inactive|thamadman has 30 seconds left.\n|\n|t:|1776645937\n|detailschange|p2a: Delphox|Delphox-Mega, L50, M\n|-mega|p2a: Delphox|Delphox|Delphoxite\n|move|p1b: Volcarona|Fiery Dance|p2b: Zoroark\n|-damage|p2b: Zoroark|0 fnt\n|faint|p2b: Zoroark\n|move|p2a: Delphox|Nasty Plot|p2a: Delphox\n|-boost|p2a: Delphox|spa|2\n|move|p1a: Incineroar|Darkest Lariat|p2a: Delphox\n|-supereffective|p2a: Delphox|1\n|-damage|p2a: Delphox|0 fnt\n|faint|p2a: Delphox\n|\n|upkeep\n|\n|t:|1776645949\n|switch|p2a: Meowscarada|Meowscarada, L50, F|48/100\n|turn|5\n|\n|t:|1776645962\n|move|p1b: Volcarona|Struggle Bug|p2a: Meowscarada\n|-supereffective|p2a: Meowscarada|2\n|-damage|p2a: Meowscarada|0 fnt\n|faint|p2a: Meowscarada\n|\n|win|tubbatub\n|raw|tubbatub's rating: 1091 &rarr; <strong>1115</strong><br />(+24 for winning)\n|raw|thamadman's rating: 1058 &rarr; <strong>1041</strong><br />(-17 for losing)\n",
  "uploadtime": 1776645965,
  "views": 5,
  "formatid": "gen9championsvgc2026regma",
  "rating": 1041,
  "private": 0,
  "password": null
}