{
  "id": "gen9championsvgc2026regma-2585558139",
  "format": "[Gen 9 Champions] VGC 2026 Reg M-A",
  "players": [
    "Snipe Mastery",
    "axas"
  ],
  "log": "|j|\u2606Snipe Mastery\n|j|\u2606axas\n|t:|1776355426\n|gametype|doubles\n|player|p1|Snipe Mastery|265|1226\n|player|p2|axas|1|1256\n|gen|9\n|tier|[Gen 9 Champions] VGC 2026 Reg M-A\n|rated|\n|rule|Species Clause: Limit one of each Pok\u00e9mon\n|rule|Item Clause: Limit 1 of each item\n|clearpoke\n|poke|p1|Volcarona, L50, M|\n|poke|p1|Gardevoir, L50, M|\n|poke|p1|Incineroar, L50, M|\n|poke|p1|Archaludon, L50, M|\n|poke|p1|Sneasler, L50, M|\n|poke|p1|Aerodactyl, L50, F|\n|poke|p2|Froslass, L50, F|\n|poke|p2|Garchomp, L50, M|\n|poke|p2|Incineroar, L50, M|\n|poke|p2|Rotom-Wash, L50|\n|poke|p2|Empoleon, L50, F|\n|poke|p2|Sneasler, L50, M|\n|teampreview|4\n|inactive|Battle timer is ON: inactive players will automatically lose when time's up. (requested by axas)\n|inactive|Snipe Mastery has 60 seconds left.\n|inactive|Snipe Mastery has 30 seconds left.\n|inactive|Snipe Mastery has 20 seconds left.\n|inactive|Snipe Mastery has 15 seconds left.\n|\n|t:|1776355515\n|teamsize|p1|4\n|teamsize|p2|4\n|start\n|switch|p1a: Volcarona|Volcarona, L50, M|100/100\n|switch|p1b: Gardevoir|Gardevoir, L50, M, shiny|100/100\n|switch|p2a: Rotom|Rotom-Wash, L50|100/100\n|switch|p2b: Froslass|Froslass, L50, F|100/100\n|turn|1\n|inactive|axas has 30 seconds left.\n|\n|t:|1776355549\n|detailschange|p2b: Froslass|Froslass-Mega, L50, F\n|-mega|p2b: Froslass|Froslass|Froslassite\n|-weather|Snowscape|[from] ability: Snow Warning|[of] p2b: Froslass\n|detailschange|p1b: Gardevoir|Gardevoir-Mega, L50, M, shiny\n|-mega|p1b: Gardevoir|Gardevoir|Gardevoirite\n|move|p1b: Gardevoir|Protect|p1b: Gardevoir\n|-singleturn|p1b: Gardevoir|Protect\n|move|p2a: Rotom|Hydro Pump|p1a: Volcarona|[miss]\n|-miss|p2a: Rotom|p1a: Volcarona\n|move|p2b: Froslass|Aurora Veil|p2b: Froslass\n|-sidestart|p2: axas|move: Aurora Veil\n|move|p1a: Volcarona|Tailwind|p1a: Volcarona\n|-sidestart|p1: Snipe Mastery|move: Tailwind\n|\n|-weather|Snowscape|[upkeep]\n|upkeep\n|turn|2\n|inactive|Snipe Mastery has 30 seconds left.\n|inactive|Snipe Mastery has 20 seconds left.\n|inactive|Snipe Mastery has 15 seconds left.\n|inactive|Snipe Mastery has 10 seconds left.\n|inactive|Snipe Mastery has 5 seconds left.\n|\n|t:|1776355601\n|switch|p1a: Archaludon|Archaludon, L50, M|100/100\n|move|p1b: Gardevoir|Hyper Voice|p2a: Rotom|[spread] p2a,p2b\n|-damage|p2a: Rotom|49/100\n|-damage|p2b: Froslass|54/100\n|move|p2a: Rotom|Hydro Pump|p1a: Archaludon\n|-resisted|p1a: Archaludon|1\n|-damage|p1a: Archaludon|75/100\n|-ability|p1a: Archaludon|Stamina|boost\n|-boost|p1a: Archaludon|def|1\n|move|p2b: Froslass|Shadow Ball|p1b: Gardevoir\n|-supereffective|p1b: Gardevoir|1\n|-damage|p1b: Gardevoir|28/100\n|\n|-weather|Snowscape|[upkeep]\n|-heal|p1a: Archaludon|81/100|[from] item: Leftovers\n|upkeep\n|turn|3\n|inactive|Snipe Mastery has 30 seconds left.\n|\n|t:|1776355627\n|move|p1b: Gardevoir|Hyper Voice|p2a: Rotom|[spread] p2a,p2b\n|-damage|p2a: Rotom|1/100\n|-damage|p2b: Froslass|13/100\n|move|p2a: Rotom|Hydro Pump|p1b: Gardevoir\n|-damage|p1b: Gardevoir|0 fnt\n|faint|p1b: Gardevoir\n|move|p1a: Archaludon|Flash Cannon|p2b: Froslass\n|-supereffective|p2b: Froslass|1\n|-damage|p2b: Froslass|0 fnt\n|faint|p2b: Froslass\n|\n|-weather|Snowscape|[upkeep]\n|-heal|p1a: Archaludon|87/100|[from] item: Leftovers\n|upkeep\n|c|\u2606Snipe Mastery|Holy 1 health\n|inactive|Snipe Mastery has 30 seconds left.\n|inactive|axas has 30 seconds left.\n|inactive|Snipe Mastery has 20 seconds left.\n|c|\u2606Snipe Mastery|Nice ev spread on you\n|inactive|Snipe Mastery has 15 seconds left.\n|\n|t:|1776355669\n|switch|p2b: Garchomp|Garchomp, L50, M|100/100\n|switch|p1b: Incineroar|Incineroar, L50, M|100/100\n|-ability|p1b: Incineroar|Intimidate|boost\n|-unboost|p2a: Rotom|atk|1\n|-unboost|p2b: Garchomp|atk|1\n|turn|4\n|inactive|axas has 30 seconds left.\n|\n|t:|1776355698\n|move|p1b: Incineroar|Fake Out|p2a: Rotom\n|-damage|p2a: Rotom|0 fnt\n|faint|p2a: Rotom\n|move|p1a: Archaludon|Dragon Pulse|p2b: Garchomp\n|-supereffective|p2b: Garchomp|1\n|-damage|p2b: Garchomp|42/100\n|move|p2b: Garchomp|Earthquake|p1b: Incineroar|[spread] p1a,p1b\n|-supereffective|p1a: Archaludon|1\n|-supereffective|p1b: Incineroar|1\n|-damage|p1a: Archaludon|59/100\n|-damage|p1b: Incineroar|59/100\n|-ability|p1a: Archaludon|Stamina|boost\n|-boost|p1a: Archaludon|def|1\n|\n|-weather|Snowscape|[upkeep]\n|-heal|p1a: Archaludon|65/100|[from] item: Leftovers\n|-sideend|p1: Snipe Mastery|move: Tailwind\n|upkeep\n|\n|t:|1776355702\n|switch|p2a: Sneasler|Sneasler, L50, M|100/100\n|turn|5\n|inactive|Snipe Mastery has 30 seconds left.\n|inactive|Snipe Mastery has 20 seconds left.\n|\n|t:|1776355742\n|switch|p1b: Volcarona|Volcarona, L50, M|100/100\n|move|p1a: Archaludon|Protect|p1a: Archaludon\n|-singleturn|p1a: Archaludon|Protect\n|move|p2a: Sneasler|Close Combat|p1a: Archaludon\n|-activate|p1a: Archaludon|move: Protect\n|move|p2b: Garchomp|Rock Slide|p1b: Volcarona|[spread] p1b\n|-activate|p1a: Archaludon|move: Protect\n|-supereffective|p1b: Volcarona|2\n|-damage|p1b: Volcarona|46/100\n|-enditem|p1b: Volcarona|Sitrus Berry|[eat]\n|-heal|p1b: Volcarona|71/100|[from] item: Sitrus Berry\n|\n|-weather|none\n|-heal|p1a: Archaludon|72/100|[from] item: Leftovers\n|-sideend|p2: axas|move: Aurora Veil\n|upkeep\n|turn|6\n|inactive|axas has 30 seconds left.\n|inactive|Snipe Mastery has 30 seconds left.\n|\n|t:|1776355778\n|move|p2a: Sneasler|Dire Claw|p1b: Volcarona\n|-damage|p1b: Volcarona|26/100\n|move|p2b: Garchomp|Rock Slide|p1a: Archaludon|[spread] p1a,p1b\n|-resisted|p1a: Archaludon|1\n|-supereffective|p1b: Volcarona|2\n|-damage|p1a: Archaludon|69/100\n|-damage|p1b: Volcarona|0 fnt\n|-ability|p1a: Archaludon|Stamina|boost\n|-boost|p1a: Archaludon|def|1\n|faint|p1b: Volcarona\n|cant|p1a: Archaludon|flinch\n|\n|-heal|p1a: Archaludon|75/100|[from] item: Leftovers\n|upkeep\n|\n|t:|1776355781\n|switch|p1b: Incineroar|Incineroar, L50, M|59/100\n|-ability|p1b: Incineroar|Intimidate|boost\n|-unboost|p2a: Sneasler|atk|1\n|-unboost|p2b: Garchomp|atk|1\n|-enditem|p2a: Sneasler|White Herb\n|-clearnegativeboost|p2a: Sneasler|[silent]\n|turn|7\n|\n|t:|1776355804\n|move|p1b: Incineroar|Fake Out|p2a: Sneasler\n|-damage|p2a: Sneasler|82/100\n|cant|p2a: Sneasler|flinch\n|move|p2b: Garchomp|Dragon Claw|p1a: Archaludon\n|-damage|p1a: Archaludon|68/100\n|-ability|p1a: Archaludon|Stamina|boost\n|-boost|p1a: Archaludon|def|1\n|move|p1a: Archaludon|Dragon Pulse|p2b: Garchomp\n|-supereffective|p2b: Garchomp|1\n|-damage|p2b: Garchomp|0 fnt\n|faint|p2b: Garchomp\n|\n|-heal|p1a: Archaludon|74/100|[from] item: Leftovers\n|upkeep\n|turn|8\n|-message|axas forfeited.\n|\n|win|Snipe Mastery\n|raw|Snipe Mastery's rating: 1226 &rarr; <strong>1255</strong><br />(+29 for winning)\n|raw|axas's rating: 1279 &rarr; <strong>1250</strong><br />(-29 for losing)\n|l|\u2606axas\n|player|p2|\n|l|\u2606Snipe Mastery\n|player|p1|\n|j|\u2606Snipe Mastery\n|player|p1|Snipe Mastery|265|\n",
  "uploadtime": 1776355874,
  "views": 31,
  "formatid": "gen9championsvgc2026regma",
  "rating": 1250,
  "private": 0,
  "password": null
}