{
  "id": "gen9championsvgc2026regma-2584851731",
  "format": "[Gen 9 Champions] VGC 2026 Reg M-A",
  "players": [
    "Zabadack",
    "tazxx"
  ],
  "log": "|j|\u2606Zabadack\n|j|\u2606tazxx\n|t:|1776288674\n|gametype|doubles\n|player|p1|Zabadack|102|1038\n|player|p2|tazxx|1|1000\n|gen|9\n|tier|[Gen 9 Champions] VGC 2026 Reg M-A\n|rated|\n|rule|Species Clause: Limit one of each Pok\u00e9mon\n|rule|Item Clause: Limit 1 of each item\n|clearpoke\n|poke|p1|Garchomp, L50, F|\n|poke|p1|Gardevoir, L50, F|\n|poke|p1|Arcanine, L50, M|\n|poke|p1|Roserade, L50, M|\n|poke|p1|Dragapult, L50, M|\n|poke|p1|Primarina, L50, M|\n|poke|p2|Gardevoir, L50, M|\n|poke|p2|Alcremie, L50, F|\n|poke|p2|Incineroar, L50, M|\n|poke|p2|Ditto, L50|\n|poke|p2|Sinistcha, L50|\n|poke|p2|Tsareena, L50, F|\n|teampreview|4\n|inactive|Battle timer is ON: inactive players will automatically lose when time's up. (requested by tazxx)\n|\n|t:|1776288702\n|teamsize|p1|4\n|teamsize|p2|4\n|start\n|switch|p1a: Roserade|Roserade, L50, M|100/100\n|switch|p1b: Arcanine|Arcanine, L50, M|100/100\n|switch|p2a: Gardevoir|Gardevoir, L50, M|100/100\n|switch|p2b: Alcremie|Alcremie, L50, F|100/100\n|-ability|p1b: Arcanine|Intimidate|boost\n|-unboost|p2a: Gardevoir|atk|1\n|-unboost|p2b: Alcremie|atk|1\n|-ability|p2a: Gardevoir|Poison Point|Trace|[from] ability: Trace|[of] p1a: Roserade\n|turn|1\n|inactive|Zabadack has 30 seconds left.\n|\n|t:|1776288728\n|detailschange|p2a: Gardevoir|Gardevoir-Mega, L50, M\n|-mega|p2a: Gardevoir|Gardevoir|Gardevoirite\n|move|p2a: Gardevoir|Protect|p2a: Gardevoir\n|-singleturn|p2a: Gardevoir|Protect\n|move|p1a: Roserade|Sludge Bomb|p2b: Alcremie\n|-supereffective|p2b: Alcremie|1\n|-damage|p2b: Alcremie|50/100\n|move|p1b: Arcanine|Will-O-Wisp|p2a: Gardevoir\n|-activate|p2a: Gardevoir|move: Protect\n|move|p2b: Alcremie|Decorate|p2a: Gardevoir\n|-boost|p2a: Gardevoir|atk|2\n|-boost|p2a: Gardevoir|spa|2\n|\n|-heal|p2b: Alcremie|56/100|[from] item: Leftovers\n|upkeep\n|turn|2\n|\n|t:|1776288748\n|move|p1a: Roserade|Sludge Bomb|p2b: Alcremie\n|-supereffective|p2b: Alcremie|1\n|-damage|p2b: Alcremie|3/100\n|move|p2a: Gardevoir|Psyshock|p1a: Roserade\n|-supereffective|p1a: Roserade|1\n|-damage|p1a: Roserade|0 fnt\n|faint|p1a: Roserade\n|move|p1b: Arcanine|Snarl|p2a: Gardevoir|[spread] p2a,p2b\n|-resisted|p2b: Alcremie|1\n|-damage|p2a: Gardevoir|92/100\n|-damage|p2b: Alcremie|0 fnt\n|-unboost|p2a: Gardevoir|spa|1\n|faint|p2b: Alcremie\n|\n|upkeep\n|\n|t:|1776288768\n|switch|p1a: Gardevoir|Gardevoir, L50, F|100/100\n|switch|p2b: Sinistcha|Sinistcha, L50|100/100\n|-heal|p2a: Gardevoir|100/100|[from] ability: Hospitality|[of] p2b: Sinistcha\n|turn|3\n|\n|t:|1776288787\n|move|p1a: Gardevoir|Helping Hand|p1b: Arcanine\n|-singleturn|p1b: Arcanine|Helping Hand|[of] p1a: Gardevoir\n|move|p2b: Sinistcha|Rage Powder|p2b: Sinistcha\n|-singleturn|p2b: Sinistcha|move: Rage Powder\n|move|p2a: Gardevoir|Hyper Voice|p1a: Gardevoir|[spread] p1a,p1b\n|-resisted|p1b: Arcanine|1\n|-damage|p1a: Gardevoir|35/100\n|-damage|p1b: Arcanine|55/100\n|move|p1b: Arcanine|Flare Blitz|p2b: Sinistcha\n|-supereffective|p2b: Sinistcha|1\n|-damage|p2b: Sinistcha|0 fnt\n|faint|p2b: Sinistcha\n|-damage|p1b: Arcanine|19/100|[from] Recoil\n|-enditem|p1b: Arcanine|Sitrus Berry|[eat]\n|-heal|p1b: Arcanine|44/100|[from] item: Sitrus Berry\n|\n|upkeep\n|\n|t:|1776288799\n|switch|p2b: Tsareena|Tsareena, L50, F|100/100\n|turn|4\n|\n|t:|1776288819\n|move|p1a: Gardevoir|Protect|p1a: Gardevoir\n|-singleturn|p1a: Gardevoir|Protect\n|move|p2b: Tsareena|High Jump Kick|p1b: Arcanine\n|-damage|p1b: Arcanine|0 fnt\n|faint|p1b: Arcanine\n|move|p2a: Gardevoir|Hyper Voice|p1a: Gardevoir\n|-activate|p1a: Gardevoir|move: Protect\n|\n|upkeep\n|\n|t:|1776288828\n|switch|p1b: Garchomp|Garchomp, L50, F|100/100\n|turn|5\n|\n|t:|1776288842\n|move|p1a: Gardevoir|Helping Hand|p1b: Garchomp\n|-singleturn|p1b: Garchomp|Helping Hand|[of] p1a: Gardevoir\n|move|p2b: Tsareena|High Jump Kick|p1b: Garchomp|[miss]\n|-miss|p2b: Tsareena|p1b: Garchomp\n|-damage|p2b: Tsareena|51/100|[from] highjumpkick\n|move|p2a: Gardevoir|Hyper Voice|p1b: Garchomp|[spread] p1a,p1b\n|-supereffective|p1b: Garchomp|1\n|-damage|p1a: Gardevoir|0 fnt\n|-damage|p1b: Garchomp|0 fnt\n|faint|p1a: Gardevoir\n|faint|p1b: Garchomp\n|\n|win|tazxx\n|raw|Zabadack's rating: 1038 &rarr; <strong>1021</strong><br />(-17 for losing)\n|raw|tazxx's rating: 1000 &rarr; <strong>1044</strong><br />(+44 for winning)\n",
  "uploadtime": 1776288850,
  "views": 28,
  "formatid": "gen9championsvgc2026regma",
  "rating": 1021,
  "private": 0,
  "password": null
}