{
  "id": "gen9championsvgc2026regma-2581453995",
  "format": "[Gen 9 Champions] VGC 2026 Reg M-A",
  "players": [
    "Chumpions",
    "TheGarcon"
  ],
  "log": "|j|\u2606Chumpions\n|j|\u2606TheGarcon\n|t:|1776001975\n|gametype|doubles\n|player|p1|Chumpions|dawn|1000\n|player|p2|TheGarcon|ruinmaniac|1011\n|gen|9\n|tier|[Gen 9 Champions] VGC 2026 Reg M-A\n|rated|\n|rule|Species Clause: Limit one of each Pok\u00e9mon\n|rule|Item Clause: Limit 1 of each item\n|clearpoke\n|poke|p1|Farigiraf, L50, F|\n|poke|p1|Gengar, L50, M|\n|poke|p1|Aerodactyl, L50, M|\n|poke|p1|Incineroar, L50, F|\n|poke|p1|Basculegion, L50, M|\n|poke|p1|Politoed, L50, M|\n|poke|p2|Farigiraf, L50, M|\n|poke|p2|Torkoal, L50, F|\n|poke|p2|Clefable, L50, F|\n|poke|p2|Mimikyu, L50, F|\n|poke|p2|Lopunny, L50, F|\n|poke|p2|Sableye, L50, F|\n|teampreview|4\n|\n|t:|1776002035\n|teamsize|p1|4\n|teamsize|p2|4\n|start\n|switch|p1a: Farigiraf|Farigiraf, L50, F|100/100\n|switch|p1b: Aerodactyl|Aerodactyl, L50, M|100/100\n|switch|p2a: Sableye|Sableye, L50, F|100/100\n|switch|p2b: Farigiraf|Farigiraf, L50, M|100/100\n|-ability|p1b: Aerodactyl|Unnerve\n|turn|1\n|\n|t:|1776002044\n|move|p2a: Sableye|Will-O-Wisp||[still]\n|cant|p1a: Farigiraf|ability: Armor Tail|Will-O-Wisp|[of] p2a: Sableye\n|move|p1b: Aerodactyl|Rock Slide|p2a: Sableye|[spread] p2a,p2b\n|-damage|p2a: Sableye|64/100\n|-damage|p2b: Farigiraf|75/100\n|move|p1a: Farigiraf|Imprison|p1a: Farigiraf\n|-start|p1a: Farigiraf|move: Imprison\n|cant|p2b: Farigiraf|move: Imprison|Trick Room\n|\n|upkeep\n|turn|2\n|\n|t:|1776002064\n|move|p2a: Sableye|Helping Hand|p2b: Farigiraf\n|-singleturn|p2b: Farigiraf|Helping Hand|[of] p2a: Sableye\n|move|p1b: Aerodactyl|Rock Slide|p2b: Farigiraf|[spread] p2b\n|-miss|p1b: Aerodactyl|p2a: Sableye\n|-damage|p2b: Farigiraf|48/100\n|move|p1a: Farigiraf|Hyper Voice|p2a: Sableye|[spread] p2b\n|-immune|p2a: Sableye\n|-damage|p2b: Farigiraf|13/100\n|move|p2b: Farigiraf|Psyshock|p1b: Aerodactyl\n|-damage|p1b: Aerodactyl|4/100\n|\n|upkeep\n|turn|3\n|\n|t:|1776002097\n|move|p1b: Aerodactyl|Dual Wingbeat|p2a: Sableye\n|-damage|p2a: Sableye|39/100\n|-damage|p2a: Sableye|13/100\n|-hitcount|p2a: Sableye|2\n|move|p1a: Farigiraf|Hyper Voice|p2a: Sableye|[spread] p2b\n|-immune|p2a: Sableye\n|-damage|p2b: Farigiraf|0 fnt\n|faint|p2b: Farigiraf\n|move|p2a: Sableye|Foul Play|p1b: Aerodactyl\n|-damage|p1b: Aerodactyl|0 fnt\n|faint|p1b: Aerodactyl\n|\n|upkeep\n|\n|t:|1776002109\n|switch|p1b: Gengar|Gengar, L50, M|100/100\n|switch|p2b: Clefable|Clefable, L50, F|100/100\n|turn|4\n|\n|t:|1776002126\n|detailschange|p1b: Gengar|Gengar-Mega, L50, M\n|-mega|p1b: Gengar|Gengar|Gengarite\n|detailschange|p2b: Clefable|Clefable-Mega, L50, F\n|-mega|p2b: Clefable|Clefable|Clefablite\n|move|p1b: Gengar|Sludge Bomb|p2b: Clefable\n|-supereffective|p2b: Clefable|1\n|-damage|p2b: Clefable|11/100\n|move|p2b: Clefable|Moonblast|p1a: Farigiraf\n|-damage|p1a: Farigiraf|45/100\n|move|p1a: Farigiraf|Psychic|p2b: Clefable\n|-damage|p2b: Clefable|0 fnt\n|faint|p2b: Clefable\n|move|p2a: Sableye|Foul Play|p1b: Gengar\n|-supereffective|p1b: Gengar|1\n|-damage|p1b: Gengar|51/100\n|\n|upkeep\n|\n|t:|1776002138\n|switch|p2b: Torkoal|Torkoal, L50, F|100/100\n|-weather|SunnyDay|[from] ability: Drought|[of] p2b: Torkoal\n|turn|5\n|\n|t:|1776002156\n|switch|p1a: Politoed|Politoed, L50, M|100/100\n|-weather|RainDance|[from] ability: Drizzle|[of] p1a: Politoed\n|move|p2a: Sableye|Helping Hand|p2b: Torkoal\n|-singleturn|p2b: Torkoal|Helping Hand|[of] p2a: Sableye\n|move|p1b: Gengar|Shadow Ball|p2b: Torkoal\n|-damage|p2b: Torkoal|37/100\n|move|p2b: Torkoal|Earth Power|p1b: Gengar\n|-supereffective|p1b: Gengar|1\n|-damage|p1b: Gengar|0 fnt\n|faint|p1b: Gengar\n|\n|-weather|RainDance|[upkeep]\n|upkeep\n|\n|t:|1776002169\n|switch|p1b: Farigiraf|Farigiraf, L50, F|45/100\n|turn|6\n|\n|t:|1776002186\n|move|p1a: Politoed|Muddy Water|p2a: Sableye|[spread] p2a\n|-miss|p1a: Politoed|p2b: Torkoal\n|-damage|p2a: Sableye|0 fnt\n|faint|p2a: Sableye\n|move|p1b: Farigiraf|Psychic|p2b: Torkoal\n|-damage|p2b: Torkoal|0 fnt\n|faint|p2b: Torkoal\n|\n|win|Chumpions\n|raw|Chumpions's rating: 1000 &rarr; <strong>1041</strong><br />(+41 for winning)\n|raw|TheGarcon's rating: 1011 &rarr; <strong>1000</strong><br />(-11 for losing)\n|c|\u2606Chumpions|gg\n|l|\u2606TheGarcon\n|player|p2|\n",
  "uploadtime": 1776002194,
  "views": 19,
  "formatid": "gen9championsvgc2026regma",
  "rating": 1000,
  "private": 0,
  "password": null
}