{
  "id": "gen9championsvgc2026regma-2588521025",
  "format": "[Gen 9 Champions] VGC 2026 Reg M-A",
  "players": [
    "jonathan53332",
    "FudgeRipplez"
  ],
  "log": "|j|\u2606jonathan53332\n|j|\u2606FudgeRipplez\n|html|<table width=\"100%\"><tr><td align=\"left\">jonathan53332</td><td align=\"right\">FudgeRipplez</tr><tr><td align=\"left\"><i class=\"fa fa-circle-o\"></i> <i class=\"fa fa-circle-o\"></i> </td><td align=\"right\"><i class=\"fa fa-circle-o\"></i> <i class=\"fa fa-circle-o\"></i> </tr></table>\n|uhtml|bestof|<h2><strong>Game 1</strong> of <a href=\"/game-bestof3-gen9championsvgc2026regma-2588521024\">a best-of-3</a></h2>\n|t:|1776641193\n|gametype|doubles\n|player|p1|jonathan53332|102|\n|player|p2|FudgeRipplez|265|\n|gen|9\n|tier|[Gen 9 Champions] VGC 2026 Reg M-A\n|rule|Species Clause: Limit one of each Pok\u00e9mon\n|rule|Item Clause: Limit 1 of each item\n|raw|<div class=\"infobox\"><details class=\"readmore\" open><summary><strong>1 custom rule:</strong></summary> Best of = 3</details></div>\n|clearpoke\n|poke|p1|Meganium, L50, F, shiny|\n|poke|p1|Pelipper, L50, F|\n|poke|p1|Primarina, L50, M|\n|poke|p1|Sinistcha-Masterpiece, L50, shiny|\n|poke|p1|Archaludon, L50, M, shiny|\n|poke|p1|Empoleon, L50, F|\n|poke|p2|Victreebel, L50, M|\n|poke|p2|Maushold-Four, L50, shiny|\n|poke|p2|Sinistcha-Masterpiece, L50, shiny|\n|poke|p2|Toxapex, L50, M, shiny|\n|poke|p2|Feraligatr, L50, F|\n|poke|p2|Hatterene, L50, F|\n|teampreview|4\n|\n|t:|1776641251\n|teamsize|p1|4\n|teamsize|p2|4\n|start\n|switch|p1a: Pelipper|Pelipper, L50, F|100/100\n|switch|p1b: Meganium|Meganium, L50, F, shiny|100/100\n|switch|p2a: Toxapex|Toxapex, L50, M, shiny|100/100\n|switch|p2b: Hatterene|Hatterene, L50, F|100/100\n|-weather|RainDance|[from] ability: Drizzle|[of] p1a: Pelipper\n|turn|1\n|\n|t:|1776641267\n|detailschange|p1b: Meganium|Meganium-Mega, L50, F, shiny\n|-mega|p1b: Meganium|Meganium|Meganiumite\n|move|p1b: Meganium|Solar Beam||[still]\n|-prepare|p1b: Meganium|Solar Beam\n|-activate|p1b: Meganium|ability: Mega Sol\n|-anim|p1b: Meganium|Solar Beam|p2a: Toxapex\n|-damage|p2a: Toxapex|46/100\n|move|p1a: Pelipper|Hurricane|p2a: Toxapex\n|-damage|p2a: Toxapex|9/100\n|move|p2a: Toxapex|Toxic|p1b: Meganium\n|-status|p1b: Meganium|tox\n|move|p2b: Hatterene|Trick Room|p2b: Hatterene\n|-fieldstart|move: Trick Room|[of] p2b: Hatterene\n|\n|-weather|RainDance|[upkeep]\n|-heal|p2a: Toxapex|15/100|[from] item: Leftovers\n|-damage|p1b: Meganium|95/100 tox|[from] psn\n|upkeep\n|turn|2\n|\n|t:|1776641291\n|move|p1a: Pelipper|Wide Guard|p1a: Pelipper\n|-singleturn|p1a: Pelipper|Wide Guard\n|move|p2b: Hatterene|Trick|p1a: Pelipper\n|-activate|p2b: Hatterene|move: Trick|[of] p1a: Pelipper\n|-item|p1a: Pelipper|Rawst Berry|[from] move: Trick\n|-item|p2b: Hatterene|Focus Sash|[from] move: Trick\n|move|p2a: Toxapex|Infestation|p1b: Meganium\n|-damage|p1b: Meganium|92/100 tox\n|-activate|p1b: Meganium|move: Infestation|[of] p2a: Toxapex\n|move|p1b: Meganium|Solar Beam||[still]\n|-prepare|p1b: Meganium|Solar Beam\n|-activate|p1b: Meganium|ability: Mega Sol\n|-anim|p1b: Meganium|Solar Beam|p2a: Toxapex\n|-damage|p2a: Toxapex|0 fnt\n|faint|p2a: Toxapex\n|\n|-weather|RainDance|[upkeep]\n|-damage|p1b: Meganium|80/100 tox|[from] psn\n|-end|p1b: Meganium|Infestation|[partiallytrapped]|[silent]\n|upkeep\n|\n|t:|1776641312\n|switch|p2a: Sinistcha|Sinistcha-Masterpiece, L50, shiny|100/100\n|turn|3\n|\n|t:|1776641335\n|move|p2b: Hatterene|Psychic|p1b: Meganium\n|-damage|p1b: Meganium|30/100 tox\n|move|p2a: Sinistcha|Matcha Gotcha|p1a: Pelipper|[spread] p1b\n|-miss|p2a: Sinistcha|p1a: Pelipper\n|-resisted|p1b: Meganium|1\n|-damage|p1b: Meganium|19/100 tox\n|move|p1a: Pelipper|Icy Wind|p2a: Sinistcha|[spread] p2a,p2b\n|-supereffective|p2a: Sinistcha|1\n|-damage|p2a: Sinistcha|76/100\n|-damage|p2b: Hatterene|86/100\n|-unboost|p2a: Sinistcha|spe|1\n|-unboost|p2b: Hatterene|spe|1\n|move|p1b: Meganium|Weather Ball|p2a: Sinistcha\n|-supereffective|p2a: Sinistcha|1\n|-damage|p2a: Sinistcha|0 fnt\n|faint|p2a: Sinistcha\n|\n|-weather|RainDance|[upkeep]\n|-damage|p1b: Meganium|2/100 tox|[from] psn\n|upkeep\n|\n|t:|1776641346\n|switch|p2a: Feraligatr|Feraligatr, L50, F|100/100\n|turn|4\n|\n|t:|1776641366\n|detailschange|p2a: Feraligatr|Feraligatr-Mega, L50, F\n|-mega|p2a: Feraligatr|Feraligatr|Feraligite\n|move|p2a: Feraligatr|Protect|p2a: Feraligatr\n|-singleturn|p2a: Feraligatr|Protect\n|move|p2b: Hatterene|Dazzling Gleam|p1a: Pelipper|[spread] p1a,p1b\n|-damage|p1a: Pelipper|40/100\n|-damage|p1b: Meganium|0 fnt\n|faint|p1b: Meganium\n|move|p1a: Pelipper|Hurricane|p2a: Feraligatr\n|-activate|p2a: Feraligatr|move: Protect\n|\n|-weather|RainDance|[upkeep]\n|upkeep\n|\n|t:|1776641373\n|switch|p1b: Primarina|Primarina, L50, M|100/100\n|turn|5\n|\n|t:|1776641390\n|move|p2b: Hatterene|Psychic|p1b: Primarina\n|-damage|p1b: Primarina|60/100\n|move|p1b: Primarina|Hyper Voice|p2b: Hatterene|[spread] p2a,p2b\n|-resisted|p2a: Feraligatr|2\n|-damage|p2a: Feraligatr|87/100\n|-damage|p2b: Hatterene|24/100\n|move|p2a: Feraligatr|Double-Edge|p1a: Pelipper\n|-damage|p1a: Pelipper|0 fnt\n|faint|p1a: Pelipper\n|-damage|p2a: Feraligatr|79/100|[from] Recoil\n|\n|-weather|none\n|-heal|p1b: Primarina|66/100|[from] item: Leftovers\n|-fieldend|move: Trick Room\n|upkeep\n|\n|t:|1776641403\n|switch|p1a: Empoleon|Empoleon, L50, F|100/100\n|turn|6\n|\n|t:|1776641431\n|move|p2a: Feraligatr|Protect|p2a: Feraligatr\n|-singleturn|p2a: Feraligatr|Protect\n|move|p1a: Empoleon|Flash Cannon|p2b: Hatterene\n|-supereffective|p2b: Hatterene|1\n|-damage|p2b: Hatterene|0 fnt\n|faint|p2b: Hatterene\n|move|p1b: Primarina|Shadow Ball|p2a: Feraligatr\n|-activate|p2a: Feraligatr|move: Protect\n|\n|-heal|p1b: Primarina|72/100|[from] item: Leftovers\n|upkeep\n|turn|7\n|\n|t:|1776641445\n|move|p2a: Feraligatr|Double-Edge|p1a: Empoleon\n|-resisted|p1a: Empoleon|1\n|-damage|p1a: Empoleon|51/100\n|-damage|p2a: Feraligatr|62/100|[from] Recoil\n|move|p1a: Empoleon|Chilling Water|p2a: Feraligatr\n|-resisted|p2a: Feraligatr|2\n|-damage|p2a: Feraligatr|56/100\n|-unboost|p2a: Feraligatr|atk|1\n|move|p1b: Primarina|Shadow Ball|p2a: Feraligatr\n|-damage|p2a: Feraligatr|25/100\n|\n|-heal|p1b: Primarina|78/100|[from] item: Leftovers\n|upkeep\n|turn|8\n|\n|t:|1776641457\n|move|p2a: Feraligatr|Double-Edge|p1a: Empoleon\n|-resisted|p1a: Empoleon|1\n|-crit|p1a: Empoleon\n|-damage|p1a: Empoleon|0 fnt\n|faint|p1a: Empoleon\n|-damage|p2a: Feraligatr|8/100|[from] Recoil\n|move|p1b: Primarina|Calm Mind|p1b: Primarina\n|-boost|p1b: Primarina|spa|1\n|-boost|p1b: Primarina|spd|1\n|\n|-heal|p1b: Primarina|83/100|[from] item: Leftovers\n|upkeep\n|turn|9\n|\n|t:|1776641469\n|move|p2a: Feraligatr|Liquidation|p1b: Primarina\n|-resisted|p1b: Primarina|1\n|-damage|p1b: Primarina|57/100\n|move|p1b: Primarina|Shadow Ball|p2a: Feraligatr\n|-damage|p2a: Feraligatr|0 fnt\n|faint|p2a: Feraligatr\n|\n|win|jonathan53332\n",
  "uploadtime": 1776641471,
  "views": 6,
  "formatid": "gen9championsvgc2026regma",
  "rating": null,
  "private": 0,
  "password": null
}