{
  "id": "gen9championsvgc2026regma-2582879257",
  "format": "[Gen 9 Champions] VGC 2026 Reg M-A",
  "players": [
    "BloodTrailedCometV",
    "vngaaa"
  ],
  "log": "|j|\u2606BloodTrailedCometV\n|j|\u2606vngaaa\n|t:|1776121469\n|gametype|doubles\n|player|p1|BloodTrailedCometV|lance-masters2|1012\n|player|p2|vngaaa|1|1107\n|gen|9\n|tier|[Gen 9 Champions] VGC 2026 Reg M-A\n|rated|\n|rule|Species Clause: Limit one of each Pok\u00e9mon\n|rule|Item Clause: Limit 1 of each item\n|clearpoke\n|poke|p1|Golurk, L50|\n|poke|p1|Crabominable, L50, F|\n|poke|p1|Hatterene, L50, F|\n|poke|p1|Sinistcha-Masterpiece, L50|\n|poke|p1|Kingambit, L50, M|\n|poke|p1|Torkoal, L50, M|\n|poke|p2|Meganium, L50, M|\n|poke|p2|Pelipper, L50, F|\n|poke|p2|Basculegion, L50, M|\n|poke|p2|Sneasler, L50, M|\n|poke|p2|Manectric, L50, M|\n|poke|p2|Corviknight, L50, F|\n|teampreview|4\n|inactive|Battle timer is ON: inactive players will automatically lose when time's up. (requested by BloodTrailedCometV)\n|\n|t:|1776121482\n|teamsize|p1|4\n|teamsize|p2|4\n|start\n|switch|p1a: Hatterene|Hatterene, L50, F|100/100\n|switch|p1b: Sinistcha|Sinistcha-Masterpiece, L50|100/100\n|switch|p2a: Meganium|Meganium, L50, M|100/100\n|switch|p2b: Basculegion|Basculegion, L50, M|100/100\n|turn|1\n|\n|t:|1776121498\n|detailschange|p2a: Meganium|Meganium-Mega, L50, M\n|-mega|p2a: Meganium|Meganium|Meganiumite\n|move|p1b: Sinistcha|Rage Powder|p1b: Sinistcha\n|-singleturn|p1b: Sinistcha|move: Rage Powder\n|move|p2b: Basculegion|Flip Turn|p1b: Sinistcha\n|-resisted|p1b: Sinistcha|1\n|-damage|p1b: Sinistcha|84/100\n|\n|t:|1776121504\n|switch|p2b: Sneasler|Sneasler, L50, M|100/100|[from] Flip Turn\n|move|p2a: Meganium|Weather Ball|p1b: Sinistcha\n|-supereffective|p1b: Sinistcha|1\n|-damage|p1b: Sinistcha|6/100\n|move|p1a: Hatterene|Trick Room|p1a: Hatterene\n|-fieldstart|move: Trick Room|[of] p1a: Hatterene\n|\n|upkeep\n|turn|2\n|\n|t:|1776121520\n|move|p1a: Hatterene|Protect|p1a: Hatterene\n|-singleturn|p1a: Hatterene|Protect\n|move|p2b: Sneasler|Fake Out|p1a: Hatterene\n|-activate|p1a: Hatterene|move: Protect\n|move|p1b: Sinistcha|Shadow Ball|p2b: Sneasler\n|-damage|p2b: Sneasler|38/100\n|move|p2a: Meganium|Weather Ball|p1b: Sinistcha\n|-supereffective|p1b: Sinistcha|1\n|-damage|p1b: Sinistcha|0 fnt\n|faint|p1b: Sinistcha\n|\n|upkeep\n|\n|t:|1776121528\n|switch|p1b: Torkoal|Torkoal, L50, M|100/100\n|-weather|SunnyDay|[from] ability: Drought|[of] p1b: Torkoal\n|turn|3\n|\n|t:|1776121544\n|switch|p2b: Pelipper|Pelipper, L50, F|100/100\n|-weather|RainDance|[from] ability: Drizzle|[of] p2b: Pelipper\n|move|p1b: Torkoal|Eruption|p2b: Pelipper|[spread] p2a,p2b\n|-supereffective|p2a: Meganium|1\n|-resisted|p2b: Pelipper|1\n|-damage|p2a: Meganium|43/100\n|-damage|p2b: Pelipper|80/100\n|move|p1a: Hatterene|Dazzling Gleam|p2b: Pelipper|[spread] p2a,p2b\n|-damage|p2a: Meganium|6/100\n|-damage|p2b: Pelipper|29/100\n|move|p2a: Meganium|Weather Ball|p1b: Torkoal\n|-resisted|p1b: Torkoal|1\n|-damage|p1b: Torkoal|60/100\n|\n|-weather|RainDance|[upkeep]\n|-heal|p2b: Pelipper|35/100|[from] item: Leftovers\n|upkeep\n|turn|4\n|inactive|vngaaa has 30 seconds left.\n|\n|t:|1776121572\n|switch|p1b: Golurk|Golurk, L50, shiny|100/100\n|move|p2b: Pelipper|Protect|p2b: Pelipper\n|-singleturn|p2b: Pelipper|Protect\n|move|p2a: Meganium|Protect|p2a: Meganium\n|-singleturn|p2a: Meganium|Protect\n|move|p1a: Hatterene|Dazzling Gleam|p2b: Pelipper|[spread] \n|-activate|p2a: Meganium|move: Protect\n|-activate|p2b: Pelipper|move: Protect\n|\n|-weather|RainDance|[upkeep]\n|-heal|p2b: Pelipper|41/100|[from] item: Leftovers\n|upkeep\n|turn|5\n|inactive|vngaaa has 30 seconds left.\n|\n|t:|1776121606\n|switch|p2a: Sneasler|Sneasler, L50, M|38/100\n|detailschange|p1b: Golurk|Golurk-Mega, L50, shiny\n|-mega|p1b: Golurk|Golurk|Golurkite\n|move|p2b: Pelipper|Protect||[still]\n|-fail|p2b: Pelipper\n|move|p1a: Hatterene|Dazzling Gleam|p2a: Sneasler|[spread] p2a,p2b\n|-damage|p2a: Sneasler|0 fnt\n|-damage|p2b: Pelipper|0 fnt\n|faint|p2a: Sneasler\n|faint|p2b: Pelipper\n|move|p1b: Golurk|Ice Punch|p2: Sneasler|[notarget]\n|-fail|p1b: Golurk\n|\n|-weather|RainDance|[upkeep]\n|-fieldend|move: Trick Room\n|upkeep\n|\n|t:|1776121620\n|switch|p2a: Meganium|Meganium-Mega, L50, M|6/100\n|switch|p2b: Basculegion|Basculegion, L50, M|100/100\n|turn|6\n|\n|t:|1776121633\n|move|p1b: Golurk|Protect|p1b: Golurk\n|-singleturn|p1b: Golurk|Protect\n|move|p2b: Basculegion|Last Respects|p1a: Hatterene\n|-supereffective|p1a: Hatterene|1\n|-enditem|p1a: Hatterene|Focus Sash\n|-damage|p1a: Hatterene|1/100\n|move|p2a: Meganium|Weather Ball|p1b: Golurk\n|-activate|p1b: Golurk|move: Protect\n|move|p1a: Hatterene|Trick Room|p1a: Hatterene\n|-fieldstart|move: Trick Room|[of] p1a: Hatterene\n|\n|-weather|RainDance|[upkeep]\n|upkeep\n|turn|7\n|\n|t:|1776121649\n|move|p2a: Meganium|Protect|p2a: Meganium\n|-singleturn|p2a: Meganium|Protect\n|move|p1a: Hatterene|Dazzling Gleam|p2b: Basculegion|[spread] p2b\n|-activate|p2a: Meganium|move: Protect\n|-damage|p2b: Basculegion|58/100\n|move|p1b: Golurk|Headlong Rush|p2b: Basculegion\n|-damage|p2b: Basculegion|0 fnt\n|-unboost|p1b: Golurk|def|1\n|-unboost|p1b: Golurk|spd|1\n|faint|p2b: Basculegion\n|\n|-weather|none\n|upkeep\n|turn|8\n|-message|vngaaa forfeited.\n|\n|win|BloodTrailedCometV\n|raw|BloodTrailedCometV's rating: 1012 &rarr; <strong>1060</strong><br />(+48 for winning)\n|raw|vngaaa's rating: 1107 &rarr; <strong>1075</strong><br />(-32 for losing)\n|l|\u2606vngaaa\n|player|p2|\n",
  "uploadtime": 1776121676,
  "views": 26,
  "formatid": "gen9championsvgc2026regma",
  "rating": 1060,
  "private": 0,
  "password": null
}