{
  "id": "gen9championsvgc2026regma-2586466881",
  "format": "[Gen 9 Champions] VGC 2026 Reg M-A",
  "players": [
    "sagapocalypse1",
    "BRich24rulz"
  ],
  "log": "|j|\u2606sagapocalypse1\n|j|\u2606BRich24rulz\n|t:|1776436684\n|gametype|doubles\n|player|p1|sagapocalypse1|hilda|1231\n|player|p2|BRich24rulz|102|1146\n|gen|9\n|tier|[Gen 9 Champions] VGC 2026 Reg M-A\n|rated|\n|rule|Species Clause: Limit one of each Pok\u00e9mon\n|rule|Item Clause: Limit 1 of each item\n|clearpoke\n|poke|p1|Primarina, L50, F|\n|poke|p1|Whimsicott, L50, M|\n|poke|p1|Delphox, L50, F|\n|poke|p1|Sneasler, L50, M|\n|poke|p1|Aegislash, L50, M|\n|poke|p1|Krookodile, L50, M|\n|poke|p2|Floette-Eternal, L50, F|\n|poke|p2|Tyranitar, L50, F|\n|poke|p2|Aerodactyl, L50, M|\n|poke|p2|Sneasler, L50, F|\n|poke|p2|Incineroar, L50, M|\n|poke|p2|Basculegion, L50, M|\n|teampreview|4\n|\n|t:|1776436714\n|teamsize|p1|4\n|teamsize|p2|4\n|start\n|switch|p1a: Tonic|Whimsicott, L50, M|100/100\n|switch|p1b: Gin|Aegislash, L50, M|100/100\n|switch|p2a: Tyranitar|Tyranitar, L50, F|100/100\n|switch|p2b: Aerodactyl|Aerodactyl, L50, M|100/100\n|-ability|p2b: Aerodactyl|Unnerve\n|-weather|Sandstorm|[from] ability: Sand Stream|[of] p2a: Tyranitar\n|turn|1\n|inactive|Battle timer is ON: inactive players will automatically lose when time's up. (requested by BRich24rulz)\n|inactive|sagapocalypse1 also wants the timer to be on.\n|\n|t:|1776436737\n|detailschange|p2a: Tyranitar|Tyranitar-Mega, L50, F\n|-mega|p2a: Tyranitar|Tyranitar|Tyranitarite\n|move|p1a: Tonic|Tailwind|p1a: Tonic\n|-sidestart|p1: sagapocalypse1|move: Tailwind\n|move|p2b: Aerodactyl|Dual Wingbeat|p1a: Tonic\n|-supereffective|p1a: Tonic|1\n|-crit|p1a: Tonic\n|-damage|p1a: Tonic|53/100\n|-supereffective|p1a: Tonic|1\n|-damage|p1a: Tonic|19/100\n|-hitcount|p1a: Tonic|2\n|move|p1b: Gin|Swords Dance|p1b: Gin\n|-boost|p1b: Gin|atk|2\n|move|p2a: Tyranitar|Rock Slide|p1a: Tonic|[spread] p1a,p1b\n|-resisted|p1b: Gin|1\n|-damage|p1a: Tonic|0 fnt\n|-damage|p1b: Gin|87/100\n|faint|p1a: Tonic\n|\n|-weather|Sandstorm|[upkeep]\n|upkeep\n|\n|t:|1776436752\n|switch|p1a: Latte|Krookodile, L50, M|100/100\n|-ability|p1a: Latte|Intimidate|boost\n|-unboost|p2a: Tyranitar|atk|1\n|-unboost|p2b: Aerodactyl|atk|1\n|turn|2\n|\n|t:|1776436769\n|move|p1b: Gin|King's Shield|p1b: Gin\n|-singleturn|p1b: Gin|Protect\n|move|p2a: Tyranitar|Protect|p2a: Tyranitar\n|-singleturn|p2a: Tyranitar|Protect\n|move|p1a: Latte|Rock Slide|p2a: Tyranitar|[spread] p2b\n|-activate|p2a: Tyranitar|move: Protect\n|-supereffective|p2b: Aerodactyl|1\n|-damage|p2b: Aerodactyl|37/100\n|cant|p2b: Aerodactyl|flinch\n|\n|-weather|Sandstorm|[upkeep]\n|upkeep\n|turn|3\n|\n|t:|1776436792\n|switch|p2b: Sneasler|Sneasler, L50, F|100/100\n|move|p1a: Latte|Rock Slide|p2a: Tyranitar|[spread] p2a,p2b\n|-resisted|p2b: Sneasler|1\n|-damage|p2a: Tyranitar|90/100\n|-damage|p2b: Sneasler|86/100\n|-formechange|p1b: Gin|Aegislash-Blade|\n|move|p1b: Gin|Rock Slide|p2a: Tyranitar|[spread] p2a,p2b\n|-resisted|p2b: Sneasler|1\n|-damage|p2a: Tyranitar|66/100\n|-damage|p2b: Sneasler|46/100\n|cant|p2a: Tyranitar|flinch\n|\n|-weather|Sandstorm|[upkeep]\n|-damage|p2b: Sneasler|40/100|[from] Sandstorm\n|upkeep\n|turn|4\n|inactive|BRich24rulz has 30 seconds left.\n|\n|t:|1776436827\n|move|p2b: Sneasler|Protect|p2b: Sneasler\n|-singleturn|p2b: Sneasler|Protect\n|-formechange|p1b: Gin|Aegislash|\n|move|p1b: Gin|King's Shield|p1b: Gin\n|-singleturn|p1b: Gin|Protect\n|move|p1a: Latte|Rock Slide|p2a: Tyranitar|[spread] p2a\n|-activate|p2b: Sneasler|move: Protect\n|-damage|p2a: Tyranitar|57/100\n|cant|p2a: Tyranitar|flinch\n|\n|-weather|Sandstorm|[upkeep]\n|-damage|p2b: Sneasler|34/100|[from] Sandstorm\n|-sideend|p1: sagapocalypse1|move: Tailwind\n|upkeep\n|turn|5\n|inactive|sagapocalypse1 has 30 seconds left.\n|\n|t:|1776436855\n|-formechange|p1b: Gin|Aegislash-Blade|\n|move|p1b: Gin|Shadow Sneak|p2b: Sneasler\n|-damage|p2b: Sneasler|0 fnt\n|faint|p2b: Sneasler\n|move|p1a: Latte|Rock Slide|p2a: Tyranitar\n|-damage|p2a: Tyranitar|44/100\n|cant|p2a: Tyranitar|flinch\n|\n|-weather|none\n|upkeep\n|\n|t:|1776436865\n|switch|p2b: Aerodactyl|Aerodactyl, L50, M|37/100\n|-ability|p2b: Aerodactyl|Unnerve\n|turn|6\n|c|\u2606sagapocalypse1|wow im so sorry\n|\n|t:|1776436878\n|switch|p2a: Basculegion|Basculegion, L50, M|100/100\n|move|p1a: Latte|Rock Slide|p2a: Basculegion|[spread] p2a,p2b\n|-supereffective|p2b: Aerodactyl|1\n|-damage|p2a: Basculegion|77/100\n|-damage|p2b: Aerodactyl|0 fnt\n|faint|p2b: Aerodactyl\n|move|p1b: Gin|Rock Slide|p2a: Basculegion\n|-damage|p2a: Basculegion|3/100\n|\n|upkeep\n|\n|t:|1776436888\n|switch|p2b: Tyranitar|Tyranitar-Mega, L50, F|44/100\n|-weather|Sandstorm|[from] ability: Sand Stream|[of] p2b: Tyranitar\n|turn|7\n|\n|t:|1776436903\n|move|p2a: Basculegion|Aqua Jet|p1a: Latte\n|-supereffective|p1a: Latte|1\n|-damage|p1a: Latte|33/100\n|move|p1b: Gin|Shadow Sneak|p2a: Basculegion\n|-supereffective|p2a: Basculegion|1\n|-damage|p2a: Basculegion|0 fnt\n|faint|p2a: Basculegion\n|move|p1a: Latte|Rock Slide|p2b: Tyranitar\n|-damage|p2b: Tyranitar|31/100\n|cant|p2b: Tyranitar|flinch\n|\n|-weather|Sandstorm|[upkeep]\n|upkeep\n|turn|8\n|c|\u2606sagapocalypse1|whao\n|-message|BRich24rulz forfeited.\n|\n|win|sagapocalypse1\n|raw|sagapocalypse1's rating: 1231 &rarr; <strong>1250</strong><br />(+19 for winning)\n|raw|BRich24rulz's rating: 1146 &rarr; <strong>1127</strong><br />(-19 for losing)\n|l|\u2606BRich24rulz\n|player|p2|\n|c|\u2606sagapocalypse1|im so sorry\n",
  "uploadtime": 1776436927,
  "views": 21,
  "formatid": "gen9championsvgc2026regma",
  "rating": 1127,
  "private": 0,
  "password": null
}