{
  "id": "gen9championsvgc2026regma-2586844606",
  "format": "[Gen 9 Champions] VGC 2026 Reg M-A",
  "players": [
    "evpubby",
    "2sweep4u"
  ],
  "log": "|j|\u2606evpubby\n|j|\u26062sweep4u\n|t:|1776464713\n|gametype|doubles\n|player|p1|evpubby|acetrainerf|1145\n|player|p2|2sweep4u|unknownf|1056\n|gen|9\n|tier|[Gen 9 Champions] VGC 2026 Reg M-A\n|rated|\n|rule|Species Clause: Limit one of each Pok\u00e9mon\n|rule|Item Clause: Limit 1 of each item\n|clearpoke\n|poke|p1|Meganium, L50, M|\n|poke|p1|Basculegion, L50, M|\n|poke|p1|Politoed, L50, F|\n|poke|p1|Archaludon, L50, F|\n|poke|p1|Maushold-Four, L50|\n|poke|p1|Talonflame, L50, M|\n|poke|p2|Charizard, L50, M|\n|poke|p2|Incineroar, L50, M|\n|poke|p2|Whimsicott, L50, F|\n|poke|p2|Farigiraf, L50, M|\n|poke|p2|Sinistcha-Masterpiece, L50|\n|poke|p2|Dragapult, L50, M|\n|teampreview|4\n|\n|t:|1776464742\n|teamsize|p1|4\n|teamsize|p2|4\n|start\n|switch|p1a: Meganium|Meganium, L50, M|100/100\n|switch|p1b: Politoed|Politoed, L50, F|100/100\n|switch|p2a: Whimsicott|Whimsicott, L50, F|100/100\n|switch|p2b: Charizard|Charizard, L50, M|100/100\n|-weather|RainDance|[from] ability: Drizzle|[of] p1b: Politoed\n|turn|1\n|inactive|Battle timer is ON: inactive players will automatically lose when time's up. (requested by 2sweep4u)\n|inactive|evpubby has 60 seconds left.\n|\n|t:|1776464775\n|switch|p1a: Basculegion|Basculegion, L50, M|100/100\n|move|p2b: Charizard|Protect|p2b: Charizard\n|-singleturn|p2b: Charizard|Protect\n|move|p2a: Whimsicott|Tailwind|p2a: Whimsicott\n|-sidestart|p2: 2sweep4u|move: Tailwind\n|move|p1b: Politoed|Weather Ball|p2b: Charizard\n|-activate|p2b: Charizard|move: Protect\n|\n|-weather|RainDance|[upkeep]\n|upkeep\n|turn|2\n|inactive|2sweep4u has 30 seconds left.\n|\n|t:|1776464805\n|detailschange|p2b: Charizard|Charizard-Mega-Y, L50, M\n|-mega|p2b: Charizard|Charizard|Charizardite Y\n|-weather|SunnyDay|[from] ability: Drought|[of] p2b: Charizard\n|move|p2b: Charizard|Solar Beam||[still]\n|-prepare|p2b: Charizard|Solar Beam\n|-anim|p2b: Charizard|Solar Beam|p1a: Basculegion\n|-supereffective|p1a: Basculegion|1\n|-damage|p1a: Basculegion|0 fnt\n|faint|p1a: Basculegion\n|move|p2a: Whimsicott|Moonblast|p1b: Politoed\n|-damage|p1b: Politoed|79/100\n|move|p1b: Politoed|Weather Ball|p2b: Charizard\n|-resisted|p2b: Charizard|1\n|-damage|p2b: Charizard|83/100\n|\n|-weather|SunnyDay|[upkeep]\n|upkeep\n|inactive|evpubby has 30 seconds left.\n|\n|t:|1776464831\n|switch|p1a: Archaludon|Archaludon, L50, F|100/100\n|turn|3\n|inactive|2sweep4u has 30 seconds left.\n|\n|t:|1776464857\n|switch|p1b: Meganium|Meganium, L50, M|100/100\n|move|p1a: Archaludon|Protect|p1a: Archaludon\n|-singleturn|p1a: Archaludon|Protect\n|move|p2a: Whimsicott|Fake Tears|p1b: Meganium\n|-unboost|p1b: Meganium|spd|2\n|move|p2b: Charizard|Weather Ball|p1a: Archaludon\n|-activate|p1a: Archaludon|move: Protect\n|\n|-weather|SunnyDay|[upkeep]\n|upkeep\n|turn|4\n|inactive|evpubby has 30 seconds left.\n|\n|t:|1776464890\n|switch|p2b: Incineroar|Incineroar, L50, M|100/100\n|-ability|p2b: Incineroar|Intimidate|boost\n|-unboost|p1a: Archaludon|atk|1\n|-unboost|p1b: Meganium|atk|1\n|-enditem|p1a: Archaludon|White Herb\n|-clearnegativeboost|p1a: Archaludon|[silent]\n|move|p1b: Meganium|Protect|p1b: Meganium\n|-singleturn|p1b: Meganium|Protect\n|move|p2a: Whimsicott|Fake Tears|p1a: Archaludon\n|-unboost|p1a: Archaludon|spd|2\n|move|p1a: Archaludon|Flash Cannon|p2a: Whimsicott\n|-supereffective|p2a: Whimsicott|1\n|-enditem|p2a: Whimsicott|Focus Sash\n|-damage|p2a: Whimsicott|1/100\n|\n|-weather|SunnyDay|[upkeep]\n|-sideend|p2: 2sweep4u|move: Tailwind\n|upkeep\n|turn|5\n|inactive|evpubby has 30 seconds left.\n|\n|t:|1776464924\n|switch|p1b: Politoed|Politoed, L50, F|79/100\n|-weather|RainDance|[from] ability: Drizzle|[of] p1b: Politoed\n|move|p1a: Archaludon|Protect|p1a: Archaludon\n|-singleturn|p1a: Archaludon|Protect\n|move|p2a: Whimsicott|Tailwind|p2a: Whimsicott\n|-sidestart|p2: 2sweep4u|move: Tailwind\n|move|p2b: Incineroar|Parting Shot|p1a: Archaludon\n|-activate|p1a: Archaludon|move: Protect\n|\n|-weather|RainDance|[upkeep]\n|upkeep\n|turn|6\n|\n|t:|1776464944\n|move|p2a: Whimsicott|Fake Tears|p1b: Politoed\n|-unboost|p1b: Politoed|spd|2\n|move|p2b: Incineroar|Parting Shot|p1a: Archaludon\n|-unboost|p1a: Archaludon|atk|1\n|-unboost|p1a: Archaludon|spa|1\n|\n|t:|1776464947\n|switch|p2b: Charizard|Charizard-Mega-Y, L50, M|83/100|[from] Parting Shot\n|-weather|SunnyDay|[from] ability: Drought|[of] p2b: Charizard\n|move|p1a: Archaludon|Electro Shot||[still]\n|-prepare|p1a: Archaludon|Electro Shot\n|-boost|p1a: Archaludon|spa|1\n|move|p1b: Politoed|Weather Ball|p2a: Whimsicott\n|-supereffective|p2a: Whimsicott|1\n|-damage|p2a: Whimsicott|0 fnt\n|faint|p2a: Whimsicott\n|\n|-weather|SunnyDay|[upkeep]\n|upkeep\n|\n|t:|1776464958\n|switch|p2a: Sinistcha|Sinistcha-Masterpiece, L50, shiny|100/100\n|-heal|p2b: Charizard|100/100|[from] ability: Hospitality|[of] p2a: Sinistcha\n|turn|7\n|\n|t:|1776464981\n|move|p2b: Charizard|Heat Wave|p1a: Archaludon|[spread] p1a\n|-miss|p2b: Charizard|p1b: Politoed\n|-ability|p1a: Archaludon|Sturdy\n|-damage|p1a: Archaludon|1/100\n|move|p2a: Sinistcha|Matcha Gotcha|p1a: Archaludon|[spread] p1b\n|-miss|p2a: Sinistcha|p1a: Archaludon\n|-supereffective|p1b: Politoed|1\n|-damage|p1b: Politoed|6/100\n|-enditem|p1b: Politoed|Sitrus Berry|[eat]\n|-heal|p1b: Politoed|31/100|[from] item: Sitrus Berry\n|move|p1a: Archaludon|Electro Shot|p2b: Charizard|[from] lockedmove\n|-supereffective|p2b: Charizard|1\n|-damage|p2b: Charizard|9/100\n|move|p1b: Politoed|Weather Ball|p2a: Sinistcha\n|-supereffective|p2a: Sinistcha|1\n|-damage|p2a: Sinistcha|36/100\n|\n|-weather|SunnyDay|[upkeep]\n|-heal|p2a: Sinistcha|43/100|[from] item: Leftovers\n|upkeep\n|turn|8\n|inactive|evpubby has 30 seconds left.\n|inactive|2sweep4u has 30 seconds left.\n|inactive|evpubby has 20 seconds left.\n|\n|t:|1776465016\n|move|p1a: Archaludon|Protect|p1a: Archaludon\n|-singleturn|p1a: Archaludon|Protect\n|move|p2b: Charizard|Heat Wave|p1b: Politoed|[spread] p1b\n|-activate|p1a: Archaludon|move: Protect\n|-resisted|p1b: Politoed|1\n|-damage|p1b: Politoed|0 fnt\n|faint|p1b: Politoed\n|move|p2a: Sinistcha|Matcha Gotcha|p1a: Archaludon\n|-activate|p1a: Archaludon|move: Protect\n|\n|-weather|SunnyDay|[upkeep]\n|-heal|p2a: Sinistcha|49/100|[from] item: Leftovers\n|-sideend|p2: 2sweep4u|move: Tailwind\n|upkeep\n|\n|t:|1776465035\n|switch|p1b: Meganium|Meganium, L50, M|100/100\n|turn|9\n|inactive|evpubby has 30 seconds left.\n|inactive|evpubby has 20 seconds left.\n|\n|t:|1776465072\n|switch|p2a: Incineroar|Incineroar, L50, M|100/100\n|-ability|p2a: Incineroar|Intimidate|boost\n|-unboost|p1a: Archaludon|atk|1\n|-unboost|p1b: Meganium|atk|1\n|detailschange|p1b: Meganium|Meganium-Mega, L50, M\n|-mega|p1b: Meganium|Meganium|Meganiumite\n|move|p2b: Charizard|Protect|p2b: Charizard\n|-singleturn|p2b: Charizard|Protect\n|move|p1a: Archaludon|Flash Cannon|p2b: Charizard\n|-activate|p2b: Charizard|move: Protect\n|move|p1b: Meganium|Weather Ball|p2a: Incineroar\n|-resisted|p2a: Incineroar|1\n|-damage|p2a: Incineroar|75/100\n|\n|-weather|SunnyDay|[upkeep]\n|upkeep\n|turn|10\n|\n|t:|1776465088\n|move|p1a: Archaludon|Protect|p1a: Archaludon\n|-singleturn|p1a: Archaludon|Protect\n|move|p1b: Meganium|Protect|p1b: Meganium\n|-singleturn|p1b: Meganium|Protect\n|move|p2a: Incineroar|Fake Out|p1b: Meganium\n|-activate|p1b: Meganium|move: Protect\n|move|p2b: Charizard|Heat Wave|p1a: Archaludon|[spread] \n|-activate|p1a: Archaludon|move: Protect\n|-activate|p1b: Meganium|move: Protect\n|\n|-weather|none\n|upkeep\n|turn|11\n|\n|t:|1776465110\n|move|p2b: Charizard|Heat Wave|p1b: Meganium|[spread] p1a,p1b\n|-supereffective|p1b: Meganium|1\n|-damage|p1a: Archaludon|0 fnt\n|-damage|p1b: Meganium|19/100\n|faint|p1a: Archaludon\n|move|p1b: Meganium|Weather Ball|p2b: Charizard\n|-resisted|p2b: Charizard|1\n|-damage|p2b: Charizard|0 fnt\n|faint|p2b: Charizard\n|move|p2a: Incineroar|Flare Blitz|p1b: Meganium\n|-supereffective|p1b: Meganium|1\n|-damage|p1b: Meganium|0 fnt\n|faint|p1b: Meganium\n|-damage|p2a: Incineroar|70/100|[from] Recoil\n|\n|win|2sweep4u\n|raw|evpubby's rating: 1145 &rarr; <strong>1114</strong><br />(-31 for losing)\n|raw|2sweep4u's rating: 1056 &rarr; <strong>1096</strong><br />(+40 for winning)\n",
  "uploadtime": 1776465110,
  "views": 21,
  "formatid": "gen9championsvgc2026regma",
  "rating": 1096,
  "private": 0,
  "password": null
}