{
  "id": "gen9championsvgc2026regma-2588620473",
  "format": "[Gen 9 Champions] VGC 2026 Reg M-A",
  "players": [
    "houses6\u80e1\u841d\u535c\u4fa0",
    "doomwhisper"
  ],
  "log": "|j|\u2606houses6\u80e1\u841d\u535c\u4fa0\n|j|\u2606doomwhisper\n|t:|1776650846\n|gametype|doubles\n|player|p1|houses6\u80e1\u841d\u535c\u4fa0|102|1557\n|player|p2|doomwhisper|marshal|1575\n|gen|9\n|tier|[Gen 9 Champions] VGC 2026 Reg M-A\n|rated|\n|rule|Species Clause: Limit one of each Pok\u00e9mon\n|rule|Item Clause: Limit 1 of each item\n|clearpoke\n|poke|p1|Basculegion, L50, M|\n|poke|p1|Aerodactyl, L50, M|\n|poke|p1|Floette-Eternal, L50, F|\n|poke|p1|Incineroar, L50, F|\n|poke|p1|Sinistcha-Masterpiece, L50|\n|poke|p1|Garchomp, L50, M|\n|poke|p2|Charizard, L50, F|\n|poke|p2|Tyranitar, L50, M|\n|poke|p2|Milotic, L50, M|\n|poke|p2|Sneasler, L50, F|\n|poke|p2|Incineroar, L50, M|\n|poke|p2|Sinistcha, L50|\n|teampreview|4\n|\n|t:|1776650875\n|teamsize|p1|4\n|teamsize|p2|4\n|start\n|switch|p1a: Floette|Floette-Eternal, L50, F|100/100\n|switch|p1b: Aerodactyl|Aerodactyl, L50, M|100/100\n|switch|p2a: Milotic|Milotic, L50, M|100/100\n|switch|p2b: Sneasler|Sneasler, L50, F|100/100\n|-ability|p1b: Aerodactyl|Unnerve\n|turn|1\n|inactive|Battle timer is ON: inactive players will automatically lose when time's up. (requested by houses6\u80e1\u841d\u535c\u4fa0)\n|\n|t:|1776650923\n|detailschange|p1a: Floette|Floette-Mega, L50, F\n|-mega|p1a: Floette|Floette|Floettite\n|-ability|p1a: Floette|Fairy Aura\n|move|p1b: Aerodactyl|Protect|p1b: Aerodactyl\n|-singleturn|p1b: Aerodactyl|Protect\n|move|p1a: Floette|Protect|p1a: Floette\n|-singleturn|p1a: Floette|Protect\n|move|p2b: Sneasler|Fake Out|p1a: Floette\n|-activate|p1a: Floette|move: Protect\n|move|p2a: Milotic|Icy Wind|p1b: Aerodactyl|[spread] \n|-activate|p1a: Floette|move: Protect\n|-activate|p1b: Aerodactyl|move: Protect\n|\n|upkeep\n|turn|2\n|\n|t:|1776650937\n|move|p1b: Aerodactyl|Dual Wingbeat|p2b: Sneasler\n|-supereffective|p2b: Sneasler|1\n|-damage|p2b: Sneasler|34/100\n|-supereffective|p2b: Sneasler|1\n|-damage|p2b: Sneasler|0 fnt\n|faint|p2b: Sneasler\n|-hitcount|p2: Sneasler|2\n|move|p1a: Floette|Calm Mind|p1a: Floette\n|-boost|p1a: Floette|spa|1\n|-boost|p1a: Floette|spd|1\n|move|p2a: Milotic|Icy Wind|p1a: Floette|[spread] p1a,p1b\n|-supereffective|p1b: Aerodactyl|1\n|-damage|p1a: Floette|95/100\n|-damage|p1b: Aerodactyl|65/100\n|-unboost|p1a: Floette|spe|1\n|-unboost|p1b: Aerodactyl|spe|1\n|\n|upkeep\n|\n|t:|1776650946\n|switch|p2b: Tyranitar|Tyranitar, L50, M|100/100\n|-weather|Sandstorm|[from] ability: Sand Stream|[of] p2b: Tyranitar\n|turn|3\n|j| ElZuylon\n|\n|t:|1776650981\n|detailschange|p2b: Tyranitar|Tyranitar-Mega, L50, M\n|-mega|p2b: Tyranitar|Tyranitar|Tyranitarite\n|move|p2b: Tyranitar|Protect|p2b: Tyranitar\n|-singleturn|p2b: Tyranitar|Protect\n|move|p1b: Aerodactyl|Tailwind|p1b: Aerodactyl\n|-sidestart|p1: houses6\u80e1\u841d\u535c\u4fa0|move: Tailwind\n|move|p1a: Floette|Dazzling Gleam|p2a: Milotic|[spread] p2a\n|-activate|p2b: Tyranitar|move: Protect\n|-damage|p2a: Milotic|50/100\n|move|p2a: Milotic|Icy Wind|p1b: Aerodactyl|[spread] p1a,p1b\n|-supereffective|p1b: Aerodactyl|1\n|-damage|p1a: Floette|90/100\n|-damage|p1b: Aerodactyl|42/100\n|-unboost|p1a: Floette|spe|1\n|-unboost|p1b: Aerodactyl|spe|1\n|\n|-weather|Sandstorm|[upkeep]\n|-damage|p1a: Floette|84/100|[from] Sandstorm\n|-damage|p2a: Milotic|44/100|[from] Sandstorm\n|-heal|p2a: Milotic|50/100|[from] item: Leftovers\n|upkeep\n|turn|4\n|inactive|doomwhisper has 30 seconds left.\n|inactive|houses6\u80e1\u841d\u535c\u4fa0 has 30 seconds left.\n|\n|t:|1776651027\n|switch|p1b: Incineroar|Incineroar, L50, F|100/100\n|-ability|p1b: Incineroar|Intimidate|boost\n|-unboost|p2a: Milotic|atk|1\n|-ability|p2a: Milotic|Competitive|boost\n|-boost|p2a: Milotic|spa|2\n|-unboost|p2b: Tyranitar|atk|1\n|switch|p2b: Sinistcha|Sinistcha, L50|100/100\n|-heal|p2a: Milotic|75/100|[from] ability: Hospitality|[of] p2b: Sinistcha\n|move|p1a: Floette|Dazzling Gleam|p2b: Sinistcha|[spread] p2a,p2b\n|-damage|p2a: Milotic|21/100\n|-damage|p2b: Sinistcha|35/100\n|move|p2a: Milotic|Icy Wind|p1b: Incineroar|[spread] p1a,p1b\n|-resisted|p1b: Incineroar|1\n|-damage|p1a: Floette|72/100\n|-damage|p1b: Incineroar|92/100\n|-unboost|p1a: Floette|spe|1\n|-unboost|p1b: Incineroar|spe|1\n|\n|-weather|Sandstorm|[upkeep]\n|-damage|p1b: Incineroar|86/100|[from] Sandstorm\n|-damage|p2a: Milotic|15/100|[from] Sandstorm\n|-damage|p1a: Floette|65/100|[from] Sandstorm\n|-damage|p2b: Sinistcha|29/100|[from] Sandstorm\n|-heal|p2a: Milotic|21/100|[from] item: Leftovers\n|upkeep\n|turn|5\n|j| thruxytwo\n|inactive|doomwhisper has 30 seconds left.\n|\n|t:|1776651054\n|move|p2a: Milotic|Protect|p2a: Milotic\n|-singleturn|p2a: Milotic|Protect\n|move|p1b: Incineroar|Fake Out|p2a: Milotic\n|-activate|p2a: Milotic|move: Protect\n|move|p1a: Floette|Dazzling Gleam|p2a: Milotic|[spread] p2b\n|-activate|p2a: Milotic|move: Protect\n|-damage|p2b: Sinistcha|0 fnt\n|faint|p2b: Sinistcha\n|\n|-weather|Sandstorm|[upkeep]\n|-damage|p1b: Incineroar|80/100|[from] Sandstorm\n|-damage|p2a: Milotic|15/100|[from] Sandstorm\n|-damage|p1a: Floette|59/100|[from] Sandstorm\n|-heal|p2a: Milotic|21/100|[from] item: Leftovers\n|upkeep\n|\n|t:|1776651062\n|switch|p2b: Tyranitar|Tyranitar-Mega, L50, M|100/100\n|turn|6\n|\n|t:|1776651074\n|move|p1a: Floette|Protect|p1a: Floette\n|-singleturn|p1a: Floette|Protect\n|move|p1b: Incineroar|Parting Shot|p2b: Tyranitar\n|-unboost|p2b: Tyranitar|atk|1\n|-unboost|p2b: Tyranitar|spa|1\n|\n|t:|1776651078\n|switch|p1b: Sinistcha|Sinistcha-Masterpiece, L50|100/100|[from] Parting Shot\n|-heal|p1a: Floette|84/100|[from] ability: Hospitality|[of] p1b: Sinistcha\n|move|p2b: Tyranitar|Rock Slide|p1b: Sinistcha|[spread] p1b\n|-activate|p1a: Floette|move: Protect\n|-damage|p1b: Sinistcha|79/100\n|move|p2a: Milotic|Recover|p2a: Milotic\n|-heal|p2a: Milotic|71/100\n|\n|-weather|Sandstorm|[upkeep]\n|-damage|p1b: Sinistcha|72/100|[from] Sandstorm\n|-damage|p2a: Milotic|65/100|[from] Sandstorm\n|-damage|p1a: Floette|78/100|[from] Sandstorm\n|-heal|p2a: Milotic|71/100|[from] item: Leftovers\n|-sideend|p1: houses6\u80e1\u841d\u535c\u4fa0|move: Tailwind\n|upkeep\n|turn|7\n|\n|t:|1776651096\n|move|p2b: Tyranitar|Rock Slide|p1b: Sinistcha|[spread] p1a,p1b\n|-damage|p1a: Floette|58/100\n|-damage|p1b: Sinistcha|52/100\n|move|p2a: Milotic|Scald|p1a: Floette\n|-damage|p1a: Floette|25/100\n|-status|p1a: Floette|brn\n|move|p1a: Floette|Dazzling Gleam|p2a: Milotic|[spread] p2a,p2b\n|-supereffective|p2b: Tyranitar|1\n|-damage|p2a: Milotic|26/100\n|-damage|p2b: Tyranitar|36/100\n|cant|p1b: Sinistcha|flinch\n|\n|-weather|none\n|-heal|p2a: Milotic|32/100|[from] item: Leftovers\n|-damage|p1a: Floette|19/100 brn|[from] brn\n|upkeep\n|turn|8\n|\n|t:|1776651114\n|move|p1a: Floette|Protect|p1a: Floette\n|-singleturn|p1a: Floette|Protect\n|move|p2b: Tyranitar|Rock Slide|p1b: Sinistcha|[spread] p1b\n|-activate|p1a: Floette|move: Protect\n|-crit|p1b: Sinistcha\n|-damage|p1b: Sinistcha|8/100\n|move|p2a: Milotic|Icy Wind|p1a: Floette|[spread] \n|-activate|p1a: Floette|move: Protect\n|-miss|p2a: Milotic|p1b: Sinistcha\n|cant|p1b: Sinistcha|flinch\n|\n|-heal|p2a: Milotic|38/100|[from] item: Leftovers\n|-damage|p1a: Floette|12/100 brn|[from] brn\n|upkeep\n|turn|9\n|\n|t:|1776651129\n|move|p2b: Tyranitar|Rock Slide|p1a: Floette|[spread] p1a,p1b\n|-damage|p1a: Floette|0 fnt\n|-damage|p1b: Sinistcha|0 fnt\n|faint|p1a: Floette\n|faint|p1b: Sinistcha\n|move|p2a: Milotic|Recover|p2a: Milotic\n|-heal|p2a: Milotic|88/100\n|\n|-heal|p2a: Milotic|94/100|[from] item: Leftovers\n|upkeep\n|\n|t:|1776651134\n|switch|p1a: Aerodactyl|Aerodactyl, L50, M|42/100\n|switch|p1b: Incineroar|Incineroar, L50, F|80/100\n|-ability|p1a: Aerodactyl|Unnerve\n|-ability|p1b: Incineroar|Intimidate|boost\n|-unboost|p2a: Milotic|atk|1\n|-ability|p2a: Milotic|Competitive|boost\n|-boost|p2a: Milotic|spa|2\n|-unboost|p2b: Tyranitar|atk|1\n|turn|10\n|inactive|houses6\u80e1\u841d\u535c\u4fa0 has 30 seconds left.\n|j| sharksame\n|inactive|houses6\u80e1\u841d\u535c\u4fa0 has 20 seconds left.\n|\n|t:|1776651174\n|move|p2b: Tyranitar|Protect|p2b: Tyranitar\n|-singleturn|p2b: Tyranitar|Protect\n|move|p2a: Milotic|Protect|p2a: Milotic\n|-singleturn|p2a: Milotic|Protect\n|move|p1b: Incineroar|Fake Out|p2a: Milotic\n|-activate|p2a: Milotic|move: Protect\n|move|p1a: Aerodactyl|Rock Slide|p2a: Milotic|[spread] \n|-activate|p2a: Milotic|move: Protect\n|-activate|p2b: Tyranitar|move: Protect\n|\n|-heal|p2a: Milotic|99/100|[from] item: Leftovers\n|upkeep\n|turn|11\n|\n|t:|1776651188\n|move|p1a: Aerodactyl|Rock Slide|p2a: Milotic|[spread] p2a,p2b\n|-damage|p2a: Milotic|77/100\n|-damage|p2b: Tyranitar|19/100\n|move|p2b: Tyranitar|Rock Slide|p1b: Incineroar|[spread] p1b\n|-miss|p2b: Tyranitar|p1a: Aerodactyl\n|-supereffective|p1b: Incineroar|1\n|-damage|p1b: Incineroar|46/100\n|-enditem|p1b: Incineroar|Sitrus Berry|[eat]\n|-heal|p1b: Incineroar|71/100|[from] item: Sitrus Berry\n|move|p2a: Milotic|Icy Wind|p1a: Aerodactyl|[spread] p1a,p1b\n|-supereffective|p1a: Aerodactyl|1\n|-resisted|p1b: Incineroar|1\n|-damage|p1a: Aerodactyl|0 fnt\n|-damage|p1b: Incineroar|58/100\n|-unboost|p1b: Incineroar|spe|1\n|faint|p1a: Aerodactyl\n|cant|p1b: Incineroar|flinch\n|\n|-heal|p2a: Milotic|83/100|[from] item: Leftovers\n|upkeep\n|turn|12\n|c|\u2606doomwhisper|gg\n|c|\u2606houses6\u80e1\u841d\u535c\u4fa0|lol\n|-message|houses6\u80e1\u841d\u535c\u4fa0 forfeited.\n|\n|win|doomwhisper\n|raw|houses6\u80e1\u841d\u535c\u4fa0's rating: 1557 &rarr; <strong>1538</strong><br />(-19 for losing)\n|raw|doomwhisper's rating: 1575 &rarr; <strong>1594</strong><br />(+19 for winning)\n|l|\u2606houses6\u80e1\u841d\u535c\u4fa0\n|player|p1|\n|l| sharksame\n|l| thruxytwo\n|l| ElZuylon\n",
  "uploadtime": 1776651221,
  "views": 8,
  "formatid": "gen9championsvgc2026regma",
  "rating": 1538,
  "private": 0,
  "password": null
}