{
  "id": "gen9championsvgc2026regma-2582090459",
  "format": "[Gen 9 Champions] VGC 2026 Reg M-A",
  "players": [
    "rorbert",
    "SavPass9"
  ],
  "log": "|j|\u2606rorbert\n|j|\u2606SavPass9\n|t:|1776056640\n|gametype|doubles\n|player|p1|rorbert|grimsley|1116\n|player|p2|SavPass9|102|1199\n|gen|9\n|tier|[Gen 9 Champions] VGC 2026 Reg M-A\n|rated|\n|rule|Species Clause: Limit one of each Pok\u00e9mon\n|rule|Item Clause: Limit 1 of each item\n|clearpoke\n|poke|p1|Floette-Eternal, L50, F|\n|poke|p1|Incineroar, L50, F|\n|poke|p1|Sinistcha, L50|\n|poke|p1|Rotom-Wash, L50|\n|poke|p1|Garchomp, L50, F|\n|poke|p1|Sneasler, L50, F|\n|poke|p2|Incineroar, L50, F|\n|poke|p2|Gengar, L50, M|\n|poke|p2|Sinistcha, L50|\n|poke|p2|Tyranitar, L50, F|\n|poke|p2|Kingambit, L50, M|\n|poke|p2|Kommo-o, L50, F|\n|teampreview|4\n|\n|t:|1776056694\n|teamsize|p1|4\n|teamsize|p2|4\n|start\n|switch|p1a: Incineroar|Incineroar, L50, F|100/100\n|switch|p1b: Garchomp|Garchomp, L50, F|100/100\n|switch|p2a: Incineroar|Incineroar, L50, F|100/100\n|switch|p2b: Gengar|Gengar, L50, M|100/100\n|-ability|p1a: Incineroar|Intimidate|boost\n|-unboost|p2a: Incineroar|atk|1\n|-unboost|p2b: Gengar|atk|1\n|-ability|p2a: Incineroar|Intimidate|boost\n|-unboost|p1a: Incineroar|atk|1\n|-unboost|p1b: Garchomp|atk|1\n|turn|1\n|\n|t:|1776056735\n|switch|p2b: Kingambit|Kingambit, L50, M|100/100\n|move|p2a: Incineroar|Fake Out|p1b: Garchomp\n|-damage|p1b: Garchomp|94/100\n|-damage|p2a: Incineroar|88/100|[from] ability: Rough Skin|[of] p1b: Garchomp\n|cant|p1b: Garchomp|flinch\n|move|p1a: Incineroar|Darkest Lariat|p2b: Kingambit\n|-resisted|p2b: Kingambit|1\n|-damage|p2b: Kingambit|91/100\n|\n|upkeep\n|turn|2\n|\n|t:|1776056757\n|switch|p1b: Sneasler|Sneasler, L50, F|100/100\n|-ability|p1b: Sneasler|Pressure\n|move|p1a: Incineroar|Flare Blitz|p2b: Kingambit\n|-supereffective|p2b: Kingambit|1\n|-crit|p2b: Kingambit\n|-damage|p2b: Kingambit|0 fnt\n|faint|p2b: Kingambit\n|-damage|p1a: Incineroar|70/100|[from] Recoil\n|move|p2a: Incineroar|Parting Shot|p1b: Sneasler\n|-unboost|p1b: Sneasler|atk|1\n|-unboost|p1b: Sneasler|spa|1\n|\n|t:|1776056765\n|switch|p2a: Kommo-o|Kommo-o, L50, F|100/100|[from] Parting Shot\n|-enditem|p1b: Sneasler|White Herb\n|-clearnegativeboost|p1b: Sneasler|[silent]\n|\n|upkeep\n|\n|t:|1776056771\n|switch|p2b: Incineroar|Incineroar, L50, F|88/100\n|-ability|p2b: Incineroar|Intimidate|boost\n|-unboost|p1a: Incineroar|atk|1\n|-unboost|p1b: Sneasler|atk|1\n|turn|3\n|l|\u2606SavPass9\n|player|p2|\n|\n|t:|1776056816\n|switch|p1b: Garchomp|Garchomp, L50, F|94/100\n|move|p2b: Incineroar|Fake Out|p1b: Garchomp\n|-damage|p1b: Garchomp|84/100\n|-damage|p2b: Incineroar|76/100|[from] ability: Rough Skin|[of] p1b: Garchomp\n|move|p2a: Kommo-o|Clangorous Soul|p2a: Kommo-o\n|-boost|p2a: Kommo-o|atk|1\n|-boost|p2a: Kommo-o|def|1\n|-boost|p2a: Kommo-o|spa|1\n|-boost|p2a: Kommo-o|spd|1\n|-boost|p2a: Kommo-o|spe|1\n|-damage|p2a: Kommo-o|68/100\n|move|p1a: Incineroar|Parting Shot|p2a: Kommo-o\n|-immune|p2a: Kommo-o|[from] ability: Soundproof\n|\n|-heal|p2a: Kommo-o|73/100|[from] item: Leftovers\n|upkeep\n|turn|4\n|j|\u2606SavPass9\n|player|p2|SavPass9|102|\n|l|\u2606SavPass9\n|player|p2|\n|j|\u2606SavPass9\n|player|p2|SavPass9|102|\n|\n|t:|1776056868\n|switch|p1a: Sneasler|Sneasler, L50, F|100/100\n|-ability|p1a: Sneasler|Pressure\n|move|p2a: Kommo-o|Clanging Scales|p1a: Sneasler|[spread] p1a,p1b\n|-crit|p1a: Sneasler\n|-supereffective|p1b: Garchomp|1\n|-damage|p1a: Sneasler|0 fnt\n|-damage|p1b: Garchomp|0 fnt\n|faint|p1a: Sneasler\n|faint|p1b: Garchomp\n|-unboost|p2a: Kommo-o|def|1\n|move|p2b: Incineroar|Parting Shot|p1: Sneasler|[notarget]\n|-fail|p2b: Incineroar\n|\n|-heal|p2a: Kommo-o|79/100|[from] item: Leftovers\n|upkeep\n|\n|t:|1776056880\n|switch|p1a: Floette|Floette-Eternal, L50, F|100/100\n|switch|p1b: Incineroar|Incineroar, L50, F|70/100\n|-ability|p1b: Incineroar|Intimidate|boost\n|-unboost|p2a: Kommo-o|atk|1\n|-unboost|p2b: Incineroar|atk|1\n|turn|5\n|\n|t:|1776056907\n|detailschange|p1a: Floette|Floette-Mega, L50, F\n|-mega|p1a: Floette|Floette|Floettite\n|-ability|p1a: Floette|Fairy Aura\n|move|p2a: Kommo-o|Aura Sphere|p1b: Incineroar\n|-supereffective|p1b: Incineroar|1\n|-enditem|p1b: Incineroar|Chople Berry|[eat]\n|-enditem|p1b: Incineroar|Chople Berry|[weaken]\n|-damage|p1b: Incineroar|22/100\n|move|p1a: Floette|Dazzling Gleam|p2a: Kommo-o|[spread] p2a,p2b\n|-supereffective|p2a: Kommo-o|2\n|-damage|p2a: Kommo-o|0 fnt\n|-damage|p2b: Incineroar|42/100\n|faint|p2a: Kommo-o\n|move|p1b: Incineroar|Darkest Lariat|p2b: Incineroar\n|-resisted|p2b: Incineroar|1\n|-damage|p2b: Incineroar|26/100\n|move|p2b: Incineroar|Parting Shot|p1a: Floette\n|-unboost|p1a: Floette|atk|1\n|-unboost|p1a: Floette|spa|1\n|\n|t:|1776056923\n|switch|p2b: Gengar|Gengar, L50, M|100/100|[from] Parting Shot\n|\n|upkeep\n|\n|t:|1776056926\n|switch|p2a: Incineroar|Incineroar, L50, F|26/100\n|-ability|p2a: Incineroar|Intimidate|boost\n|-unboost|p1a: Floette|atk|1\n|-unboost|p1b: Incineroar|atk|1\n|turn|6\n|\n|t:|1776056944\n|detailschange|p2b: Gengar|Gengar-Mega, L50, M\n|-mega|p2b: Gengar|Gengar|Gengarite\n|move|p2a: Incineroar|Fake Out|p1a: Floette\n|-damage|p1a: Floette|85/100\n|move|p2b: Gengar|Shadow Ball|p1b: Incineroar\n|-resisted|p1b: Incineroar|1\n|-damage|p1b: Incineroar|1/100\n|cant|p1a: Floette|flinch\n|move|p1b: Incineroar|Parting Shot|p2b: Gengar\n|-unboost|p2b: Gengar|atk|1\n|-unboost|p2b: Gengar|spa|1\n|\n|upkeep\n|turn|7\n|\n|t:|1776056972\n|move|p2b: Gengar|Shadow Ball|p1a: Floette\n|-damage|p1a: Floette|61/100\n|-unboost|p1a: Floette|spd|1\n|move|p1a: Floette|Dazzling Gleam|p2a: Incineroar|[spread] p2a,p2b\n|-resisted|p2b: Gengar|1\n|-damage|p2a: Incineroar|0 fnt\n|-damage|p2b: Gengar|84/100\n|faint|p2a: Incineroar\n|move|p1b: Incineroar|Darkest Lariat|p2b: Gengar\n|-supereffective|p2b: Gengar|1\n|-damage|p2b: Gengar|27/100\n|\n|upkeep\n|turn|8\n|-message|SavPass9 forfeited.\n|\n|win|rorbert\n|raw|rorbert's rating: 1116 &rarr; <strong>1147</strong><br />(+31 for winning)\n|raw|SavPass9's rating: 1199 &rarr; <strong>1168</strong><br />(-31 for losing)\n|l|\u2606SavPass9\n|player|p2|\n|c|\u2606rorbert|gg\n",
  "uploadtime": 1776056987,
  "views": 47,
  "formatid": "gen9championsvgc2026regma",
  "rating": 1147,
  "private": 0,
  "password": null
}