{
  "id": "gen9championsvgc2026regma-2584244443",
  "format": "[Gen 9 Champions] VGC 2026 Reg M-A",
  "players": [
    "Magmhaul",
    "carrotbeafsteak"
  ],
  "log": "|j|\u2606Magmhaul\n|j|\u2606carrotbeafsteak\n|t:|1776242555\n|gametype|doubles\n|player|p1|Magmhaul|blue|1319\n|player|p2|carrotbeafsteak|266|1347\n|gen|9\n|tier|[Gen 9 Champions] VGC 2026 Reg M-A\n|rated|\n|rule|Species Clause: Limit one of each Pok\u00e9mon\n|rule|Item Clause: Limit 1 of each item\n|clearpoke\n|poke|p1|Floette-Eternal, L50, F|\n|poke|p1|Tyranitar, L50, M|\n|poke|p1|Incineroar, L50, M|\n|poke|p1|Garchomp, L50, M|\n|poke|p1|Corviknight, L50, M|\n|poke|p1|Rotom-Wash, L50|\n|poke|p2|Gengar, L50, M|\n|poke|p2|Whimsicott, L50, F|\n|poke|p2|Vanilluxe, L50, M|\n|poke|p2|Clawitzer, L50, F|\n|poke|p2|Samurott-Hisui, L50, F|\n|poke|p2|Arcanine-Hisui, L50, F|\n|teampreview|4\n|\n|t:|1776242623\n|teamsize|p1|4\n|teamsize|p2|4\n|start\n|switch|p1a: Incineroar|Incineroar, L50, M|100/100\n|switch|p1b: Rotom|Rotom-Wash, L50|100/100\n|switch|p2a: Gengar|Gengar, L50, M|100/100\n|switch|p2b: Whimsicott|Whimsicott, L50, F|100/100\n|-ability|p1a: Incineroar|Intimidate|boost\n|-unboost|p2a: Gengar|atk|1\n|-unboost|p2b: Whimsicott|atk|1\n|turn|1\n|\n|t:|1776242659\n|detailschange|p2a: Gengar|Gengar-Mega, L50, M\n|-mega|p2a: Gengar|Gengar|Gengarite\n|move|p1a: Incineroar|Fake Out|p2b: Whimsicott\n|-damage|p2b: Whimsicott|90/100\n|cant|p2b: Whimsicott|flinch\n|move|p1b: Rotom|Volt Switch|p2a: Gengar\n|-damage|p2a: Gengar|66/100\n|\n|t:|1776242667\n|switch|p1b: Tyranitar|Tyranitar, L50, M|100/100|[from] Volt Switch\n|-weather|Sandstorm|[from] ability: Sand Stream|[of] p1b: Tyranitar\n|move|p2a: Gengar|Sludge Bomb|p1b: Tyranitar\n|-resisted|p1b: Tyranitar|1\n|-damage|p1b: Tyranitar|86/100\n|\n|-weather|Sandstorm|[upkeep]\n|-damage|p2a: Gengar|60/100|[from] Sandstorm\n|-damage|p2b: Whimsicott|84/100|[from] Sandstorm\n|-damage|p1a: Incineroar|95/100|[from] Sandstorm\n|upkeep\n|turn|2\n|inactive|Battle timer is ON: inactive players will automatically lose when time's up. (requested by Magmhaul)\n|\n|t:|1776242687\n|switch|p2b: Samurott|Samurott-Hisui, L50, F|100/100\n|detailschange|p1b: Tyranitar|Tyranitar-Mega, L50, M\n|-mega|p1b: Tyranitar|Tyranitar|Tyranitarite\n|move|p2a: Gengar|Protect|p2a: Gengar\n|-singleturn|p2a: Gengar|Protect\n|move|p1b: Tyranitar|Rock Slide|p2b: Samurott|[spread] p2b\n|-activate|p2a: Gengar|move: Protect\n|-damage|p2b: Samurott|55/100\n|move|p1a: Incineroar|Parting Shot|p2b: Samurott\n|-unboost|p2b: Samurott|atk|1\n|-unboost|p2b: Samurott|spa|1\n|\n|t:|1776242701\n|switch|p1a: Rotom|Rotom-Wash, L50|100/100|[from] Parting Shot\n|\n|-weather|Sandstorm|[upkeep]\n|-damage|p1a: Rotom|95/100|[from] Sandstorm\n|-damage|p2a: Gengar|55/100|[from] Sandstorm\n|-damage|p2b: Samurott|49/100|[from] Sandstorm\n|upkeep\n|turn|3\n|\n|t:|1776242712\n|move|p2b: Samurott|Protect|p2b: Samurott\n|-singleturn|p2b: Samurott|Protect\n|move|p1a: Rotom|Thunderbolt|p2b: Samurott\n|-activate|p2b: Samurott|move: Protect\n|move|p2a: Gengar|Sludge Bomb|p1a: Rotom\n|-damage|p1a: Rotom|26/100\n|move|p1b: Tyranitar|Crunch|p2a: Gengar\n|-supereffective|p2a: Gengar|1\n|-damage|p2a: Gengar|0 fnt\n|faint|p2a: Gengar\n|\n|-weather|Sandstorm|[upkeep]\n|-damage|p1a: Rotom|20/100|[from] Sandstorm\n|-damage|p2b: Samurott|43/100|[from] Sandstorm\n|upkeep\n|\n|t:|1776242721\n|switch|p2a: Whimsicott|Whimsicott, L50, F|84/100\n|turn|4\n|\n|t:|1776242733\n|move|p2a: Whimsicott|Tailwind|p2a: Whimsicott\n|-sidestart|p2: carrotbeafsteak|move: Tailwind\n|move|p2b: Samurott|Sacred Sword|p1b: Tyranitar\n|-supereffective|p1b: Tyranitar|2\n|-damage|p1b: Tyranitar|20/100\n|move|p1a: Rotom|Thunderbolt|p2b: Samurott\n|-supereffective|p2b: Samurott|1\n|-damage|p2b: Samurott|0 fnt\n|faint|p2b: Samurott\n|move|p1b: Tyranitar|Low Kick|p2a: Whimsicott\n|-resisted|p2a: Whimsicott|1\n|-damage|p2a: Whimsicott|80/100\n|\n|-weather|Sandstorm|[upkeep]\n|-damage|p2a: Whimsicott|74/100|[from] Sandstorm\n|-damage|p1a: Rotom|14/100|[from] Sandstorm\n|upkeep\n|\n|t:|1776242738\n|switch|p2b: Vanilluxe|Vanilluxe, L50, M|100/100\n|-weather|Snowscape|[from] ability: Snow Warning|[of] p2b: Vanilluxe\n|turn|5\n|\n|t:|1776242759\n|switch|p1a: Incineroar|Incineroar, L50, M|95/100\n|-ability|p1a: Incineroar|Intimidate|boost\n|-unboost|p2a: Whimsicott|atk|1\n|-unboost|p2b: Vanilluxe|atk|1\n|move|p1b: Tyranitar|Protect|p1b: Tyranitar\n|-singleturn|p1b: Tyranitar|Protect\n|move|p2b: Vanilluxe|Blizzard|p1a: Incineroar|[spread] p1a\n|-activate|p1b: Tyranitar|move: Protect\n|-resisted|p1a: Incineroar|1\n|-damage|p1a: Incineroar|79/100\n|move|p2a: Whimsicott|Moonblast|p1a: Incineroar\n|-damage|p1a: Incineroar|51/100\n|\n|-weather|Snowscape|[upkeep]\n|upkeep\n|turn|6\n|inactive|Magmhaul has 30 seconds left.\n|inactive|Magmhaul has 20 seconds left.\n|\n|t:|1776242798\n|switch|p1b: Rotom|Rotom-Wash, L50|14/100\n|move|p2b: Vanilluxe|Blizzard|p1a: Incineroar|[spread] p1a,p1b\n|-resisted|p1a: Incineroar|1\n|-resisted|p1b: Rotom|1\n|-damage|p1a: Incineroar|35/100\n|-damage|p1b: Rotom|0 fnt\n|-enditem|p1a: Incineroar|Sitrus Berry|[eat]\n|-heal|p1a: Incineroar|60/100|[from] item: Sitrus Berry\n|faint|p1b: Rotom\n|move|p2a: Whimsicott|Moonblast|p1a: Incineroar\n|-damage|p1a: Incineroar|30/100\n|move|p1a: Incineroar|Flare Blitz|p2a: Whimsicott\n|-supereffective|p2a: Whimsicott|1\n|-damage|p2a: Whimsicott|0 fnt\n|faint|p2a: Whimsicott\n|-damage|p1a: Incineroar|10/100|[from] Recoil\n|\n|-weather|Snowscape|[upkeep]\n|upkeep\n|\n|t:|1776242813\n|switch|p1b: Tyranitar|Tyranitar-Mega, L50, M|20/100\n|-weather|Sandstorm|[from] ability: Sand Stream|[of] p1b: Tyranitar\n|turn|7\n|\n|t:|1776242819\n|move|p1b: Tyranitar|Protect|p1b: Tyranitar\n|-singleturn|p1b: Tyranitar|Protect\n|move|p2b: Vanilluxe|Blizzard|p1b: Tyranitar|[spread] p1a\n|-activate|p1b: Tyranitar|move: Protect\n|-resisted|p1a: Incineroar|1\n|-damage|p1a: Incineroar|0 fnt\n|faint|p1a: Incineroar\n|\n|-weather|Sandstorm|[upkeep]\n|-damage|p2b: Vanilluxe|94/100|[from] Sandstorm\n|-sideend|p2: carrotbeafsteak|move: Tailwind\n|upkeep\n|\n|t:|1776242825\n|switch|p1a: Garchomp|Garchomp, L50, M|100/100\n|turn|8\n|\n|t:|1776242830\n|move|p2b: Vanilluxe|Blizzard|p1b: Tyranitar|[spread] p1b\n|-miss|p2b: Vanilluxe|p1a: Garchomp\n|-damage|p1b: Tyranitar|0 fnt\n|faint|p1b: Tyranitar\n|move|p1a: Garchomp|Dragon Claw|p2b: Vanilluxe\n|-damage|p2b: Vanilluxe|39/100\n|\n|-weather|Sandstorm|[upkeep]\n|-damage|p2b: Vanilluxe|33/100|[from] Sandstorm\n|upkeep\n|turn|9\n|\n|t:|1776242838\n|move|p2b: Vanilluxe|Blizzard|p1a: Garchomp\n|-supereffective|p1a: Garchomp|2\n|-damage|p1a: Garchomp|0 fnt\n|faint|p1a: Garchomp\n|\n|win|carrotbeafsteak\n|raw|Magmhaul's rating: 1319 &rarr; <strong>1301</strong><br />(-18 for losing)\n|raw|carrotbeafsteak's rating: 1347 &rarr; <strong>1365</strong><br />(+18 for winning)\n|l|\u2606Magmhaul\n|player|p1|\n",
  "uploadtime": 1776242849,
  "views": 25,
  "formatid": "gen9championsvgc2026regma",
  "rating": 1301,
  "private": 0,
  "password": null
}