{
  "id": "gen9championsvgc2026regma-2584151972",
  "format": "[Gen 9 Champions] VGC 2026 Reg M-A",
  "players": [
    "ThatRandomMikuFan",
    "MilkTeaWayGalaxy"
  ],
  "log": "|j|\u2606ThatRandomMikuFan\n|j|\u2606MilkTeaWayGalaxy\n|t:|1776231302\n|gametype|doubles\n|player|p1|ThatRandomMikuFan|miku-water|1173\n|player|p2|MilkTeaWayGalaxy|rosa-pokestar3|1188\n|gen|9\n|tier|[Gen 9 Champions] VGC 2026 Reg M-A\n|rated|\n|rule|Species Clause: Limit one of each Pok\u00e9mon\n|rule|Item Clause: Limit 1 of each item\n|clearpoke\n|poke|p1|Greninja-*, L50, F|\n|poke|p1|Sneasler, L50, M|\n|poke|p1|Sylveon, L50, F|\n|poke|p1|Aerodactyl, L50, F|\n|poke|p1|Arcanine, L50, F|\n|poke|p1|Sinistcha-Masterpiece, L50|\n|poke|p2|Froslass, L50, F|\n|poke|p2|Sinistcha, L50|\n|poke|p2|Kingambit, L50, F|\n|poke|p2|Sneasler, L50, M|\n|poke|p2|Incineroar, L50, M|\n|poke|p2|Basculegion, L50, M|\n|teampreview|4\n|inactive|Battle timer is ON: inactive players will automatically lose when time's up. (requested by ThatRandomMikuFan)\n|\n|t:|1776231331\n|teamsize|p1|4\n|teamsize|p2|4\n|start\n|switch|p1a: Aerodactyl|Aerodactyl, L50, F|100/100\n|switch|p1b: Sneasler|Sneasler, L50, M|100/100\n|switch|p2a: Froslass|Froslass, L50, F, shiny|100/100\n|switch|p2b: Incineroar|Incineroar, L50, M, shiny|100/100\n|-ability|p1a: Aerodactyl|Unnerve\n|-ability|p2b: Incineroar|Intimidate|boost\n|-unboost|p1a: Aerodactyl|atk|1\n|-unboost|p1b: Sneasler|atk|1\n|-enditem|p1b: Sneasler|White Herb\n|-clearnegativeboost|p1b: Sneasler|[silent]\n|turn|1\n|\n|t:|1776231355\n|detailschange|p2a: Froslass|Froslass-Mega, L50, F, shiny\n|-mega|p2a: Froslass|Froslass|Froslassite\n|-weather|Snowscape|[from] ability: Snow Warning|[of] p2a: Froslass\n|move|p1b: Sneasler|Fake Out|p2b: Incineroar\n|-damage|p2b: Incineroar|86/100\n|cant|p2b: Incineroar|flinch\n|move|p1a: Aerodactyl|Tailwind|p1a: Aerodactyl\n|-sidestart|p1: ThatRandomMikuFan|move: Tailwind\n|move|p2a: Froslass|Aurora Veil|p2a: Froslass\n|-sidestart|p2: MilkTeaWayGalaxy|move: Aurora Veil\n|\n|-weather|Snowscape|[upkeep]\n|-heal|p2b: Incineroar|92/100|[from] item: Leftovers\n|upkeep\n|turn|2\n|\n|t:|1776231369\n|switch|p2a: Kingambit|Kingambit, L50, F|100/100\n|switch|p2b: Basculegion|Basculegion, L50, M|100/100\n|move|p1b: Sneasler|Close Combat|p2b: Basculegion\n|-immune|p2b: Basculegion\n|move|p1a: Aerodactyl|Rock Slide|p2a: Kingambit|[spread] p2a\n|-miss|p1a: Aerodactyl|p2b: Basculegion\n|-resisted|p2a: Kingambit|1\n|-damage|p2a: Kingambit|96/100\n|\n|-weather|Snowscape|[upkeep]\n|upkeep\n|turn|3\n|\n|t:|1776231394\n|move|p2a: Kingambit|Protect|p2a: Kingambit\n|-singleturn|p2a: Kingambit|Protect\n|move|p1b: Sneasler|Close Combat|p2a: Kingambit\n|-activate|p2a: Kingambit|move: Protect\n|move|p1a: Aerodactyl|Rock Slide|p2b: Basculegion|[spread] \n|-activate|p2a: Kingambit|move: Protect\n|-miss|p1a: Aerodactyl|p2b: Basculegion\n|move|p2b: Basculegion|Wave Crash|p1b: Sneasler\n|-damage|p1b: Sneasler|0 fnt\n|faint|p1b: Sneasler\n|-damage|p2b: Basculegion|77/100|[from] Recoil\n|\n|-weather|Snowscape|[upkeep]\n|upkeep\n|\n|t:|1776231402\n|switch|p1b: Greninja|Greninja, L50, F|100/100\n|turn|4\n|\n|t:|1776231417\n|switch|p2a: Incineroar|Incineroar, L50, M, shiny|92/100\n|-ability|p2a: Incineroar|Intimidate|boost\n|-unboost|p1a: Aerodactyl|atk|1\n|-unboost|p1b: Greninja|atk|1\n|detailschange|p1b: Greninja|Greninja-Mega, L50, F\n|-mega|p1b: Greninja|Greninja|Greninjite\n|move|p2b: Basculegion|Aqua Jet|p1a: Aerodactyl\n|-supereffective|p1a: Aerodactyl|1\n|-enditem|p1a: Aerodactyl|Focus Sash\n|-damage|p1a: Aerodactyl|1/100\n|move|p1b: Greninja|Low Kick|p2a: Incineroar\n|-start|p1b: Greninja|typechange|Fighting|[from] ability: Protean\n|-supereffective|p2a: Incineroar|1\n|-damage|p2a: Incineroar|64/100\n|move|p1a: Aerodactyl|Rock Slide|p2a: Incineroar|[spread] p2a,p2b\n|-supereffective|p2a: Incineroar|1\n|-damage|p2a: Incineroar|48/100\n|-damage|p2b: Basculegion|68/100\n|\n|-weather|Snowscape|[upkeep]\n|-heal|p2a: Incineroar|54/100|[from] item: Leftovers\n|-sideend|p1: ThatRandomMikuFan|move: Tailwind\n|upkeep\n|turn|5\n|\n|t:|1776231437\n|move|p1a: Aerodactyl|Protect|p1a: Aerodactyl\n|-singleturn|p1a: Aerodactyl|Protect\n|move|p2a: Incineroar|Fake Out|p1b: Greninja\n|-damage|p1b: Greninja|81/100\n|move|p2b: Basculegion|Aqua Jet|p1a: Aerodactyl\n|-activate|p1a: Aerodactyl|move: Protect\n|cant|p1b: Greninja|flinch\n|\n|-weather|none\n|-heal|p2a: Incineroar|60/100|[from] item: Leftovers\n|-sideend|p2: MilkTeaWayGalaxy|move: Aurora Veil\n|upkeep\n|turn|6\n|\n|t:|1776231448\n|switch|p2a: Froslass|Froslass-Mega, L50, F, shiny|100/100\n|-weather|Snowscape|[from] ability: Snow Warning|[of] p2a: Froslass\n|move|p2b: Basculegion|Aqua Jet|p1a: Aerodactyl\n|-supereffective|p1a: Aerodactyl|1\n|-damage|p1a: Aerodactyl|0 fnt\n|faint|p1a: Aerodactyl\n|move|p1b: Greninja|Hydro Pump|p2a: Froslass|[miss]\n|-miss|p1b: Greninja|p2a: Froslass\n|\n|-weather|Snowscape|[upkeep]\n|upkeep\n|\n|t:|1776231460\n|switch|p1a: Sylveon|Sylveon, L50, F|100/100\n|turn|7\n|\n|t:|1776231470\n|move|p2a: Froslass|Protect|p2a: Froslass\n|-singleturn|p2a: Froslass|Protect\n|move|p1b: Greninja|Round|p2a: Froslass\n|-activate|p2a: Froslass|move: Protect\n|move|p1a: Sylveon|Round|p2b: Basculegion|[from] move: Round\n|-crit|p2b: Basculegion\n|-damage|p2b: Basculegion|0 fnt\n|faint|p2b: Basculegion\n|\n|-weather|Snowscape|[upkeep]\n|upkeep\n|\n|t:|1776231484\n|switch|p2b: Incineroar|Incineroar, L50, M, shiny|60/100\n|-ability|p2b: Incineroar|Intimidate|boost\n|-unboost|p1a: Sylveon|atk|1\n|-unboost|p1b: Greninja|atk|1\n|turn|8\n|\n|t:|1776231494\n|move|p1a: Sylveon|Protect|p1a: Sylveon\n|-singleturn|p1a: Sylveon|Protect\n|move|p2b: Incineroar|Fake Out|p1b: Greninja\n|-damage|p1b: Greninja|60/100\n|cant|p1b: Greninja|flinch\n|move|p2a: Froslass|Blizzard|p1a: Sylveon|[spread] p1b\n|-activate|p1a: Sylveon|move: Protect\n|-damage|p1b: Greninja|0 fnt\n|faint|p1b: Greninja\n|\n|-weather|Snowscape|[upkeep]\n|-heal|p2b: Incineroar|66/100|[from] item: Leftovers\n|upkeep\n|turn|9\n|\n|t:|1776231508\n|move|p2a: Froslass|Aurora Veil|p2a: Froslass\n|-sidestart|p2: MilkTeaWayGalaxy|move: Aurora Veil\n|move|p2b: Incineroar|Parting Shot|p1a: Sylveon\n|-unboost|p1a: Sylveon|atk|1\n|-unboost|p1a: Sylveon|spa|1\n|\n|t:|1776231512\n|switch|p2b: Kingambit|Kingambit, L50, F|96/100|[from] Parting Shot\n|move|p1a: Sylveon|Hyper Voice|p2b: Kingambit|[spread] p2a,p2b\n|-damage|p2a: Froslass|75/100\n|-damage|p2b: Kingambit|78/100\n|\n|-weather|Snowscape|[upkeep]\n|upkeep\n|turn|10\n|-message|ThatRandomMikuFan forfeited.\n|\n|win|MilkTeaWayGalaxy\n|raw|ThatRandomMikuFan's rating: 1173 &rarr; <strong>1149</strong><br />(-24 for losing)\n|raw|MilkTeaWayGalaxy's rating: 1188 &rarr; <strong>1212</strong><br />(+24 for winning)\n|l|\u2606ThatRandomMikuFan\n|player|p1|\n",
  "uploadtime": 1776231521,
  "views": 16,
  "formatid": "gen9championsvgc2026regma",
  "rating": 1149,
  "private": 0,
  "password": null
}