{
  "id": "gen9championsvgc2026regma-2587172767",
  "format": "[Gen 9 Champions] VGC 2026 Reg M-A",
  "players": [
    "nsbnsb",
    "Wzi"
  ],
  "log": "|j|\u2606nsbnsb\n|j|\u2606Wzi\n|t:|1776504089\n|gametype|doubles\n|player|p1|nsbnsb|ghetsis|1558\n|player|p2|Wzi|2|1482\n|gen|9\n|tier|[Gen 9 Champions] VGC 2026 Reg M-A\n|rated|\n|rule|Species Clause: Limit one of each Pok\u00e9mon\n|rule|Item Clause: Limit 1 of each item\n|clearpoke\n|poke|p1|Crabominable, L50, M|\n|poke|p1|Farigiraf, L50, M|\n|poke|p1|Kingambit, L50, M, shiny|\n|poke|p1|Sinistcha, L50|\n|poke|p1|Camerupt, L50, M|\n|poke|p1|Sneasler, L50, M|\n|poke|p2|Banette, L50, F|\n|poke|p2|Primarina, L50, F|\n|poke|p2|Archaludon, L50, M|\n|poke|p2|Meganium, L50, F|\n|poke|p2|Gallade, L50, M|\n|poke|p2|Pelipper, L50, F|\n|teampreview|4\n|inactive|Battle timer is ON: inactive players will automatically lose when time's up. (requested by nsbnsb)\n|\n|t:|1776504104\n|teamsize|p1|4\n|teamsize|p2|4\n|start\n|switch|p1a: Sinistcha|Sinistcha, L50|100/100\n|switch|p1b: Sneasler|Sneasler, L50, M|100/100\n|switch|p2a: Pelipper|Pelipper, L50, F|100/100\n|switch|p2b: Primarina|Primarina, L50, F|100/100\n|-weather|RainDance|[from] ability: Drizzle|[of] p2a: Pelipper\n|turn|1\n|\n|t:|1776504116\n|switch|p2b: Archaludon|Archaludon, L50, M|100/100\n|move|p1b: Sneasler|Fake Out|p2a: Pelipper\n|-damage|p2a: Pelipper|81/100\n|cant|p2a: Pelipper|flinch\n|move|p1a: Sinistcha|Trick Room|p1a: Sinistcha\n|-fieldstart|move: Trick Room|[of] p1a: Sinistcha\n|\n|-weather|RainDance|[upkeep]\n|upkeep\n|turn|2\n|\n|t:|1776504128\n|switch|p1b: Kingambit|Kingambit, L50, M, shiny|100/100\n|move|p1a: Sinistcha|Shadow Ball|p2a: Pelipper\n|-damage|p2a: Pelipper|1/100\n|move|p2b: Archaludon|Electro Shot||[still]\n|-prepare|p2b: Archaludon|Electro Shot\n|-boost|p2b: Archaludon|spa|1\n|-anim|p2b: Archaludon|Electro Shot|p1b: Kingambit\n|-damage|p1b: Kingambit|35/100\n|move|p2a: Pelipper|Hurricane|p1a: Sinistcha\n|-supereffective|p1a: Sinistcha|1\n|-enditem|p1a: Sinistcha|Focus Sash\n|-damage|p1a: Sinistcha|1/100\n|\n|-weather|RainDance|[upkeep]\n|upkeep\n|turn|3\n|inactive|Wzi has 30 seconds left.\n|inactive|Wzi has 20 seconds left.\n|inactive|Wzi has 15 seconds left.\n|\n|t:|1776504172\n|switch|p2a: Meganium|Meganium, L50, F|100/100\n|move|p1b: Kingambit|Kowtow Cleave|p2b: Archaludon\n|-damage|p2b: Archaludon|57/100\n|-ability|p2b: Archaludon|Stamina|boost\n|-boost|p2b: Archaludon|def|1\n|move|p1a: Sinistcha|Shadow Ball|p2b: Archaludon\n|-damage|p2b: Archaludon|5/100\n|-ability|p2b: Archaludon|Stamina|boost\n|-boost|p2b: Archaludon|def|1\n|-enditem|p2b: Archaludon|Sitrus Berry|[eat]\n|-heal|p2b: Archaludon|30/100|[from] item: Sitrus Berry\n|move|p2b: Archaludon|Electro Shot||[still]\n|-prepare|p2b: Archaludon|Electro Shot\n|-boost|p2b: Archaludon|spa|1\n|-anim|p2b: Archaludon|Electro Shot|p1b: Kingambit\n|-damage|p1b: Kingambit|0 fnt\n|faint|p1b: Kingambit\n|\n|-weather|RainDance|[upkeep]\n|upkeep\n|\n|t:|1776504186\n|switch|p1b: Crabominable|Crabominable, L50, M|100/100\n|turn|4\n|inactive|Wzi has 30 seconds left.\n|inactive|Wzi has 20 seconds left.\n|inactive|Wzi has 15 seconds left.\n|inactive|Wzi has 10 seconds left.\n|inactive|Wzi has 5 seconds left.\n|\n|t:|1776504239\n|switch|p2a: Pelipper|Pelipper, L50, F|1/100\n|detailschange|p1b: Crabominable|Crabominable-Mega, L50, M\n|-mega|p1b: Crabominable|Crabominable|Crabominite\n|move|p1b: Crabominable|Ice Hammer|p2a: Pelipper\n|-damage|p2a: Pelipper|0 fnt\n|-unboost|p1b: Crabominable|spe|1\n|faint|p2a: Pelipper\n|move|p1a: Sinistcha|Shadow Ball|p2b: Archaludon\n|-damage|p2b: Archaludon|0 fnt\n|faint|p2b: Archaludon\n|\n|-weather|RainDance|[upkeep]\n|upkeep\n|\n|t:|1776504250\n|switch|p2b: Meganium|Meganium, L50, F|100/100\n|switch|p2a: Primarina|Primarina, L50, F|100/100\n|turn|5\n|l|\u2606nsbnsb\n|inactive|nsbnsb disconnected and has a minute to reconnect!\n|player|p1|\n|inactive|nsbnsb has 30 seconds left.\n|inactive|nsbnsb has 20 seconds left.\n|inactive|nsbnsb has 15 seconds left.\n|inactive|nsbnsb has 10 seconds left.\n|inactive|nsbnsb has 5 seconds left.\n|-message|nsbnsb lost due to inactivity.\n|\n|win|Wzi\n|raw|nsbnsb's rating: 1558 &rarr; <strong>1534</strong><br />(-24 for losing)\n|raw|Wzi's rating: 1482 &rarr; <strong>1506</strong><br />(+24 for winning)\n|l|\u2606Wzi\n|player|p2|\n",
  "uploadtime": 1776504321,
  "views": 50,
  "formatid": "gen9championsvgc2026regma",
  "rating": 1506,
  "private": 0,
  "password": null
}