{
  "id": "gen9championsvgc2026regma-2580804082",
  "format": "[Gen 9 Champions] VGC 2026 Reg M-A",
  "players": [
    "orangejuice111",
    "hozesama"
  ],
  "log": "|j|\u2606orangejuice111\n|j|\u2606hozesama\n|t:|1775933811\n|gametype|doubles\n|player|p1|orangejuice111|266|1130\n|player|p2|hozesama|cynthia-masters4|1189\n|gen|9\n|tier|[Gen 9 Champions] VGC 2026 Reg M-A\n|rated|\n|rule|Species Clause: Limit one of each Pok\u00e9mon\n|rule|Item Clause: Limit 1 of each item\n|clearpoke\n|poke|p1|Garchomp, L50, M|\n|poke|p1|Incineroar, L50, M|\n|poke|p1|Whimsicott, L50, M|\n|poke|p1|Charizard, L50, F|\n|poke|p1|Venusaur, L50, M|\n|poke|p1|Sneasler, L50, F|\n|poke|p2|Gyarados, L50, M|\n|poke|p2|Venusaur, L50, M|\n|poke|p2|Sneasler, L50, F|\n|poke|p2|Kingambit, L50, F|\n|poke|p2|Basculegion, L50, M|\n|poke|p2|Gliscor, L50, M|\n|teampreview|4\n|inactive|Battle timer is ON: inactive players will automatically lose when time's up. (requested by orangejuice111)\norangejuice111 has agreed to open team sheets.\n|inactive|orangejuice111 has 60 seconds left.\n|inactive|hozesama has 60 seconds left.\nhozesama rejected open team sheets.\n|\n|t:|1775933861\n|teamsize|p1|4\n|teamsize|p2|4\n|start\n|switch|p1a: Sneasler|Sneasler, L50, F|100/100\n|switch|p1b: Garchomp|Garchomp, L50, M|100/100\n|switch|p2a: Sneasler|Sneasler, L50, F|100/100\n|switch|p2b: Basculegion|Basculegion, L50, M|100/100\n|turn|1\n|\n|t:|1775933879\n|switch|p2b: Gyarados|Gyarados, L50, M|100/100\n|-ability|p2b: Gyarados|Intimidate|boost\n|-unboost|p1a: Sneasler|atk|1\n|-unboost|p1b: Garchomp|atk|1\n|-enditem|p1a: Sneasler|White Herb\n|-clearnegativeboost|p1a: Sneasler|[silent]\n|move|p1a: Sneasler|Fake Out|p2a: Sneasler\n|-damage|p2a: Sneasler|72/100\n|cant|p2a: Sneasler|flinch\n|move|p1b: Garchomp|Dragon Claw|p2b: Gyarados\n|-damage|p2b: Gyarados|64/100\n|\n|upkeep\n|turn|2\n|\n|t:|1775933906\n|switch|p2a: Gliscor|Gliscor, L50, M|100/100\n|move|p1a: Sneasler|Dire Claw|p2b: Gyarados\n|-damage|p2b: Gyarados|9/100\n|move|p1b: Garchomp|Dragon Claw|p2a: Gliscor\n|-damage|p2a: Gliscor|76/100\n|move|p2b: Gyarados|Dragon Dance|p2b: Gyarados\n|-boost|p2b: Gyarados|atk|1\n|-boost|p2b: Gyarados|spe|1\n|\n|upkeep\n|turn|3\n|\n|t:|1775933925\n|switch|p2b: Sneasler|Sneasler, L50, F|72/100\n|move|p1a: Sneasler|Dire Claw|p2b: Sneasler\n|-resisted|p2b: Sneasler|1\n|-damage|p2b: Sneasler|35/100\n|-status|p2b: Sneasler|slp\n|move|p1b: Garchomp|Dragon Claw|p2a: Gliscor\n|-damage|p2a: Gliscor|50/100\n|move|p2a: Gliscor|High Horsepower|p1a: Sneasler\n|-supereffective|p1a: Sneasler|1\n|-damage|p1a: Sneasler|0 fnt\n|faint|p1a: Sneasler\n|\n|upkeep\n|\n|t:|1775933938\n|switch|p1a: Charizard|Charizard, L50, F|100/100\n|turn|4\n|\n|t:|1775933951\n|switch|p1b: Whimsicott|Whimsicott, L50, M|100/100\n|switch|p2a: Gyarados|Gyarados, L50, M|9/100\n|-ability|p2a: Gyarados|Intimidate|boost\n|-unboost|p1a: Charizard|atk|1\n|-unboost|p1b: Whimsicott|atk|1\n|detailschange|p1a: Charizard|Charizard-Mega-Y, L50, F\n|-mega|p1a: Charizard|Charizard|Charizardite Y\n|-weather|SunnyDay|[from] ability: Drought|[of] p1a: Charizard\n|cant|p2b: Sneasler|slp\n|move|p1a: Charizard|Heat Wave|p2b: Sneasler|[spread] p2a,p2b\n|-resisted|p2a: Gyarados|1\n|-damage|p2a: Gyarados|0 fnt\n|-damage|p2b: Sneasler|0 fnt\n|faint|p2a: Gyarados\n|faint|p2b: Sneasler\n|\n|-weather|SunnyDay|[upkeep]\n|upkeep\n|\n|t:|1775933963\n|switch|p2b: Gliscor|Gliscor, L50, M|50/100\n|switch|p2a: Basculegion|Basculegion, L50, M|100/100\n|turn|5\n|\n|t:|1775933979\n|move|p2a: Basculegion|Last Respects|p1a: Charizard\n|-damage|p1a: Charizard|0 fnt\n|faint|p1a: Charizard\n|move|p1b: Whimsicott|Moonblast|p2a: Basculegion\n|-damage|p2a: Basculegion|67/100\n|move|p2b: Gliscor|Knock Off|p1b: Whimsicott\n|-resisted|p1b: Whimsicott|1\n|-damage|p1b: Whimsicott|84/100\n|-enditem|p1b: Whimsicott|Focus Sash|[from] move: Knock Off|[of] p2b: Gliscor\n|\n|-weather|SunnyDay|[upkeep]\n|upkeep\n|\n|t:|1775933986\n|switch|p1a: Garchomp|Garchomp, L50, M|100/100\n|turn|6\n|\n|t:|1775934001\n|move|p1a: Garchomp|Dragon Claw|p2a: Basculegion\n|-damage|p2a: Basculegion|2/100\n|move|p2a: Basculegion|Last Respects|p1b: Whimsicott\n|-damage|p1b: Whimsicott|0 fnt\n|faint|p1b: Whimsicott\n|move|p2b: Gliscor|Knock Off|p1a: Garchomp\n|-damage|p1a: Garchomp|72/100\n|-damage|p2b: Gliscor|38/100|[from] ability: Rough Skin|[of] p1a: Garchomp\n|-enditem|p1a: Garchomp|Choice Scarf|[from] move: Knock Off|[of] p2b: Gliscor\n|\n|-weather|SunnyDay|[upkeep]\n|upkeep\n|turn|7\n|\n|t:|1775934015\n|move|p2a: Basculegion|Last Respects|p1a: Garchomp\n|-damage|p1a: Garchomp|0 fnt\n|faint|p1a: Garchomp\n|\n|win|hozesama\n|raw|orangejuice111's rating: 1130 &rarr; <strong>1109</strong><br />(-21 for losing)\n|raw|hozesama's rating: 1189 &rarr; <strong>1210</strong><br />(+21 for winning)\n|l|\u2606orangejuice111\n|player|p1|\n",
  "uploadtime": 1775934021,
  "views": 13,
  "formatid": "gen9championsvgc2026regma",
  "rating": 1109,
  "private": 0,
  "password": null
}