{
  "id": "gen9championsvgc2026regma-2581099599",
  "format": "[Gen 9 Champions] VGC 2026 Reg M-A",
  "players": [
    "GK SHOWDOWN",
    "GranolaBear"
  ],
  "log": "|j|\u2606GK SHOWDOWN\n|j|\u2606GranolaBear\n|t:|1775959800\n|gametype|doubles\n|player|p1|GK SHOWDOWN|169|1027\n|player|p2|GranolaBear|bugcatcher-gen4dp|1000\n|gen|9\n|tier|[Gen 9 Champions] VGC 2026 Reg M-A\n|rated|\n|rule|Species Clause: Limit one of each Pok\u00e9mon\n|rule|Item Clause: Limit 1 of each item\n|clearpoke\n|poke|p1|Emboar, L50, M|\n|poke|p1|Farigiraf, L50, F|\n|poke|p1|Venusaur, L50, F|\n|poke|p1|Dragonite, L50, M|\n|poke|p1|Incineroar, L50, M|\n|poke|p1|Torkoal, L50, F|\n|poke|p2|Pinsir, L50, F|\n|poke|p2|Scizor, L50, F|\n|poke|p2|Vivillon, L50, M|\n|poke|p2|Kleavor, L50, M|\n|poke|p2|Araquanid, L50, M|\n|poke|p2|Volcarona, L50, M|\n|teampreview|4\nGK SHOWDOWN has agreed to open team sheets.\n|\n|t:|1775959878\n|teamsize|p1|4\n|teamsize|p2|4\n|start\n|switch|p1a: Farigiraf|Farigiraf, L50, F|100/100\n|switch|p1b: Incineroar|Incineroar, L50, M|100/100\n|switch|p2a: Volcarona|Volcarona, L50, M|100/100\n|switch|p2b: Kleavor|Kleavor, L50, M|100/100\n|-ability|p1b: Incineroar|Intimidate|boost\n|-unboost|p2a: Volcarona|atk|1\n|-unboost|p2b: Kleavor|atk|1\n|turn|1\n|\n|t:|1775959903\n|move|p1b: Incineroar|Fake Out|p2b: Kleavor\n|-resisted|p2b: Kleavor|1\n|-damage|p2b: Kleavor|94/100\n|cant|p2b: Kleavor|flinch\n|move|p2a: Volcarona|Heat Wave|p1b: Incineroar|[spread] p1a\n|-miss|p2a: Volcarona|p1b: Incineroar\n|-damage|p1a: Farigiraf|66/100\n|move|p1a: Farigiraf|Trick Room|p1a: Farigiraf\n|-fieldstart|move: Trick Room|[of] p1a: Farigiraf\n|\n|upkeep\n|turn|2\n|\n|t:|1775959921\n|move|p1a: Farigiraf|Protect|p1a: Farigiraf\n|-singleturn|p1a: Farigiraf|Protect\n|move|p1b: Incineroar|Parting Shot|p2a: Volcarona\n|-unboost|p2a: Volcarona|atk|1\n|-unboost|p2a: Volcarona|spa|1\n|\n|t:|1775959930\n|switch|p1b: Torkoal|Torkoal, L50, F|100/100|[from] Parting Shot\n|-weather|SunnyDay|[from] ability: Drought|[of] p1b: Torkoal\n|move|p2a: Volcarona|Heat Wave|p1a: Farigiraf|[spread] p1b\n|-activate|p1a: Farigiraf|move: Protect\n|-resisted|p1b: Torkoal|1\n|-damage|p1b: Torkoal|79/100\n|move|p2b: Kleavor|Stone Axe|p1b: Torkoal\n|-supereffective|p1b: Torkoal|1\n|-damage|p1b: Torkoal|24/100\n|-sidestart|p1: GK SHOWDOWN|move: Stealth Rock\n|\n|-weather|SunnyDay|[upkeep]\n|upkeep\n|turn|3\n|\n|t:|1775959953\n|move|p1a: Farigiraf|Helping Hand|p1b: Torkoal\n|-singleturn|p1b: Torkoal|Helping Hand|[of] p1a: Farigiraf\n|move|p2a: Volcarona|Protect|p2a: Volcarona\n|-singleturn|p2a: Volcarona|Protect\n|move|p1b: Torkoal|Eruption|p2a: Volcarona|[spread] p2b\n|-activate|p2a: Volcarona|move: Protect\n|-damage|p2b: Kleavor|47/100\n|move|p2b: Kleavor|Stone Axe|p1b: Torkoal\n|-supereffective|p1b: Torkoal|1\n|-damage|p1b: Torkoal|0 fnt\n|faint|p1b: Torkoal\n|\n|-weather|SunnyDay|[upkeep]\n|upkeep\n|\n|t:|1775959959\n|switch|p1b: Incineroar|Incineroar, L50, M|100/100\n|-damage|p1b: Incineroar|76/100|[from] Stealth Rock\n|-ability|p1b: Incineroar|Intimidate|boost\n|-unboost|p2a: Volcarona|atk|1\n|-unboost|p2b: Kleavor|atk|1\n|turn|4\n|\n|t:|1775959977\n|switch|p1a: Emboar|Emboar, L50, M, shiny|100/100\n|-damage|p1a: Emboar|88/100|[from] Stealth Rock\n|move|p1b: Incineroar|Fake Out|p2a: Volcarona\n|-damage|p2a: Volcarona|84/100\n|cant|p2a: Volcarona|flinch\n|move|p2b: Kleavor|Stone Axe|p1b: Incineroar\n|-supereffective|p1b: Incineroar|1\n|-damage|p1b: Incineroar|33/100\n|-enditem|p1b: Incineroar|Sitrus Berry|[eat]\n|-heal|p1b: Incineroar|58/100|[from] item: Sitrus Berry\n|\n|-weather|SunnyDay|[upkeep]\n|upkeep\n|turn|5\n|\n|t:|1775960000\n|detailschange|p1a: Emboar|Emboar-Mega, L50, M, shiny\n|-mega|p1a: Emboar|Emboar|Emboarite\n|-ability|p1a: Emboar|Mold Breaker\n|move|p2a: Volcarona|Protect|p2a: Volcarona\n|-singleturn|p2a: Volcarona|Protect\n|move|p1b: Incineroar|Flare Blitz|p2b: Kleavor\n|-damage|p2b: Kleavor|0 fnt\n|faint|p2b: Kleavor\n|-damage|p1b: Incineroar|47/100|[from] Recoil\n|move|p1a: Emboar|Flare Blitz|p2a: Volcarona\n|-activate|p2a: Volcarona|move: Protect\n|\n|-weather|SunnyDay|[upkeep]\n|-fieldend|move: Trick Room\n|upkeep\n|\n|t:|1775960015\n|switch|p2b: Pinsir|Pinsir, L50, F|100/100\n|turn|6\n|\n|t:|1775960032\n|detailschange|p2b: Pinsir|Pinsir-Mega, L50, F\n|-mega|p2b: Pinsir|Pinsir|Pinsirite\n|move|p2a: Volcarona|Tailwind|p2a: Volcarona\n|-sidestart|p2: GranolaBear|move: Tailwind\n|move|p2b: Pinsir|Earthquake|p1a: Emboar|[spread] p2a,p1a,p1b\n|-supereffective|p1a: Emboar|1\n|-supereffective|p1b: Incineroar|1\n|-damage|p2a: Volcarona|37/100\n|-damage|p1a: Emboar|22/100\n|-damage|p1b: Incineroar|0 fnt\n|-enditem|p2a: Volcarona|Sitrus Berry|[eat]\n|-heal|p2a: Volcarona|62/100|[from] item: Sitrus Berry\n|faint|p1b: Incineroar\n|move|p1a: Emboar|Flare Blitz|p2a: Volcarona\n|-damage|p2a: Volcarona|0 fnt\n|faint|p2a: Volcarona\n|-damage|p1a: Emboar|6/100|[from] Recoil\n|\n|-weather|none\n|upkeep\n|\n|t:|1775960049\n|switch|p2a: Araquanid|Araquanid, L50, M|100/100\n|switch|p1b: Farigiraf|Farigiraf, L50, F|66/100\n|-damage|p1b: Farigiraf|54/100|[from] Stealth Rock\n|turn|7\n|\n|t:|1775960068\n|move|p2a: Araquanid|Wide Guard|p2a: Araquanid\n|-singleturn|p2a: Araquanid|Wide Guard\n|move|p2b: Pinsir|Earthquake|p1b: Farigiraf|[spread] p1a,p1b\n|-activate|p2a: Araquanid|move: Wide Guard\n|-supereffective|p1a: Emboar|1\n|-damage|p1a: Emboar|0 fnt\n|-damage|p1b: Farigiraf|29/100\n|faint|p1a: Emboar\n|move|p1b: Farigiraf|Hyper Voice|p2a: Araquanid|[spread] \n|-activate|p2a: Araquanid|move: Wide Guard\n|-activate|p2b: Pinsir|move: Wide Guard\n|\n|upkeep\n|turn|8\n|\n|t:|1775960085\n|move|p2b: Pinsir|Body Slam|p1b: Farigiraf\n|-damage|p1b: Farigiraf|0 fnt\n|faint|p1b: Farigiraf\n|\n|win|GranolaBear\n|raw|GK SHOWDOWN's rating: 1027 &rarr; <strong>1012</strong><br />(-15 for losing)\n|raw|GranolaBear's rating: 1000 &rarr; <strong>1043</strong><br />(+43 for winning)\n|l|\u2606GK SHOWDOWN\n|player|p1|\n",
  "uploadtime": 1775960098,
  "views": 17,
  "formatid": "gen9championsvgc2026regma",
  "rating": 1012,
  "private": 0,
  "password": null
}