{
  "id": "gen9championsvgc2026regma-2588168196",
  "format": "[Gen 9 Champions] VGC 2026 Reg M-A",
  "players": [
    "bernard31/reis",
    "zhi1"
  ],
  "log": "|j|\u2606bernard31/reis\n|j|\u2606zhi1\n|t:|1776610970\n|gametype|doubles\n|player|p1|bernard31/reis|1|1141\n|player|p2|zhi1|265|1055\n|gen|9\n|tier|[Gen 9 Champions] VGC 2026 Reg M-A\n|rated|\n|rule|Species Clause: Limit one of each Pok\u00e9mon\n|rule|Item Clause: Limit 1 of each item\n|clearpoke\n|poke|p1|Floette-Eternal, L50, F|\n|poke|p1|Aerodactyl, L50, M|\n|poke|p1|Incineroar, L50, M|\n|poke|p1|Kingambit, L50, M|\n|poke|p1|Sneasler, L50, M|\n|poke|p1|Sinistcha, L50|\n|poke|p2|Froslass, L50, F|\n|poke|p2|Crabominable, L50, M|\n|poke|p2|Sinistcha, L50|\n|poke|p2|Slowking-Galar, L50, M|\n|poke|p2|Talonflame, L50, M|\n|poke|p2|Tauros-Paldea-Aqua, L50, M|\n|teampreview|4\n|inactive|Battle timer is ON: inactive players will automatically lose when time's up. (requested by bernard31/reis)\n|\n|t:|1776610994\n|teamsize|p1|4\n|teamsize|p2|4\n|start\n|switch|p1a: Floette|Floette-Eternal, L50, F|100/100\n|switch|p1b: Kingambit|Kingambit, L50, M|100/100\n|switch|p2a: Froslass|Froslass, L50, F|100/100\n|switch|p2b: Talonflame|Talonflame, L50, M|100/100\n|turn|1\n|inactive|zhi1 has 30 seconds left.\n|inactive|zhi1 has 20 seconds left.\n|\n|t:|1776611031\n|move|p2a: Froslass|Protect|p2a: Froslass\n|-singleturn|p2a: Froslass|Protect\n|move|p2b: Talonflame|Tailwind|p2b: Talonflame\n|-sidestart|p2: zhi1|move: Tailwind\n|move|p1a: Floette|Calm Mind|p1a: Floette\n|-boost|p1a: Floette|spa|1\n|-boost|p1a: Floette|spd|1\n|move|p1b: Kingambit|Kowtow Cleave|p2a: Froslass\n|-activate|p2a: Froslass|move: Protect\n|\n|upkeep\n|turn|2\n|\n|t:|1776611050\n|switch|p2b: Tauros|Tauros-Paldea-Aqua, L50, M|100/100\n|switch|p1b: Incineroar|Incineroar, L50, M|100/100\n|-ability|p1b: Incineroar|Intimidate|boost\n|-unboost|p2a: Froslass|atk|1\n|-unboost|p2b: Tauros|atk|1\n|detailschange|p1a: Floette|Floette-Mega, L50, F\n|-mega|p1a: Floette|Floette|Floettite\n|-ability|p1a: Floette|Fairy Aura\n|move|p2a: Froslass|Frost Breath|p2b: Tauros\n|-resisted|p2b: Tauros|1\n|-crit|p2b: Tauros\n|-damage|p2b: Tauros|77/100\n|-setboost|p2b: Tauros|atk|6|[from] ability: Anger Point\n|move|p1a: Floette|Moonblast|p2a: Froslass\n|-damage|p2a: Froslass|0 fnt\n|faint|p2a: Froslass\n|\n|-heal|p2b: Tauros|83/100|[from] item: Leftovers\n|upkeep\n|\n|t:|1776611068\n|switch|p2a: Sinistcha|Sinistcha, L50|100/100\n|-heal|p2b: Tauros|100/100|[from] ability: Hospitality|[of] p2a: Sinistcha\n|turn|3\n|\n|t:|1776611076\n|move|p2b: Tauros|Protect|p2b: Tauros\n|-singleturn|p2b: Tauros|Protect\n|move|p1b: Incineroar|Fake Out|p2b: Tauros\n|-activate|p2b: Tauros|move: Protect\n|move|p1a: Floette|Dazzling Gleam|p2a: Sinistcha|[spread] p2a\n|-activate|p2b: Tauros|move: Protect\n|-damage|p2a: Sinistcha|21/100\n|move|p2a: Sinistcha|Matcha Gotcha|p1a: Floette|[spread] p1a,p1b\n|-resisted|p1b: Incineroar|1\n|-damage|p1a: Floette|87/100\n|-heal|p2a: Sinistcha|27/100|[from] drain|[of] p1a: Floette\n|-damage|p1b: Incineroar|91/100\n|-heal|p2a: Sinistcha|33/100|[from] drain|[of] p1b: Incineroar\n|\n|upkeep\n|turn|4\n|\n|t:|1776611099\n|switch|p1b: Sinistcha|Sinistcha, L50|100/100\n|-heal|p1a: Floette|100/100|[from] ability: Hospitality|[of] p1b: Sinistcha\n|move|p1a: Floette|Protect|p1a: Floette\n|-singleturn|p1a: Floette|Protect\n|move|p2b: Tauros|Rock Slide|p1a: Floette|[spread] p1b\n|-activate|p1a: Floette|move: Protect\n|-damage|p1b: Sinistcha|40/100\n|move|p2a: Sinistcha|Matcha Gotcha|p1b: Sinistcha|[spread] p1b\n|-activate|p1a: Floette|move: Protect\n|-resisted|p1b: Sinistcha|1\n|-damage|p1b: Sinistcha|27/100\n|-heal|p2a: Sinistcha|40/100|[from] drain|[of] p1b: Sinistcha\n|\n|-sideend|p2: zhi1|move: Tailwind\n|upkeep\n|turn|5\n|\n|t:|1776611122\n|move|p2b: Tauros|Protect|p2b: Tauros\n|-singleturn|p2b: Tauros|Protect\n|move|p1a: Floette|Dazzling Gleam|p2a: Sinistcha|[spread] p2a\n|-activate|p2b: Tauros|move: Protect\n|-damage|p2a: Sinistcha|0 fnt\n|faint|p2a: Sinistcha\n|move|p1b: Sinistcha|Life Dew||[still]|[spread] p1a,p1b\n|-fail|p1a: Floette|heal\n|-heal|p1b: Sinistcha|53/100\n|\n|upkeep\n|\n|t:|1776611128\n|switch|p2a: Talonflame|Talonflame, L50, M|100/100\n|turn|6\n|\n|t:|1776611134\n|move|p1b: Sinistcha|Rage Powder|p1b: Sinistcha\n|-singleturn|p1b: Sinistcha|move: Rage Powder\n|move|p2a: Talonflame|Tailwind|p2a: Talonflame\n|-sidestart|p2: zhi1|move: Tailwind\n|move|p2b: Tauros|Rock Slide|p1a: Floette|[spread] p1a,p1b\n|-damage|p1a: Floette|10/100\n|-damage|p1b: Sinistcha|0 fnt\n|faint|p1b: Sinistcha\n|cant|p1a: Floette|flinch\n|\n|upkeep\n|\n|t:|1776611147\n|switch|p1b: Incineroar|Incineroar, L50, M|91/100\n|-ability|p1b: Incineroar|Intimidate|boost\n|-unboost|p2a: Talonflame|atk|1\n|-unboost|p2b: Tauros|atk|1\n|turn|7\n|\n|t:|1776611163\n|move|p2a: Talonflame|Protect|p2a: Talonflame\n|-singleturn|p2a: Talonflame|Protect\n|move|p2b: Tauros|Protect|p2b: Tauros\n|-singleturn|p2b: Tauros|Protect\n|move|p1b: Incineroar|Fake Out|p2a: Talonflame\n|-activate|p2a: Talonflame|move: Protect\n|move|p1a: Floette|Moonblast|p2a: Talonflame\n|-activate|p2a: Talonflame|move: Protect\n|\n|upkeep\n|turn|8\n|\n|t:|1776611178\n|move|p1a: Floette|Protect|p1a: Floette\n|-singleturn|p1a: Floette|Protect\n|move|p2a: Talonflame|U-turn|p1b: Incineroar\n|-damage|p1b: Incineroar|79/100\n|move|p2b: Tauros|Rock Slide|p1a: Floette|[spread] p1b\n|-activate|p1a: Floette|move: Protect\n|-supereffective|p1b: Incineroar|1\n|-damage|p1b: Incineroar|0 fnt\n|faint|p1b: Incineroar\n|\n|upkeep\n|\n|t:|1776611180\n|switch|p1b: Kingambit|Kingambit, L50, M|100/100\n|turn|9\n|\n|t:|1776611199\n|move|p2a: Talonflame|Brave Bird|p1a: Floette\n|-damage|p1a: Floette|0 fnt\n|faint|p1a: Floette\n|-damage|p2a: Talonflame|97/100|[from] Recoil\n|move|p1b: Kingambit|Sucker Punch||[still]\n|-fail|p1b: Kingambit\n|move|p2b: Tauros|Close Combat|p1b: Kingambit\n|-supereffective|p1b: Kingambit|2\n|-damage|p1b: Kingambit|0 fnt\n|-unboost|p2b: Tauros|def|1\n|-unboost|p2b: Tauros|spd|1\n|faint|p1b: Kingambit\n|\n|win|zhi1\n|raw|bernard31&#x2f;reis's rating: 1141 &rarr; <strong>1110</strong><br />(-31 for losing)\n|raw|zhi1's rating: 1055 &rarr; <strong>1094</strong><br />(+39 for winning)\n|l|\u2606bernard31/reis\n|player|p1|\n",
  "uploadtime": 1776611227,
  "views": 8,
  "formatid": "gen9championsvgc2026regma",
  "rating": 1094,
  "private": 0,
  "password": null
}