{
  "id": "gen9championsvgc2026regma-2586577928",
  "format": "[Gen 9 Champions] VGC 2026 Reg M-A",
  "players": [
    "pokemanwomanman",
    "HappyLiga"
  ],
  "log": "|j|\u2606pokemanwomanman\n|j|\u2606HappyLiga\n|t:|1776444396\n|gametype|doubles\n|player|p1|pokemanwomanman|102|1144\n|player|p2|HappyLiga|2|1174\n|gen|9\n|tier|[Gen 9 Champions] VGC 2026 Reg M-A\n|rated|\n|rule|Species Clause: Limit one of each Pok\u00e9mon\n|rule|Item Clause: Limit 1 of each item\n|clearpoke\n|poke|p1|Primarina, L50, M|\n|poke|p1|Talonflame, L50, M|\n|poke|p1|Froslass, L50, F|\n|poke|p1|Sinistcha, L50|\n|poke|p1|Garchomp, L50, F|\n|poke|p1|Camerupt, L50, F|\n|poke|p2|Aerodactyl, L50, F|\n|poke|p2|Floette-Eternal, L50, F|\n|poke|p2|Incineroar, L50, F|\n|poke|p2|Sinistcha, L50|\n|poke|p2|Sneasler, L50, M|\n|poke|p2|Kingambit, L50, M|\n|teampreview|4\n|inactive|Battle timer is ON: inactive players will automatically lose when time's up. (requested by pokemanwomanman)\n|inactive|pokemanwomanman has 60 seconds left.\n|inactive|pokemanwomanman has 30 seconds left.\n|\n|t:|1776444466\n|teamsize|p1|4\n|teamsize|p2|4\n|start\n|switch|p1a: Garchomp|Garchomp, L50, F, shiny|100/100\n|switch|p1b: Sinistcha|Sinistcha, L50|100/100\n|switch|p2a: Floette|Floette-Eternal, L50, F|100/100\n|switch|p2b: Incineroar|Incineroar, L50, F|100/100\n|-ability|p2b: Incineroar|Intimidate|boost\n|-unboost|p1a: Garchomp|atk|1\n|-unboost|p1b: Sinistcha|atk|1\n|turn|1\n|\n|t:|1776444485\n|detailschange|p2a: Floette|Floette-Mega, L50, F\n|-mega|p2a: Floette|Floette|Floettite\n|-ability|p2a: Floette|Fairy Aura\n|move|p2b: Incineroar|Fake Out|p1a: Garchomp\n|-damage|p1a: Garchomp|88/100\n|-damage|p2b: Incineroar|88/100|[from] ability: Rough Skin|[of] p1a: Garchomp\n|cant|p1a: Garchomp|flinch\n|move|p2a: Floette|Calm Mind|p2a: Floette\n|-boost|p2a: Floette|spa|1\n|-boost|p2a: Floette|spd|1\n|move|p1b: Sinistcha|Trick Room|p1b: Sinistcha\n|-fieldstart|move: Trick Room|[of] p1b: Sinistcha\n|\n|upkeep\n|turn|2\n|inactive|pokemanwomanman has 30 seconds left.\n|inactive|HappyLiga has 30 seconds left.\n|inactive|pokemanwomanman has 20 seconds left.\n|\n|t:|1776444520\n|switch|p1b: Primarina|Primarina, L50, M, shiny|100/100\n|move|p2b: Incineroar|Parting Shot|p1a: Garchomp\n|-unboost|p1a: Garchomp|atk|1\n|-unboost|p1a: Garchomp|spa|1\n|\n|t:|1776444527\n|switch|p2b: Kingambit|Kingambit, L50, M|100/100|[from] Parting Shot\n|move|p2a: Floette|Dazzling Gleam|p1a: Garchomp|[spread] p1a,p1b\n|-supereffective|p1a: Garchomp|1\n|-damage|p1a: Garchomp|0 fnt\n|-damage|p1b: Primarina|39/100\n|faint|p1a: Garchomp\n|\n|upkeep\n|\n|t:|1776444539\n|switch|p1a: Sinistcha|Sinistcha, L50|100/100\n|-heal|p1b: Primarina|64/100|[from] ability: Hospitality|[of] p1a: Sinistcha\n|turn|3\n|\n|t:|1776444555\n|move|p1a: Sinistcha|Rage Powder|p1a: Sinistcha\n|-singleturn|p1a: Sinistcha|move: Rage Powder\n|move|p2b: Kingambit|Iron Head|p1a: Sinistcha\n|-damage|p1a: Sinistcha|59/100\n|move|p1b: Primarina|Calm Mind|p1b: Primarina\n|-boost|p1b: Primarina|spa|1\n|-boost|p1b: Primarina|spd|1\n|move|p2a: Floette|Dazzling Gleam|p1a: Sinistcha|[spread] p1a,p1b\n|-damage|p1a: Sinistcha|0 fnt\n|-damage|p1b: Primarina|21/100\n|faint|p1a: Sinistcha\n|\n|upkeep\n|\n|t:|1776444559\n|switch|p1a: Camerupt|Camerupt, L50, F, shiny|100/100\n|turn|4\n|\n|t:|1776444577\n|detailschange|p1a: Camerupt|Camerupt-Mega, L50, F, shiny\n|-mega|p1a: Camerupt|Camerupt|Cameruptite\n|move|p1a: Camerupt|Heat Wave|p2a: Floette|[spread] p2a,p2b\n|-crit|p2a: Floette\n|-supereffective|p2b: Kingambit|1\n|-damage|p2a: Floette|37/100\n|-damage|p2b: Kingambit|0 fnt\n|faint|p2b: Kingambit\n|move|p1b: Primarina|Hyper Voice|p2a: Floette\n|-damage|p2a: Floette|0 fnt\n|faint|p2a: Floette\n|\n|upkeep\n|\n|t:|1776444586\n|switch|p2b: Sneasler|Sneasler, L50, M|100/100\n|switch|p2a: Incineroar|Incineroar, L50, F|88/100\n|-ability|p2a: Incineroar|Intimidate|boost\n|-unboost|p1a: Camerupt|atk|1\n|-unboost|p1b: Primarina|atk|1\n|turn|5\n|\n|t:|1776444608\n|move|p1a: Camerupt|Protect|p1a: Camerupt\n|-singleturn|p1a: Camerupt|Protect\n|move|p1b: Primarina|Protect|p1b: Primarina\n|-singleturn|p1b: Primarina|Protect\n|move|p2a: Incineroar|Fake Out|p1b: Primarina\n|-activate|p1b: Primarina|move: Protect\n|move|p2b: Sneasler|Fake Out|p1a: Camerupt\n|-activate|p1a: Camerupt|move: Protect\n|\n|-fieldend|move: Trick Room\n|upkeep\n|turn|6\n|\n|t:|1776444625\n|move|p2b: Sneasler|Close Combat|p1a: Camerupt\n|-damage|p1a: Camerupt|37/100\n|-unboost|p2b: Sneasler|def|1\n|-unboost|p2b: Sneasler|spd|1\n|-enditem|p2b: Sneasler|White Herb\n|-clearnegativeboost|p2b: Sneasler|[silent]\n|move|p1b: Primarina|Hyper Voice|p2b: Sneasler|[spread] p2a,p2b\n|-supereffective|p2a: Incineroar|1\n|-damage|p2a: Incineroar|0 fnt\n|-damage|p2b: Sneasler|10/100\n|faint|p2a: Incineroar\n|move|p1a: Camerupt|Earth Power|p2b: Sneasler\n|-supereffective|p2b: Sneasler|1\n|-damage|p2b: Sneasler|0 fnt\n|faint|p2b: Sneasler\n|\n|win|pokemanwomanman\n|raw|pokemanwomanman's rating: 1144 &rarr; <strong>1171</strong><br />(+27 for winning)\n|raw|HappyLiga's rating: 1174 &rarr; <strong>1147</strong><br />(-27 for losing)\n",
  "uploadtime": 1776444726,
  "views": 22,
  "formatid": "gen9championsvgc2026regma",
  "rating": 1147,
  "private": 0,
  "password": null
}