{
  "id": "gen9championsvgc2026regma-2582772253",
  "format": "[Gen 9 Champions] VGC 2026 Reg M-A",
  "players": [
    "Syke11",
    "UnseenWaldo"
  ],
  "log": "|j|\u2606Syke11\n|j|\u2606UnseenWaldo\n|t:|1776113026\n|gametype|doubles\n|player|p1|Syke11|jacinthe|1167\n|player|p2|UnseenWaldo|preschooler|1114\n|gen|9\n|tier|[Gen 9 Champions] VGC 2026 Reg M-A\n|rated|\n|rule|Species Clause: Limit one of each Pok\u00e9mon\n|rule|Item Clause: Limit 1 of each item\n|clearpoke\n|poke|p1|Drampa, L50, F|\n|poke|p1|Oranguru, L50, F|\n|poke|p1|Crabominable, L50, M|\n|poke|p1|Klefki, L50, M|\n|poke|p1|Sinistcha, L50|\n|poke|p1|Araquanid, L50, M|\n|poke|p2|Starmie, L50|\n|poke|p2|Pelipper, L50, F|\n|poke|p2|Archaludon, L50, M|\n|poke|p2|Sinistcha, L50|\n|poke|p2|Kleavor, L50, M|\n|poke|p2|Incineroar, L50, M|\n|teampreview|4\n|c|\u2606UnseenWaldo|Hype mega?\n|c|\u2606UnseenWaldo|Glhf\n|c|\u2606Syke11|its my gramps\n|c|\u2606UnseenWaldo|I\u2019m running Starmie, but that\u2019s kinda obvious\n|\n|t:|1776113076\n|teamsize|p1|4\n|teamsize|p2|4\n|start\n|switch|p1a: Drampa|Drampa, L50, F|100/100\n|switch|p1b: Oranguru|Oranguru, L50, F|100/100\n|switch|p2a: Pelipper|Pelipper, L50, F|100/100\n|switch|p2b: Starmie|Starmie, L50|100/100\n|-weather|RainDance|[from] ability: Drizzle|[of] p2a: Pelipper\n|-ability|p1a: Drampa|Cloud Nine\n|turn|1\n|c|\u2606Syke11|beast\n|\n|t:|1776113097\n|detailschange|p2b: Starmie|Starmie-Mega, L50\n|-mega|p2b: Starmie|Starmie|Starminite\n|move|p1a: Drampa|Protect|p1a: Drampa\n|-singleturn|p1a: Drampa|Protect\n|move|p2b: Starmie|Liquidation|p1b: Oranguru\n|-damage|p1b: Oranguru|42/100\n|move|p2a: Pelipper|Tailwind|p2a: Pelipper\n|-sidestart|p2: UnseenWaldo|move: Tailwind\n|move|p1b: Oranguru|Trick Room|p1b: Oranguru\n|-fieldstart|move: Trick Room|[of] p1b: Oranguru\n|\n|-weather|RainDance|[upkeep]\n|upkeep\n|turn|2\n|c|\u2606UnseenWaldo|Yeah\u2026\n|c|\u2606UnseenWaldo|tailwind was not my best play ther\n|c|\u2606UnseenWaldo|e\n|\n|t:|1776113125\n|switch|p2a: Sinistcha|Sinistcha, L50|100/100\n|detailschange|p1a: Drampa|Drampa-Mega, L50, F\n|-mega|p1a: Drampa|Drampa|Drampanite\n|move|p2b: Starmie|Aqua Jet|p1b: Oranguru\n|-damage|p1b: Oranguru|2/100\n|move|p1a: Drampa|Hyper Voice|p2a: Sinistcha|[spread] p2b\n|-immune|p2a: Sinistcha\n|-damage|p2b: Starmie|41/100\n|move|p1b: Oranguru|Instruct|p1a: Drampa\n|-singleturn|p1a: Drampa|move: Instruct|[of] p1b: Oranguru\n|move|p1a: Drampa|Hyper Voice|p2a: Sinistcha|[spread] p2b\n|-immune|p2a: Sinistcha\n|-damage|p2b: Starmie|0 fnt\n|faint|p2b: Starmie\n|\n|-weather|RainDance|[upkeep]\n|upkeep\n|\n|t:|1776113141\n|switch|p2b: Incineroar|Incineroar, L50, M|100/100\n|-ability|p2b: Incineroar|Intimidate|boost\n|-unboost|p1a: Drampa|atk|1\n|-fail|p1b: Oranguru|unboost|Attack|[from] ability: Inner Focus|[of] p1b: Oranguru\n|turn|3\n|c|\u2606Syke11|it is ok\n|\n|t:|1776113155\n|move|p1a: Drampa|Protect|p1a: Drampa\n|-singleturn|p1a: Drampa|Protect\n|move|p2b: Incineroar|Fake Out|p1a: Drampa\n|-activate|p1a: Drampa|move: Protect\n|move|p1b: Oranguru|Reflect|p1b: Oranguru\n|-sidestart|p1: Syke11|Reflect\n|move|p2a: Sinistcha|Matcha Gotcha|p1b: Oranguru|[spread] p1b\n|-activate|p1a: Drampa|move: Protect\n|-damage|p1b: Oranguru|0 fnt\n|faint|p1b: Oranguru\n|\n|-weather|RainDance|[upkeep]\n|upkeep\n|\n|t:|1776113178\n|switch|p1b: Klefki|Klefki, L50, M|100/100\n|turn|4\n|\n|t:|1776113189\n|switch|p2a: Pelipper|Pelipper, L50, F|100/100\n|move|p1b: Klefki|Light Screen|p1b: Klefki\n|-sidestart|p1: Syke11|move: Light Screen\n|move|p1a: Drampa|Calm Mind|p1a: Drampa\n|-boost|p1a: Drampa|spa|1\n|-boost|p1a: Drampa|spd|1\n|move|p2b: Incineroar|Throat Chop|p1a: Drampa\n|-damage|p1a: Drampa|82/100\n|-start|p1a: Drampa|Throat Chop|[silent]\n|\n|-weather|RainDance|[upkeep]\n|-sideend|p2: UnseenWaldo|move: Tailwind\n|upkeep\n|turn|5\n|\n|t:|1776113214\n|switch|p2a: Sinistcha|Sinistcha, L50|100/100\n|move|p1a: Drampa|Calm Mind|p1a: Drampa\n|-boost|p1a: Drampa|spa|1\n|-boost|p1a: Drampa|spd|1\n|move|p2b: Incineroar|Throat Chop|p1a: Drampa\n|-damage|p1a: Drampa|62/100\n|move|p1b: Klefki|Foul Play|p2b: Incineroar\n|-resisted|p2b: Incineroar|1\n|-damage|p2b: Incineroar|90/100\n|\n|-weather|none\n|-end|p1a: Drampa|Throat Chop|[silent]\n|-fieldend|move: Trick Room\n|upkeep\n|turn|6\n|\n|t:|1776113232\n|move|p1a: Drampa|Protect|p1a: Drampa\n|-singleturn|p1a: Drampa|Protect\n|move|p2a: Sinistcha|Matcha Gotcha|p1b: Klefki|[spread] p1b\n|-activate|p1a: Drampa|move: Protect\n|-resisted|p1b: Klefki|1\n|-damage|p1b: Klefki|91/100\n|move|p2b: Incineroar|Will-O-Wisp|p1a: Drampa\n|-activate|p1a: Drampa|move: Protect\n|move|p1b: Klefki|Trick Room|p1b: Klefki\n|-fieldstart|move: Trick Room|[of] p1b: Klefki\n|\n|-heal|p1b: Klefki|97/100|[from] item: Leftovers\n|upkeep\n|turn|7\n|\n|t:|1776113258\n|move|p1a: Drampa|Hyper Voice|p2b: Incineroar|[spread] p2b\n|-immune|p2a: Sinistcha\n|-damage|p2b: Incineroar|30/100\n|move|p2b: Incineroar|Throat Chop|p1a: Drampa\n|-crit|p1a: Drampa\n|-damage|p1a: Drampa|20/100\n|-start|p1a: Drampa|Throat Chop|[silent]\n|-ability|p1a: Drampa|Berserk|boost\n|-boost|p1a: Drampa|spa|1\n|move|p2a: Sinistcha|Matcha Gotcha|p1a: Drampa|[spread] p1a,p1b\n|-resisted|p1a: Drampa|1\n|-resisted|p1b: Klefki|1\n|-damage|p1a: Drampa|17/100\n|-damage|p1b: Klefki|88/100\n|-status|p1a: Drampa|brn\n|-status|p1b: Klefki|brn\n|move|p1b: Klefki|Foul Play|p2b: Incineroar\n|-resisted|p2b: Incineroar|1\n|-damage|p2b: Incineroar|24/100\n|\n|-heal|p1b: Klefki|94/100 brn|[from] item: Leftovers\n|-damage|p1a: Drampa|11/100 brn|[from] brn\n|-damage|p1b: Klefki|88/100 brn|[from] brn\n|-sideend|p1: Syke11|Reflect\n|upkeep\n|turn|8\n|c|\u2606UnseenWaldo|Holy luck\n|c|\u2606UnseenWaldo|hype double burn and crit\n|c|\u2606Syke11|almost\n|\n|t:|1776113291\n|switch|p2a: Pelipper|Pelipper, L50, F|100/100\n|-weather|RainDance|[from] ability: Drizzle|[of] p2a: Pelipper\n|move|p1a: Drampa|Roost|p1a: Drampa\n|-heal|p1a: Drampa|61/100 brn\n|-singleturn|p1a: Drampa|move: Roost\n|move|p2b: Incineroar|Throat Chop|p1a: Drampa\n|-damage|p1a: Drampa|33/100 brn\n|-ability|p1a: Drampa|Berserk|boost\n|-boost|p1a: Drampa|spa|1\n|move|p1b: Klefki|Foul Play|p2a: Pelipper\n|-damage|p2a: Pelipper|94/100\n|\n|-weather|RainDance|[upkeep]\n|-heal|p1b: Klefki|94/100 brn|[from] item: Leftovers\n|-damage|p1a: Drampa|27/100 brn|[from] brn\n|-damage|p1b: Klefki|88/100 brn|[from] brn\n|-end|p1a: Drampa|Throat Chop|[silent]\n|-sideend|p1: Syke11|move: Light Screen\n|upkeep\n|turn|9\n|\n|t:|1776113311\n|move|p1b: Klefki|Light Screen|p1b: Klefki\n|-sidestart|p1: Syke11|move: Light Screen\n|move|p1a: Drampa|Hyper Voice|p2b: Incineroar|[spread] p2a,p2b\n|-damage|p2a: Pelipper|0 fnt\n|-damage|p2b: Incineroar|0 fnt\n|faint|p2a: Pelipper\n|faint|p2b: Incineroar\n|\n|-weather|RainDance|[upkeep]\n|-heal|p1b: Klefki|94/100 brn|[from] item: Leftovers\n|-damage|p1a: Drampa|21/100 brn|[from] brn\n|-damage|p1b: Klefki|88/100 brn|[from] brn\n|upkeep\n|c|\u2606UnseenWaldo|Ggs\n|c|\u2606Syke11|gg\n|\n|t:|1776113320\n|switch|p2b: Sinistcha|Sinistcha, L50|100/100\n|turn|10\n|\n|t:|1776113324\n|move|p1a: Drampa|Roost|p1a: Drampa\n|-heal|p1a: Drampa|71/100 brn\n|-singleturn|p1a: Drampa|move: Roost\n|move|p2b: Sinistcha|Foul Play|p1a: Drampa\n|-damage|p1a: Drampa|59/100 brn\n|move|p1b: Klefki|Foul Play|p2b: Sinistcha\n|-supereffective|p2b: Sinistcha|1\n|-damage|p2b: Sinistcha|88/100\n|\n|-weather|RainDance|[upkeep]\n|-heal|p2b: Sinistcha|94/100|[from] item: Leftovers\n|-heal|p1b: Klefki|94/100 brn|[from] item: Leftovers\n|-damage|p1a: Drampa|53/100 brn|[from] brn\n|-damage|p1b: Klefki|88/100 brn|[from] brn\n|-fieldend|move: Trick Room\n|upkeep\n|turn|11\n|\n|t:|1776113343\n|switch|p1a: Sinistcha|Sinistcha, L50|100/100\n|-heal|p1b: Klefki|100/100 brn|[from] ability: Hospitality|[of] p1a: Sinistcha\n|move|p2b: Sinistcha|Matcha Gotcha|p1a: Sinistcha|[spread] p1a,p1b\n|-resisted|p1a: Sinistcha|1\n|-resisted|p1b: Klefki|1\n|-damage|p1a: Sinistcha|92/100\n|-heal|p2b: Sinistcha|99/100|[from] drain|[of] p1a: Sinistcha\n|-damage|p1b: Klefki|92/100 brn\n|-heal|p2b: Sinistcha|100/100|[from] drain|[of] p1b: Klefki\n|move|p1b: Klefki|Trick Room|p1b: Klefki\n|-fieldstart|move: Trick Room|[of] p1b: Klefki\n|\n|-weather|RainDance|[upkeep]\n|-heal|p1b: Klefki|98/100 brn|[from] item: Leftovers\n|-damage|p1b: Klefki|92/100 brn|[from] brn\n|upkeep\n|turn|12\n|c|\u2606UnseenWaldo|I\u2019ll just\n|c|\u2606UnseenWaldo|leave\n|-message|UnseenWaldo forfeited.\n|\n|win|Syke11\n|raw|Syke11's rating: 1167 &rarr; <strong>1188</strong><br />(+21 for winning)\n|raw|UnseenWaldo's rating: 1114 &rarr; <strong>1093</strong><br />(-21 for losing)\n|l|\u2606UnseenWaldo\n|player|p2|\n",
  "uploadtime": 1776113366,
  "views": 23,
  "formatid": "gen9championsvgc2026regma",
  "rating": 1093,
  "private": 0,
  "password": null
}