{
  "id": "gen9championsvgc2026regma-2587158310",
  "format": "[Gen 9 Champions] VGC 2026 Reg M-A",
  "players": [
    "Soliidd",
    "DracoSpirit"
  ],
  "log": "|j|\u2606Soliidd\n|j|\u2606DracoSpirit\n|t:|1776501976\n|gametype|doubles\n|player|p1|Soliidd|flannery|1486\n|player|p2|DracoSpirit|ingo|1416\n|gen|9\n|tier|[Gen 9 Champions] VGC 2026 Reg M-A\n|rated|\n|rule|Species Clause: Limit one of each Pok\u00e9mon\n|rule|Item Clause: Limit 1 of each item\n|clearpoke\n|poke|p1|Charizard, L50, F, shiny|\n|poke|p1|Gengar, L50, F|\n|poke|p1|Whimsicott, L50, F, shiny|\n|poke|p1|Garchomp, L50, F|\n|poke|p1|Incineroar, L50, F|\n|poke|p1|Milotic, L50, F, shiny|\n|poke|p2|Clefable, L50, M|\n|poke|p2|Garchomp, L50, F|\n|poke|p2|Aegislash, L50, F|\n|poke|p2|Talonflame, L50, F|\n|poke|p2|Milotic, L50, M|\n|poke|p2|Rotom-Mow, L50|\n|teampreview|4\nSoliidd has agreed to open team sheets.\n|\n|t:|1776502022\n|teamsize|p1|4\n|teamsize|p2|4\n|start\n|switch|p1a: Garchomp|Garchomp, L50, F|100/100\n|switch|p1b: Milotic|Milotic, L50, F, shiny|100/100\n|switch|p2a: Clefable|Clefable, L50, M|100/100\n|switch|p2b: Rotom|Rotom-Mow, L50|100/100\n|turn|1\n|inactive|Battle timer is ON: inactive players will automatically lose when time's up. (requested by DracoSpirit)\n|\n|t:|1776502053\n|switch|p1a: Whimsicott|Whimsicott, L50, F, shiny|100/100\n|detailschange|p2a: Clefable|Clefable-Mega, L50, M\n|-mega|p2a: Clefable|Clefable|Clefablite\n|move|p2b: Rotom|Volt Switch|p1b: Milotic\n|-supereffective|p1b: Milotic|1\n|-damage|p1b: Milotic|55/100\n|\n|t:|1776502064\n|switch|p2b: Aegislash|Aegislash, L50, F|100/100|[from] Volt Switch\n|move|p2a: Clefable|Moonblast|p1a: Whimsicott\n|-damage|p1a: Whimsicott|11/100\n|move|p1b: Milotic|Ice Beam|p2b: Aegislash\n|-resisted|p2b: Aegislash|1\n|-damage|p2b: Aegislash|90/100\n|\n|-heal|p1b: Milotic|61/100|[from] item: Leftovers\n|upkeep\n|turn|2\n|inactive|DracoSpirit has 30 seconds left.\n|\n|t:|1776502096\n|move|p1b: Milotic|Protect|p1b: Milotic\n|-singleturn|p1b: Milotic|Protect\n|move|p1a: Whimsicott|Tailwind|p1a: Whimsicott\n|-sidestart|p1: Soliidd|move: Tailwind\n|move|p2a: Clefable|Moonblast|p1b: Milotic\n|-activate|p1b: Milotic|move: Protect\n|-formechange|p2b: Aegislash|Aegislash-Blade|\n|move|p2b: Aegislash|Close Combat|p1b: Milotic\n|-activate|p1b: Milotic|move: Protect\n|\n|-heal|p1b: Milotic|67/100|[from] item: Leftovers\n|upkeep\n|turn|3\n|inactive|Soliidd has 30 seconds left.\n|inactive|DracoSpirit has 30 seconds left.\n|\n|t:|1776502130\n|move|p2a: Clefable|Follow Me|p2a: Clefable\n|-singleturn|p2a: Clefable|move: Follow Me\n|move|p1a: Whimsicott|Moonblast|p2a: Clefable\n|-damage|p2a: Clefable|69/100\n|move|p1b: Milotic|Ice Beam|p2a: Clefable\n|-supereffective|p2a: Clefable|1\n|-damage|p2a: Clefable|30/100\n|move|p2b: Aegislash|Close Combat|p1b: Milotic\n|-crit|p1b: Milotic\n|-damage|p1b: Milotic|3/100\n|-unboost|p2b: Aegislash|def|1\n|-unboost|p2b: Aegislash|spd|1\n|-enditem|p2b: Aegislash|White Herb\n|-clearnegativeboost|p2b: Aegislash|[silent]\n|\n|-heal|p1b: Milotic|9/100|[from] item: Leftovers\n|upkeep\n|turn|4\n|inactive|Soliidd has 30 seconds left.\n|inactive|Soliidd has 20 seconds left.\n|inactive|Soliidd has 15 seconds left.\n|inactive|Soliidd has 10 seconds left.\n|\n|t:|1776502175\n|switch|p1a: Garchomp|Garchomp, L50, F|100/100\n|switch|p1b: Charizard|Charizard, L50, F, shiny|100/100\n|switch|p2a: Rotom|Rotom-Mow, L50|100/100\n|move|p2b: Aegislash|Shadow Sneak|p1b: Charizard\n|-damage|p1b: Charizard|69/100\n|\n|upkeep\n|turn|5\n|inactive|Soliidd has 30 seconds left.\n|\n|t:|1776502203\n|switch|p2a: Garchomp|Garchomp, L50, F|100/100\n|detailschange|p1b: Charizard|Charizard-Mega-Y, L50, F, shiny\n|-mega|p1b: Charizard|Charizard|Charizardite Y\n|-weather|SunnyDay|[from] ability: Drought|[of] p1b: Charizard\n|-formechange|p2b: Aegislash|Aegislash|\n|move|p2b: Aegislash|King's Shield|p2b: Aegislash\n|-singleturn|p2b: Aegislash|Protect\n|move|p1a: Garchomp|Earthquake|p2a: Garchomp|[spread] p2a\n|-activate|p2b: Aegislash|move: Protect\n|-immune|p1b: Charizard\n|-damage|p2a: Garchomp|55/100\n|move|p1b: Charizard|Heat Wave|p2a: Garchomp|[spread] \n|-activate|p2b: Aegislash|move: Protect\n|-miss|p1b: Charizard|p2a: Garchomp\n|\n|-weather|SunnyDay|[upkeep]\n|-sideend|p1: Soliidd|move: Tailwind\n|upkeep\n|turn|6\n|j| Crvstal_K!tty\n|inactive|DracoSpirit has 30 seconds left.\n|\n|t:|1776502235\n|move|p1b: Charizard|Protect|p1b: Charizard\n|-singleturn|p1b: Charizard|Protect\n|move|p1a: Garchomp|Earthquake|p2b: Aegislash|[spread] p2a,p2b\n|-activate|p1b: Charizard|move: Protect\n|-supereffective|p2b: Aegislash|1\n|-damage|p2a: Garchomp|15/100\n|-damage|p2b: Aegislash|21/100\n|move|p2a: Garchomp|Rock Slide|p1b: Charizard|[spread] \n|-activate|p1b: Charizard|move: Protect\n|-miss|p2a: Garchomp|p1a: Garchomp\n|-formechange|p2b: Aegislash|Aegislash-Blade|\n|move|p2b: Aegislash|Iron Head|p1a: Garchomp\n|-damage|p1a: Garchomp|56/100\n|-damage|p2b: Aegislash|9/100|[from] ability: Rough Skin|[of] p1a: Garchomp\n|\n|-weather|SunnyDay|[upkeep]\n|upkeep\n|turn|7\n|inactive|Soliidd has 30 seconds left.\n|inactive|Soliidd has 20 seconds left.\n|\n|t:|1776502273\n|switch|p1b: Milotic|Milotic, L50, F, shiny|9/100\n|move|p2a: Garchomp|Protect|p2a: Garchomp\n|-singleturn|p2a: Garchomp|Protect\n|move|p2b: Aegislash|Shadow Sneak|p1b: Milotic\n|-damage|p1b: Milotic|0 fnt\n|faint|p1b: Milotic\n|move|p1a: Garchomp|Earthquake|p2b: Aegislash|[spread] p2b\n|-activate|p2a: Garchomp|move: Protect\n|-supereffective|p2b: Aegislash|1\n|-damage|p2b: Aegislash|0 fnt\n|faint|p2b: Aegislash\n|\n|-weather|SunnyDay|[upkeep]\n|upkeep\n|inactive|Soliidd has 30 seconds left.\n|\n|t:|1776502307\n|switch|p1b: Whimsicott|Whimsicott, L50, F, shiny|11/100\n|switch|p2b: Rotom|Rotom-Mow, L50|100/100\n|turn|8\n|\n|t:|1776502328\n|switch|p2a: Clefable|Clefable-Mega, L50, M|30/100\n|move|p1b: Whimsicott|Tailwind|p1b: Whimsicott\n|-sidestart|p1: Soliidd|move: Tailwind\n|move|p1a: Garchomp|Earthquake|p2a: Clefable|[spread] p1b\n|-immune|p2a: Clefable\n|-immune|p2b: Rotom|[from] ability: Levitate\n|-resisted|p1b: Whimsicott|1\n|-damage|p1b: Whimsicott|0 fnt\n|faint|p1b: Whimsicott\n|move|p2b: Rotom|Leaf Storm|p1a: Garchomp\n|-damage|p1a: Garchomp|0 fnt\n|-unboost|p2b: Rotom|spa|2\n|faint|p1a: Garchomp\n|\n|-weather|SunnyDay|[upkeep]\n|upkeep\n|\n|t:|1776502344\n|switch|p1a: Charizard|Charizard-Mega-Y, L50, F, shiny|69/100\n|turn|9\n|inactive|DracoSpirit has 30 seconds left.\n|inactive|DracoSpirit has 20 seconds left.\n|inactive|DracoSpirit has 15 seconds left.\n|\n|t:|1776502389\n|switch|p2b: Garchomp|Garchomp, L50, F|15/100\n|move|p1a: Charizard|Heat Wave|p2b: Garchomp|[spread] p2a\n|-miss|p1a: Charizard|p2b: Garchomp\n|-damage|p2a: Clefable|0 fnt\n|faint|p2a: Clefable\n|\n|-weather|none\n|upkeep\n|\n|t:|1776502394\n|switch|p2a: Rotom|Rotom-Mow, L50|100/100\n|turn|10\n|\n|t:|1776502405\n|move|p2b: Garchomp|Protect|p2b: Garchomp\n|-singleturn|p2b: Garchomp|Protect\n|move|p1a: Charizard|Heat Wave|p2b: Garchomp|[spread] \n|-activate|p2b: Garchomp|move: Protect\n|-miss|p1a: Charizard|p2a: Rotom\n|move|p2a: Rotom|Thunderbolt|p1a: Charizard\n|-supereffective|p1a: Charizard|1\n|-damage|p1a: Charizard|0 fnt\n|faint|p1a: Charizard\n|\n|win|DracoSpirit\n|raw|Soliidd's rating: 1486 &rarr; <strong>1462</strong><br />(-24 for losing)\n|raw|DracoSpirit's rating: 1416 &rarr; <strong>1440</strong><br />(+24 for winning)\n|c|\u2606Soliidd|bro\n|l| Crvstal_K!tty\n|c|\u2606Soliidd|i cant anymore\n|c|\u2606DracoSpirit|Unfortunate\n|l|\u2606DracoSpirit\n|player|p2|\n",
  "uploadtime": 1776502475,
  "views": 24,
  "formatid": "gen9championsvgc2026regma",
  "rating": 1440,
  "private": 0,
  "password": null
}