{
  "id": "gen9championsvgc2026regma-2587676997",
  "format": "[Gen 9 Champions] VGC 2026 Reg M-A",
  "players": [
    "maroonslasher",
    "PabloApenass"
  ],
  "log": "|j|\u2606maroonslasher\n|j|\u2606PabloApenass\n|t:|1776552916\n|gametype|doubles\n|player|p1|maroonslasher|170|1111\n|player|p2|PabloApenass|rosa|1058\n|gen|9\n|tier|[Gen 9 Champions] VGC 2026 Reg M-A\n|rated|\n|rule|Species Clause: Limit one of each Pok\u00e9mon\n|rule|Item Clause: Limit 1 of each item\n|clearpoke\n|poke|p1|Starmie, L50|\n|poke|p1|Alcremie-Ruby-Swirl, L50, F|\n|poke|p1|Glimmora, L50, F|\n|poke|p1|Gliscor, L50, F|\n|poke|p1|Sinistcha, L50|\n|poke|p1|Runerigus, L50, F|\n|poke|p2|Froslass, L50, F|\n|poke|p2|Sneasler, L50, M|\n|poke|p2|Aerodactyl, L50, F|\n|poke|p2|Garchomp, L50, M|\n|poke|p2|Kingambit, L50, F|\n|poke|p2|Rotom-Wash, L50|\n|teampreview|4\nmaroonslasher rejected open team sheets.\n|\n|t:|1776552968\n|teamsize|p1|4\n|teamsize|p2|4\n|start\n|switch|p1a: Alcremie|Alcremie-Ruby-Swirl, L50, F|100/100\n|switch|p1b: Starmie|Starmie, L50|100/100\n|switch|p2a: Sneasler|Sneasler, L50, M|100/100\n|switch|p2b: Rotom|Rotom-Wash, L50|100/100\n|turn|1\n|\n|t:|1776552995\n|switch|p1a: Runerigus|Runerigus, L50, F|100/100\n|detailschange|p1b: Starmie|Starmie-Mega, L50\n|-mega|p1b: Starmie|Starmie|Starminite\n|move|p1b: Starmie|Protect|p1b: Starmie\n|-singleturn|p1b: Starmie|Protect\n|move|p2a: Sneasler|Fake Out|p1b: Starmie\n|-activate|p1b: Starmie|move: Protect\n|move|p2b: Rotom|Electroweb|p1b: Starmie|[spread] \n|-activate|p1b: Starmie|move: Protect\n|-immune|p1a: Runerigus\n|\n|upkeep\n|turn|2\n|\n|t:|1776553034\n|move|p1a: Runerigus|Protect|p1a: Runerigus\n|-singleturn|p1a: Runerigus|Protect\n|move|p2b: Rotom|Electroweb|p1b: Starmie|[spread] p1b\n|-activate|p1a: Runerigus|move: Protect\n|-supereffective|p1b: Starmie|1\n|-damage|p1b: Starmie|47/100\n|-unboost|p1b: Starmie|spe|1\n|move|p2a: Sneasler|Dire Claw|p1a: Runerigus\n|-activate|p1a: Runerigus|move: Protect\n|move|p1b: Starmie|Surf|p2b: Rotom|[spread] p2a,p2b\n|-activate|p1a: Runerigus|move: Protect\n|-resisted|p2b: Rotom|1\n|-damage|p2a: Sneasler|61/100\n|-damage|p2b: Rotom|82/100\n|\n|upkeep\n|turn|3\n|\n|t:|1776553054\n|move|p2b: Rotom|Electroweb|p1a: Runerigus|[spread] p1b\n|-immune|p1a: Runerigus\n|-supereffective|p1b: Starmie|1\n|-damage|p1b: Starmie|0 fnt\n|faint|p1b: Starmie\n|move|p2a: Sneasler|Dire Claw|p1a: Runerigus\n|-resisted|p1a: Runerigus|2\n|-damage|p1a: Runerigus|93/100\n|-activate|p2a: Sneasler|Skill Swap|Wandering Spirit|Unburden|[of] p1a: Runerigus\n|move|p1a: Runerigus|Earthquake|p2b: Rotom|[spread] p2a\n|-immune|p2b: Rotom|[from] ability: Levitate\n|-supereffective|p2a: Sneasler|1\n|-damage|p2a: Sneasler|0 fnt\n|faint|p2a: Sneasler\n|\n|-heal|p1a: Runerigus|99/100|[from] item: Leftovers\n|upkeep\n|\n|t:|1776553070\n|switch|p1b: Alcremie|Alcremie-Ruby-Swirl, L50, F|100/100\n|switch|p2a: Froslass|Froslass, L50, F|100/100\n|turn|4\n|\n|t:|1776553091\n|detailschange|p2a: Froslass|Froslass-Mega, L50, F\n|-mega|p2a: Froslass|Froslass|Froslassite\n|-weather|Snowscape|[from] ability: Snow Warning|[of] p2a: Froslass\n|move|p1a: Runerigus|Protect|p1a: Runerigus\n|-singleturn|p1a: Runerigus|Protect\n|move|p2b: Rotom|Electroweb|p1a: Runerigus|[spread] p1b\n|-activate|p1a: Runerigus|move: Protect\n|-damage|p1b: Alcremie|88/100\n|-unboost|p1b: Alcremie|spe|1\n|move|p2a: Froslass|Shadow Ball|p1a: Runerigus\n|-activate|p1a: Runerigus|move: Protect\n|move|p1b: Alcremie|Decorate|p1a: Runerigus\n|-boost|p1a: Runerigus|atk|2\n|-boost|p1a: Runerigus|spa|2\n|\n|-weather|Snowscape|[upkeep]\n|-heal|p1a: Runerigus|100/100|[from] item: Leftovers\n|upkeep\n|turn|5\n|\n|t:|1776553115\n|switch|p2b: Garchomp|Garchomp, L50, M|100/100\n|move|p1b: Alcremie|Protect|p1b: Alcremie\n|-singleturn|p1b: Alcremie|Protect\n|move|p2a: Froslass|Shadow Ball|p1a: Runerigus\n|-supereffective|p1a: Runerigus|1\n|-damage|p1a: Runerigus|10/100\n|-unboost|p1a: Runerigus|spd|1\n|move|p1a: Runerigus|Earthquake|p2b: Garchomp|[spread] p2a,p2b\n|-activate|p1b: Alcremie|move: Protect\n|-damage|p2a: Froslass|48/100\n|-damage|p2b: Garchomp|49/100\n|\n|-weather|Snowscape|[upkeep]\n|-heal|p1a: Runerigus|16/100|[from] item: Leftovers\n|upkeep\n|turn|6\n|\n|t:|1776553141\n|switch|p1b: Sinistcha|Sinistcha, L50|100/100\n|-heal|p1a: Runerigus|40/100|[from] ability: Hospitality|[of] p1b: Sinistcha\n|move|p1a: Runerigus|Protect|p1a: Runerigus\n|-singleturn|p1a: Runerigus|Protect\n|move|p2a: Froslass|Shadow Ball|p1a: Runerigus\n|-activate|p1a: Runerigus|move: Protect\n|move|p2b: Garchomp|Stomping Tantrum|p1b: Sinistcha\n|-resisted|p1b: Sinistcha|1\n|-damage|p1b: Sinistcha|83/100\n|\n|-weather|Snowscape|[upkeep]\n|-heal|p1a: Runerigus|47/100|[from] item: Leftovers\n|upkeep\n|turn|7\n|\n|t:|1776553154\n|move|p1b: Sinistcha|Rage Powder|p1b: Sinistcha\n|-singleturn|p1b: Sinistcha|move: Rage Powder\n|move|p2a: Froslass|Shadow Ball|p1b: Sinistcha\n|-supereffective|p1b: Sinistcha|1\n|-damage|p1b: Sinistcha|2/100\n|move|p2b: Garchomp|Dragon Claw|p1b: Sinistcha\n|-crit|p1b: Sinistcha\n|-damage|p1b: Sinistcha|0 fnt\n|faint|p1b: Sinistcha\n|move|p1a: Runerigus|Earthquake|p2b: Garchomp|[spread] p2a,p2b\n|-damage|p2a: Froslass|0 fnt\n|-damage|p2b: Garchomp|0 fnt\n|faint|p2a: Froslass\n|faint|p2b: Garchomp\n|\n|-weather|Snowscape|[upkeep]\n|-heal|p1a: Runerigus|53/100|[from] item: Leftovers\n|upkeep\n|\n|t:|1776553168\n|switch|p2b: Rotom|Rotom-Wash, L50|82/100\n|switch|p1b: Alcremie|Alcremie-Ruby-Swirl, L50, F|88/100\n|turn|8\n|\n|t:|1776553178\n|move|p1a: Runerigus|Protect|p1a: Runerigus\n|-singleturn|p1a: Runerigus|Protect\n|move|p2b: Rotom|Hydro Pump|p1a: Runerigus\n|-activate|p1a: Runerigus|move: Protect\n|move|p1b: Alcremie|Alluring Voice|p2b: Rotom\n|-damage|p2b: Rotom|41/100\n|\n|-weather|none\n|-heal|p1a: Runerigus|59/100|[from] item: Leftovers\n|upkeep\n|turn|9\n|\n|t:|1776553188\n|move|p2b: Rotom|Hydro Pump|p1a: Runerigus\n|-supereffective|p1a: Runerigus|1\n|-damage|p1a: Runerigus|0 fnt\n|faint|p1a: Runerigus\n|move|p1b: Alcremie|Alluring Voice|p2b: Rotom\n|-damage|p2b: Rotom|0 fnt\n|faint|p2b: Rotom\n|\n|win|maroonslasher\n|raw|maroonslasher's rating: 1111 &rarr; <strong>1132</strong><br />(+21 for winning)\n|raw|PabloApenass's rating: 1058 &rarr; <strong>1042</strong><br />(-16 for losing)\n",
  "uploadtime": 1776553195,
  "views": 17,
  "formatid": "gen9championsvgc2026regma",
  "rating": 1042,
  "private": 0,
  "password": null
}