{
  "id": "gen9championsvgc2026regma-2583810500",
  "format": "[Gen 9 Champions] VGC 2026 Reg M-A",
  "players": [
    "anubisjr",
    "ewewrewr"
  ],
  "log": "|j|\u2606anubisjr\n|j|\u2606ewewrewr\n|t:|1776199425\n|gametype|doubles\n|player|p1|anubisjr|266|1189\n|player|p2|ewewrewr|265|1109\n|gen|9\n|tier|[Gen 9 Champions] VGC 2026 Reg M-A\n|rated|\n|rule|Species Clause: Limit one of each Pok\u00e9mon\n|rule|Item Clause: Limit 1 of each item\n|clearpoke\n|poke|p1|Arcanine, L50, F|\n|poke|p1|Palafin, L50, F|\n|poke|p1|Sylveon, L50, F|\n|poke|p1|Sinistcha, L50|\n|poke|p1|Lopunny, L50, M|\n|poke|p1|Dragapult, L50, F|\n|poke|p2|Maushold, L50|\n|poke|p2|Kommo-o, L50, M|\n|poke|p2|Mimikyu, L50, M|\n|poke|p2|Incineroar, L50, F|\n|poke|p2|Aerodactyl, L50, M|\n|poke|p2|Primarina, L50, M|\n|teampreview|4\n|inactive|Battle timer is ON: inactive players will automatically lose when time's up. (requested by ewewrewr)\n|\n|t:|1776199521\n|teamsize|p1|4\n|teamsize|p2|4\n|start\n|switch|p1a: Arcanine|Arcanine, L50, F|100/100\n|switch|p1b: Lopunny|Lopunny, L50, M|100/100\n|switch|p2a: Incineroar|Incineroar, L50, F|100/100\n|switch|p2b: Aerodactyl|Aerodactyl, L50, M|100/100\n|-ability|p1a: Arcanine|Intimidate|boost\n|-unboost|p2a: Incineroar|atk|1\n|-unboost|p2b: Aerodactyl|atk|1\n|-ability|p2a: Incineroar|Intimidate|boost\n|-unboost|p1a: Arcanine|atk|1\n|-unboost|p1b: Lopunny|atk|1\n|turn|1\n|inactive|ewewrewr has 30 seconds left.\n|\n|t:|1776199553\n|switch|p2b: Primarina|Primarina, L50, M|100/100\n|detailschange|p1b: Lopunny|Lopunny-Mega, L50, M\n|-mega|p1b: Lopunny|Lopunny|Lopunnite\n|move|p1b: Lopunny|Fake Out|p2a: Incineroar\n|-damage|p2a: Incineroar|87/100\n|cant|p2a: Incineroar|flinch\n|move|p1a: Arcanine|Will-O-Wisp|p2b: Primarina\n|-status|p2b: Primarina|brn\n|\n|-damage|p2b: Primarina|95/100 brn|[from] brn\n|upkeep\n|turn|2\n|inactive|anubisjr has 30 seconds left.\n|inactive|anubisjr has 20 seconds left.\n|inactive|anubisjr has 15 seconds left.\n|inactive|anubisjr has 10 seconds left.\n|inactive|anubisjr has 5 seconds left.\n|\n|t:|1776199603\n|move|p1a: Arcanine|Helping Hand|p1b: Lopunny\n|-singleturn|p1b: Lopunny|Helping Hand|[of] p1a: Arcanine\n|move|p1b: Lopunny|Close Combat|p2a: Incineroar\n|-supereffective|p2a: Incineroar|1\n|-damage|p2a: Incineroar|0 fnt\n|-unboost|p1b: Lopunny|def|1\n|-unboost|p1b: Lopunny|spd|1\n|faint|p2a: Incineroar\n|move|p2b: Primarina|Hyper Voice|p1a: Arcanine|[spread] p1a,p1b\n|-supereffective|p1a: Arcanine|1\n|-damage|p1a: Arcanine|20/100\n|-damage|p1b: Lopunny|27/100\n|\n|-damage|p2b: Primarina|89/100 brn|[from] brn\n|upkeep\n|\n|t:|1776199615\n|switch|p2a: Aerodactyl|Aerodactyl, L50, M|100/100\n|turn|3\n|inactive|anubisjr has 30 seconds left.\n|\n|t:|1776199648\n|switch|p1b: Sylveon|Sylveon, L50, F|100/100\n|switch|p1a: Sinistcha|Sinistcha, L50|100/100\n|detailschange|p2a: Aerodactyl|Aerodactyl-Mega, L50, M\n|-mega|p2a: Aerodactyl|Aerodactyl|Aerodactylite\n|move|p2a: Aerodactyl|Rock Slide|p1a: Sinistcha|[spread] p1a,p1b\n|-damage|p1a: Sinistcha|74/100\n|-damage|p1b: Sylveon|61/100\n|move|p2b: Primarina|Hyper Voice|p1a: Sinistcha|[spread] p1a,p1b\n|-resisted|p1a: Sinistcha|1\n|-damage|p1a: Sinistcha|57/100\n|-damage|p1b: Sylveon|33/100\n|\n|-damage|p2b: Primarina|83/100 brn|[from] brn\n|upkeep\n|turn|4\n|\n|t:|1776199665\n|switch|p1b: Arcanine|Arcanine, L50, F|20/100\n|-ability|p1b: Arcanine|Intimidate|boost\n|-unboost|p2a: Aerodactyl|atk|1\n|-unboost|p2b: Primarina|atk|1\n|move|p2a: Aerodactyl|Dual Wingbeat|p1a: Sinistcha\n|-supereffective|p1a: Sinistcha|1\n|-damage|p1a: Sinistcha|23/100\n|-enditem|p1a: Sinistcha|Sitrus Berry|[eat]\n|-heal|p1a: Sinistcha|48/100|[from] item: Sitrus Berry\n|-supereffective|p1a: Sinistcha|1\n|-damage|p1a: Sinistcha|14/100\n|-hitcount|p1a: Sinistcha|2\n|move|p1a: Sinistcha|Strength Sap|p2a: Aerodactyl\n|-unboost|p2a: Aerodactyl|atk|1\n|-heal|p1a: Sinistcha|84/100\n|move|p2b: Primarina|Moonblast|p1b: Arcanine\n|-resisted|p1b: Arcanine|1\n|-damage|p1b: Arcanine|0 fnt\n|faint|p1b: Arcanine\n|\n|-damage|p2b: Primarina|77/100 brn|[from] brn\n|upkeep\n|inactive|anubisjr has 30 seconds left.\n|inactive|anubisjr has 20 seconds left.\n|inactive|anubisjr has 15 seconds left.\n|inactive|anubisjr has 10 seconds left.\n|\n|t:|1776199713\n|switch|p1b: Lopunny|Lopunny-Mega, L50, M|27/100\n|turn|5\n|\n|t:|1776199728\n|move|p2b: Primarina|Protect|p2b: Primarina\n|-singleturn|p2b: Primarina|Protect\n|move|p1b: Lopunny|Fake Out|p2a: Aerodactyl\n|-resisted|p2a: Aerodactyl|1\n|-damage|p2a: Aerodactyl|86/100\n|cant|p2a: Aerodactyl|flinch\n|move|p1a: Sinistcha|Trick Room|p1a: Sinistcha\n|-fieldstart|move: Trick Room|[of] p1a: Sinistcha\n|\n|-damage|p2b: Primarina|71/100 brn|[from] brn\n|upkeep\n|turn|6\n|\n|t:|1776199746\n|move|p2b: Primarina|Moonblast|p1b: Lopunny\n|-supereffective|p1b: Lopunny|1\n|-damage|p1b: Lopunny|0 fnt\n|faint|p1b: Lopunny\n|move|p1a: Sinistcha|Matcha Gotcha|p2a: Aerodactyl|[spread] p2a,p2b\n|-supereffective|p2b: Primarina|1\n|-damage|p2a: Aerodactyl|57/100\n|-heal|p1a: Sinistcha|97/100|[from] drain|[of] p2a: Aerodactyl\n|-damage|p2b: Primarina|29/100 brn\n|-heal|p1a: Sinistcha|100/100|[from] drain|[of] p2b: Primarina\n|-enditem|p2b: Primarina|Sitrus Berry|[eat]\n|-heal|p2b: Primarina|54/100 brn|[from] item: Sitrus Berry\n|move|p2a: Aerodactyl|Dual Wingbeat|p1a: Sinistcha\n|-supereffective|p1a: Sinistcha|1\n|-damage|p1a: Sinistcha|77/100\n|-supereffective|p1a: Sinistcha|1\n|-damage|p1a: Sinistcha|53/100\n|-hitcount|p1a: Sinistcha|2\n|\n|-damage|p2b: Primarina|48/100 brn|[from] brn\n|upkeep\n|\n|t:|1776199751\n|switch|p1b: Sylveon|Sylveon, L50, F|33/100\n|turn|7\n|\n|t:|1776199769\n|move|p1b: Sylveon|Protect|p1b: Sylveon\n|-singleturn|p1b: Sylveon|Protect\n|move|p2a: Aerodactyl|Protect|p2a: Aerodactyl\n|-singleturn|p2a: Aerodactyl|Protect\n|move|p2b: Primarina|Moonblast|p1b: Sylveon\n|-activate|p1b: Sylveon|move: Protect\n|move|p1a: Sinistcha|Matcha Gotcha|p2b: Primarina|[spread] p2b\n|-activate|p2a: Aerodactyl|move: Protect\n|-supereffective|p2b: Primarina|1\n|-damage|p2b: Primarina|9/100 brn\n|-heal|p1a: Sinistcha|74/100|[from] drain|[of] p2b: Primarina\n|\n|-damage|p2b: Primarina|3/100 brn|[from] brn\n|upkeep\n|turn|8\n|\n|t:|1776199788\n|switch|p2a: Maushold|Maushold, L50|100/100\n|move|p2b: Primarina|Moonblast|p1b: Sylveon\n|-damage|p1b: Sylveon|0 fnt\n|faint|p1b: Sylveon\n|move|p1a: Sinistcha|Matcha Gotcha|p2b: Primarina|[spread] p2a,p2b\n|-supereffective|p2b: Primarina|1\n|-damage|p2a: Maushold|72/100\n|-heal|p1a: Sinistcha|89/100|[from] drain|[of] p2a: Maushold\n|-damage|p2b: Primarina|0 fnt\n|-heal|p1a: Sinistcha|90/100|[from] drain|[of] p2b: Primarina\n|faint|p2b: Primarina\n|\n|upkeep\n|\n|t:|1776199797\n|switch|p2b: Aerodactyl|Aerodactyl-Mega, L50, M|57/100\n|turn|9\n|\n|t:|1776199804\n|move|p2a: Maushold|Follow Me|p2a: Maushold\n|-singleturn|p2a: Maushold|move: Follow Me\n|move|p1a: Sinistcha|Matcha Gotcha|p2a: Maushold|[spread] p2a,p2b\n|-damage|p2a: Maushold|41/100\n|-heal|p1a: Sinistcha|100/100|[from] drain|[of] p2a: Maushold\n|-damage|p2b: Aerodactyl|35/100\n|-status|p2a: Maushold|brn\n|move|p2b: Aerodactyl|Dual Wingbeat|p1a: Sinistcha\n|-supereffective|p1a: Sinistcha|1\n|-damage|p1a: Sinistcha|52/100\n|-supereffective|p1a: Sinistcha|1\n|-damage|p1a: Sinistcha|0 fnt\n|faint|p1a: Sinistcha\n|-hitcount|p1: Sinistcha|2\n|\n|win|ewewrewr\n|raw|anubisjr's rating: 1210 &rarr; <strong>1178</strong><br />(-32 for losing)\n|raw|ewewrewr's rating: 1109 &rarr; <strong>1141</strong><br />(+32 for winning)\n",
  "uploadtime": 1776199808,
  "views": 21,
  "formatid": "gen9championsvgc2026regma",
  "rating": 1141,
  "private": 0,
  "password": null
}