{
  "id": "gen9championsvgc2026regma-2583388219",
  "format": "[Gen 9 Champions] VGC 2026 Reg M-A",
  "players": [
    "gurbederbeste",
    "DukeofDudes"
  ],
  "log": "|j|\u2606gurbederbeste\n|j|\u2606DukeofDudes\n|t:|1776172205\n|gametype|doubles\n|player|p1|gurbederbeste|pryce|1128\n|player|p2|DukeofDudes|102|1181\n|gen|9\n|tier|[Gen 9 Champions] VGC 2026 Reg M-A\n|rated|\n|rule|Species Clause: Limit one of each Pok\u00e9mon\n|rule|Item Clause: Limit 1 of each item\n|clearpoke\n|poke|p1|Aggron, L50, M|\n|poke|p1|Sinistcha, L50|\n|poke|p1|Incineroar, L50, M|\n|poke|p1|Kleavor, L50, M|\n|poke|p1|Alakazam, L50, M|\n|poke|p2|Pelipper, L50, M|\n|poke|p2|Archaludon, L50, M|\n|poke|p2|Garchomp, L50, M|\n|poke|p2|Chesnaught, L50, F|\n|poke|p2|Gyarados, L50, F|\n|poke|p2|Scizor, L50, F|\n|teampreview|4\n|c|\u2606DukeofDudes|r u gonna use speed swap on mega aggron\n|c|\u2606gurbederbeste|Yes\n|c|\u2606DukeofDudes|are u gonna click iron defence and sweep\n|inactive|Battle timer is ON: inactive players will automatically lose when time's up. (requested by gurbederbeste)\n|c|\u2606gurbederbeste|We will see\n|\n|t:|1776172269\n|teamsize|p1|4\n|teamsize|p2|4\n|start\n|switch|p1a: Aggron|Aggron, L50, M|100/100\n|switch|p1b: Kleavor|Kleavor, L50, M|100/100\n|switch|p2a: Chesnaught|Chesnaught, L50, F|100/100\n|switch|p2b: Pelipper|Pelipper, L50, M|100/100\n|-weather|RainDance|[from] ability: Drizzle|[of] p2b: Pelipper\n|turn|1\n|inactive|DukeofDudes has 30 seconds left.\n|inactive|DukeofDudes has 20 seconds left.\n|inactive|DukeofDudes has 15 seconds left.\n|\n|t:|1776172310\n|detailschange|p1a: Aggron|Aggron-Mega, L50, M\n|-mega|p1a: Aggron|Aggron|Aggronite\n|move|p2b: Pelipper|Weather Ball|p1b: Kleavor\n|-supereffective|p1b: Kleavor|1\n|-enditem|p1b: Kleavor|Focus Sash\n|-damage|p1b: Kleavor|1/100\n|move|p1b: Kleavor|Stone Axe|p2b: Pelipper\n|-supereffective|p2b: Pelipper|1\n|-damage|p2b: Pelipper|0 fnt\n|-sidestart|p2: DukeofDudes|move: Stealth Rock\n|faint|p2b: Pelipper\n|move|p2a: Chesnaught|Bulk Up|p2a: Chesnaught\n|-boost|p2a: Chesnaught|atk|1\n|-boost|p2a: Chesnaught|def|1\n|move|p1a: Aggron|Iron Defense|p1a: Aggron\n|-boost|p1a: Aggron|def|2\n|\n|-weather|RainDance|[upkeep]\n|upkeep\n|\n|t:|1776172327\n|switch|p2b: Garchomp|Garchomp, L50, M|100/100\n|-damage|p2b: Garchomp|95/100|[from] Stealth Rock\n|turn|2\n|inactive|gurbederbeste has 30 seconds left.\n|inactive|gurbederbeste has 20 seconds left.\n|inactive|gurbederbeste has 15 seconds left.\n|\n|t:|1776172370\n|detailschange|p2a: Chesnaught|Chesnaught-Mega, L50, F\n|-mega|p2a: Chesnaught|Chesnaught|Chesnaughtite\n|move|p2b: Garchomp|Rock Slide|p1a: Aggron|[spread] p1a,p1b\n|-resisted|p1a: Aggron|1\n|-supereffective|p1b: Kleavor|1\n|-damage|p1a: Aggron|98/100\n|-damage|p1b: Kleavor|0 fnt\n|faint|p1b: Kleavor\n|move|p1a: Aggron|Body Press|p2b: Garchomp\n|-damage|p2b: Garchomp|14/100\n|-damage|p1a: Aggron|86/100|[from] ability: Rough Skin|[of] p2b: Garchomp\n|move|p2a: Chesnaught|Bulk Up|p2a: Chesnaught\n|-boost|p2a: Chesnaught|atk|1\n|-boost|p2a: Chesnaught|def|1\n|\n|-weather|RainDance|[upkeep]\n|upkeep\n|\n|t:|1776172382\n|switch|p1b: Incineroar|Incineroar, L50, M|100/100\n|-ability|p1b: Incineroar|Intimidate|boost\n|-unboost|p2a: Chesnaught|atk|1\n|-unboost|p2b: Garchomp|atk|1\n|turn|3\n|\n|t:|1776172401\n|switch|p1b: Sinistcha|Sinistcha, L50|100/100\n|-heal|p1a: Aggron|100/100|[from] ability: Hospitality|[of] p1b: Sinistcha\n|move|p2b: Garchomp|Stomping Tantrum|p1b: Sinistcha\n|-resisted|p1b: Sinistcha|1\n|-damage|p1b: Sinistcha|84/100\n|move|p1a: Aggron|Iron Defense|p1a: Aggron\n|-boost|p1a: Aggron|def|2\n|move|p2a: Chesnaught|Bulk Up|p2a: Chesnaught\n|-boost|p2a: Chesnaught|atk|1\n|-boost|p2a: Chesnaught|def|1\n|\n|-weather|RainDance|[upkeep]\n|upkeep\n|turn|4\n|\n|t:|1776172426\n|move|p2b: Garchomp|Protect|p2b: Garchomp\n|-singleturn|p2b: Garchomp|Protect\n|move|p1b: Sinistcha|Matcha Gotcha|p2b: Garchomp|[spread] p2a\n|-activate|p2b: Garchomp|move: Protect\n|-resisted|p2a: Chesnaught|1\n|-damage|p2a: Chesnaught|93/100\n|-heal|p1b: Sinistcha|89/100|[from] drain|[of] p2a: Chesnaught\n|move|p1a: Aggron|Body Press|p2a: Chesnaught\n|-damage|p2a: Chesnaught|68/100\n|move|p2a: Chesnaught|Bulk Up|p2a: Chesnaught\n|-boost|p2a: Chesnaught|atk|1\n|-boost|p2a: Chesnaught|def|1\n|\n|-weather|RainDance|[upkeep]\n|upkeep\n|turn|5\n|inactive|gurbederbeste has 30 seconds left.\n|inactive|DukeofDudes has 30 seconds left.\n|\n|t:|1776172457\n|move|p2a: Chesnaught|Protect|p2a: Chesnaught\n|-singleturn|p2a: Chesnaught|Protect\n|move|p2b: Garchomp|Earthquake|p1a: Aggron|[spread] p1a,p1b\n|-activate|p2a: Chesnaught|move: Protect\n|-supereffective|p1a: Aggron|1\n|-resisted|p1b: Sinistcha|1\n|-damage|p1a: Aggron|93/100\n|-damage|p1b: Sinistcha|75/100\n|move|p1b: Sinistcha|Matcha Gotcha|p2b: Garchomp|[spread] p2b\n|-activate|p2a: Chesnaught|move: Protect\n|-damage|p2b: Garchomp|0 fnt\n|-heal|p1b: Sinistcha|82/100|[from] drain|[of] p2b: Garchomp\n|faint|p2b: Garchomp\n|move|p1a: Aggron|Iron Defense|p1a: Aggron\n|-boost|p1a: Aggron|def|2\n|\n|-weather|none\n|upkeep\n|\n|t:|1776172470\n|switch|p2b: Gyarados|Gyarados, L50, F|100/100\n|-damage|p2b: Gyarados|76/100|[from] Stealth Rock\n|-ability|p2b: Gyarados|Intimidate|boost\n|-unboost|p1a: Aggron|atk|1\n|-unboost|p1b: Sinistcha|atk|1\n|turn|6\n|\n|t:|1776172486\n|switch|p1b: Incineroar|Incineroar, L50, M|100/100\n|-ability|p1b: Incineroar|Intimidate|boost\n|-unboost|p2a: Chesnaught|atk|1\n|-unboost|p2b: Gyarados|atk|1\n|move|p2b: Gyarados|Thunder Wave|p1b: Incineroar\n|-status|p1b: Incineroar|par\n|move|p1a: Aggron|Body Press|p2b: Gyarados\n|-resisted|p2b: Gyarados|1\n|-damage|p2b: Gyarados|16/100\n|-enditem|p2b: Gyarados|Sitrus Berry|[eat]\n|-heal|p2b: Gyarados|41/100|[from] item: Sitrus Berry\n|move|p2a: Chesnaught|Body Press|p1a: Aggron\n|-supereffective|p1a: Aggron|1\n|-damage|p1a: Aggron|71/100\n|\n|upkeep\n|turn|7\n|\n|t:|1776172510\n|switch|p1b: Sinistcha|Sinistcha, L50|82/100\n|-heal|p1a: Aggron|95/100|[from] ability: Hospitality|[of] p1b: Sinistcha\n|move|p2b: Gyarados|Waterfall|p1a: Aggron\n|-damage|p1a: Aggron|92/100\n|cant|p1a: Aggron|flinch\n|move|p2a: Chesnaught|Body Press|p1a: Aggron\n|-supereffective|p1a: Aggron|1\n|-damage|p1a: Aggron|66/100\n|\n|upkeep\n|turn|8\n|\n|t:|1776172529\n|move|p2b: Gyarados|Taunt|p1b: Sinistcha\n|-start|p1b: Sinistcha|move: Taunt\n|cant|p1b: Sinistcha|move: Taunt|Life Dew\n|move|p1a: Aggron|Body Press|p2b: Gyarados\n|-resisted|p2b: Gyarados|1\n|-damage|p2b: Gyarados|0 fnt\n|faint|p2b: Gyarados\n|move|p2a: Chesnaught|Bulk Up|p2a: Chesnaught\n|-boost|p2a: Chesnaught|atk|1\n|-boost|p2a: Chesnaught|def|1\n|\n|upkeep\n|turn|9\n|\n|t:|1776172545\n|move|p1b: Sinistcha|Matcha Gotcha|p2a: Chesnaught\n|-resisted|p2a: Chesnaught|1\n|-damage|p2a: Chesnaught|58/100\n|-heal|p1b: Sinistcha|87/100|[from] drain|[of] p2a: Chesnaught\n|move|p1a: Aggron|Body Press|p2a: Chesnaught\n|-damage|p2a: Chesnaught|34/100\n|move|p2a: Chesnaught|Body Press|p1a: Aggron\n|-supereffective|p1a: Aggron|1\n|-damage|p1a: Aggron|38/100\n|\n|upkeep\n|turn|10\n|\n|t:|1776172561\n|switch|p1b: Incineroar|Incineroar, L50, M|100/100 par\n|-ability|p1b: Incineroar|Intimidate|boost\n|-unboost|p2a: Chesnaught|atk|1\n|move|p1a: Aggron|Protect|p1a: Aggron\n|-singleturn|p1a: Aggron|Protect\n|move|p2a: Chesnaught|Body Press|p1a: Aggron\n|-activate|p1a: Aggron|move: Protect\n|\n|upkeep\n|turn|11\n|inactive|DukeofDudes has 30 seconds left.\n|\n|t:|1776172587\n|move|p1b: Incineroar|Fake Out|p2a: Chesnaught\n|-crit|p2a: Chesnaught\n|-damage|p2a: Chesnaught|25/100\n|move|p1a: Aggron|Body Press|p2a: Chesnaught\n|-damage|p2a: Chesnaught|0 fnt\n|faint|p2a: Chesnaught\n|\n|win|gurbederbeste\n|raw|gurbederbeste's rating: 1128 &rarr; <strong>1157</strong><br />(+29 for winning)\n|raw|DukeofDudes's rating: 1181 &rarr; <strong>1152</strong><br />(-29 for losing)\n|c|\u2606DukeofDudes|gg wp\n",
  "uploadtime": 1776172592,
  "views": 23,
  "formatid": "gen9championsvgc2026regma",
  "rating": 1152,
  "private": 0,
  "password": null
}