{
  "id": "gen9championsvgc2026regma-2585432720",
  "format": "[Gen 9 Champions] VGC 2026 Reg M-A",
  "players": [
    "heroplayer2026",
    "lapashe"
  ],
  "log": "|j|\u2606heroplayer2026\n|j|\u2606lapashe\n|t:|1776346928\n|gametype|doubles\n|player|p1|heroplayer2026|fisherman-gen4|1175\n|player|p2|lapashe|crasherwake|1213\n|gen|9\n|tier|[Gen 9 Champions] VGC 2026 Reg M-A\n|rated|\n|rule|Species Clause: Limit one of each Pok\u00e9mon\n|rule|Item Clause: Limit 1 of each item\n|clearpoke\n|poke|p1|Torkoal, L50, F|\n|poke|p1|Incineroar, L50, M|\n|poke|p1|Farigiraf, L50, M|\n|poke|p1|Golurk, L50|\n|poke|p1|Conkeldurr, L50, M|\n|poke|p1|Garchomp, L50, M|\n|poke|p2|Bellibolt, L50, M|\n|poke|p2|Froslass, L50, F|\n|poke|p2|Ninetales-Alola, L50, F|\n|poke|p2|Kingambit, L50, M|\n|poke|p2|Kommo-o, L50, F|\n|poke|p2|Arcanine-Hisui, L50, F|\n|teampreview|4\n|\n|t:|1776346946\n|teamsize|p1|4\n|teamsize|p2|4\n|start\n|switch|p1a: Farigiraf|Farigiraf, L50, M|100/100\n|switch|p1b: Conkeldurr|Conkeldurr, L50, M|100/100\n|switch|p2a: Froslass|Froslass, L50, F|100/100\n|switch|p2b: Bellibolt|Bellibolt, L50, M|100/100\n|turn|1\n|\n|t:|1776346983\n|switch|p2b: Ninetales|Ninetales-Alola, L50, F|100/100\n|detailschange|p2a: Froslass|Froslass-Mega, L50, F\n|-mega|p2a: Froslass|Froslass|Froslassite\n|-weather|Snowscape|[from] ability: Snow Warning|[of] p2a: Froslass\n|move|p2a: Froslass|Aurora Veil|p2a: Froslass\n|-sidestart|p2: lapashe|move: Aurora Veil\n|move|p1b: Conkeldurr|Drain Punch|p2b: Ninetales\n|-damage|p2b: Ninetales|64/100\n|move|p1a: Farigiraf|Trick Room|p1a: Farigiraf\n|-fieldstart|move: Trick Room|[of] p1a: Farigiraf\n|\n|-weather|Snowscape|[upkeep]\n|upkeep\n|turn|2\n|\n|t:|1776347007\n|switch|p1a: Torkoal|Torkoal, L50, F|100/100\n|-weather|SunnyDay|[from] ability: Drought|[of] p1a: Torkoal\n|move|p2b: Ninetales|Protect|p2b: Ninetales\n|-singleturn|p2b: Ninetales|Protect\n|move|p1b: Conkeldurr|Thunder Punch|p2a: Froslass\n|-damage|p2a: Froslass|67/100\n|move|p2a: Froslass|Blizzard|p1b: Conkeldurr|[spread] p1a,p1b\n|-resisted|p1a: Torkoal|1\n|-damage|p1a: Torkoal|73/100\n|-damage|p1b: Conkeldurr|51/100\n|\n|-weather|SunnyDay|[upkeep]\n|-heal|p1b: Conkeldurr|57/100|[from] item: Leftovers\n|upkeep\n|turn|3\n|\n|t:|1776347024\n|switch|p2a: Bellibolt|Bellibolt, L50, M|100/100\n|move|p1a: Torkoal|Eruption|p2a: Bellibolt|[spread] p2a,p2b\n|-supereffective|p2b: Ninetales|1\n|-damage|p2a: Bellibolt|58/100\n|-damage|p2b: Ninetales|0 fnt\n|-start|p2a: Bellibolt|Charge|Eruption|[from] ability: Electromorphosis\n|faint|p2b: Ninetales\n|move|p1b: Conkeldurr|Thunder Punch|p2a: Bellibolt\n|-resisted|p2a: Bellibolt|1\n|-damage|p2a: Bellibolt|47/100\n|-start|p2a: Bellibolt|Charge|Thunder Punch|[from] ability: Electromorphosis\n|-enditem|p2a: Bellibolt|Sitrus Berry|[eat]\n|-heal|p2a: Bellibolt|71/100|[from] item: Sitrus Berry\n|\n|-weather|SunnyDay|[upkeep]\n|-heal|p1b: Conkeldurr|63/100|[from] item: Leftovers\n|upkeep\n|\n|t:|1776347039\n|switch|p2b: Froslass|Froslass-Mega, L50, F|67/100\n|-weather|Snowscape|[from] ability: Snow Warning|[of] p2b: Froslass\n|turn|4\n|\n|t:|1776347047\n|move|p2b: Froslass|Protect|p2b: Froslass\n|-singleturn|p2b: Froslass|Protect\n|move|p1a: Torkoal|Eruption|p2a: Bellibolt|[spread] p2a\n|-activate|p2b: Froslass|move: Protect\n|-damage|p2a: Bellibolt|45/100\n|-start|p2a: Bellibolt|Charge|Eruption|[from] ability: Electromorphosis\n|move|p1b: Conkeldurr|Thunder Punch|p2b: Froslass\n|-activate|p2b: Froslass|move: Protect\n|move|p2a: Bellibolt|Muddy Water|p1a: Torkoal|[spread] p1a,p1b\n|-supereffective|p1a: Torkoal|1\n|-damage|p1a: Torkoal|24/100\n|-damage|p1b: Conkeldurr|41/100\n|\n|-weather|Snowscape|[upkeep]\n|-heal|p1b: Conkeldurr|47/100|[from] item: Leftovers\n|upkeep\n|turn|5\n|\n|t:|1776347081\n|switch|p2b: Kingambit|Kingambit, L50, M|100/100\n|move|p1a: Torkoal|Flamethrower|p2b: Kingambit\n|-supereffective|p2b: Kingambit|1\n|-damage|p2b: Kingambit|34/100\n|move|p1b: Conkeldurr|Thunder Punch|p2b: Kingambit\n|-crit|p2b: Kingambit\n|-damage|p2b: Kingambit|0 fnt\n|faint|p2b: Kingambit\n|move|p2a: Bellibolt|Slack Off|p2a: Bellibolt\n|-heal|p2a: Bellibolt|95/100\n|\n|-weather|Snowscape|[upkeep]\n|-heal|p1b: Conkeldurr|53/100|[from] item: Leftovers\n|-sideend|p2: lapashe|move: Aurora Veil\n|-fieldend|move: Trick Room\n|upkeep\n|inactive|Battle timer is ON: inactive players will automatically lose when time's up. (requested by heroplayer2026)\n|\n|t:|1776347094\n|switch|p2b: Froslass|Froslass-Mega, L50, F|67/100\n|turn|6\n|\n|t:|1776347106\n|move|p2b: Froslass|Blizzard|p1b: Conkeldurr|[spread] p1a,p1b\n|-resisted|p1a: Torkoal|1\n|-damage|p1a: Torkoal|0 fnt\n|-damage|p1b: Conkeldurr|2/100\n|faint|p1a: Torkoal\n|move|p2a: Bellibolt|Muddy Water|p1b: Conkeldurr|[miss]\n|-miss|p2a: Bellibolt|p1b: Conkeldurr\n|move|p1b: Conkeldurr|Drain Punch|p2a: Bellibolt\n|-damage|p2a: Bellibolt|46/100\n|-heal|p1b: Conkeldurr|26/100|[from] drain|[of] p2a: Bellibolt\n|-start|p2a: Bellibolt|Charge|Drain Punch|[from] ability: Electromorphosis\n|\n|-weather|Snowscape|[upkeep]\n|-heal|p1b: Conkeldurr|33/100|[from] item: Leftovers\n|upkeep\n|\n|t:|1776347111\n|switch|p1a: Farigiraf|Farigiraf, L50, M|100/100\n|turn|7\n|\n|t:|1776347124\n|move|p1b: Conkeldurr|Mach Punch|p2a: Bellibolt\n|-damage|p2a: Bellibolt|19/100\n|-start|p2a: Bellibolt|Charge|Mach Punch|[from] ability: Electromorphosis\n|move|p2b: Froslass|Blizzard|p1a: Farigiraf|[spread] p1a,p1b\n|-damage|p1a: Farigiraf|64/100\n|-damage|p1b: Conkeldurr|0 fnt\n|faint|p1b: Conkeldurr\n|move|p2a: Bellibolt|Thunderbolt|p1a: Farigiraf\n|-damage|p1a: Farigiraf|0 fnt\n|faint|p1a: Farigiraf\n|-end|p2a: Bellibolt|Charge|[silent]\n|\n|-weather|Snowscape|[upkeep]\n|upkeep\n|\n|t:|1776347129\n|switch|p1b: Golurk|Golurk, L50|100/100\n|turn|8\n|inactive|lapashe has 30 seconds left.\n|inactive|lapashe has 20 seconds left.\n|inactive|lapashe has 15 seconds left.\n|inactive|lapashe has 10 seconds left.\n|inactive|lapashe has 5 seconds left.\n|\n|t:|1776347184\n|detailschange|p1b: Golurk|Golurk-Mega, L50\n|-mega|p1b: Golurk|Golurk|Golurkite\n|move|p2b: Froslass|Aurora Veil|p2b: Froslass\n|-sidestart|p2: lapashe|move: Aurora Veil\n|move|p2a: Bellibolt|Thunderbolt|p1b: Golurk\n|-immune|p1b: Golurk\n|move|p1b: Golurk|Knock Off|p2a: Bellibolt\n|-damage|p2a: Bellibolt|2/100\n|-start|p2a: Bellibolt|Charge|Knock Off|[from] ability: Electromorphosis\n|\n|-weather|none\n|upkeep\n|turn|9\n|\n|t:|1776347197\n|move|p2b: Froslass|Blizzard|p1b: Golurk|[miss]\n|-miss|p2b: Froslass|p1b: Golurk\n|move|p2a: Bellibolt|Muddy Water|p1b: Golurk\n|-supereffective|p1b: Golurk|1\n|-damage|p1b: Golurk|56/100\n|-unboost|p1b: Golurk|accuracy|1\n|move|p1b: Golurk|Knock Off|p2b: Froslass|[miss]\n|-miss|p1b: Golurk|p2b: Froslass\n|\n|upkeep\n|turn|10\n|\n|t:|1776347213\n|move|p2b: Froslass|Blizzard|p1b: Golurk\n|-supereffective|p1b: Golurk|1\n|-damage|p1b: Golurk|0 fnt\n|faint|p1b: Golurk\n|\n|win|lapashe\n|raw|heroplayer2026's rating: 1175 &rarr; <strong>1153</strong><br />(-22 for losing)\n|raw|lapashe's rating: 1213 &rarr; <strong>1235</strong><br />(+22 for winning)\n",
  "uploadtime": 1776347217,
  "views": 26,
  "formatid": "gen9championsvgc2026regma",
  "rating": 1153,
  "private": 0,
  "password": null
}