{
  "id": "gen9championsvgc2026regma-2583696420",
  "format": "[Gen 9 Champions] VGC 2026 Reg M-A",
  "players": [
    "Jakkapop",
    "mama piggi"
  ],
  "log": "|j|\u2606Jakkapop\n|j|\u2606mama piggi\n|t:|1776191620\n|gametype|doubles\n|player|p1|Jakkapop|ash|1077\n|player|p2|mama piggi|steven|1000\n|gen|9\n|tier|[Gen 9 Champions] VGC 2026 Reg M-A\n|rated|\n|rule|Species Clause: Limit one of each Pok\u00e9mon\n|rule|Item Clause: Limit 1 of each item\n|clearpoke\n|poke|p1|Lucario, L50, M|\n|poke|p1|Garchomp, L50, F|\n|poke|p1|Lycanroc-Dusk, L50, M|\n|poke|p1|Meganium, L50, F|\n|poke|p1|Greninja-*, L50, M|\n|poke|p1|Charizard, L50, M|\n|poke|p2|Blastoise, L50, M|\n|poke|p2|Oranguru, L50, M|\n|poke|p2|Archaludon, L50, F|\n|poke|p2|Pelipper, L50, F|\n|poke|p2|Sneasler, L50, M|\n|poke|p2|Incineroar, L50, M|\n|teampreview|4\n|inactive|Battle timer is ON: inactive players will automatically lose when time's up. (requested by mama piggi)\n|\n|t:|1776191653\n|teamsize|p1|4\n|teamsize|p2|4\n|start\n|switch|p1a: Lucario|Lucario, L50, M|100/100\n|switch|p1b: Greninja|Greninja, L50, M|100/100\n|switch|p2a: Blastoise|Blastoise, L50, M|100/100\n|switch|p2b: Oranguru|Oranguru, L50, M|100/100\n|turn|1\n|\n|t:|1776191674\n|switch|p1a: Meganium|Meganium, L50, F|100/100\n|move|p2a: Blastoise|Protect|p2a: Blastoise\n|-singleturn|p2a: Blastoise|Protect\n|move|p1b: Greninja|Dark Pulse|p2b: Oranguru\n|-start|p1b: Greninja|typechange|Dark|[from] ability: Protean\n|-supereffective|p2b: Oranguru|1\n|-damage|p2b: Oranguru|50/100\n|move|p2b: Oranguru|Trick Room|p2b: Oranguru\n|-fieldstart|move: Trick Room|[of] p2b: Oranguru\n|\n|upkeep\n|turn|2\n|\n|t:|1776191693\n|detailschange|p2a: Blastoise|Blastoise-Mega, L50, M\n|-mega|p2a: Blastoise|Blastoise|Blastoisinite\n|detailschange|p1a: Meganium|Meganium-Mega, L50, F\n|-mega|p1a: Meganium|Meganium|Meganiumite\n|move|p2b: Oranguru|Instruct|p2a: Blastoise\n|-singleturn|p2a: Blastoise|move: Instruct|[of] p2b: Oranguru\n|move|p2a: Blastoise|Protect|p2a: Blastoise\n|-singleturn|p2a: Blastoise|Protect\n|move|p2a: Blastoise|Water Spout|p1a: Meganium|[spread] p1a,p1b\n|-resisted|p1a: Meganium|1\n|-crit|p1a: Meganium\n|-damage|p1a: Meganium|49/100\n|-damage|p1b: Greninja|3/100\n|move|p1a: Meganium|Solar Beam||[still]\n|-prepare|p1a: Meganium|Solar Beam\n|-activate|p1a: Meganium|ability: Mega Sol\n|-anim|p1a: Meganium|Solar Beam|p2a: Blastoise\n|-activate|p2a: Blastoise|move: Protect\n|move|p1b: Greninja|Dark Pulse|p2b: Oranguru\n|-supereffective|p2b: Oranguru|1\n|-damage|p2b: Oranguru|0 fnt\n|faint|p2b: Oranguru\n|\n|upkeep\n|\n|t:|1776191717\n|switch|p2b: Sneasler|Sneasler, L50, M|100/100\n|turn|3\n|\n|t:|1776191732\n|switch|p1b: Garchomp|Garchomp, L50, F|100/100\n|move|p2b: Sneasler|Fake Out|p1a: Meganium\n|-damage|p1a: Meganium|32/100\n|move|p2a: Blastoise|Water Spout|p1b: Garchomp|[spread] p1a,p1b\n|-resisted|p1a: Meganium|1\n|-damage|p1a: Meganium|0 fnt\n|-damage|p1b: Garchomp|27/100\n|faint|p1a: Meganium\n|\n|upkeep\n|\n|t:|1776191740\n|switch|p1a: Lucario|Lucario, L50, M|100/100\n|turn|4\n|\n|t:|1776191754\n|move|p2a: Blastoise|Water Spout|p1a: Lucario|[spread] p1a,p1b\n|-damage|p1a: Lucario|0 fnt\n|-damage|p1b: Garchomp|0 fnt\n|faint|p1a: Lucario\n|faint|p1b: Garchomp\n|move|p2b: Sneasler|Close Combat|p1: Lucario|[notarget]\n|-fail|p2b: Sneasler\n|\n|upkeep\n|\n|t:|1776191759\n|switch|p1b: Greninja|Greninja, L50, M|3/100\n|turn|5\n|\n|t:|1776191779\n|move|p2a: Blastoise|Water Spout|p1b: Greninja\n|-resisted|p1b: Greninja|1\n|-damage|p1b: Greninja|0 fnt\n|faint|p1b: Greninja\n|\n|win|mama piggi\n|raw|Jakkapop's rating: 1056 &rarr; <strong>1035</strong><br />(-21 for losing)\n|raw|mama piggi's rating: 1000 &rarr; <strong>1046</strong><br />(+46 for winning)\n|c|\u2606mama piggi|gg feel free to try out the strat\n",
  "uploadtime": 1776191823,
  "views": 22,
  "formatid": "gen9championsvgc2026regma",
  "rating": 1035,
  "private": 0,
  "password": null
}