{
  "id": "gen9championsvgc2026regma-2584892242",
  "format": "[Gen 9 Champions] VGC 2026 Reg M-A",
  "players": [
    "vera_thealien",
    "TroolyGhoulie"
  ],
  "log": "|j|\u2606vera_thealien\n|j|\u2606TroolyGhoulie\n|t:|1776292095\n|gametype|doubles\n|player|p1|vera_thealien|101|1054\n|player|p2|TroolyGhoulie|mina|1010\n|gen|9\n|tier|[Gen 9 Champions] VGC 2026 Reg M-A\n|rated|\n|rule|Species Clause: Limit one of each Pok\u00e9mon\n|rule|Item Clause: Limit 1 of each item\n|clearpoke\n|poke|p1|Lucario, L50, F|\n|poke|p1|Whimsicott, L50, M|\n|poke|p1|Arcanine, L50, M|\n|poke|p1|Milotic, L50, F|\n|poke|p1|Avalugg-Hisui, L50, F|\n|poke|p1|Conkeldurr, L50, M|\n|poke|p2|Aggron, L50, F|\n|poke|p2|Sinistcha, L50|\n|poke|p2|Pelipper, L50, F|\n|poke|p2|Basculegion, L50, M|\n|poke|p2|Dragonite, L50, F|\n|poke|p2|Garchomp, L50, M|\n|teampreview|4\n|c|\u2606vera_thealien|omg hiiii!\n|c|\u2606TroolyGhoulie|omg hi!\n|c|\u2606vera_thealien|glhf :)\n|c|\u2606TroolyGhoulie|u2!\n|\n|t:|1776292130\n|teamsize|p1|4\n|teamsize|p2|4\n|start\n|switch|p1a: Lucario|Lucario, L50, F|100/100\n|switch|p1b: Whimsicott|Whimsicott, L50, M|100/100\n|switch|p2a: Aggron|Aggron, L50, F|100/100\n|switch|p2b: Pelipper|Pelipper, L50, F|100/100\n|-weather|RainDance|[from] ability: Drizzle|[of] p2b: Pelipper\n|turn|1\n|\n|t:|1776292145\n|detailschange|p1a: Lucario|Lucario-Mega, L50, F\n|-mega|p1a: Lucario|Lucario|Lucarionite\n|detailschange|p2a: Aggron|Aggron-Mega, L50, F\n|-mega|p2a: Aggron|Aggron|Aggronite\n|move|p2a: Aggron|Protect|p2a: Aggron\n|-singleturn|p2a: Aggron|Protect\n|move|p1b: Whimsicott|Tailwind|p1b: Whimsicott\n|-sidestart|p1: vera_thealien|move: Tailwind\n|move|p1a: Lucario|Swords Dance|p1a: Lucario\n|-boost|p1a: Lucario|atk|2\n|move|p2b: Pelipper|Hurricane|p1b: Whimsicott\n|-supereffective|p1b: Whimsicott|1\n|-enditem|p1b: Whimsicott|Focus Sash\n|-damage|p1b: Whimsicott|1/100\n|\n|-weather|RainDance|[upkeep]\n|upkeep\n|turn|2\n|\n|t:|1776292165\n|switch|p2a: Basculegion|Basculegion, L50, M|100/100\n|move|p1b: Whimsicott|Encore||[still]\n|-fail|p1b: Whimsicott\n|move|p1a: Lucario|Meteor Mash|p2a: Basculegion\n|-resisted|p2a: Basculegion|1\n|-damage|p2a: Basculegion|15/100\n|-boost|p1a: Lucario|atk|1\n|move|p2b: Pelipper|U-turn|p1b: Whimsicott\n|-damage|p1b: Whimsicott|0 fnt\n|faint|p1b: Whimsicott\n|\n|t:|1776292176\n|switch|p2b: Sinistcha|Sinistcha, L50|100/100|[from] U-turn\n|-heal|p2a: Basculegion|40/100|[from] ability: Hospitality|[of] p2b: Sinistcha\n|\n|-weather|RainDance|[upkeep]\n|upkeep\n|c|\u2606vera_thealien|rip\n|\n|t:|1776292182\n|switch|p1b: Conkeldurr|Conkeldurr, L50, M|100/100\n|turn|3\n|\n|t:|1776292199\n|move|p1a: Lucario|Meteor Mash|p2b: Sinistcha\n|-damage|p2b: Sinistcha|0 fnt\n|faint|p2b: Sinistcha\n|move|p2a: Basculegion|Wave Crash|p1a: Lucario\n|-damage|p1a: Lucario|0 fnt\n|faint|p1a: Lucario\n|-damage|p2a: Basculegion|15/100|[from] Recoil\n|move|p1b: Conkeldurr|Thunder Punch|p2a: Basculegion\n|-supereffective|p2a: Basculegion|1\n|-damage|p2a: Basculegion|0 fnt\n|faint|p2a: Basculegion\n|\n|-weather|RainDance|[upkeep]\n|upkeep\n|c|\u2606vera_thealien|OH NO\n|\n|t:|1776292206\n|switch|p1a: Avalugg|Avalugg-Hisui, L50, F|100/100\n|switch|p2a: Aggron|Aggron-Mega, L50, F|100/100\n|switch|p2b: Pelipper|Pelipper, L50, F|100/100\n|turn|4\n|\n|t:|1776292217\n|move|p1b: Conkeldurr|Drain Punch|p2a: Aggron\n|-supereffective|p2a: Aggron|1\n|-damage|p2a: Aggron|62/100\n|move|p1a: Avalugg|Rock Slide|p2b: Pelipper|[spread] p2a,p2b\n|-resisted|p2a: Aggron|1\n|-supereffective|p2b: Pelipper|1\n|-damage|p2a: Aggron|51/100\n|-damage|p2b: Pelipper|25/100\n|cant|p2b: Pelipper|flinch\n|move|p2a: Aggron|Iron Defense|p2a: Aggron\n|-boost|p2a: Aggron|def|2\n|\n|-weather|RainDance|[upkeep]\n|-sideend|p1: vera_thealien|move: Tailwind\n|upkeep\n|turn|5\n|\n|t:|1776292230\n|move|p2a: Aggron|Protect|p2a: Aggron\n|-singleturn|p2a: Aggron|Protect\n|move|p2b: Pelipper|Hurricane|p1b: Conkeldurr\n|-supereffective|p1b: Conkeldurr|1\n|-damage|p1b: Conkeldurr|0 fnt\n|faint|p1b: Conkeldurr\n|move|p1a: Avalugg|Rock Slide|p2a: Aggron|[spread] p2b\n|-activate|p2a: Aggron|move: Protect\n|-supereffective|p2b: Pelipper|1\n|-damage|p2b: Pelipper|0 fnt\n|faint|p2b: Pelipper\n|\n|-weather|none\n|upkeep\n|turn|6\n|\n|t:|1776292239\n|move|p2a: Aggron|Heavy Slam|p1a: Avalugg\n|-supereffective|p1a: Avalugg|2\n|-damage|p1a: Avalugg|59/100\n|move|p1a: Avalugg|Body Press|p2a: Aggron\n|-supereffective|p2a: Aggron|1\n|-damage|p2a: Aggron|39/100\n|\n|upkeep\n|turn|7\n|c|\u2606vera_thealien|oof\n|\n|t:|1776292247\n|move|p2a: Aggron|Body Press|p1a: Avalugg\n|-supereffective|p1a: Avalugg|2\n|-damage|p1a: Avalugg|0 fnt\n|faint|p1a: Avalugg\n|\n|win|TroolyGhoulie\n|raw|vera_thealien's rating: 1054 &rarr; <strong>1034</strong><br />(-20 for losing)\n|raw|TroolyGhoulie's rating: 1010 &rarr; <strong>1053</strong><br />(+43 for winning)\n|c|\u2606TroolyGhoulie|gg wp?\n|c|\u2606vera_thealien|ggs\n|c|\u2606TroolyGhoulie|gg\n|c|\u2606TroolyGhoulie|:)\n|c|\u2606vera_thealien|ggwp\n|l|\u2606vera_thealien\n|player|p1|\n",
  "uploadtime": 1776292274,
  "views": 25,
  "formatid": "gen9championsvgc2026regma",
  "rating": 1034,
  "private": 0,
  "password": null
}