{
  "id": "gen9championsvgc2026regma-2585107913",
  "format": "[Gen 9 Champions] VGC 2026 Reg M-A",
  "players": [
    "lloni",
    "colfox"
  ],
  "log": "|j|\u2606lloni\n|j|\u203dcolfox\n|t:|1776312638\n|gametype|doubles\n|player|p1|lloni|iris-gen5bw2|1263\n|player|p2|colfox|1|1232\n|gen|9\n|tier|[Gen 9 Champions] VGC 2026 Reg M-A\n|rated|\n|rule|Species Clause: Limit one of each Pok\u00e9mon\n|rule|Item Clause: Limit 1 of each item\n|clearpoke\n|poke|p1|Kommo-o, L50, F|\n|poke|p1|Sinistcha, L50|\n|poke|p1|Incineroar, L50, F|\n|poke|p1|Aegislash, L50, F|\n|poke|p1|Floette-Eternal, L50, F|\n|poke|p1|Lopunny, L50, M|\n|poke|p2|Sylveon, L50, M|\n|poke|p2|Garchomp, L50, M|\n|poke|p2|Milotic, L50, M|\n|poke|p2|Ninetales, L50, M|\n|poke|p2|Raichu, L50, F|\n|poke|p2|Scizor, L50, M|\n|teampreview|4\n|inactive|Battle timer is ON: inactive players will automatically lose when time's up. (requested by lloni)\n|inactive|lloni has 60 seconds left.\n|\n|t:|1776312672\n|teamsize|p1|4\n|teamsize|p2|4\n|start\n|switch|p1a: Aegislash|Aegislash, L50, F|100/100\n|switch|p1b: Lopunny|Lopunny, L50, M|100/100\n|switch|p2a: Milotic|Milotic, L50, M|100/100\n|switch|p2b: Raichu|Raichu, L50, F|100/100\n|turn|1\n|\n|t:|1776312688\n|detailschange|p1b: Lopunny|Lopunny-Mega, L50, M\n|-mega|p1b: Lopunny|Lopunny|Lopunnite\n|move|p1b: Lopunny|Fake Out|p2b: Raichu\n|-damage|p2b: Raichu|54/100\n|cant|p2b: Raichu|flinch\n|move|p2a: Milotic|Icy Wind|p1a: Aegislash|[spread] p1a,p1b\n|-resisted|p1a: Aegislash|1\n|-damage|p1a: Aegislash|95/100\n|-damage|p1b: Lopunny|85/100\n|-unboost|p1a: Aegislash|spe|1\n|-unboost|p1b: Lopunny|spe|1\n|-enditem|p1a: Aegislash|White Herb\n|-clearnegativeboost|p1a: Aegislash|[silent]\n|move|p1a: Aegislash|Swords Dance|p1a: Aegislash\n|-boost|p1a: Aegislash|atk|2\n|\n|upkeep\n|turn|2\n|\n|t:|1776312708\n|move|p2b: Raichu|Protect|p2b: Raichu\n|-singleturn|p2b: Raichu|Protect\n|-formechange|p1a: Aegislash|Aegislash-Blade|\n|move|p1a: Aegislash|Shadow Sneak|p2b: Raichu\n|-activate|p2b: Raichu|move: Protect\n|move|p1b: Lopunny|Thunder Punch|p2b: Raichu\n|-activate|p2b: Raichu|ability: Lightning Rod\n|-activate|p2b: Raichu|move: Protect\n|move|p2a: Milotic|Scald|p1b: Lopunny\n|-damage|p1b: Lopunny|39/100\n|-status|p1b: Lopunny|brn\n|\n|-damage|p1b: Lopunny|33/100 brn|[from] brn\n|upkeep\n|turn|3\n|inactive|lloni has 30 seconds left.\n|inactive|colfox has 30 seconds left.\n|inactive|lloni has 20 seconds left.\n|inactive|lloni has 15 seconds left.\n|\n|t:|1776312753\n|switch|p1b: Kommo-o|Kommo-o, L50, F|100/100\n|move|p1a: Aegislash|Shadow Sneak|p2b: Raichu\n|-damage|p2b: Raichu|0 fnt\n|faint|p2b: Raichu\n|move|p2a: Milotic|Scald|p1b: Kommo-o\n|-resisted|p1b: Kommo-o|1\n|-damage|p1b: Kommo-o|81/100\n|-status|p1b: Kommo-o|brn\n|\n|-heal|p1b: Kommo-o|87/100 brn|[from] item: Leftovers\n|-damage|p1b: Kommo-o|81/100 brn|[from] brn\n|upkeep\n|\n|t:|1776312770\n|switch|p2b: Scizor|Scizor, L50, M|100/100\n|turn|4\n|\n|t:|1776312787\n|detailschange|p2b: Scizor|Scizor-Mega, L50, M\n|-mega|p2b: Scizor|Scizor|Scizorite\n|move|p1b: Kommo-o|Protect|p1b: Kommo-o\n|-singleturn|p1b: Kommo-o|Protect\n|move|p2a: Milotic|Icy Wind|p1a: Aegislash|[spread] p1a\n|-activate|p1b: Kommo-o|move: Protect\n|-resisted|p1a: Aegislash|1\n|-damage|p1a: Aegislash|84/100\n|-unboost|p1a: Aegislash|spe|1\n|move|p2b: Scizor|Swords Dance|p2b: Scizor\n|-boost|p2b: Scizor|atk|2\n|move|p1a: Aegislash|Iron Head|p2a: Milotic\n|-resisted|p2a: Milotic|1\n|-damage|p2a: Milotic|53/100\n|\n|-heal|p1b: Kommo-o|87/100 brn|[from] item: Leftovers\n|-damage|p1b: Kommo-o|81/100 brn|[from] brn\n|upkeep\n|turn|5\n|inactive|lloni has 30 seconds left.\n|\n|t:|1776312813\n|switch|p1b: Sinistcha|Sinistcha, L50|100/100\n|-heal|p1a: Aegislash|100/100|[from] ability: Hospitality|[of] p1b: Sinistcha\n|move|p2b: Scizor|Bullet Punch|p1b: Sinistcha\n|-damage|p1b: Sinistcha|41/100\n|move|p2a: Milotic|Icy Wind|p1a: Aegislash|[spread] p1a,p1b\n|-resisted|p1a: Aegislash|1\n|-supereffective|p1b: Sinistcha|1\n|-damage|p1a: Aegislash|88/100\n|-damage|p1b: Sinistcha|13/100\n|-unboost|p1a: Aegislash|spe|1\n|-unboost|p1b: Sinistcha|spe|1\n|move|p1a: Aegislash|Iron Head|p2a: Milotic\n|-resisted|p2a: Milotic|1\n|-damage|p2a: Milotic|2/100\n|\n|upkeep\n|turn|6\n|inactive|lloni has 30 seconds left.\n|inactive|lloni has 20 seconds left.\n|inactive|lloni has 15 seconds left.\n|\n|t:|1776312853\n|move|p2a: Milotic|Protect|p2a: Milotic\n|-singleturn|p2a: Milotic|Protect\n|move|p2b: Scizor|Bullet Punch|p1b: Sinistcha\n|-damage|p1b: Sinistcha|0 fnt\n|faint|p1b: Sinistcha\n|move|p1a: Aegislash|Shadow Sneak|p2a: Milotic\n|-activate|p2a: Milotic|move: Protect\n|\n|upkeep\n|\n|t:|1776312861\n|switch|p1b: Lopunny|Lopunny-Mega, L50, M|33/100 brn\n|turn|7\n|\n|t:|1776312878\n|move|p1b: Lopunny|Fake Out|p2b: Scizor\n|-resisted|p2b: Scizor|1\n|-damage|p2b: Scizor|97/100\n|cant|p2b: Scizor|flinch\n|move|p2a: Milotic|Recover|p2a: Milotic\n|-heal|p2a: Milotic|52/100\n|move|p1a: Aegislash|Iron Head|p2a: Milotic\n|-resisted|p2a: Milotic|1\n|-damage|p2a: Milotic|2/100\n|\n|-damage|p1b: Lopunny|27/100 brn|[from] brn\n|upkeep\n|turn|8\n|\n|t:|1776312896\n|-formechange|p1a: Aegislash|Aegislash|\n|move|p1a: Aegislash|King's Shield|p1a: Aegislash\n|-singleturn|p1a: Aegislash|Protect\n|move|p2b: Scizor|Bullet Punch|p1b: Lopunny\n|-damage|p1b: Lopunny|0 fnt\n|faint|p1b: Lopunny\n|move|p2a: Milotic|Recover|p2a: Milotic\n|-heal|p2a: Milotic|52/100\n|\n|upkeep\n|\n|t:|1776312902\n|switch|p1b: Kommo-o|Kommo-o, L50, F|81/100 brn\n|turn|9\n|\n|t:|1776312927\n|move|p2b: Scizor|Bullet Punch|p1b: Kommo-o\n|-damage|p1b: Kommo-o|0 fnt\n|faint|p1b: Kommo-o\n|move|p2a: Milotic|Icy Wind|p1a: Aegislash\n|-resisted|p1a: Aegislash|1\n|-damage|p1a: Aegislash|81/100\n|-unboost|p1a: Aegislash|spe|1\n|move|p1a: Aegislash|Swords Dance|p1a: Aegislash\n|-boost|p1a: Aegislash|atk|2\n|\n|upkeep\n|turn|10\n|\n|t:|1776312945\n|move|p2b: Scizor|Bullet Punch|p1a: Aegislash\n|-resisted|p1a: Aegislash|1\n|-damage|p1a: Aegislash|52/100\n|move|p2a: Milotic|Scald|p1a: Aegislash\n|-damage|p1a: Aegislash|21/100\n|-formechange|p1a: Aegislash|Aegislash-Blade|\n|move|p1a: Aegislash|Iron Head|p2a: Milotic\n|-resisted|p2a: Milotic|1\n|-damage|p2a: Milotic|0 fnt\n|faint|p2a: Milotic\n|\n|upkeep\n|\n|t:|1776312956\n|switch|p2a: Ninetales|Ninetales, L50, M|100/100\n|-weather|SunnyDay|[from] ability: Drought|[of] p2a: Ninetales\n|turn|11\n|\n|t:|1776312963\n|move|p2b: Scizor|Bullet Punch|p1a: Aegislash\n|-resisted|p1a: Aegislash|1\n|-damage|p1a: Aegislash|0 fnt\n|faint|p1a: Aegislash\n|\n|win|colfox\n|raw|lloni's rating: 1263 &rarr; <strong>1236</strong><br />(-27 for losing)\n|raw|colfox's rating: 1232 &rarr; <strong>1259</strong><br />(+27 for winning)\n|l|\u2606lloni\n|player|p1|\n",
  "uploadtime": 1776312971,
  "views": 45,
  "formatid": "gen9championsvgc2026regma",
  "rating": 1236,
  "private": 0,
  "password": null
}