{
  "id": "gen9championsvgc2026regma-2587001838",
  "format": "[Gen 9 Champions] VGC 2026 Reg M-A",
  "players": [
    "Where Is My Router",
    "Alerenz"
  ],
  "log": "|j|\u2606Where Is My Router\n|j|\u2606Alerenz\n|t:|1776480038\n|gametype|doubles\n|player|p1|Where Is My Router|giovanni|1102\n|player|p2|Alerenz|102|1130\n|gen|9\n|tier|[Gen 9 Champions] VGC 2026 Reg M-A\n|rated|\n|rule|Species Clause: Limit one of each Pok\u00e9mon\n|rule|Item Clause: Limit 1 of each item\n|clearpoke\n|poke|p1|Golurk, L50|\n|poke|p1|Mimikyu, L50, F|\n|poke|p1|Basculegion, L50, M|\n|poke|p1|Spiritomb, L50, F|\n|poke|p1|Sinistcha-Masterpiece, L50|\n|poke|p1|Zoroark-Hisui, L50, M|\n|poke|p2|Araquanid, L50, F|\n|poke|p2|Toxicroak, L50, M|\n|poke|p2|Farigiraf, L50, F|\n|poke|p2|Sinistcha, L50|\n|poke|p2|Blastoise, L50, F|\n|poke|p2|Incineroar, L50, F|\n|teampreview|4\n|\n|t:|1776480049\n|teamsize|p1|4\n|teamsize|p2|4\n|start\n|switch|p1a: Atlas|Golurk, L50|100/100\n|switch|p1b: Brewdew|Sinistcha-Masterpiece, L50|100/100\n|switch|p2a: Blastoise|Blastoise, L50, F|100/100\n|switch|p2b: Farigiraf|Farigiraf, L50, F|100/100\n|turn|1\n|\n|t:|1776480066\n|detailschange|p2a: Blastoise|Blastoise-Mega, L50, F\n|-mega|p2a: Blastoise|Blastoise|Blastoisinite\n|move|p1a: Atlas|Hyper Voice|p2b: Farigiraf|[spread] p2a,p2b\n|-damage|p2a: Blastoise|73/100\n|-damage|p2b: Farigiraf|67/100\n|move|p2a: Blastoise|Dark Pulse|p1a: Atlas\n|-supereffective|p1a: Atlas|1\n|-enditem|p1a: Atlas|Focus Sash\n|-damage|p1a: Atlas|1/100\n|replace|p1a: Jasper|Zoroark-Hisui, L50, M\n|-end|p1a: Jasper|Illusion\n|move|p1b: Brewdew|Trick Room|p1b: Brewdew\n|-fieldstart|move: Trick Room|[of] p1b: Brewdew\n|move|p2b: Farigiraf|Trick Room|p2b: Farigiraf\n|-fieldend|move: Trick Room\n|\n|upkeep\n|turn|2\n|\n|t:|1776480091\n|move|p1a: Jasper|Protect|p1a: Jasper\n|-singleturn|p1a: Jasper|Protect\n|move|p2a: Blastoise|Dark Pulse|p1b: Brewdew\n|-supereffective|p1b: Brewdew|1\n|-damage|p1b: Brewdew|0 fnt\n|faint|p1b: Brewdew\n|move|p2b: Farigiraf|Trick Room|p2b: Farigiraf\n|-fieldstart|move: Trick Room|[of] p2b: Farigiraf\n|\n|upkeep\n|\n|t:|1776480101\n|switch|p1b: Atlas|Golurk, L50|100/100\n|turn|3\n|\n|t:|1776480114\n|detailschange|p1b: Atlas|Golurk-Mega, L50\n|-mega|p1b: Atlas|Golurk|Golurkite\n|move|p2b: Farigiraf|Nasty Plot|p2b: Farigiraf\n|-boost|p2b: Farigiraf|spa|2\n|move|p1b: Atlas|Headlong Rush|p2a: Blastoise\n|-damage|p2a: Blastoise|9/100\n|-unboost|p1b: Atlas|def|1\n|-unboost|p1b: Atlas|spd|1\n|move|p2a: Blastoise|Water Spout|p1a: Jasper|[spread] p1a,p1b\n|-supereffective|p1b: Atlas|1\n|-damage|p1a: Jasper|0 fnt\n|-damage|p1b: Atlas|87/100\n|faint|p1a: Jasper\n|\n|upkeep\n|\n|t:|1776480129\n|switch|p1a: Karonte|Basculegion, L50, M|100/100\n|turn|4\n|-activate|p1a: Karonte|item: Quick Claw\n|\n|t:|1776480138\n|move|p1a: Karonte|Wave Crash|p2b: Farigiraf\n|-damage|p2b: Farigiraf|0 fnt\n|faint|p2b: Farigiraf\n|-damage|p1a: Karonte|78/100|[from] Recoil\n|move|p1b: Atlas|Close Combat|p2a: Blastoise\n|-damage|p2a: Blastoise|0 fnt\n|-unboost|p1b: Atlas|def|1\n|-unboost|p1b: Atlas|spd|1\n|faint|p2a: Blastoise\n|\n|upkeep\n|\n|t:|1776480152\n|switch|p2b: Toxicroak|Toxicroak, L50, M|100/100\n|switch|p2a: Araquanid|Araquanid, L50, F|100/100\n|turn|5\n|-activate|p1a: Karonte|item: Quick Claw\n|\n|t:|1776480174\n|move|p1a: Karonte|Last Respects|p2a: Araquanid\n|-damage|p2a: Araquanid|0 fnt\n|faint|p2a: Araquanid\n|move|p1b: Atlas|Headlong Rush|p2b: Toxicroak\n|-supereffective|p2b: Toxicroak|1\n|-enditem|p2b: Toxicroak|Focus Sash\n|-damage|p2b: Toxicroak|1/100\n|-unboost|p1b: Atlas|def|1\n|-unboost|p1b: Atlas|spd|1\n|move|p2b: Toxicroak|Poison Jab|p1a: Karonte\n|-resisted|p1a: Karonte|1\n|-damage|p1a: Karonte|58/100\n|-status|p1a: Karonte|psn\n|\n|-damage|p1a: Karonte|45/100 psn|[from] psn\n|upkeep\n|turn|6\n|-activate|p1a: Karonte|item: Quick Claw\n|\n|t:|1776480195\n|move|p1a: Karonte|Last Respects|p2b: Toxicroak\n|-damage|p2b: Toxicroak|0 fnt\n|faint|p2b: Toxicroak\n|\n|win|Where Is My Router\n|raw|Where Is My Router's rating: 1102 &rarr; <strong>1129</strong><br />(+27 for winning)\n|raw|Alerenz's rating: 1130 &rarr; <strong>1103</strong><br />(-27 for losing)\n|c|\u2606Where Is My Router|Gg\n|c|\u2606Where Is My Router|I have no idea on how did I get 3 consecutive quick claw boosts\n",
  "uploadtime": 1776480240,
  "views": 36,
  "formatid": "gen9championsvgc2026regma",
  "rating": 1103,
  "private": 0,
  "password": null
}