{
  "id": "gen9championsvgc2026regma-2581503508",
  "format": "[Gen 9 Champions] VGC 2026 Reg M-A",
  "players": [
    "Afr1995",
    "ivansx"
  ],
  "log": "|j|\u2606Afr1995\n|j|\u2606ivansx\n|t:|1776006393\n|gametype|doubles\n|player|p1|Afr1995|2|1110\n|player|p2|ivansx|alder|1045\n|gen|9\n|tier|[Gen 9 Champions] VGC 2026 Reg M-A\n|rated|\n|rule|Species Clause: Limit one of each Pok\u00e9mon\n|rule|Item Clause: Limit 1 of each item\n|clearpoke\n|poke|p1|Sneasler, L50, F|\n|poke|p1|Golurk, L50|\n|poke|p1|Incineroar, L50, F|\n|poke|p1|Milotic, L50, M|\n|poke|p1|Farigiraf, L50, F|\n|poke|p1|Garganacl, L50, F|\n|poke|p2|Incineroar, L50, M|\n|poke|p2|Farigiraf, L50, M|\n|poke|p2|Torkoal, L50, M|\n|poke|p2|Sinistcha, L50|\n|poke|p2|Gardevoir, L50, F|\n|poke|p2|Garganacl, L50, F|\n|teampreview|4\n|\n|t:|1776006426\n|teamsize|p1|4\n|teamsize|p2|4\n|start\n|switch|p1a: Milotic|Milotic, L50, M|100/100\n|switch|p1b: Sneasler|Sneasler, L50, F|100/100\n|switch|p2a: Incineroar|Incineroar, L50, M, shiny|100/100\n|switch|p2b: Farigiraf|Farigiraf, L50, M|100/100\n|-ability|p2a: Incineroar|Intimidate|boost\n|-unboost|p1a: Milotic|atk|1\n|-ability|p1a: Milotic|Competitive|boost\n|-boost|p1a: Milotic|spa|2\n|-unboost|p1b: Sneasler|atk|1\n|turn|1\n|inactive|Battle timer is ON: inactive players will automatically lose when time's up. (requested by Afr1995)\n|\n|t:|1776006449\n|switch|p1b: Farigiraf|Farigiraf, L50, F|100/100\n|move|p2a: Incineroar|Fake Out||[still]\n|cant|p1b: Farigiraf|ability: Armor Tail|Fake Out|[of] p2a: Incineroar\n|move|p1a: Milotic|Scald|p2a: Incineroar\n|-supereffective|p2a: Incineroar|1\n|-damage|p2a: Incineroar|0 fnt\n|faint|p2a: Incineroar\n|move|p2b: Farigiraf|Trick Room|p2b: Farigiraf\n|-fieldstart|move: Trick Room|[of] p2b: Farigiraf\n|\n|upkeep\n|\n|t:|1776006460\n|switch|p2a: Sinistcha|Sinistcha, L50|100/100\n|turn|2\n|\n|t:|1776006471\n|move|p1a: Milotic|Protect|p1a: Milotic\n|-singleturn|p1a: Milotic|Protect\n|move|p1b: Farigiraf|Psychic|p2a: Sinistcha\n|-damage|p2a: Sinistcha|58/100\n|move|p2b: Farigiraf|Hyper Voice|p1b: Farigiraf|[spread] p1b\n|-activate|p1a: Milotic|move: Protect\n|-damage|p1b: Farigiraf|68/100\n|move|p2a: Sinistcha|Matcha Gotcha|p1b: Farigiraf|[spread] p1b\n|-activate|p1a: Milotic|move: Protect\n|-damage|p1b: Farigiraf|43/100\n|-heal|p2a: Sinistcha|74/100|[from] drain|[of] p1b: Farigiraf\n|\n|upkeep\n|turn|3\n|inactive|Afr1995 has 30 seconds left.\n|inactive|ivansx has 30 seconds left.\n|\n|t:|1776006504\n|move|p2b: Farigiraf|Hyper Voice|p1b: Farigiraf|[spread] p1a,p1b\n|-damage|p1a: Milotic|79/100\n|-damage|p1b: Farigiraf|7/100\n|move|p1b: Farigiraf|Hyper Voice|p2a: Sinistcha|[spread] p2b\n|-immune|p2a: Sinistcha\n|-damage|p2b: Farigiraf|66/100\n|-heal|p1b: Farigiraf|11/100|[from] item: Shell Bell|[of] p2b: Farigiraf\n|move|p1a: Milotic|Ice Beam|p2a: Sinistcha\n|-supereffective|p2a: Sinistcha|1\n|-damage|p2a: Sinistcha|0 fnt\n|faint|p2a: Sinistcha\n|\n|upkeep\n|\n|t:|1776006515\n|switch|p2a: Gardevoir|Gardevoir, L50, F, shiny|100/100\n|-ability|p2a: Gardevoir|Armor Tail|Trace|[from] ability: Trace|[of] p1b: Farigiraf\n|turn|4\n|\n|t:|1776006537\n|detailschange|p2a: Gardevoir|Gardevoir-Mega, L50, F, shiny\n|-mega|p2a: Gardevoir|Gardevoir|Gardevoirite\n|move|p1b: Farigiraf|Hyper Voice|p2a: Gardevoir|[spread] p2a,p2b\n|-damage|p2a: Gardevoir|75/100\n|-damage|p2b: Farigiraf|37/100\n|-heal|p1b: Farigiraf|17/100|[from] item: Shell Bell|[of] p2b: Farigiraf\n|move|p2b: Farigiraf|Psychic|p1a: Milotic\n|-damage|p1a: Milotic|49/100\n|-enditem|p1a: Milotic|Sitrus Berry|[eat]\n|-heal|p1a: Milotic|73/100|[from] item: Sitrus Berry\n|move|p1a: Milotic|Scald|p2a: Gardevoir\n|-damage|p2a: Gardevoir|15/100\n|move|p2a: Gardevoir|Hyper Voice|p1b: Farigiraf|[spread] p1a,p1b\n|-damage|p1a: Milotic|38/100\n|-damage|p1b: Farigiraf|0 fnt\n|faint|p1b: Farigiraf\n|\n|upkeep\n|\n|t:|1776006560\n|switch|p1b: Golurk|Golurk, L50|100/100\n|turn|5\n|\n|t:|1776006579\n|detailschange|p1b: Golurk|Golurk-Mega, L50\n|-mega|p1b: Golurk|Golurk|Golurkite\n|move|p2a: Gardevoir|Protect|p2a: Gardevoir\n|-singleturn|p2a: Gardevoir|Protect\n|move|p1b: Golurk|Drain Punch|p2b: Farigiraf\n|-damage|p2b: Farigiraf|6/100\n|move|p2b: Farigiraf|Psychic|p1a: Milotic\n|-damage|p1a: Milotic|8/100\n|move|p1a: Milotic|Scald|p2b: Farigiraf\n|-damage|p2b: Farigiraf|0 fnt\n|faint|p2b: Farigiraf\n|\n|-fieldend|move: Trick Room\n|upkeep\n|turn|6\n|\n|t:|1776006599\n|move|p2a: Gardevoir|Hyper Voice|p1b: Golurk|[spread] p1a,p1b\n|-damage|p1a: Milotic|0 fnt\n|-damage|p1b: Golurk|53/100\n|faint|p1a: Milotic\n|move|p1b: Golurk|Poltergeist|p2a: Gardevoir|[miss]\n|-miss|p1b: Golurk|p2a: Gardevoir\n|\n|upkeep\n|\n|t:|1776006607\n|switch|p1a: Sneasler|Sneasler, L50, F|100/100\n|turn|7\n|\n|t:|1776006618\n|move|p2a: Gardevoir|Protect|p2a: Gardevoir\n|-singleturn|p2a: Gardevoir|Protect\n|move|p1a: Sneasler|Fake Out|p2a: Gardevoir\n|-activate|p2a: Gardevoir|move: Protect\n|move|p1b: Golurk|High Horsepower|p2a: Gardevoir|[miss]\n|-miss|p1b: Golurk|p2a: Gardevoir\n|\n|upkeep\n|turn|8\n|\n|t:|1776006630\n|move|p1a: Sneasler|Dire Claw|p2a: Gardevoir\n|-supereffective|p2a: Gardevoir|1\n|-damage|p2a: Gardevoir|0 fnt\n|faint|p2a: Gardevoir\n|\n|win|Afr1995\n|raw|Afr1995's rating: 1110 &rarr; <strong>1130</strong><br />(+20 for winning)\n|raw|ivansx's rating: 1045 &rarr; <strong>1031</strong><br />(-14 for losing)\n|l|\u2606ivansx\n|player|p2|\n",
  "uploadtime": 1776006636,
  "views": 16,
  "formatid": "gen9championsvgc2026regma",
  "rating": 1031,
  "private": 0,
  "password": null
}