{
  "id": "gen9championsvgc2026regma-2586645930",
  "format": "[Gen 9 Champions] VGC 2026 Reg M-A",
  "players": [
    "bcidhieg",
    "1OO Gecquas"
  ],
  "log": "|j|\u2606bcidhieg\n|j|\u203d1OO Gecquas\n|t:|1776449133\n|gametype|doubles\n|player|p1|bcidhieg|169|1000\n|player|p2|1OO Gecquas|dahlia|1021\n|gen|9\n|tier|[Gen 9 Champions] VGC 2026 Reg M-A\n|rated|\n|rule|Species Clause: Limit one of each Pok\u00e9mon\n|rule|Item Clause: Limit 1 of each item\n|clearpoke\n|poke|p1|Quaquaval, L50, F|\n|poke|p1|Krookodile, L50, F|\n|poke|p1|Arcanine-Hisui, L50, M|\n|poke|p1|Gyarados, L50, F|\n|poke|p1|Tauros-Paldea-Aqua, L50, M|\n|poke|p1|Scizor, L50, M|\n|poke|p2|Scovillain, L50, M|\n|poke|p2|Gyarados, L50, M|\n|poke|p2|Dragapult, L50, M|\n|poke|p2|Corviknight, L50, F|\n|poke|p2|Rotom-Wash, L50|\n|poke|p2|Mamoswine, L50, F|\n|teampreview|4\n|inactive|Battle timer is ON: inactive players will automatically lose when time's up. (requested by bcidhieg)\n|\n|t:|1776449147\n|teamsize|p1|4\n|teamsize|p2|4\n|start\n|switch|p1a: Tauros|Tauros-Paldea-Aqua, L50, M|100/100\n|switch|p1b: Krookodile|Krookodile, L50, F|100/100\n|switch|p2a: Scovillain|Scovillain, L50, M|100/100\n|switch|p2b: Dragapult|Dragapult, L50, M|100/100\n|-ability|p1a: Tauros|Intimidate|boost\n|-unboost|p2a: Scovillain|atk|1\n|-fail|p2b: Dragapult|unboost|[from] ability: Clear Body|[of] p2b: Dragapult\n|turn|1\n|\n|t:|1776449172\n|move|p2a: Scovillain|Protect|p2a: Scovillain\n|-singleturn|p2a: Scovillain|Protect\n|move|p1b: Krookodile|Knock Off|p2b: Dragapult\n|-supereffective|p2b: Dragapult|1\n|-damage|p2b: Dragapult|0 fnt\n|-enditem|p2b: Dragapult|Dragon Fang|[from] move: Knock Off|[of] p1b: Krookodile\n|faint|p2b: Dragapult\n|-ability|p1b: Krookodile|Moxie|boost\n|-boost|p1b: Krookodile|atk|1\n|move|p1a: Tauros|Bulk Up|p1a: Tauros\n|-boost|p1a: Tauros|atk|1\n|-boost|p1a: Tauros|def|1\n|\n|-ability|p2a: Scovillain|Moody|boost\n|-boost|p2a: Scovillain|atk|2\n|-unboost|p2a: Scovillain|spd|1\n|upkeep\n|inactive|1OO Gecquas has 30 seconds left.\n|\n|t:|1776449201\n|switch|p2b: Rotom|Rotom-Wash, L50, shiny|100/100\n|turn|2\n|\n|t:|1776449217\n|detailschange|p2a: Scovillain|Scovillain-Mega, L50, M\n|-mega|p2a: Scovillain|Scovillain|Scovillainite\n|move|p1b: Krookodile|Knock Off|p2b: Rotom\n|-damage|p2b: Rotom|15/100\n|-enditem|p2b: Rotom|Rindo Berry|[from] move: Knock Off|[of] p1b: Krookodile\n|move|p1a: Tauros|Liquidation|p2a: Scovillain\n|-damage|p2a: Scovillain|41/100\n|-status|p1a: Tauros|brn|[from] ability: Spicy Spray|[of] p2a: Scovillain\n|move|p2b: Rotom|Electroweb|p1a: Tauros|[spread] p1a\n|-immune|p1b: Krookodile\n|-supereffective|p1a: Tauros|1\n|-enditem|p1a: Tauros|Wacan Berry|[eat]\n|-enditem|p1a: Tauros|Wacan Berry|[weaken]\n|-damage|p1a: Tauros|80/100 brn\n|-unboost|p1a: Tauros|spe|1\n|move|p2a: Scovillain|Leech Seed|p1b: Krookodile\n|-start|p1b: Krookodile|move: Leech Seed\n|\n|-damage|p1b: Krookodile|88/100|[from] Leech Seed|[of] p2a: Scovillain\n|-heal|p2a: Scovillain|54/100|[silent]\n|-damage|p1a: Tauros|74/100 brn|[from] brn\n|upkeep\n|turn|3\n|\n|t:|1776449241\n|move|p2a: Scovillain|Protect|p2a: Scovillain\n|-singleturn|p2a: Scovillain|Protect\n|move|p1b: Krookodile|Knock Off|p2a: Scovillain\n|-activate|p2a: Scovillain|move: Protect\n|move|p2b: Rotom|Will-O-Wisp|p1b: Krookodile\n|-status|p1b: Krookodile|brn\n|move|p1a: Tauros|Liquidation|p2b: Rotom\n|-resisted|p2b: Rotom|1\n|-damage|p2b: Rotom|0 fnt\n|faint|p2b: Rotom\n|\n|-damage|p1b: Krookodile|76/100 brn|[from] Leech Seed|[of] p2a: Scovillain\n|-heal|p2a: Scovillain|67/100|[silent]\n|-damage|p1b: Krookodile|70/100 brn|[from] brn\n|-damage|p1a: Tauros|68/100 brn|[from] brn\n|upkeep\n|\n|t:|1776449255\n|switch|p2b: Corviknight|Corviknight, L50, F|100/100\n|turn|4\n|\n|t:|1776449263\n|switch|p1b: Arcanine|Arcanine-Hisui, L50, M|100/100\n|switch|p1a: Gyarados|Gyarados, L50, F|100/100\n|move|p2a: Scovillain|Leech Seed|p1a: Gyarados\n|-start|p1a: Gyarados|move: Leech Seed\n|move|p2b: Corviknight|Body Press|p1b: Arcanine\n|-supereffective|p1b: Arcanine|1\n|-crit|p1b: Arcanine\n|-damage|p1b: Arcanine|10/100\n|\n|-damage|p1a: Gyarados|88/100|[from] Leech Seed|[of] p2a: Scovillain\n|-heal|p2a: Scovillain|80/100|[silent]\n|upkeep\n|turn|5\n|\n|t:|1776449280\n|detailschange|p1a: Gyarados|Gyarados-Mega, L50, F\n|-mega|p1a: Gyarados|Gyarados|Gyaradosite\n|-ability|p1a: Gyarados|Mold Breaker\n|move|p1b: Arcanine|Flare Blitz|p2b: Corviknight\n|-supereffective|p2b: Corviknight|1\n|-damage|p2b: Corviknight|0 fnt\n|faint|p2b: Corviknight\n|move|p1a: Gyarados|Waterfall|p2a: Scovillain\n|-damage|p2a: Scovillain|17/100\n|-status|p1a: Gyarados|brn|[from] ability: Spicy Spray|[of] p2a: Scovillain\n|move|p2a: Scovillain|Leech Seed|p1b: Arcanine\n|-start|p1b: Arcanine|move: Leech Seed\n|\n|-damage|p1b: Arcanine|0 fnt|[from] Leech Seed|[of] p2a: Scovillain\n|-heal|p2a: Scovillain|27/100|[silent]\n|faint|p1b: Arcanine\n|-damage|p1a: Gyarados|76/100 brn|[from] Leech Seed|[of] p2a: Scovillain\n|-heal|p2a: Scovillain|40/100|[silent]\n|-damage|p1a: Gyarados|70/100 brn|[from] brn\n|upkeep\n|\n|t:|1776449283\n|switch|p1b: Krookodile|Krookodile, L50, F|70/100 brn\n|turn|6\n|\n|t:|1776449299\n|move|p2a: Scovillain|Protect|p2a: Scovillain\n|-singleturn|p2a: Scovillain|Protect\n|move|p1b: Krookodile|Gunk Shot|p2a: Scovillain\n|-activate|p2a: Scovillain|move: Protect\n|move|p1a: Gyarados|Waterfall|p2a: Scovillain\n|-activate|p2a: Scovillain|move: Protect\n|\n|-damage|p1a: Gyarados|58/100 brn|[from] Leech Seed|[of] p2a: Scovillain\n|-heal|p2a: Scovillain|53/100|[silent]\n|-damage|p1b: Krookodile|64/100 brn|[from] brn\n|-damage|p1a: Gyarados|52/100 brn|[from] brn\n|upkeep\n|turn|7\n|\n|t:|1776449312\n|move|p1b: Krookodile|Gunk Shot|p2a: Scovillain\n|-supereffective|p2a: Scovillain|1\n|-damage|p2a: Scovillain|4/100\n|-status|p2a: Scovillain|psn\n|move|p1a: Gyarados|Waterfall|p2a: Scovillain\n|-damage|p2a: Scovillain|0 fnt\n|faint|p2a: Scovillain\n|\n|win|bcidhieg\n|raw|bcidhieg's rating: 1000 &rarr; <strong>1042</strong><br />(+42 for winning)\n|raw|1OO Gecquas's rating: 1021 &rarr; <strong>1007</strong><br />(-14 for losing)\n",
  "uploadtime": 1776449315,
  "views": 32,
  "formatid": "gen9championsvgc2026regma",
  "rating": 1007,
  "private": 0,
  "password": null
}