{
  "id": "gen9championsvgc2026regma-2581467790",
  "format": "[Gen 9 Champions] VGC 2026 Reg M-A",
  "players": [
    "pokemoncatfeesh",
    "hydreigon_chelas"
  ],
  "log": "|j|\u2606pokemoncatfeesh\n|j|\u2606hydreigon_chelas\n|t:|1776003269\n|gametype|doubles\n|player|p1|pokemoncatfeesh|hilbert-wonderlauncher|1063\n|player|p2|hydreigon_chelas|iris-gen5bw2|1119\n|gen|9\n|tier|[Gen 9 Champions] VGC 2026 Reg M-A\n|rated|\n|rule|Species Clause: Limit one of each Pok\u00e9mon\n|rule|Item Clause: Limit 1 of each item\n|clearpoke\n|poke|p1|Banette, L50, F|\n|poke|p1|Tsareena, L50, F|\n|poke|p1|Salazzle, L50, F|\n|poke|p1|Araquanid, L50, M|\n|poke|p1|Incineroar, L50, M|\n|poke|p1|Steelix, L50, M|\n|poke|p2|Floette-Eternal, L50, F|\n|poke|p2|Excadrill, L50, M|\n|poke|p2|Tyranitar, L50, M|\n|poke|p2|Incineroar, L50, F|\n|poke|p2|Sinistcha, L50|\n|poke|p2|Gyarados, L50, F|\n|teampreview|4\n|\n|t:|1776003296\n|teamsize|p1|4\n|teamsize|p2|4\n|start\n|switch|p1a: Pace-eter|Banette, L50, F|100/100\n|switch|p1b: Araquanid|Araquanid, L50, M|100/100\n|switch|p2a: Floette|Floette-Eternal, L50, F|100/100\n|switch|p2b: Incineroar|Incineroar, L50, F|100/100\n|-ability|p2b: Incineroar|Intimidate|boost\n|-unboost|p1a: Pace-eter|atk|1\n|-unboost|p1b: Araquanid|atk|1\n|-enditem|p1b: Araquanid|White Herb\n|-clearnegativeboost|p1b: Araquanid|[silent]\n|turn|1\n|\n|t:|1776003315\n|switch|p1a: Steelix|Steelix, L50, M|100/100\n|detailschange|p2a: Floette|Floette-Mega, L50, F\n|-mega|p2a: Floette|Floette|Floettite\n|-ability|p2a: Floette|Fairy Aura\n|move|p2b: Incineroar|Fake Out|p1b: Araquanid\n|-damage|p1b: Araquanid|86/100\n|move|p2a: Floette|Calm Mind|p2a: Floette\n|-boost|p2a: Floette|spa|1\n|-boost|p2a: Floette|spd|1\n|cant|p1b: Araquanid|flinch\n|\n|upkeep\n|turn|2\n|\n|t:|1776003329\n|switch|p2b: Gyarados|Gyarados, L50, F, shiny|100/100\n|-ability|p2b: Gyarados|Intimidate|boost\n|-unboost|p1a: Steelix|atk|1\n|-unboost|p1b: Araquanid|atk|1\n|detailschange|p1a: Steelix|Steelix-Mega, L50, M\n|-mega|p1a: Steelix|Steelix|Steelixite\n|move|p2a: Floette|Protect|p2a: Floette\n|-singleturn|p2a: Floette|Protect\n|move|p1b: Araquanid|Liquidation|p2b: Gyarados\n|-resisted|p2b: Gyarados|1\n|-damage|p2b: Gyarados|81/100\n|move|p1a: Steelix|Gyro Ball|p2a: Floette\n|-activate|p2a: Floette|move: Protect\n|\n|-heal|p2b: Gyarados|87/100|[from] item: Leftovers\n|upkeep\n|turn|3\n|\n|t:|1776003377\n|switch|p2a: Incineroar|Incineroar, L50, F|100/100\n|-ability|p2a: Incineroar|Intimidate|boost\n|-unboost|p1a: Steelix|atk|1\n|-unboost|p1b: Araquanid|atk|1\n|switch|p1b: John VGC|Incineroar, L50, M|100/100\n|-ability|p1b: John VGC|Intimidate|boost\n|-unboost|p2a: Incineroar|atk|1\n|-unboost|p2b: Gyarados|atk|1\n|move|p2b: Gyarados|Thunder Wave|p1b: John VGC\n|-status|p1b: John VGC|par\n|move|p1a: Steelix|Gyro Ball|p2a: Incineroar\n|-resisted|p2a: Incineroar|1\n|-damage|p2a: Incineroar|96/100\n|\n|-heal|p2b: Gyarados|93/100|[from] item: Leftovers\n|upkeep\n|turn|4\n|\n|t:|1776003404\n|switch|p1a: Araquanid|Araquanid, L50, M|86/100\n|cant|p1b: John VGC|par\n|move|p2b: Gyarados|Taunt|p1b: John VGC\n|-start|p1b: John VGC|move: Taunt\n|move|p2a: Incineroar|Parting Shot|p1a: Araquanid\n|-unboost|p1a: Araquanid|atk|1\n|-unboost|p1a: Araquanid|spa|1\n|\n|t:|1776003414\n|switch|p2a: Floette|Floette-Mega, L50, F|100/100|[from] Parting Shot\n|-ability|p2a: Floette|Fairy Aura\n|\n|-heal|p2b: Gyarados|99/100|[from] item: Leftovers\n|upkeep\n|turn|5\n|\n|t:|1776003450\n|switch|p2a: Incineroar|Incineroar, L50, F|96/100\n|-ability|p2a: Incineroar|Intimidate|boost\n|-unboost|p1a: Araquanid|atk|1\n|-unboost|p1b: John VGC|atk|1\n|switch|p1a: Pace-eter|Banette, L50, F|100/100\n|switch|p1b: Steelix|Steelix-Mega, L50, M|100/100\n|move|p2b: Gyarados|Waterfall|p1b: Steelix\n|-supereffective|p1b: Steelix|1\n|-damage|p1b: Steelix|80/100\n|\n|-heal|p2b: Gyarados|100/100|[from] item: Leftovers\n|upkeep\n|turn|6\n|\n|t:|1776003480\n|move|p2b: Gyarados|Taunt|p1a: Pace-eter\n|-start|p1a: Pace-eter|move: Taunt\n|move|p2a: Incineroar|Parting Shot|p1b: Steelix\n|-unboost|p1b: Steelix|atk|1\n|-unboost|p1b: Steelix|spa|1\n|\n|t:|1776003484\n|switch|p2a: Sinistcha|Sinistcha, L50|100/100|[from] Parting Shot\n|move|p1b: Steelix|Gyro Ball|p2a: Sinistcha\n|-damage|p2a: Sinistcha|90/100\n|cant|p1a: Pace-eter|move: Taunt|Trick Room\n|\n|upkeep\n|turn|7\n|c|\u2606pokemoncatfeesh|This is gonna be a long one, isnt it?\n|\n|t:|1776003537\n|switch|p2a: Incineroar|Incineroar, L50, F|96/100\n|-ability|p2a: Incineroar|Intimidate|boost\n|-unboost|p1a: Pace-eter|atk|1\n|-unboost|p1b: Steelix|atk|1\n|move|p2b: Gyarados|Waterfall|p1b: Steelix\n|-supereffective|p1b: Steelix|1\n|-damage|p1b: Steelix|59/100\n|move|p1a: Pace-eter|Poltergeist|p2a: Incineroar\n|-activate|p2a: Incineroar|move: Poltergeist|Sitrus Berry\n|-resisted|p2a: Incineroar|1\n|-damage|p2a: Incineroar|83/100\n|move|p1b: Steelix|Body Press|p2b: Gyarados\n|-resisted|p2b: Gyarados|1\n|-damage|p2b: Gyarados|83/100\n|\n|-heal|p2b: Gyarados|89/100|[from] item: Leftovers\n|upkeep\n|turn|8\n|c|\u2606hydreigon_chelas|yes\n|\n|t:|1776003592\n|switch|p1a: Araquanid|Araquanid, L50, M|86/100\n|move|p2b: Gyarados|Taunt|p1b: Steelix\n|-start|p1b: Steelix|move: Taunt\n|move|p2a: Incineroar|Will-O-Wisp|p1a: Araquanid\n|-immune|p1a: Araquanid|[from] ability: Water Bubble\n|cant|p1b: Steelix|move: Taunt|Rest\n|\n|-heal|p2b: Gyarados|95/100|[from] item: Leftovers\n|upkeep\n|turn|9\n|\n|t:|1776003618\n|switch|p2a: Sinistcha|Sinistcha, L50|90/100\n|-heal|p2b: Gyarados|100/100|[from] ability: Hospitality|[of] p2a: Sinistcha\n|switch|p1b: Pace-eter|Banette, L50, F|100/100\n|move|p2b: Gyarados|Thunder Wave|p1a: Araquanid|[miss]\n|-miss|p2b: Gyarados|p1a: Araquanid\n|move|p1a: Araquanid|Liquidation|p2a: Sinistcha\n|-resisted|p2a: Sinistcha|1\n|-damage|p2a: Sinistcha|67/100\n|-unboost|p2a: Sinistcha|def|1\n|\n|upkeep\n|turn|10\n|\n|t:|1776003647\n|move|p2b: Gyarados|Thunder Wave|p1b: Pace-eter\n|-status|p1b: Pace-eter|par\n|move|p1a: Araquanid|Leech Life|p2a: Sinistcha\n|-damage|p2a: Sinistcha|36/100\n|-heal|p1a: Araquanid|100/100|[from] drain|[of] p2a: Sinistcha\n|move|p2a: Sinistcha|Strength Sap|p1a: Araquanid\n|-unboost|p1a: Araquanid|atk|1\n|-heal|p2a: Sinistcha|100/100\n|move|p1b: Pace-eter|Trick Room|p1b: Pace-eter\n|-fieldstart|move: Trick Room|[of] p1b: Pace-eter\n|\n|upkeep\n|turn|11\n|\n|t:|1776003686\n|switch|p2a: Incineroar|Incineroar, L50, F|83/100\n|-ability|p2a: Incineroar|Intimidate|boost\n|-unboost|p1a: Araquanid|atk|1\n|-unboost|p1b: Pace-eter|atk|1\n|switch|p1a: Steelix|Steelix-Mega, L50, M|59/100\n|move|p1b: Pace-eter|Poltergeist|p2a: Incineroar\n|-activate|p2a: Incineroar|move: Poltergeist|Sitrus Berry\n|-resisted|p2a: Incineroar|1\n|-damage|p2a: Incineroar|70/100\n|move|p2b: Gyarados|Thunder Wave|p1a: Steelix\n|-immune|p1a: Steelix\n|\n|upkeep\n|turn|12\n|\n|t:|1776003727\n|switch|p1b: John VGC|Incineroar, L50, M|100/100 par\n|-ability|p1b: John VGC|Intimidate|boost\n|-unboost|p2a: Incineroar|atk|1\n|-unboost|p2b: Gyarados|atk|1\n|switch|p2a: Sinistcha|Sinistcha, L50|100/100\n|move|p1a: Steelix|Rest|p1a: Steelix\n|-status|p1a: Steelix|slp|[from] move: Rest\n|-heal|p1a: Steelix|100/100 slp|[silent]\n|move|p2b: Gyarados|Waterfall|p1a: Steelix\n|-supereffective|p1a: Steelix|1\n|-damage|p1a: Steelix|84/100 slp\n|\n|upkeep\n|turn|13\n|c|\u2606hydreigon_chelas|And how was your day?\n|\n|t:|1776003771\n|switch|p2a: Incineroar|Incineroar, L50, F|70/100\n|-ability|p2a: Incineroar|Intimidate|boost\n|-unboost|p1a: Steelix|atk|1\n|-unboost|p1b: John VGC|atk|1\n|move|p1b: John VGC|Flare Blitz|p2a: Incineroar\n|-resisted|p2a: Incineroar|1\n|-damage|p2a: Incineroar|55/100\n|-damage|p1b: John VGC|95/100 par|[from] Recoil\n|cant|p1a: Steelix|slp\n|move|p2b: Gyarados|Waterfall|p1b: John VGC\n|-supereffective|p1b: John VGC|1\n|-damage|p1b: John VGC|63/100 par\n|\n|upkeep\n|turn|14\n|\n|t:|1776003797\n|switch|p2b: Sinistcha|Sinistcha, L50|100/100\n|-heal|p2a: Incineroar|80/100|[from] ability: Hospitality|[of] p2b: Sinistcha\n|move|p1b: John VGC|Parting Shot|p2a: Incineroar\n|-unboost|p2a: Incineroar|atk|1\n|-unboost|p2a: Incineroar|spa|1\n|\n|t:|1776003807\n|switch|p1b: Pace-eter|Banette, L50, F|100/100 par|[from] Parting Shot\n|cant|p1a: Steelix|slp\n|move|p2a: Incineroar|Parting Shot|p1b: Pace-eter\n|-unboost|p1b: Pace-eter|atk|1\n|-unboost|p1b: Pace-eter|spa|1\n|\n|t:|1776003819\n|switch|p2a: Gyarados|Gyarados, L50, F, shiny|100/100|[from] Parting Shot\n|-ability|p2a: Gyarados|Intimidate|boost\n|-unboost|p1a: Steelix|atk|1\n|-unboost|p1b: Pace-eter|atk|1\n|\n|-fieldend|move: Trick Room\n|upkeep\n|turn|15\n|c|\u2606pokemoncatfeesh|Oh mines been ok.\n|\n|t:|1776003866\n|switch|p2b: Incineroar|Incineroar, L50, F|80/100\n|-ability|p2b: Incineroar|Intimidate|boost\n|-unboost|p1a: Steelix|atk|1\n|-unboost|p1b: Pace-eter|atk|1\n|switch|p1a: John VGC|Incineroar, L50, M|63/100 par\n|-ability|p1a: John VGC|Intimidate|boost\n|-unboost|p2a: Gyarados|atk|1\n|-unboost|p2b: Incineroar|atk|1\n|move|p2a: Gyarados|Waterfall|p1a: John VGC\n|-supereffective|p1a: John VGC|1\n|-damage|p1a: John VGC|23/100 par\n|-enditem|p1a: John VGC|Sitrus Berry|[eat]\n|-heal|p1a: John VGC|48/100 par|[from] item: Sitrus Berry\n|move|p1b: Pace-eter|Poltergeist|p2b: Incineroar|[miss]\n|-miss|p1b: Pace-eter|p2b: Incineroar\n|\n|upkeep\n|turn|16\n|\n|t:|1776003898\n|switch|p1b: Araquanid|Araquanid, L50, M|100/100\n|move|p2b: Incineroar|Fake Out|p1a: John VGC\n|-damage|p1a: John VGC|41/100 par\n|cant|p1a: John VGC|flinch\n|move|p2a: Gyarados|Waterfall|p1a: John VGC\n|-supereffective|p1a: John VGC|1\n|-damage|p1a: John VGC|0 fnt\n|faint|p1a: John VGC\n|\n|upkeep\n|\n|t:|1776003913\n|switch|p1a: Steelix|Steelix-Mega, L50, M|84/100 slp\n|turn|17\n|c|\u2606hydreigon_chelas|I'm glad to hear that\n|\n|t:|1776003950\n|move|p2a: Gyarados|Thunder Wave|p1b: Araquanid\n|-status|p1b: Araquanid|par\n|move|p2b: Incineroar|Parting Shot|p1b: Araquanid\n|-unboost|p1b: Araquanid|atk|1\n|-unboost|p1b: Araquanid|spa|1\n|\n|t:|1776003954\n|switch|p2b: Sinistcha|Sinistcha, L50|100/100|[from] Parting Shot\n|-curestatus|p1a: Steelix|slp|[msg]\n|move|p1a: Steelix|Body Press|p2b: Sinistcha\n|-immune|p2b: Sinistcha\n|cant|p1b: Araquanid|par\n|\n|upkeep\n|turn|18\n|\n|t:|1776003977\n|move|p2a: Gyarados|Waterfall|p1a: Steelix\n|-supereffective|p1a: Steelix|1\n|-damage|p1a: Steelix|63/100\n|move|p2b: Sinistcha|Strength Sap|p1a: Steelix\n|-unboost|p1a: Steelix|atk|1\n|move|p1a: Steelix|Body Press|p2a: Gyarados\n|-resisted|p2a: Gyarados|1\n|-damage|p2a: Gyarados|81/100\n|move|p1b: Araquanid|Liquidation|p2b: Sinistcha\n|-resisted|p2b: Sinistcha|1\n|-damage|p2b: Sinistcha|87/100\n|\n|-heal|p2a: Gyarados|87/100|[from] item: Leftovers\n|upkeep\n|turn|19\n|\n|t:|1776004002\n|switch|p2a: Incineroar|Incineroar, L50, F|80/100\n|-ability|p2a: Incineroar|Intimidate|boost\n|-unboost|p1a: Steelix|atk|1\n|-unboost|p1b: Araquanid|atk|1\n|switch|p1b: Pace-eter|Banette, L50, F|100/100 par\n|move|p2b: Sinistcha|Matcha Gotcha|p1a: Steelix|[spread] p1a,p1b\n|-damage|p1a: Steelix|45/100\n|-heal|p2b: Sinistcha|97/100|[from] drain|[of] p1a: Steelix\n|-damage|p1b: Pace-eter|72/100 par\n|-heal|p2b: Sinistcha|100/100|[from] drain|[of] p1b: Pace-eter\n|move|p1a: Steelix|Rest|p1a: Steelix\n|-status|p1a: Steelix|slp|[from] move: Rest\n|-heal|p1a: Steelix|100/100 slp|[silent]\n|\n|upkeep\n|turn|20\n|\n|t:|1776004024\n|switch|p2b: Gyarados|Gyarados, L50, F, shiny|87/100\n|-ability|p2b: Gyarados|Intimidate|boost\n|-unboost|p1a: Steelix|atk|1\n|-unboost|p1b: Pace-eter|atk|1\n|move|p2a: Incineroar|Parting Shot|p1b: Pace-eter\n|-unboost|p1b: Pace-eter|atk|1\n|-unboost|p1b: Pace-eter|spa|1\n|\n|t:|1776004030\n|switch|p2a: Sinistcha|Sinistcha, L50|100/100|[from] Parting Shot\n|-heal|p2b: Gyarados|100/100|[from] ability: Hospitality|[of] p2a: Sinistcha\n|cant|p1a: Steelix|slp\n|move|p1b: Pace-eter|Poltergeist|p2b: Gyarados\n|-activate|p2b: Gyarados|move: Poltergeist|Leftovers\n|-damage|p2b: Gyarados|81/100\n|\n|-heal|p2b: Gyarados|87/100|[from] item: Leftovers\n|upkeep\n|turn|21\n|c|\u2606pokemoncatfeesh|Maybe get curse on mega steelix? Then i can boost myself mid battle.\n|\n|t:|1776004097\n|switch|p1a: Araquanid|Araquanid, L50, M|100/100 par\n|move|p2b: Gyarados|Waterfall|p1a: Araquanid\n|-resisted|p1a: Araquanid|1\n|-crit|p1a: Araquanid\n|-damage|p1a: Araquanid|72/100 par\n|move|p2a: Sinistcha|Matcha Gotcha|p1b: Pace-eter|[spread] p1a,p1b\n|-damage|p1a: Araquanid|52/100 par\n|-damage|p1b: Pace-eter|47/100 par\n|cant|p1b: Pace-eter|par\n|\n|-heal|p2b: Gyarados|93/100|[from] item: Leftovers\n|upkeep\n|turn|22\n|c|\u2606pokemoncatfeesh|Or is the coverage more worth than moves like curse?\n|c|\u2606pokemoncatfeesh|Maybe iron defense body press set?\n|c|\u2606hydreigon_chelas|It doesn't sound bad, although I prefer iron defense\n|c|\u2606pokemoncatfeesh|Yea and then body press would hit like a truck\n|c|\u2606pokemoncatfeesh|Can you do your turns?\n|\n|t:|1776004257\n|move|p2b: Gyarados|Helping Hand|p2a: Sinistcha\n|-singleturn|p2a: Sinistcha|Helping Hand|[of] p2b: Gyarados\n|move|p2a: Sinistcha|Matcha Gotcha|p1b: Pace-eter|[spread] p1a,p1b\n|-damage|p1a: Araquanid|23/100 par\n|-damage|p1b: Pace-eter|9/100 par\n|move|p1a: Araquanid|Leech Life|p2a: Sinistcha\n|-damage|p2a: Sinistcha|80/100\n|-heal|p1a: Araquanid|34/100 par|[from] drain|[of] p2a: Sinistcha\n|move|p1b: Pace-eter|Sunny Day|p1b: Pace-eter\n|-weather|SunnyDay\n|\n|-weather|SunnyDay|[upkeep]\n|-heal|p2b: Gyarados|99/100|[from] item: Leftovers\n|upkeep\n|turn|23\n|\n|t:|1776004280\n|move|p2b: Gyarados|Helping Hand|p2a: Sinistcha\n|-singleturn|p2a: Sinistcha|Helping Hand|[of] p2b: Gyarados\n|move|p2a: Sinistcha|Matcha Gotcha|p1b: Pace-eter|[spread] p1a,p1b\n|-damage|p1a: Araquanid|4/100 par\n|-heal|p2a: Sinistcha|94/100|[from] drain|[of] p1a: Araquanid\n|-damage|p1b: Pace-eter|0 fnt\n|-heal|p2a: Sinistcha|98/100|[from] drain|[of] p1b: Pace-eter\n|faint|p1b: Pace-eter\n|move|p1a: Araquanid|Leech Life|p2a: Sinistcha\n|-damage|p2a: Sinistcha|78/100\n|-heal|p1a: Araquanid|15/100 par|[from] drain|[of] p2a: Sinistcha\n|\n|-weather|SunnyDay|[upkeep]\n|-heal|p2b: Gyarados|100/100|[from] item: Leftovers\n|upkeep\n|c|\u2606hydreigon_chelas|sorry\n|\n|t:|1776004292\n|switch|p1b: Steelix|Steelix-Mega, L50, M|100/100 slp\n|turn|24\n|\n|t:|1776004310\n|switch|p2b: Incineroar|Incineroar, L50, F|80/100\n|-ability|p2b: Incineroar|Intimidate|boost\n|-unboost|p1a: Araquanid|atk|1\n|-unboost|p1b: Steelix|atk|1\n|move|p1a: Araquanid|Wide Guard|p1a: Araquanid\n|-singleturn|p1a: Araquanid|Wide Guard\n|move|p2a: Sinistcha|Matcha Gotcha|p1b: Steelix|[spread] \n|-activate|p1a: Araquanid|move: Wide Guard\n|-activate|p1b: Steelix|move: Wide Guard\n|cant|p1b: Steelix|slp\n|\n|-weather|SunnyDay|[upkeep]\n|upkeep\n|turn|25\n|\n|t:|1776004332\n|move|p2b: Incineroar|Parting Shot|p1b: Steelix\n|-unboost|p1b: Steelix|atk|1\n|-unboost|p1b: Steelix|spa|1\n|\n|t:|1776004336\n|switch|p2b: Gyarados|Gyarados, L50, F, shiny|100/100|[from] Parting Shot\n|-ability|p2b: Gyarados|Intimidate|boost\n|-unboost|p1a: Araquanid|atk|1\n|-unboost|p1b: Steelix|atk|1\n|move|p2a: Sinistcha|Strength Sap|p1b: Steelix\n|-unboost|p1b: Steelix|atk|1\n|-heal|p2a: Sinistcha|100/100\n|-curestatus|p1b: Steelix|slp|[msg]\n|move|p1b: Steelix|Body Press|p2b: Gyarados\n|-resisted|p2b: Gyarados|1\n|-damage|p2b: Gyarados|81/100\n|move|p1a: Araquanid|Liquidation|p2b: Gyarados\n|-resisted|p2b: Gyarados|1\n|-damage|p2b: Gyarados|73/100\n|-unboost|p2b: Gyarados|def|1\n|\n|-weather|SunnyDay|[upkeep]\n|-heal|p2b: Gyarados|79/100|[from] item: Leftovers\n|upkeep\n|turn|26\n|\n|t:|1776004402\n|move|p2b: Gyarados|Taunt|p1b: Steelix\n|-start|p1b: Steelix|move: Taunt\n|move|p2a: Sinistcha|Matcha Gotcha|p1a: Araquanid|[spread] p1b\n|-miss|p2a: Sinistcha|p1a: Araquanid\n|-damage|p1b: Steelix|82/100\n|move|p1b: Steelix|Body Press|p2b: Gyarados\n|-resisted|p2b: Gyarados|1\n|-damage|p2b: Gyarados|50/100\n|move|p1a: Araquanid|Leech Life|p2a: Sinistcha\n|-damage|p2a: Sinistcha|90/100\n|-heal|p1a: Araquanid|21/100 par|[from] drain|[of] p2a: Sinistcha\n|\n|-weather|none\n|-heal|p2b: Gyarados|56/100|[from] item: Leftovers\n|upkeep\n|turn|27\n|\n|t:|1776004418\n|move|p2b: Gyarados|Taunt|p1a: Araquanid\n|-start|p1a: Araquanid|move: Taunt\n|move|p2a: Sinistcha|Matcha Gotcha|p1b: Steelix|[spread] p1a,p1b\n|-damage|p1a: Araquanid|2/100 par\n|-heal|p2a: Sinistcha|99/100|[from] drain|[of] p1a: Araquanid\n|-damage|p1b: Steelix|65/100\n|-heal|p2a: Sinistcha|100/100|[from] drain|[of] p1b: Steelix\n|move|p1b: Steelix|Body Press|p2b: Gyarados\n|-resisted|p2b: Gyarados|1\n|-damage|p2b: Gyarados|30/100\n|move|p1a: Araquanid|Leech Life|p2a: Sinistcha\n|-damage|p2a: Sinistcha|89/100\n|-heal|p1a: Araquanid|9/100 par|[from] drain|[of] p2a: Sinistcha\n|\n|-heal|p2b: Gyarados|36/100|[from] item: Leftovers\n|upkeep\n|turn|28\n|\n|t:|1776004450\n|move|p2b: Gyarados|Waterfall|p1b: Steelix\n|-supereffective|p1b: Steelix|1\n|-damage|p1b: Steelix|34/100\n|move|p2a: Sinistcha|Matcha Gotcha|p1a: Araquanid|[spread] p1a\n|-miss|p2a: Sinistcha|p1b: Steelix\n|-damage|p1a: Araquanid|0 fnt\n|-heal|p2a: Sinistcha|93/100|[from] drain|[of] p1a: Araquanid\n|faint|p1a: Araquanid\n|move|p1b: Steelix|Body Press|p2b: Gyarados\n|-resisted|p2b: Gyarados|1\n|-damage|p2b: Gyarados|10/100\n|\n|-heal|p2b: Gyarados|16/100|[from] item: Leftovers\n|-end|p1b: Steelix|move: Taunt\n|upkeep\n|turn|29\n|\n|t:|1776004465\n|switch|p2b: Floette|Floette-Mega, L50, F|100/100\n|-ability|p2b: Floette|Fairy Aura\n|move|p2a: Sinistcha|Matcha Gotcha|p1b: Steelix\n|-damage|p1b: Steelix|10/100\n|-heal|p2a: Sinistcha|100/100|[from] drain|[of] p1b: Steelix\n|move|p1b: Steelix|Rest|p1b: Steelix\n|-status|p1b: Steelix|slp|[from] move: Rest\n|-heal|p1b: Steelix|100/100 slp|[silent]\n|\n|upkeep\n|turn|30\n|\n|t:|1776004497\n|switch|p2a: Gyarados|Gyarados, L50, F, shiny|16/100\n|-ability|p2a: Gyarados|Intimidate|boost\n|-unboost|p1b: Steelix|atk|1\n|move|p2b: Floette|Calm Mind|p2b: Floette\n|-boost|p2b: Floette|spa|1\n|-boost|p2b: Floette|spd|1\n|cant|p1b: Steelix|slp\n|\n|-heal|p2a: Gyarados|22/100|[from] item: Leftovers\n|upkeep\n|turn|31\n|\n|t:|1776004508\n|switch|p2a: Incineroar|Incineroar, L50, F|80/100\n|-ability|p2a: Incineroar|Intimidate|boost\n|-unboost|p1b: Steelix|atk|1\n|move|p2b: Floette|Calm Mind|p2b: Floette\n|-boost|p2b: Floette|spa|1\n|-boost|p2b: Floette|spd|1\n|cant|p1b: Steelix|slp\n|\n|upkeep\n|turn|32\n|\n|t:|1776004525\n|move|p2a: Incineroar|Fake Out|p1b: Steelix\n|-resisted|p1b: Steelix|1\n|-damage|p1b: Steelix|98/100 slp\n|move|p2b: Floette|Moonblast|p1b: Steelix\n|-resisted|p1b: Steelix|1\n|-damage|p1b: Steelix|33/100 slp\n|-unboost|p1b: Steelix|spa|1\n|-curestatus|p1b: Steelix|slp|[msg]\n|cant|p1b: Steelix|flinch\n|\n|upkeep\n|turn|33\n|c|\u2606pokemoncatfeesh|Gg wp\n|c|\u2606hydreigon_chelas|gg\n|\n|t:|1776004538\n|move|p2b: Floette|Moonblast|p1b: Steelix\n|-resisted|p1b: Steelix|1\n|-damage|p1b: Steelix|0 fnt\n|faint|p1b: Steelix\n|\n|win|hydreigon_chelas\n|raw|pokemoncatfeesh's rating: 1063 &rarr; <strong>1047</strong><br />(-16 for losing)\n|raw|hydreigon_chelas's rating: 1119 &rarr; <strong>1140</strong><br />(+21 for winning)\n",
  "uploadtime": 1776004546,
  "views": 15,
  "formatid": "gen9championsvgc2026regma",
  "rating": 1047,
  "private": 0,
  "password": null
}