{
  "id": "gen9championsvgc2026regma-2587364154",
  "format": "[Gen 9 Champions] VGC 2026 Reg M-A",
  "players": [
    "PokeSanti03",
    "tganemalohajajaja"
  ],
  "log": "|j|\u2606PokeSanti03\n|j|\u2606tganemalohajajaja\n|t:|1776525579\n|gametype|doubles\n|player|p1|PokeSanti03|102|1106\n|player|p2|tganemalohajajaja|101|1046\n|gen|9\n|tier|[Gen 9 Champions] VGC 2026 Reg M-A\n|rated|\n|rule|Species Clause: Limit one of each Pok\u00e9mon\n|rule|Item Clause: Limit 1 of each item\n|clearpoke\n|poke|p1|Froslass, L50, F|\n|poke|p1|Basculegion, L50, M|\n|poke|p1|Garchomp, L50, F|\n|poke|p1|Sneasler, L50, M|\n|poke|p1|Kingambit, L50, F|\n|poke|p1|Rotom-Wash, L50|\n|poke|p2|Rotom-Heat, L50, shiny|\n|poke|p2|Garchomp, L50, F|\n|poke|p2|Vaporeon, L50, F, shiny|\n|poke|p2|Greninja, L50, M|\n|poke|p2|Tyranitar, L50, M|\n|poke|p2|Espathra, L50, F|\n|teampreview|4\ntganemalohajajaja rejected open team sheets.\n|c|\u2606tganemalohajajaja|daleeeeeeeeee\n|c|\u2606tganemalohajajaja|q pensas pete\n|c|\u2606tganemalohajajaja|si t voy a ganar\n|\n|t:|1776525685\n|teamsize|p1|4\n|teamsize|p2|4\n|start\n|switch|p1a: Froslass|Froslass, L50, F|100/100\n|switch|p1b: Garchomp|Garchomp, L50, F|100/100\n|switch|p2a: Espathra|Espathra, L50, F|100/100\n|switch|p2b: Tyranitar|Tyranitar, L50, M|100/100\n|-weather|Sandstorm|[from] ability: Sand Stream|[of] p2b: Tyranitar\n|turn|1\n|c|\u2606PokeSanti03|si tienes prisa activa timer\n|\n|t:|1776525723\n|move|p1a: Froslass|Protect|p1a: Froslass\n|-singleturn|p1a: Froslass|Protect\n|move|p1b: Garchomp|Earthquake|p2b: Tyranitar|[spread] p2a,p2b\n|-activate|p1a: Froslass|move: Protect\n|-supereffective|p2b: Tyranitar|1\n|-crit|p2b: Tyranitar\n|-damage|p2a: Espathra|56/100\n|-damage|p2b: Tyranitar|13/100\n|move|p2a: Espathra|Calm Mind|p2a: Espathra\n|-boost|p2a: Espathra|spa|1\n|-boost|p2a: Espathra|spd|1\n|move|p2b: Tyranitar|Knock Off|p1a: Froslass\n|-activate|p1a: Froslass|move: Protect\n|\n|-weather|Sandstorm|[upkeep]\n|-damage|p1a: Froslass|94/100|[from] Sandstorm\n|-damage|p2a: Espathra|50/100|[from] Sandstorm\n|-ability|p2a: Espathra|Speed Boost|boost\n|-boost|p2a: Espathra|spe|1\n|upkeep\n|turn|2\n|\n|t:|1776525772\n|detailschange|p1a: Froslass|Froslass-Mega, L50, F\n|-mega|p1a: Froslass|Froslass|Froslassite\n|-weather|Snowscape|[from] ability: Snow Warning|[of] p1a: Froslass\n|move|p2a: Espathra|Protect|p2a: Espathra\n|-singleturn|p2a: Espathra|Protect\n|move|p1a: Froslass|Shadow Ball|p2a: Espathra\n|-activate|p2a: Espathra|move: Protect\n|move|p1b: Garchomp|Earthquake|p2b: Tyranitar|[spread] p1a,p2b\n|-activate|p2a: Espathra|move: Protect\n|-supereffective|p2b: Tyranitar|1\n|-damage|p1a: Froslass|54/100\n|-damage|p2b: Tyranitar|0 fnt\n|faint|p2b: Tyranitar\n|\n|-weather|Snowscape|[upkeep]\n|-ability|p2a: Espathra|Speed Boost|boost\n|-boost|p2a: Espathra|spe|1\n|upkeep\n|\n|t:|1776525787\n|switch|p2b: Vaporeon|Vaporeon, L50, F, shiny|100/100\n|turn|3\n|\n|t:|1776525837\n|move|p1b: Garchomp|Protect|p1b: Garchomp\n|-singleturn|p1b: Garchomp|Protect\n|move|p2b: Vaporeon|Protect|p2b: Vaporeon\n|-singleturn|p2b: Vaporeon|Protect\n|move|p2a: Espathra|Baton Pass|p2a: Espathra\n|\n|t:|1776525843\n|switch|p2a: Greninja|Greninja, L50, M|100/100|[from] Baton Pass\n|move|p1a: Froslass|Shadow Ball|p2a: Greninja\n|-resisted|p2a: Greninja|1\n|-damage|p2a: Greninja|77/100\n|\n|-weather|Snowscape|[upkeep]\n|upkeep\n|turn|4\n|\n|t:|1776525878\n|detailschange|p2a: Greninja|Greninja-Mega, L50, M\n|-mega|p2a: Greninja|Greninja|Greninjite\n|move|p1a: Froslass|Protect|p1a: Froslass\n|-singleturn|p1a: Froslass|Protect\n|move|p2a: Greninja|Ice Beam|p1b: Garchomp\n|-start|p2a: Greninja|typechange|Ice|[from] ability: Protean\n|-supereffective|p1b: Garchomp|2\n|-damage|p1b: Garchomp|0 fnt\n|faint|p1b: Garchomp\n|move|p2b: Vaporeon|Acid Armor|p2b: Vaporeon\n|-boost|p2b: Vaporeon|def|2\n|\n|-weather|Snowscape|[upkeep]\n|upkeep\n|\n|t:|1776525895\n|switch|p1b: Kingambit|Kingambit, L50, F|100/100\n|turn|5\n|\n|t:|1776525947\n|move|p2a: Greninja|Dark Pulse|p1a: Froslass\n|-supereffective|p1a: Froslass|1\n|-damage|p1a: Froslass|0 fnt\n|faint|p1a: Froslass\n|move|p2b: Vaporeon|Scald|p1b: Kingambit\n|-damage|p1b: Kingambit|63/100\n|move|p1b: Kingambit|Iron Head|p2a: Greninja\n|-supereffective|p2a: Greninja|1\n|-damage|p2a: Greninja|0 fnt\n|faint|p2a: Greninja\n|\n|-weather|Snowscape|[upkeep]\n|upkeep\n|\n|t:|1776525958\n|switch|p2a: Espathra|Espathra, L50, F|50/100\n|switch|p1a: Basculegion|Basculegion, L50, M|100/100\n|turn|6\n|\n|t:|1776525977\n|move|p1a: Basculegion|Last Respects|p2b: Vaporeon\n|-damage|p2b: Vaporeon|53/100\n|move|p2a: Espathra|Calm Mind|p2a: Espathra\n|-boost|p2a: Espathra|spa|1\n|-boost|p2a: Espathra|spd|1\n|move|p2b: Vaporeon|Scald|p1b: Kingambit\n|-damage|p1b: Kingambit|25/100\n|-status|p1b: Kingambit|brn\n|move|p1b: Kingambit|Kowtow Cleave|p2a: Espathra\n|-supereffective|p2a: Espathra|1\n|-damage|p2a: Espathra|0 fnt\n|faint|p2a: Espathra\n|\n|-weather|none\n|-heal|p2b: Vaporeon|59/100|[from] item: Leftovers\n|-damage|p1b: Kingambit|19/100 brn|[from] brn\n|upkeep\n|turn|7\n|\n|t:|1776526000\n|move|p2b: Vaporeon|Protect|p2b: Vaporeon\n|-singleturn|p2b: Vaporeon|Protect\n|move|p1b: Kingambit|Sucker Punch||[still]\n|-fail|p1b: Kingambit\n|move|p1a: Basculegion|Last Respects|p2b: Vaporeon\n|-activate|p2b: Vaporeon|move: Protect\n|\n|-heal|p2b: Vaporeon|65/100|[from] item: Leftovers\n|-damage|p1b: Kingambit|14/100 brn|[from] brn\n|upkeep\n|turn|8\n|\n|t:|1776526015\n|move|p1b: Kingambit|Sucker Punch|p2b: Vaporeon\n|-damage|p2b: Vaporeon|52/100\n|move|p1a: Basculegion|Last Respects|p2b: Vaporeon\n|-damage|p2b: Vaporeon|1/100\n|move|p2b: Vaporeon|Alluring Voice|p1a: Basculegion\n|-damage|p1a: Basculegion|71/100\n|\n|-heal|p2b: Vaporeon|7/100|[from] item: Leftovers\n|-damage|p1b: Kingambit|8/100 brn|[from] brn\n|upkeep\n|turn|9\n|\n|t:|1776526027\n|move|p2b: Vaporeon|Protect|p2b: Vaporeon\n|-singleturn|p2b: Vaporeon|Protect\n|move|p1b: Kingambit|Sucker Punch||[still]\n|-fail|p1b: Kingambit\n|move|p1a: Basculegion|Last Respects|p2b: Vaporeon\n|-activate|p2b: Vaporeon|move: Protect\n|\n|-heal|p2b: Vaporeon|13/100|[from] item: Leftovers\n|-damage|p1b: Kingambit|2/100 brn|[from] brn\n|upkeep\n|turn|10\n|\n|t:|1776526038\n|move|p1b: Kingambit|Sucker Punch|p2b: Vaporeon\n|-damage|p2b: Vaporeon|1/100\n|move|p1a: Basculegion|Last Respects|p2b: Vaporeon\n|-damage|p2b: Vaporeon|0 fnt\n|faint|p2b: Vaporeon\n|\n|win|PokeSanti03\n|raw|PokeSanti03's rating: 1106 &rarr; <strong>1127</strong><br />(+21 for winning)\n|raw|tganemalohajajaja's rating: 1046 &rarr; <strong>1032</strong><br />(-14 for losing)\n|l|\u2606tganemalohajajaja\n|player|p2|\n",
  "uploadtime": 1776526056,
  "views": 16,
  "formatid": "gen9championsvgc2026regma",
  "rating": 1032,
  "private": 0,
  "password": null
}