{
  "id": "gen9championsvgc2026regma-2587049009",
  "format": "[Gen 9 Champions] VGC 2026 Reg M-A",
  "players": [
    "AzureChuck",
    "Tolias"
  ],
  "log": "|j|\u2606AzureChuck\n|j|\u2606Tolias\n|t:|1776486717\n|gametype|doubles\n|player|p1|AzureChuck|101|1008\n|player|p2|Tolias|brycen|1000\n|gen|9\n|tier|[Gen 9 Champions] VGC 2026 Reg M-A\n|rated|\n|rule|Species Clause: Limit one of each Pok\u00e9mon\n|rule|Item Clause: Limit 1 of each item\n|clearpoke\n|poke|p1|Gengar, L50, F|\n|poke|p1|Heliolisk, L50, M|\n|poke|p1|Maushold-Four, L50|\n|poke|p1|Corviknight, L50, M|\n|poke|p1|Whimsicott, L50, M|\n|poke|p1|Pelipper, L50, F|\n|poke|p2|Milotic, L50, F|\n|poke|p2|Raichu, L50, M|\n|poke|p2|Politoed, L50, M, shiny|\n|poke|p2|Meganium, L50, F|\n|poke|p2|Archaludon, L50, M, shiny|\n|poke|p2|Azumarill, L50, F|\n|teampreview|4\n|inactive|Battle timer is ON: inactive players will automatically lose when time's up. (requested by AzureChuck)\n|inactive|AzureChuck has 60 seconds left.\n|inactive|Tolias has 60 seconds left.\n|\n|t:|1776486768\n|teamsize|p1|4\n|teamsize|p2|4\n|start\n|switch|p1a: The Intel|Heliolisk, L50, M|100/100\n|switch|p1b: The Control|Whimsicott, L50, M|100/100\n|switch|p2a: silly|Politoed, L50, M, shiny|100/100\n|switch|p2b: Meganium|Meganium, L50, F|100/100\n|-weather|RainDance|[from] ability: Drizzle|[of] p2a: silly\n|turn|1\n|\n|t:|1776486786\n|switch|p2b: Raichu|Raichu, L50, M|100/100\n|move|p1b: The Control|Tailwind|p1b: The Control\n|-sidestart|p1: AzureChuck|move: Tailwind\n|move|p1a: The Intel|Electroweb|p2b: Raichu|[spread] p2a\n|-ability|p2b: Raichu|Lightning Rod|boost\n|-boost|p2b: Raichu|spa|1\n|-supereffective|p2a: silly|1\n|-damage|p2a: silly|67/100\n|-unboost|p2a: silly|spe|1\n|move|p2a: silly|Whirlpool|p1b: The Control\n|-resisted|p1b: The Control|1\n|-damage|p1b: The Control|86/100\n|-activate|p1b: The Control|move: Whirlpool|[of] p2a: silly\n|\n|-weather|RainDance|[upkeep]\n|-damage|p1b: The Control|73/100|[from] move: Whirlpool|[partiallytrapped]\n|upkeep\n|turn|2\n|inactive|AzureChuck has 30 seconds left.\n|\n|t:|1776486814\n|move|p2b: Raichu|Fake Out|p1a: The Intel\n|-damage|p1a: The Intel|76/100\n|move|p1b: The Control|Moonblast|p2a: silly\n|-damage|p2a: silly|36/100\n|cant|p1a: The Intel|flinch\n|move|p2a: silly|Whirlpool|p1a: The Intel\n|-heal|p1a: The Intel|100/100|[from] ability: Dry Skin|[of] p2a: silly\n|\n|-weather|RainDance|[upkeep]\n|-damage|p1b: The Control|61/100|[from] move: Whirlpool|[partiallytrapped]\n|upkeep\n|turn|3\n|\n|t:|1776486838\n|switch|p2a: Archaludon|Archaludon, L50, M, shiny|100/100\n|move|p1b: The Control|Encore|p2b: Raichu\n|-start|p2b: Raichu|Encore\n|move|p2b: Raichu|Fake Out||[still]\n|-hint|Fake Out only works on your first turn out.\n|-fail|p2b: Raichu\n|move|p1a: The Intel|Surf|p2b: Raichu|[spread] p1b,p2a,p2b\n|-resisted|p1b: The Control|1\n|-resisted|p2a: Archaludon|1\n|-damage|p1b: The Control|33/100\n|-damage|p2a: Archaludon|75/100\n|-damage|p2b: Raichu|51/100\n|-ability|p2a: Archaludon|Stamina|boost\n|-boost|p2a: Archaludon|def|1\n|\n|-weather|RainDance|[upkeep]\n|-end|p1b: The Control|Whirlpool|[partiallytrapped]|[silent]\n|upkeep\n|turn|4\n|inactive|Tolias has 30 seconds left.\n|\n|t:|1776486864\n|switch|p2b: Meganium|Meganium, L50, F|100/100\n|move|p1b: The Control|Moonblast|p2b: Meganium\n|-damage|p2b: Meganium|58/100\n|move|p1a: The Intel|Shed Tail|p1a: The Intel\n|-start|p1a: The Intel|Substitute|[from] move: Shed Tail\n|-damage|p1a: The Intel|50/100\n|-enditem|p1a: The Intel|Sitrus Berry|[eat]\n|-heal|p1a: The Intel|75/100|[from] item: Sitrus Berry\n|\n|t:|1776486874\n|switch|p1a: Him.|Gengar, L50, F|100/100|[from] Shed Tail\n|move|p2a: Archaludon|Electro Shot||[still]\n|-prepare|p2a: Archaludon|Electro Shot\n|-boost|p2a: Archaludon|spa|1\n|-anim|p2a: Archaludon|Electro Shot|p1b: The Control\n|-resisted|p1b: The Control|1\n|-damage|p1b: The Control|0 fnt\n|faint|p1b: The Control\n|\n|-weather|RainDance|[upkeep]\n|-sideend|p1: AzureChuck|move: Tailwind\n|upkeep\n|\n|t:|1776486888\n|switch|p1b: The Redirector|Maushold-Four, L50|100/100\n|turn|5\n|\n|t:|1776486909\n|detailschange|p1a: Him.|Gengar-Mega, L50, F\n|-mega|p1a: Him.|Gengar|Gengarite\n|detailschange|p2b: Meganium|Meganium-Mega, L50, F\n|-mega|p2b: Meganium|Meganium|Meganiumite\n|move|p2a: Archaludon|Protect|p2a: Archaludon\n|-singleturn|p2a: Archaludon|Protect\n|move|p1a: Him.|Icy Wind|p2b: Meganium|[spread] p2b\n|-activate|p2a: Archaludon|move: Protect\n|-supereffective|p2b: Meganium|1\n|-damage|p2b: Meganium|22/100\n|-unboost|p2b: Meganium|spe|1\n|move|p1b: The Redirector|Super Fang|p2a: Archaludon\n|-activate|p2a: Archaludon|move: Protect\n|move|p2b: Meganium|Giga Drain|p1b: The Redirector\n|-damage|p1b: The Redirector|52/100\n|-heal|p2b: Meganium|50/100|[from] drain|[of] p1b: The Redirector\n|\n|-weather|none\n|upkeep\n|turn|6\n|inactive|AzureChuck has 30 seconds left.\n|inactive|Tolias has 30 seconds left.\n|\n|t:|1776486942\n|move|p1b: The Redirector|Helping Hand|p1a: Him.\n|-singleturn|p1a: Him.|Helping Hand|[of] p1b: The Redirector\n|move|p1a: Him.|Shadow Ball|p2a: Archaludon\n|-damage|p2a: Archaludon|0 fnt\n|faint|p2a: Archaludon\n|move|p2b: Meganium|Weather Ball|p1a: Him.\n|-end|p1a: Him.|Substitute\n|\n|upkeep\n|\n|t:|1776486961\n|switch|p2a: silly|Politoed, L50, M, shiny|36/100\n|-weather|RainDance|[from] ability: Drizzle|[of] p2a: silly\n|turn|7\n|\n|t:|1776486971\n|move|p1b: The Redirector|Follow Me|p1b: The Redirector\n|-singleturn|p1b: The Redirector|move: Follow Me\n|move|p1a: Him.|Sludge Bomb|p2b: Meganium\n|-supereffective|p2b: Meganium|2\n|-damage|p2b: Meganium|0 fnt\n|faint|p2b: Meganium\n|move|p2a: silly|Earth Power|p1b: The Redirector\n|-damage|p1b: The Redirector|29/100\n|\n|-weather|RainDance|[upkeep]\n|upkeep\n|\n|t:|1776486973\n|switch|p2b: Raichu|Raichu, L50, M|51/100\n|turn|8\n|inactive|AzureChuck has 30 seconds left.\n|\n|t:|1776486998\n|move|p1b: The Redirector|Protect|p1b: The Redirector\n|-singleturn|p1b: The Redirector|Protect\n|move|p1a: Him.|Icy Wind|p2b: Raichu|[spread] p2a,p2b\n|-resisted|p2a: silly|1\n|-damage|p2a: silly|29/100\n|-damage|p2b: Raichu|23/100\n|-unboost|p2a: silly|spe|1\n|-unboost|p2b: Raichu|spe|1\n|move|p2b: Raichu|Volt Tackle|p1b: The Redirector\n|-activate|p1b: The Redirector|move: Protect\n|move|p2a: silly|Earth Power|p1b: The Redirector\n|-activate|p1b: The Redirector|move: Protect\n|\n|-weather|RainDance|[upkeep]\n|upkeep\n|turn|9\n|\n|t:|1776487016\n|move|p1b: The Redirector|Follow Me|p1b: The Redirector\n|-singleturn|p1b: The Redirector|move: Follow Me\n|move|p1a: Him.|Icy Wind|p2a: silly|[spread] p2a,p2b\n|-resisted|p2a: silly|1\n|-damage|p2a: silly|21/100\n|-damage|p2b: Raichu|0 fnt\n|-unboost|p2a: silly|spe|1\n|faint|p2b: Raichu\n|move|p2a: silly|Ice Beam|p1b: The Redirector\n|-damage|p1b: The Redirector|7/100\n|\n|-weather|RainDance|[upkeep]\n|upkeep\n|turn|10\n|-message|Tolias forfeited.\n|\n|win|AzureChuck\n|raw|AzureChuck's rating: 1008 &rarr; <strong>1046</strong><br />(+38 for winning)\n|raw|Tolias's rating: 1000 &rarr; <strong>1000</strong><br />(+0 for losing)\n|l|\u2606Tolias\n|player|p2|\n",
  "uploadtime": 1776487031,
  "views": 15,
  "formatid": "gen9championsvgc2026regma",
  "rating": 1000,
  "private": 0,
  "password": null
}