{
  "id": "gen9championsvgc2026regma-2582658349",
  "format": "[Gen 9 Champions] VGC 2026 Reg M-A",
  "players": [
    "tindall64",
    "themuggla"
  ],
  "log": "|j|\u2606tindall64\n|j|\u2606themuggla\n|t:|1776105463\n|gametype|doubles\n|player|p1|tindall64|concordia|1275\n|player|p2|themuggla|argenta|1338\n|gen|9\n|tier|[Gen 9 Champions] VGC 2026 Reg M-A\n|rated|\n|rule|Species Clause: Limit one of each Pok\u00e9mon\n|rule|Item Clause: Limit 1 of each item\n|clearpoke\n|poke|p1|Aerodactyl, L50, M|\n|poke|p1|Garchomp, L50, F|\n|poke|p1|Tyranitar, L50, F|\n|poke|p1|Heliolisk, L50, F|\n|poke|p1|Corviknight, L50, M|\n|poke|p1|Sinistcha-Masterpiece, L50|\n|poke|p2|Milotic, L50, F|\n|poke|p2|Kingambit, L50, F|\n|poke|p2|Floette-Eternal, L50, F|\n|poke|p2|Aerodactyl, L50, F|\n|poke|p2|Arcanine, L50, F|\n|poke|p2|Abomasnow, L50, F|\n|teampreview|4\n|inactive|Battle timer is ON: inactive players will automatically lose when time's up. (requested by themuggla)\n|\n|t:|1776105506\n|teamsize|p1|4\n|teamsize|p2|4\n|start\n|switch|p1a: Aerodactyl|Aerodactyl, L50, M|100/100\n|switch|p1b: Corviknight|Corviknight, L50, M|100/100\n|switch|p2a: Aerodactyl|Aerodactyl, L50, F|100/100\n|switch|p2b: Milotic|Milotic, L50, F|100/100\n|-ability|p1a: Aerodactyl|Unnerve\n|-ability|p2a: Aerodactyl|Unnerve\n|turn|1\n|\n|t:|1776105517\n|move|p1a: Aerodactyl|Tailwind|p1a: Aerodactyl\n|-sidestart|p1: tindall64|move: Tailwind\n|move|p2a: Aerodactyl|Tailwind|p2a: Aerodactyl\n|-sidestart|p2: themuggla|move: Tailwind\n|move|p2b: Milotic|Muddy Water|p1a: Aerodactyl|[spread] p1a,p1b\n|-supereffective|p1a: Aerodactyl|1\n|-enditem|p1a: Aerodactyl|Focus Sash\n|-damage|p1a: Aerodactyl|1/100\n|-damage|p1b: Corviknight|69/100\n|-unboost|p1a: Aerodactyl|accuracy|1\n|move|p1b: Corviknight|Iron Defense|p1b: Corviknight\n|-boost|p1b: Corviknight|def|2\n|\n|-heal|p1b: Corviknight|75/100|[from] item: Leftovers\n|upkeep\n|turn|2\n|inactive|tindall64 has 30 seconds left.\n|\n|t:|1776105549\n|move|p1a: Aerodactyl|Rock Slide|p2b: Milotic|[spread] p2b\n|-miss|p1a: Aerodactyl|p2a: Aerodactyl\n|-crit|p2b: Milotic\n|-damage|p2b: Milotic|62/100\n|move|p2a: Aerodactyl|Rock Slide|p1a: Aerodactyl|[spread] p1a,p1b\n|-supereffective|p1a: Aerodactyl|1\n|-damage|p1a: Aerodactyl|0 fnt\n|-damage|p1b: Corviknight|65/100\n|faint|p1a: Aerodactyl\n|cant|p2b: Milotic|flinch\n|cant|p1b: Corviknight|flinch\n|\n|-heal|p1b: Corviknight|71/100|[from] item: Leftovers\n|upkeep\n|\n|t:|1776105564\n|switch|p1a: Sinistcha|Sinistcha-Masterpiece, L50|100/100\n|-heal|p1b: Corviknight|96/100|[from] ability: Hospitality|[of] p1a: Sinistcha\n|turn|3\n|\n|t:|1776105577\n|move|p2a: Aerodactyl|Rock Slide|p1b: Corviknight|[spread] p1a,p1b\n|-crit|p1a: Sinistcha\n|-crit|p1b: Corviknight\n|-damage|p1a: Sinistcha|63/100\n|-damage|p1b: Corviknight|69/100\n|move|p2b: Milotic|Ice Beam|p1a: Sinistcha\n|-supereffective|p1a: Sinistcha|1\n|-damage|p1a: Sinistcha|12/100\n|move|p1a: Sinistcha|Matcha Gotcha|p2a: Aerodactyl|[spread] p2a,p2b\n|-supereffective|p2b: Milotic|1\n|-damage|p2a: Aerodactyl|64/100\n|-heal|p1a: Sinistcha|28/100|[from] drain|[of] p2a: Aerodactyl\n|-damage|p2b: Milotic|22/100\n|-heal|p1a: Sinistcha|50/100|[from] drain|[of] p2b: Milotic\n|move|p1b: Corviknight|Body Press|p2a: Aerodactyl\n|-damage|p2a: Aerodactyl|0 fnt\n|-enditem|p1a: Sinistcha|Sitrus Berry|[eat]\n|-heal|p1a: Sinistcha|75/100|[from] item: Sitrus Berry\n|faint|p2a: Aerodactyl\n|\n|-heal|p1b: Corviknight|75/100|[from] item: Leftovers\n|upkeep\n|\n|t:|1776105593\n|switch|p2a: Abomasnow|Abomasnow, L50, F|100/100\n|-weather|Snowscape|[from] ability: Snow Warning|[of] p2a: Abomasnow\n|turn|4\n|inactive|tindall64 has 30 seconds left.\n|inactive|tindall64 has 20 seconds left.\n|inactive|tindall64 has 15 seconds left.\n|inactive|tindall64 has 10 seconds left.\n|\n|t:|1776105642\n|switch|p1a: Tyranitar|Tyranitar, L50, F|100/100\n|-weather|Sandstorm|[from] ability: Sand Stream|[of] p1a: Tyranitar\n|move|p2b: Milotic|Muddy Water|p1b: Corviknight|[spread] p1a,p1b\n|-supereffective|p1a: Tyranitar|1\n|-damage|p1a: Tyranitar|59/100\n|-damage|p1b: Corviknight|48/100\n|-ability|p1b: Corviknight|Mirror Armor\n|-unboost|p2b: Milotic|accuracy|1\n|-ability|p2b: Milotic|Competitive|boost\n|-boost|p2b: Milotic|spa|2\n|move|p1b: Corviknight|Body Press|p2b: Milotic\n|-damage|p2b: Milotic|0 fnt\n|faint|p2b: Milotic\n|move|p2a: Abomasnow|Blizzard|p1a: Tyranitar|[spread] p1b\n|-miss|p2a: Abomasnow|p1a: Tyranitar\n|-damage|p1b: Corviknight|24/100\n|\n|-weather|Sandstorm|[upkeep]\n|-damage|p2a: Abomasnow|94/100|[from] Sandstorm\n|-heal|p1b: Corviknight|30/100|[from] item: Leftovers\n|-sideend|p1: tindall64|move: Tailwind\n|-sideend|p2: themuggla|move: Tailwind\n|upkeep\n|\n|t:|1776105661\n|switch|p2b: Floette|Floette-Eternal, L50, F|100/100\n|turn|5\n|\n|t:|1776105669\n|switch|p1a: Sinistcha|Sinistcha-Masterpiece, L50|75/100\n|-heal|p1b: Corviknight|55/100|[from] ability: Hospitality|[of] p1a: Sinistcha\n|detailschange|p2b: Floette|Floette-Mega, L50, F\n|-mega|p2b: Floette|Floette|Floettite\n|-ability|p2b: Floette|Fairy Aura\n|move|p2b: Floette|Moonblast|p1b: Corviknight\n|-resisted|p1b: Corviknight|1\n|-crit|p1b: Corviknight\n|-damage|p1b: Corviknight|8/100\n|move|p1b: Corviknight|Roost|p1b: Corviknight\n|-heal|p1b: Corviknight|58/100\n|-singleturn|p1b: Corviknight|move: Roost\n|move|p2a: Abomasnow|Wood Hammer|p1a: Sinistcha\n|-resisted|p1a: Sinistcha|1\n|-damage|p1a: Sinistcha|49/100\n|-damage|p2a: Abomasnow|87/100|[from] Recoil\n|\n|-weather|Sandstorm|[upkeep]\n|-damage|p2b: Floette|95/100|[from] Sandstorm\n|-damage|p1a: Sinistcha|43/100|[from] Sandstorm\n|-damage|p2a: Abomasnow|81/100|[from] Sandstorm\n|-heal|p1b: Corviknight|64/100|[from] item: Leftovers\n|upkeep\n|turn|6\n|inactive|tindall64 has 30 seconds left.\n|inactive|themuggla has 30 seconds left.\n|\n|t:|1776105695\n|move|p2b: Floette|Dazzling Gleam|p1a: Sinistcha|[spread] p1a,p1b\n|-resisted|p1b: Corviknight|1\n|-damage|p1a: Sinistcha|0 fnt\n|-damage|p1b: Corviknight|43/100\n|faint|p1a: Sinistcha\n|move|p1b: Corviknight|Body Press|p2a: Abomasnow\n|-supereffective|p2a: Abomasnow|1\n|-damage|p2a: Abomasnow|0 fnt\n|faint|p2a: Abomasnow\n|\n|-weather|Sandstorm|[upkeep]\n|-damage|p2b: Floette|89/100|[from] Sandstorm\n|-heal|p1b: Corviknight|49/100|[from] item: Leftovers\n|upkeep\n|\n|t:|1776105701\n|switch|p1a: Tyranitar|Tyranitar, L50, F|59/100\n|turn|7\n|\n|t:|1776105710\n|move|p1a: Tyranitar|Protect|p1a: Tyranitar\n|-singleturn|p1a: Tyranitar|Protect\n|move|p2b: Floette|Dazzling Gleam|p1a: Tyranitar|[spread] p1b\n|-activate|p1a: Tyranitar|move: Protect\n|-resisted|p1b: Corviknight|1\n|-damage|p1b: Corviknight|29/100\n|move|p1b: Corviknight|Roost|p1b: Corviknight\n|-heal|p1b: Corviknight|79/100\n|-singleturn|p1b: Corviknight|move: Roost\n|\n|-weather|Sandstorm|[upkeep]\n|-damage|p2b: Floette|83/100|[from] Sandstorm\n|-heal|p1b: Corviknight|85/100|[from] item: Leftovers\n|upkeep\n|turn|8\n|\n|t:|1776105726\n|detailschange|p1a: Tyranitar|Tyranitar-Mega, L50, F\n|-mega|p1a: Tyranitar|Tyranitar|Tyranitarite\n|move|p2b: Floette|Moonblast|p1a: Tyranitar\n|-supereffective|p1a: Tyranitar|1\n|-damage|p1a: Tyranitar|0 fnt\n|faint|p1a: Tyranitar\n|move|p1b: Corviknight|Iron Head|p2b: Floette\n|-supereffective|p2b: Floette|1\n|-damage|p2b: Floette|11/100\n|\n|-weather|none\n|-heal|p1b: Corviknight|91/100|[from] item: Leftovers\n|upkeep\n|turn|9\n|\n|t:|1776105736\n|move|p2b: Floette|Moonblast|p1b: Corviknight\n|-resisted|p1b: Corviknight|1\n|-damage|p1b: Corviknight|57/100\n|move|p1b: Corviknight|Iron Head|p2b: Floette\n|-supereffective|p2b: Floette|1\n|-damage|p2b: Floette|0 fnt\n|faint|p2b: Floette\n|\n|win|tindall64\n|raw|tindall64's rating: 1275 &rarr; <strong>1304</strong><br />(+29 for winning)\n|raw|themuggla's rating: 1338 &rarr; <strong>1314</strong><br />(-24 for losing)\n|l|\u2606themuggla\n|player|p2|\n",
  "uploadtime": 1776106051,
  "views": 21,
  "formatid": "gen9championsvgc2026regma",
  "rating": 1304,
  "private": 0,
  "password": null
}