{
  "id": "gen9championsvgc2026regma-2582866105",
  "format": "[Gen 9 Champions] VGC 2026 Reg M-A",
  "players": [
    "Oger's Pawn",
    "Kiryuri"
  ],
  "log": "|j|\u2606Oger's Pawn\n|j|\u2606Kiryuri\n|t:|1776120339\n|gametype|doubles\n|player|p1|Oger's Pawn|burglar|1260\n|player|p2|Kiryuri|acetrainerf|1317\n|gen|9\n|tier|[Gen 9 Champions] VGC 2026 Reg M-A\n|rated|\n|rule|Species Clause: Limit one of each Pok\u00e9mon\n|rule|Item Clause: Limit 1 of each item\n|clearpoke\n|poke|p1|Sneasler, L50, F|\n|poke|p1|Gyarados, L50, M|\n|poke|p1|Raichu, L50, F|\n|poke|p1|Incineroar, L50, M|\n|poke|p1|Sinistcha, L50|\n|poke|p1|Aegislash, L50, F|\n|poke|p2|Froslass, L50, F|\n|poke|p2|Milotic, L50, F|\n|poke|p2|Scizor, L50, F|\n|poke|p2|Sinistcha, L50|\n|poke|p2|Basculegion, L50, M|\n|poke|p2|Maushold-Four, L50|\n|teampreview|4\n|inactive|Battle timer is ON: inactive players will automatically lose when time's up. (requested by Kiryuri)\nKiryuri has agreed to open team sheets.\n|inactive|Oger's Pawn has 60 seconds left.\n|inactive|Kiryuri has 60 seconds left.\n|inactive|Kiryuri has 30 seconds left.\n|inactive|Kiryuri has 20 seconds left.\n|inactive|Kiryuri has 15 seconds left.\n|inactive|Kiryuri has 10 seconds left.\n|\n|t:|1776120428\n|teamsize|p1|4\n|teamsize|p2|4\n|start\n|switch|p1a: Sinistcha|Sinistcha, L50|100/100\n|switch|p1b: Incineroar|Incineroar, L50, M|100/100\n|switch|p2a: Scizor|Scizor, L50, F|100/100\n|switch|p2b: Milotic|Milotic, L50, F|100/100\n|-ability|p1b: Incineroar|Intimidate|boost\n|-unboost|p2a: Scizor|atk|1\n|-unboost|p2b: Milotic|atk|1\n|-ability|p2b: Milotic|Competitive|boost\n|-boost|p2b: Milotic|spa|2\n|turn|1\n|inactive|Kiryuri has 30 seconds left.\n|inactive|Kiryuri has 20 seconds left.\n|inactive|Kiryuri has 15 seconds left.\n|\n|t:|1776120472\n|detailschange|p2a: Scizor|Scizor-Mega, L50, F\n|-mega|p2a: Scizor|Scizor|Scizorite\n|move|p2a: Scizor|Protect|p2a: Scizor\n|-singleturn|p2a: Scizor|Protect\n|move|p1b: Incineroar|Fake Out|p2b: Milotic\n|-damage|p2b: Milotic|90/100\n|move|p1a: Sinistcha|Matcha Gotcha|p2b: Milotic|[spread] p2b\n|-activate|p2a: Scizor|move: Protect\n|-supereffective|p2b: Milotic|1\n|-damage|p2b: Milotic|54/100\n|cant|p2b: Milotic|flinch\n|\n|upkeep\n|turn|2\n|\n|t:|1776120495\n|move|p2a: Scizor|Swords Dance|p2a: Scizor\n|-boost|p2a: Scizor|atk|2\n|move|p2b: Milotic|Hydro Pump|p1b: Incineroar\n|-supereffective|p1b: Incineroar|1\n|-crit|p1b: Incineroar\n|-damage|p1b: Incineroar|0 fnt\n|faint|p1b: Incineroar\n|move|p1a: Sinistcha|Matcha Gotcha|p2a: Scizor|[spread] p2a,p2b\n|-resisted|p2a: Scizor|2\n|-supereffective|p2b: Milotic|1\n|-damage|p2a: Scizor|94/100\n|-damage|p2b: Milotic|22/100\n|-status|p2a: Scizor|brn\n|\n|-damage|p2a: Scizor|88/100 brn|[from] brn\n|upkeep\n|\n|t:|1776120508\n|switch|p1b: Raichu|Raichu, L50, F|100/100\n|turn|3\n|\n|t:|1776120521\n|switch|p2b: Sinistcha|Sinistcha, L50|100/100\n|-heal|p2a: Scizor|100/100 brn|[from] ability: Hospitality|[of] p2b: Sinistcha\n|move|p1b: Raichu|Electroweb|p2a: Scizor|[spread] p2a,p2b\n|-resisted|p2b: Sinistcha|1\n|-damage|p2a: Scizor|84/100 brn\n|-damage|p2b: Sinistcha|94/100\n|-unboost|p2a: Scizor|spe|1\n|-unboost|p2b: Sinistcha|spe|1\n|move|p1a: Sinistcha|Shadow Ball|p2a: Scizor\n|-damage|p2a: Scizor|51/100 brn\n|-unboost|p2a: Scizor|spd|1\n|move|p2a: Scizor|Swords Dance|p2a: Scizor\n|-boost|p2a: Scizor|atk|2\n|\n|-damage|p2a: Scizor|45/100 brn|[from] brn\n|upkeep\n|turn|4\n|inactive|Oger's Pawn has 30 seconds left.\n|inactive|Kiryuri has 30 seconds left.\n|c|\u2606Kiryuri|You're kinda getting all the luck rn\n|c|\u2606Oger's Pawn|yeah sry\n|inactive|Kiryuri has 20 seconds left.\n|inactive|Kiryuri has 15 seconds left.\n|inactive|Kiryuri has 10 seconds left.\n|\n|t:|1776120567\n|move|p2a: Scizor|Protect|p2a: Scizor\n|-singleturn|p2a: Scizor|Protect\n|move|p1b: Raichu|Light Screen|p1b: Raichu\n|-sidestart|p1: Oger's Pawn|move: Light Screen\n|move|p1a: Sinistcha|Shadow Ball|p2b: Sinistcha\n|-supereffective|p2b: Sinistcha|1\n|-damage|p2b: Sinistcha|35/100\n|-enditem|p2b: Sinistcha|Sitrus Berry|[eat]\n|-heal|p2b: Sinistcha|60/100|[from] item: Sitrus Berry\n|move|p2b: Sinistcha|Life Dew|p2b: Sinistcha|[spread] p2a,p2b\n|-heal|p2a: Scizor|70/100 brn\n|-heal|p2b: Sinistcha|85/100\n|\n|-damage|p2a: Scizor|64/100 brn|[from] brn\n|upkeep\n|turn|5\n|\n|t:|1776120592\n|switch|p2b: Milotic|Milotic, L50, F|22/100\n|move|p2a: Scizor|Bullet Punch|p1a: Sinistcha\n|-damage|p1a: Sinistcha|52/100\n|move|p1b: Raichu|Electroweb|p2a: Scizor|[spread] p2a,p2b\n|-crit|p2a: Scizor\n|-supereffective|p2b: Milotic|1\n|-damage|p2a: Scizor|24/100 brn\n|-damage|p2b: Milotic|0 fnt\n|-unboost|p2a: Scizor|spe|1\n|faint|p2b: Milotic\n|move|p1a: Sinistcha|Shadow Ball|p2a: Scizor\n|-damage|p2a: Scizor|0 fnt\n|faint|p2a: Scizor\n|\n|upkeep\n|c|\u2606Kiryuri|Crit on scizor are you for fucking real\n|\n|t:|1776120615\n|switch|p2a: Basculegion|Basculegion, L50, M|100/100\n|switch|p2b: Sinistcha|Sinistcha, L50|85/100\n|turn|6\n|\n|t:|1776120636\n|move|p2a: Basculegion|Last Respects|p1b: Raichu\n|-enditem|p1b: Raichu|Focus Sash\n|-damage|p1b: Raichu|1/100\n|move|p1b: Raichu|Electroweb|p2a: Basculegion|[spread] p2a,p2b\n|-supereffective|p2a: Basculegion|1\n|-resisted|p2b: Sinistcha|1\n|-damage|p2a: Basculegion|60/100\n|-damage|p2b: Sinistcha|79/100\n|-unboost|p2a: Basculegion|spe|1\n|-unboost|p2b: Sinistcha|spe|1\n|move|p1a: Sinistcha|Matcha Gotcha|p2a: Basculegion|[spread] p2a,p2b\n|-supereffective|p2a: Basculegion|1\n|-resisted|p2b: Sinistcha|1\n|-damage|p2a: Basculegion|2/100\n|-heal|p1a: Sinistcha|84/100|[from] drain|[of] p2a: Basculegion\n|-damage|p2b: Sinistcha|67/100\n|-heal|p1a: Sinistcha|90/100|[from] drain|[of] p2b: Sinistcha\n|-status|p2a: Basculegion|brn\n|move|p2b: Sinistcha|Life Dew|p2b: Sinistcha|[spread] p2a,p2b\n|-heal|p2a: Basculegion|27/100 brn\n|-heal|p2b: Sinistcha|93/100\n|\n|-damage|p2a: Basculegion|21/100 brn|[from] brn\n|upkeep\n|turn|7\n|c|\u2606Kiryuri|Bro.\n|inactive|Kiryuri has 30 seconds left.\n|\n|t:|1776120669\n|move|p1b: Raichu|Electroweb|p2b: Sinistcha|[spread] p2a,p2b\n|-supereffective|p2a: Basculegion|1\n|-resisted|p2b: Sinistcha|1\n|-damage|p2a: Basculegion|0 fnt\n|-damage|p2b: Sinistcha|86/100\n|-unboost|p2b: Sinistcha|spe|1\n|faint|p2a: Basculegion\n|move|p1a: Sinistcha|Shadow Ball|p2b: Sinistcha\n|-supereffective|p2b: Sinistcha|1\n|-damage|p2b: Sinistcha|27/100\n|move|p2b: Sinistcha|Matcha Gotcha|p1a: Sinistcha|[spread] p1a,p1b\n|-resisted|p1a: Sinistcha|1\n|-damage|p1a: Sinistcha|83/100\n|-heal|p2b: Sinistcha|31/100|[from] drain|[of] p1a: Sinistcha\n|-damage|p1b: Raichu|0 fnt\n|-heal|p2b: Sinistcha|31/100|[from] drain|[of] p1b: Raichu\n|-status|p1a: Sinistcha|brn\n|faint|p1b: Raichu\n|\n|-damage|p1a: Sinistcha|77/100 brn|[from] brn\n|upkeep\n|\n|t:|1776120678\n|switch|p1b: Gyarados|Gyarados, L50, M|100/100\n|-ability|p1b: Gyarados|Intimidate|boost\n|-unboost|p2b: Sinistcha|atk|1\n|turn|8\n|-message|Kiryuri forfeited.\n|\n|win|Oger's Pawn\n|raw|Oger&apos;s Pawn's rating: 1260 &rarr; <strong>1289</strong><br />(+29 for winning)\n|raw|Kiryuri's rating: 1317 &rarr; <strong>1294</strong><br />(-23 for losing)\n|l|\u2606Oger's Pawn\n|player|p1|\n",
  "uploadtime": 1776120692,
  "views": 38,
  "formatid": "gen9championsvgc2026regma",
  "rating": 1289,
  "private": 0,
  "password": null
}