{
  "id": "gen9championsvgc2026regma-2585900810",
  "format": "[Gen 9 Champions] VGC 2026 Reg M-A",
  "players": [
    "Braix2570",
    "alexesmo5"
  ],
  "log": "|j|\u2606Braix2570\n|j|\u2606alexesmo5\n|t:|1776379754\n|gametype|doubles\n|player|p1|Braix2570|1|1193\n|player|p2|alexesmo5|266|1290\n|gen|9\n|tier|[Gen 9 Champions] VGC 2026 Reg M-A\n|rated|\n|rule|Species Clause: Limit one of each Pok\u00e9mon\n|rule|Item Clause: Limit 1 of each item\n|clearpoke\n|poke|p1|Tyranitar, L50, F|\n|poke|p1|Excadrill, L50, F|\n|poke|p1|Gengar, L50, M|\n|poke|p1|Kommo-o, L50, F|\n|poke|p1|Maushold-Four, L50|\n|poke|p1|Primarina, L50, M|\n|poke|p2|Floette-Eternal, L50, F|\n|poke|p2|Aegislash, L50, F|\n|poke|p2|Talonflame, L50, M|\n|poke|p2|Incineroar, L50, M|\n|poke|p2|Garchomp, L50, M|\n|poke|p2|Rotom-Wash, L50|\n|teampreview|4\n|inactive|Battle timer is ON: inactive players will automatically lose when time's up. (requested by Braix2570)\n|\n|t:|1776379798\n|teamsize|p1|4\n|teamsize|p2|4\n|start\n|switch|p1a: Tyranitar|Tyranitar, L50, F|100/100\n|switch|p1b: Excadrill|Excadrill, L50, F|100/100\n|switch|p2a: Rotom|Rotom-Wash, L50|100/100\n|switch|p2b: Floette|Floette-Eternal, L50, F|100/100\n|-weather|Sandstorm|[from] ability: Sand Stream|[of] p1a: Tyranitar\n|turn|1\n|inactive|Braix2570 has 30 seconds left.\n|\n|t:|1776379824\n|detailschange|p1a: Tyranitar|Tyranitar-Mega, L50, F\n|-mega|p1a: Tyranitar|Tyranitar|Tyranitarite\n|detailschange|p2b: Floette|Floette-Mega, L50, F\n|-mega|p2b: Floette|Floette|Floettite\n|-ability|p2b: Floette|Fairy Aura\n|move|p1b: Excadrill|Rock Slide|p2a: Rotom|[spread] p2a,p2b\n|-damage|p2a: Rotom|81/100\n|-damage|p2b: Floette|82/100\n|move|p1a: Tyranitar|Dragon Dance|p1a: Tyranitar\n|-boost|p1a: Tyranitar|atk|1\n|-boost|p1a: Tyranitar|spe|1\n|move|p2b: Floette|Moonblast|p1a: Tyranitar\n|-supereffective|p1a: Tyranitar|1\n|-damage|p1a: Tyranitar|12/100\n|move|p2a: Rotom|Hydro Pump|p1b: Excadrill\n|-supereffective|p1b: Excadrill|1\n|-enditem|p1b: Excadrill|Focus Sash\n|-damage|p1b: Excadrill|1/100\n|\n|-weather|Sandstorm|[upkeep]\n|-damage|p2b: Floette|76/100|[from] Sandstorm\n|-damage|p2a: Rotom|75/100|[from] Sandstorm\n|upkeep\n|turn|2\n|\n|t:|1776379846\n|move|p2b: Floette|Protect|p2b: Floette\n|-singleturn|p2b: Floette|Protect\n|move|p1b: Excadrill|Iron Head|p2b: Floette\n|-activate|p2b: Floette|move: Protect\n|move|p1a: Tyranitar|Rock Slide|p2a: Rotom|[spread] p2a\n|-activate|p2b: Floette|move: Protect\n|-crit|p2a: Rotom\n|-damage|p2a: Rotom|0 fnt\n|faint|p2a: Rotom\n|\n|-weather|Sandstorm|[upkeep]\n|-damage|p2b: Floette|70/100|[from] Sandstorm\n|upkeep\n|c|\u2606alexesmo5|xD\n|\n|t:|1776379859\n|switch|p2a: Incineroar|Incineroar, L50, M|100/100\n|-ability|p2a: Incineroar|Intimidate|boost\n|-unboost|p1a: Tyranitar|atk|1\n|-unboost|p1b: Excadrill|atk|1\n|turn|3\n|\n|t:|1776379866\n|move|p1b: Excadrill|Protect|p1b: Excadrill\n|-singleturn|p1b: Excadrill|Protect\n|move|p1a: Tyranitar|Protect|p1a: Tyranitar\n|-singleturn|p1a: Tyranitar|Protect\n|move|p2a: Incineroar|Fake Out|p1b: Excadrill\n|-activate|p1b: Excadrill|move: Protect\n|move|p2b: Floette|Dazzling Gleam|p1a: Tyranitar|[spread] \n|-activate|p1a: Tyranitar|move: Protect\n|-activate|p1b: Excadrill|move: Protect\n|\n|-weather|Sandstorm|[upkeep]\n|-damage|p2b: Floette|64/100|[from] Sandstorm\n|-damage|p2a: Incineroar|95/100|[from] Sandstorm\n|-heal|p2a: Incineroar|100/100|[from] item: Leftovers\n|upkeep\n|turn|4\n|\n|t:|1776379890\n|move|p2b: Floette|Protect|p2b: Floette\n|-singleturn|p2b: Floette|Protect\n|move|p1b: Excadrill|High Horsepower|p2a: Incineroar\n|-supereffective|p2a: Incineroar|1\n|-damage|p2a: Incineroar|43/100\n|move|p1a: Tyranitar|Rock Slide|p2a: Incineroar|[spread] p2a\n|-activate|p2b: Floette|move: Protect\n|-supereffective|p2a: Incineroar|1\n|-damage|p2a: Incineroar|0 fnt\n|faint|p2a: Incineroar\n|\n|-weather|Sandstorm|[upkeep]\n|-damage|p2b: Floette|57/100|[from] Sandstorm\n|upkeep\n|\n|t:|1776379902\n|switch|p2a: Garchomp|Garchomp, L50, M|100/100\n|turn|5\n|\n|t:|1776379917\n|move|p2b: Floette|Protect||[still]\n|-fail|p2b: Floette\n|move|p1b: Excadrill|Iron Head|p2b: Floette\n|-supereffective|p2b: Floette|1\n|-damage|p2b: Floette|7/100\n|move|p1a: Tyranitar|Low Kick|p2a: Garchomp\n|-damage|p2a: Garchomp|72/100\n|-damage|p1a: Tyranitar|0 fnt|[from] ability: Rough Skin|[of] p2a: Garchomp\n|faint|p1a: Tyranitar\n|move|p2a: Garchomp|Earthquake|p1b: Excadrill|[spread] p2b,p1b\n|-supereffective|p1b: Excadrill|1\n|-damage|p2b: Floette|0 fnt\n|-damage|p1b: Excadrill|0 fnt\n|faint|p2b: Floette\n|faint|p1b: Excadrill\n|\n|-weather|none\n|upkeep\n|\n|t:|1776379932\n|switch|p1b: Primarina|Primarina, L50, M, shiny|100/100\n|switch|p1a: Kommo-o|Kommo-o, L50, F|100/100\n|turn|6\n|\n|t:|1776379939\n|move|p2a: Garchomp|Rock Slide|p1a: Kommo-o|[spread] p1a\n|-miss|p2a: Garchomp|p1b: Primarina\n|-resisted|p1a: Kommo-o|1\n|-damage|p1a: Kommo-o|90/100\n|move|p1a: Kommo-o|Clanging Scales|p2a: Garchomp\n|-supereffective|p2a: Garchomp|1\n|-crit|p2a: Garchomp\n|-damage|p2a: Garchomp|0 fnt\n|faint|p2a: Garchomp\n|\n|win|Braix2570\n|raw|Braix2570's rating: 1193 &rarr; <strong>1225</strong><br />(+32 for winning)\n|raw|alexesmo5's rating: 1290 &rarr; <strong>1258</strong><br />(-32 for losing)\n|l|\u2606alexesmo5\n|player|p2|\n",
  "uploadtime": 1776380643,
  "views": 21,
  "formatid": "gen9championsvgc2026regma",
  "rating": 1225,
  "private": 0,
  "password": null
}