{
  "id": "gen9championsvgc2026regma-2582132683",
  "format": "[Gen 9 Champions] VGC 2026 Reg M-A",
  "players": [
    "It'sJustKen VGC",
    "Knull$et"
  ],
  "log": "|j|\u2606It'sJustKen VGC\n|j|\u2606Knull$et\n|t:|1776062190\n|gametype|doubles\n|player|p1|It'sJustKen VGC|265|1144\n|player|p2|Knull$et|cyclist-gen4|1234\n|gen|9\n|tier|[Gen 9 Champions] VGC 2026 Reg M-A\n|rated|\n|rule|Species Clause: Limit one of each Pok\u00e9mon\n|rule|Item Clause: Limit 1 of each item\n|clearpoke\n|poke|p1|Kingambit, L50, F|\n|poke|p1|Clefable, L50, F|\n|poke|p1|Chimecho, L50, F|\n|poke|p1|Golurk, L50|\n|poke|p1|Torkoal, L50, F|\n|poke|p1|Hawlucha, L50, F|\n|poke|p2|Gengar, L50, M|\n|poke|p2|Whimsicott, L50, M|\n|poke|p2|Incineroar, L50, M|\n|poke|p2|Basculegion, L50, M|\n|poke|p2|Kommo-o, L50, M|\n|poke|p2|Corviknight, L50, F|\n|teampreview|4\n|inactive|Battle timer is ON: inactive players will automatically lose when time's up. (requested by Knull$et)\n|inactive|It'sJustKen VGC also wants the timer to be on.\n|inactive|It'sJustKen VGC has 60 seconds left.\n|inactive|Knull$et has 60 seconds left.\n|\n|t:|1776062223\n|teamsize|p1|4\n|teamsize|p2|4\n|start\n|switch|p1a: Chimecho|Chimecho, L50, F|100/100\n|switch|p1b: Clefable|Clefable, L50, F|100/100\n|switch|p2a: Kommo-o|Kommo-o, L50, M|100/100\n|switch|p2b: Gengar|Gengar, L50, M|100/100\n|turn|1\n|c|\u2606Knull$et|gl hf\n|c|\u2606It'sJustKen VGC|u2\n|\n|t:|1776062245\n|switch|p2a: Whimsicott|Whimsicott, L50, M|100/100\n|switch|p1b: Golurk|Golurk, L50|100/100\n|detailschange|p2b: Gengar|Gengar-Mega, L50, M\n|-mega|p2b: Gengar|Gengar|Gengarite\n|detailschange|p1a: Chimecho|Chimecho-Mega, L50, F\n|-mega|p1a: Chimecho|Chimecho|Chimechite\n|move|p2b: Gengar|Protect|p2b: Gengar\n|-singleturn|p2b: Gengar|Protect\n|move|p1a: Chimecho|Trick Room|p1a: Chimecho\n|-fieldstart|move: Trick Room|[of] p1a: Chimecho\n|\n|upkeep\n|turn|2\n|inactive|Knull$et has 30 seconds left.\n|\n|t:|1776062275\n|switch|p2b: Kommo-o|Kommo-o, L50, M|100/100\n|move|p2a: Whimsicott|Encore|p1a: Chimecho\n|-start|p1a: Chimecho|Encore\n|move|p1b: Golurk|Curse|p2a: Whimsicott\n|-start|p2a: Whimsicott|Curse|[of] p1b: Golurk\n|-damage|p1b: Golurk|50/100\n|move|p1a: Chimecho|Trick Room|p1a: Chimecho\n|-fieldend|move: Trick Room\n|\n|-damage|p2a: Whimsicott|76/100|[from] Curse\n|upkeep\n|turn|3\n|inactive|Knull$et has 30 seconds left.\n|\n|t:|1776062302\n|switch|p1b: Clefable|Clefable, L50, F|100/100\n|move|p2a: Whimsicott|Moonblast|p1b: Clefable\n|-crit|p1b: Clefable\n|-damage|p1b: Clefable|54/100\n|-unboost|p1b: Clefable|spa|1\n|move|p2b: Kommo-o|Clangorous Soul|p2b: Kommo-o\n|-boost|p2b: Kommo-o|atk|1\n|-boost|p2b: Kommo-o|def|1\n|-boost|p2b: Kommo-o|spa|1\n|-boost|p2b: Kommo-o|spd|1\n|-boost|p2b: Kommo-o|spe|1\n|-damage|p2b: Kommo-o|68/100\n|move|p1a: Chimecho|Trick Room|p1a: Chimecho\n|-fieldstart|move: Trick Room|[of] p1a: Chimecho\n|\n|-heal|p1b: Clefable|60/100|[from] item: Leftovers\n|-heal|p2b: Kommo-o|73/100|[from] item: Leftovers\n|-damage|p2a: Whimsicott|51/100|[from] Curse\n|upkeep\n|turn|4\n|\n|t:|1776062322\n|switch|p1a: Golurk|Golurk, L50|50/100\n|move|p2a: Whimsicott|Protect|p2a: Whimsicott\n|-singleturn|p2a: Whimsicott|Protect\n|move|p2b: Kommo-o|Protect|p2b: Kommo-o\n|-singleturn|p2b: Kommo-o|Protect\n|move|p1b: Clefable|Moonblast|p2b: Kommo-o\n|-activate|p2b: Kommo-o|move: Protect\n|\n|-heal|p1b: Clefable|66/100|[from] item: Leftovers\n|-heal|p2b: Kommo-o|79/100|[from] item: Leftovers\n|-damage|p2a: Whimsicott|26/100|[from] Curse\n|upkeep\n|turn|5\n|inactive|Knull$et has 30 seconds left.\n|inactive|Knull$et has 20 seconds left.\n|inactive|Knull$et has 15 seconds left.\n|inactive|Knull$et has 10 seconds left.\n|\n|t:|1776062368\n|switch|p1a: Chimecho|Chimecho-Mega, L50, F|100/100\n|move|p1b: Clefable|Moonblast|p2b: Kommo-o\n|-supereffective|p2b: Kommo-o|2\n|-damage|p2b: Kommo-o|0 fnt\n|faint|p2b: Kommo-o\n|move|p2a: Whimsicott|Moonblast|p1b: Clefable\n|-damage|p1b: Clefable|31/100\n|\n|-heal|p1b: Clefable|37/100|[from] item: Leftovers\n|-damage|p2a: Whimsicott|1/100|[from] Curse\n|upkeep\n|inactive|Knull$et has 30 seconds left.\n|\n|t:|1776062395\n|switch|p2b: Gengar|Gengar-Mega, L50, M|100/100\n|turn|6\n|inactive|It'sJustKen VGC has 30 seconds left.\n|\n|t:|1776062424\n|move|p1a: Chimecho|Hypnosis|p2b: Gengar\n|-status|p2b: Gengar|slp|[from] move: Hypnosis\n|move|p1b: Clefable|Moonblast|p2a: Whimsicott\n|-damage|p2a: Whimsicott|0 fnt\n|faint|p2a: Whimsicott\n|cant|p2b: Gengar|slp\n|\n|-heal|p1b: Clefable|43/100|[from] item: Leftovers\n|upkeep\n|inactive|Knull$et has 30 seconds left.\n|\n|t:|1776062454\n|switch|p2a: Basculegion|Basculegion, L50, M|100/100\n|turn|7\n|\n|t:|1776062470\n|move|p1b: Clefable|Follow Me|p1b: Clefable\n|-singleturn|p1b: Clefable|move: Follow Me\n|move|p1a: Chimecho|Skill Swap|p2b: Gengar\n|-activate|p1a: Chimecho|Skill Swap|Shadow Tag|Levitate|[of] p2b: Gengar\n|move|p2a: Basculegion|Last Respects|p1b: Clefable\n|-damage|p1b: Clefable|0 fnt\n|faint|p1b: Clefable\n|-curestatus|p2b: Gengar|slp|[msg]\n|move|p2b: Gengar|Shadow Ball|p1a: Chimecho\n|-supereffective|p1a: Chimecho|1\n|-damage|p1a: Chimecho|28/100\n|\n|-fieldend|move: Trick Room\n|upkeep\n|\n|t:|1776062477\n|switch|p1b: Kingambit|Kingambit, L50, F|100/100\n|turn|8\n|\n|t:|1776062493\n|switch|p1a: Golurk|Golurk, L50|50/100\n|move|p2b: Gengar|Nasty Plot|p2b: Gengar\n|-boost|p2b: Gengar|spa|2\n|move|p2a: Basculegion|Last Respects|p1b: Kingambit\n|-resisted|p1b: Kingambit|1\n|-damage|p1b: Kingambit|65/100\n|move|p1b: Kingambit|Kowtow Cleave|p2b: Gengar\n|-supereffective|p2b: Gengar|1\n|-damage|p2b: Gengar|0 fnt\n|faint|p2b: Gengar\n|\n|upkeep\n|turn|9\n|-message|Knull$et forfeited.\n|\n|win|It'sJustKen VGC\n|raw|It&apos;sJustKen VGC's rating: 1167 &rarr; <strong>1197</strong><br />(+30 for winning)\n|raw|Knull$et's rating: 1234 &rarr; <strong>1204</strong><br />(-30 for losing)\n",
  "uploadtime": 1776062508,
  "views": 12,
  "formatid": "gen9championsvgc2026regma",
  "rating": 1197,
  "private": 0,
  "password": null
}