{
  "id": "gen9championsvgc2026regma-2584070420",
  "format": "[Gen 9 Champions] VGC 2026 Reg M-A",
  "players": [
    "Jorjjj",
    "StrayCat97"
  ],
  "log": "|j|\u2606Jorjjj\n|j|\u2606StrayCat97\n|t:|1776222131\n|gametype|doubles\n|player|p1|Jorjjj|102|1257\n|player|p2|StrayCat97|blackbelt|1317\n|gen|9\n|tier|[Gen 9 Champions] VGC 2026 Reg M-A\n|rated|\n|rule|Species Clause: Limit one of each Pok\u00e9mon\n|rule|Item Clause: Limit 1 of each item\n|clearpoke\n|poke|p1|Crabominable, L50, M|\n|poke|p1|Mimikyu, L50, M|\n|poke|p1|Araquanid, L50, M|\n|poke|p1|Slowking-Galar, L50, M|\n|poke|p1|Kingambit, L50, M|\n|poke|p1|Camerupt, L50, M|\n|poke|p2|Crabominable, L50, M|\n|poke|p2|Slowking, L50, M|\n|poke|p2|Glaceon, L50, M|\n|poke|p2|Aerodactyl, L50, M|\n|poke|p2|Incineroar, L50, F|\n|poke|p2|Froslass, L50, F|\n|teampreview|4\n|\n|t:|1776222161\n|teamsize|p1|4\n|teamsize|p2|4\n|start\n|switch|p1a: Kingambit|Kingambit, L50, M|100/100\n|switch|p1b: Slowking|Slowking-Galar, L50, M|100/100\n|switch|p2a: Crabominable|Crabominable, L50, M, shiny|100/100\n|switch|p2b: Slowking|Slowking, L50, M|100/100\n|turn|1\n|\n|t:|1776222177\n|detailschange|p2a: Crabominable|Crabominable-Mega, L50, M, shiny\n|-mega|p2a: Crabominable|Crabominable|Crabominite\n|move|p1a: Kingambit|Kowtow Cleave|p2b: Slowking\n|-supereffective|p2b: Slowking|1\n|-damage|p2b: Slowking|7/100\n|-enditem|p2b: Slowking|Sitrus Berry|[eat]\n|-heal|p2b: Slowking|32/100|[from] item: Sitrus Berry\n|move|p2a: Crabominable|Drain Punch|p1a: Kingambit\n|-supereffective|p1a: Kingambit|2\n|-damage|p1a: Kingambit|0 fnt\n|faint|p1a: Kingambit\n|move|p1b: Slowking|Psychic|p2a: Crabominable\n|-supereffective|p2a: Crabominable|1\n|-damage|p2a: Crabominable|25/100\n|-prepare|p2b: Slowking|Chilly Reception|[premajor]\n|move|p2b: Slowking|Chilly Reception|p2b: Slowking\n|-weather|Snowscape\n|\n|t:|1776222194\n|switch|p2b: Glaceon|Glaceon, L50, M|100/100|[from] Chilly Reception\n|\n|-weather|Snowscape|[upkeep]\n|upkeep\n|\n|t:|1776222198\n|switch|p1a: Camerupt|Camerupt, L50, M|100/100\n|turn|2\n|\n|t:|1776222203\n|detailschange|p1a: Camerupt|Camerupt-Mega, L50, M\n|-mega|p1a: Camerupt|Camerupt|Cameruptite\n|move|p1a: Camerupt|Protect|p1a: Camerupt\n|-singleturn|p1a: Camerupt|Protect\n|move|p2b: Glaceon|Blizzard|p1b: Slowking|[spread] p1b\n|-activate|p1a: Camerupt|move: Protect\n|-damage|p1b: Slowking|63/100\n|-status|p1b: Slowking|frz\n|-enditem|p1b: Slowking|Lum Berry|[eat]\n|-curestatus|p1b: Slowking|frz|[msg]\n|move|p2a: Crabominable|Rock Slide|p1a: Camerupt|[spread] \n|-activate|p1a: Camerupt|move: Protect\n|-miss|p2a: Crabominable|p1b: Slowking\n|move|p1b: Slowking|Trick Room|p1b: Slowking\n|-fieldstart|move: Trick Room|[of] p1b: Slowking\n|\n|-weather|Snowscape|[upkeep]\n|upkeep\n|turn|3\n|\n|t:|1776222234\n|switch|p2a: Incineroar|Incineroar, L50, F|100/100\n|-ability|p2a: Incineroar|Intimidate|boost\n|-unboost|p1a: Camerupt|atk|1\n|-unboost|p1b: Slowking|atk|1\n|move|p1a: Camerupt|Eruption|p2b: Glaceon|[spread] p2a,p2b\n|-resisted|p2a: Incineroar|1\n|-supereffective|p2b: Glaceon|1\n|-damage|p2a: Incineroar|75/100\n|-damage|p2b: Glaceon|0 fnt\n|faint|p2b: Glaceon\n|move|p1b: Slowking|Sludge Bomb|p2a: Incineroar\n|-damage|p2a: Incineroar|44/100\n|-status|p2a: Incineroar|psn\n|\n|-weather|Snowscape|[upkeep]\n|-damage|p2a: Incineroar|32/100 psn|[from] psn\n|upkeep\n|\n|t:|1776222244\n|switch|p2b: Slowking|Slowking, L50, M|32/100\n|turn|4\n|\n|t:|1776222253\n|move|p1a: Camerupt|Protect|p1a: Camerupt\n|-singleturn|p1a: Camerupt|Protect\n|move|p2a: Incineroar|Fake Out|p1b: Slowking\n|-damage|p1b: Slowking|52/100\n|cant|p1b: Slowking|flinch\n|move|p2b: Slowking|Trick Room|p2b: Slowking\n|-fieldend|move: Trick Room\n|\n|-weather|Snowscape|[upkeep]\n|-damage|p2a: Incineroar|19/100 psn|[from] psn\n|upkeep\n|turn|5\n|\n|t:|1776222270\n|switch|p1a: Araquanid|Araquanid, L50, M|100/100\n|move|p2a: Incineroar|Darkest Lariat|p1b: Slowking\n|-supereffective|p1b: Slowking|1\n|-crit|p1b: Slowking\n|-damage|p1b: Slowking|0 fnt\n|faint|p1b: Slowking\n|move|p2b: Slowking|Scald|p1a: Araquanid\n|-resisted|p1a: Araquanid|1\n|-crit|p1a: Araquanid\n|-damage|p1a: Araquanid|81/100\n|\n|-weather|none\n|-damage|p2a: Incineroar|7/100 psn|[from] psn\n|upkeep\n|\n|t:|1776222279\n|switch|p1b: Camerupt|Camerupt-Mega, L50, M|100/100\n|turn|6\n|\n|t:|1776222299\n|move|p2b: Slowking|Protect|p2b: Slowking\n|-singleturn|p2b: Slowking|Protect\n|move|p1b: Camerupt|Protect|p1b: Camerupt\n|-singleturn|p1b: Camerupt|Protect\n|move|p2a: Incineroar|Darkest Lariat|p1a: Araquanid\n|-damage|p1a: Araquanid|47/100\n|move|p1a: Araquanid|Liquidation|p2b: Slowking\n|-activate|p2b: Slowking|move: Protect\n|\n|-damage|p2a: Incineroar|0 fnt|[from] psn\n|faint|p2a: Incineroar\n|upkeep\n|\n|t:|1776222308\n|switch|p2a: Crabominable|Crabominable-Mega, L50, M, shiny|25/100\n|turn|7\n|\n|t:|1776222329\n|move|p1a: Araquanid|Liquidation|p2b: Slowking\n|-resisted|p2b: Slowking|1\n|-damage|p2b: Slowking|2/100\n|move|p2a: Crabominable|Rock Slide|p1b: Camerupt|[spread] p1a,p1b\n|-supereffective|p1a: Araquanid|1\n|-crit|p1a: Araquanid\n|-damage|p1a: Araquanid|0 fnt\n|-damage|p1b: Camerupt|75/100\n|faint|p1a: Araquanid\n|move|p2b: Slowking|Scald|p1b: Camerupt\n|-supereffective|p1b: Camerupt|2\n|-damage|p1b: Camerupt|0 fnt\n|faint|p1b: Camerupt\n|\n|win|StrayCat97\n|raw|Jorjjj's rating: 1257 &rarr; <strong>1236</strong><br />(-21 for losing)\n|raw|StrayCat97's rating: 1317 &rarr; <strong>1334</strong><br />(+17 for winning)\n|l|\u2606Jorjjj\n|player|p1|\n",
  "uploadtime": 1776222343,
  "views": 25,
  "formatid": "gen9championsvgc2026regma",
  "rating": 1236,
  "private": 0,
  "password": null
}