{
  "id": "gen9championsvgc2026regma-2581977929",
  "format": "[Gen 9 Champions] VGC 2026 Reg M-A",
  "players": [
    "DRANZER72",
    "DarealBananaBoy"
  ],
  "log": "|j|\u2606DRANZER72\n|j|\u2606DarealBananaBoy\n|t:|1776045034\n|gametype|doubles\n|player|p1|DRANZER72|2|1071\n|player|p2|DarealBananaBoy|pilot|1048\n|gen|9\n|tier|[Gen 9 Champions] VGC 2026 Reg M-A\n|rated|\n|rule|Species Clause: Limit one of each Pok\u00e9mon\n|rule|Item Clause: Limit 1 of each item\n|clearpoke\n|poke|p1|Drampa, L50, F|\n|poke|p1|Sinistcha, L50|\n|poke|p1|Clefable, L50, M|\n|poke|p1|Incineroar, L50, M|\n|poke|p1|Clawitzer, L50, M|\n|poke|p1|Hatterene, L50, F|\n|poke|p2|Talonflame, L50, F|\n|poke|p2|Incineroar, L50, F|\n|poke|p2|Kingambit, L50, F|\n|poke|p2|Dragapult, L50, F|\n|poke|p2|Starmie, L50|\n|poke|p2|Sneasler, L50, F|\n|teampreview|4\n|inactive|Battle timer is ON: inactive players will automatically lose when time's up. (requested by DRANZER72)\n|inactive|DarealBananaBoy has 60 seconds left.\n|inactive|DRANZER72 has 30 seconds left.\n|inactive|DRANZER72 has 20 seconds left.\n|\n|t:|1776045100\n|teamsize|p1|4\n|teamsize|p2|4\n|start\n|switch|p1a: Sinistcha|Sinistcha, L50|100/100\n|switch|p1b: Clefable|Clefable, L50, M|100/100\n|switch|p2a: Talonflame|Talonflame, L50, F|100/100\n|switch|p2b: Incineroar|Incineroar, L50, F|100/100\n|-ability|p2b: Incineroar|Intimidate|boost\n|-unboost|p1a: Sinistcha|atk|1\n|-unboost|p1b: Clefable|atk|1\n|turn|1\n|inactive|DRANZER72 has 30 seconds left.\n|\n|t:|1776045126\n|move|p1a: Sinistcha|Protect|p1a: Sinistcha\n|-singleturn|p1a: Sinistcha|Protect\n|move|p2a: Talonflame|Tailwind|p2a: Talonflame\n|-sidestart|p2: DarealBananaBoy|move: Tailwind\n|move|p2b: Incineroar|Flare Blitz|p1a: Sinistcha\n|-activate|p1a: Sinistcha|move: Protect\n|move|p1b: Clefable|Air Slash|p2a: Talonflame\n|-damage|p2a: Talonflame|75/100\n|\n|-heal|p2a: Talonflame|80/100|[from] item: Leftovers\n|upkeep\n|turn|2\n|inactive|DarealBananaBoy has 30 seconds left.\n|\n|t:|1776045154\n|move|p1b: Clefable|Follow Me|p1b: Clefable\n|-singleturn|p1b: Clefable|move: Follow Me\n|move|p2a: Talonflame|Brave Bird|p1b: Clefable\n|-damage|p1b: Clefable|66/100\n|-damage|p2a: Talonflame|66/100|[from] Recoil\n|move|p2b: Incineroar|Flare Blitz|p1b: Clefable\n|-damage|p1b: Clefable|23/100\n|-enditem|p1b: Clefable|Sitrus Berry|[eat]\n|-heal|p1b: Clefable|48/100|[from] item: Sitrus Berry\n|-damage|p2b: Incineroar|83/100|[from] Recoil\n|move|p1a: Sinistcha|Trick Room|p1a: Sinistcha\n|-fieldstart|move: Trick Room|[of] p1a: Sinistcha\n|\n|-heal|p2a: Talonflame|71/100|[from] item: Leftovers\n|upkeep\n|turn|3\n|\n|t:|1776045178\n|move|p2a: Talonflame|Protect|p2a: Talonflame\n|-singleturn|p2a: Talonflame|Protect\n|move|p1b: Clefable|Fake Tears|p2a: Talonflame\n|-activate|p2a: Talonflame|move: Protect\n|move|p1a: Sinistcha|Matcha Gotcha|p2b: Incineroar|[spread] p2b\n|-activate|p2a: Talonflame|move: Protect\n|-resisted|p2b: Incineroar|1\n|-damage|p2b: Incineroar|73/100\n|move|p2b: Incineroar|Parting Shot|p1a: Sinistcha\n|-unboost|p1a: Sinistcha|atk|1\n|-unboost|p1a: Sinistcha|spa|1\n|\n|t:|1776045189\n|switch|p2b: Kingambit|Kingambit, L50, F|100/100|[from] Parting Shot\n|\n|-heal|p2a: Talonflame|77/100|[from] item: Leftovers\n|upkeep\n|turn|4\n|inactive|DRANZER72 has 30 seconds left.\n|\n|t:|1776045214\n|move|p1b: Clefable|Follow Me|p1b: Clefable\n|-singleturn|p1b: Clefable|move: Follow Me\n|move|p1a: Sinistcha|Matcha Gotcha|p2a: Talonflame|[spread] p2a,p2b\n|-resisted|p2a: Talonflame|2\n|-crit|p2a: Talonflame\n|-resisted|p2b: Kingambit|1\n|-damage|p2a: Talonflame|63/100\n|-damage|p2b: Kingambit|90/100\n|move|p2b: Kingambit|Iron Head|p1b: Clefable\n|-supereffective|p1b: Clefable|1\n|-damage|p1b: Clefable|0 fnt\n|faint|p1b: Clefable\n|move|p2a: Talonflame|Brave Bird|p1a: Sinistcha\n|-supereffective|p1a: Sinistcha|1\n|-damage|p1a: Sinistcha|16/100\n|-damage|p2a: Talonflame|31/100|[from] Recoil\n|\n|-heal|p2a: Talonflame|37/100|[from] item: Leftovers\n|-sideend|p2: DarealBananaBoy|move: Tailwind\n|upkeep\n|\n|t:|1776045238\n|switch|p1b: Clawitzer|Clawitzer, L50, M|100/100\n|turn|5\n|\n|t:|1776045250\n|move|p2a: Talonflame|Protect|p2a: Talonflame\n|-singleturn|p2a: Talonflame|Protect\n|move|p1a: Sinistcha|Rage Powder|p1a: Sinistcha\n|-singleturn|p1a: Sinistcha|move: Rage Powder\n|move|p2b: Kingambit|Sucker Punch||[still]\n|-fail|p2b: Kingambit\n|move|p1b: Clawitzer|Surf|p2b: Kingambit|[spread] p1a,p2b\n|-activate|p2a: Talonflame|move: Protect\n|-resisted|p1a: Sinistcha|1\n|-damage|p1a: Sinistcha|1/100\n|-damage|p2b: Kingambit|51/100\n|\n|-heal|p2a: Talonflame|42/100|[from] item: Leftovers\n|upkeep\n|turn|6\n|\n|t:|1776045268\n|move|p1a: Sinistcha|Rage Powder|p1a: Sinistcha\n|-singleturn|p1a: Sinistcha|move: Rage Powder\n|move|p2b: Kingambit|Sucker Punch||[still]\n|-fail|p2b: Kingambit\n|move|p1b: Clawitzer|Surf|p2b: Kingambit|[spread] p1a,p2a,p2b\n|-resisted|p1a: Sinistcha|1\n|-crit|p1a: Sinistcha\n|-supereffective|p2a: Talonflame|1\n|-damage|p1a: Sinistcha|0 fnt\n|-damage|p2a: Talonflame|0 fnt\n|-damage|p2b: Kingambit|10/100\n|faint|p1a: Sinistcha\n|faint|p2a: Talonflame\n|\n|-fieldend|move: Trick Room\n|upkeep\n|\n|t:|1776045287\n|switch|p2a: Starmie|Starmie, L50|100/100\n|switch|p1a: Drampa|Drampa, L50, F|100/100\n|turn|7\n|\n|t:|1776045298\n|detailschange|p2a: Starmie|Starmie-Mega, L50\n|-mega|p2a: Starmie|Starmie|Starminite\n|move|p2b: Kingambit|Protect|p2b: Kingambit\n|-singleturn|p2b: Kingambit|Protect\n|move|p1a: Drampa|Protect|p1a: Drampa\n|-singleturn|p1a: Drampa|Protect\n|move|p2a: Starmie|Zen Headbutt|p1a: Drampa\n|-activate|p1a: Drampa|move: Protect\n|move|p1b: Clawitzer|Surf|p2a: Starmie|[spread] p2a\n|-activate|p1a: Drampa|move: Protect\n|-activate|p2b: Kingambit|move: Protect\n|-resisted|p2a: Starmie|1\n|-damage|p2a: Starmie|81/100\n|\n|upkeep\n|turn|8\n|inactive|DRANZER72 has 30 seconds left.\n|\n|t:|1776045327\n|detailschange|p1a: Drampa|Drampa-Mega, L50, F\n|-mega|p1a: Drampa|Drampa|Drampanite\n|move|p2b: Kingambit|Sucker Punch|p1b: Clawitzer\n|-damage|p1b: Clawitzer|44/100\n|move|p2a: Starmie|Zen Headbutt|p1a: Drampa\n|-damage|p1a: Drampa|34/100\n|-ability|p1a: Drampa|Berserk|boost\n|-boost|p1a: Drampa|spa|1\n|move|p1b: Clawitzer|Shadow Ball|p2a: Starmie\n|-supereffective|p2a: Starmie|1\n|-damage|p2a: Starmie|15/100\n|move|p1a: Drampa|Hyper Voice|p2b: Kingambit|[spread] p2a,p2b\n|-resisted|p2b: Kingambit|1\n|-damage|p2a: Starmie|0 fnt\n|-damage|p2b: Kingambit|0 fnt\n|faint|p2a: Starmie\n|faint|p2b: Kingambit\n|\n|upkeep\n|\n|t:|1776045343\n|switch|p2a: Incineroar|Incineroar, L50, F|73/100\n|-ability|p2a: Incineroar|Intimidate|boost\n|-unboost|p1a: Drampa|atk|1\n|-unboost|p1b: Clawitzer|atk|1\n|turn|9\n|\n|t:|1776045366\n|move|p1b: Clawitzer|Protect|p1b: Clawitzer\n|-singleturn|p1b: Clawitzer|Protect\n|move|p1a: Drampa|Protect|p1a: Drampa\n|-singleturn|p1a: Drampa|Protect\n|move|p2a: Incineroar|Darkest Lariat|p1a: Drampa\n|-activate|p1a: Drampa|move: Protect\n|\n|upkeep\n|turn|10\n|\n|t:|1776045388\n|move|p2a: Incineroar|Darkest Lariat|p1a: Drampa\n|-damage|p1a: Drampa|1/100\n|move|p1b: Clawitzer|Surf|p2a: Incineroar|[spread] p1a,p2a\n|-resisted|p1a: Drampa|1\n|-supereffective|p2a: Incineroar|1\n|-damage|p1a: Drampa|0 fnt\n|-damage|p2a: Incineroar|8/100\n|-enditem|p2a: Incineroar|Sitrus Berry|[eat]\n|-heal|p2a: Incineroar|33/100|[from] item: Sitrus Berry\n|faint|p1a: Drampa\n|\n|upkeep\n|turn|11\n|\n|t:|1776045399\n|move|p2a: Incineroar|Darkest Lariat|p1b: Clawitzer\n|-damage|p1b: Clawitzer|2/100\n|move|p1b: Clawitzer|Surf|p2a: Incineroar\n|-supereffective|p2a: Incineroar|1\n|-damage|p2a: Incineroar|0 fnt\n|faint|p2a: Incineroar\n|\n|win|DRANZER72\n|raw|DRANZER72's rating: 1071 &rarr; <strong>1098</strong><br />(+27 for winning)\n|raw|DarealBananaBoy's rating: 1048 &rarr; <strong>1032</strong><br />(-16 for losing)\n|c|\u2606DarealBananaBoy|no way\n",
  "uploadtime": 1776045410,
  "views": 14,
  "formatid": "gen9championsvgc2026regma",
  "rating": 1032,
  "private": 0,
  "password": null
}