{
  "id": "gen9championsvgc2026regma-2581653211",
  "format": "[Gen 9 Champions] VGC 2026 Reg M-A",
  "players": [
    "lerpee",
    "debouls"
  ],
  "log": "|j|\u2606lerpee\n|j|\u2606debouls\n|t:|1776018181\n|gametype|doubles\n|player|p1|lerpee|102|1122\n|player|p2|debouls|266|1195\n|gen|9\n|tier|[Gen 9 Champions] VGC 2026 Reg M-A\n|rated|\n|rule|Species Clause: Limit one of each Pok\u00e9mon\n|rule|Item Clause: Limit 1 of each item\n|clearpoke\n|poke|p1|Morpeko, L50, F|\n|poke|p1|Incineroar, L50, F|\n|poke|p1|Ninetales-Alola, L50, M|\n|poke|p1|Raichu, L50, M|\n|poke|p1|Quaquaval, L50, F|\n|poke|p1|Delphox, L50, M|\n|poke|p2|Arcanine, L50, M|\n|poke|p2|Rotom-Wash, L50|\n|poke|p2|Garchomp, L50, F|\n|poke|p2|Venusaur, L50, F|\n|poke|p2|Corviknight, L50, M|\n|poke|p2|Sneasler, L50, M|\n|teampreview|4\n|inactive|Battle timer is ON: inactive players will automatically lose when time's up. (requested by lerpee)\n|inactive|lerpee has 60 seconds left.\n|\n|t:|1776018229\n|teamsize|p1|4\n|teamsize|p2|4\n|start\n|switch|p1a: Raichu|Raichu, L50, M|100/100\n|switch|p1b: Incineroar|Incineroar, L50, F|100/100\n|switch|p2a: Venusaur|Venusaur, L50, F|100/100\n|switch|p2b: Sneasler|Sneasler, L50, M|100/100\n|-ability|p1b: Incineroar|Intimidate|boost\n|-unboost|p2a: Venusaur|atk|1\n|-unboost|p2b: Sneasler|atk|1\n|turn|1\n|\n|t:|1776018252\n|detailschange|p2a: Venusaur|Venusaur-Mega, L50, F\n|-mega|p2a: Venusaur|Venusaur|Venusaurite\n|move|p2b: Sneasler|Fake Out|p1b: Incineroar\n|-damage|p1b: Incineroar|91/100\n|move|p1a: Raichu|Electroweb|p2a: Venusaur|[spread] p2a,p2b\n|-resisted|p2a: Venusaur|1\n|-damage|p2a: Venusaur|96/100\n|-damage|p2b: Sneasler|83/100\n|-unboost|p2a: Venusaur|spe|1\n|-unboost|p2b: Sneasler|spe|1\n|cant|p1b: Incineroar|flinch\n|move|p2a: Venusaur|Leech Seed|p1a: Raichu\n|-start|p1a: Raichu|move: Leech Seed\n|\n|-damage|p1a: Raichu|89/100|[from] Leech Seed|[of] p2a: Venusaur\n|-heal|p2a: Venusaur|100/100|[silent]\n|upkeep\n|turn|2\n|inactive|debouls has 30 seconds left.\n|\n|t:|1776018281\n|switch|p2b: Garchomp|Garchomp, L50, F|100/100\n|move|p2a: Venusaur|Protect|p2a: Venusaur\n|-singleturn|p2a: Venusaur|Protect\n|move|p1a: Raichu|Volt Switch|p2a: Venusaur\n|-activate|p2a: Venusaur|move: Protect\n|move|p1b: Incineroar|Parting Shot|p2b: Garchomp\n|-unboost|p2b: Garchomp|atk|1\n|-unboost|p2b: Garchomp|spa|1\n|\n|t:|1776018296\n|switch|p1b: Delphox|Delphox, L50, M|100/100|[from] Parting Shot\n|-enditem|p2b: Garchomp|White Herb\n|-clearnegativeboost|p2b: Garchomp|[silent]\n|\n|-damage|p1a: Raichu|77/100|[from] Leech Seed|[of] p2a: Venusaur\n|upkeep\n|turn|3\n|inactive|debouls has 30 seconds left.\n|inactive|debouls has 20 seconds left.\n|\n|t:|1776018333\n|switch|p1a: Incineroar|Incineroar, L50, F|91/100\n|-ability|p1a: Incineroar|Intimidate|boost\n|-unboost|p2a: Venusaur|atk|1\n|-unboost|p2b: Garchomp|atk|1\n|detailschange|p1b: Delphox|Delphox-Mega, L50, M\n|-mega|p1b: Delphox|Delphox|Delphoxite\n|move|p1b: Delphox|Psychic|p2a: Venusaur\n|-supereffective|p2a: Venusaur|1\n|-damage|p2a: Venusaur|20/100\n|-unboost|p2a: Venusaur|spd|1\n|move|p2b: Garchomp|Dragon Claw|p1a: Incineroar\n|-damage|p1a: Incineroar|62/100\n|move|p2a: Venusaur|Leech Seed|p1b: Delphox\n|-start|p1b: Delphox|move: Leech Seed\n|\n|-damage|p1b: Delphox|88/100|[from] Leech Seed|[of] p2a: Venusaur\n|-heal|p2a: Venusaur|30/100|[silent]\n|upkeep\n|turn|4\n|inactive|lerpee has 30 seconds left.\n|\n|t:|1776018359\n|move|p2a: Venusaur|Protect|p2a: Venusaur\n|-singleturn|p2a: Venusaur|Protect\n|move|p1b: Delphox|Psychic|p2b: Garchomp\n|-damage|p2b: Garchomp|38/100\n|move|p2b: Garchomp|Stone Edge|p1b: Delphox\n|-supereffective|p1b: Delphox|1\n|-damage|p1b: Delphox|23/100\n|move|p1a: Incineroar|Darkest Lariat|p2b: Garchomp\n|-damage|p2b: Garchomp|4/100\n|-damage|p1a: Incineroar|50/100|[from] ability: Rough Skin|[of] p2b: Garchomp\n|-enditem|p1a: Incineroar|Sitrus Berry|[eat]\n|-heal|p1a: Incineroar|75/100|[from] item: Sitrus Berry\n|\n|-damage|p1b: Delphox|11/100|[from] Leech Seed|[of] p2a: Venusaur\n|-heal|p2a: Venusaur|40/100|[silent]\n|upkeep\n|turn|5\n|inactive|lerpee has 30 seconds left.\n|\n|t:|1776018387\n|switch|p2b: Sneasler|Sneasler, L50, M|83/100\n|switch|p2a: Rotom|Rotom-Wash, L50|100/100\n|move|p1b: Delphox|Psychic|p2a: Rotom\n|-damage|p2a: Rotom|34/100\n|move|p1a: Incineroar|Darkest Lariat|p2b: Sneasler\n|-resisted|p2b: Sneasler|1\n|-damage|p2b: Sneasler|55/100\n|\n|-damage|p1b: Delphox|0 fnt|[from] Leech Seed|[of] p2a: Rotom\n|-heal|p2a: Rotom|47/100|[silent]\n|faint|p1b: Delphox\n|upkeep\n|\n|t:|1776018397\n|switch|p1b: Quaquaval|Quaquaval, L50, F|100/100\n|turn|6\n|\n|t:|1776018418\n|move|p2b: Sneasler|Fake Out|p1a: Incineroar\n|-damage|p1a: Incineroar|59/100\n|move|p2a: Rotom|Thunderbolt|p1b: Quaquaval\n|-supereffective|p1b: Quaquaval|1\n|-damage|p1b: Quaquaval|0 fnt\n|faint|p1b: Quaquaval\n|cant|p1a: Incineroar|flinch\n|\n|upkeep\n|\n|t:|1776018423\n|switch|p1b: Raichu|Raichu, L50, M|77/100\n|turn|7\n|\n|t:|1776018436\n|switch|p2a: Garchomp|Garchomp, L50, F|4/100\n|move|p1b: Raichu|Fake Out|p2a: Garchomp\n|-damage|p2a: Garchomp|0 fnt\n|-damage|p1b: Raichu|65/100|[from] ability: Rough Skin|[of] p2a: Garchomp\n|faint|p2a: Garchomp\n|move|p2b: Sneasler|Close Combat|p1a: Incineroar\n|-supereffective|p1a: Incineroar|1\n|-damage|p1a: Incineroar|0 fnt\n|-unboost|p2b: Sneasler|def|1\n|-unboost|p2b: Sneasler|spd|1\n|faint|p1a: Incineroar\n|\n|upkeep\n|\n|t:|1776018449\n|switch|p2a: Venusaur|Venusaur-Mega, L50, F|40/100\n|turn|8\n|-message|lerpee forfeited.\n|\n|win|debouls\n|raw|lerpee's rating: 1122 &rarr; <strong>1102</strong><br />(-20 for losing)\n|raw|debouls's rating: 1195 &rarr; <strong>1215</strong><br />(+20 for winning)\n|l|\u2606lerpee\n|player|p1|\n",
  "uploadtime": 1776018451,
  "views": 18,
  "formatid": "gen9championsvgc2026regma",
  "rating": 1102,
  "private": 0,
  "password": null
}