{
  "id": "gen9championsvgc2026regma-2586075986",
  "format": "[Gen 9 Champions] VGC 2026 Reg M-A",
  "players": [
    "sakurashinmachi",
    "JasmineThia"
  ],
  "log": "|j|\u2606sakurashinmachi\n|j|\u2606JasmineThia\n|t:|1776396387\n|gametype|doubles\n|player|p1|sakurashinmachi|lucas|1352\n|player|p2|JasmineThia|selene-masters2|1459\n|gen|9\n|tier|[Gen 9 Champions] VGC 2026 Reg M-A\n|rated|\n|rule|Species Clause: Limit one of each Pok\u00e9mon\n|rule|Item Clause: Limit 1 of each item\n|clearpoke\n|poke|p1|Floette-Eternal, L50, F|\n|poke|p1|Garchomp, L50, M|\n|poke|p1|Talonflame, L50, F|\n|poke|p1|Aegislash, L50, F|\n|poke|p1|Rotom-Wash, L50|\n|poke|p1|Maushold, L50|\n|poke|p2|Skarmory, L50, M|\n|poke|p2|Garchomp, L50, F|\n|poke|p2|Basculegion, L50, M|\n|poke|p2|Raichu, L50, M|\n|poke|p2|Glimmora, L50, F|\n|poke|p2|Gardevoir, L50, M|\n|teampreview|4\n|inactive|Battle timer is ON: inactive players will automatically lose when time's up. (requested by JasmineThia)\n|inactive|sakurashinmachi has 60 seconds left.\n|\n|t:|1776396433\n|teamsize|p1|4\n|teamsize|p2|4\n|start\n|switch|p1a: Garchomp|Garchomp, L50, M|100/100\n|switch|p1b: Rotom|Rotom-Wash, L50|100/100\n|switch|p2a: Skarmory|Skarmory, L50, M|100/100\n|switch|p2b: Basculegion|Basculegion, L50, M|100/100\n|turn|1\n|\n|t:|1776396448\n|move|p2a: Skarmory|Protect|p2a: Skarmory\n|-singleturn|p2a: Skarmory|Protect\n|move|p2b: Basculegion|Flip Turn|p1b: Rotom\n|-resisted|p1b: Rotom|1\n|-damage|p1b: Rotom|81/100\n|\n|t:|1776396449\n|switch|p2b: Raichu|Raichu, L50, M|100/100|[from] Flip Turn\n|move|p1a: Garchomp|Earthquake|p2a: Skarmory|[spread] p2b\n|-activate|p2a: Skarmory|move: Protect\n|-immune|p1b: Rotom|[from] ability: Levitate\n|-supereffective|p2b: Raichu|1\n|-enditem|p2b: Raichu|Focus Sash\n|-damage|p2b: Raichu|1/100\n|move|p1b: Rotom|Hydro Pump|p2a: Skarmory\n|-activate|p2a: Skarmory|move: Protect\n|\n|upkeep\n|turn|2\n|inactive|sakurashinmachi has 30 seconds left.\n|inactive|sakurashinmachi has 20 seconds left.\n|inactive|sakurashinmachi has 15 seconds left.\n|\n|t:|1776396490\n|switch|p1b: Maushold|Maushold, L50|100/100\n|detailschange|p2a: Skarmory|Skarmory-Mega, L50, M\n|-mega|p2a: Skarmory|Skarmory|Skarmorite\n|move|p2b: Raichu|Endeavor|p1a: Garchomp\n|-damage|p1a: Garchomp|1/100\n|-damage|p2b: Raichu|0 fnt|[from] ability: Rough Skin|[of] p1a: Garchomp\n|faint|p2b: Raichu\n|move|p2a: Skarmory|Tailwind|p2a: Skarmory\n|-sidestart|p2: JasmineThia|move: Tailwind\n|move|p1a: Garchomp|Rock Slide|p2a: Skarmory|[miss]\n|-miss|p1a: Garchomp|p2a: Skarmory\n|\n|upkeep\n|\n|t:|1776396499\n|switch|p2b: Glimmora|Glimmora, L50, F|100/100\n|turn|3\n|\n|t:|1776396523\n|move|p2a: Skarmory|Iron Head|p1b: Maushold\n|-damage|p1b: Maushold|51/100\n|move|p2b: Glimmora|Sludge Wave|p1a: Garchomp|[spread] p1a,p1b\n|-immune|p2a: Skarmory\n|-resisted|p1a: Garchomp|1\n|-damage|p1a: Garchomp|0 fnt\n|-damage|p1b: Maushold|4/100\n|faint|p1a: Garchomp\n|move|p1b: Maushold|Super Fang|p2a: Skarmory\n|-damage|p2a: Skarmory|51/100\n|\n|upkeep\n|\n|t:|1776396542\n|switch|p1a: Rotom|Rotom-Wash, L50|81/100\n|turn|4\n|\n|t:|1776396556\n|move|p2a: Skarmory|Protect|p2a: Skarmory\n|-singleturn|p2a: Skarmory|Protect\n|move|p1b: Maushold|Protect|p1b: Maushold\n|-singleturn|p1b: Maushold|Protect\n|move|p2b: Glimmora|Sludge Wave|p1b: Maushold|[spread] p1a\n|-activate|p2a: Skarmory|move: Protect\n|-activate|p1b: Maushold|move: Protect\n|-damage|p1a: Rotom|50/100\n|-status|p1a: Rotom|psn\n|-enditem|p1a: Rotom|Sitrus Berry|[eat]\n|-heal|p1a: Rotom|75/100 psn|[from] item: Sitrus Berry\n|move|p1a: Rotom|Hydro Pump|p2b: Glimmora|[miss]\n|-miss|p1a: Rotom|p2b: Glimmora\n|\n|-damage|p1a: Rotom|63/100 psn|[from] psn\n|upkeep\n|turn|5\n|inactive|sakurashinmachi has 30 seconds left.\n|\n|t:|1776396581\n|move|p1b: Maushold|Follow Me|p1b: Maushold\n|-singleturn|p1b: Maushold|move: Follow Me\n|move|p2a: Skarmory|Iron Head|p1a: Rotom\n|-resisted|p1a: Rotom|2\n|-damage|p1a: Rotom|55/100 psn\n|move|p2b: Glimmora|Sludge Wave|p1a: Rotom|[spread] p1a,p1b\n|-immune|p2a: Skarmory\n|-damage|p1a: Rotom|23/100 psn\n|-damage|p1b: Maushold|0 fnt\n|faint|p1b: Maushold\n|move|p1a: Rotom|Hydro Pump|p2b: Glimmora\n|-supereffective|p2b: Glimmora|1\n|-damage|p2b: Glimmora|0 fnt\n|faint|p2b: Glimmora\n|\n|-damage|p1a: Rotom|11/100 psn|[from] psn\n|-sideend|p2: JasmineThia|move: Tailwind\n|upkeep\n|\n|t:|1776396595\n|switch|p1b: Floette|Floette-Eternal, L50, F|100/100\n|switch|p2b: Basculegion|Basculegion, L50, M|100/100\n|turn|6\n|inactive|sakurashinmachi has 30 seconds left.\n|\n|t:|1776396624\n|detailschange|p1b: Floette|Floette-Mega, L50, F\n|-mega|p1b: Floette|Floette|Floettite\n|-ability|p1b: Floette|Fairy Aura\n|move|p2b: Basculegion|Last Respects|p1a: Rotom\n|-damage|p1a: Rotom|0 fnt\n|faint|p1a: Rotom\n|move|p2a: Skarmory|Tailwind|p2a: Skarmory\n|-sidestart|p2: JasmineThia|move: Tailwind\n|move|p1b: Floette|Dazzling Gleam|p2a: Skarmory|[spread] p2a,p2b\n|-resisted|p2a: Skarmory|1\n|-damage|p2a: Skarmory|22/100\n|-damage|p2b: Basculegion|41/100\n|\n|upkeep\n|turn|7\n|\n|t:|1776396636\n|move|p2b: Basculegion|Last Respects|p1b: Floette\n|-damage|p1b: Floette|1/100\n|move|p2a: Skarmory|Iron Head|p1b: Floette\n|-supereffective|p1b: Floette|1\n|-damage|p1b: Floette|0 fnt\n|faint|p1b: Floette\n|\n|win|JasmineThia\n|raw|sakurashinmachi's rating: 1352 &rarr; <strong>1338</strong><br />(-14 for losing)\n|raw|JasmineThia's rating: 1459 &rarr; <strong>1473</strong><br />(+14 for winning)\n",
  "uploadtime": 1776396642,
  "views": 42,
  "formatid": "gen9championsvgc2026regma",
  "rating": 1338,
  "private": 0,
  "password": null
}