{
  "id": "gen9championsvgc2026regma-2581283973",
  "format": "[Gen 9 Champions] VGC 2026 Reg M-A",
  "players": [
    "fusesrt",
    "siunhanech"
  ],
  "log": "|j|\u2606fusesrt\n|j|\u2606siunhanech\n|t:|1775981157\n|gametype|doubles\n|player|p1|fusesrt|266|1254\n|player|p2|siunhanech|cynthia-gen4|1292\n|gen|9\n|tier|[Gen 9 Champions] VGC 2026 Reg M-A\n|rated|\n|rule|Species Clause: Limit one of each Pok\u00e9mon\n|rule|Item Clause: Limit 1 of each item\n|clearpoke\n|poke|p1|Kingambit, L50, F|\n|poke|p1|Froslass, L50, F|\n|poke|p1|Glimmora, L50, F|\n|poke|p1|Sinistcha-Masterpiece, L50|\n|poke|p1|Garchomp, L50, M|\n|poke|p1|Rotom-Frost, L50|\n|poke|p2|Incineroar, L50, F|\n|poke|p2|Garchomp, L50, F|\n|poke|p2|Rotom-Wash, L50|\n|poke|p2|Orthworm, L50, M|\n|poke|p2|Basculegion, L50, M|\n|poke|p2|Froslass, L50, F|\n|teampreview|4\n|inactive|Battle timer is ON: inactive players will automatically lose when time's up. (requested by siunhanech)\n|inactive|fusesrt also wants the timer to be on.\n|\n|t:|1775981176\n|teamsize|p1|4\n|teamsize|p2|4\n|start\n|switch|p1a: Glimmora|Glimmora, L50, F|100/100\n|switch|p1b: Kingambit|Kingambit, L50, F|100/100\n|switch|p2a: Garchomp|Garchomp, L50, F|100/100\n|switch|p2b: Orthworm|Orthworm, L50, M|100/100\n|turn|1\n|j| gE1xjZRtuhW2DdT0AK\n|\n|t:|1775981183\n|switch|p1b: Rotom|Rotom-Frost, L50|100/100\n|move|p2a: Garchomp|Earthquake|p1b: Rotom|[spread] p1a\n|-immune|p2b: Orthworm|[from] ability: Earth Eater\n|-immune|p1b: Rotom|[from] ability: Levitate\n|-supereffective|p1a: Glimmora|2\n|-enditem|p1a: Glimmora|Focus Sash\n|-damage|p1a: Glimmora|1/100\n|-activate|p1a: Glimmora|ability: Toxic Debris\n|-sidestart|p2: siunhanech|move: Toxic Spikes\n|move|p1a: Glimmora|Stealth Rock|p2a: Garchomp\n|-sidestart|p2: siunhanech|move: Stealth Rock\n|move|p2b: Orthworm|Iron Defense|p2b: Orthworm\n|-boost|p2b: Orthworm|def|2\n|\n|upkeep\n|turn|2\n|\n|t:|1775981203\n|move|p1b: Rotom|Trick|p2b: Orthworm\n|-activate|p1b: Rotom|move: Trick|[of] p2b: Orthworm\n|-item|p2b: Orthworm|Choice Scarf|[from] move: Trick\n|-item|p1b: Rotom|Sitrus Berry|[from] move: Trick\n|move|p2a: Garchomp|Rock Slide|p1b: Rotom|[spread] p1a,p1b\n|-supereffective|p1b: Rotom|1\n|-damage|p1a: Glimmora|0 fnt\n|-damage|p1b: Rotom|50/100\n|-activate|p1a: Glimmora|ability: Toxic Debris\n|-sidestart|p2: siunhanech|move: Toxic Spikes\n|-enditem|p1b: Rotom|Sitrus Berry|[eat]\n|-heal|p1b: Rotom|75/100|[from] item: Sitrus Berry\n|faint|p1a: Glimmora\n|move|p2b: Orthworm|Body Press|p1b: Rotom\n|-supereffective|p1b: Rotom|1\n|-damage|p1b: Rotom|0 fnt\n|faint|p1b: Rotom\n|\n|upkeep\n|\n|t:|1775981215\n|switch|p1a: Froslass|Froslass, L50, F|100/100\n|switch|p1b: Kingambit|Kingambit, L50, F|100/100\n|turn|3\n|\n|t:|1775981223\n|detailschange|p1a: Froslass|Froslass-Mega, L50, F\n|-mega|p1a: Froslass|Froslass|Froslassite\n|-weather|Snowscape|[from] ability: Snow Warning|[of] p1a: Froslass\n|move|p1b: Kingambit|Protect|p1b: Kingambit\n|-singleturn|p1b: Kingambit|Protect\n|move|p1a: Froslass|Blizzard|p2a: Garchomp|[spread] p2a,p2b\n|-supereffective|p2a: Garchomp|2\n|-resisted|p2b: Orthworm|1\n|-enditem|p2a: Garchomp|Focus Sash\n|-damage|p2a: Garchomp|1/100\n|-damage|p2b: Orthworm|63/100\n|-status|p2a: Garchomp|frz\n|-status|p2b: Orthworm|frz\n|cant|p2a: Garchomp|frz\n|cant|p2b: Orthworm|frz\n|\n|-weather|Snowscape|[upkeep]\n|upkeep\n|turn|4\n|\n|t:|1775981242\n|move|p1a: Froslass|Blizzard|p2a: Garchomp|[spread] p2a,p2b\n|-supereffective|p2a: Garchomp|2\n|-resisted|p2b: Orthworm|1\n|-damage|p2a: Garchomp|0 fnt\n|-damage|p2b: Orthworm|26/100 frz\n|faint|p2a: Garchomp\n|-curestatus|p2b: Orthworm|frz|[msg]\n|move|p2b: Orthworm|Body Press|p1b: Kingambit\n|-supereffective|p1b: Kingambit|2\n|-damage|p1b: Kingambit|0 fnt\n|faint|p1b: Kingambit\n|\n|-weather|Snowscape|[upkeep]\n|upkeep\n|\n|t:|1775981253\n|switch|p2a: Rotom|Rotom-Wash, L50|100/100\n|-damage|p2a: Rotom|88/100|[from] Stealth Rock\n|turn|5\n|\n|t:|1775981259\n|move|p1a: Froslass|Aurora Veil|p1a: Froslass\n|-sidestart|p1: fusesrt|move: Aurora Veil\n|move|p2b: Orthworm|Body Press|p1a: Froslass\n|-immune|p1a: Froslass\n|move|p2a: Rotom|Eerie Impulse|p1a: Froslass\n|-unboost|p1a: Froslass|spa|2\n|\n|-weather|Snowscape|[upkeep]\n|-heal|p2a: Rotom|94/100|[from] item: Leftovers\n|upkeep\n|turn|6\n|\n|t:|1775981264\n|move|p1a: Froslass|Shadow Ball|p2a: Rotom\n|-damage|p2a: Rotom|76/100\n|-unboost|p2a: Rotom|spd|1\n|move|p2b: Orthworm|Body Press|p1a: Froslass\n|-immune|p1a: Froslass\n|move|p2a: Rotom|Will-O-Wisp|p1a: Froslass\n|-status|p1a: Froslass|brn\n|\n|-weather|Snowscape|[upkeep]\n|-heal|p2a: Rotom|82/100|[from] item: Leftovers\n|-damage|p1a: Froslass|94/100 brn|[from] brn\n|upkeep\n|turn|7\n|\n|t:|1775981274\n|move|p1a: Froslass|Shadow Ball|p2a: Rotom\n|-damage|p2a: Rotom|51/100\n|move|p2b: Orthworm|Body Press|p1a: Froslass\n|-immune|p1a: Froslass\n|move|p2a: Rotom|Eerie Impulse|p1a: Froslass\n|-unboost|p1a: Froslass|spa|2\n|\n|-weather|none\n|-heal|p2a: Rotom|57/100|[from] item: Leftovers\n|-damage|p1a: Froslass|88/100 brn|[from] brn\n|upkeep\n|turn|8\n|\n|t:|1775981282\n|move|p1a: Froslass|Shadow Ball|p2a: Rotom\n|-damage|p2a: Rotom|36/100\n|move|p2b: Orthworm|Body Press|p1a: Froslass\n|-immune|p1a: Froslass\n|move|p2a: Rotom|Electroweb|p1a: Froslass|[miss]\n|-miss|p2a: Rotom|p1a: Froslass\n|\n|-heal|p2a: Rotom|42/100|[from] item: Leftovers\n|-damage|p1a: Froslass|82/100 brn|[from] brn\n|upkeep\n|turn|9\n|\n|t:|1775981287\n|move|p1a: Froslass|Shadow Ball|p2a: Rotom\n|-damage|p2a: Rotom|23/100\n|-unboost|p2a: Rotom|spd|1\n|move|p2b: Orthworm|Body Press|p1a: Froslass\n|-immune|p1a: Froslass\n|move|p2a: Rotom|Electroweb|p1a: Froslass\n|-damage|p1a: Froslass|64/100 brn\n|-unboost|p1a: Froslass|spe|1\n|\n|-heal|p2a: Rotom|29/100|[from] item: Leftovers\n|-damage|p1a: Froslass|58/100 brn|[from] brn\n|-sideend|p1: fusesrt|move: Aurora Veil\n|upkeep\n|turn|10\n|\n|t:|1775981302\n|move|p2b: Orthworm|Body Press|p1a: Froslass\n|-immune|p1a: Froslass\n|move|p1a: Froslass|Shadow Ball|p2a: Rotom\n|-damage|p2a: Rotom|1/100\n|move|p2a: Rotom|Electroweb|p1a: Froslass\n|-damage|p1a: Froslass|29/100 brn\n|-unboost|p1a: Froslass|spe|1\n|\n|-heal|p2a: Rotom|7/100|[from] item: Leftovers\n|-damage|p1a: Froslass|23/100 brn|[from] brn\n|upkeep\n|turn|11\n|\n|t:|1775981310\n|move|p2b: Orthworm|Body Press|p1a: Froslass\n|-immune|p1a: Froslass\n|move|p2a: Rotom|Electroweb|p1a: Froslass\n|-damage|p1a: Froslass|0 fnt\n|faint|p1a: Froslass\n|\n|win|siunhanech\n|raw|fusesrt's rating: 1254 &rarr; <strong>1232</strong><br />(-22 for losing)\n|raw|siunhanech's rating: 1292 &rarr; <strong>1314</strong><br />(+22 for winning)\n|l|\u2606fusesrt\n|player|p1|\n|l|\u2606siunhanech\n|player|p2|\n",
  "uploadtime": 1775981321,
  "views": 38,
  "formatid": "gen9championsvgc2026regma",
  "rating": 1232,
  "private": 0,
  "password": null
}