{
  "id": "gen9championsvgc2026regma-2589408842",
  "format": "[Gen 9 Champions] VGC 2026 Reg M-A",
  "players": [
    "Peramon",
    "isuckplsbegentle"
  ],
  "log": "|j|\u2606Peramon\n|j|\u2606isuckplsbegentle\n|t:|1776720543\n|gametype|doubles\n|player|p1|Peramon|101|1042\n|player|p2|isuckplsbegentle|1|1129\n|gen|9\n|tier|[Gen 9 Champions] VGC 2026 Reg M-A\n|rated|\n|rule|Species Clause: Limit one of each Pok\u00e9mon\n|rule|Item Clause: Limit 1 of each item\n|clearpoke\n|poke|p1|Kangaskhan, L50, F|\n|poke|p1|Hatterene, L50, F|\n|poke|p1|Incineroar, L50, F|\n|poke|p1|Sinistcha, L50|\n|poke|p1|Rotom-Wash, L50|\n|poke|p1|Noivern, L50, F|\n|poke|p2|Feraligatr, L50, M, shiny|\n|poke|p2|Sneasler, L50, M, shiny|\n|poke|p2|Kingambit, L50, M, shiny|\n|poke|p2|Aerodactyl, L50, M|\n|poke|p2|Incineroar, L50, M|\n|poke|p2|Floette-Eternal, L50, F|\n|teampreview|4\n|inactive|Battle timer is ON: inactive players will automatically lose when time's up. (requested by isuckplsbegentle)\n|inactive|isuckplsbegentle has 60 seconds left.\n|\n|t:|1776720590\n|teamsize|p1|4\n|teamsize|p2|4\n|start\n|switch|p1a: Noivern|Noivern, L50, F|100/100\n|switch|p1b: Kangaskhan|Kangaskhan, L50, F|100/100\n|switch|p2a: Incineroar|Incineroar, L50, M|100/100\n|switch|p2b: Sneasler|Sneasler, L50, M, shiny|100/100\n|-item|p2a: Incineroar|Sitrus Berry|[from] ability: Frisk|[of] p1a: Noivern\n|-item|p2b: Sneasler|White Herb|[from] ability: Frisk|[of] p1a: Noivern\n|-ability|p2a: Incineroar|Intimidate|boost\n|-unboost|p1a: Noivern|atk|1\n|-unboost|p1b: Kangaskhan|atk|1\n|turn|1\n|inactive|Peramon has 30 seconds left.\n|\n|t:|1776720618\n|detailschange|p1b: Kangaskhan|Kangaskhan-Mega, L50, F\n|-mega|p1b: Kangaskhan|Kangaskhan|Kangaskhanite\n|move|p2b: Sneasler|Fake Out|p1b: Kangaskhan\n|-damage|p1b: Kangaskhan|89/100\n|cant|p1b: Kangaskhan|flinch\n|move|p2a: Incineroar|Fake Out|p1a: Noivern\n|-damage|p1a: Noivern|86/100\n|cant|p1a: Noivern|flinch\n|\n|upkeep\n|turn|2\n|\n|t:|1776720630\n|move|p1a: Noivern|Air Slash|p2b: Sneasler\n|-supereffective|p2b: Sneasler|1\n|-damage|p2b: Sneasler|26/100\n|move|p2b: Sneasler|Close Combat|p1b: Kangaskhan\n|-supereffective|p1b: Kangaskhan|1\n|-damage|p1b: Kangaskhan|0 fnt\n|-unboost|p2b: Sneasler|def|1\n|-unboost|p2b: Sneasler|spd|1\n|faint|p1b: Kangaskhan\n|-enditem|p2b: Sneasler|White Herb\n|-clearnegativeboost|p2b: Sneasler|[silent]\n|move|p2a: Incineroar|Parting Shot|p1a: Noivern\n|-unboost|p1a: Noivern|atk|1\n|-unboost|p1a: Noivern|spa|1\n|\n|t:|1776720641\n|switch|p2a: Aerodactyl|Aerodactyl, L50, M|100/100|[from] Parting Shot\n|-ability|p2a: Aerodactyl|Unnerve\n|\n|upkeep\n|\n|t:|1776720653\n|switch|p1b: Sinistcha|Sinistcha, L50|100/100\n|-heal|p1a: Noivern|100/100|[from] ability: Hospitality|[of] p1b: Sinistcha\n|turn|3\n|\n|t:|1776720669\n|switch|p2b: Incineroar|Incineroar, L50, M|100/100\n|-ability|p2b: Incineroar|Intimidate|boost\n|-unboost|p1a: Noivern|atk|1\n|-unboost|p1b: Sinistcha|atk|1\n|switch|p1a: Incineroar|Incineroar, L50, F|100/100\n|-ability|p1a: Incineroar|Intimidate|boost\n|-unboost|p2a: Aerodactyl|atk|1\n|-unboost|p2b: Incineroar|atk|1\n|move|p2a: Aerodactyl|Tailwind|p2a: Aerodactyl\n|-sidestart|p2: isuckplsbegentle|move: Tailwind\n|move|p1b: Sinistcha|Scald|p2a: Aerodactyl\n|-supereffective|p2a: Aerodactyl|1\n|-damage|p2a: Aerodactyl|34/100\n|\n|upkeep\n|turn|4\n|\n|t:|1776720690\n|move|p1a: Incineroar|Fake Out|p2a: Aerodactyl\n|-resisted|p2a: Aerodactyl|1\n|-damage|p2a: Aerodactyl|24/100\n|cant|p2a: Aerodactyl|flinch\n|move|p2b: Incineroar|Parting Shot|p1b: Sinistcha\n|-unboost|p1b: Sinistcha|atk|1\n|-unboost|p1b: Sinistcha|spa|1\n|\n|t:|1776720700\n|switch|p2b: Feraligatr|Feraligatr, L50, M, shiny|100/100|[from] Parting Shot\n|move|p1b: Sinistcha|Scald|p2a: Aerodactyl\n|-supereffective|p2a: Aerodactyl|1\n|-damage|p2a: Aerodactyl|0 fnt\n|faint|p2a: Aerodactyl\n|\n|upkeep\n|\n|t:|1776720705\n|switch|p2a: Sneasler|Sneasler, L50, M, shiny|26/100\n|turn|5\n|inactive|Peramon has 30 seconds left.\n|\n|t:|1776720732\n|detailschange|p2b: Feraligatr|Feraligatr-Mega, L50, M, shiny\n|-mega|p2b: Feraligatr|Feraligatr|Feraligite\n|move|p2a: Sneasler|Fake Out|p1a: Incineroar\n|-damage|p1a: Incineroar|88/100\n|move|p2b: Feraligatr|Double-Edge|p1b: Sinistcha\n|-damage|p1b: Sinistcha|33/100\n|-damage|p2b: Feraligatr|78/100|[from] Recoil\n|move|p1b: Sinistcha|Matcha Gotcha|p2b: Feraligatr|[spread] p2a,p2b\n|-resisted|p2a: Sneasler|1\n|-damage|p2a: Sneasler|15/100\n|-heal|p1b: Sinistcha|39/100|[from] drain|[of] p2a: Sneasler\n|-damage|p2b: Feraligatr|62/100\n|-heal|p1b: Sinistcha|47/100|[from] drain|[of] p2b: Feraligatr\n|-status|p2b: Feraligatr|brn\n|cant|p1a: Incineroar|flinch\n|\n|-damage|p2b: Feraligatr|55/100 brn|[from] brn\n|upkeep\n|turn|6\n|inactive|Peramon has 30 seconds left.\n|inactive|isuckplsbegentle has 30 seconds left.\n|inactive|isuckplsbegentle has 20 seconds left.\n|\n|t:|1776720769\n|move|p2a: Sneasler|Close Combat|p1a: Incineroar\n|-supereffective|p1a: Incineroar|1\n|-damage|p1a: Incineroar|0 fnt\n|-unboost|p2a: Sneasler|def|1\n|-unboost|p2a: Sneasler|spd|1\n|faint|p1a: Incineroar\n|move|p2b: Feraligatr|Flip Turn|p1b: Sinistcha\n|-resisted|p1b: Sinistcha|1\n|-damage|p1b: Sinistcha|40/100\n|\n|t:|1776720777\n|switch|p2b: Incineroar|Incineroar, L50, M|100/100|[from] Flip Turn\n|-ability|p2b: Incineroar|Intimidate|boost\n|-unboost|p1b: Sinistcha|atk|1\n|move|p1b: Sinistcha|Scald|p2a: Sneasler\n|-damage|p2a: Sneasler|0 fnt\n|faint|p2a: Sneasler\n|\n|-sideend|p2: isuckplsbegentle|move: Tailwind\n|upkeep\n|\n|t:|1776720788\n|switch|p2a: Feraligatr|Feraligatr-Mega, L50, M, shiny|55/100 brn\n|switch|p1a: Noivern|Noivern, L50, F|100/100\n|-item|p2a: Feraligatr|Feraligite|[from] ability: Frisk|[of] p1a: Noivern\n|-item|p2b: Incineroar|Sitrus Berry|[from] ability: Frisk|[of] p1a: Noivern\n|turn|7\n|-activate|p1a: Noivern|item: Quick Claw\n|\n|t:|1776720799\n|move|p2b: Incineroar|Fake Out|p1a: Noivern\n|-damage|p1a: Noivern|86/100\n|cant|p1a: Noivern|flinch\n|move|p2a: Feraligatr|Double-Edge|p1a: Noivern\n|-supereffective|p1a: Noivern|1\n|-damage|p1a: Noivern|0 fnt\n|faint|p1a: Noivern\n|-damage|p2a: Feraligatr|30/100 brn|[from] Recoil\n|move|p1b: Sinistcha|Scald|p2b: Incineroar\n|-supereffective|p2b: Incineroar|1\n|-damage|p2b: Incineroar|78/100\n|\n|-damage|p2a: Feraligatr|24/100 brn|[from] brn\n|upkeep\n|turn|8\n|c|\u2606Peramon|gg\n|\n|t:|1776720819\n|move|p2a: Feraligatr|Double-Edge|p1b: Sinistcha\n|-damage|p1b: Sinistcha|7/100\n|-damage|p2a: Feraligatr|13/100 brn|[from] Recoil\n|move|p1b: Sinistcha|Strength Sap|p2a: Feraligatr\n|-unboost|p2a: Feraligatr|atk|1\n|-heal|p1b: Sinistcha|100/100\n|move|p2b: Incineroar|Flare Blitz|p1b: Sinistcha\n|-supereffective|p1b: Sinistcha|1\n|-damage|p1b: Sinistcha|30/100\n|-damage|p2b: Incineroar|57/100|[from] Recoil\n|\n|-damage|p2a: Feraligatr|7/100 brn|[from] brn\n|upkeep\n|turn|9\n|\n|t:|1776720832\n|move|p2a: Feraligatr|Protect|p2a: Feraligatr\n|-singleturn|p2a: Feraligatr|Protect\n|move|p1b: Sinistcha|Strength Sap|p2b: Incineroar\n|-unboost|p2b: Incineroar|atk|1\n|-heal|p1b: Sinistcha|100/100\n|move|p2b: Incineroar|Flare Blitz|p1b: Sinistcha\n|-supereffective|p1b: Sinistcha|1\n|-damage|p1b: Sinistcha|53/100\n|-damage|p2b: Incineroar|43/100|[from] Recoil\n|-enditem|p2b: Incineroar|Sitrus Berry|[eat]\n|-heal|p2b: Incineroar|68/100|[from] item: Sitrus Berry\n|\n|-damage|p2a: Feraligatr|0 fnt|[from] brn\n|faint|p2a: Feraligatr\n|upkeep\n|turn|10\n|\n|t:|1776720846\n|move|p1b: Sinistcha|Strength Sap|p2b: Incineroar\n|-unboost|p2b: Incineroar|atk|1\n|-heal|p1b: Sinistcha|100/100\n|move|p2b: Incineroar|Parting Shot|p1b: Sinistcha\n|-unboost|p1b: Sinistcha|atk|1\n|-unboost|p1b: Sinistcha|spa|1\n|\n|upkeep\n|turn|11\n|\n|t:|1776720859\n|move|p1b: Sinistcha|Scald|p2b: Incineroar\n|-supereffective|p2b: Incineroar|1\n|-damage|p2b: Incineroar|51/100\n|move|p2b: Incineroar|Parting Shot|p1b: Sinistcha\n|-unboost|p1b: Sinistcha|atk|1\n|-unboost|p1b: Sinistcha|spa|1\n|\n|upkeep\n|turn|12\n|\n|t:|1776720866\n|move|p1b: Sinistcha|Scald|p2b: Incineroar\n|-supereffective|p2b: Incineroar|1\n|-damage|p2b: Incineroar|38/100\n|move|p2b: Incineroar|Throat Chop|p1b: Sinistcha\n|-supereffective|p1b: Sinistcha|1\n|-damage|p1b: Sinistcha|76/100\n|-start|p1b: Sinistcha|Throat Chop|[silent]\n|\n|upkeep\n|turn|13\n|\n|t:|1776720876\n|move|p1b: Sinistcha|Scald|p2b: Incineroar\n|-supereffective|p2b: Incineroar|1\n|-damage|p2b: Incineroar|22/100\n|move|p2b: Incineroar|Throat Chop|p1b: Sinistcha\n|-supereffective|p1b: Sinistcha|1\n|-damage|p1b: Sinistcha|51/100\n|\n|-end|p1b: Sinistcha|Throat Chop|[silent]\n|upkeep\n|turn|14\n|\n|t:|1776720884\n|move|p1b: Sinistcha|Scald|p2b: Incineroar\n|-supereffective|p2b: Incineroar|1\n|-damage|p2b: Incineroar|7/100\n|move|p2b: Incineroar|Throat Chop|p1b: Sinistcha\n|-supereffective|p1b: Sinistcha|1\n|-damage|p1b: Sinistcha|26/100\n|-start|p1b: Sinistcha|Throat Chop|[silent]\n|\n|upkeep\n|turn|15\n|\n|t:|1776720891\n|move|p1b: Sinistcha|Scald|p2b: Incineroar\n|-supereffective|p2b: Incineroar|1\n|-damage|p2b: Incineroar|0 fnt\n|faint|p2b: Incineroar\n|\n|win|Peramon\n|raw|Peramon's rating: 1042 &rarr; <strong>1084</strong><br />(+42 for winning)\n|raw|isuckplsbegentle's rating: 1129 &rarr; <strong>1098</strong><br />(-31 for losing)\n|l|\u2606isuckplsbegentle\n|player|p2|\n",
  "uploadtime": 1776720898,
  "views": 5,
  "formatid": "gen9championsvgc2026regma",
  "rating": 1084,
  "private": 0,
  "password": null
}