{
  "id": "gen9championsvgc2026regma-2588017919",
  "format": "[Gen 9 Champions] VGC 2026 Reg M-A",
  "players": [
    "DaytonDoes",
    "AlePesce"
  ],
  "log": "|j|\u2606DaytonDoes\n|j|\u2606AlePesce\n|t:|1776593585\n|gametype|doubles\n|player|p1|DaytonDoes|cameraman|1120\n|player|p2|AlePesce|266|1153\n|gen|9\n|tier|[Gen 9 Champions] VGC 2026 Reg M-A\n|rated|\n|rule|Species Clause: Limit one of each Pok\u00e9mon\n|rule|Item Clause: Limit 1 of each item\n|clearpoke\n|poke|p1|Farigiraf, L50, F|\n|poke|p1|Camerupt, L50, M|\n|poke|p1|Oranguru, L50, M|\n|poke|p1|Incineroar, L50, M|\n|poke|p1|Sinistcha, L50|\n|poke|p1|Conkeldurr, L50, M|\n|poke|p2|Talonflame, L50, M|\n|poke|p2|Garchomp, L50, F|\n|poke|p2|Glimmora, L50, M|\n|poke|p2|Rotom-Wash, L50|\n|poke|p2|Kangaskhan, L50, F|\n|poke|p2|Gallade, L50, M|\n|teampreview|4\nDaytonDoes has agreed to open team sheets.\n|\n|t:|1776593667\n|teamsize|p1|4\n|teamsize|p2|4\n|start\n|switch|p1a: Incineroar|Incineroar, L50, M|100/100\n|switch|p1b: Oranguru|Oranguru, L50, M|100/100\n|switch|p2a: Kangaskhan|Kangaskhan, L50, F|100/100\n|switch|p2b: Garchomp|Garchomp, L50, F|100/100\n|-ability|p1a: Incineroar|Intimidate|boost\n|-fail|p2a: Kangaskhan|unboost|Attack|[from] ability: Scrappy|[of] p2a: Kangaskhan\n|-unboost|p2b: Garchomp|atk|1\n|turn|1\n|\n|t:|1776593732\n|detailschange|p2a: Kangaskhan|Kangaskhan-Mega, L50, F\n|-mega|p2a: Kangaskhan|Kangaskhan|Kangaskhanite\n|move|p1a: Incineroar|Fake Out|p2a: Kangaskhan\n|-damage|p2a: Kangaskhan|91/100\n|move|p2b: Garchomp|Stomping Tantrum|p1a: Incineroar\n|-supereffective|p1a: Incineroar|1\n|-damage|p1a: Incineroar|49/100\n|-enditem|p1a: Incineroar|Sitrus Berry|[eat]\n|-heal|p1a: Incineroar|74/100|[from] item: Sitrus Berry\n|cant|p2a: Kangaskhan|flinch\n|move|p1b: Oranguru|Trick Room|p1b: Oranguru\n|-fieldstart|move: Trick Room|[of] p1b: Oranguru\n|\n|upkeep\n|turn|2\n|\n|t:|1776593777\n|move|p1b: Oranguru|Foul Play|p2a: Kangaskhan\n|-damage|p2a: Kangaskhan|64/100\n|move|p1a: Incineroar|Parting Shot|p2b: Garchomp\n|-unboost|p2b: Garchomp|atk|1\n|-unboost|p2b: Garchomp|spa|1\n|\n|t:|1776593784\n|switch|p1a: Camerupt|Camerupt, L50, M|100/100|[from] Parting Shot\n|move|p2a: Kangaskhan|Drain Punch|p1b: Oranguru\n|-damage|p1b: Oranguru|68/100\n|-heal|p2a: Kangaskhan|79/100|[from] drain|[of] p1b: Oranguru\n|-damage|p1b: Oranguru|61/100\n|-heal|p2a: Kangaskhan|82/100|[from] drain|[of] p1b: Oranguru\n|-hitcount|p1b: Oranguru|2\n|move|p2b: Garchomp|Stomping Tantrum|p1a: Camerupt\n|-supereffective|p1a: Camerupt|1\n|-damage|p1a: Camerupt|55/100\n|\n|-heal|p1b: Oranguru|67/100|[from] item: Leftovers\n|upkeep\n|turn|3\n|l|\u2606AlePesce\n|player|p2|\n|j|\u2606AlePesce\n|player|p2|AlePesce|266|\n|\n|t:|1776593820\n|switch|p2b: Rotom|Rotom-Wash, L50|100/100\n|detailschange|p1a: Camerupt|Camerupt-Mega, L50, M\n|-mega|p1a: Camerupt|Camerupt|Cameruptite\n|move|p1a: Camerupt|Heat Wave|p2a: Kangaskhan|[spread] p2a,p2b\n|-resisted|p2b: Rotom|1\n|-damage|p2a: Kangaskhan|38/100\n|-damage|p2b: Rotom|74/100\n|move|p1b: Oranguru|Instruct|p1a: Camerupt\n|-singleturn|p1a: Camerupt|move: Instruct|[of] p1b: Oranguru\n|move|p1a: Camerupt|Heat Wave|p2a: Kangaskhan|[spread] p2a,p2b\n|-resisted|p2b: Rotom|1\n|-damage|p2a: Kangaskhan|0 fnt\n|-damage|p2b: Rotom|47/100\n|-enditem|p2b: Rotom|Sitrus Berry|[eat]\n|-heal|p2b: Rotom|72/100|[from] item: Sitrus Berry\n|faint|p2a: Kangaskhan\n|\n|-heal|p1b: Oranguru|73/100|[from] item: Leftovers\n|upkeep\n|\n|t:|1776593843\n|switch|p2a: Garchomp|Garchomp, L50, F|100/100\n|turn|4\n|\n|t:|1776593865\n|move|p1a: Camerupt|Earth Power|p2a: Garchomp\n|-damage|p2a: Garchomp|26/100\n|move|p1b: Oranguru|Instruct|p1a: Camerupt\n|-singleturn|p1a: Camerupt|move: Instruct|[of] p1b: Oranguru\n|move|p1a: Camerupt|Earth Power|p2a: Garchomp\n|-damage|p2a: Garchomp|0 fnt\n|faint|p2a: Garchomp\n|move|p2b: Rotom|Thunderbolt|p1b: Oranguru\n|-damage|p1b: Oranguru|50/100\n|\n|-heal|p1b: Oranguru|56/100|[from] item: Leftovers\n|upkeep\n|\n|t:|1776593879\n|switch|p2a: Gallade|Gallade, L50, M|100/100\n|turn|5\n|\n|t:|1776593892\n|move|p1a: Camerupt|Heat Wave|p2b: Rotom|[spread] p2a,p2b\n|-resisted|p2b: Rotom|1\n|-damage|p2a: Gallade|40/100\n|-damage|p2b: Rotom|43/100\n|move|p1b: Oranguru|Instruct|p1a: Camerupt\n|-singleturn|p1a: Camerupt|move: Instruct|[of] p1b: Oranguru\n|move|p1a: Camerupt|Heat Wave|p2a: Gallade|[spread] p2a,p2b\n|-resisted|p2b: Rotom|1\n|-damage|p2a: Gallade|0 fnt\n|-damage|p2b: Rotom|15/100\n|faint|p2a: Gallade\n|move|p2b: Rotom|Hydro Pump|p1a: Camerupt\n|-supereffective|p1a: Camerupt|2\n|-damage|p1a: Camerupt|0 fnt\n|faint|p1a: Camerupt\n|\n|-heal|p1b: Oranguru|62/100|[from] item: Leftovers\n|-fieldend|move: Trick Room\n|upkeep\n|\n|t:|1776593910\n|switch|p1a: Farigiraf|Farigiraf, L50, F|100/100\n|turn|6\n|\n|t:|1776593917\n|move|p2b: Rotom|Hydro Pump|p1b: Oranguru\n|-damage|p1b: Oranguru|34/100\n|move|p1a: Farigiraf|Psychic Noise|p2b: Rotom\n|-damage|p2b: Rotom|0 fnt\n|faint|p2b: Rotom\n|\n|win|DaytonDoes\n|raw|DaytonDoes's rating: 1120 &rarr; <strong>1147</strong><br />(+27 for winning)\n|raw|AlePesce's rating: 1153 &rarr; <strong>1126</strong><br />(-27 for losing)\n|l|\u2606AlePesce\n|player|p2|\n",
  "uploadtime": 1776593929,
  "views": 8,
  "formatid": "gen9championsvgc2026regma",
  "rating": 1126,
  "private": 0,
  "password": null
}