{
  "id": "gen9championsvgc2026regma-2582745553",
  "format": "[Gen 9 Champions] VGC 2026 Reg M-A",
  "players": [
    "thealex610",
    "holdingb"
  ],
  "log": "|j|\u2606thealex610\n|j|\u2606holdingb\n|t:|1776111188\n|gametype|doubles\n|player|p1|thealex610|265|1168\n|player|p2|holdingb|anabel-gen7|1253\n|gen|9\n|tier|[Gen 9 Champions] VGC 2026 Reg M-A\n|rated|\n|rule|Species Clause: Limit one of each Pok\u00e9mon\n|rule|Item Clause: Limit 1 of each item\n|clearpoke\n|poke|p1|Sneasler, L50, M|\n|poke|p1|Talonflame, L50, F|\n|poke|p1|Milotic, L50, F|\n|poke|p1|Aegislash, L50, F|\n|poke|p1|Scizor, L50, F|\n|poke|p1|Tyranitar, L50, F|\n|poke|p2|Blastoise, L50, M|\n|poke|p2|Sneasler, L50, F|\n|poke|p2|Garchomp, L50, F|\n|poke|p2|Aerodactyl, L50, M|\n|poke|p2|Sylveon, L50, M|\n|poke|p2|Sinistcha, L50|\n|teampreview|4\n|inactive|Battle timer is ON: inactive players will automatically lose when time's up. (requested by holdingb)\n|\n|t:|1776111210\n|teamsize|p1|4\n|teamsize|p2|4\n|start\n|switch|p1a: Sneasler|Sneasler, L50, M|100/100\n|switch|p1b: Talonflame|Talonflame, L50, F|100/100\n|switch|p2a: Aerodactyl|Aerodactyl, L50, M|100/100\n|switch|p2b: Garchomp|Garchomp, L50, F|100/100\n|-ability|p2a: Aerodactyl|Unnerve\n|turn|1\n|\n|t:|1776111235\n|move|p1a: Sneasler|Fake Out|p2b: Garchomp\n|-damage|p2b: Garchomp|86/100\n|-damage|p1a: Sneasler|88/100|[from] ability: Rough Skin|[of] p2b: Garchomp\n|move|p1b: Talonflame|Tailwind|p1b: Talonflame\n|-sidestart|p1: thealex610|move: Tailwind\n|cant|p2b: Garchomp|flinch\n|move|p2a: Aerodactyl|Tailwind|p2a: Aerodactyl\n|-sidestart|p2: holdingb|move: Tailwind\n|\n|upkeep\n|turn|2\n|\n|t:|1776111254\n|move|p1b: Talonflame|Protect|p1b: Talonflame\n|-singleturn|p1b: Talonflame|Protect\n|move|p2b: Garchomp|Rock Slide|p1b: Talonflame|[spread] p1a\n|-activate|p1b: Talonflame|move: Protect\n|-resisted|p1a: Sneasler|1\n|-damage|p1a: Sneasler|70/100\n|move|p2a: Aerodactyl|Dual Wingbeat|p1a: Sneasler\n|-supereffective|p1a: Sneasler|1\n|-damage|p1a: Sneasler|8/100\n|-supereffective|p1a: Sneasler|1\n|-damage|p1a: Sneasler|0 fnt\n|faint|p1a: Sneasler\n|-hitcount|p1: Sneasler|2\n|\n|upkeep\n|\n|t:|1776111268\n|switch|p1a: Tyranitar|Tyranitar, L50, F|100/100\n|-weather|Sandstorm|[from] ability: Sand Stream|[of] p1a: Tyranitar\n|turn|3\n|\n|t:|1776111287\n|move|p2a: Aerodactyl|Protect|p2a: Aerodactyl\n|-singleturn|p2a: Aerodactyl|Protect\n|move|p1b: Talonflame|Brave Bird|p2b: Garchomp\n|-damage|p2b: Garchomp|31/100\n|-damage|p1b: Talonflame|88/100|[from] ability: Rough Skin|[of] p2b: Garchomp\n|-damage|p1b: Talonflame|66/100|[from] Recoil\n|move|p2b: Garchomp|Rock Slide|p1b: Talonflame|[spread] p1a,p1b\n|-supereffective|p1b: Talonflame|2\n|-damage|p1a: Tyranitar|83/100\n|-damage|p1b: Talonflame|0 fnt\n|faint|p1b: Talonflame\n|cant|p1a: Tyranitar|flinch\n|\n|-weather|Sandstorm|[upkeep]\n|upkeep\n|\n|t:|1776111303\n|switch|p1b: Scizor|Scizor, L50, F, shiny|100/100\n|turn|4\n|\n|t:|1776111316\n|detailschange|p1b: Scizor|Scizor-Mega, L50, F, shiny\n|-mega|p1b: Scizor|Scizor|Scizorite\n|move|p2b: Garchomp|Rock Slide|p1b: Scizor|[spread] p1a,p1b\n|-damage|p1a: Tyranitar|64/100\n|-damage|p1b: Scizor|81/100\n|move|p2a: Aerodactyl|Rock Slide|p1a: Tyranitar|[spread] p1a,p1b\n|-damage|p1a: Tyranitar|42/100\n|-damage|p1b: Scizor|57/100\n|cant|p1b: Scizor|flinch\n|move|p1a: Tyranitar|Knock Off|p2a: Aerodactyl\n|-damage|p2a: Aerodactyl|12/100\n|-enditem|p2a: Aerodactyl|Focus Sash|[from] move: Knock Off|[of] p1a: Tyranitar\n|\n|-weather|Sandstorm|[upkeep]\n|-sideend|p2: holdingb|move: Tailwind\n|-sideend|p1: thealex610|move: Tailwind\n|upkeep\n|turn|5\n|\n|t:|1776111337\n|move|p1b: Scizor|Bullet Punch|p2a: Aerodactyl\n|-supereffective|p2a: Aerodactyl|1\n|-damage|p2a: Aerodactyl|0 fnt\n|faint|p2a: Aerodactyl\n|move|p2b: Garchomp|Rock Slide|p1b: Scizor|[spread] p1a,p1b\n|-damage|p1a: Tyranitar|23/100\n|-damage|p1b: Scizor|39/100\n|move|p1a: Tyranitar|Rock Slide|p2b: Garchomp|[miss]\n|-miss|p1a: Tyranitar|p2b: Garchomp\n|\n|-weather|Sandstorm|[upkeep]\n|upkeep\n|\n|t:|1776111346\n|switch|p2a: Blastoise|Blastoise, L50, M|100/100\n|turn|6\n|\n|t:|1776111361\n|detailschange|p2a: Blastoise|Blastoise-Mega, L50, M\n|-mega|p2a: Blastoise|Blastoise|Blastoisinite\n|move|p1b: Scizor|Bullet Punch|p2b: Garchomp\n|-damage|p2b: Garchomp|0 fnt\n|-damage|p1b: Scizor|27/100|[from] ability: Rough Skin|[of] p2b: Garchomp\n|faint|p2b: Garchomp\n|move|p2a: Blastoise|Water Spout|p1a: Tyranitar|[spread] p1a,p1b\n|-supereffective|p1a: Tyranitar|1\n|-crit|p1a: Tyranitar\n|-damage|p1a: Tyranitar|0 fnt\n|-damage|p1b: Scizor|0 fnt\n|faint|p1a: Tyranitar\n|faint|p1b: Scizor\n|\n|win|holdingb\n|raw|thealex610's rating: 1168 &rarr; <strong>1149</strong><br />(-19 for losing)\n|raw|holdingb's rating: 1253 &rarr; <strong>1272</strong><br />(+19 for winning)\n|l|\u2606holdingb\n|player|p2|\n",
  "uploadtime": 1776111376,
  "views": 32,
  "formatid": "gen9championsvgc2026regma",
  "rating": 1149,
  "private": 0,
  "password": null
}