{
  "id": "gen9championsvgc2026regma-2585291047",
  "format": "[Gen 9 Champions] VGC 2026 Reg M-A",
  "players": [
    "Swapnil50",
    "comprestrict"
  ],
  "log": "|j|\u2606Swapnil50\n|j|\u2606comprestrict\n|t:|1776334443\n|gametype|doubles\n|player|p1|Swapnil50|1|1042\n|player|p2|comprestrict|266|1083\n|gen|9\n|tier|[Gen 9 Champions] VGC 2026 Reg M-A\n|rated|\n|rule|Species Clause: Limit one of each Pok\u00e9mon\n|rule|Item Clause: Limit 1 of each item\n|clearpoke\n|poke|p1|Aggron, L50, M|\n|poke|p1|Sinistcha, L50|\n|poke|p1|Crabominable, L50, F|\n|poke|p1|Slowking-Galar, L50, F|\n|poke|p1|Kingambit, L50, F|\n|poke|p1|Torkoal, L50, M|\n|poke|p2|Hydreigon, L50, F|\n|poke|p2|Gallade, L50, M|\n|poke|p2|Drampa, L50, F|\n|poke|p2|Talonflame, L50, F|\n|poke|p2|Banette, L50, F|\n|poke|p2|Milotic, L50, M|\n|teampreview|4\n|inactive|Battle timer is ON: inactive players will automatically lose when time's up. (requested by comprestrict)\n|\n|t:|1776334470\n|teamsize|p1|4\n|teamsize|p2|4\n|start\n|switch|p1a: Slowking|Slowking-Galar, L50, F|100/100\n|switch|p1b: Aggron|Aggron, L50, M|100/100\n|switch|p2a: Banette|Banette, L50, F|100/100\n|switch|p2b: Milotic|Milotic, L50, M|100/100\n|-item|p1a: Slowking|Leftovers|[from] ability: Frisk|[of] p2a: Banette\n|-item|p1b: Aggron|Aggronite|[from] ability: Frisk|[of] p2a: Banette\n|turn|1\n|\n|t:|1776334483\n|move|p2b: Milotic|Coil|p2b: Milotic\n|-boost|p2b: Milotic|atk|1\n|-boost|p2b: Milotic|def|1\n|-boost|p2b: Milotic|accuracy|1\n|move|p2a: Banette|Taunt|p1a: Slowking\n|-start|p1a: Slowking|move: Taunt\n|move|p1b: Aggron|Iron Defense|p1b: Aggron\n|-boost|p1b: Aggron|def|2\n|cant|p1a: Slowking|move: Taunt|Trick Room\n|\n|upkeep\n|turn|2\n|\n|t:|1776334504\n|detailschange|p1b: Aggron|Aggron-Mega, L50, M\n|-mega|p1b: Aggron|Aggron|Aggronite\n|move|p2b: Milotic|Hypnosis|p1a: Slowking\n|-status|p1a: Slowking|slp|[from] move: Hypnosis\n|move|p2a: Banette|Taunt|p1b: Aggron\n|-start|p1b: Aggron|move: Taunt\n|cant|p1b: Aggron|move: Taunt|Iron Defense\n|cant|p1a: Slowking|slp\n|\n|upkeep\n|turn|3\n|\n|t:|1776334526\n|move|p2b: Milotic|Muddy Water|p1b: Aggron|[spread] p1a,p1b\n|-damage|p1a: Slowking|81/100 slp\n|-damage|p1b: Aggron|78/100\n|-unboost|p1a: Slowking|accuracy|1\n|move|p2a: Banette|Poltergeist|p1a: Slowking\n|-activate|p1a: Slowking|move: Poltergeist|Leftovers\n|-supereffective|p1a: Slowking|1\n|-damage|p1a: Slowking|0 fnt\n|faint|p1a: Slowking\n|move|p1b: Aggron|Body Press|p2b: Milotic\n|-damage|p2b: Milotic|49/100\n|\n|upkeep\n|\n|t:|1776334539\n|switch|p1a: Sinistcha|Sinistcha, L50|100/100\n|-heal|p1b: Aggron|100/100|[from] ability: Hospitality|[of] p1a: Sinistcha\n|turn|4\n|\n|t:|1776334557\n|detailschange|p2a: Banette|Banette-Mega, L50, F\n|-mega|p2a: Banette|Banette|Banettite\n|move|p2b: Milotic|Coil|p2b: Milotic\n|-boost|p2b: Milotic|atk|1\n|-boost|p2b: Milotic|def|1\n|-boost|p2b: Milotic|accuracy|1\n|move|p2a: Banette|Poltergeist|p1a: Sinistcha\n|-activate|p1a: Sinistcha|move: Poltergeist|Sitrus Berry\n|-supereffective|p1a: Sinistcha|1\n|-damage|p1a: Sinistcha|0 fnt\n|faint|p1a: Sinistcha\n|move|p1b: Aggron|Body Press|p2b: Milotic\n|-damage|p2b: Milotic|4/100\n|\n|-end|p1b: Aggron|move: Taunt\n|upkeep\n|\n|t:|1776334571\n|switch|p1a: Torkoal|Torkoal, L50, M|100/100\n|-weather|SunnyDay|[from] ability: Drought|[of] p1a: Torkoal\n|turn|5\n|inactive|comprestrict has 30 seconds left.\n|\n|t:|1776334602\n|move|p2b: Milotic|Hypnosis|p1b: Aggron\n|-status|p1b: Aggron|slp|[from] move: Hypnosis\n|move|p2a: Banette|Poltergeist|p1a: Torkoal\n|-activate|p1a: Torkoal|move: Poltergeist|Charcoal\n|-damage|p1a: Torkoal|37/100\n|cant|p1b: Aggron|slp\n|move|p1a: Torkoal|Eruption|p2a: Banette|[spread] p2a,p2b\n|-resisted|p2b: Milotic|1\n|-damage|p2a: Banette|62/100\n|-damage|p2b: Milotic|0 fnt\n|faint|p2b: Milotic\n|\n|-weather|SunnyDay|[upkeep]\n|upkeep\n|\n|t:|1776334612\n|switch|p2b: Gallade|Gallade, L50, M|100/100\n|turn|6\n|\n|t:|1776334627\n|move|p1a: Torkoal|Protect|p1a: Torkoal\n|-singleturn|p1a: Torkoal|Protect\n|move|p2b: Gallade|Sacred Sword|p1b: Aggron\n|-supereffective|p1b: Aggron|1\n|-damage|p1b: Aggron|45/100 slp\n|move|p2a: Banette|Poltergeist|p1a: Torkoal\n|-activate|p1a: Torkoal|move: Protect\n|cant|p1b: Aggron|slp\n|\n|-weather|SunnyDay|[upkeep]\n|upkeep\n|turn|7\n|-message|Swapnil50 forfeited.\n|\n|win|comprestrict\n|raw|Swapnil50's rating: 1042 &rarr; <strong>1028</strong><br />(-14 for losing)\n|raw|comprestrict's rating: 1083 &rarr; <strong>1107</strong><br />(+24 for winning)\n|l|\u2606Swapnil50\n|player|p1|\n|l|\u2606comprestrict\n|player|p2|\n|j|\u2606comprestrict\n|player|p2|comprestrict|266|\n",
  "uploadtime": 1776334688,
  "views": 20,
  "formatid": "gen9championsvgc2026regma",
  "rating": 1028,
  "private": 0,
  "password": null
}