{
  "id": "gen9championsvgc2026regma-2583403684",
  "format": "[Gen 9 Champions] VGC 2026 Reg M-A",
  "players": [
    "estatistico",
    "porygon-epilepz"
  ],
  "log": "|j|\u2606estatistico\n|j|\u2606porygon-epilepz\n|t:|1776173324\n|gametype|doubles\n|player|p1|estatistico|iono|1203\n|player|p2|porygon-epilepz|hiker-gen4|1234\n|gen|9\n|tier|[Gen 9 Champions] VGC 2026 Reg M-A\n|rated|\n|rule|Species Clause: Limit one of each Pok\u00e9mon\n|rule|Item Clause: Limit 1 of each item\n|clearpoke\n|poke|p1|Kingambit, L50, M|\n|poke|p1|Dragonite, L50, F|\n|poke|p1|Sneasler, L50, F|\n|poke|p1|Sinistcha, L50|\n|poke|p1|Greninja-*, L50, M|\n|poke|p1|Drampa, L50, F|\n|poke|p2|Aggron, L50, M|\n|poke|p2|Sinistcha, L50|\n|poke|p2|Rotom-Wash, L50|\n|poke|p2|Incineroar, L50, F|\n|poke|p2|Tyranitar, L50, F|\n|poke|p2|Excadrill, L50, F|\n|teampreview|4\n|\n|t:|1776173361\n|teamsize|p1|4\n|teamsize|p2|4\n|start\n|switch|p1a: Sneasler|Sneasler, L50, F, shiny|100/100\n|switch|p1b: Sinistcha|Sinistcha, L50|100/100\n|switch|p2a: Aggron|Aggron, L50, M|100/100\n|switch|p2b: Sinistcha|Sinistcha, L50|100/100\n|turn|1\n|\n|t:|1776173369\n|detailschange|p2a: Aggron|Aggron-Mega, L50, M\n|-mega|p2a: Aggron|Aggron|Aggronite\n|move|p1a: Sneasler|Fake Out|p2a: Aggron\n|-resisted|p2a: Aggron|1\n|-damage|p2a: Aggron|97/100\n|move|p2b: Sinistcha|Matcha Gotcha|p1a: Sneasler|[spread] p1a\n|-miss|p2b: Sinistcha|p1b: Sinistcha\n|-resisted|p1a: Sneasler|1\n|-damage|p1a: Sneasler|84/100\n|move|p1b: Sinistcha|Matcha Gotcha|p2b: Sinistcha|[spread] p2a,p2b\n|-resisted|p2a: Aggron|1\n|-resisted|p2b: Sinistcha|1\n|-damage|p2a: Aggron|86/100\n|-damage|p2b: Sinistcha|89/100\n|-status|p2a: Aggron|brn\n|-status|p2b: Sinistcha|brn\n|cant|p2a: Aggron|flinch\n|\n|-damage|p2b: Sinistcha|83/100 brn|[from] brn\n|-damage|p2a: Aggron|80/100 brn|[from] brn\n|upkeep\n|turn|2\n|\n|t:|1776173385\n|switch|p1b: Drampa|Drampa, L50, F|100/100\n|move|p1a: Sneasler|Close Combat|p2a: Aggron\n|-supereffective|p2a: Aggron|1\n|-damage|p2a: Aggron|37/100 brn\n|-unboost|p1a: Sneasler|def|1\n|-unboost|p1a: Sneasler|spd|1\n|-enditem|p1a: Sneasler|White Herb\n|-clearnegativeboost|p1a: Sneasler|[silent]\n|move|p2b: Sinistcha|Life Dew|p2b: Sinistcha|[spread] p2a,p2b\n|-heal|p2a: Aggron|62/100 brn\n|-heal|p2b: Sinistcha|100/100 brn\n|move|p2a: Aggron|Iron Defense|p2a: Aggron\n|-boost|p2a: Aggron|def|2\n|\n|-damage|p2b: Sinistcha|94/100 brn|[from] brn\n|-damage|p2a: Aggron|55/100 brn|[from] brn\n|upkeep\n|turn|3\n|\n|t:|1776173399\n|detailschange|p1b: Drampa|Drampa-Mega, L50, F\n|-mega|p1b: Drampa|Drampa|Drampanite\n|move|p1a: Sneasler|Dire Claw|p2b: Sinistcha\n|-damage|p2b: Sinistcha|58/100 brn\n|move|p2b: Sinistcha|Matcha Gotcha|p1a: Sneasler|[spread] p1a\n|-miss|p2b: Sinistcha|p1b: Drampa\n|-resisted|p1a: Sneasler|1\n|-crit|p1a: Sneasler\n|-damage|p1a: Sneasler|61/100\n|-heal|p2b: Sinistcha|68/100 brn|[from] drain|[of] p1a: Sneasler\n|move|p2a: Aggron|Body Press|p1b: Drampa\n|-supereffective|p1b: Drampa|1\n|-damage|p1b: Drampa|28/100\n|-ability|p1b: Drampa|Berserk|boost\n|-boost|p1b: Drampa|spa|1\n|move|p1b: Drampa|Flamethrower|p2b: Sinistcha\n|-supereffective|p2b: Sinistcha|1\n|-damage|p2b: Sinistcha|0 fnt\n|faint|p2b: Sinistcha\n|\n|-damage|p2a: Aggron|49/100 brn|[from] brn\n|upkeep\n|\n|t:|1776173414\n|switch|p2b: Rotom|Rotom-Wash, L50|100/100\n|turn|4\n|\n|t:|1776173420\n|switch|p1b: Sinistcha|Sinistcha, L50|100/100\n|-heal|p1a: Sneasler|86/100|[from] ability: Hospitality|[of] p1b: Sinistcha\n|move|p1a: Sneasler|Close Combat|p2b: Rotom\n|-damage|p2b: Rotom|37/100\n|-unboost|p1a: Sneasler|def|1\n|-unboost|p1a: Sneasler|spd|1\n|move|p2b: Rotom|Will-O-Wisp|p1a: Sneasler\n|-status|p1a: Sneasler|brn\n|move|p2a: Aggron|Body Press|p1b: Sinistcha\n|-immune|p1b: Sinistcha\n|\n|-heal|p2b: Rotom|43/100|[from] item: Leftovers\n|-damage|p1a: Sneasler|80/100 brn|[from] brn\n|-damage|p2a: Aggron|43/100 brn|[from] brn\n|upkeep\n|turn|5\n|\n|t:|1776173430\n|move|p1a: Sneasler|Close Combat|p2a: Aggron\n|-supereffective|p2a: Aggron|1\n|-damage|p2a: Aggron|32/100 brn\n|-unboost|p1a: Sneasler|def|1\n|-unboost|p1a: Sneasler|spd|1\n|move|p2b: Rotom|Thunderbolt|p1a: Sneasler\n|-damage|p1a: Sneasler|0 fnt\n|faint|p1a: Sneasler\n|move|p2a: Aggron|Heavy Slam|p1b: Sinistcha\n|-damage|p1b: Sinistcha|80/100\n|move|p1b: Sinistcha|Trick Room|p1b: Sinistcha\n|-fieldstart|move: Trick Room|[of] p1b: Sinistcha\n|\n|-heal|p2b: Rotom|49/100|[from] item: Leftovers\n|-damage|p2a: Aggron|25/100 brn|[from] brn\n|upkeep\n|\n|t:|1776173433\n|switch|p1a: Drampa|Drampa-Mega, L50, F|28/100\n|turn|6\n|\n|t:|1776173445\n|move|p1a: Drampa|Hyper Voice|p2a: Aggron|[spread] p2a,p2b\n|-resisted|p2a: Aggron|1\n|-damage|p2a: Aggron|8/100 brn\n|-damage|p2b: Rotom|7/100\n|move|p2a: Aggron|Body Press|p1a: Drampa\n|-supereffective|p1a: Drampa|1\n|-damage|p1a: Drampa|0 fnt\n|faint|p1a: Drampa\n|move|p1b: Sinistcha|Matcha Gotcha|p2a: Aggron|[spread] p2a,p2b\n|-resisted|p2a: Aggron|1\n|-supereffective|p2b: Rotom|1\n|-damage|p2a: Aggron|0 fnt\n|-heal|p1b: Sinistcha|84/100|[from] drain|[of] p2a: Aggron\n|-damage|p2b: Rotom|0 fnt\n|-heal|p1b: Sinistcha|86/100|[from] drain|[of] p2b: Rotom\n|faint|p2a: Aggron\n|faint|p2b: Rotom\n|\n|upkeep\n|\n|t:|1776173452\n|switch|p1a: Kingambit|Kingambit, L50, M|100/100\n|switch|p2b: Incineroar|Incineroar, L50, F|100/100\n|-ability|p2b: Incineroar|Intimidate|boost\n|-unboost|p1a: Kingambit|atk|1\n|-ability|p1a: Kingambit|Defiant|boost\n|-boost|p1a: Kingambit|atk|2\n|-unboost|p1b: Sinistcha|atk|1\n|turn|7\n|\n|t:|1776173461\n|move|p1a: Kingambit|Low Kick|p2b: Incineroar\n|-supereffective|p2b: Incineroar|1\n|-damage|p2b: Incineroar|29/100\n|move|p2b: Incineroar|Flare Blitz|p1a: Kingambit\n|-supereffective|p1a: Kingambit|1\n|-damage|p1a: Kingambit|36/100\n|-damage|p2b: Incineroar|7/100|[from] Recoil\n|move|p1b: Sinistcha|Matcha Gotcha|p2b: Incineroar\n|-resisted|p2b: Incineroar|1\n|-damage|p2b: Incineroar|0 fnt\n|-heal|p1b: Sinistcha|90/100|[from] drain|[of] p2b: Incineroar\n|faint|p2b: Incineroar\n|\n|win|estatistico\n|raw|estatistico's rating: 1203 &rarr; <strong>1230</strong><br />(+27 for winning)\n|raw|porygon-epilepz's rating: 1234 &rarr; <strong>1207</strong><br />(-27 for losing)\n",
  "uploadtime": 1776173327,
  "views": 18,
  "formatid": "gen9championsvgc2026regma",
  "rating": 1207,
  "private": 0,
  "password": null
}