{
  "id": "gen9championsvgc2026regma-2581187676",
  "format": "[Gen 9 Champions] VGC 2026 Reg M-A",
  "players": [
    "rusiavsucrania",
    "Fabtax"
  ],
  "log": "|j|\u2606rusiavsucrania\n|j|\u2606Fabtax\n|t:|1775968622\n|gametype|doubles\n|player|p1|rusiavsucrania|2|1101\n|player|p2|Fabtax|burgh|1048\n|gen|9\n|tier|[Gen 9 Champions] VGC 2026 Reg M-A\n|rated|\n|rule|Species Clause: Limit one of each Pok\u00e9mon\n|rule|Item Clause: Limit 1 of each item\n|clearpoke\n|poke|p1|Gengar, L50, M|\n|poke|p1|Incineroar, L50, M|\n|poke|p1|Politoed, L50, F|\n|poke|p1|Sneasler, L50, M|\n|poke|p1|Vivillon, L50, F|\n|poke|p1|Kingambit, L50, M|\n|poke|p2|Gengar, L50, M|\n|poke|p2|Politoed, L50, F|\n|poke|p2|Incineroar, L50, F|\n|poke|p2|Charizard, L50, M|\n|poke|p2|Sinistcha, L50|\n|poke|p2|Heliolisk, L50, F|\n|teampreview|4\nFabtax has agreed to open team sheets.\n|\n|t:|1775968644\n|teamsize|p1|4\n|teamsize|p2|4\n|start\n|switch|p1a: Sneasler|Sneasler, L50, M|100/100\n|switch|p1b: Gengar|Gengar, L50, M, shiny|100/100\n|switch|p2a: Incineroar|Incineroar, L50, F|100/100\n|switch|p2b: Heliolisk|Heliolisk, L50, F|100/100\n|-ability|p2a: Incineroar|Intimidate|boost\n|-unboost|p1a: Sneasler|atk|1\n|-unboost|p1b: Gengar|atk|1\n|-enditem|p1a: Sneasler|White Herb\n|-clearnegativeboost|p1a: Sneasler|[silent]\n|turn|1\n|inactive|Battle timer is ON: inactive players will automatically lose when time's up. (requested by rusiavsucrania)\n|\n|t:|1775968673\n|detailschange|p1b: Gengar|Gengar-Mega, L50, M, shiny\n|-mega|p1b: Gengar|Gengar|Gengarite\n|move|p1b: Gengar|Protect|p1b: Gengar\n|-singleturn|p1b: Gengar|Protect\n|move|p1a: Sneasler|Fake Out|p2a: Incineroar\n|-damage|p2a: Incineroar|88/100\n|move|p2b: Heliolisk|Shed Tail|p2b: Heliolisk\n|-start|p2b: Heliolisk|Substitute|[from] move: Shed Tail\n|-damage|p2b: Heliolisk|50/100\n|\n|t:|1775968683\n|switch|p2b: Charizard|Charizard, L50, M|100/100|[from] Shed Tail\n|cant|p2a: Incineroar|flinch\n|\n|upkeep\n|turn|2\n|inactive|Fabtax has 30 seconds left.\n|\n|t:|1775968717\n|switch|p1b: Politoed|Politoed, L50, F|100/100\n|-weather|RainDance|[from] ability: Drizzle|[of] p1b: Politoed\n|move|p1a: Sneasler|Close Combat|p2a: Incineroar\n|-supereffective|p2a: Incineroar|1\n|-damage|p2a: Incineroar|0 fnt\n|-unboost|p1a: Sneasler|def|1\n|-unboost|p1a: Sneasler|spd|1\n|faint|p2a: Incineroar\n|move|p2b: Charizard|Hurricane|p1a: Sneasler\n|-supereffective|p1a: Sneasler|1\n|-crit|p1a: Sneasler\n|-damage|p1a: Sneasler|0 fnt\n|faint|p1a: Sneasler\n|\n|-weather|RainDance|[upkeep]\n|upkeep\n|\n|t:|1775968733\n|switch|p1a: Gengar|Gengar-Mega, L50, M, shiny|100/100\n|switch|p2a: Heliolisk|Heliolisk, L50, F|50/100\n|turn|3\n|inactive|rusiavsucrania has 30 seconds left.\n|\n|t:|1775968759\n|move|p1b: Politoed|Protect|p1b: Politoed\n|-singleturn|p1b: Politoed|Protect\n|move|p1a: Gengar|Perish Song|p1a: Gengar\n|-start|p1a: Gengar|perish3|[silent]\n|-start|p1b: Politoed|perish3|[silent]\n|-start|p2a: Heliolisk|perish3|[silent]\n|-start|p2b: Charizard|perish3|[silent]\n|-fieldactivate|move: Perish Song\n|move|p2a: Heliolisk|Electroweb|p1b: Politoed|[spread] \n|-activate|p1b: Politoed|move: Protect\n|-miss|p2a: Heliolisk|p1a: Gengar\n|move|p2b: Charizard|Hurricane|p1a: Gengar\n|-damage|p1a: Gengar|35/100\n|\n|-weather|RainDance|[upkeep]\n|-heal|p2a: Heliolisk|63/100|[from] ability: Dry Skin\n|-start|p1a: Gengar|perish3\n|-start|p2a: Heliolisk|perish3\n|-start|p2b: Charizard|perish3\n|-start|p1b: Politoed|perish3\n|upkeep\n|turn|4\n|inactive|rusiavsucrania has 30 seconds left.\n|\n|t:|1775968789\n|switch|p1b: Kingambit|Kingambit, L50, M|100/100\n|move|p1a: Gengar|Protect|p1a: Gengar\n|-singleturn|p1a: Gengar|Protect\n|move|p2a: Heliolisk|Volt Switch|p1b: Kingambit\n|-damage|p1b: Kingambit|77/100\n|\n|t:|1775968811\n|switch|p2a: Politoed|Politoed, L50, F|100/100|[from] Volt Switch\n|move|p2b: Charizard|Hurricane|p1a: Gengar\n|-activate|p1a: Gengar|move: Protect\n|\n|-weather|RainDance|[upkeep]\n|-start|p1a: Gengar|perish2\n|-start|p2b: Charizard|perish2\n|upkeep\n|turn|5\n|\n|t:|1775968824\n|detailschange|p2b: Charizard|Charizard-Mega-Y, L50, M\n|-mega|p2b: Charizard|Charizard|Charizardite Y\n|-weather|SunnyDay|[from] ability: Drought|[of] p2b: Charizard\n|move|p1a: Gengar|Disable|p2b: Charizard\n|-start|p2b: Charizard|Disable|Hurricane\n|move|p2b: Charizard|Heat Wave|p1b: Kingambit|[spread] p1a,p1b\n|-supereffective|p1b: Kingambit|1\n|-damage|p1a: Gengar|0 fnt\n|-damage|p1b: Kingambit|0 fnt\n|faint|p1a: Gengar\n|faint|p1b: Kingambit\n|move|p2a: Politoed|Weather Ball|p1: Gengar|[notarget]\n|-fail|p2a: Politoed\n|\n|-weather|SunnyDay|[upkeep]\n|-start|p2b: Charizard|perish1\n|upkeep\n|\n|t:|1775968834\n|switch|p1b: Politoed|Politoed, L50, F|100/100\n|-weather|RainDance|[from] ability: Drizzle|[of] p1b: Politoed\n|turn|6\n|\n|t:|1775968842\n|switch|p2b: Heliolisk|Heliolisk, L50, F|63/100\n|move|p2a: Politoed|Perish Song|p2a: Politoed\n|-start|p1b: Politoed|perish3|[silent]\n|-start|p2a: Politoed|perish3|[silent]\n|-start|p2b: Heliolisk|perish3|[silent]\n|-fieldactivate|move: Perish Song\n|move|p1b: Politoed|Weather Ball|p2a: Politoed\n|-resisted|p2a: Politoed|1\n|-damage|p2a: Politoed|80/100\n|\n|-weather|RainDance|[upkeep]\n|-heal|p2b: Heliolisk|75/100|[from] ability: Dry Skin\n|-start|p2b: Heliolisk|perish3\n|-start|p2a: Politoed|perish3\n|-start|p1b: Politoed|perish3\n|upkeep\n|turn|7\n|-message|rusiavsucrania forfeited.\n|\n|win|Fabtax\n|raw|rusiavsucrania's rating: 1101 &rarr; <strong>1072</strong><br />(-29 for losing)\n|raw|Fabtax's rating: 1048 &rarr; <strong>1086</strong><br />(+38 for winning)\n|l|\u2606rusiavsucrania\n|player|p1|\n|c|\u2606Fabtax|gg\n",
  "uploadtime": 1775968858,
  "views": 17,
  "formatid": "gen9championsvgc2026regma",
  "rating": 1072,
  "private": 0,
  "password": null
}