{
  "id": "gen9championsvgc2026regma-2586581221",
  "format": "[Gen 9 Champions] VGC 2026 Reg M-A",
  "players": [
    "BigDoink808",
    "trashgarbage"
  ],
  "log": "|j|\u2606BigDoink808\n|j|\u2606trashgarbage\n|t:|1776444633\n|gametype|doubles\n|player|p1|BigDoink808|hiker-gen4|1172\n|player|p2|trashgarbage|1|1225\n|gen|9\n|tier|[Gen 9 Champions] VGC 2026 Reg M-A\n|rated|\n|rule|Species Clause: Limit one of each Pok\u00e9mon\n|rule|Item Clause: Limit 1 of each item\n|clearpoke\n|poke|p1|Camerupt, L50, F|\n|poke|p1|Farigiraf, L50, M|\n|poke|p1|Drampa, L50, M|\n|poke|p1|Aegislash, L50, F|\n|poke|p1|Incineroar, L50, F|\n|poke|p1|Rotom-Wash, L50|\n|poke|p2|Delphox, L50, F|\n|poke|p2|Kommo-o, L50, M|\n|poke|p2|Sableye, L50, F|\n|poke|p2|Milotic, L50, F|\n|poke|p2|Excadrill, L50, M|\n|poke|p2|Espathra, L50, M|\n|teampreview|4\n|\n|t:|1776444686\n|teamsize|p1|4\n|teamsize|p2|4\n|start\n|switch|p1a: Farigiraf|Farigiraf, L50, M|100/100\n|switch|p1b: Rotom|Rotom-Wash, L50|100/100\n|switch|p2a: Kommo-o|Kommo-o, L50, M|100/100\n|switch|p2b: Milotic|Milotic, L50, F|100/100\n|turn|1\n|\n|t:|1776444725\n|move|p2b: Milotic|Protect|p2b: Milotic\n|-singleturn|p2b: Milotic|Protect\n|move|p2a: Kommo-o|Clangorous Soul|p2a: Kommo-o\n|-boost|p2a: Kommo-o|atk|1\n|-boost|p2a: Kommo-o|def|1\n|-boost|p2a: Kommo-o|spa|1\n|-boost|p2a: Kommo-o|spd|1\n|-boost|p2a: Kommo-o|spe|1\n|-damage|p2a: Kommo-o|68/100\n|move|p1b: Rotom|Volt Switch|p2b: Milotic\n|-activate|p2b: Milotic|move: Protect\n|move|p1a: Farigiraf|Trick Room|p1a: Farigiraf\n|-fieldstart|move: Trick Room|[of] p1a: Farigiraf\n|\n|upkeep\n|turn|2\n|\n|t:|1776444753\n|switch|p2b: Excadrill|Excadrill, L50, M|100/100\n|-ability|p2b: Excadrill|Mold Breaker\n|move|p1a: Farigiraf|Psychic|p2a: Kommo-o\n|-supereffective|p2a: Kommo-o|1\n|-damage|p2a: Kommo-o|19/100\n|move|p1b: Rotom|Thunderbolt|p2a: Kommo-o\n|-resisted|p2a: Kommo-o|1\n|-damage|p2a: Kommo-o|3/100\n|-status|p2a: Kommo-o|par\n|-enditem|p2a: Kommo-o|Lum Berry|[eat]\n|-curestatus|p2a: Kommo-o|par|[msg]\n|move|p2a: Kommo-o|Clanging Scales|p1a: Farigiraf|[spread] p1a,p1b\n|-damage|p1a: Farigiraf|51/100\n|-damage|p1b: Rotom|44/100\n|-unboost|p2a: Kommo-o|def|1\n|\n|upkeep\n|turn|3\n|\n|t:|1776444792\n|move|p2b: Excadrill|Protect|p2b: Excadrill\n|-singleturn|p2b: Excadrill|Protect\n|move|p2a: Kommo-o|Protect|p2a: Kommo-o\n|-singleturn|p2a: Kommo-o|Protect\n|move|p1a: Farigiraf|Psychic|p2a: Kommo-o\n|-activate|p2a: Kommo-o|move: Protect\n|move|p1b: Rotom|Will-O-Wisp|p2b: Excadrill\n|-activate|p2b: Excadrill|move: Protect\n|\n|upkeep\n|turn|4\n|\n|t:|1776444812\n|switch|p2b: Delphox|Delphox, L50, F|100/100\n|move|p1a: Farigiraf|Psychic|p2a: Kommo-o\n|-supereffective|p2a: Kommo-o|1\n|-damage|p2a: Kommo-o|0 fnt\n|faint|p2a: Kommo-o\n|move|p1b: Rotom|Will-O-Wisp|p2b: Delphox|[miss]\n|-miss|p1b: Rotom|p2b: Delphox\n|\n|upkeep\n|\n|t:|1776444817\n|switch|p2a: Excadrill|Excadrill, L50, M|100/100\n|-ability|p2a: Excadrill|Mold Breaker\n|turn|5\n|\n|t:|1776444836\n|switch|p1a: Incineroar|Incineroar, L50, F, shiny|100/100\n|-ability|p1a: Incineroar|Intimidate|boost\n|-unboost|p2a: Excadrill|atk|1\n|-unboost|p2b: Delphox|atk|1\n|move|p2a: Excadrill|Protect|p2a: Excadrill\n|-singleturn|p2a: Excadrill|Protect\n|move|p2b: Delphox|Protect|p2b: Delphox\n|-singleturn|p2b: Delphox|Protect\n|move|p1b: Rotom|Hydro Pump|p2b: Delphox\n|-activate|p2b: Delphox|move: Protect\n|\n|-fieldend|move: Trick Room\n|upkeep\n|turn|6\n|\n|t:|1776444875\n|switch|p2b: Milotic|Milotic, L50, F|100/100\n|move|p1a: Incineroar|Fake Out|p2a: Excadrill\n|-resisted|p2a: Excadrill|1\n|-damage|p2a: Excadrill|94/100\n|cant|p2a: Excadrill|flinch\n|move|p1b: Rotom|Will-O-Wisp|p2a: Excadrill\n|-status|p2a: Excadrill|brn\n|\n|-damage|p2a: Excadrill|88/100 brn|[from] brn\n|upkeep\n|turn|7\n|\n|t:|1776444896\n|switch|p2b: Delphox|Delphox, L50, F|100/100\n|move|p2a: Excadrill|High Horsepower|p1b: Rotom\n|-supereffective|p1b: Rotom|1\n|-damage|p1b: Rotom|13/100\n|move|p1b: Rotom|Volt Switch|p2b: Delphox\n|-damage|p2b: Delphox|62/100\n|\n|t:|1776444905\n|switch|p1b: Farigiraf|Farigiraf, L50, M|51/100|[from] Volt Switch\n|move|p1a: Incineroar|Parting Shot|p2a: Excadrill\n|-unboost|p2a: Excadrill|atk|1\n|-unboost|p2a: Excadrill|spa|1\n|\n|t:|1776444916\n|switch|p1a: Rotom|Rotom-Wash, L50|13/100|[from] Parting Shot\n|\n|-damage|p2a: Excadrill|82/100 brn|[from] brn\n|upkeep\n|turn|8\n|\n|t:|1776444936\n|detailschange|p2b: Delphox|Delphox-Mega, L50, F\n|-mega|p2b: Delphox|Delphox|Delphoxite\n|move|p2b: Delphox|Heat Wave|p1a: Rotom|[spread] p1a\n|-miss|p2b: Delphox|p1b: Farigiraf\n|-resisted|p1a: Rotom|1\n|-damage|p1a: Rotom|0 fnt\n|faint|p1a: Rotom\n|move|p2a: Excadrill|Iron Head|p1b: Farigiraf\n|-damage|p1b: Farigiraf|42/100\n|move|p1b: Farigiraf|Trick Room|p1b: Farigiraf\n|-fieldstart|move: Trick Room|[of] p1b: Farigiraf\n|\n|-damage|p2a: Excadrill|76/100 brn|[from] brn\n|upkeep\n|\n|t:|1776444948\n|switch|p1a: Camerupt|Camerupt, L50, F|100/100\n|turn|9\n|\n|t:|1776444961\n|detailschange|p1a: Camerupt|Camerupt-Mega, L50, F\n|-mega|p1a: Camerupt|Camerupt|Cameruptite\n|move|p1a: Camerupt|Eruption|p2b: Delphox|[spread] p2a,p2b\n|-supereffective|p2a: Excadrill|1\n|-resisted|p2b: Delphox|1\n|-damage|p2a: Excadrill|0 fnt\n|-damage|p2b: Delphox|28/100\n|faint|p2a: Excadrill\n|move|p1b: Farigiraf|Hyper Voice|p2b: Delphox\n|-damage|p2b: Delphox|0 fnt\n|faint|p2b: Delphox\n|\n|upkeep\n|\n|t:|1776444966\n|switch|p2b: Milotic|Milotic, L50, F|100/100\n|turn|10\n|\n|t:|1776444976\n|move|p2b: Milotic|Protect|p2b: Milotic\n|-singleturn|p2b: Milotic|Protect\n|move|p1a: Camerupt|Earth Power|p2b: Milotic\n|-activate|p2b: Milotic|move: Protect\n|move|p1b: Farigiraf|Psychic|p2b: Milotic\n|-activate|p2b: Milotic|move: Protect\n|\n|upkeep\n|turn|11\n|\n|t:|1776444986\n|move|p1a: Camerupt|Earth Power|p2b: Milotic\n|-damage|p2b: Milotic|50/100\n|move|p1b: Farigiraf|Psychic|p2b: Milotic\n|-damage|p2b: Milotic|24/100\n|move|p2b: Milotic|Scald|p1a: Camerupt\n|-supereffective|p1a: Camerupt|2\n|-crit|p1a: Camerupt\n|-damage|p1a: Camerupt|0 fnt\n|faint|p1a: Camerupt\n|\n|-heal|p2b: Milotic|30/100|[from] item: Leftovers\n|upkeep\n|\n|t:|1776444997\n|switch|p1a: Incineroar|Incineroar, L50, F, shiny|100/100\n|-ability|p1a: Incineroar|Intimidate|boost\n|-unboost|p2b: Milotic|atk|1\n|-ability|p2b: Milotic|Competitive|boost\n|-boost|p2b: Milotic|spa|2\n|turn|12\n|\n|t:|1776445008\n|move|p2b: Milotic|Protect|p2b: Milotic\n|-singleturn|p2b: Milotic|Protect\n|move|p1a: Incineroar|Fake Out|p2b: Milotic\n|-activate|p2b: Milotic|move: Protect\n|move|p1b: Farigiraf|Psychic|p2b: Milotic\n|-activate|p2b: Milotic|move: Protect\n|\n|-heal|p2b: Milotic|36/100|[from] item: Leftovers\n|-fieldend|move: Trick Room\n|upkeep\n|turn|13\n|\n|t:|1776445035\n|move|p2b: Milotic|Scald|p1b: Farigiraf\n|-damage|p1b: Farigiraf|0 fnt\n|faint|p1b: Farigiraf\n|move|p1a: Incineroar|Flare Blitz|p2b: Milotic\n|-resisted|p2b: Milotic|1\n|-damage|p2b: Milotic|16/100\n|-damage|p1a: Incineroar|94/100|[from] Recoil\n|\n|-heal|p2b: Milotic|22/100|[from] item: Leftovers\n|upkeep\n|turn|14\n|\n|t:|1776445045\n|move|p2b: Milotic|Scald|p1a: Incineroar\n|-supereffective|p1a: Incineroar|1\n|-damage|p1a: Incineroar|0 fnt\n|faint|p1a: Incineroar\n|\n|win|trashgarbage\n|raw|BigDoink808's rating: 1172 &rarr; <strong>1151</strong><br />(-21 for losing)\n|raw|trashgarbage's rating: 1225 &rarr; <strong>1246</strong><br />(+21 for winning)\n|c|\u2606BigDoink808|gg wp\n|l|\u2606BigDoink808\n|player|p1|\n|c|\u2606trashgarbage|gg\n",
  "uploadtime": 1776445088,
  "views": 28,
  "formatid": "gen9championsvgc2026regma",
  "rating": 1151,
  "private": 0,
  "password": null
}