{
  "id": "gen9championsvgc2026regma-2580762928",
  "format": "[Gen 9 Champions] VGC 2026 Reg M-A",
  "players": [
    "pan-dulcito",
    "BushGaming41"
  ],
  "log": "|j|\u2606pan-dulcito\n|j|\u2606BushGaming41\n|t:|1775930474\n|gametype|doubles\n|player|p1|pan-dulcito|aromalady|1009\n|player|p2|BushGaming41|170|1000\n|gen|9\n|tier|[Gen 9 Champions] VGC 2026 Reg M-A\n|rated|\n|rule|Species Clause: Limit one of each Pok\u00e9mon\n|rule|Item Clause: Limit 1 of each item\n|clearpoke\n|poke|p1|Charizard, L50, F|\n|poke|p1|Maushold-Four, L50|\n|poke|p1|Kingambit, L50, F|\n|poke|p1|Sneasler, L50, F|\n|poke|p1|Dragapult, L50, F|\n|poke|p1|Garchomp, L50, F|\n|poke|p2|Simipour, L50, M|\n|poke|p2|Simisage, L50, M|\n|poke|p2|Simisear, L50, M|\n|poke|p2|Drampa, L50, M|\n|poke|p2|Zoroark-Hisui, L50, M|\n|poke|p2|Tauros-Paldea-Combat, L50, M|\n|teampreview|4\n|\n|t:|1775930504\n|teamsize|p1|4\n|teamsize|p2|4\n|start\n|switch|p1a: Kingambit|Kingambit, L50, F|100/100\n|switch|p1b: Garchomp|Garchomp, L50, F|100/100\n|switch|p2a: Simisage|Simisage, L50, M|100/100\n|switch|p2b: Tauros|Tauros-Paldea-Combat, L50, M|100/100\n|-ability|p2b: Tauros|Intimidate|boost\n|-unboost|p1a: Kingambit|atk|1\n|-ability|p1a: Kingambit|Defiant|boost\n|-boost|p1a: Kingambit|atk|2\n|-unboost|p1b: Garchomp|atk|1\n|turn|1\n|\n|t:|1775930527\n|move|p2a: Simisage|Fake Out|p1b: Garchomp\n|-damage|p1b: Garchomp|87/100\n|-damage|p2a: Simisage|88/100|[from] ability: Rough Skin|[of] p1b: Garchomp\n|move|p1a: Kingambit|Sucker Punch|p2b: Tauros\n|-resisted|p2b: Tauros|1\n|-damage|p2b: Tauros|63/100\n|cant|p1b: Garchomp|flinch\n|move|p2b: Tauros|Raging Bull|p1a: Kingambit\n|-supereffective|p1a: Kingambit|2\n|-damage|p1a: Kingambit|0 fnt\n|faint|p1a: Kingambit\n|\n|upkeep\n|\n|t:|1775930541\n|switch|p1a: Maushold|Maushold-Four, L50|100/100\n|turn|2\n|\n|t:|1775930549\n|switch|p2b: Simisear|Simisear, L50, M|100/100\n|move|p1b: Garchomp|Rock Slide|p2a: Simisage|[spread] p2a\n|-miss|p1b: Garchomp|p2b: Simisear\n|-damage|p2a: Simisage|64/100\n|move|p1a: Maushold|Super Fang|p2b: Simisear\n|-immune|p2b: Simisear\n|move|p2a: Simisage|Seed Bomb|p1b: Garchomp\n|-damage|p1b: Garchomp|58/100\n|\n|upkeep\n|turn|3\n|\n|t:|1775930567\n|move|p1a: Maushold|Follow Me|p1a: Maushold\n|-singleturn|p1a: Maushold|move: Follow Me\n|move|p1b: Garchomp|Rock Slide|p2a: Simisage|[spread] p2b\n|-miss|p1b: Garchomp|p2a: Simisage\n|-damage|p2b: Simisear|70/100\n|replace|p2b: Zoroark|Zoroark-Hisui, L50, M\n|-end|p2b: Zoroark|Illusion\n|move|p2a: Simisage|Seed Bomb|p1a: Maushold\n|-damage|p1a: Maushold|47/100\n|move|p2b: Zoroark|Bitter Malice|p1a: Maushold\n|-immune|p1a: Maushold\n|\n|upkeep\n|turn|4\n|\n|t:|1775930588\n|switch|p1b: Charizard|Charizard, L50, F|100/100\n|switch|p2a: Tauros|Tauros-Paldea-Combat, L50, M|63/100\n|-ability|p2a: Tauros|Intimidate|boost\n|-unboost|p1a: Maushold|atk|1\n|-unboost|p1b: Charizard|atk|1\n|move|p1a: Maushold|Encore|p2b: Zoroark\n|-start|p2b: Zoroark|Encore\n|move|p2b: Zoroark|Bitter Malice|p1b: Charizard\n|-damage|p1b: Charizard|68/100\n|-unboost|p1b: Charizard|atk|1\n|\n|upkeep\n|turn|5\n|\n|t:|1775930616\n|switch|p2b: Simisage|Simisage, L50, M|64/100\n|detailschange|p1b: Charizard|Charizard-Mega-Y, L50, F\n|-mega|p1b: Charizard|Charizard|Charizardite Y\n|-weather|SunnyDay|[from] ability: Drought|[of] p1b: Charizard\n|move|p1a: Maushold|Super Fang|p2a: Tauros\n|-damage|p2a: Tauros|32/100\n|move|p2a: Tauros|Stone Edge|p1b: Charizard\n|-supereffective|p1b: Charizard|2\n|-damage|p1b: Charizard|0 fnt\n|faint|p1b: Charizard\n|\n|-weather|SunnyDay|[upkeep]\n|upkeep\n|\n|t:|1775930631\n|switch|p1b: Garchomp|Garchomp, L50, F|58/100\n|turn|6\n|\n|t:|1775930668\n|move|p2b: Simisage|Fake Out|p1a: Maushold\n|-damage|p1a: Maushold|30/100\n|move|p1b: Garchomp|Dragon Claw|p2b: Simisage\n|-damage|p2b: Simisage|0 fnt\n|faint|p2b: Simisage\n|cant|p1a: Maushold|flinch\n|move|p2a: Tauros|Raging Bull|p1a: Maushold\n|-supereffective|p1a: Maushold|1\n|-enditem|p1a: Maushold|Chople Berry|[eat]\n|-enditem|p1a: Maushold|Chople Berry|[weaken]\n|-damage|p1a: Maushold|0 fnt\n|faint|p1a: Maushold\n|\n|-weather|SunnyDay|[upkeep]\n|upkeep\n|\n|t:|1775930682\n|switch|p2b: Simisear|Simisear, L50, M|70/100\n|turn|7\n|\n|t:|1775930690\n|switch|p2a: Simisear|Simisear, L50, M|100/100\n|move|p1b: Garchomp|Dragon Claw|p2b: Simisear\n|-damage|p2b: Simisear|0 fnt\n|replace|p2b: Zoroark|Zoroark-Hisui, L50, M\n|-end|p2b: Zoroark|Illusion\n|faint|p2b: Zoroark\n|\n|-weather|SunnyDay|[upkeep]\n|upkeep\n|\n|t:|1775930699\n|switch|p2b: Tauros|Tauros-Paldea-Combat, L50, M|32/100\n|-ability|p2b: Tauros|Intimidate|boost\n|-unboost|p1b: Garchomp|atk|1\n|turn|8\n|\n|t:|1775930707\n|move|p1b: Garchomp|Dragon Claw|p2b: Tauros\n|-damage|p2b: Tauros|0 fnt\n|faint|p2b: Tauros\n|move|p2a: Simisear|Will-O-Wisp|p1b: Garchomp\n|-status|p1b: Garchomp|brn\n|\n|-weather|SunnyDay|[upkeep]\n|-damage|p1b: Garchomp|52/100 brn|[from] brn\n|upkeep\n|turn|9\n|\n|t:|1775930718\n|move|p1b: Garchomp|Dragon Claw|p2a: Simisear\n|-damage|p2a: Simisear|72/100\n|move|p2a: Simisear|Scorching Sands|p1b: Garchomp\n|-damage|p1b: Garchomp|28/100 brn\n|\n|-weather|none\n|-damage|p1b: Garchomp|22/100 brn|[from] brn\n|upkeep\n|turn|10\n|\n|t:|1775930729\n|move|p1b: Garchomp|Dragon Claw|p2a: Simisear\n|-damage|p2a: Simisear|44/100\n|move|p2a: Simisear|Scorching Sands|p1b: Garchomp\n|-damage|p1b: Garchomp|0 fnt\n|faint|p1b: Garchomp\n|\n|win|BushGaming41\n|raw|pan-dulcito's rating: 1009 &rarr; <strong>1000</strong><br />(-9 for losing)\n|raw|BushGaming41's rating: 1000 &rarr; <strong>1041</strong><br />(+41 for winning)\n|l|\u2606pan-dulcito\n|player|p1|\n",
  "uploadtime": 1775930792,
  "views": 12,
  "formatid": "gen9championsvgc2026regma",
  "rating": 1000,
  "private": 0,
  "password": null
}