{
  "id": "gen9championsvgc2026regma-2586354904",
  "format": "[Gen 9 Champions] VGC 2026 Reg M-A",
  "players": [
    "dizitpix",
    "Squaalo%"
  ],
  "log": "|j|\u2606dizitpix\n|j|\u2606Squaalo%\n|t:|1776428221\n|gametype|doubles\n|player|p1|dizitpix|266|1073\n|player|p2|Squaalo%|170|1053\n|gen|9\n|tier|[Gen 9 Champions] VGC 2026 Reg M-A\n|rated|\n|rule|Species Clause: Limit one of each Pok\u00e9mon\n|rule|Item Clause: Limit 1 of each item\n|clearpoke\n|poke|p1|Excadrill, L50, F|\n|poke|p1|Garchomp, L50, M|\n|poke|p1|Hawlucha, L50, M|\n|poke|p1|Tyranitar, L50, M|\n|poke|p1|Incineroar, L50, F|\n|poke|p1|Meganium, L50, M|\n|poke|p2|Pelipper, L50, F|\n|poke|p2|Archaludon, L50, F|\n|poke|p2|Rotom-Heat, L50|\n|poke|p2|Incineroar, L50, F|\n|poke|p2|Dragonite, L50, F|\n|poke|p2|Meganium, L50, F|\n|teampreview|4\n|\n|t:|1776428285\n|teamsize|p1|4\n|teamsize|p2|4\n|start\n|switch|p1a: Excadrill|Excadrill, L50, F|100/100\n|switch|p1b: Hawlucha|Hawlucha, L50, M|100/100\n|switch|p2a: Incineroar|Incineroar, L50, F|100/100\n|switch|p2b: Meganium|Meganium, L50, F|100/100\n|-ability|p2a: Incineroar|Intimidate|boost\n|-unboost|p1a: Excadrill|atk|1\n|-unboost|p1b: Hawlucha|atk|1\n|turn|1\n|inactive|Battle timer is ON: inactive players will automatically lose when time's up. (requested by Squaalo%)\n|inactive|Squaalo% has 60 seconds left.\n|\n|t:|1776428323\n|detailschange|p2b: Meganium|Meganium-Mega, L50, F\n|-mega|p2b: Meganium|Meganium|Meganiumite\n|move|p2a: Incineroar|Fake Out|p1b: Hawlucha\n|-damage|p1b: Hawlucha|81/100\n|move|p1a: Excadrill|Fissure|p2b: Meganium|[miss]\n|-miss|p1a: Excadrill|p2b: Meganium\n|cant|p1b: Hawlucha|flinch\n|move|p2b: Meganium|Solar Beam||[still]\n|-prepare|p2b: Meganium|Solar Beam\n|-activate|p2b: Meganium|ability: Mega Sol\n|-anim|p2b: Meganium|Solar Beam|p1a: Excadrill\n|-damage|p1a: Excadrill|18/100\n|\n|upkeep\n|turn|2\n|inactive|Squaalo% has 30 seconds left.\n|inactive|Squaalo% has 20 seconds left.\n|inactive|Squaalo% has 15 seconds left.\n|\n|t:|1776428366\n|detailschange|p1b: Hawlucha|Hawlucha-Mega, L50, M\n|-mega|p1b: Hawlucha|Hawlucha|Hawluchanite\n|move|p2b: Meganium|Protect|p2b: Meganium\n|-singleturn|p2b: Meganium|Protect\n|move|p1a: Excadrill|Fissure|p2b: Meganium\n|-activate|p2b: Meganium|move: Protect\n|move|p1b: Hawlucha|Entrainment|p1a: Excadrill\n|-ability|p1a: Excadrill|No Guard|Sand Rush|[from] move: Entrainment|[of] p1b: Hawlucha\n|move|p2a: Incineroar|Darkest Lariat|p1a: Excadrill\n|-damage|p1a: Excadrill|0 fnt\n|faint|p1a: Excadrill\n|\n|upkeep\n|\n|t:|1776428379\n|switch|p1a: Incineroar|Incineroar, L50, F|100/100\n|-ability|p1a: Incineroar|Intimidate|boost\n|-unboost|p2a: Incineroar|atk|1\n|-unboost|p2b: Meganium|atk|1\n|turn|3\n|\n|t:|1776428395\n|move|p1a: Incineroar|Fake Out|p2b: Meganium\n|-damage|p2b: Meganium|88/100\n|move|p1b: Hawlucha|Swords Dance|p1b: Hawlucha\n|-boost|p1b: Hawlucha|atk|2\n|cant|p2b: Meganium|flinch\n|move|p2a: Incineroar|Parting Shot|p1b: Hawlucha\n|-unboost|p1b: Hawlucha|atk|1\n|-unboost|p1b: Hawlucha|spa|1\n|\n|t:|1776428406\n|switch|p2a: Pelipper|Pelipper, L50, F|100/100|[from] Parting Shot\n|-weather|RainDance|[from] ability: Drizzle|[of] p2a: Pelipper\n|\n|-weather|RainDance|[upkeep]\n|upkeep\n|turn|4\n|\n|t:|1776428426\n|move|p1b: Hawlucha|Swords Dance|p1b: Hawlucha\n|-boost|p1b: Hawlucha|atk|2\n|move|p2a: Pelipper|Soak|p1a: Incineroar\n|-start|p1a: Incineroar|typechange|Water\n|move|p2b: Meganium|Solar Beam||[still]\n|-prepare|p2b: Meganium|Solar Beam\n|-activate|p2b: Meganium|ability: Mega Sol\n|-anim|p2b: Meganium|Solar Beam|p1a: Incineroar\n|-supereffective|p1a: Incineroar|1\n|-damage|p1a: Incineroar|0 fnt\n|faint|p1a: Incineroar\n|\n|-weather|RainDance|[upkeep]\n|upkeep\n|\n|t:|1776428438\n|switch|p1a: Tyranitar|Tyranitar, L50, M|100/100\n|-weather|Sandstorm|[from] ability: Sand Stream|[of] p1a: Tyranitar\n|turn|5\n|\n|t:|1776428461\n|switch|p2a: Incineroar|Incineroar, L50, F|100/100\n|-ability|p2a: Incineroar|Intimidate|boost\n|-unboost|p1a: Tyranitar|atk|1\n|-unboost|p1b: Hawlucha|atk|1\n|move|p2b: Meganium|Protect|p2b: Meganium\n|-singleturn|p2b: Meganium|Protect\n|move|p1b: Hawlucha|High Jump Kick|p2b: Meganium\n|-activate|p2b: Meganium|move: Protect\n|-damage|p1b: Hawlucha|31/100|[from] highjumpkick\n|move|p1a: Tyranitar|Rock Slide|p2a: Incineroar|[spread] p2a\n|-activate|p2b: Meganium|move: Protect\n|-supereffective|p2a: Incineroar|1\n|-damage|p2a: Incineroar|55/100\n|\n|-weather|Sandstorm|[upkeep]\n|-damage|p1b: Hawlucha|26/100|[from] Sandstorm\n|-damage|p2b: Meganium|82/100|[from] Sandstorm\n|-damage|p2a: Incineroar|49/100|[from] Sandstorm\n|-enditem|p2a: Incineroar|Sitrus Berry|[eat]\n|-heal|p2a: Incineroar|73/100|[from] item: Sitrus Berry\n|upkeep\n|turn|6\n|inactive|Squaalo% has 30 seconds left.\n|\n|t:|1776428491\n|move|p2a: Incineroar|Fake Out|p1b: Hawlucha\n|-damage|p1b: Hawlucha|11/100\n|cant|p1b: Hawlucha|flinch\n|move|p2b: Meganium|Dazzling Gleam|p1b: Hawlucha|[spread] p1a,p1b\n|-supereffective|p1a: Tyranitar|1\n|-supereffective|p1b: Hawlucha|1\n|-damage|p1a: Tyranitar|43/100\n|-damage|p1b: Hawlucha|0 fnt\n|faint|p1b: Hawlucha\n|move|p1a: Tyranitar|Rock Slide|p2a: Incineroar|[spread] p2a,p2b\n|-supereffective|p2a: Incineroar|1\n|-damage|p2a: Incineroar|19/100\n|-damage|p2b: Meganium|61/100\n|\n|-weather|Sandstorm|[upkeep]\n|-damage|p2b: Meganium|55/100|[from] Sandstorm\n|-damage|p2a: Incineroar|13/100|[from] Sandstorm\n|upkeep\n|turn|7\n|\n|t:|1776428509\n|switch|p2a: Pelipper|Pelipper, L50, F|100/100\n|-weather|RainDance|[from] ability: Drizzle|[of] p2a: Pelipper\n|move|p2b: Meganium|Protect|p2b: Meganium\n|-singleturn|p2b: Meganium|Protect\n|move|p1a: Tyranitar|Roar|p2b: Meganium\n|drag|p2b: Incineroar|Incineroar, L50, F|13/100\n|-ability|p2b: Incineroar|Intimidate|boost\n|-unboost|p1a: Tyranitar|atk|1\n|\n|-weather|RainDance|[upkeep]\n|upkeep\n|turn|8\n|\n|t:|1776428527\n|move|p2a: Pelipper|Soak|p1a: Tyranitar\n|-start|p1a: Tyranitar|typechange|Water\n|move|p2b: Incineroar|Thunder Punch|p1a: Tyranitar\n|-supereffective|p1a: Tyranitar|1\n|-damage|p1a: Tyranitar|1/100\n|move|p1a: Tyranitar|Rock Slide|p2a: Pelipper|[spread] p2b\n|-miss|p1a: Tyranitar|p2a: Pelipper\n|-supereffective|p2b: Incineroar|1\n|-damage|p2b: Incineroar|0 fnt\n|faint|p2b: Incineroar\n|\n|-weather|RainDance|[upkeep]\n|upkeep\n|\n|t:|1776428542\n|switch|p2b: Rotom|Rotom-Heat, L50|100/100\n|turn|9\n|\n|t:|1776428548\n|move|p2b: Rotom|Thunderbolt|p1a: Tyranitar\n|-supereffective|p1a: Tyranitar|1\n|-damage|p1a: Tyranitar|0 fnt\n|faint|p1a: Tyranitar\n|\n|win|Squaalo%\n|raw|dizitpix's rating: 1073 &rarr; <strong>1051</strong><br />(-22 for losing)\n|raw|Squaalo%'s rating: 1053 &rarr; <strong>1087</strong><br />(+34 for winning)\n",
  "uploadtime": 1776428553,
  "views": 28,
  "formatid": "gen9championsvgc2026regma",
  "rating": 1051,
  "private": 0,
  "password": null
}