{
  "id": "gen9championsvgc2026regma-2584866299",
  "format": "[Gen 9 Champions] VGC 2026 Reg M-A",
  "players": [
    "Noobilio",
    "f1ish"
  ],
  "log": "|badge|p2|bronze|gen9randombattle|100-9\n|uhtml|medal-msg|<div class=\"broadcast-blue\">Curious what those medals under the avatar are? PS now has Ladder Seasons! For more information, check out the <a href=\"https://www.smogon.com/forums/threads/3740067/\">thread on Smogon.</a></div>\n|j|\u2606Noobilio\n|j|\u203df1ish\n|t:|1776289880\n|gametype|doubles\n|player|p1|Noobilio|nurse|1321\n|player|p2|f1ish|101|1369\n|gen|9\n|tier|[Gen 9 Champions] VGC 2026 Reg M-A\n|rated|\n|rule|Species Clause: Limit one of each Pok\u00e9mon\n|rule|Item Clause: Limit 1 of each item\n|clearpoke\n|poke|p1|Hawlucha, L50, F|\n|poke|p1|Floette-Eternal, L50, F|\n|poke|p1|Incineroar, L50, F|\n|poke|p1|Sinistcha, L50|\n|poke|p1|Snorlax, L50, F|\n|poke|p1|Rotom-Wash, L50|\n|poke|p2|Politoed, L50, F|\n|poke|p2|Primarina, L50, F|\n|poke|p2|Sableye, L50, M|\n|poke|p2|Incineroar, L50, F|\n|poke|p2|Sinistcha, L50|\n|poke|p2|Gengar, L50, M|\n|teampreview|4\n|inactive|Battle timer is ON: inactive players will automatically lose when time's up. (requested by f1ish)\n|\n|t:|1776289904\n|teamsize|p1|4\n|teamsize|p2|4\n|start\n|switch|p1a: Hawlucha|Hawlucha, L50, F, shiny|100/100\n|switch|p1b: Snorlax|Snorlax, L50, F, shiny|100/100\n|switch|p2a: Incineroar|Incineroar, L50, F|100/100\n|switch|p2b: Gengar|Gengar, L50, M|100/100\n|-ability|p1a: Hawlucha|Mold Breaker\n|-ability|p2a: Incineroar|Intimidate|boost\n|-unboost|p1a: Hawlucha|atk|1\n|-unboost|p1b: Snorlax|atk|1\n|turn|1\n|inactive|f1ish has 30 seconds left.\n|\n|t:|1776289931\n|detailschange|p2b: Gengar|Gengar-Mega, L50, M\n|-mega|p2b: Gengar|Gengar|Gengarite\n|detailschange|p1a: Hawlucha|Hawlucha-Mega, L50, F, shiny\n|-mega|p1a: Hawlucha|Hawlucha|Hawluchanite\n|move|p1b: Snorlax|Protect|p1b: Snorlax\n|-singleturn|p1b: Snorlax|Protect\n|move|p2a: Incineroar|Fake Out|p1b: Snorlax\n|-activate|p1b: Snorlax|move: Protect\n|move|p2b: Gengar|Perish Song|p2b: Gengar\n|-start|p1a: Hawlucha|perish3|[silent]\n|-start|p1b: Snorlax|perish3|[silent]\n|-start|p2a: Incineroar|perish3|[silent]\n|-start|p2b: Gengar|perish3|[silent]\n|-fieldactivate|move: Perish Song\n|move|p1a: Hawlucha|Entrainment|p2b: Gengar\n|-ability|p2b: Gengar|No Guard|Shadow Tag|[from] move: Entrainment|[of] p1a: Hawlucha\n|\n|-start|p2b: Gengar|perish3\n|-start|p1a: Hawlucha|perish3\n|-start|p2a: Incineroar|perish3\n|-start|p1b: Snorlax|perish3\n|upkeep\n|turn|2\n|\n|t:|1776289948\n|move|p2b: Gengar|Protect|p2b: Gengar\n|-singleturn|p2b: Gengar|Protect\n|move|p2a: Incineroar|Protect|p2a: Incineroar\n|-singleturn|p2a: Incineroar|Protect\n|move|p1a: Hawlucha|Entrainment|p1b: Snorlax\n|-ability|p1b: Snorlax|No Guard|Thick Fat|[from] move: Entrainment|[of] p1a: Hawlucha\n|move|p1b: Snorlax|Fissure|p2a: Incineroar\n|-activate|p2a: Incineroar|move: Protect\n|\n|-start|p2b: Gengar|perish2\n|-start|p1a: Hawlucha|perish2\n|-start|p2a: Incineroar|perish2\n|-start|p1b: Snorlax|perish2\n|upkeep\n|turn|3\n|inactive|f1ish has 30 seconds left.\n|inactive|f1ish has 20 seconds left.\n|\n|t:|1776289986\n|switch|p1a: Incineroar|Incineroar, L50, F|100/100\n|-ability|p1a: Incineroar|Intimidate|boost\n|-unboost|p2a: Incineroar|atk|1\n|-unboost|p2b: Gengar|atk|1\n|switch|p2a: Sinistcha|Sinistcha, L50|100/100\n|move|p2b: Gengar|Disable|p1b: Snorlax\n|-start|p1b: Snorlax|Disable|Fissure\n|cant|p1b: Snorlax|Disable|Fissure\n|\n|-start|p2b: Gengar|perish1\n|-start|p1b: Snorlax|perish1\n|upkeep\n|turn|4\n|inactive|Noobilio has 30 seconds left.\n|\n|t:|1776290012\n|switch|p2b: Incineroar|Incineroar, L50, F|100/100\n|-ability|p2b: Incineroar|Intimidate|boost\n|-unboost|p1a: Incineroar|atk|1\n|-unboost|p1b: Snorlax|atk|1\n|switch|p1b: Hawlucha|Hawlucha-Mega, L50, F, shiny|100/100\n|move|p2a: Sinistcha|Protect|p2a: Sinistcha\n|-singleturn|p2a: Sinistcha|Protect\n|move|p1a: Incineroar|Darkest Lariat|p2a: Sinistcha\n|-activate|p2a: Sinistcha|move: Protect\n|\n|upkeep\n|turn|5\n|inactive|f1ish has 30 seconds left.\n|\n|t:|1776290045\n|move|p2b: Incineroar|Fake Out|p1b: Hawlucha\n|-damage|p1b: Hawlucha|89/100\n|cant|p1b: Hawlucha|flinch\n|move|p2a: Sinistcha|Strength Sap|p1b: Hawlucha\n|-unboost|p1b: Hawlucha|atk|1\n|move|p1a: Incineroar|Darkest Lariat|p2a: Sinistcha\n|-supereffective|p2a: Sinistcha|1\n|-enditem|p2a: Sinistcha|Colbur Berry|[eat]\n|-enditem|p2a: Sinistcha|Colbur Berry|[weaken]\n|-damage|p2a: Sinistcha|80/100\n|\n|upkeep\n|turn|6\n|inactive|Noobilio has 30 seconds left.\n|\n|t:|1776290076\n|move|p2b: Incineroar|Protect|p2b: Incineroar\n|-singleturn|p2b: Incineroar|Protect\n|move|p1b: Hawlucha|Close Combat|p2b: Incineroar\n|-activate|p2b: Incineroar|move: Protect\n|move|p2a: Sinistcha|Strength Sap|p1b: Hawlucha\n|-unboost|p1b: Hawlucha|atk|1\n|-heal|p2a: Sinistcha|100/100\n|move|p1a: Incineroar|Darkest Lariat|p2b: Incineroar\n|-activate|p2b: Incineroar|move: Protect\n|\n|upkeep\n|turn|7\n|inactive|f1ish has 30 seconds left.\n|\n|t:|1776290104\n|switch|p1b: Sinistcha|Sinistcha, L50|100/100\n|move|p2a: Sinistcha|Strength Sap|p1a: Incineroar\n|-unboost|p1a: Incineroar|atk|1\n|move|p1a: Incineroar|Darkest Lariat|p2a: Sinistcha\n|-supereffective|p2a: Sinistcha|1\n|-damage|p2a: Sinistcha|70/100\n|move|p2b: Incineroar|Parting Shot|p1b: Sinistcha\n|-unboost|p1b: Sinistcha|atk|1\n|-unboost|p1b: Sinistcha|spa|1\n|\n|t:|1776290116\n|switch|p2b: Gengar|Gengar-Mega, L50, M|100/100|[from] Parting Shot\n|\n|upkeep\n|turn|8\n|\n|t:|1776290134\n|move|p2b: Gengar|Shadow Ball|p1b: Sinistcha\n|-supereffective|p1b: Sinistcha|1\n|-damage|p1b: Sinistcha|23/100\n|-enditem|p1b: Sinistcha|Sitrus Berry|[eat]\n|-heal|p1b: Sinistcha|48/100|[from] item: Sitrus Berry\n|move|p2a: Sinistcha|Life Dew||[still]|[spread] p2a,p2b\n|-heal|p2a: Sinistcha|95/100\n|-fail|p2b: Gengar|heal\n|move|p1a: Incineroar|Parting Shot|p2b: Gengar\n|-unboost|p2b: Gengar|atk|1\n|-unboost|p2b: Gengar|spa|1\n|\n|t:|1776290146\n|switch|p1a: Hawlucha|Hawlucha-Mega, L50, F, shiny|89/100|[from] Parting Shot\n|move|p1b: Sinistcha|Trick Room|p1b: Sinistcha\n|-fieldstart|move: Trick Room|[of] p1b: Sinistcha\n|\n|upkeep\n|turn|9\n|\n|t:|1776290161\n|switch|p1b: Snorlax|Snorlax, L50, F, shiny|100/100\n|move|p2a: Sinistcha|Strength Sap|p1a: Hawlucha\n|-unboost|p1a: Hawlucha|atk|1\n|-heal|p2a: Sinistcha|100/100\n|move|p1a: Hawlucha|Entrainment|p2b: Gengar\n|-ability|p2b: Gengar|No Guard|Shadow Tag|[from] move: Entrainment|[of] p1a: Hawlucha\n|move|p2b: Gengar|Shadow Ball|p1a: Hawlucha\n|-damage|p1a: Hawlucha|61/100\n|\n|upkeep\n|turn|10\n|inactive|f1ish has 30 seconds left.\n|inactive|f1ish has 20 seconds left.\n|inactive|f1ish has 15 seconds left.\n|inactive|f1ish has 10 seconds left.\n|inactive|f1ish has 5 seconds left.\n|\n|t:|1776290212\n|move|p1b: Snorlax|Fissure|p2b: Gengar\n|-damage|p2b: Gengar|0 fnt\n|faint|p2b: Gengar\n|-ohko\n|move|p2a: Sinistcha|Strength Sap|p1b: Snorlax\n|-unboost|p1b: Snorlax|atk|1\n|move|p1a: Hawlucha|Entrainment|p1b: Snorlax\n|-ability|p1b: Snorlax|No Guard|Thick Fat|[from] move: Entrainment|[of] p1a: Hawlucha\n|\n|upkeep\n|\n|t:|1776290222\n|switch|p2b: Incineroar|Incineroar, L50, F|100/100\n|-ability|p2b: Incineroar|Intimidate|boost\n|-unboost|p1a: Hawlucha|atk|1\n|-unboost|p1b: Snorlax|atk|1\n|turn|11\n|-message|f1ish forfeited.\n|\n|win|Noobilio\n|raw|Noobilio's rating: 1321 &rarr; <strong>1344</strong><br />(+23 for winning)\n|raw|f1ish's rating: 1369 &rarr; <strong>1346</strong><br />(-23 for losing)\n|l|\u203df1ish\n|player|p2|\n",
  "uploadtime": 1776290236,
  "views": 48,
  "formatid": "gen9championsvgc2026regma",
  "rating": 1344,
  "private": 0,
  "password": null
}