{
  "id": "gen9championsvgc2026regma-2585685902",
  "format": "[Gen 9 Champions] VGC 2026 Reg M-A",
  "players": [
    "jehlk",
    "Marcio Lira"
  ],
  "log": "|j|\u2606jehlk\n|j|\u2606Marcio Lira\n|t:|1776363682\n|gametype|doubles\n|player|p1|jehlk|cynthia-gen4|1329\n|player|p2|Marcio Lira|bugcatcher-gen4dp|1298\n|gen|9\n|tier|[Gen 9 Champions] VGC 2026 Reg M-A\n|rated|\n|rule|Species Clause: Limit one of each Pok\u00e9mon\n|rule|Item Clause: Limit 1 of each item\n|clearpoke\n|poke|p1|Charizard, L50, M|\n|poke|p1|Venusaur, L50, F|\n|poke|p1|Sneasler, L50, F|\n|poke|p1|Kingambit, L50, M|\n|poke|p1|Farigiraf, L50, M|\n|poke|p1|Garchomp, L50, F|\n|poke|p2|Dragonite, L50, M|\n|poke|p2|Pelipper, L50, M|\n|poke|p2|Tinkaton, L50, F|\n|poke|p2|Archaludon, L50, M|\n|poke|p2|Basculegion, L50, M|\n|poke|p2|Gliscor, L50, M|\n|teampreview|4\n|\n|t:|1776363734\n|teamsize|p1|4\n|teamsize|p2|4\n|start\n|switch|p1a: Sneasler|Sneasler, L50, F|100/100\n|switch|p1b: Garchomp|Garchomp, L50, F|100/100\n|switch|p2a: Gliscor|Gliscor, L50, M|100/100\n|switch|p2b: Tinkaton|Tinkaton, L50, F|100/100\n|turn|1\n|\n|t:|1776363753\n|move|p2b: Tinkaton|Protect|p2b: Tinkaton\n|-singleturn|p2b: Tinkaton|Protect\n|move|p1a: Sneasler|Fake Out|p2a: Gliscor\n|-damage|p2a: Gliscor|85/100\n|move|p1b: Garchomp|Stomping Tantrum|p2b: Tinkaton\n|-activate|p2b: Tinkaton|move: Protect\n|cant|p2a: Gliscor|flinch\n|\n|upkeep\n|turn|2\n|\n|t:|1776363766\n|switch|p1a: Charizard|Charizard, L50, M|100/100\n|switch|p2b: Pelipper|Pelipper, L50, M|100/100\n|-weather|RainDance|[from] ability: Drizzle|[of] p2b: Pelipper\n|move|p1b: Garchomp|Stomping Tantrum|p2b: Pelipper\n|-immune|p2b: Pelipper\n|move|p2a: Gliscor|Tailwind|p2a: Gliscor\n|-sidestart|p2: Marcio Lira|move: Tailwind\n|\n|-weather|RainDance|[upkeep]\n|upkeep\n|turn|3\n|\n|t:|1776363792\n|switch|p1b: Sneasler|Sneasler, L50, F|100/100\n|move|p2b: Pelipper|Protect|p2b: Pelipper\n|-singleturn|p2b: Pelipper|Protect\n|move|p1a: Charizard|Protect|p1a: Charizard\n|-singleturn|p1a: Charizard|Protect\n|move|p2a: Gliscor|Rock Slide|p1a: Charizard|[spread] p1b\n|-activate|p1a: Charizard|move: Protect\n|-resisted|p1b: Sneasler|1\n|-damage|p1b: Sneasler|85/100\n|\n|-weather|RainDance|[upkeep]\n|upkeep\n|turn|4\n|\n|t:|1776363808\n|switch|p1a: Garchomp|Garchomp, L50, F|100/100\n|move|p1b: Sneasler|Fake Out|p2b: Pelipper\n|-damage|p2b: Pelipper|86/100\n|move|p2a: Gliscor|Rain Dance||[still]\n|-fail|p2a: Gliscor\n|cant|p2b: Pelipper|flinch\n|\n|-weather|RainDance|[upkeep]\n|upkeep\n|turn|5\n|\n|t:|1776363830\n|move|p1b: Sneasler|Protect|p1b: Sneasler\n|-singleturn|p1b: Sneasler|Protect\n|move|p1a: Garchomp|Dragon Claw|p2a: Gliscor\n|-damage|p2a: Gliscor|40/100\n|move|p2a: Gliscor|High Horsepower|p1b: Sneasler\n|-activate|p1b: Sneasler|move: Protect\n|move|p2b: Pelipper|Hurricane|p1a: Garchomp\n|-damage|p1a: Garchomp|40/100\n|\n|-weather|RainDance|[upkeep]\n|-sideend|p2: Marcio Lira|move: Tailwind\n|upkeep\n|turn|6\n|\n|t:|1776363845\n|move|p1a: Garchomp|Dragon Claw|p2a: Gliscor\n|-damage|p2a: Gliscor|0 fnt\n|faint|p2a: Gliscor\n|move|p1b: Sneasler|Dire Claw|p2b: Pelipper\n|-damage|p2b: Pelipper|40/100\n|move|p2b: Pelipper|Tailwind|p2b: Pelipper\n|-sidestart|p2: Marcio Lira|move: Tailwind\n|\n|-weather|none\n|upkeep\n|\n|t:|1776363854\n|switch|p2a: Basculegion|Basculegion, L50, M|100/100\n|turn|7\n|\n|t:|1776363868\n|switch|p2b: Tinkaton|Tinkaton, L50, F|100/100\n|move|p1b: Sneasler|Protect|p1b: Sneasler\n|-singleturn|p1b: Sneasler|Protect\n|move|p2a: Basculegion|Wave Crash|p1a: Garchomp\n|-damage|p1a: Garchomp|0 fnt\n|-damage|p2a: Basculegion|88/100|[from] ability: Rough Skin|[of] p1a: Garchomp\n|faint|p1a: Garchomp\n|-damage|p2a: Basculegion|76/100|[from] Recoil\n|\n|upkeep\n|\n|t:|1776363874\n|switch|p1a: Charizard|Charizard, L50, M|100/100\n|turn|8\n|\n|t:|1776363907\n|move|p1a: Charizard|Protect|p1a: Charizard\n|-singleturn|p1a: Charizard|Protect\n|move|p2a: Basculegion|Wave Crash|p1a: Charizard\n|-activate|p1a: Charizard|move: Protect\n|move|p2b: Tinkaton|Gigaton Hammer|p1b: Sneasler\n|-damage|p1b: Sneasler|0 fnt\n|faint|p1b: Sneasler\n|\n|upkeep\n|\n|t:|1776363915\n|switch|p1b: Venusaur|Venusaur, L50, F|100/100\n|turn|9\n|\n|t:|1776363940\n|detailschange|p1a: Charizard|Charizard-Mega-Y, L50, M\n|-mega|p1a: Charizard|Charizard|Charizardite Y\n|-weather|SunnyDay|[from] ability: Drought|[of] p1a: Charizard\n|move|p2b: Tinkaton|Protect|p2b: Tinkaton\n|-singleturn|p2b: Tinkaton|Protect\n|move|p2a: Basculegion|Wave Crash|p1a: Charizard\n|-supereffective|p1a: Charizard|1\n|-damage|p1a: Charizard|0 fnt\n|faint|p1a: Charizard\n|-damage|p2a: Basculegion|50/100|[from] Recoil\n|move|p1b: Venusaur|Energy Ball|p2a: Basculegion\n|-supereffective|p2a: Basculegion|1\n|-damage|p2a: Basculegion|0 fnt\n|faint|p2a: Basculegion\n|\n|-weather|SunnyDay|[upkeep]\n|-sideend|p2: Marcio Lira|move: Tailwind\n|upkeep\n|\n|t:|1776363942\n|switch|p2a: Pelipper|Pelipper, L50, M|40/100\n|-weather|RainDance|[from] ability: Drizzle|[of] p2a: Pelipper\n|turn|10\n|\n|t:|1776363952\n|move|p1b: Venusaur|Sleep Powder|p2a: Pelipper\n|-status|p2a: Pelipper|slp|[from] move: Sleep Powder\n|move|p2b: Tinkaton|Gigaton Hammer|p1b: Venusaur\n|-enditem|p1b: Venusaur|Focus Sash\n|-damage|p1b: Venusaur|1/100\n|cant|p2a: Pelipper|slp\n|\n|-weather|RainDance|[upkeep]\n|upkeep\n|turn|11\n|\n|t:|1776363967\n|move|p2b: Tinkaton|Protect|p2b: Tinkaton\n|-singleturn|p2b: Tinkaton|Protect\n|move|p1b: Venusaur|Sleep Powder|p2b: Tinkaton\n|-activate|p2b: Tinkaton|move: Protect\n|cant|p2a: Pelipper|slp\n|\n|-weather|RainDance|[upkeep]\n|upkeep\n|turn|12\n|\n|t:|1776363976\n|move|p1b: Venusaur|Sleep Powder|p2b: Tinkaton\n|-status|p2b: Tinkaton|slp|[from] move: Sleep Powder\n|cant|p2b: Tinkaton|slp\n|-curestatus|p2a: Pelipper|slp|[msg]\n|move|p2a: Pelipper|Weather Ball|p1b: Venusaur\n|-resisted|p1b: Venusaur|1\n|-damage|p1b: Venusaur|0 fnt\n|faint|p1b: Venusaur\n|\n|win|Marcio Lira\n|raw|jehlk's rating: 1329 &rarr; <strong>1307</strong><br />(-22 for losing)\n|raw|Marcio Lira's rating: 1298 &rarr; <strong>1325</strong><br />(+27 for winning)\n|c|\u2606Marcio Lira|GG\n|l|\u2606jehlk\n|player|p1|\n|l|\u2606Marcio Lira\n|player|p2|\n|j|\u2606Marcio Lira\n|player|p2|Marcio Lira|bugcatcher-gen4dp|\n",
  "uploadtime": 1776363989,
  "views": 55,
  "formatid": "gen9championsvgc2026regma",
  "rating": 1307,
  "private": 0,
  "password": null
}