{
  "id": "gen9championsvgc2026regma-2584926074",
  "format": "[Gen 9 Champions] VGC 2026 Reg M-A",
  "players": [
    "Nick322P",
    "h2obama"
  ],
  "log": "|j|\u2606Nick322P\n|j|\u2606h2obama\n|t:|1776295154\n|gametype|doubles\n|player|p1|Nick322P|hugh|1104\n|player|p2|h2obama|2|1078\n|gen|9\n|tier|[Gen 9 Champions] VGC 2026 Reg M-A\n|rated|\n|rule|Species Clause: Limit one of each Pok\u00e9mon\n|rule|Item Clause: Limit 1 of each item\n|clearpoke\n|poke|p1|Floette-Eternal, L50, F|\n|poke|p1|Garchomp, L50, M|\n|poke|p1|Sinistcha, L50|\n|poke|p1|Incineroar, L50, M|\n|poke|p1|Basculegion, L50, M|\n|poke|p1|Pelipper, L50, M|\n|poke|p2|Starmie, L50|\n|poke|p2|Milotic, L50, M|\n|poke|p2|Noivern, L50, F|\n|poke|p2|Maushold-Four, L50|\n|poke|p2|Froslass, L50, F|\n|poke|p2|Volcarona, L50, F|\n|teampreview|4\nNick322P has agreed to open team sheets.\n|inactive|Battle timer is ON: inactive players will automatically lose when time's up. (requested by Nick322P)\n|inactive|h2obama has 60 seconds left.\n|\n|t:|1776295194\n|teamsize|p1|4\n|teamsize|p2|4\n|start\n|switch|p1a: Floette|Floette-Eternal, L50, F|100/100\n|switch|p1b: Sinistcha|Sinistcha, L50|100/100\n|switch|p2a: Noivern|Noivern, L50, F|100/100\n|switch|p2b: Froslass|Froslass, L50, F|100/100\n|turn|1\n|\n|t:|1776295217\n|detailschange|p2b: Froslass|Froslass-Mega, L50, F\n|-mega|p2b: Froslass|Froslass|Froslassite\n|-weather|Snowscape|[from] ability: Snow Warning|[of] p2b: Froslass\n|detailschange|p1a: Floette|Floette-Mega, L50, F\n|-mega|p1a: Floette|Floette|Floettite\n|-ability|p1a: Floette|Fairy Aura\n|move|p2a: Noivern|Taunt|p1a: Floette\n|-start|p1a: Floette|move: Taunt\n|move|p2b: Froslass|Blizzard|p1b: Sinistcha|[spread] p1a,p1b\n|-crit|p1a: Floette\n|-supereffective|p1b: Sinistcha|1\n|-damage|p1a: Floette|48/100\n|-damage|p1b: Sinistcha|5/100\n|-enditem|p1b: Sinistcha|Sitrus Berry|[eat]\n|-heal|p1b: Sinistcha|30/100|[from] item: Sitrus Berry\n|cant|p1a: Floette|move: Taunt|Calm Mind\n|move|p1b: Sinistcha|Trick Room|p1b: Sinistcha\n|-fieldstart|move: Trick Room|[of] p1b: Sinistcha\n|\n|-weather|Snowscape|[upkeep]\n|upkeep\n|turn|2\n|inactive|h2obama has 30 seconds left.\n|\n|t:|1776295245\n|switch|p1b: Pelipper|Pelipper, L50, M|100/100\n|-weather|RainDance|[from] ability: Drizzle|[of] p1b: Pelipper\n|switch|p2a: Volcarona|Volcarona, L50, F|100/100\n|move|p1a: Floette|Draining Kiss|p2a: Volcarona\n|-resisted|p2a: Volcarona|1\n|-crit|p2a: Volcarona\n|-damage|p2a: Volcarona|75/100\n|-heal|p1a: Floette|70/100|[from] drain|[of] p2a: Volcarona\n|move|p2b: Froslass|Blizzard|p1b: Pelipper|[spread] p1a\n|-miss|p2b: Froslass|p1b: Pelipper\n|-damage|p1a: Floette|31/100\n|\n|-weather|RainDance|[upkeep]\n|upkeep\n|turn|3\n|inactive|Nick322P has 30 seconds left.\n|\n|t:|1776295270\n|switch|p2b: Noivern|Noivern, L50, F|100/100\n|move|p2a: Volcarona|Protect|p2a: Volcarona\n|-singleturn|p2a: Volcarona|Protect\n|move|p1b: Pelipper|Hurricane|p2b: Noivern\n|-damage|p2b: Noivern|36/100\n|move|p1a: Floette|Draining Kiss|p2b: Noivern\n|-supereffective|p2b: Noivern|1\n|-damage|p2b: Noivern|0 fnt\n|-heal|p1a: Floette|58/100|[from] drain|[of] p2b: Noivern\n|faint|p2b: Noivern\n|\n|-weather|RainDance|[upkeep]\n|-end|p1a: Floette|move: Taunt\n|upkeep\n|\n|t:|1776295289\n|switch|p2b: Starmie|Starmie, L50|100/100\n|turn|4\n|\n|t:|1776295313\n|switch|p1b: Sinistcha|Sinistcha, L50|30/100\n|-heal|p1a: Floette|82/100|[from] ability: Hospitality|[of] p1b: Sinistcha\n|switch|p2b: Froslass|Froslass-Mega, L50, F|100/100\n|-weather|Snowscape|[from] ability: Snow Warning|[of] p2b: Froslass\n|move|p1a: Floette|Protect|p1a: Floette\n|-singleturn|p1a: Floette|Protect\n|move|p2a: Volcarona|Giga Drain|p1b: Sinistcha\n|-resisted|p1b: Sinistcha|1\n|-damage|p1b: Sinistcha|17/100\n|-heal|p2a: Volcarona|82/100|[from] drain|[of] p1b: Sinistcha\n|\n|-weather|Snowscape|[upkeep]\n|upkeep\n|turn|5\n|inactive|Nick322P has 30 seconds left.\n|\n|t:|1776295341\n|switch|p1b: Pelipper|Pelipper, L50, M|100/100\n|-weather|RainDance|[from] ability: Drizzle|[of] p1b: Pelipper\n|move|p2a: Volcarona|Protect|p2a: Volcarona\n|-singleturn|p2a: Volcarona|Protect\n|move|p2b: Froslass|Protect|p2b: Froslass\n|-singleturn|p2b: Froslass|Protect\n|move|p1a: Floette|Draining Kiss|p2b: Froslass\n|-activate|p2b: Froslass|move: Protect\n|\n|-weather|RainDance|[upkeep]\n|-fieldend|move: Trick Room\n|upkeep\n|turn|6\n|inactive|h2obama has 30 seconds left.\n|inactive|h2obama has 20 seconds left.\n|\n|t:|1776295378\n|switch|p2b: Starmie|Starmie, L50|100/100\n|move|p1a: Floette|Calm Mind|p1a: Floette\n|-boost|p1a: Floette|spa|1\n|-boost|p1a: Floette|spd|1\n|move|p2a: Volcarona|Giga Drain|p1b: Pelipper\n|-damage|p1b: Pelipper|51/100\n|-heal|p2a: Volcarona|99/100|[from] drain|[of] p1b: Pelipper\n|move|p1b: Pelipper|Tailwind|p1b: Pelipper\n|-sidestart|p1: Nick322P|move: Tailwind\n|\n|-weather|RainDance|[upkeep]\n|upkeep\n|turn|7\n|\n|t:|1776295401\n|switch|p2a: Froslass|Froslass-Mega, L50, F|100/100\n|-weather|Snowscape|[from] ability: Snow Warning|[of] p2a: Froslass\n|move|p1a: Floette|Draining Kiss|p2b: Starmie\n|-damage|p2b: Starmie|15/100\n|-heal|p1a: Floette|100/100|[from] drain|[of] p2b: Starmie\n|move|p1b: Pelipper|Weather Ball|p2a: Froslass\n|-resisted|p2a: Froslass|1\n|-damage|p2a: Froslass|81/100\n|move|p2b: Starmie|Self-Destruct|p1b: Pelipper|[spread] p1a,p1b\n|-immune|p2a: Froslass\n|-damage|p1a: Floette|63/100\n|-damage|p1b: Pelipper|3/100\n|faint|p2b: Starmie\n|\n|-weather|Snowscape|[upkeep]\n|upkeep\n|\n|t:|1776295419\n|switch|p2b: Volcarona|Volcarona, L50, F|99/100\n|turn|8\n|\n|t:|1776295432\n|switch|p1b: Sinistcha|Sinistcha, L50|17/100\n|-heal|p1a: Floette|88/100|[from] ability: Hospitality|[of] p1b: Sinistcha\n|move|p1a: Floette|Protect|p1a: Floette\n|-singleturn|p1a: Floette|Protect\n|move|p2a: Froslass|Aurora Veil|p2a: Froslass\n|-sidestart|p2: h2obama|move: Aurora Veil\n|move|p2b: Volcarona|Quiver Dance|p2b: Volcarona\n|-boost|p2b: Volcarona|spa|1\n|-boost|p2b: Volcarona|spd|1\n|-boost|p2b: Volcarona|spe|1\n|\n|-weather|Snowscape|[upkeep]\n|upkeep\n|turn|9\n|\n|t:|1776295456\n|move|p1a: Floette|Calm Mind|p1a: Floette\n|-boost|p1a: Floette|spa|1\n|-boost|p1a: Floette|spd|1\n|move|p2b: Volcarona|Quiver Dance|p2b: Volcarona\n|-boost|p2b: Volcarona|spa|1\n|-boost|p2b: Volcarona|spd|1\n|-boost|p2b: Volcarona|spe|1\n|move|p2a: Froslass|Shadow Ball|p1b: Sinistcha\n|-supereffective|p1b: Sinistcha|1\n|-damage|p1b: Sinistcha|0 fnt\n|faint|p1b: Sinistcha\n|\n|-weather|Snowscape|[upkeep]\n|-sideend|p1: Nick322P|move: Tailwind\n|upkeep\n|\n|t:|1776295468\n|switch|p1b: Pelipper|Pelipper, L50, M|3/100\n|-weather|RainDance|[from] ability: Drizzle|[of] p1b: Pelipper\n|turn|10\n|inactive|Nick322P has 30 seconds left.\n|\n|t:|1776295502\n|move|p1b: Pelipper|Protect|p1b: Pelipper\n|-singleturn|p1b: Pelipper|Protect\n|move|p2b: Volcarona|Quiver Dance|p2b: Volcarona\n|-boost|p2b: Volcarona|spa|1\n|-boost|p2b: Volcarona|spd|1\n|-boost|p2b: Volcarona|spe|1\n|move|p2a: Froslass|Shadow Ball|p1b: Pelipper\n|-activate|p1b: Pelipper|move: Protect\n|move|p1a: Floette|Moonblast|p2b: Volcarona\n|-resisted|p2b: Volcarona|1\n|-damage|p2b: Volcarona|82/100\n|\n|-weather|RainDance|[upkeep]\n|upkeep\n|turn|11\n|\n|t:|1776295523\n|switch|p1b: Basculegion|Basculegion, L50, M|100/100\n|move|p2b: Volcarona|Giga Drain|p1a: Floette\n|-damage|p1a: Floette|59/100\n|-heal|p2b: Volcarona|94/100|[from] drain|[of] p1a: Floette\n|move|p2a: Froslass|Shadow Ball|p1b: Basculegion\n|-supereffective|p1b: Basculegion|1\n|-damage|p1b: Basculegion|0 fnt\n|faint|p1b: Basculegion\n|move|p1a: Floette|Moonblast|p2a: Froslass\n|-damage|p2a: Froslass|0 fnt\n|faint|p2a: Froslass\n|\n|-weather|RainDance|[upkeep]\n|upkeep\n|\n|t:|1776295535\n|switch|p1b: Pelipper|Pelipper, L50, M|3/100\n|turn|12\n|\n|t:|1776295550\n|move|p2b: Volcarona|Heat Wave|p1b: Pelipper|[spread] p1a,p1b\n|-crit|p1a: Floette\n|-resisted|p1b: Pelipper|1\n|-damage|p1a: Floette|0 fnt\n|-damage|p1b: Pelipper|0 fnt\n|faint|p1a: Floette\n|faint|p1b: Pelipper\n|\n|win|h2obama\n|raw|Nick322P's rating: 1104 &rarr; <strong>1077</strong><br />(-27 for losing)\n|raw|h2obama's rating: 1078 &rarr; <strong>1108</strong><br />(+30 for winning)\n|l|\u2606Nick322P\n|player|p1|\n",
  "uploadtime": 1776295566,
  "views": 17,
  "formatid": "gen9championsvgc2026regma",
  "rating": 1077,
  "private": 0,
  "password": null
}