{
  "id": "gen9championsvgc2026regma-2585103172",
  "format": "[Gen 9 Champions] VGC 2026 Reg M-A",
  "players": [
    "SrChiefjosh",
    "coconatemilk"
  ],
  "log": "|j|\u2606SrChiefjosh\n|j|\u2606coconatemilk\n|t:|1776312099\n|gametype|doubles\n|player|p1|SrChiefjosh|169|1152\n|player|p2|coconatemilk|nate|1084\n|gen|9\n|tier|[Gen 9 Champions] VGC 2026 Reg M-A\n|rated|\n|rule|Species Clause: Limit one of each Pok\u00e9mon\n|rule|Item Clause: Limit 1 of each item\n|clearpoke\n|poke|p1|Meganium, L50, F|\n|poke|p1|Dragonite, L50, M|\n|poke|p1|Pelipper, L50, F|\n|poke|p1|Basculegion, L50, M|\n|poke|p1|Kingambit, L50, F|\n|poke|p1|Sneasler, L50, M|\n|poke|p2|Milotic, L50, M|\n|poke|p2|Gengar, L50, M|\n|poke|p2|Heliolisk, L50, M|\n|poke|p2|Incineroar, L50, M|\n|poke|p2|Sinistcha-Masterpiece, L50|\n|poke|p2|Chesnaught, L50, M|\n|teampreview|4\n|inactive|Battle timer is ON: inactive players will automatically lose when time's up. (requested by coconatemilk)\n|inactive|SrChiefjosh has 60 seconds left.\n|inactive|SrChiefjosh has 30 seconds left.\n|inactive|SrChiefjosh has 20 seconds left.\n|inactive|SrChiefjosh has 15 seconds left.\n|\n|t:|1776312177\n|teamsize|p1|4\n|teamsize|p2|4\n|start\n|switch|p1a: Pelipper|Pelipper, L50, F|100/100\n|switch|p1b: Basculegion|Basculegion, L50, M, shiny|100/100\n|switch|p2a: Heliolisk|Heliolisk, L50, M|100/100\n|switch|p2b: Gengar|Gengar, L50, M|100/100\n|-weather|RainDance|[from] ability: Drizzle|[of] p1a: Pelipper\n|turn|1\n|inactive|SrChiefjosh has 30 seconds left.\n|inactive|coconatemilk has 30 seconds left.\n|\n|t:|1776312205\n|switch|p2b: Milotic|Milotic, L50, M|100/100\n|move|p1a: Pelipper|Protect|p1a: Pelipper\n|-singleturn|p1a: Pelipper|Protect\n|move|p1b: Basculegion|Flip Turn|p2b: Milotic\n|-resisted|p2b: Milotic|1\n|-damage|p2b: Milotic|73/100\n|\n|t:|1776312216\n|switch|p1b: Meganium|Meganium, L50, F|100/100|[from] Flip Turn\n|move|p2a: Heliolisk|Thunderbolt|p1b: Meganium\n|-resisted|p1b: Meganium|1\n|-damage|p1b: Meganium|76/100\n|-status|p1b: Meganium|par\n|\n|-weather|RainDance|[upkeep]\n|-heal|p2b: Milotic|79/100|[from] item: Leftovers\n|upkeep\n|turn|2\n|inactive|SrChiefjosh has 30 seconds left.\n|\n|t:|1776312251\n|detailschange|p1b: Meganium|Meganium-Mega, L50, F\n|-mega|p1b: Meganium|Meganium|Meganiumite\n|move|p2a: Heliolisk|Shed Tail|p2a: Heliolisk\n|-start|p2a: Heliolisk|Substitute|[from] move: Shed Tail\n|-damage|p2a: Heliolisk|50/100\n|\n|t:|1776312260\n|switch|p2a: Gengar|Gengar, L50, M|100/100|[from] Shed Tail\n|move|p1a: Pelipper|Tailwind|p1a: Pelipper\n|-sidestart|p1: SrChiefjosh|move: Tailwind\n|cant|p1b: Meganium|par\n|move|p2b: Milotic|Ice Beam|p1b: Meganium\n|-supereffective|p1b: Meganium|1\n|-crit|p1b: Meganium\n|-damage|p1b: Meganium|3/100 par\n|\n|-weather|RainDance|[upkeep]\n|-heal|p2b: Milotic|85/100|[from] item: Leftovers\n|upkeep\n|turn|3\n|inactive|SrChiefjosh has 30 seconds left.\n|inactive|coconatemilk has 30 seconds left.\n|inactive|SrChiefjosh has 20 seconds left.\n|\n|t:|1776312295\n|switch|p1b: Sneasler|Sneasler, L50, M|100/100\n|move|p1a: Pelipper|Hurricane|p2b: Milotic\n|-damage|p2b: Milotic|53/100\n|-start|p2b: Milotic|confusion\n|move|p2a: Gengar|Disable|p1a: Pelipper\n|-start|p1a: Pelipper|Disable|Hurricane\n|-activate|p2b: Milotic|confusion\n|move|p2b: Milotic|Ice Beam|p1b: Sneasler\n|-damage|p1b: Sneasler|70/100\n|\n|-weather|RainDance|[upkeep]\n|-heal|p2b: Milotic|59/100|[from] item: Leftovers\n|upkeep\n|turn|4\n|\n|t:|1776312319\n|detailschange|p2a: Gengar|Gengar-Mega, L50, M\n|-mega|p2a: Gengar|Gengar|Gengarite\n|-activate|p2b: Milotic|confusion\n|move|p2b: Milotic|Protect|p2b: Milotic\n|-singleturn|p2b: Milotic|Protect\n|move|p1b: Sneasler|Rock Slide|p2b: Milotic|[spread] p2a\n|-activate|p2b: Milotic|move: Protect\n|-crit|p2a: Gengar\n|-end|p2a: Gengar|Substitute\n|move|p1a: Pelipper|Weather Ball|p2a: Gengar\n|-damage|p2a: Gengar|35/100\n|move|p2a: Gengar|Perish Song|p2a: Gengar\n|-start|p1a: Pelipper|perish3|[silent]\n|-start|p1b: Sneasler|perish3|[silent]\n|-start|p2a: Gengar|perish3|[silent]\n|-start|p2b: Milotic|perish3|[silent]\n|-fieldactivate|move: Perish Song\n|\n|-weather|RainDance|[upkeep]\n|-heal|p2b: Milotic|65/100|[from] item: Leftovers\n|-start|p1b: Sneasler|perish3\n|-start|p1a: Pelipper|perish3\n|-start|p2a: Gengar|perish3\n|-start|p2b: Milotic|perish3\n|upkeep\n|turn|5\n|inactive|SrChiefjosh has 30 seconds left.\n|inactive|SrChiefjosh has 20 seconds left.\n|\n|t:|1776312354\n|move|p2a: Gengar|Protect|p2a: Gengar\n|-singleturn|p2a: Gengar|Protect\n|move|p1b: Sneasler|Rock Slide|p2b: Milotic|[spread] p2b\n|-activate|p2a: Gengar|move: Protect\n|-damage|p2b: Milotic|45/100\n|move|p1a: Pelipper|Weather Ball|p2a: Gengar\n|-activate|p2a: Gengar|move: Protect\n|-activate|p2b: Milotic|confusion\n|move|p2b: Milotic|Recover|p2b: Milotic\n|-heal|p2b: Milotic|96/100\n|\n|-weather|none\n|-heal|p2b: Milotic|100/100|[from] item: Leftovers\n|-start|p1b: Sneasler|perish2\n|-start|p1a: Pelipper|perish2\n|-start|p2a: Gengar|perish2\n|-start|p2b: Milotic|perish2\n|-sideend|p1: SrChiefjosh|move: Tailwind\n|upkeep\n|turn|6\n|\n|t:|1776312377\n|-activate|p2b: Milotic|confusion\n|move|p2b: Milotic|Protect|p2b: Milotic\n|-singleturn|p2b: Milotic|Protect\n|move|p2a: Gengar|Substitute|p2a: Gengar\n|-start|p2a: Gengar|Substitute\n|-damage|p2a: Gengar|11/100\n|move|p1b: Sneasler|Dire Claw|p2a: Gengar\n|-resisted|p2a: Gengar|2\n|-activate|p2a: Gengar|move: Substitute|[damage]\n|move|p1a: Pelipper|Tailwind|p1a: Pelipper\n|-sidestart|p1: SrChiefjosh|move: Tailwind\n|\n|-start|p1b: Sneasler|perish1\n|-start|p1a: Pelipper|perish1\n|-start|p2a: Gengar|perish1\n|-start|p2b: Milotic|perish1\n|upkeep\n|turn|7\n|\n|t:|1776312399\n|switch|p2a: Sinistcha|Sinistcha-Masterpiece, L50|100/100\n|switch|p2b: Heliolisk|Heliolisk, L50, M|50/100\n|move|p1b: Sneasler|Rock Slide|p2b: Heliolisk|[spread] p2b\n|-miss|p1b: Sneasler|p2a: Sinistcha\n|-damage|p2b: Heliolisk|5/100\n|move|p1a: Pelipper|Tailwind||[still]\n|-fail|p1a: Pelipper\n|\n|-end|p1a: Pelipper|Disable\n|-start|p1b: Sneasler|perish0\n|-start|p1a: Pelipper|perish0\n|faint|p1b: Sneasler\n|faint|p1a: Pelipper\n|upkeep\n|\n|t:|1776312403\n|switch|p1b: Meganium|Meganium-Mega, L50, F|3/100 par\n|switch|p1a: Basculegion|Basculegion, L50, M, shiny|100/100\n|turn|8\n|\n|t:|1776312420\n|move|p1b: Meganium|Protect|p1b: Meganium\n|-singleturn|p1b: Meganium|Protect\n|move|p1a: Basculegion|Last Respects|p2a: Sinistcha\n|-supereffective|p2a: Sinistcha|1\n|-damage|p2a: Sinistcha|0 fnt\n|faint|p2a: Sinistcha\n|move|p2b: Heliolisk|Thunderbolt|p1a: Basculegion\n|-supereffective|p1a: Basculegion|1\n|-damage|p1a: Basculegion|0 fnt\n|faint|p1a: Basculegion\n|\n|upkeep\n|-message|SrChiefjosh forfeited.\n|\n|win|coconatemilk\n|raw|SrChiefjosh's rating: 1152 &rarr; <strong>1122</strong><br />(-30 for losing)\n|raw|coconatemilk's rating: 1084 &rarr; <strong>1117</strong><br />(+33 for winning)\n|l|\u2606SrChiefjosh\n|player|p1|\n",
  "uploadtime": 1776312713,
  "views": 26,
  "formatid": "gen9championsvgc2026regma",
  "rating": 1117,
  "private": 0,
  "password": null
}