{
  "id": "gen9championsvgc2026regma-2586469604",
  "format": "[Gen 9 Champions] VGC 2026 Reg M-A",
  "players": [
    "ziegz",
    "1#MiraidonHater"
  ],
  "log": "|j|\u2606ziegz\n|j|\u26061#MiraidonHater\n|t:|1776436864\n|gametype|doubles\n|player|p1|ziegz|169|1240\n|player|p2|1#MiraidonHater|1|1256\n|gen|9\n|tier|[Gen 9 Champions] VGC 2026 Reg M-A\n|rated|\n|rule|Species Clause: Limit one of each Pok\u00e9mon\n|rule|Item Clause: Limit 1 of each item\n|clearpoke\n|poke|p1|Floette-Eternal, L50, F|\n|poke|p1|Sneasler, L50, F|\n|poke|p1|Incineroar, L50, F|\n|poke|p1|Whimsicott, L50, F|\n|poke|p1|Delphox, L50, M|\n|poke|p1|Garchomp, L50, M|\n|poke|p2|Glimmora, L50, F|\n|poke|p2|Kangaskhan, L50, F|\n|poke|p2|Kommo-o, L50, F|\n|poke|p2|Sinistcha-Masterpiece, L50|\n|poke|p2|Rotom-Wash, L50|\n|poke|p2|Kingambit, L50, M|\n|teampreview|4\n|\n|t:|1776436909\n|teamsize|p1|4\n|teamsize|p2|4\n|start\n|switch|p1a: Floette|Floette-Eternal, L50, F|100/100\n|switch|p1b: Whimsicott|Whimsicott, L50, F|100/100\n|switch|p2a: Glimmora|Glimmora, L50, F|100/100\n|switch|p2b: Rotom|Rotom-Wash, L50|100/100\n|turn|1\n|\n|t:|1776436927\n|detailschange|p2a: Glimmora|Glimmora-Mega, L50, F\n|-mega|p2a: Glimmora|Glimmora|Glimmoranite\n|move|p1b: Whimsicott|Protect|p1b: Whimsicott\n|-singleturn|p1b: Whimsicott|Protect\n|move|p1a: Floette|Protect|p1a: Floette\n|-singleturn|p1a: Floette|Protect\n|move|p2b: Rotom|Volt Switch|p1b: Whimsicott\n|-activate|p1b: Whimsicott|move: Protect\n|move|p2a: Glimmora|Sludge Bomb|p1a: Floette\n|-activate|p1a: Floette|move: Protect\n|\n|upkeep\n|turn|2\n|\n|t:|1776436953\n|switch|p1a: Sneasler|Sneasler, L50, F|100/100\n|-ability|p1a: Sneasler|Pressure\n|move|p1b: Whimsicott|Encore|p2a: Glimmora\n|-start|p2a: Glimmora|Encore\n|move|p2b: Rotom|Volt Switch|p1a: Sneasler\n|-damage|p1a: Sneasler|62/100\n|\n|t:|1776436963\n|switch|p2b: Kommo-o|Kommo-o, L50, F|100/100|[from] Volt Switch\n|move|p2a: Glimmora|Sludge Bomb|p1a: Sneasler\n|-resisted|p1a: Sneasler|1\n|-damage|p1a: Sneasler|15/100\n|\n|upkeep\n|turn|3\n|\n|t:|1776436975\n|move|p2b: Kommo-o|Protect|p2b: Kommo-o\n|-singleturn|p2b: Kommo-o|Protect\n|move|p1a: Sneasler|Fake Out|p2a: Glimmora\n|-resisted|p2a: Glimmora|1\n|-damage|p2a: Glimmora|92/100\n|move|p1b: Whimsicott|Moonblast|p2b: Kommo-o\n|-activate|p2b: Kommo-o|move: Protect\n|cant|p2a: Glimmora|flinch\n|\n|upkeep\n|turn|4\n|\n|t:|1776436987\n|switch|p2b: Rotom|Rotom-Wash, L50|100/100\n|move|p1a: Sneasler|Close Combat|p2a: Glimmora\n|-damage|p2a: Glimmora|27/100\n|-unboost|p1a: Sneasler|def|1\n|-unboost|p1a: Sneasler|spd|1\n|-enditem|p1a: Sneasler|White Herb\n|-clearnegativeboost|p1a: Sneasler|[silent]\n|move|p1b: Whimsicott|Moonblast|p2b: Rotom\n|-damage|p2b: Rotom|59/100\n|move|p2a: Glimmora|Sludge Bomb|p1b: Whimsicott\n|-supereffective|p1b: Whimsicott|2\n|-enditem|p1b: Whimsicott|Focus Sash\n|-damage|p1b: Whimsicott|1/100\n|\n|-end|p2a: Glimmora|Encore\n|upkeep\n|turn|5\n|\n|t:|1776437017\n|move|p1b: Whimsicott|Protect|p1b: Whimsicott\n|-singleturn|p1b: Whimsicott|Protect\n|move|p2b: Rotom|Electroweb|p1b: Whimsicott|[spread] p1a\n|-activate|p1b: Whimsicott|move: Protect\n|-crit|p1a: Sneasler\n|-damage|p1a: Sneasler|0 fnt\n|faint|p1a: Sneasler\n|move|p2a: Glimmora|Earth Power|p1b: Whimsicott\n|-activate|p1b: Whimsicott|move: Protect\n|\n|upkeep\n|\n|t:|1776437031\n|switch|p1a: Floette|Floette-Eternal, L50, F|100/100\n|turn|6\n|\n|t:|1776437038\n|detailschange|p1a: Floette|Floette-Mega, L50, F\n|-mega|p1a: Floette|Floette|Floettite\n|-ability|p1a: Floette|Fairy Aura\n|move|p1b: Whimsicott|Tailwind|p1b: Whimsicott\n|-sidestart|p1: ziegz|move: Tailwind\n|move|p1a: Floette|Dazzling Gleam|p2a: Glimmora|[spread] p2a,p2b\n|-resisted|p2a: Glimmora|1\n|-damage|p2a: Glimmora|0 fnt\n|-damage|p2b: Rotom|9/100\n|faint|p2a: Glimmora\n|move|p2b: Rotom|Electroweb|p1b: Whimsicott|[spread] p1b\n|-miss|p2b: Rotom|p1a: Floette\n|-resisted|p1b: Whimsicott|1\n|-damage|p1b: Whimsicott|0 fnt\n|faint|p1b: Whimsicott\n|\n|upkeep\n|\n|t:|1776437051\n|switch|p1b: Delphox|Delphox, L50, M|100/100\n|switch|p2a: Kingambit|Kingambit, L50, M|100/100\n|turn|7\n|\n|t:|1776437059\n|move|p1b: Delphox|Protect|p1b: Delphox\n|-singleturn|p1b: Delphox|Protect\n|move|p2a: Kingambit|Sucker Punch||[still]\n|-fail|p2a: Kingambit\n|move|p1a: Floette|Calm Mind|p1a: Floette\n|-boost|p1a: Floette|spa|1\n|-boost|p1a: Floette|spd|1\n|move|p2b: Rotom|Electroweb|p1b: Delphox|[spread] p1a\n|-activate|p1b: Delphox|move: Protect\n|-damage|p1a: Floette|91/100\n|-unboost|p1a: Floette|spe|1\n|\n|upkeep\n|turn|8\n|\n|t:|1776437070\n|move|p1b: Delphox|Protect||[still]\n|-fail|p1b: Delphox\n|move|p1a: Floette|Moonblast|p2a: Kingambit\n|-damage|p2a: Kingambit|0 fnt\n|faint|p2a: Kingambit\n|move|p2b: Rotom|Electroweb|p1b: Delphox|[spread] p1a,p1b\n|-damage|p1a: Floette|82/100\n|-damage|p1b: Delphox|81/100\n|-unboost|p1a: Floette|spe|1\n|-unboost|p1b: Delphox|spe|1\n|\n|upkeep\n|\n|t:|1776437107\n|switch|p2a: Kommo-o|Kommo-o, L50, F|100/100\n|turn|9\n|inactive|Battle timer is ON: inactive players will automatically lose when time's up. (requested by ziegz)\n|\n|t:|1776437117\n|move|p2a: Kommo-o|Protect|p2a: Kommo-o\n|-singleturn|p2a: Kommo-o|Protect\n|move|p1b: Delphox|Psychic|p2a: Kommo-o\n|-activate|p2a: Kommo-o|move: Protect\n|move|p2b: Rotom|Electroweb|p1b: Delphox|[spread] p1a,p1b\n|-damage|p1a: Floette|72/100\n|-damage|p1b: Delphox|62/100\n|-unboost|p1a: Floette|spe|1\n|-unboost|p1b: Delphox|spe|1\n|move|p1a: Floette|Dazzling Gleam|p2b: Rotom|[spread] p2b\n|-activate|p2a: Kommo-o|move: Protect\n|-damage|p2b: Rotom|0 fnt\n|faint|p2b: Rotom\n|\n|-sideend|p1: ziegz|move: Tailwind\n|upkeep\n|turn|10\n|-message|1#MiraidonHater forfeited.\n|\n|win|ziegz\n",
  "uploadtime": 1776436866,
  "views": 21,
  "formatid": "gen9championsvgc2026regma",
  "rating": null,
  "private": 0,
  "password": null
}