{
  "id": "gen9championsvgc2026regma-2586779824",
  "format": "[Gen 9 Champions] VGC 2026 Reg M-A",
  "players": [
    "theluckyone26",
    "SubparFish"
  ],
  "log": "|j|\u2606theluckyone26\n|j|\u2606SubparFish\n|t:|1776459287\n|gametype|doubles\n|player|p1|theluckyone26|gentleman-gen4|1226\n|player|p2|SubparFish|266|1168\n|gen|9\n|tier|[Gen 9 Champions] VGC 2026 Reg M-A\n|rated|\n|rule|Species Clause: Limit one of each Pok\u00e9mon\n|rule|Item Clause: Limit 1 of each item\n|clearpoke\n|poke|p1|Whimsicott, L50, F|\n|poke|p1|Charizard, L50, F|\n|poke|p1|Venusaur, L50, F|\n|poke|p1|Incineroar, L50, M|\n|poke|p1|Garchomp, L50, F|\n|poke|p1|Gengar, L50, F|\n|poke|p2|Froslass, L50, F|\n|poke|p2|Ninetales-Alola, L50, F|\n|poke|p2|Maushold, L50|\n|poke|p2|Arcanine-Hisui, L50, F|\n|poke|p2|Empoleon, L50, M|\n|poke|p2|Tsareena, L50, F|\n|teampreview|4\n|inactive|Battle timer is ON: inactive players will automatically lose when time's up. (requested by theluckyone26)\n|inactive|SubparFish has 60 seconds left.\n|\n|t:|1776459325\n|teamsize|p1|4\n|teamsize|p2|4\n|start\n|switch|p1a: Gengar|Gengar, L50, F|100/100\n|switch|p1b: Incineroar|Incineroar, L50, M|100/100\n|switch|p2a: Froslass|Froslass, L50, F|100/100\n|switch|p2b: Ninetales|Ninetales-Alola, L50, F|100/100\n|-weather|Snowscape|[from] ability: Snow Warning|[of] p2b: Ninetales\n|-ability|p1b: Incineroar|Intimidate|boost\n|-unboost|p2a: Froslass|atk|1\n|-unboost|p2b: Ninetales|atk|1\n|turn|1\n|inactive|SubparFish has 30 seconds left.\n|inactive|SubparFish has 20 seconds left.\n|inactive|SubparFish has 15 seconds left.\n|inactive|SubparFish has 10 seconds left.\n|\n|t:|1776459373\n|detailschange|p1a: Gengar|Gengar-Mega, L50, F\n|-mega|p1a: Gengar|Gengar|Gengarite\n|move|p2a: Froslass|Protect|p2a: Froslass\n|-singleturn|p2a: Froslass|Protect\n|move|p1b: Incineroar|Fake Out|p2b: Ninetales\n|-damage|p2b: Ninetales|86/100\n|cant|p2b: Ninetales|flinch\n|move|p1a: Gengar|Perish Song|p1a: Gengar\n|-start|p1a: Gengar|perish3|[silent]\n|-start|p1b: Incineroar|perish3|[silent]\n|-start|p2a: Froslass|perish3|[silent]\n|-start|p2b: Ninetales|perish3|[silent]\n|-fieldactivate|move: Perish Song\n|\n|-weather|Snowscape|[upkeep]\n|-start|p2b: Ninetales|perish3\n|-start|p2a: Froslass|perish3\n|-start|p1a: Gengar|perish3\n|-start|p1b: Incineroar|perish3\n|upkeep\n|turn|2\n|\n|t:|1776459393\n|detailschange|p2a: Froslass|Froslass-Mega, L50, F\n|-mega|p2a: Froslass|Froslass|Froslassite\n|move|p1a: Gengar|Protect|p1a: Gengar\n|-singleturn|p1a: Gengar|Protect\n|move|p2b: Ninetales|Icy Wind|p1a: Gengar|[spread] p1b\n|-activate|p1a: Gengar|move: Protect\n|-resisted|p1b: Incineroar|1\n|-damage|p1b: Incineroar|94/100\n|-unboost|p1b: Incineroar|spe|1\n|move|p2a: Froslass|Shadow Ball|p1a: Gengar\n|-activate|p1a: Gengar|move: Protect\n|move|p1b: Incineroar|Darkest Lariat|p2a: Froslass\n|-supereffective|p2a: Froslass|1\n|-damage|p2a: Froslass|11/100\n|\n|-weather|Snowscape|[upkeep]\n|-start|p2b: Ninetales|perish2\n|-start|p2a: Froslass|perish2\n|-start|p1a: Gengar|perish2\n|-start|p1b: Incineroar|perish2\n|upkeep\n|turn|3\n|\n|t:|1776459418\n|switch|p1a: Charizard|Charizard, L50, F|100/100\n|move|p2b: Ninetales|Icy Wind|p1b: Incineroar|[spread] p1a,p1b\n|-resisted|p1b: Incineroar|1\n|-damage|p1a: Charizard|80/100\n|-damage|p1b: Incineroar|87/100\n|-unboost|p1a: Charizard|spe|1\n|-unboost|p1b: Incineroar|spe|1\n|move|p2a: Froslass|Shadow Ball|p1a: Charizard\n|-damage|p1a: Charizard|25/100\n|move|p1b: Incineroar|Parting Shot|p2b: Ninetales\n|-unboost|p2b: Ninetales|atk|1\n|-unboost|p2b: Ninetales|spa|1\n|\n|t:|1776459432\n|switch|p1b: Gengar|Gengar-Mega, L50, F|100/100|[from] Parting Shot\n|\n|-weather|Snowscape|[upkeep]\n|-start|p2b: Ninetales|perish1\n|-start|p2a: Froslass|perish1\n|upkeep\n|turn|4\n|\n|t:|1776459447\n|move|p1b: Gengar|Protect|p1b: Gengar\n|-singleturn|p1b: Gengar|Protect\n|move|p1a: Charizard|Protect|p1a: Charizard\n|-singleturn|p1a: Charizard|Protect\n|move|p2b: Ninetales|Icy Wind|p1a: Charizard|[spread] \n|-activate|p1a: Charizard|move: Protect\n|-activate|p1b: Gengar|move: Protect\n|move|p2a: Froslass|Shadow Ball|p1b: Gengar\n|-activate|p1b: Gengar|move: Protect\n|\n|-weather|Snowscape|[upkeep]\n|-start|p2b: Ninetales|perish0\n|-start|p2a: Froslass|perish0\n|faint|p2b: Ninetales\n|faint|p2a: Froslass\n|upkeep\n|\n|t:|1776459460\n|switch|p2a: Arcanine|Arcanine-Hisui, L50, F|100/100\n|switch|p2b: Maushold|Maushold, L50|100/100\n|-ability|p2a: Arcanine|Intimidate|boost\n|-unboost|p1a: Charizard|atk|1\n|-unboost|p1b: Gengar|atk|1\n|turn|5\n|\n|t:|1776459476\n|move|p2b: Maushold|Helping Hand|p2a: Arcanine\n|-singleturn|p2a: Arcanine|Helping Hand|[of] p2b: Maushold\n|move|p1b: Gengar|Perish Song|p1b: Gengar\n|-start|p1a: Charizard|perish3|[silent]\n|-start|p1b: Gengar|perish3|[silent]\n|-start|p2a: Arcanine|perish3|[silent]\n|-start|p2b: Maushold|perish3|[silent]\n|-fieldactivate|move: Perish Song\n|move|p2a: Arcanine|Rock Slide|p1b: Gengar|[spread] p1a,p1b\n|-supereffective|p1a: Charizard|2\n|-damage|p1a: Charizard|0 fnt\n|-damage|p1b: Gengar|48/100\n|faint|p1a: Charizard\n|\n|-weather|none\n|-start|p1b: Gengar|perish3\n|-start|p2a: Arcanine|perish3\n|-start|p2b: Maushold|perish3\n|upkeep\n|\n|t:|1776459485\n|switch|p1a: Incineroar|Incineroar, L50, M|87/100\n|-ability|p1a: Incineroar|Intimidate|boost\n|-unboost|p2a: Arcanine|atk|1\n|-unboost|p2b: Maushold|atk|1\n|turn|6\n|-message|SubparFish forfeited.\n|\n|win|theluckyone26\n|raw|theluckyone26's rating: 1226 &rarr; <strong>1247</strong><br />(+21 for winning)\n|raw|SubparFish's rating: 1168 &rarr; <strong>1147</strong><br />(-21 for losing)\n|l|\u2606SubparFish\n|player|p2|\n",
  "uploadtime": 1776459521,
  "views": 42,
  "formatid": "gen9championsvgc2026regma",
  "rating": 1147,
  "private": 0,
  "password": null
}