{
  "id": "gen9championsvgc2026regma-2582001708",
  "format": "[Gen 9 Champions] VGC 2026 Reg M-A",
  "players": [
    "fennekinlovr\u2661\u2661\u2661",
    "Goodusername69"
  ],
  "log": "|j|\u2606fennekinlovr\u2661\u2661\u2661\n|j|\u2606Goodusername69\n|t:|1776047244\n|gametype|doubles\n|player|p1|fennekinlovr\u2661\u2661\u2661|265|1117\n|player|p2|Goodusername69|lady-gen4|1074\n|gen|9\n|tier|[Gen 9 Champions] VGC 2026 Reg M-A\n|rated|\n|rule|Species Clause: Limit one of each Pok\u00e9mon\n|rule|Item Clause: Limit 1 of each item\n|clearpoke\n|poke|p1|Kommo-o, L50, M|\n|poke|p1|Incineroar, L50, F|\n|poke|p1|Clefable, L50, M|\n|poke|p1|Ninetales-Alola, L50, M|\n|poke|p1|Whimsicott, L50, F|\n|poke|p1|Delphox, L50, F|\n|poke|p2|Beedrill, L50, M|\n|poke|p2|Incineroar, L50, F|\n|poke|p2|Clefable, L50, F|\n|poke|p2|Basculegion, L50, M|\n|poke|p2|Rotom-Mow, L50|\n|poke|p2|Garchomp, L50, M|\n|teampreview|4\n|inactive|Battle timer is ON: inactive players will automatically lose when time's up. (requested by fennekinlovr\u2661\u2661\u2661)\n|\n|t:|1776047326\n|teamsize|p1|4\n|teamsize|p2|4\n|start\n|switch|p1a: Kommo-o|Kommo-o, L50, M|100/100\n|switch|p1b: Incineroar|Incineroar, L50, F|100/100\n|switch|p2a: Beedrill|Beedrill, L50, M|100/100\n|switch|p2b: Incineroar|Incineroar, L50, F|100/100\n|-ability|p2b: Incineroar|Intimidate|boost\n|-unboost|p1a: Kommo-o|atk|1\n|-unboost|p1b: Incineroar|atk|1\n|-ability|p1b: Incineroar|Intimidate|boost\n|-unboost|p2a: Beedrill|atk|1\n|-unboost|p2b: Incineroar|atk|1\n|-enditem|p1b: Incineroar|White Herb\n|-clearnegativeboost|p1b: Incineroar|[silent]\n|turn|1\n|inactive|Goodusername69 has 30 seconds left.\n|inactive|Goodusername69 has 20 seconds left.\n|\n|t:|1776047363\n|move|p2a: Beedrill|Protect|p2a: Beedrill\n|-singleturn|p2a: Beedrill|Protect\n|move|p1b: Incineroar|Fake Out|p2b: Incineroar\n|-damage|p2b: Incineroar|90/100\n|move|p1a: Kommo-o|Clangorous Soul|p1a: Kommo-o\n|-boost|p1a: Kommo-o|atk|1\n|-boost|p1a: Kommo-o|def|1\n|-boost|p1a: Kommo-o|spa|1\n|-boost|p1a: Kommo-o|spd|1\n|-boost|p1a: Kommo-o|spe|1\n|-damage|p1a: Kommo-o|68/100\n|cant|p2b: Incineroar|flinch\n|\n|-heal|p1a: Kommo-o|74/100|[from] item: Leftovers\n|upkeep\n|turn|2\n|inactive|fennekinlovr\u2661\u2661\u2661 has 30 seconds left.\n|inactive|fennekinlovr\u2661\u2661\u2661 has 20 seconds left.\n|\n|t:|1776047403\n|detailschange|p2a: Beedrill|Beedrill-Mega, L50, M\n|-mega|p2a: Beedrill|Beedrill|Beedrillite\n|move|p2a: Beedrill|String Shot|p1b: Incineroar|[spread] p1a,p1b\n|-unboost|p1a: Kommo-o|spe|2\n|-unboost|p1b: Incineroar|spe|2\n|move|p1a: Kommo-o|Aura Sphere|p2b: Incineroar\n|-supereffective|p2b: Incineroar|1\n|-crit|p2b: Incineroar\n|-enditem|p2b: Incineroar|Chople Berry|[eat]\n|-enditem|p2b: Incineroar|Chople Berry|[weaken]\n|-damage|p2b: Incineroar|19/100\n|move|p2b: Incineroar|Parting Shot|p1b: Incineroar\n|-unboost|p1b: Incineroar|atk|1\n|-unboost|p1b: Incineroar|spa|1\n|\n|t:|1776047417\n|switch|p2b: Garchomp|Garchomp, L50, M|100/100|[from] Parting Shot\n|move|p1b: Incineroar|Parting Shot|p2a: Beedrill\n|-unboost|p2a: Beedrill|atk|1\n|-unboost|p2a: Beedrill|spa|1\n|\n|t:|1776047424\n|switch|p1b: Clefable|Clefable, L50, M|100/100|[from] Parting Shot\n|\n|-heal|p1a: Kommo-o|79/100|[from] item: Leftovers\n|upkeep\n|turn|3\n|inactive|Goodusername69 has 30 seconds left.\n|\n|t:|1776047451\n|move|p2a: Beedrill|Protect|p2a: Beedrill\n|-singleturn|p2a: Beedrill|Protect\n|move|p1b: Clefable|Follow Me|p1b: Clefable\n|-singleturn|p1b: Clefable|move: Follow Me\n|move|p2b: Garchomp|Earthquake|p1a: Kommo-o|[spread] p1a,p1b\n|-activate|p2a: Beedrill|move: Protect\n|-damage|p1a: Kommo-o|56/100\n|-damage|p1b: Clefable|68/100\n|move|p1a: Kommo-o|Clanging Scales|p2a: Beedrill|[spread] p2b\n|-activate|p2a: Beedrill|move: Protect\n|-supereffective|p2b: Garchomp|1\n|-damage|p2b: Garchomp|0 fnt\n|faint|p2b: Garchomp\n|-unboost|p1a: Kommo-o|def|1\n|\n|-heal|p1a: Kommo-o|62/100|[from] item: Leftovers\n|upkeep\n|\n|t:|1776047464\n|switch|p2b: Incineroar|Incineroar, L50, F|19/100\n|-ability|p2b: Incineroar|Intimidate|boost\n|-unboost|p1a: Kommo-o|atk|1\n|-unboost|p1b: Clefable|atk|1\n|turn|4\n|\n|t:|1776047469\n|move|p2b: Incineroar|Fake Out|p1a: Kommo-o\n|-damage|p1a: Kommo-o|50/100\n|move|p1b: Clefable|Follow Me|p1b: Clefable\n|-singleturn|p1b: Clefable|move: Follow Me\n|move|p2a: Beedrill|Poison Jab|p1b: Clefable\n|-supereffective|p1b: Clefable|1\n|-damage|p1b: Clefable|16/100\n|-enditem|p1b: Clefable|Sitrus Berry|[eat]\n|-heal|p1b: Clefable|41/100|[from] item: Sitrus Berry\n|cant|p1a: Kommo-o|flinch\n|\n|-heal|p1a: Kommo-o|56/100|[from] item: Leftovers\n|upkeep\n|turn|5\n|\n|t:|1776047493\n|switch|p2b: Basculegion|Basculegion, L50, M|100/100\n|move|p1b: Clefable|Follow Me|p1b: Clefable\n|-singleturn|p1b: Clefable|move: Follow Me\n|move|p2a: Beedrill|Poison Jab|p1b: Clefable\n|-supereffective|p1b: Clefable|1\n|-damage|p1b: Clefable|0 fnt\n|faint|p1b: Clefable\n|move|p1a: Kommo-o|Clanging Scales|p2b: Basculegion|[spread] p2a,p2b\n|-damage|p2a: Beedrill|13/100\n|-damage|p2b: Basculegion|39/100\n|-unboost|p1a: Kommo-o|def|1\n|\n|-heal|p1a: Kommo-o|62/100|[from] item: Leftovers\n|upkeep\n|\n|t:|1776047505\n|switch|p1b: Incineroar|Incineroar, L50, F|100/100\n|-ability|p1b: Incineroar|Intimidate|boost\n|-unboost|p2a: Beedrill|atk|1\n|-unboost|p2b: Basculegion|atk|1\n|turn|6\n|inactive|fennekinlovr\u2661\u2661\u2661 has 30 seconds left.\n|inactive|fennekinlovr\u2661\u2661\u2661 has 20 seconds left.\n|\n|t:|1776047541\n|switch|p2a: Incineroar|Incineroar, L50, F|19/100\n|-ability|p2a: Incineroar|Intimidate|boost\n|-unboost|p1a: Kommo-o|atk|1\n|-unboost|p1b: Incineroar|atk|1\n|move|p1b: Incineroar|Fake Out|p2a: Incineroar\n|-damage|p2a: Incineroar|12/100\n|move|p2b: Basculegion|Wave Crash|p1b: Incineroar\n|-supereffective|p1b: Incineroar|1\n|-damage|p1b: Incineroar|2/100\n|-damage|p2b: Basculegion|6/100|[from] Recoil\n|move|p1a: Kommo-o|Clanging Scales|p2b: Basculegion|[spread] p2a,p2b\n|-damage|p2a: Incineroar|0 fnt\n|-damage|p2b: Basculegion|0 fnt\n|faint|p2a: Incineroar\n|faint|p2b: Basculegion\n|-unboost|p1a: Kommo-o|def|1\n|\n|-heal|p1a: Kommo-o|68/100|[from] item: Leftovers\n|upkeep\n|\n|t:|1776047553\n|switch|p2a: Beedrill|Beedrill-Mega, L50, M|13/100\n|turn|7\n|\n|t:|1776047563\n|switch|p1b: Delphox|Delphox, L50, F|100/100\n|move|p2a: Beedrill|Poison Jab|p1a: Kommo-o\n|-damage|p1a: Kommo-o|0 fnt\n|faint|p1a: Kommo-o\n|\n|upkeep\n|\n|t:|1776047566\n|switch|p1a: Incineroar|Incineroar, L50, F|2/100\n|-ability|p1a: Incineroar|Intimidate|boost\n|-unboost|p2a: Beedrill|atk|1\n|turn|8\n|\n|t:|1776047573\n|detailschange|p1b: Delphox|Delphox-Mega, L50, F\n|-mega|p1b: Delphox|Delphox|Delphoxite\n|move|p2a: Beedrill|Protect|p2a: Beedrill\n|-singleturn|p2a: Beedrill|Protect\n|move|p1a: Incineroar|Fake Out|p2a: Beedrill\n|-activate|p2a: Beedrill|move: Protect\n|move|p1b: Delphox|Psychic|p2a: Beedrill\n|-activate|p2a: Beedrill|move: Protect\n|\n|upkeep\n|turn|9\n|\n|t:|1776047584\n|move|p2a: Beedrill|Poison Jab|p1b: Delphox\n|-damage|p1b: Delphox|40/100\n|-status|p1b: Delphox|psn\n|move|p1b: Delphox|Psychic|p2a: Beedrill\n|-supereffective|p2a: Beedrill|1\n|-damage|p2a: Beedrill|0 fnt\n|faint|p2a: Beedrill\n|\n|win|fennekinlovr\u2661\u2661\u2661\n|raw|fennekinlovr\u2661\u2661\u2661's rating: 1117 &rarr; <strong>1139</strong><br />(+22 for winning)\n|raw|Goodusername69's rating: 1074 &rarr; <strong>1055</strong><br />(-19 for losing)\n|l|\u2606fennekinlovr\u2661\u2661\u2661\n|player|p1|\n",
  "uploadtime": 1776047593,
  "views": 9,
  "formatid": "gen9championsvgc2026regma",
  "rating": 1055,
  "private": 0,
  "password": null
}