{
  "id": "gen9championsvgc2026regma-2583994990",
  "format": "[Gen 9 Champions] VGC 2026 Reg M-A",
  "players": [
    "Witlix",
    "burger21"
  ],
  "log": "|j|\u2606Witlix\n|j|\u2606burger21\n|t:|1776215104\n|gametype|doubles\n|player|p1|Witlix|benga|1125\n|player|p2|burger21|grimsley|1126\n|gen|9\n|tier|[Gen 9 Champions] VGC 2026 Reg M-A\n|rated|\n|rule|Species Clause: Limit one of each Pok\u00e9mon\n|rule|Item Clause: Limit 1 of each item\n|clearpoke\n|poke|p1|Incineroar, L50, M|\n|poke|p1|Sneasler, L50, F|\n|poke|p1|Kommo-o, L50, M|\n|poke|p1|Basculegion, L50, M|\n|poke|p1|Ninetales-Alola, L50, F|\n|poke|p1|Scizor, L50, M|\n|poke|p2|Starmie, L50|\n|poke|p2|Pelipper, L50, M|\n|poke|p2|Archaludon, L50, M|\n|poke|p2|Mamoswine, L50, F|\n|poke|p2|Incineroar, L50, M|\n|poke|p2|Milotic, L50, M|\n|teampreview|4\n|inactive|Battle timer is ON: inactive players will automatically lose when time's up. (requested by burger21)\n|inactive|Witlix also wants the timer to be on.\n|inactive|Witlix has 60 seconds left.\n|inactive|burger21 has 60 seconds left.\n|\n|t:|1776215156\n|teamsize|p1|4\n|teamsize|p2|4\n|start\n|switch|p1a: Basculegion|Basculegion, L50, M, shiny|100/100\n|switch|p1b: Sneasler|Sneasler, L50, F, shiny|100/100\n|switch|p2a: Incineroar|Incineroar, L50, M|100/100\n|switch|p2b: Mamoswine|Mamoswine, L50, F|100/100\n|-ability|p2a: Incineroar|Intimidate|boost\n|-unboost|p1a: Basculegion|atk|1\n|-unboost|p1b: Sneasler|atk|1\n|-enditem|p1b: Sneasler|White Herb\n|-clearnegativeboost|p1b: Sneasler|[silent]\n|turn|1\n|inactive|Witlix has 30 seconds left.\n|inactive|burger21 has 30 seconds left.\n|inactive|Witlix has 20 seconds left.\n|\n|t:|1776215193\n|move|p1b: Sneasler|Fake Out|p2b: Mamoswine\n|-damage|p2b: Mamoswine|84/100\n|move|p2a: Incineroar|Fake Out|p1b: Sneasler\n|-damage|p1b: Sneasler|81/100\n|cant|p2b: Mamoswine|flinch\n|move|p1a: Basculegion|Wave Crash|p2b: Mamoswine\n|-supereffective|p2b: Mamoswine|1\n|-damage|p2b: Mamoswine|0 fnt\n|faint|p2b: Mamoswine\n|-damage|p1a: Basculegion|74/100|[from] Recoil\n|\n|upkeep\n|\n|t:|1776215207\n|switch|p2b: Pelipper|Pelipper, L50, M|100/100\n|-weather|RainDance|[from] ability: Drizzle|[of] p2b: Pelipper\n|turn|2\n|\n|t:|1776215217\n|switch|p1b: Ninetales|Ninetales-Alola, L50, F, shiny|100/100\n|-weather|Snowscape|[from] ability: Snow Warning|[of] p1b: Ninetales\n|move|p1a: Basculegion|Wave Crash|p2a: Incineroar\n|-supereffective|p2a: Incineroar|1\n|-damage|p2a: Incineroar|21/100\n|-damage|p1a: Basculegion|47/100|[from] Recoil\n|move|p2b: Pelipper|Hurricane|p1b: Ninetales\n|-damage|p1b: Ninetales|60/100\n|-start|p1b: Ninetales|confusion\n|move|p2a: Incineroar|Darkest Lariat|p1a: Basculegion\n|-supereffective|p1a: Basculegion|1\n|-damage|p1a: Basculegion|0 fnt\n|faint|p1a: Basculegion\n|\n|-weather|Snowscape|[upkeep]\n|upkeep\n|\n|t:|1776215231\n|switch|p1a: Sneasler|Sneasler, L50, F, shiny|81/100\n|turn|3\n|inactive|burger21 has 30 seconds left.\n|inactive|burger21 has 20 seconds left.\n|inactive|burger21 has 15 seconds left.\n|inactive|burger21 has 10 seconds left.\n|\n|t:|1776215279\n|move|p1a: Sneasler|Close Combat|p2a: Incineroar\n|-supereffective|p2a: Incineroar|1\n|-enditem|p2a: Incineroar|Chople Berry|[eat]\n|-enditem|p2a: Incineroar|Chople Berry|[weaken]\n|-damage|p2a: Incineroar|0 fnt\n|-unboost|p1a: Sneasler|def|1\n|-unboost|p1a: Sneasler|spd|1\n|faint|p2a: Incineroar\n|-activate|p1b: Ninetales|confusion\n|move|p1b: Ninetales|Freeze-Dry|p2b: Pelipper\n|-supereffective|p2b: Pelipper|2\n|-enditem|p2b: Pelipper|Focus Sash\n|-damage|p2b: Pelipper|1/100\n|move|p2b: Pelipper|Hurricane|p1a: Sneasler\n|-supereffective|p1a: Sneasler|1\n|-damage|p1a: Sneasler|0 fnt\n|faint|p1a: Sneasler\n|\n|-weather|Snowscape|[upkeep]\n|upkeep\n|\n|t:|1776215292\n|switch|p1a: Kommo-o|Kommo-o, L50, M, shiny|100/100\n|switch|p2a: Starmie|Starmie, L50|100/100\n|turn|4\n|inactive|burger21 has 30 seconds left.\n|\n|t:|1776215319\n|detailschange|p2a: Starmie|Starmie-Mega, L50\n|-mega|p2a: Starmie|Starmie|Starminite\n|move|p2a: Starmie|Zen Headbutt|p1a: Kommo-o\n|-supereffective|p1a: Kommo-o|1\n|-damage|p1a: Kommo-o|0 fnt\n|faint|p1a: Kommo-o\n|-activate|p1b: Ninetales|confusion\n|-damage|p1b: Ninetales|52/100|[from] confusion\n|move|p2b: Pelipper|Tailwind|p2b: Pelipper\n|-sidestart|p2: burger21|move: Tailwind\n|\n|-weather|Snowscape|[upkeep]\n|upkeep\n|turn|5\n|\n|t:|1776215331\n|move|p2a: Starmie|Liquidation|p1b: Ninetales\n|-damage|p1b: Ninetales|0 fnt\n|faint|p1b: Ninetales\n|\n|win|burger21\n|raw|Witlix's rating: 1125 &rarr; <strong>1100</strong><br />(-25 for losing)\n|raw|burger21's rating: 1126 &rarr; <strong>1151</strong><br />(+25 for winning)\n",
  "uploadtime": 1776215336,
  "views": 21,
  "formatid": "gen9championsvgc2026regma",
  "rating": 1100,
  "private": 0,
  "password": null
}