{
  "id": "gen9championsvgc2026regma-2582005240",
  "format": "[Gen 9 Champions] VGC 2026 Reg M-A",
  "players": [
    "CasuallyOverC",
    "silveredretriever"
  ],
  "log": "|j|\u2606CasuallyOverC\n|j|\u2606silveredretriever\n|t:|1776047576\n|gametype|doubles\n|player|p1|CasuallyOverC|169|1073\n|player|p2|silveredretriever|gambler|1104\n|gen|9\n|tier|[Gen 9 Champions] VGC 2026 Reg M-A\n|rated|\n|rule|Species Clause: Limit one of each Pok\u00e9mon\n|rule|Item Clause: Limit 1 of each item\n|clearpoke\n|poke|p1|Hawlucha, L50, M|\n|poke|p1|Archaludon, L50, M|\n|poke|p1|Snorlax, L50, M|\n|poke|p1|Incineroar, L50, M|\n|poke|p1|Whimsicott, L50, F|\n|poke|p1|Pelipper, L50, M|\n|poke|p2|Chesnaught, L50, F|\n|poke|p2|Tyranitar, L50, F|\n|poke|p2|Incineroar, L50, M|\n|poke|p2|Rotom-Wash, L50|\n|poke|p2|Excadrill, L50, F|\n|poke|p2|Sneasler, L50, M|\n|teampreview|4\n|c|\u2606CasuallyOverC|gl\nCasuallyOverC has agreed to open team sheets.\nsilveredretriever has agreed to open team sheets.\n|showteam|p1|Hawlucha||Hawluchanite|Limber|Entrainment,BraveBird,Protect,CloseCombat|||M|||50|]Archaludon||MentalHerb|Stamina|ElectroShot,Protect,FlashCannon,DracoMeteor|||M|||50|]Snorlax||Leftovers|ThickFat|Fissure,BodyPress,Protect,DoubleEdge|||M|||50|]Incineroar||SitrusBerry|Intimidate|FakeOut,DarkestLariat,FlareBlitz,PartingShot|||M|||50|]Whimsicott||FocusSash|Prankster|Moonblast,Tailwind,Encore,Taunt|||F|||50|]Pelipper||MysticWater|Drizzle|WeatherBall,Hurricane,Protect,Tailwind|||M|||50|\n|showteam|p2|Chesnaught||Chesnaughtite|Bulletproof|WoodHammer,BodyPress,IronDefense,SpikyShield|||F|||50|]Tyranitar||Tyranitarite|SandStream|RockSlide,Crunch,LowKick,Protect|||F|||50|]Incineroar||SitrusBerry|Intimidate|FakeOut,FlareBlitz,Snarl,PartingShot|||M|||50|]Rotom-Wash||ChoiceScarf|Levitate|Electroweb,VoltSwitch,HydroPump,Trick||||||50|]Excadrill||FocusSash|SandRush|IronHead,RockSlide,Earthquake,Protect|||F|||50|]Sneasler||WhiteHerb|Unburden|DireClaw,CloseCombat,FakeOut,Uturn|||M|||50|\n|inactive|Battle timer is ON: inactive players will automatically lose when time's up. (requested by CasuallyOverC)\n|\n|t:|1776047633\n|teamsize|p1|4\n|teamsize|p2|4\n|start\n|switch|p1a: Snorlax|Snorlax, L50, M|100/100\n|switch|p1b: Hawlucha|Hawlucha, L50, M|100/100\n|switch|p2a: Rotom|Rotom-Wash, L50|100/100\n|switch|p2b: Tyranitar|Tyranitar, L50, F|100/100\n|-weather|Sandstorm|[from] ability: Sand Stream|[of] p2b: Tyranitar\n|turn|1\n|inactive|CasuallyOverC has 30 seconds left.\n|inactive|CasuallyOverC has 20 seconds left.\n|\n|t:|1776047672\n|switch|p1b: Pelipper|Pelipper, L50, M|100/100\n|-weather|RainDance|[from] ability: Drizzle|[of] p1b: Pelipper\n|move|p2a: Rotom|Volt Switch|p1b: Pelipper\n|-supereffective|p1b: Pelipper|2\n|-damage|p1b: Pelipper|0 fnt\n|faint|p1b: Pelipper\n|\n|t:|1776047681\n|switch|p2a: Sneasler|Sneasler, L50, M|100/100|[from] Volt Switch\n|move|p2b: Tyranitar|Low Kick|p1a: Snorlax\n|-supereffective|p1a: Snorlax|1\n|-damage|p1a: Snorlax|44/100\n|move|p1a: Snorlax|Body Press|p2b: Tyranitar\n|-supereffective|p2b: Tyranitar|2\n|-damage|p2b: Tyranitar|43/100\n|\n|-weather|RainDance|[upkeep]\n|-heal|p1a: Snorlax|50/100|[from] item: Leftovers\n|upkeep\n|\n|t:|1776047693\n|switch|p1b: Archaludon|Archaludon, L50, M|100/100\n|turn|2\n|\n|t:|1776047703\n|switch|p2b: Rotom|Rotom-Wash, L50|100/100\n|move|p2a: Sneasler|Close Combat|p1b: Archaludon\n|-supereffective|p1b: Archaludon|1\n|-damage|p1b: Archaludon|11/100\n|-unboost|p2a: Sneasler|def|1\n|-unboost|p2a: Sneasler|spd|1\n|-ability|p1b: Archaludon|Stamina|boost\n|-boost|p1b: Archaludon|def|1\n|-enditem|p2a: Sneasler|White Herb\n|-clearnegativeboost|p2a: Sneasler|[silent]\n|move|p1b: Archaludon|Electro Shot||[still]\n|-prepare|p1b: Archaludon|Electro Shot\n|-boost|p1b: Archaludon|spa|1\n|-anim|p1b: Archaludon|Electro Shot|p2a: Sneasler\n|-damage|p2a: Sneasler|19/100\n|move|p1a: Snorlax|Body Press|p2b: Rotom\n|-damage|p2b: Rotom|81/100\n|\n|-weather|RainDance|[upkeep]\n|-heal|p1a: Snorlax|56/100|[from] item: Leftovers\n|upkeep\n|turn|3\n|inactive|silveredretriever has 30 seconds left.\n|inactive|CasuallyOverC has 30 seconds left.\n|inactive|silveredretriever has 20 seconds left.\n|inactive|CasuallyOverC has 20 seconds left.\n|\n|t:|1776047743\n|move|p2a: Sneasler|U-turn|p1b: Archaludon\n|-resisted|p1b: Archaludon|1\n|-crit|p1b: Archaludon\n|-damage|p1b: Archaludon|0 fnt\n|faint|p1b: Archaludon\n|\n|t:|1776047748\n|switch|p2a: Tyranitar|Tyranitar, L50, F|43/100|[from] U-turn\n|-weather|Sandstorm|[from] ability: Sand Stream|[of] p2a: Tyranitar\n|move|p2b: Rotom|Hydro Pump|p1a: Snorlax|[miss]\n|-miss|p2b: Rotom|p1a: Snorlax\n|move|p1a: Snorlax|Double-Edge|p2b: Rotom\n|-damage|p2b: Rotom|39/100\n|-damage|p1a: Snorlax|48/100|[from] Recoil\n|\n|-weather|Sandstorm|[upkeep]\n|-damage|p2b: Rotom|33/100|[from] Sandstorm\n|-damage|p1a: Snorlax|42/100|[from] Sandstorm\n|-heal|p1a: Snorlax|48/100|[from] item: Leftovers\n|upkeep\n|\n|t:|1776047750\n|switch|p1b: Hawlucha|Hawlucha, L50, M|100/100\n|turn|4\n|\n|t:|1776047768\n|switch|p2b: Excadrill|Excadrill, L50, F|100/100\n|detailschange|p1b: Hawlucha|Hawlucha-Mega, L50, M\n|-mega|p1b: Hawlucha|Hawlucha|Hawluchanite\n|move|p1b: Hawlucha|Close Combat|p2a: Tyranitar\n|-supereffective|p2a: Tyranitar|2\n|-damage|p2a: Tyranitar|0 fnt\n|-unboost|p1b: Hawlucha|def|1\n|-unboost|p1b: Hawlucha|spd|1\n|faint|p2a: Tyranitar\n|move|p1a: Snorlax|Double-Edge|p2b: Excadrill\n|-resisted|p2b: Excadrill|1\n|-damage|p2b: Excadrill|72/100\n|-damage|p1a: Snorlax|41/100|[from] Recoil\n|\n|-weather|Sandstorm|[upkeep]\n|-damage|p1b: Hawlucha|95/100|[from] Sandstorm\n|-damage|p1a: Snorlax|35/100|[from] Sandstorm\n|-heal|p1a: Snorlax|41/100|[from] item: Leftovers\n|upkeep\n|\n|t:|1776047784\n|switch|p2a: Sneasler|Sneasler, L50, M|19/100\n|turn|5\n|\n|t:|1776047791\n|move|p1b: Hawlucha|Protect|p1b: Hawlucha\n|-singleturn|p1b: Hawlucha|Protect\n|move|p1a: Snorlax|Protect|p1a: Snorlax\n|-singleturn|p1a: Snorlax|Protect\n|move|p2a: Sneasler|Fake Out|p1b: Hawlucha\n|-activate|p1b: Hawlucha|move: Protect\n|move|p2b: Excadrill|Rock Slide|p1b: Hawlucha|[spread] \n|-activate|p1a: Snorlax|move: Protect\n|-activate|p1b: Hawlucha|move: Protect\n|\n|-weather|Sandstorm|[upkeep]\n|-damage|p1b: Hawlucha|89/100|[from] Sandstorm\n|-damage|p2a: Sneasler|13/100|[from] Sandstorm\n|-damage|p1a: Snorlax|35/100|[from] Sandstorm\n|-heal|p1a: Snorlax|41/100|[from] item: Leftovers\n|upkeep\n|turn|6\n|inactive|CasuallyOverC has 30 seconds left.\n|\n|t:|1776047819\n|move|p2b: Excadrill|Rock Slide|p1b: Hawlucha|[spread] p1a,p1b\n|-damage|p1a: Snorlax|27/100\n|-damage|p1b: Hawlucha|54/100\n|move|p1b: Hawlucha|Close Combat|p2b: Excadrill\n|-supereffective|p2b: Excadrill|1\n|-damage|p2b: Excadrill|0 fnt\n|-unboost|p1b: Hawlucha|def|1\n|-unboost|p1b: Hawlucha|spd|1\n|faint|p2b: Excadrill\n|move|p2a: Sneasler|Close Combat|p1a: Snorlax\n|-supereffective|p1a: Snorlax|1\n|-damage|p1a: Snorlax|0 fnt\n|-unboost|p2a: Sneasler|def|1\n|-unboost|p2a: Sneasler|spd|1\n|faint|p1a: Snorlax\n|\n|-weather|Sandstorm|[upkeep]\n|-damage|p1b: Hawlucha|48/100|[from] Sandstorm\n|-damage|p2a: Sneasler|8/100|[from] Sandstorm\n|upkeep\n|\n|t:|1776047834\n|switch|p2b: Rotom|Rotom-Wash, L50|33/100\n|turn|7\n|\n|t:|1776047845\n|move|p1b: Hawlucha|Protect|p1b: Hawlucha\n|-singleturn|p1b: Hawlucha|Protect\n|move|p2a: Sneasler|Dire Claw|p1b: Hawlucha\n|-activate|p1b: Hawlucha|move: Protect\n|move|p2b: Rotom|Volt Switch|p1b: Hawlucha\n|-activate|p1b: Hawlucha|move: Protect\n|\n|-weather|none\n|upkeep\n|turn|8\n|\n|t:|1776047860\n|move|p1b: Hawlucha|Close Combat|p2b: Rotom\n|-damage|p2b: Rotom|0 fnt\n|-unboost|p1b: Hawlucha|def|1\n|-unboost|p1b: Hawlucha|spd|1\n|faint|p2b: Rotom\n|move|p2a: Sneasler|Dire Claw|p1b: Hawlucha\n|-damage|p1b: Hawlucha|0 fnt\n|faint|p1b: Hawlucha\n|\n|win|silveredretriever\n|raw|CasuallyOverC's rating: 1073 &rarr; <strong>1054</strong><br />(-19 for losing)\n|raw|silveredretriever's rating: 1104 &rarr; <strong>1127</strong><br />(+23 for winning)\n",
  "uploadtime": 1776047877,
  "views": 24,
  "formatid": "gen9championsvgc2026regma",
  "rating": 1054,
  "private": 0,
  "password": null
}