{
  "id": "gen9championsvgc2026regma-2583142576",
  "format": "[Gen 9 Champions] VGC 2026 Reg M-A",
  "players": [
    "Captain Clean 13",
    "zakro0t"
  ],
  "log": "|j|\u2606Captain Clean 13\n|j|\u2606zakro0t\n|t:|1776147192\n|gametype|doubles\n|player|p1|Captain Clean 13|steven|1145\n|player|p2|zakro0t|169|1133\n|gen|9\n|tier|[Gen 9 Champions] VGC 2026 Reg M-A\n|rated|\n|rule|Species Clause: Limit one of each Pok\u00e9mon\n|rule|Item Clause: Limit 1 of each item\n|clearpoke\n|poke|p1|Milotic, L50, F|\n|poke|p1|Tyranitar, L50, F|\n|poke|p1|Lucario, L50, M|\n|poke|p1|Sinistcha, L50|\n|poke|p1|Corviknight, L50, F|\n|poke|p1|Dragapult, L50, M|\n|poke|p2|Gengar, L50, F|\n|poke|p2|Incineroar, L50, F|\n|poke|p2|Sinistcha, L50|\n|poke|p2|Kingambit, L50, M|\n|poke|p2|Tyranitar, L50, F|\n|poke|p2|Kommo-o, L50, F|\n|teampreview|4\n|inactive|Battle timer is ON: inactive players will automatically lose when time's up. (requested by zakro0t)\n|inactive|Captain Clean 13 also wants the timer to be on.\nzakro0t has agreed to open team sheets.\n|c|\u2606Captain Clean 13|Well hello again\n|c|\u2606zakro0t|I dont remember you\n|c|\u2606Captain Clean 13|Did you make this team?\n|inactive|zakro0t has 60 seconds left.\n|c|\u2606zakro0t|No\n|c|\u2606Captain Clean 13|ah\n|c|\u2606Captain Clean 13|that explains it\n|\n|t:|1776147241\n|teamsize|p1|4\n|teamsize|p2|4\n|start\n|switch|p1a: Permanence|Milotic, L50, F|100/100\n|switch|p1b: Honey IShotTheKids|Dragapult, L50, M|100/100\n|switch|p2a: Incineroar|Incineroar, L50, F|100/100\n|switch|p2b: Gengar|Gengar, L50, F|100/100\n|-ability|p2a: Incineroar|Intimidate|boost\n|-unboost|p1a: Permanence|atk|1\n|-ability|p1a: Permanence|Competitive|boost\n|-boost|p1a: Permanence|spa|2\n|-unboost|p1b: Honey IShotTheKids|atk|1\n|turn|1\n|c|\u2606Captain Clean 13|I figured most people were still using creative teams\n|inactive|Captain Clean 13 has 30 seconds left.\n|inactive|zakro0t has 30 seconds left.\n|inactive|Captain Clean 13 has 20 seconds left.\n|inactive|zakro0t has 20 seconds left.\n|\n|t:|1776147280\n|detailschange|p2b: Gengar|Gengar-Mega, L50, F\n|-mega|p2b: Gengar|Gengar|Gengarite\n|move|p1b: Honey IShotTheKids|Protect|p1b: Honey IShotTheKids\n|-singleturn|p1b: Honey IShotTheKids|Protect\n|move|p2b: Gengar|Protect|p2b: Gengar\n|-singleturn|p2b: Gengar|Protect\n|move|p1a: Permanence|Dragon Cheer|p1b: Honey IShotTheKids\n|-start|p1b: Honey IShotTheKids|move: Dragon Cheer\n|move|p2a: Incineroar|Throat Chop|p1b: Honey IShotTheKids\n|-activate|p1b: Honey IShotTheKids|move: Protect\n|\n|upkeep\n|turn|2\n|\n|t:|1776147304\n|switch|p2b: Kingambit|Kingambit, L50, M|100/100\n|move|p1b: Honey IShotTheKids|Draco Meteor|p2b: Kingambit\n|-resisted|p2b: Kingambit|1\n|-crit|p2b: Kingambit\n|-damage|p2b: Kingambit|58/100\n|-unboost|p1b: Honey IShotTheKids|spa|2\n|move|p1a: Permanence|Scald|p2a: Incineroar\n|-supereffective|p2a: Incineroar|1\n|-damage|p2a: Incineroar|5/100\n|move|p2a: Incineroar|Throat Chop|p1b: Honey IShotTheKids\n|-supereffective|p1b: Honey IShotTheKids|1\n|-damage|p1b: Honey IShotTheKids|12/100\n|-start|p1b: Honey IShotTheKids|Throat Chop|[silent]\n|\n|upkeep\n|turn|3\n|c|\u2606Captain Clean 13|hm\n|c|\u2606Captain Clean 13|most Incineroar don't survive that\n|inactive|zakro0t has 30 seconds left.\n|\n|t:|1776147330\n|switch|p2a: Sinistcha|Sinistcha, L50|100/100\n|-heal|p2b: Kingambit|83/100|[from] ability: Hospitality|[of] p2a: Sinistcha\n|move|p1b: Honey IShotTheKids|Protect|p1b: Honey IShotTheKids\n|-singleturn|p1b: Honey IShotTheKids|Protect\n|move|p2b: Kingambit|Sucker Punch||[still]\n|-fail|p2b: Kingambit\n|move|p1a: Permanence|Scald|p2b: Kingambit\n|-damage|p2b: Kingambit|17/100\n|\n|-end|p1b: Honey IShotTheKids|Throat Chop|[silent]\n|upkeep\n|turn|4\n|c|\u2606Captain Clean 13|How much SpD does yours have?\n|inactive|Captain Clean 13 has 30 seconds left.\n|inactive|zakro0t has 30 seconds left.\n|\n|t:|1776147365\n|switch|p1b: Corviknight|Corviknight, L50, F|100/100\n|move|p2a: Sinistcha|Rage Powder|p2a: Sinistcha\n|-singleturn|p2a: Sinistcha|move: Rage Powder\n|move|p1a: Permanence|Scald|p2a: Sinistcha\n|-resisted|p2a: Sinistcha|1\n|-damage|p2a: Sinistcha|74/100\n|move|p2b: Kingambit|Kowtow Cleave|p1b: Corviknight\n|-damage|p1b: Corviknight|63/100\n|\n|upkeep\n|turn|5\n|inactive|Captain Clean 13 has 30 seconds left.\n|inactive|zakro0t has 30 seconds left.\n|\n|t:|1776147398\n|move|p2b: Kingambit|Sucker Punch|p1a: Permanence\n|-damage|p1a: Permanence|69/100\n|move|p1a: Permanence|Scald|p2b: Kingambit\n|-damage|p2b: Kingambit|0 fnt\n|faint|p2b: Kingambit\n|move|p2a: Sinistcha|Life Dew|p2a: Sinistcha\n|-heal|p2a: Sinistcha|99/100\n|move|p1b: Corviknight|Brave Bird|p2a: Sinistcha\n|-supereffective|p2a: Sinistcha|1\n|-damage|p2a: Sinistcha|13/100\n|-enditem|p2a: Sinistcha|Sitrus Berry|[eat]\n|-heal|p2a: Sinistcha|38/100|[from] item: Sitrus Berry\n|-damage|p1b: Corviknight|39/100|[from] Recoil\n|\n|-heal|p1a: Permanence|75/100|[from] item: Leftovers\n|upkeep\n|\n|t:|1776147411\n|switch|p2b: Gengar|Gengar-Mega, L50, F|100/100\n|turn|6\n|\n|t:|1776147435\n|move|p1a: Permanence|Protect|p1a: Permanence\n|-singleturn|p1a: Permanence|Protect\n|move|p2a: Sinistcha|Protect|p2a: Sinistcha\n|-singleturn|p2a: Sinistcha|Protect\n|move|p2b: Gengar|Shadow Ball|p1b: Corviknight\n|-damage|p1b: Corviknight|0 fnt\n|faint|p1b: Corviknight\n|\n|-heal|p1a: Permanence|81/100|[from] item: Leftovers\n|upkeep\n|\n|t:|1776147445\n|switch|p1b: Honey IShotTheKids|Dragapult, L50, M|12/100\n|turn|7\n|\n|t:|1776147461\n|switch|p2a: Incineroar|Incineroar, L50, F|5/100\n|-ability|p2a: Incineroar|Intimidate|boost\n|-unboost|p1a: Permanence|atk|1\n|-ability|p1a: Permanence|Competitive|boost\n|-boost|p1a: Permanence|spa|2\n|-unboost|p1b: Honey IShotTheKids|atk|1\n|move|p1b: Honey IShotTheKids|Protect|p1b: Honey IShotTheKids\n|-singleturn|p1b: Honey IShotTheKids|Protect\n|move|p2b: Gengar|Shadow Ball|p1b: Honey IShotTheKids\n|-activate|p1b: Honey IShotTheKids|move: Protect\n|move|p1a: Permanence|Dragon Cheer|p1b: Honey IShotTheKids\n|-start|p1b: Honey IShotTheKids|move: Dragon Cheer\n|\n|-heal|p1a: Permanence|87/100|[from] item: Leftovers\n|upkeep\n|turn|8\n|\n|t:|1776147480\n|move|p2a: Incineroar|Fake Out|p1a: Permanence\n|-damage|p1a: Permanence|78/100\n|move|p1b: Honey IShotTheKids|Draco Meteor|p2b: Gengar\n|-crit|p2b: Gengar\n|-damage|p2b: Gengar|0 fnt\n|-unboost|p1b: Honey IShotTheKids|spa|2\n|faint|p2b: Gengar\n|cant|p1a: Permanence|flinch\n|\n|-heal|p1a: Permanence|84/100|[from] item: Leftovers\n|upkeep\n|\n|t:|1776147486\n|switch|p2b: Sinistcha|Sinistcha, L50|38/100\n|-heal|p2a: Incineroar|30/100|[from] ability: Hospitality|[of] p2b: Sinistcha\n|turn|9\n|\n|t:|1776147495\n|move|p1b: Honey IShotTheKids|Flamethrower|p2b: Sinistcha\n|-supereffective|p2b: Sinistcha|1\n|-crit|p2b: Sinistcha\n|-damage|p2b: Sinistcha|0 fnt\n|faint|p2b: Sinistcha\n|move|p1a: Permanence|Scald|p2a: Incineroar\n|-supereffective|p2a: Incineroar|1\n|-damage|p2a: Incineroar|0 fnt\n|faint|p2a: Incineroar\n|\n|win|Captain Clean 13\n|raw|Captain Clean 13's rating: 1145 &rarr; <strong>1169</strong><br />(+24 for winning)\n|raw|zakro0t's rating: 1133 &rarr; <strong>1109</strong><br />(-24 for losing)\n|l|\u2606zakro0t\n|player|p2|\n|c|\u2606Captain Clean 13|Drop a draco on em\n|c|\u2606Captain Clean 13|GG\n",
  "uploadtime": 1776147506,
  "views": 21,
  "formatid": "gen9championsvgc2026regma",
  "rating": 1109,
  "private": 0,
  "password": null
}