{
  "id": "gen9championsvgc2026regma-2588452094",
  "format": "[Gen 9 Champions] VGC 2026 Reg M-A",
  "players": [
    "LMTAHMED99",
    "mkugmrs_guest"
  ],
  "log": "|j|\u2606LMTAHMED99\n|j|\u2606mkugmrs_guest\n|t:|1776634757\n|gametype|doubles\n|player|p1|LMTAHMED99|n|1057\n|player|p2|mkugmrs_guest|iono-masters2|1053\n|gen|9\n|tier|[Gen 9 Champions] VGC 2026 Reg M-A\n|rated|\n|rule|Species Clause: Limit one of each Pok\u00e9mon\n|rule|Item Clause: Limit 1 of each item\n|clearpoke\n|poke|p1|Aggron, L50, M|\n|poke|p1|Farigiraf, L50, M, shiny|\n|poke|p1|Aerodactyl, L50, F|\n|poke|p1|Arcanine-Hisui, L50, F, shiny|\n|poke|p1|Archaludon, L50, M, shiny|\n|poke|p1|Lucario, L50, M, shiny|\n|poke|p2|Aurorus, L50, F|\n|poke|p2|Tyranitar, L50, M|\n|poke|p2|Clefable, L50, M|\n|poke|p2|Garchomp, L50, F|\n|poke|p2|Chesnaught, L50, F|\n|poke|p2|Orthworm, L50, M|\n|teampreview|4\nmkugmrs_guest rejected open team sheets.\n|inactive|Battle timer is ON: inactive players will automatically lose when time's up. (requested by LMTAHMED99)\n|inactive|mkugmrs_guest has 60 seconds left.\n|\n|t:|1776634811\n|teamsize|p1|4\n|teamsize|p2|4\n|start\n|switch|p1a: Aggron|Aggron, L50, M|100/100\n|switch|p1b: Farigiraf|Farigiraf, L50, M, shiny|100/100\n|switch|p2a: Orthworm|Orthworm, L50, M|100/100\n|switch|p2b: Tyranitar|Tyranitar, L50, M|100/100\n|-weather|Sandstorm|[from] ability: Sand Stream|[of] p2b: Tyranitar\n|turn|1\n|\n|t:|1776634826\n|detailschange|p1a: Aggron|Aggron-Mega, L50, M\n|-mega|p1a: Aggron|Aggron|Aggronite\n|move|p2a: Orthworm|Iron Defense|p2a: Orthworm\n|-boost|p2a: Orthworm|def|2\n|move|p2b: Tyranitar|Knock Off|p1b: Farigiraf\n|-supereffective|p1b: Farigiraf|1\n|-damage|p1b: Farigiraf|0 fnt\n|-enditem|p1b: Farigiraf|Leftovers|[from] move: Knock Off|[of] p2b: Tyranitar\n|faint|p1b: Farigiraf\n|move|p1a: Aggron|Iron Defense|p1a: Aggron\n|-boost|p1a: Aggron|def|2\n|\n|-weather|Sandstorm|[upkeep]\n|upkeep\n|\n|t:|1776634847\n|switch|p1b: Arcanine|Arcanine-Hisui, L50, F, shiny|100/100\n|-ability|p1b: Arcanine|Intimidate|boost\n|-unboost|p2a: Orthworm|atk|1\n|-unboost|p2b: Tyranitar|atk|1\n|turn|2\n|\n|t:|1776634861\n|move|p1b: Arcanine|Will-O-Wisp|p2b: Tyranitar\n|-status|p2b: Tyranitar|brn\n|move|p2a: Orthworm|Body Press|p1a: Aggron\n|-supereffective|p1a: Aggron|1\n|-damage|p1a: Aggron|79/100\n|move|p2b: Tyranitar|Thunder Wave|p1b: Arcanine|[miss]\n|-miss|p2b: Tyranitar|p1b: Arcanine\n|move|p1a: Aggron|Body Press|p2b: Tyranitar\n|-supereffective|p2b: Tyranitar|2\n|-enditem|p2b: Tyranitar|Focus Sash\n|-damage|p2b: Tyranitar|1/100 brn\n|\n|-weather|Sandstorm|[upkeep]\n|-damage|p2b: Tyranitar|0 fnt|[from] brn\n|faint|p2b: Tyranitar\n|upkeep\n|\n|t:|1776634868\n|switch|p2b: Garchomp|Garchomp, L50, F|100/100\n|turn|3\n|\n|t:|1776634889\n|detailschange|p2b: Garchomp|Garchomp-Mega, L50, F\n|-mega|p2b: Garchomp|Garchomp|Garchompite\n|move|p1b: Arcanine|Will-O-Wisp|p2b: Garchomp\n|-status|p2b: Garchomp|brn\n|move|p2b: Garchomp|Earthquake|p1a: Aggron|[spread] p1a,p1b\n|-immune|p2a: Orthworm|[from] ability: Earth Eater\n|-supereffective|p1a: Aggron|1\n|-supereffective|p1b: Arcanine|2\n|-damage|p1a: Aggron|67/100\n|-damage|p1b: Arcanine|0 fnt\n|faint|p1b: Arcanine\n|move|p2a: Orthworm|Iron Defense|p2a: Orthworm\n|-boost|p2a: Orthworm|def|2\n|move|p1a: Aggron|Body Press|p2b: Garchomp\n|-damage|p2b: Garchomp|30/100 brn\n|\n|-weather|Sandstorm|[upkeep]\n|-damage|p2b: Garchomp|24/100 brn|[from] brn\n|upkeep\n|\n|t:|1776634905\n|switch|p1b: Archaludon|Archaludon, L50, M, shiny|100/100\n|turn|4\n|\n|t:|1776634920\n|move|p2b: Garchomp|Earthquake|p1a: Aggron|[spread] p1a,p1b\n|-immune|p2a: Orthworm|[from] ability: Earth Eater\n|-supereffective|p1a: Aggron|1\n|-supereffective|p1b: Archaludon|1\n|-damage|p1a: Aggron|54/100\n|-damage|p1b: Archaludon|53/100\n|move|p1b: Archaludon|Flash Cannon|p2b: Garchomp\n|-damage|p2b: Garchomp|0 fnt\n|faint|p2b: Garchomp\n|move|p2a: Orthworm|Body Press|p1a: Aggron\n|-supereffective|p1a: Aggron|1\n|-damage|p1a: Aggron|22/100\n|move|p1a: Aggron|Body Press|p2a: Orthworm\n|-supereffective|p2a: Orthworm|1\n|-damage|p2a: Orthworm|54/100\n|\n|-weather|Sandstorm|[upkeep]\n|upkeep\n|\n|t:|1776634931\n|switch|p2b: Aurorus|Aurorus, L50, F|100/100\n|turn|5\n|\n|t:|1776634956\n|move|p1a: Aggron|Protect|p1a: Aggron\n|-singleturn|p1a: Aggron|Protect\n|move|p2b: Aurorus|Earth Power|p1b: Archaludon\n|-supereffective|p1b: Archaludon|1\n|-damage|p1b: Archaludon|0 fnt\n|faint|p1b: Archaludon\n|move|p2a: Orthworm|Body Press|p1a: Aggron\n|-activate|p1a: Aggron|move: Protect\n|\n|-weather|none\n|upkeep\n|turn|6\n|\n|t:|1776634971\n|move|p2b: Aurorus|Earth Power|p1a: Aggron\n|-supereffective|p1a: Aggron|1\n|-damage|p1a: Aggron|0 fnt\n|faint|p1a: Aggron\n|\n|win|mkugmrs_guest\n|raw|LMTAHMED99's rating: 1057 &rarr; <strong>1038</strong><br />(-19 for losing)\n|raw|mkugmrs_guest's rating: 1053 &rarr; <strong>1085</strong><br />(+32 for winning)\n",
  "uploadtime": 1776634974,
  "views": 9,
  "formatid": "gen9championsvgc2026regma",
  "rating": 1038,
  "private": 0,
  "password": null
}