{
  "id": "gen9championsvgc2026regma-2580287917",
  "format": "[Gen 9 Champions] VGC 2026 Reg M-A",
  "players": [
    "thacrow",
    "toadsamongmen"
  ],
  "log": "|j|\u2606thacrow\n|j|\u2606toadsamongmen\n|t:|1775876094\n|gametype|doubles\n|player|p1|thacrow|#thacrow|\n|player|p2|toadsamongmen|swimmerf|\n|gen|9\n|tier|[Gen 9 Champions] VGC 2026 Reg M-A\n|rated|Tournament battle\n|rule|Species Clause: Limit one of each Pok\u00e9mon\n|rule|Item Clause: Limit 1 of each item\n|clearpoke\n|poke|p1|Floette-Eternal, L50, F|\n|poke|p1|Incineroar, L50, F|\n|poke|p1|Aerodactyl, L50, M|\n|poke|p1|Maushold, L50|\n|poke|p1|Garchomp, L50, F|\n|poke|p1|Delphox, L50, F|\n|poke|p2|Whimsicott, L50, M|\n|poke|p2|Rotom-Mow, L50|\n|poke|p2|Snorlax, L50, M|\n|poke|p2|Incineroar, L50, M|\n|poke|p2|Charizard, L50, M|\n|poke|p2|Aegislash, L50, M|\n|teampreview|4\n|inactive|Battle timer is ON: inactive players will automatically lose when time's up. (requested by toadsamongmen)\n|j|@Radio Free C-Side\n|j| Supreme Dirt\n|c|\u2606toadsamongmen|my teams evs are very messed up\n|inactive|thacrow has 60 seconds left.\n|inactive|toadsamongmen has 60 seconds left.\n|c|\u2606thacrow|so are mine\n|c|\u2606thacrow|worry not\n|inactive|thacrow has 30 seconds left.\n|j| merdico\n|inactive|thacrow has 20 seconds left.\n|inactive|thacrow has 15 seconds left.\n|inactive|thacrow has 10 seconds left.\n|inactive|thacrow has 5 seconds left.\n|\n|t:|1775876181\n|teamsize|p1|4\n|teamsize|p2|4\n|start\n|switch|p1a: Aerodactyl|Aerodactyl, L50, M|100/100\n|switch|p1b: Incineroar|Incineroar, L50, F|100/100\n|switch|p2a: Snorlax|Snorlax, L50, M|100/100\n|switch|p2b: Incineroar|Incineroar, L50, M|100/100\n|-ability|p1a: Aerodactyl|Unnerve\n|-ability|p1b: Incineroar|Intimidate|boost\n|-unboost|p2a: Snorlax|atk|1\n|-unboost|p2b: Incineroar|atk|1\n|-ability|p2b: Incineroar|Intimidate|boost\n|-unboost|p1a: Aerodactyl|atk|1\n|-unboost|p1b: Incineroar|atk|1\n|turn|1\n|l|@Radio Free C-Side\n|j| only sv\n|inactive|thacrow has 30 seconds left.\n|inactive|toadsamongmen has 30 seconds left.\n|\n|t:|1775876211\n|move|p2b: Incineroar|Fake Out|p1a: Aerodactyl\n|-resisted|p1a: Aerodactyl|1\n|-damage|p1a: Aerodactyl|94/100\n|cant|p1a: Aerodactyl|flinch\n|move|p1b: Incineroar|Parting Shot|p2a: Snorlax\n|-unboost|p2a: Snorlax|atk|1\n|-unboost|p2a: Snorlax|spa|1\n|inactive|thacrow has 30 seconds left.\n|inactive|thacrow has 20 seconds left.\n|\n|t:|1775876247\n|switch|p1b: Floette|Floette-Eternal, L50, F|100/100|[from] Parting Shot\n|move|p2a: Snorlax|Heavy Slam|p1a: Aerodactyl\n|-supereffective|p1a: Aerodactyl|1\n|-damage|p1a: Aerodactyl|32/100\n|\n|upkeep\n|turn|2\n|l| only sv\n|\n|t:|1775876262\n|switch|p1a: Incineroar|Incineroar, L50, F|100/100\n|-ability|p1a: Incineroar|Intimidate|boost\n|-unboost|p2a: Snorlax|atk|1\n|-unboost|p2b: Incineroar|atk|1\n|move|p1b: Floette|Protect|p1b: Floette\n|-singleturn|p1b: Floette|Protect\n|move|p2a: Snorlax|Protect|p2a: Snorlax\n|-singleturn|p2a: Snorlax|Protect\n|move|p2b: Incineroar|Snarl|p1b: Floette|[spread] p1a\n|-activate|p1b: Floette|move: Protect\n|-resisted|p1a: Incineroar|1\n|-damage|p1a: Incineroar|95/100\n|-unboost|p1a: Incineroar|spa|1\n|\n|upkeep\n|turn|3\n|inactive|toadsamongmen has 30 seconds left.\n|\n|t:|1775876290\n|detailschange|p1b: Floette|Floette-Mega, L50, F\n|-mega|p1b: Floette|Floette|Floettite\n|-ability|p1b: Floette|Fairy Aura\n|move|p1a: Incineroar|Fake Out|p2b: Incineroar\n|-damage|p2b: Incineroar|92/100\n|move|p1b: Floette|Calm Mind|p1b: Floette\n|-boost|p1b: Floette|spa|1\n|-boost|p1b: Floette|spd|1\n|cant|p2b: Incineroar|flinch\n|move|p2a: Snorlax|Yawn|p1b: Floette\n|-start|p1b: Floette|move: Yawn|[of] p2a: Snorlax\n|\n|upkeep\n|turn|4\n|\n|t:|1775876314\n|move|p2a: Snorlax|Protect|p2a: Snorlax\n|-singleturn|p2a: Snorlax|Protect\n|move|p1b: Floette|Moonblast|p2b: Incineroar\n|-damage|p2b: Incineroar|5/100\n|-unboost|p2b: Incineroar|spa|1\n|-enditem|p2b: Incineroar|Sitrus Berry|[eat]\n|-heal|p2b: Incineroar|30/100|[from] item: Sitrus Berry\n|move|p1a: Incineroar|Parting Shot|p2a: Snorlax\n|-activate|p2a: Snorlax|move: Protect\n|move|p2b: Incineroar|Snarl|p1b: Floette|[spread] p1a,p1b\n|-resisted|p1a: Incineroar|1\n|-resisted|p1b: Floette|1\n|-damage|p1a: Incineroar|91/100\n|-damage|p1b: Floette|99/100\n|-unboost|p1a: Incineroar|spa|1\n|-unboost|p1b: Floette|spa|1\n|\n|-end|p1b: Floette|move: Yawn|[silent]\n|-status|p1b: Floette|slp\n|upkeep\n|turn|5\n|\n|t:|1775876338\n|switch|p2a: Charizard|Charizard, L50, M|100/100\n|cant|p1b: Floette|slp\n|move|p1a: Incineroar|Parting Shot|p2a: Charizard\n|-unboost|p2a: Charizard|atk|1\n|-unboost|p2a: Charizard|spa|1\n|\n|t:|1775876346\n|switch|p1a: Aerodactyl|Aerodactyl, L50, M|32/100|[from] Parting Shot\n|-ability|p1a: Aerodactyl|Unnerve\n|move|p2b: Incineroar|Parting Shot|p1b: Floette\n|-unboost|p1b: Floette|atk|1\n|-unboost|p1b: Floette|spa|1\n|\n|t:|1775876353\n|switch|p2b: Whimsicott|Whimsicott, L50, M|100/100|[from] Parting Shot\n|\n|upkeep\n|turn|6\n|\n|t:|1775876365\n|switch|p1b: Incineroar|Incineroar, L50, F|91/100\n|-ability|p1b: Incineroar|Intimidate|boost\n|-unboost|p2a: Charizard|atk|1\n|-unboost|p2b: Whimsicott|atk|1\n|detailschange|p2a: Charizard|Charizard-Mega-X, L50, M\n|-mega|p2a: Charizard|Charizard|Charizardite X\n|move|p2b: Whimsicott|Tailwind|p2b: Whimsicott\n|-sidestart|p2: toadsamongmen|move: Tailwind\n|move|p2a: Charizard|Flare Blitz|p1b: Incineroar\n|-resisted|p1b: Incineroar|1\n|-damage|p1b: Incineroar|76/100\n|-damage|p2a: Charizard|94/100|[from] Recoil\n|move|p1a: Aerodactyl|Rock Slide|p2b: Whimsicott|[spread] p2a,p2b\n|-supereffective|p2a: Charizard|1\n|-damage|p2a: Charizard|40/100\n|-damage|p2b: Whimsicott|77/100\n|\n|upkeep\n|turn|7\n|\n|t:|1775876383\n|switch|p2a: Incineroar|Incineroar, L50, M|30/100\n|-ability|p2a: Incineroar|Intimidate|boost\n|-unboost|p1a: Aerodactyl|atk|1\n|-unboost|p1b: Incineroar|atk|1\n|move|p2b: Whimsicott|Sunny Day|p2b: Whimsicott\n|-weather|SunnyDay\n|move|p1a: Aerodactyl|Rock Slide|p2a: Incineroar|[spread] p2a\n|-miss|p1a: Aerodactyl|p2b: Whimsicott\n|-supereffective|p2a: Incineroar|1\n|-damage|p2a: Incineroar|0 fnt\n|faint|p2a: Incineroar\n|move|p1b: Incineroar|Flare Blitz|p2b: Whimsicott\n|-supereffective|p2b: Whimsicott|1\n|-damage|p2b: Whimsicott|0 fnt\n|faint|p2b: Whimsicott\n|-damage|p1b: Incineroar|55/100|[from] Recoil\n|\n|-weather|SunnyDay|[upkeep]\n|upkeep\n|\n|t:|1775876398\n|switch|p2b: Snorlax|Snorlax, L50, M|100/100\n|switch|p2a: Charizard|Charizard-Mega-X, L50, M|40/100\n|turn|8\n|\n|t:|1775876409\n|move|p2a: Charizard|Flare Blitz|p1b: Incineroar\n|-resisted|p1b: Incineroar|1\n|-damage|p1b: Incineroar|9/100\n|-enditem|p1b: Incineroar|Sitrus Berry|[eat]\n|-heal|p1b: Incineroar|34/100|[from] item: Sitrus Berry\n|-damage|p2a: Charizard|20/100|[from] Recoil\n|move|p1a: Aerodactyl|Rock Slide|p2b: Snorlax|[spread] p2a,p2b\n|-supereffective|p2a: Charizard|1\n|-damage|p2a: Charizard|0 fnt\n|-damage|p2b: Snorlax|89/100\n|faint|p2a: Charizard\n|move|p2b: Snorlax|Heavy Slam|p1a: Aerodactyl\n|-supereffective|p1a: Aerodactyl|1\n|-damage|p1a: Aerodactyl|0 fnt\n|faint|p1a: Aerodactyl\n|move|p1b: Incineroar|Parting Shot|p2b: Snorlax\n|-unboost|p2b: Snorlax|atk|1\n|-unboost|p2b: Snorlax|spa|1\n|\n|t:|1775876412\n|switch|p1b: Floette|Floette-Mega, L50, F|99/100 slp|[from] Parting Shot\n|-ability|p1b: Floette|Fairy Aura\n|\n|-weather|SunnyDay|[upkeep]\n|-heal|p2b: Snorlax|95/100|[from] item: Leftovers\n|upkeep\n|j| Kingofyee\n|\n|t:|1775876414\n|switch|p1a: Maushold|Maushold, L50|100/100\n|turn|9\n|\n|t:|1775876439\n|move|p1a: Maushold|Follow Me|p1a: Maushold\n|-singleturn|p1a: Maushold|move: Follow Me\n|-curestatus|p1b: Floette|slp|[msg]\n|move|p1b: Floette|Moonblast|p2b: Snorlax\n|-damage|p2b: Snorlax|40/100\n|move|p2b: Snorlax|Heavy Slam|p1a: Maushold\n|-damage|p1a: Maushold|68/100\n|\n|-weather|SunnyDay|[upkeep]\n|-heal|p2b: Snorlax|46/100|[from] item: Leftovers\n|-sideend|p2: toadsamongmen|move: Tailwind\n|upkeep\n|turn|10\n|j| ebbsxzy\n|l| ebbsxzy\n|\n|t:|1775876456\n|move|p2b: Snorlax|Protect|p2b: Snorlax\n|-singleturn|p2b: Snorlax|Protect\n|move|p1a: Maushold|Super Fang|p2b: Snorlax\n|-activate|p2b: Snorlax|move: Protect\n|move|p1b: Floette|Moonblast|p2b: Snorlax\n|-activate|p2b: Snorlax|move: Protect\n|\n|-weather|SunnyDay|[upkeep]\n|-heal|p2b: Snorlax|52/100|[from] item: Leftovers\n|upkeep\n|turn|11\n|\n|t:|1775876475\n|move|p1a: Maushold|Follow Me|p1a: Maushold\n|-singleturn|p1a: Maushold|move: Follow Me\n|move|p1b: Floette|Moonblast|p2b: Snorlax\n|-damage|p2b: Snorlax|0 fnt\n|faint|p2b: Snorlax\n|\n|win|thacrow\n|n|\u2606thacrow|thacrow\n|n|\u2606toadsamongmen|toadsamongmen\n|n| Supreme Dirt|supremedirt\n|n| merdico|merdico\n|n| Kingofyee|kingofyee\n",
  "uploadtime": 1775876475,
  "views": 12,
  "formatid": "gen9championsvgc2026regma",
  "rating": null,
  "private": 0,
  "password": null
}