{
  "id": "gen9championsvgc2026regma-2586998825",
  "format": "[Gen 9 Champions] VGC 2026 Reg M-A",
  "players": [
    "iqsolid",
    "Zombologist219"
  ],
  "log": "|j|\u2606iqsolid\n|j|\u2606Zombologist219\n|t:|1776479728\n|gametype|doubles\n|player|p1|iqsolid|steven|1346\n|player|p2|Zombologist219|169|1439\n|gen|9\n|tier|[Gen 9 Champions] VGC 2026 Reg M-A\n|rated|\n|rule|Species Clause: Limit one of each Pok\u00e9mon\n|rule|Item Clause: Limit 1 of each item\n|clearpoke\n|poke|p1|Maushold, L50|\n|poke|p1|Rotom-Wash, L50|\n|poke|p1|Incineroar, L50, M|\n|poke|p1|Whimsicott, L50, F|\n|poke|p1|Gengar, L50, M|\n|poke|p1|Goodra-Hisui, L50, M|\n|poke|p2|Starmie, L50|\n|poke|p2|Lucario, L50, M|\n|poke|p2|Sylveon, L50, F|\n|poke|p2|Incineroar, L50, F|\n|poke|p2|Farigiraf, L50, M|\n|poke|p2|Snorlax, L50, F|\n|teampreview|4\n|inactive|Battle timer is ON: inactive players will automatically lose when time's up. (requested by Zombologist219)\n|inactive|iqsolid has 60 seconds left.\n|inactive|Zombologist219 has 60 seconds left.\n|inactive|iqsolid has 30 seconds left.\n|\n|t:|1776479790\n|teamsize|p1|4\n|teamsize|p2|4\n|start\n|switch|p1a: Goodra|Goodra-Hisui, L50, M|100/100\n|switch|p1b: Rotom|Rotom-Wash, L50|100/100\n|switch|p2a: Farigiraf|Farigiraf, L50, M|100/100\n|switch|p2b: Incineroar|Incineroar, L50, F|100/100\n|-ability|p2b: Incineroar|Intimidate|boost\n|-unboost|p1a: Goodra|atk|1\n|-unboost|p1b: Rotom|atk|1\n|turn|1\n|\n|t:|1776479809\n|move|p2b: Incineroar|Fake Out|p1b: Rotom\n|-damage|p1b: Rotom|87/100\n|cant|p1b: Rotom|flinch\n|move|p1a: Goodra|Shelter|p1a: Goodra\n|-boost|p1a: Goodra|def|2\n|move|p2a: Farigiraf|Trick Room|p2a: Farigiraf\n|-fieldstart|move: Trick Room|[of] p2a: Farigiraf\n|\n|upkeep\n|turn|2\n|\n|t:|1776479825\n|move|p2b: Incineroar|Parting Shot|p1a: Goodra\n|-unboost|p1a: Goodra|atk|1\n|-unboost|p1a: Goodra|spa|1\n|\n|t:|1776479830\n|switch|p2b: Sylveon|Sylveon, L50, F|100/100|[from] Parting Shot\n|move|p2a: Farigiraf|Hyper Voice|p1a: Goodra|[spread] p1a,p1b\n|-resisted|p1a: Goodra|1\n|-damage|p1a: Goodra|91/100\n|-damage|p1b: Rotom|50/100\n|move|p1a: Goodra|Shelter|p1a: Goodra\n|-boost|p1a: Goodra|def|2\n|move|p1b: Rotom|Trick|p2a: Farigiraf\n|-activate|p1b: Rotom|move: Trick|[of] p2a: Farigiraf\n|-item|p2a: Farigiraf|Choice Scarf|[from] move: Trick\n|-item|p1b: Rotom|Mental Herb|[from] move: Trick\n|\n|-heal|p1a: Goodra|97/100|[from] item: Leftovers\n|upkeep\n|turn|3\n|inactive|iqsolid has 30 seconds left.\n|inactive|iqsolid has 20 seconds left.\n|\n|t:|1776479870\n|switch|p1b: Incineroar|Incineroar, L50, M|100/100\n|-ability|p1b: Incineroar|Intimidate|boost\n|-unboost|p2a: Farigiraf|atk|1\n|-unboost|p2b: Sylveon|atk|1\n|move|p2b: Sylveon|Hyper Voice|p1a: Goodra|[spread] p1a,p1b\n|-damage|p1a: Goodra|69/100\n|-damage|p1b: Incineroar|63/100\n|move|p1a: Goodra|Body Press|p2a: Farigiraf\n|-damage|p2a: Farigiraf|24/100\n|move|p2a: Farigiraf|Hyper Voice|p1a: Goodra|[spread] p1a,p1b\n|-resisted|p1a: Goodra|1\n|-crit|p1b: Incineroar\n|-damage|p1a: Goodra|59/100\n|-damage|p1b: Incineroar|19/100\n|-enditem|p1b: Incineroar|Sitrus Berry|[eat]\n|-heal|p1b: Incineroar|44/100|[from] item: Sitrus Berry\n|\n|-heal|p1a: Goodra|65/100|[from] item: Leftovers\n|upkeep\n|turn|4\n|inactive|iqsolid has 30 seconds left.\n|\n|t:|1776479898\n|move|p2b: Sylveon|Hyper Voice|p1a: Goodra|[spread] p1a,p1b\n|-damage|p1a: Goodra|40/100\n|-damage|p1b: Incineroar|2/100\n|move|p1a: Goodra|Body Press|p2a: Farigiraf\n|-damage|p2a: Farigiraf|0 fnt\n|faint|p2a: Farigiraf\n|move|p1b: Incineroar|Throat Chop|p2b: Sylveon\n|-resisted|p2b: Sylveon|1\n|-damage|p2b: Sylveon|82/100\n|-start|p2b: Sylveon|Throat Chop|[silent]\n|\n|-heal|p1a: Goodra|45/100|[from] item: Leftovers\n|upkeep\n|\n|t:|1776479909\n|switch|p2a: Lucario|Lucario, L50, M|100/100\n|turn|5\n|\n|t:|1776479917\n|detailschange|p2a: Lucario|Lucario-Mega, L50, M\n|-mega|p2a: Lucario|Lucario|Lucarionite\n|move|p2a: Lucario|Vacuum Wave|p1a: Goodra\n|-supereffective|p1a: Goodra|1\n|-damage|p1a: Goodra|7/100\n|move|p2b: Sylveon|Moonblast|p1b: Incineroar\n|-damage|p1b: Incineroar|0 fnt\n|faint|p1b: Incineroar\n|move|p1a: Goodra|Body Press|p2a: Lucario\n|-supereffective|p2a: Lucario|1\n|-damage|p2a: Lucario|0 fnt\n|faint|p2a: Lucario\n|\n|-heal|p1a: Goodra|13/100|[from] item: Leftovers\n|-end|p2b: Sylveon|Throat Chop|[silent]\n|-fieldend|move: Trick Room\n|upkeep\n|\n|t:|1776479929\n|switch|p2a: Incineroar|Incineroar, L50, F|100/100\n|switch|p1b: Gengar|Gengar, L50, M|100/100\n|-ability|p2a: Incineroar|Intimidate|boost\n|-unboost|p1a: Goodra|atk|1\n|-unboost|p1b: Gengar|atk|1\n|turn|6\n|inactive|Zombologist219 has 30 seconds left.\n|\n|t:|1776479959\n|detailschange|p1b: Gengar|Gengar-Mega, L50, M\n|-mega|p1b: Gengar|Gengar|Gengarite\n|move|p1b: Gengar|Sludge Bomb|p2b: Sylveon\n|-supereffective|p2b: Sylveon|1\n|-damage|p2b: Sylveon|1/100\n|move|p1a: Goodra|Body Press|p2a: Incineroar\n|-supereffective|p2a: Incineroar|1\n|-crit|p2a: Incineroar\n|-damage|p2a: Incineroar|0 fnt\n|faint|p2a: Incineroar\n|move|p2b: Sylveon|Hyper Voice|p1b: Gengar|[spread] p1a,p1b\n|-resisted|p1b: Gengar|1\n|-damage|p1a: Goodra|0 fnt\n|-damage|p1b: Gengar|77/100\n|faint|p1a: Goodra\n|\n|upkeep\n|\n|t:|1776479967\n|switch|p1a: Rotom|Rotom-Wash, L50|50/100\n|turn|7\n|-message|Zombologist219 forfeited.\n|\n|win|iqsolid\n|raw|iqsolid's rating: 1346 &rarr; <strong>1371</strong><br />(+25 for winning)\n|raw|Zombologist219's rating: 1439 &rarr; <strong>1414</strong><br />(-25 for losing)\n|l|\u2606Zombologist219\n|player|p2|\n",
  "uploadtime": 1776479974,
  "views": 27,
  "formatid": "gen9championsvgc2026regma",
  "rating": 1371,
  "private": 0,
  "password": null
}