{
  "id": "gen9championsvgc2026regma-2588633098",
  "format": "[Gen 9 Champions] VGC 2026 Reg M-A",
  "players": [
    "KeckleonKidVGC",
    "Veltrii"
  ],
  "log": "|j|\u2606KeckleonKidVGC\n|j|\u2606Veltrii\n|t:|1776652092\n|gametype|doubles\n|player|p1|KeckleonKidVGC|1|1205\n|player|p2|Veltrii|serena-masters|1133\n|gen|9\n|tier|[Gen 9 Champions] VGC 2026 Reg M-A\n|rated|\n|rule|Species Clause: Limit one of each Pok\u00e9mon\n|rule|Item Clause: Limit 1 of each item\n|clearpoke\n|poke|p1|Pelipper, L50, M|\n|poke|p1|Basculegion, L50, M|\n|poke|p1|Farigiraf, L50, M|\n|poke|p1|Archaludon, L50, F|\n|poke|p1|Drampa, L50, M|\n|poke|p1|Venusaur, L50, M|\n|poke|p2|Delphox, L50, F|\n|poke|p2|Tsareena, L50, F|\n|poke|p2|Milotic, L50, F|\n|poke|p2|Ninetales-Alola, L50, F|\n|poke|p2|Skarmory, L50, M|\n|poke|p2|Tyrantrum, L50, M|\n|teampreview|4\n|inactive|Battle timer is ON: inactive players will automatically lose when time's up. (requested by KeckleonKidVGC)\n|inactive|Veltrii has 60 seconds left.\n|\n|t:|1776652141\n|teamsize|p1|4\n|teamsize|p2|4\n|start\n|switch|p1a: Basculegion|Basculegion, L50, M|100/100\n|switch|p1b: Farigiraf|Farigiraf, L50, M|100/100\n|switch|p2a: Tsareena|Tsareena, L50, F|100/100\n|switch|p2b: Milotic|Milotic, L50, F|100/100\n|turn|1\n|\n|t:|1776652166\n|switch|p1a: Venusaur|Venusaur, L50, M|100/100\n|switch|p2a: Ninetales|Ninetales-Alola, L50, F|100/100\n|-weather|Snowscape|[from] ability: Snow Warning|[of] p2a: Ninetales\n|move|p2b: Milotic|Icy Wind|p1b: Farigiraf|[spread] p1a,p1b\n|-supereffective|p1a: Venusaur|1\n|-damage|p1a: Venusaur|76/100\n|-damage|p1b: Farigiraf|90/100\n|-unboost|p1a: Venusaur|spe|1\n|-unboost|p1b: Farigiraf|spe|1\n|move|p1b: Farigiraf|Psychic|p2b: Milotic\n|-damage|p2b: Milotic|70/100\n|\n|-weather|Snowscape|[upkeep]\n|upkeep\n|turn|2\n|\n|t:|1776652189\n|switch|p1a: Pelipper|Pelipper, L50, M|100/100\n|-weather|RainDance|[from] ability: Drizzle|[of] p1a: Pelipper\n|move|p2a: Ninetales|Aurora Veil||[still]\n|-fail|p2a: Ninetales\n|move|p2b: Milotic|Icy Wind|p1b: Farigiraf|[spread] p1a,p1b\n|-damage|p1a: Pelipper|79/100\n|-damage|p1b: Farigiraf|78/100\n|-unboost|p1a: Pelipper|spe|1\n|-unboost|p1b: Farigiraf|spe|1\n|move|p1b: Farigiraf|Trick Room|p1b: Farigiraf\n|-fieldstart|move: Trick Room|[of] p1b: Farigiraf\n|\n|-weather|RainDance|[upkeep]\n|upkeep\n|turn|3\n|inactive|KeckleonKidVGC has 30 seconds left.\n|\n|t:|1776652215\n|move|p1b: Farigiraf|Helping Hand|p1a: Pelipper\n|-singleturn|p1a: Pelipper|Helping Hand|[of] p1b: Farigiraf\n|move|p2a: Ninetales|Protect|p2a: Ninetales\n|-singleturn|p2a: Ninetales|Protect\n|move|p1a: Pelipper|Hurricane|p2b: Milotic\n|-damage|p2b: Milotic|0 fnt\n|faint|p2b: Milotic\n|\n|-weather|RainDance|[upkeep]\n|upkeep\n|\n|t:|1776652226\n|switch|p2b: Tsareena|Tsareena, L50, F|100/100\n|turn|4\n|inactive|KeckleonKidVGC has 30 seconds left.\n|\n|t:|1776652259\n|move|p1b: Farigiraf|Helping Hand|p1a: Pelipper\n|-singleturn|p1a: Pelipper|Helping Hand|[of] p1b: Farigiraf\n|move|p2b: Tsareena|Protect|p2b: Tsareena\n|-singleturn|p2b: Tsareena|Protect\n|move|p1a: Pelipper|Hurricane|p2b: Tsareena\n|-activate|p2b: Tsareena|move: Protect\n|move|p2a: Ninetales|Blizzard|p1b: Farigiraf|[spread] p1a\n|-miss|p2a: Ninetales|p1b: Farigiraf\n|-damage|p1a: Pelipper|26/100\n|\n|-weather|RainDance|[upkeep]\n|upkeep\n|turn|5\n|inactive|Veltrii has 30 seconds left.\n|inactive|Veltrii has 20 seconds left.\n|\n|t:|1776652296\n|move|p1b: Farigiraf|Helping Hand|p1a: Pelipper\n|-singleturn|p1a: Pelipper|Helping Hand|[of] p1b: Farigiraf\n|move|p1a: Pelipper|Hurricane|p2b: Tsareena\n|-supereffective|p2b: Tsareena|1\n|-crit|p2b: Tsareena\n|-damage|p2b: Tsareena|0 fnt\n|faint|p2b: Tsareena\n|move|p2a: Ninetales|Blizzard|p1b: Farigiraf|[spread] \n|-miss|p2a: Ninetales|p1a: Pelipper\n|-miss|p2a: Ninetales|p1b: Farigiraf\n|\n|-weather|RainDance|[upkeep]\n|upkeep\n|\n|t:|1776652306\n|switch|p2b: Delphox|Delphox, L50, F|100/100\n|turn|6\n|\n|t:|1776652324\n|switch|p1a: Basculegion|Basculegion, L50, M|100/100\n|detailschange|p2b: Delphox|Delphox-Mega, L50, F\n|-mega|p2b: Delphox|Delphox|Delphoxite\n|move|p1b: Farigiraf|Psychic|p2a: Ninetales\n|-damage|p2a: Ninetales|60/100\n|move|p2a: Ninetales|Blizzard|p1b: Farigiraf|[spread] \n|-miss|p2a: Ninetales|p1a: Basculegion\n|-miss|p2a: Ninetales|p1b: Farigiraf\n|move|p2b: Delphox|Nasty Plot|p2b: Delphox\n|-boost|p2b: Delphox|spa|2\n|\n|-weather|none\n|-fieldend|move: Trick Room\n|upkeep\n|turn|7\n|inactive|Veltrii has 30 seconds left.\n|\n|t:|1776652353\n|switch|p1b: Pelipper|Pelipper, L50, M|26/100\n|-weather|RainDance|[from] ability: Drizzle|[of] p1b: Pelipper\n|move|p1a: Basculegion|Aqua Jet|p2b: Delphox\n|-supereffective|p2b: Delphox|1\n|-damage|p2b: Delphox|0 fnt\n|faint|p2b: Delphox\n|move|p2a: Ninetales|Blizzard|p1a: Basculegion|[spread] p1a,p1b\n|-resisted|p1a: Basculegion|1\n|-damage|p1a: Basculegion|84/100\n|-damage|p1b: Pelipper|0 fnt\n|faint|p1b: Pelipper\n|\n|-weather|RainDance|[upkeep]\n|upkeep\n|-message|Veltrii forfeited.\n|\n|win|KeckleonKidVGC\n|raw|KeckleonKidVGC's rating: 1205 &rarr; <strong>1225</strong><br />(+20 for winning)\n|raw|Veltrii's rating: 1133 &rarr; <strong>1113</strong><br />(-20 for losing)\n|l|\u2606Veltrii\n|player|p2|\n",
  "uploadtime": 1776652368,
  "views": 10,
  "formatid": "gen9championsvgc2026regma",
  "rating": 1113,
  "private": 0,
  "password": null
}