{
  "id": "gen9championsvgc2026regma-2585102763",
  "format": "[Gen 9 Champions] VGC 2026 Reg M-A",
  "players": [
    "type nil",
    "colfox"
  ],
  "log": "|j|\u2606type nil\n|j|\u203dcolfox\n|t:|1776312054\n|gametype|doubles\n|player|p1|type nil|supernerd|1300\n|player|p2|colfox|1|1225\n|gen|9\n|tier|[Gen 9 Champions] VGC 2026 Reg M-A\n|rated|\n|rule|Species Clause: Limit one of each Pok\u00e9mon\n|rule|Item Clause: Limit 1 of each item\n|clearpoke\n|poke|p1|Kingambit, L50, M|\n|poke|p1|Crabominable, L50, M|\n|poke|p1|Incineroar, L50, F|\n|poke|p1|Slowking-Galar, L50, F|\n|poke|p1|Froslass, L50, F|\n|poke|p1|Sinistcha, L50|\n|poke|p2|Sylveon, L50, M|\n|poke|p2|Garchomp, L50, M|\n|poke|p2|Milotic, L50, M|\n|poke|p2|Ninetales, L50, M|\n|poke|p2|Raichu, L50, M|\n|poke|p2|Scizor, L50, M|\n|teampreview|4\n|inactive|Battle timer is ON: inactive players will automatically lose when time's up. (requested by type nil)\n|inactive|colfox has 60 seconds left.\n|\n|t:|1776312104\n|teamsize|p1|4\n|teamsize|p2|4\n|start\n|switch|p1a: &|Froslass, L50, F|100/100\n|switch|p1b: Soft Fuzzy Man|Crabominable, L50, M|100/100\n|switch|p2a: Milotic|Milotic, L50, M|100/100\n|switch|p2b: Scizor|Scizor, L50, M|100/100\n|turn|1\n|inactive|type nil has 30 seconds left.\n|\n|t:|1776312135\n|detailschange|p2b: Scizor|Scizor-Mega, L50, M\n|-mega|p2b: Scizor|Scizor|Scizorite\n|detailschange|p1b: Soft Fuzzy Man|Crabominable-Mega, L50, M\n|-mega|p1b: Soft Fuzzy Man|Crabominable|Crabominite\n|move|p2b: Scizor|Bullet Punch|p1a: &\n|-supereffective|p1a: &|1\n|-enditem|p1a: &|Focus Sash\n|-damage|p1a: &|1/100\n|move|p1a: &|Will-O-Wisp|p2b: Scizor\n|-status|p2b: Scizor|brn\n|move|p2a: Milotic|Scald|p1b: Soft Fuzzy Man\n|-damage|p1b: Soft Fuzzy Man|68/100\n|-status|p1b: Soft Fuzzy Man|brn\n|move|p1b: Soft Fuzzy Man|Drain Punch|p2a: Milotic\n|-damage|p2a: Milotic|70/100\n|-heal|p1b: Soft Fuzzy Man|83/100 brn|[from] drain|[of] p2a: Milotic\n|\n|-damage|p2b: Scizor|94/100 brn|[from] brn\n|-damage|p1b: Soft Fuzzy Man|77/100 brn|[from] brn\n|upkeep\n|turn|2\n|inactive|type nil has 30 seconds left.\n|inactive|colfox has 30 seconds left.\n|inactive|type nil has 20 seconds left.\n|\n|t:|1776312171\n|move|p1a: &|Destiny Bond|p1a: &\n|-singlemove|p1a: &|Destiny Bond\n|move|p2a: Milotic|Icy Wind|p1a: &|[spread] p1a,p1b\n|-resisted|p1a: &|1\n|-resisted|p1b: Soft Fuzzy Man|1\n|-damage|p1a: &|0 fnt\n|-damage|p1b: Soft Fuzzy Man|71/100 brn\n|-unboost|p1b: Soft Fuzzy Man|spe|1\n|faint|p1a: &\n|-activate|p1a: &|move: Destiny Bond\n|faint|p2a: Milotic\n|move|p2b: Scizor|Swords Dance|p2b: Scizor\n|-boost|p2b: Scizor|atk|2\n|move|p1b: Soft Fuzzy Man|Drain Punch|p2b: Scizor\n|-damage|p2b: Scizor|71/100 brn\n|-heal|p1b: Soft Fuzzy Man|81/100 brn|[from] drain|[of] p2b: Scizor\n|\n|-damage|p2b: Scizor|65/100 brn|[from] brn\n|-damage|p1b: Soft Fuzzy Man|75/100 brn|[from] brn\n|upkeep\n|inactive|type nil has 30 seconds left.\n|\n|t:|1776312201\n|switch|p1a: Mode|Slowking-Galar, L50, F|100/100\n|switch|p2a: Sylveon|Sylveon, L50, M|100/100\n|turn|3\n|\n|t:|1776312224\n|move|p1b: Soft Fuzzy Man|Protect|p1b: Soft Fuzzy Man\n|-singleturn|p1b: Soft Fuzzy Man|Protect\n|move|p2b: Scizor|Bullet Punch|p1a: Mode\n|-damage|p1a: Mode|65/100\n|move|p2a: Sylveon|Mystical Fire|p1a: Mode\n|-damage|p1a: Mode|48/100\n|-unboost|p1a: Mode|spa|1\n|move|p1a: Mode|Sludge Bomb|p2a: Sylveon\n|-supereffective|p2a: Sylveon|1\n|-damage|p2a: Sylveon|70/100\n|-status|p2a: Sylveon|psn\n|\n|-damage|p2a: Sylveon|57/100 psn|[from] psn\n|-damage|p2b: Scizor|59/100 brn|[from] brn\n|-damage|p1b: Soft Fuzzy Man|70/100 brn|[from] brn\n|upkeep\n|turn|4\n|inactive|colfox has 30 seconds left.\n|\n|t:|1776312251\n|switch|p1b: Gene|Sinistcha, L50|100/100\n|-heal|p1a: Mode|73/100|[from] ability: Hospitality|[of] p1b: Gene\n|move|p2b: Scizor|Bullet Punch|p1a: Mode\n|-damage|p1a: Mode|42/100\n|move|p2a: Sylveon|Hyper Voice|p1b: Gene|[spread] p1a,p1b\n|-resisted|p1a: Mode|1\n|-damage|p1a: Mode|25/100\n|-damage|p1b: Gene|55/100\n|move|p1a: Mode|Sludge Bomb|p2a: Sylveon\n|-supereffective|p2a: Sylveon|1\n|-damage|p2a: Sylveon|27/100 psn\n|\n|-damage|p2a: Sylveon|14/100 psn|[from] psn\n|-damage|p2b: Scizor|52/100 brn|[from] brn\n|upkeep\n|turn|5\n|inactive|type nil has 30 seconds left.\n|inactive|type nil has 20 seconds left.\n|inactive|type nil has 15 seconds left.\n|\n|t:|1776312293\n|move|p2b: Scizor|Bug Bite|p1b: Gene\n|-damage|p1b: Gene|4/100\n|move|p1b: Gene|Matcha Gotcha|p2a: Sylveon|[spread] p2a\n|-miss|p1b: Gene|p2b: Scizor\n|-damage|p2a: Sylveon|0 fnt\n|-heal|p1b: Gene|12/100|[from] drain|[of] p2a: Sylveon\n|faint|p2a: Sylveon\n|move|p1a: Mode|Sludge Bomb|p2b: Scizor\n|-immune|p2b: Scizor\n|\n|-damage|p2b: Scizor|46/100 brn|[from] brn\n|upkeep\n|\n|t:|1776312309\n|switch|p2a: Ninetales|Ninetales, L50, M|100/100\n|-weather|SunnyDay|[from] ability: Drought|[of] p2a: Ninetales\n|turn|6\n|\n|t:|1776312325\n|move|p1b: Gene|Rage Powder|p1b: Gene\n|-singleturn|p1b: Gene|move: Rage Powder\n|move|p2b: Scizor|Bullet Punch|p1b: Gene\n|-damage|p1b: Gene|0 fnt\n|faint|p1b: Gene\n|move|p2a: Ninetales|Heat Wave|p1a: Mode\n|-damage|p1a: Mode|0 fnt\n|faint|p1a: Mode\n|\n|-weather|SunnyDay|[upkeep]\n|-damage|p2b: Scizor|40/100 brn|[from] brn\n|upkeep\n|\n|t:|1776312335\n|switch|p1b: Soft Fuzzy Man|Crabominable-Mega, L50, M|70/100 brn\n|turn|7\n|\n|t:|1776312341\n|move|p2b: Scizor|Bullet Punch|p1b: Soft Fuzzy Man\n|-supereffective|p1b: Soft Fuzzy Man|1\n|-damage|p1b: Soft Fuzzy Man|10/100 brn\n|move|p1b: Soft Fuzzy Man|Mach Punch|p2a: Ninetales\n|-damage|p2a: Ninetales|79/100\n|move|p2a: Ninetales|Heat Wave|p1b: Soft Fuzzy Man\n|-supereffective|p1b: Soft Fuzzy Man|1\n|-damage|p1b: Soft Fuzzy Man|0 fnt\n|faint|p1b: Soft Fuzzy Man\n|\n|win|colfox\n|raw|type nil's rating: 1300 &rarr; <strong>1270</strong><br />(-30 for losing)\n|raw|colfox's rating: 1225 &rarr; <strong>1255</strong><br />(+30 for winning)\n|l|\u2606type nil\n|player|p1|\n",
  "uploadtime": 1776312358,
  "views": 42,
  "formatid": "gen9championsvgc2026regma",
  "rating": 1255,
  "private": 0,
  "password": null
}