{
  "id": "gen9championsvgc2026regma-2587869606",
  "format": "[Gen 9 Champions] VGC 2026 Reg M-A",
  "players": [
    "The Jagged Queen",
    "EleaNorm"
  ],
  "log": "|j|\u203dThe Jagged Queen\n|j|\u2606EleaNorm\n|t:|1776572686\n|gametype|doubles\n|player|p1|The Jagged Queen|caitlin|1148\n|player|p2|EleaNorm|acetrainersnowf|1067\n|gen|9\n|tier|[Gen 9 Champions] VGC 2026 Reg M-A\n|rated|\n|rule|Species Clause: Limit one of each Pok\u00e9mon\n|rule|Item Clause: Limit 1 of each item\n|clearpoke\n|poke|p1|Delphox, L50, F|\n|poke|p1|Whimsicott, L50, F|\n|poke|p1|Tauros-Paldea-Aqua, L50, M|\n|poke|p1|Maushold-Four, L50|\n|poke|p1|Aegislash, L50, M|\n|poke|p1|Garchomp, L50, F|\n|poke|p2|Crabominable, L50, F|\n|poke|p2|Slowking-Galar, L50, F|\n|poke|p2|Incineroar, L50, F|\n|poke|p2|Sinistcha-Masterpiece, L50|\n|poke|p2|Abomasnow, L50, F|\n|poke|p2|Froslass, L50, F|\n|teampreview|4\n|inactive|Battle timer is ON: inactive players will automatically lose when time's up. (requested by EleaNorm)\n|\n|t:|1776572713\n|teamsize|p1|4\n|teamsize|p2|4\n|start\n|switch|p1a: Whimsicott|Whimsicott, L50, F|100/100\n|switch|p1b: Tauros|Tauros-Paldea-Aqua, L50, M|100/100\n|switch|p2a: Slowking|Slowking-Galar, L50, F|100/100\n|switch|p2b: Incineroar|Incineroar, L50, F|100/100\n|-ability|p1b: Tauros|Intimidate|boost\n|-unboost|p2a: Slowking|atk|1\n|-unboost|p2b: Incineroar|atk|1\n|-ability|p2b: Incineroar|Intimidate|boost\n|-unboost|p1a: Whimsicott|atk|1\n|-unboost|p1b: Tauros|atk|1\n|-enditem|p2b: Incineroar|White Herb\n|-clearnegativeboost|p2b: Incineroar|[silent]\n|turn|1\n|\n|t:|1776572732\n|move|p2b: Incineroar|Fake Out|p1a: Whimsicott\n|-damage|p1a: Whimsicott|85/100\n|cant|p1a: Whimsicott|flinch\n|move|p1b: Tauros|Close Combat|p2b: Incineroar\n|-supereffective|p2b: Incineroar|1\n|-damage|p2b: Incineroar|3/100\n|-unboost|p1b: Tauros|def|1\n|-unboost|p1b: Tauros|spd|1\n|move|p2a: Slowking|Trick Room|p2a: Slowking\n|-fieldstart|move: Trick Room|[of] p2a: Slowking\n|\n|upkeep\n|turn|2\n|\n|t:|1776572756\n|move|p1a: Whimsicott|Encore|p2a: Slowking\n|-start|p2a: Slowking|Encore\n|move|p2b: Incineroar|Parting Shot|p1b: Tauros\n|-unboost|p1b: Tauros|atk|1\n|-unboost|p1b: Tauros|spa|1\n|\n|t:|1776572772\n|switch|p2b: Froslass|Froslass, L50, F|100/100|[from] Parting Shot\n|move|p1b: Tauros|Close Combat|p2b: Froslass\n|-immune|p2b: Froslass\n|move|p2a: Slowking|Trick Room|p2a: Slowking\n|-fieldend|move: Trick Room\n|\n|upkeep\n|turn|3\n|\n|t:|1776572792\n|switch|p1b: Aegislash|Aegislash, L50, M|100/100\n|detailschange|p2b: Froslass|Froslass-Mega, L50, F\n|-mega|p2b: Froslass|Froslass|Froslassite\n|-weather|Snowscape|[from] ability: Snow Warning|[of] p2b: Froslass\n|move|p1a: Whimsicott|Moonblast|p2b: Froslass\n|-damage|p2b: Froslass|71/100\n|move|p2b: Froslass|Aurora Veil|p2b: Froslass\n|-sidestart|p2: EleaNorm|move: Aurora Veil\n|move|p2a: Slowking|Trick Room|p2a: Slowking\n|-fieldstart|move: Trick Room|[of] p2a: Slowking\n|\n|-weather|Snowscape|[upkeep]\n|upkeep\n|turn|4\n|inactive|The Jagged Queen has 30 seconds left.\n|\n|t:|1776572820\n|switch|p2a: Abomasnow|Abomasnow, L50, F|100/100\n|move|p1b: Aegislash|King's Shield|p1b: Aegislash\n|-singleturn|p1b: Aegislash|Protect\n|move|p1a: Whimsicott|Sunny Day|p1a: Whimsicott\n|-weather|SunnyDay\n|move|p2b: Froslass|Shadow Ball|p1b: Aegislash\n|-activate|p1b: Aegislash|move: Protect\n|\n|-weather|SunnyDay|[upkeep]\n|upkeep\n|turn|5\n|inactive|The Jagged Queen has 30 seconds left.\n|\n|t:|1776572846\n|move|p2a: Abomasnow|Protect|p2a: Abomasnow\n|-singleturn|p2a: Abomasnow|Protect\n|-formechange|p1b: Aegislash|Aegislash-Blade|\n|move|p1b: Aegislash|Poltergeist|p2b: Froslass\n|-activate|p2b: Froslass|move: Poltergeist|Froslassite\n|-supereffective|p2b: Froslass|1\n|-damage|p2b: Froslass|0 fnt\n|faint|p2b: Froslass\n|move|p1a: Whimsicott|Moonblast|p2a: Abomasnow\n|-activate|p2a: Abomasnow|move: Protect\n|\n|-weather|SunnyDay|[upkeep]\n|upkeep\n|\n|t:|1776572863\n|switch|p2b: Incineroar|Incineroar, L50, F|3/100\n|-ability|p2b: Incineroar|Intimidate|boost\n|-unboost|p1a: Whimsicott|atk|1\n|-unboost|p1b: Aegislash|atk|1\n|turn|6\n|\n|t:|1776572876\n|-formechange|p1b: Aegislash|Aegislash|\n|move|p1b: Aegislash|King's Shield|p1b: Aegislash\n|-singleturn|p1b: Aegislash|Protect\n|move|p1a: Whimsicott|Encore|p2a: Abomasnow\n|-start|p2a: Abomasnow|Encore\n|move|p2a: Abomasnow|Protect||[still]\n|-fail|p2a: Abomasnow\n|move|p2b: Incineroar|Flare Blitz|p1a: Whimsicott\n|-supereffective|p1a: Whimsicott|1\n|-damage|p1a: Whimsicott|0 fnt\n|faint|p1a: Whimsicott\n|-damage|p2b: Incineroar|0 fnt|[from] Recoil\n|faint|p2b: Incineroar\n|\n|-weather|SunnyDay|[upkeep]\n|upkeep\n|\n|t:|1776572893\n|switch|p2b: Slowking|Slowking-Galar, L50, F|100/100\n|switch|p1a: Delphox|Delphox, L50, F|100/100\n|turn|7\n|\n|t:|1776572913\n|switch|p1b: Tauros|Tauros-Paldea-Aqua, L50, M|100/100\n|-ability|p1b: Tauros|Intimidate|boost\n|-unboost|p2a: Abomasnow|atk|1\n|-unboost|p2b: Slowking|atk|1\n|detailschange|p1a: Delphox|Delphox-Mega, L50, F\n|-mega|p1a: Delphox|Delphox|Delphoxite\n|move|p2a: Abomasnow|Protect|p2a: Abomasnow\n|-singleturn|p2a: Abomasnow|Protect\n|-prepare|p2b: Slowking|Chilly Reception|[premajor]\n|move|p2b: Slowking|Chilly Reception|p2b: Slowking\n|-weather|Snowscape\n|move|p1a: Delphox|Psychic|p2b: Slowking\n|-damage|p2b: Slowking|74/100\n|\n|-weather|Snowscape|[upkeep]\n|-sideend|p2: EleaNorm|move: Aurora Veil\n|-fieldend|move: Trick Room\n|upkeep\n|turn|8\n|inactive|The Jagged Queen has 30 seconds left.\n|\n|t:|1776572938\n|move|p2a: Abomasnow|Protect|p2a: Abomasnow\n|-singleturn|p2a: Abomasnow|Protect\n|move|p1b: Tauros|Close Combat|p2a: Abomasnow\n|-activate|p2a: Abomasnow|move: Protect\n|move|p1a: Delphox|Nasty Plot|p1a: Delphox\n|-boost|p1a: Delphox|spa|2\n|move|p2b: Slowking|Eerie Spell|p1b: Tauros\n|-supereffective|p1b: Tauros|1\n|-damage|p1b: Tauros|0 fnt\n|faint|p1b: Tauros\n|\n|-weather|Snowscape|[upkeep]\n|-end|p2a: Abomasnow|Encore\n|upkeep\n|\n|t:|1776572951\n|switch|p1b: Aegislash|Aegislash, L50, M|100/100\n|turn|9\n|\n|t:|1776572964\n|move|p1a: Delphox|Heat Wave|p2a: Abomasnow|[spread] p2a,p2b\n|-supereffective|p2a: Abomasnow|2\n|-damage|p2a: Abomasnow|0 fnt\n|-damage|p2b: Slowking|12/100\n|-status|p2b: Slowking|brn\n|faint|p2a: Abomasnow\n|-formechange|p1b: Aegislash|Aegislash-Blade|\n|move|p1b: Aegislash|Poltergeist|p2b: Slowking\n|-activate|p2b: Slowking|move: Poltergeist|Focus Sash\n|-supereffective|p2b: Slowking|1\n|-damage|p2b: Slowking|0 fnt\n|faint|p2b: Slowking\n|\n|win|The Jagged Queen\n|raw|The Jagged Queen's rating: 1148 &rarr; <strong>1167</strong><br />(+19 for winning)\n|raw|EleaNorm's rating: 1067 &rarr; <strong>1052</strong><br />(-15 for losing)\n",
  "uploadtime": 1776572976,
  "views": 10,
  "formatid": "gen9championsvgc2026regma",
  "rating": 1052,
  "private": 0,
  "password": null
}