{
  "id": "gen9championsvgc2026regma-2586714595",
  "format": "[Gen 9 Champions] VGC 2026 Reg M-A",
  "players": [
    "Tosshii",
    "spoopified"
  ],
  "log": "|j|\u2606Tosshii\n|j|\u2606spoopified\n|t:|1776454268\n|gametype|doubles\n|player|p1|Tosshii|proton|1071\n|player|p2|spoopified|169|1018\n|gen|9\n|tier|[Gen 9 Champions] VGC 2026 Reg M-A\n|rated|\n|rule|Species Clause: Limit one of each Pok\u00e9mon\n|rule|Item Clause: Limit 1 of each item\n|clearpoke\n|poke|p1|Tyranitar, L50, F|\n|poke|p1|Meganium, L50, M|\n|poke|p1|Basculegion, L50, M|\n|poke|p1|Garchomp, L50, M|\n|poke|p1|Sneasler, L50, M|\n|poke|p1|Aerodactyl, L50, F|\n|poke|p2|Sinistcha-Masterpiece, L50|\n|poke|p2|Whimsicott, L50, M|\n|poke|p2|Drampa, L50, F|\n|poke|p2|Basculegion, L50, M|\n|poke|p2|Ninetales-Alola, L50, M|\n|poke|p2|Alakazam, L50, F|\n|teampreview|4\n|inactive|Battle timer is ON: inactive players will automatically lose when time's up. (requested by spoopified)\n|inactive|Tosshii has 60 seconds left.\n|\n|t:|1776454312\n|teamsize|p1|4\n|teamsize|p2|4\n|start\n|switch|p1a: Sneasler|Sneasler, L50, M|100/100\n|switch|p1b: Aerodactyl|Aerodactyl, L50, F|100/100\n|switch|p2a: Alakazam|Alakazam, L50, F|100/100\n|switch|p2b: Drampa|Drampa, L50, F, shiny|100/100\n|-ability|p1b: Aerodactyl|Unnerve\n|-ability|p2b: Drampa|Cloud Nine\n|turn|1\n|inactive|Tosshii has 30 seconds left.\n|inactive|spoopified has 30 seconds left.\n|\n|t:|1776454347\n|switch|p2b: Ninetales|Ninetales-Alola, L50, M, shiny|100/100\n|-weather|Snowscape|[from] ability: Snow Warning|[of] p2b: Ninetales\n|move|p1a: Sneasler|Fake Out|p2a: Alakazam\n|-damage|p2a: Alakazam|71/100\n|move|p1b: Aerodactyl|Tailwind|p1b: Aerodactyl\n|-sidestart|p1: Tosshii|move: Tailwind\n|cant|p2a: Alakazam|flinch\n|\n|-weather|Snowscape|[upkeep]\n|upkeep\n|turn|2\n|inactive|spoopified has 30 seconds left.\n|inactive|spoopified has 20 seconds left.\n|inactive|spoopified has 15 seconds left.\n|\n|t:|1776454389\n|move|p1b: Aerodactyl|Rock Slide|p2a: Alakazam|[spread] p2a,p2b\n|-supereffective|p2b: Ninetales|1\n|-damage|p2a: Alakazam|21/100\n|-damage|p2b: Ninetales|60/100\n|move|p1a: Sneasler|Dire Claw|p2b: Ninetales\n|-supereffective|p2b: Ninetales|1\n|-damage|p2b: Ninetales|0 fnt\n|faint|p2b: Ninetales\n|move|p2a: Alakazam|Psychic|p1a: Sneasler\n|-supereffective|p1a: Sneasler|2\n|-damage|p1a: Sneasler|0 fnt\n|faint|p1a: Sneasler\n|\n|-weather|Snowscape|[upkeep]\n|upkeep\n|\n|t:|1776454407\n|switch|p2b: Sinistcha|Sinistcha-Masterpiece, L50|100/100\n|switch|p1a: Tyranitar|Tyranitar, L50, F|100/100\n|-weather|Sandstorm|[from] ability: Sand Stream|[of] p1a: Tyranitar\n|-heal|p2a: Alakazam|46/100|[from] ability: Hospitality|[of] p2b: Sinistcha\n|turn|3\n|\n|t:|1776454429\n|switch|p2a: Drampa|Drampa, L50, F, shiny|100/100\n|-ability|p2a: Drampa|Cloud Nine\n|move|p1b: Aerodactyl|Dual Wingbeat|p2b: Sinistcha\n|-supereffective|p2b: Sinistcha|1\n|-damage|p2b: Sinistcha|76/100\n|-supereffective|p2b: Sinistcha|1\n|-damage|p2b: Sinistcha|49/100\n|-hitcount|p2b: Sinistcha|2\n|move|p1a: Tyranitar|Knock Off|p2a: Drampa\n|-damage|p2a: Drampa|70/100\n|move|p2b: Sinistcha|Matcha Gotcha|p1a: Tyranitar|[spread] p1a,p1b\n|-supereffective|p1a: Tyranitar|1\n|-damage|p1a: Tyranitar|51/100\n|-heal|p2b: Sinistcha|75/100|[from] drain|[of] p1a: Tyranitar\n|-damage|p1b: Aerodactyl|67/100\n|-heal|p2b: Sinistcha|91/100|[from] drain|[of] p1b: Aerodactyl\n|\n|-weather|Sandstorm|[upkeep]\n|-heal|p2b: Sinistcha|97/100|[from] item: Leftovers\n|upkeep\n|turn|4\n|inactive|Tosshii has 30 seconds left.\n|inactive|spoopified has 30 seconds left.\n|inactive|Tosshii has 20 seconds left.\n|inactive|Tosshii has 15 seconds left.\n|inactive|Tosshii has 10 seconds left.\n|\n|t:|1776454476\n|switch|p1a: Meganium|Meganium, L50, M|100/100\n|detailschange|p2a: Drampa|Drampa-Mega, L50, F, shiny\n|-mega|p2a: Drampa|Drampa|Drampanite\n|move|p2a: Drampa|Protect|p2a: Drampa\n|-singleturn|p2a: Drampa|Protect\n|move|p1b: Aerodactyl|Rock Slide|p2b: Sinistcha|[spread] p2b\n|-activate|p2a: Drampa|move: Protect\n|-damage|p2b: Sinistcha|80/100\n|move|p2b: Sinistcha|Life Dew|p2b: Sinistcha|[spread] p2a,p2b\n|-heal|p2a: Drampa|95/100\n|-heal|p2b: Sinistcha|100/100\n|\n|-weather|Sandstorm|[upkeep]\n|-damage|p1a: Meganium|95/100|[from] Sandstorm\n|-damage|p2b: Sinistcha|94/100|[from] Sandstorm\n|-damage|p2a: Drampa|89/100|[from] Sandstorm\n|-heal|p2b: Sinistcha|100/100|[from] item: Leftovers\n|-sideend|p1: Tosshii|move: Tailwind\n|upkeep\n|turn|5\n|inactive|Tosshii has 30 seconds left.\n|inactive|spoopified has 30 seconds left.\n|inactive|Tosshii has 20 seconds left.\n|inactive|spoopified has 20 seconds left.\n|inactive|Tosshii has 15 seconds left.\n|inactive|Tosshii has 10 seconds left.\n|\n|t:|1776454523\n|switch|p2a: Alakazam|Alakazam, L50, F|46/100\n|detailschange|p1a: Meganium|Meganium-Mega, L50, M\n|-mega|p1a: Meganium|Meganium|Meganiumite\n|move|p1a: Meganium|Protect|p1a: Meganium\n|-singleturn|p1a: Meganium|Protect\n|move|p2b: Sinistcha|Rage Powder|p2b: Sinistcha\n|-singleturn|p2b: Sinistcha|move: Rage Powder\n|move|p1b: Aerodactyl|Tailwind|p1b: Aerodactyl\n|-sidestart|p1: Tosshii|move: Tailwind\n|\n|-weather|Sandstorm|[upkeep]\n|-damage|p1a: Meganium|89/100|[from] Sandstorm\n|-damage|p2b: Sinistcha|94/100|[from] Sandstorm\n|-heal|p2b: Sinistcha|100/100|[from] item: Leftovers\n|upkeep\n|turn|6\n|\n|t:|1776454547\n|move|p1b: Aerodactyl|Rock Slide|p2a: Alakazam|[spread] p2a,p2b\n|-damage|p2a: Alakazam|0 fnt\n|-damage|p2b: Sinistcha|83/100\n|faint|p2a: Alakazam\n|move|p1a: Meganium|Weather Ball|p2b: Sinistcha\n|-supereffective|p2b: Sinistcha|1\n|-damage|p2b: Sinistcha|0 fnt\n|faint|p2b: Sinistcha\n|\n|-weather|Sandstorm|[upkeep]\n|-damage|p1a: Meganium|83/100|[from] Sandstorm\n|upkeep\n|\n|t:|1776454560\n|switch|p2a: Drampa|Drampa-Mega, L50, F, shiny|89/100\n|turn|7\n|\n|t:|1776454575\n|move|p1b: Aerodactyl|Protect|p1b: Aerodactyl\n|-singleturn|p1b: Aerodactyl|Protect\n|move|p1a: Meganium|Dazzling Gleam|p2a: Drampa\n|-supereffective|p2a: Drampa|1\n|-damage|p2a: Drampa|13/100\n|-ability|p2a: Drampa|Berserk|boost\n|-boost|p2a: Drampa|spa|1\n|move|p2a: Drampa|Calm Mind|p2a: Drampa\n|-boost|p2a: Drampa|spa|1\n|-boost|p2a: Drampa|spd|1\n|\n|-weather|none\n|upkeep\n|turn|8\n|\n|t:|1776454592\n|move|p1b: Aerodactyl|Dual Wingbeat|p2a: Drampa\n|-damage|p2a: Drampa|0 fnt\n|faint|p2a: Drampa\n|-hitcount|p2: Drampa|1\n|\n|win|Tosshii\n|raw|Tosshii's rating: 1071 &rarr; <strong>1096</strong><br />(+25 for winning)\n|raw|spoopified's rating: 1018 &rarr; <strong>1007</strong><br />(-11 for losing)\n|l|\u2606spoopified\n|player|p2|\n",
  "uploadtime": 1776454598,
  "views": 31,
  "formatid": "gen9championsvgc2026regma",
  "rating": 1007,
  "private": 0,
  "password": null
}