{
  "id": "gen9championsvgc2026regma-2586484439",
  "format": "[Gen 9 Champions] VGC 2026 Reg M-A",
  "players": [
    "Godeiro",
    "unigrav"
  ],
  "log": "|j|\u2606Godeiro\n|j|\u2606unigrav\n|t:|1776437849\n|gametype|doubles\n|player|p1|Godeiro|blackbelt-gen4dp|1072\n|player|p2|unigrav|1|1172\n|gen|9\n|tier|[Gen 9 Champions] VGC 2026 Reg M-A\n|rated|\n|rule|Species Clause: Limit one of each Pok\u00e9mon\n|rule|Item Clause: Limit 1 of each item\n|clearpoke\n|poke|p1|Tyranitar, L50, M|\n|poke|p1|Incineroar, L50, M|\n|poke|p1|Gliscor, L50, M|\n|poke|p1|Jolteon, L50, M|\n|poke|p1|Excadrill, L50, M|\n|poke|p1|Milotic, L50, F|\n|poke|p2|Charizard, L50, F|\n|poke|p2|Garchomp, L50, M|\n|poke|p2|Meganium, L50, F|\n|poke|p2|Volcarona, L50, F|\n|poke|p2|Whimsicott, L50, F|\n|poke|p2|Incineroar, L50, F|\n|teampreview|4\nunigrav rejected open team sheets.\n|inactive|Battle timer is ON: inactive players will automatically lose when time's up. (requested by unigrav)\n|inactive|unigrav has 60 seconds left.\n|\n|t:|1776437901\n|teamsize|p1|4\n|teamsize|p2|4\n|start\n|switch|p1a: Milotic|Milotic, L50, F, shiny|100/100\n|switch|p1b: Jolteon|Jolteon, L50, M|100/100\n|switch|p2a: Incineroar|Incineroar, L50, F|100/100\n|switch|p2b: Whimsicott|Whimsicott, L50, F|100/100\n|-ability|p2a: Incineroar|Intimidate|boost\n|-unboost|p1a: Milotic|atk|1\n|-ability|p1a: Milotic|Competitive|boost\n|-boost|p1a: Milotic|spa|2\n|-unboost|p1b: Jolteon|atk|1\n|turn|1\n|\n|t:|1776437921\n|move|p2a: Incineroar|Fake Out|p1a: Milotic\n|-damage|p1a: Milotic|90/100\n|move|p2b: Whimsicott|Tailwind|p2b: Whimsicott\n|-sidestart|p2: unigrav|move: Tailwind\n|move|p1b: Jolteon|Thunder|p2b: Whimsicott|[miss]\n|-miss|p1b: Jolteon|p2b: Whimsicott\n|cant|p1a: Milotic|flinch\n|\n|-heal|p1a: Milotic|96/100|[from] item: Leftovers\n|upkeep\n|turn|2\n|\n|t:|1776437945\n|move|p2b: Whimsicott|Moonblast|p1b: Jolteon\n|-damage|p1b: Jolteon|50/100\n|move|p1b: Jolteon|Volt Switch|p2a: Incineroar\n|-damage|p2a: Incineroar|73/100\n|\n|t:|1776437954\n|switch|p1b: Tyranitar|Tyranitar, L50, M|100/100|[from] Volt Switch\n|-weather|Sandstorm|[from] ability: Sand Stream|[of] p1b: Tyranitar\n|move|p2a: Incineroar|Darkest Lariat|p1a: Milotic\n|-damage|p1a: Milotic|63/100\n|move|p1a: Milotic|Icy Wind|p2a: Incineroar|[spread] p2a,p2b\n|-resisted|p2a: Incineroar|1\n|-supereffective|p2b: Whimsicott|1\n|-damage|p2a: Incineroar|64/100\n|-damage|p2b: Whimsicott|33/100\n|-unboost|p2a: Incineroar|spe|1\n|-unboost|p2b: Whimsicott|spe|1\n|\n|-weather|Sandstorm|[upkeep]\n|-damage|p2b: Whimsicott|28/100|[from] Sandstorm\n|-damage|p2a: Incineroar|58/100|[from] Sandstorm\n|-damage|p1a: Milotic|57/100|[from] Sandstorm\n|-heal|p1a: Milotic|63/100|[from] item: Leftovers\n|upkeep\n|turn|3\n|inactive|Godeiro has 30 seconds left.\n|\n|t:|1776437988\n|detailschange|p1b: Tyranitar|Tyranitar-Mega, L50, M\n|-mega|p1b: Tyranitar|Tyranitar|Tyranitarite\n|move|p2b: Whimsicott|Moonblast|p1b: Tyranitar\n|-supereffective|p1b: Tyranitar|1\n|-damage|p1b: Tyranitar|59/100\n|move|p2a: Incineroar|Parting Shot|p1b: Tyranitar\n|-unboost|p1b: Tyranitar|atk|1\n|-unboost|p1b: Tyranitar|spa|1\n|\n|t:|1776438003\n|switch|p2a: Garchomp|Garchomp, L50, M, shiny|100/100|[from] Parting Shot\n|move|p1a: Milotic|Icy Wind|p2a: Garchomp|[spread] p2a,p2b\n|-supereffective|p2a: Garchomp|2\n|-supereffective|p2b: Whimsicott|1\n|-damage|p2a: Garchomp|16/100\n|-damage|p2b: Whimsicott|0 fnt\n|-unboost|p2a: Garchomp|spe|1\n|faint|p2b: Whimsicott\n|move|p1b: Tyranitar|Crunch|p2a: Garchomp\n|-damage|p2a: Garchomp|0 fnt\n|-damage|p1b: Tyranitar|47/100|[from] ability: Rough Skin|[of] p2a: Garchomp\n|faint|p2a: Garchomp\n|\n|-weather|Sandstorm|[upkeep]\n|-damage|p1a: Milotic|57/100|[from] Sandstorm\n|-heal|p1a: Milotic|63/100|[from] item: Leftovers\n|upkeep\n|\n|t:|1776438014\n|switch|p2b: Incineroar|Incineroar, L50, F|58/100\n|switch|p2a: Charizard|Charizard, L50, F, shiny|100/100\n|-ability|p2b: Incineroar|Intimidate|boost\n|-unboost|p1a: Milotic|atk|1\n|-ability|p1a: Milotic|Competitive|boost\n|-boost|p1a: Milotic|spa|2\n|-unboost|p1b: Tyranitar|atk|1\n|turn|4\n|\n|t:|1776438038\n|switch|p1b: Incineroar|Incineroar, L50, M|100/100\n|-ability|p1b: Incineroar|Intimidate|boost\n|-unboost|p2a: Charizard|atk|1\n|-unboost|p2b: Incineroar|atk|1\n|detailschange|p2a: Charizard|Charizard-Mega-Y, L50, F, shiny\n|-mega|p2a: Charizard|Charizard|Charizardite Y\n|-weather|SunnyDay|[from] ability: Drought|[of] p2a: Charizard\n|move|p2b: Incineroar|Fake Out|p1a: Milotic\n|-damage|p1a: Milotic|56/100\n|move|p2a: Charizard|Scorching Sands|p1b: Incineroar\n|-supereffective|p1b: Incineroar|1\n|-damage|p1b: Incineroar|54/100\n|cant|p1a: Milotic|flinch\n|\n|-weather|SunnyDay|[upkeep]\n|-heal|p1a: Milotic|62/100|[from] item: Leftovers\n|-sideend|p2: unigrav|move: Tailwind\n|upkeep\n|turn|5\n|\n|t:|1776438059\n|switch|p1b: Tyranitar|Tyranitar-Mega, L50, M|47/100\n|-weather|Sandstorm|[from] ability: Sand Stream|[of] p1b: Tyranitar\n|move|p2a: Charizard|Air Slash|p1a: Milotic\n|-damage|p1a: Milotic|35/100\n|move|p1a: Milotic|Icy Wind|p2a: Charizard|[spread] p2a,p2b\n|-resisted|p2b: Incineroar|1\n|-damage|p2a: Charizard|70/100\n|-damage|p2b: Incineroar|48/100\n|-unboost|p2a: Charizard|spe|1\n|-unboost|p2b: Incineroar|spe|1\n|-enditem|p2b: Incineroar|Sitrus Berry|[eat]\n|-heal|p2b: Incineroar|72/100|[from] item: Sitrus Berry\n|move|p2b: Incineroar|Darkest Lariat|p1a: Milotic\n|-damage|p1a: Milotic|16/100\n|\n|-weather|Sandstorm|[upkeep]\n|-damage|p2a: Charizard|64/100|[from] Sandstorm\n|-damage|p1a: Milotic|10/100|[from] Sandstorm\n|-damage|p2b: Incineroar|66/100|[from] Sandstorm\n|-heal|p1a: Milotic|16/100|[from] item: Leftovers\n|upkeep\n|turn|6\n|\n|t:|1776438083\n|move|p1b: Tyranitar|Protect|p1b: Tyranitar\n|-singleturn|p1b: Tyranitar|Protect\n|move|p2a: Charizard|Scorching Sands|p1b: Tyranitar\n|-activate|p1b: Tyranitar|move: Protect\n|move|p1a: Milotic|Life Dew|p1a: Milotic|[spread] p1a,p1b\n|-heal|p1a: Milotic|41/100\n|-heal|p1b: Tyranitar|72/100\n|move|p2b: Incineroar|Darkest Lariat|p1a: Milotic\n|-damage|p1a: Milotic|19/100\n|\n|-weather|Sandstorm|[upkeep]\n|-damage|p2a: Charizard|59/100|[from] Sandstorm\n|-damage|p1a: Milotic|13/100|[from] Sandstorm\n|-damage|p2b: Incineroar|60/100|[from] Sandstorm\n|-heal|p1a: Milotic|19/100|[from] item: Leftovers\n|upkeep\n|turn|7\n|inactive|Godeiro has 30 seconds left.\n|\n|t:|1776438109\n|move|p2a: Charizard|Scorching Sands|p1b: Tyranitar\n|-supereffective|p1b: Tyranitar|1\n|-damage|p1b: Tyranitar|42/100\n|move|p1a: Milotic|Life Dew|p1a: Milotic|[spread] p1a,p1b\n|-heal|p1a: Milotic|44/100\n|-heal|p1b: Tyranitar|67/100\n|move|p1b: Tyranitar|Crunch|p2a: Charizard\n|-damage|p2a: Charizard|0 fnt\n|faint|p2a: Charizard\n|move|p2b: Incineroar|Darkest Lariat|p1a: Milotic\n|-damage|p1a: Milotic|22/100\n|\n|-weather|Sandstorm|[upkeep]\n|-damage|p1a: Milotic|16/100|[from] Sandstorm\n|-damage|p2b: Incineroar|54/100|[from] Sandstorm\n|-heal|p1a: Milotic|22/100|[from] item: Leftovers\n|upkeep\n|turn|8\n|-message|unigrav forfeited.\n|\n|win|Godeiro\n|raw|Godeiro's rating: 1072 &rarr; <strong>1109</strong><br />(+37 for winning)\n|raw|unigrav's rating: 1172 &rarr; <strong>1140</strong><br />(-32 for losing)\n",
  "uploadtime": 1776438127,
  "views": 29,
  "formatid": "gen9championsvgc2026regma",
  "rating": 1109,
  "private": 0,
  "password": null
}