{
  "id": "gen9championsvgc2026regma-2586214366",
  "format": "[Gen 9 Champions] VGC 2026 Reg M-A",
  "players": [
    "darkid321",
    "alexit93"
  ],
  "log": "|j|\u2606darkid321\n|j|\u2606alexit93\n|t:|1776413267\n|gametype|doubles\n|player|p1|darkid321|policeman-gen4|1137\n|player|p2|alexit93|lucas-gen4pt|1161\n|gen|9\n|tier|[Gen 9 Champions] VGC 2026 Reg M-A\n|rated|\n|rule|Species Clause: Limit one of each Pok\u00e9mon\n|rule|Item Clause: Limit 1 of each item\n|clearpoke\n|poke|p1|Hydreigon, L50, M|\n|poke|p1|Excadrill, L50, M|\n|poke|p1|Tyranitar, L50, M|\n|poke|p1|Garchomp, L50, M|\n|poke|p1|Clefable, L50, F|\n|poke|p1|Vaporeon, L50, F|\n|poke|p2|Torterra, L50, F|\n|poke|p2|Whimsicott, L50, F|\n|poke|p2|Incineroar, L50, M|\n|poke|p2|Rampardos, L50, M|\n|poke|p2|Farigiraf, L50, M|\n|poke|p2|Charizard, L50, F|\n|teampreview|4\n|inactive|Battle timer is ON: inactive players will automatically lose when time's up. (requested by darkid321)\n|\n|t:|1776413293\n|teamsize|p1|4\n|teamsize|p2|4\n|start\n|switch|p1a: Tyranitar|Tyranitar, L50, M|100/100\n|switch|p1b: Excadrill|Excadrill, L50, M|100/100\n|switch|p2a: Torterra|Torterra, L50, F|100/100\n|switch|p2b: Whimsicott|Whimsicott, L50, F|100/100\n|-weather|Sandstorm|[from] ability: Sand Stream|[of] p1a: Tyranitar\n|turn|1\n|\n|t:|1776413317\n|switch|p1a: Clefable|Clefable, L50, F|100/100\n|move|p2b: Whimsicott|Tailwind|p2b: Whimsicott\n|-sidestart|p2: alexit93|move: Tailwind\n|move|p1b: Excadrill|Iron Head|p2b: Whimsicott\n|-supereffective|p2b: Whimsicott|1\n|-enditem|p2b: Whimsicott|Focus Sash\n|-damage|p2b: Whimsicott|1/100\n|move|p2a: Torterra|Shell Smash|p2a: Torterra\n|-unboost|p2a: Torterra|def|1\n|-unboost|p2a: Torterra|spd|1\n|-boost|p2a: Torterra|atk|2\n|-boost|p2a: Torterra|spa|2\n|-boost|p2a: Torterra|spe|2\n|-enditem|p2a: Torterra|White Herb\n|-clearnegativeboost|p2a: Torterra|[silent]\n|\n|-weather|Sandstorm|[upkeep]\n|-damage|p2b: Whimsicott|0 fnt|[from] Sandstorm\n|faint|p2b: Whimsicott\n|upkeep\n|\n|t:|1776413324\n|switch|p2b: Incineroar|Incineroar, L50, M|100/100\n|-ability|p2b: Incineroar|Intimidate|boost\n|-unboost|p1a: Clefable|atk|1\n|-unboost|p1b: Excadrill|atk|1\n|turn|2\n|\n|t:|1776413337\n|move|p1b: Excadrill|Protect|p1b: Excadrill\n|-singleturn|p1b: Excadrill|Protect\n|move|p1a: Clefable|Protect|p1a: Clefable\n|-singleturn|p1a: Clefable|Protect\n|move|p2b: Incineroar|Fake Out|p1a: Clefable\n|-activate|p1a: Clefable|move: Protect\n|move|p2a: Torterra|Seed Bomb|p1b: Excadrill\n|-activate|p1b: Excadrill|move: Protect\n|\n|-weather|Sandstorm|[upkeep]\n|-damage|p2b: Incineroar|95/100|[from] Sandstorm\n|upkeep\n|turn|3\n|\n|t:|1776413358\n|switch|p2b: Charizard|Charizard, L50, F|100/100\n|move|p1a: Clefable|Follow Me|p1a: Clefable\n|-singleturn|p1a: Clefable|move: Follow Me\n|move|p2a: Torterra|Headlong Rush|p1a: Clefable\n|-damage|p1a: Clefable|0 fnt\n|-unboost|p2a: Torterra|def|1\n|-unboost|p2a: Torterra|spd|1\n|faint|p1a: Clefable\n|move|p1b: Excadrill|Swords Dance|p1b: Excadrill\n|-boost|p1b: Excadrill|atk|2\n|\n|-weather|Sandstorm|[upkeep]\n|-damage|p2b: Charizard|95/100|[from] Sandstorm\n|upkeep\n|\n|t:|1776413377\n|switch|p1a: Garchomp|Garchomp, L50, M|100/100\n|turn|4\n|\n|t:|1776413392\n|switch|p2b: Incineroar|Incineroar, L50, M|95/100\n|-ability|p2b: Incineroar|Intimidate|boost\n|-unboost|p1a: Garchomp|atk|1\n|-unboost|p1b: Excadrill|atk|1\n|detailschange|p1a: Garchomp|Garchomp-Mega, L50, M\n|-mega|p1a: Garchomp|Garchomp|Garchompite\n|move|p1b: Excadrill|Protect|p1b: Excadrill\n|-singleturn|p1b: Excadrill|Protect\n|move|p2a: Torterra|Headlong Rush|p1a: Garchomp\n|-damage|p1a: Garchomp|0 fnt\n|-unboost|p2a: Torterra|def|1\n|-unboost|p2a: Torterra|spd|1\n|faint|p1a: Garchomp\n|\n|-weather|Sandstorm|[upkeep]\n|-damage|p2b: Incineroar|89/100|[from] Sandstorm\n|-sideend|p2: alexit93|move: Tailwind\n|upkeep\n|\n|t:|1776413406\n|switch|p1a: Tyranitar|Tyranitar, L50, M|100/100\n|turn|5\n|\n|t:|1776413416\n|move|p2b: Incineroar|Fake Out|p1b: Excadrill\n|-resisted|p1b: Excadrill|1\n|-damage|p1b: Excadrill|92/100\n|cant|p1b: Excadrill|flinch\n|move|p2a: Torterra|Seed Bomb|p1b: Excadrill\n|-damage|p1b: Excadrill|0 fnt\n|faint|p1b: Excadrill\n|move|p1a: Tyranitar|Rock Slide|p2a: Torterra|[spread] p2a\n|-miss|p1a: Tyranitar|p2b: Incineroar\n|-resisted|p2a: Torterra|1\n|-damage|p2a: Torterra|72/100\n|\n|-weather|none\n|upkeep\n|turn|6\n|-message|darkid321 forfeited.\n|\n|win|alexit93\n|raw|darkid321's rating: 1137 &rarr; <strong>1114</strong><br />(-23 for losing)\n|raw|alexit93's rating: 1161 &rarr; <strong>1184</strong><br />(+23 for winning)\n|l|\u2606darkid321\n|player|p1|\n|c|\u2606alexit93|torterra for the win\n",
  "uploadtime": 1776413604,
  "views": 20,
  "formatid": "gen9championsvgc2026regma",
  "rating": 1114,
  "private": 0,
  "password": null
}