{
  "id": "gen9championsvgc2026regma-2584452462",
  "format": "[Gen 9 Champions] VGC 2026 Reg M-A",
  "players": [
    "BIGFATFISH",
    "guorongjia"
  ],
  "log": "|j|\u2606BIGFATFISH\n|j|\u2606guorongjia\n|t:|1776261864\n|gametype|doubles\n|player|p1|BIGFATFISH|hilbert|1175\n|player|p2|guorongjia|miku-water|1267\n|gen|9\n|tier|[Gen 9 Champions] VGC 2026 Reg M-A\n|rated|\n|rule|Species Clause: Limit one of each Pok\u00e9mon\n|rule|Item Clause: Limit 1 of each item\n|clearpoke\n|poke|p1|Charizard, L50, F|\n|poke|p1|Venusaur, L50, M|\n|poke|p1|Sneasler, L50, F|\n|poke|p1|Talonflame, L50, F|\n|poke|p1|Garchomp, L50, M|\n|poke|p1|Incineroar, L50, F|\n|poke|p2|Gengar, L50, F|\n|poke|p2|Incineroar, L50, F|\n|poke|p2|Basculegion, L50, M|\n|poke|p2|Sneasler, L50, M|\n|poke|p2|Maushold, L50|\n|poke|p2|Pelipper, L50, F|\n|teampreview|4\n|inactive|Battle timer is ON: inactive players will automatically lose when time's up. (requested by guorongjia)\n|inactive|BIGFATFISH has 60 seconds left.\n|\n|t:|1776261897\n|teamsize|p1|4\n|teamsize|p2|4\n|start\n|switch|p1a: Berni|Sneasler, L50, F|100/100\n|switch|p1b: Garchomp|Garchomp, L50, M|100/100\n|switch|p2a: Gengar|Gengar, L50, F, shiny|100/100\n|switch|p2b: Maushold|Maushold, L50|100/100\n|turn|1\n|\n|t:|1776261913\n|detailschange|p2a: Gengar|Gengar-Mega, L50, F, shiny\n|-mega|p2a: Gengar|Gengar|Gengarite\n|move|p2a: Gengar|Protect|p2a: Gengar\n|-singleturn|p2a: Gengar|Protect\n|move|p2b: Maushold|Protect|p2b: Maushold\n|-singleturn|p2b: Maushold|Protect\n|move|p1b: Garchomp|Rock Slide|p2a: Gengar|[spread] \n|-activate|p2a: Gengar|move: Protect\n|-activate|p2b: Maushold|move: Protect\n|move|p1a: Berni|Close Combat|p2b: Maushold\n|-activate|p2b: Maushold|move: Protect\n|\n|upkeep\n|turn|2\n|\n|t:|1776261929\n|move|p2b: Maushold|Helping Hand|p2a: Gengar\n|-singleturn|p2a: Gengar|Helping Hand|[of] p2b: Maushold\n|move|p1b: Garchomp|Rock Slide|p2a: Gengar|[spread] p2a,p2b\n|-damage|p2a: Gengar|75/100\n|-damage|p2b: Maushold|83/100\n|cant|p2a: Gengar|flinch\n|move|p1a: Berni|Dire Claw|p2b: Maushold\n|-damage|p2b: Maushold|44/100\n|\n|upkeep\n|turn|3\n|\n|t:|1776261947\n|move|p2b: Maushold|Helping Hand|p2a: Gengar\n|-singleturn|p2a: Gengar|Helping Hand|[of] p2b: Maushold\n|move|p1b: Garchomp|Rock Slide|p2a: Gengar|[spread] p2a,p2b\n|-crit|p2a: Gengar\n|-damage|p2a: Gengar|37/100\n|-damage|p2b: Maushold|23/100\n|cant|p2a: Gengar|flinch\n|move|p1a: Berni|Dire Claw|p2b: Maushold\n|-damage|p2b: Maushold|0 fnt\n|faint|p2b: Maushold\n|\n|upkeep\n|c|\u2606guorongjia|?\n|\n|t:|1776261970\n|switch|p2b: Pelipper|Pelipper, L50, F|100/100\n|-weather|RainDance|[from] ability: Drizzle|[of] p2b: Pelipper\n|turn|4\n|\n|t:|1776261982\n|move|p2a: Gengar|Protect|p2a: Gengar\n|-singleturn|p2a: Gengar|Protect\n|move|p1b: Garchomp|Rock Slide|p2b: Pelipper|[spread] \n|-activate|p2a: Gengar|move: Protect\n|-miss|p1b: Garchomp|p2b: Pelipper\n|move|p1a: Berni|Dire Claw|p2b: Pelipper\n|-damage|p2b: Pelipper|38/100\n|move|p2b: Pelipper|Tailwind|p2b: Pelipper\n|-sidestart|p2: guorongjia|move: Tailwind\n|\n|-weather|RainDance|[upkeep]\n|upkeep\n|turn|5\n|\n|t:|1776261997\n|move|p2a: Gengar|Icy Wind|p1b: Garchomp|[spread] p1a,p1b\n|-supereffective|p1b: Garchomp|2\n|-crit|p1b: Garchomp\n|-damage|p1a: Berni|77/100\n|-damage|p1b: Garchomp|0 fnt\n|-unboost|p1a: Berni|spe|1\n|faint|p1b: Garchomp\n|-enditem|p1a: Berni|White Herb\n|-clearnegativeboost|p1a: Berni|[silent]\n|move|p1a: Berni|Dire Claw|p2b: Pelipper\n|-damage|p2b: Pelipper|0 fnt\n|faint|p2b: Pelipper\n|\n|-weather|RainDance|[upkeep]\n|upkeep\n|\n|t:|1776262013\n|switch|p1b: Charizard|Charizard, L50, F|100/100\n|switch|p2b: Basculegion|Basculegion, L50, M, shiny|100/100\n|turn|6\n|\n|t:|1776262029\n|detailschange|p1b: Charizard|Charizard-Mega-Y, L50, F\n|-mega|p1b: Charizard|Charizard|Charizardite Y\n|-weather|SunnyDay|[from] ability: Drought|[of] p1b: Charizard\n|move|p2b: Basculegion|Last Respects|p1b: Charizard\n|-damage|p1b: Charizard|0 fnt\n|faint|p1b: Charizard\n|move|p2a: Gengar|Shadow Ball|p1a: Berni\n|-damage|p1a: Berni|6/100\n|move|p1a: Berni|U-turn|p2b: Basculegion\n|-resisted|p2b: Basculegion|1\n|-damage|p2b: Basculegion|84/100\n|\n|t:|1776262039\n|switch|p1a: Venusaur|Venusaur, L50, M|100/100|[from] U-turn\n|\n|-weather|SunnyDay|[upkeep]\n|upkeep\n|\n|t:|1776262042\n|switch|p1b: Berni|Sneasler, L50, F|6/100\n|turn|7\n|\n|t:|1776262056\n|move|p2b: Basculegion|Last Respects|p1a: Venusaur\n|-damage|p1a: Venusaur|0 fnt\n|faint|p1a: Venusaur\n|move|p2a: Gengar|Icy Wind|p1b: Berni\n|-damage|p1b: Berni|0 fnt\n|faint|p1b: Berni\n|\n|win|guorongjia\n|raw|BIGFATFISH's rating: 1175 &rarr; <strong>1156</strong><br />(-19 for losing)\n|raw|guorongjia's rating: 1267 &rarr; <strong>1286</strong><br />(+19 for winning)\n",
  "uploadtime": 1776262067,
  "views": 22,
  "formatid": "gen9championsvgc2026regma",
  "rating": 1156,
  "private": 0,
  "password": null
}