{
  "id": "gen9championsvgc2026regma-2588392019",
  "format": "[Gen 9 Champions] VGC 2026 Reg M-A",
  "players": [
    "DavidTIS",
    "bluke45"
  ],
  "log": "|j|\u2606DavidTIS\n|j|\u2606bluke45\n|t:|1776629653\n|gametype|doubles\n|player|p1|DavidTIS|1|1073\n|player|p2|bluke45|caitlin|1108\n|gen|9\n|tier|[Gen 9 Champions] VGC 2026 Reg M-A\n|rated|\n|rule|Species Clause: Limit one of each Pok\u00e9mon\n|rule|Item Clause: Limit 1 of each item\n|clearpoke\n|poke|p1|Starmie, L50|\n|poke|p1|Lucario, L50, F|\n|poke|p1|Lycanroc-Dusk, L50, M|\n|poke|p1|Hydreigon, L50, M|\n|poke|p1|Gengar, L50, F|\n|poke|p1|Tauros-Paldea-Aqua, L50, M|\n|poke|p2|Lopunny, L50, F, shiny|\n|poke|p2|Gardevoir, L50, F, shiny|\n|poke|p2|Sneasler, L50, M|\n|poke|p2|Aerodactyl, L50, M|\n|poke|p2|Kingambit, L50, M|\n|poke|p2|Basculegion, L50, M, shiny|\n|teampreview|4\n|inactive|Battle timer is ON: inactive players will automatically lose when time's up. (requested by DavidTIS)\n|inactive|DavidTIS has 60 seconds left.\n|inactive|bluke45 has 60 seconds left.\n|inactive|DavidTIS has 30 seconds left.\n|inactive|DavidTIS has 20 seconds left.\n|inactive|DavidTIS has 15 seconds left.\n|\n|t:|1776629729\n|teamsize|p1|4\n|teamsize|p2|4\n|start\n|switch|p1a: Starmie|Starmie, L50|100/100\n|switch|p1b: Hydreigon|Hydreigon, L50, M|100/100\n|switch|p2a: Lopunny|Lopunny, L50, F, shiny|100/100\n|switch|p2b: Aerodactyl|Aerodactyl, L50, M|100/100\n|-ability|p2b: Aerodactyl|Unnerve\n|turn|1\n|\n|t:|1776629750\n|switch|p2b: Kingambit|Kingambit, L50, M|100/100\n|detailschange|p1a: Starmie|Starmie-Mega, L50\n|-mega|p1a: Starmie|Starmie|Starminite\n|detailschange|p2a: Lopunny|Lopunny-Mega, L50, F, shiny\n|-mega|p2a: Lopunny|Lopunny|Lopunnite\n|move|p1b: Hydreigon|Protect|p1b: Hydreigon\n|-singleturn|p1b: Hydreigon|Protect\n|move|p2a: Lopunny|Close Combat|p1b: Hydreigon\n|-activate|p1b: Hydreigon|move: Protect\n|move|p1a: Starmie|Liquidation|p2b: Kingambit\n|-damage|p2b: Kingambit|41/100\n|\n|upkeep\n|turn|2\n|inactive|bluke45 has 30 seconds left.\n|\n|t:|1776629777\n|switch|p1b: Lycanroc|Lycanroc-Dusk, L50, M|100/100\n|switch|p2b: Basculegion|Basculegion, L50, M, shiny|100/100\n|move|p2a: Lopunny|Close Combat|p1b: Lycanroc\n|-supereffective|p1b: Lycanroc|1\n|-enditem|p1b: Lycanroc|Focus Sash\n|-damage|p1b: Lycanroc|1/100\n|-unboost|p2a: Lopunny|def|1\n|-unboost|p2a: Lopunny|spd|1\n|move|p1a: Starmie|Psycho Cut|p2a: Lopunny\n|-supereffective|p2a: Lopunny|1\n|-damage|p2a: Lopunny|0 fnt\n|faint|p2a: Lopunny\n|\n|upkeep\n|\n|t:|1776629790\n|switch|p2a: Aerodactyl|Aerodactyl, L50, M|100/100\n|-ability|p2a: Aerodactyl|Unnerve\n|turn|3\n|\n|t:|1776629806\n|move|p1a: Starmie|Protect|p1a: Starmie\n|-singleturn|p1a: Starmie|Protect\n|move|p1b: Lycanroc|Accelerock|p2a: Aerodactyl\n|-supereffective|p2a: Aerodactyl|1\n|-damage|p2a: Aerodactyl|9/100\n|move|p2b: Basculegion|Last Respects|p1a: Starmie\n|-activate|p1a: Starmie|move: Protect\n|move|p2a: Aerodactyl|Rock Slide|p1a: Starmie|[spread] p1b\n|-activate|p1a: Starmie|move: Protect\n|-damage|p1b: Lycanroc|0 fnt\n|faint|p1b: Lycanroc\n|\n|upkeep\n|\n|t:|1776629819\n|switch|p1b: Lucario|Lucario, L50, F|100/100\n|turn|4\n|\n|t:|1776629842\n|move|p1b: Lucario|Vacuum Wave|p2a: Aerodactyl\n|-damage|p2a: Aerodactyl|0 fnt\n|faint|p2a: Aerodactyl\n|move|p2b: Basculegion|Last Respects|p1a: Starmie\n|-supereffective|p1a: Starmie|1\n|-damage|p1a: Starmie|0 fnt\n|faint|p1a: Starmie\n|\n|upkeep\n|\n|t:|1776629849\n|switch|p2a: Kingambit|Kingambit, L50, M|41/100\n|switch|p1a: Hydreigon|Hydreigon, L50, M|100/100\n|turn|5\n|\n|t:|1776629861\n|move|p2a: Kingambit|Protect|p2a: Kingambit\n|-singleturn|p2a: Kingambit|Protect\n|move|p1b: Lucario|Vacuum Wave|p2a: Kingambit\n|-activate|p2a: Kingambit|move: Protect\n|move|p2b: Basculegion|Last Respects|p1b: Lucario\n|-damage|p1b: Lucario|0 fnt\n|faint|p1b: Lucario\n|move|p1a: Hydreigon|Dark Pulse|p2b: Basculegion\n|-supereffective|p2b: Basculegion|1\n|-damage|p2b: Basculegion|0 fnt\n|faint|p2b: Basculegion\n|\n|upkeep\n|turn|6\n|\n|t:|1776629878\n|move|p1a: Hydreigon|Draco Meteor|p2a: Kingambit\n|-resisted|p2a: Kingambit|1\n|-damage|p2a: Kingambit|3/100\n|-unboost|p1a: Hydreigon|spa|2\n|-enditem|p1a: Hydreigon|White Herb\n|-clearnegativeboost|p1a: Hydreigon|[silent]\n|move|p2a: Kingambit|Iron Head|p1a: Hydreigon\n|-damage|p1a: Hydreigon|43/100\n|\n|upkeep\n|turn|7\n|\n|t:|1776629890\n|move|p2a: Kingambit|Sucker Punch|p1a: Hydreigon\n|-resisted|p1a: Hydreigon|1\n|-damage|p1a: Hydreigon|20/100\n|move|p1a: Hydreigon|Dark Pulse|p2a: Kingambit\n|-resisted|p2a: Kingambit|1\n|-damage|p2a: Kingambit|0 fnt\n|faint|p2a: Kingambit\n|\n|win|DavidTIS\n|raw|DavidTIS's rating: 1073 &rarr; <strong>1105</strong><br />(+32 for winning)\n|raw|bluke45's rating: 1108 &rarr; <strong>1080</strong><br />(-28 for losing)\n|l|\u2606bluke45\n|player|p2|\n",
  "uploadtime": 1776629898,
  "views": 13,
  "formatid": "gen9championsvgc2026regma",
  "rating": 1080,
  "private": 0,
  "password": null
}