{
  "id": "gen9championsvgc2026regma-2586722817",
  "format": "[Gen 9 Champions] VGC 2026 Reg M-A",
  "players": [
    "Mentalsyndrome",
    "Jerboa5555565"
  ],
  "log": "|j|\u2606Mentalsyndrome\n|j|\u2606Jerboa5555565\n|t:|1776454877\n|gametype|doubles\n|player|p1|Mentalsyndrome|2|1220\n|player|p2|Jerboa5555565|miku-ground|1180\n|gen|9\n|tier|[Gen 9 Champions] VGC 2026 Reg M-A\n|rated|\n|rule|Species Clause: Limit one of each Pok\u00e9mon\n|rule|Item Clause: Limit 1 of each item\n|clearpoke\n|poke|p1|Tinkaton, L50, F|\n|poke|p1|Kangaskhan, L50, F|\n|poke|p1|Farigiraf, L50, M|\n|poke|p1|Camerupt, L50, M|\n|poke|p1|Gardevoir, L50, M|\n|poke|p1|Conkeldurr, L50, M|\n|poke|p2|Garchomp, L50, M|\n|poke|p2|Gyarados, L50, F|\n|poke|p2|Tyranitar, L50, F|\n|poke|p2|Aerodactyl, L50, F|\n|poke|p2|Rotom-Wash, L50|\n|poke|p2|Sneasler, L50, F|\n|teampreview|4\n|inactive|Battle timer is ON: inactive players will automatically lose when time's up. (requested by Mentalsyndrome)\n|inactive|Mentalsyndrome has 60 seconds left.\n|\n|t:|1776454917\n|teamsize|p1|4\n|teamsize|p2|4\n|start\n|switch|p1a: Taco Tuesday|Kangaskhan, L50, F|100/100\n|switch|p1b: Shane|Farigiraf, L50, M|100/100\n|switch|p2a: Garchomp|Garchomp, L50, M, shiny|100/100\n|switch|p2b: Gyarados|Gyarados, L50, F, shiny|100/100\n|-ability|p2b: Gyarados|Intimidate|boost\n|-fail|p1a: Taco Tuesday|unboost|Attack|[from] ability: Scrappy|[of] p1a: Taco Tuesday\n|-unboost|p1b: Shane|atk|1\n|turn|1\n|\n|t:|1776454934\n|move|p1a: Taco Tuesday|Fake Out|p2b: Gyarados\n|-damage|p2b: Gyarados|74/100\n|move|p2a: Garchomp|Scale Shot|p1b: Shane\n|-damage|p1b: Shane|87/100\n|-damage|p1b: Shane|74/100\n|-damage|p1b: Shane|60/100\n|-hitcount|p1b: Shane|3\n|-unboost|p2a: Garchomp|def|1\n|-boost|p2a: Garchomp|spe|1\n|cant|p2b: Gyarados|flinch\n|move|p1b: Shane|Trick Room|p1b: Shane\n|-fieldstart|move: Trick Room|[of] p1b: Shane\n|\n|upkeep\n|turn|2\n|\n|t:|1776454957\n|switch|p2a: Tyranitar|Tyranitar, L50, F, shiny|100/100\n|-weather|Sandstorm|[from] ability: Sand Stream|[of] p2a: Tyranitar\n|move|p1b: Shane|Thunderbolt|p2b: Gyarados\n|-supereffective|p2b: Gyarados|2\n|-damage|p2b: Gyarados|0 fnt\n|faint|p2b: Gyarados\n|move|p1a: Taco Tuesday|Double-Edge|p2a: Tyranitar\n|-resisted|p2a: Tyranitar|1\n|-damage|p2a: Tyranitar|76/100\n|-damage|p1a: Taco Tuesday|92/100|[from] Recoil\n|\n|-weather|Sandstorm|[upkeep]\n|-damage|p1b: Shane|55/100|[from] Sandstorm\n|-damage|p1a: Taco Tuesday|86/100|[from] Sandstorm\n|-heal|p2a: Tyranitar|82/100|[from] item: Leftovers\n|upkeep\n|\n|t:|1776454972\n|switch|p2b: Sneasler|Sneasler, L50, F|100/100\n|turn|3\n|\n|t:|1776454980\n|move|p2b: Sneasler|Fake Out||[still]\n|cant|p1b: Shane|ability: Armor Tail|Fake Out|[of] p2b: Sneasler\n|move|p1b: Shane|Twin Beam|p2b: Sneasler\n|-supereffective|p2b: Sneasler|2\n|-damage|p2b: Sneasler|0 fnt\n|faint|p2b: Sneasler\n|-hitcount|p2: Sneasler|1\n|move|p2a: Tyranitar|Rock Slide|p1b: Shane|[spread] p1a\n|-miss|p2a: Tyranitar|p1b: Shane\n|-damage|p1a: Taco Tuesday|53/100\n|move|p1a: Taco Tuesday|Low Kick|p2a: Tyranitar\n|-supereffective|p2a: Tyranitar|2\n|-damage|p2a: Tyranitar|0 fnt\n|faint|p2a: Tyranitar\n|\n|-weather|Sandstorm|[upkeep]\n|-damage|p1b: Shane|49/100|[from] Sandstorm\n|-damage|p1a: Taco Tuesday|48/100|[from] Sandstorm\n|upkeep\n|\n|t:|1776454993\n|switch|p2b: Garchomp|Garchomp, L50, M, shiny|100/100\n|turn|4\n|\n|t:|1776455001\n|move|p2b: Garchomp|Protect|p2b: Garchomp\n|-singleturn|p2b: Garchomp|Protect\n|move|p1b: Shane|Twin Beam|p2b: Garchomp\n|-activate|p2b: Garchomp|move: Protect\n|move|p1a: Taco Tuesday|Double-Edge|p2b: Garchomp\n|-activate|p2b: Garchomp|move: Protect\n|\n|-weather|Sandstorm|[upkeep]\n|-damage|p1b: Shane|43/100|[from] Sandstorm\n|-damage|p1a: Taco Tuesday|42/100|[from] Sandstorm\n|upkeep\n|turn|5\n|\n|t:|1776455014\n|move|p1b: Shane|Twin Beam|p2b: Garchomp|[miss]\n|-miss|p1b: Shane|p2b: Garchomp\n|move|p1a: Taco Tuesday|Double-Edge|p2b: Garchomp\n|-damage|p2b: Garchomp|29/100\n|-damage|p1a: Taco Tuesday|18/100|[from] Recoil\n|move|p2b: Garchomp|Scale Shot|p1a: Taco Tuesday\n|-damage|p1a: Taco Tuesday|2/100\n|-damage|p1a: Taco Tuesday|0 fnt\n|faint|p1a: Taco Tuesday\n|-hitcount|p1: Taco Tuesday|2\n|-unboost|p2b: Garchomp|def|1\n|-boost|p2b: Garchomp|spe|1\n|\n|-weather|Sandstorm|[upkeep]\n|-damage|p1b: Shane|37/100|[from] Sandstorm\n|-fieldend|move: Trick Room\n|upkeep\n|\n|t:|1776455018\n|switch|p1a: Chuckles|Conkeldurr, L50, M|100/100\n|turn|6\n|\n|t:|1776455028\n|detailschange|p2b: Garchomp|Garchomp-Mega, L50, M, shiny\n|-mega|p2b: Garchomp|Garchomp|Garchompite\n|move|p1a: Chuckles|Protect|p1a: Chuckles\n|-singleturn|p1a: Chuckles|Protect\n|move|p2b: Garchomp|Earthquake|p1a: Chuckles|[spread] p1b\n|-activate|p1a: Chuckles|move: Protect\n|-damage|p1b: Shane|0 fnt\n|faint|p1b: Shane\n|\n|-weather|none\n|upkeep\n|\n|t:|1776455030\n|switch|p1b: Ai|Gardevoir, L50, M, shiny|100/100\n|-ability|p1b: Ai|Sand Force|Trace|[from] ability: Trace|[of] p2b: Garchomp\n|turn|7\n|\n|t:|1776455040\n|detailschange|p1b: Ai|Gardevoir-Mega, L50, M, shiny\n|-mega|p1b: Ai|Gardevoir|Gardevoirite\n|move|p2b: Garchomp|Earthquake|p1b: Ai|[spread] p1a,p1b\n|-damage|p1a: Chuckles|52/100\n|-damage|p1b: Ai|3/100\n|move|p1b: Ai|Hyper Voice|p2b: Garchomp\n|-supereffective|p2b: Garchomp|1\n|-damage|p2b: Garchomp|0 fnt\n|faint|p2b: Garchomp\n|\n|win|Mentalsyndrome\n|raw|Mentalsyndrome's rating: 1220 &rarr; <strong>1242</strong><br />(+22 for winning)\n|raw|Jerboa5555565's rating: 1180 &rarr; <strong>1158</strong><br />(-22 for losing)\n",
  "uploadtime": 1776455049,
  "views": 28,
  "formatid": "gen9championsvgc2026regma",
  "rating": 1158,
  "private": 0,
  "password": null
}