{
  "id": "gen9championsvgc2026regma-2585987960",
  "format": "[Gen 9 Champions] VGC 2026 Reg M-A",
  "players": [
    "IcebergMike",
    "JVP15"
  ],
  "log": "|j|\u2606IcebergMike\n|j|\u2606JVP15\n|t:|1776387881\n|gametype|doubles\n|player|p1|IcebergMike|169|1000\n|player|p2|JVP15|cynthia|1072\n|gen|9\n|tier|[Gen 9 Champions] VGC 2026 Reg M-A\n|rated|\n|rule|Species Clause: Limit one of each Pok\u00e9mon\n|rule|Item Clause: Limit 1 of each item\n|clearpoke\n|poke|p1|Golurk, L50|\n|poke|p1|Ampharos, L50, M|\n|poke|p1|Farigiraf, L50, M|\n|poke|p1|Incineroar, L50, M|\n|poke|p1|Sinistcha, L50|\n|poke|p1|Kingambit, L50, F|\n|poke|p2|Scovillain, L50, M|\n|poke|p2|Garchomp, L50, F|\n|poke|p2|Alakazam, L50, F|\n|poke|p2|Rotom-Wash, L50|\n|poke|p2|Kangaskhan, L50, F|\n|poke|p2|Tyranitar, L50, F|\n|teampreview|4\nJVP15 has agreed to open team sheets.\n|\n|t:|1776387912\n|teamsize|p1|4\n|teamsize|p2|4\n|start\n|switch|p1a: Farigiraf|Farigiraf, L50, M|100/100\n|switch|p1b: Incineroar|Incineroar, L50, M|100/100\n|switch|p2a: Garchomp|Garchomp, L50, F|100/100\n|switch|p2b: Alakazam|Alakazam, L50, F|100/100\n|-ability|p1b: Incineroar|Intimidate|boost\n|-unboost|p2a: Garchomp|atk|1\n|-fail|p2b: Alakazam|unboost|Attack|[from] ability: Inner Focus|[of] p2b: Alakazam\n|turn|1\n|\n|t:|1776387948\n|switch|p2a: Scovillain|Scovillain, L50, M|100/100\n|move|p1b: Incineroar|Fake Out|p2b: Alakazam\n|-damage|p2b: Alakazam|71/100\n|move|p2b: Alakazam|Reflect|p2b: Alakazam\n|-sidestart|p2: JVP15|Reflect\n|move|p1a: Farigiraf|Trick Room|p1a: Farigiraf\n|-fieldstart|move: Trick Room|[of] p1a: Farigiraf\n|\n|-ability|p2a: Scovillain|Moody|boost\n|-boost|p2a: Scovillain|def|2\n|-unboost|p2a: Scovillain|spa|1\n|upkeep\n|turn|2\n|c|\u2606JVP15|I was expecting the fake out on garchomp\n|c|\u2606JVP15|b/c ya know\n|c|\u2606IcebergMike|lol\n|\n|t:|1776388001\n|move|p1a: Farigiraf|Hyper Voice|p2a: Scovillain|[spread] p2a,p2b\n|-damage|p2a: Scovillain|75/100\n|-damage|p2b: Alakazam|35/100\n|move|p1b: Incineroar|Darkest Lariat|p2b: Alakazam\n|-supereffective|p2b: Alakazam|1\n|-damage|p2b: Alakazam|0 fnt\n|faint|p2b: Alakazam\n|move|p2a: Scovillain|Flamethrower|p1a: Farigiraf\n|-damage|p1a: Farigiraf|80/100\n|\n|-ability|p2a: Scovillain|Moody|boost\n|-boost|p2a: Scovillain|atk|2\n|-unboost|p2a: Scovillain|spd|1\n|upkeep\n|\n|t:|1776388015\n|switch|p2b: Garchomp|Garchomp, L50, F|100/100\n|turn|3\n|\n|t:|1776388030\n|detailschange|p2a: Scovillain|Scovillain-Mega, L50, M\n|-mega|p2a: Scovillain|Scovillain|Scovillainite\n|move|p2a: Scovillain|Rage Powder|p2a: Scovillain\n|-singleturn|p2a: Scovillain|move: Rage Powder\n|move|p1a: Farigiraf|Hyper Voice|p2b: Garchomp|[spread] p2a,p2b\n|-damage|p2a: Scovillain|44/100\n|-damage|p2b: Garchomp|75/100\n|-status|p1a: Farigiraf|brn|[from] ability: Spicy Spray|[of] p2a: Scovillain\n|move|p1b: Incineroar|Parting Shot|p2a: Scovillain\n|-unboost|p2a: Scovillain|atk|1\n|-unboost|p2a: Scovillain|spa|1\n|\n|t:|1776388041\n|switch|p1b: Golurk|Golurk, L50|100/100|[from] Parting Shot\n|move|p2b: Garchomp|Swords Dance|p2b: Garchomp\n|-boost|p2b: Garchomp|atk|2\n|\n|-damage|p1a: Farigiraf|74/100 brn|[from] brn\n|upkeep\n|turn|4\n|\n|t:|1776388071\n|switch|p2a: Rotom|Rotom-Wash, L50|100/100\n|move|p1a: Farigiraf|Helping Hand|p1b: Golurk\n|-singleturn|p1b: Golurk|Helping Hand|[of] p1a: Farigiraf\n|move|p2b: Garchomp|Protect|p2b: Garchomp\n|-singleturn|p2b: Garchomp|Protect\n|move|p1b: Golurk|Rock Slide|p2b: Garchomp|[spread] p2a\n|-activate|p2b: Garchomp|move: Protect\n|-damage|p2a: Rotom|77/100\n|\n|-damage|p1a: Farigiraf|68/100 brn|[from] brn\n|upkeep\n|turn|5\n|\n|t:|1776388094\n|move|p1a: Farigiraf|Helping Hand|p1b: Golurk\n|-singleturn|p1b: Golurk|Helping Hand|[of] p1a: Farigiraf\n|move|p1b: Golurk|Dynamic Punch|p2b: Garchomp\n|-damage|p2b: Garchomp|31/100\n|-start|p2b: Garchomp|confusion\n|-damage|p1b: Golurk|88/100|[from] ability: Rough Skin|[of] p2b: Garchomp\n|move|p2a: Rotom|Hydro Pump|p1b: Golurk\n|-supereffective|p1b: Golurk|1\n|-damage|p1b: Golurk|0 fnt\n|faint|p1b: Golurk\n|-activate|p2b: Garchomp|confusion\n|-damage|p2b: Garchomp|2/100|[from] confusion\n|\n|-damage|p1a: Farigiraf|62/100 brn|[from] brn\n|-sideend|p2: JVP15|Reflect\n|-fieldend|move: Trick Room\n|upkeep\n|\n|t:|1776388111\n|switch|p1b: Incineroar|Incineroar, L50, M|100/100\n|-ability|p1b: Incineroar|Intimidate|boost\n|-unboost|p2a: Rotom|atk|1\n|-unboost|p2b: Garchomp|atk|1\n|turn|6\n|c|\u2606JVP15|Ah I kinda threw there\n|\n|t:|1776388123\n|-end|p2b: Garchomp|confusion\n|move|p2b: Garchomp|Protect|p2b: Garchomp\n|-singleturn|p2b: Garchomp|Protect\n|move|p1b: Incineroar|Fake Out|p2a: Rotom\n|-crit|p2a: Rotom\n|-damage|p2a: Rotom|58/100\n|cant|p2a: Rotom|flinch\n|move|p1a: Farigiraf|Trick Room|p1a: Farigiraf\n|-fieldstart|move: Trick Room|[of] p1a: Farigiraf\n|\n|-damage|p1a: Farigiraf|56/100 brn|[from] brn\n|upkeep\n|turn|7\n|\n|t:|1776388153\n|move|p1a: Farigiraf|Hyper Voice|p2b: Garchomp|[spread] p2a,p2b\n|-damage|p2a: Rotom|29/100\n|-damage|p2b: Garchomp|0 fnt\n|faint|p2b: Garchomp\n|move|p1b: Incineroar|Parting Shot|p2a: Rotom\n|-unboost|p2a: Rotom|atk|1\n|-unboost|p2a: Rotom|spa|1\n|\n|t:|1776388160\n|switch|p1b: Sinistcha|Sinistcha, L50|100/100|[from] Parting Shot\n|-heal|p1a: Farigiraf|80/100 brn|[from] ability: Hospitality|[of] p1b: Sinistcha\n|move|p2a: Rotom|Hydro Pump|p1b: Sinistcha\n|-resisted|p1b: Sinistcha|1\n|-damage|p1b: Sinistcha|84/100\n|\n|-heal|p1b: Sinistcha|90/100|[from] item: Leftovers\n|-damage|p1a: Farigiraf|74/100 brn|[from] brn\n|upkeep\n|\n|t:|1776388164\n|switch|p2b: Scovillain|Scovillain-Mega, L50, M|44/100\n|turn|8\n|\n|t:|1776388181\n|move|p1a: Farigiraf|Hyper Voice|p2a: Rotom|[spread] p2a,p2b\n|-damage|p2a: Rotom|0 fnt\n|-damage|p2b: Scovillain|21/100\n|faint|p2a: Rotom\n|move|p1b: Sinistcha|Matcha Gotcha|p2b: Scovillain\n|-resisted|p2b: Scovillain|2\n|-damage|p2b: Scovillain|14/100\n|-heal|p1b: Sinistcha|94/100|[from] drain|[of] p2b: Scovillain\n|-status|p1b: Sinistcha|brn|[from] ability: Spicy Spray|[of] p2b: Scovillain\n|move|p2b: Scovillain|Flamethrower|p1b: Sinistcha\n|-supereffective|p1b: Sinistcha|1\n|-damage|p1b: Sinistcha|10/100 brn\n|\n|-heal|p1b: Sinistcha|16/100 brn|[from] item: Leftovers\n|-damage|p1a: Farigiraf|68/100 brn|[from] brn\n|-damage|p1b: Sinistcha|10/100 brn|[from] brn\n|upkeep\n|turn|9\n|\n|t:|1776388208\n|move|p1a: Farigiraf|Hyper Voice|p2b: Scovillain\n|-damage|p2b: Scovillain|0 fnt\n|faint|p2b: Scovillain\n|\n|win|IcebergMike\n|raw|IcebergMike's rating: 1000 &rarr; <strong>1048</strong><br />(+48 for winning)\n|raw|JVP15's rating: 1072 &rarr; <strong>1047</strong><br />(-25 for losing)\n|c|\u2606IcebergMike|gg\n|c|\u2606JVP15|gg\n",
  "uploadtime": 1776388252,
  "views": 17,
  "formatid": "gen9championsvgc2026regma",
  "rating": 1047,
  "private": 0,
  "password": null
}