{
  "id": "gen9championsvgc2026regma-2581313901",
  "format": "[Gen 9 Champions] VGC 2026 Reg M-A",
  "players": [
    "Braute",
    "rokabibee"
  ],
  "log": "|j|\u2606Braute\n|j|\u2606rokabibee\n|t:|1775985318\n|gametype|doubles\n|player|p1|Braute|miku-fire|1148\n|player|p2|rokabibee|101|1113\n|gen|9\n|tier|[Gen 9 Champions] VGC 2026 Reg M-A\n|rated|\n|rule|Species Clause: Limit one of each Pok\u00e9mon\n|rule|Item Clause: Limit 1 of each item\n|clearpoke\n|poke|p1|Beedrill, L50, F|\n|poke|p1|Incineroar, L50, F|\n|poke|p1|Talonflame, L50, M|\n|poke|p1|Kingambit, L50, F|\n|poke|p1|Manectric, L50, F|\n|poke|p1|Sylveon, L50, F|\n|poke|p2|Whimsicott, L50, F|\n|poke|p2|Charizard, L50, M|\n|poke|p2|Incineroar, L50, F|\n|poke|p2|Sneasler, L50, F|\n|poke|p2|Dragapult, L50, F|\n|poke|p2|Starmie, L50|\n|teampreview|4\n|inactive|Battle timer is ON: inactive players will automatically lose when time's up. (requested by Braute)\n|\n|t:|1775985340\n|teamsize|p1|4\n|teamsize|p2|4\n|start\n|switch|p1a: Manectric|Manectric, L50, F, shiny|100/100\n|switch|p1b: Talonflame|Talonflame, L50, M|100/100\n|switch|p2a: Whimsicott|Whimsicott, L50, F|100/100\n|switch|p2b: Charizard|Charizard, L50, M|100/100\n|turn|1\n|\n|t:|1775985351\n|switch|p2b: Incineroar|Incineroar, L50, F|100/100\n|-ability|p2b: Incineroar|Intimidate|boost\n|-unboost|p1a: Manectric|atk|1\n|-unboost|p1b: Talonflame|atk|1\n|detailschange|p1a: Manectric|Manectric-Mega, L50, F, shiny\n|-mega|p1a: Manectric|Manectric|Manectite\n|-ability|p1a: Manectric|Intimidate|boost\n|-unboost|p2a: Whimsicott|atk|1\n|-unboost|p2b: Incineroar|atk|1\n|move|p1b: Talonflame|Dual Wingbeat|p2a: Whimsicott\n|-supereffective|p2a: Whimsicott|1\n|-damage|p2a: Whimsicott|64/100\n|-supereffective|p2a: Whimsicott|1\n|-damage|p2a: Whimsicott|29/100\n|-hitcount|p2a: Whimsicott|2\n|move|p2a: Whimsicott|Tailwind|p2a: Whimsicott\n|-sidestart|p2: rokabibee|move: Tailwind\n|move|p1a: Manectric|Thunderbolt|p2b: Incineroar\n|-damage|p2b: Incineroar|63/100\n|\n|upkeep\n|turn|2\n|inactive|rokabibee has 30 seconds left.\n|\n|t:|1775985379\n|move|p1a: Manectric|Protect|p1a: Manectric\n|-singleturn|p1a: Manectric|Protect\n|move|p1b: Talonflame|Protect|p1b: Talonflame\n|-singleturn|p1b: Talonflame|Protect\n|move|p2a: Whimsicott|Moonblast|p1a: Manectric\n|-activate|p1a: Manectric|move: Protect\n|move|p2b: Incineroar|Parting Shot|p1a: Manectric\n|-activate|p1a: Manectric|move: Protect\n|\n|upkeep\n|turn|3\n|\n|t:|1775985398\n|move|p1b: Talonflame|Tailwind|p1b: Talonflame\n|-sidestart|p1: Braute|move: Tailwind\n|move|p1a: Manectric|Overheat|p2a: Whimsicott\n|-supereffective|p2a: Whimsicott|1\n|-damage|p2a: Whimsicott|0 fnt\n|-unboost|p1a: Manectric|spa|2\n|faint|p2a: Whimsicott\n|move|p2b: Incineroar|Parting Shot|p1a: Manectric\n|-unboost|p1a: Manectric|atk|1\n|-unboost|p1a: Manectric|spa|1\n|inactive|rokabibee has 30 seconds left.\n|inactive|rokabibee has 20 seconds left.\n|inactive|rokabibee has 15 seconds left.\n|\n|t:|1775985442\n|switch|p2b: Charizard|Charizard, L50, M|100/100|[from] Parting Shot\n|\n|upkeep\n|\n|t:|1775985448\n|switch|p2a: Incineroar|Incineroar, L50, F|63/100\n|-ability|p2a: Incineroar|Intimidate|boost\n|-unboost|p1a: Manectric|atk|1\n|-unboost|p1b: Talonflame|atk|1\n|turn|4\n|\n|t:|1775985462\n|switch|p1a: Incineroar|Incineroar, L50, F, shiny|100/100\n|-ability|p1a: Incineroar|Intimidate|boost\n|-unboost|p2a: Incineroar|atk|1\n|-unboost|p2b: Charizard|atk|1\n|switch|p2a: Sneasler|Sneasler, L50, F|100/100\n|detailschange|p2b: Charizard|Charizard-Mega-Y, L50, M\n|-mega|p2b: Charizard|Charizard|Charizardite Y\n|-weather|SunnyDay|[from] ability: Drought|[of] p2b: Charizard\n|move|p1b: Talonflame|Protect|p1b: Talonflame\n|-singleturn|p1b: Talonflame|Protect\n|move|p2b: Charizard|Heat Wave|p1a: Incineroar|[spread] p1a\n|-activate|p1b: Talonflame|move: Protect\n|-resisted|p1a: Incineroar|1\n|-damage|p1a: Incineroar|73/100\n|\n|-weather|SunnyDay|[upkeep]\n|-sideend|p2: rokabibee|move: Tailwind\n|upkeep\n|turn|5\n|\n|t:|1775985481\n|switch|p1b: Manectric|Manectric-Mega, L50, F, shiny|100/100\n|-ability|p1b: Manectric|Intimidate|boost\n|-unboost|p2a: Sneasler|atk|1\n|-unboost|p2b: Charizard|atk|1\n|-enditem|p2a: Sneasler|White Herb\n|-clearnegativeboost|p2a: Sneasler|[silent]\n|move|p2a: Sneasler|Fake Out|p1a: Incineroar\n|-damage|p1a: Incineroar|59/100\n|cant|p1a: Incineroar|flinch\n|move|p2b: Charizard|Heat Wave|p1a: Incineroar|[spread] p1a,p1b\n|-resisted|p1a: Incineroar|1\n|-damage|p1a: Incineroar|29/100\n|-damage|p1b: Manectric|13/100\n|-enditem|p1a: Incineroar|Sitrus Berry|[eat]\n|-heal|p1a: Incineroar|54/100|[from] item: Sitrus Berry\n|\n|-weather|SunnyDay|[upkeep]\n|upkeep\n|turn|6\n|\n|t:|1775985497\n|move|p2a: Sneasler|Protect|p2a: Sneasler\n|-singleturn|p2a: Sneasler|Protect\n|move|p2b: Charizard|Protect|p2b: Charizard\n|-singleturn|p2b: Charizard|Protect\n|move|p1b: Manectric|Thunderbolt|p2b: Charizard\n|-activate|p2b: Charizard|move: Protect\n|move|p1a: Incineroar|Flare Blitz|p2a: Sneasler\n|-activate|p2a: Sneasler|move: Protect\n|\n|-weather|SunnyDay|[upkeep]\n|-sideend|p1: Braute|move: Tailwind\n|upkeep\n|turn|7\n|\n|t:|1775985512\n|move|p2a: Sneasler|Dire Claw|p1b: Manectric\n|-damage|p1b: Manectric|0 fnt\n|faint|p1b: Manectric\n|move|p2b: Charizard|Weather Ball|p1a: Incineroar\n|-resisted|p1a: Incineroar|1\n|-damage|p1a: Incineroar|16/100\n|move|p1a: Incineroar|Flare Blitz|p2a: Sneasler\n|-damage|p2a: Sneasler|0 fnt\n|faint|p2a: Sneasler\n|-damage|p1a: Incineroar|0 fnt|[from] Recoil\n|faint|p1a: Incineroar\n|\n|-weather|SunnyDay|[upkeep]\n|upkeep\n|\n|t:|1775985525\n|switch|p1b: Talonflame|Talonflame, L50, M|100/100\n|switch|p2a: Incineroar|Incineroar, L50, F|63/100\n|switch|p1a: Sylveon|Sylveon, L50, F, shiny|100/100\n|-ability|p2a: Incineroar|Intimidate|boost\n|-unboost|p1a: Sylveon|atk|1\n|-unboost|p1b: Talonflame|atk|1\n|turn|8\n|\n|t:|1775985539\n|move|p1b: Talonflame|Protect|p1b: Talonflame\n|-singleturn|p1b: Talonflame|Protect\n|move|p1a: Sylveon|Protect|p1a: Sylveon\n|-singleturn|p1a: Sylveon|Protect\n|move|p2b: Charizard|Heat Wave|p1a: Sylveon|[spread] \n|-activate|p1a: Sylveon|move: Protect\n|-activate|p1b: Talonflame|move: Protect\n|move|p2a: Incineroar|Flare Blitz|p1a: Sylveon\n|-activate|p1a: Sylveon|move: Protect\n|\n|-weather|none\n|upkeep\n|turn|9\n|\n|t:|1775985555\n|move|p1b: Talonflame|Tailwind|p1b: Talonflame\n|-sidestart|p1: Braute|move: Tailwind\n|move|p1a: Sylveon|Hyper Voice|p2b: Charizard|[spread] p2a,p2b\n|-resisted|p2b: Charizard|1\n|-damage|p2a: Incineroar|31/100\n|-damage|p2b: Charizard|79/100\n|-enditem|p2a: Incineroar|Sitrus Berry|[eat]\n|-heal|p2a: Incineroar|55/100|[from] item: Sitrus Berry\n|move|p2b: Charizard|Heat Wave|p1b: Talonflame|[spread] p1b\n|-miss|p2b: Charizard|p1a: Sylveon\n|-resisted|p1b: Talonflame|1\n|-damage|p1b: Talonflame|68/100\n|move|p2a: Incineroar|Flare Blitz|p1a: Sylveon\n|-damage|p1a: Sylveon|39/100\n|-damage|p2a: Incineroar|38/100|[from] Recoil\n|\n|-heal|p1a: Sylveon|45/100|[from] item: Leftovers\n|upkeep\n|turn|10\n|\n|t:|1775985574\n|move|p1b: Talonflame|Dual Wingbeat|p2a: Incineroar\n|-damage|p2a: Incineroar|28/100\n|-damage|p2a: Incineroar|16/100\n|-hitcount|p2a: Incineroar|2\n|move|p1a: Sylveon|Hyper Voice|p2b: Charizard|[spread] p2a,p2b\n|-resisted|p2b: Charizard|1\n|-damage|p2a: Incineroar|0 fnt\n|-damage|p2b: Charizard|57/100\n|faint|p2a: Incineroar\n|move|p2b: Charizard|Heat Wave|p1b: Talonflame|[spread] p1b\n|-miss|p2b: Charizard|p1a: Sylveon\n|-resisted|p1b: Talonflame|1\n|-damage|p1b: Talonflame|35/100\n|\n|-heal|p1a: Sylveon|50/100|[from] item: Leftovers\n|upkeep\n|turn|11\n|\n|t:|1775985590\n|move|p1b: Talonflame|Protect|p1b: Talonflame\n|-singleturn|p1b: Talonflame|Protect\n|move|p1a: Sylveon|Calm Mind|p1a: Sylveon\n|-boost|p1a: Sylveon|spa|1\n|-boost|p1a: Sylveon|spd|1\n|move|p2b: Charizard|Heat Wave|p1b: Talonflame|[spread] p1a\n|-activate|p1b: Talonflame|move: Protect\n|-damage|p1a: Sylveon|27/100\n|\n|-heal|p1a: Sylveon|33/100|[from] item: Leftovers\n|upkeep\n|turn|12\n|\n|t:|1775985605\n|move|p1b: Talonflame|Dual Wingbeat|p2b: Charizard\n|-damage|p2b: Charizard|40/100\n|-damage|p2b: Charizard|23/100\n|-hitcount|p2b: Charizard|2\n|move|p1a: Sylveon|Calm Mind|p1a: Sylveon\n|-boost|p1a: Sylveon|spa|1\n|-boost|p1a: Sylveon|spd|1\n|move|p2b: Charizard|Heat Wave|p1b: Talonflame|[spread] p1a,p1b\n|-crit|p1a: Sylveon\n|-resisted|p1b: Talonflame|1\n|-damage|p1a: Sylveon|0 fnt\n|-damage|p1b: Talonflame|0 fnt\n|faint|p1a: Sylveon\n|faint|p1b: Talonflame\n|\n|win|rokabibee\n|raw|Braute's rating: 1148 &rarr; <strong>1120</strong><br />(-28 for losing)\n|raw|rokabibee's rating: 1113 &rarr; <strong>1141</strong><br />(+28 for winning)\n",
  "uploadtime": 1775985605,
  "views": 18,
  "formatid": "gen9championsvgc2026regma",
  "rating": 1120,
  "private": 0,
  "password": null
}