{
  "id": "gen9championsvgc2026regma-2585068614",
  "format": "[Gen 9 Champions] VGC 2026 Reg M-A",
  "players": [
    "tacomnivore",
    "hemuu"
  ],
  "log": "|j|\u2606tacomnivore\n|j|\u203dhemuu\n|t:|1776308532\n|gametype|doubles\n|player|p1|tacomnivore|crasherwake|1103\n|player|p2|hemuu|102|1130\n|gen|9\n|tier|[Gen 9 Champions] VGC 2026 Reg M-A\n|rated|\n|rule|Species Clause: Limit one of each Pok\u00e9mon\n|rule|Item Clause: Limit 1 of each item\n|clearpoke\n|poke|p1|Aerodactyl, L50, M|\n|poke|p1|Sableye, L50, M|\n|poke|p1|Gardevoir, L50, M|\n|poke|p1|Kingambit, L50, M|\n|poke|p1|Drampa, L50, M|\n|poke|p1|Sinistcha-Masterpiece, L50|\n|poke|p2|Aerodactyl, L50, M|\n|poke|p2|Floette-Eternal, L50, F|\n|poke|p2|Garchomp, L50, M|\n|poke|p2|Sneasler, L50, F|\n|poke|p2|Kingambit, L50, M|\n|poke|p2|Basculegion-F, L50, F|\n|teampreview|4\n|inactive|Battle timer is ON: inactive players will automatically lose when time's up. (requested by tacomnivore)\ntacomnivore rejected open team sheets.\n|inactive|hemuu has 60 seconds left.\n|\n|t:|1776308584\n|teamsize|p1|4\n|teamsize|p2|4\n|start\n|switch|p1a: Sableye|Sableye, L50, M|100/100\n|switch|p1b: Gardevoir|Gardevoir, L50, M|100/100\n|switch|p2a: Kingambit|Kingambit, L50, M|100/100\n|switch|p2b: Floette|Floette-Eternal, L50, F|100/100\n|turn|1\n|inactive|tacomnivore has 30 seconds left.\n|inactive|hemuu has 30 seconds left.\n|\n|t:|1776308616\n|detailschange|p2b: Floette|Floette-Mega, L50, F\n|-mega|p2b: Floette|Floette|Floettite\n|-ability|p2b: Floette|Fairy Aura\n|detailschange|p1b: Gardevoir|Gardevoir-Mega, L50, M\n|-mega|p1b: Gardevoir|Gardevoir|Gardevoirite\n|move|p1a: Sableye|Fake Out|p2a: Kingambit\n|-resisted|p2a: Kingambit|1\n|-damage|p2a: Kingambit|98/100\n|move|p2b: Floette|Dazzling Gleam|p1a: Sableye|[spread] p1a,p1b\n|-supereffective|p1a: Sableye|1\n|-damage|p1a: Sableye|0 fnt\n|-damage|p1b: Gardevoir|58/100\n|faint|p1a: Sableye\n|move|p1b: Gardevoir|Hyper Voice|p2a: Kingambit|[spread] p2a,p2b\n|-damage|p2a: Kingambit|37/100\n|-damage|p2b: Floette|49/100\n|cant|p2a: Kingambit|flinch\n|\n|upkeep\n|\n|t:|1776308633\n|switch|p1a: Aerodactyl|Aerodactyl, L50, M|100/100\n|-ability|p1a: Aerodactyl|Unnerve\n|turn|2\n|\n|t:|1776308658\n|move|p2b: Floette|Protect|p2b: Floette\n|-singleturn|p2b: Floette|Protect\n|move|p1b: Gardevoir|Protect|p1b: Gardevoir\n|-singleturn|p1b: Gardevoir|Protect\n|move|p2a: Kingambit|Sucker Punch||[still]\n|-fail|p2a: Kingambit\n|move|p1a: Aerodactyl|Tailwind|p1a: Aerodactyl\n|-sidestart|p1: tacomnivore|move: Tailwind\n|\n|upkeep\n|turn|3\n|\n|t:|1776308682\n|switch|p1b: Kingambit|Kingambit, L50, M|100/100\n|move|p2a: Kingambit|Sucker Punch|p1a: Aerodactyl\n|-damage|p1a: Aerodactyl|44/100\n|move|p1a: Aerodactyl|Rock Slide|p2a: Kingambit|[spread] p2a,p2b\n|-resisted|p2a: Kingambit|1\n|-damage|p2a: Kingambit|28/100\n|-damage|p2b: Floette|23/100\n|cant|p2b: Floette|flinch\n|\n|upkeep\n|turn|4\n|inactive|tacomnivore has 30 seconds left.\n|inactive|tacomnivore has 20 seconds left.\n|inactive|tacomnivore has 15 seconds left.\n|\n|t:|1776308724\n|switch|p1a: Gardevoir|Gardevoir-Mega, L50, M|58/100\n|switch|p2b: Garchomp|Garchomp, L50, M|100/100\n|move|p1b: Kingambit|Iron Head|p2b: Garchomp\n|-damage|p2b: Garchomp|49/100\n|-damage|p1b: Kingambit|88/100|[from] ability: Rough Skin|[of] p2b: Garchomp\n|move|p2a: Kingambit|Iron Head|p1a: Gardevoir\n|-supereffective|p1a: Gardevoir|1\n|-damage|p1a: Gardevoir|0 fnt\n|faint|p1a: Gardevoir\n|\n|upkeep\n|c|\u2606tacomnivore|wp\n|\n|t:|1776308738\n|switch|p1a: Aerodactyl|Aerodactyl, L50, M|44/100\n|-ability|p1a: Aerodactyl|Unnerve\n|turn|5\n|\n|t:|1776308749\n|move|p2a: Kingambit|Protect|p2a: Kingambit\n|-singleturn|p2a: Kingambit|Protect\n|move|p1b: Kingambit|Sucker Punch||[still]\n|-fail|p1b: Kingambit\n|move|p1a: Aerodactyl|Rock Slide|p2b: Garchomp|[spread] p2b\n|-activate|p2a: Kingambit|move: Protect\n|-resisted|p2b: Garchomp|1\n|-damage|p2b: Garchomp|37/100\n|move|p2b: Garchomp|Earthquake|p1b: Kingambit|[spread] p1b\n|-activate|p2a: Kingambit|move: Protect\n|-immune|p1a: Aerodactyl\n|-supereffective|p1b: Kingambit|1\n|-damage|p1b: Kingambit|29/100\n|\n|-sideend|p1: tacomnivore|move: Tailwind\n|upkeep\n|turn|6\n|inactive|tacomnivore has 30 seconds left.\n|\n|t:|1776308776\n|move|p2a: Kingambit|Sucker Punch|p1a: Aerodactyl\n|-damage|p1a: Aerodactyl|0 fnt\n|faint|p1a: Aerodactyl\n|move|p1b: Kingambit|Sucker Punch|p2b: Garchomp\n|-damage|p2b: Garchomp|0 fnt\n|-damage|p1b: Kingambit|17/100|[from] ability: Rough Skin|[of] p2b: Garchomp\n|faint|p2b: Garchomp\n|\n|upkeep\n|\n|t:|1776308786\n|switch|p2b: Sneasler|Sneasler, L50, F|100/100\n|turn|7\n|\n|t:|1776308795\n|move|p1b: Kingambit|Protect|p1b: Kingambit\n|-singleturn|p1b: Kingambit|Protect\n|move|p2b: Sneasler|Fake Out|p1b: Kingambit\n|-activate|p1b: Kingambit|move: Protect\n|move|p2a: Kingambit|Kowtow Cleave|p1b: Kingambit\n|-activate|p1b: Kingambit|move: Protect\n|\n|upkeep\n|turn|8\n|\n|t:|1776308807\n|move|p1b: Kingambit|Sucker Punch|p2b: Sneasler\n|-resisted|p2b: Sneasler|1\n|-damage|p2b: Sneasler|67/100\n|move|p2b: Sneasler|Close Combat|p1b: Kingambit\n|-supereffective|p1b: Kingambit|2\n|-damage|p1b: Kingambit|0 fnt\n|-unboost|p2b: Sneasler|def|1\n|-unboost|p2b: Sneasler|spd|1\n|faint|p1b: Kingambit\n|\n|win|hemuu\n|raw|tacomnivore's rating: 1103 &rarr; <strong>1080</strong><br />(-23 for losing)\n|raw|hemuu's rating: 1130 &rarr; <strong>1153</strong><br />(+23 for winning)\n|c|\u2606tacomnivore|gg\n|l|\u203dhemuu\n|player|p2|\n",
  "uploadtime": 1776308820,
  "views": 29,
  "formatid": "gen9championsvgc2026regma",
  "rating": 1080,
  "private": 0,
  "password": null
}