{
  "id": "gen9championsvgc2026regma-2586688591",
  "format": "[Gen 9 Champions] VGC 2026 Reg M-A",
  "players": [
    "Sammias",
    "earl5000"
  ],
  "log": "|j|\u2606Sammias\n|j|\u2606earl5000\n|t:|1776452316\n|gametype|doubles\n|player|p1|Sammias|miku-ground|1210\n|player|p2|earl5000|palmer|1141\n|gen|9\n|tier|[Gen 9 Champions] VGC 2026 Reg M-A\n|rated|\n|rule|Species Clause: Limit one of each Pok\u00e9mon\n|rule|Item Clause: Limit 1 of each item\n|clearpoke\n|poke|p1|Typhlosion-Hisui, L50, M|\n|poke|p1|Whimsicott, L50, F|\n|poke|p1|Floette-Eternal, L50, F|\n|poke|p1|Sinistcha, L50|\n|poke|p1|Aerodactyl, L50, M|\n|poke|p1|Garchomp, L50, M|\n|poke|p2|Froslass, L50, F|\n|poke|p2|Garchomp, L50, F|\n|poke|p2|Talonflame, L50, M|\n|poke|p2|Sneasler, L50, F|\n|poke|p2|Kingambit, L50, M|\n|poke|p2|Sinistcha, L50|\n|teampreview|4\n|inactive|Battle timer is ON: inactive players will automatically lose when time's up. (requested by Sammias)\n|inactive|Sammias has 60 seconds left.\n|\n|t:|1776452355\n|teamsize|p1|4\n|teamsize|p2|4\n|start\n|switch|p1a: Aerodactyl|Aerodactyl, L50, M|100/100\n|switch|p1b: Floette|Floette-Eternal, L50, F|100/100\n|switch|p2a: Garchomp|Garchomp, L50, F|100/100\n|switch|p2b: Talonflame|Talonflame, L50, M|100/100\n|-ability|p1a: Aerodactyl|Unnerve\n|turn|1\n|\n|t:|1776452366\n|detailschange|p1b: Floette|Floette-Mega, L50, F\n|-mega|p1b: Floette|Floette|Floettite\n|-ability|p1b: Floette|Fairy Aura\n|move|p1b: Floette|Protect|p1b: Floette\n|-singleturn|p1b: Floette|Protect\n|move|p2b: Talonflame|Tailwind|p2b: Talonflame\n|-sidestart|p2: earl5000|move: Tailwind\n|move|p2a: Garchomp|Rock Slide|p1a: Aerodactyl|[spread] p1a\n|-activate|p1b: Floette|move: Protect\n|-supereffective|p1a: Aerodactyl|1\n|-damage|p1a: Aerodactyl|29/100\n|cant|p1a: Aerodactyl|flinch\n|\n|upkeep\n|turn|2\n|\n|t:|1776452384\n|move|p1a: Aerodactyl|Protect|p1a: Aerodactyl\n|-singleturn|p1a: Aerodactyl|Protect\n|move|p2b: Talonflame|Dual Wingbeat|p1b: Floette\n|-damage|p1b: Floette|80/100\n|-damage|p1b: Floette|59/100\n|-hitcount|p1b: Floette|2\n|move|p2a: Garchomp|Rock Slide|p1b: Floette|[spread] p1b\n|-activate|p1a: Aerodactyl|move: Protect\n|-damage|p1b: Floette|32/100\n|cant|p1b: Floette|flinch\n|\n|upkeep\n|turn|3\n|\n|t:|1776452399\n|switch|p1a: Whimsicott|Whimsicott, L50, F, shiny|100/100\n|move|p1b: Floette|Protect|p1b: Floette\n|-singleturn|p1b: Floette|Protect\n|move|p2b: Talonflame|Dual Wingbeat|p1b: Floette\n|-activate|p1b: Floette|move: Protect\n|move|p2a: Garchomp|Rock Slide|p1b: Floette|[spread] p1a\n|-activate|p1b: Floette|move: Protect\n|-damage|p1a: Whimsicott|74/100\n|\n|upkeep\n|turn|4\n|c|\u2606earl5000|Rip\n|inactive|Sammias has 30 seconds left.\n|\n|t:|1776452428\n|switch|p1b: Typhlosion|Typhlosion-Hisui, L50, M|100/100\n|move|p2b: Talonflame|Dual Wingbeat|p1b: Typhlosion\n|-damage|p1b: Typhlosion|80/100\n|-damage|p1b: Typhlosion|59/100\n|-hitcount|p1b: Typhlosion|2\n|move|p2a: Garchomp|Rock Slide|p1a: Whimsicott|[spread] p1a,p1b\n|-supereffective|p1b: Typhlosion|1\n|-damage|p1a: Whimsicott|45/100\n|-damage|p1b: Typhlosion|0 fnt\n|faint|p1b: Typhlosion\n|cant|p1a: Whimsicott|flinch\n|\n|-sideend|p2: earl5000|move: Tailwind\n|upkeep\n|\n|t:|1776452441\n|switch|p1b: Floette|Floette-Mega, L50, F|32/100\n|-ability|p1b: Floette|Fairy Aura\n|turn|5\n|c|\u2606earl5000|So brutal\n|c|\u2606Sammias|im getting trolled\n|\n|t:|1776452460\n|move|p1b: Floette|Protect|p1b: Floette\n|-singleturn|p1b: Floette|Protect\n|move|p1a: Whimsicott|Tailwind|p1a: Whimsicott\n|-sidestart|p1: Sammias|move: Tailwind\n|move|p2b: Talonflame|Dual Wingbeat|p1b: Floette\n|-activate|p1b: Floette|move: Protect\n|move|p2a: Garchomp|Rock Slide|p1a: Whimsicott|[spread] \n|-activate|p1b: Floette|move: Protect\n|-miss|p2a: Garchomp|p1a: Whimsicott\n|\n|upkeep\n|turn|6\n|\n|t:|1776452473\n|switch|p1b: Aerodactyl|Aerodactyl, L50, M|29/100\n|-ability|p1b: Aerodactyl|Unnerve\n|move|p2b: Talonflame|Dual Wingbeat|p1b: Aerodactyl\n|-resisted|p1b: Aerodactyl|1\n|-damage|p1b: Aerodactyl|18/100\n|-resisted|p1b: Aerodactyl|1\n|-damage|p1b: Aerodactyl|8/100\n|-hitcount|p1b: Aerodactyl|2\n|move|p1a: Whimsicott|Moonblast|p2b: Talonflame\n|-resisted|p2b: Talonflame|1\n|-damage|p2b: Talonflame|86/100\n|move|p2a: Garchomp|Rock Slide|p1b: Aerodactyl|[spread] p1a,p1b\n|-supereffective|p1b: Aerodactyl|1\n|-damage|p1a: Whimsicott|20/100\n|-damage|p1b: Aerodactyl|0 fnt\n|faint|p1b: Aerodactyl\n|\n|upkeep\n|\n|t:|1776452488\n|switch|p1b: Floette|Floette-Mega, L50, F|32/100\n|-ability|p1b: Floette|Fairy Aura\n|turn|7\n|\n|t:|1776452493\n|move|p2a: Garchomp|Protect|p2a: Garchomp\n|-singleturn|p2a: Garchomp|Protect\n|move|p1a: Whimsicott|Moonblast|p2b: Talonflame\n|-resisted|p2b: Talonflame|1\n|-damage|p2b: Talonflame|67/100\n|-unboost|p2b: Talonflame|spa|1\n|move|p1b: Floette|Dazzling Gleam|p2b: Talonflame|[spread] p2b\n|-activate|p2a: Garchomp|move: Protect\n|-resisted|p2b: Talonflame|1\n|-damage|p2b: Talonflame|39/100\n|move|p2b: Talonflame|Tailwind|p2b: Talonflame\n|-sidestart|p2: earl5000|move: Tailwind\n|\n|upkeep\n|turn|8\n|\n|t:|1776452508\n|move|p1a: Whimsicott|Encore|p2b: Talonflame\n|-start|p2b: Talonflame|Encore\n|move|p2b: Talonflame|Tailwind||[still]\n|-fail|p2b: Talonflame\n|move|p1b: Floette|Dazzling Gleam|p2b: Talonflame|[spread] p2a,p2b\n|-supereffective|p2a: Garchomp|1\n|-resisted|p2b: Talonflame|1\n|-damage|p2a: Garchomp|0 fnt\n|-damage|p2b: Talonflame|10/100\n|faint|p2a: Garchomp\n|\n|-sideend|p1: Sammias|move: Tailwind\n|upkeep\n|\n|t:|1776452517\n|switch|p2a: Froslass|Froslass, L50, F|100/100\n|turn|9\n|\n|t:|1776452526\n|switch|p2b: Sneasler|Sneasler, L50, F|100/100\n|detailschange|p2a: Froslass|Froslass-Mega, L50, F\n|-mega|p2a: Froslass|Froslass|Froslassite\n|-weather|Snowscape|[from] ability: Snow Warning|[of] p2a: Froslass\n|move|p1a: Whimsicott|Sunny Day|p1a: Whimsicott\n|-weather|SunnyDay\n|move|p2a: Froslass|Blizzard|p1a: Whimsicott|[spread] p1a,p1b\n|-supereffective|p1a: Whimsicott|1\n|-damage|p1a: Whimsicott|0 fnt\n|-damage|p1b: Floette|0 fnt\n|faint|p1a: Whimsicott\n|faint|p1b: Floette\n|\n|win|earl5000\n|raw|Sammias's rating: 1210 &rarr; <strong>1180</strong><br />(-30 for losing)\n|raw|earl5000's rating: 1141 &rarr; <strong>1171</strong><br />(+30 for winning)\n|l|\u2606earl5000\n|player|p2|\n|c|\u2606Sammias|gg\n",
  "uploadtime": 1776452544,
  "views": 29,
  "formatid": "gen9championsvgc2026regma",
  "rating": 1171,
  "private": 0,
  "password": null
}