{
  "id": "gen9championsvgc2026regma-2588831225",
  "format": "[Gen 9 Champions] VGC 2026 Reg M-A",
  "players": [
    "ShashKetchum",
    "Dr Gaster PHD"
  ],
  "log": "|j|\u2606ShashKetchum\n|j|\u2606Dr Gaster PHD\n|t:|1776676178\n|gametype|doubles\n|player|p1|ShashKetchum|rocketgrunt|1357\n|player|p2|Dr Gaster PHD|ghetsis|1427\n|gen|9\n|tier|[Gen 9 Champions] VGC 2026 Reg M-A\n|rated|\n|rule|Species Clause: Limit one of each Pok\u00e9mon\n|rule|Item Clause: Limit 1 of each item\n|clearpoke\n|poke|p1|Charizard, L50, M|\n|poke|p1|Aegislash, L50, M|\n|poke|p1|Sneasler, L50, F|\n|poke|p1|Milotic, L50, F|\n|poke|p1|Aerodactyl, L50, M|\n|poke|p1|Sylveon, L50, M|\n|poke|p2|Basculegion, L50, M, shiny|\n|poke|p2|Archaludon, L50, F, shiny|\n|poke|p2|Pelipper, L50, M|\n|poke|p2|Sneasler, L50, M|\n|poke|p2|Meganium, L50, M|\n|poke|p2|Dragonite, L50, M, shiny|\n|teampreview|4\n|\n|t:|1776676225\n|teamsize|p1|4\n|teamsize|p2|4\n|start\n|switch|p1a: Aerodactyl|Aerodactyl, L50, M|100/100\n|switch|p1b: Sneasler|Sneasler, L50, F|100/100\n|switch|p2a: Purple Rain|Basculegion, L50, M, shiny|100/100\n|switch|p2b: Bridgette|Archaludon, L50, F, shiny|100/100\n|-ability|p1a: Aerodactyl|Unnerve\n|turn|1\n|\n|t:|1776676262\n|move|p1a: Aerodactyl|Protect|p1a: Aerodactyl\n|-singleturn|p1a: Aerodactyl|Protect\n|move|p2a: Purple Rain|Flip Turn|p1b: Sneasler\n|-damage|p1b: Sneasler|41/100\n|inactive|Battle timer is ON: inactive players will automatically lose when time's up. (requested by Dr Gaster PHD)\n|\n|t:|1776676267\n|switch|p2a: Sky Toilet|Pelipper, L50, M|100/100|[from] Flip Turn\n|-weather|RainDance|[from] ability: Drizzle|[of] p2a: Sky Toilet\n|move|p1b: Sneasler|Close Combat|p2b: Bridgette\n|-supereffective|p2b: Bridgette|1\n|-damage|p2b: Bridgette|0 fnt\n|-unboost|p1b: Sneasler|def|1\n|-unboost|p1b: Sneasler|spd|1\n|faint|p2b: Bridgette\n|-enditem|p1b: Sneasler|White Herb\n|-clearnegativeboost|p1b: Sneasler|[silent]\n|\n|-weather|RainDance|[upkeep]\n|upkeep\n|\n|t:|1776676271\n|switch|p2b: Purple Rain|Basculegion, L50, M, shiny|100/100\n|turn|2\n|inactive|Dr Gaster PHD has 30 seconds left.\n|\n|t:|1776676299\n|move|p1b: Sneasler|Protect|p1b: Sneasler\n|-singleturn|p1b: Sneasler|Protect\n|move|p2b: Purple Rain|Wave Crash|p1a: Aerodactyl\n|-supereffective|p1a: Aerodactyl|1\n|-enditem|p1a: Aerodactyl|Focus Sash\n|-damage|p1a: Aerodactyl|1/100\n|-damage|p2b: Purple Rain|74/100|[from] Recoil\n|move|p1a: Aerodactyl|Tailwind|p1a: Aerodactyl\n|-sidestart|p1: ShashKetchum|move: Tailwind\n|move|p2a: Sky Toilet|Hurricane|p1b: Sneasler\n|-activate|p1b: Sneasler|move: Protect\n|\n|-weather|RainDance|[upkeep]\n|upkeep\n|turn|3\n|inactive|ShashKetchum has 30 seconds left.\n|inactive|ShashKetchum has 20 seconds left.\n|inactive|ShashKetchum has 15 seconds left.\n|\n|t:|1776676342\n|move|p1b: Sneasler|Dire Claw|p2b: Purple Rain\n|-resisted|p2b: Purple Rain|1\n|-damage|p2b: Purple Rain|45/100\n|move|p1a: Aerodactyl|Rock Slide|p2a: Sky Toilet|[spread] p2b\n|-miss|p1a: Aerodactyl|p2a: Sky Toilet\n|-damage|p2b: Purple Rain|13/100\n|move|p2b: Purple Rain|Wave Crash|p1b: Sneasler\n|-damage|p1b: Sneasler|0 fnt\n|faint|p1b: Sneasler\n|-damage|p2b: Purple Rain|3/100|[from] Recoil\n|move|p2a: Sky Toilet|Tailwind|p2a: Sky Toilet\n|-sidestart|p2: Dr Gaster PHD|move: Tailwind\n|\n|-weather|RainDance|[upkeep]\n|upkeep\n|\n|t:|1776676361\n|switch|p1b: Sylveon|Sylveon, L50, M|100/100\n|turn|4\n|\n|t:|1776676371\n|move|p2a: Sky Toilet|Wide Guard|p2a: Sky Toilet\n|-singleturn|p2a: Sky Toilet|Wide Guard\n|move|p1b: Sylveon|Quick Attack|p2b: Purple Rain\n|-damage|p2b: Purple Rain|0 fnt\n|faint|p2b: Purple Rain\n|move|p1a: Aerodactyl|Rock Slide|p2a: Sky Toilet\n|-activate|p2a: Sky Toilet|move: Wide Guard\n|\n|-weather|RainDance|[upkeep]\n|upkeep\n|\n|t:|1776676379\n|switch|p2b: Meteor Shower|Dragonite, L50, M, shiny|100/100\n|turn|5\n|inactive|ShashKetchum has 30 seconds left.\n|\n|t:|1776676410\n|detailschange|p2b: Meteor Shower|Dragonite-Mega, L50, M, shiny\n|-mega|p2b: Meteor Shower|Dragonite|Dragoninite\n|move|p1a: Aerodactyl|Protect|p1a: Aerodactyl\n|-singleturn|p1a: Aerodactyl|Protect\n|move|p2a: Sky Toilet|Wide Guard|p2a: Sky Toilet\n|-singleturn|p2a: Sky Toilet|Wide Guard\n|move|p1b: Sylveon|Quick Attack|p2b: Meteor Shower\n|-supereffective|p2b: Meteor Shower|1\n|-damage|p2b: Meteor Shower|89/100\n|move|p2b: Meteor Shower|Hurricane|p1b: Sylveon\n|-damage|p1b: Sylveon|54/100\n|-start|p1b: Sylveon|confusion\n|\n|-weather|none\n|-sideend|p1: ShashKetchum|move: Tailwind\n|upkeep\n|turn|6\n|inactive|ShashKetchum has 30 seconds left.\n|\n|t:|1776676438\n|switch|p1a: Charizard|Charizard, L50, M|100/100\n|move|p2b: Meteor Shower|Dragon Pulse|p1a: Charizard\n|-damage|p1a: Charizard|45/100\n|move|p2a: Sky Toilet|Hurricane|p1b: Sylveon|[miss]\n|-miss|p2a: Sky Toilet|p1b: Sylveon\n|-activate|p1b: Sylveon|confusion\n|move|p1b: Sylveon|Hyper Beam|p2b: Meteor Shower\n|-supereffective|p2b: Meteor Shower|1\n|-damage|p2b: Meteor Shower|0 fnt\n|-mustrecharge|p1b: Sylveon\n|faint|p2b: Meteor Shower\n|\n|-sideend|p2: Dr Gaster PHD|move: Tailwind\n|upkeep\n|turn|7\n|\n|t:|1776676458\n|detailschange|p1a: Charizard|Charizard-Mega-X, L50, M\n|-mega|p1a: Charizard|Charizard|Charizardite X\n|move|p1a: Charizard|Dragon Claw|p2a: Sky Toilet\n|-damage|p2a: Sky Toilet|38/100\n|move|p2a: Sky Toilet|Tailwind|p2a: Sky Toilet\n|-sidestart|p2: Dr Gaster PHD|move: Tailwind\n|cant|p1b: Sylveon|recharge\n|\n|upkeep\n|turn|8\n|\n|t:|1776676469\n|-end|p1b: Sylveon|confusion\n|move|p1b: Sylveon|Quick Attack|p2a: Sky Toilet\n|-damage|p2a: Sky Toilet|22/100\n|move|p2a: Sky Toilet|Hurricane|p1a: Charizard\n|-damage|p1a: Charizard|0 fnt\n|faint|p1a: Charizard\n|\n|upkeep\n|\n|t:|1776676477\n|switch|p1a: Aerodactyl|Aerodactyl, L50, M|1/100\n|-ability|p1a: Aerodactyl|Unnerve\n|turn|9\n|\n|t:|1776676499\n|move|p1a: Aerodactyl|Protect|p1a: Aerodactyl\n|-singleturn|p1a: Aerodactyl|Protect\n|move|p2a: Sky Toilet|Hurricane|p1b: Sylveon\n|-damage|p1b: Sylveon|23/100\n|-start|p1b: Sylveon|confusion\n|-activate|p1b: Sylveon|confusion\n|-damage|p1b: Sylveon|15/100|[from] confusion\n|\n|upkeep\n|turn|10\n|\n|t:|1776676523\n|-end|p1b: Sylveon|confusion\n|move|p1b: Sylveon|Quick Attack|p2a: Sky Toilet\n|-damage|p2a: Sky Toilet|6/100\n|move|p2a: Sky Toilet|Weather Ball|p1a: Aerodactyl\n|-resisted|p1a: Aerodactyl|1\n|-damage|p1a: Aerodactyl|0 fnt\n|faint|p1a: Aerodactyl\n|\n|-sideend|p2: Dr Gaster PHD|move: Tailwind\n|upkeep\n|turn|11\n|\n|t:|1776676535\n|move|p2a: Sky Toilet|Wide Guard|p2a: Sky Toilet\n|-singleturn|p2a: Sky Toilet|Wide Guard\n|move|p1b: Sylveon|Quick Attack|p2a: Sky Toilet\n|-damage|p2a: Sky Toilet|0 fnt\n|faint|p2a: Sky Toilet\n|\n|win|ShashKetchum\n|raw|ShashKetchum's rating: 1357 &rarr; <strong>1381</strong><br />(+24 for winning)\n|raw|Dr Gaster PHD's rating: 1427 &rarr; <strong>1403</strong><br />(-24 for losing)\n|l|\u2606ShashKetchum\n|player|p1|\n",
  "uploadtime": 1776676553,
  "views": 13,
  "formatid": "gen9championsvgc2026regma",
  "rating": 1381,
  "private": 0,
  "password": null
}