{
  "id": "gen9championsvgc2026regma-2580875385",
  "format": "[Gen 9 Champions] VGC 2026 Reg M-A",
  "players": [
    "eriylia",
    "basti__s3"
  ],
  "log": "|j|\u2606eriylia\n|j|\u2606basti__s3\n|t:|1775939665\n|gametype|doubles\n|player|p1|eriylia|whitney|1000\n|player|p2|basti__s3|170|1023\n|gen|9\n|tier|[Gen 9 Champions] VGC 2026 Reg M-A\n|rated|\n|rule|Species Clause: Limit one of each Pok\u00e9mon\n|rule|Item Clause: Limit 1 of each item\n|clearpoke\n|poke|p1|Basculegion, L50, M|\n|poke|p1|Pelipper, L50, F|\n|poke|p1|Sneasler, L50, M|\n|poke|p1|Sinistcha, L50|\n|poke|p1|Incineroar, L50, M|\n|poke|p1|Archaludon, L50, F|\n|poke|p2|Torkoal, L50, M|\n|poke|p2|Oranguru, L50, F|\n|poke|p2|Golurk, L50|\n|poke|p2|Incineroar, L50, F|\n|poke|p2|Sinistcha, L50|\n|poke|p2|Aerodactyl, L50, M|\n|teampreview|4\n|\n|t:|1775939736\n|teamsize|p1|4\n|teamsize|p2|4\n|start\n|switch|p1a: Blackjack|Sneasler, L50, M|100/100\n|switch|p1b: Wysteria|Basculegion, L50, M, shiny|100/100\n|switch|p2a: Aerodactyl|Aerodactyl, L50, M|100/100\n|switch|p2b: Incineroar|Incineroar, L50, F|100/100\n|-ability|p2b: Incineroar|Intimidate|boost\n|-unboost|p1a: Blackjack|atk|1\n|-unboost|p1b: Wysteria|atk|1\n|-enditem|p1a: Blackjack|White Herb\n|-clearnegativeboost|p1a: Blackjack|[silent]\n|turn|1\n|\n|t:|1775939763\n|detailschange|p2a: Aerodactyl|Aerodactyl-Mega, L50, M\n|-mega|p2a: Aerodactyl|Aerodactyl|Aerodactylite\n|move|p1a: Blackjack|Fake Out|p2a: Aerodactyl\n|-resisted|p2a: Aerodactyl|1\n|-damage|p2a: Aerodactyl|91/100\n|move|p2b: Incineroar|Fake Out|p1a: Blackjack\n|-damage|p1a: Blackjack|81/100\n|cant|p2a: Aerodactyl|flinch\n|move|p1b: Wysteria|Flip Turn|p2a: Aerodactyl\n|-supereffective|p2a: Aerodactyl|1\n|-damage|p2a: Aerodactyl|26/100\n|inactive|Battle timer is ON: inactive players will automatically lose when time's up. (requested by eriylia)\n|\n|t:|1775939780\n|switch|p1b: Incineroar|Incineroar, L50, M, shiny|100/100|[from] Flip Turn\n|-ability|p1b: Incineroar|Intimidate|boost\n|-unboost|p2a: Aerodactyl|atk|1\n|-unboost|p2b: Incineroar|atk|1\n|\n|upkeep\n|turn|2\n|\n|t:|1775939789\n|switch|p2a: Sinistcha|Sinistcha, L50|100/100\n|move|p1b: Incineroar|Fake Out|p2a: Sinistcha\n|-immune|p2a: Sinistcha\n|move|p1a: Blackjack|Close Combat|p2b: Incineroar\n|-supereffective|p2b: Incineroar|1\n|-damage|p2b: Incineroar|0 fnt\n|-unboost|p1a: Blackjack|def|1\n|-unboost|p1a: Blackjack|spd|1\n|faint|p2b: Incineroar\n|\n|upkeep\n|\n|t:|1775939802\n|switch|p2b: Golurk|Golurk, L50|100/100\n|turn|3\n|\n|t:|1775939812\n|move|p1a: Blackjack|Dire Claw|p2a: Sinistcha\n|-damage|p2a: Sinistcha|63/100\n|move|p1b: Incineroar|Flare Blitz|p2a: Sinistcha\n|-supereffective|p2a: Sinistcha|1\n|-damage|p2a: Sinistcha|0 fnt\n|faint|p2a: Sinistcha\n|-damage|p1b: Incineroar|82/100|[from] Recoil\n|move|p2b: Golurk|Headlong Rush|p1a: Blackjack\n|-supereffective|p1a: Blackjack|1\n|-damage|p1a: Blackjack|0 fnt\n|-unboost|p2b: Golurk|def|1\n|-unboost|p2b: Golurk|spd|1\n|faint|p1a: Blackjack\n|\n|upkeep\n|\n|t:|1775939825\n|switch|p1a: Wysteria|Basculegion, L50, M, shiny|100/100\n|switch|p2a: Aerodactyl|Aerodactyl-Mega, L50, M|26/100\n|turn|4\n|\n|t:|1775939845\n|switch|p1b: Pungus|Pelipper, L50, F, shiny|100/100\n|-weather|RainDance|[from] ability: Drizzle|[of] p1b: Pungus\n|move|p1a: Wysteria|Flip Turn|p2a: Aerodactyl\n|-supereffective|p2a: Aerodactyl|1\n|-damage|p2a: Aerodactyl|0 fnt\n|faint|p2a: Aerodactyl\n|\n|t:|1775939851\n|switch|p1a: Incineroar|Incineroar, L50, M, shiny|82/100|[from] Flip Turn\n|-ability|p1a: Incineroar|Intimidate|boost\n|-unboost|p2b: Golurk|atk|1\n|move|p2b: Golurk|Poltergeist|p1a: Incineroar\n|-activate|p1a: Incineroar|move: Poltergeist|Shuca Berry\n|-resisted|p1a: Incineroar|1\n|-damage|p1a: Incineroar|64/100\n|\n|-weather|RainDance|[upkeep]\n|upkeep\n|turn|5\n|-message|basti__s3 forfeited.\n|\n|win|eriylia\n|raw|eriylia's rating: 1000 &rarr; <strong>1043</strong><br />(+43 for winning)\n|raw|basti__s3's rating: 1023 &rarr; <strong>1009</strong><br />(-14 for losing)\n|l|\u2606basti__s3\n|player|p2|\n",
  "uploadtime": 1775939875,
  "views": 14,
  "formatid": "gen9championsvgc2026regma",
  "rating": 1009,
  "private": 0,
  "password": null
}