{
  "id": "gen9championsvgc2026regma-2585019001",
  "format": "[Gen 9 Champions] VGC 2026 Reg M-A",
  "players": [
    "Chang21",
    "Sethwell"
  ],
  "log": "|j|\u2606Chang21\n|j|\u2606Sethwell\n|t:|1776303867\n|gametype|doubles\n|player|p1|Chang21|169|1491\n|player|p2|Sethwell|blue|1597\n|gen|9\n|tier|[Gen 9 Champions] VGC 2026 Reg M-A\n|rated|\n|rule|Species Clause: Limit one of each Pok\u00e9mon\n|rule|Item Clause: Limit 1 of each item\n|clearpoke\n|poke|p1|Crabominable, L50, F|\n|poke|p1|Sinistcha, L50|\n|poke|p1|Kingambit, L50, F|\n|poke|p1|Incineroar, L50, M|\n|poke|p1|Primarina, L50, F|\n|poke|p1|Slowking-Galar, L50, M|\n|poke|p2|Blastoise, L50, F|\n|poke|p2|Whimsicott, L50, M|\n|poke|p2|Incineroar, L50, M|\n|poke|p2|Sneasler, L50, M|\n|poke|p2|Kingambit, L50, M|\n|poke|p2|Sinistcha, L50|\n|teampreview|4\n|inactive|Battle timer is ON: inactive players will automatically lose when time's up. (requested by Sethwell)\n|inactive|Chang21 also wants the timer to be on.\n|inactive|Chang21 has 60 seconds left.\n|\n|t:|1776303926\n|teamsize|p1|4\n|teamsize|p2|4\n|start\n|switch|p1a: Slowking|Slowking-Galar, L50, M|100/100\n|switch|p1b: Primarina|Primarina, L50, F|100/100\n|switch|p2a: Kingambit|Kingambit, L50, M|100/100\n|switch|p2b: Blastoise|Blastoise, L50, F|100/100\n|turn|1\n|\n|t:|1776303943\n|switch|p2b: Sinistcha|Sinistcha, L50|100/100\n|move|p1a: Slowking|Protect|p1a: Slowking\n|-singleturn|p1a: Slowking|Protect\n|move|p1b: Primarina|Calm Mind|p1b: Primarina\n|-boost|p1b: Primarina|spa|1\n|-boost|p1b: Primarina|spd|1\n|move|p2a: Kingambit|Kowtow Cleave|p1a: Slowking\n|-activate|p1a: Slowking|move: Protect\n|\n|upkeep\n|turn|2\n|j| jeskyv2\n|inactive|Chang21 has 30 seconds left.\n|\n|t:|1776303975\n|move|p2b: Sinistcha|Matcha Gotcha|p1b: Primarina|[spread] p1a,p1b\n|-resisted|p1a: Slowking|1\n|-supereffective|p1b: Primarina|1\n|-damage|p1a: Slowking|91/100\n|-damage|p1b: Primarina|64/100\n|move|p1b: Primarina|Moonblast|p2b: Sinistcha\n|-damage|p2b: Sinistcha|34/100\n|move|p2a: Kingambit|Swords Dance|p2a: Kingambit\n|-boost|p2a: Kingambit|atk|2\n|-prepare|p1a: Slowking|Chilly Reception|[premajor]\n|move|p1a: Slowking|Chilly Reception|p1a: Slowking\n|-weather|Snowscape\n|\n|t:|1776303987\n|switch|p1a: Crabominable|Crabominable, L50, F|100/100|[from] Chilly Reception\n|\n|-weather|Snowscape|[upkeep]\n|-heal|p1b: Primarina|70/100|[from] item: Leftovers\n|upkeep\n|turn|3\n|inactive|Chang21 has 30 seconds left.\n|inactive|Sethwell has 30 seconds left.\n|inactive|Chang21 has 20 seconds left.\n|inactive|Sethwell has 20 seconds left.\n|inactive|Sethwell has 15 seconds left.\n|\n|t:|1776304028\n|detailschange|p1a: Crabominable|Crabominable-Mega, L50, F\n|-mega|p1a: Crabominable|Crabominable|Crabominite\n|move|p2b: Sinistcha|Matcha Gotcha|p1b: Primarina|[spread] p1a,p1b\n|-supereffective|p1b: Primarina|1\n|-damage|p1a: Crabominable|79/100\n|-heal|p2b: Sinistcha|47/100|[from] drain|[of] p1a: Crabominable\n|-damage|p1b: Primarina|36/100\n|-heal|p2b: Sinistcha|64/100|[from] drain|[of] p1b: Primarina\n|move|p1b: Primarina|Moonblast|p2b: Sinistcha\n|-damage|p2b: Sinistcha|0 fnt\n|faint|p2b: Sinistcha\n|move|p2a: Kingambit|Kowtow Cleave|p1a: Crabominable\n|-resisted|p1a: Crabominable|1\n|-damage|p1a: Crabominable|54/100\n|move|p1a: Crabominable|Drain Punch|p2a: Kingambit\n|-supereffective|p2a: Kingambit|2\n|-damage|p2a: Kingambit|0 fnt\n|-heal|p1a: Crabominable|100/100|[from] drain|[of] p2a: Kingambit\n|faint|p2a: Kingambit\n|\n|-weather|Snowscape|[upkeep]\n|-heal|p1b: Primarina|42/100|[from] item: Leftovers\n|upkeep\n|\n|t:|1776304042\n|switch|p2b: Blastoise|Blastoise, L50, F|100/100\n|switch|p2a: Incineroar|Incineroar, L50, M|100/100\n|-ability|p2a: Incineroar|Intimidate|boost\n|-unboost|p1a: Crabominable|atk|1\n|-unboost|p1b: Primarina|atk|1\n|turn|4\n|\n|t:|1776304052\n|switch|p1a: Slowking|Slowking-Galar, L50, M|100/100\n|detailschange|p2b: Blastoise|Blastoise-Mega, L50, F\n|-mega|p2b: Blastoise|Blastoise|Blastoisinite\n|move|p1b: Primarina|Protect|p1b: Primarina\n|-singleturn|p1b: Primarina|Protect\n|move|p2a: Incineroar|Fake Out|p1b: Primarina\n|-activate|p1b: Primarina|move: Protect\n|move|p2b: Blastoise|Shell Smash|p2b: Blastoise\n|-unboost|p2b: Blastoise|def|1\n|-unboost|p2b: Blastoise|spd|1\n|-boost|p2b: Blastoise|atk|2\n|-boost|p2b: Blastoise|spa|2\n|-boost|p2b: Blastoise|spe|2\n|\n|-weather|Snowscape|[upkeep]\n|-heal|p1b: Primarina|48/100|[from] item: Leftovers\n|upkeep\n|turn|5\n|\n|t:|1776304073\n|move|p2b: Blastoise|Water Spout|p1b: Primarina|[spread] p1a,p1b\n|-resisted|p1b: Primarina|1\n|-damage|p1a: Slowking|14/100\n|-damage|p1b: Primarina|12/100\n|move|p1b: Primarina|Hyper Voice|p2b: Blastoise|[spread] p2a,p2b\n|-supereffective|p2a: Incineroar|1\n|-resisted|p2b: Blastoise|1\n|-damage|p2a: Incineroar|4/100\n|-damage|p2b: Blastoise|58/100\n|move|p2a: Incineroar|Flare Blitz|p1b: Primarina\n|-resisted|p1b: Primarina|1\n|-damage|p1b: Primarina|0 fnt\n|faint|p1b: Primarina\n|-damage|p2a: Incineroar|1/100|[from] Recoil\n|move|p1a: Slowking|Trick Room|p1a: Slowking\n|-fieldstart|move: Trick Room|[of] p1a: Slowking\n|\n|-weather|Snowscape|[upkeep]\n|upkeep\n|\n|t:|1776304091\n|switch|p1b: Kingambit|Kingambit, L50, F|100/100\n|turn|6\n|\n|t:|1776304110\n|move|p1a: Slowking|Psychic|p2b: Blastoise\n|-damage|p2b: Blastoise|6/100\n|-unboost|p2b: Blastoise|spd|1\n|move|p2a: Incineroar|Flare Blitz|p1b: Kingambit\n|-supereffective|p1b: Kingambit|1\n|-damage|p1b: Kingambit|4/100\n|-damage|p2a: Incineroar|0 fnt|[from] Recoil\n|faint|p2a: Incineroar\n|move|p1b: Kingambit|Low Kick|p2b: Blastoise\n|-damage|p2b: Blastoise|0 fnt\n|faint|p2b: Blastoise\n|\n|win|Chang21\n|raw|Chang21's rating: 1491 &rarr; <strong>1517</strong><br />(+26 for winning)\n|raw|Sethwell's rating: 1597 &rarr; <strong>1571</strong><br />(-26 for losing)\n|l|\u2606Sethwell\n|player|p2|\n|l|\u2606Chang21\n|player|p1|\n",
  "uploadtime": 1776304126,
  "views": 73,
  "formatid": "gen9championsvgc2026regma",
  "rating": 1517,
  "private": 0,
  "password": null
}