{
  "id": "gen9championsvgc2026regma-2583493233",
  "format": "[Gen 9 Champions] VGC 2026 Reg M-A",
  "players": [
    "W0kMeDed",
    "darksol1111"
  ],
  "log": "|j|\u2606W0kMeDed\n|j|\u2606darksol1111\n|t:|1776179151\n|gametype|doubles\n|player|p1|W0kMeDed|palmer|1150\n|player|p2|darksol1111|veteran|1130\n|gen|9\n|tier|[Gen 9 Champions] VGC 2026 Reg M-A\n|rated|\n|rule|Species Clause: Limit one of each Pok\u00e9mon\n|rule|Item Clause: Limit 1 of each item\n|clearpoke\n|poke|p1|Gengar, L50, M|\n|poke|p1|Kommo-o, L50, M|\n|poke|p1|Tyranitar, L50, F|\n|poke|p1|Kingambit, L50, M|\n|poke|p1|Incineroar, L50, M|\n|poke|p1|Sinistcha, L50|\n|poke|p2|Floette-Eternal, L50, F|\n|poke|p2|Garchomp, L50, M|\n|poke|p2|Incineroar, L50, M|\n|poke|p2|Sneasler, L50, F|\n|poke|p2|Basculegion, L50, M|\n|poke|p2|Aerodactyl, L50, F|\n|teampreview|4\n|\n|t:|1776179177\n|teamsize|p1|4\n|teamsize|p2|4\n|start\n|switch|p1a: Gengar|Gengar, L50, M|100/100\n|switch|p1b: Kommo-o|Kommo-o, L50, M|100/100\n|switch|p2a: C\u00c1 M\u1eacP C\u1ea0N|Garchomp, L50, M|100/100\n|switch|p2b: S\u00daC Z\u1eacT|Sneasler, L50, F|100/100\n|turn|1\n|\n|t:|1776179198\n|detailschange|p1a: Gengar|Gengar-Mega, L50, M\n|-mega|p1a: Gengar|Gengar|Gengarite\n|move|p1a: Gengar|Protect|p1a: Gengar\n|-singleturn|p1a: Gengar|Protect\n|move|p2b: S\u00daC Z\u1eacT|Protect|p2b: S\u00daC Z\u1eacT\n|-singleturn|p2b: S\u00daC Z\u1eacT|Protect\n|move|p1b: Kommo-o|Protect|p1b: Kommo-o\n|-singleturn|p1b: Kommo-o|Protect\n|move|p2a: C\u00c1 M\u1eacP C\u1ea0N|Earthquake|p1a: Gengar|[spread] \n|-activate|p2b: S\u00daC Z\u1eacT|move: Protect\n|-activate|p1a: Gengar|move: Protect\n|-activate|p1b: Kommo-o|move: Protect\n|\n|upkeep\n|turn|2\n|\n|t:|1776179218\n|switch|p1a: Incineroar|Incineroar, L50, M|100/100\n|-ability|p1a: Incineroar|Intimidate|boost\n|-unboost|p2a: C\u00c1 M\u1eacP C\u1ea0N|atk|1\n|-unboost|p2b: S\u00daC Z\u1eacT|atk|1\n|-enditem|p2b: S\u00daC Z\u1eacT|White Herb\n|-clearnegativeboost|p2b: S\u00daC Z\u1eacT|[silent]\n|move|p2b: S\u00daC Z\u1eacT|Close Combat|p1b: Kommo-o\n|-damage|p1b: Kommo-o|55/100\n|-unboost|p2b: S\u00daC Z\u1eacT|def|1\n|-unboost|p2b: S\u00daC Z\u1eacT|spd|1\n|move|p2a: C\u00c1 M\u1eacP C\u1ea0N|Stomping Tantrum|p1a: Incineroar\n|-supereffective|p1a: Incineroar|1\n|-enditem|p1a: Incineroar|Shuca Berry|[eat]\n|-enditem|p1a: Incineroar|Shuca Berry|[weaken]\n|-damage|p1a: Incineroar|72/100\n|move|p1b: Kommo-o|Draco Meteor|p2a: C\u00c1 M\u1eacP C\u1ea0N\n|-supereffective|p2a: C\u00c1 M\u1eacP C\u1ea0N|1\n|-damage|p2a: C\u00c1 M\u1eacP C\u1ea0N|0 fnt\n|-unboost|p1b: Kommo-o|spa|2\n|faint|p2a: C\u00c1 M\u1eacP C\u1ea0N\n|\n|-heal|p1b: Kommo-o|61/100|[from] item: Leftovers\n|upkeep\n|\n|t:|1776179238\n|switch|p2a: K\u00ccNH NG\u01af KAMIKAZE|Basculegion, L50, M|100/100\n|turn|3\n|\n|t:|1776179250\n|move|p2b: S\u00daC Z\u1eacT|Protect|p2b: S\u00daC Z\u1eacT\n|-singleturn|p2b: S\u00daC Z\u1eacT|Protect\n|move|p1a: Incineroar|Fake Out|p2b: S\u00daC Z\u1eacT\n|-activate|p2b: S\u00daC Z\u1eacT|move: Protect\n|move|p2a: K\u00ccNH NG\u01af KAMIKAZE|Flip Turn|p1a: Incineroar\n|-supereffective|p1a: Incineroar|1\n|-damage|p1a: Incineroar|2/100\n|\n|t:|1776179257\n|switch|p2a: xerneas MINI|Floette-Eternal, L50, F|100/100|[from] Flip Turn\n|move|p1b: Kommo-o|Iron Defense|p1b: Kommo-o\n|-boost|p1b: Kommo-o|def|2\n|\n|-heal|p1b: Kommo-o|67/100|[from] item: Leftovers\n|upkeep\n|turn|4\n|\n|t:|1776179271\n|detailschange|p2a: xerneas MINI|Floette-Mega, L50, F\n|-mega|p2a: xerneas MINI|Floette|Floettite\n|-ability|p2a: xerneas MINI|Fairy Aura\n|move|p1b: Kommo-o|Protect|p1b: Kommo-o\n|-singleturn|p1b: Kommo-o|Protect\n|move|p2b: S\u00daC Z\u1eacT|Rock Tomb|p1b: Kommo-o\n|-activate|p1b: Kommo-o|move: Protect\n|move|p2a: xerneas MINI|Dazzling Gleam|p1b: Kommo-o|[spread] p1a\n|-activate|p1b: Kommo-o|move: Protect\n|-damage|p1a: Incineroar|0 fnt\n|faint|p1a: Incineroar\n|\n|-heal|p1b: Kommo-o|73/100|[from] item: Leftovers\n|upkeep\n|\n|t:|1776179286\n|switch|p1a: Gengar|Gengar-Mega, L50, M|100/100\n|turn|5\n|\n|t:|1776179295\n|move|p2b: S\u00daC Z\u1eacT|Rock Tomb|p1a: Gengar\n|-damage|p1a: Gengar|68/100\n|-unboost|p1a: Gengar|spe|1\n|move|p2a: xerneas MINI|Dazzling Gleam|p1b: Kommo-o|[spread] p1a,p1b\n|-resisted|p1a: Gengar|1\n|-supereffective|p1b: Kommo-o|2\n|-damage|p1a: Gengar|42/100\n|-damage|p1b: Kommo-o|0 fnt\n|faint|p1b: Kommo-o\n|move|p1a: Gengar|Substitute|p1a: Gengar\n|-start|p1a: Gengar|Substitute\n|-damage|p1a: Gengar|17/100\n|\n|upkeep\n|\n|t:|1776179301\n|switch|p1b: Kingambit|Kingambit, L50, M|100/100\n|turn|6\n|\n|t:|1776179314\n|move|p2b: S\u00daC Z\u1eacT|Protect|p2b: S\u00daC Z\u1eacT\n|-singleturn|p2b: S\u00daC Z\u1eacT|Protect\n|move|p1b: Kingambit|Protect|p1b: Kingambit\n|-singleturn|p1b: Kingambit|Protect\n|move|p2a: xerneas MINI|Light of Ruin|p1b: Kingambit\n|-activate|p1b: Kingambit|move: Protect\n|move|p1a: Gengar|Shadow Ball|p2b: S\u00daC Z\u1eacT\n|-activate|p2b: S\u00daC Z\u1eacT|move: Protect\n|\n|upkeep\n|turn|7\n|\n|t:|1776179327\n|move|p1b: Kingambit|Sucker Punch|p2b: S\u00daC Z\u1eacT\n|-resisted|p2b: S\u00daC Z\u1eacT|1\n|-damage|p2b: S\u00daC Z\u1eacT|52/100\n|move|p2b: S\u00daC Z\u1eacT|Close Combat|p1b: Kingambit\n|-supereffective|p1b: Kingambit|2\n|-enditem|p1b: Kingambit|Chople Berry|[eat]\n|-enditem|p1b: Kingambit|Chople Berry|[weaken]\n|-damage|p1b: Kingambit|8/100\n|-unboost|p2b: S\u00daC Z\u1eacT|def|1\n|-unboost|p2b: S\u00daC Z\u1eacT|spd|1\n|move|p2a: xerneas MINI|Light of Ruin|p1b: Kingambit\n|-damage|p1b: Kingambit|0 fnt\n|faint|p1b: Kingambit\n|-damage|p2a: xerneas MINI|95/100|[from] Recoil\n|move|p1a: Gengar|Shadow Ball|p2b: S\u00daC Z\u1eacT\n|-damage|p2b: S\u00daC Z\u1eacT|0 fnt\n|faint|p2b: S\u00daC Z\u1eacT\n|\n|upkeep\n|\n|t:|1776179343\n|switch|p2b: K\u00ccNH NG\u01af KAMIKAZE|Basculegion, L50, M|100/100\n|turn|8\n|\n|t:|1776179360\n|move|p2b: K\u00ccNH NG\u01af KAMIKAZE|Wave Crash|p1a: Gengar\n|-end|p1a: Gengar|Substitute\n|-damage|p2b: K\u00ccNH NG\u01af KAMIKAZE|93/100|[from] Recoil|[of] p1a: Gengar\n|move|p2a: xerneas MINI|Moonblast|p1a: Gengar\n|-resisted|p1a: Gengar|1\n|-damage|p1a: Gengar|0 fnt\n|faint|p1a: Gengar\n|\n|win|darksol1111\n|raw|W0kMeDed's rating: 1129 &rarr; <strong>1104</strong><br />(-25 for losing)\n|raw|darksol1111's rating: 1130 &rarr; <strong>1155</strong><br />(+25 for winning)\n|l|\u2606W0kMeDed\n|player|p1|\n|c|\u2606darksol1111|gg\n",
  "uploadtime": 1776179372,
  "views": 15,
  "formatid": "gen9championsvgc2026regma",
  "rating": 1104,
  "private": 0,
  "password": null
}