{
  "id": "gen9championsvgc2026regma-2580983435",
  "format": "[Gen 9 Champions] VGC 2026 Reg M-A",
  "players": [
    "nsbnsb",
    "bwahacough"
  ],
  "log": "|j|\u2606nsbnsb\n|j|\u2606bwahacough\n|t:|1775948944\n|gametype|doubles\n|player|p1|nsbnsb|ghetsis|1384\n|player|p2|bwahacough|102|1465\n|gen|9\n|tier|[Gen 9 Champions] VGC 2026 Reg M-A\n|rated|\n|rule|Species Clause: Limit one of each Pok\u00e9mon\n|rule|Item Clause: Limit 1 of each item\n|clearpoke\n|poke|p1|Crabominable, L50, M|\n|poke|p1|Farigiraf, L50, F|\n|poke|p1|Kingambit, L50, M|\n|poke|p1|Sinistcha, L50|\n|poke|p1|Camerupt, L50, F|\n|poke|p1|Incineroar, L50, F|\n|poke|p2|Lycanroc, L50, M|\n|poke|p2|Tyranitar, L50, F|\n|poke|p2|Farigiraf, L50, M|\n|poke|p2|Meganium, L50, F|\n|poke|p2|Garchomp, L50, F|\n|poke|p2|Milotic, L50, F|\n|teampreview|4\n|inactive|Battle timer is ON: inactive players will automatically lose when time's up. (requested by nsbnsb)\n|j| CaguamaHeineken\n|\n|t:|1775948962\n|teamsize|p1|4\n|teamsize|p2|4\n|start\n|switch|p1a: Farigiraf|Farigiraf, L50, F|100/100\n|switch|p1b: Kingambit|Kingambit, L50, M|100/100\n|switch|p2a: Farigiraf|Farigiraf, L50, M, shiny|100/100\n|switch|p2b: Meganium|Meganium, L50, F, shiny|100/100\n|turn|1\n|j| gE1xjZRtuhW2DdT0AK\n|inactive|bwahacough has 30 seconds left.\n|inactive|bwahacough has 20 seconds left.\n|\n|t:|1775948999\n|detailschange|p2b: Meganium|Meganium-Mega, L50, F, shiny\n|-mega|p2b: Meganium|Meganium|Meganiumite\n|move|p2b: Meganium|Dazzling Gleam|p1a: Farigiraf|[spread] p1a,p1b\n|-damage|p1a: Farigiraf|69/100\n|-damage|p1b: Kingambit|69/100\n|move|p2a: Farigiraf|Imprison|p2a: Farigiraf\n|-start|p2a: Farigiraf|move: Imprison\n|move|p1b: Kingambit|Kowtow Cleave|p2a: Farigiraf\n|-supereffective|p2a: Farigiraf|1\n|-damage|p2a: Farigiraf|3/100\n|-enditem|p2a: Farigiraf|Sitrus Berry|[eat]\n|-heal|p2a: Farigiraf|28/100|[from] item: Sitrus Berry\n|cant|p1a: Farigiraf|move: Imprison|Trick Room\n|\n|upkeep\n|turn|2\n|\n|t:|1775949018\n|switch|p1a: Sinistcha|Sinistcha, L50|100/100\n|-heal|p1b: Kingambit|93/100|[from] ability: Hospitality|[of] p1a: Sinistcha\n|move|p2a: Farigiraf|Protect|p2a: Farigiraf\n|-singleturn|p2a: Farigiraf|Protect\n|move|p2b: Meganium|Weather Ball|p1b: Kingambit\n|-supereffective|p1b: Kingambit|1\n|-damage|p1b: Kingambit|24/100\n|move|p1b: Kingambit|Kowtow Cleave|p2a: Farigiraf\n|-activate|p2a: Farigiraf|move: Protect\n|\n|upkeep\n|turn|3\n|\n|t:|1775949032\n|move|p2b: Meganium|Dazzling Gleam|p1a: Sinistcha|[spread] p1a,p1b\n|-crit|p1a: Sinistcha\n|-damage|p1a: Sinistcha|47/100\n|-damage|p1b: Kingambit|0 fnt\n|faint|p1b: Kingambit\n|move|p1a: Sinistcha|Matcha Gotcha|p2a: Farigiraf|[spread] p2a\n|-miss|p1a: Sinistcha|p2b: Meganium\n|-damage|p2a: Farigiraf|0 fnt\n|-heal|p1a: Sinistcha|63/100|[from] drain|[of] p2a: Farigiraf\n|faint|p2a: Farigiraf\n|\n|upkeep\n|\n|t:|1775949038\n|switch|p2a: Tyranitar|Tyranitar, L50, F|100/100\n|switch|p1b: Farigiraf|Farigiraf, L50, F|69/100\n|-weather|Sandstorm|[from] ability: Sand Stream|[of] p2a: Tyranitar\n|turn|4\n|\n|t:|1775949049\n|move|p2b: Meganium|Dazzling Gleam|p1b: Farigiraf|[spread] p1a,p1b\n|-damage|p1a: Sinistcha|26/100\n|-damage|p1b: Farigiraf|36/100\n|move|p2a: Tyranitar|Rock Slide|p1a: Sinistcha|[spread] p1a,p1b\n|-damage|p1a: Sinistcha|2/100\n|-damage|p1b: Farigiraf|9/100\n|move|p1a: Sinistcha|Matcha Gotcha|p2b: Meganium|[spread] p2a,p2b\n|-supereffective|p2a: Tyranitar|1\n|-resisted|p2b: Meganium|1\n|-damage|p2a: Tyranitar|66/100\n|-heal|p1a: Sinistcha|22/100|[from] drain|[of] p2a: Tyranitar\n|-damage|p2b: Meganium|90/100\n|-heal|p1a: Sinistcha|28/100|[from] drain|[of] p2b: Meganium\n|move|p1b: Farigiraf|Trick Room|p1b: Farigiraf\n|-fieldstart|move: Trick Room|[of] p1b: Farigiraf\n|\n|-weather|Sandstorm|[upkeep]\n|-damage|p1b: Farigiraf|3/100|[from] Sandstorm\n|-damage|p1a: Sinistcha|22/100|[from] Sandstorm\n|-damage|p2b: Meganium|84/100|[from] Sandstorm\n|upkeep\n|turn|5\n|\n|t:|1775949069\n|move|p1b: Farigiraf|Helping Hand|p1a: Sinistcha\n|-singleturn|p1a: Sinistcha|Helping Hand|[of] p1b: Farigiraf\n|move|p2a: Tyranitar|Protect|p2a: Tyranitar\n|-singleturn|p2a: Tyranitar|Protect\n|move|p1a: Sinistcha|Matcha Gotcha|p2b: Meganium|[spread] p2b\n|-activate|p2a: Tyranitar|move: Protect\n|-resisted|p2b: Meganium|1\n|-damage|p2b: Meganium|67/100\n|-heal|p1a: Sinistcha|31/100|[from] drain|[of] p2b: Meganium\n|-status|p2b: Meganium|brn\n|move|p2b: Meganium|Weather Ball|p1a: Sinistcha\n|-supereffective|p1a: Sinistcha|1\n|-damage|p1a: Sinistcha|0 fnt\n|faint|p1a: Sinistcha\n|\n|-weather|Sandstorm|[upkeep]\n|-damage|p1b: Farigiraf|0 fnt|[from] Sandstorm\n|-damage|p2b: Meganium|61/100 brn|[from] Sandstorm\n|faint|p1b: Farigiraf\n|-damage|p2b: Meganium|55/100 brn|[from] brn\n|upkeep\n|\n|t:|1775949074\n|switch|p1b: Crabominable|Crabominable, L50, M|100/100\n|turn|6\n|\n|t:|1775949080\n|detailschange|p1b: Crabominable|Crabominable-Mega, L50, M\n|-mega|p1b: Crabominable|Crabominable|Crabominite\n|move|p2b: Meganium|Protect|p2b: Meganium\n|-singleturn|p2b: Meganium|Protect\n|move|p1b: Crabominable|Ice Hammer|p2b: Meganium\n|-activate|p2b: Meganium|move: Protect\n|move|p2a: Tyranitar|Rock Slide|p1b: Crabominable\n|-damage|p1b: Crabominable|71/100\n|\n|-weather|Sandstorm|[upkeep]\n|-damage|p1b: Crabominable|65/100|[from] Sandstorm\n|-damage|p2b: Meganium|49/100 brn|[from] Sandstorm\n|-damage|p2b: Meganium|43/100 brn|[from] brn\n|upkeep\n|turn|7\n|\n|t:|1775949086\n|move|p1b: Crabominable|Ice Hammer|p2b: Meganium\n|-supereffective|p2b: Meganium|1\n|-damage|p2b: Meganium|0 fnt\n|-unboost|p1b: Crabominable|spe|1\n|faint|p2b: Meganium\n|move|p2a: Tyranitar|Rock Slide|p1b: Crabominable|[miss]\n|-miss|p2a: Tyranitar|p1b: Crabominable\n|\n|-weather|Sandstorm|[upkeep]\n|-damage|p1b: Crabominable|59/100|[from] Sandstorm\n|upkeep\n|\n|t:|1775949107\n|switch|p2b: Lycanroc|Lycanroc, L50, M|100/100\n|turn|8\n|\n|t:|1775949123\n|move|p2a: Tyranitar|Protect|p2a: Tyranitar\n|-singleturn|p2a: Tyranitar|Protect\n|move|p2b: Lycanroc|Protect|p2b: Lycanroc\n|-singleturn|p2b: Lycanroc|Protect\n|move|p1b: Crabominable|Drain Punch|p2b: Lycanroc\n|-activate|p2b: Lycanroc|move: Protect\n|\n|-weather|none\n|-fieldend|move: Trick Room\n|upkeep\n|turn|9\n|\n|t:|1775949128\n|move|p2b: Lycanroc|Close Combat|p1b: Crabominable\n|-supereffective|p1b: Crabominable|1\n|-damage|p1b: Crabominable|0 fnt\n|-unboost|p2b: Lycanroc|def|1\n|-unboost|p2b: Lycanroc|spd|1\n|faint|p1b: Crabominable\n|\n|win|bwahacough\n|raw|nsbnsb's rating: 1357 &rarr; <strong>1342</strong><br />(-15 for losing)\n|raw|bwahacough's rating: 1442 &rarr; <strong>1457</strong><br />(+15 for winning)\n|l|\u2606bwahacough\n|player|p2|\n|l|\u2606nsbnsb\n|player|p1|\n",
  "uploadtime": 1775949152,
  "views": 89,
  "formatid": "gen9championsvgc2026regma",
  "rating": 1342,
  "private": 0,
  "password": null
}