{
  "id": "gen9championsvgc2026regma-2583795451",
  "format": "[Gen 9 Champions] VGC 2026 Reg M-A",
  "players": [
    "Randomzonks",
    "toastertheking"
  ],
  "log": "|j|\u2606Randomzonks\n|j|\u2606toastertheking\n|t:|1776198265\n|gametype|doubles\n|player|p1|Randomzonks|102|1040\n|player|p2|toastertheking|266|1000\n|gen|9\n|tier|[Gen 9 Champions] VGC 2026 Reg M-A\n|rated|\n|rule|Species Clause: Limit one of each Pok\u00e9mon\n|rule|Item Clause: Limit 1 of each item\n|clearpoke\n|poke|p1|Primarina, L50, F|\n|poke|p1|Banette, L50, F|\n|poke|p1|Ditto, L50|\n|poke|p1|Kingambit, L50, F|\n|poke|p1|Sneasler, L50, F|\n|poke|p1|Whimsicott, L50, F|\n|poke|p2|Delphox, L50, F|\n|poke|p2|Alakazam, L50, M|\n|poke|p2|Sinistcha, L50|\n|poke|p2|Sneasler, L50, F|\n|poke|p2|Floette-Eternal, L50, F|\n|poke|p2|Rotom-Wash, L50|\n|teampreview|4\n|\n|t:|1776198282\n|teamsize|p1|4\n|teamsize|p2|4\n|start\n|switch|p1a: Whimsicott|Whimsicott, L50, F|100/100\n|switch|p1b: Sneasler|Sneasler, L50, F|100/100\n|switch|p2a: Sinistcha|Sinistcha, L50|100/100\n|switch|p2b: Alakazam|Alakazam, L50, M|100/100\n|-ability|p1b: Sneasler|Pressure\n|turn|1\n|inactive|Battle timer is ON: inactive players will automatically lose when time's up. (requested by Randomzonks)\n|\n|t:|1776198305\n|switch|p1b: Banette|Banette, L50, F|100/100\n|-item|p2a: Sinistcha|Sitrus Berry|[from] ability: Frisk|[of] p1b: Banette\n|-item|p2b: Alakazam|Focus Sash|[from] ability: Frisk|[of] p1b: Banette\n|move|p2a: Sinistcha|Protect|p2a: Sinistcha\n|-singleturn|p2a: Sinistcha|Protect\n|move|p2b: Alakazam|Psychic Terrain|p2b: Alakazam\n|-fieldstart|move: Psychic Terrain\n|move|p1a: Whimsicott|Moonblast|p2b: Alakazam\n|-damage|p2b: Alakazam|63/100\n|\n|upkeep\n|turn|2\n|inactive|Randomzonks has 30 seconds left.\n|\n|t:|1776198332\n|move|p1a: Whimsicott|Light Screen|p1a: Whimsicott\n|-sidestart|p1: Randomzonks|move: Light Screen\n|move|p2b: Alakazam|Expanding Force|p1b: Banette|[spread] p1a,p1b\n|-damage|p1a: Whimsicott|43/100\n|-damage|p1b: Banette|46/100\n|move|p1b: Banette|Poltergeist|p2a: Sinistcha\n|-activate|p2a: Sinistcha|move: Poltergeist|Sitrus Berry\n|-supereffective|p2a: Sinistcha|1\n|-damage|p2a: Sinistcha|6/100\n|-enditem|p2a: Sinistcha|Sitrus Berry|[eat]\n|-heal|p2a: Sinistcha|31/100|[from] item: Sitrus Berry\n|move|p2a: Sinistcha|Life Dew|p2a: Sinistcha|[spread] p2a,p2b\n|-heal|p2a: Sinistcha|56/100\n|-heal|p2b: Alakazam|89/100\n|\n|upkeep\n|turn|3\n|inactive|toastertheking has 30 seconds left.\n|\n|t:|1776198358\n|switch|p2a: Sneasler|Sneasler, L50, F|100/100\n|move|p1a: Whimsicott|Tailwind|p1a: Whimsicott\n|-sidestart|p1: Randomzonks|move: Tailwind\n|move|p1b: Banette|Poltergeist|p2b: Alakazam\n|-activate|p2b: Alakazam|move: Poltergeist|Focus Sash\n|-supereffective|p2b: Alakazam|1\n|-damage|p2b: Alakazam|0 fnt\n|faint|p2b: Alakazam\n|\n|upkeep\n|inactive|toastertheking has 30 seconds left.\n|inactive|toastertheking has 20 seconds left.\n|inactive|toastertheking has 15 seconds left.\n|inactive|toastertheking has 10 seconds left.\n|inactive|toastertheking has 5 seconds left.\n|\n|t:|1776198413\n|switch|p2b: Delphox|Delphox, L50, F|100/100\n|turn|4\n|inactive|Randomzonks has 30 seconds left.\n|inactive|toastertheking has 30 seconds left.\n|inactive|Randomzonks has 20 seconds left.\n|\n|t:|1776198448\n|detailschange|p1b: Banette|Banette-Mega, L50, F\n|-mega|p1b: Banette|Banette|Banettite\n|move|p2b: Delphox|Protect|p2b: Delphox\n|-singleturn|p2b: Delphox|Protect\n|move|p1b: Banette|Destiny Bond|p1b: Banette\n|-singlemove|p1b: Banette|Destiny Bond\n|move|p1a: Whimsicott|Moonblast|p2b: Delphox\n|-activate|p2b: Delphox|move: Protect\n|move|p2a: Sneasler|Dire Claw|p1a: Whimsicott\n|-supereffective|p1a: Whimsicott|2\n|-crit|p1a: Whimsicott\n|-damage|p1a: Whimsicott|0 fnt\n|faint|p1a: Whimsicott\n|\n|upkeep\n|\n|t:|1776198466\n|switch|p1a: Sneasler|Sneasler, L50, F|100/100\n|-ability|p1a: Sneasler|Pressure\n|turn|5\n|\n|t:|1776198480\n|move|p2a: Sneasler|Protect|p2a: Sneasler\n|-singleturn|p2a: Sneasler|Protect\n|move|p1a: Sneasler|Coaching|p1b: Banette\n|-boost|p1b: Banette|atk|1\n|-boost|p1b: Banette|def|1\n|move|p1b: Banette|Poltergeist|p2b: Delphox\n|-activate|p2b: Delphox|move: Poltergeist|Delphoxite\n|-supereffective|p2b: Delphox|1\n|-damage|p2b: Delphox|0 fnt\n|faint|p2b: Delphox\n|\n|-fieldend|move: Psychic Terrain\n|upkeep\n|\n|t:|1776198491\n|switch|p2b: Sinistcha|Sinistcha, L50|56/100\n|turn|6\n|\n|t:|1776198509\n|move|p1a: Sneasler|Dire Claw|p2b: Sinistcha\n|-damage|p2b: Sinistcha|18/100\n|move|p1b: Banette|Poltergeist|p2a: Sneasler\n|-activate|p2a: Sneasler|move: Poltergeist|White Herb\n|-damage|p2a: Sneasler|0 fnt\n|faint|p2a: Sneasler\n|move|p2b: Sinistcha|Life Dew|p2b: Sinistcha\n|-heal|p2b: Sinistcha|44/100\n|\n|-sideend|p1: Randomzonks|move: Light Screen\n|-sideend|p1: Randomzonks|move: Tailwind\n|upkeep\n|turn|7\n|-message|toastertheking forfeited.\n|\n|win|Randomzonks\n|raw|Randomzonks's rating: 1040 &rarr; <strong>1070</strong><br />(+30 for winning)\n|raw|toastertheking's rating: 1000 &rarr; <strong>1000</strong><br />(+0 for losing)\n|l|\u2606toastertheking\n|player|p2|\n",
  "uploadtime": 1776198527,
  "views": 31,
  "formatid": "gen9championsvgc2026regma",
  "rating": 1000,
  "private": 0,
  "password": null
}