{
  "id": "gen9championsvgc2026regma-2584619283",
  "format": "[Gen 9 Champions] VGC 2026 Reg M-A",
  "players": [
    "Murphy's kitchen",
    "islaire"
  ],
  "log": "|j|\u2606Murphy's kitchen\n|j|\u2606islaire\n|t:|1776272519\n|gametype|doubles\n|player|p1|Murphy's kitchen|102|1397\n|player|p2|islaire|pokemonbreederf-gen4|1372\n|gen|9\n|tier|[Gen 9 Champions] VGC 2026 Reg M-A\n|rated|\n|rule|Species Clause: Limit one of each Pok\u00e9mon\n|rule|Item Clause: Limit 1 of each item\n|clearpoke\n|poke|p1|Basculegion, L50, M|\n|poke|p1|Ninetales-Alola, L50, F|\n|poke|p1|Aerodactyl, L50, M|\n|poke|p1|Kommo-o, L50, M|\n|poke|p1|Scovillain, L50, F|\n|poke|p1|Scizor, L50, F|\n|poke|p2|Starmie, L50|\n|poke|p2|Pelipper, L50, M|\n|poke|p2|Sneasler, L50, M|\n|poke|p2|Aggron, L50, F|\n|poke|p2|Archaludon, L50, F|\n|poke|p2|Kingambit, L50, F|\n|teampreview|4\n|j| Kimoto Warfire\n|inactive|Battle timer is ON: inactive players will automatically lose when time's up. (requested by Murphy's kitchen)\n|inactive|islaire has 60 seconds left.\n|\n|t:|1776272595\n|teamsize|p1|4\n|teamsize|p2|4\n|start\n|switch|p1a: Kommo-o|Kommo-o, L50, M|100/100\n|switch|p1b: Scovillain|Scovillain, L50, F|100/100\n|switch|p2a: Sneasler|Sneasler, L50, M|100/100\n|switch|p2b: Pelipper|Pelipper, L50, M|100/100\n|-weather|RainDance|[from] ability: Drizzle|[of] p2b: Pelipper\n|turn|1\n|inactive|islaire has 30 seconds left.\n|\n|t:|1776272628\n|switch|p2b: Starmie|Starmie, L50|100/100\n|detailschange|p1b: Scovillain|Scovillain-Mega, L50, F\n|-mega|p1b: Scovillain|Scovillain|Scovillainite\n|move|p1b: Scovillain|Rage Powder|p1b: Scovillain\n|-singleturn|p1b: Scovillain|move: Rage Powder\n|move|p2a: Sneasler|Coaching|p2b: Starmie\n|-boost|p2b: Starmie|atk|1\n|-boost|p2b: Starmie|def|1\n|move|p1a: Kommo-o|Clangorous Soul|p1a: Kommo-o\n|-boost|p1a: Kommo-o|atk|1\n|-boost|p1a: Kommo-o|def|1\n|-boost|p1a: Kommo-o|spa|1\n|-boost|p1a: Kommo-o|spd|1\n|-boost|p1a: Kommo-o|spe|1\n|-damage|p1a: Kommo-o|68/100\n|\n|-weather|RainDance|[upkeep]\n|-heal|p1a: Kommo-o|74/100|[from] item: Leftovers\n|upkeep\n|turn|2\n|inactive|Murphy's kitchen has 30 seconds left.\n|\n|t:|1776272655\n|detailschange|p2b: Starmie|Starmie-Mega, L50\n|-mega|p2b: Starmie|Starmie|Starminite\n|move|p2b: Starmie|Protect|p2b: Starmie\n|-singleturn|p2b: Starmie|Protect\n|move|p1b: Scovillain|Rage Powder|p1b: Scovillain\n|-singleturn|p1b: Scovillain|move: Rage Powder\n|move|p1a: Kommo-o|Clanging Scales|p2b: Starmie|[spread] p2a\n|-activate|p2b: Starmie|move: Protect\n|-damage|p2a: Sneasler|33/100\n|-unboost|p1a: Kommo-o|def|1\n|move|p2a: Sneasler|Dire Claw|p1b: Scovillain\n|-supereffective|p1b: Scovillain|1\n|-damage|p1b: Scovillain|30/100\n|-status|p2a: Sneasler|brn|[from] ability: Spicy Spray|[of] p1b: Scovillain\n|\n|-weather|RainDance|[upkeep]\n|-heal|p1a: Kommo-o|79/100|[from] item: Leftovers\n|-damage|p2a: Sneasler|27/100 brn|[from] brn\n|upkeep\n|turn|3\n|\n|t:|1776272678\n|move|p1b: Scovillain|Rage Powder|p1b: Scovillain\n|-singleturn|p1b: Scovillain|move: Rage Powder\n|move|p1a: Kommo-o|Clanging Scales|p2b: Starmie|[spread] p2a,p2b\n|-damage|p2a: Sneasler|0 fnt\n|-damage|p2b: Starmie|33/100\n|faint|p2a: Sneasler\n|-unboost|p1a: Kommo-o|def|1\n|move|p2b: Starmie|Ice Spinner|p1b: Scovillain\n|-damage|p1b: Scovillain|0 fnt\n|-status|p2b: Starmie|brn|[from] ability: Spicy Spray|[of] p1b: Scovillain\n|faint|p1b: Scovillain\n|\n|-weather|RainDance|[upkeep]\n|-heal|p1a: Kommo-o|85/100|[from] item: Leftovers\n|-damage|p2b: Starmie|27/100 brn|[from] brn\n|upkeep\n|inactive|islaire has 30 seconds left.\n|\n|t:|1776272708\n|switch|p2a: Archaludon|Archaludon, L50, F|100/100\n|switch|p1b: Scizor|Scizor, L50, F|100/100\n|turn|4\n|\n|t:|1776272719\n|move|p1a: Kommo-o|Clanging Scales|p2b: Starmie|[spread] p2a,p2b\n|-damage|p2a: Archaludon|20/100\n|-damage|p2b: Starmie|0 fnt\n|faint|p2b: Starmie\n|-unboost|p1a: Kommo-o|def|1\n|move|p2a: Archaludon|Draco Meteor|p1a: Kommo-o\n|-supereffective|p1a: Kommo-o|1\n|-damage|p1a: Kommo-o|0 fnt\n|-unboost|p2a: Archaludon|spa|2\n|faint|p1a: Kommo-o\n|move|p1b: Scizor|Swords Dance|p1b: Scizor\n|-boost|p1b: Scizor|atk|2\n|\n|-weather|RainDance|[upkeep]\n|upkeep\n|\n|t:|1776272735\n|switch|p2b: Pelipper|Pelipper, L50, M|100/100\n|switch|p1a: Ninetales|Ninetales-Alola, L50, F|100/100\n|-weather|Snowscape|[from] ability: Snow Warning|[of] p1a: Ninetales\n|-weather|RainDance|[from] ability: Drizzle|[of] p2b: Pelipper\n|turn|5\n|\n|t:|1776272746\n|move|p2a: Archaludon|Protect|p2a: Archaludon\n|-singleturn|p2a: Archaludon|Protect\n|move|p1a: Ninetales|Freeze-Dry|p2a: Archaludon\n|-activate|p2a: Archaludon|move: Protect\n|move|p1b: Scizor|Bug Bite|p2b: Pelipper\n|-resisted|p2b: Pelipper|1\n|-damage|p2b: Pelipper|42/100\n|move|p2b: Pelipper|Tailwind|p2b: Pelipper\n|-sidestart|p2: islaire|move: Tailwind\n|\n|-weather|RainDance|[upkeep]\n|upkeep\n|turn|6\n|\n|t:|1776272764\n|move|p1b: Scizor|Bullet Punch|p2a: Archaludon\n|-resisted|p2a: Archaludon|1\n|-damage|p2a: Archaludon|0 fnt\n|faint|p2a: Archaludon\n|move|p1a: Ninetales|Freeze-Dry|p2b: Pelipper\n|-supereffective|p2b: Pelipper|2\n|-damage|p2b: Pelipper|0 fnt\n|faint|p2b: Pelipper\n|\n|win|Murphy's kitchen\n|raw|Murphy&apos;s kitchen's rating: 1397 &rarr; <strong>1416</strong><br />(+19 for winning)\n|raw|islaire's rating: 1372 &rarr; <strong>1353</strong><br />(-19 for losing)\n|l|\u2606islaire\n|player|p2|\n|l| Kimoto Warfire\n",
  "uploadtime": 1776272775,
  "views": 37,
  "formatid": "gen9championsvgc2026regma",
  "rating": 1353,
  "private": 0,
  "password": null
}