{
  "id": "gen9championsvgc2026regma-2586520787",
  "format": "[Gen 9 Champions] VGC 2026 Reg M-A",
  "players": [
    "play platinum",
    "MegaAuraMaxxing"
  ],
  "log": "|j|\u2606play platinum\n|j|\u2606MegaAuraMaxxing\n|t:|1776440316\n|gametype|doubles\n|player|p1|play platinum|101|1115\n|player|p2|MegaAuraMaxxing|red|1137\n|gen|9\n|tier|[Gen 9 Champions] VGC 2026 Reg M-A\n|rated|\n|rule|Species Clause: Limit one of each Pok\u00e9mon\n|rule|Item Clause: Limit 1 of each item\n|clearpoke\n|poke|p1|Volcarona, L50, M|\n|poke|p1|Basculegion, L50, M|\n|poke|p1|Glimmora, L50, M|\n|poke|p1|Dragapult, L50, M|\n|poke|p1|Kingambit, L50, F|\n|poke|p1|Whimsicott, L50, F|\n|poke|p2|Gengar, L50, F|\n|poke|p2|Lucario, L50, M|\n|poke|p2|Tyranitar, L50, F|\n|poke|p2|Rotom-Wash, L50|\n|poke|p2|Corviknight, L50, F|\n|poke|p2|Clefable, L50, F|\n|teampreview|4\n|\n|t:|1776440366\n|teamsize|p1|4\n|teamsize|p2|4\n|start\n|switch|p1a: Volcarona|Volcarona, L50, M|100/100\n|switch|p1b: Whimsicott|Whimsicott, L50, F|100/100\n|switch|p2a: Gengar|Gengar, L50, F|100/100\n|switch|p2b: Rotom|Rotom-Wash, L50|100/100\n|turn|1\n|\n|t:|1776440396\n|detailschange|p2a: Gengar|Gengar-Mega, L50, F\n|-mega|p2a: Gengar|Gengar|Gengarite\n|move|p1b: Whimsicott|Tailwind|p1b: Whimsicott\n|-sidestart|p1: play platinum|move: Tailwind\n|move|p1a: Volcarona|Heat Wave|p2b: Rotom|[spread] p2a\n|-miss|p1a: Volcarona|p2b: Rotom\n|-damage|p2a: Gengar|34/100\n|move|p2b: Rotom|Hydro Pump|p1a: Volcarona\n|-supereffective|p1a: Volcarona|1\n|-damage|p1a: Volcarona|0 fnt\n|faint|p1a: Volcarona\n|move|p2a: Gengar|Icy Wind|p1b: Whimsicott\n|-supereffective|p1b: Whimsicott|1\n|-damage|p1b: Whimsicott|39/100\n|-unboost|p1b: Whimsicott|spe|1\n|\n|upkeep\n|\n|t:|1776440415\n|switch|p1a: Dragapult|Dragapult, L50, M|100/100\n|turn|2\n|inactive|Battle timer is ON: inactive players will automatically lose when time's up. (requested by MegaAuraMaxxing)\n|\n|t:|1776440440\n|switch|p2b: Tyranitar|Tyranitar, L50, F|100/100\n|-weather|Sandstorm|[from] ability: Sand Stream|[of] p2b: Tyranitar\n|move|p2a: Gengar|Protect|p2a: Gengar\n|-singleturn|p2a: Gengar|Protect\n|move|p1a: Dragapult|Dragon Dance|p1a: Dragapult\n|-boost|p1a: Dragapult|atk|1\n|-boost|p1a: Dragapult|spe|1\n|move|p1b: Whimsicott|Moonblast|p2a: Gengar\n|-activate|p2a: Gengar|move: Protect\n|\n|-weather|Sandstorm|[upkeep]\n|-damage|p1a: Dragapult|94/100|[from] Sandstorm\n|-damage|p2a: Gengar|28/100|[from] Sandstorm\n|-damage|p1b: Whimsicott|33/100|[from] Sandstorm\n|upkeep\n|turn|3\n|inactive|play platinum has 30 seconds left.\n|\n|t:|1776440473\n|switch|p2a: Lucario|Lucario, L50, M|100/100\n|move|p1b: Whimsicott|Charm|p2b: Tyranitar\n|-hint|Since gen 7, Dark is immune to Prankster moves.\n|-immune|p2b: Tyranitar\n|move|p1a: Dragapult|Dragon Darts|p2b: Tyranitar\n|-damage|p2b: Tyranitar|63/100\n|-anim|p1a: Dragapult|Dragon Darts|p2a: Lucario\n|-resisted|p2a: Lucario|1\n|-damage|p2a: Lucario|60/100\n|move|p2b: Tyranitar|Crunch|p1a: Dragapult\n|-supereffective|p1a: Dragapult|1\n|-damage|p1a: Dragapult|0 fnt\n|faint|p1a: Dragapult\n|\n|-weather|Sandstorm|[upkeep]\n|-damage|p1b: Whimsicott|27/100|[from] Sandstorm\n|upkeep\n|\n|t:|1776440487\n|switch|p1a: Glimmora|Glimmora, L50, M|100/100\n|turn|4\n|\n|t:|1776440502\n|detailschange|p1a: Glimmora|Glimmora-Mega, L50, M\n|-mega|p1a: Glimmora|Glimmora|Glimmoranite\n|move|p2a: Lucario|Bullet Punch|p1b: Whimsicott\n|-supereffective|p1b: Whimsicott|1\n|-damage|p1b: Whimsicott|0 fnt\n|faint|p1b: Whimsicott\n|move|p1a: Glimmora|Power Gem|p2b: Tyranitar\n|-damage|p2b: Tyranitar|22/100\n|move|p2b: Tyranitar|Ice Punch|p1a: Glimmora\n|-damage|p1a: Glimmora|67/100\n|\n|-weather|Sandstorm|[upkeep]\n|-sideend|p1: play platinum|move: Tailwind\n|upkeep\n|turn|5\n|-message|play platinum forfeited.\n|\n|win|MegaAuraMaxxing\n|raw|play platinum's rating: 1115 &rarr; <strong>1092</strong><br />(-23 for losing)\n|raw|MegaAuraMaxxing's rating: 1137 &rarr; <strong>1160</strong><br />(+23 for winning)\n|l|\u2606play platinum\n|player|p1|\n",
  "uploadtime": 1776440514,
  "views": 17,
  "formatid": "gen9championsvgc2026regma",
  "rating": 1092,
  "private": 0,
  "password": null
}