{
  "id": "gen9championsvgc2026regma-2583468501",
  "format": "[Gen 9 Champions] VGC 2026 Reg M-A",
  "players": [
    "Laxlanders",
    "Nwm3459"
  ],
  "log": "|j|\u2606Laxlanders\n|j|\u2606Nwm3459\n|t:|1776177598\n|gametype|doubles\n|player|p1|Laxlanders|169|1028\n|player|p2|Nwm3459|cynthia-gen4|1000\n|gen|9\n|tier|[Gen 9 Champions] VGC 2026 Reg M-A\n|rated|\n|rule|Species Clause: Limit one of each Pok\u00e9mon\n|rule|Item Clause: Limit 1 of each item\n|clearpoke\n|poke|p1|Delphox, L50, F|\n|poke|p1|Basculegion, L50, M|\n|poke|p1|Clefable, L50, M|\n|poke|p1|Kingambit, L50, F|\n|poke|p1|Dragonite, L50, M|\n|poke|p1|Sneasler, L50, M|\n|poke|p2|Aggron, L50, M|\n|poke|p2|Garchomp, L50, F|\n|poke|p2|Talonflame, L50, F|\n|poke|p2|Heliolisk, L50, M|\n|poke|p2|Sinistcha, L50|\n|poke|p2|Incineroar, L50, M|\n|teampreview|4\nNwm3459 rejected open team sheets.\n|\n|t:|1776177647\n|teamsize|p1|4\n|teamsize|p2|4\n|start\n|switch|p1a: Delphox|Delphox, L50, F, shiny|100/100\n|switch|p1b: Basculegion|Basculegion, L50, M, shiny|100/100\n|switch|p2a: Garchomp|Garchomp, L50, F|100/100\n|switch|p2b: Heliolisk|Heliolisk, L50, M|100/100\n|turn|1\n|\n|t:|1776177686\n|move|p2a: Garchomp|Protect|p2a: Garchomp\n|-singleturn|p2a: Garchomp|Protect\n|move|p1b: Basculegion|Flip Turn|p2a: Garchomp\n|-activate|p2a: Garchomp|move: Protect\n|move|p1a: Delphox|Heat Wave|p2a: Garchomp|[spread] p2b\n|-activate|p2a: Garchomp|move: Protect\n|-damage|p2b: Heliolisk|41/100\n|move|p2b: Heliolisk|Volt Switch|p1b: Basculegion\n|-supereffective|p1b: Basculegion|1\n|-damage|p1b: Basculegion|2/100\n|\n|t:|1776177698\n|switch|p2b: Sinistcha|Sinistcha, L50|100/100|[from] Volt Switch\n|\n|upkeep\n|turn|2\n|\n|t:|1776177713\n|move|p1b: Basculegion|Flip Turn|p2a: Garchomp\n|-damage|p2a: Garchomp|59/100\n|-damage|p1b: Basculegion|0 fnt|[from] ability: Rough Skin|[of] p2a: Garchomp\n|faint|p1b: Basculegion\n|move|p1a: Delphox|Heat Wave|p2b: Sinistcha|[spread] p2a,p2b\n|-resisted|p2a: Garchomp|1\n|-supereffective|p2b: Sinistcha|1\n|-damage|p2a: Garchomp|42/100\n|-damage|p2b: Sinistcha|5/100\n|move|p2a: Garchomp|Earthquake|p1a: Delphox|[spread] p2b,p1a\n|-resisted|p2b: Sinistcha|1\n|-supereffective|p1a: Delphox|1\n|-damage|p2b: Sinistcha|0 fnt\n|-damage|p1a: Delphox|0 fnt\n|faint|p2b: Sinistcha\n|faint|p1a: Delphox\n|\n|upkeep\n|\n|t:|1776177729\n|switch|p1a: Clefable|Clefable, L50, M, shiny|100/100\n|switch|p1b: Sneasler|Sneasler, L50, M, shiny|100/100\n|switch|p2b: Aggron|Aggron, L50, M|100/100\n|turn|3\n|\n|t:|1776177745\n|detailschange|p2b: Aggron|Aggron-Mega, L50, M\n|-mega|p2b: Aggron|Aggron|Aggronite\n|move|p2a: Garchomp|Protect|p2a: Garchomp\n|-singleturn|p2a: Garchomp|Protect\n|move|p1b: Sneasler|Fake Out|p2b: Aggron\n|-resisted|p2b: Aggron|1\n|-damage|p2b: Aggron|97/100\n|move|p1a: Clefable|Moonblast|p2a: Garchomp\n|-activate|p2a: Garchomp|move: Protect\n|cant|p2b: Aggron|flinch\n|\n|upkeep\n|turn|4\n|\n|t:|1776177760\n|move|p1b: Sneasler|Close Combat|p2b: Aggron\n|-supereffective|p2b: Aggron|1\n|-damage|p2b: Aggron|51/100\n|-unboost|p1b: Sneasler|def|1\n|-unboost|p1b: Sneasler|spd|1\n|move|p2a: Garchomp|Dragon Claw|p1b: Sneasler\n|-enditem|p1b: Sneasler|Focus Sash\n|-damage|p1b: Sneasler|1/100\n|move|p1a: Clefable|Moonblast|p2a: Garchomp\n|-supereffective|p2a: Garchomp|1\n|-damage|p2a: Garchomp|0 fnt\n|faint|p2a: Garchomp\n|move|p2b: Aggron|Heavy Slam|p1a: Clefable\n|-supereffective|p1a: Clefable|1\n|-damage|p1a: Clefable|0 fnt\n|faint|p1a: Clefable\n|\n|upkeep\n|\n|t:|1776177772\n|switch|p2a: Heliolisk|Heliolisk, L50, M|41/100\n|turn|5\n|-message|Laxlanders forfeited.\n|\n|win|Nwm3459\n|raw|Laxlanders's rating: 1028 &rarr; <strong>1013</strong><br />(-15 for losing)\n|raw|Nwm3459's rating: 1000 &rarr; <strong>1043</strong><br />(+43 for winning)\n|l|\u2606Laxlanders\n|player|p1|\n",
  "uploadtime": 1776177795,
  "views": 25,
  "formatid": "gen9championsvgc2026regma",
  "rating": 1013,
  "private": 0,
  "password": null
}