{
  "id": "gen9championsvgc2026regma-2584132646",
  "format": "[Gen 9 Champions] VGC 2026 Reg M-A",
  "players": [
    "Prohxy",
    "Azndriver"
  ],
  "log": "|j|\u2606Prohxy\n|j|\u2606Azndriver\n|t:|1776228796\n|gametype|doubles\n|player|p1|Prohxy|lorelei-lgpe|1040\n|player|p2|Azndriver|cynthia|1026\n|gen|9\n|tier|[Gen 9 Champions] VGC 2026 Reg M-A\n|rated|\n|rule|Species Clause: Limit one of each Pok\u00e9mon\n|rule|Item Clause: Limit 1 of each item\n|clearpoke\n|poke|p1|Manectric, L50, F|\n|poke|p1|Tauros-Paldea-Blaze, L50, M|\n|poke|p1|Politoed, L50, M|\n|poke|p1|Altaria, L50, M|\n|poke|p1|Basculegion, L50, M|\n|poke|p1|Tsareena, L50, F|\n|poke|p2|Garchomp, L50, F|\n|poke|p2|Incineroar, L50, M|\n|poke|p2|Rotom-Wash, L50|\n|poke|p2|Scizor, L50, F|\n|poke|p2|Aerodactyl, L50, F|\n|poke|p2|Sinistcha, L50|\n|teampreview|4\n|inactive|Battle timer is ON: inactive players will automatically lose when time's up. (requested by Prohxy)\n|inactive|Prohxy has 60 seconds left.\n|\n|t:|1776228834\n|teamsize|p1|4\n|teamsize|p2|4\n|start\n|switch|p1a: Altaria|Altaria, L50, M, shiny|100/100\n|switch|p1b: Tsareena|Tsareena, L50, F, shiny|100/100\n|switch|p2a: Garchomp|Garchomp, L50, F|100/100\n|switch|p2b: Incineroar|Incineroar, L50, M|100/100\n|-ability|p1a: Altaria|Cloud Nine\n|-ability|p2b: Incineroar|Intimidate|boost\n|-unboost|p1a: Altaria|atk|1\n|-unboost|p1b: Tsareena|atk|1\n|turn|1\n|inactive|Azndriver has 30 seconds left.\n|inactive|Azndriver has 20 seconds left.\n|\n|t:|1776228872\n|detailschange|p2a: Garchomp|Garchomp-Mega, L50, F\n|-mega|p2a: Garchomp|Garchomp|Garchompite\n|detailschange|p1a: Altaria|Altaria-Mega, L50, M, shiny\n|-mega|p1a: Altaria|Altaria|Altarianite\n|move|p2b: Incineroar|Fake Out||[still]\n|cant|p1b: Tsareena|ability: Queenly Majesty|Fake Out|[of] p2b: Incineroar\n|move|p2a: Garchomp|Iron Head|p1a: Altaria\n|-supereffective|p1a: Altaria|1\n|-damage|p1a: Altaria|23/100\n|move|p1a: Altaria|Hyper Voice|p2b: Incineroar|[spread] p2a,p2b\n|-supereffective|p2a: Garchomp|1\n|-damage|p2a: Garchomp|17/100\n|-damage|p2b: Incineroar|66/100\n|move|p1b: Tsareena|Knock Off|p2a: Garchomp\n|-damage|p2a: Garchomp|3/100\n|\n|upkeep\n|turn|2\n|inactive|Prohxy has 30 seconds left.\n|inactive|Azndriver has 30 seconds left.\n|inactive|Prohxy has 20 seconds left.\n|\n|t:|1776228907\n|switch|p1a: Politoed|Politoed, L50, M, shiny|100/100\n|-weather|RainDance|[from] ability: Drizzle|[of] p1a: Politoed\n|move|p2a: Garchomp|Iron Head|p1a: Politoed\n|-resisted|p1a: Politoed|1\n|-damage|p1a: Politoed|85/100\n|move|p1b: Tsareena|Trop Kick|p2a: Garchomp\n|-damage|p2a: Garchomp|0 fnt\n|faint|p2a: Garchomp\n|move|p2b: Incineroar|Drain Punch|p1b: Tsareena\n|-damage|p1b: Tsareena|82/100\n|-heal|p2b: Incineroar|75/100|[from] drain|[of] p1b: Tsareena\n|\n|-weather|RainDance|[upkeep]\n|upkeep\n|\n|t:|1776228922\n|switch|p2a: Sinistcha|Sinistcha, L50|100/100\n|-heal|p2b: Incineroar|99/100|[from] ability: Hospitality|[of] p2a: Sinistcha\n|turn|3\n|\n|t:|1776228935\n|move|p1b: Tsareena|Knock Off|p2a: Sinistcha\n|-supereffective|p2a: Sinistcha|1\n|-damage|p2a: Sinistcha|67/100\n|-enditem|p2a: Sinistcha|Leftovers|[from] move: Knock Off|[of] p1b: Tsareena\n|move|p2a: Sinistcha|Matcha Gotcha|p1a: Politoed|[spread] p1a,p1b\n|-supereffective|p1a: Politoed|1\n|-resisted|p1b: Tsareena|1\n|-damage|p1a: Politoed|42/100\n|-heal|p2a: Sinistcha|91/100|[from] drain|[of] p1a: Politoed\n|-damage|p1b: Tsareena|68/100\n|-heal|p2a: Sinistcha|98/100|[from] drain|[of] p1b: Tsareena\n|move|p2b: Incineroar|Parting Shot|p1a: Politoed\n|-unboost|p1a: Politoed|atk|1\n|-unboost|p1a: Politoed|spa|1\n|\n|t:|1776228949\n|switch|p2b: Rotom|Rotom-Wash, L50|100/100|[from] Parting Shot\n|move|p1a: Politoed|Icy Wind|p2a: Sinistcha|[spread] p2a,p2b\n|-supereffective|p2a: Sinistcha|1\n|-resisted|p2b: Rotom|1\n|-damage|p2a: Sinistcha|84/100\n|-damage|p2b: Rotom|98/100\n|-unboost|p2a: Sinistcha|spe|1\n|-unboost|p2b: Rotom|spe|1\n|\n|-weather|RainDance|[upkeep]\n|upkeep\n|turn|4\n|\n|t:|1776228962\n|move|p1b: Tsareena|Trop Kick|p2b: Rotom\n|-supereffective|p2b: Rotom|1\n|-damage|p2b: Rotom|44/100\n|-unboost|p2b: Rotom|atk|1\n|-enditem|p2b: Rotom|Sitrus Berry|[eat]\n|-heal|p2b: Rotom|69/100|[from] item: Sitrus Berry\n|move|p1a: Politoed|Icy Wind|p2a: Sinistcha|[spread] p2b\n|-miss|p1a: Politoed|p2a: Sinistcha\n|-resisted|p2b: Rotom|1\n|-damage|p2b: Rotom|67/100\n|-unboost|p2b: Rotom|spe|1\n|move|p2a: Sinistcha|Matcha Gotcha|p1a: Politoed|[spread] p1a,p1b\n|-supereffective|p1a: Politoed|1\n|-resisted|p1b: Tsareena|1\n|-damage|p1a: Politoed|1/100\n|-heal|p2a: Sinistcha|100/100|[from] drain|[of] p1a: Politoed\n|-damage|p1b: Tsareena|56/100\n|move|p2b: Rotom|Volt Switch|p1a: Politoed\n|-supereffective|p1a: Politoed|1\n|-damage|p1a: Politoed|0 fnt\n|faint|p1a: Politoed\n|\n|t:|1776228983\n|switch|p2b: Incineroar|Incineroar, L50, M|99/100|[from] Volt Switch\n|-ability|p2b: Incineroar|Intimidate|boost\n|-unboost|p1b: Tsareena|atk|1\n|\n|-weather|RainDance|[upkeep]\n|upkeep\n|\n|t:|1776228994\n|switch|p1a: Basculegion|Basculegion, L50, M|100/100\n|turn|5\n|\n|t:|1776229002\n|move|p2a: Sinistcha|Rage Powder|p2a: Sinistcha\n|-singleturn|p2a: Sinistcha|move: Rage Powder\n|move|p1a: Basculegion|Last Respects|p2a: Sinistcha\n|-supereffective|p2a: Sinistcha|1\n|-damage|p2a: Sinistcha|33/100\n|move|p1b: Tsareena|Knock Off|p2a: Sinistcha\n|-supereffective|p2a: Sinistcha|1\n|-damage|p2a: Sinistcha|16/100\n|move|p2b: Incineroar|Darkest Lariat|p1a: Basculegion\n|-supereffective|p1a: Basculegion|1\n|-damage|p1a: Basculegion|16/100\n|\n|-weather|RainDance|[upkeep]\n|upkeep\n|turn|6\n|\n|t:|1776229025\n|move|p1a: Basculegion|Flip Turn|p2b: Incineroar\n|-supereffective|p2b: Incineroar|1\n|-damage|p2b: Incineroar|24/100\n|\n|t:|1776229029\n|switch|p1a: Altaria|Altaria-Mega, L50, M, shiny|23/100|[from] Flip Turn\n|move|p1b: Tsareena|Knock Off|p2a: Sinistcha\n|-supereffective|p2a: Sinistcha|1\n|-damage|p2a: Sinistcha|0 fnt\n|faint|p2a: Sinistcha\n|move|p2b: Incineroar|Darkest Lariat|p1a: Altaria\n|-resisted|p1a: Altaria|1\n|-damage|p1a: Altaria|6/100\n|\n|-weather|none\n|upkeep\n|inactive|Azndriver has 30 seconds left.\n|inactive|Azndriver has 20 seconds left.\n|inactive|Azndriver has 15 seconds left.\n|inactive|Azndriver has 10 seconds left.\n|inactive|Azndriver has 5 seconds left.\n|\n|t:|1776229084\n|switch|p2a: Rotom|Rotom-Wash, L50|67/100\n|turn|7\n|inactive|Azndriver has 30 seconds left.\n|inactive|Azndriver has 20 seconds left.\n|inactive|Azndriver has 15 seconds left.\n|inactive|Azndriver has 10 seconds left.\n|inactive|Azndriver has 5 seconds left.\n|\n|t:|1776229139\n|move|p1a: Altaria|Tailwind|p1a: Altaria\n|-sidestart|p1: Prohxy|move: Tailwind\n|move|p1b: Tsareena|Trop Kick|p2a: Rotom\n|-supereffective|p2a: Rotom|1\n|-damage|p2a: Rotom|32/100\n|-unboost|p2a: Rotom|atk|1\n|move|p2a: Rotom|Hydro Pump|p1b: Tsareena\n|-resisted|p1b: Tsareena|1\n|-damage|p1b: Tsareena|37/100\n|move|p2b: Incineroar|Parting Shot|p1a: Altaria\n|-unboost|p1a: Altaria|atk|1\n|-unboost|p1a: Altaria|spa|1\n|\n|upkeep\n|turn|8\n|inactive|Azndriver has 30 seconds left.\n|\n|t:|1776229174\n|move|p1a: Altaria|Hyper Voice|p2a: Rotom|[spread] p2a,p2b\n|-damage|p2a: Rotom|2/100\n|-damage|p2b: Incineroar|4/100\n|move|p1b: Tsareena|Trop Kick|p2a: Rotom\n|-supereffective|p2a: Rotom|1\n|-damage|p2a: Rotom|0 fnt\n|faint|p2a: Rotom\n|move|p2b: Incineroar|Darkest Lariat|p1a: Altaria\n|-resisted|p1a: Altaria|1\n|-damage|p1a: Altaria|0 fnt\n|faint|p1a: Altaria\n|\n|upkeep\n|\n|t:|1776229184\n|switch|p1a: Basculegion|Basculegion, L50, M|16/100\n|turn|9\n|-message|Azndriver forfeited.\n|\n|win|Prohxy\n|raw|Prohxy's rating: 1040 &rarr; <strong>1073</strong><br />(+33 for winning)\n|raw|Azndriver's rating: 1026 &rarr; <strong>1013</strong><br />(-13 for losing)\n|l|\u2606Azndriver\n|player|p2|\n",
  "uploadtime": 1776229200,
  "views": 32,
  "formatid": "gen9championsvgc2026regma",
  "rating": 1013,
  "private": 0,
  "password": null
}