{
  "id": "gen9championsvgc2026regma-2582111677",
  "format": "[Gen 9 Champions] VGC 2026 Reg M-A",
  "players": [
    "StrayCat97",
    "Xcdc9182"
  ],
  "log": "|j|\u2606StrayCat97\n|j|\u203dXcdc9182\n|t:|1776059369\n|gametype|doubles\n|player|p1|StrayCat97|blackbelt|1254\n|player|p2|Xcdc9182|2|1204\n|gen|9\n|tier|[Gen 9 Champions] VGC 2026 Reg M-A\n|rated|\n|rule|Species Clause: Limit one of each Pok\u00e9mon\n|rule|Item Clause: Limit 1 of each item\n|clearpoke\n|poke|p1|Crabominable, L50, F|\n|poke|p1|Slowking, L50, M|\n|poke|p1|Abomasnow, L50, F|\n|poke|p1|Glaceon, L50, M|\n|poke|p1|Blastoise, L50, F|\n|poke|p1|Aerodactyl, L50, M|\n|poke|p2|Gardevoir, L50, M|\n|poke|p2|Tyranitar, L50, F|\n|poke|p2|Incineroar, L50, F|\n|poke|p2|Palafin, L50, F|\n|poke|p2|Sinistcha, L50|\n|poke|p2|Dragapult, L50, F|\n|teampreview|4\n|\n|t:|1776059400\n|teamsize|p1|4\n|teamsize|p2|4\n|start\n|switch|p1a: Abomasnow|Abomasnow, L50, F|100/100\n|switch|p1b: Aerodactyl|Aerodactyl, L50, M|100/100\n|switch|p2a: Dragapult|Dragapult, L50, F|100/100\n|switch|p2b: Incineroar|Incineroar, L50, F|100/100\n|-ability|p1b: Aerodactyl|Unnerve\n|-ability|p2b: Incineroar|Intimidate|boost\n|-unboost|p1a: Abomasnow|atk|1\n|-unboost|p1b: Aerodactyl|atk|1\n|-weather|Snowscape|[from] ability: Snow Warning|[of] p1a: Abomasnow\n|turn|1\n|\n|t:|1776059430\n|move|p2b: Incineroar|Fake Out|p1b: Aerodactyl\n|-resisted|p1b: Aerodactyl|1\n|-damage|p1b: Aerodactyl|92/100\n|move|p2a: Dragapult|U-turn|p1a: Abomasnow\n|-supereffective|p1a: Abomasnow|1\n|-damage|p1a: Abomasnow|63/100\n|\n|t:|1776059436\n|switch|p2a: Tyranitar|Tyranitar, L50, F|100/100|[from] U-turn\n|-weather|Sandstorm|[from] ability: Sand Stream|[of] p2a: Tyranitar\n|cant|p1b: Aerodactyl|flinch\n|move|p1a: Abomasnow|Blizzard|p2b: Incineroar|[spread] p2a,p2b\n|-resisted|p2b: Incineroar|1\n|-damage|p2a: Tyranitar|75/100\n|-damage|p2b: Incineroar|84/100\n|\n|-weather|Sandstorm|[upkeep]\n|-damage|p2b: Incineroar|78/100|[from] Sandstorm\n|-damage|p1a: Abomasnow|57/100|[from] Sandstorm\n|upkeep\n|turn|2\n|\n|t:|1776059458\n|switch|p1a: Blastoise|Blastoise, L50, F|100/100\n|move|p1b: Aerodactyl|Tailwind|p1b: Aerodactyl\n|-sidestart|p1: StrayCat97|move: Tailwind\n|move|p2a: Tyranitar|Dragon Dance|p2a: Tyranitar\n|-boost|p2a: Tyranitar|atk|1\n|-boost|p2a: Tyranitar|spe|1\n|move|p2b: Incineroar|Flare Blitz|p1a: Blastoise\n|-resisted|p1a: Blastoise|1\n|-crit|p1a: Blastoise\n|-damage|p1a: Blastoise|69/100\n|-damage|p2b: Incineroar|69/100|[from] Recoil\n|\n|-weather|Sandstorm|[upkeep]\n|-damage|p1a: Blastoise|63/100|[from] Sandstorm\n|-damage|p2b: Incineroar|63/100|[from] Sandstorm\n|upkeep\n|turn|3\n|\n|t:|1776059481\n|switch|p1b: Abomasnow|Abomasnow, L50, F|57/100\n|-weather|Snowscape|[from] ability: Snow Warning|[of] p1b: Abomasnow\n|detailschange|p1a: Blastoise|Blastoise-Mega, L50, F\n|-mega|p1a: Blastoise|Blastoise|Blastoisinite\n|move|p2a: Tyranitar|Protect|p2a: Tyranitar\n|-singleturn|p2a: Tyranitar|Protect\n|move|p1a: Blastoise|Muddy Water|p2a: Tyranitar|[spread] p2b\n|-activate|p2a: Tyranitar|move: Protect\n|-supereffective|p2b: Incineroar|1\n|-damage|p2b: Incineroar|0 fnt\n|faint|p2b: Incineroar\n|\n|-weather|Snowscape|[upkeep]\n|upkeep\n|\n|t:|1776059500\n|switch|p2b: Palafin|Palafin, L50, F|100/100\n|turn|4\n|\n|t:|1776059528\n|detailschange|p2a: Tyranitar|Tyranitar-Mega, L50, F\n|-mega|p2a: Tyranitar|Tyranitar|Tyranitarite\n|-weather|Sandstorm|[from] ability: Sand Stream|[of] p2a: Tyranitar\n|move|p1a: Blastoise|Water Pulse|p2a: Tyranitar\n|-supereffective|p2a: Tyranitar|1\n|-damage|p2a: Tyranitar|25/100\n|move|p1b: Abomasnow|Aurora Veil||[still]\n|-fail|p1b: Abomasnow\n|move|p2a: Tyranitar|Rock Slide|p1a: Blastoise|[spread] p1a,p1b\n|-supereffective|p1b: Abomasnow|1\n|-crit|p1b: Abomasnow\n|-damage|p1a: Blastoise|17/100\n|-damage|p1b: Abomasnow|0 fnt\n|faint|p1b: Abomasnow\n|move|p2b: Palafin|Icy Wind|p1a: Blastoise\n|-resisted|p1a: Blastoise|1\n|-damage|p1a: Blastoise|14/100\n|-unboost|p1a: Blastoise|spe|1\n|\n|-weather|Sandstorm|[upkeep]\n|-damage|p1a: Blastoise|8/100|[from] Sandstorm\n|-damage|p2b: Palafin|94/100|[from] Sandstorm\n|upkeep\n|\n|t:|1776059544\n|switch|p1b: Aerodactyl|Aerodactyl, L50, M|92/100\n|-ability|p1b: Aerodactyl|Unnerve\n|turn|5\n|\n|t:|1776059559\n|move|p2b: Palafin|Jet Punch|p1a: Blastoise\n|-resisted|p1a: Blastoise|1\n|-damage|p1a: Blastoise|0 fnt\n|faint|p1a: Blastoise\n|move|p1b: Aerodactyl|Rock Slide|p2a: Tyranitar|[spread] p2a,p2b\n|-damage|p2a: Tyranitar|9/100\n|-damage|p2b: Palafin|66/100\n|cant|p2a: Tyranitar|flinch\n|\n|-weather|Sandstorm|[upkeep]\n|-damage|p2b: Palafin|60/100|[from] Sandstorm\n|-sideend|p1: StrayCat97|move: Tailwind\n|upkeep\n|\n|t:|1776059566\n|switch|p1a: Glaceon|Glaceon, L50, M|100/100\n|turn|6\n|\n|t:|1776059582\n|detailschange|p2b: Palafin|Palafin-Hero, L50, F\n|switch|p2b: Dragapult|Dragapult, L50, F|100/100\n|move|p2a: Tyranitar|Protect|p2a: Tyranitar\n|-singleturn|p2a: Tyranitar|Protect\n|move|p1b: Aerodactyl|Tailwind|p1b: Aerodactyl\n|-sidestart|p1: StrayCat97|move: Tailwind\n|move|p1a: Glaceon|Blizzard|p2b: Dragapult|[spread] \n|-activate|p2a: Tyranitar|move: Protect\n|-miss|p1a: Glaceon|p2b: Dragapult\n|\n|-weather|Sandstorm|[upkeep]\n|-damage|p1a: Glaceon|95/100|[from] Sandstorm\n|-damage|p2b: Dragapult|94/100|[from] Sandstorm\n|upkeep\n|turn|7\n|\n|t:|1776059610\n|move|p1b: Aerodactyl|Rock Slide|p2b: Dragapult|[spread] p2a,p2b\n|-damage|p2a: Tyranitar|0 fnt\n|-damage|p2b: Dragapult|68/100\n|faint|p2a: Tyranitar\n|move|p1a: Glaceon|Blizzard|p2b: Dragapult\n|-supereffective|p2b: Dragapult|1\n|-damage|p2b: Dragapult|0 fnt\n|faint|p2b: Dragapult\n|\n|-weather|Sandstorm|[upkeep]\n|-damage|p1a: Glaceon|89/100|[from] Sandstorm\n|upkeep\n|\n|t:|1776059618\n|switch|p2b: Palafin|Palafin-Hero, L50, F|60/100\n|-activate|p2b: Palafin|ability: Zero to Hero\n|turn|8\n|\n|t:|1776059631\n|move|p1b: Aerodactyl|Protect|p1b: Aerodactyl\n|-singleturn|p1b: Aerodactyl|Protect\n|move|p2b: Palafin|Protect|p2b: Palafin\n|-singleturn|p2b: Palafin|Protect\n|move|p1a: Glaceon|Freeze-Dry|p2b: Palafin\n|-activate|p2b: Palafin|move: Protect\n|\n|-weather|none\n|upkeep\n|turn|9\n|\n|t:|1776059656\n|move|p2b: Palafin|Jet Punch|p1b: Aerodactyl\n|-supereffective|p1b: Aerodactyl|1\n|-damage|p1b: Aerodactyl|0 fnt\n|faint|p1b: Aerodactyl\n|move|p1a: Glaceon|Freeze-Dry|p2b: Palafin\n|-supereffective|p2b: Palafin|1\n|-damage|p2b: Palafin|0 fnt\n|faint|p2b: Palafin\n|\n|win|StrayCat97\n|raw|StrayCat97's rating: 1254 &rarr; <strong>1275</strong><br />(+21 for winning)\n|raw|Xcdc9182's rating: 1204 &rarr; <strong>1183</strong><br />(-21 for losing)\n|l|\u203dXcdc9182\n|player|p2|\n",
  "uploadtime": 1776059672,
  "views": 11,
  "formatid": "gen9championsvgc2026regma",
  "rating": 1183,
  "private": 0,
  "password": null
}