{
  "id": "gen9championsvgc2026regma-2586088382",
  "format": "[Gen 9 Champions] VGC 2026 Reg M-A",
  "players": [
    "A.S.A.102",
    "CBNUN003"
  ],
  "log": "|j|\u2606A.S.A.102\n|j|\u2606CBNUN003\n|t:|1776397697\n|gametype|doubles\n|player|p1|A.S.A.102|dawn|1116\n|player|p2|CBNUN003|266|1088\n|gen|9\n|tier|[Gen 9 Champions] VGC 2026 Reg M-A\n|rated|\n|rule|Species Clause: Limit one of each Pok\u00e9mon\n|rule|Item Clause: Limit 1 of each item\n|clearpoke\n|poke|p1|Pelipper, L50, F|\n|poke|p1|Basculegion, L50, M|\n|poke|p1|Archaludon, L50, M|\n|poke|p1|Incineroar, L50, F|\n|poke|p1|Sneasler, L50, F|\n|poke|p1|Meganium, L50, M|\n|poke|p2|Tyranitar, L50, M|\n|poke|p2|Gliscor, L50, F|\n|poke|p2|Aggron, L50, M|\n|poke|p2|Sableye, L50, F|\n|poke|p2|Sinistcha, L50|\n|poke|p2|Rotom-Wash, L50|\n|teampreview|4\n|\n|t:|1776397748\n|teamsize|p1|4\n|teamsize|p2|4\n|start\n|switch|p1a: Incineroar|Incineroar, L50, F|100/100\n|switch|p1b: Sneasler|Sneasler, L50, F|100/100\n|switch|p2a: Rotom|Rotom-Wash, L50|100/100\n|switch|p2b: Sableye|Sableye, L50, F|100/100\n|-ability|p1a: Incineroar|Intimidate|boost\n|-unboost|p2a: Rotom|atk|1\n|-unboost|p2b: Sableye|atk|1\n|turn|1\n|\n|t:|1776397770\n|move|p2b: Sableye|Fake Out|p1b: Sneasler\n|-damage|p1b: Sneasler|92/100\n|move|p2a: Rotom|Thunderbolt|p1b: Sneasler\n|-damage|p1b: Sneasler|41/100\n|cant|p1b: Sneasler|flinch\n|move|p1a: Incineroar|Parting Shot|p2a: Rotom\n|-unboost|p2a: Rotom|atk|1\n|-unboost|p2a: Rotom|spa|1\n|\n|t:|1776397785\n|switch|p1a: Basculegion|Basculegion, L50, M|100/100|[from] Parting Shot\n|\n|upkeep\n|turn|2\n|\n|t:|1776397804\n|switch|p1a: Incineroar|Incineroar, L50, F|100/100\n|-ability|p1a: Incineroar|Intimidate|boost\n|-unboost|p2a: Rotom|atk|1\n|-unboost|p2b: Sableye|atk|1\n|move|p2b: Sableye|Quash|p1b: Sneasler\n|-activate|p1b: Sneasler|move: Quash\n|move|p2a: Rotom|Thunderbolt|p1a: Incineroar\n|-damage|p1a: Incineroar|80/100\n|-status|p1a: Incineroar|par\n|move|p1b: Sneasler|Close Combat|p2a: Rotom\n|-damage|p2a: Rotom|23/100\n|-unboost|p1b: Sneasler|def|1\n|-unboost|p1b: Sneasler|spd|1\n|-enditem|p1b: Sneasler|White Herb\n|-clearnegativeboost|p1b: Sneasler|[silent]\n|\n|upkeep\n|turn|3\n|\n|t:|1776397840\n|move|p2b: Sableye|Quash|p1b: Sneasler\n|-activate|p1b: Sneasler|move: Quash\n|move|p2a: Rotom|Thunderbolt|p1b: Sneasler\n|-damage|p1b: Sneasler|8/100\n|cant|p1a: Incineroar|par\n|move|p1b: Sneasler|Dire Claw|p2a: Rotom\n|-damage|p2a: Rotom|0 fnt\n|faint|p2a: Rotom\n|\n|upkeep\n|\n|t:|1776397853\n|switch|p2a: Sinistcha|Sinistcha, L50|100/100\n|turn|4\n|\n|t:|1776397876\n|switch|p2b: Aggron|Aggron, L50, M|100/100\n|move|p1b: Sneasler|Dire Claw|p2b: Aggron\n|-immune|p2b: Aggron\n|move|p2a: Sinistcha|Matcha Gotcha|p1b: Sneasler|[spread] p1a,p1b\n|-resisted|p1a: Incineroar|1\n|-resisted|p1b: Sneasler|1\n|-crit|p1b: Sneasler\n|-damage|p1a: Incineroar|68/100 par\n|-damage|p1b: Sneasler|0 fnt\n|faint|p1b: Sneasler\n|move|p1a: Incineroar|Flare Blitz|p2a: Sinistcha\n|-supereffective|p2a: Sinistcha|1\n|-damage|p2a: Sinistcha|0 fnt\n|faint|p2a: Sinistcha\n|-damage|p1a: Incineroar|37/100 par|[from] Recoil\n|\n|upkeep\n|\n|t:|1776397895\n|switch|p1b: Pelipper|Pelipper, L50, F|100/100\n|switch|p2a: Sableye|Sableye, L50, F|100/100\n|-weather|RainDance|[from] ability: Drizzle|[of] p1b: Pelipper\n|turn|5\n|\n|t:|1776397914\n|detailschange|p2b: Aggron|Aggron-Mega, L50, M\n|-mega|p2b: Aggron|Aggron|Aggronite\n|move|p2a: Sableye|Fake Out|p1b: Pelipper\n|-damage|p1b: Pelipper|93/100\n|cant|p1b: Pelipper|flinch\n|move|p2b: Aggron|Body Press|p1a: Incineroar\n|-supereffective|p1a: Incineroar|1\n|-enditem|p1a: Incineroar|Chople Berry|[eat]\n|-enditem|p1a: Incineroar|Chople Berry|[weaken]\n|-damage|p1a: Incineroar|0 fnt\n|faint|p1a: Incineroar\n|\n|-weather|RainDance|[upkeep]\n|upkeep\n|\n|t:|1776397928\n|switch|p1a: Basculegion|Basculegion, L50, M|100/100\n|turn|6\n|\n|t:|1776397951\n|move|p2a: Sableye|Quash|p1a: Basculegion\n|-activate|p1a: Basculegion|move: Quash\n|move|p1b: Pelipper|Weather Ball|p2b: Aggron\n|-damage|p2b: Aggron|39/100\n|move|p2b: Aggron|Heavy Slam|p1a: Basculegion\n|-resisted|p1a: Basculegion|1\n|-damage|p1a: Basculegion|77/100\n|move|p1a: Basculegion|Last Respects|p2b: Aggron\n|-damage|p2b: Aggron|7/100\n|\n|-weather|RainDance|[upkeep]\n|upkeep\n|turn|7\n|\n|t:|1776397989\n|move|p2a: Sableye|Quash|p1a: Basculegion\n|-activate|p1a: Basculegion|move: Quash\n|move|p1b: Pelipper|Weather Ball|p2b: Aggron\n|-crit|p2b: Aggron\n|-damage|p2b: Aggron|0 fnt\n|faint|p2b: Aggron\n|move|p1a: Basculegion|Last Respects|p2a: Sableye\n|-damage|p2a: Sableye|3/100\n|-enditem|p2a: Sableye|Sitrus Berry|[eat]\n|-heal|p2a: Sableye|28/100|[from] item: Sitrus Berry\n|\n|-weather|RainDance|[upkeep]\n|upkeep\n|turn|8\n|\n|t:|1776398008\n|move|p1a: Basculegion|Aqua Jet|p2a: Sableye\n|-damage|p2a: Sableye|0 fnt\n|faint|p2a: Sableye\n|\n|win|A.S.A.102\n|raw|A.S.A.102's rating: 1116 &rarr; <strong>1139</strong><br />(+23 for winning)\n|raw|CBNUN003's rating: 1088 &rarr; <strong>1067</strong><br />(-21 for losing)\n",
  "uploadtime": 1776398014,
  "views": 15,
  "formatid": "gen9championsvgc2026regma",
  "rating": 1067,
  "private": 0,
  "password": null
}