{
  "id": "gen9championsvgc2026regma-2585387105",
  "format": "[Gen 9 Champions] VGC 2026 Reg M-A",
  "players": [
    "campeondelfitness",
    "gabreewer"
  ],
  "log": "|j|\u2606campeondelfitness\n|j|\u2606gabreewer\n|t:|1776343481\n|gametype|doubles\n|player|p1|campeondelfitness|swimmer|1058\n|player|p2|gabreewer|169|1000\n|gen|9\n|tier|[Gen 9 Champions] VGC 2026 Reg M-A\n|rated|\n|rule|Species Clause: Limit one of each Pok\u00e9mon\n|rule|Item Clause: Limit 1 of each item\n|clearpoke\n|poke|p1|Tyranitar, L50, M|\n|poke|p1|Garchomp, L50, M|\n|poke|p1|Heliolisk, L50, F|\n|poke|p1|Rotom-Heat, L50|\n|poke|p1|Orthworm, L50, F|\n|poke|p1|Aerodactyl, L50, F|\n|poke|p2|Rotom-Heat, L50|\n|poke|p2|Aegislash, L50, M|\n|poke|p2|Starmie, L50|\n|poke|p2|Tyranitar, L50, F|\n|poke|p2|Aerodactyl, L50, F|\n|poke|p2|Garchomp, L50, F|\n|teampreview|4\n|inactive|Battle timer is ON: inactive players will automatically lose when time's up. (requested by campeondelfitness)\n|inactive|campeondelfitness has 60 seconds left.\n|inactive|campeondelfitness has 30 seconds left.\n|\n|t:|1776343543\n|teamsize|p1|4\n|teamsize|p2|4\n|start\n|switch|p1a: Orthworm|Orthworm, L50, F|100/100\n|switch|p1b: Aerodactyl|Aerodactyl, L50, F|100/100\n|switch|p2a: Garchomp|Garchomp, L50, F, shiny|100/100\n|switch|p2b: Starmie|Starmie, L50, shiny|100/100\n|-ability|p1b: Aerodactyl|Unnerve\n|turn|1\n|\n|t:|1776343564\n|switch|p2a: Tyranitar|Tyranitar, L50, F, shiny|100/100\n|-weather|Sandstorm|[from] ability: Sand Stream|[of] p2a: Tyranitar\n|detailschange|p2b: Starmie|Starmie-Mega, L50, shiny\n|-mega|p2b: Starmie|Starmie|Starminite\n|move|p1b: Aerodactyl|Tailwind|p1b: Aerodactyl\n|-sidestart|p1: campeondelfitness|move: Tailwind\n|move|p2b: Starmie|Skill Swap|p2a: Tyranitar\n|-activate|p2b: Starmie|Skill Swap|||[of] p2a: Tyranitar\n|move|p1a: Orthworm|Shed Tail|p1a: Orthworm\n|-start|p1a: Orthworm|Substitute|[from] move: Shed Tail\n|-damage|p1a: Orthworm|50/100\n|\n|t:|1776343581\n|switch|p1a: Garchomp|Garchomp, L50, M|100/100|[from] Shed Tail\n|\n|-weather|Sandstorm|[upkeep]\n|-damage|p2b: Starmie|95/100|[from] Sandstorm\n|upkeep\n|turn|2\n|\n|t:|1776343599\n|switch|p1b: Orthworm|Orthworm, L50, F|50/100\n|switch|p2b: Garchomp|Garchomp, L50, F, shiny|100/100\n|detailschange|p1a: Garchomp|Garchomp-Mega, L50, M\n|-mega|p1a: Garchomp|Garchomp|Garchompite\n|move|p1a: Garchomp|Earthquake|p2b: Garchomp|[spread] p2a,p2b\n|-heal|p1b: Orthworm|75/100|[from] ability: Earth Eater|[of] p1a: Garchomp\n|-supereffective|p2a: Tyranitar|1\n|-damage|p2a: Tyranitar|0 fnt\n|-damage|p2b: Garchomp|38/100\n|faint|p2a: Tyranitar\n|\n|-weather|Sandstorm|[upkeep]\n|-heal|p1b: Orthworm|81/100|[from] item: Leftovers\n|upkeep\n|\n|t:|1776343614\n|switch|p2a: Starmie|Starmie-Mega, L50, shiny|95/100\n|turn|3\n|\n|t:|1776343631\n|move|p2a: Starmie|Protect|p2a: Starmie\n|-singleturn|p2a: Starmie|Protect\n|move|p1a: Garchomp|Earthquake|p2a: Starmie|[spread] p2b\n|-activate|p2a: Starmie|move: Protect\n|-heal|p1b: Orthworm|100/100|[from] ability: Earth Eater|[of] p1a: Garchomp\n|-damage|p2b: Garchomp|0 fnt\n|faint|p2b: Garchomp\n|move|p1b: Orthworm|Shed Tail|p1b: Orthworm\n|-start|p1b: Orthworm|Substitute|[from] move: Shed Tail\n|-damage|p1b: Orthworm|50/100\n|\n|t:|1776343645\n|switch|p1b: Aerodactyl|Aerodactyl, L50, F|100/100|[from] Shed Tail\n|-ability|p1b: Aerodactyl|Unnerve\n|\n|-weather|Sandstorm|[upkeep]\n|-damage|p2a: Starmie|89/100|[from] Sandstorm\n|upkeep\n|\n|t:|1776343652\n|switch|p2b: Aegislash|Aegislash, L50, M, shiny|100/100\n|turn|4\n|\n|t:|1776343666\n|move|p2b: Aegislash|Wide Guard|p2b: Aegislash\n|-singleturn|p2b: Aegislash|Wide Guard\n|move|p1b: Aerodactyl|Rock Slide|p2b: Aegislash|[spread] \n|-activate|p2a: Starmie|move: Wide Guard\n|-activate|p2b: Aegislash|move: Wide Guard\n|move|p1a: Garchomp|Earthquake|p2b: Aegislash|[spread] \n|-activate|p2a: Starmie|move: Wide Guard\n|-activate|p2b: Aegislash|move: Wide Guard\n|-immune|p1b: Aerodactyl\n|move|p2a: Starmie|Liquidation|p1b: Aerodactyl\n|-supereffective|p1b: Aerodactyl|1\n|-end|p1b: Aerodactyl|Substitute\n|\n|-weather|Sandstorm|[upkeep]\n|-damage|p2a: Starmie|83/100|[from] Sandstorm\n|-sideend|p1: campeondelfitness|move: Tailwind\n|upkeep\n|turn|5\n|inactive|campeondelfitness has 30 seconds left.\n|\n|t:|1776343692\n|move|p2b: Aegislash|Wide Guard|p2b: Aegislash\n|-singleturn|p2b: Aegislash|Wide Guard\n|move|p1b: Aerodactyl|Tailwind|p1b: Aerodactyl\n|-sidestart|p1: campeondelfitness|move: Tailwind\n|move|p1a: Garchomp|Dragon Claw|p2a: Starmie\n|-damage|p2a: Starmie|12/100\n|move|p2a: Starmie|Liquidation|p1b: Aerodactyl\n|-supereffective|p1b: Aerodactyl|1\n|-damage|p1b: Aerodactyl|0 fnt\n|faint|p1b: Aerodactyl\n|\n|-weather|none\n|upkeep\n|\n|t:|1776343706\n|switch|p1b: Rotom|Rotom-Heat, L50|100/100\n|turn|6\n|\n|t:|1776343726\n|move|p2a: Starmie|Protect|p2a: Starmie\n|-singleturn|p2a: Starmie|Protect\n|move|p1a: Garchomp|Dragon Claw|p2a: Starmie\n|-activate|p2a: Starmie|move: Protect\n|move|p1b: Rotom|Volt Switch|p2a: Starmie\n|-activate|p2a: Starmie|move: Protect\n|-formechange|p2b: Aegislash|Aegislash-Blade|\n|move|p2b: Aegislash|Shadow Ball|p1a: Garchomp\n|-end|p1a: Garchomp|Substitute\n|\n|upkeep\n|turn|7\n|inactive|gabreewer has 30 seconds left.\n|\n|t:|1776343758\n|move|p2b: Aegislash|Wide Guard|p2b: Aegislash\n|-singleturn|p2b: Aegislash|Wide Guard\n|move|p1a: Garchomp|Dragon Claw|p2a: Starmie\n|-damage|p2a: Starmie|0 fnt\n|faint|p2a: Starmie\n|move|p1b: Rotom|Overheat|p2b: Aegislash\n|-supereffective|p2b: Aegislash|1\n|-damage|p2b: Aegislash|0 fnt\n|-unboost|p1b: Rotom|spa|2\n|faint|p2b: Aegislash\n|\n|win|campeondelfitness\n|raw|campeondelfitness's rating: 1058 &rarr; <strong>1084</strong><br />(+26 for winning)\n|raw|gabreewer's rating: 1000 &rarr; <strong>1000</strong><br />(+0 for losing)\n",
  "uploadtime": 1776343772,
  "views": 68,
  "formatid": "gen9championsvgc2026regma",
  "rating": 1000,
  "private": 0,
  "password": null
}