{
  "id": "gen9championsvgc2026regma-2580446121",
  "format": "[Gen 9 Champions] VGC 2026 Reg M-A",
  "players": [
    "shadowll16",
    "biect"
  ],
  "log": "|j|\u2606shadowll16\n|j|\u2606biect\n|t:|1775897772\n|gametype|doubles\n|player|p1|shadowll16|volkner|1065\n|player|p2|biect|1|1151\n|gen|9\n|tier|[Gen 9 Champions] VGC 2026 Reg M-A\n|rated|\n|rule|Species Clause: Limit one of each Pok\u00e9mon\n|rule|Item Clause: Limit 1 of each item\n|clearpoke\n|poke|p1|Sneasler, L50, M|\n|poke|p1|Corviknight, L50, M|\n|poke|p1|Incineroar, L50, F|\n|poke|p1|Rotom-Wash, L50|\n|poke|p1|Excadrill, L50, F|\n|poke|p1|Tyranitar, L50, F|\n|poke|p2|Lopunny, L50, M|\n|poke|p2|Scizor, L50, F|\n|poke|p2|Milotic, L50, M|\n|poke|p2|Sinistcha-Masterpiece, L50|\n|poke|p2|Incineroar, L50, M|\n|poke|p2|Aerodactyl, L50, F|\n|teampreview|4\n|\n|t:|1775897785\n|teamsize|p1|4\n|teamsize|p2|4\n|start\n|switch|p1a: Tyranitar|Tyranitar, L50, F|100/100\n|switch|p1b: Excadrill|Excadrill, L50, F|100/100\n|switch|p2a: Incineroar|Incineroar, L50, M|100/100\n|switch|p2b: Milotic|Milotic, L50, M|100/100\n|-weather|Sandstorm|[from] ability: Sand Stream|[of] p1a: Tyranitar\n|-ability|p2a: Incineroar|Intimidate|boost\n|-unboost|p1a: Tyranitar|atk|1\n|-unboost|p1b: Excadrill|atk|1\n|turn|1\n|inactive|Battle timer is ON: inactive players will automatically lose when time's up. (requested by shadowll16)\n|\n|t:|1775897805\n|move|p1b: Excadrill|Protect|p1b: Excadrill\n|-singleturn|p1b: Excadrill|Protect\n|move|p1a: Tyranitar|Protect|p1a: Tyranitar\n|-singleturn|p1a: Tyranitar|Protect\n|move|p2a: Incineroar|Fake Out|p1b: Excadrill\n|-activate|p1b: Excadrill|move: Protect\n|move|p2b: Milotic|Coil|p2b: Milotic\n|-boost|p2b: Milotic|atk|1\n|-boost|p2b: Milotic|def|1\n|-boost|p2b: Milotic|accuracy|1\n|\n|-weather|Sandstorm|[upkeep]\n|-damage|p2b: Milotic|95/100|[from] Sandstorm\n|-damage|p2a: Incineroar|95/100|[from] Sandstorm\n|-heal|p2b: Milotic|100/100|[from] item: Leftovers\n|upkeep\n|turn|2\n|inactive|shadowll16 has 30 seconds left.\n|\n|t:|1775897839\n|move|p1b: Excadrill|Earthquake|p2a: Incineroar|[spread] p1a,p2a,p2b\n|-supereffective|p1a: Tyranitar|1\n|-supereffective|p2a: Incineroar|1\n|-damage|p1a: Tyranitar|43/100\n|-damage|p2a: Incineroar|40/100\n|-damage|p2b: Milotic|85/100\n|move|p1a: Tyranitar|Rock Slide|p2a: Incineroar|[spread] p2a,p2b\n|-supereffective|p2a: Incineroar|1\n|-damage|p2a: Incineroar|1/100\n|-damage|p2b: Milotic|74/100\n|cant|p2b: Milotic|flinch\n|cant|p2a: Incineroar|flinch\n|\n|-weather|Sandstorm|[upkeep]\n|-damage|p2b: Milotic|68/100|[from] Sandstorm\n|-damage|p2a: Incineroar|0 fnt|[from] Sandstorm\n|faint|p2a: Incineroar\n|-heal|p2b: Milotic|74/100|[from] item: Leftovers\n|upkeep\n|\n|t:|1775897850\n|switch|p2a: Sinistcha|Sinistcha-Masterpiece, L50|100/100\n|-heal|p2b: Milotic|98/100|[from] ability: Hospitality|[of] p2a: Sinistcha\n|turn|3\n|inactive|shadowll16 has 30 seconds left.\n|\n|t:|1775897880\n|detailschange|p1a: Tyranitar|Tyranitar-Mega, L50, F\n|-mega|p1a: Tyranitar|Tyranitar|Tyranitarite\n|move|p1b: Excadrill|Rock Slide|p2b: Milotic|[spread] p2a,p2b\n|-damage|p2a: Sinistcha|85/100\n|-damage|p2b: Milotic|91/100\n|move|p1a: Tyranitar|Rock Slide|p2a: Sinistcha|[spread] p2a,p2b\n|-damage|p2a: Sinistcha|61/100\n|-damage|p2b: Milotic|78/100\n|cant|p2b: Milotic|flinch\n|move|p2a: Sinistcha|Trick Room|p2a: Sinistcha\n|-fieldstart|move: Trick Room|[of] p2a: Sinistcha\n|\n|-weather|Sandstorm|[upkeep]\n|-damage|p2a: Sinistcha|54/100|[from] Sandstorm\n|-damage|p2b: Milotic|73/100|[from] Sandstorm\n|-heal|p2b: Milotic|78/100|[from] item: Leftovers\n|upkeep\n|turn|4\n|inactive|shadowll16 has 30 seconds left.\n|\n|t:|1775897908\n|move|p1a: Tyranitar|Protect|p1a: Tyranitar\n|-singleturn|p1a: Tyranitar|Protect\n|move|p2a: Sinistcha|Life Dew|p2a: Sinistcha|[spread] p2a,p2b\n|-heal|p2a: Sinistcha|80/100\n|-heal|p2b: Milotic|100/100\n|move|p2b: Milotic|Hypnosis|p1a: Tyranitar\n|-activate|p1a: Tyranitar|move: Protect\n|move|p1b: Excadrill|Earthquake|p2a: Sinistcha|[spread] p2a,p2b\n|-activate|p1a: Tyranitar|move: Protect\n|-resisted|p2a: Sinistcha|1\n|-damage|p2a: Sinistcha|66/100\n|-damage|p2b: Milotic|84/100\n|\n|-weather|Sandstorm|[upkeep]\n|-damage|p2a: Sinistcha|60/100|[from] Sandstorm\n|-damage|p2b: Milotic|78/100|[from] Sandstorm\n|-heal|p2b: Milotic|84/100|[from] item: Leftovers\n|upkeep\n|turn|5\n|inactive|shadowll16 has 30 seconds left.\n|\n|t:|1775897936\n|move|p2a: Sinistcha|Life Dew|p2a: Sinistcha|[spread] p2a,p2b\n|-heal|p2a: Sinistcha|85/100\n|-heal|p2b: Milotic|100/100\n|move|p2b: Milotic|Hypnosis|p1a: Tyranitar\n|-status|p1a: Tyranitar|slp|[from] move: Hypnosis\n|cant|p1a: Tyranitar|slp\n|move|p1b: Excadrill|Iron Head|p2a: Sinistcha\n|-damage|p2a: Sinistcha|54/100\n|\n|-weather|none\n|upkeep\n|turn|6\n|\n|t:|1775897949\n|move|p2a: Sinistcha|Shadow Ball|p1b: Excadrill\n|-damage|p1b: Excadrill|52/100\n|move|p2b: Milotic|Muddy Water|p1a: Tyranitar|[spread] p1a,p1b\n|-supereffective|p1a: Tyranitar|1\n|-supereffective|p1b: Excadrill|1\n|-damage|p1a: Tyranitar|0 fnt\n|-damage|p1b: Excadrill|0 fnt\n|faint|p1a: Tyranitar\n|faint|p1b: Excadrill\n|\n|upkeep\n|\n|t:|1775897958\n|switch|p1a: Incineroar|Incineroar, L50, F|100/100\n|switch|p1b: Sneasler|Sneasler, L50, M|100/100\n|-ability|p1a: Incineroar|Intimidate|boost\n|-unboost|p2a: Sinistcha|atk|1\n|-unboost|p2b: Milotic|atk|1\n|-ability|p2b: Milotic|Competitive|boost\n|-boost|p2b: Milotic|spa|2\n|turn|7\n|inactive|shadowll16 has 30 seconds left.\n|\n|t:|1775897985\n|move|p1b: Sneasler|Fake Out|p2b: Milotic\n|-damage|p2b: Milotic|92/100\n|move|p2a: Sinistcha|Life Dew|p2a: Sinistcha|[spread] p2a,p2b\n|-heal|p2a: Sinistcha|80/100\n|-heal|p2b: Milotic|100/100\n|cant|p2b: Milotic|flinch\n|move|p1a: Incineroar|Darkest Lariat|p2a: Sinistcha\n|-supereffective|p2a: Sinistcha|1\n|-damage|p2a: Sinistcha|6/100\n|-enditem|p2a: Sinistcha|Sitrus Berry|[eat]\n|-heal|p2a: Sinistcha|30/100|[from] item: Sitrus Berry\n|\n|-fieldend|move: Trick Room\n|upkeep\n|turn|8\n|\n|t:|1775898009\n|move|p1b: Sneasler|Poison Jab|p2b: Milotic\n|-damage|p2b: Milotic|80/100\n|move|p1a: Incineroar|Darkest Lariat|p2a: Sinistcha\n|-supereffective|p2a: Sinistcha|1\n|-damage|p2a: Sinistcha|0 fnt\n|faint|p2a: Sinistcha\n|move|p2b: Milotic|Muddy Water|p1b: Sneasler|[spread] p1a,p1b\n|-supereffective|p1a: Incineroar|1\n|-damage|p1a: Incineroar|0 fnt\n|-damage|p1b: Sneasler|31/100\n|-unboost|p1b: Sneasler|accuracy|1\n|faint|p1a: Incineroar\n|-enditem|p1b: Sneasler|White Herb\n|-clearnegativeboost|p1b: Sneasler|[silent]\n|\n|-heal|p2b: Milotic|86/100|[from] item: Leftovers\n|upkeep\n|\n|t:|1775898016\n|switch|p2a: Lopunny|Lopunny, L50, M|100/100\n|turn|9\n|-message|shadowll16 forfeited.\n|\n|win|biect\n|raw|shadowll16's rating: 1065 &rarr; <strong>1050</strong><br />(-15 for losing)\n|raw|biect's rating: 1151 &rarr; <strong>1170</strong><br />(+19 for winning)\n|l|\u2606shadowll16\n|player|p1|\n",
  "uploadtime": 1775898024,
  "views": 18,
  "formatid": "gen9championsvgc2026regma",
  "rating": 1050,
  "private": 0,
  "password": null
}