{
  "id": "gen9championsvgc2026regma-2588354402",
  "format": "[Gen 9 Champions] VGC 2026 Reg M-A",
  "players": [
    "chuufromnotloona",
    "Irvantheboredone"
  ],
  "log": "|j|\u2606chuufromnotloona\n|j|\u2606Irvantheboredone\n|t:|1776626599\n|gametype|doubles\n|player|p1|chuufromnotloona|265|1141\n|player|p2|Irvantheboredone|1|1117\n|gen|9\n|tier|[Gen 9 Champions] VGC 2026 Reg M-A\n|rated|\n|rule|Species Clause: Limit one of each Pok\u00e9mon\n|rule|Item Clause: Limit 1 of each item\n|clearpoke\n|poke|p1|Meowstic-F, L50, F|\n|poke|p1|Garchomp, L50, M|\n|poke|p1|Espathra, L50, F|\n|poke|p1|Sableye, L50, M|\n|poke|p1|Milotic, L50, F|\n|poke|p1|Whimsicott, L50, M|\n|poke|p2|Araquanid, L50, F|\n|poke|p2|Meowscarada, L50, M|\n|poke|p2|Froslass, L50, F|\n|poke|p2|Chandelure, L50, M|\n|poke|p2|Whimsicott, L50, M|\n|poke|p2|Sneasler, L50, F|\n|teampreview|4\n|inactive|Battle timer is ON: inactive players will automatically lose when time's up. (requested by chuufromnotloona)\n|c|\u2606chuufromnotloona|gl hf\n|\n|t:|1776626632\n|teamsize|p1|4\n|teamsize|p2|4\n|start\n|switch|p1a: Sableye|Sableye, L50, M|100/100\n|switch|p1b: Espathra|Espathra, L50, F|100/100\n|switch|p2a: Froslass|Froslass, L50, F|100/100\n|switch|p2b: Chandelure|Chandelure, L50, M|100/100\n|turn|1\n|\n|t:|1776626647\n|detailschange|p2a: Froslass|Froslass-Mega, L50, F\n|-mega|p2a: Froslass|Froslass|Froslassite\n|-weather|Snowscape|[from] ability: Snow Warning|[of] p2a: Froslass\n|move|p1b: Espathra|Protect|p1b: Espathra\n|-singleturn|p1b: Espathra|Protect\n|move|p1a: Sableye|Gravity|p1a: Sableye\n|-fieldstart|move: Gravity\n|move|p2a: Froslass|Blizzard|p1b: Espathra|[spread] p1a\n|-activate|p1b: Espathra|move: Protect\n|-damage|p1a: Sableye|54/100\n|move|p2b: Chandelure|Overheat|p1a: Sableye\n|-damage|p1a: Sableye|0 fnt\n|-unboost|p2b: Chandelure|spa|2\n|faint|p1a: Sableye\n|\n|-weather|Snowscape|[upkeep]\n|-ability|p1b: Espathra|Speed Boost|boost\n|-boost|p1b: Espathra|spe|1\n|upkeep\n|\n|t:|1776626661\n|switch|p1a: Meowstic|Meowstic-F, L50, F|100/100\n|turn|2\n|c|\u2606Irvantheboredone|Is it clear I wanted that purple thing GONE\n|c|\u2606chuufromnotloona|lol\n|inactive|Irvantheboredone has 30 seconds left.\n|inactive|chuufromnotloona has 30 seconds left.\n|inactive|Irvantheboredone has 20 seconds left.\n|\n|t:|1776626699\n|move|p1a: Meowstic|Protect|p1a: Meowstic\n|-singleturn|p1a: Meowstic|Protect\n|move|p1b: Espathra|Psychic Terrain|p1b: Espathra\n|-fieldstart|move: Psychic Terrain\n|move|p2a: Froslass|Shadow Ball|p1a: Meowstic\n|-activate|p1a: Meowstic|move: Protect\n|move|p2b: Chandelure|Shadow Ball|p1b: Espathra\n|-supereffective|p1b: Espathra|1\n|-damage|p1b: Espathra|27/100\n|\n|-weather|Snowscape|[upkeep]\n|-ability|p1b: Espathra|Speed Boost|boost\n|-boost|p1b: Espathra|spe|1\n|upkeep\n|turn|3\n|\n|t:|1776626717\n|switch|p2b: Meowscarada|Meowscarada, L50, M|100/100\n|detailschange|p1a: Meowstic|Meowstic-F-Mega, L50, F\n|-mega|p1a: Meowstic|Meowstic|Meowsticite\n|-ability|p1a: Meowstic|Protean|Trace|[from] ability: Trace|[of] p2b: Meowscarada\n|move|p1b: Espathra|Lumina Crash|p2a: Froslass\n|-damage|p2a: Froslass|47/100\n|-unboost|p2a: Froslass|spd|2\n|move|p1a: Meowstic|Expanding Force|p2b: Meowscarada|[spread] p2a\n|-immune|p2b: Meowscarada\n|-damage|p2a: Froslass|0 fnt\n|faint|p2a: Froslass\n|\n|-weather|Snowscape|[upkeep]\n|-ability|p1b: Espathra|Speed Boost|boost\n|-boost|p1b: Espathra|spe|1\n|upkeep\n|\n|t:|1776626727\n|switch|p2a: Chandelure|Chandelure, L50, M|100/100\n|turn|4\n|\n|t:|1776626746\n|move|p1b: Espathra|Lumina Crash|p2a: Chandelure\n|-damage|p2a: Chandelure|35/100\n|-unboost|p2a: Chandelure|spd|2\n|move|p2b: Meowscarada|Knock Off|p1a: Meowstic\n|-start|p2b: Meowscarada|typechange|Dark|[from] ability: Protean\n|-supereffective|p1a: Meowstic|1\n|-damage|p1a: Meowstic|13/100\n|move|p1a: Meowstic|Alluring Voice|p2b: Meowscarada\n|-start|p1a: Meowstic|typechange|Fairy|[from] ability: Protean\n|-supereffective|p2b: Meowscarada|1\n|-damage|p2b: Meowscarada|0 fnt\n|faint|p2b: Meowscarada\n|move|p2a: Chandelure|Heat Wave|p1a: Meowstic|[spread] p1a,p1b\n|-damage|p1a: Meowstic|0 fnt\n|-damage|p1b: Espathra|0 fnt\n|faint|p1a: Meowstic\n|faint|p1b: Espathra\n|\n|-weather|Snowscape|[upkeep]\n|upkeep\n|\n|t:|1776626764\n|switch|p2b: Sneasler|Sneasler, L50, F|100/100\n|switch|p1b: Milotic|Milotic, L50, F|100/100\n|-ability|p2b: Sneasler|Pressure\n|turn|5\n|\n|t:|1776626779\n|move|p2a: Chandelure|Protect|p2a: Chandelure\n|-singleturn|p2a: Chandelure|Protect\n|move|p2b: Sneasler|Gunk Shot|p1b: Milotic\n|-damage|p1b: Milotic|50/100\n|-status|p1b: Milotic|psn\n|-enditem|p1b: Milotic|Sitrus Berry|[eat]\n|-heal|p1b: Milotic|75/100 psn|[from] item: Sitrus Berry\n|move|p1b: Milotic|Hypnosis|p2b: Sneasler\n|-status|p2b: Sneasler|slp|[from] move: Hypnosis\n|\n|-weather|none\n|-damage|p1b: Milotic|62/100 psn|[from] psn\n|-fieldend|move: Gravity\n|upkeep\n|turn|6\n|\n|t:|1776626795\n|cant|p2b: Sneasler|slp\n|move|p2a: Chandelure|Shadow Ball|p1b: Milotic\n|-damage|p1b: Milotic|31/100 psn\n|-unboost|p1b: Milotic|spd|1\n|-ability|p1b: Milotic|Competitive|boost\n|-boost|p1b: Milotic|spa|2\n|move|p1b: Milotic|Scald|p2a: Chandelure\n|-supereffective|p2a: Chandelure|1\n|-damage|p2a: Chandelure|0 fnt\n|faint|p2a: Chandelure\n|\n|-damage|p1b: Milotic|19/100 psn|[from] psn\n|-fieldend|move: Psychic Terrain\n|upkeep\n|turn|7\n|\n|t:|1776626807\n|-curestatus|p2b: Sneasler|slp|[msg]\n|move|p2b: Sneasler|Close Combat|p1b: Milotic\n|-damage|p1b: Milotic|0 fnt\n|-unboost|p2b: Sneasler|def|1\n|-unboost|p2b: Sneasler|spd|1\n|faint|p1b: Milotic\n|\n|win|Irvantheboredone\n|raw|chuufromnotloona's rating: 1141 &rarr; <strong>1114</strong><br />(-27 for losing)\n|raw|Irvantheboredone's rating: 1117 &rarr; <strong>1144</strong><br />(+27 for winning)\n|c|\u2606chuufromnotloona|gg\n|c|\u2606Irvantheboredone|W h e w\n|c|\u2606Irvantheboredone|gg\n|l|\u2606chuufromnotloona\n|player|p1|\n",
  "uploadtime": 1776626815,
  "views": 10,
  "formatid": "gen9championsvgc2026regma",
  "rating": 1114,
  "private": 0,
  "password": null
}