{
  "id": "gen9championsvgc2026regma-2584693173",
  "format": "[Gen 9 Champions] VGC 2026 Reg M-A",
  "players": [
    "Zardx42",
    "Mirthinion"
  ],
  "log": "|j|\u2606Zardx42\n|j|\u2606Mirthinion\n|t:|1776277195\n|gametype|doubles\n|player|p1|Zardx42|169|1352\n|player|p2|Mirthinion|janitor|1444\n|gen|9\n|tier|[Gen 9 Champions] VGC 2026 Reg M-A\n|rated|\n|rule|Species Clause: Limit one of each Pok\u00e9mon\n|rule|Item Clause: Limit 1 of each item\n|clearpoke\n|poke|p1|Aggron, L50, F|\n|poke|p1|Sneasler, L50, M|\n|poke|p1|Tyranitar, L50, F|\n|poke|p1|Sinistcha, L50|\n|poke|p1|Aerodactyl, L50, F|\n|poke|p1|Hydreigon, L50, F|\n|poke|p2|Tyranitar, L50, M|\n|poke|p2|Lycanroc, L50, M|\n|poke|p2|Primarina, L50, F|\n|poke|p2|Corviknight, L50, M|\n|poke|p2|Sneasler, L50, M|\n|poke|p2|Incineroar, L50, M|\n|teampreview|4\n|inactive|Battle timer is ON: inactive players will automatically lose when time's up. (requested by Mirthinion)\n|inactive|Zardx42 has 60 seconds left.\n|inactive|Mirthinion has 60 seconds left.\n|j| Kral Artus\n|\n|t:|1776277255\n|teamsize|p1|4\n|teamsize|p2|4\n|start\n|switch|p1a: Aggron|Aggron, L50, F|100/100\n|switch|p1b: Sneasler|Sneasler, L50, M|100/100\n|switch|p2a: Sneasler|Sneasler, L50, M|100/100\n|switch|p2b: Incineroar|Incineroar, L50, M|100/100\n|-ability|p2b: Incineroar|Intimidate|boost\n|-unboost|p1a: Aggron|atk|1\n|-unboost|p1b: Sneasler|atk|1\n|-enditem|p1b: Sneasler|White Herb\n|-clearnegativeboost|p1b: Sneasler|[silent]\n|turn|1\n|\n|t:|1776277273\n|detailschange|p1a: Aggron|Aggron-Mega, L50, F\n|-mega|p1a: Aggron|Aggron|Aggronite\n|move|p1b: Sneasler|Fake Out|p2a: Sneasler\n|-damage|p2a: Sneasler|78/100\n|cant|p2a: Sneasler|flinch\n|move|p2b: Incineroar|Will-O-Wisp|p1a: Aggron\n|-status|p1a: Aggron|brn\n|move|p1a: Aggron|Iron Defense|p1a: Aggron\n|-boost|p1a: Aggron|def|2\n|\n|-damage|p1a: Aggron|95/100 brn|[from] brn\n|upkeep\n|turn|2\n|\n|t:|1776277295\n|move|p1b: Sneasler|Close Combat|p2b: Incineroar\n|-supereffective|p2b: Incineroar|1\n|-enditem|p2b: Incineroar|Chople Berry|[eat]\n|-enditem|p2b: Incineroar|Chople Berry|[weaken]\n|-damage|p2b: Incineroar|50/100\n|-unboost|p1b: Sneasler|def|1\n|-unboost|p1b: Sneasler|spd|1\n|move|p2a: Sneasler|Close Combat|p1a: Aggron\n|-supereffective|p1a: Aggron|1\n|-damage|p1a: Aggron|71/100 brn\n|-unboost|p2a: Sneasler|def|1\n|-unboost|p2a: Sneasler|spd|1\n|-enditem|p2a: Sneasler|White Herb\n|-clearnegativeboost|p2a: Sneasler|[silent]\n|move|p2b: Incineroar|Will-O-Wisp|p1b: Sneasler\n|-status|p1b: Sneasler|brn\n|move|p1a: Aggron|Iron Defense|p1a: Aggron\n|-boost|p1a: Aggron|def|2\n|\n|-damage|p1b: Sneasler|95/100 brn|[from] brn\n|-damage|p1a: Aggron|65/100 brn|[from] brn\n|upkeep\n|turn|3\n|inactive|Mirthinion has 30 seconds left.\n|\n|t:|1776277322\n|move|p2a: Sneasler|Close Combat|p1a: Aggron\n|-supereffective|p1a: Aggron|1\n|-damage|p1a: Aggron|49/100 brn\n|-unboost|p2a: Sneasler|def|1\n|-unboost|p2a: Sneasler|spd|1\n|move|p1b: Sneasler|Coaching|p1a: Aggron\n|-boost|p1a: Aggron|atk|1\n|-boost|p1a: Aggron|def|1\n|move|p2b: Incineroar|Flare Blitz|p1a: Aggron\n|-supereffective|p1a: Aggron|1\n|-damage|p1a: Aggron|39/100 brn\n|-damage|p2b: Incineroar|47/100|[from] Recoil\n|move|p1a: Aggron|Body Press|p2b: Incineroar\n|-supereffective|p2b: Incineroar|1\n|-damage|p2b: Incineroar|0 fnt\n|faint|p2b: Incineroar\n|\n|-damage|p1b: Sneasler|89/100 brn|[from] brn\n|-damage|p1a: Aggron|33/100 brn|[from] brn\n|upkeep\n|inactive|Mirthinion has 30 seconds left.\n|\n|t:|1776277349\n|switch|p2b: Primarina|Primarina, L50, F|100/100\n|turn|4\n|\n|t:|1776277366\n|switch|p1b: Sinistcha|Sinistcha, L50|100/100\n|-heal|p1a: Aggron|58/100 brn|[from] ability: Hospitality|[of] p1b: Sinistcha\n|move|p1a: Aggron|Protect|p1a: Aggron\n|-singleturn|p1a: Aggron|Protect\n|move|p2a: Sneasler|Dire Claw|p1b: Sinistcha\n|-damage|p1b: Sinistcha|65/100\n|-status|p1b: Sinistcha|slp\n|move|p2b: Primarina|Hyper Voice|p1a: Aggron|[spread] p1b\n|-activate|p1a: Aggron|move: Protect\n|-resisted|p1b: Sinistcha|1\n|-damage|p1b: Sinistcha|48/100 slp\n|\n|-damage|p1a: Aggron|52/100 brn|[from] brn\n|upkeep\n|turn|5\n|\n|t:|1776277390\n|move|p2a: Sneasler|Close Combat|p1a: Aggron\n|-supereffective|p1a: Aggron|1\n|-damage|p1a: Aggron|39/100 brn\n|-unboost|p2a: Sneasler|def|1\n|-unboost|p2a: Sneasler|spd|1\n|move|p2b: Primarina|Hyper Voice|p1b: Sinistcha|[spread] p1a,p1b\n|-crit|p1a: Aggron\n|-resisted|p1b: Sinistcha|1\n|-damage|p1a: Aggron|0 fnt\n|-damage|p1b: Sinistcha|31/100 slp\n|faint|p1a: Aggron\n|cant|p1b: Sinistcha|slp\n|\n|upkeep\n|\n|t:|1776277400\n|switch|p1a: Sneasler|Sneasler, L50, M|89/100 brn\n|turn|6\n|-message|Zardx42 forfeited.\n|\n|win|Mirthinion\n|raw|Zardx42's rating: 1352 &rarr; <strong>1337</strong><br />(-15 for losing)\n|raw|Mirthinion's rating: 1444 &rarr; <strong>1459</strong><br />(+15 for winning)\n|l|\u2606Zardx42\n|player|p1|\n",
  "uploadtime": 1776277409,
  "views": 64,
  "formatid": "gen9championsvgc2026regma",
  "rating": 1337,
  "private": 0,
  "password": null
}