{
  "id": "gen9championsvgc2026regma-2585479985",
  "format": "[Gen 9 Champions] VGC 2026 Reg M-A",
  "players": [
    "ynonewname",
    "Darpydragoon"
  ],
  "log": "|j|\u2606ynonewname\n|j|\u2606Darpydragoon\n|t:|1776350283\n|gametype|doubles\n|player|p1|ynonewname|clair|1091\n|player|p2|Darpydragoon|266|1003\n|gen|9\n|tier|[Gen 9 Champions] VGC 2026 Reg M-A\n|rated|\n|rule|Species Clause: Limit one of each Pok\u00e9mon\n|rule|Item Clause: Limit 1 of each item\n|clearpoke\n|poke|p1|Bellibolt, L50, F|\n|poke|p1|Tinkaton, L50, F|\n|poke|p1|Blastoise, L50, F|\n|poke|p1|Talonflame, L50, F|\n|poke|p1|Ditto, L50|\n|poke|p1|Cofagrigus, L50, F|\n|poke|p2|Garganacl, L50, M|\n|poke|p2|Azumarill, L50, F|\n|poke|p2|Incineroar, L50, F|\n|poke|p2|Sneasler, L50, F|\n|poke|p2|Froslass, L50, F|\n|poke|p2|Polteageist, L50|\n|teampreview|4\nDarpydragoon rejected open team sheets.\n|inactive|Battle timer is ON: inactive players will automatically lose when time's up. (requested by Darpydragoon)\n|\n|t:|1776350318\n|teamsize|p1|4\n|teamsize|p2|4\n|start\n|switch|p1a: Tinkaton|Tinkaton, L50, F, shiny|100/100\n|switch|p1b: Talonflame|Talonflame, L50, F, shiny|100/100\n|switch|p2a: Garganacl|Garganacl, L50, M|100/100\n|switch|p2b: Azumarill|Azumarill, L50, F|100/100\n|turn|1\n|\n|t:|1776350337\n|move|p1b: Talonflame|Tailwind|p1b: Talonflame\n|-sidestart|p1: ynonewname|move: Tailwind\n|move|p2b: Azumarill|Aqua Jet|p1b: Talonflame\n|-supereffective|p1b: Talonflame|1\n|-damage|p1b: Talonflame|62/100\n|move|p1a: Tinkaton|Gigaton Hammer|p2a: Garganacl\n|-supereffective|p2a: Garganacl|1\n|-damage|p2a: Garganacl|9/100\n|move|p2a: Garganacl|Stealth Rock|p1b: Talonflame\n|-sidestart|p1: ynonewname|move: Stealth Rock\n|\n|-heal|p2a: Garganacl|15/100|[from] item: Leftovers\n|upkeep\n|turn|2\n|\n|t:|1776350360\n|move|p2b: Azumarill|Aqua Jet|p1b: Talonflame\n|-supereffective|p1b: Talonflame|1\n|-damage|p1b: Talonflame|22/100\n|move|p1b: Talonflame|Roost|p1b: Talonflame\n|-heal|p1b: Talonflame|72/100\n|-singleturn|p1b: Talonflame|move: Roost\n|move|p1a: Tinkaton|Play Rough|p2a: Garganacl|[miss]\n|-miss|p1a: Tinkaton|p2a: Garganacl\n|move|p2a: Garganacl|Salt Cure|p1b: Talonflame\n|-supereffective|p1b: Talonflame|1\n|-damage|p1b: Talonflame|26/100\n|-start|p1b: Talonflame|Salt Cure\n|\n|-heal|p2a: Garganacl|21/100|[from] item: Leftovers\n|-damage|p1b: Talonflame|20/100|[from] Salt Cure\n|upkeep\n|turn|3\n|\n|t:|1776350381\n|move|p2b: Azumarill|Aqua Jet|p1b: Talonflame\n|-supereffective|p1b: Talonflame|1\n|-damage|p1b: Talonflame|0 fnt\n|faint|p1b: Talonflame\n|move|p1a: Tinkaton|Gigaton Hammer|p2a: Garganacl\n|-supereffective|p2a: Garganacl|1\n|-damage|p2a: Garganacl|0 fnt\n|faint|p2a: Garganacl\n|\n|upkeep\n|\n|t:|1776350392\n|switch|p1b: Blastoise|Blastoise, L50, F, shiny|100/100\n|switch|p2a: Polteageist|Polteageist, L50|100/100\n|-damage|p1b: Blastoise|88/100|[from] Stealth Rock\n|turn|4\n|\n|t:|1776350408\n|detailschange|p1b: Blastoise|Blastoise-Mega, L50, F, shiny\n|-mega|p1b: Blastoise|Blastoise|Blastoisinite\n|move|p1a: Tinkaton|Play Rough|p2b: Azumarill\n|-damage|p2b: Azumarill|60/100\n|move|p1b: Blastoise|Water Spout|p2a: Polteageist|[spread] p2a,p2b\n|-resisted|p2b: Azumarill|1\n|-damage|p2a: Polteageist|45/100\n|-damage|p2b: Azumarill|29/100\n|-enditem|p2b: Azumarill|Sitrus Berry|[eat]\n|-heal|p2b: Azumarill|54/100|[from] item: Sitrus Berry\n|move|p2a: Polteageist|Shell Smash|p2a: Polteageist\n|-unboost|p2a: Polteageist|def|1\n|-unboost|p2a: Polteageist|spd|1\n|-boost|p2a: Polteageist|atk|2\n|-boost|p2a: Polteageist|spa|2\n|-boost|p2a: Polteageist|spe|2\n|-enditem|p2a: Polteageist|White Herb\n|-clearnegativeboost|p2a: Polteageist|[silent]\n|move|p2b: Azumarill|Belly Drum|p2b: Azumarill\n|-damage|p2b: Azumarill|4/100\n|-setboost|p2b: Azumarill|atk|6|[from] move: Belly Drum\n|\n|-sideend|p1: ynonewname|move: Tailwind\n|upkeep\n|turn|5\n|inactive|Darpydragoon has 30 seconds left.\n|inactive|Darpydragoon has 20 seconds left.\n|inactive|Darpydragoon has 15 seconds left.\n|\n|t:|1776350449\n|switch|p1b: Ditto|Ditto, L50, shiny|100/100\n|-damage|p1b: Ditto|88/100|[from] Stealth Rock\n|-transform|p1b: Ditto|p2a: Polteageist|[from] ability: Imposter\n|move|p2b: Azumarill|Aqua Jet|p1a: Tinkaton\n|-damage|p1a: Tinkaton|41/100\n|move|p2a: Polteageist|Giga Drain|p1b: Ditto\n|-damage|p1b: Ditto|33/100\n|-heal|p2a: Polteageist|71/100|[from] drain|[of] p1b: Ditto\n|move|p1a: Tinkaton|Gigaton Hammer|p2b: Azumarill\n|-damage|p2b: Azumarill|0 fnt\n|faint|p2b: Azumarill\n|\n|-heal|p1b: Ditto|39/100|[from] item: Leftovers\n|upkeep\n|\n|t:|1776350465\n|switch|p2b: Froslass|Froslass, L50, F|100/100\n|turn|6\n|inactive|ynonewname has 30 seconds left.\n|inactive|Darpydragoon has 30 seconds left.\n|\n|t:|1776350496\n|switch|p1a: Blastoise|Blastoise-Mega, L50, F, shiny|88/100\n|-damage|p1a: Blastoise|76/100|[from] Stealth Rock\n|detailschange|p2b: Froslass|Froslass-Mega, L50, F\n|-mega|p2b: Froslass|Froslass|Froslassite\n|-weather|Snowscape|[from] ability: Snow Warning|[of] p2b: Froslass\n|move|p2a: Polteageist|Stored Power|p1b: Ditto\n|-damage|p1b: Ditto|0 fnt\n|faint|p1b: Ditto\n|move|p2b: Froslass|Aurora Veil|p2b: Froslass\n|-sidestart|p2: Darpydragoon|move: Aurora Veil\n|\n|-weather|Snowscape|[upkeep]\n|upkeep\n|-message|ynonewname forfeited.\n|\n|win|Darpydragoon\n|raw|ynonewname's rating: 1067 &rarr; <strong>1043</strong><br />(-24 for losing)\n|raw|Darpydragoon's rating: 1003 &rarr; <strong>1050</strong><br />(+47 for winning)\n|l|\u2606ynonewname\n|player|p1|\n",
  "uploadtime": 1776350561,
  "views": 24,
  "formatid": "gen9championsvgc2026regma",
  "rating": 1043,
  "private": 0,
  "password": null
}