{
  "id": "gen9championsvgc2026regma-2586496553",
  "format": "[Gen 9 Champions] VGC 2026 Reg M-A",
  "players": [
    "ziketon",
    "Dinz77"
  ],
  "log": "|j|\u2606ziketon\n|j|\u2606Dinz77\n|t:|1776438711\n|gametype|doubles\n|player|p1|ziketon|266|1129\n|player|p2|Dinz77|2|1108\n|gen|9\n|tier|[Gen 9 Champions] VGC 2026 Reg M-A\n|rated|\n|rule|Species Clause: Limit one of each Pok\u00e9mon\n|rule|Item Clause: Limit 1 of each item\n|clearpoke\n|poke|p1|Farigiraf, L50, F|\n|poke|p1|Torkoal, L50, F|\n|poke|p1|Golurk, L50|\n|poke|p1|Kingambit, L50, F|\n|poke|p1|Venusaur, L50, F|\n|poke|p1|Sinistcha, L50|\n|poke|p2|Heracross, L50, M|\n|poke|p2|Whimsicott, L50, M|\n|poke|p2|Politoed, L50, M|\n|poke|p2|Basculegion, L50, M|\n|poke|p2|Incineroar, L50, F|\n|poke|p2|Archaludon, L50, M|\n|teampreview|4\nDinz77 has agreed to open team sheets.\n|\n|t:|1776438752\n|teamsize|p1|4\n|teamsize|p2|4\n|start\n|switch|p1a: Farigiraf|Farigiraf, L50, F|100/100\n|switch|p1b: Sinistcha|Sinistcha, L50|100/100\n|switch|p2a: Heracross|Heracross, L50, M|100/100\n|switch|p2b: Incineroar|Incineroar, L50, F|100/100\n|-ability|p2b: Incineroar|Intimidate|boost\n|-unboost|p1a: Farigiraf|atk|1\n|-unboost|p1b: Sinistcha|atk|1\n|turn|1\n|inactive|Battle timer is ON: inactive players will automatically lose when time's up. (requested by ziketon)\n|\n|t:|1776438822\n|detailschange|p2a: Heracross|Heracross-Mega, L50, M\n|-mega|p2a: Heracross|Heracross|Heracronite\n|move|p1a: Farigiraf|Protect|p1a: Farigiraf\n|-singleturn|p1a: Farigiraf|Protect\n|move|p2a: Heracross|Pin Missile|p1a: Farigiraf\n|-activate|p1a: Farigiraf|move: Protect\n|move|p2b: Incineroar|Throat Chop|p1a: Farigiraf\n|-activate|p1a: Farigiraf|move: Protect\n|move|p1b: Sinistcha|Trick Room|p1b: Sinistcha\n|-fieldstart|move: Trick Room|[of] p1b: Sinistcha\n|\n|upkeep\n|turn|2\n|inactive|ziketon has 30 seconds left.\n|\n|t:|1776438851\n|switch|p1a: Torkoal|Torkoal, L50, F|100/100\n|-weather|SunnyDay|[from] ability: Drought|[of] p1a: Torkoal\n|switch|p1b: Venusaur|Venusaur, L50, F|100/100\n|move|p2a: Heracross|Detect|p2a: Heracross\n|-singleturn|p2a: Heracross|Protect\n|move|p2b: Incineroar|Throat Chop|p1a: Torkoal\n|-damage|p1a: Torkoal|76/100\n|-start|p1a: Torkoal|Throat Chop|[silent]\n|\n|-weather|SunnyDay|[upkeep]\n|upkeep\n|turn|3\n|inactive|ziketon has 30 seconds left.\n|inactive|Dinz77 has 30 seconds left.\n|inactive|ziketon has 20 seconds left.\n|inactive|Dinz77 has 20 seconds left.\n|\n|t:|1776438892\n|switch|p2a: Basculegion|Basculegion, L50, M|100/100\n|move|p1a: Torkoal|Eruption|p2b: Incineroar|[spread] p2a,p2b\n|-resisted|p2a: Basculegion|1\n|-resisted|p2b: Incineroar|1\n|-damage|p2a: Basculegion|62/100\n|-damage|p2b: Incineroar|72/100\n|move|p2b: Incineroar|Flare Blitz|p1b: Venusaur\n|-supereffective|p1b: Venusaur|1\n|-damage|p1b: Venusaur|0 fnt\n|faint|p1b: Venusaur\n|-damage|p2b: Incineroar|42/100|[from] Recoil\n|-enditem|p2b: Incineroar|Sitrus Berry|[eat]\n|-heal|p2b: Incineroar|66/100|[from] item: Sitrus Berry\n|\n|-weather|SunnyDay|[upkeep]\n|-end|p1a: Torkoal|Throat Chop|[silent]\n|upkeep\n|\n|t:|1776438912\n|switch|p1b: Farigiraf|Farigiraf, L50, F|100/100\n|turn|4\n|\n|t:|1776438925\n|switch|p2a: Politoed|Politoed, L50, M|100/100\n|-weather|RainDance|[from] ability: Drizzle|[of] p2a: Politoed\n|move|p1b: Farigiraf|Protect|p1b: Farigiraf\n|-singleturn|p1b: Farigiraf|Protect\n|move|p1a: Torkoal|Solar Beam||[still]\n|-prepare|p1a: Torkoal|Solar Beam\n|move|p2b: Incineroar|Throat Chop|p1b: Farigiraf\n|-activate|p1b: Farigiraf|move: Protect\n|\n|-weather|RainDance|[upkeep]\n|upkeep\n|turn|5\n|\n|t:|1776438948\n|switch|p1b: Sinistcha|Sinistcha, L50|100/100\n|-heal|p1a: Torkoal|100/100|[from] ability: Hospitality|[of] p1b: Sinistcha\n|move|p1a: Torkoal|Solar Beam|p2a: Politoed|[from] lockedmove\n|-supereffective|p2a: Politoed|1\n|-damage|p2a: Politoed|69/100\n|move|p2b: Incineroar|Throat Chop|p1b: Sinistcha\n|-supereffective|p1b: Sinistcha|1\n|-damage|p1b: Sinistcha|21/100\n|-start|p1b: Sinistcha|Throat Chop|[silent]\n|move|p2a: Politoed|Weather Ball|p1a: Torkoal\n|-supereffective|p1a: Torkoal|1\n|-damage|p1a: Torkoal|0 fnt\n|faint|p1a: Torkoal\n|\n|-weather|RainDance|[upkeep]\n|-heal|p2a: Politoed|75/100|[from] item: Leftovers\n|-fieldend|move: Trick Room\n|upkeep\n|-message|ziketon forfeited.\n|\n|win|Dinz77\n|raw|ziketon's rating: 1129 &rarr; <strong>1102</strong><br />(-27 for losing)\n|raw|Dinz77's rating: 1108 &rarr; <strong>1135</strong><br />(+27 for winning)\n|l|\u2606ziketon\n|player|p1|\n|c|\u2606Dinz77|gg\n",
  "uploadtime": 1776438967,
  "views": 45,
  "formatid": "gen9championsvgc2026regma",
  "rating": 1102,
  "private": 0,
  "password": null
}