{
  "id": "gen9championsvgc2026regma-2581859478",
  "format": "[Gen 9 Champions] VGC 2026 Reg M-A",
  "players": [
    "cabrino",
    "chaelk"
  ],
  "log": "|j|\u2606cabrino\n|j|\u2606chaelk\n|t:|1776034382\n|gametype|doubles\n|player|p1|cabrino|depotagent|1179\n|player|p2|chaelk|2|1256\n|gen|9\n|tier|[Gen 9 Champions] VGC 2026 Reg M-A\n|rated|\n|rule|Species Clause: Limit one of each Pok\u00e9mon\n|rule|Item Clause: Limit 1 of each item\n|clearpoke\n|poke|p1|Sneasler, L50, M|\n|poke|p1|Charizard, L50, M|\n|poke|p1|Aerodactyl, L50, F|\n|poke|p1|Incineroar, L50, M|\n|poke|p1|Farigiraf, L50, M|\n|poke|p1|Garchomp, L50, M|\n|poke|p2|Floette-Eternal, L50, F|\n|poke|p2|Aerodactyl, L50, F|\n|poke|p2|Incineroar, L50, M|\n|poke|p2|Garchomp, L50, M|\n|poke|p2|Rotom-Mow, L50|\n|poke|p2|Farigiraf, L50, F|\n|teampreview|4\n|inactive|Battle timer is ON: inactive players will automatically lose when time's up. (requested by chaelk)\n|inactive|chaelk has 60 seconds left.\n|\n|t:|1776034442\n|teamsize|p1|4\n|teamsize|p2|4\n|start\n|switch|p1a: Cryo|Farigiraf, L50, M|100/100\n|switch|p1b: AeroNarfi|Aerodactyl, L50, F, shiny|100/100\n|switch|p2a: Aerodactyl|Aerodactyl, L50, F|100/100\n|switch|p2b: Incineroar|Incineroar, L50, M|100/100\n|-ability|p1b: AeroNarfi|Unnerve\n|-ability|p2a: Aerodactyl|Unnerve\n|-ability|p2b: Incineroar|Intimidate|boost\n|-unboost|p1a: Cryo|atk|1\n|-unboost|p1b: AeroNarfi|atk|1\n|turn|1\n|inactive|chaelk has 30 seconds left.\n|inactive|chaelk has 20 seconds left.\n|inactive|chaelk has 15 seconds left.\n|inactive|chaelk has 10 seconds left.\n|inactive|chaelk has 5 seconds left.\n|\n|t:|1776034495\n|move|p1b: AeroNarfi|Tailwind|p1b: AeroNarfi\n|-sidestart|p1: cabrino|move: Tailwind\n|move|p2a: Aerodactyl|Taunt|p1a: Cryo\n|-start|p1a: Cryo|move: Taunt\n|move|p1a: Cryo|Hyper Voice|p2b: Incineroar|[spread] p2a,p2b\n|-resisted|p2a: Aerodactyl|1\n|-damage|p2a: Aerodactyl|77/100\n|-damage|p2b: Incineroar|72/100\n|move|p2b: Incineroar|Parting Shot|p1b: AeroNarfi\n|-unboost|p1b: AeroNarfi|atk|1\n|-unboost|p1b: AeroNarfi|spa|1\n|\n|t:|1776034506\n|switch|p2b: Farigiraf|Farigiraf, L50, F|100/100|[from] Parting Shot\n|\n|upkeep\n|turn|2\n|\n|t:|1776034515\n|move|p1b: AeroNarfi|Rock Slide|p2a: Aerodactyl|[spread] p2a,p2b\n|-supereffective|p2a: Aerodactyl|1\n|-damage|p2a: Aerodactyl|39/100\n|-damage|p2b: Farigiraf|90/100\n|move|p2a: Aerodactyl|Rock Slide|p1a: Cryo|[spread] p1a,p1b\n|-supereffective|p1b: AeroNarfi|1\n|-damage|p1a: Cryo|76/100\n|-damage|p1b: AeroNarfi|16/100\n|move|p1a: Cryo|Hyper Voice|p2a: Aerodactyl|[spread] p2a,p2b\n|-resisted|p2a: Aerodactyl|1\n|-damage|p2a: Aerodactyl|16/100\n|-damage|p2b: Farigiraf|58/100\n|cant|p2b: Farigiraf|flinch\n|\n|upkeep\n|turn|3\n|inactive|chaelk has 30 seconds left.\n|inactive|chaelk has 20 seconds left.\n|inactive|chaelk has 15 seconds left.\n|inactive|chaelk has 10 seconds left.\n|inactive|chaelk has 5 seconds left.\n|\n|t:|1776034566\n|move|p1b: AeroNarfi|Rock Slide|p2b: Farigiraf|[spread] p2a,p2b\n|-supereffective|p2a: Aerodactyl|1\n|-damage|p2a: Aerodactyl|0 fnt\n|-damage|p2b: Farigiraf|48/100\n|faint|p2a: Aerodactyl\n|move|p1a: Cryo|Hyper Voice|p2b: Farigiraf\n|-damage|p2b: Farigiraf|2/100\n|move|p2b: Farigiraf|Trick Room|p2b: Farigiraf\n|-fieldstart|move: Trick Room|[of] p2b: Farigiraf\n|\n|-end|p1a: Cryo|move: Taunt\n|upkeep\n|\n|t:|1776034572\n|switch|p2a: Floette|Floette-Eternal, L50, F|100/100\n|turn|4\n|\n|t:|1776034586\n|detailschange|p2a: Floette|Floette-Mega, L50, F\n|-mega|p2a: Floette|Floette|Floettite\n|-ability|p2a: Floette|Fairy Aura\n|move|p2a: Floette|Calm Mind|p2a: Floette\n|-boost|p2a: Floette|spa|1\n|-boost|p2a: Floette|spd|1\n|move|p1b: AeroNarfi|Rock Slide|p2a: Floette|[spread] p2a,p2b\n|-damage|p2a: Floette|82/100\n|-damage|p2b: Farigiraf|0 fnt\n|faint|p2b: Farigiraf\n|move|p1a: Cryo|Trick Room|p1a: Cryo\n|-fieldend|move: Trick Room\n|\n|-sideend|p1: cabrino|move: Tailwind\n|upkeep\n|inactive|chaelk has 30 seconds left.\n|\n|t:|1776034616\n|switch|p2b: Incineroar|Incineroar, L50, M|72/100\n|-ability|p2b: Incineroar|Intimidate|boost\n|-unboost|p1a: Cryo|atk|1\n|-unboost|p1b: AeroNarfi|atk|1\n|turn|5\n|\n|t:|1776034625\n|move|p2b: Incineroar|Fake Out||[still]\n|cant|p1a: Cryo|ability: Armor Tail|Fake Out|[of] p2b: Incineroar\n|move|p1b: AeroNarfi|Tailwind|p1b: AeroNarfi\n|-sidestart|p1: cabrino|move: Tailwind\n|move|p1a: Cryo|Hyper Voice|p2a: Floette|[spread] p2a,p2b\n|-damage|p2a: Floette|64/100\n|-damage|p2b: Incineroar|41/100\n|move|p2a: Floette|Moonblast|p1a: Cryo\n|-damage|p1a: Cryo|0 fnt\n|faint|p1a: Cryo\n|\n|upkeep\n|\n|t:|1776034641\n|switch|p1a: Pugsy Hunter|Sneasler, L50, M, shiny|100/100\n|turn|6\n|\n|t:|1776034662\n|move|p1b: AeroNarfi|Rock Slide|p2a: Floette|[spread] p2a,p2b\n|-supereffective|p2b: Incineroar|1\n|-damage|p2a: Floette|51/100\n|-damage|p2b: Incineroar|20/100\n|move|p1a: Pugsy Hunter|Dire Claw|p2a: Floette\n|-supereffective|p2a: Floette|1\n|-damage|p2a: Floette|0 fnt\n|faint|p2a: Floette\n|move|p2b: Incineroar|Flare Blitz|p1a: Pugsy Hunter\n|-damage|p1a: Pugsy Hunter|10/100\n|-damage|p2b: Incineroar|0 fnt|[from] Recoil\n|faint|p2b: Incineroar\n|\n|win|cabrino\n|raw|cabrino's rating: 1179 &rarr; <strong>1209</strong><br />(+30 for winning)\n|raw|chaelk's rating: 1256 &rarr; <strong>1226</strong><br />(-30 for losing)\n|l|\u2606chaelk\n|player|p2|\n|l|\u2606cabrino\n|player|p1|\n|j|\u2606cabrino\n|player|p1|cabrino|depotagent|\n",
  "uploadtime": 1776034676,
  "views": 38,
  "formatid": "gen9championsvgc2026regma",
  "rating": 1209,
  "private": 0,
  "password": null
}