{
  "id": "gen9championsvgc2026regma-2581642247",
  "format": "[Gen 9 Champions] VGC 2026 Reg M-A",
  "players": [
    "jesusge10",
    "actuary97"
  ],
  "log": "|j|\u2606jesusge10\n|j|\u2606actuary97\n|t:|1776017355\n|gametype|doubles\n|player|p1|jesusge10|hoopster|1286\n|player|p2|actuary97|sabrina-frlg|1258\n|gen|9\n|tier|[Gen 9 Champions] VGC 2026 Reg M-A\n|rated|\n|rule|Species Clause: Limit one of each Pok\u00e9mon\n|rule|Item Clause: Limit 1 of each item\n|clearpoke\n|poke|p1|Charizard, L50, F|\n|poke|p1|Whimsicott, L50, F|\n|poke|p1|Sneasler, L50, M|\n|poke|p1|Kingambit, L50, M|\n|poke|p1|Garchomp, L50, F|\n|poke|p1|Milotic, L50, M|\n|poke|p2|Tyranitar, L50, F|\n|poke|p2|Gallade, L50, M|\n|poke|p2|Sinistcha, L50|\n|poke|p2|Corviknight, L50, F|\n|poke|p2|Incineroar, L50, F|\n|poke|p2|Alakazam, L50, F|\n|teampreview|4\n|inactive|Battle timer is ON: inactive players will automatically lose when time's up. (requested by actuary97)\n|\n|t:|1776017390\n|teamsize|p1|4\n|teamsize|p2|4\n|start\n|switch|p1a: Sneasler|Sneasler, L50, M, shiny|100/100\n|switch|p1b: Kingambit|Kingambit, L50, M|100/100\n|switch|p2a: Alakazam|Alakazam, L50, F|100/100\n|switch|p2b: Gallade|Gallade, L50, M, shiny|100/100\n|turn|1\n|\n|t:|1776017410\n|move|p2a: Alakazam|Protect|p2a: Alakazam\n|-singleturn|p2a: Alakazam|Protect\n|move|p2b: Gallade|Protect|p2b: Gallade\n|-singleturn|p2b: Gallade|Protect\n|move|p1a: Sneasler|Fake Out|p2b: Gallade\n|-activate|p2b: Gallade|move: Protect\n|move|p1b: Kingambit|Kowtow Cleave|p2a: Alakazam\n|-activate|p2a: Alakazam|move: Protect\n|\n|upkeep\n|turn|2\n|inactive|jesusge10 has 30 seconds left.\n|inactive|jesusge10 has 20 seconds left.\n|inactive|jesusge10 has 15 seconds left.\n|\n|t:|1776017451\n|switch|p1a: Milotic|Milotic, L50, M, shiny|100/100\n|move|p1b: Kingambit|Protect|p1b: Kingambit\n|-singleturn|p1b: Kingambit|Protect\n|move|p2a: Alakazam|Encore||[still]\n|-fail|p2a: Alakazam\n|move|p2b: Gallade|Sacred Sword|p1b: Kingambit\n|-activate|p1b: Kingambit|move: Protect\n|\n|upkeep\n|turn|3\n|inactive|jesusge10 has 30 seconds left.\n|\n|t:|1776017486\n|switch|p1b: Charizard|Charizard, L50, F, shiny|100/100\n|move|p2a: Alakazam|Psyshock|p1b: Charizard\n|-damage|p1b: Charizard|47/100\n|move|p2b: Gallade|Leaf Blade|p1a: Milotic\n|-supereffective|p1a: Milotic|1\n|-damage|p1a: Milotic|21/100\n|move|p1a: Milotic|Scald|p2b: Gallade\n|-damage|p2b: Gallade|70/100\n|\n|-heal|p1a: Milotic|27/100|[from] item: Leftovers\n|upkeep\n|turn|4\n|inactive|jesusge10 has 30 seconds left.\n|inactive|jesusge10 has 20 seconds left.\n|inactive|jesusge10 has 15 seconds left.\n|\n|t:|1776017527\n|switch|p1b: Kingambit|Kingambit, L50, M|100/100\n|move|p1a: Milotic|Protect|p1a: Milotic\n|-singleturn|p1a: Milotic|Protect\n|move|p2a: Alakazam|Psyshock|p1b: Kingambit\n|-immune|p1b: Kingambit\n|move|p2b: Gallade|Psycho Cut|p1a: Milotic\n|-activate|p1a: Milotic|move: Protect\n|\n|-heal|p1a: Milotic|33/100|[from] item: Leftovers\n|upkeep\n|turn|5\n|inactive|jesusge10 has 30 seconds left.\n|inactive|actuary97 has 30 seconds left.\n|\n|t:|1776017564\n|switch|p1a: Sneasler|Sneasler, L50, M, shiny|100/100\n|move|p2b: Gallade|Protect|p2b: Gallade\n|-singleturn|p2b: Gallade|Protect\n|move|p1b: Kingambit|Sucker Punch||[still]\n|-fail|p1b: Kingambit\n|move|p2a: Alakazam|Disable|p1b: Kingambit\n|-start|p1b: Kingambit|Disable|Sucker Punch\n|\n|upkeep\n|turn|6\n|inactive|jesusge10 has 30 seconds left.\n|inactive|actuary97 has 30 seconds left.\n|\n|t:|1776017597\n|move|p1a: Sneasler|Feint|p2a: Alakazam\n|-damage|p2a: Alakazam|73/100\n|move|p2a: Alakazam|Encore|p1b: Kingambit\n|-start|p1b: Kingambit|Encore\n|cant|p1b: Kingambit|Disable|Sucker Punch\n|move|p2b: Gallade|Psycho Cut|p1a: Sneasler\n|-supereffective|p1a: Sneasler|2\n|-enditem|p1a: Sneasler|Focus Sash\n|-damage|p1a: Sneasler|1/100\n|\n|upkeep\n|turn|7\n|\n|t:|1776017622\n|switch|p2a: Sinistcha|Sinistcha, L50|100/100\n|-heal|p2b: Gallade|95/100|[from] ability: Hospitality|[of] p2a: Sinistcha\n|switch|p1b: Charizard|Charizard, L50, F, shiny|47/100\n|move|p1a: Sneasler|Dire Claw|p2b: Gallade\n|-damage|p2b: Gallade|21/100\n|move|p2b: Gallade|Sacred Sword|p1a: Sneasler\n|-resisted|p1a: Sneasler|1\n|-damage|p1a: Sneasler|0 fnt\n|faint|p1a: Sneasler\n|\n|upkeep\n|\n|t:|1776017639\n|switch|p1a: Milotic|Milotic, L50, M, shiny|33/100\n|turn|8\n|\n|t:|1776017652\n|switch|p2b: Tyranitar|Tyranitar, L50, F, shiny|100/100\n|-weather|Sandstorm|[from] ability: Sand Stream|[of] p2b: Tyranitar\n|detailschange|p1b: Charizard|Charizard-Mega-Y, L50, F, shiny\n|-mega|p1b: Charizard|Charizard|Charizardite Y\n|-weather|SunnyDay|[from] ability: Drought|[of] p1b: Charizard\n|move|p1b: Charizard|Heat Wave|p2a: Sinistcha|[spread] p2a,p2b\n|-supereffective|p2a: Sinistcha|1\n|-resisted|p2b: Tyranitar|1\n|-damage|p2a: Sinistcha|0 fnt\n|-damage|p2b: Tyranitar|74/100\n|faint|p2a: Sinistcha\n|move|p1a: Milotic|Recover|p1a: Milotic\n|-heal|p1a: Milotic|83/100\n|\n|-weather|SunnyDay|[upkeep]\n|-heal|p1a: Milotic|89/100|[from] item: Leftovers\n|upkeep\n|\n|t:|1776017661\n|switch|p2a: Gallade|Gallade, L50, M, shiny|21/100\n|turn|9\n|\n|t:|1776017679\n|detailschange|p2b: Tyranitar|Tyranitar-Mega, L50, F, shiny\n|-mega|p2b: Tyranitar|Tyranitar|Tyranitarite\n|-weather|Sandstorm|[from] ability: Sand Stream|[of] p2b: Tyranitar\n|move|p2a: Gallade|Protect|p2a: Gallade\n|-singleturn|p2a: Gallade|Protect\n|move|p1b: Charizard|Solar Beam||[still]\n|-prepare|p1b: Charizard|Solar Beam\n|move|p2b: Tyranitar|Dragon Dance|p2b: Tyranitar\n|-boost|p2b: Tyranitar|atk|1\n|-boost|p2b: Tyranitar|spe|1\n|move|p1a: Milotic|Scald|p2b: Tyranitar\n|-supereffective|p2b: Tyranitar|1\n|-damage|p2b: Tyranitar|44/100\n|\n|-weather|Sandstorm|[upkeep]\n|-damage|p1b: Charizard|41/100|[from] Sandstorm\n|-damage|p2a: Gallade|15/100|[from] Sandstorm\n|-damage|p1a: Milotic|83/100|[from] Sandstorm\n|-heal|p1a: Milotic|89/100|[from] item: Leftovers\n|upkeep\n|turn|10\n|inactive|jesusge10 has 30 seconds left.\n|inactive|jesusge10 has 20 seconds left.\n|inactive|jesusge10 has 15 seconds left.\n|\n|t:|1776017723\n|move|p2b: Tyranitar|Rock Slide|p1a: Milotic|[spread] p1a\n|-miss|p2b: Tyranitar|p1b: Charizard\n|-damage|p1a: Milotic|48/100\n|move|p1b: Charizard|Solar Beam|p2b: Tyranitar|[from] lockedmove\n|-supereffective|p2b: Tyranitar|1\n|-damage|p2b: Tyranitar|21/100\n|move|p2a: Gallade|Leaf Blade|p1a: Milotic\n|-supereffective|p1a: Milotic|1\n|-crit|p1a: Milotic\n|-damage|p1a: Milotic|0 fnt\n|faint|p1a: Milotic\n|\n|-weather|Sandstorm|[upkeep]\n|-damage|p1b: Charizard|35/100|[from] Sandstorm\n|-damage|p2a: Gallade|9/100|[from] Sandstorm\n|upkeep\n|\n|t:|1776017737\n|switch|p1a: Kingambit|Kingambit, L50, M|100/100\n|turn|11\n|\n|t:|1776017754\n|move|p1a: Kingambit|Sucker Punch|p2b: Tyranitar\n|-resisted|p2b: Tyranitar|1\n|-damage|p2b: Tyranitar|6/100\n|move|p2b: Tyranitar|Rock Slide|p1a: Kingambit|[spread] p1a,p1b\n|-resisted|p1a: Kingambit|1\n|-supereffective|p1b: Charizard|2\n|-damage|p1a: Kingambit|82/100\n|-damage|p1b: Charizard|0 fnt\n|faint|p1b: Charizard\n|move|p2a: Gallade|Sacred Sword|p1a: Kingambit\n|-supereffective|p1a: Kingambit|2\n|-crit|p1a: Kingambit\n|-damage|p1a: Kingambit|0 fnt\n|faint|p1a: Kingambit\n|\n|win|actuary97\n|raw|jesusge10's rating: 1286 &rarr; <strong>1259</strong><br />(-27 for losing)\n|raw|actuary97's rating: 1258 &rarr; <strong>1285</strong><br />(+27 for winning)\n",
  "uploadtime": 1776017763,
  "views": 40,
  "formatid": "gen9championsvgc2026regma",
  "rating": 1259,
  "private": 0,
  "password": null
}