{
  "id": "gen9championsvgc2026regma-2581278719",
  "format": "[Gen 9 Champions] VGC 2026 Reg M-A",
  "players": [
    "miauser30",
    "RyushinYuki"
  ],
  "log": "|j|\u2606miauser30\n|j|\u2606RyushinYuki\n|t:|1775980410\n|gametype|doubles\n|player|p1|miauser30|102|1457\n|player|p2|RyushinYuki|cynthia-masters|1504\n|gen|9\n|tier|[Gen 9 Champions] VGC 2026 Reg M-A\n|rated|\n|rule|Species Clause: Limit one of each Pok\u00e9mon\n|rule|Item Clause: Limit 1 of each item\n|clearpoke\n|poke|p1|Incineroar, L50, M|\n|poke|p1|Palafin, L50, F|\n|poke|p1|Gengar, L50, F|\n|poke|p1|Whimsicott, L50, M|\n|poke|p1|Kommo-o, L50, M|\n|poke|p1|Politoed, L50, M|\n|poke|p2|Corviknight, L50, M|\n|poke|p2|Tyranitar, L50, M|\n|poke|p2|Excadrill, L50, F|\n|poke|p2|Meganium, L50, M|\n|poke|p2|Sneasler, L50, F|\n|poke|p2|Rotom-Wash, L50|\n|teampreview|4\nmiauser30 has agreed to open team sheets.\n|j| gE1xjZRtuhW2DdT0AK\n|j| Crvstal_K!tty\n|j| Baby Kunai\n|c| Crvstal_K!tty|these teams are so awesome\n|\n|t:|1775980481\n|teamsize|p1|4\n|teamsize|p2|4\n|start\n|switch|p1a: Kommo-o|Kommo-o, L50, M|100/100\n|switch|p1b: Palafin|Palafin, L50, F|100/100\n|switch|p2a: Excadrill|Excadrill, L50, F|100/100\n|switch|p2b: Corviknight|Corviknight, L50, M|100/100\n|turn|1\n|j| wqewerert\n|\n|t:|1775980507\n|switch|p2a: Meganium|Meganium, L50, M|100/100\n|detailschange|p1b: Palafin|Palafin-Hero, L50, F\n|switch|p1b: Whimsicott|Whimsicott, L50, M|100/100\n|move|p1a: Kommo-o|Protect|p1a: Kommo-o\n|-singleturn|p1a: Kommo-o|Protect\n|move|p2b: Corviknight|Tailwind|p2b: Corviknight\n|-sidestart|p2: RyushinYuki|move: Tailwind\n|\n|upkeep\n|turn|2\n|\n|t:|1775980524\n|detailschange|p2a: Meganium|Meganium-Mega, L50, M\n|-mega|p2a: Meganium|Meganium|Meganiumite\n|move|p1b: Whimsicott|Encore|p2b: Corviknight\n|-start|p2b: Corviknight|Encore\n|move|p2a: Meganium|Dazzling Gleam|p1a: Kommo-o|[spread] p1a,p1b\n|-supereffective|p1a: Kommo-o|2\n|-damage|p1a: Kommo-o|0 fnt\n|-damage|p1b: Whimsicott|49/100\n|faint|p1a: Kommo-o\n|move|p2b: Corviknight|Tailwind||[still]\n|-fail|p2b: Corviknight\n|\n|upkeep\n|\n|t:|1775980534\n|switch|p1a: Gengar|Gengar, L50, F|100/100\n|turn|3\n|\n|t:|1775980554\n|switch|p2b: Excadrill|Excadrill, L50, F|100/100\n|detailschange|p1a: Gengar|Gengar-Mega, L50, F\n|-mega|p1a: Gengar|Gengar|Gengarite\n|move|p1b: Whimsicott|Encore|p2a: Meganium\n|-start|p2a: Meganium|Encore\n|move|p2a: Meganium|Dazzling Gleam|p1a: Gengar|[spread] p1a,p1b\n|-resisted|p1a: Gengar|1\n|-damage|p1a: Gengar|79/100\n|-damage|p1b: Whimsicott|0 fnt\n|faint|p1b: Whimsicott\n|move|p1a: Gengar|Disable|p2a: Meganium\n|-start|p2a: Meganium|Disable|Dazzling Gleam\n|\n|upkeep\n|j| Longtoudishu56\n|\n|t:|1775980565\n|switch|p1b: Palafin|Palafin-Hero, L50, F|100/100\n|-activate|p1b: Palafin|ability: Zero to Hero\n|turn|4\n|l| Longtoudishu56\n|\n|t:|1775980589\n|move|p1a: Gengar|Protect|p1a: Gengar\n|-singleturn|p1a: Gengar|Protect\n|move|p1b: Palafin|Jet Punch|p2b: Excadrill\n|-supereffective|p2b: Excadrill|1\n|-enditem|p2b: Excadrill|Focus Sash\n|-damage|p2b: Excadrill|1/100\n|-activate|p2a: Meganium|move: Struggle\n|move|p2a: Meganium|Struggle|p1b: Palafin\n|-damage|p1b: Palafin|91/100\n|-damage|p2a: Meganium|75/100|[from] recoil\n|move|p2b: Excadrill|Earthquake|p1a: Gengar|[spread] p2a,p1b\n|-activate|p1a: Gengar|move: Protect\n|-resisted|p2a: Meganium|1\n|-damage|p2a: Meganium|55/100\n|-damage|p1b: Palafin|50/100\n|\n|-sideend|p2: RyushinYuki|move: Tailwind\n|upkeep\n|turn|5\n|\n|t:|1775980613\n|move|p1b: Palafin|Jet Punch|p2b: Excadrill\n|-supereffective|p2b: Excadrill|1\n|-damage|p2b: Excadrill|0 fnt\n|faint|p2b: Excadrill\n|move|p1a: Gengar|Shadow Ball|p2a: Meganium\n|-damage|p2a: Meganium|6/100\n|-activate|p2a: Meganium|move: Struggle\n|move|p2a: Meganium|Struggle|p1b: Palafin\n|-damage|p1b: Palafin|42/100\n|-damage|p2a: Meganium|0 fnt|[from] recoil\n|faint|p2a: Meganium\n|\n|upkeep\n|j| Longtoudishu56\n|\n|t:|1775980623\n|switch|p2a: Corviknight|Corviknight, L50, M|100/100\n|switch|p2b: Tyranitar|Tyranitar, L50, M|100/100\n|-weather|Sandstorm|[from] ability: Sand Stream|[of] p2b: Tyranitar\n|turn|6\n|j| babblebloeb\n|\n|t:|1775980645\n|move|p2b: Tyranitar|Protect|p2b: Tyranitar\n|-singleturn|p2b: Tyranitar|Protect\n|move|p1a: Gengar|Shadow Ball|p2a: Corviknight\n|-damage|p2a: Corviknight|64/100\n|-ability|p2a: Corviknight|Mirror Armor\n|-unboost|p1a: Gengar|spd|1\n|move|p1b: Palafin|Wave Crash|p2a: Corviknight\n|-damage|p2a: Corviknight|0 fnt\n|faint|p2a: Corviknight\n|-damage|p1b: Palafin|20/100|[from] Recoil\n|\n|-weather|Sandstorm|[upkeep]\n|-damage|p1a: Gengar|73/100|[from] Sandstorm\n|-damage|p1b: Palafin|13/100|[from] Sandstorm\n|upkeep\n|turn|7\n|j| KOPLUS\n|\n|t:|1775980660\n|move|p1a: Gengar|Shadow Ball|p2b: Tyranitar\n|-resisted|p2b: Tyranitar|1\n|-damage|p2b: Tyranitar|87/100\n|move|p1b: Palafin|Close Combat|p2b: Tyranitar\n|-supereffective|p2b: Tyranitar|2\n|-damage|p2b: Tyranitar|0 fnt\n|-unboost|p1b: Palafin|def|1\n|-unboost|p1b: Palafin|spd|1\n|faint|p2b: Tyranitar\n|\n|win|miauser30\n|raw|miauser30's rating: 1457 &rarr; <strong>1480</strong><br />(+23 for winning)\n|raw|RyushinYuki's rating: 1504 &rarr; <strong>1481</strong><br />(-23 for losing)\n|l|\u2606RyushinYuki\n|player|p2|\n|l| Crvstal_K!tty\n|c|\u2606miauser30|gg\n|l| Baby Kunai\n",
  "uploadtime": 1775980674,
  "views": 209,
  "formatid": "gen9championsvgc2026regma",
  "rating": 1480,
  "private": 0,
  "password": null
}