{
  "id": "gen9championsvgc2026regma-2580411494",
  "format": "[Gen 9 Champions] VGC 2026 Reg M-A",
  "players": [
    "xjpsuperfan",
    "25th_mang"
  ],
  "log": "|j|\u2606xjpsuperfan\n|j|\u260625th_mang\n|t:|1775892464\n|gametype|doubles\n|player|p1|xjpsuperfan|1|1115\n|player|p2|25th_mang|ballguy|1127\n|gen|9\n|tier|[Gen 9 Champions] VGC 2026 Reg M-A\n|rated|\n|rule|Species Clause: Limit one of each Pok\u00e9mon\n|rule|Item Clause: Limit 1 of each item\n|clearpoke\n|poke|p1|Pelipper, L50, F|\n|poke|p1|Palafin, L50, F|\n|poke|p1|Aggron, L50, M|\n|poke|p1|Garganacl, L50, M|\n|poke|p1|Chandelure, L50, M|\n|poke|p1|Audino, L50, F|\n|poke|p2|Crabominable, L50, F|\n|poke|p2|Farigiraf, L50, M|\n|poke|p2|Incineroar, L50, M|\n|poke|p2|Archaludon, L50, M|\n|poke|p2|Pelipper, L50, M|\n|poke|p2|Sinistcha, L50|\n|teampreview|4\n|inactive|Battle timer is ON: inactive players will automatically lose when time's up. (requested by 25th_mang)\n|inactive|25th_mang has 60 seconds left.\n|\n|t:|1775892499\n|teamsize|p1|4\n|teamsize|p2|4\n|start\n|switch|p1a: Chandelure|Chandelure, L50, M|100/100\n|switch|p1b: Audino|Audino, L50, F|100/100\n|switch|p2a: Flip|Farigiraf, L50, M|100/100\n|switch|p2b: Roar|Incineroar, L50, M|100/100\n|-ability|p2b: Roar|Intimidate|boost\n|-unboost|p1a: Chandelure|atk|1\n|-unboost|p1b: Audino|atk|1\n|turn|1\n|\n|t:|1775892523\n|switch|p1a: Aggron|Aggron, L50, M|100/100\n|move|p2b: Roar|Taunt|p1b: Audino\n|-start|p1b: Audino|move: Taunt\n|-enditem|p1b: Audino|Mental Herb\n|-end|p1b: Audino|move: Taunt\n|move|p1b: Audino|Simple Beam|p1a: Aggron\n|-ability|p1a: Aggron|Simple|Sturdy|[from] move: Simple Beam\n|move|p2a: Flip|Trick Room|p2a: Flip\n|-fieldstart|move: Trick Room|[of] p2a: Flip\n|\n|upkeep\n|turn|2\n|inactive|25th_mang has 30 seconds left.\n|inactive|25th_mang has 20 seconds left.\n|inactive|25th_mang has 15 seconds left.\n|inactive|25th_mang has 10 seconds left.\n|\n|t:|1775892572\n|move|p2a: Flip|Helping Hand|p2b: Roar\n|-singleturn|p2b: Roar|Helping Hand|[of] p2a: Flip\n|move|p1a: Aggron|Iron Defense|p1a: Aggron\n|-boost|p1a: Aggron|def|4\n|move|p1b: Audino|Light Screen|p1b: Audino\n|-sidestart|p1: xjpsuperfan|move: Light Screen\n|move|p2b: Roar|Flare Blitz|p1a: Aggron\n|-damage|p1a: Aggron|80/100\n|-damage|p2b: Roar|94/100|[from] Recoil\n|\n|upkeep\n|turn|3\n|inactive|xjpsuperfan has 30 seconds left.\n|inactive|25th_mang has 30 seconds left.\n|\n|t:|1775892601\n|switch|p2b: Stup!b|Pelipper, L50, M|100/100\n|-weather|RainDance|[from] ability: Drizzle|[of] p2b: Stup!b\n|detailschange|p1a: Aggron|Aggron-Mega, L50, M\n|-mega|p1a: Aggron|Aggron|Aggronite\n|move|p1a: Aggron|Body Press|p2b: Stup!b\n|-resisted|p2b: Stup!b|1\n|-damage|p2b: Stup!b|41/100\n|move|p1b: Audino|Reflect|p1b: Audino\n|-sidestart|p1: xjpsuperfan|Reflect\n|move|p2a: Flip|Hyper Voice|p1b: Audino|[spread] p1a,p1b\n|-resisted|p1a: Aggron|1\n|-damage|p1a: Aggron|72/100\n|-damage|p1b: Audino|86/100\n|\n|-weather|RainDance|[upkeep]\n|upkeep\n|turn|4\n|\n|t:|1775892623\n|move|p1a: Aggron|Body Press|p2b: Stup!b\n|-resisted|p2b: Stup!b|1\n|-damage|p2b: Stup!b|0 fnt\n|faint|p2b: Stup!b\n|move|p1b: Audino|Yawn|p2a: Flip\n|-start|p2a: Flip|move: Yawn|[of] p1b: Audino\n|move|p2a: Flip|Psychic|p1a: Aggron\n|-resisted|p1a: Aggron|1\n|-damage|p1a: Aggron|62/100\n|\n|-weather|RainDance|[upkeep]\n|upkeep\n|\n|t:|1775892628\n|switch|p2b: Hockey Reference|Crabominable, L50, F|100/100\n|turn|5\n|inactive|xjpsuperfan has 30 seconds left.\n|\n|t:|1775892653\n|switch|p2a: Roar|Incineroar, L50, M|94/100\n|-ability|p2a: Roar|Intimidate|boost\n|-unboost|p1a: Aggron|atk|1\n|-unboost|p1b: Audino|atk|1\n|detailschange|p2b: Hockey Reference|Crabominable-Mega, L50, F\n|-mega|p2b: Hockey Reference|Crabominable|Crabominite\n|move|p2b: Hockey Reference|Drain Punch|p1b: Audino\n|-supereffective|p1b: Audino|1\n|-damage|p1b: Audino|13/100\n|move|p1b: Audino|Yawn|p2b: Hockey Reference\n|-start|p2b: Hockey Reference|move: Yawn|[of] p1b: Audino\n|move|p1a: Aggron|Iron Defense|p1a: Aggron\n|-boost|p1a: Aggron|def|2\n|\n|-weather|RainDance|[upkeep]\n|-fieldend|move: Trick Room\n|upkeep\n|turn|6\n|inactive|xjpsuperfan has 30 seconds left.\n|inactive|25th_mang has 30 seconds left.\n|\n|t:|1775892682\n|switch|p2b: Flip|Farigiraf, L50, M|100/100\n|move|p2a: Roar|Darkest Lariat|p1b: Audino\n|-damage|p1b: Audino|0 fnt\n|faint|p1b: Audino\n|move|p1a: Aggron|Body Press|p2b: Flip\n|-damage|p2b: Flip|0 fnt\n|faint|p2b: Flip\n|\n|-weather|RainDance|[upkeep]\n|-sideend|p1: xjpsuperfan|move: Light Screen\n|upkeep\n|\n|t:|1775892700\n|switch|p2b: Hockey Reference|Crabominable-Mega, L50, F|100/100\n|switch|p1b: Garganacl|Garganacl, L50, M|100/100\n|turn|7\n|\n|t:|1775892710\n|move|p2a: Roar|Darkest Lariat|p1b: Garganacl\n|-damage|p1b: Garganacl|82/100\n|move|p1a: Aggron|Body Press|p2b: Hockey Reference\n|-supereffective|p2b: Hockey Reference|1\n|-damage|p2b: Hockey Reference|0 fnt\n|faint|p2b: Hockey Reference\n|move|p1b: Garganacl|Salt Cure|p2a: Roar\n|-supereffective|p2a: Roar|1\n|-damage|p2a: Roar|65/100\n|-start|p2a: Roar|Salt Cure\n|\n|-weather|none\n|-damage|p2a: Roar|59/100|[from] Salt Cure\n|-sideend|p1: xjpsuperfan|Reflect\n|upkeep\n|turn|8\n|inactive|25th_mang has 30 seconds left.\n|inactive|25th_mang has 20 seconds left.\n|\n|t:|1775892747\n|move|p1b: Garganacl|Protect|p1b: Garganacl\n|-singleturn|p1b: Garganacl|Protect\n|move|p2a: Roar|Flare Blitz|p1a: Aggron\n|-supereffective|p1a: Aggron|1\n|-damage|p1a: Aggron|50/100\n|-damage|p2a: Roar|55/100|[from] Recoil\n|move|p1a: Aggron|Body Press|p2a: Roar\n|-supereffective|p2a: Roar|1\n|-crit|p2a: Roar\n|-damage|p2a: Roar|0 fnt\n|faint|p2a: Roar\n|\n|win|xjpsuperfan\n|raw|xjpsuperfan's rating: 1115 &rarr; <strong>1141</strong><br />(+26 for winning)\n|raw|25th_mang's rating: 1127 &rarr; <strong>1101</strong><br />(-26 for losing)\n|l|\u2606xjpsuperfan\n|player|p1|\n",
  "uploadtime": 1775892757,
  "views": 17,
  "formatid": "gen9championsvgc2026regma",
  "rating": 1101,
  "private": 0,
  "password": null
}