{
  "id": "gen9championsvgc2026regma-2588318407",
  "format": "[Gen 9 Champions] VGC 2026 Reg M-A",
  "players": [
    "FinalFlash2156",
    "xendratesting"
  ],
  "log": "|j|\u2606FinalFlash2156\n|j|\u2606xendratesting\n|t:|1776623679\n|gametype|doubles\n|player|p1|FinalFlash2156|170|1028\n|player|p2|xendratesting|karen|1070\n|gen|9\n|tier|[Gen 9 Champions] VGC 2026 Reg M-A\n|rated|\n|rule|Species Clause: Limit one of each Pok\u00e9mon\n|rule|Item Clause: Limit 1 of each item\n|clearpoke\n|poke|p1|Heracross, L50, M|\n|poke|p1|Milotic, L50, F|\n|poke|p1|Blastoise, L50, F|\n|poke|p1|Garchomp, L50, F|\n|poke|p1|Corviknight, L50, F|\n|poke|p1|Ninetales-Alola, L50, M, shiny|\n|poke|p2|Typhlosion-Hisui, L50, M|\n|poke|p2|Wyrdeer, L50, M|\n|poke|p2|Lucario, L50, F|\n|poke|p2|Whimsicott, L50, M|\n|poke|p2|Rotom-Wash, L50|\n|poke|p2|Torkoal, L50, M|\n|teampreview|4\n|inactive|Battle timer is ON: inactive players will automatically lose when time's up. (requested by FinalFlash2156)\n|inactive|xendratesting has 60 seconds left.\n|\n|t:|1776623721\n|teamsize|p1|4\n|teamsize|p2|4\n|start\n|switch|p1a: Blastoise|Blastoise, L50, F|100/100\n|switch|p1b: Ninetales|Ninetales-Alola, L50, M, shiny|100/100\n|switch|p2a: Rotom|Rotom-Wash, L50|100/100\n|switch|p2b: Lucario|Lucario, L50, F|100/100\n|-weather|Snowscape|[from] ability: Snow Warning|[of] p1b: Ninetales\n|turn|1\n|\n|t:|1776623741\n|detailschange|p2b: Lucario|Lucario-Mega, L50, F\n|-mega|p2b: Lucario|Lucario|Lucarionite\n|move|p1a: Blastoise|Water Spout|p2a: Rotom|[spread] p2a,p2b\n|-resisted|p2a: Rotom|1\n|-damage|p2a: Rotom|78/100\n|-damage|p2b: Lucario|28/100\n|move|p2b: Lucario|Meteor Mash|p1b: Ninetales\n|-supereffective|p1b: Ninetales|2\n|-enditem|p1b: Ninetales|Focus Sash\n|-damage|p1b: Ninetales|1/100\n|move|p1b: Ninetales|Aurora Veil|p1b: Ninetales\n|-sidestart|p1: FinalFlash2156|move: Aurora Veil\n|move|p2a: Rotom|Volt Switch|p1b: Ninetales\n|-damage|p1b: Ninetales|0 fnt\n|faint|p1b: Ninetales\n|\n|t:|1776623758\n|switch|p2a: Whimsicott|Whimsicott, L50, M|100/100|[from] Volt Switch\n|\n|-weather|Snowscape|[upkeep]\n|upkeep\n|\n|t:|1776623765\n|switch|p1b: Heracross|Heracross, L50, M|100/100\n|turn|2\n|\n|t:|1776623783\n|detailschange|p1b: Heracross|Heracross-Mega, L50, M\n|-mega|p1b: Heracross|Heracross|Heracronite\n|move|p2b: Lucario|Protect|p2b: Lucario\n|-singleturn|p2b: Lucario|Protect\n|move|p2a: Whimsicott|Tailwind|p2a: Whimsicott\n|-sidestart|p2: xendratesting|move: Tailwind\n|move|p1a: Blastoise|Water Spout|p2a: Whimsicott|[spread] p2a\n|-activate|p2b: Lucario|move: Protect\n|-resisted|p2a: Whimsicott|1\n|-damage|p2a: Whimsicott|68/100\n|move|p1b: Heracross|Pin Missile|p2a: Whimsicott\n|-damage|p2a: Whimsicott|44/100\n|-damage|p2a: Whimsicott|20/100\n|-damage|p2a: Whimsicott|0 fnt\n|faint|p2a: Whimsicott\n|-hitcount|p2: Whimsicott|3\n|\n|-weather|Snowscape|[upkeep]\n|upkeep\n|\n|t:|1776623801\n|switch|p2a: Rotom|Rotom-Wash, L50|78/100\n|turn|3\n|\n|t:|1776623810\n|move|p2a: Rotom|Helping Hand|p2b: Lucario\n|-singleturn|p2b: Lucario|Helping Hand|[of] p2a: Rotom\n|move|p2b: Lucario|Close Combat|p1a: Blastoise\n|-damage|p1a: Blastoise|0 fnt\n|-unboost|p2b: Lucario|def|1\n|-unboost|p2b: Lucario|spd|1\n|faint|p1a: Blastoise\n|move|p1b: Heracross|Pin Missile|p2a: Rotom\n|-damage|p2a: Rotom|58/100\n|-damage|p2a: Rotom|39/100\n|-enditem|p2a: Rotom|Sitrus Berry|[eat]\n|-heal|p2a: Rotom|64/100|[from] item: Sitrus Berry\n|-damage|p2a: Rotom|44/100\n|-damage|p2a: Rotom|25/100\n|-damage|p2a: Rotom|4/100\n|-hitcount|p2a: Rotom|5\n|\n|-weather|Snowscape|[upkeep]\n|upkeep\n|\n|t:|1776623825\n|switch|p1a: Corviknight|Corviknight, L50, F|100/100\n|turn|4\n|\n|t:|1776623842\n|move|p2a: Rotom|Protect|p2a: Rotom\n|-singleturn|p2a: Rotom|Protect\n|move|p1b: Heracross|Detect|p1b: Heracross\n|-singleturn|p1b: Heracross|Protect\n|move|p2b: Lucario|Meteor Mash|p1b: Heracross\n|-activate|p1b: Heracross|move: Protect\n|move|p1a: Corviknight|Tailwind|p1a: Corviknight\n|-sidestart|p1: FinalFlash2156|move: Tailwind\n|\n|-weather|Snowscape|[upkeep]\n|upkeep\n|turn|5\n|inactive|FinalFlash2156 has 30 seconds left.\n|inactive|xendratesting has 30 seconds left.\n|\n|t:|1776623870\n|move|p2b: Lucario|Meteor Mash|p1b: Heracross\n|-damage|p1b: Heracross|55/100\n|move|p2a: Rotom|Hydro Pump|p1b: Heracross\n|-damage|p1b: Heracross|27/100\n|move|p1b: Heracross|Pin Missile|p2a: Rotom\n|-damage|p2a: Rotom|0 fnt\n|faint|p2a: Rotom\n|-hitcount|p2: Rotom|1\n|move|p1a: Corviknight|Iron Head|p2b: Lucario\n|-resisted|p2b: Lucario|1\n|-damage|p2b: Lucario|2/100\n|\n|-weather|none\n|-sideend|p2: xendratesting|move: Tailwind\n|-sideend|p1: FinalFlash2156|move: Aurora Veil\n|upkeep\n|\n|t:|1776623877\n|switch|p2a: Typhlosion|Typhlosion-Hisui, L50, M|100/100\n|-item|p1a: Corviknight|Sitrus Berry|[from] ability: Frisk|[of] p2a: Typhlosion\n|-item|p1b: Heracross|Heracronite|[from] ability: Frisk|[of] p2a: Typhlosion\n|turn|6\n|\n|t:|1776623896\n|move|p2b: Lucario|Bullet Punch|p1b: Heracross\n|-damage|p1b: Heracross|0 fnt\n|faint|p1b: Heracross\n|move|p2a: Typhlosion|Eruption|p1a: Corviknight\n|-supereffective|p1a: Corviknight|1\n|-damage|p1a: Corviknight|0 fnt\n|faint|p1a: Corviknight\n|\n|win|xendratesting\n|raw|FinalFlash2156's rating: 1028 &rarr; <strong>1016</strong><br />(-12 for losing)\n|raw|xendratesting's rating: 1070 &rarr; <strong>1096</strong><br />(+26 for winning)\n",
  "uploadtime": 1776623906,
  "views": 8,
  "formatid": "gen9championsvgc2026regma",
  "rating": 1016,
  "private": 0,
  "password": null
}