{
  "id": "gen9championsvgc2026regma-2584023920",
  "format": "[Gen 9 Champions] VGC 2026 Reg M-A",
  "players": [
    "MaxiSilv",
    "prathole"
  ],
  "log": "|j|\u2606MaxiSilv\n|j|\u2606prathole\n|t:|1776217737\n|gametype|doubles\n|player|p1|MaxiSilv|169|1118\n|player|p2|prathole|crasherwake|1078\n|gen|9\n|tier|[Gen 9 Champions] VGC 2026 Reg M-A\n|rated|\n|rule|Species Clause: Limit one of each Pok\u00e9mon\n|rule|Item Clause: Limit 1 of each item\n|clearpoke\n|poke|p1|Floette-Eternal, L50, F|\n|poke|p1|Sinistcha, L50|\n|poke|p1|Aerodactyl, L50, M|\n|poke|p1|Garchomp, L50, F|\n|poke|p1|Incineroar, L50, F|\n|poke|p1|Rotom-Wash, L50|\n|poke|p2|Altaria, L50, M|\n|poke|p2|Whimsicott, L50, F|\n|poke|p2|Politoed, L50, F|\n|poke|p2|Archaludon, L50, F|\n|poke|p2|Basculegion, L50, M|\n|poke|p2|Kingambit, L50, M|\n|teampreview|4\n|inactive|Battle timer is ON: inactive players will automatically lose when time's up. (requested by prathole)\nMaxiSilv has agreed to open team sheets.\n|inactive|MaxiSilv has 60 seconds left.\n|\n|t:|1776217788\n|teamsize|p1|4\n|teamsize|p2|4\n|start\n|switch|p1a: Sinistcha|Sinistcha, L50|100/100\n|switch|p1b: Incineroar|Incineroar, L50, F|100/100\n|switch|p2a: Politoed|Politoed, L50, F|100/100\n|switch|p2b: Whimsicott|Whimsicott, L50, F, shiny|100/100\n|-weather|RainDance|[from] ability: Drizzle|[of] p2a: Politoed\n|-ability|p1b: Incineroar|Intimidate|boost\n|-unboost|p2a: Politoed|atk|1\n|-unboost|p2b: Whimsicott|atk|1\n|turn|1\n|\n|t:|1776217809\n|move|p1b: Incineroar|Fake Out|p2b: Whimsicott\n|-damage|p2b: Whimsicott|89/100\n|cant|p2b: Whimsicott|flinch\n|move|p2a: Politoed|Hydro Pump|p1b: Incineroar\n|-supereffective|p1b: Incineroar|1\n|-damage|p1b: Incineroar|0 fnt\n|faint|p1b: Incineroar\n|move|p1a: Sinistcha|Matcha Gotcha|p2b: Whimsicott|[spread] p2a,p2b\n|-supereffective|p2a: Politoed|1\n|-enditem|p2a: Politoed|Rindo Berry|[eat]\n|-enditem|p2a: Politoed|Rindo Berry|[weaken]\n|-resisted|p2b: Whimsicott|1\n|-damage|p2a: Politoed|80/100\n|-damage|p2b: Whimsicott|75/100\n|\n|-weather|RainDance|[upkeep]\n|upkeep\n|\n|t:|1776217824\n|switch|p1b: Rotom|Rotom-Wash, L50|100/100\n|turn|2\n|\n|t:|1776217851\n|switch|p2a: Altaria|Altaria, L50, M, shiny|100/100\n|-ability|p2a: Altaria|Cloud Nine\n|switch|p1a: Floette|Floette-Eternal, L50, F|100/100\n|move|p2b: Whimsicott|Tailwind|p2b: Whimsicott\n|-sidestart|p2: prathole|move: Tailwind\n|move|p1b: Rotom|Volt Switch|p2a: Altaria\n|-damage|p2a: Altaria|69/100\n|\n|t:|1776217861\n|switch|p1b: Sinistcha|Sinistcha, L50|100/100|[from] Volt Switch\n|\n|-weather|RainDance|[upkeep]\n|upkeep\n|turn|3\n|\n|t:|1776217884\n|detailschange|p2a: Altaria|Altaria-Mega, L50, M, shiny\n|-mega|p2a: Altaria|Altaria|Altarianite\n|detailschange|p1a: Floette|Floette-Mega, L50, F\n|-mega|p1a: Floette|Floette|Floettite\n|-ability|p1a: Floette|Fairy Aura\n|move|p2b: Whimsicott|Taunt|p1a: Floette\n|-start|p1a: Floette|move: Taunt\n|move|p2a: Altaria|Hyper Voice|p1a: Floette|[spread] p1a,p1b\n|-damage|p1a: Floette|64/100\n|-damage|p1b: Sinistcha|55/100\n|cant|p1a: Floette|move: Taunt|Calm Mind\n|move|p1b: Sinistcha|Trick Room|p1b: Sinistcha\n|-fieldstart|move: Trick Room|[of] p1b: Sinistcha\n|\n|-weather|RainDance|[upkeep]\n|upkeep\n|turn|4\n|inactive|prathole has 30 seconds left.\n|inactive|MaxiSilv has 30 seconds left.\n|\n|t:|1776217915\n|switch|p1b: Rotom|Rotom-Wash, L50|100/100\n|move|p1a: Floette|Dazzling Gleam|p2a: Altaria|[spread] p2a,p2b\n|-supereffective|p2a: Altaria|1\n|-damage|p2a: Altaria|0 fnt\n|-damage|p2b: Whimsicott|23/100\n|faint|p2a: Altaria\n|move|p2b: Whimsicott|Energy Ball|p1a: Floette\n|-damage|p1a: Floette|44/100\n|\n|-weather|RainDance|[upkeep]\n|upkeep\n|\n|t:|1776217927\n|switch|p2a: Politoed|Politoed, L50, F|80/100\n|turn|5\n|\n|t:|1776217939\n|switch|p1b: Sinistcha|Sinistcha, L50|55/100\n|-heal|p1a: Floette|69/100|[from] ability: Hospitality|[of] p1b: Sinistcha\n|move|p2a: Politoed|Protect|p2a: Politoed\n|-singleturn|p2a: Politoed|Protect\n|move|p2b: Whimsicott|Taunt|p1b: Sinistcha\n|-start|p1b: Sinistcha|move: Taunt\n|move|p1a: Floette|Dazzling Gleam|p2a: Politoed|[spread] p2b\n|-activate|p2a: Politoed|move: Protect\n|-damage|p2b: Whimsicott|0 fnt\n|faint|p2b: Whimsicott\n|\n|-weather|none\n|-end|p1a: Floette|move: Taunt\n|-sideend|p2: prathole|move: Tailwind\n|upkeep\n|\n|t:|1776217955\n|switch|p2b: Basculegion|Basculegion, L50, M|100/100\n|turn|6\n|\n|t:|1776217980\n|move|p1b: Sinistcha|Matcha Gotcha|p2b: Basculegion|[spread] p2a,p2b\n|-supereffective|p2a: Politoed|1\n|-supereffective|p2b: Basculegion|1\n|-damage|p2a: Politoed|38/100\n|-heal|p1b: Sinistcha|77/100|[from] drain|[of] p2a: Politoed\n|-damage|p2b: Basculegion|40/100\n|-heal|p1b: Sinistcha|100/100|[from] drain|[of] p2b: Basculegion\n|move|p2a: Politoed|Hydro Pump|p1a: Floette\n|-damage|p1a: Floette|40/100\n|move|p1a: Floette|Dazzling Gleam|p2a: Politoed|[spread] p2a,p2b\n|-damage|p2a: Politoed|2/100\n|-damage|p2b: Basculegion|0 fnt\n|faint|p2b: Basculegion\n|\n|upkeep\n|turn|7\n|c|\u2606MaxiSilv|gg\n|\n|t:|1776217997\n|move|p1b: Sinistcha|Matcha Gotcha|p2a: Politoed\n|-supereffective|p2a: Politoed|1\n|-damage|p2a: Politoed|0 fnt\n|faint|p2a: Politoed\n|\n|win|MaxiSilv\n|raw|MaxiSilv's rating: 1118 &rarr; <strong>1140</strong><br />(+22 for winning)\n|raw|prathole's rating: 1078 &rarr; <strong>1059</strong><br />(-19 for losing)\n|l|\u2606prathole\n|player|p2|\n",
  "uploadtime": 1776217998,
  "views": 32,
  "formatid": "gen9championsvgc2026regma",
  "rating": 1059,
  "private": 0,
  "password": null
}