{
  "id": "gen9championsvgc2026regma-2583044274",
  "format": "[Gen 9 Champions] VGC 2026 Reg M-A",
  "players": [
    "snodlop",
    "miseryserp"
  ],
  "log": "|j|\u2606snodlop\n|j|\u2606miseryserp\n|t:|1776136164\n|gametype|doubles\n|player|p1|snodlop|lady-gen4|1089\n|player|p2|miseryserp|170|1007\n|gen|9\n|tier|[Gen 9 Champions] VGC 2026 Reg M-A\n|rated|\n|rule|Species Clause: Limit one of each Pok\u00e9mon\n|rule|Item Clause: Limit 1 of each item\n|clearpoke\n|poke|p1|Pelipper, L50, M|\n|poke|p1|Palafin, L50, M|\n|poke|p1|Basculegion, L50, M|\n|poke|p1|Manectric, L50, F|\n|poke|p1|Dragonite, L50, M|\n|poke|p1|Kingambit, L50, F|\n|poke|p2|Incineroar, L50, M|\n|poke|p2|Tyranitar, L50, F|\n|poke|p2|Excadrill, L50, M|\n|poke|p2|Basculegion, L50, M|\n|poke|p2|Corviknight, L50, F|\n|poke|p2|Sinistcha-Masterpiece, L50|\n|teampreview|4\nsnodlop rejected open team sheets.\n|inactive|Battle timer is ON: inactive players will automatically lose when time's up. (requested by snodlop)\n|\n|t:|1776136188\n|teamsize|p1|4\n|teamsize|p2|4\n|start\n|switch|p1a: Pelipper|Pelipper, L50, M|100/100\n|switch|p1b: Palafin|Palafin, L50, M|100/100\n|switch|p2a: mega nutt|Tyranitar, L50, F, shiny|100/100\n|switch|p2b: john Cena|Incineroar, L50, M|100/100\n|-weather|RainDance|[from] ability: Drizzle|[of] p1a: Pelipper\n|-ability|p2b: john Cena|Intimidate|boost\n|-unboost|p1a: Pelipper|atk|1\n|-unboost|p1b: Palafin|atk|1\n|-weather|Sandstorm|[from] ability: Sand Stream|[of] p2a: mega nutt\n|turn|1\n|\n|t:|1776136209\n|switch|p1a: Kingambit|Kingambit, L50, F|100/100\n|move|p2b: john Cena|Fake Out|p1b: Palafin\n|-damage|p1b: Palafin|84/100\n|cant|p1b: Palafin|flinch\n|move|p2a: mega nutt|Rock Slide|p1a: Kingambit|[spread] p1a\n|-miss|p2a: mega nutt|p1b: Palafin\n|-resisted|p1a: Kingambit|1\n|-damage|p1a: Kingambit|90/100\n|\n|-weather|Sandstorm|[upkeep]\n|-damage|p1b: Palafin|77/100|[from] Sandstorm\n|-damage|p2b: john Cena|95/100|[from] Sandstorm\n|-heal|p2b: john Cena|100/100|[from] item: Leftovers\n|-heal|p1a: Kingambit|96/100|[from] item: Leftovers\n|upkeep\n|turn|2\n|\n|t:|1776136230\n|detailschange|p1b: Palafin|Palafin-Hero, L50, M\n|switch|p1b: Pelipper|Pelipper, L50, M|100/100\n|-weather|RainDance|[from] ability: Drizzle|[of] p1b: Pelipper\n|detailschange|p2a: mega nutt|Tyranitar-Mega, L50, F, shiny\n|-mega|p2a: mega nutt|Tyranitar|Tyranitarite\n|-weather|Sandstorm|[from] ability: Sand Stream|[of] p2a: mega nutt\n|move|p2a: mega nutt|Rock Slide|p1a: Kingambit|[spread] p1a,p1b\n|-resisted|p1a: Kingambit|1\n|-supereffective|p1b: Pelipper|1\n|-damage|p1a: Kingambit|84/100\n|-damage|p1b: Pelipper|17/100\n|move|p2b: john Cena|Parting Shot|p1a: Kingambit\n|-unboost|p1a: Kingambit|atk|1\n|-ability|p1a: Kingambit|Defiant|boost\n|-boost|p1a: Kingambit|atk|2\n|-unboost|p1a: Kingambit|spa|1\n|-ability|p1a: Kingambit|Defiant|boost\n|-boost|p1a: Kingambit|atk|2\n|\n|t:|1776136247\n|switch|p2b: spin time|Excadrill, L50, M, shiny|100/100|[from] Parting Shot\n|move|p1a: Kingambit|Brick Break|p2a: mega nutt\n|-supereffective|p2a: mega nutt|2\n|-damage|p2a: mega nutt|0 fnt\n|faint|p2a: mega nutt\n|\n|-weather|Sandstorm|[upkeep]\n|-damage|p1b: Pelipper|11/100|[from] Sandstorm\n|-heal|p1a: Kingambit|90/100|[from] item: Leftovers\n|upkeep\n|\n|t:|1776136254\n|switch|p2a: emo bird|Corviknight, L50, F|100/100\n|turn|3\n|\n|t:|1776136265\n|switch|p1b: Palafin|Palafin-Hero, L50, M|77/100\n|-activate|p1b: Palafin|ability: Zero to Hero\n|move|p2b: spin time|Rock Slide|p1b: Palafin|[spread] p1a,p1b\n|-resisted|p1a: Kingambit|1\n|-damage|p1a: Kingambit|83/100\n|-damage|p1b: Palafin|57/100\n|move|p2a: emo bird|Tailwind|p2a: emo bird\n|-sidestart|p2: miseryserp|move: Tailwind\n|move|p1a: Kingambit|Brick Break|p2b: spin time\n|-supereffective|p2b: spin time|1\n|-crit|p2b: spin time\n|-damage|p2b: spin time|0 fnt\n|faint|p2b: spin time\n|\n|-weather|Sandstorm|[upkeep]\n|-damage|p1b: Palafin|51/100|[from] Sandstorm\n|-heal|p1a: Kingambit|88/100|[from] item: Leftovers\n|upkeep\n|\n|t:|1776136277\n|switch|p2b: john Cena|Incineroar, L50, M|100/100\n|-ability|p2b: john Cena|Intimidate|boost\n|-unboost|p1a: Kingambit|atk|1\n|-ability|p1a: Kingambit|Defiant|boost\n|-boost|p1a: Kingambit|atk|2\n|-unboost|p1b: Palafin|atk|1\n|turn|4\n|\n|t:|1776136293\n|move|p2b: john Cena|Fake Out|p1a: Kingambit\n|-resisted|p1a: Kingambit|1\n|-damage|p1a: Kingambit|84/100\n|move|p1b: Palafin|Flip Turn|p2b: john Cena\n|-supereffective|p2b: john Cena|1\n|-damage|p2b: john Cena|48/100\n|\n|t:|1776136300\n|switch|p1b: Pelipper|Pelipper, L50, M|11/100|[from] Flip Turn\n|-weather|RainDance|[from] ability: Drizzle|[of] p1b: Pelipper\n|move|p2a: emo bird|Iron Head|p1a: Kingambit\n|-resisted|p1a: Kingambit|1\n|-damage|p1a: Kingambit|71/100\n|cant|p1a: Kingambit|flinch\n|\n|-weather|RainDance|[upkeep]\n|-heal|p2b: john Cena|54/100|[from] item: Leftovers\n|-heal|p1a: Kingambit|76/100|[from] item: Leftovers\n|upkeep\n|turn|5\n|\n|t:|1776136323\n|move|p2a: emo bird|Iron Head|p1b: Pelipper\n|-resisted|p1b: Pelipper|1\n|-damage|p1b: Pelipper|0 fnt\n|faint|p1b: Pelipper\n|move|p2b: john Cena|Drain Punch|p1a: Kingambit\n|-supereffective|p1a: Kingambit|2\n|-damage|p1a: Kingambit|7/100\n|-heal|p2b: john Cena|92/100|[from] drain|[of] p1a: Kingambit\n|move|p1a: Kingambit|Brick Break|p2b: john Cena\n|-supereffective|p2b: john Cena|1\n|-damage|p2b: john Cena|0 fnt\n|faint|p2b: john Cena\n|\n|-weather|RainDance|[upkeep]\n|-heal|p1a: Kingambit|13/100|[from] item: Leftovers\n|upkeep\n|\n|t:|1776136338\n|switch|p1b: Palafin|Palafin-Hero, L50, M|51/100\n|turn|6\n|\n|t:|1776136347\n|move|p1a: Kingambit|Sucker Punch|p2a: emo bird\n|-damage|p2a: emo bird|7/100\n|move|p1b: Palafin|Wave Crash|p2a: emo bird\n|-damage|p2a: emo bird|0 fnt\n|faint|p2a: emo bird\n|-damage|p1b: Palafin|49/100|[from] Recoil\n|\n|win|snodlop\n|raw|snodlop's rating: 1089 &rarr; <strong>1109</strong><br />(+20 for winning)\n|raw|miseryserp's rating: 1007 &rarr; <strong>1000</strong><br />(-7 for losing)\n|l|\u2606miseryserp\n|player|p2|\n",
  "uploadtime": 1776136462,
  "views": 12,
  "formatid": "gen9championsvgc2026regma",
  "rating": 1000,
  "private": 0,
  "password": null
}