{
  "id": "gen9championsvgc2026regma-2587784157",
  "format": "[Gen 9 Champions] VGC 2026 Reg M-A",
  "players": [
    "ToTo rabach",
    "radioiamp"
  ],
  "log": "|j|\u2606ToTo rabach\n|j|\u2606radioiamp\n|t:|1776563657\n|gametype|doubles\n|player|p1|ToTo rabach|steven|1425\n|player|p2|radioiamp|170|1417\n|gen|9\n|tier|[Gen 9 Champions] VGC 2026 Reg M-A\n|rated|\n|rule|Species Clause: Limit one of each Pok\u00e9mon\n|rule|Item Clause: Limit 1 of each item\n|clearpoke\n|poke|p1|Charizard, L50, F|\n|poke|p1|Milotic, L50, M|\n|poke|p1|Aegislash, L50, F|\n|poke|p1|Kingambit, L50, M|\n|poke|p1|Garchomp, L50, M|\n|poke|p1|Basculegion, L50, M|\n|poke|p2|Golurk, L50|\n|poke|p2|Sneasler, L50, M|\n|poke|p2|Venusaur, L50, M|\n|poke|p2|Torkoal, L50, F|\n|poke|p2|Farigiraf, L50, M|\n|poke|p2|Kleavor, L50, M|\n|teampreview|4\n|inactive|Battle timer is ON: inactive players will automatically lose when time's up. (requested by ToTo rabach)\n|\n|t:|1776563736\n|teamsize|p1|4\n|teamsize|p2|4\n|start\n|switch|p1a: Basculegion|Basculegion, L50, M|100/100\n|switch|p1b: Milotic|Milotic, L50, M|100/100\n|switch|p2a: Venusaur|Venusaur, L50, M|100/100\n|switch|p2b: Farigiraf|Farigiraf, L50, M|100/100\n|turn|1\n|\n|t:|1776563753\n|detailschange|p2a: Venusaur|Venusaur-Mega, L50, M\n|-mega|p2a: Venusaur|Venusaur|Venusaurite\n|move|p2b: Farigiraf|Protect|p2b: Farigiraf\n|-singleturn|p2b: Farigiraf|Protect\n|move|p1a: Basculegion|Wave Crash|p2b: Farigiraf\n|-activate|p2b: Farigiraf|move: Protect\n|move|p1b: Milotic|Icy Wind|p2a: Venusaur|[spread] p2a\n|-activate|p2b: Farigiraf|move: Protect\n|-supereffective|p2a: Venusaur|1\n|-damage|p2a: Venusaur|91/100\n|-unboost|p2a: Venusaur|spe|1\n|move|p2a: Venusaur|Sleep Powder|p1a: Basculegion\n|-status|p1a: Basculegion|slp|[from] move: Sleep Powder\n|\n|upkeep\n|turn|2\n|\n|t:|1776563773\n|switch|p1b: Charizard|Charizard, L50, F|100/100\n|cant|p1a: Basculegion|slp\n|move|p2a: Venusaur|Giga Drain|p1b: Charizard\n|-resisted|p1b: Charizard|2\n|-damage|p1b: Charizard|90/100\n|-heal|p2a: Venusaur|97/100|[from] drain|[of] p1b: Charizard\n|move|p2b: Farigiraf|Trick Room|p2b: Farigiraf\n|-fieldstart|move: Trick Room|[of] p2b: Farigiraf\n|\n|upkeep\n|turn|3\n|\n|t:|1776563793\n|switch|p1a: Milotic|Milotic, L50, M|100/100\n|detailschange|p1b: Charizard|Charizard-Mega-Y, L50, F\n|-mega|p1b: Charizard|Charizard|Charizardite Y\n|-weather|SunnyDay|[from] ability: Drought|[of] p1b: Charizard\n|move|p2a: Venusaur|Sleep Powder|p1b: Charizard\n|-status|p1b: Charizard|slp|[from] move: Sleep Powder\n|move|p2b: Farigiraf|Psychic|p1a: Milotic\n|-damage|p1a: Milotic|70/100\n|cant|p1b: Charizard|slp\n|\n|-weather|SunnyDay|[upkeep]\n|-heal|p1a: Milotic|76/100|[from] item: Leftovers\n|upkeep\n|turn|4\n|\n|t:|1776563808\n|move|p2a: Venusaur|Sludge Bomb|p1b: Charizard\n|-damage|p1b: Charizard|48/100 slp\n|move|p2b: Farigiraf|Psychic|p1b: Charizard\n|-damage|p1b: Charizard|10/100 slp\n|move|p1a: Milotic|Icy Wind|p2a: Venusaur|[spread] p2a,p2b\n|-supereffective|p2a: Venusaur|1\n|-damage|p2a: Venusaur|88/100\n|-damage|p2b: Farigiraf|93/100\n|-unboost|p2a: Venusaur|spe|1\n|-unboost|p2b: Farigiraf|spe|1\n|cant|p1b: Charizard|slp\n|\n|-weather|SunnyDay|[upkeep]\n|-heal|p1a: Milotic|82/100|[from] item: Leftovers\n|upkeep\n|turn|5\n|\n|t:|1776563823\n|switch|p1b: Garchomp|Garchomp, L50, M|100/100\n|move|p1a: Milotic|Protect|p1a: Milotic\n|-singleturn|p1a: Milotic|Protect\n|move|p2b: Farigiraf|Hyper Voice|p1a: Milotic|[spread] p1b\n|-activate|p1a: Milotic|move: Protect\n|-damage|p1b: Garchomp|69/100\n|move|p2a: Venusaur|Giga Drain|p1a: Milotic\n|-activate|p1a: Milotic|move: Protect\n|\n|-weather|SunnyDay|[upkeep]\n|-heal|p1a: Milotic|88/100|[from] item: Leftovers\n|upkeep\n|turn|6\n|inactive|ToTo rabach has 30 seconds left.\n|inactive|radioiamp has 30 seconds left.\n|inactive|ToTo rabach has 20 seconds left.\n|\n|t:|1776563860\n|switch|p1a: Basculegion|Basculegion, L50, M|100/100 slp\n|move|p1b: Garchomp|Protect|p1b: Garchomp\n|-singleturn|p1b: Garchomp|Protect\n|move|p2a: Venusaur|Giga Drain|p1a: Basculegion\n|-supereffective|p1a: Basculegion|1\n|-damage|p1a: Basculegion|3/100 slp\n|-heal|p2a: Venusaur|100/100|[from] drain|[of] p1a: Basculegion\n|move|p2b: Farigiraf|Psychic|p1b: Garchomp\n|-activate|p1b: Garchomp|move: Protect\n|\n|-weather|SunnyDay|[upkeep]\n|-fieldend|move: Trick Room\n|upkeep\n|turn|7\n|\n|t:|1776563876\n|cant|p1a: Basculegion|slp\n|move|p1b: Garchomp|Earthquake|p2b: Farigiraf|[spread] p1a,p2a,p2b\n|-damage|p1a: Basculegion|0 fnt\n|-damage|p2a: Venusaur|67/100\n|-damage|p2b: Farigiraf|56/100\n|faint|p1a: Basculegion\n|move|p2a: Venusaur|Giga Drain|p1b: Garchomp\n|-damage|p1b: Garchomp|32/100\n|-heal|p2a: Venusaur|90/100|[from] drain|[of] p1b: Garchomp\n|-enditem|p1b: Garchomp|Sitrus Berry|[eat]\n|-heal|p1b: Garchomp|56/100|[from] item: Sitrus Berry\n|move|p2b: Farigiraf|Trick Room|p2b: Farigiraf\n|-fieldstart|move: Trick Room|[of] p2b: Farigiraf\n|\n|-weather|none\n|upkeep\n|-message|ToTo rabach forfeited.\n|\n|win|radioiamp\n|raw|ToTo rabach's rating: 1425 &rarr; <strong>1405</strong><br />(-20 for losing)\n|raw|radioiamp's rating: 1417 &rarr; <strong>1437</strong><br />(+20 for winning)\n|l|\u2606ToTo rabach\n|player|p1|\n",
  "uploadtime": 1776563913,
  "views": 15,
  "formatid": "gen9championsvgc2026regma",
  "rating": 1405,
  "private": 0,
  "password": null
}