{
  "id": "gen9championsvgc2026regma-2586889580",
  "format": "[Gen 9 Champions] VGC 2026 Reg M-A",
  "players": [
    "MistressQueenM",
    "JeorgeReds"
  ],
  "log": "|j|\u203dMistressQueenM\n|j|\u2606JeorgeReds\n|t:|1776468897\n|gametype|doubles\n|player|p1|MistressQueenM|veteranf|1053\n|player|p2|JeorgeReds|gambler|1086\n|gen|9\n|tier|[Gen 9 Champions] VGC 2026 Reg M-A\n|rated|\n|rule|Species Clause: Limit one of each Pok\u00e9mon\n|rule|Item Clause: Limit 1 of each item\n|clearpoke\n|poke|p1|Archaludon, L50, F|\n|poke|p1|Meganium, L50, M|\n|poke|p1|Aerodactyl, L50, M|\n|poke|p1|Kingambit, L50, M|\n|poke|p1|Garchomp, L50, F|\n|poke|p1|Incineroar, L50, M|\n|poke|p2|Hawlucha, L50, M|\n|poke|p2|Garchomp, L50, F|\n|poke|p2|Tinkaton, L50, F|\n|poke|p2|Rotom-Wash, L50|\n|poke|p2|Sinistcha, L50|\n|poke|p2|Incineroar, L50, M|\n|teampreview|4\n|c|\u2606JeorgeReds|hellooo\n|c|\u2606JeorgeReds|good luck\n|c|\u2606JeorgeReds|have fun\n|inactive|Battle timer is ON: inactive players will automatically lose when time's up. (requested by MistressQueenM)\nJeorgeReds rejected open team sheets.\n|\n|t:|1776468930\n|teamsize|p1|4\n|teamsize|p2|4\n|start\n|switch|p1a: Archaludon|Archaludon, L50, F|100/100\n|switch|p1b: Meganium|Meganium, L50, M, shiny|100/100\n|switch|p2a: El Colorado|Hawlucha, L50, M|100/100\n|switch|p2b: Goneril|Tinkaton, L50, F|100/100\n|turn|1\n|\n|t:|1776468952\n|switch|p1b: Incineroar|Incineroar, L50, M|100/100\n|-ability|p1b: Incineroar|Intimidate|boost\n|-unboost|p2a: El Colorado|atk|1\n|-fail|p2b: Goneril|unboost|Attack|[from] ability: Own Tempo|[of] p2b: Goneril\n|detailschange|p2a: El Colorado|Hawlucha-Mega, L50, M\n|-mega|p2a: El Colorado|Hawlucha|Hawluchanite\n|move|p2b: Goneril|Fake Out|p1a: Archaludon\n|-resisted|p1a: Archaludon|1\n|-damage|p1a: Archaludon|97/100\n|-ability|p1a: Archaludon|Stamina|boost\n|-boost|p1a: Archaludon|def|1\n|move|p2a: El Colorado|Dual Wingbeat|p1b: Incineroar\n|-damage|p1b: Incineroar|85/100\n|-damage|p1b: Incineroar|69/100\n|-hitcount|p1b: Incineroar|2\n|cant|p1a: Archaludon|flinch\n|\n|-heal|p1a: Archaludon|100/100|[from] item: Leftovers\n|upkeep\n|turn|2\n|\n|t:|1776468979\n|switch|p2b: Bails|Garchomp, L50, F|100/100\n|move|p2a: El Colorado|Detect|p2a: El Colorado\n|-singleturn|p2a: El Colorado|Protect\n|move|p1b: Incineroar|Fake Out|p2a: El Colorado\n|-activate|p2a: El Colorado|move: Protect\n|move|p1a: Archaludon|Flash Cannon|p2b: Bails\n|-damage|p2b: Bails|56/100\n|\n|upkeep\n|turn|3\n|\n|t:|1776469003\n|switch|p2a: Mocha|Sinistcha, L50|100/100\n|-heal|p2b: Bails|81/100|[from] ability: Hospitality|[of] p2a: Mocha\n|switch|p1b: Aerodactyl|Aerodactyl, L50, M, shiny|100/100\n|-ability|p1b: Aerodactyl|Pressure\n|move|p1a: Archaludon|Protect|p1a: Archaludon\n|-singleturn|p1a: Archaludon|Protect\n|move|p2b: Bails|Earthquake|p1a: Archaludon|[spread] p2a\n|-activate|p1a: Archaludon|move: Protect\n|-immune|p1b: Aerodactyl\n|-resisted|p2a: Mocha|1\n|-damage|p2a: Mocha|82/100\n|\n|upkeep\n|turn|4\n|inactive|JeorgeReds has 30 seconds left.\n|\n|t:|1776469031\n|switch|p2b: Goneril|Tinkaton, L50, F|100/100\n|move|p1b: Aerodactyl|Tailwind|p1b: Aerodactyl\n|-sidestart|p1: MistressQueenM|move: Tailwind\n|move|p1a: Archaludon|Draco Meteor|p2b: Goneril\n|-immune|p2b: Goneril\n|move|p2a: Mocha|Trick Room|p2a: Mocha\n|-fieldstart|move: Trick Room|[of] p2a: Mocha\n|\n|upkeep\n|turn|5\n|inactive|MistressQueenM has 30 seconds left.\n|\n|t:|1776469059\n|switch|p2a: Bails|Garchomp, L50, F|81/100\n|move|p2b: Goneril|Gigaton Hammer|p1b: Aerodactyl\n|-supereffective|p1b: Aerodactyl|1\n|-enditem|p1b: Aerodactyl|Focus Sash\n|-damage|p1b: Aerodactyl|1/100\n|move|p1a: Archaludon|Flash Cannon|p2b: Goneril\n|-damage|p2b: Goneril|60/100\n|move|p1b: Aerodactyl|Dual Wingbeat|p2a: Bails\n|-damage|p2a: Bails|64/100\n|-damage|p1b: Aerodactyl|0 fnt|[from] ability: Rough Skin|[of] p2a: Bails\n|faint|p1b: Aerodactyl\n|-hitcount|p2a: Bails|1\n|\n|upkeep\n|\n|t:|1776469068\n|switch|p1b: Incineroar|Incineroar, L50, M|69/100\n|-ability|p1b: Incineroar|Intimidate|boost\n|-unboost|p2a: Bails|atk|1\n|-fail|p2b: Goneril|unboost|Attack|[from] ability: Own Tempo|[of] p2b: Goneril\n|turn|6\n|\n|t:|1776469090\n|move|p1b: Incineroar|Protect|p1b: Incineroar\n|-singleturn|p1b: Incineroar|Protect\n|move|p2a: Bails|Protect|p2a: Bails\n|-singleturn|p2a: Bails|Protect\n|move|p2b: Goneril|Encore|p1a: Archaludon\n|-start|p1a: Archaludon|Encore\n|move|p1a: Archaludon|Flash Cannon|p2a: Bails\n|-activate|p2a: Bails|move: Protect\n|\n|upkeep\n|turn|7\n|\n|t:|1776469109\n|switch|p2b: Mocha|Sinistcha, L50|82/100\n|-heal|p2a: Bails|89/100|[from] ability: Hospitality|[of] p2b: Mocha\n|move|p1b: Incineroar|Flare Blitz|p2b: Mocha\n|-supereffective|p2b: Mocha|1\n|-damage|p2b: Mocha|3/100\n|-damage|p1b: Incineroar|46/100|[from] Recoil\n|-enditem|p1b: Incineroar|Sitrus Berry|[eat]\n|-heal|p1b: Incineroar|71/100|[from] item: Sitrus Berry\n|move|p2a: Bails|Earthquake|p1a: Archaludon|[spread] p2b,p1a,p1b\n|-resisted|p2b: Mocha|1\n|-supereffective|p1a: Archaludon|1\n|-crit|p1a: Archaludon\n|-supereffective|p1b: Incineroar|1\n|-damage|p2b: Mocha|0 fnt\n|-damage|p1a: Archaludon|0 fnt\n|-damage|p1b: Incineroar|5/100\n|faint|p2b: Mocha\n|faint|p1a: Archaludon\n|\n|-sideend|p1: MistressQueenM|move: Tailwind\n|upkeep\n|\n|t:|1776469128\n|switch|p2b: Goneril|Tinkaton, L50, F|60/100\n|switch|p1a: Meganium|Meganium, L50, M, shiny|100/100\n|turn|8\n|\n|t:|1776469140\n|detailschange|p1a: Meganium|Meganium-Mega, L50, M, shiny\n|-mega|p1a: Meganium|Meganium|Meganiumite\n|move|p2b: Goneril|Fake Out|p1a: Meganium\n|-damage|p1a: Meganium|93/100\n|move|p1b: Incineroar|Darkest Lariat|p2a: Bails\n|-damage|p2a: Bails|54/100\n|-damage|p1b: Incineroar|0 fnt|[from] ability: Rough Skin|[of] p2a: Bails\n|faint|p1b: Incineroar\n|cant|p1a: Meganium|flinch\n|move|p2a: Bails|Rock Slide|p1a: Meganium\n|-damage|p1a: Meganium|79/100\n|\n|-fieldend|move: Trick Room\n|upkeep\n|turn|9\n|-message|MistressQueenM forfeited.\n|\n|win|JeorgeReds\n|raw|MistressQueenM's rating: 1053 &rarr; <strong>1037</strong><br />(-16 for losing)\n|raw|JeorgeReds's rating: 1086 &rarr; <strong>1111</strong><br />(+25 for winning)\n|l|\u203dMistressQueenM\n|player|p1|\n|c|\u2606JeorgeReds|ggs\n",
  "uploadtime": 1776469157,
  "views": 36,
  "formatid": "gen9championsvgc2026regma",
  "rating": 1037,
  "private": 0,
  "password": null
}