{
  "id": "gen9championsvgc2026regma-2586473342",
  "format": "[Gen 9 Champions] VGC 2026 Reg M-A",
  "players": [
    "geuxsage",
    "FortuneMC"
  ],
  "log": "|j|\u2606geuxsage\n|j|\u2606FortuneMC\n|t:|1776437110\n|gametype|doubles\n|player|p1|geuxsage|sage|1298\n|player|p2|FortuneMC|veteran|1344\n|gen|9\n|tier|[Gen 9 Champions] VGC 2026 Reg M-A\n|rated|\n|rule|Species Clause: Limit one of each Pok\u00e9mon\n|rule|Item Clause: Limit 1 of each item\n|clearpoke\n|poke|p1|Drampa, L50, M|\n|poke|p1|Sinistcha-Masterpiece, L50|\n|poke|p1|Oranguru, L50, M|\n|poke|p1|Camerupt, L50, M|\n|poke|p1|Incineroar, L50, M|\n|poke|p1|Sneasler, L50, M|\n|poke|p2|Serperior, L50, M|\n|poke|p2|Whimsicott, L50, F|\n|poke|p2|Garchomp, L50, M|\n|poke|p2|Slowbro, L50, F|\n|poke|p2|Charizard, L50, M|\n|poke|p2|Farigiraf, L50, F|\n|teampreview|4\n|j| hajime_chan\n|l| hajime_chan\n|\n|t:|1776437149\n|teamsize|p1|4\n|teamsize|p2|4\n|start\n|switch|p1a: Drampa|Drampa, L50, M|100/100\n|switch|p1b: Oranguru|Oranguru, L50, M|100/100\n|switch|p2a: Whimsicott|Whimsicott, L50, F|100/100\n|switch|p2b: Charizard|Charizard, L50, M|100/100\n|turn|1\n|\n|t:|1776437158\n|detailschange|p2b: Charizard|Charizard-Mega-Y, L50, M\n|-mega|p2b: Charizard|Charizard|Charizardite Y\n|-weather|SunnyDay|[from] ability: Drought|[of] p2b: Charizard\n|detailschange|p1a: Drampa|Drampa-Mega, L50, M\n|-mega|p1a: Drampa|Drampa|Drampanite\n|move|p2a: Whimsicott|Fake Tears|p1b: Oranguru\n|-unboost|p1b: Oranguru|spd|2\n|move|p2b: Charizard|Weather Ball|p1b: Oranguru\n|-damage|p1b: Oranguru|0 fnt\n|faint|p1b: Oranguru\n|move|p1a: Drampa|Calm Mind|p1a: Drampa\n|-boost|p1a: Drampa|spa|1\n|-boost|p1a: Drampa|spd|1\n|\n|-weather|SunnyDay|[upkeep]\n|upkeep\n|\n|t:|1776437171\n|switch|p1b: Sneasler|Sneasler, L50, M|100/100\n|turn|2\n|\n|t:|1776437191\n|switch|p2b: Farigiraf|Farigiraf, L50, F|100/100\n|move|p1b: Sneasler|Fake Out||[still]\n|cant|p2b: Farigiraf|ability: Armor Tail|Fake Out|[of] p1b: Sneasler\n|move|p2a: Whimsicott|Encore|p1a: Drampa\n|-start|p1a: Drampa|Encore\n|move|p1a: Drampa|Calm Mind|p1a: Drampa\n|-boost|p1a: Drampa|spa|1\n|-boost|p1a: Drampa|spd|1\n|\n|-weather|SunnyDay|[upkeep]\n|upkeep\n|turn|3\n|\n|t:|1776437208\n|move|p2a: Whimsicott|Encore|p1b: Sneasler\n|-start|p1b: Sneasler|Encore\n|move|p1b: Sneasler|Fake Out||[still]\n|cant|p2b: Farigiraf|ability: Armor Tail|Fake Out|[of] p1b: Sneasler\n|move|p2b: Farigiraf|Psych Up|p1a: Drampa\n|-copyboost|p2b: Farigiraf|p1a: Drampa|[from] move: Psych Up\n|move|p1a: Drampa|Calm Mind|p1a: Drampa\n|-boost|p1a: Drampa|spa|1\n|-boost|p1a: Drampa|spd|1\n|\n|-weather|SunnyDay|[upkeep]\n|upkeep\n|turn|4\n|\n|t:|1776437222\n|switch|p1b: Sinistcha|Sinistcha-Masterpiece, L50|100/100\n|move|p2a: Whimsicott|Fake Tears|p1a: Drampa\n|-unboost|p1a: Drampa|spd|2\n|move|p2b: Farigiraf|Hyper Voice|p1b: Sinistcha|[spread] p1a\n|-immune|p1b: Sinistcha\n|-damage|p1a: Drampa|74/100\n|move|p1a: Drampa|Calm Mind|p1a: Drampa\n|-boost|p1a: Drampa|spa|1\n|-boost|p1a: Drampa|spd|1\n|\n|-weather|SunnyDay|[upkeep]\n|-end|p1a: Drampa|Encore\n|upkeep\n|turn|5\n|\n|t:|1776437240\n|switch|p1b: Sneasler|Sneasler, L50, M|100/100\n|move|p1a: Drampa|Protect|p1a: Drampa\n|-singleturn|p1a: Drampa|Protect\n|move|p2a: Whimsicott|Encore|p1a: Drampa\n|-activate|p1a: Drampa|move: Protect\n|move|p2b: Farigiraf|Psychic|p1a: Drampa\n|-activate|p1a: Drampa|move: Protect\n|\n|-weather|none\n|upkeep\n|turn|6\n|\n|t:|1776437254\n|move|p2a: Whimsicott|Encore|p1a: Drampa\n|-start|p1a: Drampa|Encore\n|move|p1a: Drampa|Protect|p1a: Drampa\n|-singleturn|p1a: Drampa|Protect\n|move|p1b: Sneasler|Dire Claw|p2a: Whimsicott\n|-supereffective|p2a: Whimsicott|2\n|-enditem|p2a: Whimsicott|Focus Sash\n|-damage|p2a: Whimsicott|1/100\n|move|p2b: Farigiraf|Psychic|p1b: Sneasler\n|-supereffective|p1b: Sneasler|2\n|-enditem|p1b: Sneasler|Focus Sash\n|-damage|p1b: Sneasler|1/100\n|\n|upkeep\n|turn|7\n|\n|t:|1776437274\n|switch|p1b: Sinistcha|Sinistcha-Masterpiece, L50|100/100\n|-heal|p1a: Drampa|99/100|[from] ability: Hospitality|[of] p1b: Sinistcha\n|switch|p2a: Slowbro|Slowbro, L50, F|100/100\n|move|p1a: Drampa|Protect||[still]\n|-fail|p1a: Drampa\n|move|p2b: Farigiraf|Hyper Voice|p1a: Drampa|[spread] p1a\n|-immune|p1b: Sinistcha\n|-damage|p1a: Drampa|76/100\n|\n|upkeep\n|turn|8\n|\n|t:|1776437285\n|move|p1a: Drampa|Protect|p1a: Drampa\n|-singleturn|p1a: Drampa|Protect\n|move|p1b: Sinistcha|Matcha Gotcha|p2a: Slowbro|[spread] p2a,p2b\n|-supereffective|p2a: Slowbro|1\n|-damage|p2a: Slowbro|47/100\n|-damage|p2b: Farigiraf|88/100\n|-status|p2a: Slowbro|brn\n|move|p2b: Farigiraf|Psychic|p1b: Sinistcha\n|-damage|p1b: Sinistcha|7/100\n|-enditem|p1b: Sinistcha|Sitrus Berry|[eat]\n|-heal|p1b: Sinistcha|32/100|[from] item: Sitrus Berry\n|move|p2a: Slowbro|Psych Up|p1a: Drampa\n|-copyboost|p2a: Slowbro|p1a: Drampa|[from] move: Psych Up\n|\n|-heal|p2b: Farigiraf|94/100|[from] item: Leftovers\n|-damage|p2a: Slowbro|41/100 brn|[from] brn\n|-end|p1a: Drampa|Encore\n|upkeep\n|turn|9\n|\n|t:|1776437312\n|move|p1b: Sinistcha|Matcha Gotcha|p2a: Slowbro|[spread] p2a,p2b\n|-supereffective|p2a: Slowbro|1\n|-damage|p2a: Slowbro|17/100 brn\n|-heal|p1b: Sinistcha|45/100|[from] drain|[of] p2a: Slowbro\n|-damage|p2b: Farigiraf|81/100\n|-heal|p1b: Sinistcha|54/100|[from] drain|[of] p2b: Farigiraf\n|move|p2b: Farigiraf|Psychic|p1b: Sinistcha\n|-damage|p1b: Sinistcha|0 fnt\n|faint|p1b: Sinistcha\n|move|p2a: Slowbro|Psychic|p1a: Drampa\n|-damage|p1a: Drampa|38/100\n|-ability|p1a: Drampa|Berserk|boost\n|-boost|p1a: Drampa|spa|1\n|move|p1a: Drampa|Hyper Voice|p2b: Farigiraf|[spread] p2a,p2b\n|-damage|p2a: Slowbro|0 fnt\n|-damage|p2b: Farigiraf|9/100\n|faint|p2a: Slowbro\n|\n|-heal|p2b: Farigiraf|15/100|[from] item: Leftovers\n|upkeep\n|\n|t:|1776437330\n|switch|p1b: Sneasler|Sneasler, L50, M|1/100\n|switch|p2a: Whimsicott|Whimsicott, L50, F|1/100\n|turn|10\n|\n|t:|1776437347\n|move|p1b: Sneasler|Protect|p1b: Sneasler\n|-singleturn|p1b: Sneasler|Protect\n|move|p2a: Whimsicott|Fake Tears|p1a: Drampa\n|-unboost|p1a: Drampa|spd|2\n|move|p2b: Farigiraf|Hyper Voice|p1a: Drampa|[spread] p1a\n|-activate|p1b: Sneasler|move: Protect\n|-damage|p1a: Drampa|0 fnt\n|faint|p1a: Drampa\n|\n|-heal|p2b: Farigiraf|22/100|[from] item: Leftovers\n|upkeep\n|turn|11\n|-message|geuxsage forfeited.\n|\n|win|FortuneMC\n|raw|geuxsage's rating: 1298 &rarr; <strong>1276</strong><br />(-22 for losing)\n|raw|FortuneMC's rating: 1344 &rarr; <strong>1361</strong><br />(+17 for winning)\n|l|\u2606geuxsage\n|player|p1|\n",
  "uploadtime": 1776437359,
  "views": 32,
  "formatid": "gen9championsvgc2026regma",
  "rating": 1276,
  "private": 0,
  "password": null
}