{
  "id": "gen9championsvgc2026regma-2587848712",
  "format": "[Gen 9 Champions] VGC 2026 Reg M-A",
  "players": [
    "yoshep",
    "TheNewMeliolizard"
  ],
  "log": "|j|\u2606yoshep\n|j|\u2606TheNewMeliolizard\n|t:|1776570332\n|gametype|doubles\n|player|p1|yoshep|2|1427\n|player|p2|TheNewMeliolizard|larry|1499\n|gen|9\n|tier|[Gen 9 Champions] VGC 2026 Reg M-A\n|rated|\n|rule|Species Clause: Limit one of each Pok\u00e9mon\n|rule|Item Clause: Limit 1 of each item\n|clearpoke\n|poke|p1|Froslass, L50, F|\n|poke|p1|Archaludon, L50, M|\n|poke|p1|Basculegion, L50, M|\n|poke|p1|Sinistcha-Masterpiece, L50|\n|poke|p1|Milotic, L50, F|\n|poke|p1|Sneasler, L50, M|\n|poke|p2|Aggron, L50, F, shiny|\n|poke|p2|Rotom-Wash, L50, shiny|\n|poke|p2|Sinistcha, L50, shiny|\n|poke|p2|Incineroar, L50, F, shiny|\n|poke|p2|Ninetales-Alola, L50, F, shiny|\n|poke|p2|Tyranitar, L50, F, shiny|\n|teampreview|4\n|inactive|Battle timer is ON: inactive players will automatically lose when time's up. (requested by yoshep)\n|inactive|yoshep has 60 seconds left.\n|inactive|TheNewMeliolizard has 60 seconds left.\n|inactive|TheNewMeliolizard has 30 seconds left.\nTheNewMeliolizard has agreed to open team sheets.\n|inactive|TheNewMeliolizard has 20 seconds left.\n|inactive|TheNewMeliolizard has 15 seconds left.\n|\n|t:|1776570408\n|teamsize|p1|4\n|teamsize|p2|4\n|start\n|switch|p1a: Sneasler|Sneasler, L50, M|100/100\n|switch|p1b: Archaludon|Archaludon, L50, M|100/100\n|switch|p2a: Aggron|Aggron, L50, F, shiny|100/100\n|switch|p2b: Rotom|Rotom-Wash, L50, shiny|100/100\n|turn|1\n|inactive|yoshep has 30 seconds left.\n|\n|t:|1776570437\n|detailschange|p2a: Aggron|Aggron-Mega, L50, F, shiny\n|-mega|p2a: Aggron|Aggron|Aggronite\n|move|p1a: Sneasler|Close Combat|p2a: Aggron\n|-supereffective|p2a: Aggron|1\n|-damage|p2a: Aggron|55/100\n|-unboost|p1a: Sneasler|def|1\n|-unboost|p1a: Sneasler|spd|1\n|-enditem|p1a: Sneasler|White Herb\n|-clearnegativeboost|p1a: Sneasler|[silent]\n|move|p2b: Rotom|Will-O-Wisp|p1a: Sneasler\n|-status|p1a: Sneasler|brn\n|move|p1b: Archaludon|Thunderbolt|p2a: Aggron\n|-damage|p2a: Aggron|32/100\n|move|p2a: Aggron|Iron Defense|p2a: Aggron\n|-boost|p2a: Aggron|def|2\n|\n|-damage|p1a: Sneasler|95/100 brn|[from] brn\n|upkeep\n|turn|2\n|inactive|yoshep has 30 seconds left.\n|inactive|yoshep has 20 seconds left.\n|inactive|yoshep has 15 seconds left.\n|inactive|yoshep has 10 seconds left.\n|\n|t:|1776570484\n|switch|p2b: Sinistcha|Sinistcha, L50, shiny|100/100\n|-heal|p2a: Aggron|56/100|[from] ability: Hospitality|[of] p2b: Sinistcha\n|move|p1b: Archaludon|Protect|p1b: Archaludon\n|-singleturn|p1b: Archaludon|Protect\n|move|p1a: Sneasler|Close Combat|p2a: Aggron\n|-supereffective|p2a: Aggron|1\n|-damage|p2a: Aggron|43/100\n|-unboost|p1a: Sneasler|def|1\n|-unboost|p1a: Sneasler|spd|1\n|move|p2a: Aggron|Body Press|p1b: Archaludon\n|-activate|p1b: Archaludon|move: Protect\n|\n|-damage|p1a: Sneasler|89/100 brn|[from] brn\n|upkeep\n|turn|3\n|\n|t:|1776570501\n|switch|p1b: Froslass|Froslass, L50, F|100/100\n|move|p1a: Sneasler|Close Combat|p2a: Aggron\n|-supereffective|p2a: Aggron|1\n|-damage|p2a: Aggron|32/100\n|-unboost|p1a: Sneasler|def|1\n|-unboost|p1a: Sneasler|spd|1\n|move|p2a: Aggron|Body Press|p1b: Froslass\n|-immune|p1b: Froslass\n|move|p2b: Sinistcha|Trick Room|p2b: Sinistcha\n|-fieldstart|move: Trick Room|[of] p2b: Sinistcha\n|\n|-damage|p1a: Sneasler|83/100 brn|[from] brn\n|upkeep\n|turn|4\n|inactive|yoshep has 30 seconds left.\n|inactive|yoshep has 20 seconds left.\n|inactive|yoshep has 15 seconds left.\n|inactive|yoshep has 10 seconds left.\n|\n|t:|1776570546\n|switch|p2b: Ninetales|Ninetales-Alola, L50, F, shiny|100/100\n|-weather|Snowscape|[from] ability: Snow Warning|[of] p2b: Ninetales\n|switch|p1a: Archaludon|Archaludon, L50, M|100/100\n|move|p1b: Froslass|Protect|p1b: Froslass\n|-singleturn|p1b: Froslass|Protect\n|move|p2a: Aggron|Heavy Slam|p1b: Froslass\n|-activate|p1b: Froslass|move: Protect\n|\n|-weather|Snowscape|[upkeep]\n|upkeep\n|turn|5\n|\n|t:|1776570562\n|switch|p1b: Sneasler|Sneasler, L50, M|83/100 brn\n|switch|p2b: Sinistcha|Sinistcha, L50, shiny|100/100\n|-heal|p2a: Aggron|57/100|[from] ability: Hospitality|[of] p2b: Sinistcha\n|move|p2a: Aggron|Body Press|p1a: Archaludon\n|-supereffective|p1a: Archaludon|1\n|-enditem|p1a: Archaludon|Chople Berry|[eat]\n|-enditem|p1a: Archaludon|Chople Berry|[weaken]\n|-damage|p1a: Archaludon|56/100\n|move|p1a: Archaludon|Flash Cannon|p2b: Sinistcha\n|-damage|p2b: Sinistcha|65/100\n|\n|-weather|Snowscape|[upkeep]\n|-damage|p1b: Sneasler|78/100 brn|[from] brn\n|upkeep\n|turn|6\n|\n|t:|1776570582\n|switch|p2b: Rotom|Rotom-Wash, L50, shiny|100/100\n|move|p1a: Archaludon|Protect|p1a: Archaludon\n|-singleturn|p1a: Archaludon|Protect\n|move|p2a: Aggron|Body Press|p1a: Archaludon\n|-activate|p1a: Archaludon|move: Protect\n|move|p1b: Sneasler|Dire Claw|p2b: Rotom\n|-damage|p2b: Rotom|81/100\n|\n|-weather|Snowscape|[upkeep]\n|-heal|p2b: Rotom|87/100|[from] item: Leftovers\n|-damage|p1b: Sneasler|72/100 brn|[from] brn\n|upkeep\n|turn|7\n|inactive|yoshep has 30 seconds left.\n|inactive|yoshep has 20 seconds left.\n|\n|t:|1776570622\n|switch|p1a: Froslass|Froslass, L50, F|100/100\n|move|p2a: Aggron|Heavy Slam|p1a: Froslass\n|-supereffective|p1a: Froslass|1\n|-damage|p1a: Froslass|7/100\n|move|p2b: Rotom|Hydro Pump|p1b: Sneasler\n|-damage|p1b: Sneasler|13/100 brn\n|move|p1b: Sneasler|Dire Claw|p2b: Rotom\n|-crit|p2b: Rotom\n|-damage|p2b: Rotom|60/100\n|\n|-weather|Snowscape|[upkeep]\n|-heal|p2b: Rotom|65/100|[from] item: Leftovers\n|-damage|p1b: Sneasler|7/100 brn|[from] brn\n|-fieldend|move: Trick Room\n|upkeep\n|turn|8\n|\n|t:|1776570646\n|detailschange|p1a: Froslass|Froslass-Mega, L50, F\n|-mega|p1a: Froslass|Froslass|Froslassite\n|move|p2a: Aggron|Protect|p2a: Aggron\n|-singleturn|p2a: Aggron|Protect\n|move|p1b: Sneasler|Dire Claw|p2b: Rotom\n|-damage|p2b: Rotom|45/100\n|-status|p2b: Rotom|slp\n|move|p1a: Froslass|Aurora Veil|p1a: Froslass\n|-sidestart|p1: yoshep|move: Aurora Veil\n|cant|p2b: Rotom|slp\n|\n|-weather|none\n|-heal|p2b: Rotom|50/100 slp|[from] item: Leftovers\n|-damage|p1b: Sneasler|1/100 brn|[from] brn\n|upkeep\n|turn|9\n|\n|t:|1776570670\n|switch|p2b: Sinistcha|Sinistcha, L50, shiny|65/100\n|-heal|p2a: Aggron|82/100|[from] ability: Hospitality|[of] p2b: Sinistcha\n|move|p1b: Sneasler|Dire Claw|p2b: Sinistcha\n|-damage|p2b: Sinistcha|50/100\n|-status|p2b: Sinistcha|psn\n|-enditem|p2b: Sinistcha|Sitrus Berry|[eat]\n|-heal|p2b: Sinistcha|75/100 psn|[from] item: Sitrus Berry\n|move|p1a: Froslass|Shadow Ball|p2b: Sinistcha\n|-supereffective|p2b: Sinistcha|1\n|-damage|p2b: Sinistcha|0 fnt\n|faint|p2b: Sinistcha\n|move|p2a: Aggron|Heavy Slam|p1a: Froslass\n|-supereffective|p1a: Froslass|1\n|-damage|p1a: Froslass|0 fnt\n|faint|p1a: Froslass\n|\n|-damage|p1b: Sneasler|0 fnt|[from] brn\n|faint|p1b: Sneasler\n|upkeep\n|\n|t:|1776570685\n|switch|p1b: Basculegion|Basculegion, L50, M|100/100\n|switch|p1a: Archaludon|Archaludon, L50, M|56/100\n|switch|p2b: Ninetales|Ninetales-Alola, L50, F, shiny|100/100\n|-weather|Snowscape|[from] ability: Snow Warning|[of] p2b: Ninetales\n|turn|10\n|j| sammap\n|inactive|yoshep has 30 seconds left.\n|\n|t:|1776570715\n|move|p2b: Ninetales|Protect|p2b: Ninetales\n|-singleturn|p2b: Ninetales|Protect\n|move|p1b: Basculegion|Protect|p1b: Basculegion\n|-singleturn|p1b: Basculegion|Protect\n|move|p1a: Archaludon|Flash Cannon|p2b: Ninetales\n|-activate|p2b: Ninetales|move: Protect\n|move|p2a: Aggron|Body Press|p1a: Archaludon\n|-supereffective|p1a: Archaludon|1\n|-damage|p1a: Archaludon|0 fnt\n|faint|p1a: Archaludon\n|\n|-weather|Snowscape|[upkeep]\n|upkeep\n|turn|11\n|\n|t:|1776570722\n|move|p2b: Ninetales|Aurora Veil|p2b: Ninetales\n|-sidestart|p2: TheNewMeliolizard|move: Aurora Veil\n|move|p1b: Basculegion|Last Respects|p2a: Aggron\n|-damage|p2a: Aggron|64/100\n|move|p2a: Aggron|Heavy Slam|p1b: Basculegion\n|-resisted|p1b: Basculegion|1\n|-damage|p1b: Basculegion|86/100\n|\n|-weather|Snowscape|[upkeep]\n|upkeep\n|turn|12\n|-message|yoshep forfeited.\n|\n|win|TheNewMeliolizard\n|raw|yoshep's rating: 1427 &rarr; <strong>1411</strong><br />(-16 for losing)\n|raw|TheNewMeliolizard's rating: 1499 &rarr; <strong>1515</strong><br />(+16 for winning)\n|l|\u2606yoshep\n|player|p1|\n",
  "uploadtime": 1776570771,
  "views": 15,
  "formatid": "gen9championsvgc2026regma",
  "rating": 1411,
  "private": 0,
  "password": null
}