{
  "id": "gen9championsvgc2026regma-2586240688",
  "format": "[Gen 9 Champions] VGC 2026 Reg M-A",
  "players": [
    "Daishinkan666",
    "Tamejo"
  ],
  "log": "|j|\u2606Daishinkan666\n|j|\u2606Tamejo\n|t:|1776416250\n|gametype|doubles\n|player|p1|Daishinkan666|artist-gen4|1167\n|player|p2|Tamejo|caitlin|1246\n|gen|9\n|tier|[Gen 9 Champions] VGC 2026 Reg M-A\n|rated|\n|rule|Species Clause: Limit one of each Pok\u00e9mon\n|rule|Item Clause: Limit 1 of each item\n|clearpoke\n|poke|p1|Incineroar, L50, F|\n|poke|p1|Sneasler, L50, M|\n|poke|p1|Garchomp, L50, F|\n|poke|p1|Meowscarada, L50, F|\n|poke|p1|Skarmory, L50, M|\n|poke|p1|Sableye, L50, M|\n|poke|p2|Dragapult, L50, M|\n|poke|p2|Corviknight, L50, F|\n|poke|p2|Sylveon, L50, F|\n|poke|p2|Whimsicott, L50, F|\n|poke|p2|Glimmora, L50, M|\n|poke|p2|Incineroar, L50, M|\n|teampreview|4\n|\n|t:|1776416309\n|teamsize|p1|4\n|teamsize|p2|4\n|start\n|switch|p1a: Skarmory|Skarmory, L50, M|100/100\n|switch|p1b: Sableye|Sableye, L50, M|100/100\n|switch|p2a: Incineroar|Incineroar, L50, M|100/100\n|switch|p2b: Corviknight|Corviknight, L50, F|100/100\n|-ability|p2a: Incineroar|Intimidate|boost\n|-unboost|p1a: Skarmory|atk|1\n|-unboost|p1b: Sableye|atk|1\n|turn|1\n|\n|t:|1776416327\n|move|p1b: Sableye|Thunder Wave|p2b: Corviknight\n|-status|p2b: Corviknight|par\n|move|p1a: Skarmory|Tailwind|p1a: Skarmory\n|-sidestart|p1: Daishinkan666|move: Tailwind\n|move|p2a: Incineroar|Taunt|p1b: Sableye\n|-start|p1b: Sableye|move: Taunt\n|cant|p2b: Corviknight|par\n|\n|upkeep\n|turn|2\n|\n|t:|1776416352\n|switch|p1b: Meowscarada|Meowscarada, L50, F|100/100\n|detailschange|p1a: Skarmory|Skarmory-Mega, L50, M\n|-mega|p1a: Skarmory|Skarmory|Skarmorite\n|move|p1a: Skarmory|Brave Bird|p2a: Incineroar\n|-damage|p2a: Incineroar|58/100\n|-damage|p1a: Skarmory|80/100|[from] Recoil\n|move|p2a: Incineroar|Darkest Lariat|p1a: Skarmory\n|-damage|p1a: Skarmory|38/100\n|move|p2b: Corviknight|Bulk Up|p2b: Corviknight\n|-boost|p2b: Corviknight|atk|1\n|-boost|p2b: Corviknight|def|1\n|\n|upkeep\n|turn|3\n|j| megaxasher\n|\n|t:|1776416384\n|move|p1b: Meowscarada|Play Rough|p2a: Incineroar\n|-start|p1b: Meowscarada|typechange|Fairy|[from] ability: Protean\n|-damage|p2a: Incineroar|20/100\n|move|p1a: Skarmory|Brave Bird|p2a: Incineroar\n|-damage|p2a: Incineroar|0 fnt\n|faint|p2a: Incineroar\n|-damage|p1a: Skarmory|28/100|[from] Recoil\n|move|p2b: Corviknight|Bulk Up|p2b: Corviknight\n|-boost|p2b: Corviknight|atk|1\n|-boost|p2b: Corviknight|def|1\n|\n|upkeep\n|l| megaxasher\n|inactive|Battle timer is ON: inactive players will automatically lose when time's up. (requested by Daishinkan666)\n|\n|t:|1776416402\n|switch|p2a: Glimmora|Glimmora, L50, M|100/100\n|turn|4\n|\n|t:|1776416418\n|switch|p1b: Sableye|Sableye, L50, M|100/100\n|move|p2a: Glimmora|Spiky Shield|p2a: Glimmora\n|-singleturn|p2a: Glimmora|move: Protect\n|move|p1a: Skarmory|Iron Head|p2a: Glimmora\n|-activate|p2a: Glimmora|move: Protect\n|-damage|p1a: Skarmory|16/100|[from] Spiky Shield|[of] p2a: Glimmora\n|cant|p2b: Corviknight|par\n|\n|-sideend|p1: Daishinkan666|move: Tailwind\n|upkeep\n|turn|5\n|inactive|Daishinkan666 has 30 seconds left.\n|inactive|Tamejo has 30 seconds left.\n|\n|t:|1776416447\n|detailschange|p2a: Glimmora|Glimmora-Mega, L50, M\n|-mega|p2a: Glimmora|Glimmora|Glimmoranite\n|move|p1b: Sableye|Thunder Wave|p2a: Glimmora\n|-status|p2a: Glimmora|par\n|move|p1a: Skarmory|Iron Head|p2a: Glimmora\n|-supereffective|p2a: Glimmora|1\n|-damage|p2a: Glimmora|35/100 par\n|move|p2a: Glimmora|Power Gem|p1b: Sableye\n|-damage|p1b: Sableye|14/100\n|move|p2b: Corviknight|Brave Bird|p1a: Skarmory\n|-resisted|p1a: Skarmory|1\n|-damage|p1a: Skarmory|0 fnt\n|faint|p1a: Skarmory\n|-damage|p2b: Corviknight|97/100 par|[from] Recoil\n|\n|-heal|p1b: Sableye|20/100|[from] item: Leftovers\n|upkeep\n|\n|t:|1776416465\n|switch|p1a: Sneasler|Sneasler, L50, M|100/100\n|turn|6\n|\n|t:|1776416479\n|cant|p2a: Glimmora|par\n|move|p1a: Sneasler|Close Combat|p2b: Corviknight\n|-damage|p2b: Corviknight|75/100 par\n|-unboost|p1a: Sneasler|def|1\n|-unboost|p1a: Sneasler|spd|1\n|move|p1b: Sableye|Knock Off|p2b: Corviknight\n|-damage|p2b: Corviknight|64/100 par\n|-enditem|p2b: Corviknight|Occa Berry|[from] move: Knock Off|[of] p1b: Sableye\n|cant|p2b: Corviknight|par\n|\n|-heal|p1b: Sableye|25/100|[from] item: Leftovers\n|upkeep\n|turn|7\n|inactive|Tamejo has 30 seconds left.\n|\n|t:|1776416508\n|move|p1a: Sneasler|Protect|p1a: Sneasler\n|-singleturn|p1a: Sneasler|Protect\n|cant|p2a: Glimmora|par\n|move|p1b: Sableye|Knock Off|p2a: Glimmora\n|-damage|p2a: Glimmora|16/100 par\n|move|p2b: Corviknight|Brave Bird|p1a: Sneasler\n|-activate|p1a: Sneasler|move: Protect\n|\n|-heal|p1b: Sableye|31/100|[from] item: Leftovers\n|upkeep\n|turn|8\n|inactive|Daishinkan666 has 30 seconds left.\n|inactive|Daishinkan666 has 20 seconds left.\n|inactive|Daishinkan666 has 15 seconds left.\n|inactive|Daishinkan666 has 10 seconds left.\n|inactive|Daishinkan666 has 5 seconds left.\n|\n|t:|1776416559\n|move|p1b: Sableye|Taunt|p2b: Corviknight\n|-start|p2b: Corviknight|move: Taunt\n|move|p1a: Sneasler|Close Combat|p2a: Glimmora\n|-damage|p2a: Glimmora|0 fnt\n|-unboost|p1a: Sneasler|def|1\n|-unboost|p1a: Sneasler|spd|1\n|faint|p2a: Glimmora\n|move|p2b: Corviknight|Brave Bird|p1a: Sneasler\n|-supereffective|p1a: Sneasler|1\n|-enditem|p1a: Sneasler|Focus Sash\n|-damage|p1a: Sneasler|1/100\n|-damage|p2b: Corviknight|36/100 par|[from] Recoil\n|\n|-heal|p1b: Sableye|37/100|[from] item: Leftovers\n|upkeep\n|\n|t:|1776416566\n|switch|p2a: Sylveon|Sylveon, L50, F|100/100\n|turn|9\n|\n|t:|1776416576\n|move|p2a: Sylveon|Protect|p2a: Sylveon\n|-singleturn|p2a: Sylveon|Protect\n|move|p1b: Sableye|Thunder Wave|p2a: Sylveon\n|-activate|p2a: Sylveon|move: Protect\n|move|p1a: Sneasler|Dire Claw|p2a: Sylveon\n|-activate|p2a: Sylveon|move: Protect\n|move|p2b: Corviknight|Brave Bird|p1a: Sneasler\n|-supereffective|p1a: Sneasler|1\n|-damage|p1a: Sneasler|0 fnt\n|faint|p1a: Sneasler\n|-damage|p2b: Corviknight|35/100 par|[from] Recoil\n|\n|-heal|p1b: Sableye|43/100|[from] item: Leftovers\n|upkeep\n|\n|t:|1776416579\n|switch|p1a: Meowscarada|Meowscarada, L50, F|100/100\n|turn|10\n|\n|t:|1776416595\n|move|p1b: Sableye|Thunder Wave|p2a: Sylveon\n|-status|p2a: Sylveon|par\n|move|p1a: Meowscarada|Triple Axel|p2a: Sylveon\n|-start|p1a: Meowscarada|typechange|Ice|[from] ability: Protean\n|-damage|p2a: Sylveon|90/100 par\n|-damage|p2a: Sylveon|70/100 par\n|-damage|p2a: Sylveon|39/100 par\n|-hitcount|p2a: Sylveon|3\n|move|p2a: Sylveon|Hyper Voice|p1b: Sableye|[spread] p1a,p1b\n|-supereffective|p1b: Sableye|1\n|-damage|p1a: Meowscarada|41/100\n|-damage|p1b: Sableye|0 fnt\n|faint|p1b: Sableye\n|move|p2b: Corviknight|Brave Bird|p1a: Meowscarada\n|-damage|p1a: Meowscarada|0 fnt\n|faint|p1a: Meowscarada\n|-damage|p2b: Corviknight|24/100 par|[from] Recoil\n|\n|win|Tamejo\n|raw|Daishinkan666's rating: 1167 &rarr; <strong>1149</strong><br />(-18 for losing)\n|raw|Tamejo's rating: 1267 &rarr; <strong>1285</strong><br />(+18 for winning)\n",
  "uploadtime": 1776416603,
  "views": 18,
  "formatid": "gen9championsvgc2026regma",
  "rating": 1149,
  "private": 0,
  "password": null
}