{
  "id": "gen9championsvgc2026regma-2582538042",
  "format": "[Gen 9 Champions] VGC 2026 Reg M-A",
  "players": [
    "Venmu Mobile",
    "shunosaurus"
  ],
  "log": "|j|\u2606Venmu Mobile\n|j|\u2606shunosaurus\n|t:|1776098034\n|gametype|doubles\n|player|p1|Venmu Mobile|265|1225\n|player|p2|shunosaurus|psychic-gen4|1293\n|gen|9\n|tier|[Gen 9 Champions] VGC 2026 Reg M-A\n|rated|\n|rule|Species Clause: Limit one of each Pok\u00e9mon\n|rule|Item Clause: Limit 1 of each item\n|clearpoke\n|poke|p1|Banette, L50, M|\n|poke|p1|Kommo-o, L50, M|\n|poke|p1|Umbreon, L50, M|\n|poke|p1|Glimmora, L50, M|\n|poke|p1|Volcarona, L50, F|\n|poke|p1|Tsareena, L50, F|\n|poke|p2|Orthworm, L50, F|\n|poke|p2|Excadrill, L50, F|\n|poke|p2|Tyranitar, L50, F|\n|poke|p2|Sinistcha, L50|\n|poke|p2|Primarina, L50, M|\n|poke|p2|Ceruledge, L50, M|\n|teampreview|4\n|c|\u2606shunosaurus|glhf\n|\n|t:|1776098084\n|teamsize|p1|4\n|teamsize|p2|4\n|start\n|switch|p1a: Tsareena|Tsareena, L50, F|100/100\n|switch|p1b: Kommo-o|Kommo-o, L50, M|100/100\n|switch|p2a: Primarina|Primarina, L50, M|100/100\n|switch|p2b: Ceruledge|Ceruledge, L50, M|100/100\n|turn|1\n|\n|t:|1776098104\n|switch|p1b: Glimmora|Glimmora, L50, M|100/100\n|move|p2a: Primarina|Protect|p2a: Primarina\n|-singleturn|p2a: Primarina|Protect\n|move|p1a: Tsareena|Trop Kick|p2a: Primarina\n|-activate|p2a: Primarina|move: Protect\n|move|p2b: Ceruledge|Bitter Blade|p1a: Tsareena\n|-supereffective|p1a: Tsareena|1\n|-damage|p1a: Tsareena|0 fnt\n|faint|p1a: Tsareena\n|\n|upkeep\n|\n|t:|1776098112\n|switch|p1a: Volcarona|Volcarona, L50, F|100/100\n|turn|2\n|\n|t:|1776098127\n|switch|p2b: Tyranitar|Tyranitar, L50, F|100/100\n|-weather|Sandstorm|[from] ability: Sand Stream|[of] p2b: Tyranitar\n|switch|p2a: Excadrill|Excadrill, L50, F|100/100\n|move|p1b: Glimmora|Sludge Bomb|p2a: Excadrill\n|-immune|p2a: Excadrill\n|move|p1a: Volcarona|Tailwind|p1a: Volcarona\n|-sidestart|p1: Venmu Mobile|move: Tailwind\n|\n|-weather|Sandstorm|[upkeep]\n|-damage|p1a: Volcarona|94/100|[from] Sandstorm\n|upkeep\n|turn|3\n|c|\u2606Venmu Mobile|Shuno \ud83d\ude02\n|c|\u2606Venmu Mobile|It's Venmu from ISBL lol\n|\n|t:|1776098172\n|switch|p1b: Kommo-o|Kommo-o, L50, M|100/100\n|detailschange|p2b: Tyranitar|Tyranitar-Mega, L50, F\n|-mega|p2b: Tyranitar|Tyranitar|Tyranitarite\n|move|p2a: Excadrill|Rock Slide|p1a: Volcarona|[spread] p1b\n|-miss|p2a: Excadrill|p1a: Volcarona\n|-resisted|p1b: Kommo-o|1\n|-damage|p1b: Kommo-o|90/100\n|move|p1a: Volcarona|Heat Wave|p2a: Excadrill|[spread] p2a,p2b\n|-supereffective|p2a: Excadrill|1\n|-resisted|p2b: Tyranitar|1\n|-damage|p2a: Excadrill|9/100\n|-damage|p2b: Tyranitar|92/100\n|move|p2b: Tyranitar|Rock Slide|p1a: Volcarona|[spread] p1a,p1b\n|-supereffective|p1a: Volcarona|2\n|-enditem|p1a: Volcarona|Charti Berry|[eat]\n|-enditem|p1a: Volcarona|Charti Berry|[weaken]\n|-resisted|p1b: Kommo-o|1\n|-damage|p1a: Volcarona|0 fnt\n|-damage|p1b: Kommo-o|71/100\n|faint|p1a: Volcarona\n|\n|-weather|Sandstorm|[upkeep]\n|-damage|p1b: Kommo-o|65/100|[from] Sandstorm\n|-heal|p1b: Kommo-o|71/100|[from] item: Leftovers\n|upkeep\n|\n|t:|1776098189\n|switch|p1a: Glimmora|Glimmora, L50, M|100/100\n|turn|4\n|c|\u2606shunosaurus|Venmu goat\n|c|\u2606shunosaurus|I'm using megatar this season\n|\n|t:|1776098235\n|switch|p2b: Ceruledge|Ceruledge, L50, M|100/100\n|move|p1a: Glimmora|Earth Power|p2a: Excadrill\n|-supereffective|p2a: Excadrill|1\n|-damage|p2a: Excadrill|0 fnt\n|faint|p2a: Excadrill\n|move|p1b: Kommo-o|Aura Sphere|p2b: Ceruledge\n|-immune|p2b: Ceruledge\n|\n|-weather|Sandstorm|[upkeep]\n|-damage|p1b: Kommo-o|65/100|[from] Sandstorm\n|-damage|p2b: Ceruledge|94/100|[from] Sandstorm\n|-heal|p1b: Kommo-o|71/100|[from] item: Leftovers\n|upkeep\n|c|\u2606Venmu Mobile|Hell yea\n|\n|t:|1776098243\n|switch|p2a: Primarina|Primarina, L50, M|100/100\n|turn|5\n|\n|t:|1776098276\n|move|p1b: Kommo-o|Protect|p1b: Kommo-o\n|-singleturn|p1b: Kommo-o|Protect\n|move|p1a: Glimmora|Sludge Bomb|p2a: Primarina\n|-supereffective|p2a: Primarina|1\n|-enditem|p2a: Primarina|Kebia Berry|[eat]\n|-enditem|p2a: Primarina|Kebia Berry|[weaken]\n|-damage|p2a: Primarina|64/100\n|move|p2b: Ceruledge|Poltergeist|p1b: Kommo-o\n|-activate|p1b: Kommo-o|move: Protect\n|move|p2a: Primarina|Psychic Noise|p1a: Glimmora\n|-supereffective|p1a: Glimmora|1\n|-damage|p1a: Glimmora|27/100\n|-start|p1a: Glimmora|move: Heal Block\n|\n|-weather|Sandstorm|[upkeep]\n|-damage|p1b: Kommo-o|65/100|[from] Sandstorm\n|-damage|p2b: Ceruledge|88/100|[from] Sandstorm\n|-damage|p2a: Primarina|58/100|[from] Sandstorm\n|-heal|p1b: Kommo-o|71/100|[from] item: Leftovers\n|-sideend|p1: Venmu Mobile|move: Tailwind\n|upkeep\n|turn|6\n|\n|t:|1776098303\n|switch|p2a: Tyranitar|Tyranitar-Mega, L50, F|92/100\n|move|p1a: Glimmora|Power Gem|p2b: Ceruledge\n|-supereffective|p2b: Ceruledge|1\n|-damage|p2b: Ceruledge|3/100\n|move|p1b: Kommo-o|Clangorous Soul|p1b: Kommo-o\n|-boost|p1b: Kommo-o|atk|1\n|-boost|p1b: Kommo-o|def|1\n|-boost|p1b: Kommo-o|spa|1\n|-boost|p1b: Kommo-o|spd|1\n|-boost|p1b: Kommo-o|spe|1\n|-damage|p1b: Kommo-o|38/100\n|move|p2b: Ceruledge|Close Combat|p1a: Glimmora\n|-damage|p1a: Glimmora|0 fnt\n|-unboost|p2b: Ceruledge|def|1\n|-unboost|p2b: Ceruledge|spd|1\n|-activate|p1a: Glimmora|ability: Toxic Debris\n|-sidestart|p2: shunosaurus|move: Toxic Spikes\n|faint|p1a: Glimmora\n|-enditem|p2b: Ceruledge|White Herb\n|-clearnegativeboost|p2b: Ceruledge|[silent]\n|\n|-weather|none\n|-heal|p1b: Kommo-o|44/100|[from] item: Leftovers\n|upkeep\n|turn|7\n|\n|t:|1776098335\n|move|p1b: Kommo-o|Clanging Scales|p2a: Tyranitar|[spread] p2a,p2b\n|-damage|p2a: Tyranitar|50/100\n|-damage|p2b: Ceruledge|0 fnt\n|faint|p2b: Ceruledge\n|-unboost|p1b: Kommo-o|def|1\n|move|p2a: Tyranitar|High Horsepower|p1b: Kommo-o\n|-damage|p1b: Kommo-o|3/100\n|\n|-heal|p1b: Kommo-o|9/100|[from] item: Leftovers\n|upkeep\n|\n|t:|1776098340\n|switch|p2b: Primarina|Primarina, L50, M|58/100\n|-status|p2b: Primarina|psn\n|turn|8\n|c|\u2606Venmu Mobile|Gg :)\n|c|\u2606shunosaurus|ggs ven\n|\n|t:|1776098351\n|move|p1b: Kommo-o|Aura Sphere|p2a: Tyranitar\n|-supereffective|p2a: Tyranitar|2\n|-damage|p2a: Tyranitar|0 fnt\n|faint|p2a: Tyranitar\n|move|p2b: Primarina|Moonblast|p1b: Kommo-o\n|-supereffective|p1b: Kommo-o|2\n|-damage|p1b: Kommo-o|0 fnt\n|faint|p1b: Kommo-o\n|\n|win|shunosaurus\n|raw|Venmu Mobile's rating: 1225 &rarr; <strong>1205</strong><br />(-20 for losing)\n|raw|shunosaurus's rating: 1293 &rarr; <strong>1313</strong><br />(+20 for winning)\n",
  "uploadtime": 1776098358,
  "views": 41,
  "formatid": "gen9championsvgc2026regma",
  "rating": 1205,
  "private": 0,
  "password": null
}