{
  "id": "gen9championsvgc2026regma-2588635791",
  "format": "[Gen 9 Champions] VGC 2026 Reg M-A",
  "players": [
    "00101l",
    "MarsieHehe"
  ],
  "log": "|j|\u260600101l\n|j|\u2606MarsieHehe\n|t:|1776652356\n|gametype|doubles\n|player|p1|00101l|erika|1251\n|player|p2|MarsieHehe|102|1225\n|gen|9\n|tier|[Gen 9 Champions] VGC 2026 Reg M-A\n|rated|\n|rule|Species Clause: Limit one of each Pok\u00e9mon\n|rule|Item Clause: Limit 1 of each item\n|clearpoke\n|poke|p1|Altaria, L50, F|\n|poke|p1|Aerodactyl, L50, M|\n|poke|p1|Sinistcha, L50|\n|poke|p1|Milotic, L50, M|\n|poke|p1|Kingambit, L50, M|\n|poke|p1|Emboar, L50, M|\n|poke|p2|Froslass, L50, F|\n|poke|p2|Sneasler, L50, F|\n|poke|p2|Rotom-Frost, L50|\n|poke|p2|Garchomp, L50, M|\n|poke|p2|Whimsicott, L50, M|\n|poke|p2|Kingambit, L50, F|\n|teampreview|4\n|inactive|Battle timer is ON: inactive players will automatically lose when time's up. (requested by MarsieHehe)\n|inactive|00101l has 60 seconds left.\n|inactive|MarsieHehe has 60 seconds left.\n|\n|t:|1776652397\n|teamsize|p1|4\n|teamsize|p2|4\n|start\n|switch|p1a: Sinistcha|Sinistcha, L50|100/100\n|switch|p1b: Emboar|Emboar, L50, M|100/100\n|switch|p2a: Garchomp|Garchomp, L50, M|100/100\n|switch|p2b: Sneasler|Sneasler, L50, F|100/100\n|turn|1\n|inactive|00101l has 30 seconds left.\n|inactive|00101l has 20 seconds left.\n|inactive|00101l has 15 seconds left.\n|\n|t:|1776652441\n|switch|p1a: Milotic|Milotic, L50, M|100/100\n|move|p1b: Emboar|Protect|p1b: Emboar\n|-singleturn|p1b: Emboar|Protect\n|move|p2a: Garchomp|Breaking Swipe|p1b: Emboar|[spread] p1a\n|-activate|p1b: Emboar|move: Protect\n|-crit|p1a: Milotic\n|-damage|p1a: Milotic|56/100\n|-unboost|p1a: Milotic|atk|1\n|-ability|p1a: Milotic|Competitive|boost\n|-boost|p1a: Milotic|spa|2\n|move|p2b: Sneasler|Dire Claw|p1a: Milotic\n|-damage|p1a: Milotic|5/100\n|\n|-heal|p1a: Milotic|11/100|[from] item: Leftovers\n|upkeep\n|turn|2\n|inactive|00101l has 30 seconds left.\n|inactive|MarsieHehe has 30 seconds left.\n|\n|t:|1776652475\n|switch|p1b: Sinistcha|Sinistcha, L50|100/100\n|-heal|p1a: Milotic|36/100|[from] ability: Hospitality|[of] p1b: Sinistcha\n|move|p2a: Garchomp|Breaking Swipe|p1a: Milotic|[spread] p1a,p1b\n|-damage|p1a: Milotic|0 fnt\n|-damage|p1b: Sinistcha|77/100\n|-unboost|p1b: Sinistcha|atk|1\n|faint|p1a: Milotic\n|move|p2b: Sneasler|Close Combat|p1b: Sinistcha\n|-immune|p1b: Sinistcha\n|\n|upkeep\n|\n|t:|1776652490\n|switch|p1a: Kingambit|Kingambit, L50, M|100/100\n|turn|3\n|\n|t:|1776652514\n|switch|p2a: Rotom|Rotom-Frost, L50|100/100\n|move|p2b: Sneasler|Dire Claw|p1b: Sinistcha\n|-damage|p1b: Sinistcha|38/100\n|move|p1a: Kingambit|Iron Head|p2a: Rotom\n|-damage|p2a: Rotom|56/100\n|move|p1b: Sinistcha|Trick Room|p1b: Sinistcha\n|-fieldstart|move: Trick Room|[of] p1b: Sinistcha\n|\n|upkeep\n|turn|4\n|\n|t:|1776652538\n|switch|p1a: Emboar|Emboar, L50, M|100/100\n|move|p1b: Sinistcha|Protect|p1b: Sinistcha\n|-singleturn|p1b: Sinistcha|Protect\n|move|p2a: Rotom|Protect|p2a: Rotom\n|-singleturn|p2a: Rotom|Protect\n|move|p2b: Sneasler|Close Combat|p1a: Emboar\n|-damage|p1a: Emboar|26/100\n|-unboost|p2b: Sneasler|def|1\n|-unboost|p2b: Sneasler|spd|1\n|-enditem|p2b: Sneasler|White Herb\n|-clearnegativeboost|p2b: Sneasler|[silent]\n|\n|upkeep\n|turn|5\n|inactive|00101l has 30 seconds left.\n|\n|t:|1776652564\n|detailschange|p1a: Emboar|Emboar-Mega, L50, M\n|-mega|p1a: Emboar|Emboar|Emboarite\n|-ability|p1a: Emboar|Mold Breaker\n|move|p1b: Sinistcha|Matcha Gotcha|p2a: Rotom|[spread] p2b\n|-miss|p1b: Sinistcha|p2a: Rotom\n|-resisted|p2b: Sneasler|1\n|-damage|p2b: Sneasler|79/100\n|-heal|p1b: Sinistcha|47/100|[from] drain|[of] p2b: Sneasler\n|move|p1a: Emboar|Zen Headbutt|p2b: Sneasler\n|-supereffective|p2b: Sneasler|2\n|-damage|p2b: Sneasler|0 fnt\n|faint|p2b: Sneasler\n|move|p2a: Rotom|Volt Switch|p1b: Sinistcha\n|-resisted|p1b: Sinistcha|1\n|-damage|p1b: Sinistcha|28/100\n|\n|t:|1776652581\n|switch|p2a: Froslass|Froslass, L50, F|100/100|[from] Volt Switch\n|\n|upkeep\n|\n|t:|1776652585\n|switch|p2b: Rotom|Rotom-Frost, L50|56/100\n|turn|6\n|inactive|00101l has 30 seconds left.\n|\n|t:|1776652615\n|switch|p1b: Kingambit|Kingambit, L50, M|100/100\n|move|p2b: Rotom|Protect|p2b: Rotom\n|-singleturn|p2b: Rotom|Protect\n|move|p2a: Froslass|Protect|p2a: Froslass\n|-singleturn|p2a: Froslass|Protect\n|move|p1a: Emboar|Drain Punch|p2b: Rotom\n|-activate|p2b: Rotom|move: Protect\n|\n|upkeep\n|turn|7\n|\n|t:|1776652638\n|switch|p2b: Garchomp|Garchomp, L50, M|100/100\n|detailschange|p2a: Froslass|Froslass-Mega, L50, F\n|-mega|p2a: Froslass|Froslass|Froslassite\n|-weather|Snowscape|[from] ability: Snow Warning|[of] p2a: Froslass\n|move|p1b: Kingambit|Sucker Punch||[still]\n|-fail|p1b: Kingambit\n|move|p1a: Emboar|Drain Punch|p2b: Garchomp\n|-damage|p2b: Garchomp|47/100\n|-heal|p1a: Emboar|48/100|[from] drain|[of] p2b: Garchomp\n|-damage|p1a: Emboar|36/100|[from] ability: Rough Skin|[of] p2b: Garchomp\n|move|p2a: Froslass|Aurora Veil|p2a: Froslass\n|-sidestart|p2: MarsieHehe|move: Aurora Veil\n|\n|-weather|Snowscape|[upkeep]\n|-fieldend|move: Trick Room\n|upkeep\n|turn|8\n|inactive|00101l has 30 seconds left.\n|\n|t:|1776652672\n|move|p1a: Emboar|Protect|p1a: Emboar\n|-singleturn|p1a: Emboar|Protect\n|move|p1b: Kingambit|Sucker Punch|p2a: Froslass\n|-supereffective|p2a: Froslass|1\n|-damage|p2a: Froslass|41/100\n|move|p2b: Garchomp|Stomping Tantrum|p1b: Kingambit\n|-supereffective|p1b: Kingambit|1\n|-damage|p1b: Kingambit|33/100\n|move|p2a: Froslass|Shadow Ball|p1a: Emboar\n|-activate|p1a: Emboar|move: Protect\n|\n|-weather|Snowscape|[upkeep]\n|upkeep\n|turn|9\n|inactive|00101l has 30 seconds left.\n|inactive|00101l has 20 seconds left.\n|\n|t:|1776652710\n|switch|p2a: Rotom|Rotom-Frost, L50|56/100\n|switch|p1a: Sinistcha|Sinistcha, L50|28/100\n|-heal|p1b: Kingambit|58/100|[from] ability: Hospitality|[of] p1a: Sinistcha\n|move|p1b: Kingambit|Sucker Punch|p2b: Garchomp\n|-damage|p2b: Garchomp|22/100\n|-damage|p1b: Kingambit|45/100|[from] ability: Rough Skin|[of] p2b: Garchomp\n|move|p2b: Garchomp|Stomping Tantrum|p1a: Sinistcha\n|-resisted|p1a: Sinistcha|1\n|-damage|p1a: Sinistcha|8/100\n|\n|-weather|Snowscape|[upkeep]\n|upkeep\n|turn|10\n|inactive|00101l has 30 seconds left.\n|inactive|MarsieHehe has 30 seconds left.\n|inactive|00101l has 20 seconds left.\n|inactive|00101l has 15 seconds left.\n|inactive|00101l has 10 seconds left.\n|\n|t:|1776652759\n|switch|p2b: Froslass|Froslass-Mega, L50, F|41/100\n|move|p1b: Kingambit|Sucker Punch||[still]\n|-fail|p1b: Kingambit\n|move|p2a: Rotom|Blizzard|p1a: Sinistcha|[spread] p1a,p1b\n|-supereffective|p1a: Sinistcha|1\n|-resisted|p1b: Kingambit|1\n|-damage|p1a: Sinistcha|0 fnt\n|-damage|p1b: Kingambit|26/100\n|faint|p1a: Sinistcha\n|\n|-weather|Snowscape|[upkeep]\n|upkeep\n|\n|t:|1776652768\n|switch|p1a: Emboar|Emboar-Mega, L50, M|36/100\n|-ability|p1a: Emboar|Mold Breaker\n|turn|11\n|inactive|MarsieHehe has 30 seconds left.\n|inactive|MarsieHehe has 20 seconds left.\n|\n|t:|1776652806\n|move|p2b: Froslass|Protect|p2b: Froslass\n|-singleturn|p2b: Froslass|Protect\n|move|p2a: Rotom|Volt Switch|p1b: Kingambit\n|-damage|p1b: Kingambit|0 fnt\n|faint|p1b: Kingambit\n|\n|t:|1776652812\n|switch|p2a: Garchomp|Garchomp, L50, M|22/100|[from] Volt Switch\n|move|p1a: Emboar|Drain Punch|p2a: Garchomp\n|-damage|p2a: Garchomp|0 fnt\n|-heal|p1a: Emboar|45/100|[from] drain|[of] p2a: Garchomp\n|-damage|p1a: Emboar|33/100|[from] ability: Rough Skin|[of] p2a: Garchomp\n|faint|p2a: Garchomp\n|\n|-weather|none\n|-sideend|p2: MarsieHehe|move: Aurora Veil\n|upkeep\n|\n|t:|1776652822\n|switch|p2a: Rotom|Rotom-Frost, L50|56/100\n|turn|12\n|\n|t:|1776652833\n|move|p2a: Rotom|Protect|p2a: Rotom\n|-singleturn|p2a: Rotom|Protect\n|move|p2b: Froslass|Shadow Ball|p1a: Emboar\n|-damage|p1a: Emboar|0 fnt\n|faint|p1a: Emboar\n|\n|win|MarsieHehe\n|raw|00101l's rating: 1251 &rarr; <strong>1224</strong><br />(-27 for losing)\n|raw|MarsieHehe's rating: 1225 &rarr; <strong>1252</strong><br />(+27 for winning)\n|c|\u260600101l|gg\n|c|\u2606MarsieHehe|g\n|c|\u2606MarsieHehe|gg\n",
  "uploadtime": 1776652849,
  "views": 12,
  "formatid": "gen9championsvgc2026regma",
  "rating": 1224,
  "private": 0,
  "password": null
}