{
  "id": "gen9championsvgc2026regma-2586287680",
  "format": "[Gen 9 Champions] VGC 2026 Reg M-A",
  "players": [
    "fart in toilet",
    "henrykkkkkkk"
  ],
  "log": "|j|\u2606fart in toilet\n|j|\u2606henrykkkkkkk\n|t:|1776421548\n|gametype|doubles\n|player|p1|fart in toilet|cynthia-gen4|1082\n|player|p2|henrykkkkkkk|preschoolerf|1134\n|gen|9\n|tier|[Gen 9 Champions] VGC 2026 Reg M-A\n|rated|\n|rule|Species Clause: Limit one of each Pok\u00e9mon\n|rule|Item Clause: Limit 1 of each item\n|clearpoke\n|poke|p1|Torkoal, L50, M|\n|poke|p1|Hatterene, L50, F|\n|poke|p1|Gallade, L50, M|\n|poke|p1|Meowstic, L50, M|\n|poke|p1|Camerupt, L50, M|\n|poke|p1|Azumarill, L50, F|\n|poke|p2|Gengar, L50, F|\n|poke|p2|Maushold, L50|\n|poke|p2|Incineroar, L50, F|\n|poke|p2|Rotom-Wash, L50|\n|poke|p2|Sylveon, L50, M|\n|poke|p2|Volcarona, L50, M|\n|teampreview|4\n|inactive|Battle timer is ON: inactive players will automatically lose when time's up. (requested by henrykkkkkkk)\n|inactive|fart in toilet has 60 seconds left.\n|inactive|henrykkkkkkk has 60 seconds left.\n|inactive|fart in toilet has 30 seconds left.\n|\n|t:|1776421611\n|teamsize|p1|4\n|teamsize|p2|4\n|start\n|switch|p1a: Meowstic|Meowstic, L50, M|100/100\n|switch|p1b: Hatterene|Hatterene, L50, F|100/100\n|switch|p2a: Washing Machine|Rotom-Wash, L50, shiny|100/100\n|switch|p2b: Maushold|Maushold, L50|100/100\n|turn|1\n|c|\u2606fart in toilet|glhf\n|\n|t:|1776421637\n|move|p1a: Meowstic|Fake Out|p2b: Maushold\n|-damage|p2b: Maushold|94/100\n|move|p2a: Washing Machine|Shadow Ball|p1a: Meowstic\n|-supereffective|p1a: Meowstic|1\n|-damage|p1a: Meowstic|37/100\n|cant|p2b: Maushold|flinch\n|move|p1b: Hatterene|Trick Room|p1b: Hatterene\n|-fieldstart|move: Trick Room|[of] p1b: Hatterene\n|\n|upkeep\n|turn|2\n|\n|t:|1776421655\n|move|p1a: Meowstic|Psychic Terrain|p1a: Meowstic\n|-fieldstart|move: Psychic Terrain\n|move|p1b: Hatterene|Expanding Force|p2a: Washing Machine|[spread] p2a,p2b\n|-damage|p2a: Washing Machine|13/100\n|-damage|p2b: Maushold|0 fnt\n|faint|p2b: Maushold\n|move|p2a: Washing Machine|Shadow Ball|p1a: Meowstic\n|-supereffective|p1a: Meowstic|1\n|-damage|p1a: Meowstic|0 fnt\n|faint|p1a: Meowstic\n|\n|upkeep\n|\n|t:|1776421663\n|switch|p1a: Camerupt|Camerupt, L50, M|100/100\n|switch|p2b: Sylveon|Sylveon, L50, M, shiny|100/100\n|turn|3\n|\n|t:|1776421672\n|detailschange|p1a: Camerupt|Camerupt-Mega, L50, M\n|-mega|p1a: Camerupt|Camerupt|Cameruptite\n|move|p2b: Sylveon|Protect|p2b: Sylveon\n|-singleturn|p2b: Sylveon|Protect\n|move|p1a: Camerupt|Eruption|p2b: Sylveon|[spread] p2a\n|-activate|p2b: Sylveon|move: Protect\n|-resisted|p2a: Washing Machine|1\n|-damage|p2a: Washing Machine|0 fnt\n|faint|p2a: Washing Machine\n|move|p1b: Hatterene|Expanding Force|p2b: Sylveon\n|-activate|p2b: Sylveon|move: Protect\n|\n|upkeep\n|\n|t:|1776421679\n|switch|p2a: King boo|Gengar, L50, F, shiny|100/100\n|turn|4\n|\n|t:|1776421683\n|move|p2a: King boo|Protect|p2a: King boo\n|-singleturn|p2a: King boo|Protect\n|move|p1a: Camerupt|Eruption|p2a: King boo|[spread] p2b\n|-activate|p2a: King boo|move: Protect\n|-damage|p2b: Sylveon|51/100\n|move|p1b: Hatterene|Expanding Force|p2a: King boo|[spread] p2b\n|-activate|p2a: King boo|move: Protect\n|-damage|p2b: Sylveon|0 fnt\n|faint|p2b: Sylveon\n|\n|upkeep\n|turn|5\n|-message|henrykkkkkkk forfeited.\n|\n|win|fart in toilet\n|raw|fart in toilet's rating: 1082 &rarr; <strong>1114</strong><br />(+32 for winning)\n|raw|henrykkkkkkk's rating: 1134 &rarr; <strong>1105</strong><br />(-29 for losing)\n|l|\u2606henrykkkkkkk\n|player|p2|\n",
  "uploadtime": 1776421999,
  "views": 31,
  "formatid": "gen9championsvgc2026regma",
  "rating": 1105,
  "private": 0,
  "password": null
}