{
  "id": "gen9championsvgc2026regma-2580340194",
  "format": "[Gen 9 Champions] VGC 2026 Reg M-A",
  "players": [
    "Loril",
    "allyman"
  ],
  "log": "|j|\u2606Loril\n|j|\u2606allyman\n|t:|1775882522\n|gametype|doubles\n|player|p1|Loril|n|1000\n|player|p2|allyman|worker-gen4|1029\n|gen|9\n|tier|[Gen 9 Champions] VGC 2026 Reg M-A\n|rated|\n|rule|Species Clause: Limit one of each Pok\u00e9mon\n|rule|Item Clause: Limit 1 of each item\n|clearpoke\n|poke|p1|Alcremie-Matcha-Cream, L50, F|\n|poke|p1|Incineroar, L50, F|\n|poke|p1|Farigiraf, L50, F|\n|poke|p1|Garchomp, L50, F|\n|poke|p1|Floette-Eternal, L50, F|\n|poke|p1|Camerupt, L50, M|\n|poke|p2|Camerupt, L50, M|\n|poke|p2|Oranguru, L50, F|\n|poke|p2|Hatterene, L50, F|\n|poke|p2|Sinistcha, L50|\n|poke|p2|Sableye, L50, F|\n|poke|p2|Crabominable, L50, M|\n|teampreview|4\n|inactive|Battle timer is ON: inactive players will automatically lose when time's up. (requested by Loril)\n|inactive|Loril has 60 seconds left.\n|\n|t:|1775882580\n|teamsize|p1|4\n|teamsize|p2|4\n|start\n|switch|p1a: Alcremie|Alcremie-Matcha-Cream, L50, F|100/100\n|switch|p1b: Incineroar|Incineroar, L50, F|100/100\n|switch|p2a: Hatterene|Hatterene, L50, F|100/100\n|switch|p2b: Sinistcha|Sinistcha, L50|100/100\n|-ability|p1b: Incineroar|Intimidate|boost\n|-unboost|p2a: Hatterene|atk|1\n|-unboost|p2b: Sinistcha|atk|1\n|turn|1\n|\n|t:|1775882601\n|move|p2a: Hatterene|Protect|p2a: Hatterene\n|-singleturn|p2a: Hatterene|Protect\n|move|p1a: Alcremie|Encore||[still]\n|-fail|p1a: Alcremie\n|move|p1b: Incineroar|Parting Shot|p2a: Hatterene\n|-activate|p2a: Hatterene|move: Protect\n|move|p2b: Sinistcha|Trick Room|p2b: Sinistcha\n|-fieldstart|move: Trick Room|[of] p2b: Sinistcha\n|\n|upkeep\n|turn|2\n|inactive|Loril has 30 seconds left.\n|inactive|Loril has 20 seconds left.\n|\n|t:|1775882640\n|switch|p2b: Crabominable|Crabominable, L50, M|100/100\n|move|p1a: Alcremie|Helping Hand|p1b: Incineroar\n|-singleturn|p1b: Incineroar|Helping Hand|[of] p1a: Alcremie\n|move|p2a: Hatterene|Dazzling Gleam|p1b: Incineroar|[spread] p1a,p1b\n|-damage|p1a: Alcremie|80/100\n|-damage|p1b: Incineroar|74/100\n|move|p1b: Incineroar|Throat Chop|p2b: Crabominable\n|-resisted|p2b: Crabominable|1\n|-damage|p2b: Crabominable|76/100\n|-start|p2b: Crabominable|Throat Chop|[silent]\n|\n|upkeep\n|turn|3\n|l|\u2606Loril\n|inactive|Loril disconnected and has a minute to reconnect!\n|player|p1|\n|inactive|Loril has 30 seconds left.\n|j|\u2606Loril\n|inactive|Loril reconnected and has 30 seconds left.\n|player|p1|Loril|n|\n|inactive|Loril has 20 seconds left.\n|inactive|allyman has 30 seconds left.\n|\n|t:|1775882681\n|switch|p1b: Floette|Floette-Eternal, L50, F|100/100\n|detailschange|p2b: Crabominable|Crabominable-Mega, L50, M\n|-mega|p2b: Crabominable|Crabominable|Crabominite\n|move|p2a: Hatterene|Dazzling Gleam|p1a: Alcremie|[spread] p1a,p1b\n|-damage|p1a: Alcremie|60/100\n|-damage|p1b: Floette|78/100\n|move|p2b: Crabominable|Drain Punch|p1b: Floette\n|-resisted|p1b: Floette|1\n|-damage|p1b: Floette|39/100\n|-heal|p2b: Crabominable|94/100|[from] drain|[of] p1b: Floette\n|move|p1a: Alcremie|Decorate|p1b: Floette\n|-boost|p1b: Floette|atk|2\n|-boost|p1b: Floette|spa|2\n|\n|-end|p2b: Crabominable|Throat Chop|[silent]\n|upkeep\n|turn|4\n|\n|t:|1775882706\n|switch|p1a: Incineroar|Incineroar, L50, F|74/100\n|-ability|p1a: Incineroar|Intimidate|boost\n|-unboost|p2a: Hatterene|atk|1\n|-unboost|p2b: Crabominable|atk|1\n|move|p1b: Floette|Protect|p1b: Floette\n|-singleturn|p1b: Floette|Protect\n|move|p2a: Hatterene|Psychic Noise|p1a: Incineroar\n|-immune|p1a: Incineroar\n|move|p2b: Crabominable|Ice Hammer|p1b: Floette\n|-activate|p1b: Floette|move: Protect\n|\n|upkeep\n|turn|5\n|inactive|allyman has 30 seconds left.\n|\n|t:|1775882732\n|switch|p2b: Sinistcha|Sinistcha, L50|100/100\n|detailschange|p1b: Floette|Floette-Mega, L50, F\n|-mega|p1b: Floette|Floette|Floettite\n|-ability|p1b: Floette|Fairy Aura\n|move|p1a: Incineroar|Fake Out|p2b: Sinistcha\n|-immune|p2b: Sinistcha\n|move|p2a: Hatterene|Dazzling Gleam|p1a: Incineroar|[spread] p1a,p1b\n|-crit|p1b: Floette\n|-damage|p1a: Incineroar|34/100\n|-damage|p1b: Floette|0 fnt\n|-enditem|p1a: Incineroar|Sitrus Berry|[eat]\n|-heal|p1a: Incineroar|59/100|[from] item: Sitrus Berry\n|faint|p1b: Floette\n|\n|-fieldend|move: Trick Room\n|upkeep\n|\n|t:|1775882745\n|switch|p1b: Camerupt|Camerupt, L50, M|100/100\n|turn|6\n|\n|t:|1775882758\n|move|p1a: Incineroar|Throat Chop|p2b: Sinistcha\n|-supereffective|p2b: Sinistcha|1\n|-damage|p2b: Sinistcha|55/100\n|-start|p2b: Sinistcha|Throat Chop|[silent]\n|move|p2b: Sinistcha|Shadow Ball|p1b: Camerupt\n|-damage|p1b: Camerupt|60/100\n|-unboost|p1b: Camerupt|spd|1\n|move|p1b: Camerupt|Heat Wave|p2a: Hatterene|[spread] p2a,p2b\n|-supereffective|p2b: Sinistcha|1\n|-damage|p2a: Hatterene|70/100\n|-damage|p2b: Sinistcha|0 fnt\n|faint|p2b: Sinistcha\n|move|p2a: Hatterene|Psychic Noise|p1b: Camerupt\n|-damage|p1b: Camerupt|0 fnt\n|faint|p1b: Camerupt\n|\n|-heal|p2a: Hatterene|77/100|[from] item: Leftovers\n|upkeep\n|\n|t:|1775882775\n|switch|p2b: Crabominable|Crabominable-Mega, L50, M|94/100\n|switch|p1b: Alcremie|Alcremie-Matcha-Cream, L50, F|60/100\n|turn|7\n|-message|Loril forfeited.\n|\n|win|allyman\n|raw|Loril's rating: 1000 &rarr; <strong>1000</strong><br />(+0 for losing)\n|raw|allyman's rating: 1029 &rarr; <strong>1062</strong><br />(+33 for winning)\n|l|\u2606Loril\n|player|p1|\n",
  "uploadtime": 1775882800,
  "views": 29,
  "formatid": "gen9championsvgc2026regma",
  "rating": 1000,
  "private": 0,
  "password": null
}