{
  "id": "gen9championsvgc2026regma-2580678439",
  "format": "[Gen 9 Champions] VGC 2026 Reg M-A",
  "players": [
    "2fq1ql",
    "proudcloud49"
  ],
  "log": "|j|\u26062fq1ql\n|j|\u2606proudcloud49\n|t:|1775923599\n|gametype|doubles\n|player|p1|2fq1ql|2|1105\n|player|p2|proudcloud49|policeman-gen4|1028\n|gen|9\n|tier|[Gen 9 Champions] VGC 2026 Reg M-A\n|rated|\n|rule|Species Clause: Limit one of each Pok\u00e9mon\n|rule|Item Clause: Limit 1 of each item\n|clearpoke\n|poke|p1|Tyranitar, L50, M|\n|poke|p1|Excadrill, L50, M|\n|poke|p1|Corviknight, L50, M|\n|poke|p1|Rotom-Heat, L50|\n|poke|p1|Dragapult, L50, F|\n|poke|p1|Primarina, L50, M|\n|poke|p2|Venusaur, L50, F|\n|poke|p2|Charizard, L50, F|\n|poke|p2|Aerodactyl, L50, F|\n|poke|p2|Whimsicott, L50, M|\n|poke|p2|Typhlosion, L50, F|\n|poke|p2|Dragapult, L50, M|\n|teampreview|4\n|inactive|Battle timer is ON: inactive players will automatically lose when time's up. (requested by proudcloud49)\n|\n|t:|1775923669\n|teamsize|p1|4\n|teamsize|p2|4\n|start\n|switch|p1a: Excadrill|Excadrill, L50, M|100/100\n|switch|p1b: Tyranitar|Tyranitar, L50, M|100/100\n|switch|p2a: Charizard|Charizard, L50, F|100/100\n|switch|p2b: Venusaur|Venusaur, L50, F|100/100\n|-weather|Sandstorm|[from] ability: Sand Stream|[of] p1b: Tyranitar\n|turn|1\n|\n|t:|1775923691\n|move|p2a: Charizard|Protect|p2a: Charizard\n|-singleturn|p2a: Charizard|Protect\n|move|p1b: Tyranitar|Protect|p1b: Tyranitar\n|-singleturn|p1b: Tyranitar|Protect\n|move|p1a: Excadrill|Rock Slide|p2a: Charizard|[spread] p2b\n|-activate|p2a: Charizard|move: Protect\n|-damage|p2b: Venusaur|76/100\n|move|p2b: Venusaur|Sleep Powder|p1a: Excadrill\n|-status|p1a: Excadrill|slp|[from] move: Sleep Powder\n|\n|-weather|Sandstorm|[upkeep]\n|-damage|p2a: Charizard|94/100|[from] Sandstorm\n|-damage|p2b: Venusaur|69/100|[from] Sandstorm\n|-heal|p2b: Venusaur|76/100|[from] item: Leftovers\n|upkeep\n|turn|2\n|inactive|2fq1ql has 30 seconds left.\n|\n|t:|1775923717\n|switch|p1a: Primarina|Primarina, L50, M|100/100\n|detailschange|p2a: Charizard|Charizard-Mega-Y, L50, F\n|-mega|p2a: Charizard|Charizard|Charizardite Y\n|-weather|SunnyDay|[from] ability: Drought|[of] p2a: Charizard\n|detailschange|p1b: Tyranitar|Tyranitar-Mega, L50, M\n|-mega|p1b: Tyranitar|Tyranitar|Tyranitarite\n|-weather|Sandstorm|[from] ability: Sand Stream|[of] p1b: Tyranitar\n|move|p2a: Charizard|Solar Beam||[still]\n|-prepare|p2a: Charizard|Solar Beam\n|move|p1b: Tyranitar|Rock Slide|p2a: Charizard|[spread] p2a,p2b\n|-supereffective|p2a: Charizard|2\n|-damage|p2a: Charizard|0 fnt\n|-damage|p2b: Venusaur|34/100\n|faint|p2a: Charizard\n|cant|p2b: Venusaur|flinch\n|\n|-weather|Sandstorm|[upkeep]\n|-damage|p2b: Venusaur|28/100|[from] Sandstorm\n|-damage|p1a: Primarina|94/100|[from] Sandstorm\n|-heal|p2b: Venusaur|34/100|[from] item: Leftovers\n|-heal|p1a: Primarina|100/100|[from] item: Leftovers\n|upkeep\n|\n|t:|1775923730\n|switch|p2a: Aerodactyl|Aerodactyl, L50, F|100/100\n|-ability|p2a: Aerodactyl|Unnerve\n|turn|3\n|\n|t:|1775923750\n|move|p2a: Aerodactyl|Wide Guard|p2a: Aerodactyl\n|-singleturn|p2a: Aerodactyl|Wide Guard\n|move|p1b: Tyranitar|Rock Slide|p2b: Venusaur|[spread] \n|-activate|p2a: Aerodactyl|move: Wide Guard\n|-activate|p2b: Venusaur|move: Wide Guard\n|move|p2b: Venusaur|Energy Ball|p1a: Primarina\n|-supereffective|p1a: Primarina|1\n|-damage|p1a: Primarina|38/100\n|move|p1a: Primarina|Hyper Voice|p2b: Venusaur|[spread] \n|-activate|p2a: Aerodactyl|move: Wide Guard\n|-activate|p2b: Venusaur|move: Wide Guard\n|\n|-weather|Sandstorm|[upkeep]\n|-damage|p2b: Venusaur|28/100|[from] Sandstorm\n|-damage|p1a: Primarina|32/100|[from] Sandstorm\n|-heal|p2b: Venusaur|34/100|[from] item: Leftovers\n|-heal|p1a: Primarina|38/100|[from] item: Leftovers\n|upkeep\n|turn|4\n|inactive|2fq1ql has 30 seconds left.\n|inactive|2fq1ql has 20 seconds left.\n|\n|t:|1775923789\n|move|p2a: Aerodactyl|Sunny Day|p2a: Aerodactyl\n|-weather|SunnyDay\n|move|p2b: Venusaur|Energy Ball|p1a: Primarina\n|-supereffective|p1a: Primarina|1\n|-damage|p1a: Primarina|0 fnt\n|faint|p1a: Primarina\n|move|p1b: Tyranitar|Knock Off|p2b: Venusaur\n|-damage|p2b: Venusaur|0 fnt\n|-enditem|p2b: Venusaur|Leftovers|[from] move: Knock Off|[of] p1b: Tyranitar\n|faint|p2b: Venusaur\n|\n|-weather|SunnyDay|[upkeep]\n|upkeep\n|\n|t:|1775923804\n|switch|p2b: Dragapult|Dragapult, L50, M|100/100\n|switch|p1a: Rotom|Rotom-Heat, L50|100/100\n|turn|5\n|\n|t:|1775923823\n|move|p2b: Dragapult|Dragon Darts|p1a: Rotom\n|-damage|p1a: Rotom|75/100\n|-anim|p2b: Dragapult|Dragon Darts|p1b: Tyranitar\n|-damage|p1b: Tyranitar|84/100\n|move|p1a: Rotom|Electroweb|p2a: Aerodactyl|[spread] p2a,p2b\n|-supereffective|p2a: Aerodactyl|1\n|-resisted|p2b: Dragapult|1\n|-damage|p2a: Aerodactyl|62/100\n|-damage|p2b: Dragapult|88/100\n|-unboost|p2a: Aerodactyl|spe|1\n|move|p1b: Tyranitar|Knock Off|p2b: Dragapult\n|-supereffective|p2b: Dragapult|1\n|-damage|p2b: Dragapult|0 fnt\n|-enditem|p2b: Dragapult|Sitrus Berry|[from] move: Knock Off|[of] p1b: Tyranitar\n|faint|p2b: Dragapult\n|move|p2a: Aerodactyl|Rock Slide|p1a: Rotom|[spread] p1a,p1b\n|-supereffective|p1a: Rotom|1\n|-damage|p1a: Rotom|22/100\n|-damage|p1b: Tyranitar|68/100\n|\n|-weather|SunnyDay|[upkeep]\n|upkeep\n|turn|6\n|\n|t:|1775923847\n|move|p1a: Rotom|Electroweb|p2a: Aerodactyl\n|-supereffective|p2a: Aerodactyl|1\n|-damage|p2a: Aerodactyl|6/100\n|-unboost|p2a: Aerodactyl|spe|1\n|move|p1b: Tyranitar|Dragon Dance|p1b: Tyranitar\n|-boost|p1b: Tyranitar|atk|1\n|-boost|p1b: Tyranitar|spe|1\n|move|p2a: Aerodactyl|Rock Slide|p1b: Tyranitar|[spread] p1a,p1b\n|-supereffective|p1a: Rotom|1\n|-damage|p1a: Rotom|0 fnt\n|-damage|p1b: Tyranitar|52/100\n|faint|p1a: Rotom\n|\n|-weather|SunnyDay|[upkeep]\n|upkeep\n|\n|t:|1775923861\n|switch|p1a: Excadrill|Excadrill, L50, M|100/100 slp\n|turn|7\n|\n|t:|1775923867\n|move|p1b: Tyranitar|Rock Slide|p2a: Aerodactyl\n|-supereffective|p2a: Aerodactyl|1\n|-damage|p2a: Aerodactyl|0 fnt\n|faint|p2a: Aerodactyl\n|\n|win|2fq1ql\n|raw|2fq1ql's rating: 1105 &rarr; <strong>1125</strong><br />(+20 for winning)\n|raw|proudcloud49's rating: 1028 &rarr; <strong>1017</strong><br />(-11 for losing)\n|l|\u2606proudcloud49\n|player|p2|\n",
  "uploadtime": 1775923873,
  "views": 12,
  "formatid": "gen9championsvgc2026regma",
  "rating": 1017,
  "private": 0,
  "password": null
}