{
  "id": "gen9championsvgc2026regma-2581263272",
  "format": "[Gen 9 Champions] VGC 2026 Reg M-A",
  "players": [
    "Niko highway",
    "Nico67"
  ],
  "log": "|j|\u2606Niko highway\n|j|\u2606Nico67\n|t:|1775978140\n|gametype|doubles\n|player|p1|Niko highway|101|1240\n|player|p2|Nico67|169|1161\n|gen|9\n|tier|[Gen 9 Champions] VGC 2026 Reg M-A\n|rated|\n|rule|Species Clause: Limit one of each Pok\u00e9mon\n|rule|Item Clause: Limit 1 of each item\n|clearpoke\n|poke|p1|Incineroar, L50, M|\n|poke|p1|Conkeldurr, L50, F|\n|poke|p1|Sinistcha, L50|\n|poke|p1|Cofagrigus, L50, F|\n|poke|p1|Drampa, L50, F|\n|poke|p1|Scizor, L50, F|\n|poke|p2|Tyranitar, L50, F|\n|poke|p2|Excadrill, L50, M|\n|poke|p2|Milotic, L50, F|\n|poke|p2|Incineroar, L50, F|\n|poke|p2|Meganium, L50, F|\n|poke|p2|Rotom-Wash, L50|\n|teampreview|4\n|inactive|Battle timer is ON: inactive players will automatically lose when time's up. (requested by Nico67)\n|inactive|Niko highway has 60 seconds left.\n|inactive|Nico67 has 60 seconds left.\n|\n|t:|1775978175\n|teamsize|p1|4\n|teamsize|p2|4\n|start\n|switch|p1a: Cofagrigus|Cofagrigus, L50, F|100/100\n|switch|p1b: Incineroar|Incineroar, L50, M|100/100\n|switch|p2a: Incineroar|Incineroar, L50, F|100/100\n|switch|p2b: Tyranitar|Tyranitar, L50, F|100/100\n|-ability|p2a: Incineroar|Intimidate|boost\n|-unboost|p1a: Cofagrigus|atk|1\n|-unboost|p1b: Incineroar|atk|1\n|-weather|Sandstorm|[from] ability: Sand Stream|[of] p2b: Tyranitar\n|-ability|p1b: Incineroar|Intimidate|boost\n|-unboost|p2a: Incineroar|atk|1\n|-unboost|p2b: Tyranitar|atk|1\n|turn|1\n|\n|t:|1775978188\n|move|p1b: Incineroar|Fake Out|p2b: Tyranitar\n|-resisted|p2b: Tyranitar|1\n|-damage|p2b: Tyranitar|96/100\n|move|p2a: Incineroar|Taunt|p1a: Cofagrigus\n|-start|p1a: Cofagrigus|move: Taunt\n|cant|p2b: Tyranitar|flinch\n|cant|p1a: Cofagrigus|move: Taunt|Trick Room\n|\n|-weather|Sandstorm|[upkeep]\n|-damage|p2a: Incineroar|95/100|[from] Sandstorm\n|-damage|p1b: Incineroar|95/100|[from] Sandstorm\n|-damage|p1a: Cofagrigus|94/100|[from] Sandstorm\n|-heal|p1a: Cofagrigus|100/100|[from] item: Leftovers\n|upkeep\n|turn|2\n|\n|t:|1775978207\n|move|p2a: Incineroar|Taunt|p1b: Incineroar\n|-start|p1b: Incineroar|move: Taunt\n|move|p2b: Tyranitar|Knock Off|p1a: Cofagrigus\n|-supereffective|p1a: Cofagrigus|1\n|-damage|p1a: Cofagrigus|52/100\n|-activate|p1a: Cofagrigus|ability: Mummy|p2b: Tyranitar|[ability] Sand Stream\n|-enditem|p1a: Cofagrigus|Leftovers|[from] move: Knock Off|[of] p2b: Tyranitar\n|cant|p1b: Incineroar|move: Taunt|Parting Shot\n|move|p1a: Cofagrigus|Body Press|p2b: Tyranitar\n|-supereffective|p2b: Tyranitar|2\n|-enditem|p2b: Tyranitar|Chople Berry|[eat]\n|-enditem|p2b: Tyranitar|Chople Berry|[weaken]\n|-damage|p2b: Tyranitar|51/100\n|\n|-weather|Sandstorm|[upkeep]\n|-damage|p2a: Incineroar|89/100|[from] Sandstorm\n|-damage|p1b: Incineroar|89/100|[from] Sandstorm\n|-damage|p1a: Cofagrigus|45/100|[from] Sandstorm\n|upkeep\n|turn|3\n|\n|t:|1775978225\n|switch|p1a: Conkeldurr|Conkeldurr, L50, F|100/100\n|move|p2a: Incineroar|Will-O-Wisp|p1b: Incineroar\n|-immune|p1b: Incineroar\n|move|p2b: Tyranitar|Knock Off|p1a: Conkeldurr\n|-resisted|p1a: Conkeldurr|1\n|-damage|p1a: Conkeldurr|85/100\n|-enditem|p1a: Conkeldurr|Black Belt|[from] move: Knock Off|[of] p2b: Tyranitar\n|move|p1b: Incineroar|Throat Chop|p2a: Incineroar\n|-resisted|p2a: Incineroar|1\n|-damage|p2a: Incineroar|77/100\n|-start|p2a: Incineroar|Throat Chop|[silent]\n|\n|-weather|Sandstorm|[upkeep]\n|-damage|p2a: Incineroar|72/100|[from] Sandstorm\n|-damage|p1b: Incineroar|83/100|[from] Sandstorm\n|-damage|p1a: Conkeldurr|79/100|[from] Sandstorm\n|upkeep\n|turn|4\n|inactive|Niko highway has 30 seconds left.\n|\n|t:|1775978254\n|switch|p1a: Cofagrigus|Cofagrigus, L50, F|45/100\n|move|p2a: Incineroar|Will-O-Wisp|p1a: Cofagrigus\n|-status|p1a: Cofagrigus|brn\n|move|p2b: Tyranitar|Knock Off|p1b: Incineroar\n|-resisted|p1b: Incineroar|1\n|-damage|p1b: Incineroar|66/100\n|-enditem|p1b: Incineroar|Sitrus Berry|[from] move: Knock Off|[of] p2b: Tyranitar\n|move|p1b: Incineroar|Flare Blitz|p2a: Incineroar\n|-resisted|p2a: Incineroar|1\n|-damage|p2a: Incineroar|54/100\n|-damage|p1b: Incineroar|60/100|[from] Recoil\n|\n|-weather|Sandstorm|[upkeep]\n|-damage|p2a: Incineroar|48/100|[from] Sandstorm\n|-damage|p1b: Incineroar|54/100|[from] Sandstorm\n|-damage|p1a: Cofagrigus|39/100 brn|[from] Sandstorm\n|-enditem|p2a: Incineroar|Sitrus Berry|[eat]\n|-heal|p2a: Incineroar|73/100|[from] item: Sitrus Berry\n|-damage|p1a: Cofagrigus|33/100 brn|[from] brn\n|-end|p1b: Incineroar|move: Taunt\n|-end|p2a: Incineroar|Throat Chop|[silent]\n|upkeep\n|turn|5\n|\n|t:|1775978270\n|move|p2a: Incineroar|Taunt|p1a: Cofagrigus\n|-start|p1a: Cofagrigus|move: Taunt\n|move|p2b: Tyranitar|Rock Slide|p1b: Incineroar|[spread] p1a,p1b\n|-supereffective|p1b: Incineroar|1\n|-damage|p1a: Cofagrigus|21/100 brn\n|-damage|p1b: Incineroar|19/100\n|cant|p1b: Incineroar|flinch\n|cant|p1a: Cofagrigus|move: Taunt|Trick Room\n|\n|-weather|none\n|-damage|p1a: Cofagrigus|15/100 brn|[from] brn\n|upkeep\n|turn|6\n|\n|t:|1775978290\n|move|p2a: Incineroar|Flare Blitz|p1a: Cofagrigus\n|-damage|p1a: Cofagrigus|0 fnt\n|-activate|p1a: Cofagrigus|ability: Mummy|p2a: Incineroar|[ability] Intimidate\n|faint|p1a: Cofagrigus\n|-damage|p2a: Incineroar|68/100|[from] Recoil\n|move|p2b: Tyranitar|Rock Slide|p1b: Incineroar\n|-supereffective|p1b: Incineroar|1\n|-damage|p1b: Incineroar|0 fnt\n|faint|p1b: Incineroar\n|\n|upkeep\n|\n|t:|1775978294\n|switch|p1b: Scizor|Scizor, L50, F|100/100\n|switch|p1a: Conkeldurr|Conkeldurr, L50, F|79/100\n|turn|7\n|\n|t:|1775978310\n|detailschange|p1b: Scizor|Scizor-Mega, L50, F\n|-mega|p1b: Scizor|Scizor|Scizorite\n|move|p1a: Conkeldurr|Mach Punch|p2a: Incineroar\n|-supereffective|p2a: Incineroar|1\n|-damage|p2a: Incineroar|15/100\n|-activate|p2a: Incineroar|ability: Mummy|p1a: Conkeldurr|[ability] Iron Fist\n|move|p2a: Incineroar|Will-O-Wisp|p1a: Conkeldurr\n|-status|p1a: Conkeldurr|brn\n|move|p1b: Scizor|Swords Dance|p1b: Scizor\n|-boost|p1b: Scizor|atk|2\n|move|p2b: Tyranitar|Knock Off|p1b: Scizor\n|-damage|p1b: Scizor|81/100\n|\n|-damage|p1a: Conkeldurr|73/100 brn|[from] brn\n|upkeep\n|turn|8\n|\n|t:|1775978332\n|switch|p2b: Meganium|Meganium, L50, F|100/100\n|move|p1b: Scizor|Protect|p1b: Scizor\n|-singleturn|p1b: Scizor|Protect\n|move|p1a: Conkeldurr|Mach Punch|p2b: Meganium\n|-damage|p2b: Meganium|87/100\n|move|p2a: Incineroar|Flare Blitz|p1b: Scizor\n|-activate|p1b: Scizor|move: Protect\n|\n|-damage|p1a: Conkeldurr|67/100 brn|[from] brn\n|upkeep\n|turn|9\n|\n|t:|1775978347\n|move|p2b: Meganium|Protect|p2b: Meganium\n|-singleturn|p2b: Meganium|Protect\n|move|p1b: Scizor|Bullet Punch|p2b: Meganium\n|-activate|p2b: Meganium|move: Protect\n|move|p1a: Conkeldurr|Mach Punch|p2a: Incineroar\n|-supereffective|p2a: Incineroar|1\n|-damage|p2a: Incineroar|0 fnt\n|faint|p2a: Incineroar\n|\n|-damage|p1a: Conkeldurr|61/100 brn|[from] brn\n|upkeep\n|\n|t:|1775978355\n|switch|p2a: Tyranitar|Tyranitar, L50, F|51/100\n|-weather|Sandstorm|[from] ability: Sand Stream|[of] p2a: Tyranitar\n|turn|10\n|\n|t:|1775978372\n|detailschange|p2b: Meganium|Meganium-Mega, L50, F\n|-mega|p2b: Meganium|Meganium|Meganiumite\n|move|p1b: Scizor|Bullet Punch|p2b: Meganium\n|-supereffective|p2b: Meganium|1\n|-damage|p2b: Meganium|0 fnt\n|faint|p2b: Meganium\n|move|p2a: Tyranitar|Brick Break|p1a: Conkeldurr\n|-damage|p1a: Conkeldurr|35/100 brn\n|-activate|p1a: Conkeldurr|ability: Mummy|p2a: Tyranitar|[ability] Sand Stream\n|move|p1a: Conkeldurr|Drain Punch|p2a: Tyranitar\n|-supereffective|p2a: Tyranitar|2\n|-damage|p2a: Tyranitar|0 fnt\n|-heal|p1a: Conkeldurr|59/100 brn|[from] drain|[of] p2a: Tyranitar\n|faint|p2a: Tyranitar\n|\n|-weather|Sandstorm|[upkeep]\n|-damage|p1a: Conkeldurr|53/100 brn|[from] Sandstorm\n|-damage|p1a: Conkeldurr|47/100 brn|[from] brn\n|upkeep\n|\n|t:|1775978385\n|switch|p2b: Excadrill|Excadrill, L50, M|100/100\n|turn|11\n|\n|t:|1775978391\n|move|p2b: Excadrill|High Horsepower|p1b: Scizor\n|-damage|p1b: Scizor|44/100\n|move|p1b: Scizor|Close Combat|p2b: Excadrill\n|-supereffective|p2b: Excadrill|1\n|-enditem|p2b: Excadrill|Focus Sash\n|-damage|p2b: Excadrill|1/100\n|-unboost|p1b: Scizor|def|1\n|-unboost|p1b: Scizor|spd|1\n|move|p1a: Conkeldurr|Drain Punch|p2b: Excadrill\n|-supereffective|p2b: Excadrill|1\n|-damage|p2b: Excadrill|0 fnt\n|-heal|p1a: Conkeldurr|48/100 brn|[from] drain|[of] p2b: Excadrill\n|faint|p2b: Excadrill\n|\n|win|Niko highway\n|raw|Niko highway's rating: 1240 &rarr; <strong>1259</strong><br />(+19 for winning)\n|raw|Nico67's rating: 1161 &rarr; <strong>1142</strong><br />(-19 for losing)\n|l|\u2606Nico67\n|player|p2|\n",
  "uploadtime": 1775978402,
  "views": 15,
  "formatid": "gen9championsvgc2026regma",
  "rating": 1142,
  "private": 0,
  "password": null
}