{
  "id": "gen9championsvgc2026regma-2582040009",
  "format": "[Gen 9 Champions] VGC 2026 Reg M-A",
  "players": [
    "woobiusart",
    "chiraquanid"
  ],
  "log": "|j|\u2606woobiusart\n|j|\u2606chiraquanid\n|t:|1776050955\n|gametype|doubles\n|player|p1|woobiusart|roxie|1000\n|player|p2|chiraquanid|101|1095\n|gen|9\n|tier|[Gen 9 Champions] VGC 2026 Reg M-A\n|rated|\n|rule|Species Clause: Limit one of each Pok\u00e9mon\n|rule|Item Clause: Limit 1 of each item\n|clearpoke\n|poke|p1|Dragonite, L50, F|\n|poke|p1|Basculegion, L50, M|\n|poke|p1|Glimmora, L50, M|\n|poke|p1|Clefable, L50, M|\n|poke|p1|Kingambit, L50, M|\n|poke|p1|Gengar, L50, F|\n|poke|p2|Skarmory, L50, F|\n|poke|p2|Raichu, L50, F|\n|poke|p2|Rotom-Wash, L50|\n|poke|p2|Arcanine-Hisui, L50, F|\n|poke|p2|Ninetales-Alola, L50, M|\n|poke|p2|Garchomp, L50, F|\n|teampreview|4\n|\n|t:|1776051013\n|teamsize|p1|4\n|teamsize|p2|4\n|start\n|switch|p1a: Glimmora|Glimmora, L50, M, shiny|100/100\n|switch|p1b: Dragonite|Dragonite, L50, F|100/100\n|switch|p2a: Rotom|Rotom-Wash, L50|100/100\n|switch|p2b: Raichu|Raichu, L50, F|100/100\n|turn|1\n|\n|t:|1776051047\n|detailschange|p1b: Dragonite|Dragonite-Mega, L50, F\n|-mega|p1b: Dragonite|Dragonite|Dragoninite\n|move|p2a: Rotom|Discharge|p1a: Glimmora|[spread] p1a,p1b\n|-ability|p2b: Raichu|Lightning Rod|boost\n|-boost|p2b: Raichu|spa|1\n|-damage|p1a: Glimmora|61/100\n|-damage|p1b: Dragonite|89/100\n|move|p2b: Raichu|Alluring Voice|p1b: Dragonite\n|-supereffective|p1b: Dragonite|1\n|-damage|p1b: Dragonite|31/100\n|move|p1b: Dragonite|Stomping Tantrum|p2b: Raichu\n|-supereffective|p2b: Raichu|1\n|-damage|p2b: Raichu|14/100\n|move|p1a: Glimmora|Stealth Rock|p2a: Rotom\n|-sidestart|p2: chiraquanid|move: Stealth Rock\n|\n|upkeep\n|turn|2\n|\n|t:|1776051068\n|move|p1b: Dragonite|Extreme Speed|p2b: Raichu\n|-damage|p2b: Raichu|0 fnt\n|faint|p2b: Raichu\n|move|p2a: Rotom|Discharge|p1b: Dragonite|[spread] p1a,p1b\n|-damage|p1a: Glimmora|20/100\n|-damage|p1b: Dragonite|4/100\n|-status|p1b: Dragonite|par\n|move|p1a: Glimmora|Sludge Bomb|p2a: Rotom\n|-damage|p2a: Rotom|38/100\n|-status|p2a: Rotom|psn\n|\n|-damage|p2a: Rotom|26/100 psn|[from] psn\n|upkeep\n|\n|t:|1776051084\n|switch|p2b: Garchomp|Garchomp, L50, F|100/100\n|-damage|p2b: Garchomp|95/100|[from] Stealth Rock\n|turn|3\n|\n|t:|1776051095\n|move|p1a: Glimmora|Spiky Shield|p1a: Glimmora\n|-singleturn|p1a: Glimmora|move: Protect\n|move|p2a: Rotom|Discharge|p1a: Glimmora|[spread] p1b\n|-activate|p1a: Glimmora|move: Protect\n|-immune|p2b: Garchomp\n|-damage|p1b: Dragonite|0 fnt\n|faint|p1b: Dragonite\n|move|p2b: Garchomp|Swords Dance|p2b: Garchomp\n|-boost|p2b: Garchomp|atk|2\n|\n|-damage|p2a: Rotom|15/100 psn|[from] psn\n|upkeep\n|\n|t:|1776051106\n|switch|p1b: Gengar|Gengar, L50, F|100/100\n|turn|4\n|\n|t:|1776051127\n|move|p1b: Gengar|Destiny Bond|p1b: Gengar\n|-singlemove|p1b: Gengar|Destiny Bond\n|move|p2a: Rotom|Discharge|p1b: Gengar|[spread] p1a,p1b\n|-immune|p2b: Garchomp\n|-damage|p1a: Glimmora|0 fnt\n|-damage|p1b: Gengar|55/100\n|-start|p2a: Rotom|Disable|Discharge|[from] ability: Cursed Body|[of] p1b: Gengar\n|faint|p1a: Glimmora\n|move|p2b: Garchomp|Earthquake|p1b: Gengar|[spread] p1b\n|-immune|p2a: Rotom|[from] ability: Levitate\n|-supereffective|p1b: Gengar|1\n|-damage|p1b: Gengar|0 fnt\n|faint|p1b: Gengar\n|-activate|p1b: Gengar|move: Destiny Bond\n|faint|p2b: Garchomp\n|\n|-damage|p2a: Rotom|3/100 psn|[from] psn\n|upkeep\n|\n|t:|1776051158\n|switch|p1b: Basculegion|Basculegion, L50, M|100/100\n|switch|p2b: Skarmory|Skarmory, L50, F|100/100\n|-damage|p2b: Skarmory|88/100|[from] Stealth Rock\n|turn|5\n|\n|t:|1776051174\n|-activate|p2a: Rotom|move: Struggle\n|move|p2a: Rotom|Struggle|p1b: Basculegion\n|-damage|p1b: Basculegion|90/100\n|-damage|p2a: Rotom|0 fnt|[from] recoil\n|faint|p2a: Rotom\n|move|p2b: Skarmory|Brave Bird|p1b: Basculegion\n|-damage|p1b: Basculegion|36/100\n|-damage|p2b: Skarmory|59/100|[from] Recoil\n|move|p1b: Basculegion|Last Respects|p2b: Skarmory\n|-damage|p2b: Skarmory|0 fnt\n|faint|p2b: Skarmory\n|\n|win|woobiusart\n|raw|woobiusart's rating: 1000 &rarr; <strong>1051</strong><br />(+51 for winning)\n|raw|chiraquanid's rating: 1095 &rarr; <strong>1064</strong><br />(-31 for losing)\n|l|\u2606chiraquanid\n|player|p2|\n",
  "uploadtime": 1776051189,
  "views": 24,
  "formatid": "gen9championsvgc2026regma",
  "rating": 1051,
  "private": 0,
  "password": null
}