{
  "id": "gen9championsvgc2026regma-2582826794",
  "format": "[Gen 9 Champions] VGC 2026 Reg M-A",
  "players": [
    "JeanPierre693",
    "aojo"
  ],
  "log": "|j|\u2606JeanPierre693\n|j|\u2606aojo\n|t:|1776117098\n|gametype|doubles\n|player|p1|JeanPierre693|elio|1081\n|player|p2|aojo|psychic|1040\n|gen|9\n|tier|[Gen 9 Champions] VGC 2026 Reg M-A\n|rated|\n|rule|Species Clause: Limit one of each Pok\u00e9mon\n|rule|Item Clause: Limit 1 of each item\n|clearpoke\n|poke|p1|Froslass, L50, F|\n|poke|p1|Glaceon, L50, F|\n|poke|p1|Mamoswine, L50, M|\n|poke|p1|Milotic, L50, F|\n|poke|p1|Hatterene, L50, F|\n|poke|p1|Aurorus, L50, F|\n|poke|p2|Tyranitar, L50, F|\n|poke|p2|Excadrill, L50, M|\n|poke|p2|Gyarados, L50, M|\n|poke|p2|Meganium, L50, M|\n|poke|p2|Rotom-Heat, L50|\n|poke|p2|Garchomp, L50, F|\n|teampreview|4\naojo has agreed to open team sheets.\n|\n|t:|1776117161\n|teamsize|p1|4\n|teamsize|p2|4\n|start\n|switch|p1a: Mamoswine|Mamoswine, L50, M|100/100\n|switch|p1b: Milotic|Milotic, L50, F|100/100\n|switch|p2a: Rotom|Rotom-Heat, L50|100/100\n|switch|p2b: Meganium|Meganium, L50, M|100/100\n|turn|1\n|inactive|Battle timer is ON: inactive players will automatically lose when time's up. (requested by JeanPierre693)\n|inactive|aojo has 60 seconds left.\n|\n|t:|1776117257\n|detailschange|p2b: Meganium|Meganium-Mega, L50, M\n|-mega|p2b: Meganium|Meganium|Meganiumite\n|move|p1a: Mamoswine|Protect|p1a: Mamoswine\n|-singleturn|p1a: Mamoswine|Protect\n|move|p2a: Rotom|Will-O-Wisp|p1a: Mamoswine\n|-activate|p1a: Mamoswine|move: Protect\n|move|p2b: Meganium|Solar Beam||[still]\n|-prepare|p2b: Meganium|Solar Beam\n|-activate|p2b: Meganium|ability: Mega Sol\n|-anim|p2b: Meganium|Solar Beam|p1b: Milotic\n|-supereffective|p1b: Milotic|1\n|-damage|p1b: Milotic|4/100\n|move|p1b: Milotic|Mirror Coat|p2b: Meganium\n|-damage|p2b: Meganium|0 fnt\n|faint|p2b: Meganium\n|\n|upkeep\n|\n|t:|1776117275\n|switch|p2b: Tyranitar|Tyranitar, L50, F|100/100\n|-weather|Sandstorm|[from] ability: Sand Stream|[of] p2b: Tyranitar\n|turn|2\n|\n|t:|1776117294\n|switch|p1a: Hatterene|Hatterene, L50, F, shiny|100/100\n|move|p2a: Rotom|Will-O-Wisp|p1a: Hatterene\n|-status|p1a: Hatterene|brn\n|move|p1b: Milotic|Recover|p1b: Milotic\n|-heal|p1b: Milotic|54/100\n|move|p2b: Tyranitar|Low Kick|p1a: Hatterene\n|-resisted|p1a: Hatterene|2\n|-damage|p1a: Hatterene|99/100 brn\n|\n|-weather|Sandstorm|[upkeep]\n|-damage|p2a: Rotom|95/100|[from] Sandstorm\n|-damage|p1b: Milotic|49/100|[from] Sandstorm\n|-damage|p1a: Hatterene|93/100 brn|[from] Sandstorm\n|-damage|p1a: Hatterene|86/100 brn|[from] brn\n|upkeep\n|turn|3\n|\n|t:|1776117317\n|switch|p2a: Excadrill|Excadrill, L50, M|100/100\n|move|p1b: Milotic|Scald|p2a: Excadrill\n|-supereffective|p2a: Excadrill|1\n|-damage|p2a: Excadrill|15/100\n|move|p2b: Tyranitar|Knock Off|p1b: Milotic\n|-damage|p1b: Milotic|0 fnt\n|-enditem|p1b: Milotic|Mystic Water|[from] move: Knock Off|[of] p2b: Tyranitar\n|faint|p1b: Milotic\n|move|p1a: Hatterene|Heal Pulse|p1: Milotic|[notarget]\n|-fail|p1a: Hatterene\n|\n|-weather|Sandstorm|[upkeep]\n|-damage|p1a: Hatterene|80/100 brn|[from] Sandstorm\n|-damage|p1a: Hatterene|74/100 brn|[from] brn\n|upkeep\n|\n|t:|1776117326\n|switch|p1b: Froslass|Froslass, L50, F|100/100\n|turn|4\n|inactive|JeanPierre693 has 30 seconds left.\n|\n|t:|1776117360\n|switch|p2b: Rotom|Rotom-Heat, L50|95/100\n|detailschange|p1b: Froslass|Froslass-Mega, L50, F\n|-mega|p1b: Froslass|Froslass|Froslassite\n|-weather|Snowscape|[from] ability: Snow Warning|[of] p1b: Froslass\n|move|p1b: Froslass|Aurora Veil|p1b: Froslass\n|-sidestart|p1: JeanPierre693|move: Aurora Veil\n|move|p2a: Excadrill|Iron Head|p1a: Hatterene\n|-supereffective|p1a: Hatterene|1\n|-damage|p1a: Hatterene|20/100 brn\n|-enditem|p1a: Hatterene|Sitrus Berry|[eat]\n|-heal|p1a: Hatterene|45/100 brn|[from] item: Sitrus Berry\n|move|p1a: Hatterene|Heal Pulse|p1b: Froslass\n|-fail|p1b: Froslass|heal\n|\n|-weather|Snowscape|[upkeep]\n|-damage|p1a: Hatterene|39/100 brn|[from] brn\n|upkeep\n|turn|5\n|inactive|aojo has 30 seconds left.\n|inactive|aojo has 20 seconds left.\n|inactive|aojo has 15 seconds left.\n|inactive|aojo has 10 seconds left.\n|inactive|aojo has 5 seconds left.\n|\n|t:|1776117410\n|switch|p2a: Tyranitar|Tyranitar, L50, F|100/100\n|-weather|Sandstorm|[from] ability: Sand Stream|[of] p2a: Tyranitar\n|move|p1a: Hatterene|Helping Hand|p1b: Froslass\n|-singleturn|p1b: Froslass|Helping Hand|[of] p1a: Hatterene\n|move|p2b: Rotom|Overheat|p1b: Froslass\n|-supereffective|p1b: Froslass|1\n|-damage|p1b: Froslass|24/100\n|-unboost|p2b: Rotom|spa|2\n|move|p1b: Froslass|Blizzard|p2b: Rotom|[spread] \n|-miss|p1b: Froslass|p2a: Tyranitar\n|-miss|p1b: Froslass|p2b: Rotom\n|\n|-weather|Sandstorm|[upkeep]\n|-damage|p2b: Rotom|89/100|[from] Sandstorm\n|-damage|p1b: Froslass|18/100|[from] Sandstorm\n|-damage|p1a: Hatterene|33/100 brn|[from] Sandstorm\n|-damage|p1a: Hatterene|27/100 brn|[from] brn\n|upkeep\n|turn|6\n|inactive|JeanPierre693 has 30 seconds left.\n|\n|t:|1776117441\n|switch|p1b: Mamoswine|Mamoswine, L50, M|100/100\n|move|p2b: Rotom|Overheat|p1a: Hatterene\n|-damage|p1a: Hatterene|10/100 brn\n|-unboost|p2b: Rotom|spa|2\n|move|p2a: Tyranitar|Stone Edge|p1b: Mamoswine\n|-damage|p1b: Mamoswine|60/100\n|move|p1a: Hatterene|Nuzzle|p2a: Tyranitar\n|-damage|p2a: Tyranitar|99/100\n|-status|p2a: Tyranitar|par\n|\n|-weather|Sandstorm|[upkeep]\n|-damage|p2b: Rotom|83/100|[from] Sandstorm\n|-damage|p1a: Hatterene|4/100 brn|[from] Sandstorm\n|-heal|p2a: Tyranitar|100/100 par|[from] item: Leftovers\n|-damage|p1a: Hatterene|0 fnt|[from] brn\n|faint|p1a: Hatterene\n|upkeep\n|\n|t:|1776117458\n|switch|p1a: Froslass|Froslass-Mega, L50, F|18/100\n|-weather|Snowscape|[from] ability: Snow Warning|[of] p1a: Froslass\n|turn|7\n|\n|t:|1776117466\n|switch|p2b: Excadrill|Excadrill, L50, M|15/100\n|move|p1a: Froslass|Shadow Ball|p2b: Excadrill\n|-crit|p2b: Excadrill\n|-damage|p2b: Excadrill|0 fnt\n|faint|p2b: Excadrill\n|move|p1b: Mamoswine|High Horsepower|p2a: Tyranitar\n|-supereffective|p2a: Tyranitar|1\n|-damage|p2a: Tyranitar|0 fnt\n|faint|p2a: Tyranitar\n|\n|-weather|Snowscape|[upkeep]\n|upkeep\n|\n|t:|1776117475\n|switch|p2b: Rotom|Rotom-Heat, L50|83/100\n|turn|8\n|\n|t:|1776117490\n|move|p2b: Rotom|Overheat|p1b: Mamoswine\n|-supereffective|p1b: Mamoswine|1\n|-damage|p1b: Mamoswine|22/100\n|-unboost|p2b: Rotom|spa|2\n|move|p1a: Froslass|Shadow Ball|p2b: Rotom\n|-crit|p2b: Rotom\n|-damage|p2b: Rotom|12/100\n|move|p1b: Mamoswine|Avalanche|p2b: Rotom\n|-resisted|p2b: Rotom|1\n|-damage|p2b: Rotom|0 fnt\n|faint|p2b: Rotom\n|\n|win|JeanPierre693\n|raw|JeanPierre693's rating: 1081 &rarr; <strong>1106</strong><br />(+25 for winning)\n|raw|aojo's rating: 1040 &rarr; <strong>1026</strong><br />(-14 for losing)\n",
  "uploadtime": 1776117500,
  "views": 17,
  "formatid": "gen9championsvgc2026regma",
  "rating": 1026,
  "private": 0,
  "password": null
}