{
  "id": "gen9championsvgc2026regma-2587324238",
  "format": "[Gen 9 Champions] VGC 2026 Reg M-A",
  "players": [
    "Patossauru",
    "asr23"
  ],
  "log": "|j|\u2606Patossauru\n|j|\u2606asr23\n|t:|1776522064\n|gametype|doubles\n|player|p1|Patossauru|hilda|1065\n|player|p2|asr23|101|1041\n|gen|9\n|tier|[Gen 9 Champions] VGC 2026 Reg M-A\n|rated|\n|rule|Species Clause: Limit one of each Pok\u00e9mon\n|rule|Item Clause: Limit 1 of each item\n|clearpoke\n|poke|p1|Charizard, L50, M|\n|poke|p1|Venusaur, L50, F|\n|poke|p1|Garchomp, L50, F|\n|poke|p1|Incineroar, L50, F|\n|poke|p1|Basculegion, L50, M|\n|poke|p1|Sneasler, L50, M|\n|poke|p2|Crabominable, L50, M|\n|poke|p2|Sneasler, L50, M, shiny|\n|poke|p2|Arcanine-Hisui, L50, M, shiny|\n|poke|p2|Gallade, L50, M|\n|poke|p2|Ninetales-Alola, L50, F, shiny|\n|poke|p2|Zoroark-Hisui, L50, F, shiny|\n|teampreview|4\n|inactive|Battle timer is ON: inactive players will automatically lose when time's up. (requested by Patossauru)\nPatossauru rejected open team sheets.\n|\n|t:|1776522104\n|teamsize|p1|4\n|teamsize|p2|4\n|start\n|switch|p1a: Charizard|Charizard, L50, M|100/100\n|switch|p1b: Incineroar|Incineroar, L50, F|100/100\n|switch|p2a: Sneasler|Sneasler, L50, M, shiny|100/100\n|switch|p2b: Arcanine|Arcanine-Hisui, L50, M, shiny|100/100\n|-ability|p1b: Incineroar|Intimidate|boost\n|-unboost|p2a: Sneasler|atk|1\n|-unboost|p2b: Arcanine|atk|1\n|-enditem|p2a: Sneasler|White Herb\n|-clearnegativeboost|p2a: Sneasler|[silent]\n|turn|1\n|inactive|Patossauru has 30 seconds left.\n|inactive|asr23 has 30 seconds left.\n|\n|t:|1776522139\n|detailschange|p1a: Charizard|Charizard-Mega-Y, L50, M\n|-mega|p1a: Charizard|Charizard|Charizardite Y\n|-weather|SunnyDay|[from] ability: Drought|[of] p1a: Charizard\n|move|p1a: Charizard|Protect|p1a: Charizard\n|-singleturn|p1a: Charizard|Protect\n|move|p2a: Sneasler|Fake Out|p1b: Incineroar\n|-damage|p1b: Incineroar|88/100\n|cant|p1b: Incineroar|flinch\n|move|p2b: Arcanine|Head Smash|p1a: Charizard\n|-activate|p1a: Charizard|move: Protect\n|\n|-weather|SunnyDay|[upkeep]\n|upkeep\n|turn|2\n|inactive|Patossauru has 30 seconds left.\n|inactive|asr23 has 30 seconds left.\n|inactive|Patossauru has 20 seconds left.\n|inactive|asr23 has 20 seconds left.\n|inactive|asr23 has 15 seconds left.\n|inactive|asr23 has 10 seconds left.\n|\n|t:|1776522189\n|move|p2a: Sneasler|Dire Claw|p1b: Incineroar\n|-damage|p1b: Incineroar|53/100\n|-status|p1b: Incineroar|slp\n|move|p1a: Charizard|Solar Beam||[still]\n|-prepare|p1a: Charizard|Solar Beam\n|-anim|p1a: Charizard|Solar Beam|p2b: Arcanine\n|-damage|p2b: Arcanine|53/100\n|move|p2b: Arcanine|Head Smash|p1a: Charizard\n|-supereffective|p1a: Charizard|2\n|-damage|p1a: Charizard|0 fnt\n|faint|p1a: Charizard\n|cant|p1b: Incineroar|slp\n|\n|-weather|SunnyDay|[upkeep]\n|upkeep\n|\n|t:|1776522197\n|switch|p1a: Garchomp|Garchomp, L50, F|100/100\n|turn|3\n|\n|t:|1776522211\n|move|p2a: Sneasler|Close Combat|p1a: Garchomp\n|-damage|p1a: Garchomp|42/100\n|-unboost|p2a: Sneasler|def|1\n|-unboost|p2a: Sneasler|spd|1\n|-damage|p2a: Sneasler|88/100|[from] ability: Rough Skin|[of] p1a: Garchomp\n|move|p1a: Garchomp|Earthquake|p2b: Arcanine|[spread] p1b,p2a,p2b\n|-supereffective|p1b: Incineroar|1\n|-supereffective|p2a: Sneasler|1\n|-supereffective|p2b: Arcanine|2\n|-damage|p1b: Incineroar|0 fnt\n|-damage|p2a: Sneasler|0 fnt\n|-damage|p2b: Arcanine|0 fnt\n|faint|p1b: Incineroar\n|faint|p2a: Sneasler\n|faint|p2b: Arcanine\n|\n|-weather|SunnyDay|[upkeep]\n|upkeep\n|\n|t:|1776522224\n|switch|p2a: Ninetales|Ninetales-Alola, L50, F, shiny|100/100\n|switch|p2b: Crabominable|Crabominable, L50, M|100/100\n|switch|p1b: Basculegion|Basculegion, L50, M|100/100\n|-weather|Snowscape|[from] ability: Snow Warning|[of] p2a: Ninetales\n|turn|4\n|\n|t:|1776522240\n|detailschange|p2b: Crabominable|Crabominable-Mega, L50, M\n|-mega|p2b: Crabominable|Crabominable|Crabominite\n|move|p1a: Garchomp|Earthquake|p2a: Ninetales|[spread] p1b,p2a,p2b\n|-damage|p1b: Basculegion|51/100\n|-damage|p2a: Ninetales|70/100\n|-damage|p2b: Crabominable|83/100\n|move|p2a: Ninetales|Aurora Veil|p2a: Ninetales\n|-sidestart|p2: asr23|move: Aurora Veil\n|move|p1b: Basculegion|Last Respects|p2b: Crabominable\n|-damage|p2b: Crabominable|58/100\n|move|p2b: Crabominable|Ice Hammer|p1a: Garchomp|[miss]\n|-miss|p2b: Crabominable|p1a: Garchomp\n|\n|-weather|Snowscape|[upkeep]\n|-heal|p1b: Basculegion|57/100|[from] item: Leftovers\n|upkeep\n|turn|5\n|inactive|Patossauru has 30 seconds left.\n|\n|t:|1776522267\n|move|p1a: Garchomp|Earthquake|p2a: Ninetales|[spread] p1b,p2a,p2b\n|-damage|p1b: Basculegion|11/100\n|-damage|p2a: Ninetales|50/100\n|-damage|p2b: Crabominable|46/100\n|move|p2a: Ninetales|Freeze-Dry|p1b: Basculegion\n|-supereffective|p1b: Basculegion|1\n|-damage|p1b: Basculegion|0 fnt\n|faint|p1b: Basculegion\n|move|p2b: Crabominable|Ice Hammer|p1a: Garchomp|[miss]\n|-miss|p2b: Crabominable|p1a: Garchomp\n|\n|-weather|Snowscape|[upkeep]\n|upkeep\n|turn|6\n|\n|t:|1776522284\n|move|p1a: Garchomp|Earthquake|p2a: Ninetales|[spread] p2a,p2b\n|-damage|p2a: Ninetales|29/100\n|-damage|p2b: Crabominable|32/100\n|move|p2a: Ninetales|Freeze-Dry|p1a: Garchomp\n|-supereffective|p1a: Garchomp|2\n|-damage|p1a: Garchomp|0 fnt\n|faint|p1a: Garchomp\n|\n|win|asr23\n|raw|Patossauru's rating: 1065 &rarr; <strong>1044</strong><br />(-21 for losing)\n|raw|asr23's rating: 1041 &rarr; <strong>1077</strong><br />(+36 for winning)\n|l|\u2606Patossauru\n|player|p1|\n",
  "uploadtime": 1776522292,
  "views": 12,
  "formatid": "gen9championsvgc2026regma",
  "rating": 1044,
  "private": 0,
  "password": null
}