{
  "id": "gen9championsvgc2026regma-2582463994",
  "format": "[Gen 9 Champions] VGC 2026 Reg M-A",
  "players": [
    "azumarillsky",
    "RijdendeRechter"
  ],
  "log": "|j|\u2606azumarillsky\n|j|\u2606RijdendeRechter\n|t:|1776093371\n|gametype|doubles\n|player|p1|azumarillsky|170|1432\n|player|p2|RijdendeRechter|roughneck-gen4|1420\n|gen|9\n|tier|[Gen 9 Champions] VGC 2026 Reg M-A\n|rated|\n|rule|Species Clause: Limit one of each Pok\u00e9mon\n|rule|Item Clause: Limit 1 of each item\n|clearpoke\n|poke|p1|Lopunny, L50, M|\n|poke|p1|Kingambit, L50, F|\n|poke|p1|Scizor, L50, F|\n|poke|p1|Kommo-o, L50, F|\n|poke|p1|Pelipper, L50, F|\n|poke|p1|Basculegion, L50, M|\n|poke|p2|Chesnaught, L50, M|\n|poke|p2|Slowking-Galar, L50, M|\n|poke|p2|Incineroar, L50, M|\n|poke|p2|Ninetales-Alola, L50, F|\n|poke|p2|Kleavor, L50, F|\n|poke|p2|Aegislash, L50, M|\n|teampreview|4\n|inactive|Battle timer is ON: inactive players will automatically lose when time's up. (requested by RijdendeRechter)\n|\n|t:|1776093418\n|teamsize|p1|4\n|teamsize|p2|4\n|start\n|switch|p1a: Lopunny|Lopunny, L50, M|100/100\n|switch|p1b: Kingambit|Kingambit, L50, F|100/100\n|switch|p2a: Chesnaught|Chesnaught, L50, M|100/100\n|switch|p2b: Slowking|Slowking-Galar, L50, M|100/100\n|turn|1\n|\n|t:|1776093440\n|detailschange|p1a: Lopunny|Lopunny-Mega, L50, M\n|-mega|p1a: Lopunny|Lopunny|Lopunnite\n|move|p1a: Lopunny|Fake Out|p2a: Chesnaught\n|-damage|p2a: Chesnaught|88/100\n|move|p1b: Kingambit|Kowtow Cleave|p2b: Slowking\n|-supereffective|p2b: Slowking|1\n|-damage|p2b: Slowking|4/100\n|cant|p2a: Chesnaught|flinch\n|move|p2b: Slowking|Eerie Spell|p1a: Lopunny\n|-supereffective|p1a: Lopunny|1\n|-damage|p1a: Lopunny|19/100\n|-activate|p1a: Lopunny|move: Eerie Spell|Fake Out|3\n|\n|upkeep\n|turn|2\n|inactive|azumarillsky has 30 seconds left.\n|inactive|azumarillsky has 20 seconds left.\n|\n|t:|1776093476\n|switch|p1a: Pelipper|Pelipper, L50, F|100/100\n|-weather|RainDance|[from] ability: Drizzle|[of] p1a: Pelipper\n|switch|p2b: Incineroar|Incineroar, L50, M|100/100\n|-ability|p2b: Incineroar|Intimidate|boost\n|-unboost|p1a: Pelipper|atk|1\n|-unboost|p1b: Kingambit|atk|1\n|-ability|p1b: Kingambit|Defiant|boost\n|-boost|p1b: Kingambit|atk|2\n|detailschange|p2a: Chesnaught|Chesnaught-Mega, L50, M\n|-mega|p2a: Chesnaught|Chesnaught|Chesnaughtite\n|move|p1b: Kingambit|Protect|p1b: Kingambit\n|-singleturn|p1b: Kingambit|Protect\n|move|p2a: Chesnaught|Body Press|p1b: Kingambit\n|-activate|p1b: Kingambit|move: Protect\n|\n|-weather|RainDance|[upkeep]\n|upkeep\n|turn|3\n|\n|t:|1776093499\n|switch|p1b: Kommo-o|Kommo-o, L50, F|100/100\n|move|p1a: Pelipper|Protect|p1a: Pelipper\n|-singleturn|p1a: Pelipper|Protect\n|move|p2b: Incineroar|Fake Out|p1a: Pelipper\n|-activate|p1a: Pelipper|move: Protect\n|move|p2a: Chesnaught|Wood Hammer|p1b: Kommo-o\n|-resisted|p1b: Kommo-o|1\n|-damage|p1b: Kommo-o|73/100\n|-damage|p2a: Chesnaught|80/100|[from] Recoil\n|\n|-weather|RainDance|[upkeep]\n|upkeep\n|turn|4\n|\n|t:|1776093517\n|switch|p2a: Aegislash|Aegislash, L50, M|100/100\n|move|p1b: Kommo-o|Clangorous Soul|p1b: Kommo-o\n|-boost|p1b: Kommo-o|atk|1\n|-boost|p1b: Kommo-o|def|1\n|-boost|p1b: Kommo-o|spa|1\n|-boost|p1b: Kommo-o|spd|1\n|-boost|p1b: Kommo-o|spe|1\n|-damage|p1b: Kommo-o|40/100\n|-enditem|p1b: Kommo-o|Sitrus Berry|[eat]\n|-heal|p1b: Kommo-o|65/100|[from] item: Sitrus Berry\n|move|p1a: Pelipper|Hurricane|p2a: Aegislash\n|-resisted|p2a: Aegislash|1\n|-damage|p2a: Aegislash|83/100\n|-start|p2a: Aegislash|confusion\n|move|p2b: Incineroar|Parting Shot|p1a: Pelipper\n|-unboost|p1a: Pelipper|atk|1\n|-unboost|p1a: Pelipper|spa|1\n|\n|t:|1776093526\n|switch|p2b: Slowking|Slowking-Galar, L50, M|38/100|[from] Parting Shot\n|\n|-weather|RainDance|[upkeep]\n|-heal|p2a: Aegislash|89/100|[from] item: Leftovers\n|upkeep\n|turn|5\n|inactive|azumarillsky has 30 seconds left.\n|\n|t:|1776093557\n|switch|p2b: Incineroar|Incineroar, L50, M|100/100\n|-ability|p2b: Incineroar|Intimidate|boost\n|-unboost|p1a: Pelipper|atk|1\n|-unboost|p1b: Kommo-o|atk|1\n|move|p1b: Kommo-o|Clanging Scales|p2a: Aegislash|[spread] p2a,p2b\n|-resisted|p2a: Aegislash|1\n|-damage|p2a: Aegislash|66/100\n|-damage|p2b: Incineroar|64/100\n|-unboost|p1b: Kommo-o|def|1\n|move|p1a: Pelipper|Weather Ball|p2b: Incineroar\n|-supereffective|p2b: Incineroar|1\n|-damage|p2b: Incineroar|0 fnt\n|faint|p2b: Incineroar\n|-activate|p2a: Aegislash|confusion\n|-formechange|p2a: Aegislash|Aegislash-Blade|\n|move|p2a: Aegislash|Iron Head|p1b: Kommo-o\n|-damage|p1b: Kommo-o|19/100\n|\n|-weather|RainDance|[upkeep]\n|-heal|p2a: Aegislash|72/100|[from] item: Leftovers\n|upkeep\n|l|\u2606RijdendeRechter\n|inactive|RijdendeRechter disconnected and has a minute to reconnect!\n|player|p2|\n|j|\u2606RijdendeRechter\n|inactive|RijdendeRechter reconnected and has 35 seconds left.\n|player|p2|RijdendeRechter|roughneck-gen4|\n|\n|t:|1776093581\n|switch|p2b: Chesnaught|Chesnaught-Mega, L50, M|80/100\n|turn|6\n|\n|t:|1776093594\n|switch|p1b: Lopunny|Lopunny-Mega, L50, M|19/100\n|-activate|p2a: Aegislash|confusion\n|-damage|p2a: Aegislash|41/100|[from] confusion\n|move|p2b: Chesnaught|Spiky Shield|p2b: Chesnaught\n|-singleturn|p2b: Chesnaught|move: Protect\n|move|p1a: Pelipper|Hurricane|p2b: Chesnaught\n|-activate|p2b: Chesnaught|move: Protect\n|\n|-weather|none\n|-heal|p2a: Aegislash|47/100|[from] item: Leftovers\n|upkeep\n|turn|7\n|inactive|azumarillsky has 30 seconds left.\n|\n|t:|1776093619\n|switch|p2a: Slowking|Slowking-Galar, L50, M|71/100\n|move|p1b: Lopunny|Fake Out|p2b: Chesnaught\n|-damage|p2b: Chesnaught|71/100\n|move|p1a: Pelipper|Hurricane|p2b: Chesnaught|[miss]\n|-miss|p1a: Pelipper|p2b: Chesnaught\n|cant|p2b: Chesnaught|flinch\n|\n|upkeep\n|turn|8\n|-message|azumarillsky forfeited.\n|\n|win|RijdendeRechter\n|raw|azumarillsky's rating: 1432 &rarr; <strong>1411</strong><br />(-21 for losing)\n|raw|RijdendeRechter's rating: 1420 &rarr; <strong>1441</strong><br />(+21 for winning)\n|l|\u2606azumarillsky\n|player|p1|\n",
  "uploadtime": 1776093636,
  "views": 59,
  "formatid": "gen9championsvgc2026regma",
  "rating": 1411,
  "private": 0,
  "password": null
}