{
  "id": "gen9championsvgc2026regma-2584899449",
  "format": "[Gen 9 Champions] VGC 2026 Reg M-A",
  "players": [
    "dylvgc",
    "Jorgesv345"
  ],
  "log": "|j|\u2606dylvgc\n|j|\u2606Jorgesv345\n|t:|1776292722\n|gametype|doubles\n|player|p1|dylvgc|lida|1262\n|player|p2|Jorgesv345|pokekid|1297\n|gen|9\n|tier|[Gen 9 Champions] VGC 2026 Reg M-A\n|rated|\n|rule|Species Clause: Limit one of each Pok\u00e9mon\n|rule|Item Clause: Limit 1 of each item\n|clearpoke\n|poke|p1|Charizard, L50, M|\n|poke|p1|Milotic, L50, F|\n|poke|p1|Sinistcha, L50|\n|poke|p1|Incineroar, L50, M|\n|poke|p1|Farigiraf, L50, M|\n|poke|p1|Froslass, L50, F|\n|poke|p2|Delphox, L50, F|\n|poke|p2|Garchomp, L50, M|\n|poke|p2|Incineroar, L50, F|\n|poke|p2|Floette-Eternal, L50, F|\n|poke|p2|Kingambit, L50, M|\n|poke|p2|Sneasler, L50, M|\n|teampreview|4\n|inactive|Battle timer is ON: inactive players will automatically lose when time's up. (requested by Jorgesv345)\nJorgesv345 rejected open team sheets.\n|inactive|dylvgc has 60 seconds left.\n|inactive|Jorgesv345 has 60 seconds left.\n|\n|t:|1776292763\n|teamsize|p1|4\n|teamsize|p2|4\n|start\n|switch|p1a: Charizard|Charizard, L50, M|100/100\n|switch|p1b: Milotic|Milotic, L50, F|100/100\n|switch|p2a: Floette|Floette-Eternal, L50, F|100/100\n|switch|p2b: Incineroar|Incineroar, L50, F|100/100\n|-ability|p2b: Incineroar|Intimidate|boost\n|-unboost|p1a: Charizard|atk|1\n|-unboost|p1b: Milotic|atk|1\n|-ability|p1b: Milotic|Competitive|boost\n|-boost|p1b: Milotic|spa|2\n|turn|1\n|\n|t:|1776292784\n|detailschange|p1a: Charizard|Charizard-Mega-X, L50, M\n|-mega|p1a: Charizard|Charizard|Charizardite X\n|detailschange|p2a: Floette|Floette-Mega, L50, F\n|-mega|p2a: Floette|Floette|Floettite\n|-ability|p2a: Floette|Fairy Aura\n|move|p1b: Milotic|Protect|p1b: Milotic\n|-singleturn|p1b: Milotic|Protect\n|move|p2b: Incineroar|Fake Out|p1b: Milotic\n|-activate|p1b: Milotic|move: Protect\n|move|p2a: Floette|Calm Mind|p2a: Floette\n|-boost|p2a: Floette|spa|1\n|-boost|p2a: Floette|spd|1\n|move|p1a: Charizard|Dragon Dance|p1a: Charizard\n|-boost|p1a: Charizard|atk|1\n|-boost|p1a: Charizard|spe|1\n|\n|upkeep\n|turn|2\n|inactive|dylvgc has 30 seconds left.\n|\n|t:|1776292810\n|move|p1a: Charizard|Protect|p1a: Charizard\n|-singleturn|p1a: Charizard|Protect\n|move|p2a: Floette|Dazzling Gleam|p1a: Charizard|[spread] p1b\n|-activate|p1a: Charizard|move: Protect\n|-damage|p1b: Milotic|54/100\n|move|p1b: Milotic|Icy Wind|p2b: Incineroar|[spread] p2a,p2b\n|-resisted|p2b: Incineroar|1\n|-damage|p2a: Floette|91/100\n|-damage|p2b: Incineroar|90/100\n|-unboost|p2a: Floette|spe|1\n|-unboost|p2b: Incineroar|spe|1\n|move|p2b: Incineroar|Parting Shot|p1a: Charizard\n|-activate|p1a: Charizard|move: Protect\n|\n|-heal|p1b: Milotic|60/100|[from] item: Leftovers\n|-heal|p2b: Incineroar|96/100|[from] item: Leftovers\n|upkeep\n|turn|3\n|inactive|dylvgc has 30 seconds left.\n|\n|t:|1776292847\n|move|p1a: Charizard|Dragon Dance|p1a: Charizard\n|-boost|p1a: Charizard|atk|1\n|-boost|p1a: Charizard|spe|1\n|move|p1b: Milotic|Scald|p2b: Incineroar\n|-supereffective|p2b: Incineroar|1\n|-damage|p2b: Incineroar|0 fnt\n|faint|p2b: Incineroar\n|move|p2a: Floette|Draining Kiss|p1a: Charizard\n|-damage|p1a: Charizard|46/100\n|-heal|p2a: Floette|100/100|[from] drain|[of] p1a: Charizard\n|\n|-heal|p1b: Milotic|67/100|[from] item: Leftovers\n|upkeep\n|\n|t:|1776292855\n|switch|p2b: Sneasler|Sneasler, L50, M|100/100\n|turn|4\n|inactive|dylvgc has 30 seconds left.\n|inactive|Jorgesv345 has 30 seconds left.\n|\n|t:|1776292886\n|move|p1a: Charizard|Protect|p1a: Charizard\n|-singleturn|p1a: Charizard|Protect\n|move|p2b: Sneasler|Fake Out|p1b: Milotic\n|-damage|p1b: Milotic|51/100\n|cant|p1b: Milotic|flinch\n|move|p2a: Floette|Dazzling Gleam|p1b: Milotic|[spread] p1b\n|-activate|p1a: Charizard|move: Protect\n|-damage|p1b: Milotic|1/100\n|\n|-heal|p1b: Milotic|7/100|[from] item: Leftovers\n|upkeep\n|turn|5\n|\n|t:|1776292909\n|switch|p1b: Sinistcha|Sinistcha, L50|100/100\n|-heal|p1a: Charizard|71/100|[from] ability: Hospitality|[of] p1b: Sinistcha\n|move|p2b: Sneasler|Protect|p2b: Sneasler\n|-singleturn|p2b: Sneasler|Protect\n|move|p1a: Charizard|Flare Blitz|p2a: Floette\n|-damage|p2a: Floette|0 fnt\n|faint|p2a: Floette\n|-damage|p1a: Charizard|38/100|[from] Recoil\n|\n|upkeep\n|\n|t:|1776292917\n|switch|p2a: Garchomp|Garchomp, L50, M|100/100\n|turn|6\n|\n|t:|1776292933\n|move|p1b: Sinistcha|Rage Powder|p1b: Sinistcha\n|-singleturn|p1b: Sinistcha|move: Rage Powder\n|move|p1a: Charizard|Breaking Swipe|p2b: Sneasler|[spread] p2a,p2b\n|-supereffective|p2a: Garchomp|1\n|-damage|p2a: Garchomp|19/100\n|-damage|p2b: Sneasler|24/100\n|-unboost|p2a: Garchomp|atk|1\n|-unboost|p2b: Sneasler|atk|1\n|-damage|p1a: Charizard|25/100|[from] ability: Rough Skin|[of] p2a: Garchomp\n|-enditem|p2a: Garchomp|Sitrus Berry|[eat]\n|-heal|p2a: Garchomp|43/100|[from] item: Sitrus Berry\n|-enditem|p2b: Sneasler|White Herb\n|-clearnegativeboost|p2b: Sneasler|[silent]\n|move|p2b: Sneasler|Dire Claw|p1b: Sinistcha\n|-damage|p1b: Sinistcha|58/100\n|-status|p1b: Sinistcha|par\n|move|p2a: Garchomp|Rock Slide|p1b: Sinistcha|[spread] p1a\n|-miss|p2a: Garchomp|p1b: Sinistcha\n|-supereffective|p1a: Charizard|1\n|-damage|p1a: Charizard|0 fnt\n|faint|p1a: Charizard\n|\n|upkeep\n|\n|t:|1776292954\n|switch|p1a: Milotic|Milotic, L50, F|7/100\n|turn|7\n|\n|t:|1776292973\n|move|p1a: Milotic|Protect|p1a: Milotic\n|-singleturn|p1a: Milotic|Protect\n|move|p2b: Sneasler|Dire Claw|p1b: Sinistcha\n|-damage|p1b: Sinistcha|12/100 par\n|-enditem|p1b: Sinistcha|Sitrus Berry|[eat]\n|-heal|p1b: Sinistcha|37/100 par|[from] item: Sitrus Berry\n|move|p2a: Garchomp|Rock Slide|p1a: Milotic|[spread] p1b\n|-activate|p1a: Milotic|move: Protect\n|-damage|p1b: Sinistcha|24/100 par\n|move|p1b: Sinistcha|Strength Sap|p2b: Sneasler\n|-unboost|p2b: Sneasler|atk|1\n|-heal|p1b: Sinistcha|100/100 par\n|\n|-heal|p1a: Milotic|13/100|[from] item: Leftovers\n|upkeep\n|turn|8\n|inactive|dylvgc has 30 seconds left.\n|inactive|Jorgesv345 has 30 seconds left.\n|\n|t:|1776292999\n|switch|p1a: Incineroar|Incineroar, L50, M|100/100\n|-ability|p1a: Incineroar|Intimidate|boost\n|-unboost|p2a: Garchomp|atk|1\n|-unboost|p2b: Sneasler|atk|1\n|move|p2b: Sneasler|Dire Claw|p1a: Incineroar\n|-damage|p1a: Incineroar|81/100\n|-status|p1a: Incineroar|psn\n|move|p2a: Garchomp|Rock Slide|p1a: Incineroar|[spread] p1a,p1b\n|-supereffective|p1a: Incineroar|1\n|-damage|p1a: Incineroar|63/100 psn\n|-damage|p1b: Sinistcha|90/100 par\n|move|p1b: Sinistcha|Shadow Ball|p2b: Sneasler\n|-damage|p2b: Sneasler|0 fnt\n|faint|p2b: Sneasler\n|\n|-damage|p1a: Incineroar|50/100 psn|[from] psn\n|upkeep\n|turn|9\n|\n|t:|1776293018\n|switch|p1b: Milotic|Milotic, L50, F|13/100\n|move|p1a: Incineroar|Fake Out|p2a: Garchomp\n|-damage|p2a: Garchomp|32/100\n|-damage|p1a: Incineroar|38/100 psn|[from] ability: Rough Skin|[of] p2a: Garchomp\n|cant|p2a: Garchomp|flinch\n|\n|-heal|p1b: Milotic|19/100|[from] item: Leftovers\n|-damage|p1a: Incineroar|26/100 psn|[from] psn\n|upkeep\n|turn|10\n|\n|t:|1776293030\n|switch|p1a: Sinistcha|Sinistcha, L50|90/100 par\n|-heal|p1b: Milotic|44/100|[from] ability: Hospitality|[of] p1a: Sinistcha\n|move|p1b: Milotic|Protect|p1b: Milotic\n|-singleturn|p1b: Milotic|Protect\n|move|p2a: Garchomp|Rock Slide|p1a: Sinistcha|[spread] \n|-activate|p1b: Milotic|move: Protect\n|-miss|p2a: Garchomp|p1a: Sinistcha\n|\n|-heal|p1b: Milotic|50/100|[from] item: Leftovers\n|upkeep\n|turn|11\n|-message|Jorgesv345 forfeited.\n|\n|win|dylvgc\n|raw|dylvgc's rating: 1262 &rarr; <strong>1290</strong><br />(+28 for winning)\n|raw|Jorgesv345's rating: 1297 &rarr; <strong>1269</strong><br />(-28 for losing)\n|l|\u2606Jorgesv345\n|player|p2|\n",
  "uploadtime": 1776293044,
  "views": 40,
  "formatid": "gen9championsvgc2026regma",
  "rating": 1269,
  "private": 0,
  "password": null
}