{
  "id": "gen9championsvgc2026regma-2581294992",
  "format": "[Gen 9 Champions] VGC 2026 Reg M-A",
  "players": [
    "Naitiik",
    "1234zaki"
  ],
  "log": "|j|\u2606Naitiik\n|j|\u26061234zaki\n|t:|1775982691\n|gametype|doubles\n|player|p1|Naitiik|lance-masters2|1065\n|player|p2|1234zaki|2|1165\n|gen|9\n|tier|[Gen 9 Champions] VGC 2026 Reg M-A\n|rated|\n|rule|Species Clause: Limit one of each Pok\u00e9mon\n|rule|Item Clause: Limit 1 of each item\n|clearpoke\n|poke|p1|Incineroar, L50, M|\n|poke|p1|Basculegion, L50, M|\n|poke|p1|Hydrapple, L50, F|\n|poke|p1|Toucannon, L50, M|\n|poke|p1|Farigiraf, L50, M|\n|poke|p1|Sharpedo, L50, M|\n|poke|p2|Maushold-Four, L50|\n|poke|p2|Aerodactyl, L50, F|\n|poke|p2|Scizor, L50, F|\n|poke|p2|Pelipper, L50, F|\n|poke|p2|Sinistcha, L50|\n|poke|p2|Milotic, L50, F|\n|teampreview|4\n|inactive|Battle timer is ON: inactive players will automatically lose when time's up. (requested by Naitiik)\nNaitiik rejected open team sheets.\n|c|\u2606Naitiik|glhf\n|inactive|Naitiik has 60 seconds left.\n|c|\u26061234zaki|you 2\n|\n|t:|1775982738\n|teamsize|p1|4\n|teamsize|p2|4\n|start\n|switch|p1a: Incineroar|Incineroar, L50, M|100/100\n|switch|p1b: Hydrapple|Hydrapple, L50, F|100/100\n|switch|p2a: Milotic|Milotic, L50, F|100/100\n|switch|p2b: Scizor|Scizor, L50, F|100/100\n|-ability|p1a: Incineroar|Intimidate|boost\n|-unboost|p2a: Milotic|atk|1\n|-ability|p2a: Milotic|Competitive|boost\n|-boost|p2a: Milotic|spa|2\n|-unboost|p2b: Scizor|atk|1\n|turn|1\n|\n|t:|1775982761\n|move|p1a: Incineroar|Fake Out|p2a: Milotic\n|-damage|p2a: Milotic|84/100\n|cant|p2a: Milotic|flinch\n|move|p2b: Scizor|Swords Dance|p2b: Scizor\n|-boost|p2b: Scizor|atk|2\n|move|p1b: Hydrapple|Energy Ball|p2a: Milotic\n|-supereffective|p2a: Milotic|1\n|-damage|p2a: Milotic|0 fnt\n|faint|p2a: Milotic\n|\n|upkeep\n|\n|t:|1775982765\n|switch|p2a: Maushold|Maushold-Four, L50|100/100\n|turn|2\n|\n|t:|1775982783\n|switch|p1b: Toucannon|Toucannon, L50, M|100/100\n|detailschange|p2b: Scizor|Scizor-Mega, L50, F\n|-mega|p2b: Scizor|Scizor|Scizorite\n|move|p2a: Maushold|Follow Me|p2a: Maushold\n|-singleturn|p2a: Maushold|move: Follow Me\n|move|p1a: Incineroar|Parting Shot|p2a: Maushold\n|-unboost|p2a: Maushold|atk|1\n|-unboost|p2a: Maushold|spa|1\n|\n|t:|1775982794\n|switch|p1a: Hydrapple|Hydrapple, L50, F|100/100|[from] Parting Shot\n|move|p2b: Scizor|Dual Wingbeat|p1b: Toucannon|[miss]\n|-miss|p2b: Scizor|p1b: Toucannon\n|\n|upkeep\n|turn|3\n|\n|t:|1775982805\n|switch|p1a: Incineroar|Incineroar, L50, M|100/100\n|-ability|p1a: Incineroar|Intimidate|boost\n|-unboost|p2a: Maushold|atk|1\n|-unboost|p2b: Scizor|atk|1\n|move|p2a: Maushold|Follow Me|p2a: Maushold\n|-singleturn|p2a: Maushold|move: Follow Me\n|move|p2b: Scizor|Swords Dance|p2b: Scizor\n|-boost|p2b: Scizor|atk|2\n|move|p1b: Toucannon|Tailwind|p1b: Toucannon\n|-sidestart|p1: Naitiik|move: Tailwind\n|\n|upkeep\n|turn|4\n|\n|t:|1775982825\n|-singleturn|p1b: Toucannon|move: Beak Blast\n|move|p2b: Scizor|Protect|p2b: Scizor\n|-singleturn|p2b: Scizor|Protect\n|move|p1a: Incineroar|Flare Blitz|p2b: Scizor\n|-activate|p2b: Scizor|move: Protect\n|move|p2a: Maushold|Encore|p1b: Toucannon\n|-start|p1b: Toucannon|Encore\n|-enditem|p1b: Toucannon|Mental Herb\n|-end|p1b: Toucannon|Encore\n|move|p1b: Toucannon|Beak Blast|p2b: Scizor\n|-activate|p2b: Scizor|move: Protect\n|\n|upkeep\n|turn|5\n|\n|t:|1775982841\n|-singleturn|p1b: Toucannon|move: Beak Blast\n|move|p2a: Maushold|Follow Me|p2a: Maushold\n|-singleturn|p2a: Maushold|move: Follow Me\n|move|p2b: Scizor|Bullet Punch|p1b: Toucannon\n|-damage|p1b: Toucannon|11/100\n|-status|p2b: Scizor|brn\n|move|p1a: Incineroar|Flare Blitz|p2a: Maushold\n|-damage|p2a: Maushold|40/100\n|-enditem|p2a: Maushold|Sitrus Berry|[eat]\n|-heal|p2a: Maushold|65/100|[from] item: Sitrus Berry\n|-damage|p1a: Incineroar|80/100|[from] Recoil\n|move|p1b: Toucannon|Beak Blast|p2a: Maushold\n|-damage|p2a: Maushold|0 fnt\n|faint|p2a: Maushold\n|\n|-damage|p2b: Scizor|94/100 brn|[from] brn\n|upkeep\n|\n|t:|1775982856\n|switch|p2a: Sinistcha|Sinistcha, L50|100/100\n|-heal|p2b: Scizor|100/100 brn|[from] ability: Hospitality|[of] p2a: Sinistcha\n|turn|6\n|\n|t:|1775982868\n|move|p2b: Scizor|Bullet Punch|p1b: Toucannon\n|-damage|p1b: Toucannon|0 fnt\n|faint|p1b: Toucannon\n|move|p1a: Incineroar|Flare Blitz|p2b: Scizor\n|-supereffective|p2b: Scizor|2\n|-damage|p2b: Scizor|0 fnt\n|faint|p2b: Scizor\n|-damage|p1a: Incineroar|46/100|[from] Recoil\n|-enditem|p1a: Incineroar|Sitrus Berry|[eat]\n|-heal|p1a: Incineroar|71/100|[from] item: Sitrus Berry\n|move|p2a: Sinistcha|Trick Room|p2a: Sinistcha\n|-fieldstart|move: Trick Room|[of] p2a: Sinistcha\n|\n|-sideend|p1: Naitiik|move: Tailwind\n|upkeep\n|\n|t:|1775982881\n|switch|p1b: Hydrapple|Hydrapple, L50, F|100/100\n|turn|7\n|\n|t:|1775982885\n|move|p1b: Hydrapple|Fickle Beam|p2a: Sinistcha\n|-damage|p2a: Sinistcha|58/100\n|move|p2a: Sinistcha|Matcha Gotcha|p1a: Incineroar|[spread] p1a,p1b\n|-resisted|p1a: Incineroar|1\n|-resisted|p1b: Hydrapple|2\n|-damage|p1a: Incineroar|53/100\n|-heal|p2a: Sinistcha|66/100|[from] drain|[of] p1a: Incineroar\n|-damage|p1b: Hydrapple|91/100\n|-heal|p2a: Sinistcha|71/100|[from] drain|[of] p1b: Hydrapple\n|move|p1a: Incineroar|Flare Blitz|p2a: Sinistcha\n|-supereffective|p2a: Sinistcha|1\n|-damage|p2a: Sinistcha|0 fnt\n|faint|p2a: Sinistcha\n|-damage|p1a: Incineroar|29/100|[from] Recoil\n|\n|win|Naitiik\n|raw|Naitiik's rating: 1065 &rarr; <strong>1104</strong><br />(+39 for winning)\n|raw|1234zaki's rating: 1165 &rarr; <strong>1133</strong><br />(-32 for losing)\n|l|\u26061234zaki\n|player|p2|\n|c|\u2606Naitiik|gg\n",
  "uploadtime": 1775982892,
  "views": 17,
  "formatid": "gen9championsvgc2026regma",
  "rating": 1104,
  "private": 0,
  "password": null
}