{
  "id": "gen9championsvgc2026regma-2583881647",
  "format": "[Gen 9 Champions] VGC 2026 Reg M-A",
  "players": [
    "Hagoone",
    "Sewedi Mibalzoff"
  ],
  "log": "|j|\u2606Hagoone\n|j|\u2606Sewedi Mibalzoff\n|t:|1776205106\n|gametype|doubles\n|player|p1|Hagoone|chuck|1181\n|player|p2|Sewedi Mibalzoff|ghetsis|1158\n|gen|9\n|tier|[Gen 9 Champions] VGC 2026 Reg M-A\n|rated|\n|rule|Species Clause: Limit one of each Pok\u00e9mon\n|rule|Item Clause: Limit 1 of each item\n|clearpoke\n|poke|p1|Garchomp, L50, M|\n|poke|p1|Incineroar, L50, F|\n|poke|p1|Rotom-Wash, L50|\n|poke|p1|Whimsicott, L50, M|\n|poke|p1|Basculegion, L50, M|\n|poke|p1|Sneasler, L50, F|\n|poke|p2|Meganium, L50, F|\n|poke|p2|Pelipper, L50, M|\n|poke|p2|Basculegion, L50, M|\n|poke|p2|Charizard, L50, M|\n|poke|p2|Garchomp, L50, F|\n|poke|p2|Incineroar, L50, F|\n|teampreview|4\n|inactive|Battle timer is ON: inactive players will automatically lose when time's up. (requested by Sewedi Mibalzoff)\n|inactive|Sewedi Mibalzoff has 60 seconds left.\n|inactive|Sewedi Mibalzoff has 30 seconds left.\n|inactive|Sewedi Mibalzoff has 20 seconds left.\n|inactive|Sewedi Mibalzoff has 15 seconds left.\n|inactive|Sewedi Mibalzoff has 10 seconds left.\n|inactive|Sewedi Mibalzoff has 5 seconds left.\n|\n|t:|1776205195\n|teamsize|p1|4\n|teamsize|p2|4\n|start\n|switch|p1a: Whimsicott|Whimsicott, L50, M|100/100\n|switch|p1b: Sneasler|Sneasler, L50, F|100/100\n|switch|p2a: Garchomp|Garchomp, L50, F|100/100\n|switch|p2b: Incineroar|Incineroar, L50, F|100/100\n|-ability|p2b: Incineroar|Intimidate|boost\n|-unboost|p1a: Whimsicott|atk|1\n|-unboost|p1b: Sneasler|atk|1\n|-enditem|p1b: Sneasler|White Herb\n|-clearnegativeboost|p1b: Sneasler|[silent]\n|turn|1\n|\n|t:|1776205213\n|move|p1b: Sneasler|Fake Out|p2b: Incineroar\n|-damage|p2b: Incineroar|87/100\n|move|p1a: Whimsicott|Tailwind|p1a: Whimsicott\n|-sidestart|p1: Hagoone|move: Tailwind\n|move|p2a: Garchomp|Earthquake|p1a: Whimsicott|[spread] p2b,p1a,p1b\n|-supereffective|p2b: Incineroar|1\n|-resisted|p1a: Whimsicott|1\n|-supereffective|p1b: Sneasler|1\n|-damage|p2b: Incineroar|19/100\n|-damage|p1a: Whimsicott|69/100\n|-damage|p1b: Sneasler|0 fnt\n|-enditem|p2b: Incineroar|Sitrus Berry|[eat]\n|-heal|p2b: Incineroar|44/100|[from] item: Sitrus Berry\n|faint|p1b: Sneasler\n|cant|p2b: Incineroar|flinch\n|\n|upkeep\n|\n|t:|1776205231\n|switch|p1b: Garchomp|Garchomp, L50, M|100/100\n|turn|2\n|\n|t:|1776205245\n|switch|p2b: Charizard|Charizard, L50, M|100/100\n|move|p2a: Garchomp|Protect|p2a: Garchomp\n|-singleturn|p2a: Garchomp|Protect\n|move|p1a: Whimsicott|Moonblast|p2a: Garchomp\n|-activate|p2a: Garchomp|move: Protect\n|move|p1b: Garchomp|Dragon Claw|p2a: Garchomp\n|-activate|p2a: Garchomp|move: Protect\n|\n|upkeep\n|turn|3\n|\n|t:|1776205268\n|switch|p2a: Incineroar|Incineroar, L50, F|44/100\n|-ability|p2a: Incineroar|Intimidate|boost\n|-unboost|p1a: Whimsicott|atk|1\n|-unboost|p1b: Garchomp|atk|1\n|move|p2b: Charizard|Protect|p2b: Charizard\n|-singleturn|p2b: Charizard|Protect\n|move|p1a: Whimsicott|Encore|p2a: Incineroar\n|-hint|Since gen 7, Dark is immune to Prankster moves.\n|-immune|p2a: Incineroar\n|move|p1b: Garchomp|Dragon Claw|p2a: Incineroar\n|-damage|p2a: Incineroar|15/100\n|\n|upkeep\n|turn|4\n|inactive|Hagoone has 30 seconds left.\n|\n|t:|1776205295\n|switch|p1b: Rotom|Rotom-Wash, L50|100/100\n|move|p1a: Whimsicott|Protect|p1a: Whimsicott\n|-singleturn|p1a: Whimsicott|Protect\n|move|p2a: Incineroar|Fake Out|p1b: Rotom\n|-damage|p1b: Rotom|88/100\n|move|p2b: Charizard|Heat Wave|p1b: Rotom|[spread] p1b\n|-activate|p1a: Whimsicott|move: Protect\n|-resisted|p1b: Rotom|1\n|-damage|p1b: Rotom|71/100\n|\n|-heal|p1b: Rotom|76/100|[from] item: Leftovers\n|-sideend|p1: Hagoone|move: Tailwind\n|upkeep\n|turn|5\n|inactive|Hagoone has 30 seconds left.\n|\n|t:|1776205325\n|move|p2b: Charizard|Protect|p2b: Charizard\n|-singleturn|p2b: Charizard|Protect\n|move|p1a: Whimsicott|Moonblast|p2a: Incineroar\n|-damage|p2a: Incineroar|0 fnt\n|faint|p2a: Incineroar\n|move|p1b: Rotom|Volt Switch|p2b: Charizard\n|-activate|p2b: Charizard|move: Protect\n|\n|-heal|p1b: Rotom|82/100|[from] item: Leftovers\n|upkeep\n|\n|t:|1776205333\n|switch|p2a: Meganium|Meganium, L50, F|100/100\n|turn|6\n|\n|t:|1776205343\n|switch|p2b: Garchomp|Garchomp, L50, F|100/100\n|detailschange|p2a: Meganium|Meganium-Mega, L50, F\n|-mega|p2a: Meganium|Meganium|Meganiumite\n|move|p1a: Whimsicott|Tailwind|p1a: Whimsicott\n|-sidestart|p1: Hagoone|move: Tailwind\n|move|p1b: Rotom|Discharge|p2b: Garchomp|[spread] p1a,p2a\n|-immune|p2b: Garchomp\n|-resisted|p1a: Whimsicott|1\n|-resisted|p2a: Meganium|1\n|-damage|p1a: Whimsicott|45/100\n|-damage|p2a: Meganium|85/100\n|-status|p2a: Meganium|par\n|cant|p2a: Meganium|par\n|\n|-heal|p1b: Rotom|88/100|[from] item: Leftovers\n|upkeep\n|turn|7\n|\n|t:|1776205367\n|move|p1a: Whimsicott|Protect|p1a: Whimsicott\n|-singleturn|p1a: Whimsicott|Protect\n|move|p2b: Garchomp|Protect|p2b: Garchomp\n|-singleturn|p2b: Garchomp|Protect\n|move|p1b: Rotom|Will-O-Wisp|p2b: Garchomp\n|-activate|p2b: Garchomp|move: Protect\n|move|p2a: Meganium|Solar Beam||[still]\n|-prepare|p2a: Meganium|Solar Beam\n|-activate|p2a: Meganium|ability: Mega Sol\n|-anim|p2a: Meganium|Solar Beam|p1b: Rotom\n|-supereffective|p1b: Rotom|1\n|-damage|p1b: Rotom|0 fnt\n|faint|p1b: Rotom\n|\n|upkeep\n|\n|t:|1776205381\n|switch|p1b: Garchomp|Garchomp, L50, M|100/100\n|turn|8\n|inactive|Hagoone has 30 seconds left.\n|\n|t:|1776205406\n|switch|p2b: Charizard|Charizard, L50, M|100/100\n|move|p1a: Whimsicott|Encore||[still]\n|-fail|p1a: Whimsicott\n|move|p1b: Garchomp|Stomping Tantrum|p2a: Meganium\n|-resisted|p2a: Meganium|1\n|-damage|p2a: Meganium|64/100 par\n|move|p2a: Meganium|Dazzling Gleam|p1a: Whimsicott|[spread] p1a,p1b\n|-supereffective|p1b: Garchomp|1\n|-damage|p1a: Whimsicott|0 fnt\n|-damage|p1b: Garchomp|25/100\n|faint|p1a: Whimsicott\n|\n|upkeep\n|turn|9\n|-message|Hagoone forfeited.\n|\n|win|Sewedi Mibalzoff\n|raw|Hagoone's rating: 1181 &rarr; <strong>1154</strong><br />(-27 for losing)\n|raw|Sewedi Mibalzoff's rating: 1158 &rarr; <strong>1185</strong><br />(+27 for winning)\n|l|\u2606Hagoone\n|player|p1|\n",
  "uploadtime": 1776205573,
  "views": 19,
  "formatid": "gen9championsvgc2026regma",
  "rating": 1154,
  "private": 0,
  "password": null
}