{
  "id": "gen9championsvgc2026regma-2584903387",
  "format": "[Gen 9 Champions] VGC 2026 Reg M-A",
  "players": [
    "gordolobodelmar",
    "Sheepsoft"
  ],
  "log": "|j|\u2606gordolobodelmar\n|j|\u2606Sheepsoft\n|t:|1776293075\n|gametype|doubles\n|player|p1|gordolobodelmar|169|1233\n|player|p2|Sheepsoft|maid|1241\n|gen|9\n|tier|[Gen 9 Champions] VGC 2026 Reg M-A\n|rated|\n|rule|Species Clause: Limit one of each Pok\u00e9mon\n|rule|Item Clause: Limit 1 of each item\n|clearpoke\n|poke|p1|Aerodactyl, L50, M|\n|poke|p1|Floette-Eternal, L50, F|\n|poke|p1|Sinistcha, L50|\n|poke|p1|Basculegion, L50, M|\n|poke|p1|Sneasler, L50, M|\n|poke|p1|Incineroar, L50, M|\n|poke|p2|Froslass, L50, F|\n|poke|p2|Kingambit, L50, M|\n|poke|p2|Arcanine-Hisui, L50, M|\n|poke|p2|Sinistcha, L50|\n|poke|p2|Milotic, L50, M|\n|poke|p2|Sneasler, L50, F|\n|teampreview|4\n|\n|t:|1776293108\n|teamsize|p1|4\n|teamsize|p2|4\n|start\n|switch|p1a: Basculegion|Basculegion, L50, M|100/100\n|switch|p1b: Sneasler|Sneasler, L50, M|100/100\n|switch|p2a: Arcanine|Arcanine-Hisui, L50, M|100/100\n|switch|p2b: Sneasler|Sneasler, L50, F|100/100\n|-ability|p2a: Arcanine|Intimidate|boost\n|-unboost|p1a: Basculegion|atk|1\n|-unboost|p1b: Sneasler|atk|1\n|-enditem|p1b: Sneasler|White Herb\n|-clearnegativeboost|p1b: Sneasler|[silent]\n|turn|1\n|\n|t:|1776293128\n|switch|p2a: Kingambit|Kingambit, L50, M|100/100\n|move|p1b: Sneasler|Fake Out|p2b: Sneasler\n|-damage|p2b: Sneasler|77/100\n|move|p1a: Basculegion|Flip Turn|p2a: Kingambit\n|-damage|p2a: Kingambit|82/100\n|\n|t:|1776293135\n|switch|p1a: Sinistcha|Sinistcha, L50|100/100|[from] Flip Turn\n|cant|p2b: Sneasler|flinch\n|\n|upkeep\n|turn|2\n|\n|t:|1776293146\n|switch|p2b: Arcanine|Arcanine-Hisui, L50, M|100/100\n|-ability|p2b: Arcanine|Intimidate|boost\n|-unboost|p1a: Sinistcha|atk|1\n|-unboost|p1b: Sneasler|atk|1\n|switch|p2a: Froslass|Froslass, L50, F|100/100\n|move|p1b: Sneasler|Close Combat|p2a: Froslass\n|-immune|p2a: Froslass\n|move|p1a: Sinistcha|Matcha Gotcha|p2b: Arcanine|[spread] p2a,p2b\n|-crit|p2a: Froslass\n|-damage|p2a: Froslass|54/100\n|-damage|p2b: Arcanine|73/100\n|\n|upkeep\n|turn|3\n|\n|t:|1776293171\n|switch|p2b: Sneasler|Sneasler, L50, F|77/100\n|detailschange|p2a: Froslass|Froslass-Mega, L50, F\n|-mega|p2a: Froslass|Froslass|Froslassite\n|-weather|Snowscape|[from] ability: Snow Warning|[of] p2a: Froslass\n|move|p1b: Sneasler|Close Combat|p2b: Sneasler\n|-resisted|p2b: Sneasler|1\n|-damage|p2b: Sneasler|39/100\n|-unboost|p1b: Sneasler|def|1\n|-unboost|p1b: Sneasler|spd|1\n|move|p2a: Froslass|Blizzard|p1b: Sneasler|[spread] p1a,p1b\n|-supereffective|p1a: Sinistcha|1\n|-damage|p1a: Sinistcha|23/100\n|-damage|p1b: Sneasler|13/100\n|move|p1a: Sinistcha|Matcha Gotcha|p2b: Sneasler|[spread] p2a,p2b\n|-resisted|p2b: Sneasler|1\n|-damage|p2a: Froslass|29/100\n|-heal|p1a: Sinistcha|35/100|[from] drain|[of] p2a: Froslass\n|-damage|p2b: Sneasler|23/100\n|-heal|p1a: Sinistcha|42/100|[from] drain|[of] p2b: Sneasler\n|-status|p2b: Sneasler|brn\n|\n|-weather|Snowscape|[upkeep]\n|-damage|p2b: Sneasler|18/100 brn|[from] brn\n|upkeep\n|turn|4\n|\n|t:|1776293208\n|move|p2b: Sneasler|Fake Out|p1b: Sneasler\n|-damage|p1b: Sneasler|0 fnt\n|faint|p1b: Sneasler\n|move|p2a: Froslass|Blizzard|p1a: Sinistcha\n|-supereffective|p1a: Sinistcha|1\n|-damage|p1a: Sinistcha|0 fnt\n|faint|p1a: Sinistcha\n|\n|-weather|Snowscape|[upkeep]\n|-damage|p2b: Sneasler|12/100 brn|[from] brn\n|upkeep\n|\n|t:|1776293214\n|switch|p1b: Floette|Floette-Eternal, L50, F|100/100\n|switch|p1a: Basculegion|Basculegion, L50, M|100/100\n|turn|5\n|\n|t:|1776293230\n|switch|p2a: Arcanine|Arcanine-Hisui, L50, M|73/100\n|-ability|p2a: Arcanine|Intimidate|boost\n|-unboost|p1a: Basculegion|atk|1\n|-unboost|p1b: Floette|atk|1\n|detailschange|p1b: Floette|Floette-Mega, L50, F\n|-mega|p1b: Floette|Floette|Floettite\n|-ability|p1b: Floette|Fairy Aura\n|move|p1b: Floette|Protect|p1b: Floette\n|-singleturn|p1b: Floette|Protect\n|move|p1a: Basculegion|Last Respects|p2a: Arcanine\n|-damage|p2a: Arcanine|0 fnt\n|faint|p2a: Arcanine\n|move|p2b: Sneasler|Dire Claw|p1b: Floette\n|-activate|p1b: Floette|move: Protect\n|\n|-weather|Snowscape|[upkeep]\n|-damage|p2b: Sneasler|6/100 brn|[from] brn\n|upkeep\n|\n|t:|1776293246\n|switch|p2a: Kingambit|Kingambit, L50, M|82/100\n|turn|6\n|\n|t:|1776293254\n|move|p2a: Kingambit|Sucker Punch|p1a: Basculegion\n|-supereffective|p1a: Basculegion|1\n|-damage|p1a: Basculegion|0 fnt\n|faint|p1a: Basculegion\n|move|p2b: Sneasler|Dire Claw|p1b: Floette\n|-supereffective|p1b: Floette|1\n|-damage|p1b: Floette|43/100\n|move|p1b: Floette|Light of Ruin|p2a: Kingambit\n|-damage|p2a: Kingambit|0 fnt\n|faint|p2a: Kingambit\n|-damage|p1b: Floette|0 fnt|[from] Recoil\n|faint|p1b: Floette\n|\n|win|Sheepsoft\n|raw|gordolobodelmar's rating: 1233 &rarr; <strong>1209</strong><br />(-24 for losing)\n|raw|Sheepsoft's rating: 1241 &rarr; <strong>1265</strong><br />(+24 for winning)\n|l|\u2606gordolobodelmar\n|player|p1|\n",
  "uploadtime": 1776293272,
  "views": 31,
  "formatid": "gen9championsvgc2026regma",
  "rating": 1209,
  "private": 0,
  "password": null
}