{
  "id": "gen9championsvgc2026regma-2587012001",
  "format": "[Gen 9 Champions] VGC 2026 Reg M-A",
  "players": [
    "testingtesting101",
    "nlits"
  ],
  "log": "|j|\u2606testingtesting101\n|j|\u2606nlits\n|t:|1776481091\n|gametype|doubles\n|player|p1|testingtesting101|buck|1240\n|player|p2|nlits|fisherman|1162\n|gen|9\n|tier|[Gen 9 Champions] VGC 2026 Reg M-A\n|rated|\n|rule|Species Clause: Limit one of each Pok\u00e9mon\n|rule|Item Clause: Limit 1 of each item\n|clearpoke\n|poke|p1|Delphox, L50, F|\n|poke|p1|Hydrapple, L50, M|\n|poke|p1|Garchomp, L50, M|\n|poke|p1|Torkoal, L50, M|\n|poke|p1|Mimikyu, L50, F|\n|poke|p1|Pidgeot, L50, F|\n|poke|p2|Torkoal, L50, F|\n|poke|p2|Oranguru, L50, M|\n|poke|p2|Aggron, L50, M|\n|poke|p2|Incineroar, L50, F|\n|poke|p2|Hatterene, L50, F|\n|poke|p2|Kingambit, L50, F|\n|teampreview|4\ntestingtesting101 rejected open team sheets.\n|\n|t:|1776481137\n|teamsize|p1|4\n|teamsize|p2|4\n|start\n|switch|p1a: Kamik|Delphox, L50, F|100/100\n|switch|p1b: Hehehehe...|Mimikyu, L50, F|100/100\n|switch|p2a: Oranguru|Oranguru, L50, M|100/100\n|switch|p2b: Kingambit|Kingambit, L50, F|100/100\n|turn|1\n|inactive|Battle timer is ON: inactive players will automatically lose when time's up. (requested by testingtesting101)\n|\n|t:|1776481159\n|switch|p1a: Torkoal|Torkoal, L50, M|100/100\n|-weather|SunnyDay|[from] ability: Drought|[of] p1a: Torkoal\n|move|p2b: Kingambit|Protect|p2b: Kingambit\n|-singleturn|p2b: Kingambit|Protect\n|move|p1b: Hehehehe...|Play Rough|p2a: Oranguru\n|-damage|p2a: Oranguru|71/100\n|move|p2a: Oranguru|Trick Room|p2a: Oranguru\n|-fieldstart|move: Trick Room|[of] p2a: Oranguru\n|\n|-weather|SunnyDay|[upkeep]\n|upkeep\n|turn|2\n|inactive|nlits has 30 seconds left.\n|\n|t:|1776481188\n|move|p2b: Kingambit|Sucker Punch|p1a: Torkoal\n|-damage|p1a: Torkoal|72/100\n|move|p1a: Torkoal|Eruption|p2b: Kingambit|[spread] p2a,p2b\n|-supereffective|p2b: Kingambit|1\n|-damage|p2a: Oranguru|23/100\n|-damage|p2b: Kingambit|0 fnt\n|faint|p2b: Kingambit\n|move|p2a: Oranguru|Instruct|p2: Kingambit|[notarget]\n|-fail|p2a: Oranguru\n|move|p1b: Hehehehe...|Play Rough|p2a: Oranguru\n|-crit|p2a: Oranguru\n|-damage|p2a: Oranguru|0 fnt\n|faint|p2a: Oranguru\n|\n|-weather|SunnyDay|[upkeep]\n|upkeep\n|\n|t:|1776481196\n|switch|p2b: Aggron|Aggron, L50, M|100/100\n|switch|p2a: Bimbo|Incineroar, L50, F|100/100\n|-ability|p2a: Bimbo|Intimidate|boost\n|-unboost|p1a: Torkoal|atk|1\n|-unboost|p1b: Hehehehe...|atk|1\n|turn|3\n|\n|t:|1776481205\n|detailschange|p2b: Aggron|Aggron-Mega, L50, M\n|-mega|p2b: Aggron|Aggron|Aggronite\n|move|p1a: Torkoal|Protect|p1a: Torkoal\n|-singleturn|p1a: Torkoal|Protect\n|move|p1b: Hehehehe...|Protect|p1b: Hehehehe...\n|-singleturn|p1b: Hehehehe...|Protect\n|move|p2a: Bimbo|Fake Out|p1a: Torkoal\n|-activate|p1a: Torkoal|move: Protect\n|move|p2b: Aggron|Iron Defense|p2b: Aggron\n|-boost|p2b: Aggron|def|2\n|\n|-weather|SunnyDay|[upkeep]\n|upkeep\n|turn|4\n|c|\u2606testingtesting101|Bad idea\n|\n|t:|1776481222\n|move|p2b: Aggron|Protect|p2b: Aggron\n|-singleturn|p2b: Aggron|Protect\n|move|p1a: Torkoal|Eruption|p2b: Aggron|[spread] p2a\n|-activate|p2b: Aggron|move: Protect\n|-resisted|p2a: Bimbo|1\n|-damage|p2a: Bimbo|76/100\n|move|p2a: Bimbo|Darkest Lariat|p1a: Torkoal\n|-damage|p1a: Torkoal|46/100\n|move|p1b: Hehehehe...|Shadow Claw|p2b: Aggron\n|-activate|p2b: Aggron|move: Protect\n|\n|-weather|SunnyDay|[upkeep]\n|upkeep\n|turn|5\n|\n|t:|1776481241\n|move|p1a: Torkoal|Heat Wave|p2b: Aggron|[spread] p2a,p2b\n|-resisted|p2a: Bimbo|1\n|-supereffective|p2b: Aggron|1\n|-damage|p2a: Bimbo|54/100\n|-damage|p2b: Aggron|15/100\n|-status|p2b: Aggron|brn\n|move|p2b: Aggron|Heavy Slam|p1b: Hehehehe...\n|-activate|p1b: Hehehehe...|ability: Disguise\n|-damage|p1b: Hehehehe...|100/100\n|detailschange|p1b: Hehehehe...|Mimikyu-Busted, L50, F\n|-damage|p1b: Hehehehe...|88/100|[from] pokemon: Mimikyu-Busted\n|move|p2a: Bimbo|Darkest Lariat|p1a: Torkoal\n|-damage|p1a: Torkoal|20/100\n|move|p1b: Hehehehe...|Shadow Claw|p2b: Aggron\n|-damage|p2b: Aggron|9/100 brn\n|\n|-weather|none\n|-damage|p2b: Aggron|3/100 brn|[from] brn\n|-fieldend|move: Trick Room\n|upkeep\n|turn|6\n|c|\u2606testingtesting101|Gg\n|c|\u2606testingtesting101|Sorry for burn lowkey\n|inactive|nlits has 30 seconds left.\n|\n|t:|1776481268\n|move|p1b: Hehehehe...|Protect|p1b: Hehehehe...\n|-singleturn|p1b: Hehehehe...|Protect\n|move|p1a: Torkoal|Protect|p1a: Torkoal\n|-singleturn|p1a: Torkoal|Protect\n|move|p2a: Bimbo|Darkest Lariat|p1a: Torkoal\n|-activate|p1a: Torkoal|move: Protect\n|move|p2b: Aggron|Heavy Slam|p1b: Hehehehe...\n|-activate|p1b: Hehehehe...|move: Protect\n|\n|-damage|p2b: Aggron|0 fnt|[from] brn\n|faint|p2b: Aggron\n|upkeep\n|turn|7\n|\n|t:|1776481278\n|move|p1b: Hehehehe...|Play Rough|p2a: Bimbo\n|-damage|p2a: Bimbo|34/100\n|-enditem|p2a: Bimbo|Sitrus Berry|[eat]\n|-heal|p2a: Bimbo|59/100|[from] item: Sitrus Berry\n|move|p2a: Bimbo|Darkest Lariat|p1a: Torkoal\n|-damage|p1a: Torkoal|0 fnt\n|faint|p1a: Torkoal\n|\n|upkeep\n|c|\u2606nlits|Gg\n|\n|t:|1776481288\n|switch|p1a: Garchomp|Garchomp, L50, M|100/100\n|turn|8\n|c|\u2606testingtesting101|Gg\n|\n|t:|1776481297\n|move|p1a: Garchomp|Stomping Tantrum|p2a: Bimbo\n|-supereffective|p2a: Bimbo|1\n|-damage|p2a: Bimbo|0 fnt\n|faint|p2a: Bimbo\n|\n|win|testingtesting101\n|raw|testingtesting101's rating: 1240 &rarr; <strong>1259</strong><br />(+19 for winning)\n|raw|nlits's rating: 1162 &rarr; <strong>1143</strong><br />(-19 for losing)\n",
  "uploadtime": 1776481300,
  "views": 13,
  "formatid": "gen9championsvgc2026regma",
  "rating": 1143,
  "private": 0,
  "password": null
}