{
  "id": "gen9championsvgc2026regma-2585838053",
  "format": "[Gen 9 Champions] VGC 2026 Reg M-A",
  "players": [
    "antolionhd",
    "joymaxxing"
  ],
  "log": "|j|\u2606antolionhd\n|j|\u2606joymaxxing\n|t:|1776374446\n|gametype|doubles\n|player|p1|antolionhd|102|1269\n|player|p2|joymaxxing|elesa|1353\n|gen|9\n|tier|[Gen 9 Champions] VGC 2026 Reg M-A\n|rated|\n|rule|Species Clause: Limit one of each Pok\u00e9mon\n|rule|Item Clause: Limit 1 of each item\n|clearpoke\n|poke|p1|Charizard, L50, F|\n|poke|p1|Whimsicott, L50, M|\n|poke|p1|Garchomp, L50, F|\n|poke|p1|Sneasler, L50, F|\n|poke|p1|Rotom-Wash, L50|\n|poke|p1|Aegislash, L50, M|\n|poke|p2|Lopunny, L50, M|\n|poke|p2|Sylveon, L50, M|\n|poke|p2|Milotic, L50, M|\n|poke|p2|Incineroar, L50, M|\n|poke|p2|Garchomp, L50, F|\n|poke|p2|Rotom-Mow, L50|\n|teampreview|4\n|\n|t:|1776374499\n|teamsize|p1|4\n|teamsize|p2|4\n|start\n|switch|p1a: Whimsicott|Whimsicott, L50, M|100/100\n|switch|p1b: Sneasler|Sneasler, L50, F|100/100\n|switch|p2a: Lopunny|Lopunny, L50, M, shiny|100/100\n|switch|p2b: Sylveon|Sylveon, L50, M|100/100\n|turn|1\n|\n|t:|1776374520\n|detailschange|p2a: Lopunny|Lopunny-Mega, L50, M, shiny\n|-mega|p2a: Lopunny|Lopunny|Lopunnite\n|move|p2a: Lopunny|Fake Out|p1b: Sneasler\n|-damage|p1b: Sneasler|78/100\n|cant|p1b: Sneasler|flinch\n|move|p1a: Whimsicott|Tailwind|p1a: Whimsicott\n|-sidestart|p1: antolionhd|move: Tailwind\n|move|p2b: Sylveon|Hyper Voice|p1b: Sneasler|[spread] p1a,p1b\n|-damage|p1a: Whimsicott|14/100\n|-damage|p1b: Sneasler|20/100\n|\n|upkeep\n|turn|2\n|\n|t:|1776374539\n|switch|p2a: Incineroar|Incineroar, L50, M, shiny|100/100\n|-ability|p2a: Incineroar|Intimidate|boost\n|-unboost|p1a: Whimsicott|atk|1\n|-unboost|p1b: Sneasler|atk|1\n|-enditem|p1b: Sneasler|White Herb\n|-clearnegativeboost|p1b: Sneasler|[silent]\n|move|p1a: Whimsicott|Encore|p2a: Incineroar\n|-hint|Since gen 7, Dark is immune to Prankster moves.\n|-immune|p2a: Incineroar\n|move|p2b: Sylveon|Quick Attack|p1b: Sneasler\n|-damage|p1b: Sneasler|6/100\n|move|p1b: Sneasler|Dire Claw|p2b: Sylveon\n|-supereffective|p2b: Sylveon|1\n|-damage|p2b: Sylveon|7/100\n|\n|upkeep\n|turn|3\n|\n|t:|1776374578\n|switch|p1b: Charizard|Charizard, L50, F|100/100\n|switch|p1a: Garchomp|Garchomp, L50, F|100/100\n|move|p2a: Incineroar|Fake Out|p1a: Garchomp\n|-damage|p1a: Garchomp|89/100\n|-damage|p2a: Incineroar|88/100|[from] ability: Rough Skin|[of] p1a: Garchomp\n|move|p2b: Sylveon|Quick Attack|p1b: Charizard\n|-resisted|p1b: Charizard|1\n|-crit|p1b: Charizard\n|-damage|p1b: Charizard|90/100\n|\n|upkeep\n|turn|4\n|\n|t:|1776374596\n|detailschange|p1b: Charizard|Charizard-Mega-Y, L50, F\n|-mega|p1b: Charizard|Charizard|Charizardite Y\n|-weather|SunnyDay|[from] ability: Drought|[of] p1b: Charizard\n|move|p2b: Sylveon|Protect|p2b: Sylveon\n|-singleturn|p2b: Sylveon|Protect\n|move|p1a: Garchomp|Earthquake|p2a: Incineroar|[spread] p2a\n|-activate|p2b: Sylveon|move: Protect\n|-immune|p1b: Charizard\n|-supereffective|p2a: Incineroar|1\n|-damage|p2a: Incineroar|19/100\n|-enditem|p2a: Incineroar|Sitrus Berry|[eat]\n|-heal|p2a: Incineroar|44/100|[from] item: Sitrus Berry\n|move|p1b: Charizard|Heat Wave|p2b: Sylveon|[spread] \n|-activate|p2b: Sylveon|move: Protect\n|-miss|p1b: Charizard|p2a: Incineroar\n|move|p2a: Incineroar|Parting Shot|p1b: Charizard\n|-unboost|p1b: Charizard|atk|1\n|-unboost|p1b: Charizard|spa|1\n|\n|t:|1776374603\n|switch|p2a: Garchomp|Garchomp, L50, F|100/100|[from] Parting Shot\n|\n|-weather|SunnyDay|[upkeep]\n|-sideend|p1: antolionhd|move: Tailwind\n|upkeep\n|turn|5\n|\n|t:|1776374637\n|switch|p2b: Incineroar|Incineroar, L50, M, shiny|44/100\n|-ability|p2b: Incineroar|Intimidate|boost\n|-unboost|p1a: Garchomp|atk|1\n|-unboost|p1b: Charizard|atk|1\n|move|p1b: Charizard|Protect|p1b: Charizard\n|-singleturn|p1b: Charizard|Protect\n|move|p1a: Garchomp|Earthquake|p2a: Garchomp|[spread] p2a,p2b\n|-activate|p1b: Charizard|move: Protect\n|-supereffective|p2b: Incineroar|1\n|-damage|p2a: Garchomp|77/100\n|-damage|p2b: Incineroar|0 fnt\n|faint|p2b: Incineroar\n|move|p2a: Garchomp|Rock Slide|p1b: Charizard|[spread] p1a\n|-activate|p1b: Charizard|move: Protect\n|-resisted|p1a: Garchomp|1\n|-damage|p1a: Garchomp|80/100\n|\n|-weather|SunnyDay|[upkeep]\n|upkeep\n|\n|t:|1776374646\n|switch|p2b: Lopunny|Lopunny-Mega, L50, M, shiny|100/100\n|turn|6\n|\n|t:|1776374696\n|switch|p1b: Sneasler|Sneasler, L50, F|6/100\n|move|p1a: Garchomp|Protect|p1a: Garchomp\n|-singleturn|p1a: Garchomp|Protect\n|move|p2b: Lopunny|Fake Out|p1a: Garchomp\n|-activate|p1a: Garchomp|move: Protect\n|move|p2a: Garchomp|Rock Slide|p1a: Garchomp|[spread] p1b\n|-activate|p1a: Garchomp|move: Protect\n|-resisted|p1b: Sneasler|1\n|-damage|p1b: Sneasler|0 fnt\n|faint|p1b: Sneasler\n|\n|-weather|SunnyDay|[upkeep]\n|upkeep\n|\n|t:|1776374711\n|switch|p1b: Whimsicott|Whimsicott, L50, M|14/100\n|turn|7\n|\n|t:|1776374721\n|switch|p2a: Sylveon|Sylveon, L50, M|7/100\n|move|p1b: Whimsicott|Tailwind|p1b: Whimsicott\n|-sidestart|p1: antolionhd|move: Tailwind\n|move|p1a: Garchomp|Dragon Claw|p2a: Sylveon\n|-immune|p2a: Sylveon\n|move|p2b: Lopunny|Facade|p1b: Whimsicott\n|-damage|p1b: Whimsicott|0 fnt\n|faint|p1b: Whimsicott\n|\n|-weather|SunnyDay|[upkeep]\n|upkeep\n|\n|t:|1776374736\n|switch|p1b: Charizard|Charizard-Mega-Y, L50, F|90/100\n|turn|8\n|\n|t:|1776374745\n|move|p2b: Lopunny|Protect|p2b: Lopunny\n|-singleturn|p2b: Lopunny|Protect\n|move|p2a: Sylveon|Protect|p2a: Sylveon\n|-singleturn|p2a: Sylveon|Protect\n|move|p1a: Garchomp|Earthquake|p2a: Sylveon|[spread] \n|-activate|p2a: Sylveon|move: Protect\n|-activate|p2b: Lopunny|move: Protect\n|-immune|p1b: Charizard\n|move|p1b: Charizard|Heat Wave|p2a: Sylveon|[spread] \n|-activate|p2a: Sylveon|move: Protect\n|-activate|p2b: Lopunny|move: Protect\n|\n|-weather|none\n|upkeep\n|turn|9\n|\n|t:|1776374763\n|switch|p2b: Garchomp|Garchomp, L50, F|77/100\n|move|p1a: Garchomp|Earthquake|p2b: Garchomp|[spread] p2a,p2b\n|-immune|p1b: Charizard\n|-damage|p2a: Sylveon|0 fnt\n|-damage|p2b: Garchomp|54/100\n|faint|p2a: Sylveon\n|move|p1b: Charizard|Heat Wave|p2b: Garchomp\n|-resisted|p2b: Garchomp|1\n|-damage|p2b: Garchomp|25/100\n|\n|upkeep\n|\n|t:|1776374765\n|switch|p2a: Lopunny|Lopunny-Mega, L50, M, shiny|100/100\n|turn|10\n|\n|t:|1776374823\n|move|p1a: Garchomp|Protect|p1a: Garchomp\n|-singleturn|p1a: Garchomp|Protect\n|move|p1b: Charizard|Protect|p1b: Charizard\n|-singleturn|p1b: Charizard|Protect\n|move|p2a: Lopunny|Protect|p2a: Lopunny\n|-singleturn|p2a: Lopunny|Protect\n|move|p2b: Garchomp|Protect||[still]\n|-fail|p2b: Garchomp\n|\n|-sideend|p1: antolionhd|move: Tailwind\n|upkeep\n|turn|11\n|\n|t:|1776374840\n|move|p2a: Lopunny|Close Combat|p1a: Garchomp\n|-damage|p1a: Garchomp|13/100\n|-unboost|p2a: Lopunny|def|1\n|-unboost|p2a: Lopunny|spd|1\n|-damage|p2a: Lopunny|89/100|[from] ability: Rough Skin|[of] p1a: Garchomp\n|-enditem|p1a: Garchomp|Sitrus Berry|[eat]\n|-heal|p1a: Garchomp|38/100|[from] item: Sitrus Berry\n|move|p2b: Garchomp|Rock Slide|p1a: Garchomp|[spread] p1a,p1b\n|-resisted|p1a: Garchomp|1\n|-supereffective|p1b: Charizard|2\n|-damage|p1a: Garchomp|28/100\n|-damage|p1b: Charizard|0 fnt\n|faint|p1b: Charizard\n|move|p1a: Garchomp|Earthquake|p2a: Lopunny|[spread] p2a,p2b\n|-damage|p2a: Lopunny|38/100\n|-damage|p2b: Garchomp|0 fnt\n|faint|p2b: Garchomp\n|\n|upkeep\n|turn|12\n|-message|antolionhd forfeited.\n|\n|win|joymaxxing\n|raw|antolionhd's rating: 1269 &rarr; <strong>1250</strong><br />(-19 for losing)\n|raw|joymaxxing's rating: 1353 &rarr; <strong>1368</strong><br />(+15 for winning)\n|l|\u2606antolionhd\n|player|p1|\n",
  "uploadtime": 1776374868,
  "views": 24,
  "formatid": "gen9championsvgc2026regma",
  "rating": 1250,
  "private": 0,
  "password": null
}