{
  "id": "gen9championsvgc2026regma-2587267632",
  "format": "[Gen 9 Champions] VGC 2026 Reg M-A",
  "players": [
    "keyrov",
    "notcheetofingers"
  ],
  "log": "|j|\u2606keyrov\n|j|\u2606notcheetofingers\n|t:|1776516410\n|gametype|doubles\n|player|p1|keyrov|lucas-gen4pt|1197\n|player|p2|notcheetofingers|pokemaniac|1195\n|gen|9\n|tier|[Gen 9 Champions] VGC 2026 Reg M-A\n|rated|\n|rule|Species Clause: Limit one of each Pok\u00e9mon\n|rule|Item Clause: Limit 1 of each item\n|clearpoke\n|poke|p1|Milotic, L50, M, shiny|\n|poke|p1|Espathra, L50, F|\n|poke|p1|Froslass, L50, F|\n|poke|p1|Sneasler, L50, F|\n|poke|p1|Rotom-Wash, L50, shiny|\n|poke|p1|Dragonite, L50, M, shiny|\n|poke|p2|Ampharos, L50, M|\n|poke|p2|Klefki, L50, F|\n|poke|p2|Farigiraf, L50, F|\n|poke|p2|Primarina, L50, F|\n|poke|p2|Incineroar, L50, F|\n|poke|p2|Snorlax, L50, M|\n|teampreview|4\nnotcheetofingers has agreed to open team sheets.\n|\n|t:|1776516458\n|teamsize|p1|4\n|teamsize|p2|4\n|start\n|switch|p1a: Espathra|Espathra, L50, F|100/100\n|switch|p1b: Rotom|Rotom-Wash, L50, shiny|100/100\n|switch|p2a: Klefki|Klefki, L50, F|100/100\n|switch|p2b: Ampharos|Ampharos, L50, M|100/100\n|turn|1\n|\n|t:|1776516492\n|move|p2b: Ampharos|Protect|p2b: Ampharos\n|-singleturn|p2b: Ampharos|Protect\n|move|p1b: Rotom|Volt Switch|p2b: Ampharos\n|-activate|p2b: Ampharos|move: Protect\n|move|p1a: Espathra|Calm Mind|p1a: Espathra\n|-boost|p1a: Espathra|spa|1\n|-boost|p1a: Espathra|spd|1\n|move|p2a: Klefki|Trick Room|p2a: Klefki\n|-fieldstart|move: Trick Room|[of] p2a: Klefki\n|\n|-ability|p1a: Espathra|Speed Boost|boost\n|-boost|p1a: Espathra|spe|1\n|upkeep\n|turn|2\n|\n|t:|1776516539\n|switch|p2a: Primarina|Primarina, L50, F|100/100\n|switch|p1b: Sneasler|Sneasler, L50, F|100/100\n|detailschange|p2b: Ampharos|Ampharos-Mega, L50, M\n|-mega|p2b: Ampharos|Ampharos|Ampharosite\n|-ability|p2b: Ampharos|Mold Breaker\n|move|p2b: Ampharos|Volt Switch|p1b: Sneasler\n|-damage|p1b: Sneasler|41/100\n|\n|t:|1776516548\n|switch|p2b: Snorlax|Snorlax, L50, M|100/100|[from] Volt Switch\n|move|p1a: Espathra|Calm Mind|p1a: Espathra\n|-boost|p1a: Espathra|spa|1\n|-boost|p1a: Espathra|spd|1\n|\n|-ability|p1a: Espathra|Speed Boost|boost\n|-boost|p1a: Espathra|spe|1\n|upkeep\n|turn|3\n|\n|t:|1776516584\n|switch|p2a: Klefki|Klefki, L50, F|100/100\n|move|p1b: Sneasler|Protect|p1b: Sneasler\n|-singleturn|p1b: Sneasler|Protect\n|move|p1a: Espathra|Protect|p1a: Espathra\n|-singleturn|p1a: Espathra|Protect\n|move|p2b: Snorlax|Curse|p2b: Snorlax\n|-unboost|p2b: Snorlax|spe|1\n|-boost|p2b: Snorlax|atk|1\n|-boost|p2b: Snorlax|def|1\n|\n|-ability|p1a: Espathra|Speed Boost|boost\n|-boost|p1a: Espathra|spe|1\n|upkeep\n|turn|4\n|\n|t:|1776516612\n|move|p2b: Snorlax|High Horsepower|p1b: Sneasler\n|-supereffective|p1b: Sneasler|1\n|-damage|p1b: Sneasler|0 fnt\n|faint|p1b: Sneasler\n|move|p2a: Klefki|Foul Play|p1a: Espathra\n|-supereffective|p1a: Espathra|1\n|-damage|p1a: Espathra|69/100\n|move|p1a: Espathra|Baton Pass|p1a: Espathra\n|\n|t:|1776516617\n|switch|p1a: Froslass|Froslass, L50, F|100/100|[from] Baton Pass\n|\n|upkeep\n|\n|t:|1776516640\n|switch|p1b: Rotom|Rotom-Wash, L50, shiny|100/100\n|turn|5\n|\n|t:|1776516672\n|detailschange|p1a: Froslass|Froslass-Mega, L50, F\n|-mega|p1a: Froslass|Froslass|Froslassite\n|-weather|Snowscape|[from] ability: Snow Warning|[of] p1a: Froslass\n|move|p2a: Klefki|Protect|p2a: Klefki\n|-singleturn|p2a: Klefki|Protect\n|move|p2b: Snorlax|Protect|p2b: Snorlax\n|-singleturn|p2b: Snorlax|Protect\n|move|p1a: Froslass|Protect|p1a: Froslass\n|-singleturn|p1a: Froslass|Protect\n|move|p1b: Rotom|Dark Pulse|p2a: Klefki\n|-activate|p2a: Klefki|move: Protect\n|\n|-weather|Snowscape|[upkeep]\n|-fieldend|move: Trick Room\n|upkeep\n|turn|6\n|\n|t:|1776516695\n|move|p2a: Klefki|Rain Dance|p2a: Klefki\n|-weather|RainDance\n|move|p1a: Froslass|Aurora Veil||[still]\n|-fail|p1a: Froslass\n|move|p1b: Rotom|Dark Pulse|p2a: Klefki\n|-resisted|p2a: Klefki|1\n|-damage|p2a: Klefki|89/100\n|move|p2b: Snorlax|High Horsepower|p1b: Rotom\n|-immune|p1b: Rotom|[from] ability: Levitate\n|\n|-weather|RainDance|[upkeep]\n|upkeep\n|turn|7\n|\n|t:|1776516719\n|move|p1a: Froslass|Blizzard|p2a: Klefki|[spread] p2b\n|-miss|p1a: Froslass|p2a: Klefki\n|-damage|p2b: Snorlax|68/100\n|move|p1b: Rotom|Dark Pulse|p2b: Snorlax\n|-damage|p2b: Snorlax|54/100\n|move|p2b: Snorlax|Curse|p2b: Snorlax\n|-unboost|p2b: Snorlax|spe|1\n|-boost|p2b: Snorlax|atk|1\n|-boost|p2b: Snorlax|def|1\n|move|p2a: Klefki|Trick Room|p2a: Klefki\n|-fieldstart|move: Trick Room|[of] p2a: Klefki\n|\n|-weather|RainDance|[upkeep]\n|-heal|p2b: Snorlax|60/100|[from] item: Leftovers\n|upkeep\n|turn|8\n|\n|t:|1776516761\n|switch|p2a: Ampharos|Ampharos-Mega, L50, M|100/100\n|-ability|p2a: Ampharos|Mold Breaker\n|move|p2b: Snorlax|Protect|p2b: Snorlax\n|-singleturn|p2b: Snorlax|Protect\n|move|p1b: Rotom|Dark Pulse|p2b: Snorlax\n|-activate|p2b: Snorlax|move: Protect\n|move|p1a: Froslass|Blizzard|p2a: Ampharos|[spread] \n|-activate|p2b: Snorlax|move: Protect\n|-miss|p1a: Froslass|p2a: Ampharos\n|\n|-weather|RainDance|[upkeep]\n|-heal|p2b: Snorlax|67/100|[from] item: Leftovers\n|upkeep\n|turn|9\n|\n|t:|1776516785\n|move|p2b: Snorlax|High Horsepower|p1a: Froslass\n|-damage|p1a: Froslass|5/100\n|move|p2a: Ampharos|Thunderbolt|p1b: Rotom\n|-damage|p1b: Rotom|28/100\n|move|p1b: Rotom|Dark Pulse|p2a: Ampharos\n|-crit|p2a: Ampharos\n|-damage|p2a: Ampharos|72/100\n|move|p1a: Froslass|Blizzard|p2b: Snorlax|[spread] p2a,p2b\n|-supereffective|p2a: Ampharos|1\n|-damage|p2a: Ampharos|0 fnt\n|-damage|p2b: Snorlax|40/100\n|faint|p2a: Ampharos\n|\n|-weather|RainDance|[upkeep]\n|-heal|p2b: Snorlax|46/100|[from] item: Leftovers\n|upkeep\n|\n|t:|1776516799\n|switch|p2a: Primarina|Primarina, L50, F|100/100\n|turn|10\n|\n|t:|1776516810\n|move|p1a: Froslass|Protect|p1a: Froslass\n|-singleturn|p1a: Froslass|Protect\n|move|p2b: Snorlax|Double-Edge|p1b: Rotom\n|-damage|p1b: Rotom|0 fnt\n|faint|p1b: Rotom\n|-damage|p2b: Snorlax|41/100|[from] Recoil\n|move|p2a: Primarina|Hyper Voice|p1a: Froslass\n|-activate|p1a: Froslass|move: Protect\n|\n|-weather|none\n|-heal|p2b: Snorlax|47/100|[from] item: Leftovers\n|upkeep\n|\n|t:|1776516817\n|switch|p1b: Espathra|Espathra, L50, F|69/100\n|turn|11\n|\n|t:|1776516837\n|move|p1a: Froslass|Protect||[still]\n|-fail|p1a: Froslass\n|move|p2b: Snorlax|Double-Edge|p1b: Espathra\n|-damage|p1b: Espathra|0 fnt\n|faint|p1b: Espathra\n|-damage|p2b: Snorlax|32/100|[from] Recoil\n|move|p2a: Primarina|Hyper Voice|p1a: Froslass\n|-damage|p1a: Froslass|0 fnt\n|faint|p1a: Froslass\n|\n|win|notcheetofingers\n|raw|keyrov's rating: 1197 &rarr; <strong>1172</strong><br />(-25 for losing)\n|raw|notcheetofingers's rating: 1195 &rarr; <strong>1220</strong><br />(+25 for winning)\n|l|\u2606keyrov\n|player|p1|\n",
  "uploadtime": 1776516846,
  "views": 23,
  "formatid": "gen9championsvgc2026regma",
  "rating": 1172,
  "private": 0,
  "password": null
}