{
  "id": "gen9championsvgc2026regma-2585518575",
  "format": "[Gen 9 Champions] VGC 2026 Reg M-A",
  "players": [
    "Blu3 Mag1c",
    "f1028"
  ],
  "log": "|j|\u2606Blu3 Mag1c\n|j|\u2606f1028\n|t:|1776352912\n|gametype|doubles\n|player|p1|Blu3 Mag1c|101|1086\n|player|p2|f1028|steven|1185\n|gen|9\n|tier|[Gen 9 Champions] VGC 2026 Reg M-A\n|rated|\n|rule|Species Clause: Limit one of each Pok\u00e9mon\n|rule|Item Clause: Limit 1 of each item\n|clearpoke\n|poke|p1|Farigiraf, L50, F|\n|poke|p1|Incineroar, L50, F|\n|poke|p1|Conkeldurr, L50, F|\n|poke|p1|Kingambit, L50, F|\n|poke|p1|Sinistcha, L50|\n|poke|p1|Camerupt, L50, M|\n|poke|p2|Hawlucha, L50, M|\n|poke|p2|Whimsicott, L50, M|\n|poke|p2|Skarmory, L50, M|\n|poke|p2|Maushold, L50|\n|poke|p2|Sneasler, L50, M|\n|poke|p2|Talonflame, L50, F|\n|teampreview|4\n|inactive|Battle timer is ON: inactive players will automatically lose when time's up. (requested by f1028)\nBlu3 Mag1c rejected open team sheets.\n|inactive|Blu3 Mag1c has 60 seconds left.\n|inactive|f1028 has 60 seconds left.\n|\n|t:|1776352949\n|teamsize|p1|4\n|teamsize|p2|4\n|start\n|switch|p1a: Farigiraf|Farigiraf, L50, F|100/100\n|switch|p1b: Sinistcha|Sinistcha, L50|100/100\n|switch|p2a: Whimsicott|Whimsicott, L50, M|100/100\n|switch|p2b: Sneasler|Sneasler, L50, M|100/100\n|turn|1\n|inactive|Blu3 Mag1c has 30 seconds left.\n|inactive|f1028 has 30 seconds left.\n|inactive|f1028 has 20 seconds left.\n|\n|t:|1776352985\n|move|p1b: Sinistcha|Rage Powder|p1b: Sinistcha\n|-singleturn|p1b: Sinistcha|move: Rage Powder\n|move|p2b: Sneasler|Dire Claw|p1b: Sinistcha\n|-damage|p1b: Sinistcha|70/100\n|move|p1a: Farigiraf|Psychic|p2b: Sneasler\n|-supereffective|p2b: Sneasler|2\n|-damage|p2b: Sneasler|0 fnt\n|faint|p2b: Sneasler\n|move|p2a: Whimsicott|Trick Room|p2a: Whimsicott\n|-fieldstart|move: Trick Room|[of] p2a: Whimsicott\n|\n|-heal|p1b: Sinistcha|76/100|[from] item: Leftovers\n|upkeep\n|\n|t:|1776353001\n|switch|p2b: Maushold|Maushold, L50|100/100\n|turn|2\n|\n|t:|1776353015\n|switch|p1b: Incineroar|Incineroar, L50, F|100/100\n|-ability|p1b: Incineroar|Intimidate|boost\n|-unboost|p2a: Whimsicott|atk|1\n|-unboost|p2b: Maushold|atk|1\n|move|p1a: Farigiraf|Protect|p1a: Farigiraf\n|-singleturn|p1a: Farigiraf|Protect\n|move|p2b: Maushold|Protect|p2b: Maushold\n|-singleturn|p2b: Maushold|Protect\n|move|p2a: Whimsicott|Trick Room|p2a: Whimsicott\n|-fieldend|move: Trick Room\n|\n|upkeep\n|turn|3\n|\n|t:|1776353034\n|move|p2a: Whimsicott|Protect|p2a: Whimsicott\n|-singleturn|p2a: Whimsicott|Protect\n|move|p1b: Incineroar|Fake Out|p2b: Maushold\n|-damage|p2b: Maushold|89/100\n|cant|p2b: Maushold|flinch\n|move|p1a: Farigiraf|Trick Room|p1a: Farigiraf\n|-fieldstart|move: Trick Room|[of] p1a: Farigiraf\n|\n|-heal|p2b: Maushold|95/100|[from] item: Leftovers\n|upkeep\n|turn|4\n|inactive|Blu3 Mag1c has 30 seconds left.\n|\n|t:|1776353065\n|move|p1a: Farigiraf|Dazzling Gleam|p2a: Whimsicott|[spread] p2a,p2b\n|-damage|p2a: Whimsicott|90/100\n|-damage|p2b: Maushold|80/100\n|move|p1b: Incineroar|Taunt|p2a: Whimsicott\n|-start|p2a: Whimsicott|move: Taunt\n|-enditem|p2a: Whimsicott|Mental Herb\n|-end|p2a: Whimsicott|move: Taunt\n|move|p2b: Maushold|Super Fang|p1a: Farigiraf\n|-damage|p1a: Farigiraf|51/100\n|move|p2a: Whimsicott|Trick Room|p2a: Whimsicott\n|-fieldend|move: Trick Room\n|\n|-heal|p2b: Maushold|86/100|[from] item: Leftovers\n|upkeep\n|turn|5\n|inactive|f1028 has 30 seconds left.\n|\n|t:|1776353093\n|move|p1a: Farigiraf|Protect|p1a: Farigiraf\n|-singleturn|p1a: Farigiraf|Protect\n|move|p2a: Whimsicott|Tailwind|p2a: Whimsicott\n|-sidestart|p2: f1028|move: Tailwind\n|move|p2b: Maushold|Super Fang|p1b: Incineroar\n|-damage|p1b: Incineroar|50/100\n|-enditem|p1b: Incineroar|Sitrus Berry|[eat]\n|-heal|p1b: Incineroar|75/100|[from] item: Sitrus Berry\n|move|p1b: Incineroar|Parting Shot|p2a: Whimsicott\n|-unboost|p2a: Whimsicott|atk|1\n|-unboost|p2a: Whimsicott|spa|1\n|\n|t:|1776353106\n|switch|p1b: Sinistcha|Sinistcha, L50|76/100|[from] Parting Shot\n|-heal|p1a: Farigiraf|75/100|[from] ability: Hospitality|[of] p1b: Sinistcha\n|\n|-heal|p2b: Maushold|92/100|[from] item: Leftovers\n|-heal|p1b: Sinistcha|83/100|[from] item: Leftovers\n|upkeep\n|turn|6\n|\n|t:|1776353124\n|switch|p2a: Hawlucha|Hawlucha, L50, M|100/100\n|switch|p1a: Camerupt|Camerupt, L50, M|100/100\n|move|p2b: Maushold|Protect|p2b: Maushold\n|-singleturn|p2b: Maushold|Protect\n|move|p1b: Sinistcha|Trick Room|p1b: Sinistcha\n|-fieldstart|move: Trick Room|[of] p1b: Sinistcha\n|\n|-heal|p1b: Sinistcha|89/100|[from] item: Leftovers\n|-heal|p2b: Maushold|98/100|[from] item: Leftovers\n|upkeep\n|turn|7\n|inactive|f1028 has 30 seconds left.\n|\n|t:|1776353150\n|detailschange|p1a: Camerupt|Camerupt-Mega, L50, M\n|-mega|p1a: Camerupt|Camerupt|Cameruptite\n|detailschange|p2a: Hawlucha|Hawlucha-Mega, L50, M\n|-mega|p2a: Hawlucha|Hawlucha|Hawluchanite\n|move|p1b: Sinistcha|Rage Powder|p1b: Sinistcha\n|-singleturn|p1b: Sinistcha|move: Rage Powder\n|move|p1a: Camerupt|Eruption|p2a: Hawlucha|[spread] p2a,p2b\n|-damage|p2a: Hawlucha|34/100\n|-damage|p2b: Maushold|33/100\n|move|p2b: Maushold|Super Fang|p1b: Sinistcha\n|-immune|p1b: Sinistcha\n|move|p2a: Hawlucha|Brave Bird|p1b: Sinistcha\n|-supereffective|p1b: Sinistcha|1\n|-damage|p1b: Sinistcha|0 fnt\n|faint|p1b: Sinistcha\n|-damage|p2a: Hawlucha|0 fnt|[from] Recoil\n|faint|p2a: Hawlucha\n|\n|-heal|p2b: Maushold|39/100|[from] item: Leftovers\n|upkeep\n|-message|f1028 forfeited.\n|\n|win|Blu3 Mag1c\n|raw|Blu3 Mag1c's rating: 1086 &rarr; <strong>1121</strong><br />(+35 for winning)\n|raw|f1028's rating: 1185 &rarr; <strong>1153</strong><br />(-32 for losing)\n|l|\u2606f1028\n|player|p2|\n",
  "uploadtime": 1776353331,
  "views": 22,
  "formatid": "gen9championsvgc2026regma",
  "rating": 1121,
  "private": 0,
  "password": null
}