{
  "id": "gen9championsvgc2026regma-2586832047",
  "format": "[Gen 9 Champions] VGC 2026 Reg M-A",
  "players": [
    "keemylmao",
    "Devta"
  ],
  "log": "|j|\u2606keemylmao\n|j|\u2606Devta\n|t:|1776463620\n|gametype|doubles\n|player|p1|keemylmao|thorton|1227\n|player|p2|Devta|hexmaniac-gen6|1252\n|gen|9\n|tier|[Gen 9 Champions] VGC 2026 Reg M-A\n|rated|\n|rule|Species Clause: Limit one of each Pok\u00e9mon\n|rule|Item Clause: Limit 1 of each item\n|clearpoke\n|poke|p1|Starmie, L50|\n|poke|p1|Ninetales-Alola, L50, M|\n|poke|p1|Sneasler, L50, F|\n|poke|p1|Typhlosion-Hisui, L50, F|\n|poke|p1|Sinistcha, L50|\n|poke|p1|Kingambit, L50, F|\n|poke|p2|Delphox, L50, M|\n|poke|p2|Garchomp, L50, F|\n|poke|p2|Kingambit, L50, M|\n|poke|p2|Sneasler, L50, M|\n|poke|p2|Basculegion, L50, M|\n|poke|p2|Floette-Eternal, L50, F|\n|teampreview|4\n|inactive|Battle timer is ON: inactive players will automatically lose when time's up. (requested by Devta)\n|inactive|keemylmao has 60 seconds left.\n|\n|t:|1776463676\n|teamsize|p1|4\n|teamsize|p2|4\n|start\n|switch|p1a: Sneasler|Sneasler, L50, F, shiny|100/100\n|switch|p1b: Ninetales|Ninetales-Alola, L50, M|100/100\n|switch|p2a: Kingambit|Kingambit, L50, M|100/100\n|switch|p2b: Delphox|Delphox, L50, M, shiny|100/100\n|-weather|Snowscape|[from] ability: Snow Warning|[of] p1b: Ninetales\n|turn|1\n|\n|t:|1776463690\n|detailschange|p2b: Delphox|Delphox-Mega, L50, M, shiny\n|-mega|p2b: Delphox|Delphox|Delphoxite\n|move|p1a: Sneasler|Fake Out|p2b: Delphox\n|-damage|p2b: Delphox|80/100\n|cant|p2b: Delphox|flinch\n|move|p1b: Ninetales|Aurora Veil|p1b: Ninetales\n|-sidestart|p1: keemylmao|move: Aurora Veil\n|move|p2a: Kingambit|Iron Head|p1b: Ninetales\n|-supereffective|p1b: Ninetales|2\n|-damage|p1b: Ninetales|0 fnt\n|faint|p1b: Ninetales\n|\n|-weather|Snowscape|[upkeep]\n|upkeep\n|\n|t:|1776463700\n|switch|p1b: Starmie|Starmie, L50, shiny|100/100\n|turn|2\n|\n|t:|1776463720\n|detailschange|p1b: Starmie|Starmie-Mega, L50, shiny\n|-mega|p1b: Starmie|Starmie|Starminite\n|move|p2b: Delphox|Protect|p2b: Delphox\n|-singleturn|p2b: Delphox|Protect\n|move|p1b: Starmie|Protect|p1b: Starmie\n|-singleturn|p1b: Starmie|Protect\n|move|p2a: Kingambit|Protect|p2a: Kingambit\n|-singleturn|p2a: Kingambit|Protect\n|move|p1a: Sneasler|Close Combat|p2a: Kingambit\n|-activate|p2a: Kingambit|move: Protect\n|\n|-weather|Snowscape|[upkeep]\n|upkeep\n|turn|3\n|\n|t:|1776463744\n|switch|p2b: Basculegion|Basculegion, L50, M|100/100\n|move|p1b: Starmie|Protect||[still]\n|-fail|p1b: Starmie\n|move|p1a: Sneasler|Close Combat|p2a: Kingambit\n|-supereffective|p2a: Kingambit|2\n|-damage|p2a: Kingambit|0 fnt\n|-unboost|p1a: Sneasler|def|1\n|-unboost|p1a: Sneasler|spd|1\n|faint|p2a: Kingambit\n|-enditem|p1a: Sneasler|White Herb\n|-clearnegativeboost|p1a: Sneasler|[silent]\n|\n|-weather|Snowscape|[upkeep]\n|upkeep\n|\n|t:|1776463751\n|switch|p2a: Sneasler|Sneasler, L50, M|100/100\n|turn|4\n|\n|t:|1776463772\n|switch|p1a: Kingambit|Kingambit, L50, F, shiny|100/100\n|move|p1b: Starmie|Protect|p1b: Starmie\n|-singleturn|p1b: Starmie|Protect\n|move|p2a: Sneasler|Fake Out|p1b: Starmie\n|-activate|p1b: Starmie|move: Protect\n|move|p2b: Basculegion|Wave Crash|p1a: Kingambit\n|-damage|p1a: Kingambit|64/100\n|-damage|p2b: Basculegion|88/100|[from] Recoil\n|\n|-weather|Snowscape|[upkeep]\n|upkeep\n|turn|5\n|\n|t:|1776463787\n|switch|p2b: Delphox|Delphox-Mega, L50, M, shiny|80/100\n|move|p1b: Starmie|Psycho Cut|p2a: Sneasler\n|-supereffective|p2a: Sneasler|2\n|-crit|p2a: Sneasler\n|-damage|p2a: Sneasler|0 fnt\n|faint|p2a: Sneasler\n|move|p1a: Kingambit|Kowtow Cleave|p2b: Delphox\n|-supereffective|p2b: Delphox|1\n|-damage|p2b: Delphox|0 fnt\n|faint|p2b: Delphox\n|\n|-weather|none\n|-sideend|p1: keemylmao|move: Aurora Veil\n|upkeep\n|\n|t:|1776463792\n|switch|p2b: Basculegion|Basculegion, L50, M|88/100\n|turn|6\n|-message|Devta forfeited.\n|\n|win|keemylmao\n|raw|keemylmao's rating: 1227 &rarr; <strong>1254</strong><br />(+27 for winning)\n|raw|Devta's rating: 1252 &rarr; <strong>1225</strong><br />(-27 for losing)\n",
  "uploadtime": 1776463796,
  "views": 29,
  "formatid": "gen9championsvgc2026regma",
  "rating": 1225,
  "private": 0,
  "password": null
}