{
  "id": "gen9championsvgc2026regma-2584586440",
  "format": "[Gen 9 Champions] VGC 2026 Reg M-A",
  "players": [
    "bioniclejam",
    "Corbinc"
  ],
  "log": "|j|\u2606bioniclejam\n|j|\u2606Corbinc\n|t:|1776270454\n|gametype|doubles\n|player|p1|bioniclejam|policeman|1000\n|player|p2|Corbinc|ghetsis-gen5bw|1009\n|gen|9\n|tier|[Gen 9 Champions] VGC 2026 Reg M-A\n|rated|\n|rule|Species Clause: Limit one of each Pok\u00e9mon\n|rule|Item Clause: Limit 1 of each item\n|clearpoke\n|poke|p1|Pelipper, L50, F|\n|poke|p1|Archaludon, L50, M|\n|poke|p1|Meganium, L50, F|\n|poke|p1|Blastoise, L50, M|\n|poke|p1|Incineroar, L50, M|\n|poke|p1|Sinistcha-Masterpiece, L50|\n|poke|p2|Crabominable, L50, F|\n|poke|p2|Abomasnow, L50, F|\n|poke|p2|Sableye, L50, F|\n|poke|p2|Krookodile, L50, F|\n|poke|p2|Farigiraf, L50, F|\n|poke|p2|Ninetales-Alola, L50, M|\n|teampreview|4\n|inactive|Battle timer is ON: inactive players will automatically lose when time's up. (requested by Corbinc)\n|\n|t:|1776270479\n|teamsize|p1|4\n|teamsize|p2|4\n|start\n|switch|p1a: Blue Devil|Pelipper, L50, F|100/100\n|switch|p1b: Meganium|Meganium, L50, F, shiny|100/100\n|switch|p2a: Farigiraf|Farigiraf, L50, F|100/100\n|switch|p2b: Sableye|Sableye, L50, F|100/100\n|-weather|RainDance|[from] ability: Drizzle|[of] p1a: Blue Devil\n|turn|1\n|inactive|bioniclejam has 30 seconds left.\n|\n|t:|1776270506\n|detailschange|p1b: Meganium|Meganium-Mega, L50, F, shiny\n|-mega|p1b: Meganium|Meganium|Meganiumite\n|move|p1a: Blue Devil|Protect|p1a: Blue Devil\n|-singleturn|p1a: Blue Devil|Protect\n|move|p2b: Sableye|Fake Out|p1a: Blue Devil\n|-activate|p1a: Blue Devil|move: Protect\n|move|p1b: Meganium|Dazzling Gleam|p2b: Sableye|[spread] p2a,p2b\n|-supereffective|p2b: Sableye|1\n|-damage|p2a: Farigiraf|67/100\n|-damage|p2b: Sableye|0 fnt\n|faint|p2b: Sableye\n|move|p2a: Farigiraf|Trick Room|p2a: Farigiraf\n|-fieldstart|move: Trick Room|[of] p2a: Farigiraf\n|\n|-weather|RainDance|[upkeep]\n|upkeep\n|\n|t:|1776270521\n|switch|p2b: Abomasnow|Abomasnow, L50, F|100/100\n|-weather|Snowscape|[from] ability: Snow Warning|[of] p2b: Abomasnow\n|turn|2\n|\n|t:|1776270535\n|switch|p2a: Crabominable|Crabominable, L50, F|100/100\n|move|p1b: Meganium|Protect|p1b: Meganium\n|-singleturn|p1b: Meganium|Protect\n|move|p2b: Abomasnow|Frost Breath|p2a: Crabominable\n|-resisted|p2a: Crabominable|1\n|-crit|p2a: Crabominable\n|-damage|p2a: Crabominable|88/100\n|-setboost|p2a: Crabominable|atk|6|[from] ability: Anger Point\n|move|p1a: Blue Devil|Hurricane|p2b: Abomasnow\n|-supereffective|p2b: Abomasnow|1\n|-damage|p2b: Abomasnow|14/100\n|-start|p2b: Abomasnow|confusion\n|\n|-weather|Snowscape|[upkeep]\n|upkeep\n|turn|3\n|\n|t:|1776270556\n|switch|p1b: John Pokemon|Incineroar, L50, M, shiny|100/100\n|-ability|p1b: John Pokemon|Intimidate|boost\n|-unboost|p2a: Crabominable|atk|1\n|-unboost|p2b: Abomasnow|atk|1\n|detailschange|p2a: Crabominable|Crabominable-Mega, L50, F\n|-mega|p2a: Crabominable|Crabominable|Crabominite\n|move|p1a: Blue Devil|Protect|p1a: Blue Devil\n|-singleturn|p1a: Blue Devil|Protect\n|move|p2a: Crabominable|Amnesia|p2a: Crabominable\n|-boost|p2a: Crabominable|spd|2\n|-activate|p2b: Abomasnow|confusion\n|move|p2b: Abomasnow|Aurora Veil|p2b: Abomasnow\n|-sidestart|p2: Corbinc|move: Aurora Veil\n|\n|-weather|Snowscape|[upkeep]\n|upkeep\n|turn|4\n|inactive|bioniclejam has 30 seconds left.\n|\n|t:|1776270589\n|switch|p2b: Farigiraf|Farigiraf, L50, F|67/100\n|move|p1b: John Pokemon|Fake Out||[still]\n|cant|p2b: Farigiraf|ability: Armor Tail|Fake Out|[of] p1b: John Pokemon\n|move|p2a: Crabominable|Drain Punch|p1b: John Pokemon\n|-supereffective|p1b: John Pokemon|1\n|-damage|p1b: John Pokemon|0 fnt\n|-heal|p2a: Crabominable|100/100|[from] drain|[of] p1b: John Pokemon\n|faint|p1b: John Pokemon\n|move|p1a: Blue Devil|Weather Ball|p2b: Farigiraf\n|-damage|p2b: Farigiraf|51/100\n|\n|-weather|Snowscape|[upkeep]\n|upkeep\n|\n|t:|1776270604\n|switch|p1b: Meganium|Meganium-Mega, L50, F, shiny|100/100\n|turn|5\n|\n|t:|1776270614\n|switch|p1a: holding space|Sinistcha-Masterpiece, L50|100/100\n|move|p1b: Meganium|Protect|p1b: Meganium\n|-singleturn|p1b: Meganium|Protect\n|move|p2a: Crabominable|Ice Hammer|p1b: Meganium\n|-activate|p1b: Meganium|move: Protect\n|move|p2b: Farigiraf|Gravity|p2b: Farigiraf\n|-fieldstart|move: Gravity\n|\n|-weather|Snowscape|[upkeep]\n|-fieldend|move: Trick Room\n|upkeep\n|turn|6\n|\n|t:|1776270638\n|move|p1a: holding space|Rage Powder|p1a: holding space\n|-singleturn|p1a: holding space|move: Rage Powder\n|move|p1b: Meganium|Weather Ball|p2a: Crabominable\n|-supereffective|p2a: Crabominable|1\n|-damage|p2a: Crabominable|76/100\n|move|p2a: Crabominable|Ice Hammer|p1a: holding space\n|-supereffective|p1a: holding space|1\n|-damage|p1a: holding space|0 fnt\n|-unboost|p2a: Crabominable|spe|1\n|faint|p1a: holding space\n|move|p2b: Farigiraf|Trick Room|p2b: Farigiraf\n|-fieldstart|move: Trick Room|[of] p2b: Farigiraf\n|\n|-weather|none\n|upkeep\n|\n|t:|1776270645\n|switch|p1a: Blue Devil|Pelipper, L50, F|100/100\n|-weather|RainDance|[from] ability: Drizzle|[of] p1a: Blue Devil\n|turn|7\n|\n|t:|1776270668\n|switch|p2b: Abomasnow|Abomasnow, L50, F|14/100\n|-weather|Snowscape|[from] ability: Snow Warning|[of] p2b: Abomasnow\n|move|p1b: Meganium|Protect|p1b: Meganium\n|-singleturn|p1b: Meganium|Protect\n|move|p2a: Crabominable|Earthquake|p1b: Meganium|[spread] p2b,p1a\n|-activate|p1b: Meganium|move: Protect\n|-resisted|p2b: Abomasnow|1\n|-damage|p2b: Abomasnow|0 fnt\n|-damage|p1a: Blue Devil|0 fnt\n|faint|p2b: Abomasnow\n|faint|p1a: Blue Devil\n|\n|-weather|Snowscape|[upkeep]\n|-sideend|p2: Corbinc|move: Aurora Veil\n|upkeep\n|\n|t:|1776270682\n|switch|p2b: Farigiraf|Farigiraf, L50, F|51/100\n|turn|8\n|\n|t:|1776270694\n|move|p2a: Crabominable|Ice Hammer|p1b: Meganium\n|-supereffective|p1b: Meganium|1\n|-damage|p1b: Meganium|0 fnt\n|-unboost|p2a: Crabominable|spe|1\n|faint|p1b: Meganium\n|\n|win|Corbinc\n|raw|bioniclejam's rating: 1000 &rarr; <strong>1000</strong><br />(+0 for losing)\n|raw|Corbinc's rating: 1009 &rarr; <strong>1047</strong><br />(+38 for winning)\n|c|\u2606bioniclejam|gg\n",
  "uploadtime": 1776270702,
  "views": 16,
  "formatid": "gen9championsvgc2026regma",
  "rating": 1000,
  "private": 0,
  "password": null
}