{
  "id": "gen9championsvgc2026regma-2580536661",
  "format": "[Gen 9 Champions] VGC 2026 Reg M-A",
  "players": [
    "yanxi0312",
    "yamzinyobooty"
  ],
  "log": "|j|\u2606yanxi0312\n|j|\u2606yamzinyobooty\n|t:|1775910183\n|gametype|doubles\n|player|p1|yanxi0312|hilbert-wonderlauncher|1114\n|player|p2|yamzinyobooty|2|1142\n|gen|9\n|tier|[Gen 9 Champions] VGC 2026 Reg M-A\n|rated|\n|rule|Species Clause: Limit one of each Pok\u00e9mon\n|rule|Item Clause: Limit 1 of each item\n|clearpoke\n|poke|p1|Blastoise, L50, M|\n|poke|p1|Torkoal, L50, M|\n|poke|p1|Farigiraf, L50, F|\n|poke|p1|Kingambit, L50, F|\n|poke|p1|Sinistcha, L50|\n|poke|p1|Ditto, L50|\n|poke|p2|Starmie, L50|\n|poke|p2|Whimsicott, L50, M|\n|poke|p2|Incineroar, L50, F|\n|poke|p2|Rotom-Wash, L50|\n|poke|p2|Kommo-o, L50, M|\n|poke|p2|Sneasler, L50, M|\n|teampreview|4\n|inactive|Battle timer is ON: inactive players will automatically lose when time's up. (requested by yamzinyobooty)\n|\n|t:|1775910210\n|teamsize|p1|4\n|teamsize|p2|4\n|start\n|switch|p1a: Farigiraf|Farigiraf, L50, F|100/100\n|switch|p1b: Blastoise|Blastoise, L50, M|100/100\n|switch|p2a: Incineroar|Incineroar, L50, F|100/100\n|switch|p2b: Starmie|Starmie, L50|100/100\n|-ability|p2a: Incineroar|Intimidate|boost\n|-unboost|p1a: Farigiraf|atk|1\n|-unboost|p1b: Blastoise|atk|1\n|turn|1\n|\n|t:|1775910227\n|detailschange|p2b: Starmie|Starmie-Mega, L50\n|-mega|p2b: Starmie|Starmie|Starminite\n|move|p1b: Blastoise|Fake Out|p2b: Starmie\n|-damage|p2b: Starmie|94/100\n|cant|p2b: Starmie|flinch\n|move|p2a: Incineroar|Throat Chop|p1a: Farigiraf\n|-supereffective|p1a: Farigiraf|1\n|-damage|p1a: Farigiraf|44/100\n|-start|p1a: Farigiraf|Throat Chop|[silent]\n|move|p1a: Farigiraf|Trick Room|p1a: Farigiraf\n|-fieldstart|move: Trick Room|[of] p1a: Farigiraf\n|\n|upkeep\n|turn|2\n|\n|t:|1775910248\n|detailschange|p1b: Blastoise|Blastoise-Mega, L50, M\n|-mega|p1b: Blastoise|Blastoise|Blastoisinite\n|move|p1a: Farigiraf|Protect|p1a: Farigiraf\n|-singleturn|p1a: Farigiraf|Protect\n|move|p2a: Incineroar|Throat Chop|p1a: Farigiraf\n|-activate|p1a: Farigiraf|move: Protect\n|move|p1b: Blastoise|Water Spout|p2b: Starmie|[spread] p2a,p2b\n|-supereffective|p2a: Incineroar|1\n|-resisted|p2b: Starmie|1\n|-damage|p2a: Incineroar|0 fnt\n|-damage|p2b: Starmie|58/100\n|faint|p2a: Incineroar\n|move|p2b: Starmie|Zen Headbutt|p1b: Blastoise\n|-damage|p1b: Blastoise|41/100\n|\n|-end|p1a: Farigiraf|Throat Chop|[silent]\n|upkeep\n|\n|t:|1775910263\n|switch|p2a: Rotom|Rotom-Wash, L50, shiny|100/100\n|turn|3\n|\n|t:|1775910280\n|switch|p1a: Sinistcha|Sinistcha, L50|100/100\n|-heal|p1b: Blastoise|66/100|[from] ability: Hospitality|[of] p1a: Sinistcha\n|move|p1b: Blastoise|Water Spout|p2a: Rotom|[spread] p2a,p2b\n|-resisted|p2a: Rotom|1\n|-resisted|p2b: Starmie|1\n|-damage|p2a: Rotom|80/100\n|-damage|p2b: Starmie|36/100\n|move|p2b: Starmie|Flip Turn|p1a: Sinistcha\n|-resisted|p1a: Sinistcha|1\n|-damage|p1a: Sinistcha|75/100\n|\n|t:|1775910282\n|switch|p2b: Kommo-o|Kommo-o, L50, M|100/100|[from] Flip Turn\n|move|p2a: Rotom|Electroweb|p1a: Sinistcha|[spread] p1a,p1b\n|-resisted|p1a: Sinistcha|1\n|-supereffective|p1b: Blastoise|1\n|-damage|p1a: Sinistcha|66/100\n|-damage|p1b: Blastoise|37/100\n|-unboost|p1a: Sinistcha|spe|1\n|-unboost|p1b: Blastoise|spe|1\n|\n|-heal|p1a: Sinistcha|72/100|[from] item: Leftovers\n|upkeep\n|turn|4\n|\n|t:|1775910299\n|move|p1a: Sinistcha|Matcha Gotcha|p2a: Rotom|[spread] p2b\n|-miss|p1a: Sinistcha|p2a: Rotom\n|-resisted|p2b: Kommo-o|1\n|-damage|p2b: Kommo-o|83/100\n|-heal|p1a: Sinistcha|80/100|[from] drain|[of] p2b: Kommo-o\n|-status|p2b: Kommo-o|brn\n|move|p1b: Blastoise|Ice Beam|p2b: Kommo-o\n|-supereffective|p2b: Kommo-o|1\n|-damage|p2b: Kommo-o|12/100 brn\n|move|p2b: Kommo-o|Clangorous Soul||[still]\n|-fail|p2b: Kommo-o\n|move|p2a: Rotom|Electroweb|p1a: Sinistcha|[spread] p1a,p1b\n|-resisted|p1a: Sinistcha|1\n|-supereffective|p1b: Blastoise|1\n|-damage|p1a: Sinistcha|71/100\n|-damage|p1b: Blastoise|10/100\n|-unboost|p1a: Sinistcha|spe|1\n|-unboost|p1b: Blastoise|spe|1\n|\n|-heal|p1a: Sinistcha|77/100|[from] item: Leftovers\n|-heal|p2b: Kommo-o|18/100 brn|[from] item: Leftovers\n|-damage|p2b: Kommo-o|12/100 brn|[from] brn\n|upkeep\n|turn|5\n|\n|t:|1775910316\n|move|p2b: Kommo-o|Protect|p2b: Kommo-o\n|-singleturn|p2b: Kommo-o|Protect\n|move|p1a: Sinistcha|Matcha Gotcha|p2a: Rotom|[spread] p2a\n|-activate|p2b: Kommo-o|move: Protect\n|-supereffective|p2a: Rotom|1\n|-damage|p2a: Rotom|18/100\n|-heal|p1a: Sinistcha|100/100|[from] drain|[of] p2a: Rotom\n|move|p1b: Blastoise|Aura Sphere|p2a: Rotom\n|-damage|p2a: Rotom|0 fnt\n|faint|p2a: Rotom\n|\n|-heal|p2b: Kommo-o|18/100 brn|[from] item: Leftovers\n|-damage|p2b: Kommo-o|12/100 brn|[from] brn\n|-fieldend|move: Trick Room\n|upkeep\n|\n|t:|1775910324\n|switch|p2a: Starmie|Starmie-Mega, L50|36/100\n|turn|6\n|-message|yamzinyobooty forfeited.\n|\n|win|yanxi0312\n|raw|yanxi0312's rating: 1114 &rarr; <strong>1141</strong><br />(+27 for winning)\n|raw|yamzinyobooty's rating: 1142 &rarr; <strong>1115</strong><br />(-27 for losing)\n",
  "uploadtime": 1775910328,
  "views": 13,
  "formatid": "gen9championsvgc2026regma",
  "rating": 1115,
  "private": 0,
  "password": null
}