{
  "id": "gen9championsvgc2026regma-2587612926",
  "format": "[Gen 9 Champions] VGC 2026 Reg M-A",
  "players": [
    "appatheboppa",
    "Sol Junior"
  ],
  "log": "|j|\u2606appatheboppa\n|j|\u2606Sol Junior\n|t:|1776546975\n|gametype|doubles\n|player|p1|appatheboppa|rocketgrunt|1126\n|player|p2|Sol Junior|n|1067\n|gen|9\n|tier|[Gen 9 Champions] VGC 2026 Reg M-A\n|rated|\n|rule|Species Clause: Limit one of each Pok\u00e9mon\n|rule|Item Clause: Limit 1 of each item\n|clearpoke\n|poke|p1|Blastoise, L50, F|\n|poke|p1|Talonflame, L50, F, shiny|\n|poke|p1|Garchomp, L50, F|\n|poke|p1|Sinistcha, L50, shiny|\n|poke|p1|Sylveon, L50, F, shiny|\n|poke|p1|Kingambit, L50, F, shiny|\n|poke|p2|Starmie, L50|\n|poke|p2|Aerodactyl, L50, M|\n|poke|p2|Garchomp, L50, F|\n|poke|p2|Aegislash, L50, M|\n|poke|p2|Incineroar, L50, M|\n|poke|p2|Meowscarada, L50, M|\n|teampreview|4\n|inactive|Battle timer is ON: inactive players will automatically lose when time's up. (requested by Sol Junior)\n|\n|t:|1776547016\n|teamsize|p1|4\n|teamsize|p2|4\n|start\n|switch|p1a: Blastoise|Blastoise, L50, F|100/100\n|switch|p1b: Talonflame|Talonflame, L50, F, shiny|100/100\n|switch|p2a: Starmie|Starmie, L50|100/100\n|switch|p2b: Aegislash|Aegislash, L50, M|100/100\n|turn|1\n|inactive|Sol Junior has 30 seconds left.\n|\n|t:|1776547042\n|detailschange|p2a: Starmie|Starmie-Mega, L50\n|-mega|p2a: Starmie|Starmie|Starminite\n|detailschange|p1a: Blastoise|Blastoise-Mega, L50, F\n|-mega|p1a: Blastoise|Blastoise|Blastoisinite\n|move|p1a: Blastoise|Fake Out|p2a: Starmie\n|-damage|p2a: Starmie|88/100\n|move|p1b: Talonflame|Flamethrower|p2b: Aegislash\n|-supereffective|p2b: Aegislash|1\n|-damage|p2b: Aegislash|64/100\n|cant|p2a: Starmie|flinch\n|-formechange|p2b: Aegislash|Aegislash-Blade|\n|move|p2b: Aegislash|Poltergeist|p1b: Talonflame\n|-activate|p1b: Talonflame|move: Poltergeist|Focus Sash\n|-damage|p1b: Talonflame|19/100\n|\n|-heal|p2b: Aegislash|70/100|[from] item: Leftovers\n|upkeep\n|turn|2\n|\n|t:|1776547065\n|-formechange|p2b: Aegislash|Aegislash|\n|move|p2b: Aegislash|King's Shield|p2b: Aegislash\n|-singleturn|p2b: Aegislash|Protect\n|move|p1b: Talonflame|Rain Dance|p1b: Talonflame\n|-weather|RainDance\n|move|p2a: Starmie|Thunderbolt|p1b: Talonflame\n|-supereffective|p1b: Talonflame|1\n|-damage|p1b: Talonflame|0 fnt\n|faint|p1b: Talonflame\n|move|p1a: Blastoise|Water Spout|p2b: Aegislash|[spread] p2a\n|-activate|p2b: Aegislash|move: Protect\n|-resisted|p2a: Starmie|1\n|-damage|p2a: Starmie|23/100\n|\n|-weather|RainDance|[upkeep]\n|-heal|p2b: Aegislash|76/100|[from] item: Leftovers\n|upkeep\n|\n|t:|1776547081\n|switch|p1b: Garchomp|Garchomp, L50, F|100/100\n|turn|3\n|\n|t:|1776547091\n|move|p1a: Blastoise|Protect|p1a: Blastoise\n|-singleturn|p1a: Blastoise|Protect\n|move|p2a: Starmie|Self-Destruct|p1b: Garchomp|[spread] p1b\n|-activate|p1a: Blastoise|move: Protect\n|-immune|p2b: Aegislash\n|-damage|p1b: Garchomp|9/100\n|faint|p2a: Starmie\n|move|p1b: Garchomp|Earthquake|p2b: Aegislash|[spread] p2b\n|-activate|p1a: Blastoise|move: Protect\n|-supereffective|p2b: Aegislash|1\n|-damage|p2b: Aegislash|11/100\n|-formechange|p2b: Aegislash|Aegislash-Blade|\n|move|p2b: Aegislash|Poltergeist|p1a: Blastoise\n|-activate|p1a: Blastoise|move: Protect\n|\n|-weather|RainDance|[upkeep]\n|-heal|p1b: Garchomp|15/100|[from] item: Leftovers\n|-heal|p2b: Aegislash|17/100|[from] item: Leftovers\n|upkeep\n|\n|t:|1776547099\n|switch|p2a: Aerodactyl|Aerodactyl, L50, M|100/100\n|-ability|p2a: Aerodactyl|Unnerve\n|turn|4\n|inactive|appatheboppa has 30 seconds left.\n|inactive|appatheboppa has 20 seconds left.\n|\n|t:|1776547135\n|switch|p1b: Sylveon|Sylveon, L50, F, shiny|100/100\n|move|p2a: Aerodactyl|Tailwind|p2a: Aerodactyl\n|-sidestart|p2: Sol Junior|move: Tailwind\n|move|p2b: Aegislash|Poltergeist|p1a: Blastoise\n|-activate|p1a: Blastoise|move: Poltergeist|Blastoisinite\n|-damage|p1a: Blastoise|40/100\n|move|p1a: Blastoise|Water Spout|p2a: Aerodactyl|[spread] p2a,p2b\n|-supereffective|p2a: Aerodactyl|1\n|-enditem|p2a: Aerodactyl|Focus Sash\n|-damage|p2a: Aerodactyl|1/100\n|-damage|p2b: Aegislash|0 fnt\n|faint|p2b: Aegislash\n|\n|-weather|RainDance|[upkeep]\n|upkeep\n|\n|t:|1776547145\n|switch|p2b: Garchomp|Garchomp, L50, F|100/100\n|turn|5\n|\n|t:|1776547160\n|move|p2a: Aerodactyl|Rock Slide|p1b: Sylveon|[spread] p1a,p1b\n|-damage|p1a: Blastoise|15/100\n|-damage|p1b: Sylveon|65/100\n|move|p2b: Garchomp|Earthquake|p1b: Sylveon|[spread] p1a,p1b\n|-immune|p2a: Aerodactyl\n|-damage|p1a: Blastoise|0 fnt\n|-damage|p1b: Sylveon|16/100\n|faint|p1a: Blastoise\n|move|p1b: Sylveon|Moonblast|p2b: Garchomp\n|-supereffective|p2b: Garchomp|1\n|-damage|p2b: Garchomp|9/100\n|\n|-weather|RainDance|[upkeep]\n|upkeep\n|\n|t:|1776547172\n|switch|p1a: Garchomp|Garchomp, L50, F|15/100\n|turn|6\n|-activate|p1b: Sylveon|item: Quick Claw\n|\n|t:|1776547189\n|move|p1b: Sylveon|Protect|p1b: Sylveon\n|-singleturn|p1b: Sylveon|Protect\n|move|p2a: Aerodactyl|Rock Slide|p1b: Sylveon|[spread] p1a\n|-activate|p1b: Sylveon|move: Protect\n|-resisted|p1a: Garchomp|1\n|-damage|p1a: Garchomp|2/100\n|move|p2b: Garchomp|Earthquake|p1b: Sylveon|[spread] p1a\n|-activate|p1b: Sylveon|move: Protect\n|-immune|p2a: Aerodactyl\n|-damage|p1a: Garchomp|0 fnt\n|faint|p1a: Garchomp\n|\n|-weather|none\n|upkeep\n|turn|7\n|\n|t:|1776547208\n|move|p1b: Sylveon|Quick Attack|p2a: Aerodactyl\n|-resisted|p2a: Aerodactyl|1\n|-damage|p2a: Aerodactyl|0 fnt\n|faint|p2a: Aerodactyl\n|move|p2b: Garchomp|Earthquake|p1b: Sylveon\n|-damage|p1b: Sylveon|0 fnt\n|faint|p1b: Sylveon\n|\n|win|Sol Junior\n|raw|appatheboppa's rating: 1126 &rarr; <strong>1097</strong><br />(-29 for losing)\n|raw|Sol Junior's rating: 1067 &rarr; <strong>1102</strong><br />(+35 for winning)\n",
  "uploadtime": 1776547244,
  "views": 15,
  "formatid": "gen9championsvgc2026regma",
  "rating": 1097,
  "private": 0,
  "password": null
}