{
  "id": "gen9championsvgc2026regma-2585389507",
  "format": "[Gen 9 Champions] VGC 2026 Reg M-A",
  "players": [
    "EDJPP",
    "driverbrg"
  ],
  "log": "|j|\u2606EDJPP\n|j|\u2606driverbrg\n|t:|1776343672\n|gametype|doubles\n|player|p1|EDJPP|volkner|1051\n|player|p2|driverbrg|169|1114\n|gen|9\n|tier|[Gen 9 Champions] VGC 2026 Reg M-A\n|rated|\n|rule|Species Clause: Limit one of each Pok\u00e9mon\n|rule|Item Clause: Limit 1 of each item\n|clearpoke\n|poke|p1|Gallade, L50, M|\n|poke|p1|Maushold, L50|\n|poke|p1|Kingambit, L50, M|\n|poke|p1|Gyarados, L50, F|\n|poke|p1|Arcanine-Hisui, L50, F|\n|poke|p1|Sinistcha, L50|\n|poke|p2|Heracross, L50, M|\n|poke|p2|Whimsicott, L50, M|\n|poke|p2|Absol, L50, M|\n|poke|p2|Excadrill, L50, M|\n|poke|p2|Rotom-Wash, L50|\n|poke|p2|Clefable, L50, F|\n|teampreview|4\n|inactive|Battle timer is ON: inactive players will automatically lose when time's up. (requested by EDJPP)\nEDJPP has agreed to open team sheets.\n|inactive|EDJPP has 60 seconds left.\n|\n|t:|1776343709\n|teamsize|p1|4\n|teamsize|p2|4\n|start\n|switch|p1a: Maushold|Maushold, L50|100/100\n|switch|p1b: Gallade|Gallade, L50, M, shiny|100/100\n|switch|p2a: Whimsicott|Whimsicott, L50, M|100/100\n|switch|p2b: Absol|Absol, L50, M|100/100\n|turn|1\n|inactive|driverbrg has 30 seconds left.\n|\n|t:|1776343735\n|move|p1a: Maushold|Beat Up|p1b: Gallade\n|-damage|p1b: Gallade|98/100\n|-ability|p1b: Gallade|Justified|boost\n|-boost|p1b: Gallade|atk|1\n|-damage|p1b: Gallade|94/100\n|-ability|p1b: Gallade|Justified|boost\n|-boost|p1b: Gallade|atk|1\n|-damage|p1b: Gallade|91/100\n|-ability|p1b: Gallade|Justified|boost\n|-boost|p1b: Gallade|atk|1\n|-damage|p1b: Gallade|87/100\n|-ability|p1b: Gallade|Justified|boost\n|-boost|p1b: Gallade|atk|1\n|-hitcount|p1b: Gallade|4\n|move|p2a: Whimsicott|Beat Up|p2b: Absol\n|-resisted|p2b: Absol|1\n|-damage|p2b: Absol|99/100\n|-ability|p2b: Absol|Justified|boost\n|-boost|p2b: Absol|atk|1\n|-resisted|p2b: Absol|1\n|-damage|p2b: Absol|97/100\n|-ability|p2b: Absol|Justified|boost\n|-boost|p2b: Absol|atk|1\n|-resisted|p2b: Absol|1\n|-damage|p2b: Absol|95/100\n|-ability|p2b: Absol|Justified|boost\n|-boost|p2b: Absol|atk|1\n|-resisted|p2b: Absol|1\n|-damage|p2b: Absol|93/100\n|-ability|p2b: Absol|Justified|boost\n|-boost|p2b: Absol|atk|1\n|-hitcount|p2b: Absol|4\n|move|p2b: Absol|Knock Off|p1b: Gallade\n|-damage|p1b: Gallade|0 fnt\n|faint|p1b: Gallade\n|\n|upkeep\n|inactive|EDJPP has 30 seconds left.\n|\n|t:|1776343770\n|switch|p1b: Arcanine|Arcanine-Hisui, L50, F|100/100\n|-ability|p1b: Arcanine|Intimidate|boost\n|-unboost|p2a: Whimsicott|atk|1\n|-unboost|p2b: Absol|atk|1\n|turn|2\n|\n|t:|1776343782\n|move|p1a: Maushold|Follow Me|p1a: Maushold\n|-singleturn|p1a: Maushold|move: Follow Me\n|move|p2a: Whimsicott|Tailwind|p2a: Whimsicott\n|-sidestart|p2: driverbrg|move: Tailwind\n|move|p1b: Arcanine|Heat Crash|p2a: Whimsicott\n|-supereffective|p2a: Whimsicott|1\n|-enditem|p2a: Whimsicott|Focus Sash\n|-damage|p2a: Whimsicott|1/100\n|move|p2b: Absol|Substitute|p2b: Absol\n|-start|p2b: Absol|Substitute\n|-damage|p2b: Absol|68/100\n|\n|upkeep\n|turn|3\n|inactive|driverbrg has 30 seconds left.\n|inactive|EDJPP has 30 seconds left.\n|\n|t:|1776343815\n|switch|p1a: Gyarados|Gyarados, L50, F|100/100\n|-ability|p1a: Gyarados|Intimidate|boost\n|-unboost|p2a: Whimsicott|atk|1\n|-immune|p2b: Absol\n|move|p2a: Whimsicott|Beat Up|p1a: Gyarados\n|-damage|p1a: Gyarados|99/100\n|-damage|p1a: Gyarados|97/100\n|-damage|p1a: Gyarados|95/100\n|-damage|p1a: Gyarados|94/100\n|-hitcount|p1a: Gyarados|4\n|move|p1b: Arcanine|Heat Crash|p2b: Absol\n|-crit|p2b: Absol\n|-end|p2b: Absol|Substitute\n|move|p2b: Absol|Baton Pass|p2b: Absol\n|\n|t:|1776343829\n|switch|p2b: Excadrill|Excadrill, L50, M|100/100|[from] Baton Pass\n|\n|upkeep\n|turn|4\n|\n|t:|1776343840\n|switch|p1b: Maushold|Maushold, L50|100/100\n|detailschange|p2b: Excadrill|Excadrill-Mega, L50, M\n|-mega|p2b: Excadrill|Excadrill|Excadrite\n|move|p1a: Gyarados|Protect|p1a: Gyarados\n|-singleturn|p1a: Gyarados|Protect\n|move|p2a: Whimsicott|Moonblast|p1b: Maushold\n|-damage|p1b: Maushold|65/100\n|move|p2b: Excadrill|Rock Slide|p1a: Gyarados|[spread] p1b\n|-activate|p1a: Gyarados|move: Protect\n|-damage|p1b: Maushold|0 fnt\n|faint|p1b: Maushold\n|\n|upkeep\n|inactive|EDJPP has 30 seconds left.\n|\n|t:|1776343873\n|switch|p1b: Arcanine|Arcanine-Hisui, L50, F|100/100\n|-ability|p1b: Arcanine|Intimidate|boost\n|-unboost|p2a: Whimsicott|atk|1\n|-unboost|p2b: Excadrill|atk|1\n|turn|5\n|\n|t:|1776343887\n|move|p2a: Whimsicott|Encore|p1a: Gyarados\n|-start|p1a: Gyarados|Encore\n|move|p1a: Gyarados|Protect||[still]\n|-fail|p1a: Gyarados\n|move|p2b: Excadrill|Rock Slide|p1b: Arcanine|[spread] p1a\n|-miss|p2b: Excadrill|p1b: Arcanine\n|-supereffective|p1a: Gyarados|1\n|-damage|p1a: Gyarados|0 fnt\n|faint|p1a: Gyarados\n|move|p1b: Arcanine|Heat Crash|p2b: Excadrill\n|-supereffective|p2b: Excadrill|1\n|-damage|p2b: Excadrill|48/100\n|\n|-sideend|p2: driverbrg|move: Tailwind\n|upkeep\n|turn|6\n|\n|t:|1776343903\n|move|p2a: Whimsicott|Tailwind|p2a: Whimsicott\n|-sidestart|p2: driverbrg|move: Tailwind\n|move|p2b: Excadrill|Earthquake|p1b: Arcanine|[spread] p2a,p1b\n|-resisted|p2a: Whimsicott|1\n|-supereffective|p1b: Arcanine|2\n|-damage|p2a: Whimsicott|0 fnt\n|-damage|p1b: Arcanine|0 fnt\n|faint|p2a: Whimsicott\n|faint|p1b: Arcanine\n|\n|win|driverbrg\n|raw|EDJPP's rating: 1051 &rarr; <strong>1037</strong><br />(-14 for losing)\n|raw|driverbrg's rating: 1114 &rarr; <strong>1135</strong><br />(+21 for winning)\n",
  "uploadtime": 1776343911,
  "views": 23,
  "formatid": "gen9championsvgc2026regma",
  "rating": 1037,
  "private": 0,
  "password": null
}