{
  "id": "gen9championsvgc2026regma-2582263217",
  "format": "[Gen 9 Champions] VGC 2026 Reg M-A",
  "players": [
    "Lemons Suck",
    "RBG_LOL"
  ],
  "log": "|j|\u2606Lemons Suck\n|j|\u2606RBG_LOL\n|t:|1776077523\n|gametype|doubles\n|player|p1|Lemons Suck|101|1099\n|player|p2|RBG_LOL|ghetsis-gen5bw|1117\n|gen|9\n|tier|[Gen 9 Champions] VGC 2026 Reg M-A\n|rated|\n|rule|Species Clause: Limit one of each Pok\u00e9mon\n|rule|Item Clause: Limit 1 of each item\n|clearpoke\n|poke|p1|Starmie, L50|\n|poke|p1|Incineroar, L50, M|\n|poke|p1|Kingambit, L50, M|\n|poke|p1|Sylveon, L50, F|\n|poke|p1|Sneasler, L50, F|\n|poke|p1|Sinistcha, L50|\n|poke|p2|Garchomp, L50, M|\n|poke|p2|Froslass, L50, F|\n|poke|p2|Sneasler, L50, M|\n|poke|p2|Kingambit, L50, M|\n|poke|p2|Talonflame, L50, M|\n|poke|p2|Milotic, L50, F|\n|teampreview|4\n|\n|t:|1776077595\n|teamsize|p1|4\n|teamsize|p2|4\n|start\n|switch|p1a: Sneasler|Sneasler, L50, F|100/100\n|switch|p1b: Sylveon|Sylveon, L50, F|100/100\n|switch|p2a: Talonflame|Talonflame, L50, M, shiny|100/100\n|switch|p2b: Milotic|Milotic, L50, F|100/100\n|turn|1\n|inactive|Battle timer is ON: inactive players will automatically lose when time's up. (requested by Lemons Suck)\n|\n|t:|1776077608\n|move|p2a: Talonflame|Protect|p2a: Talonflame\n|-singleturn|p2a: Talonflame|Protect\n|move|p1a: Sneasler|Fake Out|p2a: Talonflame\n|-activate|p2a: Talonflame|move: Protect\n|move|p2b: Milotic|Icy Wind|p1b: Sylveon|[spread] p1a,p1b\n|-damage|p1a: Sneasler|84/100\n|-damage|p1b: Sylveon|90/100\n|-unboost|p1a: Sneasler|spe|1\n|-unboost|p1b: Sylveon|spe|1\n|move|p1b: Sylveon|Calm Mind|p1b: Sylveon\n|-boost|p1b: Sylveon|spa|1\n|-boost|p1b: Sylveon|spd|1\n|\n|upkeep\n|turn|2\n|\n|t:|1776077633\n|move|p2a: Talonflame|Tailwind|p2a: Talonflame\n|-sidestart|p2: RBG_LOL|move: Tailwind\n|move|p2b: Milotic|Scald|p1a: Sneasler\n|-damage|p1a: Sneasler|29/100\n|-status|p1a: Sneasler|brn\n|move|p1a: Sneasler|Rock Slide|p2a: Talonflame|[spread] p2a,p2b\n|-supereffective|p2a: Talonflame|2\n|-damage|p2a: Talonflame|38/100\n|-damage|p2b: Milotic|90/100\n|move|p1b: Sylveon|Hyper Voice|p2b: Milotic|[spread] p2a,p2b\n|-resisted|p2a: Talonflame|1\n|-damage|p2a: Talonflame|0 fnt\n|-damage|p2b: Milotic|37/100\n|faint|p2a: Talonflame\n|\n|-heal|p2b: Milotic|43/100|[from] item: Leftovers\n|-damage|p1a: Sneasler|24/100 brn|[from] brn\n|upkeep\n|\n|t:|1776077654\n|switch|p2a: Kingambit|Kingambit, L50, M|100/100\n|turn|3\n|\n|t:|1776077670\n|move|p2b: Milotic|Muddy Water|p1a: Sneasler|[spread] p1a,p1b\n|-damage|p1a: Sneasler|0 fnt\n|-damage|p1b: Sylveon|75/100\n|-unboost|p1b: Sylveon|accuracy|1\n|faint|p1a: Sneasler\n|move|p2a: Kingambit|Iron Head|p1b: Sylveon\n|-supereffective|p1b: Sylveon|1\n|-damage|p1b: Sylveon|0 fnt\n|faint|p1b: Sylveon\n|\n|-heal|p2b: Milotic|49/100|[from] item: Leftovers\n|upkeep\n|\n|t:|1776077677\n|switch|p1a: Starmie|Starmie, L50|100/100\n|switch|p1b: Sinistcha|Sinistcha, L50|100/100\n|turn|4\n|\n|t:|1776077689\n|detailschange|p1a: Starmie|Starmie-Mega, L50\n|-mega|p1a: Starmie|Starmie|Starminite\n|move|p2b: Milotic|Icy Wind|p1a: Starmie|[spread] p1a,p1b\n|-resisted|p1a: Starmie|1\n|-crit|p1a: Starmie\n|-supereffective|p1b: Sinistcha|1\n|-damage|p1a: Starmie|87/100\n|-damage|p1b: Sinistcha|76/100\n|-unboost|p1a: Starmie|spe|1\n|-unboost|p1b: Sinistcha|spe|1\n|move|p2a: Kingambit|Kowtow Cleave|p1a: Starmie\n|-supereffective|p1a: Starmie|1\n|-damage|p1a: Starmie|0 fnt\n|faint|p1a: Starmie\n|move|p1b: Sinistcha|Matcha Gotcha|p2b: Milotic|[spread] p2a,p2b\n|-resisted|p2a: Kingambit|1\n|-supereffective|p2b: Milotic|1\n|-crit|p2b: Milotic\n|-damage|p2a: Kingambit|87/100\n|-heal|p1b: Sinistcha|84/100|[from] drain|[of] p2a: Kingambit\n|-damage|p2b: Milotic|0 fnt\n|-heal|p1b: Sinistcha|100/100|[from] drain|[of] p2b: Milotic\n|faint|p2b: Milotic\n|\n|upkeep\n|\n|t:|1776077700\n|switch|p2b: Garchomp|Garchomp, L50, M|100/100\n|turn|5\n|\n|t:|1776077705\n|move|p2b: Garchomp|Dragon Rush|p1b: Sinistcha\n|-damage|p1b: Sinistcha|56/100\n|move|p2a: Kingambit|Kowtow Cleave|p1b: Sinistcha\n|-supereffective|p1b: Sinistcha|1\n|-damage|p1b: Sinistcha|0 fnt\n|faint|p1b: Sinistcha\n|\n|win|RBG_LOL\n|raw|Lemons Suck's rating: 1099 &rarr; <strong>1075</strong><br />(-24 for losing)\n|raw|RBG_LOL's rating: 1117 &rarr; <strong>1141</strong><br />(+24 for winning)\n|l|\u2606Lemons Suck\n|player|p1|\n",
  "uploadtime": 1776077711,
  "views": 16,
  "formatid": "gen9championsvgc2026regma",
  "rating": 1075,
  "private": 0,
  "password": null
}