{
  "id": "gen9championsvgc2026regma-2580524604",
  "format": "[Gen 9 Champions] VGC 2026 Reg M-A",
  "players": [
    "vinicio499",
    "Cereales_Hacendado"
  ],
  "log": "|j|\u2606vinicio499\n|j|\u2606Cereales_Hacendado\n|t:|1775908674\n|gametype|doubles\n|player|p1|vinicio499|miku-ghost|1201\n|player|p2|Cereales_Hacendado|ghetsis|1222\n|gen|9\n|tier|[Gen 9 Champions] VGC 2026 Reg M-A\n|rated|\n|rule|Species Clause: Limit one of each Pok\u00e9mon\n|rule|Item Clause: Limit 1 of each item\n|clearpoke\n|poke|p1|Mimikyu, L50, F|\n|poke|p1|Crabominable, L50, F|\n|poke|p1|Farigiraf, L50, M|\n|poke|p1|Incineroar, L50, M|\n|poke|p1|Politoed, L50, M|\n|poke|p1|Primarina, L50, F|\n|poke|p2|Aegislash, L50, M|\n|poke|p2|Corviknight, L50, F|\n|poke|p2|Starmie, L50|\n|poke|p2|Gardevoir, L50, F|\n|poke|p2|Milotic, L50, M|\n|poke|p2|Gengar, L50, M|\n|teampreview|4\n|inactive|Battle timer is ON: inactive players will automatically lose when time's up. (requested by vinicio499)\n|inactive|Cereales_Hacendado has 60 seconds left.\n|\n|t:|1775908713\n|teamsize|p1|4\n|teamsize|p2|4\n|start\n|switch|p1a: Crabominable|Crabominable, L50, F|100/100\n|switch|p1b: Mimikyu|Mimikyu, L50, F|100/100\n|switch|p2a: Quartagen|Milotic, L50, M, shiny|100/100\n|switch|p2b: Metal Krowy|Corviknight, L50, F, shiny|100/100\n|turn|1\n|\n|t:|1775908725\n|move|p1a: Crabominable|Protect|p1a: Crabominable\n|-singleturn|p1a: Crabominable|Protect\n|move|p2a: Quartagen|Scald|p1b: Mimikyu\n|-activate|p1b: Mimikyu|ability: Disguise\n|-damage|p1b: Mimikyu|100/100\n|detailschange|p1b: Mimikyu|Mimikyu-Busted, L50, F\n|-damage|p1b: Mimikyu|88/100|[from] pokemon: Mimikyu-Busted\n|move|p2b: Metal Krowy|Bulk Up|p2b: Metal Krowy\n|-boost|p2b: Metal Krowy|atk|1\n|-boost|p2b: Metal Krowy|def|1\n|move|p1b: Mimikyu|Trick Room|p1b: Mimikyu\n|-fieldstart|move: Trick Room|[of] p1b: Mimikyu\n|\n|upkeep\n|turn|2\n|\n|t:|1775908751\n|detailschange|p1a: Crabominable|Crabominable-Mega, L50, F\n|-mega|p1a: Crabominable|Crabominable|Crabominite\n|move|p1a: Crabominable|Ice Hammer|p2b: Metal Krowy\n|-damage|p2b: Metal Krowy|55/100\n|-unboost|p1a: Crabominable|spe|1\n|move|p2b: Metal Krowy|Bulk Up|p2b: Metal Krowy\n|-boost|p2b: Metal Krowy|atk|1\n|-boost|p2b: Metal Krowy|def|1\n|move|p2a: Quartagen|Scald|p1a: Crabominable\n|-damage|p1a: Crabominable|78/100\n|move|p1b: Mimikyu|Will-O-Wisp|p2b: Metal Krowy\n|-status|p2b: Metal Krowy|brn\n|\n|-damage|p2b: Metal Krowy|49/100 brn|[from] brn\n|upkeep\n|-enditem|p2b: Metal Krowy|Sitrus Berry|[eat]\n|-heal|p2b: Metal Krowy|74/100 brn|[from] item: Sitrus Berry\n|turn|3\n|\n|t:|1775908774\n|switch|p1b: Primarina|Primarina, L50, F|100/100\n|move|p1a: Crabominable|Drain Punch|p2a: Quartagen\n|-damage|p2a: Quartagen|60/100\n|-heal|p1a: Crabominable|99/100|[from] drain|[of] p2a: Quartagen\n|move|p2b: Metal Krowy|Roost|p2b: Metal Krowy\n|-heal|p2b: Metal Krowy|100/100 brn\n|-singleturn|p2b: Metal Krowy|move: Roost\n|move|p2a: Quartagen|Scald|p1a: Crabominable\n|-damage|p1a: Crabominable|77/100\n|\n|-damage|p2b: Metal Krowy|95/100 brn|[from] brn\n|upkeep\n|turn|4\n|j| velho din\n|\n|t:|1775908791\n|move|p2a: Quartagen|Protect|p2a: Quartagen\n|-singleturn|p2a: Quartagen|Protect\n|move|p1a: Crabominable|Drain Punch|p2a: Quartagen\n|-activate|p2a: Quartagen|move: Protect\n|move|p1b: Primarina|Hyper Voice|p2a: Quartagen|[spread] p2b\n|-activate|p2a: Quartagen|move: Protect\n|-damage|p2b: Metal Krowy|64/100 brn\n|move|p2b: Metal Krowy|Brave Bird|p1a: Crabominable\n|-supereffective|p1a: Crabominable|1\n|-damage|p1a: Crabominable|25/100\n|-damage|p2b: Metal Krowy|46/100 brn|[from] Recoil\n|\n|-damage|p2b: Metal Krowy|40/100 brn|[from] brn\n|upkeep\n|turn|5\n|\n|t:|1775908813\n|move|p1a: Crabominable|Drain Punch|p2b: Metal Krowy\n|-damage|p2b: Metal Krowy|14/100 brn\n|-heal|p1a: Crabominable|38/100|[from] drain|[of] p2b: Metal Krowy\n|move|p1b: Primarina|Hyper Voice|p2a: Quartagen|[spread] p2a,p2b\n|-resisted|p2a: Quartagen|1\n|-damage|p2a: Quartagen|44/100\n|-damage|p2b: Metal Krowy|0 fnt\n|faint|p2b: Metal Krowy\n|move|p2a: Quartagen|Scald|p1a: Crabominable\n|-damage|p1a: Crabominable|15/100\n|-status|p1a: Crabominable|brn\n|\n|-damage|p1a: Crabominable|9/100 brn|[from] brn\n|-fieldend|move: Trick Room\n|upkeep\n|\n|t:|1775908827\n|switch|p2b: Skip leg day|Starmie, L50, shiny|100/100\n|turn|6\n|\n|t:|1775908842\n|detailschange|p2b: Skip leg day|Starmie-Mega, L50, shiny\n|-mega|p2b: Skip leg day|Starmie|Starminite\n|move|p2b: Skip leg day|Psycho Cut|p1b: Primarina\n|-damage|p1b: Primarina|33/100\n|move|p2a: Quartagen|Scald|p1a: Crabominable\n|-damage|p1a: Crabominable|0 fnt\n|faint|p1a: Crabominable\n|move|p1b: Primarina|Hyper Voice|p2a: Quartagen|[spread] p2a,p2b\n|-resisted|p2a: Quartagen|1\n|-resisted|p2b: Skip leg day|1\n|-damage|p2a: Quartagen|27/100\n|-damage|p2b: Skip leg day|72/100\n|\n|upkeep\n|\n|t:|1775908851\n|switch|p1a: Farigiraf|Farigiraf, L50, M|100/100\n|turn|7\n|\n|t:|1775908862\n|move|p2b: Skip leg day|Liquidation|p1a: Farigiraf\n|-damage|p1a: Farigiraf|30/100\n|-enditem|p1a: Farigiraf|Sitrus Berry|[eat]\n|-heal|p1a: Farigiraf|54/100|[from] item: Sitrus Berry\n|move|p2a: Quartagen|Recover|p2a: Quartagen\n|-heal|p2a: Quartagen|77/100\n|move|p1b: Primarina|Moonblast|p2a: Quartagen\n|-damage|p2a: Quartagen|41/100\n|move|p1a: Farigiraf|Trick Room|p1a: Farigiraf\n|-fieldstart|move: Trick Room|[of] p1a: Farigiraf\n|\n|upkeep\n|turn|8\n|inactive|Cereales_Hacendado has 30 seconds left.\n|\n|t:|1775908891\n|move|p1a: Farigiraf|Hyper Voice|p2a: Quartagen|[spread] p2a,p2b\n|-damage|p2a: Quartagen|19/100\n|-damage|p2b: Skip leg day|33/100\n|move|p1b: Primarina|Calm Mind|p1b: Primarina\n|-boost|p1b: Primarina|spa|1\n|-boost|p1b: Primarina|spd|1\n|move|p2a: Quartagen|Scald|p1b: Primarina\n|-resisted|p1b: Primarina|1\n|-damage|p1b: Primarina|25/100\n|-status|p1b: Primarina|brn\n|move|p2b: Skip leg day|Liquidation|p1b: Primarina\n|-resisted|p1b: Primarina|1\n|-damage|p1b: Primarina|0 fnt\n|faint|p1b: Primarina\n|\n|upkeep\n|\n|t:|1775908894\n|switch|p1b: Mimikyu|Mimikyu-Busted, L50, F|88/100\n|turn|9\n|\n|t:|1775908918\n|move|p2a: Quartagen|Protect|p2a: Quartagen\n|-singleturn|p2a: Quartagen|Protect\n|move|p1b: Mimikyu|Shadow Sneak|p2b: Skip leg day\n|-supereffective|p2b: Skip leg day|1\n|-damage|p2b: Skip leg day|0 fnt\n|faint|p2b: Skip leg day\n|move|p1a: Farigiraf|Hyper Voice|p2a: Quartagen\n|-activate|p2a: Quartagen|move: Protect\n|\n|upkeep\n|\n|t:|1775908925\n|switch|p2b: I ho acceptar\u00e0s|Aegislash, L50, M|100/100\n|turn|10\n|\n|t:|1775908943\n|move|p2b: I ho acceptar\u00e0s|Wide Guard|p2b: I ho acceptar\u00e0s\n|-singleturn|p2b: I ho acceptar\u00e0s|Wide Guard\n|move|p1a: Farigiraf|Hyper Voice|p2a: Quartagen|[spread] \n|-activate|p2a: Quartagen|move: Wide Guard\n|-activate|p2b: I ho acceptar\u00e0s|move: Wide Guard\n|move|p2a: Quartagen|Recover|p2a: Quartagen\n|-heal|p2a: Quartagen|70/100\n|move|p1b: Mimikyu|Destiny Bond|p1b: Mimikyu\n|-singlemove|p1b: Mimikyu|Destiny Bond\n|\n|upkeep\n|turn|11\n|\n|t:|1775908960\n|move|p2b: I ho acceptar\u00e0s|King's Shield||[still]\n|-fail|p2b: I ho acceptar\u00e0s\n|move|p1b: Mimikyu|Shadow Sneak|p2a: Quartagen\n|-damage|p2a: Quartagen|56/100\n|move|p1a: Farigiraf|Psychic|p2a: Quartagen\n|-damage|p2a: Quartagen|29/100\n|move|p2a: Quartagen|Scald|p1b: Mimikyu\n|-damage|p1b: Mimikyu|59/100\n|-status|p1b: Mimikyu|brn\n|\n|-damage|p1b: Mimikyu|52/100 brn|[from] brn\n|-fieldend|move: Trick Room\n|upkeep\n|turn|12\n|\n|t:|1775908976\n|move|p1a: Farigiraf|Protect|p1a: Farigiraf\n|-singleturn|p1a: Farigiraf|Protect\n|move|p2a: Quartagen|Recover|p2a: Quartagen\n|-heal|p2a: Quartagen|79/100\n|-formechange|p2b: I ho acceptar\u00e0s|Aegislash-Blade|\n|move|p2b: I ho acceptar\u00e0s|Iron Head|p1b: Mimikyu\n|-supereffective|p1b: Mimikyu|1\n|-damage|p1b: Mimikyu|0 fnt\n|faint|p1b: Mimikyu\n|\n|upkeep\n|turn|13\n|\n|t:|1775908989\n|move|p2a: Quartagen|Scald|p1a: Farigiraf\n|-damage|p1a: Farigiraf|28/100\n|-status|p1a: Farigiraf|brn\n|move|p2b: I ho acceptar\u00e0s|Iron Head|p1a: Farigiraf\n|-damage|p1a: Farigiraf|0 fnt\n|faint|p1a: Farigiraf\n|\n|win|Cereales_Hacendado\n|raw|vinicio499's rating: 1201 &rarr; <strong>1178</strong><br />(-23 for losing)\n|raw|Cereales_Hacendado's rating: 1222 &rarr; <strong>1245</strong><br />(+23 for winning)\n|c|\u2606vinicio499|Gg\n|c|\u2606Cereales_Hacendado|gg\n",
  "uploadtime": 1775908997,
  "views": 14,
  "formatid": "gen9championsvgc2026regma",
  "rating": 1178,
  "private": 0,
  "password": null
}