{
  "id": "gen9championsvgc2026regma-2588318777",
  "format": "[Gen 9 Champions] VGC 2026 Reg M-A",
  "players": [
    "hectorretaaa81",
    "Vutanero"
  ],
  "log": "|j|\u2606hectorretaaa81\n|j|\u2606Vutanero\n|t:|1776623710\n|gametype|doubles\n|player|p1|hectorretaaa81|266|1451\n|player|p2|Vutanero|elesa|1486\n|gen|9\n|tier|[Gen 9 Champions] VGC 2026 Reg M-A\n|rated|\n|rule|Species Clause: Limit one of each Pok\u00e9mon\n|rule|Item Clause: Limit 1 of each item\n|clearpoke\n|poke|p1|Gardevoir, L50, M, shiny|\n|poke|p1|Basculegion, L50, M|\n|poke|p1|Garchomp, L50, F|\n|poke|p1|Talonflame, L50, M|\n|poke|p1|Maushold-Four, L50|\n|poke|p1|Kingambit, L50, M|\n|poke|p2|Tyranitar, L50, M|\n|poke|p2|Scizor, L50, M|\n|poke|p2|Arcanine, L50, M, shiny|\n|poke|p2|Sinistcha, L50|\n|poke|p2|Sneasler, L50, F|\n|poke|p2|Rotom-Wash, L50, shiny|\n|teampreview|4\n|inactive|Battle timer is ON: inactive players will automatically lose when time's up. (requested by Vutanero)\n|inactive|hectorretaaa81 has 60 seconds left.\n|inactive|Vutanero has 60 seconds left.\n|inactive|hectorretaaa81 has 30 seconds left.\n|inactive|Vutanero has 30 seconds left.\n|\n|t:|1776623784\n|teamsize|p1|4\n|teamsize|p2|4\n|start\n|switch|p1a: Garchomp|Garchomp, L50, F|100/100\n|switch|p1b: Basculegion|Basculegion, L50, M|100/100\n|switch|p2a: Arcanine|Arcanine, L50, M, shiny|100/100\n|switch|p2b: Rotom|Rotom-Wash, L50, shiny|100/100\n|-ability|p2a: Arcanine|Intimidate|boost\n|-unboost|p1a: Garchomp|atk|1\n|-unboost|p1b: Basculegion|atk|1\n|-enditem|p1a: Garchomp|White Herb\n|-clearnegativeboost|p1a: Garchomp|[silent]\n|turn|1\n|inactive|Vutanero has 30 seconds left.\n|\n|t:|1776623815\n|switch|p1b: Gardevoir|Gardevoir, L50, M, shiny|100/100\n|move|p2b: Rotom|Thunderbolt|p1b: Gardevoir\n|-damage|p1b: Gardevoir|67/100\n|move|p2a: Arcanine|Will-O-Wisp|p1a: Garchomp\n|-status|p1a: Garchomp|brn\n|move|p1a: Garchomp|Dragon Claw|p2b: Rotom\n|-damage|p2b: Rotom|76/100\n|\n|-damage|p1a: Garchomp|95/100 brn|[from] brn\n|upkeep\n|turn|2\n|\n|t:|1776623833\n|move|p1b: Gardevoir|Protect|p1b: Gardevoir\n|-singleturn|p1b: Gardevoir|Protect\n|move|p2b: Rotom|Thunderbolt|p1b: Gardevoir\n|-activate|p1b: Gardevoir|move: Protect\n|move|p2a: Arcanine|Snarl|p1a: Garchomp|[spread] p1a\n|-activate|p1b: Gardevoir|move: Protect\n|-damage|p1a: Garchomp|84/100 brn\n|-unboost|p1a: Garchomp|spa|1\n|move|p1a: Garchomp|Earthquake|p2a: Arcanine|[spread] p2a\n|-activate|p1b: Gardevoir|move: Protect\n|-immune|p2b: Rotom|[from] ability: Levitate\n|-supereffective|p2a: Arcanine|1\n|-damage|p2a: Arcanine|53/100\n|\n|-heal|p2a: Arcanine|59/100|[from] item: Leftovers\n|-damage|p1a: Garchomp|78/100 brn|[from] brn\n|upkeep\n|turn|3\n|j| TomTom_JerryJerry\n|\n|t:|1776623851\n|move|p2b: Rotom|Thunderbolt|p1b: Gardevoir\n|-damage|p1b: Gardevoir|33/100\n|move|p2a: Arcanine|Snarl|p1b: Gardevoir|[spread] p1a,p1b\n|-damage|p1a: Garchomp|68/100 brn\n|-damage|p1b: Gardevoir|24/100\n|-unboost|p1a: Garchomp|spa|1\n|-unboost|p1b: Gardevoir|spa|1\n|move|p1a: Garchomp|Earthquake|p2a: Arcanine|[spread] p2a\n|-activate|p1b: Gardevoir|ability: Telepathy\n|-immune|p2b: Rotom|[from] ability: Levitate\n|-supereffective|p2a: Arcanine|1\n|-damage|p2a: Arcanine|11/100\n|move|p1b: Gardevoir|Trick Room|p1b: Gardevoir\n|-fieldstart|move: Trick Room|[of] p1b: Gardevoir\n|\n|-heal|p2a: Arcanine|17/100|[from] item: Leftovers\n|-damage|p1a: Garchomp|62/100 brn|[from] brn\n|upkeep\n|turn|4\n|\n|t:|1776623874\n|detailschange|p1b: Gardevoir|Gardevoir-Mega, L50, M, shiny\n|-mega|p1b: Gardevoir|Gardevoir|Gardevoirite\n|move|p2a: Arcanine|Protect|p2a: Arcanine\n|-singleturn|p2a: Arcanine|Protect\n|move|p1b: Gardevoir|Hyper Voice|p2a: Arcanine|[spread] p2b\n|-activate|p2a: Arcanine|move: Protect\n|-damage|p2b: Rotom|40/100\n|move|p1a: Garchomp|Rock Slide|p2a: Arcanine|[spread] p2b\n|-activate|p2a: Arcanine|move: Protect\n|-damage|p2b: Rotom|30/100\n|cant|p2b: Rotom|flinch\n|\n|-heal|p2a: Arcanine|23/100|[from] item: Leftovers\n|-damage|p1a: Garchomp|56/100 brn|[from] brn\n|upkeep\n|turn|5\n|inactive|Vutanero has 30 seconds left.\n|\n|t:|1776623907\n|move|p2a: Arcanine|Protect||[still]\n|-fail|p2a: Arcanine\n|move|p1b: Gardevoir|Hyper Voice|p2a: Arcanine|[spread] p2a,p2b\n|-resisted|p2a: Arcanine|1\n|-damage|p2a: Arcanine|6/100\n|-damage|p2b: Rotom|0 fnt\n|faint|p2b: Rotom\n|move|p1a: Garchomp|Rock Slide|p2a: Arcanine\n|-supereffective|p2a: Arcanine|1\n|-damage|p2a: Arcanine|0 fnt\n|faint|p2a: Arcanine\n|\n|-damage|p1a: Garchomp|50/100 brn|[from] brn\n|upkeep\n|\n|t:|1776623916\n|switch|p2b: Sneasler|Sneasler, L50, F|100/100\n|switch|p2a: Scizor|Scizor, L50, M|100/100\n|turn|6\n|\n|t:|1776623928\n|switch|p1b: Basculegion|Basculegion, L50, M|100/100\n|detailschange|p2a: Scizor|Scizor-Mega, L50, M\n|-mega|p2a: Scizor|Scizor|Scizorite\n|move|p2b: Sneasler|Fake Out|p1a: Garchomp\n|-damage|p1a: Garchomp|37/100 brn\n|-damage|p2b: Sneasler|88/100|[from] ability: Rough Skin|[of] p1a: Garchomp\n|move|p2a: Scizor|Bullet Punch|p1b: Basculegion\n|-resisted|p1b: Basculegion|1\n|-damage|p1b: Basculegion|78/100\n|cant|p1a: Garchomp|flinch\n|\n|-damage|p1a: Garchomp|32/100 brn|[from] brn\n|upkeep\n|turn|7\n|c|\u2606Vutanero|ese q es el equipo de sekiam y pokealex?\n|inactive|hectorretaaa81 has 30 seconds left.\n|inactive|hectorretaaa81 has 20 seconds left.\n|c|\u2606hectorretaaa81|jajaja algo estoy probando\n|inactive|hectorretaaa81 has 15 seconds left.\n|c|\u2606hectorretaaa81|soy muy malo con el\n|inactive|hectorretaaa81 has 10 seconds left.\n|\n|t:|1776623977\n|move|p2a: Scizor|Protect|p2a: Scizor\n|-singleturn|p2a: Scizor|Protect\n|move|p2b: Sneasler|Protect|p2b: Sneasler\n|-singleturn|p2b: Sneasler|Protect\n|move|p1b: Basculegion|Wave Crash|p2a: Scizor\n|-activate|p2a: Scizor|move: Protect\n|move|p1a: Garchomp|Dragon Claw|p2b: Sneasler\n|-activate|p2b: Sneasler|move: Protect\n|\n|-damage|p1a: Garchomp|26/100 brn|[from] brn\n|-fieldend|move: Trick Room\n|upkeep\n|turn|8\n|\n|t:|1776624000\n|move|p1b: Basculegion|Protect|p1b: Basculegion\n|-singleturn|p1b: Basculegion|Protect\n|move|p2b: Sneasler|Dire Claw|p1b: Basculegion\n|-activate|p1b: Basculegion|move: Protect\n|move|p1a: Garchomp|Earthquake|p2b: Sneasler|[spread] p2a,p2b\n|-activate|p1b: Basculegion|move: Protect\n|-supereffective|p2b: Sneasler|1\n|-damage|p2a: Scizor|84/100\n|-damage|p2b: Sneasler|12/100\n|move|p2a: Scizor|Bug Bite|p1a: Garchomp\n|-damage|p1a: Garchomp|0 fnt\n|-damage|p2a: Scizor|72/100|[from] ability: Rough Skin|[of] p1a: Garchomp\n|faint|p1a: Garchomp\n|\n|upkeep\n|\n|t:|1776624012\n|switch|p1a: Kingambit|Kingambit, L50, M|100/100\n|turn|9\n|c|\u2606Vutanero|nah no eres tan malo\n|\n|t:|1776624024\n|move|p2b: Sneasler|Protect|p2b: Sneasler\n|-singleturn|p2b: Sneasler|Protect\n|move|p1b: Basculegion|Aqua Jet|p2b: Sneasler\n|-activate|p2b: Sneasler|move: Protect\n|move|p2a: Scizor|Bug Bite|p1a: Kingambit\n|-damage|p1a: Kingambit|58/100\n|-enditem|p1a: Kingambit|Chople Berry|[from] stealeat|[move] Bug Bite|[of] p2a: Scizor\n|move|p1a: Kingambit|Kowtow Cleave|p2a: Scizor\n|-damage|p2a: Scizor|28/100\n|\n|upkeep\n|turn|10\n|\n|t:|1776624039\n|move|p1b: Basculegion|Aqua Jet|p2b: Sneasler\n|-damage|p2b: Sneasler|0 fnt\n|faint|p2b: Sneasler\n|move|p2a: Scizor|Bullet Punch|p1a: Kingambit\n|-resisted|p1a: Kingambit|1\n|-damage|p1a: Kingambit|43/100\n|move|p1a: Kingambit|Kowtow Cleave|p2a: Scizor\n|-damage|p2a: Scizor|0 fnt\n|faint|p2a: Scizor\n|\n|win|hectorretaaa81\n|raw|hectorretaaa81's rating: 1451 &rarr; <strong>1473</strong><br />(+22 for winning)\n|raw|Vutanero's rating: 1486 &rarr; <strong>1464</strong><br />(-22 for losing)\n|c|\u2606hectorretaaa81|el basculegion es brutal\u00e7\n|c|\u2606Vutanero|sisi\n|c|\u2606hectorretaaa81|como para al sneasler\n|c|\u2606Vutanero|en el late siempre mete miedo\n|c|\u2606hectorretaaa81|gg bro\n|c|\u2606Vutanero|gg\n|l|\u2606hectorretaaa81\n|player|p1|\n|l|\u2606Vutanero\n|player|p2|\n|l| TomTom_JerryJerry\n",
  "uploadtime": 1776624084,
  "views": 11,
  "formatid": "gen9championsvgc2026regma",
  "rating": 1464,
  "private": 0,
  "password": null
}