{
  "id": "gen9championsvgc2026regma-2584589230",
  "format": "[Gen 9 Champions] VGC 2026 Reg M-A",
  "players": [
    "colbyy",
    "TheFlo1990"
  ],
  "log": "|j|\u2606colbyy\n|j|\u2606TheFlo1990\n|t:|1776270633\n|gametype|doubles\n|player|p1|colbyy|clay|1077\n|player|p2|TheFlo1990|266|1082\n|gen|9\n|tier|[Gen 9 Champions] VGC 2026 Reg M-A\n|rated|\n|rule|Species Clause: Limit one of each Pok\u00e9mon\n|rule|Item Clause: Limit 1 of each item\n|clearpoke\n|poke|p1|Delphox, L50, M|\n|poke|p1|Kingambit, L50, M|\n|poke|p1|Clefable, L50, F|\n|poke|p1|Sneasler, L50, F|\n|poke|p1|Basculegion, L50, M|\n|poke|p1|Aerodactyl, L50, F|\n|poke|p2|Chimecho, L50, M|\n|poke|p2|Pelipper, L50, M|\n|poke|p2|Sinistcha-Masterpiece, L50|\n|poke|p2|Sneasler, L50, F|\n|poke|p2|Maushold-Four, L50|\n|poke|p2|Incineroar, L50, M|\n|teampreview|4\n|inactive|Battle timer is ON: inactive players will automatically lose when time's up. (requested by TheFlo1990)\n|inactive|colbyy has 60 seconds left.\n|\n|t:|1776270683\n|teamsize|p1|4\n|teamsize|p2|4\n|start\n|switch|p1a: Aerodactyl|Aerodactyl, L50, F|100/100\n|switch|p1b: Basculegion|Basculegion, L50, M|100/100\n|switch|p2a: Chimecho|Chimecho, L50, M|100/100\n|switch|p2b: Sneasler|Sneasler, L50, F|100/100\n|-ability|p1a: Aerodactyl|Unnerve\n|turn|1\n|inactive|colbyy has 30 seconds left.\n|\n|t:|1776270714\n|detailschange|p2a: Chimecho|Chimecho-Mega, L50, M\n|-mega|p2a: Chimecho|Chimecho|Chimechite\n|move|p2b: Sneasler|Fake Out|p1a: Aerodactyl\n|-resisted|p1a: Aerodactyl|1\n|-crit|p1a: Aerodactyl\n|-damage|p1a: Aerodactyl|82/100\n|cant|p1a: Aerodactyl|flinch\n|move|p1b: Basculegion|Flip Turn|p2b: Sneasler\n|-damage|p2b: Sneasler|33/100\n|\n|t:|1776270723\n|switch|p1b: Sneasler|Sneasler, L50, F|100/100|[from] Flip Turn\n|move|p2a: Chimecho|Cosmic Power|p2a: Chimecho\n|-boost|p2a: Chimecho|def|1\n|-boost|p2a: Chimecho|spd|1\n|\n|upkeep\n|turn|2\n|inactive|colbyy has 30 seconds left.\n|inactive|colbyy has 20 seconds left.\n|inactive|colbyy has 15 seconds left.\n|\n|t:|1776270765\n|switch|p2b: Maushold|Maushold-Four, L50|100/100\n|move|p1a: Aerodactyl|Rock Slide|p2a: Chimecho|[spread] p2a,p2b\n|-resisted|p2a: Chimecho|1\n|-crit|p2a: Chimecho\n|-crit|p2b: Maushold\n|-damage|p2a: Chimecho|91/100\n|-damage|p2b: Maushold|51/100\n|move|p1b: Sneasler|Close Combat|p2a: Chimecho\n|-damage|p2a: Chimecho|70/100\n|-unboost|p1b: Sneasler|def|1\n|-unboost|p1b: Sneasler|spd|1\n|-enditem|p1b: Sneasler|White Herb\n|-clearnegativeboost|p1b: Sneasler|[silent]\n|cant|p2a: Chimecho|flinch\n|\n|upkeep\n|turn|3\n|inactive|colbyy has 30 seconds left.\n|\n|t:|1776270793\n|move|p2b: Maushold|Protect|p2b: Maushold\n|-singleturn|p2b: Maushold|Protect\n|move|p1b: Sneasler|Dire Claw|p2b: Maushold\n|-activate|p2b: Maushold|move: Protect\n|move|p1a: Aerodactyl|Dual Wingbeat|p2a: Chimecho\n|-resisted|p2a: Chimecho|1\n|-damage|p2a: Chimecho|66/100\n|-resisted|p2a: Chimecho|1\n|-damage|p2a: Chimecho|63/100\n|-hitcount|p2a: Chimecho|2\n|move|p2a: Chimecho|Cosmic Power|p2a: Chimecho\n|-boost|p2a: Chimecho|def|1\n|-boost|p2a: Chimecho|spd|1\n|\n|upkeep\n|turn|4\n|inactive|colbyy has 30 seconds left.\n|\n|t:|1776270828\n|switch|p1b: Basculegion|Basculegion, L50, M|100/100\n|switch|p2b: Sinistcha|Sinistcha-Masterpiece, L50|100/100\n|-heal|p2a: Chimecho|87/100|[from] ability: Hospitality|[of] p2b: Sinistcha\n|move|p1a: Aerodactyl|Dual Wingbeat|p2b: Sinistcha\n|-supereffective|p2b: Sinistcha|1\n|-damage|p2b: Sinistcha|70/100\n|-supereffective|p2b: Sinistcha|1\n|-damage|p2b: Sinistcha|40/100\n|-hitcount|p2b: Sinistcha|2\n|move|p2a: Chimecho|Cosmic Power|p2a: Chimecho\n|-boost|p2a: Chimecho|def|1\n|-boost|p2a: Chimecho|spd|1\n|\n|-heal|p2b: Sinistcha|46/100|[from] item: Leftovers\n|upkeep\n|turn|5\n|inactive|colbyy has 30 seconds left.\n|\n|t:|1776270860\n|switch|p2b: Maushold|Maushold-Four, L50|51/100\n|move|p1a: Aerodactyl|Protect|p1a: Aerodactyl\n|-singleturn|p1a: Aerodactyl|Protect\n|move|p1b: Basculegion|Flip Turn|p2a: Chimecho\n|-damage|p2a: Chimecho|79/100\n|\n|t:|1776270869\n|switch|p1b: Sneasler|Sneasler, L50, F|100/100|[from] Flip Turn\n|move|p2a: Chimecho|Cosmic Power|p2a: Chimecho\n|-boost|p2a: Chimecho|def|1\n|-boost|p2a: Chimecho|spd|1\n|\n|upkeep\n|turn|6\n|\n|t:|1776270883\n|move|p2b: Maushold|Protect|p2b: Maushold\n|-singleturn|p2b: Maushold|Protect\n|move|p1b: Sneasler|Fake Out|p2a: Chimecho\n|-resisted|p2a: Chimecho|1\n|-damage|p2a: Chimecho|77/100\n|move|p1a: Aerodactyl|Dual Wingbeat|p2b: Maushold\n|-activate|p2b: Maushold|move: Protect\n|cant|p2a: Chimecho|flinch\n|\n|upkeep\n|turn|7\n|\n|t:|1776270892\n|switch|p2b: Sinistcha|Sinistcha-Masterpiece, L50|46/100\n|-heal|p2a: Chimecho|100/100|[from] ability: Hospitality|[of] p2b: Sinistcha\n|move|p1a: Aerodactyl|Dual Wingbeat|p2b: Sinistcha\n|-supereffective|p2b: Sinistcha|1\n|-damage|p2b: Sinistcha|12/100\n|-supereffective|p2b: Sinistcha|1\n|-damage|p2b: Sinistcha|0 fnt\n|faint|p2b: Sinistcha\n|-hitcount|p2: Sinistcha|2\n|move|p1b: Sneasler|Close Combat|p2a: Chimecho\n|-damage|p2a: Chimecho|87/100\n|-unboost|p1b: Sneasler|def|1\n|-unboost|p1b: Sneasler|spd|1\n|move|p2a: Chimecho|Cosmic Power|p2a: Chimecho\n|-boost|p2a: Chimecho|def|1\n|-boost|p2a: Chimecho|spd|1\n|\n|upkeep\n|\n|t:|1776270903\n|switch|p2b: Maushold|Maushold-Four, L50|51/100\n|turn|8\n|\n|t:|1776270909\n|move|p1a: Aerodactyl|Protect|p1a: Aerodactyl\n|-singleturn|p1a: Aerodactyl|Protect\n|move|p2b: Maushold|Protect|p2b: Maushold\n|-singleturn|p2b: Maushold|Protect\n|move|p1b: Sneasler|Close Combat|p2b: Maushold\n|-activate|p2b: Maushold|move: Protect\n|move|p2a: Chimecho|Cosmic Power|p2a: Chimecho\n|-boost|p2a: Chimecho|def|1\n|-boost|p2a: Chimecho|spd|1\n|\n|upkeep\n|turn|9\n|\n|t:|1776270932\n|move|p2b: Maushold|Protect||[still]\n|-fail|p2b: Maushold\n|move|p1a: Aerodactyl|Rock Slide|p2a: Chimecho|[spread] p2a,p2b\n|-resisted|p2a: Chimecho|1\n|-damage|p2a: Chimecho|85/100\n|-damage|p2b: Maushold|15/100\n|move|p1b: Sneasler|Close Combat|p2b: Maushold\n|-supereffective|p2b: Maushold|1\n|-damage|p2b: Maushold|0 fnt\n|-unboost|p1b: Sneasler|def|1\n|-unboost|p1b: Sneasler|spd|1\n|faint|p2b: Maushold\n|move|p2a: Chimecho|Stored Power|p1a: Aerodactyl\n|-damage|p1a: Aerodactyl|0 fnt\n|faint|p1a: Aerodactyl\n|\n|upkeep\n|\n|t:|1776270949\n|switch|p1a: Delphox|Delphox, L50, M|100/100\n|switch|p2b: Sneasler|Sneasler, L50, F|33/100\n|turn|10\n|\n|t:|1776270959\n|detailschange|p1a: Delphox|Delphox-Mega, L50, M\n|-mega|p1a: Delphox|Delphox|Delphoxite\n|move|p1a: Delphox|Protect|p1a: Delphox\n|-singleturn|p1a: Delphox|Protect\n|move|p1b: Sneasler|Protect|p1b: Sneasler\n|-singleturn|p1b: Sneasler|Protect\n|move|p2b: Sneasler|Fake Out|p1a: Delphox\n|-activate|p1a: Delphox|move: Protect\n|move|p2a: Chimecho|Stored Power|p1b: Sneasler\n|-activate|p1b: Sneasler|move: Protect\n|\n|upkeep\n|turn|11\n|\n|t:|1776270981\n|move|p1a: Delphox|Substitute|p1a: Delphox\n|-start|p1a: Delphox|Substitute\n|-damage|p1a: Delphox|76/100\n|move|p1b: Sneasler|Close Combat|p2b: Sneasler\n|-resisted|p2b: Sneasler|1\n|-damage|p2b: Sneasler|0 fnt\n|-unboost|p1b: Sneasler|def|1\n|-unboost|p1b: Sneasler|spd|1\n|faint|p2b: Sneasler\n|move|p2a: Chimecho|Stored Power|p1a: Delphox\n|-resisted|p1a: Delphox|1\n|-end|p1a: Delphox|Substitute\n|\n|upkeep\n|turn|12\n|\n|t:|1776270992\n|move|p1a: Delphox|Heat Wave|p2a: Chimecho\n|-supereffective|p2a: Chimecho|1\n|-damage|p2a: Chimecho|61/100\n|move|p1b: Sneasler|Close Combat|p2a: Chimecho\n|-damage|p2a: Chimecho|50/100\n|-unboost|p1b: Sneasler|def|1\n|-unboost|p1b: Sneasler|spd|1\n|move|p2a: Chimecho|Stored Power|p1a: Delphox\n|-resisted|p1a: Delphox|1\n|-damage|p1a: Delphox|16/100\n|\n|upkeep\n|turn|13\n|\n|t:|1776271002\n|move|p1a: Delphox|Heat Wave|p2a: Chimecho|[miss]\n|-miss|p1a: Delphox|p2a: Chimecho\n|move|p1b: Sneasler|Close Combat|p2a: Chimecho\n|-damage|p2a: Chimecho|41/100\n|-unboost|p1b: Sneasler|def|1\n|-unboost|p1b: Sneasler|spd|1\n|move|p2a: Chimecho|Recover|p2a: Chimecho\n|-heal|p2a: Chimecho|91/100\n|\n|upkeep\n|turn|14\n|\n|t:|1776271012\n|move|p1a: Delphox|Heat Wave|p2a: Chimecho\n|-supereffective|p2a: Chimecho|1\n|-damage|p2a: Chimecho|68/100\n|move|p1b: Sneasler|Close Combat|p2a: Chimecho\n|-damage|p2a: Chimecho|57/100\n|-unboost|p1b: Sneasler|def|1\n|-unboost|p1b: Sneasler|spd|1\n|move|p2a: Chimecho|Charge Beam|p1a: Delphox\n|-damage|p1a: Delphox|0 fnt\n|faint|p1a: Delphox\n|\n|upkeep\n|\n|t:|1776271021\n|switch|p1a: Basculegion|Basculegion, L50, M|100/100\n|turn|15\n|\n|t:|1776271031\n|move|p1a: Basculegion|Last Respects|p2a: Chimecho\n|-supereffective|p2a: Chimecho|1\n|-damage|p2a: Chimecho|18/100\n|move|p1b: Sneasler|Dire Claw|p2a: Chimecho\n|-immune|p2a: Chimecho\n|move|p2a: Chimecho|Recover|p2a: Chimecho\n|-heal|p2a: Chimecho|68/100\n|\n|upkeep\n|turn|16\n|\n|t:|1776271043\n|move|p1a: Basculegion|Last Respects|p2a: Chimecho\n|-supereffective|p2a: Chimecho|1\n|-damage|p2a: Chimecho|26/100\n|move|p1b: Sneasler|Dire Claw|p2a: Chimecho\n|-immune|p2a: Chimecho\n|move|p2a: Chimecho|Recover|p2a: Chimecho\n|-heal|p2a: Chimecho|76/100\n|\n|upkeep\n|turn|17\n|\n|t:|1776271053\n|move|p1a: Basculegion|Last Respects|p2a: Chimecho\n|-supereffective|p2a: Chimecho|1\n|-damage|p2a: Chimecho|34/100\n|move|p1b: Sneasler|Dire Claw|p2a: Chimecho\n|-immune|p2a: Chimecho\n|move|p2a: Chimecho|Recover|p2a: Chimecho\n|-heal|p2a: Chimecho|84/100\n|\n|upkeep\n|turn|18\n|\n|t:|1776271066\n|move|p1a: Basculegion|Last Respects|p2a: Chimecho\n|-supereffective|p2a: Chimecho|1\n|-damage|p2a: Chimecho|44/100\n|move|p1b: Sneasler|Dire Claw|p2a: Chimecho\n|-immune|p2a: Chimecho\n|move|p2a: Chimecho|Recover|p2a: Chimecho\n|-heal|p2a: Chimecho|94/100\n|\n|upkeep\n|turn|19\n|\n|t:|1776271081\n|move|p1a: Basculegion|Last Respects|p2a: Chimecho\n|-supereffective|p2a: Chimecho|1\n|-damage|p2a: Chimecho|53/100\n|move|p1b: Sneasler|Dire Claw|p2a: Chimecho\n|-immune|p2a: Chimecho\n|move|p2a: Chimecho|Stored Power|p1a: Basculegion\n|-damage|p1a: Basculegion|0 fnt\n|faint|p1a: Basculegion\n|\n|upkeep\n|turn|20\n|\n|t:|1776271093\n|move|p1b: Sneasler|Protect|p1b: Sneasler\n|-singleturn|p1b: Sneasler|Protect\n|move|p2a: Chimecho|Recover|p2a: Chimecho\n|-heal|p2a: Chimecho|100/100\n|\n|upkeep\n|turn|21\n|-message|colbyy forfeited.\n|\n|win|TheFlo1990\n|raw|colbyy's rating: 1077 &rarr; <strong>1056</strong><br />(-21 for losing)\n|raw|TheFlo1990's rating: 1082 &rarr; <strong>1109</strong><br />(+27 for winning)\n",
  "uploadtime": 1776271102,
  "views": 23,
  "formatid": "gen9championsvgc2026regma",
  "rating": 1056,
  "private": 0,
  "password": null
}