{
  "id": "gen9championsvgc2026regma-2583314380",
  "format": "[Gen 9 Champions] VGC 2026 Reg M-A",
  "players": [
    "gufomelone",
    "LycheeEXE"
  ],
  "log": "|j|\u203dgufomelone\n|j|\u2606LycheeEXE\n|t:|1776166048\n|gametype|doubles\n|player|p1|gufomelone|fisherman-gen4|1054\n|player|p2|LycheeEXE|266|1044\n|gen|9\n|tier|[Gen 9 Champions] VGC 2026 Reg M-A\n|rated|\n|rule|Species Clause: Limit one of each Pok\u00e9mon\n|rule|Item Clause: Limit 1 of each item\n|clearpoke\n|poke|p1|Zoroark-Hisui, L50, M|\n|poke|p1|Incineroar, L50, F|\n|poke|p1|Meganium, L50, M|\n|poke|p1|Whimsicott, L50, M|\n|poke|p1|Maushold, L50|\n|poke|p1|Garchomp, L50, F|\n|poke|p2|Vivillon, L50, M|\n|poke|p2|Volcarona, L50, F|\n|poke|p2|Heracross, L50, M|\n|poke|p2|Scizor, L50, F|\n|poke|p2|Araquanid, L50, F|\n|poke|p2|Forretress, L50, F|\n|teampreview|4\n|inactive|Battle timer is ON: inactive players will automatically lose when time's up. (requested by LycheeEXE)\n|\n|t:|1776166090\n|teamsize|p1|4\n|teamsize|p2|4\n|start\n|switch|p1a: Meganium|Meganium, L50, M|100/100\n|switch|p1b: Whimsicott|Whimsicott, L50, M|100/100\n|switch|p2a: Heracross|Heracross, L50, M|100/100\n|switch|p2b: Vivillon|Vivillon, L50, M|100/100\n|turn|1\n|inactive|LycheeEXE has 30 seconds left.\n|\n|t:|1776166120\n|detailschange|p2a: Heracross|Heracross-Mega, L50, M\n|-mega|p2a: Heracross|Heracross|Heracronite\n|move|p1b: Whimsicott|Protect|p1b: Whimsicott\n|-singleturn|p1b: Whimsicott|Protect\n|move|p1a: Meganium|Psychic|p2a: Heracross\n|-supereffective|p2a: Heracross|1\n|-damage|p2a: Heracross|29/100\n|move|p2b: Vivillon|Tailwind|p2b: Vivillon\n|-sidestart|p2: LycheeEXE|move: Tailwind\n|move|p2a: Heracross|Pin Missile|p1a: Meganium\n|-resisted|p1a: Meganium|1\n|-damage|p1a: Meganium|82/100\n|replace|p1a: Zoroark|Zoroark-Hisui, L50, M\n|-end|p1a: Zoroark|Illusion\n|-resisted|p1a: Zoroark|1\n|-damage|p1a: Zoroark|66/100\n|-resisted|p1a: Zoroark|1\n|-damage|p1a: Zoroark|48/100\n|-resisted|p1a: Zoroark|1\n|-damage|p1a: Zoroark|32/100\n|-resisted|p1a: Zoroark|1\n|-damage|p1a: Zoroark|16/100\n|-hitcount|p1a: Zoroark|5\n|\n|upkeep\n|turn|2\n|inactive|LycheeEXE has 30 seconds left.\n|\n|t:|1776166148\n|switch|p2a: Forretress|Forretress, L50, F|100/100\n|move|p1b: Whimsicott|Tailwind|p1b: Whimsicott\n|-sidestart|p1: gufomelone|move: Tailwind\n|move|p1a: Zoroark|Psychic|p2a: Forretress\n|-resisted|p2a: Forretress|1\n|-damage|p2a: Forretress|77/100\n|move|p2b: Vivillon|Hurricane|p1a: Zoroark\n|-damage|p1a: Zoroark|0 fnt\n|faint|p1a: Zoroark\n|\n|-heal|p2a: Forretress|83/100|[from] item: Leftovers\n|upkeep\n|\n|t:|1776166161\n|switch|p1a: Meganium|Meganium, L50, M|100/100\n|turn|3\n|inactive|LycheeEXE has 30 seconds left.\n|inactive|LycheeEXE has 20 seconds left.\n|\n|t:|1776166199\n|switch|p1b: Incineroar|Incineroar, L50, F|100/100\n|-ability|p1b: Incineroar|Intimidate|boost\n|-unboost|p2a: Forretress|atk|1\n|-unboost|p2b: Vivillon|atk|1\n|switch|p2a: Volcarona|Volcarona, L50, F|100/100\n|detailschange|p1a: Meganium|Meganium-Mega, L50, M\n|-mega|p1a: Meganium|Meganium|Meganiumite\n|move|p2b: Vivillon|Sleep Powder|p1a: Meganium\n|-immune|p1a: Meganium\n|move|p1a: Meganium|Weather Ball|p2a: Volcarona\n|-damage|p2a: Volcarona|34/100\n|\n|upkeep\n|turn|4\n|inactive|gufomelone has 30 seconds left.\n|inactive|LycheeEXE has 30 seconds left.\n|\n|t:|1776166225\n|move|p2a: Volcarona|Protect|p2a: Volcarona\n|-singleturn|p2a: Volcarona|Protect\n|move|p1b: Incineroar|Fake Out|p2a: Volcarona\n|-activate|p2a: Volcarona|move: Protect\n|move|p2b: Vivillon|Sleep Powder|p1b: Incineroar\n|-status|p1b: Incineroar|slp|[from] move: Sleep Powder\n|move|p1a: Meganium|Weather Ball|p2a: Volcarona\n|-activate|p2a: Volcarona|move: Protect\n|\n|-sideend|p2: LycheeEXE|move: Tailwind\n|upkeep\n|turn|5\n|\n|t:|1776166245\n|switch|p2a: Forretress|Forretress, L50, F|83/100\n|move|p1a: Meganium|Weather Ball|p2a: Forretress\n|-supereffective|p2a: Forretress|2\n|-damage|p2a: Forretress|0 fnt\n|faint|p2a: Forretress\n|cant|p1b: Incineroar|slp\n|move|p2b: Vivillon|Tailwind|p2b: Vivillon\n|-sidestart|p2: LycheeEXE|move: Tailwind\n|\n|-sideend|p1: gufomelone|move: Tailwind\n|upkeep\n|\n|t:|1776166254\n|switch|p2a: Volcarona|Volcarona, L50, F|34/100\n|turn|6\n|\n|t:|1776166279\n|move|p2a: Volcarona|Heat Wave|p1a: Meganium|[spread] p1a,p1b\n|-supereffective|p1a: Meganium|1\n|-resisted|p1b: Incineroar|1\n|-damage|p1a: Meganium|19/100\n|-damage|p1b: Incineroar|86/100 slp\n|move|p2b: Vivillon|Hurricane|p1a: Meganium\n|-supereffective|p1a: Meganium|1\n|-damage|p1a: Meganium|0 fnt\n|faint|p1a: Meganium\n|cant|p1b: Incineroar|slp\n|\n|upkeep\n|\n|t:|1776166288\n|switch|p1a: Whimsicott|Whimsicott, L50, M|100/100\n|turn|7\n|\n|t:|1776166301\n|move|p1a: Whimsicott|Protect|p1a: Whimsicott\n|-singleturn|p1a: Whimsicott|Protect\n|move|p2a: Volcarona|Quiver Dance|p2a: Volcarona\n|-boost|p2a: Volcarona|spa|1\n|-boost|p2a: Volcarona|spd|1\n|-boost|p2a: Volcarona|spe|1\n|move|p2b: Vivillon|Hurricane|p1a: Whimsicott\n|-activate|p1a: Whimsicott|move: Protect\n|-curestatus|p1b: Incineroar|slp|[msg]\n|move|p1b: Incineroar|Flare Blitz|p2a: Volcarona\n|-damage|p2a: Volcarona|0 fnt\n|faint|p2a: Volcarona\n|-damage|p1b: Incineroar|77/100|[from] Recoil\n|\n|upkeep\n|\n|t:|1776166313\n|switch|p2a: Heracross|Heracross-Mega, L50, M|29/100\n|turn|8\n|\n|t:|1776166335\n|move|p2b: Vivillon|Hurricane|p1a: Whimsicott\n|-supereffective|p1a: Whimsicott|1\n|-enditem|p1a: Whimsicott|Focus Sash\n|-damage|p1a: Whimsicott|1/100\n|move|p2a: Heracross|Rock Blast|p1b: Incineroar\n|-supereffective|p1b: Incineroar|1\n|-damage|p1b: Incineroar|58/100\n|-supereffective|p1b: Incineroar|1\n|-damage|p1b: Incineroar|39/100\n|-enditem|p1b: Incineroar|Sitrus Berry|[eat]\n|-heal|p1b: Incineroar|64/100|[from] item: Sitrus Berry\n|-supereffective|p1b: Incineroar|1\n|-damage|p1b: Incineroar|45/100\n|-supereffective|p1b: Incineroar|1\n|-damage|p1b: Incineroar|24/100\n|-supereffective|p1b: Incineroar|1\n|-damage|p1b: Incineroar|4/100\n|-hitcount|p1b: Incineroar|5\n|move|p1a: Whimsicott|Moonblast|p2a: Heracross\n|-supereffective|p2a: Heracross|1\n|-damage|p2a: Heracross|0 fnt\n|faint|p2a: Heracross\n|move|p1b: Incineroar|Flare Blitz|p2b: Vivillon\n|-supereffective|p2b: Vivillon|1\n|-enditem|p2b: Vivillon|Focus Sash\n|-damage|p2b: Vivillon|1/100\n|-damage|p1b: Incineroar|0 fnt|[from] Recoil\n|faint|p1b: Incineroar\n|\n|-sideend|p2: LycheeEXE|move: Tailwind\n|upkeep\n|turn|9\n|inactive|gufomelone has 30 seconds left.\n|inactive|gufomelone has 20 seconds left.\n|\n|t:|1776166370\n|move|p1a: Whimsicott|Moonblast|p2b: Vivillon\n|-damage|p2b: Vivillon|0 fnt\n|faint|p2b: Vivillon\n|\n|win|gufomelone\n|raw|gufomelone's rating: 1054 &rarr; <strong>1085</strong><br />(+31 for winning)\n|raw|LycheeEXE's rating: 1044 &rarr; <strong>1028</strong><br />(-16 for losing)\n|l|\u2606LycheeEXE\n|player|p2|\n",
  "uploadtime": 1776166378,
  "views": 15,
  "formatid": "gen9championsvgc2026regma",
  "rating": 1028,
  "private": 0,
  "password": null
}