{
  "id": "gen9championsvgc2026regma-2581011739",
  "format": "[Gen 9 Champions] VGC 2026 Reg M-A",
  "players": [
    "amigomalamar",
    "MrPRlNCE"
  ],
  "log": "|j|\u2606amigomalamar\n|j|\u2606MrPRlNCE\n|t:|1775951562\n|gametype|doubles\n|player|p1|amigomalamar|schoolkid|1124\n|player|p2|MrPRlNCE|dragontamer|1120\n|gen|9\n|tier|[Gen 9 Champions] VGC 2026 Reg M-A\n|rated|\n|rule|Species Clause: Limit one of each Pok\u00e9mon\n|rule|Item Clause: Limit 1 of each item\n|clearpoke\n|poke|p1|Gengar, L50, F|\n|poke|p1|Incineroar, L50, F|\n|poke|p1|Sinistcha, L50|\n|poke|p1|Milotic, L50, M|\n|poke|p1|Raichu, L50, F|\n|poke|p1|Kommo-o, L50, M|\n|poke|p2|Gengar, L50, M|\n|poke|p2|Politoed, L50, F|\n|poke|p2|Archaludon, L50, M|\n|poke|p2|Primarina, L50, F|\n|poke|p2|Sneasler, L50, F|\n|poke|p2|Incineroar, L50, M|\n|teampreview|4\n|\n|t:|1775951584\n|teamsize|p1|4\n|teamsize|p2|4\n|start\n|switch|p1a: Gengar|Gengar, L50, F|100/100\n|switch|p1b: Kommo-o|Kommo-o, L50, M|100/100\n|switch|p2a: Gengar|Gengar, L50, M, shiny|100/100\n|switch|p2b: Politoed|Politoed, L50, F|100/100\n|-weather|RainDance|[from] ability: Drizzle|[of] p2b: Politoed\n|turn|1\n|\n|t:|1775951610\n|detailschange|p2a: Gengar|Gengar-Mega, L50, M, shiny\n|-mega|p2a: Gengar|Gengar|Gengarite\n|detailschange|p1a: Gengar|Gengar-Mega, L50, F\n|-mega|p1a: Gengar|Gengar|Gengarite\n|move|p1a: Gengar|Protect|p1a: Gengar\n|-singleturn|p1a: Gengar|Protect\n|move|p2a: Gengar|Substitute|p2a: Gengar\n|-start|p2a: Gengar|Substitute\n|-damage|p2a: Gengar|76/100\n|move|p1b: Kommo-o|Clangorous Soul|p1b: Kommo-o\n|-boost|p1b: Kommo-o|atk|1\n|-boost|p1b: Kommo-o|def|1\n|-boost|p1b: Kommo-o|spa|1\n|-boost|p1b: Kommo-o|spd|1\n|-boost|p1b: Kommo-o|spe|1\n|-damage|p1b: Kommo-o|68/100\n|move|p2b: Politoed|Perish Song|p2b: Politoed\n|-start|p1a: Gengar|perish3|[silent]\n|-immune|p1b: Kommo-o|[from] ability: Soundproof\n|-start|p2a: Gengar|perish3|[silent]\n|-start|p2b: Politoed|perish3|[silent]\n|-fieldactivate|move: Perish Song\n|\n|-weather|RainDance|[upkeep]\n|-heal|p1b: Kommo-o|74/100|[from] item: Leftovers\n|-start|p1a: Gengar|perish3\n|-start|p2a: Gengar|perish3\n|-start|p2b: Politoed|perish3\n|upkeep\n|turn|2\n|\n|t:|1775951659\n|switch|p1a: Incineroar|Incineroar, L50, F|100/100\n|-ability|p1a: Incineroar|Intimidate|boost\n|-immune|p2a: Gengar\n|-unboost|p2b: Politoed|atk|1\n|move|p1b: Kommo-o|Protect|p1b: Kommo-o\n|-singleturn|p1b: Kommo-o|Protect\n|move|p2a: Gengar|Taunt|p1b: Kommo-o\n|-activate|p1b: Kommo-o|move: Protect\n|move|p2b: Politoed|Encore|p1b: Kommo-o\n|-activate|p1b: Kommo-o|move: Protect\n|\n|-weather|RainDance|[upkeep]\n|-heal|p1b: Kommo-o|79/100|[from] item: Leftovers\n|-start|p2a: Gengar|perish2\n|-start|p2b: Politoed|perish2\n|upkeep\n|turn|3\n|\n|t:|1775951691\n|move|p1b: Kommo-o|Clanging Scales|p2b: Politoed|[spread] p2a,p2b\n|-damage|p2a: Gengar|13/100\n|-damage|p2b: Politoed|52/100\n|-unboost|p1b: Kommo-o|def|1\n|move|p2a: Gengar|Shadow Ball|p1b: Kommo-o\n|-damage|p1b: Kommo-o|48/100\n|move|p2b: Politoed|Weather Ball|p1a: Incineroar\n|-supereffective|p1a: Incineroar|1\n|-damage|p1a: Incineroar|38/100\n|-enditem|p1a: Incineroar|Sitrus Berry|[eat]\n|-heal|p1a: Incineroar|63/100|[from] item: Sitrus Berry\n|move|p1a: Incineroar|Flare Blitz|p2a: Gengar\n|-end|p2a: Gengar|Substitute\n|-damage|p1a: Incineroar|56/100|[from] Recoil|[of] p2a: Gengar\n|\n|-weather|RainDance|[upkeep]\n|-heal|p1b: Kommo-o|54/100|[from] item: Leftovers\n|-start|p2a: Gengar|perish1\n|-start|p2b: Politoed|perish1\n|upkeep\n|turn|4\n|\n|t:|1775951727\n|switch|p2a: Archaludon|Archaludon, L50, M, shiny|100/100\n|switch|p2b: Incineroar|Incineroar, L50, M|100/100\n|-ability|p2b: Incineroar|Intimidate|boost\n|-unboost|p1a: Incineroar|atk|1\n|-unboost|p1b: Kommo-o|atk|1\n|move|p1b: Kommo-o|Clanging Scales|p2b: Incineroar|[spread] p2a,p2b\n|-damage|p2a: Archaludon|37/100\n|-damage|p2b: Incineroar|51/100\n|-ability|p2a: Archaludon|Stamina|boost\n|-boost|p2a: Archaludon|def|1\n|-unboost|p1b: Kommo-o|def|1\n|move|p1a: Incineroar|Flare Blitz|p2b: Incineroar\n|-resisted|p2b: Incineroar|1\n|-damage|p2b: Incineroar|45/100\n|-damage|p1a: Incineroar|53/100|[from] Recoil\n|\n|-weather|RainDance|[upkeep]\n|-heal|p1b: Kommo-o|60/100|[from] item: Leftovers\n|-heal|p2a: Archaludon|43/100|[from] item: Leftovers\n|upkeep\n|turn|5\n|\n|t:|1775951750\n|move|p1b: Kommo-o|Protect|p1b: Kommo-o\n|-singleturn|p1b: Kommo-o|Protect\n|move|p1a: Incineroar|Protect|p1a: Incineroar\n|-singleturn|p1a: Incineroar|Protect\n|move|p2b: Incineroar|Fake Out|p1a: Incineroar\n|-activate|p1a: Incineroar|move: Protect\n|move|p2a: Archaludon|Electro Shot||[still]\n|-prepare|p2a: Archaludon|Electro Shot\n|-boost|p2a: Archaludon|spa|1\n|-anim|p2a: Archaludon|Electro Shot|p1a: Incineroar\n|-activate|p1a: Incineroar|move: Protect\n|\n|-weather|none\n|-heal|p1b: Kommo-o|66/100|[from] item: Leftovers\n|-heal|p2a: Archaludon|49/100|[from] item: Leftovers\n|upkeep\n|turn|6\n|\n|t:|1775951763\n|switch|p2b: Politoed|Politoed, L50, F|52/100\n|-weather|RainDance|[from] ability: Drizzle|[of] p2b: Politoed\n|move|p2a: Archaludon|Protect|p2a: Archaludon\n|-singleturn|p2a: Archaludon|Protect\n|move|p1b: Kommo-o|Clanging Scales|p2a: Archaludon|[spread] p2b\n|-activate|p2a: Archaludon|move: Protect\n|-damage|p2b: Politoed|5/100\n|-enditem|p2b: Politoed|Sitrus Berry|[eat]\n|-heal|p2b: Politoed|29/100|[from] item: Sitrus Berry\n|-unboost|p1b: Kommo-o|def|1\n|move|p1a: Incineroar|Flare Blitz|p2a: Archaludon\n|-activate|p2a: Archaludon|move: Protect\n|\n|-weather|RainDance|[upkeep]\n|-heal|p1b: Kommo-o|72/100|[from] item: Leftovers\n|-heal|p2a: Archaludon|55/100|[from] item: Leftovers\n|upkeep\n|turn|7\n|\n|t:|1775951794\n|move|p2b: Politoed|Protect|p2b: Politoed\n|-singleturn|p2b: Politoed|Protect\n|move|p1b: Kommo-o|Clanging Scales|p2b: Politoed|[spread] p2a\n|-activate|p2b: Politoed|move: Protect\n|-damage|p2a: Archaludon|0 fnt\n|faint|p2a: Archaludon\n|-unboost|p1b: Kommo-o|def|1\n|move|p1a: Incineroar|Flare Blitz|p2b: Politoed\n|-activate|p2b: Politoed|move: Protect\n|\n|-weather|RainDance|[upkeep]\n|-heal|p1b: Kommo-o|77/100|[from] item: Leftovers\n|upkeep\n|\n|t:|1775951801\n|switch|p2a: Gengar|Gengar-Mega, L50, M, shiny|13/100\n|turn|8\n|\n|t:|1775951808\n|move|p1b: Kommo-o|Clanging Scales|p2b: Politoed|[spread] p2a,p2b\n|-damage|p2a: Gengar|0 fnt\n|-damage|p2b: Politoed|0 fnt\n|faint|p2a: Gengar\n|faint|p2b: Politoed\n|-unboost|p1b: Kommo-o|def|1\n|move|p1a: Incineroar|Flare Blitz|p2: Gengar|[notarget]\n|-fail|p1a: Incineroar\n|\n|-weather|RainDance|[upkeep]\n|-heal|p1b: Kommo-o|83/100|[from] item: Leftovers\n|upkeep\n|-message|MrPRlNCE forfeited.\n|\n|win|amigomalamar\n|raw|amigomalamar's rating: 1124 &rarr; <strong>1149</strong><br />(+25 for winning)\n|raw|MrPRlNCE's rating: 1120 &rarr; <strong>1095</strong><br />(-25 for losing)\n|l|\u2606MrPRlNCE\n|player|p2|\n",
  "uploadtime": 1775951816,
  "views": 25,
  "formatid": "gen9championsvgc2026regma",
  "rating": 1095,
  "private": 0,
  "password": null
}