{
  "id": "gen9championsvgc2026regma-2587812120",
  "format": "[Gen 9 Champions] VGC 2026 Reg M-A",
  "players": [
    "Sewedi Mibalzoff",
    "LetHimSleep"
  ],
  "log": "|j|\u2606Sewedi Mibalzoff\n|j|\u2606LetHimSleep\n|t:|1776566495\n|gametype|doubles\n|player|p1|Sewedi Mibalzoff|ghetsis|1336\n|player|p2|LetHimSleep|boarder|1437\n|gen|9\n|tier|[Gen 9 Champions] VGC 2026 Reg M-A\n|rated|\n|rule|Species Clause: Limit one of each Pok\u00e9mon\n|rule|Item Clause: Limit 1 of each item\n|clearpoke\n|poke|p1|Starmie, L50|\n|poke|p1|Aegislash, L50, F|\n|poke|p1|Incineroar, L50, F|\n|poke|p1|Sinistcha, L50|\n|poke|p1|Milotic, L50, F|\n|poke|p1|Heliolisk, L50, F|\n|poke|p2|Delphox, L50, F|\n|poke|p2|Garchomp, L50, F|\n|poke|p2|Clefable, L50, M|\n|poke|p2|Tyranitar, L50, M|\n|poke|p2|Farigiraf, L50, M|\n|poke|p2|Rotom-Wash, L50|\n|teampreview|4\n|inactive|Battle timer is ON: inactive players will automatically lose when time's up. (requested by Sewedi Mibalzoff)\n|inactive|Sewedi Mibalzoff has 60 seconds left.\n|inactive|LetHimSleep has 60 seconds left.\n|\n|t:|1776566532\n|teamsize|p1|4\n|teamsize|p2|4\n|start\n|switch|p1a: Starmie|Starmie, L50|100/100\n|switch|p1b: Heliolisk|Heliolisk, L50, F|100/100\n|switch|p2a: Delphox|Delphox, L50, F|100/100\n|switch|p2b: Garchomp|Garchomp, L50, F|100/100\n|turn|1\n|inactive|Sewedi Mibalzoff has 30 seconds left.\n|inactive|LetHimSleep has 30 seconds left.\n|inactive|Sewedi Mibalzoff has 20 seconds left.\n|inactive|LetHimSleep has 20 seconds left.\n|inactive|Sewedi Mibalzoff has 15 seconds left.\n|inactive|LetHimSleep has 15 seconds left.\n|inactive|LetHimSleep has 10 seconds left.\n|inactive|LetHimSleep has 5 seconds left.\n|\n|t:|1776566582\n|detailschange|p1a: Starmie|Starmie-Mega, L50\n|-mega|p1a: Starmie|Starmie|Starminite\n|detailschange|p2a: Delphox|Delphox-Mega, L50, F\n|-mega|p2a: Delphox|Delphox|Delphoxite\n|move|p1b: Heliolisk|Shed Tail|p1b: Heliolisk\n|-start|p1b: Heliolisk|Substitute|[from] move: Shed Tail\n|-damage|p1b: Heliolisk|50/100\n|\n|t:|1776566590\n|switch|p1b: Incineroar|Incineroar, L50, F|100/100|[from] Shed Tail\n|-ability|p1b: Incineroar|Intimidate|boost\n|-unboost|p2a: Delphox|atk|1\n|-unboost|p2b: Garchomp|atk|1\n|move|p2b: Garchomp|Earthquake|p1b: Incineroar|[spread] p1a,p1b\n|-immune|p2a: Delphox|[from] ability: Levitate\n|-supereffective|p1b: Incineroar|1\n|-end|p1b: Incineroar|Substitute\n|-damage|p1a: Starmie|69/100\n|move|p2a: Delphox|Heat Wave|p1a: Starmie|[spread] p1a,p1b\n|-resisted|p1a: Starmie|1\n|-resisted|p1b: Incineroar|1\n|-damage|p1a: Starmie|41/100\n|-damage|p1b: Incineroar|86/100\n|move|p1a: Starmie|Ice Spinner|p2b: Garchomp\n|-supereffective|p2b: Garchomp|2\n|-damage|p2b: Garchomp|0 fnt\n|faint|p2b: Garchomp\n|\n|upkeep\n|\n|t:|1776566611\n|switch|p2b: Tyranitar|Tyranitar, L50, M|100/100\n|-weather|Sandstorm|[from] ability: Sand Stream|[of] p2b: Tyranitar\n|turn|2\n|\n|t:|1776566622\n|move|p2a: Delphox|Protect|p2a: Delphox\n|-singleturn|p2a: Delphox|Protect\n|move|p1a: Starmie|Protect|p1a: Starmie\n|-singleturn|p1a: Starmie|Protect\n|move|p2b: Tyranitar|Protect|p2b: Tyranitar\n|-singleturn|p2b: Tyranitar|Protect\n|move|p1b: Incineroar|Throat Chop|p2a: Delphox\n|-activate|p2a: Delphox|move: Protect\n|\n|-weather|Sandstorm|[upkeep]\n|-damage|p2a: Delphox|94/100|[from] Sandstorm\n|-damage|p1a: Starmie|36/100|[from] Sandstorm\n|-damage|p1b: Incineroar|80/100|[from] Sandstorm\n|upkeep\n|turn|3\n|inactive|LetHimSleep has 30 seconds left.\n|\n|t:|1776566651\n|switch|p1a: Sinistcha|Sinistcha, L50|100/100\n|-heal|p1b: Incineroar|100/100|[from] ability: Hospitality|[of] p1a: Sinistcha\n|move|p2a: Delphox|Encore||[still]\n|-fail|p2a: Delphox\n|move|p1b: Incineroar|Throat Chop|p2a: Delphox\n|-supereffective|p2a: Delphox|1\n|-damage|p2a: Delphox|0 fnt\n|faint|p2a: Delphox\n|move|p2b: Tyranitar|Low Kick|p1b: Incineroar\n|-supereffective|p1b: Incineroar|1\n|-damage|p1b: Incineroar|34/100\n|-enditem|p1b: Incineroar|Sitrus Berry|[eat]\n|-heal|p1b: Incineroar|59/100|[from] item: Sitrus Berry\n|\n|-weather|Sandstorm|[upkeep]\n|-damage|p1a: Sinistcha|94/100|[from] Sandstorm\n|-damage|p1b: Incineroar|53/100|[from] Sandstorm\n|-heal|p1a: Sinistcha|100/100|[from] item: Leftovers\n|upkeep\n|\n|t:|1776566666\n|switch|p2a: Rotom|Rotom-Wash, L50|100/100\n|turn|4\n|\n|t:|1776566677\n|move|p2b: Tyranitar|Protect|p2b: Tyranitar\n|-singleturn|p2b: Tyranitar|Protect\n|move|p2a: Rotom|Hydro Pump|p1b: Incineroar\n|-supereffective|p1b: Incineroar|1\n|-damage|p1b: Incineroar|0 fnt\n|faint|p1b: Incineroar\n|move|p1a: Sinistcha|Matcha Gotcha|p2a: Rotom|[spread] p2a\n|-activate|p2b: Tyranitar|move: Protect\n|-supereffective|p2a: Rotom|1\n|-damage|p2a: Rotom|50/100\n|\n|-weather|Sandstorm|[upkeep]\n|-damage|p2a: Rotom|44/100|[from] Sandstorm\n|-damage|p1a: Sinistcha|94/100|[from] Sandstorm\n|-heal|p2a: Rotom|50/100|[from] item: Leftovers\n|-heal|p1a: Sinistcha|100/100|[from] item: Leftovers\n|upkeep\n|\n|t:|1776566692\n|switch|p1b: Starmie|Starmie-Mega, L50|36/100\n|turn|5\n|\n|t:|1776566700\n|move|p1b: Starmie|Liquidation|p2b: Tyranitar\n|-supereffective|p2b: Tyranitar|1\n|-damage|p2b: Tyranitar|0 fnt\n|faint|p2b: Tyranitar\n|move|p2a: Rotom|Thunderbolt|p1b: Starmie\n|-supereffective|p1b: Starmie|1\n|-damage|p1b: Starmie|0 fnt\n|faint|p1b: Starmie\n|move|p1a: Sinistcha|Matcha Gotcha|p2a: Rotom\n|-supereffective|p2a: Rotom|1\n|-damage|p2a: Rotom|0 fnt\n|faint|p2a: Rotom\n|\n|win|Sewedi Mibalzoff\n|raw|Sewedi Mibalzoff's rating: 1336 &rarr; <strong>1362</strong><br />(+26 for winning)\n|raw|LetHimSleep's rating: 1437 &rarr; <strong>1411</strong><br />(-26 for losing)\n|l|\u2606LetHimSleep\n|player|p2|\n",
  "uploadtime": 1776566836,
  "views": 17,
  "formatid": "gen9championsvgc2026regma",
  "rating": 1362,
  "private": 0,
  "password": null
}