{
  "id": "gen9championsvgc2026regma-2588424691",
  "format": "[Gen 9 Champions] VGC 2026 Reg M-A",
  "players": [
    "Cybele74",
    "elganadordeljuego"
  ],
  "log": "|j|\u2606Cybele74\n|j|\u2606elganadordeljuego\n|t:|1776632383\n|gametype|doubles\n|player|p1|Cybele74|pokemonrangerf|1046\n|player|p2|elganadordeljuego|norman|1019\n|gen|9\n|tier|[Gen 9 Champions] VGC 2026 Reg M-A\n|rated|\n|rule|Species Clause: Limit one of each Pok\u00e9mon\n|rule|Item Clause: Limit 1 of each item\n|clearpoke\n|poke|p1|Talonflame, L50, M|\n|poke|p1|Primarina, L50, F, shiny|\n|poke|p1|Chesnaught, L50, M, shiny|\n|poke|p1|Zoroark-Hisui, L50, F|\n|poke|p1|Garchomp, L50, F|\n|poke|p1|Corviknight, L50, F|\n|poke|p2|Charizard, L50, F|\n|poke|p2|Scizor, L50, F|\n|poke|p2|Sneasler, L50, M|\n|poke|p2|Maushold-Four, L50|\n|poke|p2|Milotic, L50, M, shiny|\n|poke|p2|Whimsicott, L50, M, shiny|\n|teampreview|4\n|\n|t:|1776632408\n|teamsize|p1|4\n|teamsize|p2|4\n|start\n|switch|p1a: Bird Down|Talonflame, L50, M|100/100\n|switch|p1b: Big Chompa|Garchomp, L50, F|100/100\n|switch|p2a: Charizard|Charizard, L50, F|100/100\n|switch|p2b: Sneasler|Sneasler, L50, M|100/100\n|turn|1\n|\n|t:|1776632439\n|move|p2b: Sneasler|Fake Out|p1b: Big Chompa\n|-immune|p1b: Big Chompa\n|move|p1a: Bird Down|Tailwind|p1a: Bird Down\n|-sidestart|p1: Cybele74|move: Tailwind\n|move|p1b: Big Chompa|Nasty Plot|p1b: Big Chompa\n|-boost|p1b: Big Chompa|spa|2\n|move|p2a: Charizard|Dragon Dance|p2a: Charizard\n|-boost|p2a: Charizard|atk|1\n|-boost|p2a: Charizard|spe|1\n|\n|upkeep\n|turn|2\n|\n|t:|1776632480\n|move|p2a: Charizard|Protect|p2a: Charizard\n|-singleturn|p2a: Charizard|Protect\n|move|p1a: Bird Down|Taunt|p2a: Charizard\n|-activate|p2a: Charizard|move: Protect\n|move|p1b: Big Chompa|Hyper Voice|p2a: Charizard|[spread] p2b\n|-activate|p2a: Charizard|move: Protect\n|-damage|p2b: Sneasler|0 fnt\n|faint|p2b: Sneasler\n|\n|upkeep\n|\n|t:|1776632510\n|switch|p2b: Maushold|Maushold-Four, L50|100/100\n|turn|3\n|\n|t:|1776632545\n|move|p1a: Bird Down|Protect|p1a: Bird Down\n|-singleturn|p1a: Bird Down|Protect\n|move|p2b: Maushold|Follow Me|p2b: Maushold\n|-singleturn|p2b: Maushold|move: Follow Me\n|move|p1b: Big Chompa|Hyper Voice|p2a: Charizard|[spread] p2a,p2b\n|-damage|p2a: Charizard|34/100\n|-damage|p2b: Maushold|12/100\n|move|p2a: Charizard|Dragon Dance|p2a: Charizard\n|-boost|p2a: Charizard|atk|1\n|-boost|p2a: Charizard|spe|1\n|\n|upkeep\n|turn|4\n|\n|t:|1776632596\n|move|p2a: Charizard|Protect|p2a: Charizard\n|-singleturn|p2a: Charizard|Protect\n|move|p1a: Bird Down|Tailwind||[still]\n|-fail|p1a: Bird Down\n|move|p1b: Big Chompa|Hyper Voice|p2b: Maushold|[spread] p2b\n|-activate|p2a: Charizard|move: Protect\n|-damage|p2b: Maushold|0 fnt\n|faint|p2b: Maushold\n|\n|-sideend|p1: Cybele74|move: Tailwind\n|upkeep\n|\n|t:|1776632607\n|switch|p2b: Milotic|Milotic, L50, M, shiny|100/100\n|turn|5\n|\n|t:|1776632647\n|detailschange|p2a: Charizard|Charizard-Mega-X, L50, F\n|-mega|p2a: Charizard|Charizard|Charizardite X\n|move|p1a: Bird Down|Tailwind|p1a: Bird Down\n|-sidestart|p1: Cybele74|move: Tailwind\n|move|p1b: Big Chompa|Hyper Voice|p2a: Charizard|[spread] p2a,p2b\n|-crit|p2b: Milotic\n|-damage|p2a: Charizard|0 fnt\n|-damage|p2b: Milotic|17/100\n|-enditem|p2b: Milotic|Sitrus Berry|[eat]\n|-heal|p2b: Milotic|42/100|[from] item: Sitrus Berry\n|faint|p2a: Charizard\n|move|p2b: Milotic|Scald|p1a: Bird Down\n|-supereffective|p1a: Bird Down|1\n|-damage|p1a: Bird Down|18/100\n|\n|upkeep\n|turn|6\n|-message|elganadordeljuego forfeited.\n|\n|win|Cybele74\n|raw|Cybele74's rating: 1046 &rarr; <strong>1077</strong><br />(+31 for winning)\n|raw|elganadordeljuego's rating: 1019 &rarr; <strong>1007</strong><br />(-12 for losing)\n|l|\u2606elganadordeljuego\n|player|p2|\n",
  "uploadtime": 1776632930,
  "views": 18,
  "formatid": "gen9championsvgc2026regma",
  "rating": 1007,
  "private": 0,
  "password": null
}