{
  "id": "gen9championsvgc2026regma-2585049602",
  "format": "[Gen 9 Champions] VGC 2026 Reg M-A",
  "players": [
    "Ultrabide",
    "Missed Ledgedash"
  ],
  "log": "|j|\u2606Ultrabide\n|j|\u2606Missed Ledgedash\n|t:|1776306728\n|gametype|doubles\n|player|p1|Ultrabide|101|1352\n|player|p2|Missed Ledgedash|juan-gen3|1286\n|gen|9\n|tier|[Gen 9 Champions] VGC 2026 Reg M-A\n|rated|\n|rule|Species Clause: Limit one of each Pok\u00e9mon\n|rule|Item Clause: Limit 1 of each item\n|clearpoke\n|poke|p1|Incineroar, L50, F|\n|poke|p1|Garchomp, L50, M|\n|poke|p1|Rotom-Wash, L50|\n|poke|p1|Corviknight, L50, M|\n|poke|p1|Froslass, L50, F|\n|poke|p1|Sinistcha, L50|\n|poke|p2|Incineroar, L50, M|\n|poke|p2|Gengar, L50, F|\n|poke|p2|Sneasler, L50, M|\n|poke|p2|Tyranitar, L50, F|\n|poke|p2|Sinistcha, L50|\n|poke|p2|Rotom-Wash, L50|\n|teampreview|4\n|inactive|Battle timer is ON: inactive players will automatically lose when time's up. (requested by Ultrabide)\n|\n|t:|1776306781\n|teamsize|p1|4\n|teamsize|p2|4\n|start\n|switch|p1a: Garchomp|Garchomp, L50, M|100/100\n|switch|p1b: Corviknight|Corviknight, L50, M|100/100\n|switch|p2a: Gengar|Gengar, L50, F|100/100\n|switch|p2b: Incineroar|Incineroar, L50, M|100/100\n|-ability|p2b: Incineroar|Intimidate|boost\n|-unboost|p1a: Garchomp|atk|1\n|-ability|p1b: Corviknight|Mirror Armor\n|-unboost|p2b: Incineroar|atk|1\n|-enditem|p1a: Garchomp|White Herb\n|-clearnegativeboost|p1a: Garchomp|[silent]\n|turn|1\n|\n|t:|1776306797\n|detailschange|p2a: Gengar|Gengar-Mega, L50, F\n|-mega|p2a: Gengar|Gengar|Gengarite\n|move|p1a: Garchomp|Protect|p1a: Garchomp\n|-singleturn|p1a: Garchomp|Protect\n|move|p2b: Incineroar|Fake Out|p1a: Garchomp\n|-activate|p1a: Garchomp|move: Protect\n|move|p2a: Gengar|Icy Wind|p1b: Corviknight|[spread] p1b\n|-activate|p1a: Garchomp|move: Protect\n|-damage|p1b: Corviknight|86/100\n|-ability|p1b: Corviknight|Mirror Armor\n|-unboost|p2a: Gengar|spe|1\n|move|p1b: Corviknight|Tailwind|p1b: Corviknight\n|-sidestart|p1: Ultrabide|move: Tailwind\n|\n|-heal|p1b: Corviknight|92/100|[from] item: Leftovers\n|upkeep\n|turn|2\n|\n|t:|1776306811\n|switch|p2a: Rotom|Rotom-Wash, L50|100/100\n|move|p1a: Garchomp|Earthquake|p2a: Rotom|[spread] p2b\n|-immune|p1b: Corviknight\n|-immune|p2a: Rotom|[from] ability: Levitate\n|-supereffective|p2b: Incineroar|1\n|-enditem|p2b: Incineroar|Shuca Berry|[eat]\n|-enditem|p2b: Incineroar|Shuca Berry|[weaken]\n|-damage|p2b: Incineroar|74/100\n|move|p1b: Corviknight|Brave Bird|p2b: Incineroar\n|-damage|p2b: Incineroar|42/100\n|-damage|p1b: Corviknight|82/100|[from] Recoil\n|move|p2b: Incineroar|Parting Shot|p1a: Garchomp\n|-unboost|p1a: Garchomp|atk|1\n|-unboost|p1a: Garchomp|spa|1\n|\n|t:|1776306826\n|switch|p2b: Sinistcha|Sinistcha, L50|100/100|[from] Parting Shot\n|\n|-heal|p1b: Corviknight|88/100|[from] item: Leftovers\n|upkeep\n|turn|3\n|\n|t:|1776306839\n|switch|p1a: Rotom|Rotom-Wash, L50|100/100\n|move|p1b: Corviknight|Brave Bird|p2b: Sinistcha\n|-supereffective|p2b: Sinistcha|1\n|-damage|p2b: Sinistcha|42/100\n|-damage|p1b: Corviknight|71/100|[from] Recoil\n|move|p2a: Rotom|Nasty Plot|p2a: Rotom\n|-boost|p2a: Rotom|spa|2\n|move|p2b: Sinistcha|Trick Room|p2b: Sinistcha\n|-fieldstart|move: Trick Room|[of] p2b: Sinistcha\n|\n|-heal|p1b: Corviknight|77/100|[from] item: Leftovers\n|upkeep\n|turn|4\n|\n|t:|1776306855\n|move|p1b: Corviknight|Protect|p1b: Corviknight\n|-singleturn|p1b: Corviknight|Protect\n|move|p1a: Rotom|Protect|p1a: Rotom\n|-singleturn|p1a: Rotom|Protect\n|move|p2b: Sinistcha|Matcha Gotcha|p1b: Corviknight|[spread] \n|-activate|p1a: Rotom|move: Protect\n|-activate|p1b: Corviknight|move: Protect\n|move|p2a: Rotom|Thunderbolt|p1b: Corviknight\n|-activate|p1b: Corviknight|move: Protect\n|\n|-heal|p1b: Corviknight|83/100|[from] item: Leftovers\n|-sideend|p1: Ultrabide|move: Tailwind\n|upkeep\n|turn|5\n|inactive|Ultrabide has 30 seconds left.\n|\n|t:|1776306884\n|move|p2b: Sinistcha|Matcha Gotcha|p1b: Corviknight|[spread] p1a,p1b\n|-supereffective|p1a: Rotom|1\n|-enditem|p1a: Rotom|Rindo Berry|[eat]\n|-enditem|p1a: Rotom|Rindo Berry|[weaken]\n|-resisted|p1b: Corviknight|2\n|-damage|p1a: Rotom|71/100\n|-heal|p2b: Sinistcha|55/100|[from] drain|[of] p1a: Rotom\n|-damage|p1b: Corviknight|78/100\n|-heal|p2b: Sinistcha|58/100|[from] drain|[of] p1b: Corviknight\n|-status|p1b: Corviknight|brn\n|move|p1b: Corviknight|Brave Bird|p2b: Sinistcha\n|-supereffective|p2b: Sinistcha|1\n|-damage|p2b: Sinistcha|26/100\n|-damage|p1b: Corviknight|68/100 brn|[from] Recoil\n|move|p2a: Rotom|Thunderbolt|p1b: Corviknight\n|-supereffective|p1b: Corviknight|1\n|-damage|p1b: Corviknight|0 fnt\n|faint|p1b: Corviknight\n|move|p1a: Rotom|Thunderbolt|p2a: Rotom\n|-damage|p2a: Rotom|58/100\n|\n|upkeep\n|inactive|Ultrabide has 30 seconds left.\n|\n|t:|1776306911\n|switch|p1b: Garchomp|Garchomp, L50, M|100/100\n|turn|6\n|\n|t:|1776306928\n|move|p1a: Rotom|Protect|p1a: Rotom\n|-singleturn|p1a: Rotom|Protect\n|move|p2b: Sinistcha|Matcha Gotcha|p1b: Garchomp|[spread] \n|-activate|p1a: Rotom|move: Protect\n|-miss|p2b: Sinistcha|p1b: Garchomp\n|move|p2a: Rotom|Hydro Pump|p1a: Rotom\n|-activate|p1a: Rotom|move: Protect\n|move|p1b: Garchomp|Dragon Claw|p2b: Sinistcha\n|-damage|p2b: Sinistcha|0 fnt\n|faint|p2b: Sinistcha\n|\n|upkeep\n|\n|t:|1776306939\n|switch|p2b: Incineroar|Incineroar, L50, M|42/100\n|-ability|p2b: Incineroar|Intimidate|boost\n|-unboost|p1a: Rotom|atk|1\n|-unboost|p1b: Garchomp|atk|1\n|turn|7\n|\n|t:|1776306957\n|move|p1a: Rotom|Protect||[still]\n|-fail|p1a: Rotom\n|move|p1b: Garchomp|Protect|p1b: Garchomp\n|-singleturn|p1b: Garchomp|Protect\n|move|p2b: Incineroar|Fake Out|p1b: Garchomp\n|-activate|p1b: Garchomp|move: Protect\n|move|p2a: Rotom|Thunderbolt|p1a: Rotom\n|-damage|p1a: Rotom|0 fnt\n|faint|p1a: Rotom\n|\n|-fieldend|move: Trick Room\n|upkeep\n|\n|t:|1776306971\n|switch|p1a: Froslass|Froslass, L50, F|100/100\n|turn|8\n|\n|t:|1776306994\n|detailschange|p1a: Froslass|Froslass-Mega, L50, F\n|-mega|p1a: Froslass|Froslass|Froslassite\n|-weather|Snowscape|[from] ability: Snow Warning|[of] p1a: Froslass\n|move|p1a: Froslass|Shadow Ball|p2a: Rotom\n|-damage|p2a: Rotom|8/100\n|-enditem|p2a: Rotom|Sitrus Berry|[eat]\n|-heal|p2a: Rotom|33/100|[from] item: Sitrus Berry\n|move|p1b: Garchomp|Rock Slide|p2a: Rotom|[spread] p2a,p2b\n|-supereffective|p2b: Incineroar|1\n|-damage|p2a: Rotom|18/100\n|-damage|p2b: Incineroar|21/100\n|cant|p2a: Rotom|flinch\n|move|p2b: Incineroar|Parting Shot|p1b: Garchomp\n|-unboost|p1b: Garchomp|atk|1\n|-unboost|p1b: Garchomp|spa|1\n|\n|t:|1776307008\n|switch|p2b: Gengar|Gengar-Mega, L50, F|100/100|[from] Parting Shot\n|\n|-weather|Snowscape|[upkeep]\n|upkeep\n|turn|9\n|\n|t:|1776307027\n|switch|p2a: Incineroar|Incineroar, L50, M|21/100\n|-ability|p2a: Incineroar|Intimidate|boost\n|-unboost|p1a: Froslass|atk|1\n|-unboost|p1b: Garchomp|atk|1\n|move|p1a: Froslass|Protect|p1a: Froslass\n|-singleturn|p1a: Froslass|Protect\n|move|p2b: Gengar|Shadow Ball|p1a: Froslass\n|-activate|p1a: Froslass|move: Protect\n|move|p1b: Garchomp|Earthquake|p2a: Incineroar|[spread] p2a,p2b\n|-activate|p1a: Froslass|move: Protect\n|-supereffective|p2a: Incineroar|1\n|-supereffective|p2b: Gengar|1\n|-damage|p2a: Incineroar|0 fnt\n|-damage|p2b: Gengar|60/100\n|faint|p2a: Incineroar\n|\n|-weather|Snowscape|[upkeep]\n|upkeep\n|\n|t:|1776307039\n|switch|p2a: Rotom|Rotom-Wash, L50|18/100\n|turn|10\n|\n|t:|1776307046\n|move|p2b: Gengar|Icy Wind|p1b: Garchomp|[spread] p1a\n|-miss|p2b: Gengar|p1b: Garchomp\n|-resisted|p1a: Froslass|1\n|-damage|p1a: Froslass|92/100\n|-unboost|p1a: Froslass|spe|1\n|move|p1b: Garchomp|Rock Slide|p2b: Gengar|[spread] p2a,p2b\n|-damage|p2a: Rotom|10/100\n|-damage|p2b: Gengar|50/100\n|move|p1a: Froslass|Shadow Ball|p2b: Gengar\n|-supereffective|p2b: Gengar|1\n|-damage|p2b: Gengar|0 fnt\n|faint|p2b: Gengar\n|cant|p2a: Rotom|flinch\n|\n|-weather|Snowscape|[upkeep]\n|upkeep\n|turn|11\n|\n|t:|1776307062\n|move|p1b: Garchomp|Dragon Claw|p2a: Rotom\n|-damage|p2a: Rotom|0 fnt\n|faint|p2a: Rotom\n|\n|win|Ultrabide\n|raw|Ultrabide's rating: 1352 &rarr; <strong>1368</strong><br />(+16 for winning)\n|raw|Missed Ledgedash's rating: 1286 &rarr; <strong>1266</strong><br />(-20 for losing)\n",
  "uploadtime": 1776307063,
  "views": 26,
  "formatid": "gen9championsvgc2026regma",
  "rating": 1266,
  "private": 0,
  "password": null
}