{
  "id": "gen9championsvgc2026regma-2585014528",
  "format": "[Gen 9 Champions] VGC 2026 Reg M-A",
  "players": [
    "tzarii",
    "cabrino"
  ],
  "log": "|j|\u2606tzarii\n|j|\u2606cabrino\n|t:|1776303451\n|gametype|doubles\n|player|p1|tzarii|lady-gen4|1434\n|player|p2|cabrino|depotagent|1448\n|gen|9\n|tier|[Gen 9 Champions] VGC 2026 Reg M-A\n|rated|\n|rule|Species Clause: Limit one of each Pok\u00e9mon\n|rule|Item Clause: Limit 1 of each item\n|clearpoke\n|poke|p1|Scovillain, L50, F|\n|poke|p1|Aegislash, L50, M|\n|poke|p1|Primarina, L50, F|\n|poke|p1|Sneasler, L50, F|\n|poke|p1|Kommo-o, L50, F|\n|poke|p1|Farigiraf, L50, M|\n|poke|p2|Aerodactyl, L50, F|\n|poke|p2|Sneasler, L50, M|\n|poke|p2|Kingambit, L50, M|\n|poke|p2|Garchomp, L50, M|\n|poke|p2|Basculegion, L50, M|\n|poke|p2|Charizard, L50, M|\n|teampreview|4\n|inactive|Battle timer is ON: inactive players will automatically lose when time's up. (requested by cabrino)\n|\n|t:|1776303500\n|teamsize|p1|4\n|teamsize|p2|4\n|start\n|switch|p1a: Scovillain|Scovillain, L50, F|100/100\n|switch|p1b: Primarina|Primarina, L50, F|100/100\n|switch|p2a: AeroNarfi|Aerodactyl, L50, F, shiny|100/100\n|switch|p2b: Cabrizard|Charizard, L50, M, shiny|100/100\n|-ability|p2a: AeroNarfi|Unnerve\n|turn|1\n|\n|t:|1776303517\n|detailschange|p2b: Cabrizard|Charizard-Mega-Y, L50, M, shiny\n|-mega|p2b: Cabrizard|Charizard|Charizardite Y\n|-weather|SunnyDay|[from] ability: Drought|[of] p2b: Cabrizard\n|detailschange|p1a: Scovillain|Scovillain-Mega, L50, F\n|-mega|p1a: Scovillain|Scovillain|Scovillainite\n|move|p2a: AeroNarfi|Rock Slide|p1a: Scovillain|[spread] p1a,p1b\n|-supereffective|p1a: Scovillain|1\n|-crit|p1b: Primarina\n|-damage|p1a: Scovillain|59/100\n|-damage|p1b: Primarina|55/100\n|-status|p2a: AeroNarfi|brn|[from] ability: Spicy Spray|[of] p1a: Scovillain\n|move|p2b: Cabrizard|Heat Wave|p1b: Primarina|[spread] p1a,p1b\n|-resisted|p1b: Primarina|1\n|-damage|p1a: Scovillain|0 fnt\n|-damage|p1b: Primarina|25/100\n|-immune|p2b: Cabrizard\n|faint|p1a: Scovillain\n|move|p1b: Primarina|Calm Mind|p1b: Primarina\n|-boost|p1b: Primarina|spa|1\n|-boost|p1b: Primarina|spd|1\n|\n|-weather|SunnyDay|[upkeep]\n|-damage|p2a: AeroNarfi|95/100 brn|[from] brn\n|upkeep\n|\n|t:|1776303531\n|switch|p1a: Kommo-o|Kommo-o, L50, F|100/100\n|turn|2\n|\n|t:|1776303543\n|move|p2a: AeroNarfi|Dual Wingbeat|p1a: Kommo-o\n|-supereffective|p1a: Kommo-o|1\n|-damage|p1a: Kommo-o|83/100\n|-supereffective|p1a: Kommo-o|1\n|-damage|p1a: Kommo-o|64/100\n|-hitcount|p1a: Kommo-o|2\n|move|p2b: Cabrizard|Weather Ball|p1a: Kommo-o\n|-resisted|p1a: Kommo-o|1\n|-damage|p1a: Kommo-o|14/100\n|move|p1a: Kommo-o|Clangorous Soul||[still]\n|-fail|p1a: Kommo-o\n|move|p1b: Primarina|Hyper Voice|p2b: Cabrizard|[spread] p2a,p2b\n|-supereffective|p2a: AeroNarfi|1\n|-supereffective|p2b: Cabrizard|1\n|-damage|p2a: AeroNarfi|3/100 brn\n|-damage|p2b: Cabrizard|32/100\n|\n|-weather|SunnyDay|[upkeep]\n|-heal|p1a: Kommo-o|20/100|[from] item: Leftovers\n|-damage|p2a: AeroNarfi|0 fnt|[from] brn\n|faint|p2a: AeroNarfi\n|upkeep\n|\n|t:|1776303552\n|switch|p2a: Pugsy Hunter|Sneasler, L50, M, shiny|100/100\n|turn|3\n|\n|t:|1776303570\n|move|p1a: Kommo-o|Protect|p1a: Kommo-o\n|-singleturn|p1a: Kommo-o|Protect\n|move|p1b: Primarina|Protect|p1b: Primarina\n|-singleturn|p1b: Primarina|Protect\n|move|p2a: Pugsy Hunter|Close Combat|p1a: Kommo-o\n|-activate|p1a: Kommo-o|move: Protect\n|move|p2b: Cabrizard|Weather Ball|p1b: Primarina\n|-activate|p1b: Primarina|move: Protect\n|\n|-weather|SunnyDay|[upkeep]\n|-heal|p1a: Kommo-o|26/100|[from] item: Leftovers\n|upkeep\n|turn|4\n|\n|t:|1776303582\n|move|p1a: Kommo-o|Protect|p1a: Kommo-o\n|-singleturn|p1a: Kommo-o|Protect\n|move|p1b: Primarina|Protect||[still]\n|-fail|p1b: Primarina\n|move|p2a: Pugsy Hunter|Dire Claw|p1b: Primarina\n|-supereffective|p1b: Primarina|1\n|-damage|p1b: Primarina|0 fnt\n|faint|p1b: Primarina\n|move|p2b: Cabrizard|Weather Ball|p1a: Kommo-o\n|-activate|p1a: Kommo-o|move: Protect\n|\n|-weather|SunnyDay|[upkeep]\n|-heal|p1a: Kommo-o|32/100|[from] item: Leftovers\n|upkeep\n|\n|t:|1776303587\n|switch|p1b: Aegislash|Aegislash, L50, M|100/100\n|turn|5\n|inactive|tzarii has 30 seconds left.\n|inactive|tzarii has 20 seconds left.\n|inactive|tzarii has 15 seconds left.\n|inactive|tzarii has 10 seconds left.\n|\n|t:|1776303635\n|-formechange|p1b: Aegislash|Aegislash-Blade|\n|move|p1b: Aegislash|Shadow Sneak|p2b: Cabrizard\n|-damage|p2b: Cabrizard|0 fnt\n|faint|p2b: Cabrizard\n|move|p2a: Pugsy Hunter|Close Combat|p1a: Kommo-o\n|-damage|p1a: Kommo-o|0 fnt\n|-unboost|p2a: Pugsy Hunter|def|1\n|-unboost|p2a: Pugsy Hunter|spd|1\n|faint|p1a: Kommo-o\n|-enditem|p2a: Pugsy Hunter|White Herb\n|-clearnegativeboost|p2a: Pugsy Hunter|[silent]\n|\n|-weather|none\n|upkeep\n|\n|t:|1776303639\n|switch|p2b: Bascubrino|Basculegion, L50, M|100/100\n|turn|6\n|j| jeskyv2\n|j| r4gn4r96\n|\n|t:|1776303651\n|-formechange|p1b: Aegislash|Aegislash|\n|move|p1b: Aegislash|King's Shield|p1b: Aegislash\n|-singleturn|p1b: Aegislash|Protect\n|move|p2a: Pugsy Hunter|Dire Claw|p1b: Aegislash\n|-activate|p1b: Aegislash|move: Protect\n|-unboost|p2a: Pugsy Hunter|atk|1\n|move|p2b: Bascubrino|Last Respects|p1b: Aegislash\n|-activate|p1b: Aegislash|move: Protect\n|\n|upkeep\n|turn|7\n|\n|t:|1776303667\n|move|p2a: Pugsy Hunter|Dire Claw|p1b: Aegislash\n|-immune|p1b: Aegislash\n|move|p2b: Bascubrino|Last Respects|p1b: Aegislash\n|-supereffective|p1b: Aegislash|1\n|-damage|p1b: Aegislash|0 fnt\n|faint|p1b: Aegislash\n|\n|win|cabrino\n|raw|tzarii's rating: 1434 &rarr; <strong>1415</strong><br />(-19 for losing)\n|raw|cabrino's rating: 1448 &rarr; <strong>1467</strong><br />(+19 for winning)\n|l|\u2606tzarii\n|player|p1|\n",
  "uploadtime": 1776303677,
  "views": 36,
  "formatid": "gen9championsvgc2026regma",
  "rating": 1415,
  "private": 0,
  "password": null
}