{
  "id": "gen9championsvgc2026regma-2588491712",
  "format": "[Gen 9 Champions] VGC 2026 Reg M-A",
  "players": [
    "lessa_ped",
    "CyberneticEwok"
  ],
  "log": "|j|\u2606lessa_ped\n|j|\u2606CyberneticEwok\n|t:|1776638368\n|gametype|doubles\n|player|p1|lessa_ped|101|1106\n|player|p2|CyberneticEwok|flannery|1185\n|gen|9\n|tier|[Gen 9 Champions] VGC 2026 Reg M-A\n|rated|\n|rule|Species Clause: Limit one of each Pok\u00e9mon\n|rule|Item Clause: Limit 1 of each item\n|clearpoke\n|poke|p1|Archaludon, L50, F, shiny|\n|poke|p1|Pelipper, L50, M, shiny|\n|poke|p1|Sneasler, L50, F, shiny|\n|poke|p1|Incineroar, L50, F, shiny|\n|poke|p1|Basculegion, L50, M, shiny|\n|poke|p1|Meganium, L50, F|\n|poke|p2|Meganium, L50, F, shiny|\n|poke|p2|Aerodactyl, L50, F|\n|poke|p2|Archaludon, L50, F|\n|poke|p2|Tauros-Paldea-Aqua, L50, M|\n|poke|p2|Typhlosion-Hisui, L50, F|\n|poke|p2|Kangaskhan, L50, F|\n|teampreview|4\n|\n|t:|1776638421\n|teamsize|p1|4\n|teamsize|p2|4\n|start\n|switch|p1a: Sneasler|Sneasler, L50, F, shiny|100/100\n|switch|p1b: Basculegion|Basculegion, L50, M, shiny|100/100\n|switch|p2a: Cherry Dactery|Aerodactyl, L50, F|100/100\n|switch|p2b: Don Archie|Archaludon, L50, F|100/100\n|-ability|p2a: Cherry Dactery|Unnerve\n|turn|1\n|inactive|Battle timer is ON: inactive players will automatically lose when time's up. (requested by CyberneticEwok)\n|\n|t:|1776638461\n|switch|p1a: Pelipper|Pelipper, L50, M, shiny|100/100\n|-weather|RainDance|[from] ability: Drizzle|[of] p1a: Pelipper\n|move|p1b: Basculegion|Wave Crash|p2a: Cherry Dactery\n|-supereffective|p2a: Cherry Dactery|1\n|-enditem|p2a: Cherry Dactery|Focus Sash\n|-damage|p2a: Cherry Dactery|1/100\n|-damage|p1b: Basculegion|75/100|[from] Recoil\n|move|p2a: Cherry Dactery|Dual Wingbeat|p1a: Pelipper\n|-damage|p1a: Pelipper|80/100\n|-damage|p1a: Pelipper|60/100\n|-hitcount|p1a: Pelipper|2\n|move|p2b: Don Archie|Thunderbolt|p1b: Basculegion\n|-supereffective|p1b: Basculegion|1\n|-damage|p1b: Basculegion|3/100\n|\n|-weather|RainDance|[upkeep]\n|upkeep\n|turn|2\n|inactive|lessa_ped has 30 seconds left.\n|\n|t:|1776638495\n|move|p1b: Basculegion|Protect|p1b: Basculegion\n|-singleturn|p1b: Basculegion|Protect\n|move|p2a: Cherry Dactery|Protect|p2a: Cherry Dactery\n|-singleturn|p2a: Cherry Dactery|Protect\n|move|p2b: Don Archie|Thunderbolt|p1a: Pelipper\n|-supereffective|p1a: Pelipper|2\n|-damage|p1a: Pelipper|0 fnt\n|faint|p1a: Pelipper\n|\n|-weather|RainDance|[upkeep]\n|upkeep\n|\n|t:|1776638504\n|switch|p1a: Sneasler|Sneasler, L50, F, shiny|100/100\n|turn|3\n|inactive|CyberneticEwok has 30 seconds left.\n|\n|t:|1776638531\n|switch|p2a: Buddy|Meganium, L50, F, shiny|100/100\n|move|p1b: Basculegion|Aqua Jet|p2a: Buddy\n|-resisted|p2a: Buddy|1\n|-damage|p2a: Buddy|84/100\n|move|p1a: Sneasler|Close Combat|p2b: Don Archie\n|-supereffective|p2b: Don Archie|1\n|-ability|p2b: Don Archie|Sturdy\n|-damage|p2b: Don Archie|1/100\n|-unboost|p1a: Sneasler|def|1\n|-unboost|p1a: Sneasler|spd|1\n|-enditem|p1a: Sneasler|White Herb\n|-clearnegativeboost|p1a: Sneasler|[silent]\n|move|p2b: Don Archie|Thunderbolt|p1b: Basculegion\n|-supereffective|p1b: Basculegion|1\n|-damage|p1b: Basculegion|0 fnt\n|faint|p1b: Basculegion\n|\n|-weather|RainDance|[upkeep]\n|-heal|p2b: Don Archie|7/100|[from] item: Leftovers\n|upkeep\n|\n|t:|1776638545\n|switch|p1b: Archaludon|Archaludon, L50, F, shiny|100/100\n|turn|4\n|inactive|CyberneticEwok has 30 seconds left.\n|\n|t:|1776638573\n|detailschange|p2a: Buddy|Meganium-Mega, L50, F, shiny\n|-mega|p2a: Buddy|Meganium|Meganiumite\n|move|p2a: Buddy|Protect|p2a: Buddy\n|-singleturn|p2a: Buddy|Protect\n|move|p1a: Sneasler|Dire Claw|p2a: Buddy\n|-activate|p2a: Buddy|move: Protect\n|move|p2b: Don Archie|Dragon Pulse|p1b: Archaludon\n|-damage|p1b: Archaludon|60/100\n|-ability|p1b: Archaludon|Stamina|boost\n|-boost|p1b: Archaludon|def|1\n|move|p1b: Archaludon|Flash Cannon|p2b: Don Archie\n|-resisted|p2b: Don Archie|1\n|-damage|p2b: Don Archie|0 fnt\n|faint|p2b: Don Archie\n|\n|-weather|RainDance|[upkeep]\n|-heal|p1b: Archaludon|66/100|[from] item: Leftovers\n|upkeep\n|\n|t:|1776638590\n|switch|p2b: Cherry Dactery|Aerodactyl, L50, F|1/100\n|-ability|p2b: Cherry Dactery|Unnerve\n|turn|5\n|\n|t:|1776638607\n|move|p1a: Sneasler|Protect|p1a: Sneasler\n|-singleturn|p1a: Sneasler|Protect\n|move|p2b: Cherry Dactery|Tailwind|p2b: Cherry Dactery\n|-sidestart|p2: CyberneticEwok|move: Tailwind\n|move|p2a: Buddy|Dazzling Gleam|p1b: Archaludon|[spread] p1b\n|-activate|p1a: Sneasler|move: Protect\n|-crit|p1b: Archaludon\n|-damage|p1b: Archaludon|9/100\n|-ability|p1b: Archaludon|Stamina|boost\n|-boost|p1b: Archaludon|def|1\n|move|p1b: Archaludon|Electro Shot||[still]\n|-prepare|p1b: Archaludon|Electro Shot\n|-boost|p1b: Archaludon|spa|1\n|-anim|p1b: Archaludon|Electro Shot|p2b: Cherry Dactery\n|-supereffective|p2b: Cherry Dactery|1\n|-damage|p2b: Cherry Dactery|0 fnt\n|faint|p2b: Cherry Dactery\n|\n|-weather|none\n|-heal|p1b: Archaludon|15/100|[from] item: Leftovers\n|upkeep\n|\n|t:|1776638623\n|switch|p2b: Ghostilocks|Typhlosion-Hisui, L50, F|100/100\n|-item|p1b: Archaludon|Leftovers|[from] ability: Frisk|[of] p2b: Ghostilocks\n|turn|6\n|\n|t:|1776638640\n|move|p2a: Buddy|Protect|p2a: Buddy\n|-singleturn|p2a: Buddy|Protect\n|move|p1b: Archaludon|Protect|p1b: Archaludon\n|-singleturn|p1b: Archaludon|Protect\n|move|p2b: Ghostilocks|Eruption|p1a: Sneasler|[spread] p1a\n|-activate|p1b: Archaludon|move: Protect\n|-damage|p1a: Sneasler|29/100\n|move|p1a: Sneasler|Dire Claw|p2a: Buddy\n|-activate|p2a: Buddy|move: Protect\n|\n|-heal|p1b: Archaludon|21/100|[from] item: Leftovers\n|upkeep\n|turn|7\n|\n|t:|1776638655\n|move|p1a: Sneasler|Protect|p1a: Sneasler\n|-singleturn|p1a: Sneasler|Protect\n|move|p1b: Archaludon|Protect||[still]\n|-fail|p1b: Archaludon\n|move|p2b: Ghostilocks|Eruption|p1a: Sneasler|[spread] p1b\n|-activate|p1a: Sneasler|move: Protect\n|-crit|p1b: Archaludon\n|-damage|p1b: Archaludon|0 fnt\n|faint|p1b: Archaludon\n|move|p2a: Buddy|Dazzling Gleam|p1a: Sneasler\n|-activate|p1a: Sneasler|move: Protect\n|\n|upkeep\n|turn|8\n|\n|t:|1776638671\n|move|p2b: Ghostilocks|Eruption|p1a: Sneasler\n|-damage|p1a: Sneasler|0 fnt\n|faint|p1a: Sneasler\n|\n|win|CyberneticEwok\n|raw|lessa_ped's rating: 1106 &rarr; <strong>1087</strong><br />(-19 for losing)\n|raw|CyberneticEwok's rating: 1185 &rarr; <strong>1204</strong><br />(+19 for winning)\n",
  "uploadtime": 1776638674,
  "views": 10,
  "formatid": "gen9championsvgc2026regma",
  "rating": 1087,
  "private": 0,
  "password": null
}