{
  "id": "gen9championsvgc2026regma-2584059965",
  "format": "[Gen 9 Champions] VGC 2026 Reg M-A",
  "players": [
    "itsjustsomni",
    "J_arrieta"
  ],
  "log": "|j|\u2606itsjustsomni\n|j|\u2606J_arrieta\n|t:|1776221128\n|gametype|doubles\n|player|p1|itsjustsomni|cyrus|1111\n|player|p2|J_arrieta|beauty-gen4dp|1114\n|gen|9\n|tier|[Gen 9 Champions] VGC 2026 Reg M-A\n|rated|\n|rule|Species Clause: Limit one of each Pok\u00e9mon\n|rule|Item Clause: Limit 1 of each item\n|clearpoke\n|poke|p1|Aggron, L50, M|\n|poke|p1|Sinistcha, L50|\n|poke|p1|Hydreigon, L50, M|\n|poke|p1|Incineroar, L50, F|\n|poke|p1|Rotom-Wash, L50|\n|poke|p1|Gyarados, L50, F|\n|poke|p2|Sinistcha, L50|\n|poke|p2|Sneasler, L50, M|\n|poke|p2|Farigiraf, L50, F|\n|poke|p2|Drampa, L50, M|\n|poke|p2|Torkoal, L50, F|\n|poke|p2|Milotic, L50, F|\n|teampreview|4\n|inactive|Battle timer is ON: inactive players will automatically lose when time's up. (requested by itsjustsomni)\n|inactive|J_arrieta has 60 seconds left.\n|\n|t:|1776221159\n|teamsize|p1|4\n|teamsize|p2|4\n|start\n|switch|p1a: Rotom|Rotom-Wash, L50|100/100\n|switch|p1b: Incineroar|Incineroar, L50, F|100/100\n|switch|p2a: Sinistcha|Sinistcha, L50|100/100\n|switch|p2b: Drampa|Drampa, L50, M, shiny|100/100\n|-ability|p1b: Incineroar|Intimidate|boost\n|-unboost|p2a: Sinistcha|atk|1\n|-unboost|p2b: Drampa|atk|1\n|turn|1\n|\n|t:|1776221177\n|detailschange|p2b: Drampa|Drampa-Mega, L50, M, shiny\n|-mega|p2b: Drampa|Drampa|Drampanite\n|move|p1b: Incineroar|Fake Out|p2b: Drampa\n|-damage|p2b: Drampa|89/100\n|move|p1a: Rotom|Will-O-Wisp|p2b: Drampa\n|-status|p2b: Drampa|brn\n|cant|p2b: Drampa|flinch\n|move|p2a: Sinistcha|Trick Room|p2a: Sinistcha\n|-fieldstart|move: Trick Room|[of] p2a: Sinistcha\n|\n|-damage|p2b: Drampa|83/100 brn|[from] brn\n|upkeep\n|turn|2\n|inactive|itsjustsomni has 30 seconds left.\n|inactive|J_arrieta has 30 seconds left.\n|\n|t:|1776221207\n|move|p1a: Rotom|Protect|p1a: Rotom\n|-singleturn|p1a: Rotom|Protect\n|move|p2b: Drampa|Calm Mind|p2b: Drampa\n|-boost|p2b: Drampa|spa|1\n|-boost|p2b: Drampa|spd|1\n|move|p1b: Incineroar|Parting Shot|p2b: Drampa\n|-unboost|p2b: Drampa|atk|1\n|-unboost|p2b: Drampa|spa|1\n|\n|t:|1776221217\n|switch|p1b: Hydreigon|Hydreigon, L50, M|100/100|[from] Parting Shot\n|move|p2a: Sinistcha|Matcha Gotcha|p1b: Hydreigon|[spread] p1b\n|-activate|p1a: Rotom|move: Protect\n|-resisted|p1b: Hydreigon|1\n|-damage|p1b: Hydreigon|86/100\n|-status|p1b: Hydreigon|brn\n|\n|-damage|p2b: Drampa|77/100 brn|[from] brn\n|-damage|p1b: Hydreigon|80/100 brn|[from] brn\n|upkeep\n|turn|3\n|\n|t:|1776221235\n|switch|p1a: Incineroar|Incineroar, L50, F|100/100\n|-ability|p1a: Incineroar|Intimidate|boost\n|-unboost|p2a: Sinistcha|atk|1\n|-unboost|p2b: Drampa|atk|1\n|move|p2a: Sinistcha|Rage Powder|p2a: Sinistcha\n|-singleturn|p2a: Sinistcha|move: Rage Powder\n|move|p2b: Drampa|Calm Mind|p2b: Drampa\n|-boost|p2b: Drampa|spa|1\n|-boost|p2b: Drampa|spd|1\n|move|p1b: Hydreigon|Draco Meteor|p2a: Sinistcha|[miss]\n|-miss|p1b: Hydreigon|p2a: Sinistcha\n|\n|-damage|p2b: Drampa|72/100 brn|[from] brn\n|-damage|p1b: Hydreigon|74/100 brn|[from] brn\n|upkeep\n|turn|4\n|\n|t:|1776221256\n|move|p2b: Drampa|Protect|p2b: Drampa\n|-singleturn|p2b: Drampa|Protect\n|move|p2a: Sinistcha|Rage Powder|p2a: Sinistcha\n|-singleturn|p2a: Sinistcha|move: Rage Powder\n|move|p1a: Incineroar|Taunt|p2a: Sinistcha\n|-start|p2a: Sinistcha|move: Taunt\n|-enditem|p2a: Sinistcha|Mental Herb\n|-end|p2a: Sinistcha|move: Taunt\n|move|p1b: Hydreigon|Flamethrower|p2a: Sinistcha\n|-supereffective|p2a: Sinistcha|1\n|-damage|p2a: Sinistcha|33/100\n|-status|p2a: Sinistcha|brn\n|\n|-damage|p2b: Drampa|66/100 brn|[from] brn\n|-damage|p2a: Sinistcha|27/100 brn|[from] brn\n|-damage|p1b: Hydreigon|68/100 brn|[from] brn\n|upkeep\n|turn|5\n|\n|t:|1776221281\n|move|p2b: Drampa|Hyper Voice|p1b: Hydreigon|[spread] p1a,p1b\n|-damage|p1a: Incineroar|51/100\n|-damage|p1b: Hydreigon|0 fnt\n|faint|p1b: Hydreigon\n|move|p1a: Incineroar|Parting Shot|p2b: Drampa\n|-unboost|p2b: Drampa|atk|1\n|-unboost|p2b: Drampa|spa|1\n|\n|t:|1776221294\n|switch|p1a: Gyarados|Gyarados, L50, F|100/100|[from] Parting Shot\n|-ability|p1a: Gyarados|Intimidate|boost\n|-unboost|p2a: Sinistcha|atk|1\n|-unboost|p2b: Drampa|atk|1\n|move|p2a: Sinistcha|Life Dew|p2a: Sinistcha|[spread] p2a,p2b\n|-heal|p2a: Sinistcha|53/100 brn\n|-heal|p2b: Drampa|91/100 brn\n|\n|-damage|p2b: Drampa|85/100 brn|[from] brn\n|-damage|p2a: Sinistcha|46/100 brn|[from] brn\n|-fieldend|move: Trick Room\n|upkeep\n|\n|t:|1776221308\n|switch|p1b: Rotom|Rotom-Wash, L50|100/100\n|turn|6\n|inactive|J_arrieta has 30 seconds left.\n|\n|t:|1776221339\n|detailschange|p1a: Gyarados|Gyarados-Mega, L50, F\n|-mega|p1a: Gyarados|Gyarados|Gyaradosite\n|-ability|p1a: Gyarados|Mold Breaker\n|move|p1a: Gyarados|Earthquake|p2b: Drampa|[spread] p1b,p2a,p2b\n|-supereffective|p1b: Rotom|1\n|-resisted|p2a: Sinistcha|1\n|-crit|p2b: Drampa\n|-damage|p1b: Rotom|15/100\n|-damage|p2a: Sinistcha|31/100 brn\n|-damage|p2b: Drampa|36/100 brn\n|-ability|p2b: Drampa|Berserk|boost\n|-boost|p2b: Drampa|spa|1\n|move|p1b: Rotom|Thunderbolt|p2a: Sinistcha\n|-resisted|p2a: Sinistcha|1\n|-damage|p2a: Sinistcha|9/100 brn\n|move|p2b: Drampa|Calm Mind|p2b: Drampa\n|-boost|p2b: Drampa|spa|1\n|-boost|p2b: Drampa|spd|1\n|move|p2a: Sinistcha|Trick Room|p2a: Sinistcha\n|-fieldstart|move: Trick Room|[of] p2a: Sinistcha\n|\n|-damage|p2b: Drampa|30/100 brn|[from] brn\n|-damage|p2a: Sinistcha|3/100 brn|[from] brn\n|upkeep\n|turn|7\n|inactive|J_arrieta has 30 seconds left.\n|\n|t:|1776221367\n|switch|p1b: Incineroar|Incineroar, L50, F|51/100\n|-ability|p1b: Incineroar|Intimidate|boost\n|-unboost|p2a: Sinistcha|atk|1\n|-unboost|p2b: Drampa|atk|1\n|move|p1a: Gyarados|Protect|p1a: Gyarados\n|-singleturn|p1a: Gyarados|Protect\n|move|p2b: Drampa|Hyper Voice|p1b: Incineroar|[spread] p1b\n|-activate|p1a: Gyarados|move: Protect\n|-damage|p1b: Incineroar|0 fnt\n|faint|p1b: Incineroar\n|move|p2a: Sinistcha|Life Dew|p2a: Sinistcha|[spread] p2a,p2b\n|-heal|p2a: Sinistcha|28/100 brn\n|-heal|p2b: Drampa|55/100 brn\n|\n|-damage|p2b: Drampa|49/100 brn|[from] brn\n|-damage|p2a: Sinistcha|22/100 brn|[from] brn\n|upkeep\n|\n|t:|1776221385\n|switch|p1b: Rotom|Rotom-Wash, L50|15/100\n|turn|8\n|\n|t:|1776221394\n|move|p1b: Rotom|Protect|p1b: Rotom\n|-singleturn|p1b: Rotom|Protect\n|move|p2a: Sinistcha|Rage Powder|p2a: Sinistcha\n|-singleturn|p2a: Sinistcha|move: Rage Powder\n|move|p2b: Drampa|Hyper Voice|p1b: Rotom|[spread] p1a\n|-activate|p1b: Rotom|move: Protect\n|-damage|p1a: Gyarados|27/100\n|move|p1a: Gyarados|Waterfall|p2a: Sinistcha\n|-resisted|p2a: Sinistcha|1\n|-damage|p2a: Sinistcha|0 fnt\n|faint|p2a: Sinistcha\n|\n|-damage|p2b: Drampa|43/100 brn|[from] brn\n|upkeep\n|\n|t:|1776221406\n|switch|p2a: Torkoal|Torkoal, L50, F|100/100\n|-weather|SunnyDay|[from] ability: Drought|[of] p2a: Torkoal\n|turn|9\n|\n|t:|1776221415\n|move|p1a: Gyarados|Protect|p1a: Gyarados\n|-singleturn|p1a: Gyarados|Protect\n|move|p2a: Torkoal|Eruption|p1a: Gyarados|[spread] p1b\n|-activate|p1a: Gyarados|move: Protect\n|-resisted|p1b: Rotom|1\n|-damage|p1b: Rotom|0 fnt\n|faint|p1b: Rotom\n|move|p2b: Drampa|Hyper Voice|p1a: Gyarados\n|-activate|p1a: Gyarados|move: Protect\n|\n|-weather|SunnyDay|[upkeep]\n|-damage|p2b: Drampa|38/100 brn|[from] brn\n|upkeep\n|turn|10\n|\n|t:|1776221430\n|move|p1a: Gyarados|Protect|p1a: Gyarados\n|-singleturn|p1a: Gyarados|Protect\n|move|p2a: Torkoal|Eruption|p1a: Gyarados\n|-activate|p1a: Gyarados|move: Protect\n|move|p2b: Drampa|Draco Meteor|p1a: Gyarados\n|-activate|p1a: Gyarados|move: Protect\n|\n|-weather|SunnyDay|[upkeep]\n|-damage|p2b: Drampa|32/100 brn|[from] brn\n|-fieldend|move: Trick Room\n|upkeep\n|turn|11\n|\n|t:|1776221444\n|move|p1a: Gyarados|Earthquake|p2a: Torkoal|[spread] p2a,p2b\n|-supereffective|p2a: Torkoal|1\n|-damage|p2a: Torkoal|46/100\n|-damage|p2b: Drampa|0 fnt\n|faint|p2b: Drampa\n|move|p2a: Torkoal|Solar Beam||[still]\n|-prepare|p2a: Torkoal|Solar Beam\n|-anim|p2a: Torkoal|Solar Beam|p1a: Gyarados\n|-supereffective|p1a: Gyarados|1\n|-damage|p1a: Gyarados|0 fnt\n|faint|p1a: Gyarados\n|\n|win|J_arrieta\n|raw|itsjustsomni's rating: 1111 &rarr; <strong>1086</strong><br />(-25 for losing)\n|raw|J_arrieta's rating: 1114 &rarr; <strong>1139</strong><br />(+25 for winning)\n",
  "uploadtime": 1776221451,
  "views": 19,
  "formatid": "gen9championsvgc2026regma",
  "rating": 1086,
  "private": 0,
  "password": null
}