{
  "id": "gen9championsvgc2026regma-2581885190",
  "format": "[Gen 9 Champions] VGC 2026 Reg M-A",
  "players": [
    "JuanluRR_47",
    "kingambit kahn"
  ],
  "log": "|j|\u2606JuanluRR_47\n|j|\u2606kingambit kahn\n|t:|1776036660\n|gametype|doubles\n|player|p1|JuanluRR_47|worker-gen4|1249\n|player|p2|kingambit kahn|roughneck|1151\n|gen|9\n|tier|[Gen 9 Champions] VGC 2026 Reg M-A\n|rated|\n|rule|Species Clause: Limit one of each Pok\u00e9mon\n|rule|Item Clause: Limit 1 of each item\n|clearpoke\n|poke|p1|Meganium, L50, M|\n|poke|p1|Pelipper, L50, F|\n|poke|p1|Basculegion, L50, M|\n|poke|p1|Garchomp, L50, F|\n|poke|p1|Incineroar, L50, M|\n|poke|p1|Maushold-Four, L50|\n|poke|p2|Pelipper, L50, F|\n|poke|p2|Meganium, L50, F|\n|poke|p2|Archaludon, L50, M|\n|poke|p2|Dragapult, L50, F|\n|poke|p2|Incineroar, L50, M|\n|poke|p2|Gyarados, L50, F|\n|teampreview|4\n|inactive|Battle timer is ON: inactive players will automatically lose when time's up. (requested by kingambit kahn)\n|\n|t:|1776036701\n|teamsize|p1|4\n|teamsize|p2|4\n|start\n|switch|p1a: Basculegion|Basculegion, L50, M, shiny|100/100\n|switch|p1b: Garchomp|Garchomp, L50, F, shiny|100/100\n|switch|p2a: Meganium|Meganium, L50, F, shiny|100/100\n|switch|p2b: Archaludon|Archaludon, L50, M, shiny|100/100\n|turn|1\n|inactive|kingambit kahn has 30 seconds left.\n|\n|t:|1776036727\n|switch|p1b: Maushold|Maushold-Four, L50, shiny|100/100\n|detailschange|p2a: Meganium|Meganium-Mega, L50, F, shiny\n|-mega|p2a: Meganium|Meganium|Meganiumite\n|move|p1a: Basculegion|Flip Turn|p2a: Meganium\n|-resisted|p2a: Meganium|1\n|-damage|p2a: Meganium|81/100\n|\n|t:|1776036733\n|switch|p1a: Incineroar|Incineroar, L50, M|100/100|[from] Flip Turn\n|-ability|p1a: Incineroar|Intimidate|boost\n|-unboost|p2a: Meganium|atk|1\n|-unboost|p2b: Archaludon|atk|1\n|move|p2b: Archaludon|Flash Cannon|p1b: Maushold\n|-damage|p1b: Maushold|47/100\n|move|p2a: Meganium|Dazzling Gleam|p1a: Incineroar|[spread] p1a,p1b\n|-damage|p1a: Incineroar|80/100\n|-damage|p1b: Maushold|3/100\n|\n|upkeep\n|turn|2\n|\n|t:|1776036761\n|move|p1b: Maushold|Protect|p1b: Maushold\n|-singleturn|p1b: Maushold|Protect\n|move|p2a: Meganium|Protect|p2a: Meganium\n|-singleturn|p2a: Meganium|Protect\n|move|p1a: Incineroar|Fake Out|p2a: Meganium\n|-activate|p2a: Meganium|move: Protect\n|move|p2b: Archaludon|Aura Sphere|p1a: Incineroar\n|-supereffective|p1a: Incineroar|1\n|-damage|p1a: Incineroar|46/100\n|-enditem|p1a: Incineroar|Sitrus Berry|[eat]\n|-heal|p1a: Incineroar|71/100|[from] item: Sitrus Berry\n|\n|upkeep\n|turn|3\n|inactive|JuanluRR_47 has 30 seconds left.\n|inactive|JuanluRR_47 has 20 seconds left.\n|\n|t:|1776036798\n|move|p1b: Maushold|Encore|p2a: Meganium\n|-start|p2a: Meganium|Encore\n|move|p2a: Meganium|Protect||[still]\n|-fail|p2a: Meganium\n|move|p2b: Archaludon|Aura Sphere|p1a: Incineroar\n|-supereffective|p1a: Incineroar|1\n|-damage|p1a: Incineroar|36/100\n|move|p1a: Incineroar|Parting Shot|p2b: Archaludon\n|-unboost|p2b: Archaludon|atk|1\n|-unboost|p2b: Archaludon|spa|1\n|\n|t:|1776036809\n|switch|p1a: Garchomp|Garchomp, L50, F, shiny|100/100|[from] Parting Shot\n|\n|upkeep\n|turn|4\n|\n|t:|1776036821\n|switch|p2a: Pelipper|Pelipper, L50, F, shiny|100/100\n|-weather|RainDance|[from] ability: Drizzle|[of] p2a: Pelipper\n|move|p1b: Maushold|Follow Me|p1b: Maushold\n|-singleturn|p1b: Maushold|move: Follow Me\n|move|p1a: Garchomp|Stomping Tantrum|p2b: Archaludon\n|-supereffective|p2b: Archaludon|1\n|-damage|p2b: Archaludon|28/100\n|-ability|p2b: Archaludon|Stamina|boost\n|-boost|p2b: Archaludon|def|1\n|move|p2b: Archaludon|Draco Meteor|p1b: Maushold\n|-damage|p1b: Maushold|0 fnt\n|-unboost|p2b: Archaludon|spa|2\n|faint|p1b: Maushold\n|\n|-weather|RainDance|[upkeep]\n|upkeep\n|\n|t:|1776036834\n|switch|p1b: Basculegion|Basculegion, L50, M, shiny|100/100\n|turn|5\n|\n|t:|1776036842\n|move|p2a: Pelipper|Protect|p2a: Pelipper\n|-singleturn|p2a: Pelipper|Protect\n|move|p1b: Basculegion|Last Respects|p2a: Pelipper\n|-activate|p2a: Pelipper|move: Protect\n|move|p1a: Garchomp|Stomping Tantrum|p2b: Archaludon\n|-supereffective|p2b: Archaludon|1\n|-damage|p2b: Archaludon|0 fnt\n|faint|p2b: Archaludon\n|\n|-weather|RainDance|[upkeep]\n|upkeep\n|\n|t:|1776036852\n|switch|p2b: Meganium|Meganium-Mega, L50, F, shiny|81/100\n|turn|6\n|\n|t:|1776036874\n|move|p1b: Basculegion|Last Respects|p2a: Pelipper\n|-damage|p2a: Pelipper|31/100\n|move|p1a: Garchomp|Rock Slide|p2b: Meganium|[spread] p2a,p2b\n|-supereffective|p2a: Pelipper|1\n|-damage|p2a: Pelipper|0 fnt\n|-damage|p2b: Meganium|60/100\n|faint|p2a: Pelipper\n|move|p2b: Meganium|Dazzling Gleam|p1b: Basculegion|[spread] p1a,p1b\n|-supereffective|p1a: Garchomp|1\n|-damage|p1a: Garchomp|22/100\n|-damage|p1b: Basculegion|59/100\n|\n|-weather|RainDance|[upkeep]\n|upkeep\n|\n|t:|1776036877\n|switch|p2a: Dragapult|Dragapult, L50, F|100/100\n|turn|7\n|\n|t:|1776036898\n|move|p1b: Basculegion|Last Respects|p2a: Dragapult\n|-supereffective|p2a: Dragapult|1\n|-enditem|p2a: Dragapult|Focus Sash\n|-damage|p2a: Dragapult|1/100\n|move|p2a: Dragapult|Phantom Force||[still]\n|-prepare|p2a: Dragapult|Phantom Force\n|move|p1a: Garchomp|Dragon Claw|p2a: Dragapult|[miss]\n|-miss|p1a: Garchomp|p2a: Dragapult\n|move|p2b: Meganium|Dazzling Gleam|p1b: Basculegion|[spread] p1a,p1b\n|-supereffective|p1a: Garchomp|1\n|-damage|p1a: Garchomp|0 fnt\n|-damage|p1b: Basculegion|19/100\n|faint|p1a: Garchomp\n|\n|-weather|RainDance|[upkeep]\n|upkeep\n|\n|t:|1776036906\n|switch|p1a: Incineroar|Incineroar, L50, M|36/100\n|-ability|p1a: Incineroar|Intimidate|boost\n|-unboost|p2a: Dragapult|atk|1\n|-unboost|p2b: Meganium|atk|1\n|turn|8\n|\n|t:|1776036917\n|move|p2b: Meganium|Protect|p2b: Meganium\n|-singleturn|p2b: Meganium|Protect\n|move|p1a: Incineroar|Fake Out|p2b: Meganium\n|-activate|p2b: Meganium|move: Protect\n|move|p1b: Basculegion|Last Respects|p2b: Meganium\n|-activate|p2b: Meganium|move: Protect\n|move|p2a: Dragapult|Phantom Force|p1b: Basculegion|[from] lockedmove\n|-supereffective|p1b: Basculegion|1\n|-damage|p1b: Basculegion|0 fnt\n|faint|p1b: Basculegion\n|\n|-weather|none\n|upkeep\n|turn|9\n|\n|t:|1776036927\n|move|p2a: Dragapult|Dragon Darts|p1a: Incineroar\n|-damage|p1a: Incineroar|24/100\n|-anim|p2a: Dragapult|Dragon Darts|p1a: Incineroar\n|-damage|p1a: Incineroar|11/100\n|move|p2b: Meganium|Dazzling Gleam|p1a: Incineroar\n|-damage|p1a: Incineroar|0 fnt\n|faint|p1a: Incineroar\n|\n|win|kingambit kahn\n|raw|JuanluRR_47's rating: 1249 &rarr; <strong>1217</strong><br />(-32 for losing)\n|raw|kingambit kahn's rating: 1151 &rarr; <strong>1183</strong><br />(+32 for winning)\n|l|\u2606JuanluRR_47\n|player|p1|\n",
  "uploadtime": 1776036940,
  "views": 29,
  "formatid": "gen9championsvgc2026regma",
  "rating": 1183,
  "private": 0,
  "password": null
}