{
  "id": "gen9championsvgc2026regma-2583437722",
  "format": "[Gen 9 Champions] VGC 2026 Reg M-A",
  "players": [
    "Dextrou_",
    "thedrq"
  ],
  "log": "|j|\u2606Dextrou_\n|j|\u2606thedrq\n|t:|1776175632\n|gametype|doubles\n|player|p1|Dextrou_|brendan-masters|1049\n|player|p2|thedrq|265|1128\n|gen|9\n|tier|[Gen 9 Champions] VGC 2026 Reg M-A\n|rated|\n|rule|Species Clause: Limit one of each Pok\u00e9mon\n|rule|Item Clause: Limit 1 of each item\n|clearpoke\n|poke|p1|Drampa, L50, F|\n|poke|p1|Alakazam, L50, M|\n|poke|p1|Pelipper, L50, F|\n|poke|p1|Sinistcha-Masterpiece, L50|\n|poke|p1|Scizor, L50, F|\n|poke|p1|Basculegion, L50, M|\n|poke|p2|Crabominable, L50, F|\n|poke|p2|Tinkaton, L50, F|\n|poke|p2|Hatterene, L50, F|\n|poke|p2|Slowking, L50, F|\n|poke|p2|Drampa, L50, M|\n|poke|p2|Incineroar, L50, M|\n|teampreview|4\n|inactive|Battle timer is ON: inactive players will automatically lose when time's up. (requested by Dextrou_)\n|\n|t:|1776175653\n|teamsize|p1|4\n|teamsize|p2|4\n|start\n|switch|p1a: Drampa|Drampa, L50, F|100/100\n|switch|p1b: Alakazam|Alakazam, L50, M|100/100\n|switch|p2a: Slowking|Slowking, L50, F|100/100\n|switch|p2b: Incineroar|Incineroar, L50, M|100/100\n|-ability|p2b: Incineroar|Intimidate|boost\n|-unboost|p1a: Drampa|atk|1\n|-fail|p1b: Alakazam|unboost|Attack|[from] ability: Inner Focus|[of] p1b: Alakazam\n|turn|1\n|inactive|thedrq has 30 seconds left.\n|\n|t:|1776175679\n|move|p2b: Incineroar|Fake Out|p1a: Drampa\n|-damage|p1a: Drampa|84/100\n|move|p1b: Alakazam|Light Screen|p1b: Alakazam\n|-sidestart|p1: Dextrou_|move: Light Screen\n|cant|p1a: Drampa|flinch\n|move|p2a: Slowking|Trick Room|p2a: Slowking\n|-fieldstart|move: Trick Room|[of] p2a: Slowking\n|\n|upkeep\n|turn|2\n|\n|t:|1776175696\n|detailschange|p1a: Drampa|Drampa-Mega, L50, F\n|-mega|p1a: Drampa|Drampa|Drampanite\n|-prepare|p2a: Slowking|Chilly Reception|[premajor]\n|move|p2a: Slowking|Chilly Reception|p2a: Slowking\n|-weather|Snowscape\n|\n|t:|1776175701\n|switch|p2a: Drampa|Drampa, L50, M|100/100|[from] Chilly Reception\n|move|p1a: Drampa|Earth Power|p2b: Incineroar\n|-supereffective|p2b: Incineroar|1\n|-crit|p2b: Incineroar\n|-damage|p2b: Incineroar|0 fnt\n|faint|p2b: Incineroar\n|move|p1b: Alakazam|Reflect|p1b: Alakazam\n|-sidestart|p1: Dextrou_|Reflect\n|\n|-weather|Snowscape|[upkeep]\n|upkeep\n|\n|t:|1776175710\n|switch|p2b: Crabominable|Crabominable, L50, F|100/100\n|turn|3\n|\n|t:|1776175727\n|switch|p1a: Pelipper|Pelipper, L50, F|100/100\n|-weather|RainDance|[from] ability: Drizzle|[of] p1a: Pelipper\n|detailschange|p2b: Crabominable|Crabominable-Mega, L50, F\n|-mega|p2b: Crabominable|Crabominable|Crabominite\n|move|p2b: Crabominable|Ice Hammer|p1b: Alakazam\n|-damage|p1b: Alakazam|13/100\n|-unboost|p2b: Crabominable|spe|1\n|move|p2a: Drampa|Blizzard|p1a: Pelipper|[spread] p1a,p1b\n|-damage|p1a: Pelipper|63/100\n|-damage|p1b: Alakazam|0 fnt\n|-status|p1a: Pelipper|frz\n|faint|p1b: Alakazam\n|\n|-weather|RainDance|[upkeep]\n|upkeep\n|inactive|Dextrou_ has 30 seconds left.\n|\n|t:|1776175758\n|switch|p1b: Basculegion|Basculegion, L50, M|100/100\n|turn|4\n|\n|t:|1776175780\n|move|p2b: Crabominable|Thunder Punch|p1b: Basculegion\n|-supereffective|p1b: Basculegion|1\n|-damage|p1b: Basculegion|33/100\n|-status|p1b: Basculegion|par\n|move|p2a: Drampa|Hyper Voice|p1a: Pelipper|[spread] p1a\n|-immune|p1b: Basculegion\n|-damage|p1a: Pelipper|20/100 frz\n|cant|p1a: Pelipper|frz\n|move|p1b: Basculegion|Wave Crash|p2a: Drampa\n|-resisted|p2a: Drampa|1\n|-damage|p2a: Drampa|28/100\n|-damage|p1b: Basculegion|14/100 par|[from] Recoil\n|-ability|p2a: Drampa|Berserk|boost\n|-boost|p2a: Drampa|spa|1\n|\n|-weather|RainDance|[upkeep]\n|upkeep\n|turn|5\n|\n|t:|1776175802\n|move|p1b: Basculegion|Aqua Jet|p2a: Drampa\n|-resisted|p2a: Drampa|1\n|-damage|p2a: Drampa|4/100\n|move|p2b: Crabominable|Thunder Punch|p1b: Basculegion\n|-supereffective|p1b: Basculegion|1\n|-damage|p1b: Basculegion|0 fnt\n|faint|p1b: Basculegion\n|move|p2a: Drampa|Hyper Voice|p1a: Pelipper\n|-damage|p1a: Pelipper|0 fnt\n|faint|p1a: Pelipper\n|-heal|p2a: Drampa|6/100|[from] item: Shell Bell|[of] p1: Pelipper\n|\n|-weather|RainDance|[upkeep]\n|-sideend|p1: Dextrou_|move: Light Screen\n|-fieldend|move: Trick Room\n|upkeep\n|\n|t:|1776175818\n|switch|p1b: Drampa|Drampa-Mega, L50, F|84/100\n|turn|6\n|\n|t:|1776175828\n|move|p1b: Drampa|Hyper Voice|p2a: Drampa|[spread] p2a,p2b\n|-damage|p2a: Drampa|0 fnt\n|-damage|p2b: Crabominable|65/100\n|faint|p2a: Drampa\n|move|p2b: Crabominable|Ice Hammer|p1b: Drampa\n|-supereffective|p1b: Drampa|1\n|-damage|p1b: Drampa|0 fnt\n|-unboost|p2b: Crabominable|spe|1\n|faint|p1b: Drampa\n|\n|win|thedrq\n|raw|Dextrou_'s rating: 1049 &rarr; <strong>1036</strong><br />(-13 for losing)\n|raw|thedrq's rating: 1128 &rarr; <strong>1147</strong><br />(+19 for winning)\n",
  "uploadtime": 1776175894,
  "views": 15,
  "formatid": "gen9championsvgc2026regma",
  "rating": 1036,
  "private": 0,
  "password": null
}