{
  "id": "gen9championsvgc2026regma-2588874333",
  "format": "[Gen 9 Champions] VGC 2026 Reg M-A",
  "players": [
    "asdrubalemilano",
    "Isidino"
  ],
  "log": "|j|\u2606asdrubalemilano\n|j|\u203dIsidino\n|t:|1776681158\n|gametype|doubles\n|player|p1|asdrubalemilano|101|1196\n|player|p2|Isidino|1|1218\n|gen|9\n|tier|[Gen 9 Champions] VGC 2026 Reg M-A\n|rated|\n|rule|Species Clause: Limit one of each Pok\u00e9mon\n|rule|Item Clause: Limit 1 of each item\n|clearpoke\n|poke|p1|Scizor, L50, M|\n|poke|p1|Sylveon, L50, M|\n|poke|p1|Incineroar, L50, M|\n|poke|p1|Rotom-Wash, L50|\n|poke|p1|Mimikyu, L50, F|\n|poke|p1|Torkoal, L50, F|\n|poke|p2|Sinistcha-Masterpiece, L50|\n|poke|p2|Oranguru, L50, M|\n|poke|p2|Torkoal, L50, M|\n|poke|p2|Crabominable, L50, M, shiny|\n|poke|p2|Drampa, L50, M|\n|poke|p2|Kingambit, L50, M, shiny|\n|teampreview|4\n|inactive|Battle timer is ON: inactive players will automatically lose when time's up. (requested by Isidino)\n|\n|t:|1776681179\n|teamsize|p1|4\n|teamsize|p2|4\n|start\n|switch|p1a: Incineroar|Incineroar, L50, M|100/100\n|switch|p1b: Rotom|Rotom-Wash, L50|100/100\n|switch|p2a: Drampa|Drampa, L50, M|100/100\n|switch|p2b: Oranguru|Oranguru, L50, M|100/100\n|-ability|p1a: Incineroar|Intimidate|boost\n|-unboost|p2a: Drampa|atk|1\n|-fail|p2b: Oranguru|unboost|Attack|[from] ability: Inner Focus|[of] p2b: Oranguru\n|-ability|p2a: Drampa|Cloud Nine\n|turn|1\n|\n|t:|1776681196\n|detailschange|p2a: Drampa|Drampa-Mega, L50, M\n|-mega|p2a: Drampa|Drampa|Drampanite\n|move|p1a: Incineroar|Fake Out|p2a: Drampa\n|-damage|p2a: Drampa|89/100\n|move|p1b: Rotom|Volt Switch|p2b: Oranguru\n|-damage|p2b: Oranguru|69/100\n|\n|t:|1776681205\n|switch|p1b: Sylveon|Sylveon, L50, M|100/100|[from] Volt Switch\n|cant|p2a: Drampa|flinch\n|move|p2b: Oranguru|Trick Room|p2b: Oranguru\n|-fieldstart|move: Trick Room|[of] p2b: Oranguru\n|\n|upkeep\n|turn|2\n|\n|t:|1776681216\n|move|p2a: Drampa|Hyper Voice|p1a: Incineroar|[spread] p1a,p1b\n|-damage|p1a: Incineroar|57/100\n|-damage|p1b: Sylveon|63/100\n|move|p2b: Oranguru|Instruct|p2a: Drampa\n|-singleturn|p2a: Drampa|move: Instruct|[of] p2b: Oranguru\n|move|p2a: Drampa|Hyper Voice|p1a: Incineroar|[spread] p1a,p1b\n|-damage|p1a: Incineroar|14/100\n|-damage|p1b: Sylveon|27/100\n|move|p1b: Sylveon|Hyper Voice|p2a: Drampa|[spread] p2a,p2b\n|-supereffective|p2a: Drampa|1\n|-damage|p2a: Drampa|2/100\n|-damage|p2b: Oranguru|29/100\n|-ability|p2a: Drampa|Berserk|boost\n|-boost|p2a: Drampa|spa|1\n|move|p1a: Incineroar|Darkest Lariat|p2b: Oranguru\n|-supereffective|p2b: Oranguru|1\n|-damage|p2b: Oranguru|0 fnt\n|faint|p2b: Oranguru\n|\n|upkeep\n|\n|t:|1776681229\n|switch|p2b: Kingambit|Kingambit, L50, M, shiny|100/100\n|turn|3\n|\n|t:|1776681247\n|move|p2b: Kingambit|Sucker Punch|p1b: Sylveon\n|-resisted|p1b: Sylveon|1\n|-damage|p1b: Sylveon|5/100\n|move|p2a: Drampa|Hyper Voice|p1a: Incineroar|[spread] p1a,p1b\n|-damage|p1a: Incineroar|0 fnt\n|-damage|p1b: Sylveon|0 fnt\n|faint|p1a: Incineroar\n|faint|p1b: Sylveon\n|\n|upkeep\n|\n|t:|1776681256\n|switch|p1b: Rotom|Rotom-Wash, L50|100/100\n|switch|p1a: Torkoal|Torkoal, L50, F|100/100\n|-weather|SunnyDay|[from] ability: Drought|[of] p1a: Torkoal\n|turn|4\n|\n|t:|1776681273\n|move|p2a: Drampa|Protect|p2a: Drampa\n|-singleturn|p2a: Drampa|Protect\n|move|p2b: Kingambit|Sucker Punch|p1a: Torkoal\n|-damage|p1a: Torkoal|63/100\n|move|p1a: Torkoal|Eruption|p2b: Kingambit|[spread] p2b\n|-activate|p2a: Drampa|move: Protect\n|-supereffective|p2b: Kingambit|1\n|-damage|p2b: Kingambit|0 fnt\n|faint|p2b: Kingambit\n|move|p1b: Rotom|Volt Switch|p2a: Drampa\n|-activate|p2a: Drampa|move: Protect\n|\n|-weather|SunnyDay|[upkeep]\n|upkeep\n|\n|t:|1776681282\n|switch|p2b: Torkoal|Torkoal, L50, M|100/100\n|turn|5\n|\n|t:|1776681294\n|move|p1a: Torkoal|Protect|p1a: Torkoal\n|-singleturn|p1a: Torkoal|Protect\n|move|p2b: Torkoal|Eruption|p1a: Torkoal|[spread] p1b\n|-activate|p1a: Torkoal|move: Protect\n|-resisted|p1b: Rotom|1\n|-damage|p1b: Rotom|40/100\n|move|p2a: Drampa|Hyper Voice|p1b: Rotom|[spread] p1b\n|-activate|p1a: Torkoal|move: Protect\n|-damage|p1b: Rotom|0 fnt\n|faint|p1b: Rotom\n|\n|-weather|SunnyDay|[upkeep]\n|-fieldend|move: Trick Room\n|upkeep\n|turn|6\n|\n|t:|1776681317\n|move|p2a: Drampa|Hyper Voice|p1a: Torkoal\n|-damage|p1a: Torkoal|0 fnt\n|faint|p1a: Torkoal\n|\n|win|Isidino\n|raw|asdrubalemilano's rating: 1196 &rarr; <strong>1173</strong><br />(-23 for losing)\n|raw|Isidino's rating: 1218 &rarr; <strong>1241</strong><br />(+23 for winning)\n",
  "uploadtime": 1776681319,
  "views": 9,
  "formatid": "gen9championsvgc2026regma",
  "rating": 1173,
  "private": 0,
  "password": null
}