{
  "id": "gen9championsvgc2026regma-2587591848",
  "format": "[Gen 9 Champions] VGC 2026 Reg M-A",
  "players": [
    "dragapultintin",
    "PM77Switch"
  ],
  "log": "|j|\u2606dragapultintin\n|j|\u2606PM77Switch\n|t:|1776545092\n|gametype|doubles\n|player|p1|dragapultintin|ethan-gen2|1291\n|player|p2|PM77Switch|may-masters3|1240\n|gen|9\n|tier|[Gen 9 Champions] VGC 2026 Reg M-A\n|rated|\n|rule|Species Clause: Limit one of each Pok\u00e9mon\n|rule|Item Clause: Limit 1 of each item\n|clearpoke\n|poke|p1|Floette-Eternal, L50, F|\n|poke|p1|Delphox, L50, F|\n|poke|p1|Kingambit, L50, M|\n|poke|p1|Sinistcha-Masterpiece, L50, shiny|\n|poke|p1|Garchomp, L50, M|\n|poke|p1|Incineroar, L50, M, shiny|\n|poke|p2|Blastoise, L50, M|\n|poke|p2|Kingambit, L50, F|\n|poke|p2|Sneasler, L50, M|\n|poke|p2|Aerodactyl, L50, F|\n|poke|p2|Sinistcha, L50|\n|poke|p2|Incineroar, L50, F|\n|teampreview|4\n|inactive|Battle timer is ON: inactive players will automatically lose when time's up. (requested by PM77Switch)\n|inactive|dragapultintin also wants the timer to be on.\n|inactive|dragapultintin has 60 seconds left.\n|\n|t:|1776545127\n|teamsize|p1|4\n|teamsize|p2|4\n|start\n|switch|p1a: Floette|Floette-Eternal, L50, F|100/100\n|switch|p1b: Incineroar|Incineroar, L50, M, shiny|100/100\n|switch|p2a: Sneasler|Sneasler, L50, M|100/100\n|switch|p2b: Aerodactyl|Aerodactyl, L50, F|100/100\n|-ability|p2b: Aerodactyl|Unnerve\n|-ability|p1b: Incineroar|Intimidate|boost\n|-unboost|p2a: Sneasler|atk|1\n|-unboost|p2b: Aerodactyl|atk|1\n|-enditem|p2a: Sneasler|White Herb\n|-clearnegativeboost|p2a: Sneasler|[silent]\n|turn|1\n|\n|t:|1776545140\n|move|p1a: Floette|Protect|p1a: Floette\n|-singleturn|p1a: Floette|Protect\n|move|p2a: Sneasler|Fake Out|p1a: Floette\n|-activate|p1a: Floette|move: Protect\n|move|p2b: Aerodactyl|Rock Slide|p1b: Incineroar|[spread] p1b\n|-activate|p1a: Floette|move: Protect\n|-supereffective|p1b: Incineroar|1\n|-damage|p1b: Incineroar|70/100\n|cant|p1b: Incineroar|flinch\n|\n|upkeep\n|turn|2\n|\n|t:|1776545162\n|switch|p1b: Sinistcha|Sinistcha-Masterpiece, L50, shiny|100/100\n|detailschange|p1a: Floette|Floette-Mega, L50, F\n|-mega|p1a: Floette|Floette|Floettite\n|-ability|p1a: Floette|Fairy Aura\n|move|p2a: Sneasler|Close Combat|p1b: Sinistcha\n|-immune|p1b: Sinistcha\n|move|p2b: Aerodactyl|Rock Slide|p1a: Floette|[spread] p1a,p1b\n|-damage|p1a: Floette|84/100\n|-damage|p1b: Sinistcha|85/100\n|move|p1a: Floette|Dazzling Gleam|p2a: Sneasler|[spread] p2a,p2b\n|-damage|p2a: Sneasler|40/100\n|-damage|p2b: Aerodactyl|31/100\n|\n|upkeep\n|turn|3\n|inactive|dragapultintin has 30 seconds left.\n|inactive|dragapultintin has 20 seconds left.\n|inactive|dragapultintin has 15 seconds left.\n|\n|t:|1776545206\n|move|p1b: Sinistcha|Rage Powder|p1b: Sinistcha\n|-singleturn|p1b: Sinistcha|move: Rage Powder\n|move|p2a: Sneasler|Dire Claw|p1b: Sinistcha\n|-damage|p1b: Sinistcha|48/100\n|move|p2b: Aerodactyl|Dual Wingbeat|p1b: Sinistcha\n|-supereffective|p1b: Sinistcha|1\n|-damage|p1b: Sinistcha|23/100\n|-supereffective|p1b: Sinistcha|1\n|-damage|p1b: Sinistcha|2/100\n|-hitcount|p1b: Sinistcha|2\n|move|p1a: Floette|Dazzling Gleam|p2a: Sneasler|[spread] p2a,p2b\n|-damage|p2a: Sneasler|0 fnt\n|-damage|p2b: Aerodactyl|0 fnt\n|-enditem|p1b: Sinistcha|Sitrus Berry|[eat]\n|-heal|p1b: Sinistcha|27/100|[from] item: Sitrus Berry\n|faint|p2a: Sneasler\n|faint|p2b: Aerodactyl\n|\n|upkeep\n|\n|t:|1776545215\n|switch|p2b: Kingambit|Kingambit, L50, F|100/100\n|switch|p2a: Blastoise|Blastoise, L50, M|100/100\n|turn|4\n|\n|t:|1776545227\n|switch|p1b: Garchomp|Garchomp, L50, M|100/100\n|detailschange|p2a: Blastoise|Blastoise-Mega, L50, M\n|-mega|p2a: Blastoise|Blastoise|Blastoisinite\n|move|p1a: Floette|Calm Mind|p1a: Floette\n|-boost|p1a: Floette|spa|1\n|-boost|p1a: Floette|spd|1\n|move|p2a: Blastoise|Ice Beam|p1b: Garchomp\n|-supereffective|p1b: Garchomp|2\n|-damage|p1b: Garchomp|0 fnt\n|faint|p1b: Garchomp\n|move|p2b: Kingambit|Iron Head|p1a: Floette\n|-supereffective|p1a: Floette|1\n|-damage|p1a: Floette|4/100\n|\n|upkeep\n|\n|t:|1776545235\n|switch|p1b: Sinistcha|Sinistcha-Masterpiece, L50, shiny|27/100\n|-heal|p1a: Floette|29/100|[from] ability: Hospitality|[of] p1b: Sinistcha\n|turn|5\n|\n|t:|1776545248\n|move|p1b: Sinistcha|Rage Powder|p1b: Sinistcha\n|-singleturn|p1b: Sinistcha|move: Rage Powder\n|move|p1a: Floette|Moonblast|p2a: Blastoise\n|-damage|p2a: Blastoise|9/100\n|move|p2a: Blastoise|Ice Beam|p1b: Sinistcha\n|-supereffective|p1b: Sinistcha|1\n|-damage|p1b: Sinistcha|0 fnt\n|faint|p1b: Sinistcha\n|move|p2b: Kingambit|Iron Head|p1a: Floette\n|-supereffective|p1a: Floette|1\n|-damage|p1a: Floette|0 fnt\n|faint|p1a: Floette\n|\n|upkeep\n|-message|dragapultintin forfeited.\n|\n|win|PM77Switch\n|raw|dragapultintin's rating: 1291 &rarr; <strong>1262</strong><br />(-29 for losing)\n|raw|PM77Switch's rating: 1240 &rarr; <strong>1269</strong><br />(+29 for winning)\n|l|\u2606dragapultintin\n|player|p1|\n",
  "uploadtime": 1776545274,
  "views": 19,
  "formatid": "gen9championsvgc2026regma",
  "rating": 1262,
  "private": 0,
  "password": null
}