{
  "id": "gen9championsvgc2026regma-2583283689",
  "format": "[Gen 9 Champions] VGC 2026 Reg M-A",
  "players": [
    "BlackCity Sandiles",
    "aquah0lic"
  ],
  "log": "|j|\u2606BlackCity Sandiles\n|j|\u2606aquah0lic\n|t:|1776163016\n|gametype|doubles\n|player|p1|BlackCity Sandiles|roughneck|\n|player|p2|aquah0lic|265|\n|gen|9\n|tier|[Gen 9 Champions] VGC 2026 Reg M-A\n|rule|Species Clause: Limit one of each Pok\u00e9mon\n|rule|Item Clause: Limit 1 of each item\n|clearpoke\n|poke|p1|Crabominable, L50, F|\n|poke|p1|Avalugg, L50, M|\n|poke|p1|Slowking-Galar, L50, F|\n|poke|p1|Mr. Rime, L50, F|\n|poke|p1|Abomasnow, L50, M|\n|poke|p1|Medicham, L50, F|\n|poke|p2|Scovillain, L50, M|\n|poke|p2|Hydrapple, L50, M|\n|poke|p2|Sneasler, L50, M|\n|poke|p2|Primarina, L50, M|\n|poke|p2|Empoleon, L50, M|\n|poke|p2|Garganacl, L50, M|\n|teampreview|4\n|\n|t:|1776163088\n|teamsize|p1|4\n|teamsize|p2|4\n|start\n|switch|p1a: Avalugg|Avalugg, L50, M|100/100\n|switch|p1b: Slowking|Slowking-Galar, L50, F|100/100\n|switch|p2a: Scovillain|Scovillain, L50, M|100/100\n|switch|p2b: Sneasler|Sneasler, L50, M|100/100\n|turn|1\n|inactive|Battle timer is ON: inactive players will automatically lose when time's up. (requested by BlackCity Sandiles)\n|inactive|BlackCity Sandiles has 60 seconds left.\n|inactive|BlackCity Sandiles has 30 seconds left.\n|inactive|BlackCity Sandiles has 20 seconds left.\n|\n|t:|1776163164\n|move|p2a: Scovillain|Protect|p2a: Scovillain\n|-singleturn|p2a: Scovillain|Protect\n|move|p2b: Sneasler|Fake Out|p1b: Slowking\n|-damage|p1b: Slowking|89/100\n|move|p1a: Avalugg|Frost Breath|p2b: Sneasler\n|-crit|p2b: Sneasler\n|-damage|p2b: Sneasler|77/100\n|cant|p1b: Slowking|flinch\n|\n|upkeep\n|turn|2\n|\n|t:|1776163187\n|detailschange|p2a: Scovillain|Scovillain-Mega, L50, M\n|-mega|p2a: Scovillain|Scovillain|Scovillainite\n|move|p1a: Avalugg|Wide Guard|p1a: Avalugg\n|-singleturn|p1a: Avalugg|Wide Guard\n|move|p2a: Scovillain|Rage Powder|p2a: Scovillain\n|-singleturn|p2a: Scovillain|move: Rage Powder\n|move|p2b: Sneasler|Taunt|p1b: Slowking\n|-start|p1b: Slowking|move: Taunt\n|cant|p1b: Slowking|move: Taunt|Trick Room\n|\n|upkeep\n|turn|3\n|inactive|BlackCity Sandiles has 30 seconds left.\n|inactive|aquah0lic has 30 seconds left.\n|inactive|BlackCity Sandiles has 20 seconds left.\n|inactive|aquah0lic has 20 seconds left.\n|inactive|BlackCity Sandiles has 15 seconds left.\n|inactive|aquah0lic has 15 seconds left.\n|inactive|BlackCity Sandiles has 10 seconds left.\n|inactive|aquah0lic has 10 seconds left.\n|inactive|BlackCity Sandiles has 5 seconds left.\n|inactive|aquah0lic has 5 seconds left.\n|\n|t:|1776163240\n|switch|p1b: Mr. Rime|Mr. Rime, L50, F|100/100\n|move|p2b: Sneasler|Close Combat|p1a: Avalugg\n|-supereffective|p1a: Avalugg|1\n|-damage|p1a: Avalugg|32/100\n|-unboost|p2b: Sneasler|def|1\n|-unboost|p2b: Sneasler|spd|1\n|-enditem|p2b: Sneasler|White Herb\n|-clearnegativeboost|p2b: Sneasler|[silent]\n|move|p2a: Scovillain|Flamethrower|p1a: Avalugg\n|-supereffective|p1a: Avalugg|1\n|-damage|p1a: Avalugg|0 fnt\n|faint|p1a: Avalugg\n|\n|upkeep\n|\n|t:|1776163260\n|switch|p1a: Slowking|Slowking-Galar, L50, F|100/100\n|turn|4\n|inactive|aquah0lic has 30 seconds left.\n|\n|t:|1776163291\n|move|p1b: Mr. Rime|Fake Out|p2b: Sneasler\n|-damage|p2b: Sneasler|62/100\n|cant|p2b: Sneasler|flinch\n|move|p2a: Scovillain|Flamethrower|p1a: Slowking\n|-damage|p1a: Slowking|64/100\n|move|p1a: Slowking|Trick Room|p1a: Slowking\n|-fieldstart|move: Trick Room|[of] p1a: Slowking\n|\n|upkeep\n|turn|5\n|inactive|BlackCity Sandiles has 30 seconds left.\n|inactive|aquah0lic has 30 seconds left.\n|inactive|BlackCity Sandiles has 20 seconds left.\n|\n|t:|1776163328\n|switch|p2b: Garganacl|Garganacl, L50, M|100/100\n|move|p2a: Scovillain|Rage Powder|p2a: Scovillain\n|-singleturn|p2a: Scovillain|move: Rage Powder\n|move|p1a: Slowking|Eerie Spell|p2a: Scovillain\n|-damage|p2a: Scovillain|67/100\n|-activate|p2a: Scovillain|move: Eerie Spell|Rage Powder|3\n|-status|p1a: Slowking|brn|[from] ability: Spicy Spray|[of] p2a: Scovillain\n|move|p1b: Mr. Rime|Taunt|p2a: Scovillain\n|-start|p2a: Scovillain|move: Taunt\n|\n|-damage|p1a: Slowking|58/100 brn|[from] brn\n|upkeep\n|turn|6\n|inactive|BlackCity Sandiles has 30 seconds left.\n|inactive|BlackCity Sandiles has 20 seconds left.\n|inactive|BlackCity Sandiles has 15 seconds left.\n|inactive|BlackCity Sandiles has 10 seconds left.\n|\n|t:|1776163376\n|move|p2b: Garganacl|Helping Hand|p2a: Scovillain\n|-singleturn|p2a: Scovillain|Helping Hand|[of] p2b: Garganacl\n|-prepare|p1a: Slowking|Chilly Reception|[premajor]\n|move|p1a: Slowking|Chilly Reception|p1a: Slowking\n|-weather|Snowscape\n|\n|t:|1776163382\n|switch|p1a: Crabominable|Crabominable, L50, F|100/100|[from] Chilly Reception\n|move|p1b: Mr. Rime|Encore|p2a: Scovillain\n|-start|p2a: Scovillain|Encore\n|cant|p2a: Scovillain|move: Taunt|Rage Powder\n|\n|-weather|Snowscape|[upkeep]\n|upkeep\n|turn|7\n|inactive|BlackCity Sandiles has 30 seconds left.\n|inactive|aquah0lic has 30 seconds left.\n|inactive|BlackCity Sandiles has 20 seconds left.\n|inactive|aquah0lic has 20 seconds left.\n|inactive|BlackCity Sandiles has 15 seconds left.\n|inactive|aquah0lic has 15 seconds left.\n|inactive|BlackCity Sandiles has 10 seconds left.\n|inactive|aquah0lic has 10 seconds left.\n|\n|t:|1776163430\n|switch|p1b: Slowking|Slowking-Galar, L50, F|92/100 brn\n|switch|p2a: Sneasler|Sneasler, L50, M|62/100\n|move|p2b: Garganacl|Protect|p2b: Garganacl\n|-singleturn|p2b: Garganacl|Protect\n|move|p1a: Crabominable|Drain Punch|p2b: Garganacl\n|-activate|p2b: Garganacl|move: Protect\n|\n|-weather|Snowscape|[upkeep]\n|-damage|p1b: Slowking|86/100 brn|[from] brn\n|upkeep\n|turn|8\n|inactive|BlackCity Sandiles has 30 seconds left.\n|inactive|aquah0lic has 30 seconds left.\n|inactive|BlackCity Sandiles has 20 seconds left.\n|inactive|aquah0lic has 20 seconds left.\n|inactive|BlackCity Sandiles has 15 seconds left.\n|inactive|BlackCity Sandiles has 10 seconds left.\n|inactive|BlackCity Sandiles has 5 seconds left.\n|\n|t:|1776163481\n|detailschange|p1a: Crabominable|Crabominable-Mega, L50, F\n|-mega|p1a: Crabominable|Crabominable|Crabominite\n|move|p2a: Sneasler|Fake Out|p1a: Crabominable\n|-damage|p1a: Crabominable|93/100\n|move|p1b: Slowking|Eerie Spell|p2a: Sneasler\n|-supereffective|p2a: Sneasler|2\n|-damage|p2a: Sneasler|0 fnt\n|faint|p2a: Sneasler\n|cant|p1a: Crabominable|flinch\n|move|p2b: Garganacl|Salt Cure|p1b: Slowking\n|-damage|p1b: Slowking|75/100 brn\n|-start|p1b: Slowking|Salt Cure\n|\n|-weather|Snowscape|[upkeep]\n|-damage|p1b: Slowking|69/100 brn|[from] brn\n|-damage|p1b: Slowking|63/100 brn|[from] Salt Cure\n|-fieldend|move: Trick Room\n|upkeep\n|\n|t:|1776163502\n|switch|p2a: Scovillain|Scovillain-Mega, L50, M|67/100\n|turn|9\n|inactive|BlackCity Sandiles has 30 seconds left.\n|\n|t:|1776163531\n|switch|p1b: Mr. Rime|Mr. Rime, L50, F|100/100\n|move|p2b: Garganacl|Helping Hand|p2a: Scovillain\n|-singleturn|p2a: Scovillain|Helping Hand|[of] p2b: Garganacl\n|move|p1a: Crabominable|Protect|p1a: Crabominable\n|-singleturn|p1a: Crabominable|Protect\n|move|p2a: Scovillain|Flamethrower|p1a: Crabominable\n|-activate|p1a: Crabominable|move: Protect\n|\n|-weather|Snowscape|[upkeep]\n|upkeep\n|turn|10\n|\n|t:|1776163551\n|move|p1b: Mr. Rime|Fake Out|p2a: Scovillain\n|-damage|p2a: Scovillain|57/100\n|-status|p1b: Mr. Rime|brn|[from] ability: Spicy Spray|[of] p2a: Scovillain\n|cant|p2a: Scovillain|flinch\n|move|p2b: Garganacl|Salt Cure|p1b: Mr. Rime\n|-supereffective|p1b: Mr. Rime|1\n|-damage|p1b: Mr. Rime|78/100 brn\n|-start|p1b: Mr. Rime|Salt Cure\n|move|p1a: Crabominable|Drain Punch|p2b: Garganacl\n|-supereffective|p2b: Garganacl|1\n|-damage|p2b: Garganacl|34/100\n|-heal|p1a: Crabominable|100/100|[from] drain|[of] p2b: Garganacl\n|\n|-weather|none\n|-heal|p2b: Garganacl|40/100|[from] item: Leftovers\n|-damage|p1b: Mr. Rime|72/100 brn|[from] brn\n|-damage|p1b: Mr. Rime|66/100 brn|[from] Salt Cure\n|upkeep\n|turn|11\n|inactive|BlackCity Sandiles has 30 seconds left.\n|inactive|BlackCity Sandiles has 20 seconds left.\n|inactive|BlackCity Sandiles has 15 seconds left.\n|inactive|BlackCity Sandiles has 10 seconds left.\n|\n|t:|1776163601\n|move|p2b: Garganacl|Protect|p2b: Garganacl\n|-singleturn|p2b: Garganacl|Protect\n|move|p2a: Scovillain|Flamethrower|p1a: Crabominable\n|-supereffective|p1a: Crabominable|1\n|-damage|p1a: Crabominable|30/100\n|move|p1b: Mr. Rime|Encore|p2a: Scovillain\n|-start|p2a: Scovillain|Encore\n|move|p1a: Crabominable|Drain Punch|p2b: Garganacl\n|-activate|p2b: Garganacl|move: Protect\n|\n|-heal|p2b: Garganacl|45/100|[from] item: Leftovers\n|-damage|p1b: Mr. Rime|60/100 brn|[from] brn\n|-damage|p1b: Mr. Rime|55/100 brn|[from] Salt Cure\n|upkeep\n|turn|12\n|\n|t:|1776163622\n|move|p1b: Mr. Rime|Ally Switch|p1b: Mr. Rime\n|swap|p1b: Mr. Rime|0|[from] move: Ally Switch\n|move|p2a: Scovillain|Flamethrower|p1b: Crabominable\n|-supereffective|p1b: Crabominable|1\n|-damage|p1b: Crabominable|0 fnt\n|faint|p1b: Crabominable\n|move|p2b: Garganacl|Salt Cure|p1a: Mr. Rime\n|-supereffective|p1a: Mr. Rime|1\n|-damage|p1a: Mr. Rime|19/100 brn\n|\n|-heal|p2b: Garganacl|51/100|[from] item: Leftovers\n|-damage|p1a: Mr. Rime|13/100 brn|[from] brn\n|-damage|p1a: Mr. Rime|7/100 brn|[from] Salt Cure\n|upkeep\n|inactive|BlackCity Sandiles has 30 seconds left.\n|\n|t:|1776163633\n|switch|p1b: Slowking|Slowking-Galar, L50, F|97/100 brn\n|turn|13\n|inactive|BlackCity Sandiles has 30 seconds left this turn.\n|inactive|BlackCity Sandiles has 20 seconds left.\n|inactive|BlackCity Sandiles has 15 seconds left.\n|inactive|BlackCity Sandiles has 10 seconds left.\n|inactive|BlackCity Sandiles has 5 seconds left.\n|-message|BlackCity Sandiles lost due to inactivity.\n|\n|win|aquah0lic\n",
  "uploadtime": 1776163668,
  "views": 20,
  "formatid": "gen9championsvgc2026regma",
  "rating": null,
  "private": 0,
  "password": null
}