{
  "id": "gen9championsvgc2026regma-2582897141",
  "format": "[Gen 9 Champions] VGC 2026 Reg M-A",
  "players": [
    "arcticfish",
    "j4ce"
  ],
  "log": "|j|\u2606arcticfish\n|j|\u2606j4ce\n|t:|1776123023\n|gametype|doubles\n|player|p1|arcticfish|blue-gen2|1335\n|player|p2|j4ce|102|1401\n|gen|9\n|tier|[Gen 9 Champions] VGC 2026 Reg M-A\n|rated|\n|rule|Species Clause: Limit one of each Pok\u00e9mon\n|rule|Item Clause: Limit 1 of each item\n|clearpoke\n|poke|p1|Venusaur, L50, F|\n|poke|p1|Charizard, L50, M|\n|poke|p1|Incineroar, L50, M|\n|poke|p1|Garchomp, L50, F|\n|poke|p1|Aerodactyl, L50, M|\n|poke|p1|Sneasler, L50, F|\n|poke|p2|Incineroar, L50, M|\n|poke|p2|Basculegion, L50, M|\n|poke|p2|Meowstic, L50, M|\n|poke|p2|Sneasler, L50, M|\n|poke|p2|Alakazam, L50, F|\n|poke|p2|Hatterene, L50, F|\n|teampreview|4\n|inactive|Battle timer is ON: inactive players will automatically lose when time's up. (requested by arcticfish)\n|\n|t:|1776123074\n|teamsize|p1|4\n|teamsize|p2|4\n|start\n|switch|p1a: Charizard|Charizard, L50, M|100/100\n|switch|p1b: Venusaur|Venusaur, L50, F|100/100\n|switch|p2a: Gatops\u00edquica|Meowstic, L50, M|100/100\n|switch|p2b: Gatocuchara|Alakazam, L50, F|100/100\n|turn|1\n|inactive|arcticfish has 30 seconds left.\n|\n|t:|1776123105\n|detailschange|p2b: Gatocuchara|Alakazam-Mega, L50, F\n|-mega|p2b: Gatocuchara|Alakazam|Alakazite\n|-ability|p2b: Gatocuchara|Chlorophyll|Trace|[from] ability: Trace|[of] p1b: Venusaur\n|detailschange|p1a: Charizard|Charizard-Mega-Y, L50, M\n|-mega|p1a: Charizard|Charizard|Charizardite Y\n|-weather|SunnyDay|[from] ability: Drought|[of] p1a: Charizard\n|move|p2a: Gatops\u00edquica|Thunder Wave|p1b: Venusaur\n|-status|p1b: Venusaur|par\n|move|p2b: Gatocuchara|Expanding Force|p1b: Venusaur\n|-supereffective|p1b: Venusaur|1\n|-enditem|p1b: Venusaur|Focus Sash\n|-damage|p1b: Venusaur|1/100 par\n|move|p1a: Charizard|Heat Wave|p2a: Gatops\u00edquica|[spread] p2b\n|-miss|p1a: Charizard|p2a: Gatops\u00edquica\n|-crit|p2b: Gatocuchara\n|-damage|p2b: Gatocuchara|0 fnt\n|faint|p2b: Gatocuchara\n|cant|p1b: Venusaur|par\n|\n|-weather|SunnyDay|[upkeep]\n|upkeep\n|inactive|j4ce has 30 seconds left.\n|\n|t:|1776123134\n|switch|p2b: Gatofuego|Incineroar, L50, M|100/100\n|-ability|p2b: Gatofuego|Intimidate|boost\n|-unboost|p1a: Charizard|atk|1\n|-unboost|p1b: Venusaur|atk|1\n|turn|2\n|\n|t:|1776123143\n|switch|p1b: Incineroar|Incineroar, L50, M|100/100\n|-ability|p1b: Incineroar|Intimidate|boost\n|-unboost|p2a: Gatops\u00edquica|atk|1\n|-unboost|p2b: Gatofuego|atk|1\n|move|p2b: Gatofuego|Fake Out|p1a: Charizard\n|-damage|p1a: Charizard|90/100\n|move|p2a: Gatops\u00edquica|Expanding Force|p1b: Incineroar\n|-immune|p1b: Incineroar\n|cant|p1a: Charizard|flinch\n|\n|-weather|SunnyDay|[upkeep]\n|upkeep\n|turn|3\n|\n|t:|1776123166\n|move|p1b: Incineroar|Fake Out|p2a: Gatops\u00edquica\n|-crit|p2a: Gatops\u00edquica\n|-damage|p2a: Gatops\u00edquica|71/100\n|cant|p2a: Gatops\u00edquica|flinch\n|move|p1a: Charizard|Weather Ball|p2a: Gatops\u00edquica\n|-damage|p2a: Gatops\u00edquica|0 fnt\n|faint|p2a: Gatops\u00edquica\n|move|p2b: Gatofuego|Darkest Lariat|p1a: Charizard\n|-damage|p1a: Charizard|59/100\n|\n|-weather|SunnyDay|[upkeep]\n|upkeep\n|\n|t:|1776123174\n|switch|p2a: Kinky Boots|Hatterene, L50, F|100/100\n|turn|4\n|\n|t:|1776123191\n|move|p1a: Charizard|Weather Ball|p2a: Kinky Boots\n|-damage|p2a: Kinky Boots|4/100\n|move|p1b: Incineroar|Flare Blitz|p2a: Kinky Boots\n|-damage|p2a: Kinky Boots|0 fnt\n|faint|p2a: Kinky Boots\n|-damage|p1b: Incineroar|99/100|[from] Recoil\n|move|p2b: Gatofuego|Close Combat|p1b: Incineroar\n|-supereffective|p1b: Incineroar|1\n|-damage|p1b: Incineroar|61/100\n|-unboost|p2b: Gatofuego|def|1\n|-unboost|p2b: Gatofuego|spd|1\n|\n|-weather|SunnyDay|[upkeep]\n|upkeep\n|turn|5\n|-message|j4ce forfeited.\n|\n|win|arcticfish\n|raw|arcticfish's rating: 1335 &rarr; <strong>1359</strong><br />(+24 for winning)\n|raw|j4ce's rating: 1401 &rarr; <strong>1377</strong><br />(-24 for losing)\n|l|\u2606j4ce\n|player|p2|\n|l|\u2606arcticfish\n|player|p1|\n",
  "uploadtime": 1776123223,
  "views": 24,
  "formatid": "gen9championsvgc2026regma",
  "rating": 1359,
  "private": 0,
  "password": null
}