{
  "id": "gen9championsvgc2026regma-2586428959",
  "format": "[Gen 9 Champions] VGC 2026 Reg M-A",
  "players": [
    "storm93ita",
    "Antiboyotics"
  ],
  "log": "|j|\u2606storm93ita\n|j|\u2606Antiboyotics\n|t:|1776434051\n|gametype|doubles\n|player|p1|storm93ita|volkner|1086\n|player|p2|Antiboyotics|caitlin|1000\n|gen|9\n|tier|[Gen 9 Champions] VGC 2026 Reg M-A\n|rated|\n|rule|Species Clause: Limit one of each Pok\u00e9mon\n|rule|Item Clause: Limit 1 of each item\n|clearpoke\n|poke|p1|Dragonite, L50, M|\n|poke|p1|Basculegion, L50, M|\n|poke|p1|Archaludon, L50, F|\n|poke|p1|Meganium, L50, M|\n|poke|p1|Sneasler, L50, M|\n|poke|p1|Pelipper, L50, F|\n|poke|p2|Typhlosion-Hisui, L50, M|\n|poke|p2|Torkoal, L50, F|\n|poke|p2|Farigiraf, L50, F|\n|poke|p2|Kangaskhan, L50, F|\n|poke|p2|Vivillon, L50, F|\n|poke|p2|Aegislash, L50, F|\n|teampreview|4\n|inactive|Battle timer is ON: inactive players will automatically lose when time's up. (requested by Antiboyotics)\n|inactive|Antiboyotics has 60 seconds left.\n|\n|t:|1776434087\n|teamsize|p1|4\n|teamsize|p2|4\n|start\n|switch|p1a: Sneasler|Sneasler, L50, M|100/100\n|switch|p1b: Basculegion|Basculegion, L50, M|100/100\n|switch|p2a: Farigiraf|Farigiraf, L50, F|100/100\n|switch|p2b: Kangaskhan|Kangaskhan, L50, F|100/100\n|turn|1\n|inactive|storm93ita has 30 seconds left.\n|inactive|storm93ita has 20 seconds left.\n|inactive|Antiboyotics has 30 seconds left.\n|\n|t:|1776434126\n|move|p2b: Kangaskhan|Fake Out|p1b: Basculegion\n|-damage|p1b: Basculegion|79/100\n|cant|p1b: Basculegion|flinch\n|move|p1a: Sneasler|Close Combat|p2a: Farigiraf\n|-damage|p2a: Farigiraf|49/100\n|-unboost|p1a: Sneasler|def|1\n|-unboost|p1a: Sneasler|spd|1\n|move|p2a: Farigiraf|Trick Room|p2a: Farigiraf\n|-fieldstart|move: Trick Room|[of] p2a: Farigiraf\n|\n|upkeep\n|turn|2\n|\n|t:|1776434151\n|move|p2a: Farigiraf|Psychic Noise|p1a: Sneasler\n|-supereffective|p1a: Sneasler|2\n|-damage|p1a: Sneasler|0 fnt\n|faint|p1a: Sneasler\n|move|p2b: Kangaskhan|Double-Edge|p1b: Basculegion\n|-damage|p1b: Basculegion|14/100\n|-damage|p2b: Kangaskhan|77/100|[from] Recoil\n|move|p1b: Basculegion|Wave Crash|p2a: Farigiraf\n|-damage|p2a: Farigiraf|0 fnt\n|faint|p2a: Farigiraf\n|-damage|p1b: Basculegion|0 fnt|[from] Recoil\n|faint|p1b: Basculegion\n|\n|upkeep\n|\n|t:|1776434164\n|switch|p2a: Torkoal|Torkoal, L50, F|100/100\n|switch|p1b: Pelipper|Pelipper, L50, F|100/100\n|switch|p1a: Dragonite|Dragonite, L50, M|100/100\n|-weather|SunnyDay|[from] ability: Drought|[of] p2a: Torkoal\n|-weather|RainDance|[from] ability: Drizzle|[of] p1b: Pelipper\n|turn|3\n|\n|t:|1776434182\n|detailschange|p1a: Dragonite|Dragonite-Mega, L50, M\n|-mega|p1a: Dragonite|Dragonite|Dragoninite\n|move|p2b: Kangaskhan|Protect|p2b: Kangaskhan\n|-singleturn|p2b: Kangaskhan|Protect\n|move|p2a: Torkoal|Lava Plume|p1b: Pelipper|[spread] p1a,p1b\n|-activate|p2b: Kangaskhan|move: Protect\n|-resisted|p1a: Dragonite|1\n|-resisted|p1b: Pelipper|1\n|-damage|p1a: Dragonite|99/100\n|-damage|p1b: Pelipper|96/100\n|-status|p1a: Dragonite|brn\n|move|p1b: Pelipper|Weather Ball|p2a: Torkoal\n|-supereffective|p2a: Torkoal|1\n|-damage|p2a: Torkoal|1/100\n|-enditem|p2a: Torkoal|Sitrus Berry|[eat]\n|-heal|p2a: Torkoal|26/100|[from] item: Sitrus Berry\n|move|p1a: Dragonite|Hurricane|p2b: Kangaskhan\n|-activate|p2b: Kangaskhan|move: Protect\n|\n|-weather|RainDance|[upkeep]\n|-damage|p1a: Dragonite|93/100 brn|[from] brn\n|upkeep\n|turn|4\n|inactive|Antiboyotics has 30 seconds left.\n|inactive|storm93ita has 30 seconds left.\n|inactive|Antiboyotics has 20 seconds left.\n|\n|t:|1776434222\n|detailschange|p2b: Kangaskhan|Kangaskhan-Mega, L50, F\n|-mega|p2b: Kangaskhan|Kangaskhan|Kangaskhanite\n|move|p1a: Dragonite|Protect|p1a: Dragonite\n|-singleturn|p1a: Dragonite|Protect\n|move|p2a: Torkoal|Body Press|p1a: Dragonite\n|-activate|p1a: Dragonite|move: Protect\n|move|p1b: Pelipper|Weather Ball|p2a: Torkoal\n|-supereffective|p2a: Torkoal|1\n|-damage|p2a: Torkoal|0 fnt\n|faint|p2a: Torkoal\n|move|p2b: Kangaskhan|Double-Edge|p1a: Dragonite\n|-activate|p1a: Dragonite|move: Protect\n|\n|-weather|RainDance|[upkeep]\n|-damage|p1a: Dragonite|87/100 brn|[from] brn\n|upkeep\n|\n|t:|1776434229\n|switch|p2a: Typhlosion|Typhlosion-Hisui, L50, M|100/100\n|turn|5\n|\n|t:|1776434250\n|move|p1a: Dragonite|Protect||[still]\n|-fail|p1a: Dragonite\n|move|p1b: Pelipper|Weather Ball|p2a: Typhlosion\n|-supereffective|p2a: Typhlosion|1\n|-damage|p2a: Typhlosion|0 fnt\n|faint|p2a: Typhlosion\n|move|p2b: Kangaskhan|Double-Edge|p1b: Pelipper\n|-damage|p1b: Pelipper|31/100\n|-damage|p1b: Pelipper|16/100\n|-hitcount|p1b: Pelipper|2\n|-damage|p2b: Kangaskhan|56/100|[from] Recoil\n|\n|-weather|RainDance|[upkeep]\n|-damage|p1a: Dragonite|81/100 brn|[from] brn\n|-fieldend|move: Trick Room\n|upkeep\n|turn|6\n|\n|t:|1776434272\n|move|p2b: Kangaskhan|Double-Edge|p1a: Dragonite\n|-damage|p1a: Dragonite|27/100 brn\n|-damage|p1a: Dragonite|14/100 brn\n|-hitcount|p1a: Dragonite|2\n|-damage|p2b: Kangaskhan|36/100|[from] Recoil\n|move|p1a: Dragonite|Hurricane|p2b: Kangaskhan\n|-damage|p2b: Kangaskhan|0 fnt\n|faint|p2b: Kangaskhan\n|\n|win|storm93ita\n|raw|storm93ita's rating: 1086 &rarr; <strong>1107</strong><br />(+21 for winning)\n|raw|Antiboyotics's rating: 1000 &rarr; <strong>1000</strong><br />(+0 for losing)\n|l|\u2606Antiboyotics\n|player|p2|\n",
  "uploadtime": 1776434281,
  "views": 21,
  "formatid": "gen9championsvgc2026regma",
  "rating": 1000,
  "private": 0,
  "password": null
}