{
  "id": "gen9championsvgc2026regma-2584862523",
  "format": "[Gen 9 Champions] VGC 2026 Reg M-A",
  "players": [
    "Ashirato",
    "benny bagatelli"
  ],
  "log": "|j|\u2606Ashirato\n|j|\u2606benny bagatelli\n|t:|1776289569\n|gametype|doubles\n|player|p1|Ashirato|elesa|1355\n|player|p2|benny bagatelli|skier|1419\n|gen|9\n|tier|[Gen 9 Champions] VGC 2026 Reg M-A\n|rated|\n|rule|Species Clause: Limit one of each Pok\u00e9mon\n|rule|Item Clause: Limit 1 of each item\n|clearpoke\n|poke|p1|Banette, L50, F|\n|poke|p1|Pelipper, L50, M|\n|poke|p1|Archaludon, L50, M|\n|poke|p1|Incineroar, L50, M|\n|poke|p1|Crabominable, L50, M|\n|poke|p1|Farigiraf, L50, M|\n|poke|p2|Sneasler, L50, F|\n|poke|p2|Incineroar, L50, F|\n|poke|p2|Rotom-Wash, L50|\n|poke|p2|Aerodactyl, L50, M|\n|poke|p2|Garchomp, L50, M|\n|poke|p2|Floette-Eternal, L50, F|\n|teampreview|4\n|inactive|Battle timer is ON: inactive players will automatically lose when time's up. (requested by benny bagatelli)\nbenny bagatelli rejected open team sheets.\n|inactive|Ashirato has 60 seconds left.\n|\n|t:|1776289609\n|teamsize|p1|4\n|teamsize|p2|4\n|start\n|switch|p1a: Banette|Banette, L50, F|100/100\n|switch|p1b: Incineroar|Incineroar, L50, M|100/100\n|switch|p2a: Rotom|Rotom-Wash, L50|100/100\n|switch|p2b: Garchomp|Garchomp, L50, M|100/100\n|-ability|p1b: Incineroar|Intimidate|boost\n|-unboost|p2a: Rotom|atk|1\n|-unboost|p2b: Garchomp|atk|1\n|turn|1\n|\n|t:|1776289629\n|switch|p2b: Sneasler|Sneasler, L50, F|100/100\n|detailschange|p1a: Banette|Banette-Mega, L50, F\n|-mega|p1a: Banette|Banette|Banettite\n|move|p1b: Incineroar|Fake Out|p2a: Rotom\n|-damage|p2a: Rotom|88/100\n|move|p1a: Banette|Will-O-Wisp|p2b: Sneasler\n|-status|p2b: Sneasler|brn\n|cant|p2a: Rotom|flinch\n|\n|-damage|p2b: Sneasler|94/100 brn|[from] brn\n|upkeep\n|turn|2\n|\n|t:|1776289654\n|move|p1a: Banette|Protect|p1a: Banette\n|-singleturn|p1a: Banette|Protect\n|move|p2a: Rotom|Hydro Pump|p1a: Banette\n|-activate|p1a: Banette|move: Protect\n|move|p2b: Sneasler|Dire Claw|p1a: Banette\n|-activate|p1a: Banette|move: Protect\n|move|p1b: Incineroar|Parting Shot|p2a: Rotom\n|-unboost|p2a: Rotom|atk|1\n|-unboost|p2a: Rotom|spa|1\n|\n|t:|1776289667\n|switch|p1b: Pelipper|Pelipper, L50, M, shiny|100/100|[from] Parting Shot\n|-weather|RainDance|[from] ability: Drizzle|[of] p1b: Pelipper\n|\n|-weather|RainDance|[upkeep]\n|-damage|p2b: Sneasler|88/100 brn|[from] brn\n|upkeep\n|turn|3\n|\n|t:|1776289687\n|switch|p2b: Floette|Floette-Eternal, L50, F|100/100\n|move|p1a: Banette|Disable|p2a: Rotom\n|-start|p2a: Rotom|Disable|Hydro Pump\n|cant|p2a: Rotom|Disable|Hydro Pump\n|move|p1b: Pelipper|Hurricane|p2b: Floette\n|-damage|p2b: Floette|62/100\n|-start|p2b: Floette|confusion\n|\n|-weather|RainDance|[upkeep]\n|upkeep\n|turn|4\n|\n|t:|1776289712\n|switch|p2a: Garchomp|Garchomp, L50, M|100/100\n|switch|p1b: Archaludon|Archaludon, L50, M|100/100\n|switch|p1a: Incineroar|Incineroar, L50, M|100/100\n|-ability|p1a: Incineroar|Intimidate|boost\n|-unboost|p2a: Garchomp|atk|1\n|-unboost|p2b: Floette|atk|1\n|detailschange|p2b: Floette|Floette-Mega, L50, F\n|-mega|p2b: Floette|Floette|Floettite\n|-ability|p2b: Floette|Fairy Aura\n|-activate|p2b: Floette|confusion\n|move|p2b: Floette|Moonblast|p1a: Incineroar\n|-damage|p1a: Incineroar|34/100\n|-enditem|p1a: Incineroar|Sitrus Berry|[eat]\n|-heal|p1a: Incineroar|58/100|[from] item: Sitrus Berry\n|\n|-weather|RainDance|[upkeep]\n|upkeep\n|turn|5\n|\n|t:|1776289736\n|switch|p2b: Sneasler|Sneasler, L50, F|88/100 brn\n|move|p2a: Garchomp|Protect|p2a: Garchomp\n|-singleturn|p2a: Garchomp|Protect\n|move|p1a: Incineroar|Fake Out|p2a: Garchomp\n|-activate|p2a: Garchomp|move: Protect\n|move|p1b: Archaludon|Electro Shot||[still]\n|-prepare|p1b: Archaludon|Electro Shot\n|-boost|p1b: Archaludon|spa|1\n|-anim|p1b: Archaludon|Electro Shot|p2b: Sneasler\n|-damage|p2b: Sneasler|9/100 brn\n|\n|-weather|RainDance|[upkeep]\n|-damage|p2b: Sneasler|2/100 brn|[from] brn\n|upkeep\n|turn|6\n|inactive|Ashirato has 30 seconds left.\n|inactive|Ashirato has 20 seconds left.\n|inactive|Ashirato has 15 seconds left.\n|\n|t:|1776289779\n|switch|p1a: Banette|Banette-Mega, L50, F|100/100\n|move|p1b: Archaludon|Protect|p1b: Archaludon\n|-singleturn|p1b: Archaludon|Protect\n|move|p2b: Sneasler|Close Combat|p1a: Banette\n|-immune|p1a: Banette\n|move|p2a: Garchomp|Dragon Claw|p1a: Banette\n|-damage|p1a: Banette|67/100\n|\n|-weather|none\n|-damage|p2b: Sneasler|0 fnt|[from] brn\n|faint|p2b: Sneasler\n|upkeep\n|\n|t:|1776289793\n|switch|p2b: Rotom|Rotom-Wash, L50|88/100\n|turn|7\n|\n|t:|1776289811\n|move|p1a: Banette|Protect|p1a: Banette\n|-singleturn|p1a: Banette|Protect\n|move|p2b: Rotom|Volt Switch|p1a: Banette\n|-activate|p1a: Banette|move: Protect\n|move|p2a: Garchomp|Earthquake|p1a: Banette|[spread] p1b\n|-activate|p1a: Banette|move: Protect\n|-immune|p2b: Rotom|[from] ability: Levitate\n|-supereffective|p1b: Archaludon|1\n|-damage|p1b: Archaludon|49/100\n|-ability|p1b: Archaludon|Stamina|boost\n|-boost|p1b: Archaludon|def|1\n|move|p1b: Archaludon|Dragon Pulse|p2b: Rotom\n|-damage|p2b: Rotom|26/100\n|\n|-heal|p1b: Archaludon|55/100|[from] item: Leftovers\n|upkeep\n|turn|8\n|\n|t:|1776289833\n|move|p1a: Banette|Disable|p2a: Garchomp\n|-start|p2a: Garchomp|Disable|Earthquake\n|move|p2b: Rotom|Volt Switch|p1a: Banette\n|-damage|p1a: Banette|37/100\n|j| lance dance vgc13\n|\n|t:|1776289838\n|switch|p2b: Floette|Floette-Mega, L50, F|62/100|[from] Volt Switch\n|-ability|p2b: Floette|Fairy Aura\n|cant|p2a: Garchomp|Disable|Earthquake\n|move|p1b: Archaludon|Flash Cannon|p2b: Floette\n|-supereffective|p2b: Floette|1\n|-damage|p2b: Floette|0 fnt\n|faint|p2b: Floette\n|\n|-heal|p1b: Archaludon|62/100|[from] item: Leftovers\n|upkeep\n|-message|benny bagatelli forfeited.\n|\n|win|Ashirato\n|raw|Ashirato's rating: 1355 &rarr; <strong>1379</strong><br />(+24 for winning)\n|raw|benny bagatelli's rating: 1419 &rarr; <strong>1395</strong><br />(-24 for losing)\n|l|\u2606benny bagatelli\n|player|p2|\n|l| lance dance vgc13\n",
  "uploadtime": 1776289852,
  "views": 35,
  "formatid": "gen9championsvgc2026regma",
  "rating": 1379,
  "private": 0,
  "password": null
}