{
  "id": "gen9championsvgc2026regma-2586575545",
  "format": "[Gen 9 Champions] VGC 2026 Reg M-A",
  "players": [
    "byableorange4",
    "Mr_D_Rex957"
  ],
  "log": "|j|\u2606byableorange4\n|j|\u2606Mr_D_Rex957\n|t:|1776444222\n|gametype|doubles\n|player|p1|byableorange4|n|1256\n|player|p2|Mr_D_Rex957|170|1199\n|gen|9\n|tier|[Gen 9 Champions] VGC 2026 Reg M-A\n|rated|\n|rule|Species Clause: Limit one of each Pok\u00e9mon\n|rule|Item Clause: Limit 1 of each item\n|clearpoke\n|poke|p1|Camerupt, L50, F|\n|poke|p1|Sinistcha, L50|\n|poke|p1|Incineroar, L50, F|\n|poke|p1|Farigiraf, L50, M|\n|poke|p1|Kingambit, L50, F|\n|poke|p1|Dragonite, L50, F|\n|poke|p2|Aggron, L50, M|\n|poke|p2|Sinistcha, L50|\n|poke|p2|Incineroar, L50, M|\n|poke|p2|Sneasler, L50, F|\n|poke|p2|Milotic, L50, F|\n|poke|p2|Meowstic, L50, M|\n|teampreview|4\n|inactive|Battle timer is ON: inactive players will automatically lose when time's up. (requested by byableorange4)\n|inactive|byableorange4 has 60 seconds left.\n|\n|t:|1776444269\n|teamsize|p1|4\n|teamsize|p2|4\n|start\n|switch|p1a: Camerupt|Camerupt, L50, F|100/100\n|switch|p1b: Farigiraf|Farigiraf, L50, M|100/100\n|switch|p2a: Tigre To\u00f1o|Incineroar, L50, M|100/100\n|switch|p2b: Bella|Milotic, L50, F|100/100\n|-ability|p2a: Tigre To\u00f1o|Intimidate|boost\n|-unboost|p1a: Camerupt|atk|1\n|-unboost|p1b: Farigiraf|atk|1\n|turn|1\n|inactive|byableorange4 has 30 seconds left.\n|inactive|byableorange4 has 20 seconds left.\n|inactive|byableorange4 has 15 seconds left.\n|inactive|byableorange4 has 10 seconds left.\n|\n|t:|1776444314\n|switch|p1b: Dragonite|Dragonite, L50, F|100/100\n|switch|p1a: Sinistcha|Sinistcha, L50|100/100\n|move|p2b: Bella|Muddy Water|p1a: Sinistcha|[spread] p1a\n|-miss|p2b: Bella|p1b: Dragonite\n|-resisted|p1a: Sinistcha|1\n|-damage|p1a: Sinistcha|81/100\n|move|p2a: Tigre To\u00f1o|Darkest Lariat|p1b: Dragonite\n|-damage|p1b: Dragonite|84/100\n|\n|upkeep\n|turn|2\n|inactive|Mr_D_Rex957 has 30 seconds left.\n|inactive|byableorange4 has 30 seconds left.\n|inactive|Mr_D_Rex957 has 20 seconds left.\n|\n|t:|1776444351\n|move|p2b: Bella|Ice Beam|p1b: Dragonite\n|-supereffective|p1b: Dragonite|2\n|-damage|p1b: Dragonite|0 fnt\n|faint|p1b: Dragonite\n|move|p2a: Tigre To\u00f1o|Flare Blitz|p1a: Sinistcha\n|-supereffective|p1a: Sinistcha|1\n|-damage|p1a: Sinistcha|7/100\n|-enditem|p1a: Sinistcha|Sitrus Berry|[eat]\n|-heal|p1a: Sinistcha|32/100|[from] item: Sitrus Berry\n|-damage|p2a: Tigre To\u00f1o|78/100|[from] Recoil\n|move|p1a: Sinistcha|Matcha Gotcha|p2a: Tigre To\u00f1o|[spread] p2a,p2b\n|-resisted|p2a: Tigre To\u00f1o|1\n|-supereffective|p2b: Bella|1\n|-damage|p2a: Tigre To\u00f1o|67/100\n|-heal|p1a: Sinistcha|38/100|[from] drain|[of] p2a: Tigre To\u00f1o\n|-damage|p2b: Bella|59/100\n|-heal|p1a: Sinistcha|59/100|[from] drain|[of] p2b: Bella\n|-status|p2b: Bella|brn\n|\n|-heal|p2b: Bella|65/100 brn|[from] item: Leftovers\n|-damage|p2b: Bella|59/100 brn|[from] brn\n|upkeep\n|inactive|byableorange4 has 30 seconds left.\n|\n|t:|1776444377\n|switch|p1b: Camerupt|Camerupt, L50, F|100/100\n|turn|3\n|inactive|byableorange4 has 30 seconds left.\n|inactive|byableorange4 has 20 seconds left.\n|inactive|byableorange4 has 15 seconds left.\n|inactive|byableorange4 has 10 seconds left.\n|\n|t:|1776444426\n|detailschange|p1b: Camerupt|Camerupt-Mega, L50, F\n|-mega|p1b: Camerupt|Camerupt|Cameruptite\n|move|p2b: Bella|Muddy Water|p1b: Camerupt|[spread] p1a\n|-miss|p2b: Bella|p1b: Camerupt\n|-resisted|p1a: Sinistcha|1\n|-damage|p1a: Sinistcha|38/100\n|-unboost|p1a: Sinistcha|accuracy|1\n|move|p2a: Tigre To\u00f1o|Flare Blitz|p1a: Sinistcha\n|-supereffective|p1a: Sinistcha|1\n|-damage|p1a: Sinistcha|0 fnt\n|faint|p1a: Sinistcha\n|-damage|p2a: Tigre To\u00f1o|55/100|[from] Recoil\n|move|p1b: Camerupt|Earth Power|p2b: Bella\n|-damage|p2b: Bella|8/100 brn\n|\n|-heal|p2b: Bella|14/100 brn|[from] item: Leftovers\n|-damage|p2b: Bella|8/100 brn|[from] brn\n|upkeep\n|\n|t:|1776444435\n|switch|p1a: Farigiraf|Farigiraf, L50, M|100/100\n|turn|4\n|\n|t:|1776444458\n|move|p1b: Camerupt|Protect|p1b: Camerupt\n|-singleturn|p1b: Camerupt|Protect\n|move|p2b: Bella|Muddy Water|p1b: Camerupt|[spread] p1a\n|-activate|p1b: Camerupt|move: Protect\n|-damage|p1a: Farigiraf|67/100\n|-unboost|p1a: Farigiraf|accuracy|1\n|move|p2a: Tigre To\u00f1o|Darkest Lariat|p1a: Farigiraf\n|-supereffective|p1a: Farigiraf|1\n|-enditem|p1a: Farigiraf|Colbur Berry|[eat]\n|-enditem|p1a: Farigiraf|Colbur Berry|[weaken]\n|-damage|p1a: Farigiraf|33/100\n|move|p1a: Farigiraf|Trick Room|p1a: Farigiraf\n|-fieldstart|move: Trick Room|[of] p1a: Farigiraf\n|\n|-heal|p2b: Bella|14/100 brn|[from] item: Leftovers\n|-damage|p2b: Bella|8/100 brn|[from] brn\n|upkeep\n|turn|5\n|inactive|Mr_D_Rex957 has 30 seconds left.\n|inactive|Mr_D_Rex957 has 20 seconds left.\n|\n|t:|1776444494\n|move|p1b: Camerupt|Earth Power|p2a: Tigre To\u00f1o\n|-supereffective|p2a: Tigre To\u00f1o|1\n|-damage|p2a: Tigre To\u00f1o|0 fnt\n|faint|p2a: Tigre To\u00f1o\n|move|p1a: Farigiraf|Hyper Voice|p2b: Bella\n|-damage|p2b: Bella|0 fnt\n|faint|p2b: Bella\n|\n|upkeep\n|\n|t:|1776444497\n|switch|p2a: Pelusas|Meowstic, L50, M|100/100\n|switch|p2b: Mark|Aggron, L50, M|100/100\n|turn|6\n|inactive|byableorange4 has 30 seconds left.\n|inactive|byableorange4 has 20 seconds left.\n|inactive|byableorange4 has 15 seconds left.\n|inactive|byableorange4 has 10 seconds left.\n|inactive|byableorange4 has 5 seconds left.\n|\n|t:|1776444550\n|detailschange|p2b: Mark|Aggron-Mega, L50, M\n|-mega|p2b: Mark|Aggron|Aggronite\n|move|p2a: Pelusas|Light Screen|p2a: Pelusas\n|-sidestart|p2: Mr_D_Rex957|move: Light Screen\n|move|p1b: Camerupt|Eruption|p2b: Mark|[spread] p2a,p2b\n|-supereffective|p2b: Mark|1\n|-damage|p2a: Pelusas|42/100\n|-damage|p2b: Mark|47/100\n|move|p2b: Mark|Body Press|p1b: Camerupt\n|-damage|p1b: Camerupt|64/100\n|move|p1a: Farigiraf|Hyper Voice|p2b: Mark|[spread] p2a\n|-miss|p1a: Farigiraf|p2b: Mark\n|-damage|p2a: Pelusas|14/100\n|\n|upkeep\n|turn|7\n|inactive|byableorange4 has 30 seconds left.\n|inactive|Mr_D_Rex957 has 30 seconds left.\n|inactive|byableorange4 has 20 seconds left.\n|inactive|byableorange4 has 15 seconds left.\n|\n|t:|1776444594\n|move|p1b: Camerupt|Eruption|p2a: Pelusas|[spread] p2a,p2b\n|-supereffective|p2b: Mark|1\n|-damage|p2a: Pelusas|0 fnt\n|-damage|p2b: Mark|8/100\n|faint|p2a: Pelusas\n|move|p2b: Mark|Body Press|p1b: Camerupt\n|-damage|p1b: Camerupt|28/100\n|move|p1a: Farigiraf|Hyper Voice|p2b: Mark\n|-resisted|p2b: Mark|1\n|-damage|p2b: Mark|0 fnt\n|faint|p2b: Mark\n|\n|win|byableorange4\n|raw|byableorange4's rating: 1256 &rarr; <strong>1277</strong><br />(+21 for winning)\n|raw|Mr_D_Rex957's rating: 1199 &rarr; <strong>1178</strong><br />(-21 for losing)\n",
  "uploadtime": 1776444608,
  "views": 20,
  "formatid": "gen9championsvgc2026regma",
  "rating": 1178,
  "private": 0,
  "password": null
}