{
  "id": "gen9championsvgc2026regma-2588523108",
  "format": "[Gen 9 Champions] VGC 2026 Reg M-A",
  "players": [
    "JoltikGG",
    "AzureWitch"
  ],
  "log": "|j|\u2606JoltikGG\n|j|\u2606AzureWitch\n|t:|1776641394\n|gametype|doubles\n|player|p1|JoltikGG|lacey|1059\n|player|p2|AzureWitch|caitlin|1128\n|gen|9\n|tier|[Gen 9 Champions] VGC 2026 Reg M-A\n|rated|\n|rule|Species Clause: Limit one of each Pok\u00e9mon\n|rule|Item Clause: Limit 1 of each item\n|clearpoke\n|poke|p1|Scovillain, L50, M|\n|poke|p1|Hydreigon, L50, M|\n|poke|p1|Whimsicott, L50, F|\n|poke|p1|Sneasler, L50, F, shiny|\n|poke|p1|Kleavor, L50, M|\n|poke|p1|Volcarona, L50, M, shiny|\n|poke|p2|Delphox, L50, F|\n|poke|p2|Garchomp, L50, F|\n|poke|p2|Primarina, L50, F|\n|poke|p2|Sneasler, L50, F|\n|poke|p2|Kingambit, L50, F|\n|poke|p2|Aerodactyl, L50, F|\n|teampreview|4\nAzureWitch has agreed to open team sheets.\n|c|\u2606JoltikGG|glhf\nJoltikGG has agreed to open team sheets.\n|showteam|p1|Scovillain||Scovillainite|Moody|RagePowder,SpicyExtract,Flamethrower,WorrySeed|||M|||50|]Hydreigon||ChoiceScarf|Levitate|DracoMeteor,DarkPulse,EarthPower,FlashCannon|||M|||50|]Whimsicott||FocusSash|Prankster|Moonblast,Taunt,Encore,Tailwind|||F|||50|]Sneasler||WhiteHerb|Unburden|CloseCombat,DireClaw,FakeOut,Coaching|||F|||50|]Kleavor||BrightPowder|Sharpness|StoneAxe,XScissor,NightSlash,Protect|||M|||50|]Volcarona||Leftovers|FlameBody|FieryDance,BugBuzz,Psychic,Protect|||M|||50|\n|showteam|p2|Delphox||Delphoxite|Blaze|HeatWave,Psyshock,Substitute,Protect|||F|||50|]Garchomp||ChoiceScarf|RoughSkin|Earthquake,StompingTantrum,DragonClaw,RockTomb|||F|||50|]Primarina||SitrusBerry|LiquidVoice|HyperVoice,Moonblast,CalmMind,Protect|||F|||50|]Sneasler||WhiteHerb|Unburden|CloseCombat,DireClaw,FakeOut,Protect|||F|||50|]Kingambit||ChopleBerry|Defiant|KowtowCleave,SuckerPunch,IronHead,Protect|||F|||50|]Aerodactyl||FocusSash|Unnerve|RockSlide,DualWingbeat,Tailwind,Protect|||F|||50|\n|c|\u2606AzureWitch|glhf!\n|c|\u2606JoltikGG|ty\n|\n|t:|1776641430\n|teamsize|p1|4\n|teamsize|p2|4\n|start\n|switch|p1a: Cuddles|Whimsicott, L50, F|100/100\n|switch|p1b: Ceaser|Kleavor, L50, M|100/100\n|switch|p2a: Aerodactyl|Aerodactyl, L50, F|100/100\n|switch|p2b: Primarina|Primarina, L50, F|100/100\n|-ability|p2a: Aerodactyl|Unnerve\n|turn|1\n|\n|t:|1776641448\n|move|p1a: Cuddles|Tailwind|p1a: Cuddles\n|-sidestart|p1: JoltikGG|move: Tailwind\n|move|p1b: Ceaser|Stone Axe|p2a: Aerodactyl\n|-supereffective|p2a: Aerodactyl|1\n|-enditem|p2a: Aerodactyl|Focus Sash\n|-damage|p2a: Aerodactyl|1/100\n|-sidestart|p2: AzureWitch|move: Stealth Rock\n|move|p2a: Aerodactyl|Rock Slide|p1a: Cuddles|[spread] p1a,p1b\n|-supereffective|p1b: Ceaser|1\n|-crit|p1b: Ceaser\n|-damage|p1a: Cuddles|71/100\n|-damage|p1b: Ceaser|8/100\n|move|p2b: Primarina|Calm Mind|p2b: Primarina\n|-boost|p2b: Primarina|spa|1\n|-boost|p2b: Primarina|spd|1\n|\n|upkeep\n|turn|2\n|\n|t:|1776641476\n|move|p1a: Cuddles|Moonblast|p2a: Aerodactyl\n|-crit|p2a: Aerodactyl\n|-damage|p2a: Aerodactyl|0 fnt\n|faint|p2a: Aerodactyl\n|move|p1b: Ceaser|Stone Axe|p2b: Primarina\n|-damage|p2b: Primarina|45/100\n|-enditem|p2b: Primarina|Sitrus Berry|[eat]\n|-heal|p2b: Primarina|70/100|[from] item: Sitrus Berry\n|move|p2b: Primarina|Calm Mind|p2b: Primarina\n|-boost|p2b: Primarina|spa|1\n|-boost|p2b: Primarina|spd|1\n|\n|upkeep\n|\n|t:|1776641489\n|switch|p2a: Garchomp|Garchomp, L50, F|100/100\n|-damage|p2a: Garchomp|95/100|[from] Stealth Rock\n|turn|3\n|\n|t:|1776641513\n|move|p1b: Ceaser|Protect|p1b: Ceaser\n|-singleturn|p1b: Ceaser|Protect\n|move|p2b: Primarina|Protect|p2b: Primarina\n|-singleturn|p2b: Primarina|Protect\n|move|p1a: Cuddles|Moonblast|p2a: Garchomp\n|-supereffective|p2a: Garchomp|1\n|-damage|p2a: Garchomp|36/100\n|move|p2a: Garchomp|Rock Tomb|p1b: Ceaser\n|-activate|p1b: Ceaser|move: Protect\n|\n|upkeep\n|turn|4\n|\n|t:|1776641528\n|move|p1a: Cuddles|Moonblast|p2a: Garchomp\n|-supereffective|p2a: Garchomp|1\n|-damage|p2a: Garchomp|0 fnt\n|faint|p2a: Garchomp\n|move|p1b: Ceaser|Stone Axe|p2b: Primarina\n|-damage|p2b: Primarina|12/100\n|move|p2b: Primarina|Moonblast|p1a: Cuddles\n|-damage|p1a: Cuddles|0 fnt\n|faint|p1a: Cuddles\n|\n|-sideend|p1: JoltikGG|move: Tailwind\n|upkeep\n|\n|t:|1776641539\n|switch|p1a: Paprika|Scovillain, L50, M|100/100\n|switch|p2a: Sneasler|Sneasler, L50, F|100/100\n|-damage|p2a: Sneasler|94/100|[from] Stealth Rock\n|turn|5\n|\n|t:|1776641554\n|detailschange|p1a: Paprika|Scovillain-Mega, L50, M\n|-mega|p1a: Paprika|Scovillain|Scovillainite\n|move|p2a: Sneasler|Fake Out|p1b: Ceaser\n|-resisted|p1b: Ceaser|1\n|-damage|p1b: Ceaser|0 fnt\n|faint|p1b: Ceaser\n|move|p1a: Paprika|Rage Powder|p1a: Paprika\n|-singleturn|p1a: Paprika|move: Rage Powder\n|move|p2b: Primarina|Hyper Voice|p1a: Paprika\n|-damage|p1a: Paprika|0 fnt\n|-status|p2b: Primarina|brn|[from] ability: Spicy Spray|[of] p1a: Paprika\n|faint|p1a: Paprika\n|\n|-damage|p2b: Primarina|6/100 brn|[from] brn\n|upkeep\n|\n|t:|1776641563\n|switch|p1b: Pyrite|Sneasler, L50, F, shiny|100/100\n|turn|6\n|\n|t:|1776641590\n|move|p1b: Pyrite|Fake Out|p2a: Sneasler\n|-damage|p2a: Sneasler|75/100\n|cant|p2a: Sneasler|flinch\n|move|p2b: Primarina|Hyper Voice|p1b: Pyrite\n|-damage|p1b: Pyrite|0 fnt\n|faint|p1b: Pyrite\n|\n|win|AzureWitch\n|raw|JoltikGG's rating: 1059 &rarr; <strong>1044</strong><br />(-15 for losing)\n|raw|AzureWitch's rating: 1128 &rarr; <strong>1148</strong><br />(+20 for winning)\n|c|\u2606JoltikGG|gg\n|l|\u2606JoltikGG\n|player|p1|\n|c|\u2606AzureWitch|gg\n",
  "uploadtime": 1776642214,
  "views": 8,
  "formatid": "gen9championsvgc2026regma",
  "rating": 1044,
  "private": 0,
  "password": null
}