{
  "id": "gen9championsvgc2026regma-2586038143",
  "format": "[Gen 9 Champions] VGC 2026 Reg M-A",
  "players": [
    "toxmyself",
    "Shadowlance1"
  ],
  "log": "|j|\u2606toxmyself\n|j|\u2606Shadowlance1\n|t:|1776392650\n|gametype|doubles\n|player|p1|toxmyself|norman|1272\n|player|p2|Shadowlance1|drayden|1183\n|gen|9\n|tier|[Gen 9 Champions] VGC 2026 Reg M-A\n|rated|\n|rule|Species Clause: Limit one of each Pok\u00e9mon\n|rule|Item Clause: Limit 1 of each item\n|clearpoke\n|poke|p1|Charizard, L50, M|\n|poke|p1|Milotic, L50, M|\n|poke|p1|Aegislash, L50, M|\n|poke|p1|Sneasler, L50, M|\n|poke|p1|Aerodactyl, L50, M|\n|poke|p1|Sylveon, L50, M|\n|poke|p2|Tyranitar, L50, F|\n|poke|p2|Corviknight, L50, M|\n|poke|p2|Excadrill, L50, F|\n|poke|p2|Sinistcha, L50|\n|poke|p2|Incineroar, L50, F|\n|poke|p2|Kommo-o, L50, F|\n|teampreview|4\n|inactive|Battle timer is ON: inactive players will automatically lose when time's up. (requested by Shadowlance1)\n|inactive|toxmyself also wants the timer to be on.\n|inactive|toxmyself has 60 seconds left.\n|inactive|Shadowlance1 has 60 seconds left.\nShadowlance1 has agreed to open team sheets.\ntoxmyself has agreed to open team sheets.\n|showteam|p1|Charizard||CharizarditeX|Blaze|DragonClaw,FlareBlitz,DragonDance,Protect|||M|||50|]Milotic||Leftovers|Competitive|Scald,IcyWind,Recover,Protect|||M|||50|]Aegislash||SpellTag|StanceChange|Poltergeist,IronHead,ShadowSneak,KingsShield|||M|||50|]Sneasler||WhiteHerb|Unburden|DireClaw,CloseCombat,FakeOut,Protect|||M|||50|]Aerodactyl||FocusSash|Unnerve|RockSlide,DualWingbeat,Tailwind,Protect|||M|||50|]Sylveon||FairyFeather|Pixilate|HyperVoice,QuickAttack,HyperBeam,Protect|||M|||50|\n|showteam|p2|Tyranitar||Tyranitarite|SandStream|RockSlide,LowKick,KnockOff,Protect|||F|||50|]Corviknight||Leftovers|MirrorArmor|Tailwind,BulkUp,Roost,BraveBird|||M|||50|]Excadrill||FocusSash|SandRush|RockSlide,Earthquake,IronHead,Protect|||F|||50|]Sinistcha||SitrusBerry|Hospitality|MatchaGotcha,RagePowder,StrengthSap,TrickRoom||||||50|]Incineroar||PasshoBerry|Intimidate|FakeOut,PartingShot,ThroatChop,FlareBlitz|||F|||50|]Kommo-o||HabanBerry|Overcoat|AuraSphere,ClangingScales,ClangorousSoul,Protect|||F|||50|\n|inactive|Shadowlance1 has 30 seconds left.\n|inactive|Shadowlance1 has 20 seconds left.\n|\n|t:|1776392725\n|teamsize|p1|4\n|teamsize|p2|4\n|start\n|switch|p1a: Aerodactyl|Aerodactyl, L50, M|100/100\n|switch|p1b: Charizard|Charizard, L50, M|100/100\n|switch|p2a: Kommo-o|Kommo-o, L50, F|100/100\n|switch|p2b: Tyranitar|Tyranitar, L50, F, shiny|100/100\n|-ability|p1a: Aerodactyl|Unnerve\n|-weather|Sandstorm|[from] ability: Sand Stream|[of] p2b: Tyranitar\n|turn|1\n|\n|t:|1776392742\n|switch|p1b: Aegislash|Aegislash, L50, M|100/100\n|detailschange|p2b: Tyranitar|Tyranitar-Mega, L50, F, shiny\n|-mega|p2b: Tyranitar|Tyranitar|Tyranitarite\n|move|p1a: Aerodactyl|Dual Wingbeat|p2a: Kommo-o\n|-supereffective|p2a: Kommo-o|1\n|-damage|p2a: Kommo-o|64/100\n|-supereffective|p2a: Kommo-o|1\n|-damage|p2a: Kommo-o|27/100\n|-hitcount|p2a: Kommo-o|2\n|move|p2a: Kommo-o|Clangorous Soul||[still]\n|-fail|p2a: Kommo-o\n|move|p2b: Tyranitar|Rock Slide|p1a: Aerodactyl|[spread] p1b\n|-miss|p2b: Tyranitar|p1a: Aerodactyl\n|-resisted|p1b: Aegislash|1\n|-damage|p1b: Aegislash|86/100\n|\n|-weather|Sandstorm|[upkeep]\n|upkeep\n|turn|2\n|inactive|toxmyself has 30 seconds left.\n|inactive|Shadowlance1 has 30 seconds left.\n|\n|t:|1776392774\n|switch|p2a: Corviknight|Corviknight, L50, M, shiny|100/100\n|move|p1a: Aerodactyl|Tailwind|p1a: Aerodactyl\n|-sidestart|p1: toxmyself|move: Tailwind\n|-formechange|p1b: Aegislash|Aegislash-Blade|\n|move|p1b: Aegislash|Iron Head|p2b: Tyranitar\n|-supereffective|p2b: Tyranitar|1\n|-damage|p2b: Tyranitar|39/100\n|move|p2b: Tyranitar|Knock Off|p1b: Aegislash\n|-supereffective|p1b: Aegislash|1\n|-damage|p1b: Aegislash|0 fnt\n|-enditem|p1b: Aegislash|Spell Tag|[from] move: Knock Off|[of] p2b: Tyranitar\n|faint|p1b: Aegislash\n|\n|-weather|Sandstorm|[upkeep]\n|upkeep\n|\n|t:|1776392789\n|switch|p1b: Charizard|Charizard, L50, M|100/100\n|turn|3\n|inactive|toxmyself has 30 seconds left.\n|\n|t:|1776392816\n|move|p1b: Charizard|Protect|p1b: Charizard\n|-singleturn|p1b: Charizard|Protect\n|move|p1a: Aerodactyl|Rock Slide|p2b: Tyranitar|[spread] p2a,p2b\n|-damage|p2a: Corviknight|85/100\n|-damage|p2b: Tyranitar|21/100\n|move|p2b: Tyranitar|Rock Slide|p1b: Charizard|[spread] p1a\n|-activate|p1b: Charizard|move: Protect\n|-supereffective|p1a: Aerodactyl|1\n|-crit|p1a: Aerodactyl\n|-enditem|p1a: Aerodactyl|Focus Sash\n|-damage|p1a: Aerodactyl|1/100\n|move|p2a: Corviknight|Tailwind|p2a: Corviknight\n|-sidestart|p2: Shadowlance1|move: Tailwind\n|\n|-weather|Sandstorm|[upkeep]\n|-damage|p1b: Charizard|95/100|[from] Sandstorm\n|-heal|p2a: Corviknight|91/100|[from] item: Leftovers\n|upkeep\n|turn|4\n|\n|t:|1776392840\n|detailschange|p1b: Charizard|Charizard-Mega-X, L50, M\n|-mega|p1b: Charizard|Charizard|Charizardite X\n|move|p1a: Aerodactyl|Rock Slide|p2a: Corviknight|[spread] p2a\n|-miss|p1a: Aerodactyl|p2b: Tyranitar\n|-damage|p2a: Corviknight|74/100\n|move|p1b: Charizard|Dragon Claw|p2b: Tyranitar\n|-damage|p2b: Tyranitar|0 fnt\n|faint|p2b: Tyranitar\n|move|p2a: Corviknight|Bulk Up|p2a: Corviknight\n|-boost|p2a: Corviknight|atk|1\n|-boost|p2a: Corviknight|def|1\n|\n|-weather|Sandstorm|[upkeep]\n|-damage|p1b: Charizard|89/100|[from] Sandstorm\n|-heal|p2a: Corviknight|80/100|[from] item: Leftovers\n|upkeep\n|\n|t:|1776392854\n|switch|p2b: Excadrill|Excadrill, L50, F, shiny|100/100\n|turn|5\n|\n|t:|1776392864\n|move|p1a: Aerodactyl|Protect|p1a: Aerodactyl\n|-singleturn|p1a: Aerodactyl|Protect\n|move|p1b: Charizard|Protect|p1b: Charizard\n|-singleturn|p1b: Charizard|Protect\n|move|p2b: Excadrill|Rock Slide|p1b: Charizard|[spread] \n|-activate|p1a: Aerodactyl|move: Protect\n|-activate|p1b: Charizard|move: Protect\n|move|p2a: Corviknight|Brave Bird|p1b: Charizard\n|-activate|p1b: Charizard|move: Protect\n|\n|-weather|none\n|-heal|p2a: Corviknight|86/100|[from] item: Leftovers\n|-sideend|p1: toxmyself|move: Tailwind\n|upkeep\n|turn|6\n|\n|t:|1776392885\n|switch|p1b: Sneasler|Sneasler, L50, M|100/100\n|move|p2b: Excadrill|Rock Slide|p1b: Sneasler|[spread] p1a,p1b\n|-supereffective|p1a: Aerodactyl|1\n|-resisted|p1b: Sneasler|1\n|-damage|p1a: Aerodactyl|0 fnt\n|-damage|p1b: Sneasler|83/100\n|faint|p1a: Aerodactyl\n|move|p2a: Corviknight|Brave Bird|p1b: Sneasler\n|-supereffective|p1b: Sneasler|1\n|-damage|p1b: Sneasler|0 fnt\n|faint|p1b: Sneasler\n|-damage|p2a: Corviknight|65/100|[from] Recoil\n|\n|-heal|p2a: Corviknight|71/100|[from] item: Leftovers\n|-sideend|p2: Shadowlance1|move: Tailwind\n|upkeep\n|\n|t:|1776392894\n|switch|p1b: Charizard|Charizard-Mega-X, L50, M|89/100\n|turn|7\n|\n|t:|1776392904\n|move|p2b: Excadrill|Protect|p2b: Excadrill\n|-singleturn|p2b: Excadrill|Protect\n|move|p1b: Charizard|Flare Blitz|p2b: Excadrill\n|-activate|p2b: Excadrill|move: Protect\n|move|p2a: Corviknight|Tailwind|p2a: Corviknight\n|-sidestart|p2: Shadowlance1|move: Tailwind\n|\n|-heal|p2a: Corviknight|77/100|[from] item: Leftovers\n|upkeep\n|turn|8\n|\n|t:|1776392919\n|move|p2b: Excadrill|Rock Slide|p1b: Charizard\n|-supereffective|p1b: Charizard|1\n|-damage|p1b: Charizard|31/100\n|move|p2a: Corviknight|Bulk Up|p2a: Corviknight\n|-boost|p2a: Corviknight|atk|1\n|-boost|p2a: Corviknight|def|1\n|move|p1b: Charizard|Flare Blitz|p2b: Excadrill\n|-supereffective|p2b: Excadrill|1\n|-enditem|p2b: Excadrill|Focus Sash\n|-damage|p2b: Excadrill|1/100\n|-status|p2b: Excadrill|brn\n|-damage|p1b: Charizard|0 fnt|[from] Recoil\n|faint|p1b: Charizard\n|\n|win|Shadowlance1\n|raw|toxmyself's rating: 1272 &rarr; <strong>1241</strong><br />(-31 for losing)\n|raw|Shadowlance1's rating: 1183 &rarr; <strong>1214</strong><br />(+31 for winning)\n",
  "uploadtime": 1776392919,
  "views": 22,
  "formatid": "gen9championsvgc2026regma",
  "rating": 1214,
  "private": 0,
  "password": null
}