{
  "id": "gen9championsvgc2026regma-2585904041",
  "format": "[Gen 9 Champions] VGC 2026 Reg M-A",
  "players": [
    "Kyooby",
    "PhilosII3"
  ],
  "log": "|j|\u2606Kyooby\n|j|\u2606PhilosII3\n|t:|1776380045\n|gametype|doubles\n|player|p1|Kyooby|volkner|1163\n|player|p2|PhilosII3|169|1105\n|gen|9\n|tier|[Gen 9 Champions] VGC 2026 Reg M-A\n|rated|\n|rule|Species Clause: Limit one of each Pok\u00e9mon\n|rule|Item Clause: Limit 1 of each item\n|clearpoke\n|poke|p1|Maushold-Four, L50|\n|poke|p1|Gardevoir, L50, M|\n|poke|p1|Espathra, L50, M|\n|poke|p1|Kommo-o, L50, M|\n|poke|p1|Gyarados, L50, M|\n|poke|p1|Heliolisk, L50, M|\n|poke|p2|Ninetales-Alola, L50, F|\n|poke|p2|Froslass, L50, F|\n|poke|p2|Whimsicott, L50, F|\n|poke|p2|Rotom-Wash, L50|\n|poke|p2|Mamoswine, L50, F|\n|poke|p2|Armarouge, L50, F|\n|teampreview|4\n|inactive|Battle timer is ON: inactive players will automatically lose when time's up. (requested by Kyooby)\n|inactive|Kyooby has 60 seconds left.\n|\n|t:|1776380084\n|teamsize|p1|4\n|teamsize|p2|4\n|start\n|switch|p1a: Maushold|Maushold-Four, L50|100/100\n|switch|p1b: Gyarados|Gyarados, L50, M|100/100\n|switch|p2a: Ninetales|Ninetales-Alola, L50, F|100/100\n|switch|p2b: Whimsicott|Whimsicott, L50, F|100/100\n|-weather|Snowscape|[from] ability: Snow Warning|[of] p2a: Ninetales\n|-ability|p1b: Gyarados|Intimidate|boost\n|-unboost|p2a: Ninetales|atk|1\n|-unboost|p2b: Whimsicott|atk|1\n|turn|1\n|\n|t:|1776380101\n|move|p2b: Whimsicott|Tailwind|p2b: Whimsicott\n|-sidestart|p2: PhilosII3|move: Tailwind\n|move|p2a: Ninetales|Aurora Veil|p2a: Ninetales\n|-sidestart|p2: PhilosII3|move: Aurora Veil\n|move|p1a: Maushold|Encore|p2b: Whimsicott\n|-start|p2b: Whimsicott|Encore\n|move|p1b: Gyarados|Dragon Dance|p1b: Gyarados\n|-boost|p1b: Gyarados|atk|1\n|-boost|p1b: Gyarados|spe|1\n|\n|-weather|Snowscape|[upkeep]\n|upkeep\n|turn|2\n|inactive|Kyooby has 30 seconds left.\n|inactive|PhilosII3 has 30 seconds left.\n|\n|t:|1776380126\n|switch|p2b: Armarouge|Armarouge, L50, F|100/100\n|detailschange|p1b: Gyarados|Gyarados-Mega, L50, M\n|-mega|p1b: Gyarados|Gyarados|Gyaradosite\n|-ability|p1b: Gyarados|Mold Breaker\n|move|p2a: Ninetales|Freeze-Dry|p1b: Gyarados\n|-supereffective|p1b: Gyarados|1\n|-damage|p1b: Gyarados|65/100\n|move|p1b: Gyarados|Waterfall|p2a: Ninetales\n|-damage|p2a: Ninetales|51/100\n|move|p1a: Maushold|Super Fang|p2b: Armarouge\n|-damage|p2b: Armarouge|50/100\n|\n|-weather|Snowscape|[upkeep]\n|upkeep\n|turn|3\n|\n|t:|1776380147\n|move|p1b: Gyarados|Protect|p1b: Gyarados\n|-singleturn|p1b: Gyarados|Protect\n|move|p1a: Maushold|Protect|p1a: Maushold\n|-singleturn|p1a: Maushold|Protect\n|move|p2a: Ninetales|Dazzling Gleam|p1b: Gyarados|[spread] \n|-activate|p1a: Maushold|move: Protect\n|-activate|p1b: Gyarados|move: Protect\n|move|p2b: Armarouge|Aura Sphere|p1a: Maushold\n|-activate|p1a: Maushold|move: Protect\n|\n|-weather|Snowscape|[upkeep]\n|upkeep\n|turn|4\n|inactive|Kyooby has 30 seconds left.\n|\n|t:|1776380178\n|move|p1a: Maushold|Follow Me|p1a: Maushold\n|-singleturn|p1a: Maushold|move: Follow Me\n|move|p2a: Ninetales|Dazzling Gleam|p1a: Maushold|[spread] p1a,p1b\n|-supereffective|p1b: Gyarados|1\n|-damage|p1a: Maushold|71/100\n|-damage|p1b: Gyarados|33/100\n|move|p2b: Armarouge|Aura Sphere|p1a: Maushold\n|-supereffective|p1a: Maushold|1\n|-damage|p1a: Maushold|7/100\n|move|p1b: Gyarados|Waterfall|p2a: Ninetales\n|-damage|p2a: Ninetales|6/100\n|\n|-weather|Snowscape|[upkeep]\n|-sideend|p2: PhilosII3|move: Tailwind\n|upkeep\n|turn|5\n|inactive|Kyooby has 30 seconds left.\n|\n|t:|1776380208\n|switch|p1a: Espathra|Espathra, L50, M|100/100\n|switch|p2a: Whimsicott|Whimsicott, L50, F|100/100\n|move|p1b: Gyarados|Protect|p1b: Gyarados\n|-singleturn|p1b: Gyarados|Protect\n|move|p2b: Armarouge|Heat Wave|p1a: Espathra|[spread] p1a\n|-activate|p1b: Gyarados|move: Protect\n|-damage|p1a: Espathra|52/100\n|\n|-weather|none\n|-sideend|p2: PhilosII3|move: Aurora Veil\n|upkeep\n|turn|6\n|inactive|Kyooby has 30 seconds left.\n|\n|t:|1776380236\n|move|p2a: Whimsicott|Tailwind|p2a: Whimsicott\n|-sidestart|p2: PhilosII3|move: Tailwind\n|move|p2b: Armarouge|Heat Wave|p1a: Espathra|[spread] p1a,p1b\n|-resisted|p1b: Gyarados|1\n|-damage|p1a: Espathra|3/100\n|-damage|p1b: Gyarados|19/100\n|move|p1b: Gyarados|Waterfall|p2b: Armarouge\n|-supereffective|p2b: Armarouge|1\n|-damage|p2b: Armarouge|0 fnt\n|faint|p2b: Armarouge\n|move|p1a: Espathra|Lumina Crash|p2a: Whimsicott\n|-crit|p2a: Whimsicott\n|-damage|p2a: Whimsicott|33/100\n|-unboost|p2a: Whimsicott|spd|2\n|\n|-heal|p2a: Whimsicott|39/100|[from] item: Leftovers\n|-ability|p1a: Espathra|Speed Boost|boost\n|-boost|p1a: Espathra|spe|1\n|upkeep\n|\n|t:|1776380240\n|switch|p2b: Ninetales|Ninetales-Alola, L50, F|6/100\n|-weather|Snowscape|[from] ability: Snow Warning|[of] p2b: Ninetales\n|turn|7\n|\n|t:|1776380262\n|move|p1a: Espathra|Protect|p1a: Espathra\n|-singleturn|p1a: Espathra|Protect\n|move|p1b: Gyarados|Protect|p1b: Gyarados\n|-singleturn|p1b: Gyarados|Protect\n|move|p2a: Whimsicott|Leech Seed|p1b: Gyarados\n|-activate|p1b: Gyarados|move: Protect\n|move|p2b: Ninetales|Dazzling Gleam|p1a: Espathra|[spread] \n|-activate|p1a: Espathra|move: Protect\n|-activate|p1b: Gyarados|move: Protect\n|\n|-weather|Snowscape|[upkeep]\n|-heal|p2a: Whimsicott|45/100|[from] item: Leftovers\n|-ability|p1a: Espathra|Speed Boost|boost\n|-boost|p1a: Espathra|spe|1\n|upkeep\n|turn|8\n|inactive|Kyooby has 30 seconds left.\n|inactive|Kyooby has 20 seconds left.\n|\n|t:|1776380301\n|switch|p1a: Heliolisk|Heliolisk, L50, M, shiny|100/100\n|move|p2a: Whimsicott|Leech Seed|p1b: Gyarados\n|-hint|Since gen 7, Dark is immune to Prankster moves.\n|-immune|p1b: Gyarados\n|move|p2b: Ninetales|Dazzling Gleam|p1b: Gyarados|[spread] p1a,p1b\n|-supereffective|p1b: Gyarados|1\n|-damage|p1a: Heliolisk|73/100\n|-damage|p1b: Gyarados|0 fnt\n|faint|p1b: Gyarados\n|\n|-weather|Snowscape|[upkeep]\n|-heal|p2a: Whimsicott|51/100|[from] item: Leftovers\n|upkeep\n|\n|t:|1776380314\n|switch|p1b: Espathra|Espathra, L50, M|3/100\n|turn|9\n|inactive|Kyooby has 30 seconds left.\n|\n|t:|1776380352\n|switch|p1b: Maushold|Maushold-Four, L50|7/100\n|move|p2a: Whimsicott|Leech Seed|p1a: Heliolisk\n|-start|p1a: Heliolisk|move: Leech Seed\n|move|p2b: Ninetales|Aurora Veil|p2b: Ninetales\n|-sidestart|p2: PhilosII3|move: Aurora Veil\n|move|p1a: Heliolisk|Volt Switch|p2b: Ninetales\n|-damage|p2b: Ninetales|0 fnt\n|faint|p2b: Ninetales\n|\n|t:|1776380360\n|switch|p1a: Espathra|Espathra, L50, M|3/100|[from] Volt Switch\n|\n|-weather|Snowscape|[upkeep]\n|-heal|p2a: Whimsicott|57/100|[from] item: Leftovers\n|-sideend|p2: PhilosII3|move: Tailwind\n|upkeep\n|\n|t:|1776380363\n|switch|p2b: Froslass|Froslass, L50, F|100/100\n|turn|10\n|inactive|Kyooby has 30 seconds left.\n|\n|t:|1776380392\n|detailschange|p2b: Froslass|Froslass-Mega, L50, F\n|-mega|p2b: Froslass|Froslass|Froslassite\n|move|p1a: Espathra|Protect|p1a: Espathra\n|-singleturn|p1a: Espathra|Protect\n|move|p2a: Whimsicott|Tailwind|p2a: Whimsicott\n|-sidestart|p2: PhilosII3|move: Tailwind\n|move|p2b: Froslass|Blizzard|p1b: Maushold|[spread] p1b\n|-activate|p1a: Espathra|move: Protect\n|-damage|p1b: Maushold|0 fnt\n|faint|p1b: Maushold\n|\n|-weather|Snowscape|[upkeep]\n|-heal|p2a: Whimsicott|63/100|[from] item: Leftovers\n|-ability|p1a: Espathra|Speed Boost|boost\n|-boost|p1a: Espathra|spe|1\n|upkeep\n|\n|t:|1776380397\n|switch|p1b: Heliolisk|Heliolisk, L50, M, shiny|73/100\n|turn|11\n|\n|t:|1776380414\n|move|p1a: Espathra|Helping Hand|p1b: Heliolisk\n|-singleturn|p1b: Heliolisk|Helping Hand|[of] p1a: Espathra\n|move|p2a: Whimsicott|Encore|p1a: Espathra\n|-start|p1a: Espathra|Encore\n|move|p2b: Froslass|Blizzard|p1a: Espathra|[spread] p1a,p1b\n|-damage|p1a: Espathra|0 fnt\n|-damage|p1b: Heliolisk|21/100\n|faint|p1a: Espathra\n|move|p1b: Heliolisk|Thunderbolt|p2a: Whimsicott\n|-resisted|p2a: Whimsicott|1\n|-damage|p2a: Whimsicott|3/100\n|\n|-weather|none\n|-heal|p2a: Whimsicott|9/100|[from] item: Leftovers\n|upkeep\n|turn|12\n|-message|Kyooby forfeited.\n|\n|win|PhilosII3\n|raw|Kyooby's rating: 1163 &rarr; <strong>1134</strong><br />(-29 for losing)\n|raw|PhilosII3's rating: 1105 &rarr; <strong>1134</strong><br />(+29 for winning)\n",
  "uploadtime": 1776380426,
  "views": 20,
  "formatid": "gen9championsvgc2026regma",
  "rating": 1134,
  "private": 0,
  "password": null
}