{
  "id": "gen9championsvgc2026regma-2584393747",
  "format": "[Gen 9 Champions] VGC 2026 Reg M-A",
  "players": [
    "dongsong",
    "dkapflzksh"
  ],
  "log": "|j|\u2606dongsong\n|j|\u2606dkapflzksh\n|t:|1776257595\n|gametype|doubles\n|player|p1|dongsong|170|1318\n|player|p2|dkapflzksh|scientist-gen4dp|1366\n|gen|9\n|tier|[Gen 9 Champions] VGC 2026 Reg M-A\n|rated|\n|rule|Species Clause: Limit one of each Pok\u00e9mon\n|rule|Item Clause: Limit 1 of each item\n|clearpoke\n|poke|p1|Sneasler, L50, M|\n|poke|p1|Tyranitar, L50, F|\n|poke|p1|Garchomp, L50, M|\n|poke|p1|Aerodactyl, L50, F|\n|poke|p1|Rotom-Wash, L50|\n|poke|p1|Arcanine, L50, F|\n|poke|p2|Pelipper, L50, F|\n|poke|p2|Basculegion, L50, M|\n|poke|p2|Dragonite, L50, F|\n|poke|p2|Archaludon, L50, F|\n|poke|p2|Sableye, L50, F|\n|poke|p2|Incineroar, L50, F|\n|teampreview|4\n|inactive|Battle timer is ON: inactive players will automatically lose when time's up. (requested by dkapflzksh)\n|\n|t:|1776257623\n|teamsize|p1|4\n|teamsize|p2|4\n|start\n|switch|p1a: Sneasler|Sneasler, L50, M|100/100\n|switch|p1b: Rotom|Rotom-Wash, L50|100/100\n|switch|p2a: Sableye|Sableye, L50, F|100/100\n|switch|p2b: Basculegion|Basculegion, L50, M, shiny|100/100\n|turn|1\n|\n|t:|1776257634\n|move|p1a: Sneasler|Protect|p1a: Sneasler\n|-singleturn|p1a: Sneasler|Protect\n|move|p2a: Sableye|Rain Dance|p2a: Sableye\n|-weather|RainDance\n|move|p2b: Basculegion|Flip Turn|p1a: Sneasler\n|-activate|p1a: Sneasler|move: Protect\n|move|p1b: Rotom|Volt Switch|p2b: Basculegion\n|-supereffective|p2b: Basculegion|1\n|-damage|p2b: Basculegion|16/100\n|\n|t:|1776257644\n|switch|p1b: Aerodactyl|Aerodactyl, L50, F|100/100|[from] Volt Switch\n|-ability|p1b: Aerodactyl|Unnerve\n|\n|-weather|RainDance|[upkeep]\n|upkeep\n|turn|2\n|\n|t:|1776257655\n|switch|p1a: Rotom|Rotom-Wash, L50|100/100\n|move|p2a: Sableye|Encore||[still]\n|-fail|p2a: Sableye\n|move|p2b: Basculegion|Flip Turn|p1b: Aerodactyl\n|-supereffective|p1b: Aerodactyl|1\n|-enditem|p1b: Aerodactyl|Focus Sash\n|-damage|p1b: Aerodactyl|1/100\n|\n|t:|1776257663\n|switch|p2b: Archaludon|Archaludon, L50, F, shiny|100/100|[from] Flip Turn\n|move|p1b: Aerodactyl|Tailwind|p1b: Aerodactyl\n|-sidestart|p1: dongsong|move: Tailwind\n|\n|-weather|RainDance|[upkeep]\n|upkeep\n|turn|3\n|inactive|dkapflzksh has 30 seconds left.\n|\n|t:|1776257691\n|move|p2a: Sableye|Thunder Wave|p1b: Aerodactyl\n|-status|p1b: Aerodactyl|par\n|move|p1a: Rotom|Volt Switch|p2a: Sableye\n|-damage|p2a: Sableye|60/100\n|\n|t:|1776257711\n|switch|p1a: Tyranitar|Tyranitar, L50, F|100/100|[from] Volt Switch\n|-weather|Sandstorm|[from] ability: Sand Stream|[of] p1a: Tyranitar\n|move|p1b: Aerodactyl|Dual Wingbeat|p2a: Sableye\n|-damage|p2a: Sableye|38/100\n|-damage|p2a: Sableye|15/100\n|-hitcount|p2a: Sableye|2\n|move|p2b: Archaludon|Electro Shot||[still]\n|-prepare|p2b: Archaludon|Electro Shot\n|-boost|p2b: Archaludon|spa|1\n|\n|-weather|Sandstorm|[upkeep]\n|-damage|p2a: Sableye|9/100|[from] Sandstorm\n|upkeep\n|turn|4\n|\n|t:|1776257735\n|switch|p2a: Incineroar|Incineroar, L50, F|100/100\n|-ability|p2a: Incineroar|Intimidate|boost\n|-unboost|p1a: Tyranitar|atk|1\n|-unboost|p1b: Aerodactyl|atk|1\n|detailschange|p1a: Tyranitar|Tyranitar-Mega, L50, F\n|-mega|p1a: Tyranitar|Tyranitar|Tyranitarite\n|move|p1a: Tyranitar|Crunch|p2b: Archaludon\n|-damage|p2b: Archaludon|75/100\n|-unboost|p2b: Archaludon|def|1\n|-ability|p2b: Archaludon|Stamina|boost\n|-boost|p2b: Archaludon|def|1\n|move|p1b: Aerodactyl|Dual Wingbeat|p2a: Incineroar\n|-damage|p2a: Incineroar|90/100\n|-damage|p2a: Incineroar|78/100\n|-hitcount|p2a: Incineroar|2\n|move|p2b: Archaludon|Electro Shot|p1a: Tyranitar|[from] lockedmove\n|-damage|p1a: Tyranitar|70/100\n|\n|-weather|Sandstorm|[upkeep]\n|-damage|p2a: Incineroar|72/100|[from] Sandstorm\n|-heal|p2b: Archaludon|81/100|[from] item: Leftovers\n|upkeep\n|turn|5\n|\n|t:|1776257760\n|switch|p1a: Rotom|Rotom-Wash, L50|100/100\n|move|p2a: Incineroar|Fake Out|p1b: Aerodactyl\n|-resisted|p1b: Aerodactyl|1\n|-damage|p1b: Aerodactyl|0 fnt\n|faint|p1b: Aerodactyl\n|move|p2b: Archaludon|Aura Sphere|p1a: Rotom\n|-damage|p1a: Rotom|47/100\n|\n|-weather|Sandstorm|[upkeep]\n|-damage|p1a: Rotom|41/100|[from] Sandstorm\n|-damage|p2a: Incineroar|66/100|[from] Sandstorm\n|-heal|p2b: Archaludon|87/100|[from] item: Leftovers\n|-sideend|p1: dongsong|move: Tailwind\n|upkeep\n|\n|t:|1776257767\n|switch|p1b: Sneasler|Sneasler, L50, M|100/100\n|turn|6\n|\n|t:|1776257786\n|move|p2b: Archaludon|Protect|p2b: Archaludon\n|-singleturn|p2b: Archaludon|Protect\n|move|p1a: Rotom|Hydro Pump|p2a: Incineroar\n|-supereffective|p2a: Incineroar|1\n|-damage|p2a: Incineroar|0 fnt\n|faint|p2a: Incineroar\n|move|p1b: Sneasler|Close Combat|p2b: Archaludon\n|-activate|p2b: Archaludon|move: Protect\n|\n|-weather|Sandstorm|[upkeep]\n|-damage|p1a: Rotom|36/100|[from] Sandstorm\n|-damage|p1b: Sneasler|95/100|[from] Sandstorm\n|-heal|p2b: Archaludon|94/100|[from] item: Leftovers\n|upkeep\n|\n|t:|1776257798\n|switch|p2a: Sableye|Sableye, L50, F|9/100\n|turn|7\n|\n|t:|1776257810\n|switch|p1b: Tyranitar|Tyranitar-Mega, L50, F|70/100\n|move|p2a: Sableye|Disable|p1b: Tyranitar\n|-hint|Since gen 7, Dark is immune to Prankster moves.\n|-immune|p1b: Tyranitar\n|move|p1a: Rotom|Hydro Pump|p2a: Sableye\n|-damage|p2a: Sableye|0 fnt\n|faint|p2a: Sableye\n|move|p2b: Archaludon|Aura Sphere|p1b: Tyranitar\n|-supereffective|p1b: Tyranitar|2\n|-damage|p1b: Tyranitar|0 fnt\n|faint|p1b: Tyranitar\n|\n|-weather|none\n|-heal|p2b: Archaludon|99/100|[from] item: Leftovers\n|upkeep\n|\n|t:|1776257824\n|switch|p1b: Sneasler|Sneasler, L50, M|95/100\n|switch|p2a: Basculegion|Basculegion, L50, M, shiny|16/100\n|turn|8\n|inactive|dkapflzksh has 30 seconds left.\n|\n|t:|1776257858\n|move|p1b: Sneasler|Protect|p1b: Sneasler\n|-singleturn|p1b: Sneasler|Protect\n|move|p1a: Rotom|Hydro Pump|p2a: Basculegion\n|-resisted|p2a: Basculegion|1\n|-damage|p2a: Basculegion|0 fnt\n|faint|p2a: Basculegion\n|move|p2b: Archaludon|Dragon Pulse|p1b: Sneasler\n|-activate|p1b: Sneasler|move: Protect\n|\n|-heal|p2b: Archaludon|100/100|[from] item: Leftovers\n|upkeep\n|turn|9\n|\n|t:|1776257871\n|move|p2b: Archaludon|Protect|p2b: Archaludon\n|-singleturn|p2b: Archaludon|Protect\n|move|p1a: Rotom|Hydro Pump|p2b: Archaludon\n|-activate|p2b: Archaludon|move: Protect\n|move|p1b: Sneasler|Close Combat|p2b: Archaludon\n|-activate|p2b: Archaludon|move: Protect\n|\n|upkeep\n|turn|10\n|\n|t:|1776257880\n|move|p1a: Rotom|Hydro Pump|p2b: Archaludon\n|-resisted|p2b: Archaludon|1\n|-damage|p2b: Archaludon|73/100\n|-ability|p2b: Archaludon|Stamina|boost\n|-boost|p2b: Archaludon|def|1\n|move|p1b: Sneasler|Close Combat|p2b: Archaludon\n|-supereffective|p2b: Archaludon|1\n|-damage|p2b: Archaludon|7/100\n|-unboost|p1b: Sneasler|def|1\n|-unboost|p1b: Sneasler|spd|1\n|-ability|p2b: Archaludon|Stamina|boost\n|-boost|p2b: Archaludon|def|1\n|-enditem|p1b: Sneasler|White Herb\n|-clearnegativeboost|p1b: Sneasler|[silent]\n|move|p2b: Archaludon|Dragon Pulse|p1b: Sneasler\n|-damage|p1b: Sneasler|10/100\n|\n|-heal|p2b: Archaludon|13/100|[from] item: Leftovers\n|upkeep\n|turn|11\n|\n|t:|1776257890\n|move|p2b: Archaludon|Protect|p2b: Archaludon\n|-singleturn|p2b: Archaludon|Protect\n|move|p1b: Sneasler|Close Combat|p2b: Archaludon\n|-activate|p2b: Archaludon|move: Protect\n|move|p1a: Rotom|Hydro Pump|p2b: Archaludon\n|-activate|p2b: Archaludon|move: Protect\n|\n|-heal|p2b: Archaludon|19/100|[from] item: Leftovers\n|upkeep\n|turn|12\n|\n|t:|1776257897\n|move|p1b: Sneasler|Close Combat|p2b: Archaludon\n|-supereffective|p2b: Archaludon|1\n|-damage|p2b: Archaludon|0 fnt\n|-unboost|p1b: Sneasler|def|1\n|-unboost|p1b: Sneasler|spd|1\n|faint|p2b: Archaludon\n|\n|win|dongsong\n|raw|dongsong's rating: 1318 &rarr; <strong>1341</strong><br />(+23 for winning)\n|raw|dkapflzksh's rating: 1366 &rarr; <strong>1343</strong><br />(-23 for losing)\n",
  "uploadtime": 1776257898,
  "views": 46,
  "formatid": "gen9championsvgc2026regma",
  "rating": 1341,
  "private": 0,
  "password": null
}