{
  "id": "gen9championsvgc2026regma-2584607564",
  "format": "[Gen 9 Champions] VGC 2026 Reg M-A",
  "players": [
    "Arcato",
    "EDDEBOl"
  ],
  "log": "|j|\u2606Arcato\n|j|\u2606EDDEBOl\n|t:|1776271782\n|gametype|doubles\n|player|p1|Arcato|1|1166\n|player|p2|EDDEBOl|102|1101\n|gen|9\n|tier|[Gen 9 Champions] VGC 2026 Reg M-A\n|rated|\n|rule|Species Clause: Limit one of each Pok\u00e9mon\n|rule|Item Clause: Limit 1 of each item\n|clearpoke\n|poke|p1|Clawitzer, L50, F|\n|poke|p1|Farigiraf, L50, M|\n|poke|p1|Drampa, L50, F|\n|poke|p1|Incineroar, L50, M|\n|poke|p1|Aegislash, L50, F|\n|poke|p1|Lopunny, L50, M|\n|poke|p2|Archaludon, L50, M|\n|poke|p2|Sinistcha, L50|\n|poke|p2|Gyarados, L50, M|\n|poke|p2|Floette-Eternal, L50, F|\n|poke|p2|Garchomp, L50, F|\n|poke|p2|Whimsicott, L50, F|\n|teampreview|4\n|inactive|Battle timer is ON: inactive players will automatically lose when time's up. (requested by EDDEBOl)\n|j| Sikik9\n|c|\u2606Arcato|GLHF\n|inactive|Arcato has 60 seconds left.\n|inactive|EDDEBOl has 60 seconds left.\n|\n|t:|1776271837\n|teamsize|p1|4\n|teamsize|p2|4\n|start\n|switch|p1a: Lopunny|Lopunny, L50, M|100/100\n|switch|p1b: Farigiraf|Farigiraf, L50, M|100/100\n|switch|p2a: Gyarados|Gyarados, L50, M|100/100\n|switch|p2b: Whimsicott|Whimsicott, L50, F|100/100\n|-ability|p2a: Gyarados|Intimidate|boost\n|-unboost|p1a: Lopunny|atk|1\n|-unboost|p1b: Farigiraf|atk|1\n|turn|1\n|\n|t:|1776271859\n|detailschange|p1a: Lopunny|Lopunny-Mega, L50, M\n|-mega|p1a: Lopunny|Lopunny|Lopunnite\n|move|p2a: Gyarados|Protect|p2a: Gyarados\n|-singleturn|p2a: Gyarados|Protect\n|move|p1a: Lopunny|Fake Out|p2b: Whimsicott\n|-damage|p2b: Whimsicott|84/100\n|cant|p2b: Whimsicott|flinch\n|move|p1b: Farigiraf|Trick Room|p1b: Farigiraf\n|-fieldstart|move: Trick Room|[of] p1b: Farigiraf\n|\n|upkeep\n|turn|2\n|l| Sikik9\n|\n|t:|1776271883\n|switch|p1a: Incineroar|Incineroar, L50, M|100/100\n|-ability|p1a: Incineroar|Intimidate|boost\n|-unboost|p2a: Gyarados|atk|1\n|-unboost|p2b: Whimsicott|atk|1\n|detailschange|p2a: Gyarados|Gyarados-Mega, L50, M\n|-mega|p2a: Gyarados|Gyarados|Gyaradosite\n|-ability|p2a: Gyarados|Mold Breaker\n|move|p1b: Farigiraf|Hyper Voice|p2b: Whimsicott|[spread] p2a,p2b\n|-crit|p2b: Whimsicott\n|-damage|p2a: Gyarados|73/100\n|-damage|p2b: Whimsicott|24/100\n|move|p2a: Gyarados|Dragon Dance|p2a: Gyarados\n|-boost|p2a: Gyarados|atk|1\n|-boost|p2a: Gyarados|spe|1\n|move|p2b: Whimsicott|Moonblast|p1a: Incineroar\n|-damage|p1a: Incineroar|71/100\n|\n|upkeep\n|turn|3\n|inactive|Arcato has 30 seconds left.\n|\n|t:|1776271910\n|move|p2a: Gyarados|Protect|p2a: Gyarados\n|-singleturn|p2a: Gyarados|Protect\n|move|p1a: Incineroar|Fake Out|p2a: Gyarados\n|-activate|p2a: Gyarados|move: Protect\n|move|p2b: Whimsicott|Taunt||[still]\n|cant|p1b: Farigiraf|ability: Armor Tail|Taunt|[of] p2b: Whimsicott\n|move|p1b: Farigiraf|Hyper Voice|p2a: Gyarados|[spread] p2b\n|-activate|p2a: Gyarados|move: Protect\n|-damage|p2b: Whimsicott|0 fnt\n|faint|p2b: Whimsicott\n|\n|upkeep\n|\n|t:|1776271923\n|switch|p2b: Floette|Floette-Eternal, L50, F|100/100\n|turn|4\n|\n|t:|1776271934\n|switch|p1b: Lopunny|Lopunny-Mega, L50, M|100/100\n|move|p1a: Incineroar|Parting Shot|p2a: Gyarados\n|-unboost|p2a: Gyarados|atk|1\n|-unboost|p2a: Gyarados|spa|1\n|\n|t:|1776271938\n|switch|p1a: Aegislash|Aegislash, L50, F|100/100|[from] Parting Shot\n|move|p2b: Floette|Calm Mind|p2b: Floette\n|-boost|p2b: Floette|spa|1\n|-boost|p2b: Floette|spd|1\n|move|p2a: Gyarados|Waterfall|p1a: Aegislash\n|-damage|p1a: Aegislash|71/100\n|\n|-heal|p1a: Aegislash|77/100|[from] item: Leftovers\n|upkeep\n|turn|5\n|\n|t:|1776271949\n|move|p2b: Floette|Protect|p2b: Floette\n|-singleturn|p2b: Floette|Protect\n|move|p2a: Gyarados|Protect|p2a: Gyarados\n|-singleturn|p2a: Gyarados|Protect\n|move|p1b: Lopunny|Fake Out|p2a: Gyarados\n|-activate|p2a: Gyarados|move: Protect\n|-formechange|p1a: Aegislash|Aegislash-Blade|\n|move|p1a: Aegislash|Iron Head|p2b: Floette\n|-activate|p2b: Floette|move: Protect\n|\n|-heal|p1a: Aegislash|83/100|[from] item: Leftovers\n|-fieldend|move: Trick Room\n|upkeep\n|turn|6\n|\n|t:|1776271967\n|switch|p2b: Garchomp|Garchomp, L50, F|100/100\n|-formechange|p1a: Aegislash|Aegislash|\n|move|p1a: Aegislash|King's Shield|p1a: Aegislash\n|-singleturn|p1a: Aegislash|Protect\n|move|p1b: Lopunny|Close Combat|p2a: Gyarados\n|-supereffective|p2a: Gyarados|1\n|-damage|p2a: Gyarados|0 fnt\n|-unboost|p1b: Lopunny|def|1\n|-unboost|p1b: Lopunny|spd|1\n|faint|p2a: Gyarados\n|\n|-heal|p1a: Aegislash|89/100|[from] item: Leftovers\n|upkeep\n|\n|t:|1776271972\n|switch|p2a: Floette|Floette-Eternal, L50, F|100/100\n|turn|7\n|\n|t:|1776271986\n|move|p1a: Aegislash|Wide Guard|p1a: Aegislash\n|-singleturn|p1a: Aegislash|Wide Guard\n|move|p1b: Lopunny|Close Combat|p2b: Garchomp\n|-damage|p2b: Garchomp|33/100\n|-unboost|p1b: Lopunny|def|1\n|-unboost|p1b: Lopunny|spd|1\n|-damage|p1b: Lopunny|89/100|[from] ability: Rough Skin|[of] p2b: Garchomp\n|move|p2b: Garchomp|Stomping Tantrum|p1a: Aegislash\n|-supereffective|p1a: Aegislash|1\n|-damage|p1a: Aegislash|20/100\n|move|p2a: Floette|Moonblast|p1b: Lopunny\n|-supereffective|p1b: Lopunny|1\n|-damage|p1b: Lopunny|0 fnt\n|faint|p1b: Lopunny\n|\n|-heal|p1a: Aegislash|26/100|[from] item: Leftovers\n|upkeep\n|\n|t:|1776272005\n|switch|p1b: Farigiraf|Farigiraf, L50, M|100/100\n|turn|8\n|\n|t:|1776272012\n|switch|p1a: Incineroar|Incineroar, L50, M|71/100\n|-ability|p1a: Incineroar|Intimidate|boost\n|-unboost|p2a: Floette|atk|1\n|-unboost|p2b: Garchomp|atk|1\n|move|p2a: Floette|Protect|p2a: Floette\n|-singleturn|p2a: Floette|Protect\n|move|p2b: Garchomp|Earthquake|p1a: Incineroar|[spread] p1a,p1b\n|-activate|p2a: Floette|move: Protect\n|-supereffective|p1a: Incineroar|1\n|-damage|p1a: Incineroar|20/100\n|-damage|p1b: Farigiraf|75/100\n|move|p1b: Farigiraf|Trick Room|p1b: Farigiraf\n|-fieldstart|move: Trick Room|[of] p1b: Farigiraf\n|\n|upkeep\n|turn|9\n|\n|t:|1776272027\n|move|p1b: Farigiraf|Hyper Voice|p2a: Floette|[spread] p2a,p2b\n|-damage|p2a: Floette|70/100\n|-damage|p2b: Garchomp|1/100\n|move|p1a: Incineroar|Flare Blitz|p2a: Floette\n|-damage|p2a: Floette|0 fnt\n|faint|p2a: Floette\n|-damage|p1a: Incineroar|3/100|[from] Recoil\n|move|p2b: Garchomp|Stomping Tantrum|p1b: Farigiraf\n|-damage|p1b: Farigiraf|50/100\n|-enditem|p1b: Farigiraf|Sitrus Berry|[eat]\n|-heal|p1b: Farigiraf|75/100|[from] item: Sitrus Berry\n|\n|upkeep\n|turn|10\n|-message|EDDEBOl forfeited.\n|\n|win|Arcato\n|raw|Arcato's rating: 1166 &rarr; <strong>1186</strong><br />(+20 for winning)\n|raw|EDDEBOl's rating: 1101 &rarr; <strong>1081</strong><br />(-20 for losing)\n|l|\u2606EDDEBOl\n|player|p2|\n",
  "uploadtime": 1776272044,
  "views": 16,
  "formatid": "gen9championsvgc2026regma",
  "rating": 1081,
  "private": 0,
  "password": null
}