{
  "id": "gen9championsvgc2026regma-2581214050",
  "format": "[Gen 9 Champions] VGC 2026 Reg M-A",
  "players": [
    "lolgz",
    "Rays2024"
  ],
  "log": "|j|\u2606lolgz\n|j|\u2606Rays2024\n|t:|1775971633\n|gametype|doubles\n|player|p1|lolgz|170|1174\n|player|p2|Rays2024|266|1135\n|gen|9\n|tier|[Gen 9 Champions] VGC 2026 Reg M-A\n|rated|\n|rule|Species Clause: Limit one of each Pok\u00e9mon\n|rule|Item Clause: Limit 1 of each item\n|clearpoke\n|poke|p1|Charizard, L50, M|\n|poke|p1|Whimsicott, L50, M|\n|poke|p1|Milotic, L50, F|\n|poke|p1|Sneasler, L50, M|\n|poke|p1|Floette-Eternal, L50, F|\n|poke|p1|Garchomp, L50, M|\n|poke|p2|Victreebel, L50, F|\n|poke|p2|Torkoal, L50, F|\n|poke|p2|Venusaur, L50, M|\n|poke|p2|Charizard, L50, M|\n|teampreview|4\nRays2024 rejected open team sheets.\n|\n|t:|1775971657\n|teamsize|p1|4\n|teamsize|p2|4\n|start\n|switch|p1a: Whimsicott|Whimsicott, L50, M|100/100\n|switch|p1b: Charizard|Charizard, L50, M|100/100\n|switch|p2a: Torkoal|Torkoal, L50, F|100/100\n|switch|p2b: Victreebel|Victreebel, L50, F|100/100\n|-weather|SunnyDay|[from] ability: Drought|[of] p2a: Torkoal\n|turn|1\n|\n|t:|1775971672\n|detailschange|p2b: Victreebel|Victreebel-Mega, L50, F\n|-mega|p2b: Victreebel|Victreebel|Victreebelite\n|detailschange|p1b: Charizard|Charizard-Mega-Y, L50, M\n|-mega|p1b: Charizard|Charizard|Charizardite Y\n|move|p1a: Whimsicott|Tailwind|p1a: Whimsicott\n|-sidestart|p1: lolgz|move: Tailwind\n|move|p1b: Charizard|Heat Wave|p2a: Torkoal|[spread] p2a,p2b\n|-resisted|p2a: Torkoal|1\n|-supereffective|p2b: Victreebel|1\n|-damage|p2a: Torkoal|56/100\n|-damage|p2b: Victreebel|0 fnt\n|-damage|p1b: Charizard|0 fnt|[from] ability: Innards Out|[of] p2b: Victreebel\n|faint|p2b: Victreebel\n|faint|p1b: Charizard\n|move|p2a: Torkoal|Eruption|p1a: Whimsicott\n|-supereffective|p1a: Whimsicott|1\n|-enditem|p1a: Whimsicott|Focus Sash\n|-damage|p1a: Whimsicott|1/100\n|\n|-weather|SunnyDay|[upkeep]\n|upkeep\n|\n|t:|1775971689\n|switch|p1b: Garchomp|Garchomp, L50, M|100/100\n|switch|p2b: Charizard|Charizard, L50, M|100/100\n|turn|2\n|\n|t:|1775971698\n|move|p2a: Torkoal|Protect|p2a: Torkoal\n|-singleturn|p2a: Torkoal|Protect\n|move|p1a: Whimsicott|Moonblast|p2a: Torkoal\n|-activate|p2a: Torkoal|move: Protect\n|move|p1b: Garchomp|Rock Slide|p2a: Torkoal|[spread] p2b\n|-activate|p2a: Torkoal|move: Protect\n|-supereffective|p2b: Charizard|2\n|-damage|p2b: Charizard|0 fnt\n|faint|p2b: Charizard\n|\n|-weather|SunnyDay|[upkeep]\n|upkeep\n|\n|t:|1775971706\n|switch|p2b: Venusaur|Venusaur, L50, M|100/100\n|turn|3\n|\n|t:|1775971719\n|move|p1b: Garchomp|Protect|p1b: Garchomp\n|-singleturn|p1b: Garchomp|Protect\n|move|p1a: Whimsicott|Moonblast|p2b: Venusaur\n|-resisted|p2b: Venusaur|1\n|-damage|p2b: Venusaur|81/100\n|move|p2b: Venusaur|Solar Beam||[still]\n|-prepare|p2b: Venusaur|Solar Beam\n|-anim|p2b: Venusaur|Solar Beam|p1b: Garchomp\n|-activate|p1b: Garchomp|move: Protect\n|move|p2a: Torkoal|Eruption|p1a: Whimsicott|[spread] p1a\n|-activate|p1b: Garchomp|move: Protect\n|-supereffective|p1a: Whimsicott|1\n|-damage|p1a: Whimsicott|0 fnt\n|faint|p1a: Whimsicott\n|\n|-weather|SunnyDay|[upkeep]\n|-heal|p2b: Venusaur|87/100|[from] item: Leftovers\n|upkeep\n|\n|t:|1775971731\n|switch|p1a: Sneasler|Sneasler, L50, M|100/100\n|turn|4\n|\n|t:|1775971735\n|move|p2b: Venusaur|Protect|p2b: Venusaur\n|-singleturn|p2b: Venusaur|Protect\n|move|p2a: Torkoal|Protect|p2a: Torkoal\n|-singleturn|p2a: Torkoal|Protect\n|move|p1a: Sneasler|Fake Out|p2b: Venusaur\n|-activate|p2b: Venusaur|move: Protect\n|move|p1b: Garchomp|Stomping Tantrum|p2a: Torkoal\n|-activate|p2a: Torkoal|move: Protect\n|\n|-weather|SunnyDay|[upkeep]\n|-heal|p2b: Venusaur|93/100|[from] item: Leftovers\n|-sideend|p1: lolgz|move: Tailwind\n|upkeep\n|turn|5\n|\n|t:|1775971760\n|move|p2b: Venusaur|Solar Beam||[still]\n|-prepare|p2b: Venusaur|Solar Beam\n|-anim|p2b: Venusaur|Solar Beam|p1b: Garchomp\n|-damage|p1b: Garchomp|39/100\n|move|p1a: Sneasler|Close Combat|p2b: Venusaur\n|-resisted|p2b: Venusaur|1\n|-damage|p2b: Venusaur|47/100\n|-unboost|p1a: Sneasler|def|1\n|-unboost|p1a: Sneasler|spd|1\n|-enditem|p1a: Sneasler|White Herb\n|-clearnegativeboost|p1a: Sneasler|[silent]\n|move|p1b: Garchomp|Stomping Tantrum|p2a: Torkoal\n|-supereffective|p2a: Torkoal|1\n|-enditem|p2a: Torkoal|Shuca Berry|[eat]\n|-enditem|p2a: Torkoal|Shuca Berry|[weaken]\n|-damage|p2a: Torkoal|26/100\n|move|p2a: Torkoal|Scorching Sands|p1a: Sneasler\n|-supereffective|p1a: Sneasler|1\n|-damage|p1a: Sneasler|64/100\n|-status|p1a: Sneasler|brn\n|\n|-weather|none\n|-heal|p2b: Venusaur|53/100|[from] item: Leftovers\n|-damage|p1a: Sneasler|58/100 brn|[from] brn\n|upkeep\n|turn|6\n|\n|t:|1775971784\n|move|p1a: Sneasler|Close Combat|p2a: Torkoal\n|-damage|p2a: Torkoal|4/100\n|-unboost|p1a: Sneasler|def|1\n|-unboost|p1a: Sneasler|spd|1\n|move|p1b: Garchomp|Dragon Claw|p2b: Venusaur\n|-damage|p2b: Venusaur|0 fnt\n|faint|p2b: Venusaur\n|move|p2a: Torkoal|Eruption|p1b: Garchomp|[spread] p1a,p1b\n|-resisted|p1b: Garchomp|1\n|-damage|p1a: Sneasler|54/100 brn\n|-damage|p1b: Garchomp|39/100\n|\n|-damage|p1a: Sneasler|48/100 brn|[from] brn\n|upkeep\n|turn|7\n|c|\u2606Rays2024|0%??\n|c|\u2606Rays2024|Eruption has a base power of 5\n|-message|Rays2024 forfeited.\n|\n|win|lolgz\n|raw|lolgz's rating: 1174 &rarr; <strong>1196</strong><br />(+22 for winning)\n|raw|Rays2024's rating: 1135 &rarr; <strong>1113</strong><br />(-22 for losing)\n",
  "uploadtime": 1775971829,
  "views": 14,
  "formatid": "gen9championsvgc2026regma",
  "rating": 1113,
  "private": 0,
  "password": null
}