{
  "id": "gen9championsvgc2026regma-2587305398",
  "format": "[Gen 9 Champions] VGC 2026 Reg M-A",
  "players": [
    "StrawberryBalloons",
    "pinoyvertex"
  ],
  "log": "|j|\u203dStrawberryBalloons\n|j|\u2606pinoyvertex\n|t:|1776520291\n|gametype|doubles\n|player|p1|StrawberryBalloons|fisherman-gen4|1325\n|player|p2|pinoyvertex|169|1325\n|gen|9\n|tier|[Gen 9 Champions] VGC 2026 Reg M-A\n|rated|\n|rule|Species Clause: Limit one of each Pok\u00e9mon\n|rule|Item Clause: Limit 1 of each item\n|clearpoke\n|poke|p1|Sableye, L50, M|\n|poke|p1|Incineroar, L50, F|\n|poke|p1|Aggron, L50, M|\n|poke|p1|Sinistcha, L50|\n|poke|p1|Milotic, L50, F|\n|poke|p1|Tyrantrum, L50, M|\n|poke|p2|Floette-Eternal, L50, F|\n|poke|p2|Incineroar, L50, F|\n|poke|p2|Aerodactyl, L50, F|\n|poke|p2|Sinistcha, L50|\n|poke|p2|Kingambit, L50, M|\n|poke|p2|Sneasler, L50, F|\n|teampreview|4\n|inactive|Battle timer is ON: inactive players will automatically lose when time's up. (requested by StrawberryBalloons)\n|inactive|StrawberryBalloons has 60 seconds left.\n|inactive|pinoyvertex has 60 seconds left.\n|\n|t:|1776520349\n|teamsize|p1|4\n|teamsize|p2|4\n|start\n|switch|p1a: Aggron|Aggron, L50, M|100/100\n|switch|p1b: Sableye|Sableye, L50, M|100/100\n|switch|p2a: Sinistcha|Sinistcha, L50|100/100\n|switch|p2b: Kingambit|Kingambit, L50, M|100/100\n|turn|1\n|inactive|pinoyvertex has 30 seconds left.\n|\n|t:|1776520382\n|detailschange|p1a: Aggron|Aggron-Mega, L50, M\n|-mega|p1a: Aggron|Aggron|Aggronite\n|move|p2a: Sinistcha|Matcha Gotcha|p1a: Aggron|[spread] p1a,p1b\n|-resisted|p1a: Aggron|1\n|-damage|p1a: Aggron|89/100\n|-damage|p1b: Sableye|58/100\n|move|p2b: Kingambit|Kowtow Cleave|p1a: Aggron\n|-damage|p1a: Aggron|60/100\n|move|p1a: Aggron|Iron Defense|p1a: Aggron\n|-boost|p1a: Aggron|def|2\n|move|p1b: Sableye|Metal Burst|p2a: Sinistcha\n|-damage|p2a: Sinistcha|45/100\n|-enditem|p2a: Sinistcha|Sitrus Berry|[eat]\n|-heal|p2a: Sinistcha|70/100|[from] item: Sitrus Berry\n|\n|upkeep\n|turn|2\n|inactive|StrawberryBalloons has 30 seconds left.\n|inactive|pinoyvertex has 30 seconds left.\n|inactive|StrawberryBalloons has 20 seconds left.\n|inactive|StrawberryBalloons has 15 seconds left.\n|inactive|StrawberryBalloons has 10 seconds left.\n|inactive|StrawberryBalloons has 5 seconds left.\n|\n|t:|1776520438\n|move|p2a: Sinistcha|Rage Powder|p2a: Sinistcha\n|-singleturn|p2a: Sinistcha|move: Rage Powder\n|move|p2b: Kingambit|Sucker Punch||[still]\n|-fail|p2b: Kingambit\n|move|p1b: Sableye|Disable|p2a: Sinistcha\n|-start|p2a: Sinistcha|Disable|Rage Powder\n|move|p1a: Aggron|Heavy Slam|p2a: Sinistcha\n|-damage|p2a: Sinistcha|16/100\n|\n|upkeep\n|turn|3\n|inactive|StrawberryBalloons has 30 seconds left.\n|inactive|StrawberryBalloons has 20 seconds left.\n|inactive|StrawberryBalloons has 15 seconds left.\n|inactive|StrawberryBalloons has 10 seconds left.\n|inactive|StrawberryBalloons has 5 seconds left.\n|\n|t:|1776520493\n|move|p2b: Kingambit|Sucker Punch|p1a: Aggron\n|-damage|p1a: Aggron|47/100\n|move|p1b: Sableye|Disable||[still]\n|-fail|p1b: Sableye\n|move|p2a: Sinistcha|Matcha Gotcha|p1a: Aggron|[spread] p1a,p1b\n|-resisted|p1a: Aggron|1\n|-damage|p1a: Aggron|37/100\n|-heal|p2a: Sinistcha|21/100|[from] drain|[of] p1a: Aggron\n|-damage|p1b: Sableye|17/100\n|-heal|p2a: Sinistcha|39/100|[from] drain|[of] p1b: Sableye\n|-status|p1b: Sableye|brn\n|move|p1a: Aggron|Heavy Slam|p2b: Kingambit\n|-resisted|p2b: Kingambit|1\n|-damage|p2b: Kingambit|83/100\n|\n|-damage|p1b: Sableye|11/100 brn|[from] brn\n|upkeep\n|turn|4\n|inactive|StrawberryBalloons has 30 seconds left.\n|inactive|StrawberryBalloons has 20 seconds left.\n|inactive|StrawberryBalloons has 15 seconds left.\n|inactive|StrawberryBalloons has 10 seconds left.\n|inactive|StrawberryBalloons has 5 seconds left.\n|\n|t:|1776520548\n|move|p2b: Kingambit|Protect|p2b: Kingambit\n|-singleturn|p2b: Kingambit|Protect\n|move|p1b: Sableye|Disable|p2b: Kingambit\n|-activate|p2b: Kingambit|move: Protect\n|move|p2a: Sinistcha|Matcha Gotcha|p1a: Aggron|[spread] p1a\n|-miss|p2a: Sinistcha|p1b: Sableye\n|-resisted|p1a: Aggron|1\n|-damage|p1a: Aggron|26/100\n|-heal|p2a: Sinistcha|45/100|[from] drain|[of] p1a: Aggron\n|move|p1a: Aggron|Heavy Slam|p2a: Sinistcha\n|-damage|p2a: Sinistcha|0 fnt\n|faint|p2a: Sinistcha\n|\n|-damage|p1b: Sableye|6/100 brn|[from] brn\n|upkeep\n|\n|t:|1776520563\n|switch|p2a: Sneasler|Sneasler, L50, F|100/100\n|turn|5\n|\n|t:|1776520586\n|switch|p1b: Sinistcha|Sinistcha, L50|100/100\n|-heal|p1a: Aggron|51/100|[from] ability: Hospitality|[of] p1b: Sinistcha\n|move|p1a: Aggron|Protect|p1a: Aggron\n|-singleturn|p1a: Aggron|Protect\n|move|p2a: Sneasler|Fake Out|p1a: Aggron\n|-activate|p1a: Aggron|move: Protect\n|move|p2b: Kingambit|Kowtow Cleave|p1a: Aggron\n|-activate|p1a: Aggron|move: Protect\n|\n|upkeep\n|turn|6\n|inactive|pinoyvertex has 30 seconds left.\n|\n|t:|1776520614\n|switch|p1b: Incineroar|Incineroar, L50, F|100/100\n|-ability|p1b: Incineroar|Intimidate|boost\n|-unboost|p2a: Sneasler|atk|1\n|-unboost|p2b: Kingambit|atk|1\n|-ability|p2b: Kingambit|Defiant|boost\n|-boost|p2b: Kingambit|atk|2\n|-enditem|p2a: Sneasler|White Herb\n|-clearnegativeboost|p2a: Sneasler|[silent]\n|move|p2a: Sneasler|Dire Claw|p1b: Incineroar\n|-damage|p1b: Incineroar|59/100\n|move|p2b: Kingambit|Kowtow Cleave|p1b: Incineroar\n|-resisted|p1b: Incineroar|1\n|-damage|p1b: Incineroar|19/100\n|move|p1a: Aggron|Body Press|p2b: Kingambit\n|-supereffective|p2b: Kingambit|2\n|-damage|p2b: Kingambit|0 fnt\n|faint|p2b: Kingambit\n|\n|upkeep\n|\n|t:|1776520630\n|switch|p2b: Floette|Floette-Eternal, L50, F|100/100\n|turn|7\n|\n|t:|1776520652\n|detailschange|p2b: Floette|Floette-Mega, L50, F\n|-mega|p2b: Floette|Floette|Floettite\n|-ability|p2b: Floette|Fairy Aura\n|move|p1b: Incineroar|Fake Out|p2b: Floette\n|-damage|p2b: Floette|88/100\n|move|p2a: Sneasler|Dire Claw|p1b: Incineroar\n|-damage|p1b: Incineroar|0 fnt\n|faint|p1b: Incineroar\n|cant|p2b: Floette|flinch\n|move|p1a: Aggron|Heavy Slam|p2a: Sneasler\n|-damage|p2a: Sneasler|0 fnt\n|faint|p2a: Sneasler\n|\n|upkeep\n|\n|t:|1776520664\n|switch|p1b: Sinistcha|Sinistcha, L50|100/100\n|-heal|p1a: Aggron|76/100|[from] ability: Hospitality|[of] p1b: Sinistcha\n|turn|8\n|\n|t:|1776520670\n|move|p1b: Sinistcha|Rage Powder|p1b: Sinistcha\n|-singleturn|p1b: Sinistcha|move: Rage Powder\n|move|p2b: Floette|Dazzling Gleam|p1b: Sinistcha|[spread] p1a,p1b\n|-resisted|p1a: Aggron|1\n|-damage|p1a: Aggron|52/100\n|-damage|p1b: Sinistcha|43/100\n|move|p1a: Aggron|Heavy Slam|p2b: Floette\n|-supereffective|p2b: Floette|1\n|-damage|p2b: Floette|4/100\n|\n|upkeep\n|turn|9\n|\n|t:|1776520681\n|move|p2b: Floette|Dazzling Gleam|p1a: Aggron|[spread] p1a,p1b\n|-resisted|p1a: Aggron|1\n|-crit|p1b: Sinistcha\n|-damage|p1a: Aggron|29/100\n|-damage|p1b: Sinistcha|0 fnt\n|faint|p1b: Sinistcha\n|move|p1a: Aggron|Heavy Slam|p2b: Floette\n|-supereffective|p2b: Floette|1\n|-damage|p2b: Floette|0 fnt\n|faint|p2b: Floette\n|\n|win|StrawberryBalloons\n|raw|StrawberryBalloons's rating: 1325 &rarr; <strong>1345</strong><br />(+20 for winning)\n|raw|pinoyvertex's rating: 1325 &rarr; <strong>1305</strong><br />(-20 for losing)\n|l|\u203dStrawberryBalloons\n|player|p1|\n|l|\u2606pinoyvertex\n|player|p2|\n|j|\u203dStrawberryBalloons\n|player|p1|StrawberryBalloons|fisherman-gen4|\n|n|\u203dStrawberryBalloons|strawberryballoons\n",
  "uploadtime": 1776521050,
  "views": 33,
  "formatid": "gen9championsvgc2026regma",
  "rating": 1305,
  "private": 0,
  "password": null
}