{
  "id": "gen9championsvgc2026regma-2582702431",
  "format": "[Gen 9 Champions] VGC 2026 Reg M-A",
  "players": [
    "Relyt27",
    "TheRealBanette\u00a9\u00ae"
  ],
  "log": "|j|\u2606Relyt27\n|j|\u2606TheRealBanette\u00a9\u00ae\n|t:|1776108306\n|gametype|doubles\n|player|p1|Relyt27|ghetsis|1088\n|player|p2|TheRealBanette\u00a9\u00ae|colress|1032\n|gen|9\n|tier|[Gen 9 Champions] VGC 2026 Reg M-A\n|rated|\n|rule|Species Clause: Limit one of each Pok\u00e9mon\n|rule|Item Clause: Limit 1 of each item\n|clearpoke\n|poke|p1|Meganium, L50, M|\n|poke|p1|Corviknight, L50, F|\n|poke|p1|Primarina, L50, M|\n|poke|p1|Mudsdale, L50, M|\n|poke|p1|Tyranitar, L50, M|\n|poke|p1|Wyrdeer, L50, F|\n|poke|p2|Alakazam, L50, M|\n|poke|p2|Lopunny, L50, F|\n|poke|p2|Whimsicott, L50, F|\n|poke|p2|Ditto, L50|\n|poke|p2|Zoroark-Hisui, L50, M|\n|poke|p2|Weavile, L50, M|\n|teampreview|4\n|\n|t:|1776108335\n|teamsize|p1|4\n|teamsize|p2|4\n|start\n|switch|p1a: Wyrdeer|Wyrdeer, L50, F|100/100\n|switch|p1b: Tyranitar|Tyranitar, L50, M|100/100\n|switch|p2a: Alakazam|Alakazam, L50, M|100/100\n|switch|p2b: Whimsicott|Whimsicott, L50, F, shiny|100/100\n|-ability|p1a: Wyrdeer|Intimidate|boost\n|-fail|p2a: Alakazam|unboost|Attack|[from] ability: Inner Focus|[of] p2a: Alakazam\n|-unboost|p2b: Whimsicott|atk|1\n|-weather|Sandstorm|[from] ability: Sand Stream|[of] p1b: Tyranitar\n|turn|1\n|inactive|Battle timer is ON: inactive players will automatically lose when time's up. (requested by Relyt27)\n|\n|t:|1776108361\n|detailschange|p2a: Alakazam|Alakazam-Mega, L50, M\n|-mega|p2a: Alakazam|Alakazam|Alakazite\n|-ability|p2a: Alakazam|Intimidate|Trace|[from] ability: Trace|[of] p1a: Wyrdeer\n|-ability|p2a: Alakazam|Intimidate|boost\n|-unboost|p1a: Wyrdeer|atk|1\n|-unboost|p1b: Tyranitar|atk|1\n|detailschange|p1b: Tyranitar|Tyranitar-Mega, L50, M\n|-mega|p1b: Tyranitar|Tyranitar|Tyranitarite\n|move|p2a: Alakazam|Energy Ball|p1b: Tyranitar\n|-supereffective|p1b: Tyranitar|1\n|-damage|p1b: Tyranitar|62/100\n|move|p2b: Whimsicott|Energy Ball|p1b: Tyranitar\n|-supereffective|p1b: Tyranitar|1\n|-damage|p1b: Tyranitar|24/100\n|move|p1b: Tyranitar|Crunch|p2a: Alakazam\n|-supereffective|p2a: Alakazam|1\n|-damage|p2a: Alakazam|0 fnt\n|faint|p2a: Alakazam\n|move|p1a: Wyrdeer|Trick Room|p1a: Wyrdeer\n|-fieldstart|move: Trick Room|[of] p1a: Wyrdeer\n|\n|-weather|Sandstorm|[upkeep]\n|-damage|p1a: Wyrdeer|94/100|[from] Sandstorm\n|-damage|p2b: Whimsicott|95/100|[from] Sandstorm\n|upkeep\n|\n|t:|1776108382\n|switch|p2a: Ditto|Ditto, L50|100/100\n|-transform|p2a: Ditto|p1b: Tyranitar|[from] ability: Imposter\n|turn|2\n|inactive|TheRealBanette\u00a9\u00ae has 30 seconds left.\n|\n|t:|1776108416\n|switch|p1b: Primarina|Primarina, L50, M|100/100\n|move|p2b: Whimsicott|Encore|p1a: Wyrdeer\n|-start|p1a: Wyrdeer|Encore\n|move|p2a: Ditto|Crunch|p1b: Primarina\n|-resisted|p1b: Primarina|1\n|-damage|p1b: Primarina|78/100\n|move|p1a: Wyrdeer|Trick Room|p1a: Wyrdeer\n|-fieldend|move: Trick Room\n|\n|-weather|Sandstorm|[upkeep]\n|-damage|p2b: Whimsicott|89/100|[from] Sandstorm\n|-damage|p1a: Wyrdeer|88/100|[from] Sandstorm\n|-damage|p1b: Primarina|72/100|[from] Sandstorm\n|upkeep\n|turn|3\n|\n|t:|1776108440\n|move|p2a: Ditto|Protect|p2a: Ditto\n|-singleturn|p2a: Ditto|Protect\n|move|p2b: Whimsicott|Energy Ball|p1b: Primarina\n|-supereffective|p1b: Primarina|1\n|-damage|p1b: Primarina|10/100\n|move|p1b: Primarina|Hyper Voice|p2b: Whimsicott|[spread] p2b\n|-activate|p2a: Ditto|move: Protect\n|-resisted|p2b: Whimsicott|1\n|-damage|p2b: Whimsicott|53/100\n|move|p1a: Wyrdeer|Trick Room|p1a: Wyrdeer\n|-fieldstart|move: Trick Room|[of] p1a: Wyrdeer\n|\n|-weather|Sandstorm|[upkeep]\n|-damage|p1b: Primarina|4/100|[from] Sandstorm\n|-damage|p1a: Wyrdeer|82/100|[from] Sandstorm\n|-damage|p2b: Whimsicott|47/100|[from] Sandstorm\n|upkeep\n|turn|4\n|inactive|TheRealBanette\u00a9\u00ae has 30 seconds left.\n|\n|t:|1776108468\n|switch|p2a: Ditto|Ditto, L50|100/100\n|move|p1b: Primarina|Hyper Voice|p2a: Ditto|[spread] p2a,p2b\n|-resisted|p2b: Whimsicott|1\n|-damage|p2a: Ditto|10/100\n|-damage|p2b: Whimsicott|9/100\n|replace|p2a: Zoroark|Zoroark-Hisui, L50, M\n|-end|p2a: Zoroark|Illusion\n|move|p2b: Whimsicott|Energy Ball|p1b: Primarina\n|-supereffective|p1b: Primarina|1\n|-crit|p1b: Primarina\n|-damage|p1b: Primarina|0 fnt\n|faint|p1b: Primarina\n|move|p1a: Wyrdeer|Trick Room|p1a: Wyrdeer\n|-fieldend|move: Trick Room\n|\n|-weather|Sandstorm|[upkeep]\n|-damage|p2b: Whimsicott|3/100|[from] Sandstorm\n|-damage|p2a: Zoroark|4/100|[from] Sandstorm\n|-damage|p1a: Wyrdeer|76/100|[from] Sandstorm\n|-end|p1a: Wyrdeer|Encore\n|upkeep\n|\n|t:|1776108484\n|switch|p1b: Corviknight|Corviknight, L50, F|100/100\n|turn|5\n|inactive|TheRealBanette\u00a9\u00ae has 30 seconds left.\n|\n|t:|1776108514\n|move|p2b: Whimsicott|Energy Ball|p1a: Wyrdeer\n|-damage|p1a: Wyrdeer|38/100\n|move|p2a: Zoroark|Sludge Bomb|p1a: Wyrdeer\n|-damage|p1a: Wyrdeer|8/100\n|move|p1b: Corviknight|Iron Head|p2a: Zoroark\n|-damage|p2a: Zoroark|0 fnt\n|faint|p2a: Zoroark\n|move|p1a: Wyrdeer|Psyshield Bash|p2b: Whimsicott\n|-damage|p2b: Whimsicott|0 fnt\n|-boost|p1a: Wyrdeer|def|1\n|faint|p2b: Whimsicott\n|\n|-weather|none\n|upkeep\n|\n|t:|1776108531\n|switch|p2a: Ditto|Ditto, L50|100/100\n|-transform|p2a: Ditto|p1b: Corviknight|[from] ability: Imposter\n|turn|6\n|\n|t:|1776108546\n|move|p1b: Corviknight|Body Press|p2a: Ditto\n|-damage|p2a: Ditto|78/100\n|move|p2a: Ditto|Iron Head|p1a: Wyrdeer\n|-damage|p1a: Wyrdeer|0 fnt\n|faint|p1a: Wyrdeer\n|\n|upkeep\n|\n|t:|1776108553\n|switch|p1a: Tyranitar|Tyranitar-Mega, L50, M|24/100\n|-weather|Sandstorm|[from] ability: Sand Stream|[of] p1a: Tyranitar\n|turn|7\n|\n|t:|1776108561\n|move|p1a: Tyranitar|Fire Fang|p2a: Ditto\n|-supereffective|p2a: Ditto|1\n|-damage|p2a: Ditto|38/100\n|move|p2a: Ditto|Body Press|p1a: Tyranitar\n|-supereffective|p1a: Tyranitar|2\n|-damage|p1a: Tyranitar|0 fnt\n|faint|p1a: Tyranitar\n|move|p1b: Corviknight|Body Press|p2a: Ditto\n|-damage|p2a: Ditto|15/100\n|\n|-weather|Sandstorm|[upkeep]\n|upkeep\n|turn|8\n|\n|t:|1776108578\n|move|p2a: Ditto|Brave Bird|p1b: Corviknight\n|-resisted|p1b: Corviknight|1\n|-damage|p1b: Corviknight|87/100\n|-damage|p2a: Ditto|10/100|[from] Recoil\n|move|p1b: Corviknight|Body Press|p2a: Ditto\n|-damage|p2a: Ditto|0 fnt\n|faint|p2a: Ditto\n|-heal|p1b: Corviknight|87/100|[from] item: Shell Bell|[of] p2: Ditto\n|\n|win|Relyt27\n|raw|Relyt27's rating: 1088 &rarr; <strong>1111</strong><br />(+23 for winning)\n|raw|TheRealBanette\u00a9\u00ae's rating: 1032 &rarr; <strong>1020</strong><br />(-12 for losing)\n|c|\u2606TheRealBanette\u00a9\u00ae|gg\n|c|\u2606Relyt27|gg\n|l|\u2606Relyt27\n|player|p1|\n",
  "uploadtime": 1776108743,
  "views": 22,
  "formatid": "gen9championsvgc2026regma",
  "rating": 1020,
  "private": 0,
  "password": null
}