{
  "id": "gen9championsvgc2026regma-2588532028",
  "format": "[Gen 9 Champions] VGC 2026 Reg M-A",
  "players": [
    "OPpizzas",
    "lun4rspace"
  ],
  "log": "|j|\u2606OPpizzas\n|j|\u2606lun4rspace\n|t:|1776642260\n|gametype|doubles\n|player|p1|OPpizzas|iris-gen5bw2|1136\n|player|p2|lun4rspace|266|1238\n|gen|9\n|tier|[Gen 9 Champions] VGC 2026 Reg M-A\n|rated|\n|rule|Species Clause: Limit one of each Pok\u00e9mon\n|rule|Item Clause: Limit 1 of each item\n|clearpoke\n|poke|p1|Garchomp, L50, M|\n|poke|p1|Tyranitar, L50, M|\n|poke|p1|Aerodactyl, L50, M|\n|poke|p1|Sneasler, L50, F|\n|poke|p1|Sinistcha-Masterpiece, L50|\n|poke|p1|Rotom-Wash, L50|\n|poke|p2|Aerodactyl, L50, F|\n|poke|p2|Basculegion, L50, M|\n|poke|p2|Kommo-o, L50, M|\n|poke|p2|Scizor, L50, F|\n|poke|p2|Scovillain, L50, F|\n|poke|p2|Sneasler, L50, F|\n|teampreview|4\n|\n|t:|1776642290\n|teamsize|p1|4\n|teamsize|p2|4\n|start\n|switch|p1a: Sneasler|Sneasler, L50, F|100/100\n|switch|p1b: Sinistcha|Sinistcha-Masterpiece, L50|100/100\n|switch|p2a: Scovillain|Scovillain, L50, F|100/100\n|switch|p2b: Kommo-o|Kommo-o, L50, M|100/100\n|turn|1\n|\n|t:|1776642340\n|detailschange|p2a: Scovillain|Scovillain-Mega, L50, F\n|-mega|p2a: Scovillain|Scovillain|Scovillainite\n|move|p2a: Scovillain|Rage Powder|p2a: Scovillain\n|-singleturn|p2a: Scovillain|move: Rage Powder\n|move|p1a: Sneasler|Dire Claw|p2a: Scovillain\n|-supereffective|p2a: Scovillain|1\n|-damage|p2a: Scovillain|17/100\n|-status|p1a: Sneasler|brn|[from] ability: Spicy Spray|[of] p2a: Scovillain\n|move|p2b: Kommo-o|Clangorous Soul|p2b: Kommo-o\n|-boost|p2b: Kommo-o|atk|1\n|-boost|p2b: Kommo-o|def|1\n|-boost|p2b: Kommo-o|spa|1\n|-boost|p2b: Kommo-o|spd|1\n|-boost|p2b: Kommo-o|spe|1\n|-damage|p2b: Kommo-o|68/100\n|move|p1b: Sinistcha|Matcha Gotcha|p2a: Scovillain|[spread] p2a,p2b\n|-resisted|p2a: Scovillain|2\n|-resisted|p2b: Kommo-o|1\n|-damage|p2a: Scovillain|10/100\n|-damage|p2b: Kommo-o|58/100\n|-status|p1b: Sinistcha|brn|[from] ability: Spicy Spray|[of] p2a: Scovillain\n|\n|-heal|p2b: Kommo-o|64/100|[from] item: Leftovers\n|-damage|p1a: Sneasler|95/100 brn|[from] brn\n|-damage|p1b: Sinistcha|94/100 brn|[from] brn\n|upkeep\n|turn|2\n|\n|t:|1776642373\n|move|p1a: Sneasler|Protect|p1a: Sneasler\n|-singleturn|p1a: Sneasler|Protect\n|move|p2a: Scovillain|Rage Powder|p2a: Scovillain\n|-singleturn|p2a: Scovillain|move: Rage Powder\n|move|p2b: Kommo-o|Clanging Scales|p1b: Sinistcha|[spread] p1b\n|-activate|p1a: Sneasler|move: Protect\n|-damage|p1b: Sinistcha|39/100 brn\n|-enditem|p1b: Sinistcha|Sitrus Berry|[eat]\n|-heal|p1b: Sinistcha|63/100 brn|[from] item: Sitrus Berry\n|-unboost|p2b: Kommo-o|def|1\n|move|p1b: Sinistcha|Trick Room|p1b: Sinistcha\n|-fieldstart|move: Trick Room|[of] p1b: Sinistcha\n|\n|-heal|p2b: Kommo-o|70/100|[from] item: Leftovers\n|-damage|p1b: Sinistcha|57/100 brn|[from] brn\n|-damage|p1a: Sneasler|89/100 brn|[from] brn\n|upkeep\n|turn|3\n|\n|t:|1776642400\n|move|p1b: Sinistcha|Strength Sap|p2b: Kommo-o\n|-unboost|p2b: Kommo-o|atk|1\n|-heal|p1b: Sinistcha|100/100 brn\n|move|p2a: Scovillain|Flamethrower|p1b: Sinistcha\n|-supereffective|p1b: Sinistcha|1\n|-damage|p1b: Sinistcha|15/100 brn\n|move|p1a: Sneasler|Dire Claw|p2a: Scovillain\n|-supereffective|p2a: Scovillain|1\n|-damage|p2a: Scovillain|0 fnt\n|faint|p2a: Scovillain\n|move|p2b: Kommo-o|Clanging Scales|p1a: Sneasler|[spread] p1a,p1b\n|-damage|p1a: Sneasler|15/100 brn\n|-damage|p1b: Sinistcha|0 fnt\n|faint|p1b: Sinistcha\n|-unboost|p2b: Kommo-o|def|1\n|\n|-heal|p2b: Kommo-o|75/100|[from] item: Leftovers\n|-damage|p1a: Sneasler|10/100 brn|[from] brn\n|upkeep\n|\n|t:|1776642419\n|switch|p1b: Tyranitar|Tyranitar, L50, M|100/100\n|switch|p2a: Scizor|Scizor, L50, F|100/100\n|-weather|Sandstorm|[from] ability: Sand Stream|[of] p1b: Tyranitar\n|turn|4\n|\n|t:|1776642442\n|switch|p1a: Rotom|Rotom-Wash, L50|100/100\n|detailschange|p1b: Tyranitar|Tyranitar-Mega, L50, M\n|-mega|p1b: Tyranitar|Tyranitar|Tyranitarite\n|move|p2a: Scizor|Bullet Punch|p1b: Tyranitar\n|-supereffective|p1b: Tyranitar|1\n|-damage|p1b: Tyranitar|45/100\n|move|p1b: Tyranitar|Low Kick|p2b: Kommo-o\n|-damage|p2b: Kommo-o|23/100\n|move|p2b: Kommo-o|Clanging Scales|p1a: Rotom|[spread] p1a,p1b\n|-damage|p1a: Rotom|48/100\n|-damage|p1b: Tyranitar|15/100\n|-unboost|p2b: Kommo-o|def|1\n|\n|-weather|Sandstorm|[upkeep]\n|-damage|p1a: Rotom|43/100|[from] Sandstorm\n|-damage|p2b: Kommo-o|17/100|[from] Sandstorm\n|-heal|p1a: Rotom|48/100|[from] item: Leftovers\n|-heal|p2b: Kommo-o|23/100|[from] item: Leftovers\n|upkeep\n|turn|5\n|\n|t:|1776642473\n|move|p1b: Tyranitar|Protect|p1b: Tyranitar\n|-singleturn|p1b: Tyranitar|Protect\n|move|p2b: Kommo-o|Protect|p2b: Kommo-o\n|-singleturn|p2b: Kommo-o|Protect\n|move|p2a: Scizor|Bug Bite|p1a: Rotom\n|-damage|p1a: Rotom|0 fnt\n|faint|p1a: Rotom\n|\n|-weather|Sandstorm|[upkeep]\n|-damage|p2b: Kommo-o|17/100|[from] Sandstorm\n|-heal|p2b: Kommo-o|23/100|[from] item: Leftovers\n|upkeep\n|\n|t:|1776642481\n|switch|p1a: Sneasler|Sneasler, L50, F|10/100 brn\n|turn|6\n|\n|t:|1776642513\n|move|p2a: Scizor|Bug Bite|p1a: Sneasler\n|-resisted|p1a: Sneasler|2\n|-damage|p1a: Sneasler|0 fnt\n|faint|p1a: Sneasler\n|move|p1b: Tyranitar|Rock Slide|p2a: Scizor|[spread] p2a\n|-miss|p1b: Tyranitar|p2b: Kommo-o\n|-damage|p2a: Scizor|61/100\n|move|p2b: Kommo-o|Aura Sphere|p1b: Tyranitar\n|-supereffective|p1b: Tyranitar|2\n|-damage|p1b: Tyranitar|0 fnt\n|faint|p1b: Tyranitar\n|\n|win|lun4rspace\n|raw|OPpizzas's rating: 1136 &rarr; <strong>1118</strong><br />(-18 for losing)\n|raw|lun4rspace's rating: 1238 &rarr; <strong>1256</strong><br />(+18 for winning)\n",
  "uploadtime": 1776642513,
  "views": 10,
  "formatid": "gen9championsvgc2026regma",
  "rating": 1118,
  "private": 0,
  "password": null
}