{
  "id": "gen9championsvgc2026regma-2583805146",
  "format": "[Gen 9 Champions] VGC 2026 Reg M-A",
  "players": [
    "drewew97",
    "Jollepapu"
  ],
  "log": "|j|\u2606drewew97\n|j|\u2606Jollepapu\n|t:|1776198975\n|gametype|doubles\n|player|p1|drewew97|265|1041\n|player|p2|Jollepapu|ethan|1021\n|gen|9\n|tier|[Gen 9 Champions] VGC 2026 Reg M-A\n|rated|\n|rule|Species Clause: Limit one of each Pok\u00e9mon\n|rule|Item Clause: Limit 1 of each item\n|clearpoke\n|poke|p1|Charizard, L50, F|\n|poke|p1|Tyranitar, L50, F|\n|poke|p1|Gyarados, L50, F|\n|poke|p1|Garchomp, L50, F|\n|poke|p1|Rotom-Mow, L50|\n|poke|p1|Lucario, L50, M|\n|poke|p2|Dragonite, L50, F|\n|poke|p2|Pelipper, L50, M|\n|poke|p2|Primarina, L50, M|\n|poke|p2|Sneasler, L50, F|\n|poke|p2|Rotom-Wash, L50|\n|poke|p2|Gliscor, L50, F|\n|teampreview|4\n|inactive|Battle timer is ON: inactive players will automatically lose when time's up. (requested by Jollepapu)\n|inactive|drewew97 has 60 seconds left.\n|\n|t:|1776199068\n|teamsize|p1|4\n|teamsize|p2|4\n|start\n|switch|p1a: Gyarados|Gyarados, L50, F|100/100\n|switch|p1b: Garchomp|Garchomp, L50, F|100/100\n|switch|p2a: Anti-Incin|Sneasler, L50, F, shiny|100/100\n|switch|p2b: MyHusband|Primarina, L50, M|100/100\n|-ability|p1a: Gyarados|Intimidate|boost\n|-unboost|p2a: Anti-Incin|atk|1\n|-unboost|p2b: MyHusband|atk|1\n|-enditem|p2a: Anti-Incin|White Herb\n|-clearnegativeboost|p2a: Anti-Incin|[silent]\n|turn|1\n|inactive|drewew97 has 30 seconds left.\n|inactive|Jollepapu has 30 seconds left.\n|inactive|drewew97 has 20 seconds left.\n|\n|t:|1776199106\n|switch|p1b: Rotom|Rotom-Mow, L50|100/100\n|move|p2a: Anti-Incin|Fake Out|p1a: Gyarados\n|-damage|p1a: Gyarados|86/100\n|move|p2b: MyHusband|Calm Mind|p2b: MyHusband\n|-boost|p2b: MyHusband|spa|1\n|-boost|p2b: MyHusband|spd|1\n|cant|p1a: Gyarados|flinch\n|\n|upkeep\n|turn|2\n|inactive|drewew97 has 30 seconds left.\n|inactive|drewew97 has 20 seconds left.\n|inactive|drewew97 has 15 seconds left.\n|inactive|drewew97 has 10 seconds left.\n|inactive|drewew97 has 5 seconds left.\n|\n|t:|1776199157\n|move|p2a: Anti-Incin|Dire Claw|p1b: Rotom\n|-supereffective|p1b: Rotom|1\n|-crit|p1b: Rotom\n|-damage|p1b: Rotom|0 fnt\n|faint|p1b: Rotom\n|move|p2b: MyHusband|Moonblast|p1a: Gyarados\n|-damage|p1a: Gyarados|44/100\n|move|p1a: Gyarados|Waterfall|p2a: Anti-Incin\n|-damage|p2a: Anti-Incin|45/100\n|\n|upkeep\n|\n|t:|1776199174\n|switch|p1b: Garchomp|Garchomp, L50, F|100/100\n|turn|3\n|inactive|drewew97 has 30 seconds left.\n|\n|t:|1776199206\n|move|p2a: Anti-Incin|Close Combat|p1a: Gyarados\n|-resisted|p1a: Gyarados|1\n|-damage|p1a: Gyarados|11/100\n|-unboost|p2a: Anti-Incin|def|1\n|-unboost|p2a: Anti-Incin|spd|1\n|move|p1b: Garchomp|Bulldoze|p2a: Anti-Incin|[spread] p2a,p2b\n|-immune|p1a: Gyarados\n|-supereffective|p2a: Anti-Incin|1\n|-damage|p2a: Anti-Incin|0 fnt\n|-damage|p2b: MyHusband|70/100\n|-unboost|p2b: MyHusband|spe|1\n|faint|p2a: Anti-Incin\n|move|p1a: Gyarados|Thunder Wave|p2b: MyHusband\n|-status|p2b: MyHusband|par\n|move|p2b: MyHusband|Hyper Voice|p1a: Gyarados|[spread] p1a,p1b\n|-resisted|p1a: Gyarados|1\n|-damage|p1a: Gyarados|0 fnt\n|-damage|p1b: Garchomp|53/100\n|faint|p1a: Gyarados\n|\n|-heal|p2b: MyHusband|77/100 par|[from] item: Leftovers\n|upkeep\n|\n|t:|1776199230\n|switch|p2a: Titan|Dragonite, L50, F|100/100\n|switch|p1a: Tyranitar|Tyranitar, L50, F|100/100\n|-weather|Sandstorm|[from] ability: Sand Stream|[of] p1a: Tyranitar\n|turn|4\n|inactive|drewew97 has 30 seconds left.\n|\n|t:|1776199264\n|detailschange|p2a: Titan|Dragonite-Mega, L50, F\n|-mega|p2a: Titan|Dragonite|Dragoninite\n|move|p1a: Tyranitar|Protect|p1a: Tyranitar\n|-singleturn|p1a: Tyranitar|Protect\n|move|p1b: Garchomp|Bulldoze|p2b: MyHusband|[spread] p2b\n|-activate|p1a: Tyranitar|move: Protect\n|-immune|p2a: Titan\n|-damage|p2b: MyHusband|43/100 par\n|-unboost|p2b: MyHusband|spe|1\n|move|p2a: Titan|Dragon Pulse|p1b: Garchomp|[miss]\n|-miss|p2a: Titan|p1b: Garchomp\n|move|p2b: MyHusband|Moonblast|p1a: Tyranitar\n|-activate|p1a: Tyranitar|move: Protect\n|\n|-weather|Sandstorm|[upkeep]\n|-damage|p2a: Titan|95/100|[from] Sandstorm\n|-damage|p2b: MyHusband|37/100 par|[from] Sandstorm\n|-heal|p2b: MyHusband|43/100 par|[from] item: Leftovers\n|upkeep\n|turn|5\n|inactive|Jollepapu has 30 seconds left.\n|\n|t:|1776199294\n|move|p1b: Garchomp|Bulldoze|p2b: MyHusband|[spread] p1a,p2b\n|-immune|p2a: Titan\n|-supereffective|p1a: Tyranitar|1\n|-damage|p1a: Tyranitar|60/100\n|-damage|p2b: MyHusband|8/100 par\n|-unboost|p1a: Tyranitar|spe|1\n|-unboost|p2b: MyHusband|spe|1\n|move|p2a: Titan|Dragon Pulse|p1b: Garchomp|[miss]\n|-miss|p2a: Titan|p1b: Garchomp\n|move|p1a: Tyranitar|Rock Slide|p2a: Titan|[spread] p2a,p2b\n|-supereffective|p2a: Titan|1\n|-damage|p2a: Titan|31/100\n|-damage|p2b: MyHusband|0 fnt\n|faint|p2b: MyHusband\n|\n|-weather|Sandstorm|[upkeep]\n|-damage|p2a: Titan|25/100|[from] Sandstorm\n|upkeep\n|\n|t:|1776199308\n|switch|p2b: Ralsei|Pelipper, L50, M, shiny|100/100\n|-weather|RainDance|[from] ability: Drizzle|[of] p2b: Ralsei\n|turn|6\n|\n|t:|1776199322\n|move|p1b: Garchomp|Bulldoze|p2a: Titan|[spread] p1a\n|-immune|p2a: Titan\n|-immune|p2b: Ralsei\n|-supereffective|p1a: Tyranitar|1\n|-damage|p1a: Tyranitar|22/100\n|-unboost|p1a: Tyranitar|spe|1\n|move|p2a: Titan|Hurricane|p1b: Garchomp\n|-damage|p1b: Garchomp|0 fnt\n|faint|p1b: Garchomp\n|move|p2b: Ralsei|Tailwind|p2b: Ralsei\n|-sidestart|p2: Jollepapu|move: Tailwind\n|move|p1a: Tyranitar|Rock Slide|p2b: Ralsei|[spread] p2a,p2b\n|-supereffective|p2a: Titan|1\n|-crit|p2a: Titan\n|-supereffective|p2b: Ralsei|1\n|-damage|p2a: Titan|0 fnt\n|-damage|p2b: Ralsei|47/100\n|faint|p2a: Titan\n|\n|-weather|RainDance|[upkeep]\n|upkeep\n|turn|7\n|\n|t:|1776199396\n|move|p2b: Ralsei|U-turn|p1a: Tyranitar\n|-supereffective|p1a: Tyranitar|1\n|-damage|p1a: Tyranitar|8/100\n|move|p1a: Tyranitar|Rock Slide|p2b: Ralsei\n|-supereffective|p2b: Ralsei|1\n|-damage|p2b: Ralsei|0 fnt\n|faint|p2b: Ralsei\n|\n|win|drewew97\n|raw|drewew97's rating: 1041 &rarr; <strong>1073</strong><br />(+32 for winning)\n|raw|Jollepapu's rating: 1021 &rarr; <strong>1009</strong><br />(-12 for losing)\n",
  "uploadtime": 1776199431,
  "views": 15,
  "formatid": "gen9championsvgc2026regma",
  "rating": 1009,
  "private": 0,
  "password": null
}