{
  "id": "gen9championsvgc2026regma-2581914631",
  "format": "[Gen 9 Champions] VGC 2026 Reg M-A",
  "players": [
    "Little Veggie",
    "rizzlerrrrrr"
  ],
  "log": "|j|\u2606Little Veggie\n|j|\u2606rizzlerrrrrr\n|t:|1776039324\n|gametype|doubles\n|player|p1|Little Veggie|wattson|1127\n|player|p2|rizzlerrrrrr|170|1216\n|gen|9\n|tier|[Gen 9 Champions] VGC 2026 Reg M-A\n|rated|\n|rule|Species Clause: Limit one of each Pok\u00e9mon\n|rule|Item Clause: Limit 1 of each item\n|clearpoke\n|poke|p1|Sylveon, L50, F|\n|poke|p1|Toxapex, L50, M|\n|poke|p1|Raichu, L50, M|\n|poke|p1|Charizard, L50, F|\n|poke|p1|Venusaur, L50, F|\n|poke|p1|Garchomp, L50, F|\n|poke|p2|Typhlosion-Hisui, L50, M|\n|poke|p2|Charizard, L50, M|\n|poke|p2|Whimsicott, L50, F|\n|poke|p2|Garchomp, L50, F|\n|poke|p2|Delphox, L50, F|\n|poke|p2|Orthworm, L50, F|\n|teampreview|4\n|inactive|Battle timer is ON: inactive players will automatically lose when time's up. (requested by Little Veggie)\nLittle Veggie has agreed to open team sheets.\n|inactive|Little Veggie has 60 seconds left.\n|inactive|rizzlerrrrrr has 60 seconds left.\n|\n|t:|1776039379\n|teamsize|p1|4\n|teamsize|p2|4\n|start\n|switch|p1a: Toxapex|Toxapex, L50, M|100/100\n|switch|p1b: Charizard|Charizard, L50, F|100/100\n|switch|p2a: Garchomp|Garchomp, L50, F|100/100\n|switch|p2b: Whimsicott|Whimsicott, L50, F|100/100\n|turn|1\n|\n|t:|1776039388\n|detailschange|p1b: Charizard|Charizard-Mega-Y, L50, F\n|-mega|p1b: Charizard|Charizard|Charizardite Y\n|-weather|SunnyDay|[from] ability: Drought|[of] p1b: Charizard\n|move|p1a: Toxapex|Wide Guard|p1a: Toxapex\n|-singleturn|p1a: Toxapex|Wide Guard\n|move|p2b: Whimsicott|Sunny Day||[still]\n|-fail|p2b: Whimsicott\n|move|p2a: Garchomp|Rock Slide|p1a: Toxapex|[spread] \n|-activate|p1a: Toxapex|move: Wide Guard\n|-activate|p1b: Charizard|move: Wide Guard\n|move|p1b: Charizard|Heat Wave|p2a: Garchomp|[spread] p2a,p2b\n|-resisted|p2a: Garchomp|1\n|-supereffective|p2b: Whimsicott|1\n|-damage|p2a: Garchomp|61/100\n|-enditem|p2b: Whimsicott|Focus Sash\n|-damage|p2b: Whimsicott|1/100\n|\n|-weather|SunnyDay|[upkeep]\n|upkeep\n|turn|2\n|\n|t:|1776039412\n|move|p1b: Charizard|Protect|p1b: Charizard\n|-singleturn|p1b: Charizard|Protect\n|move|p2b: Whimsicott|Taunt|p1a: Toxapex\n|-start|p1a: Toxapex|move: Taunt\n|move|p2a: Garchomp|Rock Slide|p1b: Charizard|[spread] p1a\n|-activate|p1b: Charizard|move: Protect\n|-damage|p1a: Toxapex|85/100\n|move|p1a: Toxapex|Icy Wind|p2a: Garchomp|[spread] p2a,p2b\n|-supereffective|p2a: Garchomp|2\n|-supereffective|p2b: Whimsicott|1\n|-damage|p2a: Garchomp|37/100\n|-damage|p2b: Whimsicott|0 fnt\n|-unboost|p2a: Garchomp|spe|1\n|faint|p2b: Whimsicott\n|-enditem|p2a: Garchomp|White Herb\n|-clearnegativeboost|p2a: Garchomp|[silent]\n|\n|-weather|SunnyDay|[upkeep]\n|-heal|p1a: Toxapex|91/100|[from] item: Leftovers\n|upkeep\n|\n|t:|1776039433\n|switch|p2b: Delphox|Delphox, L50, F|100/100\n|turn|3\n|\n|t:|1776039457\n|switch|p1b: Venusaur|Venusaur, L50, F|100/100\n|detailschange|p2b: Delphox|Delphox-Mega, L50, F\n|-mega|p2b: Delphox|Delphox|Delphoxite\n|move|p2b: Delphox|Psychic|p1a: Toxapex\n|-supereffective|p1a: Toxapex|1\n|-damage|p1a: Toxapex|7/100\n|move|p2a: Garchomp|Rock Slide|p1a: Toxapex|[spread] p1a,p1b\n|-damage|p1a: Toxapex|0 fnt\n|-damage|p1b: Venusaur|73/100\n|faint|p1a: Toxapex\n|\n|-weather|SunnyDay|[upkeep]\n|upkeep\n|\n|t:|1776039466\n|switch|p1a: Garchomp|Garchomp, L50, F|100/100\n|turn|4\n|\n|t:|1776039488\n|move|p2b: Delphox|Protect|p2b: Delphox\n|-singleturn|p2b: Delphox|Protect\n|move|p1b: Venusaur|Sleep Powder|p2b: Delphox\n|-activate|p2b: Delphox|move: Protect\n|move|p1a: Garchomp|Dragon Claw|p2a: Garchomp\n|-supereffective|p2a: Garchomp|1\n|-crit|p2a: Garchomp\n|-damage|p2a: Garchomp|0 fnt\n|-damage|p1a: Garchomp|88/100|[from] ability: Rough Skin|[of] p2a: Garchomp\n|faint|p2a: Garchomp\n|\n|-weather|SunnyDay|[upkeep]\n|upkeep\n|\n|t:|1776039497\n|switch|p2a: Typhlosion|Typhlosion-Hisui, L50, M|100/100\n|-item|p1a: Garchomp|Choice Scarf|[from] ability: Frisk|[of] p2a: Typhlosion\n|-item|p1b: Venusaur|Sitrus Berry|[from] ability: Frisk|[of] p2a: Typhlosion\n|turn|5\n|\n|t:|1776039519\n|move|p1b: Venusaur|Earth Power|p2a: Typhlosion\n|-supereffective|p2a: Typhlosion|1\n|-damage|p2a: Typhlosion|16/100\n|move|p1a: Garchomp|Dragon Claw|p2b: Delphox\n|-damage|p2b: Delphox|32/100\n|move|p2a: Typhlosion|Eruption|p1b: Venusaur|[spread] p1a,p1b\n|-resisted|p1a: Garchomp|1\n|-supereffective|p1b: Venusaur|1\n|-damage|p1a: Garchomp|82/100\n|-damage|p1b: Venusaur|48/100\n|-enditem|p1b: Venusaur|Sitrus Berry|[eat]\n|-heal|p1b: Venusaur|73/100|[from] item: Sitrus Berry\n|move|p2b: Delphox|Psychic|p1a: Garchomp\n|-damage|p1a: Garchomp|20/100\n|\n|-weather|none\n|upkeep\n|turn|6\n|-message|rizzlerrrrrr forfeited.\n|\n|win|Little Veggie\n|raw|Little Veggie's rating: 1127 &rarr; <strong>1158</strong><br />(+31 for winning)\n|raw|rizzlerrrrrr's rating: 1216 &rarr; <strong>1185</strong><br />(-31 for losing)\n|l|\u2606rizzlerrrrrr\n|player|p2|\n",
  "uploadtime": 1776039544,
  "views": 14,
  "formatid": "gen9championsvgc2026regma",
  "rating": 1158,
  "private": 0,
  "password": null
}