{
  "id": "gen9championsvgc2026regma-2588420373",
  "format": "[Gen 9 Champions] VGC 2026 Reg M-A",
  "players": [
    "sdlt 2krl coolguy",
    "Master of Capture"
  ],
  "log": "|raw|<div class=\"broadcast-blue\"><strong>This battle is required to be public due to a player having a name starting with 'sdlt'.</div>\n|j|\u2606sdlt 2krl coolguy\n|j|\u2606Master of Capture\n|t:|1776632013\n|gametype|doubles\n|player|p1|sdlt 2krl coolguy|leon-masters2|1345\n|player|p2|Master of Capture|169|1378\n|gen|9\n|tier|[Gen 9 Champions] VGC 2026 Reg M-A\n|rated|\n|rule|Species Clause: Limit one of each Pok\u00e9mon\n|rule|Item Clause: Limit 1 of each item\n|clearpoke\n|poke|p1|Floette-Eternal, L50, F|\n|poke|p1|Incineroar, L50, F|\n|poke|p1|Sinistcha, L50|\n|poke|p1|Garchomp, L50, F|\n|poke|p1|Sneasler, L50, F|\n|poke|p1|Kingambit, L50, M|\n|poke|p2|Incineroar, L50, F|\n|poke|p2|Sinistcha-Masterpiece, L50|\n|poke|p2|Milotic, L50, M|\n|poke|p2|Floette-Eternal, L50, F|\n|poke|p2|Gengar, L50, F|\n|poke|p2|Toxapex, L50, F|\n|teampreview|4\n|inactive|Battle timer is ON: inactive players will automatically lose when time's up. (requested by Master of Capture)\n|inactive|sdlt 2krl coolguy also wants the timer to be on.\n|\n|t:|1776632039\n|teamsize|p1|4\n|teamsize|p2|4\n|start\n|switch|p1a: Sinistcha|Sinistcha, L50|100/100\n|switch|p1b: Kingambit|Kingambit, L50, M|100/100\n|switch|p2a: Gengar|Gengar, L50, F|100/100\n|switch|p2b: Toxapex|Toxapex, L50, F|100/100\n|turn|1\n|\n|t:|1776632049\n|detailschange|p2a: Gengar|Gengar-Mega, L50, F\n|-mega|p2a: Gengar|Gengar|Gengarite\n|move|p2a: Gengar|Substitute|p2a: Gengar\n|-start|p2a: Gengar|Substitute\n|-damage|p2a: Gengar|76/100\n|move|p1a: Sinistcha|Matcha Gotcha|p2a: Gengar|[spread] p2b\n|-miss|p1a: Sinistcha|p2a: Gengar\n|-damage|p2b: Toxapex|78/100\n|move|p1b: Kingambit|Kowtow Cleave|p2a: Gengar\n|-supereffective|p2a: Gengar|1\n|-end|p2a: Gengar|Substitute\n|move|p2b: Toxapex|Toxic|p1a: Sinistcha\n|-status|p1a: Sinistcha|tox\n|\n|-heal|p2b: Toxapex|83/100|[from] item: Leftovers\n|-damage|p1a: Sinistcha|94/100 tox|[from] psn\n|upkeep\n|turn|2\n|inactive|Master of Capture has 30 seconds left.\n|\n|t:|1776632076\n|switch|p2b: Sinistcha|Sinistcha-Masterpiece, L50|100/100\n|-heal|p2a: Gengar|100/100|[from] ability: Hospitality|[of] p2b: Sinistcha\n|move|p2a: Gengar|Protect|p2a: Gengar\n|-singleturn|p2a: Gengar|Protect\n|move|p1a: Sinistcha|Matcha Gotcha|p2a: Gengar|[spread] \n|-activate|p2a: Gengar|move: Protect\n|-miss|p1a: Sinistcha|p2b: Sinistcha\n|move|p1b: Kingambit|Kowtow Cleave|p2a: Gengar\n|-activate|p2a: Gengar|move: Protect\n|\n|-damage|p1a: Sinistcha|82/100 tox|[from] psn\n|upkeep\n|turn|3\n|\n|t:|1776632093\n|switch|p1a: Floette|Floette-Eternal, L50, F|100/100\n|move|p2b: Sinistcha|Rage Powder|p2b: Sinistcha\n|-singleturn|p2b: Sinistcha|move: Rage Powder\n|move|p2a: Gengar|Perish Song|p2a: Gengar\n|-start|p1a: Floette|perish3|[silent]\n|-start|p1b: Kingambit|perish3|[silent]\n|-start|p2a: Gengar|perish3|[silent]\n|-start|p2b: Sinistcha|perish3|[silent]\n|-fieldactivate|move: Perish Song\n|move|p1b: Kingambit|Kowtow Cleave|p2b: Sinistcha\n|-supereffective|p2b: Sinistcha|1\n|-enditem|p2b: Sinistcha|Colbur Berry|[eat]\n|-enditem|p2b: Sinistcha|Colbur Berry|[weaken]\n|-damage|p2b: Sinistcha|47/100\n|\n|-start|p2a: Gengar|perish3\n|-start|p1a: Floette|perish3\n|-start|p2b: Sinistcha|perish3\n|-start|p1b: Kingambit|perish3\n|upkeep\n|turn|4\n|\n|t:|1776632112\n|switch|p2b: Toxapex|Toxapex, L50, F|100/100\n|detailschange|p1a: Floette|Floette-Mega, L50, F\n|-mega|p1a: Floette|Floette|Floettite\n|-ability|p1a: Floette|Fairy Aura\n|move|p2a: Gengar|Substitute|p2a: Gengar\n|-start|p2a: Gengar|Substitute\n|-damage|p2a: Gengar|76/100\n|move|p1a: Floette|Moonblast|p2b: Toxapex\n|-resisted|p2b: Toxapex|1\n|-damage|p2b: Toxapex|68/100\n|move|p1b: Kingambit|Kowtow Cleave|p2a: Gengar\n|-supereffective|p2a: Gengar|1\n|-end|p2a: Gengar|Substitute\n|\n|-heal|p2b: Toxapex|74/100|[from] item: Leftovers\n|-start|p2a: Gengar|perish2\n|-start|p1a: Floette|perish2\n|-start|p1b: Kingambit|perish2\n|upkeep\n|turn|5\n|j|+zoe\n|\n|t:|1776632136\n|move|p2b: Toxapex|Wide Guard|p2b: Toxapex\n|-singleturn|p2b: Toxapex|Wide Guard\n|move|p2a: Gengar|Substitute|p2a: Gengar\n|-start|p2a: Gengar|Substitute\n|-damage|p2a: Gengar|51/100\n|move|p1a: Floette|Calm Mind|p1a: Floette\n|-boost|p1a: Floette|spa|1\n|-boost|p1a: Floette|spd|1\n|move|p1b: Kingambit|Kowtow Cleave|p2a: Gengar\n|-supereffective|p2a: Gengar|1\n|-end|p2a: Gengar|Substitute\n|\n|-heal|p2b: Toxapex|79/100|[from] item: Leftovers\n|-start|p2a: Gengar|perish1\n|-start|p1a: Floette|perish1\n|-start|p1b: Kingambit|perish1\n|upkeep\n|turn|6\n|\n|t:|1776632152\n|switch|p2a: Sinistcha|Sinistcha-Masterpiece, L50|47/100\n|-heal|p2b: Toxapex|100/100|[from] ability: Hospitality|[of] p2a: Sinistcha\n|move|p1a: Floette|Moonblast|p2a: Sinistcha\n|-damage|p2a: Sinistcha|0 fnt\n|faint|p2a: Sinistcha\n|move|p1b: Kingambit|Kowtow Cleave|p2b: Toxapex\n|-damage|p2b: Toxapex|66/100\n|move|p2b: Toxapex|Recover|p2b: Toxapex\n|-heal|p2b: Toxapex|100/100\n|\n|-start|p1a: Floette|perish0\n|-start|p1b: Kingambit|perish0\n|upkeep\n|faint|p1a: Floette\n|faint|p1b: Kingambit\n|inactive|Master of Capture has 30 seconds left.\n|\n|t:|1776632185\n|switch|p1a: Sinistcha|Sinistcha, L50|82/100 tox\n|switch|p2a: Gengar|Gengar-Mega, L50, F|51/100\n|switch|p1b: Sneasler|Sneasler, L50, F|100/100\n|turn|7\n|\n|t:|1776632194\n|switch|p2b: Incineroar|Incineroar, L50, F|100/100\n|-ability|p2b: Incineroar|Intimidate|boost\n|-unboost|p1a: Sinistcha|atk|1\n|-unboost|p1b: Sneasler|atk|1\n|-enditem|p1b: Sneasler|White Herb\n|-clearnegativeboost|p1b: Sneasler|[silent]\n|move|p1b: Sneasler|Dire Claw|p2a: Gengar\n|-resisted|p2a: Gengar|2\n|-damage|p2a: Gengar|39/100\n|move|p2a: Gengar|Perish Song|p2a: Gengar\n|-start|p1a: Sinistcha|perish3|[silent]\n|-start|p1b: Sneasler|perish3|[silent]\n|-start|p2a: Gengar|perish3|[silent]\n|-start|p2b: Incineroar|perish3|[silent]\n|-fieldactivate|move: Perish Song\n|move|p1a: Sinistcha|Matcha Gotcha|p2b: Incineroar|[spread] p2b\n|-miss|p1a: Sinistcha|p2a: Gengar\n|-resisted|p2b: Incineroar|1\n|-damage|p2b: Incineroar|91/100\n|-heal|p1a: Sinistcha|88/100 tox|[from] drain|[of] p2b: Incineroar\n|\n|-damage|p1a: Sinistcha|81/100 tox|[from] psn\n|-start|p1b: Sneasler|perish3\n|-start|p2a: Gengar|perish3\n|-start|p1a: Sinistcha|perish3\n|-start|p2b: Incineroar|perish3\n|upkeep\n|turn|8\n|-message|sdlt 2krl coolguy forfeited.\n|\n|win|Master of Capture\n|raw|sdlt 2krl coolguy's rating: 1345 &rarr; <strong>1327</strong><br />(-18 for losing)\n|raw|Master of Capture's rating: 1378 &rarr; <strong>1396</strong><br />(+18 for winning)\n",
  "uploadtime": 1776632206,
  "views": 14,
  "formatid": "gen9championsvgc2026regma",
  "rating": 1327,
  "private": 0,
  "password": null
}