{
  "id": "gen9championsvgc2026regma-2584418909",
  "format": "[Gen 9 Champions] VGC 2026 Reg M-A",
  "players": [
    "Hzqmrln",
    "Qloser"
  ],
  "log": "|j|\u2606Hzqmrln\n|j|\u2606Qloser\n|t:|1776259509\n|gametype|doubles\n|player|p1|Hzqmrln|1|1225\n|player|p2|Qloser|norman|1297\n|gen|9\n|tier|[Gen 9 Champions] VGC 2026 Reg M-A\n|rated|\n|rule|Species Clause: Limit one of each Pok\u00e9mon\n|rule|Item Clause: Limit 1 of each item\n|clearpoke\n|poke|p1|Aggron, L50, M|\n|poke|p1|Tyranitar, L50, M|\n|poke|p1|Pelipper, L50, M|\n|poke|p1|Sinistcha, L50|\n|poke|p1|Incineroar, L50, F|\n|poke|p1|Farigiraf, L50, F|\n|poke|p2|Charizard, L50, M|\n|poke|p2|Kingambit, L50, M|\n|poke|p2|Rotom-Wash, L50|\n|poke|p2|Tyranitar, L50, F|\n|poke|p2|Sinistcha, L50|\n|poke|p2|Excadrill, L50, M|\n|teampreview|4\n|inactive|Battle timer is ON: inactive players will automatically lose when time's up. (requested by Qloser)\n|\n|t:|1776259535\n|teamsize|p1|4\n|teamsize|p2|4\n|start\n|switch|p1a: Aggron|Aggron, L50, M|100/100\n|switch|p1b: Farigiraf|Farigiraf, L50, F|100/100\n|switch|p2a: Kingambit|Kingambit, L50, M|100/100\n|switch|p2b: Tyranitar|Tyranitar, L50, F|100/100\n|-weather|Sandstorm|[from] ability: Sand Stream|[of] p2b: Tyranitar\n|turn|1\n|\n|t:|1776259545\n|detailschange|p1a: Aggron|Aggron-Mega, L50, M\n|-mega|p1a: Aggron|Aggron|Aggronite\n|move|p1b: Farigiraf|Ally Switch|p1b: Farigiraf\n|swap|p1b: Farigiraf|0|[from] move: Ally Switch\n|move|p2b: Tyranitar|Knock Off|p1b: Aggron\n|-damage|p1b: Aggron|85/100\n|move|p2a: Kingambit|Kowtow Cleave|p1b: Aggron\n|-damage|p1b: Aggron|57/100\n|move|p1b: Aggron|Iron Defense|p1b: Aggron\n|-boost|p1b: Aggron|def|2\n|\n|-weather|Sandstorm|[upkeep]\n|-damage|p1a: Farigiraf|94/100|[from] Sandstorm\n|upkeep\n|turn|2\n|\n|t:|1776259565\n|switch|p2b: Sinistcha|Sinistcha, L50|100/100\n|move|p1b: Aggron|Protect|p1b: Aggron\n|-singleturn|p1b: Aggron|Protect\n|move|p2a: Kingambit|Kowtow Cleave|p1a: Farigiraf\n|-supereffective|p1a: Farigiraf|1\n|-damage|p1a: Farigiraf|0 fnt\n|faint|p1a: Farigiraf\n|\n|-weather|Sandstorm|[upkeep]\n|-damage|p2b: Sinistcha|94/100|[from] Sandstorm\n|-heal|p2b: Sinistcha|100/100|[from] item: Leftovers\n|upkeep\n|\n|t:|1776259574\n|switch|p1a: Sinistcha|Sinistcha, L50|100/100\n|-heal|p1b: Aggron|82/100|[from] ability: Hospitality|[of] p1a: Sinistcha\n|turn|3\n|\n|t:|1776259590\n|switch|p1a: Pelipper|Pelipper, L50, M|100/100\n|-weather|RainDance|[from] ability: Drizzle|[of] p1a: Pelipper\n|move|p2a: Kingambit|Protect|p2a: Kingambit\n|-singleturn|p2a: Kingambit|Protect\n|move|p2b: Sinistcha|Matcha Gotcha|p1a: Pelipper|[spread] p1a,p1b\n|-resisted|p1b: Aggron|1\n|-damage|p1a: Pelipper|58/100\n|-damage|p1b: Aggron|69/100\n|move|p1b: Aggron|Body Press|p2a: Kingambit\n|-activate|p2a: Kingambit|move: Protect\n|\n|-weather|RainDance|[upkeep]\n|upkeep\n|turn|4\n|\n|t:|1776259608\n|switch|p1a: Sinistcha|Sinistcha, L50|100/100\n|-heal|p1b: Aggron|94/100|[from] ability: Hospitality|[of] p1a: Sinistcha\n|switch|p2a: Rotom|Rotom-Wash, L50|100/100\n|move|p2b: Sinistcha|Matcha Gotcha|p1b: Aggron|[spread] p1a,p1b\n|-resisted|p1a: Sinistcha|1\n|-resisted|p1b: Aggron|1\n|-damage|p1a: Sinistcha|88/100\n|-damage|p1b: Aggron|80/100\n|move|p1b: Aggron|Body Press|p2a: Rotom\n|-damage|p2a: Rotom|0 fnt\n|faint|p2a: Rotom\n|\n|-weather|RainDance|[upkeep]\n|upkeep\n|\n|t:|1776259619\n|switch|p2a: Tyranitar|Tyranitar, L50, F|100/100\n|-weather|Sandstorm|[from] ability: Sand Stream|[of] p2a: Tyranitar\n|turn|5\n|\n|t:|1776259631\n|move|p2a: Tyranitar|Low Kick|p1b: Aggron\n|-supereffective|p1b: Aggron|1\n|-damage|p1b: Aggron|65/100\n|move|p2b: Sinistcha|Matcha Gotcha|p1a: Sinistcha|[spread] p1a,p1b\n|-resisted|p1a: Sinistcha|1\n|-resisted|p1b: Aggron|1\n|-damage|p1a: Sinistcha|73/100\n|-damage|p1b: Aggron|51/100\n|move|p1a: Sinistcha|Shadow Ball|p2b: Sinistcha\n|-supereffective|p2b: Sinistcha|1\n|-damage|p2b: Sinistcha|32/100\n|move|p1b: Aggron|Body Press|p2a: Tyranitar\n|-supereffective|p2a: Tyranitar|2\n|-damage|p2a: Tyranitar|0 fnt\n|faint|p2a: Tyranitar\n|\n|-weather|Sandstorm|[upkeep]\n|-damage|p2b: Sinistcha|26/100|[from] Sandstorm\n|-damage|p1a: Sinistcha|67/100|[from] Sandstorm\n|-heal|p2b: Sinistcha|32/100|[from] item: Leftovers\n|upkeep\n|\n|t:|1776259636\n|switch|p2a: Kingambit|Kingambit, L50, M|100/100\n|turn|6\n|c|\u2606Qloser|gg\n|\n|t:|1776259650\n|switch|p1a: Pelipper|Pelipper, L50, M|58/100\n|-weather|RainDance|[from] ability: Drizzle|[of] p1a: Pelipper\n|move|p2b: Sinistcha|Matcha Gotcha|p1a: Pelipper|[spread] p1a,p1b\n|-resisted|p1b: Aggron|1\n|-damage|p1a: Pelipper|14/100\n|-heal|p2b: Sinistcha|50/100|[from] drain|[of] p1a: Pelipper\n|-damage|p1b: Aggron|38/100\n|-heal|p2b: Sinistcha|56/100|[from] drain|[of] p1b: Aggron\n|move|p2a: Kingambit|Kowtow Cleave|p1a: Pelipper\n|-damage|p1a: Pelipper|0 fnt\n|faint|p1a: Pelipper\n|move|p1b: Aggron|Heavy Slam|p2b: Sinistcha\n|-damage|p2b: Sinistcha|10/100\n|\n|-weather|RainDance|[upkeep]\n|-heal|p2b: Sinistcha|16/100|[from] item: Leftovers\n|upkeep\n|\n|t:|1776259656\n|switch|p1a: Sinistcha|Sinistcha, L50|67/100\n|-heal|p1b: Aggron|63/100|[from] ability: Hospitality|[of] p1a: Sinistcha\n|turn|7\n|\n|t:|1776259665\n|move|p2a: Kingambit|Sucker Punch|p1a: Sinistcha\n|-supereffective|p1a: Sinistcha|1\n|-damage|p1a: Sinistcha|0 fnt\n|faint|p1a: Sinistcha\n|move|p2b: Sinistcha|Matcha Gotcha|p1b: Aggron\n|-resisted|p1b: Aggron|1\n|-damage|p1b: Aggron|44/100\n|-heal|p2b: Sinistcha|25/100|[from] drain|[of] p1b: Aggron\n|move|p1b: Aggron|Body Press|p2a: Kingambit\n|-supereffective|p2a: Kingambit|2\n|-damage|p2a: Kingambit|0 fnt\n|faint|p2a: Kingambit\n|\n|-weather|RainDance|[upkeep]\n|-heal|p2b: Sinistcha|32/100|[from] item: Leftovers\n|upkeep\n|turn|8\n|\n|t:|1776259676\n|move|p2b: Sinistcha|Strength Sap|p1b: Aggron\n|-unboost|p1b: Aggron|atk|1\n|-heal|p2b: Sinistcha|100/100\n|move|p1b: Aggron|Heavy Slam|p2b: Sinistcha\n|-damage|p2b: Sinistcha|69/100\n|\n|-weather|RainDance|[upkeep]\n|-heal|p2b: Sinistcha|75/100|[from] item: Leftovers\n|upkeep\n|turn|9\n|\n|t:|1776259682\n|move|p2b: Sinistcha|Strength Sap|p1b: Aggron\n|-unboost|p1b: Aggron|atk|1\n|-heal|p2b: Sinistcha|100/100\n|move|p1b: Aggron|Heavy Slam|p2b: Sinistcha\n|-damage|p2b: Sinistcha|78/100\n|\n|-weather|RainDance|[upkeep]\n|-heal|p2b: Sinistcha|84/100|[from] item: Leftovers\n|upkeep\n|turn|10\n|c|\u2606Hzqmrln|Aww dang\n|\n|t:|1776259692\n|move|p2b: Sinistcha|Matcha Gotcha|p1b: Aggron\n|-resisted|p1b: Aggron|1\n|-damage|p1b: Aggron|24/100\n|-heal|p2b: Sinistcha|93/100|[from] drain|[of] p1b: Aggron\n|move|p1b: Aggron|Heavy Slam|p2b: Sinistcha\n|-damage|p2b: Sinistcha|71/100\n|\n|-weather|none\n|-heal|p2b: Sinistcha|77/100|[from] item: Leftovers\n|upkeep\n|turn|11\n|\n|t:|1776259698\n|move|p2b: Sinistcha|Matcha Gotcha|p1b: Aggron\n|-resisted|p1b: Aggron|1\n|-damage|p1b: Aggron|7/100\n|-heal|p2b: Sinistcha|85/100|[from] drain|[of] p1b: Aggron\n|-status|p1b: Aggron|brn\n|move|p1b: Aggron|Heavy Slam|p2b: Sinistcha\n|-damage|p2b: Sinistcha|74/100\n|\n|-heal|p2b: Sinistcha|80/100|[from] item: Leftovers\n|-damage|p1b: Aggron|1/100 brn|[from] brn\n|upkeep\n|turn|12\n|\n|t:|1776259701\n|move|p2b: Sinistcha|Strength Sap|p1b: Aggron\n|-unboost|p1b: Aggron|atk|1\n|-heal|p2b: Sinistcha|100/100\n|move|p1b: Aggron|Heavy Slam|p2b: Sinistcha\n|-damage|p2b: Sinistcha|91/100\n|\n|-heal|p2b: Sinistcha|98/100|[from] item: Leftovers\n|-damage|p1b: Aggron|0 fnt|[from] brn\n|faint|p1b: Aggron\n|\n|win|Qloser\n|raw|Hzqmrln's rating: 1225 &rarr; <strong>1205</strong><br />(-20 for losing)\n|raw|Qloser's rating: 1297 &rarr; <strong>1317</strong><br />(+20 for winning)\n",
  "uploadtime": 1776259701,
  "views": 38,
  "formatid": "gen9championsvgc2026regma",
  "rating": 1205,
  "private": 0,
  "password": null
}