{
  "id": "gen9championsvgc2026regma-2587878924",
  "format": "[Gen 9 Champions] VGC 2026 Reg M-A",
  "players": [
    "antbadmon",
    "asfgrdhi"
  ],
  "log": "|j|\u2606antbadmon\n|j|\u2606asfgrdhi\n|t:|1776573793\n|gametype|doubles\n|player|p1|antbadmon|101|1028\n|player|p2|asfgrdhi|102|1105\n|gen|9\n|tier|[Gen 9 Champions] VGC 2026 Reg M-A\n|rated|\n|rule|Species Clause: Limit one of each Pok\u00e9mon\n|rule|Item Clause: Limit 1 of each item\n|clearpoke\n|poke|p1|Charizard, L50, M|\n|poke|p1|Venusaur, L50, F|\n|poke|p1|Rotom-Wash, L50|\n|poke|p1|Incineroar, L50, F|\n|poke|p1|Aegislash, L50, F|\n|poke|p1|Whimsicott, L50, F|\n|poke|p2|Charizard, L50, F|\n|poke|p2|Incineroar, L50, F|\n|poke|p2|Whimsicott, L50, F|\n|poke|p2|Garchomp, L50, M|\n|poke|p2|Rotom-Wash, L50|\n|poke|p2|Sneasler, L50, F|\n|teampreview|4\n|inactive|Battle timer is ON: inactive players will automatically lose when time's up. (requested by antbadmon)\nantbadmon rejected open team sheets.\n|\n|t:|1776573852\n|teamsize|p1|4\n|teamsize|p2|4\n|start\n|switch|p1a: Charizard|Charizard, L50, M|100/100\n|switch|p1b: Venusaur|Venusaur, L50, F|100/100\n|switch|p2a: Charizard|Charizard, L50, F|100/100\n|switch|p2b: Garchomp|Garchomp, L50, M|100/100\n|turn|1\n|inactive|asfgrdhi has 30 seconds left.\n|\n|t:|1776573883\n|detailschange|p1a: Charizard|Charizard-Mega-Y, L50, M\n|-mega|p1a: Charizard|Charizard|Charizardite Y\n|-weather|SunnyDay|[from] ability: Drought|[of] p1a: Charizard\n|detailschange|p2a: Charizard|Charizard-Mega-Y, L50, F\n|-mega|p2a: Charizard|Charizard|Charizardite Y\n|move|p1b: Venusaur|Sleep Powder|p2a: Charizard\n|-status|p2a: Charizard|slp|[from] move: Sleep Powder\n|move|p2b: Garchomp|Rock Slide|p1a: Charizard|[spread] p1a,p1b\n|-supereffective|p1a: Charizard|2\n|-crit|p1b: Venusaur\n|-damage|p1a: Charizard|0 fnt\n|-damage|p1b: Venusaur|60/100\n|faint|p1a: Charizard\n|cant|p2a: Charizard|slp\n|\n|-weather|SunnyDay|[upkeep]\n|upkeep\n|\n|t:|1776573898\n|switch|p1a: Rotom|Rotom-Wash, L50|100/100\n|turn|2\n|inactive|asfgrdhi has 30 seconds left.\n|\n|t:|1776573924\n|switch|p2a: Rotom|Rotom-Wash, L50|100/100\n|move|p1b: Venusaur|Sludge Bomb|p2a: Rotom\n|-damage|p2a: Rotom|55/100\n|-status|p2a: Rotom|psn\n|move|p2b: Garchomp|Rock Slide|p1b: Venusaur|[spread] p1a,p1b\n|-damage|p1a: Rotom|81/100\n|-damage|p1b: Venusaur|31/100\n|move|p1a: Rotom|Will-O-Wisp|p2b: Garchomp\n|-status|p2b: Garchomp|brn\n|\n|-weather|SunnyDay|[upkeep]\n|-heal|p1a: Rotom|86/100|[from] item: Leftovers\n|-heal|p2a: Rotom|60/100 psn|[from] item: Leftovers\n|-damage|p2a: Rotom|48/100 psn|[from] psn\n|-damage|p2b: Garchomp|95/100 brn|[from] brn\n|upkeep\n|turn|3\n|inactive|antbadmon has 30 seconds left.\n|inactive|asfgrdhi has 30 seconds left.\n|inactive|antbadmon has 20 seconds left.\n|inactive|antbadmon has 15 seconds left.\n|inactive|antbadmon has 10 seconds left.\n|\n|t:|1776573973\n|move|p1b: Venusaur|Leaf Storm|p2a: Rotom\n|-supereffective|p2a: Rotom|1\n|-damage|p2a: Rotom|0 fnt\n|-unboost|p1b: Venusaur|spa|2\n|faint|p2a: Rotom\n|move|p2b: Garchomp|Rock Slide|p1a: Rotom|[spread] p1b\n|-miss|p2b: Garchomp|p1a: Rotom\n|-damage|p1b: Venusaur|17/100\n|move|p1a: Rotom|Hydro Pump|p2b: Garchomp\n|-damage|p2b: Garchomp|69/100 brn\n|\n|-weather|SunnyDay|[upkeep]\n|-heal|p1a: Rotom|92/100|[from] item: Leftovers\n|-damage|p2b: Garchomp|63/100 brn|[from] brn\n|upkeep\n|\n|t:|1776573992\n|switch|p2a: Sneasler|Sneasler, L50, F|100/100\n|turn|4\n|\n|t:|1776574006\n|switch|p1b: Aegislash|Aegislash, L50, F|100/100\n|move|p2a: Sneasler|Fake Out|p1a: Rotom\n|-damage|p1a: Rotom|79/100\n|move|p2b: Garchomp|Rock Slide|p1a: Rotom|[spread] p1a,p1b\n|-resisted|p1b: Aegislash|1\n|-damage|p1a: Rotom|69/100\n|-damage|p1b: Aegislash|96/100\n|cant|p1a: Rotom|flinch\n|\n|-weather|SunnyDay|[upkeep]\n|-heal|p1a: Rotom|74/100|[from] item: Leftovers\n|-damage|p2b: Garchomp|57/100 brn|[from] brn\n|upkeep\n|turn|5\n|inactive|asfgrdhi has 30 seconds left.\n|\n|t:|1776574038\n|move|p2a: Sneasler|Protect|p2a: Sneasler\n|-singleturn|p2a: Sneasler|Protect\n|move|p1b: Aegislash|King's Shield|p1b: Aegislash\n|-singleturn|p1b: Aegislash|Protect\n|move|p2b: Garchomp|Rock Slide|p1a: Rotom|[spread] p1a\n|-activate|p1b: Aegislash|move: Protect\n|-damage|p1a: Rotom|64/100\n|move|p1a: Rotom|Will-O-Wisp|p2a: Sneasler\n|-activate|p2a: Sneasler|move: Protect\n|\n|-weather|none\n|-heal|p1a: Rotom|70/100|[from] item: Leftovers\n|-damage|p2b: Garchomp|51/100 brn|[from] brn\n|upkeep\n|turn|6\n|\n|t:|1776574062\n|switch|p2a: Charizard|Charizard-Mega-Y, L50, F|100/100 slp\n|-weather|SunnyDay|[from] ability: Drought|[of] p2a: Charizard\n|move|p2b: Garchomp|Rock Slide|p1a: Rotom|[spread] p1a,p1b\n|-resisted|p1b: Aegislash|1\n|-damage|p1a: Rotom|60/100\n|-damage|p1b: Aegislash|92/100\n|move|p1a: Rotom|Hydro Pump|p2b: Garchomp\n|-damage|p2b: Garchomp|26/100 brn\n|-formechange|p1b: Aegislash|Aegislash-Blade|\n|move|p1b: Aegislash|Poltergeist|p2a: Charizard\n|-activate|p2a: Charizard|move: Poltergeist|Charizardite Y\n|-damage|p2a: Charizard|30/100 slp\n|\n|-weather|SunnyDay|[upkeep]\n|-heal|p1a: Rotom|66/100|[from] item: Leftovers\n|-damage|p2b: Garchomp|20/100 brn|[from] brn\n|upkeep\n|turn|7\n|inactive|antbadmon has 30 seconds left.\n|\n|t:|1776574087\n|-formechange|p1b: Aegislash|Aegislash|\n|move|p1b: Aegislash|King's Shield|p1b: Aegislash\n|-singleturn|p1b: Aegislash|Protect\n|move|p2b: Garchomp|Rock Slide|p1a: Rotom|[spread] p1a\n|-activate|p1b: Aegislash|move: Protect\n|-damage|p1a: Rotom|57/100\n|-curestatus|p2a: Charizard|slp|[msg]\n|move|p2a: Charizard|Heat Wave|p1a: Rotom|[spread] p1a\n|-activate|p1b: Aegislash|move: Protect\n|-resisted|p1a: Rotom|1\n|-damage|p1a: Rotom|21/100\n|move|p1a: Rotom|Thunderbolt|p2a: Charizard\n|-supereffective|p2a: Charizard|1\n|-damage|p2a: Charizard|0 fnt\n|faint|p2a: Charizard\n|\n|-weather|SunnyDay|[upkeep]\n|-heal|p1a: Rotom|27/100|[from] item: Leftovers\n|-damage|p2b: Garchomp|15/100 brn|[from] brn\n|upkeep\n|\n|t:|1776574109\n|switch|p2a: Sneasler|Sneasler, L50, F|100/100\n|turn|8\n|\n|t:|1776574118\n|move|p1a: Rotom|Protect|p1a: Rotom\n|-singleturn|p1a: Rotom|Protect\n|move|p2b: Garchomp|Rock Slide|p1a: Rotom|[spread] \n|-activate|p1a: Rotom|move: Protect\n|-miss|p2b: Garchomp|p1b: Aegislash\n|move|p2a: Sneasler|Close Combat|p1a: Rotom\n|-activate|p1a: Rotom|move: Protect\n|-formechange|p1b: Aegislash|Aegislash-Blade|\n|move|p1b: Aegislash|Poltergeist|p2a: Sneasler\n|-activate|p2a: Sneasler|move: Poltergeist|White Herb\n|-damage|p2a: Sneasler|0 fnt\n|faint|p2a: Sneasler\n|\n|-weather|SunnyDay|[upkeep]\n|-heal|p1a: Rotom|32/100|[from] item: Leftovers\n|-damage|p2b: Garchomp|9/100 brn|[from] brn\n|upkeep\n|turn|9\n|\n|t:|1776574139\n|move|p2b: Garchomp|Rock Slide|p1a: Rotom|[spread] p1a,p1b\n|-resisted|p1b: Aegislash|1\n|-damage|p1a: Rotom|23/100\n|-damage|p1b: Aegislash|82/100\n|move|p1a: Rotom|Hydro Pump|p2b: Garchomp\n|-damage|p2b: Garchomp|0 fnt\n|faint|p2b: Garchomp\n|\n|win|antbadmon\n|raw|antbadmon's rating: 1028 &rarr; <strong>1072</strong><br />(+44 for winning)\n|raw|asfgrdhi's rating: 1105 &rarr; <strong>1075</strong><br />(-30 for losing)\n",
  "uploadtime": 1776574142,
  "views": 8,
  "formatid": "gen9championsvgc2026regma",
  "rating": 1072,
  "private": 0,
  "password": null
}