{
  "id": "gen9championsvgc2026regma-2581726831",
  "format": "[Gen 9 Champions] VGC 2026 Reg M-A",
  "players": [
    "Hijej22",
    "vnunesp12"
  ],
  "log": "|j|\u2606Hijej22\n|j|\u2606vnunesp12\n|t:|1776023748\n|gametype|doubles\n|player|p1|Hijej22|benga|1059\n|player|p2|vnunesp12|red|1130\n|gen|9\n|tier|[Gen 9 Champions] VGC 2026 Reg M-A\n|rated|\n|rule|Species Clause: Limit one of each Pok\u00e9mon\n|rule|Item Clause: Limit 1 of each item\n|clearpoke\n|poke|p1|Froslass, L50, F|\n|poke|p1|Floette-Eternal, L50, F|\n|poke|p1|Weavile, L50, F|\n|poke|p1|Incineroar, L50, F|\n|poke|p1|Mamoswine, L50, F|\n|poke|p1|Clefable, L50, M|\n|poke|p2|Manectric, L50, F|\n|poke|p2|Pelipper, L50, M|\n|poke|p2|Sinistcha, L50|\n|poke|p2|Basculegion, L50, M|\n|poke|p2|Sneasler, L50, M|\n|poke|p2|Kingambit, L50, M|\n|teampreview|4\n|inactive|Battle timer is ON: inactive players will automatically lose when time's up. (requested by vnunesp12)\n|\n|t:|1776023783\n|teamsize|p1|4\n|teamsize|p2|4\n|start\n|switch|p1a: Froslass|Froslass, L50, F|100/100\n|switch|p1b: Mamoswine|Mamoswine, L50, F|100/100\n|switch|p2a: Erick|Kingambit, L50, M|100/100\n|switch|p2b: Pulga|Sneasler, L50, M|100/100\n|turn|1\n|inactive|vnunesp12 has 30 seconds left.\n|inactive|vnunesp12 has 20 seconds left.\n|\n|t:|1776023822\n|detailschange|p1a: Froslass|Froslass-Mega, L50, F\n|-mega|p1a: Froslass|Froslass|Froslassite\n|-weather|Snowscape|[from] ability: Snow Warning|[of] p1a: Froslass\n|move|p1a: Froslass|Aurora Veil|p1a: Froslass\n|-sidestart|p1: Hijej22|move: Aurora Veil\n|move|p2b: Pulga|Dire Claw|p1a: Froslass\n|-resisted|p1a: Froslass|1\n|-damage|p1a: Froslass|86/100\n|-status|p1a: Froslass|slp\n|move|p1b: Mamoswine|Earthquake|p2b: Pulga|[spread] p1a,p2a,p2b\n|-supereffective|p2a: Erick|1\n|-supereffective|p2b: Pulga|1\n|-damage|p1a: Froslass|50/100 slp\n|-damage|p2a: Erick|31/100\n|-damage|p2b: Pulga|0 fnt\n|faint|p2b: Pulga\n|move|p2a: Erick|Iron Head|p1a: Froslass\n|-supereffective|p1a: Froslass|1\n|-damage|p1a: Froslass|0 fnt\n|faint|p1a: Froslass\n|\n|-weather|Snowscape|[upkeep]\n|upkeep\n|\n|t:|1776023843\n|switch|p1a: Floette|Floette-Eternal, L50, F|100/100\n|switch|p2b: \u00c9verton Ribeiro|Pelipper, L50, M|100/100\n|-weather|RainDance|[from] ability: Drizzle|[of] p2b: \u00c9verton Ribeiro\n|turn|2\n|\n|t:|1776023867\n|move|p1a: Floette|Protect|p1a: Floette\n|-singleturn|p1a: Floette|Protect\n|move|p2a: Erick|Protect|p2a: Erick\n|-singleturn|p2a: Erick|Protect\n|move|p2b: \u00c9verton Ribeiro|Hurricane|p1a: Floette\n|-activate|p1a: Floette|move: Protect\n|move|p1b: Mamoswine|Earthquake|p2a: Erick|[spread] \n|-activate|p1a: Floette|move: Protect\n|-activate|p2a: Erick|move: Protect\n|-immune|p2b: \u00c9verton Ribeiro\n|\n|-weather|RainDance|[upkeep]\n|upkeep\n|turn|3\n|\n|t:|1776023890\n|move|p2a: Erick|Protect|p2a: Erick\n|-singleturn|p2a: Erick|Protect\n|move|p1a: Floette|Moonblast|p2a: Erick\n|-activate|p2a: Erick|move: Protect\n|move|p2b: \u00c9verton Ribeiro|Tailwind|p2b: \u00c9verton Ribeiro\n|-sidestart|p2: vnunesp12|move: Tailwind\n|move|p1b: Mamoswine|Rock Slide|p2a: Erick|[spread] p2b\n|-activate|p2a: Erick|move: Protect\n|-supereffective|p2b: \u00c9verton Ribeiro|1\n|-damage|p2b: \u00c9verton Ribeiro|55/100\n|\n|-weather|RainDance|[upkeep]\n|upkeep\n|turn|4\n|\n|t:|1776023913\n|move|p1a: Floette|Protect|p1a: Floette\n|-singleturn|p1a: Floette|Protect\n|move|p2b: \u00c9verton Ribeiro|Hurricane|p1a: Floette\n|-activate|p1a: Floette|move: Protect\n|move|p2a: Erick|Kowtow Cleave|p1b: Mamoswine\n|-damage|p1b: Mamoswine|67/100\n|move|p1b: Mamoswine|Rock Slide|p2b: \u00c9verton Ribeiro|[spread] p2a,p2b\n|-resisted|p2a: Erick|1\n|-supereffective|p2b: \u00c9verton Ribeiro|1\n|-damage|p2a: Erick|23/100\n|-damage|p2b: \u00c9verton Ribeiro|3/100\n|\n|-weather|RainDance|[upkeep]\n|upkeep\n|turn|5\n|\n|t:|1776023937\n|move|p2a: Erick|Sucker Punch|p1a: Floette\n|-resisted|p1a: Floette|1\n|-damage|p1a: Floette|76/100\n|move|p2b: \u00c9verton Ribeiro|Weather Ball|p1a: Floette\n|-damage|p1a: Floette|44/100\n|move|p1a: Floette|Moonblast|p2b: \u00c9verton Ribeiro\n|-damage|p2b: \u00c9verton Ribeiro|0 fnt\n|faint|p2b: \u00c9verton Ribeiro\n|move|p1b: Mamoswine|Rock Slide|p2a: Erick\n|-resisted|p2a: Erick|1\n|-damage|p2a: Erick|12/100\n|\n|-weather|RainDance|[upkeep]\n|-sideend|p1: Hijej22|move: Aurora Veil\n|upkeep\n|\n|t:|1776023952\n|switch|p2b: Luciano Juba|Manectric, L50, F|100/100\n|turn|6\n|\n|t:|1776023967\n|detailschange|p2b: Luciano Juba|Manectric-Mega, L50, F\n|-mega|p2b: Luciano Juba|Manectric|Manectite\n|-ability|p2b: Luciano Juba|Intimidate|boost\n|-unboost|p1a: Floette|atk|1\n|-unboost|p1b: Mamoswine|atk|1\n|move|p1a: Floette|Protect|p1a: Floette\n|-singleturn|p1a: Floette|Protect\n|move|p2b: Luciano Juba|Flamethrower|p1b: Mamoswine\n|-supereffective|p1b: Mamoswine|1\n|-damage|p1b: Mamoswine|27/100\n|move|p2a: Erick|Kowtow Cleave|p1b: Mamoswine\n|-damage|p1b: Mamoswine|0 fnt\n|faint|p1b: Mamoswine\n|\n|-weather|none\n|-sideend|p2: vnunesp12|move: Tailwind\n|upkeep\n|\n|t:|1776023977\n|switch|p1b: Incineroar|Incineroar, L50, F|100/100\n|-ability|p1b: Incineroar|Intimidate|boost\n|-unboost|p2a: Erick|atk|1\n|-ability|p2a: Erick|Defiant|boost\n|-boost|p2a: Erick|atk|2\n|-unboost|p2b: Luciano Juba|atk|1\n|turn|7\n|\n|t:|1776024001\n|move|p2a: Erick|Sucker Punch|p1a: Floette\n|-resisted|p1a: Floette|1\n|-damage|p1a: Floette|0 fnt\n|faint|p1a: Floette\n|move|p2b: Luciano Juba|Flamethrower|p1b: Incineroar\n|-resisted|p1b: Incineroar|1\n|-crit|p1b: Incineroar\n|-damage|p1b: Incineroar|77/100\n|move|p1b: Incineroar|Darkest Lariat|p2b: Luciano Juba\n|-damage|p2b: Luciano Juba|53/100\n|\n|-heal|p1b: Incineroar|83/100|[from] item: Leftovers\n|upkeep\n|turn|8\n|\n|t:|1776024019\n|move|p2b: Luciano Juba|Volt Switch|p1b: Incineroar\n|-damage|p1b: Incineroar|47/100\n|move|p1b: Incineroar|Flare Blitz|p2b: Luciano Juba\n|-damage|p2b: Luciano Juba|0 fnt\n|faint|p2b: Luciano Juba\n|-damage|p1b: Incineroar|35/100|[from] Recoil\n|move|p2a: Erick|Kowtow Cleave|p1b: Incineroar\n|-resisted|p1b: Incineroar|1\n|-damage|p1b: Incineroar|0 fnt\n|faint|p1b: Incineroar\n|\n|win|vnunesp12\n|raw|Hijej22's rating: 1059 &rarr; <strong>1044</strong><br />(-15 for losing)\n|raw|vnunesp12's rating: 1130 &rarr; <strong>1150</strong><br />(+20 for winning)\n|l|\u2606Hijej22\n|player|p1|\n",
  "uploadtime": 1776024043,
  "views": 21,
  "formatid": "gen9championsvgc2026regma",
  "rating": 1044,
  "private": 0,
  "password": null
}