{
  "id": "gen9championsvgc2026regma-2584649583",
  "format": "[Gen 9 Champions] VGC 2026 Reg M-A",
  "players": [
    "namboyVGC",
    "ugvubuibin"
  ],
  "log": "|j|\u2606namboyVGC\n|j|\u2606ugvubuibin\n|t:|1776274414\n|gametype|doubles\n|player|p1|namboyVGC|pokemonranger-gen4|1022\n|player|p2|ugvubuibin|265|1000\n|gen|9\n|tier|[Gen 9 Champions] VGC 2026 Reg M-A\n|rated|\n|rule|Species Clause: Limit one of each Pok\u00e9mon\n|rule|Item Clause: Limit 1 of each item\n|clearpoke\n|poke|p1|Alakazam, L50, M|\n|poke|p1|Typhlosion-Hisui, L50, M|\n|poke|p1|Whimsicott, L50, M|\n|poke|p1|Meowstic, L50, M|\n|poke|p1|Starmie, L50|\n|poke|p1|Maushold-Four, L50|\n|poke|p2|Maushold, L50|\n|poke|p2|Garchomp, L50, M|\n|poke|p2|Talonflame, L50, F|\n|poke|p2|Floette-Eternal, L50, F|\n|poke|p2|Aegislash, L50, M|\n|poke|p2|Rotom-Wash, L50|\n|teampreview|4\n|inactive|Battle timer is ON: inactive players will automatically lose when time's up. (requested by ugvubuibin)\n|inactive|namboyVGC also wants the timer to be on.\nnamboyVGC has agreed to open team sheets.\n|\n|t:|1776274431\n|teamsize|p1|4\n|teamsize|p2|4\n|start\n|switch|p1a: Whimsicott|Whimsicott, L50, M|100/100\n|switch|p1b: Typhlosion|Typhlosion-Hisui, L50, M|100/100\n|switch|p2a: Garchomp|Garchomp, L50, M, shiny|100/100\n|switch|p2b: Talonflame|Talonflame, L50, F, shiny|100/100\n|-item|p2a: Garchomp|Soft Sand|[from] ability: Frisk|[of] p1b: Typhlosion\n|turn|1\n|\n|t:|1776274448\n|move|p2b: Talonflame|Tailwind|p2b: Talonflame\n|-sidestart|p2: ugvubuibin|move: Tailwind\n|move|p1a: Whimsicott|Tailwind|p1a: Whimsicott\n|-sidestart|p1: namboyVGC|move: Tailwind\n|move|p1b: Typhlosion|Heat Wave|p2a: Garchomp|[spread] p2a,p2b\n|-resisted|p2a: Garchomp|1\n|-resisted|p2b: Talonflame|1\n|-damage|p2a: Garchomp|80/100\n|-damage|p2b: Talonflame|73/100\n|move|p2a: Garchomp|Earthquake|p1a: Whimsicott|[spread] p1a,p1b\n|-immune|p2b: Talonflame\n|-resisted|p1a: Whimsicott|1\n|-supereffective|p1b: Typhlosion|1\n|-damage|p1a: Whimsicott|68/100\n|-damage|p1b: Typhlosion|0 fnt\n|faint|p1b: Typhlosion\n|\n|upkeep\n|\n|t:|1776274464\n|switch|p1b: Meowstic|Meowstic, L50, M|100/100\n|turn|2\n|\n|t:|1776274478\n|move|p1a: Whimsicott|Encore|p2b: Talonflame\n|-start|p2b: Talonflame|Encore\n|move|p1b: Meowstic|Psychic Terrain|p1b: Meowstic\n|-fieldstart|move: Psychic Terrain\n|move|p2b: Talonflame|Tailwind||[still]\n|-fail|p2b: Talonflame\n|move|p2a: Garchomp|Earthquake|p1a: Whimsicott|[spread] p1a,p1b\n|-immune|p2b: Talonflame\n|-resisted|p1a: Whimsicott|1\n|-damage|p1a: Whimsicott|31/100\n|-damage|p1b: Meowstic|54/100\n|\n|upkeep\n|turn|3\n|\n|t:|1776274495\n|switch|p2b: Aegislash|Aegislash, L50, M, shiny|100/100\n|move|p1a: Whimsicott|Moonblast|p2a: Garchomp\n|-supereffective|p2a: Garchomp|1\n|-damage|p2a: Garchomp|4/100\n|move|p2a: Garchomp|Earthquake|p1a: Whimsicott|[spread] p2b,p1a,p1b\n|-supereffective|p2b: Aegislash|1\n|-resisted|p1a: Whimsicott|1\n|-damage|p2b: Aegislash|25/100\n|-damage|p1a: Whimsicott|0 fnt\n|-damage|p1b: Meowstic|6/100\n|faint|p1a: Whimsicott\n|move|p1b: Meowstic|Expanding Force|p2b: Aegislash|[spread] p2a,p2b\n|-resisted|p2b: Aegislash|1\n|-damage|p2a: Garchomp|0 fnt\n|-damage|p2b: Aegislash|12/100\n|faint|p2a: Garchomp\n|\n|upkeep\n|\n|t:|1776274510\n|switch|p1a: Alakazam|Alakazam, L50, M|100/100\n|switch|p2a: Floette|Floette-Eternal, L50, F|100/100\n|turn|4\n|\n|t:|1776274534\n|detailschange|p1a: Alakazam|Alakazam-Mega, L50, M\n|-mega|p1a: Alakazam|Alakazam|Alakazite\n|-ability|p1a: Alakazam|Flower Veil|Trace|[from] ability: Trace|[of] p2a: Floette\n|detailschange|p2a: Floette|Floette-Mega, L50, F\n|-mega|p2a: Floette|Floette|Floettite\n|-ability|p2a: Floette|Fairy Aura\n|move|p1a: Alakazam|Expanding Force|p2a: Floette|[spread] p2a,p2b\n|-resisted|p2b: Aegislash|1\n|-damage|p2a: Floette|50/100\n|-damage|p2b: Aegislash|0 fnt\n|faint|p2b: Aegislash\n|move|p1b: Meowstic|Expanding Force|p2a: Floette\n|-damage|p2a: Floette|22/100\n|move|p2a: Floette|Dazzling Gleam|p1b: Meowstic|[spread] p1a,p1b\n|-damage|p1a: Alakazam|36/100\n|-damage|p1b: Meowstic|0 fnt\n|faint|p1b: Meowstic\n|\n|-sideend|p2: ugvubuibin|move: Tailwind\n|-sideend|p1: namboyVGC|move: Tailwind\n|upkeep\n|\n|t:|1776274559\n|switch|p2b: Talonflame|Talonflame, L50, F, shiny|73/100\n|turn|5\n|\n|t:|1776274566\n|move|p1a: Alakazam|Expanding Force|p2b: Talonflame|[spread] p2a,p2b\n|-damage|p2a: Floette|0 fnt\n|-damage|p2b: Talonflame|0 fnt\n|faint|p2a: Floette\n|faint|p2b: Talonflame\n|\n|win|namboyVGC\n|raw|namboyVGC's rating: 1022 &rarr; <strong>1056</strong><br />(+34 for winning)\n|raw|ugvubuibin's rating: 1000 &rarr; <strong>1000</strong><br />(+0 for losing)\n",
  "uploadtime": 1776274566,
  "views": 13,
  "formatid": "gen9championsvgc2026regma",
  "rating": 1000,
  "private": 0,
  "password": null
}