{
  "id": "gen9championsvgc2026regma-2581592323",
  "format": "[Gen 9 Champions] VGC 2026 Reg M-A",
  "players": [
    "STORM_BOX011",
    "HeHeHoHo123"
  ],
  "log": "|j|\u2606STORM_BOX011\n|j|\u2606HeHeHoHo123\n|t:|1776013516\n|gametype|doubles\n|player|p1|STORM_BOX011|hilbert-wonderlauncher|1103\n|player|p2|HeHeHoHo123|170|1176\n|gen|9\n|tier|[Gen 9 Champions] VGC 2026 Reg M-A\n|rated|\n|rule|Species Clause: Limit one of each Pok\u00e9mon\n|rule|Item Clause: Limit 1 of each item\n|clearpoke\n|poke|p1|Glimmora, L50, M|\n|poke|p1|Incineroar, L50, F|\n|poke|p1|Crabominable, L50, M|\n|poke|p1|Sinistcha-Masterpiece, L50|\n|poke|p1|Pelipper, L50, M|\n|poke|p1|Archaludon, L50, F|\n|poke|p2|Incineroar, L50, F|\n|poke|p2|Whimsicott, L50, M|\n|poke|p2|Charizard, L50, M|\n|poke|p2|Garchomp, L50, M|\n|poke|p2|Tyranitar, L50, F|\n|poke|p2|Rotom-Wash, L50|\n|teampreview|4\n|inactive|Battle timer is ON: inactive players will automatically lose when time's up. (requested by HeHeHoHo123)\n|inactive|HeHeHoHo123 has 60 seconds left.\n|inactive|HeHeHoHo123 has 30 seconds left.\n|inactive|STORM_BOX011 has 60 seconds left.\n|\n|t:|1776013587\n|teamsize|p1|4\n|teamsize|p2|4\n|start\n|switch|p1a: Glimmora|Glimmora, L50, M|100/100\n|switch|p1b: Pelipper|Pelipper, L50, M|100/100\n|switch|p2a: Rotom|Rotom-Wash, L50, shiny|100/100\n|switch|p2b: Charizard|Charizard, L50, M, shiny|100/100\n|-weather|RainDance|[from] ability: Drizzle|[of] p1b: Pelipper\n|turn|1\n|inactive|STORM_BOX011 has 30 seconds left.\n|\n|t:|1776013615\n|switch|p1b: Incineroar|Incineroar, L50, F|100/100\n|-ability|p1b: Incineroar|Intimidate|boost\n|-unboost|p2a: Rotom|atk|1\n|-unboost|p2b: Charizard|atk|1\n|move|p2b: Charizard|Protect|p2b: Charizard\n|-singleturn|p2b: Charizard|Protect\n|move|p1a: Glimmora|Spiky Shield|p1a: Glimmora\n|-singleturn|p1a: Glimmora|move: Protect\n|move|p2a: Rotom|Hydro Pump|p1a: Glimmora\n|-activate|p1a: Glimmora|move: Protect\n|\n|-weather|RainDance|[upkeep]\n|upkeep\n|turn|2\n|\n|t:|1776013631\n|switch|p2b: Tyranitar|Tyranitar, L50, F, shiny|100/100\n|-weather|Sandstorm|[from] ability: Sand Stream|[of] p2b: Tyranitar\n|detailschange|p1a: Glimmora|Glimmora-Mega, L50, M\n|-mega|p1a: Glimmora|Glimmora|Glimmoranite\n|move|p1b: Incineroar|Fake Out|p2a: Rotom\n|-damage|p2a: Rotom|89/100\n|move|p1a: Glimmora|Power Gem|p2b: Tyranitar\n|-damage|p2b: Tyranitar|64/100\n|cant|p2a: Rotom|flinch\n|\n|-weather|Sandstorm|[upkeep]\n|-damage|p2a: Rotom|83/100|[from] Sandstorm\n|-damage|p1b: Incineroar|95/100|[from] Sandstorm\n|upkeep\n|turn|3\n|inactive|HeHeHoHo123 has 30 seconds left.\n|\n|t:|1776013657\n|move|p1a: Glimmora|Earth Power|p2b: Tyranitar\n|-supereffective|p2b: Tyranitar|1\n|-damage|p2b: Tyranitar|22/100\n|move|p2a: Rotom|Hydro Pump|p1a: Glimmora|[miss]\n|-miss|p2a: Rotom|p1a: Glimmora\n|move|p1b: Incineroar|Parting Shot|p2a: Rotom\n|-unboost|p2a: Rotom|atk|1\n|-unboost|p2a: Rotom|spa|1\n|\n|t:|1776013674\n|switch|p1b: Archaludon|Archaludon, L50, F|100/100|[from] Parting Shot\n|move|p2b: Tyranitar|Rock Slide|p1b: Archaludon|[spread] p1a,p1b\n|-resisted|p1b: Archaludon|1\n|-damage|p1a: Glimmora|66/100\n|-damage|p1b: Archaludon|86/100\n|\n|-weather|Sandstorm|[upkeep]\n|-damage|p2a: Rotom|78/100|[from] Sandstorm\n|upkeep\n|turn|4\n|inactive|STORM_BOX011 has 30 seconds left.\n|\n|t:|1776013700\n|move|p2b: Tyranitar|Protect|p2b: Tyranitar\n|-singleturn|p2b: Tyranitar|Protect\n|move|p1a: Glimmora|Sludge Bomb|p2a: Rotom\n|-damage|p2a: Rotom|6/100\n|-enditem|p2a: Rotom|Sitrus Berry|[eat]\n|-heal|p2a: Rotom|31/100|[from] item: Sitrus Berry\n|move|p2a: Rotom|Volt Switch|p1a: Glimmora\n|-damage|p1a: Glimmora|53/100\n|\n|t:|1776013710\n|switch|p2a: Garchomp|Garchomp, L50, M, shiny|100/100|[from] Volt Switch\n|move|p1b: Archaludon|Flash Cannon|p2b: Tyranitar\n|-activate|p2b: Tyranitar|move: Protect\n|\n|-weather|Sandstorm|[upkeep]\n|upkeep\n|turn|5\n|inactive|HeHeHoHo123 has 30 seconds left.\n|inactive|HeHeHoHo123 has 20 seconds left.\n|inactive|HeHeHoHo123 has 15 seconds left.\n|inactive|HeHeHoHo123 has 10 seconds left.\n|\n|t:|1776013756\n|switch|p1a: Pelipper|Pelipper, L50, M|100/100\n|-weather|RainDance|[from] ability: Drizzle|[of] p1a: Pelipper\n|switch|p2b: Rotom|Rotom-Wash, L50, shiny|31/100\n|move|p2a: Garchomp|Protect|p2a: Garchomp\n|-singleturn|p2a: Garchomp|Protect\n|move|p1b: Archaludon|Protect||[still]\n|-fail|p1b: Archaludon\n|\n|-weather|RainDance|[upkeep]\n|upkeep\n|turn|6\n|inactive|HeHeHoHo123 has 30 seconds left.\n|\n|t:|1776013785\n|switch|p2a: Charizard|Charizard, L50, M, shiny|100/100\n|move|p1b: Archaludon|Protect|p1b: Archaludon\n|-singleturn|p1b: Archaludon|Protect\n|move|p2b: Rotom|Thunderbolt|p1a: Pelipper\n|-supereffective|p1a: Pelipper|2\n|-damage|p1a: Pelipper|0 fnt\n|faint|p1a: Pelipper\n|\n|-weather|RainDance|[upkeep]\n|upkeep\n|\n|t:|1776013794\n|switch|p1a: Glimmora|Glimmora-Mega, L50, M|53/100\n|turn|7\n|inactive|STORM_BOX011 has 30 seconds left.\n|inactive|STORM_BOX011 has 20 seconds left.\n|\n|t:|1776013833\n|switch|p2a: Tyranitar|Tyranitar, L50, F, shiny|22/100\n|-weather|Sandstorm|[from] ability: Sand Stream|[of] p2a: Tyranitar\n|move|p1a: Glimmora|Spiky Shield|p1a: Glimmora\n|-singleturn|p1a: Glimmora|move: Protect\n|move|p1b: Archaludon|Protect|p1b: Archaludon\n|-singleturn|p1b: Archaludon|Protect\n|move|p2b: Rotom|Hydro Pump|p1a: Glimmora\n|-activate|p1a: Glimmora|move: Protect\n|\n|-weather|Sandstorm|[upkeep]\n|-damage|p2b: Rotom|25/100|[from] Sandstorm\n|upkeep\n|turn|8\n|inactive|HeHeHoHo123 has 30 seconds left.\n|inactive|HeHeHoHo123 has 20 seconds left.\n|inactive|HeHeHoHo123 has 15 seconds left.\n|inactive|HeHeHoHo123 has 10 seconds left.\n|\n|t:|1776013878\n|switch|p1a: Incineroar|Incineroar, L50, F|95/100\n|-ability|p1a: Incineroar|Intimidate|boost\n|-unboost|p2a: Tyranitar|atk|1\n|-unboost|p2b: Rotom|atk|1\n|move|p2b: Rotom|Hydro Pump|p1a: Incineroar\n|-supereffective|p1a: Incineroar|1\n|-damage|p1a: Incineroar|16/100\n|-enditem|p1a: Incineroar|Sitrus Berry|[eat]\n|-heal|p1a: Incineroar|41/100|[from] item: Sitrus Berry\n|move|p1b: Archaludon|Draco Meteor|p2b: Rotom\n|-damage|p2b: Rotom|0 fnt\n|-unboost|p1b: Archaludon|spa|2\n|faint|p2b: Rotom\n|-enditem|p1b: Archaludon|White Herb\n|-clearnegativeboost|p1b: Archaludon|[silent]\n|move|p2a: Tyranitar|Crunch|p1a: Incineroar\n|-resisted|p1a: Incineroar|1\n|-damage|p1a: Incineroar|26/100\n|\n|-weather|Sandstorm|[upkeep]\n|-damage|p1a: Incineroar|20/100|[from] Sandstorm\n|upkeep\n|\n|t:|1776013899\n|switch|p2b: Charizard|Charizard, L50, M, shiny|100/100\n|turn|9\n|inactive|STORM_BOX011 has 30 seconds left.\n|inactive|STORM_BOX011 has 20 seconds left.\n|inactive|STORM_BOX011 has 15 seconds left.\n|inactive|STORM_BOX011 has 10 seconds left.\n|inactive|STORM_BOX011 has 5 seconds left.\n|\n|t:|1776013954\n|move|p2b: Charizard|Protect|p2b: Charizard\n|-singleturn|p2b: Charizard|Protect\n|move|p1a: Incineroar|Fake Out|p2a: Tyranitar\n|-resisted|p2a: Tyranitar|1\n|-damage|p2a: Tyranitar|18/100\n|move|p1b: Archaludon|Draco Meteor|p2a: Tyranitar|[miss]\n|-miss|p1b: Archaludon|p2a: Tyranitar\n|cant|p2a: Tyranitar|flinch\n|\n|-weather|Sandstorm|[upkeep]\n|-damage|p2b: Charizard|95/100|[from] Sandstorm\n|-damage|p1a: Incineroar|14/100|[from] Sandstorm\n|upkeep\n|turn|10\n|inactive|STORM_BOX011 has 30 seconds left.\n|inactive|STORM_BOX011 has 20 seconds left.\n|inactive|STORM_BOX011 has 15 seconds left.\n|inactive|STORM_BOX011 has 10 seconds left.\n|\n|t:|1776014000\n|detailschange|p2b: Charizard|Charizard-Mega-Y, L50, M, shiny\n|-mega|p2b: Charizard|Charizard|Charizardite Y\n|-weather|SunnyDay|[from] ability: Drought|[of] p2b: Charizard\n|move|p2b: Charizard|Heat Wave|p1b: Archaludon|[spread] p1a\n|-miss|p2b: Charizard|p1b: Archaludon\n|-resisted|p1a: Incineroar|1\n|-damage|p1a: Incineroar|0 fnt\n|faint|p1a: Incineroar\n|move|p1b: Archaludon|Draco Meteor|p2a: Tyranitar\n|-damage|p2a: Tyranitar|0 fnt\n|-unboost|p1b: Archaludon|spa|2\n|faint|p2a: Tyranitar\n|\n|-weather|SunnyDay|[upkeep]\n|upkeep\n|\n|t:|1776014012\n|switch|p1a: Glimmora|Glimmora-Mega, L50, M|53/100\n|switch|p2a: Garchomp|Garchomp, L50, M, shiny|100/100\n|turn|11\n|\n|t:|1776014018\n|move|p1a: Glimmora|Spiky Shield|p1a: Glimmora\n|-singleturn|p1a: Glimmora|move: Protect\n|move|p2a: Garchomp|Earthquake|p1b: Archaludon|[spread] p1b\n|-activate|p1a: Glimmora|move: Protect\n|-immune|p2b: Charizard\n|-supereffective|p1b: Archaludon|1\n|-damage|p1b: Archaludon|24/100\n|move|p2b: Charizard|Weather Ball|p1b: Archaludon\n|-damage|p1b: Archaludon|0 fnt\n|faint|p1b: Archaludon\n|\n|-weather|SunnyDay|[upkeep]\n|upkeep\n|turn|12\n|\n|t:|1776014032\n|move|p2a: Garchomp|Earthquake|p1a: Glimmora|[spread] p1a\n|-immune|p2b: Charizard\n|-supereffective|p1a: Glimmora|2\n|-damage|p1a: Glimmora|0 fnt\n|faint|p1a: Glimmora\n|\n|win|HeHeHoHo123\n|raw|STORM_BOX011's rating: 1103 &rarr; <strong>1083</strong><br />(-20 for losing)\n|raw|HeHeHoHo123's rating: 1176 &rarr; <strong>1196</strong><br />(+20 for winning)\n|l|\u2606STORM_BOX011\n|player|p1|\n",
  "uploadtime": 1776014448,
  "views": 16,
  "formatid": "gen9championsvgc2026regma",
  "rating": 1083,
  "private": 0,
  "password": null
}