{
  "id": "gen9championsvgc2026regma-2582807555",
  "format": "[Gen 9 Champions] VGC 2026 Reg M-A",
  "players": [
    "Ender198",
    "Pokipls"
  ],
  "log": "|j|\u2606Ender198\n|j|\u2606Pokipls\n|t:|1776115622\n|gametype|doubles\n|player|p1|Ender198|170|1362\n|player|p2|Pokipls|2|1372\n|gen|9\n|tier|[Gen 9 Champions] VGC 2026 Reg M-A\n|rated|\n|rule|Species Clause: Limit one of each Pok\u00e9mon\n|rule|Item Clause: Limit 1 of each item\n|clearpoke\n|poke|p1|Aerodactyl, L50, F|\n|poke|p1|Basculegion, L50, M|\n|poke|p1|Sneasler, L50, F|\n|poke|p1|Floette-Eternal, L50, F|\n|poke|p1|Maushold, L50|\n|poke|p1|Kingambit, L50, M|\n|poke|p2|Klefki, L50, M|\n|poke|p2|Floette-Eternal, L50, F|\n|poke|p2|Corviknight, L50, F|\n|poke|p2|Incineroar, L50, F|\n|poke|p2|Sinistcha, L50|\n|poke|p2|Palafin, L50, F|\n|teampreview|4\n|\n|t:|1776115665\n|teamsize|p1|4\n|teamsize|p2|4\n|start\n|switch|p1a: Aerodactyl|Aerodactyl, L50, F|100/100\n|switch|p1b: Kingambit|Kingambit, L50, M|100/100\n|switch|p2a: Klefki|Klefki, L50, M|100/100\n|switch|p2b: Corviknight|Corviknight, L50, F|100/100\n|-ability|p1a: Aerodactyl|Unnerve\n|turn|1\n|\n|t:|1776115691\n|move|p2a: Klefki|Reflect|p2a: Klefki\n|-sidestart|p2: Pokipls|Reflect\n|move|p1a: Aerodactyl|Tailwind|p1a: Aerodactyl\n|-sidestart|p1: Ender198|move: Tailwind\n|move|p1b: Kingambit|Iron Head|p2a: Klefki\n|-damage|p2a: Klefki|69/100\n|move|p2b: Corviknight|Bulk Up|p2b: Corviknight\n|-boost|p2b: Corviknight|atk|1\n|-boost|p2b: Corviknight|def|1\n|\n|upkeep\n|turn|2\n|\n|t:|1776115719\n|move|p2a: Klefki|Thunder Wave|p1a: Aerodactyl\n|-status|p1a: Aerodactyl|par\n|move|p1a: Aerodactyl|Rock Slide|p2b: Corviknight|[spread] p2a,p2b\n|-resisted|p2a: Klefki|1\n|-damage|p2a: Klefki|60/100\n|-damage|p2b: Corviknight|91/100\n|move|p1b: Kingambit|Kowtow Cleave|p2b: Corviknight\n|-damage|p2b: Corviknight|69/100\n|cant|p2b: Corviknight|flinch\n|\n|-heal|p2b: Corviknight|75/100|[from] item: Leftovers\n|upkeep\n|turn|3\n|\n|t:|1776115736\n|move|p1a: Aerodactyl|Rock Slide|p2a: Klefki|[spread] p2a,p2b\n|-resisted|p2a: Klefki|1\n|-damage|p2a: Klefki|52/100\n|-damage|p2b: Corviknight|65/100\n|move|p1b: Kingambit|Kowtow Cleave|p2b: Corviknight\n|-damage|p2b: Corviknight|43/100\n|move|p2a: Klefki|Foul Play|p1a: Aerodactyl\n|-damage|p1a: Aerodactyl|52/100 par\n|cant|p2b: Corviknight|flinch\n|\n|-heal|p2b: Corviknight|49/100|[from] item: Leftovers\n|upkeep\n|turn|4\n|c|\u2606Pokipls|Ain\u2019t no way\n|\n|t:|1776115762\n|move|p2a: Klefki|Light Screen|p2a: Klefki\n|-sidestart|p2: Pokipls|move: Light Screen\n|move|p1a: Aerodactyl|Rock Slide|p2b: Corviknight|[spread] p2a,p2b\n|-resisted|p2a: Klefki|1\n|-damage|p2a: Klefki|43/100\n|-damage|p2b: Corviknight|39/100\n|move|p1b: Kingambit|Kowtow Cleave|p2b: Corviknight\n|-damage|p2b: Corviknight|15/100\n|move|p2b: Corviknight|Roost|p2b: Corviknight\n|-heal|p2b: Corviknight|65/100\n|-singleturn|p2b: Corviknight|move: Roost\n|\n|-heal|p2b: Corviknight|71/100|[from] item: Leftovers\n|-sideend|p1: Ender198|move: Tailwind\n|upkeep\n|turn|5\n|\n|t:|1776115782\n|move|p1a: Aerodactyl|Tailwind|p1a: Aerodactyl\n|-sidestart|p1: Ender198|move: Tailwind\n|move|p1b: Kingambit|Iron Head|p2a: Klefki\n|-damage|p2a: Klefki|13/100\n|move|p2a: Klefki|Foul Play|p1a: Aerodactyl\n|-damage|p1a: Aerodactyl|7/100 par\n|move|p2b: Corviknight|Bulk Up|p2b: Corviknight\n|-boost|p2b: Corviknight|atk|1\n|-boost|p2b: Corviknight|def|1\n|\n|-heal|p2b: Corviknight|77/100|[from] item: Leftovers\n|-sideend|p2: Pokipls|Reflect\n|upkeep\n|turn|6\n|\n|t:|1776115797\n|move|p2a: Klefki|Reflect|p2a: Klefki\n|-sidestart|p2: Pokipls|Reflect\n|cant|p1a: Aerodactyl|par\n|move|p1b: Kingambit|Iron Head|p2a: Klefki\n|-damage|p2a: Klefki|0 fnt\n|faint|p2a: Klefki\n|move|p2b: Corviknight|Iron Head|p1a: Aerodactyl\n|-supereffective|p1a: Aerodactyl|1\n|-damage|p1a: Aerodactyl|0 fnt\n|faint|p1a: Aerodactyl\n|\n|-heal|p2b: Corviknight|83/100|[from] item: Leftovers\n|upkeep\n|\n|t:|1776115810\n|switch|p1a: Floette|Floette-Eternal, L50, F|100/100\n|switch|p2a: Incineroar|Incineroar, L50, F|100/100\n|-ability|p2a: Incineroar|Intimidate|boost\n|-unboost|p1a: Floette|atk|1\n|-unboost|p1b: Kingambit|atk|1\n|-ability|p1b: Kingambit|Defiant|boost\n|-boost|p1b: Kingambit|atk|2\n|turn|7\n|\n|t:|1776115829\n|detailschange|p1a: Floette|Floette-Mega, L50, F\n|-mega|p1a: Floette|Floette|Floettite\n|-ability|p1a: Floette|Fairy Aura\n|move|p2a: Incineroar|Fake Out|p1b: Kingambit\n|-resisted|p1b: Kingambit|1\n|-damage|p1b: Kingambit|95/100\n|move|p1a: Floette|Moonblast|p2a: Incineroar\n|-damage|p2a: Incineroar|48/100\n|cant|p1b: Kingambit|flinch\n|move|p2b: Corviknight|Iron Head|p1a: Floette\n|-supereffective|p1a: Floette|1\n|-damage|p1a: Floette|0 fnt\n|faint|p1a: Floette\n|\n|-heal|p2b: Corviknight|89/100|[from] item: Leftovers\n|upkeep\n|\n|t:|1776115843\n|switch|p1a: Basculegion|Basculegion, L50, M|100/100\n|turn|8\n|\n|t:|1776115852\n|move|p1a: Basculegion|Last Respects|p2b: Corviknight\n|-damage|p2b: Corviknight|61/100\n|move|p1b: Kingambit|Kowtow Cleave|p2b: Corviknight\n|-damage|p2b: Corviknight|37/100\n|move|p2b: Corviknight|Bulk Up|p2b: Corviknight\n|-boost|p2b: Corviknight|atk|1\n|-boost|p2b: Corviknight|def|1\n|move|p2a: Incineroar|Flare Blitz|p1b: Kingambit\n|-supereffective|p1b: Kingambit|1\n|-damage|p1b: Kingambit|0 fnt\n|faint|p1b: Kingambit\n|-damage|p2a: Incineroar|18/100|[from] Recoil\n|\n|-heal|p2b: Corviknight|42/100|[from] item: Leftovers\n|-sideend|p2: Pokipls|move: Light Screen\n|-sideend|p1: Ender198|move: Tailwind\n|upkeep\n|turn|9\n|-message|Ender198 forfeited.\n|\n|win|Pokipls\n|raw|Ender198's rating: 1362 &rarr; <strong>1343</strong><br />(-19 for losing)\n|raw|Pokipls's rating: 1372 &rarr; <strong>1391</strong><br />(+19 for winning)\n|l|\u2606Ender198\n|player|p1|\n|l|\u2606Pokipls\n|player|p2|\n",
  "uploadtime": 1776116013,
  "views": 38,
  "formatid": "gen9championsvgc2026regma",
  "rating": 1343,
  "private": 0,
  "password": null
}