{
  "id": "gen9championsvgc2026regma-2584792140",
  "format": "[Gen 9 Champions] VGC 2026 Reg M-A",
  "players": [
    "isabellissima",
    "Gringo_Fuk"
  ],
  "log": "|j|\u2606isabellissima\n|j|\u2606Gringo_Fuk\n|t:|1776283985\n|gametype|doubles\n|player|p1|isabellissima|2|1059\n|player|p2|Gringo_Fuk|clown|1156\n|gen|9\n|tier|[Gen 9 Champions] VGC 2026 Reg M-A\n|rated|\n|rule|Species Clause: Limit one of each Pok\u00e9mon\n|rule|Item Clause: Limit 1 of each item\n|clearpoke\n|poke|p1|Incineroar, L50, F|\n|poke|p1|Gengar, L50, M|\n|poke|p1|Sneasler, L50, F|\n|poke|p1|Maushold-Four, L50|\n|poke|p1|Kommo-o, L50, M|\n|poke|p1|Politoed, L50, M|\n|poke|p2|Farigiraf, L50, F|\n|poke|p2|Crabominable, L50, M|\n|poke|p2|Drampa, L50, F|\n|poke|p2|Sinistcha-Masterpiece, L50|\n|poke|p2|Clawitzer, L50, M|\n|poke|p2|Bastiodon, L50, F|\n|teampreview|4\n|inactive|Battle timer is ON: inactive players will automatically lose when time's up. (requested by Gringo_Fuk)\n|\n|t:|1776284009\n|teamsize|p1|4\n|teamsize|p2|4\n|start\n|switch|p1a: Incineroar|Incineroar, L50, F, shiny|100/100\n|switch|p1b: Kommo-o|Kommo-o, L50, M, shiny|100/100\n|switch|p2a: Farigiraf|Farigiraf, L50, F|100/100\n|switch|p2b: Bastiodon|Bastiodon, L50, F, shiny|100/100\n|-ability|p1a: Incineroar|Intimidate|boost\n|-unboost|p2a: Farigiraf|atk|1\n|-unboost|p2b: Bastiodon|atk|1\n|turn|1\n|\n|t:|1776284022\n|move|p1b: Kommo-o|Clangorous Soul|p1b: Kommo-o\n|-boost|p1b: Kommo-o|atk|1\n|-boost|p1b: Kommo-o|def|1\n|-boost|p1b: Kommo-o|spa|1\n|-boost|p1b: Kommo-o|spd|1\n|-boost|p1b: Kommo-o|spe|1\n|-damage|p1b: Kommo-o|68/100\n|move|p1a: Incineroar|Throat Chop|p2a: Farigiraf\n|-supereffective|p2a: Farigiraf|1\n|-damage|p2a: Farigiraf|42/100\n|-start|p2a: Farigiraf|Throat Chop|[silent]\n|move|p2b: Bastiodon|Stealth Rock|p1a: Incineroar\n|-sidestart|p1: isabellissima|move: Stealth Rock\n|move|p2a: Farigiraf|Trick Room|p2a: Farigiraf\n|-fieldstart|move: Trick Room|[of] p2a: Farigiraf\n|\n|upkeep\n|turn|2\n|\n|t:|1776284043\n|move|p2b: Bastiodon|Iron Defense|p2b: Bastiodon\n|-boost|p2b: Bastiodon|def|2\n|move|p1a: Incineroar|Throat Chop|p2a: Farigiraf\n|-supereffective|p2a: Farigiraf|1\n|-damage|p2a: Farigiraf|0 fnt\n|faint|p2a: Farigiraf\n|move|p1b: Kommo-o|Aura Sphere|p2b: Bastiodon\n|-supereffective|p2b: Bastiodon|2\n|-ability|p2b: Bastiodon|Sturdy\n|-damage|p2b: Bastiodon|1/100\n|\n|-heal|p2b: Bastiodon|7/100|[from] item: Leftovers\n|upkeep\n|\n|t:|1776284050\n|switch|p2a: Drampa|Drampa, L50, F, shiny|100/100\n|turn|3\n|\n|t:|1776284057\n|detailschange|p2a: Drampa|Drampa-Mega, L50, F, shiny\n|-mega|p2a: Drampa|Drampa|Drampanite\n|move|p1b: Kommo-o|Protect|p1b: Kommo-o\n|-singleturn|p1b: Kommo-o|Protect\n|move|p2b: Bastiodon|Body Press|p1a: Incineroar\n|-supereffective|p1a: Incineroar|1\n|-damage|p1a: Incineroar|0 fnt\n|faint|p1a: Incineroar\n|move|p2a: Drampa|Hyper Voice|p1b: Kommo-o\n|-activate|p1b: Kommo-o|move: Protect\n|\n|-heal|p2b: Bastiodon|13/100|[from] item: Leftovers\n|upkeep\n|\n|t:|1776284067\n|switch|p1a: Sneasler|Sneasler, L50, F|100/100\n|-damage|p1a: Sneasler|95/100|[from] Stealth Rock\n|turn|4\n|\n|t:|1776284084\n|move|p1a: Sneasler|Fake Out|p2a: Drampa\n|-damage|p2a: Drampa|87/100\n|move|p2b: Bastiodon|Body Press|p1b: Kommo-o\n|-damage|p1b: Kommo-o|27/100\n|cant|p2a: Drampa|flinch\n|move|p1b: Kommo-o|Clanging Scales|p2b: Bastiodon|[spread] p2a,p2b\n|-supereffective|p2a: Drampa|1\n|-resisted|p2b: Bastiodon|1\n|-damage|p2a: Drampa|0 fnt\n|-damage|p2b: Bastiodon|0 fnt\n|faint|p2a: Drampa\n|faint|p2b: Bastiodon\n|-unboost|p1b: Kommo-o|def|1\n|\n|upkeep\n|\n|t:|1776284094\n|switch|p2a: Sinistcha|Sinistcha-Masterpiece, L50|100/100\n|turn|5\n|\n|t:|1776284099\n|move|p1a: Sneasler|Protect|p1a: Sneasler\n|-singleturn|p1a: Sneasler|Protect\n|move|p1b: Kommo-o|Protect|p1b: Kommo-o\n|-singleturn|p1b: Kommo-o|Protect\n|move|p2a: Sinistcha|Matcha Gotcha|p1b: Kommo-o|[spread] \n|-activate|p1a: Sneasler|move: Protect\n|-activate|p1b: Kommo-o|move: Protect\n|\n|-fieldend|move: Trick Room\n|upkeep\n|turn|6\n|\n|t:|1776284108\n|move|p1b: Kommo-o|Clanging Scales|p2a: Sinistcha\n|-damage|p2a: Sinistcha|18/100\n|-enditem|p2a: Sinistcha|Sitrus Berry|[eat]\n|-heal|p2a: Sinistcha|42/100|[from] item: Sitrus Berry\n|-unboost|p1b: Kommo-o|def|1\n|move|p1a: Sneasler|Dire Claw|p2a: Sinistcha\n|-damage|p2a: Sinistcha|0 fnt\n|faint|p2a: Sinistcha\n|\n|win|isabellissima\n|raw|isabellissima's rating: 1059 &rarr; <strong>1099</strong><br />(+40 for winning)\n|raw|Gringo_Fuk's rating: 1156 &rarr; <strong>1124</strong><br />(-32 for losing)\n|l|\u2606Gringo_Fuk\n|player|p2|\n",
  "uploadtime": 1776284116,
  "views": 61,
  "formatid": "gen9championsvgc2026regma",
  "rating": 1099,
  "private": 0,
  "password": null
}