{
  "id": "gen9championsvgc2026regma-2586686010",
  "format": "[Gen 9 Champions] VGC 2026 Reg M-A",
  "players": [
    "sleepoligy",
    "Scrunt_Punter"
  ],
  "log": "|j|\u2606sleepoligy\n|j|\u2606Scrunt_Punter\n|t:|1776452119\n|gametype|doubles\n|player|p1|sleepoligy|cheryl|1137\n|player|p2|Scrunt_Punter|nita|1185\n|gen|9\n|tier|[Gen 9 Champions] VGC 2026 Reg M-A\n|rated|\n|rule|Species Clause: Limit one of each Pok\u00e9mon\n|rule|Item Clause: Limit 1 of each item\n|clearpoke\n|poke|p1|Meowscarada, L50, F|\n|poke|p1|Sylveon, L50, F|\n|poke|p1|Basculegion, L50, M|\n|poke|p1|Sneasler, L50, F|\n|poke|p1|Floette-Eternal, L50, F|\n|poke|p1|Maushold-Four, L50|\n|poke|p2|Pelipper, L50, F|\n|poke|p2|Archaludon, L50, M|\n|poke|p2|Kingambit, L50, F|\n|poke|p2|Incineroar, L50, F|\n|poke|p2|Sinistcha, L50|\n|poke|p2|Dragonite, L50, M|\n|teampreview|4\n|inactive|Battle timer is ON: inactive players will automatically lose when time's up. (requested by sleepoligy)\n|inactive|sleepoligy has 60 seconds left.\n|inactive|Scrunt_Punter has 60 seconds left.\n|\n|t:|1776452174\n|teamsize|p1|4\n|teamsize|p2|4\n|start\n|switch|p1a: Meowscarada|Meowscarada, L50, F|100/100\n|switch|p1b: Basculegion|Basculegion, L50, M|100/100\n|switch|p2a: $$$Bridge4Sale$$$|Archaludon, L50, M|100/100\n|switch|p2b: coffee bean|Incineroar, L50, F|100/100\n|-ability|p2b: coffee bean|Intimidate|boost\n|-unboost|p1a: Meowscarada|atk|1\n|-unboost|p1b: Basculegion|atk|1\n|turn|1\n|inactive|sleepoligy has 30 seconds left.\n|\n|t:|1776452203\n|move|p1a: Meowscarada|Protect|p1a: Meowscarada\n|-start|p1a: Meowscarada|typechange|Normal|[from] ability: Protean\n|-singleturn|p1a: Meowscarada|Protect\n|move|p2b: coffee bean|Fake Out|p1a: Meowscarada\n|-activate|p1a: Meowscarada|move: Protect\n|move|p1b: Basculegion|Flip Turn|p2b: coffee bean\n|-supereffective|p2b: coffee bean|1\n|-damage|p2b: coffee bean|51/100\n|\n|t:|1776452219\n|switch|p1b: Floette|Floette-Eternal, L50, F|100/100|[from] Flip Turn\n|move|p2a: $$$Bridge4Sale$$$|Electro Shot||[still]\n|-prepare|p2a: $$$Bridge4Sale$$$|Electro Shot\n|-boost|p2a: $$$Bridge4Sale$$$|spa|1\n|\n|upkeep\n|turn|2\n|inactive|sleepoligy has 30 seconds left.\n|inactive|sleepoligy has 20 seconds left.\n|\n|t:|1776452255\n|detailschange|p1b: Floette|Floette-Mega, L50, F\n|-mega|p1b: Floette|Floette|Floettite\n|-ability|p1b: Floette|Fairy Aura\n|move|p1a: Meowscarada|Shadow Claw|p2b: coffee bean\n|-resisted|p2b: coffee bean|1\n|-damage|p2b: coffee bean|43/100\n|move|p1b: Floette|Calm Mind|p1b: Floette\n|-boost|p1b: Floette|spa|1\n|-boost|p1b: Floette|spd|1\n|move|p2a: $$$Bridge4Sale$$$|Electro Shot|p1b: Floette|[from] lockedmove\n|-damage|p1b: Floette|61/100\n|move|p2b: coffee bean|Parting Shot|p1b: Floette\n|-unboost|p1b: Floette|atk|1\n|-unboost|p1b: Floette|spa|1\n|\n|t:|1776452268\n|switch|p2b: goverment drone|Pelipper, L50, F|100/100|[from] Parting Shot\n|-weather|RainDance|[from] ability: Drizzle|[of] p2b: goverment drone\n|\n|-weather|RainDance|[upkeep]\n|upkeep\n|turn|3\n|\n|t:|1776452286\n|move|p1b: Floette|Protect|p1b: Floette\n|-singleturn|p1b: Floette|Protect\n|move|p2b: goverment drone|Tailwind|p2b: goverment drone\n|-sidestart|p2: Scrunt_Punter|move: Tailwind\n|move|p2a: $$$Bridge4Sale$$$|Steel Beam|p1b: Floette\n|-activate|p1b: Floette|move: Protect\n|-damage|p2a: $$$Bridge4Sale$$$|50/100|[from] steelbeam\n|-enditem|p2a: $$$Bridge4Sale$$$|Sitrus Berry|[eat]\n|-heal|p2a: $$$Bridge4Sale$$$|75/100|[from] item: Sitrus Berry\n|move|p1a: Meowscarada|Trick Room|p1a: Meowscarada\n|-fieldstart|move: Trick Room|[of] p1a: Meowscarada\n|\n|-weather|RainDance|[upkeep]\n|upkeep\n|turn|4\n|inactive|sleepoligy has 30 seconds left.\n|inactive|sleepoligy has 20 seconds left.\n|\n|t:|1776452324\n|move|p2b: goverment drone|Wide Guard|p2b: goverment drone\n|-singleturn|p2b: goverment drone|Wide Guard\n|move|p1b: Floette|Moonblast|p2a: $$$Bridge4Sale$$$\n|-damage|p2a: $$$Bridge4Sale$$$|0 fnt\n|faint|p2a: $$$Bridge4Sale$$$\n|move|p1a: Meowscarada|Flower Trick|p2b: goverment drone\n|-crit|p2b: goverment drone\n|-damage|p2b: goverment drone|52/100\n|\n|-weather|RainDance|[upkeep]\n|upkeep\n|\n|t:|1776452333\n|switch|p2a: Family-Guy|Dragonite, L50, M, shiny|100/100\n|turn|5\n|inactive|sleepoligy has 30 seconds left.\n|\n|t:|1776452361\n|switch|p1b: Basculegion|Basculegion, L50, M|100/100\n|move|p2a: Family-Guy|Protect|p2a: Family-Guy\n|-singleturn|p2a: Family-Guy|Protect\n|move|p1a: Meowscarada|Flower Trick|p2b: goverment drone\n|-crit|p2b: goverment drone\n|-damage|p2b: goverment drone|2/100\n|move|p2b: goverment drone|Hurricane|p1b: Basculegion\n|-damage|p1b: Basculegion|48/100\n|-start|p1b: Basculegion|confusion\n|\n|-weather|RainDance|[upkeep]\n|upkeep\n|turn|6\n|inactive|sleepoligy has 30 seconds left.\n|inactive|Scrunt_Punter has 30 seconds left.\n|inactive|sleepoligy has 20 seconds left.\n|inactive|sleepoligy has 15 seconds left.\n|inactive|sleepoligy has 10 seconds left.\n|\n|t:|1776452408\n|switch|p2b: coffee bean|Incineroar, L50, F|43/100\n|-ability|p2b: coffee bean|Intimidate|boost\n|-unboost|p1a: Meowscarada|atk|1\n|-unboost|p1b: Basculegion|atk|1\n|detailschange|p2a: Family-Guy|Dragonite-Mega, L50, M, shiny\n|-mega|p2a: Family-Guy|Dragonite|Dragoninite\n|-activate|p1b: Basculegion|confusion\n|-damage|p1b: Basculegion|36/100|[from] confusion\n|move|p2a: Family-Guy|Hurricane|p1b: Basculegion\n|-damage|p1b: Basculegion|0 fnt\n|faint|p1b: Basculegion\n|move|p1a: Meowscarada|Trick Room|p1a: Meowscarada\n|-fieldend|move: Trick Room\n|\n|-weather|none\n|-sideend|p2: Scrunt_Punter|move: Tailwind\n|upkeep\n|\n|t:|1776452424\n|switch|p1b: Sylveon|Sylveon, L50, F|100/100\n|turn|7\n|inactive|sleepoligy has 30 seconds left.\n|inactive|Scrunt_Punter has 30 seconds left.\n|inactive|sleepoligy has 20 seconds left.\n|\n|t:|1776452463\n|move|p1a: Meowscarada|Protect|p1a: Meowscarada\n|-singleturn|p1a: Meowscarada|Protect\n|move|p1b: Sylveon|Protect|p1b: Sylveon\n|-singleturn|p1b: Sylveon|Protect\n|move|p2b: coffee bean|Fake Out|p1b: Sylveon\n|-activate|p1b: Sylveon|move: Protect\n|move|p2a: Family-Guy|Hurricane|p1a: Meowscarada\n|-activate|p1a: Meowscarada|move: Protect\n|\n|upkeep\n|turn|8\n|\n|t:|1776452475\n|switch|p2b: goverment drone|Pelipper, L50, F|2/100\n|-weather|RainDance|[from] ability: Drizzle|[of] p2b: goverment drone\n|move|p2a: Family-Guy|Hurricane|p1b: Sylveon\n|-damage|p1b: Sylveon|49/100\n|move|p1b: Sylveon|Hyper Voice|p2a: Family-Guy|[spread] p2a,p2b\n|-supereffective|p2a: Family-Guy|1\n|-damage|p2a: Family-Guy|60/100\n|-damage|p2b: goverment drone|0 fnt\n|faint|p2b: goverment drone\n|move|p1a: Meowscarada|Trick Room|p1a: Meowscarada\n|-fieldstart|move: Trick Room|[of] p1a: Meowscarada\n|\n|-weather|RainDance|[upkeep]\n|upkeep\n|\n|t:|1776452483\n|switch|p2b: coffee bean|Incineroar, L50, F|43/100\n|-ability|p2b: coffee bean|Intimidate|boost\n|-unboost|p1a: Meowscarada|atk|1\n|-unboost|p1b: Sylveon|atk|1\n|turn|9\n|\n|t:|1776452503\n|move|p1b: Sylveon|Protect|p1b: Sylveon\n|-singleturn|p1b: Sylveon|Protect\n|move|p2a: Family-Guy|Protect|p2a: Family-Guy\n|-singleturn|p2a: Family-Guy|Protect\n|move|p1a: Meowscarada|Protect|p1a: Meowscarada\n|-singleturn|p1a: Meowscarada|Protect\n|move|p2b: coffee bean|Snarl|p1a: Meowscarada|[spread] \n|-activate|p1a: Meowscarada|move: Protect\n|-activate|p1b: Sylveon|move: Protect\n|\n|-weather|RainDance|[upkeep]\n|upkeep\n|turn|10\n|\n|t:|1776452521\n|switch|p1a: Floette|Floette-Mega, L50, F|61/100\n|-ability|p1a: Floette|Fairy Aura\n|move|p1b: Sylveon|Hyper Voice|p2b: coffee bean|[spread] p2a,p2b\n|-supereffective|p2a: Family-Guy|1\n|-damage|p2a: Family-Guy|0 fnt\n|-damage|p2b: coffee bean|0 fnt\n|faint|p2a: Family-Guy\n|faint|p2b: coffee bean\n|\n|win|sleepoligy\n|raw|sleepoligy's rating: 1137 &rarr; <strong>1165</strong><br />(+28 for winning)\n|raw|Scrunt_Punter's rating: 1185 &rarr; <strong>1157</strong><br />(-28 for losing)\n|l|\u2606Scrunt_Punter\n|player|p2|\n",
  "uploadtime": 1776452532,
  "views": 37,
  "formatid": "gen9championsvgc2026regma",
  "rating": 1157,
  "private": 0,
  "password": null
}