{
  "id": "gen9championsvgc2026regma-2586181751",
  "format": "[Gen 9 Champions] VGC 2026 Reg M-A",
  "players": [
    "gorpstink",
    "AAAlelele"
  ],
  "log": "|j|\u2606gorpstink\n|j|\u2606AAAlelele\n|t:|1776409363\n|gametype|doubles\n|player|p1|gorpstink|rika|1113\n|player|p2|AAAlelele|ninjaboy|1107\n|gen|9\n|tier|[Gen 9 Champions] VGC 2026 Reg M-A\n|rated|\n|rule|Species Clause: Limit one of each Pok\u00e9mon\n|rule|Item Clause: Limit 1 of each item\n|clearpoke\n|poke|p1|Kleavor, L50, M|\n|poke|p1|Froslass, L50, F|\n|poke|p1|Palafin, L50, M|\n|poke|p1|Sinistcha, L50|\n|poke|p1|Incineroar, L50, M|\n|poke|p1|Sneasler, L50, F|\n|poke|p2|Floette-Eternal, L50, F|\n|poke|p2|Sneasler, L50, M|\n|poke|p2|Kingambit, L50, F|\n|poke|p2|Farigiraf, L50, F|\n|poke|p2|Camerupt, L50, M|\n|poke|p2|Rotom-Heat, L50|\n|teampreview|4\n|\n|t:|1776409412\n|teamsize|p1|4\n|teamsize|p2|4\n|start\n|switch|p1a: Kleavor|Kleavor, L50, M|100/100\n|switch|p1b: Froslass|Froslass, L50, F|100/100\n|switch|p2a: Sneasler|Sneasler, L50, M|100/100\n|switch|p2b: Farigiraf|Farigiraf, L50, F|100/100\n|turn|1\n|\n|t:|1776409428\n|detailschange|p1b: Froslass|Froslass-Mega, L50, F\n|-mega|p1b: Froslass|Froslass|Froslassite\n|-weather|Snowscape|[from] ability: Snow Warning|[of] p1b: Froslass\n|move|p2a: Sneasler|Fake Out|p1a: Kleavor\n|-resisted|p1a: Kleavor|1\n|-damage|p1a: Kleavor|92/100\n|cant|p1a: Kleavor|flinch\n|move|p1b: Froslass|Blizzard|p2a: Sneasler|[spread] p2a,p2b\n|-damage|p2a: Sneasler|41/100\n|-damage|p2b: Farigiraf|54/100\n|move|p2b: Farigiraf|Psychic|p1a: Kleavor\n|-damage|p1a: Kleavor|22/100\n|-unboost|p1a: Kleavor|spd|1\n|\n|-weather|Snowscape|[upkeep]\n|upkeep\n|turn|2\n|\n|t:|1776409454\n|switch|p2b: Rotom|Rotom-Heat, L50|100/100\n|move|p1a: Kleavor|U-turn|p2b: Rotom\n|-resisted|p2b: Rotom|1\n|-damage|p2b: Rotom|75/100\n|\n|t:|1776409464\n|switch|p1a: Sneasler|Sneasler, L50, F|100/100|[from] U-turn\n|move|p2a: Sneasler|U-turn|p1b: Froslass\n|-resisted|p1b: Froslass|1\n|-damage|p1b: Froslass|89/100\n|\n|t:|1776409470\n|switch|p2a: Farigiraf|Farigiraf, L50, F|54/100|[from] U-turn\n|move|p1b: Froslass|Blizzard|p2b: Rotom|[spread] p2a,p2b\n|-resisted|p2b: Rotom|1\n|-damage|p2a: Farigiraf|8/100\n|-damage|p2b: Rotom|42/100\n|\n|-weather|Snowscape|[upkeep]\n|upkeep\n|turn|3\n|\n|t:|1776409489\n|move|p2b: Rotom|Overheat|p1b: Froslass\n|-supereffective|p1b: Froslass|1\n|-damage|p1b: Froslass|0 fnt\n|-unboost|p2b: Rotom|spa|2\n|faint|p1b: Froslass\n|move|p1a: Sneasler|Close Combat|p2b: Rotom\n|-damage|p2b: Rotom|0 fnt\n|-unboost|p1a: Sneasler|def|1\n|-unboost|p1a: Sneasler|spd|1\n|faint|p2b: Rotom\n|move|p2a: Farigiraf|Psychic|p1a: Sneasler\n|-supereffective|p1a: Sneasler|2\n|-enditem|p1a: Sneasler|Focus Sash\n|-damage|p1a: Sneasler|1/100\n|\n|-weather|Snowscape|[upkeep]\n|upkeep\n|\n|t:|1776409504\n|switch|p1b: Kleavor|Kleavor, L50, M|22/100\n|switch|p2b: Sneasler|Sneasler, L50, M|41/100\n|turn|4\n|\n|t:|1776409530\n|switch|p1b: Incineroar|Incineroar, L50, M|100/100\n|-ability|p1b: Incineroar|Intimidate|boost\n|-unboost|p2a: Farigiraf|atk|1\n|-unboost|p2b: Sneasler|atk|1\n|-enditem|p2b: Sneasler|White Herb\n|-clearnegativeboost|p2b: Sneasler|[silent]\n|move|p1a: Sneasler|Protect|p1a: Sneasler\n|-singleturn|p1a: Sneasler|Protect\n|move|p2b: Sneasler|Close Combat|p1b: Incineroar\n|-supereffective|p1b: Incineroar|1\n|-enditem|p1b: Incineroar|Chople Berry|[eat]\n|-enditem|p1b: Incineroar|Chople Berry|[weaken]\n|-damage|p1b: Incineroar|46/100\n|-unboost|p2b: Sneasler|def|1\n|-unboost|p2b: Sneasler|spd|1\n|move|p2a: Farigiraf|Trick Room|p2a: Farigiraf\n|-fieldstart|move: Trick Room|[of] p2a: Farigiraf\n|\n|-weather|Snowscape|[upkeep]\n|upkeep\n|turn|5\n|\n|t:|1776409578\n|move|p2a: Farigiraf|Hyper Voice|p1a: Sneasler|[spread] p1a,p1b\n|-damage|p1a: Sneasler|0 fnt\n|-damage|p1b: Incineroar|11/100\n|faint|p1a: Sneasler\n|move|p1b: Incineroar|Flare Blitz|p2b: Sneasler\n|-damage|p2b: Sneasler|0 fnt\n|faint|p2b: Sneasler\n|-damage|p1b: Incineroar|1/100|[from] Recoil\n|\n|-weather|none\n|upkeep\n|\n|t:|1776409583\n|switch|p1a: Kleavor|Kleavor, L50, M|22/100\n|switch|p2b: Floette|Floette-Eternal, L50, F|100/100\n|turn|6\n|\n|t:|1776409589\n|detailschange|p2b: Floette|Floette-Mega, L50, F\n|-mega|p2b: Floette|Floette|Floettite\n|-ability|p2b: Floette|Fairy Aura\n|move|p2a: Farigiraf|Hyper Voice|p1b: Incineroar|[spread] p1a,p1b\n|-resisted|p1a: Kleavor|1\n|-damage|p1a: Kleavor|0 fnt\n|-damage|p1b: Incineroar|0 fnt\n|faint|p1a: Kleavor\n|faint|p1b: Incineroar\n|\n|win|AAAlelele\n|raw|gorpstink's rating: 1113 &rarr; <strong>1088</strong><br />(-25 for losing)\n|raw|AAAlelele's rating: 1107 &rarr; <strong>1132</strong><br />(+25 for winning)\n|l|\u2606gorpstink\n|player|p1|\n",
  "uploadtime": 1776409894,
  "views": 17,
  "formatid": "gen9championsvgc2026regma",
  "rating": 1088,
  "private": 0,
  "password": null
}