{
  "id": "gen9championsvgc2026regma-2584940184",
  "format": "[Gen 9 Champions] VGC 2026 Reg M-A",
  "players": [
    "Sroth24",
    "Jeragua"
  ],
  "log": "|j|\u2606Sroth24\n|j|\u2606Jeragua\n|t:|1776296465\n|gametype|doubles\n|player|p1|Sroth24|265|1218\n|player|p2|Jeragua|swimmer|1240\n|gen|9\n|tier|[Gen 9 Champions] VGC 2026 Reg M-A\n|rated|\n|rule|Species Clause: Limit one of each Pok\u00e9mon\n|rule|Item Clause: Limit 1 of each item\n|clearpoke\n|poke|p1|Tyranitar, L50, M|\n|poke|p1|Garchomp, L50, F|\n|poke|p1|Corviknight, L50, M|\n|poke|p1|Milotic, L50, F|\n|poke|p1|Sneasler, L50, F|\n|poke|p1|Sinistcha, L50|\n|poke|p2|Scovillain, L50, M|\n|poke|p2|Incineroar, L50, F|\n|poke|p2|Farigiraf, L50, F|\n|poke|p2|Gallade, L50, M|\n|poke|p2|Kingambit, L50, F|\n|poke|p2|Pelipper, L50, M|\n|teampreview|4\n|inactive|Battle timer is ON: inactive players will automatically lose when time's up. (requested by Jeragua)\n|\n|t:|1776296494\n|teamsize|p1|4\n|teamsize|p2|4\n|start\n|switch|p1a: Tyranitar|Tyranitar, L50, M|100/100\n|switch|p1b: Milotic|Milotic, L50, F|100/100\n|switch|p2a: Scovillain|Scovillain, L50, M|100/100\n|switch|p2b: Farigiraf|Farigiraf, L50, F|100/100\n|-weather|Sandstorm|[from] ability: Sand Stream|[of] p1a: Tyranitar\n|turn|1\n|\n|t:|1776296508\n|detailschange|p1a: Tyranitar|Tyranitar-Mega, L50, M\n|-mega|p1a: Tyranitar|Tyranitar|Tyranitarite\n|detailschange|p2a: Scovillain|Scovillain-Mega, L50, M\n|-mega|p2a: Scovillain|Scovillain|Scovillainite\n|move|p2a: Scovillain|Rage Powder|p2a: Scovillain\n|-singleturn|p2a: Scovillain|move: Rage Powder\n|move|p1a: Tyranitar|Dragon Dance|p1a: Tyranitar\n|-boost|p1a: Tyranitar|atk|1\n|-boost|p1a: Tyranitar|spe|1\n|move|p1b: Milotic|Coil|p1b: Milotic\n|-boost|p1b: Milotic|atk|1\n|-boost|p1b: Milotic|def|1\n|-boost|p1b: Milotic|accuracy|1\n|move|p2b: Farigiraf|Trick Room|p2b: Farigiraf\n|-fieldstart|move: Trick Room|[of] p2b: Farigiraf\n|\n|-weather|Sandstorm|[upkeep]\n|-damage|p2b: Farigiraf|94/100|[from] Sandstorm\n|-damage|p2a: Scovillain|95/100|[from] Sandstorm\n|-damage|p1b: Milotic|95/100|[from] Sandstorm\n|-heal|p1b: Milotic|100/100|[from] item: Leftovers\n|upkeep\n|turn|2\n|\n|t:|1776296530\n|move|p2a: Scovillain|Rage Powder|p2a: Scovillain\n|-singleturn|p2a: Scovillain|move: Rage Powder\n|move|p2b: Farigiraf|Nasty Plot|p2b: Farigiraf\n|-boost|p2b: Farigiraf|spa|2\n|move|p1b: Milotic|Hypnosis|p2a: Scovillain\n|-status|p2a: Scovillain|slp|[from] move: Hypnosis\n|move|p1a: Tyranitar|Rock Slide|p2b: Farigiraf|[spread] p2a,p2b\n|-supereffective|p2a: Scovillain|1\n|-damage|p2a: Scovillain|0 fnt\n|-damage|p2b: Farigiraf|49/100\n|-status|p1a: Tyranitar|brn|[from] ability: Spicy Spray|[of] p2a: Scovillain\n|-enditem|p2b: Farigiraf|Sitrus Berry|[eat]\n|-heal|p2b: Farigiraf|74/100|[from] item: Sitrus Berry\n|faint|p2a: Scovillain\n|\n|-weather|Sandstorm|[upkeep]\n|-damage|p2b: Farigiraf|68/100|[from] Sandstorm\n|-damage|p1b: Milotic|95/100|[from] Sandstorm\n|-heal|p1b: Milotic|100/100|[from] item: Leftovers\n|-damage|p1a: Tyranitar|95/100 brn|[from] brn\n|upkeep\n|\n|t:|1776296551\n|switch|p2a: Gallade|Gallade, L50, M|100/100\n|turn|3\n|\n|t:|1776296560\n|move|p1a: Tyranitar|Protect|p1a: Tyranitar\n|-singleturn|p1a: Tyranitar|Protect\n|move|p2b: Farigiraf|Psychic|p1b: Milotic\n|-damage|p1b: Milotic|47/100\n|move|p2a: Gallade|Sacred Sword|p1a: Tyranitar\n|-activate|p1a: Tyranitar|move: Protect\n|move|p1b: Milotic|Hypnosis|p2b: Farigiraf|[miss]\n|-miss|p1b: Milotic|p2b: Farigiraf\n|\n|-weather|Sandstorm|[upkeep]\n|-damage|p2b: Farigiraf|62/100|[from] Sandstorm\n|-damage|p2a: Gallade|95/100|[from] Sandstorm\n|-damage|p1b: Milotic|41/100|[from] Sandstorm\n|-heal|p1b: Milotic|47/100|[from] item: Leftovers\n|-damage|p1a: Tyranitar|89/100 brn|[from] brn\n|upkeep\n|turn|4\n|\n|t:|1776296579\n|switch|p1a: Sinistcha|Sinistcha, L50|100/100\n|-heal|p1b: Milotic|72/100|[from] ability: Hospitality|[of] p1a: Sinistcha\n|move|p2b: Farigiraf|Psychic|p1b: Milotic\n|-damage|p1b: Milotic|18/100\n|move|p2a: Gallade|Sacred Sword|p1a: Sinistcha\n|-immune|p1a: Sinistcha\n|move|p1b: Milotic|Hypnosis|p2b: Farigiraf|[miss]\n|-miss|p1b: Milotic|p2b: Farigiraf\n|\n|-weather|Sandstorm|[upkeep]\n|-damage|p2b: Farigiraf|56/100|[from] Sandstorm\n|-damage|p2a: Gallade|89/100|[from] Sandstorm\n|-damage|p1a: Sinistcha|94/100|[from] Sandstorm\n|-damage|p1b: Milotic|12/100|[from] Sandstorm\n|-heal|p1b: Milotic|18/100|[from] item: Leftovers\n|upkeep\n|turn|5\n|inactive|Sroth24 has 30 seconds left.\n|\n|t:|1776296604\n|move|p1a: Sinistcha|Rage Powder|p1a: Sinistcha\n|-singleturn|p1a: Sinistcha|move: Rage Powder\n|move|p2b: Farigiraf|Psychic|p1a: Sinistcha\n|-damage|p1a: Sinistcha|10/100\n|-enditem|p1a: Sinistcha|Sitrus Berry|[eat]\n|-heal|p1a: Sinistcha|35/100|[from] item: Sitrus Berry\n|move|p2a: Gallade|Sacred Sword|p1a: Sinistcha\n|-immune|p1a: Sinistcha\n|move|p1b: Milotic|Hypnosis|p2b: Farigiraf|[miss]\n|-miss|p1b: Milotic|p2b: Farigiraf\n|\n|-weather|none\n|-heal|p1b: Milotic|24/100|[from] item: Leftovers\n|-fieldend|move: Trick Room\n|upkeep\n|turn|6\n|inactive|Sroth24 has 30 seconds left.\n|\n|t:|1776296633\n|move|p1a: Sinistcha|Rage Powder|p1a: Sinistcha\n|-singleturn|p1a: Sinistcha|move: Rage Powder\n|move|p1b: Milotic|Hypnosis|p2b: Farigiraf|[miss]\n|-miss|p1b: Milotic|p2b: Farigiraf\n|move|p2a: Gallade|Psycho Cut|p1a: Sinistcha\n|-damage|p1a: Sinistcha|0 fnt\n|faint|p1a: Sinistcha\n|move|p2b: Farigiraf|Trick Room|p2b: Farigiraf\n|-fieldstart|move: Trick Room|[of] p2b: Farigiraf\n|\n|-heal|p1b: Milotic|30/100|[from] item: Leftovers\n|upkeep\n|-message|Sroth24 forfeited.\n|\n|win|Jeragua\n|raw|Sroth24's rating: 1218 &rarr; <strong>1195</strong><br />(-23 for losing)\n|raw|Jeragua's rating: 1240 &rarr; <strong>1263</strong><br />(+23 for winning)\n|l|\u2606Sroth24\n|player|p1|\n",
  "uploadtime": 1776296654,
  "views": 18,
  "formatid": "gen9championsvgc2026regma",
  "rating": 1195,
  "private": 0,
  "password": null
}