{
  "id": "gen9championsvgc2026regma-2581425165",
  "format": "[Gen 9 Champions] VGC 2026 Reg M-A",
  "players": [
    "problemouche",
    "Celentinel"
  ],
  "log": "|j|\u2606problemouche\n|j|\u2606Celentinel\n|t:|1775999102\n|gametype|doubles\n|player|p1|problemouche|266|1060\n|player|p2|Celentinel|2|1127\n|gen|9\n|tier|[Gen 9 Champions] VGC 2026 Reg M-A\n|rated|\n|rule|Species Clause: Limit one of each Pok\u00e9mon\n|rule|Item Clause: Limit 1 of each item\n|clearpoke\n|poke|p1|Meganium, L50, F|\n|poke|p1|Pelipper, L50, F|\n|poke|p1|Archaludon, L50, F|\n|poke|p1|Basculegion-F, L50, F|\n|poke|p1|Incineroar, L50, F|\n|poke|p1|Sinistcha, L50|\n|poke|p2|Pelipper, L50, F|\n|poke|p2|Archaludon, L50, M|\n|poke|p2|Sinistcha, L50|\n|poke|p2|Meganium, L50, F|\n|teampreview|4\n|inactive|Battle timer is ON: inactive players will automatically lose when time's up. (requested by Celentinel)\n|inactive|problemouche has 60 seconds left.\n|\n|t:|1775999150\n|teamsize|p1|4\n|teamsize|p2|4\n|start\n|switch|p1a: Pelipper|Pelipper, L50, F|100/100\n|switch|p1b: Archaludon|Archaludon, L50, F|100/100\n|switch|p2a: Pelipper|Pelipper, L50, F|100/100\n|switch|p2b: Archaludon|Archaludon, L50, M|100/100\n|-weather|RainDance|[from] ability: Drizzle|[of] p2a: Pelipper\n|turn|1\n|c|\u2606Celentinel|Ball knows ball\n|inactive|problemouche has 30 seconds left.\n|\n|t:|1775999176\n|move|p2a: Pelipper|Tailwind|p2a: Pelipper\n|-sidestart|p2: Celentinel|move: Tailwind\n|move|p2b: Archaludon|Electro Shot||[still]\n|-prepare|p2b: Archaludon|Electro Shot\n|-boost|p2b: Archaludon|spa|1\n|-anim|p2b: Archaludon|Electro Shot|p1a: Pelipper\n|-supereffective|p1a: Pelipper|2\n|-damage|p1a: Pelipper|0 fnt\n|faint|p1a: Pelipper\n|move|p1b: Archaludon|Aura Sphere|p2b: Archaludon\n|-supereffective|p2b: Archaludon|1\n|-damage|p2b: Archaludon|37/100\n|-ability|p2b: Archaludon|Stamina|boost\n|-boost|p2b: Archaludon|def|1\n|\n|-weather|RainDance|[upkeep]\n|-heal|p2b: Archaludon|43/100|[from] item: Leftovers\n|upkeep\n|\n|t:|1775999199\n|switch|p1a: Sinistcha|Sinistcha, L50|100/100\n|turn|2\n|\n|t:|1775999213\n|switch|p2a: Sinistcha|Sinistcha, L50|100/100\n|-heal|p2b: Archaludon|68/100|[from] ability: Hospitality|[of] p2a: Sinistcha\n|move|p2b: Archaludon|Protect|p2b: Archaludon\n|-singleturn|p2b: Archaludon|Protect\n|move|p1b: Archaludon|Electro Shot||[still]\n|-prepare|p1b: Archaludon|Electro Shot\n|-boost|p1b: Archaludon|spa|1\n|-anim|p1b: Archaludon|Electro Shot|p2a: Sinistcha\n|-resisted|p2a: Sinistcha|1\n|-damage|p2a: Sinistcha|69/100\n|move|p1a: Sinistcha|Trick Room|p1a: Sinistcha\n|-fieldstart|move: Trick Room|[of] p1a: Sinistcha\n|\n|-weather|RainDance|[upkeep]\n|-heal|p2b: Archaludon|74/100|[from] item: Leftovers\n|upkeep\n|turn|3\n|inactive|problemouche has 30 seconds left.\n|\n|t:|1775999246\n|move|p2a: Sinistcha|Rage Powder|p2a: Sinistcha\n|-singleturn|p2a: Sinistcha|move: Rage Powder\n|move|p1a: Sinistcha|Imprison|p1a: Sinistcha\n|-start|p1a: Sinistcha|move: Imprison\n|move|p1b: Archaludon|Aura Sphere|p2a: Sinistcha\n|-immune|p2a: Sinistcha\n|move|p2b: Archaludon|Draco Meteor|p1b: Archaludon\n|-damage|p1b: Archaludon|0 fnt\n|-unboost|p2b: Archaludon|spa|2\n|faint|p1b: Archaludon\n|\n|-weather|RainDance|[upkeep]\n|-heal|p2b: Archaludon|80/100|[from] item: Leftovers\n|upkeep\n|\n|t:|1775999261\n|switch|p1b: Meganium|Meganium, L50, F|100/100\n|turn|4\n|\n|t:|1775999278\n|detailschange|p1b: Meganium|Meganium-Mega, L50, F\n|-mega|p1b: Meganium|Meganium|Meganiumite\n|move|p1a: Sinistcha|Matcha Gotcha|p2a: Sinistcha|[spread] p2a,p2b\n|-resisted|p2a: Sinistcha|1\n|-resisted|p2b: Archaludon|2\n|-damage|p2a: Sinistcha|59/100\n|-damage|p2b: Archaludon|74/100\n|-status|p2a: Sinistcha|brn\n|-status|p2b: Archaludon|brn\n|-ability|p2b: Archaludon|Stamina|boost\n|-boost|p2b: Archaludon|def|1\n|move|p1b: Meganium|Earth Power|p2b: Archaludon\n|-supereffective|p2b: Archaludon|1\n|-damage|p2b: Archaludon|0 fnt\n|faint|p2b: Archaludon\n|move|p2a: Sinistcha|Life Dew|p2a: Sinistcha\n|-heal|p2a: Sinistcha|84/100 brn\n|\n|-weather|RainDance|[upkeep]\n|-damage|p2a: Sinistcha|78/100 brn|[from] brn\n|-sideend|p2: Celentinel|move: Tailwind\n|upkeep\n|c|\u2606Celentinel|Brutha\n|\n|t:|1775999301\n|switch|p2b: Meganium|Meganium, L50, F|100/100\n|turn|5\n|\n|t:|1775999321\n|detailschange|p2b: Meganium|Meganium-Mega, L50, F\n|-mega|p2b: Meganium|Meganium|Meganiumite\n|move|p1b: Meganium|Protect|p1b: Meganium\n|-singleturn|p1b: Meganium|Protect\n|move|p2a: Sinistcha|Rage Powder|p2a: Sinistcha\n|-singleturn|p2a: Sinistcha|move: Rage Powder\n|move|p1a: Sinistcha|Matcha Gotcha|p2a: Sinistcha|[spread] p2a,p2b\n|-resisted|p2a: Sinistcha|1\n|-resisted|p2b: Meganium|1\n|-damage|p2a: Sinistcha|66/100 brn\n|-damage|p2b: Meganium|90/100\n|move|p2b: Meganium|Weather Ball|p1b: Meganium\n|-activate|p1b: Meganium|move: Protect\n|\n|-weather|none\n|-damage|p2a: Sinistcha|60/100 brn|[from] brn\n|upkeep\n|turn|6\n|inactive|problemouche has 30 seconds left.\n|inactive|problemouche has 20 seconds left.\n|\n|t:|1775999359\n|move|p2a: Sinistcha|Rage Powder|p2a: Sinistcha\n|-singleturn|p2a: Sinistcha|move: Rage Powder\n|move|p1a: Sinistcha|Matcha Gotcha|p2b: Meganium|[spread] p2a\n|-miss|p1a: Sinistcha|p2b: Meganium\n|-resisted|p2a: Sinistcha|1\n|-damage|p2a: Sinistcha|49/100 brn\n|-enditem|p2a: Sinistcha|Sitrus Berry|[eat]\n|-heal|p2a: Sinistcha|74/100 brn|[from] item: Sitrus Berry\n|move|p1b: Meganium|Weather Ball|p2a: Sinistcha\n|-supereffective|p2a: Sinistcha|1\n|-damage|p2a: Sinistcha|0 fnt\n|faint|p2a: Sinistcha\n|move|p2b: Meganium|Weather Ball|p1b: Meganium\n|-supereffective|p1b: Meganium|1\n|-damage|p1b: Meganium|0 fnt\n|faint|p1b: Meganium\n|\n|-fieldend|move: Trick Room\n|upkeep\n|\n|t:|1775999371\n|switch|p2a: Pelipper|Pelipper, L50, F|100/100\n|-weather|RainDance|[from] ability: Drizzle|[of] p2a: Pelipper\n|turn|7\n|\n|t:|1775999392\n|move|p2a: Pelipper|Hurricane|p1a: Sinistcha\n|-supereffective|p1a: Sinistcha|1\n|-damage|p1a: Sinistcha|9/100\n|move|p2b: Meganium|Weather Ball|p1a: Sinistcha\n|-supereffective|p1a: Sinistcha|1\n|-activate|p1a: Sinistcha|item: Focus Band\n|-damage|p1a: Sinistcha|1/100\n|move|p1a: Sinistcha|Matcha Gotcha|p2a: Pelipper|[spread] p2a,p2b\n|-resisted|p2b: Meganium|1\n|-damage|p2a: Pelipper|60/100\n|-heal|p1a: Sinistcha|16/100|[from] drain|[of] p2a: Pelipper\n|-damage|p2b: Meganium|80/100\n|-heal|p1a: Sinistcha|22/100|[from] drain|[of] p2b: Meganium\n|-status|p2a: Pelipper|brn\n|-status|p2b: Meganium|brn\n|\n|-weather|RainDance|[upkeep]\n|-damage|p2a: Pelipper|55/100 brn|[from] brn\n|-damage|p2b: Meganium|74/100 brn|[from] brn\n|upkeep\n|turn|8\n|inactive|Celentinel has 30 seconds left.\n|\n|t:|1775999424\n|move|p2a: Pelipper|Hurricane|p1a: Sinistcha\n|-supereffective|p1a: Sinistcha|1\n|-damage|p1a: Sinistcha|0 fnt\n|faint|p1a: Sinistcha\n|\n|win|Celentinel\n|raw|problemouche's rating: 1060 &rarr; <strong>1045</strong><br />(-15 for losing)\n|raw|Celentinel's rating: 1127 &rarr; <strong>1147</strong><br />(+20 for winning)\n|c|\u2606problemouche|ggs\n",
  "uploadtime": 1775999442,
  "views": 39,
  "formatid": "gen9championsvgc2026regma",
  "rating": 1045,
  "private": 0,
  "password": null
}