{
  "id": "gen9championsvgc2026regma-2583969853",
  "format": "[Gen 9 Champions] VGC 2026 Reg M-A",
  "players": [
    "Xcelvgc",
    "Jaack22"
  ],
  "log": "|j|\u2606Xcelvgc\n|j|\u2606Jaack22\n|t:|1776212857\n|gametype|doubles\n|player|p1|Xcelvgc|266|1107\n|player|p2|Jaack22|1|1121\n|gen|9\n|tier|[Gen 9 Champions] VGC 2026 Reg M-A\n|rated|\n|rule|Species Clause: Limit one of each Pok\u00e9mon\n|rule|Item Clause: Limit 1 of each item\n|clearpoke\n|poke|p1|Charizard, L50, F|\n|poke|p1|Venusaur, L50, M|\n|poke|p1|Archaludon, L50, F|\n|poke|p1|Sneasler, L50, F|\n|poke|p1|Milotic, L50, F|\n|poke|p1|Whimsicott, L50, F|\n|poke|p2|Gardevoir, L50, F|\n|poke|p2|Garchomp, L50, M|\n|poke|p2|Tyranitar, L50, M|\n|poke|p2|Talonflame, L50, F|\n|poke|p2|Incineroar, L50, M|\n|poke|p2|Clefable, L50, F|\n|teampreview|4\n|inactive|Battle timer is ON: inactive players will automatically lose when time's up. (requested by Jaack22)\n|inactive|Xcelvgc has 60 seconds left.\nJaack22 has agreed to open team sheets.\n|inactive|Xcelvgc has 30 seconds left.\n|\n|t:|1776212924\n|teamsize|p1|4\n|teamsize|p2|4\n|start\n|switch|p1a: Sneasler|Sneasler, L50, F|100/100\n|switch|p1b: Whimsicott|Whimsicott, L50, F|100/100\n|switch|p2a: Tyranitar|Tyranitar, L50, M|100/100\n|switch|p2b: Gardevoir|Gardevoir, L50, F|100/100\n|-weather|Sandstorm|[from] ability: Sand Stream|[of] p2a: Tyranitar\n|turn|1\n|inactive|Jaack22 has 30 seconds left.\n|\n|t:|1776212952\n|move|p1a: Sneasler|Fake Out|p2b: Gardevoir\n|-damage|p2b: Gardevoir|82/100\n|move|p1b: Whimsicott|Tailwind|p1b: Whimsicott\n|-sidestart|p1: Xcelvgc|move: Tailwind\n|move|p2a: Tyranitar|Earthquake|p1b: Whimsicott|[spread] p1a,p1b\n|-activate|p2b: Gardevoir|ability: Telepathy\n|-supereffective|p1a: Sneasler|1\n|-resisted|p1b: Whimsicott|1\n|-damage|p1a: Sneasler|9/100\n|-damage|p1b: Whimsicott|82/100\n|cant|p2b: Gardevoir|flinch\n|\n|-weather|Sandstorm|[upkeep]\n|-damage|p1a: Sneasler|3/100|[from] Sandstorm\n|-damage|p1b: Whimsicott|76/100|[from] Sandstorm\n|-damage|p2b: Gardevoir|76/100|[from] Sandstorm\n|upkeep\n|turn|2\n|inactive|Xcelvgc has 30 seconds left.\n|inactive|Xcelvgc has 20 seconds left.\n|inactive|Xcelvgc has 15 seconds left.\n|inactive|Xcelvgc has 10 seconds left.\n|inactive|Xcelvgc has 5 seconds left.\n|\n|t:|1776213002\n|switch|p1a: Charizard|Charizard, L50, F|100/100\n|move|p1b: Whimsicott|Moonblast|p2b: Gardevoir\n|-damage|p2b: Gardevoir|46/100\n|move|p2a: Tyranitar|Earthquake|p1b: Whimsicott|[spread] p1b\n|-activate|p2b: Gardevoir|ability: Telepathy\n|-immune|p1a: Charizard\n|-resisted|p1b: Whimsicott|1\n|-damage|p1b: Whimsicott|57/100\n|move|p2b: Gardevoir|Trick Room|p2b: Gardevoir\n|-fieldstart|move: Trick Room|[of] p2b: Gardevoir\n|\n|-weather|Sandstorm|[upkeep]\n|-damage|p2b: Gardevoir|40/100|[from] Sandstorm\n|-damage|p1a: Charizard|95/100|[from] Sandstorm\n|-damage|p1b: Whimsicott|52/100|[from] Sandstorm\n|upkeep\n|turn|3\n|inactive|Jaack22 has 30 seconds left.\n|\n|t:|1776213028\n|move|p1a: Charizard|Protect|p1a: Charizard\n|-singleturn|p1a: Charizard|Protect\n|move|p1b: Whimsicott|Encore|p2b: Gardevoir\n|-start|p2b: Gardevoir|Encore\n|move|p2a: Tyranitar|Thunder Punch|p1a: Charizard\n|-activate|p1a: Charizard|move: Protect\n|move|p2b: Gardevoir|Trick Room|p2b: Gardevoir\n|-fieldend|move: Trick Room\n|\n|-weather|Sandstorm|[upkeep]\n|-damage|p1b: Whimsicott|46/100|[from] Sandstorm\n|-damage|p1a: Charizard|89/100|[from] Sandstorm\n|-damage|p2b: Gardevoir|34/100|[from] Sandstorm\n|upkeep\n|turn|4\n|\n|t:|1776213051\n|detailschange|p1a: Charizard|Charizard-Mega-X, L50, F\n|-mega|p1a: Charizard|Charizard|Charizardite X\n|move|p1b: Whimsicott|Moonblast|p2a: Tyranitar\n|-supereffective|p2a: Tyranitar|1\n|-damage|p2a: Tyranitar|59/100\n|move|p1a: Charizard|Flare Blitz|p2b: Gardevoir\n|-damage|p2b: Gardevoir|0 fnt\n|faint|p2b: Gardevoir\n|-damage|p1a: Charizard|79/100|[from] Recoil\n|move|p2a: Tyranitar|Thunder Punch|p1a: Charizard\n|-resisted|p1a: Charizard|1\n|-damage|p1a: Charizard|66/100\n|\n|-weather|Sandstorm|[upkeep]\n|-damage|p1b: Whimsicott|40/100|[from] Sandstorm\n|-damage|p1a: Charizard|60/100|[from] Sandstorm\n|-sideend|p1: Xcelvgc|move: Tailwind\n|upkeep\n|\n|t:|1776213068\n|switch|p2b: Garchomp|Garchomp, L50, M|100/100\n|turn|5\n|\n|t:|1776213079\n|move|p2b: Garchomp|Protect|p2b: Garchomp\n|-singleturn|p2b: Garchomp|Protect\n|move|p1a: Charizard|Protect|p1a: Charizard\n|-singleturn|p1a: Charizard|Protect\n|move|p1b: Whimsicott|Tailwind|p1b: Whimsicott\n|-sidestart|p1: Xcelvgc|move: Tailwind\n|move|p2a: Tyranitar|Earthquake|p1b: Whimsicott|[spread] p1b\n|-activate|p2b: Garchomp|move: Protect\n|-activate|p1a: Charizard|move: Protect\n|-resisted|p1b: Whimsicott|1\n|-damage|p1b: Whimsicott|21/100\n|\n|-weather|none\n|upkeep\n|turn|6\n|inactive|Xcelvgc has 30 seconds left.\n|inactive|Xcelvgc has 20 seconds left.\n|\n|t:|1776213117\n|switch|p2b: Clefable|Clefable, L50, F|100/100\n|move|p1b: Whimsicott|Encore||[still]\n|-fail|p1b: Whimsicott\n|move|p1a: Charizard|Dragon Claw|p2a: Tyranitar\n|-damage|p2a: Tyranitar|21/100\n|move|p2a: Tyranitar|Earthquake|p1b: Whimsicott|[spread] p2b,p1a,p1b\n|-supereffective|p1a: Charizard|1\n|-resisted|p1b: Whimsicott|1\n|-damage|p2b: Clefable|78/100\n|-damage|p1a: Charizard|13/100\n|-damage|p1b: Whimsicott|1/100\n|\n|upkeep\n|turn|7\n|inactive|Jaack22 has 30 seconds left.\n|\n|t:|1776213151\n|move|p1a: Charizard|Protect|p1a: Charizard\n|-singleturn|p1a: Charizard|Protect\n|move|p2b: Clefable|Follow Me|p2b: Clefable\n|-singleturn|p2b: Clefable|move: Follow Me\n|move|p1b: Whimsicott|Endeavor|p2b: Clefable\n|-damage|p2b: Clefable|1/100\n|-enditem|p2b: Clefable|Sitrus Berry|[eat]\n|-heal|p2b: Clefable|26/100|[from] item: Sitrus Berry\n|move|p2a: Tyranitar|Earthquake|p1a: Charizard|[spread] p2b,p1b\n|-activate|p1a: Charizard|move: Protect\n|-resisted|p1b: Whimsicott|1\n|-damage|p2b: Clefable|2/100\n|-damage|p1b: Whimsicott|0 fnt\n|faint|p1b: Whimsicott\n|\n|upkeep\n|\n|t:|1776213172\n|switch|p1b: Sneasler|Sneasler, L50, F|3/100\n|turn|8\n|\n|t:|1776213188\n|switch|p1a: Milotic|Milotic, L50, F|100/100\n|move|p2b: Clefable|Protect|p2b: Clefable\n|-singleturn|p2b: Clefable|Protect\n|move|p1b: Sneasler|Fake Out|p2a: Tyranitar\n|-resisted|p2a: Tyranitar|1\n|-damage|p2a: Tyranitar|16/100\n|cant|p2a: Tyranitar|flinch\n|\n|-sideend|p1: Xcelvgc|move: Tailwind\n|upkeep\n|turn|9\n|inactive|Jaack22 has 30 seconds left.\n|inactive|Xcelvgc has 30 seconds left.\n|\n|t:|1776213221\n|move|p1b: Sneasler|Dire Claw|p2b: Clefable\n|-supereffective|p2b: Clefable|1\n|-crit|p2b: Clefable\n|-damage|p2b: Clefable|0 fnt\n|faint|p2b: Clefable\n|move|p1a: Milotic|Scald|p2a: Tyranitar\n|-supereffective|p2a: Tyranitar|1\n|-damage|p2a: Tyranitar|0 fnt\n|faint|p2a: Tyranitar\n|\n|upkeep\n|\n|t:|1776213231\n|switch|p2b: Garchomp|Garchomp, L50, M|100/100\n|turn|10\n|\n|t:|1776213242\n|detailschange|p2b: Garchomp|Garchomp-Mega, L50, M\n|-mega|p2b: Garchomp|Garchomp|Garchompite\n|move|p1b: Sneasler|Taunt|p2b: Garchomp\n|-start|p2b: Garchomp|move: Taunt\n|move|p2b: Garchomp|Earthquake|p1b: Sneasler|[spread] p1a,p1b\n|-supereffective|p1b: Sneasler|1\n|-damage|p1a: Milotic|46/100\n|-damage|p1b: Sneasler|0 fnt\n|faint|p1b: Sneasler\n|move|p1a: Milotic|Icy Wind|p2b: Garchomp\n|-supereffective|p2b: Garchomp|2\n|-damage|p2b: Garchomp|42/100\n|-unboost|p2b: Garchomp|spe|1\n|\n|-heal|p1a: Milotic|51/100|[from] item: Leftovers\n|upkeep\n|\n|t:|1776213257\n|switch|p1b: Charizard|Charizard-Mega-X, L50, F|13/100\n|turn|11\n|\n|t:|1776213264\n|move|p1b: Charizard|Dragon Claw|p2b: Garchomp\n|-supereffective|p2b: Garchomp|1\n|-damage|p2b: Garchomp|0 fnt\n|faint|p2b: Garchomp\n|\n|win|Xcelvgc\n|raw|Xcelvgc's rating: 1107 &rarr; <strong>1133</strong><br />(+26 for winning)\n|raw|Jaack22's rating: 1121 &rarr; <strong>1095</strong><br />(-26 for losing)\n|l|\u2606Jaack22\n|player|p2|\n",
  "uploadtime": 1776213272,
  "views": 13,
  "formatid": "gen9championsvgc2026regma",
  "rating": 1095,
  "private": 0,
  "password": null
}