{
  "id": "gen9championsvgc2026regma-2583935920",
  "format": "[Gen 9 Champions] VGC 2026 Reg M-A",
  "players": [
    "tr8ubl3",
    "CiamG"
  ],
  "log": "|j|\u2606tr8ubl3\n|j|\u2606CiamG\n|t:|1776209772\n|gametype|doubles\n|player|p1|tr8ubl3|flannery|1159\n|player|p2|CiamG|ingo|1220\n|gen|9\n|tier|[Gen 9 Champions] VGC 2026 Reg M-A\n|rated|\n|rule|Species Clause: Limit one of each Pok\u00e9mon\n|rule|Item Clause: Limit 1 of each item\n|clearpoke\n|poke|p1|Gengar, L50, F|\n|poke|p1|Incineroar, L50, M|\n|poke|p1|Sinistcha, L50|\n|poke|p1|Sneasler, L50, M|\n|poke|p1|Basculegion, L50, M|\n|poke|p1|Pelipper, L50, F|\n|poke|p2|Kingambit, L50, M|\n|poke|p2|Aerodactyl, L50, M|\n|poke|p2|Whimsicott, L50, M|\n|poke|p2|Gengar, L50, F|\n|poke|p2|Froslass, L50, F|\n|poke|p2|Sneasler, L50, F|\n|teampreview|4\n|j| Megaknightshade\n|l| Megaknightshade\n|\n|t:|1776209790\n|teamsize|p1|4\n|teamsize|p2|4\n|start\n|switch|p1a: Incineroar|Incineroar, L50, M|100/100\n|switch|p1b: Sneasler|Sneasler, L50, M|100/100\n|switch|p2a: Kingambit|Kingambit, L50, M, shiny|100/100\n|switch|p2b: Aerodactyl|Aerodactyl, L50, M, shiny|100/100\n|-ability|p2b: Aerodactyl|Pressure\n|-ability|p1a: Incineroar|Intimidate|boost\n|-unboost|p2a: Kingambit|atk|1\n|-ability|p2a: Kingambit|Defiant|boost\n|-boost|p2a: Kingambit|atk|2\n|-unboost|p2b: Aerodactyl|atk|1\n|turn|1\n|\n|t:|1776209803\n|switch|p2b: Froslass|Froslass, L50, F, shiny|100/100\n|move|p2a: Kingambit|Protect|p2a: Kingambit\n|-singleturn|p2a: Kingambit|Protect\n|move|p1a: Incineroar|Fake Out|p2b: Froslass\n|-immune|p2b: Froslass\n|move|p1b: Sneasler|Close Combat|p2a: Kingambit\n|-activate|p2a: Kingambit|move: Protect\n|\n|upkeep\n|turn|2\n|\n|t:|1776209835\n|detailschange|p2b: Froslass|Froslass-Mega, L50, F, shiny\n|-mega|p2b: Froslass|Froslass|Froslassite\n|-weather|Snowscape|[from] ability: Snow Warning|[of] p2b: Froslass\n|move|p2b: Froslass|Aurora Veil|p2b: Froslass\n|-sidestart|p2: CiamG|move: Aurora Veil\n|move|p1b: Sneasler|Close Combat|p2a: Kingambit\n|-supereffective|p2a: Kingambit|2\n|-enditem|p2a: Kingambit|Chople Berry|[eat]\n|-enditem|p2a: Kingambit|Chople Berry|[weaken]\n|-damage|p2a: Kingambit|31/100\n|-unboost|p1b: Sneasler|def|1\n|-unboost|p1b: Sneasler|spd|1\n|-enditem|p1b: Sneasler|White Herb\n|-clearnegativeboost|p1b: Sneasler|[silent]\n|move|p1a: Incineroar|Parting Shot|p2b: Froslass\n|-unboost|p2b: Froslass|atk|1\n|-unboost|p2b: Froslass|spa|1\n|\n|t:|1776209857\n|switch|p1a: Pelipper|Pelipper, L50, F|100/100|[from] Parting Shot\n|-weather|RainDance|[from] ability: Drizzle|[of] p1a: Pelipper\n|move|p2a: Kingambit|Low Kick|p1a: Pelipper\n|-resisted|p1a: Pelipper|1\n|-damage|p1a: Pelipper|85/100\n|\n|-weather|RainDance|[upkeep]\n|-heal|p1a: Pelipper|91/100|[from] item: Leftovers\n|upkeep\n|turn|3\n|\n|t:|1776209875\n|move|p2a: Kingambit|Sucker Punch|p1b: Sneasler\n|-resisted|p1b: Sneasler|1\n|-damage|p1b: Sneasler|46/100\n|move|p1b: Sneasler|Rock Slide|p2a: Kingambit|[spread] p2b\n|-miss|p1b: Sneasler|p2a: Kingambit\n|-supereffective|p2b: Froslass|1\n|-damage|p2b: Froslass|56/100\n|cant|p2b: Froslass|flinch\n|move|p1a: Pelipper|Tailwind|p1a: Pelipper\n|-sidestart|p1: tr8ubl3|move: Tailwind\n|\n|-weather|RainDance|[upkeep]\n|-heal|p1a: Pelipper|97/100|[from] item: Leftovers\n|upkeep\n|turn|4\n|\n|t:|1776209892\n|switch|p1b: Gengar|Gengar, L50, F|100/100\n|switch|p2b: Sneasler|Sneasler, L50, F, shiny|100/100\n|move|p2a: Kingambit|Sucker Punch||[still]\n|-fail|p2a: Kingambit\n|move|p1a: Pelipper|Weather Ball|p2a: Kingambit\n|-damage|p2a: Kingambit|0 fnt\n|faint|p2a: Kingambit\n|\n|-weather|RainDance|[upkeep]\n|-heal|p1a: Pelipper|100/100|[from] item: Leftovers\n|upkeep\n|\n|t:|1776209897\n|switch|p2a: Froslass|Froslass-Mega, L50, F, shiny|56/100\n|-weather|Snowscape|[from] ability: Snow Warning|[of] p2a: Froslass\n|turn|5\n|\n|t:|1776209940\n|detailschange|p1b: Gengar|Gengar-Mega, L50, F\n|-mega|p1b: Gengar|Gengar|Gengarite\n|move|p1b: Gengar|Shadow Ball|p2a: Froslass\n|-supereffective|p2a: Froslass|1\n|-damage|p2a: Froslass|0 fnt\n|faint|p2a: Froslass\n|move|p2b: Sneasler|Dire Claw|p1a: Pelipper\n|-crit|p1a: Pelipper\n|-damage|p1a: Pelipper|47/100\n|move|p1a: Pelipper|Weather Ball|p2b: Sneasler\n|-damage|p2b: Sneasler|77/100\n|\n|-weather|Snowscape|[upkeep]\n|-heal|p1a: Pelipper|53/100|[from] item: Leftovers\n|upkeep\n|\n|t:|1776209945\n|switch|p2a: Aerodactyl|Aerodactyl, L50, M, shiny|100/100\n|-ability|p2a: Aerodactyl|Pressure\n|turn|6\n|\n|t:|1776209968\n|switch|p1a: Incineroar|Incineroar, L50, M|100/100\n|-ability|p1a: Incineroar|Intimidate|boost\n|-unboost|p2a: Aerodactyl|atk|1\n|-unboost|p2b: Sneasler|atk|1\n|-enditem|p2b: Sneasler|White Herb\n|-clearnegativeboost|p2b: Sneasler|[silent]\n|move|p1b: Gengar|Will-O-Wisp|p2a: Aerodactyl\n|-status|p2a: Aerodactyl|brn\n|move|p2b: Sneasler|Coaching|p2a: Aerodactyl\n|-boost|p2a: Aerodactyl|atk|1\n|-boost|p2a: Aerodactyl|def|1\n|move|p2a: Aerodactyl|Dual Wingbeat|p1b: Gengar\n|-damage|p1b: Gengar|87/100\n|-damage|p1b: Gengar|73/100\n|-hitcount|p1b: Gengar|2\n|\n|-weather|Snowscape|[upkeep]\n|-damage|p2a: Aerodactyl|95/100 brn|[from] brn\n|-sideend|p1: tr8ubl3|move: Tailwind\n|-sideend|p2: CiamG|move: Aurora Veil\n|upkeep\n|turn|7\n|\n|t:|1776209991\n|move|p1a: Incineroar|Fake Out|p2b: Sneasler\n|-damage|p2b: Sneasler|60/100\n|cant|p2b: Sneasler|flinch\n|move|p1b: Gengar|Will-O-Wisp|p2b: Sneasler\n|-status|p2b: Sneasler|brn\n|move|p2a: Aerodactyl|Rock Slide|p1b: Gengar|[spread] p1a,p1b\n|-supereffective|p1a: Incineroar|1\n|-damage|p1a: Incineroar|84/100\n|-damage|p1b: Gengar|54/100\n|\n|-weather|Snowscape|[upkeep]\n|-damage|p2b: Sneasler|54/100 brn|[from] brn\n|-damage|p2a: Aerodactyl|89/100 brn|[from] brn\n|upkeep\n|turn|8\n|\n|t:|1776210010\n|switch|p1a: Sneasler|Sneasler, L50, M|46/100\n|move|p2b: Sneasler|Close Combat|p1a: Sneasler\n|-resisted|p1a: Sneasler|1\n|-damage|p1a: Sneasler|18/100\n|-unboost|p2b: Sneasler|def|1\n|-unboost|p2b: Sneasler|spd|1\n|move|p1b: Gengar|Shadow Ball|p2b: Sneasler\n|-damage|p2b: Sneasler|0 fnt\n|faint|p2b: Sneasler\n|move|p2a: Aerodactyl|Rock Slide|p1a: Sneasler|[spread] p1a,p1b\n|-resisted|p1a: Sneasler|1\n|-damage|p1a: Sneasler|8/100\n|-damage|p1b: Gengar|37/100\n|\n|-weather|Snowscape|[upkeep]\n|-damage|p2a: Aerodactyl|83/100 brn|[from] brn\n|upkeep\n|turn|9\n|\n|t:|1776210026\n|switch|p1b: Incineroar|Incineroar, L50, M|84/100\n|-ability|p1b: Incineroar|Intimidate|boost\n|-unboost|p2a: Aerodactyl|atk|1\n|move|p1a: Sneasler|Fake Out|p2a: Aerodactyl\n|-resisted|p2a: Aerodactyl|1\n|-damage|p2a: Aerodactyl|76/100 brn\n|cant|p2a: Aerodactyl|flinch\n|\n|-weather|none\n|-damage|p2a: Aerodactyl|70/100 brn|[from] brn\n|upkeep\n|turn|10\n|-message|CiamG forfeited.\n|\n|win|tr8ubl3\n|raw|tr8ubl3's rating: 1159 &rarr; <strong>1188</strong><br />(+29 for winning)\n|raw|CiamG's rating: 1220 &rarr; <strong>1191</strong><br />(-29 for losing)\n|l|\u2606CiamG\n|player|p2|\n",
  "uploadtime": 1776210044,
  "views": 21,
  "formatid": "gen9championsvgc2026regma",
  "rating": 1188,
  "private": 0,
  "password": null
}