{
  "id": "gen9championsvgc2026regma-2588127819",
  "format": "[Gen 9 Champions] VGC 2026 Reg M-A",
  "players": [
    "Dinz77",
    "yeBastion"
  ],
  "log": "|j|\u2606Dinz77\n|j|\u2606yeBastion\n|t:|1776607212\n|gametype|doubles\n|player|p1|Dinz77|2|1248\n|player|p2|yeBastion|harlequin|1308\n|gen|9\n|tier|[Gen 9 Champions] VGC 2026 Reg M-A\n|rated|\n|rule|Species Clause: Limit one of each Pok\u00e9mon\n|rule|Item Clause: Limit 1 of each item\n|clearpoke\n|poke|p1|Heracross, L50, M|\n|poke|p1|Whimsicott, L50, M|\n|poke|p1|Politoed, L50, F|\n|poke|p1|Basculegion, L50, M|\n|poke|p1|Incineroar, L50, F|\n|poke|p1|Archaludon, L50, F|\n|poke|p2|Altaria, L50, F|\n|poke|p2|Torkoal, L50, F|\n|poke|p2|Aegislash, L50, F|\n|poke|p2|Sinistcha, L50|\n|poke|p2|Slowking-Galar, L50, F|\n|poke|p2|Incineroar, L50, M|\n|teampreview|4\n|inactive|Battle timer is ON: inactive players will automatically lose when time's up. (requested by yeBastion)\nDinz77 has agreed to open team sheets.\n|inactive|Dinz77 has 60 seconds left.\n|inactive|Dinz77 has 30 seconds left.\n|inactive|Dinz77 has 20 seconds left.\n|inactive|Dinz77 has 15 seconds left.\n|\n|t:|1776607289\n|teamsize|p1|4\n|teamsize|p2|4\n|start\n|switch|p1a: Whimsicott|Whimsicott, L50, M|100/100\n|switch|p1b: Heracross|Heracross, L50, M|100/100\n|switch|p2a: Slowking|Slowking-Galar, L50, F|100/100\n|switch|p2b: Incineroar|Incineroar, L50, M|100/100\n|-ability|p2b: Incineroar|Intimidate|boost\n|-unboost|p1a: Whimsicott|atk|1\n|-unboost|p1b: Heracross|atk|1\n|turn|1\n|inactive|Dinz77 has 30 seconds left.\n|inactive|yeBastion has 30 seconds left.\n|inactive|Dinz77 has 20 seconds left.\n|inactive|Dinz77 has 15 seconds left.\n|inactive|Dinz77 has 10 seconds left.\n|inactive|Dinz77 has 5 seconds left.\n|\n|t:|1776607343\n|detailschange|p1b: Heracross|Heracross-Mega, L50, M\n|-mega|p1b: Heracross|Heracross|Heracronite\n|move|p1b: Heracross|Detect|p1b: Heracross\n|-singleturn|p1b: Heracross|Protect\n|move|p1a: Whimsicott|Tailwind|p1a: Whimsicott\n|-sidestart|p1: Dinz77|move: Tailwind\n|move|p2b: Incineroar|Parting Shot|p1b: Heracross\n|-activate|p1b: Heracross|move: Protect\n|move|p2a: Slowking|Sludge Bomb|p1a: Whimsicott\n|-supereffective|p1a: Whimsicott|2\n|-enditem|p1a: Whimsicott|Focus Sash\n|-damage|p1a: Whimsicott|1/100\n|-status|p1a: Whimsicott|psn\n|\n|-damage|p1a: Whimsicott|0 fnt|[from] psn\n|faint|p1a: Whimsicott\n|upkeep\n|inactive|Dinz77 has 30 seconds left.\n|\n|t:|1776607371\n|switch|p1a: Politoed|Politoed, L50, F|100/100\n|-weather|RainDance|[from] ability: Drizzle|[of] p1a: Politoed\n|turn|2\n|inactive|Dinz77 has 30 seconds left.\n|inactive|Dinz77 has 20 seconds left.\n|inactive|Dinz77 has 15 seconds left.\n|\n|t:|1776607413\n|move|p1a: Politoed|Helping Hand|p1b: Heracross\n|-singleturn|p1b: Heracross|Helping Hand|[of] p1a: Politoed\n|move|p1b: Heracross|Pin Missile|p2a: Slowking\n|-damage|p2a: Slowking|84/100\n|-damage|p2a: Slowking|67/100\n|-damage|p2a: Slowking|51/100\n|-damage|p2a: Slowking|36/100\n|-damage|p2a: Slowking|20/100\n|-hitcount|p2a: Slowking|5\n|move|p2b: Incineroar|Throat Chop|p1a: Politoed\n|-damage|p1a: Politoed|75/100\n|-start|p1a: Politoed|Throat Chop|[silent]\n|move|p2a: Slowking|Trick Room|p2a: Slowking\n|-fieldstart|move: Trick Room|[of] p2a: Slowking\n|\n|-weather|RainDance|[upkeep]\n|-heal|p1a: Politoed|81/100|[from] item: Leftovers\n|upkeep\n|turn|3\n|inactive|Dinz77 has 30 seconds left.\n|inactive|Dinz77 has 20 seconds left.\n|inactive|Dinz77 has 15 seconds left.\n|inactive|Dinz77 has 10 seconds left.\n|inactive|Dinz77 has 5 seconds left.\n|\n|t:|1776607468\n|move|p1a: Politoed|Protect|p1a: Politoed\n|-singleturn|p1a: Politoed|Protect\n|move|p1b: Heracross|Detect|p1b: Heracross\n|-singleturn|p1b: Heracross|Protect\n|move|p2a: Slowking|Psychic Noise|p1b: Heracross\n|-activate|p1b: Heracross|move: Protect\n|move|p2b: Incineroar|Parting Shot|p1a: Politoed\n|-activate|p1a: Politoed|move: Protect\n|\n|-weather|RainDance|[upkeep]\n|-heal|p1a: Politoed|87/100|[from] item: Leftovers\n|-end|p1a: Politoed|Throat Chop|[silent]\n|upkeep\n|turn|4\n|\n|t:|1776607482\n|switch|p1b: Archaludon|Archaludon, L50, F|100/100\n|move|p2a: Slowking|Psychic Noise|p1b: Archaludon\n|-resisted|p1b: Archaludon|1\n|-damage|p1b: Archaludon|80/100\n|-start|p1b: Archaludon|move: Heal Block\n|move|p2b: Incineroar|Parting Shot|p1b: Archaludon\n|-unboost|p1b: Archaludon|atk|1\n|-unboost|p1b: Archaludon|spa|1\n|\n|t:|1776607496\n|switch|p2b: Torkoal|Torkoal, L50, F|100/100|[from] Parting Shot\n|-weather|SunnyDay|[from] ability: Drought|[of] p2b: Torkoal\n|move|p1a: Politoed|Weather Ball|p2b: Torkoal\n|-resisted|p2b: Torkoal|1\n|-damage|p2b: Torkoal|81/100\n|\n|-weather|SunnyDay|[upkeep]\n|-heal|p1a: Politoed|93/100|[from] item: Leftovers\n|-sideend|p1: Dinz77|move: Tailwind\n|upkeep\n|turn|5\n|\n|t:|1776607516\n|move|p1b: Archaludon|Protect|p1b: Archaludon\n|-singleturn|p1b: Archaludon|Protect\n|move|p2b: Torkoal|Heat Wave|p1a: Politoed|[spread] p1a\n|-activate|p1b: Archaludon|move: Protect\n|-resisted|p1a: Politoed|1\n|-damage|p1a: Politoed|68/100\n|move|p2a: Slowking|Sludge Bomb|p1a: Politoed\n|-damage|p1a: Politoed|39/100\n|move|p1a: Politoed|Weather Ball|p2a: Slowking\n|-damage|p2a: Slowking|0 fnt\n|faint|p2a: Slowking\n|\n|-weather|SunnyDay|[upkeep]\n|-heal|p1a: Politoed|45/100|[from] item: Leftovers\n|-end|p1b: Archaludon|move: Heal Block\n|upkeep\n|\n|t:|1776607529\n|switch|p2a: Incineroar|Incineroar, L50, M|100/100\n|-ability|p2a: Incineroar|Intimidate|boost\n|-unboost|p1a: Politoed|atk|1\n|-unboost|p1b: Archaludon|atk|1\n|turn|6\n|inactive|Dinz77 has 30 seconds left.\n|inactive|Dinz77 has 20 seconds left.\n|\n|t:|1776607566\n|move|p1a: Politoed|Protect|p1a: Politoed\n|-singleturn|p1a: Politoed|Protect\n|move|p2a: Incineroar|Fake Out|p1a: Politoed\n|-activate|p1a: Politoed|move: Protect\n|move|p2b: Torkoal|Heat Wave|p1a: Politoed|[spread] p1b\n|-activate|p1a: Politoed|move: Protect\n|-damage|p1b: Archaludon|0 fnt\n|faint|p1b: Archaludon\n|\n|-weather|SunnyDay|[upkeep]\n|-heal|p1a: Politoed|51/100|[from] item: Leftovers\n|-fieldend|move: Trick Room\n|upkeep\n|\n|t:|1776607574\n|switch|p1b: Heracross|Heracross-Mega, L50, M|100/100\n|turn|7\n|\n|t:|1776607588\n|move|p1a: Politoed|Helping Hand|p1b: Heracross\n|-singleturn|p1b: Heracross|Helping Hand|[of] p1a: Politoed\n|move|p1b: Heracross|Rock Blast|p2b: Torkoal\n|-supereffective|p2b: Torkoal|1\n|-damage|p2b: Torkoal|52/100\n|-supereffective|p2b: Torkoal|1\n|-damage|p2b: Torkoal|23/100\n|-supereffective|p2b: Torkoal|1\n|-damage|p2b: Torkoal|0 fnt\n|faint|p2b: Torkoal\n|-hitcount|p2: Torkoal|3\n|move|p2a: Incineroar|Parting Shot|p1b: Heracross\n|-unboost|p1b: Heracross|atk|1\n|-unboost|p1b: Heracross|spa|1\n|\n|t:|1776607599\n|switch|p2a: Altaria|Altaria, L50, F|100/100|[from] Parting Shot\n|-ability|p2a: Altaria|Cloud Nine\n|\n|-weather|SunnyDay|[upkeep]\n|-heal|p1a: Politoed|57/100|[from] item: Leftovers\n|upkeep\n|\n|t:|1776607602\n|switch|p2b: Incineroar|Incineroar, L50, M|100/100\n|-ability|p2b: Incineroar|Intimidate|boost\n|-unboost|p1a: Politoed|atk|1\n|-unboost|p1b: Heracross|atk|1\n|turn|8\n|\n|t:|1776607622\n|detailschange|p2a: Altaria|Altaria-Mega, L50, F\n|-mega|p2a: Altaria|Altaria|Altarianite\n|move|p2b: Incineroar|Fake Out|p1a: Politoed\n|-damage|p1a: Politoed|48/100\n|move|p1b: Heracross|Rock Blast|p2b: Incineroar\n|-supereffective|p2b: Incineroar|1\n|-damage|p2b: Incineroar|92/100\n|-supereffective|p2b: Incineroar|1\n|-damage|p2b: Incineroar|82/100\n|-supereffective|p2b: Incineroar|1\n|-damage|p2b: Incineroar|72/100\n|-supereffective|p2b: Incineroar|1\n|-damage|p2b: Incineroar|62/100\n|-supereffective|p2b: Incineroar|1\n|-damage|p2b: Incineroar|52/100\n|-hitcount|p2b: Incineroar|5\n|cant|p1a: Politoed|flinch\n|move|p2a: Altaria|Hyper Voice|p1b: Heracross|[spread] p1a,p1b\n|-supereffective|p1b: Heracross|1\n|-damage|p1a: Politoed|18/100\n|-damage|p1b: Heracross|22/100\n|\n|-weather|none\n|-heal|p1a: Politoed|24/100|[from] item: Leftovers\n|upkeep\n|turn|9\n|inactive|Dinz77 has 30 seconds left.\n|inactive|Dinz77 has 20 seconds left.\n|inactive|yeBastion has 30 seconds left.\n|\n|t:|1776607662\n|move|p1b: Heracross|Close Combat|p2b: Incineroar\n|-supereffective|p2b: Incineroar|1\n|-crit|p2b: Incineroar\n|-enditem|p2b: Incineroar|Chople Berry|[eat]\n|-enditem|p2b: Incineroar|Chople Berry|[weaken]\n|-damage|p2b: Incineroar|0 fnt\n|-unboost|p1b: Heracross|def|1\n|-unboost|p1b: Heracross|spd|1\n|faint|p2b: Incineroar\n|move|p1a: Politoed|Icy Wind|p2a: Altaria\n|-supereffective|p2a: Altaria|1\n|-damage|p2a: Altaria|80/100\n|-unboost|p2a: Altaria|spe|1\n|move|p2a: Altaria|Hyper Voice|p1b: Heracross|[spread] p1a,p1b\n|-supereffective|p1b: Heracross|1\n|-damage|p1a: Politoed|0 fnt\n|-damage|p1b: Heracross|0 fnt\n|faint|p1a: Politoed\n|faint|p1b: Heracross\n|\n|win|yeBastion\n|raw|Dinz77's rating: 1248 &rarr; <strong>1227</strong><br />(-21 for losing)\n|raw|yeBastion's rating: 1308 &rarr; <strong>1325</strong><br />(+17 for winning)\n|c|\u2606Dinz77|gg\n",
  "uploadtime": 1776607670,
  "views": 16,
  "formatid": "gen9championsvgc2026regma",
  "rating": 1227,
  "private": 0,
  "password": null
}