{
  "id": "gen9championsvgc2026regma-2583009570",
  "format": "[Gen 9 Champions] VGC 2026 Reg M-A",
  "players": [
    "Nachofrize",
    "pineappletropius"
  ],
  "log": "|j|\u2606Nachofrize\n|j|\u2606pineappletropius\n|t:|1776133006\n|gametype|doubles\n|player|p1|Nachofrize|cynthia|1088\n|player|p2|pineappletropius|101|1155\n|gen|9\n|tier|[Gen 9 Champions] VGC 2026 Reg M-A\n|rated|\n|rule|Species Clause: Limit one of each Pok\u00e9mon\n|rule|Item Clause: Limit 1 of each item\n|clearpoke\n|poke|p1|Sableye, L50, F|\n|poke|p1|Aggron, L50, F|\n|poke|p1|Toxapex, L50, F|\n|poke|p1|Clefable, L50, F|\n|poke|p1|Conkeldurr, L50, F|\n|poke|p1|Rotom-Mow, L50|\n|poke|p2|Floette-Eternal, L50, F|\n|poke|p2|Sinistcha, L50|\n|poke|p2|Sneasler, L50, M|\n|poke|p2|Incineroar, L50, M|\n|poke|p2|Kingambit, L50, M|\n|poke|p2|Blastoise, L50, M|\n|teampreview|4\n|inactive|Battle timer is ON: inactive players will automatically lose when time's up. (requested by Nachofrize)\n|\n|t:|1776133043\n|teamsize|p1|4\n|teamsize|p2|4\n|start\n|switch|p1a: Toxapex|Toxapex, L50, F|100/100\n|switch|p1b: Aggron|Aggron, L50, F, shiny|100/100\n|switch|p2a: Sinistcha|Sinistcha, L50|100/100\n|switch|p2b: Blastoise|Blastoise, L50, M|100/100\n|turn|1\n|\n|t:|1776133061\n|detailschange|p2b: Blastoise|Blastoise-Mega, L50, M\n|-mega|p2b: Blastoise|Blastoise|Blastoisinite\n|move|p1b: Aggron|Protect|p1b: Aggron\n|-singleturn|p1b: Aggron|Protect\n|move|p2a: Sinistcha|Rage Powder|p2a: Sinistcha\n|-singleturn|p2a: Sinistcha|move: Rage Powder\n|move|p2b: Blastoise|Water Spout|p1a: Toxapex|[spread] p1a\n|-activate|p1b: Aggron|move: Protect\n|-resisted|p1a: Toxapex|1\n|-damage|p1a: Toxapex|78/100\n|move|p1a: Toxapex|Toxic|p2a: Sinistcha\n|-status|p2a: Sinistcha|tox\n|\n|-heal|p1a: Toxapex|83/100|[from] item: Leftovers\n|-damage|p2a: Sinistcha|94/100 tox|[from] psn\n|upkeep\n|turn|2\n|\n|t:|1776133081\n|switch|p1b: Conkeldurr|Conkeldurr, L50, F|100/100\n|move|p1a: Toxapex|Wide Guard|p1a: Toxapex\n|-singleturn|p1a: Toxapex|Wide Guard\n|move|p2a: Sinistcha|Rage Powder|p2a: Sinistcha\n|-singleturn|p2a: Sinistcha|move: Rage Powder\n|move|p2b: Blastoise|Water Spout|p1b: Conkeldurr|[spread] \n|-activate|p1a: Toxapex|move: Wide Guard\n|-activate|p1b: Conkeldurr|move: Wide Guard\n|\n|-heal|p1a: Toxapex|89/100|[from] item: Leftovers\n|-damage|p2a: Sinistcha|82/100 tox|[from] psn\n|upkeep\n|turn|3\n|\n|t:|1776133104\n|switch|p2b: Incineroar|Incineroar, L50, M|100/100\n|-ability|p2b: Incineroar|Intimidate|boost\n|-unboost|p1a: Toxapex|atk|1\n|-unboost|p1b: Conkeldurr|atk|1\n|move|p1a: Toxapex|Wide Guard|p1a: Toxapex\n|-singleturn|p1a: Toxapex|Wide Guard\n|move|p2a: Sinistcha|Matcha Gotcha|p1a: Toxapex|[spread] \n|-activate|p1a: Toxapex|move: Wide Guard\n|-activate|p1b: Conkeldurr|move: Wide Guard\n|move|p1b: Conkeldurr|Ice Punch|p2a: Sinistcha\n|-supereffective|p2a: Sinistcha|1\n|-damage|p2a: Sinistcha|39/100 tox\n|\n|-heal|p1a: Toxapex|95/100|[from] item: Leftovers\n|-damage|p2a: Sinistcha|21/100 tox|[from] psn\n|upkeep\n|turn|4\n|inactive|Nachofrize has 30 seconds left.\n|\n|t:|1776133133\n|move|p1a: Toxapex|Wide Guard|p1a: Toxapex\n|-singleturn|p1a: Toxapex|Wide Guard\n|move|p2a: Sinistcha|Rage Powder|p2a: Sinistcha\n|-singleturn|p2a: Sinistcha|move: Rage Powder\n|move|p2b: Incineroar|Flare Blitz|p1b: Conkeldurr\n|-damage|p1b: Conkeldurr|62/100\n|-status|p1b: Conkeldurr|brn\n|-enditem|p1b: Conkeldurr|Lum Berry|[eat]\n|-curestatus|p1b: Conkeldurr|brn|[msg]\n|-damage|p2b: Incineroar|87/100|[from] Recoil\n|move|p1b: Conkeldurr|Ice Punch|p2a: Sinistcha\n|-supereffective|p2a: Sinistcha|1\n|-crit|p2a: Sinistcha\n|-damage|p2a: Sinistcha|0 fnt\n|faint|p2a: Sinistcha\n|\n|-heal|p1a: Toxapex|100/100|[from] item: Leftovers\n|upkeep\n|\n|t:|1776133143\n|switch|p2a: Sneasler|Sneasler, L50, M|100/100\n|turn|5\n|\n|t:|1776133164\n|move|p1b: Conkeldurr|Protect|p1b: Conkeldurr\n|-singleturn|p1b: Conkeldurr|Protect\n|move|p2a: Sneasler|Close Combat|p1b: Conkeldurr\n|-activate|p1b: Conkeldurr|move: Protect\n|move|p2b: Incineroar|Flare Blitz|p1b: Conkeldurr\n|-activate|p1b: Conkeldurr|move: Protect\n|move|p1a: Toxapex|Toxic|p2b: Incineroar\n|-status|p2b: Incineroar|tox\n|\n|-damage|p2b: Incineroar|81/100 tox|[from] psn\n|upkeep\n|turn|6\n|\n|t:|1776133183\n|move|p2a: Sneasler|Close Combat|p1b: Conkeldurr\n|-damage|p1b: Conkeldurr|5/100\n|-unboost|p2a: Sneasler|def|1\n|-unboost|p2a: Sneasler|spd|1\n|-enditem|p2a: Sneasler|White Herb\n|-clearnegativeboost|p2a: Sneasler|[silent]\n|move|p2b: Incineroar|Flare Blitz|p1b: Conkeldurr\n|-damage|p1b: Conkeldurr|0 fnt\n|faint|p1b: Conkeldurr\n|-damage|p2b: Incineroar|80/100 tox|[from] Recoil\n|move|p1a: Toxapex|Liquidation|p2a: Sneasler\n|-damage|p2a: Sneasler|79/100\n|\n|-damage|p2b: Incineroar|68/100 tox|[from] psn\n|upkeep\n|\n|t:|1776133193\n|switch|p1b: Aggron|Aggron, L50, F, shiny|100/100\n|turn|7\n|\n|t:|1776133204\n|detailschange|p1b: Aggron|Aggron-Mega, L50, F, shiny\n|-mega|p1b: Aggron|Aggron|Aggronite\n|move|p2a: Sneasler|Protect|p2a: Sneasler\n|-singleturn|p2a: Sneasler|Protect\n|move|p2b: Incineroar|Parting Shot|p1a: Toxapex\n|-unboost|p1a: Toxapex|atk|1\n|-unboost|p1a: Toxapex|spa|1\n|\n|t:|1776133210\n|switch|p2b: Blastoise|Blastoise-Mega, L50, M|100/100|[from] Parting Shot\n|move|p1b: Aggron|Iron Defense|p1b: Aggron\n|-boost|p1b: Aggron|def|2\n|move|p1a: Toxapex|Liquidation|p2a: Sneasler\n|-activate|p2a: Sneasler|move: Protect\n|\n|upkeep\n|turn|8\n|\n|t:|1776133221\n|move|p1a: Toxapex|Wide Guard|p1a: Toxapex\n|-singleturn|p1a: Toxapex|Wide Guard\n|move|p2a: Sneasler|Dire Claw|p1a: Toxapex\n|-resisted|p1a: Toxapex|1\n|-damage|p1a: Toxapex|84/100\n|move|p2b: Blastoise|Aura Sphere|p1b: Aggron\n|-supereffective|p1b: Aggron|1\n|-damage|p1b: Aggron|39/100\n|move|p1b: Aggron|Body Press|p2b: Blastoise\n|-damage|p2b: Blastoise|36/100\n|\n|-heal|p1a: Toxapex|90/100|[from] item: Leftovers\n|upkeep\n|turn|9\n|\n|t:|1776133241\n|move|p2b: Blastoise|Protect|p2b: Blastoise\n|-singleturn|p2b: Blastoise|Protect\n|move|p1b: Aggron|Protect|p1b: Aggron\n|-singleturn|p1b: Aggron|Protect\n|move|p2a: Sneasler|Dire Claw|p1a: Toxapex\n|-resisted|p1a: Toxapex|1\n|-damage|p1a: Toxapex|75/100\n|-status|p1a: Toxapex|slp\n|cant|p1a: Toxapex|slp\n|\n|-heal|p1a: Toxapex|81/100 slp|[from] item: Leftovers\n|upkeep\n|turn|10\n|\n|t:|1776133256\n|switch|p2a: Incineroar|Incineroar, L50, M|68/100 tox\n|-ability|p2a: Incineroar|Intimidate|boost\n|-unboost|p1a: Toxapex|atk|1\n|-unboost|p1b: Aggron|atk|1\n|switch|p1b: Clefable|Clefable, L50, F|100/100\n|move|p2b: Blastoise|Aura Sphere|p1b: Clefable\n|-resisted|p1b: Clefable|1\n|-damage|p1b: Clefable|81/100\n|-curestatus|p1a: Toxapex|slp|[msg]\n|move|p1a: Toxapex|Toxic|p2b: Blastoise\n|-status|p2b: Blastoise|tox\n|\n|-heal|p1a: Toxapex|86/100|[from] item: Leftovers\n|-damage|p2b: Blastoise|30/100 tox|[from] psn\n|-damage|p2a: Incineroar|62/100 tox|[from] psn\n|upkeep\n|turn|11\n|\n|t:|1776133273\n|move|p2b: Blastoise|Dark Pulse|p1a: Toxapex\n|-damage|p1a: Toxapex|53/100\n|move|p2a: Incineroar|Flare Blitz|p1b: Clefable\n|-damage|p1b: Clefable|44/100\n|-enditem|p1b: Clefable|Sitrus Berry|[eat]\n|-heal|p1b: Clefable|69/100|[from] item: Sitrus Berry\n|-damage|p2a: Incineroar|50/100 tox|[from] Recoil\n|-enditem|p2a: Incineroar|Sitrus Berry|[eat]\n|-heal|p2a: Incineroar|74/100 tox|[from] item: Sitrus Berry\n|move|p1b: Clefable|Life Dew|p1b: Clefable|[spread] p1a,p1b\n|-heal|p1a: Toxapex|78/100\n|-heal|p1b: Clefable|94/100\n|move|p1a: Toxapex|Liquidation|p2b: Blastoise\n|-resisted|p2b: Blastoise|1\n|-damage|p2b: Blastoise|27/100 tox\n|\n|-heal|p1a: Toxapex|84/100|[from] item: Leftovers\n|-damage|p2b: Blastoise|15/100 tox|[from] psn\n|-damage|p2a: Incineroar|62/100 tox|[from] psn\n|upkeep\n|turn|12\n|inactive|Nachofrize has 30 seconds left.\n|\n|t:|1776133301\n|move|p2b: Blastoise|Dark Pulse|p1a: Toxapex\n|-damage|p1a: Toxapex|52/100\n|move|p2a: Incineroar|Throat Chop|p1a: Toxapex\n|-crit|p1a: Toxapex\n|-damage|p1a: Toxapex|13/100\n|-start|p1a: Toxapex|Throat Chop|[silent]\n|move|p1b: Clefable|Life Dew|p1b: Clefable|[spread] p1a,p1b\n|-heal|p1a: Toxapex|38/100\n|-heal|p1b: Clefable|100/100\n|cant|p1a: Toxapex|flinch\n|\n|-heal|p1a: Toxapex|44/100|[from] item: Leftovers\n|-damage|p2b: Blastoise|0 fnt|[from] psn\n|faint|p2b: Blastoise\n|-damage|p2a: Incineroar|45/100 tox|[from] psn\n|upkeep\n|\n|t:|1776133306\n|switch|p2b: Sneasler|Sneasler, L50, M|79/100\n|turn|13\n|\n|t:|1776133325\n|move|p1b: Clefable|Protect|p1b: Clefable\n|-singleturn|p1b: Clefable|Protect\n|move|p2b: Sneasler|Dire Claw|p1b: Clefable\n|-activate|p1b: Clefable|move: Protect\n|move|p2a: Incineroar|Flare Blitz|p1b: Clefable\n|-activate|p1b: Clefable|move: Protect\n|move|p1a: Toxapex|Liquidation|p2b: Sneasler\n|-damage|p2b: Sneasler|63/100\n|\n|-heal|p1a: Toxapex|50/100|[from] item: Leftovers\n|-damage|p2a: Incineroar|21/100 tox|[from] psn\n|-end|p1a: Toxapex|Throat Chop|[silent]\n|upkeep\n|turn|14\n|inactive|Nachofrize has 30 seconds left.\n|\n|t:|1776133354\n|move|p1b: Clefable|Protect||[still]\n|-fail|p1b: Clefable\n|move|p2b: Sneasler|Dire Claw|p1b: Clefable\n|-supereffective|p1b: Clefable|1\n|-damage|p1b: Clefable|29/100\n|move|p2a: Incineroar|Flare Blitz|p1b: Clefable\n|-damage|p1b: Clefable|0 fnt\n|faint|p1b: Clefable\n|-damage|p2a: Incineroar|11/100 tox|[from] Recoil\n|move|p1a: Toxapex|Liquidation|p2a: Incineroar\n|-supereffective|p2a: Incineroar|1\n|-damage|p2a: Incineroar|0 fnt\n|faint|p2a: Incineroar\n|\n|-heal|p1a: Toxapex|55/100|[from] item: Leftovers\n|upkeep\n|\n|t:|1776133367\n|switch|p1b: Aggron|Aggron-Mega, L50, F, shiny|39/100\n|turn|15\n|\n|t:|1776133374\n|move|p2b: Sneasler|Protect|p2b: Sneasler\n|-singleturn|p2b: Sneasler|Protect\n|move|p1b: Aggron|Protect|p1b: Aggron\n|-singleturn|p1b: Aggron|Protect\n|move|p1a: Toxapex|Liquidation|p2b: Sneasler\n|-activate|p2b: Sneasler|move: Protect\n|\n|-heal|p1a: Toxapex|61/100|[from] item: Leftovers\n|upkeep\n|turn|16\n|\n|t:|1776133384\n|move|p2b: Sneasler|Close Combat|p1b: Aggron\n|-supereffective|p1b: Aggron|1\n|-crit|p1b: Aggron\n|-damage|p1b: Aggron|0 fnt\n|-unboost|p2b: Sneasler|def|1\n|-unboost|p2b: Sneasler|spd|1\n|faint|p1b: Aggron\n|move|p1a: Toxapex|Liquidation|p2b: Sneasler\n|-damage|p2b: Sneasler|43/100\n|\n|-heal|p1a: Toxapex|67/100|[from] item: Leftovers\n|upkeep\n|turn|17\n|\n|t:|1776133402\n|move|p1a: Toxapex|Baneful Bunker|p1a: Toxapex\n|-singleturn|p1a: Toxapex|move: Protect\n|move|p2b: Sneasler|Dire Claw|p1a: Toxapex\n|-activate|p1a: Toxapex|move: Protect\n|\n|-heal|p1a: Toxapex|72/100|[from] item: Leftovers\n|upkeep\n|turn|18\n|\n|t:|1776133409\n|move|p2b: Sneasler|Dire Claw|p1a: Toxapex\n|-resisted|p1a: Toxapex|1\n|-damage|p1a: Toxapex|55/100\n|-status|p1a: Toxapex|par\n|move|p1a: Toxapex|Liquidation|p2b: Sneasler\n|-crit|p2b: Sneasler\n|-damage|p2b: Sneasler|0 fnt\n|faint|p2b: Sneasler\n|\n|win|Nachofrize\n|raw|Nachofrize's rating: 1088 &rarr; <strong>1120</strong><br />(+32 for winning)\n|raw|pineappletropius's rating: 1155 &rarr; <strong>1125</strong><br />(-30 for losing)\n|l|\u2606pineappletropius\n|player|p2|\n",
  "uploadtime": 1776133420,
  "views": 13,
  "formatid": "gen9championsvgc2026regma",
  "rating": 1120,
  "private": 0,
  "password": null
}