{
  "id": "gen9championsvgc2026regma-2582405354",
  "format": "[Gen 9 Champions] VGC 2026 Reg M-A",
  "players": [
    "Jeremykhoo",
    "stoopidrosk"
  ],
  "log": "|j|\u2606Jeremykhoo\n|j|\u2606stoopidrosk\n|t:|1776089528\n|gametype|doubles\n|player|p1|Jeremykhoo|101|1145\n|player|p2|stoopidrosk|shadowtriad|1051\n|gen|9\n|tier|[Gen 9 Champions] VGC 2026 Reg M-A\n|rated|\n|rule|Species Clause: Limit one of each Pok\u00e9mon\n|rule|Item Clause: Limit 1 of each item\n|clearpoke\n|poke|p1|Tyranitar, L50, F|\n|poke|p1|Whimsicott, L50, F|\n|poke|p1|Aggron, L50, M|\n|poke|p1|Drampa, L50, M|\n|poke|p1|Sylveon, L50, F|\n|poke|p1|Arcanine, L50, F|\n|poke|p2|Feraligatr, L50, M|\n|poke|p2|Pelipper, L50, M|\n|poke|p2|Archaludon, L50, M|\n|poke|p2|Meowstic, L50, M|\n|poke|p2|Venusaur, L50, F|\n|poke|p2|Incineroar, L50, M|\n|teampreview|4\nstoopidrosk has agreed to open team sheets.\n|inactive|Battle timer is ON: inactive players will automatically lose when time's up. (requested by stoopidrosk)\n|\n|t:|1776089567\n|teamsize|p1|4\n|teamsize|p2|4\n|start\n|switch|p1a: Whimsicott|Whimsicott, L50, F|100/100\n|switch|p1b: Aggron|Aggron, L50, M|100/100\n|switch|p2a: Meowstic|Meowstic, L50, M|100/100\n|switch|p2b: Venusaur|Venusaur, L50, F|100/100\n|turn|1\n|inactive|Jeremykhoo has 30 seconds left.\n|\n|t:|1776089598\n|detailschange|p1b: Aggron|Aggron-Mega, L50, M\n|-mega|p1b: Aggron|Aggron|Aggronite\n|move|p2a: Meowstic|Fake Out|p1a: Whimsicott\n|-damage|p1a: Whimsicott|94/100\n|cant|p1a: Whimsicott|flinch\n|move|p2b: Venusaur|Sludge Bomb|p1a: Whimsicott\n|-supereffective|p1a: Whimsicott|2\n|-damage|p1a: Whimsicott|0 fnt\n|faint|p1a: Whimsicott\n|move|p1b: Aggron|Body Press|p2b: Venusaur\n|-resisted|p2b: Venusaur|1\n|-damage|p2b: Venusaur|78/100\n|\n|upkeep\n|\n|t:|1776089611\n|switch|p1a: Tyranitar|Tyranitar, L50, F|100/100\n|-weather|Sandstorm|[from] ability: Sand Stream|[of] p1a: Tyranitar\n|turn|2\n|\n|t:|1776089620\n|detailschange|p2b: Venusaur|Venusaur-Mega, L50, F\n|-mega|p2b: Venusaur|Venusaur|Venusaurite\n|move|p2a: Meowstic|Reflect|p2a: Meowstic\n|-sidestart|p2: stoopidrosk|Reflect\n|move|p1a: Tyranitar|Rock Slide|p2b: Venusaur|[spread] p2a,p2b\n|-damage|p2a: Meowstic|82/100\n|-damage|p2b: Venusaur|62/100\n|cant|p2b: Venusaur|flinch\n|move|p1b: Aggron|Iron Defense|p1b: Aggron\n|-boost|p1b: Aggron|def|2\n|\n|-weather|Sandstorm|[upkeep]\n|-damage|p2a: Meowstic|76/100|[from] Sandstorm\n|-damage|p2b: Venusaur|56/100|[from] Sandstorm\n|upkeep\n|turn|3\n|\n|t:|1776089637\n|move|p2a: Meowstic|Thunder Wave|p1b: Aggron\n|-status|p1b: Aggron|par\n|move|p1a: Tyranitar|Rock Slide|p2b: Venusaur|[spread] p2a,p2b\n|-damage|p2a: Meowstic|57/100\n|-damage|p2b: Venusaur|38/100\n|move|p2b: Venusaur|Leech Seed|p1a: Tyranitar\n|-start|p1a: Tyranitar|move: Leech Seed\n|move|p1b: Aggron|Heavy Slam|p2a: Meowstic\n|-damage|p2a: Meowstic|24/100\n|\n|-weather|Sandstorm|[upkeep]\n|-damage|p2a: Meowstic|18/100|[from] Sandstorm\n|-damage|p2b: Venusaur|33/100|[from] Sandstorm\n|-damage|p1a: Tyranitar|88/100|[from] Leech Seed|[of] p2b: Venusaur\n|-heal|p2b: Venusaur|44/100|[silent]\n|upkeep\n|turn|4\n|\n|t:|1776089654\n|switch|p1a: Sylveon|Sylveon, L50, F|100/100\n|switch|p2a: Pelipper|Pelipper, L50, M, shiny|100/100\n|-weather|RainDance|[from] ability: Drizzle|[of] p2a: Pelipper\n|move|p2b: Venusaur|Earth Power|p1b: Aggron\n|-supereffective|p1b: Aggron|1\n|-damage|p1b: Aggron|63/100 par\n|move|p1b: Aggron|Heavy Slam|p2a: Pelipper\n|-resisted|p2a: Pelipper|1\n|-damage|p2a: Pelipper|78/100\n|\n|-weather|RainDance|[upkeep]\n|upkeep\n|turn|5\n|inactive|Jeremykhoo has 30 seconds left.\n|\n|t:|1776089685\n|move|p2a: Pelipper|Tailwind|p2a: Pelipper\n|-sidestart|p2: stoopidrosk|move: Tailwind\n|move|p2b: Venusaur|Sludge Bomb|p1a: Sylveon\n|-supereffective|p1a: Sylveon|1\n|-damage|p1a: Sylveon|34/100\n|move|p1a: Sylveon|Hyper Voice|p2b: Venusaur|[spread] p2a,p2b\n|-resisted|p2b: Venusaur|1\n|-damage|p2a: Pelipper|10/100\n|-damage|p2b: Venusaur|27/100\n|cant|p1b: Aggron|par\n|\n|-weather|RainDance|[upkeep]\n|upkeep\n|turn|6\n|\n|t:|1776089700\n|switch|p1a: Tyranitar|Tyranitar, L50, F|88/100\n|-weather|Sandstorm|[from] ability: Sand Stream|[of] p1a: Tyranitar\n|move|p2a: Pelipper|Wide Guard|p2a: Pelipper\n|-singleturn|p2a: Pelipper|Wide Guard\n|move|p2b: Venusaur|Earth Power|p1b: Aggron\n|-supereffective|p1b: Aggron|1\n|-damage|p1b: Aggron|24/100 par\n|move|p1b: Aggron|Body Press|p2b: Venusaur\n|-resisted|p2b: Venusaur|1\n|-damage|p2b: Venusaur|5/100\n|\n|-weather|Sandstorm|[upkeep]\n|-damage|p2a: Pelipper|4/100|[from] Sandstorm\n|-damage|p2b: Venusaur|0 fnt|[from] Sandstorm\n|faint|p2b: Venusaur\n|-sideend|p2: stoopidrosk|Reflect\n|upkeep\n|\n|t:|1776089708\n|switch|p2b: Meowstic|Meowstic, L50, M|18/100\n|turn|7\n|\n|t:|1776089729\n|switch|p2a: Feraligatr|Feraligatr, L50, M, shiny|100/100\n|move|p1b: Aggron|Protect|p1b: Aggron\n|-singleturn|p1b: Aggron|Protect\n|move|p2b: Meowstic|Fake Out|p1a: Tyranitar\n|-resisted|p1a: Tyranitar|1\n|-damage|p1a: Tyranitar|86/100\n|cant|p1a: Tyranitar|flinch\n|\n|-weather|Sandstorm|[upkeep]\n|-damage|p2a: Feraligatr|94/100|[from] Sandstorm\n|-damage|p2b: Meowstic|12/100|[from] Sandstorm\n|upkeep\n|turn|8\n|inactive|Jeremykhoo has 30 seconds left.\n|\n|t:|1776089755\n|move|p2b: Meowstic|Reflect|p2b: Meowstic\n|-sidestart|p2: stoopidrosk|Reflect\n|move|p2a: Feraligatr|Dragon Dance|p2a: Feraligatr\n|-boost|p2a: Feraligatr|atk|1\n|-boost|p2a: Feraligatr|spe|1\n|move|p1a: Tyranitar|Rock Slide|p2a: Feraligatr|[spread] p2a,p2b\n|-damage|p2a: Feraligatr|74/100\n|-damage|p2b: Meowstic|0 fnt\n|faint|p2b: Meowstic\n|move|p1b: Aggron|Body Press|p2a: Feraligatr\n|-damage|p2a: Feraligatr|27/100\n|\n|-weather|Sandstorm|[upkeep]\n|-damage|p2a: Feraligatr|21/100|[from] Sandstorm\n|-sideend|p2: stoopidrosk|move: Tailwind\n|upkeep\n|\n|t:|1776089758\n|switch|p2b: Pelipper|Pelipper, L50, M, shiny|4/100\n|-weather|RainDance|[from] ability: Drizzle|[of] p2b: Pelipper\n|turn|9\n|\n|t:|1776089772\n|move|p2a: Feraligatr|Aqua Jet|p1a: Tyranitar\n|-supereffective|p1a: Tyranitar|1\n|-damage|p1a: Tyranitar|28/100\n|move|p1a: Tyranitar|Rock Slide|p2b: Pelipper|[spread] p2a,p2b\n|-crit|p2a: Feraligatr\n|-supereffective|p2b: Pelipper|1\n|-damage|p2a: Feraligatr|0 fnt\n|-damage|p2b: Pelipper|0 fnt\n|faint|p2a: Feraligatr\n|faint|p2b: Pelipper\n|\n|win|Jeremykhoo\n|raw|Jeremykhoo's rating: 1145 &rarr; <strong>1163</strong><br />(+18 for winning)\n|raw|stoopidrosk's rating: 1051 &rarr; <strong>1038</strong><br />(-13 for losing)\n|l|\u2606stoopidrosk\n|player|p2|\n",
  "uploadtime": 1776089791,
  "views": 11,
  "formatid": "gen9championsvgc2026regma",
  "rating": 1038,
  "private": 0,
  "password": null
}