{
  "id": "gen9championsvgc2026regma-2586576876",
  "format": "[Gen 9 Champions] VGC 2026 Reg M-A",
  "players": [
    "nbcvgbnhxbf",
    "IuseExeggutor"
  ],
  "log": "|j|\u2606nbcvgbnhxbf\n|j|\u2606IuseExeggutor\n|t:|1776444318\n|gametype|doubles\n|player|p1|nbcvgbnhxbf|2|1088\n|player|p2|IuseExeggutor|psychic-gen3rs|1086\n|gen|9\n|tier|[Gen 9 Champions] VGC 2026 Reg M-A\n|rated|\n|rule|Species Clause: Limit one of each Pok\u00e9mon\n|rule|Item Clause: Limit 1 of each item\n|clearpoke\n|poke|p1|Floette-Eternal, L50, F|\n|poke|p1|Aegislash, L50, M|\n|poke|p1|Talonflame, L50, M|\n|poke|p1|Incineroar, L50, F|\n|poke|p1|Garchomp, L50, F|\n|poke|p1|Rotom-Wash, L50|\n|poke|p2|Floette-Eternal, L50, F|\n|poke|p2|Clefable, L50, F|\n|poke|p2|Aerodactyl, L50, M|\n|poke|p2|Incineroar, L50, M|\n|poke|p2|Tyranitar, L50, M|\n|poke|p2|Rotom-Wash, L50|\n|teampreview|4\n|inactive|Battle timer is ON: inactive players will automatically lose when time's up. (requested by nbcvgbnhxbf)\n|\n|t:|1776444339\n|teamsize|p1|4\n|teamsize|p2|4\n|start\n|switch|p1a: Talonflame|Talonflame, L50, M, shiny|100/100\n|switch|p1b: Incineroar|Incineroar, L50, F, shiny|100/100\n|switch|p2a: Aerodactyl|Aerodactyl, L50, M|100/100\n|switch|p2b: Incineroar|Incineroar, L50, M|100/100\n|-ability|p2a: Aerodactyl|Unnerve\n|-ability|p2b: Incineroar|Intimidate|boost\n|-unboost|p1a: Talonflame|atk|1\n|-unboost|p1b: Incineroar|atk|1\n|-ability|p1b: Incineroar|Intimidate|boost\n|-unboost|p2a: Aerodactyl|atk|1\n|-unboost|p2b: Incineroar|atk|1\n|turn|1\n|\n|t:|1776444362\n|move|p1a: Talonflame|Protect|p1a: Talonflame\n|-singleturn|p1a: Talonflame|Protect\n|move|p2b: Incineroar|Fake Out|p1b: Incineroar\n|-damage|p1b: Incineroar|95/100\n|cant|p1b: Incineroar|flinch\n|move|p2a: Aerodactyl|Tailwind|p2a: Aerodactyl\n|-sidestart|p2: IuseExeggutor|move: Tailwind\n|\n|-heal|p1b: Incineroar|100/100|[from] item: Leftovers\n|upkeep\n|turn|2\n|inactive|nbcvgbnhxbf has 30 seconds left.\n|\n|t:|1776444388\n|move|p1a: Talonflame|Tailwind|p1a: Talonflame\n|-sidestart|p1: nbcvgbnhxbf|move: Tailwind\n|move|p2a: Aerodactyl|Rock Slide|p1b: Incineroar|[spread] p1a,p1b\n|-supereffective|p1a: Talonflame|2\n|-supereffective|p1b: Incineroar|1\n|-damage|p1a: Talonflame|0 fnt\n|-damage|p1b: Incineroar|73/100\n|faint|p1a: Talonflame\n|move|p2b: Incineroar|Parting Shot|p1b: Incineroar\n|-unboost|p1b: Incineroar|atk|1\n|-unboost|p1b: Incineroar|spa|1\n|\n|t:|1776444401\n|switch|p2b: Clefable|Clefable, L50, F|100/100|[from] Parting Shot\n|move|p1b: Incineroar|Parting Shot|p2a: Aerodactyl\n|-unboost|p2a: Aerodactyl|atk|1\n|-unboost|p2a: Aerodactyl|spa|1\n|\n|t:|1776444412\n|switch|p1b: Floette|Floette-Eternal, L50, F, shiny|100/100|[from] Parting Shot\n|\n|upkeep\n|\n|t:|1776444420\n|switch|p1a: Incineroar|Incineroar, L50, F, shiny|73/100\n|-ability|p1a: Incineroar|Intimidate|boost\n|-unboost|p2a: Aerodactyl|atk|1\n|-unboost|p2b: Clefable|atk|1\n|turn|3\n|\n|t:|1776444432\n|switch|p2a: AZ|Floette-Eternal, L50, F|100/100\n|detailschange|p1b: Floette|Floette-Mega, L50, F, shiny\n|-mega|p1b: Floette|Floette|Floettite\n|-ability|p1b: Floette|Fairy Aura\n|move|p1a: Incineroar|Fake Out|p2b: Clefable|[miss]\n|-miss|p1a: Incineroar|p2b: Clefable\n|move|p2b: Clefable|Follow Me|p2b: Clefable\n|-singleturn|p2b: Clefable|move: Follow Me\n|move|p1b: Floette|Calm Mind|p1b: Floette\n|-boost|p1b: Floette|spa|1\n|-boost|p1b: Floette|spd|1\n|\n|-heal|p1a: Incineroar|79/100|[from] item: Leftovers\n|upkeep\n|turn|4\n|inactive|IuseExeggutor has 30 seconds left.\n|\n|t:|1776444458\n|detailschange|p2a: AZ|Floette-Mega, L50, F\n|-mega|p2a: AZ|Floette|Floettite\n|-ability|p2a: AZ|Fairy Aura\n|move|p2a: AZ|Calm Mind|p2a: AZ\n|-boost|p2a: AZ|spa|1\n|-boost|p2a: AZ|spd|1\n|move|p1b: Floette|Calm Mind|p1b: Floette\n|-boost|p1b: Floette|spa|1\n|-boost|p1b: Floette|spd|1\n|move|p2b: Clefable|Thunder Wave|p1b: Floette\n|-status|p1b: Floette|par\n|move|p1a: Incineroar|Parting Shot|p2a: AZ\n|-unboost|p2a: AZ|atk|1\n|-unboost|p2a: AZ|spa|1\n|\n|t:|1776444474\n|switch|p1a: Rotom|Rotom-Wash, L50, shiny|100/100|[from] Parting Shot\n|\n|-sideend|p2: IuseExeggutor|move: Tailwind\n|upkeep\n|turn|5\n|\n|t:|1776444494\n|move|p1a: Rotom|Thunderbolt|p2a: AZ\n|-damage|p2a: AZ|78/100\n|-status|p2a: AZ|par\n|move|p1b: Floette|Dazzling Gleam|p2a: AZ|[spread] p2a,p2b\n|-damage|p2a: AZ|30/100 par\n|-damage|p2b: Clefable|28/100\n|move|p2b: Clefable|Life Dew|p2b: Clefable|[spread] p2a,p2b\n|-heal|p2a: AZ|55/100 par\n|-heal|p2b: Clefable|53/100\n|cant|p2a: AZ|par\n|\n|-sideend|p1: nbcvgbnhxbf|move: Tailwind\n|upkeep\n|turn|6\n|\n|t:|1776444513\n|move|p1a: Rotom|Thunderbolt|p2a: AZ\n|-damage|p2a: AZ|33/100 par\n|move|p2b: Clefable|Life Dew|p2b: Clefable|[spread] p2a,p2b\n|-heal|p2a: AZ|58/100 par\n|-heal|p2b: Clefable|78/100\n|move|p2a: AZ|Calm Mind|p2a: AZ\n|-boost|p2a: AZ|spa|1\n|-boost|p2a: AZ|spd|1\n|move|p1b: Floette|Dazzling Gleam|p2a: AZ|[spread] p2a,p2b\n|-damage|p2a: AZ|21/100 par\n|-damage|p2b: Clefable|0 fnt\n|faint|p2b: Clefable\n|\n|upkeep\n|\n|t:|1776444522\n|switch|p2b: Aerodactyl|Aerodactyl, L50, M|100/100\n|-ability|p2b: Aerodactyl|Unnerve\n|turn|7\n|\n|t:|1776444538\n|move|p2b: Aerodactyl|Rock Slide|p1b: Floette|[spread] p1a,p1b\n|-damage|p1a: Rotom|75/100\n|-damage|p1b: Floette|78/100 par\n|cant|p1a: Rotom|flinch\n|move|p2a: AZ|Dazzling Gleam|p1a: Rotom|[spread] p1a,p1b\n|-damage|p1a: Rotom|2/100\n|-damage|p1b: Floette|52/100 par\n|cant|p1b: Floette|flinch\n|\n|upkeep\n|turn|8\n|c|\u2606nbcvgbnhxbf|ajaahashshah\n|inactive|nbcvgbnhxbf has 30 seconds left.\n|inactive|nbcvgbnhxbf has 20 seconds left.\n|inactive|IuseExeggutor has 30 seconds left.\n|\n|t:|1776444577\n|move|p2b: Aerodactyl|Rock Slide|p1a: Rotom|[spread] p1b\n|-miss|p2b: Aerodactyl|p1a: Rotom\n|-damage|p1b: Floette|29/100 par\n|move|p1a: Rotom|Thunderbolt|p2a: AZ\n|-damage|p2a: AZ|3/100 par\n|move|p2a: AZ|Dazzling Gleam|p1b: Floette|[spread] p1a,p1b\n|-damage|p1a: Rotom|0 fnt\n|-damage|p1b: Floette|5/100 par\n|faint|p1a: Rotom\n|move|p1b: Floette|Dazzling Gleam|p2a: AZ|[spread] p2a,p2b\n|-damage|p2a: AZ|0 fnt\n|-enditem|p2b: Aerodactyl|Focus Sash\n|-damage|p2b: Aerodactyl|1/100\n|faint|p2a: AZ\n|\n|upkeep\n|\n|t:|1776444594\n|switch|p2a: Incineroar|Incineroar, L50, M|100/100\n|switch|p1a: Incineroar|Incineroar, L50, F, shiny|79/100\n|-ability|p2a: Incineroar|Intimidate|boost\n|-unboost|p1a: Incineroar|atk|1\n|-unboost|p1b: Floette|atk|1\n|-ability|p1a: Incineroar|Intimidate|boost\n|-unboost|p2a: Incineroar|atk|1\n|-unboost|p2b: Aerodactyl|atk|1\n|turn|9\n|\n|t:|1776444608\n|move|p1b: Floette|Protect|p1b: Floette\n|-singleturn|p1b: Floette|Protect\n|move|p2a: Incineroar|Fake Out|p1a: Incineroar\n|-damage|p1a: Incineroar|72/100\n|cant|p1a: Incineroar|flinch\n|move|p2b: Aerodactyl|Rock Slide|p1b: Floette|[spread] \n|-activate|p1b: Floette|move: Protect\n|-miss|p2b: Aerodactyl|p1a: Incineroar\n|\n|-heal|p1a: Incineroar|78/100|[from] item: Leftovers\n|upkeep\n|turn|10\n|inactive|nbcvgbnhxbf has 30 seconds left.\n|\n|t:|1776444637\n|move|p2b: Aerodactyl|Rock Slide|p1b: Floette|[spread] p1a,p1b\n|-supereffective|p1a: Incineroar|1\n|-damage|p1a: Incineroar|50/100\n|-damage|p1b: Floette|0 fnt\n|faint|p1b: Floette\n|move|p2a: Incineroar|Throat Chop|p1a: Incineroar\n|-resisted|p1a: Incineroar|1\n|-damage|p1a: Incineroar|42/100\n|-start|p1a: Incineroar|Throat Chop|[silent]\n|cant|p1a: Incineroar|flinch\n|\n|-heal|p1a: Incineroar|48/100|[from] item: Leftovers\n|upkeep\n|turn|11\n|-message|nbcvgbnhxbf forfeited.\n|\n|win|IuseExeggutor\n|raw|nbcvgbnhxbf's rating: 1088 &rarr; <strong>1065</strong><br />(-23 for losing)\n|raw|IuseExeggutor's rating: 1086 &rarr; <strong>1113</strong><br />(+27 for winning)\n|l|\u2606nbcvgbnhxbf\n|player|p1|\n",
  "uploadtime": 1776444656,
  "views": 18,
  "formatid": "gen9championsvgc2026regma",
  "rating": 1065,
  "private": 0,
  "password": null
}