{
  "id": "gen9championsvgc2026regma-2581893325",
  "format": "[Gen 9 Champions] VGC 2026 Reg M-A",
  "players": [
    "zwcrazy",
    "kingambit kahn"
  ],
  "log": "|j|\u2606zwcrazy\n|j|\u2606kingambit kahn\n|t:|1776037396\n|gametype|doubles\n|player|p1|zwcrazy|beauty-gen4dp|1101\n|player|p2|kingambit kahn|roughneck|1161\n|gen|9\n|tier|[Gen 9 Champions] VGC 2026 Reg M-A\n|rated|\n|rule|Species Clause: Limit one of each Pok\u00e9mon\n|rule|Item Clause: Limit 1 of each item\n|clearpoke\n|poke|p1|Kingambit, L50, M|\n|poke|p1|Sneasler, L50, F|\n|poke|p1|Talonflame, L50, F|\n|poke|p1|Garchomp, L50, F|\n|poke|p1|Froslass, L50, F|\n|poke|p1|Milotic, L50, F|\n|poke|p2|Pelipper, L50, F|\n|poke|p2|Meganium, L50, F|\n|poke|p2|Archaludon, L50, M|\n|poke|p2|Dragapult, L50, F|\n|poke|p2|Incineroar, L50, M|\n|poke|p2|Gyarados, L50, F|\n|teampreview|4\n|\n|t:|1776037422\n|teamsize|p1|4\n|teamsize|p2|4\n|start\n|switch|p1a: Sneasler|Sneasler, L50, F|100/100\n|switch|p1b: Garchomp|Garchomp, L50, F|100/100\n|switch|p2a: Pelipper|Pelipper, L50, F, shiny|100/100\n|switch|p2b: Meganium|Meganium, L50, F, shiny|100/100\n|-weather|RainDance|[from] ability: Drizzle|[of] p2a: Pelipper\n|turn|1\n|\n|t:|1776037458\n|move|p2b: Meganium|Protect|p2b: Meganium\n|-singleturn|p2b: Meganium|Protect\n|move|p1a: Sneasler|Dire Claw|p2b: Meganium\n|-activate|p2b: Meganium|move: Protect\n|move|p1b: Garchomp|Rock Slide|p2b: Meganium|[spread] p2a\n|-activate|p2b: Meganium|move: Protect\n|-supereffective|p2a: Pelipper|1\n|-damage|p2a: Pelipper|57/100\n|move|p2a: Pelipper|Icy Wind|p1a: Sneasler|[spread] p1a,p1b\n|-supereffective|p1b: Garchomp|2\n|-damage|p1a: Sneasler|88/100\n|-damage|p1b: Garchomp|59/100\n|-unboost|p1a: Sneasler|spe|1\n|-unboost|p1b: Garchomp|spe|1\n|\n|-weather|RainDance|[upkeep]\n|upkeep\n|turn|2\n|\n|t:|1776037480\n|switch|p1a: Milotic|Milotic, L50, F|100/100\n|detailschange|p2b: Meganium|Meganium-Mega, L50, F, shiny\n|-mega|p2b: Meganium|Meganium|Meganiumite\n|move|p2b: Meganium|Dazzling Gleam|p1b: Garchomp|[spread] p1a,p1b\n|-supereffective|p1b: Garchomp|1\n|-damage|p1a: Milotic|77/100\n|-damage|p1b: Garchomp|0 fnt\n|faint|p1b: Garchomp\n|move|p2a: Pelipper|Icy Wind|p1a: Milotic\n|-resisted|p1a: Milotic|1\n|-damage|p1a: Milotic|72/100\n|-unboost|p1a: Milotic|spe|1\n|-ability|p1a: Milotic|Competitive|boost\n|-boost|p1a: Milotic|spa|2\n|\n|-weather|RainDance|[upkeep]\n|-heal|p1a: Milotic|78/100|[from] item: Leftovers\n|upkeep\n|\n|t:|1776037489\n|switch|p1b: Sneasler|Sneasler, L50, F|88/100\n|turn|3\n|\n|t:|1776037504\n|switch|p2b: Archaludon|Archaludon, L50, M, shiny|100/100\n|move|p1b: Sneasler|Fake Out|p2a: Pelipper\n|-damage|p2a: Pelipper|42/100\n|cant|p2a: Pelipper|flinch\n|move|p1a: Milotic|Icy Wind|p2a: Pelipper|[spread] p2a,p2b\n|-damage|p2a: Pelipper|17/100\n|-damage|p2b: Archaludon|65/100\n|-unboost|p2a: Pelipper|spe|1\n|-unboost|p2b: Archaludon|spe|1\n|-ability|p2b: Archaludon|Stamina|boost\n|-boost|p2b: Archaludon|def|1\n|\n|-weather|RainDance|[upkeep]\n|-heal|p1a: Milotic|84/100|[from] item: Leftovers\n|upkeep\n|turn|4\n|\n|t:|1776037534\n|move|p1a: Milotic|Protect|p1a: Milotic\n|-singleturn|p1a: Milotic|Protect\n|move|p1b: Sneasler|Dire Claw|p2a: Pelipper\n|-damage|p2a: Pelipper|0 fnt\n|faint|p2a: Pelipper\n|move|p2b: Archaludon|Electro Shot||[still]\n|-prepare|p2b: Archaludon|Electro Shot\n|-boost|p2b: Archaludon|spa|1\n|-anim|p2b: Archaludon|Electro Shot|p1a: Milotic\n|-activate|p1a: Milotic|move: Protect\n|\n|-weather|RainDance|[upkeep]\n|-heal|p1a: Milotic|90/100|[from] item: Leftovers\n|upkeep\n|\n|t:|1776037542\n|switch|p2a: Dragapult|Dragapult, L50, F|100/100\n|turn|5\n|\n|t:|1776037590\n|move|p2a: Dragapult|Psychic Fangs|p1b: Sneasler\n|-supereffective|p1b: Sneasler|2\n|-crit|p1b: Sneasler\n|-damage|p1b: Sneasler|0 fnt\n|faint|p1b: Sneasler\n|move|p2b: Archaludon|Electro Shot||[still]\n|-prepare|p2b: Archaludon|Electro Shot\n|-boost|p2b: Archaludon|spa|1\n|-anim|p2b: Archaludon|Electro Shot|p1a: Milotic\n|-supereffective|p1a: Milotic|1\n|-damage|p1a: Milotic|0 fnt\n|faint|p1a: Milotic\n|\n|-weather|none\n|upkeep\n|\n|t:|1776037595\n|switch|p1b: Talonflame|Talonflame, L50, F|100/100\n|turn|6\n|\n|t:|1776037606\n|move|p1b: Talonflame|Brave Bird|p2a: Dragapult\n|-damage|p2a: Dragapult|28/100\n|-damage|p1b: Talonflame|75/100|[from] Recoil\n|move|p2a: Dragapult|Dragon Darts|p1b: Talonflame\n|-damage|p1b: Talonflame|37/100\n|-anim|p2a: Dragapult|Dragon Darts|p1b: Talonflame\n|-damage|p1b: Talonflame|0 fnt\n|faint|p1b: Talonflame\n|\n|win|kingambit kahn\n|raw|zwcrazy's rating: 1101 &rarr; <strong>1080</strong><br />(-21 for losing)\n|raw|kingambit kahn's rating: 1161 &rarr; <strong>1182</strong><br />(+21 for winning)\n",
  "uploadtime": 1776037609,
  "views": 10,
  "formatid": "gen9championsvgc2026regma",
  "rating": 1080,
  "private": 0,
  "password": null
}