{
  "id": "gen9championsvgc2026regma-2583941292",
  "format": "[Gen 9 Champions] VGC 2026 Reg M-A",
  "players": [
    "Parodia03",
    "Taiyougetsu"
  ],
  "log": "|j|\u2606Parodia03\n|j|\u2606Taiyougetsu\n|t:|1776210251\n|gametype|doubles\n|player|p1|Parodia03|169|1038\n|player|p2|Taiyougetsu|1|1000\n|gen|9\n|tier|[Gen 9 Champions] VGC 2026 Reg M-A\n|rated|\n|rule|Species Clause: Limit one of each Pok\u00e9mon\n|rule|Item Clause: Limit 1 of each item\n|clearpoke\n|poke|p1|Gardevoir, L50, M|\n|poke|p1|Incineroar, L50, M|\n|poke|p1|Rotom-Heat, L50|\n|poke|p1|Garchomp, L50, M|\n|poke|p1|Scizor, L50, F|\n|poke|p1|Basculegion, L50, M|\n|poke|p2|Skeledirge, L50, M|\n|poke|p2|Slowking, L50, F|\n|poke|p2|Mr. Rime, L50, M|\n|poke|p2|Gardevoir, L50, M|\n|poke|p2|Golurk, L50|\n|poke|p2|Dragonite, L50, F|\n|teampreview|4\nTaiyougetsu has agreed to open team sheets.\nParodia03 has agreed to open team sheets.\n|showteam|p1|Gardevoir||Gardevoirite|Trace|HyperVoice,ShadowBall,CalmMind,Protect|||M|||50|]Incineroar||SitrusBerry|Intimidate|FakeOut,PartingShot,FlareBlitz,WillOWisp|||M|||50|]Rotom-Heat||PasshoBerry|Levitate|Overheat,Discharge,HelpingHand,Protect||||||50|]Garchomp||BrightPowder|RoughSkin|Earthquake,SwordsDance,Protect,RockSlide|||M|||50|]Scizor||LumBerry|Technician|Tailwind,BulletPunch,DualWingbeat,Protect|||F|||50|]Basculegion||ChoiceScarf|Adaptability|FlipTurn,WaveCrash,LastRespects,HeadSmash|||M|||50|\n|showteam|p2|Skeledirge||Leftovers|Unaware|TorchSong,ShadowBall,Protect,SlackOff|||M|||50|]Slowking||TwistedSpoon|Regenerator|ExpandingForce,Blizzard,ChillyReception,PsychicTerrain|||F|||50|]Mr. Rime||FocusSash|IceBody|Blizzard,IcyWind,ExpandingForce,ThunderWave|||M|||50|]Gardevoir||Gardevoirite|Telepathy|ExpandingForce,Moonblast,VacuumWave,EnergyBall|||M|||50|]Golurk||Golurkite|IronFist|ShadowPunch,HeadlongRush,Protect,IcePunch||||||50|]Dragonite||KingsRock|Multiscale|BreakingSwipe,IceSpinner,RockSlide,Tailwind|||F|||50|\n|\n|t:|1776210299\n|teamsize|p1|4\n|teamsize|p2|4\n|start\n|switch|p1a: Scizor|Scizor, L50, F|100/100\n|switch|p1b: Gardevoir|Gardevoir, L50, M, shiny|100/100\n|switch|p2a: Slowking|Slowking, L50, F|100/100\n|switch|p2b: Dragonite|Dragonite, L50, F|100/100\n|-ability|p1b: Gardevoir|Multiscale|Trace|[from] ability: Trace|[of] p2b: Dragonite\n|turn|1\n|\n|t:|1776210315\n|detailschange|p1b: Gardevoir|Gardevoir-Mega, L50, M, shiny\n|-mega|p1b: Gardevoir|Gardevoir|Gardevoirite\n|move|p1a: Scizor|Bullet Punch|p2b: Dragonite\n|-damage|p2b: Dragonite|87/100\n|move|p1b: Gardevoir|Hyper Voice|p2b: Dragonite|[spread] p2a,p2b\n|-supereffective|p2b: Dragonite|1\n|-damage|p2a: Slowking|56/100\n|-damage|p2b: Dragonite|7/100\n|move|p2b: Dragonite|Tailwind|p2b: Dragonite\n|-sidestart|p2: Taiyougetsu|move: Tailwind\n|-prepare|p2a: Slowking|Chilly Reception|[premajor]\n|move|p2a: Slowking|Chilly Reception|p2a: Slowking\n|-weather|Snowscape\n|\n|t:|1776210322\n|switch|p2a: Mr. Rime|Mr. Rime, L50, M|100/100|[from] Chilly Reception\n|\n|-weather|Snowscape|[upkeep]\n|upkeep\n|turn|2\n|\n|t:|1776210327\n|move|p1b: Gardevoir|Protect|p1b: Gardevoir\n|-singleturn|p1b: Gardevoir|Protect\n|move|p2b: Dragonite|Rock Slide|p1b: Gardevoir|[spread] p1a\n|-activate|p1b: Gardevoir|move: Protect\n|-crit|p1a: Scizor\n|-damage|p1a: Scizor|70/100\n|move|p2a: Mr. Rime|Blizzard|p1a: Scizor|[spread] p1a\n|-activate|p1b: Gardevoir|move: Protect\n|-resisted|p1a: Scizor|1\n|-damage|p1a: Scizor|46/100\n|move|p1a: Scizor|Tailwind|p1a: Scizor\n|-sidestart|p1: Parodia03|move: Tailwind\n|\n|-weather|Snowscape|[upkeep]\n|upkeep\n|turn|3\n|\n|t:|1776210341\n|move|p1a: Scizor|Bullet Punch|p2a: Mr. Rime\n|-supereffective|p2a: Mr. Rime|1\n|-damage|p2a: Mr. Rime|56/100\n|move|p1b: Gardevoir|Hyper Voice|p2a: Mr. Rime|[spread] p2a,p2b\n|-supereffective|p2b: Dragonite|1\n|-damage|p2a: Mr. Rime|10/100\n|-damage|p2b: Dragonite|0 fnt\n|faint|p2b: Dragonite\n|move|p2a: Mr. Rime|Blizzard|p1b: Gardevoir|[spread] p1a,p1b\n|-resisted|p1a: Scizor|1\n|-damage|p1a: Scizor|23/100\n|-damage|p1b: Gardevoir|67/100\n|\n|-weather|Snowscape|[upkeep]\n|-heal|p2a: Mr. Rime|16/100|[from] ability: Ice Body\n|upkeep\n|\n|t:|1776210346\n|switch|p2b: Slowking|Slowking, L50, F|89/100\n|turn|4\n|\n|t:|1776210359\n|move|p1a: Scizor|Bullet Punch|p2a: Mr. Rime\n|-supereffective|p2a: Mr. Rime|1\n|-damage|p2a: Mr. Rime|0 fnt\n|faint|p2a: Mr. Rime\n|move|p1b: Gardevoir|Hyper Voice|p2b: Slowking\n|-damage|p2b: Slowking|31/100\n|move|p2b: Slowking|Psychic Terrain|p2b: Slowking\n|-fieldstart|move: Psychic Terrain\n|\n|-weather|Snowscape|[upkeep]\n|-sideend|p2: Taiyougetsu|move: Tailwind\n|upkeep\n|\n|t:|1776210361\n|switch|p2a: Gardevoir|Gardevoir, L50, M|100/100\n|turn|5\n|\n|t:|1776210381\n|move|p1b: Gardevoir|Shadow Ball|p2a: Gardevoir\n|-supereffective|p2a: Gardevoir|1\n|-damage|p2a: Gardevoir|33/100\n|move|p1a: Scizor|Dual Wingbeat|p2a: Gardevoir\n|-damage|p2a: Gardevoir|0 fnt\n|faint|p2a: Gardevoir\n|-hitcount|p2: Gardevoir|1\n|move|p2b: Slowking|Blizzard|p1b: Gardevoir|[spread] p1a,p1b\n|-resisted|p1a: Scizor|1\n|-damage|p1a: Scizor|6/100\n|-damage|p1b: Gardevoir|43/100\n|-status|p1a: Scizor|frz\n|-enditem|p1a: Scizor|Lum Berry|[eat]\n|-curestatus|p1a: Scizor|frz|[msg]\n|\n|-weather|none\n|-sideend|p1: Parodia03|move: Tailwind\n|upkeep\n|turn|6\n|\n|t:|1776210389\n|move|p1b: Gardevoir|Shadow Ball|p2b: Slowking\n|-supereffective|p2b: Slowking|1\n|-damage|p2b: Slowking|0 fnt\n|faint|p2b: Slowking\n|\n|win|Parodia03\n|raw|Parodia03's rating: 1038 &rarr; <strong>1069</strong><br />(+31 for winning)\n|raw|Taiyougetsu's rating: 1000 &rarr; <strong>1000</strong><br />(+0 for losing)\n",
  "uploadtime": 1776210392,
  "views": 12,
  "formatid": "gen9championsvgc2026regma",
  "rating": 1000,
  "private": 0,
  "password": null
}