{
  "id": "gen9championsvgc2026regma-2582419511",
  "format": "[Gen 9 Champions] VGC 2026 Reg M-A",
  "players": [
    "sadestburger",
    "JAMieC_123"
  ],
  "log": "|j|\u2606sadestburger\n|j|\u2606JAMieC_123\n|t:|1776090473\n|gametype|doubles\n|player|p1|sadestburger|pilot|1105\n|player|p2|JAMieC_123|ltsurge|1156\n|gen|9\n|tier|[Gen 9 Champions] VGC 2026 Reg M-A\n|rated|\n|rule|Species Clause: Limit one of each Pok\u00e9mon\n|rule|Item Clause: Limit 1 of each item\n|clearpoke\n|poke|p1|Delphox, L50, F|\n|poke|p1|Chesnaught, L50, M|\n|poke|p1|Kingambit, L50, F|\n|poke|p1|Azumarill, L50, F|\n|poke|p1|Pikachu, L50, M|\n|poke|p1|Maushold, L50|\n|poke|p2|Sableye, L50, F|\n|poke|p2|Sinistcha, L50|\n|poke|p2|Floette-Eternal, L50, F|\n|poke|p2|Incineroar, L50, F|\n|poke|p2|Excadrill, L50, F|\n|poke|p2|Tyranitar, L50, M|\n|teampreview|4\nJAMieC_123 has agreed to open team sheets.\n|inactive|Battle timer is ON: inactive players will automatically lose when time's up. (requested by JAMieC_123)\n|\n|t:|1776090508\n|teamsize|p1|4\n|teamsize|p2|4\n|start\n|switch|p1a: Kingambit|Kingambit, L50, F|100/100\n|switch|p1b: Chesnaught|Chesnaught, L50, M|100/100\n|switch|p2a: Excadrill|Excadrill, L50, F|100/100\n|switch|p2b: Tyranitar|Tyranitar, L50, M|100/100\n|-weather|Sandstorm|[from] ability: Sand Stream|[of] p2b: Tyranitar\n|turn|1\n|\n|t:|1776090532\n|detailschange|p1b: Chesnaught|Chesnaught-Mega, L50, M\n|-mega|p1b: Chesnaught|Chesnaught|Chesnaughtite\n|move|p2b: Tyranitar|Protect|p2b: Tyranitar\n|-singleturn|p2b: Tyranitar|Protect\n|move|p2a: Excadrill|Earthquake|p1b: Chesnaught|[spread] p1a,p1b\n|-activate|p2b: Tyranitar|move: Protect\n|-supereffective|p1a: Kingambit|1\n|-resisted|p1b: Chesnaught|1\n|-damage|p1a: Kingambit|23/100\n|-damage|p1b: Chesnaught|90/100\n|move|p1a: Kingambit|Kowtow Cleave|p2a: Excadrill\n|-damage|p2a: Excadrill|9/100\n|move|p1b: Chesnaught|Body Press|p2b: Tyranitar\n|-activate|p2b: Tyranitar|move: Protect\n|\n|-weather|Sandstorm|[upkeep]\n|-damage|p1b: Chesnaught|84/100|[from] Sandstorm\n|upkeep\n|turn|2\n|inactive|JAMieC_123 has 30 seconds left.\n|\n|t:|1776090558\n|move|p1a: Kingambit|Sucker Punch|p2a: Excadrill\n|-damage|p2a: Excadrill|0 fnt\n|faint|p2a: Excadrill\n|move|p2b: Tyranitar|Rock Slide|p1b: Chesnaught|[spread] p1a,p1b\n|-resisted|p1a: Kingambit|1\n|-resisted|p1b: Chesnaught|1\n|-damage|p1a: Kingambit|10/100\n|-damage|p1b: Chesnaught|76/100\n|cant|p1b: Chesnaught|flinch\n|\n|-weather|Sandstorm|[upkeep]\n|-damage|p1b: Chesnaught|70/100|[from] Sandstorm\n|upkeep\n|\n|t:|1776090569\n|switch|p2a: Sableye|Sableye, L50, F|100/100\n|turn|3\n|\n|t:|1776090584\n|move|p1b: Chesnaught|Wide Guard|p1b: Chesnaught\n|-singleturn|p1b: Chesnaught|Wide Guard\n|move|p2a: Sableye|Reflect|p2a: Sableye\n|-sidestart|p2: JAMieC_123|Reflect\n|move|p2b: Tyranitar|Rock Slide|p1a: Kingambit|[spread] \n|-activate|p1a: Kingambit|move: Wide Guard\n|-activate|p1b: Chesnaught|move: Wide Guard\n|move|p1a: Kingambit|Kowtow Cleave|p2a: Sableye\n|-damage|p2a: Sableye|50/100\n|\n|-weather|Sandstorm|[upkeep]\n|-damage|p2a: Sableye|44/100|[from] Sandstorm\n|-damage|p1b: Chesnaught|64/100|[from] Sandstorm\n|upkeep\n|turn|4\n|inactive|JAMieC_123 has 30 seconds left.\n|\n|t:|1776090612\n|move|p1a: Kingambit|Protect|p1a: Kingambit\n|-singleturn|p1a: Kingambit|Protect\n|move|p2a: Sableye|Light Screen|p2a: Sableye\n|-sidestart|p2: JAMieC_123|move: Light Screen\n|move|p2b: Tyranitar|Low Kick|p1a: Kingambit\n|-activate|p1a: Kingambit|move: Protect\n|move|p1b: Chesnaught|Leech Seed|p2a: Sableye\n|-start|p2a: Sableye|move: Leech Seed\n|\n|-weather|Sandstorm|[upkeep]\n|-damage|p2a: Sableye|38/100|[from] Sandstorm\n|-damage|p1b: Chesnaught|57/100|[from] Sandstorm\n|-damage|p2a: Sableye|26/100|[from] Leech Seed|[of] p1b: Chesnaught\n|-heal|p1b: Chesnaught|67/100|[silent]\n|upkeep\n|turn|5\n|\n|t:|1776090628\n|switch|p1a: Azumarill|Azumarill, L50, F|100/100\n|move|p2b: Tyranitar|Rock Slide|p1b: Chesnaught|[spread] p1a,p1b\n|-resisted|p1b: Chesnaught|1\n|-damage|p1a: Azumarill|72/100\n|-damage|p1b: Chesnaught|60/100\n|move|p2a: Sableye|Foul Play|p1b: Chesnaught\n|-resisted|p1b: Chesnaught|1\n|-damage|p1b: Chesnaught|49/100\n|move|p1b: Chesnaught|Leech Seed|p2b: Tyranitar\n|-start|p2b: Tyranitar|move: Leech Seed\n|\n|-weather|none\n|-damage|p2b: Tyranitar|88/100|[from] Leech Seed|[of] p1b: Chesnaught\n|-heal|p1b: Chesnaught|62/100|[silent]\n|-damage|p2a: Sableye|14/100|[from] Leech Seed|[of] p1b: Chesnaught\n|-heal|p1b: Chesnaught|72/100|[silent]\n|upkeep\n|turn|6\n|\n|t:|1776090651\n|switch|p2a: Floette|Floette-Eternal, L50, F|100/100\n|move|p2b: Tyranitar|Rock Slide|p1a: Azumarill|[spread] p1a,p1b\n|-resisted|p1b: Chesnaught|1\n|-damage|p1a: Azumarill|43/100\n|-damage|p1b: Chesnaught|65/100\n|-enditem|p1a: Azumarill|Sitrus Berry|[eat]\n|-heal|p1a: Azumarill|68/100|[from] item: Sitrus Berry\n|move|p1a: Azumarill|Belly Drum|p1a: Azumarill\n|-damage|p1a: Azumarill|18/100\n|-setboost|p1a: Azumarill|atk|6|[from] move: Belly Drum\n|move|p1b: Chesnaught|Body Press|p2b: Tyranitar\n|-supereffective|p2b: Tyranitar|2\n|-damage|p2b: Tyranitar|0 fnt\n|faint|p2b: Tyranitar\n|\n|upkeep\n|\n|t:|1776090665\n|switch|p2b: Sableye|Sableye, L50, F|14/100\n|turn|7\n|\n|t:|1776090684\n|detailschange|p2a: Floette|Floette-Mega, L50, F\n|-mega|p2a: Floette|Floette|Floettite\n|-ability|p2a: Floette|Fairy Aura\n|move|p2b: Sableye|Protect|p2b: Sableye\n|-singleturn|p2b: Sableye|Protect\n|move|p1b: Chesnaught|Wide Guard|p1b: Chesnaught\n|-singleturn|p1b: Chesnaught|Wide Guard\n|move|p1a: Azumarill|Aqua Jet|p2a: Floette\n|-damage|p2a: Floette|40/100\n|move|p2a: Floette|Moonblast|p1a: Azumarill\n|-damage|p1a: Azumarill|0 fnt\n|faint|p1a: Azumarill\n|\n|-sideend|p2: JAMieC_123|Reflect\n|upkeep\n|\n|t:|1776090695\n|switch|p1a: Pikachu|Pikachu, L50, M|100/100\n|turn|8\n|\n|t:|1776090708\n|move|p1a: Pikachu|Fake Out|p2a: Floette\n|-damage|p2a: Floette|25/100\n|move|p2b: Sableye|Reflect|p2b: Sableye\n|-sidestart|p2: JAMieC_123|Reflect\n|cant|p2a: Floette|flinch\n|move|p1b: Chesnaught|Leech Seed|p2b: Sableye\n|-start|p2b: Sableye|move: Leech Seed\n|\n|-damage|p2b: Sableye|2/100|[from] Leech Seed|[of] p1b: Chesnaught\n|-heal|p1b: Chesnaught|74/100|[silent]\n|-sideend|p2: JAMieC_123|move: Light Screen\n|upkeep\n|turn|9\n|\n|t:|1776090731\n|move|p2b: Sableye|Light Screen|p2b: Sableye\n|-sidestart|p2: JAMieC_123|move: Light Screen\n|move|p1a: Pikachu|Volt Tackle|p2a: Floette\n|-damage|p2a: Floette|0 fnt\n|faint|p2a: Floette\n|-damage|p1a: Pikachu|87/100|[from] Recoil\n|move|p1b: Chesnaught|Leech Seed||[still]\n|-fail|p1b: Chesnaught\n|\n|-damage|p2b: Sableye|0 fnt|[from] Leech Seed|[of] p1b: Chesnaught\n|-heal|p1b: Chesnaught|75/100|[silent]\n|faint|p2b: Sableye\n|\n|win|sadestburger\n|raw|sadestburger's rating: 1105 &rarr; <strong>1134</strong><br />(+29 for winning)\n|raw|JAMieC_123's rating: 1156 &rarr; <strong>1127</strong><br />(-29 for losing)\n",
  "uploadtime": 1776090753,
  "views": 17,
  "formatid": "gen9championsvgc2026regma",
  "rating": 1127,
  "private": 0,
  "password": null
}