{
  "id": "gen9championsvgc2026regma-2584114551",
  "format": "[Gen 9 Champions] VGC 2026 Reg M-A",
  "players": [
    "FawnWasTaken",
    "ghetsisuwu"
  ],
  "log": "|j|\u2606FawnWasTaken\n|j|\u2606ghetsisuwu\n|t:|1776226708\n|gametype|doubles\n|player|p1|FawnWasTaken|266|\n|player|p2|ghetsisuwu|101|\n|gen|9\n|tier|[Gen 9 Champions] VGC 2026 Reg M-A\n|rule|Species Clause: Limit one of each Pok\u00e9mon\n|rule|Item Clause: Limit 1 of each item\n|clearpoke\n|poke|p1|Aggron, L50, F|\n|poke|p1|Farigiraf, L50, F|\n|poke|p1|Sinistcha-Masterpiece, L50|\n|poke|p1|Primarina, L50, F|\n|poke|p1|Talonflame, L50, M|\n|poke|p1|Feraligatr, L50, F|\n|poke|p2|Arbok, L50, F|\n|poke|p2|Incineroar, L50, F|\n|poke|p2|Blastoise, L50, F|\n|poke|p2|Archaludon, L50, F|\n|poke|p2|Azumarill, L50, F|\n|poke|p2|Ditto, L50|\n|teampreview|4\n|inactive|Battle timer is ON: inactive players will automatically lose when time's up. (requested by ghetsisuwu)\n|inactive|FawnWasTaken has 60 seconds left.\n|inactive|FawnWasTaken has 30 seconds left.\n|inactive|FawnWasTaken has 20 seconds left.\n|inactive|FawnWasTaken has 15 seconds left.\n|inactive|FawnWasTaken has 10 seconds left.\n|inactive|FawnWasTaken has 5 seconds left.\n|\n|t:|1776226900\n|teamsize|p1|4\n|teamsize|p2|4\n|start\n|switch|p1a: Aggron|Aggron, L50, F|100/100\n|switch|p1b: Farigiraf|Farigiraf, L50, F|100/100\n|switch|p2a: Arbok|Arbok, L50, F, shiny|100/100\n|switch|p2b: Archaludon|Archaludon, L50, F, shiny|100/100\n|-ability|p2a: Arbok|Intimidate|boost\n|-unboost|p1a: Aggron|atk|1\n|-unboost|p1b: Farigiraf|atk|1\n|turn|1\n|inactive|ghetsisuwu has 30 seconds left.\n|\n|t:|1776226934\n|detailschange|p1a: Aggron|Aggron-Mega, L50, F\n|-mega|p1a: Aggron|Aggron|Aggronite\n|move|p2b: Archaludon|Light Screen|p2b: Archaludon\n|-sidestart|p2: ghetsisuwu|move: Light Screen\n|move|p2a: Arbok|Glare|p1b: Farigiraf\n|-status|p1b: Farigiraf|par\n|move|p1a: Aggron|Body Press|p2b: Archaludon\n|-supereffective|p2b: Archaludon|1\n|-damage|p2b: Archaludon|50/100\n|-ability|p2b: Archaludon|Stamina|boost\n|-boost|p2b: Archaludon|def|1\n|move|p1b: Farigiraf|Trick Room|p1b: Farigiraf\n|-fieldstart|move: Trick Room|[of] p1b: Farigiraf\n|\n|-heal|p2b: Archaludon|56/100|[from] item: Leftovers\n|upkeep\n|turn|2\n|\n|t:|1776226953\n|move|p1b: Farigiraf|Hyper Voice|p2a: Arbok|[spread] p2a,p2b\n|-resisted|p2b: Archaludon|1\n|-damage|p2a: Arbok|77/100\n|-damage|p2b: Archaludon|42/100\n|-ability|p2b: Archaludon|Stamina|boost\n|-boost|p2b: Archaludon|def|1\n|move|p1a: Aggron|Body Press|p2b: Archaludon\n|-supereffective|p2b: Archaludon|1\n|-damage|p2b: Archaludon|14/100\n|-ability|p2b: Archaludon|Stamina|boost\n|-boost|p2b: Archaludon|def|1\n|move|p2a: Arbok|Knock Off|p1b: Farigiraf\n|-supereffective|p1b: Farigiraf|1\n|-damage|p1b: Farigiraf|42/100 par\n|-enditem|p1b: Farigiraf|Sitrus Berry|[from] move: Knock Off|[of] p2a: Arbok\n|move|p2b: Archaludon|Snarl|p1a: Aggron|[spread] p1a,p1b\n|-supereffective|p1b: Farigiraf|1\n|-damage|p1a: Aggron|91/100\n|-damage|p1b: Farigiraf|23/100 par\n|-unboost|p1a: Aggron|spa|1\n|-unboost|p1b: Farigiraf|spa|1\n|\n|-heal|p2b: Archaludon|20/100|[from] item: Leftovers\n|upkeep\n|turn|3\n|inactive|FawnWasTaken has 30 seconds left.\n|inactive|ghetsisuwu has 30 seconds left.\n|inactive|ghetsisuwu has 20 seconds left.\n|\n|t:|1776226989\n|move|p1b: Farigiraf|Hyper Voice|p2a: Arbok|[spread] p2a,p2b\n|-resisted|p2b: Archaludon|1\n|-damage|p2a: Arbok|59/100\n|-damage|p2b: Archaludon|12/100\n|-ability|p2b: Archaludon|Stamina|boost\n|-boost|p2b: Archaludon|def|1\n|move|p1a: Aggron|Body Press|p2b: Archaludon\n|-supereffective|p2b: Archaludon|1\n|-damage|p2b: Archaludon|0 fnt\n|faint|p2b: Archaludon\n|move|p2a: Arbok|Knock Off|p1b: Farigiraf\n|-supereffective|p1b: Farigiraf|1\n|-damage|p1b: Farigiraf|0 fnt\n|faint|p1b: Farigiraf\n|\n|upkeep\n|\n|t:|1776227001\n|switch|p1b: Primarina|Primarina, L50, F|100/100\n|switch|p2b: Ditto|Ditto, L50, shiny|100/100\n|-transform|p2b: Ditto|p1a: Aggron|[from] ability: Imposter\n|turn|4\n|inactive|FawnWasTaken has 30 seconds left.\n|\n|t:|1776227036\n|move|p1a: Aggron|Body Press|p2b: Ditto\n|-supereffective|p2b: Ditto|1\n|-damage|p2b: Ditto|68/100\n|move|p1b: Primarina|Psychic|p2a: Arbok\n|-supereffective|p2a: Arbok|1\n|-damage|p2a: Arbok|0 fnt\n|faint|p2a: Arbok\n|move|p2b: Ditto|Body Press|p1a: Aggron\n|-supereffective|p1a: Aggron|1\n|-damage|p1a: Aggron|60/100\n|\n|upkeep\n|\n|t:|1776227045\n|switch|p2a: Blastoise|Blastoise, L50, F, shiny|100/100\n|turn|5\n|\n|t:|1776227059\n|detailschange|p2a: Blastoise|Blastoise-Mega, L50, F, shiny\n|-mega|p2a: Blastoise|Blastoise|Blastoisinite\n|move|p1a: Aggron|Iron Defense|p1a: Aggron\n|-boost|p1a: Aggron|def|2\n|move|p1b: Primarina|Flip Turn|p2a: Blastoise\n|-resisted|p2a: Blastoise|1\n|-damage|p2a: Blastoise|93/100\n|\n|t:|1776227066\n|switch|p1b: Sinistcha|Sinistcha-Masterpiece, L50|100/100|[from] Flip Turn\n|-heal|p1a: Aggron|85/100|[from] ability: Hospitality|[of] p1b: Sinistcha\n|move|p2b: Ditto|Body Press|p1a: Aggron\n|-supereffective|p1a: Aggron|1\n|-damage|p1a: Aggron|72/100\n|move|p2a: Blastoise|Shell Smash|p2a: Blastoise\n|-unboost|p2a: Blastoise|def|1\n|-unboost|p2a: Blastoise|spd|1\n|-boost|p2a: Blastoise|atk|2\n|-boost|p2a: Blastoise|spa|2\n|-boost|p2a: Blastoise|spe|2\n|\n|-sideend|p2: ghetsisuwu|move: Light Screen\n|-fieldend|move: Trick Room\n|upkeep\n|turn|6\n|\n|t:|1776227084\n|move|p1a: Aggron|Protect|p1a: Aggron\n|-singleturn|p1a: Aggron|Protect\n|move|p2a: Blastoise|Ice Beam|p1b: Sinistcha\n|-supereffective|p1b: Sinistcha|1\n|-damage|p1b: Sinistcha|0 fnt\n|faint|p1b: Sinistcha\n|move|p2b: Ditto|Body Press|p1a: Aggron\n|-activate|p1a: Aggron|move: Protect\n|\n|upkeep\n|\n|t:|1776227091\n|switch|p1b: Primarina|Primarina, L50, F|100/100\n|turn|7\n|\n|t:|1776227102\n|move|p2a: Blastoise|Aura Sphere|p1a: Aggron\n|-supereffective|p1a: Aggron|1\n|-damage|p1a: Aggron|0 fnt\n|faint|p1a: Aggron\n|move|p2b: Ditto|Body Press|p1b: Primarina\n|-resisted|p1b: Primarina|1\n|-crit|p1b: Primarina\n|-damage|p1b: Primarina|67/100\n|move|p1b: Primarina|Dazzling Gleam|p2b: Ditto|[spread] p2a,p2b\n|-resisted|p2b: Ditto|1\n|-crit|p2b: Ditto\n|-damage|p2a: Blastoise|38/100\n|-damage|p2b: Ditto|46/100\n|\n|-heal|p1b: Primarina|73/100|[from] item: Leftovers\n|upkeep\n|turn|8\n|\n|t:|1776227119\n|move|p2a: Blastoise|Water Pulse|p1b: Primarina\n|-resisted|p1b: Primarina|1\n|-damage|p1b: Primarina|31/100\n|move|p2b: Ditto|Body Press|p1b: Primarina\n|-resisted|p1b: Primarina|1\n|-damage|p1b: Primarina|6/100\n|move|p1b: Primarina|Dazzling Gleam|p2a: Blastoise|[spread] p2a,p2b\n|-resisted|p2b: Ditto|1\n|-damage|p2a: Blastoise|0 fnt\n|-damage|p2b: Ditto|30/100\n|faint|p2a: Blastoise\n|\n|-heal|p1b: Primarina|12/100|[from] item: Leftovers\n|upkeep\n|turn|9\n|\n|t:|1776227129\n|-activate|p2b: Ditto|move: Struggle\n|move|p2b: Ditto|Struggle|p1b: Primarina\n|-damage|p1b: Primarina|0 fnt\n|faint|p1b: Primarina\n|-damage|p2b: Ditto|4/100|[from] recoil\n|\n|win|ghetsisuwu\n",
  "uploadtime": 1776227138,
  "views": 17,
  "formatid": "gen9championsvgc2026regma",
  "rating": null,
  "private": 0,
  "password": null
}