{
  "id": "gen9championsvgc2026regma-2581999957",
  "format": "[Gen 9 Champions] VGC 2026 Reg M-A",
  "players": [
    "chromate",
    "Plopy14"
  ],
  "log": "|j|\u2606chromate\n|j|\u2606Plopy14\n|t:|1776047079\n|gametype|doubles\n|player|p1|chromate|miku-ghost|\n|player|p2|Plopy14|bugcatcher|\n|gen|9\n|tier|[Gen 9 Champions] VGC 2026 Reg M-A\n|rated|Tournament battle\n|rule|Species Clause: Limit one of each Pok\u00e9mon\n|rule|Item Clause: Limit 1 of each item\n|clearpoke\n|poke|p1|Charizard, L50, M|\n|poke|p1|Whimsicott, L50, M|\n|poke|p1|Garchomp, L50, F|\n|poke|p1|Sneasler, L50, M|\n|poke|p1|Maushold, L50|\n|poke|p1|Aegislash, L50, F|\n|poke|p2|Manectric, L50, F|\n|poke|p2|Archaludon, L50, F|\n|poke|p2|Basculegion, L50, M|\n|poke|p2|Sinistcha, L50|\n|poke|p2|Politoed, L50, F|\n|poke|p2|Incineroar, L50, M|\n|teampreview|4\n|j|+holdingb\n|j| jongseobs 1 fanboy\n|j| tindall65\n|\n|t:|1776047176\n|teamsize|p1|4\n|teamsize|p2|4\n|start\n|switch|p1a: Charizard|Charizard, L50, M|100/100\n|switch|p1b: Whimsicott|Whimsicott, L50, M|100/100\n|switch|p2a: Basculegion|Basculegion, L50, M|100/100\n|switch|p2b: Incineroar|Incineroar, L50, M|100/100\n|-ability|p2b: Incineroar|Intimidate|boost\n|-unboost|p1a: Charizard|atk|1\n|-unboost|p1b: Whimsicott|atk|1\n|turn|1\n|l| jongseobs 1 fanboy\n|\n|t:|1776047189\n|move|p1a: Charizard|Protect|p1a: Charizard\n|-singleturn|p1a: Charizard|Protect\n|move|p2b: Incineroar|Fake Out|p1b: Whimsicott\n|-damage|p1b: Whimsicott|87/100\n|cant|p1b: Whimsicott|flinch\n|move|p2a: Basculegion|Flip Turn|p1a: Charizard\n|-activate|p1a: Charizard|move: Protect\n|\n|upkeep\n|turn|2\n|\n|t:|1776047207\n|switch|p2b: Politoed|Politoed, L50, F|100/100\n|-weather|RainDance|[from] ability: Drizzle|[of] p2b: Politoed\n|detailschange|p1a: Charizard|Charizard-Mega-Y, L50, M\n|-mega|p1a: Charizard|Charizard|Charizardite Y\n|-weather|SunnyDay|[from] ability: Drought|[of] p1a: Charizard\n|move|p1b: Whimsicott|Tailwind|p1b: Whimsicott\n|-sidestart|p1: chromate|move: Tailwind\n|move|p1a: Charizard|Solar Beam||[still]\n|-prepare|p1a: Charizard|Solar Beam\n|-anim|p1a: Charizard|Solar Beam|p2a: Basculegion\n|-supereffective|p2a: Basculegion|1\n|-damage|p2a: Basculegion|0 fnt\n|faint|p2a: Basculegion\n|\n|-weather|SunnyDay|[upkeep]\n|upkeep\n|\n|t:|1776047228\n|switch|p2a: Incineroar|Incineroar, L50, M|100/100\n|-ability|p2a: Incineroar|Intimidate|boost\n|-unboost|p1a: Charizard|atk|1\n|-unboost|p1b: Whimsicott|atk|1\n|turn|3\n|j| jongseobs 1 fanboy\n|c|\u2606Plopy14|I thought megas went before swaps\n|c|\u2606Plopy14|I'm ngl I just blundered that so hard\n|c|\u2606chromate|nah that was a bug in the trailer\n|c|\u2606Plopy14|Rip\n|c|\u2606Plopy14|T-T\n|c|\u2606chromate|and everyone like fixated on it\n|c|\u2606Plopy14|This is what I get for not paying attention\n|\n|t:|1776047263\n|switch|p2b: Sinistcha|Sinistcha, L50|100/100\n|move|p1a: Charizard|Protect|p1a: Charizard\n|-singleturn|p1a: Charizard|Protect\n|move|p2a: Incineroar|Fake Out|p1a: Charizard\n|-activate|p1a: Charizard|move: Protect\n|move|p1b: Whimsicott|Moonblast|p2a: Incineroar\n|-damage|p2a: Incineroar|67/100\n|\n|-weather|SunnyDay|[upkeep]\n|upkeep\n|turn|4\n|c|\u2606chromate|dw mega order was random until 2 days ago\n|\n|t:|1776047281\n|switch|p2b: Politoed|Politoed, L50, F|100/100\n|-weather|RainDance|[from] ability: Drizzle|[of] p2b: Politoed\n|move|p1b: Whimsicott|Sunny Day|p1b: Whimsicott\n|-weather|SunnyDay\n|move|p1a: Charizard|Heat Wave|p2a: Incineroar|[spread] p2a,p2b\n|-resisted|p2a: Incineroar|1\n|-resisted|p2b: Politoed|1\n|-damage|p2a: Incineroar|33/100\n|-damage|p2b: Politoed|77/100\n|move|p2a: Incineroar|Parting Shot|p1a: Charizard\n|-unboost|p1a: Charizard|atk|1\n|-unboost|p1a: Charizard|spa|1\n|c|\u2606Plopy14|oh fun, sunny day lmao I'm so cooked\n|\n|t:|1776047294\n|switch|p2a: Sinistcha|Sinistcha, L50|100/100|[from] Parting Shot\n|-heal|p2b: Politoed|100/100|[from] ability: Hospitality|[of] p2a: Sinistcha\n|\n|-weather|SunnyDay|[upkeep]\n|upkeep\n|turn|5\n|c|\u2606Plopy14|Welpg\n|-message|Plopy14 forfeited.\n|\n|win|chromate\n|n|\u2606chromate|chromate\n|n|\u2606Plopy14|plopy14\n|n| holdingb|holdingb\n|n| tindall65|tindall65\n|n| jongseobs 1 fanboy|jongseobs1fanboy\n",
  "uploadtime": 1776047302,
  "views": 10,
  "formatid": "gen9championsvgc2026regma",
  "rating": null,
  "private": 0,
  "password": null
}