{
  "id": "gen9championsvgc2026regma-2584092579",
  "format": "[Gen 9 Champions] VGC 2026 Reg M-A",
  "players": [
    "longhq",
    "Niko highway"
  ],
  "log": "|j|\u203dlonghq\n|j|\u2606Niko highway\n|t:|1776224324\n|gametype|doubles\n|player|p1|longhq|dawn|1483\n|player|p2|Niko highway|266|1478\n|gen|9\n|tier|[Gen 9 Champions] VGC 2026 Reg M-A\n|rated|\n|rule|Species Clause: Limit one of each Pok\u00e9mon\n|rule|Item Clause: Limit 1 of each item\n|clearpoke\n|poke|p1|Aerodactyl, L50, F|\n|poke|p1|Kingambit, L50, M|\n|poke|p1|Slowking-Galar, L50, F|\n|poke|p1|Meowscarada, L50, F|\n|poke|p1|Corviknight, L50, M|\n|poke|p1|Floette-Eternal, L50, F|\n|poke|p2|Incineroar, L50, F|\n|poke|p2|Conkeldurr, L50, F|\n|poke|p2|Sinistcha, L50|\n|poke|p2|Cofagrigus, L50, F|\n|poke|p2|Drampa, L50, M|\n|poke|p2|Aegislash, L50, F|\n|teampreview|4\n|\n|t:|1776224362\n|teamsize|p1|4\n|teamsize|p2|4\n|start\n|switch|p1a: Kingambit|Kingambit, L50, M, shiny|100/100\n|switch|p1b: Meowscarada|Meowscarada, L50, F|100/100\n|switch|p2a: Incineroar|Incineroar, L50, F|100/100\n|switch|p2b: Cofagrigus|Cofagrigus, L50, F|100/100\n|-ability|p2a: Incineroar|Intimidate|boost\n|-unboost|p1a: Kingambit|atk|1\n|-ability|p1a: Kingambit|Defiant|boost\n|-boost|p1a: Kingambit|atk|2\n|-unboost|p1b: Meowscarada|atk|1\n|turn|1\n|inactive|Battle timer is ON: inactive players will automatically lose when time's up. (requested by Niko highway)\n|\n|t:|1776224387\n|move|p2a: Incineroar|Fake Out|p1a: Kingambit\n|-resisted|p1a: Kingambit|1\n|-damage|p1a: Kingambit|95/100\n|move|p1b: Meowscarada|Knock Off|p2b: Cofagrigus\n|-start|p1b: Meowscarada|typechange|Dark|[from] ability: Protean\n|-supereffective|p2b: Cofagrigus|1\n|-damage|p2b: Cofagrigus|52/100\n|-activate|p2b: Cofagrigus|ability: Mummy|p1b: Meowscarada|[ability] Protean\n|-enditem|p2b: Cofagrigus|Leftovers|[from] move: Knock Off|[of] p1b: Meowscarada\n|cant|p1a: Kingambit|flinch\n|move|p2b: Cofagrigus|Trick Room|p2b: Cofagrigus\n|-fieldstart|move: Trick Room|[of] p2b: Cofagrigus\n|\n|upkeep\n|turn|2\n|\n|t:|1776224410\n|switch|p1b: Corviknight|Corviknight, L50, M, shiny|100/100\n|move|p2b: Cofagrigus|Will-O-Wisp|p1a: Kingambit\n|-status|p1a: Kingambit|brn\n|move|p1a: Kingambit|Kowtow Cleave|p2b: Cofagrigus\n|-supereffective|p2b: Cofagrigus|1\n|-damage|p2b: Cofagrigus|0 fnt\n|-activate|p2b: Cofagrigus|ability: Mummy|p1a: Kingambit|[ability] Defiant\n|faint|p2b: Cofagrigus\n|move|p2a: Incineroar|Flare Blitz|p1b: Corviknight\n|-supereffective|p1b: Corviknight|1\n|-crit|p1b: Corviknight\n|-damage|p1b: Corviknight|0 fnt\n|faint|p1b: Corviknight\n|-damage|p2a: Incineroar|67/100|[from] Recoil\n|\n|-damage|p1a: Kingambit|89/100 brn|[from] brn\n|upkeep\n|\n|t:|1776224429\n|switch|p2b: Conkeldurr|Conkeldurr, L50, F|100/100\n|switch|p1b: Floette|Floette-Eternal, L50, F|100/100\n|turn|3\n|inactive|longhq has 30 seconds left.\n|\n|t:|1776224455\n|detailschange|p1b: Floette|Floette-Mega, L50, F\n|-mega|p1b: Floette|Floette|Floettite\n|-ability|p1b: Floette|Fairy Aura\n|move|p1a: Kingambit|Protect|p1a: Kingambit\n|-singleturn|p1a: Kingambit|Protect\n|move|p2b: Conkeldurr|Drain Punch|p1a: Kingambit\n|-activate|p1a: Kingambit|move: Protect\n|move|p2a: Incineroar|Parting Shot|p1b: Floette\n|-unboost|p1b: Floette|atk|1\n|-unboost|p1b: Floette|spa|1\n|\n|t:|1776224462\n|switch|p2a: Aegislash|Aegislash, L50, F|100/100|[from] Parting Shot\n|move|p1b: Floette|Moonblast|p2a: Aegislash\n|-resisted|p2a: Aegislash|1\n|-damage|p2a: Aegislash|81/100\n|-unboost|p2a: Aegislash|spa|1\n|\n|-damage|p1a: Kingambit|84/100 brn|[from] brn\n|upkeep\n|turn|4\n|inactive|longhq has 30 seconds left.\n|inactive|longhq has 20 seconds left.\n|inactive|longhq has 15 seconds left.\n|inactive|longhq has 10 seconds left.\n|\n|t:|1776224508\n|switch|p1b: Meowscarada|Meowscarada, L50, F|100/100\n|move|p1a: Kingambit|Protect||[still]\n|-fail|p1a: Kingambit\n|move|p2b: Conkeldurr|Drain Punch|p1a: Kingambit\n|-supereffective|p1a: Kingambit|2\n|-damage|p1a: Kingambit|0 fnt\n|-activate|p1a: Kingambit|ability: Mummy|p2b: Conkeldurr|[ability] Iron Fist\n|faint|p1a: Kingambit\n|-formechange|p2a: Aegislash|Aegislash-Blade|\n|move|p2a: Aegislash|Iron Head|p1b: Meowscarada\n|-damage|p1b: Meowscarada|25/100\n|\n|upkeep\n|\n|t:|1776224523\n|switch|p1a: Floette|Floette-Mega, L50, F|100/100\n|-ability|p1a: Floette|Fairy Aura\n|turn|5\n|\n|t:|1776224538\n|switch|p2a: Incineroar|Incineroar, L50, F|67/100\n|-ability|p2a: Incineroar|Intimidate|boost\n|-unboost|p1a: Floette|atk|1\n|-unboost|p1b: Meowscarada|atk|1\n|move|p1a: Floette|Protect|p1a: Floette\n|-singleturn|p1a: Floette|Protect\n|move|p2b: Conkeldurr|Mach Punch|p1b: Meowscarada\n|-supereffective|p1b: Meowscarada|1\n|-crit|p1b: Meowscarada\n|-damage|p1b: Meowscarada|0 fnt\n|faint|p1b: Meowscarada\n|\n|-fieldend|move: Trick Room\n|upkeep\n|turn|6\n|j| TehwiXihahabi\n|\n|t:|1776224560\n|switch|p2b: Aegislash|Aegislash, L50, F|81/100\n|move|p2a: Incineroar|Fake Out|p1a: Floette\n|-damage|p1a: Floette|85/100\n|cant|p1a: Floette|flinch\n|\n|upkeep\n|turn|7\n|\n|t:|1776224570\n|move|p1a: Floette|Protect|p1a: Floette\n|-singleturn|p1a: Floette|Protect\n|-formechange|p2b: Aegislash|Aegislash-Blade|\n|move|p2b: Aegislash|Iron Head|p1a: Floette\n|-activate|p1a: Floette|move: Protect\n|move|p2a: Incineroar|Flare Blitz|p1a: Floette\n|-activate|p1a: Floette|move: Protect\n|\n|upkeep\n|turn|8\n|l| TehwiXihahabi\n|\n|t:|1776224580\n|-formechange|p2b: Aegislash|Aegislash|\n|move|p2b: Aegislash|King's Shield|p2b: Aegislash\n|-singleturn|p2b: Aegislash|Protect\n|move|p1a: Floette|Light of Ruin|p2b: Aegislash\n|-activate|p2b: Aegislash|move: Protect\n|move|p2a: Incineroar|Flare Blitz|p1a: Floette\n|-damage|p1a: Floette|12/100\n|-damage|p2a: Incineroar|47/100|[from] Recoil\n|-enditem|p2a: Incineroar|Sitrus Berry|[eat]\n|-heal|p2a: Incineroar|71/100|[from] item: Sitrus Berry\n|\n|upkeep\n|turn|9\n|-message|longhq forfeited.\n|\n|win|Niko highway\n|raw|longhq's rating: 1483 &rarr; <strong>1463</strong><br />(-20 for losing)\n|raw|Niko highway's rating: 1478 &rarr; <strong>1498</strong><br />(+20 for winning)\n|l|\u203dlonghq\n|player|p1|\n",
  "uploadtime": 1776224588,
  "views": 58,
  "formatid": "gen9championsvgc2026regma",
  "rating": 1463,
  "private": 0,
  "password": null
}