{
  "id": "gen9championsvgc2026regma-2586929720",
  "format": "[Gen 9 Champions] VGC 2026 Reg M-A",
  "players": [
    "josefall",
    "lodyg8"
  ],
  "log": "|j|\u2606josefall\n|j|\u2606lodyg8\n|t:|1776472817\n|gametype|doubles\n|player|p1|josefall|nate|1173\n|player|p2|lodyg8|ethan|1073\n|gen|9\n|tier|[Gen 9 Champions] VGC 2026 Reg M-A\n|rated|\n|rule|Species Clause: Limit one of each Pok\u00e9mon\n|rule|Item Clause: Limit 1 of each item\n|clearpoke\n|poke|p1|Camerupt, L50, F|\n|poke|p1|Farigiraf, L50, M|\n|poke|p1|Rampardos, L50, F|\n|poke|p1|Lucario, L50, F|\n|poke|p1|Whimsicott, L50, F|\n|poke|p1|Kingambit, L50, F|\n|poke|p2|Froslass, L50, F|\n|poke|p2|Empoleon, L50, M|\n|poke|p2|Rotom-Frost, L50|\n|poke|p2|Sneasler, L50, M|\n|poke|p2|Garchomp, L50, M|\n|poke|p2|Aerodactyl, L50, M|\n|teampreview|4\n|inactive|Battle timer is ON: inactive players will automatically lose when time's up. (requested by lodyg8)\n|\n|t:|1776472846\n|teamsize|p1|4\n|teamsize|p2|4\n|start\n|switch|p1a: Camerupt|Camerupt, L50, F|100/100\n|switch|p1b: Whimsicott|Whimsicott, L50, F|100/100\n|switch|p2a: Froslass|Froslass, L50, F, shiny|100/100\n|switch|p2b: Aerodactyl|Aerodactyl, L50, M, shiny|100/100\n|-ability|p2b: Aerodactyl|Unnerve\n|turn|1\n|\n|t:|1776472857\n|move|p2a: Froslass|Protect|p2a: Froslass\n|-singleturn|p2a: Froslass|Protect\n|move|p1a: Camerupt|Protect|p1a: Camerupt\n|-singleturn|p1a: Camerupt|Protect\n|move|p2b: Aerodactyl|Tailwind|p2b: Aerodactyl\n|-sidestart|p2: lodyg8|move: Tailwind\n|move|p1b: Whimsicott|Trick Room|p1b: Whimsicott\n|-fieldstart|move: Trick Room|[of] p1b: Whimsicott\n|\n|upkeep\n|turn|2\n|\n|t:|1776472879\n|switch|p2a: Empoleon|Empoleon, L50, M, shiny|100/100\n|detailschange|p1a: Camerupt|Camerupt-Mega, L50, F\n|-mega|p1a: Camerupt|Camerupt|Cameruptite\n|move|p1b: Whimsicott|Sunny Day|p1b: Whimsicott\n|-weather|SunnyDay\n|move|p1a: Camerupt|Eruption|p2a: Empoleon|[spread] p2a,p2b\n|-resisted|p2b: Aerodactyl|1\n|-damage|p2a: Empoleon|11/100\n|-damage|p2b: Aerodactyl|21/100\n|move|p2b: Aerodactyl|Dual Wingbeat|p1b: Whimsicott\n|-supereffective|p1b: Whimsicott|1\n|-damage|p1b: Whimsicott|49/100\n|-supereffective|p1b: Whimsicott|1\n|-damage|p1b: Whimsicott|0 fnt\n|faint|p1b: Whimsicott\n|-hitcount|p1: Whimsicott|2\n|\n|-weather|SunnyDay|[upkeep]\n|-heal|p2a: Empoleon|17/100|[from] item: Leftovers\n|upkeep\n|\n|t:|1776472893\n|switch|p1b: Rampardos|Rampardos, L50, F|100/100\n|turn|3\n|\n|t:|1776472903\n|move|p2a: Empoleon|Protect|p2a: Empoleon\n|-singleturn|p2a: Empoleon|Protect\n|move|p1a: Camerupt|Eruption|p2b: Aerodactyl|[spread] p2b\n|-activate|p2a: Empoleon|move: Protect\n|-resisted|p2b: Aerodactyl|1\n|-damage|p2b: Aerodactyl|0 fnt\n|faint|p2b: Aerodactyl\n|move|p1b: Rampardos|Rock Slide|p2a: Empoleon\n|-activate|p2a: Empoleon|move: Protect\n|\n|-weather|SunnyDay|[upkeep]\n|-heal|p2a: Empoleon|22/100|[from] item: Leftovers\n|upkeep\n|c|\u2606josefall|Yyeeeaaahhh\n|\n|t:|1776472910\n|switch|p2b: Rotom|Rotom-Frost, L50, shiny|100/100\n|turn|4\n|c|\u2606josefall|Trick room whimsicott\n|\n|t:|1776472932\n|move|p1a: Camerupt|Eruption|p2b: Rotom|[spread] p2a,p2b\n|-supereffective|p2b: Rotom|1\n|-damage|p2a: Empoleon|0 fnt\n|-damage|p2b: Rotom|0 fnt\n|faint|p2a: Empoleon\n|faint|p2b: Rotom\n|move|p1b: Rampardos|Rock Slide|p2: Empoleon|[notarget]\n|-fail|p1b: Rampardos\n|\n|-weather|SunnyDay|[upkeep]\n|-sideend|p2: lodyg8|move: Tailwind\n|upkeep\n|\n|t:|1776472940\n|switch|p2b: Froslass|Froslass, L50, F, shiny|100/100\n|turn|5\n|\n|t:|1776472945\n|move|p1a: Camerupt|Eruption|p2b: Froslass\n|-supereffective|p2b: Froslass|1\n|-damage|p2b: Froslass|0 fnt\n|faint|p2b: Froslass\n|\n|win|josefall\n|raw|josefall's rating: 1173 &rarr; <strong>1191</strong><br />(+18 for winning)\n|raw|lodyg8's rating: 1073 &rarr; <strong>1058</strong><br />(-15 for losing)\n|l|\u2606lodyg8\n|player|p2|\n",
  "uploadtime": 1776472964,
  "views": 20,
  "formatid": "gen9championsvgc2026regma",
  "rating": 1058,
  "private": 0,
  "password": null
}