{
  "id": "gen9championsvgc2026regma-2586943773",
  "format": "[Gen 9 Champions] VGC 2026 Reg M-A",
  "players": [
    "miujao4",
    "DGENERAT"
  ],
  "log": "|j|\u2606miujao4\n|j|\u2606DGENERAT\n|t:|1776474188\n|gametype|doubles\n|player|p1|miujao4|kukui|1191\n|player|p2|DGENERAT|guzma|1136\n|gen|9\n|tier|[Gen 9 Champions] VGC 2026 Reg M-A\n|rated|\n|rule|Species Clause: Limit one of each Pok\u00e9mon\n|rule|Item Clause: Limit 1 of each item\n|clearpoke\n|poke|p1|Palafin, L50, M|\n|poke|p1|Gengar, L50, M|\n|poke|p1|Pelipper, L50, M|\n|poke|p1|Basculegion, L50, M|\n|poke|p1|Sneasler, L50, M|\n|poke|p1|Archaludon, L50, M|\n|poke|p2|Delphox, L50, F|\n|poke|p2|Garchomp, L50, F|\n|poke|p2|Aerodactyl, L50, F|\n|poke|p2|Floette-Eternal, L50, F|\n|poke|p2|Kingambit, L50, M|\n|poke|p2|Incineroar, L50, F|\n|teampreview|4\n|inactive|Battle timer is ON: inactive players will automatically lose when time's up. (requested by DGENERAT)\n|\n|t:|1776474221\n|teamsize|p1|4\n|teamsize|p2|4\n|start\n|switch|p1a: Pelipper|Pelipper, L50, M, shiny|100/100\n|switch|p1b: Sneasler|Sneasler, L50, M, shiny|100/100\n|switch|p2a: Aerodactyl|Aerodactyl, L50, F|100/100\n|switch|p2b: Incineroar|Incineroar, L50, F|100/100\n|-ability|p2a: Aerodactyl|Unnerve\n|-weather|RainDance|[from] ability: Drizzle|[of] p1a: Pelipper\n|-ability|p2b: Incineroar|Intimidate|boost\n|-unboost|p1a: Pelipper|atk|1\n|-unboost|p1b: Sneasler|atk|1\n|-enditem|p1b: Sneasler|White Herb\n|-clearnegativeboost|p1b: Sneasler|[silent]\n|turn|1\n|inactive|DGENERAT has 30 seconds left.\n|inactive|miujao4 has 30 seconds left.\n|inactive|DGENERAT has 20 seconds left.\n|inactive|DGENERAT has 15 seconds left.\n|\n|t:|1776474266\n|move|p2a: Aerodactyl|Protect|p2a: Aerodactyl\n|-singleturn|p2a: Aerodactyl|Protect\n|move|p1b: Sneasler|Fake Out|p2a: Aerodactyl\n|-activate|p2a: Aerodactyl|move: Protect\n|move|p1a: Pelipper|Tailwind|p1a: Pelipper\n|-sidestart|p1: miujao4|move: Tailwind\n|move|p2b: Incineroar|Parting Shot|p1a: Pelipper\n|-unboost|p1a: Pelipper|atk|1\n|-unboost|p1a: Pelipper|spa|1\n|\n|t:|1776474270\n|switch|p2b: Floette|Floette-Eternal, L50, F|100/100|[from] Parting Shot\n|\n|-weather|RainDance|[upkeep]\n|upkeep\n|turn|2\n|\n|t:|1776474277\n|switch|p2b: Incineroar|Incineroar, L50, F|100/100\n|-ability|p2b: Incineroar|Intimidate|boost\n|-unboost|p1a: Pelipper|atk|1\n|-unboost|p1b: Sneasler|atk|1\n|move|p1b: Sneasler|Dire Claw|p2b: Incineroar\n|-damage|p2b: Incineroar|78/100\n|-status|p2b: Incineroar|slp\n|move|p1a: Pelipper|Weather Ball|p2a: Aerodactyl\n|-supereffective|p2a: Aerodactyl|1\n|-enditem|p2a: Aerodactyl|Focus Sash\n|-damage|p2a: Aerodactyl|1/100\n|move|p2a: Aerodactyl|Tailwind|p2a: Aerodactyl\n|-sidestart|p2: DGENERAT|move: Tailwind\n|\n|-weather|RainDance|[upkeep]\n|upkeep\n|turn|3\n|\n|t:|1776474294\n|switch|p2b: Floette|Floette-Eternal, L50, F|100/100\n|move|p1b: Sneasler|Close Combat|p2a: Aerodactyl\n|-damage|p2a: Aerodactyl|0 fnt\n|-unboost|p1b: Sneasler|def|1\n|-unboost|p1b: Sneasler|spd|1\n|faint|p2a: Aerodactyl\n|move|p1a: Pelipper|Weather Ball|p2b: Floette\n|-damage|p2b: Floette|71/100\n|\n|-weather|RainDance|[upkeep]\n|upkeep\n|\n|t:|1776474306\n|switch|p2a: Kingambit|Kingambit, L50, M|100/100\n|turn|4\n|\n|t:|1776474314\n|switch|p1a: Basculegion|Basculegion, L50, M, shiny|100/100\n|detailschange|p2b: Floette|Floette-Mega, L50, F\n|-mega|p2b: Floette|Floette|Floettite\n|-ability|p2b: Floette|Fairy Aura\n|move|p2b: Floette|Protect|p2b: Floette\n|-singleturn|p2b: Floette|Protect\n|move|p1b: Sneasler|Dire Claw|p2b: Floette\n|-activate|p2b: Floette|move: Protect\n|move|p2a: Kingambit|Iron Head|p1b: Sneasler\n|-damage|p1b: Sneasler|0 fnt\n|faint|p1b: Sneasler\n|\n|-weather|RainDance|[upkeep]\n|-sideend|p1: miujao4|move: Tailwind\n|upkeep\n|\n|t:|1776474318\n|switch|p1b: Spectral|Gengar, L50, M, shiny|100/100\n|turn|5\n|\n|t:|1776474339\n|switch|p2b: Incineroar|Incineroar, L50, F|78/100 slp\n|-ability|p2b: Incineroar|Intimidate|boost\n|-unboost|p1a: Basculegion|atk|1\n|-unboost|p1b: Spectral|atk|1\n|detailschange|p1b: Spectral|Gengar-Mega, L50, M, shiny\n|-mega|p1b: Spectral|Gengar|Gengarite\n|move|p2a: Kingambit|Sucker Punch|p1b: Spectral\n|-supereffective|p1b: Spectral|1\n|-damage|p1b: Spectral|0 fnt\n|faint|p1b: Spectral\n|move|p1a: Basculegion|Wave Crash|p2b: Incineroar\n|-supereffective|p2b: Incineroar|1\n|-crit|p2b: Incineroar\n|-damage|p2b: Incineroar|0 fnt\n|faint|p2b: Incineroar\n|-damage|p1a: Basculegion|75/100|[from] Recoil\n|\n|-weather|none\n|-sideend|p2: DGENERAT|move: Tailwind\n|upkeep\n|\n|t:|1776474343\n|switch|p1b: Pelipper|Pelipper, L50, M, shiny|100/100\n|switch|p2b: Floette|Floette-Mega, L50, F|71/100\n|-ability|p2b: Floette|Fairy Aura\n|-weather|RainDance|[from] ability: Drizzle|[of] p1b: Pelipper\n|turn|6\n|\n|t:|1776474355\n|move|p1a: Basculegion|Protect|p1a: Basculegion\n|-singleturn|p1a: Basculegion|Protect\n|move|p2a: Kingambit|Sucker Punch||[still]\n|-fail|p2a: Kingambit\n|move|p2b: Floette|Draining Kiss|p1b: Pelipper\n|-damage|p1b: Pelipper|51/100\n|-heal|p2b: Floette|100/100|[from] drain|[of] p1b: Pelipper\n|move|p1b: Pelipper|Weather Ball|p2a: Kingambit\n|-damage|p2a: Kingambit|46/100\n|\n|-weather|RainDance|[upkeep]\n|upkeep\n|turn|7\n|\n|t:|1776474368\n|move|p1a: Basculegion|Protect|p1a: Basculegion\n|-singleturn|p1a: Basculegion|Protect\n|move|p2a: Kingambit|Sucker Punch||[still]\n|-fail|p2a: Kingambit\n|move|p2b: Floette|Draining Kiss|p1b: Pelipper\n|-damage|p1b: Pelipper|2/100\n|move|p1b: Pelipper|Weather Ball|p2a: Kingambit\n|-damage|p2a: Kingambit|0 fnt\n|faint|p2a: Kingambit\n|\n|-weather|RainDance|[upkeep]\n|upkeep\n|turn|8\n|\n|t:|1776474385\n|move|p2b: Floette|Protect|p2b: Floette\n|-singleturn|p2b: Floette|Protect\n|move|p1a: Basculegion|Wave Crash|p2b: Floette\n|-activate|p2b: Floette|move: Protect\n|move|p1b: Pelipper|Weather Ball|p2b: Floette\n|-activate|p2b: Floette|move: Protect\n|\n|-weather|RainDance|[upkeep]\n|upkeep\n|turn|9\n|\n|t:|1776474389\n|move|p1a: Basculegion|Protect|p1a: Basculegion\n|-singleturn|p1a: Basculegion|Protect\n|move|p2b: Floette|Protect||[still]\n|-fail|p2b: Floette\n|move|p1b: Pelipper|Tailwind|p1b: Pelipper\n|-sidestart|p1: miujao4|move: Tailwind\n|\n|-weather|RainDance|[upkeep]\n|upkeep\n|turn|10\n|\n|t:|1776474403\n|move|p2b: Floette|Protect|p2b: Floette\n|-singleturn|p2b: Floette|Protect\n|move|p1a: Basculegion|Wave Crash|p2b: Floette\n|-activate|p2b: Floette|move: Protect\n|move|p1b: Pelipper|Weather Ball|p2b: Floette\n|-activate|p2b: Floette|move: Protect\n|\n|-weather|none\n|upkeep\n|turn|11\n|\n|t:|1776474409\n|move|p1a: Basculegion|Wave Crash|p2b: Floette\n|-damage|p2b: Floette|62/100\n|-damage|p1a: Basculegion|63/100|[from] Recoil\n|move|p1b: Pelipper|Hurricane|p2b: Floette\n|-damage|p2b: Floette|31/100\n|move|p2b: Floette|Dazzling Gleam|p1b: Pelipper|[spread] p1a,p1b\n|-damage|p1a: Basculegion|1/100\n|-damage|p1b: Pelipper|0 fnt\n|faint|p1b: Pelipper\n|\n|upkeep\n|turn|12\n|\n|t:|1776474419\n|move|p2b: Floette|Protect|p2b: Floette\n|-singleturn|p2b: Floette|Protect\n|move|p1a: Basculegion|Wave Crash|p2b: Floette\n|-activate|p2b: Floette|move: Protect\n|\n|-sideend|p1: miujao4|move: Tailwind\n|upkeep\n|turn|13\n|c|\u2606miujao4|gg\n|\n|t:|1776474422\n|move|p1a: Basculegion|Wave Crash|p2b: Floette\n|-damage|p2b: Floette|0 fnt\n|faint|p2b: Floette\n|-damage|p1a: Basculegion|0 fnt|[from] Recoil\n|faint|p1a: Basculegion\n|\n|win|miujao4\n|raw|miujao4's rating: 1191 &rarr; <strong>1214</strong><br />(+23 for winning)\n|raw|DGENERAT's rating: 1167 &rarr; <strong>1144</strong><br />(-23 for losing)\n|l|\u2606DGENERAT\n|player|p2|\n",
  "uploadtime": 1776474453,
  "views": 22,
  "formatid": "gen9championsvgc2026regma",
  "rating": 1144,
  "private": 0,
  "password": null
}