{
  "id": "gen9championsvgc2026regma-2586147203",
  "format": "[Gen 9 Champions] VGC 2026 Reg M-A",
  "players": [
    "MindOverMeta",
    "X_Kwirl"
  ],
  "log": "|j|\u2606MindOverMeta\n|j|\u2606X_Kwirl\n|t:|1776404948\n|gametype|doubles\n|player|p1|MindOverMeta|266|1028\n|player|p2|X_Kwirl|hilbert|1000\n|gen|9\n|tier|[Gen 9 Champions] VGC 2026 Reg M-A\n|rated|\n|rule|Species Clause: Limit one of each Pok\u00e9mon\n|rule|Item Clause: Limit 1 of each item\n|clearpoke\n|poke|p1|Lucario, L50, F|\n|poke|p1|Garchomp, L50, F|\n|poke|p1|Talonflame, L50, M|\n|poke|p1|Incineroar, L50, F|\n|poke|p1|Tyranitar, L50, M|\n|poke|p1|Aegislash, L50, F|\n|poke|p2|Greninja-*, L50, F|\n|poke|p2|Pelipper, L50, M|\n|poke|p2|Garchomp, L50, M|\n|poke|p2|Basculegion, L50, M|\n|poke|p2|Incineroar, L50, M|\n|poke|p2|Rotom, L50|\n|teampreview|4\n|\n|t:|1776404979\n|teamsize|p1|4\n|teamsize|p2|4\n|start\n|switch|p1a: Tyranitar|Tyranitar, L50, M|100/100\n|switch|p1b: Lucario|Lucario, L50, F|100/100\n|switch|p2a: Greninja|Greninja, L50, F|100/100\n|switch|p2b: Pelipper|Pelipper, L50, M|100/100\n|-weather|Sandstorm|[from] ability: Sand Stream|[of] p1a: Tyranitar\n|-weather|RainDance|[from] ability: Drizzle|[of] p2b: Pelipper\n|turn|1\n|inactive|Battle timer is ON: inactive players will automatically lose when time's up. (requested by MindOverMeta)\n|\n|t:|1776405035\n|switch|p1a: Incineroar|Incineroar, L50, F|100/100\n|-ability|p1a: Incineroar|Intimidate|boost\n|-unboost|p2a: Greninja|atk|1\n|-unboost|p2b: Pelipper|atk|1\n|detailschange|p2a: Greninja|Greninja-Mega, L50, F\n|-mega|p2a: Greninja|Greninja|Greninjite\n|detailschange|p1b: Lucario|Lucario-Mega, L50, F\n|-mega|p1b: Lucario|Lucario|Lucarionite\n|move|p1b: Lucario|Protect|p1b: Lucario\n|-singleturn|p1b: Lucario|Protect\n|move|p2a: Greninja|Surf|p1b: Lucario|[spread] p2b,p1a\n|-start|p2a: Greninja|typechange|Water|[from] ability: Protean\n|-activate|p1b: Lucario|move: Protect\n|-resisted|p2b: Pelipper|1\n|-supereffective|p1a: Incineroar|1\n|-damage|p2b: Pelipper|52/100\n|-damage|p1a: Incineroar|13/100\n|move|p2b: Pelipper|U-turn|p1a: Incineroar\n|-damage|p1a: Incineroar|8/100\n|\n|t:|1776405055\n|switch|p2b: Garchomp|Garchomp, L50, M|100/100|[from] U-turn\n|\n|-weather|RainDance|[upkeep]\n|upkeep\n|turn|2\n|inactive|X_Kwirl has 30 seconds left.\n|\n|t:|1776405082\n|switch|p1a: Tyranitar|Tyranitar, L50, M|100/100\n|-weather|Sandstorm|[from] ability: Sand Stream|[of] p1a: Tyranitar\n|move|p2a: Greninja|Surf|p1a: Tyranitar|[spread] p2b,p1a,p1b\n|-supereffective|p1a: Tyranitar|1\n|-crit|p1b: Lucario\n|-damage|p2b: Garchomp|59/100\n|-damage|p1a: Tyranitar|56/100\n|-damage|p1b: Lucario|19/100\n|move|p1b: Lucario|Close Combat|p2b: Garchomp\n|-damage|p2b: Garchomp|0 fnt\n|-unboost|p1b: Lucario|def|1\n|-unboost|p1b: Lucario|spd|1\n|-damage|p1b: Lucario|7/100|[from] ability: Rough Skin|[of] p2b: Garchomp\n|faint|p2b: Garchomp\n|\n|-weather|Sandstorm|[upkeep]\n|-damage|p2a: Greninja|94/100|[from] Sandstorm\n|upkeep\n|\n|t:|1776405098\n|switch|p2b: Pelipper|Pelipper, L50, M|52/100\n|-weather|RainDance|[from] ability: Drizzle|[of] p2b: Pelipper\n|turn|3\n|\n|t:|1776405112\n|switch|p1a: Incineroar|Incineroar, L50, F|8/100\n|-ability|p1a: Incineroar|Intimidate|boost\n|-unboost|p2a: Greninja|atk|1\n|-unboost|p2b: Pelipper|atk|1\n|move|p2b: Pelipper|Protect|p2b: Pelipper\n|-singleturn|p2b: Pelipper|Protect\n|move|p1b: Lucario|Bullet Punch|p2a: Greninja\n|-resisted|p2a: Greninja|1\n|-damage|p2a: Greninja|73/100\n|move|p2a: Greninja|Surf|p1a: Incineroar|[spread] p1a,p1b\n|-activate|p2b: Pelipper|move: Protect\n|-supereffective|p1a: Incineroar|1\n|-damage|p1a: Incineroar|0 fnt\n|-damage|p1b: Lucario|0 fnt\n|faint|p1a: Incineroar\n|faint|p1b: Lucario\n|\n|-weather|RainDance|[upkeep]\n|upkeep\n|\n|t:|1776405119\n|switch|p1b: Tyranitar|Tyranitar, L50, M|56/100\n|switch|p1a: Garchomp|Garchomp, L50, F|100/100\n|-weather|Sandstorm|[from] ability: Sand Stream|[of] p1b: Tyranitar\n|turn|4\n|inactive|X_Kwirl has 30 seconds left.\n|\n|t:|1776405145\n|move|p2a: Greninja|Ice Beam|p1a: Garchomp\n|-supereffective|p1a: Garchomp|2\n|-damage|p1a: Garchomp|0 fnt\n|faint|p1a: Garchomp\n|move|p1b: Tyranitar|Rock Slide|p2b: Pelipper|[spread] p2a,p2b\n|-supereffective|p2b: Pelipper|1\n|-damage|p2a: Greninja|30/100\n|-damage|p2b: Pelipper|0 fnt\n|faint|p2b: Pelipper\n|\n|-weather|Sandstorm|[upkeep]\n|-damage|p2a: Greninja|24/100|[from] Sandstorm\n|upkeep\n|\n|t:|1776405155\n|switch|p2b: Basculegion|Basculegion, L50, M|100/100\n|turn|5\n|\n|t:|1776405174\n|move|p2a: Greninja|U-turn|p1b: Tyranitar\n|-supereffective|p1b: Tyranitar|1\n|-damage|p1b: Tyranitar|38/100\n|move|p1b: Tyranitar|Rock Slide|p2a: Greninja|[spread] p2a,p2b\n|-damage|p2a: Greninja|0 fnt\n|-damage|p2b: Basculegion|62/100\n|faint|p2a: Greninja\n|move|p2b: Basculegion|Wave Crash|p1b: Tyranitar\n|-supereffective|p1b: Tyranitar|1\n|-damage|p1b: Tyranitar|0 fnt\n|faint|p1b: Tyranitar\n|-damage|p2b: Basculegion|51/100|[from] Recoil\n|\n|win|X_Kwirl\n|raw|MindOverMeta's rating: 1028 &rarr; <strong>1013</strong><br />(-15 for losing)\n|raw|X_Kwirl's rating: 1000 &rarr; <strong>1043</strong><br />(+43 for winning)\n",
  "uploadtime": 1776405174,
  "views": 15,
  "formatid": "gen9championsvgc2026regma",
  "rating": 1013,
  "private": 0,
  "password": null
}