{
  "id": "gen9championsvgc2026regma-2583187852",
  "format": "[Gen 9 Champions] VGC 2026 Reg M-A",
  "players": [
    "the great crusader",
    "Dahaha233"
  ],
  "log": "|j|\u203dthe great crusader\n|j|\u2606Dahaha233\n|t:|1776152580\n|gametype|doubles\n|player|p1|the great crusader|plasmagrunt|1288\n|player|p2|Dahaha233|rosa|1222\n|gen|9\n|tier|[Gen 9 Champions] VGC 2026 Reg M-A\n|rated|\n|rule|Species Clause: Limit one of each Pok\u00e9mon\n|rule|Item Clause: Limit 1 of each item\n|clearpoke\n|poke|p1|Pelipper, L50, F|\n|poke|p1|Basculegion, L50, M|\n|poke|p1|Archaludon, L50, F|\n|poke|p1|Sneasler, L50, M|\n|poke|p1|Tsareena, L50, F|\n|poke|p1|Dragonite, L50, M|\n|poke|p2|Charizard, L50, M|\n|poke|p2|Incineroar, L50, M|\n|poke|p2|Whimsicott, L50, M|\n|poke|p2|Garchomp, L50, F|\n|poke|p2|Rotom-Wash, L50|\n|poke|p2|Sneasler, L50, F|\n|teampreview|4\n|inactive|Battle timer is ON: inactive players will automatically lose when time's up. (requested by Dahaha233)\n|inactive|Dahaha233 has 60 seconds left.\n|\n|t:|1776152619\n|teamsize|p1|4\n|teamsize|p2|4\n|start\n|switch|p1a: Basculegion|Basculegion, L50, M|100/100\n|switch|p1b: Pelipper|Pelipper, L50, F|100/100\n|switch|p2a: Charizard|Charizard, L50, M, shiny|100/100\n|switch|p2b: Sneasler|Sneasler, L50, F|100/100\n|-weather|RainDance|[from] ability: Drizzle|[of] p1b: Pelipper\n|turn|1\n|\n|t:|1776152637\n|move|p2b: Sneasler|Protect|p2b: Sneasler\n|-singleturn|p2b: Sneasler|Protect\n|move|p2a: Charizard|Protect|p2a: Charizard\n|-singleturn|p2a: Charizard|Protect\n|move|p1b: Pelipper|Protect|p1b: Pelipper\n|-singleturn|p1b: Pelipper|Protect\n|move|p1a: Basculegion|Wave Crash|p2a: Charizard\n|-activate|p2a: Charizard|move: Protect\n|\n|-weather|RainDance|[upkeep]\n|upkeep\n|turn|2\n|inactive|Dahaha233 has 30 seconds left.\n|inactive|Dahaha233 has 20 seconds left.\n|\n|t:|1776152674\n|switch|p2a: Garchomp|Garchomp, L50, F|100/100\n|move|p1a: Basculegion|Wave Crash|p2a: Garchomp\n|-damage|p2a: Garchomp|0 fnt\n|-damage|p1a: Basculegion|88/100|[from] ability: Rough Skin|[of] p2a: Garchomp\n|faint|p2a: Garchomp\n|-damage|p1a: Basculegion|57/100|[from] Recoil\n|move|p2b: Sneasler|Dire Claw|p1b: Pelipper\n|-damage|p1b: Pelipper|45/100\n|move|p1b: Pelipper|Tailwind|p1b: Pelipper\n|-sidestart|p1: the great crusader|move: Tailwind\n|\n|-weather|RainDance|[upkeep]\n|upkeep\n|\n|t:|1776152682\n|switch|p2a: Whimsicott|Whimsicott, L50, M|100/100\n|turn|3\n|\n|t:|1776152699\n|switch|p1a: Dragonite|Dragonite, L50, M|100/100\n|switch|p1b: Tsareena|Tsareena, L50, F|100/100\n|move|p2a: Whimsicott|Sunny Day|p2a: Whimsicott\n|-weather|SunnyDay\n|move|p2b: Sneasler|Dire Claw|p1b: Tsareena\n|-supereffective|p1b: Tsareena|1\n|-damage|p1b: Tsareena|4/100\n|\n|-weather|SunnyDay|[upkeep]\n|upkeep\n|turn|4\n|inactive|Dahaha233 has 30 seconds left.\n|inactive|the great crusader has 30 seconds left.\n|\n|t:|1776152733\n|detailschange|p1a: Dragonite|Dragonite-Mega, L50, M\n|-mega|p1a: Dragonite|Dragonite|Dragoninite\n|move|p2b: Sneasler|Protect|p2b: Sneasler\n|-singleturn|p2b: Sneasler|Protect\n|move|p1a: Dragonite|Weather Ball|p2b: Sneasler\n|-activate|p2b: Sneasler|move: Protect\n|move|p1b: Tsareena|Triple Axel|p2a: Whimsicott\n|-supereffective|p2a: Whimsicott|1\n|-damage|p2a: Whimsicott|77/100\n|-supereffective|p2a: Whimsicott|1\n|-damage|p2a: Whimsicott|36/100\n|-supereffective|p2a: Whimsicott|1\n|-damage|p2a: Whimsicott|0 fnt\n|faint|p2a: Whimsicott\n|-hitcount|p2: Whimsicott|3\n|\n|-weather|SunnyDay|[upkeep]\n|upkeep\n|\n|t:|1776152745\n|switch|p2a: Charizard|Charizard, L50, M, shiny|100/100\n|turn|5\n|\n|t:|1776152767\n|detailschange|p2a: Charizard|Charizard-Mega-Y, L50, M, shiny\n|-mega|p2a: Charizard|Charizard|Charizardite Y\n|move|p1a: Dragonite|Draco Meteor|p2b: Sneasler\n|-damage|p2b: Sneasler|5/100\n|-unboost|p1a: Dragonite|spa|2\n|move|p1b: Tsareena|Triple Axel|p2b: Sneasler\n|-damage|p2b: Sneasler|0 fnt\n|faint|p2b: Sneasler\n|-hitcount|p2: Sneasler|1\n|move|p2a: Charizard|Heat Wave|p1a: Dragonite|[spread] p1a\n|-miss|p2a: Charizard|p1b: Tsareena\n|-resisted|p1a: Dragonite|1\n|-damage|p1a: Dragonite|87/100\n|\n|-weather|SunnyDay|[upkeep]\n|-sideend|p1: the great crusader|move: Tailwind\n|upkeep\n|turn|6\n|\n|t:|1776152783\n|move|p1a: Dragonite|Draco Meteor|p2a: Charizard\n|-damage|p2a: Charizard|64/100\n|-unboost|p1a: Dragonite|spa|2\n|move|p1b: Tsareena|Triple Axel|p2a: Charizard|[miss]\n|-miss|p1b: Tsareena|p2a: Charizard\n|move|p2a: Charizard|Heat Wave|p1b: Tsareena|[spread] p1a\n|-miss|p2a: Charizard|p1b: Tsareena\n|-resisted|p1a: Dragonite|1\n|-damage|p1a: Dragonite|58/100\n|\n|-weather|SunnyDay|[upkeep]\n|upkeep\n|turn|7\n|\n|t:|1776152793\n|move|p1a: Dragonite|Draco Meteor|p2a: Charizard\n|-damage|p2a: Charizard|42/100\n|-unboost|p1a: Dragonite|spa|2\n|move|p1b: Tsareena|Triple Axel|p2a: Charizard\n|-crit|p2a: Charizard\n|-damage|p2a: Charizard|30/100\n|-damage|p2a: Charizard|16/100\n|-damage|p2a: Charizard|0 fnt\n|faint|p2a: Charizard\n|-hitcount|p2: Charizard|3\n|\n|win|the great crusader\n|raw|the great crusader's rating: 1288 &rarr; <strong>1308</strong><br />(+20 for winning)\n|raw|Dahaha233's rating: 1222 &rarr; <strong>1202</strong><br />(-20 for losing)\n|l|\u2606Dahaha233\n|player|p2|\n",
  "uploadtime": 1776152817,
  "views": 41,
  "formatid": "gen9championsvgc2026regma",
  "rating": 1202,
  "private": 0,
  "password": null
}