{
  "id": "gen9championsvgc2026regma-2585407037",
  "format": "[Gen 9 Champions] VGC 2026 Reg M-A",
  "players": [
    "Mario_Runner",
    "Sharkhy_"
  ],
  "log": "|j|\u2606Mario_Runner\n|j|\u2606Sharkhy_\n|t:|1776345067\n|gametype|doubles\n|player|p1|Mario_Runner|101|1127\n|player|p2|Sharkhy_|n|1157\n|gen|9\n|tier|[Gen 9 Champions] VGC 2026 Reg M-A\n|rated|\n|rule|Species Clause: Limit one of each Pok\u00e9mon\n|rule|Item Clause: Limit 1 of each item\n|clearpoke\n|poke|p1|Archaludon, L50, M|\n|poke|p1|Basculegion, L50, M|\n|poke|p1|Pelipper, L50, F|\n|poke|p1|Aegislash, L50, M|\n|poke|p1|Gyarados, L50, F|\n|poke|p1|Clefable, L50, F|\n|poke|p2|Charizard, L50, F|\n|poke|p2|Maushold-Four, L50|\n|poke|p2|Sneasler, L50, M|\n|poke|p2|Dragapult, L50, F|\n|poke|p2|Kingambit, L50, M|\n|poke|p2|Garchomp, L50, F|\n|teampreview|4\nSharkhy_ has agreed to open team sheets.\n|inactive|Battle timer is ON: inactive players will automatically lose when time's up. (requested by Sharkhy_)\n|inactive|Sharkhy_ has 60 seconds left.\n|\n|t:|1776345165\n|teamsize|p1|4\n|teamsize|p2|4\n|start\n|switch|p1a: Basculegion|Basculegion, L50, M|100/100\n|switch|p1b: Clefable|Clefable, L50, F|100/100\n|switch|p2a: Sneasler|Sneasler, L50, M|100/100\n|switch|p2b: Dragapult|Dragapult, L50, F|100/100\n|turn|1\n|\n|t:|1776345188\n|move|p2a: Sneasler|Feint|p1b: Clefable\n|-damage|p1b: Clefable|89/100\n|move|p1a: Basculegion|Wave Crash|p2a: Sneasler\n|-enditem|p2a: Sneasler|Focus Sash\n|-damage|p2a: Sneasler|1/100\n|-damage|p1a: Basculegion|74/100|[from] Recoil\n|move|p2b: Dragapult|Shadow Ball|p1a: Basculegion\n|-supereffective|p1a: Basculegion|1\n|-damage|p1a: Basculegion|0 fnt\n|faint|p1a: Basculegion\n|move|p1b: Clefable|Draining Kiss|p2b: Dragapult\n|-supereffective|p2b: Dragapult|1\n|-damage|p2b: Dragapult|52/100\n|-heal|p1b: Clefable|100/100|[from] drain|[of] p2b: Dragapult\n|\n|upkeep\n|\n|t:|1776345206\n|switch|p1a: Pelipper|Pelipper, L50, F|100/100\n|-weather|RainDance|[from] ability: Drizzle|[of] p1a: Pelipper\n|turn|2\n|\n|t:|1776345224\n|move|p1b: Clefable|Follow Me|p1b: Clefable\n|-singleturn|p1b: Clefable|move: Follow Me\n|move|p2a: Sneasler|Dire Claw|p1b: Clefable\n|-supereffective|p1b: Clefable|1\n|-damage|p1b: Clefable|7/100\n|-status|p1b: Clefable|par\n|-enditem|p1b: Clefable|Sitrus Berry|[eat]\n|-heal|p1b: Clefable|32/100 par|[from] item: Sitrus Berry\n|move|p2b: Dragapult|Shadow Ball|p1b: Clefable\n|-damage|p1b: Clefable|5/100 par\n|move|p1a: Pelipper|Tailwind|p1a: Pelipper\n|-sidestart|p1: Mario_Runner|move: Tailwind\n|\n|-weather|RainDance|[upkeep]\n|upkeep\n|turn|3\n|inactive|Mario_Runner has 30 seconds left.\n|\n|t:|1776345251\n|move|p2a: Sneasler|Feint|p1b: Clefable\n|-damage|p1b: Clefable|0 fnt\n|faint|p1b: Clefable\n|move|p2b: Dragapult|Draco Meteor|p1a: Pelipper\n|-damage|p1a: Pelipper|17/100\n|-unboost|p2b: Dragapult|spa|2\n|move|p1a: Pelipper|Hurricane|p2a: Sneasler\n|-supereffective|p2a: Sneasler|1\n|-damage|p2a: Sneasler|0 fnt\n|faint|p2a: Sneasler\n|\n|-weather|RainDance|[upkeep]\n|upkeep\n|\n|t:|1776345262\n|switch|p2a: Maushold|Maushold-Four, L50|100/100\n|switch|p1b: Gyarados|Gyarados, L50, F|100/100\n|-ability|p1b: Gyarados|Intimidate|boost\n|-unboost|p2a: Maushold|atk|1\n|-fail|p2b: Dragapult|unboost|[from] ability: Clear Body|[of] p2b: Dragapult\n|turn|4\n|\n|t:|1776345280\n|detailschange|p1b: Gyarados|Gyarados-Mega, L50, F\n|-mega|p1b: Gyarados|Gyarados|Gyaradosite\n|-ability|p1b: Gyarados|Mold Breaker\n|move|p2a: Maushold|Follow Me|p2a: Maushold\n|-singleturn|p2a: Maushold|move: Follow Me\n|move|p1b: Gyarados|Dragon Dance|p1b: Gyarados\n|-boost|p1b: Gyarados|atk|1\n|-boost|p1b: Gyarados|spe|1\n|move|p2b: Dragapult|Psychic Fangs|p1a: Pelipper\n|-crit|p1a: Pelipper\n|-damage|p1a: Pelipper|0 fnt\n|faint|p1a: Pelipper\n|\n|-weather|RainDance|[upkeep]\n|upkeep\n|turn|5\n|inactive|Sharkhy_ has 30 seconds left.\n|inactive|Sharkhy_ has 20 seconds left.\n|inactive|Sharkhy_ has 15 seconds left.\n|\n|t:|1776345321\n|move|p1b: Gyarados|Crunch|p2b: Dragapult\n|-supereffective|p2b: Dragapult|1\n|-damage|p2b: Dragapult|0 fnt\n|faint|p2b: Dragapult\n|move|p2a: Maushold|Super Fang|p1b: Gyarados\n|-damage|p1b: Gyarados|50/100\n|\n|-weather|RainDance|[upkeep]\n|-sideend|p1: Mario_Runner|move: Tailwind\n|upkeep\n|\n|t:|1776345328\n|switch|p2b: Charizard|Charizard, L50, F|100/100\n|turn|6\n|\n|t:|1776345347\n|detailschange|p2b: Charizard|Charizard-Mega-Y, L50, F\n|-mega|p2b: Charizard|Charizard|Charizardite Y\n|-weather|SunnyDay|[from] ability: Drought|[of] p2b: Charizard\n|move|p1b: Gyarados|Waterfall|p2b: Charizard\n|-supereffective|p2b: Charizard|1\n|-damage|p2b: Charizard|17/100\n|move|p2a: Maushold|Encore|p1b: Gyarados\n|-start|p1b: Gyarados|Encore\n|cant|p2b: Charizard|flinch\n|\n|-weather|SunnyDay|[upkeep]\n|upkeep\n|turn|7\n|\n|t:|1776345366\n|move|p2a: Maushold|Follow Me|p2a: Maushold\n|-singleturn|p2a: Maushold|move: Follow Me\n|move|p1b: Gyarados|Waterfall|p2a: Maushold\n|-damage|p2a: Maushold|49/100\n|move|p2b: Charizard|Overheat|p1b: Gyarados\n|-resisted|p1b: Gyarados|1\n|-damage|p1b: Gyarados|0 fnt\n|-unboost|p2b: Charizard|spa|2\n|faint|p1b: Gyarados\n|\n|win|Sharkhy_\n|raw|Mario_Runner's rating: 1127 &rarr; <strong>1104</strong><br />(-23 for losing)\n|raw|Sharkhy_'s rating: 1157 &rarr; <strong>1180</strong><br />(+23 for winning)\n|l|\u2606Mario_Runner\n|player|p1|\n",
  "uploadtime": 1776345386,
  "views": 33,
  "formatid": "gen9championsvgc2026regma",
  "rating": 1104,
  "private": 0,
  "password": null
}