{
  "id": "gen9championsvgc2026regma-2587209190",
  "format": "[Gen 9 Champions] VGC 2026 Reg M-A",
  "players": [
    "lolgz",
    "LUMK"
  ],
  "log": "|j|\u2606lolgz\n|j|\u2606LUMK\n|t:|1776509217\n|gametype|doubles\n|player|p1|lolgz|dawn|1208\n|player|p2|LUMK|preschooler|1227\n|gen|9\n|tier|[Gen 9 Champions] VGC 2026 Reg M-A\n|rated|\n|rule|Species Clause: Limit one of each Pok\u00e9mon\n|rule|Item Clause: Limit 1 of each item\n|clearpoke\n|poke|p1|Aerodactyl, L50, F|\n|poke|p1|Basculegion, L50, M|\n|poke|p1|Sneasler, L50, M|\n|poke|p1|Floette-Eternal, L50, F|\n|poke|p1|Maushold, L50|\n|poke|p1|Kingambit, L50, M|\n|poke|p2|Farigiraf, L50, M|\n|poke|p2|Sableye, L50, M|\n|poke|p2|Milotic, L50, F|\n|poke|p2|Drampa, L50, M|\n|poke|p2|Whimsicott, L50, F|\n|poke|p2|Audino, L50, M|\n|teampreview|4\nLUMK rejected open team sheets.\n|inactive|Battle timer is ON: inactive players will automatically lose when time's up. (requested by LUMK)\n|inactive|LUMK has 60 seconds left.\n|\n|t:|1776509278\n|teamsize|p1|4\n|teamsize|p2|4\n|start\n|switch|p1a: Sneasler|Sneasler, L50, M|100/100\n|switch|p1b: Kingambit|Kingambit, L50, M|100/100\n|switch|p2a: Farigiraf|Farigiraf, L50, M|100/100\n|switch|p2b: Sableye|Sableye, L50, M|100/100\n|turn|1\n|\n|t:|1776509292\n|move|p2b: Sableye|Protect|p2b: Sableye\n|-singleturn|p2b: Sableye|Protect\n|move|p1a: Sneasler|Close Combat|p2a: Farigiraf\n|-damage|p2a: Farigiraf|58/100\n|-unboost|p1a: Sneasler|def|1\n|-unboost|p1a: Sneasler|spd|1\n|-enditem|p1a: Sneasler|White Herb\n|-clearnegativeboost|p1a: Sneasler|[silent]\n|move|p2a: Farigiraf|Nasty Plot|p2a: Farigiraf\n|-boost|p2a: Farigiraf|spa|2\n|move|p1b: Kingambit|Kowtow Cleave|p2a: Farigiraf\n|-supereffective|p2a: Farigiraf|1\n|-enditem|p2a: Farigiraf|Colbur Berry|[eat]\n|-enditem|p2a: Farigiraf|Colbur Berry|[weaken]\n|-damage|p2a: Farigiraf|17/100\n|\n|upkeep\n|turn|2\n|\n|t:|1776509305\n|move|p2b: Sableye|Disable|p1a: Sneasler\n|-start|p1a: Sneasler|Disable|Close Combat\n|move|p1a: Sneasler|Dire Claw|p2b: Sableye\n|-resisted|p2b: Sableye|1\n|-damage|p2b: Sableye|72/100\n|move|p2a: Farigiraf|Baton Pass|p2a: Farigiraf\n|\n|t:|1776509316\n|switch|p2a: Audino|Audino, L50, M|100/100|[from] Baton Pass\n|move|p1b: Kingambit|Kowtow Cleave|p2a: Audino\n|-damage|p2a: Audino|46/100\n|\n|upkeep\n|turn|3\n|inactive|LUMK has 30 seconds left.\n|\n|t:|1776509350\n|detailschange|p2a: Audino|Audino-Mega, L50, M\n|-mega|p2a: Audino|Audino|Audinite\n|move|p2b: Sableye|Protect|p2b: Sableye\n|-singleturn|p2b: Sableye|Protect\n|move|p1a: Sneasler|Dire Claw|p2b: Sableye\n|-activate|p2b: Sableye|move: Protect\n|move|p2a: Audino|Flamethrower|p1b: Kingambit\n|-supereffective|p1b: Kingambit|1\n|-damage|p1b: Kingambit|30/100\n|move|p1b: Kingambit|Kowtow Cleave|p2a: Audino\n|-resisted|p2a: Audino|1\n|-damage|p2a: Audino|24/100\n|\n|upkeep\n|turn|4\n|\n|t:|1776509369\n|move|p2a: Audino|Protect|p2a: Audino\n|-singleturn|p2a: Audino|Protect\n|move|p2b: Sableye|Encore|p1a: Sneasler\n|-start|p1a: Sneasler|Encore\n|move|p1a: Sneasler|Dire Claw|p2b: Sableye\n|-resisted|p2b: Sableye|1\n|-damage|p2b: Sableye|43/100\n|-status|p2b: Sableye|psn\n|-enditem|p2b: Sableye|Sitrus Berry|[eat]\n|-heal|p2b: Sableye|67/100 psn|[from] item: Sitrus Berry\n|move|p1b: Kingambit|Kowtow Cleave|p2b: Sableye\n|-damage|p2b: Sableye|0 fnt\n|faint|p2b: Sableye\n|\n|upkeep\n|\n|t:|1776509383\n|switch|p2b: Milotic|Milotic, L50, F|100/100\n|turn|5\n|\n|t:|1776509393\n|move|p2a: Audino|Protect||[still]\n|-fail|p2a: Audino\n|move|p1a: Sneasler|Dire Claw|p2a: Audino\n|-supereffective|p2a: Audino|1\n|-damage|p2a: Audino|0 fnt\n|faint|p2a: Audino\n|move|p2b: Milotic|Scald|p1a: Sneasler\n|-damage|p1a: Sneasler|48/100\n|move|p1b: Kingambit|Kowtow Cleave|p2b: Milotic\n|-damage|p2b: Milotic|36/100\n|\n|-heal|p2b: Milotic|42/100|[from] item: Leftovers\n|-end|p1a: Sneasler|Disable\n|upkeep\n|-message|LUMK forfeited.\n|\n|win|lolgz\n|raw|lolgz's rating: 1208 &rarr; <strong>1234</strong><br />(+26 for winning)\n|raw|LUMK's rating: 1227 &rarr; <strong>1201</strong><br />(-26 for losing)\n",
  "uploadtime": 1776509402,
  "views": 20,
  "formatid": "gen9championsvgc2026regma",
  "rating": 1201,
  "private": 0,
  "password": null
}