{
  "id": "gen9championsvgc2026regma-2581385243",
  "format": "[Gen 9 Champions] VGC 2026 Reg M-A",
  "players": [
    "pumpkinbob",
    "BANKAI_545"
  ],
  "log": "|j|\u2606pumpkinbob\n|j|\u2606BANKAI_545\n|t:|1775994671\n|gametype|doubles\n|player|p1|pumpkinbob|clown|1173\n|player|p2|BANKAI_545|n|1250\n|gen|9\n|tier|[Gen 9 Champions] VGC 2026 Reg M-A\n|rated|\n|rule|Species Clause: Limit one of each Pok\u00e9mon\n|rule|Item Clause: Limit 1 of each item\n|clearpoke\n|poke|p1|Slowbro, L50, M|\n|poke|p1|Kingambit, L50, F|\n|poke|p1|Incineroar, L50, M|\n|poke|p1|Sinistcha, L50|\n|poke|p1|Sneasler, L50, F|\n|poke|p1|Typhlosion-Hisui, L50, F|\n|poke|p2|Gengar, L50, F|\n|poke|p2|Incineroar, L50, M|\n|poke|p2|Sinistcha-Masterpiece, L50|\n|poke|p2|Kingambit, L50, F|\n|poke|p2|Tyranitar, L50, F|\n|poke|p2|Rotom-Heat, L50|\n|teampreview|4\n|inactive|Battle timer is ON: inactive players will automatically lose when time's up. (requested by BANKAI_545)\n|inactive|pumpkinbob also wants the timer to be on.\n|inactive|pumpkinbob has 60 seconds left.\n|inactive|BANKAI_545 has 60 seconds left.\n|\n|t:|1775994724\n|teamsize|p1|4\n|teamsize|p2|4\n|start\n|switch|p1a: Slowvro|Slowbro, L50, M, shiny|100/100\n|switch|p1b: Bird|Sneasler, L50, F|100/100\n|switch|p2a: Godslia|Tyranitar, L50, F|100/100\n|switch|p2b: Rotom|Rotom-Heat, L50, shiny|100/100\n|-weather|Sandstorm|[from] ability: Sand Stream|[of] p2a: Godslia\n|turn|1\n|inactive|BANKAI_545 has 30 seconds left.\n|\n|t:|1775994754\n|switch|p2a: gengy|Gengar, L50, F, shiny|100/100\n|detailschange|p1a: Slowvro|Slowbro-Mega, L50, M, shiny\n|-mega|p1a: Slowvro|Slowbro|Slowbronite\n|move|p1b: Bird|Close Combat|p2a: gengy\n|-immune|p2a: gengy\n|move|p2b: Rotom|Will-O-Wisp|p1b: Bird\n|-status|p1b: Bird|brn\n|move|p1a: Slowvro|Calm Mind|p1a: Slowvro\n|-boost|p1a: Slowvro|spa|1\n|-boost|p1a: Slowvro|spd|1\n|\n|-weather|Sandstorm|[upkeep]\n|-damage|p2a: gengy|95/100|[from] Sandstorm\n|-damage|p1b: Bird|95/100 brn|[from] Sandstorm\n|-damage|p2b: Rotom|95/100|[from] Sandstorm\n|-damage|p1a: Slowvro|95/100|[from] Sandstorm\n|-heal|p2b: Rotom|100/100|[from] item: Leftovers\n|-damage|p1b: Bird|89/100 brn|[from] brn\n|upkeep\n|turn|2\n|\n|t:|1775994776\n|switch|p2b: roar!|Incineroar, L50, M|100/100\n|-ability|p2b: roar!|Intimidate|boost\n|-unboost|p1a: Slowvro|atk|1\n|-unboost|p1b: Bird|atk|1\n|-enditem|p1b: Bird|White Herb\n|-clearnegativeboost|p1b: Bird|[silent]\n|detailschange|p2a: gengy|Gengar-Mega, L50, F, shiny\n|-mega|p2a: gengy|Gengar|Gengarite\n|move|p2a: gengy|Protect|p2a: gengy\n|-singleturn|p2a: gengy|Protect\n|move|p1b: Bird|Close Combat|p2b: roar!\n|-supereffective|p2b: roar!|1\n|-damage|p2b: roar!|38/100\n|-unboost|p1b: Bird|def|1\n|-unboost|p1b: Bird|spd|1\n|move|p1a: Slowvro|Psychic|p2a: gengy\n|-activate|p2a: gengy|move: Protect\n|\n|-weather|Sandstorm|[upkeep]\n|-damage|p1b: Bird|83/100 brn|[from] Sandstorm\n|-damage|p2a: gengy|89/100|[from] Sandstorm\n|-damage|p2b: roar!|32/100|[from] Sandstorm\n|-damage|p1a: Slowvro|89/100|[from] Sandstorm\n|-damage|p1b: Bird|77/100 brn|[from] brn\n|upkeep\n|turn|3\n|\n|t:|1775994798\n|move|p1a: Slowvro|Protect|p1a: Slowvro\n|-singleturn|p1a: Slowvro|Protect\n|move|p2b: roar!|Fake Out|p1a: Slowvro\n|-activate|p1a: Slowvro|move: Protect\n|move|p1b: Bird|Close Combat|p2b: roar!\n|-supereffective|p2b: roar!|1\n|-damage|p2b: roar!|0 fnt\n|-unboost|p1b: Bird|def|1\n|-unboost|p1b: Bird|spd|1\n|faint|p2b: roar!\n|move|p2a: gengy|Perish Song|p2a: gengy\n|-start|p1a: Slowvro|perish3|[silent]\n|-start|p1b: Bird|perish3|[silent]\n|-start|p2a: gengy|perish3|[silent]\n|-fieldactivate|move: Perish Song\n|\n|-weather|Sandstorm|[upkeep]\n|-damage|p1b: Bird|72/100 brn|[from] Sandstorm\n|-damage|p2a: gengy|83/100|[from] Sandstorm\n|-damage|p1a: Slowvro|83/100|[from] Sandstorm\n|-damage|p1b: Bird|66/100 brn|[from] brn\n|-start|p1b: Bird|perish3\n|-start|p2a: gengy|perish3\n|-start|p1a: Slowvro|perish3\n|upkeep\n|\n|t:|1775994804\n|switch|p2b: Rotom|Rotom-Heat, L50, shiny|100/100\n|turn|4\n|inactive|BANKAI_545 has 30 seconds left.\n|\n|t:|1775994835\n|move|p2a: gengy|Protect|p2a: gengy\n|-singleturn|p2a: gengy|Protect\n|move|p1b: Bird|Dire Claw|p2b: Rotom\n|-damage|p2b: Rotom|79/100\n|-status|p2b: Rotom|slp\n|cant|p2b: Rotom|slp\n|move|p1a: Slowvro|Scald|p2b: Rotom\n|-supereffective|p2b: Rotom|1\n|-damage|p2b: Rotom|0 fnt\n|faint|p2b: Rotom\n|\n|-weather|Sandstorm|[upkeep]\n|-damage|p1b: Bird|60/100 brn|[from] Sandstorm\n|-damage|p2a: gengy|77/100|[from] Sandstorm\n|-damage|p1a: Slowvro|77/100|[from] Sandstorm\n|-damage|p1b: Bird|54/100 brn|[from] brn\n|-start|p1b: Bird|perish2\n|-start|p2a: gengy|perish2\n|-start|p1a: Slowvro|perish2\n|upkeep\n|\n|t:|1775994845\n|switch|p2b: Godslia|Tyranitar, L50, F|100/100\n|turn|5\n|\n|t:|1775994850\n|move|p1b: Bird|Close Combat|p2b: Godslia\n|-supereffective|p2b: Godslia|2\n|-damage|p2b: Godslia|0 fnt\n|-unboost|p1b: Bird|def|1\n|-unboost|p1b: Bird|spd|1\n|faint|p2b: Godslia\n|move|p2a: gengy|Shadow Ball|p1a: Slowvro\n|-supereffective|p1a: Slowvro|1\n|-damage|p1a: Slowvro|19/100\n|move|p1a: Slowvro|Psychic|p2a: gengy\n|-supereffective|p2a: gengy|1\n|-damage|p2a: gengy|0 fnt\n|faint|p2a: gengy\n|\n|win|pumpkinbob\n|raw|pumpkinbob's rating: 1173 &rarr; <strong>1203</strong><br />(+30 for winning)\n|raw|BANKAI_545's rating: 1250 &rarr; <strong>1220</strong><br />(-30 for losing)\n",
  "uploadtime": 1775994858,
  "views": 28,
  "formatid": "gen9championsvgc2026regma",
  "rating": 1203,
  "private": 0,
  "password": null
}