{
  "id": "gen9championsvgc2026regma-2586200004",
  "format": "[Gen 9 Champions] VGC 2026 Reg M-A",
  "players": [
    "henitusec",
    "LewisCarroll"
  ],
  "log": "|j|\u2606henitusec\n|j|\u2606LewisCarroll\n|t:|1776411571\n|gametype|doubles\n|player|p1|henitusec|volo|1272\n|player|p2|LewisCarroll|lucas|1300\n|gen|9\n|tier|[Gen 9 Champions] VGC 2026 Reg M-A\n|rated|\n|rule|Species Clause: Limit one of each Pok\u00e9mon\n|rule|Item Clause: Limit 1 of each item\n|clearpoke\n|poke|p1|Froslass, L50, F|\n|poke|p1|Garchomp, L50, F|\n|poke|p1|Rotom-Frost, L50|\n|poke|p1|Empoleon, L50, F|\n|poke|p1|Incineroar, L50, M|\n|poke|p1|Kingambit, L50, F|\n|poke|p2|Whimsicott, L50, F|\n|poke|p2|Politoed, L50, F|\n|poke|p2|Basculegion, L50, M|\n|poke|p2|Dragonite, L50, M|\n|poke|p2|Archaludon, L50, M|\n|poke|p2|Sneasler, L50, F|\n|teampreview|4\n|inactive|Battle timer is ON: inactive players will automatically lose when time's up. (requested by henitusec)\n|\n|t:|1776411598\n|teamsize|p1|4\n|teamsize|p2|4\n|start\n|switch|p1a: Froslass|Froslass, L50, F|100/100\n|switch|p1b: Incineroar|Incineroar, L50, M|100/100\n|switch|p2a: Politoed|Politoed, L50, F|100/100\n|switch|p2b: Basculegion|Basculegion, L50, M|100/100\n|-weather|RainDance|[from] ability: Drizzle|[of] p2a: Politoed\n|-ability|p1b: Incineroar|Intimidate|boost\n|-unboost|p2a: Politoed|atk|1\n|-unboost|p2b: Basculegion|atk|1\n|turn|1\n|\n|t:|1776411609\n|detailschange|p1a: Froslass|Froslass-Mega, L50, F\n|-mega|p1a: Froslass|Froslass|Froslassite\n|-weather|Snowscape|[from] ability: Snow Warning|[of] p1a: Froslass\n|move|p2a: Politoed|Protect|p2a: Politoed\n|-singleturn|p2a: Politoed|Protect\n|move|p1b: Incineroar|Fake Out|p2a: Politoed\n|-activate|p2a: Politoed|move: Protect\n|move|p1a: Froslass|Blizzard|p2a: Politoed|[spread] p2b\n|-activate|p2a: Politoed|move: Protect\n|-resisted|p2b: Basculegion|1\n|-damage|p2b: Basculegion|73/100\n|move|p2b: Basculegion|Phantom Force||[still]\n|-prepare|p2b: Basculegion|Phantom Force\n|\n|-weather|Snowscape|[upkeep]\n|upkeep\n|turn|2\n|inactive|henitusec has 30 seconds left.\n|\n|t:|1776411639\n|switch|p2a: Whimsicott|Whimsicott, L50, F|100/100\n|move|p1a: Froslass|Protect|p1a: Froslass\n|-singleturn|p1a: Froslass|Protect\n|move|p2b: Basculegion|Phantom Force|p1a: Froslass|[from] lockedmove\n|-activate|p1a: Froslass|move: Phantom Force|[broken]\n|-supereffective|p1a: Froslass|1\n|-crit|p1a: Froslass\n|-damage|p1a: Froslass|0 fnt\n|faint|p1a: Froslass\n|move|p1b: Incineroar|Darkest Lariat|p2b: Basculegion\n|-supereffective|p2b: Basculegion|1\n|-damage|p2b: Basculegion|0 fnt\n|faint|p2b: Basculegion\n|\n|-weather|Snowscape|[upkeep]\n|upkeep\n|\n|t:|1776411656\n|switch|p1a: Kingambit|Kingambit, L50, F|100/100\n|switch|p2b: Politoed|Politoed, L50, F|100/100\n|-weather|RainDance|[from] ability: Drizzle|[of] p2b: Politoed\n|turn|3\n|\n|t:|1776411670\n|move|p2a: Whimsicott|Protect|p2a: Whimsicott\n|-singleturn|p2a: Whimsicott|Protect\n|move|p1a: Kingambit|Iron Head|p2a: Whimsicott\n|-activate|p2a: Whimsicott|move: Protect\n|move|p2b: Politoed|Weather Ball|p1b: Incineroar\n|-supereffective|p1b: Incineroar|1\n|-damage|p1b: Incineroar|8/100\n|-enditem|p1b: Incineroar|Sitrus Berry|[eat]\n|-heal|p1b: Incineroar|33/100|[from] item: Sitrus Berry\n|move|p1b: Incineroar|Parting Shot|p2b: Politoed\n|-unboost|p2b: Politoed|atk|1\n|-unboost|p2b: Politoed|spa|1\n|\n|t:|1776411682\n|switch|p1b: Garchomp|Garchomp, L50, F|100/100|[from] Parting Shot\n|\n|-weather|RainDance|[upkeep]\n|upkeep\n|turn|4\n|\n|t:|1776411691\n|switch|p2a: Dragonite|Dragonite, L50, M|100/100\n|move|p1b: Garchomp|Rock Slide|p2b: Politoed|[spread] p2a,p2b\n|-supereffective|p2a: Dragonite|1\n|-damage|p2a: Dragonite|78/100\n|-damage|p2b: Politoed|84/100\n|move|p1a: Kingambit|Iron Head|p2a: Dragonite\n|-damage|p2a: Dragonite|30/100\n|move|p2b: Politoed|Ice Beam|p1b: Garchomp\n|-supereffective|p1b: Garchomp|2\n|-damage|p1b: Garchomp|42/100\n|\n|-weather|RainDance|[upkeep]\n|upkeep\n|turn|5\n|inactive|henitusec has 30 seconds left.\n|\n|t:|1776411723\n|move|p2a: Dragonite|Protect|p2a: Dragonite\n|-singleturn|p2a: Dragonite|Protect\n|move|p1b: Garchomp|Rock Slide|p2a: Dragonite|[spread] p2b\n|-activate|p2a: Dragonite|move: Protect\n|-damage|p2b: Politoed|68/100\n|move|p1a: Kingambit|Iron Head|p2b: Politoed\n|-resisted|p2b: Politoed|1\n|-damage|p2b: Politoed|48/100\n|-enditem|p2b: Politoed|Sitrus Berry|[eat]\n|-heal|p2b: Politoed|73/100|[from] item: Sitrus Berry\n|move|p2b: Politoed|Ice Beam|p1b: Garchomp\n|-supereffective|p1b: Garchomp|2\n|-damage|p1b: Garchomp|0 fnt\n|faint|p1b: Garchomp\n|\n|-weather|RainDance|[upkeep]\n|upkeep\n|\n|t:|1776411736\n|switch|p1b: Incineroar|Incineroar, L50, M|33/100\n|-ability|p1b: Incineroar|Intimidate|boost\n|-unboost|p2a: Dragonite|atk|1\n|-unboost|p2b: Politoed|atk|1\n|turn|6\n|\n|t:|1776411747\n|move|p2a: Dragonite|Protect|p2a: Dragonite\n|-singleturn|p2a: Dragonite|Protect\n|move|p2b: Politoed|Protect|p2b: Politoed\n|-singleturn|p2b: Politoed|Protect\n|move|p1b: Incineroar|Fake Out|p2a: Dragonite\n|-activate|p2a: Dragonite|move: Protect\n|move|p1a: Kingambit|Low Kick|p2b: Politoed\n|-activate|p2b: Politoed|move: Protect\n|\n|-weather|RainDance|[upkeep]\n|upkeep\n|turn|7\n|c|\u2606LewisCarroll|!weakness kingambit\n|c| LewisCarroll|/raw <div class=\"infobox\">Kingambit (ignoring abilities):<br /><span class=\"message-effect-weak\">Weaknesses</span>: <b>Fighting</b>, Fire, Ground<br /><span class=\"message-effect-resist\">Resistances</span>: Dark, Dragon, Flying, Ghost, Grass, Ice, Normal, Rock, Steel<br /><span class=\"message-effect-immune\">Immunities</span>: Poison, Psychic, Prankster, Sandstorm damage, Toxic</div>\n|inactive|LewisCarroll has 30 seconds left.\n|inactive|LewisCarroll has 20 seconds left.\n|\n|t:|1776411782\n|detailschange|p2a: Dragonite|Dragonite-Mega, L50, M\n|-mega|p2a: Dragonite|Dragonite|Dragoninite\n|move|p1a: Kingambit|Sucker Punch|p2a: Dragonite\n|-damage|p2a: Dragonite|0 fnt\n|faint|p2a: Dragonite\n|move|p2b: Politoed|Weather Ball|p1b: Incineroar\n|-supereffective|p1b: Incineroar|1\n|-damage|p1b: Incineroar|0 fnt\n|faint|p1b: Incineroar\n|\n|-weather|none\n|upkeep\n|\n|t:|1776411789\n|switch|p2a: Whimsicott|Whimsicott, L50, F|100/100\n|turn|8\n|\n|t:|1776411803\n|move|p2a: Whimsicott|Encore|p1a: Kingambit\n|-hint|Since gen 7, Dark is immune to Prankster moves.\n|-immune|p1a: Kingambit\n|move|p1a: Kingambit|Sucker Punch|p2b: Politoed\n|-damage|p2b: Politoed|36/100\n|move|p2b: Politoed|Weather Ball|p1a: Kingambit\n|-resisted|p1a: Kingambit|1\n|-damage|p1a: Kingambit|96/100\n|\n|upkeep\n|turn|9\n|-message|LewisCarroll forfeited.\n|\n|win|henitusec\n|raw|henitusec's rating: 1272 &rarr; <strong>1299</strong><br />(+27 for winning)\n|raw|LewisCarroll's rating: 1300 &rarr; <strong>1273</strong><br />(-27 for losing)\n|l|\u2606LewisCarroll\n|player|p2|\n",
  "uploadtime": 1776411821,
  "views": 30,
  "formatid": "gen9championsvgc2026regma",
  "rating": 1273,
  "private": 0,
  "password": null
}