{
  "id": "gen9championsvgc2026regma-2580325839",
  "format": "[Gen 9 Champions] VGC 2026 Reg M-A",
  "players": [
    "doodle0205",
    "JoeTheJobber"
  ],
  "log": "|j|\u2606doodle0205\n|j|\u2606JoeTheJobber\n|t:|1775880723\n|gametype|doubles\n|player|p1|doodle0205|1|1000\n|player|p2|JoeTheJobber|emma-lza|1039\n|gen|9\n|tier|[Gen 9 Champions] VGC 2026 Reg M-A\n|rated|\n|rule|Species Clause: Limit one of each Pok\u00e9mon\n|rule|Item Clause: Limit 1 of each item\n|clearpoke\n|poke|p1|Froslass, L50, F|\n|poke|p1|Dragonite, L50, M|\n|poke|p1|Incineroar, L50, M|\n|poke|p1|Pelipper, L50, M|\n|poke|p1|Gyarados, L50, F|\n|poke|p1|Archaludon, L50, F|\n|poke|p2|Arcanine-Hisui, L50, M|\n|poke|p2|Floette-Eternal, L50, F|\n|poke|p2|Whimsicott, L50, M|\n|poke|p2|Garchomp, L50, M|\n|poke|p2|Charizard, L50, M|\n|poke|p2|Venusaur, L50, F|\n|teampreview|4\nJoeTheJobber has agreed to open team sheets.\ndoodle0205 rejected open team sheets.\n|inactive|Battle timer is ON: inactive players will automatically lose when time's up. (requested by doodle0205)\n|\n|t:|1775880764\n|teamsize|p1|4\n|teamsize|p2|4\n|start\n|switch|p1a: Froslass|Froslass, L50, F|100/100\n|switch|p1b: Incineroar|Incineroar, L50, M|100/100\n|switch|p2a: Floette|Floette-Eternal, L50, F|100/100\n|switch|p2b: Whimsicott|Whimsicott, L50, M|100/100\n|-ability|p1b: Incineroar|Intimidate|boost\n|-unboost|p2a: Floette|atk|1\n|-block|p2b: Whimsicott|ability: Flower Veil|[of] p2a: Floette\n|turn|1\n|\n|t:|1775880781\n|detailschange|p1a: Froslass|Froslass-Mega, L50, F\n|-mega|p1a: Froslass|Froslass|Froslassite\n|-weather|Snowscape|[from] ability: Snow Warning|[of] p1a: Froslass\n|detailschange|p2a: Floette|Floette-Mega, L50, F\n|-mega|p2a: Floette|Floette|Floettite\n|-ability|p2a: Floette|Fairy Aura\n|move|p2b: Whimsicott|Protect|p2b: Whimsicott\n|-singleturn|p2b: Whimsicott|Protect\n|move|p1b: Incineroar|Fake Out|p2b: Whimsicott\n|-activate|p2b: Whimsicott|move: Protect\n|move|p1a: Froslass|Aurora Veil|p1a: Froslass\n|-sidestart|p1: doodle0205|move: Aurora Veil\n|move|p2a: Floette|Moonblast|p1a: Froslass\n|-damage|p1a: Froslass|43/100\n|\n|-weather|Snowscape|[upkeep]\n|upkeep\n|turn|2\n|inactive|JoeTheJobber has 30 seconds left.\n|inactive|JoeTheJobber has 20 seconds left.\n|inactive|JoeTheJobber has 15 seconds left.\n|inactive|JoeTheJobber has 10 seconds left.\n|\n|t:|1775880831\n|switch|p1a: Gyarados|Gyarados, L50, F|100/100\n|-ability|p1a: Gyarados|Intimidate|boost\n|-unboost|p2a: Floette|atk|1\n|-unboost|p2b: Whimsicott|atk|1\n|move|p2b: Whimsicott|Tailwind|p2b: Whimsicott\n|-sidestart|p2: JoeTheJobber|move: Tailwind\n|move|p2a: Floette|Dazzling Gleam|p1a: Gyarados|[spread] p1a,p1b\n|-damage|p1a: Gyarados|68/100\n|-damage|p1b: Incineroar|77/100\n|move|p1b: Incineroar|Flare Blitz|p2b: Whimsicott\n|-supereffective|p2b: Whimsicott|1\n|-enditem|p2b: Whimsicott|Focus Sash\n|-damage|p2b: Whimsicott|1/100\n|-damage|p1b: Incineroar|55/100|[from] Recoil\n|\n|-weather|Snowscape|[upkeep]\n|upkeep\n|turn|3\n|\n|t:|1775880855\n|move|p2b: Whimsicott|Helping Hand|p2a: Floette\n|-singleturn|p2a: Floette|Helping Hand|[of] p2b: Whimsicott\n|move|p2a: Floette|Moonblast|p1b: Incineroar\n|-damage|p1b: Incineroar|0 fnt\n|faint|p1b: Incineroar\n|move|p1a: Gyarados|Dragon Dance|p1a: Gyarados\n|-boost|p1a: Gyarados|atk|1\n|-boost|p1a: Gyarados|spe|1\n|\n|-weather|Snowscape|[upkeep]\n|upkeep\n|\n|t:|1775880863\n|switch|p1b: Dragonite|Dragonite, L50, M|100/100\n|turn|4\n|\n|t:|1775880870\n|switch|p2b: Arcanine|Arcanine-Hisui, L50, M|100/100\n|-ability|p2b: Arcanine|Intimidate|boost\n|-unboost|p1a: Gyarados|atk|1\n|-fail|p1b: Dragonite|unboost|Attack|[from] ability: Inner Focus|[of] p1b: Dragonite\n|move|p1b: Dragonite|Extreme Speed|p2b: Arcanine\n|-resisted|p2b: Arcanine|1\n|-damage|p2b: Arcanine|82/100\n|move|p2a: Floette|Light of Ruin|p1a: Gyarados\n|-damage|p1a: Gyarados|0 fnt\n|faint|p1a: Gyarados\n|-damage|p2a: Floette|62/100|[from] Recoil\n|\n|-weather|Snowscape|[upkeep]\n|upkeep\n|\n|t:|1775880880\n|switch|p1a: Froslass|Froslass-Mega, L50, F|43/100\n|turn|5\n|j| Starry909\n|\n|t:|1775880897\n|move|p1b: Dragonite|Extreme Speed|p2a: Floette\n|-damage|p2a: Floette|18/100\n|move|p2a: Floette|Dazzling Gleam|p1a: Froslass|[spread] p1a,p1b\n|-supereffective|p1b: Dragonite|1\n|-damage|p1a: Froslass|8/100\n|-damage|p1b: Dragonite|35/100\n|move|p2b: Arcanine|Flare Blitz|p1a: Froslass\n|-supereffective|p1a: Froslass|1\n|-damage|p1a: Froslass|0 fnt\n|faint|p1a: Froslass\n|-damage|p2b: Arcanine|80/100|[from] Recoil\n|\n|-weather|none\n|-sideend|p2: JoeTheJobber|move: Tailwind\n|-sideend|p1: doodle0205|move: Aurora Veil\n|upkeep\n|turn|6\n|-message|doodle0205 forfeited.\n|\n|win|JoeTheJobber\n|raw|doodle0205's rating: 1000 &rarr; <strong>1000</strong><br />(+0 for losing)\n|raw|JoeTheJobber's rating: 1039 &rarr; <strong>1069</strong><br />(+30 for winning)\n|l|\u2606doodle0205\n|player|p1|\n",
  "uploadtime": 1775880910,
  "views": 16,
  "formatid": "gen9championsvgc2026regma",
  "rating": 1000,
  "private": 0,
  "password": null
}