{
  "id": "gen9championsvgc2026regma-2581662251",
  "format": "[Gen 9 Champions] VGC 2026 Reg M-A",
  "players": [
    "g1g1o",
    "TheCluelessEngi"
  ],
  "log": "|j|\u2606g1g1o\n|j|\u2606TheCluelessEngi\n|t:|1776018860\n|gametype|doubles\n|player|p1|g1g1o|giovanni|\n|player|p2|TheCluelessEngi|n-masters|\n|gen|9\n|tier|[Gen 9 Champions] VGC 2026 Reg M-A\n|rated|Tournament battle\n|rule|Species Clause: Limit one of each Pok\u00e9mon\n|rule|Item Clause: Limit 1 of each item\n|clearpoke\n|poke|p1|Aegislash, L50, F|\n|poke|p1|Politoed, L50, M|\n|poke|p1|Dragonite, L50, M|\n|poke|p1|Klefki, L50, M|\n|poke|p1|Tsareena, L50, F|\n|poke|p1|Sneasler, L50, M|\n|poke|p2|Froslass, L50, F|\n|poke|p2|Incineroar, L50, F|\n|poke|p2|Orthworm, L50, M|\n|poke|p2|Basculegion, L50, M|\n|poke|p2|Rotom-Frost, L50|\n|poke|p2|Garchomp, L50, M|\n|teampreview|4\n|inactive|Battle timer is ON: inactive players will automatically lose when time's up. (requested by TheCluelessEngi)\n|inactive|TheCluelessEngi has 60 seconds left.\ng1g1o has agreed to open team sheets.\n|inactive|TheCluelessEngi has 30 seconds left.\n|\n|t:|1776018921\n|teamsize|p1|4\n|teamsize|p2|4\n|start\n|switch|p1a: Aegislash|Aegislash, L50, F, shiny|100/100\n|switch|p1b: Klefki|Klefki, L50, M|100/100\n|switch|p2a: The Boys S5E1|Orthworm, L50, M|100/100\n|switch|p2b: Fishstick|Basculegion, L50, M|100/100\n|turn|1\n|inactive|TheCluelessEngi has 30 seconds left.\n|inactive|TheCluelessEngi has 20 seconds left.\n|\n|t:|1776018958\n|move|p1b: Klefki|Reflect|p1b: Klefki\n|-sidestart|p1: g1g1o|Reflect\n|move|p2b: Fishstick|Flip Turn|p1b: Klefki\n|-damage|p1b: Klefki|78/100\n|\n|t:|1776018962\n|switch|p2b: Wolfe Con Perish|Incineroar, L50, F|100/100|[from] Flip Turn\n|-ability|p2b: Wolfe Con Perish|Intimidate|boost\n|-unboost|p1a: Aegislash|atk|1\n|-unboost|p1b: Klefki|atk|1\n|move|p2a: The Boys S5E1|Shed Tail|p2a: The Boys S5E1\n|-start|p2a: The Boys S5E1|Substitute|[from] move: Shed Tail\n|-damage|p2a: The Boys S5E1|50/100\n|-enditem|p2a: The Boys S5E1|Sitrus Berry|[eat]\n|-heal|p2a: The Boys S5E1|75/100|[from] item: Sitrus Berry\n|\n|t:|1776018971\n|switch|p2a: Yukehime|Froslass, L50, F|100/100|[from] Shed Tail\n|-formechange|p1a: Aegislash|Aegislash-Blade|\n|move|p1a: Aegislash|Shadow Ball|p2b: Wolfe Con Perish\n|-resisted|p2b: Wolfe Con Perish|1\n|-damage|p2b: Wolfe Con Perish|84/100\n|-unboost|p2b: Wolfe Con Perish|spd|1\n|\n|upkeep\n|turn|2\n|\n|t:|1776018983\n|switch|p1a: Tsareena|Tsareena, L50, F|100/100\n|move|p1b: Klefki|Rain Dance|p1b: Klefki\n|-weather|RainDance\n|move|p2a: Yukehime|Nasty Plot|p2a: Yukehime\n|-boost|p2a: Yukehime|spa|2\n|move|p2b: Wolfe Con Perish|Flare Blitz|p1b: Klefki\n|-supereffective|p1b: Klefki|1\n|-damage|p1b: Klefki|48/100\n|-damage|p2b: Wolfe Con Perish|76/100|[from] Recoil\n|\n|-weather|RainDance|[upkeep]\n|upkeep\n|turn|3\n|\n|t:|1776018997\n|detailschange|p2a: Yukehime|Froslass-Mega, L50, F\n|-mega|p2a: Yukehime|Froslass|Froslassite\n|-weather|Snowscape|[from] ability: Snow Warning|[of] p2a: Yukehime\n|move|p1b: Klefki|Light Screen|p1b: Klefki\n|-sidestart|p1: g1g1o|move: Light Screen\n|move|p2a: Yukehime|Blizzard|p1b: Klefki|[spread] p1a,p1b\n|-supereffective|p1a: Tsareena|1\n|-resisted|p1b: Klefki|1\n|-damage|p1a: Tsareena|0 fnt\n|-damage|p1b: Klefki|12/100\n|faint|p1a: Tsareena\n|move|p2b: Wolfe Con Perish|Flare Blitz|p1b: Klefki\n|-supereffective|p1b: Klefki|1\n|-damage|p1b: Klefki|0 fnt\n|faint|p1b: Klefki\n|-damage|p2b: Wolfe Con Perish|73/100|[from] Recoil\n|\n|-weather|Snowscape|[upkeep]\n|upkeep\n|\n|t:|1776019003\n|switch|p1b: Aegislash|Aegislash, L50, F, shiny|100/100\n|switch|p1a: Dragonite|Dragonite, L50, M, shiny|100/100\n|turn|4\n|\n|t:|1776019017\n|detailschange|p1a: Dragonite|Dragonite-Mega, L50, M, shiny\n|-mega|p1a: Dragonite|Dragonite|Dragoninite\n|move|p2a: Yukehime|Blizzard|p1b: Aegislash|[spread] p1a,p1b\n|-supereffective|p1a: Dragonite|2\n|-resisted|p1b: Aegislash|1\n|-damage|p1a: Dragonite|20/100\n|-damage|p1b: Aegislash|76/100\n|move|p1a: Dragonite|Hurricane|p2b: Wolfe Con Perish|[miss]\n|-miss|p1a: Dragonite|p2b: Wolfe Con Perish\n|-formechange|p1b: Aegislash|Aegislash-Blade|\n|move|p1b: Aegislash|Flash Cannon|p2a: Yukehime\n|-supereffective|p2a: Yukehime|1\n|-end|p2a: Yukehime|Substitute\n|move|p2b: Wolfe Con Perish|Flare Blitz|p1b: Aegislash\n|-supereffective|p1b: Aegislash|1\n|-damage|p1b: Aegislash|0 fnt\n|faint|p1b: Aegislash\n|-damage|p2b: Wolfe Con Perish|52/100|[from] Recoil\n|\n|-weather|Snowscape|[upkeep]\n|upkeep\n|turn|5\n|-message|g1g1o forfeited.\n|\n|win|TheCluelessEngi\n|n|\u2606g1g1o|g1g1o\n|n|\u2606TheCluelessEngi|thecluelessengi\n|l|\u2606g1g1o\n|player|p1|\n",
  "uploadtime": 1776019040,
  "views": 15,
  "formatid": "gen9championsvgc2026regma",
  "rating": null,
  "private": 0,
  "password": null
}