{
  "id": "gen9championsvgc2026regma-2588315971",
  "format": "[Gen 9 Champions] VGC 2026 Reg M-A",
  "players": [
    "shadowluffy2002",
    "Javiconb"
  ],
  "log": "|j|\u2606shadowluffy2002\n|j|\u2606Javiconb\n|t:|1776623479\n|gametype|doubles\n|player|p1|shadowluffy2002|170|1448\n|player|p2|Javiconb|169|1468\n|gen|9\n|tier|[Gen 9 Champions] VGC 2026 Reg M-A\n|rated|\n|rule|Species Clause: Limit one of each Pok\u00e9mon\n|rule|Item Clause: Limit 1 of each item\n|clearpoke\n|poke|p1|Basculegion, L50, M|\n|poke|p1|Pelipper, L50, M|\n|poke|p1|Delphox, L50, M|\n|poke|p1|Farigiraf, L50, M|\n|poke|p1|Archaludon, L50, M|\n|poke|p1|Garchomp, L50, F|\n|poke|p2|Sinistcha, L50|\n|poke|p2|Hawlucha, L50, F|\n|poke|p2|Snorlax, L50, F|\n|poke|p2|Gardevoir, L50, F|\n|poke|p2|Rotom-Wash, L50|\n|poke|p2|Kingambit, L50, F|\n|teampreview|4\nshadowluffy2002 has agreed to open team sheets.\n|inactive|Battle timer is ON: inactive players will automatically lose when time's up. (requested by shadowluffy2002)\n|inactive|Javiconb has 60 seconds left.\n|inactive|Javiconb has 30 seconds left.\n|inactive|Javiconb has 20 seconds left.\n|inactive|Javiconb has 15 seconds left.\n|inactive|Javiconb has 10 seconds left.\n|inactive|Javiconb has 5 seconds left.\n|\n|t:|1776623617\n|teamsize|p1|4\n|teamsize|p2|4\n|start\n|switch|p1a: Delphox|Delphox, L50, M|100/100\n|switch|p1b: Farigiraf|Farigiraf, L50, M|100/100\n|switch|p2a: Sinistcha|Sinistcha, L50|100/100\n|switch|p2b: Hawlucha|Hawlucha, L50, F|100/100\n|turn|1\n|inactive|Javiconb has 30 seconds left.\n|inactive|Javiconb has 20 seconds left.\n|inactive|Javiconb has 15 seconds left.\n|inactive|Javiconb has 10 seconds left.\n|inactive|Javiconb has 5 seconds left.\n|\n|t:|1776623672\n|detailschange|p1a: Delphox|Delphox-Mega, L50, M\n|-mega|p1a: Delphox|Delphox|Delphoxite\n|move|p1a: Delphox|Heat Wave|p2b: Hawlucha|[spread] p2a\n|-miss|p1a: Delphox|p2b: Hawlucha\n|-supereffective|p2a: Sinistcha|1\n|-damage|p2a: Sinistcha|20/100\n|-enditem|p2a: Sinistcha|Sitrus Berry|[eat]\n|-heal|p2a: Sinistcha|44/100|[from] item: Sitrus Berry\n|move|p2b: Hawlucha|Entrainment|p1a: Delphox\n|-ability|p1a: Delphox|Limber|Levitate|[from] move: Entrainment|[of] p2b: Hawlucha\n|move|p1b: Farigiraf|Imprison|p1b: Farigiraf\n|-start|p1b: Farigiraf|move: Imprison\n|move|p2a: Sinistcha|Matcha Gotcha|p1b: Farigiraf|[spread] p1a,p1b\n|-resisted|p1a: Delphox|1\n|-damage|p1a: Delphox|88/100\n|-heal|p2a: Sinistcha|49/100|[from] drain|[of] p1a: Delphox\n|-damage|p1b: Farigiraf|79/100\n|-heal|p2a: Sinistcha|63/100|[from] drain|[of] p1b: Farigiraf\n|\n|upkeep\n|turn|2\n|inactive|Javiconb has 30 seconds left.\n|inactive|Javiconb has 20 seconds left.\n|inactive|Javiconb has 15 seconds left.\n|inactive|Javiconb has 10 seconds left.\n|\n|t:|1776623721\n|detailschange|p2b: Hawlucha|Hawlucha-Mega, L50, F\n|-mega|p2b: Hawlucha|Hawlucha|Hawluchanite\n|move|p1b: Farigiraf|Helping Hand|p1a: Delphox\n|-singleturn|p1a: Delphox|Helping Hand|[of] p1b: Farigiraf\n|move|p1a: Delphox|Heat Wave|p2b: Hawlucha|[spread] p2a,p2b\n|-supereffective|p2a: Sinistcha|1\n|-damage|p2a: Sinistcha|0 fnt\n|-damage|p2b: Hawlucha|21/100\n|faint|p2a: Sinistcha\n|move|p2b: Hawlucha|High Jump Kick|p1b: Farigiraf\n|-crit|p1b: Farigiraf\n|-damage|p1b: Farigiraf|0 fnt\n|faint|p1b: Farigiraf\n|\n|upkeep\n|\n|t:|1776623739\n|switch|p1b: Archaludon|Archaludon, L50, M|100/100\n|switch|p2a: Snorlax|Snorlax, L50, F|100/100\n|turn|3\n|inactive|Javiconb has 30 seconds left.\n|\n|t:|1776623766\n|move|p2b: Hawlucha|Protect|p2b: Hawlucha\n|-singleturn|p2b: Hawlucha|Protect\n|move|p1a: Delphox|Psyshock|p2b: Hawlucha\n|-activate|p2b: Hawlucha|move: Protect\n|move|p1b: Archaludon|Electro Shot||[still]\n|-prepare|p1b: Archaludon|Electro Shot\n|-boost|p1b: Archaludon|spa|1\n|move|p2a: Snorlax|Rock Slide|p1a: Delphox|[spread] p1a,p1b\n|-supereffective|p1a: Delphox|1\n|-resisted|p1b: Archaludon|1\n|-damage|p1a: Delphox|48/100\n|-damage|p1b: Archaludon|95/100\n|-ability|p1b: Archaludon|Stamina|boost\n|-boost|p1b: Archaludon|def|1\n|\n|upkeep\n|turn|4\n|\n|t:|1776623796\n|move|p1a: Delphox|Psyshock|p2b: Hawlucha\n|-supereffective|p2b: Hawlucha|1\n|-damage|p2b: Hawlucha|0 fnt\n|faint|p2b: Hawlucha\n|move|p1b: Archaludon|Electro Shot|p2a: Snorlax|[from] lockedmove\n|-damage|p2a: Snorlax|71/100\n|move|p2a: Snorlax|Fissure|p1b: Archaludon|[miss]\n|-miss|p2a: Snorlax|p1b: Archaludon\n|\n|upkeep\n|\n|t:|1776623800\n|switch|p2b: Gardevoir|Gardevoir, L50, F|100/100\n|-ability|p2b: Gardevoir|Limber|Trace|[from] ability: Trace|[of] p1a: Delphox\n|turn|5\n|\n|t:|1776623822\n|move|p2b: Gardevoir|Moonblast|p1a: Delphox\n|-resisted|p1a: Delphox|1\n|-damage|p1a: Delphox|24/100\n|move|p1a: Delphox|Psyshock|p2a: Snorlax\n|-damage|p2a: Snorlax|33/100\n|move|p1b: Archaludon|Flash Cannon|p2a: Snorlax\n|-damage|p2a: Snorlax|8/100\n|move|p2a: Snorlax|Fissure|p1b: Archaludon|[miss]\n|-miss|p2a: Snorlax|p1b: Archaludon\n|\n|upkeep\n|turn|6\n|\n|t:|1776623839\n|move|p2a: Snorlax|Protect|p2a: Snorlax\n|-singleturn|p2a: Snorlax|Protect\n|move|p2b: Gardevoir|Moonblast|p1a: Delphox\n|-resisted|p1a: Delphox|1\n|-damage|p1a: Delphox|0 fnt\n|faint|p1a: Delphox\n|move|p1b: Archaludon|Flash Cannon|p2a: Snorlax\n|-activate|p2a: Snorlax|move: Protect\n|\n|upkeep\n|\n|t:|1776623844\n|switch|p1a: Pelipper|Pelipper, L50, M|100/100\n|-weather|RainDance|[from] ability: Drizzle|[of] p1a: Pelipper\n|turn|7\n|\n|t:|1776623851\n|move|p1b: Archaludon|Protect|p1b: Archaludon\n|-singleturn|p1b: Archaludon|Protect\n|move|p2b: Gardevoir|Moonblast|p1a: Pelipper\n|-damage|p1a: Pelipper|19/100\n|move|p1a: Pelipper|Tailwind|p1a: Pelipper\n|-sidestart|p1: shadowluffy2002|move: Tailwind\n|move|p2a: Snorlax|Rock Slide|p1b: Archaludon|[spread] p1a\n|-activate|p1b: Archaludon|move: Protect\n|-supereffective|p1a: Pelipper|1\n|-crit|p1a: Pelipper\n|-damage|p1a: Pelipper|0 fnt\n|faint|p1a: Pelipper\n|\n|-weather|RainDance|[upkeep]\n|upkeep\n|turn|8\n|\n|t:|1776623867\n|move|p2a: Snorlax|Protect|p2a: Snorlax\n|-singleturn|p2a: Snorlax|Protect\n|move|p1b: Archaludon|Flash Cannon|p2b: Gardevoir\n|-supereffective|p2b: Gardevoir|1\n|-damage|p2b: Gardevoir|0 fnt\n|faint|p2b: Gardevoir\n|\n|-weather|RainDance|[upkeep]\n|upkeep\n|turn|9\n|\n|t:|1776623873\n|move|p1b: Archaludon|Flash Cannon|p2a: Snorlax\n|-damage|p2a: Snorlax|0 fnt\n|faint|p2a: Snorlax\n|\n|win|shadowluffy2002\n|raw|shadowluffy2002's rating: 1448 &rarr; <strong>1469</strong><br />(+21 for winning)\n|raw|Javiconb's rating: 1468 &rarr; <strong>1447</strong><br />(-21 for losing)\n|l|\u2606shadowluffy2002\n|player|p1|\n",
  "uploadtime": 1776623912,
  "views": 10,
  "formatid": "gen9championsvgc2026regma",
  "rating": 1447,
  "private": 0,
  "password": null
}