{
  "id": "gen9championsvgc2026regma-2586250401",
  "format": "[Gen 9 Champions] VGC 2026 Reg M-A",
  "players": [
    "Lulumanflex",
    "garreeeee"
  ],
  "log": "|j|\u2606Lulumanflex\n|j|\u2606garreeeee\n|t:|1776417374\n|gametype|doubles\n|player|p1|Lulumanflex|101|1328\n|player|p2|garreeeee|juggler|1249\n|gen|9\n|tier|[Gen 9 Champions] VGC 2026 Reg M-A\n|rated|\n|rule|Species Clause: Limit one of each Pok\u00e9mon\n|rule|Item Clause: Limit 1 of each item\n|clearpoke\n|poke|p1|Rotom-Wash, L50|\n|poke|p1|Garchomp, L50, F|\n|poke|p1|Charizard, L50, F|\n|poke|p1|Sneasler, L50, M|\n|poke|p1|Aerodactyl, L50, M|\n|poke|p1|Kingambit, L50, F|\n|poke|p2|Garchomp, L50, M|\n|poke|p2|Tyranitar, L50, F|\n|poke|p2|Gengar, L50, F|\n|poke|p2|Aerodactyl, L50, M|\n|poke|p2|Rotom-Wash, L50|\n|poke|p2|Sneasler, L50, F|\n|teampreview|4\n|inactive|Battle timer is ON: inactive players will automatically lose when time's up. (requested by Lulumanflex)\n|\n|t:|1776417424\n|teamsize|p1|4\n|teamsize|p2|4\n|start\n|switch|p1a: Sneasler|Sneasler, L50, M|100/100\n|switch|p1b: Kingambit|Kingambit, L50, F|100/100\n|switch|p2a: Echo|Garchomp, L50, M|100/100\n|switch|p2b: \"MYY FOOD!!!!!!\"|Aerodactyl, L50, M|100/100\n|-ability|p2b: \"MYY FOOD!!!!!!\"|Unnerve\n|turn|1\n|\n|t:|1776417446\n|move|p2b: \"MYY FOOD!!!!!!\"|Protect|p2b: \"MYY FOOD!!!!!!\"\n|-singleturn|p2b: \"MYY FOOD!!!!!!\"|Protect\n|move|p2a: Echo|Protect|p2a: Echo\n|-singleturn|p2a: Echo|Protect\n|move|p1a: Sneasler|Fake Out|p2a: Echo\n|-activate|p2a: Echo|move: Protect\n|move|p1b: Kingambit|Iron Head|p2b: \"MYY FOOD!!!!!!\"\n|-activate|p2b: \"MYY FOOD!!!!!!\"|move: Protect\n|\n|upkeep\n|turn|2\n|inactive|Lulumanflex has 30 seconds left.\n|\n|t:|1776417471\n|switch|p1a: Garchomp|Garchomp, L50, F|100/100\n|switch|p1b: Rotom|Rotom-Wash, L50|100/100\n|detailschange|p2a: Echo|Garchomp-Mega, L50, M\n|-mega|p2a: Echo|Garchomp|Garchompite\n|move|p2b: \"MYY FOOD!!!!!!\"|Tailwind|p2b: \"MYY FOOD!!!!!!\"\n|-sidestart|p2: garreeeee|move: Tailwind\n|move|p2a: Echo|Earthquake|p1a: Garchomp|[spread] p1a\n|-immune|p2b: \"MYY FOOD!!!!!!\"\n|-immune|p1b: Rotom|[from] ability: Levitate\n|-damage|p1a: Garchomp|49/100\n|\n|upkeep\n|turn|3\n|\n|t:|1776417493\n|move|p1a: Garchomp|Protect|p1a: Garchomp\n|-singleturn|p1a: Garchomp|Protect\n|move|p2b: \"MYY FOOD!!!!!!\"|Rock Slide|p1a: Garchomp|[spread] p1b\n|-activate|p1a: Garchomp|move: Protect\n|-damage|p1b: Rotom|68/100\n|move|p2a: Echo|Dragon Claw|p1a: Garchomp\n|-activate|p1a: Garchomp|move: Protect\n|cant|p1b: Rotom|flinch\n|\n|upkeep\n|turn|4\n|inactive|Lulumanflex has 30 seconds left.\n|\n|t:|1776417519\n|switch|p1a: Sneasler|Sneasler, L50, M|100/100\n|move|p2b: \"MYY FOOD!!!!!!\"|Rock Slide|p1a: Sneasler|[spread] p1a,p1b\n|-resisted|p1a: Sneasler|1\n|-damage|p1a: Sneasler|86/100\n|-damage|p1b: Rotom|38/100\n|move|p2a: Echo|Dragon Claw|p1b: Rotom\n|-damage|p1b: Rotom|0 fnt\n|faint|p1b: Rotom\n|\n|upkeep\n|\n|t:|1776417535\n|switch|p1b: Garchomp|Garchomp, L50, F|49/100\n|turn|5\n|\n|t:|1776417541\n|move|p2b: \"MYY FOOD!!!!!!\"|Protect|p2b: \"MYY FOOD!!!!!!\"\n|-singleturn|p2b: \"MYY FOOD!!!!!!\"|Protect\n|move|p2a: Echo|Protect|p2a: Echo\n|-singleturn|p2a: Echo|Protect\n|move|p1a: Sneasler|Fake Out|p2a: Echo\n|-activate|p2a: Echo|move: Protect\n|move|p1b: Garchomp|Dragon Claw|p2a: Echo\n|-activate|p2a: Echo|move: Protect\n|\n|-sideend|p2: garreeeee|move: Tailwind\n|upkeep\n|turn|6\n|inactive|Lulumanflex has 30 seconds left.\n|\n|t:|1776417568\n|move|p1b: Garchomp|Protect|p1b: Garchomp\n|-singleturn|p1b: Garchomp|Protect\n|move|p2b: \"MYY FOOD!!!!!!\"|Tailwind|p2b: \"MYY FOOD!!!!!!\"\n|-sidestart|p2: garreeeee|move: Tailwind\n|move|p2a: Echo|Earthquake|p1a: Sneasler|[spread] p1a\n|-activate|p1b: Garchomp|move: Protect\n|-immune|p2b: \"MYY FOOD!!!!!!\"\n|-supereffective|p1a: Sneasler|1\n|-damage|p1a: Sneasler|0 fnt\n|faint|p1a: Sneasler\n|\n|upkeep\n|\n|t:|1776417577\n|switch|p1a: Kingambit|Kingambit, L50, F|100/100\n|turn|7\n|\n|t:|1776417591\n|switch|p2b: don't Fight Guys!|Tyranitar, L50, F|100/100\n|-weather|Sandstorm|[from] ability: Sand Stream|[of] p2b: don't Fight Guys!\n|move|p1a: Kingambit|Sucker Punch|p2a: Echo\n|-damage|p2a: Echo|58/100\n|move|p2a: Echo|Earthquake|p1a: Kingambit|[spread] p2b,p1a,p1b\n|-supereffective|p2b: don't Fight Guys!|1\n|-supereffective|p1a: Kingambit|1\n|-damage|p2b: don't Fight Guys!|0 fnt\n|-damage|p1a: Kingambit|14/100\n|-damage|p1b: Garchomp|0 fnt\n|faint|p2b: don't Fight Guys!\n|faint|p1b: Garchomp\n|\n|-weather|Sandstorm|[upkeep]\n|upkeep\n|\n|t:|1776417601\n|switch|p2b: Covid-19|Sneasler, L50, F|100/100\n|turn|8\n|\n|t:|1776417605\n|move|p1a: Kingambit|Protect|p1a: Kingambit\n|-singleturn|p1a: Kingambit|Protect\n|move|p2b: Covid-19|Fake Out|p1a: Kingambit\n|-activate|p1a: Kingambit|move: Protect\n|move|p2a: Echo|Earthquake|p1a: Kingambit|[spread] p2b\n|-activate|p1a: Kingambit|move: Protect\n|-supereffective|p2b: Covid-19|1\n|-damage|p2b: Covid-19|0 fnt\n|faint|p2b: Covid-19\n|\n|-weather|Sandstorm|[upkeep]\n|upkeep\n|\n|t:|1776417608\n|switch|p2b: \"MYY FOOD!!!!!!\"|Aerodactyl, L50, M|100/100\n|-ability|p2b: \"MYY FOOD!!!!!!\"|Unnerve\n|turn|9\n|\n|t:|1776417619\n|move|p1a: Kingambit|Sucker Punch|p2a: Echo\n|-damage|p2a: Echo|18/100\n|move|p2b: \"MYY FOOD!!!!!!\"|Rock Slide|p1a: Kingambit\n|-resisted|p1a: Kingambit|1\n|-crit|p1a: Kingambit\n|-damage|p1a: Kingambit|0 fnt\n|faint|p1a: Kingambit\n|\n|win|garreeeee\n|raw|Lulumanflex's rating: 1328 &rarr; <strong>1304</strong><br />(-24 for losing)\n|raw|garreeeee's rating: 1249 &rarr; <strong>1280</strong><br />(+31 for winning)\n|l|\u2606Lulumanflex\n|player|p1|\n",
  "uploadtime": 1776417674,
  "views": 49,
  "formatid": "gen9championsvgc2026regma",
  "rating": 1280,
  "private": 0,
  "password": null
}