{
  "id": "gen9championsvgc2026regma-2581465210",
  "format": "[Gen 9 Champions] VGC 2026 Reg M-A",
  "players": [
    "Braute",
    "actuary97"
  ],
  "log": "|j|\u2606Braute\n|j|\u2606actuary97\n|t:|1776003025\n|gametype|doubles\n|player|p1|Braute|miku-fire|1186\n|player|p2|actuary97|sabrina-frlg|1283\n|gen|9\n|tier|[Gen 9 Champions] VGC 2026 Reg M-A\n|rated|\n|rule|Species Clause: Limit one of each Pok\u00e9mon\n|rule|Item Clause: Limit 1 of each item\n|clearpoke\n|poke|p1|Beedrill, L50, M|\n|poke|p1|Incineroar, L50, F|\n|poke|p1|Talonflame, L50, F|\n|poke|p1|Kingambit, L50, M|\n|poke|p1|Tyranitar, L50, F|\n|poke|p1|Excadrill, L50, F|\n|poke|p2|Tyranitar, L50, M|\n|poke|p2|Gallade, L50, M|\n|poke|p2|Sinistcha, L50|\n|poke|p2|Corviknight, L50, M|\n|poke|p2|Incineroar, L50, M|\n|poke|p2|Slowbro, L50, M|\n|teampreview|4\n|inactive|Battle timer is ON: inactive players will automatically lose when time's up. (requested by Braute)\n|inactive|Braute has 60 seconds left.\n|inactive|actuary97 has 60 seconds left.\n|\n|t:|1776003068\n|teamsize|p1|4\n|teamsize|p2|4\n|start\n|switch|p1a: Kingambit|Kingambit, L50, M, shiny|100/100\n|switch|p1b: Beedrill|Beedrill, L50, M, shiny|100/100\n|switch|p2a: Corviknight|Corviknight, L50, M|100/100\n|switch|p2b: Gallade|Gallade, L50, M, shiny|100/100\n|turn|1\n|inactive|Braute has 30 seconds left.\n|inactive|actuary97 has 30 seconds left.\n|\n|t:|1776003099\n|detailschange|p1b: Beedrill|Beedrill-Mega, L50, M, shiny\n|-mega|p1b: Beedrill|Beedrill|Beedrillite\n|move|p2b: Gallade|Protect|p2b: Gallade\n|-singleturn|p2b: Gallade|Protect\n|move|p1b: Beedrill|U-turn|p2b: Gallade\n|-activate|p2b: Gallade|move: Protect\n|move|p2a: Corviknight|Tailwind|p2a: Corviknight\n|-sidestart|p2: actuary97|move: Tailwind\n|move|p1a: Kingambit|Kowtow Cleave|p2b: Gallade\n|-activate|p2b: Gallade|move: Protect\n|\n|upkeep\n|turn|2\n|\n|t:|1776003112\n|switch|p1a: Talonflame|Talonflame, L50, F|100/100\n|move|p1b: Beedrill|Protect|p1b: Beedrill\n|-singleturn|p1b: Beedrill|Protect\n|move|p2b: Gallade|Psycho Cut|p1b: Beedrill\n|-activate|p1b: Beedrill|move: Protect\n|move|p2a: Corviknight|Bulk Up|p2a: Corviknight\n|-boost|p2a: Corviknight|atk|1\n|-boost|p2a: Corviknight|def|1\n|\n|upkeep\n|turn|3\n|\n|t:|1776003123\n|switch|p2b: Incineroar|Incineroar, L50, M|100/100\n|-ability|p2b: Incineroar|Intimidate|boost\n|-unboost|p1a: Talonflame|atk|1\n|-unboost|p1b: Beedrill|atk|1\n|move|p1a: Talonflame|Tailwind|p1a: Talonflame\n|-sidestart|p1: Braute|move: Tailwind\n|move|p1b: Beedrill|U-turn|p2b: Incineroar\n|-damage|p2b: Incineroar|69/100\n|\n|t:|1776003129\n|switch|p1b: Kingambit|Kingambit, L50, M, shiny|100/100|[from] U-turn\n|move|p2a: Corviknight|Bulk Up|p2a: Corviknight\n|-boost|p2a: Corviknight|atk|1\n|-boost|p2a: Corviknight|def|1\n|\n|upkeep\n|turn|4\n|\n|t:|1776003153\n|move|p2b: Incineroar|Fake Out|p1a: Talonflame\n|-damage|p1a: Talonflame|83/100\n|cant|p1a: Talonflame|flinch\n|move|p2a: Corviknight|Body Press|p1b: Kingambit\n|-supereffective|p1b: Kingambit|2\n|-damage|p1b: Kingambit|0 fnt\n|faint|p1b: Kingambit\n|\n|-sideend|p2: actuary97|move: Tailwind\n|upkeep\n|\n|t:|1776003161\n|switch|p1b: Incineroar|Incineroar, L50, F, shiny|100/100\n|-ability|p1b: Incineroar|Intimidate|boost\n|-ability|p2a: Corviknight|Mirror Armor\n|-unboost|p1b: Incineroar|atk|1\n|-unboost|p2b: Incineroar|atk|1\n|turn|5\n|\n|t:|1776003173\n|move|p1a: Talonflame|Flare Blitz|p2a: Corviknight\n|-supereffective|p2a: Corviknight|1\n|-damage|p2a: Corviknight|73/100\n|-damage|p1a: Talonflame|71/100|[from] Recoil\n|move|p1b: Incineroar|Flare Blitz|p2a: Corviknight\n|-supereffective|p2a: Corviknight|1\n|-damage|p2a: Corviknight|44/100\n|-damage|p1b: Incineroar|89/100|[from] Recoil\n|move|p2a: Corviknight|Tailwind|p2a: Corviknight\n|-sidestart|p2: actuary97|move: Tailwind\n|move|p2b: Incineroar|Parting Shot|p1a: Talonflame\n|-unboost|p1a: Talonflame|atk|1\n|-unboost|p1a: Talonflame|spa|1\n|\n|t:|1776003185\n|switch|p2b: Tyranitar|Tyranitar, L50, M, shiny|100/100|[from] Parting Shot\n|-weather|Sandstorm|[from] ability: Sand Stream|[of] p2b: Tyranitar\n|\n|-weather|Sandstorm|[upkeep]\n|-damage|p1a: Talonflame|65/100|[from] Sandstorm\n|-damage|p1b: Incineroar|83/100|[from] Sandstorm\n|-heal|p2a: Corviknight|50/100|[from] item: Leftovers\n|upkeep\n|turn|6\n|\n|t:|1776003195\n|detailschange|p2b: Tyranitar|Tyranitar-Mega, L50, M, shiny\n|-mega|p2b: Tyranitar|Tyranitar|Tyranitarite\n|move|p1a: Talonflame|Flare Blitz|p2a: Corviknight\n|-supereffective|p2a: Corviknight|1\n|-damage|p2a: Corviknight|31/100\n|-damage|p1a: Talonflame|57/100|[from] Recoil\n|move|p2b: Tyranitar|Dragon Dance|p2b: Tyranitar\n|-boost|p2b: Tyranitar|atk|1\n|-boost|p2b: Tyranitar|spe|1\n|move|p2a: Corviknight|Body Press|p1b: Incineroar\n|-supereffective|p1b: Incineroar|1\n|-damage|p1b: Incineroar|9/100\n|-enditem|p1b: Incineroar|Sitrus Berry|[eat]\n|-heal|p1b: Incineroar|34/100|[from] item: Sitrus Berry\n|move|p1b: Incineroar|Flare Blitz|p2a: Corviknight\n|-supereffective|p2a: Corviknight|1\n|-damage|p2a: Corviknight|0 fnt\n|faint|p2a: Corviknight\n|-damage|p1b: Incineroar|22/100|[from] Recoil\n|\n|-weather|Sandstorm|[upkeep]\n|-damage|p1a: Talonflame|51/100|[from] Sandstorm\n|-damage|p1b: Incineroar|16/100|[from] Sandstorm\n|-sideend|p1: Braute|move: Tailwind\n|upkeep\n|\n|t:|1776003218\n|switch|p2a: Incineroar|Incineroar, L50, M|69/100\n|-ability|p2a: Incineroar|Intimidate|boost\n|-unboost|p1a: Talonflame|atk|1\n|-unboost|p1b: Incineroar|atk|1\n|turn|7\n|\n|t:|1776003224\n|move|p1a: Talonflame|Protect|p1a: Talonflame\n|-singleturn|p1a: Talonflame|Protect\n|move|p2a: Incineroar|Fake Out|p1a: Talonflame\n|-activate|p1a: Talonflame|move: Protect\n|move|p2b: Tyranitar|Rock Slide|p1a: Talonflame|[spread] p1b\n|-activate|p1a: Talonflame|move: Protect\n|-supereffective|p1b: Incineroar|1\n|-damage|p1b: Incineroar|0 fnt\n|faint|p1b: Incineroar\n|\n|-weather|Sandstorm|[upkeep]\n|-damage|p1a: Talonflame|45/100|[from] Sandstorm\n|-damage|p2a: Incineroar|63/100|[from] Sandstorm\n|upkeep\n|\n|t:|1776003226\n|switch|p1b: Beedrill|Beedrill-Mega, L50, M, shiny|100/100\n|turn|8\n|\n|t:|1776003230\n|move|p2b: Tyranitar|Rock Slide|p1b: Beedrill|[spread] p1a,p1b\n|-supereffective|p1a: Talonflame|2\n|-supereffective|p1b: Beedrill|1\n|-damage|p1a: Talonflame|0 fnt\n|-damage|p1b: Beedrill|0 fnt\n|faint|p1a: Talonflame\n|faint|p1b: Beedrill\n|\n|win|actuary97\n|raw|Braute's rating: 1186 &rarr; <strong>1168</strong><br />(-18 for losing)\n|raw|actuary97's rating: 1283 &rarr; <strong>1301</strong><br />(+18 for winning)\n",
  "uploadtime": 1776003231,
  "views": 51,
  "formatid": "gen9championsvgc2026regma",
  "rating": 1168,
  "private": 0,
  "password": null
}