{
  "id": "gen9championsvgc2026regma-2582429293",
  "format": "[Gen 9 Champions] VGC 2026 Reg M-A",
  "players": [
    "joaogui2412",
    "flymax"
  ],
  "log": "|j|\u2606joaogui2412\n|j|\u2606flymax\n|t:|1776091120\n|gametype|doubles\n|player|p1|joaogui2412|policeman-gen4|1237\n|player|p2|flymax|ghetsis|1176\n|gen|9\n|tier|[Gen 9 Champions] VGC 2026 Reg M-A\n|rated|\n|rule|Species Clause: Limit one of each Pok\u00e9mon\n|rule|Item Clause: Limit 1 of each item\n|clearpoke\n|poke|p1|Politoed, L50, F|\n|poke|p1|Basculegion, L50, M|\n|poke|p1|Sinistcha-Masterpiece, L50|\n|poke|p1|Dragonite, L50, M|\n|poke|p1|Archaludon, L50, M|\n|poke|p1|Sneasler, L50, M|\n|poke|p2|Victreebel, L50, F|\n|poke|p2|Incineroar, L50, M|\n|poke|p2|Zoroark-Hisui, L50, M|\n|poke|p2|Primarina, L50, M|\n|poke|p2|Whimsicott, L50, M|\n|poke|p2|Corviknight, L50, F|\n|teampreview|4\n|\n|t:|1776091157\n|teamsize|p1|4\n|teamsize|p2|4\n|start\n|switch|p1a: Dragonite|Dragonite, L50, M|100/100\n|switch|p1b: Sneasler|Sneasler, L50, M|100/100\n|switch|p2a: Primarina|Primarina, L50, M|100/100\n|switch|p2b: Whimsicott|Whimsicott, L50, M|100/100\n|turn|1\n|inactive|Battle timer is ON: inactive players will automatically lose when time's up. (requested by joaogui2412)\n|\n|t:|1776091194\n|detailschange|p1a: Dragonite|Dragonite-Mega, L50, M\n|-mega|p1a: Dragonite|Dragonite|Dragoninite\n|move|p1b: Sneasler|Fake Out|p2b: Whimsicott\n|-damage|p2b: Whimsicott|79/100\n|cant|p2b: Whimsicott|flinch\n|move|p2a: Primarina|Shadow Ball|p1a: Dragonite\n|-damage|p1a: Dragonite|83/100\n|move|p1a: Dragonite|Tailwind|p1a: Dragonite\n|-sidestart|p1: joaogui2412|move: Tailwind\n|\n|upkeep\n|turn|2\n|\n|t:|1776091213\n|move|p2b: Whimsicott|Encore|p1b: Sneasler\n|-start|p1b: Sneasler|Encore\n|move|p1b: Sneasler|Fake Out||[still]\n|-hint|Fake Out only works on your first turn out.\n|-fail|p1b: Sneasler\n|move|p1a: Dragonite|Hurricane|p2b: Whimsicott|[miss]\n|-miss|p1a: Dragonite|p2b: Whimsicott\n|move|p2a: Primarina|Shadow Ball|p1a: Dragonite\n|-damage|p1a: Dragonite|50/100\n|-unboost|p1a: Dragonite|spd|1\n|\n|upkeep\n|turn|3\n|\n|t:|1776091230\n|switch|p1b: Sinistcha|Sinistcha-Masterpiece, L50|100/100\n|-heal|p1a: Dragonite|75/100|[from] ability: Hospitality|[of] p1b: Sinistcha\n|move|p1a: Dragonite|Hurricane|p2b: Whimsicott|[miss]\n|-miss|p1a: Dragonite|p2b: Whimsicott\n|move|p2b: Whimsicott|Moonblast|p1b: Sinistcha\n|-damage|p1b: Sinistcha|63/100\n|move|p2a: Primarina|Shadow Ball|p1a: Dragonite\n|-damage|p1a: Dragonite|23/100\n|\n|upkeep\n|turn|4\n|\n|t:|1776091254\n|move|p2b: Whimsicott|Tailwind|p2b: Whimsicott\n|-sidestart|p2: flymax|move: Tailwind\n|move|p2a: Primarina|Flamethrower|p1b: Sinistcha\n|-supereffective|p1b: Sinistcha|1\n|-damage|p1b: Sinistcha|0 fnt\n|faint|p1b: Sinistcha\n|move|p1a: Dragonite|Hurricane|p2b: Whimsicott\n|-supereffective|p2b: Whimsicott|1\n|-damage|p2b: Whimsicott|0 fnt\n|faint|p2b: Whimsicott\n|\n|-sideend|p1: joaogui2412|move: Tailwind\n|upkeep\n|\n|t:|1776091265\n|switch|p2b: Primarina|Primarina, L50, M|100/100\n|switch|p1b: Sneasler|Sneasler, L50, M|100/100\n|turn|5\n|\n|t:|1776091287\n|move|p1b: Sneasler|Fake Out|p2a: Primarina\n|-immune|p2a: Primarina\n|move|p2a: Primarina|Shadow Ball|p1a: Dragonite\n|-damage|p1a: Dragonite|0 fnt\n|faint|p1a: Dragonite\n|move|p2b: Primarina|Psychic|p1b: Sneasler\n|-supereffective|p1b: Sneasler|2\n|-enditem|p1b: Sneasler|Focus Sash\n|-damage|p1b: Sneasler|1/100\n|\n|upkeep\n|\n|t:|1776091300\n|switch|p1a: Basculegion|Basculegion, L50, M|100/100\n|turn|6\n|\n|t:|1776091318\n|move|p2a: Primarina|Shadow Ball|p1a: Basculegion\n|-supereffective|p1a: Basculegion|1\n|-damage|p1a: Basculegion|12/100\n|-unboost|p1a: Basculegion|spd|1\n|move|p2b: Primarina|Psychic|p1b: Sneasler\n|-supereffective|p1b: Sneasler|2\n|-damage|p1b: Sneasler|0 fnt\n|faint|p1b: Sneasler\n|move|p1a: Basculegion|Liquidation|p2a: Primarina\n|-enditem|p2a: Primarina|Focus Sash\n|-damage|p2a: Primarina|1/100\n|replace|p2a: Zoroark|Zoroark-Hisui, L50, M, shiny\n|-end|p2a: Zoroark|Illusion\n|\n|upkeep\n|turn|7\n|\n|t:|1776091334\n|move|p1a: Basculegion|Aqua Jet|p2a: Zoroark\n|-damage|p2a: Zoroark|0 fnt\n|faint|p2a: Zoroark\n|move|p2b: Primarina|Moonblast|p1a: Basculegion\n|-damage|p1a: Basculegion|0 fnt\n|faint|p1a: Basculegion\n|\n|win|flymax\n|raw|joaogui2412's rating: 1237 &rarr; <strong>1208</strong><br />(-29 for losing)\n|raw|flymax's rating: 1176 &rarr; <strong>1205</strong><br />(+29 for winning)\n|l|\u2606joaogui2412\n|player|p1|\n|c|\u2606flymax|ggs\n",
  "uploadtime": 1776091347,
  "views": 25,
  "formatid": "gen9championsvgc2026regma",
  "rating": 1205,
  "private": 0,
  "password": null
}