{
  "id": "gen9championsvgc2026regma-2584036571",
  "format": "[Gen 9 Champions] VGC 2026 Reg M-A",
  "players": [
    "gkeveee17",
    "oliverfakemawn"
  ],
  "log": "|j|\u2606gkeveee17\n|j|\u2606oliverfakemawn\n|t:|1776218914\n|gametype|doubles\n|player|p1|gkeveee17|169|1120\n|player|p2|oliverfakemawn|169|1132\n|gen|9\n|tier|[Gen 9 Champions] VGC 2026 Reg M-A\n|rated|\n|rule|Species Clause: Limit one of each Pok\u00e9mon\n|rule|Item Clause: Limit 1 of each item\n|clearpoke\n|poke|p1|Gengar, L50, M|\n|poke|p1|Incineroar, L50, M|\n|poke|p1|Orthworm, L50, M|\n|poke|p1|Kommo-o, L50, F|\n|poke|p1|Raichu, L50, M|\n|poke|p1|Sinistcha, L50|\n|poke|p2|Starmie, L50|\n|poke|p2|Incineroar, L50, M|\n|poke|p2|Sneasler, L50, F|\n|poke|p2|Hydreigon, L50, F|\n|poke|p2|Maushold, L50|\n|poke|p2|Rotom-Mow, L50|\n|teampreview|4\n|inactive|Battle timer is ON: inactive players will automatically lose when time's up. (requested by gkeveee17)\n|inactive|oliverfakemawn has 60 seconds left.\n|\n|t:|1776218978\n|teamsize|p1|4\n|teamsize|p2|4\n|start\n|switch|p1a: Incineroar|Incineroar, L50, M|100/100\n|switch|p1b: Gengar|Gengar, L50, M|100/100\n|switch|p2a: kuku|Incineroar, L50, M|100/100\n|switch|p2b: therizinosaurus|Sneasler, L50, F|100/100\n|-ability|p2a: kuku|Intimidate|boost\n|-unboost|p1a: Incineroar|atk|1\n|-unboost|p1b: Gengar|atk|1\n|-ability|p1a: Incineroar|Intimidate|boost\n|-unboost|p2a: kuku|atk|1\n|-unboost|p2b: therizinosaurus|atk|1\n|-enditem|p2b: therizinosaurus|White Herb\n|-clearnegativeboost|p2b: therizinosaurus|[silent]\n|turn|1\n|\n|t:|1776219002\n|detailschange|p1b: Gengar|Gengar-Mega, L50, M\n|-mega|p1b: Gengar|Gengar|Gengarite\n|move|p2b: therizinosaurus|Fake Out|p1a: Incineroar\n|-damage|p1a: Incineroar|86/100\n|cant|p1a: Incineroar|flinch\n|move|p1b: Gengar|Substitute|p1b: Gengar\n|-start|p1b: Gengar|Substitute\n|-damage|p1b: Gengar|75/100\n|move|p2a: kuku|Parting Shot|p1b: Gengar\n|-unboost|p1b: Gengar|atk|1\n|-unboost|p1b: Gengar|spa|1\n|\n|t:|1776219024\n|switch|p2a: TwT|Hydreigon, L50, F|100/100|[from] Parting Shot\n|\n|upkeep\n|turn|2\n|\n|t:|1776219036\n|move|p2b: therizinosaurus|Dire Claw|p1a: Incineroar\n|-damage|p1a: Incineroar|45/100\n|move|p1b: Gengar|Perish Song|p1b: Gengar\n|-start|p1a: Incineroar|perish3|[silent]\n|-start|p1b: Gengar|perish3|[silent]\n|-start|p2a: TwT|perish3|[silent]\n|-start|p2b: therizinosaurus|perish3|[silent]\n|-fieldactivate|move: Perish Song\n|move|p2a: TwT|Tailwind|p2a: TwT\n|-sidestart|p2: oliverfakemawn|move: Tailwind\n|move|p1a: Incineroar|Parting Shot|p2a: TwT\n|-unboost|p2a: TwT|atk|1\n|-unboost|p2a: TwT|spa|1\n|\n|t:|1776219048\n|switch|p1a: Sinistcha|Sinistcha, L50|100/100|[from] Parting Shot\n|-heal|p1b: Gengar|100/100|[from] ability: Hospitality|[of] p1a: Sinistcha\n|\n|-start|p2b: therizinosaurus|perish3\n|-start|p2a: TwT|perish3\n|-start|p1b: Gengar|perish3\n|upkeep\n|turn|3\n|\n|t:|1776219064\n|move|p1b: Gengar|Protect|p1b: Gengar\n|-singleturn|p1b: Gengar|Protect\n|move|p2b: therizinosaurus|Dire Claw|p1a: Sinistcha\n|-damage|p1a: Sinistcha|68/100\n|-status|p1a: Sinistcha|psn\n|move|p2a: TwT|Dark Pulse|p1a: Sinistcha\n|-supereffective|p1a: Sinistcha|1\n|-damage|p1a: Sinistcha|2/100 psn\n|move|p1a: Sinistcha|Strength Sap|p2b: therizinosaurus\n|-unboost|p2b: therizinosaurus|atk|1\n|-heal|p1a: Sinistcha|100/100 psn\n|\n|-damage|p1a: Sinistcha|88/100 psn|[from] psn\n|-start|p2b: therizinosaurus|perish2\n|-start|p2a: TwT|perish2\n|-start|p1b: Gengar|perish2\n|upkeep\n|turn|4\n|\n|t:|1776219088\n|switch|p1a: Incineroar|Incineroar, L50, M|45/100\n|-ability|p1a: Incineroar|Intimidate|boost\n|-unboost|p2a: TwT|atk|1\n|-unboost|p2b: therizinosaurus|atk|1\n|move|p2b: therizinosaurus|Dire Claw|p1a: Incineroar\n|-crit|p1a: Incineroar\n|-damage|p1a: Incineroar|0 fnt\n|faint|p1a: Incineroar\n|move|p2a: TwT|Dark Pulse|p1b: Gengar\n|-supereffective|p1b: Gengar|1\n|-end|p1b: Gengar|Substitute\n|move|p1b: Gengar|Substitute|p1b: Gengar\n|-start|p1b: Gengar|Substitute\n|-damage|p1b: Gengar|75/100\n|\n|-start|p2b: therizinosaurus|perish1\n|-start|p2a: TwT|perish1\n|-start|p1b: Gengar|perish1\n|upkeep\n|\n|t:|1776219106\n|switch|p1a: Sinistcha|Sinistcha, L50|88/100 psn\n|-heal|p1b: Gengar|100/100|[from] ability: Hospitality|[of] p1a: Sinistcha\n|turn|5\n|\n|t:|1776219113\n|switch|p1b: Kommo-o|Kommo-o, L50, F|100/100\n|move|p1a: Sinistcha|Protect|p1a: Sinistcha\n|-singleturn|p1a: Sinistcha|Protect\n|move|p2b: therizinosaurus|Dire Claw|p1a: Sinistcha\n|-activate|p1a: Sinistcha|move: Protect\n|move|p2a: TwT|Dark Pulse|p1a: Sinistcha\n|-activate|p1a: Sinistcha|move: Protect\n|\n|-heal|p1a: Sinistcha|94/100 psn|[from] item: Leftovers\n|-damage|p1a: Sinistcha|82/100 psn|[from] psn\n|-start|p2b: therizinosaurus|perish0\n|-start|p2a: TwT|perish0\n|-sideend|p2: oliverfakemawn|move: Tailwind\n|faint|p2b: therizinosaurus\n|faint|p2a: TwT\n|upkeep\n|\n|t:|1776219130\n|switch|p2b: kuku|Incineroar, L50, M|100/100\n|switch|p2a: *french dub*|Starmie, L50, shiny|100/100\n|-ability|p2b: kuku|Intimidate|boost\n|-unboost|p1a: Sinistcha|atk|1\n|-unboost|p1b: Kommo-o|atk|1\n|turn|6\n|inactive|oliverfakemawn has 30 seconds left.\n|\n|t:|1776219165\n|detailschange|p2a: *french dub*|Starmie-Mega, L50, shiny\n|-mega|p2a: *french dub*|Starmie|Starminite\n|move|p1b: Kommo-o|Protect|p1b: Kommo-o\n|-singleturn|p1b: Kommo-o|Protect\n|move|p2a: *french dub*|Zen Headbutt|p1a: Sinistcha\n|-damage|p1a: Sinistcha|28/100 psn\n|move|p1a: Sinistcha|Matcha Gotcha|p2b: kuku|[spread] p2a,p2b\n|-supereffective|p2a: *french dub*|1\n|-resisted|p2b: kuku|1\n|-damage|p2a: *french dub*|35/100\n|-heal|p1a: Sinistcha|54/100 psn|[from] drain|[of] p2a: *french dub*\n|-damage|p2b: kuku|90/100\n|-heal|p1a: Sinistcha|60/100 psn|[from] drain|[of] p2b: kuku\n|move|p2b: kuku|Darkest Lariat|p1a: Sinistcha\n|-supereffective|p1a: Sinistcha|1\n|-damage|p1a: Sinistcha|12/100 psn\n|\n|-heal|p1a: Sinistcha|19/100 psn|[from] item: Leftovers\n|-damage|p1a: Sinistcha|6/100 psn|[from] psn\n|upkeep\n|turn|7\n|inactive|gkeveee17 has 30 seconds left.\n|inactive|oliverfakemawn has 30 seconds left.\n|inactive|oliverfakemawn has 20 seconds left.\n|inactive|oliverfakemawn has 15 seconds left.\n|\n|t:|1776219206\n|move|p2a: *french dub*|Zen Headbutt|p1b: Kommo-o\n|-supereffective|p1b: Kommo-o|1\n|-damage|p1b: Kommo-o|0 fnt\n|faint|p1b: Kommo-o\n|move|p1a: Sinistcha|Matcha Gotcha|p2a: *french dub*|[spread] p2a,p2b\n|-supereffective|p2a: *french dub*|1\n|-resisted|p2b: kuku|1\n|-damage|p2a: *french dub*|0 fnt\n|-heal|p1a: Sinistcha|20/100 psn|[from] drain|[of] p2a: *french dub*\n|-damage|p2b: kuku|80/100\n|-heal|p1a: Sinistcha|25/100 psn|[from] drain|[of] p2b: kuku\n|faint|p2a: *french dub*\n|move|p2b: kuku|Darkest Lariat|p1a: Sinistcha\n|-supereffective|p1a: Sinistcha|1\n|-crit|p1a: Sinistcha\n|-damage|p1a: Sinistcha|0 fnt\n|faint|p1a: Sinistcha\n|\n|upkeep\n|\n|t:|1776219214\n|switch|p1b: Gengar|Gengar-Mega, L50, M|100/100\n|turn|8\n|\n|t:|1776219227\n|move|p1b: Gengar|Shadow Ball|p2b: kuku\n|-resisted|p2b: kuku|1\n|-damage|p2b: kuku|61/100\n|move|p2b: kuku|Darkest Lariat|p1b: Gengar\n|-supereffective|p1b: Gengar|1\n|-damage|p1b: Gengar|16/100\n|\n|upkeep\n|turn|9\n|\n|t:|1776219236\n|move|p1b: Gengar|Shadow Ball|p2b: kuku\n|-resisted|p2b: kuku|1\n|-damage|p2b: kuku|44/100\n|-enditem|p2b: kuku|Sitrus Berry|[eat]\n|-heal|p2b: kuku|68/100|[from] item: Sitrus Berry\n|move|p2b: kuku|Darkest Lariat|p1b: Gengar\n|-supereffective|p1b: Gengar|1\n|-crit|p1b: Gengar\n|-damage|p1b: Gengar|0 fnt\n|faint|p1b: Gengar\n|\n|win|oliverfakemawn\n|raw|gkeveee17's rating: 1120 &rarr; <strong>1096</strong><br />(-24 for losing)\n|raw|oliverfakemawn's rating: 1132 &rarr; <strong>1156</strong><br />(+24 for winning)\n|l|\u2606gkeveee17\n|player|p1|\n",
  "uploadtime": 1776219250,
  "views": 16,
  "formatid": "gen9championsvgc2026regma",
  "rating": 1096,
  "private": 0,
  "password": null
}