{
  "id": "gen9championsvgc2026regma-2585488126",
  "format": "[Gen 9 Champions] VGC 2026 Reg M-A",
  "players": [
    "jaisha4",
    "xxroditoxx"
  ],
  "log": "|j|\u2606jaisha4\n|j|\u2606xxroditoxx\n|t:|1776350892\n|gametype|doubles\n|player|p1|jaisha4|ghetsis-gen5bw|1108\n|player|p2|xxroditoxx|nessa|1114\n|gen|9\n|tier|[Gen 9 Champions] VGC 2026 Reg M-A\n|rated|\n|rule|Species Clause: Limit one of each Pok\u00e9mon\n|rule|Item Clause: Limit 1 of each item\n|clearpoke\n|poke|p1|Sneasler, L50, F|\n|poke|p1|Chandelure, L50, M|\n|poke|p1|Talonflame, L50, M|\n|poke|p1|Starmie, L50|\n|poke|p1|Garchomp, L50, F|\n|poke|p1|Ninetales-Alola, L50, M|\n|poke|p2|Whimsicott, L50, M|\n|poke|p2|Kommo-o, L50, M|\n|poke|p2|Sneasler, L50, M|\n|poke|p2|Basculegion, L50, M|\n|poke|p2|Glimmora, L50, F|\n|poke|p2|Ninetales-Alola, L50, F|\n|teampreview|4\n|\n|t:|1776350955\n|teamsize|p1|4\n|teamsize|p2|4\n|start\n|switch|p1a: Sneasler|Sneasler, L50, F|100/100\n|switch|p1b: Talonflame|Talonflame, L50, M|100/100\n|switch|p2a: Basculegion|Basculegion, L50, M|100/100\n|switch|p2b: Sneasler|Sneasler, L50, M|100/100\n|turn|1\n|inactive|Battle timer is ON: inactive players will automatically lose when time's up. (requested by xxroditoxx)\n|inactive|jaisha4 has 60 seconds left.\n|\n|t:|1776350997\n|move|p1a: Sneasler|Fake Out|p2b: Sneasler\n|-damage|p2b: Sneasler|73/100\n|move|p1b: Talonflame|Tailwind|p1b: Talonflame\n|-sidestart|p1: jaisha4|move: Tailwind\n|move|p2a: Basculegion|Flip Turn|p1a: Sneasler\n|-damage|p1a: Sneasler|32/100\n|\n|t:|1776351004\n|switch|p2a: Glimmora|Glimmora, L50, F|100/100|[from] Flip Turn\n|cant|p2b: Sneasler|flinch\n|\n|upkeep\n|turn|2\n|l|\u2606jaisha4\n|inactive|jaisha4 disconnected and has a minute to reconnect!\n|player|p1|\n|j|\u2606jaisha4\n|inactive|jaisha4 reconnected and has 50 seconds left.\n|player|p1|jaisha4|ghetsis-gen5bw|\n|inactive|xxroditoxx has 30 seconds left.\n|\n|t:|1776351044\n|detailschange|p2a: Glimmora|Glimmora-Mega, L50, F\n|-mega|p2a: Glimmora|Glimmora|Glimmoranite\n|move|p2b: Sneasler|Protect|p2b: Sneasler\n|-singleturn|p2b: Sneasler|Protect\n|move|p1b: Talonflame|Acrobatics|p2b: Sneasler\n|-activate|p2b: Sneasler|move: Protect\n|move|p1a: Sneasler|Close Combat|p2a: Glimmora\n|-damage|p2a: Glimmora|32/100\n|-unboost|p1a: Sneasler|def|1\n|-unboost|p1a: Sneasler|spd|1\n|move|p2a: Glimmora|Power Gem|p1b: Talonflame\n|-supereffective|p1b: Talonflame|2\n|-damage|p1b: Talonflame|0 fnt\n|faint|p1b: Talonflame\n|\n|upkeep\n|l|\u2606jaisha4\n|inactive|jaisha4 disconnected and has a minute to reconnect!\n|player|p1|\n|inactive|jaisha4 has 30 seconds left.\n|j|\u2606jaisha4\n|inactive|jaisha4 reconnected and has 30 seconds left.\n|player|p1|jaisha4|ghetsis-gen5bw|\n|\n|t:|1776351078\n|switch|p1b: Starmie|Starmie, L50|100/100\n|turn|3\n|\n|t:|1776351092\n|move|p1b: Starmie|Zen Headbutt|p2b: Sneasler\n|-supereffective|p2b: Sneasler|2\n|-damage|p2b: Sneasler|0 fnt\n|faint|p2b: Sneasler\n|move|p1a: Sneasler|Close Combat|p2a: Glimmora\n|-damage|p2a: Glimmora|0 fnt\n|-unboost|p1a: Sneasler|def|1\n|-unboost|p1a: Sneasler|spd|1\n|faint|p2a: Glimmora\n|\n|upkeep\n|\n|t:|1776351095\n|switch|p2b: Basculegion|Basculegion, L50, M|100/100\n|switch|p2a: Whimsicott|Whimsicott, L50, M|100/100\n|turn|4\n|l|\u2606jaisha4\n|inactive|jaisha4 disconnected and has a minute to reconnect!\n|player|p1|\n|j|\u2606jaisha4\n|inactive|jaisha4 reconnected and has 35 seconds left.\n|player|p1|jaisha4|ghetsis-gen5bw|\n|inactive|jaisha4 has 30 seconds left.\n|\n|t:|1776351121\n|move|p2a: Whimsicott|Tailwind|p2a: Whimsicott\n|-sidestart|p2: xxroditoxx|move: Tailwind\n|move|p2b: Basculegion|Last Respects|p1b: Starmie\n|-supereffective|p1b: Starmie|1\n|-damage|p1b: Starmie|0 fnt\n|faint|p1b: Starmie\n|move|p1a: Sneasler|Dire Claw|p2a: Whimsicott\n|-supereffective|p2a: Whimsicott|2\n|-enditem|p2a: Whimsicott|Focus Sash\n|-damage|p2a: Whimsicott|1/100\n|\n|-sideend|p1: jaisha4|move: Tailwind\n|upkeep\n|\n|t:|1776351130\n|switch|p1b: Chandelure|Chandelure, L50, M|100/100\n|turn|5\n|\n|t:|1776351142\n|detailschange|p1b: Chandelure|Chandelure-Mega, L50, M\n|-mega|p1b: Chandelure|Chandelure|Chandelurite\n|move|p2b: Basculegion|Last Respects|p1b: Chandelure\n|-supereffective|p1b: Chandelure|1\n|-damage|p1b: Chandelure|0 fnt\n|faint|p1b: Chandelure\n|move|p2a: Whimsicott|Moonblast|p1a: Sneasler\n|-damage|p1a: Sneasler|0 fnt\n|faint|p1a: Sneasler\n|\n|win|xxroditoxx\n|raw|jaisha4's rating: 1108 &rarr; <strong>1083</strong><br />(-25 for losing)\n|raw|xxroditoxx's rating: 1114 &rarr; <strong>1139</strong><br />(+25 for winning)\n|l|\u2606jaisha4\n|player|p1|\n|l|\u2606xxroditoxx\n|player|p2|\n|j|\u2606jaisha4\n|player|p1|jaisha4|ghetsis-gen5bw|\n",
  "uploadtime": 1776351162,
  "views": 22,
  "formatid": "gen9championsvgc2026regma",
  "rating": 1083,
  "private": 0,
  "password": null
}