{
  "id": "gen9championsvgc2026regma-2583913442",
  "format": "[Gen 9 Champions] VGC 2026 Reg M-A",
  "players": [
    "NEONxTOKYO",
    "Ou5000000"
  ],
  "log": "|j|\u2606NEONxTOKYO\n|j|\u2606Ou5000000\n|t:|1776207783\n|gametype|doubles\n|player|p1|NEONxTOKYO|1|1343\n|player|p2|Ou5000000|1|1333\n|gen|9\n|tier|[Gen 9 Champions] VGC 2026 Reg M-A\n|rated|\n|rule|Species Clause: Limit one of each Pok\u00e9mon\n|rule|Item Clause: Limit 1 of each item\n|clearpoke\n|poke|p1|Garchomp, L50, M|\n|poke|p1|Tyranitar, L50, F|\n|poke|p1|Excadrill, L50, F|\n|poke|p1|Corviknight, L50, F|\n|poke|p1|Rotom-Wash, L50|\n|poke|p1|Archaludon, L50, F|\n|poke|p2|Glimmora, L50, F|\n|poke|p2|Aegislash, L50, F|\n|poke|p2|Tyranitar, L50, M|\n|poke|p2|Excadrill, L50, F|\n|poke|p2|Basculegion, L50, M|\n|poke|p2|Incineroar, L50, M|\n|teampreview|4\n|inactive|Battle timer is ON: inactive players will automatically lose when time's up. (requested by Ou5000000)\n|inactive|NEONxTOKYO has 60 seconds left.\n|inactive|Ou5000000 has 60 seconds left.\n|\n|t:|1776207836\n|teamsize|p1|4\n|teamsize|p2|4\n|start\n|switch|p1a: Corviknight|Corviknight, L50, F|100/100\n|switch|p1b: Rotom|Rotom-Wash, L50|100/100\n|switch|p2a: Incineroar|Incineroar, L50, M|100/100\n|switch|p2b: Basculegion|Basculegion, L50, M|100/100\n|-ability|p2a: Incineroar|Intimidate|boost\n|-ability|p1a: Corviknight|Mirror Armor\n|-unboost|p2a: Incineroar|atk|1\n|-unboost|p1b: Rotom|atk|1\n|turn|1\n|inactive|Ou5000000 has 30 seconds left.\n|\n|t:|1776207869\n|move|p2b: Basculegion|Flip Turn|p1a: Corviknight\n|-damage|p1a: Corviknight|75/100\n|inactive|Ou5000000 has 30 seconds left.\n|\n|t:|1776207898\n|switch|p2b: Glimmora|Glimmora, L50, F|100/100|[from] Flip Turn\n|move|p1b: Rotom|Will-O-Wisp|p2b: Glimmora\n|-status|p2b: Glimmora|brn\n|move|p1a: Corviknight|Iron Defense|p1a: Corviknight\n|-boost|p1a: Corviknight|def|2\n|move|p2a: Incineroar|Parting Shot|p1b: Rotom\n|-unboost|p1b: Rotom|atk|1\n|-unboost|p1b: Rotom|spa|1\n|\n|t:|1776207918\n|switch|p2a: Basculegion|Basculegion, L50, M|100/100|[from] Parting Shot\n|\n|-heal|p1a: Corviknight|81/100|[from] item: Leftovers\n|-damage|p2b: Glimmora|94/100 brn|[from] brn\n|upkeep\n|turn|2\n|\n|t:|1776207933\n|detailschange|p2b: Glimmora|Glimmora-Mega, L50, F\n|-mega|p2b: Glimmora|Glimmora|Glimmoranite\n|move|p2a: Basculegion|Flip Turn|p1a: Corviknight\n|-damage|p1a: Corviknight|68/100\n|\n|t:|1776207938\n|switch|p2a: Incineroar|Incineroar, L50, M|100/100|[from] Flip Turn\n|-ability|p2a: Incineroar|Intimidate|boost\n|-ability|p1a: Corviknight|Mirror Armor\n|-unboost|p2a: Incineroar|atk|1\n|-unboost|p1b: Rotom|atk|1\n|move|p2b: Glimmora|Power Gem|p1a: Corviknight\n|-damage|p1a: Corviknight|10/100\n|move|p1b: Rotom|Will-O-Wisp|p2a: Incineroar\n|-immune|p2a: Incineroar\n|move|p1a: Corviknight|Iron Defense|p1a: Corviknight\n|-boost|p1a: Corviknight|def|2\n|\n|-heal|p1a: Corviknight|16/100|[from] item: Leftovers\n|-damage|p2b: Glimmora|88/100 brn|[from] brn\n|upkeep\n|turn|3\n|inactive|NEONxTOKYO has 30 seconds left.\n|inactive|Ou5000000 has 30 seconds left.\n|\n|t:|1776207973\n|switch|p1b: Excadrill|Excadrill, L50, F|100/100\n|move|p2b: Glimmora|Power Gem|p1a: Corviknight\n|-damage|p1a: Corviknight|0 fnt\n|faint|p1a: Corviknight\n|move|p2a: Incineroar|Parting Shot|p1b: Excadrill\n|-unboost|p1b: Excadrill|atk|1\n|-unboost|p1b: Excadrill|spa|1\n|\n|t:|1776207982\n|switch|p2a: Basculegion|Basculegion, L50, M|100/100|[from] Parting Shot\n|\n|-damage|p2b: Glimmora|82/100 brn|[from] brn\n|upkeep\n|\n|t:|1776207990\n|switch|p1a: Tyranitar|Tyranitar, L50, F|100/100\n|-weather|Sandstorm|[from] ability: Sand Stream|[of] p1a: Tyranitar\n|turn|4\n|inactive|Ou5000000 has 30 seconds left.\n|inactive|Ou5000000 has 20 seconds left.\n|inactive|Ou5000000 has 15 seconds left.\n|inactive|Ou5000000 has 10 seconds left.\n|\n|t:|1776208037\n|switch|p2b: Incineroar|Incineroar, L50, M|100/100\n|-ability|p2b: Incineroar|Intimidate|boost\n|-unboost|p1a: Tyranitar|atk|1\n|-unboost|p1b: Excadrill|atk|1\n|detailschange|p1a: Tyranitar|Tyranitar-Mega, L50, F\n|-mega|p1a: Tyranitar|Tyranitar|Tyranitarite\n|move|p1b: Excadrill|Protect|p1b: Excadrill\n|-singleturn|p1b: Excadrill|Protect\n|move|p1a: Tyranitar|Protect|p1a: Tyranitar\n|-singleturn|p1a: Tyranitar|Protect\n|move|p2a: Basculegion|Flip Turn|p1b: Excadrill\n|-activate|p1b: Excadrill|move: Protect\n|\n|-weather|Sandstorm|[upkeep]\n|-damage|p2a: Basculegion|94/100|[from] Sandstorm\n|-damage|p2b: Incineroar|95/100|[from] Sandstorm\n|upkeep\n|turn|5\n|inactive|Ou5000000 has 30 seconds left.\n|\n|t:|1776208064\n|move|p2b: Incineroar|Fake Out|p1a: Tyranitar\n|-resisted|p1a: Tyranitar|1\n|-damage|p1a: Tyranitar|98/100\n|move|p1b: Excadrill|High Horsepower|p2b: Incineroar\n|-supereffective|p2b: Incineroar|1\n|-damage|p2b: Incineroar|41/100\n|-enditem|p2b: Incineroar|Sitrus Berry|[eat]\n|-heal|p2b: Incineroar|66/100|[from] item: Sitrus Berry\n|move|p2a: Basculegion|Flip Turn|p1b: Excadrill\n|-supereffective|p1b: Excadrill|1\n|-enditem|p1b: Excadrill|Focus Sash\n|-damage|p1b: Excadrill|1/100\n|\n|t:|1776208079\n|switch|p2a: Glimmora|Glimmora-Mega, L50, F|82/100 brn|[from] Flip Turn\n|cant|p1a: Tyranitar|flinch\n|\n|-weather|Sandstorm|[upkeep]\n|-damage|p2b: Incineroar|60/100|[from] Sandstorm\n|-damage|p2a: Glimmora|75/100 brn|[from] brn\n|upkeep\n|turn|6\n|inactive|Ou5000000 has 30 seconds left.\n|\n|t:|1776208104\n|switch|p2b: Basculegion|Basculegion, L50, M|94/100\n|move|p2a: Glimmora|Spiky Shield|p2a: Glimmora\n|-singleturn|p2a: Glimmora|move: Protect\n|move|p1a: Tyranitar|Protect|p1a: Tyranitar\n|-singleturn|p1a: Tyranitar|Protect\n|move|p1b: Excadrill|High Horsepower|p2a: Glimmora\n|-activate|p2a: Glimmora|move: Protect\n|-damage|p1b: Excadrill|0 fnt|[from] Spiky Shield|[of] p2a: Glimmora\n|faint|p1b: Excadrill\n|\n|-weather|Sandstorm|[upkeep]\n|-damage|p2b: Basculegion|88/100|[from] Sandstorm\n|-damage|p2a: Glimmora|69/100 brn|[from] brn\n|upkeep\n|\n|t:|1776208117\n|switch|p1b: Rotom|Rotom-Wash, L50|100/100\n|turn|7\n|\n|t:|1776208139\n|move|p1a: Tyranitar|Protect|p1a: Tyranitar\n|-singleturn|p1a: Tyranitar|Protect\n|move|p2b: Basculegion|Wave Crash|p1a: Tyranitar\n|-activate|p1a: Tyranitar|move: Protect\n|move|p2a: Glimmora|Sludge Bomb|p1b: Rotom\n|-damage|p1b: Rotom|22/100\n|-enditem|p1b: Rotom|Sitrus Berry|[eat]\n|-heal|p1b: Rotom|46/100|[from] item: Sitrus Berry\n|move|p1b: Rotom|Will-O-Wisp|p2b: Basculegion\n|-status|p2b: Basculegion|brn\n|\n|-weather|Sandstorm|[upkeep]\n|-damage|p2b: Basculegion|82/100 brn|[from] Sandstorm\n|-damage|p1b: Rotom|41/100|[from] Sandstorm\n|-damage|p2b: Basculegion|76/100 brn|[from] brn\n|-damage|p2a: Glimmora|63/100 brn|[from] brn\n|upkeep\n|turn|8\n|\n|t:|1776208163\n|move|p1b: Rotom|Protect|p1b: Rotom\n|-singleturn|p1b: Rotom|Protect\n|move|p2b: Basculegion|Wave Crash|p1a: Tyranitar\n|-supereffective|p1a: Tyranitar|1\n|-damage|p1a: Tyranitar|51/100\n|-damage|p2b: Basculegion|60/100 brn|[from] Recoil\n|move|p2a: Glimmora|Sludge Bomb|p1b: Rotom\n|-activate|p1b: Rotom|move: Protect\n|move|p1a: Tyranitar|Rock Slide|p2a: Glimmora|[spread] p2a,p2b\n|-damage|p2a: Glimmora|38/100 brn\n|-damage|p2b: Basculegion|28/100 brn\n|\n|-weather|none\n|-damage|p2b: Basculegion|22/100 brn|[from] brn\n|-damage|p2a: Glimmora|32/100 brn|[from] brn\n|upkeep\n|turn|9\n|\n|t:|1776208182\n|move|p2b: Basculegion|Wave Crash|p1a: Tyranitar\n|-supereffective|p1a: Tyranitar|1\n|-damage|p1a: Tyranitar|5/100\n|-damage|p2b: Basculegion|6/100 brn|[from] Recoil\n|move|p2a: Glimmora|Sludge Bomb|p1b: Rotom\n|-damage|p1b: Rotom|0 fnt\n|faint|p1b: Rotom\n|move|p1a: Tyranitar|Rock Slide|p2a: Glimmora|[spread] p2a,p2b\n|-damage|p2a: Glimmora|7/100 brn\n|-damage|p2b: Basculegion|0 fnt\n|faint|p2b: Basculegion\n|\n|-damage|p2a: Glimmora|0 fnt|[from] brn\n|faint|p2a: Glimmora\n|upkeep\n|\n|t:|1776208198\n|switch|p2a: Incineroar|Incineroar, L50, M|60/100\n|switch|p2b: Aegislash|Aegislash, L50, F|100/100\n|-ability|p2a: Incineroar|Intimidate|boost\n|-unboost|p1a: Tyranitar|atk|1\n|turn|10\n|\n|t:|1776208216\n|move|p1a: Tyranitar|Protect|p1a: Tyranitar\n|-singleturn|p1a: Tyranitar|Protect\n|move|p2a: Incineroar|Fake Out|p1a: Tyranitar\n|-activate|p1a: Tyranitar|move: Protect\n|-formechange|p2b: Aegislash|Aegislash-Blade|\n|move|p2b: Aegislash|Flash Cannon|p1a: Tyranitar\n|-activate|p1a: Tyranitar|move: Protect\n|\n|upkeep\n|turn|11\n|inactive|Ou5000000 has 30 seconds left.\n|\n|t:|1776208243\n|move|p1a: Tyranitar|Rock Slide|p2a: Incineroar|[spread] p2a,p2b\n|-supereffective|p2a: Incineroar|1\n|-resisted|p2b: Aegislash|1\n|-damage|p2a: Incineroar|23/100\n|-damage|p2b: Aegislash|87/100\n|cant|p2a: Incineroar|flinch\n|move|p2b: Aegislash|Flash Cannon|p1a: Tyranitar\n|-supereffective|p1a: Tyranitar|1\n|-damage|p1a: Tyranitar|0 fnt\n|faint|p1a: Tyranitar\n|\n|win|Ou5000000\n|raw|NEONxTOKYO's rating: 1343 &rarr; <strong>1322</strong><br />(-21 for losing)\n|raw|Ou5000000's rating: 1333 &rarr; <strong>1354</strong><br />(+21 for winning)\n",
  "uploadtime": 1776208243,
  "views": 24,
  "formatid": "gen9championsvgc2026regma",
  "rating": 1322,
  "private": 0,
  "password": null
}