{
  "id": "gen9championsvgc2026regma-2585833837",
  "format": "[Gen 9 Champions] VGC 2026 Reg M-A",
  "players": [
    "espatocular",
    "Lax Machine"
  ],
  "log": "|j|\u2606espatocular\n|j|\u2606Lax Machine\n|t:|1776374116\n|gametype|doubles\n|player|p1|espatocular|1|1424\n|player|p2|Lax Machine|266|1523\n|gen|9\n|tier|[Gen 9 Champions] VGC 2026 Reg M-A\n|rated|\n|rule|Species Clause: Limit one of each Pok\u00e9mon\n|rule|Item Clause: Limit 1 of each item\n|clearpoke\n|poke|p1|Scovillain, L50, M|\n|poke|p1|Kommo-o, L50, M|\n|poke|p1|Aegislash, L50, F|\n|poke|p1|Kangaskhan, L50, F|\n|poke|p1|Palafin, L50, M|\n|poke|p1|Dragonite, L50, F|\n|poke|p2|Floette-Eternal, L50, F|\n|poke|p2|Blastoise, L50, M|\n|poke|p2|Whimsicott, L50, M|\n|poke|p2|Incineroar, L50, M|\n|poke|p2|Aegislash, L50, F|\n|poke|p2|Farigiraf, L50, F|\n|teampreview|4\n|inactive|Battle timer is ON: inactive players will automatically lose when time's up. (requested by espatocular)\n|inactive|espatocular has 60 seconds left.\n|inactive|Lax Machine has 60 seconds left.\n|inactive|espatocular has 30 seconds left.\n|inactive|espatocular has 20 seconds left.\n|inactive|espatocular has 15 seconds left.\n|inactive|espatocular has 10 seconds left.\n|inactive|espatocular has 5 seconds left.\n|\n|t:|1776374206\n|teamsize|p1|4\n|teamsize|p2|4\n|start\n|switch|p1a: Dragonite|Dragonite, L50, F|100/100\n|switch|p1b: Kommo-o|Kommo-o, L50, M|100/100\n|switch|p2a: Blastoise|Blastoise, L50, M|100/100\n|switch|p2b: Farigiraf|Farigiraf, L50, F|100/100\n|turn|1\n|\n|t:|1776374226\n|switch|p2a: Whimsicott|Whimsicott, L50, M|100/100\n|move|p1b: Kommo-o|Clanging Scales|p2a: Whimsicott|[spread] p2b\n|-immune|p2a: Whimsicott\n|-damage|p2b: Farigiraf|67/100\n|-unboost|p1b: Kommo-o|def|1\n|move|p1a: Dragonite|Scale Shot|p2a: Whimsicott\n|-immune|p2a: Whimsicott\n|move|p2b: Farigiraf|Dazzling Gleam|p1a: Dragonite|[spread] p1a,p1b\n|-supereffective|p1a: Dragonite|1\n|-supereffective|p1b: Kommo-o|2\n|-damage|p1a: Dragonite|86/100\n|-damage|p1b: Kommo-o|37/100\n|\n|-heal|p1b: Kommo-o|43/100|[from] item: Leftovers\n|upkeep\n|turn|2\n|\n|t:|1776374251\n|switch|p1b: Scovillain|Scovillain, L50, M|100/100\n|move|p2a: Whimsicott|Tailwind|p2a: Whimsicott\n|-sidestart|p2: Lax Machine|move: Tailwind\n|move|p2b: Farigiraf|Dazzling Gleam|p1b: Scovillain|[spread] p1a,p1b\n|-supereffective|p1a: Dragonite|1\n|-resisted|p1b: Scovillain|1\n|-damage|p1a: Dragonite|53/100\n|-damage|p1b: Scovillain|90/100\n|move|p1a: Dragonite|Scale Shot|p2b: Farigiraf\n|-damage|p2b: Farigiraf|55/100\n|-damage|p2b: Farigiraf|43/100\n|-enditem|p2b: Farigiraf|Sitrus Berry|[eat]\n|-heal|p2b: Farigiraf|67/100|[from] item: Sitrus Berry\n|-damage|p2b: Farigiraf|55/100\n|-hitcount|p2b: Farigiraf|3\n|-unboost|p1a: Dragonite|def|1\n|-boost|p1a: Dragonite|spe|1\n|\n|-ability|p1b: Scovillain|Moody|boost\n|-boost|p1b: Scovillain|spd|2\n|-unboost|p1b: Scovillain|spe|1\n|upkeep\n|turn|3\n|inactive|espatocular has 30 seconds left.\n|\n|t:|1776374286\n|detailschange|p1b: Scovillain|Scovillain-Mega, L50, M\n|-mega|p1b: Scovillain|Scovillain|Scovillainite\n|move|p1b: Scovillain|Rage Powder|p1b: Scovillain\n|-singleturn|p1b: Scovillain|move: Rage Powder\n|move|p2a: Whimsicott|Moonblast|p1a: Dragonite\n|-supereffective|p1a: Dragonite|1\n|-damage|p1a: Dragonite|0 fnt\n|faint|p1a: Dragonite\n|move|p2b: Farigiraf|Psychic|p1b: Scovillain\n|-damage|p1b: Scovillain|69/100\n|-status|p2b: Farigiraf|brn|[from] ability: Spicy Spray|[of] p1b: Scovillain\n|\n|-damage|p2b: Farigiraf|49/100 brn|[from] brn\n|upkeep\n|\n|t:|1776374293\n|switch|p1a: Aegislash|Aegislash, L50, F|100/100\n|turn|4\n|\n|t:|1776374313\n|move|p2a: Whimsicott|Protect|p2a: Whimsicott\n|-singleturn|p2a: Whimsicott|Protect\n|move|p2b: Farigiraf|Psychic|p1b: Scovillain\n|-damage|p1b: Scovillain|49/100\n|move|p1a: Aegislash|Substitute|p1a: Aegislash\n|-start|p1a: Aegislash|Substitute\n|-damage|p1a: Aegislash|76/100\n|move|p1b: Scovillain|Flamethrower|p2a: Whimsicott\n|-activate|p2a: Whimsicott|move: Protect\n|\n|-damage|p2b: Farigiraf|43/100 brn|[from] brn\n|upkeep\n|turn|5\n|\n|t:|1776374321\n|move|p1a: Aegislash|King's Shield|p1a: Aegislash\n|-singleturn|p1a: Aegislash|Protect\n|move|p2a: Whimsicott|Encore|p1a: Aegislash\n|-start|p1a: Aegislash|Encore\n|move|p2b: Farigiraf|Psychic|p1b: Scovillain\n|-damage|p1b: Scovillain|30/100\n|move|p1b: Scovillain|Flamethrower|p2a: Whimsicott\n|-supereffective|p2a: Whimsicott|1\n|-enditem|p2a: Whimsicott|Focus Sash\n|-damage|p2a: Whimsicott|1/100\n|\n|-damage|p2b: Farigiraf|36/100 brn|[from] brn\n|-sideend|p2: Lax Machine|move: Tailwind\n|upkeep\n|turn|6\n|\n|t:|1776374343\n|move|p1a: Aegislash|King's Shield||[still]\n|-fail|p1a: Aegislash\n|move|p2a: Whimsicott|Tailwind|p2a: Whimsicott\n|-sidestart|p2: Lax Machine|move: Tailwind\n|move|p2b: Farigiraf|Psychic|p1b: Scovillain\n|-damage|p1b: Scovillain|10/100\n|move|p1b: Scovillain|Leech Seed|p2b: Farigiraf\n|-start|p2b: Farigiraf|move: Leech Seed\n|\n|-damage|p2b: Farigiraf|24/100 brn|[from] Leech Seed|[of] p1b: Scovillain\n|-heal|p1b: Scovillain|27/100|[silent]\n|-damage|p2b: Farigiraf|18/100 brn|[from] brn\n|upkeep\n|turn|7\n|inactive|espatocular has 30 seconds left.\n|\n|t:|1776374371\n|move|p1a: Aegislash|King's Shield|p1a: Aegislash\n|-singleturn|p1a: Aegislash|Protect\n|move|p2a: Whimsicott|Encore|p1b: Scovillain\n|-start|p1b: Scovillain|Encore\n|move|p2b: Farigiraf|Psychic|p1b: Scovillain\n|-damage|p1b: Scovillain|6/100\n|move|p1b: Scovillain|Leech Seed||[still]\n|-fail|p1b: Scovillain\n|\n|-damage|p2b: Farigiraf|5/100 brn|[from] Leech Seed|[of] p1b: Scovillain\n|-heal|p1b: Scovillain|22/100|[silent]\n|-damage|p2b: Farigiraf|0 fnt|[from] brn\n|faint|p2b: Farigiraf\n|upkeep\n|\n|t:|1776374377\n|switch|p2b: Blastoise|Blastoise, L50, M|100/100\n|turn|8\n|\n|t:|1776374384\n|detailschange|p2b: Blastoise|Blastoise-Mega, L50, M\n|-mega|p2b: Blastoise|Blastoise|Blastoisinite\n|move|p1a: Aegislash|King's Shield|p1a: Aegislash\n|-singleturn|p1a: Aegislash|Protect\n|move|p2a: Whimsicott|Moonblast|p1a: Aegislash\n|-activate|p1a: Aegislash|move: Protect\n|move|p2b: Blastoise|Water Spout|p1a: Aegislash|[spread] p1b\n|-activate|p1a: Aegislash|move: Protect\n|-damage|p1b: Scovillain|0 fnt\n|-status|p2b: Blastoise|brn|[from] ability: Spicy Spray|[of] p1b: Scovillain\n|faint|p1b: Scovillain\n|\n|-damage|p2b: Blastoise|95/100 brn|[from] brn\n|-end|p1a: Aegislash|Encore\n|upkeep\n|\n|t:|1776374391\n|switch|p1b: Kommo-o|Kommo-o, L50, M|43/100\n|turn|9\n|\n|t:|1776374400\n|move|p2a: Whimsicott|Encore|p1a: Aegislash\n|-start|p1a: Aegislash|Encore\n|move|p1a: Aegislash|King's Shield|p1a: Aegislash\n|-singleturn|p1a: Aegislash|Protect\n|move|p2b: Blastoise|Water Spout|p1b: Kommo-o|[spread] p1b\n|-activate|p1a: Aegislash|move: Protect\n|-resisted|p1b: Kommo-o|1\n|-damage|p1b: Kommo-o|6/100\n|move|p1b: Kommo-o|Aura Sphere|p2a: Whimsicott\n|-resisted|p2a: Whimsicott|1\n|-damage|p2a: Whimsicott|0 fnt\n|faint|p2a: Whimsicott\n|\n|-heal|p1b: Kommo-o|12/100|[from] item: Leftovers\n|-damage|p2b: Blastoise|89/100 brn|[from] brn\n|-sideend|p2: Lax Machine|move: Tailwind\n|upkeep\n|\n|t:|1776374405\n|switch|p2a: Aegislash|Aegislash, L50, F|100/100\n|turn|10\n|\n|t:|1776374413\n|move|p1a: Aegislash|King's Shield||[still]\n|-fail|p1a: Aegislash\n|-formechange|p2a: Aegislash|Aegislash-Blade|\n|move|p2a: Aegislash|Shadow Sneak|p1b: Kommo-o\n|-damage|p1b: Kommo-o|0 fnt\n|faint|p1b: Kommo-o\n|move|p2b: Blastoise|Dark Pulse|p1a: Aegislash\n|-supereffective|p1a: Aegislash|1\n|-end|p1a: Aegislash|Substitute\n|\n|-damage|p2b: Blastoise|83/100 brn|[from] brn\n|upkeep\n|turn|11\n|\n|t:|1776374422\n|move|p1a: Aegislash|King's Shield|p1a: Aegislash\n|-singleturn|p1a: Aegislash|Protect\n|move|p2b: Blastoise|Dark Pulse|p1a: Aegislash\n|-activate|p1a: Aegislash|move: Protect\n|move|p2a: Aegislash|Poltergeist|p1a: Aegislash\n|-activate|p1a: Aegislash|move: Protect\n|\n|-damage|p2b: Blastoise|77/100 brn|[from] brn\n|-end|p1a: Aegislash|Encore\n|upkeep\n|turn|12\n|\n|t:|1776374434\n|move|p2a: Aegislash|Shadow Sneak|p1a: Aegislash\n|-supereffective|p1a: Aegislash|1\n|-damage|p1a: Aegislash|29/100\n|move|p2b: Blastoise|Dark Pulse|p1a: Aegislash\n|-supereffective|p1a: Aegislash|1\n|-damage|p1a: Aegislash|0 fnt\n|faint|p1a: Aegislash\n|\n|win|Lax Machine\n|raw|espatocular's rating: 1424 &rarr; <strong>1410</strong><br />(-14 for losing)\n|raw|Lax Machine's rating: 1523 &rarr; <strong>1537</strong><br />(+14 for winning)\n|l|\u2606espatocular\n|player|p1|\n",
  "uploadtime": 1776374443,
  "views": 52,
  "formatid": "gen9championsvgc2026regma",
  "rating": 1410,
  "private": 0,
  "password": null
}