{
  "id": "gen9championsvgc2026regma-2587309794",
  "format": "[Gen 9 Champions] VGC 2026 Reg M-A",
  "players": [
    "haikanvgc",
    "andrea_champions"
  ],
  "log": "|j|\u2606haikanvgc\n|j|\u2606andrea_champions\n|t:|1776520709\n|gametype|doubles\n|player|p1|haikanvgc|skier|1018\n|player|p2|andrea_champions|169|1078\n|gen|9\n|tier|[Gen 9 Champions] VGC 2026 Reg M-A\n|rated|\n|rule|Species Clause: Limit one of each Pok\u00e9mon\n|rule|Item Clause: Limit 1 of each item\n|clearpoke\n|poke|p1|Charizard, L50, M|\n|poke|p1|Garchomp, L50, M|\n|poke|p1|Rotom-Mow, L50|\n|poke|p1|Dragapult, L50, F|\n|poke|p1|Lucario, L50, F|\n|poke|p1|Tyranitar, L50, M|\n|poke|p2|Golurk, L50|\n|poke|p2|Farigiraf, L50, F|\n|poke|p2|Umbreon, L50, M|\n|poke|p2|Torkoal, L50, M|\n|poke|p2|Sneasler, L50, F|\n|poke|p2|Venusaur, L50, M|\n|teampreview|4\n|\n|t:|1776520726\n|teamsize|p1|4\n|teamsize|p2|4\n|start\n|switch|p1a: Garchomp|Garchomp, L50, M|100/100\n|switch|p1b: Tyranitar|Tyranitar, L50, M|100/100\n|switch|p2a: Farigiraf|Farigiraf, L50, F|100/100\n|switch|p2b: Sneasler|Sneasler, L50, F|100/100\n|-weather|Sandstorm|[from] ability: Sand Stream|[of] p1b: Tyranitar\n|turn|1\n|\n|t:|1776520742\n|move|p2b: Sneasler|Fake Out|p1b: Tyranitar\n|-resisted|p1b: Tyranitar|1\n|-damage|p1b: Tyranitar|94/100\n|cant|p1b: Tyranitar|flinch\n|move|p1a: Garchomp|Earthquake|p2a: Farigiraf|[spread] p1b,p2a,p2b\n|-supereffective|p1b: Tyranitar|1\n|-crit|p1b: Tyranitar\n|-supereffective|p2b: Sneasler|1\n|-damage|p1b: Tyranitar|0 fnt\n|-damage|p2a: Farigiraf|70/100\n|-damage|p2b: Sneasler|0 fnt\n|faint|p1b: Tyranitar\n|faint|p2b: Sneasler\n|move|p2a: Farigiraf|Trick Room|p2a: Farigiraf\n|-fieldstart|move: Trick Room|[of] p2a: Farigiraf\n|\n|-weather|Sandstorm|[upkeep]\n|-damage|p2a: Farigiraf|64/100|[from] Sandstorm\n|upkeep\n|\n|t:|1776520757\n|switch|p1b: Lucario|Lucario, L50, F|100/100\n|switch|p2b: Golurk|Golurk, L50|100/100\n|turn|2\n|\n|t:|1776520776\n|detailschange|p2b: Golurk|Golurk-Mega, L50\n|-mega|p2b: Golurk|Golurk|Golurkite\n|detailschange|p1b: Lucario|Lucario-Mega, L50, F\n|-mega|p1b: Lucario|Lucario|Lucarionite\n|move|p2a: Farigiraf|Psychic|p1a: Garchomp\n|-damage|p1a: Garchomp|60/100\n|move|p2b: Golurk|Ice Punch|p1a: Garchomp\n|-supereffective|p1a: Garchomp|2\n|-damage|p1a: Garchomp|0 fnt\n|-damage|p2b: Golurk|88/100|[from] ability: Rough Skin|[of] p1a: Garchomp\n|faint|p1a: Garchomp\n|move|p1b: Lucario|Ice Punch|p2b: Golurk\n|-supereffective|p2b: Golurk|1\n|-damage|p2b: Golurk|38/100\n|-status|p2b: Golurk|frz\n|\n|-weather|Sandstorm|[upkeep]\n|-damage|p2a: Farigiraf|58/100|[from] Sandstorm\n|upkeep\n|\n|t:|1776520792\n|switch|p1a: Dragapult|Dragapult, L50, F|100/100\n|turn|3\n|\n|t:|1776520820\n|move|p2a: Farigiraf|Psychic|p1b: Lucario\n|-damage|p1b: Lucario|45/100\n|cant|p2b: Golurk|frz\n|move|p1b: Lucario|Meteor Mash|p2a: Farigiraf\n|-damage|p2a: Farigiraf|0 fnt\n|faint|p2a: Farigiraf\n|move|p1a: Dragapult|Thunder Wave|p2b: Golurk\n|-immune|p2b: Golurk\n|\n|-weather|Sandstorm|[upkeep]\n|-damage|p1a: Dragapult|94/100|[from] Sandstorm\n|upkeep\n|\n|t:|1776520828\n|switch|p2a: Torkoal|Torkoal, L50, M|100/100\n|-weather|SunnyDay|[from] ability: Drought|[of] p2a: Torkoal\n|turn|4\n|\n|t:|1776520840\n|move|p1b: Lucario|Detect|p1b: Lucario\n|-singleturn|p1b: Lucario|Protect\n|move|p2a: Torkoal|Eruption|p1a: Dragapult|[spread] p1a\n|-activate|p1b: Lucario|move: Protect\n|-resisted|p1a: Dragapult|1\n|-damage|p1a: Dragapult|39/100\n|cant|p2b: Golurk|frz\n|move|p1a: Dragapult|Phantom Force||[still]\n|-prepare|p1a: Dragapult|Phantom Force\n|\n|-weather|SunnyDay|[upkeep]\n|upkeep\n|turn|5\n|\n|t:|1776520858\n|move|p1b: Lucario|Detect|p1b: Lucario\n|-singleturn|p1b: Lucario|Protect\n|move|p2a: Torkoal|Eruption|p1b: Lucario|[spread] \n|-miss|p2a: Torkoal|p1a: Dragapult\n|-activate|p1b: Lucario|move: Protect\n|-curestatus|p2b: Golurk|frz|[msg]\n|move|p2b: Golurk|Ice Punch|p1a: Dragapult|[miss]\n|-miss|p2b: Golurk|p1a: Dragapult\n|move|p1a: Dragapult|Phantom Force|p2b: Golurk|[from] lockedmove\n|-supereffective|p2b: Golurk|1\n|-damage|p2b: Golurk|0 fnt\n|faint|p2b: Golurk\n|\n|-weather|SunnyDay|[upkeep]\n|-fieldend|move: Trick Room\n|upkeep\n|turn|6\n|\n|t:|1776520889\n|move|p1a: Dragapult|Thunder Wave|p2a: Torkoal\n|-status|p2a: Torkoal|par\n|move|p1b: Lucario|Meteor Mash|p2a: Torkoal\n|-resisted|p2a: Torkoal|1\n|-damage|p2a: Torkoal|71/100 par\n|move|p2a: Torkoal|Heat Wave|p1b: Lucario|[spread] p1a,p1b\n|-resisted|p1a: Dragapult|1\n|-supereffective|p1b: Lucario|1\n|-damage|p1a: Dragapult|0 fnt\n|-damage|p1b: Lucario|0 fnt\n|faint|p1a: Dragapult\n|faint|p1b: Lucario\n|\n|win|andrea_champions\n|raw|haikanvgc's rating: 1018 &rarr; <strong>1007</strong><br />(-11 for losing)\n|raw|andrea_champions's rating: 1078 &rarr; <strong>1101</strong><br />(+23 for winning)\n",
  "uploadtime": 1776520906,
  "views": 25,
  "formatid": "gen9championsvgc2026regma",
  "rating": 1007,
  "private": 0,
  "password": null
}