{
  "id": "gen9championsvgc2026regma-2581538430",
  "format": "[Gen 9 Champions] VGC 2026 Reg M-A",
  "players": [
    "Daviliyo14",
    "ObscureLink"
  ],
  "log": "|j|\u2606Daviliyo14\n|j|\u2606ObscureLink\n|t:|1776009246\n|gametype|doubles\n|player|p1|Daviliyo14|169|1048\n|player|p2|ObscureLink|wallace|1023\n|gen|9\n|tier|[Gen 9 Champions] VGC 2026 Reg M-A\n|rated|\n|rule|Species Clause: Limit one of each Pok\u00e9mon\n|rule|Item Clause: Limit 1 of each item\n|clearpoke\n|poke|p1|Kingambit, L50, M|\n|poke|p1|Dragonite, L50, M|\n|poke|p1|Sneasler, L50, F|\n|poke|p1|Venusaur, L50, M|\n|poke|p1|Incineroar, L50, F|\n|poke|p1|Basculegion, L50, M|\n|poke|p2|Politoed, L50, M|\n|poke|p2|Gengar, L50, M|\n|poke|p2|Incineroar, L50, M|\n|poke|p2|Palafin, L50, M|\n|poke|p2|Whimsicott, L50, F|\n|poke|p2|Kommo-o, L50, F|\n|teampreview|4\n|c|\u2606ObscureLink|glhf!\n|\n|t:|1776009307\n|teamsize|p1|4\n|teamsize|p2|4\n|start\n|switch|p1a: Dragonite|Dragonite, L50, M|100/100\n|switch|p1b: Sneasler|Sneasler, L50, F|100/100\n|switch|p2a: Whimsicott|Whimsicott, L50, F|100/100\n|switch|p2b: Incineroar|Incineroar, L50, M|100/100\n|-ability|p2b: Incineroar|Intimidate|boost\n|-unboost|p1a: Dragonite|atk|1\n|-unboost|p1b: Sneasler|atk|1\n|turn|1\n|\n|t:|1776009349\n|move|p1a: Dragonite|Protect|p1a: Dragonite\n|-singleturn|p1a: Dragonite|Protect\n|move|p2b: Incineroar|Fake Out|p1a: Dragonite\n|-activate|p1a: Dragonite|move: Protect\n|move|p2a: Whimsicott|Tailwind|p2a: Whimsicott\n|-sidestart|p2: ObscureLink|move: Tailwind\n|move|p1b: Sneasler|Dire Claw|p2a: Whimsicott\n|-supereffective|p2a: Whimsicott|2\n|-enditem|p2a: Whimsicott|Focus Sash\n|-damage|p2a: Whimsicott|1/100\n|-status|p2a: Whimsicott|par\n|\n|upkeep\n|turn|2\n|\n|t:|1776009392\n|detailschange|p1a: Dragonite|Dragonite-Mega, L50, M\n|-mega|p1a: Dragonite|Dragonite|Dragoninite\n|move|p1b: Sneasler|Rock Slide|p2a: Whimsicott|[spread] p2a,p2b\n|-supereffective|p2b: Incineroar|1\n|-damage|p2a: Whimsicott|0 fnt\n|-damage|p2b: Incineroar|75/100\n|faint|p2a: Whimsicott\n|move|p2b: Incineroar|Darkest Lariat|p1a: Dragonite\n|-damage|p1a: Dragonite|84/100\n|move|p1a: Dragonite|Fire Punch|p2b: Incineroar\n|-resisted|p2b: Incineroar|1\n|-damage|p2b: Incineroar|66/100\n|\n|upkeep\n|\n|t:|1776009403\n|switch|p2a: Politoed|Politoed, L50, M|100/100\n|-weather|RainDance|[from] ability: Drizzle|[of] p2a: Politoed\n|turn|3\n|\n|t:|1776009421\n|switch|p1b: Venusaur|Venusaur, L50, M|100/100\n|switch|p1a: Basculegion|Basculegion, L50, M|100/100\n|move|p2a: Politoed|Perish Song|p2a: Politoed\n|-start|p1a: Basculegion|perish3|[silent]\n|-start|p1b: Venusaur|perish3|[silent]\n|-start|p2a: Politoed|perish3|[silent]\n|-start|p2b: Incineroar|perish3|[silent]\n|-fieldactivate|move: Perish Song\n|move|p2b: Incineroar|Parting Shot|p1a: Basculegion\n|-unboost|p1a: Basculegion|atk|1\n|-unboost|p1a: Basculegion|spa|1\n|\n|t:|1776009431\n|switch|p2b: Palafin|Palafin, L50, M|100/100|[from] Parting Shot\n|\n|-weather|RainDance|[upkeep]\n|-start|p2a: Politoed|perish3\n|-start|p1a: Basculegion|perish3\n|-start|p1b: Venusaur|perish3\n|upkeep\n|turn|4\n|\n|t:|1776009458\n|switch|p2a: Incineroar|Incineroar, L50, M|66/100\n|-ability|p2a: Incineroar|Intimidate|boost\n|-unboost|p1a: Basculegion|atk|1\n|-unboost|p1b: Venusaur|atk|1\n|move|p2b: Palafin|Protect|p2b: Palafin\n|-singleturn|p2b: Palafin|Protect\n|move|p1a: Basculegion|Last Respects|p2b: Palafin\n|-activate|p2b: Palafin|move: Protect\n|move|p1b: Venusaur|Giga Drain|p2b: Palafin\n|-activate|p2b: Palafin|move: Protect\n|\n|-weather|RainDance|[upkeep]\n|-start|p1a: Basculegion|perish2\n|-start|p1b: Venusaur|perish2\n|-sideend|p2: ObscureLink|move: Tailwind\n|upkeep\n|turn|5\n|\n|t:|1776009490\n|switch|p1b: Sneasler|Sneasler, L50, F|100/100\n|move|p2a: Incineroar|Fake Out|p1b: Sneasler\n|-damage|p1b: Sneasler|79/100\n|move|p1a: Basculegion|Last Respects|p2b: Palafin\n|-damage|p2b: Palafin|78/100\n|move|p2b: Palafin|Wave Crash|p1a: Basculegion\n|-resisted|p1a: Basculegion|1\n|-damage|p1a: Basculegion|50/100\n|-damage|p2b: Palafin|59/100|[from] Recoil\n|\n|-weather|RainDance|[upkeep]\n|-start|p1a: Basculegion|perish1\n|upkeep\n|turn|6\n|\n|t:|1776009521\n|switch|p1a: Venusaur|Venusaur, L50, M|100/100\n|move|p2b: Palafin|Protect|p2b: Palafin\n|-singleturn|p2b: Palafin|Protect\n|move|p1b: Sneasler|Rock Slide|p2a: Incineroar|[spread] \n|-activate|p2b: Palafin|move: Protect\n|-miss|p1b: Sneasler|p2a: Incineroar\n|move|p2a: Incineroar|Parting Shot|p1a: Venusaur\n|-unboost|p1a: Venusaur|atk|1\n|-unboost|p1a: Venusaur|spa|1\n|\n|t:|1776009525\n|switch|p2a: Politoed|Politoed, L50, M|100/100|[from] Parting Shot\n|\n|-weather|RainDance|[upkeep]\n|upkeep\n|turn|7\n|\n|t:|1776009556\n|detailschange|p2b: Palafin|Palafin-Hero, L50, M\n|switch|p2b: Incineroar|Incineroar, L50, M|66/100\n|-ability|p2b: Incineroar|Intimidate|boost\n|-unboost|p1a: Venusaur|atk|1\n|-unboost|p1b: Sneasler|atk|1\n|move|p1b: Sneasler|Dire Claw|p2a: Politoed\n|-damage|p2a: Politoed|66/100\n|move|p1a: Venusaur|Earth Power|p2a: Politoed\n|-damage|p2a: Politoed|50/100\n|move|p2a: Politoed|Weather Ball|p1b: Sneasler\n|-damage|p1b: Sneasler|3/100\n|\n|-weather|none\n|-heal|p2a: Politoed|56/100|[from] item: Leftovers\n|upkeep\n|turn|8\n|\n|t:|1776009594\n|move|p2a: Politoed|Protect|p2a: Politoed\n|-singleturn|p2a: Politoed|Protect\n|move|p1b: Sneasler|Close Combat|p2b: Incineroar\n|-supereffective|p2b: Incineroar|1\n|-damage|p2b: Incineroar|0 fnt\n|-unboost|p1b: Sneasler|def|1\n|-unboost|p1b: Sneasler|spd|1\n|faint|p2b: Incineroar\n|move|p1a: Venusaur|Earth Power|p2a: Politoed\n|-activate|p2a: Politoed|move: Protect\n|\n|-heal|p2a: Politoed|62/100|[from] item: Leftovers\n|upkeep\n|\n|t:|1776009601\n|switch|p2b: Palafin|Palafin-Hero, L50, M|59/100\n|-activate|p2b: Palafin|ability: Zero to Hero\n|turn|9\n|\n|t:|1776009622\n|move|p2b: Palafin|Jet Punch|p1b: Sneasler\n|-damage|p1b: Sneasler|0 fnt\n|faint|p1b: Sneasler\n|move|p1a: Venusaur|Giga Drain|p2b: Palafin\n|-supereffective|p2b: Palafin|1\n|-damage|p2b: Palafin|8/100\n|move|p2a: Politoed|Weather Ball|p1a: Venusaur\n|-damage|p1a: Venusaur|87/100\n|\n|-heal|p2a: Politoed|68/100|[from] item: Leftovers\n|upkeep\n|-message|ObscureLink forfeited.\n|\n|win|Daviliyo14\n|raw|Daviliyo14's rating: 1048 &rarr; <strong>1078</strong><br />(+30 for winning)\n|raw|ObscureLink's rating: 1023 &rarr; <strong>1011</strong><br />(-12 for losing)\n|l|\u2606ObscureLink\n|player|p2|\n",
  "uploadtime": 1776009675,
  "views": 13,
  "formatid": "gen9championsvgc2026regma",
  "rating": 1011,
  "private": 0,
  "password": null
}