{
  "id": "gen9championsvgc2026regma-2584780694",
  "format": "[Gen 9 Champions] VGC 2026 Reg M-A",
  "players": [
    "MMszinho",
    "WaluigiVGC"
  ],
  "log": "|j|\u2606MMszinho\n|j|\u2606WaluigiVGC\n|t:|1776283163\n|gametype|doubles\n|player|p1|MMszinho|marshal|1165\n|player|p2|WaluigiVGC|101|1194\n|gen|9\n|tier|[Gen 9 Champions] VGC 2026 Reg M-A\n|rated|\n|rule|Species Clause: Limit one of each Pok\u00e9mon\n|rule|Item Clause: Limit 1 of each item\n|clearpoke\n|poke|p1|Blastoise, L50, M|\n|poke|p1|Toxicroak, L50, F|\n|poke|p1|Raichu, L50, M|\n|poke|p1|Pelipper, L50, M|\n|poke|p1|Sylveon, L50, F|\n|poke|p1|Palafin, L50, F|\n|poke|p2|Sneasler, L50, M|\n|poke|p2|Pelipper, L50, F|\n|poke|p2|Basculegion, L50, M|\n|poke|p2|Incineroar, L50, M|\n|poke|p2|Floette-Eternal, L50, F|\n|poke|p2|Sinistcha, L50|\n|teampreview|4\nMMszinho has agreed to open team sheets.\n|\n|t:|1776283178\n|teamsize|p1|4\n|teamsize|p2|4\n|start\n|switch|p1a: Raichu|Raichu, L50, M|100/100\n|switch|p1b: Sylveon|Sylveon, L50, F|100/100\n|switch|p2a: Sneasler|Sneasler, L50, M|100/100\n|switch|p2b: Floette|Floette-Eternal, L50, F|100/100\n|turn|1\n|\n|t:|1776283196\n|detailschange|p2b: Floette|Floette-Mega, L50, F\n|-mega|p2b: Floette|Floette|Floettite\n|-ability|p2b: Floette|Fairy Aura\n|move|p1a: Raichu|Protect|p1a: Raichu\n|-singleturn|p1a: Raichu|Protect\n|move|p1b: Sylveon|Protect|p1b: Sylveon\n|-singleturn|p1b: Sylveon|Protect\n|move|p2a: Sneasler|Fake Out|p1a: Raichu\n|-activate|p1a: Raichu|move: Protect\n|move|p2b: Floette|Calm Mind|p2b: Floette\n|-boost|p2b: Floette|spa|1\n|-boost|p2b: Floette|spd|1\n|\n|upkeep\n|turn|2\n|\n|t:|1776283219\n|move|p2a: Sneasler|Dire Claw|p1b: Sylveon\n|-supereffective|p1b: Sylveon|1\n|-damage|p1b: Sylveon|0 fnt\n|faint|p1b: Sylveon\n|move|p1a: Raichu|Nuzzle|p2a: Sneasler\n|-damage|p2a: Sneasler|87/100\n|-status|p2a: Sneasler|par\n|move|p2b: Floette|Dazzling Gleam|p1a: Raichu\n|-damage|p1a: Raichu|0 fnt\n|faint|p1a: Raichu\n|\n|upkeep\n|\n|t:|1776283227\n|switch|p1a: Blastoise|Blastoise, L50, M|100/100\n|switch|p1b: Toxicroak|Toxicroak, L50, F|100/100\n|turn|3\n|\n|t:|1776283249\n|detailschange|p1a: Blastoise|Blastoise-Mega, L50, M\n|-mega|p1a: Blastoise|Blastoise|Blastoisinite\n|move|p1b: Toxicroak|Fake Out|p2b: Floette\n|-damage|p2b: Floette|83/100\n|cant|p2b: Floette|flinch\n|move|p1a: Blastoise|Shell Smash|p1a: Blastoise\n|-unboost|p1a: Blastoise|def|1\n|-unboost|p1a: Blastoise|spd|1\n|-boost|p1a: Blastoise|atk|2\n|-boost|p1a: Blastoise|spa|2\n|-boost|p1a: Blastoise|spe|2\n|move|p2a: Sneasler|Close Combat|p1b: Toxicroak\n|-resisted|p1b: Toxicroak|1\n|-damage|p1b: Toxicroak|60/100\n|-unboost|p2a: Sneasler|def|1\n|-unboost|p2a: Sneasler|spd|1\n|-enditem|p2a: Sneasler|White Herb\n|-clearnegativeboost|p2a: Sneasler|[silent]\n|\n|upkeep\n|turn|4\n|\n|t:|1776283284\n|switch|p2a: Sinistcha|Sinistcha, L50|100/100\n|-heal|p2b: Floette|100/100|[from] ability: Hospitality|[of] p2a: Sinistcha\n|move|p1a: Blastoise|Surf|p2b: Floette|[spread] p2a,p2b\n|-heal|p1b: Toxicroak|85/100|[from] ability: Dry Skin|[of] p1a: Blastoise\n|-resisted|p2a: Sinistcha|1\n|-damage|p2a: Sinistcha|58/100\n|-damage|p2b: Floette|60/100\n|move|p2b: Floette|Dazzling Gleam|p1b: Toxicroak|[spread] p1a,p1b\n|-damage|p1a: Blastoise|3/100\n|-damage|p1b: Toxicroak|0 fnt\n|faint|p1b: Toxicroak\n|\n|upkeep\n|turn|5\n|\n|t:|1776283304\n|move|p2a: Sinistcha|Rage Powder|p2a: Sinistcha\n|-singleturn|p2a: Sinistcha|move: Rage Powder\n|move|p1a: Blastoise|Surf|p2b: Floette|[spread] p2a,p2b\n|-resisted|p2a: Sinistcha|1\n|-damage|p2a: Sinistcha|13/100\n|-damage|p2b: Floette|24/100\n|-enditem|p2a: Sinistcha|Sitrus Berry|[eat]\n|-heal|p2a: Sinistcha|38/100|[from] item: Sitrus Berry\n|move|p2b: Floette|Dazzling Gleam|p1a: Blastoise\n|-damage|p1a: Blastoise|0 fnt\n|faint|p1a: Blastoise\n|\n|win|WaluigiVGC\n|raw|MMszinho's rating: 1165 &rarr; <strong>1142</strong><br />(-23 for losing)\n|raw|WaluigiVGC's rating: 1194 &rarr; <strong>1217</strong><br />(+23 for winning)\n|l|\u2606WaluigiVGC\n|player|p2|\n|l|\u2606MMszinho\n|player|p1|\n|j|\u2606WaluigiVGC\n|player|p2|WaluigiVGC|101|\n",
  "uploadtime": 1776283316,
  "views": 21,
  "formatid": "gen9championsvgc2026regma",
  "rating": 1142,
  "private": 0,
  "password": null
}