{
  "id": "gen9championsvgc2026regma-2588261235",
  "format": "[Gen 9 Champions] VGC 2026 Reg M-A",
  "players": [
    "Chef204",
    "Soluce"
  ],
  "log": "|j|\u2606Chef204\n|j|\u2606Soluce\n|t:|1776618981\n|gametype|doubles\n|player|p1|Chef204|cynthia-gen4|1208\n|player|p2|Soluce|proton|1145\n|gen|9\n|tier|[Gen 9 Champions] VGC 2026 Reg M-A\n|rated|\n|rule|Species Clause: Limit one of each Pok\u00e9mon\n|rule|Item Clause: Limit 1 of each item\n|clearpoke\n|poke|p1|Milotic, L50, F|\n|poke|p1|Whimsicott, L50, F|\n|poke|p1|Garchomp, L50, M|\n|poke|p1|Glimmora, L50, F, shiny|\n|poke|p1|Tyranitar, L50, M|\n|poke|p1|Meganium, L50, F|\n|poke|p2|Froslass, L50, F|\n|poke|p2|Aggron, L50, M|\n|poke|p2|Beartic, L50, M|\n|poke|p2|Aegislash, L50, M|\n|poke|p2|Incineroar, L50, F|\n|poke|p2|Primarina, L50, M|\n|teampreview|4\n|inactive|Battle timer is ON: inactive players will automatically lose when time's up. (requested by Chef204)\n|inactive|Soluce also wants the timer to be on.\n|inactive|Chef204 has 60 seconds left.\n|inactive|Soluce has 60 seconds left.\n|inactive|Chef204 has 30 seconds left.\n|inactive|Chef204 has 20 seconds left.\n|inactive|Chef204 has 15 seconds left.\n|inactive|Chef204 has 10 seconds left.\n|\n|t:|1776619064\n|teamsize|p1|4\n|teamsize|p2|4\n|start\n|switch|p1a: Glimmora|Glimmora, L50, F, shiny|100/100\n|switch|p1b: Whimsicott|Whimsicott, L50, F|100/100\n|switch|p2a: Froslass|Froslass, L50, F|100/100\n|switch|p2b: Beartic|Beartic, L50, M|100/100\n|turn|1\n|\n|t:|1776619084\n|detailschange|p2a: Froslass|Froslass-Mega, L50, F\n|-mega|p2a: Froslass|Froslass|Froslassite\n|-weather|Snowscape|[from] ability: Snow Warning|[of] p2a: Froslass\n|detailschange|p1a: Glimmora|Glimmora-Mega, L50, F, shiny\n|-mega|p1a: Glimmora|Glimmora|Glimmoranite\n|move|p1b: Whimsicott|Sunny Day|p1b: Whimsicott\n|-weather|SunnyDay\n|move|p2a: Froslass|Aurora Veil||[still]\n|-fail|p2a: Froslass\n|move|p1a: Glimmora|Power Gem|p2b: Beartic|[miss]\n|-miss|p1a: Glimmora|p2b: Beartic\n|move|p2b: Beartic|Icicle Crash|p1b: Whimsicott|[miss]\n|-miss|p2b: Beartic|p1b: Whimsicott\n|\n|-weather|SunnyDay|[upkeep]\n|upkeep\n|turn|2\n|inactive|Soluce has 30 seconds left.\n|\n|t:|1776619111\n|switch|p2a: Primarina|Primarina, L50, M|100/100\n|move|p1b: Whimsicott|Tailwind|p1b: Whimsicott\n|-sidestart|p1: Chef204|move: Tailwind\n|move|p1a: Glimmora|Power Gem|p2a: Primarina\n|-damage|p2a: Primarina|36/100\n|move|p2b: Beartic|Icicle Crash|p1b: Whimsicott\n|-supereffective|p1b: Whimsicott|1\n|-enditem|p1b: Whimsicott|Focus Sash\n|-damage|p1b: Whimsicott|1/100\n|\n|-weather|SunnyDay|[upkeep]\n|upkeep\n|turn|3\n|\n|t:|1776619128\n|switch|p1b: Meganium|Meganium, L50, F|100/100\n|move|p1a: Glimmora|Power Gem|p2b: Beartic\n|-supereffective|p2b: Beartic|1\n|-damage|p2b: Beartic|0 fnt\n|faint|p2b: Beartic\n|move|p2a: Primarina|Hyper Voice|p1b: Meganium|[spread] p1a,p1b\n|-supereffective|p1a: Glimmora|1\n|-resisted|p1b: Meganium|1\n|-damage|p1a: Glimmora|65/100\n|-damage|p1b: Meganium|90/100\n|\n|-weather|SunnyDay|[upkeep]\n|upkeep\n|\n|t:|1776619138\n|switch|p2b: Froslass|Froslass-Mega, L50, F|100/100\n|-weather|Snowscape|[from] ability: Snow Warning|[of] p2b: Froslass\n|turn|4\n|\n|t:|1776619158\n|move|p1a: Glimmora|Power Gem|p2b: Froslass\n|-supereffective|p2b: Froslass|1\n|-damage|p2b: Froslass|0 fnt\n|faint|p2b: Froslass\n|move|p1b: Meganium|Dazzling Gleam|p2a: Primarina\n|-damage|p2a: Primarina|15/100\n|move|p2a: Primarina|Hyper Voice|p1b: Meganium|[spread] p1a,p1b\n|-supereffective|p1a: Glimmora|1\n|-resisted|p1b: Meganium|1\n|-damage|p1a: Glimmora|0 fnt\n|-damage|p1b: Meganium|69/100\n|faint|p1a: Glimmora\n|\n|-weather|Snowscape|[upkeep]\n|upkeep\n|\n|t:|1776619177\n|switch|p2b: Aegislash|Aegislash, L50, M|100/100\n|switch|p1a: Whimsicott|Whimsicott, L50, F|1/100\n|turn|5\n|\n|t:|1776619191\n|move|p1a: Whimsicott|Sunny Day|p1a: Whimsicott\n|-weather|SunnyDay\n|move|p1b: Meganium|Solar Beam||[still]\n|-prepare|p1b: Meganium|Solar Beam\n|-anim|p1b: Meganium|Solar Beam|p2a: Primarina\n|-supereffective|p2a: Primarina|1\n|-damage|p2a: Primarina|0 fnt\n|faint|p2a: Primarina\n|-formechange|p2b: Aegislash|Aegislash-Blade|\n|move|p2b: Aegislash|Shadow Ball|p1b: Meganium\n|-damage|p1b: Meganium|28/100\n|\n|-weather|SunnyDay|[upkeep]\n|-sideend|p1: Chef204|move: Tailwind\n|upkeep\n|turn|6\n|\n|t:|1776619206\n|-formechange|p2b: Aegislash|Aegislash|\n|move|p2b: Aegislash|King's Shield|p2b: Aegislash\n|-singleturn|p2b: Aegislash|Protect\n|move|p1a: Whimsicott|Encore|p2b: Aegislash\n|-start|p2b: Aegislash|Encore\n|move|p1b: Meganium|Weather Ball|p2b: Aegislash\n|-activate|p2b: Aegislash|move: Protect\n|\n|-weather|SunnyDay|[upkeep]\n|upkeep\n|turn|7\n|\n|t:|1776619217\n|move|p2b: Aegislash|King's Shield||[still]\n|-fail|p2b: Aegislash\n|move|p1a: Whimsicott|Dazzling Gleam|p2b: Aegislash\n|-resisted|p2b: Aegislash|1\n|-damage|p2b: Aegislash|89/100\n|move|p1b: Meganium|Weather Ball|p2b: Aegislash\n|-supereffective|p2b: Aegislash|1\n|-crit|p2b: Aegislash\n|-damage|p2b: Aegislash|0 fnt\n|faint|p2b: Aegislash\n|\n|win|Chef204\n|raw|Chef204's rating: 1208 &rarr; <strong>1229</strong><br />(+21 for winning)\n|raw|Soluce's rating: 1145 &rarr; <strong>1124</strong><br />(-21 for losing)\n|l|\u2606Soluce\n|player|p2|\n",
  "uploadtime": 1776619227,
  "views": 19,
  "formatid": "gen9championsvgc2026regma",
  "rating": 1124,
  "private": 0,
  "password": null
}