{
  "id": "gen9championsvgc2026regma-2585747807",
  "format": "[Gen 9 Champions] VGC 2026 Reg M-A",
  "players": [
    "1xPIxR",
    "RolandGT"
  ],
  "log": "|j|\u26061xPIxR\n|j|\u2606RolandGT\n|t:|1776367832\n|gametype|doubles\n|player|p1|1xPIxR|red|1154\n|player|p2|RolandGT|veteran|1082\n|gen|9\n|tier|[Gen 9 Champions] VGC 2026 Reg M-A\n|rated|\n|rule|Species Clause: Limit one of each Pok\u00e9mon\n|rule|Item Clause: Limit 1 of each item\n|clearpoke\n|poke|p1|Ceruledge, L50, F|\n|poke|p1|Sinistcha, L50|\n|poke|p1|Scovillain, L50, M|\n|poke|p1|Aegislash, L50, M|\n|poke|p1|Scizor, L50, M|\n|poke|p1|Charizard, L50, M|\n|poke|p2|Froslass, L50, F|\n|poke|p2|Mamoswine, L50, M|\n|poke|p2|Medicham, L50, F|\n|poke|p2|Pelipper, L50, F|\n|poke|p2|Quaquaval, L50, M|\n|poke|p2|Farigiraf, L50, F|\n|teampreview|4\n|inactive|Battle timer is ON: inactive players will automatically lose when time's up. (requested by RolandGT)\n|inactive|1xPIxR also wants the timer to be on.\n1xPIxR rejected open team sheets.\n|inactive|RolandGT has 60 seconds left.\n|c|\u26061xPIxR|Gl hf\n|inactive|RolandGT has 30 seconds left.\n|\n|t:|1776367900\n|teamsize|p1|4\n|teamsize|p2|4\n|start\n|switch|p1a: Ceruledge|Ceruledge, L50, F, shiny|100/100\n|switch|p1b: Scovillain|Scovillain, L50, M|100/100\n|switch|p2a: Froslass|Froslass, L50, F|100/100\n|switch|p2b: Farigiraf|Farigiraf, L50, F|100/100\n|turn|1\n|inactive|1xPIxR has 30 seconds left.\n|\n|t:|1776367933\n|detailschange|p2a: Froslass|Froslass-Mega, L50, F\n|-mega|p2a: Froslass|Froslass|Froslassite\n|-weather|Snowscape|[from] ability: Snow Warning|[of] p2a: Froslass\n|move|p1a: Ceruledge|Protect|p1a: Ceruledge\n|-singleturn|p1a: Ceruledge|Protect\n|move|p2a: Froslass|Aurora Veil|p2a: Froslass\n|-sidestart|p2: RolandGT|move: Aurora Veil\n|move|p1b: Scovillain|Sunny Day|p1b: Scovillain\n|-weather|SunnyDay\n|move|p2b: Farigiraf|Psychic|p1a: Ceruledge\n|-activate|p1a: Ceruledge|move: Protect\n|\n|-weather|SunnyDay|[upkeep]\n|upkeep\n|turn|2\n|\n|t:|1776367957\n|switch|p2b: Pelipper|Pelipper, L50, F|100/100\n|-weather|RainDance|[from] ability: Drizzle|[of] p2b: Pelipper\n|move|p1b: Scovillain|Rage Powder|p1b: Scovillain\n|-singleturn|p1b: Scovillain|move: Rage Powder\n|move|p2a: Froslass|Shadow Ball|p1b: Scovillain\n|-damage|p1b: Scovillain|36/100\n|-unboost|p1b: Scovillain|spd|1\n|move|p1a: Ceruledge|Bitter Blade|p2a: Froslass\n|-supereffective|p2a: Froslass|1\n|-damage|p2a: Froslass|47/100\n|\n|-weather|RainDance|[upkeep]\n|upkeep\n|turn|3\n|inactive|1xPIxR has 30 seconds left.\n|\n|t:|1776367985\n|switch|p1a: Sinistcha|Sinistcha, L50|100/100\n|-heal|p1b: Scovillain|61/100|[from] ability: Hospitality|[of] p1a: Sinistcha\n|switch|p1b: Aegislash|Aegislash, L50, M|100/100\n|move|p2a: Froslass|Protect|p2a: Froslass\n|-singleturn|p2a: Froslass|Protect\n|move|p2b: Pelipper|Tailwind|p2b: Pelipper\n|-sidestart|p2: RolandGT|move: Tailwind\n|\n|-weather|RainDance|[upkeep]\n|upkeep\n|turn|4\n|\n|t:|1776368005\n|move|p2b: Pelipper|Helping Hand|p2a: Froslass\n|-singleturn|p2a: Froslass|Helping Hand|[of] p2b: Pelipper\n|move|p1a: Sinistcha|Rage Powder|p1a: Sinistcha\n|-singleturn|p1a: Sinistcha|move: Rage Powder\n|move|p2a: Froslass|Blizzard|p1a: Sinistcha|[spread] p1a,p1b\n|-supereffective|p1a: Sinistcha|1\n|-resisted|p1b: Aegislash|1\n|-damage|p1a: Sinistcha|0 fnt\n|-damage|p1b: Aegislash|69/100\n|faint|p1a: Sinistcha\n|-formechange|p1b: Aegislash|Aegislash-Blade|\n|move|p1b: Aegislash|Iron Head|p2a: Froslass\n|-supereffective|p2a: Froslass|1\n|-damage|p2a: Froslass|0 fnt\n|faint|p2a: Froslass\n|\n|-weather|RainDance|[upkeep]\n|upkeep\n|\n|t:|1776368023\n|switch|p2a: Quaquaval|Quaquaval, L50, M, shiny|100/100\n|switch|p1a: Scovillain|Scovillain, L50, M|61/100\n|turn|5\n|\n|t:|1776368034\n|switch|p2a: Farigiraf|Farigiraf, L50, F|100/100\n|detailschange|p1a: Scovillain|Scovillain-Mega, L50, M\n|-mega|p1a: Scovillain|Scovillain|Scovillainite\n|-formechange|p1b: Aegislash|Aegislash|\n|move|p1b: Aegislash|King's Shield|p1b: Aegislash\n|-singleturn|p1b: Aegislash|Protect\n|move|p2b: Pelipper|Weather Ball|p1a: Scovillain\n|-damage|p1a: Scovillain|0 fnt\n|-status|p2b: Pelipper|brn|[from] ability: Spicy Spray|[of] p1a: Scovillain\n|faint|p1a: Scovillain\n|\n|-weather|RainDance|[upkeep]\n|-damage|p2b: Pelipper|95/100 brn|[from] brn\n|-sideend|p2: RolandGT|move: Aurora Veil\n|upkeep\n|\n|t:|1776368051\n|switch|p1a: Ceruledge|Ceruledge, L50, F, shiny|100/100\n|turn|6\n|\n|t:|1776368072\n|move|p2a: Farigiraf|Helping Hand|p2b: Pelipper\n|-singleturn|p2b: Pelipper|Helping Hand|[of] p2a: Farigiraf\n|move|p2b: Pelipper|Weather Ball|p1b: Aegislash\n|-damage|p1b: Aegislash|0 fnt\n|faint|p1b: Aegislash\n|move|p1a: Ceruledge|Bitter Blade|p2b: Pelipper|[miss]\n|-miss|p1a: Ceruledge|p2b: Pelipper\n|\n|-weather|none\n|-damage|p2b: Pelipper|89/100 brn|[from] brn\n|-sideend|p2: RolandGT|move: Tailwind\n|upkeep\n|turn|7\n|c|\u2606RolandGT|Gl hf\n|\n|t:|1776368088\n|move|p1a: Ceruledge|Bitter Blade|p2b: Pelipper\n|-resisted|p2b: Pelipper|1\n|-damage|p2b: Pelipper|60/100 brn\n|move|p2b: Pelipper|Tailwind|p2b: Pelipper\n|-sidestart|p2: RolandGT|move: Tailwind\n|move|p2a: Farigiraf|Psychic|p1a: Ceruledge\n|-damage|p1a: Ceruledge|54/100\n|-unboost|p1a: Ceruledge|spd|1\n|-enditem|p1a: Ceruledge|White Herb\n|-clearnegativeboost|p1a: Ceruledge|[silent]\n|\n|-damage|p2b: Pelipper|54/100 brn|[from] brn\n|upkeep\n|turn|8\n|\n|t:|1776368102\n|move|p2b: Pelipper|Helping Hand|p2a: Farigiraf\n|-singleturn|p2a: Farigiraf|Helping Hand|[of] p2b: Pelipper\n|move|p1a: Ceruledge|Protect|p1a: Ceruledge\n|-singleturn|p1a: Ceruledge|Protect\n|move|p2a: Farigiraf|Psychic|p1a: Ceruledge\n|-activate|p1a: Ceruledge|move: Protect\n|\n|-damage|p2b: Pelipper|48/100 brn|[from] brn\n|upkeep\n|turn|9\n|\n|t:|1776368111\n|move|p2b: Pelipper|Helping Hand|p2a: Farigiraf\n|-singleturn|p2a: Farigiraf|Helping Hand|[of] p2b: Pelipper\n|move|p2a: Farigiraf|Psychic|p1a: Ceruledge\n|-damage|p1a: Ceruledge|0 fnt\n|faint|p1a: Ceruledge\n|\n|win|RolandGT\n|raw|1xPIxR's rating: 1154 &rarr; <strong>1124</strong><br />(-30 for losing)\n|raw|RolandGT's rating: 1082 &rarr; <strong>1115</strong><br />(+33 for winning)\n|l|\u26061xPIxR\n|player|p1|\n",
  "uploadtime": 1776368137,
  "views": 28,
  "formatid": "gen9championsvgc2026regma",
  "rating": 1115,
  "private": 0,
  "password": null
}