{
  "id": "gen9championsvgc2026regma-2585749517",
  "format": "[Gen 9 Champions] VGC 2026 Reg M-A",
  "players": [
    "1Neku",
    "415jason"
  ],
  "log": "|j|\u26061Neku\n|j|\u2606415jason\n|t:|1776367948\n|gametype|doubles\n|player|p1|1Neku|lucas-gen4pt|1196\n|player|p2|415jason|hoopster|1173\n|gen|9\n|tier|[Gen 9 Champions] VGC 2026 Reg M-A\n|rated|\n|rule|Species Clause: Limit one of each Pok\u00e9mon\n|rule|Item Clause: Limit 1 of each item\n|clearpoke\n|poke|p1|Pelipper, L50, M|\n|poke|p1|Basculegion, L50, M|\n|poke|p1|Sinistcha, L50|\n|poke|p1|Archaludon, L50, M|\n|poke|p1|Sneasler, L50, M|\n|poke|p1|Dragonite, L50, F|\n|poke|p2|Farigiraf, L50, F|\n|poke|p2|Greninja-*, L50, M|\n|poke|p2|Floette-Eternal, L50, F|\n|poke|p2|Sinistcha, L50|\n|poke|p2|Incineroar, L50, M|\n|poke|p2|Sneasler, L50, M|\n|teampreview|4\n|inactive|Battle timer is ON: inactive players will automatically lose when time's up. (requested by 415jason)\n|inactive|1Neku has 60 seconds left.\n|\n|t:|1776367996\n|teamsize|p1|4\n|teamsize|p2|4\n|start\n|switch|p1a: Sinistcha|Sinistcha, L50|100/100\n|switch|p1b: Sneasler|Sneasler, L50, M|100/100\n|switch|p2a: Sinistcha|Sinistcha, L50|100/100\n|switch|p2b: Floette|Floette-Eternal, L50, F|100/100\n|turn|1\n|inactive|1Neku has 30 seconds left.\n|\n|t:|1776368030\n|switch|p2a: Farigiraf|Farigiraf, L50, F|100/100\n|detailschange|p2b: Floette|Floette-Mega, L50, F\n|-mega|p2b: Floette|Floette|Floettite\n|-ability|p2b: Floette|Fairy Aura\n|move|p1b: Sneasler|Dire Claw|p2a: Farigiraf\n|-damage|p2a: Farigiraf|60/100\n|move|p2b: Floette|Calm Mind|p2b: Floette\n|-boost|p2b: Floette|spa|1\n|-boost|p2b: Floette|spd|1\n|move|p1a: Sinistcha|Matcha Gotcha|p2a: Farigiraf|[spread] p2a,p2b\n|-damage|p2a: Farigiraf|38/100\n|-damage|p2b: Floette|88/100\n|-status|p2b: Floette|brn\n|\n|-heal|p2a: Farigiraf|45/100|[from] item: Leftovers\n|-damage|p2b: Floette|82/100 brn|[from] brn\n|upkeep\n|turn|2\n|inactive|1Neku has 30 seconds left.\n|inactive|1Neku has 20 seconds left.\n|\n|t:|1776368068\n|move|p2b: Floette|Protect|p2b: Floette\n|-singleturn|p2b: Floette|Protect\n|move|p1b: Sneasler|Close Combat|p2a: Farigiraf\n|-damage|p2a: Farigiraf|0 fnt\n|-unboost|p1b: Sneasler|def|1\n|-unboost|p1b: Sneasler|spd|1\n|faint|p2a: Farigiraf\n|-enditem|p1b: Sneasler|White Herb\n|-clearnegativeboost|p1b: Sneasler|[silent]\n|move|p1a: Sinistcha|Trick Room|p1a: Sinistcha\n|-fieldstart|move: Trick Room|[of] p1a: Sinistcha\n|\n|-damage|p2b: Floette|75/100 brn|[from] brn\n|upkeep\n|inactive|415jason has 30 seconds left.\n|\n|t:|1776368093\n|switch|p2a: Sinistcha|Sinistcha, L50|100/100\n|-heal|p2b: Floette|100/100 brn|[from] ability: Hospitality|[of] p2a: Sinistcha\n|turn|3\n|\n|t:|1776368109\n|move|p1b: Sneasler|Protect|p1b: Sneasler\n|-singleturn|p1b: Sneasler|Protect\n|move|p2a: Sinistcha|Rage Powder|p2a: Sinistcha\n|-singleturn|p2a: Sinistcha|move: Rage Powder\n|move|p2b: Floette|Calm Mind|p2b: Floette\n|-boost|p2b: Floette|spa|1\n|-boost|p2b: Floette|spd|1\n|move|p1a: Sinistcha|Trick Room|p1a: Sinistcha\n|-fieldend|move: Trick Room\n|\n|-damage|p2b: Floette|94/100 brn|[from] brn\n|upkeep\n|turn|4\n|inactive|1Neku has 30 seconds left.\n|\n|t:|1776368142\n|move|p2a: Sinistcha|Rage Powder|p2a: Sinistcha\n|-singleturn|p2a: Sinistcha|move: Rage Powder\n|move|p1b: Sneasler|Dire Claw|p2a: Sinistcha\n|-damage|p2a: Sinistcha|59/100\n|move|p2b: Floette|Dazzling Gleam|p1b: Sneasler|[spread] p1a,p1b\n|-damage|p1a: Sinistcha|0 fnt\n|-damage|p1b: Sneasler|0 fnt\n|faint|p1a: Sinistcha\n|faint|p1b: Sneasler\n|\n|-damage|p2b: Floette|88/100 brn|[from] brn\n|upkeep\n|\n|t:|1776368155\n|switch|p1b: Basculegion|Basculegion, L50, M|100/100\n|switch|p1a: Pelipper|Pelipper, L50, M, shiny|100/100\n|-weather|RainDance|[from] ability: Drizzle|[of] p1a: Pelipper\n|turn|5\n|\n|t:|1776368174\n|move|p2a: Sinistcha|Rage Powder|p2a: Sinistcha\n|-singleturn|p2a: Sinistcha|move: Rage Powder\n|move|p1b: Basculegion|Wave Crash|p2a: Sinistcha\n|-resisted|p2a: Sinistcha|1\n|-damage|p2a: Sinistcha|18/100\n|-enditem|p2a: Sinistcha|Sitrus Berry|[eat]\n|-heal|p2a: Sinistcha|43/100|[from] item: Sitrus Berry\n|-damage|p1b: Basculegion|88/100|[from] Recoil\n|move|p2b: Floette|Dazzling Gleam|p1a: Pelipper|[spread] p1a,p1b\n|-enditem|p1a: Pelipper|Focus Sash\n|-damage|p1a: Pelipper|1/100\n|-damage|p1b: Basculegion|0 fnt\n|faint|p1b: Basculegion\n|move|p1a: Pelipper|Hurricane|p2a: Sinistcha\n|-supereffective|p2a: Sinistcha|1\n|-damage|p2a: Sinistcha|0 fnt\n|faint|p2a: Sinistcha\n|\n|-weather|RainDance|[upkeep]\n|-damage|p2b: Floette|82/100 brn|[from] brn\n|upkeep\n|\n|t:|1776368191\n|switch|p2a: Sneasler|Sneasler, L50, M|100/100\n|turn|6\n|-message|1Neku forfeited.\n|\n|win|415jason\n|raw|1Neku's rating: 1196 &rarr; <strong>1169</strong><br />(-27 for losing)\n|raw|415jason's rating: 1173 &rarr; <strong>1200</strong><br />(+27 for winning)\n|l|\u2606415jason\n|player|p2|\n",
  "uploadtime": 1776368205,
  "views": 16,
  "formatid": "gen9championsvgc2026regma",
  "rating": 1169,
  "private": 0,
  "password": null
}