{
  "id": "gen9championsvgc2026regma-2586837838",
  "format": "[Gen 9 Champions] VGC 2026 Reg M-A",
  "players": [
    "kingcoleman",
    "Cocopis"
  ],
  "log": "|j|\u2606kingcoleman\n|j|\u2606Cocopis\n|t:|1776464113\n|gametype|doubles\n|player|p1|kingcoleman|miku-water|1369\n|player|p2|Cocopis|101|1336\n|gen|9\n|tier|[Gen 9 Champions] VGC 2026 Reg M-A\n|rated|\n|rule|Species Clause: Limit one of each Pok\u00e9mon\n|rule|Item Clause: Limit 1 of each item\n|clearpoke\n|poke|p1|Mamoswine, L50, F|\n|poke|p1|Kangaskhan, L50, F|\n|poke|p1|Sinistcha, L50|\n|poke|p1|Archaludon, L50, F|\n|poke|p1|Sneasler, L50, M|\n|poke|p1|Aerodactyl, L50, F|\n|poke|p2|Kingambit, L50, F|\n|poke|p2|Garchomp, L50, M|\n|poke|p2|Sinistcha, L50|\n|poke|p2|Sneasler, L50, M|\n|poke|p2|Gardevoir, L50, M|\n|poke|p2|Talonflame, L50, M|\n|teampreview|4\n|inactive|Battle timer is ON: inactive players will automatically lose when time's up. (requested by Cocopis)\n|\n|t:|1776464155\n|teamsize|p1|4\n|teamsize|p2|4\n|start\n|switch|p1a: Aerodactyl|Aerodactyl, L50, F|100/100\n|switch|p1b: Mamoswine|Mamoswine, L50, F|100/100\n|switch|p2a: Talonflame|Talonflame, L50, M|100/100\n|switch|p2b: Garchomp|Garchomp, L50, M|100/100\n|-ability|p1a: Aerodactyl|Unnerve\n|turn|1\n|\n|t:|1776464166\n|move|p2b: Garchomp|Protect|p2b: Garchomp\n|-singleturn|p2b: Garchomp|Protect\n|move|p2a: Talonflame|Tailwind|p2a: Talonflame\n|-sidestart|p2: Cocopis|move: Tailwind\n|move|p1b: Mamoswine|Ice Shard|p2b: Garchomp\n|-activate|p2b: Garchomp|move: Protect\n|move|p1a: Aerodactyl|Rock Slide|p2b: Garchomp|[spread] p2a\n|-activate|p2b: Garchomp|move: Protect\n|-supereffective|p2a: Talonflame|2\n|-damage|p2a: Talonflame|0 fnt\n|faint|p2a: Talonflame\n|\n|upkeep\n|\n|t:|1776464170\n|switch|p2a: Gardevoir|Gardevoir, L50, M|100/100\n|turn|2\n|\n|t:|1776464178\n|detailschange|p2a: Gardevoir|Gardevoir-Mega, L50, M\n|-mega|p2a: Gardevoir|Gardevoir|Gardevoirite\n|move|p1b: Mamoswine|Protect|p1b: Mamoswine\n|-singleturn|p1b: Mamoswine|Protect\n|move|p2b: Garchomp|Rock Slide|p1a: Aerodactyl|[spread] p1a\n|-activate|p1b: Mamoswine|move: Protect\n|-supereffective|p1a: Aerodactyl|1\n|-damage|p1a: Aerodactyl|34/100\n|move|p2a: Gardevoir|Hyper Voice|p1b: Mamoswine|[spread] p1a\n|-activate|p1b: Mamoswine|move: Protect\n|-damage|p1a: Aerodactyl|0 fnt\n|faint|p1a: Aerodactyl\n|\n|upkeep\n|\n|t:|1776464189\n|switch|p1a: Sneasler|Sneasler, L50, M|100/100\n|turn|3\n|\n|t:|1776464202\n|switch|p1b: Kangaskhan|Kangaskhan, L50, F|100/100\n|move|p2a: Gardevoir|Protect|p2a: Gardevoir\n|-singleturn|p2a: Gardevoir|Protect\n|move|p2b: Garchomp|Earthquake|p1a: Sneasler|[spread] p1a,p1b\n|-activate|p2a: Gardevoir|move: Protect\n|-supereffective|p1a: Sneasler|1\n|-damage|p1a: Sneasler|0 fnt\n|-damage|p1b: Kangaskhan|54/100\n|faint|p1a: Sneasler\n|\n|upkeep\n|\n|t:|1776464209\n|switch|p1a: Mamoswine|Mamoswine, L50, F|100/100\n|turn|4\n|\n|t:|1776464225\n|detailschange|p1b: Kangaskhan|Kangaskhan-Mega, L50, F\n|-mega|p1b: Kangaskhan|Kangaskhan|Kangaskhanite\n|move|p1b: Kangaskhan|Fake Out|p2a: Gardevoir\n|-damage|p2a: Gardevoir|65/100\n|-crit|p2a: Gardevoir\n|-damage|p2a: Gardevoir|52/100\n|-hitcount|p2a: Gardevoir|2\n|move|p1a: Mamoswine|Ice Shard|p2b: Garchomp\n|-supereffective|p2b: Garchomp|2\n|-damage|p2b: Garchomp|0 fnt\n|faint|p2b: Garchomp\n|cant|p2a: Gardevoir|flinch\n|\n|-sideend|p2: Cocopis|move: Tailwind\n|upkeep\n|\n|t:|1776464233\n|switch|p2b: Sneasler|Sneasler, L50, M|100/100\n|turn|5\n|\n|t:|1776464249\n|move|p2b: Sneasler|Close Combat|p1b: Kangaskhan\n|-supereffective|p1b: Kangaskhan|1\n|-damage|p1b: Kangaskhan|0 fnt\n|-unboost|p2b: Sneasler|def|1\n|-unboost|p2b: Sneasler|spd|1\n|faint|p1b: Kangaskhan\n|move|p2a: Gardevoir|Hyper Voice|p1a: Mamoswine\n|-damage|p1a: Mamoswine|2/100\n|move|p1a: Mamoswine|Earthquake|p2a: Gardevoir|[spread] p2a,p2b\n|-supereffective|p2b: Sneasler|1\n|-damage|p2a: Gardevoir|0 fnt\n|-enditem|p2b: Sneasler|Focus Sash\n|-damage|p2b: Sneasler|1/100\n|faint|p2a: Gardevoir\n|\n|upkeep\n|turn|6\n|\n|t:|1776464266\n|move|p1a: Mamoswine|Ice Shard|p2b: Sneasler\n|-damage|p2b: Sneasler|0 fnt\n|faint|p2b: Sneasler\n|\n|win|kingcoleman\n|raw|kingcoleman's rating: 1369 &rarr; <strong>1387</strong><br />(+18 for winning)\n|raw|Cocopis's rating: 1336 &rarr; <strong>1318</strong><br />(-18 for losing)\n|l|\u2606Cocopis\n|player|p2|\n",
  "uploadtime": 1776464270,
  "views": 34,
  "formatid": "gen9championsvgc2026regma",
  "rating": 1318,
  "private": 0,
  "password": null
}