{
  "id": "gen9championsvgc2026regma-2583387346",
  "format": "[Gen 9 Champions] VGC 2026 Reg M-A",
  "players": [
    "Dasleep",
    "QWEASDD"
  ],
  "log": "|j|\u2606Dasleep\n|j|\u2606QWEASDD\n|t:|1776172143\n|gametype|doubles\n|player|p1|Dasleep|169|1000\n|player|p2|QWEASDD|swimmer|1035\n|gen|9\n|tier|[Gen 9 Champions] VGC 2026 Reg M-A\n|rated|\n|rule|Species Clause: Limit one of each Pok\u00e9mon\n|rule|Item Clause: Limit 1 of each item\n|clearpoke\n|poke|p1|Ampharos, L50, M|\n|poke|p1|Farigiraf, L50, F|\n|poke|p1|Pelipper, L50, M|\n|poke|p1|Archaludon, L50, F|\n|poke|p1|Feraligatr, L50, F|\n|poke|p1|Whimsicott, L50, F|\n|poke|p2|Aggron, L50, M|\n|poke|p2|Beedrill, L50, M|\n|poke|p2|Sneasler, L50, F|\n|poke|p2|Sinistcha, L50|\n|poke|p2|Tyranitar, L50, M|\n|poke|p2|Dragonite, L50, F|\n|teampreview|4\nQWEASDD has agreed to open team sheets.\nDasleep has agreed to open team sheets.\n|showteam|p1|Ampharos||Ampharosite|Static|VoltSwitch,Thunder,DragonPulse,Protect|||M|||50|]Farigiraf||ChoiceScarf|ArmorTail|TrickRoom,HyperVoice,Protect,HelpingHand|||F|||50|]Pelipper||SitrusBerry|Drizzle|Hurricane,Tailwind,Uturn,Protect|||M|||50|]Archaludon||Leftovers|Stamina|ElectroShot,DracoMeteor,FlashCannon,Protect|||F|||50|]Feraligatr||Feraligite|SheerForce|DoubleEdge,Liquidation,SwordsDance,Protect|||F|||50|]Whimsicott||FocusSash|Prankster|Tailwind,Moonblast,Encore,LightScreen|||F|||50|\n|showteam|p2|Aggron||Aggronite|Sturdy|BodyPress,HeavySlam,IronDefense,Protect|||M|||50|]Beedrill||Beedrillite|Swarm|Uturn,PoisonJab,KnockOff,Protect|||M|||50|]Sneasler||WhiteHerb|Unburden|FakeOut,DireClaw,CloseCombat,Protect|||F|||50|]Sinistcha||FocusSash|Hospitality|MatchaGotcha,LifeDew,RagePowder,TrickRoom||||||50|]Tyranitar||SitrusBerry|SandStream|StoneEdge,KnockOff,FirePunch,Protect|||M|||50|]Dragonite||Leftovers|Multiscale|DragonClaw,ThunderPunch,IcePunch,Protect|||F|||50|\n|inactive|Battle timer is ON: inactive players will automatically lose when time's up. (requested by Dasleep)\n|\n|t:|1776172186\n|teamsize|p1|4\n|teamsize|p2|4\n|start\n|switch|p1a: Ampharos|Ampharos, L50, M|100/100\n|switch|p1b: Farigiraf|Farigiraf, L50, F|100/100\n|switch|p2a: Beedrill|Beedrill, L50, M|100/100\n|switch|p2b: Sneasler|Sneasler, L50, F|100/100\n|turn|1\n|\n|t:|1776172202\n|detailschange|p2a: Beedrill|Beedrill-Mega, L50, M\n|-mega|p2a: Beedrill|Beedrill|Beedrillite\n|detailschange|p1a: Ampharos|Ampharos-Mega, L50, M\n|-mega|p1a: Ampharos|Ampharos|Ampharosite\n|-ability|p1a: Ampharos|Mold Breaker\n|move|p2b: Sneasler|Fake Out||[still]\n|cant|p1b: Farigiraf|ability: Armor Tail|Fake Out|[of] p2b: Sneasler\n|move|p2a: Beedrill|U-turn|p1b: Farigiraf\n|-supereffective|p1b: Farigiraf|1\n|-damage|p1b: Farigiraf|0 fnt\n|faint|p1b: Farigiraf\n|\n|t:|1776172219\n|switch|p2a: Sinistcha|Sinistcha, L50|100/100|[from] U-turn\n|move|p1a: Ampharos|Volt Switch|p2b: Sneasler\n|-damage|p2b: Sneasler|39/100\n|\n|t:|1776172226\n|switch|p1a: Archaludon|Archaludon, L50, F|100/100|[from] Volt Switch\n|\n|upkeep\n|\n|t:|1776172230\n|switch|p1b: Pelipper|Pelipper, L50, M|100/100\n|-weather|RainDance|[from] ability: Drizzle|[of] p1b: Pelipper\n|turn|2\n|\n|t:|1776172253\n|switch|p2b: Tyranitar|Tyranitar, L50, M|100/100\n|-weather|Sandstorm|[from] ability: Sand Stream|[of] p2b: Tyranitar\n|move|p1a: Archaludon|Draco Meteor|p2a: Sinistcha\n|-damage|p2a: Sinistcha|31/100\n|-unboost|p1a: Archaludon|spa|2\n|move|p2a: Sinistcha|Matcha Gotcha|p1a: Archaludon|[spread] p1a,p1b\n|-resisted|p1a: Archaludon|2\n|-damage|p1a: Archaludon|93/100\n|-heal|p2a: Sinistcha|34/100|[from] drain|[of] p1a: Archaludon\n|-damage|p1b: Pelipper|64/100\n|-heal|p2a: Sinistcha|52/100|[from] drain|[of] p1b: Pelipper\n|-ability|p1a: Archaludon|Stamina|boost\n|-boost|p1a: Archaludon|def|1\n|move|p1b: Pelipper|Hurricane|p2b: Tyranitar|[miss]\n|-miss|p1b: Pelipper|p2b: Tyranitar\n|\n|-weather|Sandstorm|[upkeep]\n|-damage|p2a: Sinistcha|45/100|[from] Sandstorm\n|-damage|p1b: Pelipper|58/100|[from] Sandstorm\n|-heal|p1a: Archaludon|99/100|[from] item: Leftovers\n|upkeep\n|turn|3\n|inactive|Dasleep has 30 seconds left.\n|inactive|QWEASDD has 30 seconds left.\n|inactive|QWEASDD has 20 seconds left.\n|\n|t:|1776172290\n|switch|p1b: Ampharos|Ampharos-Mega, L50, M|100/100\n|-ability|p1b: Ampharos|Mold Breaker\n|move|p1a: Archaludon|Protect|p1a: Archaludon\n|-singleturn|p1a: Archaludon|Protect\n|move|p2a: Sinistcha|Matcha Gotcha|p1a: Archaludon|[spread] \n|-activate|p1a: Archaludon|move: Protect\n|-miss|p2a: Sinistcha|p1b: Ampharos\n|move|p2b: Tyranitar|Knock Off|p1a: Archaludon\n|-activate|p1a: Archaludon|move: Protect\n|\n|-weather|Sandstorm|[upkeep]\n|-damage|p2a: Sinistcha|39/100|[from] Sandstorm\n|-damage|p1b: Ampharos|95/100|[from] Sandstorm\n|-heal|p1a: Archaludon|100/100|[from] item: Leftovers\n|upkeep\n|turn|4\n|inactive|Dasleep has 30 seconds left.\n|\n|t:|1776172317\n|switch|p1a: Pelipper|Pelipper, L50, M|58/100\n|-weather|RainDance|[from] ability: Drizzle|[of] p1a: Pelipper\n|move|p2a: Sinistcha|Matcha Gotcha|p1b: Ampharos|[spread] p1a,p1b\n|-resisted|p1b: Ampharos|1\n|-damage|p1a: Pelipper|22/100\n|-heal|p2a: Sinistcha|56/100|[from] drain|[of] p1a: Pelipper\n|-damage|p1b: Ampharos|86/100\n|-heal|p2a: Sinistcha|61/100|[from] drain|[of] p1b: Ampharos\n|-enditem|p1a: Pelipper|Sitrus Berry|[eat]\n|-heal|p1a: Pelipper|47/100|[from] item: Sitrus Berry\n|move|p2b: Tyranitar|Knock Off|p1a: Pelipper\n|-damage|p1a: Pelipper|18/100\n|move|p1b: Ampharos|Thunder|p2a: Sinistcha\n|-resisted|p2a: Sinistcha|1\n|-damage|p2a: Sinistcha|28/100\n|\n|-weather|RainDance|[upkeep]\n|upkeep\n|turn|5\n|inactive|Dasleep has 30 seconds left.\n|inactive|Dasleep has 20 seconds left.\n|inactive|Dasleep has 15 seconds left.\n|\n|t:|1776172358\n|move|p1a: Pelipper|Protect|p1a: Pelipper\n|-singleturn|p1a: Pelipper|Protect\n|move|p2a: Sinistcha|Matcha Gotcha|p1b: Ampharos|[spread] \n|-activate|p1a: Pelipper|move: Protect\n|-miss|p2a: Sinistcha|p1b: Ampharos\n|move|p2b: Tyranitar|Stone Edge|p1b: Ampharos\n|-damage|p1b: Ampharos|29/100\n|move|p1b: Ampharos|Thunder|p2a: Sinistcha\n|-resisted|p2a: Sinistcha|1\n|-damage|p2a: Sinistcha|0 fnt\n|faint|p2a: Sinistcha\n|\n|-weather|RainDance|[upkeep]\n|upkeep\n|\n|t:|1776172372\n|switch|p2a: Beedrill|Beedrill-Mega, L50, M|100/100\n|turn|6\n|\n|t:|1776172389\n|move|p1b: Ampharos|Protect|p1b: Ampharos\n|-singleturn|p1b: Ampharos|Protect\n|move|p2a: Beedrill|U-turn|p1a: Pelipper\n|-resisted|p1a: Pelipper|1\n|-damage|p1a: Pelipper|0 fnt\n|faint|p1a: Pelipper\n|\n|t:|1776172394\n|switch|p2a: Sneasler|Sneasler, L50, F|39/100|[from] U-turn\n|move|p2b: Tyranitar|Stone Edge|p1b: Ampharos\n|-activate|p1b: Ampharos|move: Protect\n|\n|-weather|RainDance|[upkeep]\n|upkeep\n|-message|Dasleep forfeited.\n|\n|win|QWEASDD\n|raw|Dasleep's rating: 1000 &rarr; <strong>1000</strong><br />(+0 for losing)\n|raw|QWEASDD's rating: 1035 &rarr; <strong>1066</strong><br />(+31 for winning)\n|l|\u2606Dasleep\n|player|p1|\n",
  "uploadtime": 1776172406,
  "views": 16,
  "formatid": "gen9championsvgc2026regma",
  "rating": 1000,
  "private": 0,
  "password": null
}