{
  "id": "gen9championsvgc2026regma-2581602214",
  "format": "[Gen 9 Champions] VGC 2026 Reg M-A",
  "players": [
    "pokemon_oofer",
    "Croagunkestaguapo"
  ],
  "log": "|j|\u2606pokemon_oofer\n|j|\u2606Croagunkestaguapo\n|t:|1776014302\n|gametype|doubles\n|player|p1|pokemon_oofer|miku-ground|1167\n|player|p2|Croagunkestaguapo|pokemaniac|1135\n|gen|9\n|tier|[Gen 9 Champions] VGC 2026 Reg M-A\n|rated|\n|rule|Species Clause: Limit one of each Pok\u00e9mon\n|rule|Item Clause: Limit 1 of each item\n|clearpoke\n|poke|p1|Archaludon, L50, F|\n|poke|p1|Sinistcha, L50|\n|poke|p1|Basculegion, L50, M|\n|poke|p1|Meganium, L50, M|\n|poke|p1|Politoed, L50, F|\n|poke|p1|Dragonite, L50, M|\n|poke|p2|Blastoise, L50, F|\n|poke|p2|Pelipper, L50, M|\n|poke|p2|Sinistcha, L50|\n|poke|p2|Sneasler, L50, M|\n|poke|p2|Garchomp, L50, F|\n|poke|p2|Kingambit, L50, M|\n|teampreview|4\n|\n|t:|1776014353\n|teamsize|p1|4\n|teamsize|p2|4\n|start\n|switch|p1a: Men|Basculegion, L50, M|100/100\n|switch|p1b: Toes|Politoed, L50, F|100/100\n|switch|p2a: Blastoise|Blastoise, L50, F|100/100\n|switch|p2b: Pelipper|Pelipper, L50, M|100/100\n|-weather|RainDance|[from] ability: Drizzle|[of] p2b: Pelipper\n|turn|1\n|\n|t:|1776014399\n|detailschange|p2a: Blastoise|Blastoise-Mega, L50, F\n|-mega|p2a: Blastoise|Blastoise|Blastoisinite\n|move|p1a: Men|Flip Turn|p2b: Pelipper\n|-resisted|p2b: Pelipper|1\n|-damage|p2b: Pelipper|75/100\n|\n|t:|1776014406\n|switch|p1a: Ivan's Tazer|Archaludon, L50, F|100/100|[from] Flip Turn\n|move|p2b: Pelipper|U-turn|p1a: Ivan's Tazer\n|-resisted|p1a: Ivan's Tazer|1\n|-damage|p1a: Ivan's Tazer|97/100\n|-ability|p1a: Ivan's Tazer|Stamina|boost\n|-boost|p1a: Ivan's Tazer|def|1\n|\n|t:|1776014413\n|switch|p2b: Sinistcha|Sinistcha, L50|100/100|[from] U-turn\n|move|p2a: Blastoise|Water Spout|p1b: Toes|[spread] p1a,p1b\n|-resisted|p1a: Ivan's Tazer|1\n|-resisted|p1b: Toes|1\n|-damage|p1a: Ivan's Tazer|40/100\n|-damage|p1b: Toes|70/100\n|-ability|p1a: Ivan's Tazer|Stamina|boost\n|-boost|p1a: Ivan's Tazer|def|1\n|move|p1b: Toes|Icy Wind|p2a: Blastoise|[spread] p2a,p2b\n|-resisted|p2a: Blastoise|1\n|-supereffective|p2b: Sinistcha|1\n|-damage|p2a: Blastoise|96/100\n|-damage|p2b: Sinistcha|69/100\n|-unboost|p2a: Blastoise|spe|1\n|-unboost|p2b: Sinistcha|spe|1\n|\n|-weather|RainDance|[upkeep]\n|-heal|p1a: Ivan's Tazer|47/100|[from] item: Leftovers\n|upkeep\n|turn|2\n|\n|t:|1776014431\n|move|p2a: Blastoise|Protect|p2a: Blastoise\n|-singleturn|p2a: Blastoise|Protect\n|move|p1a: Ivan's Tazer|Electro Shot||[still]\n|-prepare|p1a: Ivan's Tazer|Electro Shot\n|-boost|p1a: Ivan's Tazer|spa|1\n|-anim|p1a: Ivan's Tazer|Electro Shot|p2a: Blastoise\n|-activate|p2a: Blastoise|move: Protect\n|move|p1b: Toes|Ice Beam|p2b: Sinistcha\n|-supereffective|p2b: Sinistcha|1\n|-damage|p2b: Sinistcha|5/100\n|move|p2b: Sinistcha|Trick Room|p2b: Sinistcha\n|-fieldstart|move: Trick Room|[of] p2b: Sinistcha\n|\n|-weather|RainDance|[upkeep]\n|-heal|p1a: Ivan's Tazer|53/100|[from] item: Leftovers\n|upkeep\n|turn|3\n|\n|t:|1776014450\n|move|p1b: Toes|Protect|p1b: Toes\n|-singleturn|p1b: Toes|Protect\n|move|p1a: Ivan's Tazer|Protect|p1a: Ivan's Tazer\n|-singleturn|p1a: Ivan's Tazer|Protect\n|move|p2b: Sinistcha|Rage Powder|p2b: Sinistcha\n|-singleturn|p2b: Sinistcha|move: Rage Powder\n|move|p2a: Blastoise|Water Spout|p1b: Toes|[spread] \n|-activate|p1a: Ivan's Tazer|move: Protect\n|-activate|p1b: Toes|move: Protect\n|\n|-weather|RainDance|[upkeep]\n|-heal|p1a: Ivan's Tazer|59/100|[from] item: Leftovers\n|upkeep\n|turn|4\n|\n|t:|1776014478\n|switch|p2b: Pelipper|Pelipper, L50, M|75/100\n|move|p2a: Blastoise|Protect|p2a: Blastoise\n|-singleturn|p2a: Blastoise|Protect\n|move|p1b: Toes|Ice Beam|p2b: Pelipper\n|-damage|p2b: Pelipper|41/100\n|move|p1a: Ivan's Tazer|Electro Shot||[still]\n|-prepare|p1a: Ivan's Tazer|Electro Shot\n|-boost|p1a: Ivan's Tazer|spa|1\n|-anim|p1a: Ivan's Tazer|Electro Shot|p2a: Blastoise\n|-activate|p2a: Blastoise|move: Protect\n|\n|-weather|RainDance|[upkeep]\n|-heal|p1a: Ivan's Tazer|65/100|[from] item: Leftovers\n|upkeep\n|turn|5\n|\n|t:|1776014501\n|switch|p1b: Men|Basculegion, L50, M|100/100\n|move|p2a: Blastoise|Water Spout|p1a: Ivan's Tazer|[spread] p1a,p1b\n|-resisted|p1a: Ivan's Tazer|1\n|-resisted|p1b: Men|1\n|-damage|p1a: Ivan's Tazer|3/100\n|-damage|p1b: Men|66/100\n|-ability|p1a: Ivan's Tazer|Stamina|boost\n|-boost|p1a: Ivan's Tazer|def|1\n|move|p2b: Pelipper|Tailwind|p2b: Pelipper\n|-sidestart|p2: Croagunkestaguapo|move: Tailwind\n|move|p1a: Ivan's Tazer|Electro Shot||[still]\n|-prepare|p1a: Ivan's Tazer|Electro Shot\n|-boost|p1a: Ivan's Tazer|spa|1\n|-anim|p1a: Ivan's Tazer|Electro Shot|p2a: Blastoise\n|-supereffective|p2a: Blastoise|1\n|-damage|p2a: Blastoise|0 fnt\n|faint|p2a: Blastoise\n|\n|-weather|none\n|-heal|p1a: Ivan's Tazer|9/100|[from] item: Leftovers\n|upkeep\n|\n|t:|1776014520\n|switch|p2a: Sinistcha|Sinistcha, L50|5/100\n|-heal|p2b: Pelipper|65/100|[from] ability: Hospitality|[of] p2a: Sinistcha\n|turn|6\n|\n|t:|1776014536\n|switch|p2b: Garchomp|Garchomp, L50, F|100/100\n|move|p1b: Men|Flip Turn|p2a: Sinistcha\n|-resisted|p2a: Sinistcha|1\n|-damage|p2a: Sinistcha|0 fnt\n|faint|p2a: Sinistcha\n|\n|t:|1776014541\n|switch|p1b: Toes|Politoed, L50, F|70/100|[from] Flip Turn\n|-weather|RainDance|[from] ability: Drizzle|[of] p1b: Toes\n|move|p1a: Ivan's Tazer|Electro Shot||[still]\n|-prepare|p1a: Ivan's Tazer|Electro Shot\n|-boost|p1a: Ivan's Tazer|spa|1\n|-anim|p1a: Ivan's Tazer|Electro Shot|p2b: Garchomp\n|-immune|p2b: Garchomp\n|\n|-weather|RainDance|[upkeep]\n|-heal|p1a: Ivan's Tazer|15/100|[from] item: Leftovers\n|-fieldend|move: Trick Room\n|upkeep\n|\n|t:|1776014552\n|switch|p2a: Pelipper|Pelipper, L50, M|65/100\n|turn|7\n|\n|t:|1776014570\n|move|p1a: Ivan's Tazer|Protect|p1a: Ivan's Tazer\n|-singleturn|p1a: Ivan's Tazer|Protect\n|move|p2b: Garchomp|Earthquake|p1b: Toes|[spread] p1b\n|-activate|p1a: Ivan's Tazer|move: Protect\n|-immune|p2a: Pelipper\n|-damage|p1b: Toes|26/100\n|-enditem|p1b: Toes|Sitrus Berry|[eat]\n|-heal|p1b: Toes|51/100|[from] item: Sitrus Berry\n|move|p2a: Pelipper|Hurricane|p1b: Toes\n|-damage|p1b: Toes|16/100\n|move|p1b: Toes|Icy Wind|p2a: Pelipper|[spread] p2a,p2b\n|-supereffective|p2b: Garchomp|2\n|-crit|p2b: Garchomp\n|-damage|p2a: Pelipper|49/100\n|-damage|p2b: Garchomp|24/100\n|-unboost|p2a: Pelipper|spe|1\n|-unboost|p2b: Garchomp|spe|1\n|\n|-weather|RainDance|[upkeep]\n|-heal|p1a: Ivan's Tazer|21/100|[from] item: Leftovers\n|upkeep\n|turn|8\n|\n|t:|1776014594\n|move|p1b: Toes|Protect|p1b: Toes\n|-singleturn|p1b: Toes|Protect\n|move|p2b: Garchomp|Earthquake|p1a: Ivan's Tazer|[spread] p1a\n|-activate|p1b: Toes|move: Protect\n|-immune|p2a: Pelipper\n|-supereffective|p1a: Ivan's Tazer|1\n|-damage|p1a: Ivan's Tazer|2/100\n|-ability|p1a: Ivan's Tazer|Stamina|boost\n|-boost|p1a: Ivan's Tazer|def|1\n|move|p2a: Pelipper|Hurricane|p1a: Ivan's Tazer\n|-resisted|p1a: Ivan's Tazer|1\n|-damage|p1a: Ivan's Tazer|0 fnt\n|faint|p1a: Ivan's Tazer\n|\n|-weather|RainDance|[upkeep]\n|-sideend|p2: Croagunkestaguapo|move: Tailwind\n|upkeep\n|\n|t:|1776014611\n|switch|p1a: Men|Basculegion, L50, M|66/100\n|turn|9\n|\n|t:|1776014620\n|move|p2b: Garchomp|Protect|p2b: Garchomp\n|-singleturn|p2b: Garchomp|Protect\n|move|p1a: Men|Last Respects|p2b: Garchomp\n|-activate|p2b: Garchomp|move: Protect\n|move|p2a: Pelipper|Hurricane|p1a: Men\n|-damage|p1a: Men|19/100\n|move|p1b: Toes|Icy Wind|p2a: Pelipper|[spread] p2a\n|-activate|p2b: Garchomp|move: Protect\n|-damage|p2a: Pelipper|33/100\n|-unboost|p2a: Pelipper|spe|1\n|\n|-weather|RainDance|[upkeep]\n|upkeep\n|turn|10\n|\n|t:|1776014656\n|switch|p1b: Mr Rain|Dragonite, L50, M|100/100\n|move|p2b: Garchomp|Protect|p2b: Garchomp\n|-singleturn|p2b: Garchomp|Protect\n|move|p1a: Men|Last Respects|p2b: Garchomp\n|-activate|p2b: Garchomp|move: Protect\n|move|p2a: Pelipper|Hurricane|p1a: Men\n|-damage|p1a: Men|0 fnt\n|faint|p1a: Men\n|\n|-weather|none\n|upkeep\n|\n|t:|1776014665\n|switch|p1a: Toes|Politoed, L50, F|16/100\n|-weather|RainDance|[from] ability: Drizzle|[of] p1a: Toes\n|turn|11\n|c|\u2606pokemon_oofer|gg\n|\n|t:|1776014678\n|detailschange|p1b: Mr Rain|Dragonite-Mega, L50, M\n|-mega|p1b: Mr Rain|Dragonite|Dragoninite\n|move|p1b: Mr Rain|Hurricane|p2b: Garchomp\n|-damage|p2b: Garchomp|0 fnt\n|faint|p2b: Garchomp\n|move|p1a: Toes|Weather Ball|p2a: Pelipper\n|-resisted|p2a: Pelipper|1\n|-crit|p2a: Pelipper\n|-damage|p2a: Pelipper|0 fnt\n|faint|p2a: Pelipper\n|\n|win|pokemon_oofer\n|raw|pokemon_oofer's rating: 1167 &rarr; <strong>1190</strong><br />(+23 for winning)\n|raw|Croagunkestaguapo's rating: 1135 &rarr; <strong>1112</strong><br />(-23 for losing)\n|c|\u2606Croagunkestaguapo|GG\n|l|\u2606Croagunkestaguapo\n|player|p2|\n",
  "uploadtime": 1776014703,
  "views": 14,
  "formatid": "gen9championsvgc2026regma",
  "rating": 1112,
  "private": 0,
  "password": null
}