{
  "id": "gen9championsvgc2026regma-2584724732",
  "format": "[Gen 9 Champions] VGC 2026 Reg M-A",
  "players": [
    "chillinark921",
    "thedatguy"
  ],
  "log": "|j|\u2606chillinark921\n|j|\u2606thedatguy\n|t:|1776279247\n|gametype|doubles\n|player|p1|chillinark921|102|1000\n|player|p2|thedatguy|265|1000\n|gen|9\n|tier|[Gen 9 Champions] VGC 2026 Reg M-A\n|rated|\n|rule|Species Clause: Limit one of each Pok\u00e9mon\n|rule|Item Clause: Limit 1 of each item\n|clearpoke\n|poke|p1|Floette-Eternal, L50, F|\n|poke|p1|Incineroar, L50, F|\n|poke|p1|Garchomp, L50, M|\n|poke|p1|Sinistcha, L50|\n|poke|p1|Aerodactyl, L50, F|\n|poke|p1|Kingambit, L50, F|\n|poke|p2|Lycanroc-Dusk, L50, M|\n|poke|p2|Mamoswine, L50, F|\n|poke|p2|Lopunny, L50, M|\n|poke|p2|Zoroark-Hisui, L50, M|\n|poke|p2|Heliolisk, L50, M|\n|poke|p2|Hawlucha, L50, M|\n|teampreview|4\nchillinark921 rejected open team sheets.\n|\n|t:|1776279283\n|teamsize|p1|4\n|teamsize|p2|4\n|start\n|switch|p1a: juicy in his prime|Aerodactyl, L50, F|100/100\n|switch|p1b: worst shiny oat?|Garchomp, L50, M, shiny|100/100\n|switch|p2a: Mamoswine|Mamoswine, L50, F|100/100\n|switch|p2b: Hawlucha|Hawlucha, L50, M|100/100\n|-ability|p1a: juicy in his prime|Unnerve\n|-ability|p2b: Hawlucha|Mold Breaker\n|turn|1\n|\n|t:|1776279302\n|switch|p2b: Lycanroc|Lycanroc-Dusk, L50, M|100/100\n|switch|p1b: quick reload!|Sinistcha, L50|100/100\n|move|p2a: Mamoswine|Ice Shard|p1b: quick reload!\n|-supereffective|p1b: quick reload!|1\n|-damage|p1b: quick reload!|60/100\n|move|p1a: juicy in his prime|Taunt|p2b: Lycanroc\n|-start|p2b: Lycanroc|move: Taunt\n|\n|upkeep\n|turn|2\n|\n|t:|1776279333\n|switch|p2b: Lopunny|Lopunny, L50, M|100/100\n|move|p1a: juicy in his prime|Tailwind|p1a: juicy in his prime\n|-sidestart|p1: chillinark921|move: Tailwind\n|move|p1b: quick reload!|Matcha Gotcha|p2a: Mamoswine|[spread] p2a,p2b\n|-supereffective|p2a: Mamoswine|1\n|-damage|p2a: Mamoswine|37/100\n|-heal|p1b: quick reload!|96/100|[from] drain|[of] p2a: Mamoswine\n|-damage|p2b: Lopunny|70/100\n|-heal|p1b: quick reload!|100/100|[from] drain|[of] p2b: Lopunny\n|move|p2a: Mamoswine|Avalanche|p1b: quick reload!\n|-supereffective|p1b: quick reload!|1\n|-damage|p1b: quick reload!|0 fnt\n|faint|p1b: quick reload!\n|\n|upkeep\n|\n|t:|1776279347\n|switch|p1b: worst shiny oat?|Garchomp, L50, M, shiny|100/100\n|turn|3\n|l|\u2606chillinark921\n|player|p1|\n|\n|t:|1776279380\n|detailschange|p2b: Lopunny|Lopunny-Mega, L50, M\n|-mega|p2b: Lopunny|Lopunny|Lopunnite\n|move|p1b: worst shiny oat?|Protect|p1b: worst shiny oat?\n|-singleturn|p1b: worst shiny oat?|Protect\n|move|p2b: Lopunny|Protect|p2b: Lopunny\n|-singleturn|p2b: Lopunny|Protect\n|move|p2a: Mamoswine|Ice Shard|p1b: worst shiny oat?\n|-activate|p1b: worst shiny oat?|move: Protect\n|move|p1a: juicy in his prime|Rock Slide|p2b: Lopunny|[spread] p2a\n|-activate|p2b: Lopunny|move: Protect\n|-damage|p2a: Mamoswine|10/100\n|\n|upkeep\n|turn|4\n|j|\u2606chillinark921\n|player|p1|chillinark921|102|\n|\n|t:|1776279422\n|switch|p1b: the gunner|Floette-Eternal, L50, F|100/100\n|move|p2a: Mamoswine|Ice Shard|p1b: the gunner\n|-damage|p1b: the gunner|61/100\n|move|p1a: juicy in his prime|Rock Slide|p2b: Lopunny|[spread] p2a,p2b\n|-resisted|p2b: Lopunny|1\n|-damage|p2a: Mamoswine|0 fnt\n|-damage|p2b: Lopunny|54/100\n|faint|p2a: Mamoswine\n|cant|p2b: Lopunny|flinch\n|\n|upkeep\n|\n|t:|1776279437\n|switch|p2a: Lycanroc|Lycanroc-Dusk, L50, M|100/100\n|turn|5\n|\n|t:|1776279450\n|detailschange|p1b: the gunner|Floette-Mega, L50, F\n|-mega|p1b: the gunner|Floette|Floettite\n|-ability|p1b: the gunner|Fairy Aura\n|move|p1a: juicy in his prime|Wide Guard|p1a: juicy in his prime\n|-singleturn|p1a: juicy in his prime|Wide Guard\n|move|p2a: Lycanroc|Accelerock|p1b: the gunner\n|-damage|p1b: the gunner|23/100\n|move|p1b: the gunner|Moonblast|p2a: Lycanroc\n|-damage|p2a: Lycanroc|0 fnt\n|faint|p2a: Lycanroc\n|move|p2b: Lopunny|Ice Punch|p1a: juicy in his prime\n|-supereffective|p1a: juicy in his prime|1\n|-damage|p1a: juicy in his prime|12/100\n|\n|-sideend|p1: chillinark921|move: Tailwind\n|upkeep\n|\n|t:|1776279466\n|switch|p2a: Hawlucha|Hawlucha, L50, M|100/100\n|-ability|p2a: Hawlucha|Mold Breaker\n|turn|6\n|\n|t:|1776279491\n|move|p1b: the gunner|Protect|p1b: the gunner\n|-singleturn|p1b: the gunner|Protect\n|move|p2b: Lopunny|Ice Punch|p1b: the gunner\n|-activate|p1b: the gunner|move: Protect\n|move|p1a: juicy in his prime|Tailwind|p1a: juicy in his prime\n|-sidestart|p1: chillinark921|move: Tailwind\n|move|p2a: Hawlucha|Throat Chop|p1a: juicy in his prime\n|-damage|p1a: juicy in his prime|0 fnt\n|faint|p1a: juicy in his prime\n|\n|upkeep\n|\n|t:|1776279500\n|switch|p1a: worst shiny oat?|Garchomp, L50, M, shiny|100/100\n|turn|7\n|\n|t:|1776279519\n|move|p1a: worst shiny oat?|Dragon Claw|p2b: Lopunny\n|-damage|p2b: Lopunny|3/100\n|move|p1b: the gunner|Draining Kiss|p2a: Hawlucha\n|-supereffective|p2a: Hawlucha|1\n|-damage|p2a: Hawlucha|0 fnt\n|-heal|p1b: the gunner|96/100|[from] drain|[of] p2a: Hawlucha\n|faint|p2a: Hawlucha\n|move|p2b: Lopunny|Ice Punch|p1a: worst shiny oat?\n|-supereffective|p1a: worst shiny oat?|2\n|-damage|p1a: worst shiny oat?|5/100\n|-damage|p2b: Lopunny|0 fnt|[from] ability: Rough Skin|[of] p1a: worst shiny oat?\n|faint|p2b: Lopunny\n|\n|win|chillinark921\n|raw|chillinark921's rating: 1000 &rarr; <strong>1040</strong><br />(+40 for winning)\n|raw|thedatguy's rating: 1000 &rarr; <strong>1000</strong><br />(+0 for losing)\n|l|\u2606thedatguy\n|player|p2|\n",
  "uploadtime": 1776279538,
  "views": 24,
  "formatid": "gen9championsvgc2026regma",
  "rating": 1000,
  "private": 0,
  "password": null
}