{
  "id": "gen9championsvgc2026regma-2587059845",
  "format": "[Gen 9 Champions] VGC 2026 Reg M-A",
  "players": [
    "mrbluejello",
    "pbsdotorg"
  ],
  "log": "|j|\u2606mrbluejello\n|j|\u2606pbsdotorg\n|t:|1776488067\n|gametype|doubles\n|player|p1|mrbluejello|265|1068\n|player|p2|pbsdotorg|cynthia|1120\n|gen|9\n|tier|[Gen 9 Champions] VGC 2026 Reg M-A\n|rated|\n|rule|Species Clause: Limit one of each Pok\u00e9mon\n|rule|Item Clause: Limit 1 of each item\n|clearpoke\n|poke|p1|Tyranitar, L50, M|\n|poke|p1|Excadrill, L50, F|\n|poke|p1|Garchomp, L50, F|\n|poke|p1|Aerodactyl, L50, M|\n|poke|p1|Gardevoir, L50, M|\n|poke|p1|Incineroar, L50, F|\n|poke|p2|Scovillain, L50, M|\n|poke|p2|Milotic, L50, F|\n|poke|p2|Sableye, L50, M|\n|poke|p2|Incineroar, L50, F|\n|poke|p2|Farigiraf, L50, F|\n|poke|p2|Tinkaton, L50, F|\n|teampreview|4\n|inactive|Battle timer is ON: inactive players will automatically lose when time's up. (requested by pbsdotorg)\n|inactive|mrbluejello has 60 seconds left.\n|\n|t:|1776488106\n|teamsize|p1|4\n|teamsize|p2|4\n|start\n|switch|p1a: Aerodactyl|Aerodactyl, L50, M|100/100\n|switch|p1b: Gardevoir|Gardevoir, L50, M|100/100\n|switch|p2a: Scovillain|Scovillain, L50, M|100/100\n|switch|p2b: Incineroar|Incineroar, L50, F|100/100\n|-ability|p1a: Aerodactyl|Unnerve\n|-ability|p2b: Incineroar|Intimidate|boost\n|-unboost|p1a: Aerodactyl|atk|1\n|-unboost|p1b: Gardevoir|atk|1\n|turn|1\n|inactive|pbsdotorg has 30 seconds left.\n|inactive|mrbluejello has 30 seconds left.\n|\n|t:|1776488139\n|switch|p1b: Tyranitar|Tyranitar, L50, M|100/100\n|-weather|Sandstorm|[from] ability: Sand Stream|[of] p1b: Tyranitar\n|detailschange|p2a: Scovillain|Scovillain-Mega, L50, M\n|-mega|p2a: Scovillain|Scovillain|Scovillainite\n|move|p2b: Incineroar|Fake Out|p1b: Tyranitar\n|-resisted|p1b: Tyranitar|1\n|-damage|p1b: Tyranitar|97/100\n|move|p1a: Aerodactyl|Tailwind|p1a: Aerodactyl\n|-sidestart|p1: mrbluejello|move: Tailwind\n|move|p2a: Scovillain|Leech Seed|p1a: Aerodactyl\n|-start|p1a: Aerodactyl|move: Leech Seed\n|\n|-weather|Sandstorm|[upkeep]\n|-damage|p2a: Scovillain|95/100|[from] Sandstorm\n|-damage|p2b: Incineroar|94/100|[from] Sandstorm\n|-damage|p1a: Aerodactyl|88/100|[from] Leech Seed|[of] p2a: Scovillain\n|-heal|p2a: Scovillain|100/100|[silent]\n|upkeep\n|turn|2\n|\n|t:|1776488157\n|switch|p1a: Garchomp|Garchomp, L50, F|100/100\n|switch|p2b: Tinkaton|Tinkaton, L50, F|100/100\n|move|p2a: Scovillain|Protect|p2a: Scovillain\n|-singleturn|p2a: Scovillain|Protect\n|move|p1b: Tyranitar|Rock Slide|p2b: Tinkaton|[spread] p2b\n|-activate|p2a: Scovillain|move: Protect\n|-resisted|p2b: Tinkaton|1\n|-damage|p2b: Tinkaton|89/100\n|\n|-weather|Sandstorm|[upkeep]\n|-damage|p2a: Scovillain|95/100|[from] Sandstorm\n|upkeep\n|turn|3\n|\n|t:|1776488178\n|switch|p1b: Aerodactyl|Aerodactyl, L50, M|88/100\n|-ability|p1b: Aerodactyl|Unnerve\n|move|p2b: Tinkaton|Fake Out|p1a: Garchomp\n|-damage|p1a: Garchomp|93/100\n|cant|p1a: Garchomp|flinch\n|move|p2a: Scovillain|Leech Seed|p1b: Aerodactyl\n|-start|p1b: Aerodactyl|move: Leech Seed\n|\n|-weather|Sandstorm|[upkeep]\n|-damage|p2a: Scovillain|89/100|[from] Sandstorm\n|-damage|p1b: Aerodactyl|76/100|[from] Leech Seed|[of] p2a: Scovillain\n|-heal|p2a: Scovillain|99/100|[silent]\n|upkeep\n|turn|4\n|\n|t:|1776488192\n|switch|p2b: Incineroar|Incineroar, L50, F|94/100\n|-ability|p2b: Incineroar|Intimidate|boost\n|-unboost|p1a: Garchomp|atk|1\n|-unboost|p1b: Aerodactyl|atk|1\n|move|p1a: Garchomp|Earthquake|p2b: Incineroar|[spread] p2a,p2b\n|-immune|p1b: Aerodactyl\n|-supereffective|p2b: Incineroar|1\n|-damage|p2a: Scovillain|78/100\n|-damage|p2b: Incineroar|48/100\n|-status|p1a: Garchomp|brn|[from] ability: Spicy Spray|[of] p2a: Scovillain\n|move|p1b: Aerodactyl|Rock Slide|p2b: Incineroar|[spread] p2a,p2b\n|-supereffective|p2a: Scovillain|1\n|-supereffective|p2b: Incineroar|1\n|-damage|p2a: Scovillain|50/100\n|-damage|p2b: Incineroar|17/100\n|-status|p1b: Aerodactyl|brn|[from] ability: Spicy Spray|[of] p2a: Scovillain\n|-enditem|p1b: Aerodactyl|Lum Berry|[eat]\n|-curestatus|p1b: Aerodactyl|brn|[msg]\n|move|p2a: Scovillain|Leech Seed|p1a: Garchomp\n|-start|p1a: Garchomp|move: Leech Seed\n|\n|-weather|Sandstorm|[upkeep]\n|-damage|p2a: Scovillain|45/100|[from] Sandstorm\n|-damage|p2b: Incineroar|11/100|[from] Sandstorm\n|-damage|p1a: Garchomp|80/100 brn|[from] Leech Seed|[of] p2a: Scovillain\n|-heal|p2a: Scovillain|58/100|[silent]\n|-damage|p1b: Aerodactyl|64/100|[from] Leech Seed|[of] p2a: Scovillain\n|-heal|p2a: Scovillain|69/100|[silent]\n|-damage|p1a: Garchomp|75/100 brn|[from] brn\n|-sideend|p1: mrbluejello|move: Tailwind\n|upkeep\n|turn|5\n|inactive|pbsdotorg has 30 seconds left.\n|\n|t:|1776488226\n|move|p2b: Incineroar|Fake Out|p1b: Aerodactyl\n|-resisted|p1b: Aerodactyl|1\n|-damage|p1b: Aerodactyl|55/100\n|move|p1a: Garchomp|Earthquake|p2a: Scovillain|[spread] p2a,p2b\n|-immune|p1b: Aerodactyl\n|-supereffective|p2b: Incineroar|1\n|-damage|p2a: Scovillain|58/100\n|-damage|p2b: Incineroar|0 fnt\n|faint|p2b: Incineroar\n|cant|p1b: Aerodactyl|flinch\n|move|p2a: Scovillain|Leech Seed||[still]\n|-fail|p2a: Scovillain\n|\n|-weather|none\n|-damage|p1a: Garchomp|62/100 brn|[from] Leech Seed|[of] p2a: Scovillain\n|-heal|p2a: Scovillain|71/100|[silent]\n|-damage|p1b: Aerodactyl|42/100|[from] Leech Seed|[of] p2a: Scovillain\n|-heal|p2a: Scovillain|82/100|[silent]\n|-damage|p1a: Garchomp|56/100 brn|[from] brn\n|upkeep\n|\n|t:|1776488231\n|switch|p2b: Milotic|Milotic, L50, F|100/100\n|turn|6\n|\n|t:|1776488240\n|switch|p1a: Gardevoir|Gardevoir, L50, M|100/100\n|move|p2a: Scovillain|Protect|p2a: Scovillain\n|-singleturn|p2a: Scovillain|Protect\n|move|p1b: Aerodactyl|Rock Slide|p2b: Milotic|[spread] p2b\n|-activate|p2a: Scovillain|move: Protect\n|-damage|p2b: Milotic|83/100\n|move|p2b: Milotic|Muddy Water|p1a: Gardevoir|[spread] \n|-miss|p2b: Milotic|p1a: Gardevoir\n|-miss|p2b: Milotic|p1b: Aerodactyl\n|\n|-heal|p2b: Milotic|89/100|[from] item: Leftovers\n|-damage|p1b: Aerodactyl|30/100|[from] Leech Seed|[of] p2a: Scovillain\n|-heal|p2a: Scovillain|94/100|[silent]\n|upkeep\n|turn|7\n|\n|t:|1776488260\n|switch|p1b: Garchomp|Garchomp, L50, F|56/100 brn\n|switch|p2a: Tinkaton|Tinkaton, L50, F|89/100\n|detailschange|p1a: Gardevoir|Gardevoir-Mega, L50, M\n|-mega|p1a: Gardevoir|Gardevoir|Gardevoirite\n|move|p1a: Gardevoir|Psychic|p2a: Tinkaton\n|-resisted|p2a: Tinkaton|1\n|-damage|p2a: Tinkaton|65/100\n|move|p2b: Milotic|Muddy Water|p1a: Gardevoir|[spread] p1a,p1b\n|-damage|p1a: Gardevoir|70/100\n|-damage|p1b: Garchomp|20/100 brn\n|\n|-heal|p2b: Milotic|95/100|[from] item: Leftovers\n|-damage|p1b: Garchomp|14/100 brn|[from] brn\n|upkeep\n|turn|8\n|inactive|mrbluejello has 30 seconds left.\n|inactive|pbsdotorg has 30 seconds left.\n|inactive|mrbluejello has 20 seconds left.\n|inactive|mrbluejello has 15 seconds left.\n|\n|t:|1776488301\n|move|p1b: Garchomp|Stomping Tantrum|p2a: Tinkaton\n|-supereffective|p2a: Tinkaton|1\n|-enditem|p2a: Tinkaton|Shuca Berry|[eat]\n|-enditem|p2a: Tinkaton|Shuca Berry|[weaken]\n|-damage|p2a: Tinkaton|48/100\n|move|p1a: Gardevoir|Hyper Voice|p2a: Tinkaton|[spread] p2a,p2b\n|-resisted|p2a: Tinkaton|1\n|-damage|p2a: Tinkaton|25/100\n|-damage|p2b: Milotic|54/100\n|move|p2a: Tinkaton|Play Rough|p1b: Garchomp\n|-supereffective|p1b: Garchomp|1\n|-damage|p1b: Garchomp|0 fnt\n|faint|p1b: Garchomp\n|move|p2b: Milotic|Recover|p2b: Milotic\n|-heal|p2b: Milotic|100/100\n|\n|upkeep\n|\n|t:|1776488314\n|switch|p1b: Aerodactyl|Aerodactyl, L50, M|30/100\n|-ability|p1b: Aerodactyl|Unnerve\n|turn|9\n|\n|t:|1776488326\n|switch|p2a: Scovillain|Scovillain-Mega, L50, M|94/100\n|move|p1b: Aerodactyl|Rock Slide|p2b: Milotic|[spread] \n|-miss|p1b: Aerodactyl|p2a: Scovillain\n|-miss|p1b: Aerodactyl|p2b: Milotic\n|move|p1a: Gardevoir|Moonblast|p2a: Scovillain\n|-resisted|p2a: Scovillain|1\n|-damage|p2a: Scovillain|57/100\n|-status|p1a: Gardevoir|brn|[from] ability: Spicy Spray|[of] p2a: Scovillain\n|move|p2b: Milotic|Muddy Water|p1b: Aerodactyl|[spread] p1a,p1b\n|-supereffective|p1b: Aerodactyl|1\n|-damage|p1a: Gardevoir|40/100 brn\n|-damage|p1b: Aerodactyl|0 fnt\n|faint|p1b: Aerodactyl\n|\n|-damage|p1a: Gardevoir|35/100 brn|[from] brn\n|upkeep\n|\n|t:|1776488330\n|switch|p1b: Tyranitar|Tyranitar, L50, M|97/100\n|-weather|Sandstorm|[from] ability: Sand Stream|[of] p1b: Tyranitar\n|turn|10\n|\n|t:|1776488350\n|move|p1a: Gardevoir|Psychic|p2a: Scovillain\n|-damage|p2a: Scovillain|0 fnt\n|faint|p2a: Scovillain\n|move|p1b: Tyranitar|Rock Slide|p2b: Milotic\n|-damage|p2b: Milotic|55/100\n|cant|p2b: Milotic|flinch\n|\n|-weather|Sandstorm|[upkeep]\n|-damage|p1a: Gardevoir|29/100 brn|[from] Sandstorm\n|-damage|p2b: Milotic|50/100|[from] Sandstorm\n|-heal|p2b: Milotic|55/100|[from] item: Leftovers\n|-damage|p1a: Gardevoir|24/100 brn|[from] brn\n|upkeep\n|\n|t:|1776488356\n|switch|p2a: Tinkaton|Tinkaton, L50, F|25/100\n|turn|11\n|\n|t:|1776488364\n|move|p1a: Gardevoir|Protect|p1a: Gardevoir\n|-singleturn|p1a: Gardevoir|Protect\n|move|p1b: Tyranitar|Protect|p1b: Tyranitar\n|-singleturn|p1b: Tyranitar|Protect\n|move|p2a: Tinkaton|Fake Out|p1b: Tyranitar\n|-activate|p1b: Tyranitar|move: Protect\n|move|p2b: Milotic|Muddy Water|p1a: Gardevoir|[spread] \n|-activate|p1a: Gardevoir|move: Protect\n|-activate|p1b: Tyranitar|move: Protect\n|\n|-weather|Sandstorm|[upkeep]\n|-damage|p1a: Gardevoir|18/100 brn|[from] Sandstorm\n|-damage|p2b: Milotic|50/100|[from] Sandstorm\n|-heal|p2b: Milotic|55/100|[from] item: Leftovers\n|-damage|p1a: Gardevoir|12/100 brn|[from] brn\n|upkeep\n|turn|12\n|\n|t:|1776488388\n|move|p2b: Milotic|Protect|p2b: Milotic\n|-singleturn|p2b: Milotic|Protect\n|move|p1a: Gardevoir|Moonblast|p2a: Tinkaton\n|-resisted|p2a: Tinkaton|1\n|-damage|p2a: Tinkaton|0 fnt\n|faint|p2a: Tinkaton\n|move|p1b: Tyranitar|Rock Slide|p2b: Milotic\n|-activate|p2b: Milotic|move: Protect\n|\n|-weather|Sandstorm|[upkeep]\n|-damage|p1a: Gardevoir|7/100 brn|[from] Sandstorm\n|-damage|p2b: Milotic|50/100|[from] Sandstorm\n|-heal|p2b: Milotic|55/100|[from] item: Leftovers\n|-damage|p1a: Gardevoir|1/100 brn|[from] brn\n|upkeep\n|turn|13\n|\n|t:|1776488400\n|move|p2b: Milotic|Protect||[still]\n|-fail|p2b: Milotic\n|move|p1a: Gardevoir|Hyper Voice|p2b: Milotic\n|-damage|p2b: Milotic|6/100\n|move|p1b: Tyranitar|Knock Off|p2b: Milotic\n|-damage|p2b: Milotic|0 fnt\n|-enditem|p2b: Milotic|Leftovers|[from] move: Knock Off|[of] p1b: Tyranitar\n|faint|p2b: Milotic\n|\n|win|mrbluejello\n|raw|mrbluejello's rating: 1068 &rarr; <strong>1102</strong><br />(+34 for winning)\n|raw|pbsdotorg's rating: 1120 &rarr; <strong>1091</strong><br />(-29 for losing)\n",
  "uploadtime": 1776488425,
  "views": 13,
  "formatid": "gen9championsvgc2026regma",
  "rating": 1091,
  "private": 0,
  "password": null
}