{
  "id": "gen9championsvgc2026regma-2580417826",
  "format": "[Gen 9 Champions] VGC 2026 Reg M-A",
  "players": [
    "Kao Liang",
    "jlkdc"
  ],
  "log": "|j|\u2606Kao Liang\n|j|\u2606jlkdc\n|t:|1775893441\n|gametype|doubles\n|player|p1|Kao Liang|kieran-champion|1012\n|player|p2|jlkdc|1|1114\n|gen|9\n|tier|[Gen 9 Champions] VGC 2026 Reg M-A\n|rated|\n|rule|Species Clause: Limit one of each Pok\u00e9mon\n|rule|Item Clause: Limit 1 of each item\n|clearpoke\n|poke|p1|Gengar, L50, F|\n|poke|p1|Maushold, L50|\n|poke|p1|Incineroar, L50, M|\n|poke|p1|Archaludon, L50, M|\n|poke|p1|Politoed, L50, F|\n|poke|p1|Basculegion, L50, M|\n|poke|p2|Charizard, L50, M|\n|poke|p2|Garchomp, L50, F|\n|poke|p2|Whimsicott, L50, F|\n|poke|p2|Incineroar, L50, M|\n|poke|p2|Rotom-Wash, L50|\n|poke|p2|Gardevoir, L50, F|\n|teampreview|4\n|inactive|Battle timer is ON: inactive players will automatically lose when time's up. (requested by jlkdc)\n|\n|t:|1775893463\n|teamsize|p1|4\n|teamsize|p2|4\n|start\n|switch|p1a: Gengar|Gengar, L50, F|100/100\n|switch|p1b: Incineroar|Incineroar, L50, M|100/100\n|switch|p2a: Charizard|Charizard, L50, M|100/100\n|switch|p2b: Garchomp|Garchomp, L50, F, shiny|100/100\n|-ability|p1b: Incineroar|Intimidate|boost\n|-unboost|p2a: Charizard|atk|1\n|-unboost|p2b: Garchomp|atk|1\n|turn|1\n|inactive|jlkdc has 30 seconds left.\n|\n|t:|1775893490\n|detailschange|p1a: Gengar|Gengar-Mega, L50, F\n|-mega|p1a: Gengar|Gengar|Gengarite\n|detailschange|p2a: Charizard|Charizard-Mega-Y, L50, M\n|-mega|p2a: Charizard|Charizard|Charizardite Y\n|-weather|SunnyDay|[from] ability: Drought|[of] p2a: Charizard\n|move|p1b: Incineroar|Fake Out|p2b: Garchomp\n|-damage|p2b: Garchomp|93/100\n|-damage|p1b: Incineroar|88/100|[from] ability: Rough Skin|[of] p2b: Garchomp\n|cant|p2b: Garchomp|flinch\n|move|p1a: Gengar|Perish Song|p1a: Gengar\n|-start|p1a: Gengar|perish3|[silent]\n|-start|p1b: Incineroar|perish3|[silent]\n|-start|p2a: Charizard|perish3|[silent]\n|-start|p2b: Garchomp|perish3|[silent]\n|-fieldactivate|move: Perish Song\n|move|p2a: Charizard|Weather Ball|p1a: Gengar\n|-damage|p1a: Gengar|9/100\n|\n|-weather|SunnyDay|[upkeep]\n|-start|p2b: Garchomp|perish3\n|-start|p1a: Gengar|perish3\n|-start|p2a: Charizard|perish3\n|-start|p1b: Incineroar|perish3\n|upkeep\n|turn|2\n|inactive|jlkdc has 30 seconds left.\n|\n|t:|1775893519\n|move|p1a: Gengar|Protect|p1a: Gengar\n|-singleturn|p1a: Gengar|Protect\n|move|p1b: Incineroar|Protect|p1b: Incineroar\n|-singleturn|p1b: Incineroar|Protect\n|move|p2b: Garchomp|Stomping Tantrum|p1b: Incineroar\n|-activate|p1b: Incineroar|move: Protect\n|move|p2a: Charizard|Heat Wave|p1a: Gengar|[spread] \n|-activate|p1a: Gengar|move: Protect\n|-activate|p1b: Incineroar|move: Protect\n|\n|-weather|SunnyDay|[upkeep]\n|-start|p2b: Garchomp|perish2\n|-start|p1a: Gengar|perish2\n|-start|p2a: Charizard|perish2\n|-start|p1b: Incineroar|perish2\n|upkeep\n|turn|3\n|\n|t:|1775893538\n|switch|p1a: Politoed|Politoed, L50, F|100/100\n|-weather|RainDance|[from] ability: Drizzle|[of] p1a: Politoed\n|move|p2b: Garchomp|Stomping Tantrum|p1b: Incineroar\n|-supereffective|p1b: Incineroar|1\n|-damage|p1b: Incineroar|46/100\n|-enditem|p1b: Incineroar|Sitrus Berry|[eat]\n|-heal|p1b: Incineroar|70/100|[from] item: Sitrus Berry\n|move|p2a: Charizard|Heat Wave|p1b: Incineroar|[spread] p1a,p1b\n|-resisted|p1a: Politoed|1\n|-resisted|p1b: Incineroar|1\n|-damage|p1a: Politoed|92/100\n|-damage|p1b: Incineroar|63/100\n|move|p1b: Incineroar|Parting Shot|p2a: Charizard\n|-unboost|p2a: Charizard|atk|1\n|-unboost|p2a: Charizard|spa|1\n|\n|t:|1775893552\n|switch|p1b: Gengar|Gengar-Mega, L50, F|9/100|[from] Parting Shot\n|\n|-weather|RainDance|[upkeep]\n|-heal|p1a: Politoed|98/100|[from] item: Leftovers\n|-start|p2b: Garchomp|perish1\n|-start|p2a: Charizard|perish1\n|upkeep\n|turn|4\n|\n|t:|1775893564\n|move|p1b: Gengar|Protect|p1b: Gengar\n|-singleturn|p1b: Gengar|Protect\n|move|p1a: Politoed|Protect|p1a: Politoed\n|-singleturn|p1a: Politoed|Protect\n|move|p2b: Garchomp|Stomping Tantrum|p1a: Politoed\n|-activate|p1a: Politoed|move: Protect\n|move|p2a: Charizard|Heat Wave|p1a: Politoed|[spread] \n|-activate|p1a: Politoed|move: Protect\n|-activate|p1b: Gengar|move: Protect\n|\n|-weather|RainDance|[upkeep]\n|-heal|p1a: Politoed|100/100|[from] item: Leftovers\n|-start|p2b: Garchomp|perish0\n|-start|p2a: Charizard|perish0\n|faint|p2b: Garchomp\n|faint|p2a: Charizard\n|upkeep\n|\n|t:|1775893570\n|switch|p2b: Rotom|Rotom-Wash, L50, shiny|100/100\n|switch|p2a: Whimsicott|Whimsicott, L50, F|100/100\n|turn|5\n|\n|t:|1775893588\n|switch|p1b: Incineroar|Incineroar, L50, M|63/100\n|-ability|p1b: Incineroar|Intimidate|boost\n|-unboost|p2a: Whimsicott|atk|1\n|-unboost|p2b: Rotom|atk|1\n|move|p2a: Whimsicott|Encore|p1b: Incineroar\n|-hint|Since gen 7, Dark is immune to Prankster moves.\n|-immune|p1b: Incineroar\n|move|p2b: Rotom|Thunderbolt|p1a: Politoed\n|-supereffective|p1a: Politoed|1\n|-damage|p1a: Politoed|46/100\n|move|p1a: Politoed|Perish Song|p1a: Politoed\n|-start|p1a: Politoed|perish3|[silent]\n|-start|p1b: Incineroar|perish3|[silent]\n|-start|p2a: Whimsicott|perish3|[silent]\n|-start|p2b: Rotom|perish3|[silent]\n|-fieldactivate|move: Perish Song\n|\n|-weather|RainDance|[upkeep]\n|-heal|p1a: Politoed|52/100|[from] item: Leftovers\n|-start|p2a: Whimsicott|perish3\n|-start|p2b: Rotom|perish3\n|-start|p1a: Politoed|perish3\n|-start|p1b: Incineroar|perish3\n|upkeep\n|turn|6\n|inactive|jlkdc has 30 seconds left.\n|inactive|jlkdc has 20 seconds left.\n|\n|t:|1775893628\n|move|p1a: Politoed|Protect|p1a: Politoed\n|-singleturn|p1a: Politoed|Protect\n|move|p1b: Incineroar|Protect|p1b: Incineroar\n|-singleturn|p1b: Incineroar|Protect\n|move|p2a: Whimsicott|Encore|p1a: Politoed\n|-activate|p1a: Politoed|move: Protect\n|move|p2b: Rotom|Thunderbolt|p1b: Incineroar\n|-activate|p1b: Incineroar|move: Protect\n|\n|-weather|RainDance|[upkeep]\n|-heal|p1a: Politoed|58/100|[from] item: Leftovers\n|-start|p2a: Whimsicott|perish2\n|-start|p2b: Rotom|perish2\n|-start|p1a: Politoed|perish2\n|-start|p1b: Incineroar|perish2\n|upkeep\n|turn|7\n|\n|t:|1775893645\n|switch|p1a: Gengar|Gengar-Mega, L50, F|9/100\n|switch|p1b: Maushold|Maushold, L50|100/100\n|move|p2a: Whimsicott|Moonblast|p1a: Gengar\n|-resisted|p1a: Gengar|1\n|-damage|p1a: Gengar|0 fnt\n|faint|p1a: Gengar\n|move|p2b: Rotom|Hydro Pump|p1b: Maushold\n|-damage|p1b: Maushold|11/100\n|\n|-weather|none\n|-start|p2a: Whimsicott|perish1\n|-start|p2b: Rotom|perish1\n|upkeep\n|\n|t:|1775893659\n|switch|p1a: Politoed|Politoed, L50, F|58/100\n|-weather|RainDance|[from] ability: Drizzle|[of] p1a: Politoed\n|turn|8\n|\n|t:|1775893665\n|move|p1b: Maushold|Protect|p1b: Maushold\n|-singleturn|p1b: Maushold|Protect\n|move|p1a: Politoed|Protect|p1a: Politoed\n|-singleturn|p1a: Politoed|Protect\n|move|p2a: Whimsicott|Moonblast|p1a: Politoed\n|-activate|p1a: Politoed|move: Protect\n|move|p2b: Rotom|Thunderbolt|p1b: Maushold\n|-activate|p1b: Maushold|move: Protect\n|\n|-weather|RainDance|[upkeep]\n|-heal|p1a: Politoed|64/100|[from] item: Leftovers\n|-start|p2a: Whimsicott|perish0\n|-start|p2b: Rotom|perish0\n|faint|p2a: Whimsicott\n|faint|p2b: Rotom\n|\n|win|Kao Liang\n|raw|Kao Liang's rating: 1012 &rarr; <strong>1061</strong><br />(+49 for winning)\n|raw|jlkdc's rating: 1114 &rarr; <strong>1082</strong><br />(-32 for losing)\n",
  "uploadtime": 1775893676,
  "views": 17,
  "formatid": "gen9championsvgc2026regma",
  "rating": 1061,
  "private": 0,
  "password": null
}