{
  "id": "gen9championsvgc2026regma-2585986246",
  "format": "[Gen 9 Champions] VGC 2026 Reg M-A",
  "players": [
    "derpybaits",
    "aojo"
  ],
  "log": "|j|\u2606derpybaits\n|j|\u2606aojo\n|t:|1776387717\n|gametype|doubles\n|player|p1|derpybaits|169|1102\n|player|p2|aojo|psychic|1193\n|gen|9\n|tier|[Gen 9 Champions] VGC 2026 Reg M-A\n|rated|\n|rule|Species Clause: Limit one of each Pok\u00e9mon\n|rule|Item Clause: Limit 1 of each item\n|clearpoke\n|poke|p1|Blastoise, L50, M|\n|poke|p1|Pelipper, L50, F|\n|poke|p1|Sinistcha, L50|\n|poke|p1|Sneasler, L50, F|\n|poke|p1|Garchomp, L50, F|\n|poke|p1|Kingambit, L50, M|\n|poke|p2|Tyranitar, L50, F|\n|poke|p2|Excadrill, L50, M|\n|poke|p2|Gyarados, L50, F|\n|poke|p2|Meganium, L50, F|\n|poke|p2|Rotom-Heat, L50|\n|poke|p2|Garchomp, L50, F|\n|teampreview|4\n|\n|t:|1776387746\n|teamsize|p1|4\n|teamsize|p2|4\n|start\n|switch|p1a: Blastoise|Blastoise, L50, M|100/100\n|switch|p1b: Sinistcha|Sinistcha, L50|100/100\n|switch|p2a: Gyarados|Gyarados, L50, F|100/100\n|switch|p2b: Excadrill|Excadrill, L50, M|100/100\n|-ability|p2a: Gyarados|Intimidate|boost\n|-unboost|p1a: Blastoise|atk|1\n|-unboost|p1b: Sinistcha|atk|1\n|turn|1\n|\n|t:|1776387767\n|detailschange|p1a: Blastoise|Blastoise-Mega, L50, M\n|-mega|p1a: Blastoise|Blastoise|Blastoisinite\n|move|p1b: Sinistcha|Rage Powder|p1b: Sinistcha\n|-singleturn|p1b: Sinistcha|move: Rage Powder\n|move|p2b: Excadrill|Swords Dance|p2b: Excadrill\n|-boost|p2b: Excadrill|atk|2\n|move|p1a: Blastoise|Shell Smash|p1a: Blastoise\n|-unboost|p1a: Blastoise|def|1\n|-unboost|p1a: Blastoise|spd|1\n|-boost|p1a: Blastoise|atk|2\n|-boost|p1a: Blastoise|spa|2\n|-boost|p1a: Blastoise|spe|2\n|move|p2a: Gyarados|Taunt|p1b: Sinistcha\n|-start|p1b: Sinistcha|move: Taunt\n|\n|upkeep\n|turn|2\n|\n|t:|1776387783\n|switch|p2a: Tyranitar|Tyranitar, L50, F|100/100\n|-weather|Sandstorm|[from] ability: Sand Stream|[of] p2a: Tyranitar\n|switch|p1b: Pelipper|Pelipper, L50, F|100/100\n|-weather|RainDance|[from] ability: Drizzle|[of] p1b: Pelipper\n|move|p1a: Blastoise|Water Spout|p2a: Tyranitar|[spread] p2a,p2b\n|-supereffective|p2a: Tyranitar|1\n|-supereffective|p2b: Excadrill|1\n|-damage|p2a: Tyranitar|0 fnt\n|-enditem|p2b: Excadrill|Focus Sash\n|-damage|p2b: Excadrill|1/100\n|faint|p2a: Tyranitar\n|move|p2b: Excadrill|High Horsepower|p1a: Blastoise\n|-damage|p1a: Blastoise|0 fnt\n|faint|p1a: Blastoise\n|\n|-weather|RainDance|[upkeep]\n|upkeep\n|\n|t:|1776387800\n|switch|p1a: Garchomp|Garchomp, L50, F|100/100\n|switch|p2a: Gyarados|Gyarados, L50, F|100/100\n|-ability|p2a: Gyarados|Intimidate|boost\n|-unboost|p1a: Garchomp|atk|1\n|-unboost|p1b: Pelipper|atk|1\n|turn|3\n|\n|t:|1776387826\n|move|p1b: Pelipper|Tailwind|p1b: Pelipper\n|-sidestart|p1: derpybaits|move: Tailwind\n|move|p1a: Garchomp|Rock Slide|p2b: Excadrill|[spread] p2b\n|-miss|p1a: Garchomp|p2a: Gyarados\n|-resisted|p2b: Excadrill|2\n|-damage|p2b: Excadrill|0 fnt\n|faint|p2b: Excadrill\n|move|p2a: Gyarados|Waterfall|p1a: Garchomp\n|-damage|p1a: Garchomp|46/100\n|-damage|p2a: Gyarados|88/100|[from] ability: Rough Skin|[of] p1a: Garchomp\n|\n|-weather|RainDance|[upkeep]\n|upkeep\n|\n|t:|1776387836\n|switch|p2b: Meganium|Meganium, L50, F|100/100\n|turn|4\n|\n|t:|1776387852\n|switch|p1b: Sinistcha|Sinistcha, L50|100/100\n|-heal|p1a: Garchomp|71/100|[from] ability: Hospitality|[of] p1b: Sinistcha\n|detailschange|p2b: Meganium|Meganium-Mega, L50, F\n|-mega|p2b: Meganium|Meganium|Meganiumite\n|move|p1a: Garchomp|Rock Slide|p2b: Meganium|[spread] p2a,p2b\n|-supereffective|p2a: Gyarados|1\n|-damage|p2a: Gyarados|64/100\n|-damage|p2b: Meganium|89/100\n|move|p2a: Gyarados|Thunder Wave|p1b: Sinistcha\n|-status|p1b: Sinistcha|par\n|cant|p2b: Meganium|flinch\n|\n|-weather|RainDance|[upkeep]\n|upkeep\n|turn|5\n|\n|t:|1776387871\n|switch|p1a: Pelipper|Pelipper, L50, F|100/100\n|cant|p1b: Sinistcha|par\n|move|p2a: Gyarados|Taunt|p1b: Sinistcha\n|-start|p1b: Sinistcha|move: Taunt\n|move|p2b: Meganium|Dazzling Gleam|p1b: Sinistcha|[spread] p1a,p1b\n|-damage|p1a: Pelipper|32/100\n|-damage|p1b: Sinistcha|54/100 par\n|\n|-weather|RainDance|[upkeep]\n|upkeep\n|turn|6\n|\n|t:|1776387886\n|move|p1a: Pelipper|Hurricane|p2b: Meganium\n|-supereffective|p2b: Meganium|1\n|-damage|p2b: Meganium|0 fnt\n|faint|p2b: Meganium\n|move|p2a: Gyarados|Waterfall|p1a: Pelipper\n|-resisted|p1a: Pelipper|1\n|-damage|p1a: Pelipper|0 fnt\n|faint|p1a: Pelipper\n|move|p1b: Sinistcha|Matcha Gotcha|p2a: Gyarados\n|-damage|p2a: Gyarados|31/100\n|-heal|p1b: Sinistcha|74/100 par|[from] drain|[of] p2a: Gyarados\n|-enditem|p2a: Gyarados|Sitrus Berry|[eat]\n|-heal|p2a: Gyarados|56/100|[from] item: Sitrus Berry\n|\n|-weather|none\n|-sideend|p1: derpybaits|move: Tailwind\n|upkeep\n|\n|t:|1776387889\n|switch|p1a: Garchomp|Garchomp, L50, F|71/100\n|turn|7\n|\n|t:|1776387893\n|move|p1a: Garchomp|Rock Slide|p2a: Gyarados\n|-supereffective|p2a: Gyarados|1\n|-damage|p2a: Gyarados|5/100\n|move|p2a: Gyarados|Waterfall|p1a: Garchomp\n|-damage|p1a: Garchomp|35/100\n|-damage|p2a: Gyarados|0 fnt|[from] ability: Rough Skin|[of] p1a: Garchomp\n|faint|p2a: Gyarados\n|\n|win|derpybaits\n|raw|derpybaits's rating: 1102 &rarr; <strong>1133</strong><br />(+31 for winning)\n|raw|aojo's rating: 1193 &rarr; <strong>1162</strong><br />(-31 for losing)\n|l|\u2606aojo\n|player|p2|\n",
  "uploadtime": 1776387901,
  "views": 23,
  "formatid": "gen9championsvgc2026regma",
  "rating": 1133,
  "private": 0,
  "password": null
}