{
  "id": "gen9championsvgc2026regma-2589525569",
  "format": "[Gen 9 Champions] VGC 2026 Reg M-A",
  "players": [
    "Saymonster",
    "deuds"
  ],
  "log": "|j|\u2606Saymonster\n|j|\u2606deuds\n|t:|1776730948\n|gametype|doubles\n|player|p1|Saymonster|shadowtriad|1165\n|player|p2|deuds|102|1206\n|gen|9\n|tier|[Gen 9 Champions] VGC 2026 Reg M-A\n|rated|\n|rule|Species Clause: Limit one of each Pok\u00e9mon\n|rule|Item Clause: Limit 1 of each item\n|clearpoke\n|poke|p1|Tauros-Paldea-Aqua, L50, M|\n|poke|p1|Froslass, L50, F|\n|poke|p1|Arcanine-Hisui, L50, M|\n|poke|p1|Milotic, L50, F|\n|poke|p1|Altaria, L50, F|\n|poke|p1|Garchomp, L50, M|\n|poke|p2|Venusaur, L50, M|\n|poke|p2|Toxapex, L50, M|\n|poke|p2|Sinistcha, L50|\n|poke|p2|Incineroar, L50, F|\n|poke|p2|Corviknight, L50, M|\n|poke|p2|Emboar, L50, F, shiny|\n|teampreview|4\n|inactive|Battle timer is ON: inactive players will automatically lose when time's up. (requested by Saymonster)\n|\n|t:|1776730983\n|teamsize|p1|4\n|teamsize|p2|4\n|start\n|switch|p1a: Tauros|Tauros-Paldea-Aqua, L50, M|100/100\n|switch|p1b: Froslass|Froslass, L50, F|100/100\n|switch|p2a: Toxapex|Toxapex, L50, M|100/100\n|switch|p2b: Corviknight|Corviknight, L50, M|100/100\n|-ability|p2b: Corviknight|Pressure\n|turn|1\n|inactive|deuds has 30 seconds left.\n|\n|t:|1776731017\n|move|p1b: Froslass|Frost Breath|p1a: Tauros\n|-resisted|p1a: Tauros|1\n|-crit|p1a: Tauros\n|-damage|p1a: Tauros|81/100\n|-setboost|p1a: Tauros|atk|6|[from] ability: Anger Point\n|move|p1a: Tauros|Rock Slide|p2b: Corviknight|[spread] p2a,p2b\n|-crit|p2a: Toxapex\n|-damage|p2a: Toxapex|29/100\n|-damage|p2b: Corviknight|41/100\n|move|p2b: Corviknight|Iron Defense|p2b: Corviknight\n|-boost|p2b: Corviknight|def|2\n|move|p2a: Toxapex|Toxic|p1a: Tauros\n|-status|p1a: Tauros|tox\n|\n|-heal|p2a: Toxapex|35/100|[from] item: Leftovers\n|-damage|p1a: Tauros|75/100 tox|[from] psn\n|upkeep\n|turn|2\n|inactive|Saymonster has 30 seconds left.\n|inactive|deuds has 30 seconds left.\n|inactive|Saymonster has 20 seconds left.\n|\n|t:|1776731055\n|switch|p2b: Sinistcha|Sinistcha, L50|100/100\n|-heal|p2a: Toxapex|60/100|[from] ability: Hospitality|[of] p2b: Sinistcha\n|detailschange|p1b: Froslass|Froslass-Mega, L50, F\n|-mega|p1b: Froslass|Froslass|Froslassite\n|-weather|Snowscape|[from] ability: Snow Warning|[of] p1b: Froslass\n|move|p2a: Toxapex|Baneful Bunker|p2a: Toxapex\n|-singleturn|p2a: Toxapex|move: Protect\n|move|p1b: Froslass|Aurora Veil|p1b: Froslass\n|-sidestart|p1: Saymonster|move: Aurora Veil\n|move|p1a: Tauros|Close Combat|p2b: Sinistcha\n|-immune|p2b: Sinistcha\n|\n|-weather|Snowscape|[upkeep]\n|-heal|p2a: Toxapex|65/100|[from] item: Leftovers\n|-damage|p1a: Tauros|63/100 tox|[from] psn\n|upkeep\n|turn|3\n|inactive|Saymonster has 30 seconds left.\n|\n|t:|1776731081\n|move|p1b: Froslass|Blizzard|p2b: Sinistcha|[spread] p2a,p2b\n|-resisted|p2a: Toxapex|1\n|-supereffective|p2b: Sinistcha|1\n|-damage|p2a: Toxapex|51/100\n|-damage|p2b: Sinistcha|33/100\n|move|p1a: Tauros|Rock Slide|p2b: Sinistcha|[spread] p2a,p2b\n|-damage|p2a: Toxapex|8/100\n|-damage|p2b: Sinistcha|0 fnt\n|faint|p2b: Sinistcha\n|cant|p2a: Toxapex|flinch\n|\n|-weather|Snowscape|[upkeep]\n|-heal|p2a: Toxapex|13/100|[from] item: Leftovers\n|-damage|p1a: Tauros|45/100 tox|[from] psn\n|upkeep\n|\n|t:|1776731095\n|switch|p2b: Venusaur|Venusaur, L50, M|100/100\n|turn|4\n|\n|t:|1776731113\n|detailschange|p2b: Venusaur|Venusaur-Mega, L50, M\n|-mega|p2b: Venusaur|Venusaur|Venusaurite\n|move|p2b: Venusaur|Protect|p2b: Venusaur\n|-singleturn|p2b: Venusaur|Protect\n|move|p2a: Toxapex|Baneful Bunker|p2a: Toxapex\n|-singleturn|p2a: Toxapex|move: Protect\n|move|p1b: Froslass|Blizzard|p2a: Toxapex|[spread] \n|-activate|p2a: Toxapex|move: Protect\n|-activate|p2b: Venusaur|move: Protect\n|move|p1a: Tauros|Rock Slide|p2b: Venusaur|[spread] \n|-activate|p2a: Toxapex|move: Protect\n|-activate|p2b: Venusaur|move: Protect\n|\n|-weather|Snowscape|[upkeep]\n|-heal|p2a: Toxapex|19/100|[from] item: Leftovers\n|-damage|p1a: Tauros|21/100 tox|[from] psn\n|upkeep\n|turn|5\n|\n|t:|1776731136\n|move|p2b: Venusaur|Protect||[still]\n|-fail|p2b: Venusaur\n|move|p2a: Toxapex|Baneful Bunker||[still]\n|-fail|p2a: Toxapex\n|move|p1b: Froslass|Blizzard|p2b: Venusaur|[spread] p2a,p2b\n|-resisted|p2a: Toxapex|1\n|-supereffective|p2b: Venusaur|1\n|-damage|p2a: Toxapex|4/100\n|-damage|p2b: Venusaur|74/100\n|-status|p2a: Toxapex|frz\n|-status|p2b: Venusaur|frz\n|move|p1a: Tauros|Rock Slide|p2a: Toxapex|[spread] p2a,p2b\n|-damage|p2a: Toxapex|0 fnt\n|-damage|p2b: Venusaur|27/100 frz\n|faint|p2a: Toxapex\n|\n|-weather|Snowscape|[upkeep]\n|-damage|p1a: Tauros|0 fnt|[from] psn\n|faint|p1a: Tauros\n|upkeep\n|inactive|Saymonster has 30 seconds left.\n|\n|t:|1776731164\n|switch|p1a: Arcanine|Arcanine-Hisui, L50, M|100/100\n|switch|p2a: Corviknight|Corviknight, L50, M|41/100\n|-ability|p1a: Arcanine|Intimidate|boost\n|-unboost|p2a: Corviknight|atk|1\n|-unboost|p2b: Venusaur|atk|1\n|-ability|p2a: Corviknight|Pressure\n|turn|6\n|\n|t:|1776731177\n|move|p1b: Froslass|Blizzard|p2a: Corviknight|[spread] p2a,p2b\n|-supereffective|p2b: Venusaur|1\n|-damage|p2a: Corviknight|15/100\n|-damage|p2b: Venusaur|3/100 frz\n|move|p1a: Arcanine|Flare Blitz|p2a: Corviknight\n|-supereffective|p2a: Corviknight|1\n|-crit|p2a: Corviknight\n|-damage|p2a: Corviknight|0 fnt\n|faint|p2a: Corviknight\n|-damage|p1a: Arcanine|95/100|[from] Recoil\n|cant|p2b: Venusaur|frz\n|\n|-weather|none\n|-sideend|p1: Saymonster|move: Aurora Veil\n|upkeep\n|turn|7\n|inactive|deuds has 30 seconds left.\n|inactive|deuds has 20 seconds left.\n|inactive|deuds has 15 seconds left.\n|inactive|deuds has 10 seconds left.\n|inactive|deuds has 5 seconds left.\n|\n|t:|1776731232\n|move|p1b: Froslass|Frost Breath|p2b: Venusaur\n|-supereffective|p2b: Venusaur|1\n|-crit|p2b: Venusaur\n|-damage|p2b: Venusaur|0 fnt\n|faint|p2b: Venusaur\n|\n|win|Saymonster\n|raw|Saymonster's rating: 1165 &rarr; <strong>1193</strong><br />(+28 for winning)\n|raw|deuds's rating: 1206 &rarr; <strong>1178</strong><br />(-28 for losing)\n",
  "uploadtime": 1776731364,
  "views": 3,
  "formatid": "gen9championsvgc2026regma",
  "rating": 1178,
  "private": 0,
  "password": null
}