{
  "id": "gen9championsvgc2026regma-2585410719",
  "format": "[Gen 9 Champions] VGC 2026 Reg M-A",
  "players": [
    "vitor3561",
    "Wartac"
  ],
  "log": "|j|\u2606vitor3561\n|j|\u2606Wartac\n|t:|1776345342\n|gametype|doubles\n|player|p1|vitor3561|102|1079\n|player|p2|Wartac|gambler|1000\n|gen|9\n|tier|[Gen 9 Champions] VGC 2026 Reg M-A\n|rated|\n|rule|Species Clause: Limit one of each Pok\u00e9mon\n|rule|Item Clause: Limit 1 of each item\n|clearpoke\n|poke|p1|Altaria, L50, F|\n|poke|p1|Rotom-Wash, L50|\n|poke|p1|Aegislash, L50, M|\n|poke|p1|Aerodactyl, L50, M|\n|poke|p1|Incineroar, L50, F|\n|poke|p1|Sableye, L50, M|\n|poke|p2|Venusaur, L50, F|\n|poke|p2|Basculegion, L50, M|\n|poke|p2|Incineroar, L50, M|\n|poke|p2|Sneasler, L50, M|\n|poke|p2|Dragonite, L50, M|\n|poke|p2|Kingambit, L50, M|\n|teampreview|4\n|inactive|Battle timer is ON: inactive players will automatically lose when time's up. (requested by Wartac)\n|\n|t:|1776345383\n|teamsize|p1|4\n|teamsize|p2|4\n|start\n|switch|p1a: Rotom|Rotom-Wash, L50, shiny|100/100\n|switch|p1b: Incineroar|Incineroar, L50, F, shiny|100/100\n|switch|p2a: Dragonite|Dragonite, L50, M, shiny|100/100\n|switch|p2b: Incineroar|Incineroar, L50, M, shiny|100/100\n|-ability|p2b: Incineroar|Intimidate|boost\n|-unboost|p1a: Rotom|atk|1\n|-unboost|p1b: Incineroar|atk|1\n|-ability|p1b: Incineroar|Intimidate|boost\n|-unboost|p2a: Dragonite|atk|1\n|-unboost|p2b: Incineroar|atk|1\n|turn|1\n|\n|t:|1776345407\n|detailschange|p2a: Dragonite|Dragonite-Mega, L50, M, shiny\n|-mega|p2a: Dragonite|Dragonite|Dragoninite\n|move|p2a: Dragonite|Protect|p2a: Dragonite\n|-singleturn|p2a: Dragonite|Protect\n|move|p1b: Incineroar|Fake Out|p2a: Dragonite\n|-activate|p2a: Dragonite|move: Protect\n|move|p1a: Rotom|Electroweb|p2b: Incineroar|[spread] p2b\n|-activate|p2a: Dragonite|move: Protect\n|-damage|p2b: Incineroar|88/100\n|-unboost|p2b: Incineroar|spe|1\n|move|p2b: Incineroar|Parting Shot|p1a: Rotom\n|-unboost|p1a: Rotom|atk|1\n|-unboost|p1a: Rotom|spa|1\n|\n|t:|1776345424\n|switch|p2b: Kingambit|Kingambit, L50, M|100/100|[from] Parting Shot\n|\n|upkeep\n|turn|2\n|\n|t:|1776345436\n|move|p2b: Kingambit|Protect|p2b: Kingambit\n|-singleturn|p2b: Kingambit|Protect\n|move|p1a: Rotom|Electroweb|p2a: Dragonite|[spread] p2a\n|-activate|p2b: Kingambit|move: Protect\n|-damage|p2a: Dragonite|96/100\n|-unboost|p2a: Dragonite|spe|1\n|move|p2a: Dragonite|Dragon Pulse|p1a: Rotom\n|-damage|p1a: Rotom|50/100\n|move|p1b: Incineroar|Flare Blitz|p2b: Kingambit\n|-activate|p2b: Kingambit|move: Protect\n|\n|upkeep\n|turn|3\n|\n|t:|1776345453\n|switch|p2b: Incineroar|Incineroar, L50, M, shiny|88/100\n|-ability|p2b: Incineroar|Intimidate|boost\n|-unboost|p1a: Rotom|atk|1\n|-unboost|p1b: Incineroar|atk|1\n|move|p1a: Rotom|Electroweb|p2b: Incineroar|[spread] p2a,p2b\n|-damage|p2a: Dragonite|88/100\n|-damage|p2b: Incineroar|79/100\n|-unboost|p2a: Dragonite|spe|1\n|-unboost|p2b: Incineroar|spe|1\n|move|p1b: Incineroar|Flare Blitz|p2b: Incineroar\n|-resisted|p2b: Incineroar|1\n|-damage|p2b: Incineroar|67/100\n|-damage|p1b: Incineroar|97/100|[from] Recoil\n|move|p2a: Dragonite|Dragon Pulse|p1a: Rotom\n|-damage|p1a: Rotom|0 fnt\n|faint|p1a: Rotom\n|\n|upkeep\n|\n|t:|1776345470\n|switch|p1a: Altaria|Altaria, L50, F|100/100\n|-ability|p1a: Altaria|Cloud Nine\n|turn|4\n|\n|t:|1776345490\n|detailschange|p1a: Altaria|Altaria-Mega, L50, F\n|-mega|p1a: Altaria|Altaria|Altarianite\n|move|p2b: Incineroar|Fake Out|p1a: Altaria\n|-damage|p1a: Altaria|90/100\n|cant|p1a: Altaria|flinch\n|move|p1b: Incineroar|Parting Shot|p2a: Dragonite\n|-unboost|p2a: Dragonite|atk|1\n|-unboost|p2a: Dragonite|spa|1\n|\n|t:|1776345497\n|switch|p1b: \u00e9 um espad\u00e3o|Aegislash, L50, M, shiny|100/100|[from] Parting Shot\n|move|p2a: Dragonite|Roost|p2a: Dragonite\n|-heal|p2a: Dragonite|100/100\n|-singleturn|p2a: Dragonite|move: Roost\n|\n|upkeep\n|turn|5\n|\n|t:|1776345507\n|switch|p2a: Kingambit|Kingambit, L50, M|100/100\n|-formechange|p1b: \u00e9 um espad\u00e3o|Aegislash-Blade|\n|move|p1b: \u00e9 um espad\u00e3o|Shadow Sneak|p2a: Kingambit\n|-resisted|p2a: Kingambit|1\n|-damage|p2a: Kingambit|93/100\n|move|p1a: Altaria|Hyper Voice|p2b: Incineroar|[spread] p2a,p2b\n|-damage|p2a: Kingambit|56/100\n|-damage|p2b: Incineroar|40/100\n|-enditem|p2b: Incineroar|Sitrus Berry|[eat]\n|-heal|p2b: Incineroar|65/100|[from] item: Sitrus Berry\n|move|p2b: Incineroar|Parting Shot|p1a: Altaria\n|-unboost|p1a: Altaria|atk|1\n|-unboost|p1a: Altaria|spa|1\n|\n|t:|1776345526\n|switch|p2b: Dragonite|Dragonite-Mega, L50, M, shiny|100/100|[from] Parting Shot\n|\n|upkeep\n|turn|6\n|\n|t:|1776345533\n|switch|p1a: Incineroar|Incineroar, L50, F, shiny|97/100\n|-ability|p1a: Incineroar|Intimidate|boost\n|-unboost|p2a: Kingambit|atk|1\n|-ability|p2a: Kingambit|Defiant|boost\n|-boost|p2a: Kingambit|atk|2\n|-unboost|p2b: Dragonite|atk|1\n|-formechange|p1b: \u00e9 um espad\u00e3o|Aegislash|\n|move|p1b: \u00e9 um espad\u00e3o|King's Shield|p1b: \u00e9 um espad\u00e3o\n|-singleturn|p1b: \u00e9 um espad\u00e3o|Protect\n|move|p2b: Dragonite|Dragon Pulse|p1a: Incineroar\n|-damage|p1a: Incineroar|46/100\n|-enditem|p1a: Incineroar|Sitrus Berry|[eat]\n|-heal|p1a: Incineroar|71/100|[from] item: Sitrus Berry\n|move|p2a: Kingambit|Iron Head|p1a: Incineroar\n|-resisted|p1a: Incineroar|1\n|-damage|p1a: Incineroar|40/100\n|\n|upkeep\n|turn|7\n|\n|t:|1776345553\n|move|p2b: Dragonite|Protect|p2b: Dragonite\n|-singleturn|p2b: Dragonite|Protect\n|move|p2a: Kingambit|Protect|p2a: Kingambit\n|-singleturn|p2a: Kingambit|Protect\n|move|p1a: Incineroar|Fake Out|p2b: Dragonite\n|-activate|p2b: Dragonite|move: Protect\n|-formechange|p1b: \u00e9 um espad\u00e3o|Aegislash-Blade|\n|move|p1b: \u00e9 um espad\u00e3o|Sacred Sword|p2a: Kingambit\n|-activate|p2a: Kingambit|move: Protect\n|\n|upkeep\n|turn|8\n|\n|t:|1776345570\n|switch|p2a: Basculegion|Basculegion, L50, M|100/100\n|move|p2b: Dragonite|Dragon Pulse|p1a: Incineroar\n|-damage|p1a: Incineroar|0 fnt\n|faint|p1a: Incineroar\n|move|p1b: \u00e9 um espad\u00e3o|Sacred Sword|p2a: Basculegion\n|-immune|p2a: Basculegion\n|\n|upkeep\n|\n|t:|1776345574\n|switch|p1a: Altaria|Altaria-Mega, L50, F|90/100\n|turn|9\n|inactive|Wartac has 30 seconds left.\n|\n|t:|1776345602\n|switch|p2a: Incineroar|Incineroar, L50, M, shiny|65/100\n|-ability|p2a: Incineroar|Intimidate|boost\n|-unboost|p1a: Altaria|atk|1\n|-unboost|p1b: \u00e9 um espad\u00e3o|atk|1\n|move|p1b: \u00e9 um espad\u00e3o|Shadow Sneak|p2a: Incineroar\n|-resisted|p2a: Incineroar|1\n|-damage|p2a: Incineroar|58/100\n|move|p2b: Dragonite|Thunderbolt|p1a: Altaria\n|-resisted|p1a: Altaria|1\n|-damage|p1a: Altaria|74/100\n|move|p1a: Altaria|Hyper Voice|p2b: Dragonite|[spread] p2a,p2b\n|-supereffective|p2b: Dragonite|1\n|-damage|p2a: Incineroar|33/100\n|-damage|p2b: Dragonite|73/100\n|\n|upkeep\n|turn|10\n|\n|t:|1776345620\n|move|p1a: Altaria|Protect|p1a: Altaria\n|-singleturn|p1a: Altaria|Protect\n|move|p2a: Incineroar|Fake Out|p1a: Altaria\n|-activate|p1a: Altaria|move: Protect\n|move|p2b: Dragonite|Roost|p2b: Dragonite\n|-heal|p2b: Dragonite|100/100\n|-singleturn|p2b: Dragonite|move: Roost\n|move|p1b: \u00e9 um espad\u00e3o|Sacred Sword|p2a: Incineroar\n|-supereffective|p2a: Incineroar|1\n|-damage|p2a: Incineroar|0 fnt\n|faint|p2a: Incineroar\n|\n|upkeep\n|\n|t:|1776345638\n|switch|p2a: Basculegion|Basculegion, L50, M|100/100\n|turn|11\n|\n|t:|1776345647\n|-formechange|p1b: \u00e9 um espad\u00e3o|Aegislash|\n|move|p1b: \u00e9 um espad\u00e3o|King's Shield|p1b: \u00e9 um espad\u00e3o\n|-singleturn|p1b: \u00e9 um espad\u00e3o|Protect\n|move|p2a: Basculegion|Last Respects|p1a: Altaria\n|-damage|p1a: Altaria|20/100\n|move|p2b: Dragonite|Thunderbolt|p1a: Altaria\n|-resisted|p1a: Altaria|1\n|-damage|p1a: Altaria|3/100\n|move|p1a: Altaria|Dragon Pulse|p2b: Dragonite\n|-supereffective|p2b: Dragonite|1\n|-damage|p2b: Dragonite|73/100\n|\n|upkeep\n|turn|12\n|\n|t:|1776345664\n|move|p2b: Dragonite|Protect|p2b: Dragonite\n|-singleturn|p2b: Dragonite|Protect\n|move|p1a: Altaria|Protect|p1a: Altaria\n|-singleturn|p1a: Altaria|Protect\n|-formechange|p1b: \u00e9 um espad\u00e3o|Aegislash-Blade|\n|move|p1b: \u00e9 um espad\u00e3o|Shadow Sneak|p2a: Basculegion\n|-supereffective|p2a: Basculegion|1\n|-damage|p2a: Basculegion|60/100\n|move|p2a: Basculegion|Last Respects|p1b: \u00e9 um espad\u00e3o\n|-supereffective|p1b: \u00e9 um espad\u00e3o|1\n|-damage|p1b: \u00e9 um espad\u00e3o|0 fnt\n|faint|p1b: \u00e9 um espad\u00e3o\n|\n|upkeep\n|turn|13\n|-message|vitor3561 forfeited.\n|\n|win|Wartac\n|raw|vitor3561's rating: 1079 &rarr; <strong>1052</strong><br />(-27 for losing)\n|raw|Wartac's rating: 1000 &rarr; <strong>1049</strong><br />(+49 for winning)\n|l|\u2606vitor3561\n|player|p1|\n",
  "uploadtime": 1776345682,
  "views": 34,
  "formatid": "gen9championsvgc2026regma",
  "rating": 1049,
  "private": 0,
  "password": null
}