{
  "id": "gen9championsvgc2026regma-2585028346",
  "format": "[Gen 9 Champions] VGC 2026 Reg M-A",
  "players": [
    "gogozeppeli190",
    "Damoria"
  ],
  "log": "|j|\u2606gogozeppeli190\n|j|\u2606Damoria\n|t:|1776304729\n|gametype|doubles\n|player|p1|gogozeppeli190|169|1150\n|player|p2|Damoria|170|1207\n|gen|9\n|tier|[Gen 9 Champions] VGC 2026 Reg M-A\n|rated|\n|rule|Species Clause: Limit one of each Pok\u00e9mon\n|rule|Item Clause: Limit 1 of each item\n|clearpoke\n|poke|p1|Scizor, L50, M|\n|poke|p1|Sneasler, L50, F|\n|poke|p1|Incineroar, L50, M|\n|poke|p1|Rotom-Wash, L50|\n|poke|p1|Ditto, L50|\n|poke|p1|Dragonite, L50, M|\n|poke|p2|Politoed, L50, F|\n|poke|p2|Gengar, L50, M|\n|poke|p2|Incineroar, L50, F|\n|poke|p2|Palafin, L50, M|\n|poke|p2|Whimsicott, L50, M|\n|poke|p2|Kommo-o, L50, M|\n|teampreview|4\n|inactive|Battle timer is ON: inactive players will automatically lose when time's up. (requested by Damoria)\n|\n|t:|1776304783\n|teamsize|p1|4\n|teamsize|p2|4\n|start\n|switch|p1a: Dragonite|Dragonite, L50, M|100/100\n|switch|p1b: Incineroar|Incineroar, L50, M|100/100\n|switch|p2a: Gengar|Gengar, L50, M|100/100\n|switch|p2b: Politoed|Politoed, L50, F|100/100\n|-weather|RainDance|[from] ability: Drizzle|[of] p2b: Politoed\n|-ability|p1b: Incineroar|Intimidate|boost\n|-unboost|p2a: Gengar|atk|1\n|-unboost|p2b: Politoed|atk|1\n|turn|1\n|\n|t:|1776304803\n|detailschange|p2a: Gengar|Gengar-Mega, L50, M\n|-mega|p2a: Gengar|Gengar|Gengarite\n|detailschange|p1a: Dragonite|Dragonite-Mega, L50, M\n|-mega|p1a: Dragonite|Dragonite|Dragoninite\n|move|p2a: Gengar|Protect|p2a: Gengar\n|-singleturn|p2a: Gengar|Protect\n|move|p2b: Politoed|Protect|p2b: Politoed\n|-singleturn|p2b: Politoed|Protect\n|move|p1a: Dragonite|Thunder|p2b: Politoed\n|-activate|p2b: Politoed|move: Protect\n|move|p1b: Incineroar|Throat Chop|p2a: Gengar\n|-activate|p2a: Gengar|move: Protect\n|\n|-weather|RainDance|[upkeep]\n|upkeep\n|turn|2\n|\n|t:|1776304820\n|move|p1a: Dragonite|Protect|p1a: Dragonite\n|-singleturn|p1a: Dragonite|Protect\n|move|p2a: Gengar|Disable|p1a: Dragonite\n|-activate|p1a: Dragonite|move: Protect\n|move|p2b: Politoed|Weather Ball|p1b: Incineroar\n|-supereffective|p1b: Incineroar|1\n|-damage|p1b: Incineroar|0 fnt\n|faint|p1b: Incineroar\n|\n|-weather|RainDance|[upkeep]\n|upkeep\n|\n|t:|1776304830\n|switch|p1b: Ditto|Ditto, L50|100/100\n|-transform|p1b: Ditto|p2a: Gengar|[from] ability: Imposter\n|turn|3\n|inactive|Damoria has 30 seconds left.\n|\n|t:|1776304860\n|move|p1b: Ditto|Protect|p1b: Ditto\n|-singleturn|p1b: Ditto|Protect\n|move|p2a: Gengar|Shadow Ball|p1b: Ditto\n|-activate|p1b: Ditto|move: Protect\n|move|p1a: Dragonite|Thunder|p2a: Gengar\n|-damage|p2a: Gengar|56/100\n|move|p2b: Politoed|Weather Ball|p1a: Dragonite\n|-resisted|p1a: Dragonite|1\n|-damage|p1a: Dragonite|91/100\n|\n|-weather|RainDance|[upkeep]\n|upkeep\n|turn|4\n|\n|t:|1776304880\n|move|p1b: Ditto|Disable|p2a: Gengar\n|-start|p2a: Gengar|Disable|Shadow Ball\n|cant|p2a: Gengar|Disable|Shadow Ball\n|move|p1a: Dragonite|Draco Meteor|p2a: Gengar\n|-damage|p2a: Gengar|0 fnt\n|-unboost|p1a: Dragonite|spa|2\n|faint|p2a: Gengar\n|move|p2b: Politoed|Perish Song|p2b: Politoed\n|-start|p1a: Dragonite|perish3|[silent]\n|-start|p1b: Ditto|perish3|[silent]\n|-start|p2b: Politoed|perish3|[silent]\n|-fieldactivate|move: Perish Song\n|\n|-weather|RainDance|[upkeep]\n|-start|p1b: Ditto|perish3\n|-start|p1a: Dragonite|perish3\n|-start|p2b: Politoed|perish3\n|upkeep\n|\n|t:|1776304899\n|switch|p2a: Kommo-o|Kommo-o, L50, M|100/100\n|turn|5\n|\n|t:|1776304920\n|move|p1b: Ditto|Shadow Ball|p2a: Kommo-o\n|-damage|p2a: Kommo-o|61/100\n|move|p1a: Dragonite|Draco Meteor|p2a: Kommo-o\n|-supereffective|p2a: Kommo-o|1\n|-damage|p2a: Kommo-o|0 fnt\n|-unboost|p1a: Dragonite|spa|2\n|faint|p2a: Kommo-o\n|move|p2b: Politoed|Weather Ball|p1b: Ditto\n|-damage|p1b: Ditto|28/100\n|\n|-weather|none\n|-start|p1b: Ditto|perish2\n|-start|p1a: Dragonite|perish2\n|-start|p2b: Politoed|perish2\n|upkeep\n|\n|t:|1776304931\n|switch|p2a: Incineroar|Incineroar, L50, F|100/100\n|-ability|p2a: Incineroar|Intimidate|boost\n|-unboost|p1a: Dragonite|atk|1\n|-unboost|p1b: Ditto|atk|1\n|turn|6\n|\n|t:|1776304951\n|move|p1b: Ditto|Perish Song|p1b: Ditto\n|-start|p2a: Incineroar|perish3|[silent]\n|-fieldactivate|move: Perish Song\n|move|p1a: Dragonite|Air Slash|p2a: Incineroar\n|-damage|p2a: Incineroar|89/100\n|move|p2b: Politoed|Encore|p1b: Ditto\n|-start|p1b: Ditto|Encore\n|move|p2a: Incineroar|Darkest Lariat|p1a: Dragonite\n|-damage|p1a: Dragonite|60/100\n|\n|-start|p1b: Ditto|perish1\n|-start|p1a: Dragonite|perish1\n|-start|p2b: Politoed|perish1\n|-start|p2a: Incineroar|perish3\n|upkeep\n|turn|7\n|inactive|gogozeppeli190 has 30 seconds left.\n|\n|t:|1776304982\n|switch|p1a: Sneasler|Sneasler, L50, F|100/100\n|move|p1b: Ditto|Perish Song|p1b: Ditto\n|-start|p1a: Sneasler|perish3|[silent]\n|-fieldactivate|move: Perish Song\n|move|p2b: Politoed|Weather Ball|p1b: Ditto\n|-immune|p1b: Ditto\n|move|p2a: Incineroar|Darkest Lariat|p1a: Sneasler\n|-resisted|p1a: Sneasler|1\n|-damage|p1a: Sneasler|71/100\n|\n|-start|p1b: Ditto|perish0\n|-start|p1a: Sneasler|perish3\n|faint|p1b: Ditto\n|-start|p2b: Politoed|perish0\n|-start|p2a: Incineroar|perish2\n|faint|p2b: Politoed\n|upkeep\n|\n|t:|1776304997\n|switch|p1b: Dragonite|Dragonite-Mega, L50, M|60/100\n|turn|8\n|-message|Damoria forfeited.\n|\n|win|gogozeppeli190\n|raw|gogozeppeli190's rating: 1150 &rarr; <strong>1179</strong><br />(+29 for winning)\n|raw|Damoria's rating: 1207 &rarr; <strong>1178</strong><br />(-29 for losing)\n|l|\u2606Damoria\n|player|p2|\n",
  "uploadtime": 1776305028,
  "views": 50,
  "formatid": "gen9championsvgc2026regma",
  "rating": 1178,
  "private": 0,
  "password": null
}