{
  "id": "gen9championsvgc2026regma-2587749629",
  "format": "[Gen 9 Champions] VGC 2026 Reg M-A",
  "players": [
    "squigglybuff",
    "Icewing96"
  ],
  "log": "|j|\u203dsquigglybuff\n|j|\u2606Icewing96\n|inactive|Battle timer is ON: inactive players will automatically lose when time's up.\n|html|<table width=\"100%\"><tr><td align=\"left\">squigglybuff</td><td align=\"right\">Icewing96</tr><tr><td align=\"left\"><i class=\"fa fa-circle\"></i> <i class=\"fa fa-circle-o\"></i> </td><td align=\"right\"><i class=\"fa fa-circle-o\"></i> <i class=\"fa fa-circle-o\"></i> </tr></table>\n|uhtml|bestof|<h2><strong>Game 2</strong> of <a href=\"/game-bestof3-gen9championsvgc2026regma-2587747779\">a best-of-3</a></h2>\n|t:|1776560176\n|gametype|doubles\n|player|p1|squigglybuff|2|\n|player|p2|Icewing96|rocketgrunt|\n|gen|9\n|tier|[Gen 9 Champions] VGC 2026 Reg M-A\n|rated|Tournament battle\n|rule|Species Clause: Limit one of each Pok\u00e9mon\n|rule|Item Clause: Limit 1 of each item\n|rule|Evasion Abilities Clause: Evasion abilities are banned\n|rule|Evasion Items Clause: Evasion items are banned\n|rule|Evasion Moves Clause: Evasion moves are banned\n|rule|OHKO Clause: OHKO moves are banned\n|raw|<div class=\"infobox\"><details class=\"readmore\" open><summary><strong>5 custom rules:</strong></summary> bestof = 3, Evasion Abilities Clause, Evasion Items Clause, Evasion Moves Clause, OHKO Clause</details></div>\n|clearpoke\n|poke|p1|Gengar, L50, M|\n|poke|p1|Garchomp, L50, F|\n|poke|p1|Meowstic, L50, M|\n|poke|p1|Rotom-Heat, L50|\n|poke|p1|Primarina, L50, M|\n|poke|p1|Aerodactyl, L50, F|\n|poke|p2|Froslass, L50, F|\n|poke|p2|Rotom-Frost, L50|\n|poke|p2|Farigiraf, L50, F|\n|poke|p2|Basculegion, L50, M|\n|poke|p2|Arcanine-Hisui, L50, M|\n|poke|p2|Hatterene, L50, F|\n|teampreview|4\nsquigglybuff rejected open team sheets.\n|inactive|Icewing96 has 60 seconds left.\n|\n|t:|1776560224\n|teamsize|p1|4\n|teamsize|p2|4\n|start\n|switch|p1a: Gengar|Gengar, L50, M|100/100\n|switch|p1b: Rotom|Rotom-Heat, L50|100/100\n|switch|p2a: Farigiraf|Farigiraf, L50, F|100/100\n|switch|p2b: Basculegion|Basculegion, L50, M|100/100\n|turn|1\n|inactive|Icewing96 has 30 seconds left.\n|\n|t:|1776560257\n|detailschange|p1a: Gengar|Gengar-Mega, L50, M\n|-mega|p1a: Gengar|Gengar|Gengarite\n|move|p1b: Rotom|Eerie Impulse|p2a: Farigiraf\n|-unboost|p2a: Farigiraf|spa|2\n|move|p1a: Gengar|Shadow Ball|p2b: Basculegion\n|-supereffective|p2b: Basculegion|1\n|-enditem|p2b: Basculegion|Focus Sash\n|-damage|p2b: Basculegion|1/100\n|move|p2b: Basculegion|Wave Crash|p1a: Gengar\n|-damage|p1a: Gengar|0 fnt\n|faint|p1a: Gengar\n|-damage|p2b: Basculegion|0 fnt|[from] Recoil\n|faint|p2b: Basculegion\n|move|p2a: Farigiraf|Trick Room|p2a: Farigiraf\n|-fieldstart|move: Trick Room|[of] p2a: Farigiraf\n|\n|upkeep\n|\n|t:|1776560271\n|switch|p2b: Hatterene|Hatterene, L50, F|100/100\n|switch|p1a: Primarina|Primarina, L50, M|100/100\n|turn|2\n|\n|t:|1776560281\n|switch|p1b: Garchomp|Garchomp, L50, F|100/100\n|move|p2b: Hatterene|Calm Mind|p2b: Hatterene\n|-boost|p2b: Hatterene|spa|1\n|-boost|p2b: Hatterene|spd|1\n|move|p2a: Farigiraf|Nasty Plot|p2a: Farigiraf\n|-boost|p2a: Farigiraf|spa|2\n|move|p1a: Primarina|Hyper Voice|p2a: Farigiraf|[spread] p2a,p2b\n|-damage|p2a: Farigiraf|75/100\n|-damage|p2b: Hatterene|79/100\n|\n|upkeep\n|turn|3\n|\n|t:|1776560295\n|move|p2a: Farigiraf|Helping Hand|p2b: Hatterene\n|-singleturn|p2b: Hatterene|Helping Hand|[of] p2a: Farigiraf\n|move|p2b: Hatterene|Dazzling Gleam|p1b: Garchomp|[spread] p1a,p1b\n|-supereffective|p1b: Garchomp|1\n|-damage|p1a: Primarina|40/100\n|-enditem|p1b: Garchomp|Focus Sash\n|-damage|p1b: Garchomp|1/100\n|-enditem|p1a: Primarina|Sitrus Berry|[eat]\n|-heal|p1a: Primarina|64/100|[from] item: Sitrus Berry\n|move|p1a: Primarina|Hyper Voice|p2b: Hatterene|[spread] p2a,p2b\n|-damage|p2a: Farigiraf|51/100\n|-damage|p2b: Hatterene|56/100\n|move|p1b: Garchomp|Stomping Tantrum|p2b: Hatterene\n|-damage|p2b: Hatterene|8/100\n|\n|upkeep\n|turn|4\n|\n|t:|1776560315\n|move|p1b: Garchomp|Protect|p1b: Garchomp\n|-singleturn|p1b: Garchomp|Protect\n|move|p2b: Hatterene|Psychic|p1a: Primarina\n|-damage|p1a: Primarina|11/100\n|move|p2a: Farigiraf|Psychic|p1b: Garchomp\n|-activate|p1b: Garchomp|move: Protect\n|move|p1a: Primarina|Hyper Voice|p2a: Farigiraf|[spread] p2a,p2b\n|-damage|p2a: Farigiraf|25/100\n|-damage|p2b: Hatterene|0 fnt\n|-enditem|p2a: Farigiraf|Sitrus Berry|[eat]\n|-heal|p2a: Farigiraf|50/100|[from] item: Sitrus Berry\n|faint|p2b: Hatterene\n|\n|upkeep\n|\n|t:|1776560320\n|switch|p2b: Froslass|Froslass, L50, F|100/100\n|turn|5\n|inactive|Icewing96 has 30 seconds left.\n|\n|t:|1776560349\n|detailschange|p2b: Froslass|Froslass-Mega, L50, F\n|-mega|p2b: Froslass|Froslass|Froslassite\n|-weather|Snowscape|[from] ability: Snow Warning|[of] p2b: Froslass\n|move|p2b: Froslass|Protect|p2b: Froslass\n|-singleturn|p2b: Froslass|Protect\n|move|p2a: Farigiraf|Nasty Plot|p2a: Farigiraf\n|-boost|p2a: Farigiraf|spa|2\n|move|p1a: Primarina|Hyper Voice|p2a: Farigiraf|[spread] p2a\n|-activate|p2b: Froslass|move: Protect\n|-damage|p2a: Farigiraf|23/100\n|move|p1b: Garchomp|Stomping Tantrum|p2a: Farigiraf\n|-damage|p2a: Farigiraf|0 fnt\n|faint|p2a: Farigiraf\n|\n|-weather|Snowscape|[upkeep]\n|-fieldend|move: Trick Room\n|upkeep\n|turn|6\n|\n|t:|1776560360\n|move|p1b: Garchomp|Rock Slide|p2b: Froslass\n|-supereffective|p2b: Froslass|1\n|-damage|p2b: Froslass|56/100\n|move|p2b: Froslass|Blizzard|p1b: Garchomp|[spread] p1a,p1b\n|-resisted|p1a: Primarina|1\n|-supereffective|p1b: Garchomp|2\n|-damage|p1a: Primarina|0 fnt\n|-damage|p1b: Garchomp|0 fnt\n|faint|p1a: Primarina\n|faint|p1b: Garchomp\n|\n|-weather|Snowscape|[upkeep]\n|upkeep\n|\n|t:|1776560365\n|switch|p1b: Rotom|Rotom-Heat, L50|100/100\n|turn|7\n|\n|t:|1776560368\n|move|p1b: Rotom|Overheat|p2b: Froslass\n|-supereffective|p2b: Froslass|1\n|-damage|p2b: Froslass|0 fnt\n|-unboost|p1b: Rotom|spa|2\n|faint|p2b: Froslass\n|\n|win|squigglybuff\n|c|\u2606Icewing96|gg\n",
  "uploadtime": 1776560388,
  "views": 10,
  "formatid": "gen9championsvgc2026regma",
  "rating": null,
  "private": 0,
  "password": null
}