{
  "id": "gen9championsvgc2026regma-2586444738",
  "format": "[Gen 9 Champions] VGC 2026 Reg M-A",
  "players": [
    "Omegateck",
    "Snog2273"
  ],
  "log": "|j|\u203dOmegateck\n|j|\u2606Snog2273\n|t:|1776435148\n|gametype|doubles\n|player|p1|Omegateck|170|1423\n|player|p2|Snog2273|scientist-gen4|1363\n|gen|9\n|tier|[Gen 9 Champions] VGC 2026 Reg M-A\n|rated|\n|rule|Species Clause: Limit one of each Pok\u00e9mon\n|rule|Item Clause: Limit 1 of each item\n|clearpoke\n|poke|p1|Floette-Eternal, L50, F|\n|poke|p1|Incineroar, L50, F|\n|poke|p1|Aegislash, L50, M|\n|poke|p1|Sneasler, L50, M|\n|poke|p1|Rotom-Wash, L50|\n|poke|p1|Kommo-o, L50, F|\n|poke|p2|Heliolisk, L50, M|\n|poke|p2|Charizard, L50, F|\n|poke|p2|Garchomp, L50, F|\n|poke|p2|Vivillon-Marine, L50, F|\n|poke|p2|Aegislash, L50, F|\n|poke|p2|Sneasler, L50, F|\n|teampreview|4\n|inactive|Battle timer is ON: inactive players will automatically lose when time's up. (requested by Snog2273)\nSnog2273 has agreed to open team sheets.\n|inactive|Omegateck has 60 seconds left.\n|inactive|Snog2273 has 60 seconds left.\n|\n|t:|1776435189\n|teamsize|p1|4\n|teamsize|p2|4\n|start\n|switch|p1a: Floette|Floette-Eternal, L50, F|100/100\n|switch|p1b: Sneasler|Sneasler, L50, M|100/100\n|switch|p2a: King Garthrecule|Sneasler, L50, F, shiny|100/100\n|switch|p2b: Bobimbly T.|Heliolisk, L50, M|100/100\n|turn|1\n|inactive|Omegateck has 30 seconds left.\n|\n|t:|1776435218\n|detailschange|p1a: Floette|Floette-Mega, L50, F\n|-mega|p1a: Floette|Floette|Floettite\n|-ability|p1a: Floette|Fairy Aura\n|move|p1b: Sneasler|Fake Out|p2a: King Garthrecule\n|-damage|p2a: King Garthrecule|79/100\n|cant|p2a: King Garthrecule|flinch\n|move|p2b: Bobimbly T.|Shed Tail|p2b: Bobimbly T.\n|-start|p2b: Bobimbly T.|Substitute|[from] move: Shed Tail\n|-damage|p2b: Bobimbly T.|50/100\n|\n|t:|1776435228\n|switch|p2b: Dent Yunkletrip Jr|Aegislash, L50, F, shiny|100/100|[from] Shed Tail\n|move|p1a: Floette|Calm Mind|p1a: Floette\n|-boost|p1a: Floette|spa|1\n|-boost|p1a: Floette|spd|1\n|\n|upkeep\n|turn|2\n|inactive|Snog2273 has 30 seconds left.\n|inactive|Snog2273 has 20 seconds left.\n|\n|t:|1776435264\n|switch|p1b: Incineroar|Incineroar, L50, F|100/100\n|-ability|p1b: Incineroar|Intimidate|boost\n|-unboost|p2a: King Garthrecule|atk|1\n|-immune|p2b: Dent Yunkletrip Jr\n|-enditem|p2a: King Garthrecule|White Herb\n|-clearnegativeboost|p2a: King Garthrecule|[silent]\n|move|p1a: Floette|Protect|p1a: Floette\n|-singleturn|p1a: Floette|Protect\n|move|p2a: King Garthrecule|Close Combat|p1b: Incineroar\n|-supereffective|p1b: Incineroar|1\n|-damage|p1b: Incineroar|0 fnt\n|-unboost|p2a: King Garthrecule|def|1\n|-unboost|p2a: King Garthrecule|spd|1\n|faint|p1b: Incineroar\n|-formechange|p2b: Dent Yunkletrip Jr|Aegislash-Blade|\n|move|p2b: Dent Yunkletrip Jr|Iron Head|p1a: Floette\n|-activate|p1a: Floette|move: Protect\n|\n|upkeep\n|\n|t:|1776435286\n|switch|p1b: Sneasler|Sneasler, L50, M|100/100\n|turn|3\n|\n|t:|1776435302\n|move|p2a: King Garthrecule|Protect|p2a: King Garthrecule\n|-singleturn|p2a: King Garthrecule|Protect\n|move|p1b: Sneasler|Fake Out|p2a: King Garthrecule\n|-activate|p2a: King Garthrecule|move: Protect\n|move|p1a: Floette|Dazzling Gleam|p2a: King Garthrecule|[spread] p2b\n|-activate|p2a: King Garthrecule|move: Protect\n|-resisted|p2b: Dent Yunkletrip Jr|1\n|-end|p2b: Dent Yunkletrip Jr|Substitute\n|move|p2b: Dent Yunkletrip Jr|Iron Head|p1a: Floette\n|-supereffective|p1a: Floette|1\n|-damage|p1a: Floette|0 fnt\n|faint|p1a: Floette\n|\n|upkeep\n|\n|t:|1776435315\n|switch|p1a: Aegislash|Aegislash, L50, M|100/100\n|turn|4\n|\n|t:|1776435335\n|-formechange|p2b: Dent Yunkletrip Jr|Aegislash|\n|move|p2b: Dent Yunkletrip Jr|King's Shield|p2b: Dent Yunkletrip Jr\n|-singleturn|p2b: Dent Yunkletrip Jr|Protect\n|move|p2a: King Garthrecule|Close Combat|p1b: Sneasler\n|-resisted|p1b: Sneasler|1\n|-damage|p1b: Sneasler|46/100\n|-unboost|p2a: King Garthrecule|def|1\n|-unboost|p2a: King Garthrecule|spd|1\n|move|p1b: Sneasler|Dire Claw|p2a: King Garthrecule\n|-resisted|p2a: King Garthrecule|1\n|-damage|p2a: King Garthrecule|7/100\n|-formechange|p1a: Aegislash|Aegislash-Blade|\n|move|p1a: Aegislash|Poltergeist|p2b: Dent Yunkletrip Jr\n|-activate|p2b: Dent Yunkletrip Jr|move: Protect\n|\n|upkeep\n|turn|5\n|inactive|Omegateck has 30 seconds left.\n|\n|t:|1776435364\n|move|p2a: King Garthrecule|Close Combat|p1b: Sneasler\n|-resisted|p1b: Sneasler|1\n|-damage|p1b: Sneasler|0 fnt\n|-unboost|p2a: King Garthrecule|def|1\n|-unboost|p2a: King Garthrecule|spd|1\n|faint|p1b: Sneasler\n|-formechange|p2b: Dent Yunkletrip Jr|Aegislash-Blade|\n|move|p2b: Dent Yunkletrip Jr|Poltergeist|p1a: Aegislash\n|-activate|p1a: Aegislash|move: Poltergeist|Spell Tag\n|-supereffective|p1a: Aegislash|1\n|-damage|p1a: Aegislash|0 fnt\n|faint|p1a: Aegislash\n|\n|win|Snog2273\n|raw|Omegateck's rating: 1423 &rarr; <strong>1400</strong><br />(-23 for losing)\n|raw|Snog2273's rating: 1363 &rarr; <strong>1386</strong><br />(+23 for winning)\n",
  "uploadtime": 1776435374,
  "views": 51,
  "formatid": "gen9championsvgc2026regma",
  "rating": 1386,
  "private": 0,
  "password": null
}