{
  "id": "gen9championsvgc2026regma-2586139683",
  "format": "[Gen 9 Champions] VGC 2026 Reg M-A",
  "players": [
    "Tepig_nNz_498",
    "SilverVT"
  ],
  "log": "|j|\u2606Tepig_nNz_498\n|j|\u2606SilverVT\n|t:|1776403958\n|gametype|doubles\n|player|p1|Tepig_nNz_498|169|1450\n|player|p2|SilverVT|silver-masters|1498\n|gen|9\n|tier|[Gen 9 Champions] VGC 2026 Reg M-A\n|rated|\n|rule|Species Clause: Limit one of each Pok\u00e9mon\n|rule|Item Clause: Limit 1 of each item\n|clearpoke\n|poke|p1|Politoed, L50, M|\n|poke|p1|Archaludon, L50, M|\n|poke|p1|Pelipper, L50, M|\n|poke|p1|Dragonite, L50, M|\n|poke|p1|Whimsicott, L50, F|\n|poke|p1|Basculegion, L50, M|\n|poke|p2|Whimsicott, L50, M|\n|poke|p2|Gardevoir, L50, M|\n|poke|p2|Garchomp, L50, F|\n|poke|p2|Incineroar, L50, M|\n|poke|p2|Sneasler, L50, M|\n|poke|p2|Farigiraf, L50, M|\n|teampreview|4\n|inactive|Battle timer is ON: inactive players will automatically lose when time's up. (requested by SilverVT)\n|\n|t:|1776403984\n|teamsize|p1|4\n|teamsize|p2|4\n|start\n|switch|p1a: Pelipper|Pelipper, L50, M|100/100\n|switch|p1b: Basculegion|Basculegion, L50, M|100/100\n|switch|p2a: Sneasler|Sneasler, L50, M|100/100\n|switch|p2b: Garchomp|Garchomp, L50, F|100/100\n|-weather|RainDance|[from] ability: Drizzle|[of] p1a: Pelipper\n|turn|1\n|\n|t:|1776404002\n|move|p2a: Sneasler|Fake Out|p1a: Pelipper\n|-damage|p1a: Pelipper|83/100\n|move|p1b: Basculegion|Flip Turn|p2a: Sneasler\n|-damage|p2a: Sneasler|0 fnt\n|faint|p2a: Sneasler\n|j| gokua2\n|\n|t:|1776404010\n|switch|p1b: Archaludon|Archaludon, L50, M|100/100|[from] Flip Turn\n|move|p2b: Garchomp|Rock Slide|p1b: Archaludon|[spread] p1a\n|-miss|p2b: Garchomp|p1b: Archaludon\n|-supereffective|p1a: Pelipper|1\n|-damage|p1a: Pelipper|39/100\n|-enditem|p1a: Pelipper|Sitrus Berry|[eat]\n|-heal|p1a: Pelipper|64/100|[from] item: Sitrus Berry\n|cant|p1a: Pelipper|flinch\n|\n|-weather|RainDance|[upkeep]\n|upkeep\n|j| GentleH\n|\n|t:|1776404022\n|switch|p2a: Whimsicott|Whimsicott, L50, M|100/100\n|turn|2\n|l| GentleH\n|\n|t:|1776404029\n|move|p2a: Whimsicott|Tailwind|p2a: Whimsicott\n|-sidestart|p2: SilverVT|move: Tailwind\n|move|p2b: Garchomp|Stomping Tantrum|p1b: Archaludon\n|-supereffective|p1b: Archaludon|1\n|-damage|p1b: Archaludon|36/100\n|-ability|p1b: Archaludon|Stamina|boost\n|-boost|p1b: Archaludon|def|1\n|move|p1b: Archaludon|Flash Cannon|p2a: Whimsicott\n|-supereffective|p2a: Whimsicott|1\n|-enditem|p2a: Whimsicott|Focus Sash\n|-damage|p2a: Whimsicott|1/100\n|move|p1a: Pelipper|Tailwind|p1a: Pelipper\n|-sidestart|p1: Tepig_nNz_498|move: Tailwind\n|\n|-weather|RainDance|[upkeep]\n|-heal|p1b: Archaludon|42/100|[from] item: Leftovers\n|upkeep\n|turn|3\n|inactive|Tepig_nNz_498 has 30 seconds left.\n|\n|t:|1776404061\n|switch|p1a: Dragonite|Dragonite, L50, M|100/100\n|move|p2a: Whimsicott|Encore||[still]\n|-fail|p2a: Whimsicott\n|move|p2b: Garchomp|Stomping Tantrum|p1b: Archaludon\n|-supereffective|p1b: Archaludon|1\n|-damage|p1b: Archaludon|0 fnt\n|faint|p1b: Archaludon\n|\n|-weather|RainDance|[upkeep]\n|upkeep\n|\n|t:|1776404073\n|switch|p1b: Basculegion|Basculegion, L50, M|100/100\n|turn|4\n|\n|t:|1776404094\n|detailschange|p1a: Dragonite|Dragonite-Mega, L50, M\n|-mega|p1a: Dragonite|Dragonite|Dragoninite\n|move|p1b: Basculegion|Flip Turn|p2a: Whimsicott\n|-resisted|p2a: Whimsicott|1\n|-damage|p2a: Whimsicott|0 fnt\n|faint|p2a: Whimsicott\n|\n|t:|1776404098\n|switch|p1b: Pelipper|Pelipper, L50, M|64/100|[from] Flip Turn\n|move|p2b: Garchomp|Dragon Claw|p1a: Dragonite\n|-supereffective|p1a: Dragonite|1\n|-damage|p1a: Dragonite|57/100\n|move|p1a: Dragonite|Dragon Pulse|p2b: Garchomp\n|-supereffective|p2b: Garchomp|1\n|-damage|p2b: Garchomp|0 fnt\n|faint|p2b: Garchomp\n|\n|-weather|RainDance|[upkeep]\n|upkeep\n|\n|t:|1776404110\n|switch|p2b: Gardevoir|Gardevoir, L50, M|100/100\n|-ability|p2b: Gardevoir|Multiscale|Trace|[from] ability: Trace|[of] p1a: Dragonite\n|turn|5\n|j| GentleH\n|\n|t:|1776404131\n|switch|p1b: Basculegion|Basculegion, L50, M|100/100\n|detailschange|p2b: Gardevoir|Gardevoir-Mega, L50, M\n|-mega|p2b: Gardevoir|Gardevoir|Gardevoirite\n|move|p1a: Dragonite|Hurricane|p2b: Gardevoir\n|-damage|p2b: Gardevoir|50/100\n|move|p2b: Gardevoir|Hyper Voice|p1b: Basculegion|[spread] p1a,p1b\n|-supereffective|p1a: Dragonite|1\n|-damage|p1a: Dragonite|0 fnt\n|-damage|p1b: Basculegion|37/100\n|faint|p1a: Dragonite\n|\n|-weather|none\n|-sideend|p2: SilverVT|move: Tailwind\n|-sideend|p1: Tepig_nNz_498|move: Tailwind\n|upkeep\n|\n|t:|1776404138\n|switch|p1a: Pelipper|Pelipper, L50, M|64/100\n|-weather|RainDance|[from] ability: Drizzle|[of] p1a: Pelipper\n|turn|6\n|-message|SilverVT forfeited.\n|\n|win|Tepig_nNz_498\n|raw|Tepig_nNz_498's rating: 1450 &rarr; <strong>1473</strong><br />(+23 for winning)\n|raw|SilverVT's rating: 1498 &rarr; <strong>1475</strong><br />(-23 for losing)\n|l|\u2606SilverVT\n|player|p2|\n|l|\u2606Tepig_nNz_498\n|player|p1|\n",
  "uploadtime": 1776404155,
  "views": 50,
  "formatid": "gen9championsvgc2026regma",
  "rating": 1473,
  "private": 0,
  "password": null
}