{
  "id": "gen9championsvgc2026regma-2583833532",
  "format": "[Gen 9 Champions] VGC 2026 Reg M-A",
  "players": [
    "sirae",
    "Srgt.Hunter"
  ],
  "log": "|j|\u2606sirae\n|j|\u2606Srgt.Hunter\n|t:|1776201290\n|gametype|doubles\n|player|p1|sirae|caitlin|1290\n|player|p2|Srgt.Hunter|hilbert-wonderlauncher|1205\n|gen|9\n|tier|[Gen 9 Champions] VGC 2026 Reg M-A\n|rated|\n|rule|Species Clause: Limit one of each Pok\u00e9mon\n|rule|Item Clause: Limit 1 of each item\n|clearpoke\n|poke|p1|Glimmora, L50, F|\n|poke|p1|Primarina, L50, F|\n|poke|p1|Chesnaught, L50, F|\n|poke|p1|Incineroar, L50, M|\n|poke|p1|Corviknight, L50, F|\n|poke|p1|Gengar, L50, F|\n|poke|p2|Garchomp, L50, M|\n|poke|p2|Incineroar, L50, F|\n|poke|p2|Meganium, L50, M|\n|poke|p2|Gyarados, L50, F|\n|poke|p2|Dragonite, L50, M|\n|poke|p2|Aerodactyl, L50, F|\n|teampreview|4\n|inactive|Battle timer is ON: inactive players will automatically lose when time's up. (requested by sirae)\n|inactive|Srgt.Hunter has 60 seconds left.\n|\n|t:|1776201325\n|teamsize|p1|4\n|teamsize|p2|4\n|start\n|switch|p1a: Gengar|Gengar, L50, F|100/100\n|switch|p1b: Incineroar|Incineroar, L50, M|100/100\n|switch|p2a: Incineroar|Incineroar, L50, F|100/100\n|switch|p2b: Dragonite|Dragonite, L50, M|100/100\n|-ability|p1b: Incineroar|Intimidate|boost\n|-unboost|p2a: Incineroar|atk|1\n|-fail|p2b: Dragonite|unboost|Attack|[from] ability: Inner Focus|[of] p2b: Dragonite\n|-ability|p2a: Incineroar|Intimidate|boost\n|-unboost|p1a: Gengar|atk|1\n|-unboost|p1b: Incineroar|atk|1\n|-enditem|p1b: Incineroar|White Herb\n|-clearnegativeboost|p1b: Incineroar|[silent]\n|turn|1\n|inactive|Srgt.Hunter has 30 seconds left.\n|\n|t:|1776201359\n|detailschange|p1a: Gengar|Gengar-Mega, L50, F\n|-mega|p1a: Gengar|Gengar|Gengarite\n|detailschange|p2b: Dragonite|Dragonite-Mega, L50, M\n|-mega|p2b: Dragonite|Dragonite|Dragoninite\n|move|p1b: Incineroar|Fake Out|p2a: Incineroar\n|-damage|p2a: Incineroar|91/100\n|cant|p2a: Incineroar|flinch\n|move|p1a: Gengar|Perish Song|p1a: Gengar\n|-start|p1a: Gengar|perish3|[silent]\n|-start|p1b: Incineroar|perish3|[silent]\n|-start|p2a: Incineroar|perish3|[silent]\n|-start|p2b: Dragonite|perish3|[silent]\n|-fieldactivate|move: Perish Song\n|move|p2b: Dragonite|Dragon Pulse|p1a: Gengar\n|-damage|p1a: Gengar|46/100\n|\n|-start|p1a: Gengar|perish3\n|-start|p2b: Dragonite|perish3\n|-start|p1b: Incineroar|perish3\n|-start|p2a: Incineroar|perish3\n|upkeep\n|turn|2\n|inactive|Srgt.Hunter has 30 seconds left.\n|inactive|Srgt.Hunter has 20 seconds left.\n|inactive|Srgt.Hunter has 15 seconds left.\n|inactive|Srgt.Hunter has 10 seconds left.\n|\n|t:|1776201404\n|move|p1a: Gengar|Protect|p1a: Gengar\n|-singleturn|p1a: Gengar|Protect\n|move|p2b: Dragonite|Thunderbolt|p1b: Incineroar\n|-damage|p1b: Incineroar|66/100\n|move|p1b: Incineroar|Parting Shot|p2b: Dragonite\n|-unboost|p2b: Dragonite|atk|1\n|-unboost|p2b: Dragonite|spa|1\n|\n|t:|1776201414\n|switch|p1b: Corviknight|Corviknight, L50, F|100/100|[from] Parting Shot\n|move|p2a: Incineroar|Parting Shot|p1b: Corviknight\n|-ability|p1b: Corviknight|Mirror Armor\n|-unboost|p2a: Incineroar|atk|1\n|-ability|p1b: Corviknight|Mirror Armor\n|-unboost|p2a: Incineroar|spa|1\n|inactive|Srgt.Hunter has 30 seconds left.\n|inactive|Srgt.Hunter has 20 seconds left.\n|\n|t:|1776201453\n|switch|p2a: Gyarados|Gyarados, L50, F|100/100|[from] Parting Shot\n|-ability|p2a: Gyarados|Intimidate|boost\n|-unboost|p1a: Gengar|atk|1\n|-ability|p1b: Corviknight|Mirror Armor\n|-unboost|p2a: Gyarados|atk|1\n|\n|-start|p1a: Gengar|perish2\n|-start|p2b: Dragonite|perish2\n|upkeep\n|turn|3\n|\n|t:|1776201467\n|switch|p1b: Incineroar|Incineroar, L50, M|66/100\n|-ability|p1b: Incineroar|Intimidate|boost\n|-unboost|p2a: Gyarados|atk|1\n|-unboost|p2b: Dragonite|atk|1\n|move|p1a: Gengar|Disable|p2b: Dragonite\n|-start|p2b: Dragonite|Disable|Thunderbolt\n|move|p2b: Dragonite|Dragon Pulse|p1a: Gengar\n|-damage|p1a: Gengar|8/100\n|move|p2a: Gyarados|Earthquake|p1a: Gengar|[spread] p1a,p1b\n|-immune|p2b: Dragonite\n|-supereffective|p1a: Gengar|1\n|-supereffective|p1b: Incineroar|1\n|-damage|p1a: Gengar|0 fnt\n|-damage|p1b: Incineroar|45/100\n|faint|p1a: Gengar\n|\n|-start|p2b: Dragonite|perish1\n|upkeep\n|\n|t:|1776201482\n|switch|p1a: Primarina|Primarina, L50, F|100/100\n|turn|4\n|\n|t:|1776201503\n|switch|p2b: Incineroar|Incineroar, L50, F|91/100\n|-ability|p2b: Incineroar|Intimidate|boost\n|-unboost|p1a: Primarina|atk|1\n|-unboost|p1b: Incineroar|atk|1\n|move|p1b: Incineroar|Fake Out|p2a: Gyarados\n|-damage|p2a: Gyarados|94/100\n|cant|p2a: Gyarados|flinch\n|move|p1a: Primarina|Hyper Voice|p2b: Incineroar|[spread] p2a,p2b\n|-resisted|p2a: Gyarados|1\n|-supereffective|p2b: Incineroar|1\n|-damage|p2a: Gyarados|82/100\n|-damage|p2b: Incineroar|30/100\n|\n|-heal|p2a: Gyarados|88/100|[from] item: Leftovers\n|upkeep\n|turn|5\n|\n|t:|1776201525\n|switch|p1b: Corviknight|Corviknight, L50, F|100/100\n|move|p1a: Primarina|Protect|p1a: Primarina\n|-singleturn|p1a: Primarina|Protect\n|move|p2b: Incineroar|Fake Out|p1a: Primarina\n|-activate|p1a: Primarina|move: Protect\n|move|p2a: Gyarados|Power Whip|p1a: Primarina\n|-activate|p1a: Primarina|move: Protect\n|\n|-heal|p2a: Gyarados|94/100|[from] item: Leftovers\n|upkeep\n|turn|6\n|inactive|sirae has 30 seconds left.\n|inactive|sirae has 20 seconds left.\n|inactive|sirae has 15 seconds left.\n|\n|t:|1776201569\n|switch|p1b: Incineroar|Incineroar, L50, M|45/100\n|-ability|p1b: Incineroar|Intimidate|boost\n|-unboost|p2a: Gyarados|atk|1\n|-unboost|p2b: Incineroar|atk|1\n|move|p2a: Gyarados|Power Whip|p1a: Primarina|[miss]\n|-miss|p2a: Gyarados|p1a: Primarina\n|move|p1a: Primarina|Hyper Voice|p2b: Incineroar|[spread] p2a,p2b\n|-resisted|p2a: Gyarados|1\n|-supereffective|p2b: Incineroar|1\n|-damage|p2a: Gyarados|82/100\n|-damage|p2b: Incineroar|0 fnt\n|faint|p2b: Incineroar\n|\n|-heal|p2a: Gyarados|88/100|[from] item: Leftovers\n|upkeep\n|\n|t:|1776201587\n|switch|p2b: Dragonite|Dragonite-Mega, L50, M|100/100\n|turn|7\n|inactive|Srgt.Hunter has 30 seconds left.\n|\n|t:|1776201619\n|move|p2b: Dragonite|Protect|p2b: Dragonite\n|-singleturn|p2b: Dragonite|Protect\n|move|p1b: Incineroar|Fake Out|p2b: Dragonite\n|-activate|p2b: Dragonite|move: Protect\n|move|p2a: Gyarados|Thunder Wave|p1a: Primarina\n|-status|p1a: Primarina|par\n|move|p1a: Primarina|Moonblast|p2b: Dragonite\n|-activate|p2b: Dragonite|move: Protect\n|\n|-heal|p2a: Gyarados|94/100|[from] item: Leftovers\n|upkeep\n|turn|8\n|inactive|sirae has 30 seconds left.\n|\n|t:|1776201646\n|move|p2b: Dragonite|Thunderbolt|p1a: Primarina\n|-supereffective|p1a: Primarina|1\n|-damage|p1a: Primarina|36/100 par\n|move|p2a: Gyarados|Thunder Wave|p1b: Incineroar\n|-status|p1b: Incineroar|par\n|move|p1b: Incineroar|Parting Shot|p2b: Dragonite\n|-unboost|p2b: Dragonite|atk|1\n|-unboost|p2b: Dragonite|spa|1\n|\n|t:|1776201655\n|switch|p1b: Corviknight|Corviknight, L50, F|100/100|[from] Parting Shot\n|move|p1a: Primarina|Moonblast|p2b: Dragonite\n|-supereffective|p2b: Dragonite|1\n|-damage|p2b: Dragonite|57/100\n|\n|-heal|p2a: Gyarados|99/100|[from] item: Leftovers\n|-heal|p1a: Primarina|42/100 par|[from] item: Leftovers\n|upkeep\n|turn|9\n|\n|t:|1776201678\n|move|p1a: Primarina|Protect|p1a: Primarina\n|-singleturn|p1a: Primarina|Protect\n|move|p2b: Dragonite|Thunderbolt|p1a: Primarina\n|-activate|p1a: Primarina|move: Protect\n|move|p2a: Gyarados|Earthquake|p1b: Corviknight|[spread] \n|-activate|p1a: Primarina|move: Protect\n|-immune|p2b: Dragonite\n|-immune|p1b: Corviknight\n|move|p1b: Corviknight|Iron Head|p2b: Dragonite\n|-crit|p2b: Dragonite\n|-damage|p2b: Dragonite|3/100\n|\n|-heal|p2a: Gyarados|100/100|[from] item: Leftovers\n|-heal|p1a: Primarina|48/100 par|[from] item: Leftovers\n|upkeep\n|turn|10\n|inactive|Srgt.Hunter has 30 seconds left.\n|\n|t:|1776201704\n|switch|p1a: Incineroar|Incineroar, L50, M|45/100 par\n|-ability|p1a: Incineroar|Intimidate|boost\n|-unboost|p2a: Gyarados|atk|1\n|-unboost|p2b: Dragonite|atk|1\n|move|p2b: Dragonite|Thunderbolt|p1a: Incineroar\n|-damage|p1a: Incineroar|22/100 par\n|move|p2a: Gyarados|Power Whip|p1a: Incineroar\n|-resisted|p1a: Incineroar|1\n|-damage|p1a: Incineroar|17/100 par\n|move|p1b: Corviknight|Iron Head|p2b: Dragonite\n|-damage|p2b: Dragonite|0 fnt\n|faint|p2b: Dragonite\n|\n|upkeep\n|inactive|Srgt.Hunter has 30 seconds left.\n|\n|t:|1776201736\n|switch|p2b: Aerodactyl|Aerodactyl, L50, F|100/100\n|-ability|p2b: Aerodactyl|Unnerve\n|turn|11\n|\n|t:|1776201749\n|move|p2b: Aerodactyl|Protect|p2b: Aerodactyl\n|-singleturn|p2b: Aerodactyl|Protect\n|move|p1a: Incineroar|Fake Out|p2b: Aerodactyl\n|-activate|p2b: Aerodactyl|move: Protect\n|move|p2a: Gyarados|Thunder Wave|p1b: Corviknight\n|-status|p1b: Corviknight|par\n|move|p1b: Corviknight|Iron Head|p2b: Aerodactyl\n|-activate|p2b: Aerodactyl|move: Protect\n|\n|upkeep\n|turn|12\n|\n|t:|1776201766\n|switch|p1a: Primarina|Primarina, L50, F|48/100 par\n|move|p2b: Aerodactyl|Rock Slide|p1a: Primarina|[spread] p1a,p1b\n|-damage|p1a: Primarina|24/100 par\n|-damage|p1b: Corviknight|77/100 par\n|move|p2a: Gyarados|Waterfall|p1a: Primarina\n|-resisted|p1a: Primarina|1\n|-damage|p1a: Primarina|19/100 par\n|move|p1b: Corviknight|Iron Head|p2b: Aerodactyl\n|-supereffective|p2b: Aerodactyl|1\n|-enditem|p2b: Aerodactyl|Focus Sash\n|-damage|p2b: Aerodactyl|1/100\n|\n|-heal|p1a: Primarina|25/100 par|[from] item: Leftovers\n|upkeep\n|turn|13\n|\n|t:|1776201789\n|move|p2b: Aerodactyl|Rock Slide|p1b: Corviknight|[spread] p1a,p1b\n|-damage|p1a: Primarina|0 fnt\n|-damage|p1b: Corviknight|57/100 par\n|faint|p1a: Primarina\n|move|p2a: Gyarados|Power Whip|p1b: Corviknight\n|-resisted|p1b: Corviknight|2\n|-damage|p1b: Corviknight|54/100 par\n|move|p1b: Corviknight|Bulk Up|p1b: Corviknight\n|-boost|p1b: Corviknight|atk|1\n|-boost|p1b: Corviknight|def|1\n|\n|upkeep\n|\n|t:|1776201792\n|switch|p1a: Incineroar|Incineroar, L50, M|17/100 par\n|-ability|p1a: Incineroar|Intimidate|boost\n|-unboost|p2a: Gyarados|atk|1\n|-unboost|p2b: Aerodactyl|atk|1\n|turn|14\n|\n|t:|1776201810\n|move|p2b: Aerodactyl|Protect|p2b: Aerodactyl\n|-singleturn|p2b: Aerodactyl|Protect\n|move|p1a: Incineroar|Fake Out|p2a: Gyarados\n|-damage|p2a: Gyarados|91/100\n|cant|p2a: Gyarados|flinch\n|move|p1b: Corviknight|Iron Head|p2b: Aerodactyl\n|-activate|p2b: Aerodactyl|move: Protect\n|\n|-heal|p2a: Gyarados|97/100|[from] item: Leftovers\n|upkeep\n|turn|15\n|\n|t:|1776201830\n|move|p2b: Aerodactyl|Rock Slide|p1b: Corviknight|[spread] p1a\n|-miss|p2b: Aerodactyl|p1b: Corviknight\n|-supereffective|p1a: Incineroar|1\n|-damage|p1a: Incineroar|0 fnt\n|faint|p1a: Incineroar\n|move|p2a: Gyarados|Waterfall|p1b: Corviknight\n|-damage|p1b: Corviknight|47/100 par\n|move|p1b: Corviknight|Iron Head|p2b: Aerodactyl\n|-supereffective|p2b: Aerodactyl|1\n|-damage|p2b: Aerodactyl|0 fnt\n|faint|p2b: Aerodactyl\n|\n|-heal|p2a: Gyarados|100/100|[from] item: Leftovers\n|upkeep\n|turn|16\n|inactive|Srgt.Hunter has 30 seconds left.\n|inactive|Srgt.Hunter has 20 seconds left.\n|inactive|sirae has 30 seconds left.\n|\n|t:|1776201861\n|move|p2a: Gyarados|Waterfall|p1b: Corviknight\n|-damage|p1b: Corviknight|40/100 par\n|move|p1b: Corviknight|Bulk Up|p1b: Corviknight\n|-boost|p1b: Corviknight|atk|1\n|-boost|p1b: Corviknight|def|1\n|\n|upkeep\n|turn|17\n|inactive|Srgt.Hunter has 20 seconds left this turn.\n|inactive|Srgt.Hunter has 15 seconds left.\n|inactive|Srgt.Hunter has 10 seconds left.\n|inactive|Srgt.Hunter has 5 seconds left.\n|-message|Srgt.Hunter lost due to inactivity.\n|\n|win|sirae\n|raw|sirae's rating: 1290 &rarr; <strong>1309</strong><br />(+19 for winning)\n|raw|Srgt.Hunter's rating: 1205 &rarr; <strong>1186</strong><br />(-19 for losing)\n|l|\u2606Srgt.Hunter\n|player|p2|\n",
  "uploadtime": 1776201952,
  "views": 24,
  "formatid": "gen9championsvgc2026regma",
  "rating": 1186,
  "private": 0,
  "password": null
}