{
  "id": "gen9championsvgc2026regma-2581162459",
  "format": "[Gen 9 Champions] VGC 2026 Reg M-A",
  "players": [
    "lizardon0516",
    "ternis"
  ],
  "log": "|j|\u2606lizardon0516\n|j|\u2606ternis\n|t:|1775965943\n|gametype|doubles\n|player|p1|lizardon0516|169|1000\n|player|p2|ternis|lucas|1001\n|gen|9\n|tier|[Gen 9 Champions] VGC 2026 Reg M-A\n|rated|\n|rule|Species Clause: Limit one of each Pok\u00e9mon\n|rule|Item Clause: Limit 1 of each item\n|clearpoke\n|poke|p1|Charizard, L50, M|\n|poke|p1|Milotic, L50, F|\n|poke|p1|Sinistcha, L50|\n|poke|p1|Incineroar, L50, M|\n|poke|p1|Sneasler, L50, F|\n|poke|p1|Aerodactyl, L50, F|\n|poke|p2|Incineroar, L50, F|\n|poke|p2|Floette-Eternal, L50, F|\n|poke|p2|Farigiraf, L50, M|\n|poke|p2|Gliscor, L50, M|\n|poke|p2|Sylveon, L50, F|\n|poke|p2|Arcanine-Hisui, L50, F|\n|teampreview|4\n|inactive|Battle timer is ON: inactive players will automatically lose when time's up. (requested by ternis)\n|\n|t:|1775965985\n|teamsize|p1|4\n|teamsize|p2|4\n|start\n|switch|p1a: Milotic|Milotic, L50, F, shiny|100/100\n|switch|p1b: Sneasler|Sneasler, L50, F|100/100\n|switch|p2a: Farigiraf|Farigiraf, L50, M|100/100\n|switch|p2b: Arcanine|Arcanine-Hisui, L50, F, shiny|100/100\n|turn|1\n|inactive|ternis has 30 seconds left.\n|\n|t:|1775966010\n|move|p1b: Sneasler|Protect|p1b: Sneasler\n|-singleturn|p1b: Sneasler|Protect\n|move|p2b: Arcanine|Protect|p2b: Arcanine\n|-singleturn|p2b: Arcanine|Protect\n|move|p1a: Milotic|Scald|p2b: Arcanine\n|-activate|p2b: Arcanine|move: Protect\n|move|p2a: Farigiraf|Trick Room|p2a: Farigiraf\n|-fieldstart|move: Trick Room|[of] p2a: Farigiraf\n|\n|upkeep\n|turn|2\n|inactive|ternis has 30 seconds left.\n|inactive|ternis has 20 seconds left.\n|inactive|ternis has 15 seconds left.\n|\n|t:|1775966055\n|switch|p1b: Sinistcha|Sinistcha, L50|100/100\n|move|p2a: Farigiraf|Foul Play|p1b: Sinistcha\n|-supereffective|p1b: Sinistcha|1\n|-damage|p1b: Sinistcha|78/100\n|move|p2b: Arcanine|Head Smash|p1b: Sinistcha\n|-damage|p1b: Sinistcha|14/100\n|move|p1a: Milotic|Scald|p2b: Arcanine\n|-supereffective|p2b: Arcanine|2\n|-damage|p2b: Arcanine|0 fnt\n|faint|p2b: Arcanine\n|\n|upkeep\n|\n|t:|1775966072\n|switch|p2b: Floette|Floette-Eternal, L50, F|100/100\n|turn|3\n|\n|t:|1775966083\n|detailschange|p2b: Floette|Floette-Mega, L50, F\n|-mega|p2b: Floette|Floette|Floettite\n|-ability|p2b: Floette|Fairy Aura\n|move|p2a: Farigiraf|Foul Play|p1b: Sinistcha\n|-supereffective|p1b: Sinistcha|1\n|-damage|p1b: Sinistcha|0 fnt\n|faint|p1b: Sinistcha\n|move|p1a: Milotic|Scald|p2b: Floette\n|-damage|p2b: Floette|80/100\n|move|p2b: Floette|Moonblast|p1a: Milotic\n|-damage|p1a: Milotic|51/100\n|\n|-heal|p1a: Milotic|57/100|[from] item: Leftovers\n|upkeep\n|\n|t:|1775966100\n|switch|p1b: Charizard|Charizard, L50, M, shiny|100/100\n|turn|4\n|\n|t:|1775966115\n|move|p2a: Farigiraf|Helping Hand|p2b: Floette\n|-singleturn|p2b: Floette|Helping Hand|[of] p2a: Farigiraf\n|move|p1b: Charizard|Protect|p1b: Charizard\n|-singleturn|p1b: Charizard|Protect\n|move|p1a: Milotic|Scald|p2b: Floette\n|-damage|p2b: Floette|59/100\n|move|p2b: Floette|Light of Ruin|p1b: Charizard\n|-activate|p1b: Charizard|move: Protect\n|\n|-heal|p1a: Milotic|63/100|[from] item: Leftovers\n|upkeep\n|turn|5\n|\n|t:|1775966135\n|detailschange|p1b: Charizard|Charizard-Mega-X, L50, M, shiny\n|-mega|p1b: Charizard|Charizard|Charizardite X\n|move|p2a: Farigiraf|Helping Hand|p2b: Floette\n|-singleturn|p2b: Floette|Helping Hand|[of] p2a: Farigiraf\n|move|p1a: Milotic|Scald|p2b: Floette\n|-damage|p2b: Floette|37/100\n|move|p2b: Floette|Light of Ruin|p1b: Charizard\n|-damage|p1b: Charizard|0 fnt\n|faint|p1b: Charizard\n|-damage|p2b: Floette|0 fnt|[from] Recoil\n|faint|p2b: Floette\n|\n|-heal|p1a: Milotic|69/100|[from] item: Leftovers\n|-fieldend|move: Trick Room\n|upkeep\n|\n|t:|1775966153\n|switch|p1b: Sneasler|Sneasler, L50, F|100/100\n|switch|p2b: Incineroar|Incineroar, L50, F, shiny|100/100\n|-ability|p2b: Incineroar|Intimidate|boost\n|-unboost|p1a: Milotic|atk|1\n|-ability|p1a: Milotic|Competitive|boost\n|-boost|p1a: Milotic|spa|2\n|-unboost|p1b: Sneasler|atk|1\n|-enditem|p1b: Sneasler|White Herb\n|-clearnegativeboost|p1b: Sneasler|[silent]\n|turn|6\n|\n|t:|1775966173\n|move|p2b: Incineroar|Protect|p2b: Incineroar\n|-singleturn|p2b: Incineroar|Protect\n|move|p1b: Sneasler|Dire Claw|p2a: Farigiraf\n|-damage|p2a: Farigiraf|63/100\n|-status|p2a: Farigiraf|par\n|move|p1a: Milotic|Scald|p2b: Incineroar\n|-activate|p2b: Incineroar|move: Protect\n|move|p2a: Farigiraf|Trick Room|p2a: Farigiraf\n|-fieldstart|move: Trick Room|[of] p2a: Farigiraf\n|\n|-heal|p1a: Milotic|75/100|[from] item: Leftovers\n|upkeep\n|turn|7\n|\n|t:|1775966197\n|move|p1b: Sneasler|Protect|p1b: Sneasler\n|-singleturn|p1b: Sneasler|Protect\n|cant|p2a: Farigiraf|par\n|move|p2b: Incineroar|Flare Blitz|p1b: Sneasler\n|-activate|p1b: Sneasler|move: Protect\n|move|p1a: Milotic|Scald|p2b: Incineroar\n|-supereffective|p2b: Incineroar|1\n|-damage|p2b: Incineroar|3/100\n|-enditem|p2b: Incineroar|Sitrus Berry|[eat]\n|-heal|p2b: Incineroar|28/100|[from] item: Sitrus Berry\n|\n|-heal|p1a: Milotic|81/100|[from] item: Leftovers\n|upkeep\n|turn|8\n|-message|ternis forfeited.\n|\n|win|lizardon0516\n|raw|lizardon0516's rating: 1000 &rarr; <strong>1040</strong><br />(+40 for winning)\n|raw|ternis's rating: 1001 &rarr; <strong>1000</strong><br />(-1 for losing)\n|l|\u2606ternis\n|player|p2|\n",
  "uploadtime": 1775966217,
  "views": 30,
  "formatid": "gen9championsvgc2026regma",
  "rating": 1000,
  "private": 0,
  "password": null
}