{
  "id": "gen9championsvgc2026regma-2581570354",
  "format": "[Gen 9 Champions] VGC 2026 Reg M-A",
  "players": [
    "phareon",
    "500cake"
  ],
  "log": "|j|\u203dphareon\n|j|\u203d500cake\n|t:|1776011800\n|gametype|doubles\n|player|p1|phareon|265|1125\n|player|p2|500cake|169|1157\n|gen|9\n|tier|[Gen 9 Champions] VGC 2026 Reg M-A\n|rated|\n|rule|Species Clause: Limit one of each Pok\u00e9mon\n|rule|Item Clause: Limit 1 of each item\n|clearpoke\n|poke|p1|Feraligatr, L50, F|\n|poke|p1|Aerodactyl, L50, F|\n|poke|p1|Maushold, L50|\n|poke|p1|Milotic, L50, F|\n|poke|p1|Gengar, L50, F|\n|poke|p1|Infernape, L50, M|\n|poke|p2|Rotom-Wash, L50|\n|poke|p2|Kingambit, L50, F|\n|poke|p2|Garchomp, L50, F|\n|poke|p2|Clefable, L50, F|\n|poke|p2|Froslass, L50, F|\n|poke|p2|Sneasler, L50, M|\n|teampreview|4\n|\n|t:|1776011829\n|teamsize|p1|4\n|teamsize|p2|4\n|start\n|switch|p1a: Aerodactyl|Aerodactyl, L50, F|100/100\n|switch|p1b: Infernape|Infernape, L50, M|100/100\n|switch|p2a: Sneasler|Sneasler, L50, M|100/100\n|switch|p2b: Rotom|Rotom-Wash, L50|100/100\n|-ability|p1a: Aerodactyl|Unnerve\n|turn|1\n|\n|t:|1776011857\n|move|p1a: Aerodactyl|Protect|p1a: Aerodactyl\n|-singleturn|p1a: Aerodactyl|Protect\n|move|p2a: Sneasler|Fake Out|p1b: Infernape\n|-damage|p1b: Infernape|75/100\n|move|p2b: Rotom|Thunderbolt|p1a: Aerodactyl\n|-activate|p1a: Aerodactyl|move: Protect\n|cant|p1b: Infernape|flinch\n|\n|upkeep\n|turn|2\n|\n|t:|1776011876\n|switch|p1a: Maushold|Maushold, L50|100/100\n|move|p2b: Rotom|Thunderbolt|p1a: Maushold\n|-damage|p1a: Maushold|56/100\n|move|p1b: Infernape|Will-O-Wisp|p2a: Sneasler\n|-status|p2a: Sneasler|brn\n|move|p2a: Sneasler|Close Combat|p1a: Maushold\n|-supereffective|p1a: Maushold|1\n|-damage|p1a: Maushold|0 fnt\n|-unboost|p2a: Sneasler|def|1\n|-unboost|p2a: Sneasler|spd|1\n|faint|p1a: Maushold\n|-enditem|p2a: Sneasler|White Herb\n|-clearnegativeboost|p2a: Sneasler|[silent]\n|\n|-damage|p2a: Sneasler|95/100 brn|[from] brn\n|upkeep\n|\n|t:|1776011888\n|switch|p1a: Gengar|Gengar, L50, F|100/100\n|turn|3\n|\n|t:|1776011909\n|detailschange|p1a: Gengar|Gengar-Mega, L50, F\n|-mega|p1a: Gengar|Gengar|Gengarite\n|move|p2a: Sneasler|Dire Claw|p1b: Infernape\n|-damage|p1b: Infernape|35/100\n|move|p2b: Rotom|Thunderbolt|p1a: Gengar\n|-damage|p1a: Gengar|51/100\n|move|p1a: Gengar|Shadow Ball|p2b: Rotom\n|-damage|p2b: Rotom|46/100\n|-unboost|p2b: Rotom|spd|1\n|move|p1b: Infernape|Close Combat|p2b: Rotom\n|-damage|p2b: Rotom|0 fnt\n|-unboost|p1b: Infernape|def|1\n|-unboost|p1b: Infernape|spd|1\n|faint|p2b: Rotom\n|-heal|p1b: Infernape|40/100|[from] item: Shell Bell|[of] p2: Rotom\n|\n|-damage|p2a: Sneasler|89/100 brn|[from] brn\n|upkeep\n|\n|t:|1776011933\n|switch|p2b: Froslass|Froslass, L50, F|100/100\n|turn|4\n|\n|t:|1776011950\n|switch|p1b: Aerodactyl|Aerodactyl, L50, F|100/100\n|-ability|p1b: Aerodactyl|Unnerve\n|detailschange|p2b: Froslass|Froslass-Mega, L50, F\n|-mega|p2b: Froslass|Froslass|Froslassite\n|-weather|Snowscape|[from] ability: Snow Warning|[of] p2b: Froslass\n|move|p2a: Sneasler|Close Combat|p1b: Aerodactyl\n|-damage|p1b: Aerodactyl|50/100\n|-unboost|p2a: Sneasler|def|1\n|-unboost|p2a: Sneasler|spd|1\n|move|p1a: Gengar|Shadow Ball|p2a: Sneasler\n|-damage|p2a: Sneasler|0 fnt\n|faint|p2a: Sneasler\n|move|p2b: Froslass|Blizzard|p1a: Gengar|[spread] p1a,p1b\n|-supereffective|p1b: Aerodactyl|1\n|-damage|p1a: Gengar|0 fnt\n|-damage|p1b: Aerodactyl|0 fnt\n|faint|p1a: Gengar\n|faint|p1b: Aerodactyl\n|\n|-weather|Snowscape|[upkeep]\n|upkeep\n|\n|t:|1776011972\n|switch|p1b: Infernape|Infernape, L50, M|40/100\n|switch|p2a: Garchomp|Garchomp, L50, F|100/100\n|turn|5\n|\n|t:|1776011982\n|move|p2b: Froslass|Shadow Ball|p1b: Infernape\n|-damage|p1b: Infernape|0 fnt\n|faint|p1b: Infernape\n|\n|win|500cake\n|raw|phareon's rating: 1125 &rarr; <strong>1102</strong><br />(-23 for losing)\n|raw|500cake's rating: 1157 &rarr; <strong>1180</strong><br />(+23 for winning)\n|l|\u203dphareon\n|player|p1|\n",
  "uploadtime": 1776011991,
  "views": 27,
  "formatid": "gen9championsvgc2026regma",
  "rating": 1102,
  "private": 0,
  "password": null
}