{
  "id": "gen9championsvgc2026regma-2588706724",
  "format": "[Gen 9 Champions] VGC 2026 Reg M-A",
  "players": [
    "zeimei",
    "ScribbleScribble"
  ],
  "log": "|j|\u2606zeimei\n|j|\u2606ScribbleScribble\n|t:|1776660086\n|gametype|doubles\n|player|p1|zeimei|170|1544\n|player|p2|ScribbleScribble|mina-lgpe|1574\n|gen|9\n|tier|[Gen 9 Champions] VGC 2026 Reg M-A\n|rated|\n|rule|Species Clause: Limit one of each Pok\u00e9mon\n|rule|Item Clause: Limit 1 of each item\n|clearpoke\n|poke|p1|Incineroar, L50, M|\n|poke|p1|Rotom-Wash, L50|\n|poke|p1|Sneasler, L50, M|\n|poke|p1|Drampa, L50, M|\n|poke|p1|Kingambit, L50, M|\n|poke|p1|Sinistcha, L50|\n|poke|p2|Basculegion, L50, M|\n|poke|p2|Venusaur, L50, M|\n|poke|p2|Dragonite, L50, F|\n|poke|p2|Politoed, L50, M|\n|poke|p2|Archaludon, L50, F|\n|poke|p2|Tauros-Paldea-Blaze, L50, M|\n|teampreview|4\n|inactive|Battle timer is ON: inactive players will automatically lose when time's up. (requested by ScribbleScribble)\n|inactive|ScribbleScribble has 60 seconds left.\n|inactive|zeimei has 60 seconds left.\n|\n|t:|1776660130\n|teamsize|p1|4\n|teamsize|p2|4\n|start\n|switch|p1a: Sinistcha|Sinistcha, L50|100/100\n|switch|p1b: Drampa|Drampa, L50, M|100/100\n|switch|p2a: Politoed|Politoed, L50, M|100/100\n|switch|p2b: Venusaur|Venusaur, L50, M|100/100\n|-weather|RainDance|[from] ability: Drizzle|[of] p2a: Politoed\n|-ability|p1b: Drampa|Cloud Nine\n|turn|1\n|\n|t:|1776660153\n|detailschange|p2b: Venusaur|Venusaur-Mega, L50, M\n|-mega|p2b: Venusaur|Venusaur|Venusaurite\n|move|p2b: Venusaur|Sleep Powder|p1b: Drampa\n|-status|p1b: Drampa|slp|[from] move: Sleep Powder\n|move|p2a: Politoed|Perish Song|p2a: Politoed\n|-start|p1a: Sinistcha|perish3|[silent]\n|-start|p1b: Drampa|perish3|[silent]\n|-start|p2a: Politoed|perish3|[silent]\n|-start|p2b: Venusaur|perish3|[silent]\n|-fieldactivate|move: Perish Song\n|cant|p1b: Drampa|slp\n|move|p1a: Sinistcha|Trick Room|p1a: Sinistcha\n|-fieldstart|move: Trick Room|[of] p1a: Sinistcha\n|\n|-weather|RainDance|[upkeep]\n|-start|p1b: Drampa|perish3\n|-start|p1a: Sinistcha|perish3\n|-start|p2a: Politoed|perish3\n|-start|p2b: Venusaur|perish3\n|upkeep\n|turn|2\n|\n|t:|1776660172\n|switch|p2a: Archaludon|Archaludon, L50, F|100/100\n|-curestatus|p1b: Drampa|slp|[msg]\n|move|p1b: Drampa|Heat Wave|p2b: Venusaur|[spread] p2a,p2b\n|-supereffective|p2b: Venusaur|1\n|-damage|p2a: Archaludon|72/100\n|-damage|p2b: Venusaur|80/100\n|-ability|p2a: Archaludon|Stamina|boost\n|-boost|p2a: Archaludon|def|1\n|move|p1a: Sinistcha|Matcha Gotcha|p2a: Archaludon|[spread] p2b\n|-miss|p1a: Sinistcha|p2a: Archaludon\n|-resisted|p2b: Venusaur|2\n|-damage|p2b: Venusaur|76/100\n|move|p2b: Venusaur|Sludge Bomb|p1b: Drampa\n|-damage|p1b: Drampa|62/100\n|\n|-weather|RainDance|[upkeep]\n|-heal|p2a: Archaludon|78/100|[from] item: Leftovers\n|-start|p1b: Drampa|perish2\n|-start|p1a: Sinistcha|perish2\n|-start|p2b: Venusaur|perish2\n|upkeep\n|turn|3\n|j|+Aldrich\n|inactive|zeimei has 30 seconds left.\n|\n|t:|1776660204\n|detailschange|p1b: Drampa|Drampa-Mega, L50, M\n|-mega|p1b: Drampa|Drampa|Drampanite\n|move|p2a: Archaludon|Protect|p2a: Archaludon\n|-singleturn|p2a: Archaludon|Protect\n|move|p1b: Drampa|Dragon Pulse|p2a: Archaludon\n|-activate|p2a: Archaludon|move: Protect\n|move|p1a: Sinistcha|Life Dew||[still]|[spread] p1a,p1b\n|-fail|p1a: Sinistcha|heal\n|-heal|p1b: Drampa|86/100\n|move|p2b: Venusaur|Sleep Powder|p1b: Drampa\n|-status|p1b: Drampa|slp|[from] move: Sleep Powder\n|\n|-weather|RainDance|[upkeep]\n|-heal|p2a: Archaludon|84/100|[from] item: Leftovers\n|-start|p1b: Drampa|perish1\n|-start|p1a: Sinistcha|perish1\n|-start|p2b: Venusaur|perish1\n|upkeep\n|turn|4\n|\n|t:|1776660215\n|switch|p1b: Incineroar|Incineroar, L50, M|100/100\n|-ability|p1b: Incineroar|Intimidate|boost\n|-unboost|p2a: Archaludon|atk|1\n|-unboost|p2b: Venusaur|atk|1\n|switch|p1a: Rotom|Rotom-Wash, L50|100/100\n|switch|p2b: Politoed|Politoed, L50, M|100/100\n|move|p2a: Archaludon|Electro Shot||[still]\n|-prepare|p2a: Archaludon|Electro Shot\n|-boost|p2a: Archaludon|spa|1\n|-anim|p2a: Archaludon|Electro Shot|p1a: Rotom\n|-damage|p1a: Rotom|38/100\n|\n|-weather|RainDance|[upkeep]\n|-heal|p1a: Rotom|44/100|[from] item: Leftovers\n|-heal|p2a: Archaludon|90/100|[from] item: Leftovers\n|upkeep\n|turn|5\n|\n|t:|1776660236\n|move|p1b: Incineroar|Fake Out|p2a: Archaludon\n|-resisted|p2a: Archaludon|1\n|-damage|p2a: Archaludon|88/100\n|-ability|p2a: Archaludon|Stamina|boost\n|-boost|p2a: Archaludon|def|1\n|move|p2b: Politoed|Muddy Water|p1a: Rotom|[spread] p1a,p1b\n|-resisted|p1a: Rotom|1\n|-supereffective|p1b: Incineroar|1\n|-damage|p1a: Rotom|27/100\n|-damage|p1b: Incineroar|41/100\n|-unboost|p1a: Rotom|accuracy|1\n|-enditem|p1b: Incineroar|Sitrus Berry|[eat]\n|-heal|p1b: Incineroar|66/100|[from] item: Sitrus Berry\n|move|p1a: Rotom|Thunderbolt|p2b: Politoed|[miss]\n|-miss|p1a: Rotom|p2b: Politoed\n|cant|p2a: Archaludon|flinch\n|\n|-weather|none\n|-heal|p1a: Rotom|32/100|[from] item: Leftovers\n|-heal|p2a: Archaludon|94/100|[from] item: Leftovers\n|-fieldend|move: Trick Room\n|upkeep\n|turn|6\n|inactive|ScribbleScribble has 30 seconds left.\n|\n|t:|1776660265\n|switch|p2b: Venusaur|Venusaur-Mega, L50, M|76/100\n|move|p2a: Archaludon|Draco Meteor|p1b: Incineroar\n|-damage|p1b: Incineroar|0 fnt\n|-unboost|p2a: Archaludon|spa|2\n|faint|p1b: Incineroar\n|move|p1a: Rotom|Thunderbolt|p2b: Venusaur\n|-resisted|p2b: Venusaur|1\n|-damage|p2b: Venusaur|64/100\n|-status|p2b: Venusaur|par\n|\n|-heal|p2a: Archaludon|99/100|[from] item: Leftovers\n|-heal|p1a: Rotom|38/100|[from] item: Leftovers\n|upkeep\n|\n|t:|1776660281\n|switch|p1b: Drampa|Drampa-Mega, L50, M|86/100 slp\n|turn|7\n|\n|t:|1776660289\n|switch|p1a: Sinistcha|Sinistcha, L50|100/100\n|-heal|p1b: Drampa|100/100 slp|[from] ability: Hospitality|[of] p1a: Sinistcha\n|move|p2a: Archaludon|Draco Meteor|p1b: Drampa\n|-supereffective|p1b: Drampa|1\n|-damage|p1b: Drampa|29/100 slp\n|-unboost|p2a: Archaludon|spa|2\n|-ability|p1b: Drampa|Berserk|boost\n|-boost|p1b: Drampa|spa|1\n|move|p2b: Venusaur|Sludge Bomb|p1b: Drampa\n|-damage|p1b: Drampa|0 fnt\n|faint|p1b: Drampa\n|\n|-heal|p2a: Archaludon|100/100|[from] item: Leftovers\n|upkeep\n|\n|t:|1776660306\n|switch|p1b: Rotom|Rotom-Wash, L50|38/100\n|turn|8\n|\n|t:|1776660315\n|move|p2a: Archaludon|Draco Meteor|p1b: Rotom\n|-damage|p1b: Rotom|11/100\n|-unboost|p2a: Archaludon|spa|2\n|move|p1b: Rotom|Thunderbolt|p2a: Archaludon\n|-resisted|p2a: Archaludon|1\n|-damage|p2a: Archaludon|78/100\n|-ability|p2a: Archaludon|Stamina|boost\n|-boost|p2a: Archaludon|def|1\n|move|p1a: Sinistcha|Matcha Gotcha|p2b: Venusaur|[spread] p2a,p2b\n|-resisted|p2a: Archaludon|2\n|-resisted|p2b: Venusaur|2\n|-damage|p2a: Archaludon|72/100\n|-damage|p2b: Venusaur|59/100 par\n|-ability|p2a: Archaludon|Stamina|boost\n|-boost|p2a: Archaludon|def|1\n|move|p2b: Venusaur|Sludge Bomb|p1b: Rotom\n|-damage|p1b: Rotom|0 fnt\n|faint|p1b: Rotom\n|\n|-heal|p2a: Archaludon|78/100|[from] item: Leftovers\n|upkeep\n|turn|9\n|\n|t:|1776660337\n|switch|p2a: Tauros|Tauros-Paldea-Blaze, L50, M|100/100\n|-ability|p2a: Tauros|Intimidate|boost\n|-unboost|p1a: Sinistcha|atk|1\n|move|p1a: Sinistcha|Life Dew||[still]\n|-fail|p1a: Sinistcha|heal\n|move|p2b: Venusaur|Sludge Bomb|p1a: Sinistcha\n|-damage|p1a: Sinistcha|63/100\n|\n|upkeep\n|turn|10\n|\n|t:|1776660343\n|move|p2a: Tauros|Flare Blitz|p1a: Sinistcha\n|-supereffective|p1a: Sinistcha|1\n|-enditem|p1a: Sinistcha|Occa Berry|[eat]\n|-enditem|p1a: Sinistcha|Occa Berry|[weaken]\n|-damage|p1a: Sinistcha|22/100\n|-damage|p2a: Tauros|87/100|[from] Recoil\n|move|p1a: Sinistcha|Life Dew|p1a: Sinistcha\n|-heal|p1a: Sinistcha|47/100\n|move|p2b: Venusaur|Sludge Bomb|p1a: Sinistcha\n|-damage|p1a: Sinistcha|7/100\n|-status|p1a: Sinistcha|psn\n|\n|-damage|p1a: Sinistcha|0 fnt|[from] psn\n|faint|p1a: Sinistcha\n|\n|win|ScribbleScribble\n|raw|zeimei's rating: 1544 &rarr; <strong>1526</strong><br />(-18 for losing)\n|raw|ScribbleScribble's rating: 1574 &rarr; <strong>1592</strong><br />(+18 for winning)\n|c|\u2606ScribbleScribble|gg\n",
  "uploadtime": 1776660353,
  "views": 10,
  "formatid": "gen9championsvgc2026regma",
  "rating": 1526,
  "private": 0,
  "password": null
}