{
  "id": "gen9championsvgc2026regma-2586150564",
  "format": "[Gen 9 Champions] VGC 2026 Reg M-A",
  "players": [
    "AstolfoLegend27",
    "TinoD"
  ],
  "log": "|j|\u2606AstolfoLegend27\n|j|\u2606TinoD\n|t:|1776405400\n|gametype|doubles\n|player|p1|AstolfoLegend27|elesa|1107\n|player|p2|TinoD|preschooler|1040\n|gen|9\n|tier|[Gen 9 Champions] VGC 2026 Reg M-A\n|rated|\n|rule|Species Clause: Limit one of each Pok\u00e9mon\n|rule|Item Clause: Limit 1 of each item\n|clearpoke\n|poke|p1|Tyranitar, L50, M|\n|poke|p1|Milotic, L50, F|\n|poke|p1|Skarmory, L50, F|\n|poke|p1|Lucario, L50, F|\n|poke|p1|Aerodactyl, L50, F|\n|poke|p1|Sinistcha, L50|\n|poke|p2|Dragonite, L50, F|\n|poke|p2|Incineroar, L50, F|\n|poke|p2|Pelipper, L50, F|\n|poke|p2|Garchomp, L50, M|\n|poke|p2|Basculegion, L50, M|\n|poke|p2|Rotom-Wash, L50|\n|teampreview|4\n|inactive|Battle timer is ON: inactive players will automatically lose when time's up. (requested by TinoD)\n|inactive|TinoD has 60 seconds left.\n|\n|t:|1776405446\n|teamsize|p1|4\n|teamsize|p2|4\n|start\n|switch|p1a: Milotic|Milotic, L50, F|100/100\n|switch|p1b: Aerodactyl|Aerodactyl, L50, F|100/100\n|switch|p2a: Basculegion|Basculegion, L50, M|100/100\n|switch|p2b: Rotom|Rotom-Wash, L50|100/100\n|-ability|p1b: Aerodactyl|Unnerve\n|turn|1\n|inactive|AstolfoLegend27 has 30 seconds left.\n|inactive|TinoD has 30 seconds left.\n|inactive|TinoD has 20 seconds left.\n|inactive|TinoD has 15 seconds left.\n|\n|t:|1776405491\n|move|p1b: Aerodactyl|Tailwind|p1b: Aerodactyl\n|-sidestart|p1: AstolfoLegend27|move: Tailwind\n|move|p1a: Milotic|Scald|p2a: Basculegion\n|-resisted|p2a: Basculegion|1\n|-damage|p2a: Basculegion|81/100\n|-status|p2a: Basculegion|brn\n|move|p2a: Basculegion|Last Respects|p1a: Milotic\n|-damage|p1a: Milotic|87/100\n|move|p2b: Rotom|Will-O-Wisp|p1b: Aerodactyl\n|-status|p1b: Aerodactyl|brn\n|\n|-damage|p1b: Aerodactyl|95/100 brn|[from] brn\n|-damage|p2a: Basculegion|76/100 brn|[from] brn\n|upkeep\n|turn|2\n|\n|t:|1776405515\n|move|p1b: Aerodactyl|Protect|p1b: Aerodactyl\n|-singleturn|p1b: Aerodactyl|Protect\n|move|p2a: Basculegion|Protect|p2a: Basculegion\n|-singleturn|p2a: Basculegion|Protect\n|move|p1a: Milotic|Scald|p2a: Basculegion\n|-activate|p2a: Basculegion|move: Protect\n|move|p2b: Rotom|Will-O-Wisp|p1a: Milotic|[miss]\n|-miss|p2b: Rotom|p1a: Milotic\n|\n|-damage|p1b: Aerodactyl|89/100 brn|[from] brn\n|-damage|p2a: Basculegion|70/100 brn|[from] brn\n|upkeep\n|turn|3\n|\n|t:|1776405532\n|switch|p2b: Pelipper|Pelipper, L50, F|100/100\n|-weather|RainDance|[from] ability: Drizzle|[of] p2b: Pelipper\n|move|p1b: Aerodactyl|Rock Slide|p2a: Basculegion|[spread] p2a,p2b\n|-supereffective|p2b: Pelipper|1\n|-damage|p2a: Basculegion|56/100 brn\n|-damage|p2b: Pelipper|67/100\n|move|p1a: Milotic|Scald|p2a: Basculegion\n|-resisted|p2a: Basculegion|1\n|-damage|p2a: Basculegion|24/100 brn\n|move|p2a: Basculegion|Wave Crash|p1b: Aerodactyl\n|-supereffective|p1b: Aerodactyl|1\n|-damage|p1b: Aerodactyl|0 fnt\n|faint|p1b: Aerodactyl\n|-damage|p2a: Basculegion|2/100 brn|[from] Recoil\n|\n|-weather|RainDance|[upkeep]\n|-damage|p2a: Basculegion|0 fnt|[from] brn\n|faint|p2a: Basculegion\n|upkeep\n|\n|t:|1776405550\n|switch|p1b: Lucario|Lucario, L50, F|100/100\n|switch|p2a: Garchomp|Garchomp, L50, M|100/100\n|turn|4\n|\n|t:|1776405574\n|move|p2a: Garchomp|Protect|p2a: Garchomp\n|-singleturn|p2a: Garchomp|Protect\n|move|p1b: Lucario|Bullet Punch|p2b: Pelipper\n|-resisted|p2b: Pelipper|1\n|-damage|p2b: Pelipper|52/100\n|move|p1a: Milotic|Ice Beam|p2a: Garchomp\n|-activate|p2a: Garchomp|move: Protect\n|move|p2b: Pelipper|U-turn|p1a: Milotic\n|-damage|p1a: Milotic|75/100\n|\n|t:|1776405585\n|switch|p2b: Rotom|Rotom-Wash, L50|100/100|[from] U-turn\n|\n|-weather|RainDance|[upkeep]\n|-sideend|p1: AstolfoLegend27|move: Tailwind\n|upkeep\n|turn|5\n|\n|t:|1776405601\n|move|p1b: Lucario|Bullet Punch|p2a: Garchomp\n|-damage|p2a: Garchomp|73/100\n|-damage|p1b: Lucario|88/100|[from] ability: Rough Skin|[of] p2a: Garchomp\n|move|p2a: Garchomp|Earthquake|p1a: Milotic|[spread] p1a,p1b\n|-immune|p2b: Rotom|[from] ability: Levitate\n|-supereffective|p1b: Lucario|1\n|-damage|p1a: Milotic|25/100\n|-damage|p1b: Lucario|0 fnt\n|-enditem|p1a: Milotic|Sitrus Berry|[eat]\n|-heal|p1a: Milotic|50/100|[from] item: Sitrus Berry\n|faint|p1b: Lucario\n|move|p1a: Milotic|Ice Beam|p2a: Garchomp\n|-supereffective|p2a: Garchomp|2\n|-crit|p2a: Garchomp\n|-damage|p2a: Garchomp|0 fnt\n|faint|p2a: Garchomp\n|move|p2b: Rotom|Volt Switch|p1a: Milotic\n|-supereffective|p1a: Milotic|1\n|-damage|p1a: Milotic|5/100\n|\n|t:|1776405615\n|switch|p2b: Pelipper|Pelipper, L50, F|52/100|[from] Volt Switch\n|\n|-weather|RainDance|[upkeep]\n|upkeep\n|\n|t:|1776405620\n|switch|p2a: Rotom|Rotom-Wash, L50|100/100\n|switch|p1b: Skarmory|Skarmory, L50, F|100/100\n|turn|6\n|\n|t:|1776405637\n|detailschange|p1b: Skarmory|Skarmory-Mega, L50, F\n|-mega|p1b: Skarmory|Skarmory|Skarmorite\n|move|p1a: Milotic|Helping Hand|p1b: Skarmory\n|-singleturn|p1b: Skarmory|Helping Hand|[of] p1a: Milotic\n|move|p2b: Pelipper|Muddy Water|p1b: Skarmory|[spread] p1a,p1b\n|-resisted|p1a: Milotic|1\n|-damage|p1a: Milotic|0 fnt\n|-damage|p1b: Skarmory|47/100\n|faint|p1a: Milotic\n|move|p1b: Skarmory|Brave Bird|p2a: Rotom\n|-resisted|p2a: Rotom|1\n|-damage|p2a: Rotom|45/100\n|-enditem|p2a: Rotom|Sitrus Berry|[eat]\n|-heal|p2a: Rotom|70/100|[from] item: Sitrus Berry\n|-damage|p1b: Skarmory|30/100|[from] Recoil\n|move|p2a: Rotom|Will-O-Wisp|p1b: Skarmory\n|-status|p1b: Skarmory|brn\n|\n|-weather|RainDance|[upkeep]\n|-damage|p1b: Skarmory|24/100 brn|[from] brn\n|upkeep\n|turn|7\n|inactive|AstolfoLegend27 has 30 seconds left.\n|inactive|TinoD has 30 seconds left.\n|inactive|TinoD has 20 seconds left.\n|inactive|TinoD has 15 seconds left.\n|inactive|TinoD has 10 seconds left.\n|inactive|TinoD has 5 seconds left.\n|\n|t:|1776405691\n|move|p2b: Pelipper|Muddy Water|p1b: Skarmory\n|-damage|p1b: Skarmory|0 fnt\n|faint|p1b: Skarmory\n|\n|win|TinoD\n|raw|AstolfoLegend27's rating: 1107 &rarr; <strong>1077</strong><br />(-30 for losing)\n|raw|TinoD's rating: 1040 &rarr; <strong>1080</strong><br />(+40 for winning)\n",
  "uploadtime": 1776405695,
  "views": 16,
  "formatid": "gen9championsvgc2026regma",
  "rating": 1077,
  "private": 0,
  "password": null
}