{
  "id": "gen9championsvgc2026regma-2585397771",
  "format": "[Gen 9 Champions] VGC 2026 Reg M-A",
  "players": [
    "Azure Resolution",
    "frnen"
  ],
  "log": "|j|\u2606Azure Resolution\n|j|\u2606frnen\n|t:|1776344339\n|gametype|doubles\n|player|p1|Azure Resolution|gentleman-gen4dp|1135\n|player|p2|frnen|drake-gen3|1045\n|gen|9\n|tier|[Gen 9 Champions] VGC 2026 Reg M-A\n|rated|\n|rule|Species Clause: Limit one of each Pok\u00e9mon\n|rule|Item Clause: Limit 1 of each item\n|clearpoke\n|poke|p1|Altaria, L50, F|\n|poke|p1|Delphox, L50, F|\n|poke|p1|Kingambit, L50, M|\n|poke|p1|Basculegion, L50, M|\n|poke|p1|Rotom-Wash, L50|\n|poke|p1|Sableye, L50, F|\n|poke|p2|Froslass, L50, F|\n|poke|p2|Tinkaton, L50, F|\n|poke|p2|Palafin, L50, M|\n|poke|p2|Armarouge, L50, F|\n|poke|p2|Garchomp, L50, M|\n|poke|p2|Charizard, L50, F|\n|teampreview|4\n|\n|t:|1776344368\n|teamsize|p1|4\n|teamsize|p2|4\n|start\n|switch|p1a: Silly Goose|Altaria, L50, F|100/100\n|switch|p1b: Basculegion|Basculegion, L50, M|100/100\n|switch|p2a: Froslass|Froslass, L50, F|100/100\n|switch|p2b: Tinkaton|Tinkaton, L50, F|100/100\n|-ability|p1a: Silly Goose|Cloud Nine\n|turn|1\n|\n|t:|1776344409\n|detailschange|p2a: Froslass|Froslass-Mega, L50, F\n|-mega|p2a: Froslass|Froslass|Froslassite\n|-weather|Snowscape|[from] ability: Snow Warning|[of] p2a: Froslass\n|move|p1a: Silly Goose|Protect|p1a: Silly Goose\n|-singleturn|p1a: Silly Goose|Protect\n|move|p1b: Basculegion|Flip Turn|p2b: Tinkaton\n|-damage|p2b: Tinkaton|44/100\n|-enditem|p2b: Tinkaton|Sitrus Berry|[eat]\n|-heal|p2b: Tinkaton|68/100|[from] item: Sitrus Berry\n|-enditem|p1b: Basculegion|Choice Scarf|[silent]|[from] ability: Pickpocket|[of] p1b: Basculegion\n|-item|p2b: Tinkaton|Choice Scarf|[from] ability: Pickpocket|[of] p1b: Basculegion\n|\n|t:|1776344429\n|switch|p1b: Delphox|Delphox, L50, F|100/100|[from] Flip Turn\n|move|p2b: Tinkaton|Play Rough|p1b: Delphox\n|-resisted|p1b: Delphox|1\n|-damage|p1b: Delphox|75/100\n|move|p2a: Froslass|Aurora Veil||[still]\n|-fail|p2a: Froslass\n|\n|-weather|Snowscape|[upkeep]\n|upkeep\n|turn|2\n|\n|t:|1776344464\n|switch|p2a: Palafin|Palafin, L50, M|100/100\n|switch|p1a: Rotom|Rotom-Wash, L50|100/100\n|detailschange|p1b: Delphox|Delphox-Mega, L50, F\n|-mega|p1b: Delphox|Delphox|Delphoxite\n|move|p2b: Tinkaton|Play Rough|p1a: Rotom\n|-damage|p1a: Rotom|66/100\n|move|p1b: Delphox|Heat Wave|p2b: Tinkaton|[spread] p2a,p2b\n|-resisted|p2a: Palafin|1\n|-supereffective|p2b: Tinkaton|1\n|-damage|p2a: Palafin|69/100\n|-damage|p2b: Tinkaton|0 fnt\n|faint|p2b: Tinkaton\n|\n|-weather|Snowscape|[upkeep]\n|-heal|p1a: Rotom|72/100|[from] item: Leftovers\n|upkeep\n|\n|t:|1776344481\n|switch|p2b: Froslass|Froslass-Mega, L50, F|100/100\n|turn|3\n|\n|t:|1776344493\n|switch|p1a: Silly Goose|Altaria, L50, F|100/100\n|-ability|p1a: Silly Goose|Cloud Nine\n|move|p2b: Froslass|Protect|p2b: Froslass\n|-singleturn|p2b: Froslass|Protect\n|move|p1b: Delphox|Heat Wave|p2b: Froslass|[spread] p2a\n|-activate|p2b: Froslass|move: Protect\n|-resisted|p2a: Palafin|1\n|-damage|p2a: Palafin|37/100\n|move|p2a: Palafin|Flip Turn|p1b: Delphox\n|-supereffective|p1b: Delphox|1\n|-damage|p1b: Delphox|0 fnt\n|faint|p1b: Delphox\n|\n|t:|1776344507\n|detailschange|p2a: Palafin|Palafin-Hero, L50, M\n|switch|p2a: Garchomp|Garchomp, L50, M|100/100|[from] Flip Turn\n|\n|-weather|Snowscape|[upkeep]\n|upkeep\n|\n|t:|1776344519\n|switch|p1b: Basculegion|Basculegion, L50, M|100/100\n|turn|4\n|\n|t:|1776344560\n|move|p2b: Froslass|Shadow Ball|p1b: Basculegion\n|-supereffective|p1b: Basculegion|1\n|-damage|p1b: Basculegion|0 fnt\n|faint|p1b: Basculegion\n|move|p2a: Garchomp|Dragon Claw|p1a: Silly Goose\n|-supereffective|p1a: Silly Goose|1\n|-damage|p1a: Silly Goose|8/100\n|-enditem|p1a: Silly Goose|Sitrus Berry|[eat]\n|-heal|p1a: Silly Goose|33/100|[from] item: Sitrus Berry\n|move|p1a: Silly Goose|Breaking Swipe|p2b: Froslass|[spread] p2a,p2b\n|-supereffective|p2a: Garchomp|1\n|-damage|p2a: Garchomp|76/100\n|-damage|p2b: Froslass|82/100\n|-unboost|p2a: Garchomp|atk|1\n|-unboost|p2b: Froslass|atk|1\n|-damage|p1a: Silly Goose|21/100|[from] ability: Rough Skin|[of] p2a: Garchomp\n|\n|-weather|Snowscape|[upkeep]\n|upkeep\n|\n|t:|1776344576\n|switch|p1b: Rotom|Rotom-Wash, L50|72/100\n|turn|5\n|\n|t:|1776344592\n|move|p1a: Silly Goose|Protect|p1a: Silly Goose\n|-singleturn|p1a: Silly Goose|Protect\n|move|p2b: Froslass|Shadow Ball|p1b: Rotom\n|-damage|p1b: Rotom|20/100\n|move|p2a: Garchomp|Dragon Claw|p1b: Rotom\n|-damage|p1b: Rotom|0 fnt\n|faint|p1b: Rotom\n|\n|-weather|none\n|upkeep\n|turn|6\n|\n|t:|1776344604\n|move|p2b: Froslass|Blizzard|p1a: Silly Goose\n|-supereffective|p1a: Silly Goose|2\n|-damage|p1a: Silly Goose|0 fnt\n|faint|p1a: Silly Goose\n|\n|win|frnen\n|raw|Azure Resolution's rating: 1135 &rarr; <strong>1104</strong><br />(-31 for losing)\n|raw|frnen's rating: 1045 &rarr; <strong>1087</strong><br />(+42 for winning)\n|l|\u2606frnen\n|player|p2|\n",
  "uploadtime": 1776344610,
  "views": 28,
  "formatid": "gen9championsvgc2026regma",
  "rating": 1087,
  "private": 0,
  "password": null
}