{
  "id": "gen9championsvgc2026regma-2588079423",
  "format": "[Gen 9 Champions] VGC 2026 Reg M-A",
  "players": [
    "EXSA",
    "T3hSleepyShuckle"
  ],
  "log": "|j|\u2606EXSA\n|j|\u2606T3hSleepyShuckle\n|t:|1776601857\n|gametype|doubles\n|player|p1|EXSA|266|1183\n|player|p2|T3hSleepyShuckle|265|1263\n|gen|9\n|tier|[Gen 9 Champions] VGC 2026 Reg M-A\n|rated|\n|rule|Species Clause: Limit one of each Pok\u00e9mon\n|rule|Item Clause: Limit 1 of each item\n|clearpoke\n|poke|p1|Oranguru, L50, M|\n|poke|p1|Incineroar, L50, M|\n|poke|p1|Torkoal, L50, M|\n|poke|p1|Venusaur, L50, F|\n|poke|p1|Aerodactyl, L50, F|\n|poke|p1|Gallade, L50, M|\n|poke|p2|Tyranitar, L50, F|\n|poke|p2|Corviknight, L50, F|\n|poke|p2|Garchomp, L50, F|\n|poke|p2|Sinistcha, L50|\n|poke|p2|Sylveon, L50, F|\n|poke|p2|Incineroar, L50, M|\n|teampreview|4\n|\n|t:|1776601899\n|teamsize|p1|4\n|teamsize|p2|4\n|start\n|switch|p1a: Aerodactyl|Aerodactyl, L50, F|100/100\n|switch|p1b: Incineroar|Incineroar, L50, M|100/100\n|switch|p2a: Garchomp|Garchomp, L50, F|100/100\n|switch|p2b: Incineroar|Incineroar, L50, M|100/100\n|-ability|p2b: Incineroar|Intimidate|boost\n|-unboost|p1a: Aerodactyl|atk|1\n|-unboost|p1b: Incineroar|atk|1\n|-ability|p1b: Incineroar|Intimidate|boost\n|-unboost|p2a: Garchomp|atk|1\n|-unboost|p2b: Incineroar|atk|1\n|turn|1\n|\n|t:|1776601915\n|move|p1a: Aerodactyl|Protect|p1a: Aerodactyl\n|-singleturn|p1a: Aerodactyl|Protect\n|move|p2b: Incineroar|Fake Out|p1a: Aerodactyl\n|-activate|p1a: Aerodactyl|move: Protect\n|move|p2a: Garchomp|Rock Slide|p1b: Incineroar|[spread] p1b\n|-activate|p1a: Aerodactyl|move: Protect\n|-supereffective|p1b: Incineroar|1\n|-damage|p1b: Incineroar|72/100\n|move|p1b: Incineroar|Parting Shot|p2a: Garchomp\n|-unboost|p2a: Garchomp|atk|1\n|-unboost|p2a: Garchomp|spa|1\n|\n|t:|1776601924\n|switch|p1b: Venusaur|Venusaur, L50, F|100/100|[from] Parting Shot\n|\n|upkeep\n|turn|2\n|\n|t:|1776601959\n|switch|p2a: Corviknight|Corviknight, L50, F|100/100\n|move|p1b: Venusaur|Protect|p1b: Venusaur\n|-singleturn|p1b: Venusaur|Protect\n|move|p1a: Aerodactyl|Rock Slide|p2b: Incineroar|[spread] p2a\n|-miss|p1a: Aerodactyl|p2b: Incineroar\n|-damage|p2a: Corviknight|87/100\n|move|p2b: Incineroar|Parting Shot|p1b: Venusaur\n|-activate|p1b: Venusaur|move: Protect\n|\n|-heal|p2a: Corviknight|93/100|[from] item: Leftovers\n|upkeep\n|turn|3\n|\n|t:|1776601982\n|detailschange|p1b: Venusaur|Venusaur-Mega, L50, F\n|-mega|p1b: Venusaur|Venusaur|Venusaurite\n|move|p1a: Aerodactyl|Tailwind|p1a: Aerodactyl\n|-sidestart|p1: EXSA|move: Tailwind\n|move|p1b: Venusaur|Leech Seed|p2a: Corviknight\n|-start|p2a: Corviknight|move: Leech Seed\n|move|p2a: Corviknight|Iron Defense|p2a: Corviknight\n|-boost|p2a: Corviknight|def|2\n|move|p2b: Incineroar|Parting Shot|p1b: Venusaur\n|-unboost|p1b: Venusaur|atk|1\n|-unboost|p1b: Venusaur|spa|1\n|\n|t:|1776601992\n|switch|p2b: Garchomp|Garchomp, L50, F|100/100|[from] Parting Shot\n|\n|-heal|p2a: Corviknight|99/100|[from] item: Leftovers\n|-damage|p2a: Corviknight|87/100|[from] Leech Seed|[of] p1b: Venusaur\n|upkeep\n|turn|4\n|\n|t:|1776602002\n|move|p1a: Aerodactyl|Wide Guard|p1a: Aerodactyl\n|-singleturn|p1a: Aerodactyl|Wide Guard\n|move|p2b: Garchomp|Rock Slide|p1b: Venusaur|[spread] \n|-activate|p1a: Aerodactyl|move: Wide Guard\n|-activate|p1b: Venusaur|move: Wide Guard\n|move|p1b: Venusaur|Leech Seed|p2b: Garchomp\n|-start|p2b: Garchomp|move: Leech Seed\n|move|p2a: Corviknight|Brave Bird|p1b: Venusaur\n|-supereffective|p1b: Venusaur|1\n|-damage|p1b: Venusaur|33/100\n|-damage|p2a: Corviknight|65/100|[from] Recoil\n|\n|-heal|p2a: Corviknight|72/100|[from] item: Leftovers\n|-damage|p2b: Garchomp|88/100|[from] Leech Seed|[of] p1b: Venusaur\n|-heal|p1b: Venusaur|45/100|[silent]\n|-damage|p2a: Corviknight|59/100|[from] Leech Seed|[of] p1b: Venusaur\n|-heal|p1b: Venusaur|58/100|[silent]\n|upkeep\n|turn|5\n|\n|t:|1776602026\n|switch|p2b: Incineroar|Incineroar, L50, M|100/100\n|-ability|p2b: Incineroar|Intimidate|boost\n|-unboost|p1a: Aerodactyl|atk|1\n|-unboost|p1b: Venusaur|atk|1\n|move|p1a: Aerodactyl|Rock Slide|p2b: Incineroar|[spread] p2a,p2b\n|-crit|p2a: Corviknight\n|-supereffective|p2b: Incineroar|1\n|-damage|p2a: Corviknight|29/100\n|-damage|p2b: Incineroar|77/100\n|move|p1b: Venusaur|Sludge Bomb|p2b: Incineroar\n|-damage|p2b: Incineroar|51/100\n|move|p2a: Corviknight|Roost|p2a: Corviknight\n|-heal|p2a: Corviknight|79/100\n|-singleturn|p2a: Corviknight|move: Roost\n|\n|-heal|p2a: Corviknight|85/100|[from] item: Leftovers\n|-damage|p2a: Corviknight|73/100|[from] Leech Seed|[of] p1b: Venusaur\n|-heal|p1b: Venusaur|71/100|[silent]\n|upkeep\n|turn|6\n|\n|t:|1776602053\n|switch|p1a: Incineroar|Incineroar, L50, M|72/100\n|-ability|p1a: Incineroar|Intimidate|boost\n|-ability|p2a: Corviknight|Mirror Armor\n|-unboost|p1a: Incineroar|atk|1\n|-unboost|p2b: Incineroar|atk|1\n|switch|p2b: Garchomp|Garchomp, L50, F|88/100\n|move|p1b: Venusaur|Protect|p1b: Venusaur\n|-singleturn|p1b: Venusaur|Protect\n|move|p2a: Corviknight|Iron Defense|p2a: Corviknight\n|-boost|p2a: Corviknight|def|2\n|\n|-heal|p2a: Corviknight|79/100|[from] item: Leftovers\n|-damage|p2a: Corviknight|67/100|[from] Leech Seed|[of] p1b: Venusaur\n|-heal|p1b: Venusaur|84/100|[silent]\n|-sideend|p1: EXSA|move: Tailwind\n|upkeep\n|turn|7\n|\n|t:|1776602071\n|move|p1a: Incineroar|Fake Out|p2b: Garchomp\n|-damage|p2b: Garchomp|80/100\n|cant|p2b: Garchomp|flinch\n|move|p1b: Venusaur|Sludge Bomb|p2b: Garchomp\n|-resisted|p2b: Garchomp|1\n|-damage|p2b: Garchomp|64/100\n|-status|p2b: Garchomp|psn\n|move|p2a: Corviknight|Brave Bird|p1b: Venusaur\n|-supereffective|p1b: Venusaur|1\n|-damage|p1b: Venusaur|15/100\n|-damage|p2a: Corviknight|46/100|[from] Recoil\n|\n|-heal|p2a: Corviknight|52/100|[from] item: Leftovers\n|-damage|p2a: Corviknight|40/100|[from] Leech Seed|[of] p1b: Venusaur\n|-heal|p1b: Venusaur|28/100|[silent]\n|-damage|p2b: Garchomp|52/100 psn|[from] psn\n|upkeep\n|turn|8\n|\n|t:|1776602093\n|move|p1b: Venusaur|Protect|p1b: Venusaur\n|-singleturn|p1b: Venusaur|Protect\n|move|p2b: Garchomp|Earthquake|p1b: Venusaur|[spread] p1a\n|-activate|p1b: Venusaur|move: Protect\n|-immune|p2a: Corviknight\n|-supereffective|p1a: Incineroar|1\n|-damage|p1a: Incineroar|0 fnt\n|faint|p1a: Incineroar\n|move|p2a: Corviknight|Body Press|p1b: Venusaur\n|-activate|p1b: Venusaur|move: Protect\n|\n|-heal|p2a: Corviknight|46/100|[from] item: Leftovers\n|-damage|p2a: Corviknight|33/100|[from] Leech Seed|[of] p1b: Venusaur\n|-heal|p1b: Venusaur|41/100|[silent]\n|-damage|p2b: Garchomp|40/100 psn|[from] psn\n|upkeep\n|\n|t:|1776602097\n|switch|p1a: Aerodactyl|Aerodactyl, L50, F|100/100\n|turn|9\n|\n|t:|1776602126\n|move|p2b: Garchomp|Earthquake|p1b: Venusaur|[spread] p1b\n|-immune|p2a: Corviknight\n|-immune|p1a: Aerodactyl\n|-damage|p1b: Venusaur|7/100\n|move|p1a: Aerodactyl|Rock Slide|p2a: Corviknight|[spread] p2a,p2b\n|-resisted|p2b: Garchomp|1\n|-damage|p2a: Corviknight|27/100\n|-damage|p2b: Garchomp|29/100 psn\n|move|p1b: Venusaur|Leaf Storm|p2a: Corviknight\n|-resisted|p2a: Corviknight|2\n|-damage|p2a: Corviknight|18/100\n|-unboost|p1b: Venusaur|spa|2\n|cant|p2a: Corviknight|flinch\n|\n|-heal|p2a: Corviknight|24/100|[from] item: Leftovers\n|-damage|p2a: Corviknight|12/100|[from] Leech Seed|[of] p1b: Venusaur\n|-heal|p1b: Venusaur|20/100|[silent]\n|-damage|p2b: Garchomp|17/100 psn|[from] psn\n|upkeep\n|turn|10\n|\n|t:|1776602155\n|switch|p2a: Incineroar|Incineroar, L50, M|51/100\n|-ability|p2a: Incineroar|Intimidate|boost\n|-unboost|p1a: Aerodactyl|atk|1\n|-unboost|p1b: Venusaur|atk|1\n|move|p1b: Venusaur|Protect|p1b: Venusaur\n|-singleturn|p1b: Venusaur|Protect\n|move|p2b: Garchomp|Earthquake|p1a: Aerodactyl|[spread] p2a\n|-activate|p1b: Venusaur|move: Protect\n|-immune|p1a: Aerodactyl\n|-supereffective|p2a: Incineroar|1\n|-damage|p2a: Incineroar|0 fnt\n|faint|p2a: Incineroar\n|move|p1a: Aerodactyl|Rock Slide|p2b: Garchomp\n|-resisted|p2b: Garchomp|1\n|-damage|p2b: Garchomp|6/100 psn\n|\n|-damage|p2b: Garchomp|0 fnt|[from] psn\n|faint|p2b: Garchomp\n|upkeep\n|\n|t:|1776602169\n|switch|p2b: Tyranitar|Tyranitar, L50, F|100/100\n|switch|p2a: Corviknight|Corviknight, L50, F|12/100\n|-weather|Sandstorm|[from] ability: Sand Stream|[of] p2b: Tyranitar\n|turn|11\n|\n|t:|1776602193\n|switch|p1b: Torkoal|Torkoal, L50, M|100/100\n|-weather|SunnyDay|[from] ability: Drought|[of] p1b: Torkoal\n|detailschange|p2b: Tyranitar|Tyranitar-Mega, L50, F\n|-mega|p2b: Tyranitar|Tyranitar|Tyranitarite\n|-weather|Sandstorm|[from] ability: Sand Stream|[of] p2b: Tyranitar\n|move|p1a: Aerodactyl|Rock Slide|p2a: Corviknight|[spread] p2a,p2b\n|-crit|p2b: Tyranitar\n|-damage|p2a: Corviknight|0 fnt\n|-damage|p2b: Tyranitar|77/100\n|faint|p2a: Corviknight\n|move|p2b: Tyranitar|Knock Off|p1b: Torkoal\n|-damage|p1b: Torkoal|54/100\n|-enditem|p1b: Torkoal|Charcoal|[from] move: Knock Off|[of] p2b: Tyranitar\n|\n|-weather|Sandstorm|[upkeep]\n|-damage|p1b: Torkoal|48/100|[from] Sandstorm\n|upkeep\n|turn|12\n|\n|t:|1776602224\n|move|p2b: Tyranitar|Protect|p2b: Tyranitar\n|-singleturn|p2b: Tyranitar|Protect\n|move|p1a: Aerodactyl|Rock Slide|p2b: Tyranitar\n|-activate|p2b: Tyranitar|move: Protect\n|move|p1b: Torkoal|Weather Ball|p2b: Tyranitar\n|-activate|p2b: Tyranitar|move: Protect\n|\n|-weather|Sandstorm|[upkeep]\n|-damage|p1b: Torkoal|43/100|[from] Sandstorm\n|upkeep\n|turn|13\n|\n|t:|1776602234\n|move|p1a: Aerodactyl|Rock Slide|p2b: Tyranitar\n|-damage|p2b: Tyranitar|63/100\n|move|p2b: Tyranitar|Rock Slide|p1a: Aerodactyl|[spread] p1a,p1b\n|-supereffective|p1a: Aerodactyl|1\n|-supereffective|p1b: Torkoal|1\n|-enditem|p1a: Aerodactyl|Focus Sash\n|-damage|p1a: Aerodactyl|1/100\n|-damage|p1b: Torkoal|0 fnt\n|faint|p1b: Torkoal\n|\n|-weather|Sandstorm|[upkeep]\n|upkeep\n|\n|t:|1776602237\n|switch|p1b: Venusaur|Venusaur-Mega, L50, F|20/100\n|turn|14\n|\n|t:|1776602251\n|move|p2b: Tyranitar|Protect|p2b: Tyranitar\n|-singleturn|p2b: Tyranitar|Protect\n|move|p1a: Aerodactyl|Rock Slide|p2b: Tyranitar\n|-activate|p2b: Tyranitar|move: Protect\n|move|p1b: Venusaur|Leaf Storm|p2b: Tyranitar\n|-activate|p2b: Tyranitar|move: Protect\n|\n|-weather|Sandstorm|[upkeep]\n|-damage|p1b: Venusaur|14/100|[from] Sandstorm\n|upkeep\n|turn|15\n|\n|t:|1776602263\n|move|p1a: Aerodactyl|Rock Slide|p2b: Tyranitar\n|-damage|p2b: Tyranitar|49/100\n|move|p1b: Venusaur|Leaf Storm|p2b: Tyranitar\n|-supereffective|p2b: Tyranitar|1\n|-crit|p2b: Tyranitar\n|-damage|p2b: Tyranitar|0 fnt\n|-unboost|p1b: Venusaur|spa|2\n|faint|p2b: Tyranitar\n|\n|win|EXSA\n|raw|EXSA's rating: 1183 &rarr; <strong>1214</strong><br />(+31 for winning)\n|raw|T3hSleepyShuckle's rating: 1263 &rarr; <strong>1232</strong><br />(-31 for losing)\n",
  "uploadtime": 1776602269,
  "views": 14,
  "formatid": "gen9championsvgc2026regma",
  "rating": 1214,
  "private": 0,
  "password": null
}