{
  "id": "gen9championsvgc2026regma-2588604334",
  "format": "[Gen 9 Champions] VGC 2026 Reg M-A",
  "players": [
    "SirNeru",
    "laesl"
  ],
  "log": "|j|\u2606SirNeru\n|j|\u2606laesl\n|t:|1776649298\n|gametype|doubles\n|player|p1|SirNeru|101|1190\n|player|p2|laesl|2|1214\n|gen|9\n|tier|[Gen 9 Champions] VGC 2026 Reg M-A\n|rated|\n|rule|Species Clause: Limit one of each Pok\u00e9mon\n|rule|Item Clause: Limit 1 of each item\n|clearpoke\n|poke|p1|Tsareena, L50, F, shiny|\n|poke|p1|Blastoise, L50, M, shiny|\n|poke|p1|Pelipper, L50, M, shiny|\n|poke|p1|Weavile, L50, F|\n|poke|p1|Aerodactyl, L50, F|\n|poke|p1|Gallade, L50, M, shiny|\n|poke|p2|Kingambit, L50, M|\n|poke|p2|Sinistcha-Masterpiece, L50|\n|poke|p2|Whimsicott, L50, F, shiny|\n|poke|p2|Sneasler, L50, M|\n|poke|p2|Floette-Eternal, L50, F|\n|poke|p2|Gengar, L50, F|\n|teampreview|4\n|inactive|Battle timer is ON: inactive players will automatically lose when time's up. (requested by SirNeru)\n|\n|t:|1776649324\n|teamsize|p1|4\n|teamsize|p2|4\n|start\n|switch|p1a: Blastoise|Blastoise, L50, M, shiny|100/100\n|switch|p1b: Pelipper|Pelipper, L50, M, shiny|100/100\n|switch|p2a: Gengar|Gengar, L50, F|100/100\n|switch|p2b: Sinistcha|Sinistcha-Masterpiece, L50|100/100\n|-weather|RainDance|[from] ability: Drizzle|[of] p1b: Pelipper\n|turn|1\n|\n|t:|1776649346\n|detailschange|p2a: Gengar|Gengar-Mega, L50, F\n|-mega|p2a: Gengar|Gengar|Gengarite\n|move|p2b: Sinistcha|Rage Powder|p2b: Sinistcha\n|-singleturn|p2b: Sinistcha|move: Rage Powder\n|move|p2a: Gengar|Nasty Plot|p2a: Gengar\n|-boost|p2a: Gengar|spa|2\n|move|p1a: Blastoise|Shell Smash|p1a: Blastoise\n|-unboost|p1a: Blastoise|def|1\n|-unboost|p1a: Blastoise|spd|1\n|-boost|p1a: Blastoise|atk|2\n|-boost|p1a: Blastoise|spa|2\n|-boost|p1a: Blastoise|spe|2\n|move|p1b: Pelipper|Hurricane|p2b: Sinistcha\n|-supereffective|p2b: Sinistcha|1\n|-damage|p2b: Sinistcha|12/100\n|\n|-weather|RainDance|[upkeep]\n|-heal|p2b: Sinistcha|18/100|[from] item: Leftovers\n|upkeep\n|turn|2\n|inactive|SirNeru has 30 seconds left.\n|\n|t:|1776649373\n|detailschange|p1a: Blastoise|Blastoise-Mega, L50, M, shiny\n|-mega|p1a: Blastoise|Blastoise|Blastoisinite\n|move|p2a: Gengar|Protect|p2a: Gengar\n|-singleturn|p2a: Gengar|Protect\n|move|p1a: Blastoise|Water Spout|p2b: Sinistcha|[spread] p2b\n|-activate|p2a: Gengar|move: Protect\n|-resisted|p2b: Sinistcha|1\n|-damage|p2b: Sinistcha|0 fnt\n|faint|p2b: Sinistcha\n|move|p1b: Pelipper|Tailwind|p1b: Pelipper\n|-sidestart|p1: SirNeru|move: Tailwind\n|\n|-weather|RainDance|[upkeep]\n|upkeep\n|\n|t:|1776649383\n|switch|p2b: Fake out|Sneasler, L50, M|100/100\n|turn|3\n|\n|t:|1776649391\n|move|p1a: Blastoise|Protect|p1a: Blastoise\n|-singleturn|p1a: Blastoise|Protect\n|move|p2b: Fake out|Fake Out|p1a: Blastoise\n|-activate|p1a: Blastoise|move: Protect\n|move|p1b: Pelipper|Hurricane|p2b: Fake out\n|-supereffective|p2b: Fake out|1\n|-damage|p2b: Fake out|0 fnt\n|faint|p2b: Fake out\n|move|p2a: Gengar|Sludge Bomb|p1a: Blastoise\n|-activate|p1a: Blastoise|move: Protect\n|\n|-weather|RainDance|[upkeep]\n|upkeep\n|\n|t:|1776649396\n|switch|p2b: Encore|Whimsicott, L50, F, shiny|100/100\n|turn|4\n|\n|t:|1776649408\n|move|p2b: Encore|Encore|p1a: Blastoise\n|-start|p1a: Blastoise|Encore\n|move|p1a: Blastoise|Protect||[still]\n|-fail|p1a: Blastoise\n|move|p1b: Pelipper|Hurricane|p2a: Gengar\n|-damage|p2a: Gengar|36/100\n|-start|p2a: Gengar|confusion\n|-activate|p2a: Gengar|confusion\n|move|p2a: Gengar|Shadow Ball|p1b: Pelipper\n|-enditem|p1b: Pelipper|Focus Sash\n|-damage|p1b: Pelipper|1/100\n|-unboost|p1b: Pelipper|spd|1\n|\n|-weather|RainDance|[upkeep]\n|upkeep\n|turn|5\n|\n|t:|1776649420\n|move|p1a: Blastoise|Protect|p1a: Blastoise\n|-singleturn|p1a: Blastoise|Protect\n|-activate|p2a: Gengar|confusion\n|move|p2a: Gengar|Protect|p2a: Gengar\n|-singleturn|p2a: Gengar|Protect\n|move|p1b: Pelipper|Hurricane|p2b: Encore\n|-supereffective|p2b: Encore|1\n|-enditem|p2b: Encore|Focus Sash\n|-damage|p2b: Encore|1/100\n|move|p2b: Encore|Moonblast|p1b: Pelipper\n|-damage|p1b: Pelipper|0 fnt\n|faint|p1b: Pelipper\n|\n|-weather|none\n|-sideend|p1: SirNeru|move: Tailwind\n|upkeep\n|\n|t:|1776649438\n|switch|p1b: Aerodactyl|Aerodactyl, L50, F|100/100\n|-ability|p1b: Aerodactyl|Unnerve\n|turn|6\n|\n|t:|1776649452\n|move|p2b: Encore|Protect|p2b: Encore\n|-singleturn|p2b: Encore|Protect\n|move|p1a: Blastoise|Protect|p1a: Blastoise\n|-singleturn|p1a: Blastoise|Protect\n|-activate|p2a: Gengar|confusion\n|move|p2a: Gengar|Shadow Ball|p1a: Blastoise\n|-activate|p1a: Blastoise|move: Protect\n|move|p1b: Aerodactyl|Dual Wingbeat|p2a: Gengar\n|-damage|p2a: Gengar|5/100\n|-damage|p2a: Gengar|0 fnt\n|faint|p2a: Gengar\n|-hitcount|p2: Gengar|2\n|\n|-end|p1a: Blastoise|Encore\n|upkeep\n|turn|7\n|-message|laesl forfeited.\n|\n|win|SirNeru\n|raw|SirNeru's rating: 1190 &rarr; <strong>1217</strong><br />(+27 for winning)\n|raw|laesl's rating: 1214 &rarr; <strong>1187</strong><br />(-27 for losing)\n|l|\u2606laesl\n|player|p2|\n",
  "uploadtime": 1776649468,
  "views": 6,
  "formatid": "gen9championsvgc2026regma",
  "rating": 1187,
  "private": 0,
  "password": null
}