{
  "id": "gen9championsvgc2026regma-2581942687",
  "format": "[Gen 9 Champions] VGC 2026 Reg M-A",
  "players": [
    "AdjectivePikachu",
    "E4Mega"
  ],
  "log": "|j|\u2606AdjectivePikachu\n|j|\u2606E4Mega\n|t:|1776041853\n|gametype|doubles\n|player|p1|AdjectivePikachu|hilda-wonderlauncher|1072\n|player|p2|E4Mega|marlon|1059\n|gen|9\n|tier|[Gen 9 Champions] VGC 2026 Reg M-A\n|rated|\n|rule|Species Clause: Limit one of each Pok\u00e9mon\n|rule|Item Clause: Limit 1 of each item\n|clearpoke\n|poke|p1|Charizard, L50, M|\n|poke|p1|Corviknight, L50, F|\n|poke|p1|Gardevoir, L50, M|\n|poke|p1|Garchomp, L50, M|\n|poke|p1|Maushold-Four, L50|\n|poke|p1|Rotom-Wash, L50|\n|poke|p2|Tyranitar, L50, M|\n|poke|p2|Excadrill, L50, M|\n|poke|p2|Garchomp, L50, F|\n|poke|p2|Whimsicott, L50, F|\n|poke|p2|Arcanine-Hisui, L50, F|\n|poke|p2|Decidueye-Hisui, L50, F|\n|teampreview|4\nE4Mega rejected open team sheets.\n|\n|t:|1776041877\n|teamsize|p1|4\n|teamsize|p2|4\n|start\n|switch|p1a: Chuck E. Cheese|Maushold-Four, L50|100/100\n|switch|p1b: Pump N' Dump|Rotom-Wash, L50, shiny|100/100\n|switch|p2a: Whimsicott|Whimsicott, L50, F|100/100\n|switch|p2b: Garchomp|Garchomp, L50, F|100/100\n|turn|1\n|\n|t:|1776041913\n|move|p1a: Chuck E. Cheese|Helping Hand|p1b: Pump N' Dump\n|-singleturn|p1b: Pump N' Dump|Helping Hand|[of] p1a: Chuck E. Cheese\n|move|p2b: Garchomp|Protect|p2b: Garchomp\n|-singleturn|p2b: Garchomp|Protect\n|move|p2a: Whimsicott|Tailwind|p2a: Whimsicott\n|-sidestart|p2: E4Mega|move: Tailwind\n|move|p1b: Pump N' Dump|Hydro Pump|p2b: Garchomp\n|-activate|p2b: Garchomp|move: Protect\n|\n|upkeep\n|turn|2\n|\n|t:|1776041928\n|detailschange|p2b: Garchomp|Garchomp-Mega, L50, F\n|-mega|p2b: Garchomp|Garchomp|Garchompite\n|move|p1a: Chuck E. Cheese|Protect|p1a: Chuck E. Cheese\n|-singleturn|p1a: Chuck E. Cheese|Protect\n|move|p1b: Pump N' Dump|Protect|p1b: Pump N' Dump\n|-singleturn|p1b: Pump N' Dump|Protect\n|move|p2a: Whimsicott|Memento|p1b: Pump N' Dump\n|-activate|p1b: Pump N' Dump|move: Protect\n|move|p2b: Garchomp|Rock Slide|p1b: Pump N' Dump|[spread] \n|-activate|p1a: Chuck E. Cheese|move: Protect\n|-activate|p1b: Pump N' Dump|move: Protect\n|\n|upkeep\n|turn|3\n|\n|t:|1776041950\n|switch|p1b: Raven|Corviknight, L50, F, shiny|100/100\n|move|p2b: Garchomp|Protect|p2b: Garchomp\n|-singleturn|p2b: Garchomp|Protect\n|move|p2a: Whimsicott|Taunt|p1a: Chuck E. Cheese\n|-start|p1a: Chuck E. Cheese|move: Taunt\n|move|p1a: Chuck E. Cheese|Super Fang|p2b: Garchomp\n|-activate|p2b: Garchomp|move: Protect\n|\n|upkeep\n|turn|4\n|\n|t:|1776041972\n|move|p2a: Whimsicott|Taunt|p1b: Raven\n|-start|p1b: Raven|move: Taunt\n|move|p2b: Garchomp|Rock Slide|p1b: Raven|[spread] p1a,p1b\n|-damage|p1a: Chuck E. Cheese|71/100\n|-damage|p1b: Raven|86/100\n|move|p1a: Chuck E. Cheese|Super Fang|p2a: Whimsicott\n|-damage|p2a: Whimsicott|51/100\n|-heal|p1a: Chuck E. Cheese|77/100|[from] item: Shell Bell|[of] p2a: Whimsicott\n|cant|p1b: Raven|flinch\n|\n|-heal|p1b: Raven|92/100|[from] item: Leftovers\n|-sideend|p2: E4Mega|move: Tailwind\n|upkeep\n|turn|5\n|\n|t:|1776042000\n|switch|p1a: Pump N' Dump|Rotom-Wash, L50, shiny|100/100\n|move|p2b: Garchomp|Protect|p2b: Garchomp\n|-singleturn|p2b: Garchomp|Protect\n|move|p2a: Whimsicott|Tailwind|p2a: Whimsicott\n|-sidestart|p2: E4Mega|move: Tailwind\n|move|p1b: Raven|Brave Bird|p2a: Whimsicott\n|-supereffective|p2a: Whimsicott|1\n|-damage|p2a: Whimsicott|0 fnt\n|faint|p2a: Whimsicott\n|-damage|p1b: Raven|78/100|[from] Recoil\n|\n|-heal|p1b: Raven|84/100|[from] item: Leftovers\n|upkeep\n|\n|t:|1776042009\n|switch|p2a: Tyranitar|Tyranitar, L50, M|100/100\n|-weather|Sandstorm|[from] ability: Sand Stream|[of] p2a: Tyranitar\n|turn|6\n|\n|t:|1776042025\n|move|p2b: Garchomp|Rock Slide|p1a: Pump N' Dump|[spread] p1a,p1b\n|-damage|p1a: Pump N' Dump|65/100\n|-damage|p1b: Raven|61/100\n|move|p2a: Tyranitar|Rock Slide|p1b: Raven|[spread] p1a,p1b\n|-damage|p1a: Pump N' Dump|33/100\n|-damage|p1b: Raven|38/100\n|move|p1a: Pump N' Dump|Will-O-Wisp|p2b: Garchomp\n|-status|p2b: Garchomp|brn\n|move|p1b: Raven|U-turn|p2a: Tyranitar\n|-supereffective|p2a: Tyranitar|1\n|-damage|p2a: Tyranitar|75/100\n|\n|t:|1776042037\n|switch|p1b: Chuck E. Cheese|Maushold-Four, L50|77/100|[from] U-turn\n|\n|-weather|Sandstorm|[upkeep]\n|-damage|p1b: Chuck E. Cheese|71/100|[from] Sandstorm\n|-damage|p1a: Pump N' Dump|27/100|[from] Sandstorm\n|-damage|p2b: Garchomp|95/100 brn|[from] brn\n|upkeep\n|turn|7\n|\n|t:|1776042046\n|move|p1b: Chuck E. Cheese|Protect|p1b: Chuck E. Cheese\n|-singleturn|p1b: Chuck E. Cheese|Protect\n|move|p1a: Pump N' Dump|Protect|p1a: Pump N' Dump\n|-singleturn|p1a: Pump N' Dump|Protect\n|move|p2b: Garchomp|Rock Slide|p1a: Pump N' Dump|[spread] \n|-activate|p1a: Pump N' Dump|move: Protect\n|-activate|p1b: Chuck E. Cheese|move: Protect\n|move|p2a: Tyranitar|Rock Slide|p1a: Pump N' Dump|[spread] \n|-activate|p1a: Pump N' Dump|move: Protect\n|-activate|p1b: Chuck E. Cheese|move: Protect\n|\n|-weather|Sandstorm|[upkeep]\n|-damage|p1b: Chuck E. Cheese|65/100|[from] Sandstorm\n|-damage|p1a: Pump N' Dump|22/100|[from] Sandstorm\n|-damage|p2b: Garchomp|89/100 brn|[from] brn\n|upkeep\n|turn|8\n|\n|t:|1776042085\n|switch|p1a: Chump Change|Garchomp, L50, M|100/100\n|move|p2b: Garchomp|Rock Slide|p1b: Chuck E. Cheese|[spread] p1a,p1b\n|-resisted|p1a: Chump Change|1\n|-damage|p1a: Chump Change|95/100\n|-damage|p1b: Chuck E. Cheese|45/100\n|cant|p1b: Chuck E. Cheese|flinch\n|move|p2a: Tyranitar|Rock Slide|p1b: Chuck E. Cheese|[spread] p1a,p1b\n|-resisted|p1a: Chump Change|1\n|-damage|p1a: Chump Change|84/100\n|-damage|p1b: Chuck E. Cheese|0 fnt\n|faint|p1b: Chuck E. Cheese\n|\n|-weather|Sandstorm|[upkeep]\n|-damage|p2b: Garchomp|83/100 brn|[from] brn\n|-sideend|p2: E4Mega|move: Tailwind\n|upkeep\n|\n|t:|1776042099\n|switch|p1b: Pump N' Dump|Rotom-Wash, L50, shiny|22/100\n|turn|9\n|\n|t:|1776042107\n|move|p1a: Chump Change|Earthquake|p2b: Garchomp|[spread] p2a,p2b\n|-immune|p1b: Pump N' Dump|[from] ability: Levitate\n|-supereffective|p2a: Tyranitar|1\n|-enditem|p2a: Tyranitar|Shuca Berry|[eat]\n|-enditem|p2a: Tyranitar|Shuca Berry|[weaken]\n|-damage|p2a: Tyranitar|44/100\n|-damage|p2b: Garchomp|50/100 brn\n|move|p2b: Garchomp|Dragon Claw|p1a: Chump Change\n|-supereffective|p1a: Chump Change|1\n|-damage|p1a: Chump Change|41/100\n|-damage|p2b: Garchomp|37/100 brn|[from] ability: Rough Skin|[of] p1a: Chump Change\n|move|p1b: Pump N' Dump|Will-O-Wisp|p2a: Tyranitar\n|-status|p2a: Tyranitar|brn\n|move|p2a: Tyranitar|Rock Slide|p1a: Chump Change|[spread] p1a,p1b\n|-resisted|p1a: Chump Change|1\n|-damage|p1a: Chump Change|34/100\n|-damage|p1b: Pump N' Dump|4/100\n|\n|-weather|Sandstorm|[upkeep]\n|-damage|p1b: Pump N' Dump|0 fnt|[from] Sandstorm\n|faint|p1b: Pump N' Dump\n|-damage|p2b: Garchomp|31/100 brn|[from] brn\n|-damage|p2a: Tyranitar|37/100 brn|[from] brn\n|upkeep\n|\n|t:|1776042127\n|switch|p1b: Raven|Corviknight, L50, F, shiny|38/100\n|turn|10\n|\n|t:|1776042132\n|move|p1a: Chump Change|Earthquake|p2a: Tyranitar|[spread] p2a,p2b\n|-immune|p1b: Raven\n|-supereffective|p2a: Tyranitar|1\n|-damage|p2a: Tyranitar|0 fnt\n|-damage|p2b: Garchomp|0 fnt\n|faint|p2a: Tyranitar\n|faint|p2b: Garchomp\n|move|p1b: Raven|Roost|p1b: Raven\n|-heal|p1b: Raven|88/100\n|-singleturn|p1b: Raven|move: Roost\n|\n|-weather|none\n|-heal|p1b: Raven|94/100|[from] item: Leftovers\n|upkeep\n|-message|E4Mega forfeited.\n|\n|win|AdjectivePikachu\n|raw|AdjectivePikachu's rating: 1072 &rarr; <strong>1100</strong><br />(+28 for winning)\n|raw|E4Mega's rating: 1059 &rarr; <strong>1041</strong><br />(-18 for losing)\n|l|\u2606E4Mega\n|player|p2|\n",
  "uploadtime": 1776042147,
  "views": 15,
  "formatid": "gen9championsvgc2026regma",
  "rating": 1041,
  "private": 0,
  "password": null
}