{
  "id": "gen9championsvgc2026regma-2587029676",
  "format": "[Gen 9 Champions] VGC 2026 Reg M-A",
  "players": [
    "joellowyy",
    "nessas bro"
  ],
  "log": "|j|\u2606joellowyy\n|j|\u2606nessas bro\n|t:|1776482986\n|gametype|doubles\n|player|p1|joellowyy|veteran|1186\n|player|p2|nessas bro|blue-masters2|1218\n|gen|9\n|tier|[Gen 9 Champions] VGC 2026 Reg M-A\n|rated|\n|rule|Species Clause: Limit one of each Pok\u00e9mon\n|rule|Item Clause: Limit 1 of each item\n|clearpoke\n|poke|p1|Gengar, L50, F|\n|poke|p1|Kingambit, L50, M|\n|poke|p1|Gyarados, L50, F|\n|poke|p1|Dragonite, L50, F|\n|poke|p1|Whimsicott, L50, F|\n|poke|p1|Meowscarada, L50, F|\n|poke|p2|Meganium, L50, M|\n|poke|p2|Aerodactyl, L50, M|\n|poke|p2|Politoed, L50, M|\n|poke|p2|Basculegion, L50, M|\n|poke|p2|Archaludon, L50, F|\n|poke|p2|Gengar, L50, M|\n|teampreview|4\n|inactive|Battle timer is ON: inactive players will automatically lose when time's up. (requested by joellowyy)\n|c|\u2606nessas bro|gll\n|inactive|nessas bro has 60 seconds left.\n|inactive|nessas bro has 30 seconds left.\n|\n|t:|1776483048\n|teamsize|p1|4\n|teamsize|p2|4\n|start\n|switch|p1a: Gyarados|Gyarados, L50, F|100/100\n|switch|p1b: Meowscarada|Meowscarada, L50, F|100/100\n|switch|p2a: gen 1 fossil meta|Aerodactyl, L50, M|100/100\n|switch|p2b: politoe|Politoed, L50, M, shiny|100/100\n|-ability|p2a: gen 1 fossil meta|Unnerve\n|-ability|p1a: Gyarados|Intimidate|boost\n|-unboost|p2a: gen 1 fossil meta|atk|1\n|-unboost|p2b: politoe|atk|1\n|-weather|RainDance|[from] ability: Drizzle|[of] p2b: politoe\n|turn|1\n|inactive|nessas bro has 30 seconds left.\n|\n|t:|1776483078\n|switch|p2a: london bridge|Archaludon, L50, F, shiny|100/100\n|move|p1a: Gyarados|Protect|p1a: Gyarados\n|-singleturn|p1a: Gyarados|Protect\n|move|p1b: Meowscarada|Flower Trick|p2b: politoe\n|-start|p1b: Meowscarada|typechange|Grass|[from] ability: Protean\n|-supereffective|p2b: politoe|1\n|-crit|p2b: politoe\n|-damage|p2b: politoe|15/100\n|move|p2b: politoe|Icy Wind|p1b: Meowscarada|[spread] p1b\n|-activate|p1a: Gyarados|move: Protect\n|-supereffective|p1b: Meowscarada|1\n|-damage|p1b: Meowscarada|74/100\n|-unboost|p1b: Meowscarada|spe|1\n|\n|-weather|RainDance|[upkeep]\n|-heal|p2b: politoe|21/100|[from] item: Leftovers\n|upkeep\n|turn|2\n|\n|t:|1776483103\n|switch|p1a: Kingambit|Kingambit, L50, M|100/100\n|switch|p2b: flower dino|Meganium, L50, M|100/100\n|move|p1b: Meowscarada|Flower Trick|p2b: flower dino\n|-resisted|p2b: flower dino|1\n|-crit|p2b: flower dino\n|-damage|p2b: flower dino|78/100\n|move|p2a: london bridge|Electro Shot||[still]\n|-prepare|p2a: london bridge|Electro Shot\n|-boost|p2a: london bridge|spa|1\n|-anim|p2a: london bridge|Electro Shot|p1a: Kingambit\n|-damage|p1a: Kingambit|39/100\n|\n|-weather|RainDance|[upkeep]\n|upkeep\n|turn|3\n|\n|t:|1776483121\n|switch|p1b: Gyarados|Gyarados, L50, F|100/100\n|-ability|p1b: Gyarados|Intimidate|boost\n|-unboost|p2a: london bridge|atk|1\n|-unboost|p2b: flower dino|atk|1\n|detailschange|p2b: flower dino|Meganium-Mega, L50, M\n|-mega|p2b: flower dino|Meganium|Meganiumite\n|move|p2a: london bridge|Electro Shot||[still]\n|-prepare|p2a: london bridge|Electro Shot\n|-boost|p2a: london bridge|spa|1\n|-anim|p2a: london bridge|Electro Shot|p1a: Kingambit\n|-damage|p1a: Kingambit|0 fnt\n|faint|p1a: Kingambit\n|move|p2b: flower dino|Weather Ball|p1b: Gyarados\n|-resisted|p1b: Gyarados|1\n|-damage|p1b: Gyarados|70/100\n|\n|-weather|RainDance|[upkeep]\n|upkeep\n|\n|t:|1776483132\n|switch|p1a: Gengar|Gengar, L50, F|100/100\n|turn|4\n|\n|t:|1776483145\n|detailschange|p1a: Gengar|Gengar-Mega, L50, F\n|-mega|p1a: Gengar|Gengar|Gengarite\n|move|p1b: Gyarados|Protect|p1b: Gyarados\n|-singleturn|p1b: Gyarados|Protect\n|move|p2b: flower dino|Protect|p2b: flower dino\n|-singleturn|p2b: flower dino|Protect\n|move|p1a: Gengar|Sludge Bomb|p2b: flower dino\n|-activate|p2b: flower dino|move: Protect\n|move|p2a: london bridge|Electro Shot||[still]\n|-prepare|p2a: london bridge|Electro Shot\n|-boost|p2a: london bridge|spa|1\n|-anim|p2a: london bridge|Electro Shot|p1a: Gengar\n|-damage|p1a: Gengar|0 fnt\n|faint|p1a: Gengar\n|\n|-weather|RainDance|[upkeep]\n|upkeep\n|\n|t:|1776483159\n|switch|p1a: Meowscarada|Meowscarada, L50, F|74/100\n|turn|5\n|\n|t:|1776483167\n|move|p1a: Meowscarada|Triple Axel|p2b: flower dino|[miss]\n|-start|p1a: Meowscarada|typechange|Ice|[from] ability: Protean\n|-miss|p1a: Meowscarada|p2b: flower dino\n|move|p1b: Gyarados|Waterfall|p2a: london bridge\n|-resisted|p2a: london bridge|1\n|-damage|p2a: london bridge|73/100\n|move|p2a: london bridge|Electro Shot||[still]\n|-prepare|p2a: london bridge|Electro Shot\n|-boost|p2a: london bridge|spa|1\n|-anim|p2a: london bridge|Electro Shot|p1b: Gyarados\n|-supereffective|p1b: Gyarados|2\n|-damage|p1b: Gyarados|0 fnt\n|faint|p1b: Gyarados\n|move|p2b: flower dino|Weather Ball|p1a: Meowscarada\n|-supereffective|p1a: Meowscarada|1\n|-crit|p1a: Meowscarada\n|-damage|p1a: Meowscarada|0 fnt\n|faint|p1a: Meowscarada\n|\n|win|nessas bro\n|raw|joellowyy's rating: 1186 &rarr; <strong>1163</strong><br />(-23 for losing)\n|raw|nessas bro's rating: 1218 &rarr; <strong>1241</strong><br />(+23 for winning)\n|l|\u2606joellowyy\n|player|p1|\n|c|\u2606nessas bro|gg\n",
  "uploadtime": 1776483180,
  "views": 22,
  "formatid": "gen9championsvgc2026regma",
  "rating": 1163,
  "private": 0,
  "password": null
}