{
  "id": "gen9championsvgc2026regma-2581397491",
  "format": "[Gen 9 Champions] VGC 2026 Reg M-A",
  "players": [
    "Flakenz",
    "turkfrog"
  ],
  "log": "|j|\u2606Flakenz\n|j|\u2606turkfrog\n|t:|1775996129\n|gametype|doubles\n|player|p1|Flakenz|boarder|1188\n|player|p2|turkfrog|plasmagruntf-gen5bw|1106\n|gen|9\n|tier|[Gen 9 Champions] VGC 2026 Reg M-A\n|rated|\n|rule|Species Clause: Limit one of each Pok\u00e9mon\n|rule|Item Clause: Limit 1 of each item\n|clearpoke\n|poke|p1|Zoroark-Hisui, L50, F|\n|poke|p1|Sneasler, L50, F|\n|poke|p1|Incineroar, L50, F|\n|poke|p1|Floette-Eternal, L50, F|\n|poke|p1|Gyarados, L50, M|\n|poke|p1|Kingambit, L50, F|\n|poke|p2|Meowscarada, L50, F|\n|poke|p2|Sneasler, L50, M|\n|poke|p2|Pelipper, L50, M|\n|poke|p2|Basculegion, L50, M|\n|poke|p2|Archaludon, L50, M|\n|poke|p2|Gengar, L50, F|\n|teampreview|4\n|\n|t:|1775996187\n|teamsize|p1|4\n|teamsize|p2|4\n|start\n|switch|p1a: Kingambit|Kingambit, L50, F|100/100\n|switch|p1b: Gyarados|Gyarados, L50, M|100/100\n|switch|p2a: Masquerade|Meowscarada, L50, F, shiny|100/100\n|switch|p2b: Railgun|Archaludon, L50, M|100/100\n|-ability|p1b: Gyarados|Intimidate|boost\n|-unboost|p2a: Masquerade|atk|1\n|-unboost|p2b: Railgun|atk|1\n|turn|1\n|\n|t:|1775996211\n|move|p2b: Railgun|Protect|p2b: Railgun\n|-singleturn|p2b: Railgun|Protect\n|move|p1b: Gyarados|Protect|p1b: Gyarados\n|-singleturn|p1b: Gyarados|Protect\n|move|p2a: Masquerade|Thunder Punch|p1b: Gyarados\n|-start|p2a: Masquerade|typechange|Electric|[from] ability: Protean\n|-activate|p1b: Gyarados|move: Protect\n|move|p1a: Kingambit|Will-O-Wisp|p2a: Masquerade\n|-status|p2a: Masquerade|brn\n|\n|-damage|p2a: Masquerade|95/100 brn|[from] brn\n|upkeep\n|turn|2\n|\n|t:|1775996243\n|switch|p1b: Kingambit|Kingambit, L50, F|100/100\n|move|p2a: Masquerade|U-turn|p1a: Kingambit\n|-resisted|p1a: Kingambit|1\n|-damage|p1a: Kingambit|93/100\n|replace|p1a: Zoroark|Zoroark-Hisui, L50, F\n|-end|p1a: Zoroark|Illusion\n|\n|t:|1775996250\n|switch|p2a: Mailman|Pelipper, L50, M|100/100|[from] U-turn\n|-weather|RainDance|[from] ability: Drizzle|[of] p2a: Mailman\n|move|p1a: Zoroark|Bitter Malice|p2b: Railgun\n|-crit|p2b: Railgun\n|-damage|p2b: Railgun|10/100\n|-unboost|p2b: Railgun|atk|1\n|-ability|p2b: Railgun|Stamina|boost\n|-boost|p2b: Railgun|def|1\n|move|p2b: Railgun|Electro Shot||[still]\n|-prepare|p2b: Railgun|Electro Shot\n|-boost|p2b: Railgun|spa|1\n|-anim|p2b: Railgun|Electro Shot|p1b: Kingambit\n|-damage|p1b: Kingambit|38/100\n|\n|-weather|RainDance|[upkeep]\n|-heal|p2b: Railgun|16/100|[from] item: Leftovers\n|upkeep\n|turn|3\n|\n|t:|1775996280\n|switch|p2b: Gengar|Gengar, L50, F, shiny|100/100\n|move|p1b: Kingambit|Sucker Punch||[still]\n|-fail|p1b: Kingambit\n|move|p1a: Zoroark|Bitter Malice|p2a: Mailman\n|-damage|p2a: Mailman|45/100\n|-unboost|p2a: Mailman|atk|1\n|move|p2a: Mailman|Tailwind|p2a: Mailman\n|-sidestart|p2: turkfrog|move: Tailwind\n|\n|-weather|RainDance|[upkeep]\n|upkeep\n|turn|4\n|\n|t:|1775996320\n|detailschange|p2b: Gengar|Gengar-Mega, L50, F, shiny\n|-mega|p2b: Gengar|Gengar|Gengarite\n|move|p1b: Kingambit|Sucker Punch|p2a: Mailman\n|-damage|p2a: Mailman|3/100\n|move|p2b: Gengar|Icy Wind|p1a: Zoroark|[spread] p1a,p1b\n|-resisted|p1b: Kingambit|1\n|-damage|p1a: Zoroark|59/100\n|-damage|p1b: Kingambit|29/100\n|-unboost|p1a: Zoroark|spe|1\n|-unboost|p1b: Kingambit|spe|1\n|-ability|p1b: Kingambit|Defiant|boost\n|-boost|p1b: Kingambit|atk|2\n|move|p2a: Mailman|Hurricane|p1b: Kingambit\n|-resisted|p1b: Kingambit|1\n|-damage|p1b: Kingambit|12/100\n|-start|p1b: Kingambit|confusion\n|move|p1a: Zoroark|Bitter Malice|p2b: Gengar\n|-supereffective|p2b: Gengar|1\n|-damage|p2b: Gengar|10/100\n|-unboost|p2b: Gengar|atk|1\n|\n|-weather|RainDance|[upkeep]\n|upkeep\n|turn|5\n|\n|t:|1775996359\n|switch|p2b: Masquerade|Meowscarada, L50, F, shiny|95/100 brn\n|-activate|p1b: Kingambit|confusion\n|-damage|p1b: Kingambit|0 fnt|[from] confusion\n|faint|p1b: Kingambit\n|move|p2a: Mailman|Weather Ball|p1a: Zoroark\n|-damage|p1a: Zoroark|0 fnt\n|faint|p1a: Zoroark\n|\n|-weather|RainDance|[upkeep]\n|-damage|p2b: Masquerade|89/100 brn|[from] brn\n|upkeep\n|\n|t:|1775996370\n|switch|p1a: Floette|Floette-Eternal, L50, F|100/100\n|switch|p1b: Gyarados|Gyarados, L50, M|100/100\n|-ability|p1b: Gyarados|Intimidate|boost\n|-unboost|p2a: Mailman|atk|1\n|-unboost|p2b: Masquerade|atk|1\n|turn|6\n|\n|t:|1775996402\n|switch|p2a: Railgun|Archaludon, L50, M|16/100\n|detailschange|p1a: Floette|Floette-Mega, L50, F\n|-mega|p1a: Floette|Floette|Floettite\n|-ability|p1a: Floette|Fairy Aura\n|move|p1b: Gyarados|Protect|p1b: Gyarados\n|-singleturn|p1b: Gyarados|Protect\n|move|p2b: Masquerade|Flower Trick|p1a: Floette\n|-start|p2b: Masquerade|typechange|Grass|[from] ability: Protean\n|-crit|p1a: Floette\n|-damage|p1a: Floette|74/100\n|move|p1a: Floette|Dazzling Gleam|p2b: Masquerade|[spread] p2a,p2b\n|-damage|p2a: Railgun|0 fnt\n|-damage|p2b: Masquerade|15/100 brn\n|-enditem|p2b: Masquerade|Sitrus Berry|[eat]\n|-heal|p2b: Masquerade|40/100 brn|[from] item: Sitrus Berry\n|faint|p2a: Railgun\n|\n|-weather|none\n|-damage|p2b: Masquerade|34/100 brn|[from] brn\n|-sideend|p2: turkfrog|move: Tailwind\n|upkeep\n|\n|t:|1775996427\n|switch|p2a: Gengar|Gengar-Mega, L50, F, shiny|10/100\n|turn|7\n|\n|t:|1775996451\n|move|p2b: Masquerade|Thunder Punch|p1b: Gyarados\n|-supereffective|p1b: Gyarados|2\n|-damage|p1b: Gyarados|66/100\n|-status|p1b: Gyarados|par\n|move|p2a: Gengar|Sludge Bomb|p1a: Floette\n|-supereffective|p1a: Floette|1\n|-damage|p1a: Floette|0 fnt\n|faint|p1a: Floette\n|move|p1b: Gyarados|Waterfall|p2a: Gengar\n|-damage|p2a: Gengar|0 fnt\n|faint|p2a: Gengar\n|\n|-heal|p1b: Gyarados|72/100 par|[from] item: Leftovers\n|-damage|p2b: Masquerade|28/100 brn|[from] brn\n|upkeep\n|\n|t:|1775996467\n|switch|p2a: Mailman|Pelipper, L50, M|3/100\n|-weather|RainDance|[from] ability: Drizzle|[of] p2a: Mailman\n|turn|8\n|\n|t:|1775996481\n|move|p1b: Gyarados|Protect|p1b: Gyarados\n|-singleturn|p1b: Gyarados|Protect\n|move|p2b: Masquerade|Thunder Punch|p1b: Gyarados\n|-activate|p1b: Gyarados|move: Protect\n|move|p2a: Mailman|Hurricane|p1b: Gyarados\n|-activate|p1b: Gyarados|move: Protect\n|\n|-weather|RainDance|[upkeep]\n|-heal|p1b: Gyarados|78/100 par|[from] item: Leftovers\n|-damage|p2b: Masquerade|22/100 brn|[from] brn\n|upkeep\n|turn|9\n|inactive|Battle timer is ON: inactive players will automatically lose when time's up. (requested by Flakenz)\n|\n|t:|1775996510\n|move|p2b: Masquerade|Thunder Punch|p1b: Gyarados\n|-supereffective|p1b: Gyarados|2\n|-damage|p1b: Gyarados|44/100 par\n|move|p2a: Mailman|Hurricane|p1b: Gyarados\n|-damage|p1b: Gyarados|14/100 par\n|move|p1b: Gyarados|Waterfall|p2a: Mailman\n|-resisted|p2a: Mailman|1\n|-damage|p2a: Mailman|0 fnt\n|faint|p2a: Mailman\n|\n|-weather|RainDance|[upkeep]\n|-heal|p1b: Gyarados|20/100 par|[from] item: Leftovers\n|-damage|p2b: Masquerade|16/100 brn|[from] brn\n|upkeep\n|turn|10\n|inactive|turkfrog has 30 seconds left.\n|\n|t:|1775996539\n|move|p1b: Gyarados|Protect|p1b: Gyarados\n|-singleturn|p1b: Gyarados|Protect\n|move|p2b: Masquerade|Thunder Punch|p1b: Gyarados\n|-activate|p1b: Gyarados|move: Protect\n|\n|-weather|RainDance|[upkeep]\n|-heal|p1b: Gyarados|26/100 par|[from] item: Leftovers\n|-damage|p2b: Masquerade|10/100 brn|[from] brn\n|upkeep\n|turn|11\n|\n|t:|1775996555\n|move|p1b: Gyarados|Protect||[still]\n|-fail|p1b: Gyarados\n|move|p2b: Masquerade|Thunder Punch|p1b: Gyarados\n|-supereffective|p1b: Gyarados|2\n|-damage|p1b: Gyarados|0 fnt\n|faint|p1b: Gyarados\n|\n|win|turkfrog\n|raw|Flakenz's rating: 1188 &rarr; <strong>1157</strong><br />(-31 for losing)\n|raw|turkfrog's rating: 1106 &rarr; <strong>1137</strong><br />(+31 for winning)\n",
  "uploadtime": 1775996555,
  "views": 19,
  "formatid": "gen9championsvgc2026regma",
  "rating": 1137,
  "private": 0,
  "password": null
}