{
  "id": "gen9championsvgc2026regma-2585409304",
  "format": "[Gen 9 Champions] VGC 2026 Reg M-A",
  "players": [
    "anshuman thapa",
    "testdigi"
  ],
  "log": "|j|\u2606anshuman thapa\n|j|\u2606testdigi\n|t:|1776345237\n|gametype|doubles\n|player|p1|anshuman thapa|wallace|1075\n|player|p2|testdigi|170|1061\n|gen|9\n|tier|[Gen 9 Champions] VGC 2026 Reg M-A\n|rated|\n|rule|Species Clause: Limit one of each Pok\u00e9mon\n|rule|Item Clause: Limit 1 of each item\n|clearpoke\n|poke|p1|Gardevoir, L50, F|\n|poke|p1|Aerodactyl, L50, M|\n|poke|p1|Aegislash, L50, M|\n|poke|p1|Hydreigon, L50, M|\n|poke|p1|Tauros-Paldea-Aqua, L50, M|\n|poke|p1|Rotom-Heat, L50|\n|poke|p2|Mimikyu, L50, F|\n|poke|p2|Floette-Eternal, L50, F|\n|poke|p2|Sneasler, L50, M|\n|poke|p2|Incineroar, L50, M|\n|poke|p2|Tyranitar, L50, M|\n|poke|p2|Corviknight, L50, M|\n|teampreview|4\n|\n|t:|1776345283\n|teamsize|p1|4\n|teamsize|p2|4\n|start\n|switch|p1a: Aerodactyl|Aerodactyl, L50, M|100/100\n|switch|p1b: Gardevoir|Gardevoir, L50, F, shiny|100/100\n|switch|p2a: Sneasler|Sneasler, L50, M, shiny|100/100\n|switch|p2b: Mimikyu|Mimikyu, L50, F|100/100\n|-ability|p1a: Aerodactyl|Unnerve\n|turn|1\n|\n|t:|1776345306\n|switch|p1b: Aegislash|Aegislash, L50, M, shiny|100/100\n|move|p2a: Sneasler|Fake Out|p1a: Aerodactyl\n|-resisted|p1a: Aerodactyl|1\n|-damage|p1a: Aerodactyl|90/100\n|cant|p1a: Aerodactyl|flinch\n|move|p2b: Mimikyu|Swords Dance|p2b: Mimikyu\n|-boost|p2b: Mimikyu|atk|2\n|\n|upkeep\n|turn|2\n|\n|t:|1776345343\n|move|p1b: Aegislash|King's Shield|p1b: Aegislash\n|-singleturn|p1b: Aegislash|Protect\n|move|p1a: Aerodactyl|Tailwind|p1a: Aerodactyl\n|-sidestart|p1: anshuman thapa|move: Tailwind\n|move|p2a: Sneasler|Close Combat|p1a: Aerodactyl\n|-damage|p1a: Aerodactyl|0 fnt\n|-unboost|p2a: Sneasler|def|1\n|-unboost|p2a: Sneasler|spd|1\n|faint|p1a: Aerodactyl\n|-enditem|p2a: Sneasler|White Herb\n|-clearnegativeboost|p2a: Sneasler|[silent]\n|move|p2b: Mimikyu|Shadow Claw|p1b: Aegislash\n|-activate|p1b: Aegislash|move: Protect\n|-unboost|p2b: Mimikyu|atk|1\n|\n|upkeep\n|\n|t:|1776345357\n|switch|p1a: Rotom|Rotom-Heat, L50|100/100\n|turn|3\n|\n|t:|1776345380\n|move|p2a: Sneasler|Protect|p2a: Sneasler\n|-singleturn|p2a: Sneasler|Protect\n|move|p1b: Aegislash|King's Shield||[still]\n|-fail|p1b: Aegislash\n|move|p2b: Mimikyu|Protect|p2b: Mimikyu\n|-singleturn|p2b: Mimikyu|Protect\n|move|p1a: Rotom|Electroweb|p2b: Mimikyu|[spread] \n|-activate|p2a: Sneasler|move: Protect\n|-activate|p2b: Mimikyu|move: Protect\n|\n|upkeep\n|turn|4\n|\n|t:|1776345396\n|move|p1b: Aegislash|King's Shield|p1b: Aegislash\n|-singleturn|p1b: Aegislash|Protect\n|move|p1a: Rotom|Electroweb|p2b: Mimikyu|[spread] p2a,p2b\n|-damage|p2a: Sneasler|80/100\n|-activate|p2b: Mimikyu|ability: Disguise\n|-damage|p2b: Mimikyu|100/100\n|-unboost|p2a: Sneasler|spe|1\n|-unboost|p2b: Mimikyu|spe|1\n|detailschange|p2b: Mimikyu|Mimikyu-Busted, L50, F\n|-damage|p2b: Mimikyu|88/100|[from] pokemon: Mimikyu-Busted\n|move|p2a: Sneasler|Dire Claw|p1a: Rotom\n|-damage|p1a: Rotom|57/100\n|move|p2b: Mimikyu|Swords Dance|p2b: Mimikyu\n|-boost|p2b: Mimikyu|atk|2\n|\n|upkeep\n|turn|5\n|\n|t:|1776345432\n|move|p2a: Sneasler|Protect|p2a: Sneasler\n|-singleturn|p2a: Sneasler|Protect\n|move|p1a: Rotom|Electroweb|p2b: Mimikyu|[spread] p2b\n|-activate|p2a: Sneasler|move: Protect\n|-damage|p2b: Mimikyu|68/100\n|-unboost|p2b: Mimikyu|spe|1\n|-formechange|p1b: Aegislash|Aegislash-Blade|\n|move|p1b: Aegislash|Poltergeist|p2b: Mimikyu\n|-activate|p2b: Mimikyu|move: Poltergeist|Kebia Berry\n|-supereffective|p2b: Mimikyu|1\n|-damage|p2b: Mimikyu|0 fnt\n|faint|p2b: Mimikyu\n|\n|-sideend|p1: anshuman thapa|move: Tailwind\n|upkeep\n|\n|t:|1776345445\n|switch|p2b: Tyranitar|Tyranitar, L50, M|100/100\n|-weather|Sandstorm|[from] ability: Sand Stream|[of] p2b: Tyranitar\n|turn|6\n|\n|t:|1776345462\n|move|p1a: Rotom|Electroweb|p2a: Sneasler|[spread] p2a,p2b\n|-damage|p2a: Sneasler|60/100\n|-damage|p2b: Tyranitar|90/100\n|-unboost|p2a: Sneasler|spe|1\n|-unboost|p2b: Tyranitar|spe|1\n|move|p2a: Sneasler|Dire Claw|p1a: Rotom\n|-damage|p1a: Rotom|15/100\n|move|p1b: Aegislash|Flash Cannon|p2b: Tyranitar\n|-supereffective|p2b: Tyranitar|1\n|-damage|p2b: Tyranitar|46/100\n|move|p2b: Tyranitar|Dragon Dance|p2b: Tyranitar\n|-boost|p2b: Tyranitar|atk|1\n|-boost|p2b: Tyranitar|spe|1\n|\n|-weather|Sandstorm|[upkeep]\n|-damage|p1a: Rotom|9/100|[from] Sandstorm\n|-damage|p2a: Sneasler|54/100|[from] Sandstorm\n|upkeep\n|turn|7\n|\n|t:|1776345490\n|move|p1a: Rotom|Electroweb|p2a: Sneasler|[spread] p2a\n|-miss|p1a: Rotom|p2b: Tyranitar\n|-damage|p2a: Sneasler|33/100\n|-unboost|p2a: Sneasler|spe|1\n|move|p2a: Sneasler|Dire Claw|p1a: Rotom\n|-damage|p1a: Rotom|0 fnt\n|faint|p1a: Rotom\n|move|p1b: Aegislash|Flash Cannon|p2b: Tyranitar\n|-supereffective|p2b: Tyranitar|1\n|-damage|p2b: Tyranitar|2/100\n|move|p2b: Tyranitar|Dragon Dance|p2b: Tyranitar\n|-boost|p2b: Tyranitar|atk|1\n|-boost|p2b: Tyranitar|spe|1\n|\n|-weather|Sandstorm|[upkeep]\n|-damage|p2a: Sneasler|27/100|[from] Sandstorm\n|upkeep\n|\n|t:|1776345503\n|switch|p1a: Gardevoir|Gardevoir, L50, F, shiny|100/100\n|turn|8\n|\n|t:|1776345516\n|detailschange|p1a: Gardevoir|Gardevoir-Mega, L50, F, shiny\n|-mega|p1a: Gardevoir|Gardevoir|Gardevoirite\n|move|p1a: Gardevoir|Protect|p1a: Gardevoir\n|-singleturn|p1a: Gardevoir|Protect\n|move|p2a: Sneasler|Protect|p2a: Sneasler\n|-singleturn|p2a: Sneasler|Protect\n|move|p2b: Tyranitar|Protect|p2b: Tyranitar\n|-singleturn|p2b: Tyranitar|Protect\n|move|p1b: Aegislash|Shadow Sneak|p2b: Tyranitar\n|-activate|p2b: Tyranitar|move: Protect\n|\n|-weather|Sandstorm|[upkeep]\n|-damage|p1a: Gardevoir|95/100|[from] Sandstorm\n|-damage|p2a: Sneasler|21/100|[from] Sandstorm\n|upkeep\n|turn|9\n|\n|t:|1776345532\n|move|p1b: Aegislash|Shadow Sneak|p2b: Tyranitar\n|-resisted|p2b: Tyranitar|1\n|-damage|p2b: Tyranitar|0 fnt\n|faint|p2b: Tyranitar\n|move|p1a: Gardevoir|Shadow Ball|p2a: Sneasler\n|-damage|p2a: Sneasler|0 fnt\n|faint|p2a: Sneasler\n|\n|-weather|Sandstorm|[upkeep]\n|-damage|p1a: Gardevoir|89/100|[from] Sandstorm\n|upkeep\n|-message|testdigi forfeited.\n|\n|win|anshuman thapa\n",
  "uploadtime": 1776345240,
  "views": 24,
  "formatid": "gen9championsvgc2026regma",
  "rating": null,
  "private": 0,
  "password": null
}