{
  "id": "gen9championsvgc2026regma-2582595316",
  "format": "[Gen 9 Champions] VGC 2026 Reg M-A",
  "players": [
    "Eesoch",
    "Yofavewhiteboy"
  ],
  "log": "|j|\u2606Eesoch\n|j|\u2606Yofavewhiteboy\n|t:|1776101563\n|gametype|doubles\n|player|p1|Eesoch|n|1000\n|player|p2|Yofavewhiteboy|265|1000\n|gen|9\n|tier|[Gen 9 Champions] VGC 2026 Reg M-A\n|rated|\n|rule|Species Clause: Limit one of each Pok\u00e9mon\n|rule|Item Clause: Limit 1 of each item\n|clearpoke\n|poke|p1|Noivern, L50, F|\n|poke|p1|Gyarados, L50, F|\n|poke|p1|Garchomp, L50, F|\n|poke|p1|Sneasler, L50, F|\n|poke|p1|Kingambit, L50, F|\n|poke|p1|Froslass, L50, F|\n|poke|p2|Ampharos, L50, F|\n|poke|p2|Farigiraf, L50, M|\n|poke|p2|Excadrill, L50, F|\n|poke|p2|Tyranitar, L50, F|\n|poke|p2|Sneasler, L50, F|\n|poke|p2|Sinistcha, L50|\n|teampreview|4\n|inactive|Battle timer is ON: inactive players will automatically lose when time's up. (requested by Eesoch)\n|\n|t:|1776101596\n|teamsize|p1|4\n|teamsize|p2|4\n|start\n|switch|p1a: Garchomp|Garchomp, L50, F, shiny|100/100\n|switch|p1b: Gyarados|Gyarados, L50, F, shiny|100/100\n|switch|p2a: Tyranitar|Tyranitar, L50, F|100/100\n|switch|p2b: Excadrill|Excadrill, L50, F|100/100\n|-ability|p1b: Gyarados|Intimidate|boost\n|-unboost|p2a: Tyranitar|atk|1\n|-unboost|p2b: Excadrill|atk|1\n|-weather|Sandstorm|[from] ability: Sand Stream|[of] p2a: Tyranitar\n|turn|1\n|\n|t:|1776101620\n|move|p2b: Excadrill|Protect|p2b: Excadrill\n|-singleturn|p2b: Excadrill|Protect\n|move|p1a: Garchomp|Earthquake|p2a: Tyranitar|[spread] p2a\n|-activate|p2b: Excadrill|move: Protect\n|-immune|p1b: Gyarados\n|-supereffective|p2a: Tyranitar|1\n|-damage|p2a: Tyranitar|30/100\n|move|p1b: Gyarados|Waterfall|p2b: Excadrill\n|-activate|p2b: Excadrill|move: Protect\n|move|p2a: Tyranitar|Ice Beam|p1a: Garchomp\n|-supereffective|p1a: Garchomp|2\n|-damage|p1a: Garchomp|14/100\n|\n|-weather|Sandstorm|[upkeep]\n|-damage|p1b: Gyarados|95/100|[from] Sandstorm\n|upkeep\n|turn|2\n|inactive|Eesoch has 30 seconds left.\n|\n|t:|1776101652\n|switch|p1a: Sneasler|Sneasler, L50, F, shiny|100/100\n|move|p2a: Tyranitar|Protect|p2a: Tyranitar\n|-singleturn|p2a: Tyranitar|Protect\n|move|p2b: Excadrill|Rock Slide|p1b: Gyarados|[spread] p1a,p1b\n|-resisted|p1a: Sneasler|1\n|-supereffective|p1b: Gyarados|1\n|-damage|p1a: Sneasler|87/100\n|-damage|p1b: Gyarados|69/100\n|move|p1b: Gyarados|Waterfall|p2a: Tyranitar\n|-activate|p2a: Tyranitar|move: Protect\n|\n|-weather|Sandstorm|[upkeep]\n|-damage|p1a: Sneasler|81/100|[from] Sandstorm\n|-damage|p1b: Gyarados|63/100|[from] Sandstorm\n|upkeep\n|turn|3\n|inactive|Eesoch has 30 seconds left.\n|\n|t:|1776101681\n|move|p1a: Sneasler|Fake Out|p2b: Excadrill\n|-resisted|p2b: Excadrill|1\n|-damage|p2b: Excadrill|91/100\n|cant|p2b: Excadrill|flinch\n|move|p1b: Gyarados|Waterfall|p2a: Tyranitar\n|-supereffective|p2a: Tyranitar|1\n|-damage|p2a: Tyranitar|0 fnt\n|faint|p2a: Tyranitar\n|\n|-weather|Sandstorm|[upkeep]\n|-damage|p1a: Sneasler|75/100|[from] Sandstorm\n|-damage|p1b: Gyarados|57/100|[from] Sandstorm\n|upkeep\n|\n|t:|1776101689\n|switch|p2a: Ampharos|Ampharos, L50, F|100/100\n|turn|4\n|inactive|Eesoch has 30 seconds left.\n|\n|t:|1776101714\n|switch|p1b: Garchomp|Garchomp, L50, F, shiny|14/100\n|move|p2b: Excadrill|High Horsepower|p1a: Sneasler\n|-supereffective|p1a: Sneasler|1\n|-damage|p1a: Sneasler|0 fnt\n|faint|p1a: Sneasler\n|move|p2a: Ampharos|Parabolic Charge|p1b: Garchomp|[spread] \n|-immune|p2b: Excadrill\n|-immune|p1b: Garchomp\n|\n|-weather|Sandstorm|[upkeep]\n|-damage|p2a: Ampharos|94/100|[from] Sandstorm\n|upkeep\n|\n|t:|1776101729\n|switch|p1a: Froslass|Froslass, L50, F, shiny|100/100\n|turn|5\n|inactive|Yofavewhiteboy has 30 seconds left.\n|inactive|Yofavewhiteboy has 20 seconds left.\n|\n|t:|1776101766\n|detailschange|p1a: Froslass|Froslass-Mega, L50, F, shiny\n|-mega|p1a: Froslass|Froslass|Froslassite\n|-weather|Snowscape|[from] ability: Snow Warning|[of] p1a: Froslass\n|detailschange|p2a: Ampharos|Ampharos-Mega, L50, F\n|-mega|p2a: Ampharos|Ampharos|Ampharosite\n|-ability|p2a: Ampharos|Mold Breaker\n|move|p2b: Excadrill|Protect|p2b: Excadrill\n|-singleturn|p2b: Excadrill|Protect\n|move|p1b: Garchomp|Rock Slide|p2a: Ampharos|[spread] p2a\n|-activate|p2b: Excadrill|move: Protect\n|-damage|p2a: Ampharos|75/100\n|move|p1a: Froslass|Blizzard|p2b: Excadrill|[spread] p2a\n|-activate|p2b: Excadrill|move: Protect\n|-supereffective|p2a: Ampharos|1\n|-damage|p2a: Ampharos|0 fnt\n|faint|p2a: Ampharos\n|\n|-weather|Snowscape|[upkeep]\n|upkeep\n|\n|t:|1776101774\n|switch|p2a: Sneasler|Sneasler, L50, F|100/100\n|turn|6\n|\n|t:|1776101791\n|switch|p1b: Gyarados|Gyarados, L50, F, shiny|57/100\n|-ability|p1b: Gyarados|Intimidate|boost\n|-unboost|p2a: Sneasler|atk|1\n|-unboost|p2b: Excadrill|atk|1\n|-enditem|p2a: Sneasler|White Herb\n|-clearnegativeboost|p2a: Sneasler|[silent]\n|move|p1a: Froslass|Protect|p1a: Froslass\n|-singleturn|p1a: Froslass|Protect\n|move|p2a: Sneasler|Fake Out|p1b: Gyarados\n|-damage|p1b: Gyarados|44/100\n|-enditem|p1b: Gyarados|Sitrus Berry|[eat]\n|-heal|p1b: Gyarados|68/100|[from] item: Sitrus Berry\n|move|p2b: Excadrill|Iron Head|p1a: Froslass\n|-activate|p1a: Froslass|move: Protect\n|\n|-weather|Snowscape|[upkeep]\n|upkeep\n|turn|7\n|\n|t:|1776101813\n|move|p2a: Sneasler|Dire Claw|p1b: Gyarados\n|-damage|p1b: Gyarados|31/100\n|-status|p1b: Gyarados|psn\n|move|p1a: Froslass|Aurora Veil|p1a: Froslass\n|-sidestart|p1: Eesoch|move: Aurora Veil\n|move|p2b: Excadrill|Rock Slide|p1a: Froslass|[spread] p1a\n|-miss|p2b: Excadrill|p1b: Gyarados\n|-supereffective|p1a: Froslass|1\n|-damage|p1a: Froslass|84/100\n|move|p1b: Gyarados|Thunder Wave|p2a: Sneasler\n|-status|p2a: Sneasler|par\n|\n|-weather|Snowscape|[upkeep]\n|-damage|p1b: Gyarados|18/100 psn|[from] psn\n|upkeep\n|turn|8\n|\n|t:|1776101833\n|move|p1a: Froslass|Blizzard|p2a: Sneasler|[spread] p2a,p2b\n|-damage|p2a: Sneasler|36/100 par\n|-damage|p2b: Excadrill|37/100\n|-status|p2b: Excadrill|frz\n|-enditem|p2b: Excadrill|Sitrus Berry|[eat]\n|-heal|p2b: Excadrill|62/100 frz|[from] item: Sitrus Berry\n|move|p2a: Sneasler|Dire Claw|p1a: Froslass\n|-resisted|p1a: Froslass|1\n|-damage|p1a: Froslass|68/100\n|-status|p1a: Froslass|slp\n|cant|p2b: Excadrill|frz\n|move|p1b: Gyarados|Waterfall|p2a: Sneasler\n|-damage|p2a: Sneasler|0 fnt\n|faint|p2a: Sneasler\n|\n|-weather|Snowscape|[upkeep]\n|-damage|p1b: Gyarados|6/100 psn|[from] psn\n|upkeep\n|turn|9\n|\n|t:|1776101857\n|cant|p1a: Froslass|slp\n|cant|p2b: Excadrill|frz\n|move|p1b: Gyarados|Waterfall|p2b: Excadrill\n|-supereffective|p2b: Excadrill|1\n|-damage|p2b: Excadrill|0 fnt\n|faint|p2b: Excadrill\n|\n|win|Eesoch\n|raw|Eesoch's rating: 1000 &rarr; <strong>1040</strong><br />(+40 for winning)\n|raw|Yofavewhiteboy's rating: 1000 &rarr; <strong>1000</strong><br />(+0 for losing)\n|l|\u2606Yofavewhiteboy\n|player|p2|\n",
  "uploadtime": 1776101868,
  "views": 17,
  "formatid": "gen9championsvgc2026regma",
  "rating": 1000,
  "private": 0,
  "password": null
}