{
  "id": "gen9championsvgc2026regma-2584994380",
  "format": "[Gen 9 Champions] VGC 2026 Reg M-A",
  "players": [
    "henitusec",
    "JacintoElGrande"
  ],
  "log": "|j|\u2606henitusec\n|j|\u2606JacintoElGrande\n|t:|1776301555\n|gametype|doubles\n|player|p1|henitusec|volo|1155\n|player|p2|JacintoElGrande|cheryl|1204\n|gen|9\n|tier|[Gen 9 Champions] VGC 2026 Reg M-A\n|rated|\n|rule|Species Clause: Limit one of each Pok\u00e9mon\n|rule|Item Clause: Limit 1 of each item\n|clearpoke\n|poke|p1|Gardevoir, L50, F|\n|poke|p1|Aegislash, L50, M|\n|poke|p1|Incineroar, L50, M|\n|poke|p1|Vivillon-Polar, L50, M|\n|poke|p1|Whimsicott, L50, M|\n|poke|p1|Tauros-Paldea-Aqua, L50, M|\n|poke|p2|Politoed, L50, F|\n|poke|p2|Gengar, L50, M|\n|poke|p2|Kingambit, L50, M|\n|poke|p2|Farigiraf, L50, M|\n|poke|p2|Archaludon, L50, M|\n|poke|p2|Sinistcha, L50|\n|teampreview|4\n|inactive|Battle timer is ON: inactive players will automatically lose when time's up. (requested by henitusec)\nJacintoElGrande has agreed to open team sheets.\n|\n|t:|1776301572\n|teamsize|p1|4\n|teamsize|p2|4\n|start\n|switch|p1a: Gardevoir|Gardevoir, L50, F, shiny|100/100\n|switch|p1b: Vivillon|Vivillon-Polar, L50, M|100/100\n|switch|p2a: Kingambit|Kingambit, L50, M|100/100\n|switch|p2b: Farigiraf|Farigiraf, L50, M|100/100\n|-ability|p1a: Gardevoir|Defiant|Trace|[from] ability: Trace|[of] p2a: Kingambit\n|turn|1\n|\n|t:|1776301586\n|detailschange|p1a: Gardevoir|Gardevoir-Mega, L50, F, shiny\n|-mega|p1a: Gardevoir|Gardevoir|Gardevoirite\n|move|p1b: Vivillon|Sleep Powder|p2b: Farigiraf\n|-status|p2b: Farigiraf|slp|[from] move: Sleep Powder\n|move|p1a: Gardevoir|Aura Sphere|p2a: Kingambit\n|-supereffective|p2a: Kingambit|2\n|-enditem|p2a: Kingambit|Chople Berry|[eat]\n|-enditem|p2a: Kingambit|Chople Berry|[weaken]\n|-damage|p2a: Kingambit|40/100\n|cant|p2b: Farigiraf|slp\n|move|p2a: Kingambit|Iron Head|p1a: Gardevoir\n|-supereffective|p1a: Gardevoir|1\n|-damage|p1a: Gardevoir|0 fnt\n|faint|p1a: Gardevoir\n|\n|upkeep\n|\n|t:|1776301604\n|switch|p1a: Aegislash|Aegislash, L50, M|100/100\n|turn|2\n|\n|t:|1776301624\n|move|p2a: Kingambit|Sucker Punch|p1a: Aegislash\n|-supereffective|p1a: Aegislash|1\n|-damage|p1a: Aegislash|31/100\n|move|p1b: Vivillon|Hurricane|p2b: Farigiraf\n|-damage|p2b: Farigiraf|62/100 slp\n|-formechange|p1a: Aegislash|Aegislash-Blade|\n|move|p1a: Aegislash|Sacred Sword|p2a: Kingambit\n|-supereffective|p2a: Kingambit|2\n|-damage|p2a: Kingambit|0 fnt\n|faint|p2a: Kingambit\n|cant|p2b: Farigiraf|slp\n|\n|upkeep\n|\n|t:|1776301631\n|switch|p2a: Sinistcha|Sinistcha, L50|100/100\n|-heal|p2b: Farigiraf|87/100 slp|[from] ability: Hospitality|[of] p2a: Sinistcha\n|turn|3\n|\n|t:|1776301644\n|move|p1b: Vivillon|Hurricane|p2a: Sinistcha|[miss]\n|-miss|p1b: Vivillon|p2a: Sinistcha\n|move|p1a: Aegislash|Poltergeist|p2a: Sinistcha\n|-activate|p2a: Sinistcha|move: Poltergeist|Leftovers\n|-supereffective|p2a: Sinistcha|1\n|-damage|p2a: Sinistcha|18/100\n|move|p2a: Sinistcha|Matcha Gotcha|p1b: Vivillon|[spread] p1a,p1b\n|-resisted|p1a: Aegislash|1\n|-resisted|p1b: Vivillon|2\n|-damage|p1a: Aegislash|11/100\n|-heal|p2a: Sinistcha|28/100|[from] drain|[of] p1a: Aegislash\n|-damage|p1b: Vivillon|89/100\n|-heal|p2a: Sinistcha|33/100|[from] drain|[of] p1b: Vivillon\n|-curestatus|p2b: Farigiraf|slp|[msg]\n|move|p2b: Farigiraf|Psychic|p1b: Vivillon\n|-crit|p1b: Vivillon\n|-damage|p1b: Vivillon|0 fnt\n|faint|p1b: Vivillon\n|\n|-heal|p2a: Sinistcha|39/100|[from] item: Leftovers\n|upkeep\n|\n|t:|1776301663\n|switch|p1b: Whimsicott|Whimsicott, L50, M|100/100\n|turn|4\n|\n|t:|1776301674\n|move|p2a: Sinistcha|Rage Powder|p2a: Sinistcha\n|-singleturn|p2a: Sinistcha|move: Rage Powder\n|move|p1b: Whimsicott|Moonblast|p2a: Sinistcha\n|-damage|p2a: Sinistcha|8/100\n|move|p1a: Aegislash|Rock Slide|p2a: Sinistcha|[spread] p2a,p2b\n|-damage|p2a: Sinistcha|0 fnt\n|-damage|p2b: Farigiraf|71/100\n|faint|p2a: Sinistcha\n|cant|p2b: Farigiraf|flinch\n|\n|upkeep\n|\n|t:|1776301676\n|switch|p2a: Gengar|Gengar, L50, M|100/100\n|turn|5\n|\n|t:|1776301688\n|detailschange|p2a: Gengar|Gengar-Mega, L50, M\n|-mega|p2a: Gengar|Gengar|Gengarite\n|move|p1b: Whimsicott|Tailwind|p1b: Whimsicott\n|-sidestart|p1: henitusec|move: Tailwind\n|move|p1a: Aegislash|Poltergeist|p2a: Gengar\n|-activate|p2a: Gengar|move: Poltergeist|Gengarite\n|-supereffective|p2a: Gengar|1\n|-damage|p2a: Gengar|0 fnt\n|faint|p2a: Gengar\n|move|p2b: Farigiraf|Psychic|p1a: Aegislash\n|-resisted|p1a: Aegislash|1\n|-damage|p1a: Aegislash|0 fnt\n|faint|p1a: Aegislash\n|\n|upkeep\n|turn|6\n|\n|t:|1776301701\n|move|p1b: Whimsicott|Moonblast|p2b: Farigiraf\n|-damage|p2b: Farigiraf|47/100\n|move|p2b: Farigiraf|Psychic|p1b: Whimsicott\n|-damage|p1b: Whimsicott|61/100\n|\n|upkeep\n|turn|7\n|\n|t:|1776301706\n|move|p1b: Whimsicott|Moonblast|p2b: Farigiraf\n|-damage|p2b: Farigiraf|23/100\n|move|p2b: Farigiraf|Psychic|p1b: Whimsicott\n|-damage|p1b: Whimsicott|16/100\n|\n|upkeep\n|turn|8\n|\n|t:|1776301712\n|move|p1b: Whimsicott|Moonblast|p2b: Farigiraf\n|-damage|p2b: Farigiraf|0 fnt\n|faint|p2b: Farigiraf\n|\n|win|henitusec\n|raw|henitusec's rating: 1155 &rarr; <strong>1184</strong><br />(+29 for winning)\n|raw|JacintoElGrande's rating: 1204 &rarr; <strong>1175</strong><br />(-29 for losing)\n",
  "uploadtime": 1776301714,
  "views": 20,
  "formatid": "gen9championsvgc2026regma",
  "rating": 1175,
  "private": 0,
  "password": null
}