{
  "id": "gen9championsvgc2026regma-2584278683",
  "format": "[Gen 9 Champions] VGC 2026 Reg M-A",
  "players": [
    "luizhsouza3",
    "AAAlelele"
  ],
  "log": "|j|\u2606luizhsouza3\n|j|\u2606AAAlelele\n|t:|1776246408\n|gametype|doubles\n|player|p1|luizhsouza3|hilbert-wonderlauncher|1297\n|player|p2|AAAlelele|ninjaboy|1321\n|gen|9\n|tier|[Gen 9 Champions] VGC 2026 Reg M-A\n|rated|\n|rule|Species Clause: Limit one of each Pok\u00e9mon\n|rule|Item Clause: Limit 1 of each item\n|clearpoke\n|poke|p1|Pelipper, L50, F|\n|poke|p1|Scizor, L50, M|\n|poke|p1|Basculegion, L50, M|\n|poke|p1|Hatterene, L50, F|\n|poke|p1|Conkeldurr, L50, M|\n|poke|p1|Kingambit, L50, F|\n|poke|p2|Sneasler, L50, M|\n|poke|p2|Farigiraf, L50, F|\n|poke|p2|Aerodactyl, L50, M|\n|poke|p2|Lucario, L50, F|\n|poke|p2|Primarina, L50, F|\n|poke|p2|Kingambit, L50, F|\n|teampreview|4\n|inactive|Battle timer is ON: inactive players will automatically lose when time's up. (requested by luizhsouza3)\n|inactive|luizhsouza3 has 60 seconds left.\n|\n|t:|1776246441\n|teamsize|p1|4\n|teamsize|p2|4\n|start\n|switch|p1a: Scizor|Scizor, L50, M|100/100\n|switch|p1b: Pelipper|Pelipper, L50, F|100/100\n|switch|p2a: Sneasler|Sneasler, L50, M|100/100\n|switch|p2b: Aerodactyl|Aerodactyl, L50, M|100/100\n|-ability|p2b: Aerodactyl|Unnerve\n|-weather|RainDance|[from] ability: Drizzle|[of] p1b: Pelipper\n|turn|1\n|inactive|AAAlelele has 30 seconds left.\n|inactive|AAAlelele has 20 seconds left.\n|\n|t:|1776246478\n|switch|p1b: Basculegion|Basculegion, L50, M|100/100\n|move|p2a: Sneasler|Fake Out|p1a: Scizor\n|-resisted|p1a: Scizor|1\n|-damage|p1a: Scizor|93/100\n|move|p2b: Aerodactyl|Rock Slide|p1a: Scizor|[spread] p1a,p1b\n|-crit|p1a: Scizor\n|-damage|p1a: Scizor|53/100\n|-damage|p1b: Basculegion|67/100\n|cant|p1a: Scizor|flinch\n|\n|-weather|RainDance|[upkeep]\n|upkeep\n|turn|2\n|\n|t:|1776246492\n|move|p1b: Basculegion|Wave Crash|p2a: Sneasler\n|-damage|p2a: Sneasler|0 fnt\n|faint|p2a: Sneasler\n|-damage|p1b: Basculegion|41/100|[from] Recoil\n|move|p2b: Aerodactyl|Dual Wingbeat|p1a: Scizor\n|-damage|p1a: Scizor|33/100\n|-damage|p1a: Scizor|12/100\n|-hitcount|p1a: Scizor|2\n|move|p1a: Scizor|Swords Dance|p1a: Scizor\n|-boost|p1a: Scizor|atk|2\n|\n|-weather|RainDance|[upkeep]\n|upkeep\n|\n|t:|1776246508\n|switch|p2a: Lucario|Lucario, L50, F, shiny|100/100\n|turn|3\n|\n|t:|1776246523\n|detailschange|p2a: Lucario|Lucario-Mega, L50, F, shiny\n|-mega|p2a: Lucario|Lucario|Lucarionite\n|move|p2a: Lucario|Vacuum Wave|p1a: Scizor\n|-damage|p1a: Scizor|0 fnt\n|faint|p1a: Scizor\n|move|p1b: Basculegion|Wave Crash|p2a: Lucario\n|-damage|p2a: Lucario|0 fnt\n|faint|p2a: Lucario\n|-damage|p1b: Basculegion|16/100|[from] Recoil\n|move|p2b: Aerodactyl|Dual Wingbeat|p1b: Basculegion\n|-damage|p1b: Basculegion|0 fnt\n|faint|p1b: Basculegion\n|-hitcount|p1: Basculegion|1\n|\n|-weather|RainDance|[upkeep]\n|upkeep\n|\n|t:|1776246535\n|switch|p2a: Primarina|Primarina, L50, F|100/100\n|switch|p1b: Kingambit|Kingambit, L50, F|100/100\n|switch|p1a: Pelipper|Pelipper, L50, F|100/100\n|turn|4\n|inactive|AAAlelele has 30 seconds left.\n|inactive|AAAlelele has 20 seconds left.\n|\n|t:|1776246571\n|move|p2b: Aerodactyl|Protect|p2b: Aerodactyl\n|-singleturn|p2b: Aerodactyl|Protect\n|move|p1a: Pelipper|Tailwind|p1a: Pelipper\n|-sidestart|p1: luizhsouza3|move: Tailwind\n|move|p1b: Kingambit|Swords Dance|p1b: Kingambit\n|-boost|p1b: Kingambit|atk|2\n|move|p2a: Primarina|Hyper Voice|p1b: Kingambit|[spread] p1a,p1b\n|-resisted|p1a: Pelipper|1\n|-crit|p1a: Pelipper\n|-damage|p1a: Pelipper|41/100\n|-damage|p1b: Kingambit|35/100\n|\n|-weather|RainDance|[upkeep]\n|upkeep\n|turn|5\n|inactive|AAAlelele has 30 seconds left.\n|\n|t:|1776246597\n|move|p1b: Kingambit|Sucker Punch||[still]\n|-fail|p1b: Kingambit\n|move|p2b: Aerodactyl|Tailwind|p2b: Aerodactyl\n|-sidestart|p2: AAAlelele|move: Tailwind\n|move|p1a: Pelipper|Hurricane|p2a: Primarina\n|-damage|p2a: Primarina|64/100\n|-start|p2a: Primarina|confusion\n|-activate|p2a: Primarina|confusion\n|move|p2a: Primarina|Hyper Voice|p1a: Pelipper|[spread] p1a,p1b\n|-resisted|p1a: Pelipper|1\n|-damage|p1a: Pelipper|2/100\n|-damage|p1b: Kingambit|0 fnt\n|faint|p1b: Kingambit\n|\n|-weather|none\n|upkeep\n|turn|6\n|-message|luizhsouza3 forfeited.\n|\n|win|AAAlelele\n|raw|luizhsouza3's rating: 1297 &rarr; <strong>1274</strong><br />(-23 for losing)\n|raw|AAAlelele's rating: 1321 &rarr; <strong>1340</strong><br />(+19 for winning)\n|l|\u2606luizhsouza3\n|player|p1|\n",
  "uploadtime": 1776246670,
  "views": 43,
  "formatid": "gen9championsvgc2026regma",
  "rating": 1274,
  "private": 0,
  "password": null
}