{
  "id": "gen9championsvgc2026regma-2587611471",
  "format": "[Gen 9 Champions] VGC 2026 Reg M-A",
  "players": [
    "FruitLooop",
    "Owl-CC"
  ],
  "log": "|j|\u2606FruitLooop\n|j|\u2606Owl-CC\n|t:|1776546848\n|gametype|doubles\n|player|p1|FruitLooop|nate|1124\n|player|p2|Owl-CC|266|1099\n|gen|9\n|tier|[Gen 9 Champions] VGC 2026 Reg M-A\n|rated|\n|rule|Species Clause: Limit one of each Pok\u00e9mon\n|rule|Item Clause: Limit 1 of each item\n|clearpoke\n|poke|p1|Tsareena, L50, F, shiny|\n|poke|p1|Aerodactyl, L50, M|\n|poke|p1|Tyranitar, L50, F|\n|poke|p1|Excadrill, L50, M|\n|poke|p1|Tauros-Paldea-Aqua, L50, M|\n|poke|p1|Typhlosion-Hisui, L50, M|\n|poke|p2|Froslass, L50, F, shiny|\n|poke|p2|Palafin, L50, F, shiny|\n|poke|p2|Kingambit, L50, F, shiny|\n|poke|p2|Arcanine-Hisui, L50, F, shiny|\n|poke|p2|Sinistcha, L50, shiny|\n|poke|p2|Sneasler, L50, F, shiny|\n|teampreview|4\n|\n|t:|1776546885\n|teamsize|p1|4\n|teamsize|p2|4\n|start\n|switch|p1a: Girlboss|Tsareena, L50, F, shiny|100/100\n|switch|p1b: Malewife|Aerodactyl, L50, M|100/100\n|switch|p2a: Froslass|Froslass, L50, F, shiny|100/100\n|switch|p2b: Sneasler|Sneasler, L50, F, shiny|100/100\n|-ability|p1b: Malewife|Unnerve\n|turn|1\n|\n|t:|1776546920\n|detailschange|p2a: Froslass|Froslass-Mega, L50, F, shiny\n|-mega|p2a: Froslass|Froslass|Froslassite\n|-weather|Snowscape|[from] ability: Snow Warning|[of] p2a: Froslass\n|move|p1b: Malewife|Tailwind|p1b: Malewife\n|-sidestart|p1: FruitLooop|move: Tailwind\n|move|p2a: Froslass|Aurora Veil|p2a: Froslass\n|-sidestart|p2: Owl-CC|move: Aurora Veil\n|move|p1a: Girlboss|Taunt|p2a: Froslass\n|-start|p2a: Froslass|move: Taunt\n|move|p2b: Sneasler|Dire Claw|p1a: Girlboss\n|-supereffective|p1a: Girlboss|1\n|-damage|p1a: Girlboss|15/100\n|-status|p1a: Girlboss|psn\n|-enditem|p1a: Girlboss|Sitrus Berry|[eat]\n|-heal|p1a: Girlboss|39/100 psn|[from] item: Sitrus Berry\n|\n|-weather|Snowscape|[upkeep]\n|-damage|p1a: Girlboss|27/100 psn|[from] psn\n|upkeep\n|turn|2\n|c|\u2606Owl-CC|I hate queens majesty\n|c|\u2606Owl-CC|cool ability but a bit annoying sometimes\n|\n|t:|1776546957\n|switch|p1a: Mansplain|Tyranitar, L50, F|100/100\n|-weather|Sandstorm|[from] ability: Sand Stream|[of] p1a: Mansplain\n|switch|p2b: Palafin|Palafin, L50, F, shiny|100/100\n|move|p1b: Malewife|Rock Slide|p2a: Froslass|[spread] p2b\n|-miss|p1b: Malewife|p2a: Froslass\n|-damage|p2b: Palafin|79/100\n|move|p2a: Froslass|Blizzard|p1a: Mansplain|[spread] p1a,p1b\n|-supereffective|p1b: Malewife|1\n|-damage|p1a: Mansplain|74/100\n|-damage|p1b: Malewife|8/100\n|\n|-weather|Sandstorm|[upkeep]\n|-damage|p2a: Froslass|94/100|[from] Sandstorm\n|-damage|p2b: Palafin|74/100|[from] Sandstorm\n|upkeep\n|turn|3\n|c|\u2606FruitLooop|we love blocking fake out!!!\n|c|\u2606Owl-CC|Ik\n|c|\u2606Owl-CC|is this a meta team or homemade?\n|\n|t:|1776547005\n|switch|p2a: Sinistcha|Sinistcha, L50, shiny|100/100\n|-heal|p2b: Palafin|98/100|[from] ability: Hospitality|[of] p2a: Sinistcha\n|detailschange|p1a: Mansplain|Tyranitar-Mega, L50, F\n|-mega|p1a: Mansplain|Tyranitar|Tyranitarite\n|move|p1b: Malewife|Rock Slide|p2a: Sinistcha|[spread] p2a,p2b\n|-crit|p2a: Sinistcha\n|-damage|p2a: Sinistcha|75/100\n|-damage|p2b: Palafin|75/100\n|move|p1a: Mansplain|Knock Off|p2a: Sinistcha\n|-supereffective|p2a: Sinistcha|1\n|-damage|p2a: Sinistcha|9/100\n|-enditem|p2a: Sinistcha|Sitrus Berry|[from] move: Knock Off|[of] p1a: Mansplain\n|move|p2b: Palafin|Close Combat|p1a: Mansplain\n|-supereffective|p1a: Mansplain|2\n|-damage|p1a: Mansplain|5/100\n|-unboost|p2b: Palafin|def|1\n|-unboost|p2b: Palafin|spd|1\n|\n|-weather|Sandstorm|[upkeep]\n|-damage|p2b: Palafin|69/100|[from] Sandstorm\n|-damage|p2a: Sinistcha|3/100|[from] Sandstorm\n|upkeep\n|turn|4\n|c|\u2606FruitLooop|homemade\n|c|\u2606Owl-CC|cool team then\n|\n|t:|1776547046\n|switch|p1a: Girlboss|Tsareena, L50, F, shiny|27/100 psn\n|move|p2b: Palafin|Jet Punch||[still]\n|cant|p1a: Girlboss|ability: Queenly Majesty|Jet Punch|[of] p2b: Palafin\n|move|p1b: Malewife|Rock Slide|p2a: Sinistcha|[spread] p2a,p2b\n|-damage|p2a: Sinistcha|0 fnt\n|-damage|p2b: Palafin|33/100\n|faint|p2a: Sinistcha\n|\n|-weather|Sandstorm|[upkeep]\n|-damage|p1a: Girlboss|21/100 psn|[from] Sandstorm\n|-damage|p2b: Palafin|27/100|[from] Sandstorm\n|-damage|p1a: Girlboss|9/100 psn|[from] psn\n|-sideend|p1: FruitLooop|move: Tailwind\n|upkeep\n|c|\u2606Owl-CC|girlbossman\n|\n|t:|1776547062\n|switch|p2a: Froslass|Froslass-Mega, L50, F, shiny|94/100\n|-weather|Snowscape|[from] ability: Snow Warning|[of] p2a: Froslass\n|turn|5\n|inactive|Battle timer is ON: inactive players will automatically lose when time's up. (requested by Owl-CC)\n|\n|t:|1776547113\n|detailschange|p2b: Palafin|Palafin-Hero, L50, F, shiny\n|switch|p2b: Sneasler|Sneasler, L50, F, shiny|100/100\n|move|p1b: Malewife|Tailwind|p1b: Malewife\n|-sidestart|p1: FruitLooop|move: Tailwind\n|move|p2a: Froslass|Blizzard|p1a: Girlboss|[spread] p1a,p1b\n|-supereffective|p1a: Girlboss|1\n|-supereffective|p1b: Malewife|1\n|-damage|p1a: Girlboss|0 fnt\n|-damage|p1b: Malewife|0 fnt\n|faint|p1a: Girlboss\n|faint|p1b: Malewife\n|\n|-weather|Snowscape|[upkeep]\n|-sideend|p2: Owl-CC|move: Aurora Veil\n|upkeep\n|c|\u2606Owl-CC|gg\n|inactive|FruitLooop has 30 seconds left.\n|c|\u2606FruitLooop|hold your horses\n|\n|t:|1776547143\n|switch|p1b: Gaslight|Typhlosion-Hisui, L50, M|100/100\n|switch|p1a: Mansplain|Tyranitar-Mega, L50, F|5/100\n|-item|p2a: Froslass|Froslassite|[from] ability: Frisk|[of] p1b: Gaslight\n|-item|p2b: Sneasler|White Herb|[from] ability: Frisk|[of] p1b: Gaslight\n|-weather|Sandstorm|[from] ability: Sand Stream|[of] p1a: Mansplain\n|turn|6\n|c|\u2606Owl-CC|ohh forgot 4th pokemon\n|c|\u2606FruitLooop|hehehe\n|inactive|FruitLooop has 30 seconds left.\n|\n|t:|1776547168\n|move|p2a: Froslass|Protect|p2a: Froslass\n|-singleturn|p2a: Froslass|Protect\n|move|p1a: Mansplain|Protect|p1a: Mansplain\n|-singleturn|p1a: Mansplain|Protect\n|move|p1b: Gaslight|Eruption|p2b: Sneasler|[spread] p2b\n|-activate|p2a: Froslass|move: Protect\n|-damage|p2b: Sneasler|15/100\n|move|p2b: Sneasler|Close Combat|p1a: Mansplain\n|-activate|p1a: Mansplain|move: Protect\n|\n|-weather|Sandstorm|[upkeep]\n|-damage|p1b: Gaslight|94/100|[from] Sandstorm\n|-damage|p2a: Froslass|88/100|[from] Sandstorm\n|-damage|p2b: Sneasler|9/100|[from] Sandstorm\n|upkeep\n|turn|7\n|c|\u2606Owl-CC|gaslight?\n|c|\u2606FruitLooop|yas\n|inactive|FruitLooop has 30 seconds left.\n|inactive|Owl-CC has 30 seconds left.\n|inactive|Owl-CC has 20 seconds left.\n|\n|t:|1776547208\n|switch|p2a: Palafin|Palafin-Hero, L50, F, shiny|27/100\n|-activate|p2a: Palafin|ability: Zero to Hero\n|move|p1b: Gaslight|Eruption|p2a: Palafin|[spread] p2a,p2b\n|-resisted|p2a: Palafin|1\n|-damage|p2a: Palafin|0 fnt\n|-damage|p2b: Sneasler|0 fnt\n|faint|p2a: Palafin\n|faint|p2b: Sneasler\n|move|p1a: Mansplain|Rock Slide|p2: Palafin|[notarget]\n|-fail|p1a: Mansplain\n|\n|-weather|Sandstorm|[upkeep]\n|-damage|p1b: Gaslight|88/100|[from] Sandstorm\n|upkeep\n|\n|t:|1776547220\n|switch|p2a: Froslass|Froslass-Mega, L50, F, shiny|88/100\n|-weather|Snowscape|[from] ability: Snow Warning|[of] p2a: Froslass\n|turn|8\n|\n|t:|1776547235\n|move|p2a: Froslass|Protect|p2a: Froslass\n|-singleturn|p2a: Froslass|Protect\n|move|p1b: Gaslight|Eruption|p2a: Froslass\n|-activate|p2a: Froslass|move: Protect\n|move|p1a: Mansplain|Knock Off|p2a: Froslass\n|-activate|p2a: Froslass|move: Protect\n|\n|-weather|Snowscape|[upkeep]\n|-sideend|p1: FruitLooop|move: Tailwind\n|upkeep\n|turn|9\n|c|\u2606FruitLooop|you can't hide forever\n|\n|t:|1776547251\n|move|p1b: Gaslight|Eruption|p2a: Froslass\n|-supereffective|p2a: Froslass|1\n|-damage|p2a: Froslass|0 fnt\n|faint|p2a: Froslass\n|\n|win|FruitLooop\n|raw|FruitLooop's rating: 1124 &rarr; <strong>1147</strong><br />(+23 for winning)\n|raw|Owl-CC's rating: 1099 &rarr; <strong>1076</strong><br />(-23 for losing)\n|c|\u2606Owl-CC|outspeeds danm\n|c|\u2606FruitLooop|gg\n|c|\u2606Owl-CC|gg\n|l|\u2606Owl-CC\n|player|p2|\n",
  "uploadtime": 1776547310,
  "views": 12,
  "formatid": "gen9championsvgc2026regma",
  "rating": 1076,
  "private": 0,
  "password": null
}