{
  "id": "gen9championsvgc2026regma-2583837355",
  "format": "[Gen 9 Champions] VGC 2026 Reg M-A",
  "players": [
    "Keltr1ck",
    "sadcasuals"
  ],
  "log": "|j|\u2606Keltr1ck\n|j|\u2606sadcasuals\n|t:|1776201583\n|gametype|doubles\n|player|p1|Keltr1ck|dancer|1107\n|player|p2|sadcasuals|102|1182\n|gen|9\n|tier|[Gen 9 Champions] VGC 2026 Reg M-A\n|rated|\n|rule|Species Clause: Limit one of each Pok\u00e9mon\n|rule|Item Clause: Limit 1 of each item\n|clearpoke\n|poke|p1|Goodra, L50, F|\n|poke|p1|Dragapult, L50, F|\n|poke|p1|Charizard, L50, M|\n|poke|p1|Whimsicott, L50, F|\n|poke|p1|Hydreigon, L50, M|\n|poke|p1|Mudsdale, L50, F|\n|poke|p2|Mimikyu, L50, M|\n|poke|p2|Golurk, L50|\n|poke|p2|Oranguru, L50, F|\n|poke|p2|Torkoal, L50, M|\n|poke|p2|Milotic, L50, M|\n|poke|p2|Hydrapple, L50, M|\n|teampreview|4\n|\n|t:|1776201610\n|teamsize|p1|4\n|teamsize|p2|4\n|start\n|switch|p1a: Whimsicott|Whimsicott, L50, F|100/100\n|switch|p1b: Dragapult|Dragapult, L50, F, shiny|100/100\n|switch|p2a: Mimikyu|Mimikyu, L50, M|100/100\n|switch|p2b: Milotic|Milotic, L50, M|100/100\n|turn|1\n|\n|t:|1776201620\n|move|p1a: Whimsicott|Helping Hand|p1b: Dragapult\n|-singleturn|p1b: Dragapult|Helping Hand|[of] p1a: Whimsicott\n|move|p1b: Dragapult|Dragon Darts|p2b: Milotic\n|-damage|p2b: Milotic|60/100\n|-anim|p1b: Dragapult|Dragon Darts|p2b: Milotic\n|-damage|p2b: Milotic|19/100\n|move|p2b: Milotic|Ice Beam|p1b: Dragapult\n|-supereffective|p1b: Dragapult|1\n|-damage|p1b: Dragapult|45/100\n|-status|p1b: Dragapult|frz\n|move|p2a: Mimikyu|Trick Room|p2a: Mimikyu\n|-fieldstart|move: Trick Room|[of] p2a: Mimikyu\n|\n|-heal|p2b: Milotic|25/100|[from] item: Leftovers\n|upkeep\n|turn|2\n|\n|t:|1776201636\n|switch|p2a: Oranguru|Oranguru, L50, F|100/100\n|move|p1a: Whimsicott|Encore||[still]\n|-fail|p1a: Whimsicott\n|move|p2b: Milotic|Ice Beam|p1a: Whimsicott\n|-supereffective|p1a: Whimsicott|1\n|-damage|p1a: Whimsicott|18/100\n|cant|p1b: Dragapult|frz\n|\n|-heal|p2b: Milotic|31/100|[from] item: Leftovers\n|upkeep\n|turn|3\n|\n|t:|1776201654\n|cant|p1b: Dragapult|frz\n|move|p2a: Oranguru|Instruct|p2b: Milotic\n|-singleturn|p2b: Milotic|move: Instruct|[of] p2a: Oranguru\n|move|p2b: Milotic|Ice Beam|p1a: Whimsicott\n|-supereffective|p1a: Whimsicott|1\n|-damage|p1a: Whimsicott|0 fnt\n|faint|p1a: Whimsicott\n|move|p2b: Milotic|Recover|p2b: Milotic\n|-heal|p2b: Milotic|81/100\n|\n|-heal|p2b: Milotic|87/100|[from] item: Leftovers\n|upkeep\n|\n|t:|1776201659\n|switch|p1a: Goodra|Goodra, L50, F|100/100\n|turn|4\n|\n|t:|1776201682\n|-curestatus|p1b: Dragapult|frz|[msg]\n|move|p1b: Dragapult|Sucker Punch|p2b: Milotic\n|-damage|p2b: Milotic|65/100\n|move|p2a: Oranguru|Instruct|p2b: Milotic\n|-singleturn|p2b: Milotic|move: Instruct|[of] p2a: Oranguru\n|move|p2b: Milotic|Recover|p2b: Milotic\n|-heal|p2b: Milotic|100/100\n|move|p2b: Milotic|Ice Beam|p1b: Dragapult\n|-supereffective|p1b: Dragapult|1\n|-damage|p1b: Dragapult|0 fnt\n|faint|p1b: Dragapult\n|move|p1a: Goodra|Thunderbolt|p2b: Milotic\n|-supereffective|p2b: Milotic|1\n|-damage|p2b: Milotic|67/100\n|-status|p2b: Milotic|par\n|\n|-heal|p2b: Milotic|73/100 par|[from] item: Leftovers\n|upkeep\n|\n|t:|1776201695\n|switch|p1b: Charizard|Charizard, L50, M|100/100\n|turn|5\n|\n|t:|1776201713\n|move|p1b: Charizard|Protect|p1b: Charizard\n|-singleturn|p1b: Charizard|Protect\n|move|p2b: Milotic|Surf|p1a: Goodra|[spread] p1a\n|-activate|p1b: Charizard|move: Protect\n|-activate|p2a: Oranguru|ability: Telepathy\n|-resisted|p1a: Goodra|1\n|-damage|p1a: Goodra|93/100\n|move|p2a: Oranguru|Instruct|p2b: Milotic\n|-singleturn|p2b: Milotic|move: Instruct|[of] p2a: Oranguru\n|cant|p2b: Milotic|par\n|move|p1a: Goodra|Flamethrower|p2a: Oranguru\n|-damage|p2a: Oranguru|81/100\n|\n|-heal|p2b: Milotic|79/100 par|[from] item: Leftovers\n|-heal|p1a: Goodra|99/100|[from] item: Leftovers\n|-fieldend|move: Trick Room\n|upkeep\n|turn|6\n|\n|t:|1776201733\n|detailschange|p1b: Charizard|Charizard-Mega-Y, L50, M\n|-mega|p1b: Charizard|Charizard|Charizardite Y\n|-weather|SunnyDay|[from] ability: Drought|[of] p1b: Charizard\n|move|p1b: Charizard|Flamethrower|p2a: Oranguru\n|-damage|p2a: Oranguru|21/100\n|-enditem|p2a: Oranguru|Sitrus Berry|[eat]\n|-heal|p2a: Oranguru|46/100|[from] item: Sitrus Berry\n|move|p1a: Goodra|Flamethrower|p2a: Oranguru\n|-damage|p2a: Oranguru|21/100\n|move|p2b: Milotic|Recover|p2b: Milotic\n|-heal|p2b: Milotic|100/100 par\n|move|p2a: Oranguru|Trick Room|p2a: Oranguru\n|-fieldstart|move: Trick Room|[of] p2a: Oranguru\n|\n|-weather|SunnyDay|[upkeep]\n|-heal|p1a: Goodra|100/100|[from] item: Leftovers\n|upkeep\n|turn|7\n|\n|t:|1776201744\n|move|p1b: Charizard|Protect|p1b: Charizard\n|-singleturn|p1b: Charizard|Protect\n|move|p2b: Milotic|Surf|p1b: Charizard|[spread] p1a\n|-activate|p1b: Charizard|move: Protect\n|-activate|p2a: Oranguru|ability: Telepathy\n|-resisted|p1a: Goodra|1\n|-damage|p1a: Goodra|97/100\n|move|p2a: Oranguru|Instruct|p2b: Milotic\n|-singleturn|p2b: Milotic|move: Instruct|[of] p2a: Oranguru\n|move|p2b: Milotic|Surf|p1b: Charizard|[spread] p1a\n|-activate|p1b: Charizard|move: Protect\n|-activate|p2a: Oranguru|ability: Telepathy\n|-resisted|p1a: Goodra|1\n|-damage|p1a: Goodra|94/100\n|move|p1a: Goodra|Flamethrower|p2a: Oranguru\n|-damage|p2a: Oranguru|0 fnt\n|faint|p2a: Oranguru\n|\n|-weather|SunnyDay|[upkeep]\n|-heal|p1a: Goodra|100/100|[from] item: Leftovers\n|upkeep\n|\n|t:|1776201747\n|switch|p2a: Golurk|Golurk, L50|100/100\n|turn|8\n|\n|t:|1776201779\n|move|p2b: Milotic|Ice Beam|p1a: Goodra\n|-supereffective|p1a: Goodra|1\n|-damage|p1a: Goodra|75/100\n|move|p2a: Golurk|Rock Slide|p1a: Goodra|[spread] p1a,p1b\n|-supereffective|p1b: Charizard|2\n|-damage|p1a: Goodra|52/100\n|-damage|p1b: Charizard|0 fnt\n|faint|p1b: Charizard\n|move|p1a: Goodra|Ice Beam|p2a: Golurk\n|-supereffective|p2a: Golurk|1\n|-damage|p2a: Golurk|49/100\n|\n|-weather|SunnyDay|[upkeep]\n|-heal|p1a: Goodra|58/100|[from] item: Leftovers\n|upkeep\n|turn|9\n|\n|t:|1776201791\n|detailschange|p2a: Golurk|Golurk-Mega, L50\n|-mega|p2a: Golurk|Golurk|Golurkite\n|cant|p2b: Milotic|par\n|move|p2a: Golurk|Phantom Force||[still]\n|-prepare|p2a: Golurk|Phantom Force\n|move|p1a: Goodra|Ice Beam|p2a: Golurk|[miss]\n|-miss|p1a: Goodra|p2a: Golurk\n|\n|-weather|SunnyDay|[upkeep]\n|-heal|p1a: Goodra|64/100|[from] item: Leftovers\n|upkeep\n|turn|10\n|\n|t:|1776201797\n|cant|p2b: Milotic|par\n|move|p2a: Golurk|Phantom Force|p1a: Goodra|[from] lockedmove\n|-damage|p1a: Goodra|0 fnt\n|faint|p1a: Goodra\n|\n|win|sadcasuals\n|raw|Keltr1ck's rating: 1107 &rarr; <strong>1087</strong><br />(-20 for losing)\n|raw|sadcasuals's rating: 1182 &rarr; <strong>1202</strong><br />(+20 for winning)\n|l|\u2606Keltr1ck\n|player|p1|\n|j|\u2606Keltr1ck\n|player|p1|Keltr1ck|dancer|\n|l|\u2606Keltr1ck\n|player|p1|\n",
  "uploadtime": 1776202112,
  "views": 33,
  "formatid": "gen9championsvgc2026regma",
  "rating": 1087,
  "private": 0,
  "password": null
}