{
  "id": "gen9championsvgc2026regma-2582441855",
  "format": "[Gen 9 Champions] VGC 2026 Reg M-A",
  "players": [
    "asanagiyuri",
    "porygon-epilepz"
  ],
  "log": "|j|\u2606asanagiyuri\n|j|\u2606porygon-epilepz\n|t:|1776091928\n|gametype|doubles\n|player|p1|asanagiyuri|102|1065\n|player|p2|porygon-epilepz|hiker-gen4|1148\n|gen|9\n|tier|[Gen 9 Champions] VGC 2026 Reg M-A\n|rated|\n|rule|Species Clause: Limit one of each Pok\u00e9mon\n|rule|Item Clause: Limit 1 of each item\n|clearpoke\n|poke|p1|Floette-Eternal, L50, F|\n|poke|p1|Corviknight, L50, F|\n|poke|p1|Garchomp, L50, M|\n|poke|p1|Incineroar, L50, M|\n|poke|p1|Sinistcha, L50|\n|poke|p1|Rotom-Wash, L50|\n|poke|p2|Kommo-o, L50, F|\n|poke|p2|Incineroar, L50, F|\n|poke|p2|Glimmora, L50, M|\n|poke|p2|Sinistcha, L50|\n|poke|p2|Talonflame, L50, M|\n|poke|p2|Palafin, L50, F|\n|teampreview|4\n|\n|t:|1776091980\n|teamsize|p1|4\n|teamsize|p2|4\n|start\n|switch|p1a: Floette|Floette-Eternal, L50, F|100/100\n|switch|p1b: Incineroar|Incineroar, L50, M|100/100\n|switch|p2a: Kommo-o|Kommo-o, L50, F|100/100\n|switch|p2b: Incineroar|Incineroar, L50, F|100/100\n|-ability|p2b: Incineroar|Intimidate|boost\n|-unboost|p1a: Floette|atk|1\n|-unboost|p1b: Incineroar|atk|1\n|-ability|p1b: Incineroar|Intimidate|boost\n|-unboost|p2a: Kommo-o|atk|1\n|-unboost|p2b: Incineroar|atk|1\n|turn|1\n|\n|t:|1776092002\n|detailschange|p1a: Floette|Floette-Mega, L50, F\n|-mega|p1a: Floette|Floette|Floettite\n|-ability|p1a: Floette|Fairy Aura\n|move|p2a: Kommo-o|Protect|p2a: Kommo-o\n|-singleturn|p2a: Kommo-o|Protect\n|move|p1b: Incineroar|Fake Out|p2a: Kommo-o\n|-activate|p2a: Kommo-o|move: Protect\n|move|p1a: Floette|Light of Ruin|p2a: Kommo-o\n|-activate|p2a: Kommo-o|move: Protect\n|move|p2b: Incineroar|Parting Shot|p1a: Floette\n|-unboost|p1a: Floette|atk|1\n|-unboost|p1a: Floette|spa|1\n|\n|t:|1776092018\n|switch|p2b: Glimmora|Glimmora, L50, M|100/100|[from] Parting Shot\n|\n|upkeep\n|turn|2\n|\n|t:|1776092030\n|switch|p2a: Incineroar|Incineroar, L50, F|100/100\n|-ability|p2a: Incineroar|Intimidate|boost\n|-unboost|p1a: Floette|atk|1\n|-unboost|p1b: Incineroar|atk|1\n|switch|p1a: Rotom|Rotom-Wash, L50|100/100\n|detailschange|p2b: Glimmora|Glimmora-Mega, L50, M\n|-mega|p2b: Glimmora|Glimmora|Glimmoranite\n|move|p2b: Glimmora|Sludge Bomb|p1a: Rotom\n|-crit|p1a: Rotom\n|-damage|p1a: Rotom|0 fnt\n|faint|p1a: Rotom\n|move|p1b: Incineroar|Parting Shot|p2a: Incineroar\n|-unboost|p2a: Incineroar|atk|1\n|-unboost|p2a: Incineroar|spa|1\n|\n|t:|1776092044\n|switch|p1b: Garchomp|Garchomp, L50, M|100/100|[from] Parting Shot\n|\n|upkeep\n|\n|t:|1776092048\n|switch|p1a: Incineroar|Incineroar, L50, M|100/100\n|-ability|p1a: Incineroar|Intimidate|boost\n|-unboost|p2a: Incineroar|atk|1\n|-unboost|p2b: Glimmora|atk|1\n|turn|3\n|\n|t:|1776092057\n|move|p2b: Glimmora|Spiky Shield|p2b: Glimmora\n|-singleturn|p2b: Glimmora|move: Protect\n|move|p1a: Incineroar|Fake Out|p2a: Incineroar\n|-damage|p2a: Incineroar|92/100\n|move|p1b: Garchomp|Earthquake|p2a: Incineroar|[spread] p1a,p2a\n|-activate|p2b: Glimmora|move: Protect\n|-supereffective|p1a: Incineroar|1\n|-enditem|p1a: Incineroar|Shuca Berry|[eat]\n|-enditem|p1a: Incineroar|Shuca Berry|[weaken]\n|-supereffective|p2a: Incineroar|1\n|-enditem|p2a: Incineroar|Shuca Berry|[eat]\n|-enditem|p2a: Incineroar|Shuca Berry|[weaken]\n|-damage|p1a: Incineroar|69/100\n|-damage|p2a: Incineroar|63/100\n|cant|p2a: Incineroar|flinch\n|\n|upkeep\n|turn|4\n|\n|t:|1776092070\n|switch|p2b: Sinistcha|Sinistcha, L50|100/100\n|-heal|p2a: Incineroar|88/100|[from] ability: Hospitality|[of] p2b: Sinistcha\n|move|p1b: Garchomp|Earthquake|p2b: Sinistcha|[spread] p1a,p2a,p2b\n|-supereffective|p1a: Incineroar|1\n|-supereffective|p2a: Incineroar|1\n|-resisted|p2b: Sinistcha|1\n|-damage|p1a: Incineroar|8/100\n|-damage|p2a: Incineroar|28/100\n|-damage|p2b: Sinistcha|85/100\n|move|p2a: Incineroar|Parting Shot|p1b: Garchomp\n|-unboost|p1b: Garchomp|atk|1\n|-unboost|p1b: Garchomp|spa|1\n|\n|t:|1776092082\n|switch|p2a: Glimmora|Glimmora-Mega, L50, M|100/100|[from] Parting Shot\n|move|p1a: Incineroar|Taunt|p2b: Sinistcha\n|-start|p2b: Sinistcha|move: Taunt\n|\n|upkeep\n|turn|5\n|\n|t:|1776092097\n|switch|p2b: Incineroar|Incineroar, L50, F|28/100\n|-ability|p2b: Incineroar|Intimidate|boost\n|-unboost|p1a: Incineroar|atk|1\n|-unboost|p1b: Garchomp|atk|1\n|move|p2a: Glimmora|Spiky Shield|p2a: Glimmora\n|-singleturn|p2a: Glimmora|move: Protect\n|move|p1b: Garchomp|Earthquake|p2b: Incineroar|[spread] p1a,p2b\n|-activate|p2a: Glimmora|move: Protect\n|-supereffective|p1a: Incineroar|1\n|-supereffective|p2b: Incineroar|1\n|-damage|p1a: Incineroar|0 fnt\n|-damage|p2b: Incineroar|0 fnt\n|faint|p1a: Incineroar\n|faint|p2b: Incineroar\n|\n|upkeep\n|\n|t:|1776092110\n|switch|p2b: Sinistcha|Sinistcha, L50|85/100\n|switch|p1a: Floette|Floette-Mega, L50, F|100/100\n|-ability|p1a: Floette|Fairy Aura\n|turn|6\n|\n|t:|1776092116\n|move|p1a: Floette|Protect|p1a: Floette\n|-singleturn|p1a: Floette|Protect\n|move|p1b: Garchomp|Earthquake|p2b: Sinistcha|[spread] p2a,p2b\n|-activate|p1a: Floette|move: Protect\n|-supereffective|p2a: Glimmora|2\n|-resisted|p2b: Sinistcha|1\n|-damage|p2a: Glimmora|18/100\n|-damage|p2b: Sinistcha|77/100\n|move|p2a: Glimmora|Sludge Bomb|p1a: Floette\n|-activate|p1a: Floette|move: Protect\n|move|p2b: Sinistcha|Matcha Gotcha|p1a: Floette|[spread] p1b\n|-activate|p1a: Floette|move: Protect\n|-damage|p1b: Garchomp|75/100\n|-heal|p2b: Sinistcha|90/100|[from] drain|[of] p1b: Garchomp\n|\n|upkeep\n|turn|7\n|\n|t:|1776092131\n|move|p1b: Garchomp|Earthquake|p2a: Glimmora|[spread] p1a,p2a,p2b\n|-supereffective|p2a: Glimmora|2\n|-resisted|p2b: Sinistcha|1\n|-damage|p1a: Floette|78/100\n|-damage|p2a: Glimmora|0 fnt\n|-damage|p2b: Sinistcha|83/100\n|faint|p2a: Glimmora\n|move|p1a: Floette|Light of Ruin|p2b: Sinistcha|[miss]\n|-miss|p1a: Floette|p2b: Sinistcha\n|move|p2b: Sinistcha|Matcha Gotcha|p1b: Garchomp|[spread] p1a,p1b\n|-damage|p1a: Floette|62/100\n|-heal|p2b: Sinistcha|91/100|[from] drain|[of] p1a: Floette\n|-damage|p1b: Garchomp|47/100\n|-heal|p2b: Sinistcha|100/100|[from] drain|[of] p1b: Garchomp\n|-status|p1b: Garchomp|brn\n|\n|-damage|p1b: Garchomp|41/100 brn|[from] brn\n|upkeep\n|\n|t:|1776092135\n|switch|p2a: Kommo-o|Kommo-o, L50, F|100/100\n|turn|8\n|\n|t:|1776092144\n|move|p2a: Kommo-o|Protect|p2a: Kommo-o\n|-singleturn|p2a: Kommo-o|Protect\n|move|p1b: Garchomp|Earthquake|p2b: Sinistcha|[spread] p1a,p2b\n|-activate|p2a: Kommo-o|move: Protect\n|-resisted|p2b: Sinistcha|1\n|-crit|p2b: Sinistcha\n|-damage|p1a: Floette|52/100\n|-damage|p2b: Sinistcha|88/100\n|move|p1a: Floette|Moonblast|p2a: Kommo-o\n|-activate|p2a: Kommo-o|move: Protect\n|move|p2b: Sinistcha|Matcha Gotcha|p1a: Floette|[spread] p1a,p1b\n|-damage|p1a: Floette|36/100\n|-heal|p2b: Sinistcha|95/100|[from] drain|[of] p1a: Floette\n|-damage|p1b: Garchomp|16/100 brn\n|-heal|p2b: Sinistcha|100/100|[from] drain|[of] p1b: Garchomp\n|-status|p1a: Floette|brn\n|\n|-damage|p1b: Garchomp|10/100 brn|[from] brn\n|-damage|p1a: Floette|30/100 brn|[from] brn\n|upkeep\n|turn|9\n|\n|t:|1776092161\n|move|p2b: Sinistcha|Rage Powder|p2b: Sinistcha\n|-singleturn|p2b: Sinistcha|move: Rage Powder\n|move|p1b: Garchomp|Earthquake|p2a: Kommo-o|[spread] p1a,p2a,p2b\n|-resisted|p2b: Sinistcha|1\n|-damage|p1a: Floette|20/100 brn\n|-damage|p2a: Kommo-o|93/100\n|-damage|p2b: Sinistcha|97/100\n|move|p2a: Kommo-o|Clangorous Soul|p2a: Kommo-o\n|-boost|p2a: Kommo-o|atk|1\n|-boost|p2a: Kommo-o|def|1\n|-boost|p2a: Kommo-o|spa|1\n|-boost|p2a: Kommo-o|spd|1\n|-boost|p2a: Kommo-o|spe|1\n|-damage|p2a: Kommo-o|60/100\n|move|p1a: Floette|Moonblast|p2b: Sinistcha\n|-damage|p2b: Sinistcha|22/100\n|\n|-heal|p2a: Kommo-o|66/100|[from] item: Leftovers\n|-damage|p1b: Garchomp|4/100 brn|[from] brn\n|-damage|p1a: Floette|14/100 brn|[from] brn\n|upkeep\n|turn|10\n|\n|t:|1776092178\n|move|p2a: Kommo-o|Protect|p2a: Kommo-o\n|-singleturn|p2a: Kommo-o|Protect\n|move|p2b: Sinistcha|Protect|p2b: Sinistcha\n|-singleturn|p2b: Sinistcha|Protect\n|move|p1b: Garchomp|Earthquake|p2b: Sinistcha|[spread] p1a\n|-activate|p2a: Kommo-o|move: Protect\n|-activate|p2b: Sinistcha|move: Protect\n|-damage|p1a: Floette|3/100 brn\n|move|p1a: Floette|Light of Ruin|p2a: Kommo-o\n|-activate|p2a: Kommo-o|move: Protect\n|\n|-heal|p2a: Kommo-o|73/100|[from] item: Leftovers\n|-damage|p1b: Garchomp|0 fnt|[from] brn\n|faint|p1b: Garchomp\n|-damage|p1a: Floette|0 fnt|[from] brn\n|faint|p1a: Floette\n|\n|win|porygon-epilepz\n|raw|asanagiyuri's rating: 1065 &rarr; <strong>1050</strong><br />(-15 for losing)\n|raw|porygon-epilepz's rating: 1148 &rarr; <strong>1167</strong><br />(+19 for winning)\n",
  "uploadtime": 1776091931,
  "views": 11,
  "formatid": "gen9championsvgc2026regma",
  "rating": 1050,
  "private": 0,
  "password": null
}