{
  "id": "gen9championsvgc2026regma-2586708286",
  "format": "[Gen 9 Champions] VGC 2026 Reg M-A",
  "players": [
    "woodenblab",
    "FG5MEC"
  ],
  "log": "|j|\u2606woodenblab\n|j|\u2606FG5MEC\n|t:|1776453796\n|gametype|doubles\n|player|p1|woodenblab|n|1080\n|player|p2|FG5MEC|rood|1138\n|gen|9\n|tier|[Gen 9 Champions] VGC 2026 Reg M-A\n|rated|\n|rule|Species Clause: Limit one of each Pok\u00e9mon\n|rule|Item Clause: Limit 1 of each item\n|clearpoke\n|poke|p1|Gardevoir, L50, F|\n|poke|p1|Hydreigon, L50, F|\n|poke|p1|Aegislash, L50, F|\n|poke|p1|Incineroar, L50, M|\n|poke|p1|Sinistcha, L50|\n|poke|p1|Venusaur, L50, M|\n|poke|p2|Milotic, L50, M|\n|poke|p2|Floette-Eternal, L50, F|\n|poke|p2|Drampa, L50, F|\n|poke|p2|Farigiraf, L50, M|\n|poke|p2|Whimsicott, L50, F|\n|poke|p2|Incineroar, L50, M|\n|teampreview|4\n|\n|t:|1776453846\n|teamsize|p1|4\n|teamsize|p2|4\n|start\n|switch|p1a: Gardevoir|Gardevoir, L50, F|100/100\n|switch|p1b: Hydreigon|Hydreigon, L50, F|100/100\n|switch|p2a: Milotic|Milotic, L50, M|100/100\n|switch|p2b: Incineroar|Incineroar, L50, M|100/100\n|-ability|p1a: Gardevoir|Competitive|Trace|[from] ability: Trace|[of] p2a: Milotic\n|-ability|p2b: Incineroar|Intimidate|boost\n|-unboost|p1a: Gardevoir|atk|1\n|-ability|p1a: Gardevoir|Competitive|boost\n|-boost|p1a: Gardevoir|spa|2\n|-unboost|p1b: Hydreigon|atk|1\n|turn|1\n|\n|t:|1776453882\n|move|p1b: Hydreigon|Protect|p1b: Hydreigon\n|-singleturn|p1b: Hydreigon|Protect\n|move|p1a: Gardevoir|Protect|p1a: Gardevoir\n|-singleturn|p1a: Gardevoir|Protect\n|move|p2b: Incineroar|Fake Out|p1a: Gardevoir\n|-activate|p1a: Gardevoir|move: Protect\n|move|p2a: Milotic|Ice Beam|p1b: Hydreigon\n|-activate|p1b: Hydreigon|move: Protect\n|\n|upkeep\n|turn|2\n|\n|t:|1776453912\n|detailschange|p1a: Gardevoir|Gardevoir-Mega, L50, F\n|-mega|p1a: Gardevoir|Gardevoir|Gardevoirite\n|move|p1b: Hydreigon|Dark Pulse|p2a: Milotic\n|-damage|p2a: Milotic|69/100\n|move|p1a: Gardevoir|Hyper Voice|p2b: Incineroar|[spread] p2a,p2b\n|-damage|p2a: Milotic|0 fnt\n|-damage|p2b: Incineroar|10/100\n|-enditem|p2b: Incineroar|Sitrus Berry|[eat]\n|-heal|p2b: Incineroar|35/100|[from] item: Sitrus Berry\n|faint|p2a: Milotic\n|move|p2b: Incineroar|Parting Shot|p1a: Gardevoir\n|-unboost|p1a: Gardevoir|atk|1\n|-unboost|p1a: Gardevoir|spa|1\n|\n|t:|1776453924\n|switch|p2b: Floette|Floette-Eternal, L50, F|100/100|[from] Parting Shot\n|\n|upkeep\n|\n|t:|1776453928\n|switch|p2a: Whimsicott|Whimsicott, L50, F|100/100\n|turn|3\n|\n|t:|1776453937\n|switch|p1b: Aegislash|Aegislash, L50, F|100/100\n|detailschange|p2b: Floette|Floette-Mega, L50, F\n|-mega|p2b: Floette|Floette|Floettite\n|-ability|p2b: Floette|Fairy Aura\n|move|p2a: Whimsicott|Tailwind|p2a: Whimsicott\n|-sidestart|p2: FG5MEC|move: Tailwind\n|move|p2b: Floette|Dazzling Gleam|p1b: Aegislash|[spread] p1a,p1b\n|-resisted|p1b: Aegislash|1\n|-damage|p1a: Gardevoir|61/100\n|-damage|p1b: Aegislash|82/100\n|move|p1a: Gardevoir|Trick Room|p1a: Gardevoir\n|-fieldstart|move: Trick Room|[of] p1a: Gardevoir\n|\n|-heal|p1b: Aegislash|88/100|[from] item: Leftovers\n|upkeep\n|turn|4\n|\n|t:|1776453970\n|move|p1a: Gardevoir|Protect|p1a: Gardevoir\n|-singleturn|p1a: Gardevoir|Protect\n|move|p2b: Floette|Protect|p2b: Floette\n|-singleturn|p2b: Floette|Protect\n|move|p2a: Whimsicott|Encore|p1a: Gardevoir\n|-activate|p1a: Gardevoir|move: Protect\n|-formechange|p1b: Aegislash|Aegislash-Blade|\n|move|p1b: Aegislash|Flash Cannon|p2a: Whimsicott\n|-supereffective|p2a: Whimsicott|1\n|-enditem|p2a: Whimsicott|Focus Sash\n|-damage|p2a: Whimsicott|1/100\n|\n|-heal|p1b: Aegislash|94/100|[from] item: Leftovers\n|upkeep\n|turn|5\n|\n|t:|1776453992\n|move|p1b: Aegislash|Flash Cannon|p2b: Floette\n|-supereffective|p2b: Floette|1\n|-damage|p2b: Floette|22/100\n|move|p1a: Gardevoir|Hyper Voice|p2b: Floette|[spread] p2a,p2b\n|-damage|p2a: Whimsicott|0 fnt\n|-damage|p2b: Floette|0 fnt\n|faint|p2a: Whimsicott\n|faint|p2b: Floette\n|\n|-heal|p1b: Aegislash|99/100|[from] item: Leftovers\n|upkeep\n|-message|FG5MEC forfeited.\n|\n|win|woodenblab\n|raw|woodenblab's rating: 1080 &rarr; <strong>1113</strong><br />(+33 for winning)\n|raw|FG5MEC's rating: 1138 &rarr; <strong>1109</strong><br />(-29 for losing)\n|l|\u2606FG5MEC\n|player|p2|\n",
  "uploadtime": 1776454017,
  "views": 46,
  "formatid": "gen9championsvgc2026regma",
  "rating": 1109,
  "private": 0,
  "password": null
}