{
  "id": "gen9championsvgc2026regma-2581109257",
  "format": "[Gen 9 Champions] VGC 2026 Reg M-A",
  "players": [
    "Ready1",
    "loklastaji"
  ],
  "log": "|j|\u2606Ready1\n|j|\u2606loklastaji\n|t:|1775960726\n|gametype|doubles\n|player|p1|Ready1|riley|1122\n|player|p2|loklastaji|101|1183\n|gen|9\n|tier|[Gen 9 Champions] VGC 2026 Reg M-A\n|rated|\n|rule|Species Clause: Limit one of each Pok\u00e9mon\n|rule|Item Clause: Limit 1 of each item\n|clearpoke\n|poke|p1|Mamoswine, L50, F|\n|poke|p1|Talonflame, L50, F|\n|poke|p1|Dragonite, L50, M|\n|poke|p1|Sneasler, L50, M|\n|poke|p1|Froslass, L50, F|\n|poke|p1|Farigiraf, L50, F|\n|poke|p2|Samurott-Hisui, L50, F|\n|poke|p2|Mamoswine, L50, F|\n|poke|p2|Delphox, L50, M|\n|poke|p2|Clefable, L50, F|\n|poke|p2|Corviknight, L50, F|\n|poke|p2|Dragonite, L50, F|\n|teampreview|4\n|inactive|Battle timer is ON: inactive players will automatically lose when time's up. (requested by Ready1)\n|inactive|Ready1 has 60 seconds left.\n|inactive|loklastaji has 60 seconds left.\n|\n|t:|1775960776\n|teamsize|p1|4\n|teamsize|p2|4\n|start\n|switch|p1a: Sneasler|Sneasler, L50, M|100/100\n|switch|p1b: Dragonite|Dragonite, L50, M, shiny|100/100\n|switch|p2a: Mamoswine|Mamoswine, L50, F|100/100\n|switch|p2b: Samurott|Samurott-Hisui, L50, F|100/100\n|turn|1\n|inactive|Ready1 has 30 seconds left.\n|inactive|loklastaji has 30 seconds left.\n|inactive|Ready1 has 20 seconds left.\n|\n|t:|1775960812\n|switch|p2b: Clefable|Clefable, L50, F|100/100\n|move|p1a: Sneasler|Fake Out|p2a: Mamoswine\n|-damage|p2a: Mamoswine|82/100\n|cant|p2a: Mamoswine|flinch\n|move|p1b: Dragonite|Scale Shot|p2a: Mamoswine\n|-damage|p2a: Mamoswine|70/100\n|-damage|p2a: Mamoswine|58/100\n|-damage|p2a: Mamoswine|45/100\n|-hitcount|p2a: Mamoswine|3\n|-unboost|p1b: Dragonite|def|1\n|-boost|p1b: Dragonite|spe|1\n|\n|upkeep\n|turn|2\n|\n|t:|1775960832\n|move|p1b: Dragonite|Protect|p1b: Dragonite\n|-singleturn|p1b: Dragonite|Protect\n|move|p2b: Clefable|Follow Me|p2b: Clefable\n|-singleturn|p2b: Clefable|move: Follow Me\n|move|p2a: Mamoswine|Earthquake|p1b: Dragonite|[spread] p2b,p1a\n|-activate|p1b: Dragonite|move: Protect\n|-supereffective|p1a: Sneasler|1\n|-damage|p2b: Clefable|56/100\n|-damage|p1a: Sneasler|0 fnt\n|faint|p1a: Sneasler\n|\n|upkeep\n|\n|t:|1775960855\n|switch|p1a: Talonflame|Talonflame, L50, F, shiny|100/100\n|turn|3\n|\n|t:|1775960868\n|switch|p2a: Samurott|Samurott-Hisui, L50, F|100/100\n|move|p1b: Dragonite|Heat Wave|p2b: Clefable|[spread] p2a\n|-miss|p1b: Dragonite|p2b: Clefable\n|-resisted|p2a: Samurott|1\n|-damage|p2a: Samurott|85/100\n|move|p1a: Talonflame|Flare Blitz|p2b: Clefable\n|-damage|p2b: Clefable|6/100\n|-damage|p1a: Talonflame|82/100|[from] Recoil\n|move|p2b: Clefable|Moonblast|p1b: Dragonite\n|-supereffective|p1b: Dragonite|1\n|-damage|p1b: Dragonite|3/100\n|\n|upkeep\n|turn|4\n|inactive|Ready1 has 30 seconds left.\n|\n|t:|1775960893\n|move|p2b: Clefable|Follow Me|p2b: Clefable\n|-singleturn|p2b: Clefable|move: Follow Me\n|move|p2a: Samurott|Sucker Punch|p1b: Dragonite\n|-damage|p1b: Dragonite|0 fnt\n|faint|p1b: Dragonite\n|move|p1a: Talonflame|Brave Bird|p2b: Clefable\n|-damage|p2b: Clefable|0 fnt\n|faint|p2b: Clefable\n|-damage|p1a: Talonflame|80/100|[from] Recoil\n|\n|upkeep\n|\n|t:|1775960908\n|switch|p1b: Froslass|Froslass, L50, F, shiny|100/100\n|switch|p2b: Mamoswine|Mamoswine, L50, F|45/100\n|turn|5\n|\n|t:|1775960930\n|move|p1b: Froslass|Protect|p1b: Froslass\n|-singleturn|p1b: Froslass|Protect\n|move|p2a: Samurott|Sucker Punch||[still]\n|-fail|p2a: Samurott\n|move|p2b: Mamoswine|Rock Slide|p1b: Froslass|[spread] p1a\n|-activate|p1b: Froslass|move: Protect\n|-supereffective|p1a: Talonflame|2\n|-damage|p1a: Talonflame|0 fnt\n|faint|p1a: Talonflame\n|\n|upkeep\n|turn|6\n|\n|t:|1775960951\n|move|p2a: Samurott|Sucker Punch|p1b: Froslass\n|-supereffective|p1b: Froslass|1\n|-damage|p1b: Froslass|0 fnt\n|-start|p2a: Samurott|Disable|Sucker Punch|[from] ability: Cursed Body|[of] p1b: Froslass\n|faint|p1b: Froslass\n|\n|win|loklastaji\n|raw|Ready1's rating: 1122 &rarr; <strong>1101</strong><br />(-21 for losing)\n|raw|loklastaji's rating: 1183 &rarr; <strong>1204</strong><br />(+21 for winning)\n",
  "uploadtime": 1775960958,
  "views": 12,
  "formatid": "gen9championsvgc2026regma",
  "rating": 1101,
  "private": 0,
  "password": null
}