{
  "id": "gen9championsvgc2026regma-2585637793",
  "format": "[Gen 9 Champions] VGC 2026 Reg M-A",
  "players": [
    "SpeedingSL0TH",
    "MegaPoblano"
  ],
  "log": "|j|\u2606SpeedingSL0TH\n|j|\u203dMegaPoblano\n|t:|1776360473\n|gametype|doubles\n|player|p1|SpeedingSL0TH|1|1221\n|player|p2|MegaPoblano|red|1242\n|gen|9\n|tier|[Gen 9 Champions] VGC 2026 Reg M-A\n|rated|\n|rule|Species Clause: Limit one of each Pok\u00e9mon\n|rule|Item Clause: Limit 1 of each item\n|clearpoke\n|poke|p1|Froslass, L50, F|\n|poke|p1|Sneasler, L50, F|\n|poke|p1|Kingambit, L50, F|\n|poke|p1|Volcarona, L50, M|\n|poke|p1|Clefable, L50, M|\n|poke|p1|Tauros-Paldea-Aqua, L50, M|\n|poke|p2|Scovillain, L50, F|\n|poke|p2|Aerodactyl, L50, M|\n|poke|p2|Garchomp, L50, M|\n|poke|p2|Sneasler, L50, M|\n|poke|p2|Sinistcha, L50|\n|poke|p2|Primarina, L50, F|\n|teampreview|4\n|inactive|Battle timer is ON: inactive players will automatically lose when time's up. (requested by MegaPoblano)\n|\n|t:|1776360505\n|teamsize|p1|4\n|teamsize|p2|4\n|start\n|switch|p1a: Sneasler|Sneasler, L50, F|100/100\n|switch|p1b: Tauros|Tauros-Paldea-Aqua, L50, M|100/100\n|switch|p2a: Scovillain|Scovillain, L50, F|100/100\n|switch|p2b: Primarina|Primarina, L50, F|100/100\n|-ability|p1b: Tauros|Intimidate|boost\n|-unboost|p2a: Scovillain|atk|1\n|-unboost|p2b: Primarina|atk|1\n|turn|1\n|inactive|SpeedingSL0TH has 30 seconds left.\n|\n|t:|1776360538\n|switch|p1b: Volcarona|Volcarona, L50, M|100/100\n|move|p2a: Scovillain|Protect|p2a: Scovillain\n|-singleturn|p2a: Scovillain|Protect\n|move|p2b: Primarina|Protect|p2b: Primarina\n|-singleturn|p2b: Primarina|Protect\n|move|p1a: Sneasler|Dire Claw|p2b: Primarina\n|-activate|p2b: Primarina|move: Protect\n|\n|-ability|p2a: Scovillain|Moody|boost\n|-boost|p2a: Scovillain|spa|2\n|-unboost|p2a: Scovillain|atk|1\n|upkeep\n|turn|2\n|inactive|MegaPoblano has 30 seconds left.\n|inactive|MegaPoblano has 20 seconds left.\n|inactive|MegaPoblano has 15 seconds left.\n|\n|t:|1776360579\n|detailschange|p2a: Scovillain|Scovillain-Mega, L50, F\n|-mega|p2a: Scovillain|Scovillain|Scovillainite\n|move|p2a: Scovillain|Rage Powder|p2a: Scovillain\n|-singleturn|p2a: Scovillain|move: Rage Powder\n|move|p1a: Sneasler|Dire Claw|p2a: Scovillain\n|-supereffective|p2a: Scovillain|1\n|-damage|p2a: Scovillain|30/100\n|-status|p1a: Sneasler|brn|[from] ability: Spicy Spray|[of] p2a: Scovillain\n|move|p1b: Volcarona|Quiver Dance|p1b: Volcarona\n|-boost|p1b: Volcarona|spa|1\n|-boost|p1b: Volcarona|spd|1\n|-boost|p1b: Volcarona|spe|1\n|move|p2b: Primarina|Calm Mind|p2b: Primarina\n|-boost|p2b: Primarina|spa|1\n|-boost|p2b: Primarina|spd|1\n|\n|-damage|p1a: Sneasler|95/100 brn|[from] brn\n|upkeep\n|turn|3\n|\n|t:|1776360595\n|move|p2a: Scovillain|Rage Powder|p2a: Scovillain\n|-singleturn|p2a: Scovillain|move: Rage Powder\n|move|p1a: Sneasler|Dire Claw|p2a: Scovillain\n|-supereffective|p2a: Scovillain|1\n|-damage|p2a: Scovillain|0 fnt\n|faint|p2a: Scovillain\n|move|p1b: Volcarona|Heat Wave|p2b: Primarina\n|-resisted|p2b: Primarina|1\n|-damage|p2b: Primarina|80/100\n|move|p2b: Primarina|Calm Mind|p2b: Primarina\n|-boost|p2b: Primarina|spa|1\n|-boost|p2b: Primarina|spd|1\n|\n|-heal|p2b: Primarina|86/100|[from] item: Leftovers\n|-damage|p1a: Sneasler|89/100 brn|[from] brn\n|upkeep\n|\n|t:|1776360599\n|switch|p2a: Aerodactyl|Aerodactyl, L50, M|100/100\n|-ability|p2a: Aerodactyl|Unnerve\n|turn|4\n|\n|t:|1776360611\n|move|p2a: Aerodactyl|Rock Slide|p1b: Volcarona|[spread] p1a,p1b\n|-resisted|p1a: Sneasler|1\n|-supereffective|p1b: Volcarona|2\n|-damage|p1a: Sneasler|68/100 brn\n|-damage|p1b: Volcarona|11/100\n|move|p1a: Sneasler|Dire Claw|p2b: Primarina\n|-supereffective|p2b: Primarina|1\n|-damage|p2b: Primarina|39/100\n|move|p1b: Volcarona|Giga Drain|p2b: Primarina\n|-supereffective|p2b: Primarina|1\n|-damage|p2b: Primarina|6/100\n|-heal|p1b: Volcarona|26/100|[from] drain|[of] p2b: Primarina\n|move|p2b: Primarina|Hyper Voice|p1b: Volcarona|[spread] p1a,p1b\n|-supereffective|p1b: Volcarona|1\n|-damage|p1a: Sneasler|0 fnt\n|-damage|p1b: Volcarona|0 fnt\n|faint|p1a: Sneasler\n|faint|p1b: Volcarona\n|\n|-heal|p2b: Primarina|12/100|[from] item: Leftovers\n|upkeep\n|\n|t:|1776360622\n|switch|p1a: Froslass|Froslass, L50, F|100/100\n|switch|p1b: Tauros|Tauros-Paldea-Aqua, L50, M|100/100\n|-ability|p1b: Tauros|Intimidate|boost\n|-unboost|p2a: Aerodactyl|atk|1\n|-unboost|p2b: Primarina|atk|1\n|turn|5\n|\n|t:|1776360632\n|detailschange|p1a: Froslass|Froslass-Mega, L50, F\n|-mega|p1a: Froslass|Froslass|Froslassite\n|-weather|Snowscape|[from] ability: Snow Warning|[of] p1a: Froslass\n|move|p2b: Primarina|Protect|p2b: Primarina\n|-singleturn|p2b: Primarina|Protect\n|move|p1b: Tauros|Aqua Jet|p2a: Aerodactyl\n|-supereffective|p2a: Aerodactyl|1\n|-damage|p2a: Aerodactyl|41/100\n|move|p2a: Aerodactyl|Tailwind|p2a: Aerodactyl\n|-sidestart|p2: MegaPoblano|move: Tailwind\n|move|p1a: Froslass|Blizzard|p2b: Primarina|[spread] p2a\n|-activate|p2b: Primarina|move: Protect\n|-supereffective|p2a: Aerodactyl|1\n|-damage|p2a: Aerodactyl|0 fnt\n|faint|p2a: Aerodactyl\n|\n|-weather|Snowscape|[upkeep]\n|-heal|p2b: Primarina|18/100|[from] item: Leftovers\n|upkeep\n|\n|t:|1776360644\n|switch|p2a: Sneasler|Sneasler, L50, M|100/100\n|turn|6\n|\n|t:|1776360655\n|move|p1a: Froslass|Protect|p1a: Froslass\n|-singleturn|p1a: Froslass|Protect\n|move|p1b: Tauros|Protect|p1b: Tauros\n|-singleturn|p1b: Tauros|Protect\n|move|p2a: Sneasler|Dire Claw|p1a: Froslass\n|-activate|p1a: Froslass|move: Protect\n|move|p2b: Primarina|Hyper Voice|p1b: Tauros|[spread] \n|-activate|p1a: Froslass|move: Protect\n|-activate|p1b: Tauros|move: Protect\n|\n|-weather|Snowscape|[upkeep]\n|-heal|p2b: Primarina|24/100|[from] item: Leftovers\n|upkeep\n|turn|7\n|\n|t:|1776360673\n|move|p2a: Sneasler|Dire Claw|p1a: Froslass\n|-resisted|p1a: Froslass|1\n|-damage|p1a: Froslass|76/100\n|move|p2b: Primarina|Hyper Voice|p1a: Froslass|[spread] p1a,p1b\n|-resisted|p1b: Tauros|1\n|-damage|p1a: Froslass|0 fnt\n|-damage|p1b: Tauros|64/100\n|faint|p1a: Froslass\n|move|p1b: Tauros|Wave Crash|p2b: Primarina\n|-resisted|p2b: Primarina|1\n|-damage|p2b: Primarina|0 fnt\n|faint|p2b: Primarina\n|-damage|p1b: Tauros|55/100|[from] Recoil\n|\n|-weather|Snowscape|[upkeep]\n|upkeep\n|turn|8\n|\n|t:|1776360685\n|move|p2a: Sneasler|Close Combat|p1b: Tauros\n|-damage|p1b: Tauros|0 fnt\n|-unboost|p2a: Sneasler|def|1\n|-unboost|p2a: Sneasler|spd|1\n|faint|p1b: Tauros\n|\n|win|MegaPoblano\n|raw|SpeedingSL0TH's rating: 1221 &rarr; <strong>1198</strong><br />(-23 for losing)\n|raw|MegaPoblano's rating: 1242 &rarr; <strong>1265</strong><br />(+23 for winning)\n|l|\u2606SpeedingSL0TH\n|player|p1|\n",
  "uploadtime": 1776360688,
  "views": 16,
  "formatid": "gen9championsvgc2026regma",
  "rating": 1198,
  "private": 0,
  "password": null
}