{
  "id": "gen9championsvgc2026regma-2582237473",
  "format": "[Gen 9 Champions] VGC 2026 Reg M-A",
  "players": [
    "Ghostmudu",
    "jasonrfry"
  ],
  "log": "|j|\u2606Ghostmudu\n|j|\u2606jasonrfry\n|t:|1776074734\n|gametype|doubles\n|player|p1|Ghostmudu|102|1039\n|player|p2|jasonrfry|169|1075\n|gen|9\n|tier|[Gen 9 Champions] VGC 2026 Reg M-A\n|rated|\n|rule|Species Clause: Limit one of each Pok\u00e9mon\n|rule|Item Clause: Limit 1 of each item\n|clearpoke\n|poke|p1|Charizard, L50, F|\n|poke|p1|Whimsicott, L50, F|\n|poke|p1|Venusaur, L50, M|\n|poke|p1|Farigiraf, L50, F|\n|poke|p1|Kangaskhan, L50, F|\n|poke|p1|Sneasler, L50, M|\n|poke|p2|Mimikyu, L50, M|\n|poke|p2|Meganium, L50, F|\n|poke|p2|Primarina, L50, F|\n|poke|p2|Sneasler, L50, F|\n|poke|p2|Torkoal, L50, F|\n|poke|p2|Kingambit, L50, M|\n|teampreview|4\n|inactive|Battle timer is ON: inactive players will automatically lose when time's up. (requested by Ghostmudu)\n|\n|t:|1776074752\n|teamsize|p1|4\n|teamsize|p2|4\n|start\n|switch|p1a: Kangaskhan|Kangaskhan, L50, F|100/100\n|switch|p1b: Sneasler|Sneasler, L50, M|100/100\n|switch|p2a: Mimikyu|Mimikyu, L50, M, shiny|100/100\n|switch|p2b: Sneasler|Sneasler, L50, F|100/100\n|turn|1\n|inactive|Ghostmudu has 30 seconds left.\n|inactive|Ghostmudu has 20 seconds left.\n|inactive|Ghostmudu has 15 seconds left.\n|\n|t:|1776074797\n|move|p2b: Sneasler|Fake Out|p1a: Kangaskhan\n|-damage|p1a: Kangaskhan|84/100\n|move|p1b: Sneasler|Throat Chop|p2a: Mimikyu\n|-activate|p2a: Mimikyu|ability: Disguise\n|-damage|p2a: Mimikyu|100/100\n|-start|p2a: Mimikyu|Throat Chop|[silent]\n|detailschange|p2a: Mimikyu|Mimikyu-Busted, L50, M, shiny\n|-damage|p2a: Mimikyu|88/100|[from] pokemon: Mimikyu-Busted\n|move|p1a: Kangaskhan|Double-Edge|p2b: Sneasler\n|-damage|p2b: Sneasler|17/100\n|-damage|p1a: Kangaskhan|64/100|[from] Recoil\n|move|p2a: Mimikyu|Will-O-Wisp|p1a: Kangaskhan|[miss]\n|-miss|p2a: Mimikyu|p1a: Kangaskhan\n|\n|upkeep\n|turn|2\n|\n|t:|1776074820\n|switch|p1a: Venusaur|Venusaur, L50, M|100/100\n|move|p2b: Sneasler|Close Combat|p1a: Venusaur\n|-resisted|p1a: Venusaur|1\n|-damage|p1a: Venusaur|72/100\n|-unboost|p2b: Sneasler|def|1\n|-unboost|p2b: Sneasler|spd|1\n|-enditem|p2b: Sneasler|White Herb\n|-clearnegativeboost|p2b: Sneasler|[silent]\n|move|p1b: Sneasler|Close Combat|p2b: Sneasler\n|-resisted|p2b: Sneasler|1\n|-crit|p2b: Sneasler\n|-damage|p2b: Sneasler|0 fnt\n|-unboost|p1b: Sneasler|def|1\n|-unboost|p1b: Sneasler|spd|1\n|faint|p2b: Sneasler\n|-enditem|p1b: Sneasler|White Herb\n|-clearnegativeboost|p1b: Sneasler|[silent]\n|move|p2a: Mimikyu|Trick Room|p2a: Mimikyu\n|-fieldstart|move: Trick Room|[of] p2a: Mimikyu\n|\n|-heal|p1a: Venusaur|78/100|[from] item: Leftovers\n|-end|p2a: Mimikyu|Throat Chop|[silent]\n|upkeep\n|\n|t:|1776074827\n|switch|p2b: Torkoal|Torkoal, L50, F|100/100\n|-weather|SunnyDay|[from] ability: Drought|[of] p2b: Torkoal\n|turn|3\n|\n|t:|1776074848\n|switch|p1b: Charizard|Charizard, L50, F|100/100\n|move|p2b: Torkoal|Eruption|p1b: Charizard|[spread] p1a,p1b\n|-supereffective|p1a: Venusaur|1\n|-resisted|p1b: Charizard|1\n|-damage|p1a: Venusaur|0 fnt\n|-damage|p1b: Charizard|39/100\n|faint|p1a: Venusaur\n|move|p2a: Mimikyu|Curse|p1b: Charizard\n|-start|p1b: Charizard|Curse|[of] p2a: Mimikyu\n|-damage|p2a: Mimikyu|38/100\n|\n|-weather|SunnyDay|[upkeep]\n|-damage|p1b: Charizard|15/100|[from] Curse\n|upkeep\n|\n|t:|1776074857\n|switch|p1a: Kangaskhan|Kangaskhan, L50, F|64/100\n|turn|4\n|\n|t:|1776074867\n|switch|p1b: Sneasler|Sneasler, L50, M|100/100\n|detailschange|p1a: Kangaskhan|Kangaskhan-Mega, L50, F\n|-mega|p1a: Kangaskhan|Kangaskhan|Kangaskhanite\n|move|p1a: Kangaskhan|Fake Out|p2b: Torkoal\n|-damage|p2b: Torkoal|85/100\n|-damage|p2b: Torkoal|82/100\n|-hitcount|p2b: Torkoal|2\n|cant|p2b: Torkoal|flinch\n|move|p2a: Mimikyu|Curse|p1a: Kangaskhan\n|-start|p1a: Kangaskhan|Curse|[of] p2a: Mimikyu\n|-damage|p2a: Mimikyu|0 fnt\n|faint|p2a: Mimikyu\n|\n|-weather|SunnyDay|[upkeep]\n|-damage|p1a: Kangaskhan|39/100|[from] Curse\n|upkeep\n|\n|t:|1776074870\n|switch|p2a: Meganium|Meganium, L50, F|100/100\n|turn|5\n|\n|t:|1776074890\n|switch|p1a: Charizard|Charizard, L50, F|15/100\n|detailschange|p2a: Meganium|Meganium-Mega, L50, F\n|-mega|p2a: Meganium|Meganium|Meganiumite\n|move|p1b: Sneasler|Fake Out|p2b: Torkoal\n|-damage|p2b: Torkoal|72/100\n|cant|p2b: Torkoal|flinch\n|move|p2a: Meganium|Weather Ball|p1b: Sneasler\n|-crit|p1b: Sneasler\n|-damage|p1b: Sneasler|0 fnt\n|faint|p1b: Sneasler\n|\n|-weather|SunnyDay|[upkeep]\n|upkeep\n|\n|t:|1776074899\n|switch|p1b: Kangaskhan|Kangaskhan-Mega, L50, F|39/100\n|turn|6\n|\n|t:|1776074908\n|move|p1b: Kangaskhan|Fake Out|p2b: Torkoal\n|-damage|p2b: Torkoal|56/100\n|-crit|p2b: Torkoal\n|-damage|p2b: Torkoal|51/100\n|-hitcount|p2b: Torkoal|2\n|cant|p2b: Torkoal|flinch\n|move|p2a: Meganium|Weather Ball|p1a: Charizard\n|-resisted|p1a: Charizard|1\n|-damage|p1a: Charizard|0 fnt\n|faint|p1a: Charizard\n|\n|-weather|SunnyDay|[upkeep]\n|-fieldend|move: Trick Room\n|upkeep\n|turn|7\n|\n|t:|1776074922\n|move|p1b: Kangaskhan|Drain Punch|p2b: Torkoal\n|-damage|p2b: Torkoal|30/100\n|-heal|p1b: Kangaskhan|48/100|[from] drain|[of] p2b: Torkoal\n|-damage|p2b: Torkoal|26/100\n|-heal|p1b: Kangaskhan|50/100|[from] drain|[of] p2b: Torkoal\n|-hitcount|p2b: Torkoal|2\n|move|p2a: Meganium|Solar Beam||[still]\n|-prepare|p2a: Meganium|Solar Beam\n|-anim|p2a: Meganium|Solar Beam|p1b: Kangaskhan\n|-damage|p1b: Kangaskhan|0 fnt\n|faint|p1b: Kangaskhan\n|\n|win|jasonrfry\n|raw|Ghostmudu's rating: 1039 &rarr; <strong>1025</strong><br />(-14 for losing)\n|raw|jasonrfry's rating: 1075 &rarr; <strong>1101</strong><br />(+26 for winning)\n|l|\u2606Ghostmudu\n|player|p1|\n",
  "uploadtime": 1776074955,
  "views": 12,
  "formatid": "gen9championsvgc2026regma",
  "rating": 1025,
  "private": 0,
  "password": null
}