{
  "id": "gen9championsvgc2026regma-2580818730",
  "format": "[Gen 9 Champions] VGC 2026 Reg M-A",
  "players": [
    "Cachapas",
    "OrugaVeluga"
  ],
  "log": "|j|\u2606Cachapas\n|j|\u2606OrugaVeluga\n|t:|1775935006\n|gametype|doubles\n|player|p1|Cachapas|101|1154\n|player|p2|OrugaVeluga|265|1060\n|gen|9\n|tier|[Gen 9 Champions] VGC 2026 Reg M-A\n|rated|\n|rule|Species Clause: Limit one of each Pok\u00e9mon\n|rule|Item Clause: Limit 1 of each item\n|clearpoke\n|poke|p1|Torterra, L50, M|\n|poke|p1|Gallade, L50, M|\n|poke|p1|Aerodactyl, L50, M|\n|poke|p1|Talonflame, L50, M|\n|poke|p1|Empoleon, L50, F|\n|poke|p1|Pelipper, L50, F|\n|poke|p2|Farigiraf, L50, M|\n|poke|p2|Hatterene, L50, F|\n|poke|p2|Kingambit, L50, M|\n|poke|p2|Chesnaught, L50, F|\n|poke|p2|Primarina, L50, M|\n|poke|p2|Torkoal, L50, F|\n|teampreview|4\nOrugaVeluga has agreed to open team sheets.\nCachapas has agreed to open team sheets.\n|showteam|p1|Torterra||FocusSash|ShellArmor|Earthquake,SeedBomb,Protect,ShellSmash|||M|||50|]Gallade||ChoiceScarf|Sharpness|PsychoCut,ShadowClaw,AquaCutter,SacredSword|||M|||50|]Aerodactyl||Aerodactylite|RockHead|DualWingbeat,RockSlide,Protect,IronHead|||M|||50|]Talonflame||Charcoal|GaleWings|Tailwind,Uturn,BlazeKick,Protect|||M|||50|]Empoleon||MysticWater|Competitive|IceBeam,FlashCannon,Surf,Protect|||F|||50|]Pelipper||WacanBerry|Drizzle|Hurricane,Tailwind,Uturn,Protect|||F|||50|\n|showteam|p2|Farigiraf||MentalHerb|ArmorTail|TrickRoom,PsychicTerrain,FoulPlay,Psychic|||M|||50|]Hatterene||TwistedSpoon|MagicBounce|DazzlingGleam,ExpandingForce,TrickRoom,Protect|||F|||50|]Kingambit||ChopleBerry|Defiant|SuckerPunch,SwordsDance,KowtowCleave,Protect|||M|||50|]Chesnaught||Chesnaughtite|Bulletproof|IronDefense,BodyPress,SpikyShield,LeechSeed|||F|||50|]Primarina||Leftovers|LiquidVoice|HyperVoice,Moonblast,Protect,CalmMind|||M|||50|]Torkoal||Charcoal|Drought|Eruption,WeatherBall,Protect,HeatWave|||F|||50|\n|inactive|Battle timer is ON: inactive players will automatically lose when time's up. (requested by OrugaVeluga)\n|\n|t:|1775935059\n|teamsize|p1|4\n|teamsize|p2|4\n|start\n|switch|p1a: Hershis|Gallade, L50, M|100/100\n|switch|p1b: Aeroman|Aerodactyl, L50, M|100/100\n|switch|p2a: Farigiraf|Farigiraf, L50, M|100/100\n|switch|p2b: Kingambit|Kingambit, L50, M|100/100\n|turn|1\n|\n|t:|1775935081\n|detailschange|p1b: Aeroman|Aerodactyl-Mega, L50, M\n|-mega|p1b: Aeroman|Aerodactyl|Aerodactylite\n|move|p1b: Aeroman|Protect|p1b: Aeroman\n|-singleturn|p1b: Aeroman|Protect\n|move|p2b: Kingambit|Protect|p2b: Kingambit\n|-singleturn|p2b: Kingambit|Protect\n|move|p1a: Hershis|Sacred Sword|p2a: Farigiraf\n|-damage|p2a: Farigiraf|37/100\n|move|p2a: Farigiraf|Trick Room|p2a: Farigiraf\n|-fieldstart|move: Trick Room|[of] p2a: Farigiraf\n|\n|upkeep\n|turn|2\n|\n|t:|1775935097\n|move|p2b: Kingambit|Swords Dance|p2b: Kingambit\n|-boost|p2b: Kingambit|atk|2\n|move|p2a: Farigiraf|Psychic|p1a: Hershis\n|-damage|p1a: Hershis|65/100\n|move|p1a: Hershis|Sacred Sword|p2b: Kingambit\n|-supereffective|p2b: Kingambit|2\n|-enditem|p2b: Kingambit|Chople Berry|[eat]\n|-enditem|p2b: Kingambit|Chople Berry|[weaken]\n|-damage|p2b: Kingambit|0 fnt\n|faint|p2b: Kingambit\n|move|p1b: Aeroman|Dual Wingbeat|p2a: Farigiraf\n|-damage|p2a: Farigiraf|14/100\n|-damage|p2a: Farigiraf|0 fnt\n|faint|p2a: Farigiraf\n|-hitcount|p2: Farigiraf|2\n|\n|upkeep\n|\n|t:|1775935110\n|switch|p2b: Primarina|Primarina, L50, M|100/100\n|switch|p2a: Hatterene|Hatterene, L50, F|100/100\n|turn|3\n|\n|t:|1775935125\n|switch|p1a: El Guaro|Talonflame, L50, M|100/100\n|move|p1b: Aeroman|Protect|p1b: Aeroman\n|-singleturn|p1b: Aeroman|Protect\n|move|p2a: Hatterene|Dazzling Gleam|p1a: El Guaro|[spread] p1a\n|-activate|p1b: Aeroman|move: Protect\n|-resisted|p1a: El Guaro|1\n|-damage|p1a: El Guaro|73/100\n|move|p2b: Primarina|Calm Mind|p2b: Primarina\n|-boost|p2b: Primarina|spa|1\n|-boost|p2b: Primarina|spd|1\n|\n|upkeep\n|turn|4\n|\n|t:|1775935147\n|move|p1a: El Guaro|Protect|p1a: El Guaro\n|-singleturn|p1a: El Guaro|Protect\n|move|p2a: Hatterene|Dazzling Gleam|p1a: El Guaro|[spread] p1b\n|-activate|p1a: El Guaro|move: Protect\n|-damage|p1b: Aeroman|60/100\n|move|p2b: Primarina|Hyper Voice|p1a: El Guaro|[spread] p1b\n|-activate|p1a: El Guaro|move: Protect\n|-supereffective|p1b: Aeroman|1\n|-damage|p1b: Aeroman|0 fnt\n|faint|p1b: Aeroman\n|\n|upkeep\n|\n|t:|1775935158\n|switch|p1b: Senbo|Torterra, L50, M|100/100\n|turn|5\n|\n|t:|1775935173\n|move|p2a: Hatterene|Dazzling Gleam|p1a: El Guaro|[spread] p1a,p1b\n|-resisted|p1a: El Guaro|1\n|-damage|p1a: El Guaro|47/100\n|-damage|p1b: Senbo|56/100\n|move|p2b: Primarina|Hyper Voice|p1a: El Guaro|[spread] p1a,p1b\n|-supereffective|p1a: El Guaro|1\n|-damage|p1a: El Guaro|0 fnt\n|-damage|p1b: Senbo|0 fnt\n|faint|p1a: El Guaro\n|faint|p1b: Senbo\n|\n|-fieldend|move: Trick Room\n|upkeep\n|\n|t:|1775935188\n|switch|p1a: Hershis|Gallade, L50, M|65/100\n|turn|6\n|\n|t:|1775935195\n|move|p1a: Hershis|Shadow Claw|p2a: Hatterene\n|-supereffective|p2a: Hatterene|1\n|-damage|p2a: Hatterene|5/100\n|move|p2b: Primarina|Hyper Voice|p1a: Hershis\n|-damage|p1a: Hershis|0 fnt\n|faint|p1a: Hershis\n|\n|win|OrugaVeluga\n|raw|Cachapas's rating: 1154 &rarr; <strong>1122</strong><br />(-32 for losing)\n|raw|OrugaVeluga's rating: 1060 &rarr; <strong>1099</strong><br />(+39 for winning)\n",
  "uploadtime": 1775935195,
  "views": 14,
  "formatid": "gen9championsvgc2026regma",
  "rating": 1099,
  "private": 0,
  "password": null
}