{
  "id": "gen9championsvgc2026regma-2582978216",
  "format": "[Gen 9 Champions] VGC 2026 Reg M-A",
  "players": [
    "Yodaslayer",
    "L_Yami_H"
  ],
  "log": "|j|\u2606Yodaslayer\n|j|\u2606L_Yami_H\n|t:|1776130221\n|gametype|doubles\n|player|p1|Yodaslayer|101|1215\n|player|p2|L_Yami_H|ghetsis|1186\n|gen|9\n|tier|[Gen 9 Champions] VGC 2026 Reg M-A\n|rated|\n|rule|Species Clause: Limit one of each Pok\u00e9mon\n|rule|Item Clause: Limit 1 of each item\n|clearpoke\n|poke|p1|Tyranitar, L50, F|\n|poke|p1|Excadrill, L50, M|\n|poke|p1|Garchomp, L50, M|\n|poke|p1|Talonflame, L50, M|\n|poke|p1|Sinistcha, L50|\n|poke|p1|Milotic, L50, M|\n|poke|p2|Sableye, L50, M|\n|poke|p2|Victreebel, L50, F|\n|poke|p2|Araquanid, L50, F|\n|poke|p2|Kingambit, L50, M|\n|poke|p2|Arcanine, L50, M|\n|poke|p2|Sneasler, L50, F|\n|teampreview|4\n|inactive|Battle timer is ON: inactive players will automatically lose when time's up. (requested by L_Yami_H)\nL_Yami_H rejected open team sheets.\n|inactive|Yodaslayer has 60 seconds left.\n|\n|t:|1776130280\n|teamsize|p1|4\n|teamsize|p2|4\n|start\n|switch|p1a: Milotic|Milotic, L50, M|100/100\n|switch|p1b: Tyranitar|Tyranitar, L50, F|100/100\n|switch|p2a: Yami|Sableye, L50, M|100/100\n|switch|p2b: Gabu|Arcanine, L50, M|100/100\n|-ability|p2b: Gabu|Intimidate|boost\n|-unboost|p1a: Milotic|atk|1\n|-ability|p1a: Milotic|Competitive|boost\n|-boost|p1a: Milotic|spa|2\n|-unboost|p1b: Tyranitar|atk|1\n|-weather|Sandstorm|[from] ability: Sand Stream|[of] p1b: Tyranitar\n|turn|1\n|inactive|L_Yami_H has 30 seconds left.\n|inactive|Yodaslayer has 30 seconds left.\n|inactive|L_Yami_H has 20 seconds left.\n|inactive|L_Yami_H has 15 seconds left.\n|\n|t:|1776130322\n|move|p1b: Tyranitar|Protect|p1b: Tyranitar\n|-singleturn|p1b: Tyranitar|Protect\n|move|p2a: Yami|Fake Out|p1a: Milotic\n|-damage|p1a: Milotic|92/100\n|move|p2b: Gabu|Will-O-Wisp|p1b: Tyranitar\n|-activate|p1b: Tyranitar|move: Protect\n|cant|p1a: Milotic|flinch\n|\n|-weather|Sandstorm|[upkeep]\n|-damage|p2b: Gabu|94/100|[from] Sandstorm\n|-damage|p1a: Milotic|86/100|[from] Sandstorm\n|-damage|p2a: Yami|95/100|[from] Sandstorm\n|-heal|p1a: Milotic|92/100|[from] item: Leftovers\n|upkeep\n|turn|2\n|inactive|L_Yami_H has 30 seconds left.\n|\n|t:|1776130349\n|switch|p1b: Sinistcha|Sinistcha, L50|100/100\n|-heal|p1a: Milotic|100/100|[from] ability: Hospitality|[of] p1b: Sinistcha\n|switch|p2a: Weeber|Araquanid, L50, F|100/100\n|move|p2b: Gabu|Howl|p2b: Gabu|[spread] p2a,p2b\n|-boost|p2a: Weeber|atk|1\n|-boost|p2b: Gabu|atk|1\n|move|p1a: Milotic|Scald|p2b: Gabu\n|-supereffective|p2b: Gabu|1\n|-damage|p2b: Gabu|0 fnt\n|faint|p2b: Gabu\n|\n|-weather|Sandstorm|[upkeep]\n|-damage|p1a: Milotic|95/100|[from] Sandstorm\n|-damage|p1b: Sinistcha|94/100|[from] Sandstorm\n|-damage|p2a: Weeber|95/100|[from] Sandstorm\n|-heal|p1a: Milotic|100/100|[from] item: Leftovers\n|-heal|p2a: Weeber|100/100|[from] item: Leftovers\n|upkeep\n|\n|t:|1776130361\n|switch|p2b: Baret|Victreebel, L50, F, shiny|100/100\n|turn|3\n|\n|t:|1776130379\n|detailschange|p2b: Baret|Victreebel-Mega, L50, F, shiny\n|-mega|p2b: Baret|Victreebel|Victreebelite\n|move|p1a: Milotic|Protect|p1a: Milotic\n|-singleturn|p1a: Milotic|Protect\n|move|p2b: Baret|Sleep Powder|p1a: Milotic\n|-activate|p1a: Milotic|move: Protect\n|move|p1b: Sinistcha|Matcha Gotcha|p2b: Baret|[spread] p2a,p2b\n|-resisted|p2b: Baret|2\n|-damage|p2a: Weeber|81/100\n|-heal|p1b: Sinistcha|100/100|[from] drain|[of] p2a: Weeber\n|-damage|p2b: Baret|95/100\n|move|p2a: Weeber|Liquidation|p1a: Milotic\n|-activate|p1a: Milotic|move: Protect\n|\n|-weather|Sandstorm|[upkeep]\n|-damage|p2b: Baret|89/100|[from] Sandstorm\n|-damage|p1a: Milotic|95/100|[from] Sandstorm\n|-damage|p1b: Sinistcha|94/100|[from] Sandstorm\n|-damage|p2a: Weeber|75/100|[from] Sandstorm\n|-heal|p1a: Milotic|100/100|[from] item: Leftovers\n|-heal|p2a: Weeber|81/100|[from] item: Leftovers\n|upkeep\n|turn|4\n|inactive|Yodaslayer has 30 seconds left.\n|\n|t:|1776130413\n|move|p1b: Sinistcha|Rage Powder|p1b: Sinistcha\n|-singleturn|p1b: Sinistcha|move: Rage Powder\n|move|p2b: Baret|Sleep Powder|p1a: Milotic\n|-status|p1a: Milotic|slp|[from] move: Sleep Powder\n|cant|p1a: Milotic|slp\n|move|p2a: Weeber|Leech Life|p1b: Sinistcha\n|-damage|p1b: Sinistcha|54/100\n|-heal|p2a: Weeber|100/100|[from] drain|[of] p1b: Sinistcha\n|\n|-weather|Sandstorm|[upkeep]\n|-damage|p2b: Baret|83/100|[from] Sandstorm\n|-damage|p1a: Milotic|95/100 slp|[from] Sandstorm\n|-damage|p1b: Sinistcha|48/100|[from] Sandstorm\n|-damage|p2a: Weeber|95/100|[from] Sandstorm\n|-enditem|p1b: Sinistcha|Sitrus Berry|[eat]\n|-heal|p1b: Sinistcha|72/100|[from] item: Sitrus Berry\n|-heal|p1a: Milotic|100/100 slp|[from] item: Leftovers\n|-heal|p2a: Weeber|100/100|[from] item: Leftovers\n|upkeep\n|turn|5\n|inactive|Yodaslayer has 30 seconds left.\n|\n|t:|1776130442\n|move|p2b: Baret|Sludge Bomb|p1a: Milotic\n|-damage|p1a: Milotic|68/100 slp\n|cant|p1a: Milotic|slp\n|move|p1b: Sinistcha|Matcha Gotcha|p2a: Weeber|[spread] p2a,p2b\n|-resisted|p2b: Baret|2\n|-damage|p2a: Weeber|81/100\n|-heal|p1b: Sinistcha|82/100|[from] drain|[of] p2a: Weeber\n|-damage|p2b: Baret|77/100\n|-heal|p1b: Sinistcha|85/100|[from] drain|[of] p2b: Baret\n|move|p2a: Weeber|Liquidation|p1a: Milotic\n|-resisted|p1a: Milotic|1\n|-damage|p1a: Milotic|28/100 slp\n|-unboost|p1a: Milotic|def|1\n|-ability|p1a: Milotic|Competitive|boost\n|-boost|p1a: Milotic|spa|2\n|\n|-weather|none\n|-heal|p1a: Milotic|34/100 slp|[from] item: Leftovers\n|-heal|p2a: Weeber|87/100|[from] item: Leftovers\n|upkeep\n|turn|6\n|\n|t:|1776130463\n|-curestatus|p1a: Milotic|slp|[msg]\n|move|p1a: Milotic|Protect|p1a: Milotic\n|-singleturn|p1a: Milotic|Protect\n|move|p2b: Baret|Giga Drain|p1a: Milotic\n|-activate|p1a: Milotic|move: Protect\n|move|p1b: Sinistcha|Matcha Gotcha|p2b: Baret|[spread] p2a,p2b\n|-resisted|p2b: Baret|2\n|-damage|p2a: Weeber|66/100\n|-heal|p1b: Sinistcha|96/100|[from] drain|[of] p2a: Weeber\n|-damage|p2b: Baret|72/100\n|-heal|p1b: Sinistcha|99/100|[from] drain|[of] p2b: Baret\n|move|p2a: Weeber|Leech Life|p1b: Sinistcha\n|-crit|p1b: Sinistcha\n|-damage|p1b: Sinistcha|36/100\n|-heal|p2a: Weeber|98/100|[from] drain|[of] p1b: Sinistcha\n|\n|-heal|p1a: Milotic|40/100|[from] item: Leftovers\n|-heal|p2a: Weeber|100/100|[from] item: Leftovers\n|upkeep\n|turn|7\n|inactive|Yodaslayer has 30 seconds left.\n|\n|t:|1776130490\n|move|p2b: Baret|Giga Drain|p1a: Milotic\n|-supereffective|p1a: Milotic|1\n|-damage|p1a: Milotic|0 fnt\n|-heal|p2b: Baret|93/100|[from] drain|[of] p1a: Milotic\n|faint|p1a: Milotic\n|move|p1b: Sinistcha|Matcha Gotcha|p2b: Baret|[spread] p2a,p2b\n|-resisted|p2b: Baret|2\n|-damage|p2a: Weeber|80/100\n|-heal|p1b: Sinistcha|47/100|[from] drain|[of] p2a: Weeber\n|-damage|p2b: Baret|87/100\n|-heal|p1b: Sinistcha|50/100|[from] drain|[of] p2b: Baret\n|-status|p2b: Baret|brn\n|move|p2a: Weeber|Liquidation|p1b: Sinistcha\n|-resisted|p1b: Sinistcha|1\n|-damage|p1b: Sinistcha|9/100\n|\n|-heal|p2a: Weeber|86/100|[from] item: Leftovers\n|-damage|p2b: Baret|81/100 brn|[from] brn\n|upkeep\n|inactive|Yodaslayer has 30 seconds left.\n|\n|t:|1776130515\n|switch|p1a: Tyranitar|Tyranitar, L50, F|100/100\n|-weather|Sandstorm|[from] ability: Sand Stream|[of] p1a: Tyranitar\n|turn|8\n|\n|t:|1776130531\n|switch|p1b: Garchomp|Garchomp, L50, M|100/100\n|detailschange|p1a: Tyranitar|Tyranitar-Mega, L50, F\n|-mega|p1a: Tyranitar|Tyranitar|Tyranitarite\n|move|p1a: Tyranitar|Protect|p1a: Tyranitar\n|-singleturn|p1a: Tyranitar|Protect\n|move|p2a: Weeber|Wide Guard|p2a: Weeber\n|-singleturn|p2a: Weeber|Wide Guard\n|move|p2b: Baret|Giga Drain|p1a: Tyranitar\n|-activate|p1a: Tyranitar|move: Protect\n|\n|-weather|Sandstorm|[upkeep]\n|-damage|p2b: Baret|75/100 brn|[from] Sandstorm\n|-damage|p2a: Weeber|80/100|[from] Sandstorm\n|-heal|p2a: Weeber|86/100|[from] item: Leftovers\n|-damage|p2b: Baret|69/100 brn|[from] brn\n|upkeep\n|turn|9\n|\n|t:|1776130556\n|switch|p1a: Sinistcha|Sinistcha, L50|9/100\n|move|p1b: Garchomp|Dragon Claw|p2b: Baret\n|-damage|p2b: Baret|24/100 brn\n|move|p2b: Baret|Strength Sap|p1b: Garchomp|[miss]\n|-miss|p2b: Baret|p1b: Garchomp\n|move|p2a: Weeber|Liquidation|p1a: Sinistcha\n|-resisted|p1a: Sinistcha|1\n|-damage|p1a: Sinistcha|0 fnt\n|faint|p1a: Sinistcha\n|\n|-weather|Sandstorm|[upkeep]\n|-damage|p2b: Baret|18/100 brn|[from] Sandstorm\n|-damage|p2a: Weeber|80/100|[from] Sandstorm\n|-heal|p2a: Weeber|86/100|[from] item: Leftovers\n|-damage|p2b: Baret|12/100 brn|[from] brn\n|upkeep\n|\n|t:|1776130568\n|switch|p1a: Tyranitar|Tyranitar-Mega, L50, F|100/100\n|turn|10\n|\n|t:|1776130578\n|move|p1b: Garchomp|Protect|p1b: Garchomp\n|-singleturn|p1b: Garchomp|Protect\n|move|p1a: Tyranitar|Protect|p1a: Tyranitar\n|-singleturn|p1a: Tyranitar|Protect\n|move|p2a: Weeber|Protect|p2a: Weeber\n|-singleturn|p2a: Weeber|Protect\n|move|p2b: Baret|Strength Sap|p1a: Tyranitar\n|-activate|p1a: Tyranitar|move: Protect\n|\n|-weather|Sandstorm|[upkeep]\n|-damage|p2b: Baret|6/100 brn|[from] Sandstorm\n|-damage|p2a: Weeber|80/100|[from] Sandstorm\n|-heal|p2a: Weeber|86/100|[from] item: Leftovers\n|-damage|p2b: Baret|0 fnt|[from] brn\n|faint|p2b: Baret\n|upkeep\n|\n|t:|1776130583\n|switch|p2b: Yami|Sableye, L50, M|95/100\n|turn|11\n|\n|t:|1776130606\n|move|p2b: Yami|Encore|p1b: Garchomp\n|-start|p1b: Garchomp|Encore\n|move|p1b: Garchomp|Protect||[still]\n|-fail|p1b: Garchomp\n|move|p1a: Tyranitar|Knock Off|p2a: Weeber\n|-damage|p2a: Weeber|8/100\n|-enditem|p2a: Weeber|Leftovers|[from] move: Knock Off|[of] p1a: Tyranitar\n|move|p2a: Weeber|Liquidation|p1a: Tyranitar\n|-supereffective|p1a: Tyranitar|1\n|-damage|p1a: Tyranitar|0 fnt\n|faint|p1a: Tyranitar\n|\n|-weather|Sandstorm|[upkeep]\n|-damage|p2b: Yami|89/100|[from] Sandstorm\n|-damage|p2a: Weeber|3/100|[from] Sandstorm\n|upkeep\n|turn|12\n|inactive|L_Yami_H has 30 seconds left.\n|\n|t:|1776130631\n|move|p1b: Garchomp|Protect|p1b: Garchomp\n|-singleturn|p1b: Garchomp|Protect\n|move|p2b: Yami|Sucker Punch||[still]\n|-fail|p2b: Yami\n|move|p2a: Weeber|Leech Life|p1b: Garchomp\n|-activate|p1b: Garchomp|move: Protect\n|\n|-weather|none\n|upkeep\n|turn|13\n|\n|t:|1776130655\n|move|p1b: Garchomp|Protect||[still]\n|-fail|p1b: Garchomp\n|move|p2b: Yami|Sucker Punch||[still]\n|-fail|p2b: Yami\n|move|p2a: Weeber|Leech Life|p1b: Garchomp\n|-damage|p1b: Garchomp|57/100\n|-heal|p2a: Weeber|26/100|[from] drain|[of] p1b: Garchomp\n|\n|-end|p1b: Garchomp|Encore\n|upkeep\n|turn|14\n|-message|Yodaslayer forfeited.\n|\n|win|L_Yami_H\n|raw|Yodaslayer's rating: 1215 &rarr; <strong>1188</strong><br />(-27 for losing)\n|raw|L_Yami_H's rating: 1186 &rarr; <strong>1213</strong><br />(+27 for winning)\n|l|\u2606Yodaslayer\n|player|p1|\n",
  "uploadtime": 1776130672,
  "views": 12,
  "formatid": "gen9championsvgc2026regma",
  "rating": 1188,
  "private": 0,
  "password": null
}