{
  "id": "gen9championsvgc2026regma-2587952261",
  "format": "[Gen 9 Champions] VGC 2026 Reg M-A",
  "players": [
    "eloskum",
    "cosmic blaziken"
  ],
  "log": "|j|\u2606eloskum\n|j|\u2606cosmic blaziken\n|t:|1776583910\n|gametype|doubles\n|player|p1|eloskum|102|1070\n|player|p2|cosmic blaziken|hugh|1009\n|gen|9\n|tier|[Gen 9 Champions] VGC 2026 Reg M-A\n|rated|\n|rule|Species Clause: Limit one of each Pok\u00e9mon\n|rule|Item Clause: Limit 1 of each item\n|clearpoke\n|poke|p1|Floette-Eternal, L50, F|\n|poke|p1|Sylveon, L50, F, shiny|\n|poke|p1|Lopunny, L50, F|\n|poke|p1|Whimsicott, L50, M, shiny|\n|poke|p1|Arcanine-Hisui, L50, F|\n|poke|p1|Sinistcha-Masterpiece, L50, shiny|\n|poke|p2|Pelipper, L50, F, shiny|\n|poke|p2|Sinistcha-Masterpiece, L50|\n|poke|p2|Aggron, L50, M|\n|poke|p2|Incineroar, L50, M, shiny|\n|poke|p2|Basculegion, L50, M|\n|poke|p2|Dragonite, L50, F|\n|teampreview|4\n|\n|t:|1776583942\n|teamsize|p1|4\n|teamsize|p2|4\n|start\n|switch|p1a: Arcanine|Arcanine-Hisui, L50, F|100/100\n|switch|p1b: Whimsicott|Whimsicott, L50, M, shiny|100/100\n|switch|p2a: Pelipper|Pelipper, L50, F, shiny|100/100\n|switch|p2b: Incineroar|Incineroar, L50, M, shiny|100/100\n|-weather|RainDance|[from] ability: Drizzle|[of] p2a: Pelipper\n|-ability|p2b: Incineroar|Intimidate|boost\n|-unboost|p1a: Arcanine|atk|1\n|-unboost|p1b: Whimsicott|atk|1\n|-enditem|p1a: Arcanine|White Herb\n|-clearnegativeboost|p1a: Arcanine|[silent]\n|turn|1\n|\n|t:|1776583970\n|move|p2b: Incineroar|Fake Out|p1b: Whimsicott\n|-damage|p1b: Whimsicott|84/100\n|cant|p1b: Whimsicott|flinch\n|move|p1a: Arcanine|Wild Charge|p2a: Pelipper\n|-supereffective|p2a: Pelipper|2\n|-damage|p2a: Pelipper|0 fnt\n|faint|p2a: Pelipper\n|\n|-weather|RainDance|[upkeep]\n|upkeep\n|\n|t:|1776583988\n|switch|p2a: Sinistcha|Sinistcha-Masterpiece, L50|100/100\n|turn|2\n|\n|t:|1776584010\n|move|p1b: Whimsicott|Tailwind|p1b: Whimsicott\n|-sidestart|p1: eloskum|move: Tailwind\n|move|p1a: Arcanine|Head Smash|p2b: Incineroar\n|-supereffective|p2b: Incineroar|1\n|-damage|p2b: Incineroar|0 fnt\n|faint|p2b: Incineroar\n|move|p2a: Sinistcha|Trick Room|p2a: Sinistcha\n|-fieldstart|move: Trick Room|[of] p2a: Sinistcha\n|\n|-weather|RainDance|[upkeep]\n|upkeep\n|\n|t:|1776584018\n|switch|p2b: Aggron|Aggron, L50, M|100/100\n|turn|3\n|\n|t:|1776584040\n|detailschange|p2b: Aggron|Aggron-Mega, L50, M\n|-mega|p2b: Aggron|Aggron|Aggronite\n|move|p1b: Whimsicott|Leech Seed|p2b: Aggron\n|-start|p2b: Aggron|move: Leech Seed\n|move|p2b: Aggron|Body Press|p1a: Arcanine\n|-supereffective|p1a: Arcanine|1\n|-damage|p1a: Arcanine|9/100\n|move|p2a: Sinistcha|Life Dew||[still]|[still]|[spread] \n|-fail|p2a: Sinistcha|heal\n|-fail|p2b: Aggron|heal\n|move|p1a: Arcanine|Flare Blitz|p2b: Aggron\n|-supereffective|p2b: Aggron|1\n|-damage|p2b: Aggron|82/100\n|\n|-weather|RainDance|[upkeep]\n|-damage|p2b: Aggron|69/100|[from] Leech Seed|[of] p1b: Whimsicott\n|-heal|p1b: Whimsicott|98/100|[silent]\n|upkeep\n|turn|4\n|inactive|Battle timer is ON: inactive players will automatically lose when time's up. (requested by cosmic blaziken)\n|\n|t:|1776584109\n|move|p2b: Aggron|Heavy Slam|p1b: Whimsicott\n|-supereffective|p1b: Whimsicott|1\n|-crit|p1b: Whimsicott\n|-damage|p1b: Whimsicott|0 fnt\n|faint|p1b: Whimsicott\n|move|p2a: Sinistcha|Matcha Gotcha|p1a: Arcanine|[miss]\n|-miss|p2a: Sinistcha|p1a: Arcanine\n|move|p1a: Arcanine|Flare Blitz|p2b: Aggron\n|-supereffective|p2b: Aggron|1\n|-damage|p2b: Aggron|49/100\n|\n|-weather|RainDance|[upkeep]\n|upkeep\n|c|\u2606eloskum|WHY IS AGGRON SO TANKY?\n|\n|t:|1776584129\n|switch|p1b: Sinistcha|Sinistcha-Masterpiece, L50, shiny|100/100\n|-heal|p1a: Arcanine|34/100|[from] ability: Hospitality|[of] p1b: Sinistcha\n|turn|5\n|\n|t:|1776584144\n|move|p2b: Aggron|Body Press|p1a: Arcanine\n|-supereffective|p1a: Arcanine|1\n|-crit|p1a: Arcanine\n|-damage|p1a: Arcanine|0 fnt\n|faint|p1a: Arcanine\n|move|p2a: Sinistcha|Life Dew||[still]|[spread] p2a,p2b\n|-fail|p2a: Sinistcha|heal\n|-heal|p2b: Aggron|73/100\n|move|p1b: Sinistcha|Life Dew||[still]\n|-fail|p1b: Sinistcha|heal\n|\n|-weather|none\n|-damage|p2b: Aggron|61/100|[from] Leech Seed|[of] p1b: Sinistcha\n|-sideend|p1: eloskum|move: Tailwind\n|upkeep\n|\n|t:|1776584150\n|switch|p1a: Lopunny|Lopunny, L50, F|100/100\n|turn|6\n|\n|t:|1776584170\n|detailschange|p1a: Lopunny|Lopunny-Mega, L50, F\n|-mega|p1a: Lopunny|Lopunny|Lopunnite\n|move|p2b: Aggron|Body Press|p1a: Lopunny\n|-supereffective|p1a: Lopunny|1\n|-damage|p1a: Lopunny|0 fnt\n|faint|p1a: Lopunny\n|move|p1b: Sinistcha|Matcha Gotcha|p2a: Sinistcha|[spread] p2a,p2b\n|-resisted|p2a: Sinistcha|1\n|-resisted|p2b: Aggron|1\n|-damage|p2a: Sinistcha|88/100\n|-damage|p2b: Aggron|50/100\n|move|p2a: Sinistcha|Matcha Gotcha|p1b: Sinistcha\n|-resisted|p1b: Sinistcha|1\n|-damage|p1b: Sinistcha|85/100\n|-heal|p2a: Sinistcha|98/100|[from] drain|[of] p1b: Sinistcha\n|-status|p1b: Sinistcha|brn\n|\n|-damage|p2b: Aggron|38/100|[from] Leech Seed|[of] p1b: Sinistcha\n|-heal|p1b: Sinistcha|97/100 brn|[silent]\n|-damage|p1b: Sinistcha|91/100 brn|[from] brn\n|-fieldend|move: Trick Room\n|upkeep\n|turn|7\n|inactive|cosmic blaziken has 30 seconds left.\n|\n|t:|1776584201\n|move|p2a: Sinistcha|Rage Powder|p2a: Sinistcha\n|-singleturn|p2a: Sinistcha|move: Rage Powder\n|move|p1b: Sinistcha|Strength Sap|p2b: Aggron\n|-unboost|p2b: Aggron|atk|1\n|-heal|p1b: Sinistcha|100/100 brn\n|move|p2b: Aggron|Ice Punch|p1b: Sinistcha\n|-supereffective|p1b: Sinistcha|1\n|-damage|p1b: Sinistcha|70/100 brn\n|\n|-damage|p2b: Aggron|25/100|[from] Leech Seed|[of] p1b: Sinistcha\n|-heal|p1b: Sinistcha|83/100 brn|[silent]\n|-damage|p1b: Sinistcha|76/100 brn|[from] brn\n|upkeep\n|turn|8\n|inactive|cosmic blaziken has 30 seconds left.\n|\n|t:|1776584231\n|move|p2a: Sinistcha|Life Dew|p2a: Sinistcha|[spread] p2a,p2b\n|-heal|p2a: Sinistcha|100/100\n|-heal|p2b: Aggron|50/100\n|move|p1b: Sinistcha|Strength Sap|p2b: Aggron\n|-unboost|p2b: Aggron|atk|1\n|-heal|p1b: Sinistcha|100/100 brn\n|move|p2b: Aggron|Heavy Slam|p1b: Sinistcha\n|-damage|p1b: Sinistcha|75/100 brn\n|\n|-damage|p2b: Aggron|38/100|[from] Leech Seed|[of] p1b: Sinistcha\n|-heal|p1b: Sinistcha|88/100 brn|[silent]\n|-damage|p1b: Sinistcha|81/100 brn|[from] brn\n|upkeep\n|turn|9\n|\n|t:|1776584250\n|move|p1b: Sinistcha|Strength Sap|p2b: Aggron\n|-unboost|p2b: Aggron|atk|1\n|-heal|p1b: Sinistcha|100/100 brn\n|move|p2b: Aggron|Ice Punch|p1b: Sinistcha\n|-supereffective|p1b: Sinistcha|1\n|-damage|p1b: Sinistcha|83/100 brn\n|move|p2a: Sinistcha|Trick Room|p2a: Sinistcha\n|-fieldstart|move: Trick Room|[of] p2a: Sinistcha\n|\n|-damage|p2b: Aggron|25/100|[from] Leech Seed|[of] p1b: Sinistcha\n|-heal|p1b: Sinistcha|95/100 brn|[silent]\n|-damage|p1b: Sinistcha|89/100 brn|[from] brn\n|upkeep\n|turn|10\n|\n|t:|1776584266\n|move|p2b: Aggron|Heavy Slam|p1b: Sinistcha\n|-damage|p1b: Sinistcha|68/100 brn\n|move|p1b: Sinistcha|Strength Sap|p2b: Aggron\n|-unboost|p2b: Aggron|atk|1\n|-heal|p1b: Sinistcha|100/100 brn\n|move|p2a: Sinistcha|Life Dew||[still]|[spread] p2a,p2b\n|-fail|p2a: Sinistcha|heal\n|-heal|p2b: Aggron|50/100\n|\n|-damage|p2b: Aggron|38/100|[from] Leech Seed|[of] p1b: Sinistcha\n|-damage|p1b: Sinistcha|94/100 brn|[from] brn\n|upkeep\n|turn|11\n|inactive|cosmic blaziken has 30 seconds left.\n|inactive|cosmic blaziken has 20 seconds left.\n|inactive|cosmic blaziken has 15 seconds left.\n|inactive|cosmic blaziken has 10 seconds left.\n|\n|t:|1776584316\n|move|p2a: Sinistcha|Rage Powder|p2a: Sinistcha\n|-singleturn|p2a: Sinistcha|move: Rage Powder\n|move|p2b: Aggron|Heavy Slam|p1b: Sinistcha\n|-damage|p1b: Sinistcha|75/100 brn\n|move|p1b: Sinistcha|Strength Sap|p2b: Aggron\n|-unboost|p2b: Aggron|atk|1\n|-heal|p1b: Sinistcha|100/100 brn\n|\n|-damage|p2b: Aggron|25/100|[from] Leech Seed|[of] p1b: Sinistcha\n|-damage|p1b: Sinistcha|94/100 brn|[from] brn\n|upkeep\n|turn|12\n|inactive|eloskum has 30 seconds left.\n|\n|t:|1776584343\n|move|p2b: Aggron|Heavy Slam|p1b: Sinistcha\n|-crit|p1b: Sinistcha\n|-damage|p1b: Sinistcha|18/100 brn\n|-enditem|p1b: Sinistcha|Sitrus Berry|[eat]\n|-heal|p1b: Sinistcha|43/100 brn|[from] item: Sitrus Berry\n|move|p1b: Sinistcha|Strength Sap|p2b: Aggron\n|-unboost|p2b: Aggron|atk|1\n|-heal|p1b: Sinistcha|71/100 brn\n|move|p2a: Sinistcha|Life Dew||[still]|[spread] p2a,p2b\n|-fail|p2a: Sinistcha|heal\n|-heal|p2b: Aggron|50/100\n|\n|-damage|p2b: Aggron|38/100|[from] Leech Seed|[of] p1b: Sinistcha\n|-heal|p1b: Sinistcha|84/100 brn|[silent]\n|-damage|p1b: Sinistcha|77/100 brn|[from] brn\n|upkeep\n|turn|13\n|c|\u2606eloskum|oh god\n|inactive|eloskum has 30 seconds left.\n|\n|t:|1776584369\n|move|p2b: Aggron|Heavy Slam|p1b: Sinistcha\n|-damage|p1b: Sinistcha|64/100 brn\n|move|p1b: Sinistcha|Matcha Gotcha|p2b: Aggron|[spread] p2a,p2b\n|-resisted|p2a: Sinistcha|1\n|-resisted|p2b: Aggron|1\n|-damage|p2a: Sinistcha|88/100\n|-heal|p1b: Sinistcha|69/100 brn|[from] drain|[of] p2a: Sinistcha\n|-damage|p2b: Aggron|27/100\n|-heal|p1b: Sinistcha|75/100 brn|[from] drain|[of] p2b: Aggron\n|move|p2a: Sinistcha|Life Dew|p2a: Sinistcha|[spread] p2a,p2b\n|-heal|p2a: Sinistcha|100/100\n|-heal|p2b: Aggron|52/100\n|\n|-damage|p2b: Aggron|39/100|[from] Leech Seed|[of] p1b: Sinistcha\n|-heal|p1b: Sinistcha|87/100 brn|[silent]\n|-damage|p1b: Sinistcha|81/100 brn|[from] brn\n|-fieldend|move: Trick Room\n|upkeep\n|turn|14\n|inactive|cosmic blaziken has 30 seconds left.\n|\n|t:|1776584397\n|move|p2a: Sinistcha|Matcha Gotcha|p1b: Sinistcha\n|-resisted|p1b: Sinistcha|1\n|-damage|p1b: Sinistcha|67/100 brn\n|move|p1b: Sinistcha|Matcha Gotcha|p2b: Aggron|[spread] p2a,p2b\n|-resisted|p2a: Sinistcha|1\n|-crit|p2a: Sinistcha\n|-resisted|p2b: Aggron|1\n|-damage|p2a: Sinistcha|82/100\n|-heal|p1b: Sinistcha|75/100 brn|[from] drain|[of] p2a: Sinistcha\n|-damage|p2b: Aggron|29/100\n|-heal|p1b: Sinistcha|81/100 brn|[from] drain|[of] p2b: Aggron\n|move|p2b: Aggron|Heavy Slam|p1b: Sinistcha\n|-damage|p1b: Sinistcha|67/100 brn\n|\n|-damage|p2b: Aggron|16/100|[from] Leech Seed|[of] p1b: Sinistcha\n|-heal|p1b: Sinistcha|80/100 brn|[silent]\n|-damage|p1b: Sinistcha|74/100 brn|[from] brn\n|upkeep\n|turn|15\n|\n|t:|1776584421\n|move|p2a: Sinistcha|Life Dew|p2a: Sinistcha|[spread] p2a,p2b\n|-heal|p2a: Sinistcha|100/100\n|-heal|p2b: Aggron|41/100\n|move|p1b: Sinistcha|Matcha Gotcha|p2b: Aggron|[spread] p2a,p2b\n|-resisted|p2a: Sinistcha|1\n|-resisted|p2b: Aggron|1\n|-damage|p2a: Sinistcha|88/100\n|-heal|p1b: Sinistcha|79/100 brn|[from] drain|[of] p2a: Sinistcha\n|-damage|p2b: Aggron|30/100\n|-heal|p1b: Sinistcha|84/100 brn|[from] drain|[of] p2b: Aggron\n|-status|p2b: Aggron|brn\n|move|p2b: Aggron|Ice Punch|p1b: Sinistcha\n|-supereffective|p1b: Sinistcha|1\n|-damage|p1b: Sinistcha|79/100 brn\n|\n|-damage|p2b: Aggron|18/100 brn|[from] Leech Seed|[of] p1b: Sinistcha\n|-heal|p1b: Sinistcha|91/100 brn|[silent]\n|-damage|p1b: Sinistcha|85/100 brn|[from] brn\n|-damage|p2b: Aggron|12/100 brn|[from] brn\n|upkeep\n|turn|16\n|-message|cosmic blaziken forfeited.\n|\n|win|eloskum\n|raw|eloskum's rating: 1070 &rarr; <strong>1094</strong><br />(+24 for winning)\n|raw|cosmic blaziken's rating: 1009 &rarr; <strong>1000</strong><br />(-9 for losing)\n|l|\u2606cosmic blaziken\n|player|p2|\n",
  "uploadtime": 1776584455,
  "views": 79,
  "formatid": "gen9championsvgc2026regma",
  "rating": 1000,
  "private": 0,
  "password": null
}