{
  "id": "gen9championsvgc2026regma-2587372723",
  "format": "[Gen 9 Champions] VGC 2026 Reg M-A",
  "players": [
    "piedi nei piedi",
    "MilkTeaWayGalaxy"
  ],
  "log": "|j|\u2606piedi nei piedi\n|j|\u2606MilkTeaWayGalaxy\n|t:|1776526318\n|gametype|doubles\n|player|p1|piedi nei piedi|zinnia|1480\n|player|p2|MilkTeaWayGalaxy|rosa-pokestar3|1425\n|gen|9\n|tier|[Gen 9 Champions] VGC 2026 Reg M-A\n|rated|\n|rule|Species Clause: Limit one of each Pok\u00e9mon\n|rule|Item Clause: Limit 1 of each item\n|clearpoke\n|poke|p1|Maushold-Four, L50|\n|poke|p1|Sneasler, L50, F|\n|poke|p1|Froslass, L50, F|\n|poke|p1|Samurott-Hisui, L50, F|\n|poke|p1|Arcanine-Hisui, L50, M|\n|poke|p1|Milotic, L50, M|\n|poke|p2|Milotic, L50, F|\n|poke|p2|Froslass, L50, F|\n|poke|p2|Sneasler, L50, M|\n|poke|p2|Gyarados, L50, F|\n|poke|p2|Incineroar, L50, F|\n|poke|p2|Sinistcha, L50|\n|teampreview|4\n|j| Silversirfetchd\n|\n|t:|1776526383\n|teamsize|p1|4\n|teamsize|p2|4\n|start\n|switch|p1a: Sneaslerux|Sneasler, L50, F|100/100\n|switch|p1b: Froslasso|Froslass, L50, F|100/100\n|switch|p2a: Froslass|Froslass, L50, F|100/100\n|switch|p2b: Gyarados|Gyarados, L50, F|100/100\n|-ability|p2b: Gyarados|Intimidate|boost\n|-unboost|p1a: Sneaslerux|atk|1\n|-unboost|p1b: Froslasso|atk|1\n|-enditem|p1a: Sneaslerux|White Herb\n|-clearnegativeboost|p1a: Sneaslerux|[silent]\n|turn|1\n|\n|t:|1776526409\n|detailschange|p2a: Froslass|Froslass-Mega, L50, F\n|-mega|p2a: Froslass|Froslass|Froslassite\n|-weather|Snowscape|[from] ability: Snow Warning|[of] p2a: Froslass\n|detailschange|p1b: Froslasso|Froslass-Mega, L50, F\n|-mega|p1b: Froslasso|Froslass|Froslassite\n|move|p1a: Sneaslerux|Dire Claw|p2b: Gyarados\n|-damage|p2b: Gyarados|52/100\n|move|p1b: Froslasso|Aurora Veil|p1b: Froslasso\n|-sidestart|p1: piedi nei piedi|move: Aurora Veil\n|move|p2a: Froslass|Aurora Veil|p2a: Froslass\n|-sidestart|p2: MilkTeaWayGalaxy|move: Aurora Veil\n|move|p2b: Gyarados|Dragon Dance|p2b: Gyarados\n|-boost|p2b: Gyarados|atk|1\n|-boost|p2b: Gyarados|spe|1\n|\n|-weather|Snowscape|[upkeep]\n|upkeep\n|turn|2\n|\n|t:|1776526440\n|switch|p2a: Sinistcha|Sinistcha, L50|100/100\n|-heal|p2b: Gyarados|77/100|[from] ability: Hospitality|[of] p2a: Sinistcha\n|move|p1a: Sneaslerux|Close Combat|p2b: Gyarados\n|-resisted|p2b: Gyarados|1\n|-damage|p2b: Gyarados|55/100\n|-unboost|p1a: Sneaslerux|def|1\n|-unboost|p1a: Sneaslerux|spd|1\n|move|p1b: Froslasso|Shadow Ball|p2a: Sinistcha\n|-supereffective|p2a: Sinistcha|1\n|-damage|p2a: Sinistcha|53/100\n|move|p2b: Gyarados|Dragon Dance|p2b: Gyarados\n|-boost|p2b: Gyarados|atk|1\n|-boost|p2b: Gyarados|spe|1\n|\n|-weather|Snowscape|[upkeep]\n|upkeep\n|turn|3\n|\n|t:|1776526459\n|switch|p2a: Milotic|Milotic, L50, F|100/100\n|move|p2b: Gyarados|Protect|p2b: Gyarados\n|-singleturn|p2b: Gyarados|Protect\n|move|p1a: Sneaslerux|Dire Claw|p2b: Gyarados\n|-activate|p2b: Gyarados|move: Protect\n|move|p1b: Froslasso|Shadow Ball|p2b: Gyarados\n|-activate|p2b: Gyarados|move: Protect\n|\n|-weather|Snowscape|[upkeep]\n|upkeep\n|turn|4\n|\n|t:|1776526476\n|switch|p2a: Sinistcha|Sinistcha, L50|53/100\n|-heal|p2b: Gyarados|80/100|[from] ability: Hospitality|[of] p2a: Sinistcha\n|move|p1a: Sneaslerux|Dire Claw|p2b: Gyarados\n|-damage|p2b: Gyarados|52/100\n|move|p2b: Gyarados|Crunch|p1b: Froslasso\n|-supereffective|p1b: Froslasso|1\n|-damage|p1b: Froslasso|28/100\n|move|p1b: Froslasso|Shadow Ball|p2b: Gyarados\n|-damage|p2b: Gyarados|28/100\n|\n|-weather|Snowscape|[upkeep]\n|upkeep\n|turn|5\n|\n|t:|1776526496\n|move|p1a: Sneaslerux|Dire Claw|p2b: Gyarados\n|-damage|p2b: Gyarados|0 fnt\n|faint|p2b: Gyarados\n|move|p1b: Froslasso|Blizzard|p2a: Sinistcha\n|-supereffective|p2a: Sinistcha|1\n|-damage|p2a: Sinistcha|0 fnt\n|faint|p2a: Sinistcha\n|\n|-weather|none\n|-sideend|p2: MilkTeaWayGalaxy|move: Aurora Veil\n|-sideend|p1: piedi nei piedi|move: Aurora Veil\n|upkeep\n|\n|t:|1776526500\n|switch|p2b: Froslass|Froslass-Mega, L50, F|100/100\n|switch|p2a: Milotic|Milotic, L50, F|100/100\n|-weather|Snowscape|[from] ability: Snow Warning|[of] p2b: Froslass\n|turn|6\n|\n|t:|1776526512\n|move|p1a: Sneaslerux|Dire Claw|p2a: Milotic\n|-damage|p2a: Milotic|59/100\n|move|p1b: Froslasso|Shadow Ball|p2a: Milotic\n|-damage|p2a: Milotic|30/100\n|-enditem|p2a: Milotic|Sitrus Berry|[eat]\n|-heal|p2a: Milotic|55/100|[from] item: Sitrus Berry\n|move|p2b: Froslass|Aurora Veil|p2b: Froslass\n|-sidestart|p2: MilkTeaWayGalaxy|move: Aurora Veil\n|move|p2a: Milotic|Scald|p1a: Sneaslerux\n|-damage|p1a: Sneaslerux|44/100\n|\n|-weather|Snowscape|[upkeep]\n|upkeep\n|turn|7\n|\n|t:|1776526530\n|move|p1a: Sneaslerux|Close Combat|p2a: Milotic\n|-damage|p2a: Milotic|17/100\n|-unboost|p1a: Sneaslerux|def|1\n|-unboost|p1a: Sneaslerux|spd|1\n|move|p1b: Froslasso|Shadow Ball|p2b: Froslass\n|-supereffective|p2b: Froslass|1\n|-damage|p2b: Froslass|38/100\n|-unboost|p2b: Froslass|spd|1\n|move|p2b: Froslass|Shadow Ball|p1b: Froslasso\n|-supereffective|p1b: Froslasso|1\n|-damage|p1b: Froslasso|0 fnt\n|faint|p1b: Froslasso\n|move|p2a: Milotic|Recover|p2a: Milotic\n|-heal|p2a: Milotic|67/100\n|\n|-weather|Snowscape|[upkeep]\n|upkeep\n|\n|t:|1776526544\n|switch|p1b: Arcaninnolo|Arcanine-Hisui, L50, M|100/100\n|-ability|p1b: Arcaninnolo|Intimidate|boost\n|-unboost|p2a: Milotic|atk|1\n|-ability|p2a: Milotic|Competitive|boost\n|-boost|p2a: Milotic|spa|2\n|-unboost|p2b: Froslass|atk|1\n|turn|8\n|c|\u2606MilkTeaWayGalaxy|You won every single speed tie\n|c|\u2606MilkTeaWayGalaxy|I'm max speed\n|c|\u2606MilkTeaWayGalaxy|I'm just that unlucky\n|\n|t:|1776526602\n|move|p1a: Sneaslerux|Dire Claw|p2a: Milotic\n|-damage|p2a: Milotic|43/100\n|move|p1b: Arcaninnolo|Rock Slide|p2b: Froslass|[spread] p2b\n|-miss|p1b: Arcaninnolo|p2a: Milotic\n|-supereffective|p2b: Froslass|1\n|-damage|p2b: Froslass|6/100\n|move|p2b: Froslass|Blizzard|p1b: Arcaninnolo|[spread] p1a,p1b\n|-resisted|p1b: Arcaninnolo|1\n|-damage|p1a: Sneaslerux|0 fnt\n|-damage|p1b: Arcaninnolo|75/100\n|faint|p1a: Sneaslerux\n|move|p2a: Milotic|Scald|p1b: Arcaninnolo\n|-supereffective|p1b: Arcaninnolo|2\n|-damage|p1b: Arcaninnolo|0 fnt\n|faint|p1b: Arcaninnolo\n|\n|-weather|Snowscape|[upkeep]\n|upkeep\n|\n|t:|1776526614\n|switch|p1b: Miloticus|Milotic, L50, M|100/100\n|turn|9\n|\n|t:|1776526624\n|move|p1b: Miloticus|Protect|p1b: Miloticus\n|-singleturn|p1b: Miloticus|Protect\n|move|p2b: Froslass|Shadow Ball|p1b: Miloticus\n|-activate|p1b: Miloticus|move: Protect\n|move|p2a: Milotic|Recover|p2a: Milotic\n|-heal|p2a: Milotic|93/100\n|\n|-weather|Snowscape|[upkeep]\n|upkeep\n|turn|10\n|\n|t:|1776526630\n|move|p2b: Froslass|Shadow Ball|p1b: Miloticus\n|-damage|p1b: Miloticus|70/100\n|move|p1b: Miloticus|Muddy Water|p2a: Milotic|[spread] p2b\n|-miss|p1b: Miloticus|p2a: Milotic\n|-damage|p2b: Froslass|0 fnt\n|faint|p2b: Froslass\n|move|p2a: Milotic|Scald|p1b: Miloticus\n|-resisted|p1b: Miloticus|1\n|-damage|p1b: Miloticus|51/100\n|\n|-weather|none\n|-heal|p1b: Miloticus|57/100|[from] item: Leftovers\n|-sideend|p2: MilkTeaWayGalaxy|move: Aurora Veil\n|upkeep\n|turn|11\n|\n|t:|1776526638\n|move|p1b: Miloticus|Coil|p1b: Miloticus\n|-boost|p1b: Miloticus|atk|1\n|-boost|p1b: Miloticus|def|1\n|-boost|p1b: Miloticus|accuracy|1\n|move|p2a: Milotic|Scald|p1b: Miloticus\n|-resisted|p1b: Miloticus|1\n|-damage|p1b: Miloticus|35/100\n|\n|-heal|p1b: Miloticus|41/100|[from] item: Leftovers\n|upkeep\n|turn|12\n|\n|t:|1776526643\n|move|p1b: Miloticus|Protect|p1b: Miloticus\n|-singleturn|p1b: Miloticus|Protect\n|move|p2a: Milotic|Scald|p1b: Miloticus\n|-activate|p1b: Miloticus|move: Protect\n|\n|-heal|p1b: Miloticus|47/100|[from] item: Leftovers\n|upkeep\n|turn|13\n|\n|t:|1776526651\n|move|p1b: Miloticus|Hypnosis|p2a: Milotic|[miss]\n|-miss|p1b: Miloticus|p2a: Milotic\n|move|p2a: Milotic|Scald|p1b: Miloticus\n|-resisted|p1b: Miloticus|1\n|-damage|p1b: Miloticus|27/100\n|\n|-heal|p1b: Miloticus|33/100|[from] item: Leftovers\n|upkeep\n|turn|14\n|\n|t:|1776526658\n|move|p2a: Milotic|Protect|p2a: Milotic\n|-singleturn|p2a: Milotic|Protect\n|move|p1b: Miloticus|Hypnosis|p2a: Milotic\n|-activate|p2a: Milotic|move: Protect\n|\n|-heal|p1b: Miloticus|39/100|[from] item: Leftovers\n|upkeep\n|turn|15\n|\n|t:|1776526661\n|move|p1b: Miloticus|Hypnosis|p2a: Milotic\n|-status|p2a: Milotic|slp|[from] move: Hypnosis\n|cant|p2a: Milotic|slp\n|\n|-heal|p1b: Miloticus|46/100|[from] item: Leftovers\n|upkeep\n|turn|16\n|\n|t:|1776526664\n|move|p1b: Miloticus|Coil|p1b: Miloticus\n|-boost|p1b: Miloticus|atk|1\n|-boost|p1b: Miloticus|def|1\n|-boost|p1b: Miloticus|accuracy|1\n|-curestatus|p2a: Milotic|slp|[msg]\n|move|p2a: Milotic|Scald|p1b: Miloticus\n|-resisted|p1b: Miloticus|1\n|-damage|p1b: Miloticus|25/100\n|\n|-heal|p1b: Miloticus|32/100|[from] item: Leftovers\n|upkeep\n|turn|17\n|\n|t:|1776526671\n|move|p1b: Miloticus|Hypnosis|p2a: Milotic\n|-status|p2a: Milotic|slp|[from] move: Hypnosis\n|cant|p2a: Milotic|slp\n|\n|-heal|p1b: Miloticus|38/100|[from] item: Leftovers\n|upkeep\n|turn|18\n|\n|t:|1776526674\n|move|p1b: Miloticus|Coil|p1b: Miloticus\n|-boost|p1b: Miloticus|atk|1\n|-boost|p1b: Miloticus|def|1\n|-boost|p1b: Miloticus|accuracy|1\n|-curestatus|p2a: Milotic|slp|[msg]\n|move|p2a: Milotic|Scald|p1b: Miloticus\n|-resisted|p1b: Miloticus|1\n|-damage|p1b: Miloticus|17/100\n|\n|-heal|p1b: Miloticus|23/100|[from] item: Leftovers\n|upkeep\n|turn|19\n|\n|t:|1776526680\n|move|p1b: Miloticus|Hypnosis|p2a: Milotic\n|-status|p2a: Milotic|slp|[from] move: Hypnosis\n|cant|p2a: Milotic|slp\n|\n|-heal|p1b: Miloticus|29/100|[from] item: Leftovers\n|upkeep\n|turn|20\n|\n|t:|1776526683\n|move|p1b: Miloticus|Protect|p1b: Miloticus\n|-singleturn|p1b: Miloticus|Protect\n|cant|p2a: Milotic|slp\n|\n|-heal|p1b: Miloticus|35/100|[from] item: Leftovers\n|upkeep\n|turn|21\n|\n|t:|1776526693\n|move|p1b: Miloticus|Protect|p1b: Miloticus\n|-singleturn|p1b: Miloticus|Protect\n|-curestatus|p2a: Milotic|slp|[msg]\n|move|p2a: Milotic|Scald|p1b: Miloticus\n|-activate|p1b: Miloticus|move: Protect\n|\n|-heal|p1b: Miloticus|41/100|[from] item: Leftovers\n|upkeep\n|turn|22\n|\n|t:|1776526697\n|move|p1b: Miloticus|Hypnosis|p2a: Milotic\n|-status|p2a: Milotic|slp|[from] move: Hypnosis\n|cant|p2a: Milotic|slp\n|\n|-heal|p1b: Miloticus|48/100|[from] item: Leftovers\n|upkeep\n|turn|23\n|\n|t:|1776526702\n|move|p1b: Miloticus|Muddy Water|p2a: Milotic\n|-resisted|p2a: Milotic|1\n|-damage|p2a: Milotic|82/100 slp\n|cant|p2a: Milotic|slp\n|\n|-heal|p1b: Miloticus|54/100|[from] item: Leftovers\n|upkeep\n|turn|24\n|\n|t:|1776526711\n|move|p1b: Miloticus|Muddy Water|p2a: Milotic\n|-resisted|p2a: Milotic|1\n|-damage|p2a: Milotic|70/100 slp\n|-curestatus|p2a: Milotic|slp|[msg]\n|move|p2a: Milotic|Recover|p2a: Milotic\n|-heal|p2a: Milotic|100/100\n|\n|-heal|p1b: Miloticus|60/100|[from] item: Leftovers\n|upkeep\n|turn|25\n|\n|t:|1776526720\n|move|p2a: Milotic|Protect|p2a: Milotic\n|-singleturn|p2a: Milotic|Protect\n|move|p1b: Miloticus|Hypnosis|p2a: Milotic\n|-activate|p2a: Milotic|move: Protect\n|\n|-heal|p1b: Miloticus|66/100|[from] item: Leftovers\n|upkeep\n|turn|26\n|\n|t:|1776526723\n|move|p1b: Miloticus|Hypnosis|p2a: Milotic\n|-status|p2a: Milotic|slp|[from] move: Hypnosis\n|cant|p2a: Milotic|slp\n|\n|-heal|p1b: Miloticus|73/100|[from] item: Leftovers\n|upkeep\n|turn|27\n|\n|t:|1776526728\n|move|p1b: Miloticus|Muddy Water|p2a: Milotic\n|-resisted|p2a: Milotic|1\n|-damage|p2a: Milotic|89/100 slp\n|-unboost|p2a: Milotic|accuracy|1\n|-ability|p2a: Milotic|Competitive|boost\n|-boost|p2a: Milotic|spa|2\n|cant|p2a: Milotic|slp\n|\n|-heal|p1b: Miloticus|79/100|[from] item: Leftovers\n|upkeep\n|turn|28\n|\n|t:|1776526736\n|move|p1b: Miloticus|Muddy Water|p2a: Milotic\n|-resisted|p2a: Milotic|1\n|-damage|p2a: Milotic|78/100 slp\n|-unboost|p2a: Milotic|accuracy|1\n|-ability|p2a: Milotic|Competitive|boost\n|-boost|p2a: Milotic|spa|2\n|-curestatus|p2a: Milotic|slp|[msg]\n|move|p2a: Milotic|Scald|p1b: Miloticus\n|-resisted|p1b: Miloticus|1\n|-damage|p1b: Miloticus|38/100\n|\n|-heal|p1b: Miloticus|44/100|[from] item: Leftovers\n|upkeep\n|turn|29\n|\n|t:|1776526754\n|move|p1b: Miloticus|Hypnosis|p2a: Milotic\n|-status|p2a: Milotic|slp|[from] move: Hypnosis\n|cant|p2a: Milotic|slp\n|\n|-heal|p1b: Miloticus|50/100|[from] item: Leftovers\n|upkeep\n|turn|30\n|\n|t:|1776526758\n|move|p1b: Miloticus|Muddy Water|p2a: Milotic\n|-resisted|p2a: Milotic|1\n|-damage|p2a: Milotic|67/100 slp\n|-unboost|p2a: Milotic|accuracy|1\n|-boost|p2a: Milotic|spa|0\n|cant|p2a: Milotic|slp\n|\n|-heal|p1b: Miloticus|56/100|[from] item: Leftovers\n|upkeep\n|turn|31\n|\n|t:|1776526767\n|move|p1b: Miloticus|Protect|p1b: Miloticus\n|-singleturn|p1b: Miloticus|Protect\n|-curestatus|p2a: Milotic|slp|[msg]\n|move|p2a: Milotic|Recover|p2a: Milotic\n|-heal|p2a: Milotic|100/100\n|\n|-heal|p1b: Miloticus|63/100|[from] item: Leftovers\n|upkeep\n|turn|32\n|\n|t:|1776526771\n|move|p1b: Miloticus|Hypnosis|p2a: Milotic\n|-status|p2a: Milotic|slp|[from] move: Hypnosis\n|cant|p2a: Milotic|slp\n|\n|-heal|p1b: Miloticus|69/100|[from] item: Leftovers\n|upkeep\n|turn|33\n|\n|t:|1776526775\n|move|p1b: Miloticus|Coil|p1b: Miloticus\n|-boost|p1b: Miloticus|atk|1\n|-boost|p1b: Miloticus|def|1\n|-boost|p1b: Miloticus|accuracy|1\n|cant|p2a: Milotic|slp\n|\n|-heal|p1b: Miloticus|75/100|[from] item: Leftovers\n|upkeep\n|turn|34\n|\n|t:|1776526782\n|-curestatus|p2a: Milotic|slp|[msg]\n|move|p2a: Milotic|Protect|p2a: Milotic\n|-singleturn|p2a: Milotic|Protect\n|move|p1b: Miloticus|Coil|p1b: Miloticus\n|-boost|p1b: Miloticus|atk|1\n|-boost|p1b: Miloticus|def|1\n|-boost|p1b: Miloticus|accuracy|1\n|\n|-heal|p1b: Miloticus|81/100|[from] item: Leftovers\n|upkeep\n|turn|35\n|\n|t:|1776526787\n|move|p1b: Miloticus|Hypnosis|p2a: Milotic\n|-status|p2a: Milotic|slp|[from] move: Hypnosis\n|cant|p2a: Milotic|slp\n|\n|-heal|p1b: Miloticus|88/100|[from] item: Leftovers\n|upkeep\n|turn|36\n|\n|t:|1776526790\n|move|p1b: Miloticus|Muddy Water|p2a: Milotic\n|-resisted|p2a: Milotic|1\n|-damage|p2a: Milotic|89/100 slp\n|-unboost|p2a: Milotic|accuracy|1\n|-boost|p2a: Milotic|spa|0\n|cant|p2a: Milotic|slp\n|\n|-heal|p1b: Miloticus|94/100|[from] item: Leftovers\n|upkeep\n|turn|37\n|\n|t:|1776526798\n|move|p1b: Miloticus|Coil|p1b: Miloticus\n|-boost|p1b: Miloticus|atk|1\n|-boost|p1b: Miloticus|def|1\n|-boost|p1b: Miloticus|accuracy|1\n|-curestatus|p2a: Milotic|slp|[msg]\n|move|p2a: Milotic|Scald|p1b: Miloticus|[miss]\n|-miss|p2a: Milotic|p1b: Miloticus\n|\n|-heal|p1b: Miloticus|99/100|[from] item: Leftovers\n|upkeep\n|turn|38\n|\n|t:|1776526805\n|move|p1b: Miloticus|Coil|p1b: Miloticus\n|-boost|p1b: Miloticus|atk|0\n|-boost|p1b: Miloticus|def|0\n|-boost|p1b: Miloticus|accuracy|0\n|move|p2a: Milotic|Scald|p1b: Miloticus|[miss]\n|-miss|p2a: Milotic|p1b: Miloticus\n|\n|-heal|p1b: Miloticus|100/100|[from] item: Leftovers\n|upkeep\n|turn|39\n|c|\u2606MilkTeaWayGalaxy|Sure game\n|\n|t:|1776526813\n|move|p1b: Miloticus|Coil|p1b: Miloticus\n|-boost|p1b: Miloticus|atk|0\n|-boost|p1b: Miloticus|def|0\n|-boost|p1b: Miloticus|accuracy|0\n|move|p2a: Milotic|Scald|p1b: Miloticus|[miss]\n|-miss|p2a: Milotic|p1b: Miloticus\n|\n|upkeep\n|turn|40\n|\n|t:|1776526817\n|move|p1b: Miloticus|Coil|p1b: Miloticus\n|-boost|p1b: Miloticus|atk|0\n|-boost|p1b: Miloticus|def|0\n|-boost|p1b: Miloticus|accuracy|0\n|move|p2a: Milotic|Scald|p1b: Miloticus\n|-resisted|p1b: Miloticus|1\n|-damage|p1b: Miloticus|59/100\n|\n|-heal|p1b: Miloticus|65/100|[from] item: Leftovers\n|upkeep\n|turn|41\n|c|\u2606MilkTeaWayGalaxy|A single burn at any point and I won\n|\n|t:|1776526830\n|move|p1b: Miloticus|Coil|p1b: Miloticus\n|-boost|p1b: Miloticus|atk|0\n|-boost|p1b: Miloticus|def|0\n|-boost|p1b: Miloticus|accuracy|0\n|move|p2a: Milotic|Scald|p1b: Miloticus\n|-resisted|p1b: Miloticus|1\n|-damage|p1b: Miloticus|22/100\n|\n|-heal|p1b: Miloticus|28/100|[from] item: Leftovers\n|upkeep\n|turn|42\n|\n|t:|1776526837\n|move|p1b: Miloticus|Protect|p1b: Miloticus\n|-singleturn|p1b: Miloticus|Protect\n|move|p2a: Milotic|Recover|p2a: Milotic\n|-heal|p2a: Milotic|100/100\n|\n|-heal|p1b: Miloticus|35/100|[from] item: Leftovers\n|upkeep\n|turn|43\n|\n|t:|1776526840\n|move|p1b: Miloticus|Coil|p1b: Miloticus\n|-boost|p1b: Miloticus|atk|0\n|-boost|p1b: Miloticus|def|0\n|-boost|p1b: Miloticus|accuracy|0\n|move|p2a: Milotic|Scald|p1b: Miloticus\n|-resisted|p1b: Miloticus|1\n|-damage|p1b: Miloticus|0 fnt\n|faint|p1b: Miloticus\n|\n|win|MilkTeaWayGalaxy\n|raw|piedi nei piedi's rating: 1480 &rarr; <strong>1457</strong><br />(-23 for losing)\n|raw|MilkTeaWayGalaxy's rating: 1425 &rarr; <strong>1448</strong><br />(+23 for winning)\n|l|\u2606piedi nei piedi\n|player|p1|\n|c|\u2606MilkTeaWayGalaxy|lmao\n",
  "uploadtime": 1776526853,
  "views": 34,
  "formatid": "gen9championsvgc2026regma",
  "rating": 1448,
  "private": 0,
  "password": null
}