{
  "id": "gen9championsvgc2026regma-2584543459",
  "format": "[Gen 9 Champions] VGC 2026 Reg M-A",
  "players": [
    "EDJPP",
    "ZuriHan"
  ],
  "log": "|j|\u2606EDJPP\n|j|\u2606ZuriHan\n|html|<table width=\"100%\"><tr><td align=\"left\">EDJPP</td><td align=\"right\">ZuriHan</tr><tr><td align=\"left\"><i class=\"fa fa-circle-o\"></i> <i class=\"fa fa-circle-o\"></i> </td><td align=\"right\"><i class=\"fa fa-circle-o\"></i> <i class=\"fa fa-circle-o\"></i> </tr></table>\n|uhtml|bestof|<h2><strong>Game 1</strong> of <a href=\"/game-bestof3-gen9championsvgc2026regma-2584543458\">a best-of-3</a></h2>\n|t:|1776267720\n|gametype|doubles\n|player|p1|EDJPP|volkner|\n|player|p2|ZuriHan|ingo|\n|gen|9\n|tier|[Gen 9 Champions] VGC 2026 Reg M-A\n|rated|Tournament battle\n|rule|Species Clause: Limit one of each Pok\u00e9mon\n|rule|Item Clause: Limit 1 of each item\n|raw|<div class=\"infobox\"><details class=\"readmore\" open><summary><strong>2 custom rules:</strong></summary> Force Open Team Sheets, Best of = 3</details></div>\n|clearpoke\n|poke|p1|Garganacl, L50, M|\n|poke|p1|Sinistcha, L50|\n|poke|p1|Primarina, L50, M|\n|poke|p1|Incineroar, L50, F|\n|poke|p1|Froslass, L50, F|\n|poke|p1|Aerodactyl, L50, F|\n|poke|p2|Aggron, L50, M|\n|poke|p2|Incineroar, L50, F|\n|poke|p2|Sinistcha, L50|\n|poke|p2|Pelipper, L50, M|\n|poke|p2|Dragonite, L50, M|\n|poke|p2|Farigiraf, L50, M|\n|teampreview|4\n|showteam|p1|Garganacl||Leftovers|ClearBody|SaltCure,RockSlide,BodyPress,HeavySlam|||M|||50|]Sinistcha||SitrusBerry|Hospitality|LifeDew,MatchaGotcha,TrickRoom,RagePowder||||||50|]Primarina||FairyFeather|LiquidVoice|HyperVoice,Moonblast,DazzlingGleam,Protect|||M|||50|]Incineroar||Charcoal|Intimidate|FakeOut,HelpingHand,FlareBlitz,DarkestLariat|||F|||50|]Froslass||Froslassite|CursedBody|AuroraVeil,Blizzard,ShadowBall,NastyPlot|||F|||50|]Aerodactyl||FocusSash|Unnerve|Tailwind,DualWingbeat,RockSlide,Protect|||F|||50|\n|showteam|p2|Aggron||Aggronite|Sturdy|BodyPress,HeavySlam,IronDefense,Protect|||M|||50|]Incineroar||SitrusBerry|Intimidate|ThroatChop,FakeOut,PartingShot,FlareBlitz|||F|||50|]Sinistcha||Leftovers|Hospitality|MatchaGotcha,RagePowder,LifeDew,TrickRoom||||||50|]Pelipper||FocusSash|Drizzle|Hurricane,WideGuard,WeatherBall,Protect|||M|||50|]Dragonite||Dragoninite|Multiscale|Hurricane,DragonPulse,WeatherBall,Protect|||M|||50|]Farigiraf||ColburBerry|ArmorTail|TrickRoom,TwinBeam,AllySwitch,HyperVoice|||M|||50|\n|inactive|Battle timer is ON: inactive players will automatically lose when time's up. (requested by EDJPP)\n|inactive|EDJPP has 60 seconds left.\n|inactive|ZuriHan has 60 seconds left.\n|inactive|EDJPP has 30 seconds left.\n|inactive|EDJPP has 20 seconds left.\n|inactive|EDJPP has 15 seconds left.\n|inactive|EDJPP has 10 seconds left.\n|inactive|EDJPP has 5 seconds left.\n|\n|t:|1776267808\n|teamsize|p1|4\n|teamsize|p2|4\n|start\n|switch|p1a: Primarina|Primarina, L50, M|100/100\n|switch|p1b: Froslass|Froslass, L50, F|100/100\n|switch|p2a: THE WALL|Aggron, L50, M|100/100\n|switch|p2b: Farigiraf|Farigiraf, L50, M|100/100\n|turn|1\n|\n|t:|1776267821\n|detailschange|p1b: Froslass|Froslass-Mega, L50, F\n|-mega|p1b: Froslass|Froslass|Froslassite\n|-weather|Snowscape|[from] ability: Snow Warning|[of] p1b: Froslass\n|detailschange|p2a: THE WALL|Aggron-Mega, L50, M\n|-mega|p2a: THE WALL|Aggron|Aggronite\n|move|p2a: THE WALL|Protect|p2a: THE WALL\n|-singleturn|p2a: THE WALL|Protect\n|move|p1b: Froslass|Aurora Veil|p1b: Froslass\n|-sidestart|p1: EDJPP|move: Aurora Veil\n|move|p1a: Primarina|Hyper Voice|p2b: Farigiraf|[spread] p2b\n|-activate|p2a: THE WALL|move: Protect\n|-damage|p2b: Farigiraf|72/100\n|move|p2b: Farigiraf|Trick Room|p2b: Farigiraf\n|-fieldstart|move: Trick Room|[of] p2b: Farigiraf\n|\n|-weather|Snowscape|[upkeep]\n|upkeep\n|turn|2\n|inactive|EDJPP has 30 seconds left.\n|inactive|ZuriHan has 30 seconds left.\n|\n|t:|1776267854\n|move|p2a: THE WALL|Heavy Slam|p1b: Froslass\n|-supereffective|p1b: Froslass|1\n|-damage|p1b: Froslass|19/100\n|move|p2b: Farigiraf|Twin Beam|p1a: Primarina\n|-damage|p1a: Primarina|92/100\n|-damage|p1a: Primarina|83/100\n|-hitcount|p1a: Primarina|2\n|move|p1a: Primarina|Hyper Voice|p2b: Farigiraf|[spread] p2a,p2b\n|-damage|p2a: THE WALL|70/100\n|-damage|p2b: Farigiraf|45/100\n|move|p1b: Froslass|Blizzard|p2a: THE WALL|[spread] p2a,p2b\n|-resisted|p2a: THE WALL|1\n|-damage|p2a: THE WALL|49/100\n|-damage|p2b: Farigiraf|9/100\n|\n|-weather|Snowscape|[upkeep]\n|upkeep\n|turn|3\n|\n|t:|1776267877\n|switch|p2b: Sinistcha|Sinistcha, L50|100/100\n|-heal|p2a: THE WALL|73/100|[from] ability: Hospitality|[of] p2b: Sinistcha\n|switch|p1b: Garganacl|Garganacl, L50, M|100/100\n|move|p2a: THE WALL|Heavy Slam|p1b: Garganacl\n|-supereffective|p1b: Garganacl|1\n|-damage|p1b: Garganacl|83/100\n|move|p1a: Primarina|Hyper Voice|p2b: Sinistcha|[spread] p2a,p2b\n|-resisted|p2b: Sinistcha|1\n|-damage|p2a: THE WALL|45/100\n|-damage|p2b: Sinistcha|87/100\n|\n|-weather|Snowscape|[upkeep]\n|-heal|p1b: Garganacl|88/100|[from] item: Leftovers\n|-heal|p2b: Sinistcha|93/100|[from] item: Leftovers\n|upkeep\n|turn|4\n|\n|t:|1776267897\n|move|p1b: Garganacl|Heavy Slam|p2b: Sinistcha\n|-damage|p2b: Sinistcha|67/100\n|move|p2a: THE WALL|Heavy Slam|p1a: Primarina\n|-damage|p1a: Primarina|48/100\n|move|p1a: Primarina|Hyper Voice|p2a: THE WALL|[spread] p2a,p2b\n|-resisted|p2b: Sinistcha|1\n|-damage|p2a: THE WALL|13/100\n|-damage|p2b: Sinistcha|55/100\n|move|p2b: Sinistcha|Life Dew|p2b: Sinistcha|[spread] p2a,p2b\n|-heal|p2a: THE WALL|38/100\n|-heal|p2b: Sinistcha|80/100\n|\n|-weather|Snowscape|[upkeep]\n|-heal|p1b: Garganacl|94/100|[from] item: Leftovers\n|-heal|p2b: Sinistcha|86/100|[from] item: Leftovers\n|upkeep\n|turn|5\n|inactive|EDJPP has 30 seconds left.\n|\n|t:|1776267926\n|move|p2a: THE WALL|Protect|p2a: THE WALL\n|-singleturn|p2a: THE WALL|Protect\n|move|p1b: Garganacl|Salt Cure|p2b: Sinistcha\n|-damage|p2b: Sinistcha|71/100\n|-start|p2b: Sinistcha|Salt Cure\n|move|p1a: Primarina|Moonblast|p2b: Sinistcha\n|-damage|p2b: Sinistcha|22/100\n|move|p2b: Sinistcha|Life Dew|p2b: Sinistcha|[spread] p2a,p2b\n|-heal|p2a: THE WALL|63/100\n|-heal|p2b: Sinistcha|47/100\n|\n|-weather|none\n|-heal|p1b: Garganacl|99/100|[from] item: Leftovers\n|-heal|p2b: Sinistcha|53/100|[from] item: Leftovers\n|-damage|p2b: Sinistcha|47/100|[from] Salt Cure\n|-sideend|p1: EDJPP|move: Aurora Veil\n|-fieldend|move: Trick Room\n|upkeep\n|turn|6\n|\n|t:|1776267945\n|move|p1a: Primarina|Hyper Voice|p2b: Sinistcha|[spread] p2a,p2b\n|-resisted|p2b: Sinistcha|1\n|-damage|p2a: THE WALL|35/100\n|-damage|p2b: Sinistcha|34/100\n|move|p2a: THE WALL|Heavy Slam|p1a: Primarina\n|-damage|p1a: Primarina|0 fnt\n|faint|p1a: Primarina\n|move|p1b: Garganacl|Salt Cure|p2a: THE WALL\n|-resisted|p2a: THE WALL|1\n|-damage|p2a: THE WALL|32/100\n|-start|p2a: THE WALL|Salt Cure\n|move|p2b: Sinistcha|Trick Room|p2b: Sinistcha\n|-fieldstart|move: Trick Room|[of] p2b: Sinistcha\n|\n|-heal|p1b: Garganacl|100/100|[from] item: Leftovers\n|-heal|p2b: Sinistcha|40/100|[from] item: Leftovers\n|-damage|p2a: THE WALL|19/100|[from] Salt Cure\n|-damage|p2b: Sinistcha|34/100|[from] Salt Cure\n|upkeep\n|\n|t:|1776267954\n|switch|p1a: Froslass|Froslass-Mega, L50, F|19/100\n|-weather|Snowscape|[from] ability: Snow Warning|[of] p1a: Froslass\n|turn|7\n|\n|t:|1776267963\n|move|p1b: Garganacl|Rock Slide|p2a: THE WALL|[spread] p2a,p2b\n|-resisted|p2a: THE WALL|1\n|-damage|p2a: THE WALL|14/100\n|-damage|p2b: Sinistcha|15/100\n|move|p2a: THE WALL|Heavy Slam|p1a: Froslass\n|-supereffective|p1a: Froslass|1\n|-damage|p1a: Froslass|0 fnt\n|faint|p1a: Froslass\n|cant|p2b: Sinistcha|flinch\n|\n|-weather|Snowscape|[upkeep]\n|-heal|p2b: Sinistcha|21/100|[from] item: Leftovers\n|-damage|p2a: THE WALL|2/100|[from] Salt Cure\n|-damage|p2b: Sinistcha|15/100|[from] Salt Cure\n|upkeep\n|\n|t:|1776267976\n|switch|p1a: Matcha|Sinistcha, L50|100/100\n|turn|8\n|\n|t:|1776267983\n|move|p1b: Garganacl|Rock Slide|p2b: Sinistcha|[spread] p2a,p2b\n|-resisted|p2a: THE WALL|1\n|-damage|p2a: THE WALL|0 fnt\n|-damage|p2b: Sinistcha|0 fnt\n|faint|p2a: THE WALL\n|faint|p2b: Sinistcha\n|move|p1a: Matcha|Matcha Gotcha|p2: THE WALL|[notarget]\n|-fail|p1a: Matcha\n|\n|-weather|Snowscape|[upkeep]\n|upkeep\n|\n|t:|1776267991\n|switch|p2a: Pelipper|Pelipper, L50, M|100/100\n|switch|p2b: Farigiraf|Farigiraf, L50, M|9/100\n|-weather|RainDance|[from] ability: Drizzle|[of] p2a: Pelipper\n|turn|9\n|\n|t:|1776268011\n|move|p1a: Matcha|Rage Powder|p1a: Matcha\n|-singleturn|p1a: Matcha|move: Rage Powder\n|move|p1b: Garganacl|Salt Cure|p2b: Farigiraf\n|-damage|p2b: Farigiraf|0 fnt\n|faint|p2b: Farigiraf\n|move|p2a: Pelipper|Hurricane|p1a: Matcha\n|-supereffective|p1a: Matcha|1\n|-damage|p1a: Matcha|0 fnt\n|faint|p1a: Matcha\n|\n|-weather|RainDance|[upkeep]\n|upkeep\n|turn|10\n|\n|t:|1776268020\n|move|p2a: Pelipper|Protect|p2a: Pelipper\n|-singleturn|p2a: Pelipper|Protect\n|move|p1b: Garganacl|Salt Cure|p2a: Pelipper\n|-activate|p2a: Pelipper|move: Protect\n|\n|-weather|RainDance|[upkeep]\n|-fieldend|move: Trick Room\n|upkeep\n|turn|11\n|\n|t:|1776268027\n|move|p2a: Pelipper|Weather Ball|p1b: Garganacl\n|-supereffective|p1b: Garganacl|1\n|-damage|p1b: Garganacl|2/100\n|move|p1b: Garganacl|Salt Cure|p2a: Pelipper\n|-supereffective|p2a: Pelipper|1\n|-damage|p2a: Pelipper|59/100\n|-start|p2a: Pelipper|Salt Cure\n|\n|-weather|RainDance|[upkeep]\n|-heal|p1b: Garganacl|8/100|[from] item: Leftovers\n|-damage|p2a: Pelipper|47/100|[from] Salt Cure\n|upkeep\n|turn|12\n|\n|t:|1776268040\n|move|p2a: Pelipper|Weather Ball|p1b: Garganacl\n|-supereffective|p1b: Garganacl|1\n|-damage|p1b: Garganacl|0 fnt\n|faint|p1b: Garganacl\n|\n|win|ZuriHan\n||ZuriHan is ready for game 2.\n",
  "uploadtime": 1776268044,
  "views": 16,
  "formatid": "gen9championsvgc2026regma",
  "rating": null,
  "private": 0,
  "password": null
}