{
  "id": "gen9championsvgc2026regma-2588603929",
  "format": "[Gen 9 Champions] VGC 2026 Reg M-A",
  "players": [
    "treeshhhh",
    "gurik"
  ],
  "log": "|j|\u2606treeshhhh\n|j|\u2606gurik\n|t:|1776649263\n|gametype|doubles\n|player|p1|treeshhhh|169|1383\n|player|p2|gurik|cynthia-gen4|1355\n|gen|9\n|tier|[Gen 9 Champions] VGC 2026 Reg M-A\n|rated|\n|rule|Species Clause: Limit one of each Pok\u00e9mon\n|rule|Item Clause: Limit 1 of each item\n|clearpoke\n|poke|p1|Lucario, L50, F, shiny|\n|poke|p1|Dragonite, L50, F, shiny|\n|poke|p1|Archaludon, L50, F, shiny|\n|poke|p1|Kingambit, L50, M, shiny|\n|poke|p1|Basculegion, L50, M, shiny|\n|poke|p1|Pelipper, L50, M, shiny|\n|poke|p2|Venusaur, L50, M|\n|poke|p2|Charizard, L50, F|\n|poke|p2|Garchomp, L50, F|\n|poke|p2|Farigiraf, L50, M|\n|poke|p2|Incineroar, L50, M|\n|poke|p2|Manectric, L50, F|\n|teampreview|4\n|\n|t:|1776649290\n|teamsize|p1|4\n|teamsize|p2|4\n|start\n|switch|p1a: Archaludon|Archaludon, L50, F, shiny|100/100\n|switch|p1b: Basculegion|Basculegion, L50, M, shiny|100/100\n|switch|p2a: Charizard|Charizard, L50, F|100/100\n|switch|p2b: Garchomp|Garchomp, L50, F|100/100\n|turn|1\n|inactive|Battle timer is ON: inactive players will automatically lose when time's up. (requested by gurik)\n|inactive|gurik has 60 seconds left.\n|\n|t:|1776649324\n|detailschange|p2a: Charizard|Charizard-Mega-Y, L50, F\n|-mega|p2a: Charizard|Charizard|Charizardite Y\n|-weather|SunnyDay|[from] ability: Drought|[of] p2a: Charizard\n|move|p2a: Charizard|Protect|p2a: Charizard\n|-singleturn|p2a: Charizard|Protect\n|move|p2b: Garchomp|Earthquake|p1a: Archaludon|[spread] p1a,p1b\n|-activate|p2a: Charizard|move: Protect\n|-supereffective|p1a: Archaludon|1\n|-damage|p1a: Archaludon|48/100\n|-damage|p1b: Basculegion|56/100\n|-ability|p1a: Archaludon|Stamina|boost\n|-boost|p1a: Archaludon|def|1\n|move|p1b: Basculegion|Flip Turn|p2a: Charizard\n|-activate|p2a: Charizard|move: Protect\n|move|p1a: Archaludon|Draco Meteor|p2b: Garchomp\n|-supereffective|p2b: Garchomp|1\n|-damage|p2b: Garchomp|0 fnt\n|-unboost|p1a: Archaludon|spa|2\n|faint|p2b: Garchomp\n|\n|-weather|SunnyDay|[upkeep]\n|-heal|p1a: Archaludon|54/100|[from] item: Leftovers\n|upkeep\n|inactive|gurik has 30 seconds left.\n|\n|t:|1776649351\n|switch|p2b: Manectric|Manectric, L50, F|100/100\n|turn|2\n|\n|t:|1776649360\n|move|p1b: Basculegion|Flip Turn|p2a: Charizard\n|-supereffective|p2a: Charizard|1\n|-crit|p2a: Charizard\n|-damage|p2a: Charizard|38/100\n|\n|t:|1776649364\n|switch|p1b: Pelipper|Pelipper, L50, M, shiny|100/100|[from] Flip Turn\n|-weather|RainDance|[from] ability: Drizzle|[of] p1b: Pelipper\n|move|p2b: Manectric|Thunderbolt|p1b: Pelipper\n|-supereffective|p1b: Pelipper|2\n|-enditem|p1b: Pelipper|Focus Sash\n|-damage|p1b: Pelipper|1/100\n|move|p2a: Charizard|Weather Ball|p1a: Archaludon\n|-resisted|p1a: Archaludon|1\n|-damage|p1a: Archaludon|19/100\n|-ability|p1a: Archaludon|Stamina|boost\n|-boost|p1a: Archaludon|def|1\n|move|p1a: Archaludon|Electro Shot||[still]\n|-activate|p2b: Manectric|ability: Lightning Rod\n|-prepare|p1a: Archaludon|Electro Shot\n|-boost|p1a: Archaludon|spa|1\n|-anim|p1a: Archaludon|Electro Shot|p2b: Manectric\n|-ability|p2b: Manectric|Lightning Rod|boost\n|-boost|p2b: Manectric|spa|1\n|\n|-weather|RainDance|[upkeep]\n|-heal|p1a: Archaludon|25/100|[from] item: Leftovers\n|upkeep\n|turn|3\n|\n|t:|1776649382\n|switch|p2a: Venusaur|Venusaur, L50, M|100/100\n|move|p2b: Manectric|Snarl|p1b: Pelipper|[spread] p1b\n|-miss|p2b: Manectric|p1a: Archaludon\n|-damage|p1b: Pelipper|0 fnt\n|faint|p1b: Pelipper\n|move|p1a: Archaludon|Draco Meteor|p2b: Manectric|[miss]\n|-miss|p1a: Archaludon|p2b: Manectric\n|\n|-weather|RainDance|[upkeep]\n|-heal|p1a: Archaludon|31/100|[from] item: Leftovers\n|upkeep\n|\n|t:|1776649390\n|switch|p1b: Dragonite|Dragonite, L50, F, shiny|100/100\n|turn|4\n|\n|t:|1776649405\n|switch|p2a: Charizard|Charizard-Mega-Y, L50, F|38/100\n|-weather|SunnyDay|[from] ability: Drought|[of] p2a: Charizard\n|detailschange|p1b: Dragonite|Dragonite-Mega, L50, F, shiny\n|-mega|p1b: Dragonite|Dragonite|Dragoninite\n|move|p2b: Manectric|Thunderbolt|p1b: Dragonite\n|-damage|p1b: Dragonite|75/100\n|move|p1b: Dragonite|Hurricane|p2a: Charizard|[miss]\n|-miss|p1b: Dragonite|p2a: Charizard\n|move|p1a: Archaludon|Draco Meteor|p2b: Manectric\n|-damage|p2b: Manectric|29/100\n|-unboost|p1a: Archaludon|spa|2\n|\n|-weather|SunnyDay|[upkeep]\n|-heal|p1a: Archaludon|37/100|[from] item: Leftovers\n|upkeep\n|turn|5\n|\n|t:|1776649427\n|move|p2a: Charizard|Protect|p2a: Charizard\n|-singleturn|p2a: Charizard|Protect\n|move|p1a: Archaludon|Protect|p1a: Archaludon\n|-singleturn|p1a: Archaludon|Protect\n|move|p2b: Manectric|Thunderbolt|p1b: Dragonite\n|-damage|p1b: Dragonite|19/100\n|move|p1b: Dragonite|Tailwind|p1b: Dragonite\n|-sidestart|p1: treeshhhh|move: Tailwind\n|\n|-weather|SunnyDay|[upkeep]\n|-heal|p1a: Archaludon|43/100|[from] item: Leftovers\n|upkeep\n|turn|6\n|\n|t:|1776649440\n|move|p1b: Dragonite|Draco Meteor|p2a: Charizard\n|-damage|p2a: Charizard|0 fnt\n|-unboost|p1b: Dragonite|spa|2\n|faint|p2a: Charizard\n|move|p1a: Archaludon|Draco Meteor|p2b: Manectric|[miss]\n|-miss|p1a: Archaludon|p2b: Manectric\n|move|p2b: Manectric|Volt Switch|p1b: Dragonite\n|-damage|p1b: Dragonite|0 fnt\n|faint|p1b: Dragonite\n|\n|t:|1776649447\n|switch|p2b: Venusaur|Venusaur, L50, M|100/100|[from] Volt Switch\n|\n|-weather|SunnyDay|[upkeep]\n|-heal|p1a: Archaludon|49/100|[from] item: Leftovers\n|upkeep\n|\n|t:|1776649470\n|switch|p1b: Basculegion|Basculegion, L50, M, shiny|56/100\n|switch|p2a: Manectric|Manectric, L50, F|29/100\n|turn|7\n|\n|t:|1776649493\n|move|p1a: Archaludon|Protect|p1a: Archaludon\n|-singleturn|p1a: Archaludon|Protect\n|move|p1b: Basculegion|Last Respects|p2a: Manectric\n|-damage|p2a: Manectric|0 fnt\n|faint|p2a: Manectric\n|move|p2b: Venusaur|Energy Ball|p1b: Basculegion\n|-supereffective|p1b: Basculegion|1\n|-damage|p1b: Basculegion|0 fnt\n|faint|p1b: Basculegion\n|\n|-weather|SunnyDay|[upkeep]\n|-heal|p1a: Archaludon|55/100|[from] item: Leftovers\n|upkeep\n|turn|8\n|\n|t:|1776649503\n|move|p2b: Venusaur|Sleep Powder|p1a: Archaludon\n|-status|p1a: Archaludon|slp|[from] move: Sleep Powder\n|cant|p1a: Archaludon|slp\n|\n|-weather|none\n|-heal|p1a: Archaludon|61/100 slp|[from] item: Leftovers\n|-sideend|p1: treeshhhh|move: Tailwind\n|upkeep\n|turn|9\n|\n|t:|1776649509\n|move|p2b: Venusaur|Energy Ball|p1a: Archaludon\n|-resisted|p1a: Archaludon|2\n|-damage|p1a: Archaludon|51/100 slp\n|-ability|p1a: Archaludon|Stamina|boost\n|-boost|p1a: Archaludon|def|1\n|-curestatus|p1a: Archaludon|slp|[msg]\n|move|p1a: Archaludon|Flash Cannon|p2b: Venusaur\n|-damage|p2b: Venusaur|85/100\n|\n|-heal|p1a: Archaludon|57/100|[from] item: Leftovers\n|upkeep\n|turn|10\n|\n|t:|1776649518\n|move|p2b: Venusaur|Sleep Powder|p1a: Archaludon|[miss]\n|-miss|p2b: Venusaur|p1a: Archaludon\n|move|p1a: Archaludon|Electro Shot||[still]\n|-prepare|p1a: Archaludon|Electro Shot\n|-boost|p1a: Archaludon|spa|1\n|\n|-heal|p1a: Archaludon|63/100|[from] item: Leftovers\n|upkeep\n|turn|11\n|\n|t:|1776649522\n|move|p2b: Venusaur|Protect|p2b: Venusaur\n|-singleturn|p2b: Venusaur|Protect\n|move|p1a: Archaludon|Electro Shot|p2b: Venusaur|[from] lockedmove\n|-activate|p2b: Venusaur|move: Protect\n|\n|-heal|p1a: Archaludon|69/100|[from] item: Leftovers\n|upkeep\n|turn|12\n|\n|t:|1776649526\n|move|p1a: Archaludon|Protect|p1a: Archaludon\n|-singleturn|p1a: Archaludon|Protect\n|move|p2b: Venusaur|Sleep Powder|p1a: Archaludon\n|-activate|p1a: Archaludon|move: Protect\n|\n|-heal|p1a: Archaludon|75/100|[from] item: Leftovers\n|upkeep\n|turn|13\n|\n|t:|1776649530\n|move|p2b: Venusaur|Energy Ball|p1a: Archaludon\n|-resisted|p1a: Archaludon|2\n|-damage|p1a: Archaludon|65/100\n|-ability|p1a: Archaludon|Stamina|boost\n|-boost|p1a: Archaludon|def|1\n|move|p1a: Archaludon|Electro Shot||[still]\n|-prepare|p1a: Archaludon|Electro Shot\n|-boost|p1a: Archaludon|spa|1\n|\n|-heal|p1a: Archaludon|71/100|[from] item: Leftovers\n|upkeep\n|turn|14\n|\n|t:|1776649535\n|move|p2b: Venusaur|Protect|p2b: Venusaur\n|-singleturn|p2b: Venusaur|Protect\n|move|p1a: Archaludon|Electro Shot|p2b: Venusaur|[from] lockedmove\n|-activate|p2b: Venusaur|move: Protect\n|\n|-heal|p1a: Archaludon|77/100|[from] item: Leftovers\n|upkeep\n|turn|15\n|\n|t:|1776649540\n|move|p1a: Archaludon|Protect|p1a: Archaludon\n|-singleturn|p1a: Archaludon|Protect\n|move|p2b: Venusaur|Energy Ball|p1a: Archaludon\n|-activate|p1a: Archaludon|move: Protect\n|\n|-heal|p1a: Archaludon|83/100|[from] item: Leftovers\n|upkeep\n|turn|16\n|\n|t:|1776649546\n|move|p2b: Venusaur|Energy Ball|p1a: Archaludon\n|-resisted|p1a: Archaludon|2\n|-damage|p1a: Archaludon|73/100\n|-unboost|p1a: Archaludon|spd|1\n|-ability|p1a: Archaludon|Stamina|boost\n|-boost|p1a: Archaludon|def|1\n|move|p1a: Archaludon|Electro Shot||[still]\n|-prepare|p1a: Archaludon|Electro Shot\n|-boost|p1a: Archaludon|spa|1\n|\n|-heal|p1a: Archaludon|79/100|[from] item: Leftovers\n|upkeep\n|turn|17\n|\n|t:|1776649550\n|move|p2b: Venusaur|Energy Ball|p1a: Archaludon\n|-resisted|p1a: Archaludon|2\n|-damage|p1a: Archaludon|62/100\n|-ability|p1a: Archaludon|Stamina|boost\n|-boost|p1a: Archaludon|def|1\n|move|p1a: Archaludon|Electro Shot|p2b: Venusaur|[from] lockedmove\n|-resisted|p2b: Venusaur|1\n|-damage|p2b: Venusaur|63/100\n|\n|-heal|p1a: Archaludon|68/100|[from] item: Leftovers\n|upkeep\n|turn|18\n|\n|t:|1776649558\n|move|p2b: Venusaur|Energy Ball|p1a: Archaludon\n|-resisted|p1a: Archaludon|2\n|-damage|p1a: Archaludon|53/100\n|move|p1a: Archaludon|Electro Shot||[still]\n|-prepare|p1a: Archaludon|Electro Shot\n|-boost|p1a: Archaludon|spa|1\n|\n|-heal|p1a: Archaludon|59/100|[from] item: Leftovers\n|upkeep\n|turn|19\n|\n|t:|1776649562\n|move|p2b: Venusaur|Energy Ball|p1a: Archaludon\n|-resisted|p1a: Archaludon|2\n|-damage|p1a: Archaludon|42/100\n|move|p1a: Archaludon|Electro Shot|p2b: Venusaur|[from] lockedmove\n|-resisted|p2b: Venusaur|1\n|-damage|p2b: Venusaur|31/100\n|\n|-heal|p1a: Archaludon|48/100|[from] item: Leftovers\n|upkeep\n|turn|20\n|\n|t:|1776649566\n|move|p2b: Venusaur|Energy Ball|p1a: Archaludon\n|-resisted|p1a: Archaludon|2\n|-crit|p1a: Archaludon\n|-damage|p1a: Archaludon|24/100\n|move|p1a: Archaludon|Flash Cannon|p2b: Venusaur\n|-damage|p2b: Venusaur|0 fnt\n|faint|p2b: Venusaur\n|\n|win|treeshhhh\n|raw|treeshhhh's rating: 1383 &rarr; <strong>1401</strong><br />(+18 for winning)\n|raw|gurik's rating: 1355 &rarr; <strong>1337</strong><br />(-18 for losing)\n",
  "uploadtime": 1776649569,
  "views": 8,
  "formatid": "gen9championsvgc2026regma",
  "rating": 1337,
  "private": 0,
  "password": null
}