{
  "id": "gen9championsvgc2026regma-2583802186",
  "format": "[Gen 9 Champions] VGC 2026 Reg M-A",
  "players": [
    "Pandyc",
    "6tk-test"
  ],
  "log": "|j|\u2606Pandyc\n|j|\u26066tk-test\n|t:|1776198760\n|gametype|doubles\n|player|p1|Pandyc|caitlin|1000\n|player|p2|6tk-test|101|1061\n|gen|9\n|tier|[Gen 9 Champions] VGC 2026 Reg M-A\n|rated|\n|rule|Species Clause: Limit one of each Pok\u00e9mon\n|rule|Item Clause: Limit 1 of each item\n|clearpoke\n|poke|p1|Gardevoir, L50, F|\n|poke|p1|Incineroar, L50, M|\n|poke|p1|Sinistcha, L50|\n|poke|p1|Garchomp, L50, F|\n|poke|p1|Rotom-Wash, L50|\n|poke|p1|Aerodactyl, L50, F|\n|poke|p2|Charizard, L50, M|\n|poke|p2|Sinistcha, L50|\n|poke|p2|Milotic, L50, F|\n|poke|p2|Incineroar, L50, F|\n|poke|p2|Kleavor, L50, M|\n|poke|p2|Greninja-*, L50, M|\n|teampreview|4\n|inactive|Battle timer is ON: inactive players will automatically lose when time's up. (requested by 6tk-test)\n|inactive|Pandyc has 60 seconds left.\n|\n|t:|1776198882\n|teamsize|p1|4\n|teamsize|p2|4\n|start\n|switch|p1a: Gardevoir|Gardevoir, L50, F|100/100\n|switch|p1b: Rotom|Rotom-Wash, L50|100/100\n|switch|p2a: Kleavor|Kleavor, L50, M|100/100\n|switch|p2b: Incineroar|Incineroar, L50, F|100/100\n|-ability|p2b: Incineroar|Intimidate|boost\n|-unboost|p1a: Gardevoir|atk|1\n|-unboost|p1b: Rotom|atk|1\n|turn|1\n|inactive|Pandyc has 30 seconds left.\n|inactive|Pandyc has 20 seconds left.\n|inactive|Pandyc has 15 seconds left.\n|\n|t:|1776198924\n|switch|p1b: Incineroar|Incineroar, L50, M|100/100\n|-ability|p1b: Incineroar|Intimidate|boost\n|-unboost|p2a: Kleavor|atk|1\n|-unboost|p2b: Incineroar|atk|1\n|move|p1a: Gardevoir|Protect|p1a: Gardevoir\n|-singleturn|p1a: Gardevoir|Protect\n|move|p2b: Incineroar|Fake Out|p1a: Gardevoir\n|-activate|p1a: Gardevoir|move: Protect\n|move|p2a: Kleavor|Struggle Bug|p1a: Gardevoir|[spread] p1b\n|-activate|p1a: Gardevoir|move: Protect\n|-damage|p1b: Incineroar|94/100\n|-unboost|p1b: Incineroar|spa|1\n|\n|upkeep\n|turn|2\n|inactive|Pandyc has 30 seconds left.\n|inactive|6tk-test has 30 seconds left.\n|inactive|6tk-test has 20 seconds left.\n|\n|t:|1776198961\n|move|p1b: Incineroar|Fake Out|p2b: Incineroar\n|-damage|p2b: Incineroar|90/100\n|move|p2a: Kleavor|Struggle Bug|p1a: Gardevoir|[spread] p1a,p1b\n|-damage|p1a: Gardevoir|95/100\n|-damage|p1b: Incineroar|88/100\n|-unboost|p1a: Gardevoir|spa|1\n|-unboost|p1b: Incineroar|spa|1\n|move|p1a: Gardevoir|Calm Mind|p1a: Gardevoir\n|-boost|p1a: Gardevoir|spa|1\n|-boost|p1a: Gardevoir|spd|1\n|cant|p2b: Incineroar|flinch\n|\n|upkeep\n|turn|3\n|inactive|Pandyc has 30 seconds left.\n|inactive|Pandyc has 20 seconds left.\n|inactive|Pandyc has 15 seconds left.\n|inactive|Pandyc has 10 seconds left.\n|\n|t:|1776199008\n|move|p1a: Gardevoir|Protect|p1a: Gardevoir\n|-singleturn|p1a: Gardevoir|Protect\n|move|p2a: Kleavor|Struggle Bug|p1b: Incineroar|[spread] p1b\n|-activate|p1a: Gardevoir|move: Protect\n|-damage|p1b: Incineroar|82/100\n|-unboost|p1b: Incineroar|spa|1\n|move|p1b: Incineroar|Parting Shot|p2a: Kleavor\n|-unboost|p2a: Kleavor|atk|1\n|-unboost|p2a: Kleavor|spa|1\n|\n|t:|1776199018\n|switch|p1b: Garchomp|Garchomp, L50, F|100/100|[from] Parting Shot\n|move|p2b: Incineroar|Parting Shot|p1a: Gardevoir\n|-activate|p1a: Gardevoir|move: Protect\n|\n|upkeep\n|turn|4\n|\n|t:|1776199029\n|switch|p2a: Sinistcha|Sinistcha, L50|100/100\n|-heal|p2b: Incineroar|100/100|[from] ability: Hospitality|[of] p2a: Sinistcha\n|move|p1b: Garchomp|Earthquake|p2a: Sinistcha|[spread] p2a,p2b\n|-activate|p1a: Gardevoir|ability: Telepathy\n|-resisted|p2a: Sinistcha|1\n|-supereffective|p2b: Incineroar|1\n|-damage|p2a: Sinistcha|84/100\n|-damage|p2b: Incineroar|4/100\n|move|p1a: Gardevoir|Hyper Voice|p2a: Sinistcha|[spread] p2b\n|-immune|p2a: Sinistcha\n|-damage|p2b: Incineroar|0 fnt\n|faint|p2b: Incineroar\n|\n|upkeep\n|\n|t:|1776199034\n|switch|p2b: Greninja|Greninja, L50, M|100/100\n|turn|5\n|inactive|Pandyc has 30 seconds left.\n|\n|t:|1776199066\n|switch|p1b: Incineroar|Incineroar, L50, M|82/100\n|-ability|p1b: Incineroar|Intimidate|boost\n|-unboost|p2a: Sinistcha|atk|1\n|-unboost|p2b: Greninja|atk|1\n|move|p1a: Gardevoir|Protect|p1a: Gardevoir\n|-singleturn|p1a: Gardevoir|Protect\n|move|p2b: Greninja|Icy Wind|p1a: Gardevoir|[spread] p1b\n|-start|p2b: Greninja|typechange|Ice|[from] ability: Protean\n|-activate|p1a: Gardevoir|move: Protect\n|-resisted|p1b: Incineroar|1\n|-damage|p1b: Incineroar|77/100\n|-unboost|p1b: Incineroar|spe|1\n|move|p2a: Sinistcha|Calm Mind|p2a: Sinistcha\n|-boost|p2a: Sinistcha|spa|1\n|-boost|p2a: Sinistcha|spd|1\n|\n|upkeep\n|turn|6\n|inactive|Pandyc has 30 seconds left.\n|inactive|6tk-test has 30 seconds left.\n|inactive|Pandyc has 20 seconds left.\n|\n|t:|1776199106\n|detailschange|p2b: Greninja|Greninja-Mega, L50, M\n|-mega|p2b: Greninja|Greninja|Greninjite\n|detailschange|p1a: Gardevoir|Gardevoir-Mega, L50, F\n|-mega|p1a: Gardevoir|Gardevoir|Gardevoirite\n|move|p1b: Incineroar|Fake Out|p2b: Greninja\n|-damage|p2b: Greninja|84/100\n|cant|p2b: Greninja|flinch\n|move|p1a: Gardevoir|Hyper Voice|p2a: Sinistcha|[spread] p2a,p2b\n|-supereffective|p2b: Greninja|1\n|-damage|p2a: Sinistcha|43/100\n|-damage|p2b: Greninja|0 fnt\n|-enditem|p2a: Sinistcha|Sitrus Berry|[eat]\n|-heal|p2a: Sinistcha|67/100|[from] item: Sitrus Berry\n|faint|p2b: Greninja\n|move|p2a: Sinistcha|Matcha Gotcha|p1b: Incineroar|[spread] p1a,p1b\n|-resisted|p1b: Incineroar|1\n|-damage|p1a: Gardevoir|72/100\n|-heal|p2a: Sinistcha|79/100|[from] drain|[of] p1a: Gardevoir\n|-damage|p1b: Incineroar|60/100\n|-heal|p2a: Sinistcha|89/100|[from] drain|[of] p1b: Incineroar\n|\n|upkeep\n|\n|t:|1776199128\n|switch|p2b: Kleavor|Kleavor, L50, M|100/100\n|turn|7\n|inactive|Pandyc has 30 seconds left.\n|\n|t:|1776199154\n|move|p1a: Gardevoir|Protect|p1a: Gardevoir\n|-singleturn|p1a: Gardevoir|Protect\n|move|p2b: Kleavor|Rock Slide|p1b: Incineroar|[spread] p1b\n|-activate|p1a: Gardevoir|move: Protect\n|-supereffective|p1b: Incineroar|1\n|-damage|p1b: Incineroar|11/100\n|move|p2a: Sinistcha|Matcha Gotcha|p1a: Gardevoir|[spread] p1b\n|-activate|p1a: Gardevoir|move: Protect\n|-resisted|p1b: Incineroar|1\n|-damage|p1b: Incineroar|0 fnt\n|-heal|p2a: Sinistcha|95/100|[from] drain|[of] p1b: Incineroar\n|faint|p1b: Incineroar\n|\n|upkeep\n|\n|t:|1776199168\n|switch|p1b: Garchomp|Garchomp, L50, F|100/100\n|turn|8\n|\n|t:|1776199190\n|move|p2b: Kleavor|Rock Slide|p1a: Gardevoir|[spread] p1a,p1b\n|-resisted|p1b: Garchomp|1\n|-damage|p1a: Gardevoir|31/100\n|-damage|p1b: Garchomp|83/100\n|move|p1b: Garchomp|Stomping Tantrum|p2b: Kleavor\n|-damage|p2b: Kleavor|39/100\n|move|p1a: Gardevoir|Hyper Voice|p2b: Kleavor|[spread] p2a,p2b\n|-damage|p2a: Sinistcha|57/100\n|-damage|p2b: Kleavor|0 fnt\n|faint|p2b: Kleavor\n|move|p2a: Sinistcha|Matcha Gotcha|p1b: Garchomp|[spread] p1a,p1b\n|-damage|p1a: Gardevoir|8/100\n|-heal|p2a: Sinistcha|68/100|[from] drain|[of] p1a: Gardevoir\n|-damage|p1b: Garchomp|39/100\n|-heal|p2a: Sinistcha|92/100|[from] drain|[of] p1b: Garchomp\n|-status|p1a: Gardevoir|brn\n|\n|-damage|p1a: Gardevoir|3/100 brn|[from] brn\n|upkeep\n|turn|9\n|\n|t:|1776199215\n|move|p1b: Garchomp|Dragon Claw|p2a: Sinistcha\n|-damage|p2a: Sinistcha|57/100\n|move|p1a: Gardevoir|Hyper Voice|p2a: Sinistcha\n|-damage|p2a: Sinistcha|0 fnt\n|faint|p2a: Sinistcha\n|\n|win|Pandyc\n|raw|Pandyc's rating: 1000 &rarr; <strong>1047</strong><br />(+47 for winning)\n|raw|6tk-test's rating: 1061 &rarr; <strong>1039</strong><br />(-22 for losing)\n|l|\u26066tk-test\n|player|p2|\n",
  "uploadtime": 1776199222,
  "views": 15,
  "formatid": "gen9championsvgc2026regma",
  "rating": 1039,
  "private": 0,
  "password": null
}