{
  "id": "gen9championsvgc2026regma-2586981876",
  "format": "[Gen 9 Champions] VGC 2026 Reg M-A",
  "players": [
    "aaradox",
    "BopLOL"
  ],
  "log": "|j|\u2606aaradox\n|j|\u2606BopLOL\n|t:|1776478012\n|gametype|doubles\n|player|p1|aaradox|veteran|1020\n|player|p2|BopLOL|265|1042\n|gen|9\n|tier|[Gen 9 Champions] VGC 2026 Reg M-A\n|rated|\n|rule|Species Clause: Limit one of each Pok\u00e9mon\n|rule|Item Clause: Limit 1 of each item\n|clearpoke\n|poke|p1|Floette-Eternal, L50, F|\n|poke|p1|Aerodactyl, L50, F|\n|poke|p1|Incineroar, L50, M|\n|poke|p1|Garchomp, L50, M|\n|poke|p1|Basculegion, L50, M|\n|poke|p1|Sneasler, L50, F|\n|poke|p2|Reuniclus, L50, M|\n|poke|p2|Meowstic-F, L50, F|\n|poke|p2|Aggron, L50, M|\n|poke|p2|Rotom-Wash, L50|\n|poke|p2|Sinistcha, L50|\n|poke|p2|Clefable, L50, F|\n|teampreview|4\n|\n|t:|1776478052\n|teamsize|p1|4\n|teamsize|p2|4\n|start\n|switch|p1a: Floette|Floette-Eternal, L50, F|100/100\n|switch|p1b: Taylor Swift|Aerodactyl, L50, F|100/100\n|switch|p2a: Aggron|Aggron, L50, M|100/100\n|switch|p2b: Clefable|Clefable, L50, F|100/100\n|-ability|p1b: Taylor Swift|Unnerve\n|turn|1\n|\n|t:|1776478067\n|switch|p1a: Garchomp|Garchomp, L50, M|100/100\n|detailschange|p2a: Aggron|Aggron-Mega, L50, M\n|-mega|p2a: Aggron|Aggron|Aggronite\n|move|p1b: Taylor Swift|Tailwind|p1b: Taylor Swift\n|-sidestart|p1: aaradox|move: Tailwind\n|move|p2b: Clefable|Thunder Wave|p1a: Garchomp\n|-immune|p1a: Garchomp\n|move|p2a: Aggron|Iron Defense|p2a: Aggron\n|-boost|p2a: Aggron|def|2\n|\n|upkeep\n|turn|2\n|\n|t:|1776478108\n|switch|p1a: Floette|Floette-Eternal, L50, F|100/100\n|move|p2b: Clefable|Follow Me|p2b: Clefable\n|-singleturn|p2b: Clefable|move: Follow Me\n|move|p1b: Taylor Swift|Rock Slide|p2b: Clefable|[spread] p2a,p2b\n|-resisted|p2a: Aggron|1\n|-damage|p2a: Aggron|97/100\n|-damage|p2b: Clefable|75/100\n|cant|p2a: Aggron|flinch\n|\n|-heal|p2b: Clefable|81/100|[from] item: Leftovers\n|upkeep\n|turn|3\n|\n|t:|1776478126\n|detailschange|p1a: Floette|Floette-Mega, L50, F\n|-mega|p1a: Floette|Floette|Floettite\n|-ability|p1a: Floette|Fairy Aura\n|move|p1b: Taylor Swift|Rock Slide|p2a: Aggron|[spread] p2a,p2b\n|-resisted|p2a: Aggron|1\n|-damage|p2a: Aggron|93/100\n|-damage|p2b: Clefable|54/100\n|move|p1a: Floette|Light of Ruin|p2a: Aggron\n|-resisted|p2a: Aggron|1\n|-damage|p2a: Aggron|43/100\n|-damage|p1a: Floette|72/100|[from] Recoil\n|cant|p2b: Clefable|flinch\n|cant|p2a: Aggron|flinch\n|\n|-heal|p2b: Clefable|60/100|[from] item: Leftovers\n|upkeep\n|turn|4\n|\n|t:|1776478146\n|move|p2b: Clefable|Follow Me|p2b: Clefable\n|-singleturn|p2b: Clefable|move: Follow Me\n|move|p1b: Taylor Swift|Rock Slide|p2b: Clefable|[spread] p2a,p2b\n|-resisted|p2a: Aggron|1\n|-damage|p2a: Aggron|40/100\n|-damage|p2b: Clefable|31/100\n|move|p1a: Floette|Light of Ruin|p2b: Clefable\n|-damage|p2b: Clefable|0 fnt\n|faint|p2b: Clefable\n|-damage|p1a: Floette|51/100|[from] Recoil\n|cant|p2a: Aggron|flinch\n|\n|-sideend|p1: aaradox|move: Tailwind\n|upkeep\n|\n|t:|1776478155\n|switch|p2b: Sinistcha|Sinistcha, L50|100/100\n|-heal|p2a: Aggron|65/100|[from] ability: Hospitality|[of] p2b: Sinistcha\n|turn|5\n|\n|t:|1776478169\n|move|p2b: Sinistcha|Rage Powder|p2b: Sinistcha\n|-singleturn|p2b: Sinistcha|move: Rage Powder\n|move|p1b: Taylor Swift|Dual Wingbeat|p2b: Sinistcha\n|-supereffective|p2b: Sinistcha|1\n|-damage|p2b: Sinistcha|69/100\n|-supereffective|p2b: Sinistcha|1\n|-damage|p2b: Sinistcha|35/100\n|-hitcount|p2b: Sinistcha|2\n|move|p1a: Floette|Light of Ruin|p2b: Sinistcha\n|-damage|p2b: Sinistcha|0 fnt\n|faint|p2b: Sinistcha\n|-damage|p1a: Floette|30/100|[from] Recoil\n|move|p2a: Aggron|Iron Defense|p2a: Aggron\n|-boost|p2a: Aggron|def|2\n|\n|upkeep\n|\n|t:|1776478171\n|switch|p2b: Rotom|Rotom-Wash, L50|100/100\n|turn|6\n|\n|t:|1776478184\n|move|p2b: Rotom|Helping Hand|p2a: Aggron\n|-singleturn|p2a: Aggron|Helping Hand|[of] p2b: Rotom\n|move|p1b: Taylor Swift|Tailwind|p1b: Taylor Swift\n|-sidestart|p1: aaradox|move: Tailwind\n|move|p1a: Floette|Light of Ruin|p2a: Aggron\n|-resisted|p2a: Aggron|1\n|-damage|p2a: Aggron|16/100\n|-damage|p1a: Floette|2/100|[from] Recoil\n|move|p2a: Aggron|Body Slam|p1a: Floette\n|-damage|p1a: Floette|0 fnt\n|faint|p1a: Floette\n|\n|upkeep\n|\n|t:|1776478196\n|switch|p1a: Garchomp|Garchomp, L50, M|100/100\n|turn|7\n|\n|t:|1776478203\n|move|p2b: Rotom|Helping Hand|p2a: Aggron\n|-singleturn|p2a: Aggron|Helping Hand|[of] p2b: Rotom\n|move|p1b: Taylor Swift|Rock Slide|p2a: Aggron|[spread] p2a,p2b\n|-resisted|p2a: Aggron|1\n|-damage|p2a: Aggron|14/100\n|-damage|p2b: Rotom|72/100\n|move|p1a: Garchomp|Earthquake|p2a: Aggron|[spread] p2a\n|-immune|p1b: Taylor Swift\n|-immune|p2b: Rotom|[from] ability: Levitate\n|-supereffective|p2a: Aggron|1\n|-damage|p2a: Aggron|3/100\n|cant|p2a: Aggron|flinch\n|\n|upkeep\n|turn|8\n|-message|BopLOL forfeited.\n|\n|win|aaradox\n|raw|aaradox's rating: 1020 &rarr; <strong>1059</strong><br />(+39 for winning)\n|raw|BopLOL's rating: 1042 &rarr; <strong>1025</strong><br />(-17 for losing)\n|l|\u2606BopLOL\n|player|p2|\n|c|\u2606aaradox|yeah mb\n",
  "uploadtime": 1776478236,
  "views": 19,
  "formatid": "gen9championsvgc2026regma",
  "rating": 1025,
  "private": 0,
  "password": null
}