{
  "id": "gen9championsvgc2026regma-2582329130",
  "format": "[Gen 9 Champions] VGC 2026 Reg M-A",
  "players": [
    "icantmakenewmetas",
    "Drew-ish"
  ],
  "log": "|j|\u2606icantmakenewmetas\n|j|\u2606Drew-ish\n|t:|1776083816\n|gametype|doubles\n|player|p1|icantmakenewmetas|colress|1045\n|player|p2|Drew-ish|2|1017\n|gen|9\n|tier|[Gen 9 Champions] VGC 2026 Reg M-A\n|rated|\n|rule|Species Clause: Limit one of each Pok\u00e9mon\n|rule|Item Clause: Limit 1 of each item\n|clearpoke\n|poke|p1|Starmie, L50|\n|poke|p1|Rotom-Wash, L50|\n|poke|p1|Aegislash, L50, M|\n|poke|p1|Mamoswine, L50, F|\n|poke|p1|Talonflame, L50, F|\n|poke|p1|Tyranitar, L50, M|\n|poke|p2|Floette-Eternal, L50, F|\n|poke|p2|Kommo-o, L50, F|\n|poke|p2|Banette, L50, M|\n|poke|p2|Scizor, L50, M|\n|poke|p2|Altaria, L50, F|\n|poke|p2|Rotom-Heat, L50|\n|teampreview|4\n|\n|t:|1776083847\n|teamsize|p1|4\n|teamsize|p2|4\n|start\n|switch|p1a: Starmie|Starmie, L50|100/100\n|switch|p1b: Aegislash|Aegislash, L50, M|100/100\n|switch|p2a: Scizor|Scizor, L50, M|100/100\n|switch|p2b: Kommo-o|Kommo-o, L50, F|100/100\n|turn|1\n|inactive|Battle timer is ON: inactive players will automatically lose when time's up. (requested by icantmakenewmetas)\n|\n|t:|1776083874\n|switch|p1b: Talonflame|Talonflame, L50, F|100/100\n|detailschange|p1a: Starmie|Starmie-Mega, L50\n|-mega|p1a: Starmie|Starmie|Starminite\n|move|p1a: Starmie|Zen Headbutt|p2b: Kommo-o\n|-supereffective|p2b: Kommo-o|1\n|-damage|p2b: Kommo-o|0 fnt\n|faint|p2b: Kommo-o\n|move|p2a: Scizor|U-turn|p1a: Starmie\n|-supereffective|p1a: Starmie|1\n|-damage|p1a: Starmie|0 fnt\n|faint|p1a: Starmie\n|\n|t:|1776083888\n|switch|p2a: Banette|Banette, L50, M, shiny|100/100|[from] U-turn\n|-item|p1b: Talonflame|Mental Herb|[from] ability: Frisk|[of] p2a: Banette\n|\n|upkeep\n|\n|t:|1776083904\n|switch|p1a: Tyranitar|Tyranitar, L50, M|100/100\n|switch|p2b: Floette|Floette-Eternal, L50, F|100/100\n|-weather|Sandstorm|[from] ability: Sand Stream|[of] p1a: Tyranitar\n|turn|2\n|inactive|Drew-ish has 30 seconds left.\n|inactive|icantmakenewmetas has 30 seconds left.\n|inactive|Drew-ish has 20 seconds left.\n|inactive|Drew-ish has 15 seconds left.\n|inactive|Drew-ish has 10 seconds left.\n|inactive|Drew-ish has 5 seconds left.\n|\n|t:|1776083958\n|switch|p1a: Aegislash|Aegislash, L50, M|100/100\n|detailschange|p2a: Banette|Banette-Mega, L50, M, shiny\n|-mega|p2a: Banette|Banette|Banettite\n|move|p2a: Banette|Shadow Sneak|p1b: Talonflame\n|-damage|p1b: Talonflame|74/100\n|move|p2b: Floette|Moonblast|p1a: Aegislash\n|-resisted|p1a: Aegislash|1\n|-damage|p1a: Aegislash|86/100\n|move|p1b: Talonflame|Will-O-Wisp|p2a: Banette\n|-status|p2a: Banette|brn\n|\n|-weather|Sandstorm|[upkeep]\n|-damage|p2b: Floette|94/100|[from] Sandstorm\n|-damage|p1b: Talonflame|68/100|[from] Sandstorm\n|-damage|p2a: Banette|95/100 brn|[from] Sandstorm\n|-damage|p2a: Banette|89/100 brn|[from] brn\n|upkeep\n|turn|3\n|\n|t:|1776083979\n|move|p2a: Banette|Shadow Sneak|p1a: Aegislash\n|-supereffective|p1a: Aegislash|1\n|-damage|p1a: Aegislash|68/100\n|move|p2b: Floette|Moonblast|p1b: Talonflame\n|-resisted|p1b: Talonflame|1\n|-damage|p1b: Talonflame|36/100\n|move|p1b: Talonflame|Tailwind|p1b: Talonflame\n|-sidestart|p1: icantmakenewmetas|move: Tailwind\n|-formechange|p1a: Aegislash|Aegislash-Blade|\n|move|p1a: Aegislash|Flash Cannon|p2b: Floette\n|-supereffective|p2b: Floette|1\n|-damage|p2b: Floette|18/100\n|\n|-weather|Sandstorm|[upkeep]\n|-damage|p1b: Talonflame|30/100|[from] Sandstorm\n|-damage|p2b: Floette|12/100|[from] Sandstorm\n|-damage|p2a: Banette|83/100 brn|[from] Sandstorm\n|-damage|p2a: Banette|77/100 brn|[from] brn\n|upkeep\n|turn|4\n|\n|t:|1776084000\n|switch|p1b: Tyranitar|Tyranitar, L50, M|100/100\n|-formechange|p1a: Aegislash|Aegislash|\n|move|p1a: Aegislash|King's Shield|p1a: Aegislash\n|-singleturn|p1a: Aegislash|Protect\n|move|p2a: Banette|Shadow Sneak|p1a: Aegislash\n|-activate|p1a: Aegislash|move: Protect\n|-unboost|p2a: Banette|atk|1\n|move|p2b: Floette|Moonblast|p1b: Tyranitar\n|-supereffective|p1b: Tyranitar|1\n|-damage|p1b: Tyranitar|36/100\n|\n|-weather|Sandstorm|[upkeep]\n|-damage|p2b: Floette|6/100|[from] Sandstorm\n|-damage|p2a: Banette|71/100 brn|[from] Sandstorm\n|-damage|p2a: Banette|65/100 brn|[from] brn\n|upkeep\n|turn|5\n|\n|t:|1776084021\n|switch|p2a: Scizor|Scizor, L50, M|100/100\n|move|p1b: Tyranitar|Rock Slide|p2b: Floette|[spread] p2a,p2b\n|-damage|p2a: Scizor|61/100\n|-damage|p2b: Floette|0 fnt\n|faint|p2b: Floette\n|-formechange|p1a: Aegislash|Aegislash-Blade|\n|move|p1a: Aegislash|Shadow Ball|p2a: Scizor\n|-damage|p2a: Scizor|3/100\n|\n|-weather|Sandstorm|[upkeep]\n|upkeep\n|\n|t:|1776084032\n|switch|p2b: Banette|Banette-Mega, L50, M, shiny|65/100 brn\n|turn|6\n|\n|t:|1776084041\n|switch|p1b: Talonflame|Talonflame, L50, F|30/100\n|-formechange|p1a: Aegislash|Aegislash|\n|move|p1a: Aegislash|King's Shield|p1a: Aegislash\n|-singleturn|p1a: Aegislash|Protect\n|move|p2a: Scizor|Bullet Punch|p1b: Talonflame\n|-resisted|p1b: Talonflame|1\n|-damage|p1b: Talonflame|9/100\n|move|p2b: Banette|Shadow Sneak|p1a: Aegislash\n|-activate|p1a: Aegislash|move: Protect\n|-unboost|p2b: Banette|atk|1\n|\n|-weather|none\n|-damage|p2b: Banette|60/100 brn|[from] brn\n|-sideend|p1: icantmakenewmetas|move: Tailwind\n|upkeep\n|turn|7\n|\n|t:|1776084059\n|move|p1b: Talonflame|Upper Hand|p2a: Scizor\n|-damage|p2a: Scizor|0 fnt\n|faint|p2a: Scizor\n|move|p2b: Banette|Shadow Sneak|p1a: Aegislash\n|-supereffective|p1a: Aegislash|1\n|-damage|p1a: Aegislash|57/100\n|-formechange|p1a: Aegislash|Aegislash-Blade|\n|move|p1a: Aegislash|Shadow Ball|p2b: Banette\n|-supereffective|p2b: Banette|1\n|-damage|p2b: Banette|0 fnt\n|faint|p2b: Banette\n|\n|win|icantmakenewmetas\n|raw|icantmakenewmetas's rating: 1045 &rarr; <strong>1076</strong><br />(+31 for winning)\n|raw|Drew-ish's rating: 1017 &rarr; <strong>1005</strong><br />(-12 for losing)\n|l|\u2606Drew-ish\n|player|p2|\n",
  "uploadtime": 1776084071,
  "views": 13,
  "formatid": "gen9championsvgc2026regma",
  "rating": 1005,
  "private": 0,
  "password": null
}