{
  "id": "gen9championsvgc2026regma-2582581226",
  "format": "[Gen 9 Champions] VGC 2026 Reg M-A",
  "players": [
    "oreo_stars",
    "magicalarcher57"
  ],
  "log": "|j|\u2606oreo_stars\n|j|\u2606magicalarcher57\n|t:|1776100700\n|gametype|doubles\n|player|p1|oreo_stars|169|\n|player|p2|magicalarcher57|cynthia-masters4|\n|gen|9\n|tier|[Gen 9 Champions] VGC 2026 Reg M-A\n|rated|Tournament battle\n|rule|Species Clause: Limit one of each Pok\u00e9mon\n|rule|Item Clause: Limit 1 of each item\n|raw|<div class=\"infobox\"><details class=\"readmore\" open><summary><strong>1 custom rule:</strong></summary> Force Open Team Sheets</details></div>\n|clearpoke\n|poke|p1|Farigiraf, L50, M|\n|poke|p1|Camerupt, L50, M|\n|poke|p1|Maushold-Four, L50|\n|poke|p1|Sylveon, L50, F|\n|poke|p1|Kingambit, L50, F|\n|poke|p1|Dragonite, L50, M|\n|poke|p2|Kangaskhan, L50, F|\n|poke|p2|Farigiraf, L50, F|\n|poke|p2|Basculegion, L50, M|\n|poke|p2|Talonflame, L50, F|\n|poke|p2|Sneasler, L50, M|\n|poke|p2|Charizard, L50, M|\n|teampreview|4\n|showteam|p1|Farigiraf||SitrusBerry|ArmorTail|HyperVoice,Psychic,TrickRoom,Protect|||M|||50|]Camerupt||Cameruptite|MagmaArmor|Eruption,EarthPower,HeatWave,Protect|||M|||50|]Maushold-Four||FocusSash|FriendGuard|SuperFang,FollowMe,Uturn,AfterYou||||||50|]Sylveon||FairyFeather|Pixilate|HyperVoice,HyperBeam,QuickAttack,Protect|||F|||50|]Kingambit||ChopleBerry|Defiant|KowtowCleave,SuckerPunch,IronHead,LowKick|||F|||50|]Dragonite||WhiteHerb|Multiscale|DragonClaw,ThunderPunch,LowKick,ExtremeSpeed|||M|||50|\n|showteam|p2|Kangaskhan||Kangaskhanite|Scrappy|FakeOut,HammerArm,DoubleEdge,Crunch|||F|||50|]Farigiraf||ColburBerry|ArmorTail|ShadowBall,HyperVoice,TrickRoom,Psychic|||F|||50|]Basculegion||MysticWater|Adaptability|WaveCrash,LastRespects,AquaJet,Protect|||M|||50|]Talonflame||SharpBeak|GaleWings|Tailwind,Taunt,BraveBird,FlareBlitz|||F|||50|]Sneasler||FocusSash|Unburden|FakeOut,CloseCombat,DireClaw,Protect|||M|||50|]Charizard||CharizarditeY|SolarPower|HeatWave,Protect,SolarBeam,Overheat|||M|||50|\n|inactive|Battle timer is ON: inactive players will automatically lose when time's up. (requested by oreo_stars)\n|c|\u2606magicalarcher57|glhf\n|c|\u2606oreo_stars|1am gang\n|c|\u2606oreo_stars|glhf\n|c|\u2606magicalarcher57|loll\n|j| DEAD_BURG\n|inactive|oreo_stars has 60 seconds left.\n|inactive|oreo_stars has 30 seconds left.\n|\n|t:|1776100769\n|teamsize|p1|4\n|teamsize|p2|4\n|start\n|switch|p1a: Farigiraf|Farigiraf, L50, M|100/100\n|switch|p1b: Maushold|Maushold-Four, L50|100/100\n|switch|p2a: Talonflame|Talonflame, L50, F, shiny|100/100\n|switch|p2b: Charizard|Charizard, L50, M, shiny|100/100\n|turn|1\n|j| knoxxzeta\n|inactive|magicalarcher57 has 30 seconds left.\n|\n|t:|1776100801\n|detailschange|p2b: Charizard|Charizard-Mega-Y, L50, M, shiny\n|-mega|p2b: Charizard|Charizard|Charizardite Y\n|-weather|SunnyDay|[from] ability: Drought|[of] p2b: Charizard\n|move|p1b: Maushold|Follow Me|p1b: Maushold\n|-singleturn|p1b: Maushold|move: Follow Me\n|move|p2a: Talonflame|Taunt|p1b: Maushold\n|-start|p1b: Maushold|move: Taunt\n|move|p2b: Charizard|Heat Wave|p1b: Maushold|[spread] p1a\n|-miss|p2b: Charizard|p1b: Maushold\n|-damage|p1a: Farigiraf|54/100\n|move|p1a: Farigiraf|Trick Room|p1a: Farigiraf\n|-fieldstart|move: Trick Room|[of] p1a: Farigiraf\n|\n|-weather|SunnyDay|[upkeep]\n|upkeep\n|turn|2\n|inactive|oreo_stars has 30 seconds left.\n|\n|t:|1776100834\n|switch|p2a: Basculegion|Basculegion, L50, M, shiny|100/100\n|move|p1a: Farigiraf|Protect|p1a: Farigiraf\n|-singleturn|p1a: Farigiraf|Protect\n|move|p2b: Charizard|Heat Wave|p1b: Maushold|[spread] p1b\n|-activate|p1a: Farigiraf|move: Protect\n|-damage|p1b: Maushold|22/100\n|move|p1b: Maushold|Super Fang|p2a: Basculegion\n|-immune|p2a: Basculegion\n|\n|-weather|SunnyDay|[upkeep]\n|upkeep\n|turn|3\n|j| ido1234567890\n|\n|t:|1776100853\n|move|p1a: Farigiraf|Protect|p1a: Farigiraf\n|-singleturn|p1a: Farigiraf|Protect\n|move|p2a: Basculegion|Wave Crash|p1b: Maushold\n|-damage|p1b: Maushold|0 fnt\n|faint|p1b: Maushold\n|-damage|p2a: Basculegion|95/100|[from] Recoil\n|move|p2b: Charizard|Heat Wave|p1a: Farigiraf\n|-activate|p1a: Farigiraf|move: Protect\n|\n|-weather|SunnyDay|[upkeep]\n|upkeep\n|j| hesolk\n|c|\u2606magicalarcher57|dammit\n|\n|t:|1776100866\n|switch|p1b: Dragonite|Dragonite, L50, M|100/100\n|turn|4\n|inactive|magicalarcher57 has 30 seconds left.\n|\n|t:|1776100896\n|move|p1a: Farigiraf|Psychic|p2b: Charizard\n|-damage|p2b: Charizard|59/100\n|-unboost|p2b: Charizard|spd|1\n|move|p2a: Basculegion|Last Respects|p1b: Dragonite\n|-damage|p1b: Dragonite|84/100\n|move|p1b: Dragonite|Thunder Punch|p2a: Basculegion\n|-supereffective|p2a: Basculegion|1\n|-damage|p2a: Basculegion|32/100\n|move|p2b: Charizard|Heat Wave|p1b: Dragonite|[spread] p1b\n|-miss|p2b: Charizard|p1a: Farigiraf\n|-resisted|p1b: Dragonite|1\n|-damage|p1b: Dragonite|57/100\n|-status|p1b: Dragonite|brn\n|\n|-weather|SunnyDay|[upkeep]\n|-damage|p1b: Dragonite|51/100 brn|[from] brn\n|upkeep\n|turn|5\n|inactive|oreo_stars has 30 seconds left.\n|inactive|oreo_stars has 20 seconds left.\n|inactive|oreo_stars has 15 seconds left.\n|l| hesolk\n|\n|t:|1776100940\n|move|p1a: Farigiraf|Psychic|p2a: Basculegion\n|-damage|p2a: Basculegion|0 fnt\n|faint|p2a: Basculegion\n|move|p1b: Dragonite|Thunder Punch|p2b: Charizard\n|-supereffective|p2b: Charizard|1\n|-damage|p2b: Charizard|20/100\n|move|p2b: Charizard|Heat Wave|p1a: Farigiraf|[spread] p1b\n|-miss|p2b: Charizard|p1a: Farigiraf\n|-resisted|p1b: Dragonite|1\n|-damage|p1b: Dragonite|21/100 brn\n|\n|-weather|none\n|-damage|p1b: Dragonite|15/100 brn|[from] brn\n|-fieldend|move: Trick Room\n|upkeep\n|inactive|magicalarcher57 has 30 seconds left.\n|\n|t:|1776100966\n|switch|p2a: Sneasler|Sneasler, L50, M, shiny|100/100\n|turn|6\n|\n|t:|1776100974\n|move|p2a: Sneasler|Close Combat|p1a: Farigiraf\n|-damage|p1a: Farigiraf|0 fnt\n|-unboost|p2a: Sneasler|def|1\n|-unboost|p2a: Sneasler|spd|1\n|faint|p1a: Farigiraf\n|move|p2b: Charizard|Heat Wave|p1b: Dragonite\n|-resisted|p1b: Dragonite|1\n|-damage|p1b: Dragonite|0 fnt\n|faint|p1b: Dragonite\n|\n|upkeep\n|\n|t:|1776100978\n|switch|p1b: Camerupt|Camerupt, L50, M|100/100\n|turn|7\n|c|\u2606oreo_stars|gg\n|\n|t:|1776100985\n|switch|p2b: Talonflame|Talonflame, L50, F, shiny|100/100\n|detailschange|p1b: Camerupt|Camerupt-Mega, L50, M\n|-mega|p1b: Camerupt|Camerupt|Cameruptite\n|move|p2a: Sneasler|Close Combat|p1b: Camerupt\n|-damage|p1b: Camerupt|29/100\n|-unboost|p2a: Sneasler|def|1\n|-unboost|p2a: Sneasler|spd|1\n|move|p1b: Camerupt|Heat Wave|p2a: Sneasler|[spread] p2a,p2b\n|-resisted|p2b: Talonflame|1\n|-enditem|p2a: Sneasler|Focus Sash\n|-damage|p2a: Sneasler|1/100\n|-damage|p2b: Talonflame|58/100\n|\n|upkeep\n|turn|8\n|c|\u2606magicalarcher57|gg\n|\n|t:|1776100989\n|move|p2a: Sneasler|Close Combat|p1b: Camerupt\n|-damage|p1b: Camerupt|0 fnt\n|-unboost|p2a: Sneasler|def|1\n|-unboost|p2a: Sneasler|spd|1\n|faint|p1b: Camerupt\n|\n|win|magicalarcher57\n|n|\u2606oreo_stars|oreostars\n|n|\u2606magicalarcher57|magicalarcher57\n|n| DEAD_BURG|deadburg\n|n| knoxxzeta|knoxxzeta\n|n| ido1234567890|ido1234567890\n",
  "uploadtime": 1776100990,
  "views": 8,
  "formatid": "gen9championsvgc2026regma",
  "rating": null,
  "private": 0,
  "password": null
}