{
  "id": "gen9championsvgc2026regma-2587419950",
  "format": "[Gen 9 Champions] VGC 2026 Reg M-A",
  "players": [
    "xyonsmurf",
    "notchopsticks"
  ],
  "log": "|j|\u2606xyonsmurf\n|j|\u2606notchopsticks\n|t:|1776530283\n|gametype|doubles\n|player|p1|xyonsmurf|giovanni-masters|1083\n|player|p2|notchopsticks|teamrocket|1000\n|gen|9\n|tier|[Gen 9 Champions] VGC 2026 Reg M-A\n|rated|\n|rule|Species Clause: Limit one of each Pok\u00e9mon\n|rule|Item Clause: Limit 1 of each item\n|clearpoke\n|poke|p1|Basculegion, L50, M|\n|poke|p1|Volcarona, L50, M|\n|poke|p1|Incineroar, L50, F|\n|poke|p1|Farigiraf, L50, F|\n|poke|p1|Ninetales-Alola, L50, M|\n|poke|p1|Floette-Eternal, L50, F|\n|poke|p2|Gengar, L50, F|\n|poke|p2|Incineroar, L50, F|\n|poke|p2|Sneasler, L50, M|\n|poke|p2|Kangaskhan, L50, F|\n|poke|p2|Pelipper, L50, M|\n|poke|p2|Basculegion, L50, M|\n|teampreview|4\nnotchopsticks rejected open team sheets.\n|inactive|Battle timer is ON: inactive players will automatically lose when time's up. (requested by notchopsticks)\n|inactive|xyonsmurf has 60 seconds left.\n|inactive|xyonsmurf has 30 seconds left.\n|inactive|xyonsmurf has 20 seconds left.\n|inactive|xyonsmurf has 15 seconds left.\n|\n|t:|1776530369\n|teamsize|p1|4\n|teamsize|p2|4\n|start\n|switch|p1a: Incineroar|Incineroar, L50, F|100/100\n|switch|p1b: Ninetales|Ninetales-Alola, L50, M|100/100\n|switch|p2a: Kangaskhan|Kangaskhan, L50, F|100/100\n|switch|p2b: Gengar|Gengar, L50, F|100/100\n|-weather|Snowscape|[from] ability: Snow Warning|[of] p1b: Ninetales\n|-ability|p1a: Incineroar|Intimidate|boost\n|-fail|p2a: Kangaskhan|unboost|Attack|[from] ability: Scrappy|[of] p2a: Kangaskhan\n|-unboost|p2b: Gengar|atk|1\n|turn|1\n|inactive|xyonsmurf has 30 seconds left.\n|inactive|notchopsticks has 30 seconds left.\n|inactive|notchopsticks has 20 seconds left.\n|\n|t:|1776530408\n|switch|p2b: Incineroar|Incineroar, L50, F|100/100\n|-ability|p2b: Incineroar|Intimidate|boost\n|-unboost|p1a: Incineroar|atk|1\n|-unboost|p1b: Ninetales|atk|1\n|move|p2a: Kangaskhan|Fake Out|p1a: Incineroar\n|-damage|p1a: Incineroar|86/100\n|cant|p1a: Incineroar|flinch\n|move|p1b: Ninetales|Icy Wind|p2b: Incineroar|[spread] p2a\n|-miss|p1b: Ninetales|p2b: Incineroar\n|-damage|p2a: Kangaskhan|80/100\n|-unboost|p2a: Kangaskhan|spe|1\n|\n|-weather|Snowscape|[upkeep]\n|-heal|p1a: Incineroar|92/100|[from] item: Leftovers\n|upkeep\n|turn|2\n|\n|t:|1776530424\n|switch|p1b: Volcarona|Volcarona, L50, M|100/100\n|move|p2a: Kangaskhan|Protect|p2a: Kangaskhan\n|-singleturn|p2a: Kangaskhan|Protect\n|move|p2b: Incineroar|Fake Out|p1a: Incineroar\n|-damage|p1a: Incineroar|83/100\n|cant|p1a: Incineroar|flinch\n|\n|-weather|Snowscape|[upkeep]\n|-heal|p1a: Incineroar|89/100|[from] item: Leftovers\n|upkeep\n|turn|3\n|\n|t:|1776530446\n|move|p1b: Volcarona|Tailwind|p1b: Volcarona\n|-sidestart|p1: xyonsmurf|move: Tailwind\n|move|p1a: Incineroar|Parting Shot|p2a: Kangaskhan\n|-unboost|p2a: Kangaskhan|atk|1\n|-unboost|p2a: Kangaskhan|spa|1\n|\n|t:|1776530452\n|switch|p1a: Floette|Floette-Eternal, L50, F|100/100|[from] Parting Shot\n|move|p2b: Incineroar|Parting Shot|p1a: Floette\n|-unboost|p1a: Floette|atk|1\n|-unboost|p1a: Floette|spa|1\n|\n|t:|1776530459\n|switch|p2b: Gengar|Gengar, L50, F|100/100|[from] Parting Shot\n|move|p2a: Kangaskhan|Brick Break|p1a: Floette\n|-resisted|p1a: Floette|1\n|-damage|p1a: Floette|89/100\n|\n|-weather|Snowscape|[upkeep]\n|upkeep\n|turn|4\n|\n|t:|1776530482\n|switch|p1a: Incineroar|Incineroar, L50, F|89/100\n|-ability|p1a: Incineroar|Intimidate|boost\n|-fail|p2a: Kangaskhan|unboost|Attack|[from] ability: Scrappy|[of] p2a: Kangaskhan\n|-unboost|p2b: Gengar|atk|1\n|detailschange|p2b: Gengar|Gengar-Mega, L50, F\n|-mega|p2b: Gengar|Gengar|Gengarite\n|move|p2a: Kangaskhan|Protect|p2a: Kangaskhan\n|-singleturn|p2a: Kangaskhan|Protect\n|move|p1b: Volcarona|Overheat|p2b: Gengar\n|-damage|p2b: Gengar|27/100\n|-unboost|p1b: Volcarona|spa|2\n|move|p2b: Gengar|Perish Song|p2b: Gengar\n|-start|p1a: Incineroar|perish3|[silent]\n|-start|p1b: Volcarona|perish3|[silent]\n|-start|p2a: Kangaskhan|perish3|[silent]\n|-start|p2b: Gengar|perish3|[silent]\n|-fieldactivate|move: Perish Song\n|\n|-weather|Snowscape|[upkeep]\n|-heal|p1a: Incineroar|95/100|[from] item: Leftovers\n|-start|p1b: Volcarona|perish3\n|-start|p2b: Gengar|perish3\n|-start|p1a: Incineroar|perish3\n|-start|p2a: Kangaskhan|perish3\n|upkeep\n|turn|5\n|inactive|notchopsticks has 30 seconds left.\n|inactive|xyonsmurf has 30 seconds left.\n|inactive|notchopsticks has 20 seconds left.\n|inactive|xyonsmurf has 20 seconds left.\n|inactive|notchopsticks has 15 seconds left.\n|\n|t:|1776530526\n|switch|p2a: Incineroar|Incineroar, L50, F|100/100\n|-ability|p2a: Incineroar|Intimidate|boost\n|-unboost|p1a: Incineroar|atk|1\n|-unboost|p1b: Volcarona|atk|1\n|move|p2b: Gengar|Protect|p2b: Gengar\n|-singleturn|p2b: Gengar|Protect\n|move|p1b: Volcarona|Struggle Bug|p2a: Incineroar|[spread] p2a\n|-activate|p2b: Gengar|move: Protect\n|-damage|p2a: Incineroar|93/100\n|-unboost|p2a: Incineroar|spa|1\n|move|p1a: Incineroar|Darkest Lariat|p2b: Gengar\n|-activate|p2b: Gengar|move: Protect\n|\n|-weather|none\n|-heal|p1a: Incineroar|100/100|[from] item: Leftovers\n|-start|p1b: Volcarona|perish2\n|-start|p2b: Gengar|perish2\n|-start|p1a: Incineroar|perish2\n|upkeep\n|turn|6\n|inactive|notchopsticks has 30 seconds left.\n|\n|t:|1776530555\n|move|p2a: Incineroar|Fake Out|p1a: Incineroar\n|-damage|p1a: Incineroar|92/100\n|move|p1b: Volcarona|Overheat|p2b: Gengar\n|-damage|p2b: Gengar|0 fnt\n|-unboost|p1b: Volcarona|spa|2\n|faint|p2b: Gengar\n|cant|p1a: Incineroar|flinch\n|\n|-heal|p1a: Incineroar|98/100|[from] item: Leftovers\n|-start|p1b: Volcarona|perish1\n|-start|p1a: Incineroar|perish1\n|-sideend|p1: xyonsmurf|move: Tailwind\n|upkeep\n|\n|t:|1776530567\n|switch|p2b: Kangaskhan|Kangaskhan, L50, F|80/100\n|turn|7\n|\n|t:|1776530584\n|switch|p1b: Floette|Floette-Eternal, L50, F|89/100\n|switch|p1a: Ninetales|Ninetales-Alola, L50, M|100/100\n|-weather|Snowscape|[from] ability: Snow Warning|[of] p1a: Ninetales\n|move|p2b: Kangaskhan|Double-Edge|p1b: Floette\n|-damage|p1b: Floette|9/100\n|-damage|p2b: Kangaskhan|58/100|[from] Recoil\n|move|p2a: Incineroar|Parting Shot|p1a: Ninetales\n|-unboost|p1a: Ninetales|atk|1\n|-unboost|p1a: Ninetales|spa|1\n|\n|t:|1776530596\n|switch|p2a: Sneasler|Sneasler, L50, M|100/100|[from] Parting Shot\n|\n|-weather|Snowscape|[upkeep]\n|upkeep\n|turn|8\n|\n|t:|1776530605\n|switch|p1a: Volcarona|Volcarona, L50, M|100/100\n|detailschange|p1b: Floette|Floette-Mega, L50, F\n|-mega|p1b: Floette|Floette|Floettite\n|-ability|p1b: Floette|Fairy Aura\n|move|p1b: Floette|Protect|p1b: Floette\n|-singleturn|p1b: Floette|Protect\n|move|p2b: Kangaskhan|Protect|p2b: Kangaskhan\n|-singleturn|p2b: Kangaskhan|Protect\n|move|p2a: Sneasler|Fake Out|p1b: Floette\n|-activate|p1b: Floette|move: Protect\n|\n|-weather|Snowscape|[upkeep]\n|upkeep\n|turn|9\n|\n|t:|1776530626\n|move|p1a: Volcarona|Rage Powder|p1a: Volcarona\n|-singleturn|p1a: Volcarona|move: Rage Powder\n|move|p2a: Sneasler|Poison Jab|p1a: Volcarona\n|-damage|p1a: Volcarona|53/100\n|-status|p2a: Sneasler|brn|[from] ability: Flame Body|[of] p1a: Volcarona\n|-status|p1a: Volcarona|psn|[from] ability: Poison Touch|[of] p2a: Sneasler\n|move|p1b: Floette|Dazzling Gleam|p2b: Kangaskhan|[spread] p2a,p2b\n|-damage|p2a: Sneasler|35/100 brn\n|-damage|p2b: Kangaskhan|0 fnt\n|faint|p2b: Kangaskhan\n|\n|-weather|Snowscape|[upkeep]\n|-heal|p2a: Sneasler|40/100 brn|[from] item: Leftovers\n|-damage|p1a: Volcarona|41/100 psn|[from] psn\n|-damage|p2a: Sneasler|35/100 brn|[from] brn\n|upkeep\n|-enditem|p1a: Volcarona|Sitrus Berry|[eat]\n|-heal|p1a: Volcarona|66/100 psn|[from] item: Sitrus Berry\n|\n|t:|1776530635\n|switch|p2b: Incineroar|Incineroar, L50, F|93/100\n|-ability|p2b: Incineroar|Intimidate|boost\n|-unboost|p1a: Volcarona|atk|1\n|-unboost|p1b: Floette|atk|1\n|turn|10\n|inactive|notchopsticks has 30 seconds left.\n|\n|t:|1776530662\n|move|p1b: Floette|Protect|p1b: Floette\n|-singleturn|p1b: Floette|Protect\n|move|p2b: Incineroar|Fake Out|p1b: Floette\n|-activate|p1b: Floette|move: Protect\n|move|p2a: Sneasler|Poison Jab|p1a: Volcarona\n|-damage|p1a: Volcarona|43/100 psn\n|move|p1a: Volcarona|Overheat|p2a: Sneasler\n|-damage|p2a: Sneasler|0 fnt\n|-unboost|p1a: Volcarona|spa|2\n|faint|p2a: Sneasler\n|\n|-weather|Snowscape|[upkeep]\n|-damage|p1a: Volcarona|31/100 psn|[from] psn\n|upkeep\n|turn|11\n|-message|notchopsticks forfeited.\n|\n|win|xyonsmurf\n|raw|xyonsmurf's rating: 1083 &rarr; <strong>1104</strong><br />(+21 for winning)\n|raw|notchopsticks's rating: 1000 &rarr; <strong>1000</strong><br />(+0 for losing)\n|l|\u2606notchopsticks\n|player|p2|\n",
  "uploadtime": 1776530689,
  "views": 17,
  "formatid": "gen9championsvgc2026regma",
  "rating": 1000,
  "private": 0,
  "password": null
}