{
  "id": "gen9championsvgc2026regma-2583915467",
  "format": "[Gen 9 Champions] VGC 2026 Reg M-A",
  "players": [
    "totorules",
    "Zarato"
  ],
  "log": "|j|\u2606totorules\n|j|\u2606Zarato\n|t:|1776207962\n|gametype|doubles\n|player|p1|totorules|clown|1087\n|player|p2|Zarato|n|1044\n|gen|9\n|tier|[Gen 9 Champions] VGC 2026 Reg M-A\n|rated|\n|rule|Species Clause: Limit one of each Pok\u00e9mon\n|rule|Item Clause: Limit 1 of each item\n|clearpoke\n|poke|p1|Kangaskhan, L50, F|\n|poke|p1|Incineroar, L50, F|\n|poke|p1|Volcarona, L50, F|\n|poke|p1|Milotic, L50, M|\n|poke|p1|Kommo-o, L50, F|\n|poke|p1|Sinistcha, L50|\n|poke|p2|Weavile, L50, F|\n|poke|p2|Glaceon, L50, F|\n|poke|p2|Froslass, L50, F|\n|poke|p2|Incineroar, L50, F|\n|poke|p2|Sinistcha, L50|\n|poke|p2|Sneasler, L50, F|\n|teampreview|4\n|inactive|Battle timer is ON: inactive players will automatically lose when time's up. (requested by Zarato)\nZarato has agreed to open team sheets.\ntotorules has agreed to open team sheets.\n|showteam|p1|Kangaskhan||Kangaskhanite|EarlyBird|DoubleEdge,SuckerPunch,FakeOut,Protect|||F|||50|]Incineroar||ChopleBerry|Intimidate|FlareBlitz,ThroatChop,FakeOut,PartingShot|||F|||50|]Volcarona||ChartiBerry|FlameBody|Overheat,StruggleBug,Tailwind,RagePowder|||F|||50|]Milotic||LumBerry|Competitive|Scald,IcyWind,HelpingHand,LifeDew|||M|||50|]Kommo-o||Leftovers|Soundproof|ClangingScales,AuraSphere,ClangorousSoul,Protect|||F|||50|]Sinistcha||SitrusBerry|Hospitality|MatchaGotcha,LifeDew,RagePowder,Protect||||||50|\n|showteam|p2|Weavile||FocusSash|Pressure|IceShard,KnockOff,FakeOut,IcicleCrash|||F|||50|]Glaceon||BrightPowder|SnowCloak|IceBeam,Protect,Blizzard,ShadowBall|||F|||50|]Froslass||Froslassite|SnowCloak|Blizzard,ShadowBall,Protect,Thunderbolt|||F|||50|]Incineroar||ChopleBerry|Intimidate|FakeOut,FlareBlitz,ThroatChop,PartingShot|||F|||50|]Sinistcha||ColburBerry|Heatproof|MatchaGotcha,ShadowBall,TrickRoom,StrengthSap||||||50|]Sneasler||WhiteHerb|Unburden|DireClaw,CloseCombat,Protect,FakeOut|||F|||50|\n|inactive|totorules has 60 seconds left.\n|\n|t:|1776208003\n|teamsize|p1|4\n|teamsize|p2|4\n|start\n|switch|p1a: Incineroar|Incineroar, L50, F|100/100\n|switch|p1b: Volcarona|Volcarona, L50, F|100/100\n|switch|p2a: Sinistcha|Sinistcha, L50|100/100\n|switch|p2b: Froslass|Froslass, L50, F|100/100\n|-ability|p1a: Incineroar|Intimidate|boost\n|-unboost|p2a: Sinistcha|atk|1\n|-unboost|p2b: Froslass|atk|1\n|turn|1\n|\n|t:|1776208020\n|detailschange|p2b: Froslass|Froslass-Mega, L50, F\n|-mega|p2b: Froslass|Froslass|Froslassite\n|-weather|Snowscape|[from] ability: Snow Warning|[of] p2b: Froslass\n|move|p1b: Volcarona|Rage Powder|p1b: Volcarona\n|-singleturn|p1b: Volcarona|move: Rage Powder\n|move|p2b: Froslass|Blizzard|p1a: Incineroar|[spread] p1a,p1b\n|-resisted|p1a: Incineroar|1\n|-resisted|p1b: Volcarona|1\n|-damage|p1a: Incineroar|77/100\n|-damage|p1b: Volcarona|81/100\n|-status|p1a: Incineroar|frz\n|-curestatus|p1a: Incineroar|frz|[from] move: Flare Blitz\n|move|p1a: Incineroar|Flare Blitz|p2a: Sinistcha\n|-supereffective|p2a: Sinistcha|1\n|-damage|p2a: Sinistcha|53/100\n|-status|p2a: Sinistcha|brn\n|-damage|p1a: Incineroar|63/100|[from] Recoil\n|move|p2a: Sinistcha|Trick Room|p2a: Sinistcha\n|-fieldstart|move: Trick Room|[of] p2a: Sinistcha\n|\n|-weather|Snowscape|[upkeep]\n|-damage|p2a: Sinistcha|50/100 brn|[from] brn\n|upkeep\n|turn|2\n|inactive|Zarato has 30 seconds left.\n|inactive|Zarato has 20 seconds left.\n|inactive|Zarato has 15 seconds left.\n|\n|t:|1776208063\n|move|p2a: Sinistcha|Strength Sap|p1a: Incineroar\n|-unboost|p1a: Incineroar|atk|1\n|-heal|p2a: Sinistcha|100/100 brn\n|move|p1a: Incineroar|Parting Shot|p2b: Froslass\n|-unboost|p2b: Froslass|atk|1\n|-unboost|p2b: Froslass|spa|1\n|\n|t:|1776208070\n|switch|p1a: Milotic|Milotic, L50, M|100/100|[from] Parting Shot\n|move|p1b: Volcarona|Overheat|p2b: Froslass\n|-supereffective|p2b: Froslass|1\n|-damage|p2b: Froslass|0 fnt\n|-unboost|p1b: Volcarona|spa|2\n|faint|p2b: Froslass\n|\n|-weather|Snowscape|[upkeep]\n|-damage|p2a: Sinistcha|98/100 brn|[from] brn\n|upkeep\n|\n|t:|1776208080\n|switch|p2b: Glaceon|Glaceon, L50, F|100/100\n|turn|3\n|inactive|Zarato has 30 seconds left.\n|\n|t:|1776208107\n|move|p2a: Sinistcha|Matcha Gotcha|p1a: Milotic|[spread] p1b\n|-miss|p2a: Sinistcha|p1a: Milotic\n|-resisted|p1b: Volcarona|2\n|-damage|p1b: Volcarona|76/100\n|-heal|p2a: Sinistcha|100/100 brn|[from] drain|[of] p1b: Volcarona\n|move|p2b: Glaceon|Shadow Ball|p1b: Volcarona\n|-damage|p1b: Volcarona|48/100\n|move|p1a: Milotic|Life Dew||[still]|[spread] p1a,p1b\n|-fail|p1a: Milotic|heal\n|-heal|p1b: Volcarona|73/100\n|move|p1b: Volcarona|Struggle Bug|p2b: Glaceon|[spread] p2a,p2b\n|-damage|p2a: Sinistcha|93/100 brn\n|-damage|p2b: Glaceon|92/100\n|-unboost|p2a: Sinistcha|spa|1\n|-unboost|p2b: Glaceon|spa|1\n|\n|-weather|Snowscape|[upkeep]\n|-damage|p2a: Sinistcha|90/100 brn|[from] brn\n|upkeep\n|turn|4\n|inactive|Zarato has 30 seconds left.\n|\n|t:|1776208137\n|move|p2a: Sinistcha|Matcha Gotcha|p1a: Milotic|[spread] p1a,p1b\n|-supereffective|p1a: Milotic|1\n|-resisted|p1b: Volcarona|2\n|-damage|p1a: Milotic|76/100\n|-heal|p2a: Sinistcha|100/100 brn|[from] drain|[of] p1a: Milotic\n|-damage|p1b: Volcarona|70/100\n|-status|p1a: Milotic|brn\n|-enditem|p1a: Milotic|Lum Berry|[eat]\n|-curestatus|p1a: Milotic|brn|[msg]\n|move|p2b: Glaceon|Shadow Ball|p1b: Volcarona\n|-damage|p1b: Volcarona|51/100\n|move|p1a: Milotic|Life Dew|p1a: Milotic|[spread] p1a,p1b\n|-heal|p1a: Milotic|100/100\n|-heal|p1b: Volcarona|76/100\n|move|p1b: Volcarona|Struggle Bug|p2a: Sinistcha|[spread] p2a,p2b\n|-damage|p2a: Sinistcha|94/100 brn\n|-damage|p2b: Glaceon|82/100\n|-unboost|p2a: Sinistcha|spa|1\n|-unboost|p2b: Glaceon|spa|1\n|\n|-weather|Snowscape|[upkeep]\n|-damage|p2a: Sinistcha|91/100 brn|[from] brn\n|upkeep\n|turn|5\n|inactive|totorules has 30 seconds left.\n|\n|t:|1776208162\n|switch|p2a: Incineroar|Incineroar, L50, F|100/100\n|-ability|p2a: Incineroar|Intimidate|boost\n|-unboost|p1a: Milotic|atk|1\n|-ability|p1a: Milotic|Competitive|boost\n|-boost|p1a: Milotic|spa|2\n|-unboost|p1b: Volcarona|atk|1\n|switch|p1b: Kangaskhan|Kangaskhan, L50, F|100/100\n|move|p2b: Glaceon|Protect|p2b: Glaceon\n|-singleturn|p2b: Glaceon|Protect\n|move|p1a: Milotic|Icy Wind|p2b: Glaceon|[spread] p2a\n|-activate|p2b: Glaceon|move: Protect\n|-resisted|p2a: Incineroar|1\n|-damage|p2a: Incineroar|92/100\n|-unboost|p2a: Incineroar|spe|1\n|\n|-weather|none\n|-fieldend|move: Trick Room\n|upkeep\n|turn|6\n|\n|t:|1776208182\n|switch|p2b: Sinistcha|Sinistcha, L50|91/100 brn\n|move|p1b: Kangaskhan|Fake Out|p2a: Incineroar\n|-damage|p2a: Incineroar|75/100\n|cant|p2a: Incineroar|flinch\n|move|p1a: Milotic|Scald|p2a: Incineroar\n|-supereffective|p2a: Incineroar|1\n|-damage|p2a: Incineroar|0 fnt\n|faint|p2a: Incineroar\n|\n|-damage|p2b: Sinistcha|88/100 brn|[from] brn\n|upkeep\n|\n|t:|1776208191\n|switch|p2a: Glaceon|Glaceon, L50, F|82/100\n|turn|7\n|\n|t:|1776208202\n|move|p2a: Glaceon|Protect|p2a: Glaceon\n|-singleturn|p2a: Glaceon|Protect\n|move|p1b: Kangaskhan|Double-Edge|p2b: Sinistcha\n|-immune|p2b: Sinistcha\n|move|p1a: Milotic|Icy Wind|p2a: Glaceon|[spread] p2b\n|-activate|p2a: Glaceon|move: Protect\n|-supereffective|p2b: Sinistcha|1\n|-damage|p2b: Sinistcha|50/100 brn\n|-unboost|p2b: Sinistcha|spe|1\n|move|p2b: Sinistcha|Matcha Gotcha|p1b: Kangaskhan|[spread] p1a,p1b\n|-supereffective|p1a: Milotic|1\n|-damage|p1a: Milotic|65/100\n|-heal|p2b: Sinistcha|70/100 brn|[from] drain|[of] p1a: Milotic\n|-damage|p1b: Kangaskhan|74/100\n|-heal|p2b: Sinistcha|84/100 brn|[from] drain|[of] p1b: Kangaskhan\n|\n|-damage|p2b: Sinistcha|81/100 brn|[from] brn\n|upkeep\n|turn|8\n|\n|t:|1776208225\n|detailschange|p1b: Kangaskhan|Kangaskhan-Mega, L50, F\n|-mega|p1b: Kangaskhan|Kangaskhan|Kangaskhanite\n|move|p1b: Kangaskhan|Double-Edge|p2a: Glaceon|[miss]\n|-miss|p1b: Kangaskhan|p2a: Glaceon\n|move|p1a: Milotic|Icy Wind|p2a: Glaceon|[spread] p2a,p2b\n|-resisted|p2a: Glaceon|1\n|-supereffective|p2b: Sinistcha|1\n|-damage|p2a: Glaceon|72/100\n|-damage|p2b: Sinistcha|49/100 brn\n|-unboost|p2a: Glaceon|spe|1\n|-unboost|p2b: Sinistcha|spe|1\n|move|p2a: Glaceon|Ice Beam|p1a: Milotic\n|-resisted|p1a: Milotic|1\n|-damage|p1a: Milotic|47/100\n|move|p2b: Sinistcha|Strength Sap|p1b: Kangaskhan\n|-unboost|p1b: Kangaskhan|atk|1\n|-heal|p2b: Sinistcha|100/100 brn\n|\n|-damage|p2b: Sinistcha|98/100 brn|[from] brn\n|upkeep\n|turn|9\n|\n|t:|1776208247\n|switch|p1b: Volcarona|Volcarona, L50, F|76/100\n|move|p1a: Milotic|Life Dew|p1a: Milotic|[spread] p1a,p1b\n|-heal|p1a: Milotic|72/100\n|-heal|p1b: Volcarona|100/100\n|move|p2a: Glaceon|Shadow Ball|p1a: Milotic\n|-damage|p1a: Milotic|49/100\n|move|p2b: Sinistcha|Matcha Gotcha|p1b: Volcarona|[spread] p1a,p1b\n|-supereffective|p1a: Milotic|1\n|-resisted|p1b: Volcarona|2\n|-damage|p1a: Milotic|15/100\n|-heal|p2b: Sinistcha|100/100 brn|[from] drain|[of] p1a: Milotic\n|-damage|p1b: Volcarona|96/100\n|-status|p1a: Milotic|brn\n|\n|-damage|p1a: Milotic|9/100 brn|[from] brn\n|-damage|p2b: Sinistcha|98/100 brn|[from] brn\n|upkeep\n|turn|10\n|\n|t:|1776208274\n|move|p2a: Glaceon|Protect|p2a: Glaceon\n|-singleturn|p2a: Glaceon|Protect\n|move|p1b: Volcarona|Overheat|p2b: Sinistcha|[miss]\n|-miss|p1b: Volcarona|p2b: Sinistcha\n|move|p1a: Milotic|Life Dew|p1a: Milotic|[spread] p1a,p1b\n|-heal|p1a: Milotic|34/100 brn\n|-heal|p1b: Volcarona|100/100\n|move|p2b: Sinistcha|Trick Room|p2b: Sinistcha\n|-fieldstart|move: Trick Room|[of] p2b: Sinistcha\n|\n|-damage|p2b: Sinistcha|95/100 brn|[from] brn\n|-damage|p1a: Milotic|28/100 brn|[from] brn\n|upkeep\n|turn|11\n|\n|t:|1776208295\n|move|p1a: Milotic|Helping Hand|p1b: Volcarona\n|-singleturn|p1b: Volcarona|Helping Hand|[of] p1a: Milotic\n|move|p2b: Sinistcha|Matcha Gotcha|p1a: Milotic|[spread] p1a,p1b\n|-supereffective|p1a: Milotic|1\n|-resisted|p1b: Volcarona|2\n|-damage|p1a: Milotic|0 fnt\n|-heal|p2b: Sinistcha|100/100 brn|[from] drain|[of] p1a: Milotic\n|-damage|p1b: Volcarona|95/100\n|faint|p1a: Milotic\n|move|p2a: Glaceon|Shadow Ball|p1b: Volcarona\n|-damage|p1b: Volcarona|67/100\n|-unboost|p1b: Volcarona|spd|1\n|move|p1b: Volcarona|Overheat|p2b: Sinistcha\n|-supereffective|p2b: Sinistcha|1\n|-damage|p2b: Sinistcha|29/100 brn\n|-unboost|p1b: Volcarona|spa|2\n|\n|-damage|p2b: Sinistcha|26/100 brn|[from] brn\n|upkeep\n|\n|t:|1776208313\n|switch|p1a: Incineroar|Incineroar, L50, F|63/100\n|-ability|p1a: Incineroar|Intimidate|boost\n|-unboost|p2a: Glaceon|atk|1\n|-unboost|p2b: Sinistcha|atk|1\n|turn|12\n|\n|t:|1776208325\n|move|p2b: Sinistcha|Strength Sap|p1a: Incineroar\n|-unboost|p1a: Incineroar|atk|1\n|-heal|p2b: Sinistcha|100/100 brn\n|move|p2a: Glaceon|Shadow Ball|p1b: Volcarona\n|-damage|p1b: Volcarona|28/100\n|move|p1a: Incineroar|Flare Blitz|p2a: Glaceon|[miss]\n|-miss|p1a: Incineroar|p2a: Glaceon\n|move|p1b: Volcarona|Overheat|p2a: Glaceon\n|-supereffective|p2a: Glaceon|1\n|-damage|p2a: Glaceon|12/100\n|-unboost|p1b: Volcarona|spa|2\n|\n|-damage|p2b: Sinistcha|98/100 brn|[from] brn\n|upkeep\n|turn|13\n|inactive|Zarato has 30 seconds left.\n|\n|t:|1776208350\n|move|p2a: Glaceon|Protect|p2a: Glaceon\n|-singleturn|p2a: Glaceon|Protect\n|move|p2b: Sinistcha|Shadow Ball|p1b: Volcarona\n|-crit|p1b: Volcarona\n|-damage|p1b: Volcarona|0 fnt\n|faint|p1b: Volcarona\n|move|p1a: Incineroar|Flare Blitz|p2a: Glaceon\n|-activate|p2a: Glaceon|move: Protect\n|\n|-damage|p2b: Sinistcha|95/100 brn|[from] brn\n|upkeep\n|\n|t:|1776208353\n|switch|p1b: Kangaskhan|Kangaskhan-Mega, L50, F|74/100\n|turn|14\n|inactive|Zarato has 30 seconds left.\n|\n|t:|1776208389\n|move|p1b: Kangaskhan|Fake Out|p2a: Glaceon\n|-damage|p2a: Glaceon|0 fnt\n|faint|p2a: Glaceon\n|-hitcount|p2: Glaceon|1\n|move|p2b: Sinistcha|Shadow Ball|p1a: Incineroar\n|-resisted|p1a: Incineroar|1\n|-damage|p1a: Incineroar|49/100\n|move|p1a: Incineroar|Throat Chop|p2b: Sinistcha\n|-supereffective|p2b: Sinistcha|1\n|-enditem|p2b: Sinistcha|Colbur Berry|[eat]\n|-enditem|p2b: Sinistcha|Colbur Berry|[weaken]\n|-damage|p2b: Sinistcha|71/100 brn\n|-start|p2b: Sinistcha|Throat Chop|[silent]\n|\n|-damage|p2b: Sinistcha|68/100 brn|[from] brn\n|-fieldend|move: Trick Room\n|upkeep\n|turn|15\n|\n|t:|1776208409\n|move|p1b: Kangaskhan|Sucker Punch||[still]\n|-fail|p1b: Kangaskhan\n|move|p1a: Incineroar|Throat Chop|p2b: Sinistcha\n|-supereffective|p2b: Sinistcha|1\n|-damage|p2b: Sinistcha|25/100 brn\n|move|p2b: Sinistcha|Strength Sap|p1b: Kangaskhan\n|-unboost|p1b: Kangaskhan|atk|1\n|-heal|p2b: Sinistcha|100/100 brn\n|\n|-damage|p2b: Sinistcha|98/100 brn|[from] brn\n|-end|p2b: Sinistcha|Throat Chop|[silent]\n|upkeep\n|turn|16\n|\n|t:|1776208421\n|move|p1b: Kangaskhan|Sucker Punch||[still]\n|-fail|p1b: Kangaskhan\n|move|p1a: Incineroar|Throat Chop|p2b: Sinistcha\n|-supereffective|p2b: Sinistcha|1\n|-damage|p2b: Sinistcha|49/100 brn\n|-start|p2b: Sinistcha|Throat Chop|[silent]\n|move|p2b: Sinistcha|Strength Sap|p1a: Incineroar\n|-unboost|p1a: Incineroar|atk|1\n|-heal|p2b: Sinistcha|100/100 brn\n|\n|-damage|p2b: Sinistcha|98/100 brn|[from] brn\n|upkeep\n|turn|17\n|\n|t:|1776208438\n|move|p1b: Kangaskhan|Sucker Punch||[still]\n|-fail|p1b: Kangaskhan\n|move|p1a: Incineroar|Parting Shot|p2b: Sinistcha\n|-unboost|p2b: Sinistcha|atk|1\n|-unboost|p2b: Sinistcha|spa|1\n|move|p2b: Sinistcha|Trick Room|p2b: Sinistcha\n|-fieldstart|move: Trick Room|[of] p2b: Sinistcha\n|\n|-damage|p2b: Sinistcha|95/100 brn|[from] brn\n|-end|p2b: Sinistcha|Throat Chop|[silent]\n|upkeep\n|turn|18\n|\n|t:|1776208448\n|move|p1b: Kangaskhan|Sucker Punch||[still]\n|-fail|p1b: Kangaskhan\n|move|p2b: Sinistcha|Strength Sap|p1a: Incineroar\n|-unboost|p1a: Incineroar|atk|1\n|-heal|p2b: Sinistcha|100/100 brn\n|move|p1a: Incineroar|Parting Shot|p2b: Sinistcha\n|-unboost|p2b: Sinistcha|atk|1\n|-unboost|p2b: Sinistcha|spa|1\n|\n|-damage|p2b: Sinistcha|98/100 brn|[from] brn\n|upkeep\n|turn|19\n|\n|t:|1776208469\n|move|p1b: Kangaskhan|Sucker Punch||[still]\n|-fail|p1b: Kangaskhan\n|move|p2b: Sinistcha|Strength Sap|p1b: Kangaskhan\n|-unboost|p1b: Kangaskhan|atk|1\n|-heal|p2b: Sinistcha|100/100 brn\n|move|p1a: Incineroar|Parting Shot|p2b: Sinistcha\n|-unboost|p2b: Sinistcha|atk|1\n|-unboost|p2b: Sinistcha|spa|1\n|\n|-damage|p2b: Sinistcha|98/100 brn|[from] brn\n|upkeep\n|turn|20\n|\n|t:|1776208483\n|move|p1b: Kangaskhan|Sucker Punch|p2b: Sinistcha\n|-supereffective|p2b: Sinistcha|1\n|-crit|p2b: Sinistcha\n|-damage|p2b: Sinistcha|35/100 brn\n|-supereffective|p2b: Sinistcha|1\n|-damage|p2b: Sinistcha|29/100 brn\n|-hitcount|p2b: Sinistcha|2\n|move|p2b: Sinistcha|Shadow Ball|p1a: Incineroar\n|-resisted|p1a: Incineroar|1\n|-damage|p1a: Incineroar|42/100\n|move|p1a: Incineroar|Parting Shot|p2b: Sinistcha\n|-unboost|p2b: Sinistcha|atk|1\n|-unboost|p2b: Sinistcha|spa|1\n|\n|-damage|p2b: Sinistcha|26/100 brn|[from] brn\n|upkeep\n|turn|21\n|\n|t:|1776208496\n|move|p1b: Kangaskhan|Protect|p1b: Kangaskhan\n|-singleturn|p1b: Kangaskhan|Protect\n|move|p2b: Sinistcha|Strength Sap|p1b: Kangaskhan\n|-activate|p1b: Kangaskhan|move: Protect\n|move|p1a: Incineroar|Flare Blitz|p2b: Sinistcha\n|-supereffective|p2b: Sinistcha|1\n|-damage|p2b: Sinistcha|5/100 brn\n|-damage|p1a: Incineroar|35/100|[from] Recoil\n|\n|-damage|p2b: Sinistcha|2/100 brn|[from] brn\n|-fieldend|move: Trick Room\n|upkeep\n|turn|22\n|\n|t:|1776208509\n|move|p1b: Kangaskhan|Sucker Punch||[still]\n|-fail|p1b: Kangaskhan\n|move|p1a: Incineroar|Throat Chop|p2b: Sinistcha\n|-supereffective|p2b: Sinistcha|1\n|-damage|p2b: Sinistcha|0 fnt\n|faint|p2b: Sinistcha\n|\n|win|totorules\n|raw|totorules's rating: 1087 &rarr; <strong>1111</strong><br />(+24 for winning)\n|raw|Zarato's rating: 1044 &rarr; <strong>1029</strong><br />(-15 for losing)\n",
  "uploadtime": 1776208517,
  "views": 23,
  "formatid": "gen9championsvgc2026regma",
  "rating": 1029,
  "private": 0,
  "password": null
}