{
  "id": "gen9championsvgc2026regma-2588363569",
  "format": "[Gen 9 Champions] VGC 2026 Reg M-A",
  "players": [
    "Caligo33",
    "Machete521"
  ],
  "log": "|j|\u2606Caligo33\n|j|\u2606Machete521\n|t:|1776627330\n|gametype|doubles\n|player|p1|Caligo33|170|1142\n|player|p2|Machete521|169|1118\n|gen|9\n|tier|[Gen 9 Champions] VGC 2026 Reg M-A\n|rated|\n|rule|Species Clause: Limit one of each Pok\u00e9mon\n|rule|Item Clause: Limit 1 of each item\n|clearpoke\n|poke|p1|Gengar, L50, M, shiny|\n|poke|p1|Incineroar, L50, M|\n|poke|p1|Gallade, L50, M|\n|poke|p1|Araquanid, L50, M|\n|poke|p1|Dragonite, L50, F|\n|poke|p1|Corviknight, L50, M|\n|poke|p2|Ninetales-Alola, L50, M|\n|poke|p2|Froslass, L50, F|\n|poke|p2|Tauros-Paldea-Aqua, L50, M|\n|poke|p2|Farigiraf, L50, M|\n|poke|p2|Crabominable, L50, M|\n|poke|p2|Beartic, L50, F|\n|teampreview|4\nCaligo33 has agreed to open team sheets.\n|\n|t:|1776627371\n|teamsize|p1|4\n|teamsize|p2|4\n|start\n|switch|p1a: Incineroar|Incineroar, L50, M|100/100\n|switch|p1b: Araquanid|Araquanid, L50, M|100/100\n|switch|p2a: Farigiraf|Farigiraf, L50, M|100/100\n|switch|p2b: Crabominable|Crabominable, L50, M|100/100\n|-ability|p1a: Incineroar|Intimidate|boost\n|-unboost|p2a: Farigiraf|atk|1\n|-fail|p2b: Crabominable|unboost|Attack|[from] ability: Hyper Cutter|[of] p2b: Crabominable\n|turn|1\n|inactive|Battle timer is ON: inactive players will automatically lose when time's up. (requested by Caligo33)\n|\n|t:|1776627396\n|switch|p1a: Gengar|Gengar, L50, M, shiny|100/100\n|detailschange|p2b: Crabominable|Crabominable-Mega, L50, M\n|-mega|p2b: Crabominable|Crabominable|Crabominite\n|move|p2b: Crabominable|Protect|p2b: Crabominable\n|-singleturn|p2b: Crabominable|Protect\n|move|p1b: Araquanid|Liquidation|p2a: Farigiraf\n|-damage|p2a: Farigiraf|18/100\n|-unboost|p2a: Farigiraf|def|1\n|-enditem|p2a: Farigiraf|Sitrus Berry|[eat]\n|-heal|p2a: Farigiraf|43/100|[from] item: Sitrus Berry\n|move|p2a: Farigiraf|Trick Room|p2a: Farigiraf\n|-fieldstart|move: Trick Room|[of] p2a: Farigiraf\n|\n|upkeep\n|turn|2\n|inactive|Caligo33 has 30 seconds left.\n|inactive|Machete521 has 30 seconds left.\n|inactive|Machete521 has 20 seconds left.\n|\n|t:|1776627433\n|switch|p1a: Incineroar|Incineroar, L50, M|100/100\n|-ability|p1a: Incineroar|Intimidate|boost\n|-unboost|p2a: Farigiraf|atk|1\n|-unboost|p2b: Crabominable|atk|1\n|move|p2b: Crabominable|Ice Hammer|p1b: Araquanid\n|-resisted|p1b: Araquanid|1\n|-crit|p1b: Araquanid\n|-damage|p1b: Araquanid|35/100\n|-unboost|p2b: Crabominable|spe|1\n|move|p1b: Araquanid|Liquidation|p2b: Crabominable\n|-damage|p2b: Crabominable|46/100\n|move|p2a: Farigiraf|Twin Beam|p1a: Incineroar\n|-immune|p1a: Incineroar\n|\n|upkeep\n|turn|3\n|inactive|Caligo33 has 30 seconds left.\n|\n|t:|1776627463\n|move|p2b: Crabominable|Drain Punch|p1a: Incineroar\n|-supereffective|p1a: Incineroar|1\n|-crit|p1a: Incineroar\n|-damage|p1a: Incineroar|0 fnt\n|-heal|p2b: Crabominable|95/100|[from] drain|[of] p1a: Incineroar\n|faint|p1a: Incineroar\n|move|p1b: Araquanid|Liquidation|p2a: Farigiraf\n|-damage|p2a: Farigiraf|0 fnt\n|faint|p2a: Farigiraf\n|\n|upkeep\n|\n|t:|1776627476\n|switch|p2a: Tauros|Tauros-Paldea-Aqua, L50, M|100/100\n|switch|p1a: Gallade|Gallade, L50, M|100/100\n|-ability|p2a: Tauros|Intimidate|boost\n|-unboost|p1a: Gallade|atk|1\n|-unboost|p1b: Araquanid|atk|1\n|-enditem|p1a: Gallade|White Herb\n|-clearnegativeboost|p1a: Gallade|[silent]\n|turn|4\n|inactive|Machete521 has 30 seconds left.\n|\n|t:|1776627505\n|switch|p1b: Gengar|Gengar, L50, M, shiny|100/100\n|move|p1a: Gallade|Protect|p1a: Gallade\n|-singleturn|p1a: Gallade|Protect\n|move|p2b: Crabominable|Ice Hammer|p1a: Gallade\n|-activate|p1a: Gallade|move: Protect\n|move|p2a: Tauros|Close Combat|p1b: Gengar\n|-immune|p1b: Gengar\n|\n|upkeep\n|turn|5\n|inactive|Caligo33 has 30 seconds left.\n|inactive|Caligo33 has 20 seconds left.\n|\n|t:|1776627543\n|detailschange|p1b: Gengar|Gengar-Mega, L50, M, shiny\n|-mega|p1b: Gengar|Gengar|Gengarite\n|move|p2b: Crabominable|Knock Off|p1a: Gallade\n|-damage|p1a: Gallade|68/100\n|move|p2a: Tauros|Wave Crash|p1b: Gengar\n|-damage|p1b: Gengar|13/100\n|-damage|p2a: Tauros|79/100|[from] Recoil\n|move|p1a: Gallade|Psycho Cut|p2b: Crabominable\n|-supereffective|p2b: Crabominable|1\n|-damage|p2b: Crabominable|15/100\n|move|p1b: Gengar|Shadow Ball|p2b: Crabominable\n|-damage|p2b: Crabominable|0 fnt\n|faint|p2b: Crabominable\n|\n|-fieldend|move: Trick Room\n|upkeep\n|\n|t:|1776627559\n|switch|p2b: Ninetales|Ninetales-Alola, L50, M|100/100\n|-weather|Snowscape|[from] ability: Snow Warning|[of] p2b: Ninetales\n|turn|6\n|inactive|Caligo33 has 30 seconds left.\n|\n|t:|1776627590\n|move|p2b: Ninetales|Protect|p2b: Ninetales\n|-singleturn|p2b: Ninetales|Protect\n|move|p2a: Tauros|Aqua Jet|p1b: Gengar\n|-damage|p1b: Gengar|0 fnt\n|faint|p1b: Gengar\n|move|p1a: Gallade|Psycho Cut|p2a: Tauros\n|-supereffective|p2a: Tauros|1\n|-damage|p2a: Tauros|0 fnt\n|faint|p2a: Tauros\n|\n|-weather|Snowscape|[upkeep]\n|upkeep\n|\n|t:|1776627599\n|switch|p1b: Araquanid|Araquanid, L50, M|35/100\n|turn|7\n|\n|t:|1776627611\n|move|p1b: Araquanid|Wide Guard|p1b: Araquanid\n|-singleturn|p1b: Araquanid|Wide Guard\n|move|p2b: Ninetales|Dazzling Gleam|p1a: Gallade|[spread] \n|-activate|p1a: Gallade|move: Wide Guard\n|-activate|p1b: Araquanid|move: Wide Guard\n|move|p1a: Gallade|Sacred Sword|p2b: Ninetales\n|-damage|p2b: Ninetales|20/100\n|\n|-weather|Snowscape|[upkeep]\n|upkeep\n|turn|8\n|\n|t:|1776627624\n|move|p1b: Araquanid|Wide Guard|p1b: Araquanid\n|-singleturn|p1b: Araquanid|Wide Guard\n|move|p2b: Ninetales|Dazzling Gleam|p1a: Gallade|[spread] \n|-activate|p1a: Gallade|move: Wide Guard\n|-activate|p1b: Araquanid|move: Wide Guard\n|move|p1a: Gallade|Psycho Cut|p2b: Ninetales\n|-damage|p2b: Ninetales|0 fnt\n|faint|p2b: Ninetales\n|\n|win|Caligo33\n|raw|Caligo33's rating: 1142 &rarr; <strong>1165</strong><br />(+23 for winning)\n|raw|Machete521's rating: 1118 &rarr; <strong>1095</strong><br />(-23 for losing)\n",
  "uploadtime": 1776627628,
  "views": 12,
  "formatid": "gen9championsvgc2026regma",
  "rating": 1095,
  "private": 0,
  "password": null
}