{
  "id": "gen9championsvgc2026regma-2584831081",
  "format": "[Gen 9 Champions] VGC 2026 Reg M-A",
  "players": [
    "suxzor",
    "WaluigiVGC"
  ],
  "log": "|j|\u2606suxzor\n|j|\u2606WaluigiVGC\n|t:|1776287005\n|gametype|doubles\n|player|p1|suxzor|2|1210\n|player|p2|WaluigiVGC|101|1225\n|gen|9\n|tier|[Gen 9 Champions] VGC 2026 Reg M-A\n|rated|\n|rule|Species Clause: Limit one of each Pok\u00e9mon\n|rule|Item Clause: Limit 1 of each item\n|clearpoke\n|poke|p1|Manectric, L50, M|\n|poke|p1|Rotom-Wash, L50|\n|poke|p1|Gallade, L50, M|\n|poke|p1|Zoroark-Hisui, L50, M|\n|poke|p1|Orthworm, L50, F|\n|poke|p1|Ceruledge, L50, F|\n|poke|p2|Sneasler, L50, M|\n|poke|p2|Aerodactyl, L50, F|\n|poke|p2|Basculegion, L50, M|\n|poke|p2|Incineroar, L50, M|\n|poke|p2|Floette-Eternal, L50, F|\n|poke|p2|Sinistcha, L50|\n|teampreview|4\n|inactive|Battle timer is ON: inactive players will automatically lose when time's up. (requested by suxzor)\n|inactive|suxzor has 60 seconds left.\n|\n|t:|1776287049\n|teamsize|p1|4\n|teamsize|p2|4\n|start\n|switch|p1a: Manectric|Manectric, L50, M|100/100\n|switch|p1b: Orthworm|Orthworm, L50, F|100/100\n|switch|p2a: Sneasler|Sneasler, L50, M|100/100\n|switch|p2b: Floette|Floette-Eternal, L50, F|100/100\n|turn|1\n|inactive|suxzor has 30 seconds left.\n|\n|t:|1776287078\n|detailschange|p1a: Manectric|Manectric-Mega, L50, M\n|-mega|p1a: Manectric|Manectric|Manectite\n|-ability|p1a: Manectric|Intimidate|boost\n|-unboost|p2a: Sneasler|atk|1\n|-unboost|p2b: Floette|atk|1\n|-enditem|p2a: Sneasler|White Herb\n|-clearnegativeboost|p2a: Sneasler|[silent]\n|detailschange|p2b: Floette|Floette-Mega, L50, F\n|-mega|p2b: Floette|Floette|Floettite\n|-ability|p2b: Floette|Fairy Aura\n|move|p2a: Sneasler|Fake Out|p1b: Orthworm\n|-immune|p1b: Orthworm\n|move|p1a: Manectric|Volt Switch|p2a: Sneasler\n|-damage|p2a: Sneasler|45/100\n|\n|t:|1776287089\n|switch|p1a: Orthworm|Orthworm, L50, F|100/100|[from] Volt Switch\n|move|p1b: Orthworm|Hyper Voice|p2b: Floette|[spread] p2a,p2b\n|-crit|p2b: Floette\n|-damage|p2a: Sneasler|0 fnt\n|-damage|p2b: Floette|63/100\n|faint|p2a: Sneasler\n|move|p2b: Floette|Calm Mind|p2b: Floette\n|-boost|p2b: Floette|spa|1\n|-boost|p2b: Floette|spd|1\n|\n|upkeep\n|\n|t:|1776287101\n|switch|p2a: Sinistcha|Sinistcha, L50|100/100\n|-heal|p2b: Floette|88/100|[from] ability: Hospitality|[of] p2a: Sinistcha\n|turn|2\n|\n|t:|1776287108\n|move|p2a: Sinistcha|Rage Powder|p2a: Sinistcha\n|-singleturn|p2a: Sinistcha|move: Rage Powder\n|move|p1b: Orthworm|Bitter Malice|p2a: Sinistcha\n|-supereffective|p2a: Sinistcha|1\n|-damage|p2a: Sinistcha|5/100\n|-unboost|p2a: Sinistcha|atk|1\n|-enditem|p2a: Sinistcha|Sitrus Berry|[eat]\n|-heal|p2a: Sinistcha|30/100|[from] item: Sitrus Berry\n|move|p2b: Floette|Dazzling Gleam|p1b: Orthworm|[spread] p1a,p1b\n|-resisted|p1a: Orthworm|1\n|-damage|p1a: Orthworm|36/100\n|-enditem|p1b: Orthworm|Focus Sash\n|-damage|p1b: Orthworm|1/100\n|replace|p1b: Zoroark|Zoroark-Hisui, L50, M\n|-end|p1b: Zoroark|Illusion\n|-enditem|p1a: Orthworm|Sitrus Berry|[eat]\n|-heal|p1a: Orthworm|61/100|[from] item: Sitrus Berry\n|move|p1a: Orthworm|Shed Tail|p1a: Orthworm\n|-start|p1a: Orthworm|Substitute|[from] move: Shed Tail\n|-damage|p1a: Orthworm|11/100\n|\n|t:|1776287126\n|switch|p1a: Ceruledge|Ceruledge, L50, F|100/100|[from] Shed Tail\n|\n|upkeep\n|turn|3\n|\n|t:|1776287135\n|move|p2a: Sinistcha|Rage Powder|p2a: Sinistcha\n|-singleturn|p2a: Sinistcha|move: Rage Powder\n|move|p1b: Zoroark|Bitter Malice|p2a: Sinistcha\n|-supereffective|p2a: Sinistcha|1\n|-damage|p2a: Sinistcha|0 fnt\n|faint|p2a: Sinistcha\n|move|p2b: Floette|Dazzling Gleam|p1a: Ceruledge|[spread] p1a,p1b\n|-resisted|p1a: Ceruledge|1\n|-end|p1a: Ceruledge|Substitute\n|-damage|p1b: Zoroark|0 fnt\n|faint|p1b: Zoroark\n|move|p1a: Ceruledge|Bitter Blade|p2b: Floette\n|-damage|p2b: Floette|30/100\n|\n|upkeep\n|\n|t:|1776287150\n|switch|p1b: Manectric|Manectric-Mega, L50, M|100/100\n|switch|p2a: Basculegion|Basculegion, L50, M|100/100\n|-ability|p1b: Manectric|Intimidate|boost\n|-unboost|p2a: Basculegion|atk|1\n|-unboost|p2b: Floette|atk|1\n|turn|4\n|\n|t:|1776287165\n|switch|p1a: Orthworm|Orthworm, L50, F|11/100\n|move|p2a: Basculegion|Last Respects|p1a: Orthworm\n|-damage|p1a: Orthworm|0 fnt\n|faint|p1a: Orthworm\n|move|p1b: Manectric|Volt Switch|p2a: Basculegion\n|-supereffective|p2a: Basculegion|1\n|-damage|p2a: Basculegion|20/100\n|\n|t:|1776287173\n|switch|p1b: Ceruledge|Ceruledge, L50, F|100/100|[from] Volt Switch\n|move|p2b: Floette|Dazzling Gleam|p1b: Ceruledge\n|-resisted|p1b: Ceruledge|1\n|-damage|p1b: Ceruledge|50/100\n|\n|-heal|p1b: Ceruledge|56/100|[from] item: Leftovers\n|upkeep\n|\n|t:|1776287180\n|switch|p1a: Manectric|Manectric-Mega, L50, M|100/100\n|-ability|p1a: Manectric|Intimidate|boost\n|-unboost|p2a: Basculegion|atk|1\n|-unboost|p2b: Floette|atk|1\n|turn|5\n|inactive|suxzor has 30 seconds left.\n|\n|t:|1776287207\n|move|p1b: Ceruledge|Shadow Sneak|p2a: Basculegion\n|-supereffective|p2a: Basculegion|1\n|-damage|p2a: Basculegion|0 fnt\n|faint|p2a: Basculegion\n|move|p1a: Manectric|Volt Switch|p2b: Floette\n|-crit|p2b: Floette\n|-damage|p2b: Floette|0 fnt\n|faint|p2b: Floette\n|\n|win|suxzor\n|raw|suxzor's rating: 1210 &rarr; <strong>1236</strong><br />(+26 for winning)\n|raw|WaluigiVGC's rating: 1225 &rarr; <strong>1199</strong><br />(-26 for losing)\n",
  "uploadtime": 1776287218,
  "views": 22,
  "formatid": "gen9championsvgc2026regma",
  "rating": 1199,
  "private": 0,
  "password": null
}