{
  "id": "gen9championsvgc2026regma-2582173678",
  "format": "[Gen 9 Champions] VGC 2026 Reg M-A",
  "players": [
    "ChikitaBananaVGC",
    "ScribbleScribble"
  ],
  "log": "|j|\u2606ChikitaBananaVGC\n|j|\u2606ScribbleScribble\n|t:|1776067336\n|gametype|doubles\n|player|p1|ChikitaBananaVGC|169|1309\n|player|p2|ScribbleScribble|mina-lgpe|1420\n|gen|9\n|tier|[Gen 9 Champions] VGC 2026 Reg M-A\n|rated|\n|rule|Species Clause: Limit one of each Pok\u00e9mon\n|rule|Item Clause: Limit 1 of each item\n|clearpoke\n|poke|p1|Basculegion, L50, M|\n|poke|p1|Sableye, L50, F|\n|poke|p1|Scizor, L50, M|\n|poke|p1|Politoed, L50, F|\n|poke|p1|Dragonite, L50, M|\n|poke|p1|Incineroar, L50, F|\n|poke|p2|Floette-Eternal, L50, F|\n|poke|p2|Sneasler, L50, F|\n|poke|p2|Aerodactyl, L50, F|\n|poke|p2|Garchomp, L50, M|\n|poke|p2|Rotom-Heat, L50|\n|poke|p2|Basculegion, L50, M|\n|teampreview|4\n|inactive|Battle timer is ON: inactive players will automatically lose when time's up. (requested by ScribbleScribble)\n|inactive|ChikitaBananaVGC also wants the timer to be on.\n|inactive|ChikitaBananaVGC has 60 seconds left.\n|inactive|ScribbleScribble has 60 seconds left.\n|\n|t:|1776067371\n|teamsize|p1|4\n|teamsize|p2|4\n|start\n|switch|p1a: Basculegion|Basculegion, L50, M|100/100\n|switch|p1b: Sableye|Sableye, L50, F|100/100\n|switch|p2a: Aerodactyl|Aerodactyl, L50, F|100/100\n|switch|p2b: Sneasler|Sneasler, L50, F|100/100\n|-ability|p2a: Aerodactyl|Unnerve\n|turn|1\n|\n|t:|1776067392\n|move|p2a: Aerodactyl|Protect|p2a: Aerodactyl\n|-singleturn|p2a: Aerodactyl|Protect\n|move|p1b: Sableye|Will-O-Wisp|p2a: Aerodactyl\n|-activate|p2a: Aerodactyl|move: Protect\n|move|p1a: Basculegion|Wave Crash|p2b: Sneasler\n|-damage|p2b: Sneasler|0 fnt\n|faint|p2b: Sneasler\n|-damage|p1a: Basculegion|74/100|[from] Recoil\n|\n|upkeep\n|\n|t:|1776067397\n|switch|p2b: Floette|Floette-Eternal, L50, F|100/100\n|turn|2\n|\n|t:|1776067410\n|detailschange|p2b: Floette|Floette-Mega, L50, F\n|-mega|p2b: Floette|Floette|Floettite\n|-ability|p2b: Floette|Fairy Aura\n|move|p1b: Sableye|Will-O-Wisp|p2b: Floette\n|-status|p2b: Floette|brn\n|move|p2a: Aerodactyl|Tailwind|p2a: Aerodactyl\n|-sidestart|p2: ScribbleScribble|move: Tailwind\n|move|p2b: Floette|Dazzling Gleam|p1a: Basculegion|[spread] p1a,p1b\n|-supereffective|p1b: Sableye|1\n|-damage|p1a: Basculegion|16/100\n|-enditem|p1b: Sableye|Focus Sash\n|-damage|p1b: Sableye|1/100\n|move|p1a: Basculegion|Wave Crash|p2a: Aerodactyl\n|-supereffective|p2a: Aerodactyl|1\n|-enditem|p2a: Aerodactyl|Focus Sash\n|-damage|p2a: Aerodactyl|1/100\n|-damage|p1a: Basculegion|0 fnt|[from] Recoil\n|faint|p1a: Basculegion\n|\n|-damage|p2b: Floette|94/100 brn|[from] brn\n|upkeep\n|\n|t:|1776067415\n|switch|p1a: Incineroar|Incineroar, L50, F|100/100\n|-ability|p1a: Incineroar|Intimidate|boost\n|-unboost|p2a: Aerodactyl|atk|1\n|-unboost|p2b: Floette|atk|1\n|turn|3\n|\n|t:|1776067438\n|switch|p2a: Basculegion|Basculegion, L50, M|100/100\n|move|p1a: Incineroar|Fake Out|p2a: Basculegion\n|-immune|p2a: Basculegion\n|move|p1b: Sableye|Light Screen|p1b: Sableye\n|-sidestart|p1: ChikitaBananaVGC|move: Light Screen\n|move|p2b: Floette|Moonblast|p1a: Incineroar\n|-damage|p1a: Incineroar|50/100\n|\n|-damage|p2b: Floette|88/100 brn|[from] brn\n|upkeep\n|turn|4\n|j| Crvstal_K!tty\n|inactive|ChikitaBananaVGC has 30 seconds left.\n|inactive|ChikitaBananaVGC has 20 seconds left.\n|inactive|ChikitaBananaVGC has 15 seconds left.\n|inactive|ChikitaBananaVGC has 10 seconds left.\n|inactive|ChikitaBananaVGC has 5 seconds left.\n|\n|t:|1776067489\n|switch|p2a: Aerodactyl|Aerodactyl, L50, F|1/100\n|-ability|p2a: Aerodactyl|Unnerve\n|move|p1b: Sableye|Will-O-Wisp|p2a: Aerodactyl\n|-status|p2a: Aerodactyl|brn\n|move|p2b: Floette|Dazzling Gleam|p1a: Incineroar|[spread] p1a,p1b\n|-supereffective|p1b: Sableye|1\n|-damage|p1a: Incineroar|18/100\n|-damage|p1b: Sableye|0 fnt\n|faint|p1b: Sableye\n|move|p1a: Incineroar|Throat Chop|p2a: Aerodactyl\n|-damage|p2a: Aerodactyl|0 fnt\n|faint|p2a: Aerodactyl\n|\n|-damage|p2b: Floette|82/100 brn|[from] brn\n|upkeep\n|\n|t:|1776067496\n|switch|p2a: Basculegion|Basculegion, L50, M|100/100\n|switch|p1b: Scizor|Scizor, L50, M|100/100\n|turn|5\n|\n|t:|1776067508\n|detailschange|p1b: Scizor|Scizor-Mega, L50, M\n|-mega|p1b: Scizor|Scizor|Scizorite\n|move|p2b: Floette|Protect|p2b: Floette\n|-singleturn|p2b: Floette|Protect\n|move|p1b: Scizor|Bullet Punch|p2b: Floette\n|-activate|p2b: Floette|move: Protect\n|move|p2a: Basculegion|Last Respects|p1a: Incineroar\n|-resisted|p1a: Incineroar|1\n|-damage|p1a: Incineroar|0 fnt\n|faint|p1a: Incineroar\n|\n|-damage|p2b: Floette|76/100 brn|[from] brn\n|-sideend|p2: ScribbleScribble|move: Tailwind\n|upkeep\n|turn|6\n|inactive|ScribbleScribble has 30 seconds left.\n|inactive|ScribbleScribble has 20 seconds left.\n|\n|t:|1776067546\n|move|p1b: Scizor|Protect|p1b: Scizor\n|-singleturn|p1b: Scizor|Protect\n|move|p2a: Basculegion|Last Respects|p1b: Scizor\n|-activate|p1b: Scizor|move: Protect\n|move|p2b: Floette|Moonblast|p1b: Scizor\n|-activate|p1b: Scizor|move: Protect\n|\n|-damage|p2b: Floette|70/100 brn|[from] brn\n|upkeep\n|turn|7\n|\n|t:|1776067550\n|move|p1b: Scizor|Bullet Punch|p2b: Floette\n|-supereffective|p2b: Floette|1\n|-crit|p2b: Floette\n|-damage|p2b: Floette|0 fnt\n|faint|p2b: Floette\n|move|p2a: Basculegion|Last Respects|p1b: Scizor\n|-damage|p1b: Scizor|3/100\n|\n|-sideend|p1: ChikitaBananaVGC|move: Light Screen\n|upkeep\n|turn|8\n|j| CARtu348rjf90\n|\n|t:|1776067555\n|move|p1b: Scizor|Bullet Punch|p2a: Basculegion\n|-resisted|p2a: Basculegion|1\n|-damage|p2a: Basculegion|77/100\n|move|p2a: Basculegion|Last Respects|p1b: Scizor\n|-damage|p1b: Scizor|0 fnt\n|faint|p1b: Scizor\n|\n|win|ScribbleScribble\n|raw|ChikitaBananaVGC's rating: 1309 &rarr; <strong>1295</strong><br />(-14 for losing)\n|raw|ScribbleScribble's rating: 1420 &rarr; <strong>1434</strong><br />(+14 for winning)\n|l|\u2606ScribbleScribble\n|player|p2|\n",
  "uploadtime": 1776067562,
  "views": 29,
  "formatid": "gen9championsvgc2026regma",
  "rating": 1295,
  "private": 0,
  "password": null
}