{
  "id": "gen9championsvgc2026regma-2581306972",
  "format": "[Gen 9 Champions] VGC 2026 Reg M-A",
  "players": [
    "lilyflows",
    "josta joseph"
  ],
  "log": "|j|\u2606lilyflows\n|j|\u2606josta joseph\n|t:|1775984361\n|gametype|doubles\n|player|p1|lilyflows|n|1085\n|player|p2|josta joseph|170|1098\n|gen|9\n|tier|[Gen 9 Champions] VGC 2026 Reg M-A\n|rated|\n|rule|Species Clause: Limit one of each Pok\u00e9mon\n|rule|Item Clause: Limit 1 of each item\n|clearpoke\n|poke|p1|Floette-Eternal, L50, F|\n|poke|p1|Garchomp, L50, M|\n|poke|p1|Whimsicott, L50, M|\n|poke|p1|Incineroar, L50, F|\n|poke|p1|Kingambit, L50, M|\n|poke|p1|Sneasler, L50, M|\n|poke|p2|Garchomp, L50, M|\n|poke|p2|Whimsicott, L50, M|\n|poke|p2|Hawlucha, L50, F|\n|poke|p2|Rotom-Wash, L50|\n|poke|p2|Dragonite, L50, M|\n|poke|p2|Gyarados, L50, M|\n|teampreview|4\n|inactive|Battle timer is ON: inactive players will automatically lose when time's up. (requested by lilyflows)\n|\n|t:|1775984387\n|teamsize|p1|4\n|teamsize|p2|4\n|start\n|switch|p1a: Whimsicott|Whimsicott, L50, M|100/100\n|switch|p1b: Incineroar|Incineroar, L50, F|100/100\n|switch|p2a: Whimsicott|Whimsicott, L50, M|100/100\n|switch|p2b: Rotom|Rotom-Wash, L50|100/100\n|-ability|p1b: Incineroar|Intimidate|boost\n|-unboost|p2a: Whimsicott|atk|1\n|-unboost|p2b: Rotom|atk|1\n|turn|1\n|\n|t:|1775984394\n|move|p2a: Whimsicott|Protect|p2a: Whimsicott\n|-singleturn|p2a: Whimsicott|Protect\n|move|p1b: Incineroar|Fake Out|p2a: Whimsicott\n|-activate|p2a: Whimsicott|move: Protect\n|move|p1a: Whimsicott|Tailwind|p1a: Whimsicott\n|-sidestart|p1: lilyflows|move: Tailwind\n|move|p2b: Rotom|Hydro Pump|p1b: Incineroar|[miss]\n|-miss|p2b: Rotom|p1b: Incineroar\n|\n|upkeep\n|turn|2\n|\n|t:|1775984409\n|switch|p2a: Hawlucha|Hawlucha, L50, F|100/100\n|move|p1a: Whimsicott|Energy Ball|p2b: Rotom\n|-supereffective|p2b: Rotom|1\n|-damage|p2b: Rotom|32/100\n|move|p2b: Rotom|Hydro Pump|p1b: Incineroar|[miss]\n|-miss|p2b: Rotom|p1b: Incineroar\n|move|p1b: Incineroar|Parting Shot|p2b: Rotom\n|-unboost|p2b: Rotom|atk|1\n|-unboost|p2b: Rotom|spa|1\n|\n|t:|1775984424\n|switch|p1b: Garchomp|Garchomp, L50, M|100/100|[from] Parting Shot\n|\n|upkeep\n|turn|3\n|\n|t:|1775984438\n|switch|p2b: Whimsicott|Whimsicott, L50, M|100/100\n|detailschange|p1b: Garchomp|Garchomp-Mega, L50, M\n|-mega|p1b: Garchomp|Garchomp|Garchompite\n|move|p2a: Hawlucha|Detect|p2a: Hawlucha\n|-singleturn|p2a: Hawlucha|Protect\n|move|p1a: Whimsicott|Energy Ball|p2b: Whimsicott\n|-resisted|p2b: Whimsicott|1\n|-damage|p2b: Whimsicott|78/100\n|move|p1b: Garchomp|Dragon Claw|p2a: Hawlucha\n|-activate|p2a: Hawlucha|move: Protect\n|\n|upkeep\n|turn|4\n|\n|t:|1775984456\n|switch|p2a: Rotom|Rotom-Wash, L50|32/100\n|move|p1a: Whimsicott|Encore||[still]\n|-fail|p1a: Whimsicott\n|move|p2b: Whimsicott|Tailwind|p2b: Whimsicott\n|-sidestart|p2: josta joseph|move: Tailwind\n|move|p1b: Garchomp|Rock Slide|p2b: Whimsicott|[spread] p2a\n|-miss|p1b: Garchomp|p2b: Whimsicott\n|-damage|p2a: Rotom|0 fnt\n|faint|p2a: Rotom\n|\n|-sideend|p1: lilyflows|move: Tailwind\n|upkeep\n|\n|t:|1775984468\n|switch|p2a: Garchomp|Garchomp, L50, M|100/100\n|turn|5\n|\n|t:|1775984479\n|switch|p1b: Incineroar|Incineroar, L50, F|100/100\n|-ability|p1b: Incineroar|Intimidate|boost\n|-unboost|p2a: Garchomp|atk|1\n|-unboost|p2b: Whimsicott|atk|1\n|move|p2b: Whimsicott|Encore||[still]\n|-fail|p2b: Whimsicott\n|move|p1a: Whimsicott|Tailwind|p1a: Whimsicott\n|-sidestart|p1: lilyflows|move: Tailwind\n|move|p2a: Garchomp|Draco Meteor|p1b: Incineroar\n|-damage|p1b: Incineroar|55/100\n|-unboost|p2a: Garchomp|spa|2\n|\n|upkeep\n|turn|6\n|\n|t:|1775984500\n|switch|p2a: Hawlucha|Hawlucha, L50, F|100/100\n|move|p1b: Incineroar|Fake Out|p2a: Hawlucha\n|-damage|p2a: Hawlucha|80/100\n|move|p1a: Whimsicott|Encore||[still]\n|-fail|p1a: Whimsicott\n|move|p2b: Whimsicott|Encore||[still]\n|-fail|p2b: Whimsicott\n|\n|upkeep\n|turn|7\n|\n|t:|1775984519\n|move|p2b: Whimsicott|Encore||[still]\n|-fail|p2b: Whimsicott\n|move|p2a: Hawlucha|Close Combat|p1b: Incineroar\n|-supereffective|p1b: Incineroar|1\n|-damage|p1b: Incineroar|0 fnt\n|-unboost|p2a: Hawlucha|def|1\n|-unboost|p2a: Hawlucha|spd|1\n|faint|p1b: Incineroar\n|-enditem|p2a: Hawlucha|White Herb\n|-clearnegativeboost|p2a: Hawlucha|[silent]\n|move|p1a: Whimsicott|Energy Ball|p2a: Hawlucha\n|-resisted|p2a: Hawlucha|1\n|-damage|p2a: Hawlucha|57/100\n|\n|-sideend|p2: josta joseph|move: Tailwind\n|upkeep\n|\n|t:|1775984530\n|switch|p1b: Garchomp|Garchomp-Mega, L50, M|100/100\n|turn|8\n|\n|t:|1775984544\n|move|p1a: Whimsicott|Encore|p2a: Hawlucha\n|-start|p2a: Hawlucha|Encore\n|move|p2b: Whimsicott|Tailwind|p2b: Whimsicott\n|-sidestart|p2: josta joseph|move: Tailwind\n|move|p2a: Hawlucha|Close Combat|p1a: Whimsicott\n|-resisted|p1a: Whimsicott|1\n|-damage|p1a: Whimsicott|73/100\n|-unboost|p2a: Hawlucha|def|1\n|-unboost|p2a: Hawlucha|spd|1\n|move|p1b: Garchomp|Dragon Claw|p2a: Hawlucha\n|-damage|p2a: Hawlucha|0 fnt\n|faint|p2a: Hawlucha\n|\n|-sideend|p1: lilyflows|move: Tailwind\n|upkeep\n|\n|t:|1775984549\n|switch|p2a: Garchomp|Garchomp, L50, M|100/100\n|turn|9\n|\n|t:|1775984565\n|switch|p1b: Sneasler|Sneasler, L50, M|100/100\n|move|p2b: Whimsicott|Encore||[still]\n|-fail|p2b: Whimsicott\n|move|p1a: Whimsicott|Tailwind|p1a: Whimsicott\n|-sidestart|p1: lilyflows|move: Tailwind\n|move|p2a: Garchomp|Draco Meteor|p1b: Sneasler\n|-damage|p1b: Sneasler|44/100\n|-unboost|p2a: Garchomp|spa|2\n|\n|upkeep\n|turn|10\n|inactive|josta joseph has 30 seconds left.\n|\n|t:|1775984597\n|move|p1b: Sneasler|Fake Out|p2a: Garchomp\n|-damage|p2a: Garchomp|88/100\n|-damage|p1b: Sneasler|32/100|[from] ability: Rough Skin|[of] p2a: Garchomp\n|move|p1a: Whimsicott|Energy Ball|p2a: Garchomp\n|-damage|p2a: Garchomp|63/100\n|move|p2b: Whimsicott|Moonblast|p1a: Whimsicott\n|-damage|p1a: Whimsicott|15/100\n|cant|p2a: Garchomp|flinch\n|\n|upkeep\n|turn|11\n|inactive|lilyflows has 30 seconds left.\n|-activate|p1b: Sneasler|item: Quick Claw\n|\n|t:|1775984627\n|move|p1b: Sneasler|Dire Claw|p2b: Whimsicott\n|-supereffective|p2b: Whimsicott|2\n|-damage|p2b: Whimsicott|0 fnt\n|faint|p2b: Whimsicott\n|move|p1a: Whimsicott|Energy Ball|p2a: Garchomp\n|-damage|p2a: Garchomp|36/100\n|move|p2a: Garchomp|Earthquake|p1a: Whimsicott|[spread] p1a,p1b\n|-resisted|p1a: Whimsicott|1\n|-supereffective|p1b: Sneasler|1\n|-damage|p1a: Whimsicott|0 fnt\n|-damage|p1b: Sneasler|0 fnt\n|faint|p1a: Whimsicott\n|faint|p1b: Sneasler\n|\n|-sideend|p2: josta joseph|move: Tailwind\n|upkeep\n|\n|t:|1775984640\n|switch|p1b: Garchomp|Garchomp-Mega, L50, M|100/100\n|turn|12\n|\n|t:|1775984643\n|move|p2a: Garchomp|Protect|p2a: Garchomp\n|-singleturn|p2a: Garchomp|Protect\n|move|p1b: Garchomp|Dragon Claw|p2a: Garchomp\n|-activate|p2a: Garchomp|move: Protect\n|\n|-sideend|p1: lilyflows|move: Tailwind\n|upkeep\n|turn|13\n|\n|t:|1775984652\n|move|p1b: Garchomp|Dragon Claw|p2a: Garchomp\n|-supereffective|p2a: Garchomp|1\n|-damage|p2a: Garchomp|0 fnt\n|-damage|p1b: Garchomp|88/100|[from] ability: Rough Skin|[of] p2a: Garchomp\n|faint|p2a: Garchomp\n|\n|win|lilyflows\n|raw|lilyflows's rating: 1085 &rarr; <strong>1113</strong><br />(+28 for winning)\n|raw|josta joseph's rating: 1098 &rarr; <strong>1072</strong><br />(-26 for losing)\n",
  "uploadtime": 1775984661,
  "views": 26,
  "formatid": "gen9championsvgc2026regma",
  "rating": 1072,
  "private": 0,
  "password": null
}