{
  "id": "gen9championsvgc2026regma-2585298991",
  "format": "[Gen 9 Champions] VGC 2026 Reg M-A",
  "players": [
    "MiikeAMG",
    "dadebigo"
  ],
  "log": "|j|\u2606MiikeAMG\n|j|\u203ddadebigo\n|t:|1776335264\n|gametype|doubles\n|player|p1|MiikeAMG|acetrainer-gen4dp|1112\n|player|p2|dadebigo|170|1037\n|gen|9\n|tier|[Gen 9 Champions] VGC 2026 Reg M-A\n|rated|\n|rule|Species Clause: Limit one of each Pok\u00e9mon\n|rule|Item Clause: Limit 1 of each item\n|clearpoke\n|poke|p1|Tyranitar, L50, F|\n|poke|p1|Meganium, L50, M|\n|poke|p1|Basculegion, L50, M|\n|poke|p1|Garchomp, L50, F|\n|poke|p1|Sneasler, L50, M|\n|poke|p1|Aerodactyl, L50, F|\n|poke|p2|Gengar, L50, M|\n|poke|p2|Corviknight, L50, F|\n|poke|p2|Drampa, L50, M|\n|poke|p2|Incineroar, L50, F|\n|poke|p2|Aerodactyl, L50, F|\n|poke|p2|Sinistcha, L50|\n|teampreview|4\n|inactive|Battle timer is ON: inactive players will automatically lose when time's up. (requested by MiikeAMG)\n|\n|t:|1776335284\n|teamsize|p1|4\n|teamsize|p2|4\n|start\n|switch|p1a: Aerodactyl|Aerodactyl, L50, F|100/100\n|switch|p1b: Tyranitar|Tyranitar, L50, F|100/100\n|switch|p2a: Aerodactyl|Aerodactyl, L50, F|100/100\n|switch|p2b: Corviknight|Corviknight, L50, F|100/100\n|-ability|p1a: Aerodactyl|Unnerve\n|-weather|Sandstorm|[from] ability: Sand Stream|[of] p1b: Tyranitar\n|turn|1\n|\n|t:|1776335299\n|move|p1b: Tyranitar|Protect|p1b: Tyranitar\n|-singleturn|p1b: Tyranitar|Protect\n|move|p2a: Aerodactyl|Wide Guard|p2a: Aerodactyl\n|-singleturn|p2a: Aerodactyl|Wide Guard\n|move|p1a: Aerodactyl|Tailwind|p1a: Aerodactyl\n|-sidestart|p1: MiikeAMG|move: Tailwind\n|move|p2b: Corviknight|Bulk Up|p2b: Corviknight\n|-boost|p2b: Corviknight|atk|1\n|-boost|p2b: Corviknight|def|1\n|\n|-weather|Sandstorm|[upkeep]\n|upkeep\n|turn|2\n|inactive|MiikeAMG has 30 seconds left.\n|\n|t:|1776335326\n|detailschange|p1b: Tyranitar|Tyranitar-Mega, L50, F\n|-mega|p1b: Tyranitar|Tyranitar|Tyranitarite\n|move|p2a: Aerodactyl|Wide Guard|p2a: Aerodactyl\n|-singleturn|p2a: Aerodactyl|Wide Guard\n|move|p1a: Aerodactyl|Dual Wingbeat|p2a: Aerodactyl\n|-resisted|p2a: Aerodactyl|1\n|-damage|p2a: Aerodactyl|86/100\n|-resisted|p2a: Aerodactyl|1\n|-damage|p2a: Aerodactyl|73/100\n|-hitcount|p2a: Aerodactyl|2\n|move|p1b: Tyranitar|Knock Off|p2b: Corviknight\n|-damage|p2b: Corviknight|71/100\n|-enditem|p2b: Corviknight|Leftovers|[from] move: Knock Off|[of] p1b: Tyranitar\n|move|p2b: Corviknight|Bulk Up|p2b: Corviknight\n|-boost|p2b: Corviknight|atk|1\n|-boost|p2b: Corviknight|def|1\n|\n|-weather|Sandstorm|[upkeep]\n|upkeep\n|turn|3\n|\n|t:|1776335347\n|move|p1a: Aerodactyl|Dual Wingbeat|p2a: Aerodactyl\n|-resisted|p2a: Aerodactyl|1\n|-damage|p2a: Aerodactyl|58/100\n|-resisted|p2a: Aerodactyl|1\n|-crit|p2a: Aerodactyl\n|-damage|p2a: Aerodactyl|37/100\n|-hitcount|p2a: Aerodactyl|2\n|move|p1b: Tyranitar|Knock Off|p2a: Aerodactyl\n|-damage|p2a: Aerodactyl|0 fnt\n|-enditem|p2a: Aerodactyl|Focus Sash|[from] move: Knock Off|[of] p1b: Tyranitar\n|faint|p2a: Aerodactyl\n|move|p2b: Corviknight|Bulk Up|p2b: Corviknight\n|-boost|p2b: Corviknight|atk|1\n|-boost|p2b: Corviknight|def|1\n|\n|-weather|Sandstorm|[upkeep]\n|upkeep\n|\n|t:|1776335362\n|switch|p2a: Gengar|Gengar, L50, M|100/100\n|turn|4\n|\n|t:|1776335369\n|move|p2a: Gengar|Protect|p2a: Gengar\n|-singleturn|p2a: Gengar|Protect\n|move|p1a: Aerodactyl|Rock Slide|p2b: Corviknight|[spread] p2b\n|-activate|p2a: Gengar|move: Protect\n|-damage|p2b: Corviknight|64/100\n|move|p1b: Tyranitar|Rock Slide|p2a: Gengar|[spread] p2b\n|-activate|p2a: Gengar|move: Protect\n|-damage|p2b: Corviknight|54/100\n|move|p2b: Corviknight|Body Press|p1b: Tyranitar\n|-supereffective|p1b: Tyranitar|2\n|-damage|p1b: Tyranitar|0 fnt\n|faint|p1b: Tyranitar\n|\n|-weather|Sandstorm|[upkeep]\n|-damage|p2a: Gengar|95/100|[from] Sandstorm\n|-sideend|p1: MiikeAMG|move: Tailwind\n|upkeep\n|\n|t:|1776335383\n|switch|p1b: Basculegion|Basculegion, L50, M|100/100\n|turn|5\n|\n|t:|1776335396\n|detailschange|p2a: Gengar|Gengar-Mega, L50, M\n|-mega|p2a: Gengar|Gengar|Gengarite\n|move|p1b: Basculegion|Last Respects|p2a: Gengar\n|-supereffective|p2a: Gengar|1\n|-damage|p2a: Gengar|0 fnt\n|faint|p2a: Gengar\n|move|p1a: Aerodactyl|Rock Slide|p2b: Corviknight\n|-damage|p2b: Corviknight|45/100\n|move|p2b: Corviknight|Roost|p2b: Corviknight\n|-heal|p2b: Corviknight|95/100\n|-singleturn|p2b: Corviknight|move: Roost\n|\n|-weather|none\n|upkeep\n|\n|t:|1776335408\n|switch|p2a: Incineroar|Incineroar, L50, F|100/100\n|-ability|p2a: Incineroar|Intimidate|boost\n|-unboost|p1a: Aerodactyl|atk|1\n|-unboost|p1b: Basculegion|atk|1\n|turn|6\n|\n|t:|1776335424\n|switch|p1b: Sneasler|Sneasler, L50, M|100/100\n|move|p1a: Aerodactyl|Rock Slide|p2a: Incineroar|[spread] p2a,p2b\n|-supereffective|p2a: Incineroar|1\n|-damage|p2a: Incineroar|74/100\n|-damage|p2b: Corviknight|90/100\n|cant|p2b: Corviknight|flinch\n|move|p2a: Incineroar|Will-O-Wisp|p1b: Sneasler\n|-status|p1b: Sneasler|brn\n|\n|-damage|p1b: Sneasler|95/100 brn|[from] brn\n|upkeep\n|turn|7\n|\n|t:|1776335442\n|move|p1b: Sneasler|Fake Out|p2b: Corviknight\n|-resisted|p2b: Corviknight|1\n|-damage|p2b: Corviknight|89/100\n|move|p1a: Aerodactyl|Rock Slide|p2a: Incineroar|[spread] p2a,p2b\n|-supereffective|p2a: Incineroar|1\n|-damage|p2a: Incineroar|44/100\n|-damage|p2b: Corviknight|84/100\n|cant|p2b: Corviknight|flinch\n|move|p2a: Incineroar|Will-O-Wisp|p1a: Aerodactyl\n|-status|p1a: Aerodactyl|brn\n|\n|-damage|p1a: Aerodactyl|95/100 brn|[from] brn\n|-damage|p1b: Sneasler|89/100 brn|[from] brn\n|upkeep\n|turn|8\n|\n|t:|1776335460\n|move|p1a: Aerodactyl|Rock Slide|p2b: Corviknight|[spread] p2b\n|-miss|p1a: Aerodactyl|p2a: Incineroar\n|-damage|p2b: Corviknight|82/100\n|move|p1b: Sneasler|Close Combat|p2a: Incineroar\n|-supereffective|p2a: Incineroar|1\n|-damage|p2a: Incineroar|0 fnt\n|-unboost|p1b: Sneasler|def|1\n|-unboost|p1b: Sneasler|spd|1\n|faint|p2a: Incineroar\n|-enditem|p1b: Sneasler|White Herb\n|-clearnegativeboost|p1b: Sneasler|[silent]\n|cant|p2b: Corviknight|flinch\n|\n|-damage|p1b: Sneasler|83/100 brn|[from] brn\n|-damage|p1a: Aerodactyl|89/100 brn|[from] brn\n|upkeep\n|turn|9\n|\n|t:|1776335479\n|move|p1b: Sneasler|Close Combat|p2b: Corviknight\n|-damage|p2b: Corviknight|72/100\n|-unboost|p1b: Sneasler|def|1\n|-unboost|p1b: Sneasler|spd|1\n|move|p1a: Aerodactyl|Rock Slide|p2b: Corviknight|[miss]\n|-miss|p1a: Aerodactyl|p2b: Corviknight\n|move|p2b: Corviknight|Bulk Up|p2b: Corviknight\n|-boost|p2b: Corviknight|atk|1\n|-boost|p2b: Corviknight|def|1\n|\n|-damage|p1b: Sneasler|77/100 brn|[from] brn\n|-damage|p1a: Aerodactyl|83/100 brn|[from] brn\n|upkeep\n|turn|10\n|\n|t:|1776335495\n|move|p1b: Sneasler|Close Combat|p2b: Corviknight\n|-damage|p2b: Corviknight|63/100\n|-unboost|p1b: Sneasler|def|1\n|-unboost|p1b: Sneasler|spd|1\n|move|p1a: Aerodactyl|Rock Slide|p2b: Corviknight\n|-damage|p2b: Corviknight|60/100\n|move|p2b: Corviknight|Roost|p2b: Corviknight\n|-heal|p2b: Corviknight|100/100\n|-singleturn|p2b: Corviknight|move: Roost\n|\n|-damage|p1b: Sneasler|71/100 brn|[from] brn\n|-damage|p1a: Aerodactyl|78/100 brn|[from] brn\n|upkeep\n|turn|11\n|\n|t:|1776335509\n|move|p1b: Sneasler|Close Combat|p2b: Corviknight\n|-damage|p2b: Corviknight|92/100\n|-unboost|p1b: Sneasler|def|1\n|-unboost|p1b: Sneasler|spd|1\n|move|p1a: Aerodactyl|Rock Slide|p2b: Corviknight\n|-damage|p2b: Corviknight|89/100\n|move|p2b: Corviknight|Brave Bird|p1b: Sneasler\n|-supereffective|p1b: Sneasler|1\n|-damage|p1b: Sneasler|0 fnt\n|faint|p1b: Sneasler\n|-damage|p2b: Corviknight|72/100|[from] Recoil\n|\n|-damage|p1a: Aerodactyl|72/100 brn|[from] brn\n|upkeep\n|\n|t:|1776335516\n|switch|p1b: Basculegion|Basculegion, L50, M|100/100\n|turn|12\n|\n|t:|1776335524\n|move|p1b: Basculegion|Last Respects|p2b: Corviknight\n|-damage|p2b: Corviknight|47/100\n|move|p1a: Aerodactyl|Rock Slide|p2b: Corviknight\n|-damage|p2b: Corviknight|45/100\n|move|p2b: Corviknight|Roost|p2b: Corviknight\n|-heal|p2b: Corviknight|95/100\n|-singleturn|p2b: Corviknight|move: Roost\n|\n|-damage|p1a: Aerodactyl|66/100 brn|[from] brn\n|upkeep\n|turn|13\n|\n|t:|1776335536\n|move|p1b: Basculegion|Last Respects|p2b: Corviknight\n|-damage|p2b: Corviknight|72/100\n|move|p1a: Aerodactyl|Rock Slide|p2b: Corviknight|[miss]\n|-miss|p1a: Aerodactyl|p2b: Corviknight\n|move|p2b: Corviknight|Bulk Up|p2b: Corviknight\n|-boost|p2b: Corviknight|atk|1\n|-boost|p2b: Corviknight|def|1\n|\n|-damage|p1a: Aerodactyl|60/100 brn|[from] brn\n|upkeep\n|turn|14\n|\n|t:|1776335546\n|move|p1b: Basculegion|Last Respects|p2b: Corviknight\n|-damage|p2b: Corviknight|51/100\n|move|p1a: Aerodactyl|Rock Slide|p2b: Corviknight\n|-damage|p2b: Corviknight|49/100\n|move|p2b: Corviknight|Bulk Up|p2b: Corviknight\n|-boost|p2b: Corviknight|atk|1\n|-boost|p2b: Corviknight|def|1\n|\n|-damage|p1a: Aerodactyl|55/100 brn|[from] brn\n|upkeep\n|turn|15\n|\n|t:|1776335557\n|move|p1b: Basculegion|Last Respects|p2b: Corviknight\n|-damage|p2b: Corviknight|31/100\n|move|p1a: Aerodactyl|Rock Slide|p2b: Corviknight\n|-damage|p2b: Corviknight|29/100\n|cant|p2b: Corviknight|flinch\n|\n|-damage|p1a: Aerodactyl|49/100 brn|[from] brn\n|upkeep\n|turn|16\n|\n|t:|1776335569\n|move|p1b: Basculegion|Last Respects|p2b: Corviknight\n|-damage|p2b: Corviknight|13/100\n|move|p1a: Aerodactyl|Dual Wingbeat|p2b: Corviknight\n|-resisted|p2b: Corviknight|1\n|-damage|p2b: Corviknight|12/100\n|-resisted|p2b: Corviknight|1\n|-damage|p2b: Corviknight|12/100\n|-hitcount|p2b: Corviknight|2\n|move|p2b: Corviknight|Roost|p2b: Corviknight\n|-heal|p2b: Corviknight|62/100\n|-singleturn|p2b: Corviknight|move: Roost\n|\n|-damage|p1a: Aerodactyl|43/100 brn|[from] brn\n|upkeep\n|turn|17\n|\n|t:|1776335581\n|move|p1b: Basculegion|Last Respects|p2b: Corviknight\n|-damage|p2b: Corviknight|45/100\n|move|p1a: Aerodactyl|Dual Wingbeat|p2b: Corviknight\n|-resisted|p2b: Corviknight|1\n|-damage|p2b: Corviknight|45/100\n|-resisted|p2b: Corviknight|1\n|-damage|p2b: Corviknight|44/100\n|-hitcount|p2b: Corviknight|2\n|move|p2b: Corviknight|Roost|p2b: Corviknight\n|-heal|p2b: Corviknight|95/100\n|-singleturn|p2b: Corviknight|move: Roost\n|\n|-damage|p1a: Aerodactyl|38/100 brn|[from] brn\n|upkeep\n|turn|18\n|inactive|MiikeAMG has 30 seconds left.\n|\n|t:|1776335607\n|move|p1b: Basculegion|Last Respects|p2b: Corviknight\n|-damage|p2b: Corviknight|78/100\n|move|p1a: Aerodactyl|Dual Wingbeat|p2b: Corviknight\n|-resisted|p2b: Corviknight|1\n|-damage|p2b: Corviknight|78/100\n|-resisted|p2b: Corviknight|1\n|-damage|p2b: Corviknight|77/100\n|-hitcount|p2b: Corviknight|2\n|move|p2b: Corviknight|Brave Bird|p1b: Basculegion\n|-damage|p1b: Basculegion|0 fnt\n|faint|p1b: Basculegion\n|-damage|p2b: Corviknight|46/100|[from] Recoil\n|\n|-damage|p1a: Aerodactyl|32/100 brn|[from] brn\n|upkeep\n|turn|19\n|\n|t:|1776335625\n|move|p1a: Aerodactyl|Dual Wingbeat|p2b: Corviknight\n|-resisted|p2b: Corviknight|1\n|-damage|p2b: Corviknight|45/100\n|-resisted|p2b: Corviknight|1\n|-damage|p2b: Corviknight|45/100\n|-hitcount|p2b: Corviknight|2\n|move|p2b: Corviknight|Roost|p2b: Corviknight\n|-heal|p2b: Corviknight|95/100\n|-singleturn|p2b: Corviknight|move: Roost\n|\n|-damage|p1a: Aerodactyl|26/100 brn|[from] brn\n|upkeep\n|turn|20\n|inactive|MiikeAMG has 30 seconds left.\n|c|\u2606MiikeAMG|how mach its the crit chace?\n|\n|t:|1776335652\n|move|p1a: Aerodactyl|Dual Wingbeat|p2b: Corviknight\n|-resisted|p2b: Corviknight|1\n|-damage|p2b: Corviknight|95/100\n|-resisted|p2b: Corviknight|1\n|-damage|p2b: Corviknight|94/100\n|-hitcount|p2b: Corviknight|2\n|move|p2b: Corviknight|Body Press|p1a: Aerodactyl\n|-damage|p1a: Aerodactyl|0 fnt\n|faint|p1a: Aerodactyl\n|\n|win|dadebigo\n|raw|MiikeAMG's rating: 1112 &rarr; <strong>1082</strong><br />(-30 for losing)\n|raw|dadebigo's rating: 1037 &rarr; <strong>1079</strong><br />(+42 for winning)\n",
  "uploadtime": 1776335663,
  "views": 27,
  "formatid": "gen9championsvgc2026regma",
  "rating": 1079,
  "private": 0,
  "password": null
}