{
  "id": "gen9championsvgc2026regma-2588235151",
  "format": "[Gen 9 Champions] VGC 2026 Reg M-A",
  "players": [
    "Elijah Cinnamon",
    "Xernos123"
  ],
  "log": "|j|\u2606Elijah Cinnamon\n|j|\u2606Xernos123\n|t:|1776616792\n|gametype|doubles\n|player|p1|Elijah Cinnamon|2|1122\n|player|p2|Xernos123|266|1109\n|gen|9\n|tier|[Gen 9 Champions] VGC 2026 Reg M-A\n|rated|\n|rule|Species Clause: Limit one of each Pok\u00e9mon\n|rule|Item Clause: Limit 1 of each item\n|clearpoke\n|poke|p1|Basculegion, L50, M|\n|poke|p1|Kingambit, L50, M|\n|poke|p1|Rotom-Heat, L50|\n|poke|p1|Froslass, L50, F|\n|poke|p1|Sneasler, L50, F|\n|poke|p1|Clefable, L50, M|\n|poke|p2|Incineroar, L50, F|\n|poke|p2|Whimsicott, L50, M|\n|poke|p2|Floette-Eternal, L50, F|\n|poke|p2|Runerigus, L50, F|\n|poke|p2|Aerodactyl, L50, F|\n|poke|p2|Primarina, L50, M|\n|teampreview|4\n|inactive|Battle timer is ON: inactive players will automatically lose when time's up. (requested by Xernos123)\n|inactive|Elijah Cinnamon has 60 seconds left.\n|\n|t:|1776616845\n|teamsize|p1|4\n|teamsize|p2|4\n|start\n|switch|p1a: Sneasler|Sneasler, L50, F|100/100\n|switch|p1b: Rotom|Rotom-Heat, L50|100/100\n|switch|p2a: Incineroar|Incineroar, L50, F|100/100\n|switch|p2b: Primarina|Primarina, L50, M|100/100\n|-ability|p2a: Incineroar|Intimidate|boost\n|-unboost|p1a: Sneasler|atk|1\n|-unboost|p1b: Rotom|atk|1\n|turn|1\n|\n|t:|1776616857\n|move|p1a: Sneasler|Fake Out|p2a: Incineroar\n|-damage|p2a: Incineroar|92/100\n|cant|p2a: Incineroar|flinch\n|move|p1b: Rotom|Thunderbolt|p2b: Primarina\n|-supereffective|p2b: Primarina|1\n|-damage|p2b: Primarina|50/100\n|move|p2b: Primarina|Hyper Voice|p1b: Rotom|[spread] p1a,p1b\n|-supereffective|p1b: Rotom|1\n|-damage|p1a: Sneasler|57/100\n|-damage|p1b: Rotom|11/100\n|\n|-heal|p1b: Rotom|16/100|[from] item: Leftovers\n|-heal|p2b: Primarina|55/100|[from] item: Leftovers\n|upkeep\n|turn|2\n|inactive|Elijah Cinnamon has 30 seconds left.\n|\n|t:|1776616886\n|switch|p2b: Runerigus|Runerigus, L50, F|100/100\n|move|p1a: Sneasler|Close Combat|p2a: Incineroar\n|-supereffective|p2a: Incineroar|1\n|-damage|p2a: Incineroar|13/100\n|-unboost|p1a: Sneasler|def|1\n|-unboost|p1a: Sneasler|spd|1\n|-enditem|p2a: Incineroar|Sitrus Berry|[eat]\n|-heal|p2a: Incineroar|38/100|[from] item: Sitrus Berry\n|move|p1b: Rotom|Thunderbolt|p2b: Runerigus\n|-immune|p2b: Runerigus\n|move|p2a: Incineroar|Parting Shot|p1a: Sneasler\n|-unboost|p1a: Sneasler|atk|1\n|-unboost|p1a: Sneasler|spa|1\n|\n|t:|1776616909\n|switch|p2a: Floette|Floette-Eternal, L50, F|100/100|[from] Parting Shot\n|\n|-heal|p1b: Rotom|22/100|[from] item: Leftovers\n|upkeep\n|turn|3\n|inactive|Elijah Cinnamon has 30 seconds left.\n|\n|t:|1776616937\n|detailschange|p2a: Floette|Floette-Mega, L50, F\n|-mega|p2a: Floette|Floette|Floettite\n|-ability|p2a: Floette|Fairy Aura\n|move|p1a: Sneasler|Protect|p1a: Sneasler\n|-singleturn|p1a: Sneasler|Protect\n|move|p2a: Floette|Dazzling Gleam|p1a: Sneasler|[spread] p1b\n|-activate|p1a: Sneasler|move: Protect\n|-resisted|p1b: Rotom|1\n|-damage|p1b: Rotom|0 fnt\n|faint|p1b: Rotom\n|move|p2b: Runerigus|Substitute|p2b: Runerigus\n|-start|p2b: Runerigus|Substitute\n|-damage|p2b: Runerigus|76/100\n|\n|upkeep\n|\n|t:|1776616948\n|switch|p1b: Froslass|Froslass, L50, F|100/100\n|turn|4\n|\n|t:|1776616957\n|switch|p1a: Basculegion|Basculegion, L50, M|100/100\n|detailschange|p1b: Froslass|Froslass-Mega, L50, F\n|-mega|p1b: Froslass|Froslass|Froslassite\n|-weather|Snowscape|[from] ability: Snow Warning|[of] p1b: Froslass\n|move|p1b: Froslass|Blizzard|p2b: Runerigus|[spread] p2a,p2b\n|-supereffective|p2b: Runerigus|1\n|-end|p2b: Runerigus|Substitute\n|-damage|p2a: Floette|62/100\n|move|p2a: Floette|Moonblast|p1b: Froslass\n|-damage|p1b: Froslass|13/100\n|move|p2b: Runerigus|Will-O-Wisp|p1a: Basculegion\n|-status|p1a: Basculegion|brn\n|\n|-weather|Snowscape|[upkeep]\n|-damage|p1a: Basculegion|94/100 brn|[from] brn\n|upkeep\n|turn|5\n|inactive|Elijah Cinnamon has 30 seconds left.\n|\n|t:|1776616983\n|switch|p2b: Incineroar|Incineroar, L50, F|38/100\n|-ability|p2b: Incineroar|Intimidate|boost\n|-unboost|p1a: Basculegion|atk|1\n|-unboost|p1b: Froslass|atk|1\n|move|p1a: Basculegion|Wave Crash|p2a: Floette\n|-damage|p2a: Floette|28/100\n|-damage|p1a: Basculegion|86/100 brn|[from] Recoil\n|move|p1b: Froslass|Blizzard|p2a: Floette|[spread] p2a,p2b\n|-resisted|p2b: Incineroar|1\n|-damage|p2a: Floette|0 fnt\n|-damage|p2b: Incineroar|22/100\n|-status|p2b: Incineroar|frz\n|faint|p2a: Floette\n|\n|-weather|Snowscape|[upkeep]\n|-damage|p1a: Basculegion|80/100 brn|[from] brn\n|upkeep\n|\n|t:|1776616997\n|switch|p2a: Primarina|Primarina, L50, M|55/100\n|turn|6\n|\n|t:|1776617011\n|cant|p2b: Incineroar|frz\n|move|p1a: Basculegion|Wave Crash|p2a: Primarina\n|-resisted|p2a: Primarina|1\n|-damage|p2a: Primarina|38/100\n|-damage|p1a: Basculegion|75/100 brn|[from] Recoil\n|move|p1b: Froslass|Shadow Ball|p2a: Primarina\n|-damage|p2a: Primarina|7/100\n|move|p2a: Primarina|Hyper Voice|p1a: Basculegion|[spread] p1a,p1b\n|-resisted|p1a: Basculegion|1\n|-damage|p1a: Basculegion|56/100 brn\n|-damage|p1b: Froslass|0 fnt\n|faint|p1b: Froslass\n|\n|-weather|Snowscape|[upkeep]\n|-heal|p2a: Primarina|13/100|[from] item: Leftovers\n|-damage|p1a: Basculegion|50/100 brn|[from] brn\n|upkeep\n|\n|t:|1776617017\n|switch|p1b: Sneasler|Sneasler, L50, F|57/100\n|turn|7\n|\n|t:|1776617035\n|switch|p2b: Runerigus|Runerigus, L50, F|76/100\n|move|p1a: Basculegion|Wave Crash|p2b: Runerigus|[miss]\n|-miss|p1a: Basculegion|p2b: Runerigus\n|move|p1b: Sneasler|Dire Claw|p2a: Primarina\n|-supereffective|p2a: Primarina|1\n|-damage|p2a: Primarina|0 fnt\n|faint|p2a: Primarina\n|\n|-weather|Snowscape|[upkeep]\n|-damage|p1a: Basculegion|44/100 brn|[from] brn\n|upkeep\n|\n|t:|1776617042\n|switch|p2a: Incineroar|Incineroar, L50, F|22/100 frz\n|-ability|p2a: Incineroar|Intimidate|boost\n|-unboost|p1a: Basculegion|atk|1\n|-unboost|p1b: Sneasler|atk|1\n|turn|8\n|\n|t:|1776617052\n|-curestatus|p2a: Incineroar|frz|[msg]\n|move|p2a: Incineroar|Fake Out|p1b: Sneasler\n|-damage|p1b: Sneasler|40/100\n|move|p1a: Basculegion|Wave Crash|p2a: Incineroar\n|-supereffective|p2a: Incineroar|1\n|-damage|p2a: Incineroar|0 fnt\n|faint|p2a: Incineroar\n|-damage|p1a: Basculegion|37/100 brn|[from] Recoil\n|cant|p1b: Sneasler|flinch\n|move|p2b: Runerigus|Substitute|p2b: Runerigus\n|-start|p2b: Runerigus|Substitute\n|-damage|p2b: Runerigus|51/100\n|\n|-weather|none\n|-damage|p1a: Basculegion|30/100 brn|[from] brn\n|upkeep\n|turn|9\n|\n|t:|1776617061\n|move|p1a: Basculegion|Wave Crash|p2b: Runerigus\n|-supereffective|p2b: Runerigus|1\n|-activate|p2b: Runerigus|move: Substitute|[damage]\n|-damage|p1a: Basculegion|24/100 brn|[from] Recoil|[of] p2b: Runerigus\n|move|p1b: Sneasler|Dire Claw|p2b: Runerigus\n|-resisted|p2b: Runerigus|2\n|-end|p2b: Runerigus|Substitute\n|move|p2b: Runerigus|Will-O-Wisp|p1b: Sneasler\n|-status|p1b: Sneasler|brn\n|\n|-damage|p1a: Basculegion|18/100 brn|[from] brn\n|-damage|p1b: Sneasler|34/100 brn|[from] brn\n|upkeep\n|turn|10\n|\n|t:|1776617071\n|move|p2b: Runerigus|Protect|p2b: Runerigus\n|-singleturn|p2b: Runerigus|Protect\n|move|p1a: Basculegion|Wave Crash|p2b: Runerigus\n|-activate|p2b: Runerigus|move: Protect\n|move|p1b: Sneasler|Dire Claw|p2b: Runerigus\n|-activate|p2b: Runerigus|move: Protect\n|\n|-damage|p1a: Basculegion|12/100 brn|[from] brn\n|-damage|p1b: Sneasler|29/100 brn|[from] brn\n|upkeep\n|turn|11\n|\n|t:|1776617075\n|move|p1a: Basculegion|Wave Crash|p2b: Runerigus\n|-supereffective|p2b: Runerigus|1\n|-damage|p2b: Runerigus|25/100\n|-activate|p1a: Basculegion|Skill Swap|Wandering Spirit|Adaptability|[of] p2b: Runerigus\n|-damage|p1a: Basculegion|5/100 brn|[from] Recoil\n|move|p1b: Sneasler|Dire Claw|p2b: Runerigus|[miss]\n|-miss|p1b: Sneasler|p2b: Runerigus\n|move|p2b: Runerigus|Substitute|p2b: Runerigus\n|-fail|p2b: Runerigus|move: Substitute|[weak]\n|\n|-damage|p1a: Basculegion|0 fnt|[from] brn\n|faint|p1a: Basculegion\n|-damage|p1b: Sneasler|23/100 brn|[from] brn\n|upkeep\n|turn|12\n|\n|t:|1776617082\n|move|p2b: Runerigus|Protect|p2b: Runerigus\n|-singleturn|p2b: Runerigus|Protect\n|move|p1b: Sneasler|Dire Claw|p2b: Runerigus\n|-activate|p2b: Runerigus|move: Protect\n|\n|-damage|p1b: Sneasler|17/100 brn|[from] brn\n|upkeep\n|turn|13\n|\n|t:|1776617090\n|move|p1b: Sneasler|Dire Claw|p2b: Runerigus\n|-resisted|p2b: Runerigus|2\n|-damage|p2b: Runerigus|24/100\n|move|p2b: Runerigus|Body Press|p1b: Sneasler\n|-resisted|p1b: Sneasler|1\n|-damage|p1b: Sneasler|0 fnt\n|faint|p1b: Sneasler\n|\n|win|Xernos123\n|raw|Elijah Cinnamon's rating: 1122 &rarr; <strong>1096</strong><br />(-26 for losing)\n|raw|Xernos123's rating: 1109 &rarr; <strong>1135</strong><br />(+26 for winning)\n",
  "uploadtime": 1776617093,
  "views": 14,
  "formatid": "gen9championsvgc2026regma",
  "rating": 1096,
  "private": 0,
  "password": null
}