{
  "id": "gen9championsvgc2026regma-2589443359",
  "format": "[Gen 9 Champions] VGC 2026 Reg M-A",
  "players": [
    "muzinvgc",
    "Noobilio"
  ],
  "log": "|j|\u2606muzinvgc\n|j|\u2606Noobilio\n|t:|1776723405\n|gametype|doubles\n|player|p1|muzinvgc|cynthia|1378\n|player|p2|Noobilio|nurse|1341\n|gen|9\n|tier|[Gen 9 Champions] VGC 2026 Reg M-A\n|rated|\n|rule|Species Clause: Limit one of each Pok\u00e9mon\n|rule|Item Clause: Limit 1 of each item\n|clearpoke\n|poke|p1|Sneasler, L50, F|\n|poke|p1|Excadrill, L50, M|\n|poke|p1|Gyarados, L50, F|\n|poke|p1|Tyranitar, L50, F|\n|poke|p1|Rotom-Heat, L50|\n|poke|p1|Sinistcha, L50|\n|poke|p2|Froslass, L50, F|\n|poke|p2|Palafin, L50, F|\n|poke|p2|Kingambit, L50, F|\n|poke|p2|Aerodactyl, L50, M|\n|poke|p2|Scovillain, L50, F|\n|poke|p2|Sneasler, L50, M|\n|teampreview|4\n|\n|t:|1776723461\n|teamsize|p1|4\n|teamsize|p2|4\n|start\n|switch|p1a: Tyranitar|Tyranitar, L50, F|100/100\n|switch|p1b: Gyarados|Gyarados, L50, F|100/100\n|switch|p2a: Palafin|Palafin, L50, F|100/100\n|switch|p2b: Aerodactyl|Aerodactyl, L50, M|100/100\n|-ability|p2b: Aerodactyl|Unnerve\n|-weather|Sandstorm|[from] ability: Sand Stream|[of] p1a: Tyranitar\n|-ability|p1b: Gyarados|Intimidate|boost\n|-unboost|p2a: Palafin|atk|1\n|-unboost|p2b: Aerodactyl|atk|1\n|turn|1\n|\n|t:|1776723498\n|detailschange|p1a: Tyranitar|Tyranitar-Mega, L50, F\n|-mega|p1a: Tyranitar|Tyranitar|Tyranitarite\n|move|p2b: Aerodactyl|Tailwind|p2b: Aerodactyl\n|-sidestart|p2: Noobilio|move: Tailwind\n|move|p2a: Palafin|Close Combat|p1a: Tyranitar\n|-supereffective|p1a: Tyranitar|2\n|-damage|p1a: Tyranitar|44/100\n|-unboost|p2a: Palafin|def|1\n|-unboost|p2a: Palafin|spd|1\n|move|p1a: Tyranitar|Ice Punch|p2b: Aerodactyl\n|-supereffective|p2b: Aerodactyl|1\n|-enditem|p2b: Aerodactyl|Focus Sash\n|-damage|p2b: Aerodactyl|1/100\n|move|p1b: Gyarados|Thunder Wave|p2a: Palafin\n|-status|p2a: Palafin|par\n|\n|-weather|Sandstorm|[upkeep]\n|-damage|p2a: Palafin|95/100 par|[from] Sandstorm\n|-damage|p1b: Gyarados|95/100|[from] Sandstorm\n|upkeep\n|turn|2\n|\n|t:|1776723526\n|detailschange|p2a: Palafin|Palafin-Hero, L50, F\n|switch|p2a: Scovillain|Scovillain, L50, F|100/100\n|move|p2b: Aerodactyl|Wide Guard|p2b: Aerodactyl\n|-singleturn|p2b: Aerodactyl|Wide Guard\n|move|p1a: Tyranitar|Rock Slide|p2a: Scovillain|[spread] \n|-activate|p2a: Scovillain|move: Wide Guard\n|-activate|p2b: Aerodactyl|move: Wide Guard\n|move|p1b: Gyarados|Thunder Wave|p2b: Aerodactyl\n|-status|p2b: Aerodactyl|par\n|\n|-weather|Sandstorm|[upkeep]\n|-damage|p2a: Scovillain|95/100|[from] Sandstorm\n|-damage|p1b: Gyarados|89/100|[from] Sandstorm\n|-ability|p2a: Scovillain|Moody|boost\n|-boost|p2a: Scovillain|spe|2\n|-unboost|p2a: Scovillain|spd|1\n|upkeep\n|turn|3\n|\n|t:|1776723553\n|switch|p1a: Rotom|Rotom-Heat, L50|100/100\n|detailschange|p2a: Scovillain|Scovillain-Mega, L50, F\n|-mega|p2a: Scovillain|Scovillain|Scovillainite\n|move|p2a: Scovillain|Energy Ball|p1a: Rotom\n|-resisted|p1a: Rotom|1\n|-damage|p1a: Rotom|79/100\n|move|p2b: Aerodactyl|Rock Slide|p1a: Rotom|[spread] p1a,p1b\n|-supereffective|p1a: Rotom|1\n|-supereffective|p1b: Gyarados|1\n|-damage|p1a: Rotom|51/100\n|-damage|p1b: Gyarados|59/100\n|cant|p1b: Gyarados|flinch\n|\n|-weather|Sandstorm|[upkeep]\n|-damage|p2a: Scovillain|89/100|[from] Sandstorm\n|-damage|p1a: Rotom|46/100|[from] Sandstorm\n|-damage|p1b: Gyarados|53/100|[from] Sandstorm\n|-heal|p1a: Rotom|51/100|[from] item: Leftovers\n|upkeep\n|turn|4\n|\n|t:|1776723578\n|move|p1a: Rotom|Protect|p1a: Rotom\n|-singleturn|p1a: Rotom|Protect\n|move|p1b: Gyarados|Protect|p1b: Gyarados\n|-singleturn|p1b: Gyarados|Protect\n|move|p2a: Scovillain|Energy Ball|p1b: Gyarados\n|-activate|p1b: Gyarados|move: Protect\n|move|p2b: Aerodactyl|Rock Slide|p1a: Rotom|[spread] \n|-activate|p1a: Rotom|move: Protect\n|-activate|p1b: Gyarados|move: Protect\n|\n|-weather|Sandstorm|[upkeep]\n|-damage|p2a: Scovillain|83/100|[from] Sandstorm\n|-damage|p1a: Rotom|46/100|[from] Sandstorm\n|-damage|p1b: Gyarados|47/100|[from] Sandstorm\n|-heal|p1a: Rotom|51/100|[from] item: Leftovers\n|-sideend|p2: Noobilio|move: Tailwind\n|upkeep\n|turn|5\n|\n|t:|1776723594\n|move|p2a: Scovillain|Energy Ball|p1b: Gyarados\n|-damage|p1b: Gyarados|14/100\n|-unboost|p1b: Gyarados|spd|1\n|move|p1a: Rotom|Volt Switch|p2b: Aerodactyl\n|-supereffective|p2b: Aerodactyl|1\n|-damage|p2b: Aerodactyl|0 fnt\n|faint|p2b: Aerodactyl\n|\n|t:|1776723602\n|switch|p1a: Excadrill|Excadrill, L50, M|100/100|[from] Volt Switch\n|move|p1b: Gyarados|Thunder Wave|p2a: Scovillain\n|-status|p2a: Scovillain|par\n|\n|-weather|none\n|upkeep\n|\n|t:|1776723617\n|switch|p2b: Palafin|Palafin-Hero, L50, F|95/100 par\n|-activate|p2b: Palafin|ability: Zero to Hero\n|turn|6\n|\n|t:|1776723675\n|switch|p1b: Tyranitar|Tyranitar-Mega, L50, F|44/100\n|-weather|Sandstorm|[from] ability: Sand Stream|[of] p1b: Tyranitar\n|move|p2b: Palafin|Jet Punch|p1a: Excadrill\n|-supereffective|p1a: Excadrill|1\n|-enditem|p1a: Excadrill|Focus Sash\n|-damage|p1a: Excadrill|1/100\n|move|p1a: Excadrill|Rock Slide|p2b: Palafin|[spread] p2a,p2b\n|-supereffective|p2a: Scovillain|1\n|-crit|p2a: Scovillain\n|-damage|p2a: Scovillain|25/100 par\n|-damage|p2b: Palafin|75/100 par\n|-status|p1a: Excadrill|brn|[from] ability: Spicy Spray|[of] p2a: Scovillain\n|cant|p2a: Scovillain|flinch\n|\n|-weather|Sandstorm|[upkeep]\n|-damage|p2a: Scovillain|19/100 par|[from] Sandstorm\n|-damage|p2b: Palafin|69/100 par|[from] Sandstorm\n|-damage|p1a: Excadrill|0 fnt|[from] brn\n|faint|p1a: Excadrill\n|upkeep\n|\n|t:|1776723689\n|switch|p1a: Rotom|Rotom-Heat, L50|51/100\n|turn|7\n|\n|t:|1776723702\n|move|p2b: Palafin|Jet Punch|p1a: Rotom\n|-supereffective|p1a: Rotom|1\n|-damage|p1a: Rotom|0 fnt\n|faint|p1a: Rotom\n|move|p1b: Tyranitar|Rock Slide|p2a: Scovillain|[spread] p2a,p2b\n|-supereffective|p2a: Scovillain|1\n|-damage|p2a: Scovillain|0 fnt\n|-damage|p2b: Palafin|36/100 par\n|-status|p1b: Tyranitar|brn|[from] ability: Spicy Spray|[of] p2a: Scovillain\n|faint|p2a: Scovillain\n|\n|-weather|Sandstorm|[upkeep]\n|-damage|p2b: Palafin|30/100 par|[from] Sandstorm\n|-damage|p1b: Tyranitar|37/100 brn|[from] brn\n|upkeep\n|\n|t:|1776723711\n|switch|p1a: Gyarados|Gyarados, L50, F|14/100\n|switch|p2a: Sneasler|Sneasler, L50, M|100/100\n|-ability|p1a: Gyarados|Intimidate|boost\n|-unboost|p2a: Sneasler|atk|1\n|-unboost|p2b: Palafin|atk|1\n|-enditem|p2a: Sneasler|White Herb\n|-clearnegativeboost|p2a: Sneasler|[silent]\n|turn|8\n|\n|t:|1776723722\n|move|p1b: Tyranitar|Protect|p1b: Tyranitar\n|-singleturn|p1b: Tyranitar|Protect\n|move|p1a: Gyarados|Protect|p1a: Gyarados\n|-singleturn|p1a: Gyarados|Protect\n|move|p2a: Sneasler|Fake Out|p1a: Gyarados\n|-activate|p1a: Gyarados|move: Protect\n|move|p2b: Palafin|Jet Punch|p1a: Gyarados\n|-activate|p1a: Gyarados|move: Protect\n|\n|-weather|Sandstorm|[upkeep]\n|-damage|p2a: Sneasler|95/100|[from] Sandstorm\n|-damage|p1a: Gyarados|8/100|[from] Sandstorm\n|-damage|p2b: Palafin|24/100 par|[from] Sandstorm\n|-damage|p1b: Tyranitar|31/100 brn|[from] brn\n|upkeep\n|turn|9\n|\n|t:|1776723735\n|move|p2b: Palafin|Jet Punch|p1a: Gyarados\n|-resisted|p1a: Gyarados|1\n|-damage|p1a: Gyarados|0 fnt\n|faint|p1a: Gyarados\n|move|p2a: Sneasler|Close Combat|p1b: Tyranitar\n|-supereffective|p1b: Tyranitar|2\n|-damage|p1b: Tyranitar|0 fnt\n|-unboost|p2a: Sneasler|def|1\n|-unboost|p2a: Sneasler|spd|1\n|faint|p1b: Tyranitar\n|\n|win|Noobilio\n|raw|muzinvgc's rating: 1378 &rarr; <strong>1356</strong><br />(-22 for losing)\n|raw|Noobilio's rating: 1341 &rarr; <strong>1363</strong><br />(+22 for winning)\n|l|\u2606muzinvgc\n|player|p1|\n",
  "uploadtime": 1776723740,
  "views": 11,
  "formatid": "gen9championsvgc2026regma",
  "rating": 1356,
  "private": 0,
  "password": null
}