{
  "id": "gen9championsvgc2026regma-2584376298",
  "format": "[Gen 9 Champions] VGC 2026 Reg M-A",
  "players": [
    "Manpreet Squidwho",
    "thc_byakugan"
  ],
  "log": "|j|\u2606Manpreet Squidwho\n|j|\u2606thc_byakugan\n|t:|1776256165\n|gametype|doubles\n|player|p1|Manpreet Squidwho|169|1022\n|player|p2|thc_byakugan|dancer|1016\n|gen|9\n|tier|[Gen 9 Champions] VGC 2026 Reg M-A\n|rated|\n|rule|Species Clause: Limit one of each Pok\u00e9mon\n|rule|Item Clause: Limit 1 of each item\n|clearpoke\n|poke|p1|Meowstic, L50, M|\n|poke|p1|Sneasler, L50, F|\n|poke|p1|Delphox, L50, M|\n|poke|p1|Garchomp, L50, M|\n|poke|p1|Orthworm, L50, F|\n|poke|p1|Gardevoir, L50, F|\n|poke|p2|Tauros, L50, M|\n|poke|p2|Typhlosion-Hisui, L50, F|\n|poke|p2|Kommo-o, L50, M|\n|poke|p2|Kingambit, L50, F|\n|poke|p2|Araquanid, L50, F|\n|poke|p2|Floette-Eternal, L50, F|\n|teampreview|4\n|\n|t:|1776256224\n|teamsize|p1|4\n|teamsize|p2|4\n|start\n|switch|p1a: Meowstic|Meowstic, L50, M|100/100\n|switch|p1b: Delphox|Delphox, L50, M|100/100\n|switch|p2a: Typhlosion|Typhlosion-Hisui, L50, F|100/100\n|switch|p2b: Kommo-o|Kommo-o, L50, M|100/100\n|turn|1\n|-activate|p2b: Kommo-o|item: Quick Claw\n|\n|t:|1776256246\n|detailschange|p1b: Delphox|Delphox-Mega, L50, M\n|-mega|p1b: Delphox|Delphox|Delphoxite\n|move|p1a: Meowstic|Psychic Terrain|p1a: Meowstic\n|-fieldstart|move: Psychic Terrain\n|move|p2b: Kommo-o|Clanging Scales|p1a: Meowstic|[spread] p1a,p1b\n|-damage|p1a: Meowstic|50/100\n|-damage|p1b: Delphox|58/100\n|-unboost|p2b: Kommo-o|def|1\n|move|p1b: Delphox|Expanding Force|p2a: Typhlosion\n|-damage|p2a: Typhlosion|43/100\n|move|p2a: Typhlosion|Eruption|p1b: Delphox|[spread] p1a,p1b\n|-resisted|p1b: Delphox|1\n|-damage|p1a: Meowstic|14/100\n|-damage|p1b: Delphox|46/100\n|\n|upkeep\n|turn|2\n|\n|t:|1776256291\n|switch|p2a: Floette|Floette-Eternal, L50, F|100/100\n|move|p1a: Meowstic|Gravity|p1a: Meowstic\n|-fieldstart|move: Gravity\n|move|p1b: Delphox|Expanding Force|p2b: Kommo-o|[spread] p2a,p2b\n|-supereffective|p2b: Kommo-o|1\n|-damage|p2a: Floette|56/100\n|-damage|p2b: Kommo-o|0 fnt\n|faint|p2b: Kommo-o\n|\n|upkeep\n|\n|t:|1776256305\n|switch|p2b: Kingambit|Kingambit, L50, F|100/100\n|turn|3\n|\n|t:|1776256329\n|move|p2b: Kingambit|Protect|p2b: Kingambit\n|-singleturn|p2b: Kingambit|Protect\n|move|p1b: Delphox|Heat Wave|p2a: Floette|[spread] p2a\n|-activate|p2b: Kingambit|move: Protect\n|-damage|p2a: Floette|26/100\n|move|p1a: Meowstic|Expanding Force|p2a: Floette|[spread] p2a\n|-activate|p2b: Kingambit|move: Protect\n|-damage|p2a: Floette|0 fnt\n|faint|p2a: Floette\n|\n|upkeep\n|\n|t:|1776256341\n|switch|p2a: Typhlosion|Typhlosion-Hisui, L50, F|43/100\n|turn|4\n|\n|t:|1776256363\n|move|p2a: Typhlosion|Infernal Parade|p1b: Delphox\n|-supereffective|p1b: Delphox|1\n|-damage|p1b: Delphox|0 fnt\n|faint|p1b: Delphox\n|move|p1a: Meowstic|Expanding Force|p2b: Kingambit|[spread] p2a\n|-immune|p2b: Kingambit\n|-damage|p2a: Typhlosion|0 fnt\n|faint|p2a: Typhlosion\n|move|p2b: Kingambit|X-Scissor|p1a: Meowstic\n|-supereffective|p1a: Meowstic|1\n|-damage|p1a: Meowstic|0 fnt\n|faint|p1a: Meowstic\n|\n|upkeep\n|\n|t:|1776256372\n|switch|p1b: Gardevoir|Gardevoir, L50, F|100/100\n|switch|p1a: Garchomp|Garchomp, L50, M|100/100\n|turn|5\n|\n|t:|1776256395\n|move|p1b: Gardevoir|Moonblast|p2b: Kingambit\n|-damage|p2b: Kingambit|52/100\n|-unboost|p2b: Kingambit|spa|1\n|-ability|p2b: Kingambit|Defiant|boost\n|-boost|p2b: Kingambit|atk|2\n|move|p1a: Garchomp|Earthquake|p2b: Kingambit|[spread] p2b\n|-activate|p1b: Gardevoir|ability: Telepathy\n|-supereffective|p2b: Kingambit|1\n|-damage|p2b: Kingambit|0 fnt\n|faint|p2b: Kingambit\n|\n|win|Manpreet Squidwho\n|raw|Manpreet Squidwho's rating: 1022 &rarr; <strong>1058</strong><br />(+36 for winning)\n|raw|thc_byakugan's rating: 1016 &rarr; <strong>1004</strong><br />(-12 for losing)\n|l|\u2606thc_byakugan\n|player|p2|\n",
  "uploadtime": 1776256457,
  "views": 18,
  "formatid": "gen9championsvgc2026regma",
  "rating": 1004,
  "private": 0,
  "password": null
}