{
  "id": "gen9championsvgc2026regma-2586433686",
  "format": "[Gen 9 Champions] VGC 2026 Reg M-A",
  "players": [
    "adisabi",
    "njlkhsdfn"
  ],
  "log": "|j|\u2606adisabi\n|j|\u2606njlkhsdfn\n|t:|1776434388\n|gametype|doubles\n|player|p1|adisabi|1|1000\n|player|p2|njlkhsdfn|cyrus|1031\n|gen|9\n|tier|[Gen 9 Champions] VGC 2026 Reg M-A\n|rated|\n|rule|Species Clause: Limit one of each Pok\u00e9mon\n|rule|Item Clause: Limit 1 of each item\n|clearpoke\n|poke|p1|Scizor, L50, M|\n|poke|p1|Kommo-o, L50, M|\n|poke|p1|Sneasler, L50, F|\n|poke|p1|Incineroar, L50, M|\n|poke|p1|Basculegion, L50, M|\n|poke|p1|Ninetales-Alola, L50, F|\n|poke|p2|Sneasler, L50, M|\n|poke|p2|Incineroar, L50, M|\n|poke|p2|Golurk, L50|\n|poke|p2|Venusaur, L50, M|\n|poke|p2|Farigiraf, L50, M|\n|poke|p2|Torkoal, L50, M|\n|teampreview|4\n|inactive|Battle timer is ON: inactive players will automatically lose when time's up. (requested by njlkhsdfn)\n|\n|t:|1776434429\n|teamsize|p1|4\n|teamsize|p2|4\n|start\n|switch|p1a: Sneasler|Sneasler, L50, F|100/100\n|switch|p1b: Incineroar|Incineroar, L50, M|100/100\n|switch|p2a: Farigiraf|Farigiraf, L50, M, shiny|100/100\n|switch|p2b: Incineroar|Incineroar, L50, M, shiny|100/100\n|-ability|p2b: Incineroar|Intimidate|boost\n|-unboost|p1a: Sneasler|atk|1\n|-unboost|p1b: Incineroar|atk|1\n|-ability|p1b: Incineroar|Intimidate|boost\n|-unboost|p2a: Farigiraf|atk|1\n|-unboost|p2b: Incineroar|atk|1\n|-enditem|p1a: Sneasler|White Herb\n|-clearnegativeboost|p1a: Sneasler|[silent]\n|turn|1\n|\n|t:|1776434454\n|move|p2b: Incineroar|Fake Out|p1a: Sneasler\n|-damage|p1a: Sneasler|89/100\n|cant|p1a: Sneasler|flinch\n|move|p1b: Incineroar|Throat Chop|p2a: Farigiraf\n|-supereffective|p2a: Farigiraf|1\n|-damage|p2a: Farigiraf|71/100\n|-start|p2a: Farigiraf|Throat Chop|[silent]\n|move|p2a: Farigiraf|Trick Room|p2a: Farigiraf\n|-fieldstart|move: Trick Room|[of] p2a: Farigiraf\n|\n|upkeep\n|turn|2\n|\n|t:|1776434470\n|move|p1a: Sneasler|Protect|p1a: Sneasler\n|-singleturn|p1a: Sneasler|Protect\n|move|p2a: Farigiraf|Psychic|p1a: Sneasler\n|-activate|p1a: Sneasler|move: Protect\n|move|p1b: Incineroar|Throat Chop|p2a: Farigiraf\n|-supereffective|p2a: Farigiraf|1\n|-damage|p2a: Farigiraf|42/100\n|-enditem|p2a: Farigiraf|Sitrus Berry|[eat]\n|-heal|p2a: Farigiraf|67/100|[from] item: Sitrus Berry\n|move|p2b: Incineroar|Parting Shot|p1a: Sneasler\n|-activate|p1a: Sneasler|move: Protect\n|\n|-end|p2a: Farigiraf|Throat Chop|[silent]\n|upkeep\n|turn|3\n|\n|t:|1776434489\n|switch|p1a: Ninetales|Ninetales-Alola, L50, F|100/100\n|-weather|Snowscape|[from] ability: Snow Warning|[of] p1a: Ninetales\n|move|p2a: Farigiraf|Psychic|p1a: Ninetales\n|-damage|p1a: Ninetales|58/100\n|move|p1b: Incineroar|Throat Chop|p2a: Farigiraf\n|-supereffective|p2a: Farigiraf|1\n|-damage|p2a: Farigiraf|35/100\n|-start|p2a: Farigiraf|Throat Chop|[silent]\n|move|p2b: Incineroar|Parting Shot|p1b: Incineroar\n|-unboost|p1b: Incineroar|atk|1\n|-unboost|p1b: Incineroar|spa|1\n|\n|t:|1776434492\n|switch|p2b: Golurk|Golurk, L50, shiny|100/100|[from] Parting Shot\n|\n|-weather|Snowscape|[upkeep]\n|upkeep\n|turn|4\n|inactive|njlkhsdfn has 30 seconds left.\n|\n|t:|1776434518\n|switch|p1b: Sneasler|Sneasler, L50, F|89/100\n|move|p2a: Farigiraf|Ally Switch|p2a: Farigiraf\n|swap|p2a: Farigiraf|1|[from] move: Ally Switch\n|move|p2a: Golurk|Poltergeist|p1a: Ninetales\n|-activate|p1a: Ninetales|move: Poltergeist|Focus Sash\n|-damage|p1a: Ninetales|0 fnt\n|faint|p1a: Ninetales\n|\n|-weather|Snowscape|[upkeep]\n|-end|p2b: Farigiraf|Throat Chop|[silent]\n|upkeep\n|\n|t:|1776434527\n|switch|p1a: Incineroar|Incineroar, L50, M|100/100\n|-ability|p1a: Incineroar|Intimidate|boost\n|-unboost|p2a: Golurk|atk|1\n|-unboost|p2b: Farigiraf|atk|1\n|turn|5\n|inactive|njlkhsdfn has 30 seconds left.\n|\n|t:|1776434555\n|detailschange|p2a: Golurk|Golurk-Mega, L50, shiny\n|-mega|p2a: Golurk|Golurk|Golurkite\n|move|p2b: Farigiraf|Psychic|p1b: Sneasler\n|-supereffective|p1b: Sneasler|2\n|-damage|p1b: Sneasler|0 fnt\n|faint|p1b: Sneasler\n|move|p2a: Golurk|Headlong Rush|p1a: Incineroar\n|-supereffective|p1a: Incineroar|1\n|-damage|p1a: Incineroar|25/100\n|-unboost|p2a: Golurk|def|1\n|-unboost|p2a: Golurk|spd|1\n|-enditem|p1a: Incineroar|Sitrus Berry|[eat]\n|-heal|p1a: Incineroar|50/100|[from] item: Sitrus Berry\n|move|p1a: Incineroar|Throat Chop|p2b: Farigiraf\n|-supereffective|p2b: Farigiraf|1\n|-damage|p2b: Farigiraf|0 fnt\n|faint|p2b: Farigiraf\n|\n|-weather|Snowscape|[upkeep]\n|-fieldend|move: Trick Room\n|upkeep\n|\n|t:|1776434570\n|switch|p1b: Kommo-o|Kommo-o, L50, M|100/100\n|switch|p2b: Incineroar|Incineroar, L50, M, shiny|100/100\n|-ability|p2b: Incineroar|Intimidate|boost\n|-unboost|p1a: Incineroar|atk|1\n|-unboost|p1b: Kommo-o|atk|1\n|turn|6\n|\n|t:|1776434592\n|move|p2a: Golurk|Protect|p2a: Golurk\n|-singleturn|p2a: Golurk|Protect\n|move|p2b: Incineroar|Fake Out|p1b: Kommo-o\n|-damage|p1b: Kommo-o|89/100\n|cant|p1b: Kommo-o|flinch\n|move|p1a: Incineroar|Throat Chop|p2a: Golurk\n|-activate|p2a: Golurk|move: Protect\n|\n|-weather|Snowscape|[upkeep]\n|-heal|p1b: Kommo-o|95/100|[from] item: Leftovers\n|upkeep\n|turn|7\n|\n|t:|1776434609\n|move|p1b: Kommo-o|Clangorous Soul|p1b: Kommo-o\n|-boost|p1b: Kommo-o|atk|1\n|-boost|p1b: Kommo-o|def|1\n|-boost|p1b: Kommo-o|spa|1\n|-boost|p1b: Kommo-o|spd|1\n|-boost|p1b: Kommo-o|spe|1\n|-damage|p1b: Kommo-o|62/100\n|move|p2b: Incineroar|Parting Shot|p1b: Kommo-o\n|-unboost|p1b: Kommo-o|atk|1\n|-unboost|p1b: Kommo-o|spa|1\n|\n|t:|1776434617\n|switch|p2b: Torkoal|Torkoal, L50, M|100/100|[from] Parting Shot\n|-weather|SunnyDay|[from] ability: Drought|[of] p2b: Torkoal\n|move|p2a: Golurk|Headlong Rush|p1a: Incineroar\n|-supereffective|p1a: Incineroar|1\n|-damage|p1a: Incineroar|0 fnt\n|-unboost|p2a: Golurk|def|1\n|-unboost|p2a: Golurk|spd|1\n|faint|p1a: Incineroar\n|\n|-weather|SunnyDay|[upkeep]\n|-heal|p1b: Kommo-o|68/100|[from] item: Leftovers\n|upkeep\n|turn|8\n|\n|t:|1776434629\n|move|p2a: Golurk|Protect|p2a: Golurk\n|-singleturn|p2a: Golurk|Protect\n|move|p1b: Kommo-o|Clanging Scales|p2b: Torkoal|[spread] p2b\n|-activate|p2a: Golurk|move: Protect\n|-damage|p2b: Torkoal|54/100\n|-unboost|p1b: Kommo-o|def|1\n|move|p2b: Torkoal|Eruption|p1b: Kommo-o\n|-resisted|p1b: Kommo-o|1\n|-damage|p1b: Kommo-o|46/100\n|\n|-weather|SunnyDay|[upkeep]\n|-heal|p1b: Kommo-o|52/100|[from] item: Leftovers\n|upkeep\n|turn|9\n|\n|t:|1776434644\n|move|p2b: Torkoal|Protect|p2b: Torkoal\n|-singleturn|p2b: Torkoal|Protect\n|move|p1b: Kommo-o|Clanging Scales|p2a: Golurk|[spread] p2a\n|-activate|p2b: Torkoal|move: Protect\n|-damage|p2a: Golurk|36/100\n|-unboost|p1b: Kommo-o|def|1\n|move|p2a: Golurk|Ice Punch|p1b: Kommo-o\n|-supereffective|p1b: Kommo-o|1\n|-damage|p1b: Kommo-o|0 fnt\n|faint|p1b: Kommo-o\n|\n|win|njlkhsdfn\n|raw|adisabi's rating: 1000 &rarr; <strong>1000</strong><br />(+0 for losing)\n|raw|njlkhsdfn's rating: 1031 &rarr; <strong>1063</strong><br />(+32 for winning)\n",
  "uploadtime": 1776434655,
  "views": 21,
  "formatid": "gen9championsvgc2026regma",
  "rating": 1000,
  "private": 0,
  "password": null
}