{
  "id": "gen9championsvgc2026regma-2582174186",
  "format": "[Gen 9 Champions] VGC 2026 Reg M-A",
  "players": [
    "arroyofran2",
    "Furka58yy"
  ],
  "log": "|j|\u2606arroyofran2\n|j|\u2606Furka58yy\n|t:|1776067401\n|gametype|doubles\n|player|p1|arroyofran2|fisherman|1400\n|player|p2|Furka58yy|2|1482\n|gen|9\n|tier|[Gen 9 Champions] VGC 2026 Reg M-A\n|rated|\n|rule|Species Clause: Limit one of each Pok\u00e9mon\n|rule|Item Clause: Limit 1 of each item\n|clearpoke\n|poke|p1|Archaludon, L50, M|\n|poke|p1|Starmie, L50|\n|poke|p1|Pelipper, L50, M|\n|poke|p1|Farigiraf, L50, F|\n|poke|p1|Sneasler, L50, M|\n|poke|p1|Aegislash, L50, M|\n|poke|p2|Kingambit, L50, M|\n|poke|p2|Charizard, L50, F|\n|poke|p2|Venusaur, L50, F|\n|poke|p2|Garchomp, L50, F|\n|poke|p2|Sneasler, L50, F|\n|poke|p2|Aerodactyl, L50, F|\n|teampreview|4\n|j| toririn8000\n|inactive|Battle timer is ON: inactive players will automatically lose when time's up. (requested by arroyofran2)\n|\n|t:|1776067469\n|teamsize|p1|4\n|teamsize|p2|4\n|start\n|switch|p1a: Sneasler|Sneasler, L50, M|100/100\n|switch|p1b: Starmie|Starmie, L50, shiny|100/100\n|switch|p2a: Charizard|Charizard, L50, F|100/100\n|switch|p2b: Venusaur|Venusaur, L50, F|100/100\n|turn|1\n|\n|t:|1776067488\n|detailschange|p1b: Starmie|Starmie-Mega, L50, shiny\n|-mega|p1b: Starmie|Starmie|Starminite\n|move|p2b: Venusaur|Protect|p2b: Venusaur\n|-singleturn|p2b: Venusaur|Protect\n|move|p2a: Charizard|Protect|p2a: Charizard\n|-singleturn|p2a: Charizard|Protect\n|move|p1a: Sneasler|Fake Out|p2b: Venusaur\n|-activate|p2b: Venusaur|move: Protect\n|move|p1b: Starmie|Liquidation|p2a: Charizard\n|-activate|p2a: Charizard|move: Protect\n|\n|upkeep\n|turn|2\n|inactive|Furka58yy has 30 seconds left.\n|inactive|Furka58yy has 20 seconds left.\n|\n|t:|1776067527\n|detailschange|p2a: Charizard|Charizard-Mega-Y, L50, F\n|-mega|p2a: Charizard|Charizard|Charizardite Y\n|-weather|SunnyDay|[from] ability: Drought|[of] p2a: Charizard\n|move|p1b: Starmie|Protect|p1b: Starmie\n|-singleturn|p1b: Starmie|Protect\n|move|p2b: Venusaur|Leaf Storm|p1b: Starmie\n|-activate|p1b: Starmie|move: Protect\n|move|p1a: Sneasler|Dire Claw|p2a: Charizard\n|-crit|p2a: Charizard\n|-damage|p2a: Charizard|28/100\n|move|p2a: Charizard|Air Slash|p1a: Sneasler\n|-supereffective|p1a: Sneasler|1\n|-damage|p1a: Sneasler|0 fnt\n|faint|p1a: Sneasler\n|\n|-weather|SunnyDay|[upkeep]\n|upkeep\n|\n|t:|1776067542\n|switch|p1a: Pelipper|Pelipper, L50, M|100/100\n|-weather|RainDance|[from] ability: Drizzle|[of] p1a: Pelipper\n|turn|3\n|j| CARtu348rjf90\n|\n|t:|1776067557\n|switch|p2a: Garchomp|Garchomp, L50, F|100/100\n|move|p2b: Venusaur|Protect|p2b: Venusaur\n|-singleturn|p2b: Venusaur|Protect\n|move|p1b: Starmie|Ice Spinner|p2b: Venusaur\n|-activate|p2b: Venusaur|move: Protect\n|move|p1a: Pelipper|Tailwind|p1a: Pelipper\n|-sidestart|p1: arroyofran2|move: Tailwind\n|\n|-weather|RainDance|[upkeep]\n|upkeep\n|turn|4\n|\n|t:|1776067580\n|switch|p2b: Kingambit|Kingambit, L50, M|100/100\n|move|p2a: Garchomp|Protect|p2a: Garchomp\n|-singleturn|p2a: Garchomp|Protect\n|move|p1b: Starmie|Ice Spinner|p2b: Kingambit\n|-resisted|p2b: Kingambit|1\n|-damage|p2b: Kingambit|82/100\n|move|p1a: Pelipper|Weather Ball|p2b: Kingambit\n|-damage|p2b: Kingambit|12/100\n|\n|-weather|RainDance|[upkeep]\n|upkeep\n|turn|5\n|\n|t:|1776067599\n|switch|p1a: Farigiraf|Farigiraf, L50, F|100/100\n|move|p2b: Kingambit|Protect|p2b: Kingambit\n|-singleturn|p2b: Kingambit|Protect\n|move|p1b: Starmie|Ice Spinner|p2a: Garchomp\n|-supereffective|p2a: Garchomp|2\n|-damage|p2a: Garchomp|0 fnt\n|-damage|p1b: Starmie|88/100|[from] ability: Rough Skin|[of] p2a: Garchomp\n|faint|p2a: Garchomp\n|\n|-weather|RainDance|[upkeep]\n|upkeep\n|\n|t:|1776067618\n|switch|p2a: Venusaur|Venusaur, L50, F|100/100\n|turn|6\n|inactive|Furka58yy has 30 seconds left.\n|inactive|Furka58yy has 20 seconds left.\n|inactive|Furka58yy has 15 seconds left.\n|inactive|Furka58yy has 10 seconds left.\n|\n|t:|1776067668\n|move|p1b: Starmie|Protect|p1b: Starmie\n|-singleturn|p1b: Starmie|Protect\n|move|p1a: Farigiraf|Psychic|p2a: Venusaur\n|-supereffective|p2a: Venusaur|1\n|-damage|p2a: Venusaur|30/100\n|move|p2a: Venusaur|Leaf Storm|p1b: Starmie\n|-activate|p1b: Starmie|move: Protect\n|move|p2b: Kingambit|Kowtow Cleave|p1a: Farigiraf\n|-supereffective|p1a: Farigiraf|1\n|-enditem|p1a: Farigiraf|Colbur Berry|[eat]\n|-enditem|p1a: Farigiraf|Colbur Berry|[weaken]\n|-damage|p1a: Farigiraf|63/100\n|\n|-weather|RainDance|[upkeep]\n|-sideend|p1: arroyofran2|move: Tailwind\n|upkeep\n|turn|7\n|j| Reign1997\n|inactive|arroyofran2 has 30 seconds left.\n|inactive|Furka58yy has 30 seconds left.\n|inactive|arroyofran2 has 20 seconds left.\n|inactive|Furka58yy has 20 seconds left.\n|inactive|arroyofran2 has 15 seconds left.\n|inactive|Furka58yy has 15 seconds left.\n|\n|t:|1776067711\n|move|p1b: Starmie|Aqua Jet|p2b: Kingambit\n|-crit|p2b: Kingambit\n|-damage|p2b: Kingambit|0 fnt\n|faint|p2b: Kingambit\n|move|p2a: Venusaur|Sleep Powder|p1a: Farigiraf\n|-status|p1a: Farigiraf|slp|[from] move: Sleep Powder\n|cant|p1a: Farigiraf|slp\n|\n|-weather|none\n|upkeep\n|\n|t:|1776067720\n|switch|p2b: Charizard|Charizard-Mega-Y, L50, F|28/100\n|-weather|SunnyDay|[from] ability: Drought|[of] p2b: Charizard\n|turn|8\n|\n|t:|1776067741\n|switch|p1a: Pelipper|Pelipper, L50, M|100/100\n|-weather|RainDance|[from] ability: Drizzle|[of] p1a: Pelipper\n|move|p2a: Venusaur|Protect|p2a: Venusaur\n|-singleturn|p2a: Venusaur|Protect\n|move|p1b: Starmie|Ice Spinner|p2a: Venusaur\n|-activate|p2a: Venusaur|move: Protect\n|move|p2b: Charizard|Air Slash|p1b: Starmie\n|-damage|p1b: Starmie|30/100\n|\n|-weather|RainDance|[upkeep]\n|upkeep\n|turn|9\n|\n|t:|1776067756\n|move|p2a: Venusaur|Protect|p2a: Venusaur\n|-singleturn|p2a: Venusaur|Protect\n|move|p1b: Starmie|Ice Spinner|p2a: Venusaur\n|-activate|p2a: Venusaur|move: Protect\n|move|p2b: Charizard|Air Slash|p1b: Starmie\n|-damage|p1b: Starmie|0 fnt\n|faint|p1b: Starmie\n|move|p1a: Pelipper|Weather Ball|p2b: Charizard\n|-supereffective|p2b: Charizard|1\n|-damage|p2b: Charizard|0 fnt\n|faint|p2b: Charizard\n|\n|-weather|RainDance|[upkeep]\n|upkeep\n|\n|t:|1776067760\n|switch|p1b: Farigiraf|Farigiraf, L50, F|63/100 slp\n|turn|10\n|\n|t:|1776067772\n|move|p2a: Venusaur|Sleep Powder|p1a: Pelipper\n|-status|p1a: Pelipper|slp|[from] move: Sleep Powder\n|cant|p1a: Pelipper|slp\n|cant|p1b: Farigiraf|slp\n|\n|-weather|RainDance|[upkeep]\n|upkeep\n|turn|11\n|\n|t:|1776067782\n|move|p2a: Venusaur|Sludge Bomb|p1b: Farigiraf\n|-damage|p1b: Farigiraf|14/100 slp\n|-curestatus|p1a: Pelipper|slp|[msg]\n|move|p1a: Pelipper|Hurricane|p2a: Venusaur\n|-supereffective|p2a: Venusaur|1\n|-damage|p2a: Venusaur|0 fnt\n|faint|p2a: Venusaur\n|\n|win|arroyofran2\n|raw|arroyofran2's rating: 1400 &rarr; <strong>1425</strong><br />(+25 for winning)\n|raw|Furka58yy's rating: 1482 &rarr; <strong>1457</strong><br />(-25 for losing)\n|l|\u2606arroyofran2\n|player|p1|\n",
  "uploadtime": 1776067792,
  "views": 44,
  "formatid": "gen9championsvgc2026regma",
  "rating": 1425,
  "private": 0,
  "password": null
}