{
  "id": "gen9championsvgc2026regma-2587635734",
  "format": "[Gen 9 Champions] VGC 2026 Reg M-A",
  "players": [
    "t3r3best",
    "gtuvyh989"
  ],
  "log": "|j|\u2606t3r3best\n|j|\u2606gtuvyh989\n|t:|1776549052\n|gametype|doubles\n|player|p1|t3r3best|1|1031\n|player|p2|gtuvyh989|1|1028\n|gen|9\n|tier|[Gen 9 Champions] VGC 2026 Reg M-A\n|rated|\n|rule|Species Clause: Limit one of each Pok\u00e9mon\n|rule|Item Clause: Limit 1 of each item\n|clearpoke\n|poke|p1|Garchomp, L50, F|\n|poke|p1|Rotom-Wash, L50|\n|poke|p1|Venusaur, L50, F|\n|poke|p1|Aegislash, L50, M|\n|poke|p1|Incineroar, L50, F|\n|poke|p1|Delphox, L50, M|\n|poke|p2|Glimmora, L50, F|\n|poke|p2|Archaludon, L50, M|\n|poke|p2|Politoed, L50, F|\n|poke|p2|Venusaur, L50, F|\n|poke|p2|Maushold, L50|\n|poke|p2|Kangaskhan, L50, F|\n|teampreview|4\n|inactive|Battle timer is ON: inactive players will automatically lose when time's up. (requested by gtuvyh989)\ngtuvyh989 rejected open team sheets.\n|inactive|t3r3best has 60 seconds left.\n|\n|t:|1776549091\n|teamsize|p1|4\n|teamsize|p2|4\n|start\n|switch|p1a: Aegislash|Aegislash, L50, M|100/100\n|switch|p1b: Delphox|Delphox, L50, M|100/100\n|switch|p2a: Archaludon|Archaludon, L50, M|100/100\n|switch|p2b: Politoed|Politoed, L50, F|100/100\n|-weather|RainDance|[from] ability: Drizzle|[of] p2b: Politoed\n|turn|1\n|\n|t:|1776549112\n|switch|p1b: Garchomp|Garchomp, L50, F|100/100\n|move|p2a: Archaludon|Electro Shot||[still]\n|-prepare|p2a: Archaludon|Electro Shot\n|-boost|p2a: Archaludon|spa|1\n|-anim|p2a: Archaludon|Electro Shot|p1a: Aegislash\n|-damage|p1a: Aegislash|50/100\n|move|p2b: Politoed|Weather Ball|p1b: Garchomp\n|-damage|p1b: Garchomp|54/100\n|-formechange|p1a: Aegislash|Aegislash-Blade|\n|move|p1a: Aegislash|Shadow Ball|p2a: Archaludon\n|-damage|p2a: Archaludon|50/100\n|-unboost|p2a: Archaludon|spd|1\n|-ability|p2a: Archaludon|Stamina|boost\n|-boost|p2a: Archaludon|def|1\n|\n|-weather|RainDance|[upkeep]\n|-heal|p2a: Archaludon|56/100|[from] item: Leftovers\n|upkeep\n|turn|2\n|\n|t:|1776549133\n|move|p2a: Archaludon|Protect|p2a: Archaludon\n|-singleturn|p2a: Archaludon|Protect\n|-formechange|p1a: Aegislash|Aegislash|\n|move|p1a: Aegislash|King's Shield|p1a: Aegislash\n|-singleturn|p1a: Aegislash|Protect\n|move|p1b: Garchomp|Dragon Claw|p2a: Archaludon\n|-activate|p2a: Archaludon|move: Protect\n|move|p2b: Politoed|Weather Ball|p1a: Aegislash\n|-activate|p1a: Aegislash|move: Protect\n|\n|-weather|RainDance|[upkeep]\n|-heal|p2a: Archaludon|62/100|[from] item: Leftovers\n|upkeep\n|turn|3\n|\n|t:|1776549149\n|switch|p2a: Glimmora|Glimmora, L50, F|100/100\n|move|p1b: Garchomp|Dragon Claw|p2a: Glimmora\n|-damage|p2a: Glimmora|48/100\n|-activate|p2a: Glimmora|ability: Toxic Debris\n|-sidestart|p1: t3r3best|move: Toxic Spikes\n|move|p2b: Politoed|Weather Ball|p1a: Aegislash\n|-damage|p1a: Aegislash|9/100\n|-formechange|p1a: Aegislash|Aegislash-Blade|\n|move|p1a: Aegislash|Shadow Ball|p2b: Politoed\n|-damage|p2b: Politoed|58/100\n|\n|-weather|RainDance|[upkeep]\n|upkeep\n|turn|4\n|\n|t:|1776549167\n|switch|p1b: Venusaur|Venusaur, L50, F|100/100\n|-sideend|p1: t3r3best|move: Toxic Spikes|[of] p1b: Venusaur\n|-formechange|p1a: Aegislash|Aegislash|\n|move|p1a: Aegislash|King's Shield|p1a: Aegislash\n|-singleturn|p1a: Aegislash|Protect\n|move|p2a: Glimmora|Earth Power|p1a: Aegislash\n|-activate|p1a: Aegislash|move: Protect\n|move|p2b: Politoed|Weather Ball|p1a: Aegislash\n|-activate|p1a: Aegislash|move: Protect\n|\n|-weather|RainDance|[upkeep]\n|upkeep\n|turn|5\n|inactive|t3r3best has 30 seconds left.\n|\n|t:|1776549198\n|move|p1b: Venusaur|Protect|p1b: Venusaur\n|-singleturn|p1b: Venusaur|Protect\n|-formechange|p1a: Aegislash|Aegislash-Blade|\n|move|p1a: Aegislash|Shadow Sneak|p2a: Glimmora\n|-damage|p2a: Glimmora|18/100\n|-activate|p2a: Glimmora|ability: Toxic Debris\n|-sidestart|p1: t3r3best|move: Toxic Spikes\n|move|p2a: Glimmora|Earth Power|p1a: Aegislash\n|-supereffective|p1a: Aegislash|1\n|-damage|p1a: Aegislash|0 fnt\n|faint|p1a: Aegislash\n|move|p2b: Politoed|Weather Ball|p1b: Venusaur\n|-activate|p1b: Venusaur|move: Protect\n|\n|-weather|none\n|upkeep\n|\n|t:|1776549211\n|switch|p1a: Delphox|Delphox, L50, M|100/100\n|-status|p1a: Delphox|psn\n|turn|6\n|\n|t:|1776549234\n|switch|p2b: Archaludon|Archaludon, L50, M|62/100\n|detailschange|p1a: Delphox|Delphox-Mega, L50, M\n|-mega|p1a: Delphox|Delphox|Delphoxite\n|move|p1a: Delphox|Psychic|p2a: Glimmora\n|-supereffective|p2a: Glimmora|1\n|-damage|p2a: Glimmora|0 fnt\n|faint|p2a: Glimmora\n|move|p1b: Venusaur|Giga Drain|p2b: Archaludon\n|-resisted|p2b: Archaludon|2\n|-damage|p2b: Archaludon|55/100\n|-ability|p2b: Archaludon|Stamina|boost\n|-boost|p2b: Archaludon|def|1\n|\n|-heal|p2b: Archaludon|61/100|[from] item: Leftovers\n|-damage|p1a: Delphox|88/100 psn|[from] psn\n|upkeep\n|\n|t:|1776549240\n|switch|p2a: Politoed|Politoed, L50, F|58/100\n|-weather|RainDance|[from] ability: Drizzle|[of] p2a: Politoed\n|turn|7\n|\n|t:|1776549252\n|move|p1a: Delphox|Substitute|p1a: Delphox\n|-start|p1a: Delphox|Substitute\n|-damage|p1a: Delphox|64/100 psn\n|move|p1b: Venusaur|Leech Seed|p2b: Archaludon\n|-start|p2b: Archaludon|move: Leech Seed\n|move|p2b: Archaludon|Electro Shot||[still]\n|-prepare|p2b: Archaludon|Electro Shot\n|-boost|p2b: Archaludon|spa|1\n|-anim|p2b: Archaludon|Electro Shot|p1b: Venusaur\n|-resisted|p1b: Venusaur|1\n|-damage|p1b: Venusaur|75/100\n|move|p2a: Politoed|Weather Ball|p1a: Delphox\n|-supereffective|p1a: Delphox|1\n|-end|p1a: Delphox|Substitute\n|\n|-weather|RainDance|[upkeep]\n|-heal|p2b: Archaludon|68/100|[from] item: Leftovers\n|-damage|p2b: Archaludon|55/100|[from] Leech Seed|[of] p1b: Venusaur\n|-heal|p1b: Venusaur|88/100|[silent]\n|-damage|p1a: Delphox|51/100 psn|[from] psn\n|upkeep\n|turn|8\n|inactive|gtuvyh989 has 30 seconds left.\n|inactive|gtuvyh989 has 20 seconds left.\n|\n|t:|1776549291\n|move|p1a: Delphox|Heat Wave|p2a: Politoed|[spread] p2a,p2b\n|-resisted|p2a: Politoed|1\n|-damage|p2a: Politoed|51/100\n|-damage|p2b: Archaludon|37/100\n|-ability|p2b: Archaludon|Stamina|boost\n|-boost|p2b: Archaludon|def|1\n|move|p1b: Venusaur|Giga Drain|p2a: Politoed\n|-supereffective|p2a: Politoed|1\n|-crit|p2a: Politoed\n|-damage|p2a: Politoed|0 fnt\n|-heal|p1b: Venusaur|100/100|[from] drain|[of] p2a: Politoed\n|faint|p2a: Politoed\n|move|p2b: Archaludon|Dragon Pulse|p1b: Venusaur\n|-damage|p1b: Venusaur|51/100\n|\n|-weather|RainDance|[upkeep]\n|-heal|p2b: Archaludon|43/100|[from] item: Leftovers\n|-damage|p2b: Archaludon|31/100|[from] Leech Seed|[of] p1b: Venusaur\n|-heal|p1b: Venusaur|64/100|[silent]\n|-damage|p1a: Delphox|39/100 psn|[from] psn\n|upkeep\n|\n|t:|1776549303\n|switch|p2a: Kangaskhan|Kangaskhan, L50, F|100/100\n|turn|9\n|\n|t:|1776549322\n|detailschange|p2a: Kangaskhan|Kangaskhan-Mega, L50, F\n|-mega|p2a: Kangaskhan|Kangaskhan|Kangaskhanite\n|move|p1a: Delphox|Protect|p1a: Delphox\n|-singleturn|p1a: Delphox|Protect\n|move|p1b: Venusaur|Protect|p1b: Venusaur\n|-singleturn|p1b: Venusaur|Protect\n|move|p2a: Kangaskhan|Sucker Punch||[still]\n|-fail|p2a: Kangaskhan\n|move|p2b: Archaludon|Dragon Pulse|p1b: Venusaur\n|-activate|p1b: Venusaur|move: Protect\n|\n|-weather|RainDance|[upkeep]\n|-heal|p2b: Archaludon|37/100|[from] item: Leftovers\n|-damage|p2b: Archaludon|25/100|[from] Leech Seed|[of] p1b: Venusaur\n|-heal|p1b: Venusaur|76/100|[silent]\n|-damage|p1a: Delphox|27/100 psn|[from] psn\n|upkeep\n|turn|10\n|\n|t:|1776549341\n|move|p2a: Kangaskhan|Sucker Punch|p1a: Delphox\n|-supereffective|p1a: Delphox|1\n|-damage|p1a: Delphox|0 fnt\n|faint|p1a: Delphox\n|-hitcount|p1: Delphox|1\n|move|p1b: Venusaur|Giga Drain|p2a: Kangaskhan\n|-damage|p2a: Kangaskhan|75/100\n|-heal|p1b: Venusaur|91/100|[from] drain|[of] p2a: Kangaskhan\n|move|p2b: Archaludon|Dragon Pulse|p1b: Venusaur\n|-damage|p1b: Venusaur|36/100\n|\n|-weather|RainDance|[upkeep]\n|-heal|p2b: Archaludon|31/100|[from] item: Leftovers\n|-damage|p2b: Archaludon|19/100|[from] Leech Seed|[of] p1b: Venusaur\n|-heal|p1b: Venusaur|49/100|[silent]\n|upkeep\n|\n|t:|1776549354\n|switch|p1a: Garchomp|Garchomp, L50, F|54/100\n|-status|p1a: Garchomp|psn\n|turn|11\n|\n|t:|1776549362\n|move|p1b: Venusaur|Protect|p1b: Venusaur\n|-singleturn|p1b: Venusaur|Protect\n|move|p2a: Kangaskhan|Sucker Punch|p1a: Garchomp\n|-crit|p1a: Garchomp\n|-damage|p1a: Garchomp|22/100 psn\n|-damage|p2a: Kangaskhan|63/100|[from] ability: Rough Skin|[of] p1a: Garchomp\n|-damage|p1a: Garchomp|17/100 psn\n|-damage|p2a: Kangaskhan|50/100|[from] ability: Rough Skin|[of] p1a: Garchomp\n|-hitcount|p1a: Garchomp|2\n|move|p1a: Garchomp|Earthquake|p2a: Kangaskhan|[spread] p2a,p2b\n|-activate|p1b: Venusaur|move: Protect\n|-supereffective|p2b: Archaludon|1\n|-damage|p2a: Kangaskhan|21/100\n|-damage|p2b: Archaludon|0 fnt\n|faint|p2b: Archaludon\n|\n|-weather|none\n|-damage|p1a: Garchomp|5/100 psn|[from] psn\n|upkeep\n|turn|12\n|\n|t:|1776549387\n|move|p2a: Kangaskhan|Protect|p2a: Kangaskhan\n|-singleturn|p2a: Kangaskhan|Protect\n|move|p1a: Garchomp|Earthquake|p2a: Kangaskhan|[spread] p1b\n|-activate|p2a: Kangaskhan|move: Protect\n|-damage|p1b: Venusaur|7/100\n|move|p1b: Venusaur|Giga Drain|p2a: Kangaskhan\n|-activate|p2a: Kangaskhan|move: Protect\n|\n|-damage|p1a: Garchomp|0 fnt|[from] psn\n|faint|p1a: Garchomp\n|upkeep\n|turn|13\n|\n|t:|1776549398\n|move|p2a: Kangaskhan|Double-Edge|p1b: Venusaur\n|-damage|p1b: Venusaur|0 fnt\n|faint|p1b: Venusaur\n|-hitcount|p1: Venusaur|1\n|-damage|p2a: Kangaskhan|19/100|[from] Recoil\n|\n|win|gtuvyh989\n|raw|t3r3best's rating: 1031 &rarr; <strong>1016</strong><br />(-15 for losing)\n|raw|gtuvyh989's rating: 1028 &rarr; <strong>1064</strong><br />(+36 for winning)\n|l|\u2606t3r3best\n|player|p1|\n",
  "uploadtime": 1776549402,
  "views": 20,
  "formatid": "gen9championsvgc2026regma",
  "rating": 1016,
  "private": 0,
  "password": null
}