{
  "id": "gen9championsvgc2026regma-2580591425",
  "format": "[Gen 9 Champions] VGC 2026 Reg M-A",
  "players": [
    "Eshaway",
    "Reebookpump"
  ],
  "log": "|j|\u2606Eshaway\n|j|\u2606Reebookpump\n|html|<table width=\"100%\"><tr><td align=\"left\">Eshaway</td><td align=\"right\">Reebookpump</tr><tr><td align=\"left\"><i class=\"fa fa-circle-o\"></i> <i class=\"fa fa-circle-o\"></i> </td><td align=\"right\"><i class=\"fa fa-circle-o\"></i> <i class=\"fa fa-circle-o\"></i> </tr></table>\n|uhtml|bestof|<h2><strong>Game 1</strong> of <a href=\"/game-bestof3-gen9championsvgc2026regma-2580591424\">a best-of-3</a></h2>\n|t:|1775916070\n|gametype|doubles\n|player|p1|Eshaway|265|\n|player|p2|Reebookpump|red-masters|\n|gen|9\n|tier|[Gen 9 Champions] VGC 2026 Reg M-A\n|rated|Tournament battle\n|rule|Species Clause: Limit one of each Pok\u00e9mon\n|rule|Item Clause: Limit 1 of each item\n|raw|<div class=\"infobox\"><details class=\"readmore\" open><summary><strong>2 custom rules:</strong></summary> Force Open Team Sheets, Best of = 3</details></div>\n|clearpoke\n|poke|p1|Starmie, L50|\n|poke|p1|Archaludon, L50, M|\n|poke|p1|Pelipper, L50, M|\n|poke|p1|Gengar, L50, M|\n|poke|p1|Maushold-Four, L50|\n|poke|p1|Incineroar, L50, M|\n|poke|p2|Charizard, L50, F|\n|poke|p2|Venusaur, L50, M|\n|poke|p2|Pelipper, L50, F|\n|poke|p2|Garchomp, L50, F|\n|poke|p2|Rotom-Wash, L50|\n|poke|p2|Incineroar, L50, F|\n|teampreview|4\n|showteam|p1|Starmie||Starminite|NaturalCure|FlipTurn,Liquidation,Protect,PsychoCut||||||50|]Archaludon||Leftovers|Stamina|ElectroShot,Snarl,Protect,FlashCannon|||M|||50|]Pelipper||WacanBerry|Drizzle|Tailwind,Hurricane,Protect,WeatherBall|||M|||50|]Gengar||Gengarite|CursedBody|SludgeBomb,Protect,Taunt,ShadowBall|||M|||50|]Maushold-Four||MentalHerb|FriendGuard|PopulationBomb,FollowMe,Protect,Taunt||||||50|]Incineroar||SitrusBerry|Intimidate|FakeOut,PartingShot,ThroatChop,FlareBlitz|||M|||50|\n|showteam|p2|Charizard||CharizarditeY|SolarPower|HeatWave,WeatherBall,Hurricane,Protect|||F|||50|]Venusaur||Venusaurite|Chlorophyll|SludgeBomb,WeatherBall,LeafStorm,Protect|||M|||50|]Pelipper||FocusSash|Drizzle|Hurricane,WeatherBall,Tailwind,Protect|||F|||50|]Garchomp||SoftSand|RoughSkin|Earthquake,DragonClaw,SwordsDance,Protect|||F|||50|]Rotom-Wash||ChoiceScarf|Levitate|HydroPump,Discharge,Thunder,VoltSwitch||||||50|]Incineroar||SitrusBerry|Intimidate|FakeOut,FlareBlitz,ThroatChop,PartingShot|||F|||50|\n|inactive|Battle timer is ON: inactive players will automatically lose when time's up. (requested by Eshaway)\n|j| Tyrant Type\n|c|\u2606Eshaway|good luck have fun\n|l| Tyrant Type\n|c|\u2606Reebookpump|Glhf\n|inactive|Eshaway has 60 seconds left.\n|inactive|Reebookpump has 60 seconds left.\n|\n|t:|1775916130\n|teamsize|p1|4\n|teamsize|p2|4\n|start\n|switch|p1a: Pelipper|Pelipper, L50, M|100/100\n|switch|p1b: Incineroar|Incineroar, L50, M|100/100\n|switch|p2a: Charizard|Charizard, L50, F|100/100\n|switch|p2b: Rotom|Rotom-Wash, L50|100/100\n|-weather|RainDance|[from] ability: Drizzle|[of] p1a: Pelipper\n|-ability|p1b: Incineroar|Intimidate|boost\n|-unboost|p2a: Charizard|atk|1\n|-unboost|p2b: Rotom|atk|1\n|turn|1\n|\n|t:|1775916153\n|switch|p1a: Archie|Archaludon, L50, M|100/100\n|move|p2a: Charizard|Protect|p2a: Charizard\n|-singleturn|p2a: Charizard|Protect\n|move|p1b: Incineroar|Fake Out|p2a: Charizard\n|-activate|p2a: Charizard|move: Protect\n|move|p2b: Rotom|Volt Switch|p1a: Archie\n|-resisted|p1a: Archie|1\n|-damage|p1a: Archie|78/100\n|-ability|p1a: Archie|Stamina|boost\n|-boost|p1a: Archie|def|1\n|\n|t:|1775916160\n|switch|p2b: Garchomp|Garchomp, L50, F|100/100|[from] Volt Switch\n|\n|-weather|RainDance|[upkeep]\n|-heal|p1a: Archie|84/100|[from] item: Leftovers\n|upkeep\n|turn|2\n|inactive|Reebookpump has 30 seconds left.\n|\n|t:|1775916188\n|move|p1a: Archie|Protect|p1a: Archie\n|-singleturn|p1a: Archie|Protect\n|move|p2b: Garchomp|Earthquake|p1b: Incineroar|[spread] p1b\n|-activate|p1a: Archie|move: Protect\n|-immune|p2a: Charizard\n|-supereffective|p1b: Incineroar|1\n|-damage|p1b: Incineroar|26/100\n|-enditem|p1b: Incineroar|Sitrus Berry|[eat]\n|-heal|p1b: Incineroar|51/100|[from] item: Sitrus Berry\n|move|p2a: Charizard|Weather Ball|p1b: Incineroar\n|-supereffective|p1b: Incineroar|1\n|-damage|p1b: Incineroar|0 fnt\n|faint|p1b: Incineroar\n|\n|-weather|RainDance|[upkeep]\n|-heal|p1a: Archie|90/100|[from] item: Leftovers\n|upkeep\n|\n|t:|1775916207\n|switch|p1b: Starmie|Starmie, L50|100/100\n|turn|3\n|inactive|Reebookpump has 30 seconds left.\n|inactive|Reebookpump has 20 seconds left.\n|inactive|Reebookpump has 15 seconds left.\n|inactive|Reebookpump has 10 seconds left.\n|\n|t:|1775916258\n|detailschange|p1b: Starmie|Starmie-Mega, L50\n|-mega|p1b: Starmie|Starmie|Starminite\n|move|p2a: Charizard|Protect|p2a: Charizard\n|-singleturn|p2a: Charizard|Protect\n|move|p1b: Starmie|Liquidation|p2a: Charizard\n|-activate|p2a: Charizard|move: Protect\n|move|p2b: Garchomp|Swords Dance|p2b: Garchomp\n|-boost|p2b: Garchomp|atk|2\n|move|p1a: Archie|Electro Shot||[still]\n|-prepare|p1a: Archie|Electro Shot\n|-boost|p1a: Archie|spa|1\n|-anim|p1a: Archie|Electro Shot|p2a: Charizard\n|-activate|p2a: Charizard|move: Protect\n|\n|-weather|RainDance|[upkeep]\n|-heal|p1a: Archie|96/100|[from] item: Leftovers\n|upkeep\n|turn|4\n|\n|t:|1775916281\n|detailschange|p2a: Charizard|Charizard-Mega-Y, L50, F\n|-mega|p2a: Charizard|Charizard|Charizardite Y\n|-weather|SunnyDay|[from] ability: Drought|[of] p2a: Charizard\n|move|p1a: Archie|Protect|p1a: Archie\n|-singleturn|p1a: Archie|Protect\n|move|p1b: Starmie|Liquidation|p2a: Charizard\n|-supereffective|p2a: Charizard|1\n|-damage|p2a: Charizard|0 fnt\n|faint|p2a: Charizard\n|move|p2b: Garchomp|Earthquake|p1b: Starmie|[spread] p1b\n|-activate|p1a: Archie|move: Protect\n|-damage|p1b: Starmie|0 fnt\n|faint|p1b: Starmie\n|\n|-weather|SunnyDay|[upkeep]\n|-heal|p1a: Archie|100/100|[from] item: Leftovers\n|upkeep\n|\n|t:|1775916298\n|switch|p1b: Pelipper|Pelipper, L50, M|100/100\n|switch|p2a: Rotom|Rotom-Wash, L50|100/100\n|-weather|RainDance|[from] ability: Drizzle|[of] p1b: Pelipper\n|turn|5\n|\n|t:|1775916331\n|move|p1b: Pelipper|Protect|p1b: Pelipper\n|-singleturn|p1b: Pelipper|Protect\n|move|p2a: Rotom|Volt Switch|p1b: Pelipper\n|-activate|p1b: Pelipper|move: Protect\n|move|p2b: Garchomp|Earthquake|p1b: Pelipper|[spread] p1a\n|-activate|p1b: Pelipper|move: Protect\n|-immune|p2a: Rotom|[from] ability: Levitate\n|-supereffective|p1a: Archie|1\n|-damage|p1a: Archie|11/100\n|-ability|p1a: Archie|Stamina|boost\n|-boost|p1a: Archie|def|1\n|move|p1a: Archie|Electro Shot||[still]\n|-prepare|p1a: Archie|Electro Shot\n|-boost|p1a: Archie|spa|1\n|-anim|p1a: Archie|Electro Shot|p2a: Rotom\n|-damage|p2a: Rotom|0 fnt\n|faint|p2a: Rotom\n|\n|-weather|RainDance|[upkeep]\n|-heal|p1a: Archie|17/100|[from] item: Leftovers\n|upkeep\n|\n|t:|1775916336\n|switch|p2a: Pelipper|Pelipper, L50, F|100/100\n|turn|6\n|inactive|Eshaway has 30 seconds left.\n|\n|t:|1775916363\n|move|p1a: Archie|Protect|p1a: Archie\n|-singleturn|p1a: Archie|Protect\n|move|p2b: Garchomp|Earthquake|p1b: Pelipper|[spread] \n|-activate|p1a: Archie|move: Protect\n|-immune|p2a: Pelipper\n|-immune|p1b: Pelipper\n|move|p2a: Pelipper|Tailwind|p2a: Pelipper\n|-sidestart|p2: Reebookpump|move: Tailwind\n|move|p1b: Pelipper|Weather Ball|p2b: Garchomp\n|-damage|p2b: Garchomp|24/100\n|\n|-weather|RainDance|[upkeep]\n|-heal|p1a: Archie|23/100|[from] item: Leftovers\n|upkeep\n|turn|7\n|inactive|Reebookpump has 30 seconds left.\n|\n|t:|1775916389\n|move|p2b: Garchomp|Earthquake|p1a: Archie|[spread] p1a\n|-immune|p2a: Pelipper\n|-immune|p1b: Pelipper\n|-supereffective|p1a: Archie|1\n|-damage|p1a: Archie|0 fnt\n|faint|p1a: Archie\n|move|p2a: Pelipper|Hurricane|p1b: Pelipper\n|-damage|p1b: Pelipper|38/100\n|move|p1b: Pelipper|Weather Ball|p2b: Garchomp\n|-damage|p2b: Garchomp|0 fnt\n|faint|p2b: Garchomp\n|\n|-weather|RainDance|[upkeep]\n|upkeep\n|turn|8\n|\n|t:|1775916405\n|move|p2a: Pelipper|Hurricane|p1b: Pelipper\n|-crit|p1b: Pelipper\n|-damage|p1b: Pelipper|0 fnt\n|faint|p1b: Pelipper\n|\n|win|Reebookpump\n||Reebookpump is ready for game 2.\n||Eshaway is ready for game 2.\n|uhtml|next|Next: <a href=\"/battle-gen9championsvgc2026regma-2580594976\"><strong>Game 2 of 3</strong></a>\n|l|\u2606Eshaway\n|player|p1|\n",
  "uploadtime": 1775916653,
  "views": 36,
  "formatid": "gen9championsvgc2026regma",
  "rating": null,
  "private": 0,
  "password": null
}