{
  "id": "gen9championsvgc2026regma-2585778065",
  "format": "[Gen 9 Champions] VGC 2026 Reg M-A",
  "players": [
    "Finexcer",
    "4ooty"
  ],
  "log": "|j|\u2606Finexcer\n|j|\u26064ooty\n|t:|1776369953\n|gametype|doubles\n|player|p1|Finexcer|101|1227\n|player|p2|4ooty|nobunaga-conquest|1328\n|gen|9\n|tier|[Gen 9 Champions] VGC 2026 Reg M-A\n|rated|\n|rule|Species Clause: Limit one of each Pok\u00e9mon\n|rule|Item Clause: Limit 1 of each item\n|clearpoke\n|poke|p1|Gengar, L50, F|\n|poke|p1|Milotic, L50, F|\n|poke|p1|Meowscarada, L50, M|\n|poke|p1|Scizor, L50, M|\n|poke|p1|Farigiraf, L50, F|\n|poke|p1|Lucario, L50, M|\n|poke|p2|Goodra-Hisui, L50, M|\n|poke|p2|Froslass, L50, F|\n|poke|p2|Sinistcha-Masterpiece, L50|\n|poke|p2|Incineroar, L50, M|\n|poke|p2|Aerodactyl, L50, M|\n|poke|p2|Palafin, L50, F|\n|teampreview|4\n|inactive|Battle timer is ON: inactive players will automatically lose when time's up. (requested by 4ooty)\n|inactive|4ooty has 60 seconds left.\n|\n|t:|1776370007\n|teamsize|p1|4\n|teamsize|p2|4\n|start\n|switch|p1a: Milotic|Milotic, L50, F|100/100\n|switch|p1b: Scizor|Scizor, L50, M|100/100\n|switch|p2a: Froslass|Froslass, L50, F, shiny|100/100\n|switch|p2b: Aerodactyl|Aerodactyl, L50, M, shiny|100/100\n|-ability|p2b: Aerodactyl|Unnerve\n|turn|1\n|\n|t:|1776370022\n|detailschange|p2a: Froslass|Froslass-Mega, L50, F, shiny\n|-mega|p2a: Froslass|Froslass|Froslassite\n|-weather|Snowscape|[from] ability: Snow Warning|[of] p2a: Froslass\n|move|p1b: Scizor|Bullet Punch|p2a: Froslass\n|-supereffective|p2a: Froslass|1\n|-damage|p2a: Froslass|24/100\n|move|p2b: Aerodactyl|Tailwind|p2b: Aerodactyl\n|-sidestart|p2: 4ooty|move: Tailwind\n|move|p2a: Froslass|Aurora Veil|p2a: Froslass\n|-sidestart|p2: 4ooty|move: Aurora Veil\n|move|p1a: Milotic|Muddy Water|p2a: Froslass|[spread] p2a,p2b\n|-supereffective|p2b: Aerodactyl|1\n|-damage|p2a: Froslass|3/100\n|-damage|p2b: Aerodactyl|48/100\n|\n|-weather|Snowscape|[upkeep]\n|upkeep\n|turn|2\n|inactive|4ooty has 30 seconds left.\n|\n|t:|1776370051\n|switch|p2b: Goodra|Goodra-Hisui, L50, M, shiny|100/100\n|switch|p2a: Sinistcha|Sinistcha-Masterpiece, L50, shiny|100/100\n|move|p1b: Scizor|Bullet Punch|p2a: Sinistcha\n|-damage|p2a: Sinistcha|78/100\n|move|p1a: Milotic|Muddy Water|p2b: Goodra|[spread] p2a,p2b\n|-resisted|p2a: Sinistcha|1\n|-resisted|p2b: Goodra|1\n|-crit|p2b: Goodra\n|-damage|p2a: Sinistcha|69/100\n|-damage|p2b: Goodra|85/100\n|-unboost|p2b: Goodra|accuracy|1\n|\n|-weather|Snowscape|[upkeep]\n|-heal|p2b: Goodra|91/100|[from] item: Leftovers\n|upkeep\n|turn|3\n|inactive|4ooty has 30 seconds left.\n|\n|t:|1776370082\n|move|p1a: Milotic|Protect|p1a: Milotic\n|-singleturn|p1a: Milotic|Protect\n|move|p2a: Sinistcha|Matcha Gotcha|p1b: Scizor|[spread] \n|-activate|p1a: Milotic|move: Protect\n|-miss|p2a: Sinistcha|p1b: Scizor\n|move|p2b: Goodra|Body Press|p1b: Scizor|[miss]\n|-miss|p2b: Goodra|p1b: Scizor\n|move|p1b: Scizor|Tailwind|p1b: Scizor\n|-sidestart|p1: Finexcer|move: Tailwind\n|\n|-weather|Snowscape|[upkeep]\n|-heal|p2b: Goodra|98/100|[from] item: Leftovers\n|upkeep\n|turn|4\n|\n|t:|1776370100\n|switch|p2b: Aerodactyl|Aerodactyl, L50, M, shiny|48/100\n|-ability|p2b: Aerodactyl|Unnerve\n|move|p1a: Milotic|Icy Wind|p2b: Aerodactyl|[spread] p2a,p2b\n|-supereffective|p2a: Sinistcha|1\n|-supereffective|p2b: Aerodactyl|1\n|-damage|p2a: Sinistcha|51/100\n|-damage|p2b: Aerodactyl|23/100\n|-unboost|p2a: Sinistcha|spe|1\n|-unboost|p2b: Aerodactyl|spe|1\n|move|p1b: Scizor|Bug Bite|p2a: Sinistcha\n|-damage|p2a: Sinistcha|22/100\n|-enditem|p2a: Sinistcha|Occa Berry|[from] stealeat|[move] Bug Bite|[of] p1b: Scizor\n|move|p2a: Sinistcha|Trick Room|p2a: Sinistcha\n|-fieldstart|move: Trick Room|[of] p2a: Sinistcha\n|\n|-weather|Snowscape|[upkeep]\n|-sideend|p2: 4ooty|move: Tailwind\n|upkeep\n|turn|5\n|inactive|4ooty has 30 seconds left.\n|inactive|4ooty has 20 seconds left.\n|inactive|4ooty has 15 seconds left.\n|\n|t:|1776370140\n|switch|p2b: Goodra|Goodra-Hisui, L50, M, shiny|98/100\n|move|p1b: Scizor|Bullet Punch|p2a: Sinistcha\n|-damage|p2a: Sinistcha|0 fnt\n|faint|p2a: Sinistcha\n|move|p1a: Milotic|Muddy Water|p2b: Goodra\n|-resisted|p2b: Goodra|1\n|-damage|p2b: Goodra|89/100\n|-unboost|p2b: Goodra|accuracy|1\n|\n|-weather|none\n|-heal|p2b: Goodra|95/100|[from] item: Leftovers\n|-sideend|p2: 4ooty|move: Aurora Veil\n|upkeep\n|\n|t:|1776370147\n|switch|p2a: Aerodactyl|Aerodactyl, L50, M, shiny|23/100\n|-ability|p2a: Aerodactyl|Unnerve\n|turn|6\n|\n|t:|1776370160\n|move|p1b: Scizor|Protect|p1b: Scizor\n|-singleturn|p1b: Scizor|Protect\n|move|p1a: Milotic|Protect|p1a: Milotic\n|-singleturn|p1a: Milotic|Protect\n|move|p2a: Aerodactyl|Wide Guard|p2a: Aerodactyl\n|-singleturn|p2a: Aerodactyl|Wide Guard\n|move|p2b: Goodra|Shelter|p2b: Goodra\n|-boost|p2b: Goodra|def|2\n|\n|-heal|p2b: Goodra|100/100|[from] item: Leftovers\n|-sideend|p1: Finexcer|move: Tailwind\n|upkeep\n|turn|7\n|\n|t:|1776370179\n|move|p2a: Aerodactyl|Wide Guard|p2a: Aerodactyl\n|-singleturn|p2a: Aerodactyl|Wide Guard\n|move|p1b: Scizor|Bullet Punch|p2a: Aerodactyl\n|-supereffective|p2a: Aerodactyl|1\n|-damage|p2a: Aerodactyl|0 fnt\n|faint|p2a: Aerodactyl\n|move|p2b: Goodra|Shelter|p2b: Goodra\n|-boost|p2b: Goodra|def|2\n|move|p1a: Milotic|Life Dew||[still]|[still]|[spread] \n|-fail|p1a: Milotic|heal\n|-fail|p1b: Scizor|heal\n|\n|upkeep\n|\n|t:|1776370190\n|switch|p2a: Froslass|Froslass-Mega, L50, F, shiny|3/100\n|-weather|Snowscape|[from] ability: Snow Warning|[of] p2a: Froslass\n|turn|8\n|\n|t:|1776370199\n|move|p2a: Froslass|Protect|p2a: Froslass\n|-singleturn|p2a: Froslass|Protect\n|move|p2b: Goodra|Body Press|p1b: Scizor\n|-damage|p1b: Scizor|30/100\n|move|p1b: Scizor|Tailwind|p1b: Scizor\n|-sidestart|p1: Finexcer|move: Tailwind\n|move|p1a: Milotic|Muddy Water|p2a: Froslass|[spread] p2b\n|-activate|p2a: Froslass|move: Protect\n|-resisted|p2b: Goodra|1\n|-damage|p2b: Goodra|91/100\n|-unboost|p2b: Goodra|accuracy|1\n|\n|-weather|Snowscape|[upkeep]\n|-heal|p2b: Goodra|98/100|[from] item: Leftovers\n|-fieldend|move: Trick Room\n|upkeep\n|turn|9\n|\n|t:|1776370220\n|move|p2a: Froslass|Protect|p2a: Froslass\n|-singleturn|p2a: Froslass|Protect\n|move|p1a: Milotic|Muddy Water|p2b: Goodra|[spread] p2b\n|-activate|p2a: Froslass|move: Protect\n|-resisted|p2b: Goodra|1\n|-damage|p2b: Goodra|87/100\n|-unboost|p2b: Goodra|accuracy|1\n|move|p1b: Scizor|Bug Bite|p2b: Goodra\n|-resisted|p2b: Goodra|1\n|-damage|p2b: Goodra|81/100\n|move|p2b: Goodra|Body Press|p1b: Scizor\n|-damage|p1b: Scizor|0 fnt\n|faint|p1b: Scizor\n|\n|-weather|Snowscape|[upkeep]\n|-heal|p2b: Goodra|87/100|[from] item: Leftovers\n|upkeep\n|\n|t:|1776370227\n|switch|p1b: Gengar|Gengar, L50, F, shiny|100/100\n|turn|10\n|\n|t:|1776370241\n|detailschange|p1b: Gengar|Gengar-Mega, L50, F, shiny\n|-mega|p1b: Gengar|Gengar|Gengarite\n|move|p1b: Gengar|Shadow Ball|p2b: Goodra\n|-damage|p2b: Goodra|51/100\n|move|p1a: Milotic|Icy Wind|p2b: Goodra|[spread] p2a,p2b\n|-resisted|p2a: Froslass|1\n|-damage|p2a: Froslass|0 fnt\n|-damage|p2b: Goodra|43/100\n|-unboost|p2b: Goodra|spe|1\n|faint|p2a: Froslass\n|move|p2b: Goodra|Body Press|p1a: Milotic\n|-damage|p1a: Milotic|9/100\n|\n|-weather|Snowscape|[upkeep]\n|-heal|p2b: Goodra|49/100|[from] item: Leftovers\n|upkeep\n|turn|11\n|\n|t:|1776370258\n|move|p2b: Goodra|Protect|p2b: Goodra\n|-singleturn|p2b: Goodra|Protect\n|move|p1b: Gengar|Shadow Ball|p2b: Goodra\n|-activate|p2b: Goodra|move: Protect\n|move|p1a: Milotic|Muddy Water|p2b: Goodra\n|-activate|p2b: Goodra|move: Protect\n|\n|-weather|Snowscape|[upkeep]\n|-heal|p2b: Goodra|56/100|[from] item: Leftovers\n|-sideend|p1: Finexcer|move: Tailwind\n|upkeep\n|turn|12\n|\n|t:|1776370266\n|move|p1b: Gengar|Shadow Ball|p2b: Goodra\n|-damage|p2b: Goodra|19/100\n|move|p1a: Milotic|Muddy Water|p2b: Goodra\n|-resisted|p2b: Goodra|1\n|-damage|p2b: Goodra|6/100\n|move|p2b: Goodra|Shelter|p2b: Goodra\n|-boost|p2b: Goodra|def|2\n|\n|-weather|none\n|-heal|p2b: Goodra|12/100|[from] item: Leftovers\n|upkeep\n|turn|13\n|-message|4ooty forfeited.\n|\n|win|Finexcer\n|raw|Finexcer's rating: 1227 &rarr; <strong>1259</strong><br />(+32 for winning)\n|raw|4ooty's rating: 1328 &rarr; <strong>1302</strong><br />(-26 for losing)\n|l|\u26064ooty\n|player|p2|\n",
  "uploadtime": 1776370284,
  "views": 30,
  "formatid": "gen9championsvgc2026regma",
  "rating": 1259,
  "private": 0,
  "password": null
}