{
  "id": "gen9championsvgc2026regma-2587261313",
  "format": "[Gen 9 Champions] VGC 2026 Reg M-A",
  "players": [
    "dragonmaster441",
    "pyukumuku.png.jpg"
  ],
  "log": "|j|\u2606dragonmaster441\n|j|\u2606pyukumuku.png.jpg\n|t:|1776515695\n|gametype|doubles\n|player|p1|dragonmaster441|acetrainerf-gen4|1000\n|player|p2|pyukumuku.png.jpg|firebreather-gen2|1017\n|gen|9\n|tier|[Gen 9 Champions] VGC 2026 Reg M-A\n|rated|\n|rule|Species Clause: Limit one of each Pok\u00e9mon\n|rule|Item Clause: Limit 1 of each item\n|clearpoke\n|poke|p1|Starmie, L50|\n|poke|p1|Dragonite, L50, M|\n|poke|p1|Sneasler, L50, F|\n|poke|p1|Dragapult, L50, M|\n|poke|p1|Whimsicott, L50, M|\n|poke|p1|Rampardos, L50, M|\n|poke|p2|Tyranitar, L50, M, shiny|\n|poke|p2|Rotom-Wash, L50|\n|poke|p2|Aerodactyl, L50, M|\n|poke|p2|Garchomp, L50, M, shiny|\n|poke|p2|Excadrill, L50, F|\n|poke|p2|Corviknight, L50, F, shiny|\n|teampreview|4\n|inactive|Battle timer is ON: inactive players will automatically lose when time's up. (requested by dragonmaster441)\n|c|\u2606dragonmaster441|hf\ndragonmaster441 rejected open team sheets.\n|inactive|dragonmaster441 has 60 seconds left.\n|inactive|dragonmaster441 has 30 seconds left.\n|\n|t:|1776515764\n|teamsize|p1|4\n|teamsize|p2|4\n|start\n|switch|p1a: Sneasler|Sneasler, L50, F|100/100\n|switch|p1b: Dragapult|Dragapult, L50, M|100/100\n|switch|p2a: Tyranitar|Tyranitar, L50, M, shiny|100/100\n|switch|p2b: Excadrill|Excadrill, L50, F|100/100\n|-weather|Sandstorm|[from] ability: Sand Stream|[of] p2a: Tyranitar\n|turn|1\n|inactive|dragonmaster441 has 30 seconds left.\n|\n|t:|1776515795\n|switch|p2b: Garchomp|Garchomp, L50, M, shiny|100/100\n|move|p1b: Dragapult|Steel Wing|p2a: Tyranitar\n|-supereffective|p2a: Tyranitar|1\n|-damage|p2a: Tyranitar|59/100\n|move|p1a: Sneasler|Close Combat|p2b: Garchomp\n|-damage|p2b: Garchomp|47/100\n|-unboost|p1a: Sneasler|def|1\n|-unboost|p1a: Sneasler|spd|1\n|-damage|p1a: Sneasler|88/100|[from] ability: Rough Skin|[of] p2b: Garchomp\n|move|p2a: Tyranitar|Knock Off|p1b: Dragapult\n|-supereffective|p1b: Dragapult|1\n|-damage|p1b: Dragapult|0 fnt\n|-enditem|p1b: Dragapult|Lum Berry|[from] move: Knock Off|[of] p2a: Tyranitar\n|faint|p1b: Dragapult\n|\n|-weather|Sandstorm|[upkeep]\n|-damage|p1a: Sneasler|83/100|[from] Sandstorm\n|upkeep\n|\n|t:|1776515815\n|switch|p1b: Whimsicott|Whimsicott, L50, M|100/100\n|turn|2\n|\n|t:|1776515835\n|detailschange|p2a: Tyranitar|Tyranitar-Mega, L50, M, shiny\n|-mega|p2a: Tyranitar|Tyranitar|Tyranitarite\n|move|p2a: Tyranitar|Protect|p2a: Tyranitar\n|-singleturn|p2a: Tyranitar|Protect\n|move|p2b: Garchomp|Earthquake|p1a: Sneasler|[spread] p1a,p1b\n|-activate|p2a: Tyranitar|move: Protect\n|-supereffective|p1a: Sneasler|1\n|-resisted|p1b: Whimsicott|1\n|-damage|p1a: Sneasler|0 fnt\n|-damage|p1b: Whimsicott|84/100\n|faint|p1a: Sneasler\n|move|p1b: Whimsicott|Moonblast|p2b: Garchomp\n|-supereffective|p2b: Garchomp|1\n|-damage|p2b: Garchomp|0 fnt\n|faint|p2b: Garchomp\n|\n|-weather|Sandstorm|[upkeep]\n|-damage|p1b: Whimsicott|78/100|[from] Sandstorm\n|upkeep\n|\n|t:|1776515848\n|switch|p1a: Starmie|Starmie, L50|100/100\n|switch|p2b: Excadrill|Excadrill, L50, F|100/100\n|turn|3\n|\n|t:|1776515859\n|switch|p2a: Rotom|Rotom-Wash, L50|100/100\n|detailschange|p1a: Starmie|Starmie-Mega, L50\n|-mega|p1a: Starmie|Starmie|Starminite\n|move|p2b: Excadrill|Iron Head|p1b: Whimsicott\n|-supereffective|p1b: Whimsicott|1\n|-damage|p1b: Whimsicott|8/100\n|move|p1a: Starmie|Ice Beam|p2b: Excadrill\n|-damage|p2b: Excadrill|64/100\n|move|p1b: Whimsicott|Moonblast|p2a: Rotom\n|-damage|p2a: Rotom|79/100\n|\n|-weather|Sandstorm|[upkeep]\n|-damage|p1a: Starmie|95/100|[from] Sandstorm\n|-damage|p1b: Whimsicott|2/100|[from] Sandstorm\n|-damage|p2a: Rotom|74/100|[from] Sandstorm\n|-heal|p2a: Rotom|79/100|[from] item: Leftovers\n|upkeep\n|turn|4\n|inactive|dragonmaster441 has 30 seconds left.\n|\n|t:|1776515887\n|move|p1a: Starmie|Protect|p1a: Starmie\n|-singleturn|p1a: Starmie|Protect\n|move|p2b: Excadrill|Rock Slide|p1b: Whimsicott|[spread] p1b\n|-activate|p1a: Starmie|move: Protect\n|-damage|p1b: Whimsicott|0 fnt\n|faint|p1b: Whimsicott\n|move|p2a: Rotom|Will-O-Wisp|p1a: Starmie\n|-activate|p1a: Starmie|move: Protect\n|\n|-weather|Sandstorm|[upkeep]\n|-damage|p1a: Starmie|89/100|[from] Sandstorm\n|-damage|p2a: Rotom|74/100|[from] Sandstorm\n|-heal|p2a: Rotom|79/100|[from] item: Leftovers\n|upkeep\n|turn|5\n|\n|t:|1776515900\n|move|p2b: Excadrill|High Horsepower|p1a: Starmie\n|-damage|p1a: Starmie|39/100\n|move|p1a: Starmie|Ice Beam|p2b: Excadrill\n|-damage|p2b: Excadrill|28/100\n|move|p2a: Rotom|Will-O-Wisp|p1a: Starmie\n|-status|p1a: Starmie|brn\n|\n|-weather|none\n|-heal|p2a: Rotom|85/100|[from] item: Leftovers\n|-damage|p1a: Starmie|33/100 brn|[from] brn\n|upkeep\n|turn|6\n|c|\u2606pyukumuku.png.jpg|why ice beam u havehuge power?\n|inactive|pyukumuku.png.jpg has 30 seconds left.\n|\n|t:|1776515926\n|move|p1a: Starmie|Ice Beam|p2b: Excadrill\n|-damage|p2b: Excadrill|0 fnt\n|faint|p2b: Excadrill\n|move|p2a: Rotom|Volt Switch|p1a: Starmie\n|-supereffective|p1a: Starmie|1\n|-damage|p1a: Starmie|0 fnt\n|faint|p1a: Starmie\n|\n|win|pyukumuku.png.jpg\n|raw|dragonmaster441's rating: 1000 &rarr; <strong>1000</strong><br />(+0 for losing)\n|raw|pyukumuku.png.jpg's rating: 1017 &rarr; <strong>1053</strong><br />(+36 for winning)\n",
  "uploadtime": 1776515931,
  "views": 13,
  "formatid": "gen9championsvgc2026regma",
  "rating": 1000,
  "private": 0,
  "password": null
}