{
  "id": "gen9championsvgc2026regma-2585260882",
  "format": "[Gen 9 Champions] VGC 2026 Reg M-A",
  "players": [
    "HerpDerp74",
    "MegamindMuppet"
  ],
  "log": "|j|\u2606HerpDerp74\n|j|\u2606MegamindMuppet\n|t:|1776331155\n|gametype|doubles\n|player|p1|HerpDerp74|102|1042\n|player|p2|MegamindMuppet|169|1129\n|gen|9\n|tier|[Gen 9 Champions] VGC 2026 Reg M-A\n|rated|\n|rule|Species Clause: Limit one of each Pok\u00e9mon\n|rule|Item Clause: Limit 1 of each item\n|clearpoke\n|poke|p1|Aggron, L50, M|\n|poke|p1|Pelipper, L50, F|\n|poke|p1|Archaludon, L50, F|\n|poke|p1|Klefki, L50, F|\n|poke|p1|Basculegion, L50, M|\n|poke|p1|Meganium, L50, F|\n|poke|p2|Oranguru, L50, F|\n|poke|p2|Golurk, L50|\n|poke|p2|Araquanid, L50, M|\n|poke|p2|Sinistcha, L50|\n|poke|p2|Aerodactyl, L50, F|\n|poke|p2|Delphox, L50, F|\n|teampreview|4\n|\n|t:|1776331192\n|teamsize|p1|4\n|teamsize|p2|4\n|start\n|switch|p1a: Aggron|Aggron, L50, M|100/100\n|switch|p1b: Pelipper|Pelipper, L50, F|100/100\n|switch|p2a: Oranguru|Oranguru, L50, F|100/100\n|switch|p2b: Golurk|Golurk, L50|100/100\n|-weather|RainDance|[from] ability: Drizzle|[of] p1b: Pelipper\n|turn|1\n|\n|t:|1776331239\n|detailschange|p2b: Golurk|Golurk-Mega, L50\n|-mega|p2b: Golurk|Golurk|Golurkite\n|detailschange|p1a: Aggron|Aggron-Mega, L50, M\n|-mega|p1a: Aggron|Aggron|Aggronite\n|move|p2b: Golurk|Protect|p2b: Golurk\n|-singleturn|p2b: Golurk|Protect\n|move|p1b: Pelipper|Chilling Water|p2b: Golurk\n|-activate|p2b: Golurk|move: Protect\n|move|p1a: Aggron|Body Press|p2a: Oranguru\n|-damage|p2a: Oranguru|71/100\n|move|p2a: Oranguru|Trick Room|p2a: Oranguru\n|-fieldstart|move: Trick Room|[of] p2a: Oranguru\n|\n|-weather|RainDance|[upkeep]\n|upkeep\n|turn|2\n|\n|t:|1776331279\n|move|p1a: Aggron|Earthquake|p2b: Golurk|[spread] p2a,p2b\n|-immune|p1b: Pelipper\n|-damage|p2a: Oranguru|47/100\n|-damage|p2b: Golurk|77/100\n|move|p2b: Golurk|Poltergeist|p1b: Pelipper\n|-activate|p1b: Pelipper|move: Poltergeist|Focus Sash\n|-damage|p1b: Pelipper|24/100\n|move|p2a: Oranguru|Instruct|p2b: Golurk\n|-singleturn|p2b: Golurk|move: Instruct|[of] p2a: Oranguru\n|move|p2b: Golurk|Poltergeist|p1b: Pelipper\n|-activate|p1b: Pelipper|move: Poltergeist|Focus Sash\n|-damage|p1b: Pelipper|0 fnt\n|faint|p1b: Pelipper\n|\n|-weather|RainDance|[upkeep]\n|upkeep\n|\n|t:|1776331303\n|switch|p1b: Archaludon|Archaludon, L50, F|100/100\n|turn|3\n|\n|t:|1776331329\n|move|p1a: Aggron|Heavy Slam|p2a: Oranguru\n|-damage|p2a: Oranguru|0 fnt\n|faint|p2a: Oranguru\n|move|p2b: Golurk|Drain Punch|p1b: Archaludon\n|-supereffective|p1b: Archaludon|1\n|-crit|p1b: Archaludon\n|-damage|p1b: Archaludon|13/100\n|-heal|p2b: Golurk|100/100|[from] drain|[of] p1b: Archaludon\n|-ability|p1b: Archaludon|Stamina|boost\n|-boost|p1b: Archaludon|def|1\n|move|p1b: Archaludon|Draco Meteor|p2b: Golurk\n|-damage|p2b: Golurk|42/100\n|-unboost|p1b: Archaludon|spa|2\n|\n|-weather|RainDance|[upkeep]\n|-heal|p1b: Archaludon|20/100|[from] item: Leftovers\n|upkeep\n|\n|t:|1776331344\n|switch|p2a: Sinistcha|Sinistcha, L50|100/100\n|-heal|p2b: Golurk|67/100|[from] ability: Hospitality|[of] p2a: Sinistcha\n|turn|4\n|\n|t:|1776331391\n|move|p1a: Aggron|Heavy Slam|p2a: Sinistcha\n|-damage|p2a: Sinistcha|41/100\n|-enditem|p2a: Sinistcha|Sitrus Berry|[eat]\n|-heal|p2a: Sinistcha|66/100|[from] item: Sitrus Berry\n|move|p2b: Golurk|Drain Punch|p1b: Archaludon\n|-supereffective|p1b: Archaludon|1\n|-damage|p1b: Archaludon|0 fnt\n|-heal|p2b: Golurk|75/100|[from] drain|[of] p1b: Archaludon\n|faint|p1b: Archaludon\n|move|p2a: Sinistcha|Matcha Gotcha|p1a: Aggron\n|-resisted|p1a: Aggron|1\n|-damage|p1a: Aggron|85/100\n|-heal|p2a: Sinistcha|72/100|[from] drain|[of] p1a: Aggron\n|-status|p1a: Aggron|brn\n|\n|-weather|RainDance|[upkeep]\n|-damage|p1a: Aggron|79/100 brn|[from] brn\n|upkeep\n|\n|t:|1776331408\n|switch|p1b: Basculegion|Basculegion, L50, M|100/100\n|turn|5\n|inactive|Battle timer is ON: inactive players will automatically lose when time's up. (requested by MegamindMuppet)\n|\n|t:|1776331455\n|move|p1b: Basculegion|Protect|p1b: Basculegion\n|-singleturn|p1b: Basculegion|Protect\n|move|p2a: Sinistcha|Rage Powder|p2a: Sinistcha\n|-singleturn|p2a: Sinistcha|move: Rage Powder\n|move|p1a: Aggron|Heavy Slam|p2a: Sinistcha\n|-damage|p2a: Sinistcha|42/100\n|move|p2b: Golurk|Poltergeist|p1b: Basculegion\n|-activate|p1b: Basculegion|move: Protect\n|\n|-weather|none\n|-damage|p1a: Aggron|73/100 brn|[from] brn\n|-fieldend|move: Trick Room\n|upkeep\n|turn|6\n|c|\u2606MegamindMuppet|wait what\n|inactive|HerpDerp74 has 30 seconds left.\n|inactive|MegamindMuppet has 30 seconds left.\n|inactive|HerpDerp74 has 20 seconds left.\n|inactive|HerpDerp74 has 15 seconds left.\n|\n|t:|1776331499\n|move|p2b: Golurk|Protect|p2b: Golurk\n|-singleturn|p2b: Golurk|Protect\n|move|p1b: Basculegion|Last Respects|p2b: Golurk\n|-activate|p2b: Golurk|move: Protect\n|move|p1a: Aggron|Heavy Slam|p2a: Sinistcha\n|-damage|p2a: Sinistcha|11/100\n|move|p2a: Sinistcha|Trick Room|p2a: Sinistcha\n|-fieldstart|move: Trick Room|[of] p2a: Sinistcha\n|\n|-damage|p1a: Aggron|66/100 brn|[from] brn\n|upkeep\n|turn|7\n|c|\u2606MegamindMuppet|unseen fist working as intended\n|c|\u2606HerpDerp74|yeah that confused me lol\n|inactive|HerpDerp74 has 30 seconds left.\n|inactive|HerpDerp74 has 20 seconds left.\n|c|\u2606MegamindMuppet|don't think the format has been out for long on showdown, so maybe some bugs\n|\n|t:|1776331539\n|move|p1b: Basculegion|Protect|p1b: Basculegion\n|-singleturn|p1b: Basculegion|Protect\n|move|p1a: Aggron|Rock Slide|p2b: Golurk|[spread] p2a,p2b\n|-resisted|p2b: Golurk|1\n|-damage|p2a: Sinistcha|2/100\n|-damage|p2b: Golurk|71/100\n|move|p2b: Golurk|Poltergeist|p1b: Basculegion\n|-activate|p1b: Basculegion|move: Protect\n|move|p2a: Sinistcha|Strength Sap|p1a: Aggron\n|-unboost|p1a: Aggron|atk|1\n|-heal|p2a: Sinistcha|100/100\n|\n|-damage|p1a: Aggron|60/100 brn|[from] brn\n|upkeep\n|turn|8\n|c|\u2606HerpDerp74|must just be fully bugged\n|inactive|HerpDerp74 has 30 seconds left.\n|inactive|HerpDerp74 has 20 seconds left.\n|c|\u2606HerpDerp74|I mean you'll win anyway and you deserve it bc of the bug\n|c|\u2606HerpDerp74|gg\n|inactive|HerpDerp74 has 15 seconds left.\n|c|\u2606MegamindMuppet|gg\n|-message|HerpDerp74 forfeited.\n|\n|win|MegamindMuppet\n|raw|HerpDerp74's rating: 1042 &rarr; <strong>1031</strong><br />(-11 for losing)\n|raw|MegamindMuppet's rating: 1156 &rarr; <strong>1173</strong><br />(+17 for winning)\n",
  "uploadtime": 1776331590,
  "views": 19,
  "formatid": "gen9championsvgc2026regma",
  "rating": 1031,
  "private": 0,
  "password": null
}