{
  "id": "gen9championsvgc2026regma-2584143867",
  "format": "[Gen 9 Champions] VGC 2026 Reg M-A",
  "players": [
    "CrazyQuilman157",
    "Techwiz_101"
  ],
  "log": "|j|\u2606CrazyQuilman157\n|j|\u2606Techwiz_101\n|t:|1776230224\n|gametype|doubles\n|player|p1|CrazyQuilman157|scientist|1056\n|player|p2|Techwiz_101|2|1164\n|gen|9\n|tier|[Gen 9 Champions] VGC 2026 Reg M-A\n|rated|\n|rule|Species Clause: Limit one of each Pok\u00e9mon\n|rule|Item Clause: Limit 1 of each item\n|clearpoke\n|poke|p1|Whimsicott, L50, M|\n|poke|p1|Krookodile, L50, F|\n|poke|p1|Chandelure, L50, F|\n|poke|p1|Maushold-Four, L50|\n|poke|p1|Skarmory, L50, M|\n|poke|p1|Feraligatr, L50, F|\n|poke|p2|Zoroark-Hisui, L50, M|\n|poke|p2|Gallade, L50, M|\n|poke|p2|Liepard, L50, M|\n|poke|p2|Emboar, L50, M|\n|poke|p2|Aggron, L50, M|\n|poke|p2|Weavile, L50, F|\n|teampreview|4\n|\n|t:|1776230247\n|teamsize|p1|4\n|teamsize|p2|4\n|start\n|switch|p1a: Whimsicott|Whimsicott, L50, M|100/100\n|switch|p1b: Eyan|Skarmory, L50, M|100/100\n|switch|p2a: Aggron|Aggron, L50, M|100/100\n|switch|p2b: Liepard|Liepard, L50, M|100/100\n|turn|1\n|\n|t:|1776230275\n|detailschange|p1b: Eyan|Skarmory-Mega, L50, M\n|-mega|p1b: Eyan|Skarmory|Skarmorite\n|detailschange|p2a: Aggron|Aggron-Mega, L50, M\n|-mega|p2a: Aggron|Aggron|Aggronite\n|move|p2b: Liepard|Taunt|p1b: Eyan\n|-start|p1b: Eyan|move: Taunt\n|move|p1b: Eyan|Drill Run|p2a: Aggron\n|-supereffective|p2a: Aggron|1\n|-damage|p2a: Aggron|82/100\n|move|p1a: Whimsicott|Moonblast|p2b: Liepard\n|-damage|p2b: Liepard|46/100\n|replace|p2b: Zoroark|Zoroark-Hisui, L50, M\n|-end|p2b: Zoroark|Illusion\n|move|p2a: Aggron|Heavy Slam|p1a: Whimsicott\n|-supereffective|p1a: Whimsicott|1\n|-enditem|p1a: Whimsicott|Focus Sash\n|-damage|p1a: Whimsicott|1/100\n|\n|upkeep\n|turn|2\n|\n|t:|1776230324\n|move|p2b: Zoroark|Icy Wind|p1a: Whimsicott|[spread] p1a,p1b\n|-supereffective|p1a: Whimsicott|1\n|-damage|p1a: Whimsicott|0 fnt\n|-damage|p1b: Eyan|86/100\n|-unboost|p1b: Eyan|spe|1\n|faint|p1a: Whimsicott\n|move|p1b: Eyan|Drill Run|p2a: Aggron\n|-supereffective|p2a: Aggron|1\n|-damage|p2a: Aggron|63/100\n|move|p2a: Aggron|Stone Edge|p1b: Eyan|[miss]\n|-miss|p2a: Aggron|p1b: Eyan\n|\n|upkeep\n|\n|t:|1776230339\n|switch|p1a: Nibbles|Krookodile, L50, F|100/100\n|-ability|p1a: Nibbles|Intimidate|boost\n|-unboost|p2a: Aggron|atk|1\n|-unboost|p2b: Zoroark|atk|1\n|turn|3\n|\n|t:|1776230363\n|move|p2a: Aggron|Protect|p2a: Aggron\n|-singleturn|p2a: Aggron|Protect\n|move|p2b: Zoroark|Icy Wind|p1b: Eyan|[spread] p1a,p1b\n|-supereffective|p1a: Nibbles|1\n|-crit|p1b: Eyan\n|-damage|p1a: Nibbles|73/100\n|-damage|p1b: Eyan|62/100\n|-unboost|p1a: Nibbles|spe|1\n|-unboost|p1b: Eyan|spe|1\n|move|p1a: Nibbles|Knock Off|p2b: Zoroark\n|-supereffective|p2b: Zoroark|1\n|-damage|p2b: Zoroark|0 fnt\n|-enditem|p2b: Zoroark|Focus Sash|[from] move: Knock Off|[of] p1a: Nibbles\n|faint|p2b: Zoroark\n|move|p1b: Eyan|Body Press|p2a: Aggron\n|-activate|p2a: Aggron|move: Protect\n|\n|-end|p1b: Eyan|move: Taunt\n|upkeep\n|\n|t:|1776230377\n|switch|p2b: Liepard|Liepard, L50, M|100/100\n|turn|4\n|\n|t:|1776230394\n|switch|p1b: Daisy|Feraligatr, L50, F, shiny|100/100\n|move|p2b: Liepard|Fake Out|p1b: Daisy\n|-damage|p1b: Daisy|92/100\n|move|p1a: Nibbles|Taunt|p2b: Liepard\n|-start|p2b: Liepard|move: Taunt\n|-enditem|p2b: Liepard|Mental Herb\n|-end|p2b: Liepard|move: Taunt\n|move|p2a: Aggron|Body Press|p1a: Nibbles\n|-supereffective|p1a: Nibbles|1\n|-damage|p1a: Nibbles|0 fnt\n|faint|p1a: Nibbles\n|\n|upkeep\n|\n|t:|1776230409\n|switch|p1a: Eyan|Skarmory-Mega, L50, M|62/100\n|turn|5\n|\n|t:|1776230430\n|move|p1a: Eyan|Iron Defense|p1a: Eyan\n|-boost|p1a: Eyan|def|2\n|move|p2b: Liepard|Knock Off|p1b: Daisy\n|-crit|p1b: Daisy\n|-damage|p1b: Daisy|50/100\n|-enditem|p1b: Daisy|White Herb|[from] move: Knock Off|[of] p2b: Liepard\n|move|p1b: Daisy|Dragon Dance|p1b: Daisy\n|-boost|p1b: Daisy|atk|1\n|-boost|p1b: Daisy|spe|1\n|move|p2a: Aggron|Body Press|p1a: Eyan\n|-damage|p1a: Eyan|42/100\n|\n|upkeep\n|turn|6\n|\n|t:|1776230451\n|move|p2b: Liepard|Encore|p1b: Daisy\n|-start|p1b: Daisy|Encore\n|move|p1b: Daisy|Dragon Dance|p1b: Daisy\n|-boost|p1b: Daisy|atk|1\n|-boost|p1b: Daisy|spe|1\n|move|p1a: Eyan|Iron Defense|p1a: Eyan\n|-boost|p1a: Eyan|def|2\n|move|p2a: Aggron|Body Press|p1a: Eyan\n|-damage|p1a: Eyan|28/100\n|\n|upkeep\n|turn|7\n|\n|t:|1776230470\n|move|p2b: Liepard|Encore|p1a: Eyan\n|-start|p1a: Eyan|Encore\n|move|p1b: Daisy|Dragon Dance|p1b: Daisy\n|-boost|p1b: Daisy|atk|1\n|-boost|p1b: Daisy|spe|1\n|move|p1a: Eyan|Iron Defense|p1a: Eyan\n|-boost|p1a: Eyan|def|2\n|move|p2a: Aggron|Body Press|p1b: Daisy\n|-damage|p1b: Daisy|6/100\n|\n|upkeep\n|turn|8\n|\n|t:|1776230488\n|move|p2b: Liepard|Taunt|p1b: Daisy\n|-start|p1b: Daisy|move: Taunt\n|cant|p1b: Daisy|move: Taunt|Dragon Dance\n|move|p1a: Eyan|Iron Defense|p1a: Eyan\n|-boost|p1a: Eyan|def|0\n|move|p2a: Aggron|Body Press|p1a: Eyan\n|-damage|p1a: Eyan|17/100\n|\n|-end|p1b: Daisy|Encore\n|upkeep\n|turn|9\n|\n|t:|1776230510\n|move|p1b: Daisy|Liquidation|p2a: Aggron\n|-damage|p2a: Aggron|8/100\n|move|p1a: Eyan|Iron Defense|p1a: Eyan\n|-boost|p1a: Eyan|def|0\n|move|p2b: Liepard|Knock Off|p1b: Daisy\n|-damage|p1b: Daisy|0 fnt\n|faint|p1b: Daisy\n|move|p2a: Aggron|Body Press|p1a: Eyan\n|-damage|p1a: Eyan|4/100\n|\n|-end|p1a: Eyan|Encore\n|upkeep\n|turn|10\n|\n|t:|1776230526\n|move|p1a: Eyan|Body Press|p2b: Liepard\n|-supereffective|p2b: Liepard|1\n|-damage|p2b: Liepard|0 fnt\n|faint|p2b: Liepard\n|move|p2a: Aggron|Body Press|p1a: Eyan\n|-damage|p1a: Eyan|0 fnt\n|faint|p1a: Eyan\n|\n|win|Techwiz_101\n|raw|CrazyQuilman157's rating: 1056 &rarr; <strong>1043</strong><br />(-13 for losing)\n|raw|Techwiz_101's rating: 1164 &rarr; <strong>1181</strong><br />(+17 for winning)\n",
  "uploadtime": 1776230536,
  "views": 19,
  "formatid": "gen9championsvgc2026regma",
  "rating": 1043,
  "private": 0,
  "password": null
}