{
  "id": "gen9championsvgc2026regma-2585688803",
  "format": "[Gen 9 Champions] VGC 2026 Reg M-A",
  "players": [
    "vroummm",
    "Jared917"
  ],
  "log": "|j|\u2606vroummm\n|j|\u203dJared917\n|t:|1776363872\n|gametype|doubles\n|player|p1|vroummm|n|1256\n|player|p2|Jared917|1|1203\n|gen|9\n|tier|[Gen 9 Champions] VGC 2026 Reg M-A\n|rated|\n|rule|Species Clause: Limit one of each Pok\u00e9mon\n|rule|Item Clause: Limit 1 of each item\n|clearpoke\n|poke|p1|Floette-Eternal, L50, F|\n|poke|p1|Aerodactyl, L50, F|\n|poke|p1|Maushold, L50|\n|poke|p1|Sneasler, L50, M|\n|poke|p1|Kingambit, L50, M|\n|poke|p1|Basculegion, L50, M|\n|poke|p2|Floette-Eternal, L50, F|\n|poke|p2|Garchomp, L50, M|\n|poke|p2|Sneasler, L50, F|\n|poke|p2|Rotom-Wash, L50|\n|poke|p2|Incineroar, L50, M|\n|poke|p2|Aerodactyl, L50, M|\n|teampreview|4\n|c|\u2606vroummm|gl hf\n|inactive|Battle timer is ON: inactive players will automatically lose when time's up. (requested by vroummm)\n|inactive|Jared917 has 60 seconds left.\n|inactive|Jared917 has 30 seconds left.\n|\n|t:|1776363963\n|teamsize|p1|4\n|teamsize|p2|4\n|start\n|switch|p1a: Aerodactyl|Aerodactyl, L50, F|100/100\n|switch|p1b: Basculegion|Basculegion, L50, M|100/100\n|switch|p2a: Sneasler|Sneasler, L50, F|100/100\n|switch|p2b: Rotom|Rotom-Wash, L50|100/100\n|-ability|p1a: Aerodactyl|Unnerve\n|turn|1\n|\n|t:|1776363987\n|move|p1a: Aerodactyl|Protect|p1a: Aerodactyl\n|-singleturn|p1a: Aerodactyl|Protect\n|move|p2a: Sneasler|Fake Out|p1a: Aerodactyl\n|-activate|p1a: Aerodactyl|move: Protect\n|move|p2b: Rotom|Volt Switch|p1a: Aerodactyl\n|-activate|p1a: Aerodactyl|move: Protect\n|move|p1b: Basculegion|Flip Turn|p2a: Sneasler\n|-damage|p2a: Sneasler|36/100\n|\n|t:|1776364002\n|switch|p1b: Floette|Floette-Eternal, L50, F|100/100|[from] Flip Turn\n|\n|upkeep\n|turn|2\n|\n|t:|1776364021\n|detailschange|p1b: Floette|Floette-Mega, L50, F\n|-mega|p1b: Floette|Floette|Floettite\n|-ability|p1b: Floette|Fairy Aura\n|move|p2b: Rotom|Volt Switch|p1a: Aerodactyl\n|-supereffective|p1a: Aerodactyl|1\n|-damage|p1a: Aerodactyl|35/100\n|\n|t:|1776364033\n|switch|p2b: Aerodactyl|Aerodactyl, L50, M|100/100|[from] Volt Switch\n|-ability|p2b: Aerodactyl|Unnerve\n|move|p1a: Aerodactyl|Dual Wingbeat|p2a: Sneasler\n|-supereffective|p2a: Sneasler|1\n|-damage|p2a: Sneasler|0 fnt\n|faint|p2a: Sneasler\n|-hitcount|p2: Sneasler|1\n|move|p1b: Floette|Calm Mind|p1b: Floette\n|-boost|p1b: Floette|spa|1\n|-boost|p1b: Floette|spd|1\n|\n|upkeep\n|\n|t:|1776364042\n|switch|p2a: Floette|Floette-Eternal, L50, F|100/100\n|turn|3\n|\n|t:|1776364056\n|detailschange|p2a: Floette|Floette-Mega, L50, F\n|-mega|p2a: Floette|Floette|Floettite\n|-ability|p2a: Floette|Fairy Aura\n|move|p1a: Aerodactyl|Rock Slide|p2b: Aerodactyl|[spread] p2a,p2b\n|-supereffective|p2b: Aerodactyl|1\n|-damage|p2a: Floette|81/100\n|-damage|p2b: Aerodactyl|39/100\n|cant|p2b: Aerodactyl|flinch\n|move|p1b: Floette|Dazzling Gleam|p2a: Floette|[spread] p2a,p2b\n|-damage|p2a: Floette|33/100\n|-damage|p2b: Aerodactyl|0 fnt\n|faint|p2b: Aerodactyl\n|move|p2a: Floette|Dazzling Gleam|p1b: Floette|[spread] p1a,p1b\n|-damage|p1a: Aerodactyl|0 fnt\n|-damage|p1b: Floette|79/100\n|faint|p1a: Aerodactyl\n|\n|upkeep\n|\n|t:|1776364071\n|switch|p1a: Basculegion|Basculegion, L50, M|100/100\n|switch|p2b: Rotom|Rotom-Wash, L50|100/100\n|turn|4\n|\n|t:|1776364087\n|move|p2b: Rotom|Volt Switch|p1a: Basculegion\n|-supereffective|p1a: Basculegion|1\n|-damage|p1a: Basculegion|35/100\n|move|p1a: Basculegion|Last Respects|p2b: Rotom\n|-damage|p2b: Rotom|30/100\n|move|p1b: Floette|Moonblast|p2a: Floette\n|-damage|p2a: Floette|0 fnt\n|faint|p2a: Floette\n|\n|upkeep\n|turn|5\n|\n|t:|1776364100\n|move|p2b: Rotom|Volt Switch|p1a: Basculegion\n|-supereffective|p1a: Basculegion|1\n|-damage|p1a: Basculegion|0 fnt\n|faint|p1a: Basculegion\n|move|p1b: Floette|Moonblast|p2b: Rotom\n|-damage|p2b: Rotom|0 fnt\n|faint|p2b: Rotom\n|\n|win|vroummm\n|raw|vroummm's rating: 1256 &rarr; <strong>1277</strong><br />(+21 for winning)\n|raw|Jared917's rating: 1203 &rarr; <strong>1182</strong><br />(-21 for losing)\n|l|\u203dJared917\n|player|p2|\n",
  "uploadtime": 1776364389,
  "views": 27,
  "formatid": "gen9championsvgc2026regma",
  "rating": 1182,
  "private": 0,
  "password": null
}