{
  "id": "gen9championsvgc2026regma-2588501768",
  "format": "[Gen 9 Champions] VGC 2026 Reg M-A",
  "players": [
    "farangjake",
    "srryatwork"
  ],
  "log": "|j|\u2606farangjake\n|j|\u2606srryatwork\n|t:|1776639320\n|gametype|doubles\n|player|p1|farangjake|hilbert|1109\n|player|p2|srryatwork|2|1077\n|gen|9\n|tier|[Gen 9 Champions] VGC 2026 Reg M-A\n|rated|\n|rule|Species Clause: Limit one of each Pok\u00e9mon\n|rule|Item Clause: Limit 1 of each item\n|clearpoke\n|poke|p1|Floette-Eternal, L50, F|\n|poke|p1|Sneasler, L50, F|\n|poke|p1|Garchomp, L50, F|\n|poke|p1|Aerodactyl, L50, M|\n|poke|p1|Basculegion, L50, M|\n|poke|p1|Incineroar, L50, F|\n|poke|p2|Venusaur, L50, F|\n|poke|p2|Corviknight, L50, M|\n|poke|p2|Oranguru, L50, M|\n|poke|p2|Empoleon, L50, F|\n|poke|p2|Heliolisk, L50, F|\n|poke|p2|Garchomp, L50, M, shiny|\n|teampreview|4\n|\n|t:|1776639351\n|teamsize|p1|4\n|teamsize|p2|4\n|start\n|switch|p1a: Basculegion|Basculegion, L50, M|100/100\n|switch|p1b: Floette|Floette-Eternal, L50, F|100/100\n|switch|p2a: Venusaur|Venusaur, L50, F|100/100\n|switch|p2b: Corviknight|Corviknight, L50, M|100/100\n|turn|1\n|\n|t:|1776639373\n|switch|p1b: Incineroar|Incineroar, L50, F|100/100\n|-ability|p1b: Incineroar|Intimidate|boost\n|-unboost|p2a: Venusaur|atk|1\n|-ability|p2b: Corviknight|Mirror Armor\n|-unboost|p1b: Incineroar|atk|1\n|detailschange|p2a: Venusaur|Venusaur-Mega, L50, F\n|-mega|p2a: Venusaur|Venusaur|Venusaurite\n|move|p1a: Basculegion|Wave Crash|p2b: Corviknight\n|-damage|p2b: Corviknight|39/100\n|-damage|p1a: Basculegion|79/100|[from] Recoil\n|move|p2a: Venusaur|Sludge Wave|p1a: Basculegion|[spread] p1a,p1b\n|-immune|p2b: Corviknight\n|-resisted|p1a: Basculegion|1\n|-damage|p1a: Basculegion|58/100\n|-damage|p1b: Incineroar|66/100\n|move|p2b: Corviknight|Tailwind|p2b: Corviknight\n|-sidestart|p2: srryatwork|move: Tailwind\n|\n|-heal|p2b: Corviknight|45/100|[from] item: Leftovers\n|upkeep\n|turn|2\n|\n|t:|1776639412\n|move|p1b: Incineroar|Fake Out|p2a: Venusaur\n|-damage|p2a: Venusaur|92/100\n|cant|p2a: Venusaur|flinch\n|move|p1a: Basculegion|Wave Crash|p2b: Corviknight\n|-damage|p2b: Corviknight|0 fnt\n|faint|p2b: Corviknight\n|-damage|p1a: Basculegion|43/100|[from] Recoil\n|\n|upkeep\n|\n|t:|1776639423\n|switch|p2b: Empoleon|Empoleon, L50, F|100/100\n|turn|3\n|\n|t:|1776639451\n|switch|p2a: Heliolisk|Heliolisk, L50, F|100/100\n|switch|p1a: Floette|Floette-Eternal, L50, F|100/100\n|move|p2b: Empoleon|Surf|p1a: Floette|[spread] p1a,p1b\n|-immune|p2a: Heliolisk|[from] ability: Dry Skin\n|-supereffective|p1b: Incineroar|1\n|-damage|p1a: Floette|70/100\n|-damage|p1b: Incineroar|5/100\n|-enditem|p1b: Incineroar|Sitrus Berry|[eat]\n|-heal|p1b: Incineroar|30/100|[from] item: Sitrus Berry\n|move|p1b: Incineroar|Parting Shot|p2a: Heliolisk\n|-unboost|p2a: Heliolisk|atk|1\n|-unboost|p2a: Heliolisk|spa|1\n|\n|t:|1776639464\n|switch|p1b: Aerodactyl|Aerodactyl, L50, M|100/100|[from] Parting Shot\n|-ability|p1b: Aerodactyl|Unnerve\n|\n|upkeep\n|turn|4\n|\n|t:|1776639474\n|detailschange|p1a: Floette|Floette-Mega, L50, F\n|-mega|p1a: Floette|Floette|Floettite\n|-ability|p1a: Floette|Fairy Aura\n|move|p1b: Aerodactyl|Protect|p1b: Aerodactyl\n|-singleturn|p1b: Aerodactyl|Protect\n|move|p1a: Floette|Protect|p1a: Floette\n|-singleturn|p1a: Floette|Protect\n|move|p2a: Heliolisk|Thunderbolt|p1b: Aerodactyl\n|-activate|p1b: Aerodactyl|move: Protect\n|move|p2b: Empoleon|Flash Cannon|p1a: Floette\n|-activate|p1a: Floette|move: Protect\n|\n|-sideend|p2: srryatwork|move: Tailwind\n|upkeep\n|turn|5\n|\n|t:|1776639498\n|move|p1b: Aerodactyl|Rock Slide|p2b: Empoleon|[spread] p2a,p2b\n|-resisted|p2b: Empoleon|1\n|-damage|p2a: Heliolisk|56/100\n|-damage|p2b: Empoleon|87/100\n|cant|p2a: Heliolisk|flinch\n|move|p1a: Floette|Dazzling Gleam|p2a: Heliolisk|[spread] p2a,p2b\n|-resisted|p2b: Empoleon|1\n|-damage|p2a: Heliolisk|5/100\n|-damage|p2b: Empoleon|65/100\n|move|p2b: Empoleon|Flash Cannon|p1a: Floette\n|-supereffective|p1a: Floette|1\n|-damage|p1a: Floette|5/100\n|\n|upkeep\n|turn|6\n|\n|t:|1776639526\n|switch|p2a: Venusaur|Venusaur-Mega, L50, F|92/100\n|move|p1b: Aerodactyl|Rock Slide|p2b: Empoleon|[spread] p2a,p2b\n|-resisted|p2b: Empoleon|1\n|-damage|p2a: Venusaur|67/100\n|-damage|p2b: Empoleon|53/100\n|move|p1a: Floette|Moonblast|p2b: Empoleon\n|-resisted|p2b: Empoleon|1\n|-damage|p2b: Empoleon|19/100\n|move|p2b: Empoleon|Icy Wind|p1b: Aerodactyl|[spread] p1a,p1b\n|-supereffective|p1b: Aerodactyl|1\n|-damage|p1a: Floette|0 fnt\n|-damage|p1b: Aerodactyl|60/100\n|-unboost|p1b: Aerodactyl|spe|1\n|faint|p1a: Floette\n|\n|upkeep\n|\n|t:|1776639540\n|switch|p1a: Basculegion|Basculegion, L50, M|43/100\n|turn|7\n|\n|t:|1776639559\n|move|p2b: Empoleon|Protect|p2b: Empoleon\n|-singleturn|p2b: Empoleon|Protect\n|move|p1a: Basculegion|Last Respects|p2a: Venusaur\n|-damage|p2a: Venusaur|4/100\n|move|p1b: Aerodactyl|Tailwind|p1b: Aerodactyl\n|-sidestart|p1: farangjake|move: Tailwind\n|move|p2a: Venusaur|Sludge Wave|p1a: Basculegion|[spread] p1a,p1b\n|-activate|p2b: Empoleon|move: Protect\n|-resisted|p1a: Basculegion|1\n|-resisted|p1b: Aerodactyl|1\n|-damage|p1a: Basculegion|20/100\n|-damage|p1b: Aerodactyl|30/100\n|\n|upkeep\n|turn|8\n|\n|t:|1776639594\n|move|p1a: Basculegion|Last Respects|p2b: Empoleon\n|-damage|p2b: Empoleon|0 fnt\n|faint|p2b: Empoleon\n|move|p1b: Aerodactyl|Rock Slide|p2a: Venusaur\n|-damage|p2a: Venusaur|0 fnt\n|faint|p2a: Venusaur\n|\n|upkeep\n|\n|t:|1776639616\n|switch|p2a: Heliolisk|Heliolisk, L50, F|5/100\n|turn|9\n|\n|t:|1776639634\n|move|p1a: Basculegion|Last Respects|p2a: Heliolisk\n|-immune|p2a: Heliolisk\n|move|p1b: Aerodactyl|Rock Slide|p2a: Heliolisk\n|-damage|p2a: Heliolisk|0 fnt\n|faint|p2a: Heliolisk\n|\n|win|farangjake\n|raw|farangjake's rating: 1109 &rarr; <strong>1132</strong><br />(+23 for winning)\n|raw|srryatwork's rating: 1077 &rarr; <strong>1057</strong><br />(-20 for losing)\n",
  "uploadtime": 1776639637,
  "views": 9,
  "formatid": "gen9championsvgc2026regma",
  "rating": 1057,
  "private": 0,
  "password": null
}