{
  "id": "gen9championsvgc2026regma-2580323392",
  "format": "[Gen 9 Champions] VGC 2026 Reg M-A",
  "players": [
    "Flipsicle",
    "PaldeanFroslass"
  ],
  "log": "|j|\u2606Flipsicle\n|j|\u2606PaldeanFroslass\n|t:|1775880424\n|gametype|doubles\n|player|p1|Flipsicle|elesa-masters|1043\n|player|p2|PaldeanFroslass|2|1000\n|gen|9\n|tier|[Gen 9 Champions] VGC 2026 Reg M-A\n|rated|\n|rule|Species Clause: Limit one of each Pok\u00e9mon\n|rule|Item Clause: Limit 1 of each item\n|clearpoke\n|poke|p1|Garchomp, L50, F|\n|poke|p1|Kingambit, L50, F|\n|poke|p1|Primarina, L50, M|\n|poke|p1|Sneasler, L50, M|\n|poke|p1|Dragonite, L50, M|\n|poke|p1|Scovillain, L50, F|\n|poke|p2|Froslass, L50, F|\n|poke|p2|Palafin, L50, F|\n|poke|p2|Kingambit, L50, F|\n|poke|p2|Arcanine-Hisui, L50, F|\n|poke|p2|Sinistcha, L50|\n|poke|p2|Sneasler, L50, M|\n|teampreview|4\n|inactive|Battle timer is ON: inactive players will automatically lose when time's up. (requested by PaldeanFroslass)\nFlipsicle rejected open team sheets.\n|c|\u2606Flipsicle|glhf\n|c|\u2606PaldeanFroslass|glhf!\n|inactive|Flipsicle has 60 seconds left.\n|inactive|Flipsicle has 30 seconds left.\n|inactive|Flipsicle has 20 seconds left.\n|inactive|Flipsicle has 15 seconds left.\n|inactive|Flipsicle has 10 seconds left.\n|inactive|Flipsicle has 5 seconds left.\n|\n|t:|1775880592\n|teamsize|p1|4\n|teamsize|p2|4\n|start\n|switch|p1a: Sneasler|Sneasler, L50, M|100/100\n|switch|p1b: Scovillain|Scovillain, L50, F|100/100\n|switch|p2a: Froslass|Froslass, L50, F|100/100\n|switch|p2b: Palafin|Palafin, L50, F|100/100\n|turn|1\n|\n|t:|1775880605\n|switch|p1a: Kingambit|Kingambit, L50, F|100/100\n|detailschange|p2b: Palafin|Palafin-Hero, L50, F\n|switch|p2b: Arcanine|Arcanine-Hisui, L50, F|100/100\n|-ability|p2b: Arcanine|Intimidate|boost\n|-unboost|p1a: Kingambit|atk|1\n|-ability|p1a: Kingambit|Defiant|boost\n|-boost|p1a: Kingambit|atk|2\n|-unboost|p1b: Scovillain|atk|1\n|detailschange|p2a: Froslass|Froslass-Mega, L50, F\n|-mega|p2a: Froslass|Froslass|Froslassite\n|-weather|Snowscape|[from] ability: Snow Warning|[of] p2a: Froslass\n|detailschange|p1b: Scovillain|Scovillain-Mega, L50, F\n|-mega|p1b: Scovillain|Scovillain|Scovillainite\n|move|p2a: Froslass|Blizzard|p1a: Kingambit|[spread] p1a,p1b\n|-resisted|p1a: Kingambit|1\n|-damage|p1a: Kingambit|80/100\n|-damage|p1b: Scovillain|55/100\n|-status|p1b: Scovillain|frz\n|-status|p2a: Froslass|brn|[from] ability: Spicy Spray|[of] p1b: Scovillain\n|cant|p1b: Scovillain|frz\n|\n|-weather|Snowscape|[upkeep]\n|-damage|p2a: Froslass|94/100 brn|[from] brn\n|upkeep\n|turn|2\n|c|\u2606Flipsicle|i used flamethrower wtf\n|inactive|Flipsicle has 30 seconds left.\n|inactive|PaldeanFroslass has 30 seconds left.\n|inactive|Flipsicle has 20 seconds left.\n|inactive|PaldeanFroslass has 20 seconds left.\n|inactive|Flipsicle has 15 seconds left.\n|inactive|PaldeanFroslass has 15 seconds left.\n|inactive|Flipsicle has 10 seconds left.\n|\n|t:|1775880651\n|switch|p2a: Palafin|Palafin-Hero, L50, F|100/100\n|-activate|p2a: Palafin|ability: Zero to Hero\n|move|p1a: Kingambit|Sucker Punch|p2b: Arcanine\n|-damage|p2b: Arcanine|11/100\n|move|p2b: Arcanine|Flare Blitz|p1a: Kingambit\n|-supereffective|p1a: Kingambit|1\n|-damage|p1a: Kingambit|0 fnt\n|faint|p1a: Kingambit\n|-damage|p2b: Arcanine|0 fnt|[from] Recoil\n|faint|p2b: Arcanine\n|cant|p1b: Scovillain|frz\n|\n|-weather|Snowscape|[upkeep]\n|upkeep\n|\n|t:|1775880661\n|switch|p2b: Froslass|Froslass-Mega, L50, F|94/100 brn\n|switch|p1a: Sneasler|Sneasler, L50, M|100/100\n|turn|3\n|inactive|Flipsicle has 30 seconds left.\n|inactive|Flipsicle has 20 seconds left.\n|\n|t:|1775880700\n|move|p2b: Froslass|Protect|p2b: Froslass\n|-singleturn|p2b: Froslass|Protect\n|move|p1a: Sneasler|Fake Out|p2a: Palafin\n|-damage|p2a: Palafin|88/100\n|cant|p2a: Palafin|flinch\n|-curestatus|p1b: Scovillain|frz|[msg]\n|move|p1b: Scovillain|Flamethrower|p2b: Froslass\n|-activate|p2b: Froslass|move: Protect\n|\n|-weather|Snowscape|[upkeep]\n|-damage|p2b: Froslass|88/100 brn|[from] brn\n|upkeep\n|turn|4\n|inactive|Flipsicle has 30 seconds left.\n|\n|t:|1775880734\n|move|p1a: Sneasler|Dire Claw|p2a: Palafin\n|-damage|p2a: Palafin|48/100\n|move|p2b: Froslass|Shadow Ball|p1b: Scovillain\n|-damage|p1b: Scovillain|15/100\n|move|p2a: Palafin|Wave Crash|p1a: Sneasler\n|-enditem|p1a: Sneasler|Focus Sash\n|-damage|p1a: Sneasler|1/100\n|-damage|p2a: Palafin|22/100|[from] Recoil\n|move|p1b: Scovillain|Flamethrower|p2b: Froslass\n|-supereffective|p2b: Froslass|1\n|-damage|p2b: Froslass|0 fnt\n|faint|p2b: Froslass\n|\n|-weather|Snowscape|[upkeep]\n|upkeep\n|\n|t:|1775880740\n|switch|p2b: Sneasler|Sneasler, L50, M|100/100\n|turn|5\n|j| caseyaces\n|\n|t:|1775880765\n|move|p1b: Scovillain|Protect|p1b: Scovillain\n|-singleturn|p1b: Scovillain|Protect\n|move|p2b: Sneasler|Fake Out|p1a: Sneasler\n|-damage|p1a: Sneasler|0 fnt\n|faint|p1a: Sneasler\n|move|p2a: Palafin|Aqua Jet|p1b: Scovillain\n|-activate|p1b: Scovillain|move: Protect\n|\n|-weather|none\n|upkeep\n|\n|t:|1775880771\n|switch|p1a: Dragonite|Dragonite, L50, M|100/100\n|turn|6\n|\n|t:|1775880790\n|move|p1b: Scovillain|Rage Powder|p1b: Scovillain\n|-singleturn|p1b: Scovillain|move: Rage Powder\n|move|p2a: Palafin|Aqua Jet|p1b: Scovillain\n|-damage|p1b: Scovillain|0 fnt\n|-status|p2a: Palafin|brn|[from] ability: Spicy Spray|[of] p1b: Scovillain\n|faint|p1b: Scovillain\n|move|p2b: Sneasler|Dire Claw|p1a: Dragonite\n|-crit|p1a: Dragonite\n|-damage|p1a: Dragonite|63/100\n|-status|p1a: Dragonite|psn\n|move|p1a: Dragonite|Stomping Tantrum|p2b: Sneasler\n|-supereffective|p2b: Sneasler|1\n|-crit|p2b: Sneasler\n|-damage|p2b: Sneasler|0 fnt\n|faint|p2b: Sneasler\n|\n|-damage|p1a: Dragonite|50/100 psn|[from] psn\n|-damage|p2a: Palafin|16/100 brn|[from] brn\n|upkeep\n|turn|7\n|\n|t:|1775880803\n|move|p2a: Palafin|Protect|p2a: Palafin\n|-singleturn|p2a: Palafin|Protect\n|move|p1a: Dragonite|Extreme Speed|p2a: Palafin\n|-activate|p2a: Palafin|move: Protect\n|\n|-damage|p1a: Dragonite|38/100 psn|[from] psn\n|-damage|p2a: Palafin|10/100 brn|[from] brn\n|upkeep\n|turn|8\n|\n|t:|1775880810\n|move|p2a: Palafin|Protect|p2a: Palafin\n|-singleturn|p2a: Palafin|Protect\n|move|p1a: Dragonite|Extreme Speed|p2a: Palafin\n|-activate|p2a: Palafin|move: Protect\n|\n|-damage|p1a: Dragonite|25/100 psn|[from] psn\n|-damage|p2a: Palafin|4/100 brn|[from] brn\n|upkeep\n|turn|9\n|l| caseyaces\n|j| chromate\n|l| chromate\n|\n|t:|1775880835\n|move|p1a: Dragonite|Extreme Speed|p2a: Palafin\n|-damage|p2a: Palafin|0 fnt\n|faint|p2a: Palafin\n|\n|win|Flipsicle\n|raw|Flipsicle's rating: 1043 &rarr; <strong>1076</strong><br />(+33 for winning)\n|raw|PaldeanFroslass's rating: 1033 &rarr; <strong>1018</strong><br />(-15 for losing)\n|l|\u2606PaldeanFroslass\n|player|p2|\n",
  "uploadtime": 1775880841,
  "views": 19,
  "formatid": "gen9championsvgc2026regma",
  "rating": 1018,
  "private": 0,
  "password": null
}