{
  "id": "gen9championsvgc2026regma-2581321088",
  "format": "[Gen 9 Champions] VGC 2026 Reg M-A",
  "players": [
    "silvermagicianvgc",
    "Adricrack2090"
  ],
  "log": "|j|\u2606silvermagicianvgc\n|j|\u2606Adricrack2090\n|t:|1775986312\n|gametype|doubles\n|player|p1|silvermagicianvgc|silver|1328\n|player|p2|Adricrack2090|bruno|1333\n|gen|9\n|tier|[Gen 9 Champions] VGC 2026 Reg M-A\n|rated|\n|rule|Species Clause: Limit one of each Pok\u00e9mon\n|rule|Item Clause: Limit 1 of each item\n|clearpoke\n|poke|p1|Floette-Eternal, L50, F|\n|poke|p1|Garchomp, L50, F|\n|poke|p1|Aerodactyl, L50, M|\n|poke|p1|Incineroar, L50, M|\n|poke|p1|Milotic, L50, F|\n|poke|p1|Sinistcha, L50|\n|poke|p2|Charizard, L50, F|\n|poke|p2|Kingambit, L50, F|\n|poke|p2|Maushold-Four, L50|\n|poke|p2|Sneasler, L50, F|\n|poke|p2|Dragapult, L50, F|\n|poke|p2|Garchomp, L50, M|\n|teampreview|4\n|j| gE1xjZRtuhW2DdT0AK\n|\n|t:|1775986347\n|teamsize|p1|4\n|teamsize|p2|4\n|start\n|switch|p1a: Aerodactyl|Aerodactyl, L50, M|100/100\n|switch|p1b: Garchomp|Garchomp, L50, F|100/100\n|switch|p2a: Dragapult|Dragapult, L50, F|100/100\n|switch|p2b: Kingambit|Kingambit, L50, F|100/100\n|-ability|p1a: Aerodactyl|Unnerve\n|turn|1\n|inactive|Battle timer is ON: inactive players will automatically lose when time's up. (requested by Adricrack2090)\n|\n|t:|1775986371\n|move|p1b: Garchomp|Dragon Claw|p2a: Dragapult\n|-supereffective|p2a: Dragapult|1\n|-damage|p2a: Dragapult|0 fnt\n|faint|p2a: Dragapult\n|move|p1a: Aerodactyl|Rock Slide|p2b: Kingambit\n|-resisted|p2b: Kingambit|1\n|-damage|p2b: Kingambit|87/100\n|move|p2b: Kingambit|Iron Head|p1a: Aerodactyl\n|-supereffective|p1a: Aerodactyl|1\n|-enditem|p1a: Aerodactyl|Focus Sash\n|-damage|p1a: Aerodactyl|1/100\n|\n|upkeep\n|\n|t:|1775986392\n|switch|p2a: Sneasler|Sneasler, L50, F|100/100\n|turn|2\n|inactive|silvermagicianvgc has 30 seconds left.\n|\n|t:|1775986418\n|switch|p1b: Milotic|Milotic, L50, F, shiny|100/100\n|move|p1a: Aerodactyl|Protect|p1a: Aerodactyl\n|-singleturn|p1a: Aerodactyl|Protect\n|move|p2a: Sneasler|Fake Out|p1b: Milotic\n|-damage|p1b: Milotic|87/100\n|move|p2b: Kingambit|Kowtow Cleave|p1a: Aerodactyl\n|-activate|p1a: Aerodactyl|move: Protect\n|\n|-heal|p1b: Milotic|93/100|[from] item: Leftovers\n|upkeep\n|turn|3\n|\n|t:|1775986435\n|move|p2b: Kingambit|Sucker Punch||[still]\n|-fail|p2b: Kingambit\n|move|p1a: Aerodactyl|Tailwind|p1a: Aerodactyl\n|-sidestart|p1: silvermagicianvgc|move: Tailwind\n|move|p1b: Milotic|Scald|p2b: Kingambit\n|-damage|p2b: Kingambit|54/100\n|move|p2a: Sneasler|Dire Claw|p1b: Milotic\n|-damage|p1b: Milotic|50/100\n|\n|-heal|p1b: Milotic|56/100|[from] item: Leftovers\n|upkeep\n|turn|4\n|inactive|silvermagicianvgc has 30 seconds left.\n|\n|t:|1775986462\n|switch|p1a: Garchomp|Garchomp, L50, F|100/100\n|switch|p2a: Charizard|Charizard, L50, F|100/100\n|move|p1b: Milotic|Protect|p1b: Milotic\n|-singleturn|p1b: Milotic|Protect\n|move|p2b: Kingambit|Kowtow Cleave|p1b: Milotic\n|-activate|p1b: Milotic|move: Protect\n|\n|-heal|p1b: Milotic|62/100|[from] item: Leftovers\n|upkeep\n|turn|5\n|\n|t:|1775986480\n|move|p2a: Charizard|Protect|p2a: Charizard\n|-singleturn|p2a: Charizard|Protect\n|move|p1a: Garchomp|Rock Slide|p2a: Charizard|[spread] p2b\n|-activate|p2a: Charizard|move: Protect\n|-resisted|p2b: Kingambit|1\n|-damage|p2b: Kingambit|46/100\n|move|p1b: Milotic|Scald|p2b: Kingambit\n|-damage|p2b: Kingambit|8/100\n|cant|p2b: Kingambit|flinch\n|\n|-heal|p1b: Milotic|68/100|[from] item: Leftovers\n|upkeep\n|turn|6\n|\n|t:|1775986503\n|switch|p2a: Sneasler|Sneasler, L50, F|100/100\n|move|p2b: Kingambit|Protect|p2b: Kingambit\n|-singleturn|p2b: Kingambit|Protect\n|move|p1a: Garchomp|Rock Slide|p2a: Sneasler|[spread] p2a\n|-activate|p2b: Kingambit|move: Protect\n|-resisted|p2a: Sneasler|1\n|-damage|p2a: Sneasler|83/100\n|move|p1b: Milotic|Scald|p2a: Sneasler\n|-damage|p2a: Sneasler|29/100\n|\n|-heal|p1b: Milotic|74/100|[from] item: Leftovers\n|-sideend|p1: silvermagicianvgc|move: Tailwind\n|upkeep\n|turn|7\n|\n|t:|1775986524\n|move|p2a: Sneasler|Fake Out|p1a: Garchomp\n|-damage|p1a: Garchomp|88/100\n|-damage|p2a: Sneasler|17/100|[from] ability: Rough Skin|[of] p1a: Garchomp\n|cant|p1a: Garchomp|flinch\n|move|p1b: Milotic|Scald|p2b: Kingambit\n|-damage|p2b: Kingambit|0 fnt\n|faint|p2b: Kingambit\n|\n|-heal|p1b: Milotic|80/100|[from] item: Leftovers\n|upkeep\n|\n|t:|1775986531\n|switch|p2b: Charizard|Charizard, L50, F|100/100\n|turn|8\n|-message|Adricrack2090 forfeited.\n|\n|win|silvermagicianvgc\n|raw|silvermagicianvgc's rating: 1328 &rarr; <strong>1348</strong><br />(+20 for winning)\n|raw|Adricrack2090's rating: 1333 &rarr; <strong>1313</strong><br />(-20 for losing)\n|l|\u2606Adricrack2090\n|player|p2|\n|l|\u2606silvermagicianvgc\n|player|p1|\n",
  "uploadtime": 1775986593,
  "views": 40,
  "formatid": "gen9championsvgc2026regma",
  "rating": 1313,
  "private": 0,
  "password": null
}