{
  "id": "gen9championsvgc2026regma-2581094679",
  "format": "[Gen 9 Champions] VGC 2026 Reg M-A",
  "players": [
    "rillabiki157",
    "loklastaji"
  ],
  "log": "|j|\u2606rillabiki157\n|j|\u2606loklastaji\n|t:|1775959328\n|gametype|doubles\n|player|p1|rillabiki157|266|1081\n|player|p2|loklastaji|101|1169\n|gen|9\n|tier|[Gen 9 Champions] VGC 2026 Reg M-A\n|rated|\n|rule|Species Clause: Limit one of each Pok\u00e9mon\n|rule|Item Clause: Limit 1 of each item\n|clearpoke\n|poke|p1|Gyarados, L50, F|\n|poke|p1|Pelipper, L50, M|\n|poke|p1|Archaludon, L50, F|\n|poke|p1|Sinistcha, L50|\n|poke|p1|Sneasler, L50, M|\n|poke|p1|Tsareena, L50, F|\n|poke|p2|Samurott-Hisui, L50, F|\n|poke|p2|Mamoswine, L50, M|\n|poke|p2|Delphox, L50, M|\n|poke|p2|Clefable, L50, F|\n|poke|p2|Corviknight, L50, M|\n|poke|p2|Dragonite, L50, M|\n|teampreview|4\nrillabiki157 has agreed to open team sheets.\n|inactive|Battle timer is ON: inactive players will automatically lose when time's up. (requested by rillabiki157)\n|\n|t:|1775959372\n|teamsize|p1|4\n|teamsize|p2|4\n|start\n|switch|p1a: Pelipper|Pelipper, L50, M|100/100\n|switch|p1b: Archaludon|Archaludon, L50, F|100/100\n|switch|p2a: Dragonite|Dragonite, L50, M|100/100\n|switch|p2b: Samurott|Samurott-Hisui, L50, F|100/100\n|-weather|RainDance|[from] ability: Drizzle|[of] p1a: Pelipper\n|turn|1\n|\n|t:|1775959396\n|switch|p2b: Mamoswine|Mamoswine, L50, M|100/100\n|detailschange|p2a: Dragonite|Dragonite-Mega, L50, M\n|-mega|p2a: Dragonite|Dragonite|Dragoninite\n|move|p1b: Archaludon|Protect|p1b: Archaludon\n|-singleturn|p1b: Archaludon|Protect\n|move|p2a: Dragonite|Draco Meteor|p1b: Archaludon\n|-activate|p1b: Archaludon|move: Protect\n|move|p1a: Pelipper|Tailwind|p1a: Pelipper\n|-sidestart|p1: rillabiki157|move: Tailwind\n|\n|-weather|RainDance|[upkeep]\n|upkeep\n|turn|2\n|-activate|p1a: Pelipper|item: Quick Claw\n|\n|t:|1775959420\n|move|p1a: Pelipper|Hurricane|p2a: Dragonite\n|-damage|p2a: Dragonite|81/100\n|move|p1b: Archaludon|Electro Shot||[still]\n|-prepare|p1b: Archaludon|Electro Shot\n|-boost|p1b: Archaludon|spa|1\n|-anim|p1b: Archaludon|Electro Shot|p2a: Dragonite\n|-damage|p2a: Dragonite|19/100\n|move|p2b: Mamoswine|Earthquake|p1b: Archaludon|[spread] p1b\n|-immune|p2a: Dragonite\n|-immune|p1a: Pelipper\n|-supereffective|p1b: Archaludon|1\n|-enditem|p1b: Archaludon|Shuca Berry|[eat]\n|-enditem|p1b: Archaludon|Shuca Berry|[weaken]\n|-damage|p1b: Archaludon|69/100\n|-ability|p1b: Archaludon|Stamina|boost\n|-boost|p1b: Archaludon|def|1\n|move|p2a: Dragonite|Thunderbolt|p1a: Pelipper\n|-supereffective|p1a: Pelipper|2\n|-damage|p1a: Pelipper|0 fnt\n|faint|p1a: Pelipper\n|\n|-weather|RainDance|[upkeep]\n|upkeep\n|\n|t:|1775959444\n|switch|p1a: Sneasler|Sneasler, L50, M|100/100\n|turn|3\n|\n|t:|1775959454\n|switch|p2b: Corviknight|Corviknight, L50, M|100/100\n|move|p2a: Dragonite|Protect|p2a: Dragonite\n|-singleturn|p2a: Dragonite|Protect\n|move|p1a: Sneasler|Close Combat|p2b: Corviknight\n|-damage|p2b: Corviknight|36/100\n|-unboost|p1a: Sneasler|def|1\n|-unboost|p1a: Sneasler|spd|1\n|move|p1b: Archaludon|Dragon Pulse|p2a: Dragonite\n|-activate|p2a: Dragonite|move: Protect\n|\n|-weather|RainDance|[upkeep]\n|-heal|p2b: Corviknight|42/100|[from] item: Leftovers\n|upkeep\n|turn|4\n|inactive|loklastaji has 30 seconds left.\n|\n|t:|1775959485\n|switch|p2a: Samurott|Samurott-Hisui, L50, F|100/100\n|move|p1a: Sneasler|Dire Claw|p2a: Samurott\n|-damage|p2a: Samurott|47/100\n|-status|p2a: Samurott|psn|[from] ability: Poison Touch|[of] p1a: Sneasler\n|move|p1b: Archaludon|Electro Shot||[still]\n|-prepare|p1b: Archaludon|Electro Shot\n|-boost|p1b: Archaludon|spa|1\n|-anim|p1b: Archaludon|Electro Shot|p2b: Corviknight\n|-supereffective|p2b: Corviknight|1\n|-damage|p2b: Corviknight|0 fnt\n|faint|p2b: Corviknight\n|\n|-weather|RainDance|[upkeep]\n|-damage|p2a: Samurott|35/100 psn|[from] psn\n|-sideend|p1: rillabiki157|move: Tailwind\n|upkeep\n|\n|t:|1775959503\n|switch|p2b: Mamoswine|Mamoswine, L50, M|100/100\n|turn|5\n|\n|t:|1775959526\n|switch|p2a: Dragonite|Dragonite-Mega, L50, M|19/100\n|move|p2b: Mamoswine|Earthquake|p1a: Sneasler|[spread] p1a,p1b\n|-immune|p2a: Dragonite\n|-supereffective|p1a: Sneasler|1\n|-supereffective|p1b: Archaludon|1\n|-enditem|p1a: Sneasler|Focus Sash\n|-damage|p1a: Sneasler|1/100\n|-damage|p1b: Archaludon|25/100\n|-ability|p1b: Archaludon|Stamina|boost\n|-boost|p1b: Archaludon|def|1\n|move|p1a: Sneasler|Close Combat|p2b: Mamoswine\n|-supereffective|p2b: Mamoswine|1\n|-damage|p2b: Mamoswine|0 fnt\n|-unboost|p1a: Sneasler|def|1\n|-unboost|p1a: Sneasler|spd|1\n|faint|p2b: Mamoswine\n|move|p1b: Archaludon|Electro Shot||[still]\n|-prepare|p1b: Archaludon|Electro Shot\n|-boost|p1b: Archaludon|spa|1\n|-anim|p1b: Archaludon|Electro Shot|p2a: Dragonite\n|-damage|p2a: Dragonite|0 fnt\n|faint|p2a: Dragonite\n|\n|-weather|none\n|upkeep\n|\n|t:|1775959550\n|switch|p2b: Samurott|Samurott-Hisui, L50, F|35/100 psn\n|turn|6\n|\n|t:|1775959560\n|move|p2b: Samurott|Sucker Punch|p1a: Sneasler\n|-resisted|p1a: Sneasler|1\n|-damage|p1a: Sneasler|0 fnt\n|faint|p1a: Sneasler\n|move|p1b: Archaludon|Dragon Pulse|p2b: Samurott\n|-damage|p2b: Samurott|0 fnt\n|faint|p2b: Samurott\n|\n|win|rillabiki157\n|raw|rillabiki157's rating: 1081 &rarr; <strong>1114</strong><br />(+33 for winning)\n|raw|loklastaji's rating: 1145 &rarr; <strong>1115</strong><br />(-30 for losing)\n",
  "uploadtime": 1775959568,
  "views": 11,
  "formatid": "gen9championsvgc2026regma",
  "rating": 1114,
  "private": 0,
  "password": null
}