{
  "id": "gen9championsvgc2026regma-2584848177",
  "format": "[Gen 9 Champions] VGC 2026 Reg M-A",
  "players": [
    "nayr543",
    "toxmyself"
  ],
  "log": "|j|\u2606nayr543\n|j|\u2606toxmyself\n|t:|1776288380\n|gametype|doubles\n|player|p1|nayr543|lida|1256\n|player|p2|toxmyself|norman|1257\n|gen|9\n|tier|[Gen 9 Champions] VGC 2026 Reg M-A\n|rated|\n|rule|Species Clause: Limit one of each Pok\u00e9mon\n|rule|Item Clause: Limit 1 of each item\n|clearpoke\n|poke|p1|Lucario, L50, M|\n|poke|p1|Aerodactyl, L50, M|\n|poke|p1|Milotic, L50, M|\n|poke|p1|Sinistcha, L50|\n|poke|p1|Garchomp, L50, F|\n|poke|p1|Incineroar, L50, M|\n|poke|p2|Charizard, L50, M|\n|poke|p2|Venusaur, L50, F|\n|poke|p2|Garchomp, L50, M|\n|poke|p2|Incineroar, L50, M|\n|poke|p2|Gardevoir, L50, M|\n|poke|p2|Milotic, L50, M|\n|teampreview|4\n|inactive|Battle timer is ON: inactive players will automatically lose when time's up. (requested by toxmyself)\n|inactive|nayr543 also wants the timer to be on.\nnayr543 rejected open team sheets.\n|\n|t:|1776288406\n|teamsize|p1|4\n|teamsize|p2|4\n|start\n|switch|p1a: Lucario|Lucario, L50, M|100/100\n|switch|p1b: Aerodactyl|Aerodactyl, L50, M|100/100\n|switch|p2a: Gardevoir|Gardevoir, L50, M|100/100\n|switch|p2b: Milotic|Milotic, L50, M|100/100\n|-ability|p1b: Aerodactyl|Unnerve\n|turn|1\n|inactive|toxmyself has 30 seconds left.\n|inactive|toxmyself has 20 seconds left.\n|inactive|toxmyself has 15 seconds left.\n|inactive|toxmyself has 10 seconds left.\n|\n|t:|1776288453\n|detailschange|p1a: Lucario|Lucario-Mega, L50, M\n|-mega|p1a: Lucario|Lucario|Lucarionite\n|move|p1a: Lucario|Bullet Punch|p2a: Gardevoir\n|-supereffective|p2a: Gardevoir|1\n|-damage|p2a: Gardevoir|3/100\n|move|p2a: Gardevoir|Moonblast|p1b: Aerodactyl\n|-damage|p1b: Aerodactyl|38/100\n|move|p1b: Aerodactyl|Rock Slide|p2b: Milotic|[spread] p2a,p2b\n|-damage|p2a: Gardevoir|0 fnt\n|-damage|p2b: Milotic|83/100\n|faint|p2a: Gardevoir\n|move|p2b: Milotic|Scald|p1b: Aerodactyl\n|-supereffective|p1b: Aerodactyl|1\n|-damage|p1b: Aerodactyl|0 fnt\n|faint|p1b: Aerodactyl\n|\n|-heal|p2b: Milotic|89/100|[from] item: Leftovers\n|upkeep\n|\n|t:|1776288468\n|switch|p1b: Incineroar|Incineroar, L50, M|100/100\n|switch|p2a: Charizard|Charizard, L50, M|100/100\n|-ability|p1b: Incineroar|Intimidate|boost\n|-unboost|p2a: Charizard|atk|1\n|-unboost|p2b: Milotic|atk|1\n|-ability|p2b: Milotic|Competitive|boost\n|-boost|p2b: Milotic|spa|2\n|turn|2\n|\n|t:|1776288477\n|move|p2a: Charizard|Protect|p2a: Charizard\n|-singleturn|p2a: Charizard|Protect\n|move|p2b: Milotic|Protect|p2b: Milotic\n|-singleturn|p2b: Milotic|Protect\n|move|p1b: Incineroar|Fake Out|p2b: Milotic\n|-activate|p2b: Milotic|move: Protect\n|move|p1a: Lucario|Rock Slide|p2a: Charizard|[spread] \n|-activate|p2a: Charizard|move: Protect\n|-activate|p2b: Milotic|move: Protect\n|\n|-heal|p2b: Milotic|95/100|[from] item: Leftovers\n|upkeep\n|turn|3\n|\n|t:|1776288490\n|switch|p2a: Garchomp|Garchomp, L50, M|100/100\n|move|p1a: Lucario|Close Combat|p2b: Milotic\n|-damage|p2b: Milotic|32/100\n|-unboost|p1a: Lucario|def|1\n|-unboost|p1a: Lucario|spd|1\n|move|p2b: Milotic|Scald|p1b: Incineroar\n|-supereffective|p1b: Incineroar|1\n|-damage|p1b: Incineroar|0 fnt\n|faint|p1b: Incineroar\n|\n|-heal|p2b: Milotic|38/100|[from] item: Leftovers\n|upkeep\n|\n|t:|1776288496\n|switch|p1b: Garchomp|Garchomp, L50, F|100/100\n|turn|4\n|\n|t:|1776288509\n|move|p2b: Milotic|Protect|p2b: Milotic\n|-singleturn|p2b: Milotic|Protect\n|move|p1a: Lucario|Close Combat|p2b: Milotic\n|-activate|p2b: Milotic|move: Protect\n|move|p1b: Garchomp|Dragon Claw|p2a: Garchomp\n|-supereffective|p2a: Garchomp|1\n|-damage|p2a: Garchomp|22/100\n|-damage|p1b: Garchomp|88/100|[from] ability: Rough Skin|[of] p2a: Garchomp\n|move|p2a: Garchomp|Earthquake|p1a: Lucario|[spread] p1a,p1b\n|-activate|p2b: Milotic|move: Protect\n|-supereffective|p1a: Lucario|1\n|-damage|p1a: Lucario|0 fnt\n|-damage|p1b: Garchomp|49/100\n|faint|p1a: Lucario\n|\n|-heal|p2b: Milotic|44/100|[from] item: Leftovers\n|upkeep\n|turn|5\n|\n|t:|1776288525\n|move|p1b: Garchomp|Earthquake|p2a: Garchomp|[spread] p2a,p2b\n|-crit|p2b: Milotic\n|-damage|p2a: Garchomp|0 fnt\n|-damage|p2b: Milotic|0 fnt\n|faint|p2a: Garchomp\n|faint|p2b: Milotic\n|\n|upkeep\n|\n|t:|1776288528\n|switch|p2a: Charizard|Charizard, L50, M|100/100\n|turn|6\n|\n|t:|1776288544\n|detailschange|p2a: Charizard|Charizard-Mega-Y, L50, M\n|-mega|p2a: Charizard|Charizard|Charizardite Y\n|-weather|SunnyDay|[from] ability: Drought|[of] p2a: Charizard\n|move|p1b: Garchomp|Rock Slide|p2a: Charizard\n|-supereffective|p2a: Charizard|2\n|-damage|p2a: Charizard|0 fnt\n|faint|p2a: Charizard\n|\n|win|nayr543\n|raw|nayr543's rating: 1256 &rarr; <strong>1281</strong><br />(+25 for winning)\n|raw|toxmyself's rating: 1257 &rarr; <strong>1232</strong><br />(-25 for losing)\n",
  "uploadtime": 1776288545,
  "views": 28,
  "formatid": "gen9championsvgc2026regma",
  "rating": 1232,
  "private": 0,
  "password": null
}