{
  "id": "gen9championsvgc2026regma-2586121130",
  "format": "[Gen 9 Champions] VGC 2026 Reg M-A",
  "players": [
    "pubaladdering",
    "Cynda5436"
  ],
  "log": "|j|\u2606pubaladdering\n|j|\u2606Cynda5436\n|t:|1776401525\n|gametype|doubles\n|player|p1|pubaladdering|iono|1046\n|player|p2|Cynda5436|waitress-gen4|1077\n|gen|9\n|tier|[Gen 9 Champions] VGC 2026 Reg M-A\n|rated|\n|rule|Species Clause: Limit one of each Pok\u00e9mon\n|rule|Item Clause: Limit 1 of each item\n|clearpoke\n|poke|p1|Meowstic, L50, M|\n|poke|p1|Crabominable, L50, M|\n|poke|p1|Glimmora, L50, M|\n|poke|p1|Sinistcha-Masterpiece, L50|\n|poke|p1|Incineroar, L50, F|\n|poke|p1|Basculegion, L50, M|\n|poke|p2|Scovillain, L50, F|\n|poke|p2|Froslass, L50, F|\n|poke|p2|Primarina, L50, M|\n|poke|p2|Incineroar, L50, M|\n|poke|p2|Garchomp, L50, F|\n|poke|p2|Sneasler, L50, M|\n|teampreview|4\n|inactive|Battle timer is ON: inactive players will automatically lose when time's up. (requested by pubaladdering)\n|\n|t:|1776401549\n|teamsize|p1|4\n|teamsize|p2|4\n|start\n|switch|p1a: Incineroar|Incineroar, L50, F|100/100\n|switch|p1b: Sinistcha|Sinistcha-Masterpiece, L50|100/100\n|switch|p2a: Scovillain|Scovillain, L50, F|100/100\n|switch|p2b: Primarina|Primarina, L50, M|100/100\n|-ability|p1a: Incineroar|Intimidate|boost\n|-unboost|p2a: Scovillain|atk|1\n|-unboost|p2b: Primarina|atk|1\n|turn|1\n|\n|t:|1776401567\n|move|p2a: Scovillain|Rage Powder|p2a: Scovillain\n|-singleturn|p2a: Scovillain|move: Rage Powder\n|move|p2b: Primarina|Calm Mind|p2b: Primarina\n|-boost|p2b: Primarina|spa|1\n|-boost|p2b: Primarina|spd|1\n|move|p1a: Incineroar|Parting Shot|p2a: Scovillain\n|-unboost|p2a: Scovillain|atk|1\n|-unboost|p2a: Scovillain|spa|1\n|\n|t:|1776401575\n|switch|p1a: Crabominable|Crabominable, L50, M|100/100|[from] Parting Shot\n|move|p1b: Sinistcha|Trick Room|p1b: Sinistcha\n|-fieldstart|move: Trick Room|[of] p1b: Sinistcha\n|\n|upkeep\n|turn|2\n|\n|t:|1776401598\n|detailschange|p1a: Crabominable|Crabominable-Mega, L50, M\n|-mega|p1a: Crabominable|Crabominable|Crabominite\n|move|p2a: Scovillain|Rage Powder|p2a: Scovillain\n|-singleturn|p2a: Scovillain|move: Rage Powder\n|move|p1a: Crabominable|Ice Hammer|p2a: Scovillain\n|-damage|p2a: Scovillain|18/100\n|-unboost|p1a: Crabominable|spe|1\n|move|p1b: Sinistcha|Matcha Gotcha|p2a: Scovillain|[spread] p2a\n|-miss|p1b: Sinistcha|p2b: Primarina\n|-resisted|p2a: Scovillain|2\n|-damage|p2a: Scovillain|10/100\n|move|p2b: Primarina|Draining Kiss|p1a: Crabominable\n|-supereffective|p1a: Crabominable|1\n|-damage|p1a: Crabominable|38/100\n|\n|upkeep\n|turn|3\n|inactive|Cynda5436 has 30 seconds left.\n|\n|t:|1776401627\n|detailschange|p2a: Scovillain|Scovillain-Mega, L50, F\n|-mega|p2a: Scovillain|Scovillain|Scovillainite\n|move|p1a: Crabominable|Protect|p1a: Crabominable\n|-singleturn|p1a: Crabominable|Protect\n|move|p2a: Scovillain|Rage Powder|p2a: Scovillain\n|-singleturn|p2a: Scovillain|move: Rage Powder\n|move|p1b: Sinistcha|Shadow Ball|p2a: Scovillain\n|-damage|p2a: Scovillain|0 fnt\n|-status|p1b: Sinistcha|brn|[from] ability: Spicy Spray|[of] p2a: Scovillain\n|faint|p2a: Scovillain\n|move|p2b: Primarina|Draining Kiss|p1a: Crabominable\n|-activate|p1a: Crabominable|move: Protect\n|\n|-damage|p1b: Sinistcha|94/100 brn|[from] brn\n|upkeep\n|\n|t:|1776401638\n|switch|p2a: Sneasler|Sneasler, L50, M|100/100\n|turn|4\n|\n|t:|1776401662\n|switch|p1a: Incineroar|Incineroar, L50, F|100/100\n|-ability|p1a: Incineroar|Intimidate|boost\n|-unboost|p2a: Sneasler|atk|1\n|-unboost|p2b: Primarina|atk|1\n|-enditem|p2a: Sneasler|White Herb\n|-clearnegativeboost|p2a: Sneasler|[silent]\n|move|p2a: Sneasler|Fake Out|p1a: Incineroar\n|-damage|p1a: Incineroar|83/100\n|move|p1b: Sinistcha|Matcha Gotcha|p2b: Primarina|[spread] p2a,p2b\n|-resisted|p2a: Sneasler|1\n|-supereffective|p2b: Primarina|1\n|-damage|p2a: Sneasler|84/100\n|-heal|p1b: Sinistcha|100/100 brn|[from] drain|[of] p2a: Sneasler\n|-damage|p2b: Primarina|65/100\n|move|p2b: Primarina|Draining Kiss|p1a: Incineroar\n|-damage|p1a: Incineroar|47/100\n|-heal|p2b: Primarina|97/100|[from] drain|[of] p1a: Incineroar\n|\n|-heal|p1a: Incineroar|53/100|[from] item: Leftovers\n|-damage|p1b: Sinistcha|94/100 brn|[from] brn\n|upkeep\n|turn|5\n|inactive|pubaladdering has 30 seconds left.\n|inactive|Cynda5436 has 30 seconds left.\n|\n|t:|1776401696\n|switch|p2b: Incineroar|Incineroar, L50, M|100/100\n|-ability|p2b: Incineroar|Intimidate|boost\n|-unboost|p1a: Incineroar|atk|1\n|-unboost|p1b: Sinistcha|atk|1\n|move|p1a: Incineroar|Parting Shot|p2a: Sneasler\n|-unboost|p2a: Sneasler|atk|1\n|-unboost|p2a: Sneasler|spa|1\n|\n|t:|1776401706\n|switch|p1a: Crabominable|Crabominable-Mega, L50, M|38/100|[from] Parting Shot\n|move|p1b: Sinistcha|Matcha Gotcha|p2b: Incineroar|[spread] p2a,p2b\n|-resisted|p2a: Sneasler|1\n|-resisted|p2b: Incineroar|1\n|-damage|p2a: Sneasler|67/100\n|-heal|p1b: Sinistcha|100/100 brn|[from] drain|[of] p2a: Sneasler\n|-damage|p2b: Incineroar|92/100\n|-status|p2a: Sneasler|brn\n|move|p2a: Sneasler|Dire Claw|p1b: Sinistcha\n|-damage|p1b: Sinistcha|89/100 brn\n|\n|-heal|p2b: Incineroar|98/100|[from] item: Leftovers\n|-damage|p1b: Sinistcha|83/100 brn|[from] brn\n|-damage|p2a: Sneasler|61/100 brn|[from] brn\n|-fieldend|move: Trick Room\n|upkeep\n|turn|6\n|inactive|Cynda5436 has 30 seconds left.\n|\n|t:|1776401732\n|move|p1a: Crabominable|Protect|p1a: Crabominable\n|-singleturn|p1a: Crabominable|Protect\n|move|p2a: Sneasler|Close Combat|p1a: Crabominable\n|-activate|p1a: Crabominable|move: Protect\n|move|p2b: Incineroar|Flare Blitz|p1b: Sinistcha\n|-supereffective|p1b: Sinistcha|1\n|-crit|p1b: Sinistcha\n|-enditem|p1b: Sinistcha|Occa Berry|[eat]\n|-enditem|p1b: Sinistcha|Occa Berry|[weaken]\n|-damage|p1b: Sinistcha|27/100 brn\n|-damage|p2b: Incineroar|82/100|[from] Recoil\n|move|p1b: Sinistcha|Trick Room|p1b: Sinistcha\n|-fieldstart|move: Trick Room|[of] p1b: Sinistcha\n|\n|-heal|p2b: Incineroar|88/100|[from] item: Leftovers\n|-damage|p1b: Sinistcha|21/100 brn|[from] brn\n|-damage|p2a: Sneasler|55/100 brn|[from] brn\n|upkeep\n|turn|7\n|\n|t:|1776401757\n|switch|p1b: Incineroar|Incineroar, L50, F|53/100\n|-ability|p1b: Incineroar|Intimidate|boost\n|-unboost|p2a: Sneasler|atk|1\n|-unboost|p2b: Incineroar|atk|1\n|move|p2a: Sneasler|Protect|p2a: Sneasler\n|-singleturn|p2a: Sneasler|Protect\n|move|p1a: Crabominable|Drain Punch|p2b: Incineroar\n|-supereffective|p2b: Incineroar|1\n|-damage|p2b: Incineroar|0 fnt\n|-heal|p1a: Crabominable|81/100|[from] drain|[of] p2b: Incineroar\n|faint|p2b: Incineroar\n|\n|-heal|p1b: Incineroar|59/100|[from] item: Leftovers\n|-damage|p2a: Sneasler|50/100 brn|[from] brn\n|upkeep\n|\n|t:|1776401765\n|switch|p2b: Primarina|Primarina, L50, M|97/100\n|turn|8\n|\n|t:|1776401784\n|move|p1a: Crabominable|Thunder Punch|p2b: Primarina\n|-supereffective|p2b: Primarina|1\n|-damage|p2b: Primarina|0 fnt\n|faint|p2b: Primarina\n|move|p1b: Incineroar|Parting Shot|p2a: Sneasler\n|-unboost|p2a: Sneasler|atk|1\n|-unboost|p2a: Sneasler|spa|1\n|-message|Cynda5436 forfeited.\n|\n|win|pubaladdering\n|raw|pubaladdering's rating: 1046 &rarr; <strong>1082</strong><br />(+36 for winning)\n|raw|Cynda5436's rating: 1077 &rarr; <strong>1054</strong><br />(-23 for losing)\n|l|\u2606Cynda5436\n|player|p2|\n",
  "uploadtime": 1776401794,
  "views": 23,
  "formatid": "gen9championsvgc2026regma",
  "rating": 1054,
  "private": 0,
  "password": null
}