{
  "id": "gen9championsvgc2026regma-2584474041",
  "format": "[Gen 9 Champions] VGC 2026 Reg M-A",
  "players": [
    "Padhijesp",
    "smp on whimsicott"
  ],
  "log": "|j|\u2606Padhijesp\n|j|\u2606smp on whimsicott\n|t:|1776263270\n|gametype|doubles\n|player|p1|Padhijesp|red|1364\n|player|p2|smp on whimsicott|artist-gen4|1290\n|gen|9\n|tier|[Gen 9 Champions] VGC 2026 Reg M-A\n|rated|\n|rule|Species Clause: Limit one of each Pok\u00e9mon\n|rule|Item Clause: Limit 1 of each item\n|clearpoke\n|poke|p1|Tyranitar, L50, M|\n|poke|p1|Excadrill, L50, F|\n|poke|p1|Incineroar, L50, M|\n|poke|p1|Rotom-Wash, L50|\n|poke|p1|Corviknight, L50, F|\n|poke|p1|Sinistcha-Masterpiece, L50|\n|poke|p2|Floette-Eternal, L50, F|\n|poke|p2|Aegislash, L50, M|\n|poke|p2|Talonflame, L50, F|\n|poke|p2|Basculegion, L50, M|\n|poke|p2|Milotic, L50, F|\n|poke|p2|Garchomp, L50, M|\n|teampreview|4\n|\n|t:|1776263313\n|teamsize|p1|4\n|teamsize|p2|4\n|start\n|switch|p1a: Rotom|Rotom-Wash, L50, shiny|100/100\n|switch|p1b: Incineroar|Incineroar, L50, M, shiny|100/100\n|switch|p2a: Milotic|Milotic, L50, F|100/100\n|switch|p2b: Floette|Floette-Eternal, L50, F|100/100\n|-ability|p1b: Incineroar|Intimidate|boost\n|-unboost|p2a: Milotic|atk|1\n|-ability|p2a: Milotic|Competitive|boost\n|-boost|p2a: Milotic|spa|2\n|-unboost|p2b: Floette|atk|1\n|turn|1\n|inactive|Battle timer is ON: inactive players will automatically lose when time's up. (requested by Padhijesp)\n|\n|t:|1776263336\n|detailschange|p2b: Floette|Floette-Mega, L50, F\n|-mega|p2b: Floette|Floette|Floettite\n|-ability|p2b: Floette|Fairy Aura\n|move|p2a: Milotic|Protect|p2a: Milotic\n|-singleturn|p2a: Milotic|Protect\n|move|p1b: Incineroar|Fake Out|p2b: Floette\n|-damage|p2b: Floette|90/100\n|move|p1a: Rotom|Volt Switch|p2a: Milotic\n|-activate|p2a: Milotic|move: Protect\n|cant|p2b: Floette|flinch\n|\n|upkeep\n|turn|2\n|\n|t:|1776263349\n|move|p1a: Rotom|Volt Switch|p2a: Milotic\n|-supereffective|p2a: Milotic|1\n|-damage|p2a: Milotic|52/100\n|\n|t:|1776263353\n|switch|p1a: Corviknight|Corviknight, L50, F, shiny|100/100|[from] Volt Switch\n|move|p2b: Floette|Dazzling Gleam|p1b: Incineroar|[spread] p1a,p1b\n|-resisted|p1a: Corviknight|1\n|-damage|p1a: Corviknight|84/100\n|-damage|p1b: Incineroar|66/100\n|move|p2a: Milotic|Scald|p1a: Corviknight\n|-damage|p1a: Corviknight|35/100\n|move|p1b: Incineroar|Flare Blitz|p2b: Floette\n|-damage|p2b: Floette|45/100\n|-damage|p1b: Incineroar|52/100|[from] Recoil\n|\n|-heal|p2a: Milotic|58/100|[from] item: Leftovers\n|-heal|p1a: Corviknight|40/100|[from] item: Leftovers\n|upkeep\n|turn|3\n|\n|t:|1776263370\n|move|p2b: Floette|Moonblast|p1b: Incineroar\n|-damage|p1b: Incineroar|0 fnt\n|faint|p1b: Incineroar\n|move|p2a: Milotic|Scald|p1a: Corviknight\n|-damage|p1a: Corviknight|0 fnt\n|faint|p1a: Corviknight\n|\n|-heal|p2a: Milotic|64/100|[from] item: Leftovers\n|upkeep\n|\n|t:|1776263378\n|switch|p1a: Rotom|Rotom-Wash, L50, shiny|100/100\n|switch|p1b: Tyranitar|Tyranitar, L50, M, shiny|100/100\n|-weather|Sandstorm|[from] ability: Sand Stream|[of] p1b: Tyranitar\n|turn|4\n|\n|t:|1776263389\n|detailschange|p1b: Tyranitar|Tyranitar-Mega, L50, M, shiny\n|-mega|p1b: Tyranitar|Tyranitar|Tyranitarite\n|move|p2a: Milotic|Protect|p2a: Milotic\n|-singleturn|p2a: Milotic|Protect\n|move|p1a: Rotom|Electroweb|p2b: Floette|[spread] p2b\n|-activate|p2a: Milotic|move: Protect\n|-crit|p2b: Floette\n|-damage|p2b: Floette|25/100\n|-unboost|p2b: Floette|spe|1\n|move|p1b: Tyranitar|Rock Slide|p2b: Floette|[spread] p2b\n|-activate|p2a: Milotic|move: Protect\n|-damage|p2b: Floette|0 fnt\n|faint|p2b: Floette\n|\n|-weather|Sandstorm|[upkeep]\n|-damage|p1a: Rotom|95/100|[from] Sandstorm\n|-damage|p2a: Milotic|58/100|[from] Sandstorm\n|-heal|p2a: Milotic|64/100|[from] item: Leftovers\n|upkeep\n|\n|t:|1776263402\n|switch|p2b: Garchomp|Garchomp, L50, M|100/100\n|turn|5\n|\n|t:|1776263413\n|move|p1a: Rotom|Electroweb|p2b: Garchomp|[spread] p2a\n|-immune|p2b: Garchomp\n|-supereffective|p2a: Milotic|1\n|-damage|p2a: Milotic|39/100\n|-unboost|p2a: Milotic|spe|1\n|-ability|p2a: Milotic|Competitive|boost\n|-boost|p2a: Milotic|spa|2\n|move|p2b: Garchomp|Dragon Claw|p1a: Rotom\n|-damage|p1a: Rotom|41/100\n|move|p1b: Tyranitar|Rock Slide|p2b: Garchomp|[spread] p2a,p2b\n|-resisted|p2b: Garchomp|1\n|-crit|p2b: Garchomp\n|-damage|p2a: Milotic|3/100\n|-damage|p2b: Garchomp|72/100\n|move|p2a: Milotic|Scald|p1b: Tyranitar\n|-supereffective|p1b: Tyranitar|1\n|-damage|p1b: Tyranitar|0 fnt\n|faint|p1b: Tyranitar\n|\n|-weather|Sandstorm|[upkeep]\n|-damage|p1a: Rotom|36/100|[from] Sandstorm\n|-damage|p2a: Milotic|0 fnt|[from] Sandstorm\n|faint|p2a: Milotic\n|upkeep\n|\n|t:|1776263418\n|switch|p2a: Basculegion|Basculegion, L50, M|100/100\n|turn|6\n|\n|t:|1776263424\n|move|p1a: Rotom|Electroweb|p2b: Garchomp|[spread] p2a\n|-immune|p2b: Garchomp\n|-supereffective|p2a: Basculegion|1\n|-damage|p2a: Basculegion|57/100\n|-unboost|p2a: Basculegion|spe|1\n|move|p2b: Garchomp|Dragon Claw|p1a: Rotom\n|-damage|p1a: Rotom|0 fnt\n|faint|p1a: Rotom\n|\n|win|smp on whimsicott\n|raw|Padhijesp's rating: 1364 &rarr; <strong>1340</strong><br />(-24 for losing)\n|raw|smp on whimsicott's rating: 1290 &rarr; <strong>1320</strong><br />(+30 for winning)\n",
  "uploadtime": 1776263425,
  "views": 28,
  "formatid": "gen9championsvgc2026regma",
  "rating": 1320,
  "private": 0,
  "password": null
}