{
  "id": "gen9championsvgc2026regma-2587315866",
  "format": "[Gen 9 Champions] VGC 2026 Reg M-A",
  "players": [
    "Jeremykhoo",
    "marciocamper"
  ],
  "log": "|j|\u2606Jeremykhoo\n|j|\u2606marciocamper\n|t:|1776521286\n|gametype|doubles\n|player|p1|Jeremykhoo|1|1094\n|player|p2|marciocamper|101|1126\n|gen|9\n|tier|[Gen 9 Champions] VGC 2026 Reg M-A\n|rated|\n|rule|Species Clause: Limit one of each Pok\u00e9mon\n|rule|Item Clause: Limit 1 of each item\n|clearpoke\n|poke|p1|Tyranitar, L50, F|\n|poke|p1|Whimsicott, L50, F|\n|poke|p1|Aggron, L50, M|\n|poke|p1|Drampa, L50, F|\n|poke|p1|Sylveon, L50, M|\n|poke|p1|Arcanine, L50, M|\n|poke|p2|Goodra-Hisui, L50, F|\n|poke|p2|Incineroar, L50, F|\n|poke|p2|Sinistcha, L50|\n|poke|p2|Crabominable, L50, M|\n|poke|p2|Ninetales-Alola, L50, F|\n|poke|p2|Kingambit, L50, M|\n|teampreview|4\nmarciocamper rejected open team sheets.\n|\n|t:|1776521400\n|teamsize|p1|4\n|teamsize|p2|4\n|start\n|switch|p1a: Whimsicott|Whimsicott, L50, F|100/100\n|switch|p1b: Aggron|Aggron, L50, M|100/100\n|switch|p2a: Goodra|Goodra-Hisui, L50, F|100/100\n|switch|p2b: Incineroar|Incineroar, L50, F|100/100\n|-ability|p2b: Incineroar|Intimidate|boost\n|-unboost|p1a: Whimsicott|atk|1\n|-unboost|p1b: Aggron|atk|1\n|turn|1\n|\n|t:|1776521443\n|detailschange|p1b: Aggron|Aggron-Mega, L50, M\n|-mega|p1b: Aggron|Aggron|Aggronite\n|move|p2b: Incineroar|Fake Out|p1a: Whimsicott\n|-damage|p1a: Whimsicott|87/100\n|cant|p1a: Whimsicott|flinch\n|move|p2a: Goodra|Shelter|p2a: Goodra\n|-boost|p2a: Goodra|def|2\n|move|p1b: Aggron|Iron Defense|p1b: Aggron\n|-boost|p1b: Aggron|def|2\n|\n|upkeep\n|turn|2\n|\n|t:|1776521481\n|move|p1a: Whimsicott|Tailwind|p1a: Whimsicott\n|-sidestart|p1: Jeremykhoo|move: Tailwind\n|move|p1b: Aggron|Body Press|p2b: Incineroar\n|-supereffective|p2b: Incineroar|1\n|-damage|p2b: Incineroar|0 fnt\n|faint|p2b: Incineroar\n|move|p2a: Goodra|Shelter|p2a: Goodra\n|-boost|p2a: Goodra|def|2\n|\n|upkeep\n|\n|t:|1776521489\n|switch|p2b: Crabominable|Crabominable, L50, M|100/100\n|turn|3\n|\n|t:|1776521502\n|move|p2b: Crabominable|Protect|p2b: Crabominable\n|-singleturn|p2b: Crabominable|Protect\n|move|p1a: Whimsicott|Moonblast|p2b: Crabominable\n|-activate|p2b: Crabominable|move: Protect\n|move|p1b: Aggron|Body Press|p2b: Crabominable\n|-activate|p2b: Crabominable|move: Protect\n|move|p2a: Goodra|Shelter|p2a: Goodra\n|-boost|p2a: Goodra|def|2\n|\n|upkeep\n|turn|4\n|\n|t:|1776521519\n|switch|p2b: Sinistcha|Sinistcha, L50|100/100\n|move|p1a: Whimsicott|Moonblast|p2b: Sinistcha\n|-damage|p2b: Sinistcha|74/100\n|move|p1b: Aggron|Body Press|p2b: Sinistcha\n|-immune|p2b: Sinistcha\n|move|p2a: Goodra|Body Press|p1b: Aggron\n|-supereffective|p1b: Aggron|1\n|-damage|p1b: Aggron|72/100\n|\n|upkeep\n|turn|5\n|\n|t:|1776521557\n|switch|p2b: Crabominable|Crabominable, L50, M|100/100\n|move|p1a: Whimsicott|Light Screen|p1a: Whimsicott\n|-sidestart|p1: Jeremykhoo|move: Light Screen\n|move|p1b: Aggron|Iron Defense|p1b: Aggron\n|-boost|p1b: Aggron|def|2\n|move|p2a: Goodra|Body Press|p1b: Aggron\n|-supereffective|p1b: Aggron|1\n|-damage|p1b: Aggron|54/100\n|\n|-sideend|p1: Jeremykhoo|move: Tailwind\n|upkeep\n|turn|6\n|\n|t:|1776521582\n|move|p2b: Crabominable|Protect|p2b: Crabominable\n|-singleturn|p2b: Crabominable|Protect\n|move|p1a: Whimsicott|Moonblast|p2a: Goodra\n|-damage|p2a: Goodra|86/100\n|move|p2a: Goodra|Body Press|p1b: Aggron\n|-supereffective|p1b: Aggron|1\n|-damage|p1b: Aggron|37/100\n|move|p1b: Aggron|Body Press|p2a: Goodra\n|-supereffective|p2a: Goodra|1\n|-damage|p2a: Goodra|33/100\n|\n|-heal|p2a: Goodra|39/100|[from] item: Leftovers\n|upkeep\n|turn|7\n|\n|t:|1776521602\n|switch|p2b: Sinistcha|Sinistcha, L50|74/100\n|-heal|p2a: Goodra|64/100|[from] ability: Hospitality|[of] p2b: Sinistcha\n|move|p2a: Goodra|Protect|p2a: Goodra\n|-singleturn|p2a: Goodra|Protect\n|move|p1a: Whimsicott|Encore||[still]\n|-fail|p1a: Whimsicott\n|move|p1b: Aggron|Body Press|p2a: Goodra\n|-activate|p2a: Goodra|move: Protect\n|\n|-heal|p2a: Goodra|69/100|[from] item: Leftovers\n|upkeep\n|turn|8\n|\n|t:|1776521627\n|move|p1a: Whimsicott|Encore|p2a: Goodra\n|-start|p2a: Goodra|Encore\n|move|p2a: Goodra|Protect||[still]\n|-fail|p2a: Goodra\n|move|p2b: Sinistcha|Matcha Gotcha|p1b: Aggron|[spread] p1a,p1b\n|-resisted|p1a: Whimsicott|1\n|-resisted|p1b: Aggron|1\n|-damage|p1a: Whimsicott|77/100\n|-heal|p2b: Sinistcha|78/100|[from] drain|[of] p1a: Whimsicott\n|-damage|p1b: Aggron|30/100\n|-heal|p2b: Sinistcha|81/100|[from] drain|[of] p1b: Aggron\n|move|p1b: Aggron|Body Press|p2a: Goodra\n|-supereffective|p2a: Goodra|1\n|-damage|p2a: Goodra|16/100\n|\n|-heal|p2a: Goodra|22/100|[from] item: Leftovers\n|upkeep\n|turn|9\n|\n|t:|1776521650\n|move|p2a: Goodra|Protect|p2a: Goodra\n|-singleturn|p2a: Goodra|Protect\n|move|p1a: Whimsicott|Tailwind|p1a: Whimsicott\n|-sidestart|p1: Jeremykhoo|move: Tailwind\n|move|p1b: Aggron|Heavy Slam|p2b: Sinistcha\n|-damage|p2b: Sinistcha|49/100\n|move|p2b: Sinistcha|Matcha Gotcha|p1b: Aggron|[spread] p1a\n|-miss|p2b: Sinistcha|p1b: Aggron\n|-resisted|p1a: Whimsicott|1\n|-damage|p1a: Whimsicott|68/100\n|-heal|p2b: Sinistcha|54/100|[from] drain|[of] p1a: Whimsicott\n|\n|-heal|p2a: Goodra|28/100|[from] item: Leftovers\n|-sideend|p1: Jeremykhoo|move: Light Screen\n|upkeep\n|turn|10\n|\n|t:|1776521669\n|move|p2a: Goodra|Protect||[still]\n|-fail|p2a: Goodra\n|move|p1a: Whimsicott|Light Screen|p1a: Whimsicott\n|-sidestart|p1: Jeremykhoo|move: Light Screen\n|move|p1b: Aggron|Body Press|p2a: Goodra\n|-supereffective|p2a: Goodra|1\n|-damage|p2a: Goodra|0 fnt\n|faint|p2a: Goodra\n|move|p2b: Sinistcha|Matcha Gotcha|p1b: Aggron|[spread] p1a,p1b\n|-resisted|p1a: Whimsicott|1\n|-resisted|p1b: Aggron|1\n|-damage|p1a: Whimsicott|58/100\n|-heal|p2b: Sinistcha|58/100|[from] drain|[of] p1a: Whimsicott\n|-damage|p1b: Aggron|23/100\n|-heal|p2b: Sinistcha|62/100|[from] drain|[of] p1b: Aggron\n|-status|p1a: Whimsicott|brn\n|\n|-damage|p1a: Whimsicott|52/100 brn|[from] brn\n|upkeep\n|\n|t:|1776521685\n|switch|p2a: Crabominable|Crabominable, L50, M|100/100\n|turn|11\n|\n|t:|1776521710\n|switch|p1a: Tyranitar|Tyranitar, L50, F|100/100\n|-weather|Sandstorm|[from] ability: Sand Stream|[of] p1a: Tyranitar\n|move|p2a: Crabominable|Protect|p2a: Crabominable\n|-singleturn|p2a: Crabominable|Protect\n|move|p1b: Aggron|Heavy Slam|p2b: Sinistcha\n|-damage|p2b: Sinistcha|35/100\n|move|p2b: Sinistcha|Trick Room|p2b: Sinistcha\n|-fieldstart|move: Trick Room|[of] p2b: Sinistcha\n|\n|-weather|Sandstorm|[upkeep]\n|-damage|p2a: Crabominable|95/100|[from] Sandstorm\n|-damage|p2b: Sinistcha|29/100|[from] Sandstorm\n|upkeep\n|turn|12\n|\n|t:|1776521729\n|switch|p1a: Sylveon|Sylveon, L50, M|100/100\n|move|p1b: Aggron|Protect|p1b: Aggron\n|-singleturn|p1b: Aggron|Protect\n|move|p2a: Crabominable|Drain Punch|p1b: Aggron\n|-activate|p1b: Aggron|move: Protect\n|move|p2b: Sinistcha|Matcha Gotcha|p1b: Aggron|[spread] p1a\n|-activate|p1b: Aggron|move: Protect\n|-damage|p1a: Sylveon|88/100\n|-heal|p2b: Sinistcha|35/100|[from] drain|[of] p1a: Sylveon\n|\n|-weather|Sandstorm|[upkeep]\n|-damage|p2a: Crabominable|89/100|[from] Sandstorm\n|-damage|p2b: Sinistcha|29/100|[from] Sandstorm\n|-damage|p1a: Sylveon|82/100|[from] Sandstorm\n|-sideend|p1: Jeremykhoo|move: Tailwind\n|upkeep\n|turn|13\n|\n|t:|1776521754\n|move|p2a: Crabominable|Drain Punch|p1b: Aggron\n|-supereffective|p1b: Aggron|1\n|-damage|p1b: Aggron|13/100\n|-heal|p2a: Crabominable|93/100|[from] drain|[of] p1b: Aggron\n|move|p1b: Aggron|Body Press|p2a: Crabominable\n|-supereffective|p2a: Crabominable|1\n|-damage|p2a: Crabominable|0 fnt\n|faint|p2a: Crabominable\n|move|p2b: Sinistcha|Matcha Gotcha|p1a: Sylveon|[spread] p1a,p1b\n|-resisted|p1b: Aggron|1\n|-damage|p1a: Sylveon|70/100\n|-heal|p2b: Sinistcha|36/100|[from] drain|[of] p1a: Sylveon\n|-damage|p1b: Aggron|6/100\n|-heal|p2b: Sinistcha|39/100|[from] drain|[of] p1b: Aggron\n|-status|p1a: Sylveon|brn\n|move|p1a: Sylveon|Hyper Voice|p2b: Sinistcha\n|-damage|p2b: Sinistcha|0 fnt\n|faint|p2b: Sinistcha\n|\n|win|Jeremykhoo\n|raw|Jeremykhoo's rating: 1094 &rarr; <strong>1122</strong><br />(+28 for winning)\n|raw|marciocamper's rating: 1126 &rarr; <strong>1099</strong><br />(-27 for losing)\n|l|\u2606marciocamper\n|player|p2|\n",
  "uploadtime": 1776521778,
  "views": 17,
  "formatid": "gen9championsvgc2026regma",
  "rating": 1099,
  "private": 0,
  "password": null
}