{
  "id": "gen9championsvgc2026regma-2586244782",
  "format": "[Gen 9 Champions] VGC 2026 Reg M-A",
  "players": [
    "Esio00",
    "TsekaiAndIncognito"
  ],
  "log": "|j|\u2606Esio00\n|j|\u2606TsekaiAndIncognito\n|t:|1776416725\n|gametype|doubles\n|player|p1|Esio00|winona|1080\n|player|p2|TsekaiAndIncognito|hilbert|1105\n|gen|9\n|tier|[Gen 9 Champions] VGC 2026 Reg M-A\n|rated|\n|rule|Species Clause: Limit one of each Pok\u00e9mon\n|rule|Item Clause: Limit 1 of each item\n|clearpoke\n|poke|p1|Drampa, L50, M|\n|poke|p1|Sableye, L50, M|\n|poke|p1|Farigiraf, L50, F|\n|poke|p1|Sinistcha, L50|\n|poke|p1|Incineroar, L50, F|\n|poke|p1|Basculegion, L50, M|\n|poke|p2|Talonflame, L50, F|\n|poke|p2|Floette-Eternal, L50, F|\n|poke|p2|Krookodile, L50, M|\n|poke|p2|Gardevoir, L50, F|\n|poke|p2|Gallade, L50, M|\n|poke|p2|Starmie, L50|\n|teampreview|4\n|inactive|Battle timer is ON: inactive players will automatically lose when time's up. (requested by TsekaiAndIncognito)\n|\n|t:|1776416739\n|teamsize|p1|4\n|teamsize|p2|4\n|start\n|switch|p1a: Basculegion|Basculegion, L50, M|100/100\n|switch|p1b: Farigiraf|Farigiraf, L50, F|100/100\n|switch|p2a: Krookodile|Krookodile, L50, M, shiny|100/100\n|switch|p2b: Talonflame|Talonflame, L50, F|100/100\n|turn|1\n|\n|t:|1776416749\n|move|p2b: Talonflame|Dual Wingbeat||[still]\n|cant|p1b: Farigiraf|ability: Armor Tail|Dual Wingbeat|[of] p2b: Talonflame\n|move|p2a: Krookodile|Knock Off|p1a: Basculegion\n|-supereffective|p1a: Basculegion|1\n|-damage|p1a: Basculegion|0 fnt\n|-enditem|p1a: Basculegion|Choice Scarf|[from] move: Knock Off|[of] p2a: Krookodile\n|faint|p1a: Basculegion\n|-ability|p2a: Krookodile|Moxie|boost\n|-boost|p2a: Krookodile|atk|1\n|move|p1b: Farigiraf|Trick Room|p1b: Farigiraf\n|-fieldstart|move: Trick Room|[of] p1b: Farigiraf\n|\n|upkeep\n|\n|t:|1776416759\n|switch|p1a: Sableye|Sableye, L50, M|100/100\n|turn|2\n|\n|t:|1776416771\n|move|p2b: Talonflame|Quick Guard|p2b: Talonflame\n|-singleturn|p2b: Talonflame|Quick Guard\n|move|p1b: Farigiraf|Ally Switch|p1b: Farigiraf\n|swap|p1b: Farigiraf|0|[from] move: Ally Switch\n|move|p1b: Sableye|Will-O-Wisp|p2a: Krookodile\n|-activate|p2a: Krookodile|move: Quick Guard\n|move|p2a: Krookodile|Knock Off|p1b: Sableye\n|-damage|p1b: Sableye|0 fnt\n|-enditem|p1b: Sableye|Roseli Berry|[from] move: Knock Off|[of] p2a: Krookodile\n|faint|p1b: Sableye\n|-ability|p2a: Krookodile|Moxie|boost\n|-boost|p2a: Krookodile|atk|1\n|\n|upkeep\n|\n|t:|1776416777\n|switch|p1b: Drampa|Drampa, L50, M|100/100\n|-ability|p1b: Drampa|Cloud Nine\n|turn|3\n|\n|t:|1776416793\n|detailschange|p1b: Drampa|Drampa-Mega, L50, M\n|-mega|p1b: Drampa|Drampa|Drampanite\n|move|p1a: Farigiraf|Helping Hand|p1b: Drampa\n|-singleturn|p1b: Drampa|Helping Hand|[of] p1a: Farigiraf\n|move|p2b: Talonflame|Protect||[still]\n|-fail|p2b: Talonflame\n|move|p1b: Drampa|Hyper Voice|p2b: Talonflame|[spread] p2a,p2b\n|-damage|p2a: Krookodile|10/100\n|-damage|p2b: Talonflame|0 fnt\n|faint|p2b: Talonflame\n|move|p2a: Krookodile|Knock Off|p1b: Drampa\n|-damage|p1b: Drampa|43/100\n|-ability|p1b: Drampa|Berserk|boost\n|-boost|p1b: Drampa|spa|1\n|\n|upkeep\n|\n|t:|1776416808\n|switch|p2b: Starmie|Starmie, L50, shiny|100/100\n|turn|4\n|\n|t:|1776416815\n|move|p1a: Farigiraf|Helping Hand|p1b: Drampa\n|-singleturn|p1b: Drampa|Helping Hand|[of] p1a: Farigiraf\n|move|p2b: Starmie|Protect|p2b: Starmie\n|-singleturn|p2b: Starmie|Protect\n|move|p1b: Drampa|Hyper Voice|p2b: Starmie|[spread] p2a\n|-activate|p2b: Starmie|move: Protect\n|-damage|p2a: Krookodile|0 fnt\n|faint|p2a: Krookodile\n|\n|upkeep\n|\n|t:|1776416823\n|switch|p2a: Gardevoir|Gardevoir, L50, F, shiny|100/100\n|turn|5\n|\n|t:|1776416828\n|detailschange|p2b: Starmie|Starmie-Mega, L50, shiny\n|-mega|p2b: Starmie|Starmie|Starminite\n|move|p1a: Farigiraf|Helping Hand|p1b: Drampa\n|-singleturn|p1b: Drampa|Helping Hand|[of] p1a: Farigiraf\n|move|p1b: Drampa|Hyper Voice|p2a: Gardevoir|[spread] p2a,p2b\n|-damage|p2a: Gardevoir|0 fnt\n|-damage|p2b: Starmie|0 fnt\n|faint|p2a: Gardevoir\n|faint|p2b: Starmie\n|\n|win|Esio00\n|raw|Esio00's rating: 1080 &rarr; <strong>1110</strong><br />(+30 for winning)\n|raw|TsekaiAndIncognito's rating: 1105 &rarr; <strong>1078</strong><br />(-27 for losing)\n|l|\u2606TsekaiAndIncognito\n|player|p2|\n",
  "uploadtime": 1776416835,
  "views": 18,
  "formatid": "gen9championsvgc2026regma",
  "rating": 1078,
  "private": 0,
  "password": null
}