{
  "id": "gen9championsvgc2026regma-2587622904",
  "format": "[Gen 9 Champions] VGC 2026 Reg M-A",
  "players": [
    "pluby5",
    "abx647"
  ],
  "log": "|j|\u2606pluby5\n|j|\u2606abx647\n|t:|1776547862\n|gametype|doubles\n|player|p1|pluby5|harlequin|\n|player|p2|abx647|266|\n|gen|9\n|tier|[Gen 9 Champions] VGC 2026 Reg M-A\n|rule|Species Clause: Limit one of each Pok\u00e9mon\n|rule|Item Clause: Limit 1 of each item\n|clearpoke\n|poke|p1|Scovillain, L50, F|\n|poke|p1|Torkoal, L50, M|\n|poke|p1|Incineroar, L50, M|\n|poke|p1|Milotic, L50, F|\n|poke|p1|Klefki, L50, M|\n|poke|p1|Gengar, L50, M|\n|poke|p2|Hawlucha, L50, M|\n|poke|p2|Tyranitar, L50, F|\n|poke|p2|Excadrill, L50, M|\n|poke|p2|Hippowdon, L50, M|\n|poke|p2|Aerodactyl, L50, F|\n|poke|p2|Sneasler, L50, M|\n|teampreview|4\npluby5 rejected open team sheets.\n|inactive|Battle timer is ON: inactive players will automatically lose when time's up. (requested by pluby5)\n|\n|t:|1776547898\n|teamsize|p1|4\n|teamsize|p2|4\n|start\n|switch|p1a: Incineroar|Incineroar, L50, M|100/100\n|switch|p1b: Scovillain|Scovillain, L50, F|100/100\n|switch|p2a: Sneasler|Sneasler, L50, M|100/100\n|switch|p2b: Hawlucha|Hawlucha, L50, M|100/100\n|-ability|p1a: Incineroar|Intimidate|boost\n|-unboost|p2a: Sneasler|atk|1\n|-unboost|p2b: Hawlucha|atk|1\n|turn|1\n|\n|t:|1776547914\n|switch|p1a: Torkoal|Torkoal, L50, M|100/100\n|-weather|SunnyDay|[from] ability: Drought|[of] p1a: Torkoal\n|detailschange|p2b: Hawlucha|Hawlucha-Mega, L50, M\n|-mega|p2b: Hawlucha|Hawlucha|Hawluchanite\n|move|p1b: Scovillain|Protect|p1b: Scovillain\n|-singleturn|p1b: Scovillain|Protect\n|move|p2a: Sneasler|Fake Out|p1b: Scovillain\n|-activate|p1b: Scovillain|move: Protect\n|move|p2b: Hawlucha|Close Combat|p1a: Torkoal\n|-damage|p1a: Torkoal|78/100\n|-unboost|p2b: Hawlucha|def|1\n|-unboost|p2b: Hawlucha|spd|1\n|\n|-weather|SunnyDay|[upkeep]\n|upkeep\n|turn|2\n|j| RubberRED\n|inactive|abx647 has 30 seconds left.\n|inactive|abx647 has 20 seconds left.\n|inactive|abx647 has 15 seconds left.\n|\n|t:|1776547957\n|move|p2b: Hawlucha|Protect|p2b: Hawlucha\n|-singleturn|p2b: Hawlucha|Protect\n|move|p1b: Scovillain|Flamethrower|p2b: Hawlucha\n|-activate|p2b: Hawlucha|move: Protect\n|move|p2a: Sneasler|Dire Claw|p1b: Scovillain\n|-supereffective|p1b: Scovillain|1\n|-enditem|p1b: Scovillain|Focus Sash\n|-damage|p1b: Scovillain|1/100\n|move|p1a: Torkoal|Heat Wave|p2a: Sneasler|[spread] p2a\n|-activate|p2b: Hawlucha|move: Protect\n|-damage|p2a: Sneasler|58/100\n|\n|-weather|SunnyDay|[upkeep]\n|upkeep\n|turn|3\n|inactive|abx647 has 30 seconds left.\n|inactive|pluby5 has 30 seconds left.\n|\n|t:|1776547992\n|move|p1b: Scovillain|Flamethrower|p2b: Hawlucha\n|-damage|p2b: Hawlucha|0 fnt\n|faint|p2b: Hawlucha\n|move|p2a: Sneasler|Dire Claw|p1a: Torkoal\n|-damage|p1a: Torkoal|59/100\n|move|p1a: Torkoal|Stealth Rock|p2a: Sneasler\n|-sidestart|p2: abx647|move: Stealth Rock\n|\n|-weather|SunnyDay|[upkeep]\n|upkeep\n|\n|t:|1776548001\n|switch|p2b: Tyranitar|Tyranitar, L50, F|100/100\n|-damage|p2b: Tyranitar|88/100|[from] Stealth Rock\n|-weather|Sandstorm|[from] ability: Sand Stream|[of] p2b: Tyranitar\n|turn|4\n|\n|t:|1776548013\n|switch|p1b: Milotic|Milotic, L50, F|100/100\n|switch|p1a: Incineroar|Incineroar, L50, M|100/100\n|-ability|p1a: Incineroar|Intimidate|boost\n|-unboost|p2a: Sneasler|atk|1\n|-unboost|p2b: Tyranitar|atk|1\n|move|p2a: Sneasler|Dire Claw|p1b: Milotic\n|-damage|p1b: Milotic|75/100\n|-status|p1b: Milotic|slp\n|move|p2b: Tyranitar|Dragon Dance|p2b: Tyranitar\n|-boost|p2b: Tyranitar|atk|1\n|-boost|p2b: Tyranitar|spe|1\n|\n|-weather|Sandstorm|[upkeep]\n|-damage|p2a: Sneasler|53/100|[from] Sandstorm\n|-damage|p1b: Milotic|69/100 slp|[from] Sandstorm\n|-damage|p1a: Incineroar|95/100|[from] Sandstorm\n|-heal|p1b: Milotic|75/100 slp|[from] item: Leftovers\n|upkeep\n|turn|5\n|\n|t:|1776548033\n|move|p2b: Tyranitar|Rock Slide|p1b: Milotic|[spread] p1a,p1b\n|-supereffective|p1a: Incineroar|1\n|-damage|p1a: Incineroar|41/100\n|-damage|p1b: Milotic|44/100 slp\n|-enditem|p1a: Incineroar|Sitrus Berry|[eat]\n|-heal|p1a: Incineroar|66/100|[from] item: Sitrus Berry\n|move|p2a: Sneasler|Close Combat|p1a: Incineroar\n|-supereffective|p1a: Incineroar|1\n|-damage|p1a: Incineroar|3/100\n|-unboost|p2a: Sneasler|def|1\n|-unboost|p2a: Sneasler|spd|1\n|cant|p1b: Milotic|slp\n|move|p1a: Incineroar|Parting Shot|p2b: Tyranitar\n|-unboost|p2b: Tyranitar|atk|1\n|-unboost|p2b: Tyranitar|spa|1\n|\n|t:|1776548046\n|switch|p1a: Torkoal|Torkoal, L50, M|59/100|[from] Parting Shot\n|-weather|SunnyDay|[from] ability: Drought|[of] p1a: Torkoal\n|\n|-weather|SunnyDay|[upkeep]\n|-heal|p1b: Milotic|50/100 slp|[from] item: Leftovers\n|upkeep\n|turn|6\n|\n|t:|1776548054\n|switch|p2a: Excadrill|Excadrill, L50, M|100/100\n|-damage|p2a: Excadrill|98/100|[from] Stealth Rock\n|move|p2b: Tyranitar|Rock Slide|p1a: Torkoal|[spread] p1a,p1b\n|-supereffective|p1a: Torkoal|1\n|-damage|p1a: Torkoal|37/100\n|-damage|p1b: Milotic|29/100 slp\n|cant|p1b: Milotic|slp\n|cant|p1a: Torkoal|flinch\n|\n|-weather|SunnyDay|[upkeep]\n|-heal|p1b: Milotic|35/100 slp|[from] item: Leftovers\n|upkeep\n|turn|7\n|\n|t:|1776548071\n|switch|p2b: Sneasler|Sneasler, L50, M|53/100\n|-damage|p2b: Sneasler|47/100|[from] Stealth Rock\n|move|p2a: Excadrill|Fissure|p1b: Milotic|[miss]\n|-miss|p2a: Excadrill|p1b: Milotic\n|-curestatus|p1b: Milotic|slp|[msg]\n|move|p1b: Milotic|Icy Wind|p2a: Excadrill|[spread] p2a,p2b\n|-damage|p2a: Excadrill|86/100\n|-damage|p2b: Sneasler|34/100\n|-unboost|p2a: Excadrill|spe|1\n|-unboost|p2b: Sneasler|spe|1\n|move|p1a: Torkoal|Heat Wave|p2b: Sneasler|[spread] p2a,p2b\n|-supereffective|p2a: Excadrill|1\n|-damage|p2a: Excadrill|16/100\n|-damage|p2b: Sneasler|0 fnt\n|faint|p2b: Sneasler\n|\n|-weather|SunnyDay|[upkeep]\n|-heal|p1b: Milotic|41/100|[from] item: Leftovers\n|upkeep\n|\n|t:|1776548073\n|switch|p2b: Tyranitar|Tyranitar, L50, F|88/100\n|-damage|p2b: Tyranitar|76/100|[from] Stealth Rock\n|-weather|Sandstorm|[from] ability: Sand Stream|[of] p2b: Tyranitar\n|turn|8\n|\n|t:|1776548089\n|switch|p1a: Incineroar|Incineroar, L50, M|3/100\n|-ability|p1a: Incineroar|Intimidate|boost\n|-unboost|p2a: Excadrill|atk|1\n|-unboost|p2b: Tyranitar|atk|1\n|move|p1b: Milotic|Protect|p1b: Milotic\n|-singleturn|p1b: Milotic|Protect\n|move|p2a: Excadrill|Fissure|p1a: Incineroar|[miss]\n|-miss|p2a: Excadrill|p1a: Incineroar\n|move|p2b: Tyranitar|Rock Slide|p1a: Incineroar|[spread] p1a\n|-activate|p1b: Milotic|move: Protect\n|-supereffective|p1a: Incineroar|1\n|-damage|p1a: Incineroar|0 fnt\n|faint|p1a: Incineroar\n|\n|-weather|Sandstorm|[upkeep]\n|-damage|p1b: Milotic|35/100|[from] Sandstorm\n|-heal|p1b: Milotic|41/100|[from] item: Leftovers\n|upkeep\n|\n|t:|1776548095\n|switch|p1a: Torkoal|Torkoal, L50, M|37/100\n|-weather|SunnyDay|[from] ability: Drought|[of] p1a: Torkoal\n|turn|9\n|\n|t:|1776548116\n|move|p2b: Tyranitar|Rock Slide|p1a: Torkoal|[spread] p1a\n|-miss|p2b: Tyranitar|p1b: Milotic\n|-supereffective|p1a: Torkoal|1\n|-damage|p1a: Torkoal|12/100\n|move|p2a: Excadrill|Fissure|p1a: Torkoal|[miss]\n|-miss|p2a: Excadrill|p1a: Torkoal\n|move|p1b: Milotic|Icy Wind|p2b: Tyranitar|[spread] p2a,p2b\n|-damage|p2a: Excadrill|5/100\n|-damage|p2b: Tyranitar|66/100\n|-unboost|p2a: Excadrill|spe|1\n|-unboost|p2b: Tyranitar|spe|1\n|move|p1a: Torkoal|Heat Wave|p2b: Tyranitar|[spread] p2a,p2b\n|-supereffective|p2a: Excadrill|1\n|-resisted|p2b: Tyranitar|1\n|-damage|p2a: Excadrill|0 fnt\n|-damage|p2b: Tyranitar|49/100\n|faint|p2a: Excadrill\n|\n|-weather|SunnyDay|[upkeep]\n|-heal|p1b: Milotic|47/100|[from] item: Leftovers\n|upkeep\n|turn|10\n|\n|t:|1776548139\n|move|p1b: Milotic|Recover|p1b: Milotic\n|-heal|p1b: Milotic|97/100\n|move|p2b: Tyranitar|Rock Slide|p1b: Milotic|[spread] p1a,p1b\n|-supereffective|p1a: Torkoal|1\n|-damage|p1a: Torkoal|0 fnt\n|-damage|p1b: Milotic|77/100\n|faint|p1a: Torkoal\n|\n|-weather|SunnyDay|[upkeep]\n|-heal|p1b: Milotic|83/100|[from] item: Leftovers\n|upkeep\n|\n|t:|1776548143\n|switch|p1a: Scovillain|Scovillain, L50, F|1/100\n|turn|11\n|\n|t:|1776548150\n|move|p1a: Scovillain|Solar Beam||[still]\n|-prepare|p1a: Scovillain|Solar Beam\n|-anim|p1a: Scovillain|Solar Beam|p2b: Tyranitar\n|-supereffective|p2b: Tyranitar|1\n|-damage|p2b: Tyranitar|0 fnt\n|faint|p2b: Tyranitar\n|\n|win|pluby5\n",
  "uploadtime": 1776548162,
  "views": 10,
  "formatid": "gen9championsvgc2026regma",
  "rating": null,
  "private": 0,
  "password": null
}