{
  "id": "gen9championsvgc2026regma-2580334857",
  "format": "[Gen 9 Champions] VGC 2026 Reg M-A",
  "players": [
    "2xNoodle",
    "pengu"
  ],
  "log": "|j|\u26062xNoodle\n|j|\u2606pengu\n|inactive|Battle timer is ON: inactive players will automatically lose when time's up.\n|t:|1775881846\n|gametype|doubles\n|player|p1|2xNoodle|infielder|\n|player|p2|pengu|rosa-masters|\n|gen|9\n|tier|[Gen 9 Champions] VGC 2026 Reg M-A\n|rated|Tournament battle\n|rule|Species Clause: Limit one of each Pok\u00e9mon\n|rule|Item Clause: Limit 1 of each item\n|clearpoke\n|poke|p1|Charizard, L50, F|\n|poke|p1|Whimsicott, L50, F|\n|poke|p1|Garchomp, L50, M|\n|poke|p1|Sneasler, L50, M|\n|poke|p1|Maushold, L50|\n|poke|p1|Incineroar, L50, M|\n|poke|p2|Glimmora, L50, F|\n|poke|p2|Whimsicott, L50, M|\n|poke|p2|Ninetales-Alola, L50, M|\n|poke|p2|Sinistcha, L50|\n|poke|p2|Sneasler, L50, F|\n|poke|p2|Kingambit, L50, F|\n|teampreview|4\n|inactive|pengu also wants the timer to be on.\n|c|\u2606pengu|hf\n|c|\u26062xNoodle|glhf\npengu has agreed to open team sheets.\n2xNoodle has agreed to open team sheets.\n|showteam|p1|Charizard||CharizarditeY|Blaze|HeatWave,SolarBeam,WeatherBall,Protect|||F|||50|]Whimsicott||FocusSash|Prankster|Moonblast,SunnyDay,Tailwind,Encore|||F|||50|]Garchomp||YacheBerry|SandVeil|Earthquake,DragonClaw,RockSlide,Protect|||M|||50|]Sneasler||WhiteHerb|Unburden|CloseCombat,DireClaw,RockTomb,Protect|||M|||50|]Maushold||ChopleBerry|FriendGuard|SuperFang,Taunt,FollowMe,Protect||||||50|]Incineroar||SitrusBerry|Intimidate|FlareBlitz,DarkestLariat,PartingShot,FakeOut|||M|||50|\n|showteam|p2|Glimmora||Glimmoranite|ToxicDebris|PowerGem,EarthPower,SludgeBomb,SpikyShield|||F|||50|]Whimsicott||FocusSash|Prankster|Tailwind,Moonblast,Encore,Protect|||M|||50|]Ninetales-Alola||NeverMeltIce|SnowWarning|Blizzard,IcyWind,AuroraVeil,Protect|||M|||50|]Sinistcha||SitrusBerry|Hospitality|MatchaGotcha,StunSpore,RagePowder,StrengthSap||||||50|]Sneasler||WhiteHerb|PoisonTouch|CloseCombat,DireClaw,FakeOut,Protect|||F|||50|]Kingambit||BlackGlasses|Defiant|KowtowCleave,SuckerPunch,LowKick,Protect|||F|||50|\n|j| Razachu\n|j| Circular Qy\n|j| jasonmendoza122\n|inactive|pengu has 60 seconds left.\n|c|\u2606pengu|uh oh i have the wrong sneas ability\n|\n|t:|1775881898\n|teamsize|p1|4\n|teamsize|p2|4\n|start\n|switch|p1a: Charizard|Charizard, L50, F|100/100\n|switch|p1b: Incineroar|Incineroar, L50, M|100/100\n|switch|p2a: Whimsicott|Whimsicott, L50, M|100/100\n|switch|p2b: Glimmora|Glimmora, L50, F|100/100\n|-ability|p1b: Incineroar|Intimidate|boost\n|-unboost|p2a: Whimsicott|atk|1\n|-unboost|p2b: Glimmora|atk|1\n|turn|1\n|inactive|2xNoodle has 30 seconds left.\n|c|\u26062xNoodle|wait, doesnt it default to pressure? so you switched it but chose wrong one?\n|inactive|2xNoodle has 20 seconds left.\n|inactive|2xNoodle has 15 seconds left.\n|c|\u2606pengu|i had a diff set before but swapped it\n|inactive|2xNoodle has 10 seconds left.\n|c|\u2606pengu|and forgot to swap the ability back\n|inactive|2xNoodle has 5 seconds left.\n|\n|t:|1775881953\n|move|p2a: Whimsicott|Protect|p2a: Whimsicott\n|-singleturn|p2a: Whimsicott|Protect\n|move|p2b: Glimmora|Spiky Shield|p2b: Glimmora\n|-singleturn|p2b: Glimmora|move: Protect\n|move|p1a: Charizard|Heat Wave|p2b: Glimmora|[spread] \n|-activate|p2a: Whimsicott|move: Protect\n|-activate|p2b: Glimmora|move: Protect\n|move|p1b: Incineroar|Flare Blitz|p2a: Whimsicott\n|-activate|p2a: Whimsicott|move: Protect\n|\n|upkeep\n|turn|2\n|\n|t:|1775881970\n|detailschange|p2b: Glimmora|Glimmora-Mega, L50, F\n|-mega|p2b: Glimmora|Glimmora|Glimmoranite\n|detailschange|p1a: Charizard|Charizard-Mega-Y, L50, F\n|-mega|p1a: Charizard|Charizard|Charizardite Y\n|-weather|SunnyDay|[from] ability: Drought|[of] p1a: Charizard\n|move|p2a: Whimsicott|Tailwind|p2a: Whimsicott\n|-sidestart|p2: pengu|move: Tailwind\n|move|p2b: Glimmora|Power Gem|p1b: Incineroar\n|-supereffective|p1b: Incineroar|1\n|-crit|p1b: Incineroar\n|-damage|p1b: Incineroar|0 fnt\n|faint|p1b: Incineroar\n|move|p1a: Charizard|Heat Wave|p2a: Whimsicott|[spread] p2a,p2b\n|-supereffective|p2a: Whimsicott|1\n|-resisted|p2b: Glimmora|1\n|-enditem|p2a: Whimsicott|Focus Sash\n|-damage|p2a: Whimsicott|1/100\n|-damage|p2b: Glimmora|62/100\n|\n|-weather|SunnyDay|[upkeep]\n|upkeep\n|l| jasonmendoza122\n|\n|t:|1775881986\n|switch|p1b: Whimsicott|Whimsicott, L50, F|100/100\n|turn|3\n|\n|t:|1775881997\n|move|p1b: Whimsicott|Tailwind|p1b: Whimsicott\n|-sidestart|p1: 2xNoodle|move: Tailwind\n|move|p2a: Whimsicott|Moonblast|p1b: Whimsicott\n|-damage|p1b: Whimsicott|44/100\n|move|p2b: Glimmora|Power Gem|p1a: Charizard\n|-supereffective|p1a: Charizard|2\n|-damage|p1a: Charizard|0 fnt\n|faint|p1a: Charizard\n|\n|-weather|SunnyDay|[upkeep]\n|upkeep\n|\n|t:|1775882003\n|switch|p1a: Sneasler|Sneasler, L50, M|100/100\n|turn|4\n|\n|t:|1775882025\n|switch|p2b: Sinistcha|Sinistcha, L50|100/100\n|-heal|p2a: Whimsicott|26/100|[from] ability: Hospitality|[of] p2b: Sinistcha\n|move|p1b: Whimsicott|Moonblast|p2a: Whimsicott\n|-crit|p2a: Whimsicott\n|-damage|p2a: Whimsicott|0 fnt\n|faint|p2a: Whimsicott\n|move|p1a: Sneasler|Rock Tomb|p2b: Sinistcha\n|-damage|p2b: Sinistcha|78/100\n|-unboost|p2b: Sinistcha|spe|1\n|\n|-weather|SunnyDay|[upkeep]\n|upkeep\n|\n|t:|1775882031\n|switch|p2a: Glimmora|Glimmora-Mega, L50, F|62/100\n|turn|5\n|inactive|2xNoodle has 30 seconds left.\n|\n|t:|1775882056\n|move|p2b: Sinistcha|Rage Powder|p2b: Sinistcha\n|-singleturn|p2b: Sinistcha|move: Rage Powder\n|move|p1b: Whimsicott|Moonblast|p2a: Glimmora\n|-resisted|p2a: Glimmora|1\n|-damage|p2a: Glimmora|42/100\n|move|p1a: Sneasler|Dire Claw|p2b: Sinistcha\n|-damage|p2b: Sinistcha|37/100\n|-enditem|p2b: Sinistcha|Sitrus Berry|[eat]\n|-heal|p2b: Sinistcha|62/100|[from] item: Sitrus Berry\n|move|p2a: Glimmora|Sludge Bomb|p1b: Whimsicott\n|-supereffective|p1b: Whimsicott|2\n|-damage|p1b: Whimsicott|0 fnt\n|faint|p1b: Whimsicott\n|\n|-weather|SunnyDay|[upkeep]\n|-sideend|p2: pengu|move: Tailwind\n|upkeep\n|turn|6\n|\n|t:|1775882073\n|move|p2b: Sinistcha|Rage Powder|p2b: Sinistcha\n|-singleturn|p2b: Sinistcha|move: Rage Powder\n|move|p1a: Sneasler|Dire Claw|p2b: Sinistcha\n|-damage|p2b: Sinistcha|24/100\n|move|p2a: Glimmora|Earth Power|p1a: Sneasler\n|-supereffective|p1a: Sneasler|1\n|-damage|p1a: Sneasler|4/100\n|\n|-weather|none\n|-sideend|p1: 2xNoodle|move: Tailwind\n|upkeep\n|turn|7\n|\n|t:|1775882080\n|move|p2b: Sinistcha|Rage Powder|p2b: Sinistcha\n|-singleturn|p2b: Sinistcha|move: Rage Powder\n|move|p1a: Sneasler|Dire Claw|p2b: Sinistcha\n|-damage|p2b: Sinistcha|0 fnt\n|faint|p2b: Sinistcha\n|move|p2a: Glimmora|Earth Power|p1a: Sneasler\n|-supereffective|p1a: Sneasler|1\n|-damage|p1a: Sneasler|0 fnt\n|faint|p1a: Sneasler\n|\n|win|pengu\n|n|\u26062xNoodle|2xnoodle\n|n|\u2606pengu|pengu\n|n| Razachu|razachu\n|n| Circular Qy|circularqy\n",
  "uploadtime": 1775882080,
  "views": 11,
  "formatid": "gen9championsvgc2026regma",
  "rating": null,
  "private": 0,
  "password": null
}