{
  "id": "gen9championsvgc2026regma-2581134831",
  "format": "[Gen 9 Champions] VGC 2026 Reg M-A",
  "players": [
    "9wtt",
    "Buffawin"
  ],
  "log": "|j|\u26069wtt\n|j|\u2606Buffawin\n|t:|1775963218\n|gametype|doubles\n|player|p1|9wtt|karen-gen2|1058\n|player|p2|Buffawin|169|1007\n|gen|9\n|tier|[Gen 9 Champions] VGC 2026 Reg M-A\n|rated|\n|rule|Species Clause: Limit one of each Pok\u00e9mon\n|rule|Item Clause: Limit 1 of each item\n|clearpoke\n|poke|p1|Gengar, L50, F|\n|poke|p1|Garchomp, L50, F|\n|poke|p1|Politoed, L50, F|\n|poke|p1|Sneasler, L50, F|\n|poke|p1|Basculegion, L50, M|\n|poke|p1|Talonflame, L50, F|\n|poke|p2|Toxicroak, L50, F|\n|poke|p2|Raichu, L50, F|\n|poke|p2|Azumarill, L50, M|\n|poke|p2|Sableye, L50, F|\n|poke|p2|Whimsicott, L50, M|\n|poke|p2|Kangaskhan, L50, F|\n|teampreview|4\n|\n|t:|1775963235\n|teamsize|p1|4\n|teamsize|p2|4\n|start\n|switch|p1a: Talonflame|Talonflame, L50, F, shiny|100/100\n|switch|p1b: Garchomp|Garchomp, L50, F, shiny|100/100\n|switch|p2a: Toxicroak|Toxicroak, L50, F|100/100\n|switch|p2b: Sableye|Sableye, L50, F|100/100\n|turn|1\n|\n|t:|1775963251\n|detailschange|p1b: Garchomp|Garchomp-Mega, L50, F, shiny\n|-mega|p1b: Garchomp|Garchomp|Garchompite\n|move|p2a: Toxicroak|Fake Out|p1b: Garchomp\n|-damage|p1b: Garchomp|89/100\n|move|p2b: Sableye|Fake Out|p1a: Talonflame\n|-damage|p1a: Talonflame|92/100\n|cant|p1a: Talonflame|flinch\n|cant|p1b: Garchomp|flinch\n|\n|upkeep\n|turn|2\n|\n|t:|1775963281\n|switch|p2a: Kangaskhan|Kangaskhan, L50, F|100/100\n|move|p2b: Sableye|Thunder Wave|p1a: Talonflame\n|-status|p1a: Talonflame|par\n|move|p1b: Garchomp|Earthquake|p2a: Kangaskhan|[spread] p2a,p2b\n|-immune|p1a: Talonflame\n|-damage|p2a: Kangaskhan|47/100\n|-damage|p2b: Sableye|32/100\n|move|p1a: Talonflame|Taunt|p2b: Sableye\n|-start|p2b: Sableye|move: Taunt\n|-enditem|p2b: Sableye|Mental Herb\n|-end|p2b: Sableye|move: Taunt\n|\n|upkeep\n|turn|3\n|\n|t:|1775963303\n|move|p1b: Garchomp|Protect|p1b: Garchomp\n|-singleturn|p1b: Garchomp|Protect\n|move|p2a: Kangaskhan|Fake Out|p1a: Talonflame\n|-damage|p1a: Talonflame|70/100 par\n|move|p2b: Sableye|Disable|p1b: Garchomp\n|-activate|p1b: Garchomp|move: Protect\n|cant|p1a: Talonflame|flinch\n|\n|upkeep\n|turn|4\n|\n|t:|1775963327\n|detailschange|p2a: Kangaskhan|Kangaskhan-Mega, L50, F\n|-mega|p2a: Kangaskhan|Kangaskhan|Kangaskhanite\n|move|p2b: Sableye|Thunder Wave|p1b: Garchomp\n|-immune|p1b: Garchomp\n|move|p1b: Garchomp|Dragon Claw|p2a: Kangaskhan\n|-damage|p2a: Kangaskhan|0 fnt\n|faint|p2a: Kangaskhan\n|move|p1a: Talonflame|Tailwind|p1a: Talonflame\n|-sidestart|p1: 9wtt|move: Tailwind\n|\n|upkeep\n|\n|t:|1775963343\n|switch|p2a: Toxicroak|Toxicroak, L50, F|100/100\n|turn|5\n|\n|t:|1775963361\n|move|p2a: Toxicroak|Fake Out|p1b: Garchomp\n|-damage|p1b: Garchomp|78/100\n|move|p2b: Sableye|Taunt|p1b: Garchomp\n|-start|p1b: Garchomp|move: Taunt\n|cant|p1b: Garchomp|flinch\n|move|p1a: Talonflame|Taunt|p2b: Sableye\n|-start|p2b: Sableye|move: Taunt\n|\n|upkeep\n|turn|6\n|\n|t:|1775963380\n|switch|p2b: Raichu|Raichu, L50, F|100/100\n|move|p1b: Garchomp|Earthquake|p2a: Toxicroak|[spread] p2a,p2b\n|-immune|p1a: Talonflame\n|-supereffective|p2a: Toxicroak|1\n|-supereffective|p2b: Raichu|1\n|-damage|p2a: Toxicroak|0 fnt\n|-damage|p2b: Raichu|0 fnt\n|faint|p2a: Toxicroak\n|faint|p2b: Raichu\n|move|p1a: Talonflame|Heat Wave|p2: Toxicroak|[notarget]\n|-fail|p1a: Talonflame\n|\n|upkeep\n|-message|Buffawin forfeited.\n|\n|win|9wtt\n|raw|9wtt's rating: 1058 &rarr; <strong>1085</strong><br />(+27 for winning)\n|raw|Buffawin's rating: 1007 &rarr; <strong>1000</strong><br />(-7 for losing)\n|l|\u2606Buffawin\n|player|p2|\n",
  "uploadtime": 1775963400,
  "views": 11,
  "formatid": "gen9championsvgc2026regma",
  "rating": 1000,
  "private": 0,
  "password": null
}