{
  "id": "gen9championsvgc2026regma-2580529413",
  "format": "[Gen 9 Champions] VGC 2026 Reg M-A",
  "players": [
    "King_shuckle17",
    "LouisTsang25"
  ],
  "log": "|j|\u2606King_shuckle17\n|j|\u2606LouisTsang25\n|t:|1775909283\n|gametype|doubles\n|player|p1|King_shuckle17|sabrina|1144\n|player|p2|LouisTsang25|1|1059\n|gen|9\n|tier|[Gen 9 Champions] VGC 2026 Reg M-A\n|rated|\n|rule|Species Clause: Limit one of each Pok\u00e9mon\n|rule|Item Clause: Limit 1 of each item\n|clearpoke\n|poke|p1|Cofagrigus, L50, F|\n|poke|p1|Chesnaught, L50, M|\n|poke|p1|Torkoal, L50, M|\n|poke|p1|Sneasler, L50, F|\n|poke|p1|Venusaur, L50, M|\n|poke|p1|Kingambit, L50, M|\n|poke|p2|Feraligatr, L50, M|\n|poke|p2|Farigiraf, L50, M|\n|poke|p2|Incineroar, L50, M|\n|poke|p2|Floette-Eternal, L50, F|\n|poke|p2|Sneasler, L50, F|\n|poke|p2|Whimsicott, L50, M|\n|teampreview|4\n|j| Letsbatthole\n|\n|t:|1775909310\n|teamsize|p1|4\n|teamsize|p2|4\n|start\n|switch|p1a: Cofagrigus|Cofagrigus, L50, F, shiny|100/100\n|switch|p1b: Kingambit|Kingambit, L50, M|100/100\n|switch|p2a: Feraligatr|Feraligatr, L50, M|100/100\n|switch|p2b: Whimsicott|Whimsicott, L50, M|100/100\n|turn|1\n|\n|t:|1775909320\n|switch|p2a: Incineroar|Incineroar, L50, M|100/100\n|-ability|p2a: Incineroar|Intimidate|boost\n|-unboost|p1a: Cofagrigus|atk|1\n|-unboost|p1b: Kingambit|atk|1\n|-ability|p1b: Kingambit|Defiant|boost\n|-boost|p1b: Kingambit|atk|2\n|move|p2b: Whimsicott|Taunt|p1a: Cofagrigus\n|-start|p1a: Cofagrigus|move: Taunt\n|-enditem|p1a: Cofagrigus|Mental Herb\n|-end|p1a: Cofagrigus|move: Taunt\n|move|p1b: Kingambit|Iron Head|p2b: Whimsicott\n|-supereffective|p2b: Whimsicott|1\n|-enditem|p2b: Whimsicott|Focus Sash\n|-damage|p2b: Whimsicott|1/100\n|move|p1a: Cofagrigus|Trick Room|p1a: Cofagrigus\n|-fieldstart|move: Trick Room|[of] p1a: Cofagrigus\n|\n|upkeep\n|turn|2\n|\n|t:|1775909353\n|switch|p1a: Chesnaught|Chesnaught, L50, M, shiny|100/100\n|move|p2b: Whimsicott|Encore||[still]\n|-fail|p2b: Whimsicott\n|move|p1b: Kingambit|Kowtow Cleave|p2b: Whimsicott\n|-resisted|p2b: Whimsicott|1\n|-damage|p2b: Whimsicott|0 fnt\n|faint|p2b: Whimsicott\n|move|p2a: Incineroar|Flare Blitz|p1b: Kingambit\n|-supereffective|p1b: Kingambit|1\n|-damage|p1b: Kingambit|33/100\n|-damage|p2a: Incineroar|78/100|[from] Recoil\n|\n|-heal|p2a: Incineroar|84/100|[from] item: Leftovers\n|upkeep\n|\n|t:|1775909370\n|switch|p2b: Feraligatr|Feraligatr, L50, M|100/100\n|turn|3\n|\n|t:|1775909384\n|detailschange|p1a: Chesnaught|Chesnaught-Mega, L50, M, shiny\n|-mega|p1a: Chesnaught|Chesnaught|Chesnaughtite\n|detailschange|p2b: Feraligatr|Feraligatr-Mega, L50, M\n|-mega|p2b: Feraligatr|Feraligatr|Feraligite\n|move|p1b: Kingambit|Protect|p1b: Kingambit\n|-singleturn|p1b: Kingambit|Protect\n|move|p2b: Feraligatr|Protect|p2b: Feraligatr\n|-singleturn|p2b: Feraligatr|Protect\n|move|p1a: Chesnaught|Iron Defense|p1a: Chesnaught\n|-boost|p1a: Chesnaught|def|2\n|move|p2a: Incineroar|Parting Shot|p1a: Chesnaught\n|-unboost|p1a: Chesnaught|atk|1\n|-unboost|p1a: Chesnaught|spa|1\n|\n|t:|1775909397\n|switch|p2a: Sneasler|Sneasler, L50, F|100/100|[from] Parting Shot\n|\n|upkeep\n|turn|4\n|\n|t:|1775909413\n|move|p2a: Sneasler|Fake Out|p1b: Kingambit\n|-resisted|p1b: Kingambit|1\n|-damage|p1b: Kingambit|28/100\n|cant|p1b: Kingambit|flinch\n|move|p1a: Chesnaught|Body Press|p2b: Feraligatr\n|-damage|p2b: Feraligatr|11/100\n|move|p2b: Feraligatr|Dragon Dance|p2b: Feraligatr\n|-boost|p2b: Feraligatr|atk|1\n|-boost|p2b: Feraligatr|spe|1\n|\n|upkeep\n|turn|5\n|\n|t:|1775909432\n|move|p2b: Feraligatr|Protect|p2b: Feraligatr\n|-singleturn|p2b: Feraligatr|Protect\n|move|p1a: Chesnaught|Knock Off|p2a: Sneasler\n|-resisted|p2a: Sneasler|1\n|-damage|p2a: Sneasler|85/100\n|-enditem|p2a: Sneasler|White Herb|[from] move: Knock Off|[of] p1a: Chesnaught\n|move|p1b: Kingambit|Iron Head|p2a: Sneasler\n|-damage|p2a: Sneasler|0 fnt\n|faint|p2a: Sneasler\n|\n|-fieldend|move: Trick Room\n|upkeep\n|\n|t:|1775909441\n|switch|p2a: Incineroar|Incineroar, L50, M|84/100\n|-ability|p2a: Incineroar|Intimidate|boost\n|-unboost|p1a: Chesnaught|atk|1\n|-unboost|p1b: Kingambit|atk|1\n|-ability|p1b: Kingambit|Defiant|boost\n|-boost|p1b: Kingambit|atk|2\n|turn|6\n|\n|t:|1775909450\n|move|p1b: Kingambit|Protect|p1b: Kingambit\n|-singleturn|p1b: Kingambit|Protect\n|move|p2b: Feraligatr|Dragon Dance|p2b: Feraligatr\n|-boost|p2b: Feraligatr|atk|1\n|-boost|p2b: Feraligatr|spe|1\n|move|p2a: Incineroar|Flare Blitz|p1a: Chesnaught\n|-supereffective|p1a: Chesnaught|1\n|-damage|p1a: Chesnaught|76/100\n|-damage|p2a: Incineroar|76/100|[from] Recoil\n|move|p1a: Chesnaught|Body Press|p2a: Incineroar\n|-supereffective|p2a: Incineroar|1\n|-crit|p2a: Incineroar\n|-damage|p2a: Incineroar|0 fnt\n|faint|p2a: Incineroar\n|\n|upkeep\n|turn|7\n|c|\u2606King_shuckle17|Gg\n|c|\u2606LouisTsang25|gg man\n|\n|t:|1775909470\n|move|p1b: Kingambit|Sucker Punch|p2b: Feraligatr\n|-damage|p2b: Feraligatr|0 fnt\n|faint|p2b: Feraligatr\n|\n|win|King_shuckle17\n|raw|King_shuckle17's rating: 1144 &rarr; <strong>1163</strong><br />(+19 for winning)\n|raw|LouisTsang25's rating: 1059 &rarr; <strong>1045</strong><br />(-14 for losing)\n",
  "uploadtime": 1775909475,
  "views": 19,
  "formatid": "gen9championsvgc2026regma",
  "rating": 1045,
  "private": 0,
  "password": null
}