{
  "id": "gen9championsvgc2026regma-2582388664",
  "format": "[Gen 9 Champions] VGC 2026 Reg M-A",
  "players": [
    "BrukoSwift151",
    "WolfeKiller"
  ],
  "log": "|j|\u2606BrukoSwift151\n|j|\u2606WolfeKiller\n|t:|1776088380\n|gametype|doubles\n|player|p1|BrukoSwift151|101|1086\n|player|p2|WolfeKiller|ethan|1027\n|gen|9\n|tier|[Gen 9 Champions] VGC 2026 Reg M-A\n|rated|\n|rule|Species Clause: Limit one of each Pok\u00e9mon\n|rule|Item Clause: Limit 1 of each item\n|clearpoke\n|poke|p1|Scovillain, L50, M|\n|poke|p1|Aerodactyl, L50, M|\n|poke|p1|Ditto, L50|\n|poke|p1|Sylveon, L50, F|\n|poke|p1|Whimsicott, L50, M|\n|poke|p1|Glimmora, L50, F|\n|poke|p2|Arcanine, L50, M|\n|poke|p2|Volcarona, L50, M|\n|poke|p2|Torkoal, L50, M|\n|poke|p2|Charizard, L50, M|\n|poke|p2|Infernape, L50, M|\n|poke|p2|Armarouge, L50, M|\n|teampreview|4\n|inactive|Battle timer is ON: inactive players will automatically lose when time's up. (requested by WolfeKiller)\n|\n|t:|1776088427\n|teamsize|p1|4\n|teamsize|p2|4\n|start\n|switch|p1a: Aerodactyl|Aerodactyl, L50, M|100/100\n|switch|p1b: Sylveon|Sylveon, L50, F|100/100\n|switch|p2a: Turtle Boy|Torkoal, L50, M|100/100\n|switch|p2b: George|Infernape, L50, M, shiny|100/100\n|-ability|p1a: Aerodactyl|Pressure\n|-weather|SunnyDay|[from] ability: Drought|[of] p2a: Turtle Boy\n|turn|1\n|inactive|WolfeKiller has 30 seconds left.\n|\n|t:|1776088454\n|move|p1a: Aerodactyl|Protect|p1a: Aerodactyl\n|-singleturn|p1a: Aerodactyl|Protect\n|move|p1b: Sylveon|Protect|p1b: Sylveon\n|-singleturn|p1b: Sylveon|Protect\n|move|p2b: George|Fake Out|p1a: Aerodactyl\n|-activate|p1a: Aerodactyl|move: Protect\n|move|p2a: Turtle Boy|Eruption|p1a: Aerodactyl|[spread] \n|-activate|p1a: Aerodactyl|move: Protect\n|-activate|p1b: Sylveon|move: Protect\n|\n|-weather|SunnyDay|[upkeep]\n|upkeep\n|turn|2\n|\n|t:|1776088467\n|move|p1a: Aerodactyl|Rock Slide|p2b: George|[spread] p2a,p2b\n|-supereffective|p2a: Turtle Boy|1\n|-damage|p2a: Turtle Boy|60/100\n|-damage|p2b: George|66/100\n|move|p2b: George|Thunder Punch|p1a: Aerodactyl\n|-supereffective|p1a: Aerodactyl|1\n|-crit|p1a: Aerodactyl\n|-enditem|p1a: Aerodactyl|Focus Sash\n|-damage|p1a: Aerodactyl|1/100\n|move|p1b: Sylveon|Calm Mind|p1b: Sylveon\n|-boost|p1b: Sylveon|spa|1\n|-boost|p1b: Sylveon|spd|1\n|move|p2a: Turtle Boy|Eruption|p1a: Aerodactyl|[spread] p1a,p1b\n|-resisted|p1a: Aerodactyl|1\n|-damage|p1a: Aerodactyl|0 fnt\n|-damage|p1b: Sylveon|79/100\n|faint|p1a: Aerodactyl\n|\n|-weather|SunnyDay|[upkeep]\n|-heal|p2a: Turtle Boy|66/100|[from] item: Leftovers\n|upkeep\n|\n|t:|1776088492\n|switch|p1a: Glimmora|Glimmora, L50, F|100/100\n|turn|3\n|\n|t:|1776088510\n|move|p2b: George|Fire Punch|p1b: Sylveon\n|-damage|p1b: Sylveon|0 fnt\n|faint|p1b: Sylveon\n|move|p1a: Glimmora|Power Gem|p2a: Turtle Boy\n|-supereffective|p2a: Turtle Boy|1\n|-damage|p2a: Turtle Boy|0 fnt\n|faint|p2a: Turtle Boy\n|\n|-weather|SunnyDay|[upkeep]\n|upkeep\n|\n|t:|1776088525\n|switch|p1b: Ditto|Ditto, L50|100/100\n|switch|p2a: Mothman|Volcarona, L50, M|100/100\n|-transform|p1b: Ditto|p2a: Mothman|[from] ability: Imposter\n|turn|4\n|inactive|BrukoSwift151 has 30 seconds left.\n|\n|t:|1776088550\n|move|p1b: Ditto|Heat Wave|p2b: George|[spread] p2a,p2b\n|-resisted|p2b: George|1\n|-damage|p2a: Mothman|44/100\n|-damage|p2b: George|24/100\n|-enditem|p2b: George|Sitrus Berry|[eat]\n|-heal|p2b: George|48/100|[from] item: Sitrus Berry\n|move|p2b: George|Drain Punch|p1a: Glimmora\n|-damage|p1a: Glimmora|53/100\n|-heal|p2b: George|73/100|[from] drain|[of] p1a: Glimmora\n|-activate|p1a: Glimmora|ability: Toxic Debris\n|-sidestart|p2: WolfeKiller|move: Toxic Spikes\n|move|p2a: Mothman|Tailwind|p2a: Mothman\n|-sidestart|p2: WolfeKiller|move: Tailwind\n|move|p1a: Glimmora|Power Gem|p2a: Mothman\n|-supereffective|p2a: Mothman|2\n|-damage|p2a: Mothman|0 fnt\n|faint|p2a: Mothman\n|\n|-weather|SunnyDay|[upkeep]\n|upkeep\n|\n|t:|1776088569\n|switch|p2a: Maul|Charizard, L50, M, shiny|100/100\n|turn|5\n|\n|t:|1776088584\n|move|p2b: George|Drain Punch|p1a: Glimmora\n|-damage|p1a: Glimmora|7/100\n|-heal|p2b: George|98/100|[from] drain|[of] p1a: Glimmora\n|-activate|p1a: Glimmora|ability: Toxic Debris\n|-sidestart|p2: WolfeKiller|move: Toxic Spikes\n|move|p2a: Maul|Ancient Power|p1b: Ditto\n|-supereffective|p1b: Ditto|2\n|-damage|p1b: Ditto|0 fnt\n|faint|p1b: Ditto\n|move|p1a: Glimmora|Power Gem|p2a: Maul\n|-supereffective|p2a: Maul|2\n|-damage|p2a: Maul|0 fnt\n|faint|p2a: Maul\n|\n|-weather|none\n|upkeep\n|turn|6\n|\n|t:|1776088597\n|move|p2b: George|Drain Punch|p1a: Glimmora\n|-damage|p1a: Glimmora|0 fnt\n|-heal|p2b: George|100/100|[from] drain|[of] p1a: Glimmora\n|faint|p1a: Glimmora\n|\n|win|WolfeKiller\n|raw|BrukoSwift151's rating: 1086 &rarr; <strong>1059</strong><br />(-27 for losing)\n|raw|WolfeKiller's rating: 1027 &rarr; <strong>1069</strong><br />(+42 for winning)\n|l|\u2606BrukoSwift151\n|player|p1|\n",
  "uploadtime": 1776088612,
  "views": 11,
  "formatid": "gen9championsvgc2026regma",
  "rating": 1059,
  "private": 0,
  "password": null
}