{
  "id": "gen9championsvgc2026regma-2584636444",
  "format": "[Gen 9 Champions] VGC 2026 Reg M-A",
  "players": [
    "invochu",
    "TheEeveeAnimations"
  ],
  "log": "|j|\u2606invochu\n|j|\u2606TheEeveeAnimations\n|t:|1776273599\n|gametype|doubles\n|player|p1|invochu|2|\n|player|p2|TheEeveeAnimations|dahlia|\n|gen|9\n|tier|[Gen 9 Champions] VGC 2026 Reg M-A\n|rated|Tournament battle\n|rule|Species Clause: Limit one of each Pok\u00e9mon\n|rule|Item Clause: Limit 1 of each item\n|raw|<div class=\"infobox\"><details class=\"readmore\" open><summary><strong>1 custom rule:</strong></summary> -urshifu</details></div>\n|clearpoke\n|poke|p1|Kleavor, L50, M|\n|poke|p1|Basculegion, L50, M|\n|poke|p1|Kingambit, L50, F|\n|poke|p1|Pelipper, L50, F|\n|poke|p1|Archaludon, L50, F|\n|poke|p1|Kangaskhan, L50, F|\n|poke|p2|Aegislash, L50, F|\n|poke|p2|Kangaskhan, L50, F|\n|poke|p2|Sinistcha, L50|\n|poke|p2|Volcarona, L50, M|\n|poke|p2|Aerodactyl, L50, F|\n|poke|p2|Rotom-Wash, L50|\n|teampreview|4\n|inactive|Battle timer is ON: inactive players will automatically lose when time's up. (requested by invochu)\nTheEeveeAnimations has agreed to open team sheets.\n|c|\u2606TheEeveeAnimations|mega kang enjoyers\n|j| gouri\n|c|\u2606TheEeveeAnimations|rise up\n|c|\u2606TheEeveeAnimations|glhf\n|c|\u2606invochu|smile\n|c|\u2606invochu|glhf\n|inactive|invochu has 60 seconds left.\n|inactive|TheEeveeAnimations has 60 seconds left.\n|j| TheCounterMeta\n|\n|t:|1776273634\n|teamsize|p1|4\n|teamsize|p2|4\n|start\n|switch|p1a: Kleavor|Kleavor, L50, M|100/100\n|switch|p1b: Basculegion|Basculegion, L50, M|100/100\n|switch|p2a: Rotom|Rotom-Wash, L50|100/100\n|switch|p2b: Volcarona|Volcarona, L50, M|100/100\n|turn|1\n|l| TheCounterMeta\n|j| Plopy14\n|inactive|invochu has 30 seconds left.\n|inactive|TheEeveeAnimations has 30 seconds left.\n|\n|t:|1776273663\n|switch|p2b: Sinistcha|Sinistcha, L50|100/100\n|switch|p1b: Kangaskhan|Kangaskhan, L50, F|100/100\n|move|p1a: Kleavor|Stone Axe|p2b: Sinistcha\n|-damage|p2b: Sinistcha|51/100\n|-sidestart|p2: TheEeveeAnimations|move: Stealth Rock\n|move|p2a: Rotom|Volt Switch|p1b: Kangaskhan\n|-damage|p1b: Kangaskhan|65/100\n|c|\u2606TheEeveeAnimations|oh no\n|\n|t:|1776273676\n|switch|p2a: Kangaskhan|Kangaskhan, L50, F|100/100|[from] Volt Switch\n|-damage|p2a: Kangaskhan|88/100|[from] Stealth Rock\n|\n|upkeep\n|turn|2\n|\n|t:|1776273700\n|detailschange|p1b: Kangaskhan|Kangaskhan-Mega, L50, F\n|-mega|p1b: Kangaskhan|Kangaskhan|Kangaskhanite\n|move|p1b: Kangaskhan|Fake Out|p2a: Kangaskhan\n|-damage|p2a: Kangaskhan|65/100\n|-damage|p2a: Kangaskhan|60/100\n|-hitcount|p2a: Kangaskhan|2\n|cant|p2a: Kangaskhan|flinch\n|move|p1a: Kleavor|Stone Axe|p2b: Sinistcha\n|-damage|p2b: Sinistcha|3/100\n|-enditem|p2b: Sinistcha|Sitrus Berry|[eat]\n|-heal|p2b: Sinistcha|28/100|[from] item: Sitrus Berry\n|move|p2b: Sinistcha|Matcha Gotcha|p1a: Kleavor|[spread] p1a,p1b\n|-damage|p1a: Kleavor|58/100\n|-heal|p2b: Sinistcha|46/100|[from] drain|[of] p1a: Kleavor\n|-damage|p1b: Kangaskhan|42/100\n|-heal|p2b: Sinistcha|58/100|[from] drain|[of] p1b: Kangaskhan\n|\n|upkeep\n|turn|3\n|c|\u2606TheEeveeAnimations|no burns? L\n|inactive|invochu has 30 seconds left.\n|inactive|TheEeveeAnimations has 30 seconds left.\n|inactive|TheEeveeAnimations has 20 seconds left.\n|\n|t:|1776273738\n|detailschange|p2a: Kangaskhan|Kangaskhan-Mega, L50, F\n|-mega|p2a: Kangaskhan|Kangaskhan|Kangaskhanite\n|move|p1b: Kangaskhan|Sucker Punch|p2b: Sinistcha\n|-supereffective|p2b: Sinistcha|1\n|-damage|p2b: Sinistcha|17/100\n|-supereffective|p2b: Sinistcha|1\n|-damage|p2b: Sinistcha|7/100\n|-hitcount|p2b: Sinistcha|2\n|move|p1a: Kleavor|Stone Axe|p2a: Kangaskhan\n|-damage|p2a: Kangaskhan|9/100\n|move|p2a: Kangaskhan|Low Kick|p1b: Kangaskhan\n|-supereffective|p1b: Kangaskhan|1\n|-damage|p1b: Kangaskhan|0 fnt\n|faint|p1b: Kangaskhan\n|-hitcount|p1: Kangaskhan|1\n|move|p2b: Sinistcha|Matcha Gotcha|p1a: Kleavor\n|-damage|p1a: Kleavor|2/100\n|-heal|p2b: Sinistcha|30/100|[from] drain|[of] p1a: Kleavor\n|\n|upkeep\n|\n|t:|1776273750\n|switch|p1b: Basculegion|Basculegion, L50, M|100/100\n|turn|4\n|\n|t:|1776273769\n|switch|p1a: Pelipper|Pelipper, L50, F|100/100\n|-weather|RainDance|[from] ability: Drizzle|[of] p1a: Pelipper\n|move|p2b: Sinistcha|Rage Powder|p2b: Sinistcha\n|-singleturn|p2b: Sinistcha|move: Rage Powder\n|move|p1b: Basculegion|Aqua Jet|p2b: Sinistcha\n|-resisted|p2b: Sinistcha|1\n|-damage|p2b: Sinistcha|15/100\n|move|p2a: Kangaskhan|Sucker Punch||[still]\n|-fail|p2a: Kangaskhan\n|\n|-weather|RainDance|[upkeep]\n|upkeep\n|turn|5\n|inactive|invochu has 30 seconds left.\n|\n|t:|1776273795\n|switch|p1b: Kleavor|Kleavor, L50, M|2/100\n|move|p2b: Sinistcha|Rage Powder|p2b: Sinistcha\n|-singleturn|p2b: Sinistcha|move: Rage Powder\n|move|p2a: Kangaskhan|Double-Edge|p1a: Pelipper\n|-damage|p1a: Pelipper|37/100\n|-damage|p1a: Pelipper|20/100\n|-hitcount|p1a: Pelipper|2\n|-damage|p2a: Kangaskhan|0 fnt|[from] Recoil\n|faint|p2a: Kangaskhan\n|move|p1a: Pelipper|Tailwind|p1a: Pelipper\n|-sidestart|p1: invochu|move: Tailwind\n|\n|-weather|RainDance|[upkeep]\n|upkeep\n|\n|t:|1776273811\n|switch|p2a: Rotom|Rotom-Wash, L50|100/100\n|-damage|p2a: Rotom|88/100|[from] Stealth Rock\n|turn|6\n|\n|t:|1776273835\n|move|p2b: Sinistcha|Rage Powder|p2b: Sinistcha\n|-singleturn|p2b: Sinistcha|move: Rage Powder\n|move|p1b: Kleavor|Stone Axe|p2b: Sinistcha\n|-damage|p2b: Sinistcha|0 fnt\n|faint|p2b: Sinistcha\n|move|p1a: Pelipper|Hurricane|p2a: Rotom\n|-resisted|p2a: Rotom|1\n|-damage|p2a: Rotom|69/100\n|move|p2a: Rotom|Volt Switch|p1b: Kleavor\n|-damage|p1b: Kleavor|0 fnt\n|faint|p1b: Kleavor\n|\n|t:|1776273845\n|switch|p2a: Volcarona|Volcarona, L50, M|100/100|[from] Volt Switch\n|-damage|p2a: Volcarona|50/100|[from] Stealth Rock\n|\n|-weather|RainDance|[upkeep]\n|-heal|p2a: Volcarona|57/100|[from] item: Leftovers\n|upkeep\n|\n|t:|1776273852\n|switch|p1b: Basculegion|Basculegion, L50, M|100/100\n|switch|p2b: Rotom|Rotom-Wash, L50|69/100\n|-damage|p2b: Rotom|57/100|[from] Stealth Rock\n|turn|7\n|c|\u2606TheEeveeAnimations|ggwp\n|\n|t:|1776273874\n|move|p2a: Volcarona|Rage Powder|p2a: Volcarona\n|-singleturn|p2a: Volcarona|move: Rage Powder\n|move|p1b: Basculegion|Wave Crash|p2a: Volcarona\n|-supereffective|p2a: Volcarona|1\n|-damage|p2a: Volcarona|0 fnt\n|faint|p2a: Volcarona\n|-damage|p1b: Basculegion|83/100|[from] Recoil\n|move|p1a: Pelipper|Weather Ball|p2b: Rotom\n|-resisted|p2b: Rotom|1\n|-damage|p2b: Rotom|29/100\n|move|p2b: Rotom|Thunderbolt|p1b: Basculegion\n|-supereffective|p1b: Basculegion|1\n|-damage|p1b: Basculegion|0 fnt\n|faint|p1b: Basculegion\n|\n|-weather|RainDance|[upkeep]\n|upkeep\n|turn|8\n|\n|t:|1776273885\n|move|p1a: Pelipper|Hurricane|p2b: Rotom\n|-resisted|p2b: Rotom|1\n|-damage|p2b: Rotom|8/100\n|move|p2b: Rotom|Thunderbolt|p1a: Pelipper\n|-supereffective|p1a: Pelipper|2\n|-damage|p1a: Pelipper|0 fnt\n|faint|p1a: Pelipper\n|\n|win|TheEeveeAnimations\n|n|\u2606invochu|invochu\n|n|\u2606TheEeveeAnimations|theeeveeanimations\n|n| gouri|gouri\n|n| Plopy14|plopy14\n|c|\u2606invochu|gg\n|l| gouri\n|l|\u2606TheEeveeAnimations\n|player|p2|\n|l|\u2606invochu\n|player|p1|\n|j| holdingb\n",
  "uploadtime": 1776274598,
  "views": 16,
  "formatid": "gen9championsvgc2026regma",
  "rating": null,
  "private": 0,
  "password": null
}