{
  "id": "gen9championsvgc2026regma-2587915528",
  "format": "[Gen 9 Champions] VGC 2026 Reg M-A",
  "players": [
    "chessin776",
    "Slimedot"
  ],
  "log": "|j|\u2606chessin776\n|j|\u2606Slimedot\n|t:|1776578530\n|gametype|doubles\n|player|p1|chessin776|cheryl|1077\n|player|p2|Slimedot|unknown|1177\n|gen|9\n|tier|[Gen 9 Champions] VGC 2026 Reg M-A\n|rated|\n|rule|Species Clause: Limit one of each Pok\u00e9mon\n|rule|Item Clause: Limit 1 of each item\n|clearpoke\n|poke|p1|Charizard, L50, M|\n|poke|p1|Venusaur, L50, M|\n|poke|p1|Clefable, L50, F|\n|poke|p1|Primarina, L50, F|\n|poke|p1|Farigiraf, L50, F|\n|poke|p1|Aegislash, L50, M|\n|poke|p2|Lopunny, L50, F|\n|poke|p2|Kommo-o, L50, F|\n|poke|p2|Whimsicott, L50, M|\n|poke|p2|Zoroark-Hisui, L50, M|\n|poke|p2|Sableye, L50, M|\n|poke|p2|Weavile, L50, F|\n|teampreview|4\n|\n|t:|1776578568\n|teamsize|p1|4\n|teamsize|p2|4\n|start\n|switch|p1a: Roaring Water|Primarina, L50, F|100/100\n|switch|p1b: Giraffe|Farigiraf, L50, F|100/100\n|switch|p2a: Weavile|Weavile, L50, F|100/100\n|switch|p2b: Kommo-o|Kommo-o, L50, F|100/100\n|turn|1\n|\n|t:|1776578588\n|move|p2a: Weavile|Fling|p1b: Giraffe\n|-supereffective|p1b: Giraffe|1\n|-enditem|p1b: Giraffe|Colbur Berry|[eat]\n|-enditem|p1b: Giraffe|Colbur Berry|[weaken]\n|-damage|p1b: Giraffe|86/100\n|-enditem|p2a: Weavile|King's Rock|[from] move: Fling\n|move|p2b: Kommo-o|Clanging Scales|p1b: Giraffe|[spread] p1b\n|-immune|p1a: Roaring Water\n|-damage|p1b: Giraffe|41/100\n|-unboost|p2b: Kommo-o|def|1\n|move|p1a: Roaring Water|Calm Mind|p1a: Roaring Water\n|-boost|p1a: Roaring Water|spa|1\n|-boost|p1a: Roaring Water|spd|1\n|cant|p1b: Giraffe|flinch\n|\n|upkeep\n|turn|2\n|\n|t:|1776578630\n|move|p2b: Kommo-o|Protect|p2b: Kommo-o\n|-singleturn|p2b: Kommo-o|Protect\n|move|p1b: Giraffe|Protect|p1b: Giraffe\n|-singleturn|p1b: Giraffe|Protect\n|move|p2a: Weavile|Triple Axel|p1b: Giraffe\n|-activate|p1b: Giraffe|move: Protect\n|move|p1a: Roaring Water|Hyper Voice|p2a: Weavile|[spread] p2a\n|-activate|p2b: Kommo-o|move: Protect\n|-damage|p2a: Weavile|16/100\n|\n|upkeep\n|turn|3\n|\n|t:|1776578654\n|move|p2a: Weavile|Triple Axel|p1b: Giraffe\n|-damage|p1b: Giraffe|32/100\n|-damage|p1b: Giraffe|14/100\n|-damage|p1b: Giraffe|0 fnt\n|faint|p1b: Giraffe\n|-hitcount|p1: Giraffe|3\n|move|p2b: Kommo-o|Flash Cannon|p1a: Roaring Water\n|-damage|p1a: Roaring Water|87/100\n|move|p1a: Roaring Water|Moonblast|p2b: Kommo-o\n|-supereffective|p2b: Kommo-o|2\n|-damage|p2b: Kommo-o|0 fnt\n|faint|p2b: Kommo-o\n|\n|upkeep\n|\n|t:|1776578665\n|switch|p2b: Lopunny|Lopunny, L50, F|100/100\n|switch|p1b: Roaring Nature|Venusaur, L50, M|100/100\n|turn|4\n|\n|t:|1776578673\n|move|p2b: Lopunny|Protect|p2b: Lopunny\n|-singleturn|p2b: Lopunny|Protect\n|move|p2a: Weavile|Triple Axel|p1b: Roaring Nature\n|-supereffective|p1b: Roaring Nature|1\n|-damage|p1b: Roaring Nature|75/100\n|-supereffective|p1b: Roaring Nature|1\n|-damage|p1b: Roaring Nature|29/100\n|-supereffective|p1b: Roaring Nature|1\n|-damage|p1b: Roaring Nature|0 fnt\n|faint|p1b: Roaring Nature\n|-hitcount|p1: Roaring Nature|3\n|move|p1a: Roaring Water|Hyper Voice|p2a: Weavile|[spread] p2a\n|-activate|p2b: Lopunny|move: Protect\n|-damage|p2a: Weavile|0 fnt\n|faint|p2a: Weavile\n|\n|upkeep\n|\n|t:|1776578687\n|switch|p2a: Lopunny|Lopunny, L50, F|100/100\n|switch|p1b: Roaring Flame|Charizard, L50, M|100/100\n|turn|5\n|c|\u2606chessin776|??????????\n|\n|t:|1776578717\n|detailschange|p1b: Roaring Flame|Charizard-Mega-Y, L50, M\n|-mega|p1b: Roaring Flame|Charizard|Charizardite Y\n|-weather|SunnyDay|[from] ability: Drought|[of] p1b: Roaring Flame\n|move|p2b: Lopunny|Hyper Voice|p1a: Roaring Water|[spread] p1a,p1b\n|-damage|p1a: Roaring Water|63/100\n|-damage|p1b: Roaring Flame|56/100\n|move|p1b: Roaring Flame|Heat Wave|p2a: Lopunny|[spread] p2a,p2b\n|-damage|p2a: Lopunny|25/100\n|-damage|p2b: Lopunny|0 fnt\n|replace|p2b: Zoroark|Zoroark-Hisui, L50, M\n|-end|p2b: Zoroark|Illusion\n|faint|p2b: Zoroark\n|move|p2a: Lopunny|Mega Kick|p1b: Roaring Flame\n|-damage|p1b: Roaring Flame|0 fnt\n|faint|p1b: Roaring Flame\n|move|p1a: Roaring Water|Hyper Voice|p2a: Lopunny\n|-damage|p2a: Lopunny|0 fnt\n|faint|p2a: Lopunny\n|\n|win|chessin776\n|raw|chessin776's rating: 1077 &rarr; <strong>1113</strong><br />(+36 for winning)\n|raw|Slimedot's rating: 1177 &rarr; <strong>1145</strong><br />(-32 for losing)\n|c|\u2606chessin776|Huh\n|c|\u2606Slimedot|worth the L\n|c|\u2606chessin776|Caught me for a sec\n|l|\u2606chessin776\n|player|p1|\n|c|\u2606Slimedot|Zoroark shenanigans never win but it\u2019s fun\n|j|\u2606chessin776\n|player|p1|chessin776|cheryl|\n|l|\u2606Slimedot\n|player|p2|\n",
  "uploadtime": 1776578784,
  "views": 9,
  "formatid": "gen9championsvgc2026regma",
  "rating": 1113,
  "private": 0,
  "password": null
}