{
  "id": "gen9championsvgc2026regma-2586610687",
  "format": "[Gen 9 Champions] VGC 2026 Reg M-A",
  "players": [
    "Fish0103",
    "MvillMpersonality"
  ],
  "log": "|j|\u2606Fish0103\n|j|\u2606MvillMpersonality\n|t:|1776446631\n|gametype|doubles\n|player|p1|Fish0103|acetrainerf-gen4dp|1164\n|player|p2|MvillMpersonality|pokemaniac|1170\n|gen|9\n|tier|[Gen 9 Champions] VGC 2026 Reg M-A\n|rated|\n|rule|Species Clause: Limit one of each Pok\u00e9mon\n|rule|Item Clause: Limit 1 of each item\n|clearpoke\n|poke|p1|Meganium, L50, M|\n|poke|p1|Aerodactyl, L50, F|\n|poke|p1|Sneasler, L50, M|\n|poke|p1|Typhlosion-Hisui, L50, F|\n|poke|p1|Garchomp, L50, M|\n|poke|p1|Weavile, L50, M|\n|poke|p2|Scovillain, L50, M|\n|poke|p2|Sinistcha, L50|\n|poke|p2|Hatterene, L50, F|\n|poke|p2|Kingambit, L50, M|\n|poke|p2|Rhyperior, L50, M|\n|poke|p2|Tyranitar, L50, F|\n|teampreview|4\n|\n|t:|1776446715\n|teamsize|p1|4\n|teamsize|p2|4\n|start\n|switch|p1a: Typhlosion|Typhlosion-Hisui, L50, F|100/100\n|switch|p1b: Sneasler|Sneasler, L50, M|100/100\n|switch|p2a: The Antagonist|Scovillain, L50, M|100/100\n|switch|p2b: Rhyperior|Rhyperior, L50, M|100/100\n|-item|p2a: The Antagonist|Scovillainite|[from] ability: Frisk|[of] p1a: Typhlosion\n|-item|p2b: Rhyperior|Hard Stone|[from] ability: Frisk|[of] p1a: Typhlosion\n|turn|1\n|c|\u2606MvillMpersonality|glhf\n|\n|t:|1776446733\n|detailschange|p2a: The Antagonist|Scovillain-Mega, L50, M\n|-mega|p2a: The Antagonist|Scovillain|Scovillainite\n|move|p2a: The Antagonist|Protect|p2a: The Antagonist\n|-singleturn|p2a: The Antagonist|Protect\n|move|p2b: Rhyperior|Protect|p2b: Rhyperior\n|-singleturn|p2b: Rhyperior|Protect\n|move|p1b: Sneasler|Fake Out|p2b: Rhyperior\n|-activate|p2b: Rhyperior|move: Protect\n|move|p1a: Typhlosion|Eruption|p2a: The Antagonist|[spread] \n|-activate|p2a: The Antagonist|move: Protect\n|-activate|p2b: Rhyperior|move: Protect\n|\n|upkeep\n|turn|2\n|\n|t:|1776446776\n|switch|p1a: Aerodactyl|Aerodactyl, L50, F|100/100\n|-ability|p1a: Aerodactyl|Unnerve\n|move|p2a: The Antagonist|Rage Powder|p2a: The Antagonist\n|-singleturn|p2a: The Antagonist|move: Rage Powder\n|move|p1b: Sneasler|Close Combat|p2a: The Antagonist\n|-damage|p2a: The Antagonist|37/100\n|-unboost|p1b: Sneasler|def|1\n|-unboost|p1b: Sneasler|spd|1\n|-status|p1b: Sneasler|brn|[from] ability: Spicy Spray|[of] p2a: The Antagonist\n|-enditem|p1b: Sneasler|White Herb\n|-clearnegativeboost|p1b: Sneasler|[silent]\n|move|p2b: Rhyperior|High Horsepower|p1b: Sneasler\n|-supereffective|p1b: Sneasler|1\n|-damage|p1b: Sneasler|0 fnt\n|faint|p1b: Sneasler\n|\n|upkeep\n|\n|t:|1776446795\n|switch|p1b: Garchomp|Garchomp, L50, M|100/100\n|turn|3\n|\n|t:|1776446820\n|move|p2a: The Antagonist|Protect|p2a: The Antagonist\n|-singleturn|p2a: The Antagonist|Protect\n|move|p2b: Rhyperior|Protect|p2b: Rhyperior\n|-singleturn|p2b: Rhyperior|Protect\n|move|p1a: Aerodactyl|Dual Wingbeat|p2a: The Antagonist\n|-activate|p2a: The Antagonist|move: Protect\n|move|p1b: Garchomp|Earthquake|p2a: The Antagonist|[spread] \n|-activate|p2a: The Antagonist|move: Protect\n|-activate|p2b: Rhyperior|move: Protect\n|-immune|p1a: Aerodactyl\n|\n|upkeep\n|turn|4\n|\n|t:|1776446848\n|move|p2a: The Antagonist|Rage Powder|p2a: The Antagonist\n|-singleturn|p2a: The Antagonist|move: Rage Powder\n|move|p1a: Aerodactyl|Dual Wingbeat|p2a: The Antagonist\n|-supereffective|p2a: The Antagonist|1\n|-damage|p2a: The Antagonist|0 fnt\n|-status|p1a: Aerodactyl|brn|[from] ability: Spicy Spray|[of] p2a: The Antagonist\n|faint|p2a: The Antagonist\n|-hitcount|p2: The Antagonist|1\n|move|p1b: Garchomp|Earthquake|p2b: Rhyperior|[spread] p2b\n|-immune|p1a: Aerodactyl\n|-supereffective|p2b: Rhyperior|1\n|-damage|p2b: Rhyperior|50/100\n|move|p2b: Rhyperior|Rock Slide|p1b: Garchomp|[spread] p1a,p1b\n|-supereffective|p1a: Aerodactyl|1\n|-resisted|p1b: Garchomp|1\n|-enditem|p1a: Aerodactyl|Focus Sash\n|-damage|p1a: Aerodactyl|1/100 brn\n|-damage|p1b: Garchomp|79/100\n|\n|-damage|p1a: Aerodactyl|0 fnt|[from] brn\n|faint|p1a: Aerodactyl\n|upkeep\n|\n|t:|1776446872\n|switch|p1a: Typhlosion|Typhlosion-Hisui, L50, F|100/100\n|switch|p2a: Hatterene|Hatterene, L50, F|100/100\n|-item|p2a: Hatterene|Sitrus Berry|[from] ability: Frisk|[of] p1a: Typhlosion\n|-item|p2b: Rhyperior|Hard Stone|[from] ability: Frisk|[of] p1a: Typhlosion\n|turn|5\n|\n|t:|1776446896\n|move|p2b: Rhyperior|Protect|p2b: Rhyperior\n|-singleturn|p2b: Rhyperior|Protect\n|move|p1a: Typhlosion|Shadow Ball|p2a: Hatterene\n|-supereffective|p2a: Hatterene|1\n|-damage|p2a: Hatterene|11/100\n|-enditem|p2a: Hatterene|Sitrus Berry|[eat]\n|-heal|p2a: Hatterene|36/100|[from] item: Sitrus Berry\n|move|p1b: Garchomp|Earthquake|p2a: Hatterene|[spread] p1a,p2a\n|-activate|p2b: Rhyperior|move: Protect\n|-supereffective|p1a: Typhlosion|1\n|-damage|p1a: Typhlosion|0 fnt\n|-damage|p2a: Hatterene|0 fnt\n|faint|p1a: Typhlosion\n|faint|p2a: Hatterene\n|\n|upkeep\n|\n|t:|1776446908\n|switch|p2a: Tyranitar|Tyranitar, L50, F|100/100\n|-weather|Sandstorm|[from] ability: Sand Stream|[of] p2a: Tyranitar\n|turn|6\n|\n|t:|1776446923\n|move|p1b: Garchomp|Earthquake|p2b: Rhyperior|[spread] p2a,p2b\n|-supereffective|p2a: Tyranitar|1\n|-crit|p2a: Tyranitar\n|-supereffective|p2b: Rhyperior|1\n|-damage|p2a: Tyranitar|5/100\n|-damage|p2b: Rhyperior|4/100\n|move|p2a: Tyranitar|Knock Off|p1b: Garchomp\n|-damage|p1b: Garchomp|26/100\n|-damage|p2a: Tyranitar|0 fnt|[from] ability: Rough Skin|[of] p1b: Garchomp\n|-enditem|p1b: Garchomp|Lum Berry|[from] move: Knock Off|[of] p2a: Tyranitar\n|faint|p2a: Tyranitar\n|move|p2b: Rhyperior|High Horsepower|p1b: Garchomp\n|-damage|p1b: Garchomp|0 fnt\n|-damage|p2b: Rhyperior|0 fnt|[from] ability: Rough Skin|[of] p1b: Garchomp\n|faint|p1b: Garchomp\n|faint|p2b: Rhyperior\n|\n|win|MvillMpersonality\n|raw|Fish0103's rating: 1164 &rarr; <strong>1139</strong><br />(-25 for losing)\n|raw|MvillMpersonality's rating: 1170 &rarr; <strong>1195</strong><br />(+25 for winning)\n|l|\u2606Fish0103\n|player|p1|\n|c|\u2606MvillMpersonality|gg\n",
  "uploadtime": 1776446950,
  "views": 31,
  "formatid": "gen9championsvgc2026regma",
  "rating": 1139,
  "private": 0,
  "password": null
}