{
  "id": "gen9championsvgc2026regma-2585033001",
  "format": "[Gen 9 Champions] VGC 2026 Reg M-A",
  "players": [
    "yuyutuyu",
    "Vika_F44"
  ],
  "log": "|j|\u2606yuyutuyu\n|j|\u2606Vika_F44\n|t:|1776305166\n|gametype|doubles\n|player|p1|yuyutuyu|lass-gen4dp|1153\n|player|p2|Vika_F44|pokekid|1171\n|gen|9\n|tier|[Gen 9 Champions] VGC 2026 Reg M-A\n|rated|\n|rule|Species Clause: Limit one of each Pok\u00e9mon\n|rule|Item Clause: Limit 1 of each item\n|clearpoke\n|poke|p1|Meganium, L50, F|\n|poke|p1|Pelipper, L50, F|\n|poke|p1|Garchomp, L50, F|\n|poke|p1|Skarmory, L50, F|\n|poke|p1|Raichu, L50, M|\n|poke|p1|Milotic, L50, F|\n|poke|p2|Gardevoir, L50, M|\n|poke|p2|Rotom-Heat, L50|\n|poke|p2|Hydreigon, L50, M|\n|poke|p2|Aegislash, L50, M|\n|poke|p2|Aerodactyl, L50, F|\n|poke|p2|Tauros-Paldea-Aqua, L50, M|\n|teampreview|4\nVika_F44 has agreed to open team sheets.\n|\n|t:|1776305241\n|teamsize|p1|4\n|teamsize|p2|4\n|start\n|switch|p1a: Prisme|Pelipper, L50, F|100/100\n|switch|p1b: Mayumi|Meganium, L50, F, shiny|100/100\n|switch|p2a: Aerodactyl|Aerodactyl, L50, F|100/100\n|switch|p2b: Rotom|Rotom-Heat, L50|100/100\n|-ability|p2a: Aerodactyl|Unnerve\n|-weather|RainDance|[from] ability: Drizzle|[of] p1a: Prisme\n|turn|1\n|inactive|Battle timer is ON: inactive players will automatically lose when time's up. (requested by Vika_F44)\n|\n|t:|1776305279\n|switch|p1a: Chumko|Raichu, L50, M|100/100\n|detailschange|p1b: Mayumi|Meganium-Mega, L50, F, shiny\n|-mega|p1b: Mayumi|Meganium|Meganiumite\n|move|p2b: Rotom|Volt Switch|p1a: Chumko\n|-ability|p1a: Chumko|Lightning Rod|boost\n|-boost|p1a: Chumko|spa|1\n|move|p2a: Aerodactyl|Tailwind|p2a: Aerodactyl\n|-sidestart|p2: Vika_F44|move: Tailwind\n|move|p1b: Mayumi|Solar Beam||[still]\n|-prepare|p1b: Mayumi|Solar Beam\n|-activate|p1b: Mayumi|ability: Mega Sol\n|-anim|p1b: Mayumi|Solar Beam|p2a: Aerodactyl\n|-damage|p2a: Aerodactyl|3/100\n|\n|-weather|RainDance|[upkeep]\n|upkeep\n|turn|2\n|inactive|yuyutuyu has 30 seconds left.\n|\n|t:|1776305314\n|switch|p2b: Gardevoir|Gardevoir, L50, M, shiny|100/100\n|-ability|p2b: Gardevoir|Lightning Rod|Trace|[from] ability: Trace|[of] p1a: Chumko\n|move|p1b: Mayumi|Protect|p1b: Mayumi\n|-singleturn|p1b: Mayumi|Protect\n|move|p2a: Aerodactyl|Dual Wingbeat|p1b: Mayumi\n|-activate|p1b: Mayumi|move: Protect\n|move|p1a: Chumko|Thunderbolt|p2b: Gardevoir\n|-activate|p2b: Gardevoir|ability: Lightning Rod\n|-ability|p2b: Gardevoir|Lightning Rod|boost\n|-boost|p2b: Gardevoir|spa|1\n|\n|-weather|RainDance|[upkeep]\n|upkeep\n|turn|3\n|inactive|yuyutuyu has 30 seconds left.\n|inactive|yuyutuyu has 20 seconds left.\n|inactive|yuyutuyu has 15 seconds left.\n|inactive|yuyutuyu has 10 seconds left.\n|\n|t:|1776305360\n|switch|p1b: Chocho|Garchomp, L50, F|100/100\n|move|p2a: Aerodactyl|Dual Wingbeat|p1b: Chocho\n|-damage|p1b: Chocho|83/100\n|-damage|p2a: Aerodactyl|0 fnt|[from] ability: Rough Skin|[of] p1b: Chocho\n|faint|p2a: Aerodactyl\n|-hitcount|p1b: Chocho|1\n|move|p2b: Gardevoir|Calm Mind|p2b: Gardevoir\n|-boost|p2b: Gardevoir|spa|1\n|-boost|p2b: Gardevoir|spd|1\n|move|p1a: Chumko|Nuzzle|p2b: Gardevoir\n|-ability|p2b: Gardevoir|Lightning Rod|boost\n|-boost|p2b: Gardevoir|spa|1\n|\n|-weather|RainDance|[upkeep]\n|upkeep\n|\n|t:|1776305375\n|switch|p2a: Tauros|Tauros-Paldea-Aqua, L50, M|100/100\n|-ability|p2a: Tauros|Intimidate|boost\n|-unboost|p1a: Chumko|atk|1\n|-unboost|p1b: Chocho|atk|1\n|-enditem|p1b: Chocho|White Herb\n|-clearnegativeboost|p1b: Chocho|[silent]\n|turn|4\n|\n|t:|1776305389\n|detailschange|p2b: Gardevoir|Gardevoir-Mega, L50, M, shiny\n|-mega|p2b: Gardevoir|Gardevoir|Gardevoirite\n|move|p1a: Chumko|Protect|p1a: Chumko\n|-singleturn|p1a: Chumko|Protect\n|move|p1b: Chocho|Protect|p1b: Chocho\n|-singleturn|p1b: Chocho|Protect\n|move|p2b: Gardevoir|Hyper Voice|p1b: Chocho|[spread] \n|-activate|p1a: Chumko|move: Protect\n|-activate|p1b: Chocho|move: Protect\n|move|p2a: Tauros|Wave Crash|p1a: Chumko\n|-activate|p1a: Chumko|move: Protect\n|\n|-weather|RainDance|[upkeep]\n|-sideend|p2: Vika_F44|move: Tailwind\n|upkeep\n|turn|5\n|inactive|yuyutuyu has 30 seconds left.\n|inactive|yuyutuyu has 20 seconds left.\n|inactive|yuyutuyu has 15 seconds left.\n|\n|t:|1776305429\n|switch|p1b: Prisme|Pelipper, L50, F|100/100\n|switch|p2a: Rotom|Rotom-Heat, L50|100/100\n|move|p1a: Chumko|Nuzzle|p2b: Gardevoir\n|-damage|p2b: Gardevoir|95/100\n|-status|p2b: Gardevoir|par\n|move|p2b: Gardevoir|Hyper Voice|p1b: Prisme|[spread] p1a,p1b\n|-enditem|p1a: Chumko|Focus Sash\n|-damage|p1a: Chumko|1/100\n|-damage|p1b: Prisme|0 fnt\n|faint|p1b: Prisme\n|\n|-weather|none\n|upkeep\n|\n|t:|1776305444\n|switch|p1b: Chocho|Garchomp, L50, F|83/100\n|turn|6\n|inactive|Vika_F44 has 30 seconds left.\n|\n|t:|1776305477\n|move|p1b: Chocho|Protect|p1b: Chocho\n|-singleturn|p1b: Chocho|Protect\n|move|p2b: Gardevoir|Protect|p2b: Gardevoir\n|-singleturn|p2b: Gardevoir|Protect\n|move|p2a: Rotom|Overheat|p1a: Chumko\n|-damage|p1a: Chumko|0 fnt\n|-unboost|p2a: Rotom|spa|2\n|faint|p1a: Chumko\n|\n|upkeep\n|\n|t:|1776305483\n|switch|p1a: Mayumi|Meganium-Mega, L50, F, shiny|100/100\n|turn|7\n|\n|t:|1776305492\n|switch|p2a: Tauros|Tauros-Paldea-Aqua, L50, M|100/100\n|-ability|p2a: Tauros|Intimidate|boost\n|-unboost|p1a: Mayumi|atk|1\n|-unboost|p1b: Chocho|atk|1\n|move|p1b: Chocho|Earthquake|p2a: Tauros|[spread] p1a,p2a,p2b\n|-resisted|p1a: Mayumi|1\n|-damage|p1a: Mayumi|90/100\n|-damage|p2a: Tauros|77/100\n|-damage|p2b: Gardevoir|61/100 par\n|move|p1a: Mayumi|Solar Beam||[still]\n|-prepare|p1a: Mayumi|Solar Beam\n|-activate|p1a: Mayumi|ability: Mega Sol\n|-anim|p1a: Mayumi|Solar Beam|p2b: Gardevoir\n|-damage|p2b: Gardevoir|26/100 par\n|move|p2b: Gardevoir|Hyper Voice|p1a: Mayumi|[spread] p1a,p1b\n|-supereffective|p1b: Chocho|1\n|-damage|p1a: Mayumi|0 fnt\n|-damage|p1b: Chocho|0 fnt\n|faint|p1a: Mayumi\n|faint|p1b: Chocho\n|\n|win|Vika_F44\n|raw|yuyutuyu's rating: 1153 &rarr; <strong>1129</strong><br />(-24 for losing)\n|raw|Vika_F44's rating: 1171 &rarr; <strong>1195</strong><br />(+24 for winning)\n|l|\u2606yuyutuyu\n|player|p1|\n",
  "uploadtime": 1776305512,
  "views": 25,
  "formatid": "gen9championsvgc2026regma",
  "rating": 1129,
  "private": 0,
  "password": null
}