{
  "id": "gen9championsvgc2026regma-2580911046",
  "format": "[Gen 9 Champions] VGC 2026 Reg M-A",
  "players": [
    "purrsoap",
    "bwahacough"
  ],
  "log": "|j|\u2606purrsoap\n|j|\u2606bwahacough\n|t:|1775942633\n|gametype|doubles\n|player|p1|purrsoap|170|1248\n|player|p2|bwahacough|102|1360\n|gen|9\n|tier|[Gen 9 Champions] VGC 2026 Reg M-A\n|rated|\n|rule|Species Clause: Limit one of each Pok\u00e9mon\n|rule|Item Clause: Limit 1 of each item\n|clearpoke\n|poke|p1|Floette-Eternal, L50, F|\n|poke|p1|Aerodactyl, L50, F|\n|poke|p1|Incineroar, L50, M|\n|poke|p1|Milotic, L50, M|\n|poke|p1|Sinistcha, L50|\n|poke|p1|Garchomp, L50, F|\n|poke|p2|Lycanroc, L50, M|\n|poke|p2|Tyranitar, L50, M|\n|poke|p2|Farigiraf, L50, M|\n|poke|p2|Meganium, L50, F|\n|poke|p2|Garchomp, L50, M|\n|poke|p2|Milotic, L50, F|\n|teampreview|4\n|\n|t:|1775942657\n|teamsize|p1|4\n|teamsize|p2|4\n|start\n|switch|p1a: Aerodactyl|Aerodactyl, L50, F|100/100\n|switch|p1b: Garchomp|Garchomp, L50, F|100/100\n|switch|p2a: Milotic|Milotic, L50, F, shiny|100/100\n|switch|p2b: Farigiraf|Farigiraf, L50, M, shiny|100/100\n|turn|1\n|inactive|Battle timer is ON: inactive players will automatically lose when time's up. (requested by purrsoap)\n|\n|t:|1775942674\n|switch|p1b: Floette|Floette-Eternal, L50, F|100/100\n|move|p1a: Aerodactyl|Rock Slide|p2b: Farigiraf|[spread] p2a,p2b\n|-damage|p2a: Milotic|73/100\n|-damage|p2b: Farigiraf|83/100\n|move|p2a: Milotic|Scald|p1a: Aerodactyl\n|-supereffective|p1a: Aerodactyl|1\n|-enditem|p1a: Aerodactyl|Focus Sash\n|-damage|p1a: Aerodactyl|1/100\n|cant|p2b: Farigiraf|flinch\n|\n|upkeep\n|turn|2\n|\n|t:|1775942696\n|detailschange|p1b: Floette|Floette-Mega, L50, F\n|-mega|p1b: Floette|Floette|Floettite\n|-ability|p1b: Floette|Fairy Aura\n|move|p1a: Aerodactyl|Rock Slide|p2b: Farigiraf|[spread] p2a,p2b\n|-damage|p2a: Milotic|46/100\n|-damage|p2b: Farigiraf|61/100\n|move|p1b: Floette|Moonblast|p2b: Farigiraf\n|-damage|p2b: Farigiraf|0 fnt\n|faint|p2b: Farigiraf\n|cant|p2a: Milotic|flinch\n|\n|upkeep\n|\n|t:|1775942700\n|switch|p2b: Lycanroc|Lycanroc, L50, M|100/100\n|turn|3\n|\n|t:|1775942722\n|switch|p1a: Sinistcha|Sinistcha, L50|100/100\n|move|p2b: Lycanroc|Protect|p2b: Lycanroc\n|-singleturn|p2b: Lycanroc|Protect\n|move|p1b: Floette|Protect|p1b: Floette\n|-singleturn|p1b: Floette|Protect\n|move|p2a: Milotic|Icy Wind|p1b: Floette|[spread] p1a\n|-activate|p1b: Floette|move: Protect\n|-supereffective|p1a: Sinistcha|1\n|-damage|p1a: Sinistcha|75/100\n|-unboost|p1a: Sinistcha|spe|1\n|\n|upkeep\n|turn|4\n|\n|t:|1775942738\n|move|p1a: Sinistcha|Rage Powder|p1a: Sinistcha\n|-singleturn|p1a: Sinistcha|move: Rage Powder\n|move|p2b: Lycanroc|Rock Slide|p1b: Floette|[spread] p1a,p1b\n|-damage|p1a: Sinistcha|52/100\n|-damage|p1b: Floette|67/100\n|move|p1b: Floette|Dazzling Gleam|p2b: Lycanroc|[spread] p2a,p2b\n|-damage|p2a: Milotic|8/100\n|-damage|p2b: Lycanroc|20/100\n|move|p2a: Milotic|Scald|p1a: Sinistcha\n|-resisted|p1a: Sinistcha|1\n|-damage|p1a: Sinistcha|32/100\n|-status|p1a: Sinistcha|brn\n|\n|-damage|p1a: Sinistcha|26/100 brn|[from] brn\n|upkeep\n|turn|5\n|\n|t:|1775942758\n|move|p1b: Floette|Protect|p1b: Floette\n|-singleturn|p1b: Floette|Protect\n|move|p2b: Lycanroc|Rock Slide|p1a: Sinistcha|[spread] p1a\n|-activate|p1b: Floette|move: Protect\n|-damage|p1a: Sinistcha|2/100 brn\n|move|p2a: Milotic|Scald|p1b: Floette\n|-activate|p1b: Floette|move: Protect\n|move|p1a: Sinistcha|Trick Room|p1a: Sinistcha\n|-fieldstart|move: Trick Room|[of] p1a: Sinistcha\n|\n|-damage|p1a: Sinistcha|0 fnt|[from] brn\n|faint|p1a: Sinistcha\n|upkeep\n|\n|t:|1775942769\n|switch|p1a: Garchomp|Garchomp, L50, F|100/100\n|turn|6\n|inactive|bwahacough has 30 seconds left.\n|inactive|bwahacough has 20 seconds left.\n|inactive|bwahacough has 15 seconds left.\n|inactive|bwahacough has 10 seconds left.\n|inactive|bwahacough has 5 seconds left.\n|\n|t:|1775942824\n|move|p1a: Garchomp|Protect|p1a: Garchomp\n|-singleturn|p1a: Garchomp|Protect\n|move|p2a: Milotic|Scald|p1a: Garchomp\n|-activate|p1a: Garchomp|move: Protect\n|move|p1b: Floette|Dazzling Gleam|p2b: Lycanroc|[spread] p2a,p2b\n|-damage|p2a: Milotic|0 fnt\n|-damage|p2b: Lycanroc|0 fnt\n|faint|p2a: Milotic\n|faint|p2b: Lycanroc\n|\n|upkeep\n|inactive|bwahacough has 30 seconds left.\n|inactive|bwahacough has 20 seconds left.\n|inactive|bwahacough has 15 seconds left.\n|inactive|bwahacough has 10 seconds left.\n|\n|t:|1775942873\n|switch|p2b: Tyranitar|Tyranitar, L50, M|100/100\n|-weather|Sandstorm|[from] ability: Sand Stream|[of] p2b: Tyranitar\n|turn|7\n|\n|t:|1775942888\n|move|p2b: Tyranitar|Ice Punch|p1a: Garchomp\n|-supereffective|p1a: Garchomp|2\n|-crit|p1a: Garchomp\n|-damage|p1a: Garchomp|0 fnt\n|-damage|p2b: Tyranitar|88/100|[from] ability: Rough Skin|[of] p1a: Garchomp\n|faint|p1a: Garchomp\n|move|p1b: Floette|Moonblast|p2b: Tyranitar\n|-supereffective|p2b: Tyranitar|1\n|-damage|p2b: Tyranitar|0 fnt\n|faint|p2b: Tyranitar\n|\n|win|purrsoap\n|raw|purrsoap's rating: 1248 &rarr; <strong>1284</strong><br />(+36 for winning)\n|raw|bwahacough's rating: 1413 &rarr; <strong>1384</strong><br />(-29 for losing)\n",
  "uploadtime": 1775942899,
  "views": 85,
  "formatid": "gen9championsvgc2026regma",
  "rating": 1284,
  "private": 0,
  "password": null
}