{
  "id": "gen9championsvgc2026regma-2583782772",
  "format": "[Gen 9 Champions] VGC 2026 Reg M-A",
  "players": [
    "Isidino",
    "Pigcosmos"
  ],
  "log": "|j|\u2606Isidino\n|j|\u2606Pigcosmos\n|t:|1776197362\n|gametype|doubles\n|player|p1|Isidino|102|1174\n|player|p2|Pigcosmos|scientist-gen4|1091\n|gen|9\n|tier|[Gen 9 Champions] VGC 2026 Reg M-A\n|rated|\n|rule|Species Clause: Limit one of each Pok\u00e9mon\n|rule|Item Clause: Limit 1 of each item\n|clearpoke\n|poke|p1|Pelipper, L50, F|\n|poke|p1|Basculegion-F, L50, F|\n|poke|p1|Starmie, L50|\n|poke|p1|Sneasler, L50, M|\n|poke|p1|Sableye, L50, M|\n|poke|p1|Dragapult, L50, M|\n|poke|p2|Victreebel, L50, F|\n|poke|p2|Sableye, L50, M|\n|poke|p2|Forretress, L50, M|\n|poke|p2|Dragonite, L50, F|\n|poke|p2|Basculegion, L50, M|\n|poke|p2|Garganacl, L50, M|\n|teampreview|4\n|inactive|Battle timer is ON: inactive players will automatically lose when time's up. (requested by Isidino)\n|inactive|Pigcosmos also wants the timer to be on.\n|inactive|Isidino has 60 seconds left.\n|inactive|Pigcosmos has 60 seconds left.\n|\n|t:|1776197416\n|teamsize|p1|4\n|teamsize|p2|4\n|start\n|switch|p1a: Dragapult|Dragapult, L50, M, shiny|100/100\n|switch|p1b: Pelipper|Pelipper, L50, F|100/100\n|switch|p2a: Victreebel|Victreebel, L50, F|100/100\n|switch|p2b: Forretress|Forretress, L50, M|100/100\n|-weather|RainDance|[from] ability: Drizzle|[of] p1b: Pelipper\n|turn|1\n|\n|t:|1776197432\n|detailschange|p2a: Victreebel|Victreebel-Mega, L50, F\n|-mega|p2a: Victreebel|Victreebel|Victreebelite\n|move|p2a: Victreebel|Protect|p2a: Victreebel\n|-singleturn|p2a: Victreebel|Protect\n|move|p2b: Forretress|Protect|p2b: Forretress\n|-singleturn|p2b: Forretress|Protect\n|move|p1a: Dragapult|Shadow Ball|p2a: Victreebel\n|-activate|p2a: Victreebel|move: Protect\n|move|p1b: Pelipper|Tailwind|p1b: Pelipper\n|-sidestart|p1: Isidino|move: Tailwind\n|\n|-weather|RainDance|[upkeep]\n|upkeep\n|turn|2\n|inactive|Pigcosmos has 30 seconds left.\n|inactive|Pigcosmos has 20 seconds left.\n|\n|t:|1776197470\n|move|p1a: Dragapult|Shadow Ball|p2a: Victreebel\n|-crit|p2a: Victreebel\n|-damage|p2a: Victreebel|22/100\n|-unboost|p2a: Victreebel|spd|1\n|move|p1b: Pelipper|Hurricane|p2a: Victreebel\n|-supereffective|p2a: Victreebel|1\n|-damage|p2a: Victreebel|0 fnt\n|-damage|p1b: Pelipper|76/100|[from] ability: Innards Out|[of] p2a: Victreebel\n|faint|p2a: Victreebel\n|move|p2b: Forretress|Stealth Rock|p1b: Pelipper\n|-sidestart|p1: Isidino|move: Stealth Rock\n|\n|-weather|RainDance|[upkeep]\n|upkeep\n|\n|t:|1776197484\n|switch|p2a: Dragonite|Dragonite, L50, F|100/100\n|turn|3\n|\n|t:|1776197498\n|move|p2a: Dragonite|Protect|p2a: Dragonite\n|-singleturn|p2a: Dragonite|Protect\n|move|p1a: Dragapult|Shadow Ball|p2a: Dragonite\n|-activate|p2a: Dragonite|move: Protect\n|move|p1b: Pelipper|Hurricane|p2b: Forretress\n|-damage|p2b: Forretress|40/100\n|move|p2b: Forretress|Hard Press|p1b: Pelipper\n|-resisted|p1b: Pelipper|1\n|-damage|p1b: Pelipper|52/100\n|\n|-weather|RainDance|[upkeep]\n|upkeep\n|turn|4\n|inactive|Pigcosmos has 30 seconds left.\n|\n|t:|1776197530\n|move|p1a: Dragapult|Shadow Ball|p2a: Dragonite\n|-damage|p2a: Dragonite|86/100\n|move|p1b: Pelipper|Hurricane|p2b: Forretress\n|-damage|p2b: Forretress|0 fnt\n|faint|p2b: Forretress\n|move|p2a: Dragonite|Substitute|p2a: Dragonite\n|-start|p2a: Dragonite|Substitute\n|-damage|p2a: Dragonite|62/100\n|\n|-weather|RainDance|[upkeep]\n|-heal|p2a: Dragonite|68/100|[from] item: Leftovers\n|-sideend|p1: Isidino|move: Tailwind\n|upkeep\n|\n|t:|1776197543\n|switch|p2b: Basculegion|Basculegion, L50, M|100/100\n|turn|5\n|\n|t:|1776197556\n|move|p1a: Dragapult|Shadow Ball|p2b: Basculegion\n|-supereffective|p2b: Basculegion|1\n|-damage|p2b: Basculegion|4/100\n|move|p2b: Basculegion|Last Respects|p1a: Dragapult\n|-supereffective|p1a: Dragapult|1\n|-damage|p1a: Dragapult|0 fnt\n|faint|p1a: Dragapult\n|move|p1b: Pelipper|Tailwind|p1b: Pelipper\n|-sidestart|p1: Isidino|move: Tailwind\n|move|p2a: Dragonite|Dragon Tail|p1b: Pelipper\n|-damage|p1b: Pelipper|11/100\n|drag|p1b: Basculegion|Basculegion-F, L50, F, shiny|100/100\n|-damage|p1b: Basculegion|88/100|[from] Stealth Rock\n|\n|-weather|none\n|-heal|p2a: Dragonite|74/100|[from] item: Leftovers\n|upkeep\n|\n|t:|1776197581\n|switch|p1a: Pelipper|Pelipper, L50, F|11/100\n|-damage|p1a: Pelipper|0 fnt|[from] Stealth Rock\n|faint|p1a: Pelipper\n|\n|t:|1776197585\n|switch|p1a: Starmie|Starmie, L50, shiny|100/100\n|-damage|p1a: Starmie|89/100|[from] Stealth Rock\n|turn|6\n|\n|t:|1776197605\n|detailschange|p1a: Starmie|Starmie-Mega, L50, shiny\n|-mega|p1a: Starmie|Starmie|Starminite\n|move|p1a: Starmie|Ice Spinner|p2a: Dragonite\n|-supereffective|p2a: Dragonite|2\n|-end|p2a: Dragonite|Substitute\n|move|p1b: Basculegion|Icy Wind|p2a: Dragonite|[spread] p2a,p2b\n|-supereffective|p2a: Dragonite|2\n|-resisted|p2b: Basculegion|1\n|-damage|p2a: Dragonite|33/100\n|-damage|p2b: Basculegion|0 fnt\n|-unboost|p2a: Dragonite|spe|1\n|faint|p2b: Basculegion\n|move|p2a: Dragonite|Dragon Tail|p1b: Basculegion\n|-damage|p1b: Basculegion|48/100\n|\n|-heal|p2a: Dragonite|39/100|[from] item: Leftovers\n|upkeep\n|turn|7\n|\n|t:|1776197621\n|move|p2a: Dragonite|Protect|p2a: Dragonite\n|-singleturn|p2a: Dragonite|Protect\n|move|p1a: Starmie|Ice Spinner|p2a: Dragonite\n|-activate|p2a: Dragonite|move: Protect\n|move|p1b: Basculegion|Shadow Ball|p2a: Dragonite\n|-activate|p2a: Dragonite|move: Protect\n|\n|-heal|p2a: Dragonite|45/100|[from] item: Leftovers\n|upkeep\n|turn|8\n|\n|t:|1776197630\n|move|p1a: Starmie|Aqua Jet|p2a: Dragonite\n|-resisted|p2a: Dragonite|1\n|-damage|p2a: Dragonite|29/100\n|move|p1b: Basculegion|Shadow Ball|p2a: Dragonite\n|-crit|p2a: Dragonite\n|-damage|p2a: Dragonite|0 fnt\n|faint|p2a: Dragonite\n|\n|win|Isidino\n|raw|Isidino's rating: 1174 &rarr; <strong>1193</strong><br />(+19 for winning)\n|raw|Pigcosmos's rating: 1091 &rarr; <strong>1073</strong><br />(-18 for losing)\n",
  "uploadtime": 1776197634,
  "views": 15,
  "formatid": "gen9championsvgc2026regma",
  "rating": 1073,
  "private": 0,
  "password": null
}