{
  "id": "gen9championsvgc2026regma-2588121399",
  "format": "[Gen 9 Champions] VGC 2026 Reg M-A",
  "players": [
    "Gontzal4237",
    "Kirbiwi"
  ],
  "log": "|j|\u2606Gontzal4237\n|j|\u2606Kirbiwi\n|t:|1776606570\n|gametype|doubles\n|player|p1|Gontzal4237|veteran|1206\n|player|p2|Kirbiwi|hiker-gen4|1190\n|gen|9\n|tier|[Gen 9 Champions] VGC 2026 Reg M-A\n|rated|\n|rule|Species Clause: Limit one of each Pok\u00e9mon\n|rule|Item Clause: Limit 1 of each item\n|clearpoke\n|poke|p1|Archaludon, L50, M|\n|poke|p1|Garchomp, L50, M|\n|poke|p1|Basculegion, L50, M, shiny|\n|poke|p1|Floette-Eternal, L50, F|\n|poke|p1|Pelipper, L50, F|\n|poke|p1|Sinistcha, L50|\n|poke|p2|Aggron, L50, M|\n|poke|p2|Milotic, L50, M|\n|poke|p2|Sinistcha, L50|\n|poke|p2|Drampa, L50, F|\n|poke|p2|Kingambit, L50, F|\n|poke|p2|Hatterene, L50, F|\n|teampreview|4\n|\n|t:|1776606624\n|teamsize|p1|4\n|teamsize|p2|4\n|start\n|switch|p1a: Pelipper|Pelipper, L50, F|100/100\n|switch|p1b: Archaludon|Archaludon, L50, M|100/100\n|switch|p2a: Hatterene|Hatterene, L50, F|100/100\n|switch|p2b: Aggron|Aggron, L50, M|100/100\n|-weather|RainDance|[from] ability: Drizzle|[of] p1a: Pelipper\n|turn|1\n|\n|t:|1776606662\n|detailschange|p2b: Aggron|Aggron-Mega, L50, M\n|-mega|p2b: Aggron|Aggron|Aggronite\n|move|p1b: Archaludon|Aura Sphere|p2b: Aggron\n|-supereffective|p2b: Aggron|1\n|-damage|p2b: Aggron|59/100\n|move|p1a: Pelipper|Hurricane|p2a: Hatterene\n|-damage|p2a: Hatterene|62/100\n|move|p2b: Aggron|Iron Defense|p2b: Aggron\n|-boost|p2b: Aggron|def|2\n|move|p2a: Hatterene|Trick Room|p2a: Hatterene\n|-fieldstart|move: Trick Room|[of] p2a: Hatterene\n|\n|-weather|RainDance|[upkeep]\n|upkeep\n|turn|2\n|\n|t:|1776606688\n|switch|p1b: Sinistcha|Sinistcha, L50|100/100\n|move|p2a: Hatterene|Light Screen|p2a: Hatterene\n|-sidestart|p2: Kirbiwi|move: Light Screen\n|move|p2b: Aggron|Body Press|p1b: Sinistcha\n|-immune|p1b: Sinistcha\n|move|p1a: Pelipper|Weather Ball|p2b: Aggron\n|-damage|p2b: Aggron|22/100\n|\n|-weather|RainDance|[upkeep]\n|upkeep\n|turn|3\n|\n|t:|1776606720\n|switch|p2a: Sinistcha|Sinistcha, L50|100/100\n|-heal|p2b: Aggron|47/100|[from] ability: Hospitality|[of] p2a: Sinistcha\n|move|p2b: Aggron|Rock Slide|p1b: Sinistcha|[spread] p1b\n|-miss|p2b: Aggron|p1a: Pelipper\n|-damage|p1b: Sinistcha|81/100\n|move|p1a: Pelipper|Weather Ball|p2b: Aggron\n|-damage|p2b: Aggron|4/100\n|cant|p1b: Sinistcha|flinch\n|\n|-weather|RainDance|[upkeep]\n|-heal|p1b: Sinistcha|87/100|[from] item: Leftovers\n|upkeep\n|turn|4\n|\n|t:|1776606752\n|switch|p1a: Archaludon|Archaludon, L50, M|100/100\n|move|p2b: Aggron|Rock Slide|p1b: Sinistcha|[spread] p1a\n|-miss|p2b: Aggron|p1b: Sinistcha\n|-resisted|p1a: Archaludon|1\n|-damage|p1a: Archaludon|93/100\n|-ability|p1a: Archaludon|Stamina|boost\n|-boost|p1a: Archaludon|def|1\n|move|p2a: Sinistcha|Matcha Gotcha|p1b: Sinistcha|[spread] p1a,p1b\n|-resisted|p1a: Archaludon|2\n|-resisted|p1b: Sinistcha|1\n|-damage|p1a: Archaludon|87/100\n|-damage|p1b: Sinistcha|74/100\n|-ability|p1a: Archaludon|Stamina|boost\n|-boost|p1a: Archaludon|def|1\n|move|p1b: Sinistcha|Trick Room|p1b: Sinistcha\n|-fieldend|move: Trick Room\n|\n|-weather|RainDance|[upkeep]\n|-heal|p1b: Sinistcha|80/100|[from] item: Leftovers\n|upkeep\n|turn|5\n|\n|t:|1776606798\n|switch|p1b: Basculegion|Basculegion, L50, M, shiny|100/100\n|move|p1a: Archaludon|Electro Shot||[still]\n|-prepare|p1a: Archaludon|Electro Shot\n|-boost|p1a: Archaludon|spa|1\n|-anim|p1a: Archaludon|Electro Shot|p2b: Aggron\n|-damage|p2b: Aggron|0 fnt\n|faint|p2b: Aggron\n|move|p2a: Sinistcha|Trick Room|p2a: Sinistcha\n|-fieldstart|move: Trick Room|[of] p2a: Sinistcha\n|\n|-weather|none\n|upkeep\n|\n|t:|1776606810\n|switch|p2b: Hatterene|Hatterene, L50, F|62/100\n|turn|6\n|\n|t:|1776606843\n|switch|p1b: Sinistcha|Sinistcha, L50|80/100\n|-heal|p1a: Archaludon|100/100|[from] ability: Hospitality|[of] p1b: Sinistcha\n|move|p2b: Hatterene|Dazzling Gleam|p1b: Sinistcha|[spread] p1a,p1b\n|-damage|p1a: Archaludon|57/100\n|-damage|p1b: Sinistcha|39/100\n|-ability|p1a: Archaludon|Stamina|boost\n|-boost|p1a: Archaludon|def|1\n|move|p2a: Sinistcha|Matcha Gotcha|p1a: Archaludon|[spread] p1a,p1b\n|-resisted|p1a: Archaludon|2\n|-resisted|p1b: Sinistcha|1\n|-damage|p1a: Archaludon|50/100\n|-damage|p1b: Sinistcha|27/100\n|-status|p1a: Archaludon|brn\n|-ability|p1a: Archaludon|Stamina|boost\n|-boost|p1a: Archaludon|def|1\n|-enditem|p1a: Archaludon|Sitrus Berry|[eat]\n|-heal|p1a: Archaludon|75/100 brn|[from] item: Sitrus Berry\n|move|p1a: Archaludon|Flash Cannon|p2b: Hatterene\n|-supereffective|p2b: Hatterene|1\n|-damage|p2b: Hatterene|0 fnt\n|faint|p2b: Hatterene\n|\n|-heal|p1b: Sinistcha|33/100|[from] item: Leftovers\n|-damage|p1a: Archaludon|69/100 brn|[from] brn\n|-sideend|p2: Kirbiwi|move: Light Screen\n|upkeep\n|\n|t:|1776606856\n|switch|p2b: Kingambit|Kingambit, L50, F|100/100\n|turn|7\n|\n|t:|1776606884\n|move|p2b: Kingambit|Protect|p2b: Kingambit\n|-singleturn|p2b: Kingambit|Protect\n|move|p1b: Sinistcha|Rage Powder|p1b: Sinistcha\n|-singleturn|p1b: Sinistcha|move: Rage Powder\n|move|p2a: Sinistcha|Matcha Gotcha|p1a: Archaludon|[spread] p1a,p1b\n|-resisted|p1a: Archaludon|2\n|-crit|p1a: Archaludon\n|-resisted|p1b: Sinistcha|1\n|-damage|p1a: Archaludon|59/100 brn\n|-damage|p1b: Sinistcha|22/100\n|-status|p1b: Sinistcha|brn\n|-ability|p1a: Archaludon|Stamina|boost\n|-boost|p1a: Archaludon|def|1\n|move|p1a: Archaludon|Aura Sphere|p2b: Kingambit\n|-activate|p2b: Kingambit|move: Protect\n|\n|-heal|p1b: Sinistcha|28/100 brn|[from] item: Leftovers\n|-damage|p1b: Sinistcha|22/100 brn|[from] brn\n|-damage|p1a: Archaludon|53/100 brn|[from] brn\n|upkeep\n|turn|8\n|\n|t:|1776606925\n|move|p1b: Sinistcha|Rage Powder|p1b: Sinistcha\n|-singleturn|p1b: Sinistcha|move: Rage Powder\n|move|p2b: Kingambit|Iron Head|p1b: Sinistcha\n|-damage|p1b: Sinistcha|0 fnt\n|faint|p1b: Sinistcha\n|move|p2a: Sinistcha|Matcha Gotcha|p1a: Archaludon\n|-resisted|p1a: Archaludon|2\n|-crit|p1a: Archaludon\n|-damage|p1a: Archaludon|39/100 brn\n|-ability|p1a: Archaludon|Stamina|boost\n|-boost|p1a: Archaludon|def|1\n|move|p1a: Archaludon|Dragon Pulse|p2a: Sinistcha\n|-damage|p2a: Sinistcha|40/100\n|\n|-damage|p1a: Archaludon|32/100 brn|[from] brn\n|upkeep\n|\n|t:|1776606944\n|switch|p1b: Pelipper|Pelipper, L50, F|100/100\n|-weather|RainDance|[from] ability: Drizzle|[of] p1b: Pelipper\n|turn|9\n|\n|t:|1776606957\n|move|p2b: Kingambit|Sucker Punch|p1b: Pelipper\n|-damage|p1b: Pelipper|51/100\n|move|p1b: Pelipper|Hurricane|p2a: Sinistcha\n|-supereffective|p2a: Sinistcha|1\n|-damage|p2a: Sinistcha|0 fnt\n|faint|p2a: Sinistcha\n|move|p1a: Archaludon|Aura Sphere|p2b: Kingambit\n|-supereffective|p2b: Kingambit|2\n|-damage|p2b: Kingambit|0 fnt\n|faint|p2b: Kingambit\n|\n|win|Gontzal4237\n|raw|Gontzal4237's rating: 1206 &rarr; <strong>1230</strong><br />(+24 for winning)\n|raw|Kirbiwi's rating: 1190 &rarr; <strong>1166</strong><br />(-24 for losing)\n|l|\u2606Kirbiwi\n|player|p2|\n",
  "uploadtime": 1776606970,
  "views": 8,
  "formatid": "gen9championsvgc2026regma",
  "rating": 1166,
  "private": 0,
  "password": null
}