{
  "id": "gen9championsvgc2026regma-2585208550",
  "format": "[Gen 9 Champions] VGC 2026 Reg M-A",
  "players": [
    "kirbo5500",
    "electiviregoat"
  ],
  "log": "|j|\u2606kirbo5500\n|j|\u2606electiviregoat\n|t:|1776325168\n|gametype|doubles\n|player|p1|kirbo5500|169|1083\n|player|p2|electiviregoat|volkner|1022\n|gen|9\n|tier|[Gen 9 Champions] VGC 2026 Reg M-A\n|rated|\n|rule|Species Clause: Limit one of each Pok\u00e9mon\n|rule|Item Clause: Limit 1 of each item\n|clearpoke\n|poke|p1|Meganium, L50, F|\n|poke|p1|Primarina, L50, F|\n|poke|p1|Incineroar, L50, M|\n|poke|p1|Garchomp, L50, M|\n|poke|p1|Vivillon, L50, F|\n|poke|p1|Lucario, L50, M|\n|poke|p2|Slowking, L50, M|\n|poke|p2|Incineroar, L50, M|\n|poke|p2|Crabominable, L50, M|\n|poke|p2|Hatterene, L50, F|\n|poke|p2|Tsareena, L50, F|\n|poke|p2|Camerupt, L50, M|\n|teampreview|4\n|inactive|Battle timer is ON: inactive players will automatically lose when time's up. (requested by electiviregoat)\n|\n|t:|1776325202\n|teamsize|p1|4\n|teamsize|p2|4\n|start\n|switch|p1a: Primarina|Primarina, L50, F|100/100\n|switch|p1b: Shorky|Garchomp, L50, M|100/100\n|switch|p2a: Incineroar|Incineroar, L50, M|100/100\n|switch|p2b: Slowking|Slowking, L50, M|100/100\n|-ability|p2a: Incineroar|Intimidate|boost\n|-unboost|p1a: Primarina|atk|1\n|-unboost|p1b: Shorky|atk|1\n|turn|1\n|\n|t:|1776325224\n|move|p1b: Shorky|Protect|p1b: Shorky\n|-singleturn|p1b: Shorky|Protect\n|move|p2a: Incineroar|Fake Out|p1b: Shorky\n|-activate|p1b: Shorky|move: Protect\n|move|p1a: Primarina|Hyper Voice|p2a: Incineroar|[spread] p2a,p2b\n|-supereffective|p2a: Incineroar|1\n|-resisted|p2b: Slowking|1\n|-damage|p2a: Incineroar|16/100\n|-damage|p2b: Slowking|83/100\n|-enditem|p2a: Incineroar|Sitrus Berry|[eat]\n|-heal|p2a: Incineroar|41/100|[from] item: Sitrus Berry\n|move|p2b: Slowking|Trick Room|p2b: Slowking\n|-fieldstart|move: Trick Room|[of] p2b: Slowking\n|\n|upkeep\n|turn|2\n|inactive|kirbo5500 has 30 seconds left.\n|inactive|electiviregoat has 30 seconds left.\n|\n|t:|1776325260\n|-prepare|p2b: Slowking|Chilly Reception|[premajor]\n|move|p2b: Slowking|Chilly Reception|p2b: Slowking\n|-weather|Snowscape\n|\n|t:|1776325264\n|switch|p2b: Crabominable|Crabominable, L50, M|100/100|[from] Chilly Reception\n|move|p2a: Incineroar|Parting Shot|p1a: Primarina\n|-unboost|p1a: Primarina|atk|1\n|-unboost|p1a: Primarina|spa|1\n|\n|t:|1776325273\n|switch|p2a: Tsareena|Tsareena, L50, F|100/100|[from] Parting Shot\n|move|p1a: Primarina|Hyper Voice|p2a: Tsareena|[spread] p2a,p2b\n|-resisted|p2a: Tsareena|1\n|-damage|p2a: Tsareena|86/100\n|-damage|p2b: Crabominable|65/100\n|move|p1b: Shorky|Stealth Rock|p2b: Crabominable\n|-sidestart|p2: electiviregoat|move: Stealth Rock\n|\n|-weather|Snowscape|[upkeep]\n|upkeep\n|turn|3\n|\n|t:|1776325301\n|move|p1b: Shorky|Protect|p1b: Shorky\n|-singleturn|p1b: Shorky|Protect\n|move|p2b: Crabominable|Thunder Punch|p1a: Primarina\n|-supereffective|p1a: Primarina|1\n|-damage|p1a: Primarina|31/100\n|move|p1a: Primarina|Dazzling Gleam|p2a: Tsareena|[spread] p2a,p2b\n|-supereffective|p2b: Crabominable|1\n|-damage|p2a: Tsareena|63/100\n|-damage|p2b: Crabominable|12/100\n|move|p2a: Tsareena|Triple Axel|p1b: Shorky\n|-activate|p1b: Shorky|move: Protect\n|\n|-weather|Snowscape|[upkeep]\n|upkeep\n|turn|4\n|inactive|kirbo5500 has 30 seconds left.\n|\n|t:|1776325330\n|move|p1a: Primarina|Protect|p1a: Primarina\n|-singleturn|p1a: Primarina|Protect\n|move|p2b: Crabominable|Thunder Punch|p1a: Primarina\n|-activate|p1a: Primarina|move: Protect\n|move|p2a: Tsareena|Triple Axel|p1b: Shorky\n|-supereffective|p1b: Shorky|2\n|-damage|p1b: Shorky|70/100\n|-damage|p2a: Tsareena|50/100|[from] ability: Rough Skin|[of] p1b: Shorky\n|-supereffective|p1b: Shorky|2\n|-damage|p1b: Shorky|8/100\n|-damage|p2a: Tsareena|38/100|[from] ability: Rough Skin|[of] p1b: Shorky\n|-supereffective|p1b: Shorky|2\n|-damage|p1b: Shorky|0 fnt\n|-damage|p2a: Tsareena|26/100|[from] ability: Rough Skin|[of] p1b: Shorky\n|faint|p1b: Shorky\n|-hitcount|p1: Shorky|3\n|\n|-weather|Snowscape|[upkeep]\n|upkeep\n|\n|t:|1776325345\n|switch|p1b: Incineroar|Incineroar, L50, M|100/100\n|-ability|p1b: Incineroar|Intimidate|boost\n|-unboost|p2a: Tsareena|atk|1\n|-fail|p2b: Crabominable|unboost|Attack|[from] ability: Hyper Cutter|[of] p2b: Crabominable\n|turn|5\n|\n|t:|1776325354\n|move|p1b: Incineroar|Fake Out||[still]\n|cant|p2a: Tsareena|ability: Queenly Majesty|Fake Out|[of] p1b: Incineroar\n|move|p2b: Crabominable|Close Combat|p1b: Incineroar\n|-supereffective|p1b: Incineroar|1\n|-crit|p1b: Incineroar\n|-damage|p1b: Incineroar|0 fnt\n|-unboost|p2b: Crabominable|def|1\n|-unboost|p2b: Crabominable|spd|1\n|faint|p1b: Incineroar\n|move|p1a: Primarina|Dazzling Gleam|p2a: Tsareena|[spread] p2a,p2b\n|-supereffective|p2b: Crabominable|1\n|-damage|p2a: Tsareena|4/100\n|-damage|p2b: Crabominable|0 fnt\n|faint|p2b: Crabominable\n|move|p2a: Tsareena|Power Whip|p1a: Primarina\n|-supereffective|p1a: Primarina|1\n|-damage|p1a: Primarina|0 fnt\n|faint|p1a: Primarina\n|\n|-weather|Snowscape|[upkeep]\n|-fieldend|move: Trick Room\n|upkeep\n|\n|t:|1776325365\n|switch|p1b: Meganium|Meganium, L50, F|100/100\n|switch|p2b: Slowking|Slowking, L50, M|83/100\n|-damage|p2b: Slowking|70/100|[from] Stealth Rock\n|turn|6\n|\n|t:|1776325372\n|detailschange|p1b: Meganium|Meganium-Mega, L50, F\n|-mega|p1b: Meganium|Meganium|Meganiumite\n|move|p2a: Tsareena|Protect|p2a: Tsareena\n|-singleturn|p2a: Tsareena|Protect\n|move|p1b: Meganium|Solar Beam||[still]\n|-prepare|p1b: Meganium|Solar Beam\n|-activate|p1b: Meganium|ability: Mega Sol\n|-anim|p1b: Meganium|Solar Beam|p2b: Slowking\n|-supereffective|p2b: Slowking|1\n|-damage|p2b: Slowking|0 fnt\n|faint|p2b: Slowking\n|\n|-weather|none\n|upkeep\n|\n|t:|1776325380\n|switch|p2b: Incineroar|Incineroar, L50, M|41/100\n|-damage|p2b: Incineroar|16/100|[from] Stealth Rock\n|-ability|p2b: Incineroar|Intimidate|boost\n|-unboost|p1b: Meganium|atk|1\n|turn|7\n|\n|t:|1776325391\n|move|p1b: Meganium|Protect|p1b: Meganium\n|-singleturn|p1b: Meganium|Protect\n|move|p2b: Incineroar|Fake Out|p1b: Meganium\n|-activate|p1b: Meganium|move: Protect\n|move|p2a: Tsareena|Triple Axel|p1b: Meganium\n|-activate|p1b: Meganium|move: Protect\n|\n|upkeep\n|turn|8\n|\n|t:|1776325404\n|move|p2a: Tsareena|Protect|p2a: Tsareena\n|-singleturn|p2a: Tsareena|Protect\n|move|p1b: Meganium|Solar Beam||[still]\n|-prepare|p1b: Meganium|Solar Beam\n|-activate|p1b: Meganium|ability: Mega Sol\n|-anim|p1b: Meganium|Solar Beam|p2b: Incineroar\n|-resisted|p2b: Incineroar|1\n|-damage|p2b: Incineroar|0 fnt\n|faint|p2b: Incineroar\n|\n|upkeep\n|turn|9\n|-message|electiviregoat forfeited.\n|\n|win|kirbo5500\n|raw|kirbo5500's rating: 1083 &rarr; <strong>1106</strong><br />(+23 for winning)\n|raw|electiviregoat's rating: 1022 &rarr; <strong>1011</strong><br />(-11 for losing)\n|l|\u2606electiviregoat\n|player|p2|\n",
  "uploadtime": 1776325413,
  "views": 27,
  "formatid": "gen9championsvgc2026regma",
  "rating": 1011,
  "private": 0,
  "password": null
}