{
  "id": "gen9championsvgc2026regma-2586557699",
  "format": "[Gen 9 Champions] VGC 2026 Reg M-A",
  "players": [
    "jumento480",
    "Isidino"
  ],
  "log": "|j|\u2606jumento480\n|j|\u2606Isidino\n|t:|1776442897\n|gametype|doubles\n|player|p1|jumento480|will|1213\n|player|p2|Isidino|266|1261\n|gen|9\n|tier|[Gen 9 Champions] VGC 2026 Reg M-A\n|rated|\n|rule|Species Clause: Limit one of each Pok\u00e9mon\n|rule|Item Clause: Limit 1 of each item\n|clearpoke\n|poke|p1|Glimmora, L50, F|\n|poke|p1|Dragapult, L50, F|\n|poke|p1|Kingambit, L50, M|\n|poke|p1|Pelipper, L50, F|\n|poke|p1|Archaludon, L50, M|\n|poke|p1|Basculegion, L50, M|\n|poke|p2|Pelipper, L50, M|\n|poke|p2|Basculegion-F, L50, F|\n|poke|p2|Starmie, L50|\n|poke|p2|Sneasler, L50, M|\n|poke|p2|Sableye, L50, M|\n|poke|p2|Lucario, L50, F|\n|teampreview|4\n|inactive|Battle timer is ON: inactive players will automatically lose when time's up. (requested by Isidino)\n|inactive|jumento480 has 60 seconds left.\n|inactive|Isidino has 60 seconds left.\n|\n|t:|1776442958\n|teamsize|p1|4\n|teamsize|p2|4\n|start\n|switch|p1a: Kingambit|Kingambit, L50, M|100/100\n|switch|p1b: Basculegion|Basculegion, L50, M, shiny|100/100\n|switch|p2a: Lucario|Lucario, L50, F|100/100\n|switch|p2b: Pelipper|Pelipper, L50, M|100/100\n|-weather|RainDance|[from] ability: Drizzle|[of] p2b: Pelipper\n|turn|1\n|inactive|jumento480 has 30 seconds left.\n|\n|t:|1776442992\n|move|p2a: Lucario|Protect|p2a: Lucario\n|-singleturn|p2a: Lucario|Protect\n|move|p1a: Kingambit|Protect|p1a: Kingambit\n|-singleturn|p1a: Kingambit|Protect\n|move|p1b: Basculegion|Flip Turn|p2a: Lucario\n|-activate|p2a: Lucario|move: Protect\n|move|p2b: Pelipper|Tailwind|p2b: Pelipper\n|-sidestart|p2: Isidino|move: Tailwind\n|\n|-weather|RainDance|[upkeep]\n|upkeep\n|turn|2\n|\n|t:|1776443010\n|switch|p1a: Pelipper|Pelipper, L50, F|100/100\n|detailschange|p2a: Lucario|Lucario-Mega, L50, F\n|-mega|p2a: Lucario|Lucario|Lucarionite\n|move|p2a: Lucario|Dark Pulse|p1b: Basculegion\n|-supereffective|p1b: Basculegion|1\n|-damage|p1b: Basculegion|26/100\n|move|p1b: Basculegion|Flip Turn|p2a: Lucario\n|-damage|p2a: Lucario|31/100\n|\n|t:|1776443026\n|switch|p1b: Archaludon|Archaludon, L50, M|100/100|[from] Flip Turn\n|move|p2b: Pelipper|Weather Ball|p1a: Pelipper\n|-resisted|p1a: Pelipper|1\n|-damage|p1a: Pelipper|44/100\n|\n|-weather|RainDance|[upkeep]\n|upkeep\n|turn|3\n|\n|t:|1776443043\n|move|p1a: Pelipper|Protect|p1a: Pelipper\n|-singleturn|p1a: Pelipper|Protect\n|move|p2a: Lucario|Aura Sphere|p1b: Archaludon\n|-supereffective|p1b: Archaludon|1\n|-damage|p1b: Archaludon|0 fnt\n|faint|p1b: Archaludon\n|move|p2b: Pelipper|Hurricane|p1a: Pelipper\n|-activate|p1a: Pelipper|move: Protect\n|\n|-weather|RainDance|[upkeep]\n|upkeep\n|\n|t:|1776443056\n|switch|p1b: Kingambit|Kingambit, L50, M|100/100\n|turn|4\n|\n|t:|1776443064\n|move|p2a: Lucario|Protect|p2a: Lucario\n|-singleturn|p2a: Lucario|Protect\n|move|p1b: Kingambit|Protect|p1b: Kingambit\n|-singleturn|p1b: Kingambit|Protect\n|move|p2b: Pelipper|Hurricane|p1a: Pelipper\n|-damage|p1a: Pelipper|0 fnt\n|faint|p1a: Pelipper\n|\n|-weather|RainDance|[upkeep]\n|-sideend|p2: Isidino|move: Tailwind\n|upkeep\n|\n|t:|1776443076\n|switch|p1a: Basculegion|Basculegion, L50, M, shiny|26/100\n|turn|5\n|\n|t:|1776443084\n|move|p1a: Basculegion|Aqua Jet|p2a: Lucario\n|-crit|p2a: Lucario\n|-damage|p2a: Lucario|0 fnt\n|faint|p2a: Lucario\n|move|p2b: Pelipper|Tailwind|p2b: Pelipper\n|-sidestart|p2: Isidino|move: Tailwind\n|move|p1b: Kingambit|Swords Dance|p1b: Kingambit\n|-boost|p1b: Kingambit|atk|2\n|\n|-weather|none\n|upkeep\n|\n|t:|1776443096\n|switch|p2a: Basculegion|Basculegion-F, L50, F, shiny|100/100\n|turn|6\n|\n|t:|1776443107\n|move|p1a: Basculegion|Aqua Jet|p2a: Basculegion\n|-resisted|p2a: Basculegion|1\n|-damage|p2a: Basculegion|85/100\n|move|p1b: Kingambit|Sucker Punch|p2a: Basculegion\n|-supereffective|p2a: Basculegion|1\n|-damage|p2a: Basculegion|0 fnt\n|faint|p2a: Basculegion\n|move|p2b: Pelipper|Hurricane|p1a: Basculegion\n|-damage|p1a: Basculegion|0 fnt\n|faint|p1a: Basculegion\n|\n|upkeep\n|\n|t:|1776443112\n|switch|p2a: Sneasler|Sneasler, L50, M|100/100\n|turn|7\n|inactive|jumento480 has 30 seconds left.\n|inactive|jumento480 has 20 seconds left.\n|inactive|jumento480 has 15 seconds left.\n|\n|t:|1776443154\n|move|p2a: Sneasler|Fake Out|p1b: Kingambit\n|-resisted|p1b: Kingambit|1\n|-damage|p1b: Kingambit|96/100\n|cant|p1b: Kingambit|flinch\n|move|p2b: Pelipper|Hurricane|p1b: Kingambit|[miss]\n|-miss|p2b: Pelipper|p1b: Kingambit\n|\n|upkeep\n|turn|8\n|\n|t:|1776443166\n|move|p1b: Kingambit|Protect|p1b: Kingambit\n|-singleturn|p1b: Kingambit|Protect\n|move|p2a: Sneasler|Close Combat|p1b: Kingambit\n|-activate|p1b: Kingambit|move: Protect\n|move|p2b: Pelipper|Hurricane|p1b: Kingambit\n|-activate|p1b: Kingambit|move: Protect\n|\n|-sideend|p2: Isidino|move: Tailwind\n|upkeep\n|turn|9\n|\n|t:|1776443177\n|move|p1b: Kingambit|Sucker Punch|p2a: Sneasler\n|-resisted|p2a: Sneasler|1\n|-damage|p2a: Sneasler|15/100\n|move|p2a: Sneasler|Close Combat|p1b: Kingambit\n|-supereffective|p1b: Kingambit|2\n|-damage|p1b: Kingambit|0 fnt\n|-unboost|p2a: Sneasler|def|1\n|-unboost|p2a: Sneasler|spd|1\n|faint|p1b: Kingambit\n|\n|win|Isidino\n|raw|jumento480's rating: 1213 &rarr; <strong>1191</strong><br />(-22 for losing)\n|raw|Isidino's rating: 1261 &rarr; <strong>1283</strong><br />(+22 for winning)\n",
  "uploadtime": 1776443184,
  "views": 25,
  "formatid": "gen9championsvgc2026regma",
  "rating": 1191,
  "private": 0,
  "password": null
}