{
  "id": "gen9championsvgc2026regma-2582054230",
  "format": "[Gen 9 Champions] VGC 2026 Reg M-A",
  "players": [
    "NightwalkerYt",
    "fostervgc26"
  ],
  "log": "|j|\u2606NightwalkerYt\n|j|\u2606fostervgc26\n|t:|1776052419\n|gametype|doubles\n|player|p1|NightwalkerYt|ethan|1000\n|player|p2|fostervgc26|cyrus|1010\n|gen|9\n|tier|[Gen 9 Champions] VGC 2026 Reg M-A\n|rated|\n|rule|Species Clause: Limit one of each Pok\u00e9mon\n|rule|Item Clause: Limit 1 of each item\n|clearpoke\n|poke|p1|Golurk, L50|\n|poke|p1|Mimikyu, L50, M|\n|poke|p1|Farigiraf, L50, F|\n|poke|p1|Rampardos, L50, F|\n|poke|p1|Tyranitar, L50, M|\n|poke|p1|Incineroar, L50, F|\n|poke|p2|Floette-Eternal, L50, F|\n|poke|p2|Sinistcha, L50|\n|poke|p2|Aerodactyl, L50, M|\n|poke|p2|Hydreigon, L50, M|\n|poke|p2|Rotom-Wash, L50|\n|poke|p2|Sneasler, L50, M|\n|teampreview|4\n|inactive|Battle timer is ON: inactive players will automatically lose when time's up. (requested by fostervgc26)\n|\n|t:|1776052451\n|teamsize|p1|4\n|teamsize|p2|4\n|start\n|switch|p1a: Wolfey|Incineroar, L50, F|100/100\n|switch|p1b: Screamer|Farigiraf, L50, F|100/100\n|switch|p2a: Floette|Floette-Eternal, L50, F|100/100\n|switch|p2b: Sinistcha|Sinistcha, L50|100/100\n|-ability|p1a: Wolfey|Intimidate|boost\n|-unboost|p2a: Floette|atk|1\n|-block|p2b: Sinistcha|ability: Flower Veil|[of] p2a: Floette\n|turn|1\n|\n|t:|1776052475\n|detailschange|p2a: Floette|Floette-Mega, L50, F\n|-mega|p2a: Floette|Floette|Floettite\n|-ability|p2a: Floette|Fairy Aura\n|move|p2b: Sinistcha|Rage Powder|p2b: Sinistcha\n|-singleturn|p2b: Sinistcha|move: Rage Powder\n|move|p2a: Floette|Dazzling Gleam|p1b: Screamer|[spread] p1a,p1b\n|-crit|p1b: Screamer\n|-damage|p1a: Wolfey|65/100\n|-damage|p1b: Screamer|20/100\n|move|p1a: Wolfey|Parting Shot|p2b: Sinistcha\n|-unboost|p2b: Sinistcha|atk|1\n|-unboost|p2b: Sinistcha|spa|1\n|\n|t:|1776052487\n|switch|p1a: T-tar|Tyranitar, L50, M|100/100|[from] Parting Shot\n|-weather|Sandstorm|[from] ability: Sand Stream|[of] p1a: T-tar\n|move|p1b: Screamer|Trick Room|p1b: Screamer\n|-fieldstart|move: Trick Room|[of] p1b: Screamer\n|\n|-weather|Sandstorm|[upkeep]\n|-damage|p1b: Screamer|14/100|[from] Sandstorm\n|-damage|p2b: Sinistcha|94/100|[from] Sandstorm\n|-damage|p2a: Floette|94/100|[from] Sandstorm\n|upkeep\n|turn|2\n|\n|t:|1776052510\n|move|p2a: Floette|Protect|p2a: Floette\n|-singleturn|p2a: Floette|Protect\n|move|p1b: Screamer|Hyper Voice|p2a: Floette|[spread] \n|-activate|p2a: Floette|move: Protect\n|-immune|p2b: Sinistcha\n|move|p1a: T-tar|Rock Slide|p2b: Sinistcha|[spread] p2b\n|-activate|p2a: Floette|move: Protect\n|-damage|p2b: Sinistcha|68/100\n|move|p2b: Sinistcha|Matcha Gotcha|p1b: Screamer|[spread] p1a\n|-miss|p2b: Sinistcha|p1b: Screamer\n|-supereffective|p1a: T-tar|1\n|-damage|p1a: T-tar|84/100\n|-heal|p2b: Sinistcha|77/100|[from] drain|[of] p1a: T-tar\n|\n|-weather|Sandstorm|[upkeep]\n|-damage|p1b: Screamer|8/100|[from] Sandstorm\n|-damage|p2b: Sinistcha|71/100|[from] Sandstorm\n|-damage|p2a: Floette|88/100|[from] Sandstorm\n|upkeep\n|turn|3\n|inactive|NightwalkerYt has 30 seconds left.\n|inactive|fostervgc26 has 30 seconds left.\n|inactive|fostervgc26 has 20 seconds left.\n|\n|t:|1776052545\n|move|p1b: Screamer|Hyper Voice|p2a: Floette|[spread] p2a\n|-immune|p2b: Sinistcha\n|-damage|p2a: Floette|62/100\n|move|p1a: T-tar|Rock Slide|p2b: Sinistcha|[spread] p2a,p2b\n|-damage|p2a: Floette|25/100\n|-damage|p2b: Sinistcha|42/100\n|move|p2b: Sinistcha|Matcha Gotcha|p1b: Screamer|[spread] p1a,p1b\n|-supereffective|p1a: T-tar|1\n|-damage|p1a: T-tar|68/100\n|-heal|p2b: Sinistcha|50/100|[from] drain|[of] p1a: T-tar\n|-damage|p1b: Screamer|0 fnt\n|-heal|p2b: Sinistcha|54/100|[from] drain|[of] p1b: Screamer\n|-status|p1a: T-tar|brn\n|faint|p1b: Screamer\n|cant|p2a: Floette|flinch\n|\n|-weather|Sandstorm|[upkeep]\n|-damage|p2b: Sinistcha|48/100|[from] Sandstorm\n|-damage|p2a: Floette|19/100|[from] Sandstorm\n|-damage|p1a: T-tar|61/100 brn|[from] brn\n|upkeep\n|\n|t:|1776052565\n|switch|p1b: Ramp|Rampardos, L50, F|100/100\n|-ability|p1b: Ramp|Mold Breaker\n|turn|4\n|\n|t:|1776052578\n|switch|p2a: Rotom|Rotom-Wash, L50|100/100\n|move|p1b: Ramp|Rock Slide|p2b: Sinistcha|[spread] p2b\n|-miss|p1b: Ramp|p2a: Rotom\n|-damage|p2b: Sinistcha|6/100\n|move|p1a: T-tar|Rock Slide|p2a: Rotom|[spread] p2b\n|-miss|p1a: T-tar|p2a: Rotom\n|-damage|p2b: Sinistcha|0 fnt\n|faint|p2b: Sinistcha\n|\n|-weather|Sandstorm|[upkeep]\n|-damage|p2a: Rotom|95/100|[from] Sandstorm\n|-damage|p1a: T-tar|55/100 brn|[from] brn\n|upkeep\n|\n|t:|1776052592\n|switch|p2b: Floette|Floette-Mega, L50, F|19/100\n|-ability|p2b: Floette|Fairy Aura\n|turn|5\n|\n|t:|1776052614\n|move|p2b: Floette|Protect|p2b: Floette\n|-singleturn|p2b: Floette|Protect\n|move|p1b: Ramp|Head Smash|p2a: Rotom\n|-damage|p2a: Rotom|0 fnt\n|faint|p2a: Rotom\n|-damage|p1b: Ramp|58/100|[from] Recoil\n|move|p1a: T-tar|Rock Slide|p2b: Floette\n|-activate|p2b: Floette|move: Protect\n|\n|-weather|none\n|-damage|p1a: T-tar|49/100 brn|[from] brn\n|-fieldend|move: Trick Room\n|upkeep\n|\n|t:|1776052620\n|switch|p2a: Hydreigon|Hydreigon, L50, M|100/100\n|turn|6\n|\n|t:|1776052634\n|detailschange|p1a: T-tar|Tyranitar-Mega, L50, M\n|-mega|p1a: T-tar|Tyranitar|Tyranitarite\n|-weather|Sandstorm|[from] ability: Sand Stream|[of] p1a: T-tar\n|move|p2a: Hydreigon|Dark Pulse|p1b: Ramp\n|-damage|p1b: Ramp|17/100\n|move|p2b: Floette|Dazzling Gleam|p1b: Ramp|[spread] p1a,p1b\n|-supereffective|p1a: T-tar|1\n|-damage|p1a: T-tar|7/100 brn\n|-damage|p1b: Ramp|0 fnt\n|faint|p1b: Ramp\n|move|p1a: T-tar|Rock Slide|p2a: Hydreigon|[spread] p2a,p2b\n|-damage|p2a: Hydreigon|79/100\n|-damage|p2b: Floette|0 fnt\n|faint|p2b: Floette\n|\n|-weather|Sandstorm|[upkeep]\n|-damage|p2a: Hydreigon|73/100|[from] Sandstorm\n|-damage|p1a: T-tar|0 fnt|[from] brn\n|faint|p1a: T-tar\n|upkeep\n|\n|t:|1776052652\n|switch|p1a: Wolfey|Incineroar, L50, F|65/100\n|-ability|p1a: Wolfey|Intimidate|boost\n|-unboost|p2a: Hydreigon|atk|1\n|turn|7\n|c|\u2606NightwalkerYt|Ggs\n|\n|t:|1776052664\n|move|p1a: Wolfey|Fake Out|p2a: Hydreigon\n|-damage|p2a: Hydreigon|61/100\n|cant|p2a: Hydreigon|flinch\n|\n|-weather|Sandstorm|[upkeep]\n|-damage|p2a: Hydreigon|55/100|[from] Sandstorm\n|-damage|p1a: Wolfey|59/100|[from] Sandstorm\n|upkeep\n|turn|8\n|\n|t:|1776052675\n|move|p2a: Hydreigon|Dark Pulse|p1a: Wolfey\n|-resisted|p1a: Wolfey|1\n|-damage|p1a: Wolfey|43/100\n|-enditem|p1a: Wolfey|Sitrus Berry|[eat]\n|-heal|p1a: Wolfey|68/100|[from] item: Sitrus Berry\n|move|p1a: Wolfey|Flare Blitz|p2a: Hydreigon\n|-resisted|p2a: Hydreigon|1\n|-damage|p2a: Hydreigon|29/100\n|-damage|p1a: Wolfey|61/100|[from] Recoil\n|\n|-weather|Sandstorm|[upkeep]\n|-damage|p2a: Hydreigon|24/100|[from] Sandstorm\n|-damage|p1a: Wolfey|55/100|[from] Sandstorm\n|upkeep\n|turn|9\n|\n|t:|1776052689\n|move|p2a: Hydreigon|Dark Pulse|p1a: Wolfey\n|-resisted|p1a: Wolfey|1\n|-damage|p1a: Wolfey|37/100\n|move|p1a: Wolfey|Flare Blitz|p2a: Hydreigon\n|-resisted|p2a: Hydreigon|1\n|-damage|p2a: Hydreigon|0 fnt\n|faint|p2a: Hydreigon\n|-damage|p1a: Wolfey|31/100|[from] Recoil\n|\n|win|NightwalkerYt\n|raw|NightwalkerYt's rating: 1000 &rarr; <strong>1041</strong><br />(+41 for winning)\n|raw|fostervgc26's rating: 1010 &rarr; <strong>1000</strong><br />(-10 for losing)\n|l|\u2606fostervgc26\n|player|p2|\n",
  "uploadtime": 1776052699,
  "views": 10,
  "formatid": "gen9championsvgc2026regma",
  "rating": 1000,
  "private": 0,
  "password": null
}