{
  "id": "gen9championsvgc2026regma-2583667143",
  "format": "[Gen 9 Champions] VGC 2026 Reg M-A",
  "players": [
    "VascoAnime",
    "Drftskull"
  ],
  "log": "|j|\u2606VascoAnime\n|j|\u203dDrftskull\n|t:|1776189815\n|gametype|doubles\n|player|p1|VascoAnime|flannery|1086\n|player|p2|Drftskull|colress|1063\n|gen|9\n|tier|[Gen 9 Champions] VGC 2026 Reg M-A\n|rated|\n|rule|Species Clause: Limit one of each Pok\u00e9mon\n|rule|Item Clause: Limit 1 of each item\n|clearpoke\n|poke|p1|Charizard, L50, M|\n|poke|p1|Sneasler, L50, M|\n|poke|p1|Farigiraf, L50, M|\n|poke|p1|Aggron, L50, F|\n|poke|p1|Sylveon, L50, F|\n|poke|p1|Sinistcha, L50|\n|poke|p2|Meganium, L50, F|\n|poke|p2|Aerodactyl, L50, M|\n|poke|p2|Tauros-Paldea-Aqua, L50, M|\n|poke|p2|Archaludon, L50, M|\n|poke|p2|Typhlosion-Hisui, L50, M|\n|poke|p2|Kangaskhan, L50, F|\n|teampreview|4\n|inactive|Battle timer is ON: inactive players will automatically lose when time's up. (requested by VascoAnime)\nDrftskull has agreed to open team sheets.\n|inactive|VascoAnime has 60 seconds left.\n|\n|t:|1776189854\n|teamsize|p1|4\n|teamsize|p2|4\n|start\n|switch|p1a: Charizard|Charizard, L50, M|100/100\n|switch|p1b: Sneasler|Sneasler, L50, M|100/100\n|switch|p2a: Meganium|Meganium, L50, F|100/100\n|switch|p2b: Aerodactyl|Aerodactyl, L50, M|100/100\n|-ability|p2b: Aerodactyl|Unnerve\n|turn|1\n|\n|t:|1776189867\n|move|p2a: Meganium|Protect|p2a: Meganium\n|-singleturn|p2a: Meganium|Protect\n|move|p1b: Sneasler|Fake Out|p2b: Aerodactyl\n|-resisted|p2b: Aerodactyl|1\n|-damage|p2b: Aerodactyl|87/100\n|cant|p2b: Aerodactyl|flinch\n|move|p1a: Charizard|Dragon Dance|p1a: Charizard\n|-boost|p1a: Charizard|atk|1\n|-boost|p1a: Charizard|spe|1\n|\n|upkeep\n|turn|2\n|\n|t:|1776189886\n|switch|p2a: Tauros|Tauros-Paldea-Aqua, L50, M|100/100\n|-ability|p2a: Tauros|Intimidate|boost\n|-unboost|p1a: Charizard|atk|1\n|-unboost|p1b: Sneasler|atk|1\n|detailschange|p1a: Charizard|Charizard-Mega-X, L50, M\n|-mega|p1a: Charizard|Charizard|Charizardite X\n|move|p1a: Charizard|Dragon Claw|p2b: Aerodactyl\n|-damage|p2b: Aerodactyl|0 fnt\n|faint|p2b: Aerodactyl\n|move|p1b: Sneasler|Dire Claw|p2a: Tauros\n|-damage|p2a: Tauros|65/100\n|-status|p2a: Tauros|par\n|\n|upkeep\n|\n|t:|1776189889\n|switch|p2b: Archaludon|Archaludon, L50, M|100/100\n|turn|3\n|\n|t:|1776189905\n|move|p1a: Charizard|Protect|p1a: Charizard\n|-singleturn|p1a: Charizard|Protect\n|move|p1b: Sneasler|Coaching|p1a: Charizard\n|-boost|p1a: Charizard|atk|1\n|-boost|p1a: Charizard|def|1\n|move|p2b: Archaludon|Draco Meteor|p1a: Charizard\n|-activate|p1a: Charizard|move: Protect\n|cant|p2a: Tauros|par\n|\n|upkeep\n|turn|4\n|\n|t:|1776189923\n|move|p2a: Tauros|Aqua Jet|p1a: Charizard\n|-damage|p1a: Charizard|86/100\n|move|p1a: Charizard|Flare Blitz|p2b: Archaludon\n|-damage|p2b: Archaludon|0 fnt\n|faint|p2b: Archaludon\n|-damage|p1a: Charizard|50/100|[from] Recoil\n|move|p1b: Sneasler|Close Combat|p2a: Tauros\n|-damage|p2a: Tauros|11/100 par\n|-unboost|p1b: Sneasler|def|1\n|-unboost|p1b: Sneasler|spd|1\n|\n|upkeep\n|\n|t:|1776189928\n|switch|p2b: Meganium|Meganium, L50, F|100/100\n|turn|5\n|\n|t:|1776189941\n|detailschange|p2b: Meganium|Meganium-Mega, L50, F\n|-mega|p2b: Meganium|Meganium|Meganiumite\n|move|p2a: Tauros|Aqua Jet|p1a: Charizard\n|-damage|p1a: Charizard|35/100\n|move|p1a: Charizard|Flare Blitz|p2b: Meganium\n|-supereffective|p2b: Meganium|1\n|-damage|p2b: Meganium|0 fnt\n|faint|p2b: Meganium\n|-damage|p1a: Charizard|0 fnt|[from] Recoil\n|faint|p1a: Charizard\n|move|p1b: Sneasler|Dire Claw|p2a: Tauros\n|-damage|p2a: Tauros|0 fnt\n|faint|p2a: Tauros\n|\n|win|VascoAnime\n|raw|VascoAnime's rating: 1086 &rarr; <strong>1111</strong><br />(+25 for winning)\n|raw|Drftskull's rating: 1063 &rarr; <strong>1045</strong><br />(-18 for losing)\n|l|\u203dDrftskull\n|player|p2|\n",
  "uploadtime": 1776189955,
  "views": 34,
  "formatid": "gen9championsvgc2026regma",
  "rating": 1045,
  "private": 0,
  "password": null
}