{
  "id": "gen9championsvgc2026regma-2585890414",
  "format": "[Gen 9 Champions] VGC 2026 Reg M-A",
  "players": [
    "ElNumberWan",
    "AidzPlayz"
  ],
  "log": "|j|\u2606ElNumberWan\n|j|\u2606AidzPlayz\n|t:|1776378820\n|gametype|doubles\n|player|p1|ElNumberWan|benga|1204\n|player|p2|AidzPlayz|ghetsis-gen5bw|1280\n|gen|9\n|tier|[Gen 9 Champions] VGC 2026 Reg M-A\n|rated|\n|rule|Species Clause: Limit one of each Pok\u00e9mon\n|rule|Item Clause: Limit 1 of each item\n|clearpoke\n|poke|p1|Basculegion, L50, M|\n|poke|p1|Archaludon, L50, M|\n|poke|p1|Pelipper, L50, F|\n|poke|p1|Maushold-Four, L50|\n|poke|p1|Aegislash, L50, M|\n|poke|p1|Sneasler, L50, M|\n|poke|p2|Aerodactyl, L50, F|\n|poke|p2|Incineroar, L50, M|\n|poke|p2|Floette-Eternal, L50, F|\n|poke|p2|Basculegion, L50, M|\n|poke|p2|Garchomp, L50, M|\n|poke|p2|Sneasler, L50, M|\n|teampreview|4\n|\n|t:|1776378856\n|teamsize|p1|4\n|teamsize|p2|4\n|start\n|switch|p1a: Aegislash|Aegislash, L50, M, shiny|100/100\n|switch|p1b: Pelipper|Pelipper, L50, F, shiny|100/100\n|switch|p2a: Aerodactyl|Aerodactyl, L50, F|100/100\n|switch|p2b: Floette|Floette-Eternal, L50, F|100/100\n|-ability|p2a: Aerodactyl|Unnerve\n|-weather|RainDance|[from] ability: Drizzle|[of] p1b: Pelipper\n|turn|1\n|\n|t:|1776378888\n|detailschange|p2b: Floette|Floette-Mega, L50, F\n|-mega|p2b: Floette|Floette|Floettite\n|-ability|p2b: Floette|Fairy Aura\n|move|p1b: Pelipper|Protect|p1b: Pelipper\n|-singleturn|p1b: Pelipper|Protect\n|move|p2a: Aerodactyl|Tailwind|p2a: Aerodactyl\n|-sidestart|p2: AidzPlayz|move: Tailwind\n|move|p2b: Floette|Light of Ruin|p1a: Aegislash\n|-resisted|p1a: Aegislash|1\n|-damage|p1a: Aegislash|55/100\n|-damage|p2b: Floette|75/100|[from] Recoil\n|-formechange|p1a: Aegislash|Aegislash-Blade|\n|move|p1a: Aegislash|Flash Cannon|p2a: Aerodactyl\n|-supereffective|p2a: Aerodactyl|1\n|-enditem|p2a: Aerodactyl|Focus Sash\n|-damage|p2a: Aerodactyl|1/100\n|\n|-weather|RainDance|[upkeep]\n|-heal|p1a: Aegislash|61/100|[from] item: Leftovers\n|upkeep\n|turn|2\n|\n|t:|1776378924\n|move|p1a: Aegislash|Wide Guard|p1a: Aegislash\n|-singleturn|p1a: Aegislash|Wide Guard\n|move|p2a: Aerodactyl|Rock Slide|p1a: Aegislash|[spread] \n|-activate|p1a: Aegislash|move: Wide Guard\n|-activate|p1b: Pelipper|move: Wide Guard\n|move|p2b: Floette|Moonblast|p1b: Pelipper\n|-enditem|p1b: Pelipper|Focus Sash\n|-damage|p1b: Pelipper|1/100\n|move|p1b: Pelipper|Weather Ball|p2a: Aerodactyl\n|-supereffective|p2a: Aerodactyl|1\n|-damage|p2a: Aerodactyl|0 fnt\n|faint|p2a: Aerodactyl\n|\n|-weather|RainDance|[upkeep]\n|-heal|p1a: Aegislash|67/100|[from] item: Leftovers\n|upkeep\n|\n|t:|1776378940\n|switch|p2a: Garchomp|Garchomp, L50, M|100/100\n|turn|3\n|\n|t:|1776378951\n|move|p2b: Floette|Protect|p2b: Floette\n|-singleturn|p2b: Floette|Protect\n|-formechange|p1a: Aegislash|Aegislash|\n|move|p1a: Aegislash|King's Shield|p1a: Aegislash\n|-singleturn|p1a: Aegislash|Protect\n|move|p2a: Garchomp|Earthquake|p1b: Pelipper|[spread] \n|-activate|p2b: Floette|move: Protect\n|-activate|p1a: Aegislash|move: Protect\n|-immune|p1b: Pelipper\n|move|p1b: Pelipper|Tailwind|p1b: Pelipper\n|-sidestart|p1: ElNumberWan|move: Tailwind\n|\n|-weather|RainDance|[upkeep]\n|-heal|p1a: Aegislash|73/100|[from] item: Leftovers\n|upkeep\n|turn|4\n|\n|t:|1776378974\n|move|p1a: Aegislash|Wide Guard|p1a: Aegislash\n|-singleturn|p1a: Aegislash|Wide Guard\n|move|p2a: Garchomp|Dragon Claw|p1b: Pelipper\n|-damage|p1b: Pelipper|0 fnt\n|faint|p1b: Pelipper\n|move|p2b: Floette|Light of Ruin|p1a: Aegislash\n|-resisted|p1a: Aegislash|1\n|-damage|p1a: Aegislash|28/100\n|-damage|p2b: Floette|50/100|[from] Recoil\n|\n|-weather|RainDance|[upkeep]\n|-heal|p1a: Aegislash|34/100|[from] item: Leftovers\n|-sideend|p2: AidzPlayz|move: Tailwind\n|upkeep\n|\n|t:|1776378984\n|switch|p1b: Basculegion|Basculegion, L50, M, shiny|100/100\n|turn|5\n|\n|t:|1776379006\n|move|p1b: Basculegion|Wave Crash|p2a: Garchomp\n|-damage|p2a: Garchomp|11/100\n|-damage|p1b: Basculegion|88/100|[from] ability: Rough Skin|[of] p2a: Garchomp\n|-damage|p1b: Basculegion|61/100|[from] Recoil\n|move|p2a: Garchomp|Dragon Claw|p1b: Basculegion\n|-damage|p1b: Basculegion|7/100\n|-formechange|p1a: Aegislash|Aegislash-Blade|\n|move|p1a: Aegislash|Flash Cannon|p2b: Floette\n|-supereffective|p2b: Floette|1\n|-damage|p2b: Floette|0 fnt\n|faint|p2b: Floette\n|\n|-weather|none\n|-heal|p1a: Aegislash|40/100|[from] item: Leftovers\n|upkeep\n|\n|t:|1776379020\n|switch|p2b: Basculegion|Basculegion, L50, M|100/100\n|turn|6\n|\n|t:|1776379046\n|move|p2a: Garchomp|Protect|p2a: Garchomp\n|-singleturn|p2a: Garchomp|Protect\n|-formechange|p1a: Aegislash|Aegislash|\n|move|p1a: Aegislash|King's Shield|p1a: Aegislash\n|-singleturn|p1a: Aegislash|Protect\n|move|p1b: Basculegion|Aqua Jet|p2a: Garchomp\n|-activate|p2a: Garchomp|move: Protect\n|move|p2b: Basculegion|Last Respects|p1a: Aegislash\n|-activate|p1a: Aegislash|move: Protect\n|\n|-heal|p1a: Aegislash|46/100|[from] item: Leftovers\n|-sideend|p1: ElNumberWan|move: Tailwind\n|upkeep\n|turn|7\n|inactive|Battle timer is ON: inactive players will automatically lose when time's up. (requested by AidzPlayz)\n|\n|t:|1776379074\n|move|p1b: Basculegion|Protect|p1b: Basculegion\n|-singleturn|p1b: Basculegion|Protect\n|move|p2b: Basculegion|Last Respects|p1a: Aegislash\n|-supereffective|p1a: Aegislash|1\n|-damage|p1a: Aegislash|0 fnt\n|faint|p1a: Aegislash\n|move|p2a: Garchomp|Dragon Claw|p1b: Basculegion\n|-activate|p1b: Basculegion|move: Protect\n|\n|upkeep\n|\n|t:|1776379080\n|switch|p1a: Sneasler|Sneasler, L50, M, shiny|100/100\n|turn|8\n|\n|t:|1776379102\n|move|p2a: Garchomp|Protect|p2a: Garchomp\n|-singleturn|p2a: Garchomp|Protect\n|move|p1a: Sneasler|Feint|p2a: Garchomp\n|-activate|p2a: Garchomp|move: Feint\n|-damage|p2a: Garchomp|1/100\n|move|p2b: Basculegion|Last Respects|p1a: Sneasler\n|-damage|p1a: Sneasler|0 fnt\n|faint|p1a: Sneasler\n|move|p1b: Basculegion|Last Respects|p2b: Basculegion\n|-supereffective|p2b: Basculegion|1\n|-damage|p2b: Basculegion|0 fnt\n|faint|p2b: Basculegion\n|\n|upkeep\n|turn|9\n|\n|t:|1776379116\n|move|p1b: Basculegion|Aqua Jet|p2a: Garchomp\n|-damage|p2a: Garchomp|0 fnt\n|-damage|p1b: Basculegion|0 fnt|[from] ability: Rough Skin|[of] p2a: Garchomp\n|faint|p2a: Garchomp\n|faint|p1b: Basculegion\n|\n|win|ElNumberWan\n|raw|ElNumberWan's rating: 1204 &rarr; <strong>1234</strong><br />(+30 for winning)\n|raw|AidzPlayz's rating: 1280 &rarr; <strong>1250</strong><br />(-30 for losing)\n|c|\u2606AidzPlayz|wow\n|c|\u2606AidzPlayz|gg\n|c|\u2606ElNumberWan|GG\n|l|\u2606ElNumberWan\n|player|p1|\n",
  "uploadtime": 1776379116,
  "views": 36,
  "formatid": "gen9championsvgc2026regma",
  "rating": 1234,
  "private": 0,
  "password": null
}