{
  "id": "gen9championsvgc2026regma-2589516528",
  "format": "[Gen 9 Champions] VGC 2026 Reg M-A",
  "players": [
    "PokeMooney",
    "CireGib"
  ],
  "log": "|j|\u2606PokeMooney\n|j|\u2606CireGib\n|t:|1776730106\n|gametype|doubles\n|player|p1|PokeMooney|giovanni|1153\n|player|p2|CireGib|266|1123\n|gen|9\n|tier|[Gen 9 Champions] VGC 2026 Reg M-A\n|rated|\n|rule|Species Clause: Limit one of each Pok\u00e9mon\n|rule|Item Clause: Limit 1 of each item\n|clearpoke\n|poke|p1|Floette-Eternal, L50, F|\n|poke|p1|Aerodactyl, L50, M|\n|poke|p1|Garchomp, L50, M|\n|poke|p1|Kingambit, L50, F|\n|poke|p1|Sneasler, L50, M|\n|poke|p1|Incineroar, L50, M|\n|poke|p2|Farigiraf, L50, F|\n|poke|p2|Golurk, L50|\n|poke|p2|Garchomp, L50, F|\n|poke|p2|Talonflame, L50, F|\n|poke|p2|Rotom-Wash, L50|\n|poke|p2|Meganium, L50, F|\n|teampreview|4\n|inactive|Battle timer is ON: inactive players will automatically lose when time's up. (requested by CireGib)\n|\n|t:|1776730130\n|teamsize|p1|4\n|teamsize|p2|4\n|start\n|switch|p1a: Kingambit|Kingambit, L50, F|100/100\n|switch|p1b: Sneasler|Sneasler, L50, M|100/100\n|switch|p2a: Talonflame|Talonflame, L50, F|100/100\n|switch|p2b: Garchomp|Garchomp, L50, F|100/100\n|turn|1\n|inactive|PokeMooney has 30 seconds left.\n|inactive|PokeMooney has 20 seconds left.\n|\n|t:|1776730169\n|switch|p1a: Incineroar|Incineroar, L50, M|100/100\n|-ability|p1a: Incineroar|Intimidate|boost\n|-unboost|p2a: Talonflame|atk|1\n|-unboost|p2b: Garchomp|atk|1\n|move|p2a: Talonflame|Protect|p2a: Talonflame\n|-singleturn|p2a: Talonflame|Protect\n|move|p2b: Garchomp|Protect|p2b: Garchomp\n|-singleturn|p2b: Garchomp|Protect\n|move|p1b: Sneasler|Close Combat|p2b: Garchomp\n|-activate|p2b: Garchomp|move: Protect\n|\n|upkeep\n|turn|2\n|\n|t:|1776730193\n|switch|p2a: Farigiraf|Farigiraf, L50, F|100/100\n|switch|p1b: Floette|Floette-Eternal, L50, F|100/100\n|move|p1a: Incineroar|Fake Out||[still]\n|cant|p2a: Farigiraf|ability: Armor Tail|Fake Out|[of] p1a: Incineroar\n|move|p2b: Garchomp|Earthquake|p1a: Incineroar|[spread] p2a,p1a,p1b\n|-supereffective|p1a: Incineroar|1\n|-damage|p2a: Farigiraf|76/100\n|-damage|p1a: Incineroar|52/100\n|-damage|p1b: Floette|59/100\n|\n|upkeep\n|turn|3\n|\n|t:|1776730216\n|detailschange|p1b: Floette|Floette-Mega, L50, F\n|-mega|p1b: Floette|Floette|Floettite\n|-ability|p1b: Floette|Fairy Aura\n|move|p2b: Garchomp|Stone Edge|p1b: Floette\n|-damage|p1b: Floette|31/100\n|move|p1b: Floette|Dazzling Gleam|p2b: Garchomp|[spread] p2a,p2b\n|-supereffective|p2b: Garchomp|1\n|-damage|p2a: Farigiraf|27/100\n|-damage|p2b: Garchomp|0 fnt\n|-enditem|p2a: Farigiraf|Sitrus Berry|[eat]\n|-heal|p2a: Farigiraf|52/100|[from] item: Sitrus Berry\n|faint|p2b: Garchomp\n|move|p1a: Incineroar|Throat Chop|p2a: Farigiraf\n|-supereffective|p2a: Farigiraf|1\n|-damage|p2a: Farigiraf|0 fnt\n|faint|p2a: Farigiraf\n|\n|upkeep\n|\n|t:|1776730231\n|switch|p2b: Golurk|Golurk, L50|100/100\n|switch|p2a: Talonflame|Talonflame, L50, F|100/100\n|turn|4\n|\n|t:|1776730254\n|switch|p1a: Sneasler|Sneasler, L50, M|100/100\n|detailschange|p2b: Golurk|Golurk-Mega, L50\n|-mega|p2b: Golurk|Golurk|Golurkite\n|move|p2a: Talonflame|Brave Bird|p1b: Floette\n|-damage|p1b: Floette|0 fnt\n|faint|p1b: Floette\n|-damage|p2a: Talonflame|90/100|[from] Recoil\n|move|p2b: Golurk|High Horsepower|p1a: Sneasler\n|-supereffective|p1a: Sneasler|1\n|-damage|p1a: Sneasler|0 fnt\n|faint|p1a: Sneasler\n|\n|upkeep\n|inactive|PokeMooney has 30 seconds left.\n|inactive|PokeMooney has 20 seconds left.\n|l|\u2606PokeMooney\n|inactive|PokeMooney disconnected and has a minute to reconnect!\n|player|p1|\n|inactive|PokeMooney has 15 seconds left.\n|j|\u2606PokeMooney\n|inactive|PokeMooney reconnected and has 15 seconds left.\n|player|p1|PokeMooney|giovanni|\n|\n|t:|1776730299\n|switch|p1a: Kingambit|Kingambit, L50, F|100/100\n|switch|p1b: Incineroar|Incineroar, L50, M|52/100\n|-ability|p1b: Incineroar|Intimidate|boost\n|-unboost|p2a: Talonflame|atk|1\n|-unboost|p2b: Golurk|atk|1\n|turn|5\n|\n|t:|1776730316\n|move|p1b: Incineroar|Fake Out|p2a: Talonflame\n|-damage|p2a: Talonflame|73/100\n|cant|p2a: Talonflame|flinch\n|move|p2b: Golurk|High Horsepower|p1b: Incineroar|[miss]\n|-miss|p2b: Golurk|p1b: Incineroar\n|move|p1a: Kingambit|Kowtow Cleave|p2b: Golurk\n|-supereffective|p2b: Golurk|1\n|-damage|p2b: Golurk|0 fnt\n|faint|p2b: Golurk\n|\n|upkeep\n|turn|6\n|\n|t:|1776730333\n|move|p1a: Kingambit|Sucker Punch|p2a: Talonflame\n|-damage|p2a: Talonflame|6/100\n|move|p2a: Talonflame|Flare Blitz|p1a: Kingambit\n|-supereffective|p1a: Kingambit|1\n|-damage|p1a: Kingambit|53/100\n|-damage|p2a: Talonflame|0 fnt|[from] Recoil\n|faint|p2a: Talonflame\n|\n|win|PokeMooney\n|raw|PokeMooney's rating: 1153 &rarr; <strong>1176</strong><br />(+23 for winning)\n|raw|CireGib's rating: 1123 &rarr; <strong>1100</strong><br />(-23 for losing)\n|l|\u2606CireGib\n|player|p2|\n",
  "uploadtime": 1776730354,
  "views": 3,
  "formatid": "gen9championsvgc2026regma",
  "rating": 1100,
  "private": 0,
  "password": null
}