{
  "id": "gen9championsvgc2026regma-2585833504",
  "format": "[Gen 9 Champions] VGC 2026 Reg M-A",
  "players": [
    "theerase",
    "Hadrian Blue"
  ],
  "log": "|j|\u2606theerase\n|j|\u2606Hadrian Blue\n|t:|1776374089\n|gametype|doubles\n|player|p1|theerase|102|1130\n|player|p2|Hadrian Blue|blue|1073\n|gen|9\n|tier|[Gen 9 Champions] VGC 2026 Reg M-A\n|rated|\n|rule|Species Clause: Limit one of each Pok\u00e9mon\n|rule|Item Clause: Limit 1 of each item\n|clearpoke\n|poke|p1|Starmie, L50|\n|poke|p1|Politoed, L50, M|\n|poke|p1|Basculegion, L50, M|\n|poke|p1|Sneasler, L50, M|\n|poke|p1|Klefki, L50, F|\n|poke|p1|Talonflame, L50, M|\n|poke|p2|Arcanine-Hisui, L50, M|\n|poke|p2|Garchomp, L50, F|\n|poke|p2|Lucario, L50, M|\n|poke|p2|Aerodactyl, L50, M|\n|poke|p2|Kingambit, L50, F|\n|poke|p2|Incineroar, L50, M|\n|teampreview|4\n|inactive|Battle timer is ON: inactive players will automatically lose when time's up. (requested by theerase)\n|\n|t:|1776374140\n|teamsize|p1|4\n|teamsize|p2|4\n|start\n|switch|p1a: Politoed|Politoed, L50, M|100/100\n|switch|p1b: Starmie|Starmie, L50|100/100\n|switch|p2a: Dactyl|Aerodactyl, L50, M|100/100\n|switch|p2b: Garcia|Garchomp, L50, F|100/100\n|-ability|p2a: Dactyl|Unnerve\n|-weather|RainDance|[from] ability: Drizzle|[of] p1a: Politoed\n|turn|1\n|inactive|theerase has 30 seconds left.\n|inactive|Hadrian Blue has 30 seconds left.\n|inactive|Hadrian Blue has 20 seconds left.\n|\n|t:|1776374178\n|detailschange|p1b: Starmie|Starmie-Mega, L50\n|-mega|p1b: Starmie|Starmie|Starminite\n|move|p1b: Starmie|Protect|p1b: Starmie\n|-singleturn|p1b: Starmie|Protect\n|move|p2a: Dactyl|Rock Slide|p1b: Starmie|[spread] p1a\n|-activate|p1b: Starmie|move: Protect\n|-damage|p1a: Politoed|66/100\n|move|p2b: Garcia|Earthquake|p1b: Starmie|[spread] p1a\n|-activate|p1b: Starmie|move: Protect\n|-immune|p2a: Dactyl\n|-damage|p1a: Politoed|17/100\n|cant|p1a: Politoed|flinch\n|\n|-weather|RainDance|[upkeep]\n|upkeep\n|turn|2\n|inactive|Hadrian Blue has 30 seconds left.\n|\n|t:|1776374209\n|move|p1a: Politoed|Protect|p1a: Politoed\n|-singleturn|p1a: Politoed|Protect\n|move|p1b: Starmie|Self-Destruct|p2b: Garcia|[spread] p2a,p2b\n|-activate|p1a: Politoed|move: Protect\n|-resisted|p2a: Dactyl|1\n|-crit|p2a: Dactyl\n|-damage|p2a: Dactyl|2/100\n|-damage|p2b: Garcia|6/100\n|faint|p1b: Starmie\n|move|p2a: Dactyl|Rock Slide|p1a: Politoed\n|-activate|p1a: Politoed|move: Protect\n|move|p2b: Garcia|Rock Slide|p1a: Politoed\n|-activate|p1a: Politoed|move: Protect\n|\n|-weather|RainDance|[upkeep]\n|upkeep\n|\n|t:|1776374219\n|switch|p1b: Talonflame|Talonflame, L50, M|100/100\n|turn|3\n|\n|t:|1776374239\n|move|p1b: Talonflame|Tailwind|p1b: Talonflame\n|-sidestart|p1: theerase|move: Tailwind\n|move|p2a: Dactyl|Rock Slide|p1b: Talonflame|[spread] p1a,p1b\n|-supereffective|p1b: Talonflame|2\n|-damage|p1a: Politoed|0 fnt\n|-damage|p1b: Talonflame|0 fnt\n|faint|p1a: Politoed\n|faint|p1b: Talonflame\n|move|p2b: Garcia|Rock Slide|p1: Politoed|[notarget]\n|-fail|p2b: Garcia\n|\n|-weather|RainDance|[upkeep]\n|upkeep\n|\n|t:|1776374247\n|switch|p1b: Basculegion|Basculegion, L50, M|100/100\n|turn|4\n|\n|t:|1776374259\n|move|p2b: Garcia|Protect|p2b: Garcia\n|-singleturn|p2b: Garcia|Protect\n|move|p1b: Basculegion|Last Respects|p2a: Dactyl\n|-damage|p2a: Dactyl|0 fnt\n|faint|p2a: Dactyl\n|\n|-weather|RainDance|[upkeep]\n|upkeep\n|\n|t:|1776374274\n|switch|p2a: Gambit|Kingambit, L50, F|100/100\n|turn|5\n|\n|t:|1776374284\n|move|p2a: Gambit|Sucker Punch|p1b: Basculegion\n|-supereffective|p1b: Basculegion|1\n|-damage|p1b: Basculegion|0 fnt\n|faint|p1b: Basculegion\n|\n|win|Hadrian Blue\n|raw|theerase's rating: 1130 &rarr; <strong>1101</strong><br />(-29 for losing)\n|raw|Hadrian Blue's rating: 1073 &rarr; <strong>1107</strong><br />(+34 for winning)\n|l|\u2606theerase\n|player|p1|\n",
  "uploadtime": 1776374292,
  "views": 20,
  "formatid": "gen9championsvgc2026regma",
  "rating": 1101,
  "private": 0,
  "password": null
}