{
  "id": "gen9championsvgc2026regma-2586108285",
  "format": "[Gen 9 Champions] VGC 2026 Reg M-A",
  "players": [
    "LudwigVonHohenheim",
    "laesl"
  ],
  "log": "|j|\u2606LudwigVonHohenheim\n|j|\u2606laesl\n|t:|1776399958\n|gametype|doubles\n|player|p1|LudwigVonHohenheim|grimsley|1053\n|player|p2|laesl|266|1113\n|gen|9\n|tier|[Gen 9 Champions] VGC 2026 Reg M-A\n|rated|\n|rule|Species Clause: Limit one of each Pok\u00e9mon\n|rule|Item Clause: Limit 1 of each item\n|clearpoke\n|poke|p1|Tauros-Paldea-Aqua, L50, M|\n|poke|p1|Clefable, L50, F|\n|poke|p1|Volcarona, L50, F|\n|poke|p1|Kangaskhan, L50, F|\n|poke|p1|Dragonite, L50, F|\n|poke|p1|Aegislash, L50, M|\n|poke|p2|Tyranitar, L50, F|\n|poke|p2|Excadrill, L50, F|\n|poke|p2|Arcanine-Hisui, L50, M|\n|poke|p2|Aerodactyl, L50, F|\n|poke|p2|Sneasler, L50, F|\n|poke|p2|Aegislash, L50, M|\n|teampreview|4\n|inactive|Battle timer is ON: inactive players will automatically lose when time's up. (requested by laesl)\n|\n|t:|1776400011\n|teamsize|p1|4\n|teamsize|p2|4\n|start\n|switch|p1a: Tauros|Tauros-Paldea-Aqua, L50, M|100/100\n|switch|p1b: Kangaskhan|Kangaskhan, L50, F|100/100\n|switch|p2a: Sneasler|Sneasler, L50, F|100/100\n|switch|p2b: Aerodactyl|Aerodactyl, L50, F|100/100\n|-ability|p2b: Aerodactyl|Unnerve\n|-ability|p1a: Tauros|Intimidate|boost\n|-unboost|p2a: Sneasler|atk|1\n|-unboost|p2b: Aerodactyl|atk|1\n|-enditem|p2a: Sneasler|White Herb\n|-clearnegativeboost|p2a: Sneasler|[silent]\n|turn|1\n|inactive|LudwigVonHohenheim has 30 seconds left.\n|inactive|laesl has 30 seconds left.\n|\n|t:|1776400049\n|switch|p1b: Aegislash|Aegislash, L50, M|100/100\n|move|p2a: Sneasler|Close Combat|p1b: Aegislash\n|-immune|p1b: Aegislash\n|move|p2b: Aerodactyl|Tailwind|p2b: Aerodactyl\n|-sidestart|p2: laesl|move: Tailwind\n|move|p1a: Tauros|Raging Bull|p2b: Aerodactyl\n|-supereffective|p2b: Aerodactyl|1\n|-damage|p2b: Aerodactyl|0 fnt\n|faint|p2b: Aerodactyl\n|\n|upkeep\n|\n|t:|1776400062\n|switch|p2b: Arcanine|Arcanine-Hisui, L50, M|100/100\n|-ability|p2b: Arcanine|Intimidate|boost\n|-unboost|p1a: Tauros|atk|1\n|-unboost|p1b: Aegislash|atk|1\n|turn|2\n|\n|t:|1776400086\n|switch|p2a: Tyranitar|Tyranitar, L50, F|100/100\n|-weather|Sandstorm|[from] ability: Sand Stream|[of] p2a: Tyranitar\n|switch|p1b: Clefable|Clefable, L50, F|100/100\n|move|p2b: Arcanine|Flare Blitz|p1b: Clefable\n|-damage|p1b: Clefable|51/100\n|-status|p1b: Clefable|brn\n|-damage|p2b: Arcanine|81/100|[from] Recoil\n|move|p1a: Tauros|Body Press|p2b: Arcanine\n|-supereffective|p2b: Arcanine|1\n|-damage|p2b: Arcanine|0 fnt\n|faint|p2b: Arcanine\n|\n|-weather|Sandstorm|[upkeep]\n|-damage|p1a: Tauros|94/100|[from] Sandstorm\n|-heal|p1b: Clefable|57/100 brn|[from] item: Leftovers\n|upkeep\n|\n|t:|1776400099\n|switch|p2b: Sneasler|Sneasler, L50, F|100/100\n|turn|3\n|\n|t:|1776400122\n|switch|p1a: Aegislash|Aegislash, L50, M|100/100\n|move|p1b: Clefable|Protect|p1b: Clefable\n|-singleturn|p1b: Clefable|Protect\n|move|p2b: Sneasler|Fake Out|p1a: Aegislash\n|-immune|p1a: Aegislash\n|move|p2a: Tyranitar|Dragon Dance|p2a: Tyranitar\n|-boost|p2a: Tyranitar|atk|1\n|-boost|p2a: Tyranitar|spe|1\n|\n|-weather|Sandstorm|[upkeep]\n|-damage|p2b: Sneasler|95/100|[from] Sandstorm\n|-heal|p1b: Clefable|63/100 brn|[from] item: Leftovers\n|upkeep\n|turn|4\n|\n|t:|1776400145\n|move|p1b: Clefable|Follow Me|p1b: Clefable\n|-singleturn|p1b: Clefable|move: Follow Me\n|move|p2b: Sneasler|Rock Slide|p1a: Aegislash|[spread] p1a,p1b\n|-resisted|p1a: Aegislash|1\n|-damage|p1a: Aegislash|93/100\n|-damage|p1b: Clefable|46/100 brn\n|move|p2a: Tyranitar|Dragon Dance|p2a: Tyranitar\n|-boost|p2a: Tyranitar|atk|1\n|-boost|p2a: Tyranitar|spe|1\n|-formechange|p1a: Aegislash|Aegislash-Blade|\n|move|p1a: Aegislash|Shadow Ball|p2b: Sneasler\n|-damage|p2b: Sneasler|25/100\n|-unboost|p2b: Sneasler|spd|1\n|\n|-weather|Sandstorm|[upkeep]\n|-damage|p2b: Sneasler|20/100|[from] Sandstorm\n|-heal|p1b: Clefable|51/100 brn|[from] item: Leftovers\n|-sideend|p2: laesl|move: Tailwind\n|upkeep\n|turn|5\n|\n|t:|1776400169\n|move|p1a: Aegislash|Wide Guard|p1a: Aegislash\n|-singleturn|p1a: Aegislash|Wide Guard\n|move|p2a: Tyranitar|Rock Slide|p1a: Aegislash|[spread] \n|-activate|p1a: Aegislash|move: Wide Guard\n|-activate|p1b: Clefable|move: Wide Guard\n|move|p2b: Sneasler|Dire Claw|p1b: Clefable\n|-supereffective|p1b: Clefable|1\n|-damage|p1b: Clefable|0 fnt\n|faint|p1b: Clefable\n|\n|-weather|Sandstorm|[upkeep]\n|-damage|p2b: Sneasler|14/100|[from] Sandstorm\n|upkeep\n|\n|t:|1776400186\n|switch|p1b: Tauros|Tauros-Paldea-Aqua, L50, M|94/100\n|-ability|p1b: Tauros|Intimidate|boost\n|-unboost|p2a: Tyranitar|atk|1\n|-unboost|p2b: Sneasler|atk|1\n|turn|6\n|\n|t:|1776400208\n|move|p1a: Aegislash|Wide Guard|p1a: Aegislash\n|-singleturn|p1a: Aegislash|Wide Guard\n|move|p1b: Tauros|Aqua Jet|p2b: Sneasler\n|-damage|p2b: Sneasler|0 fnt\n|faint|p2b: Sneasler\n|move|p2a: Tyranitar|Knock Off|p1a: Aegislash\n|-supereffective|p1a: Aegislash|1\n|-damage|p1a: Aegislash|0 fnt\n|-enditem|p1a: Aegislash|Spell Tag|[from] move: Knock Off|[of] p2a: Tyranitar\n|faint|p1a: Aegislash\n|\n|-weather|none\n|upkeep\n|\n|t:|1776400221\n|switch|p1a: Kangaskhan|Kangaskhan, L50, F|100/100\n|turn|7\n|\n|t:|1776400230\n|detailschange|p2a: Tyranitar|Tyranitar-Mega, L50, F\n|-mega|p2a: Tyranitar|Tyranitar|Tyranitarite\n|-weather|Sandstorm|[from] ability: Sand Stream|[of] p2a: Tyranitar\n|detailschange|p1a: Kangaskhan|Kangaskhan-Mega, L50, F\n|-mega|p1a: Kangaskhan|Kangaskhan|Kangaskhanite\n|move|p1a: Kangaskhan|Fake Out|p2a: Tyranitar\n|-resisted|p2a: Tyranitar|1\n|-damage|p2a: Tyranitar|93/100\n|-resisted|p2a: Tyranitar|1\n|-damage|p2a: Tyranitar|91/100\n|-hitcount|p2a: Tyranitar|2\n|cant|p2a: Tyranitar|flinch\n|move|p1b: Tauros|Body Press|p2a: Tyranitar\n|-supereffective|p2a: Tyranitar|2\n|-damage|p2a: Tyranitar|0 fnt\n|faint|p2a: Tyranitar\n|\n|win|LudwigVonHohenheim\n|raw|LudwigVonHohenheim's rating: 1053 &rarr; <strong>1091</strong><br />(+38 for winning)\n|raw|laesl's rating: 1113 &rarr; <strong>1084</strong><br />(-29 for losing)\n|l|\u2606laesl\n|player|p2|\n",
  "uploadtime": 1776400250,
  "views": 14,
  "formatid": "gen9championsvgc2026regma",
  "rating": 1084,
  "private": 0,
  "password": null
}