{
  "id": "gen9championsvgc2026regma-2580373909",
  "format": "[Gen 9 Champions] VGC 2026 Reg M-A",
  "players": [
    "Dezzking25",
    "leisurecapekermit"
  ],
  "log": "|j|\u2606Dezzking25\n|j|\u2606leisurecapekermit\n|t:|1775886991\n|gametype|doubles\n|player|p1|Dezzking25|2|1000\n|player|p2|leisurecapekermit|2|1027\n|gen|9\n|tier|[Gen 9 Champions] VGC 2026 Reg M-A\n|rated|\n|rule|Species Clause: Limit one of each Pok\u00e9mon\n|rule|Item Clause: Limit 1 of each item\n|clearpoke\n|poke|p1|Beedrill, L50, F|\n|poke|p1|Farigiraf, L50, M|\n|poke|p1|Tyrantrum, L50, M|\n|poke|p1|Incineroar, L50, F|\n|poke|p1|Sinistcha-Masterpiece, L50|\n|poke|p1|Drampa, L50, F|\n|poke|p2|Chandelure, L50, F|\n|poke|p2|Conkeldurr, L50, M|\n|poke|p2|Aerodactyl, L50, F|\n|poke|p2|Ampharos, L50, F|\n|poke|p2|Oranguru, L50, F|\n|poke|p2|Flapple, L50, M|\n|teampreview|4\n|\n|t:|1775887028\n|teamsize|p1|4\n|teamsize|p2|4\n|start\n|switch|p1a: Beedrill|Beedrill, L50, F, shiny|100/100\n|switch|p1b: Incineroar|Incineroar, L50, F, shiny|100/100\n|switch|p2a: Oranguru|Oranguru, L50, F|100/100\n|switch|p2b: Ampharos|Ampharos, L50, F|100/100\n|-ability|p1b: Incineroar|Intimidate|boost\n|-fail|p2a: Oranguru|unboost|Attack|[from] ability: Inner Focus|[of] p2a: Oranguru\n|-unboost|p2b: Ampharos|atk|1\n|turn|1\n|-activate|p2a: Oranguru|item: Quick Claw\n|\n|t:|1775887056\n|detailschange|p1a: Beedrill|Beedrill-Mega, L50, F, shiny\n|-mega|p1a: Beedrill|Beedrill|Beedrillite\n|move|p2b: Ampharos|Protect|p2b: Ampharos\n|-singleturn|p2b: Ampharos|Protect\n|move|p1b: Incineroar|Fake Out|p2b: Ampharos\n|-activate|p2b: Ampharos|move: Protect\n|move|p1a: Beedrill|X-Scissor|p2a: Oranguru\n|-supereffective|p2a: Oranguru|1\n|-damage|p2a: Oranguru|0 fnt\n|faint|p2a: Oranguru\n|\n|upkeep\n|\n|t:|1775887067\n|switch|p2a: Chandelure|Chandelure, L50, F|100/100\n|turn|2\n|\n|t:|1775887078\n|detailschange|p2b: Ampharos|Ampharos-Mega, L50, F\n|-mega|p2b: Ampharos|Ampharos|Ampharosite\n|-ability|p2b: Ampharos|Mold Breaker\n|move|p1a: Beedrill|U-turn|p2b: Ampharos\n|-damage|p2b: Ampharos|51/100\n|\n|t:|1775887084\n|switch|p1a: Sinistcha|Sinistcha-Masterpiece, L50, shiny|100/100|[from] U-turn\n|move|p1b: Incineroar|Parting Shot|p2a: Chandelure\n|-unboost|p2a: Chandelure|atk|1\n|-unboost|p2a: Chandelure|spa|1\n|\n|t:|1775887090\n|switch|p1b: Farigiraf|Farigiraf, L50, M, shiny|100/100|[from] Parting Shot\n|move|p2b: Ampharos|Zap Cannon|p1a: Sinistcha|[miss]\n|-miss|p2b: Ampharos|p1a: Sinistcha\n|move|p2a: Chandelure|Trick Room|p2a: Chandelure\n|-fieldstart|move: Trick Room|[of] p2a: Chandelure\n|\n|upkeep\n|turn|3\n|\n|t:|1775887101\n|move|p2b: Ampharos|Zap Cannon|p1b: Farigiraf\n|-damage|p1b: Farigiraf|28/100\n|-status|p1b: Farigiraf|par\n|-enditem|p1b: Farigiraf|Sitrus Berry|[eat]\n|-heal|p1b: Farigiraf|52/100 par|[from] item: Sitrus Berry\n|move|p1b: Farigiraf|Imprison|p1b: Farigiraf\n|-start|p1b: Farigiraf|move: Imprison\n|move|p1a: Sinistcha|Matcha Gotcha|p2a: Chandelure|[spread] p2a,p2b\n|-resisted|p2a: Chandelure|1\n|-resisted|p2b: Ampharos|1\n|-damage|p2a: Chandelure|86/100\n|-damage|p2b: Ampharos|40/100\n|-status|p2b: Ampharos|brn\n|move|p2a: Chandelure|Inferno|p1a: Sinistcha|[miss]\n|-miss|p2a: Chandelure|p1a: Sinistcha\n|\n|-damage|p2b: Ampharos|34/100 brn|[from] brn\n|upkeep\n|turn|4\n|\n|t:|1775887129\n|move|p1a: Sinistcha|Rage Powder|p1a: Sinistcha\n|-singleturn|p1a: Sinistcha|move: Rage Powder\n|move|p2b: Ampharos|Zap Cannon|p1a: Sinistcha\n|-resisted|p1a: Sinistcha|1\n|-damage|p1a: Sinistcha|65/100\n|-status|p1a: Sinistcha|par\n|move|p2a: Chandelure|Inferno|p1a: Sinistcha|[miss]\n|-miss|p2a: Chandelure|p1a: Sinistcha\n|cant|p1b: Farigiraf|par\n|\n|-damage|p2b: Ampharos|28/100 brn|[from] brn\n|upkeep\n|turn|5\n|\n|t:|1775887143\n|cant|p1a: Sinistcha|par\n|move|p2b: Ampharos|Zap Cannon|p1a: Sinistcha\n|-resisted|p1a: Sinistcha|1\n|-damage|p1a: Sinistcha|27/100 par\n|move|p2a: Chandelure|Inferno|p1a: Sinistcha\n|-supereffective|p1a: Sinistcha|1\n|-damage|p1a: Sinistcha|0 fnt\n|faint|p1a: Sinistcha\n|move|p1b: Farigiraf|Trick Room|p1b: Farigiraf\n|-fieldend|move: Trick Room\n|\n|-damage|p2b: Ampharos|22/100 brn|[from] brn\n|upkeep\n|\n|t:|1775887154\n|switch|p1a: Beedrill|Beedrill-Mega, L50, F, shiny|100/100\n|turn|6\n|\n|t:|1775887167\n|move|p1a: Beedrill|Drill Run|p2a: Chandelure\n|-supereffective|p2a: Chandelure|1\n|-damage|p2a: Chandelure|19/100\n|move|p2a: Chandelure|Inferno|p1a: Beedrill|[miss]\n|-miss|p2a: Chandelure|p1a: Beedrill\n|move|p2b: Ampharos|Zap Cannon|p1b: Farigiraf|[miss]\n|-miss|p2b: Ampharos|p1b: Farigiraf\n|move|p1b: Farigiraf|Hyper Voice|p2b: Ampharos|[spread] p2b\n|-immune|p2a: Chandelure\n|-damage|p2b: Ampharos|0 fnt\n|faint|p2b: Ampharos\n|\n|upkeep\n|\n|t:|1775887179\n|switch|p2b: Conkeldurr|Conkeldurr, L50, M|100/100\n|turn|7\n|\n|t:|1775887195\n|move|p1a: Beedrill|U-turn|p2a: Chandelure\n|-resisted|p2a: Chandelure|2\n|-damage|p2a: Chandelure|4/100\n|\n|t:|1775887198\n|switch|p1a: Incineroar|Incineroar, L50, F, shiny|100/100|[from] U-turn\n|-ability|p1a: Incineroar|Intimidate|boost\n|-unboost|p2a: Chandelure|atk|1\n|-unboost|p2b: Conkeldurr|atk|1\n|move|p2a: Chandelure|Inferno|p1a: Incineroar|[miss]\n|-miss|p2a: Chandelure|p1a: Incineroar\n|move|p2b: Conkeldurr|Dynamic Punch|p1b: Farigiraf|[miss]\n|-miss|p2b: Conkeldurr|p1b: Farigiraf\n|cant|p1b: Farigiraf|par\n|\n|upkeep\n|turn|8\n|\n|t:|1775887216\n|move|p2a: Chandelure|Inferno|p1a: Incineroar\n|-resisted|p1a: Incineroar|1\n|-damage|p1a: Incineroar|83/100\n|move|p1a: Incineroar|Flare Blitz|p2a: Chandelure\n|-start|p2a: Chandelure|ability: Flash Fire\n|move|p2b: Conkeldurr|Dynamic Punch|p1a: Incineroar|[miss]\n|-miss|p2b: Conkeldurr|p1a: Incineroar\n|move|p1b: Farigiraf|Hyper Voice|p2a: Chandelure|[spread] p2b\n|-immune|p2a: Chandelure\n|-damage|p2b: Conkeldurr|65/100\n|\n|upkeep\n|turn|9\n|\n|t:|1775887232\n|move|p2a: Chandelure|Shadow Ball|p1a: Incineroar\n|-resisted|p1a: Incineroar|1\n|-damage|p1a: Incineroar|69/100\n|move|p1a: Incineroar|Will-O-Wisp|p2b: Conkeldurr\n|-status|p2b: Conkeldurr|brn\n|move|p2b: Conkeldurr|Dynamic Punch|p1a: Incineroar\n|-supereffective|p1a: Incineroar|1\n|-crit|p1a: Incineroar\n|-damage|p1a: Incineroar|0 fnt\n|faint|p1a: Incineroar\n|move|p1b: Farigiraf|Hyper Voice|p2a: Chandelure|[spread] p2b\n|-immune|p2a: Chandelure\n|-damage|p2b: Conkeldurr|28/100 brn\n|\n|-damage|p2b: Conkeldurr|22/100 brn|[from] brn\n|upkeep\n|\n|t:|1775887247\n|switch|p1a: Beedrill|Beedrill-Mega, L50, F, shiny|100/100\n|turn|10\n|\n|t:|1775887260\n|move|p2b: Conkeldurr|Mach Punch||[still]\n|cant|p1b: Farigiraf|ability: Armor Tail|Mach Punch|[of] p2b: Conkeldurr\n|move|p1a: Beedrill|Poison Jab|p2a: Chandelure\n|-resisted|p2a: Chandelure|1\n|-damage|p2a: Chandelure|0 fnt\n|faint|p2a: Chandelure\n|move|p1b: Farigiraf|Hyper Voice|p2b: Conkeldurr\n|-damage|p2b: Conkeldurr|0 fnt\n|faint|p2b: Conkeldurr\n|\n|win|Dezzking25\n|raw|Dezzking25's rating: 1000 &rarr; <strong>1043</strong><br />(+43 for winning)\n|raw|leisurecapekermit's rating: 1027 &rarr; <strong>1012</strong><br />(-15 for losing)\n|l|\u2606leisurecapekermit\n|player|p2|\n",
  "uploadtime": 1775887274,
  "views": 20,
  "formatid": "gen9championsvgc2026regma",
  "rating": 1012,
  "private": 0,
  "password": null
}