{
  "id": "gen9championsvgc2026regma-2587387601",
  "format": "[Gen 9 Champions] VGC 2026 Reg M-A",
  "players": [
    "gyanrannon",
    "NathanaelW19"
  ],
  "log": "|j|\u203dgyanrannon\n|j|\u2606NathanaelW19\n|t:|1776527606\n|gametype|doubles\n|player|p1|gyanrannon|n|1183\n|player|p2|NathanaelW19|dragontamer|1175\n|gen|9\n|tier|[Gen 9 Champions] VGC 2026 Reg M-A\n|rated|\n|rule|Species Clause: Limit one of each Pok\u00e9mon\n|rule|Item Clause: Limit 1 of each item\n|clearpoke\n|poke|p1|Delphox, L50, M, shiny|\n|poke|p1|Sneasler, L50, M|\n|poke|p1|Altaria, L50, F|\n|poke|p1|Sylveon, L50, M|\n|poke|p1|Garchomp, L50, M|\n|poke|p1|Froslass, L50, F|\n|poke|p2|Sharpedo, L50, M|\n|poke|p2|Kangaskhan, L50, F|\n|poke|p2|Sneasler, L50, M|\n|poke|p2|Aerodactyl, L50, M|\n|poke|p2|Pelipper, L50, F, shiny|\n|poke|p2|Gardevoir, L50, M, shiny|\n|teampreview|4\n|inactive|Battle timer is ON: inactive players will automatically lose when time's up. (requested by NathanaelW19)\ngyanrannon rejected open team sheets.\n|\n|t:|1776527634\n|teamsize|p1|4\n|teamsize|p2|4\n|start\n|switch|p1a: Delphox|Delphox, L50, M, shiny|100/100\n|switch|p1b: Sneasler|Sneasler, L50, M|100/100\n|switch|p2a: Sharpedo|Sharpedo, L50, M|100/100\n|switch|p2b: Aerodactyl|Aerodactyl, L50, M|100/100\n|-ability|p2b: Aerodactyl|Unnerve\n|turn|1\n|j| future wolfey 28\n|\n|t:|1776527656\n|switch|p1a: Garchomp|Garchomp, L50, M|100/100\n|move|p2b: Aerodactyl|Protect|p2b: Aerodactyl\n|-singleturn|p2b: Aerodactyl|Protect\n|move|p2a: Sharpedo|Protect|p2a: Sharpedo\n|-singleturn|p2a: Sharpedo|Protect\n|move|p1b: Sneasler|Fake Out|p2b: Aerodactyl\n|-activate|p2b: Aerodactyl|move: Protect\n|\n|-ability|p2a: Sharpedo|Speed Boost|boost\n|-boost|p2a: Sharpedo|spe|1\n|upkeep\n|turn|2\n|\n|t:|1776527669\n|move|p2a: Sharpedo|Psychic Fangs|p1b: Sneasler\n|-supereffective|p1b: Sneasler|2\n|-enditem|p1b: Sneasler|Focus Sash\n|-damage|p1b: Sneasler|1/100\n|move|p1b: Sneasler|Close Combat|p2a: Sharpedo\n|-supereffective|p2a: Sharpedo|1\n|-damage|p2a: Sharpedo|0 fnt\n|-unboost|p1b: Sneasler|def|1\n|-unboost|p1b: Sneasler|spd|1\n|faint|p2a: Sharpedo\n|move|p2b: Aerodactyl|Tailwind|p2b: Aerodactyl\n|-sidestart|p2: NathanaelW19|move: Tailwind\n|move|p1a: Garchomp|Swords Dance|p1a: Garchomp\n|-boost|p1a: Garchomp|atk|2\n|\n|upkeep\n|\n|t:|1776527684\n|switch|p2a: Sneasler|Sneasler, L50, M|100/100\n|turn|3\n|\n|t:|1776527690\n|move|p1b: Sneasler|Protect|p1b: Sneasler\n|-singleturn|p1b: Sneasler|Protect\n|move|p2a: Sneasler|Fake Out|p1a: Garchomp\n|-damage|p1a: Garchomp|88/100\n|-damage|p2a: Sneasler|88/100|[from] ability: Rough Skin|[of] p1a: Garchomp\n|move|p2b: Aerodactyl|Dual Wingbeat|p1b: Sneasler\n|-activate|p1b: Sneasler|move: Protect\n|cant|p1a: Garchomp|flinch\n|\n|upkeep\n|turn|4\n|\n|t:|1776527710\n|move|p2b: Aerodactyl|Rock Slide|p1b: Sneasler|[spread] p1a,p1b\n|-resisted|p1a: Garchomp|1\n|-resisted|p1b: Sneasler|1\n|-crit|p1b: Sneasler\n|-damage|p1a: Garchomp|77/100\n|-damage|p1b: Sneasler|0 fnt\n|faint|p1b: Sneasler\n|move|p2a: Sneasler|Close Combat|p1a: Garchomp\n|-damage|p1a: Garchomp|23/100\n|-unboost|p2a: Sneasler|def|1\n|-unboost|p2a: Sneasler|spd|1\n|-damage|p2a: Sneasler|76/100|[from] ability: Rough Skin|[of] p1a: Garchomp\n|-enditem|p2a: Sneasler|White Herb\n|-clearnegativeboost|p2a: Sneasler|[silent]\n|move|p1a: Garchomp|Substitute|p1a: Garchomp\n|-fail|p1a: Garchomp|move: Substitute|[weak]\n|\n|upkeep\n|\n|t:|1776527720\n|switch|p1b: Delphox|Delphox, L50, M, shiny|100/100\n|turn|5\n|\n|t:|1776527731\n|detailschange|p1b: Delphox|Delphox-Mega, L50, M, shiny\n|-mega|p1b: Delphox|Delphox|Delphoxite\n|move|p2a: Sneasler|Close Combat|p1a: Garchomp\n|-crit|p1a: Garchomp\n|-damage|p1a: Garchomp|0 fnt\n|-unboost|p2a: Sneasler|def|1\n|-unboost|p2a: Sneasler|spd|1\n|-damage|p2a: Sneasler|64/100|[from] ability: Rough Skin|[of] p1a: Garchomp\n|faint|p1a: Garchomp\n|move|p2b: Aerodactyl|Rock Slide|p1b: Delphox\n|-supereffective|p1b: Delphox|1\n|-damage|p1b: Delphox|0 fnt\n|faint|p1b: Delphox\n|\n|-sideend|p2: NathanaelW19|move: Tailwind\n|upkeep\n|-message|gyanrannon forfeited.\n|\n|win|NathanaelW19\n|raw|gyanrannon's rating: 1183 &rarr; <strong>1157</strong><br />(-26 for losing)\n|raw|NathanaelW19's rating: 1175 &rarr; <strong>1201</strong><br />(+26 for winning)\n|l|\u203dgyanrannon\n|player|p1|\n|c| future wolfey 28|Gg bro\n|c|\u2606NathanaelW19|Sup\n|c| future wolfey 28|I thought i hop on for a few mins before lunch\n|c| future wolfey 28|Your team could be 4 different megas thats funny lol\n",
  "uploadtime": 1776527741,
  "views": 14,
  "formatid": "gen9championsvgc2026regma",
  "rating": 1157,
  "private": 0,
  "password": null
}