{
  "id": "gen9championsvgc2026regma-2580761574",
  "format": "[Gen 9 Champions] VGC 2026 Reg M-A",
  "players": [
    "alpharax127",
    "A5h3r"
  ],
  "log": "|j|\u2606alpharax127\n|j|\u2606A5h3r\n|t:|1775930362\n|gametype|doubles\n|player|p1|alpharax127|akari|1103\n|player|p2|A5h3r|alder|1140\n|gen|9\n|tier|[Gen 9 Champions] VGC 2026 Reg M-A\n|rated|\n|rule|Species Clause: Limit one of each Pok\u00e9mon\n|rule|Item Clause: Limit 1 of each item\n|clearpoke\n|poke|p1|Floette-Eternal, L50, F|\n|poke|p1|Aerodactyl, L50, M|\n|poke|p1|Incineroar, L50, M|\n|poke|p1|Garchomp, L50, F|\n|poke|p1|Sneasler, L50, M|\n|poke|p1|Basculegion, L50, M|\n|poke|p2|Pelipper, L50, M|\n|poke|p2|Starmie, L50|\n|poke|p2|Archaludon, L50, M|\n|poke|p2|Incineroar, L50, M|\n|poke|p2|Meganium, L50, F|\n|poke|p2|Basculegion, L50, M|\n|teampreview|4\n|inactive|Battle timer is ON: inactive players will automatically lose when time's up. (requested by alpharax127)\n|inactive|alpharax127 has 60 seconds left.\n|inactive|A5h3r has 60 seconds left.\n|\n|t:|1775930419\n|teamsize|p1|4\n|teamsize|p2|4\n|start\n|switch|p1a: Floette|Floette-Eternal, L50, F|100/100\n|switch|p1b: Aerodactyl|Aerodactyl, L50, M|100/100\n|switch|p2a: Incineroar|Incineroar, L50, M|100/100\n|switch|p2b: Pelipper|Pelipper, L50, M|100/100\n|-ability|p1b: Aerodactyl|Unnerve\n|-weather|RainDance|[from] ability: Drizzle|[of] p2b: Pelipper\n|-ability|p2a: Incineroar|Intimidate|boost\n|-unboost|p1a: Floette|atk|1\n|-unboost|p1b: Aerodactyl|atk|1\n|turn|1\n|\n|t:|1775930443\n|move|p1b: Aerodactyl|Protect|p1b: Aerodactyl\n|-singleturn|p1b: Aerodactyl|Protect\n|move|p1a: Floette|Protect|p1a: Floette\n|-singleturn|p1a: Floette|Protect\n|move|p2b: Pelipper|Protect|p2b: Pelipper\n|-singleturn|p2b: Pelipper|Protect\n|move|p2a: Incineroar|Fake Out|p1a: Floette\n|-activate|p1a: Floette|move: Protect\n|\n|-weather|RainDance|[upkeep]\n|upkeep\n|turn|2\n|inactive|alpharax127 has 30 seconds left.\n|inactive|A5h3r has 30 seconds left.\n|\n|t:|1775930471\n|detailschange|p1a: Floette|Floette-Mega, L50, F\n|-mega|p1a: Floette|Floette|Floettite\n|-ability|p1a: Floette|Fairy Aura\n|move|p1b: Aerodactyl|Rock Slide|p2b: Pelipper|[spread] p2a,p2b\n|-supereffective|p2a: Incineroar|1\n|-crit|p2a: Incineroar\n|-supereffective|p2b: Pelipper|1\n|-damage|p2a: Incineroar|34/100\n|-damage|p2b: Pelipper|56/100\n|move|p1a: Floette|Light of Ruin|p2a: Incineroar|[miss]\n|-miss|p1a: Floette|p2a: Incineroar\n|cant|p2b: Pelipper|flinch\n|move|p2a: Incineroar|Parting Shot|p1a: Floette\n|-unboost|p1a: Floette|atk|1\n|-unboost|p1a: Floette|spa|1\n|inactive|A5h3r has 30 seconds left.\n|\n|t:|1775930503\n|switch|p2a: Meganium|Meganium, L50, F|100/100|[from] Parting Shot\n|\n|-weather|RainDance|[upkeep]\n|upkeep\n|turn|3\n|\n|t:|1775930527\n|switch|p2b: Incineroar|Incineroar, L50, M|34/100\n|-ability|p2b: Incineroar|Intimidate|boost\n|-unboost|p1a: Floette|atk|1\n|-unboost|p1b: Aerodactyl|atk|1\n|detailschange|p2a: Meganium|Meganium-Mega, L50, F\n|-mega|p2a: Meganium|Meganium|Meganiumite\n|move|p1b: Aerodactyl|Dual Wingbeat|p2a: Meganium\n|-supereffective|p2a: Meganium|1\n|-damage|p2a: Meganium|87/100\n|-supereffective|p2a: Meganium|1\n|-damage|p2a: Meganium|73/100\n|-hitcount|p2a: Meganium|2\n|move|p1a: Floette|Light of Ruin|p2a: Meganium\n|-crit|p2a: Meganium\n|-damage|p2a: Meganium|0 fnt\n|faint|p2a: Meganium\n|-damage|p1a: Floette|55/100|[from] Recoil\n|\n|-weather|RainDance|[upkeep]\n|upkeep\n|\n|t:|1775930551\n|switch|p2a: Basculegion|Basculegion, L50, M|100/100\n|turn|4\n|\n|t:|1775930563\n|move|p1b: Aerodactyl|Protect|p1b: Aerodactyl\n|-singleturn|p1b: Aerodactyl|Protect\n|move|p1a: Floette|Protect|p1a: Floette\n|-singleturn|p1a: Floette|Protect\n|move|p2b: Incineroar|Fake Out|p1b: Aerodactyl\n|-activate|p1b: Aerodactyl|move: Protect\n|move|p2a: Basculegion|Last Respects|p1a: Floette\n|-activate|p1a: Floette|move: Protect\n|\n|-weather|RainDance|[upkeep]\n|upkeep\n|turn|5\n|inactive|alpharax127 has 30 seconds left.\n|inactive|A5h3r has 30 seconds left.\n|inactive|A5h3r has 20 seconds left.\n|\n|t:|1775930604\n|move|p2a: Basculegion|Protect|p2a: Basculegion\n|-singleturn|p2a: Basculegion|Protect\n|move|p1b: Aerodactyl|Tailwind|p1b: Aerodactyl\n|-sidestart|p1: alpharax127|move: Tailwind\n|move|p1a: Floette|Light of Ruin|p2a: Basculegion\n|-activate|p2a: Basculegion|move: Protect\n|move|p2b: Incineroar|Parting Shot|p1b: Aerodactyl\n|-unboost|p1b: Aerodactyl|atk|1\n|-unboost|p1b: Aerodactyl|spa|1\n|\n|t:|1775930613\n|switch|p2b: Pelipper|Pelipper, L50, M|56/100|[from] Parting Shot\n|\n|-weather|none\n|upkeep\n|turn|6\n|inactive|alpharax127 has 30 seconds left.\n|inactive|alpharax127 has 20 seconds left.\n|inactive|alpharax127 has 15 seconds left.\n|\n|t:|1775930656\n|switch|p1b: Garchomp|Garchomp, L50, F|100/100\n|switch|p2a: Incineroar|Incineroar, L50, M|34/100\n|-enditem|p2a: Incineroar|Sitrus Berry|[eat]\n|-heal|p2a: Incineroar|59/100|[from] item: Sitrus Berry\n|-ability|p2a: Incineroar|Intimidate|boost\n|-unboost|p1a: Floette|atk|1\n|-unboost|p1b: Garchomp|atk|1\n|move|p2b: Pelipper|Protect|p2b: Pelipper\n|-singleturn|p2b: Pelipper|Protect\n|move|p1a: Floette|Light of Ruin|p2b: Pelipper\n|-activate|p2b: Pelipper|move: Protect\n|\n|upkeep\n|turn|7\n|inactive|alpharax127 has 30 seconds left.\n|inactive|A5h3r has 30 seconds left.\n|inactive|alpharax127 has 20 seconds left.\n|inactive|A5h3r has 20 seconds left.\n|\n|t:|1775930696\n|switch|p2b: Basculegion|Basculegion, L50, M|100/100\n|move|p1a: Floette|Protect|p1a: Floette\n|-singleturn|p1a: Floette|Protect\n|move|p2a: Incineroar|Fake Out|p1a: Floette\n|-activate|p1a: Floette|move: Protect\n|move|p1b: Garchomp|Rock Slide|p2b: Basculegion|[spread] p2a,p2b\n|-supereffective|p2a: Incineroar|1\n|-damage|p2a: Incineroar|39/100\n|-damage|p2b: Basculegion|84/100\n|\n|upkeep\n|turn|8\n|\n|t:|1775930718\n|switch|p1a: Sneasler|Sneasler, L50, M|100/100\n|move|p1b: Garchomp|Protect|p1b: Garchomp\n|-singleturn|p1b: Garchomp|Protect\n|move|p2b: Basculegion|Protect|p2b: Basculegion\n|-singleturn|p2b: Basculegion|Protect\n|move|p2a: Incineroar|Parting Shot|p1a: Sneasler\n|-unboost|p1a: Sneasler|atk|1\n|-unboost|p1a: Sneasler|spa|1\n|\n|t:|1775930729\n|switch|p2a: Pelipper|Pelipper, L50, M|56/100|[from] Parting Shot\n|-enditem|p1a: Sneasler|White Herb\n|-clearnegativeboost|p1a: Sneasler|[silent]\n|-weather|RainDance|[from] ability: Drizzle|[of] p2a: Pelipper\n|\n|-weather|RainDance|[upkeep]\n|-sideend|p1: alpharax127|move: Tailwind\n|upkeep\n|turn|9\n|inactive|A5h3r has 30 seconds left.\n|\n|t:|1775930756\n|move|p1a: Sneasler|Rock Tomb|p2a: Pelipper\n|-supereffective|p2a: Pelipper|1\n|-damage|p2a: Pelipper|0 fnt\n|faint|p2a: Pelipper\n|move|p2b: Basculegion|Wave Crash|p1b: Garchomp\n|-damage|p1b: Garchomp|8/100\n|-damage|p2b: Basculegion|71/100|[from] ability: Rough Skin|[of] p1b: Garchomp\n|-damage|p2b: Basculegion|43/100|[from] Recoil\n|move|p1b: Garchomp|Rock Slide|p2b: Basculegion\n|-damage|p2b: Basculegion|18/100\n|\n|-weather|RainDance|[upkeep]\n|upkeep\n|\n|t:|1775930771\n|switch|p2a: Incineroar|Incineroar, L50, M|39/100\n|-ability|p2a: Incineroar|Intimidate|boost\n|-unboost|p1a: Sneasler|atk|1\n|-unboost|p1b: Garchomp|atk|1\n|turn|10\n|\n|t:|1775930784\n|move|p1a: Sneasler|Protect|p1a: Sneasler\n|-singleturn|p1a: Sneasler|Protect\n|move|p1b: Garchomp|Protect|p1b: Garchomp\n|-singleturn|p1b: Garchomp|Protect\n|move|p2a: Incineroar|Fake Out|p1b: Garchomp\n|-activate|p1b: Garchomp|move: Protect\n|move|p2b: Basculegion|Last Respects|p1a: Sneasler\n|-activate|p1a: Sneasler|move: Protect\n|\n|-weather|RainDance|[upkeep]\n|upkeep\n|turn|11\n|inactive|alpharax127 has 30 seconds left.\n|\n|t:|1775930810\n|move|p1a: Sneasler|Rock Tomb|p2b: Basculegion\n|-damage|p2b: Basculegion|0 fnt\n|faint|p2b: Basculegion\n|move|p1b: Garchomp|Earthquake|p2a: Incineroar|[spread] p1a,p2a\n|-supereffective|p1a: Sneasler|1\n|-supereffective|p2a: Incineroar|1\n|-damage|p1a: Sneasler|27/100\n|-damage|p2a: Incineroar|8/100\n|move|p2a: Incineroar|Throat Chop|p1b: Garchomp\n|-damage|p1b: Garchomp|0 fnt\n|-damage|p2a: Incineroar|0 fnt|[from] ability: Rough Skin|[of] p1b: Garchomp\n|faint|p1b: Garchomp\n|faint|p2a: Incineroar\n|\n|win|alpharax127\n|raw|alpharax127's rating: 1103 &rarr; <strong>1131</strong><br />(+28 for winning)\n|raw|A5h3r's rating: 1140 &rarr; <strong>1112</strong><br />(-28 for losing)\n|c|\u2606A5h3r|ggwp\n",
  "uploadtime": 1775930824,
  "views": 13,
  "formatid": "gen9championsvgc2026regma",
  "rating": 1112,
  "private": 0,
  "password": null
}