{
  "id": "gen9championsvgc2026regma-2588488234",
  "format": "[Gen 9 Champions] VGC 2026 Reg M-A",
  "players": [
    "lessa_ped",
    "Kyus"
  ],
  "log": "|j|\u2606lessa_ped\n|j|\u2606Kyus\n|t:|1776638044\n|gametype|doubles\n|player|p1|lessa_ped|101|1082\n|player|p2|Kyus|adaman|1038\n|gen|9\n|tier|[Gen 9 Champions] VGC 2026 Reg M-A\n|rated|\n|rule|Species Clause: Limit one of each Pok\u00e9mon\n|rule|Item Clause: Limit 1 of each item\n|clearpoke\n|poke|p1|Archaludon, L50, F, shiny|\n|poke|p1|Pelipper, L50, M, shiny|\n|poke|p1|Sneasler, L50, M, shiny|\n|poke|p1|Incineroar, L50, F, shiny|\n|poke|p1|Basculegion, L50, M, shiny|\n|poke|p1|Meganium, L50, M|\n|poke|p2|Hawlucha, L50, M, shiny|\n|poke|p2|Alcremie, L50, F|\n|poke|p2|Glimmora, L50, M|\n|poke|p2|Talonflame, L50, M|\n|poke|p2|Forretress, L50, M|\n|poke|p2|Krookodile, L50, M|\n|teampreview|4\n|\n|t:|1776638101\n|teamsize|p1|4\n|teamsize|p2|4\n|start\n|switch|p1a: Pelipper|Pelipper, L50, M, shiny|100/100\n|switch|p1b: Basculegion|Basculegion, L50, M, shiny|100/100\n|switch|p2a: Krookodile|Krookodile, L50, M|100/100\n|switch|p2b: Forretress|Forretress, L50, M|100/100\n|-weather|RainDance|[from] ability: Drizzle|[of] p1a: Pelipper\n|turn|1\n|\n|t:|1776638129\n|move|p1b: Basculegion|Wave Crash|p2a: Krookodile\n|-supereffective|p2a: Krookodile|1\n|-damage|p2a: Krookodile|0 fnt\n|faint|p2a: Krookodile\n|-damage|p1b: Basculegion|70/100|[from] Recoil\n|move|p1a: Pelipper|Tailwind|p1a: Pelipper\n|-sidestart|p1: lessa_ped|move: Tailwind\n|move|p2b: Forretress|Stealth Rock|p1a: Pelipper\n|-sidestart|p1: lessa_ped|move: Stealth Rock\n|\n|-weather|RainDance|[upkeep]\n|upkeep\n|\n|t:|1776638139\n|switch|p2a: Alcremie|Alcremie, L50, F|100/100\n|turn|2\n|\n|t:|1776638162\n|move|p2a: Alcremie|Protect|p2a: Alcremie\n|-singleturn|p2a: Alcremie|Protect\n|move|p1b: Basculegion|Wave Crash|p2a: Alcremie\n|-activate|p2a: Alcremie|move: Protect\n|move|p1a: Pelipper|Weather Ball|p2a: Alcremie\n|-activate|p2a: Alcremie|move: Protect\n|move|p2b: Forretress|Gyro Ball|p1b: Basculegion\n|-resisted|p1b: Basculegion|1\n|-damage|p1b: Basculegion|34/100\n|\n|-weather|RainDance|[upkeep]\n|upkeep\n|turn|3\n|\n|t:|1776638183\n|move|p2a: Alcremie|Helping Hand|p2b: Forretress\n|-singleturn|p2b: Forretress|Helping Hand|[of] p2a: Alcremie\n|move|p1b: Basculegion|Protect|p1b: Basculegion\n|-singleturn|p1b: Basculegion|Protect\n|move|p1a: Pelipper|Hurricane|p2b: Forretress\n|-damage|p2b: Forretress|46/100\n|move|p2b: Forretress|Gyro Ball|p1b: Basculegion\n|-activate|p1b: Basculegion|move: Protect\n|\n|-weather|RainDance|[upkeep]\n|upkeep\n|turn|4\n|\n|t:|1776638211\n|switch|p1b: Archaludon|Archaludon, L50, F, shiny|100/100\n|-damage|p1b: Archaludon|94/100|[from] Stealth Rock\n|move|p1a: Pelipper|Hurricane|p2b: Forretress\n|-damage|p2b: Forretress|0 fnt\n|faint|p2b: Forretress\n|move|p2a: Alcremie|Dazzling Gleam|p1a: Pelipper|[spread] p1a,p1b\n|-damage|p1a: Pelipper|71/100\n|-damage|p1b: Archaludon|73/100\n|-ability|p1b: Archaludon|Stamina|boost\n|-boost|p1b: Archaludon|def|1\n|\n|-weather|RainDance|[upkeep]\n|-heal|p1b: Archaludon|79/100|[from] item: Leftovers\n|-sideend|p1: lessa_ped|move: Tailwind\n|upkeep\n|\n|t:|1776638217\n|switch|p2b: Glimmora|Glimmora, L50, M|100/100\n|turn|5\n|\n|t:|1776638232\n|detailschange|p2b: Glimmora|Glimmora-Mega, L50, M\n|-mega|p2b: Glimmora|Glimmora|Glimmoranite\n|move|p2b: Glimmora|Spiky Shield|p2b: Glimmora\n|-singleturn|p2b: Glimmora|move: Protect\n|move|p1a: Pelipper|Tailwind|p1a: Pelipper\n|-sidestart|p1: lessa_ped|move: Tailwind\n|move|p1b: Archaludon|Flash Cannon|p2b: Glimmora\n|-activate|p2b: Glimmora|move: Protect\n|move|p2a: Alcremie|Decorate|p2b: Glimmora\n|-boost|p2b: Glimmora|atk|2\n|-boost|p2b: Glimmora|spa|2\n|\n|-weather|none\n|-heal|p1b: Archaludon|85/100|[from] item: Leftovers\n|upkeep\n|turn|6\n|\n|t:|1776638255\n|switch|p1a: Sneasler|Sneasler, L50, M, shiny|100/100\n|-damage|p1a: Sneasler|95/100|[from] Stealth Rock\n|move|p1b: Archaludon|Flash Cannon|p2b: Glimmora\n|-supereffective|p2b: Glimmora|1\n|-damage|p2b: Glimmora|16/100\n|move|p2b: Glimmora|Power Gem|p1a: Sneasler\n|-resisted|p1a: Sneasler|1\n|-damage|p1a: Sneasler|8/100\n|move|p2a: Alcremie|Dazzling Gleam|p1b: Archaludon|[spread] p1a,p1b\n|-damage|p1a: Sneasler|0 fnt\n|-damage|p1b: Archaludon|62/100\n|-ability|p1b: Archaludon|Stamina|boost\n|-boost|p1b: Archaludon|def|1\n|faint|p1a: Sneasler\n|\n|-heal|p1b: Archaludon|68/100|[from] item: Leftovers\n|upkeep\n|\n|t:|1776638267\n|switch|p1a: Pelipper|Pelipper, L50, M, shiny|71/100\n|-damage|p1a: Pelipper|47/100|[from] Stealth Rock\n|-weather|RainDance|[from] ability: Drizzle|[of] p1a: Pelipper\n|turn|7\n|\n|t:|1776638279\n|move|p2b: Glimmora|Spiky Shield|p2b: Glimmora\n|-singleturn|p2b: Glimmora|move: Protect\n|move|p1a: Pelipper|Weather Ball|p2b: Glimmora\n|-activate|p2b: Glimmora|move: Protect\n|move|p1b: Archaludon|Flash Cannon|p2a: Alcremie\n|-supereffective|p2a: Alcremie|1\n|-damage|p2a: Alcremie|47/100\n|move|p2a: Alcremie|Dazzling Gleam|p1a: Pelipper|[spread] p1a,p1b\n|-crit|p1b: Archaludon\n|-damage|p1a: Pelipper|19/100\n|-damage|p1b: Archaludon|36/100\n|-ability|p1b: Archaludon|Stamina|boost\n|-boost|p1b: Archaludon|def|1\n|\n|-weather|RainDance|[upkeep]\n|-heal|p1b: Archaludon|42/100|[from] item: Leftovers\n|upkeep\n|turn|8\n|\n|t:|1776638301\n|move|p2b: Glimmora|Spiky Shield||[still]\n|-fail|p2b: Glimmora\n|move|p2a: Alcremie|Protect|p2a: Alcremie\n|-singleturn|p2a: Alcremie|Protect\n|move|p1a: Pelipper|Wide Guard|p1a: Pelipper\n|-singleturn|p1a: Pelipper|Wide Guard\n|move|p1b: Archaludon|Flash Cannon|p2a: Alcremie\n|-activate|p2a: Alcremie|move: Protect\n|\n|-weather|RainDance|[upkeep]\n|-heal|p1b: Archaludon|48/100|[from] item: Leftovers\n|-sideend|p1: lessa_ped|move: Tailwind\n|upkeep\n|turn|9\n|\n|t:|1776638320\n|move|p1b: Archaludon|Protect|p1b: Archaludon\n|-singleturn|p1b: Archaludon|Protect\n|move|p2b: Glimmora|Power Gem|p1b: Archaludon\n|-activate|p1b: Archaludon|move: Protect\n|move|p1a: Pelipper|Weather Ball|p2b: Glimmora\n|-supereffective|p2b: Glimmora|1\n|-damage|p2b: Glimmora|0 fnt\n|faint|p2b: Glimmora\n|move|p2a: Alcremie|Dazzling Gleam|p1a: Pelipper|[spread] p1a\n|-activate|p1b: Archaludon|move: Protect\n|-damage|p1a: Pelipper|0 fnt\n|faint|p1a: Pelipper\n|\n|-weather|RainDance|[upkeep]\n|-heal|p1b: Archaludon|54/100|[from] item: Leftovers\n|upkeep\n|\n|t:|1776638331\n|switch|p1a: Basculegion|Basculegion, L50, M, shiny|34/100\n|-damage|p1a: Basculegion|22/100|[from] Stealth Rock\n|turn|10\n|\n|t:|1776638336\n|move|p1a: Basculegion|Last Respects|p2a: Alcremie\n|-damage|p2a: Alcremie|0 fnt\n|faint|p2a: Alcremie\n|\n|win|lessa_ped\n|raw|lessa_ped's rating: 1082 &rarr; <strong>1106</strong><br />(+24 for winning)\n|raw|Kyus's rating: 1038 &rarr; <strong>1024</strong><br />(-14 for losing)\n|l|\u2606Kyus\n|player|p2|\n",
  "uploadtime": 1776638341,
  "views": 8,
  "formatid": "gen9championsvgc2026regma",
  "rating": 1024,
  "private": 0,
  "password": null
}