{
  "id": "gen9championsvgc2026regma-2581006103",
  "format": "[Gen 9 Champions] VGC 2026 Reg M-A",
  "players": [
    "An Alolan Vulpix",
    "xlili200x"
  ],
  "log": "|j|\u2606An Alolan Vulpix\n|j|\u2606xlili200x\n|t:|1775951034\n|gametype|doubles\n|player|p1|An Alolan Vulpix|gladion|\n|player|p2|xlili200x|lady|\n|gen|9\n|tier|[Gen 9 Champions] VGC 2026 Reg M-A\n|rule|Species Clause: Limit one of each Pok\u00e9mon\n|rule|Item Clause: Limit 1 of each item\n|clearpoke\n|poke|p1|Dragonite, L50, F|\n|poke|p1|Pelipper, L50, M|\n|poke|p1|Basculegion, L50, M|\n|poke|p1|Archaludon, L50, F|\n|poke|p1|Maushold-Four, L50|\n|poke|p1|Meowscarada, L50, F|\n|poke|p2|Starmie, L50|\n|poke|p2|Kingambit, L50, M|\n|poke|p2|Sylveon, L50, M|\n|poke|p2|Incineroar, L50, M|\n|poke|p2|Sneasler, L50, M|\n|poke|p2|Sinistcha, L50|\n|teampreview|4\nAn Alolan Vulpix has agreed to open team sheets.\n|c|\u2606xlili200x|gl have funnn\n|c|\u2606An Alolan Vulpix|gl\n|c|\u2606xlili200x|huh\n|c|\u2606xlili200x|3 pokemon?\n|c|\u2606An Alolan Vulpix|wdym 3 pokemon\n|c|\u2606xlili200x|it keeps letting me click pokemon\n|\n|t:|1775951113\n|teamsize|p1|4\n|teamsize|p2|4\n|start\n|switch|p1a: Archaludon|Archaludon, L50, F|100/100\n|switch|p1b: Maushold|Maushold-Four, L50|100/100\n|switch|p2a: Sinistcha|Sinistcha, L50|100/100\n|switch|p2b: Sylveon|Sylveon, L50, M|100/100\n|turn|1\n|\n|t:|1775951152\n|move|p1b: Maushold|Follow Me|p1b: Maushold\n|-singleturn|p1b: Maushold|move: Follow Me\n|move|p1a: Archaludon|Flash Cannon|p2b: Sylveon\n|-supereffective|p2b: Sylveon|1\n|-damage|p2b: Sylveon|45/100\n|move|p2b: Sylveon|Hyper Voice|p1a: Archaludon|[spread] p1a,p1b\n|-damage|p1a: Archaludon|44/100\n|-damage|p1b: Maushold|49/100\n|-ability|p1a: Archaludon|Stamina|boost\n|-boost|p1a: Archaludon|def|1\n|move|p2a: Sinistcha|Trick Room|p2a: Sinistcha\n|-fieldstart|move: Trick Room|[of] p2a: Sinistcha\n|\n|upkeep\n|turn|2\n|j| TrueBananaman41\n|\n|t:|1775951184\n|move|p2b: Sylveon|Hyper Voice|p1b: Maushold|[spread] p1a,p1b\n|-damage|p1a: Archaludon|0 fnt\n|-damage|p1b: Maushold|0 fnt\n|faint|p1a: Archaludon\n|faint|p1b: Maushold\n|move|p2a: Sinistcha|Shadow Ball|p1: Archaludon|[notarget]\n|-fail|p2a: Sinistcha\n|\n|upkeep\n|\n|t:|1775951197\n|switch|p1a: Dragonite|Dragonite, L50, F|100/100\n|switch|p1b: Pelipper|Pelipper, L50, M|100/100\n|-weather|RainDance|[from] ability: Drizzle|[of] p1b: Pelipper\n|turn|3\n|\n|t:|1775951208\n|detailschange|p1a: Dragonite|Dragonite-Mega, L50, F\n|-mega|p1a: Dragonite|Dragonite|Dragoninite\n|move|p1b: Pelipper|Wide Guard|p1b: Pelipper\n|-singleturn|p1b: Pelipper|Wide Guard\n|move|p2b: Sylveon|Hyper Voice|p1b: Pelipper|[spread] \n|-activate|p1a: Dragonite|move: Wide Guard\n|-activate|p1b: Pelipper|move: Wide Guard\n|move|p2a: Sinistcha|Matcha Gotcha|p1b: Pelipper|[spread] \n|-activate|p1a: Dragonite|move: Wide Guard\n|-activate|p1b: Pelipper|move: Wide Guard\n|move|p1a: Dragonite|Hurricane|p2a: Sinistcha\n|-supereffective|p2a: Sinistcha|1\n|-damage|p2a: Sinistcha|0 fnt\n|faint|p2a: Sinistcha\n|\n|-weather|RainDance|[upkeep]\n|upkeep\n|c|\u2606xlili200x|wait wait\n|c|\u2606xlili200x|vulpix\n|c|\u2606An Alolan Vulpix|what\n|c|\u2606xlili200x|what is 'wide guard'\n|c|\u2606An Alolan Vulpix|protects from spread moves\n|c|\u2606xlili200x|oh\n|\n|t:|1775951248\n|switch|p2a: Starmie|Starmie, L50|100/100\n|turn|4\n|c|\u2606xlili200x|i actually still dont get it but okay lol\n|c| TrueBananaman41|you can use /dt wide guard to see what it is\n|c|\u2606xlili200x|ty spider TvT\n|c|\u2606An Alolan Vulpix|pretty sure sylv is specs?\n|c|\u2606xlili200x|i dont think so\n|c|\u2606xlili200x|holon\n|c|\u2606xlili200x|no\n|c|\u2606An Alolan Vulpix|oh wait, specs aint on\n|\n|t:|1775951378\n|move|p2b: Sylveon|Detect|p2b: Sylveon\n|-singleturn|p2b: Sylveon|Protect\n|move|p1b: Pelipper|Wide Guard|p1b: Pelipper\n|-singleturn|p1b: Pelipper|Wide Guard\n|move|p1a: Dragonite|Hurricane|p2a: Starmie\n|-crit|p2a: Starmie\n|-damage|p2a: Starmie|0 fnt\n|faint|p2a: Starmie\n|\n|-weather|RainDance|[upkeep]\n|upkeep\n|\n|t:|1775951387\n|switch|p2a: Incineroar|Incineroar, L50, M|100/100\n|-ability|p2a: Incineroar|Intimidate|boost\n|-unboost|p1a: Dragonite|atk|1\n|-unboost|p1b: Pelipper|atk|1\n|turn|5\n|c|\u2606xlili200x|why does this not have a mvoe\n|c|\u2606xlili200x|move\n|c|\u2606xlili200x|sob\n|\n|t:|1775951428\n|move|p2a: Incineroar|Fake Out|p1b: Pelipper\n|-damage|p1b: Pelipper|87/100\n|cant|p1b: Pelipper|flinch\n|move|p2b: Sylveon|Hyper Voice|p1a: Dragonite|[spread] p1a,p1b\n|-supereffective|p1a: Dragonite|1\n|-damage|p1a: Dragonite|59/100\n|-damage|p1b: Pelipper|20/100\n|move|p1a: Dragonite|Hurricane|p2b: Sylveon\n|-damage|p2b: Sylveon|0 fnt\n|faint|p2b: Sylveon\n|\n|-weather|RainDance|[upkeep]\n|-heal|p1b: Pelipper|26/100|[from] item: Leftovers\n|-fieldend|move: Trick Room\n|upkeep\n|turn|6\n|c| TrueBananaman41|Tbf you were the one that built it\n|c|\u2606xlili200x|i wasnt\n|c|\u2606xlili200x|rain gave it to me\n|c|\u2606xlili200x|LOL\n|c| TrueBananaman41|Oh...\n|c| TrueBananaman41|Again fucking chud\n|\n|t:|1775951466\n|move|p1a: Dragonite|Weather Ball|p2a: Incineroar\n|-supereffective|p2a: Incineroar|1\n|-damage|p2a: Incineroar|0 fnt\n|faint|p2a: Incineroar\n|\n|win|An Alolan Vulpix\n|c| TrueBananaman41|Confront Rain about it\n|c| TrueBananaman41|I forgot\n|c|\u2606xlili200x|lol\n|c|\u2606xlili200x|ggs\n|c|\u2606xlili200x|i knew i'd lose but\n|c|\u2606xlili200x|was fun\n|l| TrueBananaman41\n",
  "uploadtime": 1775951484,
  "views": 9,
  "formatid": "gen9championsvgc2026regma",
  "rating": null,
  "private": 0,
  "password": null
}