{
  "id": "gen9championsvgc2026regma-2583537286",
  "format": "[Gen 9 Champions] VGC 2026 Reg M-A",
  "players": [
    "Tetra20244",
    "kwicks065"
  ],
  "log": "|j|\u2606Tetra20244\n|j|\u2606kwicks065\n|t:|1776181909\n|gametype|doubles\n|player|p1|Tetra20244|lance|1193\n|player|p2|kwicks065|hilbert-wonderlauncher|1203\n|gen|9\n|tier|[Gen 9 Champions] VGC 2026 Reg M-A\n|rated|\n|rule|Species Clause: Limit one of each Pok\u00e9mon\n|rule|Item Clause: Limit 1 of each item\n|clearpoke\n|poke|p1|Pelipper, L50, M|\n|poke|p1|Basculegion, L50, M|\n|poke|p1|Floette-Eternal, L50, F|\n|poke|p1|Whimsicott, L50, F|\n|poke|p1|Archaludon, L50, M|\n|poke|p1|Sneasler, L50, M|\n|poke|p2|Talonflame, L50, F|\n|poke|p2|Heliolisk, L50, M|\n|poke|p2|Tauros-Paldea-Aqua, L50, M|\n|poke|p2|Mamoswine, L50, F|\n|poke|p2|Excadrill, L50, M|\n|poke|p2|Primarina, L50, F|\n|teampreview|4\n|inactive|Battle timer is ON: inactive players will automatically lose when time's up. (requested by kwicks065)\n|inactive|Tetra20244 has 60 seconds left.\n|inactive|kwicks065 has 60 seconds left.\n|\n|t:|1776181964\n|teamsize|p1|4\n|teamsize|p2|4\n|start\n|switch|p1a: Sneasler|Sneasler, L50, M|100/100\n|switch|p1b: Basculegion|Basculegion, L50, M|100/100\n|switch|p2a: Talonflame|Talonflame, L50, F|100/100\n|switch|p2b: Primarina|Primarina, L50, F|100/100\n|turn|1\n|inactive|kwicks065 has 30 seconds left.\n|\n|t:|1776181997\n|switch|p2a: Heliolisk|Heliolisk, L50, M|100/100\n|move|p1a: Sneasler|Fake Out|p2a: Heliolisk\n|-damage|p2a: Heliolisk|72/100\n|move|p1b: Basculegion|Flip Turn|p2a: Heliolisk\n|-heal|p2a: Heliolisk|96/100|[from] ability: Dry Skin|[of] p1b: Basculegion\n|move|p2b: Primarina|Calm Mind|p2b: Primarina\n|-boost|p2b: Primarina|spa|1\n|-boost|p2b: Primarina|spd|1\n|\n|upkeep\n|turn|2\n|\n|t:|1776182018\n|move|p2a: Heliolisk|Protect|p2a: Heliolisk\n|-singleturn|p2a: Heliolisk|Protect\n|move|p2b: Primarina|Protect|p2b: Primarina\n|-singleturn|p2b: Primarina|Protect\n|move|p1b: Basculegion|Flip Turn|p2b: Primarina\n|-activate|p2b: Primarina|move: Protect\n|move|p1a: Sneasler|Dire Claw|p2b: Primarina\n|-activate|p2b: Primarina|move: Protect\n|\n|upkeep\n|turn|3\n|\n|t:|1776182032\n|move|p2a: Heliolisk|Ally Switch|p2a: Heliolisk\n|swap|p2a: Heliolisk|1|[from] move: Ally Switch\n|move|p1b: Basculegion|Flip Turn|p2b: Heliolisk\n|-heal|p2b: Heliolisk|100/100|[from] ability: Dry Skin|[of] p1b: Basculegion\n|move|p1a: Sneasler|Close Combat|p2a: Primarina\n|-resisted|p2a: Primarina|1\n|-damage|p2a: Primarina|65/100\n|-unboost|p1a: Sneasler|def|1\n|-unboost|p1a: Sneasler|spd|1\n|move|p2a: Primarina|Hyper Voice|p1a: Sneasler|[spread] p1a,p1b\n|-resisted|p1b: Basculegion|1\n|-damage|p1a: Sneasler|0 fnt\n|-damage|p1b: Basculegion|71/100\n|faint|p1a: Sneasler\n|\n|-heal|p2a: Primarina|71/100|[from] item: Leftovers\n|upkeep\n|\n|t:|1776182053\n|switch|p1a: Whimsicott|Whimsicott, L50, F|100/100\n|turn|4\n|\n|t:|1776182070\n|switch|p1b: Archaludon|Archaludon, L50, M|100/100\n|move|p2a: Primarina|Protect|p2a: Primarina\n|-singleturn|p2a: Primarina|Protect\n|move|p1a: Whimsicott|Encore|p2b: Heliolisk\n|-start|p2b: Heliolisk|Encore\n|move|p2b: Heliolisk|Ally Switch||[still]\n|-fail|p2b: Heliolisk\n|\n|-heal|p2a: Primarina|77/100|[from] item: Leftovers\n|upkeep\n|turn|5\n|\n|t:|1776182093\n|switch|p2b: Talonflame|Talonflame, L50, F|100/100\n|switch|p2a: Excadrill|Excadrill, L50, M|100/100\n|-ability|p2a: Excadrill|Mold Breaker\n|move|p1a: Whimsicott|Encore||[still]\n|-fail|p1a: Whimsicott\n|move|p1b: Archaludon|Draco Meteor|p2b: Talonflame\n|-damage|p2b: Talonflame|13/100\n|-unboost|p1b: Archaludon|spa|2\n|\n|upkeep\n|turn|6\n|inactive|Tetra20244 has 30 seconds left.\n|inactive|Tetra20244 has 20 seconds left.\n|\n|t:|1776182130\n|detailschange|p2a: Excadrill|Excadrill-Mega, L50, M\n|-mega|p2a: Excadrill|Excadrill|Excadrite\n|move|p1a: Whimsicott|Tailwind|p1a: Whimsicott\n|-sidestart|p1: Tetra20244|move: Tailwind\n|move|p1b: Archaludon|Draco Meteor|p2b: Talonflame\n|-damage|p2b: Talonflame|0 fnt\n|-unboost|p1b: Archaludon|spa|2\n|faint|p2b: Talonflame\n|move|p2a: Excadrill|Iron Head|p1a: Whimsicott\n|-supereffective|p1a: Whimsicott|1\n|-enditem|p1a: Whimsicott|Focus Sash\n|-damage|p1a: Whimsicott|1/100\n|\n|upkeep\n|\n|t:|1776182147\n|switch|p2b: Primarina|Primarina, L50, F|77/100\n|turn|7\n|\n|t:|1776182159\n|switch|p1b: Basculegion|Basculegion, L50, M|71/100\n|move|p2b: Primarina|Protect|p2b: Primarina\n|-singleturn|p2b: Primarina|Protect\n|move|p1a: Whimsicott|Taunt|p2b: Primarina\n|-activate|p2b: Primarina|move: Protect\n|move|p2a: Excadrill|Rock Slide|p1b: Basculegion|[spread] p1a,p1b\n|-damage|p1a: Whimsicott|0 fnt\n|-damage|p1b: Basculegion|43/100\n|faint|p1a: Whimsicott\n|\n|-heal|p2b: Primarina|83/100|[from] item: Leftovers\n|upkeep\n|\n|t:|1776182171\n|switch|p1a: Archaludon|Archaludon, L50, M|100/100\n|turn|8\n|\n|t:|1776182188\n|move|p1a: Archaludon|Protect|p1a: Archaludon\n|-singleturn|p1a: Archaludon|Protect\n|move|p2a: Excadrill|Protect|p2a: Excadrill\n|-singleturn|p2a: Excadrill|Protect\n|move|p1b: Basculegion|Last Respects|p2b: Primarina\n|-damage|p2b: Primarina|0 fnt\n|faint|p2b: Primarina\n|\n|upkeep\n|\n|t:|1776182195\n|switch|p2b: Heliolisk|Heliolisk, L50, M|100/100\n|turn|9\n|\n|t:|1776182215\n|move|p2b: Heliolisk|Ally Switch|p2b: Heliolisk\n|swap|p2b: Heliolisk|0|[from] move: Ally Switch\n|move|p1b: Basculegion|Last Respects|p2a: Heliolisk\n|-immune|p2a: Heliolisk\n|move|p1a: Archaludon|Draco Meteor|p2b: Excadrill\n|-resisted|p2b: Excadrill|1\n|-damage|p2b: Excadrill|63/100\n|-unboost|p1a: Archaludon|spa|2\n|move|p2b: Excadrill|High Horsepower|p1a: Archaludon\n|-supereffective|p1a: Archaludon|1\n|-damage|p1a: Archaludon|8/100\n|-ability|p1a: Archaludon|Stamina|boost\n|-boost|p1a: Archaludon|def|1\n|\n|-sideend|p1: Tetra20244|move: Tailwind\n|upkeep\n|turn|10\n|\n|t:|1776182234\n|move|p2b: Excadrill|Protect|p2b: Excadrill\n|-singleturn|p2b: Excadrill|Protect\n|move|p1a: Archaludon|Protect|p1a: Archaludon\n|-singleturn|p1a: Archaludon|Protect\n|move|p1b: Basculegion|Last Respects|p2b: Excadrill\n|-activate|p2b: Excadrill|move: Protect\n|move|p2a: Heliolisk|Thunderbolt|p1b: Basculegion\n|-supereffective|p1b: Basculegion|1\n|-damage|p1b: Basculegion|0 fnt\n|faint|p1b: Basculegion\n|\n|upkeep\n|turn|11\n|-message|Tetra20244 forfeited.\n|\n|win|kwicks065\n|raw|Tetra20244's rating: 1193 &rarr; <strong>1169</strong><br />(-24 for losing)\n|raw|kwicks065's rating: 1203 &rarr; <strong>1227</strong><br />(+24 for winning)\n|l|\u2606Tetra20244\n|player|p1|\n",
  "uploadtime": 1776182248,
  "views": 14,
  "formatid": "gen9championsvgc2026regma",
  "rating": 1169,
  "private": 0,
  "password": null
}