{
  "id": "gen9championsvgc2026regma-2584072759",
  "format": "[Gen 9 Champions] VGC 2026 Reg M-A",
  "players": [
    "Kirbo5500",
    "Garrisoniams69"
  ],
  "log": "|j|\u2606Kirbo5500\n|j|\u2606Garrisoniams69\n|t:|1776222364\n|gametype|doubles\n|player|p1|Kirbo5500|169|1035\n|player|p2|Garrisoniams69|1|1023\n|gen|9\n|tier|[Gen 9 Champions] VGC 2026 Reg M-A\n|rated|\n|rule|Species Clause: Limit one of each Pok\u00e9mon\n|rule|Item Clause: Limit 1 of each item\n|clearpoke\n|poke|p1|Meganium, L50, F|\n|poke|p1|Primarina, L50, F|\n|poke|p1|Incineroar, L50, M|\n|poke|p1|Hawlucha, L50, M|\n|poke|p1|Vivillon-Sun, L50, F|\n|poke|p1|Kingambit, L50, F|\n|poke|p2|Charizard, L50, F|\n|poke|p2|Venusaur, L50, M|\n|poke|p2|Garchomp, L50, M|\n|poke|p2|Rotom-Wash, L50|\n|poke|p2|Sneasler, L50, F|\n|poke|p2|Incineroar, L50, F|\n|teampreview|4\n|inactive|Battle timer is ON: inactive players will automatically lose when time's up. (requested by Garrisoniams69)\n|\n|t:|1776222407\n|teamsize|p1|4\n|teamsize|p2|4\n|start\n|switch|p1a: Rokrio|Hawlucha, L50, M, shiny|100/100\n|switch|p1b: Incineroar|Incineroar, L50, M|100/100\n|switch|p2a: Charizard|Charizard, L50, F, shiny|100/100\n|switch|p2b: Venusaur|Venusaur, L50, M, shiny|100/100\n|-ability|p1b: Incineroar|Intimidate|boost\n|-unboost|p2a: Charizard|atk|1\n|-unboost|p2b: Venusaur|atk|1\n|turn|1\n|\n|t:|1776222430\n|detailschange|p1a: Rokrio|Hawlucha-Mega, L50, M, shiny\n|-mega|p1a: Rokrio|Hawlucha|Hawluchanite\n|detailschange|p2a: Charizard|Charizard-Mega-Y, L50, F, shiny\n|-mega|p2a: Charizard|Charizard|Charizardite Y\n|-weather|SunnyDay|[from] ability: Drought|[of] p2a: Charizard\n|move|p2b: Venusaur|Protect|p2b: Venusaur\n|-singleturn|p2b: Venusaur|Protect\n|move|p2a: Charizard|Protect|p2a: Charizard\n|-singleturn|p2a: Charizard|Protect\n|move|p1b: Incineroar|Fake Out|p2b: Venusaur\n|-activate|p2b: Venusaur|move: Protect\n|move|p1a: Rokrio|Stone Edge|p2a: Charizard\n|-activate|p2a: Charizard|move: Protect\n|\n|-weather|SunnyDay|[upkeep]\n|upkeep\n|turn|2\n|inactive|Garrisoniams69 has 30 seconds left.\n|\n|t:|1776222465\n|move|p1a: Rokrio|Protect|p1a: Rokrio\n|-singleturn|p1a: Rokrio|Protect\n|move|p2b: Venusaur|Sleep Powder|p1a: Rokrio\n|-activate|p1a: Rokrio|move: Protect\n|move|p2a: Charizard|Heat Wave|p1b: Incineroar|[spread] p1b\n|-activate|p1a: Rokrio|move: Protect\n|-resisted|p1b: Incineroar|1\n|-damage|p1b: Incineroar|68/100\n|move|p1b: Incineroar|Flare Blitz|p2b: Venusaur\n|-supereffective|p2b: Venusaur|1\n|-enditem|p2b: Venusaur|Focus Sash\n|-damage|p2b: Venusaur|1/100\n|-damage|p1b: Incineroar|43/100|[from] Recoil\n|-enditem|p1b: Incineroar|Sitrus Berry|[eat]\n|-heal|p1b: Incineroar|68/100|[from] item: Sitrus Berry\n|\n|-weather|SunnyDay|[upkeep]\n|upkeep\n|turn|3\n|\n|t:|1776222488\n|move|p2b: Venusaur|Protect|p2b: Venusaur\n|-singleturn|p2b: Venusaur|Protect\n|move|p2a: Charizard|Protect|p2a: Charizard\n|-singleturn|p2a: Charizard|Protect\n|move|p1a: Rokrio|Stone Edge|p2a: Charizard\n|-activate|p2a: Charizard|move: Protect\n|move|p1b: Incineroar|Parting Shot|p2a: Charizard\n|-activate|p2a: Charizard|move: Protect\n|\n|-weather|SunnyDay|[upkeep]\n|upkeep\n|turn|4\n|\n|t:|1776222513\n|move|p2b: Venusaur|Sludge Bomb|p1a: Rokrio\n|-damage|p1a: Rokrio|51/100\n|move|p1a: Rokrio|Stone Edge|p2a: Charizard\n|-supereffective|p2a: Charizard|2\n|-damage|p2a: Charizard|0 fnt\n|faint|p2a: Charizard\n|move|p1b: Incineroar|Flare Blitz|p2b: Venusaur\n|-supereffective|p2b: Venusaur|1\n|-damage|p2b: Venusaur|0 fnt\n|faint|p2b: Venusaur\n|-damage|p1b: Incineroar|67/100|[from] Recoil\n|\n|-weather|SunnyDay|[upkeep]\n|upkeep\n|\n|t:|1776222527\n|switch|p2a: Rotom|Rotom-Wash, L50, shiny|100/100\n|switch|p2b: Sneasler|Sneasler, L50, F, shiny|100/100\n|turn|5\n|\n|t:|1776222544\n|move|p2b: Sneasler|Fake Out|p1b: Incineroar\n|-damage|p1b: Incineroar|54/100\n|move|p1a: Rokrio|High Jump Kick|p2a: Rotom\n|-damage|p2a: Rotom|32/100\n|move|p2a: Rotom|Thunderbolt|p1a: Rokrio\n|-supereffective|p1a: Rokrio|1\n|-damage|p1a: Rokrio|0 fnt\n|faint|p1a: Rokrio\n|cant|p1b: Incineroar|flinch\n|\n|-weather|none\n|-heal|p2a: Rotom|37/100|[from] item: Leftovers\n|upkeep\n|\n|t:|1776222553\n|switch|p1a: Kingambit|Kingambit, L50, F|100/100\n|turn|6\n|\n|t:|1776222571\n|move|p1a: Kingambit|Sucker Punch|p2a: Rotom\n|-damage|p2a: Rotom|0 fnt\n|faint|p2a: Rotom\n|move|p2b: Sneasler|Close Combat|p1a: Kingambit\n|-supereffective|p1a: Kingambit|2\n|-damage|p1a: Kingambit|0 fnt\n|-unboost|p2b: Sneasler|def|1\n|-unboost|p2b: Sneasler|spd|1\n|faint|p1a: Kingambit\n|move|p1b: Incineroar|Acrobatics|p2b: Sneasler\n|-supereffective|p2b: Sneasler|1\n|-damage|p2b: Sneasler|0 fnt\n|faint|p2b: Sneasler\n|\n|win|Kirbo5500\n|raw|Kirbo5500's rating: 1035 &rarr; <strong>1069</strong><br />(+34 for winning)\n|raw|Garrisoniams69's rating: 1023 &rarr; <strong>1010</strong><br />(-13 for losing)\n|l|\u2606Kirbo5500\n|player|p1|\n|l|\u2606Garrisoniams69\n|player|p2|\n|j|\u2606Kirbo5500\n|player|p1|Kirbo5500|169|\n",
  "uploadtime": 1776222789,
  "views": 17,
  "formatid": "gen9championsvgc2026regma",
  "rating": 1010,
  "private": 0,
  "password": null
}