{
  "id": "gen9championsvgc2026regma-2585183901",
  "format": "[Gen 9 Champions] VGC 2026 Reg M-A",
  "players": [
    "Salveenee69",
    "henrykkkkkkk"
  ],
  "log": "|j|\u2606Salveenee69\n|j|\u2606henrykkkkkkk\n|t:|1776322213\n|gametype|doubles\n|player|p1|Salveenee69|102|1048\n|player|p2|henrykkkkkkk|preschoolerf|1140\n|gen|9\n|tier|[Gen 9 Champions] VGC 2026 Reg M-A\n|rated|\n|rule|Species Clause: Limit one of each Pok\u00e9mon\n|rule|Item Clause: Limit 1 of each item\n|clearpoke\n|poke|p1|Pelipper, L50, M|\n|poke|p1|Archaludon, L50, F|\n|poke|p1|Basculegion, L50, M|\n|poke|p1|Incineroar, L50, F|\n|poke|p1|Sinistcha, L50|\n|poke|p1|Kangaskhan, L50, F|\n|poke|p2|Incineroar, L50, F|\n|poke|p2|Farigiraf, L50, F|\n|poke|p2|Sinistcha-Masterpiece, L50|\n|poke|p2|Drampa, L50, F|\n|poke|p2|Lucario, L50, M|\n|poke|p2|Palafin, L50, F|\n|teampreview|4\n|inactive|Battle timer is ON: inactive players will automatically lose when time's up. (requested by henrykkkkkkk)\n|inactive|henrykkkkkkk has 60 seconds left.\n|inactive|henrykkkkkkk has 30 seconds left.\n|inactive|henrykkkkkkk has 20 seconds left.\n|inactive|henrykkkkkkk has 15 seconds left.\n|\n|t:|1776322290\n|teamsize|p1|4\n|teamsize|p2|4\n|start\n|switch|p1a: Pelipper|Pelipper, L50, M|100/100\n|switch|p1b: Archaludon|Archaludon, L50, F|100/100\n|switch|p2a: Farigiraf|Farigiraf, L50, F, shiny|100/100\n|switch|p2b: Drampa|Drampa, L50, F|100/100\n|-weather|RainDance|[from] ability: Drizzle|[of] p1a: Pelipper\n|-ability|p2b: Drampa|Cloud Nine\n|turn|1\n|\n|t:|1776322306\n|move|p1a: Pelipper|Protect|p1a: Pelipper\n|-singleturn|p1a: Pelipper|Protect\n|move|p2b: Drampa|Protect|p2b: Drampa\n|-singleturn|p2b: Drampa|Protect\n|move|p1b: Archaludon|Draco Meteor|p2b: Drampa\n|-activate|p2b: Drampa|move: Protect\n|move|p2a: Farigiraf|Trick Room|p2a: Farigiraf\n|-fieldstart|move: Trick Room|[of] p2a: Farigiraf\n|\n|-weather|RainDance|[upkeep]\n|upkeep\n|turn|2\n|inactive|henrykkkkkkk has 30 seconds left.\n|\n|t:|1776322332\n|switch|p1a: Sinistcha|Sinistcha, L50|100/100\n|move|p1b: Archaludon|Protect|p1b: Archaludon\n|-singleturn|p1b: Archaludon|Protect\n|move|p2a: Farigiraf|Ally Switch|p2a: Farigiraf\n|swap|p2a: Farigiraf|1|[from] move: Ally Switch\n|move|p2a: Drampa|Draco Meteor|p1b: Archaludon\n|-activate|p1b: Archaludon|move: Protect\n|\n|-weather|RainDance|[upkeep]\n|upkeep\n|turn|3\n|\n|t:|1776322346\n|move|p2a: Drampa|Protect|p2a: Drampa\n|-singleturn|p2a: Drampa|Protect\n|move|p1a: Sinistcha|Rage Powder|p1a: Sinistcha\n|-singleturn|p1a: Sinistcha|move: Rage Powder\n|move|p2b: Farigiraf|Psychic|p1a: Sinistcha\n|-damage|p1a: Sinistcha|55/100\n|move|p1b: Archaludon|Draco Meteor|p2a: Drampa\n|-activate|p2a: Drampa|move: Protect\n|\n|-weather|RainDance|[upkeep]\n|upkeep\n|turn|4\n|inactive|Salveenee69 has 30 seconds left.\n|\n|t:|1776322372\n|move|p1b: Archaludon|Protect|p1b: Archaludon\n|-singleturn|p1b: Archaludon|Protect\n|move|p2b: Farigiraf|Ally Switch|p2b: Farigiraf\n|swap|p2b: Farigiraf|0|[from] move: Ally Switch\n|move|p2b: Drampa|Calm Mind|p2b: Drampa\n|-boost|p2b: Drampa|spa|1\n|-boost|p2b: Drampa|spd|1\n|move|p1a: Sinistcha|Trick Room|p1a: Sinistcha\n|-fieldend|move: Trick Room\n|\n|-weather|RainDance|[upkeep]\n|upkeep\n|turn|5\n|inactive|Salveenee69 has 30 seconds left.\n|inactive|Salveenee69 has 20 seconds left.\n|inactive|Salveenee69 has 15 seconds left.\n|inactive|Salveenee69 has 10 seconds left.\n|inactive|Salveenee69 has 5 seconds left.\n|\n|t:|1776322423\n|move|p2b: Drampa|Protect|p2b: Drampa\n|-singleturn|p2b: Drampa|Protect\n|move|p1b: Archaludon|Draco Meteor|p2b: Drampa\n|-activate|p2b: Drampa|move: Protect\n|move|p1a: Sinistcha|Strength Sap|p1b: Archaludon\n|-unboost|p1b: Archaludon|atk|1\n|-heal|p1a: Sinistcha|100/100\n|move|p2a: Farigiraf|Trick Room|p2a: Farigiraf\n|-fieldstart|move: Trick Room|[of] p2a: Farigiraf\n|\n|-weather|none\n|upkeep\n|turn|6\n|\n|t:|1776322441\n|move|p1a: Sinistcha|Rage Powder|p1a: Sinistcha\n|-singleturn|p1a: Sinistcha|move: Rage Powder\n|move|p2b: Drampa|Calm Mind|p2b: Drampa\n|-boost|p2b: Drampa|spa|1\n|-boost|p2b: Drampa|spd|1\n|move|p2a: Farigiraf|Psychic|p1a: Sinistcha\n|-damage|p1a: Sinistcha|62/100\n|move|p1b: Archaludon|Draco Meteor|p2a: Farigiraf|[miss]\n|-miss|p1b: Archaludon|p2a: Farigiraf\n|\n|upkeep\n|turn|7\n|\n|t:|1776322459\n|move|p2b: Drampa|Calm Mind|p2b: Drampa\n|-boost|p2b: Drampa|spa|1\n|-boost|p2b: Drampa|spd|1\n|move|p2a: Farigiraf|Psychic|p1a: Sinistcha\n|-damage|p1a: Sinistcha|18/100\n|-enditem|p1a: Sinistcha|Sitrus Berry|[eat]\n|-heal|p1a: Sinistcha|43/100|[from] item: Sitrus Berry\n|move|p1a: Sinistcha|Strength Sap|p2b: Drampa\n|-unboost|p2b: Drampa|atk|1\n|-heal|p1a: Sinistcha|85/100\n|move|p1b: Archaludon|Draco Meteor|p2b: Drampa\n|-supereffective|p2b: Drampa|1\n|-damage|p2b: Drampa|48/100\n|-unboost|p1b: Archaludon|spa|2\n|\n|upkeep\n|turn|8\n|inactive|Salveenee69 has 30 seconds left.\n|\n|t:|1776322485\n|detailschange|p2b: Drampa|Drampa-Mega, L50, F\n|-mega|p2b: Drampa|Drampa|Drampanite\n|move|p1b: Archaludon|Protect|p1b: Archaludon\n|-singleturn|p1b: Archaludon|Protect\n|move|p2a: Farigiraf|Ally Switch|p2a: Farigiraf\n|swap|p2a: Farigiraf|1|[from] move: Ally Switch\n|move|p2a: Drampa|Draco Meteor|p1b: Archaludon\n|-activate|p1b: Archaludon|move: Protect\n|move|p1a: Sinistcha|Strength Sap|p2b: Farigiraf\n|-unboost|p2b: Farigiraf|atk|1\n|-heal|p1a: Sinistcha|100/100\n|\n|upkeep\n|turn|9\n|\n|t:|1776322505\n|switch|p1b: Pelipper|Pelipper, L50, M|100/100\n|-weather|RainDance|[from] ability: Drizzle|[of] p1b: Pelipper\n|move|p2a: Drampa|Draco Meteor|p1b: Pelipper\n|-enditem|p1b: Pelipper|Focus Sash\n|-damage|p1b: Pelipper|1/100\n|-unboost|p2a: Drampa|spa|2\n|move|p2b: Farigiraf|Psychic|p1a: Sinistcha\n|-damage|p1a: Sinistcha|60/100\n|move|p1a: Sinistcha|Matcha Gotcha|p2b: Farigiraf|[spread] p2a,p2b\n|-resisted|p2a: Drampa|1\n|-damage|p2a: Drampa|43/100\n|-heal|p1a: Sinistcha|62/100|[from] drain|[of] p2a: Drampa\n|-damage|p2b: Farigiraf|82/100\n|-heal|p1a: Sinistcha|74/100|[from] drain|[of] p2b: Farigiraf\n|\n|-weather|RainDance|[upkeep]\n|-fieldend|move: Trick Room\n|upkeep\n|turn|10\n|\n|t:|1776322527\n|move|p2a: Drampa|Protect|p2a: Drampa\n|-singleturn|p2a: Drampa|Protect\n|move|p1a: Sinistcha|Rage Powder|p1a: Sinistcha\n|-singleturn|p1a: Sinistcha|move: Rage Powder\n|move|p1b: Pelipper|Weather Ball|p2b: Farigiraf\n|-damage|p2b: Farigiraf|27/100\n|-enditem|p2b: Farigiraf|Sitrus Berry|[eat]\n|-heal|p2b: Farigiraf|52/100|[from] item: Sitrus Berry\n|move|p2b: Farigiraf|Trick Room|p2b: Farigiraf\n|-fieldstart|move: Trick Room|[of] p2b: Farigiraf\n|\n|-weather|RainDance|[upkeep]\n|upkeep\n|turn|11\n|\n|t:|1776322544\n|move|p1b: Pelipper|Protect|p1b: Pelipper\n|-singleturn|p1b: Pelipper|Protect\n|move|p2a: Drampa|Hyper Voice|p1a: Sinistcha|[spread] \n|-activate|p1b: Pelipper|move: Protect\n|-immune|p1a: Sinistcha\n|move|p2b: Farigiraf|Psychic|p1a: Sinistcha\n|-damage|p1a: Sinistcha|34/100\n|move|p1a: Sinistcha|Trick Room|p1a: Sinistcha\n|-fieldend|move: Trick Room\n|\n|-weather|RainDance|[upkeep]\n|upkeep\n|turn|12\n|\n|t:|1776322563\n|move|p1b: Pelipper|Weather Ball|p2a: Drampa\n|-resisted|p2a: Drampa|1\n|-damage|p2a: Drampa|30/100\n|move|p1a: Sinistcha|Strength Sap|p2a: Drampa\n|-unboost|p2a: Drampa|atk|1\n|-heal|p1a: Sinistcha|70/100\n|move|p2b: Farigiraf|Psychic|p1a: Sinistcha\n|-damage|p1a: Sinistcha|26/100\n|move|p2a: Drampa|Draco Meteor|p1b: Pelipper\n|-damage|p1b: Pelipper|0 fnt\n|-unboost|p2a: Drampa|spa|2\n|faint|p1b: Pelipper\n|\n|-weather|RainDance|[upkeep]\n|upkeep\n|\n|t:|1776322573\n|switch|p1b: Basculegion|Basculegion, L50, M|100/100\n|turn|13\n|\n|t:|1776322587\n|switch|p2a: Incineroar|Incineroar, L50, F|100/100\n|-ability|p2a: Incineroar|Intimidate|boost\n|-unboost|p1a: Sinistcha|atk|1\n|-unboost|p1b: Basculegion|atk|1\n|move|p1b: Basculegion|Wave Crash|p2b: Farigiraf\n|-damage|p2b: Farigiraf|0 fnt\n|faint|p2b: Farigiraf\n|-damage|p1b: Basculegion|81/100|[from] Recoil\n|move|p1a: Sinistcha|Strength Sap|p2a: Incineroar\n|-unboost|p2a: Incineroar|atk|1\n|-heal|p1a: Sinistcha|100/100\n|\n|-weather|none\n|upkeep\n|\n|t:|1776322598\n|switch|p2b: Drampa|Drampa-Mega, L50, F|30/100\n|turn|14\n|inactive|Salveenee69 has 30 seconds left.\n|inactive|Salveenee69 has 20 seconds left.\n|inactive|Salveenee69 has 15 seconds left.\n|\n|t:|1776322638\n|switch|p1b: Archaludon|Archaludon, L50, F|100/100\n|move|p2b: Drampa|Protect|p2b: Drampa\n|-singleturn|p2b: Drampa|Protect\n|move|p1a: Sinistcha|Matcha Gotcha|p2b: Drampa|[spread] p2a\n|-activate|p2b: Drampa|move: Protect\n|-resisted|p2a: Incineroar|1\n|-crit|p2a: Incineroar\n|-damage|p2a: Incineroar|88/100\n|move|p2a: Incineroar|Throat Chop|p1b: Archaludon\n|-damage|p1b: Archaludon|82/100\n|-start|p1b: Archaludon|Throat Chop|[silent]\n|\n|-heal|p2a: Incineroar|94/100|[from] item: Leftovers\n|upkeep\n|turn|15\n|\n|t:|1776322655\n|switch|p2b: Lucario|Lucario, L50, M|100/100\n|move|p1b: Archaludon|Draco Meteor|p2b: Lucario\n|-resisted|p2b: Lucario|1\n|-damage|p2b: Lucario|46/100\n|-unboost|p1b: Archaludon|spa|2\n|move|p1a: Sinistcha|Strength Sap|p2a: Incineroar\n|-unboost|p2a: Incineroar|atk|1\n|move|p2a: Incineroar|Parting Shot|p1b: Archaludon\n|-unboost|p1b: Archaludon|atk|1\n|-unboost|p1b: Archaludon|spa|1\n|\n|t:|1776322665\n|switch|p2a: Drampa|Drampa-Mega, L50, F|30/100|[from] Parting Shot\n|\n|-end|p1b: Archaludon|Throat Chop|[silent]\n|upkeep\n|turn|16\n|inactive|Salveenee69 has 30 seconds left.\n|\n|t:|1776322690\n|move|p1b: Archaludon|Protect|p1b: Archaludon\n|-singleturn|p1b: Archaludon|Protect\n|move|p2b: Lucario|Swords Dance|p2b: Lucario\n|-boost|p2b: Lucario|atk|2\n|move|p1a: Sinistcha|Matcha Gotcha|p2a: Drampa|[spread] p2a,p2b\n|-resisted|p2a: Drampa|1\n|-resisted|p2b: Lucario|1\n|-damage|p2a: Drampa|20/100\n|-damage|p2b: Lucario|27/100\n|-status|p2b: Lucario|brn\n|move|p2a: Drampa|Calm Mind|p2a: Drampa\n|-boost|p2a: Drampa|spa|1\n|-boost|p2a: Drampa|spd|1\n|\n|-damage|p2b: Lucario|21/100 brn|[from] brn\n|upkeep\n|turn|17\n|\n|t:|1776322707\n|move|p2b: Lucario|Meteor Mash|p1a: Sinistcha\n|-damage|p1a: Sinistcha|62/100\n|move|p1b: Archaludon|Draco Meteor|p2a: Drampa\n|-supereffective|p2a: Drampa|1\n|-damage|p2a: Drampa|0 fnt\n|-unboost|p1b: Archaludon|spa|2\n|faint|p2a: Drampa\n|move|p1a: Sinistcha|Matcha Gotcha|p2b: Lucario\n|-resisted|p2b: Lucario|1\n|-damage|p2b: Lucario|0 fnt\n|-heal|p1a: Sinistcha|71/100|[from] drain|[of] p2b: Lucario\n|faint|p2b: Lucario\n|\n|upkeep\n|-message|henrykkkkkkk forfeited.\n|\n|win|Salveenee69\n|raw|Salveenee69's rating: 1048 &rarr; <strong>1089</strong><br />(+41 for winning)\n|raw|henrykkkkkkk's rating: 1140 &rarr; <strong>1109</strong><br />(-31 for losing)\n|l|\u2606henrykkkkkkk\n|player|p2|\n",
  "uploadtime": 1776322720,
  "views": 19,
  "formatid": "gen9championsvgc2026regma",
  "rating": 1089,
  "private": 0,
  "password": null
}