{
  "id": "gen9championsvgc2026regma-2588876900",
  "format": "[Gen 9 Champions] VGC 2026 Reg M-A",
  "players": [
    "AdamRerquiem",
    "kirusaya"
  ],
  "log": "|j|\u2606AdamRerquiem\n|j|\u2606kirusaya\n|t:|1776681439\n|gametype|doubles\n|player|p1|AdamRerquiem|psychic|1330\n|player|p2|kirusaya|101|1323\n|gen|9\n|tier|[Gen 9 Champions] VGC 2026 Reg M-A\n|rated|\n|rule|Species Clause: Limit one of each Pok\u00e9mon\n|rule|Item Clause: Limit 1 of each item\n|clearpoke\n|poke|p1|Delphox, L50, M|\n|poke|p1|Clefable, L50, F|\n|poke|p1|Sneasler, L50, F|\n|poke|p1|Kingambit, L50, M|\n|poke|p1|Dragonite, L50, F|\n|poke|p1|Basculegion, L50, M|\n|poke|p2|Charizard, L50, F, shiny|\n|poke|p2|Hawlucha, L50, F, shiny|\n|poke|p2|Milotic, L50, F, shiny|\n|poke|p2|Sinistcha, L50|\n|poke|p2|Zoroark-Hisui, L50, F, shiny|\n|poke|p2|Kingambit, L50, M, shiny|\n|teampreview|4\n|\n|t:|1776681476\n|teamsize|p1|4\n|teamsize|p2|4\n|start\n|switch|p1a: Basculegion|Basculegion, L50, M|100/100\n|switch|p1b: Clefable|Clefable, L50, F|100/100\n|switch|p2a: Charizard|Charizard, L50, F, shiny|100/100\n|switch|p2b: Milotic|Milotic, L50, F, shiny|100/100\n|turn|1\n|\n|t:|1776681496\n|move|p2a: Charizard|Protect|p2a: Charizard\n|-singleturn|p2a: Charizard|Protect\n|move|p1b: Clefable|Protect|p1b: Clefable\n|-singleturn|p1b: Clefable|Protect\n|move|p2b: Milotic|Icy Wind|p1b: Clefable|[spread] p1a\n|-activate|p1b: Clefable|move: Protect\n|-resisted|p1a: Basculegion|1\n|-damage|p1a: Basculegion|92/100\n|-unboost|p1a: Basculegion|spe|1\n|move|p1a: Basculegion|Flip Turn|p2a: Charizard\n|-activate|p2a: Charizard|move: Protect\n|\n|upkeep\n|turn|2\n|\n|t:|1776681527\n|detailschange|p2a: Charizard|Charizard-Mega-X, L50, F, shiny\n|-mega|p2a: Charizard|Charizard|Charizardite X\n|move|p1b: Clefable|Follow Me|p1b: Clefable\n|-singleturn|p1b: Clefable|move: Follow Me\n|move|p2b: Milotic|Icy Wind|p1b: Clefable|[spread] p1a,p1b\n|-resisted|p1a: Basculegion|1\n|-damage|p1a: Basculegion|84/100\n|-damage|p1b: Clefable|87/100\n|-unboost|p1a: Basculegion|spe|1\n|-unboost|p1b: Clefable|spe|1\n|move|p2a: Charizard|Dragon Dance|p2a: Charizard\n|-boost|p2a: Charizard|atk|1\n|-boost|p2a: Charizard|spe|1\n|move|p1a: Basculegion|Flip Turn|p2a: Charizard\n|-damage|p2a: Charizard|65/100\n|\n|t:|1776681547\n|switch|p1a: Kingambit|Kingambit, L50, M|100/100|[from] Flip Turn\n|\n|upkeep\n|turn|3\n|\n|t:|1776681556\n|switch|p2b: Milotic|Milotic, L50, F, shiny|100/100\n|move|p1b: Clefable|Helping Hand|p1a: Kingambit\n|-singleturn|p1a: Kingambit|Helping Hand|[of] p1b: Clefable\n|move|p2a: Charizard|Protect|p2a: Charizard\n|-singleturn|p2a: Charizard|Protect\n|move|p1a: Kingambit|Sucker Punch||[still]\n|-fail|p1a: Kingambit\n|\n|upkeep\n|turn|4\n|\n|t:|1776681573\n|move|p1b: Clefable|Helping Hand|p1a: Kingambit\n|-singleturn|p1a: Kingambit|Helping Hand|[of] p1b: Clefable\n|move|p1a: Kingambit|Sucker Punch||[still]\n|-fail|p1a: Kingambit\n|move|p2a: Charizard|Dragon Dance|p2a: Charizard\n|-boost|p2a: Charizard|atk|1\n|-boost|p2a: Charizard|spe|1\n|move|p2b: Milotic|Life Dew||[still]|[spread] p2a,p2b\n|-heal|p2a: Charizard|90/100\n|-fail|p2b: Milotic|heal\n|\n|upkeep\n|turn|5\n|\n|t:|1776681587\n|move|p2a: Charizard|Protect|p2a: Charizard\n|-singleturn|p2a: Charizard|Protect\n|move|p1a: Kingambit|Sucker Punch||[still]\n|-fail|p1a: Kingambit\n|move|p2b: Milotic|Scald|p1a: Kingambit\n|-damage|p1a: Kingambit|70/100\n|move|p1b: Clefable|Moonblast|p2a: Charizard\n|-activate|p2a: Charizard|move: Protect\n|\n|upkeep\n|turn|6\n|\n|t:|1776681601\n|move|p1a: Kingambit|Sucker Punch|p2a: Charizard\n|-damage|p2a: Charizard|50/100\n|move|p2a: Charizard|Flare Blitz|p1a: Kingambit\n|-supereffective|p1a: Kingambit|1\n|-damage|p1a: Kingambit|0 fnt\n|faint|p1a: Kingambit\n|-damage|p2a: Charizard|25/100|[from] Recoil\n|move|p2b: Milotic|Life Dew||[still]|[spread] p2a,p2b\n|-heal|p2a: Charizard|50/100\n|-fail|p2b: Milotic|heal\n|move|p1b: Clefable|Moonblast|p2a: Charizard\n|-damage|p2a: Charizard|18/100\n|\n|upkeep\n|\n|t:|1776681617\n|switch|p1a: Delphox|Delphox, L50, M|100/100\n|turn|7\n|\n|t:|1776681628\n|detailschange|p1a: Delphox|Delphox-Mega, L50, M\n|-mega|p1a: Delphox|Delphox|Delphoxite\n|move|p2a: Charizard|Protect|p2a: Charizard\n|-singleturn|p2a: Charizard|Protect\n|move|p1a: Delphox|Protect|p1a: Delphox\n|-singleturn|p1a: Delphox|Protect\n|move|p2b: Milotic|Life Dew||[still]|[spread] p2a,p2b\n|-heal|p2a: Charizard|43/100\n|-fail|p2b: Milotic|heal\n|move|p1b: Clefable|Moonblast|p2a: Charizard\n|-activate|p2a: Charizard|move: Protect\n|\n|upkeep\n|turn|8\n|\n|t:|1776681670\n|move|p2a: Charizard|Flare Blitz|p1b: Clefable\n|-damage|p1b: Clefable|31/100\n|-enditem|p1b: Clefable|Sitrus Berry|[eat]\n|-heal|p1b: Clefable|55/100|[from] item: Sitrus Berry\n|-damage|p2a: Charizard|23/100|[from] Recoil\n|move|p1a: Delphox|Substitute|p1a: Delphox\n|-start|p1a: Delphox|Substitute\n|-damage|p1a: Delphox|76/100\n|move|p2b: Milotic|Scald|p1a: Delphox\n|-supereffective|p1a: Delphox|1\n|-end|p1a: Delphox|Substitute\n|move|p1b: Clefable|Moonblast|p2a: Charizard\n|-damage|p2a: Charizard|0 fnt\n|faint|p2a: Charizard\n|\n|upkeep\n|\n|t:|1776681684\n|switch|p2a: Kingambit|Kingambit, L50, M, shiny|100/100\n|turn|9\n|\n|t:|1776681692\n|move|p1a: Delphox|Protect|p1a: Delphox\n|-singleturn|p1a: Delphox|Protect\n|move|p2a: Kingambit|Bitter Malice|p1b: Clefable\n|-damage|p1b: Clefable|17/100\n|-unboost|p1b: Clefable|atk|1\n|move|p2b: Milotic|Scald|p1a: Delphox\n|-activate|p1a: Delphox|move: Protect\n|move|p1b: Clefable|Moonblast|p2a: Kingambit\n|-damage|p2a: Kingambit|32/100\n|-unboost|p2a: Kingambit|spa|1\n|replace|p2a: Zoroark|Zoroark-Hisui, L50, F, shiny\n|-end|p2a: Zoroark|Illusion\n|\n|upkeep\n|turn|10\n|\n|t:|1776681718\n|switch|p2a: Kingambit|Kingambit, L50, M, shiny|100/100\n|move|p1b: Clefable|Helping Hand|p1a: Delphox\n|-singleturn|p1a: Delphox|Helping Hand|[of] p1b: Clefable\n|move|p1a: Delphox|Psychic|p2b: Milotic\n|-damage|p2b: Milotic|44/100\n|move|p2b: Milotic|Scald|p1b: Clefable\n|-crit|p1b: Clefable\n|-damage|p1b: Clefable|0 fnt\n|faint|p1b: Clefable\n|\n|-heal|p2b: Milotic|50/100|[from] item: Leftovers\n|upkeep\n|\n|t:|1776681730\n|switch|p1b: Basculegion|Basculegion, L50, M|84/100\n|turn|11\n|\n|t:|1776681744\n|move|p2a: Kingambit|Sucker Punch|p1a: Delphox\n|-supereffective|p1a: Delphox|1\n|-damage|p1a: Delphox|0 fnt\n|faint|p1a: Delphox\n|move|p1b: Basculegion|Last Respects|p2b: Milotic\n|-damage|p2b: Milotic|0 fnt\n|faint|p2b: Milotic\n|\n|upkeep\n|\n|t:|1776681751\n|switch|p2b: Zoroark|Zoroark-Hisui, L50, F, shiny|32/100\n|turn|12\n|\n|t:|1776681772\n|move|p2a: Kingambit|Sucker Punch|p1b: Basculegion\n|-supereffective|p1b: Basculegion|1\n|-damage|p1b: Basculegion|0 fnt\n|faint|p1b: Basculegion\n|\n|win|kirusaya\n|raw|AdamRerquiem's rating: 1330 &rarr; <strong>1310</strong><br />(-20 for losing)\n|raw|kirusaya's rating: 1323 &rarr; <strong>1343</strong><br />(+20 for winning)\n|l|\u2606AdamRerquiem\n|player|p1|\n",
  "uploadtime": 1776683421,
  "views": 12,
  "formatid": "gen9championsvgc2026regma",
  "rating": 1310,
  "private": 0,
  "password": null
}