{
  "id": "gen9championsvgc2026regma-2581761963",
  "format": "[Gen 9 Champions] VGC 2026 Reg M-A",
  "players": [
    "Ophiuca",
    "bello99"
  ],
  "log": "|j|\u2606Ophiuca\n|j|\u2606bello99\n|t:|1776026409\n|gametype|doubles\n|player|p1|Ophiuca|winona|1179\n|player|p2|bello99|cyrus|1210\n|gen|9\n|tier|[Gen 9 Champions] VGC 2026 Reg M-A\n|rated|\n|rule|Species Clause: Limit one of each Pok\u00e9mon\n|rule|Item Clause: Limit 1 of each item\n|clearpoke\n|poke|p1|Glimmora, L50, M|\n|poke|p1|Gardevoir, L50, F|\n|poke|p1|Incineroar, L50, F|\n|poke|p1|Corviknight, L50, M|\n|poke|p1|Garchomp, L50, F|\n|poke|p1|Empoleon, L50, M|\n|poke|p2|Sneasler, L50, M|\n|poke|p2|Rotom-Wash, L50|\n|poke|p2|Whimsicott, L50, F|\n|poke|p2|Arcanine-Hisui, L50, M|\n|poke|p2|Dragapult, L50, F|\n|poke|p2|Gardevoir, L50, F|\n|teampreview|4\n|inactive|Battle timer is ON: inactive players will automatically lose when time's up. (requested by bello99)\n|\n|t:|1776026458\n|teamsize|p1|4\n|teamsize|p2|4\n|start\n|switch|p1a: Corviknight|Corviknight, L50, M|100/100\n|switch|p1b: Garchomp|Garchomp, L50, F|100/100\n|switch|p2a: Gardevoir|Gardevoir, L50, F, shiny|100/100\n|switch|p2b: Sneasler|Sneasler, L50, M|100/100\n|-ability|p2a: Gardevoir|Rough Skin|Trace|[from] ability: Trace|[of] p1b: Garchomp\n|turn|1\n|\n|t:|1776026481\n|switch|p1b: Empoleon|Empoleon, L50, M|100/100\n|detailschange|p2a: Gardevoir|Gardevoir-Mega, L50, F, shiny\n|-mega|p2a: Gardevoir|Gardevoir|Gardevoirite\n|move|p2b: Sneasler|Fake Out|p1b: Empoleon\n|-resisted|p1b: Empoleon|1\n|-damage|p1b: Empoleon|95/100\n|move|p2a: Gardevoir|Hyper Voice|p1b: Empoleon|[spread] p1a,p1b\n|-resisted|p1a: Corviknight|1\n|-resisted|p1b: Empoleon|1\n|-damage|p1a: Corviknight|77/100\n|-damage|p1b: Empoleon|72/100\n|move|p1a: Corviknight|Iron Head|p2a: Gardevoir\n|-supereffective|p2a: Gardevoir|1\n|-damage|p2a: Gardevoir|7/100\n|\n|-heal|p1a: Corviknight|83/100|[from] item: Leftovers\n|upkeep\n|turn|2\n|\n|t:|1776026503\n|move|p2a: Gardevoir|Protect|p2a: Gardevoir\n|-singleturn|p2a: Gardevoir|Protect\n|move|p1b: Empoleon|Protect|p1b: Empoleon\n|-singleturn|p1b: Empoleon|Protect\n|move|p2b: Sneasler|Close Combat|p1b: Empoleon\n|-activate|p1b: Empoleon|move: Protect\n|move|p1a: Corviknight|Brave Bird|p2b: Sneasler\n|-supereffective|p2b: Sneasler|1\n|-damage|p2b: Sneasler|0 fnt\n|faint|p2b: Sneasler\n|-damage|p1a: Corviknight|56/100|[from] Recoil\n|\n|-heal|p1a: Corviknight|63/100|[from] item: Leftovers\n|upkeep\n|\n|t:|1776026516\n|switch|p2b: Rotom|Rotom-Wash, L50|100/100\n|turn|3\n|\n|t:|1776026528\n|switch|p2a: Dragapult|Dragapult, L50, F|100/100\n|switch|p1a: Glimmora|Glimmora, L50, M|100/100\n|move|p2b: Rotom|Thunderbolt|p1a: Glimmora\n|-damage|p1a: Glimmora|51/100\n|move|p1b: Empoleon|Icy Wind|p2a: Dragapult|[spread] p2a,p2b\n|-supereffective|p2a: Dragapult|1\n|-resisted|p2b: Rotom|1\n|-damage|p2a: Dragapult|69/100\n|-damage|p2b: Rotom|95/100\n|-unboost|p2b: Rotom|spe|1\n|\n|-heal|p2b: Rotom|100/100|[from] item: Leftovers\n|upkeep\n|turn|4\n|inactive|Ophiuca has 30 seconds left.\n|inactive|Ophiuca has 20 seconds left.\n|\n|t:|1776026564\n|switch|p1b: Corviknight|Corviknight, L50, M|63/100\n|detailschange|p1a: Glimmora|Glimmora-Mega, L50, M\n|-mega|p1a: Glimmora|Glimmora|Glimmoranite\n|move|p2a: Dragapult|Shadow Ball|p1b: Corviknight\n|-damage|p1b: Corviknight|31/100\n|-ability|p1b: Corviknight|Mirror Armor\n|-fail|p2a: Dragapult|unboost|[from] ability: Clear Body|[of] p2a: Dragapult\n|move|p1a: Glimmora|Sludge Wave|p2a: Dragapult|[spread] p2a,p2b\n|-immune|p1b: Corviknight\n|-resisted|p2a: Dragapult|1\n|-damage|p2a: Dragapult|25/100\n|-damage|p2b: Rotom|45/100\n|move|p2b: Rotom|Hydro Pump|p1a: Glimmora|[miss]\n|-miss|p2b: Rotom|p1a: Glimmora\n|\n|-heal|p1b: Corviknight|37/100|[from] item: Leftovers\n|-heal|p2b: Rotom|51/100|[from] item: Leftovers\n|upkeep\n|turn|5\n|\n|t:|1776026589\n|move|p2a: Dragapult|Psychic Fangs|p1a: Glimmora\n|-supereffective|p1a: Glimmora|1\n|-damage|p1a: Glimmora|6/100\n|move|p1a: Glimmora|Sludge Wave|p2b: Rotom|[spread] p2a,p2b\n|-immune|p1b: Corviknight\n|-resisted|p2a: Dragapult|1\n|-damage|p2a: Dragapult|0 fnt\n|-damage|p2b: Rotom|0 fnt\n|faint|p2a: Dragapult\n|faint|p2b: Rotom\n|move|p1b: Corviknight|Tailwind|p1b: Corviknight\n|-sidestart|p1: Ophiuca|move: Tailwind\n|\n|-heal|p1b: Corviknight|44/100|[from] item: Leftovers\n|upkeep\n|-message|bello99 forfeited.\n|\n|win|Ophiuca\n|raw|Ophiuca's rating: 1179 &rarr; <strong>1206</strong><br />(+27 for winning)\n|raw|bello99's rating: 1210 &rarr; <strong>1183</strong><br />(-27 for losing)\n|l|\u2606bello99\n|player|p2|\n",
  "uploadtime": 1776026604,
  "views": 20,
  "formatid": "gen9championsvgc2026regma",
  "rating": 1183,
  "private": 0,
  "password": null
}