{
  "id": "gen9championsvgc2026regma-2586417469",
  "format": "[Gen 9 Champions] VGC 2026 Reg M-A",
  "players": [
    "slowbroloveseating",
    "clementine23"
  ],
  "log": "|j|\u2606slowbroloveseating\n|j|\u2606clementine23\n|t:|1776433232\n|gametype|doubles\n|player|p1|slowbroloveseating|colress|1206\n|player|p2|clementine23|170|1197\n|gen|9\n|tier|[Gen 9 Champions] VGC 2026 Reg M-A\n|rated|\n|rule|Species Clause: Limit one of each Pok\u00e9mon\n|rule|Item Clause: Limit 1 of each item\n|clearpoke\n|poke|p1|Tyranitar, L50, M|\n|poke|p1|Meganium, L50, F|\n|poke|p1|Basculegion, L50, M|\n|poke|p1|Garchomp, L50, M|\n|poke|p1|Sneasler, L50, M|\n|poke|p1|Aerodactyl, L50, M|\n|poke|p2|Venusaur, L50, M|\n|poke|p2|Charizard, L50, F|\n|poke|p2|Aegislash, L50, F|\n|poke|p2|Milotic, L50, F|\n|poke|p2|Tyranitar, L50, F|\n|poke|p2|Whimsicott, L50, M|\n|teampreview|4\n|c|\u2606slowbroloveseating|gl and hf\n|c|\u2606clementine23|hf\n|c|\u2606slowbroloveseating|not even good luck?\n|\n|t:|1776433325\n|teamsize|p1|4\n|teamsize|p2|4\n|start\n|switch|p1a: Sneasler|Sneasler, L50, M|100/100\n|switch|p1b: Aerodactyl|Aerodactyl, L50, M|100/100\n|switch|p2a: Venusaur|Venusaur, L50, M|100/100\n|switch|p2b: Milotic|Milotic, L50, F|100/100\n|-ability|p1b: Aerodactyl|Unnerve\n|turn|1\n|\n|t:|1776433366\n|switch|p2a: Aegislash|Aegislash, L50, F|100/100\n|move|p1a: Sneasler|Fake Out|p2a: Aegislash\n|-immune|p2a: Aegislash\n|move|p1b: Aerodactyl|Dual Wingbeat|p2a: Aegislash\n|-resisted|p2a: Aegislash|1\n|-damage|p2a: Aegislash|93/100\n|-resisted|p2a: Aegislash|1\n|-damage|p2a: Aegislash|86/100\n|-hitcount|p2a: Aegislash|2\n|move|p2b: Milotic|Scald|p1b: Aerodactyl\n|-supereffective|p1b: Aerodactyl|1\n|-damage|p1b: Aerodactyl|18/100\n|\n|-heal|p2a: Aegislash|92/100|[from] item: Leftovers\n|upkeep\n|turn|2\n|c|\u2606slowbroloveseating|wp\n|\n|t:|1776433416\n|move|p1a: Sneasler|Protect|p1a: Sneasler\n|-singleturn|p1a: Sneasler|Protect\n|move|p1b: Aerodactyl|Tailwind|p1b: Aerodactyl\n|-sidestart|p1: slowbroloveseating|move: Tailwind\n|move|p2b: Milotic|Scald|p1a: Sneasler\n|-activate|p1a: Sneasler|move: Protect\n|-formechange|p2a: Aegislash|Aegislash-Blade|\n|move|p2a: Aegislash|Iron Head|p1b: Aerodactyl\n|-supereffective|p1b: Aerodactyl|1\n|-damage|p1b: Aerodactyl|0 fnt\n|faint|p1b: Aerodactyl\n|\n|-heal|p2a: Aegislash|98/100|[from] item: Leftovers\n|upkeep\n|\n|t:|1776433429\n|switch|p1b: Basculegion|Basculegion, L50, M|100/100\n|turn|3\n|\n|t:|1776433459\n|move|p1b: Basculegion|Last Respects|p2a: Aegislash\n|-supereffective|p2a: Aegislash|1\n|-damage|p2a: Aegislash|0 fnt\n|faint|p2a: Aegislash\n|move|p1a: Sneasler|Dire Claw|p2b: Milotic\n|-damage|p2b: Milotic|58/100\n|-status|p2b: Milotic|slp\n|cant|p2b: Milotic|slp\n|\n|upkeep\n|c|\u2606slowbroloveseating|damn\n|\n|t:|1776433470\n|switch|p2a: Venusaur|Venusaur, L50, M|100/100\n|turn|4\n|c|\u2606clementine23|thought you would predict the king shield\n|c|\u2606clementine23|lol\n|c|\u2606slowbroloveseating|uh, no im too good for that\n|c|\u2606slowbroloveseating|lmao sorry\n|\n|t:|1776433500\n|detailschange|p2a: Venusaur|Venusaur-Mega, L50, M\n|-mega|p2a: Venusaur|Venusaur|Venusaurite\n|move|p1b: Basculegion|Last Respects|p2a: Venusaur\n|-damage|p2a: Venusaur|51/100\n|move|p1a: Sneasler|Dire Claw|p2a: Venusaur\n|-damage|p2a: Venusaur|11/100\n|move|p2a: Venusaur|Leaf Storm|p1b: Basculegion\n|-supereffective|p1b: Basculegion|1\n|-crit|p1b: Basculegion\n|-damage|p1b: Basculegion|0 fnt\n|-unboost|p2a: Venusaur|spa|2\n|faint|p1b: Basculegion\n|-curestatus|p2b: Milotic|slp|[msg]\n|move|p2b: Milotic|Scald|p1a: Sneasler\n|-damage|p1a: Sneasler|57/100\n|\n|upkeep\n|\n|t:|1776433516\n|switch|p1b: Tyranitar|Tyranitar, L50, M|100/100\n|-weather|Sandstorm|[from] ability: Sand Stream|[of] p1b: Tyranitar\n|turn|5\n|l|\u2606slowbroloveseating\n|player|p1|\n|inactive|Battle timer is ON: inactive players will automatically lose when time's up. (requested by clementine23)\n|j|\u2606slowbroloveseating\n|inactive|slowbroloveseating reconnected and has 75 seconds left.\n|player|p1|slowbroloveseating|colress|\n|\n|t:|1776433598\n|detailschange|p1b: Tyranitar|Tyranitar-Mega, L50, M\n|-mega|p1b: Tyranitar|Tyranitar|Tyranitarite\n|move|p2a: Venusaur|Protect|p2a: Venusaur\n|-singleturn|p2a: Venusaur|Protect\n|move|p2b: Milotic|Protect|p2b: Milotic\n|-singleturn|p2b: Milotic|Protect\n|move|p1a: Sneasler|Dire Claw|p2b: Milotic\n|-activate|p2b: Milotic|move: Protect\n|move|p1b: Tyranitar|Rock Slide|p2b: Milotic|[spread] \n|-activate|p2a: Venusaur|move: Protect\n|-activate|p2b: Milotic|move: Protect\n|\n|-weather|Sandstorm|[upkeep]\n|-damage|p1a: Sneasler|51/100|[from] Sandstorm\n|-damage|p2a: Venusaur|5/100|[from] Sandstorm\n|-damage|p2b: Milotic|52/100|[from] Sandstorm\n|-sideend|p1: slowbroloveseating|move: Tailwind\n|upkeep\n|turn|6\n|inactive|slowbroloveseating has 30 seconds left.\n|inactive|clementine23 has 30 seconds left.\n|\n|t:|1776433627\n|move|p1b: Tyranitar|Protect|p1b: Tyranitar\n|-singleturn|p1b: Tyranitar|Protect\n|move|p1a: Sneasler|Dire Claw|p2a: Venusaur\n|-damage|p2a: Venusaur|0 fnt\n|faint|p2a: Venusaur\n|move|p2b: Milotic|Scald|p1a: Sneasler\n|-damage|p1a: Sneasler|6/100\n|\n|-weather|Sandstorm|[upkeep]\n|-damage|p1a: Sneasler|0 fnt|[from] Sandstorm\n|-damage|p2b: Milotic|47/100|[from] Sandstorm\n|-enditem|p2b: Milotic|Sitrus Berry|[eat]\n|-heal|p2b: Milotic|71/100|[from] item: Sitrus Berry\n|faint|p1a: Sneasler\n|upkeep\n|\n|t:|1776433635\n|switch|p2a: Tyranitar|Tyranitar, L50, F|100/100\n|turn|7\n|c|\u2606slowbroloveseating|gg\n|\n|t:|1776433657\n|move|p1b: Tyranitar|Low Kick|p2a: Tyranitar\n|-supereffective|p2a: Tyranitar|2\n|-damage|p2a: Tyranitar|0 fnt\n|faint|p2a: Tyranitar\n|move|p2b: Milotic|Scald|p1b: Tyranitar\n|-supereffective|p1b: Tyranitar|1\n|-damage|p1b: Tyranitar|64/100\n|-status|p1b: Tyranitar|brn\n|\n|-weather|Sandstorm|[upkeep]\n|-damage|p2b: Milotic|65/100|[from] Sandstorm\n|-damage|p1b: Tyranitar|58/100 brn|[from] brn\n|upkeep\n|turn|8\n|c|\u2606slowbroloveseating|the burn!!!\n|inactive|slowbroloveseating has 30 seconds left.\n|\n|t:|1776433683\n|move|p2b: Milotic|Protect|p2b: Milotic\n|-singleturn|p2b: Milotic|Protect\n|move|p1b: Tyranitar|Low Kick|p2b: Milotic\n|-activate|p2b: Milotic|move: Protect\n|\n|-weather|Sandstorm|[upkeep]\n|-damage|p2b: Milotic|59/100|[from] Sandstorm\n|-damage|p1b: Tyranitar|52/100 brn|[from] brn\n|upkeep\n|turn|9\n|\n|t:|1776433701\n|move|p1b: Tyranitar|Low Kick|p2b: Milotic\n|-damage|p2b: Milotic|43/100\n|move|p2b: Milotic|Life Dew|p2b: Milotic\n|-heal|p2b: Milotic|68/100\n|\n|-weather|none\n|-damage|p1b: Tyranitar|46/100 brn|[from] brn\n|upkeep\n|turn|10\n|\n|t:|1776433710\n|move|p1b: Tyranitar|Low Kick|p2b: Milotic\n|-damage|p2b: Milotic|50/100\n|move|p2b: Milotic|Scald|p1b: Tyranitar\n|-supereffective|p1b: Tyranitar|1\n|-damage|p1b: Tyranitar|0 fnt\n|faint|p1b: Tyranitar\n|\n|win|clementine23\n|raw|slowbroloveseating's rating: 1206 &rarr; <strong>1180</strong><br />(-26 for losing)\n|raw|clementine23's rating: 1197 &rarr; <strong>1223</strong><br />(+26 for winning)\n|c|\u2606clementine23|sorry bro\n|c|\u2606slowbroloveseating|gg\n|c|\u2606slowbroloveseating|np\n|l|\u2606slowbroloveseating\n|player|p1|\n|c|\u2606clementine23|you were too good\n",
  "uploadtime": 1776433735,
  "views": 31,
  "formatid": "gen9championsvgc2026regma",
  "rating": 1180,
  "private": 0,
  "password": null
}