{
  "id": "gen9championsvgc2026regma-2584085871",
  "format": "[Gen 9 Champions] VGC 2026 Reg M-A",
  "players": [
    "blackgeezeus",
    "LaserDedenee"
  ],
  "log": "|j|\u2606blackgeezeus\n|j|\u2606LaserDedenee\n|t:|1776223645\n|gametype|doubles\n|player|p1|blackgeezeus|janine|1146\n|player|p2|LaserDedenee|266|1185\n|gen|9\n|tier|[Gen 9 Champions] VGC 2026 Reg M-A\n|rated|\n|rule|Species Clause: Limit one of each Pok\u00e9mon\n|rule|Item Clause: Limit 1 of each item\n|clearpoke\n|poke|p1|Zoroark-Hisui, L50, M|\n|poke|p1|Charizard, L50, F|\n|poke|p1|Farigiraf, L50, M|\n|poke|p1|Hydreigon, L50, F|\n|poke|p1|Sneasler, L50, M|\n|poke|p1|Whimsicott, L50, M|\n|poke|p2|Glimmora, L50, M|\n|poke|p2|Corviknight, L50, M|\n|poke|p2|Incineroar, L50, F|\n|poke|p2|Ninetales-Alola, L50, M|\n|poke|p2|Kommo-o, L50, M|\n|poke|p2|Rotom-Wash, L50|\n|teampreview|4\n|\n|t:|1776223719\n|teamsize|p1|4\n|teamsize|p2|4\n|start\n|switch|p1a: Whimsicott|Whimsicott, L50, M|100/100\n|switch|p1b: Charizard|Charizard, L50, F|100/100\n|switch|p2a: Rotom|Rotom-Wash, L50|100/100\n|switch|p2b: Glimmora|Glimmora, L50, M|100/100\n|turn|1\n|inactive|Battle timer is ON: inactive players will automatically lose when time's up. (requested by LaserDedenee)\n|inactive|blackgeezeus has 60 seconds left.\n|\n|t:|1776223765\n|detailschange|p1b: Charizard|Charizard-Mega-X, L50, F\n|-mega|p1b: Charizard|Charizard|Charizardite X\n|detailschange|p2b: Glimmora|Glimmora-Mega, L50, M\n|-mega|p2b: Glimmora|Glimmora|Glimmoranite\n|move|p1a: Whimsicott|Snarl|p2b: Glimmora|[spread] p2a,p2b\n|-damage|p2a: Rotom|84/100\n|-damage|p2b: Glimmora|83/100\n|-unboost|p2a: Rotom|spa|1\n|-unboost|p2b: Glimmora|spa|1\n|move|p2a: Rotom|Electroweb|p1a: Whimsicott|[spread] p1a,p1b\n|-resisted|p1b: Charizard|1\n|-damage|p1a: Whimsicott|72/100\n|-damage|p1b: Charizard|93/100\n|-unboost|p1a: Whimsicott|spe|1\n|-unboost|p1b: Charizard|spe|1\n|replace|p1a: Zoroark|Zoroark-Hisui, L50, M\n|-end|p1a: Zoroark|Illusion\n|move|p2b: Glimmora|Sludge Bomb|p1a: Zoroark\n|-resisted|p1a: Zoroark|1\n|-damage|p1a: Zoroark|28/100\n|move|p1b: Charizard|Dragon Claw|p2b: Glimmora\n|-damage|p2b: Glimmora|24/100\n|\n|upkeep\n|turn|2\n|inactive|blackgeezeus has 30 seconds left.\n|inactive|blackgeezeus has 20 seconds left.\n|inactive|blackgeezeus has 15 seconds left.\n|\n|t:|1776223808\n|switch|p1b: Whimsicott|Whimsicott, L50, M|100/100\n|move|p2b: Glimmora|Spiky Shield|p2b: Glimmora\n|-singleturn|p2b: Glimmora|move: Protect\n|move|p2a: Rotom|Electroweb|p1a: Zoroark|[spread] p1a,p1b\n|-resisted|p1b: Whimsicott|1\n|-damage|p1a: Zoroark|3/100\n|-damage|p1b: Whimsicott|94/100\n|-unboost|p1a: Zoroark|spe|1\n|-unboost|p1b: Whimsicott|spe|1\n|move|p1a: Zoroark|Snarl|p2a: Rotom|[spread] p2a\n|-activate|p2b: Glimmora|move: Protect\n|-damage|p2a: Rotom|67/100\n|-unboost|p2a: Rotom|spa|1\n|\n|upkeep\n|turn|3\n|inactive|blackgeezeus has 30 seconds left.\n|\n|t:|1776223838\n|move|p1b: Whimsicott|Tailwind|p1b: Whimsicott\n|-sidestart|p1: blackgeezeus|move: Tailwind\n|move|p1a: Zoroark|Snarl|p2a: Rotom|[spread] p2a,p2b\n|-damage|p2a: Rotom|50/100\n|-damage|p2b: Glimmora|8/100\n|-unboost|p2a: Rotom|spa|1\n|-unboost|p2b: Glimmora|spa|1\n|move|p2a: Rotom|Electroweb|p1b: Whimsicott|[spread] p1a,p1b\n|-resisted|p1b: Whimsicott|1\n|-damage|p1a: Zoroark|0 fnt\n|-damage|p1b: Whimsicott|90/100\n|-unboost|p1b: Whimsicott|spe|1\n|faint|p1a: Zoroark\n|move|p2b: Glimmora|Sludge Bomb|p1b: Whimsicott\n|-supereffective|p1b: Whimsicott|2\n|-damage|p1b: Whimsicott|0 fnt\n|faint|p1b: Whimsicott\n|\n|upkeep\n|\n|t:|1776223855\n|switch|p1a: Farigiraf|Farigiraf, L50, M|100/100\n|switch|p1b: Charizard|Charizard-Mega-X, L50, F|93/100\n|turn|4\n|inactive|LaserDedenee has 30 seconds left.\n|inactive|blackgeezeus has 30 seconds left.\n|inactive|LaserDedenee has 20 seconds left.\n|inactive|LaserDedenee has 15 seconds left.\n|\n|t:|1776223896\n|switch|p2a: Ninetales|Ninetales-Alola, L50, M|100/100\n|-weather|Snowscape|[from] ability: Snow Warning|[of] p2a: Ninetales\n|move|p1b: Charizard|Thunder Punch|p2a: Ninetales\n|-damage|p2a: Ninetales|64/100\n|move|p2b: Glimmora|Power Gem|p1a: Farigiraf\n|-damage|p1a: Farigiraf|71/100\n|move|p1a: Farigiraf|Dazzling Gleam|p2a: Ninetales|[spread] p2a,p2b\n|-resisted|p2b: Glimmora|1\n|-damage|p2a: Ninetales|43/100\n|-damage|p2b: Glimmora|0 fnt\n|faint|p2b: Glimmora\n|\n|-weather|Snowscape|[upkeep]\n|upkeep\n|\n|t:|1776223906\n|switch|p2b: Kommo-o|Kommo-o, L50, M|100/100\n|turn|5\n|inactive|blackgeezeus has 30 seconds left.\n|\n|t:|1776223934\n|move|p2b: Kommo-o|Protect|p2b: Kommo-o\n|-singleturn|p2b: Kommo-o|Protect\n|move|p1b: Charizard|Dragon Claw|p2b: Kommo-o\n|-activate|p2b: Kommo-o|move: Protect\n|move|p2a: Ninetales|Blizzard|p1a: Farigiraf|[spread] p1a,p1b\n|-damage|p1a: Farigiraf|44/100\n|-damage|p1b: Charizard|55/100\n|-enditem|p1a: Farigiraf|Sitrus Berry|[eat]\n|-heal|p1a: Farigiraf|69/100|[from] item: Sitrus Berry\n|move|p1a: Farigiraf|Dazzling Gleam|p2a: Ninetales|[spread] p2a\n|-activate|p2b: Kommo-o|move: Protect\n|-damage|p2a: Ninetales|22/100\n|\n|-weather|Snowscape|[upkeep]\n|upkeep\n|turn|6\n|inactive|blackgeezeus has 30 seconds left.\n|inactive|LaserDedenee has 30 seconds left.\n|inactive|LaserDedenee has 20 seconds left.\n|inactive|LaserDedenee has 15 seconds left.\n|\n|t:|1776223977\n|move|p1b: Charizard|Dragon Claw|p2b: Kommo-o\n|-supereffective|p2b: Kommo-o|1\n|-damage|p2b: Kommo-o|0 fnt\n|faint|p2b: Kommo-o\n|move|p2a: Ninetales|Blizzard|p1a: Farigiraf|[spread] p1a,p1b\n|-crit|p1a: Farigiraf\n|-damage|p1a: Farigiraf|23/100\n|-damage|p1b: Charizard|17/100\n|move|p1a: Farigiraf|Dazzling Gleam|p2a: Ninetales\n|-damage|p2a: Ninetales|0 fnt\n|faint|p2a: Ninetales\n|\n|-weather|Snowscape|[upkeep]\n|-sideend|p1: blackgeezeus|move: Tailwind\n|upkeep\n|\n|t:|1776223981\n|switch|p2b: Rotom|Rotom-Wash, L50|50/100\n|turn|7\n|inactive|blackgeezeus has 30 seconds left.\n|\n|t:|1776224009\n|move|p1a: Farigiraf|Helping Hand|p1b: Charizard\n|-singleturn|p1b: Charizard|Helping Hand|[of] p1a: Farigiraf\n|move|p2b: Rotom|Hydro Pump|p1b: Charizard|[miss]\n|-miss|p2b: Rotom|p1b: Charizard\n|move|p1b: Charizard|Thunder Punch|p2b: Rotom\n|-damage|p2b: Rotom|0 fnt\n|faint|p2b: Rotom\n|\n|win|blackgeezeus\n|raw|blackgeezeus's rating: 1146 &rarr; <strong>1174</strong><br />(+28 for winning)\n|raw|LaserDedenee's rating: 1185 &rarr; <strong>1157</strong><br />(-28 for losing)\n",
  "uploadtime": 1776224019,
  "views": 27,
  "formatid": "gen9championsvgc2026regma",
  "rating": 1157,
  "private": 0,
  "password": null
}