{
  "id": "gen9championsvgc2026regma-2582638756",
  "format": "[Gen 9 Champions] VGC 2026 Reg M-A",
  "players": [
    "Austinsheep",
    "eva_044"
  ],
  "log": "|j|\u2606Austinsheep\n|j|\u2606eva_044\n|t:|1776104242\n|gametype|doubles\n|player|p1|Austinsheep|lance|1040\n|player|p2|eva_044|170|1065\n|gen|9\n|tier|[Gen 9 Champions] VGC 2026 Reg M-A\n|rated|\n|rule|Species Clause: Limit one of each Pok\u00e9mon\n|rule|Item Clause: Limit 1 of each item\n|clearpoke\n|poke|p1|Gengar, L50, F|\n|poke|p1|Sableye, L50, F|\n|poke|p1|Incineroar, L50, F|\n|poke|p1|Maushold, L50|\n|poke|p1|Pelipper, L50, F|\n|poke|p1|Meganium, L50, F|\n|poke|p2|Glimmora, L50, F|\n|poke|p2|Ninetales-Alola, L50, M|\n|poke|p2|Maushold-Four, L50|\n|poke|p2|Aegislash, L50, F|\n|poke|p2|Basculegion, L50, M|\n|poke|p2|Rotom-Frost, L50|\n|teampreview|4\n|inactive|Battle timer is ON: inactive players will automatically lose when time's up. (requested by eva_044)\n|inactive|eva_044 has 60 seconds left.\n|\n|t:|1776104275\n|teamsize|p1|4\n|teamsize|p2|4\n|start\n|switch|p1a: Gengar|Gengar, L50, F|100/100\n|switch|p1b: Sableye|Sableye, L50, F|100/100\n|switch|p2a: Aegislash|Aegislash, L50, F|100/100\n|switch|p2b: Maushold|Maushold-Four, L50|100/100\n|turn|1\n|\n|t:|1776104297\n|detailschange|p1a: Gengar|Gengar-Mega, L50, F\n|-mega|p1a: Gengar|Gengar|Gengarite\n|move|p1b: Sableye|Fake Out|p2b: Maushold\n|-damage|p2b: Maushold|90/100\n|cant|p2b: Maushold|flinch\n|-formechange|p2a: Aegislash|Aegislash-Blade|\n|move|p2a: Aegislash|Shadow Sneak|p1a: Gengar\n|-supereffective|p1a: Gengar|1\n|-damage|p1a: Gengar|32/100\n|move|p1a: Gengar|Shadow Ball|p2a: Aegislash\n|-supereffective|p2a: Aegislash|1\n|-damage|p2a: Aegislash|0 fnt\n|faint|p2a: Aegislash\n|\n|upkeep\n|\n|t:|1776104310\n|switch|p2a: Ninetales|Ninetales-Alola, L50, M|100/100\n|-weather|Snowscape|[from] ability: Snow Warning|[of] p2a: Ninetales\n|turn|2\n|\n|t:|1776104325\n|switch|p1b: Pelipper|Pelipper, L50, F|100/100\n|-weather|RainDance|[from] ability: Drizzle|[of] p1b: Pelipper\n|move|p1a: Gengar|Protect|p1a: Gengar\n|-singleturn|p1a: Gengar|Protect\n|move|p2b: Maushold|Follow Me|p2b: Maushold\n|-singleturn|p2b: Maushold|move: Follow Me\n|move|p2a: Ninetales|Blizzard|p1b: Pelipper|[spread] p1b\n|-activate|p1a: Gengar|move: Protect\n|-damage|p1b: Pelipper|63/100\n|\n|-weather|RainDance|[upkeep]\n|upkeep\n|turn|3\n|\n|t:|1776104347\n|move|p1b: Pelipper|Wide Guard|p1b: Pelipper\n|-singleturn|p1b: Pelipper|Wide Guard\n|move|p2b: Maushold|Follow Me|p2b: Maushold\n|-singleturn|p2b: Maushold|move: Follow Me\n|move|p1a: Gengar|Perish Song|p1a: Gengar\n|-start|p1a: Gengar|perish3|[silent]\n|-start|p1b: Pelipper|perish3|[silent]\n|-start|p2a: Ninetales|perish3|[silent]\n|-start|p2b: Maushold|perish3|[silent]\n|-fieldactivate|move: Perish Song\n|move|p2a: Ninetales|Blizzard|p1a: Gengar|[spread] \n|-activate|p1a: Gengar|move: Wide Guard\n|-activate|p1b: Pelipper|move: Wide Guard\n|\n|-weather|RainDance|[upkeep]\n|-start|p1a: Gengar|perish3\n|-start|p2b: Maushold|perish3\n|-start|p2a: Ninetales|perish3\n|-start|p1b: Pelipper|perish3\n|upkeep\n|turn|4\n|inactive|Austinsheep has 30 seconds left.\n|\n|t:|1776104377\n|switch|p1a: Incineroar|Incineroar, L50, F|100/100\n|-ability|p1a: Incineroar|Intimidate|boost\n|-unboost|p2a: Ninetales|atk|1\n|-unboost|p2b: Maushold|atk|1\n|move|p2b: Maushold|Taunt|p1b: Pelipper\n|-start|p1b: Pelipper|move: Taunt\n|move|p2a: Ninetales|Moonblast|p1a: Incineroar\n|-damage|p1a: Incineroar|71/100\n|-unboost|p1a: Incineroar|spa|1\n|move|p1b: Pelipper|U-turn|p2a: Ninetales\n|-resisted|p2a: Ninetales|1\n|-damage|p2a: Ninetales|95/100\n|\n|t:|1776104391\n|switch|p1b: Gengar|Gengar-Mega, L50, F|32/100|[from] U-turn\n|\n|-weather|RainDance|[upkeep]\n|-start|p2b: Maushold|perish2\n|-start|p2a: Ninetales|perish2\n|upkeep\n|turn|5\n|inactive|Austinsheep has 30 seconds left.\n|\n|t:|1776104418\n|move|p1b: Gengar|Protect|p1b: Gengar\n|-singleturn|p1b: Gengar|Protect\n|move|p1a: Incineroar|Fake Out|p2a: Ninetales\n|-damage|p2a: Ninetales|85/100\n|move|p2b: Maushold|Taunt|p1b: Gengar\n|-activate|p1b: Gengar|move: Protect\n|cant|p2a: Ninetales|flinch\n|\n|-weather|RainDance|[upkeep]\n|-start|p2b: Maushold|perish1\n|-start|p2a: Ninetales|perish1\n|upkeep\n|turn|6\n|inactive|eva_044 has 30 seconds left.\n|inactive|eva_044 has 20 seconds left.\n|inactive|eva_044 has 15 seconds left.\n|inactive|eva_044 has 10 seconds left.\n|\n|t:|1776104466\n|switch|p1b: Sableye|Sableye, L50, F|100/100\n|move|p2b: Maushold|Follow Me|p2b: Maushold\n|-singleturn|p2b: Maushold|move: Follow Me\n|move|p2a: Ninetales|Blizzard|p1b: Sableye|[spread] p1a,p1b\n|-resisted|p1a: Incineroar|1\n|-damage|p1a: Incineroar|59/100\n|-damage|p1b: Sableye|58/100\n|-status|p1a: Incineroar|frz\n|cant|p1a: Incineroar|frz\n|\n|-weather|none\n|-start|p2b: Maushold|perish0\n|-start|p2a: Ninetales|perish0\n|upkeep\n|faint|p2b: Maushold\n|faint|p2a: Ninetales\n|\n|t:|1776104478\n|switch|p2b: Glimmora|Glimmora, L50, F|100/100\n|turn|7\n|\n|t:|1776104498\n|detailschange|p2b: Glimmora|Glimmora-Mega, L50, F\n|-mega|p2b: Glimmora|Glimmora|Glimmoranite\n|move|p1b: Sableye|Fake Out|p2b: Glimmora\n|-resisted|p2b: Glimmora|1\n|-damage|p2b: Glimmora|97/100\n|cant|p2b: Glimmora|flinch\n|cant|p1a: Incineroar|frz\n|\n|upkeep\n|turn|8\n|\n|t:|1776104522\n|move|p1b: Sableye|Quash|p2b: Glimmora\n|-activate|p2b: Glimmora|move: Quash\n|-curestatus|p1a: Incineroar|frz|[msg]\n|move|p1a: Incineroar|Parting Shot|p2b: Glimmora\n|-unboost|p2b: Glimmora|atk|1\n|-unboost|p2b: Glimmora|spa|1\n|-message|eva_044 forfeited.\n|\n|win|Austinsheep\n|raw|Austinsheep's rating: 1040 &rarr; <strong>1076</strong><br />(+36 for winning)\n|raw|eva_044's rating: 1065 &rarr; <strong>1044</strong><br />(-21 for losing)\n|l|\u2606eva_044\n|player|p2|\n",
  "uploadtime": 1776104543,
  "views": 31,
  "formatid": "gen9championsvgc2026regma",
  "rating": 1044,
  "private": 0,
  "password": null
}