{
  "id": "gen9championsvgc2026regma-2586773648",
  "format": "[Gen 9 Champions] VGC 2026 Reg M-A",
  "players": [
    "girthyhunt",
    "BM_bryka"
  ],
  "log": "|j|\u2606girthyhunt\n|j|\u2606BM_bryka\n|t:|1776458798\n|gametype|doubles\n|player|p1|girthyhunt|clay|1245\n|player|p2|BM_bryka|hilbert-wonderlauncher|1180\n|gen|9\n|tier|[Gen 9 Champions] VGC 2026 Reg M-A\n|rated|\n|rule|Species Clause: Limit one of each Pok\u00e9mon\n|rule|Item Clause: Limit 1 of each item\n|clearpoke\n|poke|p1|Kingambit, L50, F|\n|poke|p1|Sinistcha, L50|\n|poke|p1|Rotom-Wash, L50|\n|poke|p1|Aerodactyl, L50, M|\n|poke|p1|Incineroar, L50, M|\n|poke|p1|Floette-Eternal, L50, F|\n|poke|p2|Charizard, L50, M|\n|poke|p2|Ninetales-Alola, L50, F|\n|poke|p2|Kingambit, L50, M|\n|poke|p2|Milotic, L50, F|\n|poke|p2|Sinistcha-Masterpiece, L50|\n|poke|p2|Sneasler, L50, F|\n|teampreview|4\n|\n|t:|1776458842\n|teamsize|p1|4\n|teamsize|p2|4\n|start\n|switch|p1a: Aerodactyl|Aerodactyl, L50, M|100/100\n|switch|p1b: Kingambit|Kingambit, L50, F|100/100\n|switch|p2a: Ninetales|Ninetales-Alola, L50, F|100/100\n|switch|p2b: Sneasler|Sneasler, L50, F, shiny|100/100\n|-ability|p1a: Aerodactyl|Unnerve\n|-weather|Snowscape|[from] ability: Snow Warning|[of] p2a: Ninetales\n|turn|1\n|\n|t:|1776458872\n|switch|p1b: Sinistcha|Sinistcha, L50|100/100\n|move|p1a: Aerodactyl|Protect|p1a: Aerodactyl\n|-singleturn|p1a: Aerodactyl|Protect\n|move|p2b: Sneasler|Fake Out|p1a: Aerodactyl\n|-activate|p1a: Aerodactyl|move: Protect\n|move|p2a: Ninetales|Blizzard|p1b: Sinistcha|[spread] p1b\n|-activate|p1a: Aerodactyl|move: Protect\n|-supereffective|p1b: Sinistcha|1\n|-damage|p1b: Sinistcha|52/100\n|\n|-weather|Snowscape|[upkeep]\n|upkeep\n|turn|2\n|\n|t:|1776458898\n|switch|p2b: Kingambit|Kingambit, L50, M, shiny|100/100\n|move|p1b: Sinistcha|Rage Powder|p1b: Sinistcha\n|-singleturn|p1b: Sinistcha|move: Rage Powder\n|move|p1a: Aerodactyl|Dual Wingbeat|p2b: Kingambit\n|-resisted|p2b: Kingambit|1\n|-damage|p2b: Kingambit|94/100\n|-resisted|p2b: Kingambit|1\n|-crit|p2b: Kingambit\n|-damage|p2b: Kingambit|84/100\n|-hitcount|p2b: Kingambit|2\n|move|p2a: Ninetales|Blizzard|p1b: Sinistcha|[spread] p1a,p1b\n|-supereffective|p1a: Aerodactyl|1\n|-supereffective|p1b: Sinistcha|1\n|-damage|p1a: Aerodactyl|9/100\n|-damage|p1b: Sinistcha|7/100\n|-status|p1b: Sinistcha|frz\n|\n|-weather|Snowscape|[upkeep]\n|upkeep\n|turn|3\n|\n|t:|1776458921\n|move|p2b: Kingambit|Sucker Punch||[still]\n|-fail|p2b: Kingambit\n|move|p1a: Aerodactyl|Tailwind|p1a: Aerodactyl\n|-sidestart|p1: girthyhunt|move: Tailwind\n|-curestatus|p1b: Sinistcha|frz|[from] move: Matcha Gotcha\n|move|p1b: Sinistcha|Matcha Gotcha|p2b: Kingambit|[spread] p2a,p2b\n|-resisted|p2b: Kingambit|1\n|-damage|p2a: Ninetales|77/100\n|-heal|p1b: Sinistcha|19/100|[from] drain|[of] p2a: Ninetales\n|-damage|p2b: Kingambit|72/100\n|-heal|p1b: Sinistcha|26/100|[from] drain|[of] p2b: Kingambit\n|move|p2a: Ninetales|Aurora Veil|p2a: Ninetales\n|-sidestart|p2: BM_bryka|move: Aurora Veil\n|\n|-weather|Snowscape|[upkeep]\n|upkeep\n|turn|4\n|\n|t:|1776458951\n|switch|p1a: Kingambit|Kingambit, L50, F|100/100\n|move|p1b: Sinistcha|Protect|p1b: Sinistcha\n|-singleturn|p1b: Sinistcha|Protect\n|move|p2b: Kingambit|Sucker Punch||[still]\n|-fail|p2b: Kingambit\n|move|p2a: Ninetales|Icy Wind|p1a: Kingambit|[spread] p1a\n|-activate|p1b: Sinistcha|move: Protect\n|-resisted|p1a: Kingambit|1\n|-damage|p1a: Kingambit|93/100\n|-unboost|p1a: Kingambit|spe|1\n|-ability|p1a: Kingambit|Defiant|boost\n|-boost|p1a: Kingambit|atk|2\n|\n|-weather|Snowscape|[upkeep]\n|upkeep\n|turn|5\n|\n|t:|1776458972\n|move|p1b: Sinistcha|Matcha Gotcha|p2a: Ninetales|[spread] p2a,p2b\n|-resisted|p2b: Kingambit|1\n|-damage|p2a: Ninetales|62/100\n|-heal|p1b: Sinistcha|34/100|[from] drain|[of] p2a: Ninetales\n|-damage|p2b: Kingambit|64/100\n|-heal|p1b: Sinistcha|39/100|[from] drain|[of] p2b: Kingambit\n|move|p2a: Ninetales|Blizzard|p1b: Sinistcha|[spread] p1a,p1b\n|-resisted|p1a: Kingambit|1\n|-supereffective|p1b: Sinistcha|1\n|-damage|p1a: Kingambit|78/100\n|-damage|p1b: Sinistcha|0 fnt\n|faint|p1b: Sinistcha\n|move|p1a: Kingambit|Iron Head|p2a: Ninetales\n|-supereffective|p2a: Ninetales|2\n|-damage|p2a: Ninetales|0 fnt\n|faint|p2a: Ninetales\n|move|p2b: Kingambit|Low Kick|p1a: Kingambit\n|-supereffective|p1a: Kingambit|2\n|-damage|p1a: Kingambit|0 fnt\n|faint|p1a: Kingambit\n|\n|-weather|none\n|upkeep\n|\n|t:|1776458999\n|switch|p2a: Charizard|Charizard, L50, M|100/100\n|switch|p1b: Rotom|Rotom-Wash, L50|100/100\n|switch|p1a: Aerodactyl|Aerodactyl, L50, M|9/100\n|-ability|p1a: Aerodactyl|Unnerve\n|turn|6\n|\n|t:|1776459013\n|detailschange|p2a: Charizard|Charizard-Mega-X, L50, M\n|-mega|p2a: Charizard|Charizard|Charizardite X\n|move|p1a: Aerodactyl|Protect|p1a: Aerodactyl\n|-singleturn|p1a: Aerodactyl|Protect\n|move|p2b: Kingambit|Sucker Punch||[still]\n|-fail|p2b: Kingambit\n|move|p1b: Rotom|Will-O-Wisp|p2b: Kingambit\n|-status|p2b: Kingambit|brn\n|move|p2a: Charizard|Dragon Dance|p2a: Charizard\n|-boost|p2a: Charizard|atk|1\n|-boost|p2a: Charizard|spe|1\n|\n|-damage|p2b: Kingambit|58/100 brn|[from] brn\n|-sideend|p1: girthyhunt|move: Tailwind\n|upkeep\n|turn|7\n|\n|t:|1776459048\n|switch|p2b: Sneasler|Sneasler, L50, F, shiny|100/100\n|move|p2a: Charizard|Breaking Swipe|p1b: Rotom|[spread] p1a,p1b\n|-damage|p1a: Aerodactyl|0 fnt\n|-damage|p1b: Rotom|60/100\n|-unboost|p1b: Rotom|atk|1\n|faint|p1a: Aerodactyl\n|move|p1b: Rotom|Will-O-Wisp|p2a: Charizard\n|-immune|p2a: Charizard\n|\n|-heal|p1b: Rotom|66/100|[from] item: Leftovers\n|-sideend|p2: BM_bryka|move: Aurora Veil\n|upkeep\n|turn|8\n|-message|girthyhunt forfeited.\n|\n|win|BM_bryka\n|raw|girthyhunt's rating: 1245 &rarr; <strong>1215</strong><br />(-30 for losing)\n|raw|BM_bryka's rating: 1180 &rarr; <strong>1210</strong><br />(+30 for winning)\n|l|\u2606girthyhunt\n|player|p1|\n",
  "uploadtime": 1776459074,
  "views": 50,
  "formatid": "gen9championsvgc2026regma",
  "rating": 1210,
  "private": 0,
  "password": null
}