{
  "id": "gen9championsvgc2026regma-2582849175",
  "format": "[Gen 9 Champions] VGC 2026 Reg M-A",
  "players": [
    "itsfrancoxx",
    "DMAngel"
  ],
  "log": "|j|\u2606itsfrancoxx\n|j|\u2606DMAngel\n|t:|1776118913\n|gametype|doubles\n|player|p1|itsfrancoxx|2|1086\n|player|p2|DMAngel|ginchiyo-conquest|1087\n|gen|9\n|tier|[Gen 9 Champions] VGC 2026 Reg M-A\n|rated|\n|rule|Species Clause: Limit one of each Pok\u00e9mon\n|rule|Item Clause: Limit 1 of each item\n|clearpoke\n|poke|p1|Excadrill, L50, M|\n|poke|p1|Rotom-Wash, L50|\n|poke|p1|Incineroar, L50, F|\n|poke|p1|Tyranitar, L50, M|\n|poke|p1|Sinistcha, L50|\n|poke|p1|Floette-Eternal, L50, F|\n|poke|p2|Meganium, L50, F|\n|poke|p2|Aurorus, L50, F|\n|poke|p2|Raichu, L50, M|\n|poke|p2|Ariados, L50, F|\n|poke|p2|Armarouge, L50, M|\n|poke|p2|Arcanine-Hisui, L50, M|\n|teampreview|4\n|\n|t:|1776118962\n|teamsize|p1|4\n|teamsize|p2|4\n|start\n|switch|p1a: Tyranitar|Tyranitar, L50, M|100/100\n|switch|p1b: Rotom|Rotom-Wash, L50|100/100\n|switch|p2a: Aurorus|Aurorus, L50, F|100/100\n|switch|p2b: Ariados|Ariados, L50, F, shiny|100/100\n|-weather|Sandstorm|[from] ability: Sand Stream|[of] p1a: Tyranitar\n|-weather|Snowscape|[from] ability: Snow Warning|[of] p2a: Aurorus\n|turn|1\n|\n|t:|1776118978\n|move|p2b: Ariados|First Impression|p1a: Tyranitar\n|-supereffective|p1a: Tyranitar|1\n|-crit|p1a: Tyranitar\n|-damage|p1a: Tyranitar|0 fnt\n|faint|p1a: Tyranitar\n|move|p1b: Rotom|Will-O-Wisp|p2a: Aurorus\n|-status|p2a: Aurorus|brn\n|move|p2a: Aurorus|Aurora Veil|p2a: Aurorus\n|-sidestart|p2: DMAngel|move: Aurora Veil\n|\n|-weather|Snowscape|[upkeep]\n|-damage|p2a: Aurorus|94/100 brn|[from] brn\n|upkeep\n|\n|t:|1776118988\n|switch|p1a: Floette|Floette-Eternal, L50, F|100/100\n|turn|2\n|\n|t:|1776119002\n|detailschange|p1a: Floette|Floette-Mega, L50, F\n|-mega|p1a: Floette|Floette|Floettite\n|-ability|p1a: Floette|Fairy Aura\n|move|p1a: Floette|Calm Mind|p1a: Floette\n|-boost|p1a: Floette|spa|1\n|-boost|p1a: Floette|spd|1\n|move|p1b: Rotom|Hydro Pump|p2a: Aurorus\n|-supereffective|p2a: Aurorus|1\n|-damage|p2a: Aurorus|56/100 brn\n|move|p2a: Aurorus|Blizzard|p1a: Floette|[spread] p1a,p1b\n|-resisted|p1b: Rotom|1\n|-damage|p1a: Floette|88/100\n|-damage|p1b: Rotom|87/100\n|move|p2b: Ariados|Toxic Thread|p1a: Floette\n|-unboost|p1a: Floette|spe|2\n|-status|p1a: Floette|psn\n|\n|-weather|Snowscape|[upkeep]\n|-heal|p2a: Aurorus|62/100 brn|[from] item: Leftovers\n|-damage|p1a: Floette|76/100 psn|[from] psn\n|-damage|p2a: Aurorus|56/100 brn|[from] brn\n|upkeep\n|turn|3\n|\n|t:|1776119030\n|move|p1b: Rotom|Volt Switch|p2a: Aurorus\n|-damage|p2a: Aurorus|41/100 brn\n|\n|t:|1776119044\n|switch|p1b: Sinistcha|Sinistcha, L50|100/100|[from] Volt Switch\n|-heal|p1a: Floette|100/100 psn|[from] ability: Hospitality|[of] p1b: Sinistcha\n|move|p2a: Aurorus|Blizzard|p1b: Sinistcha|[spread] p1a,p1b\n|-supereffective|p1b: Sinistcha|1\n|-damage|p1a: Floette|88/100 psn\n|-damage|p1b: Sinistcha|30/100\n|-enditem|p1b: Sinistcha|Sitrus Berry|[eat]\n|-heal|p1b: Sinistcha|54/100|[from] item: Sitrus Berry\n|move|p1a: Floette|Dazzling Gleam|p2b: Ariados|[spread] p2a,p2b\n|-resisted|p2b: Ariados|1\n|-damage|p2a: Aurorus|8/100 brn\n|-damage|p2b: Ariados|76/100\n|move|p2b: Ariados|Toxic Thread|p1b: Sinistcha\n|-unboost|p1b: Sinistcha|spe|2\n|-status|p1b: Sinistcha|psn\n|\n|-weather|Snowscape|[upkeep]\n|-heal|p2a: Aurorus|14/100 brn|[from] item: Leftovers\n|-damage|p1a: Floette|76/100 psn|[from] psn\n|-damage|p1b: Sinistcha|42/100 psn|[from] psn\n|-damage|p2a: Aurorus|8/100 brn|[from] brn\n|upkeep\n|turn|4\n|\n|t:|1776119074\n|move|p2a: Aurorus|Blizzard|p1b: Sinistcha|[spread] p1a,p1b\n|-supereffective|p1b: Sinistcha|1\n|-damage|p1a: Floette|63/100 psn\n|-damage|p1b: Sinistcha|0 fnt\n|faint|p1b: Sinistcha\n|move|p1a: Floette|Dazzling Gleam|p2b: Ariados|[spread] p2a,p2b\n|-crit|p2a: Aurorus\n|-resisted|p2b: Ariados|1\n|-damage|p2a: Aurorus|0 fnt\n|-damage|p2b: Ariados|55/100\n|faint|p2a: Aurorus\n|move|p2b: Ariados|Toxic Thread|p1a: Floette\n|-unboost|p1a: Floette|spe|2\n|-fail|p1a: Floette|psn\n|\n|-weather|Snowscape|[upkeep]\n|-damage|p1a: Floette|51/100 psn|[from] psn\n|upkeep\n|\n|t:|1776119089\n|switch|p1b: Rotom|Rotom-Wash, L50|87/100\n|switch|p2a: Meganium|Meganium, L50, F|100/100\n|turn|5\n|\n|t:|1776119124\n|detailschange|p2a: Meganium|Meganium-Mega, L50, F\n|-mega|p2a: Meganium|Meganium|Meganiumite\n|move|p1a: Floette|Protect|p1a: Floette\n|-singleturn|p1a: Floette|Protect\n|move|p1b: Rotom|Will-O-Wisp|p2a: Meganium\n|-status|p2a: Meganium|brn\n|move|p2a: Meganium|Solar Beam||[still]\n|-prepare|p2a: Meganium|Solar Beam\n|-activate|p2a: Meganium|ability: Mega Sol\n|-anim|p2a: Meganium|Solar Beam|p1a: Floette\n|-activate|p1a: Floette|move: Protect\n|move|p2b: Ariados|Foul Play|p1a: Floette\n|-activate|p1a: Floette|move: Protect\n|\n|-weather|none\n|-damage|p1a: Floette|39/100 psn|[from] psn\n|-damage|p2a: Meganium|95/100 brn|[from] brn\n|-sideend|p2: DMAngel|move: Aurora Veil\n|upkeep\n|turn|6\n|\n|t:|1776119150\n|move|p1b: Rotom|Volt Switch|p2a: Meganium\n|-resisted|p2a: Meganium|1\n|-damage|p2a: Meganium|81/100 brn\n|move|p2a: Meganium|Solar Beam||[still]\n|-prepare|p2a: Meganium|Solar Beam\n|-activate|p2a: Meganium|ability: Mega Sol\n|-anim|p2a: Meganium|Solar Beam|p1a: Floette\n|-damage|p1a: Floette|5/100 psn\n|move|p2b: Ariados|Foul Play|p1a: Floette\n|-resisted|p1a: Floette|1\n|-damage|p1a: Floette|0 fnt\n|faint|p1a: Floette\n|\n|-damage|p2a: Meganium|75/100 brn|[from] brn\n|upkeep\n|turn|7\n|-message|itsfrancoxx forfeited.\n|\n|win|DMAngel\n|raw|itsfrancoxx's rating: 1086 &rarr; <strong>1063</strong><br />(-23 for losing)\n|raw|DMAngel's rating: 1087 &rarr; <strong>1114</strong><br />(+27 for winning)\n|l|\u2606itsfrancoxx\n|player|p1|\n",
  "uploadtime": 1776119165,
  "views": 31,
  "formatid": "gen9championsvgc2026regma",
  "rating": 1063,
  "private": 0,
  "password": null
}