{
  "id": "gen9championsvgc2026regma-2581309011",
  "format": "[Gen 9 Champions] VGC 2026 Reg M-A",
  "players": [
    "bruhgokusolo",
    "Digga D2.0"
  ],
  "log": "|j|\u2606bruhgokusolo\n|j|\u2606Digga D2.0\n|t:|1775984644\n|gametype|doubles\n|player|p1|bruhgokusolo|101|1181\n|player|p2|Digga D2.0|266|1106\n|gen|9\n|tier|[Gen 9 Champions] VGC 2026 Reg M-A\n|rated|\n|rule|Species Clause: Limit one of each Pok\u00e9mon\n|rule|Item Clause: Limit 1 of each item\n|clearpoke\n|poke|p1|Tyranitar, L50, F|\n|poke|p1|Archaludon, L50, F|\n|poke|p1|Sylveon, L50, M|\n|poke|p1|Garchomp, L50, F|\n|poke|p1|Sneasler, L50, M|\n|poke|p1|Aerodactyl, L50, M|\n|poke|p2|Pelipper, L50, M|\n|poke|p2|Archaludon, L50, M|\n|poke|p2|Dragonite, L50, M|\n|poke|p2|Sneasler, L50, F|\n|poke|p2|Basculegion, L50, M|\n|poke|p2|Incineroar, L50, F|\n|teampreview|4\n|inactive|Battle timer is ON: inactive players will automatically lose when time's up. (requested by Digga D2.0)\n|\n|t:|1775984679\n|teamsize|p1|4\n|teamsize|p2|4\n|start\n|switch|p1a: Tyranitar|Tyranitar, L50, F|100/100\n|switch|p1b: Garchomp|Garchomp, L50, F|100/100\n|switch|p2a: Poppin|Pelipper, L50, M|100/100\n|switch|p2b: OnThaLine|Dragonite, L50, M, shiny|100/100\n|-weather|RainDance|[from] ability: Drizzle|[of] p2a: Poppin\n|-weather|Sandstorm|[from] ability: Sand Stream|[of] p1a: Tyranitar\n|turn|1\n|inactive|Digga D2.0 has 30 seconds left.\n|\n|t:|1775984704\n|detailschange|p2b: OnThaLine|Dragonite-Mega, L50, M, shiny\n|-mega|p2b: OnThaLine|Dragonite|Dragoninite\n|move|p2a: Poppin|Wide Guard|p2a: Poppin\n|-singleturn|p2a: Poppin|Wide Guard\n|move|p1b: Garchomp|Rock Slide|p2b: OnThaLine|[spread] \n|-activate|p2a: Poppin|move: Wide Guard\n|-activate|p2b: OnThaLine|move: Wide Guard\n|move|p2b: OnThaLine|Draco Meteor|p1b: Garchomp\n|-supereffective|p1b: Garchomp|1\n|-damage|p1b: Garchomp|0 fnt\n|-unboost|p2b: OnThaLine|spa|2\n|faint|p1b: Garchomp\n|move|p1a: Tyranitar|Rock Slide|p2b: OnThaLine|[spread] \n|-activate|p2a: Poppin|move: Wide Guard\n|-activate|p2b: OnThaLine|move: Wide Guard\n|\n|-weather|Sandstorm|[upkeep]\n|-damage|p2b: OnThaLine|95/100|[from] Sandstorm\n|-damage|p2a: Poppin|95/100|[from] Sandstorm\n|upkeep\n|\n|t:|1775984723\n|switch|p1b: Archaludon|Archaludon, L50, F|100/100\n|turn|2\n|-activate|p1b: Archaludon|item: Quick Claw\n|\n|t:|1775984742\n|switch|p2a: Bak2Bed|Archaludon, L50, M, shiny|100/100\n|move|p2b: OnThaLine|Protect|p2b: OnThaLine\n|-singleturn|p2b: OnThaLine|Protect\n|move|p1b: Archaludon|Draco Meteor|p2b: OnThaLine\n|-activate|p2b: OnThaLine|move: Protect\n|move|p1a: Tyranitar|Rock Slide|p2a: Bak2Bed|[spread] p2a\n|-activate|p2b: OnThaLine|move: Protect\n|-resisted|p2a: Bak2Bed|1\n|-damage|p2a: Bak2Bed|88/100\n|-ability|p2a: Bak2Bed|Stamina|boost\n|-boost|p2a: Bak2Bed|def|1\n|\n|-weather|Sandstorm|[upkeep]\n|-damage|p2b: OnThaLine|89/100|[from] Sandstorm\n|-heal|p2a: Bak2Bed|94/100|[from] item: Leftovers\n|upkeep\n|turn|3\n|inactive|bruhgokusolo has 30 seconds left.\n|inactive|Digga D2.0 has 30 seconds left.\n|inactive|Digga D2.0 has 20 seconds left.\n|inactive|Digga D2.0 has 15 seconds left.\n|inactive|Digga D2.0 has 10 seconds left.\n|\n|t:|1775984788\n|switch|p2b: Poppin|Pelipper, L50, M|95/100\n|-weather|RainDance|[from] ability: Drizzle|[of] p2b: Poppin\n|move|p2a: Bak2Bed|Flash Cannon|p1a: Tyranitar\n|-supereffective|p1a: Tyranitar|1\n|-damage|p1a: Tyranitar|35/100\n|move|p1b: Archaludon|Draco Meteor|p2b: Poppin\n|-damage|p2b: Poppin|0 fnt\n|-unboost|p1b: Archaludon|spa|2\n|faint|p2b: Poppin\n|move|p1a: Tyranitar|High Horsepower|p2a: Bak2Bed\n|-supereffective|p2a: Bak2Bed|1\n|-damage|p2a: Bak2Bed|55/100\n|-ability|p2a: Bak2Bed|Stamina|boost\n|-boost|p2a: Bak2Bed|def|1\n|\n|-weather|RainDance|[upkeep]\n|-heal|p2a: Bak2Bed|61/100|[from] item: Leftovers\n|upkeep\n|\n|t:|1775984808\n|switch|p2b: Real six|Basculegion, L50, M, shiny|100/100\n|turn|4\n|\n|t:|1775984830\n|detailschange|p1a: Tyranitar|Tyranitar-Mega, L50, F\n|-mega|p1a: Tyranitar|Tyranitar|Tyranitarite\n|-weather|Sandstorm|[from] ability: Sand Stream|[of] p1a: Tyranitar\n|move|p2b: Real six|Aqua Jet|p1a: Tyranitar\n|-supereffective|p1a: Tyranitar|1\n|-crit|p1a: Tyranitar\n|-damage|p1a: Tyranitar|0 fnt\n|faint|p1a: Tyranitar\n|move|p2a: Bak2Bed|Draco Meteor|p1b: Archaludon\n|-damage|p1b: Archaludon|26/100\n|-unboost|p2a: Bak2Bed|spa|2\n|-ability|p1b: Archaludon|Stamina|boost\n|-boost|p1b: Archaludon|def|1\n|move|p1b: Archaludon|Aura Sphere|p2a: Bak2Bed\n|-supereffective|p2a: Bak2Bed|1\n|-crit|p2a: Bak2Bed\n|-damage|p2a: Bak2Bed|0 fnt\n|faint|p2a: Bak2Bed\n|\n|-weather|Sandstorm|[upkeep]\n|-damage|p2b: Real six|94/100|[from] Sandstorm\n|upkeep\n|\n|t:|1775984850\n|switch|p2a: OnThaLine|Dragonite-Mega, L50, M, shiny|89/100\n|switch|p1a: Sneasler|Sneasler, L50, M|100/100\n|-ability|p1a: Sneasler|Pressure\n|turn|5\n|inactive|Digga D2.0 has 30 seconds left.\n|inactive|Digga D2.0 has 20 seconds left.\n|inactive|Digga D2.0 has 15 seconds left.\n|\n|t:|1775984891\n|move|p1a: Sneasler|Fake Out|p2a: OnThaLine\n|-damage|p2a: OnThaLine|75/100\n|cant|p2a: OnThaLine|flinch\n|move|p2b: Real six|Wave Crash|p1a: Sneasler\n|-damage|p1a: Sneasler|0 fnt\n|faint|p1a: Sneasler\n|-damage|p2b: Real six|68/100|[from] Recoil\n|move|p1b: Archaludon|Draco Meteor|p2a: OnThaLine\n|-supereffective|p2a: OnThaLine|1\n|-damage|p2a: OnThaLine|15/100\n|-unboost|p1b: Archaludon|spa|2\n|\n|-weather|Sandstorm|[upkeep]\n|-damage|p2a: OnThaLine|9/100|[from] Sandstorm\n|-damage|p2b: Real six|62/100|[from] Sandstorm\n|upkeep\n|turn|6\n|\n|t:|1775984913\n|move|p2a: OnThaLine|Draco Meteor|p1b: Archaludon\n|-damage|p1b: Archaludon|0 fnt\n|-unboost|p2a: OnThaLine|spa|2\n|faint|p1b: Archaludon\n|\n|win|Digga D2.0\n|raw|bruhgokusolo's rating: 1152 &rarr; <strong>1124</strong><br />(-28 for losing)\n|raw|Digga D2.0's rating: 1106 &rarr; <strong>1134</strong><br />(+28 for winning)\n|l|\u2606bruhgokusolo\n|player|p1|\n|l|\u2606Digga D2.0\n|player|p2|\n",
  "uploadtime": 1775985720,
  "views": 16,
  "formatid": "gen9championsvgc2026regma",
  "rating": 1124,
  "private": 0,
  "password": null
}