{
  "id": "gen9championsvgc2026regma-2588497143",
  "format": "[Gen 9 Champions] VGC 2026 Reg M-A",
  "players": [
    "Doguito46",
    "Kazuma Yato"
  ],
  "log": "|j|\u2606Doguito46\n|j|\u2606Kazuma Yato\n|t:|1776638878\n|gametype|doubles\n|player|p1|Doguito46|266|1169\n|player|p2|Kazuma Yato|2|1193\n|gen|9\n|tier|[Gen 9 Champions] VGC 2026 Reg M-A\n|rated|\n|rule|Species Clause: Limit one of each Pok\u00e9mon\n|rule|Item Clause: Limit 1 of each item\n|clearpoke\n|poke|p1|Pelipper, L50, F|\n|poke|p1|Basculegion, L50, M, shiny|\n|poke|p1|Archaludon, L50, M|\n|poke|p1|Sneasler, L50, M, shiny|\n|poke|p1|Dragonite, L50, F, shiny|\n|poke|p1|Incineroar, L50, F|\n|poke|p2|Scizor, L50, F|\n|poke|p2|Sneasler, L50, M|\n|poke|p2|Sinistcha, L50|\n|poke|p2|Tyranitar, L50, F|\n|poke|p2|Milotic, L50, M|\n|poke|p2|Mamoswine, L50, M|\n|teampreview|4\n|inactive|Battle timer is ON: inactive players will automatically lose when time's up. (requested by Doguito46)\n|inactive|Kazuma Yato has 60 seconds left.\n|inactive|Kazuma Yato has 30 seconds left.\n|inactive|Kazuma Yato has 20 seconds left.\n|inactive|Kazuma Yato has 15 seconds left.\n|\n|t:|1776638977\n|teamsize|p1|4\n|teamsize|p2|4\n|start\n|switch|p1a: Dragonite|Dragonite, L50, F, shiny|100/100\n|switch|p1b: Pelipper|Pelipper, L50, F|100/100\n|switch|p2a: Sinistcha|Sinistcha, L50|100/100\n|switch|p2b: Milotic|Milotic, L50, M|100/100\n|-weather|RainDance|[from] ability: Drizzle|[of] p1b: Pelipper\n|turn|1\n|inactive|Kazuma Yato has 30 seconds left.\n|\n|t:|1776639009\n|detailschange|p1a: Dragonite|Dragonite-Mega, L50, F, shiny\n|-mega|p1a: Dragonite|Dragonite|Dragoninite\n|move|p1a: Dragonite|Protect|p1a: Dragonite\n|-singleturn|p1a: Dragonite|Protect\n|move|p1b: Pelipper|Tailwind|p1b: Pelipper\n|-sidestart|p1: Doguito46|move: Tailwind\n|move|p2b: Milotic|Icy Wind|p1b: Pelipper|[spread] p1b\n|-activate|p1a: Dragonite|move: Protect\n|-damage|p1b: Pelipper|78/100\n|-unboost|p1b: Pelipper|spe|1\n|move|p2a: Sinistcha|Matcha Gotcha|p1b: Pelipper|[spread] p1b\n|-activate|p1a: Dragonite|move: Protect\n|-damage|p1b: Pelipper|38/100\n|\n|-weather|RainDance|[upkeep]\n|upkeep\n|turn|2\n|inactive|Doguito46 has 30 seconds left.\n|inactive|Kazuma Yato has 30 seconds left.\n|inactive|Kazuma Yato has 20 seconds left.\n|\n|t:|1776639047\n|move|p1b: Pelipper|Protect|p1b: Pelipper\n|-singleturn|p1b: Pelipper|Protect\n|move|p2b: Milotic|Protect|p2b: Milotic\n|-singleturn|p2b: Milotic|Protect\n|move|p1a: Dragonite|Hurricane|p2a: Sinistcha\n|-supereffective|p2a: Sinistcha|1\n|-damage|p2a: Sinistcha|0 fnt\n|faint|p2a: Sinistcha\n|\n|-weather|RainDance|[upkeep]\n|upkeep\n|inactive|Kazuma Yato has 30 seconds left.\n|\n|t:|1776639078\n|switch|p2a: Sneasler|Sneasler, L50, M|100/100\n|turn|3\n|\n|t:|1776639088\n|switch|p1a: Basculegion|Basculegion, L50, M, shiny|100/100\n|switch|p1b: Sneasler|Sneasler, L50, M, shiny|100/100\n|move|p2a: Sneasler|Fake Out|p1a: Basculegion\n|-immune|p1a: Basculegion\n|move|p2b: Milotic|Icy Wind|p1a: Basculegion|[spread] p1a,p1b\n|-resisted|p1a: Basculegion|1\n|-damage|p1a: Basculegion|93/100\n|-damage|p1b: Sneasler|83/100\n|-unboost|p1a: Basculegion|spe|1\n|-unboost|p1b: Sneasler|spe|1\n|-enditem|p1b: Sneasler|White Herb\n|-clearnegativeboost|p1b: Sneasler|[silent]\n|\n|-weather|RainDance|[upkeep]\n|upkeep\n|turn|4\n|inactive|Doguito46 has 30 seconds left.\n|inactive|Kazuma Yato has 30 seconds left.\n|inactive|Kazuma Yato has 20 seconds left.\n|inactive|Kazuma Yato has 15 seconds left.\n|inactive|Doguito46 has 20 seconds left.\n|inactive|Kazuma Yato has 10 seconds left.\n|\n|t:|1776639138\n|move|p1b: Sneasler|Fake Out|p2a: Sneasler\n|-damage|p2a: Sneasler|76/100\n|move|p1a: Basculegion|Phantom Force||[still]\n|-prepare|p1a: Basculegion|Phantom Force\n|cant|p2a: Sneasler|flinch\n|move|p2b: Milotic|Muddy Water|p1b: Sneasler|[spread] p1b\n|-miss|p2b: Milotic|p1a: Basculegion\n|-damage|p1b: Sneasler|26/100\n|\n|-weather|RainDance|[upkeep]\n|-sideend|p1: Doguito46|move: Tailwind\n|upkeep\n|turn|5\n|\n|t:|1776639162\n|switch|p2b: Scizor|Scizor, L50, F|100/100\n|move|p1b: Sneasler|Dire Claw|p2b: Scizor\n|-immune|p2b: Scizor\n|move|p2a: Sneasler|Coaching|p2b: Scizor\n|-boost|p2b: Scizor|atk|1\n|-boost|p2b: Scizor|def|1\n|move|p1a: Basculegion|Phantom Force|p2b: Scizor|[from] lockedmove\n|-damage|p2b: Scizor|60/100\n|\n|-weather|none\n|upkeep\n|turn|6\n|inactive|Kazuma Yato has 30 seconds left.\n|inactive|Kazuma Yato has 20 seconds left.\n|inactive|Doguito46 has 30 seconds left.\n|inactive|Kazuma Yato has 15 seconds left.\n|inactive|Kazuma Yato has 10 seconds left.\n|\n|t:|1776639211\n|switch|p2a: Milotic|Milotic, L50, M|100/100\n|switch|p1a: Pelipper|Pelipper, L50, F|38/100\n|-weather|RainDance|[from] ability: Drizzle|[of] p1a: Pelipper\n|detailschange|p2b: Scizor|Scizor-Mega, L50, F\n|-mega|p2b: Scizor|Scizor|Scizorite\n|move|p1b: Sneasler|Protect|p1b: Sneasler\n|-singleturn|p1b: Sneasler|Protect\n|move|p2b: Scizor|Bullet Punch|p1b: Sneasler\n|-activate|p1b: Sneasler|move: Protect\n|\n|-weather|RainDance|[upkeep]\n|upkeep\n|turn|7\n|\n|t:|1776639230\n|switch|p1b: Basculegion|Basculegion, L50, M, shiny|93/100\n|move|p1a: Pelipper|Protect|p1a: Pelipper\n|-singleturn|p1a: Pelipper|Protect\n|move|p2b: Scizor|Protect|p2b: Scizor\n|-singleturn|p2b: Scizor|Protect\n|move|p2a: Milotic|Muddy Water|p1b: Basculegion|[spread] p1b\n|-activate|p1a: Pelipper|move: Protect\n|-resisted|p1b: Basculegion|1\n|-damage|p1b: Basculegion|71/100\n|\n|-weather|RainDance|[upkeep]\n|upkeep\n|turn|8\n|inactive|Doguito46 has 30 seconds left.\n|inactive|Kazuma Yato has 30 seconds left.\n|inactive|Doguito46 has 20 seconds left.\n|inactive|Kazuma Yato has 20 seconds left.\n|inactive|Doguito46 has 15 seconds left.\n|inactive|Kazuma Yato has 15 seconds left.\n|inactive|Kazuma Yato has 10 seconds left.\n|inactive|Kazuma Yato has 5 seconds left.\n|\n|t:|1776639283\n|switch|p1a: Dragonite|Dragonite-Mega, L50, F, shiny|100/100\n|move|p1b: Basculegion|Wave Crash|p2a: Milotic\n|-resisted|p2a: Milotic|1\n|-damage|p2a: Milotic|45/100\n|-damage|p1b: Basculegion|52/100|[from] Recoil\n|move|p2a: Milotic|Icy Wind|p1b: Basculegion|[spread] p1a,p1b\n|-supereffective|p1a: Dragonite|2\n|-resisted|p1b: Basculegion|1\n|-damage|p1a: Dragonite|79/100\n|-damage|p1b: Basculegion|45/100\n|-unboost|p1a: Dragonite|spe|1\n|-unboost|p1b: Basculegion|spe|1\n|move|p2b: Scizor|Bug Bite|p1b: Basculegion\n|-resisted|p1b: Basculegion|1\n|-damage|p1b: Basculegion|1/100\n|\n|-weather|RainDance|[upkeep]\n|-heal|p2a: Milotic|50/100|[from] item: Leftovers\n|upkeep\n|turn|9\n|inactive|Doguito46 has 30 seconds left.\n|inactive|Kazuma Yato has 30 seconds left.\n|inactive|Kazuma Yato has 20 seconds left.\n|\n|t:|1776639320\n|move|p2b: Scizor|Bullet Punch|p1b: Basculegion\n|-resisted|p1b: Basculegion|1\n|-damage|p1b: Basculegion|0 fnt\n|faint|p1b: Basculegion\n|move|p1a: Dragonite|Draco Meteor|p2b: Scizor\n|-resisted|p2b: Scizor|1\n|-damage|p2b: Scizor|30/100\n|-unboost|p1a: Dragonite|spa|2\n|move|p2a: Milotic|Icy Wind|p1a: Dragonite\n|-supereffective|p1a: Dragonite|2\n|-damage|p1a: Dragonite|24/100\n|-unboost|p1a: Dragonite|spe|1\n|\n|-weather|RainDance|[upkeep]\n|-heal|p2a: Milotic|56/100|[from] item: Leftovers\n|upkeep\n|\n|t:|1776639333\n|switch|p1b: Sneasler|Sneasler, L50, M, shiny|26/100\n|turn|10\n|\n|t:|1776639345\n|move|p2a: Milotic|Protect|p2a: Milotic\n|-singleturn|p2a: Milotic|Protect\n|move|p2b: Scizor|Protect|p2b: Scizor\n|-singleturn|p2b: Scizor|Protect\n|move|p1a: Dragonite|Protect|p1a: Dragonite\n|-singleturn|p1a: Dragonite|Protect\n|move|p1b: Sneasler|Fake Out|p2b: Scizor\n|-activate|p2b: Scizor|move: Protect\n|\n|-weather|none\n|-heal|p2a: Milotic|62/100|[from] item: Leftovers\n|upkeep\n|turn|11\n|inactive|Kazuma Yato has 30 seconds left.\n|inactive|Kazuma Yato has 20 seconds left.\n|inactive|Kazuma Yato has 15 seconds left.\n|\n|t:|1776639388\n|move|p2b: Scizor|Bullet Punch|p1b: Sneasler\n|-damage|p1b: Sneasler|0 fnt\n|faint|p1b: Sneasler\n|move|p2a: Milotic|Icy Wind|p1a: Dragonite|[miss]\n|-miss|p2a: Milotic|p1a: Dragonite\n|move|p1a: Dragonite|Thunder|p2a: Milotic\n|-supereffective|p2a: Milotic|1\n|-damage|p2a: Milotic|31/100\n|\n|-heal|p2a: Milotic|37/100|[from] item: Leftovers\n|upkeep\n|\n|t:|1776639398\n|switch|p1b: Pelipper|Pelipper, L50, F|38/100\n|-weather|RainDance|[from] ability: Drizzle|[of] p1b: Pelipper\n|turn|12\n|\n|t:|1776639417\n|move|p1b: Pelipper|Protect|p1b: Pelipper\n|-singleturn|p1b: Pelipper|Protect\n|move|p2b: Scizor|Bullet Punch|p1a: Dragonite\n|-damage|p1a: Dragonite|0 fnt\n|faint|p1a: Dragonite\n|move|p2a: Milotic|Icy Wind|p1b: Pelipper\n|-activate|p1b: Pelipper|move: Protect\n|\n|-weather|RainDance|[upkeep]\n|-heal|p2a: Milotic|43/100|[from] item: Leftovers\n|upkeep\n|turn|13\n|inactive|Kazuma Yato has 30 seconds left.\n|\n|t:|1776639429\n|move|p2b: Scizor|Bullet Punch|p1b: Pelipper\n|-resisted|p1b: Pelipper|1\n|-damage|p1b: Pelipper|5/100\n|move|p1b: Pelipper|Hurricane|p2b: Scizor\n|-damage|p2b: Scizor|0 fnt\n|faint|p2b: Scizor\n|move|p2a: Milotic|Scald|p1b: Pelipper\n|-resisted|p1b: Pelipper|1\n|-damage|p1b: Pelipper|0 fnt\n|faint|p1b: Pelipper\n|\n|win|Kazuma Yato\n|raw|Doguito46's rating: 1169 &rarr; <strong>1146</strong><br />(-23 for losing)\n|raw|Kazuma Yato's rating: 1193 &rarr; <strong>1216</strong><br />(+23 for winning)\n|l|\u2606Doguito46\n|player|p1|\n|l|\u2606Kazuma Yato\n|player|p2|\n|j|\u2606Kazuma Yato\n|player|p2|Kazuma Yato|2|\n",
  "uploadtime": 1776639628,
  "views": 11,
  "formatid": "gen9championsvgc2026regma",
  "rating": 1146,
  "private": 0,
  "password": null
}