{
  "id": "gen9championsvgc2026regma-2586784076",
  "format": "[Gen 9 Champions] VGC 2026 Reg M-A",
  "players": [
    "areestoo",
    "Hellhoundvetica"
  ],
  "log": "|j|\u2606areestoo\n|j|\u2606Hellhoundvetica\n|t:|1776459622\n|gametype|doubles\n|player|p1|areestoo|101|1285\n|player|p2|Hellhoundvetica|bellelba|1370\n|gen|9\n|tier|[Gen 9 Champions] VGC 2026 Reg M-A\n|rated|\n|rule|Species Clause: Limit one of each Pok\u00e9mon\n|rule|Item Clause: Limit 1 of each item\n|clearpoke\n|poke|p1|Incineroar, L50, M|\n|poke|p1|Farigiraf, L50, F|\n|poke|p1|Torkoal, L50, F|\n|poke|p1|Scovillain, L50, M|\n|poke|p1|Hatterene, L50, F|\n|poke|p1|Crabominable, L50, M|\n|poke|p2|Farigiraf, L50, M|\n|poke|p2|Torkoal, L50, M|\n|poke|p2|Decidueye-Hisui, L50, M|\n|poke|p2|Tyranitar, L50, F|\n|poke|p2|Milotic, L50, M|\n|poke|p2|Scizor, L50, M|\n|teampreview|4\n|inactive|Battle timer is ON: inactive players will automatically lose when time's up. (requested by areestoo)\n|inactive|areestoo has 60 seconds left.\n|inactive|Hellhoundvetica has 60 seconds left.\n|\n|t:|1776459665\n|teamsize|p1|4\n|teamsize|p2|4\n|start\n|switch|p1a: Incineroar|Incineroar, L50, M|100/100\n|switch|p1b: Farigiraf|Farigiraf, L50, F|100/100\n|switch|p2a: Milotic|Milotic, L50, M|100/100\n|switch|p2b: Tyranitar|Tyranitar, L50, F|100/100\n|-ability|p2b: Tyranitar|Unnerve\n|-ability|p1a: Incineroar|Intimidate|boost\n|-unboost|p2a: Milotic|atk|1\n|-ability|p2a: Milotic|Competitive|boost\n|-boost|p2a: Milotic|spa|2\n|-unboost|p2b: Tyranitar|atk|1\n|turn|1\n|\n|t:|1776459681\n|switch|p2b: Farigiraf|Farigiraf, L50, M|100/100\n|move|p1a: Incineroar|Fake Out||[still]\n|cant|p2b: Farigiraf|ability: Armor Tail|Fake Out|[of] p1a: Incineroar\n|move|p2a: Milotic|Scald|p1a: Incineroar\n|-supereffective|p1a: Incineroar|1\n|-damage|p1a: Incineroar|0 fnt\n|faint|p1a: Incineroar\n|move|p1b: Farigiraf|Trick Room|p1b: Farigiraf\n|-fieldstart|move: Trick Room|[of] p1b: Farigiraf\n|\n|upkeep\n|\n|t:|1776459689\n|switch|p1a: Crabominable|Crabominable, L50, M|100/100\n|turn|2\n|\n|t:|1776459711\n|detailschange|p1a: Crabominable|Crabominable-Mega, L50, M\n|-mega|p1a: Crabominable|Crabominable|Crabominite\n|move|p2b: Farigiraf|Protect|p2b: Farigiraf\n|-singleturn|p2b: Farigiraf|Protect\n|move|p1a: Crabominable|Close Combat|p2a: Milotic\n|-damage|p2a: Milotic|35/100\n|-unboost|p1a: Crabominable|def|1\n|-unboost|p1a: Crabominable|spd|1\n|-enditem|p2a: Milotic|Sitrus Berry|[eat]\n|-heal|p2a: Milotic|60/100|[from] item: Sitrus Berry\n|move|p1b: Farigiraf|Psychic|p2a: Milotic\n|-damage|p2a: Milotic|28/100\n|move|p2a: Milotic|Scald|p1a: Crabominable\n|-damage|p1a: Crabominable|21/100\n|\n|upkeep\n|turn|3\n|\n|t:|1776459731\n|switch|p2a: Scizor|Scizor, L50, M|100/100\n|move|p1a: Crabominable|Close Combat|p2b: Farigiraf\n|-damage|p2b: Farigiraf|20/100\n|-unboost|p1a: Crabominable|def|1\n|-unboost|p1a: Crabominable|spd|1\n|move|p1b: Farigiraf|Hyper Voice|p2b: Farigiraf|[spread] p2a,p2b\n|-resisted|p2a: Scizor|1\n|-damage|p2a: Scizor|81/100\n|-damage|p2b: Farigiraf|0 fnt\n|faint|p2b: Farigiraf\n|\n|upkeep\n|\n|t:|1776459744\n|switch|p2b: Tyranitar|Tyranitar, L50, F|100/100\n|-ability|p2b: Tyranitar|Unnerve\n|turn|4\n|inactive|areestoo has 30 seconds left.\n|\n|t:|1776459772\n|detailschange|p2a: Scizor|Scizor-Mega, L50, M\n|-mega|p2a: Scizor|Scizor|Scizorite\n|move|p2b: Tyranitar|Protect|p2b: Tyranitar\n|-singleturn|p2b: Tyranitar|Protect\n|move|p1a: Crabominable|Close Combat|p2b: Tyranitar\n|-activate|p2b: Tyranitar|move: Protect\n|move|p1b: Farigiraf|Nasty Plot|p1b: Farigiraf\n|-boost|p1b: Farigiraf|spa|2\n|move|p2a: Scizor|Bug Bite|p1a: Crabominable\n|-resisted|p1a: Crabominable|1\n|-damage|p1a: Crabominable|0 fnt\n|faint|p1a: Crabominable\n|\n|upkeep\n|\n|t:|1776459776\n|switch|p1a: Torkoal|Torkoal, L50, F|100/100\n|-weather|SunnyDay|[from] ability: Drought|[of] p1a: Torkoal\n|turn|5\n|\n|t:|1776459798\n|move|p2a: Scizor|Protect|p2a: Scizor\n|-singleturn|p2a: Scizor|Protect\n|move|p1a: Torkoal|Eruption|p2b: Tyranitar|[spread] p2b\n|-activate|p2a: Scizor|move: Protect\n|-resisted|p2b: Tyranitar|1\n|-damage|p2b: Tyranitar|65/100\n|move|p1b: Farigiraf|Hyper Voice|p2b: Tyranitar|[spread] p2b\n|-activate|p2a: Scizor|move: Protect\n|-resisted|p2b: Tyranitar|1\n|-damage|p2b: Tyranitar|38/100\n|move|p2b: Tyranitar|Rock Slide|p1b: Farigiraf|[spread] p1a,p1b\n|-supereffective|p1a: Torkoal|1\n|-damage|p1a: Torkoal|43/100\n|-damage|p1b: Farigiraf|65/100\n|\n|-weather|SunnyDay|[upkeep]\n|-fieldend|move: Trick Room\n|upkeep\n|turn|6\n|\n|t:|1776459817\n|move|p2a: Scizor|Bug Bite|p1b: Farigiraf\n|-supereffective|p1b: Farigiraf|1\n|-damage|p1b: Farigiraf|0 fnt\n|faint|p1b: Farigiraf\n|move|p2b: Tyranitar|Rock Slide|p1a: Torkoal\n|-supereffective|p1a: Torkoal|1\n|-damage|p1a: Torkoal|0 fnt\n|faint|p1a: Torkoal\n|\n|win|Hellhoundvetica\n|raw|areestoo's rating: 1285 &rarr; <strong>1266</strong><br />(-19 for losing)\n|raw|Hellhoundvetica's rating: 1370 &rarr; <strong>1385</strong><br />(+15 for winning)\n",
  "uploadtime": 1776459817,
  "views": 34,
  "formatid": "gen9championsvgc2026regma",
  "rating": 1266,
  "private": 0,
  "password": null
}