{
  "id": "gen9championsvgc2026regma-2581353973",
  "format": "[Gen 9 Champions] VGC 2026 Reg M-A",
  "players": [
    "FROGENDARY",
    "TimescapedDutchman"
  ],
  "log": "|j|\u2606FROGENDARY\n|j|\u2606TimescapedDutchman\n|t:|1775990744\n|gametype|doubles\n|player|p1|FROGENDARY|ingo|1077\n|player|p2|TimescapedDutchman|170|1096\n|gen|9\n|tier|[Gen 9 Champions] VGC 2026 Reg M-A\n|rated|\n|rule|Species Clause: Limit one of each Pok\u00e9mon\n|rule|Item Clause: Limit 1 of each item\n|clearpoke\n|poke|p1|Garchomp, L50, F|\n|poke|p1|Whimsicott, L50, M|\n|poke|p1|Chimecho, L50, M|\n|poke|p1|Kommo-o, L50, M|\n|poke|p1|Gyarados, L50, F|\n|poke|p1|Raichu, L50, M|\n|poke|p2|Sableye, L50, F|\n|poke|p2|Venusaur, L50, F|\n|poke|p2|Charizard, L50, F|\n|poke|p2|Whimsicott, L50, M|\n|poke|p2|Basculegion, L50, M|\n|poke|p2|Archaludon, L50, M|\n|teampreview|4\n|\n|t:|1775990794\n|teamsize|p1|4\n|teamsize|p2|4\n|start\n|switch|p1a: Garchomp|Garchomp, L50, F|100/100\n|switch|p1b: Gyarados|Gyarados, L50, F|100/100\n|switch|p2a: Sableye|Sableye, L50, F|100/100\n|switch|p2b: Charizard|Charizard, L50, F|100/100\n|-ability|p1b: Gyarados|Intimidate|boost\n|-unboost|p2a: Sableye|atk|1\n|-unboost|p2b: Charizard|atk|1\n|turn|1\n|\n|t:|1775990842\n|detailschange|p2b: Charizard|Charizard-Mega-Y, L50, F\n|-mega|p2b: Charizard|Charizard|Charizardite Y\n|-weather|SunnyDay|[from] ability: Drought|[of] p2b: Charizard\n|move|p2a: Sableye|Taunt|p1b: Gyarados\n|-start|p1b: Gyarados|move: Taunt\n|move|p1a: Garchomp|Dragon Claw|p2b: Charizard\n|-damage|p2b: Charizard|42/100\n|move|p2b: Charizard|Dragon Pulse|p1a: Garchomp\n|-supereffective|p1a: Garchomp|1\n|-damage|p1a: Garchomp|26/100\n|move|p1b: Gyarados|Waterfall|p2b: Charizard\n|-supereffective|p2b: Charizard|1\n|-damage|p2b: Charizard|0 fnt\n|faint|p2b: Charizard\n|\n|-weather|SunnyDay|[upkeep]\n|upkeep\n|\n|t:|1775990865\n|switch|p2b: Whimsicott|Whimsicott, L50, M|100/100\n|turn|2\n|\n|t:|1775990888\n|switch|p1b: Whimsicott|Whimsicott, L50, M|100/100\n|switch|p2a: Archaludon|Archaludon, L50, M|100/100\n|move|p1a: Garchomp|Dragon Claw|p2a: Archaludon\n|-damage|p2a: Archaludon|67/100\n|-ability|p2a: Archaludon|Stamina|boost\n|-boost|p2a: Archaludon|def|1\n|move|p2b: Whimsicott|Dazzling Gleam|p1b: Whimsicott|[spread] p1a,p1b\n|-supereffective|p1a: Garchomp|1\n|-damage|p1a: Garchomp|0 fnt\n|-damage|p1b: Whimsicott|84/100\n|faint|p1a: Garchomp\n|\n|-weather|SunnyDay|[upkeep]\n|-heal|p2a: Archaludon|73/100|[from] item: Leftovers\n|upkeep\n|\n|t:|1775990901\n|switch|p1a: Chimecho|Chimecho, L50, M|100/100\n|turn|3\n|\n|t:|1775990941\n|detailschange|p1a: Chimecho|Chimecho-Mega, L50, M\n|-mega|p1a: Chimecho|Chimecho|Chimechite\n|move|p2b: Whimsicott|Tailwind|p2b: Whimsicott\n|-sidestart|p2: TimescapedDutchman|move: Tailwind\n|move|p2a: Archaludon|Aura Sphere|p1a: Chimecho\n|-damage|p1a: Chimecho|76/100\n|move|p1b: Whimsicott|Moonblast|p2a: Archaludon\n|-damage|p2a: Archaludon|36/100\n|-ability|p2a: Archaludon|Stamina|boost\n|-boost|p2a: Archaludon|def|1\n|move|p1a: Chimecho|Flash Cannon|p2b: Whimsicott\n|-supereffective|p2b: Whimsicott|1\n|-enditem|p2b: Whimsicott|Babiri Berry|[eat]\n|-enditem|p2b: Whimsicott|Babiri Berry|[weaken]\n|-damage|p2b: Whimsicott|32/100\n|\n|-weather|SunnyDay|[upkeep]\n|-heal|p2a: Archaludon|42/100|[from] item: Leftovers\n|upkeep\n|turn|4\n|\n|t:|1775990986\n|move|p2a: Archaludon|Protect|p2a: Archaludon\n|-singleturn|p2a: Archaludon|Protect\n|move|p1b: Whimsicott|Tailwind|p1b: Whimsicott\n|-sidestart|p1: FROGENDARY|move: Tailwind\n|move|p2b: Whimsicott|Dazzling Gleam|p1b: Whimsicott|[spread] p1a,p1b\n|-resisted|p1a: Chimecho|1\n|-damage|p1a: Chimecho|69/100\n|-damage|p1b: Whimsicott|67/100\n|move|p1a: Chimecho|Calm Mind|p1a: Chimecho\n|-boost|p1a: Chimecho|spa|1\n|-boost|p1a: Chimecho|spd|1\n|\n|-weather|SunnyDay|[upkeep]\n|-heal|p2a: Archaludon|48/100|[from] item: Leftovers\n|upkeep\n|turn|5\n|\n|t:|1775991067\n|switch|p2a: Sableye|Sableye, L50, F|100/100\n|move|p2b: Whimsicott|Dazzling Gleam|p1a: Chimecho|[spread] p1a,p1b\n|-resisted|p1a: Chimecho|1\n|-damage|p1a: Chimecho|65/100\n|-damage|p1b: Whimsicott|49/100\n|move|p1b: Whimsicott|Moonblast|p2a: Sableye\n|-supereffective|p2a: Sableye|1\n|-damage|p2a: Sableye|43/100\n|move|p1a: Chimecho|Boomburst|p2b: Whimsicott|[spread] p1b,p2b\n|-immune|p2a: Sableye\n|-damage|p1b: Whimsicott|0 fnt\n|-damage|p2b: Whimsicott|0 fnt\n|faint|p1b: Whimsicott\n|faint|p2b: Whimsicott\n|\n|-weather|none\n|upkeep\n|\n|t:|1775991097\n|switch|p1b: Gyarados|Gyarados, L50, F|100/100\n|switch|p2b: Archaludon|Archaludon, L50, M|48/100\n|-ability|p1b: Gyarados|Intimidate|boost\n|-unboost|p2a: Sableye|atk|1\n|-unboost|p2b: Archaludon|atk|1\n|turn|6\n|\n|t:|1775991124\n|move|p2a: Sableye|Rain Dance|p2a: Sableye\n|-weather|RainDance\n|move|p2b: Archaludon|Electro Shot||[still]\n|-prepare|p2b: Archaludon|Electro Shot\n|-boost|p2b: Archaludon|spa|1\n|-anim|p2b: Archaludon|Electro Shot|p1b: Gyarados\n|-supereffective|p1b: Gyarados|2\n|-damage|p1b: Gyarados|0 fnt\n|faint|p1b: Gyarados\n|move|p1a: Chimecho|Flash Cannon|p2a: Sableye\n|-damage|p2a: Sableye|0 fnt\n|faint|p2a: Sableye\n|\n|-weather|RainDance|[upkeep]\n|-heal|p2b: Archaludon|54/100|[from] item: Leftovers\n|-sideend|p2: TimescapedDutchman|move: Tailwind\n|upkeep\n|turn|7\n|\n|t:|1775991141\n|move|p1a: Chimecho|Boomburst|p2b: Archaludon\n|-resisted|p2b: Archaludon|1\n|-damage|p2b: Archaludon|0 fnt\n|faint|p2b: Archaludon\n|\n|win|FROGENDARY\n|raw|FROGENDARY's rating: 1077 &rarr; <strong>1107</strong><br />(+30 for winning)\n|raw|TimescapedDutchman's rating: 1096 &rarr; <strong>1070</strong><br />(-26 for losing)\n|c|\u2606FROGENDARY|wow\n",
  "uploadtime": 1775991151,
  "views": 17,
  "formatid": "gen9championsvgc2026regma",
  "rating": 1070,
  "private": 0,
  "password": null
}