{
  "id": "gen9championsvgc2026regma-2581580313",
  "format": "[Gen 9 Champions] VGC 2026 Reg M-A",
  "players": [
    "IT'S SHOWDOWN",
    "Jinhiko"
  ],
  "log": "|j|\u2606IT'S SHOWDOWN\n|j|\u2606Jinhiko\n|t:|1776012577\n|gametype|doubles\n|player|p1|IT'S SHOWDOWN|fantina|1029\n|player|p2|Jinhiko|2|1018\n|gen|9\n|tier|[Gen 9 Champions] VGC 2026 Reg M-A\n|rated|\n|rule|Species Clause: Limit one of each Pok\u00e9mon\n|rule|Item Clause: Limit 1 of each item\n|clearpoke\n|poke|p1|Floette-Eternal, L50, F|\n|poke|p1|Incineroar, L50, M|\n|poke|p1|Palafin, L50, M|\n|poke|p1|Pelipper, L50, M|\n|poke|p1|Kingambit, L50, M|\n|poke|p1|Whimsicott, L50, M|\n|poke|p2|Aegislash, L50, F|\n|poke|p2|Maushold-Four, L50|\n|poke|p2|Gyarados, L50, M|\n|poke|p2|Aerodactyl, L50, F|\n|poke|p2|Venusaur, L50, M|\n|poke|p2|Incineroar, L50, M|\n|teampreview|4\n|inactive|Battle timer is ON: inactive players will automatically lose when time's up. (requested by Jinhiko)\nIT'S SHOWDOWN rejected open team sheets.\n|\n|t:|1776012604\n|teamsize|p1|4\n|teamsize|p2|4\n|start\n|switch|p1a: Incineroar|Incineroar, L50, M|100/100\n|switch|p1b: Palafin|Palafin, L50, M|100/100\n|switch|p2a: Venusaur|Venusaur, L50, M, shiny|100/100\n|switch|p2b: Incineroar|Incineroar, L50, M, shiny|100/100\n|-ability|p2b: Incineroar|Intimidate|boost\n|-unboost|p1a: Incineroar|atk|1\n|-unboost|p1b: Palafin|atk|1\n|-ability|p1a: Incineroar|Intimidate|boost\n|-unboost|p2a: Venusaur|atk|1\n|-unboost|p2b: Incineroar|atk|1\n|turn|1\n|\n|t:|1776012621\n|detailschange|p1b: Palafin|Palafin-Hero, L50, M\n|switch|p1b: Pelipper|Pelipper, L50, M|100/100\n|-weather|RainDance|[from] ability: Drizzle|[of] p1b: Pelipper\n|move|p2b: Incineroar|Fake Out|p1b: Pelipper\n|-damage|p1b: Pelipper|92/100\n|move|p1a: Incineroar|Fake Out|p2a: Venusaur\n|-damage|p2a: Venusaur|88/100\n|cant|p2a: Venusaur|flinch\n|\n|-weather|RainDance|[upkeep]\n|upkeep\n|turn|2\n|\n|t:|1776012638\n|detailschange|p2a: Venusaur|Venusaur-Mega, L50, M, shiny\n|-mega|p2a: Venusaur|Venusaur|Venusaurite\n|move|p2a: Venusaur|Giga Drain|p1b: Pelipper\n|-damage|p1b: Pelipper|38/100\n|-heal|p2a: Venusaur|100/100|[from] drain|[of] p1b: Pelipper\n|move|p2b: Incineroar|Parting Shot|p1a: Incineroar\n|-unboost|p1a: Incineroar|atk|1\n|-unboost|p1a: Incineroar|spa|1\n|\n|t:|1776012644\n|switch|p2b: Aerodactyl|Aerodactyl, L50, F, shiny|100/100|[from] Parting Shot\n|-ability|p2b: Aerodactyl|Unnerve\n|move|p1b: Pelipper|Tailwind|p1b: Pelipper\n|-sidestart|p1: IT'S SHOWDOWN|move: Tailwind\n|move|p1a: Incineroar|Parting Shot|p2a: Venusaur\n|-unboost|p2a: Venusaur|atk|1\n|-unboost|p2a: Venusaur|spa|1\n|inactive|IT'S SHOWDOWN has 30 seconds left.\n|\n|t:|1776012670\n|switch|p1a: Palafin|Palafin-Hero, L50, M|100/100|[from] Parting Shot\n|-activate|p1a: Palafin|ability: Zero to Hero\n|\n|-weather|RainDance|[upkeep]\n|upkeep\n|turn|3\n|\n|t:|1776012682\n|move|p1a: Palafin|Wave Crash|p2b: Aerodactyl\n|-supereffective|p2b: Aerodactyl|1\n|-enditem|p2b: Aerodactyl|Focus Sash\n|-damage|p2b: Aerodactyl|1/100\n|-damage|p1a: Palafin|72/100|[from] Recoil\n|move|p2b: Aerodactyl|Tailwind|p2b: Aerodactyl\n|-sidestart|p2: Jinhiko|move: Tailwind\n|move|p2a: Venusaur|Giga Drain|p1b: Pelipper\n|-damage|p1b: Pelipper|0 fnt\n|faint|p1b: Pelipper\n|\n|-weather|RainDance|[upkeep]\n|-heal|p1a: Palafin|78/100|[from] item: Leftovers\n|upkeep\n|\n|t:|1776012692\n|switch|p1b: Incineroar|Incineroar, L50, M|100/100\n|-ability|p1b: Incineroar|Intimidate|boost\n|-unboost|p2a: Venusaur|atk|1\n|-unboost|p2b: Aerodactyl|atk|1\n|turn|4\n|\n|t:|1776012701\n|move|p2b: Aerodactyl|Protect|p2b: Aerodactyl\n|-singleturn|p2b: Aerodactyl|Protect\n|move|p1b: Incineroar|Fake Out|p2a: Venusaur\n|-damage|p2a: Venusaur|87/100\n|move|p1a: Palafin|Jet Punch|p2b: Aerodactyl\n|-activate|p2b: Aerodactyl|move: Protect\n|cant|p2a: Venusaur|flinch\n|\n|-weather|RainDance|[upkeep]\n|-heal|p1a: Palafin|84/100|[from] item: Leftovers\n|upkeep\n|turn|5\n|\n|t:|1776012725\n|switch|p2b: Incineroar|Incineroar, L50, M, shiny|100/100\n|-ability|p2b: Incineroar|Intimidate|boost\n|-unboost|p1a: Palafin|atk|1\n|-unboost|p1b: Incineroar|atk|1\n|move|p1a: Palafin|Protect|p1a: Palafin\n|-singleturn|p1a: Palafin|Protect\n|move|p2a: Venusaur|Giga Drain|p1a: Palafin\n|-activate|p1a: Palafin|move: Protect\n|move|p1b: Incineroar|Flare Blitz|p2b: Incineroar\n|-resisted|p2b: Incineroar|1\n|-crit|p2b: Incineroar\n|-damage|p2b: Incineroar|80/100\n|-damage|p1b: Incineroar|93/100|[from] Recoil\n|\n|-weather|none\n|-heal|p1a: Palafin|90/100|[from] item: Leftovers\n|-sideend|p1: IT'S SHOWDOWN|move: Tailwind\n|upkeep\n|turn|6\n|\n|t:|1776012748\n|switch|p1a: Floette|Floette-Eternal, L50, F|100/100\n|move|p2a: Venusaur|Giga Drain|p1a: Floette\n|-damage|p1a: Floette|74/100\n|-heal|p2a: Venusaur|99/100|[from] drain|[of] p1a: Floette\n|move|p2b: Incineroar|Flare Blitz|p1a: Floette\n|-damage|p1a: Floette|0 fnt\n|faint|p1a: Floette\n|-damage|p2b: Incineroar|62/100|[from] Recoil\n|move|p1b: Incineroar|Parting Shot|p2a: Venusaur\n|-unboost|p2a: Venusaur|atk|1\n|-unboost|p2a: Venusaur|spa|1\n|\n|t:|1776012756\n|switch|p1b: Palafin|Palafin-Hero, L50, M|90/100|[from] Parting Shot\n|\n|-heal|p1b: Palafin|97/100|[from] item: Leftovers\n|-sideend|p2: Jinhiko|move: Tailwind\n|upkeep\n|\n|t:|1776012758\n|switch|p1a: Incineroar|Incineroar, L50, M|93/100\n|-ability|p1a: Incineroar|Intimidate|boost\n|-unboost|p2a: Venusaur|atk|1\n|-unboost|p2b: Incineroar|atk|1\n|turn|7\n|\n|t:|1776012778\n|switch|p2a: Aerodactyl|Aerodactyl, L50, F, shiny|1/100\n|-ability|p2a: Aerodactyl|Unnerve\n|move|p1b: Palafin|Bulk Up|p1b: Palafin\n|-boost|p1b: Palafin|atk|1\n|-boost|p1b: Palafin|def|1\n|move|p2b: Incineroar|Parting Shot|p1b: Palafin\n|-unboost|p1b: Palafin|atk|1\n|-unboost|p1b: Palafin|spa|1\n|\n|t:|1776012788\n|switch|p2b: Venusaur|Venusaur-Mega, L50, M, shiny|99/100|[from] Parting Shot\n|move|p1a: Incineroar|Taunt|p2b: Venusaur\n|-start|p2b: Venusaur|move: Taunt\n|\n|-heal|p1b: Palafin|100/100|[from] item: Leftovers\n|upkeep\n|turn|8\n|\n|t:|1776012799\n|move|p1b: Palafin|Jet Punch|p2a: Aerodactyl\n|-supereffective|p2a: Aerodactyl|1\n|-damage|p2a: Aerodactyl|0 fnt\n|faint|p2a: Aerodactyl\n|move|p2b: Venusaur|Giga Drain|p1b: Palafin\n|-supereffective|p1b: Palafin|1\n|-damage|p1b: Palafin|12/100\n|-heal|p2b: Venusaur|100/100|[from] drain|[of] p1b: Palafin\n|move|p1a: Incineroar|Flare Blitz|p2b: Venusaur\n|-supereffective|p2b: Venusaur|1\n|-damage|p2b: Venusaur|38/100\n|-damage|p1a: Incineroar|73/100|[from] Recoil\n|\n|-heal|p1b: Palafin|19/100|[from] item: Leftovers\n|upkeep\n|\n|t:|1776012807\n|switch|p2a: Incineroar|Incineroar, L50, M, shiny|62/100\n|-ability|p2a: Incineroar|Intimidate|boost\n|-unboost|p1a: Incineroar|atk|1\n|-unboost|p1b: Palafin|atk|1\n|turn|9\n|\n|t:|1776012816\n|move|p2a: Incineroar|Fake Out|p1b: Palafin\n|-damage|p1b: Palafin|10/100\n|cant|p1b: Palafin|flinch\n|move|p2b: Venusaur|Earth Power|p1a: Incineroar\n|-supereffective|p1a: Incineroar|1\n|-damage|p1a: Incineroar|14/100\n|move|p1a: Incineroar|Flare Blitz|p2b: Venusaur\n|-supereffective|p2b: Venusaur|1\n|-damage|p2b: Venusaur|1/100\n|-damage|p1a: Incineroar|2/100|[from] Recoil\n|\n|-heal|p1b: Palafin|16/100|[from] item: Leftovers\n|-end|p2b: Venusaur|move: Taunt\n|upkeep\n|turn|10\n|\n|t:|1776012839\n|move|p2b: Venusaur|Protect|p2b: Venusaur\n|-singleturn|p2b: Venusaur|Protect\n|move|p1b: Palafin|Jet Punch|p2b: Venusaur\n|-activate|p2b: Venusaur|move: Protect\n|move|p2a: Incineroar|Darkest Lariat|p1b: Palafin\n|-damage|p1b: Palafin|0 fnt\n|faint|p1b: Palafin\n|move|p1a: Incineroar|Taunt|p2a: Incineroar\n|-start|p2a: Incineroar|move: Taunt\n|\n|upkeep\n|turn|11\n|\n|t:|1776012854\n|move|p2b: Venusaur|Giga Drain|p1a: Incineroar\n|-resisted|p1a: Incineroar|1\n|-damage|p1a: Incineroar|0 fnt\n|-heal|p2b: Venusaur|2/100|[from] drain|[of] p1a: Incineroar\n|faint|p1a: Incineroar\n|\n|win|Jinhiko\n|raw|IT&apos;S SHOWDOWN's rating: 1029 &rarr; <strong>1014</strong><br />(-15 for losing)\n|raw|Jinhiko's rating: 1018 &rarr; <strong>1056</strong><br />(+38 for winning)\n",
  "uploadtime": 1776012857,
  "views": 23,
  "formatid": "gen9championsvgc2026regma",
  "rating": 1014,
  "private": 0,
  "password": null
}