{
  "id": "gen9championsvgc2026regma-2583864530",
  "format": "[Gen 9 Champions] VGC 2026 Reg M-A",
  "players": [
    "SleepyBadGirl",
    "PizzaMan48"
  ],
  "log": "|j|\u2606SleepyBadGirl\n|j|\u2606PizzaMan48\n|t:|1776203715\n|gametype|doubles\n|player|p1|SleepyBadGirl|102|1393\n|player|p2|PizzaMan48|clown|1435\n|gen|9\n|tier|[Gen 9 Champions] VGC 2026 Reg M-A\n|rated|\n|rule|Species Clause: Limit one of each Pok\u00e9mon\n|rule|Item Clause: Limit 1 of each item\n|clearpoke\n|poke|p1|Incineroar, L50, M|\n|poke|p1|Farigiraf, L50, M|\n|poke|p1|Golurk, L50|\n|poke|p1|Sneasler, L50, F|\n|poke|p1|Torkoal, L50, M|\n|poke|p1|Venusaur, L50, F|\n|poke|p2|Pelipper, L50, F|\n|poke|p2|Meganium, L50, M|\n|poke|p2|Scizor, L50, M|\n|poke|p2|Archaludon, L50, F|\n|poke|p2|Basculegion, L50, M|\n|poke|p2|Excadrill, L50, M|\n|teampreview|4\n|inactive|Battle timer is ON: inactive players will automatically lose when time's up. (requested by SleepyBadGirl)\n|inactive|SleepyBadGirl has 60 seconds left.\n|inactive|PizzaMan48 has 60 seconds left.\n|\n|t:|1776203762\n|teamsize|p1|4\n|teamsize|p2|4\n|start\n|switch|p1a: Sneasler|Sneasler, L50, F|100/100\n|switch|p1b: Farigiraf|Farigiraf, L50, M|100/100\n|switch|p2a: Excadrill|Excadrill, L50, M|100/100\n|switch|p2b: Pelipper|Pelipper, L50, F|100/100\n|-ability|p2a: Excadrill|Mold Breaker\n|-weather|RainDance|[from] ability: Drizzle|[of] p2b: Pelipper\n|turn|1\n|\n|t:|1776203781\n|move|p2a: Excadrill|Earthquake|p1a: Sneasler|[spread] p1a,p1b\n|-immune|p2b: Pelipper\n|-supereffective|p1a: Sneasler|1\n|-damage|p1a: Sneasler|0 fnt\n|-damage|p1b: Farigiraf|67/100\n|faint|p1a: Sneasler\n|move|p2b: Pelipper|Hurricane|p1b: Farigiraf\n|-damage|p1b: Farigiraf|31/100\n|-enditem|p1b: Farigiraf|Sitrus Berry|[eat]\n|-heal|p1b: Farigiraf|56/100|[from] item: Sitrus Berry\n|move|p1b: Farigiraf|Trick Room|p1b: Farigiraf\n|-fieldstart|move: Trick Room|[of] p1b: Farigiraf\n|\n|-weather|RainDance|[upkeep]\n|upkeep\n|\n|t:|1776203792\n|switch|p1a: Torkoal|Torkoal, L50, M|100/100\n|-weather|SunnyDay|[from] ability: Drought|[of] p1a: Torkoal\n|turn|2\n|\n|t:|1776203804\n|move|p2b: Pelipper|Protect|p2b: Pelipper\n|-singleturn|p2b: Pelipper|Protect\n|move|p1a: Torkoal|Eruption|p2a: Excadrill|[spread] p2a\n|-activate|p2b: Pelipper|move: Protect\n|-supereffective|p2a: Excadrill|1\n|-damage|p2a: Excadrill|0 fnt\n|faint|p2a: Excadrill\n|move|p1b: Farigiraf|Psychic|p2b: Pelipper\n|-activate|p2b: Pelipper|move: Protect\n|\n|-weather|SunnyDay|[upkeep]\n|upkeep\n|\n|t:|1776203811\n|switch|p2a: Basculegion|Basculegion, L50, M|100/100\n|turn|3\n|\n|t:|1776203831\n|move|p2a: Basculegion|Aqua Jet||[still]\n|cant|p1b: Farigiraf|ability: Armor Tail|Aqua Jet|[of] p2a: Basculegion\n|move|p1a: Torkoal|Eruption|p2a: Basculegion|[spread] p2a,p2b\n|-resisted|p2a: Basculegion|1\n|-resisted|p2b: Pelipper|1\n|-damage|p2a: Basculegion|53/100\n|-damage|p2b: Pelipper|36/100\n|move|p1b: Farigiraf|Psychic|p2a: Basculegion\n|-damage|p2a: Basculegion|13/100\n|move|p2b: Pelipper|Hurricane|p1a: Torkoal\n|-damage|p1a: Torkoal|56/100\n|-start|p1a: Torkoal|confusion\n|\n|-weather|SunnyDay|[upkeep]\n|upkeep\n|turn|4\n|\n|t:|1776203850\n|move|p2b: Pelipper|Protect|p2b: Pelipper\n|-singleturn|p2b: Pelipper|Protect\n|-activate|p1a: Torkoal|confusion\n|move|p1a: Torkoal|Heat Wave|p2a: Basculegion|[spread] p2a\n|-activate|p2b: Pelipper|move: Protect\n|-resisted|p2a: Basculegion|1\n|-damage|p2a: Basculegion|0 fnt\n|faint|p2a: Basculegion\n|move|p1b: Farigiraf|Psychic|p2b: Pelipper\n|-activate|p2b: Pelipper|move: Protect\n|\n|-weather|SunnyDay|[upkeep]\n|upkeep\n|\n|t:|1776203856\n|switch|p2a: Meganium|Meganium, L50, M|100/100\n|turn|5\n|\n|t:|1776203863\n|switch|p1a: Golurk|Golurk, L50|100/100\n|move|p2b: Pelipper|Protect||[still]\n|-fail|p2b: Pelipper\n|move|p2a: Meganium|Protect|p2a: Meganium\n|-singleturn|p2a: Meganium|Protect\n|move|p1b: Farigiraf|Psychic|p2b: Pelipper\n|-crit|p2b: Pelipper\n|-damage|p2b: Pelipper|0 fnt\n|faint|p2b: Pelipper\n|\n|-weather|SunnyDay|[upkeep]\n|-fieldend|move: Trick Room\n|upkeep\n|turn|6\n|\n|t:|1776203879\n|detailschange|p2a: Meganium|Meganium-Mega, L50, M\n|-mega|p2a: Meganium|Meganium|Meganiumite\n|detailschange|p1a: Golurk|Golurk-Mega, L50\n|-mega|p1a: Golurk|Golurk|Golurkite\n|move|p2a: Meganium|Solar Beam||[still]\n|-prepare|p2a: Meganium|Solar Beam\n|-anim|p2a: Meganium|Solar Beam|p1b: Farigiraf\n|-damage|p1b: Farigiraf|0 fnt\n|faint|p1b: Farigiraf\n|move|p1a: Golurk|Ice Punch|p2a: Meganium\n|-supereffective|p2a: Meganium|1\n|-damage|p2a: Meganium|30/100\n|\n|-weather|none\n|upkeep\n|\n|t:|1776203888\n|switch|p1b: Torkoal|Torkoal, L50, M|56/100\n|-weather|SunnyDay|[from] ability: Drought|[of] p1b: Torkoal\n|turn|7\n|\n|t:|1776203894\n|move|p2a: Meganium|Solar Beam||[still]\n|-prepare|p2a: Meganium|Solar Beam\n|-anim|p2a: Meganium|Solar Beam|p1a: Golurk\n|-supereffective|p1a: Golurk|1\n|-crit|p1a: Golurk\n|-damage|p1a: Golurk|0 fnt\n|faint|p1a: Golurk\n|move|p1b: Torkoal|Weather Ball|p2a: Meganium\n|-supereffective|p2a: Meganium|1\n|-damage|p2a: Meganium|0 fnt\n|faint|p2a: Meganium\n|\n|win|SleepyBadGirl\n|raw|SleepyBadGirl's rating: 1393 &rarr; <strong>1415</strong><br />(+22 for winning)\n|raw|PizzaMan48's rating: 1435 &rarr; <strong>1413</strong><br />(-22 for losing)\n|l|\u2606PizzaMan48\n|player|p2|\n",
  "uploadtime": 1776203906,
  "views": 42,
  "formatid": "gen9championsvgc2026regma",
  "rating": 1413,
  "private": 0,
  "password": null
}