{
  "id": "gen9championsvgc2026regma-2588004558",
  "format": "[Gen 9 Champions] VGC 2026 Reg M-A",
  "players": [
    "Kauii208",
    "galbiazzoh"
  ],
  "log": "|j|\u2606Kauii208\n|j|\u2606galbiazzoh\n|t:|1776591672\n|gametype|doubles\n|player|p1|Kauii208|blackbelt-gen4dp|1160\n|player|p2|galbiazzoh|li|1163\n|gen|9\n|tier|[Gen 9 Champions] VGC 2026 Reg M-A\n|rated|\n|rule|Species Clause: Limit one of each Pok\u00e9mon\n|rule|Item Clause: Limit 1 of each item\n|clearpoke\n|poke|p1|Klefki, L50, M, shiny|\n|poke|p1|Pelipper, L50, M|\n|poke|p1|Basculegion, L50, M|\n|poke|p1|Sneasler, L50, M|\n|poke|p1|Meganium, L50, M|\n|poke|p1|Archaludon, L50, F, shiny|\n|poke|p2|Froslass, L50, F|\n|poke|p2|Incineroar, L50, M|\n|poke|p2|Sneasler, L50, M|\n|poke|p2|Sinistcha, L50|\n|poke|p2|Basculegion, L50, M|\n|poke|p2|Corviknight, L50, F|\n|teampreview|4\n|inactive|Battle timer is ON: inactive players will automatically lose when time's up. (requested by Kauii208)\ngalbiazzoh has agreed to open team sheets.\nKauii208 rejected open team sheets.\n|inactive|Kauii208 has 60 seconds left.\n|\n|t:|1776591716\n|teamsize|p1|4\n|teamsize|p2|4\n|start\n|switch|p1a: Klefki|Klefki, L50, M, shiny|100/100\n|switch|p1b: Archaludon|Archaludon, L50, F, shiny|100/100\n|switch|p2a: Sneasler|Sneasler, L50, M|100/100\n|switch|p2b: Basculegion|Basculegion, L50, M|100/100\n|turn|1\n|\n|t:|1776591734\n|move|p1b: Archaludon|Protect|p1b: Archaludon\n|-singleturn|p1b: Archaludon|Protect\n|move|p1a: Klefki|Reflect|p1a: Klefki\n|-sidestart|p1: Kauii208|Reflect\n|move|p2b: Basculegion|Flip Turn|p1a: Klefki\n|-damage|p1a: Klefki|73/100\n|\n|t:|1776591756\n|switch|p2b: Incineroar|Incineroar, L50, M|100/100|[from] Flip Turn\n|-ability|p2b: Incineroar|Intimidate|boost\n|-unboost|p1a: Klefki|atk|1\n|-unboost|p1b: Archaludon|atk|1\n|move|p2a: Sneasler|Close Combat|p1b: Archaludon\n|-activate|p1b: Archaludon|move: Protect\n|\n|-heal|p1a: Klefki|79/100|[from] item: Leftovers\n|upkeep\n|turn|2\n|\n|t:|1776591773\n|switch|p1b: Basculegion|Basculegion, L50, M|100/100\n|move|p2a: Sneasler|Protect|p2a: Sneasler\n|-singleturn|p2a: Sneasler|Protect\n|move|p1a: Klefki|Light Screen|p1a: Klefki\n|-sidestart|p1: Kauii208|move: Light Screen\n|move|p2b: Incineroar|Parting Shot|p1b: Basculegion\n|-unboost|p1b: Basculegion|atk|1\n|-unboost|p1b: Basculegion|spa|1\n|\n|t:|1776591787\n|switch|p2b: Corviknight|Corviknight, L50, F|100/100|[from] Parting Shot\n|\n|-heal|p1a: Klefki|85/100|[from] item: Leftovers\n|upkeep\n|turn|3\n|\n|t:|1776591797\n|switch|p2a: Incineroar|Incineroar, L50, M|100/100\n|-ability|p2a: Incineroar|Intimidate|boost\n|-unboost|p1a: Klefki|atk|1\n|-unboost|p1b: Basculegion|atk|1\n|move|p1a: Klefki|Rain Dance|p1a: Klefki\n|-weather|RainDance\n|move|p1b: Basculegion|Flip Turn|p2a: Incineroar\n|-supereffective|p2a: Incineroar|1\n|-damage|p2a: Incineroar|48/100\n|-enditem|p2a: Incineroar|Sitrus Berry|[eat]\n|-heal|p2a: Incineroar|73/100|[from] item: Sitrus Berry\n|\n|t:|1776591810\n|switch|p1b: Meganium|Meganium, L50, M|100/100|[from] Flip Turn\n|move|p2b: Corviknight|Iron Defense|p2b: Corviknight\n|-boost|p2b: Corviknight|def|2\n|\n|-weather|RainDance|[upkeep]\n|-heal|p1a: Klefki|91/100|[from] item: Leftovers\n|upkeep\n|turn|4\n|inactive|galbiazzoh has 30 seconds left.\n|\n|t:|1776591840\n|move|p1b: Meganium|Protect|p1b: Meganium\n|-singleturn|p1b: Meganium|Protect\n|move|p1a: Klefki|Foul Play|p2b: Corviknight\n|-damage|p2b: Corviknight|94/100\n|move|p2b: Corviknight|Taunt|p1a: Klefki\n|-start|p1a: Klefki|move: Taunt\n|move|p2a: Incineroar|Parting Shot|p1b: Meganium\n|-activate|p1b: Meganium|move: Protect\n|\n|-weather|RainDance|[upkeep]\n|-heal|p1a: Klefki|97/100|[from] item: Leftovers\n|upkeep\n|turn|5\n|inactive|galbiazzoh has 30 seconds left.\n|\n|t:|1776591873\n|switch|p1a: Basculegion|Basculegion, L50, M|100/100\n|switch|p2b: Basculegion|Basculegion, L50, M|100/100\n|detailschange|p1b: Meganium|Meganium-Mega, L50, M\n|-mega|p1b: Meganium|Meganium|Meganiumite\n|move|p1b: Meganium|Weather Ball|p2b: Basculegion\n|-resisted|p2b: Basculegion|1\n|-damage|p2b: Basculegion|72/100\n|move|p2a: Incineroar|Parting Shot|p1b: Meganium\n|-unboost|p1b: Meganium|atk|1\n|-unboost|p1b: Meganium|spa|1\n|\n|t:|1776591891\n|switch|p2a: Sneasler|Sneasler, L50, M|100/100|[from] Parting Shot\n|\n|-weather|RainDance|[upkeep]\n|-sideend|p1: Kauii208|Reflect\n|upkeep\n|turn|6\n|\n|t:|1776591904\n|switch|p1b: Klefki|Klefki, L50, M, shiny|97/100\n|move|p2a: Sneasler|Protect|p2a: Sneasler\n|-singleturn|p2a: Sneasler|Protect\n|move|p2b: Basculegion|Flip Turn|p1a: Basculegion\n|-resisted|p1a: Basculegion|1\n|-damage|p1a: Basculegion|63/100\n|\n|t:|1776591912\n|switch|p2b: Incineroar|Incineroar, L50, M|73/100|[from] Flip Turn\n|-ability|p2b: Incineroar|Intimidate|boost\n|-unboost|p1a: Basculegion|atk|1\n|-unboost|p1b: Klefki|atk|1\n|move|p1a: Basculegion|Last Respects|p2b: Incineroar\n|-resisted|p2b: Incineroar|1\n|-damage|p2b: Incineroar|63/100\n|\n|-weather|RainDance|[upkeep]\n|-heal|p1b: Klefki|100/100|[from] item: Leftovers\n|-sideend|p1: Kauii208|move: Light Screen\n|upkeep\n|turn|7\n|\n|t:|1776591930\n|switch|p1a: Archaludon|Archaludon, L50, F, shiny|100/100\n|move|p2b: Incineroar|Fake Out|p1b: Klefki\n|-resisted|p1b: Klefki|1\n|-damage|p1b: Klefki|94/100\n|cant|p1b: Klefki|flinch\n|move|p2a: Sneasler|Close Combat|p1b: Klefki\n|-damage|p1b: Klefki|32/100\n|-unboost|p2a: Sneasler|def|1\n|-unboost|p2a: Sneasler|spd|1\n|-enditem|p2a: Sneasler|White Herb\n|-clearnegativeboost|p2a: Sneasler|[silent]\n|\n|-weather|none\n|-heal|p1b: Klefki|38/100|[from] item: Leftovers\n|upkeep\n|turn|8\n|inactive|Kauii208 has 30 seconds left.\n|inactive|galbiazzoh has 30 seconds left.\n|inactive|galbiazzoh has 20 seconds left.\n|inactive|galbiazzoh has 15 seconds left.\n|inactive|galbiazzoh has 10 seconds left.\n|inactive|Kauii208 has 20 seconds left.\n|inactive|galbiazzoh has 5 seconds left.\n|\n|t:|1776591987\n|move|p2a: Sneasler|Protect|p2a: Sneasler\n|-singleturn|p2a: Sneasler|Protect\n|move|p1b: Klefki|Reflect|p1b: Klefki\n|-sidestart|p1: Kauii208|Reflect\n|move|p1a: Archaludon|Draco Meteor|p2a: Sneasler\n|-activate|p2a: Sneasler|move: Protect\n|move|p2b: Incineroar|Flare Blitz|p1b: Klefki\n|-supereffective|p1b: Klefki|1\n|-damage|p1b: Klefki|0 fnt\n|faint|p1b: Klefki\n|-damage|p2b: Incineroar|53/100|[from] Recoil\n|\n|upkeep\n|\n|t:|1776591995\n|switch|p1b: Basculegion|Basculegion, L50, M|63/100\n|turn|9\n|\n|t:|1776592010\n|switch|p2b: Basculegion|Basculegion, L50, M|72/100\n|move|p2a: Sneasler|Close Combat|p1a: Archaludon\n|-supereffective|p1a: Archaludon|1\n|-enditem|p1a: Archaludon|Chople Berry|[eat]\n|-enditem|p1a: Archaludon|Chople Berry|[weaken]\n|-damage|p1a: Archaludon|73/100\n|-unboost|p2a: Sneasler|def|1\n|-unboost|p2a: Sneasler|spd|1\n|-ability|p1a: Archaludon|Stamina|boost\n|-boost|p1a: Archaludon|def|1\n|move|p1b: Basculegion|Wave Crash|p2a: Sneasler\n|-damage|p2a: Sneasler|0 fnt\n|faint|p2a: Sneasler\n|-damage|p1b: Basculegion|37/100|[from] Recoil\n|move|p1a: Archaludon|Draco Meteor|p2b: Basculegion\n|-damage|p2b: Basculegion|0 fnt\n|-unboost|p1a: Archaludon|spa|2\n|faint|p2b: Basculegion\n|\n|upkeep\n|\n|t:|1776592026\n|switch|p2a: Corviknight|Corviknight, L50, F|94/100\n|switch|p2b: Incineroar|Incineroar, L50, M|53/100\n|-ability|p2b: Incineroar|Intimidate|boost\n|-unboost|p1a: Archaludon|atk|1\n|-unboost|p1b: Basculegion|atk|1\n|turn|10\n|inactive|galbiazzoh has 30 seconds left.\n|\n|t:|1776592054\n|move|p1b: Basculegion|Wave Crash|p2b: Incineroar\n|-supereffective|p2b: Incineroar|1\n|-damage|p2b: Incineroar|0 fnt\n|faint|p2b: Incineroar\n|-damage|p1b: Basculegion|19/100|[from] Recoil\n|move|p1a: Archaludon|Electro Shot||[still]\n|-prepare|p1a: Archaludon|Electro Shot\n|-boost|p1a: Archaludon|spa|1\n|move|p2a: Corviknight|Iron Defense|p2a: Corviknight\n|-boost|p2a: Corviknight|def|2\n|\n|upkeep\n|turn|11\n|\n|t:|1776592068\n|move|p1b: Basculegion|Wave Crash|p2a: Corviknight\n|-damage|p2a: Corviknight|74/100\n|-damage|p1b: Basculegion|12/100|[from] Recoil\n|move|p1a: Archaludon|Electro Shot|p2a: Corviknight|[from] lockedmove\n|-supereffective|p2a: Corviknight|1\n|-crit|p2a: Corviknight\n|-damage|p2a: Corviknight|0 fnt\n|faint|p2a: Corviknight\n|\n|win|Kauii208\n|raw|Kauii208's rating: 1160 &rarr; <strong>1185</strong><br />(+25 for winning)\n|raw|galbiazzoh's rating: 1163 &rarr; <strong>1138</strong><br />(-25 for losing)\n|l|\u2606galbiazzoh\n|player|p2|\n",
  "uploadtime": 1776592084,
  "views": 17,
  "formatid": "gen9championsvgc2026regma",
  "rating": 1138,
  "private": 0,
  "password": null
}