{
  "id": "gen9championsvgc2026regma-2584546730",
  "format": "[Gen 9 Champions] VGC 2026 Reg M-A",
  "players": [
    "thine pingles lord",
    "splitsunki"
  ],
  "log": "|j|\u2606thine pingles lord\n|j|\u2606splitsunki\n|t:|1776267925\n|gametype|doubles\n|player|p1|thine pingles lord|swimmer-gen4|1067\n|player|p2|splitsunki|clown|1049\n|gen|9\n|tier|[Gen 9 Champions] VGC 2026 Reg M-A\n|rated|\n|rule|Species Clause: Limit one of each Pok\u00e9mon\n|rule|Item Clause: Limit 1 of each item\n|clearpoke\n|poke|p1|Aerodactyl, L50, M|\n|poke|p1|Kangaskhan, L50, F|\n|poke|p1|Gengar, L50, F|\n|poke|p1|Sinistcha, L50|\n|poke|p1|Incineroar, L50, M|\n|poke|p1|Drampa, L50, M|\n|poke|p2|Hawlucha, L50, F|\n|poke|p2|Whimsicott, L50, F|\n|poke|p2|Maushold-Four, L50|\n|poke|p2|Excadrill, L50, M|\n|poke|p2|Tyranitar, L50, M|\n|poke|p2|Sinistcha, L50|\n|teampreview|4\n|inactive|Battle timer is ON: inactive players will automatically lose when time's up. (requested by splitsunki)\n|\n|t:|1776267957\n|teamsize|p1|4\n|teamsize|p2|4\n|start\n|switch|p1a: AAAAAAAA|Aerodactyl, L50, M|100/100\n|switch|p1b: maybe work|Drampa, L50, M|100/100\n|switch|p2a: Whimsicott|Whimsicott, L50, F|100/100\n|switch|p2b: Tyranitar|Tyranitar, L50, M|100/100\n|-ability|p1a: AAAAAAAA|Unnerve\n|-weather|Sandstorm|[from] ability: Sand Stream|[of] p2b: Tyranitar\n|-ability|p1b: maybe work|Cloud Nine\n|turn|1\n|inactive|splitsunki has 30 seconds left.\n|\n|t:|1776267983\n|move|p2a: Whimsicott|Tailwind|p2a: Whimsicott\n|-sidestart|p2: splitsunki|move: Tailwind\n|move|p2b: Tyranitar|Rock Slide|p1b: maybe work|[spread] p1a,p1b\n|-supereffective|p1a: AAAAAAAA|1\n|-enditem|p1a: AAAAAAAA|Focus Sash\n|-damage|p1a: AAAAAAAA|1/100\n|-damage|p1b: maybe work|69/100\n|move|p1a: AAAAAAAA|Tailwind|p1a: AAAAAAAA\n|-sidestart|p1: thine pingles lord|move: Tailwind\n|move|p1b: maybe work|Calm Mind|p1b: maybe work\n|-boost|p1b: maybe work|spa|1\n|-boost|p1b: maybe work|spd|1\n|\n|-weather|Sandstorm|[upkeep]\n|upkeep\n|turn|2\n|inactive|thine pingles lord has 30 seconds left.\n|inactive|splitsunki has 30 seconds left.\n|\n|t:|1776268017\n|move|p2a: Whimsicott|U-turn|p1b: maybe work\n|-damage|p1b: maybe work|58/100\n|\n|t:|1776268032\n|switch|p2a: Maushold|Maushold-Four, L50|100/100|[from] U-turn\n|move|p1a: AAAAAAAA|Dual Wingbeat|p2a: Maushold\n|-crit|p2a: Maushold\n|-damage|p2a: Maushold|58/100\n|-damage|p2a: Maushold|27/100\n|-hitcount|p2a: Maushold|2\n|move|p2b: Tyranitar|Rock Slide|p1a: AAAAAAAA|[spread] p1a,p1b\n|-supereffective|p1a: AAAAAAAA|1\n|-crit|p1b: maybe work\n|-damage|p1a: AAAAAAAA|0 fnt\n|-damage|p1b: maybe work|10/100\n|faint|p1a: AAAAAAAA\n|move|p1b: maybe work|Rest|p1b: maybe work\n|-status|p1b: maybe work|slp|[from] move: Rest\n|-enditem|p1b: maybe work|Lum Berry|[eat]\n|-curestatus|p1b: maybe work|slp|[msg]\n|-heal|p1b: maybe work|100/100|[silent]\n|\n|-weather|Sandstorm|[upkeep]\n|upkeep\n|\n|t:|1776268048\n|switch|p1a: family package|Kangaskhan, L50, F|100/100\n|turn|3\n|inactive|splitsunki has 30 seconds left.\n|\n|t:|1776268079\n|move|p2b: Tyranitar|Protect|p2b: Tyranitar\n|-singleturn|p2b: Tyranitar|Protect\n|move|p1a: family package|Fake Out|p2b: Tyranitar\n|-activate|p2b: Tyranitar|move: Protect\n|move|p2a: Maushold|Population Bomb|p1b: maybe work\n|-damage|p1b: maybe work|89/100\n|-damage|p1b: maybe work|77/100\n|-damage|p1b: maybe work|65/100\n|-damage|p1b: maybe work|53/100\n|-damage|p1b: maybe work|42/100\n|-damage|p1b: maybe work|30/100\n|-hitcount|p1b: maybe work|6\n|cant|p1b: maybe work|flinch\n|\n|-weather|Sandstorm|[upkeep]\n|upkeep\n|turn|4\n|inactive|splitsunki has 30 seconds left.\n|\n|t:|1776268104\n|switch|p2a: Hawlucha|Hawlucha, L50, F|100/100\n|-ability|p2a: Hawlucha|Mold Breaker\n|move|p2b: Tyranitar|Earthquake|p1a: family package|[spread] p1a,p1b\n|-immune|p2a: Hawlucha\n|-damage|p1a: family package|76/100\n|-damage|p1b: maybe work|5/100\n|move|p1a: family package|Drain Punch|p2b: Tyranitar\n|-supereffective|p2b: Tyranitar|2\n|-damage|p2b: Tyranitar|33/100\n|-heal|p1a: family package|100/100|[from] drain|[of] p2b: Tyranitar\n|move|p1b: maybe work|Rest|p1b: maybe work\n|-status|p1b: maybe work|slp|[from] move: Rest\n|-heal|p1b: maybe work|100/100 slp|[silent]\n|\n|-weather|Sandstorm|[upkeep]\n|-sideend|p1: thine pingles lord|move: Tailwind\n|-sideend|p2: splitsunki|move: Tailwind\n|upkeep\n|turn|5\n|c|\u2606splitsunki|HOWWWWWW\n|inactive|thine pingles lord has 30 seconds left.\n|inactive|splitsunki has 30 seconds left.\n|c|\u2606thine pingles lord|IDK HE'S UNKILLABLE\n|c|\u2606thine pingles lord|I have him only for this\n|inactive|thine pingles lord has 20 seconds left.\n|inactive|thine pingles lord has 15 seconds left.\n|c|\u2606thine pingles lord|no weather for you\n|\n|t:|1776268150\n|detailschange|p2a: Hawlucha|Hawlucha-Mega, L50, F\n|-mega|p2a: Hawlucha|Hawlucha|Hawluchanite\n|move|p2b: Tyranitar|Protect|p2b: Tyranitar\n|-singleturn|p2b: Tyranitar|Protect\n|move|p2a: Hawlucha|High Jump Kick|p1a: family package\n|-supereffective|p1a: family package|1\n|-damage|p1a: family package|0 fnt\n|faint|p1a: family package\n|cant|p1b: maybe work|slp\n|move|p1b: maybe work|Sleep Talk|p1b: maybe work\n|move|p1b: maybe work|Hyper Voice|p2b: Tyranitar|[from] move: Sleep Talk|[spread] p2a\n|-activate|p2b: Tyranitar|move: Protect\n|-damage|p2a: Hawlucha|40/100\n|\n|-weather|none\n|upkeep\n|\n|t:|1776268154\n|switch|p1a: tea but green|Sinistcha, L50|100/100\n|turn|6\n|c|\u2606splitsunki|dont talk to me loser like we're friends your team is dogshit\n|c|\u2606thine pingles lord|lmao ok buddy thanks\n|inactive|thine pingles lord has 30 seconds left.\n|inactive|splitsunki has 30 seconds left.\n|inactive|splitsunki has 20 seconds left.\n|inactive|splitsunki has 15 seconds left.\n|\n|t:|1776268199\n|move|p2a: Hawlucha|Dual Wingbeat|p1a: tea but green\n|-supereffective|p1a: tea but green|1\n|-damage|p1a: tea but green|47/100\n|-supereffective|p1a: tea but green|1\n|-damage|p1a: tea but green|0 fnt\n|faint|p1a: tea but green\n|-hitcount|p1: tea but green|2\n|move|p2b: Tyranitar|Rock Slide|p1b: maybe work\n|-damage|p1b: maybe work|58/100 slp\n|cant|p1b: maybe work|slp\n|move|p1b: maybe work|Sleep Talk|p1b: maybe work\n|move|p1b: maybe work|Hyper Voice|p2a: Hawlucha|[from] move: Sleep Talk|[spread] p2a,p2b\n|-resisted|p2b: Tyranitar|1\n|-damage|p2a: Hawlucha|0 fnt\n|-damage|p2b: Tyranitar|8/100\n|faint|p2a: Hawlucha\n|\n|upkeep\n|\n|t:|1776268218\n|switch|p2a: Whimsicott|Whimsicott, L50, F|100/100\n|turn|7\n|\n|t:|1776268225\n|move|p2a: Whimsicott|Taunt|p1b: maybe work\n|-start|p1b: maybe work|move: Taunt\n|move|p2b: Tyranitar|Crunch|p1b: maybe work\n|-damage|p1b: maybe work|20/100 slp\n|-unboost|p1b: maybe work|def|1\n|-curestatus|p1b: maybe work|slp|[msg]\n|cant|p1b: maybe work|move: Taunt|Rest\n|\n|upkeep\n|turn|8\n|c|\u2606thine pingles lord|wp gg\n|c|\u2606thine pingles lord|knew I should've hyper voiced\n|\n|t:|1776268245\n|move|p2a: Whimsicott|U-turn|p1b: maybe work\n|-damage|p1b: maybe work|5/100\n|\n|t:|1776268248\n|switch|p2a: Maushold|Maushold-Four, L50|27/100|[from] U-turn\n|move|p2b: Tyranitar|Crunch|p1b: maybe work\n|-damage|p1b: maybe work|0 fnt\n|faint|p1b: maybe work\n|\n|win|splitsunki\n",
  "uploadtime": 1776268155,
  "views": 14,
  "formatid": "gen9championsvgc2026regma",
  "rating": null,
  "private": 0,
  "password": null
}