{
  "id": "gen9championsvgc2026regma-2587771009",
  "format": "[Gen 9 Champions] VGC 2026 Reg M-A",
  "players": [
    "pikafenn",
    "florb morb"
  ],
  "log": "|j|\u2606pikafenn\n|j|\u2606florb morb\n|t:|1776562320\n|gametype|doubles\n|player|p1|pikafenn|101|1115\n|player|p2|florb morb|benga|1136\n|gen|9\n|tier|[Gen 9 Champions] VGC 2026 Reg M-A\n|rated|\n|rule|Species Clause: Limit one of each Pok\u00e9mon\n|rule|Item Clause: Limit 1 of each item\n|clearpoke\n|poke|p1|Chesnaught, L50, M|\n|poke|p1|Hatterene, L50, F|\n|poke|p1|Empoleon, L50, M|\n|poke|p1|Sableye, L50, F|\n|poke|p1|Rotom-Heat, L50|\n|poke|p1|Sinistcha, L50|\n|poke|p2|Kangaskhan, L50, F|\n|poke|p2|Incineroar, L50, M|\n|poke|p2|Sinistcha-Masterpiece, L50|\n|poke|p2|Hatterene, L50, F|\n|poke|p2|Dragapult, L50, M|\n|poke|p2|Kingambit, L50, F|\n|teampreview|4\n|inactive|Battle timer is ON: inactive players will automatically lose when time's up. (requested by pikafenn)\npikafenn rejected open team sheets.\n|inactive|pikafenn has 60 seconds left.\n|inactive|florb morb has 60 seconds left.\n|inactive|pikafenn has 30 seconds left.\n|\n|t:|1776562385\n|teamsize|p1|4\n|teamsize|p2|4\n|start\n|switch|p1a: Chesnaught|Chesnaught, L50, M|100/100\n|switch|p1b: Empoleon|Empoleon, L50, M|100/100\n|switch|p2a: Kangaskhan|Kangaskhan, L50, F|100/100\n|switch|p2b: Hatterene|Hatterene, L50, F|100/100\n|turn|1\n|inactive|pikafenn has 30 seconds left.\n|inactive|pikafenn has 20 seconds left.\n|inactive|pikafenn has 15 seconds left.\n|\n|t:|1776562426\n|switch|p1a: Rotom|Rotom-Heat, L50|100/100\n|detailschange|p2a: Kangaskhan|Kangaskhan-Mega, L50, F\n|-mega|p2a: Kangaskhan|Kangaskhan|Kangaskhanite\n|move|p2a: Kangaskhan|Fake Out|p1a: Rotom\n|-damage|p1a: Rotom|78/100\n|-damage|p1a: Rotom|72/100\n|-hitcount|p1a: Rotom|2\n|move|p1b: Empoleon|Flash Cannon|p2b: Hatterene\n|-supereffective|p2b: Hatterene|1\n|-damage|p2b: Hatterene|0 fnt\n|faint|p2b: Hatterene\n|\n|upkeep\n|\n|t:|1776562442\n|switch|p2b: Incineroar|Incineroar, L50, M|100/100\n|-ability|p2b: Incineroar|Intimidate|boost\n|-unboost|p1a: Rotom|atk|1\n|-unboost|p1b: Empoleon|atk|1\n|-ability|p1b: Empoleon|Competitive|boost\n|-boost|p1b: Empoleon|spa|2\n|turn|2\n|\n|t:|1776562455\n|move|p2b: Incineroar|Fake Out|p1a: Rotom\n|-damage|p1a: Rotom|60/100\n|move|p2a: Kangaskhan|Sucker Punch|p1b: Empoleon\n|-damage|p1b: Empoleon|73/100\n|-damage|p1b: Empoleon|66/100\n|-hitcount|p1b: Empoleon|2\n|cant|p1a: Rotom|flinch\n|move|p1b: Empoleon|Hydro Pump|p2b: Incineroar|[miss]\n|-miss|p1b: Empoleon|p2b: Incineroar\n|\n|upkeep\n|turn|3\n|\n|t:|1776562479\n|switch|p2b: Sinistcha|Sinistcha-Masterpiece, L50|100/100\n|move|p2a: Kangaskhan|Double-Edge|p1a: Rotom\n|-damage|p1a: Rotom|0 fnt\n|faint|p1a: Rotom\n|-hitcount|p1: Rotom|1\n|-damage|p2a: Kangaskhan|84/100|[from] Recoil\n|move|p1b: Empoleon|Hydro Pump|p2b: Sinistcha|[miss]\n|-miss|p1b: Empoleon|p2b: Sinistcha\n|\n|upkeep\n|\n|t:|1776562488\n|switch|p1a: Hatterene|Hatterene, L50, F|100/100\n|turn|4\n|\n|t:|1776562505\n|switch|p1b: Chesnaught|Chesnaught, L50, M|100/100\n|move|p1a: Hatterene|Protect|p1a: Hatterene\n|-singleturn|p1a: Hatterene|Protect\n|move|p2a: Kangaskhan|Double-Edge|p1a: Hatterene\n|-activate|p1a: Hatterene|move: Protect\n|move|p2b: Sinistcha|Matcha Gotcha|p1a: Hatterene|[spread] p1b\n|-activate|p1a: Hatterene|move: Protect\n|-resisted|p1b: Chesnaught|1\n|-damage|p1b: Chesnaught|89/100\n|\n|upkeep\n|turn|5\n|\n|t:|1776562523\n|switch|p1a: Empoleon|Empoleon, L50, M|66/100\n|detailschange|p1b: Chesnaught|Chesnaught-Mega, L50, M\n|-mega|p1b: Chesnaught|Chesnaught|Chesnaughtite\n|move|p2b: Sinistcha|Rage Powder|p2b: Sinistcha\n|-singleturn|p2b: Sinistcha|move: Rage Powder\n|move|p2a: Kangaskhan|Double-Edge|p1a: Empoleon\n|-resisted|p1a: Empoleon|1\n|-damage|p1a: Empoleon|33/100\n|-resisted|p1a: Empoleon|1\n|-damage|p1a: Empoleon|25/100\n|-hitcount|p1a: Empoleon|2\n|-damage|p2a: Kangaskhan|71/100|[from] Recoil\n|move|p1b: Chesnaught|Body Press|p2a: Kangaskhan\n|-supereffective|p2a: Kangaskhan|1\n|-damage|p2a: Kangaskhan|0 fnt\n|faint|p2a: Kangaskhan\n|\n|upkeep\n|\n|t:|1776562531\n|switch|p2a: Incineroar|Incineroar, L50, M|100/100\n|-ability|p2a: Incineroar|Intimidate|boost\n|-unboost|p1a: Empoleon|atk|1\n|-ability|p1a: Empoleon|Competitive|boost\n|-boost|p1a: Empoleon|spa|2\n|-unboost|p1b: Chesnaught|atk|1\n|turn|6\n|\n|t:|1776562549\n|move|p1a: Empoleon|Protect|p1a: Empoleon\n|-singleturn|p1a: Empoleon|Protect\n|move|p1b: Chesnaught|Spiky Shield|p1b: Chesnaught\n|-singleturn|p1b: Chesnaught|move: Protect\n|move|p2a: Incineroar|Fake Out|p1b: Chesnaught\n|-activate|p1b: Chesnaught|move: Protect\n|-damage|p2a: Incineroar|88/100|[from] Spiky Shield|[of] p1b: Chesnaught\n|move|p2b: Sinistcha|Matcha Gotcha|p1a: Empoleon|[spread] \n|-activate|p1a: Empoleon|move: Protect\n|-activate|p1b: Chesnaught|move: Protect\n|\n|upkeep\n|turn|7\n|\n|t:|1776562566\n|move|p2b: Sinistcha|Matcha Gotcha|p1b: Chesnaught|[spread] p1a,p1b\n|-resisted|p1b: Chesnaught|1\n|-damage|p1a: Empoleon|1/100\n|-damage|p1b: Chesnaught|80/100\n|move|p1a: Empoleon|Ice Beam|p2b: Sinistcha\n|-supereffective|p2b: Sinistcha|1\n|-damage|p2b: Sinistcha|0 fnt\n|faint|p2b: Sinistcha\n|move|p2a: Incineroar|Flare Blitz|p1b: Chesnaught\n|-supereffective|p1b: Chesnaught|1\n|-damage|p1b: Chesnaught|34/100\n|-damage|p2a: Incineroar|73/100|[from] Recoil\n|move|p1b: Chesnaught|Body Press|p2a: Incineroar\n|-supereffective|p2a: Incineroar|1\n|-enditem|p2a: Incineroar|Chople Berry|[eat]\n|-enditem|p2a: Incineroar|Chople Berry|[weaken]\n|-damage|p2a: Incineroar|29/100\n|\n|upkeep\n|turn|8\n|inactive|pikafenn has 30 seconds left.\n|inactive|florb morb has 30 seconds left.\n|inactive|florb morb has 20 seconds left.\n|\n|t:|1776562601\n|move|p1a: Empoleon|Flash Cannon|p2a: Incineroar\n|-resisted|p2a: Incineroar|1\n|-damage|p2a: Incineroar|0 fnt\n|faint|p2a: Incineroar\n|\n|win|pikafenn\n|raw|pikafenn's rating: 1115 &rarr; <strong>1142</strong><br />(+27 for winning)\n|raw|florb morb's rating: 1136 &rarr; <strong>1109</strong><br />(-27 for losing)\n|l|\u2606florb morb\n|player|p2|\n",
  "uploadtime": 1776562608,
  "views": 9,
  "formatid": "gen9championsvgc2026regma",
  "rating": 1109,
  "private": 0,
  "password": null
}