{
  "id": "gen9championsvgc2026regma-2584453890",
  "format": "[Gen 9 Champions] VGC 2026 Reg M-A",
  "players": [
    "Grimmteam7",
    "ghhvgj"
  ],
  "log": "|j|\u2606Grimmteam7\n|j|\u2606ghhvgj\n|t:|1776261961\n|gametype|doubles\n|player|p1|Grimmteam7|170|1069\n|player|p2|ghhvgj|2|1000\n|gen|9\n|tier|[Gen 9 Champions] VGC 2026 Reg M-A\n|rated|\n|rule|Species Clause: Limit one of each Pok\u00e9mon\n|rule|Item Clause: Limit 1 of each item\n|clearpoke\n|poke|p1|Aggron, L50, M|\n|poke|p1|Aerodactyl, L50, F|\n|poke|p1|Sinistcha, L50|\n|poke|p1|Sneasler, L50, M|\n|poke|p1|Tyranitar, L50, M|\n|poke|p1|Hydreigon, L50, M|\n|poke|p2|Floette-Eternal, L50, F|\n|poke|p2|Sinistcha, L50|\n|poke|p2|Lycanroc, L50, M|\n|poke|p2|Volcarona, L50, M|\n|poke|p2|Gengar, L50, M|\n|poke|p2|Manectric, L50, M|\n|teampreview|4\n|inactive|Battle timer is ON: inactive players will automatically lose when time's up. (requested by ghhvgj)\n|inactive|ghhvgj has 60 seconds left.\n|\n|t:|1776262005\n|teamsize|p1|4\n|teamsize|p2|4\n|start\n|switch|p1a: Aggron|Aggron, L50, M|100/100\n|switch|p1b: Sinistcha|Sinistcha, L50|100/100\n|switch|p2a: Floette|Floette-Eternal, L50, F|100/100\n|switch|p2b: Volcarona|Volcarona, L50, M|100/100\n|turn|1\n|\n|t:|1776262026\n|detailschange|p2a: Floette|Floette-Mega, L50, F\n|-mega|p2a: Floette|Floette|Floettite\n|-ability|p2a: Floette|Fairy Aura\n|detailschange|p1a: Aggron|Aggron-Mega, L50, M\n|-mega|p1a: Aggron|Aggron|Aggronite\n|move|p2b: Volcarona|Rage Powder|p2b: Volcarona\n|-singleturn|p2b: Volcarona|move: Rage Powder\n|move|p1b: Sinistcha|Rage Powder|p1b: Sinistcha\n|-singleturn|p1b: Sinistcha|move: Rage Powder\n|move|p2a: Floette|Calm Mind|p2a: Floette\n|-boost|p2a: Floette|spa|1\n|-boost|p2a: Floette|spd|1\n|move|p1a: Aggron|Heavy Slam|p2b: Volcarona\n|-resisted|p2b: Volcarona|1\n|-damage|p2b: Volcarona|60/100\n|-status|p1a: Aggron|brn|[from] ability: Flame Body|[of] p2b: Volcarona\n|\n|-damage|p1a: Aggron|95/100 brn|[from] brn\n|upkeep\n|turn|2\n|\n|t:|1776262048\n|move|p1b: Sinistcha|Rage Powder|p1b: Sinistcha\n|-singleturn|p1b: Sinistcha|move: Rage Powder\n|move|p2a: Floette|Charm|p1b: Sinistcha\n|-unboost|p1b: Sinistcha|atk|2\n|move|p2b: Volcarona|Quiver Dance|p2b: Volcarona\n|-boost|p2b: Volcarona|spa|1\n|-boost|p2b: Volcarona|spd|1\n|-boost|p2b: Volcarona|spe|1\n|move|p1a: Aggron|Iron Defense|p1a: Aggron\n|-boost|p1a: Aggron|def|2\n|\n|-damage|p1a: Aggron|89/100 brn|[from] brn\n|upkeep\n|turn|3\n|\n|t:|1776262062\n|move|p2a: Floette|Protect|p2a: Floette\n|-singleturn|p2a: Floette|Protect\n|move|p1b: Sinistcha|Rage Powder|p1b: Sinistcha\n|-singleturn|p1b: Sinistcha|move: Rage Powder\n|move|p2b: Volcarona|Heat Wave|p1a: Aggron|[spread] p1a,p1b\n|-supereffective|p1a: Aggron|1\n|-supereffective|p1b: Sinistcha|1\n|-enditem|p1b: Sinistcha|Occa Berry|[eat]\n|-enditem|p1b: Sinistcha|Occa Berry|[weaken]\n|-damage|p1a: Aggron|0 fnt\n|-damage|p1b: Sinistcha|31/100\n|faint|p1a: Aggron\n|\n|upkeep\n|\n|t:|1776262076\n|switch|p1a: Sneasler|Sneasler, L50, M|100/100\n|turn|4\n|\n|t:|1776262086\n|move|p2b: Volcarona|Rage Powder|p2b: Volcarona\n|-singleturn|p2b: Volcarona|move: Rage Powder\n|move|p1a: Sneasler|Dire Claw|p2b: Volcarona\n|-damage|p2b: Volcarona|5/100\n|-status|p2b: Volcarona|par\n|-status|p1a: Sneasler|brn|[from] ability: Flame Body|[of] p2b: Volcarona\n|move|p2a: Floette|Dazzling Gleam|p1a: Sneasler|[spread] p1a,p1b\n|-damage|p1a: Sneasler|0 fnt\n|-damage|p1b: Sinistcha|0 fnt\n|faint|p1a: Sneasler\n|faint|p1b: Sinistcha\n|\n|upkeep\n|\n|t:|1776262099\n|switch|p1a: Hydreigon|Hydreigon, L50, M|100/100\n|turn|5\n|\n|t:|1776262105\n|move|p2b: Volcarona|Rage Powder|p2b: Volcarona\n|-singleturn|p2b: Volcarona|move: Rage Powder\n|move|p2a: Floette|Dazzling Gleam|p1a: Hydreigon\n|-supereffective|p1a: Hydreigon|2\n|-damage|p1a: Hydreigon|0 fnt\n|faint|p1a: Hydreigon\n|\n|win|ghhvgj\n|raw|Grimmteam7's rating: 1069 &rarr; <strong>1045</strong><br />(-24 for losing)\n|raw|ghhvgj's rating: 1000 &rarr; <strong>1048</strong><br />(+48 for winning)\n|l|\u2606Grimmteam7\n|player|p1|\n",
  "uploadtime": 1776262119,
  "views": 28,
  "formatid": "gen9championsvgc2026regma",
  "rating": 1045,
  "private": 0,
  "password": null
}