{
  "id": "gen9championsvgc2026regma-2586807207",
  "format": "[Gen 9 Champions] VGC 2026 Reg M-A",
  "players": [
    "fumbari 24",
    "Grumblebumble"
  ],
  "log": "|j|\u2606fumbari 24\n|j|\u2606Grumblebumble\n|t:|1776461501\n|gametype|doubles\n|player|p1|fumbari 24|ghetsis|1327\n|player|p2|Grumblebumble|backpacker|1412\n|gen|9\n|tier|[Gen 9 Champions] VGC 2026 Reg M-A\n|rated|\n|rule|Species Clause: Limit one of each Pok\u00e9mon\n|rule|Item Clause: Limit 1 of each item\n|clearpoke\n|poke|p1|Blastoise, L50, M|\n|poke|p1|Pelipper, L50, M|\n|poke|p1|Raichu, L50, M|\n|poke|p1|Sinistcha, L50|\n|poke|p1|Archaludon, L50, M|\n|poke|p1|Lycanroc-Dusk, L50, M|\n|poke|p2|Tinkaton, L50, F|\n|poke|p2|Aerodactyl, L50, M|\n|poke|p2|Chesnaught, L50, F|\n|poke|p2|Incineroar, L50, F|\n|poke|p2|Rotom-Heat, L50|\n|poke|p2|Garchomp, L50, F|\n|teampreview|4\n|\n|t:|1776461557\n|teamsize|p1|4\n|teamsize|p2|4\n|start\n|switch|p1a: Pippins|Raichu, L50, M|100/100\n|switch|p1b: Harbor|Blastoise, L50, M|100/100\n|switch|p2a: Chesnaught|Chesnaught, L50, F|100/100\n|switch|p2b: Rotom|Rotom-Heat, L50|100/100\n|turn|1\n|\n|t:|1776461575\n|detailschange|p1b: Harbor|Blastoise-Mega, L50, M\n|-mega|p1b: Harbor|Blastoise|Blastoisinite\n|move|p2a: Chesnaught|Spiky Shield|p2a: Chesnaught\n|-singleturn|p2a: Chesnaught|move: Protect\n|move|p1a: Pippins|Fake Out|p2a: Chesnaught\n|-activate|p2a: Chesnaught|move: Protect\n|-damage|p1a: Pippins|88/100|[from] Spiky Shield|[of] p2a: Chesnaught\n|move|p2b: Rotom|Trick|p1a: Pippins\n|-activate|p2b: Rotom|move: Trick|[of] p1a: Pippins\n|-item|p1a: Pippins|Choice Scarf|[from] move: Trick\n|-item|p2b: Rotom|Mental Herb|[from] move: Trick\n|move|p1b: Harbor|Shell Smash|p1b: Harbor\n|-unboost|p1b: Harbor|def|1\n|-unboost|p1b: Harbor|spd|1\n|-boost|p1b: Harbor|atk|2\n|-boost|p1b: Harbor|spa|2\n|-boost|p1b: Harbor|spe|2\n|\n|upkeep\n|turn|2\n|inactive|Battle timer is ON: inactive players will automatically lose when time's up. (requested by fumbari 24)\n|\n|t:|1776461610\n|detailschange|p2a: Chesnaught|Chesnaught-Mega, L50, F\n|-mega|p2a: Chesnaught|Chesnaught|Chesnaughtite\n|move|p1b: Harbor|Protect|p1b: Harbor\n|-singleturn|p1b: Harbor|Protect\n|move|p1a: Pippins|Encore|p2b: Rotom\n|-start|p2b: Rotom|Encore\n|-enditem|p2b: Rotom|Mental Herb\n|-end|p2b: Rotom|Encore\n|move|p2b: Rotom|Will-O-Wisp|p1a: Pippins\n|-status|p1a: Pippins|brn\n|move|p2a: Chesnaught|Leech Seed|p1b: Harbor\n|-activate|p1b: Harbor|move: Protect\n|\n|-damage|p1a: Pippins|82/100 brn|[from] brn\n|upkeep\n|turn|3\n|\n|t:|1776461628\n|switch|p1a: MineMine|Pelipper, L50, M|100/100\n|-weather|RainDance|[from] ability: Drizzle|[of] p1a: MineMine\n|switch|p2b: Incineroar|Incineroar, L50, F|100/100\n|-ability|p2b: Incineroar|Intimidate|boost\n|-unboost|p1a: MineMine|atk|1\n|-unboost|p1b: Harbor|atk|1\n|move|p2a: Chesnaught|Spiky Shield|p2a: Chesnaught\n|-singleturn|p2a: Chesnaught|move: Protect\n|move|p1b: Harbor|Water Spout|p2b: Incineroar|[spread] p2b\n|-activate|p2a: Chesnaught|move: Protect\n|-supereffective|p2b: Incineroar|1\n|-damage|p2b: Incineroar|0 fnt\n|faint|p2b: Incineroar\n|\n|-weather|RainDance|[upkeep]\n|upkeep\n|\n|t:|1776461636\n|switch|p2b: Garchomp|Garchomp, L50, F|100/100\n|turn|4\n|\n|t:|1776461645\n|move|p1b: Harbor|Protect|p1b: Harbor\n|-singleturn|p1b: Harbor|Protect\n|move|p2b: Garchomp|Protect|p2b: Garchomp\n|-singleturn|p2b: Garchomp|Protect\n|move|p1a: MineMine|Tailwind|p1a: MineMine\n|-sidestart|p1: fumbari 24|move: Tailwind\n|move|p2a: Chesnaught|Leech Seed|p1b: Harbor\n|-activate|p1b: Harbor|move: Protect\n|\n|-weather|RainDance|[upkeep]\n|upkeep\n|turn|5\n|\n|t:|1776461656\n|move|p1b: Harbor|Water Spout|p2b: Garchomp|[spread] p2a,p2b\n|-resisted|p2a: Chesnaught|1\n|-damage|p2a: Chesnaught|42/100\n|-damage|p2b: Garchomp|0 fnt\n|faint|p2b: Garchomp\n|move|p1a: MineMine|Hurricane|p2a: Chesnaught\n|-supereffective|p2a: Chesnaught|2\n|-crit|p2a: Chesnaught\n|-damage|p2a: Chesnaught|0 fnt\n|faint|p2a: Chesnaught\n|\n|-weather|RainDance|[upkeep]\n|upkeep\n|-message|Grumblebumble forfeited.\n|\n|win|fumbari 24\n|raw|fumbari 24's rating: 1327 &rarr; <strong>1352</strong><br />(+25 for winning)\n|raw|Grumblebumble's rating: 1412 &rarr; <strong>1387</strong><br />(-25 for losing)\n|l|\u2606Grumblebumble\n|player|p2|\n",
  "uploadtime": 1776461664,
  "views": 44,
  "formatid": "gen9championsvgc2026regma",
  "rating": 1352,
  "private": 0,
  "password": null
}