{
  "id": "gen9championsvgc2026regma-2584140342",
  "format": "[Gen 9 Champions] VGC 2026 Reg M-A",
  "players": [
    "lau334",
    "yuyutuyu"
  ],
  "log": "|j|\u2606lau334\n|j|\u2606yuyutuyu\n|t:|1776229768\n|gametype|doubles\n|player|p1|lau334|265|1150\n|player|p2|yuyutuyu|lass-gen4dp|1126\n|gen|9\n|tier|[Gen 9 Champions] VGC 2026 Reg M-A\n|rated|\n|rule|Species Clause: Limit one of each Pok\u00e9mon\n|rule|Item Clause: Limit 1 of each item\n|clearpoke\n|poke|p1|Froslass, L50, F|\n|poke|p1|Rotom-Frost, L50|\n|poke|p1|Orthworm, L50, F|\n|poke|p1|Sinistcha, L50|\n|poke|p1|Garchomp, L50, F|\n|poke|p1|Milotic, L50, M|\n|poke|p2|Meganium, L50, F|\n|poke|p2|Pelipper, L50, M|\n|poke|p2|Garchomp, L50, F|\n|poke|p2|Skarmory, L50, M|\n|poke|p2|Raichu, L50, F|\n|poke|p2|Milotic, L50, F|\n|teampreview|4\n|\n|t:|1776229849\n|teamsize|p1|4\n|teamsize|p2|4\n|start\n|switch|p1a: Orthworm|Orthworm, L50, F|100/100\n|switch|p1b: GOATchomp|Garchomp, L50, F|100/100\n|switch|p2a: Chumko|Raichu, L50, F|100/100\n|switch|p2b: Skargold|Skarmory, L50, M|100/100\n|turn|1\n|\n|t:|1776229883\n|move|p2a: Chumko|Protect|p2a: Chumko\n|-singleturn|p2a: Chumko|Protect\n|move|p1b: GOATchomp|Earthquake|p2b: Skargold|[spread] \n|-activate|p2a: Chumko|move: Protect\n|-immune|p1a: Orthworm|[from] ability: Earth Eater\n|-immune|p2b: Skargold\n|move|p2b: Skargold|Iron Defense|p2b: Skargold\n|-boost|p2b: Skargold|def|2\n|move|p1a: Orthworm|Iron Defense|p1a: Orthworm\n|-boost|p1a: Orthworm|def|2\n|\n|upkeep\n|turn|2\n|\n|t:|1776229923\n|switch|p2a: Prisme|Pelipper, L50, M|100/100\n|-weather|RainDance|[from] ability: Drizzle|[of] p2a: Prisme\n|move|p1b: GOATchomp|Earthquake|p2b: Skargold|[spread] \n|-immune|p1a: Orthworm|[from] ability: Earth Eater\n|-immune|p2a: Prisme\n|-immune|p2b: Skargold\n|move|p2b: Skargold|Iron Defense|p2b: Skargold\n|-boost|p2b: Skargold|def|2\n|move|p1a: Orthworm|Iron Defense|p1a: Orthworm\n|-boost|p1a: Orthworm|def|2\n|\n|-weather|RainDance|[upkeep]\n|upkeep\n|turn|3\n|\n|t:|1776229956\n|move|p1b: GOATchomp|Rock Slide|p2b: Skargold|[spread] p2a,p2b\n|-supereffective|p2a: Prisme|1\n|-damage|p2a: Prisme|59/100\n|-damage|p2b: Skargold|94/100\n|move|p2b: Skargold|Iron Head|p1b: GOATchomp\n|-damage|p1b: GOATchomp|72/100\n|-damage|p2b: Skargold|82/100|[from] ability: Rough Skin|[of] p1b: GOATchomp\n|move|p2a: Prisme|Tailwind|p2a: Prisme\n|-sidestart|p2: yuyutuyu|move: Tailwind\n|move|p1a: Orthworm|Shed Tail|p1a: Orthworm\n|-start|p1a: Orthworm|Substitute|[from] move: Shed Tail\n|-damage|p1a: Orthworm|50/100\n|-enditem|p1a: Orthworm|Sitrus Berry|[eat]\n|-heal|p1a: Orthworm|75/100|[from] item: Sitrus Berry\n|\n|t:|1776229972\n|switch|p1a: Froslass|Froslass, L50, F, shiny|100/100|[from] Shed Tail\n|\n|-weather|RainDance|[upkeep]\n|upkeep\n|turn|4\n|\n|t:|1776229993\n|move|p2a: Prisme|Wide Guard|p2a: Prisme\n|-singleturn|p2a: Prisme|Wide Guard\n|move|p2b: Skargold|Iron Head|p1a: Froslass\n|-supereffective|p1a: Froslass|1\n|-end|p1a: Froslass|Substitute\n|move|p1a: Froslass|Nasty Plot|p1a: Froslass\n|-boost|p1a: Froslass|spa|2\n|move|p1b: GOATchomp|Rock Slide|p2b: Skargold|[spread] \n|-activate|p2a: Prisme|move: Wide Guard\n|-activate|p2b: Skargold|move: Wide Guard\n|\n|-weather|RainDance|[upkeep]\n|upkeep\n|turn|5\n|\n|t:|1776230023\n|detailschange|p1a: Froslass|Froslass-Mega, L50, F, shiny\n|-mega|p1a: Froslass|Froslass|Froslassite\n|-weather|Snowscape|[from] ability: Snow Warning|[of] p1a: Froslass\n|move|p2b: Skargold|Iron Head|p1a: Froslass\n|-supereffective|p1a: Froslass|1\n|-damage|p1a: Froslass|34/100\n|move|p2a: Prisme|Hurricane|p1a: Froslass|[miss]\n|-miss|p2a: Prisme|p1a: Froslass\n|cant|p1a: Froslass|flinch\n|move|p1b: GOATchomp|Dragon Claw|p2a: Prisme\n|-damage|p2a: Prisme|18/100\n|\n|-weather|Snowscape|[upkeep]\n|upkeep\n|turn|6\n|\n|t:|1776230075\n|move|p2a: Prisme|Protect|p2a: Prisme\n|-singleturn|p2a: Prisme|Protect\n|move|p1a: Froslass|Protect|p1a: Froslass\n|-singleturn|p1a: Froslass|Protect\n|move|p2b: Skargold|Iron Head|p1a: Froslass\n|-activate|p1a: Froslass|move: Protect\n|move|p1b: GOATchomp|Dragon Claw|p2a: Prisme\n|-activate|p2a: Prisme|move: Protect\n|\n|-weather|Snowscape|[upkeep]\n|-sideend|p2: yuyutuyu|move: Tailwind\n|upkeep\n|turn|7\n|\n|t:|1776230133\n|switch|p2a: Chumko|Raichu, L50, F|100/100\n|move|p2b: Skargold|Protect|p2b: Skargold\n|-singleturn|p2b: Skargold|Protect\n|move|p1a: Froslass|Shadow Ball|p2b: Skargold\n|-activate|p2b: Skargold|move: Protect\n|move|p1b: GOATchomp|Dragon Claw|p2a: Chumko\n|-damage|p2a: Chumko|23/100\n|\n|-weather|Snowscape|[upkeep]\n|upkeep\n|turn|8\n|\n|t:|1776230200\n|switch|p2b: Prisme|Pelipper, L50, M|18/100\n|-weather|RainDance|[from] ability: Drizzle|[of] p2b: Prisme\n|move|p1a: Froslass|Protect|p1a: Froslass\n|-singleturn|p1a: Froslass|Protect\n|move|p2a: Chumko|Nuzzle|p1a: Froslass\n|-activate|p1a: Froslass|move: Protect\n|move|p1b: GOATchomp|Dragon Claw|p2a: Chumko\n|-damage|p2a: Chumko|0 fnt\n|faint|p2a: Chumko\n|\n|-weather|RainDance|[upkeep]\n|upkeep\n|\n|t:|1776230212\n|switch|p2a: Mayumi|Meganium, L50, F, shiny|100/100\n|turn|9\n|\n|t:|1776230264\n|switch|p1a: Orthworm|Orthworm, L50, F|75/100\n|detailschange|p2a: Mayumi|Meganium-Mega, L50, F, shiny\n|-mega|p2a: Mayumi|Meganium|Meganiumite\n|move|p2b: Prisme|Wide Guard|p2b: Prisme\n|-singleturn|p2b: Prisme|Wide Guard\n|move|p1b: GOATchomp|Earthquake|p2b: Prisme|[spread] \n|-activate|p2a: Mayumi|move: Wide Guard\n|-activate|p2b: Prisme|move: Wide Guard\n|-heal|p1a: Orthworm|99/100|[from] ability: Earth Eater|[of] p1b: GOATchomp\n|move|p2a: Mayumi|Dazzling Gleam|p1a: Orthworm|[spread] p1a,p1b\n|-resisted|p1a: Orthworm|1\n|-supereffective|p1b: GOATchomp|1\n|-damage|p1a: Orthworm|73/100\n|-damage|p1b: GOATchomp|0 fnt\n|faint|p1b: GOATchomp\n|\n|-weather|RainDance|[upkeep]\n|upkeep\n|\n|t:|1776230284\n|switch|p1b: Froslass|Froslass-Mega, L50, F, shiny|34/100\n|-weather|Snowscape|[from] ability: Snow Warning|[of] p1b: Froslass\n|turn|10\n|\n|t:|1776230349\n|switch|p1a: Milotic|Milotic, L50, M|100/100\n|move|p1b: Froslass|Protect|p1b: Froslass\n|-singleturn|p1b: Froslass|Protect\n|move|p2a: Mayumi|Protect|p2a: Mayumi\n|-singleturn|p2a: Mayumi|Protect\n|move|p2b: Prisme|Tailwind|p2b: Prisme\n|-sidestart|p2: yuyutuyu|move: Tailwind\n|\n|-weather|Snowscape|[upkeep]\n|upkeep\n|turn|11\n|\n|t:|1776230389\n|move|p2a: Mayumi|Solar Beam||[still]\n|-prepare|p2a: Mayumi|Solar Beam\n|-activate|p2a: Mayumi|ability: Mega Sol\n|-anim|p2a: Mayumi|Solar Beam|p1a: Milotic\n|-supereffective|p1a: Milotic|1\n|-damage|p1a: Milotic|2/100\n|move|p2b: Prisme|Hurricane|p1b: Froslass\n|-damage|p1b: Froslass|0 fnt\n|faint|p1b: Froslass\n|move|p1a: Milotic|Scald|p2b: Prisme\n|-resisted|p2b: Prisme|1\n|-damage|p2b: Prisme|0 fnt\n|faint|p2b: Prisme\n|\n|-weather|Snowscape|[upkeep]\n|-heal|p1a: Milotic|7/100|[from] item: Leftovers\n|upkeep\n|-message|lau334 forfeited.\n|\n|win|yuyutuyu\n|raw|lau334's rating: 1150 &rarr; <strong>1123</strong><br />(-27 for losing)\n|raw|yuyutuyu's rating: 1126 &rarr; <strong>1153</strong><br />(+27 for winning)\n|l|\u2606lau334\n|player|p1|\n",
  "uploadtime": 1776230425,
  "views": 26,
  "formatid": "gen9championsvgc2026regma",
  "rating": 1123,
  "private": 0,
  "password": null
}