{
  "id": "gen9championsvgc2026regma-2582823431",
  "format": "[Gen 9 Champions] VGC 2026 Reg M-A",
  "players": [
    "Burgerboy18",
    "AquaticPanic"
  ],
  "log": "|j|\u2606Burgerboy18\n|j|\u2606AquaticPanic\n|t:|1776116836\n|gametype|doubles\n|player|p1|Burgerboy18|265|1191\n|player|p2|AquaticPanic|170|1173\n|gen|9\n|tier|[Gen 9 Champions] VGC 2026 Reg M-A\n|rated|\n|rule|Species Clause: Limit one of each Pok\u00e9mon\n|rule|Item Clause: Limit 1 of each item\n|clearpoke\n|poke|p1|Scizor, L50, M|\n|poke|p1|Gengar, L50, F|\n|poke|p1|Aerodactyl, L50, F|\n|poke|p1|Raichu, L50, F|\n|poke|p1|Tauros-Paldea-Aqua, L50, M|\n|poke|p1|Sylveon, L50, F|\n|poke|p2|Gengar, L50, M|\n|poke|p2|Whimsicott, L50, M|\n|poke|p2|Sneasler, L50, M|\n|poke|p2|Rotom-Wash, L50|\n|poke|p2|Kingambit, L50, M|\n|poke|p2|Dragapult, L50, F|\n|teampreview|4\n|\n|t:|1776116873\n|teamsize|p1|4\n|teamsize|p2|4\n|start\n|switch|p1a: Aerodactyl|Aerodactyl, L50, F|100/100\n|switch|p1b: Raichu|Raichu, L50, F|100/100\n|switch|p2a: Rotom|Rotom-Wash, L50|100/100\n|switch|p2b: Kingambit|Kingambit, L50, M|100/100\n|-ability|p1a: Aerodactyl|Unnerve\n|turn|1\n|\n|t:|1776116902\n|move|p1b: Raichu|Fake Out|p2a: Rotom\n|-damage|p2a: Rotom|89/100\n|cant|p2a: Rotom|flinch\n|move|p1a: Aerodactyl|Tailwind|p1a: Aerodactyl\n|-sidestart|p1: Burgerboy18|move: Tailwind\n|move|p2b: Kingambit|Kowtow Cleave|p1b: Raichu\n|-damage|p1b: Raichu|0 fnt\n|faint|p1b: Raichu\n|\n|upkeep\n|\n|t:|1776116913\n|switch|p1b: Tauros|Tauros-Paldea-Aqua, L50, M|100/100\n|-ability|p1b: Tauros|Intimidate|boost\n|-unboost|p2a: Rotom|atk|1\n|-unboost|p2b: Kingambit|atk|1\n|-ability|p2b: Kingambit|Defiant|boost\n|-boost|p2b: Kingambit|atk|2\n|turn|2\n|\n|t:|1776116925\n|move|p2b: Kingambit|Protect|p2b: Kingambit\n|-singleturn|p2b: Kingambit|Protect\n|move|p1a: Aerodactyl|Rock Slide|p2a: Rotom|[spread] p2a\n|-activate|p2b: Kingambit|move: Protect\n|-damage|p2a: Rotom|56/100\n|move|p1b: Tauros|Close Combat|p2a: Rotom\n|-damage|p2a: Rotom|0 fnt\n|-unboost|p1b: Tauros|def|1\n|-unboost|p1b: Tauros|spd|1\n|faint|p2a: Rotom\n|-enditem|p1b: Tauros|White Herb\n|-clearnegativeboost|p1b: Tauros|[silent]\n|\n|upkeep\n|\n|t:|1776116942\n|switch|p2a: Sneasler|Sneasler, L50, M|100/100\n|turn|3\n|\n|t:|1776116951\n|move|p1b: Tauros|Protect|p1b: Tauros\n|-singleturn|p1b: Tauros|Protect\n|move|p2a: Sneasler|Fake Out|p1b: Tauros\n|-activate|p1b: Tauros|move: Protect\n|move|p2b: Kingambit|Sucker Punch|p1a: Aerodactyl\n|-enditem|p1a: Aerodactyl|Focus Sash\n|-damage|p1a: Aerodactyl|1/100\n|move|p1a: Aerodactyl|Dual Wingbeat|p2a: Sneasler\n|-supereffective|p2a: Sneasler|1\n|-damage|p2a: Sneasler|36/100\n|-supereffective|p2a: Sneasler|1\n|-damage|p2a: Sneasler|0 fnt\n|faint|p2a: Sneasler\n|-hitcount|p2: Sneasler|2\n|\n|upkeep\n|\n|t:|1776116963\n|switch|p2a: Gengar|Gengar, L50, M|100/100\n|turn|4\n|\n|t:|1776116976\n|detailschange|p2a: Gengar|Gengar-Mega, L50, M\n|-mega|p2a: Gengar|Gengar|Gengarite\n|move|p1a: Aerodactyl|Protect|p1a: Aerodactyl\n|-singleturn|p1a: Aerodactyl|Protect\n|move|p2a: Gengar|Protect|p2a: Gengar\n|-singleturn|p2a: Gengar|Protect\n|move|p2b: Kingambit|Protect|p2b: Kingambit\n|-singleturn|p2b: Kingambit|Protect\n|move|p1b: Tauros|Earthquake|p2b: Kingambit|[spread] \n|-activate|p1a: Aerodactyl|move: Protect\n|-activate|p2a: Gengar|move: Protect\n|-activate|p2b: Kingambit|move: Protect\n|\n|-sideend|p1: Burgerboy18|move: Tailwind\n|upkeep\n|turn|5\n|\n|t:|1776117009\n|move|p2b: Kingambit|Sucker Punch|p1b: Tauros\n|-resisted|p1b: Tauros|1\n|-crit|p1b: Tauros\n|-damage|p1b: Tauros|40/100\n|move|p1a: Aerodactyl|Tailwind|p1a: Aerodactyl\n|-sidestart|p1: Burgerboy18|move: Tailwind\n|move|p1b: Tauros|Close Combat|p2b: Kingambit\n|-supereffective|p2b: Kingambit|2\n|-damage|p2b: Kingambit|0 fnt\n|-unboost|p1b: Tauros|def|1\n|-unboost|p1b: Tauros|spd|1\n|faint|p2b: Kingambit\n|move|p2a: Gengar|Shadow Ball|p1a: Aerodactyl\n|-damage|p1a: Aerodactyl|0 fnt\n|faint|p1a: Aerodactyl\n|\n|upkeep\n|\n|t:|1776117022\n|switch|p1a: Gengar|Gengar, L50, F|100/100\n|turn|6\n|\n|t:|1776117029\n|detailschange|p1a: Gengar|Gengar-Mega, L50, F\n|-mega|p1a: Gengar|Gengar|Gengarite\n|move|p1a: Gengar|Shadow Ball|p2a: Gengar\n|-supereffective|p2a: Gengar|1\n|-damage|p2a: Gengar|0 fnt\n|faint|p2a: Gengar\n|\n|win|Burgerboy18\n|raw|Burgerboy18's rating: 1191 &rarr; <strong>1215</strong><br />(+24 for winning)\n|raw|AquaticPanic's rating: 1173 &rarr; <strong>1149</strong><br />(-24 for losing)\n|l|\u2606AquaticPanic\n|player|p2|\n",
  "uploadtime": 1776117035,
  "views": 18,
  "formatid": "gen9championsvgc2026regma",
  "rating": 1149,
  "private": 0,
  "password": null
}