{
  "id": "gen9championsvgc2026regma-2582738255",
  "format": "[Gen 9 Champions] VGC 2026 Reg M-A",
  "players": [
    "porpal_goji",
    "vortex212"
  ],
  "log": "|j|\u2606porpal_goji\n|j|\u2606vortex212\n|t:|1776110692\n|gametype|doubles\n|player|p1|porpal_goji|clair|1000\n|player|p2|vortex212|cynthia-gen4|1025\n|gen|9\n|tier|[Gen 9 Champions] VGC 2026 Reg M-A\n|rated|\n|rule|Species Clause: Limit one of each Pok\u00e9mon\n|rule|Item Clause: Limit 1 of each item\n|clearpoke\n|poke|p1|Starmie, L50|\n|poke|p1|Arbok, L50, M|\n|poke|p1|Sinistcha, L50|\n|poke|p1|Espathra, L50, M|\n|poke|p1|Garchomp, L50, M|\n|poke|p1|Lucario, L50, M|\n|poke|p2|Lucario, L50, F|\n|poke|p2|Whimsicott, L50, M|\n|poke|p2|Arcanine-Hisui, L50, F|\n|poke|p2|Azumarill, L50, F|\n|poke|p2|Ceruledge, L50, F|\n|poke|p2|Starmie, L50|\n|teampreview|4\n|\n|t:|1776110719\n|teamsize|p1|4\n|teamsize|p2|4\n|start\n|switch|p1a: Espathra|Espathra, L50, M|100/100\n|switch|p1b: Arbok|Arbok, L50, M|100/100\n|switch|p2a: Whimsicott|Whimsicott, L50, M|100/100\n|switch|p2b: Azumarill|Azumarill, L50, F|100/100\n|-ability|p1b: Arbok|Intimidate|boost\n|-unboost|p2a: Whimsicott|atk|1\n|-unboost|p2b: Azumarill|atk|1\n|turn|1\n|\n|t:|1776110735\n|move|p2a: Whimsicott|Tailwind|p2a: Whimsicott\n|-sidestart|p2: vortex212|move: Tailwind\n|move|p1a: Espathra|Skill Swap|p1b: Arbok\n|-activate|p1a: Espathra|Skill Swap|||[of] p1b: Arbok\n|-ability|p1a: Espathra|Intimidate|boost\n|-unboost|p2a: Whimsicott|atk|1\n|-unboost|p2b: Azumarill|atk|1\n|move|p2b: Azumarill|Ice Punch|p1a: Espathra\n|-damage|p1a: Espathra|93/100\n|move|p1b: Arbok|Coil|p1b: Arbok\n|-boost|p1b: Arbok|atk|1\n|-boost|p1b: Arbok|def|1\n|-boost|p1b: Arbok|accuracy|1\n|\n|-ability|p1b: Arbok|Speed Boost|boost\n|-boost|p1b: Arbok|spe|1\n|upkeep\n|turn|2\n|\n|t:|1776110759\n|move|p2a: Whimsicott|Moonblast|p1a: Espathra\n|-damage|p1a: Espathra|52/100\n|move|p1a: Espathra|Lumina Crash|p2a: Whimsicott\n|-damage|p2a: Whimsicott|54/100\n|-unboost|p2a: Whimsicott|spd|2\n|move|p1b: Arbok|Coil|p1b: Arbok\n|-boost|p1b: Arbok|atk|1\n|-boost|p1b: Arbok|def|1\n|-boost|p1b: Arbok|accuracy|1\n|move|p2b: Azumarill|Waterfall|p1b: Arbok\n|-damage|p1b: Arbok|93/100\n|\n|-heal|p2a: Whimsicott|60/100|[from] item: Leftovers\n|-heal|p1b: Arbok|99/100|[from] item: Leftovers\n|-ability|p1b: Arbok|Speed Boost|boost\n|-boost|p1b: Arbok|spe|1\n|upkeep\n|turn|3\n|\n|t:|1776110792\n|switch|p2b: Arcanine|Arcanine-Hisui, L50, F|100/100\n|-ability|p2b: Arcanine|Intimidate|boost\n|-unboost|p1a: Espathra|atk|1\n|-unboost|p1b: Arbok|atk|1\n|move|p2a: Whimsicott|Protect|p2a: Whimsicott\n|-singleturn|p2a: Whimsicott|Protect\n|move|p1b: Arbok|Coil|p1b: Arbok\n|-boost|p1b: Arbok|atk|1\n|-boost|p1b: Arbok|def|1\n|-boost|p1b: Arbok|accuracy|1\n|move|p1a: Espathra|Lumina Crash|p2b: Arcanine\n|-damage|p2b: Arcanine|55/100\n|-unboost|p2b: Arcanine|spd|2\n|\n|-heal|p2a: Whimsicott|65/100|[from] item: Leftovers\n|-heal|p1b: Arbok|100/100|[from] item: Leftovers\n|-ability|p1b: Arbok|Speed Boost|boost\n|-boost|p1b: Arbok|spe|1\n|upkeep\n|turn|4\n|\n|t:|1776110813\n|move|p2a: Whimsicott|Helping Hand|p2b: Arcanine\n|-singleturn|p2b: Arcanine|Helping Hand|[of] p2a: Whimsicott\n|move|p1a: Espathra|Protect|p1a: Espathra\n|-singleturn|p1a: Espathra|Protect\n|move|p2b: Arcanine|Flare Blitz|p1b: Arbok\n|-damage|p1b: Arbok|42/100\n|-damage|p2b: Arcanine|36/100|[from] Recoil\n|-enditem|p2b: Arcanine|Sitrus Berry|[eat]\n|-heal|p2b: Arcanine|60/100|[from] item: Sitrus Berry\n|move|p1b: Arbok|Earthquake|p2a: Whimsicott|[spread] p2a,p2b\n|-activate|p1a: Espathra|move: Protect\n|-resisted|p2a: Whimsicott|1\n|-supereffective|p2b: Arcanine|2\n|-damage|p2a: Whimsicott|41/100\n|-damage|p2b: Arcanine|0 fnt\n|faint|p2b: Arcanine\n|\n|-heal|p1b: Arbok|48/100|[from] item: Leftovers\n|-heal|p2a: Whimsicott|47/100|[from] item: Leftovers\n|-sideend|p2: vortex212|move: Tailwind\n|-ability|p1b: Arbok|Speed Boost|boost\n|-boost|p1b: Arbok|spe|1\n|upkeep\n|\n|t:|1776110829\n|switch|p2b: Lucario|Lucario, L50, F|100/100\n|turn|5\n|\n|t:|1776110841\n|switch|p1a: Sinistcha|Sinistcha, L50|100/100\n|-heal|p1b: Arbok|73/100|[from] ability: Hospitality|[of] p1a: Sinistcha\n|detailschange|p2b: Lucario|Lucario-Mega, L50, F\n|-mega|p2b: Lucario|Lucario|Lucarionite\n|move|p2a: Whimsicott|Tailwind|p2a: Whimsicott\n|-sidestart|p2: vortex212|move: Tailwind\n|move|p2b: Lucario|Close Combat|p1b: Arbok\n|-resisted|p1b: Arbok|1\n|-damage|p1b: Arbok|48/100\n|-unboost|p2b: Lucario|def|1\n|-unboost|p2b: Lucario|spd|1\n|move|p1b: Arbok|Gunk Shot|p2a: Whimsicott\n|-supereffective|p2a: Whimsicott|2\n|-damage|p2a: Whimsicott|0 fnt\n|faint|p2a: Whimsicott\n|\n|-heal|p1b: Arbok|54/100|[from] item: Leftovers\n|-ability|p1b: Arbok|Speed Boost|boost\n|-boost|p1b: Arbok|spe|1\n|upkeep\n|\n|t:|1776110856\n|switch|p2a: Azumarill|Azumarill, L50, F|100/100\n|turn|6\n|\n|t:|1776110866\n|move|p1a: Sinistcha|Rage Powder|p1a: Sinistcha\n|-singleturn|p1a: Sinistcha|move: Rage Powder\n|move|p2b: Lucario|Swords Dance|p2b: Lucario\n|-boost|p2b: Lucario|atk|2\n|move|p1b: Arbok|Earthquake|p2a: Azumarill|[spread] p1a,p2a,p2b\n|-resisted|p1a: Sinistcha|1\n|-supereffective|p2b: Lucario|1\n|-damage|p1a: Sinistcha|82/100\n|-damage|p2a: Azumarill|62/100\n|-damage|p2b: Lucario|0 fnt\n|faint|p2b: Lucario\n|move|p2a: Azumarill|Aqua Tail|p1a: Sinistcha\n|-resisted|p1a: Sinistcha|1\n|-damage|p1a: Sinistcha|72/100\n|\n|-heal|p1b: Arbok|60/100|[from] item: Leftovers\n|-ability|p1b: Arbok|Speed Boost|boost\n|-boost|p1b: Arbok|spe|1\n|upkeep\n|turn|7\n|\n|t:|1776110885\n|move|p1b: Arbok|Gunk Shot|p2a: Azumarill\n|-supereffective|p2a: Azumarill|1\n|-damage|p2a: Azumarill|0 fnt\n|faint|p2a: Azumarill\n|\n|win|porpal_goji\n|raw|porpal_goji's rating: 1000 &rarr; <strong>1043</strong><br />(+43 for winning)\n|raw|vortex212's rating: 1025 &rarr; <strong>1010</strong><br />(-15 for losing)\n",
  "uploadtime": 1776110886,
  "views": 32,
  "formatid": "gen9championsvgc2026regma",
  "rating": 1010,
  "private": 0,
  "password": null
}