{
  "id": "gen9championsvgc2026regma-2584599820",
  "format": "[Gen 9 Champions] VGC 2026 Reg M-A",
  "players": [
    "Jengibrelol1311",
    "god Azazel"
  ],
  "log": "|j|\u2606Jengibrelol1311\n|j|\u2606god Azazel\n|t:|1776271299\n|gametype|doubles\n|player|p1|Jengibrelol1311|caitlin|1169\n|player|p2|god Azazel|erika|1145\n|gen|9\n|tier|[Gen 9 Champions] VGC 2026 Reg M-A\n|rated|\n|rule|Species Clause: Limit one of each Pok\u00e9mon\n|rule|Item Clause: Limit 1 of each item\n|clearpoke\n|poke|p1|Dragapult, L50, F|\n|poke|p1|Gardevoir, L50, M|\n|poke|p1|Whimsicott, L50, F|\n|poke|p1|Milotic, L50, F|\n|poke|p1|Typhlosion-Hisui, L50, M|\n|poke|p1|Rotom-Heat, L50|\n|poke|p2|Lopunny, L50, F|\n|poke|p2|Kommo-o, L50, F|\n|poke|p2|Whimsicott, L50, F|\n|poke|p2|Zoroark-Hisui, L50, F|\n|poke|p2|Sableye, L50, F|\n|poke|p2|Weavile, L50, F|\n|teampreview|4\n|inactive|Battle timer is ON: inactive players will automatically lose when time's up. (requested by god Azazel)\n|inactive|Jengibrelol1311 also wants the timer to be on.\n|\n|t:|1776271322\n|teamsize|p1|4\n|teamsize|p2|4\n|start\n|switch|p1a: Milotic|Milotic, L50, F, shiny|100/100\n|switch|p1b: Typhlosion|Typhlosion-Hisui, L50, M|100/100\n|switch|p2a: Sableye|Sableye, L50, F, shiny|100/100\n|switch|p2b: Lopunny|Lopunny, L50, F, shiny|100/100\n|-item|p2a: Sableye|Sitrus Berry|[from] ability: Frisk|[of] p1b: Typhlosion\n|-item|p2b: Lopunny|Silk Scarf|[from] ability: Frisk|[of] p1b: Typhlosion\n|turn|1\n|\n|t:|1776271338\n|move|p2a: Sableye|Fake Out|p1a: Milotic\n|-damage|p1a: Milotic|95/100\n|move|p1b: Typhlosion|Eruption|p2a: Sableye|[spread] p2a,p2b\n|-crit|p2a: Sableye\n|-damage|p2a: Sableye|13/100\n|-damage|p2b: Lopunny|0 fnt\n|replace|p2b: Zoroark|Zoroark-Hisui, L50, F\n|-end|p2b: Zoroark|Illusion\n|-enditem|p2a: Sableye|Sitrus Berry|[eat]\n|-heal|p2a: Sableye|37/100|[from] item: Sitrus Berry\n|faint|p2b: Zoroark\n|cant|p1a: Milotic|flinch\n|\n|-heal|p1a: Milotic|100/100|[from] item: Leftovers\n|upkeep\n|\n|t:|1776271345\n|switch|p2b: Lopunny|Lopunny, L50, F, shiny|100/100\n|turn|2\n|\n|t:|1776271351\n|detailschange|p2b: Lopunny|Lopunny-Mega, L50, F, shiny\n|-mega|p2b: Lopunny|Lopunny|Lopunnite\n|move|p2a: Sableye|Disable|p1b: Typhlosion\n|-start|p1b: Typhlosion|Disable|Eruption\n|cant|p1b: Typhlosion|Disable|Eruption\n|move|p2b: Lopunny|Mega Kick|p1a: Milotic\n|-damage|p1a: Milotic|38/100\n|move|p1a: Milotic|Scald|p2b: Lopunny\n|-damage|p2b: Lopunny|68/100\n|\n|-heal|p1a: Milotic|44/100|[from] item: Leftovers\n|upkeep\n|turn|3\n|\n|t:|1776271375\n|move|p2a: Sableye|Helping Hand|p2b: Lopunny\n|-singleturn|p2b: Lopunny|Helping Hand|[of] p2a: Sableye\n|-activate|p1b: Typhlosion|move: Struggle\n|move|p1b: Typhlosion|Struggle|p2b: Lopunny\n|-damage|p2b: Lopunny|58/100\n|-damage|p1b: Typhlosion|75/100|[from] recoil\n|move|p2b: Lopunny|Mega Kick|p1a: Milotic|[miss]\n|-miss|p2b: Lopunny|p1a: Milotic\n|move|p1a: Milotic|Scald|p2b: Lopunny\n|-damage|p2b: Lopunny|23/100\n|\n|-heal|p1a: Milotic|50/100|[from] item: Leftovers\n|upkeep\n|turn|4\n|\n|t:|1776271399\n|move|p2a: Sableye|Helping Hand|p2b: Lopunny\n|-singleturn|p2b: Lopunny|Helping Hand|[of] p2a: Sableye\n|-activate|p1b: Typhlosion|move: Struggle\n|move|p1b: Typhlosion|Struggle|p2a: Sableye\n|-damage|p2a: Sableye|23/100\n|-damage|p1b: Typhlosion|50/100|[from] recoil\n|move|p2b: Lopunny|Mega Kick|p1a: Milotic|[miss]\n|-miss|p2b: Lopunny|p1a: Milotic\n|move|p1a: Milotic|Recover|p1a: Milotic\n|-heal|p1a: Milotic|99/100\n|\n|-heal|p1a: Milotic|100/100|[from] item: Leftovers\n|upkeep\n|turn|5\n|c|\u2606Jengibrelol1311|Pffff\n|c|\u2606Jengibrelol1311|That's bad luck, brother.\n|inactive|Jengibrelol1311 has 30 seconds left.\n|\n|t:|1776271424\n|move|p2a: Sableye|Encore|p1a: Milotic\n|-start|p1a: Milotic|Encore\n|-activate|p1b: Typhlosion|move: Struggle\n|move|p1b: Typhlosion|Struggle|p2a: Sableye\n|-damage|p2a: Sableye|11/100\n|-damage|p1b: Typhlosion|24/100|[from] recoil\n|move|p2b: Lopunny|Mega Kick|p1b: Typhlosion\n|-damage|p1b: Typhlosion|0 fnt\n|faint|p1b: Typhlosion\n|move|p1a: Milotic|Recover||[still]\n|-fail|p1a: Milotic|heal\n|\n|upkeep\n|\n|t:|1776271440\n|switch|p1b: Dragapult|Dragapult, L50, F|100/100\n|turn|6\n|\n|t:|1776271456\n|move|p2a: Sableye|Disable|p1a: Milotic\n|-start|p1a: Milotic|Disable|Recover\n|move|p1b: Dragapult|Dragon Darts|p2b: Lopunny\n|-damage|p2b: Lopunny|0 fnt\n|-anim|p1b: Dragapult|Dragon Darts|p2a: Sableye\n|-damage|p2a: Sableye|0 fnt\n|faint|p2b: Lopunny\n|faint|p2a: Sableye\n|cant|p1a: Milotic|Disable|Recover\n|\n|upkeep\n|\n|t:|1776271462\n|switch|p2b: Whimsicott|Whimsicott, L50, F, shiny|100/100\n|turn|7\n|\n|t:|1776271468\n|switch|p1a: Gardevoir|Gardevoir, L50, M, shiny|100/100\n|move|p1b: Dragapult|Steel Wing|p2b: Whimsicott\n|-supereffective|p2b: Whimsicott|1\n|-damage|p2b: Whimsicott|26/100\n|move|p2b: Whimsicott|Moonblast|p1b: Dragapult\n|-supereffective|p1b: Dragapult|1\n|-damage|p1b: Dragapult|12/100\n|\n|upkeep\n|turn|8\n|-message|god Azazel forfeited.\n|\n|win|Jengibrelol1311\n|raw|Jengibrelol1311's rating: 1169 &rarr; <strong>1192</strong><br />(+23 for winning)\n|raw|god Azazel's rating: 1145 &rarr; <strong>1122</strong><br />(-23 for losing)\n|l|\u2606god Azazel\n|player|p2|\n|l|\u2606Jengibrelol1311\n|player|p1|\n|j|\u2606Jengibrelol1311\n|player|p1|Jengibrelol1311|caitlin|\n",
  "uploadtime": 1776271607,
  "views": 18,
  "formatid": "gen9championsvgc2026regma",
  "rating": 1122,
  "private": 0,
  "password": null
}