{
  "id": "gen9championsvgc2026regma-2584930718",
  "format": "[Gen 9 Champions] VGC 2026 Reg M-A",
  "players": [
    "Poliwhirl100",
    "GodatBot"
  ],
  "log": "|j|\u2606Poliwhirl100\n|j|\u2606GodatBot\n|t:|1776295579\n|gametype|doubles\n|player|p1|Poliwhirl100|preschooler|1155\n|player|p2|GodatBot|cyclist-gen4|1143\n|gen|9\n|tier|[Gen 9 Champions] VGC 2026 Reg M-A\n|rated|\n|rule|Species Clause: Limit one of each Pok\u00e9mon\n|rule|Item Clause: Limit 1 of each item\n|clearpoke\n|poke|p1|Floette-Eternal, L50, F|\n|poke|p1|Aerodactyl, L50, M|\n|poke|p1|Incineroar, L50, M|\n|poke|p1|Farigiraf, L50, M|\n|poke|p1|Sneasler, L50, M|\n|poke|p1|Kingambit, L50, F|\n|poke|p2|Aggron, L50, M|\n|poke|p2|Aerodactyl, L50, M|\n|poke|p2|Sinistcha, L50|\n|poke|p2|Incineroar, L50, F|\n|poke|p2|Venusaur, L50, M|\n|poke|p2|Palafin, L50, M|\n|teampreview|4\n|\n|t:|1776295602\n|teamsize|p1|4\n|teamsize|p2|4\n|start\n|switch|p1a: Floette|Floette-Eternal, L50, F|100/100\n|switch|p1b: Incineroar|Incineroar, L50, M|100/100\n|switch|p2a: Palafin|Palafin, L50, M|100/100\n|switch|p2b: Incineroar|Incineroar, L50, F|100/100\n|-ability|p2b: Incineroar|Intimidate|boost\n|-unboost|p1a: Floette|atk|1\n|-unboost|p1b: Incineroar|atk|1\n|-ability|p1b: Incineroar|Intimidate|boost\n|-unboost|p2a: Palafin|atk|1\n|-unboost|p2b: Incineroar|atk|1\n|turn|1\n|inactive|Battle timer is ON: inactive players will automatically lose when time's up. (requested by GodatBot)\n|\n|t:|1776295612\n|detailschange|p2a: Palafin|Palafin-Hero, L50, M\n|switch|p2a: Aggron|Aggron, L50, M|100/100\n|move|p1a: Floette|Protect|p1a: Floette\n|-singleturn|p1a: Floette|Protect\n|move|p2b: Incineroar|Fake Out|p1a: Floette\n|-activate|p1a: Floette|move: Protect\n|move|p1b: Incineroar|Will-O-Wisp|p2a: Aggron|[miss]\n|-miss|p1b: Incineroar|p2a: Aggron\n|\n|upkeep\n|turn|2\n|inactive|GodatBot has 30 seconds left.\n|\n|t:|1776295646\n|switch|p1a: Kingambit|Kingambit, L50, F|100/100\n|detailschange|p2a: Aggron|Aggron-Mega, L50, M\n|-mega|p2a: Aggron|Aggron|Aggronite\n|move|p2a: Aggron|Protect|p2a: Aggron\n|-singleturn|p2a: Aggron|Protect\n|move|p2b: Incineroar|Parting Shot|p1a: Kingambit\n|-unboost|p1a: Kingambit|atk|1\n|-ability|p1a: Kingambit|Defiant|boost\n|-boost|p1a: Kingambit|atk|2\n|-unboost|p1a: Kingambit|spa|1\n|-ability|p1a: Kingambit|Defiant|boost\n|-boost|p1a: Kingambit|atk|2\n|c|\u2606Poliwhirl100|LMAO\n|\n|t:|1776295656\n|switch|p2b: Palafin|Palafin-Hero, L50, M|100/100|[from] Parting Shot\n|-activate|p2b: Palafin|ability: Zero to Hero\n|move|p1b: Incineroar|Will-O-Wisp|p2a: Aggron\n|-activate|p2a: Aggron|move: Protect\n|\n|upkeep\n|turn|3\n|\n|t:|1776295674\n|switch|p2a: Sinistcha|Sinistcha, L50|100/100\n|move|p1a: Kingambit|Sucker Punch|p2b: Palafin\n|-damage|p2b: Palafin|12/100\n|move|p2b: Palafin|Close Combat|p1a: Kingambit\n|-supereffective|p1a: Kingambit|2\n|-enditem|p1a: Kingambit|Chople Berry|[eat]\n|-enditem|p1a: Kingambit|Chople Berry|[weaken]\n|-damage|p1a: Kingambit|28/100\n|-unboost|p2b: Palafin|def|1\n|-unboost|p2b: Palafin|spd|1\n|move|p1b: Incineroar|Will-O-Wisp|p2a: Sinistcha\n|-status|p2a: Sinistcha|brn\n|\n|-damage|p2a: Sinistcha|94/100 brn|[from] brn\n|upkeep\n|turn|4\n|\n|t:|1776295694\n|move|p1a: Kingambit|Protect|p1a: Kingambit\n|-singleturn|p1a: Kingambit|Protect\n|move|p2a: Sinistcha|Rage Powder|p2a: Sinistcha\n|-singleturn|p2a: Sinistcha|move: Rage Powder\n|move|p2b: Palafin|Jet Punch|p1a: Kingambit\n|-activate|p1a: Kingambit|move: Protect\n|move|p1b: Incineroar|Parting Shot|p2a: Sinistcha\n|-unboost|p2a: Sinistcha|atk|1\n|-unboost|p2a: Sinistcha|spa|1\n|\n|t:|1776295700\n|switch|p1b: Floette|Floette-Eternal, L50, F|100/100|[from] Parting Shot\n|\n|-damage|p2a: Sinistcha|88/100 brn|[from] brn\n|upkeep\n|turn|5\n|\n|t:|1776295723\n|move|p2a: Sinistcha|Protect|p2a: Sinistcha\n|-singleturn|p2a: Sinistcha|Protect\n|move|p2b: Palafin|Jet Punch|p1b: Floette\n|-damage|p1b: Floette|15/100\n|move|p1a: Kingambit|Sucker Punch||[still]\n|-fail|p1a: Kingambit\n|move|p1b: Floette|Calm Mind|p1b: Floette\n|-boost|p1b: Floette|spa|1\n|-boost|p1b: Floette|spd|1\n|\n|-damage|p2a: Sinistcha|82/100 brn|[from] brn\n|upkeep\n|turn|6\n|\n|t:|1776295742\n|move|p1b: Floette|Protect|p1b: Floette\n|-singleturn|p1b: Floette|Protect\n|move|p2a: Sinistcha|Rage Powder|p2a: Sinistcha\n|-singleturn|p2a: Sinistcha|move: Rage Powder\n|move|p2b: Palafin|Jet Punch|p1b: Floette\n|-activate|p1b: Floette|move: Protect\n|move|p1a: Kingambit|Iron Head|p2a: Sinistcha\n|-damage|p2a: Sinistcha|0 fnt\n|faint|p2a: Sinistcha\n|\n|upkeep\n|\n|t:|1776295751\n|switch|p2a: Incineroar|Incineroar, L50, F|100/100\n|-ability|p2a: Incineroar|Intimidate|boost\n|-unboost|p1a: Kingambit|atk|1\n|-ability|p1a: Kingambit|Defiant|boost\n|-boost|p1a: Kingambit|atk|2\n|-unboost|p1b: Floette|atk|1\n|turn|7\n|\n|t:|1776295763\n|switch|p1b: Incineroar|Incineroar, L50, M|100/100\n|-ability|p1b: Incineroar|Intimidate|boost\n|-unboost|p2a: Incineroar|atk|1\n|-unboost|p2b: Palafin|atk|1\n|move|p2a: Incineroar|Fake Out|p1a: Kingambit\n|-resisted|p1a: Kingambit|1\n|-damage|p1a: Kingambit|25/100\n|move|p2b: Palafin|Jet Punch|p1b: Incineroar\n|-supereffective|p1b: Incineroar|1\n|-damage|p1b: Incineroar|34/100\n|-enditem|p1b: Incineroar|Sitrus Berry|[eat]\n|-heal|p1b: Incineroar|59/100|[from] item: Sitrus Berry\n|cant|p1a: Kingambit|flinch\n|\n|upkeep\n|turn|8\n|\n|t:|1776295778\n|switch|p2b: Aggron|Aggron-Mega, L50, M|100/100\n|move|p1a: Kingambit|Protect|p1a: Kingambit\n|-singleturn|p1a: Kingambit|Protect\n|move|p2a: Incineroar|Parting Shot|p1b: Incineroar\n|-unboost|p1b: Incineroar|atk|1\n|-unboost|p1b: Incineroar|spa|1\n|\n|t:|1776295786\n|switch|p2a: Palafin|Palafin-Hero, L50, M|12/100|[from] Parting Shot\n|move|p1b: Incineroar|Flare Blitz|p2b: Aggron\n|-supereffective|p2b: Aggron|1\n|-damage|p2b: Aggron|78/100\n|-damage|p1b: Incineroar|52/100|[from] Recoil\n|\n|upkeep\n|turn|9\n|\n|t:|1776295801\n|move|p2a: Palafin|Jet Punch|p1a: Kingambit\n|-damage|p1a: Kingambit|0 fnt\n|faint|p1a: Kingambit\n|move|p1b: Incineroar|Will-O-Wisp|p2b: Aggron\n|-status|p2b: Aggron|brn\n|move|p2b: Aggron|Body Press|p1b: Incineroar\n|-supereffective|p1b: Incineroar|1\n|-damage|p1b: Incineroar|18/100\n|\n|-damage|p2b: Aggron|72/100 brn|[from] brn\n|upkeep\n|\n|t:|1776295806\n|switch|p1a: Sneasler|Sneasler, L50, M|100/100\n|turn|10\n|\n|t:|1776295816\n|switch|p2a: Incineroar|Incineroar, L50, F|100/100\n|-ability|p2a: Incineroar|Intimidate|boost\n|-unboost|p1a: Sneasler|atk|1\n|-unboost|p1b: Incineroar|atk|1\n|-enditem|p1a: Sneasler|White Herb\n|-clearnegativeboost|p1a: Sneasler|[silent]\n|move|p1a: Sneasler|Close Combat|p2b: Aggron\n|-supereffective|p2b: Aggron|1\n|-damage|p2b: Aggron|26/100 brn\n|-unboost|p1a: Sneasler|def|1\n|-unboost|p1a: Sneasler|spd|1\n|move|p1b: Incineroar|Flare Blitz|p2a: Incineroar\n|-resisted|p2a: Incineroar|1\n|-damage|p2a: Incineroar|91/100\n|-damage|p1b: Incineroar|15/100|[from] Recoil\n|move|p2b: Aggron|Iron Defense|p2b: Aggron\n|-boost|p2b: Aggron|def|2\n|\n|-damage|p2b: Aggron|20/100 brn|[from] brn\n|upkeep\n|turn|11\n|\n|t:|1776295837\n|move|p1a: Sneasler|Protect|p1a: Sneasler\n|-singleturn|p1a: Sneasler|Protect\n|move|p2a: Incineroar|Fake Out|p1a: Sneasler\n|-activate|p1a: Sneasler|move: Protect\n|move|p1b: Incineroar|Flare Blitz|p2b: Aggron\n|-supereffective|p2b: Aggron|1\n|-damage|p2b: Aggron|10/100 brn\n|-damage|p1b: Incineroar|12/100|[from] Recoil\n|move|p2b: Aggron|Body Press|p1a: Sneasler\n|-activate|p1a: Sneasler|move: Protect\n|\n|-damage|p2b: Aggron|3/100 brn|[from] brn\n|upkeep\n|turn|12\n|\n|t:|1776295850\n|switch|p1a: Floette|Floette-Eternal, L50, F|15/100\n|move|p2b: Aggron|Protect|p2b: Aggron\n|-singleturn|p2b: Aggron|Protect\n|move|p2a: Incineroar|Flare Blitz|p1a: Floette\n|-damage|p1a: Floette|0 fnt\n|faint|p1a: Floette\n|-damage|p2a: Incineroar|88/100|[from] Recoil\n|move|p1b: Incineroar|Will-O-Wisp|p2a: Incineroar\n|-immune|p2a: Incineroar\n|\n|-damage|p2b: Aggron|0 fnt|[from] brn\n|faint|p2b: Aggron\n|upkeep\n|\n|t:|1776295863\n|switch|p1a: Sneasler|Sneasler, L50, M|100/100\n|switch|p2b: Palafin|Palafin-Hero, L50, M|12/100\n|turn|13\n|\n|t:|1776295883\n|move|p1a: Sneasler|Fake Out|p2b: Palafin\n|-damage|p2b: Palafin|0 fnt\n|faint|p2b: Palafin\n|move|p2a: Incineroar|Flare Blitz|p1a: Sneasler\n|-damage|p1a: Sneasler|27/100\n|-damage|p2a: Incineroar|69/100|[from] Recoil\n|move|p1b: Incineroar|Parting Shot|p2a: Incineroar\n|-unboost|p2a: Incineroar|atk|1\n|-unboost|p2a: Incineroar|spa|1\n|\n|upkeep\n|turn|14\n|\n|t:|1776295892\n|move|p1a: Sneasler|Close Combat|p2a: Incineroar\n|-supereffective|p2a: Incineroar|1\n|-damage|p2a: Incineroar|0 fnt\n|-unboost|p1a: Sneasler|def|1\n|-unboost|p1a: Sneasler|spd|1\n|faint|p2a: Incineroar\n|\n|win|Poliwhirl100\n|raw|Poliwhirl100's rating: 1155 &rarr; <strong>1179</strong><br />(+24 for winning)\n|raw|GodatBot's rating: 1143 &rarr; <strong>1119</strong><br />(-24 for losing)\n",
  "uploadtime": 1776295892,
  "views": 17,
  "formatid": "gen9championsvgc2026regma",
  "rating": 1119,
  "private": 0,
  "password": null
}