{
  "id": "gen9championsvgc2026regma-2585934445",
  "format": "[Gen 9 Champions] VGC 2026 Reg M-A",
  "players": [
    "Yurufuz",
    "higorbarros"
  ],
  "log": "|j|\u2606Yurufuz\n|j|\u2606higorbarros\n|t:|1776382848\n|gametype|doubles\n|player|p1|Yurufuz|iono|1114\n|player|p2|higorbarros|170|1125\n|gen|9\n|tier|[Gen 9 Champions] VGC 2026 Reg M-A\n|rated|\n|rule|Species Clause: Limit one of each Pok\u00e9mon\n|rule|Item Clause: Limit 1 of each item\n|clearpoke\n|poke|p1|Sinistcha, L50|\n|poke|p1|Kingambit, L50, F|\n|poke|p1|Incineroar, L50, M|\n|poke|p1|Floette-Eternal, L50, F|\n|poke|p1|Aerodactyl, L50, F|\n|poke|p1|Sneasler, L50, M|\n|poke|p2|Gengar, L50, M|\n|poke|p2|Incineroar, L50, F|\n|poke|p2|Garchomp, L50, M|\n|poke|p2|Rotom-Wash, L50|\n|poke|p2|Scizor, L50, M|\n|poke|p2|Dragonite, L50, F|\n|teampreview|4\n|c|\u2606Yurufuz|Will you be my dessert?\n|\n|t:|1776382881\n|teamsize|p1|4\n|teamsize|p2|4\n|start\n|switch|p1a: Sinistcha|Sinistcha, L50|100/100\n|switch|p1b: Incineroar|Incineroar, L50, M|100/100\n|switch|p2a: Rotom|Rotom-Wash, L50|100/100\n|switch|p2b: Garchomp|Garchomp, L50, M|100/100\n|-ability|p1b: Incineroar|Intimidate|boost\n|-unboost|p2a: Rotom|atk|1\n|-unboost|p2b: Garchomp|atk|1\n|turn|1\n|\n|t:|1776382893\n|move|p1b: Incineroar|Fake Out|p2a: Rotom\n|-crit|p2a: Rotom\n|-damage|p2a: Rotom|86/100\n|move|p2b: Garchomp|Earthquake|p1b: Incineroar|[spread] p1a,p1b\n|-immune|p2a: Rotom|[from] ability: Levitate\n|-resisted|p1a: Sinistcha|1\n|-supereffective|p1b: Incineroar|1\n|-enditem|p1b: Incineroar|Shuca Berry|[eat]\n|-enditem|p1b: Incineroar|Shuca Berry|[weaken]\n|-damage|p1a: Sinistcha|91/100\n|-damage|p1b: Incineroar|80/100\n|cant|p2a: Rotom|flinch\n|move|p1a: Sinistcha|Matcha Gotcha|p2a: Rotom|[spread] p2a,p2b\n|-supereffective|p2a: Rotom|1\n|-damage|p2a: Rotom|35/100\n|-heal|p1a: Sinistcha|100/100|[from] drain|[of] p2a: Rotom\n|-damage|p2b: Garchomp|74/100\n|-status|p2b: Garchomp|brn\n|\n|-heal|p2a: Rotom|41/100|[from] item: Leftovers\n|-damage|p2b: Garchomp|68/100 brn|[from] brn\n|upkeep\n|turn|2\n|\n|t:|1776382935\n|switch|p1b: Floette|Floette-Eternal, L50, F|100/100\n|move|p2b: Garchomp|Earthquake|p1b: Floette|[spread] p1a,p1b\n|-immune|p2a: Rotom|[from] ability: Levitate\n|-resisted|p1a: Sinistcha|1\n|-damage|p1a: Sinistcha|95/100\n|-damage|p1b: Floette|82/100\n|move|p2a: Rotom|Hydro Pump|p1b: Floette\n|-damage|p1b: Floette|51/100\n|move|p1a: Sinistcha|Matcha Gotcha|p2b: Garchomp|[spread] p2b\n|-miss|p1a: Sinistcha|p2a: Rotom\n|-damage|p2b: Garchomp|43/100 brn\n|-heal|p1a: Sinistcha|100/100|[from] drain|[of] p2b: Garchomp\n|\n|-heal|p2a: Rotom|46/100|[from] item: Leftovers\n|-damage|p2b: Garchomp|37/100 brn|[from] brn\n|upkeep\n|turn|3\n|\n|t:|1776382960\n|switch|p2b: Incineroar|Incineroar, L50, F|100/100\n|-ability|p2b: Incineroar|Intimidate|boost\n|-block|p1a: Sinistcha|ability: Flower Veil|[of] p1b: Floette\n|-unboost|p1b: Floette|atk|1\n|switch|p2a: Scizor|Scizor, L50, M|100/100\n|move|p1b: Floette|Protect|p1b: Floette\n|-singleturn|p1b: Floette|Protect\n|move|p1a: Sinistcha|Matcha Gotcha|p2a: Scizor|[spread] p2a,p2b\n|-resisted|p2a: Scizor|2\n|-resisted|p2b: Incineroar|1\n|-damage|p2a: Scizor|94/100\n|-damage|p2b: Incineroar|91/100\n|\n|upkeep\n|turn|4\n|\n|t:|1776382987\n|switch|p1b: Incineroar|Incineroar, L50, M|80/100\n|-ability|p1b: Incineroar|Intimidate|boost\n|-unboost|p2a: Scizor|atk|1\n|-unboost|p2b: Incineroar|atk|1\n|move|p2b: Incineroar|Fake Out|p1b: Incineroar\n|-damage|p1b: Incineroar|75/100\n|move|p2a: Scizor|Bullet Punch|p1b: Incineroar\n|-resisted|p1b: Incineroar|1\n|-damage|p1b: Incineroar|65/100\n|move|p1a: Sinistcha|Life Dew||[still]|[spread] p1a,p1b\n|-fail|p1a: Sinistcha|heal\n|-heal|p1b: Incineroar|91/100\n|\n|upkeep\n|turn|5\n|\n|t:|1776383013\n|switch|p2a: Rotom|Rotom-Wash, L50|46/100\n|move|p1a: Sinistcha|Rage Powder|p1a: Sinistcha\n|-singleturn|p1a: Sinistcha|move: Rage Powder\n|move|p1b: Incineroar|Flare Blitz|p2a: Rotom\n|-resisted|p2a: Rotom|1\n|-damage|p2a: Rotom|26/100\n|-damage|p1b: Incineroar|85/100|[from] Recoil\n|move|p2b: Incineroar|Flare Blitz|p1a: Sinistcha\n|-supereffective|p1a: Sinistcha|1\n|-damage|p1a: Sinistcha|48/100\n|-enditem|p1a: Sinistcha|Sitrus Berry|[eat]\n|-heal|p1a: Sinistcha|73/100|[from] item: Sitrus Berry\n|-damage|p2b: Incineroar|76/100|[from] Recoil\n|\n|-heal|p2a: Rotom|32/100|[from] item: Leftovers\n|upkeep\n|turn|6\n|\n|t:|1776383033\n|move|p2a: Rotom|Will-O-Wisp|p1a: Sinistcha\n|-status|p1a: Sinistcha|brn\n|move|p1a: Sinistcha|Matcha Gotcha|p2b: Incineroar|[spread] p2a,p2b\n|-supereffective|p2a: Rotom|1\n|-resisted|p2b: Incineroar|1\n|-damage|p2a: Rotom|0 fnt\n|-heal|p1a: Sinistcha|87/100 brn|[from] drain|[of] p2a: Rotom\n|-damage|p2b: Incineroar|67/100\n|-heal|p1a: Sinistcha|93/100 brn|[from] drain|[of] p2b: Incineroar\n|faint|p2a: Rotom\n|move|p1b: Incineroar|Flare Blitz|p2b: Incineroar\n|-resisted|p2b: Incineroar|1\n|-damage|p2b: Incineroar|47/100\n|-enditem|p2b: Incineroar|Sitrus Berry|[eat]\n|-heal|p2b: Incineroar|72/100|[from] item: Sitrus Berry\n|-damage|p1b: Incineroar|79/100|[from] Recoil\n|move|p2b: Incineroar|Flare Blitz|p1a: Sinistcha\n|-supereffective|p1a: Sinistcha|1\n|-damage|p1a: Sinistcha|41/100 brn\n|-damage|p2b: Incineroar|57/100|[from] Recoil\n|\n|-damage|p1a: Sinistcha|35/100 brn|[from] brn\n|upkeep\n|\n|t:|1776383055\n|switch|p2a: Scizor|Scizor, L50, M|94/100\n|turn|7\n|\n|t:|1776383062\n|move|p2a: Scizor|Protect|p2a: Scizor\n|-singleturn|p2a: Scizor|Protect\n|move|p1a: Sinistcha|Rage Powder|p1a: Sinistcha\n|-singleturn|p1a: Sinistcha|move: Rage Powder\n|move|p1b: Incineroar|Flare Blitz|p2a: Scizor\n|-activate|p2a: Scizor|move: Protect\n|move|p2b: Incineroar|Flare Blitz|p1a: Sinistcha\n|-supereffective|p1a: Sinistcha|1\n|-damage|p1a: Sinistcha|0 fnt\n|faint|p1a: Sinistcha\n|-damage|p2b: Incineroar|47/100|[from] Recoil\n|\n|upkeep\n|\n|t:|1776383066\n|switch|p1a: Kingambit|Kingambit, L50, F|100/100\n|turn|8\n|\n|t:|1776383099\n|move|p1a: Kingambit|Protect|p1a: Kingambit\n|-singleturn|p1a: Kingambit|Protect\n|move|p2a: Scizor|Close Combat|p1b: Incineroar\n|-supereffective|p1b: Incineroar|1\n|-damage|p1b: Incineroar|12/100\n|-unboost|p2a: Scizor|def|1\n|-unboost|p2a: Scizor|spd|1\n|move|p1b: Incineroar|Flare Blitz|p2a: Scizor\n|-supereffective|p2a: Scizor|2\n|-damage|p2a: Scizor|0 fnt\n|faint|p2a: Scizor\n|-damage|p1b: Incineroar|0 fnt|[from] Recoil\n|faint|p1b: Incineroar\n|move|p2b: Incineroar|Flare Blitz|p1a: Kingambit\n|-activate|p1a: Kingambit|move: Protect\n|\n|upkeep\n|\n|t:|1776383121\n|switch|p2a: Garchomp|Garchomp, L50, M|37/100 brn\n|switch|p1b: Floette|Floette-Eternal, L50, F|51/100\n|turn|9\n|c|\u2606Yurufuz|Im so not used to\n|c|\u2606Yurufuz|not having tera\n|c|\u2606Yurufuz|sorry im new to vgc.\n|\n|t:|1776383155\n|detailschange|p1b: Floette|Floette-Mega, L50, F\n|-mega|p1b: Floette|Floette|Floettite\n|-ability|p1b: Floette|Fairy Aura\n|move|p2a: Garchomp|Protect|p2a: Garchomp\n|-singleturn|p2a: Garchomp|Protect\n|move|p1a: Kingambit|Sucker Punch||[still]\n|-fail|p1a: Kingambit\n|move|p1b: Floette|Dazzling Gleam|p2b: Incineroar|[spread] p2b\n|-activate|p2a: Garchomp|move: Protect\n|-damage|p2b: Incineroar|5/100\n|move|p2b: Incineroar|Flare Blitz|p1b: Floette\n|-damage|p1b: Floette|18/100\n|-damage|p2b: Incineroar|0 fnt|[from] Recoil\n|faint|p2b: Incineroar\n|\n|-damage|p2a: Garchomp|31/100 brn|[from] brn\n|upkeep\n|turn|10\n|\n|t:|1776383173\n|move|p1a: Kingambit|Sucker Punch|p2a: Garchomp\n|-damage|p2a: Garchomp|0 fnt\n|-damage|p1a: Kingambit|88/100|[from] ability: Rough Skin|[of] p2a: Garchomp\n|faint|p2a: Garchomp\n|\n|win|Yurufuz\n|raw|Yurufuz's rating: 1114 &rarr; <strong>1140</strong><br />(+26 for winning)\n|raw|higorbarros's rating: 1125 &rarr; <strong>1099</strong><br />(-26 for losing)\n|l|\u2606higorbarros\n|player|p2|\n",
  "uploadtime": 1776383176,
  "views": 15,
  "formatid": "gen9championsvgc2026regma",
  "rating": 1099,
  "private": 0,
  "password": null
}