{
  "id": "gen9championsvgc2026regma-2585349897",
  "format": "[Gen 9 Champions] VGC 2026 Reg M-A",
  "players": [
    "uzayprensi18",
    "ShaggyMetagross"
  ],
  "log": "|j|\u2606uzayprensi18\n|j|\u2606ShaggyMetagross\n|t:|1776340296\n|gametype|doubles\n|player|p1|uzayprensi18|giovanni|1202\n|player|p2|ShaggyMetagross|cyrus|1275\n|gen|9\n|tier|[Gen 9 Champions] VGC 2026 Reg M-A\n|rated|\n|rule|Species Clause: Limit one of each Pok\u00e9mon\n|rule|Item Clause: Limit 1 of each item\n|clearpoke\n|poke|p1|Delphox, L50, M|\n|poke|p1|Garchomp, L50, F|\n|poke|p1|Sneasler, L50, M|\n|poke|p1|Kingambit, L50, M|\n|poke|p1|Aerodactyl, L50, M|\n|poke|p1|Golurk, L50|\n|poke|p2|Pelipper, L50, F|\n|poke|p2|Basculegion-F, L50, F|\n|poke|p2|Scizor, L50, M|\n|poke|p2|Sinistcha, L50|\n|poke|p2|Sneasler, L50, F|\n|poke|p2|Rhyperior, L50, M|\n|teampreview|4\n|\n|t:|1776340325\n|teamsize|p1|4\n|teamsize|p2|4\n|start\n|switch|p1a: Aerodactyl|Aerodactyl, L50, M|100/100\n|switch|p1b: Garchomp|Garchomp, L50, F|100/100\n|switch|p2a: Basculegion|Basculegion-F, L50, F|100/100\n|switch|p2b: Scizor|Scizor, L50, M|100/100\n|turn|1\n|inactive|Battle timer is ON: inactive players will automatically lose when time's up. (requested by uzayprensi18)\n|\n|t:|1776340339\n|detailschange|p2b: Scizor|Scizor-Mega, L50, M\n|-mega|p2b: Scizor|Scizor|Scizorite\n|move|p2b: Scizor|Bullet Punch|p1a: Aerodactyl\n|-supereffective|p1a: Aerodactyl|1\n|-enditem|p1a: Aerodactyl|Focus Sash\n|-damage|p1a: Aerodactyl|1/100\n|move|p1a: Aerodactyl|Tailwind|p1a: Aerodactyl\n|-sidestart|p1: uzayprensi18|move: Tailwind\n|move|p1b: Garchomp|Dragon Claw|p2a: Basculegion\n|-damage|p2a: Basculegion|44/100\n|move|p2a: Basculegion|Ice Beam|p1b: Garchomp\n|-supereffective|p1b: Garchomp|2\n|-damage|p1b: Garchomp|0 fnt\n|faint|p1b: Garchomp\n|\n|upkeep\n|\n|t:|1776340352\n|switch|p1b: Sneasler|Sneasler, L50, M|100/100\n|-ability|p1b: Sneasler|Pressure\n|turn|2\n|\n|t:|1776340362\n|switch|p2b: Pelipper|Pelipper, L50, F, shiny|100/100\n|-weather|RainDance|[from] ability: Drizzle|[of] p2b: Pelipper\n|move|p1b: Sneasler|Fake Out|p2b: Pelipper\n|-damage|p2b: Pelipper|80/100\n|move|p1a: Aerodactyl|Rock Slide|p2a: Basculegion|[spread] p2a\n|-miss|p1a: Aerodactyl|p2b: Pelipper\n|-damage|p2a: Basculegion|11/100\n|move|p2a: Basculegion|Muddy Water|p1a: Aerodactyl|[spread] p1b\n|-miss|p2a: Basculegion|p1a: Aerodactyl\n|-damage|p1b: Sneasler|9/100\n|-unboost|p1b: Sneasler|accuracy|1\n|-enditem|p1b: Sneasler|White Herb\n|-clearnegativeboost|p1b: Sneasler|[silent]\n|\n|-weather|RainDance|[upkeep]\n|upkeep\n|turn|3\n|\n|t:|1776340387\n|move|p2a: Basculegion|Protect|p2a: Basculegion\n|-singleturn|p2a: Basculegion|Protect\n|move|p1a: Aerodactyl|Rock Slide|p2b: Pelipper|[spread] p2b\n|-activate|p2a: Basculegion|move: Protect\n|-supereffective|p2b: Pelipper|1\n|-damage|p2b: Pelipper|10/100\n|move|p1b: Sneasler|Dire Claw|p2b: Pelipper\n|-damage|p2b: Pelipper|0 fnt\n|faint|p2b: Pelipper\n|\n|-weather|RainDance|[upkeep]\n|upkeep\n|\n|t:|1776340400\n|switch|p2b: Scizor|Scizor-Mega, L50, M|100/100\n|turn|4\n|\n|t:|1776340420\n|move|p1b: Sneasler|Protect|p1b: Sneasler\n|-singleturn|p1b: Sneasler|Protect\n|move|p2b: Scizor|Bullet Punch|p1a: Aerodactyl\n|-supereffective|p1a: Aerodactyl|1\n|-damage|p1a: Aerodactyl|0 fnt\n|faint|p1a: Aerodactyl\n|move|p2a: Basculegion|Muddy Water|p1b: Sneasler\n|-activate|p1b: Sneasler|move: Protect\n|\n|-weather|RainDance|[upkeep]\n|-sideend|p1: uzayprensi18|move: Tailwind\n|upkeep\n|\n|t:|1776340428\n|switch|p1a: Golurk|Golurk, L50|100/100\n|turn|5\n|\n|t:|1776340446\n|detailschange|p1a: Golurk|Golurk-Mega, L50\n|-mega|p1a: Golurk|Golurk|Golurkite\n|move|p2b: Scizor|Bullet Punch|p1b: Sneasler\n|-damage|p1b: Sneasler|0 fnt\n|faint|p1b: Sneasler\n|move|p2a: Basculegion|Muddy Water|p1a: Golurk\n|-supereffective|p1a: Golurk|1\n|-damage|p1a: Golurk|0 fnt\n|faint|p1a: Golurk\n|\n|win|ShaggyMetagross\n|raw|uzayprensi18's rating: 1202 &rarr; <strong>1182</strong><br />(-20 for losing)\n|raw|ShaggyMetagross's rating: 1275 &rarr; <strong>1295</strong><br />(+20 for winning)\n|l|\u2606uzayprensi18\n|player|p1|\n",
  "uploadtime": 1776340457,
  "views": 18,
  "formatid": "gen9championsvgc2026regma",
  "rating": 1182,
  "private": 0,
  "password": null
}