{
  "id": "gen9championsvgc2026regma-2584342605",
  "format": "[Gen 9 Champions] VGC 2026 Reg M-A",
  "players": [
    "iamquencher",
    "Sevarnaze"
  ],
  "log": "|j|\u2606iamquencher\n|j|\u203dSevarnaze\n|t:|1776253147\n|gametype|doubles\n|player|p1|iamquencher|265|1056\n|player|p2|Sevarnaze|2|1062\n|gen|9\n|tier|[Gen 9 Champions] VGC 2026 Reg M-A\n|rated|\n|rule|Species Clause: Limit one of each Pok\u00e9mon\n|rule|Item Clause: Limit 1 of each item\n|clearpoke\n|poke|p1|Alakazam, L50, F|\n|poke|p1|Whimsicott, L50, M|\n|poke|p1|Meowstic, L50, M|\n|poke|p1|Sneasler, L50, F|\n|poke|p1|Primarina, L50, F|\n|poke|p1|Ceruledge, L50, F|\n|poke|p2|Meganium, L50, F|\n|poke|p2|Politoed, L50, M|\n|poke|p2|Archaludon, L50, F|\n|poke|p2|Sneasler, L50, F|\n|poke|p2|Arcanine, L50, F|\n|poke|p2|Farigiraf, L50, F|\n|teampreview|4\n|inactive|Battle timer is ON: inactive players will automatically lose when time's up. (requested by iamquencher)\n|inactive|Sevarnaze has 60 seconds left.\n|inactive|Sevarnaze has 30 seconds left.\n|\n|t:|1776253211\n|teamsize|p1|4\n|teamsize|p2|4\n|start\n|switch|p1a: Alakazam|Alakazam, L50, F|100/100\n|switch|p1b: Meowstic|Meowstic, L50, M|100/100\n|switch|p2a: Farigiraf|Farigiraf, L50, F|100/100\n|switch|p2b: Arcanine|Arcanine, L50, F|100/100\n|-ability|p2b: Arcanine|Intimidate|boost\n|-fail|p1a: Alakazam|unboost|Attack|[from] ability: Inner Focus|[of] p1a: Alakazam\n|-unboost|p1b: Meowstic|atk|1\n|turn|1\n|\n|t:|1776253230\n|detailschange|p1a: Alakazam|Alakazam-Mega, L50, F\n|-mega|p1a: Alakazam|Alakazam|Alakazite\n|-ability|p1a: Alakazam|Intimidate|Trace|[from] ability: Trace|[of] p2b: Arcanine\n|-ability|p1a: Alakazam|Intimidate|boost\n|-unboost|p2a: Farigiraf|atk|1\n|-unboost|p2b: Arcanine|atk|1\n|move|p1a: Alakazam|Protect|p1a: Alakazam\n|-singleturn|p1a: Alakazam|Protect\n|move|p1b: Meowstic|Psychic Terrain|p1b: Meowstic\n|-fieldstart|move: Psychic Terrain\n|move|p2b: Arcanine|Snarl|p1b: Meowstic|[spread] p1b\n|-activate|p1a: Alakazam|move: Protect\n|-supereffective|p1b: Meowstic|1\n|-damage|p1b: Meowstic|66/100\n|-unboost|p1b: Meowstic|spa|1\n|move|p2a: Farigiraf|Trick Room|p2a: Farigiraf\n|-fieldstart|move: Trick Room|[of] p2a: Farigiraf\n|\n|upkeep\n|turn|2\n|inactive|Sevarnaze has 30 seconds left.\n|\n|t:|1776253255\n|move|p1b: Meowstic|Reflect|p1b: Meowstic\n|-sidestart|p1: iamquencher|Reflect\n|move|p2a: Farigiraf|Foul Play|p1b: Meowstic\n|-supereffective|p1b: Meowstic|1\n|-damage|p1b: Meowstic|50/100\n|move|p2b: Arcanine|Snarl|p1a: Alakazam|[spread] p1b\n|-miss|p2b: Arcanine|p1a: Alakazam\n|-supereffective|p1b: Meowstic|1\n|-damage|p1b: Meowstic|17/100\n|-unboost|p1b: Meowstic|spa|1\n|move|p1a: Alakazam|Expanding Force|p2b: Arcanine|[spread] p2a,p2b\n|-resisted|p2a: Farigiraf|1\n|-damage|p2a: Farigiraf|55/100\n|-damage|p2b: Arcanine|25/100\n|\n|upkeep\n|turn|3\n|\n|t:|1776253280\n|move|p1a: Alakazam|Protect|p1a: Alakazam\n|-singleturn|p1a: Alakazam|Protect\n|move|p2a: Farigiraf|Psychic|p1a: Alakazam\n|-activate|p1a: Alakazam|move: Protect\n|move|p2b: Arcanine|Snarl|p1a: Alakazam|[spread] p1b\n|-activate|p1a: Alakazam|move: Protect\n|-supereffective|p1b: Meowstic|1\n|-damage|p1b: Meowstic|0 fnt\n|faint|p1b: Meowstic\n|\n|upkeep\n|\n|t:|1776253289\n|switch|p1b: Sneasler|Sneasler, L50, F|100/100\n|turn|4\n|\n|t:|1776253308\n|switch|p2a: Politoed|Politoed, L50, M|100/100\n|-weather|RainDance|[from] ability: Drizzle|[of] p2a: Politoed\n|move|p2b: Arcanine|Snarl|p1a: Alakazam|[spread] p1a,p1b\n|-supereffective|p1a: Alakazam|1\n|-resisted|p1b: Sneasler|1\n|-damage|p1a: Alakazam|68/100\n|-damage|p1b: Sneasler|92/100\n|-unboost|p1a: Alakazam|spa|1\n|-unboost|p1b: Sneasler|spa|1\n|-enditem|p1b: Sneasler|White Herb\n|-clearnegativeboost|p1b: Sneasler|[silent]\n|move|p1a: Alakazam|Expanding Force|p2b: Arcanine|[spread] p2a,p2b\n|-damage|p2a: Politoed|65/100\n|-damage|p2b: Arcanine|0 fnt\n|faint|p2b: Arcanine\n|move|p1b: Sneasler|Throat Chop|p2a: Politoed\n|-damage|p2a: Politoed|33/100\n|-start|p2a: Politoed|Throat Chop|[silent]\n|-enditem|p2a: Politoed|Sitrus Berry|[eat]\n|-heal|p2a: Politoed|58/100|[from] item: Sitrus Berry\n|\n|-weather|RainDance|[upkeep]\n|upkeep\n|\n|t:|1776253331\n|switch|p2b: Archaludon|Archaludon, L50, F|100/100\n|turn|5\n|\n|t:|1776253350\n|switch|p2b: Farigiraf|Farigiraf, L50, F|55/100\n|switch|p1a: Ceruledge|Ceruledge, L50, F|100/100\n|move|p1b: Sneasler|Protect|p1b: Sneasler\n|-singleturn|p1b: Sneasler|Protect\n|move|p2a: Politoed|Weather Ball|p1a: Ceruledge\n|-supereffective|p1a: Ceruledge|1\n|-damage|p1a: Ceruledge|0 fnt\n|faint|p1a: Ceruledge\n|\n|-weather|RainDance|[upkeep]\n|-end|p2a: Politoed|Throat Chop|[silent]\n|-fieldend|move: Trick Room\n|-fieldend|move: Psychic Terrain\n|upkeep\n|\n|t:|1776253362\n|switch|p1a: Alakazam|Alakazam-Mega, L50, F|68/100\n|-ability|p1a: Alakazam|Armor Tail|Trace|[from] ability: Trace|[of] p2b: Farigiraf\n|turn|6\n|\n|t:|1776253380\n|move|p1a: Alakazam|Protect|p1a: Alakazam\n|-singleturn|p1a: Alakazam|Protect\n|move|p2a: Politoed|Protect|p2a: Politoed\n|-singleturn|p2a: Politoed|Protect\n|move|p1b: Sneasler|Close Combat|p2b: Farigiraf\n|-damage|p2b: Farigiraf|0 fnt\n|-unboost|p1b: Sneasler|def|1\n|-unboost|p1b: Sneasler|spd|1\n|faint|p2b: Farigiraf\n|\n|-weather|RainDance|[upkeep]\n|-sideend|p1: iamquencher|Reflect\n|upkeep\n|\n|t:|1776253400\n|switch|p2b: Archaludon|Archaludon, L50, F|100/100\n|turn|7\n|\n|t:|1776253423\n|move|p2b: Archaludon|Protect|p2b: Archaludon\n|-singleturn|p2b: Archaludon|Protect\n|move|p1b: Sneasler|Dire Claw|p2a: Politoed\n|-damage|p2a: Politoed|10/100\n|move|p1a: Alakazam|Focus Blast|p2b: Archaludon\n|-activate|p2b: Archaludon|move: Protect\n|move|p2a: Politoed|Weather Ball|p1b: Sneasler\n|-damage|p1b: Sneasler|0 fnt\n|faint|p1b: Sneasler\n|\n|-weather|RainDance|[upkeep]\n|upkeep\n|turn|8\n|inactive|Sevarnaze has 30 seconds left.\n|\n|t:|1776253449\n|move|p1a: Alakazam|Dazzling Gleam|p2b: Archaludon|[spread] p2a,p2b\n|-damage|p2a: Politoed|0 fnt\n|-damage|p2b: Archaludon|63/100\n|-ability|p2b: Archaludon|Stamina|boost\n|-boost|p2b: Archaludon|def|1\n|faint|p2a: Politoed\n|move|p2b: Archaludon|Electro Shot||[still]\n|-prepare|p2b: Archaludon|Electro Shot\n|-boost|p2b: Archaludon|spa|1\n|-anim|p2b: Archaludon|Electro Shot|p1a: Alakazam\n|-damage|p1a: Alakazam|0 fnt\n|faint|p1a: Alakazam\n|\n|win|Sevarnaze\n|raw|iamquencher's rating: 1056 &rarr; <strong>1038</strong><br />(-18 for losing)\n|raw|Sevarnaze's rating: 1062 &rarr; <strong>1092</strong><br />(+30 for winning)\n|l|\u2606iamquencher\n|player|p1|\n",
  "uploadtime": 1776253474,
  "views": 22,
  "formatid": "gen9championsvgc2026regma",
  "rating": 1038,
  "private": 0,
  "password": null
}