{
  "id": "gen9championsvgc2026regma-2586061620",
  "format": "[Gen 9 Champions] VGC 2026 Reg M-A",
  "players": [
    "droopyballz",
    "b(r)2"
  ],
  "log": "|j|\u2606droopyballz\n|j|\u2606b(r)2\n|t:|1776394931\n|gametype|doubles\n|player|p1|droopyballz|169|1163\n|player|p2|b(r)2|pryce|1135\n|gen|9\n|tier|[Gen 9 Champions] VGC 2026 Reg M-A\n|rated|\n|rule|Species Clause: Limit one of each Pok\u00e9mon\n|rule|Item Clause: Limit 1 of each item\n|clearpoke\n|poke|p1|Dragonite, L50, F|\n|poke|p1|Sneasler, L50, F|\n|poke|p1|Basculegion, L50, M|\n|poke|p1|Pelipper, L50, F|\n|poke|p1|Sinistcha, L50|\n|poke|p1|Archaludon, L50, M|\n|poke|p2|Mimikyu, L50, M|\n|poke|p2|Sinistcha, L50|\n|poke|p2|Ampharos, L50, F|\n|poke|p2|Rhyperior, L50, F|\n|poke|p2|Farigiraf, L50, F|\n|poke|p2|Blastoise, L50, F|\n|teampreview|4\n|\n|t:|1776394974\n|teamsize|p1|4\n|teamsize|p2|4\n|start\n|switch|p1a: Sneasler|Sneasler, L50, F|100/100\n|switch|p1b: Basculegion|Basculegion, L50, M|100/100\n|switch|p2a: Mimikyu|Mimikyu, L50, M|100/100\n|switch|p2b: Sinistcha|Sinistcha, L50|100/100\n|turn|1\n|\n|t:|1776395002\n|move|p2b: Sinistcha|Rage Powder|p2b: Sinistcha\n|-singleturn|p2b: Sinistcha|move: Rage Powder\n|move|p1b: Basculegion|Flip Turn|p2b: Sinistcha\n|-resisted|p2b: Sinistcha|1\n|-damage|p2b: Sinistcha|86/100\n|\n|t:|1776395009\n|switch|p1b: Pelipper|Pelipper, L50, F|100/100|[from] Flip Turn\n|-weather|RainDance|[from] ability: Drizzle|[of] p1b: Pelipper\n|move|p1a: Sneasler|Dire Claw|p2b: Sinistcha\n|-damage|p2b: Sinistcha|53/100\n|move|p2a: Mimikyu|Trick Room|p2a: Mimikyu\n|-fieldstart|move: Trick Room|[of] p2a: Mimikyu\n|\n|-weather|RainDance|[upkeep]\n|-heal|p2b: Sinistcha|60/100|[from] item: Leftovers\n|upkeep\n|turn|2\n|\n|t:|1776395044\n|move|p2b: Sinistcha|Matcha Gotcha|p1a: Sneasler|[spread] p1a,p1b\n|-resisted|p1a: Sneasler|1\n|-damage|p1a: Sneasler|85/100\n|-heal|p2b: Sinistcha|67/100|[from] drain|[of] p1a: Sneasler\n|-damage|p1b: Pelipper|56/100\n|-heal|p2b: Sinistcha|85/100|[from] drain|[of] p1b: Pelipper\n|move|p2a: Mimikyu|Curse|p1a: Sneasler\n|-start|p1a: Sneasler|Curse|[of] p2a: Mimikyu\n|-damage|p2a: Mimikyu|50/100\n|move|p1b: Pelipper|Hurricane|p2b: Sinistcha\n|-supereffective|p2b: Sinistcha|1\n|-damage|p2b: Sinistcha|0 fnt\n|faint|p2b: Sinistcha\n|move|p1a: Sneasler|Dire Claw|p2a: Mimikyu\n|-activate|p2a: Mimikyu|ability: Disguise\n|-damage|p2a: Mimikyu|50/100\n|-status|p2a: Mimikyu|slp\n|detailschange|p2a: Mimikyu|Mimikyu-Busted, L50, M\n|-damage|p2a: Mimikyu|38/100 slp|[from] pokemon: Mimikyu-Busted\n|\n|-weather|RainDance|[upkeep]\n|-damage|p1a: Sneasler|60/100|[from] Curse\n|upkeep\n|\n|t:|1776395067\n|switch|p2b: Ampharos|Ampharos, L50, F|100/100\n|turn|3\n|\n|t:|1776395083\n|switch|p1a: Sinistcha|Sinistcha, L50|100/100\n|-heal|p1b: Pelipper|81/100|[from] ability: Hospitality|[of] p1a: Sinistcha\n|detailschange|p2b: Ampharos|Ampharos-Mega, L50, F\n|-mega|p2b: Ampharos|Ampharos|Ampharosite\n|-ability|p2b: Ampharos|Mold Breaker\n|move|p1b: Pelipper|Protect|p1b: Pelipper\n|-singleturn|p1b: Pelipper|Protect\n|move|p2b: Ampharos|Discharge|p1b: Pelipper|[spread] p2a,p1a\n|-activate|p1b: Pelipper|move: Protect\n|-resisted|p1a: Sinistcha|1\n|-damage|p2a: Mimikyu|8/100 slp\n|-damage|p1a: Sinistcha|81/100\n|-status|p1a: Sinistcha|par\n|cant|p2a: Mimikyu|slp\n|\n|-weather|RainDance|[upkeep]\n|upkeep\n|turn|4\n|\n|t:|1776395123\n|switch|p1b: Sneasler|Sneasler, L50, F|60/100\n|cant|p2a: Mimikyu|slp\n|move|p1a: Sinistcha|Matcha Gotcha|p2b: Ampharos|[spread] p2a,p2b\n|-resisted|p2b: Ampharos|1\n|-damage|p2a: Mimikyu|0 fnt\n|-heal|p1a: Sinistcha|85/100 par|[from] drain|[of] p2a: Mimikyu\n|-damage|p2b: Ampharos|90/100\n|-heal|p1a: Sinistcha|90/100 par|[from] drain|[of] p2b: Ampharos\n|-status|p2b: Ampharos|brn\n|faint|p2a: Mimikyu\n|move|p2b: Ampharos|Discharge|p1a: Sinistcha|[spread] p1a,p1b\n|-resisted|p1a: Sinistcha|1\n|-damage|p1a: Sinistcha|72/100 par\n|-damage|p1b: Sneasler|4/100\n|\n|-weather|RainDance|[upkeep]\n|-damage|p2b: Ampharos|84/100 brn|[from] brn\n|upkeep\n|\n|t:|1776395140\n|switch|p2a: Rhyperior|Rhyperior, L50, F|100/100\n|turn|5\n|\n|t:|1776395156\n|move|p1b: Sneasler|Protect|p1b: Sneasler\n|-singleturn|p1b: Sneasler|Protect\n|move|p1a: Sinistcha|Matcha Gotcha|p2a: Rhyperior|[spread] \n|-miss|p1a: Sinistcha|p2a: Rhyperior\n|-miss|p1a: Sinistcha|p2b: Ampharos\n|move|p2b: Ampharos|Discharge|p1b: Sneasler|[spread] p1a\n|-activate|p1b: Sneasler|move: Protect\n|-immune|p2a: Rhyperior\n|-resisted|p1a: Sinistcha|1\n|-damage|p1a: Sinistcha|50/100 par\n|-enditem|p1a: Sinistcha|Sitrus Berry|[eat]\n|-heal|p1a: Sinistcha|75/100 par|[from] item: Sitrus Berry\n|move|p2a: Rhyperior|Rock Slide|p1a: Sinistcha|[spread] p1a\n|-activate|p1b: Sneasler|move: Protect\n|-damage|p1a: Sinistcha|39/100 par\n|\n|-weather|none\n|-damage|p2b: Ampharos|78/100 brn|[from] brn\n|-fieldend|move: Trick Room\n|upkeep\n|turn|6\n|\n|t:|1776395190\n|move|p2b: Ampharos|Protect|p2b: Ampharos\n|-singleturn|p2b: Ampharos|Protect\n|move|p1b: Sneasler|Dire Claw|p2b: Ampharos\n|-activate|p2b: Ampharos|move: Protect\n|move|p2a: Rhyperior|Rock Slide|p1b: Sneasler|[spread] p1a,p1b\n|-resisted|p1b: Sneasler|1\n|-damage|p1a: Sinistcha|3/100 par\n|-damage|p1b: Sneasler|0 fnt\n|faint|p1b: Sneasler\n|move|p1a: Sinistcha|Matcha Gotcha|p2a: Rhyperior|[spread] p2a\n|-activate|p2b: Ampharos|move: Protect\n|-supereffective|p2a: Rhyperior|2\n|-damage|p2a: Rhyperior|19/100\n|-heal|p1a: Sinistcha|52/100 par|[from] drain|[of] p2a: Rhyperior\n|-status|p2a: Rhyperior|brn\n|\n|-damage|p2a: Rhyperior|12/100 brn|[from] brn\n|-damage|p2b: Ampharos|72/100 brn|[from] brn\n|upkeep\n|\n|t:|1776395217\n|switch|p1b: Pelipper|Pelipper, L50, F|81/100\n|-weather|RainDance|[from] ability: Drizzle|[of] p1b: Pelipper\n|turn|7\n|\n|t:|1776395251\n|move|p1b: Pelipper|Hurricane|p2b: Ampharos\n|-resisted|p2b: Ampharos|1\n|-damage|p2b: Ampharos|51/100 brn\n|move|p2a: Rhyperior|Rock Slide|p1a: Sinistcha|[spread] p1b\n|-miss|p2a: Rhyperior|p1a: Sinistcha\n|-supereffective|p1b: Pelipper|1\n|-damage|p1b: Pelipper|28/100\n|move|p2b: Ampharos|Discharge|p1b: Pelipper|[spread] p1a,p1b\n|-immune|p2a: Rhyperior\n|-resisted|p1a: Sinistcha|1\n|-supereffective|p1b: Pelipper|2\n|-damage|p1a: Sinistcha|31/100 par\n|-damage|p1b: Pelipper|0 fnt\n|faint|p1b: Pelipper\n|move|p1a: Sinistcha|Matcha Gotcha|p2b: Ampharos|[spread] p2b\n|-miss|p1a: Sinistcha|p2a: Rhyperior\n|-resisted|p2b: Ampharos|1\n|-damage|p2b: Ampharos|42/100 brn\n|-heal|p1a: Sinistcha|36/100 par|[from] drain|[of] p2b: Ampharos\n|\n|-weather|RainDance|[upkeep]\n|-damage|p2a: Rhyperior|6/100 brn|[from] brn\n|-damage|p2b: Ampharos|36/100 brn|[from] brn\n|upkeep\n|\n|t:|1776395272\n|switch|p1b: Basculegion|Basculegion, L50, M|100/100\n|turn|8\n|\n|t:|1776395324\n|move|p1b: Basculegion|Aqua Jet|p2b: Ampharos\n|-resisted|p2b: Ampharos|1\n|-damage|p2b: Ampharos|17/100 brn\n|move|p2a: Rhyperior|Rock Slide|p1b: Basculegion|[spread] p1a,p1b\n|-crit|p1a: Sinistcha\n|-damage|p1a: Sinistcha|7/100 par\n|-damage|p1b: Basculegion|75/100\n|move|p2b: Ampharos|Discharge|p1a: Sinistcha|[spread] p1a,p1b\n|-immune|p2a: Rhyperior\n|-resisted|p1a: Sinistcha|1\n|-supereffective|p1b: Basculegion|1\n|-damage|p1a: Sinistcha|0 fnt\n|-damage|p1b: Basculegion|0 fnt\n|faint|p1a: Sinistcha\n|faint|p1b: Basculegion\n|\n|win|b(r)2\n|raw|droopyballz's rating: 1163 &rarr; <strong>1136</strong><br />(-27 for losing)\n|raw|b(r)2's rating: 1135 &rarr; <strong>1162</strong><br />(+27 for winning)\n|l|\u2606droopyballz\n|player|p1|\n",
  "uploadtime": 1776395339,
  "views": 16,
  "formatid": "gen9championsvgc2026regma",
  "rating": 1136,
  "private": 0,
  "password": null
}