{
  "id": "gen9championsvgc2026regma-2583479495",
  "format": "[Gen 9 Champions] VGC 2026 Reg M-A",
  "players": [
    "Juytre",
    "suibiandajiba"
  ],
  "log": "|j|\u2606Juytre\n|j|\u2606suibiandajiba\n|t:|1776178280\n|gametype|doubles\n|player|p1|Juytre|roxie-masters|1466\n|player|p2|suibiandajiba|hilbert|1457\n|gen|9\n|tier|[Gen 9 Champions] VGC 2026 Reg M-A\n|rated|\n|rule|Species Clause: Limit one of each Pok\u00e9mon\n|rule|Item Clause: Limit 1 of each item\n|clearpoke\n|poke|p1|Floette-Eternal, L50, F|\n|poke|p1|Pelipper, L50, F|\n|poke|p1|Basculegion, L50, M|\n|poke|p1|Archaludon, L50, F|\n|poke|p1|Kingambit, L50, F|\n|poke|p1|Sneasler, L50, M|\n|poke|p2|Gardevoir, L50, F|\n|poke|p2|Incineroar, L50, F|\n|poke|p2|Rotom-Wash, L50|\n|poke|p2|Garchomp, L50, F|\n|poke|p2|Corviknight, L50, F|\n|poke|p2|Sinistcha, L50|\n|teampreview|4\n|j| peepeepoopy2\n|j| GoodraSweetheart76\n|j| sileshar\n|\n|t:|1776178340\n|teamsize|p1|4\n|teamsize|p2|4\n|start\n|switch|p1a: Floette|Floette-Eternal, L50, F|100/100\n|switch|p1b: Sneasler|Sneasler, L50, M|100/100\n|switch|p2a: Rotom|Rotom-Wash, L50|100/100\n|switch|p2b: Forever Queen|Gardevoir, L50, F, shiny|100/100\n|-ability|p2b: Forever Queen|Flower Veil|Trace|[from] ability: Trace|[of] p1a: Floette\n|turn|1\n|j| TeddiursaBloodMoon\n|\n|t:|1776178359\n|detailschange|p1a: Floette|Floette-Mega, L50, F\n|-mega|p1a: Floette|Floette|Floettite\n|-ability|p1a: Floette|Fairy Aura\n|detailschange|p2b: Forever Queen|Gardevoir-Mega, L50, F, shiny\n|-mega|p2b: Forever Queen|Gardevoir|Gardevoirite\n|move|p1b: Sneasler|Fake Out|p2a: Rotom\n|-damage|p2a: Rotom|80/100\n|cant|p2a: Rotom|flinch\n|move|p1a: Floette|Light of Ruin|p2a: Rotom\n|-damage|p2a: Rotom|0 fnt\n|faint|p2a: Rotom\n|-damage|p1a: Floette|69/100|[from] Recoil\n|move|p2b: Forever Queen|Hyper Voice|p1a: Floette|[spread] p1a,p1b\n|-damage|p1a: Floette|10/100\n|-damage|p1b: Sneasler|0 fnt\n|faint|p1b: Sneasler\n|\n|upkeep\n|j| shanehuang\n|inactive|Battle timer is ON: inactive players will automatically lose when time's up. (requested by Juytre)\n|\n|t:|1776178392\n|switch|p1b: Pelipper|Pelipper, L50, F|100/100\n|switch|p2a: Sinistcha|Sinistcha, L50|100/100\n|-weather|RainDance|[from] ability: Drizzle|[of] p1b: Pelipper\n|turn|2\n|\n|t:|1776178409\n|move|p1a: Floette|Dazzling Gleam|p2b: Forever Queen|[spread] p2a,p2b\n|-damage|p2a: Sinistcha|47/100\n|-damage|p2b: Forever Queen|63/100\n|-enditem|p2a: Sinistcha|Sitrus Berry|[eat]\n|-heal|p2a: Sinistcha|71/100|[from] item: Sitrus Berry\n|move|p2b: Forever Queen|Hyper Voice|p1b: Pelipper|[spread] p1a,p1b\n|-damage|p1a: Floette|0 fnt\n|-enditem|p1b: Pelipper|Focus Sash\n|-damage|p1b: Pelipper|1/100\n|faint|p1a: Floette\n|move|p1b: Pelipper|Hurricane|p2a: Sinistcha\n|-supereffective|p2a: Sinistcha|1\n|-crit|p2a: Sinistcha\n|-damage|p2a: Sinistcha|0 fnt\n|faint|p2a: Sinistcha\n|\n|-weather|RainDance|[upkeep]\n|upkeep\n|\n|t:|1776178419\n|switch|p1a: Basculegion|Basculegion, L50, M|100/100\n|switch|p2a: Garchomp|Garchomp, L50, F|100/100\n|turn|3\n|\n|t:|1776178442\n|move|p2b: Forever Queen|Protect|p2b: Forever Queen\n|-singleturn|p2b: Forever Queen|Protect\n|move|p1a: Basculegion|Wave Crash|p2b: Forever Queen\n|-activate|p2b: Forever Queen|move: Protect\n|move|p2a: Garchomp|Rock Slide|p1a: Basculegion|[spread] p1b\n|-miss|p2a: Garchomp|p1a: Basculegion\n|-supereffective|p1b: Pelipper|1\n|-damage|p1b: Pelipper|0 fnt\n|faint|p1b: Pelipper\n|\n|-weather|RainDance|[upkeep]\n|upkeep\n|turn|4\n|inactive|Juytre has 30 seconds left.\n|inactive|suibiandajiba has 30 seconds left.\n|inactive|suibiandajiba has 20 seconds left.\n|inactive|suibiandajiba has 15 seconds left.\n|inactive|suibiandajiba has 10 seconds left.\n|\n|t:|1776178498\n|move|p2b: Forever Queen|Protect|p2b: Forever Queen\n|-singleturn|p2b: Forever Queen|Protect\n|move|p1a: Basculegion|Wave Crash|p2b: Forever Queen\n|-activate|p2b: Forever Queen|move: Protect\n|move|p2a: Garchomp|Earthquake|p1a: Basculegion|[spread] p1a\n|-activate|p2b: Forever Queen|move: Protect\n|-damage|p1a: Basculegion|46/100\n|\n|-weather|RainDance|[upkeep]\n|upkeep\n|turn|5\n|c|\u2606Juytre|I hate you\n|l| peepeepoopy2\n|c|\u2606suibiandajiba|sorry\n|c|\u2606Juytre|Sorry\n|\n|t:|1776178516\n|move|p1a: Basculegion|Wave Crash|p2b: Forever Queen\n|-damage|p2b: Forever Queen|0 fnt\n|faint|p2b: Forever Queen\n|-damage|p1a: Basculegion|27/100|[from] Recoil\n|move|p2a: Garchomp|Earthquake|p1a: Basculegion\n|-damage|p1a: Basculegion|0 fnt\n|faint|p1a: Basculegion\n|\n|win|suibiandajiba\n|raw|Juytre's rating: 1482 &rarr; <strong>1461</strong><br />(-21 for losing)\n|raw|suibiandajiba's rating: 1457 &rarr; <strong>1478</strong><br />(+21 for winning)\n|l|\u2606Juytre\n|player|p1|\n|l| shanehuang\n|l| GoodraSweetheart76\n",
  "uploadtime": 1776178527,
  "views": 34,
  "formatid": "gen9championsvgc2026regma",
  "rating": 1461,
  "private": 0,
  "password": null
}