{
  "id": "gen9championsvgc2026regma-2584477393",
  "format": "[Gen 9 Champions] VGC 2026 Reg M-A",
  "players": [
    "2rffwd",
    "Majin_Moogle"
  ],
  "log": "|j|\u26062rffwd\n|j|\u2606Majin_Moogle\n|t:|1776263486\n|gametype|doubles\n|player|p1|2rffwd|kiawe|1144\n|player|p2|Majin_Moogle|lance-masters|1114\n|gen|9\n|tier|[Gen 9 Champions] VGC 2026 Reg M-A\n|rated|\n|rule|Species Clause: Limit one of each Pok\u00e9mon\n|rule|Item Clause: Limit 1 of each item\n|clearpoke\n|poke|p1|Aerodactyl, L50, M|\n|poke|p1|Aggron, L50, F|\n|poke|p1|Sneasler, L50, F|\n|poke|p1|Sinistcha, L50|\n|poke|p1|Garchomp, L50, M|\n|poke|p1|Basculegion, L50, M|\n|poke|p2|Aerodactyl, L50, F|\n|poke|p2|Heliolisk, L50, F|\n|poke|p2|Garchomp, L50, F|\n|poke|p2|Goodra, L50, M|\n|poke|p2|Weavile, L50, F|\n|poke|p2|Beedrill, L50, M|\n|teampreview|4\n|inactive|Battle timer is ON: inactive players will automatically lose when time's up. (requested by 2rffwd)\n|inactive|2rffwd has 60 seconds left.\n|\n|t:|1776263540\n|teamsize|p1|4\n|teamsize|p2|4\n|start\n|switch|p1a: Aggron|Aggron, L50, F|100/100\n|switch|p1b: Basculegion|Basculegion, L50, M|100/100\n|switch|p2a: Weavile|Weavile, L50, F|100/100\n|switch|p2b: Aerodactyl|Aerodactyl, L50, F|100/100\n|-ability|p2b: Aerodactyl|Unnerve\n|-ability|p2a: Weavile|Pressure\n|turn|1\n|\n|t:|1776263561\n|detailschange|p1a: Aggron|Aggron-Mega, L50, F\n|-mega|p1a: Aggron|Aggron|Aggronite\n|move|p2a: Weavile|Fake Out|p1a: Aggron\n|-resisted|p1a: Aggron|1\n|-damage|p1a: Aggron|98/100\n|move|p1b: Basculegion|Flip Turn|p2b: Aerodactyl\n|-supereffective|p2b: Aerodactyl|1\n|-damage|p2b: Aerodactyl|0 fnt\n|faint|p2b: Aerodactyl\n|\n|t:|1776263571\n|switch|p1b: Garchomp|Garchomp, L50, M|100/100|[from] Flip Turn\n|cant|p1a: Aggron|flinch\n|\n|upkeep\n|\n|t:|1776263577\n|switch|p2b: Garchomp|Garchomp, L50, F|100/100\n|turn|2\n|\n|t:|1776263588\n|switch|p1b: Basculegion|Basculegion, L50, M|100/100\n|move|p2a: Weavile|Triple Axel|p1b: Basculegion\n|-resisted|p1b: Basculegion|1\n|-damage|p1b: Basculegion|94/100\n|-resisted|p1b: Basculegion|1\n|-damage|p1b: Basculegion|82/100\n|-resisted|p1b: Basculegion|1\n|-damage|p1b: Basculegion|63/100\n|-hitcount|p1b: Basculegion|3\n|move|p2b: Garchomp|Fire Blast|p1a: Aggron|[miss]\n|-miss|p2b: Garchomp|p1a: Aggron\n|move|p1a: Aggron|Iron Defense|p1a: Aggron\n|-boost|p1a: Aggron|def|2\n|\n|upkeep\n|turn|3\n|\n|t:|1776263612\n|move|p1b: Basculegion|Flip Turn|p2a: Weavile\n|-damage|p2a: Weavile|29/100\n|\n|t:|1776263617\n|switch|p1b: Garchomp|Garchomp, L50, M|100/100|[from] Flip Turn\n|move|p2a: Weavile|Throat Chop|p1b: Garchomp\n|-damage|p1b: Garchomp|68/100\n|-start|p1b: Garchomp|Throat Chop|[silent]\n|-damage|p2a: Weavile|16/100|[from] ability: Rough Skin|[of] p1b: Garchomp\n|move|p2b: Garchomp|Earth Power|p1a: Aggron\n|-supereffective|p1a: Aggron|1\n|-damage|p1a: Aggron|22/100\n|move|p1a: Aggron|Heavy Slam|p2a: Weavile\n|-supereffective|p2a: Weavile|1\n|-damage|p2a: Weavile|0 fnt\n|faint|p2a: Weavile\n|\n|upkeep\n|\n|t:|1776263630\n|switch|p2a: Goodra|Goodra, L50, M|100/100\n|turn|4\n|\n|t:|1776263648\n|move|p2b: Garchomp|Earth Power|p1a: Aggron\n|-supereffective|p1a: Aggron|1\n|-damage|p1a: Aggron|0 fnt\n|faint|p1a: Aggron\n|move|p1b: Garchomp|Dragon Claw|p2a: Goodra\n|-supereffective|p2a: Goodra|1\n|-damage|p2a: Goodra|0 fnt\n|-ability|p2a: Goodra|Gooey\n|-unboost|p1b: Garchomp|spe|1\n|faint|p2a: Goodra\n|\n|-end|p1b: Garchomp|Throat Chop|[silent]\n|upkeep\n|\n|t:|1776263652\n|switch|p1a: Basculegion|Basculegion, L50, M|63/100\n|turn|5\n|\n|t:|1776263664\n|switch|p1b: Sinistcha|Sinistcha, L50|100/100\n|-heal|p1a: Basculegion|87/100|[from] ability: Hospitality|[of] p1b: Sinistcha\n|move|p1a: Basculegion|Last Respects|p2b: Garchomp\n|-damage|p2b: Garchomp|40/100\n|move|p2b: Garchomp|Dragon Pulse|p1b: Sinistcha\n|-damage|p1b: Sinistcha|58/100\n|\n|upkeep\n|turn|6\n|-message|Majin_Moogle forfeited.\n|\n|win|2rffwd\n|raw|2rffwd's rating: 1144 &rarr; <strong>1167</strong><br />(+23 for winning)\n|raw|Majin_Moogle's rating: 1114 &rarr; <strong>1091</strong><br />(-23 for losing)\n|l|\u2606Majin_Moogle\n|player|p2|\n",
  "uploadtime": 1776263762,
  "views": 18,
  "formatid": "gen9championsvgc2026regma",
  "rating": 1091,
  "private": 0,
  "password": null
}