{
  "id": "gen9championsvgc2026regma-2585840697",
  "format": "[Gen 9 Champions] VGC 2026 Reg M-A",
  "players": [
    "TMASD",
    "sc1erotized"
  ],
  "log": "|j|\u2606TMASD\n|j|\u2606sc1erotized\n|t:|1776374652\n|gametype|doubles\n|player|p1|TMASD|n|1112\n|player|p2|sc1erotized|worker|1060\n|gen|9\n|tier|[Gen 9 Champions] VGC 2026 Reg M-A\n|rated|\n|rule|Species Clause: Limit one of each Pok\u00e9mon\n|rule|Item Clause: Limit 1 of each item\n|clearpoke\n|poke|p1|Incineroar, L50, F|\n|poke|p1|Sneasler, L50, M|\n|poke|p1|Pelipper, L50, M|\n|poke|p1|Archaludon, L50, M|\n|poke|p1|Meganium, L50, M|\n|poke|p1|Basculegion, L50, M|\n|poke|p2|Heracross, L50, M|\n|poke|p2|Archaludon, L50, F|\n|poke|p2|Aerodactyl, L50, M|\n|poke|p2|Sinistcha, L50|\n|poke|p2|Delphox, L50, F|\n|poke|p2|Rotom-Wash, L50|\n|teampreview|4\n|\n|t:|1776374673\n|teamsize|p1|4\n|teamsize|p2|4\n|start\n|switch|p1a: Pelipper|Pelipper, L50, M|100/100\n|switch|p1b: Basculegion|Basculegion, L50, M|100/100\n|switch|p2a: Bridget|Archaludon, L50, F, shiny|100/100\n|switch|p2b: m/s^2|Aerodactyl, L50, M|100/100\n|-weather|RainDance|[from] ability: Drizzle|[of] p1a: Pelipper\n|turn|1\n|\n|t:|1776374687\n|move|p1b: Basculegion|Last Respects|p2a: Bridget\n|-damage|p2a: Bridget|79/100\n|move|p2b: m/s^2|Tailwind|p2b: m/s^2\n|-sidestart|p2: sc1erotized|move: Tailwind\n|move|p2a: Bridget|Light Screen|p2a: Bridget\n|-sidestart|p2: sc1erotized|move: Light Screen\n|move|p1a: Pelipper|Tailwind|p1a: Pelipper\n|-sidestart|p1: TMASD|move: Tailwind\n|\n|-weather|RainDance|[upkeep]\n|upkeep\n|turn|2\n|\n|t:|1776374712\n|switch|p2b: Rephitition|Heracross, L50, M|100/100\n|move|p1b: Basculegion|Last Respects|p2a: Bridget\n|-damage|p2a: Bridget|56/100\n|move|p2a: Bridget|Rock Slide|p1a: Pelipper|[spread] p1a,p1b\n|-supereffective|p1a: Pelipper|1\n|-damage|p1a: Pelipper|63/100\n|-damage|p1b: Basculegion|84/100\n|cant|p1a: Pelipper|flinch\n|\n|-weather|RainDance|[upkeep]\n|upkeep\n|turn|3\n|\n|t:|1776374742\n|detailschange|p2b: Rephitition|Heracross-Mega, L50, M\n|-mega|p2b: Rephitition|Heracross|Heracronite\n|move|p1b: Basculegion|Last Respects|p2a: Bridget\n|-damage|p2a: Bridget|34/100\n|move|p2a: Bridget|Draco Meteor|p1b: Basculegion\n|-damage|p1b: Basculegion|6/100\n|-unboost|p2a: Bridget|spa|2\n|move|p2b: Rephitition|Rock Blast|p1a: Pelipper\n|-supereffective|p1a: Pelipper|1\n|-damage|p1a: Pelipper|29/100\n|-supereffective|p1a: Pelipper|1\n|-damage|p1a: Pelipper|0 fnt\n|faint|p1a: Pelipper\n|-hitcount|p1: Pelipper|2\n|\n|-weather|RainDance|[upkeep]\n|upkeep\n|\n|t:|1776374760\n|switch|p1a: Sneasler|Sneasler, L50, M|100/100\n|turn|4\n|\n|t:|1776374789\n|switch|p2a: Lil' Guy|Sinistcha, L50, shiny|100/100\n|move|p1a: Sneasler|Fake Out|p2a: Lil' Guy\n|-immune|p2a: Lil' Guy\n|move|p1b: Basculegion|Last Respects|p2a: Lil' Guy\n|-supereffective|p2a: Lil' Guy|1\n|-damage|p2a: Lil' Guy|3/100\n|move|p2b: Rephitition|Rock Blast|p1b: Basculegion\n|-damage|p1b: Basculegion|0 fnt\n|faint|p1b: Basculegion\n|-hitcount|p1: Basculegion|1\n|\n|-weather|RainDance|[upkeep]\n|-heal|p2a: Lil' Guy|9/100|[from] item: Leftovers\n|-sideend|p1: TMASD|move: Tailwind\n|-sideend|p2: sc1erotized|move: Tailwind\n|upkeep\n|\n|t:|1776374806\n|switch|p1b: Archaludon|Archaludon, L50, M|100/100\n|turn|5\n|\n|t:|1776374838\n|switch|p2a: m/s^2|Aerodactyl, L50, M|100/100\n|move|p2b: Rephitition|Protect|p2b: Rephitition\n|-singleturn|p2b: Rephitition|Protect\n|move|p1a: Sneasler|Dire Claw|p2b: Rephitition\n|-activate|p2b: Rephitition|move: Protect\n|move|p1b: Archaludon|Electro Shot||[still]\n|-prepare|p1b: Archaludon|Electro Shot\n|-boost|p1b: Archaludon|spa|1\n|-anim|p1b: Archaludon|Electro Shot|p2b: Rephitition\n|-activate|p2b: Rephitition|move: Protect\n|\n|-weather|none\n|-sideend|p2: sc1erotized|move: Light Screen\n|upkeep\n|turn|6\n|\n|t:|1776374861\n|move|p2a: m/s^2|Tailwind|p2a: m/s^2\n|-sidestart|p2: sc1erotized|move: Tailwind\n|move|p2b: Rephitition|Close Combat|p1b: Archaludon\n|-supereffective|p1b: Archaludon|1\n|-damage|p1b: Archaludon|0 fnt\n|-unboost|p2b: Rephitition|def|1\n|-unboost|p2b: Rephitition|spd|1\n|faint|p1b: Archaludon\n|move|p1a: Sneasler|Dire Claw|p2b: Rephitition\n|-damage|p2b: Rephitition|40/100\n|\n|upkeep\n|turn|7\n|-message|TMASD forfeited.\n|\n|win|sc1erotized\n|raw|TMASD's rating: 1112 &rarr; <strong>1083</strong><br />(-29 for losing)\n|raw|sc1erotized's rating: 1060 &rarr; <strong>1096</strong><br />(+36 for winning)\n|l|\u2606TMASD\n|player|p1|\n",
  "uploadtime": 1776374887,
  "views": 24,
  "formatid": "gen9championsvgc2026regma",
  "rating": 1083,
  "private": 0,
  "password": null
}