{
  "id": "gen9championsvgc2026regma-2587368161",
  "format": "[Gen 9 Champions] VGC 2026 Reg M-A",
  "players": [
    "tastyfloop",
    "Tornuptofan/J.P."
  ],
  "log": "|j|\u2606tastyfloop\n|j|\u2606Tornuptofan/J.P.\n|t:|1776525923\n|gametype|doubles\n|player|p1|tastyfloop|ghetsis|\n|player|p2|Tornuptofan/J.P.|266|\n|gen|9\n|tier|[Gen 9 Champions] VGC 2026 Reg M-A\n|rated|Tournament battle\n|rule|Species Clause: Limit one of each Pok\u00e9mon\n|rule|Item Clause: Limit 1 of each item\n|raw|<div class=\"infobox\"><details class=\"readmore\" open><summary><strong>1 custom rule:</strong></summary> Force Open Team Sheets</details></div>\n|clearpoke\n|poke|p1|Basculegion, L50, M|\n|poke|p1|Archaludon, L50, F|\n|poke|p1|Sinistcha, L50|\n|poke|p1|Pelipper, L50, F|\n|poke|p1|Gengar, L50, M|\n|poke|p1|Sneasler, L50, F|\n|poke|p2|Typhlosion-Hisui, L50, M|\n|poke|p2|Charizard, L50, F|\n|poke|p2|Farigiraf, L50, F|\n|poke|p2|Sneasler, L50, M|\n|poke|p2|Whimsicott, L50, M|\n|poke|p2|Mamoswine, L50, F|\n|teampreview|4\n|showteam|p1|Basculegion||MysticWater|SwiftSwim|WaveCrash,AquaJet,FlipTurn,LastRespects|||M|||50|]Archaludon||Leftovers|Sturdy|Protect,ElectroShot,DracoMeteor,FlashCannon|||F|||50|]Sinistcha||MentalHerb|Hospitality|MatchaGotcha,Protect,TrickRoom,RagePowder||||||50|]Pelipper||FocusSash|Drizzle|Hurricane,Tailwind,Protect,WideGuard|||F|||50|]Gengar||Gengarite|CursedBody|Protect,Substitute,ShadowBall,SludgeBomb|||M|||50|]Sneasler||WhiteHerb|Unburden|CloseCombat,DireClaw,FakeOut,Protect|||F|||50|\n|showteam|p2|Typhlosion-Hisui||ChoiceScarf|Blaze|Eruption,HeatWave,ShadowBall,Overheat|||M|||50|]Charizard||CharizarditeY|Blaze|HeatWave,WeatherBall,SolarBeam,Protect|||F|||50|]Farigiraf||SitrusBerry|ArmorTail|AllySwitch,TrickRoom,TwinBeam,Protect|||F|||50|]Sneasler||WhiteHerb|Unburden|DireClaw,FakeOut,CloseCombat,Protect|||M|||50|]Whimsicott||FocusSash|Prankster|Tailwind,Moonblast,HelpingHand,SunnyDay|||M|||50|]Mamoswine||NeverMeltIce|Oblivious|HighHorsepower,Protect,IceShard,IcicleSpear|||F|||50|\n|c|\u2606tastyfloop|glhf\n|c|\u2606Tornuptofan/J.P.|glhf\n|\n|t:|1776525973\n|teamsize|p1|4\n|teamsize|p2|4\n|start\n|switch|p1a: 3500|Gengar, L50, M|100/100\n|switch|p1b: let it happen|Basculegion, L50, M|100/100\n|switch|p2a: Typhlosion|Typhlosion-Hisui, L50, M|100/100\n|switch|p2b: Charizard|Charizard, L50, F|100/100\n|turn|1\n|j| lolgz\n|c| lolgz|Tornuptofan/J.P. i love ur team\n|j| khungcanh\n|j| boi7264\n|j| gymleaderirish\n|c|\u2606Tornuptofan/J.P.|ty lol\n|\n|t:|1776526059\n|detailschange|p1a: 3500|Gengar-Mega, L50, M\n|-mega|p1a: 3500|Gengar|Gengarite\n|detailschange|p2b: Charizard|Charizard-Mega-Y, L50, F\n|-mega|p2b: Charizard|Charizard|Charizardite Y\n|-weather|SunnyDay|[from] ability: Drought|[of] p2b: Charizard\n|move|p1a: 3500|Protect|p1a: 3500\n|-singleturn|p1a: 3500|Protect\n|move|p2a: Typhlosion|Eruption|p1b: let it happen|[spread] p1b\n|-activate|p1a: 3500|move: Protect\n|-resisted|p1b: let it happen|1\n|-damage|p1b: let it happen|49/100\n|move|p1b: let it happen|Flip Turn|p2b: Charizard\n|-supereffective|p2b: Charizard|1\n|-damage|p2b: Charizard|62/100\n|\n|t:|1776526072\n|switch|p1b: no sun pls|Pelipper, L50, F|100/100|[from] Flip Turn\n|-weather|RainDance|[from] ability: Drizzle|[of] p1b: no sun pls\n|move|p2b: Charizard|Weather Ball|p1a: 3500\n|-activate|p1a: 3500|move: Protect\n|\n|-weather|RainDance|[upkeep]\n|upkeep\n|turn|2\n|\n|t:|1776526088\n|move|p2a: Typhlosion|Eruption|p1b: no sun pls|[spread] p1a,p1b\n|-resisted|p1b: no sun pls|1\n|-damage|p1a: 3500|63/100\n|-damage|p1b: no sun pls|76/100\n|move|p1a: 3500|Shadow Ball|p2a: Typhlosion\n|-supereffective|p2a: Typhlosion|1\n|-damage|p2a: Typhlosion|0 fnt\n|faint|p2a: Typhlosion\n|move|p2b: Charizard|Weather Ball|p1a: 3500\n|-damage|p1a: 3500|0 fnt\n|faint|p1a: 3500\n|move|p1b: no sun pls|Tailwind|p1b: no sun pls\n|-sidestart|p1: tastyfloop|move: Tailwind\n|\n|-weather|RainDance|[upkeep]\n|upkeep\n|\n|t:|1776526102\n|switch|p1a: exhibit c|Archaludon, L50, F|100/100\n|switch|p2a: Whimsicott|Whimsicott, L50, M|100/100\n|turn|3\n|\n|t:|1776526134\n|move|p2a: Whimsicott|Sunny Day|p2a: Whimsicott\n|-weather|SunnyDay\n|move|p1b: no sun pls|Hurricane|p2a: Whimsicott\n|-supereffective|p2a: Whimsicott|1\n|-enditem|p2a: Whimsicott|Focus Sash\n|-damage|p2a: Whimsicott|1/100\n|move|p1a: exhibit c|Electro Shot||[still]\n|-prepare|p1a: exhibit c|Electro Shot\n|-boost|p1a: exhibit c|spa|1\n|move|p2b: Charizard|Solar Beam||[still]\n|-prepare|p2b: Charizard|Solar Beam\n|-anim|p2b: Charizard|Solar Beam|p1b: no sun pls\n|-damage|p1b: no sun pls|0 fnt\n|faint|p1b: no sun pls\n|\n|-weather|SunnyDay|[upkeep]\n|upkeep\n|\n|t:|1776526147\n|switch|p1b: let it happen|Basculegion, L50, M|49/100\n|turn|4\n|\n|t:|1776526161\n|move|p2a: Whimsicott|Helping Hand|p2b: Charizard\n|-singleturn|p2b: Charizard|Helping Hand|[of] p2a: Whimsicott\n|move|p1b: let it happen|Aqua Jet|p2a: Whimsicott\n|-resisted|p2a: Whimsicott|1\n|-damage|p2a: Whimsicott|0 fnt\n|faint|p2a: Whimsicott\n|move|p1a: exhibit c|Electro Shot|p2b: Charizard|[from] lockedmove\n|-supereffective|p2b: Charizard|1\n|-damage|p2b: Charizard|0 fnt\n|faint|p2b: Charizard\n|\n|-weather|SunnyDay|[upkeep]\n|upkeep\n|\n|t:|1776526174\n|switch|p2a: Farigiraf|Farigiraf, L50, F|100/100\n|turn|5\n|c|\u2606Tornuptofan/J.P.|gg\n|\n|t:|1776526189\n|move|p1b: let it happen|Wave Crash|p2a: Farigiraf\n|-damage|p2a: Farigiraf|76/100\n|-damage|p1b: let it happen|40/100|[from] Recoil\n|move|p1a: exhibit c|Electro Shot||[still]\n|-prepare|p1a: exhibit c|Electro Shot\n|-boost|p1a: exhibit c|spa|1\n|move|p2a: Farigiraf|Twin Beam|p1b: let it happen\n|-damage|p1b: let it happen|23/100\n|-damage|p1b: let it happen|5/100\n|-hitcount|p1b: let it happen|2\n|\n|-weather|SunnyDay|[upkeep]\n|-sideend|p1: tastyfloop|move: Tailwind\n|upkeep\n|turn|6\n|\n|t:|1776526203\n|move|p2a: Farigiraf|Protect|p2a: Farigiraf\n|-singleturn|p2a: Farigiraf|Protect\n|move|p1b: let it happen|Wave Crash|p2a: Farigiraf\n|-activate|p2a: Farigiraf|move: Protect\n|move|p1a: exhibit c|Electro Shot|p2a: Farigiraf|[from] lockedmove\n|-activate|p2a: Farigiraf|move: Protect\n|\n|-weather|SunnyDay|[upkeep]\n|upkeep\n|turn|7\n|\n|t:|1776526208\n|move|p1b: let it happen|Wave Crash|p2a: Farigiraf\n|-damage|p2a: Farigiraf|48/100\n|-enditem|p2a: Farigiraf|Sitrus Berry|[eat]\n|-heal|p2a: Farigiraf|73/100|[from] item: Sitrus Berry\n|-damage|p1b: let it happen|0 fnt|[from] Recoil\n|faint|p1b: let it happen\n|move|p1a: exhibit c|Draco Meteor|p2a: Farigiraf\n|-damage|p2a: Farigiraf|0 fnt\n|-unboost|p1a: exhibit c|spa|2\n|faint|p2a: Farigiraf\n|\n|win|tastyfloop\n|n|\u2606tastyfloop|tastyfloop\n|n|\u2606Tornuptofan/J.P.|tornuptofanjp\n|n| lolgz|lolgz\n|n| khungcanh|khungcanh\n|n| boi7264|boi7264\n|n| gymleaderirish|gymleaderirish\n",
  "uploadtime": 1776526208,
  "views": 15,
  "formatid": "gen9championsvgc2026regma",
  "rating": null,
  "private": 0,
  "password": null
}