{
  "id": "gen9championsvgc2026regma-2586817248",
  "format": "[Gen 9 Champions] VGC 2026 Reg M-A",
  "players": [
    "Fytra",
    "vnunesp12"
  ],
  "log": "|j|\u2606Fytra\n|j|\u2606vnunesp12\n|t:|1776462342\n|gametype|doubles\n|player|p1|Fytra|265|1051\n|player|p2|vnunesp12|red|1071\n|gen|9\n|tier|[Gen 9 Champions] VGC 2026 Reg M-A\n|rated|\n|rule|Species Clause: Limit one of each Pok\u00e9mon\n|rule|Item Clause: Limit 1 of each item\n|clearpoke\n|poke|p1|Milotic, L50, F|\n|poke|p1|Froslass, L50, F|\n|poke|p1|Rotom-Heat, L50|\n|poke|p1|Corviknight, L50, F|\n|poke|p1|Kommo-o, L50, F|\n|poke|p1|Slowking-Galar, L50, M|\n|poke|p2|Froslass, L50, F|\n|poke|p2|Sneasler, L50, F|\n|poke|p2|Kingambit, L50, F|\n|poke|p2|Garchomp, L50, M|\n|poke|p2|Talonflame, L50, F|\n|poke|p2|Primarina, L50, M|\n|teampreview|4\n|inactive|Battle timer is ON: inactive players will automatically lose when time's up. (requested by vnunesp12)\n|inactive|Fytra has 60 seconds left.\n|\n|t:|1776462408\n|teamsize|p1|4\n|teamsize|p2|4\n|start\n|switch|p1a: Milotic|Milotic, L50, F, shiny|100/100\n|switch|p1b: Froslass|Froslass, L50, F|100/100\n|switch|p2a: Caio Alexandre|Talonflame, L50, F|100/100\n|switch|p2b: Pulga|Sneasler, L50, F|100/100\n|turn|1\n|\n|t:|1776462430\n|detailschange|p1b: Froslass|Froslass-Mega, L50, F\n|-mega|p1b: Froslass|Froslass|Froslassite\n|-weather|Snowscape|[from] ability: Snow Warning|[of] p1b: Froslass\n|move|p1a: Milotic|Protect|p1a: Milotic\n|-singleturn|p1a: Milotic|Protect\n|move|p2b: Pulga|Fake Out|p1a: Milotic\n|-activate|p1a: Milotic|move: Protect\n|move|p2a: Caio Alexandre|Tailwind|p2a: Caio Alexandre\n|-sidestart|p2: vnunesp12|move: Tailwind\n|move|p1b: Froslass|Blizzard|p2b: Pulga|[spread] p2a,p2b\n|-damage|p2a: Caio Alexandre|46/100\n|-damage|p2b: Pulga|42/100\n|\n|-weather|Snowscape|[upkeep]\n|upkeep\n|turn|2\n|inactive|Fytra has 30 seconds left.\n|inactive|vnunesp12 has 30 seconds left.\n|\n|t:|1776462459\n|move|p2a: Caio Alexandre|Protect|p2a: Caio Alexandre\n|-singleturn|p2a: Caio Alexandre|Protect\n|move|p2b: Pulga|Close Combat|p1a: Milotic\n|-damage|p1a: Milotic|44/100\n|-unboost|p2b: Pulga|def|1\n|-unboost|p2b: Pulga|spd|1\n|-enditem|p2b: Pulga|White Herb\n|-clearnegativeboost|p2b: Pulga|[silent]\n|move|p1b: Froslass|Aurora Veil|p1b: Froslass\n|-sidestart|p1: Fytra|move: Aurora Veil\n|move|p1a: Milotic|Blizzard|p2a: Caio Alexandre|[spread] p2b\n|-activate|p2a: Caio Alexandre|move: Protect\n|-damage|p2b: Pulga|12/100\n|\n|-weather|Snowscape|[upkeep]\n|-heal|p1a: Milotic|50/100|[from] item: Leftovers\n|upkeep\n|turn|3\n|inactive|vnunesp12 has 30 seconds left.\n|\n|t:|1776462485\n|move|p2b: Pulga|Close Combat|p1a: Milotic\n|-damage|p1a: Milotic|11/100\n|-unboost|p2b: Pulga|def|1\n|-unboost|p2b: Pulga|spd|1\n|move|p2a: Caio Alexandre|Flare Blitz|p1b: Froslass\n|-supereffective|p1b: Froslass|1\n|-damage|p1b: Froslass|46/100\n|-status|p1b: Froslass|brn\n|-damage|p2a: Caio Alexandre|32/100|[from] Recoil\n|move|p1b: Froslass|Blizzard|p2a: Caio Alexandre|[spread] p2a,p2b\n|-damage|p2a: Caio Alexandre|0 fnt\n|-damage|p2b: Pulga|0 fnt\n|faint|p2a: Caio Alexandre\n|faint|p2b: Pulga\n|move|p1a: Milotic|Life Dew|p1a: Milotic|[spread] p1a,p1b\n|-heal|p1a: Milotic|36/100\n|-heal|p1b: Froslass|71/100 brn\n|\n|-weather|Snowscape|[upkeep]\n|-heal|p1a: Milotic|42/100|[from] item: Leftovers\n|-damage|p1b: Froslass|65/100 brn|[from] brn\n|upkeep\n|\n|t:|1776462509\n|switch|p2a: Everaldo|Froslass, L50, F|100/100\n|switch|p2b: Sanabria|Primarina, L50, M|100/100\n|turn|4\n|\n|t:|1776462528\n|detailschange|p2a: Everaldo|Froslass-Mega, L50, F\n|-mega|p2a: Everaldo|Froslass|Froslassite\n|move|p2a: Everaldo|Shadow Ball|p1b: Froslass\n|-supereffective|p1b: Froslass|1\n|-damage|p1b: Froslass|0 fnt\n|faint|p1b: Froslass\n|move|p2b: Sanabria|Calm Mind|p2b: Sanabria\n|-boost|p2b: Sanabria|spa|1\n|-boost|p2b: Sanabria|spd|1\n|move|p1a: Milotic|Life Dew|p1a: Milotic\n|-heal|p1a: Milotic|67/100\n|\n|-weather|Snowscape|[upkeep]\n|-heal|p1a: Milotic|73/100|[from] item: Leftovers\n|-sideend|p2: vnunesp12|move: Tailwind\n|upkeep\n|\n|t:|1776462549\n|switch|p1b: Rotom|Rotom-Heat, L50|100/100\n|turn|5\n|\n|t:|1776462562\n|move|p2b: Sanabria|Protect|p2b: Sanabria\n|-singleturn|p2b: Sanabria|Protect\n|move|p1b: Rotom|Volt Switch|p2b: Sanabria\n|-activate|p2b: Sanabria|move: Protect\n|move|p2a: Everaldo|Shadow Ball|p1b: Rotom\n|-damage|p1b: Rotom|72/100\n|move|p1a: Milotic|Life Dew|p1a: Milotic|[spread] p1a,p1b\n|-heal|p1a: Milotic|99/100\n|-heal|p1b: Rotom|97/100\n|\n|-weather|none\n|-heal|p1a: Milotic|100/100|[from] item: Leftovers\n|upkeep\n|turn|6\n|inactive|Fytra has 30 seconds left.\n|\n|t:|1776462594\n|move|p1b: Rotom|Volt Switch|p2b: Sanabria\n|-supereffective|p2b: Sanabria|1\n|-crit|p2b: Sanabria\n|-damage|p2b: Sanabria|33/100\n|\n|t:|1776462600\n|switch|p1b: Corviknight|Corviknight, L50, F|100/100|[from] Volt Switch\n|move|p2a: Everaldo|Taunt|p1a: Milotic\n|-start|p1a: Milotic|move: Taunt\n|cant|p1a: Milotic|move: Taunt|Life Dew\n|move|p2b: Sanabria|Hyper Voice|p1b: Corviknight|[spread] p1a,p1b\n|-resisted|p1a: Milotic|1\n|-damage|p1a: Milotic|90/100\n|-damage|p1b: Corviknight|74/100\n|\n|-heal|p1a: Milotic|96/100|[from] item: Leftovers\n|-heal|p2b: Sanabria|39/100|[from] item: Leftovers\n|-sideend|p1: Fytra|move: Aurora Veil\n|upkeep\n|turn|7\n|\n|t:|1776462625\n|move|p2a: Everaldo|Blizzard|p1b: Corviknight|[spread] p1a,p1b\n|-resisted|p1a: Milotic|1\n|-damage|p1a: Milotic|81/100\n|-damage|p1b: Corviknight|26/100\n|-enditem|p1b: Corviknight|Sitrus Berry|[eat]\n|-heal|p1b: Corviknight|51/100|[from] item: Sitrus Berry\n|move|p1a: Milotic|Surf|p2b: Sanabria|[spread] p1b,p2a,p2b\n|-resisted|p2b: Sanabria|1\n|-damage|p1b: Corviknight|23/100\n|-damage|p2a: Everaldo|65/100\n|-damage|p2b: Sanabria|32/100\n|move|p1b: Corviknight|Roost|p1b: Corviknight\n|-heal|p1b: Corviknight|73/100\n|-singleturn|p1b: Corviknight|move: Roost\n|move|p2b: Sanabria|Moonblast|p1a: Milotic\n|-damage|p1a: Milotic|40/100\n|\n|-heal|p1a: Milotic|46/100|[from] item: Leftovers\n|-heal|p2b: Sanabria|37/100|[from] item: Leftovers\n|upkeep\n|turn|8\n|inactive|vnunesp12 has 30 seconds left.\n|\n|t:|1776462651\n|move|p2a: Everaldo|Blizzard|p1b: Corviknight|[spread] p1a,p1b\n|-resisted|p1a: Milotic|1\n|-damage|p1a: Milotic|30/100\n|-damage|p1b: Corviknight|26/100\n|move|p1a: Milotic|Blizzard|p2b: Sanabria|[spread] p2a,p2b\n|-resisted|p2a: Everaldo|1\n|-resisted|p2b: Sanabria|1\n|-damage|p2a: Everaldo|51/100\n|-damage|p2b: Sanabria|31/100\n|move|p1b: Corviknight|Tailwind|p1b: Corviknight\n|-sidestart|p1: Fytra|move: Tailwind\n|move|p2b: Sanabria|Hyper Voice|p1b: Corviknight|[spread] p1a,p1b\n|-resisted|p1a: Milotic|1\n|-damage|p1a: Milotic|16/100\n|-damage|p1b: Corviknight|0 fnt\n|faint|p1b: Corviknight\n|\n|-heal|p1a: Milotic|22/100|[from] item: Leftovers\n|-heal|p2b: Sanabria|37/100|[from] item: Leftovers\n|-end|p1a: Milotic|move: Taunt\n|upkeep\n|\n|t:|1776462668\n|switch|p1b: Rotom|Rotom-Heat, L50|97/100\n|turn|9\n|\n|t:|1776462687\n|move|p1a: Milotic|Protect|p1a: Milotic\n|-singleturn|p1a: Milotic|Protect\n|move|p2a: Everaldo|Protect|p2a: Everaldo\n|-singleturn|p2a: Everaldo|Protect\n|move|p1b: Rotom|Dark Pulse|p2a: Everaldo\n|-activate|p2a: Everaldo|move: Protect\n|move|p2b: Sanabria|Hyper Voice|p1b: Rotom|[spread] p1b\n|-activate|p1a: Milotic|move: Protect\n|-supereffective|p1b: Rotom|1\n|-damage|p1b: Rotom|17/100\n|\n|-heal|p1a: Milotic|28/100|[from] item: Leftovers\n|-heal|p2b: Sanabria|43/100|[from] item: Leftovers\n|upkeep\n|turn|10\n|inactive|vnunesp12 has 30 seconds left.\n|inactive|vnunesp12 has 20 seconds left.\n|\n|t:|1776462727\n|move|p1b: Rotom|Dark Pulse|p2a: Everaldo\n|-supereffective|p2a: Everaldo|1\n|-damage|p2a: Everaldo|5/100\n|move|p1a: Milotic|Life Dew|p1a: Milotic|[spread] p1a,p1b\n|-heal|p1a: Milotic|53/100\n|-heal|p1b: Rotom|42/100\n|move|p2a: Everaldo|Blizzard|p1b: Rotom|[spread] \n|-miss|p2a: Everaldo|p1a: Milotic\n|-miss|p2a: Everaldo|p1b: Rotom\n|move|p2b: Sanabria|Moonblast|p1a: Milotic\n|-damage|p1a: Milotic|8/100\n|\n|-heal|p1a: Milotic|14/100|[from] item: Leftovers\n|-heal|p2b: Sanabria|49/100|[from] item: Leftovers\n|upkeep\n|turn|11\n|\n|t:|1776462750\n|move|p2a: Everaldo|Protect|p2a: Everaldo\n|-singleturn|p2a: Everaldo|Protect\n|move|p2b: Sanabria|Protect|p2b: Sanabria\n|-singleturn|p2b: Sanabria|Protect\n|move|p1b: Rotom|Dark Pulse|p2a: Everaldo\n|-activate|p2a: Everaldo|move: Protect\n|move|p1a: Milotic|Life Dew|p1a: Milotic|[spread] p1a,p1b\n|-heal|p1a: Milotic|40/100\n|-heal|p1b: Rotom|67/100\n|\n|-heal|p1a: Milotic|46/100|[from] item: Leftovers\n|-heal|p2b: Sanabria|55/100|[from] item: Leftovers\n|-sideend|p1: Fytra|move: Tailwind\n|upkeep\n|turn|12\n|inactive|vnunesp12 has 30 seconds left.\n|\n|t:|1776462779\n|move|p1b: Rotom|Dark Pulse|p2a: Everaldo\n|-supereffective|p2a: Everaldo|1\n|-damage|p2a: Everaldo|0 fnt\n|faint|p2a: Everaldo\n|move|p1a: Milotic|Life Dew|p1a: Milotic|[spread] p1a,p1b\n|-heal|p1a: Milotic|71/100\n|-heal|p1b: Rotom|92/100\n|move|p2b: Sanabria|Calm Mind|p2b: Sanabria\n|-boost|p2b: Sanabria|spa|1\n|-boost|p2b: Sanabria|spd|1\n|\n|-heal|p1a: Milotic|77/100|[from] item: Leftovers\n|-heal|p2b: Sanabria|60/100|[from] item: Leftovers\n|upkeep\n|turn|13\n|\n|t:|1776462798\n|move|p1b: Rotom|Dark Pulse|p2b: Sanabria\n|-resisted|p2b: Sanabria|1\n|-damage|p2b: Sanabria|56/100\n|move|p1a: Milotic|Life Dew|p1a: Milotic|[spread] p1a,p1b\n|-heal|p1a: Milotic|100/100\n|-heal|p1b: Rotom|100/100\n|cant|p2b: Sanabria|flinch\n|\n|-heal|p2b: Sanabria|62/100|[from] item: Leftovers\n|upkeep\n|turn|14\n|\n|t:|1776462816\n|move|p1b: Rotom|Dark Pulse|p2b: Sanabria\n|-resisted|p2b: Sanabria|1\n|-damage|p2b: Sanabria|58/100\n|move|p1a: Milotic|Blizzard|p2b: Sanabria\n|-resisted|p2b: Sanabria|1\n|-damage|p2b: Sanabria|52/100\n|cant|p2b: Sanabria|flinch\n|\n|-heal|p2b: Sanabria|58/100|[from] item: Leftovers\n|upkeep\n|turn|15\n|inactive|Fytra has 30 seconds left.\n|inactive|Fytra has 20 seconds left.\n|\n|t:|1776462855\n|move|p1b: Rotom|Dark Pulse|p2b: Sanabria\n|-resisted|p2b: Sanabria|1\n|-damage|p2b: Sanabria|54/100\n|move|p1a: Milotic|Blizzard|p2b: Sanabria\n|-resisted|p2b: Sanabria|1\n|-damage|p2b: Sanabria|47/100\n|move|p2b: Sanabria|Calm Mind|p2b: Sanabria\n|-boost|p2b: Sanabria|spa|1\n|-boost|p2b: Sanabria|spd|1\n|\n|-heal|p2b: Sanabria|53/100|[from] item: Leftovers\n|upkeep\n|turn|16\n|\n|t:|1776462878\n|move|p1b: Rotom|Dark Pulse|p2b: Sanabria\n|-resisted|p2b: Sanabria|1\n|-damage|p2b: Sanabria|50/100\n|move|p1a: Milotic|Blizzard|p2b: Sanabria\n|-resisted|p2b: Sanabria|1\n|-damage|p2b: Sanabria|45/100\n|-status|p2b: Sanabria|frz\n|cant|p2b: Sanabria|frz\n|\n|-heal|p2b: Sanabria|51/100 frz|[from] item: Leftovers\n|upkeep\n|turn|17\n|\n|t:|1776462902\n|move|p1b: Rotom|Dark Pulse|p2b: Sanabria\n|-resisted|p2b: Sanabria|1\n|-damage|p2b: Sanabria|48/100 frz\n|move|p1a: Milotic|Blizzard|p2b: Sanabria\n|-resisted|p2b: Sanabria|1\n|-damage|p2b: Sanabria|42/100 frz\n|-curestatus|p2b: Sanabria|frz|[msg]\n|move|p2b: Sanabria|Calm Mind|p2b: Sanabria\n|-boost|p2b: Sanabria|spa|1\n|-boost|p2b: Sanabria|spd|1\n|\n|-heal|p2b: Sanabria|48/100|[from] item: Leftovers\n|upkeep\n|turn|18\n|\n|t:|1776462916\n|move|p2b: Sanabria|Protect|p2b: Sanabria\n|-singleturn|p2b: Sanabria|Protect\n|move|p1b: Rotom|Dark Pulse|p2b: Sanabria\n|-activate|p2b: Sanabria|move: Protect\n|move|p1a: Milotic|Blizzard|p2b: Sanabria\n|-activate|p2b: Sanabria|move: Protect\n|\n|-heal|p2b: Sanabria|54/100|[from] item: Leftovers\n|upkeep\n|turn|19\n|inactive|Fytra has 30 seconds left.\n|\n|t:|1776462930\n|move|p1b: Rotom|Dark Pulse|p2b: Sanabria\n|-resisted|p2b: Sanabria|1\n|-damage|p2b: Sanabria|51/100\n|move|p1a: Milotic|Blizzard|p2b: Sanabria\n|-resisted|p2b: Sanabria|1\n|-damage|p2b: Sanabria|47/100\n|cant|p2b: Sanabria|flinch\n|\n|-heal|p2b: Sanabria|53/100|[from] item: Leftovers\n|upkeep\n|turn|20\n|inactive|Fytra has 30 seconds left this turn.\n|inactive|Fytra has 20 seconds left.\n|inactive|Fytra has 15 seconds left.\n|\n|t:|1776462946\n|move|p1a: Milotic|Protect|p1a: Milotic\n|-singleturn|p1a: Milotic|Protect\n|move|p1b: Rotom|Dark Pulse|p2b: Sanabria\n|-resisted|p2b: Sanabria|1\n|-damage|p2b: Sanabria|50/100\n|cant|p2b: Sanabria|flinch\n|\n|-heal|p2b: Sanabria|56/100|[from] item: Leftovers\n|upkeep\n|turn|21\n|inactive|Fytra has 15 seconds left this turn.\n|inactive|Fytra has 10 seconds left.\n|inactive|Fytra has 5 seconds left.\n|\n|t:|1776462960\n|move|p1b: Rotom|Dark Pulse|p2b: Sanabria\n|-resisted|p2b: Sanabria|1\n|-damage|p2b: Sanabria|53/100\n|move|p1a: Milotic|Surf|p2b: Sanabria|[spread] p1b,p2b\n|-supereffective|p1b: Rotom|1\n|-resisted|p2b: Sanabria|1\n|-damage|p1b: Rotom|38/100\n|-damage|p2b: Sanabria|50/100\n|move|p2b: Sanabria|Calm Mind|p2b: Sanabria\n|-boost|p2b: Sanabria|spa|1\n|-boost|p2b: Sanabria|spd|1\n|\n|-heal|p2b: Sanabria|56/100|[from] item: Leftovers\n|upkeep\n|turn|22\n|inactive|Fytra has 5 seconds left this turn.\n|-message|Fytra lost due to inactivity.\n|\n|win|vnunesp12\n|raw|Fytra's rating: 1051 &rarr; <strong>1034</strong><br />(-17 for losing)\n|raw|vnunesp12's rating: 1071 &rarr; <strong>1099</strong><br />(+28 for winning)\n|l|\u2606Fytra\n|player|p1|\n",
  "uploadtime": 1776462988,
  "views": 22,
  "formatid": "gen9championsvgc2026regma",
  "rating": 1034,
  "private": 0,
  "password": null
}