{
  "id": "gen9championsvgc2026regma-2583068706",
  "format": "[Gen 9 Champions] VGC 2026 Reg M-A",
  "players": [
    "Cpt. Bubatz",
    "Cookiecrumble123"
  ],
  "log": "|j|\u2606Cpt. Bubatz\n|j|\u2606Cookiecrumble123\n|t:|1776138547\n|gametype|doubles\n|player|p1|Cpt. Bubatz|aaron|1143\n|player|p2|Cookiecrumble123|101|1068\n|gen|9\n|tier|[Gen 9 Champions] VGC 2026 Reg M-A\n|rated|\n|rule|Species Clause: Limit one of each Pok\u00e9mon\n|rule|Item Clause: Limit 1 of each item\n|clearpoke\n|poke|p1|Golurk, L50|\n|poke|p1|Sneasler, L50, M|\n|poke|p1|Arcanine, L50, F|\n|poke|p1|Samurott-Hisui, L50, F|\n|poke|p1|Farigiraf, L50, F|\n|poke|p1|Decidueye-Hisui, L50, F|\n|poke|p2|Aegislash, L50, M|\n|poke|p2|Incineroar, L50, M|\n|poke|p2|Slowking-Galar, L50, F|\n|poke|p2|Scizor, L50, M|\n|poke|p2|Ampharos, L50, F|\n|poke|p2|Sinistcha, L50|\n|teampreview|4\n|inactive|Battle timer is ON: inactive players will automatically lose when time's up. (requested by Cookiecrumble123)\n|inactive|Cookiecrumble123 has 60 seconds left.\n|\n|t:|1776138584\n|teamsize|p1|4\n|teamsize|p2|4\n|start\n|switch|p1a: Sneasler|Sneasler, L50, M, shiny|100/100\n|switch|p1b: Arcanine|Arcanine, L50, F, shiny|100/100\n|switch|p2a: Incineroar|Incineroar, L50, M|100/100\n|switch|p2b: Slowking|Slowking-Galar, L50, F|100/100\n|-ability|p1b: Arcanine|Intimidate|boost\n|-unboost|p2a: Incineroar|atk|1\n|-unboost|p2b: Slowking|atk|1\n|-ability|p2a: Incineroar|Intimidate|boost\n|-unboost|p1a: Sneasler|atk|1\n|-unboost|p1b: Arcanine|atk|1\n|-enditem|p1a: Sneasler|White Herb\n|-clearnegativeboost|p1a: Sneasler|[silent]\n|turn|1\n|\n|t:|1776138600\n|switch|p1b: Golurk|Golurk, L50, shiny|100/100\n|move|p1a: Sneasler|Fake Out|p2a: Incineroar\n|-damage|p2a: Incineroar|87/100\n|cant|p2a: Incineroar|flinch\n|move|p2b: Slowking|Trick Room|p2b: Slowking\n|-fieldstart|move: Trick Room|[of] p2b: Slowking\n|\n|upkeep\n|turn|2\n|\n|t:|1776138623\n|switch|p1a: Arcanine|Arcanine, L50, F, shiny|100/100\n|-ability|p1a: Arcanine|Intimidate|boost\n|-unboost|p2a: Incineroar|atk|1\n|-unboost|p2b: Slowking|atk|1\n|detailschange|p1b: Golurk|Golurk-Mega, L50, shiny\n|-mega|p1b: Golurk|Golurk|Golurkite\n|move|p2b: Slowking|Psychic|p1b: Golurk\n|-damage|p1b: Golurk|67/100\n|move|p1b: Golurk|Headlong Rush|p2b: Slowking\n|-supereffective|p2b: Slowking|1\n|-damage|p2b: Slowking|0 fnt\n|-unboost|p1b: Golurk|def|1\n|-unboost|p1b: Golurk|spd|1\n|faint|p2b: Slowking\n|move|p2a: Incineroar|Parting Shot|p1b: Golurk\n|-unboost|p1b: Golurk|atk|1\n|-unboost|p1b: Golurk|spa|1\n|\n|t:|1776138639\n|switch|p2a: Scizor|Scizor, L50, M|100/100|[from] Parting Shot\n|\n|upkeep\n|\n|t:|1776138642\n|switch|p2b: Incineroar|Incineroar, L50, M|87/100\n|-ability|p2b: Incineroar|Intimidate|boost\n|-unboost|p1a: Arcanine|atk|1\n|-unboost|p1b: Golurk|atk|1\n|turn|3\n|\n|t:|1776138660\n|switch|p1b: Sneasler|Sneasler, L50, M, shiny|100/100\n|move|p2b: Incineroar|Fake Out|p1a: Arcanine\n|-damage|p1a: Arcanine|86/100\n|move|p2a: Scizor|Assurance|p1b: Sneasler\n|-resisted|p1b: Sneasler|1\n|-damage|p1b: Sneasler|69/100\n|cant|p1a: Arcanine|flinch\n|\n|upkeep\n|turn|4\n|\n|t:|1776138679\n|detailschange|p2a: Scizor|Scizor-Mega, L50, M\n|-mega|p2a: Scizor|Scizor|Scizorite\n|move|p2b: Incineroar|Throat Chop|p1a: Arcanine\n|-damage|p1a: Arcanine|48/100\n|-start|p1a: Arcanine|Throat Chop|[silent]\n|move|p2a: Scizor|Assurance|p1a: Arcanine\n|-damage|p1a: Arcanine|0 fnt\n|faint|p1a: Arcanine\n|move|p1b: Sneasler|Close Combat|p2b: Incineroar\n|-supereffective|p2b: Incineroar|1\n|-damage|p2b: Incineroar|0 fnt\n|-unboost|p1b: Sneasler|def|1\n|-unboost|p1b: Sneasler|spd|1\n|faint|p2b: Incineroar\n|\n|upkeep\n|\n|t:|1776138694\n|switch|p2b: Sinistcha|Sinistcha, L50|100/100\n|switch|p1a: Golurk|Golurk-Mega, L50, shiny|67/100\n|turn|5\n|inactive|Cpt. Bubatz has 30 seconds left.\n|inactive|Cpt. Bubatz has 20 seconds left.\n|\n|t:|1776138731\n|move|p2b: Sinistcha|Rage Powder|p2b: Sinistcha\n|-singleturn|p2b: Sinistcha|move: Rage Powder\n|move|p1a: Golurk|Shadow Punch|p2b: Sinistcha\n|-supereffective|p2b: Sinistcha|1\n|-damage|p2b: Sinistcha|18/100\n|move|p2a: Scizor|Assurance|p1a: Golurk\n|-supereffective|p1a: Golurk|1\n|-damage|p1a: Golurk|4/100\n|move|p1b: Sneasler|Close Combat|p2b: Sinistcha\n|-immune|p2b: Sinistcha\n|\n|-fieldend|move: Trick Room\n|upkeep\n|turn|6\n|inactive|Cpt. Bubatz has 30 seconds left.\n|\n|t:|1776138762\n|move|p2a: Scizor|Bullet Punch|p1b: Sneasler\n|-damage|p1b: Sneasler|0 fnt\n|faint|p1b: Sneasler\n|move|p2b: Sinistcha|Matcha Gotcha|p1a: Golurk|[miss]\n|-miss|p2b: Sinistcha|p1a: Golurk\n|move|p1a: Golurk|Shadow Punch|p2b: Sinistcha\n|-supereffective|p2b: Sinistcha|1\n|-damage|p2b: Sinistcha|0 fnt\n|faint|p2b: Sinistcha\n|\n|upkeep\n|\n|t:|1776138764\n|switch|p1b: Samurott|Samurott-Hisui, L50, F|100/100\n|turn|7\n|\n|t:|1776138778\n|move|p2a: Scizor|Bullet Punch|p1a: Golurk\n|-damage|p1a: Golurk|0 fnt\n|faint|p1a: Golurk\n|move|p1b: Samurott|Razor Shell|p2a: Scizor\n|-damage|p2a: Scizor|51/100\n|-unboost|p2a: Scizor|def|1\n|\n|upkeep\n|turn|8\n|\n|t:|1776138802\n|move|p2a: Scizor|Bullet Punch|p1b: Samurott\n|-resisted|p1b: Samurott|1\n|-damage|p1b: Samurott|79/100\n|move|p1b: Samurott|Razor Shell|p2a: Scizor\n|-damage|p2a: Scizor|0 fnt\n|faint|p2a: Scizor\n|\n|win|Cpt. Bubatz\n|raw|Cpt. Bubatz's rating: 1143 &rarr; <strong>1163</strong><br />(+20 for winning)\n|raw|Cookiecrumble123's rating: 1068 &rarr; <strong>1052</strong><br />(-16 for losing)\n|l|\u2606Cookiecrumble123\n|player|p2|\n",
  "uploadtime": 1776138809,
  "views": 13,
  "formatid": "gen9championsvgc2026regma",
  "rating": 1052,
  "private": 0,
  "password": null
}