{
  "id": "gen9championsvgc2026regma-2582409649",
  "format": "[Gen 9 Champions] VGC 2026 Reg M-A",
  "players": [
    "mukaintshi",
    "firegame197"
  ],
  "log": "|j|\u2606mukaintshi\n|j|\u2606firegame197\n|t:|1776089814\n|gametype|doubles\n|player|p1|mukaintshi|ingo|1045\n|player|p2|firegame197|caitlin-gen4|1091\n|gen|9\n|tier|[Gen 9 Champions] VGC 2026 Reg M-A\n|rated|\n|rule|Species Clause: Limit one of each Pok\u00e9mon\n|rule|Item Clause: Limit 1 of each item\n|clearpoke\n|poke|p1|Gyarados, L50, M|\n|poke|p1|Sneasler, L50, F|\n|poke|p1|Ninetales-Alola, L50, M|\n|poke|p1|Aegislash, L50, F|\n|poke|p1|Talonflame, L50, F|\n|poke|p1|Sinistcha, L50|\n|poke|p2|Whimsicott, L50, F|\n|poke|p2|Froslass, L50, F|\n|poke|p2|Sneasler, L50, F|\n|poke|p2|Rotom-Wash, L50|\n|poke|p2|Garchomp, L50, F|\n|poke|p2|Incineroar, L50, M|\n|teampreview|4\n|inactive|Battle timer is ON: inactive players will automatically lose when time's up. (requested by firegame197)\nfiregame197 has agreed to open team sheets.\n|\n|t:|1776089826\n|teamsize|p1|4\n|teamsize|p2|4\n|start\n|switch|p1a: gay sushi|Gyarados, L50, M|100/100\n|switch|p1b: dragqueen|Sneasler, L50, F|100/100\n|switch|p2a: Whimsy|Whimsicott, L50, F|100/100\n|switch|p2b: Roto|Rotom-Wash, L50|100/100\n|-ability|p1a: gay sushi|Intimidate|boost\n|-unboost|p2a: Whimsy|atk|1\n|-unboost|p2b: Roto|atk|1\n|turn|1\n|\n|t:|1776089834\n|move|p1a: gay sushi|Protect|p1a: gay sushi\n|-singleturn|p1a: gay sushi|Protect\n|move|p2a: Whimsy|Tailwind|p2a: Whimsy\n|-sidestart|p2: firegame197|move: Tailwind\n|move|p2b: Roto|Volt Switch|p1a: gay sushi\n|-activate|p1a: gay sushi|move: Protect\n|move|p1b: dragqueen|Coaching|p1a: gay sushi\n|-boost|p1a: gay sushi|atk|1\n|-boost|p1a: gay sushi|def|1\n|\n|upkeep\n|turn|2\n|\n|t:|1776089846\n|detailschange|p1a: gay sushi|Gyarados-Mega, L50, M\n|-mega|p1a: gay sushi|Gyarados|Gyaradosite\n|-ability|p1a: gay sushi|Mold Breaker\n|move|p2a: Whimsy|Moonblast|p1b: dragqueen\n|-damage|p1b: dragqueen|65/100\n|move|p2b: Roto|Discharge|p1a: gay sushi|[spread] p2a,p1a,p1b\n|-resisted|p2a: Whimsy|1\n|-supereffective|p1a: gay sushi|1\n|-damage|p2a: Whimsy|86/100\n|-damage|p1a: gay sushi|62/100\n|-damage|p1b: dragqueen|39/100\n|-status|p1a: gay sushi|par\n|-status|p1b: dragqueen|par\n|move|p1b: dragqueen|Coaching|p1a: gay sushi\n|-boost|p1a: gay sushi|atk|1\n|-boost|p1a: gay sushi|def|1\n|move|p1a: gay sushi|Earthquake|p2a: Whimsy|[spread] p1b,p2a,p2b\n|-supereffective|p1b: dragqueen|1\n|-resisted|p2a: Whimsy|1\n|-supereffective|p2b: Roto|1\n|-damage|p1b: dragqueen|0 fnt\n|-damage|p2a: Whimsy|46/100\n|-damage|p2b: Roto|0 fnt\n|faint|p1b: dragqueen\n|faint|p2b: Roto\n|\n|upkeep\n|\n|t:|1776089866\n|switch|p1b: matchalatte|Sinistcha, L50|100/100\n|switch|p2b: Hatrick|Froslass, L50, F, shiny|100/100\n|-heal|p1a: gay sushi|86/100 par|[from] ability: Hospitality|[of] p1b: matchalatte\n|turn|3\n|\n|t:|1776089875\n|detailschange|p2b: Hatrick|Froslass-Mega, L50, F, shiny\n|-mega|p2b: Hatrick|Froslass|Froslassite\n|-weather|Snowscape|[from] ability: Snow Warning|[of] p2b: Hatrick\n|move|p1a: gay sushi|Protect|p1a: gay sushi\n|-singleturn|p1a: gay sushi|Protect\n|move|p2b: Hatrick|Thunderbolt|p1a: gay sushi\n|-activate|p1a: gay sushi|move: Protect\n|move|p2a: Whimsy|Moonblast|p1a: gay sushi\n|-activate|p1a: gay sushi|move: Protect\n|move|p1b: matchalatte|Trick Room|p1b: matchalatte\n|-fieldstart|move: Trick Room|[of] p1b: matchalatte\n|\n|-weather|Snowscape|[upkeep]\n|upkeep\n|turn|4\n|\n|t:|1776089898\n|move|p1b: matchalatte|Rage Powder|p1b: matchalatte\n|-singleturn|p1b: matchalatte|move: Rage Powder\n|move|p2a: Whimsy|Light Screen|p2a: Whimsy\n|-sidestart|p2: firegame197|move: Light Screen\n|move|p1a: gay sushi|Crunch|p2b: Hatrick\n|-supereffective|p2b: Hatrick|1\n|-damage|p2b: Hatrick|0 fnt\n|faint|p2b: Hatrick\n|\n|-weather|Snowscape|[upkeep]\n|-sideend|p2: firegame197|move: Tailwind\n|upkeep\n|\n|t:|1776089903\n|switch|p2b: Garchomper|Garchomp, L50, F|100/100\n|turn|5\n|\n|t:|1776089919\n|move|p1a: gay sushi|Crunch|p2b: Garchomper\n|-damage|p2b: Garchomper|0 fnt\n|-damage|p1a: gay sushi|74/100 par|[from] ability: Rough Skin|[of] p2b: Garchomper\n|faint|p2b: Garchomper\n|move|p1b: matchalatte|Strength Sap|p2a: Whimsy\n|-unboost|p2a: Whimsy|atk|1\n|move|p2a: Whimsy|Moonblast|p1a: gay sushi\n|-supereffective|p1a: gay sushi|1\n|-damage|p1a: gay sushi|30/100 par\n|\n|-weather|Snowscape|[upkeep]\n|upkeep\n|turn|6\n|-message|firegame197 forfeited.\n|\n|win|mukaintshi\n|raw|mukaintshi's rating: 1045 &rarr; <strong>1083</strong><br />(+38 for winning)\n|raw|firegame197's rating: 1091 &rarr; <strong>1064</strong><br />(-27 for losing)\n|l|\u2606firegame197\n|player|p2|\n",
  "uploadtime": 1776089932,
  "views": 19,
  "formatid": "gen9championsvgc2026regma",
  "rating": 1064,
  "private": 0,
  "password": null
}