{
  "id": "gen9championsvgc2026regma-2581021727",
  "format": "[Gen 9 Champions] VGC 2026 Reg M-A",
  "players": [
    "silkandiron",
    "VLADS97"
  ],
  "log": "|j|\u2606silkandiron\n|j|\u203dVLADS97\n|t:|1775952513\n|gametype|doubles\n|player|p1|silkandiron|265|1127\n|player|p2|VLADS97|170|1124\n|gen|9\n|tier|[Gen 9 Champions] VGC 2026 Reg M-A\n|rated|\n|rule|Species Clause: Limit one of each Pok\u00e9mon\n|rule|Item Clause: Limit 1 of each item\n|clearpoke\n|poke|p1|Charizard, L50, M|\n|poke|p1|Maushold, L50|\n|poke|p1|Sneasler, L50, M|\n|poke|p1|Dragapult, L50, F|\n|poke|p1|Kingambit, L50, M|\n|poke|p1|Garchomp, L50, F|\n|poke|p2|Meowstic, L50, M|\n|poke|p2|Bellibolt, L50, F|\n|poke|p2|Heliolisk, L50, F|\n|poke|p2|Basculegion, L50, M|\n|poke|p2|Talonflame, L50, F|\n|poke|p2|Altaria, L50, M|\n|teampreview|4\n|inactive|Battle timer is ON: inactive players will automatically lose when time's up. (requested by VLADS97)\n|\n|t:|1775952540\n|teamsize|p1|4\n|teamsize|p2|4\n|start\n|switch|p1a: Sneasler|Sneasler, L50, M|100/100\n|switch|p1b: Garchomp|Garchomp, L50, F|100/100\n|switch|p2a: Meowstic|Meowstic, L50, M|100/100\n|switch|p2b: Altaria|Altaria, L50, M|100/100\n|turn|1\n|inactive|silkandiron has 30 seconds left.\n|\n|t:|1775952571\n|move|p2b: Altaria|Protect|p2b: Altaria\n|-singleturn|p2b: Altaria|Protect\n|move|p1a: Sneasler|Fake Out|p2a: Meowstic\n|-damage|p2a: Meowstic|86/100\n|cant|p2a: Meowstic|flinch\n|move|p1b: Garchomp|Rock Slide|p2a: Meowstic|[spread] p2a\n|-activate|p2b: Altaria|move: Protect\n|-damage|p2a: Meowstic|68/100\n|\n|upkeep\n|turn|2\n|inactive|VLADS97 has 30 seconds left.\n|\n|t:|1775952601\n|detailschange|p2b: Altaria|Altaria-Mega, L50, M\n|-mega|p2b: Altaria|Altaria|Altarianite\n|move|p2a: Meowstic|Reflect|p2a: Meowstic\n|-sidestart|p2: VLADS97|Reflect\n|move|p1b: Garchomp|Rock Slide|p2b: Altaria|[spread] p2a,p2b\n|-damage|p2a: Meowstic|55/100\n|-damage|p2b: Altaria|86/100\n|move|p1a: Sneasler|Dire Claw|p2a: Meowstic\n|-damage|p2a: Meowstic|26/100\n|-status|p2a: Meowstic|slp\n|-enditem|p2a: Meowstic|Sitrus Berry|[eat]\n|-heal|p2a: Meowstic|51/100 slp|[from] item: Sitrus Berry\n|cant|p2b: Altaria|flinch\n|\n|upkeep\n|turn|3\n|inactive|VLADS97 has 30 seconds left.\n|\n|t:|1775952634\n|switch|p2a: Basculegion|Basculegion, L50, M, shiny|100/100\n|move|p2b: Altaria|Protect|p2b: Altaria\n|-singleturn|p2b: Altaria|Protect\n|move|p1b: Garchomp|Rock Slide|p2a: Basculegion|[spread] p2a\n|-activate|p2b: Altaria|move: Protect\n|-damage|p2a: Basculegion|84/100\n|move|p1a: Sneasler|Dire Claw|p2b: Altaria\n|-activate|p2b: Altaria|move: Protect\n|\n|upkeep\n|turn|4\n|\n|t:|1775952655\n|move|p1b: Garchomp|Rock Slide|p2a: Basculegion|[spread] p2a,p2b\n|-damage|p2a: Basculegion|67/100\n|-damage|p2b: Altaria|72/100\n|cant|p2a: Basculegion|flinch\n|move|p1a: Sneasler|Dire Claw|p2b: Altaria\n|-supereffective|p2b: Altaria|1\n|-damage|p2b: Altaria|4/100\n|move|p2b: Altaria|Dragon Dance|p2b: Altaria\n|-boost|p2b: Altaria|atk|1\n|-boost|p2b: Altaria|spe|1\n|\n|upkeep\n|turn|5\n|inactive|VLADS97 has 30 seconds left.\n|\n|t:|1775952689\n|move|p2b: Altaria|Protect|p2b: Altaria\n|-singleturn|p2b: Altaria|Protect\n|move|p1b: Garchomp|Rock Slide|p2a: Basculegion|[spread] p2a\n|-activate|p2b: Altaria|move: Protect\n|-damage|p2a: Basculegion|49/100\n|move|p2a: Basculegion|Wave Crash|p1b: Garchomp\n|-damage|p1b: Garchomp|25/100\n|-damage|p2a: Basculegion|37/100|[from] ability: Rough Skin|[of] p1b: Garchomp\n|-damage|p2a: Basculegion|14/100|[from] Recoil\n|move|p1a: Sneasler|Dire Claw|p2a: Basculegion\n|-resisted|p2a: Basculegion|1\n|-damage|p2a: Basculegion|0 fnt\n|faint|p2a: Basculegion\n|\n|upkeep\n|\n|t:|1775952711\n|switch|p2a: Bellibolt|Bellibolt, L50, F, shiny|100/100\n|turn|6\n|\n|t:|1775952735\n|move|p2b: Altaria|Protect||[still]\n|-fail|p2b: Altaria\n|move|p1b: Garchomp|Rock Slide|p2b: Altaria|[spread] p2a,p2b\n|-damage|p2a: Bellibolt|90/100\n|-damage|p2b: Altaria|0 fnt\n|-start|p2a: Bellibolt|Charge|Rock Slide|[from] ability: Electromorphosis\n|faint|p2b: Altaria\n|move|p1a: Sneasler|Dire Claw|p2a: Bellibolt\n|-damage|p2a: Bellibolt|65/100\n|-start|p2a: Bellibolt|Charge|Dire Claw|[from] ability: Electromorphosis\n|move|p2a: Bellibolt|Muddy Water|p1a: Sneasler|[spread] p1a,p1b\n|-damage|p1a: Sneasler|72/100\n|-damage|p1b: Garchomp|4/100\n|\n|-heal|p2a: Bellibolt|70/100|[from] item: Leftovers\n|-sideend|p2: VLADS97|Reflect\n|upkeep\n|\n|t:|1775952741\n|switch|p2b: Meowstic|Meowstic, L50, M|51/100 slp\n|turn|7\n|\n|t:|1775952761\n|cant|p2b: Meowstic|slp\n|move|p1b: Garchomp|Rock Slide|p2a: Bellibolt|[spread] p2a,p2b\n|-damage|p2a: Bellibolt|55/100\n|-damage|p2b: Meowstic|33/100 slp\n|-start|p2a: Bellibolt|Charge|Rock Slide|[from] ability: Electromorphosis\n|move|p1a: Sneasler|Close Combat|p2a: Bellibolt\n|-damage|p2a: Bellibolt|0 fnt\n|-unboost|p1a: Sneasler|def|1\n|-unboost|p1a: Sneasler|spd|1\n|faint|p2a: Bellibolt\n|-enditem|p1a: Sneasler|White Herb\n|-clearnegativeboost|p1a: Sneasler|[silent]\n|\n|upkeep\n|turn|8\n|l|\u203dVLADS97\n|inactive|VLADS97 disconnected and has a minute to reconnect!\n|player|p2|\n|inactive|VLADS97 has 30 seconds left.\n|inactive|VLADS97 has 20 seconds left.\n|inactive|VLADS97 has 15 seconds left.\n|inactive|VLADS97 has 10 seconds left.\n|inactive|VLADS97 has 5 seconds left.\n|-message|VLADS97 lost due to inactivity.\n|\n|win|silkandiron\n|raw|silkandiron's rating: 1127 &rarr; <strong>1152</strong><br />(+25 for winning)\n|raw|VLADS97's rating: 1124 &rarr; <strong>1099</strong><br />(-25 for losing)\n",
  "uploadtime": 1775952821,
  "views": 19,
  "formatid": "gen9championsvgc2026regma",
  "rating": 1099,
  "private": 0,
  "password": null
}