{
  "id": "gen9championsvgc2026regma-2583835977",
  "format": "[Gen 9 Champions] VGC 2026 Reg M-A",
  "players": [
    "AidzPlayz",
    "Kiryuri"
  ],
  "log": "|j|\u2606AidzPlayz\n|j|\u2606Kiryuri\n|t:|1776201476\n|gametype|doubles\n|player|p1|AidzPlayz|ghetsis-gen5bw|1234\n|player|p2|Kiryuri|acetrainerf|1338\n|gen|9\n|tier|[Gen 9 Champions] VGC 2026 Reg M-A\n|rated|\n|rule|Species Clause: Limit one of each Pok\u00e9mon\n|rule|Item Clause: Limit 1 of each item\n|clearpoke\n|poke|p1|Aerodactyl, L50, F|\n|poke|p1|Incineroar, L50, F|\n|poke|p1|Floette-Eternal, L50, F|\n|poke|p1|Basculegion, L50, M|\n|poke|p1|Garchomp, L50, F|\n|poke|p1|Sneasler, L50, M|\n|poke|p2|Floette-Eternal, L50, F|\n|poke|p2|Delphox, L50, F|\n|poke|p2|Aerodactyl, L50, F|\n|poke|p2|Maushold-Four, L50|\n|poke|p2|Incineroar, L50, F|\n|poke|p2|Garchomp, L50, F|\n|teampreview|4\n|inactive|Battle timer is ON: inactive players will automatically lose when time's up. (requested by Kiryuri)\nKiryuri has agreed to open team sheets.\n|inactive|AidzPlayz has 60 seconds left.\n|inactive|Kiryuri has 60 seconds left.\n|\n|t:|1776201531\n|teamsize|p1|4\n|teamsize|p2|4\n|start\n|switch|p1a: Basculegion|Basculegion, L50, M|100/100\n|switch|p1b: Aerodactyl|Aerodactyl, L50, F|100/100\n|switch|p2a: Aerodactyl|Aerodactyl, L50, F|100/100\n|switch|p2b: Garchomp|Garchomp, L50, F|100/100\n|-ability|p1b: Aerodactyl|Unnerve\n|-ability|p2a: Aerodactyl|Unnerve\n|turn|1\n|\n|t:|1776201555\n|move|p2b: Garchomp|Rock Slide|p1b: Aerodactyl|[spread] p1a,p1b\n|-supereffective|p1b: Aerodactyl|1\n|-crit|p1b: Aerodactyl\n|-damage|p1a: Basculegion|74/100\n|-damage|p1b: Aerodactyl|2/100\n|move|p1a: Basculegion|Liquidation|p2a: Aerodactyl\n|-supereffective|p2a: Aerodactyl|1\n|-enditem|p2a: Aerodactyl|Focus Sash\n|-damage|p2a: Aerodactyl|1/100\n|-unboost|p2a: Aerodactyl|def|1\n|move|p1b: Aerodactyl|Tailwind|p1b: Aerodactyl\n|-sidestart|p1: AidzPlayz|move: Tailwind\n|move|p2a: Aerodactyl|Dual Wingbeat|p1a: Basculegion\n|-damage|p1a: Basculegion|51/100\n|-damage|p1a: Basculegion|28/100\n|-hitcount|p1a: Basculegion|2\n|\n|upkeep\n|turn|2\n|\n|t:|1776201578\n|switch|p2a: Maushold|Maushold-Four, L50|100/100\n|move|p1a: Basculegion|Liquidation|p2b: Garchomp\n|-damage|p2b: Garchomp|58/100\n|-damage|p1a: Basculegion|15/100|[from] ability: Rough Skin|[of] p2b: Garchomp\n|move|p1b: Aerodactyl|Rock Slide|p2b: Garchomp|[spread] p2a,p2b\n|-resisted|p2b: Garchomp|1\n|-crit|p2b: Garchomp\n|-damage|p2a: Maushold|73/100\n|-damage|p2b: Garchomp|43/100\n|cant|p2b: Garchomp|flinch\n|\n|upkeep\n|turn|3\n|\n|t:|1776201601\n|move|p2a: Maushold|Follow Me|p2a: Maushold\n|-singleturn|p2a: Maushold|move: Follow Me\n|move|p1a: Basculegion|Liquidation|p2a: Maushold\n|-damage|p2a: Maushold|17/100\n|move|p1b: Aerodactyl|Rock Slide|p2a: Maushold|[spread] p2b\n|-miss|p1b: Aerodactyl|p2a: Maushold\n|-resisted|p2b: Garchomp|1\n|-damage|p2b: Garchomp|35/100\n|move|p2b: Garchomp|Rock Slide|p1a: Basculegion|[spread] p1a,p1b\n|-supereffective|p1b: Aerodactyl|1\n|-damage|p1a: Basculegion|0 fnt\n|-damage|p1b: Aerodactyl|0 fnt\n|faint|p1a: Basculegion\n|faint|p1b: Aerodactyl\n|\n|upkeep\n|\n|t:|1776201613\n|switch|p1b: Incineroar|Incineroar, L50, F|100/100\n|switch|p1a: Floette|Floette-Eternal, L50, F|100/100\n|-ability|p1b: Incineroar|Intimidate|boost\n|-unboost|p2a: Maushold|atk|1\n|-unboost|p2b: Garchomp|atk|1\n|turn|4\n|\n|t:|1776201633\n|detailschange|p1a: Floette|Floette-Mega, L50, F\n|-mega|p1a: Floette|Floette|Floettite\n|-ability|p1a: Floette|Fairy Aura\n|move|p2a: Maushold|Protect|p2a: Maushold\n|-singleturn|p2a: Maushold|Protect\n|move|p1b: Incineroar|Fake Out|p2b: Garchomp\n|-damage|p2b: Garchomp|26/100\n|-damage|p1b: Incineroar|88/100|[from] ability: Rough Skin|[of] p2b: Garchomp\n|move|p1a: Floette|Dazzling Gleam|p2a: Maushold|[spread] p2b\n|-activate|p2a: Maushold|move: Protect\n|-supereffective|p2b: Garchomp|1\n|-damage|p2b: Garchomp|0 fnt\n|faint|p2b: Garchomp\n|\n|-sideend|p1: AidzPlayz|move: Tailwind\n|upkeep\n|\n|t:|1776201646\n|switch|p2b: Aerodactyl|Aerodactyl, L50, F|1/100\n|-ability|p2b: Aerodactyl|Unnerve\n|turn|5\n|inactive|AidzPlayz has 30 seconds left.\n|\n|t:|1776201672\n|move|p2b: Aerodactyl|Tailwind|p2b: Aerodactyl\n|-sidestart|p2: Kiryuri|move: Tailwind\n|move|p2a: Maushold|Encore|p1b: Incineroar\n|-start|p1b: Incineroar|Encore\n|move|p1b: Incineroar|Fake Out||[still]\n|-hint|Fake Out only works on your first turn out.\n|-fail|p1b: Incineroar\n|move|p1a: Floette|Dazzling Gleam|p2b: Aerodactyl|[spread] p2a,p2b\n|-damage|p2a: Maushold|0 fnt\n|-damage|p2b: Aerodactyl|0 fnt\n|faint|p2a: Maushold\n|faint|p2b: Aerodactyl\n|\n|upkeep\n|\n|t:|1776201682\n|switch|p2b: Floette|Floette-Eternal, L50, F|100/100\n|turn|6\n|\n|t:|1776201702\n|detailschange|p2b: Floette|Floette-Mega, L50, F\n|-mega|p2b: Floette|Floette|Floettite\n|-ability|p2b: Floette|Fairy Aura\n|move|p2b: Floette|Calm Mind|p2b: Floette\n|-boost|p2b: Floette|spa|1\n|-boost|p2b: Floette|spd|1\n|move|p1a: Floette|Light of Ruin|p2b: Floette\n|-damage|p2b: Floette|31/100\n|-damage|p1a: Floette|66/100|[from] Recoil\n|-activate|p1b: Incineroar|move: Struggle\n|move|p1b: Incineroar|Struggle|p2b: Floette\n|-damage|p2b: Floette|13/100\n|-damage|p1b: Incineroar|63/100|[from] recoil\n|\n|upkeep\n|turn|7\n|\n|t:|1776201719\n|move|p1a: Floette|Protect|p1a: Floette\n|-singleturn|p1a: Floette|Protect\n|move|p2b: Floette|Moonblast|p1a: Floette\n|-activate|p1a: Floette|move: Protect\n|-activate|p1b: Incineroar|move: Struggle\n|move|p1b: Incineroar|Struggle|p2b: Floette\n|-damage|p2b: Floette|0 fnt\n|faint|p2b: Floette\n|-damage|p1b: Incineroar|38/100|[from] recoil\n|-enditem|p1b: Incineroar|Sitrus Berry|[eat]\n|-heal|p1b: Incineroar|62/100|[from] item: Sitrus Berry\n|\n|win|AidzPlayz\n|raw|AidzPlayz's rating: 1234 &rarr; <strong>1266</strong><br />(+32 for winning)\n|raw|Kiryuri's rating: 1338 &rarr; <strong>1312</strong><br />(-26 for losing)\n|c|\u2606AidzPlayz|lol\n|c|\u2606AidzPlayz|gg\n|l|\u2606Kiryuri\n|player|p2|\n",
  "uploadtime": 1776201720,
  "views": 27,
  "formatid": "gen9championsvgc2026regma",
  "rating": 1266,
  "private": 0,
  "password": null
}