{
  "id": "gen9championsvgc2026regma-2586559491",
  "format": "[Gen 9 Champions] VGC 2026 Reg M-A",
  "players": [
    "Law_NBD",
    "soaringpegasus"
  ],
  "log": "|j|\u2606Law_NBD\n|j|\u2606soaringpegasus\n|t:|1776443020\n|gametype|doubles\n|player|p1|Law_NBD|170|1208\n|player|p2|soaringpegasus|backpacker|1129\n|gen|9\n|tier|[Gen 9 Champions] VGC 2026 Reg M-A\n|rated|\n|rule|Species Clause: Limit one of each Pok\u00e9mon\n|rule|Item Clause: Limit 1 of each item\n|clearpoke\n|poke|p1|Wyrdeer, L50, F|\n|poke|p1|Milotic, L50, F|\n|poke|p1|Incineroar, L50, M|\n|poke|p1|Sableye, L50, M|\n|poke|p1|Zoroark-Hisui, L50, F|\n|poke|p1|Sneasler, L50, M|\n|poke|p2|Tyranitar, L50, M|\n|poke|p2|Excadrill, L50, M|\n|poke|p2|Arcanine-Hisui, L50, M|\n|poke|p2|Sinistcha-Masterpiece, L50|\n|poke|p2|Chandelure, L50, M|\n|poke|p2|Araquanid, L50, F|\n|teampreview|4\n|inactive|Battle timer is ON: inactive players will automatically lose when time's up. (requested by soaringpegasus)\n|inactive|soaringpegasus has 60 seconds left.\n|\n|t:|1776443070\n|teamsize|p1|4\n|teamsize|p2|4\n|start\n|switch|p1a: Wyrdeer|Wyrdeer, L50, F|100/100\n|switch|p1b: Milotic|Milotic, L50, F|100/100\n|switch|p2a: Sinistcha|Sinistcha-Masterpiece, L50|100/100\n|switch|p2b: Excadrill|Excadrill, L50, M|100/100\n|-ability|p1a: Wyrdeer|Intimidate|boost\n|-unboost|p2a: Sinistcha|atk|1\n|-unboost|p2b: Excadrill|atk|1\n|turn|1\n|\n|t:|1776443089\n|move|p2a: Sinistcha|Rage Powder|p2a: Sinistcha\n|-singleturn|p2a: Sinistcha|move: Rage Powder\n|move|p2b: Excadrill|Swords Dance|p2b: Excadrill\n|-boost|p2b: Excadrill|atk|2\n|move|p1a: Wyrdeer|Skill Swap|p2a: Sinistcha\n|-activate|p1a: Wyrdeer|Skill Swap|Hospitality|Intimidate|[of] p2a: Sinistcha\n|-ability|p2a: Sinistcha|Intimidate|boost\n|-unboost|p1a: Wyrdeer|atk|1\n|-unboost|p1b: Milotic|atk|1\n|-ability|p1b: Milotic|Competitive|boost\n|-boost|p1b: Milotic|spa|2\n|move|p1b: Milotic|Scald|p2a: Sinistcha\n|-resisted|p2a: Sinistcha|1\n|-damage|p2a: Sinistcha|66/100\n|\n|upkeep\n|turn|2\n|inactive|Law_NBD has 30 seconds left.\n|inactive|soaringpegasus has 30 seconds left.\n|\n|t:|1776443122\n|switch|p2a: Tyranitar|Tyranitar, L50, M|100/100\n|-weather|Sandstorm|[from] ability: Sand Stream|[of] p2a: Tyranitar\n|move|p2b: Excadrill|High Horsepower|p1b: Milotic\n|-damage|p1b: Milotic|12/100\n|move|p1a: Wyrdeer|Skill Swap|p2b: Excadrill\n|-activate|p1a: Wyrdeer|Skill Swap|Sand Rush|Hospitality|[of] p2b: Excadrill\n|move|p1b: Milotic|Muddy Water|p2a: Tyranitar|[spread] p2b\n|-miss|p1b: Milotic|p2a: Tyranitar\n|-supereffective|p2b: Excadrill|1\n|-enditem|p2b: Excadrill|Focus Sash\n|-damage|p2b: Excadrill|1/100\n|\n|-weather|Sandstorm|[upkeep]\n|-damage|p1b: Milotic|6/100|[from] Sandstorm\n|-heal|p1b: Milotic|12/100|[from] item: Leftovers\n|upkeep\n|turn|3\n|inactive|Law_NBD has 30 seconds left.\n|inactive|soaringpegasus has 30 seconds left.\n|inactive|soaringpegasus has 20 seconds left.\n|inactive|soaringpegasus has 15 seconds left.\n|\n|t:|1776443164\n|switch|p2b: Sinistcha|Sinistcha-Masterpiece, L50|66/100\n|detailschange|p2a: Tyranitar|Tyranitar-Mega, L50, M\n|-mega|p2a: Tyranitar|Tyranitar|Tyranitarite\n|move|p1a: Wyrdeer|Rain Dance|p1a: Wyrdeer\n|-weather|RainDance\n|move|p1b: Milotic|Recover|p1b: Milotic\n|-heal|p1b: Milotic|62/100\n|move|p2a: Tyranitar|Assurance|p1b: Milotic\n|-damage|p1b: Milotic|14/100\n|\n|-weather|RainDance|[upkeep]\n|-heal|p1b: Milotic|20/100|[from] item: Leftovers\n|upkeep\n|turn|4\n|\n|t:|1776443185\n|switch|p1a: Incineroar|Incineroar, L50, M|100/100\n|-ability|p1a: Incineroar|Intimidate|boost\n|-unboost|p2a: Tyranitar|atk|1\n|-unboost|p2b: Sinistcha|atk|1\n|move|p2a: Tyranitar|Protect|p2a: Tyranitar\n|-singleturn|p2a: Tyranitar|Protect\n|move|p1b: Milotic|Recover|p1b: Milotic\n|-heal|p1b: Milotic|70/100\n|move|p2b: Sinistcha|Matcha Gotcha|p1a: Incineroar|[spread] p1a,p1b\n|-resisted|p1a: Incineroar|1\n|-supereffective|p1b: Milotic|1\n|-damage|p1a: Incineroar|88/100\n|-heal|p2b: Sinistcha|74/100|[from] drain|[of] p1a: Incineroar\n|-damage|p1b: Milotic|34/100\n|-heal|p2b: Sinistcha|94/100|[from] drain|[of] p1b: Milotic\n|\n|-weather|RainDance|[upkeep]\n|-heal|p1b: Milotic|40/100|[from] item: Leftovers\n|upkeep\n|turn|5\n|inactive|soaringpegasus has 30 seconds left.\n|\n|t:|1776443218\n|move|p1a: Incineroar|Fake Out|p2a: Tyranitar\n|-resisted|p2a: Tyranitar|1\n|-damage|p2a: Tyranitar|96/100\n|move|p1b: Milotic|Recover|p1b: Milotic\n|-heal|p1b: Milotic|90/100\n|cant|p2a: Tyranitar|flinch\n|move|p2b: Sinistcha|Matcha Gotcha|p1b: Milotic|[spread] p1a,p1b\n|-resisted|p1a: Incineroar|1\n|-supereffective|p1b: Milotic|1\n|-damage|p1a: Incineroar|77/100\n|-heal|p2b: Sinistcha|100/100|[from] drain|[of] p1a: Incineroar\n|-damage|p1b: Milotic|57/100\n|\n|-weather|RainDance|[upkeep]\n|-heal|p1b: Milotic|63/100|[from] item: Leftovers\n|upkeep\n|turn|6\n|inactive|Law_NBD has 30 seconds left.\n|\n|t:|1776443248\n|move|p1b: Milotic|Protect|p1b: Milotic\n|-singleturn|p1b: Milotic|Protect\n|move|p2a: Tyranitar|Thunder Punch|p1b: Milotic\n|-activate|p1b: Milotic|move: Protect\n|move|p2b: Sinistcha|Matcha Gotcha|p1a: Incineroar|[spread] p1a\n|-activate|p1b: Milotic|move: Protect\n|-resisted|p1a: Incineroar|1\n|-damage|p1a: Incineroar|65/100\n|move|p1a: Incineroar|Parting Shot|p2b: Sinistcha\n|-unboost|p2b: Sinistcha|atk|1\n|-unboost|p2b: Sinistcha|spa|1\n|-message|soaringpegasus forfeited.\n|\n|win|Law_NBD\n|raw|Law_NBD's rating: 1208 &rarr; <strong>1227</strong><br />(+19 for winning)\n|raw|soaringpegasus's rating: 1129 &rarr; <strong>1110</strong><br />(-19 for losing)\n|l|\u2606soaringpegasus\n|player|p2|\n",
  "uploadtime": 1776443265,
  "views": 37,
  "formatid": "gen9championsvgc2026regma",
  "rating": 1110,
  "private": 0,
  "password": null
}