{
  "id": "gen9championsvgc2026regma-2584318615",
  "format": "[Gen 9 Champions] VGC 2026 Reg M-A",
  "players": [
    "Bleachexe2",
    "uhahaha"
  ],
  "log": "|j|\u2606Bleachexe2\n|j|\u2606uhahaha\n|t:|1776250717\n|gametype|doubles\n|player|p1|Bleachexe2|170|1000\n|player|p2|uhahaha|101|1000\n|gen|9\n|tier|[Gen 9 Champions] VGC 2026 Reg M-A\n|rated|\n|rule|Species Clause: Limit one of each Pok\u00e9mon\n|rule|Item Clause: Limit 1 of each item\n|clearpoke\n|poke|p1|Garchomp, L50, M|\n|poke|p1|Tyranitar, L50, M|\n|poke|p1|Corviknight, L50, M|\n|poke|p1|Meganium, L50, F|\n|poke|p1|Milotic, L50, F|\n|poke|p1|Arcanine-Hisui, L50, F|\n|poke|p2|Sinistcha, L50|\n|poke|p2|Froslass, L50, F|\n|poke|p2|Blastoise, L50, M|\n|poke|p2|Whimsicott, L50, F|\n|poke|p2|Charizard, L50, M|\n|poke|p2|Venusaur, L50, M|\n|teampreview|4\n|\n|t:|1776250744\n|teamsize|p1|4\n|teamsize|p2|4\n|start\n|switch|p1a: Corviknight|Corviknight, L50, M|100/100\n|switch|p1b: Arcanine|Arcanine-Hisui, L50, F|100/100\n|switch|p2a: Sinistcha|Sinistcha, L50, shiny|100/100\n|switch|p2b: Blastoise|Blastoise, L50, M, shiny|100/100\n|-ability|p1b: Arcanine|Intimidate|boost\n|-unboost|p2a: Sinistcha|atk|1\n|-unboost|p2b: Blastoise|atk|1\n|turn|1\n|\n|t:|1776250760\n|switch|p1b: Meganium|Meganium, L50, F|100/100\n|move|p2a: Sinistcha|Rage Powder|p2a: Sinistcha\n|-singleturn|p2a: Sinistcha|move: Rage Powder\n|move|p2b: Blastoise|Shell Smash|p2b: Blastoise\n|-unboost|p2b: Blastoise|def|1\n|-unboost|p2b: Blastoise|spd|1\n|-boost|p2b: Blastoise|atk|2\n|-boost|p2b: Blastoise|spa|2\n|-boost|p2b: Blastoise|spe|2\n|move|p1a: Corviknight|Tailwind|p1a: Corviknight\n|-sidestart|p1: Bleachexe2|move: Tailwind\n|\n|upkeep\n|turn|2\n|\n|t:|1776250793\n|detailschange|p1b: Meganium|Meganium-Mega, L50, F\n|-mega|p1b: Meganium|Meganium|Meganiumite\n|move|p2a: Sinistcha|Rage Powder|p2a: Sinistcha\n|-singleturn|p2a: Sinistcha|move: Rage Powder\n|move|p2b: Blastoise|Shell Smash|p2b: Blastoise\n|-unboost|p2b: Blastoise|def|1\n|-unboost|p2b: Blastoise|spd|1\n|-boost|p2b: Blastoise|atk|2\n|-boost|p2b: Blastoise|spa|2\n|-boost|p2b: Blastoise|spe|2\n|move|p1a: Corviknight|Taunt|p2a: Sinistcha\n|-start|p2a: Sinistcha|move: Taunt\n|move|p1b: Meganium|Weather Ball|p2a: Sinistcha\n|-supereffective|p2a: Sinistcha|1\n|-damage|p2a: Sinistcha|36/100\n|-enditem|p2a: Sinistcha|Sitrus Berry|[eat]\n|-heal|p2a: Sinistcha|61/100|[from] item: Sitrus Berry\n|\n|upkeep\n|turn|3\n|\n|t:|1776250827\n|switch|p2a: Charizard|Charizard, L50, M, shiny|100/100\n|move|p2b: Blastoise|Protect|p2b: Blastoise\n|-singleturn|p2b: Blastoise|Protect\n|move|p1a: Corviknight|Iron Head|p2b: Blastoise\n|-activate|p2b: Blastoise|move: Protect\n|move|p1b: Meganium|Solar Beam||[still]\n|-prepare|p1b: Meganium|Solar Beam\n|-activate|p1b: Meganium|ability: Mega Sol\n|-anim|p1b: Meganium|Solar Beam|p2b: Blastoise\n|-activate|p2b: Blastoise|move: Protect\n|\n|upkeep\n|turn|4\n|\n|t:|1776250849\n|switch|p1b: Tyranitar|Tyranitar, L50, M|100/100\n|-weather|Sandstorm|[from] ability: Sand Stream|[of] p1b: Tyranitar\n|detailschange|p2b: Blastoise|Blastoise-Mega, L50, M, shiny\n|-mega|p2b: Blastoise|Blastoise|Blastoisinite\n|move|p2b: Blastoise|Water Spout|p1b: Tyranitar|[spread] p1a,p1b\n|-supereffective|p1b: Tyranitar|1\n|-crit|p1b: Tyranitar\n|-damage|p1a: Corviknight|0 fnt\n|-damage|p1b: Tyranitar|0 fnt\n|faint|p1a: Corviknight\n|faint|p1b: Tyranitar\n|move|p2a: Charizard|Heat Wave|p1: Corviknight|[notarget]\n|-fail|p2a: Charizard\n|\n|-weather|Sandstorm|[upkeep]\n|-damage|p2b: Blastoise|95/100|[from] Sandstorm\n|-damage|p2a: Charizard|95/100|[from] Sandstorm\n|-sideend|p1: Bleachexe2|move: Tailwind\n|upkeep\n|\n|t:|1776250867\n|switch|p1a: Meganium|Meganium-Mega, L50, F|100/100\n|switch|p1b: Arcanine|Arcanine-Hisui, L50, F|100/100\n|-ability|p1b: Arcanine|Intimidate|boost\n|-unboost|p2a: Charizard|atk|1\n|-unboost|p2b: Blastoise|atk|1\n|turn|5\n|\n|t:|1776250879\n|move|p1b: Arcanine|Protect|p1b: Arcanine\n|-singleturn|p1b: Arcanine|Protect\n|move|p2b: Blastoise|Water Spout|p1b: Arcanine|[spread] p1a\n|-activate|p1b: Arcanine|move: Protect\n|-resisted|p1a: Meganium|1\n|-damage|p1a: Meganium|29/100\n|move|p2a: Charizard|Heat Wave|p1a: Meganium|[spread] p1a\n|-activate|p1b: Arcanine|move: Protect\n|-supereffective|p1a: Meganium|1\n|-damage|p1a: Meganium|0 fnt\n|faint|p1a: Meganium\n|\n|-weather|Sandstorm|[upkeep]\n|-damage|p2b: Blastoise|89/100|[from] Sandstorm\n|-damage|p2a: Charizard|89/100|[from] Sandstorm\n|upkeep\n|turn|6\n|\n|t:|1776250901\n|move|p2b: Blastoise|Water Spout|p1b: Arcanine\n|-supereffective|p1b: Arcanine|2\n|-damage|p1b: Arcanine|0 fnt\n|faint|p1b: Arcanine\n|\n|win|uhahaha\n|raw|Bleachexe2's rating: 1000 &rarr; <strong>1000</strong><br />(+0 for losing)\n|raw|uhahaha's rating: 1000 &rarr; <strong>1040</strong><br />(+40 for winning)\n|l|\u2606Bleachexe2\n|player|p1|\n",
  "uploadtime": 1776250910,
  "views": 38,
  "formatid": "gen9championsvgc2026regma",
  "rating": 1000,
  "private": 0,
  "password": null
}