{
  "id": "gen9championsvgc2026regma-2580451240",
  "format": "[Gen 9 Champions] VGC 2026 Reg M-A",
  "players": [
    "chaewonyoung",
    "adarefixwillfixit"
  ],
  "log": "|j|\u2606chaewonyoung\n|j|\u2606adarefixwillfixit\n|t:|1775898545\n|gametype|doubles\n|player|p1|chaewonyoung|yellow|1051\n|player|p2|adarefixwillfixit|2|1116\n|gen|9\n|tier|[Gen 9 Champions] VGC 2026 Reg M-A\n|rated|\n|rule|Species Clause: Limit one of each Pok\u00e9mon\n|rule|Item Clause: Limit 1 of each item\n|clearpoke\n|poke|p1|Tyranitar, L50, M|\n|poke|p1|Garchomp, L50, F|\n|poke|p1|Gyarados, L50, M|\n|poke|p1|Corviknight, L50, M|\n|poke|p1|Sinistcha, L50|\n|poke|p1|Rotom-Heat, L50|\n|poke|p2|Maushold, L50|\n|poke|p2|Aerodactyl, L50, F|\n|poke|p2|Floette-Eternal, L50, F|\n|poke|p2|Arcanine-Hisui, L50, M|\n|poke|p2|Milotic, L50, F|\n|poke|p2|Sinistcha, L50|\n|teampreview|4\n|inactive|Battle timer is ON: inactive players will automatically lose when time's up. (requested by adarefixwillfixit)\n|\n|t:|1775898575\n|teamsize|p1|4\n|teamsize|p2|4\n|start\n|switch|p1a: Corviknight|Corviknight, L50, M|100/100\n|switch|p1b: Tyranitar|Tyranitar, L50, M|100/100\n|switch|p2a: Milotic|Milotic, L50, F|100/100\n|switch|p2b: Floette|Floette-Eternal, L50, F|100/100\n|-weather|Sandstorm|[from] ability: Sand Stream|[of] p1b: Tyranitar\n|turn|1\n|\n|t:|1775898593\n|detailschange|p2b: Floette|Floette-Mega, L50, F\n|-mega|p2b: Floette|Floette|Floettite\n|-ability|p2b: Floette|Fairy Aura\n|move|p1b: Tyranitar|Protect|p1b: Tyranitar\n|-singleturn|p1b: Tyranitar|Protect\n|move|p2b: Floette|Calm Mind|p2b: Floette\n|-boost|p2b: Floette|spa|1\n|-boost|p2b: Floette|spd|1\n|move|p2a: Milotic|Icy Wind|p1a: Corviknight|[spread] \n|-activate|p1b: Tyranitar|move: Protect\n|-miss|p2a: Milotic|p1a: Corviknight\n|move|p1a: Corviknight|Tailwind|p1a: Corviknight\n|-sidestart|p1: chaewonyoung|move: Tailwind\n|\n|-weather|Sandstorm|[upkeep]\n|-damage|p2b: Floette|94/100|[from] Sandstorm\n|-damage|p2a: Milotic|95/100|[from] Sandstorm\n|-heal|p2a: Milotic|100/100|[from] item: Leftovers\n|upkeep\n|turn|2\n|inactive|chaewonyoung has 30 seconds left.\n|inactive|adarefixwillfixit has 30 seconds left.\n|\n|t:|1775898623\n|detailschange|p1b: Tyranitar|Tyranitar-Mega, L50, M\n|-mega|p1b: Tyranitar|Tyranitar|Tyranitarite\n|move|p2b: Floette|Protect|p2b: Floette\n|-singleturn|p2b: Floette|Protect\n|move|p1b: Tyranitar|Earthquake|p2b: Floette|[spread] p2a\n|-activate|p2b: Floette|move: Protect\n|-immune|p1a: Corviknight\n|-crit|p2a: Milotic\n|-damage|p2a: Milotic|61/100\n|move|p1a: Corviknight|Iron Head|p2b: Floette\n|-activate|p2b: Floette|move: Protect\n|move|p2a: Milotic|Icy Wind|p1b: Tyranitar|[spread] p1a,p1b\n|-damage|p1a: Corviknight|92/100\n|-damage|p1b: Tyranitar|94/100\n|-ability|p1a: Corviknight|Mirror Armor\n|-unboost|p2a: Milotic|spe|1\n|-ability|p2a: Milotic|Competitive|boost\n|-boost|p2a: Milotic|spa|2\n|-unboost|p1b: Tyranitar|spe|1\n|\n|-weather|Sandstorm|[upkeep]\n|-damage|p2b: Floette|88/100|[from] Sandstorm\n|-damage|p2a: Milotic|55/100|[from] Sandstorm\n|-heal|p1a: Corviknight|98/100|[from] item: Leftovers\n|-heal|p2a: Milotic|61/100|[from] item: Leftovers\n|upkeep\n|turn|3\n|inactive|adarefixwillfixit has 30 seconds left.\n|\n|t:|1775898650\n|switch|p2b: Sinistcha|Sinistcha, L50|100/100\n|-heal|p2a: Milotic|86/100|[from] ability: Hospitality|[of] p2b: Sinistcha\n|move|p1a: Corviknight|Iron Head|p2b: Sinistcha\n|-damage|p2b: Sinistcha|78/100\n|move|p1b: Tyranitar|Earthquake|p2b: Sinistcha|[spread] p2a,p2b\n|-immune|p1a: Corviknight\n|-resisted|p2b: Sinistcha|1\n|-damage|p2a: Milotic|62/100\n|-damage|p2b: Sinistcha|65/100\n|move|p2a: Milotic|Scald|p1b: Tyranitar\n|-supereffective|p1b: Tyranitar|1\n|-damage|p1b: Tyranitar|23/100\n|\n|-weather|Sandstorm|[upkeep]\n|-damage|p2b: Sinistcha|58/100|[from] Sandstorm\n|-damage|p2a: Milotic|56/100|[from] Sandstorm\n|-heal|p1a: Corviknight|100/100|[from] item: Leftovers\n|-heal|p2a: Milotic|62/100|[from] item: Leftovers\n|upkeep\n|turn|4\n|\n|t:|1775898672\n|switch|p1a: Sinistcha|Sinistcha, L50|100/100\n|-heal|p1b: Tyranitar|48/100|[from] ability: Hospitality|[of] p1a: Sinistcha\n|move|p1b: Tyranitar|Protect|p1b: Tyranitar\n|-singleturn|p1b: Tyranitar|Protect\n|move|p2b: Sinistcha|Matcha Gotcha|p1a: Sinistcha|[spread] \n|-activate|p1b: Tyranitar|move: Protect\n|-miss|p2b: Sinistcha|p1a: Sinistcha\n|move|p2a: Milotic|Life Dew|p2a: Milotic|[spread] p2a,p2b\n|-heal|p2a: Milotic|88/100\n|-heal|p2b: Sinistcha|84/100\n|\n|-weather|Sandstorm|[upkeep]\n|-damage|p1a: Sinistcha|94/100|[from] Sandstorm\n|-damage|p2b: Sinistcha|77/100|[from] Sandstorm\n|-damage|p2a: Milotic|82/100|[from] Sandstorm\n|-heal|p2a: Milotic|88/100|[from] item: Leftovers\n|-sideend|p1: chaewonyoung|move: Tailwind\n|upkeep\n|turn|5\n|inactive|chaewonyoung has 30 seconds left.\n|\n|t:|1775898706\n|move|p1a: Sinistcha|Rage Powder|p1a: Sinistcha\n|-singleturn|p1a: Sinistcha|move: Rage Powder\n|move|p2b: Sinistcha|Matcha Gotcha|p1b: Tyranitar|[spread] p1a,p1b\n|-resisted|p1a: Sinistcha|1\n|-supereffective|p1b: Tyranitar|1\n|-damage|p1a: Sinistcha|83/100\n|-heal|p2b: Sinistcha|84/100|[from] drain|[of] p1a: Sinistcha\n|-damage|p1b: Tyranitar|21/100\n|-heal|p2b: Sinistcha|97/100|[from] drain|[of] p1b: Tyranitar\n|move|p1b: Tyranitar|Thunder Punch|p2a: Milotic\n|-supereffective|p2a: Milotic|1\n|-damage|p2a: Milotic|38/100\n|move|p2a: Milotic|Icy Wind|p1a: Sinistcha|[spread] p1a,p1b\n|-supereffective|p1a: Sinistcha|1\n|-damage|p1a: Sinistcha|44/100\n|-damage|p1b: Tyranitar|10/100\n|-unboost|p1a: Sinistcha|spe|1\n|-unboost|p1b: Tyranitar|spe|1\n|-enditem|p1a: Sinistcha|Sitrus Berry|[eat]\n|-heal|p1a: Sinistcha|69/100|[from] item: Sitrus Berry\n|\n|-weather|none\n|-heal|p2a: Milotic|44/100|[from] item: Leftovers\n|upkeep\n|turn|6\n|inactive|chaewonyoung has 30 seconds left.\n|\n|t:|1775898737\n|move|p1b: Tyranitar|Protect|p1b: Tyranitar\n|-singleturn|p1b: Tyranitar|Protect\n|move|p2b: Sinistcha|Matcha Gotcha|p1b: Tyranitar|[spread] p1a\n|-activate|p1b: Tyranitar|move: Protect\n|-resisted|p1a: Sinistcha|1\n|-damage|p1a: Sinistcha|58/100\n|-heal|p2b: Sinistcha|100/100|[from] drain|[of] p1a: Sinistcha\n|move|p2a: Milotic|Life Dew||[still]|[spread] p2a,p2b\n|-heal|p2a: Milotic|69/100\n|-fail|p2b: Sinistcha|heal\n|move|p1a: Sinistcha|Life Dew|p1a: Sinistcha|[spread] p1a,p1b\n|-heal|p1a: Sinistcha|83/100\n|-heal|p1b: Tyranitar|34/100\n|\n|-heal|p2a: Milotic|75/100|[from] item: Leftovers\n|upkeep\n|turn|7\n|\n|t:|1775898762\n|switch|p1b: Corviknight|Corviknight, L50, M|100/100\n|move|p2b: Sinistcha|Matcha Gotcha|p1a: Sinistcha|[spread] p1a,p1b\n|-resisted|p1a: Sinistcha|1\n|-resisted|p1b: Corviknight|2\n|-damage|p1a: Sinistcha|71/100\n|-damage|p1b: Corviknight|96/100\n|move|p2a: Milotic|Icy Wind|p1a: Sinistcha|[spread] p1a,p1b\n|-supereffective|p1a: Sinistcha|1\n|-damage|p1a: Sinistcha|28/100\n|-damage|p1b: Corviknight|78/100\n|-unboost|p1a: Sinistcha|spe|1\n|-ability|p1b: Corviknight|Mirror Armor\n|-unboost|p2a: Milotic|spe|1\n|-ability|p2a: Milotic|Competitive|boost\n|-boost|p2a: Milotic|spa|2\n|move|p1a: Sinistcha|Matcha Gotcha|p2a: Milotic|[spread] p2a\n|-miss|p1a: Sinistcha|p2b: Sinistcha\n|-supereffective|p2a: Milotic|1\n|-damage|p2a: Milotic|42/100\n|-heal|p1a: Sinistcha|47/100|[from] drain|[of] p2a: Milotic\n|\n|-heal|p1b: Corviknight|84/100|[from] item: Leftovers\n|-heal|p2a: Milotic|48/100|[from] item: Leftovers\n|upkeep\n|turn|8\n|inactive|chaewonyoung has 30 seconds left.\n|inactive|chaewonyoung has 20 seconds left.\n|\n|t:|1775898799\n|move|p1b: Corviknight|Iron Head|p2a: Milotic\n|-resisted|p2a: Milotic|1\n|-damage|p2a: Milotic|38/100\n|move|p2b: Sinistcha|Life Dew||[still]|[spread] p2a,p2b\n|-heal|p2a: Milotic|63/100\n|-fail|p2b: Sinistcha|heal\n|move|p2a: Milotic|Scald|p1b: Corviknight\n|-damage|p1b: Corviknight|6/100\n|move|p1a: Sinistcha|Matcha Gotcha|p2a: Milotic|[spread] p2a,p2b\n|-supereffective|p2a: Milotic|1\n|-resisted|p2b: Sinistcha|1\n|-damage|p2a: Milotic|25/100\n|-heal|p1a: Sinistcha|69/100|[from] drain|[of] p2a: Milotic\n|-damage|p2b: Sinistcha|89/100\n|-heal|p1a: Sinistcha|75/100|[from] drain|[of] p2b: Sinistcha\n|\n|-heal|p1b: Corviknight|12/100|[from] item: Leftovers\n|-heal|p2a: Milotic|31/100|[from] item: Leftovers\n|upkeep\n|turn|9\n|inactive|adarefixwillfixit has 30 seconds left.\n|\n|t:|1775898828\n|move|p2b: Sinistcha|Rage Powder|p2b: Sinistcha\n|-singleturn|p2b: Sinistcha|move: Rage Powder\n|move|p1b: Corviknight|Tailwind|p1b: Corviknight\n|-sidestart|p1: chaewonyoung|move: Tailwind\n|move|p1a: Sinistcha|Matcha Gotcha|p2b: Sinistcha|[spread] p2a,p2b\n|-supereffective|p2a: Milotic|1\n|-resisted|p2b: Sinistcha|1\n|-damage|p2a: Milotic|0 fnt\n|-heal|p1a: Sinistcha|92/100|[from] drain|[of] p2a: Milotic\n|-damage|p2b: Sinistcha|78/100\n|-heal|p1a: Sinistcha|98/100|[from] drain|[of] p2b: Sinistcha\n|-status|p2b: Sinistcha|brn\n|faint|p2a: Milotic\n|\n|-heal|p1b: Corviknight|18/100|[from] item: Leftovers\n|-damage|p2b: Sinistcha|72/100 brn|[from] brn\n|upkeep\n|\n|t:|1775898839\n|switch|p2a: Aerodactyl|Aerodactyl, L50, F|100/100\n|-ability|p2a: Aerodactyl|Unnerve\n|turn|10\n|\n|t:|1775898850\n|move|p1b: Corviknight|Protect|p1b: Corviknight\n|-singleturn|p1b: Corviknight|Protect\n|move|p2b: Sinistcha|Rage Powder|p2b: Sinistcha\n|-singleturn|p2b: Sinistcha|move: Rage Powder\n|move|p2a: Aerodactyl|Rock Slide|p1b: Corviknight|[spread] p1a\n|-activate|p1b: Corviknight|move: Protect\n|-damage|p1a: Sinistcha|74/100\n|move|p1a: Sinistcha|Life Dew|p1a: Sinistcha|[spread] p1a,p1b\n|-heal|p1a: Sinistcha|99/100\n|-heal|p1b: Corviknight|43/100\n|\n|-heal|p1b: Corviknight|49/100|[from] item: Leftovers\n|-damage|p2b: Sinistcha|66/100 brn|[from] brn\n|upkeep\n|turn|11\n|inactive|chaewonyoung has 30 seconds left.\n|\n|t:|1775898882\n|move|p2a: Aerodactyl|Tailwind|p2a: Aerodactyl\n|-sidestart|p2: adarefixwillfixit|move: Tailwind\n|move|p1b: Corviknight|Brave Bird|p2b: Sinistcha\n|-supereffective|p2b: Sinistcha|1\n|-damage|p2b: Sinistcha|2/100 brn\n|-enditem|p2b: Sinistcha|Sitrus Berry|[eat]\n|-heal|p2b: Sinistcha|26/100 brn|[from] item: Sitrus Berry\n|-damage|p1b: Corviknight|30/100|[from] Recoil\n|move|p2b: Sinistcha|Matcha Gotcha|p1b: Corviknight|[spread] p1a,p1b\n|-resisted|p1a: Sinistcha|1\n|-resisted|p1b: Corviknight|2\n|-damage|p1a: Sinistcha|88/100\n|-heal|p2b: Sinistcha|32/100 brn|[from] drain|[of] p1a: Sinistcha\n|-damage|p1b: Corviknight|25/100\n|-heal|p2b: Sinistcha|35/100 brn|[from] drain|[of] p1b: Corviknight\n|-status|p1a: Sinistcha|brn\n|move|p1a: Sinistcha|Matcha Gotcha|p2b: Sinistcha|[spread] p2a,p2b\n|-resisted|p2b: Sinistcha|1\n|-damage|p2a: Aerodactyl|67/100\n|-heal|p1a: Sinistcha|100/100 brn|[from] drain|[of] p2a: Aerodactyl\n|-damage|p2b: Sinistcha|24/100 brn\n|\n|-heal|p1b: Corviknight|31/100|[from] item: Leftovers\n|-damage|p2b: Sinistcha|17/100 brn|[from] brn\n|-damage|p1a: Sinistcha|94/100 brn|[from] brn\n|upkeep\n|turn|12\n|inactive|adarefixwillfixit has 30 seconds left.\n|\n|t:|1775898909\n|move|p1b: Corviknight|Protect|p1b: Corviknight\n|-singleturn|p1b: Corviknight|Protect\n|move|p2a: Aerodactyl|Dual Wingbeat|p1a: Sinistcha\n|-supereffective|p1a: Sinistcha|1\n|-damage|p1a: Sinistcha|63/100 brn\n|-supereffective|p1a: Sinistcha|1\n|-damage|p1a: Sinistcha|29/100 brn\n|-hitcount|p1a: Sinistcha|2\n|move|p2b: Sinistcha|Life Dew|p2b: Sinistcha|[spread] p2a,p2b\n|-heal|p2a: Aerodactyl|92/100\n|-heal|p2b: Sinistcha|43/100 brn\n|move|p1a: Sinistcha|Life Dew|p1a: Sinistcha|[spread] p1a,p1b\n|-heal|p1a: Sinistcha|54/100 brn\n|-heal|p1b: Corviknight|56/100\n|\n|-heal|p1b: Corviknight|62/100|[from] item: Leftovers\n|-damage|p2b: Sinistcha|36/100 brn|[from] brn\n|-damage|p1a: Sinistcha|48/100 brn|[from] brn\n|-sideend|p1: chaewonyoung|move: Tailwind\n|upkeep\n|turn|13\n|inactive|chaewonyoung has 30 seconds left.\n|\n|t:|1775898939\n|move|p1a: Sinistcha|Rage Powder|p1a: Sinistcha\n|-singleturn|p1a: Sinistcha|move: Rage Powder\n|move|p2a: Aerodactyl|Dual Wingbeat|p1a: Sinistcha\n|-supereffective|p1a: Sinistcha|1\n|-damage|p1a: Sinistcha|13/100 brn\n|-supereffective|p1a: Sinistcha|1\n|-damage|p1a: Sinistcha|0 fnt\n|faint|p1a: Sinistcha\n|-hitcount|p1: Sinistcha|2\n|move|p2b: Sinistcha|Life Dew|p2b: Sinistcha|[spread] p2a,p2b\n|-heal|p2a: Aerodactyl|100/100\n|-heal|p2b: Sinistcha|62/100 brn\n|move|p1b: Corviknight|Iron Head|p2a: Aerodactyl\n|-supereffective|p2a: Aerodactyl|1\n|-damage|p2a: Aerodactyl|15/100\n|\n|-heal|p1b: Corviknight|68/100|[from] item: Leftovers\n|-damage|p2b: Sinistcha|56/100 brn|[from] brn\n|upkeep\n|\n|t:|1775898949\n|switch|p1a: Tyranitar|Tyranitar-Mega, L50, M|34/100\n|-weather|Sandstorm|[from] ability: Sand Stream|[of] p1a: Tyranitar\n|turn|14\n|\n|t:|1775898964\n|move|p1a: Tyranitar|Protect|p1a: Tyranitar\n|-singleturn|p1a: Tyranitar|Protect\n|move|p2a: Aerodactyl|Rock Slide|p1a: Tyranitar|[spread] \n|-activate|p1a: Tyranitar|move: Protect\n|-miss|p2a: Aerodactyl|p1b: Corviknight\n|move|p2b: Sinistcha|Matcha Gotcha|p1a: Tyranitar|[spread] p1b\n|-activate|p1a: Tyranitar|move: Protect\n|-resisted|p1b: Corviknight|2\n|-damage|p1b: Corviknight|62/100\n|-heal|p2b: Sinistcha|59/100 brn|[from] drain|[of] p1b: Corviknight\n|-status|p1b: Corviknight|brn\n|move|p1b: Corviknight|Iron Head|p2a: Aerodactyl\n|-supereffective|p2a: Aerodactyl|1\n|-damage|p2a: Aerodactyl|0 fnt\n|faint|p2a: Aerodactyl\n|\n|-weather|Sandstorm|[upkeep]\n|-damage|p2b: Sinistcha|53/100 brn|[from] Sandstorm\n|-heal|p1b: Corviknight|68/100 brn|[from] item: Leftovers\n|-damage|p2b: Sinistcha|47/100 brn|[from] brn\n|-damage|p1b: Corviknight|62/100 brn|[from] brn\n|-sideend|p2: adarefixwillfixit|move: Tailwind\n|upkeep\n|\n|t:|1775898972\n|switch|p2a: Floette|Floette-Mega, L50, F|88/100\n|-ability|p2a: Floette|Fairy Aura\n|turn|15\n|\n|t:|1775898983\n|move|p1a: Tyranitar|Earthquake|p2b: Sinistcha|[spread] p2a,p2b\n|-immune|p1b: Corviknight\n|-crit|p2a: Floette\n|-resisted|p2b: Sinistcha|1\n|-damage|p2a: Floette|41/100\n|-damage|p2b: Sinistcha|34/100 brn\n|move|p2a: Floette|Calm Mind|p2a: Floette\n|-boost|p2a: Floette|spa|1\n|-boost|p2a: Floette|spd|1\n|move|p1b: Corviknight|Tailwind|p1b: Corviknight\n|-sidestart|p1: chaewonyoung|move: Tailwind\n|move|p2b: Sinistcha|Trick Room|p2b: Sinistcha\n|-fieldstart|move: Trick Room|[of] p2b: Sinistcha\n|\n|-weather|Sandstorm|[upkeep]\n|-damage|p2b: Sinistcha|28/100 brn|[from] Sandstorm\n|-damage|p2a: Floette|35/100|[from] Sandstorm\n|-heal|p1b: Corviknight|68/100 brn|[from] item: Leftovers\n|-damage|p2b: Sinistcha|22/100 brn|[from] brn\n|-damage|p1b: Corviknight|62/100 brn|[from] brn\n|upkeep\n|turn|16\n|\n|t:|1775898992\n|move|p2b: Sinistcha|Life Dew|p2b: Sinistcha|[spread] p2a,p2b\n|-heal|p2a: Floette|60/100\n|-heal|p2b: Sinistcha|47/100 brn\n|move|p2a: Floette|Dazzling Gleam|p1b: Corviknight|[spread] p1a,p1b\n|-supereffective|p1a: Tyranitar|1\n|-resisted|p1b: Corviknight|1\n|-damage|p1a: Tyranitar|0 fnt\n|-damage|p1b: Corviknight|34/100 brn\n|faint|p1a: Tyranitar\n|move|p1b: Corviknight|Iron Head|p2a: Floette\n|-supereffective|p2a: Floette|1\n|-damage|p2a: Floette|33/100\n|\n|-weather|Sandstorm|[upkeep]\n|-damage|p2b: Sinistcha|41/100 brn|[from] Sandstorm\n|-damage|p2a: Floette|27/100|[from] Sandstorm\n|-heal|p1b: Corviknight|40/100 brn|[from] item: Leftovers\n|-damage|p2b: Sinistcha|35/100 brn|[from] brn\n|-damage|p1b: Corviknight|34/100 brn|[from] brn\n|upkeep\n|\n|t:|1775899000\n|switch|p1a: Garchomp|Garchomp, L50, F|100/100\n|turn|17\n|\n|t:|1775899012\n|move|p1a: Garchomp|Protect|p1a: Garchomp\n|-singleturn|p1a: Garchomp|Protect\n|move|p2b: Sinistcha|Life Dew|p2b: Sinistcha|[spread] p2a,p2b\n|-heal|p2a: Floette|52/100\n|-heal|p2b: Sinistcha|60/100 brn\n|move|p2a: Floette|Dazzling Gleam|p1b: Corviknight|[spread] p1b\n|-activate|p1a: Garchomp|move: Protect\n|-resisted|p1b: Corviknight|1\n|-damage|p1b: Corviknight|4/100 brn\n|move|p1b: Corviknight|Iron Head|p2a: Floette\n|-supereffective|p2a: Floette|1\n|-damage|p2a: Floette|24/100\n|\n|-weather|Sandstorm|[upkeep]\n|-damage|p2b: Sinistcha|54/100 brn|[from] Sandstorm\n|-damage|p2a: Floette|18/100|[from] Sandstorm\n|-heal|p1b: Corviknight|10/100 brn|[from] item: Leftovers\n|-damage|p2b: Sinistcha|48/100 brn|[from] brn\n|-damage|p1b: Corviknight|4/100 brn|[from] brn\n|upkeep\n|turn|18\n|\n|t:|1775899033\n|move|p2b: Sinistcha|Life Dew|p2b: Sinistcha|[spread] p2a,p2b\n|-heal|p2a: Floette|42/100\n|-heal|p2b: Sinistcha|73/100 brn\n|move|p2a: Floette|Dazzling Gleam|p1b: Corviknight|[spread] p1a,p1b\n|-supereffective|p1a: Garchomp|1\n|-resisted|p1b: Corviknight|1\n|-damage|p1a: Garchomp|0 fnt\n|-damage|p1b: Corviknight|0 fnt\n|faint|p1a: Garchomp\n|faint|p1b: Corviknight\n|\n|win|adarefixwillfixit\n|raw|chaewonyoung's rating: 1051 &rarr; <strong>1037</strong><br />(-14 for losing)\n|raw|adarefixwillfixit's rating: 1116 &rarr; <strong>1136</strong><br />(+20 for winning)\n|l|\u2606chaewonyoung\n|player|p1|\n",
  "uploadtime": 1775899044,
  "views": 36,
  "formatid": "gen9championsvgc2026regma",
  "rating": 1037,
  "private": 0,
  "password": null
}