{
  "id": "gen9championsvgc2026regma-2586584728",
  "format": "[Gen 9 Champions] VGC 2026 Reg M-A",
  "players": [
    "gorpstink",
    "Phillip Blevin"
  ],
  "log": "|j|\u2606gorpstink\n|j|\u2606Phillip Blevin\n|t:|1776444875\n|gametype|doubles\n|player|p1|gorpstink|rika|1310\n|player|p2|Phillip Blevin|cynthia-masters4|1361\n|gen|9\n|tier|[Gen 9 Champions] VGC 2026 Reg M-A\n|rated|\n|rule|Species Clause: Limit one of each Pok\u00e9mon\n|rule|Item Clause: Limit 1 of each item\n|clearpoke\n|poke|p1|Abomasnow, L50, F|\n|poke|p1|Kleavor, L50, F|\n|poke|p1|Farigiraf, L50, F|\n|poke|p1|Incineroar, L50, M|\n|poke|p1|Sinistcha, L50|\n|poke|p1|Blastoise, L50, M|\n|poke|p2|Froslass, L50, F|\n|poke|p2|Corviknight, L50, F|\n|poke|p2|Arcanine-Hisui, L50, M|\n|poke|p2|Rotom-Wash, L50|\n|poke|p2|Sneasler, L50, M|\n|poke|p2|Garchomp, L50, M|\n|teampreview|4\n|inactive|Battle timer is ON: inactive players will automatically lose when time's up. (requested by Phillip Blevin)\nPhillip Blevin has agreed to open team sheets.\n|inactive|Phillip Blevin has 60 seconds left.\n|\n|t:|1776444930\n|teamsize|p1|4\n|teamsize|p2|4\n|start\n|switch|p1a: Blastoise|Blastoise, L50, M|100/100\n|switch|p1b: Farigiraf|Farigiraf, L50, F|100/100\n|switch|p2a: Froslass|Froslass, L50, F|100/100\n|switch|p2b: Arcanine|Arcanine-Hisui, L50, M|100/100\n|-ability|p2b: Arcanine|Intimidate|boost\n|-unboost|p1a: Blastoise|atk|1\n|-unboost|p1b: Farigiraf|atk|1\n|turn|1\n|\n|t:|1776444942\n|detailschange|p2a: Froslass|Froslass-Mega, L50, F\n|-mega|p2a: Froslass|Froslass|Froslassite\n|-weather|Snowscape|[from] ability: Snow Warning|[of] p2a: Froslass\n|move|p1a: Blastoise|Fake Out|p2b: Arcanine\n|-resisted|p2b: Arcanine|1\n|-crit|p2b: Arcanine\n|-damage|p2b: Arcanine|94/100\n|move|p2a: Froslass|Aurora Veil|p2a: Froslass\n|-sidestart|p2: Phillip Blevin|move: Aurora Veil\n|cant|p2b: Arcanine|flinch\n|move|p1b: Farigiraf|Trick Room|p1b: Farigiraf\n|-fieldstart|move: Trick Room|[of] p1b: Farigiraf\n|\n|-weather|Snowscape|[upkeep]\n|upkeep\n|turn|2\n|\n|t:|1776444961\n|detailschange|p1a: Blastoise|Blastoise-Mega, L50, M\n|-mega|p1a: Blastoise|Blastoise|Blastoisinite\n|move|p2b: Arcanine|Protect|p2b: Arcanine\n|-singleturn|p2b: Arcanine|Protect\n|move|p1b: Farigiraf|Twin Beam|p2a: Froslass\n|-damage|p2a: Froslass|84/100\n|-damage|p2a: Froslass|67/100\n|-hitcount|p2a: Froslass|2\n|move|p1a: Blastoise|Water Spout|p2a: Froslass|[spread] p2a\n|-activate|p2b: Arcanine|move: Protect\n|-damage|p2a: Froslass|19/100\n|move|p2a: Froslass|Blizzard|p1a: Blastoise|[spread] p1a,p1b\n|-resisted|p1a: Blastoise|1\n|-damage|p1a: Blastoise|83/100\n|-damage|p1b: Farigiraf|54/100\n|\n|-weather|Snowscape|[upkeep]\n|upkeep\n|turn|3\n|\n|t:|1776444986\n|move|p2a: Froslass|Protect|p2a: Froslass\n|-singleturn|p2a: Froslass|Protect\n|move|p1b: Farigiraf|Hyper Voice|p2b: Arcanine|[spread] p2b\n|-activate|p2a: Froslass|move: Protect\n|-resisted|p2b: Arcanine|1\n|-damage|p2b: Arcanine|80/100\n|move|p1a: Blastoise|Water Spout|p2a: Froslass|[spread] p2b\n|-activate|p2a: Froslass|move: Protect\n|-supereffective|p2b: Arcanine|2\n|-crit|p2b: Arcanine\n|-damage|p2b: Arcanine|0 fnt\n|faint|p2b: Arcanine\n|\n|-weather|Snowscape|[upkeep]\n|upkeep\n|\n|t:|1776444989\n|switch|p2b: Rotom|Rotom-Wash, L50|100/100\n|turn|4\n|inactive|gorpstink has 30 seconds left.\n|\n|t:|1776445021\n|switch|p2a: Sneasler|Sneasler, L50, M|100/100\n|move|p1b: Farigiraf|Twin Beam|p2b: Rotom\n|-damage|p2b: Rotom|85/100\n|-damage|p2b: Rotom|69/100\n|-hitcount|p2b: Rotom|2\n|move|p1a: Blastoise|Water Spout|p2b: Rotom|[spread] p2a,p2b\n|-crit|p2a: Sneasler\n|-resisted|p2b: Rotom|1\n|-damage|p2a: Sneasler|7/100\n|-damage|p2b: Rotom|51/100\n|move|p2b: Rotom|Volt Switch|p1a: Blastoise\n|-supereffective|p1a: Blastoise|1\n|-crit|p1a: Blastoise\n|-damage|p1a: Blastoise|24/100\n|\n|t:|1776445033\n|switch|p2b: Froslass|Froslass-Mega, L50, F|19/100|[from] Volt Switch\n|\n|-weather|Snowscape|[upkeep]\n|upkeep\n|turn|5\n|inactive|gorpstink has 30 seconds left.\n|\n|t:|1776445059\n|switch|p1b: Abomasnow|Abomasnow, L50, F|100/100\n|switch|p1a: Incineroar|Incineroar, L50, M|100/100\n|-ability|p1a: Incineroar|Intimidate|boost\n|-unboost|p2a: Sneasler|atk|1\n|-unboost|p2b: Froslass|atk|1\n|switch|p2b: Rotom|Rotom-Wash, L50|51/100\n|move|p2a: Sneasler|Close Combat|p1b: Abomasnow\n|-supereffective|p1b: Abomasnow|1\n|-damage|p1b: Abomasnow|40/100\n|-unboost|p2a: Sneasler|def|1\n|-unboost|p2a: Sneasler|spd|1\n|-status|p1b: Abomasnow|psn|[from] ability: Poison Touch|[of] p2a: Sneasler\n|\n|-weather|none\n|-damage|p1b: Abomasnow|27/100 psn|[from] psn\n|-sideend|p2: Phillip Blevin|move: Aurora Veil\n|-fieldend|move: Trick Room\n|upkeep\n|turn|6\n|\n|t:|1776445083\n|move|p1a: Incineroar|Fake Out|p2b: Rotom\n|-damage|p2b: Rotom|38/100\n|move|p1b: Abomasnow|Ice Shard|p2a: Sneasler\n|-damage|p2a: Sneasler|0 fnt\n|faint|p2a: Sneasler\n|cant|p2b: Rotom|flinch\n|\n|-damage|p1b: Abomasnow|15/100 psn|[from] psn\n|upkeep\n|\n|t:|1776445086\n|switch|p2a: Froslass|Froslass-Mega, L50, F|19/100\n|-weather|Snowscape|[from] ability: Snow Warning|[of] p2a: Froslass\n|turn|7\n|inactive|gorpstink has 30 seconds left.\n|\n|t:|1776445115\n|move|p1b: Abomasnow|Ice Shard|p2a: Froslass\n|-resisted|p2a: Froslass|1\n|-damage|p2a: Froslass|12/100\n|move|p2b: Rotom|Hydro Pump|p1a: Incineroar\n|-supereffective|p1a: Incineroar|1\n|-damage|p1a: Incineroar|34/100\n|move|p2a: Froslass|Blizzard|p1a: Incineroar|[spread] p1a,p1b\n|-resisted|p1a: Incineroar|1\n|-crit|p1a: Incineroar\n|-damage|p1a: Incineroar|5/100\n|-damage|p1b: Abomasnow|0 fnt\n|faint|p1b: Abomasnow\n|move|p1a: Incineroar|Throat Chop|p2b: Rotom\n|-damage|p2b: Rotom|0 fnt\n|faint|p2b: Rotom\n|\n|-weather|Snowscape|[upkeep]\n|upkeep\n|\n|t:|1776445138\n|switch|p1b: Blastoise|Blastoise-Mega, L50, M|24/100\n|turn|8\n|\n|t:|1776445144\n|move|p2a: Froslass|Protect|p2a: Froslass\n|-singleturn|p2a: Froslass|Protect\n|move|p1b: Blastoise|Dark Pulse|p2a: Froslass\n|-activate|p2a: Froslass|move: Protect\n|move|p1a: Incineroar|Flare Blitz|p2a: Froslass\n|-activate|p2a: Froslass|move: Protect\n|\n|-weather|Snowscape|[upkeep]\n|upkeep\n|turn|9\n|\n|t:|1776445149\n|move|p2a: Froslass|Blizzard|p1b: Blastoise|[spread] p1a,p1b\n|-resisted|p1a: Incineroar|1\n|-resisted|p1b: Blastoise|1\n|-damage|p1a: Incineroar|0 fnt\n|-damage|p1b: Blastoise|5/100\n|faint|p1a: Incineroar\n|move|p1b: Blastoise|Dark Pulse|p2a: Froslass\n|-supereffective|p2a: Froslass|1\n|-damage|p2a: Froslass|0 fnt\n|faint|p2a: Froslass\n|\n|win|gorpstink\n|raw|gorpstink's rating: 1310 &rarr; <strong>1333</strong><br />(+23 for winning)\n|raw|Phillip Blevin's rating: 1361 &rarr; <strong>1338</strong><br />(-23 for losing)\n",
  "uploadtime": 1776445149,
  "views": 37,
  "formatid": "gen9championsvgc2026regma",
  "rating": 1333,
  "private": 0,
  "password": null
}