{
  "id": "gen9championsvgc2026regma-2581490591",
  "format": "[Gen 9 Champions] VGC 2026 Reg M-A",
  "players": [
    "soulo333",
    "kactiel"
  ],
  "log": "|j|\u2606soulo333\n|j|\u2606kactiel\n|t:|1776005299\n|gametype|doubles\n|player|p1|soulo333|2|1287\n|player|p2|kactiel|bellelba|1367\n|gen|9\n|tier|[Gen 9 Champions] VGC 2026 Reg M-A\n|rated|\n|rule|Species Clause: Limit one of each Pok\u00e9mon\n|rule|Item Clause: Limit 1 of each item\n|clearpoke\n|poke|p1|Charizard, L50, F|\n|poke|p1|Rotom-Wash, L50|\n|poke|p1|Sneasler, L50, F|\n|poke|p1|Garchomp, L50, F|\n|poke|p1|Sinistcha, L50|\n|poke|p1|Kingambit, L50, M|\n|poke|p2|Froslass, L50, F|\n|poke|p2|Milotic, L50, F|\n|poke|p2|Sinistcha, L50|\n|poke|p2|Incineroar, L50, M|\n|poke|p2|Sneasler, L50, F|\n|poke|p2|Lycanroc-Dusk, L50, M|\n|teampreview|4\n|\n|t:|1776005330\n|teamsize|p1|4\n|teamsize|p2|4\n|start\n|switch|p1a: Sneasler|Sneasler, L50, F|100/100\n|switch|p1b: Kingambit|Kingambit, L50, M|100/100\n|switch|p2a: Snek Diva|Milotic, L50, F|100/100\n|switch|p2b: Nail Tech|Sneasler, L50, F|100/100\n|turn|1\n|inactive|Battle timer is ON: inactive players will automatically lose when time's up. (requested by kactiel)\n|\n|t:|1776005361\n|switch|p1b: Charizard|Charizard, L50, F|100/100\n|move|p2b: Nail Tech|Fake Out|p1b: Charizard\n|-damage|p1b: Charizard|84/100\n|move|p1a: Sneasler|Coaching|p1b: Charizard\n|-boost|p1b: Charizard|atk|1\n|-boost|p1b: Charizard|def|1\n|move|p2a: Snek Diva|Coil|p2a: Snek Diva\n|-boost|p2a: Snek Diva|atk|1\n|-boost|p2a: Snek Diva|def|1\n|-boost|p2a: Snek Diva|accuracy|1\n|\n|upkeep\n|turn|2\n|\n|t:|1776005379\n|move|p1b: Charizard|Protect|p1b: Charizard\n|-singleturn|p1b: Charizard|Protect\n|move|p2b: Nail Tech|Rock Slide|p1a: Sneasler|[spread] p1a\n|-activate|p1b: Charizard|move: Protect\n|-resisted|p1a: Sneasler|1\n|-damage|p1a: Sneasler|85/100\n|cant|p1a: Sneasler|flinch\n|move|p2a: Snek Diva|Hypnosis|p1a: Sneasler|[miss]\n|-miss|p2a: Snek Diva|p1a: Sneasler\n|\n|upkeep\n|turn|3\n|\n|t:|1776005397\n|detailschange|p1b: Charizard|Charizard-Mega-X, L50, F\n|-mega|p1b: Charizard|Charizard|Charizardite X\n|move|p1a: Sneasler|Dire Claw|p2a: Snek Diva\n|-damage|p2a: Snek Diva|76/100\n|move|p2b: Nail Tech|Rock Slide|p1a: Sneasler|[spread] p1a,p1b\n|-resisted|p1a: Sneasler|1\n|-supereffective|p1b: Charizard|1\n|-damage|p1a: Sneasler|69/100\n|-damage|p1b: Charizard|64/100\n|cant|p1b: Charizard|flinch\n|move|p2a: Snek Diva|Hypnosis|p1a: Sneasler|[miss]\n|-miss|p2a: Snek Diva|p1a: Sneasler\n|\n|-heal|p2a: Snek Diva|82/100|[from] item: Leftovers\n|upkeep\n|turn|4\n|\n|t:|1776005422\n|move|p1b: Charizard|Protect|p1b: Charizard\n|-singleturn|p1b: Charizard|Protect\n|move|p1a: Sneasler|Dire Claw|p2a: Snek Diva\n|-damage|p2a: Snek Diva|56/100\n|move|p2b: Nail Tech|Dire Claw|p1b: Charizard\n|-activate|p1b: Charizard|move: Protect\n|move|p2a: Snek Diva|Muddy Water|p1b: Charizard|[spread] p1a\n|-activate|p1b: Charizard|move: Protect\n|-damage|p1a: Sneasler|36/100\n|\n|-heal|p2a: Snek Diva|62/100|[from] item: Leftovers\n|upkeep\n|turn|5\n|\n|t:|1776005446\n|move|p1a: Sneasler|Coaching|p1b: Charizard\n|-boost|p1b: Charizard|atk|1\n|-boost|p1b: Charizard|def|1\n|move|p2b: Nail Tech|Rock Slide|p1a: Sneasler|[spread] p1a,p1b\n|-resisted|p1a: Sneasler|1\n|-crit|p1a: Sneasler\n|-supereffective|p1b: Charizard|1\n|-damage|p1a: Sneasler|9/100\n|-damage|p1b: Charizard|48/100\n|move|p1b: Charizard|Scale Shot|p2a: Snek Diva\n|-damage|p2a: Snek Diva|49/100\n|-damage|p2a: Snek Diva|34/100\n|-damage|p2a: Snek Diva|20/100\n|-damage|p2a: Snek Diva|5/100\n|-damage|p2a: Snek Diva|0 fnt\n|faint|p2a: Snek Diva\n|-hitcount|p2: Snek Diva|5\n|-unboost|p1b: Charizard|def|1\n|-boost|p1b: Charizard|spe|1\n|\n|upkeep\n|\n|t:|1776005468\n|switch|p2a: Fast Diva|Lycanroc-Dusk, L50, M|100/100\n|turn|6\n|\n|t:|1776005485\n|move|p1b: Charizard|Protect|p1b: Charizard\n|-singleturn|p1b: Charizard|Protect\n|move|p2a: Fast Diva|Rock Slide|p1a: Sneasler|[spread] p1a\n|-activate|p1b: Charizard|move: Protect\n|-resisted|p1a: Sneasler|1\n|-damage|p1a: Sneasler|0 fnt\n|faint|p1a: Sneasler\n|move|p2b: Nail Tech|Rock Slide|p1b: Charizard\n|-activate|p1b: Charizard|move: Protect\n|\n|upkeep\n|\n|t:|1776005494\n|switch|p1a: Rotom|Rotom-Wash, L50|100/100\n|turn|7\n|\n|t:|1776005505\n|move|p1b: Charizard|Scale Shot|p2a: Fast Diva\n|-damage|p2a: Fast Diva|62/100\n|-damage|p2a: Fast Diva|20/100\n|-damage|p2a: Fast Diva|0 fnt\n|faint|p2a: Fast Diva\n|-hitcount|p2: Fast Diva|3\n|-unboost|p1b: Charizard|def|1\n|-boost|p1b: Charizard|spe|1\n|move|p2b: Nail Tech|Dire Claw|p1a: Rotom\n|-damage|p1a: Rotom|58/100\n|-status|p1a: Rotom|psn\n|move|p1a: Rotom|Will-O-Wisp|p2b: Nail Tech\n|-status|p2b: Nail Tech|brn\n|\n|-damage|p1a: Rotom|46/100 psn|[from] psn\n|-damage|p2b: Nail Tech|95/100 brn|[from] brn\n|upkeep\n|-enditem|p1a: Rotom|Sitrus Berry|[eat]\n|-heal|p1a: Rotom|71/100 psn|[from] item: Sitrus Berry\n|\n|t:|1776005521\n|switch|p2a: Wig|Sinistcha, L50|100/100\n|-heal|p2b: Nail Tech|100/100 brn|[from] ability: Hospitality|[of] p2a: Wig\n|turn|8\n|\n|t:|1776005532\n|move|p1b: Charizard|Flare Blitz|p2a: Wig\n|-supereffective|p2a: Wig|1\n|-damage|p2a: Wig|0 fnt\n|faint|p2a: Wig\n|-damage|p1b: Charizard|22/100|[from] Recoil\n|move|p2b: Nail Tech|Rock Slide|p1b: Charizard|[spread] p1a,p1b\n|-supereffective|p1b: Charizard|1\n|-damage|p1a: Rotom|60/100 psn\n|-damage|p1b: Charizard|6/100\n|move|p1a: Rotom|Will-O-Wisp|p2b: Nail Tech\n|-fail|p2b: Nail Tech|brn\n|\n|-damage|p1a: Rotom|48/100 psn|[from] psn\n|-damage|p2b: Nail Tech|95/100 brn|[from] brn\n|upkeep\n|turn|9\n|\n|t:|1776005549\n|move|p1b: Charizard|Flare Blitz|p2b: Nail Tech\n|-damage|p2b: Nail Tech|0 fnt\n|faint|p2b: Nail Tech\n|-damage|p1b: Charizard|0 fnt|[from] Recoil\n|faint|p1b: Charizard\n|\n|win|soulo333\n|raw|soulo333's rating: 1287 &rarr; <strong>1318</strong><br />(+31 for winning)\n|raw|kactiel's rating: 1367 &rarr; <strong>1342</strong><br />(-25 for losing)\n",
  "uploadtime": 1776005549,
  "views": 38,
  "formatid": "gen9championsvgc2026regma",
  "rating": 1318,
  "private": 0,
  "password": null
}