{
  "id": "gen9championsvgc2026regma-2586944438",
  "format": "[Gen 9 Champions] VGC 2026 Reg M-A",
  "players": [
    "oilers4hockey",
    "tastytjuice"
  ],
  "log": "|j|\u2606oilers4hockey\n|j|\u2606tastytjuice\n|t:|1776474250\n|gametype|doubles\n|player|p1|oilers4hockey|ethan|1299\n|player|p2|tastytjuice|ethan|1321\n|gen|9\n|tier|[Gen 9 Champions] VGC 2026 Reg M-A\n|rated|\n|rule|Species Clause: Limit one of each Pok\u00e9mon\n|rule|Item Clause: Limit 1 of each item\n|clearpoke\n|poke|p1|Garchomp, L50, M|\n|poke|p1|Delphox, L50, F|\n|poke|p1|Sinistcha, L50|\n|poke|p1|Aerodactyl, L50, M|\n|poke|p1|Rotom-Wash, L50|\n|poke|p1|Froslass, L50, F|\n|poke|p2|Manectric, L50, M|\n|poke|p2|Garchomp, L50, M|\n|poke|p2|Incineroar, L50, M|\n|poke|p2|Rotom-Wash, L50|\n|poke|p2|Gengar, L50, F|\n|poke|p2|Basculegion, L50, M|\n|teampreview|4\n|inactive|Battle timer is ON: inactive players will automatically lose when time's up. (requested by oilers4hockey)\noilers4hockey rejected open team sheets.\n|inactive|tastytjuice has 60 seconds left.\n|\n|t:|1776474346\n|teamsize|p1|4\n|teamsize|p2|4\n|start\n|switch|p1a: Aerodactyl|Aerodactyl, L50, M|100/100\n|switch|p1b: Garchomp|Garchomp, L50, M|100/100\n|switch|p2a: Gengar|Gengar, L50, F|100/100\n|switch|p2b: Manectric|Manectric, L50, M, shiny|100/100\n|-ability|p1a: Aerodactyl|Unnerve\n|turn|1\n|\n|t:|1776474364\n|detailschange|p2b: Manectric|Manectric-Mega, L50, M, shiny\n|-mega|p2b: Manectric|Manectric|Manectite\n|-ability|p2b: Manectric|Intimidate|boost\n|-unboost|p1a: Aerodactyl|atk|1\n|-unboost|p1b: Garchomp|atk|1\n|move|p2b: Manectric|Volt Switch|p1a: Aerodactyl\n|-supereffective|p1a: Aerodactyl|1\n|-enditem|p1a: Aerodactyl|Focus Sash\n|-damage|p1a: Aerodactyl|1/100\n|\n|t:|1776474373\n|switch|p2b: Garchomp|Garchomp, L50, M|100/100|[from] Volt Switch\n|move|p1a: Aerodactyl|Tailwind|p1a: Aerodactyl\n|-sidestart|p1: oilers4hockey|move: Tailwind\n|move|p1b: Garchomp|Earthquake|p2a: Gengar|[spread] p2a,p2b\n|-immune|p1a: Aerodactyl\n|-supereffective|p2a: Gengar|1\n|-enditem|p2a: Gengar|Focus Sash\n|-damage|p2a: Gengar|1/100\n|-damage|p2b: Garchomp|66/100\n|move|p2a: Gengar|Trick Room|p2a: Gengar\n|-fieldstart|move: Trick Room|[of] p2a: Gengar\n|\n|upkeep\n|turn|2\n|\n|t:|1776474397\n|move|p1b: Garchomp|Protect|p1b: Garchomp\n|-singleturn|p1b: Garchomp|Protect\n|move|p1a: Aerodactyl|Protect|p1a: Aerodactyl\n|-singleturn|p1a: Aerodactyl|Protect\n|move|p2b: Garchomp|Dragon Claw|p1b: Garchomp\n|-activate|p1b: Garchomp|move: Protect\n|move|p2a: Gengar|Icy Wind|p1b: Garchomp|[spread] \n|-activate|p1a: Aerodactyl|move: Protect\n|-activate|p1b: Garchomp|move: Protect\n|\n|upkeep\n|turn|3\n|inactive|oilers4hockey has 30 seconds left.\n|inactive|oilers4hockey has 20 seconds left.\n|\n|t:|1776474432\n|switch|p1a: Delphox|Delphox, L50, F|100/100\n|move|p2b: Garchomp|Dragon Claw|p1b: Garchomp\n|-supereffective|p1b: Garchomp|1\n|-damage|p1b: Garchomp|19/100\n|-damage|p2b: Garchomp|53/100|[from] ability: Rough Skin|[of] p1b: Garchomp\n|move|p2a: Gengar|Icy Wind|p1b: Garchomp|[spread] p1a,p1b\n|-resisted|p1a: Delphox|1\n|-supereffective|p1b: Garchomp|2\n|-damage|p1a: Delphox|93/100\n|-damage|p1b: Garchomp|0 fnt\n|-unboost|p1a: Delphox|spe|1\n|faint|p1b: Garchomp\n|\n|upkeep\n|\n|t:|1776474449\n|switch|p1b: Aerodactyl|Aerodactyl, L50, M|1/100\n|-ability|p1b: Aerodactyl|Unnerve\n|turn|4\n|inactive|tastytjuice has 30 seconds left.\n|inactive|tastytjuice has 20 seconds left.\n|inactive|tastytjuice has 15 seconds left.\n|\n|t:|1776474493\n|switch|p2a: Manectric|Manectric-Mega, L50, M, shiny|100/100\n|-ability|p2a: Manectric|Intimidate|boost\n|-unboost|p1a: Delphox|atk|1\n|-unboost|p1b: Aerodactyl|atk|1\n|move|p1a: Delphox|Protect|p1a: Delphox\n|-singleturn|p1a: Delphox|Protect\n|move|p1b: Aerodactyl|Protect|p1b: Aerodactyl\n|-singleturn|p1b: Aerodactyl|Protect\n|move|p2b: Garchomp|Dragon Claw|p1b: Aerodactyl\n|-activate|p1b: Aerodactyl|move: Protect\n|\n|-sideend|p1: oilers4hockey|move: Tailwind\n|upkeep\n|turn|5\n|inactive|oilers4hockey has 30 seconds left.\n|\n|t:|1776474523\n|switch|p1a: Sinistcha|Sinistcha, L50|100/100\n|-heal|p1b: Aerodactyl|26/100|[from] ability: Hospitality|[of] p1a: Sinistcha\n|move|p2b: Garchomp|Dragon Claw|p1a: Sinistcha\n|-damage|p1a: Sinistcha|58/100\n|move|p1b: Aerodactyl|Tailwind|p1b: Aerodactyl\n|-sidestart|p1: oilers4hockey|move: Tailwind\n|move|p2a: Manectric|Discharge|p1a: Sinistcha|[spread] p1a,p1b\n|-immune|p2b: Garchomp\n|-resisted|p1a: Sinistcha|1\n|-supereffective|p1b: Aerodactyl|1\n|-damage|p1a: Sinistcha|43/100\n|-damage|p1b: Aerodactyl|0 fnt\n|-enditem|p1a: Sinistcha|Sitrus Berry|[eat]\n|-heal|p1a: Sinistcha|67/100|[from] item: Sitrus Berry\n|faint|p1b: Aerodactyl\n|\n|-fieldend|move: Trick Room\n|upkeep\n|\n|t:|1776474539\n|switch|p1b: Delphox|Delphox, L50, F|93/100\n|turn|6\n|\n|t:|1776474551\n|detailschange|p1b: Delphox|Delphox-Mega, L50, F\n|-mega|p1b: Delphox|Delphox|Delphoxite\n|move|p2a: Manectric|Protect|p2a: Manectric\n|-singleturn|p2a: Manectric|Protect\n|move|p2b: Garchomp|Protect|p2b: Garchomp\n|-singleturn|p2b: Garchomp|Protect\n|move|p1b: Delphox|Dazzling Gleam|p2b: Garchomp|[spread] \n|-activate|p2a: Manectric|move: Protect\n|-activate|p2b: Garchomp|move: Protect\n|move|p1a: Sinistcha|Matcha Gotcha|p2a: Manectric|[spread] \n|-activate|p2a: Manectric|move: Protect\n|-activate|p2b: Garchomp|move: Protect\n|\n|upkeep\n|turn|7\n|\n|t:|1776474568\n|switch|p2b: Gengar|Gengar, L50, F|1/100\n|move|p1b: Delphox|Dazzling Gleam|p2a: Manectric|[spread] p2a,p2b\n|-resisted|p2b: Gengar|1\n|-damage|p2a: Manectric|60/100\n|-damage|p2b: Gengar|0 fnt\n|faint|p2b: Gengar\n|move|p2a: Manectric|Volt Switch|p1a: Sinistcha\n|-resisted|p1a: Sinistcha|1\n|-damage|p1a: Sinistcha|50/100\n|\n|t:|1776474577\n|switch|p2a: Garchomp|Garchomp, L50, M|53/100|[from] Volt Switch\n|move|p1a: Sinistcha|Matcha Gotcha|p2a: Garchomp\n|-damage|p2a: Garchomp|19/100\n|-heal|p1a: Sinistcha|68/100|[from] drain|[of] p2a: Garchomp\n|\n|upkeep\n|\n|t:|1776474593\n|switch|p2b: Manectric|Manectric-Mega, L50, M, shiny|60/100\n|-ability|p2b: Manectric|Intimidate|boost\n|-unboost|p1a: Sinistcha|atk|1\n|-unboost|p1b: Delphox|atk|1\n|turn|8\n|\n|t:|1776474600\n|move|p2b: Manectric|Protect|p2b: Manectric\n|-singleturn|p2b: Manectric|Protect\n|move|p2a: Garchomp|Protect|p2a: Garchomp\n|-singleturn|p2a: Garchomp|Protect\n|move|p1b: Delphox|Calm Mind|p1b: Delphox\n|-boost|p1b: Delphox|spa|1\n|-boost|p1b: Delphox|spd|1\n|move|p1a: Sinistcha|Life Dew|p1a: Sinistcha|[spread] p1a,p1b\n|-heal|p1a: Sinistcha|94/100\n|-heal|p1b: Delphox|100/100\n|\n|-sideend|p1: oilers4hockey|move: Tailwind\n|upkeep\n|turn|9\n|\n|t:|1776474618\n|move|p1a: Sinistcha|Rage Powder|p1a: Sinistcha\n|-singleturn|p1a: Sinistcha|move: Rage Powder\n|move|p2b: Manectric|Flamethrower|p1a: Sinistcha\n|-supereffective|p1a: Sinistcha|1\n|-damage|p1a: Sinistcha|33/100\n|move|p1b: Delphox|Heat Wave|p2a: Garchomp|[spread] p2a,p2b\n|-resisted|p2a: Garchomp|1\n|-damage|p2a: Garchomp|0 fnt\n|-damage|p2b: Manectric|0 fnt\n|faint|p2a: Garchomp\n|faint|p2b: Manectric\n|\n|upkeep\n|c|\u2606oilers4hockey|LOL\n|\n|t:|1776474629\n|switch|p2b: Basculegion|Basculegion, L50, M|100/100\n|turn|10\n|c|\u2606oilers4hockey|you got cooked\n|\n|t:|1776474639\n|move|p1a: Sinistcha|Rage Powder|p1a: Sinistcha\n|-singleturn|p1a: Sinistcha|move: Rage Powder\n|move|p2b: Basculegion|Last Respects|p1a: Sinistcha\n|-supereffective|p1a: Sinistcha|1\n|-damage|p1a: Sinistcha|0 fnt\n|faint|p1a: Sinistcha\n|move|p1b: Delphox|Dazzling Gleam|p2b: Basculegion\n|-damage|p2b: Basculegion|36/100\n|\n|upkeep\n|turn|11\n|c|\u2606tastytjuice|did I?\n|c|\u2606oilers4hockey|wait a sec\n|c|\u2606oilers4hockey|LOL\n|\n|t:|1776474659\n|move|p1b: Delphox|Protect|p1b: Delphox\n|-singleturn|p1b: Delphox|Protect\n|move|p2b: Basculegion|Last Respects|p1b: Delphox\n|-activate|p1b: Delphox|move: Protect\n|\n|upkeep\n|turn|12\n|c|\u2606tastytjuice|LMAO\n|\n|t:|1776474667\n|move|p2b: Basculegion|Last Respects|p1b: Delphox\n|-supereffective|p1b: Delphox|1\n|-crit|p1b: Delphox\n|-damage|p1b: Delphox|0 fnt\n|faint|p1b: Delphox\n|\n|win|tastytjuice\n|raw|oilers4hockey's rating: 1299 &rarr; <strong>1276</strong><br />(-23 for losing)\n|raw|tastytjuice's rating: 1321 &rarr; <strong>1340</strong><br />(+19 for winning)\n|c|\u2606tastytjuice|ggs\n|l|\u2606oilers4hockey\n|player|p1|\n",
  "uploadtime": 1776474698,
  "views": 42,
  "formatid": "gen9championsvgc2026regma",
  "rating": 1276,
  "private": 0,
  "password": null
}