{
  "id": "gen9championsvgc2026regma-2586022842",
  "format": "[Gen 9 Champions] VGC 2026 Reg M-A",
  "players": [
    "gilgabro",
    "25th_mang"
  ],
  "log": "|j|\u2606gilgabro\n|j|\u260625th_mang\n|t:|1776391180\n|gametype|doubles\n|player|p1|gilgabro|backpackerf|1278\n|player|p2|25th_mang|ballguy|1314\n|gen|9\n|tier|[Gen 9 Champions] VGC 2026 Reg M-A\n|rated|\n|rule|Species Clause: Limit one of each Pok\u00e9mon\n|rule|Item Clause: Limit 1 of each item\n|clearpoke\n|poke|p1|Tinkaton, L50, F|\n|poke|p1|Glimmora, L50, F|\n|poke|p1|Noivern, L50, M|\n|poke|p1|Incineroar, L50, F|\n|poke|p1|Kommo-o, L50, F|\n|poke|p1|Rotom-Wash, L50|\n|poke|p2|Crabominable, L50, M|\n|poke|p2|Farigiraf, L50, F|\n|poke|p2|Incineroar, L50, F|\n|poke|p2|Archaludon, L50, M|\n|poke|p2|Pelipper, L50, F|\n|poke|p2|Sinistcha, L50|\n|teampreview|4\n|inactive|Battle timer is ON: inactive players will automatically lose when time's up. (requested by 25th_mang)\n|inactive|25th_mang has 60 seconds left.\n|\n|t:|1776391235\n|teamsize|p1|4\n|teamsize|p2|4\n|start\n|switch|p1a: Tinkaton|Tinkaton, L50, F|100/100\n|switch|p1b: Glimmora|Glimmora, L50, F|100/100\n|switch|p2a: Roar|Incineroar, L50, F|100/100\n|switch|p2b: My Direction|Sinistcha, L50|100/100\n|-ability|p1a: Tinkaton|Mold Breaker\n|-ability|p2a: Roar|Intimidate|boost\n|-unboost|p1a: Tinkaton|atk|1\n|-unboost|p1b: Glimmora|atk|1\n|turn|1\n|\n|t:|1776391255\n|detailschange|p1b: Glimmora|Glimmora-Mega, L50, F\n|-mega|p1b: Glimmora|Glimmora|Glimmoranite\n|move|p1a: Tinkaton|Helping Hand|p1b: Glimmora\n|-singleturn|p1b: Glimmora|Helping Hand|[of] p1a: Tinkaton\n|move|p1b: Glimmora|Power Gem|p2a: Roar\n|-supereffective|p2a: Roar|1\n|-damage|p2a: Roar|0 fnt\n|faint|p2a: Roar\n|move|p2b: My Direction|Trick Room|p2b: My Direction\n|-fieldstart|move: Trick Room|[of] p2b: My Direction\n|\n|upkeep\n|inactive|25th_mang has 30 seconds left.\n|\n|t:|1776391281\n|switch|p2a: Hockey Reference|Crabominable, L50, M|100/100\n|turn|2\n|\n|t:|1776391300\n|detailschange|p2a: Hockey Reference|Crabominable-Mega, L50, M\n|-mega|p2a: Hockey Reference|Crabominable|Crabominite\n|move|p1a: Tinkaton|Helping Hand|p1b: Glimmora\n|-singleturn|p1b: Glimmora|Helping Hand|[of] p1a: Tinkaton\n|move|p2b: My Direction|Rage Powder|p2b: My Direction\n|-singleturn|p2b: My Direction|move: Rage Powder\n|move|p2a: Hockey Reference|Ice Hammer|p1b: Glimmora\n|-damage|p1b: Glimmora|12/100\n|-unboost|p2a: Hockey Reference|spe|1\n|move|p1b: Glimmora|Sludge Wave|p2a: Hockey Reference|[spread] p2a,p2b\n|-immune|p1a: Tinkaton\n|-damage|p2a: Hockey Reference|31/100\n|-damage|p2b: My Direction|2/100\n|-enditem|p2b: My Direction|Sitrus Berry|[eat]\n|-heal|p2b: My Direction|26/100|[from] item: Sitrus Berry\n|\n|upkeep\n|turn|3\n|\n|t:|1776391322\n|move|p1b: Glimmora|Spiky Shield|p1b: Glimmora\n|-singleturn|p1b: Glimmora|move: Protect\n|move|p2a: Hockey Reference|Drain Punch|p1a: Tinkaton\n|-damage|p1a: Tinkaton|52/100\n|-heal|p2a: Hockey Reference|55/100|[from] drain|[of] p1a: Tinkaton\n|move|p2b: My Direction|Matcha Gotcha|p1b: Glimmora|[spread] p1a\n|-activate|p1b: Glimmora|move: Protect\n|-resisted|p1a: Tinkaton|1\n|-crit|p1a: Tinkaton\n|-damage|p1a: Tinkaton|34/100\n|-heal|p2b: My Direction|36/100|[from] drain|[of] p1a: Tinkaton\n|move|p1a: Tinkaton|Gigaton Hammer|p2a: Hockey Reference\n|-supereffective|p2a: Hockey Reference|1\n|-damage|p2a: Hockey Reference|15/100\n|\n|-heal|p1a: Tinkaton|40/100|[from] item: Leftovers\n|upkeep\n|turn|4\n|\n|t:|1776391346\n|move|p1a: Tinkaton|Helping Hand|p1b: Glimmora\n|-singleturn|p1b: Glimmora|Helping Hand|[of] p1a: Tinkaton\n|move|p2a: Hockey Reference|Drain Punch|p1a: Tinkaton\n|-damage|p1a: Tinkaton|0 fnt\n|-heal|p2a: Hockey Reference|34/100|[from] drain|[of] p1a: Tinkaton\n|faint|p1a: Tinkaton\n|move|p2b: My Direction|Matcha Gotcha|p1b: Glimmora\n|-damage|p1b: Glimmora|0 fnt\n|-heal|p2b: My Direction|42/100|[from] drain|[of] p1b: Glimmora\n|faint|p1b: Glimmora\n|\n|upkeep\n|\n|t:|1776391349\n|switch|p1a: Kommo-o|Kommo-o, L50, F|100/100\n|switch|p1b: Rotom|Rotom-Wash, L50|100/100\n|turn|5\n|\n|t:|1776391370\n|move|p1a: Kommo-o|Protect|p1a: Kommo-o\n|-singleturn|p1a: Kommo-o|Protect\n|move|p2a: Hockey Reference|Drain Punch|p1b: Rotom\n|-damage|p1b: Rotom|24/100\n|-heal|p2a: Hockey Reference|58/100|[from] drain|[of] p1b: Rotom\n|move|p2b: My Direction|Matcha Gotcha|p1a: Kommo-o|[spread] p1b\n|-activate|p1a: Kommo-o|move: Protect\n|-supereffective|p1b: Rotom|1\n|-damage|p1b: Rotom|0 fnt\n|-heal|p2b: My Direction|50/100|[from] drain|[of] p1b: Rotom\n|faint|p1b: Rotom\n|\n|-fieldend|move: Trick Room\n|upkeep\n|turn|6\n|\n|t:|1776391390\n|move|p1a: Kommo-o|Clanging Scales|p2a: Hockey Reference|[spread] p2a,p2b\n|-damage|p2a: Hockey Reference|22/100\n|-damage|p2b: My Direction|3/100\n|-unboost|p1a: Kommo-o|def|1\n|move|p2b: My Direction|Life Dew|p2b: My Direction|[spread] p2a,p2b\n|-heal|p2a: Hockey Reference|47/100\n|-heal|p2b: My Direction|28/100\n|move|p2a: Hockey Reference|Ice Hammer|p1a: Kommo-o\n|-supereffective|p1a: Kommo-o|1\n|-damage|p1a: Kommo-o|0 fnt\n|-unboost|p2a: Hockey Reference|spe|1\n|faint|p1a: Kommo-o\n|\n|win|25th_mang\n|raw|gilgabro's rating: 1278 &rarr; <strong>1256</strong><br />(-22 for losing)\n|raw|25th_mang's rating: 1314 &rarr; <strong>1332</strong><br />(+18 for winning)\n|l|\u2606gilgabro\n|player|p1|\n",
  "uploadtime": 1776391394,
  "views": 25,
  "formatid": "gen9championsvgc2026regma",
  "rating": 1256,
  "private": 0,
  "password": null
}