{
  "id": "gen9championsvgc2026regma-2587903674",
  "format": "[Gen 9 Champions] VGC 2026 Reg M-A",
  "players": [
    "Kaiser Yoichi",
    "Stephantus"
  ],
  "log": "|j|\u2606Kaiser Yoichi\n|j|\u2606Stephantus\n|t:|1776576913\n|gametype|doubles\n|player|p1|Kaiser Yoichi|lance|1000\n|player|p2|Stephantus|miku-ghost|1002\n|gen|9\n|tier|[Gen 9 Champions] VGC 2026 Reg M-A\n|rated|\n|rule|Species Clause: Limit one of each Pok\u00e9mon\n|rule|Item Clause: Limit 1 of each item\n|clearpoke\n|poke|p1|Crabominable, L50, M|\n|poke|p1|Farigiraf, L50, M|\n|poke|p1|Incineroar, L50, M|\n|poke|p1|Sinistcha-Masterpiece, L50|\n|poke|p1|Aerodactyl, L50, F, shiny|\n|poke|p1|Sneasler, L50, F, shiny|\n|poke|p2|Aggron, L50, M|\n|poke|p2|Beedrill, L50, M, shiny|\n|poke|p2|Ariados, L50, M, shiny|\n|poke|p2|Incineroar, L50, M|\n|poke|p2|Rotom-Wash, L50|\n|poke|p2|Whimsicott, L50, F, shiny|\n|teampreview|4\n|\n|t:|1776576939\n|teamsize|p1|4\n|teamsize|p2|4\n|start\n|switch|p1a: Incineroar|Incineroar, L50, M|100/100\n|switch|p1b: Farigiraf|Farigiraf, L50, M|100/100\n|switch|p2a: Incineroar|Incineroar, L50, M|100/100\n|switch|p2b: Whimsicott|Whimsicott, L50, F, shiny|100/100\n|-ability|p2a: Incineroar|Intimidate|boost\n|-unboost|p1a: Incineroar|atk|1\n|-unboost|p1b: Farigiraf|atk|1\n|-ability|p1a: Incineroar|Intimidate|boost\n|-unboost|p2a: Incineroar|atk|1\n|-unboost|p2b: Whimsicott|atk|1\n|turn|1\n|\n|t:|1776576973\n|move|p2b: Whimsicott|Protect|p2b: Whimsicott\n|-singleturn|p2b: Whimsicott|Protect\n|move|p1b: Farigiraf|Protect|p1b: Farigiraf\n|-singleturn|p1b: Farigiraf|Protect\n|move|p1a: Incineroar|Protect|p1a: Incineroar\n|-singleturn|p1a: Incineroar|Protect\n|move|p2a: Incineroar|Fake Out||[still]\n|cant|p1b: Farigiraf|ability: Armor Tail|Fake Out|[of] p2a: Incineroar\n|\n|upkeep\n|turn|2\n|\n|t:|1776576992\n|move|p2b: Whimsicott|Tailwind|p2b: Whimsicott\n|-sidestart|p2: Stephantus|move: Tailwind\n|move|p2a: Incineroar|Throat Chop|p1b: Farigiraf\n|-supereffective|p1b: Farigiraf|1\n|-damage|p1b: Farigiraf|64/100\n|-start|p1b: Farigiraf|Throat Chop|[silent]\n|move|p1a: Incineroar|Parting Shot|p2a: Incineroar\n|-unboost|p2a: Incineroar|atk|1\n|-unboost|p2a: Incineroar|spa|1\n|\n|t:|1776577001\n|switch|p1a: Crabominable|Crabominable, L50, M|100/100|[from] Parting Shot\n|move|p1b: Farigiraf|Trick Room|p1b: Farigiraf\n|-fieldstart|move: Trick Room|[of] p1b: Farigiraf\n|\n|upkeep\n|turn|3\n|\n|t:|1776577028\n|detailschange|p1a: Crabominable|Crabominable-Mega, L50, M\n|-mega|p1a: Crabominable|Crabominable|Crabominite\n|move|p1b: Farigiraf|Helping Hand|p1a: Crabominable\n|-singleturn|p1a: Crabominable|Helping Hand|[of] p1b: Farigiraf\n|move|p2b: Whimsicott|Protect|p2b: Whimsicott\n|-singleturn|p2b: Whimsicott|Protect\n|move|p1a: Crabominable|Drain Punch|p2a: Incineroar\n|-supereffective|p2a: Incineroar|1\n|-damage|p2a: Incineroar|0 fnt\n|faint|p2a: Incineroar\n|\n|-end|p1b: Farigiraf|Throat Chop|[silent]\n|upkeep\n|\n|t:|1776577045\n|switch|p2a: Rotom|Rotom-Wash, L50|100/100\n|turn|4\n|\n|t:|1776577053\n|move|p1b: Farigiraf|Helping Hand|p1a: Crabominable\n|-singleturn|p1a: Crabominable|Helping Hand|[of] p1b: Farigiraf\n|move|p2a: Rotom|Protect|p2a: Rotom\n|-singleturn|p2a: Rotom|Protect\n|move|p1a: Crabominable|Ice Punch|p2b: Whimsicott\n|-supereffective|p2b: Whimsicott|1\n|-damage|p2b: Whimsicott|0 fnt\n|faint|p2b: Whimsicott\n|\n|upkeep\n|\n|t:|1776577063\n|switch|p2b: I Do Not|Beedrill, L50, M, shiny|100/100\n|turn|5\n|\n|t:|1776577082\n|detailschange|p2b: I Do Not|Beedrill-Mega, L50, M, shiny\n|-mega|p2b: I Do Not|Beedrill|Beedrillite\n|move|p1b: Farigiraf|Helping Hand|p1a: Crabominable\n|-singleturn|p1a: Crabominable|Helping Hand|[of] p1b: Farigiraf\n|move|p2a: Rotom|Protect|p2a: Rotom\n|-singleturn|p2a: Rotom|Protect\n|move|p1a: Crabominable|Ice Punch|p2b: I Do Not\n|-damage|p2b: I Do Not|0 fnt\n|faint|p2b: I Do Not\n|\n|-sideend|p2: Stephantus|move: Tailwind\n|upkeep\n|turn|6\n|-message|Stephantus forfeited.\n|\n|win|Kaiser Yoichi\n|raw|Kaiser Yoichi's rating: 1000 &rarr; <strong>1040</strong><br />(+40 for winning)\n|raw|Stephantus's rating: 1002 &rarr; <strong>1000</strong><br />(-2 for losing)\n|l|\u2606Stephantus\n|player|p2|\n",
  "uploadtime": 1776577097,
  "views": 10,
  "formatid": "gen9championsvgc2026regma",
  "rating": 1000,
  "private": 0,
  "password": null
}