{
  "id": "gen9championsvgc2026regma-2584828105",
  "format": "[Gen 9 Champions] VGC 2026 Reg M-A",
  "players": [
    "Taiyougestu",
    "pangwino"
  ],
  "log": "|j|\u2606Taiyougestu\n|j|\u2606pangwino\n|t:|1776286757\n|gametype|doubles\n|player|p1|Taiyougestu|170|1000\n|player|p2|pangwino|101|1000\n|gen|9\n|tier|[Gen 9 Champions] VGC 2026 Reg M-A\n|rated|\n|rule|Species Clause: Limit one of each Pok\u00e9mon\n|rule|Item Clause: Limit 1 of each item\n|clearpoke\n|poke|p1|Incineroar, L50, F|\n|poke|p1|Primarina, L50, M|\n|poke|p1|Oranguru, L50, F|\n|poke|p1|Sneasler, L50, F|\n|poke|p1|Golurk, L50|\n|poke|p1|Meganium, L50, F|\n|poke|p2|Excadrill, L50, F|\n|poke|p2|Tyranitar, L50, F|\n|poke|p2|Hydrapple, L50, M|\n|poke|p2|Whimsicott, L50, F|\n|poke|p2|Starmie, L50|\n|poke|p2|Alakazam, L50, F|\n|teampreview|4\n|\n|t:|1776286782\n|teamsize|p1|4\n|teamsize|p2|4\n|start\n|switch|p1a: Primarina|Primarina, L50, M|100/100\n|switch|p1b: Oranguru|Oranguru, L50, F|100/100\n|switch|p2a: Excadrill|Excadrill, L50, F|100/100\n|switch|p2b: Tyranitar|Tyranitar, L50, F|100/100\n|-weather|Sandstorm|[from] ability: Sand Stream|[of] p2b: Tyranitar\n|turn|1\n|\n|t:|1776286820\n|switch|p2b: Alakazam|Alakazam, L50, F|100/100\n|move|p1b: Oranguru|Protect|p1b: Oranguru\n|-singleturn|p1b: Oranguru|Protect\n|move|p2a: Excadrill|Iron Head|p1a: Primarina\n|-damage|p1a: Primarina|50/100\n|cant|p1a: Primarina|flinch\n|\n|-weather|Sandstorm|[upkeep]\n|-damage|p2b: Alakazam|94/100|[from] Sandstorm\n|-damage|p1a: Primarina|44/100|[from] Sandstorm\n|-damage|p1b: Oranguru|94/100|[from] Sandstorm\n|-heal|p1b: Oranguru|100/100|[from] item: Leftovers\n|upkeep\n|turn|2\n|\n|t:|1776286843\n|move|p1a: Primarina|Protect|p1a: Primarina\n|-singleturn|p1a: Primarina|Protect\n|move|p2a: Excadrill|Rock Slide|p1b: Oranguru|[spread] p1b\n|-activate|p1a: Primarina|move: Protect\n|-damage|p1b: Oranguru|81/100\n|move|p2b: Alakazam|Energy Ball|p1a: Primarina\n|-activate|p1a: Primarina|move: Protect\n|move|p1b: Oranguru|Yawn|p2a: Excadrill\n|-start|p2a: Excadrill|move: Yawn|[of] p1b: Oranguru\n|\n|-weather|Sandstorm|[upkeep]\n|-damage|p2b: Alakazam|88/100|[from] Sandstorm\n|-damage|p1a: Primarina|38/100|[from] Sandstorm\n|-damage|p1b: Oranguru|75/100|[from] Sandstorm\n|-heal|p1b: Oranguru|81/100|[from] item: Leftovers\n|upkeep\n|turn|3\n|\n|t:|1776286872\n|switch|p2a: Tyranitar|Tyranitar, L50, F|100/100\n|switch|p1a: Incineroar|Incineroar, L50, F|100/100\n|-ability|p1a: Incineroar|Intimidate|boost\n|-unboost|p2a: Tyranitar|atk|1\n|-fail|p2b: Alakazam|unboost|Attack|[from] ability: Inner Focus|[of] p2b: Alakazam\n|move|p1b: Oranguru|Protect|p1b: Oranguru\n|-singleturn|p1b: Oranguru|Protect\n|move|p2b: Alakazam|Energy Ball|p1a: Incineroar\n|-resisted|p1a: Incineroar|1\n|-damage|p1a: Incineroar|87/100\n|\n|-weather|Sandstorm|[upkeep]\n|-damage|p2b: Alakazam|82/100|[from] Sandstorm\n|-damage|p1a: Incineroar|81/100|[from] Sandstorm\n|-damage|p1b: Oranguru|75/100|[from] Sandstorm\n|-heal|p1b: Oranguru|81/100|[from] item: Leftovers\n|upkeep\n|turn|4\n|\n|t:|1776286899\n|detailschange|p2a: Tyranitar|Tyranitar-Mega, L50, F\n|-mega|p2a: Tyranitar|Tyranitar|Tyranitarite\n|move|p1a: Incineroar|Fake Out|p2a: Tyranitar\n|-resisted|p2a: Tyranitar|1\n|-damage|p2a: Tyranitar|97/100\n|move|p2b: Alakazam|Speed Swap|p2a: Tyranitar\n|-activate|p2b: Alakazam|move: Speed Swap|[of] p2a: Tyranitar\n|cant|p2a: Tyranitar|flinch\n|move|p1b: Oranguru|Yawn|p2b: Alakazam\n|-start|p2b: Alakazam|move: Yawn|[of] p1b: Oranguru\n|\n|-weather|Sandstorm|[upkeep]\n|-damage|p2b: Alakazam|76/100|[from] Sandstorm\n|-damage|p1b: Oranguru|75/100|[from] Sandstorm\n|-damage|p1a: Incineroar|75/100|[from] Sandstorm\n|-heal|p1b: Oranguru|81/100|[from] item: Leftovers\n|upkeep\n|turn|5\n|\n|t:|1776286932\n|switch|p2b: Excadrill|Excadrill, L50, F|100/100\n|switch|p1b: Primarina|Primarina, L50, M|38/100\n|move|p2a: Tyranitar|Crunch|p1b: Primarina\n|-resisted|p1b: Primarina|1\n|-damage|p1b: Primarina|13/100\n|move|p1a: Incineroar|Darkest Lariat|p2b: Excadrill\n|-damage|p2b: Excadrill|45/100\n|\n|-weather|none\n|upkeep\n|turn|6\n|\n|t:|1776286950\n|move|p2b: Excadrill|Protect|p2b: Excadrill\n|-singleturn|p2b: Excadrill|Protect\n|move|p2a: Tyranitar|Earthquake|p1a: Incineroar|[spread] p1a,p1b\n|-activate|p2b: Excadrill|move: Protect\n|-supereffective|p1a: Incineroar|1\n|-damage|p1a: Incineroar|38/100\n|-damage|p1b: Primarina|0 fnt\n|-enditem|p1a: Incineroar|Sitrus Berry|[eat]\n|-heal|p1a: Incineroar|62/100|[from] item: Sitrus Berry\n|faint|p1b: Primarina\n|move|p1a: Incineroar|Flare Blitz|p2b: Excadrill\n|-activate|p2b: Excadrill|move: Protect\n|\n|upkeep\n|\n|t:|1776286953\n|switch|p1b: Sneasler|Sneasler, L50, F|100/100\n|turn|7\n|\n|t:|1776286980\n|move|p2b: Excadrill|Protect||[still]\n|-fail|p2b: Excadrill\n|move|p1b: Sneasler|Fake Out|p2b: Excadrill\n|-resisted|p2b: Excadrill|1\n|-damage|p2b: Excadrill|34/100\n|move|p2a: Tyranitar|Earthquake|p1a: Incineroar|[spread] p2b,p1a,p1b\n|-supereffective|p2b: Excadrill|1\n|-supereffective|p1a: Incineroar|1\n|-supereffective|p1b: Sneasler|1\n|-damage|p2b: Excadrill|0 fnt\n|-damage|p1a: Incineroar|27/100\n|-damage|p1b: Sneasler|27/100\n|faint|p2b: Excadrill\n|move|p1a: Incineroar|Flare Blitz|p2a: Tyranitar\n|-resisted|p2a: Tyranitar|1\n|-damage|p2a: Tyranitar|78/100\n|-status|p2a: Tyranitar|brn\n|-damage|p1a: Incineroar|20/100|[from] Recoil\n|\n|-damage|p2a: Tyranitar|72/100 brn|[from] brn\n|upkeep\n|\n|t:|1776287001\n|switch|p2b: Alakazam|Alakazam, L50, F|76/100\n|turn|8\n|\n|t:|1776287011\n|move|p2a: Tyranitar|Earthquake|p1b: Sneasler|[spread] p2b,p1a,p1b\n|-supereffective|p1a: Incineroar|1\n|-supereffective|p1b: Sneasler|1\n|-damage|p2b: Alakazam|60/100\n|-damage|p1a: Incineroar|1/100\n|-damage|p1b: Sneasler|0 fnt\n|faint|p1b: Sneasler\n|move|p2b: Alakazam|Psychic|p1a: Incineroar\n|-immune|p1a: Incineroar\n|move|p1a: Incineroar|Darkest Lariat|p2b: Alakazam\n|-supereffective|p2b: Alakazam|1\n|-damage|p2b: Alakazam|0 fnt\n|faint|p2b: Alakazam\n|\n|-damage|p2a: Tyranitar|66/100 brn|[from] brn\n|upkeep\n|\n|t:|1776287023\n|switch|p2b: Hydrapple|Hydrapple, L50, M|100/100\n|switch|p1b: Oranguru|Oranguru, L50, F|81/100\n|-ability|p2b: Hydrapple|Supersweet Syrup\n|-unboost|p1a: Incineroar|evasion|1\n|-unboost|p1b: Oranguru|evasion|1\n|turn|9\n|\n|t:|1776287034\n|move|p2a: Tyranitar|Earthquake|p1b: Oranguru|[spread] p2b,p1a,p1b\n|-resisted|p2b: Hydrapple|1\n|-crit|p2b: Hydrapple\n|-supereffective|p1a: Incineroar|1\n|-damage|p2b: Hydrapple|91/100\n|-damage|p1a: Incineroar|0 fnt\n|-damage|p1b: Oranguru|70/100\n|faint|p1a: Incineroar\n|move|p1b: Oranguru|Instruct|p1: Incineroar|[notarget]\n|-fail|p1b: Oranguru\n|move|p2b: Hydrapple|Pollen Puff|p2a: Tyranitar\n|-heal|p2a: Tyranitar|100/100 brn\n|\n|-heal|p1b: Oranguru|76/100|[from] item: Leftovers\n|-damage|p2a: Tyranitar|95/100 brn|[from] brn\n|upkeep\n|turn|10\n|\n|t:|1776287051\n|move|p2a: Tyranitar|Crunch|p1b: Oranguru\n|-supereffective|p1b: Oranguru|1\n|-damage|p1b: Oranguru|37/100\n|-unboost|p1b: Oranguru|def|1\n|move|p1b: Oranguru|Instruct|p2b: Hydrapple\n|-singleturn|p2b: Hydrapple|move: Instruct|[of] p1b: Oranguru\n|move|p2b: Hydrapple|Pollen Puff|p2a: Tyranitar\n|-heal|p2a: Tyranitar|100/100 brn\n|move|p2b: Hydrapple|Yawn|p1b: Oranguru\n|-start|p1b: Oranguru|move: Yawn|[of] p2b: Hydrapple\n|\n|-heal|p1b: Oranguru|43/100|[from] item: Leftovers\n|-damage|p2a: Tyranitar|95/100 brn|[from] brn\n|upkeep\n|turn|11\n|\n|t:|1776287071\n|move|p2a: Tyranitar|Crunch|p1b: Oranguru\n|-supereffective|p1b: Oranguru|1\n|-damage|p1b: Oranguru|0 fnt\n|faint|p1b: Oranguru\n|\n|win|pangwino\n|raw|Taiyougestu's rating: 1000 &rarr; <strong>1000</strong><br />(+0 for losing)\n|raw|pangwino's rating: 1000 &rarr; <strong>1040</strong><br />(+40 for winning)\n",
  "uploadtime": 1776287073,
  "views": 19,
  "formatid": "gen9championsvgc2026regma",
  "rating": 1000,
  "private": 0,
  "password": null
}