{
  "id": "gen9championsvgc2026regma-2589521636",
  "format": "[Gen 9 Champions] VGC 2026 Reg M-A",
  "players": [
    "Nicargodx",
    "xSV~NXTx"
  ],
  "log": "|j|\u2606Nicargodx\n|j|\u2606xSV~NXTx\n|t:|1776730581\n|gametype|doubles\n|player|p1|Nicargodx|266|1214\n|player|p2|xSV~NXTx|caitlin|1120\n|gen|9\n|tier|[Gen 9 Champions] VGC 2026 Reg M-A\n|rated|\n|rule|Species Clause: Limit one of each Pok\u00e9mon\n|rule|Item Clause: Limit 1 of each item\n|clearpoke\n|poke|p1|Dragonite, L50, F|\n|poke|p1|Pelipper, L50, F|\n|poke|p1|Snorlax, L50, F|\n|poke|p1|Sneasler, L50, M|\n|poke|p1|Archaludon, L50, F|\n|poke|p1|Feraligatr, L50, F|\n|poke|p2|Floette-Eternal, L50, F|\n|poke|p2|Maushold, L50|\n|poke|p2|Garchomp, L50, F|\n|poke|p2|Talonflame, L50, M|\n|poke|p2|Rotom-Wash, L50|\n|poke|p2|Aegislash, L50, M|\n|teampreview|4\n|inactive|Battle timer is ON: inactive players will automatically lose when time's up. (requested by Nicargodx)\nNicargodx rejected open team sheets.\n|\n|t:|1776730606\n|teamsize|p1|4\n|teamsize|p2|4\n|start\n|switch|p1a: Sneasler|Sneasler, L50, M|100/100\n|switch|p1b: Dragonite|Dragonite, L50, F|100/100\n|switch|p2a: Floette|Floette-Eternal, L50, F|100/100\n|switch|p2b: Talonflame|Talonflame, L50, M|100/100\n|turn|1\n|\n|t:|1776730621\n|detailschange|p1b: Dragonite|Dragonite-Mega, L50, F\n|-mega|p1b: Dragonite|Dragonite|Dragoninite\n|move|p2b: Talonflame|Protect|p2b: Talonflame\n|-singleturn|p2b: Talonflame|Protect\n|move|p2a: Floette|Protect|p2a: Floette\n|-singleturn|p2a: Floette|Protect\n|move|p1a: Sneasler|Fake Out|p2a: Floette\n|-activate|p2a: Floette|move: Protect\n|move|p1b: Dragonite|Tailwind|p1b: Dragonite\n|-sidestart|p1: Nicargodx|move: Tailwind\n|\n|upkeep\n|turn|2\n|\n|t:|1776730635\n|detailschange|p2a: Floette|Floette-Mega, L50, F\n|-mega|p2a: Floette|Floette|Floettite\n|-ability|p2a: Floette|Fairy Aura\n|move|p2b: Talonflame|Tailwind|p2b: Talonflame\n|-sidestart|p2: xSV~NXTx|move: Tailwind\n|move|p1a: Sneasler|Dire Claw|p2a: Floette\n|-supereffective|p2a: Floette|1\n|-damage|p2a: Floette|4/100\n|move|p1b: Dragonite|Dragon Claw|p2b: Talonflame\n|-damage|p2b: Talonflame|34/100\n|move|p2a: Floette|Moonblast|p1b: Dragonite\n|-supereffective|p1b: Dragonite|1\n|-damage|p1b: Dragonite|39/100\n|\n|upkeep\n|turn|3\n|inactive|Nicargodx has 30 seconds left.\n|inactive|Nicargodx has 20 seconds left.\n|\n|t:|1776730672\n|switch|p1b: Archaludon|Archaludon, L50, F|100/100\n|move|p2a: Floette|Protect|p2a: Floette\n|-singleturn|p2a: Floette|Protect\n|move|p2b: Talonflame|Acrobatics|p1a: Sneasler\n|-supereffective|p1a: Sneasler|1\n|-crit|p1a: Sneasler\n|-damage|p1a: Sneasler|0 fnt\n|faint|p1a: Sneasler\n|\n|upkeep\n|c|\u2606Nicargodx|wowowowo\n|\n|t:|1776730687\n|switch|p1a: Pelipper|Pelipper, L50, F|100/100\n|-weather|RainDance|[from] ability: Drizzle|[of] p1a: Pelipper\n|turn|4\n|c|\u2606xSV~NXTx|what\n|c|\u2606Nicargodx|the critical\n|inactive|xSV~NXTx has 30 seconds left.\n|c|\u2606xSV~NXTx|oh that crit didnt matter\n|c|\u2606xSV~NXTx|i have no item on talon\n|inactive|xSV~NXTx has 20 seconds left.\n|\n|t:|1776730723\n|move|p2b: Talonflame|Protect|p2b: Talonflame\n|-singleturn|p2b: Talonflame|Protect\n|move|p1b: Archaludon|Protect|p1b: Archaludon\n|-singleturn|p1b: Archaludon|Protect\n|move|p2a: Floette|Moonblast|p1b: Archaludon\n|-activate|p1b: Archaludon|move: Protect\n|move|p1a: Pelipper|Chilling Water|p2b: Talonflame\n|-activate|p2b: Talonflame|move: Protect\n|\n|-weather|RainDance|[upkeep]\n|-sideend|p1: Nicargodx|move: Tailwind\n|upkeep\n|turn|5\n|c|\u2606Nicargodx|its 32 speed the talonflame?\n|c|\u2606xSV~NXTx|ye max attack\n|inactive|Nicargodx has 30 seconds left.\n|\n|t:|1776730750\n|switch|p2b: Rotom|Rotom-Wash, L50|100/100\n|move|p2a: Floette|Moonblast|p1b: Archaludon\n|-damage|p1b: Archaludon|0 fnt\n|faint|p1b: Archaludon\n|move|p1a: Pelipper|Chilling Water|p2b: Rotom\n|-resisted|p2b: Rotom|1\n|-damage|p2b: Rotom|81/100\n|-unboost|p2b: Rotom|atk|1\n|\n|-weather|RainDance|[upkeep]\n|-sideend|p2: xSV~NXTx|move: Tailwind\n|upkeep\n|c|\u2606xSV~NXTx|it was always killing\n|\n|t:|1776730756\n|switch|p1b: Dragonite|Dragonite-Mega, L50, F|39/100\n|turn|6\n|c|\u2606Nicargodx|what a damage\n|inactive|xSV~NXTx has 30 seconds left.\n|\n|t:|1776730783\n|move|p1b: Dragonite|Protect|p1b: Dragonite\n|-singleturn|p1b: Dragonite|Protect\n|move|p2a: Floette|Protect|p2a: Floette\n|-singleturn|p2a: Floette|Protect\n|move|p2b: Rotom|Volt Switch|p1a: Pelipper\n|-supereffective|p1a: Pelipper|2\n|-enditem|p1a: Pelipper|Focus Sash\n|-damage|p1a: Pelipper|1/100\n|\n|t:|1776730790\n|switch|p2b: Talonflame|Talonflame, L50, M|34/100|[from] Volt Switch\n|move|p1a: Pelipper|Ice Beam|p2a: Floette\n|-activate|p2a: Floette|move: Protect\n|\n|-weather|RainDance|[upkeep]\n|upkeep\n|turn|7\n|c|\u2606Nicargodx|crazy\n|c|\u2606Nicargodx|bye\n|-message|Nicargodx forfeited.\n|\n|win|xSV~NXTx\n|raw|Nicargodx's rating: 1214 &rarr; <strong>1182</strong><br />(-32 for losing)\n|raw|xSV~NXTx's rating: 1120 &rarr; <strong>1152</strong><br />(+32 for winning)\n|l|\u2606Nicargodx\n|player|p1|\n|c|\u2606xSV~NXTx|gg\n",
  "uploadtime": 1776730817,
  "views": 12,
  "formatid": "gen9championsvgc2026regma",
  "rating": 1152,
  "private": 0,
  "password": null
}