{
  "id": "gen9championsvgc2026regma-2587208014",
  "format": "[Gen 9 Champions] VGC 2026 Reg M-A",
  "players": [
    "Steeledanenjoyer",
    "soulo333"
  ],
  "log": "|j|\u2606Steeledanenjoyer\n|j|\u2606soulo333\n|t:|1776509058\n|gametype|doubles\n|player|p1|Steeledanenjoyer|musician|1268\n|player|p2|soulo333|102|1284\n|gen|9\n|tier|[Gen 9 Champions] VGC 2026 Reg M-A\n|rated|\n|rule|Species Clause: Limit one of each Pok\u00e9mon\n|rule|Item Clause: Limit 1 of each item\n|clearpoke\n|poke|p1|Tyranitar, L50, M|\n|poke|p1|Excadrill, L50, M|\n|poke|p1|Corviknight, L50, M|\n|poke|p1|Primarina, L50, M|\n|poke|p1|Sinistcha, L50|\n|poke|p1|Incineroar, L50, F|\n|poke|p2|Charizard, L50, M|\n|poke|p2|Sneasler, L50, F|\n|poke|p2|Sinistcha, L50|\n|poke|p2|Incineroar, L50, M|\n|poke|p2|Milotic, L50, M|\n|poke|p2|Tyranitar, L50, F|\n|teampreview|4\n|\n|t:|1776509102\n|teamsize|p1|4\n|teamsize|p2|4\n|start\n|switch|p1a: Corviknight|Corviknight, L50, M|100/100\n|switch|p1b: Incineroar|Incineroar, L50, F|100/100\n|switch|p2a: Incineroar|Incineroar, L50, M|100/100\n|switch|p2b: Milotic|Milotic, L50, M|100/100\n|-ability|p1b: Incineroar|Intimidate|boost\n|-unboost|p2a: Incineroar|atk|1\n|-unboost|p2b: Milotic|atk|1\n|-ability|p2b: Milotic|Competitive|boost\n|-boost|p2b: Milotic|spa|2\n|-ability|p2a: Incineroar|Intimidate|boost\n|-ability|p1a: Corviknight|Mirror Armor\n|-unboost|p2a: Incineroar|atk|1\n|-unboost|p1b: Incineroar|atk|1\n|turn|1\n|\n|t:|1776509129\n|move|p1b: Incineroar|Fake Out|p2b: Milotic\n|-damage|p2b: Milotic|93/100\n|move|p2a: Incineroar|Fake Out|p1a: Corviknight\n|-resisted|p1a: Corviknight|1\n|-damage|p1a: Corviknight|98/100\n|cant|p2b: Milotic|flinch\n|cant|p1a: Corviknight|flinch\n|\n|-heal|p2b: Milotic|99/100|[from] item: Leftovers\n|-heal|p1a: Corviknight|100/100|[from] item: Leftovers\n|upkeep\n|turn|2\n|\n|t:|1776509145\n|move|p2b: Milotic|Scald|p1a: Corviknight\n|-damage|p1a: Corviknight|48/100\n|-status|p1a: Corviknight|brn\n|move|p1a: Corviknight|Bulk Up|p1a: Corviknight\n|-boost|p1a: Corviknight|atk|1\n|-boost|p1a: Corviknight|def|1\n|move|p1b: Incineroar|Darkest Lariat|p2b: Milotic\n|-damage|p2b: Milotic|77/100\n|move|p2a: Incineroar|Parting Shot|p1b: Incineroar\n|-unboost|p1b: Incineroar|atk|1\n|-unboost|p1b: Incineroar|spa|1\n|\n|t:|1776509155\n|switch|p2a: Sneasler|Sneasler, L50, F|100/100|[from] Parting Shot\n|\n|-heal|p2b: Milotic|83/100|[from] item: Leftovers\n|-heal|p1a: Corviknight|54/100 brn|[from] item: Leftovers\n|-damage|p1a: Corviknight|48/100 brn|[from] brn\n|upkeep\n|turn|3\n|\n|t:|1776509164\n|move|p2a: Sneasler|Coaching|p2b: Milotic\n|-boost|p2b: Milotic|atk|1\n|-boost|p2b: Milotic|def|1\n|move|p2b: Milotic|Icy Wind|p1b: Incineroar|[spread] p1a,p1b\n|-resisted|p1b: Incineroar|1\n|-crit|p1b: Incineroar\n|-damage|p1a: Corviknight|30/100 brn\n|-damage|p1b: Incineroar|87/100\n|-ability|p1a: Corviknight|Mirror Armor\n|-unboost|p2b: Milotic|spe|1\n|-ability|p2b: Milotic|Competitive|boost\n|-boost|p2b: Milotic|spa|2\n|-unboost|p1b: Incineroar|spe|1\n|move|p1a: Corviknight|Brave Bird|p2a: Sneasler\n|-supereffective|p2a: Sneasler|1\n|-enditem|p2a: Sneasler|Focus Sash\n|-damage|p2a: Sneasler|1/100\n|-damage|p1a: Corviknight|4/100 brn|[from] Recoil\n|move|p1b: Incineroar|Parting Shot|p2a: Sneasler\n|-unboost|p2a: Sneasler|atk|1\n|-unboost|p2a: Sneasler|spa|1\n|\n|t:|1776509172\n|switch|p1b: Tyranitar|Tyranitar, L50, M|100/100|[from] Parting Shot\n|-weather|Sandstorm|[from] ability: Sand Stream|[of] p1b: Tyranitar\n|\n|-weather|Sandstorm|[upkeep]\n|-damage|p2a: Sneasler|0 fnt|[from] Sandstorm\n|-damage|p2b: Milotic|77/100|[from] Sandstorm\n|faint|p2a: Sneasler\n|-heal|p1a: Corviknight|10/100 brn|[from] item: Leftovers\n|-heal|p2b: Milotic|83/100|[from] item: Leftovers\n|-damage|p1a: Corviknight|4/100 brn|[from] brn\n|upkeep\n|\n|t:|1776509178\n|switch|p2a: Incineroar|Incineroar, L50, M|100/100\n|-ability|p2a: Incineroar|Intimidate|boost\n|-ability|p1a: Corviknight|Mirror Armor\n|-unboost|p2a: Incineroar|atk|1\n|-unboost|p1b: Tyranitar|atk|1\n|turn|4\n|\n|t:|1776509206\n|switch|p1b: Incineroar|Incineroar, L50, F|87/100\n|-ability|p1b: Incineroar|Intimidate|boost\n|-unboost|p2a: Incineroar|atk|1\n|-unboost|p2b: Milotic|atk|1\n|-ability|p2b: Milotic|Competitive|boost\n|-boost|p2b: Milotic|spa|2\n|move|p2a: Incineroar|Fake Out|p1b: Incineroar\n|-damage|p1b: Incineroar|82/100\n|move|p1a: Corviknight|Roost|p1a: Corviknight\n|-heal|p1a: Corviknight|54/100 brn\n|-singleturn|p1a: Corviknight|move: Roost\n|move|p2b: Milotic|Scald|p1b: Incineroar\n|-supereffective|p1b: Incineroar|1\n|-damage|p1b: Incineroar|0 fnt\n|faint|p1b: Incineroar\n|\n|-weather|Sandstorm|[upkeep]\n|-damage|p2a: Incineroar|95/100|[from] Sandstorm\n|-damage|p2b: Milotic|77/100|[from] Sandstorm\n|-heal|p1a: Corviknight|60/100 brn|[from] item: Leftovers\n|-heal|p2b: Milotic|83/100|[from] item: Leftovers\n|-damage|p1a: Corviknight|54/100 brn|[from] brn\n|upkeep\n|\n|t:|1776509217\n|switch|p1b: Excadrill|Excadrill, L50, M|100/100\n|turn|5\n|\n|t:|1776509238\n|switch|p2a: Sinistcha|Sinistcha, L50|100/100\n|-heal|p2b: Milotic|100/100|[from] ability: Hospitality|[of] p2a: Sinistcha\n|move|p1b: Excadrill|Rock Slide|p2b: Milotic|[spread] p2b\n|-miss|p1b: Excadrill|p2a: Sinistcha\n|-damage|p2b: Milotic|87/100\n|move|p1a: Corviknight|Brave Bird|p2b: Milotic\n|-damage|p2b: Milotic|66/100\n|-damage|p1a: Corviknight|47/100 brn|[from] Recoil\n|move|p2b: Milotic|Icy Wind|p1a: Corviknight|[spread] p1a,p1b\n|-damage|p1a: Corviknight|13/100 brn\n|-damage|p1b: Excadrill|47/100\n|-ability|p1a: Corviknight|Mirror Armor\n|-unboost|p2b: Milotic|spe|1\n|-boost|p2b: Milotic|spa|0\n|-unboost|p1b: Excadrill|spe|1\n|\n|-weather|Sandstorm|[upkeep]\n|-damage|p2a: Sinistcha|94/100|[from] Sandstorm\n|-damage|p2b: Milotic|60/100|[from] Sandstorm\n|-heal|p1a: Corviknight|20/100 brn|[from] item: Leftovers\n|-heal|p2b: Milotic|66/100|[from] item: Leftovers\n|-damage|p1a: Corviknight|13/100 brn|[from] brn\n|upkeep\n|turn|6\n|\n|t:|1776509255\n|switch|p2a: Incineroar|Incineroar, L50, M|95/100\n|-ability|p2a: Incineroar|Intimidate|boost\n|-ability|p1a: Corviknight|Mirror Armor\n|-unboost|p2a: Incineroar|atk|1\n|-unboost|p1b: Excadrill|atk|1\n|move|p1b: Excadrill|Rock Slide|p2b: Milotic|[spread] p2a,p2b\n|-supereffective|p2a: Incineroar|1\n|-damage|p2a: Incineroar|71/100\n|-damage|p2b: Milotic|56/100\n|move|p1a: Corviknight|Brave Bird|p2a: Incineroar\n|-damage|p2a: Incineroar|43/100\n|-enditem|p2a: Incineroar|Sitrus Berry|[eat]\n|-heal|p2a: Incineroar|68/100|[from] item: Sitrus Berry\n|-damage|p1a: Corviknight|4/100 brn|[from] Recoil\n|cant|p2b: Milotic|flinch\n|\n|-weather|Sandstorm|[upkeep]\n|-damage|p2a: Incineroar|62/100|[from] Sandstorm\n|-damage|p2b: Milotic|50/100|[from] Sandstorm\n|-heal|p1a: Corviknight|10/100 brn|[from] item: Leftovers\n|-heal|p2b: Milotic|56/100|[from] item: Leftovers\n|-damage|p1a: Corviknight|4/100 brn|[from] brn\n|upkeep\n|turn|7\n|\n|t:|1776509273\n|move|p1b: Excadrill|Protect|p1b: Excadrill\n|-singleturn|p1b: Excadrill|Protect\n|move|p2a: Incineroar|Fake Out|p1b: Excadrill\n|-activate|p1b: Excadrill|move: Protect\n|move|p1a: Corviknight|Roost|p1a: Corviknight\n|-heal|p1a: Corviknight|54/100 brn\n|-singleturn|p1a: Corviknight|move: Roost\n|move|p2b: Milotic|Scald|p1b: Excadrill\n|-activate|p1b: Excadrill|move: Protect\n|\n|-weather|none\n|-heal|p1a: Corviknight|61/100 brn|[from] item: Leftovers\n|-heal|p2b: Milotic|62/100|[from] item: Leftovers\n|-damage|p1a: Corviknight|54/100 brn|[from] brn\n|upkeep\n|turn|8\n|\n|t:|1776509287\n|switch|p1b: Tyranitar|Tyranitar, L50, M|100/100\n|-weather|Sandstorm|[from] ability: Sand Stream|[of] p1b: Tyranitar\n|move|p1a: Corviknight|Brave Bird|p2b: Milotic\n|-damage|p2b: Milotic|41/100\n|-damage|p1a: Corviknight|47/100 brn|[from] Recoil\n|move|p2a: Incineroar|Parting Shot|p1b: Tyranitar\n|-unboost|p1b: Tyranitar|atk|1\n|-unboost|p1b: Tyranitar|spa|1\n|\n|t:|1776509303\n|switch|p2a: Sinistcha|Sinistcha, L50|94/100|[from] Parting Shot\n|-heal|p2b: Milotic|66/100|[from] ability: Hospitality|[of] p2a: Sinistcha\n|move|p2b: Milotic|Scald|p1a: Corviknight\n|-damage|p1a: Corviknight|0 fnt\n|faint|p1a: Corviknight\n|\n|-weather|Sandstorm|[upkeep]\n|-damage|p2a: Sinistcha|88/100|[from] Sandstorm\n|-damage|p2b: Milotic|60/100|[from] Sandstorm\n|-heal|p2b: Milotic|66/100|[from] item: Leftovers\n|upkeep\n|\n|t:|1776509307\n|switch|p1a: Excadrill|Excadrill, L50, M|47/100\n|turn|9\n|\n|t:|1776509320\n|switch|p2a: Incineroar|Incineroar, L50, M|62/100\n|-ability|p2a: Incineroar|Intimidate|boost\n|-unboost|p1a: Excadrill|atk|1\n|-unboost|p1b: Tyranitar|atk|1\n|detailschange|p1b: Tyranitar|Tyranitar-Mega, L50, M\n|-mega|p1b: Tyranitar|Tyranitar|Tyranitarite\n|move|p1a: Excadrill|Rock Slide|p2a: Incineroar|[spread] p2b\n|-miss|p1a: Excadrill|p2a: Incineroar\n|-damage|p2b: Milotic|56/100\n|move|p1b: Tyranitar|Rock Slide|p2a: Incineroar|[spread] p2a\n|-miss|p1b: Tyranitar|p2b: Milotic\n|-supereffective|p2a: Incineroar|1\n|-damage|p2a: Incineroar|28/100\n|move|p2b: Milotic|Scald|p1b: Tyranitar\n|-supereffective|p1b: Tyranitar|1\n|-damage|p1b: Tyranitar|0 fnt\n|faint|p1b: Tyranitar\n|\n|-weather|Sandstorm|[upkeep]\n|-damage|p2a: Incineroar|22/100|[from] Sandstorm\n|-damage|p2b: Milotic|50/100|[from] Sandstorm\n|-heal|p2b: Milotic|56/100|[from] item: Leftovers\n|upkeep\n|turn|10\n|\n|t:|1776509336\n|move|p2a: Incineroar|Fake Out|p1a: Excadrill\n|-resisted|p1a: Excadrill|1\n|-damage|p1a: Excadrill|40/100\n|cant|p1a: Excadrill|flinch\n|move|p2b: Milotic|Scald|p1a: Excadrill\n|-supereffective|p1a: Excadrill|1\n|-damage|p1a: Excadrill|0 fnt\n|faint|p1a: Excadrill\n|\n|win|soulo333\n|raw|Steeledanenjoyer's rating: 1268 &rarr; <strong>1244</strong><br />(-24 for losing)\n|raw|soulo333's rating: 1284 &rarr; <strong>1308</strong><br />(+24 for winning)\n",
  "uploadtime": 1776509337,
  "views": 35,
  "formatid": "gen9championsvgc2026regma",
  "rating": 1244,
  "private": 0,
  "password": null
}