{
  "id": "gen9championsvgc2026regma-2588259960",
  "format": "[Gen 9 Champions] VGC 2026 Reg M-A",
  "players": [
    "Leu_vgc",
    "TheBallistic1"
  ],
  "log": "|j|\u2606Leu_vgc\n|j|\u2606TheBallistic1\n|html|<table width=\"100%\"><tr><td align=\"left\">Leu_vgc</td><td align=\"right\">TheBallistic1</tr><tr><td align=\"left\"><i class=\"fa fa-circle-o\"></i> <i class=\"fa fa-circle-o\"></i> </td><td align=\"right\"><i class=\"fa fa-circle-o\"></i> <i class=\"fa fa-circle\"></i> </tr></table>\n|uhtml|bestof|<h2><strong>Game 2</strong> of <a href=\"/game-bestof3-gen9championsvgc2026regma-2588258228\">a best-of-3</a></h2>\n|t:|1776618877\n|gametype|doubles\n|player|p1|Leu_vgc|acetrainer|\n|player|p2|TheBallistic1|colress|\n|gen|9\n|tier|[Gen 9 Champions] VGC 2026 Reg M-A\n|rated|Tournament battle\n|rule|Species Clause: Limit one of each Pok\u00e9mon\n|rule|Item Clause: Limit 1 of each item\n|raw|<div class=\"infobox\"><details class=\"readmore\" open><summary><strong>1 custom rule:</strong></summary> Best of = 3</details></div>\n|clearpoke\n|poke|p1|Garchomp, L50, F, shiny|\n|poke|p1|Tyranitar, L50, F, shiny|\n|poke|p1|Manectric, L50, F, shiny|\n|poke|p1|Primarina, L50, F, shiny|\n|poke|p1|Farigiraf, L50, F, shiny|\n|poke|p1|Archaludon, L50, F, shiny|\n|poke|p2|Floette-Eternal, L50, F|\n|poke|p2|Charizard, L50, M|\n|poke|p2|Sneasler, L50, F|\n|poke|p2|Milotic, L50, M|\n|poke|p2|Incineroar, L50, F|\n|poke|p2|Sinistcha, L50|\n|teampreview|4\nLeu_vgc has agreed to open team sheets.\n|\n|t:|1776618901\n|teamsize|p1|4\n|teamsize|p2|4\n|start\n|switch|p1a: Manectric|Manectric, L50, F, shiny|100/100\n|switch|p1b: Farigiraf|Farigiraf, L50, F, shiny|100/100\n|switch|p2a: Floette|Floette-Eternal, L50, F|100/100\n|switch|p2b: Sneasler|Sneasler, L50, F|100/100\n|turn|1\n|\n|t:|1776618918\n|detailschange|p1a: Manectric|Manectric-Mega, L50, F, shiny\n|-mega|p1a: Manectric|Manectric|Manectite\n|-ability|p1a: Manectric|Intimidate|boost\n|-unboost|p2a: Floette|atk|1\n|-unboost|p2b: Sneasler|atk|1\n|-enditem|p2b: Sneasler|White Herb\n|-clearnegativeboost|p2b: Sneasler|[silent]\n|detailschange|p2a: Floette|Floette-Mega, L50, F\n|-mega|p2a: Floette|Floette|Floettite\n|-ability|p2a: Floette|Fairy Aura\n|move|p2b: Sneasler|Throat Chop|p1b: Farigiraf\n|-supereffective|p1b: Farigiraf|1\n|-damage|p1b: Farigiraf|48/100\n|-start|p1b: Farigiraf|Throat Chop|[silent]\n|-enditem|p1b: Farigiraf|Sitrus Berry|[eat]\n|-heal|p1b: Farigiraf|73/100|[from] item: Sitrus Berry\n|move|p1a: Manectric|Snarl|p2a: Floette|[spread] p2a,p2b\n|-resisted|p2a: Floette|1\n|-resisted|p2b: Sneasler|1\n|-damage|p2a: Floette|94/100\n|-damage|p2b: Sneasler|91/100\n|-unboost|p2a: Floette|spa|1\n|-unboost|p2b: Sneasler|spa|1\n|move|p2a: Floette|Dazzling Gleam|p1b: Farigiraf|[spread] p1a,p1b\n|-damage|p1a: Manectric|55/100\n|-damage|p1b: Farigiraf|39/100\n|move|p1b: Farigiraf|Twin Beam|p2b: Sneasler\n|-supereffective|p2b: Sneasler|2\n|-damage|p2b: Sneasler|0 fnt\n|faint|p2b: Sneasler\n|-hitcount|p2: Sneasler|1\n|\n|upkeep\n|\n|t:|1776618937\n|switch|p2b: Sinistcha|Sinistcha, L50|100/100\n|-heal|p2a: Floette|100/100|[from] ability: Hospitality|[of] p2b: Sinistcha\n|turn|2\n|\n|t:|1776618943\n|switch|p2a: Incineroar|Incineroar, L50, F|100/100\n|-ability|p2a: Incineroar|Intimidate|boost\n|-unboost|p1a: Manectric|atk|1\n|-unboost|p1b: Farigiraf|atk|1\n|move|p1b: Farigiraf|Helping Hand|p1a: Manectric\n|-singleturn|p1a: Manectric|Helping Hand|[of] p1b: Farigiraf\n|move|p1a: Manectric|Snarl|p2a: Incineroar|[spread] p2a,p2b\n|-resisted|p2a: Incineroar|1\n|-supereffective|p2b: Sinistcha|1\n|-damage|p2a: Incineroar|91/100\n|-damage|p2b: Sinistcha|54/100\n|-unboost|p2a: Incineroar|spa|1\n|-unboost|p2b: Sinistcha|spa|1\n|move|p2b: Sinistcha|Matcha Gotcha|p1b: Farigiraf|[spread] p1a,p1b\n|-damage|p1a: Manectric|31/100\n|-heal|p2b: Sinistcha|66/100|[from] drain|[of] p1a: Manectric\n|-damage|p1b: Farigiraf|23/100\n|-heal|p2b: Sinistcha|76/100|[from] drain|[of] p1b: Farigiraf\n|\n|-end|p1b: Farigiraf|Throat Chop|[silent]\n|upkeep\n|turn|3\n|\n|t:|1776618951\n|move|p1b: Farigiraf|Helping Hand|p1a: Manectric\n|-singleturn|p1a: Manectric|Helping Hand|[of] p1b: Farigiraf\n|move|p1a: Manectric|Flamethrower|p2b: Sinistcha\n|-supereffective|p2b: Sinistcha|1\n|-damage|p2b: Sinistcha|0 fnt\n|faint|p2b: Sinistcha\n|move|p2a: Incineroar|Darkest Lariat|p1b: Farigiraf\n|-supereffective|p1b: Farigiraf|1\n|-damage|p1b: Farigiraf|0 fnt\n|faint|p1b: Farigiraf\n|\n|upkeep\n|\n|t:|1776618958\n|switch|p2b: Floette|Floette-Mega, L50, F|100/100\n|switch|p1b: Garchomp|Garchomp, L50, F, shiny|100/100\n|-ability|p2b: Floette|Fairy Aura\n|turn|4\n|\n|t:|1776618967\n|switch|p1b: Archaludon|Archaludon, L50, F, shiny|100/100\n|move|p1a: Manectric|Volt Switch|p2a: Incineroar\n|-damage|p2a: Incineroar|52/100\n|\n|t:|1776618971\n|switch|p1a: Garchomp|Garchomp, L50, F, shiny|100/100|[from] Volt Switch\n|move|p2b: Floette|Dazzling Gleam|p1b: Archaludon|[spread] p1a,p1b\n|-supereffective|p1a: Garchomp|1\n|-damage|p1a: Garchomp|0 fnt\n|-damage|p1b: Archaludon|52/100\n|-ability|p1b: Archaludon|Stamina|boost\n|-boost|p1b: Archaludon|def|1\n|faint|p1a: Garchomp\n|move|p2a: Incineroar|Flare Blitz|p1b: Archaludon\n|-damage|p1b: Archaludon|20/100\n|-ability|p1b: Archaludon|Stamina|boost\n|-boost|p1b: Archaludon|def|1\n|-damage|p2a: Incineroar|42/100|[from] Recoil\n|-enditem|p2a: Incineroar|Sitrus Berry|[eat]\n|-heal|p2a: Incineroar|66/100|[from] item: Sitrus Berry\n|\n|upkeep\n|\n|t:|1776618973\n|switch|p1a: Manectric|Manectric-Mega, L50, F, shiny|31/100\n|-ability|p1a: Manectric|Intimidate|boost\n|-unboost|p2a: Incineroar|atk|1\n|-unboost|p2b: Floette|atk|1\n|turn|5\n|\n|t:|1776618988\n|move|p1b: Archaludon|Protect|p1b: Archaludon\n|-singleturn|p1b: Archaludon|Protect\n|move|p1a: Manectric|Snarl|p2a: Incineroar|[spread] p2b\n|-miss|p1a: Manectric|p2a: Incineroar\n|-resisted|p2b: Floette|1\n|-damage|p2b: Floette|95/100\n|-unboost|p2b: Floette|spa|1\n|move|p2b: Floette|Dazzling Gleam|p1a: Manectric|[spread] p1a\n|-activate|p1b: Archaludon|move: Protect\n|-damage|p1a: Manectric|0 fnt\n|faint|p1a: Manectric\n|move|p2a: Incineroar|Darkest Lariat|p1b: Archaludon\n|-activate|p1b: Archaludon|move: Protect\n|\n|upkeep\n|turn|6\n|\n|t:|1776618996\n|move|p2b: Floette|Moonblast|p1b: Archaludon\n|-damage|p1b: Archaludon|0 fnt\n|faint|p1b: Archaludon\n|\n|win|TheBallistic1\n",
  "uploadtime": 1776618997,
  "views": 11,
  "formatid": "gen9championsvgc2026regma",
  "rating": null,
  "private": 0,
  "password": null
}