{
  "id": "gen9championsvgc2026regma-2580347904",
  "format": "[Gen 9 Champions] VGC 2026 Reg M-A",
  "players": [
    "DragonairJordan23",
    "arsene1111"
  ],
  "log": "|j|\u2606DragonairJordan23\n|j|\u2606arsene1111\n|t:|1775883502\n|gametype|doubles\n|player|p1|DragonairJordan23|dancer|1000\n|player|p2|arsene1111|1|1009\n|gen|9\n|tier|[Gen 9 Champions] VGC 2026 Reg M-A\n|rated|\n|rule|Species Clause: Limit one of each Pok\u00e9mon\n|rule|Item Clause: Limit 1 of each item\n|clearpoke\n|poke|p1|Infernape, L50, F|\n|poke|p1|Gyarados, L50, F|\n|poke|p1|Klefki, L50, F|\n|poke|p1|Sinistcha, L50|\n|poke|p1|Sylveon, L50, F|\n|poke|p2|Dragonite, L50, M|\n|poke|p2|Incineroar, L50, M|\n|poke|p2|Sneasler, L50, M|\n|poke|p2|Archaludon, L50, M|\n|poke|p2|Pelipper, L50, F|\n|poke|p2|Basculegion, L50, M|\n|teampreview|4\n|\n|t:|1775883544\n|teamsize|p1|4\n|teamsize|p2|4\n|start\n|switch|p1a: Klefki|Klefki, L50, F|100/100\n|switch|p1b: Sinistcha|Sinistcha, L50|100/100\n|switch|p2a: Pelipper|Pelipper, L50, F|100/100\n|switch|p2b: Archaludon|Archaludon, L50, M|100/100\n|-weather|RainDance|[from] ability: Drizzle|[of] p2a: Pelipper\n|turn|1\n|\n|t:|1775883579\n|move|p1a: Klefki|Light Screen|p1a: Klefki\n|-sidestart|p1: DragonairJordan23|move: Light Screen\n|move|p2b: Archaludon|Electro Shot||[still]\n|-prepare|p2b: Archaludon|Electro Shot\n|-boost|p2b: Archaludon|spa|1\n|-anim|p2b: Archaludon|Electro Shot|p1b: Sinistcha\n|-resisted|p1b: Sinistcha|1\n|-damage|p1b: Sinistcha|77/100\n|move|p2a: Pelipper|Tailwind|p2a: Pelipper\n|-sidestart|p2: arsene1111|move: Tailwind\n|move|p1b: Sinistcha|Trick Room|p1b: Sinistcha\n|-fieldstart|move: Trick Room|[of] p1b: Sinistcha\n|\n|-weather|RainDance|[upkeep]\n|upkeep\n|turn|2\n|\n|t:|1775883614\n|move|p1b: Sinistcha|Matcha Gotcha|p2b: Archaludon|[spread] p2a\n|-miss|p1b: Sinistcha|p2b: Archaludon\n|-damage|p2a: Pelipper|68/100\n|-heal|p1b: Sinistcha|93/100|[from] drain|[of] p2a: Pelipper\n|move|p1a: Klefki|Dazzling Gleam|p2b: Archaludon|[spread] p2a,p2b\n|-damage|p2a: Pelipper|45/100\n|-damage|p2b: Archaludon|77/100\n|move|p2a: Pelipper|Weather Ball|p1a: Klefki\n|-damage|p1a: Klefki|65/100\n|move|p2b: Archaludon|Electro Shot||[still]\n|-prepare|p2b: Archaludon|Electro Shot\n|-boost|p2b: Archaludon|spa|1\n|-anim|p2b: Archaludon|Electro Shot|p1a: Klefki\n|-damage|p1a: Klefki|0 fnt\n|faint|p1a: Klefki\n|\n|-weather|RainDance|[upkeep]\n|upkeep\n|\n|t:|1775883651\n|switch|p1a: Sylveon|Sylveon, L50, F|100/100\n|turn|3\n|\n|t:|1775883666\n|move|p1a: Sylveon|Hyper Voice|p2b: Archaludon|[spread] p2a,p2b\n|-damage|p2a: Pelipper|0 fnt\n|-damage|p2b: Archaludon|15/100\n|faint|p2a: Pelipper\n|move|p1b: Sinistcha|Matcha Gotcha|p2b: Archaludon\n|-resisted|p2b: Archaludon|2\n|-damage|p2b: Archaludon|5/100\n|-heal|p1b: Sinistcha|98/100|[from] drain|[of] p2b: Archaludon\n|move|p2b: Archaludon|Flash Cannon|p1a: Sylveon\n|-supereffective|p1a: Sylveon|1\n|-damage|p1a: Sylveon|28/100\n|\n|-weather|RainDance|[upkeep]\n|upkeep\n|\n|t:|1775883682\n|switch|p2a: Basculegion|Basculegion, L50, M|100/100\n|turn|4\n|\n|t:|1775883695\n|move|p2b: Archaludon|Protect|p2b: Archaludon\n|-singleturn|p2b: Archaludon|Protect\n|move|p1b: Sinistcha|Rage Powder|p1b: Sinistcha\n|-singleturn|p1b: Sinistcha|move: Rage Powder\n|move|p1a: Sylveon|Hyper Voice|p2a: Basculegion|[spread] p2a\n|-activate|p2b: Archaludon|move: Protect\n|-damage|p2a: Basculegion|53/100\n|move|p2a: Basculegion|Wave Crash|p1b: Sinistcha\n|-resisted|p1b: Sinistcha|1\n|-damage|p1b: Sinistcha|54/100\n|-damage|p2a: Basculegion|41/100|[from] Recoil\n|\n|-weather|RainDance|[upkeep]\n|-sideend|p2: arsene1111|move: Tailwind\n|upkeep\n|turn|5\n|l|\u2606DragonairJordan23\n|player|p1|\n|\n|t:|1775883745\n|move|p2a: Basculegion|Aqua Jet|p1a: Sylveon\n|-damage|p1a: Sylveon|0 fnt\n|faint|p1a: Sylveon\n|move|p1b: Sinistcha|Matcha Gotcha|p2a: Basculegion|[spread] p2a,p2b\n|-supereffective|p2a: Basculegion|1\n|-resisted|p2b: Archaludon|2\n|-damage|p2a: Basculegion|0 fnt\n|-heal|p1b: Sinistcha|81/100|[from] drain|[of] p2a: Basculegion\n|-damage|p2b: Archaludon|0 fnt\n|-heal|p1b: Sinistcha|84/100|[from] drain|[of] p2b: Archaludon\n|faint|p2a: Basculegion\n|faint|p2b: Archaludon\n|\n|-weather|none\n|-sideend|p1: DragonairJordan23|move: Light Screen\n|-fieldend|move: Trick Room\n|upkeep\n|j|\u2606DragonairJordan23\n|player|p1|DragonairJordan23|dancer|\n|\n|t:|1775883773\n|switch|p2a: Dragonite|Dragonite, L50, M|100/100\n|switch|p1a: Gyarados|Gyarados, L50, F|100/100\n|-ability|p1a: Gyarados|Intimidate|boost\n|-unboost|p2a: Dragonite|atk|1\n|turn|6\n|\n|t:|1775883800\n|detailschange|p1a: Gyarados|Gyarados-Mega, L50, F\n|-mega|p1a: Gyarados|Gyarados|Gyaradosite\n|-ability|p1a: Gyarados|Mold Breaker\n|detailschange|p2a: Dragonite|Dragonite-Mega, L50, M\n|-mega|p2a: Dragonite|Dragonite|Dragoninite\n|move|p2a: Dragonite|Hurricane|p1b: Sinistcha\n|-supereffective|p1b: Sinistcha|1\n|-damage|p1b: Sinistcha|0 fnt\n|faint|p1b: Sinistcha\n|move|p1a: Gyarados|Thunder Wave|p2a: Dragonite\n|-status|p2a: Dragonite|par\n|\n|upkeep\n|turn|7\n|\n|t:|1775883813\n|move|p1a: Gyarados|Crunch|p2a: Dragonite\n|-damage|p2a: Dragonite|62/100 par\n|move|p2a: Dragonite|Draco Meteor|p1a: Gyarados\n|-damage|p1a: Gyarados|46/100\n|-unboost|p2a: Dragonite|spa|2\n|\n|upkeep\n|turn|8\n|inactive|Battle timer is ON: inactive players will automatically lose when time's up. (requested by DragonairJordan23)\n|\n|t:|1775883894\n|move|p1a: Gyarados|Crunch|p2a: Dragonite\n|-damage|p2a: Dragonite|27/100 par\n|move|p2a: Dragonite|Draco Meteor|p1a: Gyarados\n|-damage|p1a: Gyarados|18/100\n|-unboost|p2a: Dragonite|spa|2\n|\n|upkeep\n|turn|9\n|\n|t:|1775883907\n|move|p1a: Gyarados|Crunch|p2a: Dragonite\n|-damage|p2a: Dragonite|0 fnt\n|faint|p2a: Dragonite\n|\n|win|DragonairJordan23\n|raw|DragonairJordan23's rating: 1000 &rarr; <strong>1041</strong><br />(+41 for winning)\n|raw|arsene1111's rating: 1009 &rarr; <strong>1000</strong><br />(-9 for losing)\n|l|\u2606arsene1111\n|player|p2|\n",
  "uploadtime": 1775883907,
  "views": 30,
  "formatid": "gen9championsvgc2026regma",
  "rating": 1000,
  "private": 0,
  "password": null
}