{
  "id": "gen9championsvgc2026regma-2584526746",
  "format": "[Gen 9 Champions] VGC 2026 Reg M-A",
  "players": [
    "GeniusGamingLegend",
    "hllplay12"
  ],
  "log": "|j|\u2606GeniusGamingLegend\n|j|\u2606hllplay12\n|t:|1776266665\n|gametype|doubles\n|player|p1|GeniusGamingLegend|harlequin|1072\n|player|p2|hllplay12|169|1117\n|gen|9\n|tier|[Gen 9 Champions] VGC 2026 Reg M-A\n|rated|\n|rule|Species Clause: Limit one of each Pok\u00e9mon\n|rule|Item Clause: Limit 1 of each item\n|clearpoke\n|poke|p1|Dragonite, L50, M|\n|poke|p1|Pelipper, L50, F|\n|poke|p1|Archaludon, L50, M|\n|poke|p1|Incineroar, L50, F|\n|poke|p1|Sneasler, L50, M|\n|poke|p1|Sinistcha, L50|\n|poke|p2|Talonflame, L50, F|\n|poke|p2|Sneasler, L50, M|\n|poke|p2|Garchomp, L50, F|\n|poke|p2|Froslass, L50, F|\n|poke|p2|Rotom-Wash, L50|\n|poke|p2|Vanilluxe, L50, F|\n|teampreview|4\n|inactive|Battle timer is ON: inactive players will automatically lose when time's up. (requested by hllplay12)\n|inactive|GeniusGamingLegend has 60 seconds left.\n|inactive|hllplay12 has 60 seconds left.\n|\n|t:|1776266716\n|teamsize|p1|4\n|teamsize|p2|4\n|start\n|switch|p1a: Archaludon|Archaludon, L50, M|100/100\n|switch|p1b: Dragonite|Dragonite, L50, M|100/100\n|switch|p2a: Talonflame|Talonflame, L50, F|100/100\n|switch|p2b: Vanilluxe|Vanilluxe, L50, F|100/100\n|-weather|Snowscape|[from] ability: Snow Warning|[of] p2b: Vanilluxe\n|turn|1\n|\n|t:|1776266736\n|switch|p1b: Pelipper|Pelipper, L50, F|100/100\n|-weather|RainDance|[from] ability: Drizzle|[of] p1b: Pelipper\n|move|p2a: Talonflame|Tailwind|p2a: Talonflame\n|-sidestart|p2: hllplay12|move: Tailwind\n|move|p2b: Vanilluxe|Blizzard|p1b: Pelipper|[spread] p1a,p1b\n|-damage|p1a: Archaludon|48/100\n|-damage|p1b: Pelipper|38/100\n|-ability|p1a: Archaludon|Stamina|boost\n|-boost|p1a: Archaludon|def|1\n|move|p1a: Archaludon|Electro Shot||[still]\n|-prepare|p1a: Archaludon|Electro Shot\n|-boost|p1a: Archaludon|spa|1\n|-anim|p1a: Archaludon|Electro Shot|p2b: Vanilluxe\n|-damage|p2b: Vanilluxe|29/100\n|\n|-weather|RainDance|[upkeep]\n|-heal|p2b: Vanilluxe|35/100|[from] item: Leftovers\n|upkeep\n|turn|2\n|inactive|hllplay12 has 30 seconds left.\n|inactive|hllplay12 has 20 seconds left.\n|\n|t:|1776266775\n|switch|p1b: Incineroar|Incineroar, L50, F|100/100\n|-ability|p1b: Incineroar|Intimidate|boost\n|-unboost|p2a: Talonflame|atk|1\n|-unboost|p2b: Vanilluxe|atk|1\n|move|p1a: Archaludon|Protect|p1a: Archaludon\n|-singleturn|p1a: Archaludon|Protect\n|move|p2a: Talonflame|Brave Bird|p1b: Incineroar\n|-damage|p1b: Incineroar|79/100\n|-damage|p2a: Talonflame|93/100|[from] Recoil\n|move|p2b: Vanilluxe|Blizzard|p1b: Incineroar|[spread] p1b\n|-activate|p1a: Archaludon|move: Protect\n|-resisted|p1b: Incineroar|1\n|-damage|p1b: Incineroar|64/100\n|\n|-weather|RainDance|[upkeep]\n|-heal|p2b: Vanilluxe|42/100|[from] item: Leftovers\n|upkeep\n|turn|3\n|\n|t:|1776266794\n|move|p2a: Talonflame|Protect|p2a: Talonflame\n|-singleturn|p2a: Talonflame|Protect\n|move|p2b: Vanilluxe|Protect|p2b: Vanilluxe\n|-singleturn|p2b: Vanilluxe|Protect\n|move|p1b: Incineroar|Fake Out|p2b: Vanilluxe\n|-activate|p2b: Vanilluxe|move: Protect\n|move|p1a: Archaludon|Electro Shot||[still]\n|-prepare|p1a: Archaludon|Electro Shot\n|-boost|p1a: Archaludon|spa|1\n|-anim|p1a: Archaludon|Electro Shot|p2b: Vanilluxe\n|-activate|p2b: Vanilluxe|move: Protect\n|\n|-weather|RainDance|[upkeep]\n|-heal|p2b: Vanilluxe|48/100|[from] item: Leftovers\n|upkeep\n|turn|4\n|inactive|hllplay12 has 30 seconds left.\n|\n|t:|1776266823\n|switch|p2a: Garchomp|Garchomp, L50, F|100/100\n|move|p1a: Archaludon|Protect|p1a: Archaludon\n|-singleturn|p1a: Archaludon|Protect\n|move|p2b: Vanilluxe|Blizzard|p1b: Incineroar|[spread] p1b\n|-activate|p1a: Archaludon|move: Protect\n|-resisted|p1b: Incineroar|1\n|-damage|p1b: Incineroar|49/100\n|move|p1b: Incineroar|Parting Shot|p2b: Vanilluxe\n|-unboost|p2b: Vanilluxe|atk|1\n|-unboost|p2b: Vanilluxe|spa|1\n|\n|t:|1776266828\n|switch|p1b: Dragonite|Dragonite, L50, M|100/100|[from] Parting Shot\n|\n|-weather|RainDance|[upkeep]\n|-heal|p2b: Vanilluxe|54/100|[from] item: Leftovers\n|-sideend|p2: hllplay12|move: Tailwind\n|upkeep\n|turn|5\n|inactive|hllplay12 has 30 seconds left.\n|\n|t:|1776266861\n|switch|p2a: Froslass|Froslass, L50, F|100/100\n|switch|p2b: Talonflame|Talonflame, L50, F|93/100\n|detailschange|p1b: Dragonite|Dragonite-Mega, L50, M\n|-mega|p1b: Dragonite|Dragonite|Dragoninite\n|move|p1b: Dragonite|Tailwind|p1b: Dragonite\n|-sidestart|p1: GeniusGamingLegend|move: Tailwind\n|move|p1a: Archaludon|Flash Cannon|p2b: Talonflame\n|-resisted|p2b: Talonflame|1\n|-damage|p2b: Talonflame|33/100\n|\n|-weather|none\n|upkeep\n|turn|6\n|\n|t:|1776266883\n|switch|p1b: Pelipper|Pelipper, L50, F|38/100\n|-weather|RainDance|[from] ability: Drizzle|[of] p1b: Pelipper\n|detailschange|p2a: Froslass|Froslass-Mega, L50, F\n|-mega|p2a: Froslass|Froslass|Froslassite\n|-weather|Snowscape|[from] ability: Snow Warning|[of] p2a: Froslass\n|move|p1a: Archaludon|Flash Cannon|p2b: Talonflame\n|-resisted|p2b: Talonflame|1\n|-damage|p2b: Talonflame|0 fnt\n|faint|p2b: Talonflame\n|move|p2a: Froslass|Blizzard|p1b: Pelipper|[spread] p1a,p1b\n|-damage|p1a: Archaludon|0 fnt\n|-damage|p1b: Pelipper|0 fnt\n|faint|p1a: Archaludon\n|faint|p1b: Pelipper\n|\n|-weather|Snowscape|[upkeep]\n|upkeep\n|\n|t:|1776266906\n|switch|p2b: Vanilluxe|Vanilluxe, L50, F|54/100\n|switch|p1b: Dragonite|Dragonite-Mega, L50, M|100/100\n|switch|p1a: Incineroar|Incineroar, L50, F|49/100\n|-ability|p1a: Incineroar|Intimidate|boost\n|-unboost|p2a: Froslass|atk|1\n|-unboost|p2b: Vanilluxe|atk|1\n|turn|7\n|\n|t:|1776266924\n|move|p2b: Vanilluxe|Protect|p2b: Vanilluxe\n|-singleturn|p2b: Vanilluxe|Protect\n|move|p1a: Incineroar|Fake Out|p2b: Vanilluxe\n|-activate|p2b: Vanilluxe|move: Protect\n|move|p1b: Dragonite|Dragon Pulse|p2a: Froslass\n|-damage|p2a: Froslass|51/100\n|move|p2a: Froslass|Aurora Veil|p2a: Froslass\n|-sidestart|p2: hllplay12|move: Aurora Veil\n|\n|-weather|Snowscape|[upkeep]\n|-heal|p2b: Vanilluxe|60/100|[from] item: Leftovers\n|upkeep\n|turn|8\n|\n|t:|1776266939\n|move|p1b: Dragonite|Dragon Pulse|p2b: Vanilluxe\n|-damage|p2b: Vanilluxe|24/100\n|move|p1a: Incineroar|Throat Chop|p2b: Vanilluxe\n|-damage|p2b: Vanilluxe|7/100\n|-start|p2b: Vanilluxe|Throat Chop|[silent]\n|move|p2a: Froslass|Blizzard|p1b: Dragonite|[spread] p1a,p1b\n|-resisted|p1a: Incineroar|1\n|-supereffective|p1b: Dragonite|2\n|-damage|p1a: Incineroar|32/100\n|-damage|p1b: Dragonite|31/100\n|move|p2b: Vanilluxe|Blizzard|p1a: Incineroar|[spread] p1a,p1b\n|-resisted|p1a: Incineroar|1\n|-supereffective|p1b: Dragonite|2\n|-damage|p1a: Incineroar|18/100\n|-damage|p1b: Dragonite|0 fnt\n|faint|p1b: Dragonite\n|\n|-weather|Snowscape|[upkeep]\n|-heal|p2b: Vanilluxe|13/100|[from] item: Leftovers\n|-sideend|p1: GeniusGamingLegend|move: Tailwind\n|upkeep\n|turn|9\n|-message|GeniusGamingLegend forfeited.\n|\n|win|hllplay12\n|raw|GeniusGamingLegend's rating: 1072 &rarr; <strong>1054</strong><br />(-18 for losing)\n|raw|hllplay12's rating: 1117 &rarr; <strong>1139</strong><br />(+22 for winning)\n|l|\u2606GeniusGamingLegend\n|player|p1|\n",
  "uploadtime": 1776266961,
  "views": 21,
  "formatid": "gen9championsvgc2026regma",
  "rating": 1054,
  "private": 0,
  "password": null
}