{
  "id": "gen9championsvgc2026regma-2581166887",
  "format": "[Gen 9 Champions] VGC 2026 Reg M-A",
  "players": [
    "oFlotz",
    "ReadyNature1"
  ],
  "log": "|j|\u2606oFlotz\n|j|\u2606ReadyNature1\n|t:|1775966401\n|gametype|doubles\n|player|p1|oFlotz|hiker-gen4|1040\n|player|p2|ReadyNature1|101|1000\n|gen|9\n|tier|[Gen 9 Champions] VGC 2026 Reg M-A\n|rated|\n|rule|Species Clause: Limit one of each Pok\u00e9mon\n|rule|Item Clause: Limit 1 of each item\n|clearpoke\n|poke|p1|Golurk, L50|\n|poke|p1|Farigiraf, L50, M|\n|poke|p1|Klefki, L50, M|\n|poke|p1|Kingambit, L50, M|\n|poke|p2|Banette, L50, F|\n|poke|p2|Farigiraf, L50, F|\n|poke|p2|Ninetales-Alola, L50, M|\n|poke|p2|Greninja-*, L50, M|\n|poke|p2|Aegislash, L50, F|\n|poke|p2|Gardevoir, L50, M|\n|teampreview|4\n|inactive|Battle timer is ON: inactive players will automatically lose when time's up. (requested by oFlotz)\n|inactive|ReadyNature1 has 60 seconds left.\n|\n|t:|1775966446\n|teamsize|p1|4\n|teamsize|p2|4\n|start\n|switch|p1a: Farigiraf|Farigiraf, L50, M|100/100\n|switch|p1b: Klefki|Klefki, L50, M|100/100\n|switch|p2a: Greninja|Greninja, L50, M|100/100\n|switch|p2b: Farigiraf|Farigiraf, L50, F|100/100\n|turn|1\n|inactive|ReadyNature1 has 30 seconds left.\n|\n|t:|1775966477\n|detailschange|p2a: Greninja|Greninja-Mega, L50, M\n|-mega|p2a: Greninja|Greninja|Greninjite\n|move|p2a: Greninja|Gunk Shot|p1a: Farigiraf\n|-start|p2a: Greninja|typechange|Poison|[from] ability: Protean\n|-damage|p1a: Farigiraf|38/100\n|move|p1a: Farigiraf|Foul Play|p2b: Farigiraf\n|-supereffective|p2b: Farigiraf|1\n|-crit|p2b: Farigiraf\n|-damage|p2b: Farigiraf|37/100\n|-enditem|p2b: Farigiraf|Sitrus Berry|[eat]\n|-heal|p2b: Farigiraf|62/100|[from] item: Sitrus Berry\n|move|p2b: Farigiraf|Hyper Voice|p1a: Farigiraf|[spread] p1a,p1b\n|-resisted|p1b: Klefki|1\n|-crit|p1b: Klefki\n|-damage|p1a: Farigiraf|15/100\n|-damage|p1b: Klefki|71/100\n|move|p1b: Klefki|Trick Room|p1b: Klefki\n|-fieldstart|move: Trick Room|[of] p1b: Klefki\n|\n|upkeep\n|turn|2\n|inactive|oFlotz has 30 seconds left.\n|inactive|ReadyNature1 has 30 seconds left.\n|\n|t:|1775966511\n|switch|p2a: Aegislash|Aegislash, L50, F|100/100\n|move|p1b: Klefki|Light Screen|p1b: Klefki\n|-sidestart|p1: oFlotz|move: Light Screen\n|move|p2b: Farigiraf|Hyper Voice|p1a: Farigiraf|[spread] p1a,p1b\n|-resisted|p1b: Klefki|1\n|-damage|p1a: Farigiraf|0 fnt\n|-damage|p1b: Klefki|59/100\n|faint|p1a: Farigiraf\n|\n|upkeep\n|\n|t:|1775966519\n|switch|p1a: Golurk|Golurk, L50|100/100\n|turn|3\n|inactive|ReadyNature1 has 30 seconds left.\n|\n|t:|1775966546\n|detailschange|p1a: Golurk|Golurk-Mega, L50\n|-mega|p1a: Golurk|Golurk|Golurkite\n|move|p2a: Aegislash|King's Shield|p2a: Aegislash\n|-singleturn|p2a: Aegislash|Protect\n|move|p1b: Klefki|Reflect|p1b: Klefki\n|-sidestart|p1: oFlotz|Reflect\n|move|p1a: Golurk|Headlong Rush|p2a: Aegislash\n|-supereffective|p2a: Aegislash|1\n|-damage|p2a: Aegislash|69/100\n|-unboost|p1a: Golurk|def|1\n|-unboost|p1a: Golurk|spd|1\n|move|p2b: Farigiraf|Twin Beam|p1a: Golurk\n|-damage|p1a: Golurk|85/100\n|-damage|p1a: Golurk|68/100\n|-hitcount|p1a: Golurk|2\n|\n|upkeep\n|turn|4\n|\n|t:|1775966570\n|switch|p1b: Kingambit|Kingambit, L50, M|100/100\n|move|p1a: Golurk|Drain Punch|p2b: Farigiraf\n|-damage|p2b: Farigiraf|27/100\n|-heal|p1a: Golurk|86/100|[from] drain|[of] p2b: Farigiraf\n|move|p2b: Farigiraf|Twin Beam|p1a: Golurk\n|-damage|p1a: Golurk|70/100\n|-damage|p1a: Golurk|52/100\n|-hitcount|p1a: Golurk|2\n|-formechange|p2a: Aegislash|Aegislash-Blade|\n|move|p2a: Aegislash|Shadow Ball|p1a: Golurk\n|-supereffective|p1a: Golurk|1\n|-damage|p1a: Golurk|0 fnt\n|faint|p1a: Golurk\n|\n|upkeep\n|\n|t:|1775966584\n|switch|p1a: Klefki|Klefki, L50, M|59/100\n|turn|5\n|\n|t:|1775966597\n|-formechange|p2a: Aegislash|Aegislash|\n|move|p2a: Aegislash|King's Shield|p2a: Aegislash\n|-singleturn|p2a: Aegislash|Protect\n|move|p1b: Kingambit|Sucker Punch||[still]\n|cant|p2b: Farigiraf|ability: Armor Tail|Sucker Punch|[of] p1b: Kingambit\n|move|p2b: Farigiraf|Twin Beam|p1a: Klefki\n|-resisted|p1a: Klefki|1\n|-damage|p1a: Klefki|51/100\n|-resisted|p1a: Klefki|1\n|-damage|p1a: Klefki|44/100\n|-hitcount|p1a: Klefki|2\n|move|p1a: Klefki|Dazzling Gleam|p2a: Aegislash|[spread] p2b\n|-activate|p2a: Aegislash|move: Protect\n|-damage|p2b: Farigiraf|6/100\n|\n|-fieldend|move: Trick Room\n|upkeep\n|turn|6\n|inactive|ReadyNature1 has 30 seconds left.\n|\n|t:|1775966623\n|-formechange|p2a: Aegislash|Aegislash-Blade|\n|move|p2a: Aegislash|Shadow Ball|p1a: Klefki\n|-damage|p1a: Klefki|15/100\n|move|p2b: Farigiraf|Hyper Voice|p1a: Klefki|[spread] p1a,p1b\n|-resisted|p1a: Klefki|1\n|-resisted|p1b: Kingambit|1\n|-damage|p1a: Klefki|2/100\n|-damage|p1b: Kingambit|91/100\n|move|p1b: Kingambit|Kowtow Cleave|p2a: Aegislash\n|-supereffective|p2a: Aegislash|1\n|-damage|p2a: Aegislash|0 fnt\n|faint|p2a: Aegislash\n|move|p1a: Klefki|Trick Room|p1a: Klefki\n|-fieldstart|move: Trick Room|[of] p1a: Klefki\n|\n|-sideend|p1: oFlotz|move: Light Screen\n|upkeep\n|\n|t:|1775966640\n|switch|p2a: Greninja|Greninja-Mega, L50, M|100/100\n|turn|7\n|\n|t:|1775966655\n|move|p2a: Greninja|Upper Hand||[still]\n|-fail|p2a: Greninja\n|move|p1a: Klefki|Light Screen|p1a: Klefki\n|-sidestart|p1: oFlotz|move: Light Screen\n|move|p1b: Kingambit|Kowtow Cleave|p2b: Farigiraf\n|-supereffective|p2b: Farigiraf|1\n|-damage|p2b: Farigiraf|0 fnt\n|faint|p2b: Farigiraf\n|\n|-sideend|p1: oFlotz|Reflect\n|upkeep\n|\n|t:|1775966666\n|switch|p2b: Gardevoir|Gardevoir, L50, M|100/100\n|-ability|p2b: Gardevoir|Defiant|Trace|[from] ability: Trace|[of] p1b: Kingambit\n|turn|8\n|inactive|ReadyNature1 has 30 seconds left.\n|\n|t:|1775966699\n|move|p1b: Kingambit|Kowtow Cleave|p2b: Gardevoir\n|-damage|p2b: Gardevoir|0 fnt\n|faint|p2b: Gardevoir\n|move|p1a: Klefki|Dazzling Gleam|p2a: Greninja\n|-supereffective|p2a: Greninja|1\n|-crit|p2a: Greninja\n|-damage|p2a: Greninja|0 fnt\n|faint|p2a: Greninja\n|\n|win|oFlotz\n|raw|oFlotz's rating: 1040 &rarr; <strong>1070</strong><br />(+30 for winning)\n|raw|ReadyNature1's rating: 1000 &rarr; <strong>1000</strong><br />(+0 for losing)\n",
  "uploadtime": 1775966708,
  "views": 13,
  "formatid": "gen9championsvgc2026regma",
  "rating": 1000,
  "private": 0,
  "password": null
}