{
  "id": "gen9championsvgc2026regma-2581591335",
  "format": "[Gen 9 Champions] VGC 2026 Reg M-A",
  "players": [
    "kevintoodlepoot",
    "Braute"
  ],
  "log": "|j|\u2606kevintoodlepoot\n|j|\u2606Braute\n|t:|1776013434\n|gametype|doubles\n|player|p1|kevintoodlepoot|266|1088\n|player|p2|Braute|miku-fire|1137\n|gen|9\n|tier|[Gen 9 Champions] VGC 2026 Reg M-A\n|rated|\n|rule|Species Clause: Limit one of each Pok\u00e9mon\n|rule|Item Clause: Limit 1 of each item\n|clearpoke\n|poke|p1|Glimmora, L50, F|\n|poke|p1|Corviknight, L50, M|\n|poke|p1|Garchomp, L50, F|\n|poke|p1|Talonflame, L50, M|\n|poke|p1|Gardevoir, L50, M|\n|poke|p1|Rotom-Wash, L50|\n|poke|p2|Beedrill, L50, M|\n|poke|p2|Incineroar, L50, F|\n|poke|p2|Talonflame, L50, F|\n|poke|p2|Kingambit, L50, F|\n|poke|p2|Tyranitar, L50, F|\n|poke|p2|Excadrill, L50, M|\n|teampreview|4\n|inactive|Battle timer is ON: inactive players will automatically lose when time's up. (requested by Braute)\n|inactive|kevintoodlepoot has 60 seconds left.\n|inactive|Braute has 60 seconds left.\n|inactive|kevintoodlepoot has 30 seconds left.\n|\n|t:|1776013495\n|teamsize|p1|4\n|teamsize|p2|4\n|start\n|switch|p1a: Garchomp|Garchomp, L50, F|100/100\n|switch|p1b: Rotom|Rotom-Wash, L50|100/100\n|switch|p2a: Tyranitar|Tyranitar, L50, F|100/100\n|switch|p2b: Excadrill|Excadrill, L50, M|100/100\n|-weather|Sandstorm|[from] ability: Sand Stream|[of] p2a: Tyranitar\n|turn|1\n|\n|t:|1776013516\n|switch|p2b: Incineroar|Incineroar, L50, F, shiny|100/100\n|-ability|p2b: Incineroar|Intimidate|boost\n|-unboost|p1a: Garchomp|atk|1\n|-unboost|p1b: Rotom|atk|1\n|-enditem|p1a: Garchomp|White Herb\n|-clearnegativeboost|p1a: Garchomp|[silent]\n|move|p1a: Garchomp|Earthquake|p2b: Incineroar|[spread] p2a,p2b\n|-immune|p1b: Rotom|[from] ability: Levitate\n|-supereffective|p2a: Tyranitar|1\n|-supereffective|p2b: Incineroar|1\n|-damage|p2a: Tyranitar|35/100\n|-damage|p2b: Incineroar|27/100\n|-enditem|p2b: Incineroar|Sitrus Berry|[eat]\n|-heal|p2b: Incineroar|51/100|[from] item: Sitrus Berry\n|move|p1b: Rotom|Hydro Pump|p2a: Tyranitar|[miss]\n|-miss|p1b: Rotom|p2a: Tyranitar\n|move|p2a: Tyranitar|Knock Off|p1a: Garchomp\n|-damage|p1a: Garchomp|63/100\n|-damage|p2a: Tyranitar|23/100|[from] ability: Rough Skin|[of] p1a: Garchomp\n|\n|-weather|Sandstorm|[upkeep]\n|-damage|p1b: Rotom|95/100|[from] Sandstorm\n|-damage|p2b: Incineroar|45/100|[from] Sandstorm\n|upkeep\n|turn|2\n|\n|t:|1776013539\n|move|p2b: Incineroar|Fake Out|p1a: Garchomp\n|-damage|p1a: Garchomp|51/100\n|-damage|p2b: Incineroar|33/100|[from] ability: Rough Skin|[of] p1a: Garchomp\n|cant|p1a: Garchomp|flinch\n|move|p1b: Rotom|Hydro Pump|p2b: Incineroar|[miss]\n|-miss|p1b: Rotom|p2b: Incineroar\n|move|p2a: Tyranitar|Knock Off|p1b: Rotom\n|-damage|p1b: Rotom|29/100\n|-enditem|p1b: Rotom|Sitrus Berry|[from] move: Knock Off|[of] p2a: Tyranitar\n|\n|-weather|Sandstorm|[upkeep]\n|-damage|p1b: Rotom|24/100|[from] Sandstorm\n|-damage|p2b: Incineroar|27/100|[from] Sandstorm\n|upkeep\n|turn|3\n|\n|t:|1776013563\n|switch|p1b: Corviknight|Corviknight, L50, M|100/100\n|move|p2a: Tyranitar|Protect|p2a: Tyranitar\n|-singleturn|p2a: Tyranitar|Protect\n|move|p1a: Garchomp|Earthquake|p2a: Tyranitar|[spread] p2b\n|-activate|p2a: Tyranitar|move: Protect\n|-immune|p1b: Corviknight\n|-supereffective|p2b: Incineroar|1\n|-damage|p2b: Incineroar|0 fnt\n|faint|p2b: Incineroar\n|\n|-weather|Sandstorm|[upkeep]\n|upkeep\n|\n|t:|1776013570\n|switch|p2b: Beedrill|Beedrill, L50, M, shiny|100/100\n|turn|4\n|\n|t:|1776013581\n|detailschange|p2b: Beedrill|Beedrill-Mega, L50, M, shiny\n|-mega|p2b: Beedrill|Beedrill|Beedrillite\n|move|p2b: Beedrill|U-turn|p1a: Garchomp\n|-damage|p1a: Garchomp|0 fnt\n|-damage|p2b: Beedrill|88/100|[from] ability: Rough Skin|[of] p1a: Garchomp\n|faint|p1a: Garchomp\n|\n|t:|1776013587\n|switch|p2b: Excadrill|Excadrill, L50, M|100/100|[from] U-turn\n|move|p1b: Corviknight|Bulk Up|p1b: Corviknight\n|-boost|p1b: Corviknight|atk|1\n|-boost|p1b: Corviknight|def|1\n|move|p2a: Tyranitar|Rock Slide|p1b: Corviknight\n|-damage|p1b: Corviknight|81/100\n|\n|-weather|Sandstorm|[upkeep]\n|-heal|p1b: Corviknight|87/100|[from] item: Leftovers\n|upkeep\n|\n|t:|1776013596\n|switch|p1a: Glimmora|Glimmora, L50, F|100/100\n|turn|5\n|inactive|kevintoodlepoot has 30 seconds left.\n|\n|t:|1776013623\n|switch|p1a: Rotom|Rotom-Wash, L50|24/100\n|move|p2b: Excadrill|Rock Slide|p1b: Corviknight|[spread] p1a,p1b\n|-damage|p1a: Rotom|0 fnt\n|-damage|p1b: Corviknight|78/100\n|faint|p1a: Rotom\n|cant|p1b: Corviknight|flinch\n|move|p2a: Tyranitar|Knock Off|p1b: Corviknight\n|-damage|p1b: Corviknight|56/100\n|-enditem|p1b: Corviknight|Leftovers|[from] move: Knock Off|[of] p2a: Tyranitar\n|\n|-weather|none\n|upkeep\n|\n|t:|1776013631\n|switch|p1a: Glimmora|Glimmora, L50, F|100/100\n|turn|6\n|inactive|kevintoodlepoot has 30 seconds left.\n|\n|t:|1776013664\n|switch|p2a: Beedrill|Beedrill-Mega, L50, M, shiny|88/100\n|detailschange|p1a: Glimmora|Glimmora-Mega, L50, F\n|-mega|p1a: Glimmora|Glimmora|Glimmoranite\n|move|p2b: Excadrill|Protect|p2b: Excadrill\n|-singleturn|p2b: Excadrill|Protect\n|move|p1a: Glimmora|Power Gem|p2a: Beedrill\n|-supereffective|p2a: Beedrill|1\n|-damage|p2a: Beedrill|0 fnt\n|faint|p2a: Beedrill\n|move|p1b: Corviknight|Body Press|p2b: Excadrill\n|-activate|p2b: Excadrill|move: Protect\n|\n|upkeep\n|\n|t:|1776013684\n|switch|p2a: Tyranitar|Tyranitar, L50, F|23/100\n|-weather|Sandstorm|[from] ability: Sand Stream|[of] p2a: Tyranitar\n|turn|7\n|\n|t:|1776013704\n|move|p2b: Excadrill|High Horsepower|p1a: Glimmora\n|-supereffective|p1a: Glimmora|2\n|-damage|p1a: Glimmora|0 fnt\n|faint|p1a: Glimmora\n|move|p1b: Corviknight|Body Press|p2a: Tyranitar\n|-supereffective|p2a: Tyranitar|2\n|-damage|p2a: Tyranitar|0 fnt\n|faint|p2a: Tyranitar\n|\n|-weather|Sandstorm|[upkeep]\n|upkeep\n|turn|8\n|\n|t:|1776013718\n|move|p2b: Excadrill|Rock Slide|p1b: Corviknight\n|-damage|p1b: Corviknight|44/100\n|move|p1b: Corviknight|Roost|p1b: Corviknight\n|-heal|p1b: Corviknight|95/100\n|-singleturn|p1b: Corviknight|move: Roost\n|\n|-weather|Sandstorm|[upkeep]\n|upkeep\n|turn|9\n|\n|t:|1776013726\n|move|p2b: Excadrill|Rock Slide|p1b: Corviknight\n|-damage|p1b: Corviknight|81/100\n|move|p1b: Corviknight|Bulk Up|p1b: Corviknight\n|-boost|p1b: Corviknight|atk|1\n|-boost|p1b: Corviknight|def|1\n|\n|-weather|Sandstorm|[upkeep]\n|upkeep\n|turn|10\n|\n|t:|1776013731\n|move|p2b: Excadrill|Rock Slide|p1b: Corviknight\n|-damage|p1b: Corviknight|72/100\n|move|p1b: Corviknight|Body Press|p2b: Excadrill\n|-supereffective|p2b: Excadrill|1\n|-enditem|p2b: Excadrill|Focus Sash\n|-damage|p2b: Excadrill|1/100\n|\n|-weather|Sandstorm|[upkeep]\n|upkeep\n|turn|11\n|\n|t:|1776013737\n|move|p2b: Excadrill|Rock Slide|p1b: Corviknight\n|-damage|p1b: Corviknight|62/100\n|cant|p1b: Corviknight|flinch\n|\n|-weather|none\n|upkeep\n|turn|12\n|\n|t:|1776013741\n|move|p2b: Excadrill|Rock Slide|p1b: Corviknight\n|-damage|p1b: Corviknight|53/100\n|move|p1b: Corviknight|Body Press|p2b: Excadrill\n|-supereffective|p2b: Excadrill|1\n|-damage|p2b: Excadrill|0 fnt\n|faint|p2b: Excadrill\n|\n|win|kevintoodlepoot\n|raw|kevintoodlepoot's rating: 1088 &rarr; <strong>1119</strong><br />(+31 for winning)\n|raw|Braute's rating: 1137 &rarr; <strong>1108</strong><br />(-29 for losing)\n",
  "uploadtime": 1776013741,
  "views": 39,
  "formatid": "gen9championsvgc2026regma",
  "rating": 1108,
  "private": 0,
  "password": null
}