{
  "id": "gen9championsvgc2026regma-2581308722",
  "format": "[Gen 9 Champions] VGC 2026 Reg M-A",
  "players": [
    "loklastaji",
    "yttep"
  ],
  "log": "|j|\u2606loklastaji\n|j|\u2606yttep\n|t:|1775984603\n|gametype|doubles\n|player|p1|loklastaji|266|1185\n|player|p2|yttep|1|1133\n|gen|9\n|tier|[Gen 9 Champions] VGC 2026 Reg M-A\n|rated|\n|rule|Species Clause: Limit one of each Pok\u00e9mon\n|rule|Item Clause: Limit 1 of each item\n|clearpoke\n|poke|p1|Altaria, L50, F|\n|poke|p1|Scovillain, L50, F|\n|poke|p1|Krookodile, L50, M|\n|poke|p1|Rotom-Wash, L50|\n|poke|p1|Farigiraf, L50, F|\n|poke|p1|Sneasler, L50, M|\n|poke|p2|Pelipper, L50, M|\n|poke|p2|Gengar, L50, F|\n|poke|p2|Incineroar, L50, M|\n|poke|p2|Archaludon, L50, F|\n|poke|p2|Greninja-*, L50, M|\n|poke|p2|Blastoise, L50, M|\n|teampreview|4\n|\n|t:|1775984638\n|teamsize|p1|4\n|teamsize|p2|4\n|start\n|switch|p1a: Rotom|Rotom-Wash, L50|100/100\n|switch|p1b: Krookodile|Krookodile, L50, M|100/100\n|switch|p2a: Gengar|Gengar, L50, F|100/100\n|switch|p2b: Incineroar|Incineroar, L50, M|100/100\n|-ability|p1b: Krookodile|Intimidate|boost\n|-unboost|p2a: Gengar|atk|1\n|-unboost|p2b: Incineroar|atk|1\n|-ability|p2b: Incineroar|Intimidate|boost\n|-unboost|p1a: Rotom|atk|1\n|-unboost|p1b: Krookodile|atk|1\n|turn|1\n|inactive|Battle timer is ON: inactive players will automatically lose when time's up. (requested by yttep)\n|\n|t:|1775984663\n|detailschange|p2a: Gengar|Gengar-Mega, L50, F\n|-mega|p2a: Gengar|Gengar|Gengarite\n|move|p2b: Incineroar|Fake Out|p1b: Krookodile\n|-damage|p1b: Krookodile|90/100\n|move|p2a: Gengar|Perish Song|p2a: Gengar\n|-start|p1a: Rotom|perish3|[silent]\n|-start|p1b: Krookodile|perish3|[silent]\n|-start|p2a: Gengar|perish3|[silent]\n|-start|p2b: Incineroar|perish3|[silent]\n|-fieldactivate|move: Perish Song\n|cant|p1b: Krookodile|flinch\n|move|p1a: Rotom|Hydro Pump|p2b: Incineroar\n|-supereffective|p2b: Incineroar|1\n|-damage|p2b: Incineroar|16/100\n|-enditem|p2b: Incineroar|Sitrus Berry|[eat]\n|-heal|p2b: Incineroar|41/100|[from] item: Sitrus Berry\n|\n|-start|p2a: Gengar|perish3\n|-start|p1b: Krookodile|perish3\n|-start|p1a: Rotom|perish3\n|-start|p2b: Incineroar|perish3\n|upkeep\n|turn|2\n|inactive|loklastaji has 30 seconds left.\n|\n|t:|1775984690\n|move|p2a: Gengar|Protect|p2a: Gengar\n|-singleturn|p2a: Gengar|Protect\n|move|p2b: Incineroar|Protect|p2b: Incineroar\n|-singleturn|p2b: Incineroar|Protect\n|move|p1b: Krookodile|Earthquake|p2a: Gengar|[spread] \n|-activate|p2a: Gengar|move: Protect\n|-activate|p2b: Incineroar|move: Protect\n|-immune|p1a: Rotom|[from] ability: Levitate\n|move|p1a: Rotom|Electroweb|p2b: Incineroar|[spread] \n|-activate|p2a: Gengar|move: Protect\n|-activate|p2b: Incineroar|move: Protect\n|\n|-start|p2a: Gengar|perish2\n|-start|p1b: Krookodile|perish2\n|-start|p1a: Rotom|perish2\n|-start|p2b: Incineroar|perish2\n|upkeep\n|turn|3\n|\n|t:|1775984712\n|switch|p2a: Blastoise|Blastoise, L50, M|100/100\n|move|p1b: Krookodile|Earthquake|p2a: Blastoise|[spread] p2a,p2b\n|-immune|p1a: Rotom|[from] ability: Levitate\n|-supereffective|p2b: Incineroar|1\n|-damage|p2a: Blastoise|75/100\n|-damage|p2b: Incineroar|0 fnt\n|faint|p2b: Incineroar\n|move|p1a: Rotom|Electroweb|p2a: Blastoise\n|-supereffective|p2a: Blastoise|1\n|-damage|p2a: Blastoise|32/100\n|-unboost|p2a: Blastoise|spe|1\n|\n|-heal|p2a: Blastoise|38/100|[from] item: Leftovers\n|-start|p1b: Krookodile|perish1\n|-start|p1a: Rotom|perish1\n|upkeep\n|\n|t:|1775984719\n|switch|p2b: Gengar|Gengar-Mega, L50, F|100/100\n|turn|4\n|\n|t:|1775984732\n|move|p2b: Gengar|Protect|p2b: Gengar\n|-singleturn|p2b: Gengar|Protect\n|move|p2a: Blastoise|Protect|p2a: Blastoise\n|-singleturn|p2a: Blastoise|Protect\n|move|p1b: Krookodile|Earthquake|p2b: Gengar|[spread] \n|-activate|p2a: Blastoise|move: Protect\n|-activate|p2b: Gengar|move: Protect\n|-immune|p1a: Rotom|[from] ability: Levitate\n|move|p1a: Rotom|Electroweb|p2a: Blastoise|[spread] \n|-activate|p2a: Blastoise|move: Protect\n|-activate|p2b: Gengar|move: Protect\n|\n|-heal|p2a: Blastoise|44/100|[from] item: Leftovers\n|-start|p1b: Krookodile|perish0\n|-start|p1a: Rotom|perish0\n|faint|p1b: Krookodile\n|faint|p1a: Rotom\n|upkeep\n|\n|t:|1775984752\n|switch|p1b: Altaria|Altaria, L50, F|100/100\n|switch|p1a: Scovillain|Scovillain, L50, F|100/100\n|turn|5\n|inactive|loklastaji has 30 seconds left.\n|\n|t:|1775984785\n|detailschange|p1a: Scovillain|Scovillain-Mega, L50, F\n|-mega|p1a: Scovillain|Scovillain|Scovillainite\n|move|p2a: Blastoise|Helping Hand|p2b: Gengar\n|-singleturn|p2b: Gengar|Helping Hand|[of] p2a: Blastoise\n|move|p2b: Gengar|Shadow Ball|p1b: Altaria\n|-damage|p1b: Altaria|15/100\n|move|p1b: Altaria|Ice Beam|p2b: Gengar\n|-damage|p2b: Gengar|74/100\n|-status|p2b: Gengar|frz\n|move|p1a: Scovillain|Energy Ball|p2a: Blastoise\n|-supereffective|p2a: Blastoise|1\n|-damage|p2a: Blastoise|0 fnt\n|faint|p2a: Blastoise\n|\n|upkeep\n|\n|t:|1775984798\n|switch|p2a: Archaludon|Archaludon, L50, F|100/100\n|turn|6\n|c|\u2606yttep|bro\n|\n|t:|1775984814\n|cant|p2b: Gengar|frz\n|move|p1a: Scovillain|Rage Powder|p1a: Scovillain\n|-singleturn|p1a: Scovillain|move: Rage Powder\n|move|p2a: Archaludon|Flash Cannon|p1a: Scovillain\n|-resisted|p1a: Scovillain|1\n|-damage|p1a: Scovillain|83/100\n|-status|p2a: Archaludon|brn|[from] ability: Spicy Spray|[of] p1a: Scovillain\n|move|p1b: Altaria|Tailwind|p1b: Altaria\n|-sidestart|p1: loklastaji|move: Tailwind\n|\n|-damage|p2a: Archaludon|95/100 brn|[from] brn\n|upkeep\n|turn|7\n|c|\u2606yttep|i got crit last game to lose perish and now frozen amazing\n|inactive|loklastaji has 30 seconds left.\n|inactive|loklastaji has 20 seconds left.\n|inactive|loklastaji has 15 seconds left.\n|\n|t:|1775984857\n|cant|p2b: Gengar|frz\n|move|p1a: Scovillain|Rage Powder|p1a: Scovillain\n|-singleturn|p1a: Scovillain|move: Rage Powder\n|move|p1b: Altaria|Ice Beam|p2b: Gengar\n|-damage|p2b: Gengar|46/100 frz\n|move|p2a: Archaludon|Draco Meteor|p1a: Scovillain|[miss]\n|-miss|p2a: Archaludon|p1a: Scovillain\n|\n|-damage|p2a: Archaludon|89/100 brn|[from] brn\n|upkeep\n|turn|8\n|c|\u2606yttep|T-T\n|inactive|loklastaji has 30 seconds left.\n|c|\u2606yttep|great\n|\n|t:|1775984885\n|move|p1b: Altaria|Protect|p1b: Altaria\n|-singleturn|p1b: Altaria|Protect\n|-curestatus|p2b: Gengar|frz|[msg]\n|move|p2b: Gengar|Protect|p2b: Gengar\n|-singleturn|p2b: Gengar|Protect\n|move|p1a: Scovillain|Flamethrower|p2b: Gengar\n|-activate|p2b: Gengar|move: Protect\n|move|p2a: Archaludon|Draco Meteor|p1a: Scovillain\n|-damage|p1a: Scovillain|26/100\n|-unboost|p2a: Archaludon|spa|2\n|-enditem|p2a: Archaludon|White Herb\n|-clearnegativeboost|p2a: Archaludon|[silent]\n|\n|-damage|p2a: Archaludon|83/100 brn|[from] brn\n|upkeep\n|turn|9\n|inactive|loklastaji has 30 seconds left.\n|\n|t:|1775984911\n|move|p1b: Altaria|Ice Beam|p2b: Gengar\n|-damage|p2b: Gengar|18/100\n|move|p2b: Gengar|Shadow Ball|p1b: Altaria\n|-damage|p1b: Altaria|0 fnt\n|faint|p1b: Altaria\n|move|p1a: Scovillain|Flamethrower|p2b: Gengar\n|-damage|p2b: Gengar|0 fnt\n|faint|p2b: Gengar\n|move|p2a: Archaludon|Draco Meteor|p1a: Scovillain\n|-damage|p1a: Scovillain|0 fnt\n|-unboost|p2a: Archaludon|spa|2\n|faint|p1a: Scovillain\n|\n|win|yttep\n|raw|loklastaji's rating: 1185 &rarr; <strong>1156</strong><br />(-29 for losing)\n|raw|yttep's rating: 1133 &rarr; <strong>1162</strong><br />(+29 for winning)\n",
  "uploadtime": 1775984927,
  "views": 15,
  "formatid": "gen9championsvgc2026regma",
  "rating": 1156,
  "private": 0,
  "password": null
}