{
  "id": "gen9championsvgc2026regma-2588792283",
  "format": "[Gen 9 Champions] VGC 2026 Reg M-A",
  "players": [
    "oobin",
    "Crash0utVGC"
  ],
  "log": "|j|\u2606oobin\n|j|\u2606Crash0utVGC\n|t:|1776671405\n|gametype|doubles\n|player|p1|oobin|266|1177\n|player|p2|Crash0utVGC|colress|1224\n|gen|9\n|tier|[Gen 9 Champions] VGC 2026 Reg M-A\n|rated|\n|rule|Species Clause: Limit one of each Pok\u00e9mon\n|rule|Item Clause: Limit 1 of each item\n|clearpoke\n|poke|p1|Floette-Eternal, L50, F|\n|poke|p1|Aerodactyl, L50, M|\n|poke|p1|Sneasler, L50, M|\n|poke|p1|Incineroar, L50, F, shiny|\n|poke|p1|Garchomp, L50, M|\n|poke|p1|Kingambit, L50, M|\n|poke|p2|Charizard, L50, F|\n|poke|p2|Sinistcha-Masterpiece, L50|\n|poke|p2|Tyranitar, L50, F, shiny|\n|poke|p2|Incineroar, L50, F|\n|poke|p2|Milotic, L50, F, shiny|\n|poke|p2|Sneasler, L50, F, shiny|\n|teampreview|4\n|\n|t:|1776671442\n|teamsize|p1|4\n|teamsize|p2|4\n|start\n|switch|p1a: Floette|Floette-Eternal, L50, F|100/100\n|switch|p1b: Aerodactyl|Aerodactyl, L50, M|100/100\n|switch|p2a: Charizard|Charizard, L50, F|100/100\n|switch|p2b: Milotic|Milotic, L50, F, shiny|100/100\n|-ability|p1b: Aerodactyl|Unnerve\n|turn|1\n|\n|t:|1776671458\n|detailschange|p1a: Floette|Floette-Mega, L50, F\n|-mega|p1a: Floette|Floette|Floettite\n|-ability|p1a: Floette|Fairy Aura\n|detailschange|p2a: Charizard|Charizard-Mega-X, L50, F\n|-mega|p2a: Charizard|Charizard|Charizardite X\n|move|p1b: Aerodactyl|Tailwind|p1b: Aerodactyl\n|-sidestart|p1: oobin|move: Tailwind\n|move|p1a: Floette|Calm Mind|p1a: Floette\n|-boost|p1a: Floette|spa|1\n|-boost|p1a: Floette|spd|1\n|move|p2a: Charizard|Dragon Dance|p2a: Charizard\n|-boost|p2a: Charizard|atk|1\n|-boost|p2a: Charizard|spe|1\n|move|p2b: Milotic|Icy Wind|p1a: Floette|[spread] p1a,p1b\n|-supereffective|p1b: Aerodactyl|1\n|-damage|p1a: Floette|94/100\n|-damage|p1b: Aerodactyl|75/100\n|-unboost|p1a: Floette|spe|1\n|-unboost|p1b: Aerodactyl|spe|1\n|\n|upkeep\n|turn|2\n|\n|t:|1776671478\n|move|p2a: Charizard|Protect|p2a: Charizard\n|-singleturn|p2a: Charizard|Protect\n|move|p1b: Aerodactyl|Rock Slide|p2b: Milotic|[spread] p2b\n|-activate|p2a: Charizard|move: Protect\n|-damage|p2b: Milotic|79/100\n|move|p1a: Floette|Moonblast|p2a: Charizard\n|-activate|p2a: Charizard|move: Protect\n|move|p2b: Milotic|Icy Wind|p1a: Floette|[spread] p1a,p1b\n|-supereffective|p1b: Aerodactyl|1\n|-damage|p1a: Floette|88/100\n|-damage|p1b: Aerodactyl|46/100\n|-unboost|p1a: Floette|spe|1\n|-unboost|p1b: Aerodactyl|spe|1\n|\n|-heal|p2b: Milotic|85/100|[from] item: Leftovers\n|upkeep\n|turn|3\n|\n|t:|1776671496\n|switch|p1b: Sneasler|Sneasler, L50, M|100/100\n|move|p1a: Floette|Protect|p1a: Floette\n|-singleturn|p1a: Floette|Protect\n|move|p2a: Charizard|Flare Blitz|p1a: Floette\n|-activate|p1a: Floette|move: Protect\n|move|p2b: Milotic|Scald|p1b: Sneasler\n|-damage|p1b: Sneasler|54/100\n|-status|p1b: Sneasler|brn\n|\n|-heal|p2b: Milotic|91/100|[from] item: Leftovers\n|-damage|p1b: Sneasler|48/100 brn|[from] brn\n|upkeep\n|turn|4\n|\n|t:|1776671510\n|move|p2a: Charizard|Protect|p2a: Charizard\n|-singleturn|p2a: Charizard|Protect\n|move|p2b: Milotic|Protect|p2b: Milotic\n|-singleturn|p2b: Milotic|Protect\n|move|p1b: Sneasler|Fake Out|p2a: Charizard\n|-activate|p2a: Charizard|move: Protect\n|move|p1a: Floette|Moonblast|p2a: Charizard\n|-activate|p2a: Charizard|move: Protect\n|\n|-heal|p2b: Milotic|97/100|[from] item: Leftovers\n|-damage|p1b: Sneasler|43/100 brn|[from] brn\n|-sideend|p1: oobin|move: Tailwind\n|upkeep\n|turn|5\n|\n|t:|1776671517\n|move|p2a: Charizard|Flare Blitz|p1a: Floette\n|-damage|p1a: Floette|0 fnt\n|faint|p1a: Floette\n|-damage|p2a: Charizard|75/100|[from] Recoil\n|move|p1b: Sneasler|Close Combat|p2b: Milotic\n|-damage|p2b: Milotic|61/100\n|-unboost|p1b: Sneasler|def|1\n|-unboost|p1b: Sneasler|spd|1\n|-enditem|p1b: Sneasler|White Herb\n|-clearnegativeboost|p1b: Sneasler|[silent]\n|move|p2b: Milotic|Scald|p1b: Sneasler\n|-damage|p1b: Sneasler|0 fnt\n|faint|p1b: Sneasler\n|\n|-heal|p2b: Milotic|67/100|[from] item: Leftovers\n|upkeep\n|\n|t:|1776671520\n|switch|p1b: Kingambit|Kingambit, L50, M|100/100\n|switch|p1a: Aerodactyl|Aerodactyl, L50, M|46/100\n|-ability|p1a: Aerodactyl|Unnerve\n|turn|6\n|\n|t:|1776671545\n|switch|p2b: Sinistcha|Sinistcha-Masterpiece, L50|100/100\n|-heal|p2a: Charizard|99/100|[from] ability: Hospitality|[of] p2b: Sinistcha\n|move|p2a: Charizard|Flare Blitz|p1a: Aerodactyl\n|-resisted|p1a: Aerodactyl|1\n|-damage|p1a: Aerodactyl|0 fnt\n|faint|p1a: Aerodactyl\n|-damage|p2a: Charizard|83/100|[from] Recoil\n|move|p1b: Kingambit|Kowtow Cleave|p2a: Charizard\n|-damage|p2a: Charizard|23/100\n|\n|upkeep\n|turn|7\n|-message|oobin forfeited.\n|\n|win|Crash0utVGC\n|raw|oobin's rating: 1177 &rarr; <strong>1155</strong><br />(-22 for losing)\n|raw|Crash0utVGC's rating: 1224 &rarr; <strong>1246</strong><br />(+22 for winning)\n",
  "uploadtime": 1776671558,
  "views": 9,
  "formatid": "gen9championsvgc2026regma",
  "rating": 1155,
  "private": 0,
  "password": null
}