{
  "id": "gen9championsvgc2026regma-2587893982",
  "format": "[Gen 9 Champions] VGC 2026 Reg M-A",
  "players": [
    "VesselofShovels",
    "soracurry"
  ],
  "log": "|j|\u2606VesselofShovels\n|j|\u2606soracurry\n|t:|1776575653\n|gametype|doubles\n|player|p1|VesselofShovels|265|1189\n|player|p2|soracurry|265|1095\n|gen|9\n|tier|[Gen 9 Champions] VGC 2026 Reg M-A\n|rated|\n|rule|Species Clause: Limit one of each Pok\u00e9mon\n|rule|Item Clause: Limit 1 of each item\n|clearpoke\n|poke|p1|Dragonite, L50, F|\n|poke|p1|Basculegion, L50, M|\n|poke|p1|Archaludon, L50, F|\n|poke|p1|Pelipper, L50, M|\n|poke|p1|Sinistcha-Masterpiece, L50|\n|poke|p1|Gengar, L50, M|\n|poke|p2|Incineroar, L50, M|\n|poke|p2|Aerodactyl, L50, M|\n|poke|p2|Gardevoir, L50, F|\n|poke|p2|Sneasler, L50, F|\n|poke|p2|Maushold, L50|\n|poke|p2|Kingambit, L50, F|\n|teampreview|4\n|inactive|Battle timer is ON: inactive players will automatically lose when time's up. (requested by soracurry)\n|inactive|VesselofShovels has 60 seconds left.\n|\n|t:|1776575692\n|teamsize|p1|4\n|teamsize|p2|4\n|start\n|switch|p1a: Basculegion|Basculegion, L50, M|100/100\n|switch|p1b: Archaludon|Archaludon, L50, F|100/100\n|switch|p2a: Gardevoir|Gardevoir, L50, F|100/100\n|switch|p2b: Aerodactyl|Aerodactyl, L50, M|100/100\n|-ability|p2b: Aerodactyl|Unnerve\n|-ability|p2a: Gardevoir|Adaptability|Trace|[from] ability: Trace|[of] p1a: Basculegion\n|turn|1\n|\n|t:|1776575712\n|switch|p2b: Incineroar|Incineroar, L50, M|100/100\n|-ability|p2b: Incineroar|Intimidate|boost\n|-unboost|p1a: Basculegion|atk|1\n|-unboost|p1b: Archaludon|atk|1\n|detailschange|p2a: Gardevoir|Gardevoir-Mega, L50, F\n|-mega|p2a: Gardevoir|Gardevoir|Gardevoirite\n|move|p1a: Basculegion|Flip Turn|p2b: Incineroar\n|-supereffective|p2b: Incineroar|1\n|-damage|p2b: Incineroar|63/100\n|\n|t:|1776575728\n|switch|p1a: Pelipper|Pelipper, L50, M|100/100|[from] Flip Turn\n|-weather|RainDance|[from] ability: Drizzle|[of] p1a: Pelipper\n|move|p2a: Gardevoir|Hyper Voice|p1a: Pelipper|[spread] p1a,p1b\n|-damage|p1a: Pelipper|29/100\n|-damage|p1b: Archaludon|31/100\n|-ability|p1b: Archaludon|Stamina|boost\n|-boost|p1b: Archaludon|def|1\n|move|p1b: Archaludon|Flash Cannon|p2a: Gardevoir\n|-supereffective|p2a: Gardevoir|1\n|-damage|p2a: Gardevoir|27/100\n|\n|-weather|RainDance|[upkeep]\n|-heal|p1b: Archaludon|38/100|[from] item: Leftovers\n|upkeep\n|turn|2\n|\n|t:|1776575752\n|switch|p1a: Sinistcha|Sinistcha-Masterpiece, L50|100/100\n|-heal|p1b: Archaludon|62/100|[from] ability: Hospitality|[of] p1a: Sinistcha\n|move|p1b: Archaludon|Protect|p1b: Archaludon\n|-singleturn|p1b: Archaludon|Protect\n|move|p2b: Incineroar|Fake Out|p1a: Sinistcha\n|-immune|p1a: Sinistcha\n|move|p2a: Gardevoir|Hyper Voice|p1b: Archaludon|[spread] p1a\n|-activate|p1b: Archaludon|move: Protect\n|-damage|p1a: Sinistcha|42/100\n|\n|-weather|RainDance|[upkeep]\n|-heal|p1b: Archaludon|69/100|[from] item: Leftovers\n|upkeep\n|turn|3\n|inactive|VesselofShovels has 30 seconds left.\n|inactive|soracurry has 30 seconds left.\n|\n|t:|1776575788\n|move|p2a: Gardevoir|Hyper Voice|p1b: Archaludon|[spread] p1a,p1b\n|-damage|p1a: Sinistcha|0 fnt\n|-damage|p1b: Archaludon|5/100\n|-ability|p1b: Archaludon|Stamina|boost\n|-boost|p1b: Archaludon|def|1\n|faint|p1a: Sinistcha\n|move|p1b: Archaludon|Flash Cannon|p2a: Gardevoir\n|-supereffective|p2a: Gardevoir|1\n|-damage|p2a: Gardevoir|0 fnt\n|faint|p2a: Gardevoir\n|move|p2b: Incineroar|Parting Shot|p1b: Archaludon\n|-unboost|p1b: Archaludon|atk|1\n|-unboost|p1b: Archaludon|spa|1\n|\n|t:|1776575792\n|switch|p2b: Kingambit|Kingambit, L50, F|100/100|[from] Parting Shot\n|\n|-weather|RainDance|[upkeep]\n|-heal|p1b: Archaludon|11/100|[from] item: Leftovers\n|upkeep\n|\n|t:|1776575805\n|switch|p2a: Aerodactyl|Aerodactyl, L50, M|100/100\n|switch|p1a: Pelipper|Pelipper, L50, M|29/100\n|-ability|p2a: Aerodactyl|Unnerve\n|turn|4\n|\n|t:|1776575820\n|move|p2b: Kingambit|Sucker Punch||[still]\n|-fail|p2b: Kingambit\n|move|p2a: Aerodactyl|Rock Slide|p1b: Archaludon|[spread] p1a,p1b\n|-supereffective|p1a: Pelipper|1\n|-resisted|p1b: Archaludon|1\n|-damage|p1a: Pelipper|0 fnt\n|-damage|p1b: Archaludon|6/100\n|-ability|p1b: Archaludon|Stamina|boost\n|-boost|p1b: Archaludon|def|1\n|faint|p1a: Pelipper\n|move|p1b: Archaludon|Reflect|p1b: Archaludon\n|-sidestart|p1: VesselofShovels|Reflect\n|\n|-weather|RainDance|[upkeep]\n|-heal|p1b: Archaludon|12/100|[from] item: Leftovers\n|upkeep\n|\n|t:|1776575830\n|switch|p1a: Basculegion|Basculegion, L50, M|100/100\n|turn|5\n|\n|t:|1776575838\n|switch|p2b: Incineroar|Incineroar, L50, M|63/100\n|-ability|p2b: Incineroar|Intimidate|boost\n|-unboost|p1a: Basculegion|atk|1\n|-unboost|p1b: Archaludon|atk|1\n|move|p2a: Aerodactyl|Protect|p2a: Aerodactyl\n|-singleturn|p2a: Aerodactyl|Protect\n|move|p1b: Archaludon|Protect|p1b: Archaludon\n|-singleturn|p1b: Archaludon|Protect\n|move|p1a: Basculegion|Wave Crash|p2b: Incineroar\n|-supereffective|p2b: Incineroar|1\n|-damage|p2b: Incineroar|0 fnt\n|faint|p2b: Incineroar\n|-damage|p1a: Basculegion|79/100|[from] Recoil\n|\n|-weather|none\n|-heal|p1b: Archaludon|18/100|[from] item: Leftovers\n|upkeep\n|\n|t:|1776575848\n|switch|p2b: Kingambit|Kingambit, L50, F|100/100\n|turn|6\n|inactive|VesselofShovels has 30 seconds left.\n|\n|t:|1776575875\n|move|p1a: Basculegion|Wave Crash|p2a: Aerodactyl\n|-supereffective|p2a: Aerodactyl|1\n|-enditem|p2a: Aerodactyl|Focus Sash\n|-damage|p2a: Aerodactyl|1/100\n|-damage|p1a: Basculegion|53/100|[from] Recoil\n|move|p2a: Aerodactyl|Tailwind|p2a: Aerodactyl\n|-sidestart|p2: soracurry|move: Tailwind\n|move|p2b: Kingambit|Low Kick|p1b: Archaludon\n|-supereffective|p1b: Archaludon|1\n|-damage|p1b: Archaludon|5/100\n|-ability|p1b: Archaludon|Stamina|boost\n|-boost|p1b: Archaludon|def|1\n|move|p1b: Archaludon|Flash Cannon|p2a: Aerodactyl\n|-supereffective|p2a: Aerodactyl|1\n|-damage|p2a: Aerodactyl|0 fnt\n|faint|p2a: Aerodactyl\n|\n|-heal|p1b: Archaludon|11/100|[from] item: Leftovers\n|upkeep\n|turn|7\n|\n|t:|1776575898\n|move|p1a: Basculegion|Wave Crash|p2b: Kingambit\n|-damage|p2b: Kingambit|56/100\n|-damage|p1a: Basculegion|40/100|[from] Recoil\n|move|p2b: Kingambit|Kowtow Cleave|p1a: Basculegion\n|-supereffective|p1a: Basculegion|1\n|-damage|p1a: Basculegion|0 fnt\n|faint|p1a: Basculegion\n|move|p1b: Archaludon|Flash Cannon|p2b: Kingambit\n|-resisted|p2b: Kingambit|1\n|-damage|p2b: Kingambit|40/100\n|\n|-heal|p1b: Archaludon|17/100|[from] item: Leftovers\n|upkeep\n|turn|8\n|\n|t:|1776575910\n|move|p1b: Archaludon|Protect|p1b: Archaludon\n|-singleturn|p1b: Archaludon|Protect\n|move|p2b: Kingambit|Low Kick|p1b: Archaludon\n|-activate|p1b: Archaludon|move: Protect\n|\n|-heal|p1b: Archaludon|23/100|[from] item: Leftovers\n|-sideend|p1: VesselofShovels|Reflect\n|upkeep\n|turn|9\n|\n|t:|1776575920\n|move|p2b: Kingambit|Low Kick|p1b: Archaludon\n|-supereffective|p1b: Archaludon|1\n|-damage|p1b: Archaludon|7/100\n|-ability|p1b: Archaludon|Stamina|boost\n|-boost|p1b: Archaludon|def|1\n|move|p1b: Archaludon|Reflect|p1b: Archaludon\n|-sidestart|p1: VesselofShovels|Reflect\n|\n|-heal|p1b: Archaludon|13/100|[from] item: Leftovers\n|-sideend|p2: soracurry|move: Tailwind\n|upkeep\n|turn|10\n|\n|t:|1776575928\n|move|p1b: Archaludon|Protect|p1b: Archaludon\n|-singleturn|p1b: Archaludon|Protect\n|move|p2b: Kingambit|Low Kick|p1b: Archaludon\n|-activate|p1b: Archaludon|move: Protect\n|\n|-heal|p1b: Archaludon|19/100|[from] item: Leftovers\n|upkeep\n|turn|11\n|\n|t:|1776575939\n|move|p1b: Archaludon|Protect||[still]\n|-fail|p1b: Archaludon\n|move|p2b: Kingambit|Low Kick|p1b: Archaludon\n|-supereffective|p1b: Archaludon|1\n|-damage|p1b: Archaludon|9/100\n|-ability|p1b: Archaludon|Stamina|boost\n|-boost|p1b: Archaludon|def|1\n|\n|-heal|p1b: Archaludon|15/100|[from] item: Leftovers\n|upkeep\n|turn|12\n|\n|t:|1776575951\n|move|p1b: Archaludon|Flash Cannon|p2b: Kingambit\n|-resisted|p2b: Kingambit|1\n|-damage|p2b: Kingambit|21/100\n|move|p2b: Kingambit|Low Kick|p1b: Archaludon\n|-supereffective|p1b: Archaludon|1\n|-damage|p1b: Archaludon|7/100\n|\n|-heal|p1b: Archaludon|13/100|[from] item: Leftovers\n|upkeep\n|turn|13\n|\n|t:|1776575961\n|move|p1b: Archaludon|Flash Cannon|p2b: Kingambit\n|-resisted|p2b: Kingambit|1\n|-damage|p2b: Kingambit|4/100\n|move|p2b: Kingambit|Low Kick|p1b: Archaludon\n|-supereffective|p1b: Archaludon|1\n|-damage|p1b: Archaludon|5/100\n|\n|-heal|p1b: Archaludon|11/100|[from] item: Leftovers\n|-sideend|p1: VesselofShovels|Reflect\n|upkeep\n|turn|14\n|-message|soracurry forfeited.\n|\n|win|VesselofShovels\n|raw|VesselofShovels's rating: 1189 &rarr; <strong>1207</strong><br />(+18 for winning)\n|raw|soracurry's rating: 1095 &rarr; <strong>1077</strong><br />(-18 for losing)\n|l|\u2606soracurry\n|player|p2|\n",
  "uploadtime": 1776575979,
  "views": 25,
  "formatid": "gen9championsvgc2026regma",
  "rating": 1077,
  "private": 0,
  "password": null
}