{
  "id": "gen9championsvgc2026regma-2581215728",
  "format": "[Gen 9 Champions] VGC 2026 Reg M-A",
  "players": [
    "Viophire",
    "Swis_Chris"
  ],
  "log": "|j|\u2606Viophire\n|j|\u2606Swis_Chris\n|t:|1775971834\n|gametype|doubles\n|player|p1|Viophire|rosa|\n|player|p2|Swis_Chris|hop-masters|\n|gen|9\n|tier|[Gen 9 Champions] VGC 2026 Reg M-A\n|rated|Tournament battle\n|rule|Species Clause: Limit one of each Pok\u00e9mon\n|rule|Item Clause: Limit 1 of each item\n|clearpoke\n|poke|p1|Charizard, L50, M|\n|poke|p1|Primarina, L50, M|\n|poke|p1|Garchomp, L50, F|\n|poke|p1|Serperior, L50, F|\n|poke|p1|Sneasler, L50, F|\n|poke|p1|Ninetales-Alola, L50, F|\n|poke|p2|Chesnaught, L50, M|\n|poke|p2|Basculegion, L50, M|\n|poke|p2|Sinistcha-Masterpiece, L50|\n|poke|p2|Incineroar, L50, M|\n|poke|p2|Pelipper, L50, M|\n|teampreview|4\nViophire has agreed to open team sheets.\n|j| Ghostistheman\nSwis_Chris has agreed to open team sheets.\n|showteam|p1|Charizard||CharizarditeX|Blaze|FlareBlitz,DragonClaw,Roost,Protect|||M|||50|]Primarina||Leftovers|LiquidVoice|HyperVoice,Moonblast,CalmMind,Protect|||M|||50|]Garchomp||FocusSash|RoughSkin|BreakingSwipe,StompingTantrum,RockSlide,Protect|||F|||50|]Serperior||MiracleSeed|Contrary|LeafStorm,GigaDrain,Glare,Protect|||F|||50|]Sneasler||WhiteHerb|Unburden|FakeOut,DireClaw,CloseCombat,Coaching|||F|||50|]Ninetales-Alola||NeverMeltIce|SnowWarning|Blizzard,IcyWind,AuroraVeil,Protect|||F|||50|\n|showteam|p2|Chesnaught||Chesnaughtite|Bulletproof|SpikyShield,BodyPress,PainSplit,IronDefense|||M|||50|]Basculegion||MysticWater|SwiftSwim|AquaJet,WaveCrash,LastRespects,Protect|||M|||50|]Sinistcha-Masterpiece||MentalHerb|Hospitality|RagePowder,TrickRoom,LifeDew,Memento||||||50|]Incineroar||SitrusBerry|Intimidate|FakeOut,FlareBlitz,DarkestLariat,PartingShot|||M|||50|]Pelipper||FocusSash|Drizzle|Uturn,WeatherBall,Hurricane,WideGuard|||M|||50|\n|\n|t:|1775971945\n|teamsize|p1|4\n|teamsize|p2|4\n|start\n|switch|p1a: Agnes Tachyon|Serperior, L50, F, shiny|100/100\n|switch|p1b: Curren Chan|Sneasler, L50, F|100/100\n|switch|p2a: Incineroar|Incineroar, L50, M, shiny|100/100\n|switch|p2b: Chesnaught|Chesnaught, L50, M|100/100\n|-ability|p2a: Incineroar|Intimidate|boost\n|-boost|p1a: Agnes Tachyon|atk|1\n|-unboost|p1b: Curren Chan|atk|1\n|-enditem|p1b: Curren Chan|White Herb\n|-clearnegativeboost|p1b: Curren Chan|[silent]\n|turn|1\n|\n|t:|1775971966\n|detailschange|p2b: Chesnaught|Chesnaught-Mega, L50, M\n|-mega|p2b: Chesnaught|Chesnaught|Chesnaughtite\n|move|p1a: Agnes Tachyon|Protect|p1a: Agnes Tachyon\n|-singleturn|p1a: Agnes Tachyon|Protect\n|move|p2b: Chesnaught|Spiky Shield|p2b: Chesnaught\n|-singleturn|p2b: Chesnaught|move: Protect\n|move|p1b: Curren Chan|Fake Out|p2b: Chesnaught\n|-activate|p2b: Chesnaught|move: Protect\n|-damage|p1b: Curren Chan|88/100|[from] Spiky Shield|[of] p2b: Chesnaught\n|move|p2a: Incineroar|Fake Out|p1a: Agnes Tachyon\n|-activate|p1a: Agnes Tachyon|move: Protect\n|\n|upkeep\n|turn|2\n|j|@Robbie35646\n|l|@Robbie35646\n|\n|t:|1775971984\n|move|p1b: Curren Chan|Close Combat|p2a: Incineroar\n|-supereffective|p2a: Incineroar|1\n|-damage|p2a: Incineroar|0 fnt\n|-unboost|p1b: Curren Chan|def|1\n|-unboost|p1b: Curren Chan|spd|1\n|faint|p2a: Incineroar\n|move|p1a: Agnes Tachyon|Glare|p2b: Chesnaught\n|-status|p2b: Chesnaught|par\n|move|p2b: Chesnaught|Iron Defense|p2b: Chesnaught\n|-boost|p2b: Chesnaught|def|2\n|\n|upkeep\n|\n|t:|1775971997\n|switch|p2a: Pelipper|Pelipper, L50, M, shiny|100/100\n|-weather|RainDance|[from] ability: Drizzle|[of] p2a: Pelipper\n|turn|3\n|\n|t:|1775972012\n|move|p1b: Curren Chan|Dire Claw|p2a: Pelipper\n|-damage|p2a: Pelipper|57/100\n|move|p1a: Agnes Tachyon|Leaf Storm|p2a: Pelipper\n|-damage|p2a: Pelipper|0 fnt\n|-boost|p1a: Agnes Tachyon|spa|2\n|faint|p2a: Pelipper\n|move|p2b: Chesnaught|Body Press|p1b: Curren Chan\n|-resisted|p1b: Curren Chan|1\n|-damage|p1b: Curren Chan|0 fnt\n|faint|p1b: Curren Chan\n|\n|-weather|RainDance|[upkeep]\n|upkeep\n|\n|t:|1775972023\n|switch|p1b: Super Creek|Ninetales-Alola, L50, F|100/100\n|switch|p2a: Sinistcha|Sinistcha-Masterpiece, L50|100/100\n|-weather|Snowscape|[from] ability: Snow Warning|[of] p1b: Super Creek\n|turn|4\n|\n|t:|1775972036\n|move|p2b: Chesnaught|Spiky Shield|p2b: Chesnaught\n|-singleturn|p2b: Chesnaught|move: Protect\n|move|p1a: Agnes Tachyon|Leaf Storm|p2b: Chesnaught\n|-activate|p2b: Chesnaught|move: Protect\n|move|p1b: Super Creek|Blizzard|p2b: Chesnaught|[spread] p2a\n|-activate|p2b: Chesnaught|move: Protect\n|-supereffective|p2a: Sinistcha|1\n|-damage|p2a: Sinistcha|33/100\n|move|p2a: Sinistcha|Trick Room|p2a: Sinistcha\n|-fieldstart|move: Trick Room|[of] p2a: Sinistcha\n|\n|-weather|Snowscape|[upkeep]\n|upkeep\n|turn|5\n|l| Ghostistheman\n|\n|t:|1775972054\n|move|p1b: Super Creek|Protect|p1b: Super Creek\n|-singleturn|p1b: Super Creek|Protect\n|move|p2b: Chesnaught|Body Press|p1b: Super Creek\n|-activate|p1b: Super Creek|move: Protect\n|move|p2a: Sinistcha|Memento|p1a: Agnes Tachyon\n|-boost|p1a: Agnes Tachyon|atk|2\n|-boost|p1a: Agnes Tachyon|spa|2\n|faint|p2a: Sinistcha\n|move|p1a: Agnes Tachyon|Leaf Storm|p2b: Chesnaught\n|-resisted|p2b: Chesnaught|1\n|-damage|p2b: Chesnaught|50/100 par\n|-boost|p1a: Agnes Tachyon|spa|2\n|\n|-weather|Snowscape|[upkeep]\n|upkeep\n|turn|6\n|c|\u2606Swis_Chris|I\u2019m so dumb\n|c|\u2606Viophire|I would have done that too\n|c|\u2606Viophire|it\u2019s okay\n|\n|t:|1775972088\n|move|p2b: Chesnaught|Body Press|p1b: Super Creek\n|-damage|p1b: Super Creek|2/100\n|move|p1b: Super Creek|Blizzard|p2b: Chesnaught\n|-supereffective|p2b: Chesnaught|1\n|-damage|p2b: Chesnaught|0 fnt\n|faint|p2b: Chesnaught\n|\n|win|Viophire\n|n|\u2606Viophire|viophire\n|n|\u2606Swis_Chris|swischris\n",
  "uploadtime": 1775972098,
  "views": 30,
  "formatid": "gen9championsvgc2026regma",
  "rating": null,
  "private": 0,
  "password": null
}