{
  "id": "gen9championsvgc2026regma-2587866949",
  "format": "[Gen 9 Champions] VGC 2026 Reg M-A",
  "players": [
    "I Kamp",
    "TheGamingMammoth"
  ],
  "log": "|j|\u2606I Kamp\n|j|\u2606TheGamingMammoth\n|t:|1776572376\n|gametype|doubles\n|player|p1|I Kamp|266|1037\n|player|p2|TheGamingMammoth|1|1010\n|gen|9\n|tier|[Gen 9 Champions] VGC 2026 Reg M-A\n|rated|\n|rule|Species Clause: Limit one of each Pok\u00e9mon\n|rule|Item Clause: Limit 1 of each item\n|clearpoke\n|poke|p1|Delphox, L50, F|\n|poke|p1|Rotom-Frost, L50|\n|poke|p1|Ninetales-Alola, L50, F|\n|poke|p1|Aegislash, L50, F|\n|poke|p1|Whimsicott, L50, F|\n|poke|p1|Raichu, L50, M|\n|poke|p2|Politoed, L50, M|\n|poke|p2|Abomasnow, L50, M|\n|poke|p2|Basculegion, L50, M|\n|poke|p2|Archaludon, L50, F|\n|poke|p2|Aerodactyl, L50, F|\n|poke|p2|Venusaur, L50, F|\n|teampreview|4\n|\n|t:|1776572397\n|teamsize|p1|4\n|teamsize|p2|4\n|start\n|switch|p1a: Rotom|Rotom-Frost, L50|100/100\n|switch|p1b: Whimsicott|Whimsicott, L50, F|100/100\n|switch|p2a: Basculegion|Basculegion, L50, M|100/100\n|switch|p2b: Archaludon|Archaludon, L50, F|100/100\n|turn|1\n|\n|t:|1776572423\n|move|p2a: Basculegion|Protect|p2a: Basculegion\n|-singleturn|p2a: Basculegion|Protect\n|move|p1b: Whimsicott|Tailwind|p1b: Whimsicott\n|-sidestart|p1: I Kamp|move: Tailwind\n|move|p1a: Rotom|Volt Switch|p2a: Basculegion\n|-activate|p2a: Basculegion|move: Protect\n|move|p2b: Archaludon|Flash Cannon|p1b: Whimsicott\n|-supereffective|p1b: Whimsicott|1\n|-enditem|p1b: Whimsicott|Focus Sash\n|-damage|p1b: Whimsicott|1/100\n|\n|upkeep\n|turn|2\n|\n|t:|1776572451\n|move|p1b: Whimsicott|Encore|p2a: Basculegion\n|-start|p2a: Basculegion|Encore\n|move|p2a: Basculegion|Protect||[still]\n|-fail|p2a: Basculegion\n|move|p1a: Rotom|Volt Switch|p2b: Archaludon\n|-resisted|p2b: Archaludon|1\n|-damage|p2b: Archaludon|79/100\n|\n|t:|1776572458\n|switch|p1a: Raichu|Raichu, L50, M|100/100|[from] Volt Switch\n|move|p2b: Archaludon|Flash Cannon|p1a: Raichu\n|-resisted|p1a: Raichu|1\n|-damage|p1a: Raichu|75/100\n|\n|upkeep\n|turn|3\n|\n|t:|1776572472\n|switch|p1b: Delphox|Delphox, L50, F|100/100\n|switch|p2a: Venusaur|Venusaur, L50, F|100/100\n|move|p1a: Raichu|Fake Out|p2b: Archaludon\n|-resisted|p2b: Archaludon|1\n|-damage|p2b: Archaludon|77/100\n|cant|p2b: Archaludon|flinch\n|\n|upkeep\n|turn|4\n|\n|t:|1776572501\n|detailschange|p1b: Delphox|Delphox-Mega, L50, F\n|-mega|p1b: Delphox|Delphox|Delphoxite\n|detailschange|p2a: Venusaur|Venusaur-Mega, L50, F\n|-mega|p2a: Venusaur|Venusaur|Venusaurite\n|move|p2b: Archaludon|Protect|p2b: Archaludon\n|-singleturn|p2b: Archaludon|Protect\n|move|p1b: Delphox|Heat Wave|p2a: Venusaur|[spread] p2a\n|-activate|p2b: Archaludon|move: Protect\n|-supereffective|p2a: Venusaur|1\n|-damage|p2a: Venusaur|66/100\n|move|p1a: Raichu|Volt Switch|p2a: Venusaur\n|-resisted|p2a: Venusaur|1\n|-damage|p2a: Venusaur|57/100\n|\n|t:|1776572514\n|switch|p1a: Whimsicott|Whimsicott, L50, F|1/100|[from] Volt Switch\n|move|p2a: Venusaur|Sleep Powder|p1a: Whimsicott\n|-immune|p1a: Whimsicott\n|\n|-sideend|p1: I Kamp|move: Tailwind\n|upkeep\n|turn|5\n|\n|t:|1776572529\n|switch|p2b: Basculegion|Basculegion, L50, M|100/100\n|move|p1a: Whimsicott|Encore||[still]\n|-fail|p1a: Whimsicott\n|move|p1b: Delphox|Psychic|p2a: Venusaur\n|-supereffective|p2a: Venusaur|1\n|-damage|p2a: Venusaur|0 fnt\n|faint|p2a: Venusaur\n|\n|upkeep\n|\n|t:|1776572538\n|switch|p2a: Politoed|Politoed, L50, M|100/100\n|-weather|RainDance|[from] ability: Drizzle|[of] p2a: Politoed\n|turn|6\n|\n|t:|1776572548\n|move|p1b: Delphox|Protect|p1b: Delphox\n|-singleturn|p1b: Delphox|Protect\n|move|p1a: Whimsicott|Tailwind|p1a: Whimsicott\n|-sidestart|p1: I Kamp|move: Tailwind\n|move|p2b: Basculegion|Wave Crash|p1b: Delphox\n|-activate|p1b: Delphox|move: Protect\n|move|p2a: Politoed|Rain Dance||[still]\n|-fail|p2a: Politoed\n|\n|-weather|RainDance|[upkeep]\n|upkeep\n|turn|7\n|\n|t:|1776572578\n|switch|p2a: Archaludon|Archaludon, L50, F|77/100\n|move|p2b: Basculegion|Aqua Jet|p1a: Whimsicott\n|-resisted|p1a: Whimsicott|1\n|-damage|p1a: Whimsicott|0 fnt\n|faint|p1a: Whimsicott\n|move|p1b: Delphox|Psychic|p2b: Basculegion\n|-damage|p2b: Basculegion|45/100\n|\n|-weather|RainDance|[upkeep]\n|upkeep\n|\n|t:|1776572589\n|switch|p1a: Rotom|Rotom-Frost, L50|100/100\n|turn|8\n|\n|t:|1776572615\n|move|p1b: Delphox|Protect|p1b: Delphox\n|-singleturn|p1b: Delphox|Protect\n|move|p2b: Basculegion|Protect|p2b: Basculegion\n|-singleturn|p2b: Basculegion|Protect\n|move|p1a: Rotom|Volt Switch|p2b: Basculegion\n|-activate|p2b: Basculegion|move: Protect\n|move|p2a: Archaludon|Draco Meteor|p1b: Delphox\n|-activate|p1b: Delphox|move: Protect\n|\n|-weather|RainDance|[upkeep]\n|upkeep\n|turn|9\n|\n|t:|1776572645\n|move|p2b: Basculegion|Aqua Jet|p1b: Delphox\n|-supereffective|p1b: Delphox|1\n|-damage|p1b: Delphox|2/100\n|move|p1b: Delphox|Heat Wave|p2a: Archaludon|[spread] p2a,p2b\n|-resisted|p2b: Basculegion|1\n|-damage|p2a: Archaludon|48/100\n|-damage|p2b: Basculegion|34/100\n|move|p1a: Rotom|Volt Switch|p2b: Basculegion\n|-supereffective|p2b: Basculegion|1\n|-damage|p2b: Basculegion|0 fnt\n|faint|p2b: Basculegion\n|\n|t:|1776572656\n|switch|p1a: Raichu|Raichu, L50, M|75/100|[from] Volt Switch\n|move|p2a: Archaludon|Draco Meteor|p1b: Delphox|[miss]\n|-miss|p2a: Archaludon|p1b: Delphox\n|\n|-weather|RainDance|[upkeep]\n|-sideend|p1: I Kamp|move: Tailwind\n|upkeep\n|\n|t:|1776572661\n|switch|p2b: Politoed|Politoed, L50, M|100/100\n|turn|10\n|\n|t:|1776572680\n|move|p1b: Delphox|Protect|p1b: Delphox\n|-singleturn|p1b: Delphox|Protect\n|move|p1a: Raichu|Fake Out|p2b: Politoed\n|-damage|p2b: Politoed|90/100\n|cant|p2b: Politoed|flinch\n|move|p2a: Archaludon|Flash Cannon|p1a: Raichu\n|-resisted|p1a: Raichu|1\n|-damage|p1a: Raichu|51/100\n|\n|-weather|none\n|upkeep\n|turn|11\n|\n|t:|1776572694\n|move|p1b: Delphox|Heat Wave|p2a: Archaludon|[spread] p2a,p2b\n|-resisted|p2b: Politoed|1\n|-damage|p2a: Archaludon|0 fnt\n|-damage|p2b: Politoed|66/100\n|faint|p2a: Archaludon\n|move|p2b: Politoed|Muddy Water|p1b: Delphox|[spread] p1a,p1b\n|-supereffective|p1b: Delphox|1\n|-damage|p1a: Raichu|19/100\n|-damage|p1b: Delphox|0 fnt\n|-unboost|p1a: Raichu|accuracy|1\n|faint|p1b: Delphox\n|move|p1a: Raichu|Volt Switch|p2b: Politoed\n|-supereffective|p2b: Politoed|1\n|-damage|p2b: Politoed|18/100\n|\n|t:|1776572708\n|switch|p1a: Rotom|Rotom-Frost, L50|100/100|[from] Volt Switch\n|\n|upkeep\n|-message|TheGamingMammoth forfeited.\n|\n|win|I Kamp\n|raw|I Kamp's rating: 1037 &rarr; <strong>1069</strong><br />(+32 for winning)\n|raw|TheGamingMammoth's rating: 1010 &rarr; <strong>1000</strong><br />(-10 for losing)\n",
  "uploadtime": 1776572709,
  "views": 11,
  "formatid": "gen9championsvgc2026regma",
  "rating": 1000,
  "private": 0,
  "password": null
}