{
  "id": "gen9championsvgc2026regma-2586356865",
  "format": "[Gen 9 Champions] VGC 2026 Reg M-A",
  "players": [
    "Jthepoke",
    "skymin<3"
  ],
  "log": "|j|\u2606Jthepoke\n|j|\u2606skymin<3\n|t:|1776428392\n|gametype|doubles\n|player|p1|Jthepoke|cyrus|1518\n|player|p2|skymin<3|#skymin3|1625\n|gen|9\n|tier|[Gen 9 Champions] VGC 2026 Reg M-A\n|rated|\n|rule|Species Clause: Limit one of each Pok\u00e9mon\n|rule|Item Clause: Limit 1 of each item\n|clearpoke\n|poke|p1|Floette-Eternal, L50, F|\n|poke|p1|Garchomp, L50, M|\n|poke|p1|Kingambit, L50, M|\n|poke|p1|Basculegion, L50, M|\n|poke|p1|Sneasler, L50, M|\n|poke|p1|Froslass, L50, F|\n|poke|p2|Delphox, L50, M|\n|poke|p2|Aegislash, L50, M|\n|poke|p2|Aerodactyl, L50, M|\n|poke|p2|Meowscarada, L50, F|\n|poke|p2|Primarina, L50, F|\n|poke|p2|Garchomp, L50, M|\n|teampreview|4\n|inactive|Battle timer is ON: inactive players will automatically lose when time's up. (requested by Jthepoke)\n|\n|t:|1776428495\n|teamsize|p1|4\n|teamsize|p2|4\n|start\n|switch|p1a: Basculegion|Basculegion, L50, M|100/100\n|switch|p1b: Sneasler|Sneasler, L50, M|100/100\n|switch|p2a: Neferpitou|Meowscarada, L50, F, shiny|100/100\n|switch|p2b: Eclipsa|Delphox, L50, M, shiny|100/100\n|turn|1\n|\n|t:|1776428517\n|detailschange|p2b: Eclipsa|Delphox-Mega, L50, M, shiny\n|-mega|p2b: Eclipsa|Delphox|Delphoxite\n|move|p2b: Eclipsa|Protect|p2b: Eclipsa\n|-singleturn|p2b: Eclipsa|Protect\n|move|p1b: Sneasler|Fake Out|p2a: Neferpitou\n|-damage|p2a: Neferpitou|74/100\n|move|p1a: Basculegion|Aqua Jet|p2b: Eclipsa\n|-activate|p2b: Eclipsa|move: Protect\n|cant|p2a: Neferpitou|flinch\n|\n|upkeep\n|turn|2\n|j| Csnorlax\n|inactive|Jthepoke has 30 seconds left.\n|\n|t:|1776428542\n|move|p1a: Basculegion|Protect|p1a: Basculegion\n|-singleturn|p1a: Basculegion|Protect\n|move|p2a: Neferpitou|U-turn|p1b: Sneasler\n|-start|p2a: Neferpitou|typechange|Bug|[from] ability: Protean\n|-resisted|p1b: Sneasler|2\n|-damage|p1b: Sneasler|85/100\n|j| TestingE10\n|\n|t:|1776428550\n|switch|p2a: Diablos|Garchomp, L50, M, shiny|100/100|[from] U-turn\n|move|p2b: Eclipsa|Psychic|p1b: Sneasler\n|-supereffective|p1b: Sneasler|2\n|-damage|p1b: Sneasler|0 fnt\n|faint|p1b: Sneasler\n|\n|upkeep\n|\n|t:|1776428562\n|switch|p1b: Floette|Floette-Eternal, L50, F|100/100\n|turn|3\n|\n|t:|1776428573\n|detailschange|p1b: Floette|Floette-Mega, L50, F\n|-mega|p1b: Floette|Floette|Floettite\n|-ability|p1b: Floette|Fairy Aura\n|move|p1a: Basculegion|Aqua Jet|p2b: Eclipsa\n|-supereffective|p2b: Eclipsa|1\n|-damage|p2b: Eclipsa|8/100\n|move|p2b: Eclipsa|Encore|p1a: Basculegion\n|-start|p1a: Basculegion|Encore\n|move|p1b: Floette|Dazzling Gleam|p2a: Diablos|[spread] p2a,p2b\n|-supereffective|p2a: Diablos|1\n|-resisted|p2b: Eclipsa|1\n|-enditem|p2a: Diablos|Focus Sash\n|-damage|p2a: Diablos|1/100\n|-damage|p2b: Eclipsa|0 fnt\n|faint|p2b: Eclipsa\n|move|p2a: Diablos|Earthquake|p1a: Basculegion|[spread] p1a,p1b\n|-damage|p1a: Basculegion|50/100\n|-damage|p1b: Floette|49/100\n|-enditem|p1a: Basculegion|Sitrus Berry|[eat]\n|-heal|p1a: Basculegion|75/100|[from] item: Sitrus Berry\n|\n|upkeep\n|\n|t:|1776428589\n|switch|p2b: Neferpitou|Meowscarada, L50, F, shiny|74/100\n|turn|4\n|\n|t:|1776428617\n|switch|p1a: Kingambit|Kingambit, L50, M|100/100\n|move|p2a: Diablos|Protect|p2a: Diablos\n|-singleturn|p2a: Diablos|Protect\n|move|p2b: Neferpitou|Flower Trick|p1b: Floette\n|-start|p2b: Neferpitou|typechange|Grass|[from] ability: Protean\n|-crit|p1b: Floette\n|-damage|p1b: Floette|0 fnt\n|faint|p1b: Floette\n|\n|upkeep\n|\n|t:|1776428624\n|switch|p1b: Basculegion|Basculegion, L50, M|75/100\n|turn|5\n|inactive|skymin<3 has 30 seconds left.\n|\n|t:|1776428654\n|move|p1a: Kingambit|Sucker Punch|p2b: Neferpitou\n|-damage|p2b: Neferpitou|10/100\n|move|p2b: Neferpitou|Flower Trick|p1b: Basculegion\n|-supereffective|p1b: Basculegion|1\n|-crit|p1b: Basculegion\n|-damage|p1b: Basculegion|0 fnt\n|faint|p1b: Basculegion\n|move|p2a: Diablos|Earthquake|p1a: Kingambit|[spread] p2b,p1a\n|-resisted|p2b: Neferpitou|1\n|-supereffective|p1a: Kingambit|1\n|-damage|p2b: Neferpitou|0 fnt\n|-damage|p1a: Kingambit|37/100\n|faint|p2b: Neferpitou\n|\n|upkeep\n|\n|t:|1776428656\n|switch|p2b: Malos|Aegislash, L50, M|100/100\n|turn|6\n|c|\u2606skymin<3|ggwp\n|c|\u2606Jthepoke|Wp\n|\n|t:|1776428670\n|move|p1a: Kingambit|Sucker Punch|p2a: Diablos\n|-damage|p2a: Diablos|0 fnt\n|-damage|p1a: Kingambit|25/100|[from] ability: Rough Skin|[of] p2a: Diablos\n|faint|p2a: Diablos\n|-formechange|p2b: Malos|Aegislash-Blade|\n|move|p2b: Malos|Sacred Sword|p1a: Kingambit\n|-supereffective|p1a: Kingambit|2\n|-enditem|p1a: Kingambit|Chople Berry|[eat]\n|-enditem|p1a: Kingambit|Chople Berry|[weaken]\n|-damage|p1a: Kingambit|0 fnt\n|faint|p1a: Kingambit\n|\n|win|skymin<3\n|raw|Jthepoke's rating: 1518 &rarr; <strong>1504</strong><br />(-14 for losing)\n|raw|skymin&lt;3's rating: 1625 &rarr; <strong>1639</strong><br />(+14 for winning)\n",
  "uploadtime": 1776428676,
  "views": 54,
  "formatid": "gen9championsvgc2026regma",
  "rating": 1504,
  "private": 0,
  "password": null
}