{
  "id": "gen9championsvgc2026regma-2588351591",
  "format": "[Gen 9 Champions] VGC 2026 Reg M-A",
  "players": [
    "Mistah Boombastic",
    "JBoop"
  ],
  "log": "|j|\u2606Mistah Boombastic\n|j|\u2606JBoop\n|t:|1776626377\n|gametype|doubles\n|player|p1|Mistah Boombastic|lusamine-nihilego|1087\n|player|p2|JBoop|ingo|1071\n|gen|9\n|tier|[Gen 9 Champions] VGC 2026 Reg M-A\n|rated|\n|rule|Species Clause: Limit one of each Pok\u00e9mon\n|rule|Item Clause: Limit 1 of each item\n|clearpoke\n|poke|p1|Gengar, L50, M, shiny|\n|poke|p1|Excadrill, L50, F|\n|poke|p1|Gardevoir, L50, F|\n|poke|p1|Aerodactyl, L50, M|\n|poke|p1|Sneasler, L50, M|\n|poke|p1|Basculegion-F, L50, F|\n|poke|p2|Pelipper, L50, F|\n|poke|p2|Bellibolt, L50, M|\n|poke|p2|Empoleon, L50, M|\n|poke|p2|Incineroar, L50, M, shiny|\n|poke|p2|Garchomp, L50, M|\n|poke|p2|Meganium, L50, F|\n|teampreview|4\n|inactive|Battle timer is ON: inactive players will automatically lose when time's up. (requested by Mistah Boombastic)\n|\n|t:|1776626394\n|teamsize|p1|4\n|teamsize|p2|4\n|start\n|switch|p1a: Basculegion|Basculegion-F, L50, F|100/100\n|switch|p1b: Gardevoir|Gardevoir, L50, F|100/100\n|switch|p2a: Pelipper|Pelipper, L50, F|100/100\n|switch|p2b: Bellibolt|Bellibolt, L50, M|100/100\n|-weather|RainDance|[from] ability: Drizzle|[of] p2a: Pelipper\n|turn|1\n|\n|t:|1776626410\n|move|p1b: Gardevoir|Helping Hand|p1a: Basculegion\n|-singleturn|p1a: Basculegion|Helping Hand|[of] p1b: Gardevoir\n|move|p1a: Basculegion|Surf|p2a: Pelipper|[spread] p2a,p2b\n|-activate|p1b: Gardevoir|ability: Telepathy\n|-resisted|p2a: Pelipper|1\n|-damage|p2a: Pelipper|22/100\n|-damage|p2b: Bellibolt|18/100\n|-start|p2b: Bellibolt|Charge|Surf|[from] ability: Electromorphosis\n|move|p2a: Pelipper|Tailwind|p2a: Pelipper\n|-sidestart|p2: JBoop|move: Tailwind\n|move|p2b: Bellibolt|Volt Switch|p1a: Basculegion\n|-supereffective|p1a: Basculegion|1\n|-damage|p1a: Basculegion|0 fnt\n|faint|p1a: Basculegion\n|-end|p2b: Bellibolt|Charge|[silent]\n|\n|t:|1776626426\n|switch|p2b: Incineroar|Incineroar, L50, M, shiny|100/100|[from] Volt Switch\n|-ability|p2b: Incineroar|Intimidate|boost\n|-unboost|p1b: Gardevoir|atk|1\n|\n|-weather|RainDance|[upkeep]\n|upkeep\n|\n|t:|1776626432\n|switch|p1a: Aerodactyl|Aerodactyl, L50, M|100/100\n|-ability|p1a: Aerodactyl|Unnerve\n|turn|2\n|\n|t:|1776626445\n|move|p1a: Aerodactyl|Protect|p1a: Aerodactyl\n|-singleturn|p1a: Aerodactyl|Protect\n|move|p2b: Incineroar|Fake Out|p1b: Gardevoir\n|-damage|p1b: Gardevoir|79/100\n|move|p2a: Pelipper|Hydro Pump|p1a: Aerodactyl\n|-activate|p1a: Aerodactyl|move: Protect\n|cant|p1b: Gardevoir|flinch\n|\n|-weather|RainDance|[upkeep]\n|upkeep\n|turn|3\n|inactive|JBoop has 30 seconds left.\n|\n|t:|1776626477\n|move|p1b: Gardevoir|Protect|p1b: Gardevoir\n|-singleturn|p1b: Gardevoir|Protect\n|move|p2a: Pelipper|Hurricane|p1b: Gardevoir\n|-activate|p1b: Gardevoir|move: Protect\n|move|p1a: Aerodactyl|Tailwind|p1a: Aerodactyl\n|-sidestart|p1: Mistah Boombastic|move: Tailwind\n|move|p2b: Incineroar|Throat Chop|p1a: Aerodactyl\n|-damage|p1a: Aerodactyl|29/100\n|-start|p1a: Aerodactyl|Throat Chop|[silent]\n|\n|-weather|RainDance|[upkeep]\n|upkeep\n|turn|4\n|\n|t:|1776626496\n|move|p1b: Gardevoir|Helping Hand|p1a: Aerodactyl\n|-singleturn|p1a: Aerodactyl|Helping Hand|[of] p1b: Gardevoir\n|move|p1a: Aerodactyl|Rock Slide|p2a: Pelipper|[spread] p2b\n|-miss|p1a: Aerodactyl|p2a: Pelipper\n|-supereffective|p2b: Incineroar|1\n|-damage|p2b: Incineroar|30/100\n|move|p2a: Pelipper|Hydro Pump|p1a: Aerodactyl\n|-supereffective|p1a: Aerodactyl|1\n|-damage|p1a: Aerodactyl|0 fnt\n|faint|p1a: Aerodactyl\n|move|p2b: Incineroar|Throat Chop|p1b: Gardevoir\n|-damage|p1b: Gardevoir|14/100\n|-start|p1b: Gardevoir|Throat Chop|[silent]\n|-heal|p2b: Incineroar|38/100|[from] item: Shell Bell|[of] p1b: Gardevoir\n|\n|-weather|RainDance|[upkeep]\n|-sideend|p2: JBoop|move: Tailwind\n|upkeep\n|\n|t:|1776626505\n|switch|p1a: Gengar|Gengar, L50, M, shiny|100/100\n|turn|5\n|\n|t:|1776626517\n|detailschange|p1a: Gengar|Gengar-Mega, L50, M, shiny\n|-mega|p1a: Gengar|Gengar|Gengarite\n|move|p1b: Gardevoir|Helping Hand|p1a: Gengar\n|-singleturn|p1a: Gengar|Helping Hand|[of] p1b: Gardevoir\n|move|p1a: Gengar|Sludge Wave|p2b: Incineroar|[spread] p2a,p2b\n|-activate|p1b: Gardevoir|ability: Telepathy\n|-damage|p2a: Pelipper|0 fnt\n|-damage|p2b: Incineroar|0 fnt\n|faint|p2a: Pelipper\n|faint|p2b: Incineroar\n|\n|-weather|none\n|-end|p1b: Gardevoir|Throat Chop|[silent]\n|upkeep\n|\n|t:|1776626524\n|switch|p2a: Garchomp|Garchomp, L50, M|100/100\n|switch|p2b: Bellibolt|Bellibolt, L50, M|18/100\n|turn|6\n|\n|t:|1776626540\n|move|p1b: Gardevoir|Helping Hand|p1a: Gengar\n|-singleturn|p1a: Gengar|Helping Hand|[of] p1b: Gardevoir\n|move|p2a: Garchomp|Protect|p2a: Garchomp\n|-singleturn|p2a: Garchomp|Protect\n|move|p2b: Bellibolt|Protect|p2b: Bellibolt\n|-singleturn|p2b: Bellibolt|Protect\n|move|p1a: Gengar|Dazzling Gleam|p2a: Garchomp|[spread] \n|-activate|p2a: Garchomp|move: Protect\n|-activate|p2b: Bellibolt|move: Protect\n|\n|-sideend|p1: Mistah Boombastic|move: Tailwind\n|upkeep\n|turn|7\n|\n|t:|1776626560\n|move|p1b: Gardevoir|Helping Hand|p1a: Gengar\n|-singleturn|p1a: Gengar|Helping Hand|[of] p1b: Gardevoir\n|move|p1a: Gengar|Dazzling Gleam|p2b: Bellibolt|[spread] p2a,p2b\n|-supereffective|p2a: Garchomp|1\n|-crit|p2a: Garchomp\n|-damage|p2a: Garchomp|0 fnt\n|-damage|p2b: Bellibolt|0 fnt\n|faint|p2a: Garchomp\n|faint|p2b: Bellibolt\n|\n|win|Mistah Boombastic\n|raw|Mistah Boombastic's rating: 1087 &rarr; <strong>1113</strong><br />(+26 for winning)\n|raw|JBoop's rating: 1071 &rarr; <strong>1051</strong><br />(-20 for losing)\n",
  "uploadtime": 1776626565,
  "views": 15,
  "formatid": "gen9championsvgc2026regma",
  "rating": 1051,
  "private": 0,
  "password": null
}