{
  "id": "gen9championsvgc2026regma-2582918788",
  "format": "[Gen 9 Champions] VGC 2026 Reg M-A",
  "players": [
    "An rua",
    "Spark the Pikagoss"
  ],
  "log": "|j|\u2606An rua\n|j|\u2606Spark the Pikagoss\n|t:|1776124935\n|gametype|doubles\n|player|p1|An rua|bugcatcher-gen4dp|1109\n|player|p2|Spark the Pikagoss|gentleman|1142\n|gen|9\n|tier|[Gen 9 Champions] VGC 2026 Reg M-A\n|rated|\n|rule|Species Clause: Limit one of each Pok\u00e9mon\n|rule|Item Clause: Limit 1 of each item\n|clearpoke\n|poke|p1|Hawlucha, L50, F|\n|poke|p1|Maushold-Four, L50|\n|poke|p1|Whimsicott, L50, F|\n|poke|p1|Excadrill, L50, M|\n|poke|p1|Tyranitar, L50, M|\n|poke|p1|Sinistcha, L50|\n|poke|p2|Politoed, L50, F|\n|poke|p2|Gengar, L50, F|\n|poke|p2|Incineroar, L50, M|\n|poke|p2|Maushold, L50|\n|poke|p2|Basculegion, L50, M|\n|poke|p2|Archaludon, L50, M|\n|teampreview|4\n|inactive|Battle timer is ON: inactive players will automatically lose when time's up. (requested by An rua)\n|inactive|Spark the Pikagoss has 60 seconds left.\n|\n|t:|1776124990\n|teamsize|p1|4\n|teamsize|p2|4\n|start\n|switch|p1a: Maushold|Maushold-Four, L50|100/100\n|switch|p1b: Hawlucha|Hawlucha, L50, F|100/100\n|switch|p2a: Basculegion|Basculegion, L50, M|100/100\n|switch|p2b: Politoed|Politoed, L50, F|100/100\n|-weather|RainDance|[from] ability: Drizzle|[of] p2b: Politoed\n|turn|1\n|inactive|An rua has 30 seconds left.\n|inactive|Spark the Pikagoss has 30 seconds left.\n|inactive|An rua has 20 seconds left.\n|inactive|Spark the Pikagoss has 20 seconds left.\n|inactive|An rua has 15 seconds left.\n|inactive|Spark the Pikagoss has 15 seconds left.\n|\n|t:|1776125032\n|switch|p1b: Tyranitar|Tyranitar, L50, M|100/100\n|-weather|Sandstorm|[from] ability: Sand Stream|[of] p1b: Tyranitar\n|move|p1a: Maushold|Crunch|p2a: Basculegion\n|-supereffective|p2a: Basculegion|1\n|-damage|p2a: Basculegion|51/100\n|cant|p2a: Basculegion|flinch\n|move|p2b: Politoed|Encore||[still]\n|-fail|p2b: Politoed\n|\n|-weather|Sandstorm|[upkeep]\n|-damage|p1a: Maushold|95/100|[from] Sandstorm\n|-damage|p2a: Basculegion|45/100|[from] Sandstorm\n|-damage|p2b: Politoed|94/100|[from] Sandstorm\n|-heal|p2b: Politoed|100/100|[from] item: Leftovers\n|upkeep\n|turn|2\n|inactive|Spark the Pikagoss has 30 seconds left.\n|\n|t:|1776125060\n|switch|p2b: Archaludon|Archaludon, L50, M|100/100\n|move|p2a: Basculegion|Protect|p2a: Basculegion\n|-singleturn|p2a: Basculegion|Protect\n|move|p1a: Maushold|Population Bomb|p2b: Archaludon|[miss]\n|-miss|p1a: Maushold|p2b: Archaludon\n|move|p1b: Tyranitar|Rock Slide|p2a: Basculegion|[spread] p2b\n|-activate|p2a: Basculegion|move: Protect\n|-resisted|p2b: Archaludon|1\n|-damage|p2b: Archaludon|90/100\n|-ability|p2b: Archaludon|Stamina|boost\n|-boost|p2b: Archaludon|def|1\n|\n|-weather|Sandstorm|[upkeep]\n|-damage|p1a: Maushold|89/100|[from] Sandstorm\n|-damage|p2a: Basculegion|39/100|[from] Sandstorm\n|upkeep\n|turn|3\n|\n|t:|1776125084\n|switch|p2a: Politoed|Politoed, L50, F|100/100\n|-weather|RainDance|[from] ability: Drizzle|[of] p2a: Politoed\n|switch|p1b: Hawlucha|Hawlucha, L50, F|100/100\n|move|p1a: Maushold|Protect|p1a: Maushold\n|-singleturn|p1a: Maushold|Protect\n|move|p2b: Archaludon|Electro Shot||[still]\n|-prepare|p2b: Archaludon|Electro Shot\n|-boost|p2b: Archaludon|spa|1\n|-anim|p2b: Archaludon|Electro Shot|p1b: Hawlucha\n|-supereffective|p1b: Hawlucha|1\n|-crit|p1b: Hawlucha\n|-damage|p1b: Hawlucha|0 fnt\n|faint|p1b: Hawlucha\n|\n|-weather|RainDance|[upkeep]\n|upkeep\n|\n|t:|1776125090\n|switch|p1b: Tyranitar|Tyranitar, L50, M|100/100\n|-weather|Sandstorm|[from] ability: Sand Stream|[of] p1b: Tyranitar\n|turn|4\n|\n|t:|1776125110\n|switch|p2a: Maushold|Maushold, L50|100/100\n|move|p2b: Archaludon|Protect|p2b: Archaludon\n|-singleturn|p2b: Archaludon|Protect\n|move|p1a: Maushold|Population Bomb|p2a: Maushold\n|-damage|p2a: Maushold|91/100\n|-damage|p2a: Maushold|81/100\n|-damage|p2a: Maushold|70/100\n|-damage|p2a: Maushold|60/100\n|-damage|p2a: Maushold|49/100\n|-hitcount|p2a: Maushold|5\n|move|p1b: Tyranitar|Low Kick|p2b: Archaludon\n|-activate|p2b: Archaludon|move: Protect\n|\n|-weather|Sandstorm|[upkeep]\n|-damage|p1a: Maushold|83/100|[from] Sandstorm\n|-damage|p2a: Maushold|43/100|[from] Sandstorm\n|upkeep\n|turn|5\n|\n|t:|1776125137\n|move|p1a: Maushold|Beat Up|p2a: Maushold\n|-damage|p2a: Maushold|39/100\n|-damage|p2a: Maushold|33/100\n|-damage|p2a: Maushold|26/100\n|-hitcount|p2a: Maushold|3\n|move|p2a: Maushold|Population Bomb|p2b: Archaludon\n|-resisted|p2b: Archaludon|1\n|-damage|p2b: Archaludon|89/100\n|-ability|p2b: Archaludon|Stamina|boost\n|-boost|p2b: Archaludon|def|1\n|-resisted|p2b: Archaludon|1\n|-damage|p2b: Archaludon|88/100\n|-ability|p2b: Archaludon|Stamina|boost\n|-boost|p2b: Archaludon|def|1\n|-resisted|p2b: Archaludon|1\n|-damage|p2b: Archaludon|87/100\n|-ability|p2b: Archaludon|Stamina|boost\n|-boost|p2b: Archaludon|def|1\n|-hitcount|p2b: Archaludon|3\n|move|p2b: Archaludon|Flash Cannon|p1b: Tyranitar\n|-supereffective|p1b: Tyranitar|1\n|-damage|p1b: Tyranitar|42/100\n|move|p1b: Tyranitar|Low Kick|p2b: Archaludon\n|-supereffective|p2b: Archaludon|1\n|-enditem|p2b: Archaludon|Chople Berry|[eat]\n|-enditem|p2b: Archaludon|Chople Berry|[weaken]\n|-damage|p2b: Archaludon|82/100\n|-ability|p2b: Archaludon|Stamina|boost\n|-boost|p2b: Archaludon|def|1\n|\n|-weather|Sandstorm|[upkeep]\n|-damage|p2a: Maushold|20/100|[from] Sandstorm\n|-damage|p1a: Maushold|77/100|[from] Sandstorm\n|-heal|p1b: Tyranitar|48/100|[from] item: Leftovers\n|upkeep\n|turn|6\n|inactive|Spark the Pikagoss has 30 seconds left.\n|\n|t:|1776125165\n|switch|p2a: Politoed|Politoed, L50, F|100/100\n|-weather|RainDance|[from] ability: Drizzle|[of] p2a: Politoed\n|move|p1b: Tyranitar|Protect|p1b: Tyranitar\n|-singleturn|p1b: Tyranitar|Protect\n|move|p1a: Maushold|Population Bomb|p2a: Politoed\n|-damage|p2a: Politoed|91/100\n|-crit|p2a: Politoed\n|-damage|p2a: Politoed|79/100\n|-damage|p2a: Politoed|70/100\n|-crit|p2a: Politoed\n|-damage|p2a: Politoed|57/100\n|-damage|p2a: Politoed|48/100\n|-damage|p2a: Politoed|39/100\n|-damage|p2a: Politoed|30/100\n|-damage|p2a: Politoed|22/100\n|-crit|p2a: Politoed\n|-damage|p2a: Politoed|9/100\n|-damage|p2a: Politoed|1/100\n|-hitcount|p2a: Politoed|10\n|move|p2b: Archaludon|Electro Shot||[still]\n|-prepare|p2b: Archaludon|Electro Shot\n|-boost|p2b: Archaludon|spa|1\n|-anim|p2b: Archaludon|Electro Shot|p1b: Tyranitar\n|-activate|p1b: Tyranitar|move: Protect\n|\n|-weather|RainDance|[upkeep]\n|-heal|p2a: Politoed|7/100|[from] item: Leftovers\n|-heal|p1b: Tyranitar|54/100|[from] item: Leftovers\n|upkeep\n|turn|7\n|inactive|An rua has 30 seconds left.\n|\n|t:|1776125193\n|switch|p1b: Excadrill|Excadrill, L50, M|100/100\n|move|p1a: Maushold|Protect|p1a: Maushold\n|-singleturn|p1a: Maushold|Protect\n|move|p2a: Politoed|Protect|p2a: Politoed\n|-singleturn|p2a: Politoed|Protect\n|move|p2b: Archaludon|Electro Shot||[still]\n|-prepare|p2b: Archaludon|Electro Shot\n|-boost|p2b: Archaludon|spa|1\n|-anim|p2b: Archaludon|Electro Shot|p1b: Excadrill\n|-immune|p1b: Excadrill\n|\n|-weather|RainDance|[upkeep]\n|-heal|p2a: Politoed|13/100|[from] item: Leftovers\n|upkeep\n|turn|8\n|inactive|Spark the Pikagoss has 30 seconds left.\n|\n|t:|1776125226\n|switch|p1a: Tyranitar|Tyranitar, L50, M|54/100\n|-weather|Sandstorm|[from] ability: Sand Stream|[of] p1a: Tyranitar\n|switch|p2a: Maushold|Maushold, L50|20/100\n|move|p1b: Excadrill|Rock Slide|p2a: Maushold|[spread] p2b\n|-miss|p1b: Excadrill|p2a: Maushold\n|-resisted|p2b: Archaludon|1\n|-crit|p2b: Archaludon\n|-damage|p2b: Archaludon|72/100\n|-ability|p2b: Archaludon|Stamina|boost\n|-boost|p2b: Archaludon|def|1\n|move|p2b: Archaludon|Flash Cannon|p1a: Tyranitar\n|-supereffective|p1a: Tyranitar|1\n|-damage|p1a: Tyranitar|0 fnt\n|faint|p1a: Tyranitar\n|\n|-weather|Sandstorm|[upkeep]\n|-damage|p2a: Maushold|14/100|[from] Sandstorm\n|upkeep\n|-message|An rua forfeited.\n|\n|win|Spark the Pikagoss\n|raw|An rua's rating: 1109 &rarr; <strong>1086</strong><br />(-23 for losing)\n|raw|Spark the Pikagoss's rating: 1142 &rarr; <strong>1165</strong><br />(+23 for winning)\n|l|\u2606An rua\n|player|p1|\n",
  "uploadtime": 1776125244,
  "views": 13,
  "formatid": "gen9championsvgc2026regma",
  "rating": 1086,
  "private": 0,
  "password": null
}