{
  "id": "gen9championsvgc2026regma-2583198119",
  "format": "[Gen 9 Champions] VGC 2026 Reg M-A",
  "players": [
    "the great crusader",
    "Yigantopitekus"
  ],
  "log": "|j|\u203dthe great crusader\n|j|\u2606Yigantopitekus\n|t:|1776153749\n|gametype|doubles\n|player|p1|the great crusader|plasmagrunt|1308\n|player|p2|Yigantopitekus|265|1208\n|gen|9\n|tier|[Gen 9 Champions] VGC 2026 Reg M-A\n|rated|\n|rule|Species Clause: Limit one of each Pok\u00e9mon\n|rule|Item Clause: Limit 1 of each item\n|clearpoke\n|poke|p1|Pelipper, L50, F|\n|poke|p1|Basculegion, L50, M|\n|poke|p1|Archaludon, L50, F|\n|poke|p1|Sneasler, L50, F|\n|poke|p1|Tsareena, L50, F|\n|poke|p1|Dragonite, L50, M|\n|poke|p2|Starmie, L50|\n|poke|p2|Pelipper, L50, M|\n|poke|p2|Archaludon, L50, M|\n|poke|p2|Maushold-Four, L50|\n|poke|p2|Tsareena, L50, F|\n|poke|p2|Sneasler, L50, F|\n|teampreview|4\n|\n|t:|1776153794\n|teamsize|p1|4\n|teamsize|p2|4\n|start\n|switch|p1a: Archaludon|Archaludon, L50, F|100/100\n|switch|p1b: Pelipper|Pelipper, L50, F|100/100\n|switch|p2a: Pelipper|Pelipper, L50, M|100/100\n|switch|p2b: Tsareena|Tsareena, L50, F|100/100\n|-weather|RainDance|[from] ability: Drizzle|[of] p2a: Pelipper\n|turn|1\n|\n|t:|1776153814\n|switch|p2a: Maushold|Maushold-Four, L50|100/100\n|move|p1a: Archaludon|Electro Shot||[still]\n|-prepare|p1a: Archaludon|Electro Shot\n|-boost|p1a: Archaludon|spa|1\n|-anim|p1a: Archaludon|Electro Shot|p2a: Maushold\n|-damage|p2a: Maushold|27/100\n|-enditem|p2a: Maushold|Sitrus Berry|[eat]\n|-heal|p2a: Maushold|51/100|[from] item: Sitrus Berry\n|move|p1b: Pelipper|Hurricane|p2a: Maushold\n|-damage|p2a: Maushold|3/100\n|move|p2b: Tsareena|High Jump Kick|p1a: Archaludon\n|-supereffective|p1a: Archaludon|1\n|-damage|p1a: Archaludon|31/100\n|-ability|p1a: Archaludon|Stamina|boost\n|-boost|p1a: Archaludon|def|1\n|\n|-weather|RainDance|[upkeep]\n|-heal|p1a: Archaludon|37/100|[from] item: Leftovers\n|upkeep\n|turn|2\n|\n|t:|1776153841\n|move|p1a: Archaludon|Protect|p1a: Archaludon\n|-singleturn|p1a: Archaludon|Protect\n|move|p2a: Maushold|Follow Me|p2a: Maushold\n|-singleturn|p2a: Maushold|move: Follow Me\n|move|p1b: Pelipper|Tailwind|p1b: Pelipper\n|-sidestart|p1: the great crusader|move: Tailwind\n|move|p2b: Tsareena|High Jump Kick|p1a: Archaludon\n|-activate|p1a: Archaludon|move: Protect\n|-damage|p2b: Tsareena|51/100|[from] highjumpkick\n|\n|-weather|RainDance|[upkeep]\n|-heal|p1a: Archaludon|43/100|[from] item: Leftovers\n|upkeep\n|turn|3\n|\n|t:|1776153854\n|move|p2a: Maushold|Follow Me|p2a: Maushold\n|-singleturn|p2a: Maushold|move: Follow Me\n|move|p1a: Archaludon|Electro Shot||[still]\n|-prepare|p1a: Archaludon|Electro Shot\n|-boost|p1a: Archaludon|spa|1\n|-anim|p1a: Archaludon|Electro Shot|p2a: Maushold\n|-damage|p2a: Maushold|0 fnt\n|faint|p2a: Maushold\n|move|p1b: Pelipper|Hurricane|p2b: Tsareena\n|-supereffective|p2b: Tsareena|1\n|-damage|p2b: Tsareena|0 fnt\n|faint|p2b: Tsareena\n|\n|-weather|RainDance|[upkeep]\n|-heal|p1a: Archaludon|49/100|[from] item: Leftovers\n|upkeep\n|\n|t:|1776153861\n|switch|p2a: Pelipper|Pelipper, L50, M|100/100\n|switch|p2b: Starmie|Starmie, L50|100/100\n|turn|4\n|\n|t:|1776153879\n|detailschange|p2b: Starmie|Starmie-Mega, L50\n|-mega|p2b: Starmie|Starmie|Starminite\n|move|p1a: Archaludon|Electro Shot||[still]\n|-prepare|p1a: Archaludon|Electro Shot\n|-boost|p1a: Archaludon|spa|1\n|-anim|p1a: Archaludon|Electro Shot|p2a: Pelipper\n|-supereffective|p2a: Pelipper|2\n|-damage|p2a: Pelipper|0 fnt\n|faint|p2a: Pelipper\n|move|p1b: Pelipper|Hurricane|p2b: Starmie\n|-damage|p2b: Starmie|45/100\n|move|p2b: Starmie|Psycho Cut|p1b: Pelipper\n|-damage|p1b: Pelipper|15/100\n|\n|-weather|RainDance|[upkeep]\n|-heal|p1a: Archaludon|55/100|[from] item: Leftovers\n|upkeep\n|turn|5\n|-message|Yigantopitekus forfeited.\n|\n|win|the great crusader\n|raw|the great crusader's rating: 1308 &rarr; <strong>1322</strong><br />(+14 for winning)\n|raw|Yigantopitekus's rating: 1208 &rarr; <strong>1190</strong><br />(-18 for losing)\n|l|\u2606Yigantopitekus\n|player|p2|\n",
  "uploadtime": 1776153897,
  "views": 24,
  "formatid": "gen9championsvgc2026regma",
  "rating": 1190,
  "private": 0,
  "password": null
}