{
  "id": "gen9championsvgc2026regma-2582659558",
  "format": "[Gen 9 Champions] VGC 2026 Reg M-A",
  "players": [
    "Dracolobo",
    "KingOvershield"
  ],
  "log": "|j|\u2606Dracolobo\n|j|\u2606KingOvershield\n|t:|1776105539\n|gametype|doubles\n|player|p1|Dracolobo|101|1073\n|player|p2|KingOvershield|bugcatcher-gen4dp|1140\n|gen|9\n|tier|[Gen 9 Champions] VGC 2026 Reg M-A\n|rated|\n|rule|Species Clause: Limit one of each Pok\u00e9mon\n|rule|Item Clause: Limit 1 of each item\n|clearpoke\n|poke|p1|Torkoal, L50, F|\n|poke|p1|Charizard, L50, M|\n|poke|p1|Venusaur, L50, M|\n|poke|p1|Garchomp, L50, M|\n|poke|p1|Gallade, L50, M|\n|poke|p1|Sylveon, L50, M|\n|poke|p2|Scizor, L50, M|\n|poke|p2|Incineroar, L50, F|\n|poke|p2|Ninetales-Alola, L50, M|\n|poke|p2|Basculegion, L50, M|\n|poke|p2|Sneasler, L50, F|\n|poke|p2|Kommo-o, L50, F|\n|teampreview|4\n|\n|t:|1776105607\n|teamsize|p1|4\n|teamsize|p2|4\n|start\n|switch|p1a: Torkoal|Torkoal, L50, F|100/100\n|switch|p1b: Venusaur|Venusaur, L50, M|100/100\n|switch|p2a: Sneasler|Sneasler, L50, F|100/100\n|switch|p2b: Scizor|Scizor, L50, M|100/100\n|-weather|SunnyDay|[from] ability: Drought|[of] p1a: Torkoal\n|turn|1\n|\n|t:|1776105648\n|switch|p1b: Garchomp|Garchomp, L50, M|100/100\n|detailschange|p2b: Scizor|Scizor-Mega, L50, M\n|-mega|p2b: Scizor|Scizor|Scizorite\n|move|p2a: Sneasler|Fake Out|p1a: Torkoal\n|-damage|p1a: Torkoal|88/100\n|move|p2b: Scizor|Knock Off|p1a: Torkoal\n|-damage|p1a: Torkoal|56/100\n|-enditem|p1a: Torkoal|Charcoal|[from] move: Knock Off|[of] p2b: Scizor\n|cant|p1a: Torkoal|flinch\n|\n|-weather|SunnyDay|[upkeep]\n|upkeep\n|turn|2\n|\n|t:|1776105677\n|switch|p2b: Basculegion|Basculegion, L50, M|100/100\n|move|p2a: Sneasler|Rock Slide|p1b: Garchomp|[spread] p1a,p1b\n|-supereffective|p1a: Torkoal|1\n|-resisted|p1b: Garchomp|1\n|-damage|p1a: Torkoal|24/100\n|-damage|p1b: Garchomp|91/100\n|cant|p1b: Garchomp|flinch\n|move|p1a: Torkoal|Eruption|p2b: Basculegion|[spread] p2a,p2b\n|-resisted|p2b: Basculegion|1\n|-damage|p2a: Sneasler|79/100\n|-damage|p2b: Basculegion|93/100\n|\n|-weather|SunnyDay|[upkeep]\n|upkeep\n|turn|3\n|\n|t:|1776105702\n|switch|p1a: Venusaur|Venusaur, L50, M|100/100\n|move|p2b: Basculegion|Wave Crash|p1b: Garchomp\n|-damage|p1b: Garchomp|53/100\n|-damage|p2b: Basculegion|81/100|[from] ability: Rough Skin|[of] p1b: Garchomp\n|-damage|p2b: Basculegion|69/100|[from] Recoil\n|move|p2a: Sneasler|Coaching|p2b: Basculegion\n|-boost|p2b: Basculegion|atk|1\n|-boost|p2b: Basculegion|def|1\n|move|p1b: Garchomp|Swords Dance|p1b: Garchomp\n|-boost|p1b: Garchomp|atk|2\n|\n|-weather|SunnyDay|[upkeep]\n|upkeep\n|turn|4\n|\n|t:|1776105742\n|move|p1a: Venusaur|Solar Beam||[still]\n|-prepare|p1a: Venusaur|Solar Beam\n|-anim|p1a: Venusaur|Solar Beam|p2b: Basculegion\n|-supereffective|p2b: Basculegion|1\n|-damage|p2b: Basculegion|0 fnt\n|faint|p2b: Basculegion\n|move|p2a: Sneasler|Rock Slide|p1a: Venusaur|[spread] p1a\n|-miss|p2a: Sneasler|p1b: Garchomp\n|-damage|p1a: Venusaur|77/100\n|move|p1b: Garchomp|Dragon Claw|p2a: Sneasler\n|-damage|p2a: Sneasler|0 fnt\n|faint|p2a: Sneasler\n|\n|-weather|SunnyDay|[upkeep]\n|upkeep\n|\n|t:|1776105756\n|switch|p2a: Kommo-o|Kommo-o, L50, F|100/100\n|switch|p2b: Scizor|Scizor-Mega, L50, M|100/100\n|turn|5\n|\n|t:|1776105778\n|switch|p1a: Sylveon|Sylveon, L50, M|100/100\n|move|p2a: Kommo-o|Protect|p2a: Kommo-o\n|-singleturn|p2a: Kommo-o|Protect\n|move|p1b: Garchomp|Dragon Claw|p2a: Kommo-o\n|-activate|p2a: Kommo-o|move: Protect\n|move|p2b: Scizor|Trailblaze|p1b: Garchomp\n|-damage|p1b: Garchomp|19/100\n|-boost|p2b: Scizor|spe|1\n|-damage|p2b: Scizor|88/100|[from] ability: Rough Skin|[of] p1b: Garchomp\n|\n|-weather|none\n|upkeep\n|turn|6\n|\n|t:|1776105816\n|move|p2a: Kommo-o|Protect||[still]\n|-fail|p2a: Kommo-o\n|move|p2b: Scizor|Bullet Punch|p1a: Sylveon\n|-supereffective|p1a: Sylveon|1\n|-damage|p1a: Sylveon|0 fnt\n|faint|p1a: Sylveon\n|move|p1b: Garchomp|Rock Slide|p2b: Scizor|[spread] p2a,p2b\n|-resisted|p2a: Kommo-o|1\n|-damage|p2a: Kommo-o|79/100\n|-damage|p2b: Scizor|55/100\n|\n|-heal|p2a: Kommo-o|85/100|[from] item: Leftovers\n|upkeep\n|\n|t:|1776105826\n|switch|p1a: Torkoal|Torkoal, L50, F|24/100\n|-weather|SunnyDay|[from] ability: Drought|[of] p1a: Torkoal\n|turn|7\n|\n|t:|1776105845\n|move|p2b: Scizor|Trailblaze|p1b: Garchomp\n|-damage|p1b: Garchomp|0 fnt\n|-boost|p2b: Scizor|spe|1\n|-damage|p2b: Scizor|42/100|[from] ability: Rough Skin|[of] p1b: Garchomp\n|faint|p1b: Garchomp\n|move|p2a: Kommo-o|Clangorous Soul|p2a: Kommo-o\n|-boost|p2a: Kommo-o|atk|1\n|-boost|p2a: Kommo-o|def|1\n|-boost|p2a: Kommo-o|spa|1\n|-boost|p2a: Kommo-o|spd|1\n|-boost|p2a: Kommo-o|spe|1\n|-damage|p2a: Kommo-o|52/100\n|move|p1a: Torkoal|Eruption|p2a: Kommo-o|[spread] p2a,p2b\n|-resisted|p2a: Kommo-o|1\n|-supereffective|p2b: Scizor|2\n|-damage|p2a: Kommo-o|47/100\n|-damage|p2b: Scizor|0 fnt\n|faint|p2b: Scizor\n|\n|-weather|SunnyDay|[upkeep]\n|-heal|p2a: Kommo-o|53/100|[from] item: Leftovers\n|upkeep\n|\n|t:|1776105864\n|switch|p1b: Venusaur|Venusaur, L50, M|77/100\n|turn|8\n|\n|t:|1776105884\n|move|p2a: Kommo-o|Protect|p2a: Kommo-o\n|-singleturn|p2a: Kommo-o|Protect\n|move|p1b: Venusaur|Solar Beam||[still]\n|-prepare|p1b: Venusaur|Solar Beam\n|-anim|p1b: Venusaur|Solar Beam|p2a: Kommo-o\n|-activate|p2a: Kommo-o|move: Protect\n|move|p1a: Torkoal|Hyper Beam|p2a: Kommo-o\n|-activate|p2a: Kommo-o|move: Protect\n|\n|-weather|SunnyDay|[upkeep]\n|-heal|p2a: Kommo-o|59/100|[from] item: Leftovers\n|upkeep\n|turn|9\n|\n|t:|1776105898\n|move|p1b: Venusaur|Solar Beam||[still]\n|-prepare|p1b: Venusaur|Solar Beam\n|-anim|p1b: Venusaur|Solar Beam|p2a: Kommo-o\n|-resisted|p2a: Kommo-o|1\n|-damage|p2a: Kommo-o|39/100\n|move|p2a: Kommo-o|Clanging Scales|p1b: Venusaur|[spread] p1a,p1b\n|-damage|p1a: Torkoal|0 fnt\n|-damage|p1b: Venusaur|16/100\n|faint|p1a: Torkoal\n|-unboost|p2a: Kommo-o|def|1\n|\n|-weather|SunnyDay|[upkeep]\n|-heal|p2a: Kommo-o|45/100|[from] item: Leftovers\n|upkeep\n|turn|10\n|\n|t:|1776105910\n|move|p2a: Kommo-o|Protect|p2a: Kommo-o\n|-singleturn|p2a: Kommo-o|Protect\n|move|p1b: Venusaur|Sludge Wave|p2a: Kommo-o\n|-activate|p2a: Kommo-o|move: Protect\n|\n|-weather|SunnyDay|[upkeep]\n|-heal|p2a: Kommo-o|51/100|[from] item: Leftovers\n|upkeep\n|turn|11\n|\n|t:|1776105919\n|move|p1b: Venusaur|Sludge Wave|p2a: Kommo-o\n|-damage|p2a: Kommo-o|20/100\n|move|p2a: Kommo-o|Clanging Scales|p1b: Venusaur\n|-damage|p1b: Venusaur|0 fnt\n|faint|p1b: Venusaur\n|\n|win|KingOvershield\n|raw|Dracolobo's rating: 1073 &rarr; <strong>1056</strong><br />(-17 for losing)\n|raw|KingOvershield's rating: 1140 &rarr; <strong>1160</strong><br />(+20 for winning)\n|c|\u2606KingOvershield|gg\n",
  "uploadtime": 1776105942,
  "views": 11,
  "formatid": "gen9championsvgc2026regma",
  "rating": 1056,
  "private": 0,
  "password": null
}