{
  "id": "gen9championsvgc2026regma-2588457277",
  "format": "[Gen 9 Champions] VGC 2026 Reg M-A",
  "players": [
    "JA22",
    "duckduckgoose1"
  ],
  "log": "|j|\u2606JA22\n|j|\u203dduckduckgoose1\n|t:|1776635208\n|gametype|doubles\n|player|p1|JA22|ethan|1130\n|player|p2|duckduckgoose1|266|1119\n|gen|9\n|tier|[Gen 9 Champions] VGC 2026 Reg M-A\n|rated|\n|rule|Species Clause: Limit one of each Pok\u00e9mon\n|rule|Item Clause: Limit 1 of each item\n|clearpoke\n|poke|p1|Tyranitar, L50, F, shiny|\n|poke|p1|Excadrill, L50, M, shiny|\n|poke|p1|Froslass, L50, F, shiny|\n|poke|p1|Rotom-Frost, L50, shiny|\n|poke|p1|Corviknight, L50, M, shiny|\n|poke|p1|Milotic, L50, F, shiny|\n|poke|p2|Aggron, L50, M|\n|poke|p2|Pelipper, L50, F|\n|poke|p2|Dragonite, L50, M|\n|poke|p2|Incineroar, L50, F|\n|poke|p2|Sinistcha-Masterpiece, L50|\n|poke|p2|Basculegion, L50, M|\n|teampreview|4\n|\n|t:|1776635288\n|teamsize|p1|4\n|teamsize|p2|4\n|start\n|switch|p1a: Froslass|Froslass, L50, F, shiny|100/100\n|switch|p1b: Rotom|Rotom-Frost, L50, shiny|100/100\n|switch|p2a: Aggron|Aggron, L50, M|100/100\n|switch|p2b: Pelipper|Pelipper, L50, F|100/100\n|-weather|RainDance|[from] ability: Drizzle|[of] p2b: Pelipper\n|turn|1\n|\n|t:|1776635354\n|detailschange|p2a: Aggron|Aggron-Mega, L50, M\n|-mega|p2a: Aggron|Aggron|Aggronite\n|move|p1a: Froslass|Protect|p1a: Froslass\n|-singleturn|p1a: Froslass|Protect\n|move|p2b: Pelipper|Protect|p2b: Pelipper\n|-singleturn|p2b: Pelipper|Protect\n|move|p1b: Rotom|Discharge|p2a: Aggron|[spread] p2a\n|-activate|p1a: Froslass|move: Protect\n|-activate|p2b: Pelipper|move: Protect\n|-damage|p2a: Aggron|73/100\n|move|p2a: Aggron|Heavy Slam|p1a: Froslass\n|-activate|p1a: Froslass|move: Protect\n|\n|-weather|RainDance|[upkeep]\n|upkeep\n|turn|2\n|\n|t:|1776635374\n|switch|p1a: Excadrill|Excadrill, L50, M, shiny|100/100\n|move|p2b: Pelipper|Tailwind|p2b: Pelipper\n|-sidestart|p2: duckduckgoose1|move: Tailwind\n|move|p2a: Aggron|Body Press|p1b: Rotom\n|-supereffective|p1b: Rotom|1\n|-damage|p1b: Rotom|18/100\n|move|p1b: Rotom|Discharge|p2a: Aggron|[spread] p2a,p2b\n|-immune|p1a: Excadrill\n|-supereffective|p2b: Pelipper|2\n|-damage|p2a: Aggron|47/100\n|-enditem|p2b: Pelipper|Focus Sash\n|-damage|p2b: Pelipper|1/100\n|-status|p2a: Aggron|par\n|-status|p2b: Pelipper|par\n|\n|-weather|RainDance|[upkeep]\n|upkeep\n|turn|3\n|\n|t:|1776635405\n|move|p1b: Rotom|Protect|p1b: Rotom\n|-singleturn|p1b: Rotom|Protect\n|move|p1a: Excadrill|Rock Slide|p2b: Pelipper|[spread] p2a,p2b\n|-resisted|p2a: Aggron|1\n|-supereffective|p2b: Pelipper|1\n|-damage|p2a: Aggron|41/100 par\n|-damage|p2b: Pelipper|0 fnt\n|faint|p2b: Pelipper\n|move|p2a: Aggron|Body Press|p1a: Excadrill\n|-supereffective|p1a: Excadrill|1\n|-damage|p1a: Excadrill|0 fnt\n|faint|p1a: Excadrill\n|\n|-weather|RainDance|[upkeep]\n|upkeep\n|\n|t:|1776635419\n|switch|p1a: Froslass|Froslass, L50, F, shiny|100/100\n|switch|p2b: Sinistcha|Sinistcha-Masterpiece, L50|100/100\n|-heal|p2a: Aggron|66/100 par|[from] ability: Hospitality|[of] p2b: Sinistcha\n|turn|4\n|\n|t:|1776635435\n|detailschange|p1a: Froslass|Froslass-Mega, L50, F, shiny\n|-mega|p1a: Froslass|Froslass|Froslassite\n|-weather|Snowscape|[from] ability: Snow Warning|[of] p1a: Froslass\n|move|p2b: Sinistcha|Life Dew||[still]|[spread] p2a,p2b\n|-heal|p2a: Aggron|91/100 par\n|-fail|p2b: Sinistcha|heal\n|move|p1a: Froslass|Aurora Veil|p1a: Froslass\n|-sidestart|p1: JA22|move: Aurora Veil\n|move|p1b: Rotom|Blizzard|p2a: Aggron|[spread] p2a,p2b\n|-resisted|p2a: Aggron|1\n|-supereffective|p2b: Sinistcha|1\n|-damage|p2a: Aggron|75/100 par\n|-damage|p2b: Sinistcha|18/100\n|move|p2a: Aggron|Heavy Slam|p1a: Froslass\n|-supereffective|p1a: Froslass|1\n|-damage|p1a: Froslass|29/100\n|\n|-weather|Snowscape|[upkeep]\n|upkeep\n|turn|5\n|\n|t:|1776635472\n|move|p2b: Sinistcha|Life Dew|p2b: Sinistcha|[spread] p2a,p2b\n|-heal|p2a: Aggron|99/100 par\n|-heal|p2b: Sinistcha|44/100\n|move|p1a: Froslass|Shadow Ball|p2a: Aggron\n|-damage|p2a: Aggron|59/100 par\n|move|p1b: Rotom|Blizzard|p2a: Aggron|[spread] p2a,p2b\n|-resisted|p2a: Aggron|1\n|-supereffective|p2b: Sinistcha|1\n|-damage|p2a: Aggron|44/100 par\n|-damage|p2b: Sinistcha|0 fnt\n|faint|p2b: Sinistcha\n|move|p2a: Aggron|Heavy Slam|p1a: Froslass\n|-supereffective|p1a: Froslass|1\n|-damage|p1a: Froslass|0 fnt\n|faint|p1a: Froslass\n|\n|-weather|Snowscape|[upkeep]\n|-sideend|p2: duckduckgoose1|move: Tailwind\n|upkeep\n|\n|t:|1776635488\n|switch|p1a: Milotic|Milotic, L50, F, shiny|100/100\n|switch|p2b: Basculegion|Basculegion, L50, M|100/100\n|turn|6\n|\n|t:|1776635519\n|move|p2b: Basculegion|Last Respects|p1a: Milotic\n|-damage|p1a: Milotic|58/100\n|move|p1b: Rotom|Electroweb|p2a: Aggron|[spread] p2a,p2b\n|-supereffective|p2b: Basculegion|1\n|-damage|p2a: Aggron|25/100 par\n|-damage|p2b: Basculegion|49/100\n|-unboost|p2a: Aggron|spe|1\n|-unboost|p2b: Basculegion|spe|1\n|move|p1a: Milotic|Scald|p2a: Aggron\n|-damage|p2a: Aggron|0 fnt\n|faint|p2a: Aggron\n|\n|-weather|Snowscape|[upkeep]\n|-heal|p1a: Milotic|64/100|[from] item: Leftovers\n|upkeep\n|turn|7\n|-message|duckduckgoose1 forfeited.\n|\n|win|JA22\n|raw|JA22's rating: 1130 &rarr; <strong>1154</strong><br />(+24 for winning)\n|raw|duckduckgoose1's rating: 1119 &rarr; <strong>1095</strong><br />(-24 for losing)\n|l|\u203dduckduckgoose1\n|player|p2|\n",
  "uploadtime": 1776635541,
  "views": 34,
  "formatid": "gen9championsvgc2026regma",
  "rating": 1095,
  "private": 0,
  "password": null
}