{
  "id": "gen9championsvgc2026regma-2582866753",
  "format": "[Gen 9 Champions] VGC 2026 Reg M-A",
  "players": [
    "pee1",
    "volkara"
  ],
  "log": "|j|\u2606pee1\n|j|\u2606volkara\n|t:|1776120397\n|gametype|doubles\n|player|p1|pee1|1|1263\n|player|p2|volkara|101|1274\n|gen|9\n|tier|[Gen 9 Champions] VGC 2026 Reg M-A\n|rated|\n|rule|Species Clause: Limit one of each Pok\u00e9mon\n|rule|Item Clause: Limit 1 of each item\n|clearpoke\n|poke|p1|Gengar, L50, F|\n|poke|p1|Vivillon-Icy Snow, L50, F|\n|poke|p1|Garchomp, L50, M|\n|poke|p1|Corviknight, L50, M|\n|poke|p1|Incineroar, L50, F|\n|poke|p1|Milotic, L50, F|\n|poke|p2|Whimsicott, L50, F|\n|poke|p2|Charizard, L50, F|\n|poke|p2|Milotic, L50, F|\n|poke|p2|Garchomp, L50, M|\n|poke|p2|Incineroar, L50, F|\n|poke|p2|Aegislash, L50, F|\n|teampreview|4\n|inactive|Battle timer is ON: inactive players will automatically lose when time's up. (requested by volkara)\n|inactive|pee1 has 60 seconds left.\n|inactive|volkara has 60 seconds left.\n|\n|t:|1776120450\n|teamsize|p1|4\n|teamsize|p2|4\n|start\n|switch|p1a: Garchomp|Garchomp, L50, M|100/100\n|switch|p1b: Milotic|Milotic, L50, F|100/100\n|switch|p2a: Aegislash|Aegislash, L50, F|100/100\n|switch|p2b: Milotic|Milotic, L50, F|100/100\n|turn|1\n|l|\u2606volkara\n|inactive|volkara disconnected and has a minute to reconnect!\n|player|p2|\n|j|\u2606volkara\n|inactive|volkara reconnected and has 35 seconds left.\n|player|p2|volkara|101|\n|inactive|volkara has 30 seconds left.\n|\n|t:|1776120476\n|move|p1a: Garchomp|Protect|p1a: Garchomp\n|-singleturn|p1a: Garchomp|Protect\n|move|p2b: Milotic|Ice Beam|p1a: Garchomp\n|-activate|p1a: Garchomp|move: Protect\n|move|p1b: Milotic|Scald|p2b: Milotic\n|-resisted|p2b: Milotic|1\n|-damage|p2b: Milotic|88/100\n|-status|p2b: Milotic|brn\n|-formechange|p2a: Aegislash|Aegislash-Blade|\n|move|p2a: Aegislash|Shadow Claw|p1b: Milotic\n|-damage|p1b: Milotic|59/100\n|\n|-heal|p2b: Milotic|94/100 brn|[from] item: Leftovers\n|-heal|p1b: Milotic|65/100|[from] item: Leftovers\n|-damage|p2b: Milotic|88/100 brn|[from] brn\n|upkeep\n|turn|2\n|\n|t:|1776120497\n|move|p1b: Milotic|Protect|p1b: Milotic\n|-singleturn|p1b: Milotic|Protect\n|-formechange|p2a: Aegislash|Aegislash|\n|move|p2a: Aegislash|King's Shield|p2a: Aegislash\n|-singleturn|p2a: Aegislash|Protect\n|move|p1a: Garchomp|Earthquake|p2a: Aegislash|[spread] p2b\n|-activate|p1b: Milotic|move: Protect\n|-activate|p2a: Aegislash|move: Protect\n|-damage|p2b: Milotic|49/100 brn\n|move|p2b: Milotic|Scald|p1b: Milotic\n|-activate|p1b: Milotic|move: Protect\n|\n|-heal|p1b: Milotic|71/100|[from] item: Leftovers\n|-heal|p2b: Milotic|55/100 brn|[from] item: Leftovers\n|-damage|p2b: Milotic|49/100 brn|[from] brn\n|upkeep\n|turn|3\n|inactive|pee1 has 30 seconds left.\n|\n|t:|1776120527\n|switch|p1a: Gengar|Gengar, L50, F, shiny|100/100\n|move|p1b: Milotic|Recover|p1b: Milotic\n|-heal|p1b: Milotic|100/100\n|move|p2b: Milotic|Recover|p2b: Milotic\n|-heal|p2b: Milotic|99/100 brn\n|-formechange|p2a: Aegislash|Aegislash-Blade|\n|move|p2a: Aegislash|Shadow Claw|p1b: Milotic\n|-damage|p1b: Milotic|54/100\n|\n|-heal|p1b: Milotic|60/100|[from] item: Leftovers\n|-heal|p2b: Milotic|100/100 brn|[from] item: Leftovers\n|-damage|p2b: Milotic|94/100 brn|[from] brn\n|upkeep\n|turn|4\n|inactive|volkara has 30 seconds left.\n|inactive|volkara has 20 seconds left.\n|inactive|volkara has 15 seconds left.\n|\n|t:|1776120568\n|detailschange|p1a: Gengar|Gengar-Mega, L50, F, shiny\n|-mega|p1a: Gengar|Gengar|Gengarite\n|move|p1a: Gengar|Protect|p1a: Gengar\n|-singleturn|p1a: Gengar|Protect\n|move|p2a: Aegislash|Shadow Sneak|p1a: Gengar\n|-activate|p1a: Gengar|move: Protect\n|move|p2b: Milotic|Scald|p1a: Gengar\n|-activate|p1a: Gengar|move: Protect\n|move|p1b: Milotic|Recover|p1b: Milotic\n|-heal|p1b: Milotic|100/100\n|\n|-heal|p2b: Milotic|100/100 brn|[from] item: Leftovers\n|-damage|p2b: Milotic|94/100 brn|[from] brn\n|upkeep\n|turn|5\n|inactive|pee1 has 30 seconds left.\n|\n|t:|1776120594\n|switch|p1a: Garchomp|Garchomp, L50, M|100/100\n|move|p2a: Aegislash|Shadow Sneak|p1a: Garchomp\n|-damage|p1a: Garchomp|71/100\n|-damage|p2a: Aegislash|89/100|[from] ability: Rough Skin|[of] p1a: Garchomp\n|move|p2b: Milotic|Scald|p1a: Garchomp\n|-damage|p1a: Garchomp|29/100\n|-status|p1a: Garchomp|brn\n|-enditem|p1a: Garchomp|Lum Berry|[eat]\n|-curestatus|p1a: Garchomp|brn|[msg]\n|move|p1b: Milotic|Scald|p2a: Aegislash\n|-damage|p2a: Aegislash|29/100\n|\n|-heal|p2b: Milotic|100/100 brn|[from] item: Leftovers\n|-damage|p2b: Milotic|94/100 brn|[from] brn\n|upkeep\n|turn|6\n|\n|t:|1776120615\n|move|p1a: Garchomp|Protect|p1a: Garchomp\n|-singleturn|p1a: Garchomp|Protect\n|-formechange|p2a: Aegislash|Aegislash|\n|move|p2a: Aegislash|King's Shield|p2a: Aegislash\n|-singleturn|p2a: Aegislash|Protect\n|move|p1b: Milotic|Scald|p2a: Aegislash\n|-activate|p2a: Aegislash|move: Protect\n|move|p2b: Milotic|Scald|p1b: Milotic\n|-resisted|p1b: Milotic|1\n|-damage|p1b: Milotic|89/100\n|\n|-heal|p1b: Milotic|95/100|[from] item: Leftovers\n|-heal|p2b: Milotic|100/100 brn|[from] item: Leftovers\n|-damage|p2b: Milotic|94/100 brn|[from] brn\n|upkeep\n|turn|7\n|inactive|volkara has 30 seconds left.\n|\n|t:|1776120650\n|move|p1b: Milotic|Protect|p1b: Milotic\n|-singleturn|p1b: Milotic|Protect\n|-formechange|p2a: Aegislash|Aegislash-Blade|\n|move|p2a: Aegislash|Shadow Sneak|p1a: Garchomp\n|-damage|p1a: Garchomp|0 fnt\n|-damage|p2a: Aegislash|17/100|[from] ability: Rough Skin|[of] p1a: Garchomp\n|faint|p1a: Garchomp\n|move|p2b: Milotic|Scald|p1b: Milotic\n|-activate|p1b: Milotic|move: Protect\n|\n|-heal|p1b: Milotic|100/100|[from] item: Leftovers\n|-heal|p2b: Milotic|100/100 brn|[from] item: Leftovers\n|-damage|p2b: Milotic|94/100 brn|[from] brn\n|upkeep\n|\n|t:|1776120658\n|switch|p1a: Gengar|Gengar-Mega, L50, F, shiny|100/100\n|turn|8\n|\n|t:|1776120676\n|-formechange|p2a: Aegislash|Aegislash|\n|move|p2a: Aegislash|King's Shield|p2a: Aegislash\n|-singleturn|p2a: Aegislash|Protect\n|move|p1a: Gengar|Sludge Bomb|p2b: Milotic\n|-damage|p2b: Milotic|52/100 brn\n|move|p1b: Milotic|Scald|p2b: Milotic\n|-resisted|p2b: Milotic|1\n|-damage|p2b: Milotic|41/100 brn\n|move|p2b: Milotic|Scald|p1b: Milotic\n|-resisted|p1b: Milotic|1\n|-damage|p1b: Milotic|89/100\n|\n|-heal|p1b: Milotic|95/100|[from] item: Leftovers\n|-heal|p2b: Milotic|47/100 brn|[from] item: Leftovers\n|-damage|p2b: Milotic|41/100 brn|[from] brn\n|upkeep\n|turn|9\n|\n|t:|1776120700\n|move|p1a: Gengar|Sludge Bomb|p2b: Milotic\n|-damage|p2b: Milotic|0 fnt\n|faint|p2b: Milotic\n|move|p1b: Milotic|Scald|p2a: Aegislash\n|-damage|p2a: Aegislash|0 fnt\n|faint|p2a: Aegislash\n|\n|-heal|p1b: Milotic|100/100|[from] item: Leftovers\n|upkeep\n|\n|t:|1776120707\n|switch|p2b: Charizard|Charizard, L50, F|100/100\n|switch|p2a: Incineroar|Incineroar, L50, F|100/100\n|-ability|p2a: Incineroar|Intimidate|boost\n|-unboost|p1a: Gengar|atk|1\n|-unboost|p1b: Milotic|atk|1\n|-ability|p1b: Milotic|Competitive|boost\n|-boost|p1b: Milotic|spa|2\n|turn|10\n|\n|t:|1776120722\n|switch|p1a: Incineroar|Incineroar, L50, F, shiny|100/100\n|-ability|p1a: Incineroar|Intimidate|boost\n|-unboost|p2a: Incineroar|atk|1\n|-unboost|p2b: Charizard|atk|1\n|detailschange|p2b: Charizard|Charizard-Mega-Y, L50, F\n|-mega|p2b: Charizard|Charizard|Charizardite Y\n|-weather|SunnyDay|[from] ability: Drought|[of] p2b: Charizard\n|move|p1b: Milotic|Protect|p1b: Milotic\n|-singleturn|p1b: Milotic|Protect\n|move|p2a: Incineroar|Fake Out|p1b: Milotic\n|-activate|p1b: Milotic|move: Protect\n|move|p2b: Charizard|Heat Wave|p1b: Milotic|[spread] p1a\n|-activate|p1b: Milotic|move: Protect\n|-resisted|p1a: Incineroar|1\n|-damage|p1a: Incineroar|72/100\n|\n|-weather|SunnyDay|[upkeep]\n|upkeep\n|turn|11\n|\n|t:|1776120742\n|move|p2b: Charizard|Protect|p2b: Charizard\n|-singleturn|p2b: Charizard|Protect\n|move|p1a: Incineroar|Fake Out|p2b: Charizard\n|-activate|p2b: Charizard|move: Protect\n|move|p1b: Milotic|Scald|p2a: Incineroar\n|-supereffective|p2a: Incineroar|1\n|-damage|p2a: Incineroar|53/100\n|move|p2a: Incineroar|Darkest Lariat|p1a: Incineroar\n|-resisted|p1a: Incineroar|1\n|-damage|p1a: Incineroar|62/100\n|\n|-weather|SunnyDay|[upkeep]\n|upkeep\n|turn|12\n|\n|t:|1776120763\n|move|p1b: Milotic|Protect|p1b: Milotic\n|-singleturn|p1b: Milotic|Protect\n|move|p2b: Charizard|Solar Beam||[still]\n|-prepare|p2b: Charizard|Solar Beam\n|-anim|p2b: Charizard|Solar Beam|p1b: Milotic\n|-activate|p1b: Milotic|move: Protect\n|move|p2a: Incineroar|Darkest Lariat|p1b: Milotic\n|-activate|p1b: Milotic|move: Protect\n|move|p1a: Incineroar|Parting Shot|p2b: Charizard\n|-unboost|p2b: Charizard|atk|1\n|-unboost|p2b: Charizard|spa|1\n|\n|t:|1776120766\n|switch|p1a: Gengar|Gengar-Mega, L50, F, shiny|100/100|[from] Parting Shot\n|\n|-weather|SunnyDay|[upkeep]\n|upkeep\n|turn|13\n|inactive|pee1 has 30 seconds left.\n|\n|t:|1776120796\n|move|p1a: Gengar|Protect|p1a: Gengar\n|-singleturn|p1a: Gengar|Protect\n|move|p2b: Charizard|Solar Beam||[still]\n|-prepare|p2b: Charizard|Solar Beam\n|-anim|p2b: Charizard|Solar Beam|p1b: Milotic\n|-supereffective|p1b: Milotic|1\n|-damage|p1b: Milotic|53/100\n|move|p1b: Milotic|Scald|p2a: Incineroar\n|-supereffective|p2a: Incineroar|1\n|-damage|p2a: Incineroar|5/100\n|-enditem|p2a: Incineroar|Sitrus Berry|[eat]\n|-heal|p2a: Incineroar|30/100|[from] item: Sitrus Berry\n|move|p2a: Incineroar|Darkest Lariat|p1a: Gengar\n|-activate|p1a: Gengar|move: Protect\n|\n|-weather|SunnyDay|[upkeep]\n|-heal|p1b: Milotic|59/100|[from] item: Leftovers\n|upkeep\n|turn|14\n|\n|t:|1776120814\n|move|p1b: Milotic|Protect|p1b: Milotic\n|-singleturn|p1b: Milotic|Protect\n|move|p1a: Gengar|Sludge Bomb|p2a: Incineroar\n|-damage|p2a: Incineroar|0 fnt\n|faint|p2a: Incineroar\n|move|p2b: Charizard|Heat Wave|p1b: Milotic|[spread] p1a\n|-activate|p1b: Milotic|move: Protect\n|-damage|p1a: Gengar|36/100\n|\n|-weather|none\n|-heal|p1b: Milotic|65/100|[from] item: Leftovers\n|upkeep\n|turn|15\n|-message|volkara forfeited.\n|\n|win|pee1\n|raw|pee1's rating: 1263 &rarr; <strong>1289</strong><br />(+26 for winning)\n|raw|volkara's rating: 1274 &rarr; <strong>1248</strong><br />(-26 for losing)\n|l|\u2606volkara\n|player|p2|\n",
  "uploadtime": 1776120867,
  "views": 24,
  "formatid": "gen9championsvgc2026regma",
  "rating": 1248,
  "private": 0,
  "password": null
}