{
  "id": "gen9championsvgc2026regma-2581677701",
  "format": "[Gen 9 Champions] VGC 2026 Reg M-A",
  "players": [
    "voolas",
    "Maratil"
  ],
  "log": "|j|\u2606voolas\n|j|\u2606Maratil\n|t:|1776020015\n|gametype|doubles\n|player|p1|voolas|will|1182\n|player|p2|Maratil|102|1170\n|gen|9\n|tier|[Gen 9 Champions] VGC 2026 Reg M-A\n|rated|\n|rule|Species Clause: Limit one of each Pok\u00e9mon\n|rule|Item Clause: Limit 1 of each item\n|clearpoke\n|poke|p1|Gengar, L50, F|\n|poke|p1|Sableye, L50, F|\n|poke|p1|Incineroar, L50, M|\n|poke|p1|Politoed, L50, M|\n|poke|p1|Archaludon, L50, F|\n|poke|p1|Dragonite, L50, M|\n|poke|p2|Floette-Eternal, L50, F|\n|poke|p2|Typhlosion-Hisui, L50, M|\n|poke|p2|Charizard, L50, F|\n|poke|p2|Whimsicott, L50, F|\n|poke|p2|Garchomp, L50, M|\n|poke|p2|Sinistcha, L50|\n|teampreview|4\n|inactive|Battle timer is ON: inactive players will automatically lose when time's up. (requested by Maratil)\n|inactive|voolas has 60 seconds left.\n|\n|t:|1776020055\n|teamsize|p1|4\n|teamsize|p2|4\n|start\n|switch|p1a: Gengar|Gengar, L50, F, shiny|100/100\n|switch|p1b: Sableye|Sableye, L50, F|100/100\n|switch|p2a: Whimsicott|Whimsicott, L50, F|100/100\n|switch|p2b: Typhlosion|Typhlosion-Hisui, L50, M|100/100\n|-item|p1a: Gengar|Gengarite|[from] ability: Frisk|[of] p2b: Typhlosion\n|-item|p1b: Sableye|Mental Herb|[from] ability: Frisk|[of] p2b: Typhlosion\n|turn|1\n|inactive|voolas has 30 seconds left.\n|\n|t:|1776020084\n|detailschange|p1a: Gengar|Gengar-Mega, L50, F, shiny\n|-mega|p1a: Gengar|Gengar|Gengarite\n|move|p1a: Gengar|Protect|p1a: Gengar\n|-singleturn|p1a: Gengar|Protect\n|move|p1b: Sableye|Fake Out|p2a: Whimsicott\n|-damage|p2a: Whimsicott|93/100\n|cant|p2a: Whimsicott|flinch\n|move|p2b: Typhlosion|Eruption|p1a: Gengar|[spread] p1b\n|-activate|p1a: Gengar|move: Protect\n|-damage|p1b: Sableye|34/100\n|\n|upkeep\n|turn|2\n|\n|t:|1776020103\n|move|p2a: Whimsicott|Sunny Day|p2a: Whimsicott\n|-weather|SunnyDay\n|move|p1b: Sableye|Disable|p2b: Typhlosion\n|-start|p2b: Typhlosion|Disable|Eruption\n|cant|p2b: Typhlosion|Disable|Eruption\n|move|p1a: Gengar|Perish Song|p1a: Gengar\n|-start|p1a: Gengar|perish3|[silent]\n|-start|p1b: Sableye|perish3|[silent]\n|-start|p2a: Whimsicott|perish3|[silent]\n|-start|p2b: Typhlosion|perish3|[silent]\n|-fieldactivate|move: Perish Song\n|\n|-weather|SunnyDay|[upkeep]\n|-start|p2b: Typhlosion|perish3\n|-start|p1a: Gengar|perish3\n|-start|p2a: Whimsicott|perish3\n|-start|p1b: Sableye|perish3\n|upkeep\n|turn|3\n|inactive|voolas has 30 seconds left.\n|inactive|voolas has 20 seconds left.\n|\n|t:|1776020138\n|move|p1b: Sableye|Encore|p2b: Typhlosion\n|-start|p2b: Typhlosion|Encore\n|cant|p2b: Typhlosion|Disable|Eruption\n|move|p1a: Gengar|Shadow Ball|p2b: Typhlosion\n|-supereffective|p2b: Typhlosion|1\n|-damage|p2b: Typhlosion|0 fnt\n|faint|p2b: Typhlosion\n|move|p2a: Whimsicott|Moonblast|p1b: Sableye\n|-supereffective|p1b: Sableye|1\n|-damage|p1b: Sableye|0 fnt\n|faint|p1b: Sableye\n|\n|-weather|SunnyDay|[upkeep]\n|-start|p1a: Gengar|perish2\n|-start|p2a: Whimsicott|perish2\n|upkeep\n|\n|t:|1776020160\n|switch|p2b: Garchomp|Garchomp, L50, M|100/100\n|switch|p1b: Incineroar|Incineroar, L50, M|100/100\n|-ability|p1b: Incineroar|Intimidate|boost\n|-unboost|p2a: Whimsicott|atk|1\n|-unboost|p2b: Garchomp|atk|1\n|turn|4\n|inactive|voolas has 30 seconds left.\n|\n|t:|1776020192\n|move|p1a: Gengar|Protect|p1a: Gengar\n|-singleturn|p1a: Gengar|Protect\n|move|p1b: Incineroar|Protect|p1b: Incineroar\n|-singleturn|p1b: Incineroar|Protect\n|move|p2b: Garchomp|Stomping Tantrum|p1a: Gengar\n|-activate|p1a: Gengar|move: Protect\n|move|p2a: Whimsicott|Moonblast|p1b: Incineroar\n|-activate|p1b: Incineroar|move: Protect\n|\n|-weather|SunnyDay|[upkeep]\n|-start|p1a: Gengar|perish1\n|-start|p2a: Whimsicott|perish1\n|upkeep\n|turn|5\n|\n|t:|1776020210\n|switch|p1a: Politoed|Politoed, L50, M|100/100\n|-weather|RainDance|[from] ability: Drizzle|[of] p1a: Politoed\n|move|p2b: Garchomp|Stomping Tantrum|p1a: Politoed\n|-damage|p1a: Politoed|74/100\n|move|p2a: Whimsicott|Moonblast|p1a: Politoed\n|-damage|p1a: Politoed|52/100\n|-unboost|p1a: Politoed|spa|1\n|move|p1b: Incineroar|Parting Shot|p2b: Garchomp\n|-unboost|p2b: Garchomp|atk|1\n|-unboost|p2b: Garchomp|spa|1\n|\n|t:|1776020223\n|switch|p1b: Gengar|Gengar-Mega, L50, F, shiny|100/100|[from] Parting Shot\n|\n|-weather|RainDance|[upkeep]\n|-heal|p1a: Politoed|58/100|[from] item: Leftovers\n|-start|p2a: Whimsicott|perish0\n|upkeep\n|faint|p2a: Whimsicott\n|\n|t:|1776020229\n|switch|p2a: Floette|Floette-Eternal, L50, F|100/100\n|turn|6\n|inactive|voolas has 30 seconds left.\n|\n|t:|1776020256\n|detailschange|p2a: Floette|Floette-Mega, L50, F\n|-mega|p2a: Floette|Floette|Floettite\n|-ability|p2a: Floette|Fairy Aura\n|move|p1b: Gengar|Disable|p2b: Garchomp\n|-start|p2b: Garchomp|Disable|Stomping Tantrum\n|cant|p2b: Garchomp|Disable|Stomping Tantrum\n|move|p2a: Floette|Moonblast|p1b: Gengar\n|-resisted|p1b: Gengar|1\n|-damage|p1b: Gengar|57/100\n|move|p1a: Politoed|Weather Ball|p2a: Floette\n|-damage|p2a: Floette|76/100\n|\n|-weather|RainDance|[upkeep]\n|-heal|p1a: Politoed|64/100|[from] item: Leftovers\n|upkeep\n|turn|7\n|inactive|voolas has 30 seconds left.\n|inactive|Maratil has 30 seconds left.\n|\n|t:|1776020283\n|move|p2a: Floette|Protect|p2a: Floette\n|-singleturn|p2a: Floette|Protect\n|move|p1b: Gengar|Shadow Ball|p2a: Floette\n|-activate|p2a: Floette|move: Protect\n|move|p2b: Garchomp|Dragon Claw|p1b: Gengar\n|-damage|p1b: Gengar|32/100\n|move|p1a: Politoed|Muddy Water|p2a: Floette|[spread] p2b\n|-activate|p2a: Floette|move: Protect\n|-damage|p2b: Garchomp|74/100\n|\n|-weather|RainDance|[upkeep]\n|-heal|p1a: Politoed|71/100|[from] item: Leftovers\n|upkeep\n|turn|8\n|inactive|voolas has 30 seconds left.\n|\n|t:|1776020310\n|move|p1b: Gengar|Protect|p1b: Gengar\n|-singleturn|p1b: Gengar|Protect\n|move|p2b: Garchomp|Dragon Claw|p1b: Gengar\n|-activate|p1b: Gengar|move: Protect\n|move|p2a: Floette|Moonblast|p1b: Gengar\n|-activate|p1b: Gengar|move: Protect\n|move|p1a: Politoed|Muddy Water|p2b: Garchomp|[spread] p2a,p2b\n|-damage|p2a: Floette|56/100\n|-damage|p2b: Garchomp|47/100\n|\n|-weather|RainDance|[upkeep]\n|-heal|p1a: Politoed|77/100|[from] item: Leftovers\n|upkeep\n|turn|9\n|inactive|voolas has 30 seconds left.\n|\n|t:|1776020341\n|move|p1b: Gengar|Disable|p2a: Floette\n|-start|p2a: Floette|Disable|Moonblast\n|cant|p2a: Floette|Disable|Moonblast\n|move|p2b: Garchomp|Dragon Claw|p1b: Gengar\n|-damage|p1b: Gengar|2/100\n|move|p1a: Politoed|Muddy Water|p2b: Garchomp|[spread] p2a,p2b\n|-damage|p2a: Floette|37/100\n|-damage|p2b: Garchomp|23/100\n|-unboost|p2a: Floette|accuracy|1\n|-unboost|p2b: Garchomp|accuracy|1\n|\n|-weather|none\n|-heal|p1a: Politoed|83/100|[from] item: Leftovers\n|-end|p2b: Garchomp|Disable\n|upkeep\n|turn|10\n|inactive|voolas has 30 seconds left.\n|inactive|Maratil has 30 seconds left.\n|\n|t:|1776020366\n|move|p2a: Floette|Protect|p2a: Floette\n|-singleturn|p2a: Floette|Protect\n|move|p1b: Gengar|Shadow Ball|p2a: Floette\n|-activate|p2a: Floette|move: Protect\n|move|p2b: Garchomp|Rock Slide|p1b: Gengar|[spread] p1a,p1b\n|-damage|p1a: Politoed|72/100\n|-damage|p1b: Gengar|0 fnt\n|faint|p1b: Gengar\n|cant|p1a: Politoed|flinch\n|\n|-heal|p1a: Politoed|78/100|[from] item: Leftovers\n|upkeep\n|\n|t:|1776020368\n|switch|p1b: Incineroar|Incineroar, L50, M|100/100\n|-ability|p1b: Incineroar|Intimidate|boost\n|-unboost|p2a: Floette|atk|1\n|-unboost|p2b: Garchomp|atk|1\n|turn|11\n|\n|t:|1776020390\n|move|p1b: Incineroar|Fake Out|p2b: Garchomp\n|-damage|p2b: Garchomp|12/100\n|-damage|p1b: Incineroar|88/100|[from] ability: Rough Skin|[of] p2b: Garchomp\n|cant|p2b: Garchomp|flinch\n|move|p2a: Floette|Draining Kiss|p1a: Politoed\n|-damage|p1a: Politoed|49/100\n|-heal|p2a: Floette|67/100|[from] drain|[of] p1a: Politoed\n|move|p1a: Politoed|Muddy Water|p2b: Garchomp|[spread] p2a,p2b\n|-damage|p2a: Floette|55/100\n|-damage|p2b: Garchomp|0 fnt\n|faint|p2b: Garchomp\n|\n|-heal|p1a: Politoed|55/100|[from] item: Leftovers\n|upkeep\n|turn|12\n|\n|t:|1776020415\n|move|p2a: Floette|Draining Kiss|p1a: Politoed\n|-damage|p1a: Politoed|27/100\n|-heal|p2a: Floette|82/100|[from] drain|[of] p1a: Politoed\n|move|p1a: Politoed|Encore|p2a: Floette\n|-start|p2a: Floette|Encore\n|move|p1b: Incineroar|Parting Shot|p2a: Floette\n|-unboost|p2a: Floette|atk|1\n|-unboost|p2a: Floette|spa|1\n|\n|-heal|p1a: Politoed|33/100|[from] item: Leftovers\n|-end|p2a: Floette|Disable\n|upkeep\n|turn|13\n|\n|t:|1776020432\n|move|p1a: Politoed|Protect|p1a: Politoed\n|-singleturn|p1a: Politoed|Protect\n|move|p2a: Floette|Draining Kiss|p1a: Politoed\n|-activate|p1a: Politoed|move: Protect\n|move|p1b: Incineroar|Darkest Lariat|p2a: Floette\n|-resisted|p2a: Floette|1\n|-damage|p2a: Floette|58/100\n|\n|-heal|p1a: Politoed|39/100|[from] item: Leftovers\n|upkeep\n|turn|14\n|\n|t:|1776020453\n|move|p2a: Floette|Draining Kiss|p1a: Politoed|[miss]\n|-miss|p2a: Floette|p1a: Politoed\n|move|p1a: Politoed|Muddy Water|p2a: Floette|[miss]\n|-miss|p1a: Politoed|p2a: Floette\n|move|p1b: Incineroar|Darkest Lariat|p2a: Floette\n|-resisted|p2a: Floette|1\n|-damage|p2a: Floette|33/100\n|\n|-heal|p1a: Politoed|45/100|[from] item: Leftovers\n|upkeep\n|turn|15\n|\n|t:|1776020475\n|move|p2a: Floette|Draining Kiss|p1b: Incineroar\n|-damage|p1b: Incineroar|67/100\n|-heal|p2a: Floette|55/100|[from] drain|[of] p1b: Incineroar\n|move|p1a: Politoed|Muddy Water|p2a: Floette\n|-damage|p2a: Floette|37/100\n|-unboost|p2a: Floette|accuracy|1\n|move|p1b: Incineroar|Darkest Lariat|p2a: Floette\n|-resisted|p2a: Floette|1\n|-damage|p2a: Floette|13/100\n|\n|-heal|p1a: Politoed|51/100|[from] item: Leftovers\n|-end|p2a: Floette|Encore\n|upkeep\n|turn|16\n|\n|t:|1776020491\n|move|p1a: Politoed|Protect|p1a: Politoed\n|-singleturn|p1a: Politoed|Protect\n|move|p1b: Incineroar|Protect|p1b: Incineroar\n|-singleturn|p1b: Incineroar|Protect\n|move|p2a: Floette|Draining Kiss|p1a: Politoed\n|-activate|p1a: Politoed|move: Protect\n|\n|-heal|p1a: Politoed|57/100|[from] item: Leftovers\n|upkeep\n|turn|17\n|inactive|voolas has 30 seconds left.\n|\n|t:|1776020508\n|move|p2a: Floette|Draining Kiss|p1a: Politoed|[miss]\n|-miss|p2a: Floette|p1a: Politoed\n|move|p1a: Politoed|Muddy Water|p2a: Floette\n|-damage|p2a: Floette|0 fnt\n|faint|p2a: Floette\n|\n|win|voolas\n|raw|voolas's rating: 1182 &rarr; <strong>1206</strong><br />(+24 for winning)\n|raw|Maratil's rating: 1170 &rarr; <strong>1146</strong><br />(-24 for losing)\n|l|\u2606Maratil\n|player|p2|\n",
  "uploadtime": 1776020522,
  "views": 25,
  "formatid": "gen9championsvgc2026regma",
  "rating": 1146,
  "private": 0,
  "password": null
}