{
  "id": "gen9championsvgc2026regma-2583717918",
  "format": "[Gen 9 Champions] VGC 2026 Reg M-A",
  "players": [
    "elektriktoad",
    "hectorretaaa81"
  ],
  "log": "|j|\u2606elektriktoad\n|j|\u2606hectorretaaa81\n|t:|1776192965\n|gametype|doubles\n|player|p1|elektriktoad|janine|1437\n|player|p2|hectorretaaa81|101|1466\n|gen|9\n|tier|[Gen 9 Champions] VGC 2026 Reg M-A\n|rated|\n|rule|Species Clause: Limit one of each Pok\u00e9mon\n|rule|Item Clause: Limit 1 of each item\n|clearpoke\n|poke|p1|Meowstic, L50, M|\n|poke|p1|Alakazam, L50, M|\n|poke|p1|Hatterene, L50, F|\n|poke|p1|Tyranitar, L50, M|\n|poke|p1|Kingambit, L50, F|\n|poke|p1|Clefable, L50, F|\n|poke|p2|Gardevoir, L50, F|\n|poke|p2|Charizard, L50, M|\n|poke|p2|Venusaur, L50, F|\n|poke|p2|Garchomp, L50, F|\n|poke|p2|Milotic, L50, F|\n|poke|p2|Incineroar, L50, M|\n|teampreview|4\n|\n|t:|1776193005\n|teamsize|p1|4\n|teamsize|p2|4\n|start\n|switch|p1a: Meowstic|Meowstic, L50, M|100/100\n|switch|p1b: Hatterene|Hatterene, L50, F|100/100\n|switch|p2a: Charizard|Charizard, L50, M|100/100\n|switch|p2b: Milotic|Milotic, L50, F|100/100\n|turn|1\n|\n|t:|1776193028\n|switch|p2a: Incineroar|Incineroar, L50, M|100/100\n|-ability|p2a: Incineroar|Intimidate|boost\n|-unboost|p1a: Meowstic|atk|1\n|-unboost|p1b: Hatterene|atk|1\n|move|p1a: Meowstic|Fake Out|p2a: Incineroar\n|-damage|p2a: Incineroar|97/100\n|move|p2b: Milotic|Scald|p1b: Hatterene\n|-damage|p1b: Hatterene|65/100\n|move|p1b: Hatterene|Trick Room|p1b: Hatterene\n|-fieldstart|move: Trick Room|[of] p1b: Hatterene\n|\n|upkeep\n|turn|2\n|\n|t:|1776193057\n|switch|p1b: Tyranitar|Tyranitar, L50, M|100/100\n|-weather|Sandstorm|[from] ability: Sand Stream|[of] p1b: Tyranitar\n|switch|p1a: Kingambit|Kingambit, L50, F|100/100\n|move|p2a: Incineroar|Throat Chop|p1a: Kingambit\n|-resisted|p1a: Kingambit|1\n|-damage|p1a: Kingambit|87/100\n|-start|p1a: Kingambit|Throat Chop|[silent]\n|move|p2b: Milotic|Scald|p1b: Tyranitar\n|-supereffective|p1b: Tyranitar|1\n|-damage|p1b: Tyranitar|60/100\n|-status|p1b: Tyranitar|brn\n|\n|-weather|Sandstorm|[upkeep]\n|-damage|p2a: Incineroar|91/100|[from] Sandstorm\n|-damage|p2b: Milotic|95/100|[from] Sandstorm\n|-heal|p2b: Milotic|100/100|[from] item: Leftovers\n|-damage|p1b: Tyranitar|54/100 brn|[from] brn\n|upkeep\n|turn|3\n|\n|t:|1776193086\n|move|p1a: Kingambit|Low Kick|p2a: Incineroar\n|-supereffective|p2a: Incineroar|1\n|-damage|p2a: Incineroar|35/100\n|-enditem|p2a: Incineroar|Sitrus Berry|[eat]\n|-heal|p2a: Incineroar|60/100|[from] item: Sitrus Berry\n|move|p1b: Tyranitar|Rock Slide|p2b: Milotic|[spread] p2a,p2b\n|-supereffective|p2a: Incineroar|1\n|-damage|p2a: Incineroar|30/100\n|-damage|p2b: Milotic|87/100\n|move|p2a: Incineroar|Flare Blitz|p1a: Kingambit\n|-supereffective|p1a: Kingambit|1\n|-damage|p1a: Kingambit|0 fnt\n|faint|p1a: Kingambit\n|-damage|p2a: Incineroar|1/100|[from] Recoil\n|move|p2b: Milotic|Scald|p1b: Tyranitar\n|-supereffective|p1b: Tyranitar|1\n|-damage|p1b: Tyranitar|18/100 brn\n|\n|-weather|Sandstorm|[upkeep]\n|-damage|p2a: Incineroar|0 fnt|[from] Sandstorm\n|-damage|p2b: Milotic|81/100|[from] Sandstorm\n|faint|p2a: Incineroar\n|-heal|p2b: Milotic|87/100|[from] item: Leftovers\n|-damage|p1b: Tyranitar|13/100 brn|[from] brn\n|upkeep\n|j| sileshar\n|\n|t:|1776193108\n|switch|p1a: Hatterene|Hatterene, L50, F|65/100\n|switch|p2a: Charizard|Charizard, L50, M|100/100\n|turn|4\n|\n|t:|1776193130\n|detailschange|p2a: Charizard|Charizard-Mega-Y, L50, M\n|-mega|p2a: Charizard|Charizard|Charizardite Y\n|-weather|SunnyDay|[from] ability: Drought|[of] p2a: Charizard\n|move|p2a: Charizard|Protect|p2a: Charizard\n|-singleturn|p2a: Charizard|Protect\n|move|p1a: Hatterene|Expanding Force|p2b: Milotic\n|-damage|p2b: Milotic|53/100\n|move|p1b: Tyranitar|Knock Off|p2b: Milotic\n|-damage|p2b: Milotic|28/100\n|-enditem|p2b: Milotic|Leftovers|[from] move: Knock Off|[of] p1b: Tyranitar\n|move|p2b: Milotic|Scald|p1a: Hatterene\n|-damage|p1a: Hatterene|49/100\n|\n|-weather|SunnyDay|[upkeep]\n|-damage|p1b: Tyranitar|7/100 brn|[from] brn\n|upkeep\n|turn|5\n|\n|t:|1776193161\n|switch|p1b: Meowstic|Meowstic, L50, M|100/100\n|switch|p2a: Venusaur|Venusaur, L50, F|100/100\n|move|p2b: Milotic|Protect|p2b: Milotic\n|-singleturn|p2b: Milotic|Protect\n|move|p1a: Hatterene|Expanding Force|p2b: Milotic\n|-activate|p2b: Milotic|move: Protect\n|\n|-weather|SunnyDay|[upkeep]\n|-fieldend|move: Trick Room\n|upkeep\n|turn|6\n|j| omps404\n|\n|t:|1776193179\n|switch|p1a: Tyranitar|Tyranitar, L50, M|7/100 brn\n|-weather|Sandstorm|[from] ability: Sand Stream|[of] p1a: Tyranitar\n|detailschange|p1b: Meowstic|Meowstic-M-Mega, L50, M\n|-mega|p1b: Meowstic|Meowstic|Meowsticite\n|-ability|p1b: Meowstic|Competitive|Trace|[from] ability: Trace|[of] p2b: Milotic\n|move|p2a: Venusaur|Protect|p2a: Venusaur\n|-singleturn|p2a: Venusaur|Protect\n|move|p1b: Meowstic|Expanding Force|p2a: Venusaur\n|-activate|p2a: Venusaur|move: Protect\n|move|p2b: Milotic|Recover|p2b: Milotic\n|-heal|p2b: Milotic|78/100\n|\n|-weather|Sandstorm|[upkeep]\n|-damage|p1b: Meowstic|95/100|[from] Sandstorm\n|-damage|p2a: Venusaur|95/100|[from] Sandstorm\n|-damage|p2b: Milotic|72/100|[from] Sandstorm\n|-damage|p1a: Tyranitar|1/100 brn|[from] brn\n|upkeep\n|turn|7\n|\n|t:|1776193223\n|switch|p2a: Charizard|Charizard-Mega-Y, L50, M|100/100\n|-weather|SunnyDay|[from] ability: Drought|[of] p2a: Charizard\n|switch|p1a: Hatterene|Hatterene, L50, F|49/100\n|move|p1b: Meowstic|Protect|p1b: Meowstic\n|-singleturn|p1b: Meowstic|Protect\n|move|p2b: Milotic|Scald|p1a: Hatterene\n|-damage|p1a: Hatterene|32/100\n|-status|p1a: Hatterene|brn\n|\n|-weather|SunnyDay|[upkeep]\n|-damage|p1a: Hatterene|25/100 brn|[from] brn\n|upkeep\n|turn|8\n|\n|t:|1776193247\n|move|p1b: Meowstic|Expanding Force|p2a: Charizard\n|-damage|p2a: Charizard|54/100\n|move|p2a: Charizard|Solar Beam||[still]\n|-prepare|p2a: Charizard|Solar Beam\n|-anim|p2a: Charizard|Solar Beam|p1a: Hatterene\n|-damage|p1a: Hatterene|0 fnt\n|faint|p1a: Hatterene\n|move|p2b: Milotic|Ice Beam|p1b: Meowstic\n|-damage|p1b: Meowstic|66/100\n|\n|-weather|SunnyDay|[upkeep]\n|upkeep\n|\n|t:|1776193250\n|switch|p1a: Tyranitar|Tyranitar, L50, M|1/100 brn\n|-weather|Sandstorm|[from] ability: Sand Stream|[of] p1a: Tyranitar\n|turn|9\n|\n|t:|1776193266\n|move|p2a: Charizard|Protect|p2a: Charizard\n|-singleturn|p2a: Charizard|Protect\n|move|p2b: Milotic|Protect|p2b: Milotic\n|-singleturn|p2b: Milotic|Protect\n|move|p1b: Meowstic|Psychic Terrain|p1b: Meowstic\n|-fieldstart|move: Psychic Terrain\n|move|p1a: Tyranitar|Rock Slide|p2a: Charizard|[spread] \n|-activate|p2a: Charizard|move: Protect\n|-activate|p2b: Milotic|move: Protect\n|\n|-weather|Sandstorm|[upkeep]\n|-damage|p1b: Meowstic|60/100|[from] Sandstorm\n|-damage|p2a: Charizard|48/100|[from] Sandstorm\n|-damage|p2b: Milotic|66/100|[from] Sandstorm\n|-damage|p1a: Tyranitar|0 fnt|[from] brn\n|faint|p1a: Tyranitar\n|upkeep\n|turn|10\n|\n|t:|1776193298\n|move|p1b: Meowstic|Expanding Force|p2b: Milotic|[spread] p2a,p2b\n|-damage|p2a: Charizard|0 fnt\n|-damage|p2b: Milotic|15/100\n|faint|p2a: Charizard\n|move|p2b: Milotic|Recover|p2b: Milotic\n|-heal|p2b: Milotic|65/100\n|\n|-weather|Sandstorm|[upkeep]\n|-damage|p1b: Meowstic|54/100|[from] Sandstorm\n|-damage|p2b: Milotic|59/100|[from] Sandstorm\n|upkeep\n|\n|t:|1776193306\n|switch|p2a: Venusaur|Venusaur, L50, F|95/100\n|turn|11\n|j| azurejay\n|\n|t:|1776193335\n|move|p1b: Meowstic|Expanding Force|p2b: Milotic|[spread] p2a,p2b\n|-supereffective|p2a: Venusaur|1\n|-crit|p2b: Milotic\n|-damage|p2a: Venusaur|0 fnt\n|-damage|p2b: Milotic|0 fnt\n|faint|p2a: Venusaur\n|faint|p2b: Milotic\n|\n|win|elektriktoad\n|raw|elektriktoad's rating: 1437 &rarr; <strong>1459</strong><br />(+22 for winning)\n|raw|hectorretaaa81's rating: 1466 &rarr; <strong>1444</strong><br />(-22 for losing)\n|l|\u2606hectorretaaa81\n|player|p2|\n|c|\u2606elektriktoad|ggwp\n",
  "uploadtime": 1776193344,
  "views": 42,
  "formatid": "gen9championsvgc2026regma",
  "rating": 1444,
  "private": 0,
  "password": null
}