{
  "id": "gen9championsvgc2026regma-2581585362",
  "format": "[Gen 9 Champions] VGC 2026 Reg M-A",
  "players": [
    "Venomzito",
    "Abzalo"
  ],
  "log": "|j|\u2606Venomzito\n|j|\u2606Abzalo\n|t:|1776012971\n|gametype|doubles\n|player|p1|Venomzito|benga|1060\n|player|p2|Abzalo|169|1158\n|gen|9\n|tier|[Gen 9 Champions] VGC 2026 Reg M-A\n|rated|\n|rule|Species Clause: Limit one of each Pok\u00e9mon\n|rule|Item Clause: Limit 1 of each item\n|clearpoke\n|poke|p1|Gardevoir, L50, M|\n|poke|p1|Whimsicott, L50, M|\n|poke|p1|Incineroar, L50, M|\n|poke|p1|Rotom-Mow, L50|\n|poke|p1|Garchomp, L50, M|\n|poke|p1|Kingambit, L50, F|\n|poke|p2|Excadrill, L50, F|\n|poke|p2|Tyranitar, L50, F|\n|poke|p2|Garchomp, L50, F|\n|poke|p2|Corviknight, L50, F|\n|poke|p2|Gyarados, L50, F|\n|poke|p2|Sinistcha, L50|\n|teampreview|4\n|inactive|Battle timer is ON: inactive players will automatically lose when time's up. (requested by Abzalo)\n|c|\u2606Abzalo|Glhf\nAbzalo rejected open team sheets.\n|inactive|Venomzito has 60 seconds left.\n|inactive|Abzalo has 60 seconds left.\n|\n|t:|1776013029\n|teamsize|p1|4\n|teamsize|p2|4\n|start\n|switch|p1a: Whimsicott|Whimsicott, L50, M|100/100\n|switch|p1b: Kingambit|Kingambit, L50, F|100/100\n|switch|p2a: Corviknight|Corviknight, L50, F|100/100\n|switch|p2b: Sinistcha|Sinistcha, L50|100/100\n|turn|1\n|inactive|Abzalo has 30 seconds left.\n|\n|t:|1776013056\n|switch|p2b: Tyranitar|Tyranitar, L50, F|100/100\n|-weather|Sandstorm|[from] ability: Sand Stream|[of] p2b: Tyranitar\n|move|p1a: Whimsicott|Protect|p1a: Whimsicott\n|-singleturn|p1a: Whimsicott|Protect\n|move|p2a: Corviknight|Body Press|p1b: Kingambit\n|-supereffective|p1b: Kingambit|2\n|-damage|p1b: Kingambit|31/100\n|move|p1b: Kingambit|Swords Dance|p1b: Kingambit\n|-boost|p1b: Kingambit|atk|2\n|\n|-weather|Sandstorm|[upkeep]\n|-damage|p1a: Whimsicott|95/100|[from] Sandstorm\n|upkeep\n|turn|2\n|\n|t:|1776013079\n|switch|p2b: Sinistcha|Sinistcha, L50|100/100\n|move|p1a: Whimsicott|Tailwind|p1a: Whimsicott\n|-sidestart|p1: Venomzito|move: Tailwind\n|move|p1b: Kingambit|Kowtow Cleave|p2a: Corviknight\n|-damage|p2a: Corviknight|21/100\n|move|p2a: Corviknight|Body Press|p1b: Kingambit\n|-supereffective|p1b: Kingambit|2\n|-damage|p1b: Kingambit|0 fnt\n|faint|p1b: Kingambit\n|\n|-weather|Sandstorm|[upkeep]\n|-damage|p1a: Whimsicott|89/100|[from] Sandstorm\n|-damage|p2b: Sinistcha|94/100|[from] Sandstorm\n|-heal|p2a: Corviknight|26/100|[from] item: Leftovers\n|upkeep\n|\n|t:|1776013083\n|switch|p1b: Garchomp|Garchomp, L50, M|100/100\n|turn|3\n|\n|t:|1776013097\n|move|p2a: Corviknight|Protect|p2a: Corviknight\n|-singleturn|p2a: Corviknight|Protect\n|move|p1a: Whimsicott|Moonblast|p2b: Sinistcha\n|-damage|p2b: Sinistcha|62/100\n|move|p1b: Garchomp|Rock Slide|p2a: Corviknight|[spread] p2b\n|-activate|p2a: Corviknight|move: Protect\n|-damage|p2b: Sinistcha|42/100\n|-enditem|p2b: Sinistcha|Sitrus Berry|[eat]\n|-heal|p2b: Sinistcha|67/100|[from] item: Sitrus Berry\n|cant|p2b: Sinistcha|flinch\n|\n|-weather|Sandstorm|[upkeep]\n|-damage|p1a: Whimsicott|83/100|[from] Sandstorm\n|-damage|p2b: Sinistcha|61/100|[from] Sandstorm\n|-heal|p2a: Corviknight|32/100|[from] item: Leftovers\n|upkeep\n|turn|4\n|inactive|Abzalo has 30 seconds left.\n|\n|t:|1776013123\n|move|p1a: Whimsicott|Encore|p2a: Corviknight\n|-start|p2a: Corviknight|Encore\n|move|p2a: Corviknight|Protect||[still]\n|-fail|p2a: Corviknight\n|move|p1b: Garchomp|Rock Slide|p2a: Corviknight|[spread] p2b\n|-miss|p1b: Garchomp|p2a: Corviknight\n|-damage|p2b: Sinistcha|43/100\n|move|p2b: Sinistcha|Matcha Gotcha|p1b: Garchomp|[spread] p1a,p1b\n|-resisted|p1a: Whimsicott|1\n|-damage|p1a: Whimsicott|65/100\n|-heal|p2b: Sinistcha|50/100|[from] drain|[of] p1a: Whimsicott\n|-damage|p1b: Garchomp|73/100\n|-heal|p2b: Sinistcha|65/100|[from] drain|[of] p1b: Garchomp\n|\n|-weather|Sandstorm|[upkeep]\n|-damage|p1a: Whimsicott|60/100|[from] Sandstorm\n|-damage|p2b: Sinistcha|59/100|[from] Sandstorm\n|-heal|p2a: Corviknight|38/100|[from] item: Leftovers\n|upkeep\n|turn|5\n|\n|t:|1776013143\n|move|p2a: Corviknight|Protect|p2a: Corviknight\n|-singleturn|p2a: Corviknight|Protect\n|move|p1a: Whimsicott|Moonblast|p2b: Sinistcha\n|-damage|p2b: Sinistcha|26/100\n|move|p1b: Garchomp|Dragon Claw|p2b: Sinistcha\n|-damage|p2b: Sinistcha|0 fnt\n|faint|p2b: Sinistcha\n|\n|-weather|none\n|-heal|p2a: Corviknight|44/100|[from] item: Leftovers\n|-sideend|p1: Venomzito|move: Tailwind\n|upkeep\n|\n|t:|1776013166\n|switch|p2b: Tyranitar|Tyranitar, L50, F|100/100\n|-weather|Sandstorm|[from] ability: Sand Stream|[of] p2b: Tyranitar\n|turn|6\n|\n|t:|1776013179\n|detailschange|p2b: Tyranitar|Tyranitar-Mega, L50, F\n|-mega|p2b: Tyranitar|Tyranitar|Tyranitarite\n|move|p2a: Corviknight|Protect||[still]\n|-fail|p2a: Corviknight\n|move|p2b: Tyranitar|Protect|p2b: Tyranitar\n|-singleturn|p2b: Tyranitar|Protect\n|move|p1a: Whimsicott|Moonblast|p2b: Tyranitar\n|-activate|p2b: Tyranitar|move: Protect\n|move|p1b: Garchomp|Stomping Tantrum|p2b: Tyranitar\n|-activate|p2b: Tyranitar|move: Protect\n|\n|-weather|Sandstorm|[upkeep]\n|-damage|p1a: Whimsicott|54/100|[from] Sandstorm\n|-heal|p2a: Corviknight|50/100|[from] item: Leftovers\n|-end|p2a: Corviknight|Encore\n|upkeep\n|turn|7\n|\n|t:|1776013201\n|switch|p2b: Garchomp|Garchomp, L50, F|100/100\n|move|p1a: Whimsicott|Encore|p2a: Corviknight\n|-start|p2a: Corviknight|Encore\n|move|p2a: Corviknight|Protect|p2a: Corviknight\n|-singleturn|p2a: Corviknight|Protect\n|move|p1b: Garchomp|Stomping Tantrum|p2b: Garchomp|[miss]\n|-miss|p1b: Garchomp|p2b: Garchomp\n|\n|-weather|Sandstorm|[upkeep]\n|-damage|p1a: Whimsicott|48/100|[from] Sandstorm\n|-heal|p2a: Corviknight|56/100|[from] item: Leftovers\n|upkeep\n|turn|8\n|\n|t:|1776013220\n|switch|p2a: Tyranitar|Tyranitar-Mega, L50, F|100/100\n|move|p1a: Whimsicott|Tailwind|p1a: Whimsicott\n|-sidestart|p1: Venomzito|move: Tailwind\n|move|p1b: Garchomp|Dragon Claw|p2b: Garchomp|[miss]\n|-miss|p1b: Garchomp|p2b: Garchomp\n|move|p2b: Garchomp|Dragon Claw|p1b: Garchomp\n|-supereffective|p1b: Garchomp|1\n|-damage|p1b: Garchomp|0 fnt\n|-damage|p2b: Garchomp|88/100|[from] ability: Rough Skin|[of] p1b: Garchomp\n|faint|p1b: Garchomp\n|\n|-weather|Sandstorm|[upkeep]\n|-damage|p1a: Whimsicott|43/100|[from] Sandstorm\n|upkeep\n|\n|t:|1776013229\n|switch|p1b: Gardevoir|Gardevoir, L50, M|100/100\n|-ability|p1b: Gardevoir|Sand Veil|Trace|[from] ability: Trace|[of] p2b: Garchomp\n|turn|9\n|\n|t:|1776013248\n|switch|p2a: Corviknight|Corviknight, L50, F|56/100\n|detailschange|p1b: Gardevoir|Gardevoir-Mega, L50, M\n|-mega|p1b: Gardevoir|Gardevoir|Gardevoirite\n|move|p1b: Gardevoir|Hyper Voice|p2a: Corviknight|[spread] p2a\n|-miss|p1b: Gardevoir|p2b: Garchomp\n|-resisted|p2a: Corviknight|1\n|-damage|p2a: Corviknight|30/100\n|move|p1a: Whimsicott|Moonblast|p2a: Corviknight\n|-resisted|p2a: Corviknight|1\n|-damage|p2a: Corviknight|13/100\n|move|p2b: Garchomp|Earthquake|p1b: Gardevoir|[spread] p1a,p1b\n|-immune|p2a: Corviknight\n|-resisted|p1a: Whimsicott|1\n|-damage|p1a: Whimsicott|15/100\n|-damage|p1b: Gardevoir|38/100\n|\n|-weather|Sandstorm|[upkeep]\n|-damage|p1b: Gardevoir|32/100|[from] Sandstorm\n|-damage|p1a: Whimsicott|9/100|[from] Sandstorm\n|-heal|p2a: Corviknight|19/100|[from] item: Leftovers\n|upkeep\n|turn|10\n|inactive|Abzalo has 30 seconds left.\n|\n|t:|1776013282\n|move|p1b: Gardevoir|Hyper Voice|p2b: Garchomp|[spread] p2a,p2b\n|-resisted|p2a: Corviknight|1\n|-supereffective|p2b: Garchomp|1\n|-damage|p2a: Corviknight|0 fnt\n|-damage|p2b: Garchomp|0 fnt\n|faint|p2a: Corviknight\n|faint|p2b: Garchomp\n|move|p1a: Whimsicott|Moonblast|p2: Corviknight|[notarget]\n|-fail|p1a: Whimsicott\n|\n|-weather|none\n|upkeep\n|\n|t:|1776013291\n|switch|p2b: Tyranitar|Tyranitar-Mega, L50, F|100/100\n|-weather|Sandstorm|[from] ability: Sand Stream|[of] p2b: Tyranitar\n|turn|11\n|\n|t:|1776013309\n|move|p1b: Gardevoir|Hyper Voice|p2b: Tyranitar\n|-supereffective|p2b: Tyranitar|1\n|-damage|p2b: Tyranitar|36/100\n|move|p1a: Whimsicott|Moonblast|p2b: Tyranitar\n|-supereffective|p2b: Tyranitar|1\n|-damage|p2b: Tyranitar|0 fnt\n|faint|p2b: Tyranitar\n|\n|win|Venomzito\n|raw|Venomzito's rating: 1060 &rarr; <strong>1100</strong><br />(+40 for winning)\n|raw|Abzalo's rating: 1158 &rarr; <strong>1126</strong><br />(-32 for losing)\n|l|\u2606Abzalo\n|player|p2|\n",
  "uploadtime": 1776013343,
  "views": 20,
  "formatid": "gen9championsvgc2026regma",
  "rating": 1100,
  "private": 0,
  "password": null
}