{
  "id": "gen9championsvgc2026regma-2582793051",
  "format": "[Gen 9 Champions] VGC 2026 Reg M-A",
  "players": [
    "Leo39#2946",
    "porpal_goji"
  ],
  "log": "|j|\u2606Leo39#2946\n|j|\u2606porpal_goji\n|t:|1776114538\n|gametype|doubles\n|player|p1|Leo39#2946|cynthia|1018\n|player|p2|porpal_goji|clair|1000\n|gen|9\n|tier|[Gen 9 Champions] VGC 2026 Reg M-A\n|rated|\n|rule|Species Clause: Limit one of each Pok\u00e9mon\n|rule|Item Clause: Limit 1 of each item\n|clearpoke\n|poke|p1|Ninetales-Alola, L50, F|\n|poke|p1|Froslass, L50, F|\n|poke|p1|Primarina, L50, F|\n|poke|p1|Kingambit, L50, M|\n|poke|p1|Incineroar, L50, M|\n|poke|p1|Sinistcha, L50|\n|poke|p2|Arbok, L50, F|\n|poke|p2|Espathra, L50, F|\n|poke|p2|Pelipper, L50, M|\n|poke|p2|Archaludon, L50, M|\n|poke|p2|Basculegion, L50, M|\n|poke|p2|Chesnaught, L50, M|\n|teampreview|4\n|\n|t:|1776114570\n|teamsize|p1|4\n|teamsize|p2|4\n|start\n|switch|p1a: Froslass|Froslass, L50, F|100/100\n|switch|p1b: Ninetales|Ninetales-Alola, L50, F|100/100\n|switch|p2a: Espathra|Espathra, L50, F|100/100\n|switch|p2b: Arbok|Arbok, L50, F|100/100\n|-weather|Snowscape|[from] ability: Snow Warning|[of] p1b: Ninetales\n|-ability|p2b: Arbok|Intimidate|boost\n|-unboost|p1a: Froslass|atk|1\n|-unboost|p1b: Ninetales|atk|1\n|turn|1\n|\n|t:|1776114601\n|switch|p2b: Pelipper|Pelipper, L50, M|100/100\n|-weather|RainDance|[from] ability: Drizzle|[of] p2b: Pelipper\n|move|p2a: Espathra|Protect|p2a: Espathra\n|-singleturn|p2a: Espathra|Protect\n|move|p1b: Ninetales|Aurora Veil||[still]\n|-fail|p1b: Ninetales\n|move|p1a: Froslass|Shadow Ball|p2a: Espathra\n|-activate|p2a: Espathra|move: Protect\n|\n|-weather|RainDance|[upkeep]\n|-ability|p2a: Espathra|Speed Boost|boost\n|-boost|p2a: Espathra|spe|1\n|upkeep\n|turn|2\n|inactive|Battle timer is ON: inactive players will automatically lose when time's up. (requested by Leo39#2946)\n|\n|t:|1776114634\n|switch|p2a: Archaludon|Archaludon, L50, M|100/100\n|detailschange|p1a: Froslass|Froslass-Mega, L50, F\n|-mega|p1a: Froslass|Froslass|Froslassite\n|-weather|Snowscape|[from] ability: Snow Warning|[of] p1a: Froslass\n|move|p1b: Ninetales|Aurora Veil|p1b: Ninetales\n|-sidestart|p1: Leo39#2946|move: Aurora Veil\n|move|p1a: Froslass|Blizzard|p2b: Pelipper|[spread] p2a,p2b\n|-damage|p2a: Archaludon|20/100\n|-damage|p2b: Pelipper|26/100\n|-enditem|p2b: Pelipper|Sitrus Berry|[eat]\n|-heal|p2b: Pelipper|51/100|[from] item: Sitrus Berry\n|move|p2b: Pelipper|Tailwind|p2b: Pelipper\n|-sidestart|p2: porpal_goji|move: Tailwind\n|\n|-weather|Snowscape|[upkeep]\n|upkeep\n|turn|3\n|\n|t:|1776114651\n|move|p2b: Pelipper|Wide Guard|p2b: Pelipper\n|-singleturn|p2b: Pelipper|Wide Guard\n|move|p2a: Archaludon|Flash Cannon|p1a: Froslass\n|-supereffective|p1a: Froslass|1\n|-damage|p1a: Froslass|48/100\n|move|p1b: Ninetales|Icy Wind|p2b: Pelipper|[spread] \n|-activate|p2a: Archaludon|move: Wide Guard\n|-activate|p2b: Pelipper|move: Wide Guard\n|move|p1a: Froslass|Thunder|p2b: Pelipper|[miss]\n|-miss|p1a: Froslass|p2b: Pelipper\n|\n|-weather|Snowscape|[upkeep]\n|upkeep\n|turn|4\n|inactive|Leo39#2946 has 30 seconds left.\n|\n|t:|1776114677\n|switch|p1b: Sinistcha|Sinistcha, L50|100/100\n|-heal|p1a: Froslass|73/100|[from] ability: Hospitality|[of] p1b: Sinistcha\n|move|p2a: Archaludon|Flash Cannon|p1a: Froslass\n|-supereffective|p1a: Froslass|1\n|-damage|p1a: Froslass|23/100\n|move|p2b: Pelipper|Hurricane|p1b: Sinistcha\n|-supereffective|p1b: Sinistcha|1\n|-damage|p1b: Sinistcha|62/100\n|-start|p1b: Sinistcha|confusion\n|move|p1a: Froslass|Thunder|p2b: Pelipper|[miss]\n|-miss|p1a: Froslass|p2b: Pelipper\n|\n|-weather|Snowscape|[upkeep]\n|-heal|p1b: Sinistcha|68/100|[from] item: Leftovers\n|upkeep\n|turn|5\n|c|\u2606Leo39#2946|broooo\n|inactive|Leo39#2946 has 30 seconds left.\n|\n|t:|1776114706\n|switch|p1a: Ninetales|Ninetales-Alola, L50, F|100/100\n|move|p2a: Archaludon|Flash Cannon|p1a: Ninetales\n|-supereffective|p1a: Ninetales|2\n|-enditem|p1a: Ninetales|Focus Sash\n|-damage|p1a: Ninetales|1/100\n|move|p2b: Pelipper|Weather Ball|p1b: Sinistcha\n|-supereffective|p1b: Sinistcha|1\n|-damage|p1b: Sinistcha|46/100\n|-activate|p1b: Sinistcha|confusion\n|-damage|p1b: Sinistcha|40/100|[from] confusion\n|\n|-weather|Snowscape|[upkeep]\n|-heal|p1b: Sinistcha|47/100|[from] item: Leftovers\n|-sideend|p2: porpal_goji|move: Tailwind\n|upkeep\n|turn|6\n|inactive|porpal_goji has 30 seconds left.\n|\n|t:|1776114736\n|move|p2a: Archaludon|Protect|p2a: Archaludon\n|-singleturn|p2a: Archaludon|Protect\n|-activate|p1b: Sinistcha|confusion\n|move|p1b: Sinistcha|Rage Powder|p1b: Sinistcha\n|-singleturn|p1b: Sinistcha|move: Rage Powder\n|move|p1a: Ninetales|Moonblast|p2a: Archaludon\n|-activate|p2a: Archaludon|move: Protect\n|move|p2b: Pelipper|Weather Ball|p1b: Sinistcha\n|-supereffective|p1b: Sinistcha|1\n|-damage|p1b: Sinistcha|21/100\n|\n|-weather|none\n|-heal|p1b: Sinistcha|27/100|[from] item: Leftovers\n|-sideend|p1: Leo39#2946|move: Aurora Veil\n|upkeep\n|turn|7\n|inactive|porpal_goji has 30 seconds left.\n|\n|t:|1776114767\n|switch|p2a: Arbok|Arbok, L50, F|100/100\n|-ability|p2a: Arbok|Intimidate|boost\n|-unboost|p1a: Ninetales|atk|1\n|-unboost|p1b: Sinistcha|atk|1\n|move|p1a: Ninetales|Protect|p1a: Ninetales\n|-singleturn|p1a: Ninetales|Protect\n|move|p2b: Pelipper|Tailwind|p2b: Pelipper\n|-sidestart|p2: porpal_goji|move: Tailwind\n|-end|p1b: Sinistcha|confusion\n|move|p1b: Sinistcha|Trick Room|p1b: Sinistcha\n|-fieldstart|move: Trick Room|[of] p1b: Sinistcha\n|\n|-heal|p1b: Sinistcha|34/100|[from] item: Leftovers\n|upkeep\n|turn|8\n|inactive|porpal_goji has 30 seconds left.\n|inactive|porpal_goji has 20 seconds left.\n|inactive|porpal_goji has 15 seconds left.\n|\n|t:|1776114810\n|move|p1b: Sinistcha|Life Dew|p1b: Sinistcha|[spread] p1a,p1b\n|-heal|p1a: Ninetales|26/100\n|-heal|p1b: Sinistcha|59/100\n|move|p2b: Pelipper|Hurricane|p1b: Sinistcha\n|-supereffective|p1b: Sinistcha|1\n|-crit|p1b: Sinistcha\n|-damage|p1b: Sinistcha|0 fnt\n|faint|p1b: Sinistcha\n|move|p1a: Ninetales|Icy Wind|p2a: Arbok|[spread] p2a,p2b\n|-damage|p2a: Arbok|79/100\n|-damage|p2b: Pelipper|27/100\n|-unboost|p2a: Arbok|spe|1\n|-unboost|p2b: Pelipper|spe|1\n|move|p2a: Arbok|Gunk Shot|p1a: Ninetales|[miss]\n|-miss|p2a: Arbok|p1a: Ninetales\n|\n|-heal|p2a: Arbok|85/100|[from] item: Leftovers\n|upkeep\n|\n|t:|1776114815\n|switch|p1b: Froslass|Froslass-Mega, L50, F|23/100\n|-weather|Snowscape|[from] ability: Snow Warning|[of] p1b: Froslass\n|turn|9\n|\n|t:|1776114837\n|switch|p2b: Espathra|Espathra, L50, F|100/100\n|move|p2a: Arbok|Protect|p2a: Arbok\n|-singleturn|p2a: Arbok|Protect\n|move|p1b: Froslass|Protect|p1b: Froslass\n|-singleturn|p1b: Froslass|Protect\n|move|p1a: Ninetales|Aurora Veil|p1a: Ninetales\n|-sidestart|p1: Leo39#2946|move: Aurora Veil\n|\n|-weather|Snowscape|[upkeep]\n|-heal|p2a: Arbok|91/100|[from] item: Leftovers\n|upkeep\n|turn|10\n|inactive|Leo39#2946 has 30 seconds left.\n|\n|t:|1776114866\n|move|p2b: Espathra|Protect|p2b: Espathra\n|-singleturn|p2b: Espathra|Protect\n|move|p2a: Arbok|Earthquake|p1b: Froslass|[spread] p1a,p1b\n|-activate|p2b: Espathra|move: Protect\n|-damage|p1a: Ninetales|10/100\n|-damage|p1b: Froslass|9/100\n|move|p1b: Froslass|Blizzard|p2b: Espathra|[spread] p2a\n|-activate|p2b: Espathra|move: Protect\n|-damage|p2a: Arbok|31/100\n|move|p1a: Ninetales|Moonblast|p2b: Espathra\n|-activate|p2b: Espathra|move: Protect\n|\n|-weather|Snowscape|[upkeep]\n|-heal|p2a: Arbok|37/100|[from] item: Leftovers\n|-sideend|p2: porpal_goji|move: Tailwind\n|-ability|p2b: Espathra|Speed Boost|boost\n|-boost|p2b: Espathra|spe|1\n|upkeep\n|turn|11\n|\n|t:|1776114883\n|switch|p1a: Incineroar|Incineroar, L50, M|100/100\n|-ability|p1a: Incineroar|Intimidate|boost\n|-unboost|p2a: Arbok|atk|1\n|-unboost|p2b: Espathra|atk|1\n|switch|p2b: Pelipper|Pelipper, L50, M|27/100\n|-weather|RainDance|[from] ability: Drizzle|[of] p2b: Pelipper\n|move|p2a: Arbok|Earthquake|p1b: Froslass|[spread] p1a,p1b\n|-immune|p2b: Pelipper\n|-supereffective|p1a: Incineroar|1\n|-damage|p1a: Incineroar|84/100\n|-damage|p1b: Froslass|0 fnt\n|faint|p1b: Froslass\n|\n|-weather|RainDance|[upkeep]\n|-heal|p2a: Arbok|43/100|[from] item: Leftovers\n|-fieldend|move: Trick Room\n|upkeep\n|\n|t:|1776114894\n|switch|p1b: Ninetales|Ninetales-Alola, L50, F|10/100\n|-weather|Snowscape|[from] ability: Snow Warning|[of] p1b: Ninetales\n|turn|12\n|\n|t:|1776114914\n|switch|p2b: Espathra|Espathra, L50, F|100/100\n|switch|p2a: Archaludon|Archaludon, L50, M|20/100\n|move|p1a: Incineroar|Fake Out|p2a: Archaludon\n|-resisted|p2a: Archaludon|1\n|-damage|p2a: Archaludon|16/100\n|move|p1b: Ninetales|Icy Wind|p2a: Archaludon|[spread] p2a,p2b\n|-damage|p2a: Archaludon|0 fnt\n|-damage|p2b: Espathra|73/100\n|-unboost|p2b: Espathra|spe|1\n|faint|p2a: Archaludon\n|\n|-weather|Snowscape|[upkeep]\n|upkeep\n|\n|t:|1776114929\n|switch|p2a: Pelipper|Pelipper, L50, M|27/100\n|-weather|RainDance|[from] ability: Drizzle|[of] p2a: Pelipper\n|turn|13\n|\n|t:|1776114951\n|move|p1b: Ninetales|Protect|p1b: Ninetales\n|-singleturn|p1b: Ninetales|Protect\n|move|p2b: Espathra|Protect|p2b: Espathra\n|-singleturn|p2b: Espathra|Protect\n|move|p2a: Pelipper|Weather Ball|p1b: Ninetales\n|-activate|p1b: Ninetales|move: Protect\n|move|p1a: Incineroar|Flare Blitz|p2b: Espathra\n|-activate|p2b: Espathra|move: Protect\n|\n|-weather|RainDance|[upkeep]\n|-sideend|p1: Leo39#2946|move: Aurora Veil\n|-ability|p2b: Espathra|Speed Boost|boost\n|-boost|p2b: Espathra|spe|1\n|upkeep\n|turn|14\n|inactive|Leo39#2946 has 30 seconds left.\n|inactive|porpal_goji has 30 seconds left.\n|\n|t:|1776114981\n|move|p1b: Ninetales|Protect||[still]\n|-fail|p1b: Ninetales\n|move|p2b: Espathra|Dazzling Gleam|p1b: Ninetales|[spread] p1a,p1b\n|-damage|p1a: Incineroar|70/100\n|-damage|p1b: Ninetales|0 fnt\n|faint|p1b: Ninetales\n|move|p2a: Pelipper|Weather Ball|p1a: Incineroar\n|-supereffective|p1a: Incineroar|1\n|-damage|p1a: Incineroar|0 fnt\n|faint|p1a: Incineroar\n|\n|win|porpal_goji\n|raw|Leo39#2946's rating: 1018 &rarr; <strong>1005</strong><br />(-13 for losing)\n|raw|porpal_goji's rating: 1000 &rarr; <strong>1042</strong><br />(+42 for winning)\n|l|\u2606Leo39#2946\n|player|p1|\n",
  "uploadtime": 1776114997,
  "views": 13,
  "formatid": "gen9championsvgc2026regma",
  "rating": 1005,
  "private": 0,
  "password": null
}