{
  "id": "gen9championsvgc2026regma-2588596669",
  "format": "[Gen 9 Champions] VGC 2026 Reg M-A",
  "players": [
    "stargoggles",
    "fritznader799"
  ],
  "log": "|j|\u2606stargoggles\n|j|\u2606fritznader799\n|t:|1776648566\n|gametype|doubles\n|player|p1|stargoggles|102|1296\n|player|p2|fritznader799|266|1204\n|gen|9\n|tier|[Gen 9 Champions] VGC 2026 Reg M-A\n|rated|\n|rule|Species Clause: Limit one of each Pok\u00e9mon\n|rule|Item Clause: Limit 1 of each item\n|clearpoke\n|poke|p1|Kangaskhan, L50, F|\n|poke|p1|Incineroar, L50, F|\n|poke|p1|Azumarill, L50, M, shiny|\n|poke|p1|Sinistcha, L50|\n|poke|p1|Dragapult, L50, M|\n|poke|p1|Glimmora, L50, M|\n|poke|p2|Gardevoir, L50, F|\n|poke|p2|Volcarona, L50, M|\n|poke|p2|Gyarados, L50, M|\n|poke|p2|Sneasler, L50, M|\n|poke|p2|Kingambit, L50, M|\n|poke|p2|Rotom-Mow, L50|\n|teampreview|4\n|inactive|Battle timer is ON: inactive players will automatically lose when time's up. (requested by stargoggles)\n|inactive|stargoggles has 60 seconds left.\n|\n|t:|1776648602\n|teamsize|p1|4\n|teamsize|p2|4\n|start\n|switch|p1a: Kangaskhan|Kangaskhan, L50, F|100/100\n|switch|p1b: Dragapult|Dragapult, L50, M|100/100\n|switch|p2a: Sneasler|Sneasler, L50, M|100/100\n|switch|p2b: Kingambit|Kingambit, L50, M|100/100\n|turn|1\n|\n|t:|1776648619\n|detailschange|p1a: Kangaskhan|Kangaskhan-Mega, L50, F\n|-mega|p1a: Kangaskhan|Kangaskhan|Kangaskhanite\n|move|p1b: Dragapult|Will-O-Wisp|p2a: Sneasler\n|-status|p2a: Sneasler|brn\n|move|p2a: Sneasler|Close Combat|p1a: Kangaskhan\n|-supereffective|p1a: Kangaskhan|1\n|-damage|p1a: Kangaskhan|40/100\n|-unboost|p2a: Sneasler|def|1\n|-unboost|p2a: Sneasler|spd|1\n|move|p1a: Kangaskhan|Low Kick|p2b: Kingambit\n|-supereffective|p2b: Kingambit|2\n|-enditem|p2b: Kingambit|Chople Berry|[eat]\n|-enditem|p2b: Kingambit|Chople Berry|[weaken]\n|-damage|p2b: Kingambit|44/100\n|-supereffective|p2b: Kingambit|2\n|-damage|p2b: Kingambit|19/100\n|-hitcount|p2b: Kingambit|2\n|move|p2b: Kingambit|Kowtow Cleave|p1b: Dragapult\n|-supereffective|p1b: Dragapult|1\n|-enditem|p1b: Dragapult|Focus Sash\n|-damage|p1b: Dragapult|1/100\n|\n|-damage|p2a: Sneasler|95/100 brn|[from] brn\n|upkeep\n|turn|2\n|\n|t:|1776648644\n|switch|p2a: Gyarados|Gyarados, L50, M|100/100\n|-ability|p2a: Gyarados|Intimidate|boost\n|-unboost|p1a: Kangaskhan|atk|1\n|-fail|p1b: Dragapult|unboost|[from] ability: Clear Body|[of] p1b: Dragapult\n|switch|p1a: Sinistcha|Sinistcha, L50|100/100\n|-heal|p1b: Dragapult|26/100|[from] ability: Hospitality|[of] p1a: Sinistcha\n|move|p1b: Dragapult|Protect|p1b: Dragapult\n|-singleturn|p1b: Dragapult|Protect\n|move|p2b: Kingambit|Sucker Punch||[still]\n|-fail|p2b: Kingambit\n|\n|upkeep\n|turn|3\n|inactive|stargoggles has 30 seconds left.\n|inactive|stargoggles has 20 seconds left.\n|inactive|fritznader799 has 30 seconds left.\n|inactive|stargoggles has 15 seconds left.\n|\n|t:|1776648691\n|move|p1a: Sinistcha|Rage Powder|p1a: Sinistcha\n|-singleturn|p1a: Sinistcha|move: Rage Powder\n|move|p1b: Dragapult|Will-O-Wisp|p2b: Kingambit\n|-status|p2b: Kingambit|brn\n|move|p2a: Gyarados|Taunt|p1a: Sinistcha\n|-start|p1a: Sinistcha|move: Taunt\n|move|p2b: Kingambit|Kowtow Cleave|p1a: Sinistcha\n|-supereffective|p1a: Sinistcha|1\n|-damage|p1a: Sinistcha|57/100\n|\n|-damage|p2b: Kingambit|13/100 brn|[from] brn\n|upkeep\n|turn|4\n|\n|t:|1776648712\n|switch|p1a: Kangaskhan|Kangaskhan-Mega, L50, F|40/100\n|move|p1b: Dragapult|Protect|p1b: Dragapult\n|-singleturn|p1b: Dragapult|Protect\n|move|p2b: Kingambit|Protect|p2b: Kingambit\n|-singleturn|p2b: Kingambit|Protect\n|move|p2a: Gyarados|Thunder Wave|p1b: Dragapult\n|-activate|p1b: Dragapult|move: Protect\n|\n|-damage|p2b: Kingambit|7/100 brn|[from] brn\n|upkeep\n|turn|5\n|\n|t:|1776648722\n|switch|p1b: Sinistcha|Sinistcha, L50|57/100\n|-heal|p1a: Kangaskhan|65/100|[from] ability: Hospitality|[of] p1b: Sinistcha\n|move|p1a: Kangaskhan|Fake Out|p2a: Gyarados\n|-damage|p2a: Gyarados|79/100\n|-damage|p2a: Gyarados|74/100\n|-hitcount|p2a: Gyarados|2\n|move|p2b: Kingambit|Sucker Punch||[still]\n|-fail|p2b: Kingambit\n|cant|p2a: Gyarados|flinch\n|\n|-damage|p2b: Kingambit|0 fnt|[from] brn\n|faint|p2b: Kingambit\n|upkeep\n|\n|t:|1776648725\n|switch|p2b: Gardevoir|Gardevoir, L50, F|100/100\n|-ability|p2b: Gardevoir|Hospitality|Trace|[from] ability: Trace|[of] p1b: Sinistcha\n|-heal|p2a: Gyarados|99/100|[from] ability: Hospitality|[of] p2b: Gardevoir\n|turn|6\n|inactive|stargoggles has 30 seconds left.\n|inactive|fritznader799 has 30 seconds left.\n|inactive|stargoggles has 20 seconds left.\n|\n|t:|1776648762\n|detailschange|p2b: Gardevoir|Gardevoir-Mega, L50, F\n|-mega|p2b: Gardevoir|Gardevoir|Gardevoirite\n|move|p1a: Kangaskhan|Sucker Punch||[still]\n|-fail|p1a: Kangaskhan\n|move|p2b: Gardevoir|Hyper Voice|p1b: Sinistcha|[spread] p1a,p1b\n|-damage|p1a: Kangaskhan|23/100\n|-damage|p1b: Sinistcha|13/100\n|move|p2a: Gyarados|Taunt|p1b: Sinistcha\n|-start|p1b: Sinistcha|move: Taunt\n|move|p1b: Sinistcha|Matcha Gotcha|p2b: Gardevoir|[spread] p2a,p2b\n|-damage|p2a: Gyarados|77/100\n|-heal|p1b: Sinistcha|26/100|[from] drain|[of] p2a: Gyarados\n|-damage|p2b: Gardevoir|78/100\n|-heal|p1b: Sinistcha|36/100|[from] drain|[of] p2b: Gardevoir\n|-status|p2a: Gyarados|brn\n|\n|-damage|p2a: Gyarados|71/100 brn|[from] brn\n|upkeep\n|turn|7\n|\n|t:|1776648783\n|switch|p1b: Dragapult|Dragapult, L50, M|26/100\n|move|p1a: Kangaskhan|Sucker Punch|p2b: Gardevoir\n|-damage|p2b: Gardevoir|32/100\n|-damage|p2b: Gardevoir|21/100\n|-hitcount|p2b: Gardevoir|2\n|move|p2b: Gardevoir|Hyper Voice|p1a: Kangaskhan|[spread] p1a,p1b\n|-supereffective|p1b: Dragapult|1\n|-damage|p1a: Kangaskhan|0 fnt\n|-damage|p1b: Dragapult|0 fnt\n|faint|p1a: Kangaskhan\n|faint|p1b: Dragapult\n|move|p2a: Gyarados|Waterfall|p1: Kangaskhan|[notarget]\n|-fail|p2a: Gyarados\n|\n|-damage|p2a: Gyarados|65/100 brn|[from] brn\n|upkeep\n|\n|t:|1776648785\n|switch|p1b: Sinistcha|Sinistcha, L50|36/100\n|switch|p1a: Amarelorill|Azumarill, L50, M, shiny|100/100\n|turn|8\n|inactive|fritznader799 has 30 seconds left.\n|inactive|fritznader799 has 20 seconds left.\n|inactive|stargoggles has 30 seconds left.\n|inactive|fritznader799 has 15 seconds left.\n|\n|t:|1776648829\n|move|p1a: Amarelorill|Aqua Jet|p2b: Gardevoir\n|-damage|p2b: Gardevoir|0 fnt\n|faint|p2b: Gardevoir\n|move|p2a: Gyarados|Thunder Wave|p1a: Amarelorill\n|-status|p1a: Amarelorill|par\n|move|p1b: Sinistcha|Matcha Gotcha|p2a: Gyarados\n|-damage|p2a: Gyarados|37/100 brn\n|-heal|p1b: Sinistcha|52/100|[from] drain|[of] p2a: Gyarados\n|-enditem|p2a: Gyarados|Sitrus Berry|[eat]\n|-heal|p2a: Gyarados|61/100 brn|[from] item: Sitrus Berry\n|\n|-damage|p2a: Gyarados|55/100 brn|[from] brn\n|upkeep\n|\n|t:|1776648832\n|switch|p2b: Sneasler|Sneasler, L50, M|95/100 brn\n|turn|9\n|\n|t:|1776648848\n|move|p1b: Sinistcha|Rage Powder|p1b: Sinistcha\n|-singleturn|p1b: Sinistcha|move: Rage Powder\n|move|p2b: Sneasler|Dire Claw|p1b: Sinistcha\n|-damage|p1b: Sinistcha|29/100\n|move|p2a: Gyarados|Waterfall|p1b: Sinistcha\n|-resisted|p1b: Sinistcha|1\n|-damage|p1b: Sinistcha|22/100\n|move|p1a: Amarelorill|Belly Drum|p1a: Amarelorill\n|-damage|p1a: Amarelorill|50/100 par\n|-setboost|p1a: Amarelorill|atk|6|[from] move: Belly Drum\n|-enditem|p1a: Amarelorill|Sitrus Berry|[eat]\n|-heal|p1a: Amarelorill|75/100 par|[from] item: Sitrus Berry\n|\n|-damage|p2b: Sneasler|89/100 brn|[from] brn\n|-damage|p2a: Gyarados|50/100 brn|[from] brn\n|upkeep\n|turn|10\n|\n|t:|1776648860\n|move|p1b: Sinistcha|Rage Powder|p1b: Sinistcha\n|-singleturn|p1b: Sinistcha|move: Rage Powder\n|move|p1a: Amarelorill|Aqua Jet|p2b: Sneasler\n|-damage|p2b: Sneasler|0 fnt\n|faint|p2b: Sneasler\n|move|p2a: Gyarados|Taunt|p1b: Sinistcha\n|-start|p1b: Sinistcha|move: Taunt\n|\n|-damage|p2a: Gyarados|44/100 brn|[from] brn\n|upkeep\n|turn|11\n|-message|fritznader799 forfeited.\n|\n|win|stargoggles\n|raw|stargoggles's rating: 1296 &rarr; <strong>1315</strong><br />(+19 for winning)\n|raw|fritznader799's rating: 1204 &rarr; <strong>1185</strong><br />(-19 for losing)\n|l|\u2606fritznader799\n|player|p2|\n",
  "uploadtime": 1776648876,
  "views": 5,
  "formatid": "gen9championsvgc2026regma",
  "rating": 1185,
  "private": 0,
  "password": null
}