{
  "id": "gen9championsvgc2026regma-2582686131",
  "format": "[Gen 9 Champions] VGC 2026 Reg M-A",
  "players": [
    "Mircat222",
    "swirlingroses"
  ],
  "log": "|j|\u2606Mircat222\n|j|\u2606swirlingroses\n|html|<table width=\"100%\"><tr><td align=\"left\">Mircat222</td><td align=\"right\">swirlingroses</tr><tr><td align=\"left\"><i class=\"fa fa-circle-o\"></i> <i class=\"fa fa-circle-o\"></i> </td><td align=\"right\"><i class=\"fa fa-circle-o\"></i> <i class=\"fa fa-circle-o\"></i> </tr></table>\n|uhtml|bestof|<h2><strong>Game 1</strong> of <a href=\"/game-bestof3-gen9championsvgc2026regma-2582686129\">a best-of-3</a></h2>\n|t:|1776107238\n|gametype|doubles\n|player|p1|Mircat222|2|\n|player|p2|swirlingroses|lisia|\n|gen|9\n|tier|[Gen 9 Champions] VGC 2026 Reg M-A\n|rated|Tournament battle\n|rule|Species Clause: Limit one of each Pok\u00e9mon\n|rule|Item Clause: Limit 1 of each item\n|raw|<div class=\"infobox\"><details class=\"readmore\" open><summary><strong>2 custom rules:</strong></summary> Force Open Team Sheets, Best of = 3</details></div>\n|clearpoke\n|poke|p1|Pelipper, L50, M|\n|poke|p1|Basculegion, L50, M|\n|poke|p1|Farigiraf, L50, F|\n|poke|p1|Golurk, L50|\n|poke|p1|Machamp, L50, F|\n|poke|p1|Gyarados, L50, F|\n|poke|p2|Floette-Eternal, L50, F|\n|poke|p2|Incineroar, L50, M|\n|poke|p2|Sneasler, L50, F|\n|poke|p2|Sinistcha-Masterpiece, L50|\n|poke|p2|Espeon, L50, F|\n|poke|p2|Garchomp, L50, F|\n|teampreview|4\n|showteam|p1|Pelipper||FocusSash|Drizzle|WeatherBall,Hurricane,Uturn,Tailwind|||M|||50|]Basculegion||ChoiceScarf|Adaptability|WaveCrash,LastRespects,FlipTurn,IceFang|||M|||50|]Farigiraf||MentalHerb|ArmorTail|Protect,Psychic,HyperVoice,TrickRoom|||F|||50|]Golurk||Golurkite|IronFist|HeadlongRush,Protect,Poltergeist,CloseCombat||||||50|]Machamp||WhiteHerb|NoGuard|DynamicPunch,StoneEdge,IcePunch,BulletPunch|||F|||50|]Gyarados||Gyaradosite|Intimidate|Waterfall,Crunch,Earthquake,Protect|||F|||50|\n|showteam|p2|Floette-Eternal||Floettite|FlowerVeil|CalmMind,Moonblast,DazzlingGleam,Protect|||F|||50|]Incineroar||Leftovers|Intimidate|FakeOut,FlareBlitz,Roar,PartingShot|||M|||50|]Sneasler||WhiteHerb|Unburden|FakeOut,CloseCombat,DireClaw,Protect|||F|||50|]Sinistcha-Masterpiece||SitrusBerry|Hospitality|RagePowder,TrickRoom,LifeDew,MatchaGotcha||||||50|]Espeon||ChoiceScarf|MagicBounce|Psychic,PowerGem,Trick,WeatherBall|||F|||50|]Garchomp||LumBerry|RoughSkin|StealthRock,DragonTail,Earthquake,Protect|||F|||50|\n|\n|t:|1776107306\n|teamsize|p1|4\n|teamsize|p2|4\n|start\n|switch|p1a: Farigiraf|Farigiraf, L50, F|100/100\n|switch|p1b: Gyarados|Gyarados, L50, F|100/100\n|switch|p2a: Garchomp|Garchomp, L50, F|100/100\n|switch|p2b: Sinistcha|Sinistcha-Masterpiece, L50|100/100\n|-ability|p1b: Gyarados|Intimidate|boost\n|-unboost|p2a: Garchomp|atk|1\n|-unboost|p2b: Sinistcha|atk|1\n|turn|1\n|\n|t:|1776107333\n|switch|p2b: Floette|Floette-Eternal, L50, F|100/100\n|detailschange|p1b: Gyarados|Gyarados-Mega, L50, F\n|-mega|p1b: Gyarados|Gyarados|Gyaradosite\n|-ability|p1b: Gyarados|Mold Breaker\n|move|p1b: Gyarados|Crunch|p2b: Floette\n|-resisted|p2b: Floette|1\n|-crit|p2b: Floette\n|-damage|p2b: Floette|41/100\n|-unboost|p2b: Floette|def|1\n|move|p2a: Garchomp|Dragon Tail|p1a: Farigiraf|[miss]\n|-miss|p2a: Garchomp|p1a: Farigiraf\n|move|p1a: Farigiraf|Trick Room|p1a: Farigiraf\n|-fieldstart|move: Trick Room|[of] p1a: Farigiraf\n|\n|upkeep\n|turn|2\n|\n|t:|1776107356\n|detailschange|p2b: Floette|Floette-Mega, L50, F\n|-mega|p2b: Floette|Floette|Floettite\n|-ability|p2b: Floette|Fairy Aura\n|move|p1a: Farigiraf|Protect|p1a: Farigiraf\n|-singleturn|p1a: Farigiraf|Protect\n|move|p1b: Gyarados|Earthquake|p2b: Floette|[spread] p2a,p2b\n|-activate|p1a: Farigiraf|move: Protect\n|-damage|p2a: Garchomp|74/100\n|-damage|p2b: Floette|0 fnt\n|faint|p2b: Floette\n|move|p2a: Garchomp|Stealth Rock|p1a: Farigiraf\n|-sidestart|p1: Mircat222|move: Stealth Rock\n|\n|upkeep\n|\n|t:|1776107368\n|switch|p2b: Sinistcha|Sinistcha-Masterpiece, L50|100/100\n|-heal|p2a: Garchomp|99/100|[from] ability: Hospitality|[of] p2b: Sinistcha\n|turn|3\n|\n|t:|1776107377\n|move|p2a: Garchomp|Protect|p2a: Garchomp\n|-singleturn|p2a: Garchomp|Protect\n|move|p1a: Farigiraf|Psychic|p2b: Sinistcha\n|-damage|p2b: Sinistcha|66/100\n|move|p2b: Sinistcha|Matcha Gotcha|p1b: Gyarados|[spread] p1a,p1b\n|-supereffective|p1b: Gyarados|1\n|-damage|p1a: Farigiraf|75/100\n|-heal|p2b: Sinistcha|83/100|[from] drain|[of] p1a: Farigiraf\n|-damage|p1b: Gyarados|64/100\n|-heal|p2b: Sinistcha|100/100|[from] drain|[of] p1b: Gyarados\n|move|p1b: Gyarados|Crunch|p2b: Sinistcha\n|-supereffective|p2b: Sinistcha|1\n|-damage|p2b: Sinistcha|0 fnt\n|faint|p2b: Sinistcha\n|\n|upkeep\n|\n|t:|1776107380\n|switch|p2b: Espeon|Espeon, L50, F|100/100\n|turn|4\n|\n|t:|1776107407\n|move|p2a: Garchomp|Protect||[still]\n|-fail|p2a: Garchomp\n|move|p1a: Farigiraf|Hyper Voice|p2b: Espeon|[spread] p2a,p2b\n|-damage|p2a: Garchomp|75/100\n|-damage|p2b: Espeon|55/100\n|move|p1b: Gyarados|Crunch|p2b: Espeon\n|-supereffective|p2b: Espeon|1\n|-damage|p2b: Espeon|0 fnt\n|faint|p2b: Espeon\n|\n|upkeep\n|turn|5\n|\n|t:|1776107421\n|move|p2a: Garchomp|Protect|p2a: Garchomp\n|-singleturn|p2a: Garchomp|Protect\n|move|p1a: Farigiraf|Hyper Voice|p2a: Garchomp\n|-activate|p2a: Garchomp|move: Protect\n|move|p1b: Gyarados|Waterfall|p2a: Garchomp\n|-activate|p2a: Garchomp|move: Protect\n|\n|-fieldend|move: Trick Room\n|upkeep\n|turn|6\n|\n|t:|1776107431\n|move|p2a: Garchomp|Earthquake|p1b: Gyarados|[spread] p1a,p1b\n|-damage|p1a: Farigiraf|51/100\n|-damage|p1b: Gyarados|44/100\n|move|p1b: Gyarados|Waterfall|p2a: Garchomp\n|-damage|p2a: Garchomp|34/100\n|-damage|p1b: Gyarados|32/100|[from] ability: Rough Skin|[of] p2a: Garchomp\n|move|p1a: Farigiraf|Hyper Voice|p2a: Garchomp\n|-damage|p2a: Garchomp|0 fnt\n|faint|p2a: Garchomp\n|\n|win|Mircat222\n||Mircat222 is ready for game 2.\n|inactive|swirlingroses has 30 seconds to confirm battle start!\n",
  "uploadtime": 1776107444,
  "views": 16,
  "formatid": "gen9championsvgc2026regma",
  "rating": null,
  "private": 0,
  "password": null
}