{
  "id": "gen9championsvgc2026regma-2581651868",
  "format": "[Gen 9 Champions] VGC 2026 Reg M-A",
  "players": [
    "strings3",
    "AcornH13"
  ],
  "log": "|j|\u2606strings3\n|j|\u2606AcornH13\n|t:|1776018075\n|gametype|doubles\n|player|p1|strings3|pokemaniac|1043\n|player|p2|AcornH13|will|1000\n|gen|9\n|tier|[Gen 9 Champions] VGC 2026 Reg M-A\n|rated|\n|rule|Species Clause: Limit one of each Pok\u00e9mon\n|rule|Item Clause: Limit 1 of each item\n|clearpoke\n|poke|p1|Slurpuff, L50, M|\n|poke|p1|Heliolisk, L50, F|\n|poke|p1|Garchomp, L50, F|\n|poke|p1|Tyranitar, L50, F|\n|poke|p1|Talonflame, L50, M|\n|poke|p1|Araquanid, L50, M|\n|poke|p2|Golurk, L50|\n|poke|p2|Gardevoir, L50, F|\n|poke|p2|Whimsicott, L50, F|\n|poke|p2|Incineroar, L50, M|\n|poke|p2|Sneasler, L50, M|\n|poke|p2|Sinistcha, L50|\n|teampreview|4\n|\n|t:|1776018126\n|teamsize|p1|4\n|teamsize|p2|4\n|start\n|switch|p1a: Slurpuff|Slurpuff, L50, M|100/100\n|switch|p1b: Talonflame|Talonflame, L50, M, shiny|100/100\n|switch|p2a: Automaton|Golurk, L50, shiny|100/100\n|switch|p2b: Incineroar|Incineroar, L50, M, shiny|100/100\n|-ability|p2b: Incineroar|Intimidate|boost\n|-unboost|p1a: Slurpuff|atk|1\n|-unboost|p1b: Talonflame|atk|1\n|turn|1\n|\n|t:|1776018159\n|move|p2a: Automaton|Protect|p2a: Automaton\n|-singleturn|p2a: Automaton|Protect\n|move|p1b: Talonflame|Tailwind|p1b: Talonflame\n|-sidestart|p1: strings3|move: Tailwind\n|move|p1a: Slurpuff|String Shot|p2a: Automaton|[spread] p2b\n|-activate|p2a: Automaton|move: Protect\n|-unboost|p2b: Incineroar|spe|2\n|move|p2b: Incineroar|Parting Shot|p1b: Talonflame\n|-unboost|p1b: Talonflame|atk|1\n|-unboost|p1b: Talonflame|spa|1\n|\n|t:|1776018174\n|switch|p2b: Whimsicott|Whimsicott, L50, F, shiny|100/100|[from] Parting Shot\n|\n|upkeep\n|turn|2\n|\n|t:|1776018192\n|move|p1b: Talonflame|Brave Bird|p2b: Whimsicott\n|-supereffective|p2b: Whimsicott|1\n|-damage|p2b: Whimsicott|56/100\n|-damage|p1b: Talonflame|88/100|[from] Recoil\n|move|p2b: Whimsicott|Tailwind|p2b: Whimsicott\n|-sidestart|p2: AcornH13|move: Tailwind\n|move|p1a: Slurpuff|String Shot|p2a: Automaton|[spread] p2a,p2b\n|-unboost|p2a: Automaton|spe|2\n|-unboost|p2b: Whimsicott|spe|2\n|move|p2a: Automaton|Drain Punch|p1a: Slurpuff\n|-resisted|p1a: Slurpuff|1\n|-damage|p1a: Slurpuff|82/100\n|\n|-heal|p2b: Whimsicott|62/100|[from] item: Leftovers\n|upkeep\n|turn|3\n|\n|t:|1776018225\n|move|p1b: Talonflame|Protect|p1b: Talonflame\n|-singleturn|p1b: Talonflame|Protect\n|move|p2b: Whimsicott|Light Screen|p2b: Whimsicott\n|-sidestart|p2: AcornH13|move: Light Screen\n|move|p1a: Slurpuff|String Shot|p2a: Automaton|[spread] p2a,p2b\n|-unboost|p2a: Automaton|spe|2\n|-unboost|p2b: Whimsicott|spe|2\n|move|p2a: Automaton|Drain Punch|p1b: Talonflame\n|-activate|p1b: Talonflame|move: Protect\n|\n|-heal|p2b: Whimsicott|68/100|[from] item: Leftovers\n|upkeep\n|turn|4\n|\n|t:|1776018254\n|move|p2b: Whimsicott|Helping Hand|p2a: Automaton\n|-singleturn|p2a: Automaton|Helping Hand|[of] p2b: Whimsicott\n|move|p1b: Talonflame|Brave Bird|p2b: Whimsicott\n|-supereffective|p2b: Whimsicott|1\n|-crit|p2b: Whimsicott\n|-damage|p2b: Whimsicott|0 fnt\n|faint|p2b: Whimsicott\n|-damage|p1b: Talonflame|68/100|[from] Recoil\n|move|p1a: Slurpuff|String Shot|p2a: Automaton\n|-unboost|p2a: Automaton|spe|2\n|move|p2a: Automaton|Fire Punch|p1a: Slurpuff\n|-damage|p1a: Slurpuff|29/100\n|-enditem|p1a: Slurpuff|Sitrus Berry|[eat]\n|-heal|p1a: Slurpuff|54/100|[from] item: Sitrus Berry\n|\n|-sideend|p1: strings3|move: Tailwind\n|upkeep\n|\n|t:|1776018279\n|switch|p2b: Incineroar|Incineroar, L50, M, shiny|100/100\n|-ability|p2b: Incineroar|Intimidate|boost\n|-unboost|p1a: Slurpuff|atk|1\n|-unboost|p1b: Talonflame|atk|1\n|turn|5\n|\n|t:|1776018300\n|move|p2b: Incineroar|Fake Out|p1a: Slurpuff\n|-damage|p1a: Slurpuff|40/100\n|cant|p1a: Slurpuff|flinch\n|move|p1b: Talonflame|Tailwind|p1b: Talonflame\n|-sidestart|p1: strings3|move: Tailwind\n|move|p2a: Automaton|Fire Punch|p1a: Slurpuff\n|-damage|p1a: Slurpuff|6/100\n|\n|-sideend|p2: AcornH13|move: Tailwind\n|upkeep\n|turn|6\n|\n|t:|1776018343\n|switch|p1b: Araquanid|Araquanid, L50, M|100/100\n|move|p1a: Slurpuff|String Shot|p2b: Incineroar|[spread] p2a,p2b\n|-unboost|p2a: Automaton|spe|0\n|-unboost|p2b: Incineroar|spe|2\n|move|p2b: Incineroar|Darkest Lariat|p1b: Araquanid\n|-damage|p1b: Araquanid|66/100\n|move|p2a: Automaton|Fire Punch|p1a: Slurpuff\n|-damage|p1a: Slurpuff|0 fnt\n|faint|p1a: Slurpuff\n|\n|-heal|p1b: Araquanid|71/100|[from] item: Leftovers\n|upkeep\n|\n|t:|1776018353\n|switch|p1a: Garchomp|Garchomp, L50, F, shiny|100/100\n|turn|7\n|\n|t:|1776018373\n|switch|p2a: Gardevoir|Gardevoir, L50, F, shiny|100/100\n|detailschange|p1a: Garchomp|Garchomp-Mega, L50, F, shiny\n|-mega|p1a: Garchomp|Garchomp|Garchompite\n|move|p1a: Garchomp|Stomping Tantrum|p2b: Incineroar\n|-supereffective|p2b: Incineroar|1\n|-damage|p2b: Incineroar|10/100\n|-enditem|p2b: Incineroar|Sitrus Berry|[eat]\n|-heal|p2b: Incineroar|35/100|[from] item: Sitrus Berry\n|move|p1b: Araquanid|Liquidation|p2a: Gardevoir\n|-damage|p2a: Gardevoir|26/100\n|move|p2b: Incineroar|Parting Shot|p1a: Garchomp\n|-unboost|p1a: Garchomp|atk|1\n|-unboost|p1a: Garchomp|spa|1\n|\n|t:|1776018390\n|switch|p2b: Automaton|Golurk, L50, shiny|100/100|[from] Parting Shot\n|\n|-heal|p1b: Araquanid|77/100|[from] item: Leftovers\n|-sideend|p2: AcornH13|move: Light Screen\n|upkeep\n|turn|8\n|\n|t:|1776018412\n|detailschange|p2a: Gardevoir|Gardevoir-Mega, L50, F, shiny\n|-mega|p2a: Gardevoir|Gardevoir|Gardevoirite\n|move|p1a: Garchomp|Rock Slide|p2a: Gardevoir|[spread] p2b\n|-miss|p1a: Garchomp|p2a: Gardevoir\n|-resisted|p2b: Automaton|1\n|-damage|p2b: Automaton|92/100\n|move|p2a: Gardevoir|Hyper Voice|p1a: Garchomp|[spread] p1a,p1b\n|-supereffective|p1a: Garchomp|1\n|-damage|p1a: Garchomp|2/100\n|-damage|p1b: Araquanid|38/100\n|move|p1b: Araquanid|Liquidation|p2b: Automaton\n|-supereffective|p2b: Automaton|1\n|-damage|p2b: Automaton|0 fnt\n|faint|p2b: Automaton\n|\n|-heal|p1b: Araquanid|43/100|[from] item: Leftovers\n|-sideend|p1: strings3|move: Tailwind\n|upkeep\n|\n|t:|1776018430\n|switch|p2b: Incineroar|Incineroar, L50, M, shiny|35/100\n|-ability|p2b: Incineroar|Intimidate|boost\n|-unboost|p1a: Garchomp|atk|1\n|-unboost|p1b: Araquanid|atk|1\n|turn|9\n|\n|t:|1776018441\n|move|p1a: Garchomp|Protect|p1a: Garchomp\n|-singleturn|p1a: Garchomp|Protect\n|move|p1b: Araquanid|Protect|p1b: Araquanid\n|-singleturn|p1b: Araquanid|Protect\n|move|p2b: Incineroar|Fake Out|p1b: Araquanid\n|-activate|p1b: Araquanid|move: Protect\n|move|p2a: Gardevoir|Hyper Voice|p1a: Garchomp|[spread] \n|-activate|p1a: Garchomp|move: Protect\n|-activate|p1b: Araquanid|move: Protect\n|\n|-heal|p1b: Araquanid|49/100|[from] item: Leftovers\n|upkeep\n|turn|10\n|\n|t:|1776018467\n|switch|p1a: Talonflame|Talonflame, L50, M, shiny|68/100\n|move|p1b: Araquanid|Wide Guard|p1b: Araquanid\n|-singleturn|p1b: Araquanid|Wide Guard\n|move|p2a: Gardevoir|Hyper Voice|p1a: Talonflame|[spread] \n|-activate|p1a: Talonflame|move: Wide Guard\n|-activate|p1b: Araquanid|move: Wide Guard\n|move|p2b: Incineroar|Darkest Lariat|p1b: Araquanid\n|-damage|p1b: Araquanid|15/100\n|\n|-heal|p1b: Araquanid|20/100|[from] item: Leftovers\n|upkeep\n|turn|11\n|\n|t:|1776018489\n|move|p1a: Talonflame|Brave Bird|p2a: Gardevoir\n|-damage|p2a: Gardevoir|0 fnt\n|faint|p2a: Gardevoir\n|-damage|p1a: Talonflame|61/100|[from] Recoil\n|move|p2b: Incineroar|Parting Shot|p1a: Talonflame\n|-unboost|p1a: Talonflame|atk|1\n|-unboost|p1a: Talonflame|spa|1\n|move|p1b: Araquanid|Liquidation|p2b: Incineroar\n|-supereffective|p2b: Incineroar|1\n|-damage|p2b: Incineroar|0 fnt\n|faint|p2b: Incineroar\n|\n|win|strings3\n|raw|strings3's rating: 1043 &rarr; <strong>1072</strong><br />(+29 for winning)\n|raw|AcornH13's rating: 1000 &rarr; <strong>1000</strong><br />(+0 for losing)\n",
  "uploadtime": 1776018520,
  "views": 17,
  "formatid": "gen9championsvgc2026regma",
  "rating": 1000,
  "private": 0,
  "password": null
}