{
  "id": "gen9championsvgc2026regma-2581287751",
  "format": "[Gen 9 Champions] VGC 2026 Reg M-A",
  "players": [
    "Lyiter",
    "Zappyzap01"
  ],
  "log": "|j|\u2606Lyiter\n|j|\u2606Zappyzap01\n|t:|1775981688\n|gametype|doubles\n|player|p1|Lyiter|skier|1358\n|player|p2|Zappyzap01|benga|1314\n|gen|9\n|tier|[Gen 9 Champions] VGC 2026 Reg M-A\n|rated|\n|rule|Species Clause: Limit one of each Pok\u00e9mon\n|rule|Item Clause: Limit 1 of each item\n|clearpoke\n|poke|p1|Excadrill, L50, M|\n|poke|p1|Weavile, L50, M|\n|poke|p1|Tyranitar, L50, M|\n|poke|p1|Sneasler, L50, M|\n|poke|p1|Azumarill, L50, M|\n|poke|p1|Gardevoir, L50, F|\n|poke|p2|Sylveon, L50, F|\n|poke|p2|Camerupt, L50, M|\n|poke|p2|Sableye, L50, M|\n|poke|p2|Oranguru, L50, M|\n|poke|p2|Torkoal, L50, F|\n|poke|p2|Meganium, L50, F|\n|teampreview|4\n|inactive|Battle timer is ON: inactive players will automatically lose when time's up. (requested by Lyiter)\n|\n|t:|1775981725\n|teamsize|p1|4\n|teamsize|p2|4\n|start\n|switch|p1a: Gardevoir|Gardevoir, L50, F|100/100\n|switch|p1b: Tyranitar|Tyranitar, L50, M|100/100\n|switch|p2a: Oranguru|Oranguru, L50, M, shiny|100/100\n|switch|p2b: Sylveon|Sylveon, L50, F, shiny|100/100\n|-weather|Sandstorm|[from] ability: Sand Stream|[of] p1b: Tyranitar\n|turn|1\n|\n|t:|1775981739\n|detailschange|p1b: Tyranitar|Tyranitar-Mega, L50, M\n|-mega|p1b: Tyranitar|Tyranitar|Tyranitarite\n|move|p1b: Tyranitar|Dragon Dance|p1b: Tyranitar\n|-boost|p1b: Tyranitar|atk|1\n|-boost|p1b: Tyranitar|spe|1\n|move|p1a: Gardevoir|Imprison|p1a: Gardevoir\n|-start|p1a: Gardevoir|move: Imprison\n|move|p2b: Sylveon|Hyper Voice|p1a: Gardevoir|[spread] p1a,p1b\n|-supereffective|p1b: Tyranitar|1\n|-crit|p1b: Tyranitar\n|-damage|p1a: Gardevoir|55/100\n|-damage|p1b: Tyranitar|12/100\n|cant|p2a: Oranguru|move: Imprison|Trick Room\n|\n|-weather|Sandstorm|[upkeep]\n|-damage|p1a: Gardevoir|50/100|[from] Sandstorm\n|-damage|p2a: Oranguru|94/100|[from] Sandstorm\n|-damage|p2b: Sylveon|95/100|[from] Sandstorm\n|upkeep\n|turn|2\n|\n|t:|1775981758\n|move|p1b: Tyranitar|Rock Slide|p2b: Sylveon|[spread] p2a,p2b\n|-damage|p2a: Oranguru|49/100\n|-damage|p2b: Sylveon|34/100\n|move|p1a: Gardevoir|Moonblast|p2b: Sylveon\n|-damage|p2b: Sylveon|0 fnt\n|faint|p2b: Sylveon\n|move|p2a: Oranguru|Psychic|p1a: Gardevoir\n|-resisted|p1a: Gardevoir|1\n|-damage|p1a: Gardevoir|36/100\n|\n|-weather|Sandstorm|[upkeep]\n|-damage|p1a: Gardevoir|30/100|[from] Sandstorm\n|-damage|p2a: Oranguru|43/100|[from] Sandstorm\n|upkeep\n|j| Crvstal_K!tty\n|\n|t:|1775981769\n|switch|p2b: Torkoal|Torkoal, L50, F, shiny|100/100\n|-weather|SunnyDay|[from] ability: Drought|[of] p2b: Torkoal\n|turn|3\n|c| Crvstal_K!tty|yesssss goated person using sylveon again\n|j| gE1xjZRtuhW2DdT0AK\n|\n|t:|1775981787\n|move|p2a: Oranguru|Protect|p2a: Oranguru\n|-singleturn|p2a: Oranguru|Protect\n|move|p1b: Tyranitar|Rock Slide|p2b: Torkoal|[spread] p2b\n|-activate|p2a: Oranguru|move: Protect\n|-supereffective|p2b: Torkoal|1\n|-damage|p2b: Torkoal|19/100\n|move|p1a: Gardevoir|Aura Sphere|p2b: Torkoal\n|-damage|p2b: Torkoal|0 fnt\n|faint|p2b: Torkoal\n|\n|-weather|SunnyDay|[upkeep]\n|upkeep\n|inactive|Zappyzap01 has 30 seconds left.\n|inactive|Zappyzap01 has 20 seconds left.\n|inactive|Zappyzap01 has 15 seconds left.\n|c|\u2606Zappyzap01|oh tyranitar is a very niche pick and no one is playing pick\n|inactive|Zappyzap01 has 10 seconds left.\n|\n|t:|1775981833\n|switch|p2b: Camerupt|Camerupt, L50, M, shiny|100/100\n|turn|4\n|\n|t:|1775981843\n|detailschange|p2b: Camerupt|Camerupt-Mega, L50, M, shiny\n|-mega|p2b: Camerupt|Camerupt|Cameruptite\n|move|p1b: Tyranitar|Crunch|p2b: Camerupt\n|-damage|p2b: Camerupt|21/100\n|-unboost|p2b: Camerupt|def|1\n|move|p1a: Gardevoir|Moonblast|p2a: Oranguru\n|-damage|p2a: Oranguru|0 fnt\n|faint|p2a: Oranguru\n|move|p2b: Camerupt|Heat Wave|p1b: Tyranitar|[spread] p1a,p1b\n|-resisted|p1b: Tyranitar|1\n|-damage|p1a: Gardevoir|0 fnt\n|-damage|p1b: Tyranitar|0 fnt\n|faint|p1a: Gardevoir\n|faint|p1b: Tyranitar\n|\n|-weather|SunnyDay|[upkeep]\n|upkeep\n|\n|t:|1775981846\n|switch|p1b: Weavile|Weavile, L50, M|100/100\n|switch|p1a: Sneasler|Sneasler, L50, M|100/100\n|-ability|p1b: Weavile|Pressure\n|turn|5\n|\n|t:|1775981866\n|move|p1a: Sneasler|Fake Out|p2b: Camerupt\n|-damage|p2b: Camerupt|0 fnt\n|faint|p2b: Camerupt\n|\n|win|Lyiter\n|raw|Lyiter's rating: 1358 &rarr; <strong>1375</strong><br />(+17 for winning)\n|raw|Zappyzap01's rating: 1314 &rarr; <strong>1297</strong><br />(-17 for losing)\n|l|\u2606Lyiter\n|player|p1|\n|l|\u2606Zappyzap01\n|player|p2|\n|l| Crvstal_K!tty\n",
  "uploadtime": 1775981911,
  "views": 32,
  "formatid": "gen9championsvgc2026regma",
  "rating": 1297,
  "private": 0,
  "password": null
}