{
  "id": "gen9championsvgc2026regma-2587807681",
  "format": "[Gen 9 Champions] VGC 2026 Reg M-A",
  "players": [
    "Lromy",
    "A5h3r"
  ],
  "log": "|j|\u2606Lromy\n|j|\u2606A5h3r\n|t:|1776566045\n|gametype|doubles\n|player|p1|Lromy|170|1213\n|player|p2|A5h3r|alder|1270\n|gen|9\n|tier|[Gen 9 Champions] VGC 2026 Reg M-A\n|rated|\n|rule|Species Clause: Limit one of each Pok\u00e9mon\n|rule|Item Clause: Limit 1 of each item\n|clearpoke\n|poke|p1|Gardevoir, L50, F|\n|poke|p1|Garchomp, L50, F|\n|poke|p1|Sneasler, L50, F|\n|poke|p1|Rotom-Wash, L50|\n|poke|p1|Aerodactyl, L50, M|\n|poke|p1|Incineroar, L50, M|\n|poke|p2|Ninetales-Alola, L50, F|\n|poke|p2|Excadrill, L50, F, shiny|\n|poke|p2|Sneasler, L50, F|\n|poke|p2|Rotom-Wash, L50, shiny|\n|poke|p2|Skarmory, L50, F, shiny|\n|poke|p2|Vivillon-Sun, L50, F, shiny|\n|teampreview|4\n|inactive|Battle timer is ON: inactive players will automatically lose when time's up. (requested by Lromy)\n|c|\u2606A5h3r|glhf\n|c|\u2606Lromy|glhf\n|inactive|Lromy has 60 seconds left.\n|inactive|A5h3r has 60 seconds left.\n|\n|t:|1776566082\n|teamsize|p1|4\n|teamsize|p2|4\n|start\n|switch|p1a: Aerodactyl|Aerodactyl, L50, M|100/100\n|switch|p1b: Sneasler|Sneasler, L50, F|100/100\n|switch|p2a: Yumiko|Ninetales-Alola, L50, F|100/100\n|switch|p2b: buhrd|Skarmory, L50, F, shiny|100/100\n|-ability|p1a: Aerodactyl|Unnerve\n|-weather|Snowscape|[from] ability: Snow Warning|[of] p2a: Yumiko\n|turn|1\n|inactive|Lromy has 30 seconds left.\n|inactive|Lromy has 20 seconds left.\n|\n|t:|1776566118\n|move|p1a: Aerodactyl|Rock Slide|p2a: Yumiko|[spread] p2a,p2b\n|-supereffective|p2a: Yumiko|1\n|-damage|p2a: Yumiko|51/100\n|-damage|p2b: buhrd|75/100\n|-ability|p2b: buhrd|Weak Armor|boost\n|-unboost|p2b: buhrd|def|1\n|-boost|p2b: buhrd|spe|2\n|move|p2b: buhrd|Swords Dance|p2b: buhrd\n|-boost|p2b: buhrd|atk|2\n|move|p1b: Sneasler|Dire Claw|p2a: Yumiko\n|-supereffective|p2a: Yumiko|1\n|-damage|p2a: Yumiko|0 fnt\n|faint|p2a: Yumiko\n|\n|-weather|Snowscape|[upkeep]\n|upkeep\n|\n|t:|1776566136\n|switch|p2a: scam artist|Sneasler, L50, F|100/100\n|turn|2\n|inactive|A5h3r has 30 seconds left.\n|\n|t:|1776566163\n|detailschange|p2b: buhrd|Skarmory-Mega, L50, F, shiny\n|-mega|p2b: buhrd|Skarmory|Skarmorite\n|move|p1a: Aerodactyl|Protect|p1a: Aerodactyl\n|-singleturn|p1a: Aerodactyl|Protect\n|move|p2a: scam artist|Fake Out|p1b: Sneasler\n|-damage|p1b: Sneasler|77/100\n|move|p2b: buhrd|Drill Run|p1b: Sneasler\n|-supereffective|p1b: Sneasler|1\n|-damage|p1b: Sneasler|0 fnt\n|faint|p1b: Sneasler\n|\n|-weather|Snowscape|[upkeep]\n|upkeep\n|\n|t:|1776566169\n|switch|p1b: Rotom|Rotom-Wash, L50|100/100\n|turn|3\n|inactive|Lromy has 30 seconds left.\n|inactive|A5h3r has 30 seconds left.\n|\n|t:|1776566200\n|move|p2b: buhrd|Protect|p2b: buhrd\n|-singleturn|p2b: buhrd|Protect\n|move|p1b: Rotom|Volt Switch|p2b: buhrd\n|-activate|p2b: buhrd|move: Protect\n|move|p1a: Aerodactyl|Dual Wingbeat|p2a: scam artist\n|-supereffective|p2a: scam artist|1\n|-damage|p2a: scam artist|39/100\n|-supereffective|p2a: scam artist|1\n|-damage|p2a: scam artist|0 fnt\n|faint|p2a: scam artist\n|-hitcount|p2: scam artist|2\n|\n|-weather|Snowscape|[upkeep]\n|upkeep\n|\n|t:|1776566211\n|switch|p2a: Lucifer-Incarnate|Vivillon-Sun, L50, F, shiny|100/100\n|turn|4\n|inactive|A5h3r has 30 seconds left.\n|\n|t:|1776566238\n|move|p2b: buhrd|Brave Bird|p1a: Aerodactyl\n|-resisted|p1a: Aerodactyl|1\n|-enditem|p1a: Aerodactyl|Focus Sash\n|-damage|p1a: Aerodactyl|1/100\n|-damage|p2b: buhrd|38/100|[from] Recoil\n|move|p1b: Rotom|Volt Switch|p2b: buhrd\n|-supereffective|p2b: buhrd|1\n|-damage|p2b: buhrd|0 fnt\n|faint|p2b: buhrd\n|\n|t:|1776566247\n|switch|p1b: Gardevoir|Gardevoir, L50, F|100/100|[from] Volt Switch\n|move|p1a: Aerodactyl|Rock Slide|p2a: Lucifer-Incarnate|[miss]\n|-miss|p1a: Aerodactyl|p2a: Lucifer-Incarnate\n|move|p2a: Lucifer-Incarnate|Tailwind|p2a: Lucifer-Incarnate\n|-sidestart|p2: A5h3r|move: Tailwind\n|\n|-weather|Snowscape|[upkeep]\n|upkeep\n|turn|5\n|c|\u2606A5h3r|ggwp you win\n|c|\u2606Lromy|gg\n|\n|t:|1776566266\n|detailschange|p1b: Gardevoir|Gardevoir-Mega, L50, F\n|-mega|p1b: Gardevoir|Gardevoir|Gardevoirite\n|move|p2a: Lucifer-Incarnate|Pollen Puff|p1a: Aerodactyl\n|-resisted|p1a: Aerodactyl|1\n|-damage|p1a: Aerodactyl|0 fnt\n|faint|p1a: Aerodactyl\n|move|p1b: Gardevoir|Hyper Voice|p2a: Lucifer-Incarnate\n|-enditem|p2a: Lucifer-Incarnate|Focus Sash\n|-damage|p2a: Lucifer-Incarnate|1/100\n|\n|-weather|none\n|upkeep\n|\n|t:|1776566270\n|switch|p1a: Rotom|Rotom-Wash, L50|100/100\n|turn|6\n|-message|A5h3r forfeited.\n|\n|win|Lromy\n|raw|Lromy's rating: 1213 &rarr; <strong>1242</strong><br />(+29 for winning)\n|raw|A5h3r's rating: 1270 &rarr; <strong>1241</strong><br />(-29 for losing)\n|l|\u2606Lromy\n|player|p1|\n",
  "uploadtime": 1776566282,
  "views": 18,
  "formatid": "gen9championsvgc2026regma",
  "rating": 1241,
  "private": 0,
  "password": null
}