{
  "id": "gen9championsvgc2026regma-2581045462",
  "format": "[Gen 9 Champions] VGC 2026 Reg M-A",
  "players": [
    "AgsAllDay12",
    "lian11"
  ],
  "log": "|j|\u2606AgsAllDay12\n|j|\u2606lian11\n|t:|1775954728\n|gametype|doubles\n|player|p1|AgsAllDay12|170|1110\n|player|p2|lian11|alder|1084\n|gen|9\n|tier|[Gen 9 Champions] VGC 2026 Reg M-A\n|rated|\n|rule|Species Clause: Limit one of each Pok\u00e9mon\n|rule|Item Clause: Limit 1 of each item\n|clearpoke\n|poke|p1|Floette-Eternal, L50, F|\n|poke|p1|Delphox, L50, M|\n|poke|p1|Incineroar, L50, F|\n|poke|p1|Aerodactyl, L50, F|\n|poke|p1|Maushold, L50|\n|poke|p1|Garchomp, L50, M|\n|poke|p2|Froslass, L50, F|\n|poke|p2|Garchomp, L50, M|\n|poke|p2|Rotom-Frost, L50|\n|poke|p2|Empoleon, L50, M|\n|poke|p2|Incineroar, L50, M|\n|poke|p2|Kingambit, L50, M|\n|teampreview|4\n|inactive|Battle timer is ON: inactive players will automatically lose when time's up. (requested by lian11)\n|inactive|AgsAllDay12 has 60 seconds left.\n|\n|t:|1775954795\n|teamsize|p1|4\n|teamsize|p2|4\n|start\n|switch|p1a: Incineroar|Incineroar, L50, F|100/100\n|switch|p1b: Delphox|Delphox, L50, M|100/100\n|switch|p2a: Incineroar|Incineroar, L50, M|100/100\n|switch|p2b: Empoleon|Empoleon, L50, M|100/100\n|-ability|p1a: Incineroar|Intimidate|boost\n|-unboost|p2a: Incineroar|atk|1\n|-unboost|p2b: Empoleon|atk|1\n|-ability|p2b: Empoleon|Competitive|boost\n|-boost|p2b: Empoleon|spa|2\n|-ability|p2a: Incineroar|Intimidate|boost\n|-unboost|p1a: Incineroar|atk|1\n|-unboost|p1b: Delphox|atk|1\n|turn|1\n|inactive|AgsAllDay12 has 30 seconds left.\n|inactive|AgsAllDay12 has 20 seconds left.\n|inactive|AgsAllDay12 has 15 seconds left.\n|inactive|AgsAllDay12 has 10 seconds left.\n|\n|t:|1775954844\n|switch|p1b: Garchomp|Garchomp, L50, M|100/100\n|move|p2a: Incineroar|Fake Out|p1b: Garchomp\n|-damage|p1b: Garchomp|90/100\n|-damage|p2a: Incineroar|88/100|[from] ability: Rough Skin|[of] p1b: Garchomp\n|move|p2b: Empoleon|Water Pulse|p1b: Garchomp\n|-damage|p1b: Garchomp|23/100\n|move|p1a: Incineroar|Parting Shot|p2b: Empoleon\n|-unboost|p2b: Empoleon|atk|1\n|-ability|p2b: Empoleon|Competitive|boost\n|-boost|p2b: Empoleon|spa|2\n|-unboost|p2b: Empoleon|spa|1\n|-ability|p2b: Empoleon|Competitive|boost\n|-boost|p2b: Empoleon|spa|2\n|\n|t:|1775954860\n|switch|p1a: Delphox|Delphox, L50, M|100/100|[from] Parting Shot\n|\n|upkeep\n|turn|2\n|\n|t:|1775954877\n|detailschange|p1a: Delphox|Delphox-Mega, L50, M\n|-mega|p1a: Delphox|Delphox|Delphoxite\n|move|p1a: Delphox|Heat Wave|p2b: Empoleon|[spread] p2a,p2b\n|-resisted|p2a: Incineroar|1\n|-damage|p2a: Incineroar|72/100\n|-damage|p2b: Empoleon|65/100\n|move|p1b: Garchomp|Earthquake|p2a: Incineroar|[spread] p2a,p2b\n|-immune|p1a: Delphox|[from] ability: Levitate\n|-supereffective|p2a: Incineroar|1\n|-supereffective|p2b: Empoleon|1\n|-damage|p2a: Incineroar|0 fnt\n|-damage|p2b: Empoleon|0 fnt\n|faint|p2a: Incineroar\n|faint|p2b: Empoleon\n|\n|upkeep\n|\n|t:|1775954892\n|switch|p2b: Froslass|Froslass, L50, F|100/100\n|switch|p2a: Garchomp|Garchomp, L50, M|100/100\n|turn|3\n|inactive|AgsAllDay12 has 30 seconds left.\n|\n|t:|1775954926\n|switch|p1a: Incineroar|Incineroar, L50, F|100/100\n|-ability|p1a: Incineroar|Intimidate|boost\n|-unboost|p2a: Garchomp|atk|1\n|-unboost|p2b: Froslass|atk|1\n|-enditem|p2a: Garchomp|White Herb\n|-clearnegativeboost|p2a: Garchomp|[silent]\n|move|p1b: Garchomp|Protect|p1b: Garchomp\n|-singleturn|p1b: Garchomp|Protect\n|move|p2b: Froslass|Protect|p2b: Froslass\n|-singleturn|p2b: Froslass|Protect\n|move|p2a: Garchomp|Rock Slide|p1b: Garchomp|[spread] p1a\n|-activate|p1b: Garchomp|move: Protect\n|-supereffective|p1a: Incineroar|1\n|-damage|p1a: Incineroar|69/100\n|\n|upkeep\n|turn|4\n|\n|t:|1775954950\n|detailschange|p2b: Froslass|Froslass-Mega, L50, F\n|-mega|p2b: Froslass|Froslass|Froslassite\n|-weather|Snowscape|[from] ability: Snow Warning|[of] p2b: Froslass\n|move|p1a: Incineroar|Fake Out|p2a: Garchomp\n|-damage|p2a: Garchomp|88/100\n|-damage|p1a: Incineroar|56/100|[from] ability: Rough Skin|[of] p2a: Garchomp\n|move|p2b: Froslass|Blizzard|p1a: Incineroar|[spread] p1a,p1b\n|-resisted|p1a: Incineroar|1\n|-supereffective|p1b: Garchomp|2\n|-damage|p1a: Incineroar|36/100\n|-damage|p1b: Garchomp|0 fnt\n|-status|p1a: Incineroar|frz\n|-enditem|p1a: Incineroar|Sitrus Berry|[eat]\n|-heal|p1a: Incineroar|60/100 frz|[from] item: Sitrus Berry\n|faint|p1b: Garchomp\n|cant|p2a: Garchomp|flinch\n|\n|-weather|Snowscape|[upkeep]\n|upkeep\n|\n|t:|1775954966\n|switch|p1b: Delphox|Delphox-Mega, L50, M|100/100\n|turn|5\n|\n|t:|1775954981\n|move|p2b: Froslass|Protect|p2b: Froslass\n|-singleturn|p2b: Froslass|Protect\n|move|p1b: Delphox|Heat Wave|p2a: Garchomp|[spread] p2a\n|-activate|p2b: Froslass|move: Protect\n|-resisted|p2a: Garchomp|1\n|-damage|p2a: Garchomp|67/100\n|move|p2a: Garchomp|Rock Slide|p1b: Delphox|[spread] p1a,p1b\n|-supereffective|p1a: Incineroar|1\n|-supereffective|p1b: Delphox|1\n|-damage|p1a: Incineroar|27/100 frz\n|-damage|p1b: Delphox|55/100\n|cant|p1a: Incineroar|flinch\n|\n|-weather|Snowscape|[upkeep]\n|upkeep\n|turn|6\n|inactive|AgsAllDay12 has 30 seconds left.\n|\n|t:|1775955007\n|move|p1b: Delphox|Psychic|p2a: Garchomp\n|-damage|p2a: Garchomp|10/100\n|move|p2b: Froslass|Shadow Ball|p1b: Delphox\n|-supereffective|p1b: Delphox|1\n|-damage|p1b: Delphox|0 fnt\n|faint|p1b: Delphox\n|move|p2a: Garchomp|Rock Slide|p1a: Incineroar\n|-supereffective|p1a: Incineroar|1\n|-damage|p1a: Incineroar|0 fnt\n|faint|p1a: Incineroar\n|\n|-weather|Snowscape|[upkeep]\n|upkeep\n|\n|t:|1775955019\n|switch|p1b: Aerodactyl|Aerodactyl, L50, F|100/100\n|-ability|p1b: Aerodactyl|Unnerve\n|turn|7\n|\n|t:|1775955028\n|move|p1b: Aerodactyl|Rock Slide|p2b: Froslass|[spread] p2a,p2b\n|-resisted|p2a: Garchomp|1\n|-supereffective|p2b: Froslass|1\n|-damage|p2a: Garchomp|0 fnt\n|-damage|p2b: Froslass|46/100\n|faint|p2a: Garchomp\n|move|p2b: Froslass|Blizzard|p1b: Aerodactyl\n|-supereffective|p1b: Aerodactyl|1\n|-enditem|p1b: Aerodactyl|Focus Sash\n|-damage|p1b: Aerodactyl|1/100\n|\n|-weather|Snowscape|[upkeep]\n|upkeep\n|turn|8\n|\n|t:|1775955044\n|move|p2b: Froslass|Protect|p2b: Froslass\n|-singleturn|p2b: Froslass|Protect\n|move|p1b: Aerodactyl|Rock Slide|p2b: Froslass\n|-activate|p2b: Froslass|move: Protect\n|\n|-weather|none\n|upkeep\n|turn|9\n|\n|t:|1775955054\n|move|p1b: Aerodactyl|Rock Slide|p2b: Froslass\n|-supereffective|p2b: Froslass|1\n|-damage|p2b: Froslass|0 fnt\n|faint|p2b: Froslass\n|\n|win|AgsAllDay12\n",
  "uploadtime": 1775954730,
  "views": 11,
  "formatid": "gen9championsvgc2026regma",
  "rating": null,
  "private": 0,
  "password": null
}