{
  "id": "gen9championsvgc2026regma-2587173006",
  "format": "[Gen 9 Champions] VGC 2026 Reg M-A",
  "players": [
    "Snibreon",
    "chk tble"
  ],
  "log": "|j|\u2606Snibreon\n|j|\u2606chk tble\n|t:|1776504125\n|gametype|doubles\n|player|p1|Snibreon|266|\n|player|p2|chk tble|1|\n|gen|9\n|tier|[Gen 9 Champions] VGC 2026 Reg M-A\n|rule|Species Clause: Limit one of each Pok\u00e9mon\n|rule|Item Clause: Limit 1 of each item\n|clearpoke\n|poke|p1|Excadrill, L50, F|\n|poke|p1|Simisage, L50, F|\n|poke|p1|Hawlucha, L50, M|\n|poke|p1|Garganacl, L50, M|\n|poke|p1|Stunfisk, L50, F|\n|poke|p1|Simisear, L50, M|\n|poke|p2|Charizard, L50, M|\n|poke|p2|Tyranitar, L50, M|\n|poke|p2|Milotic, L50, F|\n|poke|p2|Aegislash, L50, F|\n|poke|p2|Incineroar, L50, F|\n|poke|p2|Whimsicott, L50, F|\n|teampreview|4\n|\n|t:|1776504197\n|teamsize|p1|4\n|teamsize|p2|4\n|start\n|switch|p1a: Hawlucha|Hawlucha, L50, M|100/100\n|switch|p1b: Excadrill|Excadrill, L50, F|100/100\n|switch|p2a: Charizard|Charizard, L50, M|100/100\n|switch|p2b: Whimsicott|Whimsicott, L50, F|100/100\n|turn|1\n|\n|t:|1776504258\n|switch|p1b: Garganacl|Garganacl, L50, M|100/100\n|detailschange|p1a: Hawlucha|Hawlucha-Mega, L50, M\n|-mega|p1a: Hawlucha|Hawlucha|Hawluchanite\n|detailschange|p2a: Charizard|Charizard-Mega-X, L50, M\n|-mega|p2a: Charizard|Charizard|Charizardite X\n|move|p2b: Whimsicott|Tailwind|p2b: Whimsicott\n|-sidestart|p2: chk tble|move: Tailwind\n|move|p2a: Charizard|Flare Blitz|p1b: Garganacl\n|-resisted|p1b: Garganacl|1\n|-crit|p1b: Garganacl\n|-damage|p1b: Garganacl|65/100\n|-damage|p2a: Charizard|87/100|[from] Recoil\n|move|p1a: Hawlucha|Stone Edge|p2a: Charizard\n|-supereffective|p2a: Charizard|1\n|-damage|p2a: Charizard|28/100\n|\n|-heal|p1b: Garganacl|71/100|[from] item: Leftovers\n|upkeep\n|turn|2\n|\n|t:|1776504308\n|switch|p2a: Aegislash|Aegislash, L50, F|100/100\n|move|p2b: Whimsicott|Moonblast|p1a: Hawlucha\n|-supereffective|p1a: Hawlucha|1\n|-damage|p1a: Hawlucha|24/100\n|move|p1a: Hawlucha|Entrainment|p1b: Garganacl\n|-ability|p1b: Garganacl|No Guard|Purifying Salt|[from] move: Entrainment|[of] p1a: Hawlucha\n|move|p1b: Garganacl|Fissure|p2a: Aegislash\n|-damage|p2a: Aegislash|0 fnt\n|faint|p2a: Aegislash\n|-ohko\n|\n|-heal|p1b: Garganacl|77/100|[from] item: Leftovers\n|upkeep\n|\n|t:|1776504345\n|switch|p2a: Tyranitar|Tyranitar, L50, M|100/100\n|-ability|p2a: Tyranitar|Unnerve\n|turn|3\n|\n|t:|1776504367\n|switch|p1a: Stunfisk|Stunfisk, L50, F|100/100\n|move|p2b: Whimsicott|Moonblast|p1b: Garganacl\n|-damage|p1b: Garganacl|53/100\n|move|p2a: Tyranitar|Crunch|p1b: Garganacl\n|-damage|p1b: Garganacl|26/100\n|move|p1b: Garganacl|Fissure|p2a: Tyranitar\n|-damage|p2a: Tyranitar|0 fnt\n|faint|p2a: Tyranitar\n|-ohko\n|\n|-heal|p1b: Garganacl|31/100|[from] item: Leftovers\n|upkeep\n|\n|t:|1776504379\n|switch|p2a: Charizard|Charizard-Mega-X, L50, M|28/100\n|turn|4\n|\n|t:|1776504394\n|move|p1b: Garganacl|Protect|p1b: Garganacl\n|-singleturn|p1b: Garganacl|Protect\n|move|p2b: Whimsicott|Moonblast|p1b: Garganacl\n|-activate|p1b: Garganacl|move: Protect\n|move|p2a: Charizard|Flare Blitz|p1b: Garganacl\n|-activate|p1b: Garganacl|move: Protect\n|move|p1a: Stunfisk|Yawn|p2b: Whimsicott\n|-start|p2b: Whimsicott|move: Yawn|[of] p1a: Stunfisk\n|\n|-heal|p1b: Garganacl|37/100|[from] item: Leftovers\n|-sideend|p2: chk tble|move: Tailwind\n|upkeep\n|turn|5\n|\n|t:|1776504413\n|move|p2b: Whimsicott|Moonblast|p1b: Garganacl\n|-damage|p1b: Garganacl|14/100\n|move|p2a: Charizard|Flare Blitz|p1b: Garganacl\n|-resisted|p1b: Garganacl|1\n|-damage|p1b: Garganacl|0 fnt\n|faint|p1b: Garganacl\n|-damage|p2a: Charizard|23/100|[from] Recoil\n|move|p1a: Stunfisk|Thunder Wave|p2a: Charizard\n|-status|p2a: Charizard|par\n|\n|-end|p2b: Whimsicott|move: Yawn|[silent]\n|-status|p2b: Whimsicott|slp\n|upkeep\n|\n|t:|1776504427\n|switch|p1b: Hawlucha|Hawlucha-Mega, L50, M|24/100\n|turn|6\n|\n|t:|1776504439\n|move|p1b: Hawlucha|Stone Edge|p2a: Charizard\n|-supereffective|p2a: Charizard|1\n|-crit|p2a: Charizard\n|-damage|p2a: Charizard|0 fnt\n|faint|p2a: Charizard\n|cant|p2b: Whimsicott|slp\n|move|p1a: Stunfisk|Fissure|p2b: Whimsicott|[miss]\n|-miss|p1a: Stunfisk|p2b: Whimsicott\n|\n|upkeep\n|turn|7\n|\n|t:|1776504452\n|move|p1b: Hawlucha|Entrainment|p1a: Stunfisk\n|-ability|p1a: Stunfisk|No Guard|Static|[from] move: Entrainment|[of] p1b: Hawlucha\n|-curestatus|p2b: Whimsicott|slp|[msg]\n|move|p2b: Whimsicott|Moonblast|p1b: Hawlucha\n|-supereffective|p1b: Hawlucha|1\n|-damage|p1b: Hawlucha|0 fnt\n|faint|p1b: Hawlucha\n|move|p1a: Stunfisk|Fissure|p2b: Whimsicott\n|-enditem|p2b: Whimsicott|Focus Sash\n|-damage|p2b: Whimsicott|1/100\n|\n|upkeep\n|\n|t:|1776504463\n|switch|p1b: Excadrill|Excadrill, L50, F|100/100\n|turn|8\n|-message|chk tble forfeited.\n|\n|win|Snibreon\n|l|\u2606chk tble\n|player|p2|\n",
  "uploadtime": 1776504488,
  "views": 17,
  "formatid": "gen9championsvgc2026regma",
  "rating": null,
  "private": 0,
  "password": null
}