{
  "id": "gen9championsvgc2026regma-2582688690",
  "format": "[Gen 9 Champions] VGC 2026 Reg M-A",
  "players": [
    "Mask4M",
    "geduurd"
  ],
  "log": "|j|\u2606Mask4M\n|j|\u2606geduurd\n|t:|1776107401\n|gametype|doubles\n|player|p1|Mask4M|101|1211\n|player|p2|geduurd|265|1254\n|gen|9\n|tier|[Gen 9 Champions] VGC 2026 Reg M-A\n|rated|\n|rule|Species Clause: Limit one of each Pok\u00e9mon\n|rule|Item Clause: Limit 1 of each item\n|clearpoke\n|poke|p1|Glimmora, L50, M|\n|poke|p1|Meganium, L50, F|\n|poke|p1|Sneasler, L50, M|\n|poke|p1|Incineroar, L50, F|\n|poke|p1|Whimsicott, L50, M|\n|poke|p1|Gyarados, L50, F|\n|poke|p2|Charizard, L50, F|\n|poke|p2|Venusaur, L50, F|\n|poke|p2|Garchomp, L50, M|\n|poke|p2|Whimsicott, L50, M|\n|poke|p2|Kingambit, L50, F|\n|poke|p2|Incineroar, L50, F|\n|teampreview|4\n|inactive|Battle timer is ON: inactive players will automatically lose when time's up. (requested by Mask4M)\nMask4M has agreed to open team sheets.\ngeduurd rejected open team sheets.\n|inactive|Mask4M has 60 seconds left.\n|\n|t:|1776107441\n|teamsize|p1|4\n|teamsize|p2|4\n|start\n|switch|p1a: Sneasler|Sneasler, L50, M|100/100\n|switch|p1b: Whimsicott|Whimsicott, L50, M|100/100\n|switch|p2a: Charizard|Charizard, L50, F|100/100\n|switch|p2b: Garchomp|Garchomp, L50, M|100/100\n|turn|1\n|\n|t:|1776107459\n|move|p2b: Garchomp|Protect|p2b: Garchomp\n|-singleturn|p2b: Garchomp|Protect\n|move|p2a: Charizard|Protect|p2a: Charizard\n|-singleturn|p2a: Charizard|Protect\n|move|p1a: Sneasler|Fake Out|p2a: Charizard\n|-activate|p2a: Charizard|move: Protect\n|move|p1b: Whimsicott|Tailwind|p1b: Whimsicott\n|-sidestart|p1: Mask4M|move: Tailwind\n|\n|upkeep\n|turn|2\n|inactive|Mask4M has 30 seconds left.\n|inactive|Mask4M has 20 seconds left.\n|inactive|Mask4M has 15 seconds left.\n|inactive|Mask4M has 10 seconds left.\n|\n|t:|1776107508\n|switch|p2b: Incineroar|Incineroar, L50, F|100/100\n|-ability|p2b: Incineroar|Intimidate|boost\n|-unboost|p1a: Sneasler|atk|1\n|-unboost|p1b: Whimsicott|atk|1\n|-enditem|p1a: Sneasler|White Herb\n|-clearnegativeboost|p1a: Sneasler|[silent]\n|detailschange|p2a: Charizard|Charizard-Mega-Y, L50, F\n|-mega|p2a: Charizard|Charizard|Charizardite Y\n|-weather|SunnyDay|[from] ability: Drought|[of] p2a: Charizard\n|move|p1a: Sneasler|Dire Claw|p2a: Charizard\n|-damage|p2a: Charizard|30/100\n|move|p1b: Whimsicott|Moonblast|p2b: Incineroar\n|-crit|p2b: Incineroar\n|-damage|p2b: Incineroar|49/100\n|-enditem|p2b: Incineroar|Sitrus Berry|[eat]\n|-heal|p2b: Incineroar|73/100|[from] item: Sitrus Berry\n|move|p2a: Charizard|Heat Wave|p1a: Sneasler|[spread] p1a,p1b\n|-supereffective|p1b: Whimsicott|1\n|-damage|p1a: Sneasler|7/100\n|-enditem|p1b: Whimsicott|Focus Sash\n|-damage|p1b: Whimsicott|1/100\n|\n|-weather|SunnyDay|[upkeep]\n|upkeep\n|turn|3\n|inactive|Mask4M has 30 seconds left.\n|inactive|Mask4M has 20 seconds left.\n|\n|t:|1776107544\n|move|p2b: Incineroar|Fake Out|p1a: Sneasler\n|-damage|p1a: Sneasler|0 fnt\n|faint|p1a: Sneasler\n|move|p1b: Whimsicott|Moonblast|p2a: Charizard\n|-resisted|p2a: Charizard|1\n|-damage|p2a: Charizard|12/100\n|move|p2a: Charizard|Heat Wave|p1b: Whimsicott\n|-supereffective|p1b: Whimsicott|1\n|-damage|p1b: Whimsicott|0 fnt\n|faint|p1b: Whimsicott\n|\n|-weather|SunnyDay|[upkeep]\n|upkeep\n|\n|t:|1776107552\n|switch|p1a: Glimmora|Glimmora, L50, M|100/100\n|switch|p1b: Meganium|Meganium, L50, F|100/100\n|turn|4\n|\n|t:|1776107577\n|move|p2a: Charizard|Protect|p2a: Charizard\n|-singleturn|p2a: Charizard|Protect\n|move|p1a: Glimmora|Power Gem|p2b: Incineroar\n|-supereffective|p2b: Incineroar|1\n|-damage|p2b: Incineroar|0 fnt\n|faint|p2b: Incineroar\n|move|p1b: Meganium|Dazzling Gleam|p2a: Charizard\n|-activate|p2a: Charizard|move: Protect\n|\n|-weather|SunnyDay|[upkeep]\n|-sideend|p1: Mask4M|move: Tailwind\n|upkeep\n|\n|t:|1776107585\n|switch|p2b: Garchomp|Garchomp, L50, M|100/100\n|turn|5\n|inactive|Mask4M has 30 seconds left.\n|inactive|Mask4M has 20 seconds left.\n|\n|t:|1776107625\n|detailschange|p1b: Meganium|Meganium-Mega, L50, F\n|-mega|p1b: Meganium|Meganium|Meganiumite\n|move|p1a: Glimmora|Spiky Shield|p1a: Glimmora\n|-singleturn|p1a: Glimmora|move: Protect\n|move|p2b: Garchomp|Earthquake|p1a: Glimmora|[spread] p1b\n|-activate|p1a: Glimmora|move: Protect\n|-immune|p2a: Charizard\n|-resisted|p1b: Meganium|1\n|-damage|p1b: Meganium|82/100\n|move|p2a: Charizard|Heat Wave|p1a: Glimmora|[spread] p1b\n|-activate|p1a: Glimmora|move: Protect\n|-supereffective|p1b: Meganium|1\n|-damage|p1b: Meganium|0 fnt\n|faint|p1b: Meganium\n|\n|-weather|SunnyDay|[upkeep]\n|upkeep\n|turn|6\n|\n|t:|1776107642\n|move|p2b: Garchomp|Earthquake|p1a: Glimmora|[spread] p1a\n|-immune|p2a: Charizard\n|-supereffective|p1a: Glimmora|2\n|-damage|p1a: Glimmora|0 fnt\n|-activate|p1a: Glimmora|ability: Toxic Debris\n|-sidestart|p2: geduurd|move: Toxic Spikes\n|faint|p1a: Glimmora\n|\n|win|geduurd\n|raw|Mask4M's rating: 1211 &rarr; <strong>1189</strong><br />(-22 for losing)\n|raw|geduurd's rating: 1254 &rarr; <strong>1276</strong><br />(+22 for winning)\n|l|\u2606geduurd\n|player|p2|\n",
  "uploadtime": 1776107648,
  "views": 24,
  "formatid": "gen9championsvgc2026regma",
  "rating": 1189,
  "private": 0,
  "password": null
}