{
  "id": "gen9championsvgc2026regma-2580415657",
  "format": "[Gen 9 Champions] VGC 2026 Reg M-A",
  "players": [
    "reiboi08",
    "Kao Liang"
  ],
  "log": "|j|\u2606reiboi08\n|j|\u2606Kao Liang\n|t:|1775893108\n|gametype|doubles\n|player|p1|reiboi08|265|1000\n|player|p2|Kao Liang|kieran-champion|1027\n|gen|9\n|tier|[Gen 9 Champions] VGC 2026 Reg M-A\n|rated|\n|rule|Species Clause: Limit one of each Pok\u00e9mon\n|rule|Item Clause: Limit 1 of each item\n|clearpoke\n|poke|p1|Froslass, L50, F|\n|poke|p1|Mamoswine, L50, M|\n|poke|p1|Weavile, L50, M|\n|poke|p1|Incineroar, L50, M|\n|poke|p1|Garchomp, L50, F|\n|poke|p1|Samurott-Hisui, L50, F|\n|poke|p2|Gengar, L50, F|\n|poke|p2|Maushold, L50|\n|poke|p2|Incineroar, L50, M|\n|poke|p2|Archaludon, L50, M|\n|poke|p2|Politoed, L50, F|\n|poke|p2|Basculegion, L50, M|\n|teampreview|4\n|inactive|Battle timer is ON: inactive players will automatically lose when time's up. (requested by reiboi08)\n|\n|t:|1775893140\n|teamsize|p1|4\n|teamsize|p2|4\n|start\n|switch|p1a: Froslass|Froslass, L50, F|100/100\n|switch|p1b: Samurott|Samurott-Hisui, L50, F|100/100\n|switch|p2a: Gengar|Gengar, L50, F|100/100\n|switch|p2b: Incineroar|Incineroar, L50, M|100/100\n|-ability|p2b: Incineroar|Intimidate|boost\n|-unboost|p1a: Froslass|atk|1\n|-unboost|p1b: Samurott|atk|1\n|turn|1\n|\n|t:|1775893161\n|detailschange|p1a: Froslass|Froslass-Mega, L50, F\n|-mega|p1a: Froslass|Froslass|Froslassite\n|-weather|Snowscape|[from] ability: Snow Warning|[of] p1a: Froslass\n|detailschange|p2a: Gengar|Gengar-Mega, L50, F\n|-mega|p2a: Gengar|Gengar|Gengarite\n|move|p2a: Gengar|Protect|p2a: Gengar\n|-singleturn|p2a: Gengar|Protect\n|move|p1a: Froslass|Protect|p1a: Froslass\n|-singleturn|p1a: Froslass|Protect\n|move|p2b: Incineroar|Fake Out|p1b: Samurott\n|-damage|p1b: Samurott|86/100\n|cant|p1b: Samurott|flinch\n|\n|-weather|Snowscape|[upkeep]\n|upkeep\n|turn|2\n|inactive|reiboi08 has 30 seconds left.\n|inactive|reiboi08 has 20 seconds left.\n|\n|t:|1775893197\n|switch|p2a: Politoed|Politoed, L50, F|100/100\n|-weather|RainDance|[from] ability: Drizzle|[of] p2a: Politoed\n|switch|p1a: Garchomp|Garchomp, L50, F|100/100\n|move|p1b: Samurott|Ceaseless Edge|p2a: Politoed\n|-damage|p2a: Politoed|55/100\n|-sidestart|p2: Kao Liang|Spikes\n|move|p2b: Incineroar|Throat Chop|p1a: Garchomp\n|-damage|p1a: Garchomp|74/100\n|-start|p1a: Garchomp|Throat Chop|[silent]\n|-damage|p2b: Incineroar|88/100|[from] ability: Rough Skin|[of] p1a: Garchomp\n|\n|-weather|RainDance|[upkeep]\n|-heal|p2a: Politoed|61/100|[from] item: Leftovers\n|upkeep\n|turn|3\n|inactive|reiboi08 has 30 seconds left.\n|inactive|reiboi08 has 20 seconds left.\n|inactive|reiboi08 has 15 seconds left.\n|\n|t:|1775893237\n|move|p1b: Samurott|Ceaseless Edge|p2a: Politoed\n|-damage|p2a: Politoed|21/100\n|-sidestart|p2: Kao Liang|Spikes\n|move|p1a: Garchomp|Rock Slide|p2b: Incineroar|[spread] p2a,p2b\n|-supereffective|p2b: Incineroar|1\n|-damage|p2a: Politoed|0 fnt\n|-damage|p2b: Incineroar|51/100\n|faint|p2a: Politoed\n|move|p2b: Incineroar|Parting Shot|p1a: Garchomp\n|-unboost|p1a: Garchomp|atk|1\n|-unboost|p1a: Garchomp|spa|1\n|\n|t:|1775893251\n|switch|p2b: Gengar|Gengar-Mega, L50, F|100/100|[from] Parting Shot\n|-damage|p2b: Gengar|84/100|[from] Spikes\n|\n|-weather|RainDance|[upkeep]\n|-end|p1a: Garchomp|Throat Chop|[silent]\n|upkeep\n|\n|t:|1775893256\n|switch|p2a: Incineroar|Incineroar, L50, M|51/100\n|-damage|p2a: Incineroar|35/100|[from] Spikes\n|-ability|p2a: Incineroar|Intimidate|boost\n|-unboost|p1a: Garchomp|atk|1\n|-unboost|p1b: Samurott|atk|1\n|-enditem|p2a: Incineroar|Sitrus Berry|[eat]\n|-heal|p2a: Incineroar|60/100|[from] item: Sitrus Berry\n|turn|4\n|inactive|reiboi08 has 30 seconds left.\n|inactive|reiboi08 has 20 seconds left.\n|inactive|reiboi08 has 15 seconds left.\n|inactive|reiboi08 has 10 seconds left.\n|inactive|Kao Liang has 30 seconds left.\n|\n|t:|1775893305\n|move|p1b: Samurott|Detect|p1b: Samurott\n|-singleturn|p1b: Samurott|Protect\n|move|p2a: Incineroar|Fake Out|p1b: Samurott\n|-activate|p1b: Samurott|move: Protect\n|move|p2b: Gengar|Perish Song|p2b: Gengar\n|-start|p1a: Garchomp|perish3|[silent]\n|-start|p1b: Samurott|perish3|[silent]\n|-start|p2a: Incineroar|perish3|[silent]\n|-start|p2b: Gengar|perish3|[silent]\n|-fieldactivate|move: Perish Song\n|move|p1a: Garchomp|Dragon Tail|p2b: Gengar\n|-damage|p2b: Gengar|65/100\n|drag|p2b: Basculegion|Basculegion, L50, M|100/100\n|-damage|p2b: Basculegion|84/100|[from] Spikes\n|\n|-weather|RainDance|[upkeep]\n|-start|p1b: Samurott|perish3\n|-start|p1a: Garchomp|perish3\n|-start|p2a: Incineroar|perish3\n|upkeep\n|turn|5\n|l|\u2606Kao Liang\n|inactive|Kao Liang disconnected and has a minute to reconnect!\n|player|p2|\n|inactive|Kao Liang has 30 seconds left.\n|inactive|Kao Liang has 20 seconds left.\n|inactive|Kao Liang has 15 seconds left.\n|inactive|Kao Liang has 10 seconds left.\n|inactive|Kao Liang has 5 seconds left.\n|-message|Kao Liang lost due to inactivity.\n|\n|win|reiboi08\n|raw|reiboi08's rating: 1000 &rarr; <strong>1043</strong><br />(+43 for winning)\n|raw|Kao Liang's rating: 1027 &rarr; <strong>1012</strong><br />(-15 for losing)\n",
  "uploadtime": 1775893373,
  "views": 12,
  "formatid": "gen9championsvgc2026regma",
  "rating": 1012,
  "private": 0,
  "password": null
}