{
  "id": "gen9championsvgc2026regma-2582947897",
  "format": "[Gen 9 Champions] VGC 2026 Reg M-A",
  "players": [
    "kuanyou",
    "Jamyrok"
  ],
  "log": "|j|\u2606kuanyou\n|j|\u2606Jamyrok\n|t:|1776127542\n|gametype|doubles\n|player|p1|kuanyou|169|1176\n|player|p2|Jamyrok|2|1210\n|gen|9\n|tier|[Gen 9 Champions] VGC 2026 Reg M-A\n|rated|\n|rule|Species Clause: Limit one of each Pok\u00e9mon\n|rule|Item Clause: Limit 1 of each item\n|clearpoke\n|poke|p1|Scovillain, L50, F|\n|poke|p1|Sneasler, L50, M|\n|poke|p1|Primarina, L50, F|\n|poke|p1|Kingambit, L50, M|\n|poke|p1|Aerodactyl, L50, F|\n|poke|p1|Garchomp, L50, F|\n|poke|p2|Volcarona, L50, M|\n|poke|p2|Kangaskhan, L50, F|\n|poke|p2|Aegislash, L50, M|\n|poke|p2|Milotic, L50, F|\n|poke|p2|Tyranitar, L50, F|\n|poke|p2|Sylveon, L50, M|\n|teampreview|4\nkuanyou has agreed to open team sheets.\n|\n|t:|1776127595\n|teamsize|p1|4\n|teamsize|p2|4\n|start\n|switch|p1a: Scovillain|Scovillain, L50, F|100/100\n|switch|p1b: Primarina|Primarina, L50, F|100/100\n|switch|p2a: Kangaskhan|Kangaskhan, L50, F|100/100\n|switch|p2b: Sylveon|Sylveon, L50, M|100/100\n|turn|1\n|\n|t:|1776127623\n|switch|p2a: Milotic|Milotic, L50, F|100/100\n|move|p1a: Scovillain|Protect|p1a: Scovillain\n|-singleturn|p1a: Scovillain|Protect\n|move|p1b: Primarina|Protect|p1b: Primarina\n|-singleturn|p1b: Primarina|Protect\n|move|p2b: Sylveon|Hyper Voice|p1b: Primarina|[spread] \n|-activate|p1a: Scovillain|move: Protect\n|-activate|p1b: Primarina|move: Protect\n|\n|-ability|p1a: Scovillain|Moody|boost\n|-boost|p1a: Scovillain|def|2\n|-unboost|p1a: Scovillain|spa|1\n|upkeep\n|turn|2\n|\n|t:|1776127652\n|switch|p1a: Garchomp|Garchomp, L50, F|100/100\n|move|p2a: Milotic|Icy Wind|p1b: Primarina|[spread] p1a,p1b\n|-supereffective|p1a: Garchomp|2\n|-resisted|p1b: Primarina|1\n|-damage|p1a: Garchomp|57/100\n|-damage|p1b: Primarina|97/100\n|-unboost|p1a: Garchomp|spe|1\n|-unboost|p1b: Primarina|spe|1\n|move|p2b: Sylveon|Hyper Voice|p1a: Garchomp|[spread] p1a,p1b\n|-supereffective|p1a: Garchomp|1\n|-damage|p1a: Garchomp|0 fnt\n|-damage|p1b: Primarina|51/100\n|faint|p1a: Garchomp\n|move|p1b: Primarina|Calm Mind|p1b: Primarina\n|-boost|p1b: Primarina|spa|1\n|-boost|p1b: Primarina|spd|1\n|\n|-heal|p1b: Primarina|57/100|[from] item: Leftovers\n|upkeep\n|\n|t:|1776127669\n|switch|p1a: Sneasler|Sneasler, L50, M|100/100\n|turn|3\n|\n|t:|1776127681\n|switch|p2b: Aegislash|Aegislash, L50, M|100/100\n|move|p1a: Sneasler|Fake Out|p2b: Aegislash\n|-immune|p2b: Aegislash\n|move|p2a: Milotic|Scald|p1a: Sneasler\n|-damage|p1a: Sneasler|66/100\n|-status|p1a: Sneasler|brn\n|move|p1b: Primarina|Calm Mind|p1b: Primarina\n|-boost|p1b: Primarina|spa|1\n|-boost|p1b: Primarina|spd|1\n|\n|-heal|p1b: Primarina|63/100|[from] item: Leftovers\n|-damage|p1a: Sneasler|60/100 brn|[from] brn\n|upkeep\n|turn|4\n|\n|t:|1776127707\n|move|p1b: Primarina|Protect|p1b: Primarina\n|-singleturn|p1b: Primarina|Protect\n|move|p1a: Sneasler|Coaching|p1b: Primarina\n|-boost|p1b: Primarina|atk|1\n|-boost|p1b: Primarina|def|1\n|move|p2a: Milotic|Scald|p1a: Sneasler\n|-damage|p1a: Sneasler|24/100 brn\n|-formechange|p2b: Aegislash|Aegislash-Blade|\n|move|p2b: Aegislash|Iron Head|p1b: Primarina\n|-activate|p1b: Primarina|move: Protect\n|\n|-heal|p1b: Primarina|69/100|[from] item: Leftovers\n|-damage|p1a: Sneasler|18/100 brn|[from] brn\n|upkeep\n|turn|5\n|\n|t:|1776127733\n|-formechange|p2b: Aegislash|Aegislash|\n|move|p2b: Aegislash|King's Shield|p2b: Aegislash\n|-singleturn|p2b: Aegislash|Protect\n|move|p1a: Sneasler|Coaching|p1b: Primarina\n|-boost|p1b: Primarina|atk|1\n|-boost|p1b: Primarina|def|1\n|move|p2a: Milotic|Scald|p1a: Sneasler\n|-damage|p1a: Sneasler|0 fnt\n|faint|p1a: Sneasler\n|move|p1b: Primarina|Hyper Voice|p2a: Milotic|[spread] p2a\n|-activate|p2b: Aegislash|move: Protect\n|-resisted|p2a: Milotic|1\n|-damage|p2a: Milotic|77/100\n|\n|-heal|p2a: Milotic|83/100|[from] item: Leftovers\n|-heal|p1b: Primarina|75/100|[from] item: Leftovers\n|upkeep\n|\n|t:|1776127748\n|switch|p1a: Scovillain|Scovillain, L50, F|100/100\n|turn|6\n|\n|t:|1776127769\n|move|p1a: Scovillain|Protect|p1a: Scovillain\n|-singleturn|p1a: Scovillain|Protect\n|move|p2b: Aegislash|Wide Guard|p2b: Aegislash\n|-singleturn|p2b: Aegislash|Wide Guard\n|move|p2a: Milotic|Ice Beam|p1a: Scovillain\n|-activate|p1a: Scovillain|move: Protect\n|move|p1b: Primarina|Calm Mind|p1b: Primarina\n|-boost|p1b: Primarina|spa|1\n|-boost|p1b: Primarina|spd|1\n|\n|-heal|p2a: Milotic|89/100|[from] item: Leftovers\n|-heal|p1b: Primarina|81/100|[from] item: Leftovers\n|-ability|p1a: Scovillain|Moody|boost\n|-boost|p1a: Scovillain|def|2\n|-unboost|p1a: Scovillain|spa|1\n|upkeep\n|turn|7\n|\n|t:|1776127797\n|detailschange|p1a: Scovillain|Scovillain-Mega, L50, F\n|-mega|p1a: Scovillain|Scovillain|Scovillainite\n|move|p2b: Aegislash|King's Shield||[still]\n|-fail|p2b: Aegislash\n|move|p2a: Milotic|Ice Beam|p1a: Scovillain\n|-damage|p1a: Scovillain|79/100\n|-status|p2a: Milotic|brn|[from] ability: Spicy Spray|[of] p1a: Scovillain\n|move|p1a: Scovillain|Flamethrower|p2b: Aegislash\n|-supereffective|p2b: Aegislash|1\n|-damage|p2b: Aegislash|57/100\n|move|p1b: Primarina|Hyper Voice|p2b: Aegislash|[spread] p2a,p2b\n|-resisted|p2a: Milotic|1\n|-damage|p2a: Milotic|56/100 brn\n|-damage|p2b: Aegislash|0 fnt\n|faint|p2b: Aegislash\n|\n|-heal|p2a: Milotic|62/100 brn|[from] item: Leftovers\n|-heal|p1b: Primarina|87/100|[from] item: Leftovers\n|-damage|p2a: Milotic|56/100 brn|[from] brn\n|upkeep\n|\n|t:|1776127817\n|switch|p2b: Sylveon|Sylveon, L50, M|100/100\n|turn|8\n|inactive|Battle timer is ON: inactive players will automatically lose when time's up. (requested by kuanyou)\n|\n|t:|1776127829\n|move|p2a: Milotic|Scald|p1a: Scovillain\n|-damage|p1a: Scovillain|55/100\n|move|p1a: Scovillain|Leech Seed|p2a: Milotic\n|-start|p2a: Milotic|move: Leech Seed\n|move|p2b: Sylveon|Hyper Voice|p1a: Scovillain|[spread] p1a,p1b\n|-resisted|p1a: Scovillain|1\n|-damage|p1a: Scovillain|31/100\n|-damage|p1b: Primarina|71/100\n|-status|p2b: Sylveon|brn|[from] ability: Spicy Spray|[of] p1a: Scovillain\n|move|p1b: Primarina|Hyper Voice|p2b: Sylveon|[spread] p2a,p2b\n|-resisted|p2a: Milotic|1\n|-damage|p2a: Milotic|29/100 brn\n|-damage|p2b: Sylveon|38/100 brn\n|\n|-heal|p2a: Milotic|35/100 brn|[from] item: Leftovers\n|-heal|p1b: Primarina|76/100|[from] item: Leftovers\n|-damage|p2a: Milotic|22/100 brn|[from] Leech Seed|[of] p1a: Scovillain\n|-heal|p1a: Scovillain|46/100|[silent]\n|-damage|p2a: Milotic|16/100 brn|[from] brn\n|-damage|p2b: Sylveon|32/100 brn|[from] brn\n|upkeep\n|turn|9\n|inactive|kuanyou has 30 seconds left.\n|-message|Jamyrok forfeited.\n|\n|win|kuanyou\n|raw|kuanyou's rating: 1176 &rarr; <strong>1203</strong><br />(+27 for winning)\n|raw|Jamyrok's rating: 1210 &rarr; <strong>1183</strong><br />(-27 for losing)\n",
  "uploadtime": 1776127858,
  "views": 13,
  "formatid": "gen9championsvgc2026regma",
  "rating": 1183,
  "private": 0,
  "password": null
}