{
  "id": "gen9championsvgc2026regma-2583300850",
  "format": "[Gen 9 Champions] VGC 2026 Reg M-A",
  "players": [
    "Solaris231231",
    "martysarc"
  ],
  "log": "|j|\u2606Solaris231231\n|j|\u2606martysarc\n|t:|1776164741\n|gametype|doubles\n|player|p1|Solaris231231|265|1276\n|player|p2|martysarc|roxie|1201\n|gen|9\n|tier|[Gen 9 Champions] VGC 2026 Reg M-A\n|rated|\n|rule|Species Clause: Limit one of each Pok\u00e9mon\n|rule|Item Clause: Limit 1 of each item\n|clearpoke\n|poke|p1|Scovillain, L50, F|\n|poke|p1|Garchomp, L50, M|\n|poke|p1|Kingambit, L50, M|\n|poke|p1|Primarina, L50, M|\n|poke|p1|Sneasler, L50, M|\n|poke|p1|Aerodactyl, L50, M|\n|poke|p2|Golurk, L50|\n|poke|p2|Farigiraf, L50, M|\n|poke|p2|Incineroar, L50, M|\n|poke|p2|Sneasler, L50, M|\n|poke|p2|Torkoal, L50, M|\n|poke|p2|Venusaur, L50, F|\n|teampreview|4\nmartysarc rejected open team sheets.\n|\n|t:|1776164797\n|teamsize|p1|4\n|teamsize|p2|4\n|start\n|switch|p1a: Scovillain|Scovillain, L50, F|100/100\n|switch|p1b: Aerodactyl|Aerodactyl, L50, M|100/100\n|switch|p2a: Torkoal|Torkoal, L50, M|100/100\n|switch|p2b: Venusaur|Venusaur, L50, F|100/100\n|-ability|p1b: Aerodactyl|Unnerve\n|-weather|SunnyDay|[from] ability: Drought|[of] p2a: Torkoal\n|turn|1\n|\n|t:|1776164851\n|move|p1b: Aerodactyl|Wide Guard|p1b: Aerodactyl\n|-singleturn|p1b: Aerodactyl|Wide Guard\n|move|p2b: Venusaur|Sludge Bomb|p1a: Scovillain\n|-supereffective|p1a: Scovillain|1\n|-damage|p1a: Scovillain|0 fnt\n|faint|p1a: Scovillain\n|move|p2a: Torkoal|Eruption|p1b: Aerodactyl\n|-activate|p1b: Aerodactyl|move: Wide Guard\n|\n|-weather|SunnyDay|[upkeep]\n|upkeep\n|\n|t:|1776164862\n|switch|p1a: Garchomp|Garchomp, L50, M, shiny|100/100\n|turn|2\n|\n|t:|1776164882\n|move|p2a: Torkoal|Protect|p2a: Torkoal\n|-singleturn|p2a: Torkoal|Protect\n|move|p2b: Venusaur|Sleep Powder|p1a: Garchomp|[miss]\n|-miss|p2b: Venusaur|p1a: Garchomp\n|move|p1b: Aerodactyl|Tailwind|p1b: Aerodactyl\n|-sidestart|p1: Solaris231231|move: Tailwind\n|move|p1a: Garchomp|Stomping Tantrum|p2a: Torkoal\n|-activate|p2a: Torkoal|move: Protect\n|\n|-weather|SunnyDay|[upkeep]\n|upkeep\n|turn|3\n|\n|t:|1776164913\n|move|p1b: Aerodactyl|Rock Slide|p2b: Venusaur|[spread] p2a,p2b\n|-supereffective|p2a: Torkoal|1\n|-damage|p2a: Torkoal|62/100\n|-damage|p2b: Venusaur|67/100\n|move|p1a: Garchomp|Rock Slide|p2b: Venusaur|[spread] p2a,p2b\n|-supereffective|p2a: Torkoal|1\n|-crit|p2b: Venusaur\n|-damage|p2a: Torkoal|30/100\n|-damage|p2b: Venusaur|30/100\n|move|p2b: Venusaur|Sleep Powder|p1a: Garchomp\n|-status|p1a: Garchomp|slp|[from] move: Sleep Powder\n|cant|p2a: Torkoal|flinch\n|\n|-weather|SunnyDay|[upkeep]\n|upkeep\n|turn|4\n|inactive|Battle timer is ON: inactive players will automatically lose when time's up. (requested by Solaris231231)\n|\n|t:|1776164948\n|switch|p2b: Golurk|Golurk, L50|100/100\n|move|p2a: Torkoal|Protect|p2a: Torkoal\n|-singleturn|p2a: Torkoal|Protect\n|move|p1b: Aerodactyl|Dual Wingbeat|p2b: Golurk\n|-damage|p2b: Golurk|82/100\n|-damage|p2b: Golurk|64/100\n|-hitcount|p2b: Golurk|2\n|cant|p1a: Garchomp|slp\n|\n|-weather|SunnyDay|[upkeep]\n|upkeep\n|turn|5\n|\n|t:|1776164970\n|detailschange|p2b: Golurk|Golurk-Mega, L50\n|-mega|p2b: Golurk|Golurk|Golurkite\n|move|p1b: Aerodactyl|Rock Slide|p2a: Torkoal|[spread] p2b\n|-miss|p1b: Aerodactyl|p2a: Torkoal\n|-resisted|p2b: Golurk|1\n|-damage|p2b: Golurk|53/100\n|cant|p1a: Garchomp|slp\n|move|p2b: Golurk|Ice Punch|p1a: Garchomp\n|-supereffective|p1a: Garchomp|2\n|-damage|p1a: Garchomp|0 fnt\n|faint|p1a: Garchomp\n|move|p2a: Torkoal|Heat Wave|p1b: Aerodactyl\n|-resisted|p1b: Aerodactyl|1\n|-damage|p1b: Aerodactyl|49/100\n|\n|-weather|none\n|-sideend|p1: Solaris231231|move: Tailwind\n|upkeep\n|\n|t:|1776164983\n|switch|p1a: Primarina|Primarina, L50, M|100/100\n|turn|6\n|inactive|martysarc has 30 seconds left.\n|\n|t:|1776165011\n|switch|p2b: Venusaur|Venusaur, L50, F|30/100\n|move|p2a: Torkoal|Protect|p2a: Torkoal\n|-singleturn|p2a: Torkoal|Protect\n|move|p1b: Aerodactyl|Tailwind|p1b: Aerodactyl\n|-sidestart|p1: Solaris231231|move: Tailwind\n|move|p1a: Primarina|Hyper Voice|p2b: Venusaur|[spread] p2b\n|-activate|p2a: Torkoal|move: Protect\n|-resisted|p2b: Venusaur|1\n|-damage|p2b: Venusaur|9/100\n|\n|upkeep\n|turn|7\n|\n|t:|1776165032\n|move|p2b: Venusaur|Protect|p2b: Venusaur\n|-singleturn|p2b: Venusaur|Protect\n|move|p1b: Aerodactyl|Rock Slide|p2a: Torkoal|[spread] p2a\n|-activate|p2b: Venusaur|move: Protect\n|-supereffective|p2a: Torkoal|1\n|-crit|p2a: Torkoal\n|-damage|p2a: Torkoal|0 fnt\n|faint|p2a: Torkoal\n|move|p1a: Primarina|Hyper Voice|p2b: Venusaur\n|-activate|p2b: Venusaur|move: Protect\n|\n|upkeep\n|\n|t:|1776165046\n|switch|p2a: Sneasler|Sneasler, L50, M|100/100\n|turn|8\n|inactive|martysarc has 30 seconds left.\n|\n|t:|1776165074\n|move|p2a: Sneasler|Fake Out|p1b: Aerodactyl\n|-resisted|p1b: Aerodactyl|1\n|-damage|p1b: Aerodactyl|37/100\n|cant|p1b: Aerodactyl|flinch\n|move|p1a: Primarina|Hyper Voice|p2b: Venusaur|[spread] p2a,p2b\n|-resisted|p2b: Venusaur|1\n|-damage|p2a: Sneasler|50/100\n|-damage|p2b: Venusaur|0 fnt\n|faint|p2b: Venusaur\n|\n|upkeep\n|\n|t:|1776165080\n|switch|p2b: Golurk|Golurk-Mega, L50|53/100\n|turn|9\n|\n|t:|1776165089\n|move|p1b: Aerodactyl|Dual Wingbeat|p2a: Sneasler\n|-supereffective|p2a: Sneasler|1\n|-damage|p2a: Sneasler|0 fnt\n|faint|p2a: Sneasler\n|-hitcount|p2: Sneasler|1\n|move|p1a: Primarina|Hyper Voice|p2b: Golurk\n|-supereffective|p2b: Golurk|1\n|-damage|p2b: Golurk|0 fnt\n|faint|p2b: Golurk\n|\n|win|Solaris231231\n|raw|Solaris231231's rating: 1276 &rarr; <strong>1296</strong><br />(+20 for winning)\n|raw|martysarc's rating: 1201 &rarr; <strong>1181</strong><br />(-20 for losing)\n|c|\u2606martysarc|gg\n|c|\u2606Solaris231231|gg\n|l|\u2606martysarc\n|player|p2|\n",
  "uploadtime": 1776165162,
  "views": 15,
  "formatid": "gen9championsvgc2026regma",
  "rating": 1181,
  "private": 0,
  "password": null
}