{
  "id": "gen9championsvgc2026regma-2588320823",
  "format": "[Gen 9 Champions] VGC 2026 Reg M-A",
  "players": [
    "ChronicNikos",
    "Burroughs"
  ],
  "log": "|j|\u2606ChronicNikos\n|j|\u2606Burroughs\n|t:|1776623875\n|gametype|doubles\n|player|p1|ChronicNikos|cynthia-gen4|1483\n|player|p2|Burroughs|1|1519\n|gen|9\n|tier|[Gen 9 Champions] VGC 2026 Reg M-A\n|rated|\n|rule|Species Clause: Limit one of each Pok\u00e9mon\n|rule|Item Clause: Limit 1 of each item\n|clearpoke\n|poke|p1|Gengar, L50, F, shiny|\n|poke|p1|Incineroar, L50, M|\n|poke|p1|Politoed, L50, M|\n|poke|p1|Archaludon, L50, F|\n|poke|p1|Basculegion, L50, M|\n|poke|p1|Meganium, L50, M|\n|poke|p2|Floette-Eternal, L50, F, shiny|\n|poke|p2|Incineroar, L50, M|\n|poke|p2|Kommo-o, L50, M|\n|poke|p2|Sneasler, L50, M|\n|poke|p2|Rotom-Wash, L50|\n|poke|p2|Aegislash, L50, F|\n|teampreview|4\nChronicNikos rejected open team sheets.\n|inactive|Battle timer is ON: inactive players will automatically lose when time's up. (requested by ChronicNikos)\n|\n|t:|1776623927\n|teamsize|p1|4\n|teamsize|p2|4\n|start\n|switch|p1a: AllThingsMustDie|Gengar, L50, F, shiny|100/100\n|switch|p1b: I Burn|Incineroar, L50, M|100/100\n|switch|p2a: Rotom|Rotom-Wash, L50|100/100\n|switch|p2b: Floette|Floette-Eternal, L50, F, shiny|100/100\n|-ability|p1b: I Burn|Intimidate|boost\n|-unboost|p2a: Rotom|atk|1\n|-unboost|p2b: Floette|atk|1\n|turn|1\n|\n|t:|1776623951\n|detailschange|p1a: AllThingsMustDie|Gengar-Mega, L50, F, shiny\n|-mega|p1a: AllThingsMustDie|Gengar|Gengarite\n|detailschange|p2b: Floette|Floette-Mega, L50, F, shiny\n|-mega|p2b: Floette|Floette|Floettite\n|-ability|p2b: Floette|Fairy Aura\n|move|p1b: I Burn|Fake Out|p2b: Floette\n|-damage|p2b: Floette|91/100\n|move|p2a: Rotom|Electroweb|p1a: AllThingsMustDie|[spread] p1a,p1b\n|-damage|p1a: AllThingsMustDie|81/100\n|-damage|p1b: I Burn|87/100\n|-unboost|p1a: AllThingsMustDie|spe|1\n|-unboost|p1b: I Burn|spe|1\n|cant|p2b: Floette|flinch\n|move|p1a: AllThingsMustDie|Perish Song|p1a: AllThingsMustDie\n|-start|p1a: AllThingsMustDie|perish3|[silent]\n|-start|p1b: I Burn|perish3|[silent]\n|-start|p2a: Rotom|perish3|[silent]\n|-start|p2b: Floette|perish3|[silent]\n|-fieldactivate|move: Perish Song\n|\n|-start|p2a: Rotom|perish3\n|-start|p2b: Floette|perish3\n|-start|p1a: AllThingsMustDie|perish3\n|-start|p1b: I Burn|perish3\n|upkeep\n|turn|2\n|\n|t:|1776623970\n|move|p1a: AllThingsMustDie|Protect|p1a: AllThingsMustDie\n|-singleturn|p1a: AllThingsMustDie|Protect\n|move|p1b: I Burn|Protect|p1b: I Burn\n|-singleturn|p1b: I Burn|Protect\n|move|p2a: Rotom|Electroweb|p1a: AllThingsMustDie|[spread] \n|-activate|p1a: AllThingsMustDie|move: Protect\n|-activate|p1b: I Burn|move: Protect\n|move|p2b: Floette|Moonblast|p1b: I Burn\n|-activate|p1b: I Burn|move: Protect\n|\n|-start|p2a: Rotom|perish2\n|-start|p2b: Floette|perish2\n|-start|p1a: AllThingsMustDie|perish2\n|-start|p1b: I Burn|perish2\n|upkeep\n|turn|3\n|\n|t:|1776623993\n|switch|p1a: Due Process|Archaludon, L50, F|100/100\n|move|p2a: Rotom|Electroweb|p1b: I Burn|[spread] p1b\n|-miss|p2a: Rotom|p1a: Due Process\n|-damage|p1b: I Burn|74/100\n|-unboost|p1b: I Burn|spe|1\n|move|p2b: Floette|Moonblast|p1b: I Burn\n|-damage|p1b: I Burn|21/100\n|-unboost|p1b: I Burn|spa|1\n|-enditem|p1b: I Burn|Sitrus Berry|[eat]\n|-heal|p1b: I Burn|46/100|[from] item: Sitrus Berry\n|move|p1b: I Burn|Parting Shot|p2b: Floette\n|-unboost|p2b: Floette|atk|1\n|-unboost|p2b: Floette|spa|1\n|\n|t:|1776624008\n|switch|p1b: AllThingsMustDie|Gengar-Mega, L50, F, shiny|81/100|[from] Parting Shot\n|\n|-start|p2a: Rotom|perish1\n|-start|p2b: Floette|perish1\n|upkeep\n|turn|4\n|\n|t:|1776624018\n|move|p1b: AllThingsMustDie|Protect|p1b: AllThingsMustDie\n|-singleturn|p1b: AllThingsMustDie|Protect\n|move|p1a: Due Process|Protect|p1a: Due Process\n|-singleturn|p1a: Due Process|Protect\n|move|p2a: Rotom|Electroweb|p1b: AllThingsMustDie|[spread] \n|-activate|p1a: Due Process|move: Protect\n|-activate|p1b: AllThingsMustDie|move: Protect\n|move|p2b: Floette|Moonblast|p1a: Due Process\n|-activate|p1a: Due Process|move: Protect\n|\n|-start|p2a: Rotom|perish0\n|-start|p2b: Floette|perish0\n|faint|p2a: Rotom\n|faint|p2b: Floette\n|upkeep\n|\n|t:|1776624023\n|switch|p2a: Kommo-o|Kommo-o, L50, M|100/100\n|switch|p2b: Aegislash|Aegislash, L50, F|100/100\n|turn|5\n|\n|t:|1776624046\n|move|p2a: Kommo-o|Protect|p2a: Kommo-o\n|-singleturn|p2a: Kommo-o|Protect\n|move|p1b: AllThingsMustDie|Perish Song|p1b: AllThingsMustDie\n|-start|p1a: Due Process|perish3|[silent]\n|-start|p1b: AllThingsMustDie|perish3|[silent]\n|-immune|p2a: Kommo-o|[from] ability: Soundproof\n|-start|p2b: Aegislash|perish3|[silent]\n|-fieldactivate|move: Perish Song\n|move|p1a: Due Process|Draco Meteor|p2a: Kommo-o\n|-activate|p2a: Kommo-o|move: Protect\n|-formechange|p2b: Aegislash|Aegislash-Blade|\n|move|p2b: Aegislash|Poltergeist|p1b: AllThingsMustDie\n|-activate|p1b: AllThingsMustDie|move: Poltergeist|Gengarite\n|-supereffective|p1b: AllThingsMustDie|1\n|-damage|p1b: AllThingsMustDie|0 fnt\n|faint|p1b: AllThingsMustDie\n|\n|-start|p1a: Due Process|perish3\n|-start|p2b: Aegislash|perish3\n|upkeep\n|inactive|ChronicNikos has 30 seconds left.\n|\n|t:|1776624081\n|switch|p1b: I Burn|Incineroar, L50, M|46/100\n|-ability|p1b: I Burn|Intimidate|boost\n|-unboost|p2a: Kommo-o|atk|1\n|-unboost|p2b: Aegislash|atk|1\n|turn|6\n|\n|t:|1776624093\n|move|p1b: I Burn|Fake Out|p2a: Kommo-o\n|-damage|p2a: Kommo-o|91/100\n|cant|p2a: Kommo-o|flinch\n|move|p1a: Due Process|Draco Meteor|p2a: Kommo-o\n|-supereffective|p2a: Kommo-o|1\n|-damage|p2a: Kommo-o|0 fnt\n|-unboost|p1a: Due Process|spa|2\n|faint|p2a: Kommo-o\n|move|p2b: Aegislash|Poltergeist|p1a: Due Process\n|-activate|p1a: Due Process|move: Poltergeist|Chople Berry\n|-damage|p1a: Due Process|60/100\n|-ability|p1a: Due Process|Stamina|boost\n|-boost|p1a: Due Process|def|1\n|\n|-start|p1a: Due Process|perish2\n|-start|p2b: Aegislash|perish2\n|upkeep\n|turn|7\n|-message|Burroughs forfeited.\n|\n|win|ChronicNikos\n|raw|ChronicNikos's rating: 1483 &rarr; <strong>1505</strong><br />(+22 for winning)\n|raw|Burroughs's rating: 1519 &rarr; <strong>1497</strong><br />(-22 for losing)\n|l|\u2606Burroughs\n|player|p2|\n",
  "uploadtime": 1776624121,
  "views": 11,
  "formatid": "gen9championsvgc2026regma",
  "rating": 1497,
  "private": 0,
  "password": null
}