{
  "id": "gen9championsvgc2026regma-2583283834",
  "format": "[Gen 9 Champions] VGC 2026 Reg M-A",
  "players": [
    "arachnid pie",
    "daterew"
  ],
  "log": "|j|\u2606arachnid pie\n|j|\u2606daterew\n|t:|1776163030\n|gametype|doubles\n|player|p1|arachnid pie|101|1089\n|player|p2|daterew|veteran-gen4|1000\n|gen|9\n|tier|[Gen 9 Champions] VGC 2026 Reg M-A\n|rated|\n|rule|Species Clause: Limit one of each Pok\u00e9mon\n|rule|Item Clause: Limit 1 of each item\n|clearpoke\n|poke|p1|Primarina, L50, M|\n|poke|p1|Toxapex, L50, M|\n|poke|p1|Froslass, L50, F|\n|poke|p1|Typhlosion, L50, M|\n|poke|p1|Krookodile, L50, F|\n|poke|p1|Ninetales-Alola, L50, M|\n|poke|p2|Raichu, L50, M|\n|poke|p2|Pidgeot, L50, M|\n|poke|p2|Houndoom, L50, F|\n|poke|p2|Palafin, L50, M|\n|poke|p2|Skarmory, L50, M|\n|poke|p2|Samurott-Hisui, L50, M|\n|teampreview|4\narachnid pie has agreed to open team sheets.\ndaterew rejected open team sheets.\n|\n|t:|1776163100\n|teamsize|p1|4\n|teamsize|p2|4\n|start\n|switch|p1a: Typhlosion|Typhlosion, L50, M|100/100\n|switch|p1b: Krookodile|Krookodile, L50, F|100/100\n|switch|p2a: Sparkie|Raichu, L50, M, shiny|100/100\n|switch|p2b: Fron-ta|Palafin, L50, M|100/100\n|-ability|p1b: Krookodile|Intimidate|boost\n|-unboost|p2a: Sparkie|atk|1\n|-unboost|p2b: Fron-ta|atk|1\n|turn|1\n|\n|t:|1776163145\n|switch|p1b: Ninetales|Ninetales-Alola, L50, M|100/100\n|-weather|Snowscape|[from] ability: Snow Warning|[of] p1b: Ninetales\n|move|p1a: Typhlosion|Protect|p1a: Typhlosion\n|-singleturn|p1a: Typhlosion|Protect\n|move|p2a: Sparkie|Fake Out|p1a: Typhlosion\n|-activate|p1a: Typhlosion|move: Protect\n|move|p2b: Fron-ta|Flip Turn|p1b: Ninetales\n|-crit|p1b: Ninetales\n|-damage|p1b: Ninetales|61/100\n|\n|t:|1776163170\n|detailschange|p2b: Fron-ta|Palafin-Hero, L50, M\n|switch|p2b: Pidgeot|Pidgeot, L50, M|100/100|[from] Flip Turn\n|\n|-weather|Snowscape|[upkeep]\n|upkeep\n|turn|2\n|\n|t:|1776163186\n|detailschange|p2b: Pidgeot|Pidgeot-Mega, L50, M\n|-mega|p2b: Pidgeot|Pidgeot|Pidgeotite\n|move|p2b: Pidgeot|Hurricane|p1b: Ninetales\n|-damage|p1b: Ninetales|0 fnt\n|faint|p1b: Ninetales\n|move|p2a: Sparkie|Encore|p1a: Typhlosion\n|-start|p1a: Typhlosion|Encore\n|move|p1a: Typhlosion|Protect||[still]\n|-fail|p1a: Typhlosion\n|\n|-weather|Snowscape|[upkeep]\n|upkeep\n|\n|t:|1776163194\n|switch|p1b: Froslass|Froslass, L50, F|100/100\n|turn|3\n|\n|t:|1776163209\n|detailschange|p1b: Froslass|Froslass-Mega, L50, F\n|-mega|p1b: Froslass|Froslass|Froslassite\n|move|p2b: Pidgeot|Protect|p2b: Pidgeot\n|-singleturn|p2b: Pidgeot|Protect\n|move|p1a: Typhlosion|Protect|p1a: Typhlosion\n|-singleturn|p1a: Typhlosion|Protect\n|move|p2a: Sparkie|Volt Switch|p1b: Froslass\n|-crit|p1b: Froslass\n|-damage|p1b: Froslass|44/100\n|\n|t:|1776163218\n|switch|p2a: Fron-ta|Palafin-Hero, L50, M|100/100|[from] Volt Switch\n|-activate|p2a: Fron-ta|ability: Zero to Hero\n|move|p1b: Froslass|Blizzard|p2b: Pidgeot|[spread] p2a\n|-activate|p2b: Pidgeot|move: Protect\n|-resisted|p2a: Fron-ta|1\n|-damage|p2a: Fron-ta|75/100\n|\n|-weather|Snowscape|[upkeep]\n|upkeep\n|turn|4\n|\n|t:|1776163231\n|move|p1a: Typhlosion|Protect|p1a: Typhlosion\n|-singleturn|p1a: Typhlosion|Protect\n|move|p2b: Pidgeot|Hurricane|p1b: Froslass\n|-damage|p1b: Froslass|0 fnt\n|faint|p1b: Froslass\n|move|p2a: Fron-ta|Wave Crash|p1a: Typhlosion\n|-activate|p1a: Typhlosion|move: Protect\n|\n|-weather|Snowscape|[upkeep]\n|-end|p1a: Typhlosion|Encore\n|upkeep\n|\n|t:|1776163240\n|switch|p1b: Krookodile|Krookodile, L50, F|100/100\n|-ability|p1b: Krookodile|Intimidate|boost\n|-unboost|p2a: Fron-ta|atk|1\n|-unboost|p2b: Pidgeot|atk|1\n|turn|5\n|c|\u2606daterew|gg\n|\n|t:|1776163254\n|move|p1b: Krookodile|Close Combat|p2a: Fron-ta\n|-damage|p2a: Fron-ta|40/100\n|-unboost|p1b: Krookodile|def|1\n|-unboost|p1b: Krookodile|spd|1\n|move|p2b: Pidgeot|Hurricane|p1a: Typhlosion\n|-damage|p1a: Typhlosion|23/100\n|move|p1a: Typhlosion|Eruption|p2b: Pidgeot|[spread] p2a,p2b\n|-resisted|p2a: Fron-ta|1\n|-damage|p2a: Fron-ta|32/100\n|-damage|p2b: Pidgeot|78/100\n|move|p2a: Fron-ta|Flip Turn|p1a: Typhlosion\n|-supereffective|p1a: Typhlosion|1\n|-damage|p1a: Typhlosion|0 fnt\n|faint|p1a: Typhlosion\n|-message|arachnid pie forfeited.\n|\n|win|daterew\n|raw|arachnid pie's rating: 1089 &rarr; <strong>1060</strong><br />(-29 for losing)\n|raw|daterew's rating: 1000 &rarr; <strong>1050</strong><br />(+50 for winning)\n|l|\u2606arachnid pie\n|player|p1|\n",
  "uploadtime": 1776163273,
  "views": 19,
  "formatid": "gen9championsvgc2026regma",
  "rating": 1050,
  "private": 0,
  "password": null
}