{
  "id": "gen9championsvgc2026regma-2584203019",
  "format": "[Gen 9 Champions] VGC 2026 Reg M-A",
  "players": [
    "O1L2",
    "namboshddc"
  ],
  "log": "|j|\u2606O1L2\n|j|\u2606namboshddc\n|t:|1776237744\n|gametype|doubles\n|player|p1|O1L2|101|1040\n|player|p2|namboshddc|wattson|1048\n|gen|9\n|tier|[Gen 9 Champions] VGC 2026 Reg M-A\n|rated|\n|rule|Species Clause: Limit one of each Pok\u00e9mon\n|rule|Item Clause: Limit 1 of each item\n|clearpoke\n|poke|p1|Dragonite, L50, F|\n|poke|p1|Archaludon, L50, M|\n|poke|p1|Basculegion, L50, M|\n|poke|p1|Incineroar, L50, M|\n|poke|p1|Sneasler, L50, M|\n|poke|p1|Politoed, L50, M|\n|poke|p2|Floette-Eternal, L50, F|\n|poke|p2|Incineroar, L50, M|\n|poke|p2|Dragonite, L50, F|\n|poke|p2|Sneasler, L50, F|\n|poke|p2|Basculegion, L50, M|\n|poke|p2|Scizor, L50, F|\n|teampreview|4\n|inactive|Battle timer is ON: inactive players will automatically lose when time's up. (requested by namboshddc)\nnamboshddc has agreed to open team sheets.\n|\n|t:|1776237770\n|teamsize|p1|4\n|teamsize|p2|4\n|start\n|switch|p1a: Politoed|Politoed, L50, M|100/100\n|switch|p1b: Dragonite|Dragonite, L50, F, shiny|100/100\n|switch|p2a: Incineroar|Incineroar, L50, M|100/100\n|switch|p2b: Dragonite|Dragonite, L50, F|100/100\n|-weather|RainDance|[from] ability: Drizzle|[of] p1a: Politoed\n|-ability|p2a: Incineroar|Intimidate|boost\n|-unboost|p1a: Politoed|atk|1\n|-unboost|p1b: Dragonite|atk|1\n|turn|1\n|inactive|O1L2 has 30 seconds left.\n|inactive|O1L2 has 20 seconds left.\n|inactive|O1L2 has 15 seconds left.\n|inactive|O1L2 has 10 seconds left.\n|\n|t:|1776237819\n|detailschange|p1b: Dragonite|Dragonite-Mega, L50, F, shiny\n|-mega|p1b: Dragonite|Dragonite|Dragoninite\n|move|p2a: Incineroar|Fake Out|p1b: Dragonite\n|-damage|p1b: Dragonite|96/100\n|move|p2b: Dragonite|Scale Shot|p1b: Dragonite\n|-supereffective|p1b: Dragonite|1\n|-damage|p1b: Dragonite|72/100\n|-supereffective|p1b: Dragonite|1\n|-damage|p1b: Dragonite|50/100\n|-supereffective|p1b: Dragonite|1\n|-damage|p1b: Dragonite|26/100\n|-hitcount|p1b: Dragonite|3\n|-unboost|p2b: Dragonite|def|1\n|-boost|p2b: Dragonite|spe|1\n|-enditem|p2b: Dragonite|White Herb\n|-clearnegativeboost|p2b: Dragonite|[silent]\n|cant|p1b: Dragonite|flinch\n|move|p1a: Politoed|Icy Wind|p2a: Incineroar|[spread] p2b\n|-miss|p1a: Politoed|p2a: Incineroar\n|-supereffective|p2b: Dragonite|2\n|-damage|p2b: Dragonite|80/100\n|-unboost|p2b: Dragonite|spe|1\n|\n|-weather|RainDance|[upkeep]\n|upkeep\n|turn|2\n|inactive|O1L2 has 30 seconds left.\n|inactive|namboshddc has 30 seconds left.\n|inactive|O1L2 has 20 seconds left.\n|inactive|O1L2 has 15 seconds left.\n|inactive|O1L2 has 10 seconds left.\n|\n|t:|1776237865\n|switch|p1b: Archaludon|Archaludon, L50, M|100/100\n|move|p2b: Dragonite|Tailwind|p2b: Dragonite\n|-sidestart|p2: namboshddc|move: Tailwind\n|move|p2a: Incineroar|Darkest Lariat|p1b: Archaludon\n|-damage|p1b: Archaludon|76/100\n|-ability|p1b: Archaludon|Stamina|boost\n|-boost|p1b: Archaludon|def|1\n|move|p1a: Politoed|Icy Wind|p2a: Incineroar|[spread] p2a,p2b\n|-resisted|p2a: Incineroar|1\n|-supereffective|p2b: Dragonite|2\n|-damage|p2a: Incineroar|97/100\n|-damage|p2b: Dragonite|42/100\n|-unboost|p2a: Incineroar|spe|1\n|-unboost|p2b: Dragonite|spe|1\n|\n|-weather|RainDance|[upkeep]\n|-heal|p1b: Archaludon|82/100|[from] item: Leftovers\n|upkeep\n|turn|3\n|inactive|O1L2 has 30 seconds left.\n|inactive|O1L2 has 20 seconds left.\n|\n|t:|1776237904\n|move|p2b: Dragonite|Scale Shot|p1a: Politoed\n|-damage|p1a: Politoed|88/100\n|-damage|p1a: Politoed|75/100\n|-damage|p1a: Politoed|61/100\n|-hitcount|p1a: Politoed|3\n|-unboost|p2b: Dragonite|def|1\n|-boost|p2b: Dragonite|spe|1\n|move|p2a: Incineroar|Parting Shot|p1b: Archaludon\n|-unboost|p1b: Archaludon|atk|1\n|-unboost|p1b: Archaludon|spa|1\n|\n|t:|1776237915\n|switch|p2a: Floette|Floette-Eternal, L50, F|100/100|[from] Parting Shot\n|move|p1b: Archaludon|Electro Shot||[still]\n|-prepare|p1b: Archaludon|Electro Shot\n|-boost|p1b: Archaludon|spa|1\n|-anim|p1b: Archaludon|Electro Shot|p2b: Dragonite\n|-damage|p2b: Dragonite|0 fnt\n|faint|p2b: Dragonite\n|move|p1a: Politoed|Icy Wind|p2a: Floette\n|-damage|p2a: Floette|89/100\n|-unboost|p2a: Floette|spe|1\n|\n|-weather|RainDance|[upkeep]\n|-heal|p1b: Archaludon|88/100|[from] item: Leftovers\n|upkeep\n|\n|t:|1776237932\n|switch|p2b: Basculegion|Basculegion, L50, M|100/100\n|turn|4\n|\n|t:|1776237946\n|detailschange|p2a: Floette|Floette-Mega, L50, F\n|-mega|p2a: Floette|Floette|Floettite\n|-ability|p2a: Floette|Fairy Aura\n|move|p1a: Politoed|Helping Hand|p1b: Archaludon\n|-singleturn|p1b: Archaludon|Helping Hand|[of] p1a: Politoed\n|move|p2b: Basculegion|Last Respects|p1a: Politoed\n|-damage|p1a: Politoed|2/100\n|move|p2a: Floette|Moonblast|p1b: Archaludon\n|-damage|p1b: Archaludon|0 fnt\n|faint|p1b: Archaludon\n|\n|-weather|RainDance|[upkeep]\n|upkeep\n|inactive|O1L2 has 30 seconds left.\n|inactive|O1L2 has 20 seconds left.\n|inactive|O1L2 has 15 seconds left.\n|inactive|O1L2 has 10 seconds left.\n|inactive|O1L2 has 5 seconds left.\n|\n|t:|1776238002\n|switch|p1b: Incineroar|Incineroar, L50, M|100/100\n|-ability|p1b: Incineroar|Intimidate|boost\n|-unboost|p2a: Floette|atk|1\n|-unboost|p2b: Basculegion|atk|1\n|turn|5\n|\n|t:|1776238022\n|switch|p2b: Incineroar|Incineroar, L50, M|97/100\n|-ability|p2b: Incineroar|Intimidate|boost\n|-unboost|p1a: Politoed|atk|1\n|-unboost|p1b: Incineroar|atk|1\n|move|p1b: Incineroar|Fake Out|p2a: Floette\n|-damage|p2a: Floette|80/100\n|cant|p2a: Floette|flinch\n|move|p1a: Politoed|Icy Wind|p2a: Floette|[spread] p2a,p2b\n|-resisted|p2b: Incineroar|1\n|-damage|p2a: Floette|72/100\n|-damage|p2b: Incineroar|93/100\n|-unboost|p2a: Floette|spe|1\n|-unboost|p2b: Incineroar|spe|1\n|\n|-weather|none\n|-sideend|p2: namboshddc|move: Tailwind\n|upkeep\n|turn|6\n|\n|t:|1776238043\n|move|p1a: Politoed|Protect|p1a: Politoed\n|-singleturn|p1a: Politoed|Protect\n|move|p2b: Incineroar|Fake Out|p1b: Incineroar\n|-damage|p1b: Incineroar|93/100\n|move|p2a: Floette|Dazzling Gleam|p1b: Incineroar|[spread] p1b\n|-activate|p1a: Politoed|move: Protect\n|-damage|p1b: Incineroar|51/100\n|cant|p1b: Incineroar|flinch\n|\n|upkeep\n|turn|7\n|-message|O1L2 forfeited.\n|\n|win|namboshddc\n|raw|O1L2's rating: 1040 &rarr; <strong>1024</strong><br />(-16 for losing)\n|raw|namboshddc's rating: 1048 &rarr; <strong>1080</strong><br />(+32 for winning)\n",
  "uploadtime": 1776238049,
  "views": 17,
  "formatid": "gen9championsvgc2026regma",
  "rating": 1024,
  "private": 0,
  "password": null
}