{
  "id": "gen9championsvgc2026regma-2585544462",
  "format": "[Gen 9 Champions] VGC 2026 Reg M-A",
  "players": [
    "kelibaa",
    "The Clefabler"
  ],
  "log": "|j|\u2606kelibaa\n|j|\u2606The Clefabler\n|t:|1776354549\n|gametype|doubles\n|player|p1|kelibaa|brock|1115\n|player|p2|The Clefabler|irida|1094\n|gen|9\n|tier|[Gen 9 Champions] VGC 2026 Reg M-A\n|rated|\n|rule|Species Clause: Limit one of each Pok\u00e9mon\n|rule|Item Clause: Limit 1 of each item\n|clearpoke\n|poke|p1|Milotic, L50, F|\n|poke|p1|Pelipper, L50, F|\n|poke|p1|Archaludon, L50, M|\n|poke|p1|Meganium, L50, M|\n|poke|p1|Incineroar, L50, M|\n|poke|p1|Espathra, L50, F|\n|poke|p2|Clefable, L50, F|\n|poke|p2|Sneasler, L50, M|\n|poke|p2|Sinistcha, L50|\n|poke|p2|Incineroar, L50, F|\n|poke|p2|Zoroark-Hisui, L50, F|\n|poke|p2|Aerodactyl, L50, F|\n|teampreview|4\n|\n|t:|1776354569\n|teamsize|p1|4\n|teamsize|p2|4\n|start\n|switch|p1a: Milotic|Milotic, L50, F|100/100\n|switch|p1b: Archaludon|Archaludon, L50, M|100/100\n|switch|p2a: Sneasler|Sneasler, L50, M|100/100\n|switch|p2b: Clefable|Clefable, L50, F|100/100\n|turn|1\n|\n|t:|1776354592\n|switch|p1b: Pelipper|Pelipper, L50, F|100/100\n|-weather|RainDance|[from] ability: Drizzle|[of] p1b: Pelipper\n|move|p2b: Clefable|Focus Blast|p1b: Pelipper\n|-resisted|p1b: Pelipper|1\n|-damage|p1b: Pelipper|67/100\n|move|p2a: Sneasler|Close Combat|p1b: Pelipper\n|-resisted|p1b: Pelipper|1\n|-damage|p1b: Pelipper|22/100\n|-unboost|p2a: Sneasler|def|1\n|-unboost|p2a: Sneasler|spd|1\n|-enditem|p2a: Sneasler|White Herb\n|-clearnegativeboost|p2a: Sneasler|[silent]\n|move|p1a: Milotic|Scald|p2a: Sneasler\n|-damage|p2a: Sneasler|9/100\n|\n|-weather|RainDance|[upkeep]\n|-heal|p1b: Pelipper|28/100|[from] item: Leftovers\n|upkeep\n|turn|2\n|\n|t:|1776354622\n|switch|p2b: Sinistcha|Sinistcha, L50|100/100\n|-heal|p2a: Sneasler|34/100|[from] ability: Hospitality|[of] p2b: Sinistcha\n|switch|p1b: Meganium|Meganium, L50, M|100/100\n|move|p2a: Sneasler|Dire Claw|p1b: Meganium\n|-supereffective|p1b: Meganium|1\n|-damage|p1b: Meganium|10/100\n|move|p1a: Milotic|Scald|p2a: Sneasler\n|-damage|p2a: Sneasler|0 fnt\n|faint|p2a: Sneasler\n|\n|-weather|RainDance|[upkeep]\n|upkeep\n|\n|t:|1776354634\n|switch|p2a: Clefable|Clefable, L50, F|100/100\n|turn|3\n|\n|t:|1776354649\n|switch|p1a: Archaludon|Archaludon, L50, M|100/100\n|move|p1b: Meganium|Protect|p1b: Meganium\n|-singleturn|p1b: Meganium|Protect\n|move|p2a: Clefable|Hyper Voice|p1b: Meganium|[spread] p1a\n|-activate|p1b: Meganium|move: Protect\n|-resisted|p1a: Archaludon|1\n|-damage|p1a: Archaludon|76/100\n|-ability|p1a: Archaludon|Stamina|boost\n|-boost|p1a: Archaludon|def|1\n|move|p2b: Sinistcha|Matcha Gotcha|p1a: Archaludon|[spread] p1a\n|-activate|p1b: Meganium|move: Protect\n|-resisted|p1a: Archaludon|2\n|-damage|p1a: Archaludon|68/100\n|-ability|p1a: Archaludon|Stamina|boost\n|-boost|p1a: Archaludon|def|1\n|\n|-weather|RainDance|[upkeep]\n|upkeep\n|turn|4\n|\n|t:|1776354678\n|switch|p1b: Milotic|Milotic, L50, F|100/100\n|move|p2b: Sinistcha|Rage Powder|p2b: Sinistcha\n|-singleturn|p2b: Sinistcha|move: Rage Powder\n|move|p2a: Clefable|Hyper Voice|p1a: Archaludon|[spread] p1a,p1b\n|-resisted|p1a: Archaludon|1\n|-damage|p1a: Archaludon|45/100\n|-damage|p1b: Milotic|74/100\n|-ability|p1a: Archaludon|Stamina|boost\n|-boost|p1a: Archaludon|def|1\n|move|p1a: Archaludon|Electro Shot||[still]\n|-prepare|p1a: Archaludon|Electro Shot\n|-boost|p1a: Archaludon|spa|1\n|-anim|p1a: Archaludon|Electro Shot|p2b: Sinistcha\n|-resisted|p2b: Sinistcha|1\n|-damage|p2b: Sinistcha|56/100\n|\n|-weather|RainDance|[upkeep]\n|-heal|p2b: Sinistcha|62/100|[from] item: Leftovers\n|upkeep\n|turn|5\n|\n|t:|1776354706\n|move|p1b: Milotic|Helping Hand|p1a: Archaludon\n|-singleturn|p1a: Archaludon|Helping Hand|[of] p1b: Milotic\n|move|p2b: Sinistcha|Rage Powder|p2b: Sinistcha\n|-singleturn|p2b: Sinistcha|move: Rage Powder\n|move|p2a: Clefable|Hyper Voice|p1a: Archaludon|[spread] p1a,p1b\n|-resisted|p1a: Archaludon|1\n|-damage|p1a: Archaludon|21/100\n|-damage|p1b: Milotic|47/100\n|-ability|p1a: Archaludon|Stamina|boost\n|-boost|p1a: Archaludon|def|1\n|move|p1a: Archaludon|Electro Shot||[still]\n|-prepare|p1a: Archaludon|Electro Shot\n|-boost|p1a: Archaludon|spa|1\n|-anim|p1a: Archaludon|Electro Shot|p2b: Sinistcha\n|-resisted|p2b: Sinistcha|1\n|-damage|p2b: Sinistcha|0 fnt\n|faint|p2b: Sinistcha\n|\n|-weather|none\n|upkeep\n|\n|t:|1776354721\n|switch|p2b: Clefable|Clefable, L50, F|100/100\n|turn|6\n|\n|t:|1776354735\n|switch|p1a: Pelipper|Pelipper, L50, F|28/100\n|-weather|RainDance|[from] ability: Drizzle|[of] p1a: Pelipper\n|move|p2a: Clefable|Hyper Voice|p1b: Milotic|[spread] p1a,p1b\n|-damage|p1a: Pelipper|0 fnt\n|-damage|p1b: Milotic|16/100\n|faint|p1a: Pelipper\n|move|p1b: Milotic|Recover|p1b: Milotic\n|-heal|p1b: Milotic|66/100\n|move|p2b: Clefable|Cosmic Power|p2b: Clefable\n|-boost|p2b: Clefable|def|1\n|-boost|p2b: Clefable|spd|1\n|\n|-weather|RainDance|[upkeep]\n|upkeep\n|\n|t:|1776354756\n|switch|p1a: Meganium|Meganium, L50, M|10/100\n|turn|7\n|\n|t:|1776354762\n|move|p1a: Meganium|Protect|p1a: Meganium\n|-singleturn|p1a: Meganium|Protect\n|move|p2a: Clefable|Hyper Voice|p1b: Milotic|[spread] p1b\n|-activate|p1a: Meganium|move: Protect\n|-damage|p1b: Milotic|39/100\n|move|p1b: Milotic|Scald|p2a: Clefable\n|-damage|p2a: Clefable|0 fnt\n|replace|p2a: Zoroark|Zoroark-Hisui, L50, F\n|-end|p2a: Zoroark|Illusion\n|faint|p2a: Zoroark\n|move|p2b: Clefable|Cosmic Power|p2b: Clefable\n|-boost|p2b: Clefable|def|1\n|-boost|p2b: Clefable|spd|1\n|\n|-weather|RainDance|[upkeep]\n|upkeep\n|turn|8\n|\n|t:|1776354786\n|detailschange|p1a: Meganium|Meganium-Mega, L50, M\n|-mega|p1a: Meganium|Meganium|Meganiumite\n|detailschange|p2b: Clefable|Clefable-Mega, L50, F\n|-mega|p2b: Clefable|Clefable|Clefablite\n|move|p1b: Milotic|Recover|p1b: Milotic\n|-heal|p1b: Milotic|89/100\n|move|p1a: Meganium|Synthesis|p1a: Meganium\n|-heal|p1a: Meganium|77/100\n|move|p2b: Clefable|Cosmic Power|p2b: Clefable\n|-boost|p2b: Clefable|def|1\n|-boost|p2b: Clefable|spd|1\n|\n|-weather|RainDance|[upkeep]\n|upkeep\n|turn|9\n|\n|t:|1776354805\n|move|p1b: Milotic|Scald|p2b: Clefable\n|-damage|p2b: Clefable|79/100\n|-status|p2b: Clefable|brn\n|move|p1a: Meganium|Weather Ball|p2b: Clefable\n|-damage|p2b: Clefable|61/100 brn\n|move|p2b: Clefable|Cosmic Power|p2b: Clefable\n|-boost|p2b: Clefable|def|1\n|-boost|p2b: Clefable|spd|1\n|\n|-weather|RainDance|[upkeep]\n|-damage|p2b: Clefable|55/100 brn|[from] brn\n|upkeep\n|turn|10\n|\n|t:|1776354821\n|move|p1b: Milotic|Scald|p2b: Clefable\n|-damage|p2b: Clefable|40/100 brn\n|move|p1a: Meganium|Energy Ball|p2b: Clefable\n|-resisted|p2b: Clefable|1\n|-damage|p2b: Clefable|33/100 brn\n|move|p2b: Clefable|Moonlight|p2b: Clefable\n|-heal|p2b: Clefable|58/100 brn\n|\n|-weather|none\n|-damage|p2b: Clefable|52/100 brn|[from] brn\n|upkeep\n|turn|11\n|\n|t:|1776354837\n|move|p1b: Milotic|Scald|p2b: Clefable\n|-damage|p2b: Clefable|40/100 brn\n|move|p1a: Meganium|Weather Ball|p2b: Clefable\n|-damage|p2b: Clefable|24/100 brn\n|move|p2b: Clefable|Moonlight|p2b: Clefable\n|-heal|p2b: Clefable|74/100 brn\n|\n|-damage|p2b: Clefable|68/100 brn|[from] brn\n|upkeep\n|turn|12\n|\n|t:|1776354870\n|move|p1b: Milotic|Scald|p2b: Clefable\n|-damage|p2b: Clefable|57/100 brn\n|move|p1a: Meganium|Weather Ball|p2b: Clefable\n|-damage|p2b: Clefable|43/100 brn\n|move|p2b: Clefable|Cosmic Power|p2b: Clefable\n|-boost|p2b: Clefable|def|1\n|-boost|p2b: Clefable|spd|1\n|\n|-damage|p2b: Clefable|37/100 brn|[from] brn\n|upkeep\n|turn|13\n|\n|t:|1776354885\n|move|p1b: Milotic|Scald|p2b: Clefable\n|-damage|p2b: Clefable|28/100 brn\n|move|p1a: Meganium|Energy Ball|p2b: Clefable\n|-resisted|p2b: Clefable|1\n|-damage|p2b: Clefable|21/100 brn\n|move|p2b: Clefable|Moonlight|p2b: Clefable\n|-heal|p2b: Clefable|71/100 brn\n|\n|-damage|p2b: Clefable|65/100 brn|[from] brn\n|upkeep\n|turn|14\n|\n|t:|1776354899\n|move|p1b: Milotic|Scald|p2b: Clefable\n|-damage|p2b: Clefable|55/100 brn\n|move|p1a: Meganium|Energy Ball|p2b: Clefable\n|-resisted|p2b: Clefable|1\n|-damage|p2b: Clefable|49/100 brn\n|move|p2b: Clefable|Moonlight|p2b: Clefable\n|-heal|p2b: Clefable|99/100 brn\n|\n|-damage|p2b: Clefable|93/100 brn|[from] brn\n|upkeep\n|turn|15\n|\n|t:|1776354908\n|move|p1b: Milotic|Scald|p2b: Clefable\n|-damage|p2b: Clefable|84/100 brn\n|move|p1a: Meganium|Weather Ball|p2b: Clefable\n|-damage|p2b: Clefable|71/100 brn\n|move|p2b: Clefable|Stored Power|p1a: Meganium\n|-damage|p1a: Meganium|14/100\n|\n|-damage|p2b: Clefable|65/100 brn|[from] brn\n|upkeep\n|turn|16\n|\n|t:|1776354926\n|move|p1a: Meganium|Protect|p1a: Meganium\n|-singleturn|p1a: Meganium|Protect\n|move|p1b: Milotic|Scald|p2b: Clefable\n|-damage|p2b: Clefable|55/100 brn\n|move|p2b: Clefable|Moonlight|p2b: Clefable\n|-heal|p2b: Clefable|100/100 brn\n|\n|-damage|p2b: Clefable|95/100 brn|[from] brn\n|upkeep\n|turn|17\n|\n|t:|1776354950\n|move|p1b: Milotic|Scald|p2b: Clefable\n|-damage|p2b: Clefable|86/100 brn\n|move|p1a: Meganium|Synthesis|p1a: Meganium\n|-heal|p1a: Meganium|80/100\n|move|p2b: Clefable|Cosmic Power|p2b: Clefable\n|-boost|p2b: Clefable|def|1\n|-boost|p2b: Clefable|spd|1\n|\n|-damage|p2b: Clefable|80/100 brn|[from] brn\n|upkeep\n|turn|18\n|\n|t:|1776354963\n|move|p1b: Milotic|Helping Hand|p1a: Meganium\n|-singleturn|p1a: Meganium|Helping Hand|[of] p1b: Milotic\n|move|p1a: Meganium|Weather Ball|p2b: Clefable\n|-damage|p2b: Clefable|63/100 brn\n|move|p2b: Clefable|Stored Power|p1b: Milotic\n|-damage|p1b: Milotic|27/100\n|\n|-damage|p2b: Clefable|57/100 brn|[from] brn\n|upkeep\n|turn|19\n|\n|t:|1776354973\n|move|p1b: Milotic|Recover|p1b: Milotic\n|-heal|p1b: Milotic|77/100\n|move|p1a: Meganium|Weather Ball|p2b: Clefable\n|-damage|p2b: Clefable|45/100 brn\n|move|p2b: Clefable|Moonlight|p2b: Clefable\n|-heal|p2b: Clefable|95/100 brn\n|\n|-damage|p2b: Clefable|89/100 brn|[from] brn\n|upkeep\n|turn|20\n|\n|t:|1776354990\n|move|p1b: Milotic|Scald|p2b: Clefable\n|-damage|p2b: Clefable|79/100 brn\n|move|p1a: Meganium|Weather Ball|p2b: Clefable\n|-damage|p2b: Clefable|66/100 brn\n|move|p2b: Clefable|Stored Power|p1a: Meganium\n|-damage|p1a: Meganium|3/100\n|\n|-damage|p2b: Clefable|60/100 brn|[from] brn\n|upkeep\n|turn|21\n|\n|t:|1776355002\n|move|p1b: Milotic|Scald|p2b: Clefable\n|-damage|p2b: Clefable|51/100 brn\n|move|p1a: Meganium|Synthesis|p1a: Meganium\n|-heal|p1a: Meganium|70/100\n|move|p2b: Clefable|Stored Power|p1b: Milotic\n|-damage|p1b: Milotic|13/100\n|\n|-damage|p2b: Clefable|46/100 brn|[from] brn\n|upkeep\n|turn|22\n|\n|t:|1776355015\n|move|p1b: Milotic|Recover|p1b: Milotic\n|-heal|p1b: Milotic|63/100\n|move|p1a: Meganium|Weather Ball|p2b: Clefable\n|-damage|p2b: Clefable|33/100 brn\n|move|p2b: Clefable|Moonlight|p2b: Clefable\n|-heal|p2b: Clefable|83/100 brn\n|\n|-damage|p2b: Clefable|77/100 brn|[from] brn\n|upkeep\n|turn|23\n|\n|t:|1776355029\n|move|p1b: Milotic|Recover|p1b: Milotic\n|-heal|p1b: Milotic|100/100\n|move|p1a: Meganium|Weather Ball|p2b: Clefable\n|-damage|p2b: Clefable|65/100 brn\n|move|p2b: Clefable|Stored Power|p1a: Meganium\n|-damage|p1a: Meganium|0 fnt\n|faint|p1a: Meganium\n|\n|-damage|p2b: Clefable|59/100 brn|[from] brn\n|upkeep\n|\n|t:|1776355037\n|switch|p1a: Archaludon|Archaludon, L50, M|21/100\n|turn|24\n|\n|t:|1776355047\n|move|p1b: Milotic|Helping Hand|p1a: Archaludon\n|-singleturn|p1a: Archaludon|Helping Hand|[of] p1b: Milotic\n|move|p1a: Archaludon|Flash Cannon|p2b: Clefable\n|-supereffective|p2b: Clefable|1\n|-damage|p2b: Clefable|35/100 brn\n|move|p2b: Clefable|Moonblast|p1a: Archaludon\n|-damage|p1a: Archaludon|0 fnt\n|faint|p1a: Archaludon\n|\n|-damage|p2b: Clefable|29/100 brn|[from] brn\n|upkeep\n|turn|25\n|\n|t:|1776355054\n|move|p1b: Milotic|Scald|p2b: Clefable\n|-damage|p2b: Clefable|21/100 brn\n|move|p2b: Clefable|Moonlight|p2b: Clefable\n|-heal|p2b: Clefable|71/100 brn\n|\n|-damage|p2b: Clefable|65/100 brn|[from] brn\n|upkeep\n|turn|26\n|\n|t:|1776355063\n|move|p1b: Milotic|Scald|p2b: Clefable\n|-damage|p2b: Clefable|56/100 brn\n|move|p2b: Clefable|Stored Power|p1b: Milotic\n|-damage|p1b: Milotic|44/100\n|\n|-damage|p2b: Clefable|50/100 brn|[from] brn\n|upkeep\n|turn|27\n|\n|t:|1776355069\n|move|p1b: Milotic|Recover|p1b: Milotic\n|-heal|p1b: Milotic|94/100\n|move|p2b: Clefable|Stored Power|p1b: Milotic\n|-damage|p1b: Milotic|30/100\n|\n|-damage|p2b: Clefable|44/100 brn|[from] brn\n|upkeep\n|turn|28\n|c|\u2606kelibaa|IM outta PP\n|c|\u2606kelibaa|GG\n|-message|kelibaa forfeited.\n|\n|win|The Clefabler\n|raw|kelibaa's rating: 1115 &rarr; <strong>1088</strong><br />(-27 for losing)\n|raw|The Clefabler's rating: 1094 &rarr; <strong>1121</strong><br />(+27 for winning)\n|l|\u2606kelibaa\n|player|p1|\n",
  "uploadtime": 1776355151,
  "views": 20,
  "formatid": "gen9championsvgc2026regma",
  "rating": 1088,
  "private": 0,
  "password": null
}