{
  "id": "gen9championsvgc2026regma-2584837266",
  "format": "[Gen 9 Champions] VGC 2026 Reg M-A",
  "players": [
    "shmandles",
    "trousersaflame"
  ],
  "log": "|j|\u203dshmandles\n|j|\u2606trousersaflame\n|t:|1776287503\n|gametype|doubles\n|player|p1|shmandles|waiter|1217\n|player|p2|trousersaflame|101|1220\n|gen|9\n|tier|[Gen 9 Champions] VGC 2026 Reg M-A\n|rated|\n|rule|Species Clause: Limit one of each Pok\u00e9mon\n|rule|Item Clause: Limit 1 of each item\n|clearpoke\n|poke|p1|Sinistcha-Masterpiece, L50|\n|poke|p1|Gyarados, L50, F|\n|poke|p1|Tyranitar, L50, F|\n|poke|p1|Gardevoir, L50, F|\n|poke|p1|Garchomp, L50, F|\n|poke|p1|Orthworm, L50, F|\n|poke|p2|Delphox, L50, M|\n|poke|p2|Kingambit, L50, F|\n|poke|p2|Clefable, L50, F|\n|poke|p2|Sneasler, L50, F|\n|poke|p2|Basculegion, L50, M|\n|poke|p2|Aerodactyl, L50, M|\n|teampreview|4\n|\n|t:|1776287572\n|teamsize|p1|4\n|teamsize|p2|4\n|start\n|switch|p1a: Gardevoir|Gardevoir, L50, F|100/100\n|switch|p1b: Orthworm|Orthworm, L50, F|100/100\n|switch|p2a: Delphox|Delphox, L50, M|100/100\n|switch|p2b: Sneasler|Sneasler, L50, F|100/100\n|turn|1\n|\n|t:|1776287592\n|detailschange|p2a: Delphox|Delphox-Mega, L50, M\n|-mega|p2a: Delphox|Delphox|Delphoxite\n|move|p1b: Orthworm|Protect|p1b: Orthworm\n|-singleturn|p1b: Orthworm|Protect\n|move|p2a: Delphox|Substitute|p2a: Delphox\n|-start|p2a: Delphox|Substitute\n|-damage|p2a: Delphox|76/100\n|move|p2b: Sneasler|Close Combat|p1b: Orthworm\n|-activate|p1b: Orthworm|move: Protect\n|move|p1a: Gardevoir|Trick Room|p1a: Gardevoir\n|-fieldstart|move: Trick Room|[of] p1a: Gardevoir\n|\n|upkeep\n|turn|2\n|\n|t:|1776287614\n|switch|p2b: Clefable|Clefable, L50, F|100/100\n|move|p2a: Delphox|Protect|p2a: Delphox\n|-singleturn|p2a: Delphox|Protect\n|move|p1b: Orthworm|Shed Tail|p1b: Orthworm\n|-start|p1b: Orthworm|Substitute|[from] move: Shed Tail\n|-damage|p1b: Orthworm|50/100\n|-enditem|p1b: Orthworm|Sitrus Berry|[eat]\n|-heal|p1b: Orthworm|75/100|[from] item: Sitrus Berry\n|\n|t:|1776287624\n|switch|p1b: Tyranitar|Tyranitar, L50, F|100/100|[from] Shed Tail\n|-weather|Sandstorm|[from] ability: Sand Stream|[of] p1b: Tyranitar\n|move|p1a: Gardevoir|Dazzling Gleam|p2a: Delphox|[spread] p2b\n|-activate|p2a: Delphox|move: Protect\n|-damage|p2b: Clefable|74/100\n|\n|-weather|Sandstorm|[upkeep]\n|-damage|p2b: Clefable|68/100|[from] Sandstorm\n|-damage|p1a: Gardevoir|94/100|[from] Sandstorm\n|-damage|p2a: Delphox|70/100|[from] Sandstorm\n|upkeep\n|turn|3\n|\n|t:|1776287647\n|detailschange|p1b: Tyranitar|Tyranitar-Mega, L50, F\n|-mega|p1b: Tyranitar|Tyranitar|Tyranitarite\n|move|p2b: Clefable|Moonblast|p1b: Tyranitar\n|-supereffective|p1b: Tyranitar|1\n|-end|p1b: Tyranitar|Substitute\n|move|p1b: Tyranitar|Rock Slide|p2a: Delphox|[spread] p2a,p2b\n|-supereffective|p2a: Delphox|1\n|-end|p2a: Delphox|Substitute\n|-damage|p2b: Clefable|36/100\n|-enditem|p2b: Clefable|Sitrus Berry|[eat]\n|-heal|p2b: Clefable|61/100|[from] item: Sitrus Berry\n|move|p1a: Gardevoir|Psychic|p2a: Delphox\n|-resisted|p2a: Delphox|1\n|-crit|p2a: Delphox\n|-damage|p2a: Delphox|38/100\n|move|p2a: Delphox|Heat Wave|p1b: Tyranitar|[spread] p1a,p1b\n|-resisted|p1b: Tyranitar|1\n|-damage|p1a: Gardevoir|45/100\n|-damage|p1b: Tyranitar|91/100\n|\n|-weather|Sandstorm|[upkeep]\n|-damage|p2b: Clefable|55/100|[from] Sandstorm\n|-damage|p1a: Gardevoir|38/100|[from] Sandstorm\n|-damage|p2a: Delphox|32/100|[from] Sandstorm\n|upkeep\n|turn|4\n|\n|t:|1776287674\n|move|p2a: Delphox|Protect|p2a: Delphox\n|-singleturn|p2a: Delphox|Protect\n|move|p2b: Clefable|Moonblast|p1b: Tyranitar\n|-supereffective|p1b: Tyranitar|1\n|-damage|p1b: Tyranitar|62/100\n|move|p1b: Tyranitar|Rock Slide|p2a: Delphox|[spread] p2b\n|-activate|p2a: Delphox|move: Protect\n|-damage|p2b: Clefable|23/100\n|move|p1a: Gardevoir|Dazzling Gleam|p2b: Clefable|[spread] p2b\n|-activate|p2a: Delphox|move: Protect\n|-damage|p2b: Clefable|0 fnt\n|faint|p2b: Clefable\n|\n|-weather|Sandstorm|[upkeep]\n|-damage|p1a: Gardevoir|32/100|[from] Sandstorm\n|-damage|p2a: Delphox|26/100|[from] Sandstorm\n|upkeep\n|\n|t:|1776287685\n|switch|p2b: Sneasler|Sneasler, L50, F|100/100\n|turn|5\n|\n|t:|1776287698\n|switch|p1a: Orthworm|Orthworm, L50, F|75/100\n|move|p2b: Sneasler|Protect|p2b: Sneasler\n|-singleturn|p2b: Sneasler|Protect\n|move|p2a: Delphox|Protect|p2a: Delphox\n|-singleturn|p2a: Delphox|Protect\n|move|p1b: Tyranitar|Earthquake|p2b: Sneasler|[spread] \n|-activate|p2a: Delphox|move: Protect\n|-activate|p2b: Sneasler|move: Protect\n|-heal|p1a: Orthworm|100/100|[from] ability: Earth Eater|[of] p1b: Tyranitar\n|\n|-weather|Sandstorm|[upkeep]\n|-damage|p2b: Sneasler|95/100|[from] Sandstorm\n|-damage|p2a: Delphox|20/100|[from] Sandstorm\n|-fieldend|move: Trick Room\n|upkeep\n|turn|6\n|\n|t:|1776287718\n|switch|p1b: Gardevoir|Gardevoir, L50, F|32/100\n|move|p2a: Delphox|Heat Wave|p1a: Orthworm|[spread] p1a,p1b\n|-supereffective|p1a: Orthworm|1\n|-damage|p1a: Orthworm|3/100\n|-damage|p1b: Gardevoir|0 fnt\n|faint|p1b: Gardevoir\n|move|p2b: Sneasler|Close Combat|p1a: Orthworm\n|-supereffective|p1a: Orthworm|1\n|-damage|p1a: Orthworm|0 fnt\n|-unboost|p2b: Sneasler|def|1\n|-unboost|p2b: Sneasler|spd|1\n|faint|p1a: Orthworm\n|-enditem|p2b: Sneasler|White Herb\n|-clearnegativeboost|p2b: Sneasler|[silent]\n|\n|-weather|none\n|upkeep\n|\n|t:|1776287731\n|switch|p1b: Tyranitar|Tyranitar-Mega, L50, F|62/100\n|switch|p1a: Garchomp|Garchomp, L50, F|100/100\n|-weather|Sandstorm|[from] ability: Sand Stream|[of] p1b: Tyranitar\n|turn|7\n|\n|t:|1776287758\n|move|p2b: Sneasler|Protect|p2b: Sneasler\n|-singleturn|p2b: Sneasler|Protect\n|move|p2a: Delphox|Protect|p2a: Delphox\n|-singleturn|p2a: Delphox|Protect\n|move|p1b: Tyranitar|Protect|p1b: Tyranitar\n|-singleturn|p1b: Tyranitar|Protect\n|move|p1a: Garchomp|Earthquake|p2a: Delphox|[spread] \n|-activate|p1b: Tyranitar|move: Protect\n|-activate|p2a: Delphox|move: Protect\n|-activate|p2b: Sneasler|move: Protect\n|\n|-weather|Sandstorm|[upkeep]\n|-damage|p2b: Sneasler|89/100|[from] Sandstorm\n|-damage|p2a: Delphox|14/100|[from] Sandstorm\n|upkeep\n|turn|8\n|\n|t:|1776287776\n|move|p2b: Sneasler|Close Combat|p1b: Tyranitar\n|-supereffective|p1b: Tyranitar|2\n|-damage|p1b: Tyranitar|0 fnt\n|-unboost|p2b: Sneasler|def|1\n|-unboost|p2b: Sneasler|spd|1\n|faint|p1b: Tyranitar\n|move|p2a: Delphox|Psyshock|p1a: Garchomp\n|-damage|p1a: Garchomp|47/100\n|move|p1a: Garchomp|Rock Slide|p2a: Delphox|[spread] p2a\n|-miss|p1a: Garchomp|p2b: Sneasler\n|-supereffective|p2a: Delphox|1\n|-damage|p2a: Delphox|0 fnt\n|faint|p2a: Delphox\n|\n|-weather|Sandstorm|[upkeep]\n|-damage|p2b: Sneasler|83/100|[from] Sandstorm\n|upkeep\n|\n|t:|1776287778\n|switch|p2a: Basculegion|Basculegion, L50, M|100/100\n|turn|9\n|\n|t:|1776287793\n|move|p2b: Sneasler|Close Combat|p1a: Garchomp\n|-damage|p1a: Garchomp|0 fnt\n|-unboost|p2b: Sneasler|def|1\n|-unboost|p2b: Sneasler|spd|1\n|faint|p1a: Garchomp\n|\n|win|trousersaflame\n|raw|shmandles's rating: 1217 &rarr; <strong>1192</strong><br />(-25 for losing)\n|raw|trousersaflame's rating: 1220 &rarr; <strong>1245</strong><br />(+25 for winning)\n|l|\u203dshmandles\n|player|p1|\n|l|\u2606trousersaflame\n|player|p2|\n|j|\u2606trousersaflame\n|player|p2|trousersaflame|101|\n",
  "uploadtime": 1776288159,
  "views": 26,
  "formatid": "gen9championsvgc2026regma",
  "rating": 1192,
  "private": 0,
  "password": null
}