{
  "id": "gen9championsvgc2026regma-2582641787",
  "format": "[Gen 9 Champions] VGC 2026 Reg M-A",
  "players": [
    "Epic Carlton Banks",
    "eruhxd"
  ],
  "log": "|j|\u2606Epic Carlton Banks\n|j|\u2606eruhxd\n|t:|1776104429\n|gametype|doubles\n|player|p1|Epic Carlton Banks|2|1066\n|player|p2|eruhxd|colress|1021\n|gen|9\n|tier|[Gen 9 Champions] VGC 2026 Reg M-A\n|rated|\n|rule|Species Clause: Limit one of each Pok\u00e9mon\n|rule|Item Clause: Limit 1 of each item\n|clearpoke\n|poke|p1|Greninja-*, L50, F|\n|poke|p1|Abomasnow, L50, F|\n|poke|p1|Whimsicott, L50, F|\n|poke|p1|Pelipper, L50, M|\n|poke|p1|Basculegion, L50, M|\n|poke|p1|Archaludon, L50, M|\n|poke|p2|Froslass, L50, F|\n|poke|p2|Sneasler, L50, F|\n|poke|p2|Maushold-Four, L50|\n|poke|p2|Beartic, L50, M|\n|teampreview|4\n|\n|t:|1776104456\n|teamsize|p1|4\n|teamsize|p2|4\n|start\n|switch|p1a: Greninja|Greninja, L50, F, shiny|100/100\n|switch|p1b: Abomasnow|Abomasnow, L50, F|100/100\n|switch|p2a: Sneasler|Sneasler, L50, F|100/100\n|switch|p2b: Maushold|Maushold-Four, L50|100/100\n|-weather|Snowscape|[from] ability: Snow Warning|[of] p1b: Abomasnow\n|turn|1\n|\n|t:|1776104473\n|detailschange|p1a: Greninja|Greninja-Mega, L50, F, shiny\n|-mega|p1a: Greninja|Greninja|Greninjite\n|move|p2a: Sneasler|Fake Out|p1a: Greninja\n|-damage|p1a: Greninja|82/100\n|cant|p1a: Greninja|flinch\n|move|p2b: Maushold|Taunt|p1b: Abomasnow\n|-start|p1b: Abomasnow|move: Taunt\n|-enditem|p1b: Abomasnow|Mental Herb\n|-end|p1b: Abomasnow|move: Taunt\n|move|p1b: Abomasnow|Aurora Veil|p1b: Abomasnow\n|-sidestart|p1: Epic Carlton Banks|move: Aurora Veil\n|\n|-weather|Snowscape|[upkeep]\n|upkeep\n|turn|2\n|\n|t:|1776104491\n|move|p2b: Maushold|Helping Hand|p2a: Sneasler\n|-singleturn|p2a: Sneasler|Helping Hand|[of] p2b: Maushold\n|move|p1a: Greninja|Weather Ball|p2b: Maushold\n|-start|p1a: Greninja|typechange|Ice|[from] ability: Protean\n|-damage|p2b: Maushold|46/100\n|move|p2a: Sneasler|Close Combat|p1a: Greninja\n|-supereffective|p1a: Greninja|1\n|-damage|p1a: Greninja|0 fnt\n|-unboost|p2a: Sneasler|def|1\n|-unboost|p2a: Sneasler|spd|1\n|faint|p1a: Greninja\n|move|p1b: Abomasnow|Rock Slide|p2a: Sneasler|[spread] p2a,p2b\n|-resisted|p2a: Sneasler|1\n|-damage|p2a: Sneasler|89/100\n|-damage|p2b: Maushold|29/100\n|\n|-weather|Snowscape|[upkeep]\n|upkeep\n|\n|t:|1776104511\n|switch|p1a: Whimsicott|Whimsicott, L50, F|100/100\n|turn|3\n|\n|t:|1776104527\n|move|p1b: Abomasnow|Protect|p1b: Abomasnow\n|-singleturn|p1b: Abomasnow|Protect\n|move|p1a: Whimsicott|Taunt|p2b: Maushold\n|-start|p2b: Maushold|move: Taunt\n|-enditem|p2b: Maushold|Mental Herb\n|-end|p2b: Maushold|move: Taunt\n|move|p2b: Maushold|Taunt|p1a: Whimsicott\n|-start|p1a: Whimsicott|move: Taunt\n|move|p2a: Sneasler|Dire Claw|p1a: Whimsicott\n|-supereffective|p1a: Whimsicott|2\n|-enditem|p1a: Whimsicott|Focus Sash\n|-damage|p1a: Whimsicott|1/100\n|\n|-weather|Snowscape|[upkeep]\n|upkeep\n|turn|4\n|\n|t:|1776104547\n|move|p2b: Maushold|Taunt|p1b: Abomasnow\n|-start|p1b: Abomasnow|move: Taunt\n|move|p2a: Sneasler|U-turn|p1a: Whimsicott\n|-damage|p1a: Whimsicott|0 fnt\n|faint|p1a: Whimsicott\n|\n|t:|1776104554\n|switch|p2a: Froslass|Froslass, L50, F|100/100|[from] U-turn\n|move|p1b: Abomasnow|Rock Slide|p2a: Froslass|[spread] p2a,p2b\n|-supereffective|p2a: Froslass|1\n|-damage|p2a: Froslass|80/100\n|-damage|p2b: Maushold|12/100\n|\n|-weather|Snowscape|[upkeep]\n|upkeep\n|\n|t:|1776104563\n|switch|p1a: Pelipper|Pelipper, L50, M|100/100\n|-weather|RainDance|[from] ability: Drizzle|[of] p1a: Pelipper\n|turn|5\n|\n|t:|1776104576\n|detailschange|p2a: Froslass|Froslass-Mega, L50, F\n|-mega|p2a: Froslass|Froslass|Froslassite\n|-weather|Snowscape|[from] ability: Snow Warning|[of] p2a: Froslass\n|move|p2b: Maushold|Follow Me|p2b: Maushold\n|-singleturn|p2b: Maushold|move: Follow Me\n|move|p2a: Froslass|Nasty Plot|p2a: Froslass\n|-boost|p2a: Froslass|spa|2\n|move|p1a: Pelipper|Weather Ball|p2b: Maushold\n|-damage|p2b: Maushold|0 fnt\n|faint|p2b: Maushold\n|move|p1b: Abomasnow|Rock Slide|p2a: Froslass\n|-supereffective|p2a: Froslass|1\n|-damage|p2a: Froslass|47/100\n|\n|-weather|Snowscape|[upkeep]\n|-sideend|p1: Epic Carlton Banks|move: Aurora Veil\n|upkeep\n|\n|t:|1776104586\n|switch|p2b: Beartic|Beartic, L50, M|100/100\n|turn|6\n|\n|t:|1776104599\n|move|p2b: Beartic|Swords Dance|p2b: Beartic\n|-boost|p2b: Beartic|atk|2\n|move|p2a: Froslass|Blizzard|p1b: Abomasnow|[spread] p1a,p1b\n|-damage|p1a: Pelipper|0 fnt\n|-damage|p1b: Abomasnow|21/100\n|faint|p1a: Pelipper\n|move|p1b: Abomasnow|Rock Slide|p2a: Froslass|[spread] p2a,p2b\n|-supereffective|p2a: Froslass|1\n|-supereffective|p2b: Beartic|1\n|-damage|p2a: Froslass|19/100\n|-damage|p2b: Beartic|79/100\n|\n|-weather|Snowscape|[upkeep]\n|-end|p1b: Abomasnow|move: Taunt\n|upkeep\n|turn|7\n|\n|t:|1776104613\n|move|p2a: Froslass|Protect|p2a: Froslass\n|-singleturn|p2a: Froslass|Protect\n|move|p2b: Beartic|Icicle Crash|p1b: Abomasnow\n|-damage|p1b: Abomasnow|0 fnt\n|faint|p1b: Abomasnow\n|\n|win|eruhxd\n|raw|Epic Carlton Banks's rating: 1066 &rarr; <strong>1044</strong><br />(-22 for losing)\n|raw|eruhxd's rating: 1021 &rarr; <strong>1063</strong><br />(+42 for winning)\n",
  "uploadtime": 1776104618,
  "views": 28,
  "formatid": "gen9championsvgc2026regma",
  "rating": 1044,
  "private": 0,
  "password": null
}