{
  "id": "gen9championsvgc2026regma-2586858568",
  "format": "[Gen 9 Champions] VGC 2026 Reg M-A",
  "players": [
    "JacobAFSL",
    "Big 3 Treelyfejay"
  ],
  "log": "|j|\u2606JacobAFSL\n|j|\u2606Big 3 Treelyfejay\n|t:|1776465964\n|gametype|doubles\n|player|p1|JacobAFSL|clair|1070\n|player|p2|Big 3 Treelyfejay|2|1085\n|gen|9\n|tier|[Gen 9 Champions] VGC 2026 Reg M-A\n|rated|\n|rule|Species Clause: Limit one of each Pok\u00e9mon\n|rule|Item Clause: Limit 1 of each item\n|clearpoke\n|poke|p1|Torkoal, L50, M|\n|poke|p1|Incineroar, L50, M|\n|poke|p1|Archaludon, L50, M|\n|poke|p1|Meganium, L50, F|\n|poke|p1|Pelipper, L50, F|\n|poke|p1|Farigiraf, L50, M|\n|poke|p2|Emboar, L50, F|\n|poke|p2|Whimsicott, L50, M|\n|poke|p2|Aegislash, L50, M|\n|poke|p2|Vivillon, L50, M|\n|poke|p2|Tyranitar, L50, M|\n|poke|p2|Garchomp, L50, F|\n|teampreview|4\nJacobAFSL has agreed to open team sheets.\n|\n|t:|1776466025\n|teamsize|p1|4\n|teamsize|p2|4\n|start\n|switch|p1a: Incineroar|Incineroar, L50, M|100/100\n|switch|p1b: Pelipper|Pelipper, L50, F|100/100\n|switch|p2a: Garchomp|Garchomp, L50, F|100/100\n|switch|p2b: Whimsicott|Whimsicott, L50, M|100/100\n|-weather|RainDance|[from] ability: Drizzle|[of] p1b: Pelipper\n|-ability|p1a: Incineroar|Intimidate|boost\n|-unboost|p2a: Garchomp|atk|1\n|-unboost|p2b: Whimsicott|atk|1\n|turn|1\n|\n|t:|1776466048\n|move|p2b: Whimsicott|Protect|p2b: Whimsicott\n|-singleturn|p2b: Whimsicott|Protect\n|move|p2a: Garchomp|Protect|p2a: Garchomp\n|-singleturn|p2a: Garchomp|Protect\n|move|p1a: Incineroar|Fake Out|p2b: Whimsicott\n|-activate|p2b: Whimsicott|move: Protect\n|move|p1b: Pelipper|Tailwind|p1b: Pelipper\n|-sidestart|p1: JacobAFSL|move: Tailwind\n|\n|-weather|RainDance|[upkeep]\n|upkeep\n|turn|2\n|\n|t:|1776466068\n|move|p2b: Whimsicott|Helping Hand|p2a: Garchomp\n|-singleturn|p2a: Garchomp|Helping Hand|[of] p2b: Whimsicott\n|move|p1b: Pelipper|Hurricane|p2b: Whimsicott\n|-supereffective|p2b: Whimsicott|1\n|-damage|p2b: Whimsicott|3/100\n|-start|p2b: Whimsicott|confusion\n|-enditem|p2b: Whimsicott|Sitrus Berry|[eat]\n|-heal|p2b: Whimsicott|28/100|[from] item: Sitrus Berry\n|move|p2a: Garchomp|Draco Meteor|p1b: Pelipper\n|-damage|p1b: Pelipper|2/100\n|-unboost|p2a: Garchomp|spa|2\n|move|p1a: Incineroar|Parting Shot|p2a: Garchomp\n|-unboost|p2a: Garchomp|atk|1\n|-unboost|p2a: Garchomp|spa|1\n|\n|t:|1776466086\n|switch|p1a: Meganium|Meganium, L50, F|100/100|[from] Parting Shot\n|\n|-weather|RainDance|[upkeep]\n|upkeep\n|turn|3\n|\n|t:|1776466120\n|switch|p2a: Aegislash|Aegislash, L50, M|100/100\n|detailschange|p1a: Meganium|Meganium-Mega, L50, F\n|-mega|p1a: Meganium|Meganium|Meganiumite\n|-activate|p2b: Whimsicott|confusion\n|move|p2b: Whimsicott|Protect|p2b: Whimsicott\n|-singleturn|p2b: Whimsicott|Protect\n|move|p1b: Pelipper|Hydro Pump|p2a: Aegislash|[miss]\n|-miss|p1b: Pelipper|p2a: Aegislash\n|move|p1a: Meganium|Dazzling Gleam|p2b: Whimsicott|[spread] p2a\n|-activate|p2b: Whimsicott|move: Protect\n|-resisted|p2a: Aegislash|1\n|-damage|p2a: Aegislash|86/100\n|\n|-weather|RainDance|[upkeep]\n|-heal|p2a: Aegislash|92/100|[from] item: Leftovers\n|upkeep\n|turn|4\n|\n|t:|1776466153\n|-end|p2b: Whimsicott|confusion\n|move|p2b: Whimsicott|Tailwind|p2b: Whimsicott\n|-sidestart|p2: Big 3 Treelyfejay|move: Tailwind\n|-formechange|p2a: Aegislash|Aegislash-Blade|\n|move|p2a: Aegislash|Shadow Sneak|p1b: Pelipper\n|-damage|p1b: Pelipper|0 fnt\n|faint|p1b: Pelipper\n|move|p1a: Meganium|Weather Ball|p2a: Aegislash\n|-supereffective|p2a: Aegislash|1\n|-damage|p2a: Aegislash|0 fnt\n|faint|p2a: Aegislash\n|\n|-weather|RainDance|[upkeep]\n|-sideend|p1: JacobAFSL|move: Tailwind\n|upkeep\n|\n|t:|1776466180\n|switch|p1b: Incineroar|Incineroar, L50, M|100/100\n|switch|p2a: Garchomp|Garchomp, L50, F|100/100\n|-ability|p1b: Incineroar|Intimidate|boost\n|-unboost|p2a: Garchomp|atk|1\n|-unboost|p2b: Whimsicott|atk|1\n|turn|5\n|inactive|Battle timer is ON: inactive players will automatically lose when time's up. (requested by JacobAFSL)\n|\n|t:|1776466226\n|move|p2b: Whimsicott|Protect|p2b: Whimsicott\n|-singleturn|p2b: Whimsicott|Protect\n|move|p2a: Garchomp|Protect|p2a: Garchomp\n|-singleturn|p2a: Garchomp|Protect\n|move|p1b: Incineroar|Fake Out|p2a: Garchomp\n|-activate|p2a: Garchomp|move: Protect\n|move|p1a: Meganium|Dazzling Gleam|p2b: Whimsicott|[spread] \n|-activate|p2a: Garchomp|move: Protect\n|-activate|p2b: Whimsicott|move: Protect\n|\n|-weather|none\n|upkeep\n|turn|6\n|\n|t:|1776466246\n|move|p2b: Whimsicott|Helping Hand|p2a: Garchomp\n|-singleturn|p2a: Garchomp|Helping Hand|[of] p2b: Whimsicott\n|move|p2a: Garchomp|Fire Blast|p1a: Meganium\n|-supereffective|p1a: Meganium|1\n|-damage|p1a: Meganium|26/100\n|move|p1a: Meganium|Dazzling Gleam|p2a: Garchomp|[spread] p2a,p2b\n|-supereffective|p2a: Garchomp|1\n|-crit|p2b: Whimsicott\n|-damage|p2a: Garchomp|12/100\n|-damage|p2b: Whimsicott|0 fnt\n|faint|p2b: Whimsicott\n|move|p1b: Incineroar|Parting Shot|p2a: Garchomp\n|-unboost|p2a: Garchomp|atk|1\n|-unboost|p2a: Garchomp|spa|1\n|\n|t:|1776466267\n|switch|p1b: Archaludon|Archaludon, L50, M|100/100|[from] Parting Shot\n|\n|upkeep\n|\n|t:|1776466272\n|switch|p2b: Emboar|Emboar, L50, F|100/100\n|turn|7\n|inactive|Big 3 Treelyfejay has 30 seconds left.\n|inactive|Big 3 Treelyfejay has 20 seconds left.\n|inactive|Big 3 Treelyfejay has 15 seconds left.\n|inactive|Big 3 Treelyfejay has 10 seconds left.\n|\n|t:|1776466320\n|detailschange|p2b: Emboar|Emboar-Mega, L50, F\n|-mega|p2b: Emboar|Emboar|Emboarite\n|-ability|p2b: Emboar|Mold Breaker\n|move|p1a: Meganium|Protect|p1a: Meganium\n|-singleturn|p1a: Meganium|Protect\n|move|p2a: Garchomp|Earth Power|p1b: Archaludon\n|-supereffective|p1b: Archaludon|1\n|-crit|p1b: Archaludon\n|-damage|p1b: Archaludon|0 fnt\n|faint|p1b: Archaludon\n|move|p2b: Emboar|Close Combat|p1a: Meganium\n|-activate|p1a: Meganium|move: Protect\n|\n|-sideend|p2: Big 3 Treelyfejay|move: Tailwind\n|upkeep\n|\n|t:|1776466334\n|switch|p1b: Incineroar|Incineroar, L50, M|100/100\n|-ability|p1b: Incineroar|Intimidate|boost\n|-unboost|p2a: Garchomp|atk|1\n|-unboost|p2b: Emboar|atk|1\n|turn|8\n|\n|t:|1776466346\n|move|p2a: Garchomp|Protect|p2a: Garchomp\n|-singleturn|p2a: Garchomp|Protect\n|move|p2b: Emboar|Protect|p2b: Emboar\n|-singleturn|p2b: Emboar|Protect\n|move|p1b: Incineroar|Fake Out|p2b: Emboar\n|-activate|p2b: Emboar|move: Protect\n|move|p1a: Meganium|Dazzling Gleam|p2a: Garchomp|[spread] \n|-activate|p2a: Garchomp|move: Protect\n|-activate|p2b: Emboar|move: Protect\n|\n|upkeep\n|turn|9\n|inactive|JacobAFSL has 30 seconds left.\n|inactive|Big 3 Treelyfejay has 30 seconds left.\n|inactive|JacobAFSL has 20 seconds left.\n|\n|t:|1776466384\n|move|p1a: Meganium|Protect|p1a: Meganium\n|-singleturn|p1a: Meganium|Protect\n|move|p2a: Garchomp|Fire Blast|p1a: Meganium\n|-activate|p1a: Meganium|move: Protect\n|move|p2b: Emboar|Close Combat|p1a: Meganium\n|-activate|p1a: Meganium|move: Protect\n|move|p1b: Incineroar|Flare Blitz|p2a: Garchomp\n|-resisted|p2a: Garchomp|1\n|-damage|p2a: Garchomp|0 fnt\n|faint|p2a: Garchomp\n|-damage|p1b: Incineroar|97/100|[from] Recoil\n|\n|upkeep\n|turn|10\n|\n|t:|1776466404\n|move|p2b: Emboar|Flare Blitz|p1a: Meganium\n|-supereffective|p1a: Meganium|1\n|-damage|p1a: Meganium|0 fnt\n|faint|p1a: Meganium\n|-damage|p2b: Emboar|94/100|[from] Recoil\n|move|p1b: Incineroar|Flare Blitz|p2b: Emboar\n|-resisted|p2b: Emboar|1\n|-damage|p2b: Emboar|62/100\n|-damage|p1b: Incineroar|88/100|[from] Recoil\n|\n|upkeep\n|turn|11\n|\n|t:|1776466421\n|move|p1b: Incineroar|Protect|p1b: Incineroar\n|-singleturn|p1b: Incineroar|Protect\n|move|p2b: Emboar|Flare Blitz|p1b: Incineroar\n|-activate|p1b: Incineroar|move: Protect\n|\n|upkeep\n|turn|12\n|\n|t:|1776466431\n|move|p2b: Emboar|Flare Blitz|p1b: Incineroar\n|-resisted|p1b: Incineroar|1\n|-damage|p1b: Incineroar|69/100\n|-damage|p2b: Emboar|56/100|[from] Recoil\n|move|p1b: Incineroar|Flare Blitz|p2b: Emboar\n|-resisted|p2b: Emboar|1\n|-damage|p2b: Emboar|27/100\n|-damage|p1b: Incineroar|60/100|[from] Recoil\n|\n|upkeep\n|turn|13\n|\n|t:|1776466442\n|move|p1b: Incineroar|Protect|p1b: Incineroar\n|-singleturn|p1b: Incineroar|Protect\n|move|p2b: Emboar|Close Combat|p1b: Incineroar\n|-activate|p1b: Incineroar|move: Protect\n|\n|upkeep\n|turn|14\n|\n|t:|1776466451\n|move|p2b: Emboar|Close Combat|p1b: Incineroar\n|-supereffective|p1b: Incineroar|1\n|-damage|p1b: Incineroar|0 fnt\n|-unboost|p2b: Emboar|def|1\n|-unboost|p2b: Emboar|spd|1\n|faint|p1b: Incineroar\n|\n|win|Big 3 Treelyfejay\n|raw|JacobAFSL's rating: 1070 &rarr; <strong>1050</strong><br />(-20 for losing)\n|raw|Big 3 Treelyfejay's rating: 1085 &rarr; <strong>1111</strong><br />(+26 for winning)\n|l|\u2606JacobAFSL\n|player|p1|\n",
  "uploadtime": 1776466472,
  "views": 22,
  "formatid": "gen9championsvgc2026regma",
  "rating": 1050,
  "private": 0,
  "password": null
}