{
  "id": "gen9championsvgc2026regma-2585924868",
  "format": "[Gen 9 Champions] VGC 2026 Reg M-A",
  "players": [
    "NewtonS001",
    "BigPurplePops"
  ],
  "log": "|j|\u2606NewtonS001\n|j|\u2606BigPurplePops\n|t:|1776381972\n|gametype|doubles\n|player|p1|NewtonS001|169|1000\n|player|p2|BigPurplePops|marshal|1085\n|gen|9\n|tier|[Gen 9 Champions] VGC 2026 Reg M-A\n|rated|\n|rule|Species Clause: Limit one of each Pok\u00e9mon\n|rule|Item Clause: Limit 1 of each item\n|clearpoke\n|poke|p1|Gengar, L50, F|\n|poke|p1|Politoed, L50, F|\n|poke|p1|Dragonite, L50, M|\n|poke|p1|Incineroar, L50, F|\n|poke|p1|Archaludon, L50, M|\n|poke|p1|Basculegion, L50, M|\n|poke|p2|Crabominable, L50, F|\n|poke|p2|Chandelure, L50, M|\n|poke|p2|Slowking, L50, F|\n|poke|p2|Starmie, L50|\n|poke|p2|Maushold, L50|\n|poke|p2|Incineroar, L50, F|\n|teampreview|4\n|c|\u2606BigPurplePops|Glhf\n|inactive|Battle timer is ON: inactive players will automatically lose when time's up. (requested by NewtonS001)\n|\n|t:|1776382000\n|teamsize|p1|4\n|teamsize|p2|4\n|start\n|switch|p1a: Incineroar|Incineroar, L50, F|100/100\n|switch|p1b: Gengar|Gengar, L50, F, shiny|100/100\n|switch|p2a: Incineroar|Incineroar, L50, F|100/100\n|switch|p2b: Chandelure|Chandelure, L50, M|100/100\n|-ability|p1a: Incineroar|Intimidate|boost\n|-unboost|p2a: Incineroar|atk|1\n|-unboost|p2b: Chandelure|atk|1\n|-ability|p2a: Incineroar|Intimidate|boost\n|-unboost|p1a: Incineroar|atk|1\n|-unboost|p1b: Gengar|atk|1\n|turn|1\n|\n|t:|1776382018\n|move|p1b: Gengar|Protect|p1b: Gengar\n|-singleturn|p1b: Gengar|Protect\n|move|p1a: Incineroar|Protect|p1a: Incineroar\n|-singleturn|p1a: Incineroar|Protect\n|move|p2a: Incineroar|Fake Out|p1a: Incineroar\n|-activate|p1a: Incineroar|move: Protect\n|move|p2b: Chandelure|Shadow Ball|p1b: Gengar\n|-activate|p1b: Gengar|move: Protect\n|\n|upkeep\n|turn|2\n|\n|t:|1776382036\n|switch|p1b: Politoed|Politoed, L50, F|100/100\n|-weather|RainDance|[from] ability: Drizzle|[of] p1b: Politoed\n|move|p2b: Chandelure|Shadow Ball|p1b: Politoed\n|-damage|p1b: Politoed|67/100\n|move|p1a: Incineroar|Darkest Lariat|p2b: Chandelure\n|-supereffective|p2b: Chandelure|1\n|-damage|p2b: Chandelure|53/100\n|move|p2a: Incineroar|Parting Shot|p1a: Incineroar\n|-unboost|p1a: Incineroar|atk|1\n|-unboost|p1a: Incineroar|spa|1\n|\n|t:|1776382040\n|switch|p2a: Starmie|Starmie, L50|100/100|[from] Parting Shot\n|\n|-weather|RainDance|[upkeep]\n|-heal|p1b: Politoed|73/100|[from] item: Leftovers\n|upkeep\n|turn|3\n|inactive|NewtonS001 has 30 seconds left.\n|inactive|BigPurplePops has 30 seconds left.\n|inactive|BigPurplePops has 20 seconds left.\n|inactive|BigPurplePops has 15 seconds left.\n|inactive|BigPurplePops has 10 seconds left.\n|\n|t:|1776382088\n|switch|p2b: Incineroar|Incineroar, L50, F|100/100\n|-ability|p2b: Incineroar|Intimidate|boost\n|-unboost|p1a: Incineroar|atk|1\n|-unboost|p1b: Politoed|atk|1\n|detailschange|p2a: Starmie|Starmie-Mega, L50\n|-mega|p2a: Starmie|Starmie|Starminite\n|move|p2a: Starmie|Zen Headbutt|p1b: Politoed\n|-damage|p1b: Politoed|4/100\n|cant|p1b: Politoed|flinch\n|move|p1a: Incineroar|Parting Shot|p2a: Starmie\n|-unboost|p2a: Starmie|atk|1\n|-unboost|p2a: Starmie|spa|1\n|\n|t:|1776382104\n|switch|p1a: Basculegion|Basculegion, L50, M|100/100|[from] Parting Shot\n|\n|-weather|RainDance|[upkeep]\n|-heal|p1b: Politoed|10/100|[from] item: Leftovers\n|upkeep\n|turn|4\n|\n|t:|1776382128\n|switch|p2a: Chandelure|Chandelure, L50, M|53/100\n|move|p1b: Politoed|Protect|p1b: Politoed\n|-singleturn|p1b: Politoed|Protect\n|move|p2b: Incineroar|Fake Out|p1b: Politoed\n|-activate|p1b: Politoed|move: Protect\n|move|p1a: Basculegion|Wave Crash|p2b: Incineroar\n|-supereffective|p2b: Incineroar|1\n|-damage|p2b: Incineroar|0 fnt\n|faint|p2b: Incineroar\n|-damage|p1a: Basculegion|68/100|[from] Recoil\n|\n|-weather|RainDance|[upkeep]\n|-heal|p1b: Politoed|16/100|[from] item: Leftovers\n|upkeep\n|\n|t:|1776382136\n|switch|p2b: Starmie|Starmie-Mega, L50|100/100\n|turn|5\n|\n|t:|1776382148\n|switch|p1b: Incineroar|Incineroar, L50, F|100/100\n|-ability|p1b: Incineroar|Intimidate|boost\n|-unboost|p2a: Chandelure|atk|1\n|-unboost|p2b: Starmie|atk|1\n|move|p1a: Basculegion|Wave Crash|p2a: Chandelure\n|-supereffective|p2a: Chandelure|1\n|-damage|p2a: Chandelure|0 fnt\n|faint|p2a: Chandelure\n|-damage|p1a: Basculegion|55/100|[from] Recoil\n|move|p2b: Starmie|Waterfall|p1a: Basculegion\n|-resisted|p1a: Basculegion|1\n|-damage|p1a: Basculegion|16/100\n|\n|-weather|RainDance|[upkeep]\n|upkeep\n|\n|t:|1776382152\n|switch|p2a: Crabominable|Crabominable, L50, F|100/100\n|turn|6\n|\n|t:|1776382176\n|move|p1a: Basculegion|Wave Crash|p2a: Crabominable\n|-damage|p2a: Crabominable|13/100\n|-damage|p1a: Basculegion|0 fnt|[from] Recoil\n|faint|p1a: Basculegion\n|move|p2b: Starmie|Waterfall|p1b: Incineroar\n|-supereffective|p1b: Incineroar|1\n|-damage|p1b: Incineroar|0 fnt\n|faint|p1b: Incineroar\n|move|p2a: Crabominable|Rock Slide|p1: Basculegion|[notarget]\n|-fail|p2a: Crabominable\n|\n|-weather|none\n|upkeep\n|\n|t:|1776382183\n|switch|p1a: Gengar|Gengar, L50, F, shiny|100/100\n|switch|p1b: Politoed|Politoed, L50, F|16/100\n|-weather|RainDance|[from] ability: Drizzle|[of] p1b: Politoed\n|turn|7\n|inactive|BigPurplePops has 30 seconds left.\n|inactive|NewtonS001 has 30 seconds left.\n|\n|t:|1776382217\n|detailschange|p1a: Gengar|Gengar-Mega, L50, F, shiny\n|-mega|p1a: Gengar|Gengar|Gengarite\n|move|p1b: Politoed|Protect|p1b: Politoed\n|-singleturn|p1b: Politoed|Protect\n|move|p2a: Crabominable|Protect|p2a: Crabominable\n|-singleturn|p2a: Crabominable|Protect\n|move|p2b: Starmie|Zen Headbutt|p1a: Gengar\n|-supereffective|p1a: Gengar|1\n|-damage|p1a: Gengar|0 fnt\n|faint|p1a: Gengar\n|\n|-weather|RainDance|[upkeep]\n|-heal|p1b: Politoed|22/100|[from] item: Leftovers\n|upkeep\n|turn|8\n|c|\u2606BigPurplePops|Ggs\n|inactive|BigPurplePops has 30 seconds left.\n|c|\u2606BigPurplePops|\ud83d\udcda\n|inactive|BigPurplePops has 20 seconds left.\n|\n|t:|1776382252\n|move|p2b: Starmie|Waterfall|p1b: Politoed\n|-resisted|p1b: Politoed|1\n|-damage|p1b: Politoed|0 fnt\n|faint|p1b: Politoed\n|\n|win|BigPurplePops\n|raw|NewtonS001's rating: 1000 &rarr; <strong>1000</strong><br />(+0 for losing)\n|raw|BigPurplePops's rating: 1085 &rarr; <strong>1106</strong><br />(+21 for winning)\n|l|\u2606NewtonS001\n|player|p1|\n",
  "uploadtime": 1776382259,
  "views": 14,
  "formatid": "gen9championsvgc2026regma",
  "rating": 1000,
  "private": 0,
  "password": null
}