{
  "id": "gen9championsvgc2026regma-2583210245",
  "format": "[Gen 9 Champions] VGC 2026 Reg M-A",
  "players": [
    "Andizzn",
    "4nil0m"
  ],
  "log": "|j|\u2606Andizzn\n|j|\u26064nil0m\n|t:|1776155110\n|gametype|doubles\n|player|p1|Andizzn|n|1000\n|player|p2|4nil0m|1|1004\n|gen|9\n|tier|[Gen 9 Champions] VGC 2026 Reg M-A\n|rated|\n|rule|Species Clause: Limit one of each Pok\u00e9mon\n|rule|Item Clause: Limit 1 of each item\n|clearpoke\n|poke|p1|Meganium, L50, M|\n|poke|p1|Pelipper, L50, M|\n|poke|p1|Basculegion, L50, M|\n|poke|p1|Archaludon, L50, F|\n|poke|p1|Incineroar, L50, M|\n|poke|p1|Maushold-Four, L50|\n|poke|p2|Greninja-*, L50, M|\n|poke|p2|Talonflame, L50, M|\n|poke|p2|Ninetales-Alola, L50, F|\n|poke|p2|Incineroar, L50, M|\n|poke|p2|Garchomp, L50, M|\n|poke|p2|Gardevoir, L50, F|\n|teampreview|4\n|inactive|Battle timer is ON: inactive players will automatically lose when time's up. (requested by 4nil0m)\n4nil0m rejected open team sheets.\n|\n|t:|1776155171\n|teamsize|p1|4\n|teamsize|p2|4\n|start\n|switch|p1a: Pelipper|Pelipper, L50, M|100/100\n|switch|p1b: Meganium|Meganium, L50, M, shiny|100/100\n|switch|p2a: Talonflame|Talonflame, L50, M|100/100\n|switch|p2b: Greninja|Greninja, L50, M|100/100\n|-weather|RainDance|[from] ability: Drizzle|[of] p1a: Pelipper\n|turn|1\n|inactive|4nil0m has 30 seconds left.\n|\n|t:|1776155199\n|move|p2b: Greninja|Protect|p2b: Greninja\n|-start|p2b: Greninja|typechange|Normal|[from] ability: Protean\n|-singleturn|p2b: Greninja|Protect\n|move|p2a: Talonflame|Dual Wingbeat|p1b: Meganium\n|-supereffective|p1b: Meganium|1\n|-damage|p1b: Meganium|64/100\n|-supereffective|p1b: Meganium|1\n|-damage|p1b: Meganium|28/100\n|-hitcount|p1b: Meganium|2\n|move|p1a: Pelipper|Weather Ball|p2a: Talonflame\n|-supereffective|p2a: Talonflame|1\n|-damage|p2a: Talonflame|0 fnt\n|faint|p2a: Talonflame\n|move|p1b: Meganium|Solar Beam||[still]\n|-prepare|p1b: Meganium|Solar Beam\n|\n|-weather|RainDance|[upkeep]\n|upkeep\n|\n|t:|1776155214\n|switch|p2a: Ninetales|Ninetales-Alola, L50, F|100/100\n|-weather|Snowscape|[from] ability: Snow Warning|[of] p2a: Ninetales\n|turn|2\n|\n|t:|1776155237\n|detailschange|p2b: Greninja|Greninja-Mega, L50, M\n|-mega|p2b: Greninja|Greninja|Greninjite\n|move|p2b: Greninja|Blizzard|p1b: Meganium|[spread] p1a,p1b\n|-start|p2b: Greninja|typechange|Ice|[from] ability: Protean\n|-supereffective|p1b: Meganium|1\n|-damage|p1a: Pelipper|28/100\n|-damage|p1b: Meganium|0 fnt\n|faint|p1b: Meganium\n|move|p2a: Ninetales|Aurora Veil|p2a: Ninetales\n|-sidestart|p2: 4nil0m|move: Aurora Veil\n|move|p1a: Pelipper|Tailwind|p1a: Pelipper\n|-sidestart|p1: Andizzn|move: Tailwind\n|\n|-weather|Snowscape|[upkeep]\n|upkeep\n|\n|t:|1776155251\n|switch|p1b: Incineroar|Incineroar, L50, M|100/100\n|-ability|p1b: Incineroar|Intimidate|boost\n|-unboost|p2a: Ninetales|atk|1\n|-unboost|p2b: Greninja|atk|1\n|turn|3\n|c|\u2606Andizzn|how do i mega? xD\n|inactive|Andizzn has 30 seconds left.\n|inactive|4nil0m has 30 seconds left.\n|c|\u26064nil0m|mega stone\n|\n|t:|1776155285\n|move|p1a: Pelipper|Protect|p1a: Pelipper\n|-singleturn|p1a: Pelipper|Protect\n|move|p1b: Incineroar|Fake Out|p2a: Ninetales\n|-damage|p2a: Ninetales|95/100\n|move|p2b: Greninja|Blizzard|p1a: Pelipper|[spread] p1b\n|-activate|p1a: Pelipper|move: Protect\n|-resisted|p1b: Incineroar|1\n|-crit|p1b: Incineroar\n|-damage|p1b: Incineroar|73/100\n|cant|p2a: Ninetales|flinch\n|\n|-weather|Snowscape|[upkeep]\n|-heal|p1b: Incineroar|79/100|[from] item: Leftovers\n|upkeep\n|turn|4\n|inactive|Andizzn has 30 seconds left.\n|inactive|4nil0m has 30 seconds left.\n|inactive|Andizzn has 20 seconds left.\n|\n|t:|1776155321\n|switch|p1a: Basculegion|Basculegion, L50, M, shiny|100/100\n|move|p2b: Greninja|Blizzard|p1b: Incineroar|[spread] p1a,p1b\n|-resisted|p1a: Basculegion|1\n|-resisted|p1b: Incineroar|1\n|-damage|p1a: Basculegion|76/100\n|-damage|p1b: Incineroar|62/100\n|move|p2a: Ninetales|Icy Wind|p1b: Incineroar|[spread] p1a,p1b\n|-resisted|p1a: Basculegion|1\n|-resisted|p1b: Incineroar|1\n|-damage|p1a: Basculegion|69/100\n|-damage|p1b: Incineroar|58/100\n|-unboost|p1a: Basculegion|spe|1\n|-unboost|p1b: Incineroar|spe|1\n|move|p1b: Incineroar|Parting Shot|p2b: Greninja\n|-unboost|p2b: Greninja|atk|1\n|-unboost|p2b: Greninja|spa|1\n|\n|t:|1776155334\n|switch|p1b: Pelipper|Pelipper, L50, M|28/100|[from] Parting Shot\n|-weather|RainDance|[from] ability: Drizzle|[of] p1b: Pelipper\n|\n|-weather|RainDance|[upkeep]\n|upkeep\n|turn|5\n|\n|t:|1776155355\n|switch|p1b: Incineroar|Incineroar, L50, M|58/100\n|-ability|p1b: Incineroar|Intimidate|boost\n|-unboost|p2a: Ninetales|atk|1\n|-unboost|p2b: Greninja|atk|1\n|switch|p2a: Incineroar|Incineroar, L50, M|100/100\n|-ability|p2a: Incineroar|Intimidate|boost\n|-unboost|p1a: Basculegion|atk|1\n|-unboost|p1b: Incineroar|atk|1\n|move|p2b: Greninja|Protect|p2b: Greninja\n|-singleturn|p2b: Greninja|Protect\n|move|p1a: Basculegion|Wave Crash|p2a: Incineroar\n|-supereffective|p2a: Incineroar|1\n|-damage|p2a: Incineroar|13/100\n|-damage|p1a: Basculegion|39/100|[from] Recoil\n|\n|-weather|RainDance|[upkeep]\n|-heal|p1b: Incineroar|64/100|[from] item: Leftovers\n|-sideend|p1: Andizzn|move: Tailwind\n|upkeep\n|turn|6\n|inactive|Andizzn has 30 seconds left.\n|inactive|4nil0m has 30 seconds left.\n|inactive|4nil0m has 20 seconds left.\n|inactive|Andizzn has 20 seconds left.\n|inactive|4nil0m has 15 seconds left.\n|\n|t:|1776155398\n|switch|p2b: Ninetales|Ninetales-Alola, L50, F|95/100\n|-weather|Snowscape|[from] ability: Snow Warning|[of] p2b: Ninetales\n|move|p1b: Incineroar|Helping Hand|p1a: Basculegion\n|-singleturn|p1a: Basculegion|Helping Hand|[of] p1b: Incineroar\n|move|p2a: Incineroar|Fake Out|p1b: Incineroar\n|-damage|p1b: Incineroar|55/100\n|move|p1a: Basculegion|Wave Crash|p2b: Ninetales\n|-damage|p2b: Ninetales|57/100\n|-damage|p1a: Basculegion|28/100|[from] Recoil\n|\n|-weather|Snowscape|[upkeep]\n|-heal|p1b: Incineroar|61/100|[from] item: Leftovers\n|-sideend|p2: 4nil0m|move: Aurora Veil\n|upkeep\n|turn|7\n|inactive|4nil0m has 30 seconds left.\n|inactive|Andizzn has 30 seconds left.\n|inactive|4nil0m has 20 seconds left.\n|inactive|Andizzn has 20 seconds left.\n|\n|t:|1776155440\n|switch|p1a: Pelipper|Pelipper, L50, M|28/100\n|-weather|RainDance|[from] ability: Drizzle|[of] p1a: Pelipper\n|move|p2b: Ninetales|Aurora Veil||[still]\n|-fail|p2b: Ninetales\n|move|p2a: Incineroar|Parting Shot|p1a: Pelipper\n|-unboost|p1a: Pelipper|atk|1\n|-unboost|p1a: Pelipper|spa|1\n|\n|t:|1776155448\n|switch|p2a: Greninja|Greninja-Mega, L50, M|100/100|[from] Parting Shot\n|move|p1b: Incineroar|Parting Shot|p2b: Ninetales\n|-unboost|p2b: Ninetales|atk|1\n|-unboost|p2b: Ninetales|spa|1\n|\n|t:|1776155453\n|switch|p1b: Basculegion|Basculegion, L50, M, shiny|28/100|[from] Parting Shot\n|\n|-weather|RainDance|[upkeep]\n|upkeep\n|turn|8\n|inactive|4nil0m has 30 seconds left.\n|\n|t:|1776155479\n|move|p1b: Basculegion|Flip Turn|p2b: Ninetales\n|-damage|p2b: Ninetales|0 fnt\n|faint|p2b: Ninetales\n|\n|t:|1776155484\n|switch|p1b: Incineroar|Incineroar, L50, M|61/100|[from] Flip Turn\n|-ability|p1b: Incineroar|Intimidate|boost\n|-unboost|p2a: Greninja|atk|1\n|move|p2a: Greninja|Dark Pulse|p1b: Incineroar\n|-start|p2a: Greninja|typechange|Dark|[from] ability: Protean\n|-resisted|p1b: Incineroar|1\n|-damage|p1b: Incineroar|43/100\n|move|p1a: Pelipper|Tailwind|p1a: Pelipper\n|-sidestart|p1: Andizzn|move: Tailwind\n|\n|-weather|RainDance|[upkeep]\n|-heal|p1b: Incineroar|49/100|[from] item: Leftovers\n|upkeep\n|\n|t:|1776155495\n|switch|p2b: Incineroar|Incineroar, L50, M|13/100\n|-ability|p2b: Incineroar|Intimidate|boost\n|-unboost|p1a: Pelipper|atk|1\n|-unboost|p1b: Incineroar|atk|1\n|turn|9\n|\n|t:|1776155510\n|move|p1b: Incineroar|Fake Out|p2b: Incineroar\n|-damage|p2b: Incineroar|7/100\n|cant|p2b: Incineroar|flinch\n|move|p2a: Greninja|Water Shuriken|p1b: Incineroar\n|-supereffective|p1b: Incineroar|1\n|-damage|p1b: Incineroar|34/100\n|-supereffective|p1b: Incineroar|1\n|-damage|p1b: Incineroar|20/100\n|-supereffective|p1b: Incineroar|1\n|-damage|p1b: Incineroar|7/100\n|-hitcount|p1b: Incineroar|3\n|move|p1a: Pelipper|Weather Ball|p2b: Incineroar\n|-supereffective|p2b: Incineroar|1\n|-damage|p2b: Incineroar|0 fnt\n|faint|p2b: Incineroar\n|\n|-weather|RainDance|[upkeep]\n|-heal|p1b: Incineroar|13/100|[from] item: Leftovers\n|upkeep\n|turn|10\n|\n|t:|1776155534\n|move|p1a: Pelipper|Hurricane|p2a: Greninja\n|-damage|p2a: Greninja|59/100\n|move|p2a: Greninja|Blizzard|p1a: Pelipper|[spread] p1a\n|-miss|p2a: Greninja|p1b: Incineroar\n|-damage|p1a: Pelipper|0 fnt\n|faint|p1a: Pelipper\n|move|p1b: Incineroar|Parting Shot|p2a: Greninja\n|-unboost|p2a: Greninja|atk|1\n|-unboost|p2a: Greninja|spa|1\n|\n|t:|1776155543\n|switch|p1b: Basculegion|Basculegion, L50, M, shiny|28/100|[from] Parting Shot\n|\n|-weather|RainDance|[upkeep]\n|upkeep\n|\n|t:|1776155547\n|switch|p1a: Incineroar|Incineroar, L50, M|13/100\n|-ability|p1a: Incineroar|Intimidate|boost\n|-unboost|p2a: Greninja|atk|1\n|turn|11\n|\n|t:|1776155555\n|move|p2a: Greninja|Protect|p2a: Greninja\n|-singleturn|p2a: Greninja|Protect\n|move|p1a: Incineroar|Fake Out|p2a: Greninja\n|-activate|p2a: Greninja|move: Protect\n|move|p1b: Basculegion|Wave Crash|p2a: Greninja\n|-activate|p2a: Greninja|move: Protect\n|\n|-weather|none\n|-heal|p1a: Incineroar|19/100|[from] item: Leftovers\n|-sideend|p1: Andizzn|move: Tailwind\n|upkeep\n|turn|12\n|\n|t:|1776155573\n|move|p1a: Incineroar|Helping Hand|p1b: Basculegion\n|-singleturn|p1b: Basculegion|Helping Hand|[of] p1a: Incineroar\n|move|p2a: Greninja|Dark Pulse|p1b: Basculegion\n|-supereffective|p1b: Basculegion|1\n|-damage|p1b: Basculegion|0 fnt\n|faint|p1b: Basculegion\n|\n|-heal|p1a: Incineroar|25/100|[from] item: Leftovers\n|upkeep\n|turn|13\n|\n|t:|1776155585\n|move|p2a: Greninja|Water Shuriken|p1a: Incineroar\n|-supereffective|p1a: Incineroar|1\n|-damage|p1a: Incineroar|19/100\n|-supereffective|p1a: Incineroar|1\n|-damage|p1a: Incineroar|13/100\n|-supereffective|p1a: Incineroar|1\n|-damage|p1a: Incineroar|7/100\n|-hitcount|p1a: Incineroar|3\n|move|p1a: Incineroar|Darkest Lariat|p2a: Greninja\n|-resisted|p2a: Greninja|1\n|-damage|p2a: Greninja|36/100\n|\n|-heal|p1a: Incineroar|13/100|[from] item: Leftovers\n|upkeep\n|turn|14\n|\n|t:|1776155599\n|move|p2a: Greninja|Water Shuriken|p1a: Incineroar\n|-supereffective|p1a: Incineroar|1\n|-damage|p1a: Incineroar|7/100\n|-supereffective|p1a: Incineroar|1\n|-damage|p1a: Incineroar|1/100\n|-supereffective|p1a: Incineroar|1\n|-damage|p1a: Incineroar|0 fnt\n|faint|p1a: Incineroar\n|-hitcount|p1: Incineroar|3\n|\n|win|4nil0m\n|raw|Andizzn's rating: 1000 &rarr; <strong>1000</strong><br />(+0 for losing)\n|raw|4nil0m's rating: 1004 &rarr; <strong>1043</strong><br />(+39 for winning)\n|l|\u2606Andizzn\n|player|p1|\n|c|\u26064nil0m|dammmmn\n",
  "uploadtime": 1776155733,
  "views": 22,
  "formatid": "gen9championsvgc2026regma",
  "rating": 1000,
  "private": 0,
  "password": null
}