{
  "id": "gen9championsvgc2026regma-2585191837",
  "format": "[Gen 9 Champions] VGC 2026 Reg M-A",
  "players": [
    "BlobbyStuntfisk",
    "Tzucci"
  ],
  "log": "|j|\u2606BlobbyStuntfisk\n|j|\u2606Tzucci\n|t:|1776323173\n|gametype|doubles\n|player|p1|BlobbyStuntfisk|266|1122\n|player|p2|Tzucci|169|1175\n|gen|9\n|tier|[Gen 9 Champions] VGC 2026 Reg M-A\n|rated|\n|rule|Species Clause: Limit one of each Pok\u00e9mon\n|rule|Item Clause: Limit 1 of each item\n|clearpoke\n|poke|p1|Torkoal, L50, F|\n|poke|p1|Abomasnow, L50, F|\n|poke|p1|Kleavor, L50, F|\n|poke|p1|Chimecho, L50, M|\n|poke|p1|Zoroark-Hisui, L50, M|\n|poke|p1|Incineroar, L50, F|\n|poke|p2|Tyranitar, L50, M|\n|poke|p2|Excadrill, L50, F|\n|poke|p2|Incineroar, L50, M|\n|poke|p2|Primarina, L50, F|\n|poke|p2|Farigiraf, L50, M|\n|poke|p2|Sinistcha, L50|\n|teampreview|4\n|\n|t:|1776323195\n|teamsize|p1|4\n|teamsize|p2|4\n|start\n|switch|p1a: Kleavor|Kleavor, L50, F|100/100\n|switch|p1b: Chimecho|Chimecho, L50, M|100/100\n|switch|p2a: GOJIRA|Tyranitar, L50, M|100/100\n|switch|p2b: SANDMAN|Excadrill, L50, F|100/100\n|-weather|Sandstorm|[from] ability: Sand Stream|[of] p2a: GOJIRA\n|turn|1\n|\n|t:|1776323217\n|move|p2b: SANDMAN|Swords Dance|p2b: SANDMAN\n|-boost|p2b: SANDMAN|atk|2\n|move|p1a: Kleavor|Close Combat|p2b: SANDMAN\n|-supereffective|p2b: SANDMAN|1\n|-enditem|p2b: SANDMAN|Focus Sash\n|-damage|p2b: SANDMAN|1/100\n|-unboost|p1a: Kleavor|def|1\n|-unboost|p1a: Kleavor|spd|1\n|move|p2a: GOJIRA|Taunt|p1b: Chimecho\n|-start|p1b: Chimecho|move: Taunt\n|-enditem|p1b: Chimecho|Mental Herb\n|-end|p1b: Chimecho|move: Taunt\n|move|p1b: Chimecho|Trick Room|p1b: Chimecho\n|-fieldstart|move: Trick Room|[of] p1b: Chimecho\n|\n|-weather|Sandstorm|[upkeep]\n|-damage|p1b: Chimecho|94/100|[from] Sandstorm\n|upkeep\n|turn|2\n|\n|t:|1776323236\n|switch|p2a: Farigiraf|Farigiraf, L50, M|100/100\n|move|p2b: SANDMAN|Protect|p2b: SANDMAN\n|-singleturn|p2b: SANDMAN|Protect\n|move|p1b: Chimecho|Dazzling Gleam|p2b: SANDMAN|[spread] p2a\n|-activate|p2b: SANDMAN|move: Protect\n|-damage|p2a: Farigiraf|87/100\n|move|p1a: Kleavor|Close Combat|p2a: Farigiraf\n|-damage|p2a: Farigiraf|45/100\n|-unboost|p1a: Kleavor|def|1\n|-unboost|p1a: Kleavor|spd|1\n|\n|-weather|Sandstorm|[upkeep]\n|-damage|p2a: Farigiraf|39/100|[from] Sandstorm\n|-damage|p1b: Chimecho|88/100|[from] Sandstorm\n|upkeep\n|turn|3\n|\n|t:|1776323264\n|switch|p2b: Sinistcha|Sinistcha, L50|100/100\n|-heal|p2a: Farigiraf|63/100|[from] ability: Hospitality|[of] p2b: Sinistcha\n|move|p1b: Chimecho|Dazzling Gleam|p2a: Farigiraf|[spread] p2a,p2b\n|-damage|p2a: Farigiraf|50/100\n|-damage|p2b: Sinistcha|87/100\n|move|p1a: Kleavor|Stone Axe|p2a: Farigiraf\n|-damage|p2a: Farigiraf|0 fnt\n|-sidestart|p2: Tzucci|move: Stealth Rock\n|faint|p2a: Farigiraf\n|\n|-weather|Sandstorm|[upkeep]\n|-damage|p1b: Chimecho|82/100|[from] Sandstorm\n|-damage|p2b: Sinistcha|81/100|[from] Sandstorm\n|upkeep\n|\n|t:|1776323279\n|switch|p2a: GOJIRA|Tyranitar, L50, M|100/100\n|-damage|p2a: GOJIRA|88/100|[from] Stealth Rock\n|turn|4\n|\n|t:|1776323290\n|move|p1b: Chimecho|Dazzling Gleam|p2a: GOJIRA|[spread] p2a,p2b\n|-supereffective|p2a: GOJIRA|1\n|-damage|p2a: GOJIRA|71/100\n|-damage|p2b: Sinistcha|65/100\n|move|p2b: Sinistcha|Matcha Gotcha|p1b: Chimecho|[spread] p1a,p1b\n|-damage|p1a: Kleavor|43/100\n|-heal|p2b: Sinistcha|91/100|[from] drain|[of] p1a: Kleavor\n|-damage|p1b: Chimecho|62/100\n|-heal|p2b: Sinistcha|100/100|[from] drain|[of] p1b: Chimecho\n|move|p2a: GOJIRA|Rock Slide|p1a: Kleavor|[spread] p1a,p1b\n|-supereffective|p1a: Kleavor|1\n|-crit|p1a: Kleavor\n|-damage|p1a: Kleavor|0 fnt\n|-damage|p1b: Chimecho|25/100\n|faint|p1a: Kleavor\n|\n|-weather|Sandstorm|[upkeep]\n|-damage|p1b: Chimecho|19/100|[from] Sandstorm\n|-damage|p2b: Sinistcha|94/100|[from] Sandstorm\n|upkeep\n|\n|t:|1776323320\n|switch|p1a: Torkoal|Torkoal, L50, F|100/100\n|-weather|SunnyDay|[from] ability: Drought|[of] p1a: Torkoal\n|turn|5\n|\n|t:|1776323341\n|detailschange|p2a: GOJIRA|Tyranitar-Mega, L50, M\n|-mega|p2a: GOJIRA|Tyranitar|Tyranitarite\n|-weather|Sandstorm|[from] ability: Sand Stream|[of] p2a: GOJIRA\n|move|p1a: Torkoal|Eruption|p2a: GOJIRA|[spread] p2a,p2b\n|-resisted|p2a: GOJIRA|1\n|-supereffective|p2b: Sinistcha|1\n|-damage|p2a: GOJIRA|57/100\n|-damage|p2b: Sinistcha|0 fnt\n|faint|p2b: Sinistcha\n|move|p1b: Chimecho|Hypnosis|p2a: GOJIRA|[miss]\n|-miss|p1b: Chimecho|p2a: GOJIRA\n|move|p2a: GOJIRA|Rock Slide|p1b: Chimecho|[spread] p1a,p1b\n|-supereffective|p1a: Torkoal|1\n|-damage|p1a: Torkoal|43/100\n|-damage|p1b: Chimecho|0 fnt\n|faint|p1b: Chimecho\n|\n|-weather|Sandstorm|[upkeep]\n|-damage|p1a: Torkoal|37/100|[from] Sandstorm\n|-fieldend|move: Trick Room\n|upkeep\n|\n|t:|1776323361\n|switch|p2b: SANDMAN|Excadrill, L50, F|1/100\n|switch|p1b: Abomasnow|Abomasnow, L50, F|100/100\n|-damage|p2b: SANDMAN|0 fnt|[from] Stealth Rock\n|faint|p2b: SANDMAN\n|-weather|Snowscape|[from] ability: Snow Warning|[of] p1b: Abomasnow\n|turn|6\n|\n|t:|1776323378\n|detailschange|p1b: Abomasnow|Abomasnow-Mega, L50, F\n|-mega|p1b: Abomasnow|Abomasnow|Abomasite\n|move|p1a: Torkoal|Helping Hand|p1b: Abomasnow\n|-singleturn|p1b: Abomasnow|Helping Hand|[of] p1a: Torkoal\n|move|p2a: GOJIRA|Rock Slide|p1a: Torkoal|[spread] p1a,p1b\n|-supereffective|p1a: Torkoal|1\n|-supereffective|p1b: Abomasnow|1\n|-damage|p1a: Torkoal|0 fnt\n|-damage|p1b: Abomasnow|53/100\n|faint|p1a: Torkoal\n|cant|p1b: Abomasnow|flinch\n|\n|-weather|Snowscape|[upkeep]\n|upkeep\n|turn|7\n|\n|t:|1776323394\n|move|p2a: GOJIRA|Rock Slide|p1b: Abomasnow\n|-supereffective|p1b: Abomasnow|1\n|-damage|p1b: Abomasnow|0 fnt\n|faint|p1b: Abomasnow\n|\n|win|Tzucci\n|raw|BlobbyStuntfisk's rating: 1122 &rarr; <strong>1101</strong><br />(-21 for losing)\n|raw|Tzucci's rating: 1175 &rarr; <strong>1196</strong><br />(+21 for winning)\n",
  "uploadtime": 1776323401,
  "views": 36,
  "formatid": "gen9championsvgc2026regma",
  "rating": 1101,
  "private": 0,
  "password": null
}