{
  "id": "gen9championsvgc2026regma-2588508326",
  "format": "[Gen 9 Champions] VGC 2026 Reg M-A",
  "players": [
    "Haxuz",
    "colfox"
  ],
  "log": "|j|\u2606Haxuz\n|j|\u203dcolfox\n|t:|1776639953\n|gametype|doubles\n|player|p1|Haxuz|rancher|1214\n|player|p2|colfox|101|1208\n|gen|9\n|tier|[Gen 9 Champions] VGC 2026 Reg M-A\n|rated|\n|rule|Species Clause: Limit one of each Pok\u00e9mon\n|rule|Item Clause: Limit 1 of each item\n|clearpoke\n|poke|p1|Delphox, L50, F|\n|poke|p1|Sneasler, L50, M|\n|poke|p1|Garchomp, L50, F|\n|poke|p1|Basculegion, L50, M|\n|poke|p1|Ninetales-Alola, L50, F|\n|poke|p1|Kingambit, L50, F|\n|poke|p2|Lucario, L50, F|\n|poke|p2|Weavile, L50, F|\n|poke|p2|Pelipper, L50, M|\n|poke|p2|Heliolisk, L50, M|\n|poke|p2|Dragapult, L50, F|\n|poke|p2|Primarina, L50, M|\n|teampreview|4\n|\n|t:|1776639988\n|teamsize|p1|4\n|teamsize|p2|4\n|start\n|switch|p1a: Sneasler|Sneasler, L50, M|100/100\n|switch|p1b: Garchomp|Garchomp, L50, F|100/100\n|switch|p2a: Weavile|Weavile, L50, F|100/100\n|switch|p2b: Primarina|Primarina, L50, M|100/100\n|-ability|p2a: Weavile|Pressure\n|turn|1\n|\n|t:|1776640006\n|move|p2a: Weavile|Fake Out|p1a: Sneasler\n|-damage|p1a: Sneasler|77/100\n|cant|p1a: Sneasler|flinch\n|move|p1b: Garchomp|Dragon Claw|p2a: Weavile\n|-damage|p2a: Weavile|35/100\n|move|p2b: Primarina|Moonblast|p1b: Garchomp\n|-supereffective|p1b: Garchomp|1\n|-damage|p1b: Garchomp|0 fnt\n|faint|p1b: Garchomp\n|\n|upkeep\n|\n|t:|1776640017\n|switch|p1b: Delphox|Delphox, L50, F|100/100\n|turn|2\n|inactive|Battle timer is ON: inactive players will automatically lose when time's up. (requested by Haxuz)\n|\n|t:|1776640051\n|detailschange|p1b: Delphox|Delphox-Mega, L50, F\n|-mega|p1b: Delphox|Delphox|Delphoxite\n|move|p1b: Delphox|Heat Wave|p2a: Weavile|[spread] p2a,p2b\n|-supereffective|p2a: Weavile|1\n|-resisted|p2b: Primarina|1\n|-damage|p2a: Weavile|0 fnt\n|-damage|p2b: Primarina|83/100\n|faint|p2a: Weavile\n|move|p1a: Sneasler|Dire Claw|p2b: Primarina\n|-supereffective|p2b: Primarina|1\n|-damage|p2b: Primarina|0 fnt\n|faint|p2b: Primarina\n|\n|upkeep\n|\n|t:|1776640064\n|switch|p2a: Dragapult|Dragapult, L50, F|100/100\n|switch|p2b: Lucario|Lucario, L50, F|100/100\n|turn|3\n|inactive|Haxuz has 30 seconds left.\n|\n|t:|1776640091\n|detailschange|p2b: Lucario|Lucario-Mega, L50, F\n|-mega|p2b: Lucario|Lucario|Lucarionite\n|move|p1b: Delphox|Protect|p1b: Delphox\n|-singleturn|p1b: Delphox|Protect\n|move|p2a: Dragapult|Phantom Force||[still]\n|-prepare|p2a: Dragapult|Phantom Force\n|move|p1a: Sneasler|Close Combat|p2b: Lucario\n|-supereffective|p2b: Lucario|1\n|-damage|p2b: Lucario|0 fnt\n|-unboost|p1a: Sneasler|def|1\n|-unboost|p1a: Sneasler|spd|1\n|faint|p2b: Lucario\n|-enditem|p1a: Sneasler|White Herb\n|-clearnegativeboost|p1a: Sneasler|[silent]\n|\n|upkeep\n|turn|4\n|inactive|Haxuz has 30 seconds left.\n|\n|t:|1776640120\n|switch|p1b: Ninetales|Ninetales-Alola, L50, F|100/100\n|-weather|Snowscape|[from] ability: Snow Warning|[of] p1b: Ninetales\n|move|p1a: Sneasler|Protect|p1a: Sneasler\n|-singleturn|p1a: Sneasler|Protect\n|move|p2a: Dragapult|Phantom Force|p1b: Ninetales|[from] lockedmove\n|-damage|p1b: Ninetales|63/100\n|\n|-weather|Snowscape|[upkeep]\n|upkeep\n|turn|5\n|\n|t:|1776640140\n|move|p1a: Sneasler|Dire Claw|p2a: Dragapult\n|-resisted|p2a: Dragapult|1\n|-damage|p2a: Dragapult|70/100\n|move|p2a: Dragapult|Dragon Darts|p1a: Sneasler\n|-damage|p1a: Sneasler|28/100\n|-anim|p2a: Dragapult|Dragon Darts|p1a: Sneasler\n|-damage|p1a: Sneasler|0 fnt\n|faint|p1a: Sneasler\n|move|p1b: Ninetales|Blizzard|p2a: Dragapult\n|-supereffective|p2a: Dragapult|1\n|-damage|p2a: Dragapult|0 fnt\n|faint|p2a: Dragapult\n|\n|win|Haxuz\n|raw|Haxuz's rating: 1214 &rarr; <strong>1239</strong><br />(+25 for winning)\n|raw|colfox's rating: 1208 &rarr; <strong>1183</strong><br />(-25 for losing)\n",
  "uploadtime": 1776640154,
  "views": 7,
  "formatid": "gen9championsvgc2026regma",
  "rating": 1183,
  "private": 0,
  "password": null
}