{
  "id": "gen9championsvgc2026regma-2586735255",
  "format": "[Gen 9 Champions] VGC 2026 Reg M-A",
  "players": [
    "Whitt8237",
    "NoxxinVGC"
  ],
  "log": "|j|\u2606Whitt8237\n|j|\u2606NoxxinVGC\n|t:|1776455818\n|gametype|doubles\n|player|p1|Whitt8237|nate|1154\n|player|p2|NoxxinVGC|266|1185\n|gen|9\n|tier|[Gen 9 Champions] VGC 2026 Reg M-A\n|rated|\n|rule|Species Clause: Limit one of each Pok\u00e9mon\n|rule|Item Clause: Limit 1 of each item\n|clearpoke\n|poke|p1|Glimmora, L50, M|\n|poke|p1|Gardevoir, L50, F|\n|poke|p1|Sinistcha, L50|\n|poke|p1|Pelipper, L50, F|\n|poke|p1|Archaludon, L50, M|\n|poke|p1|Kingambit, L50, M|\n|poke|p2|Delphox, L50, M|\n|poke|p2|Basculegion, L50, M|\n|poke|p2|Clefable, L50, F|\n|poke|p2|Kingambit, L50, F|\n|poke|p2|Dragonite, L50, M|\n|poke|p2|Sneasler, L50, F|\n|teampreview|4\n|inactive|Battle timer is ON: inactive players will automatically lose when time's up. (requested by NoxxinVGC)\n|inactive|Whitt8237 has 60 seconds left.\n|inactive|NoxxinVGC has 60 seconds left.\n|\n|t:|1776455862\n|teamsize|p1|4\n|teamsize|p2|4\n|start\n|switch|p1a: Pelipper|Pelipper, L50, F|100/100\n|switch|p1b: Archaludon|Archaludon, L50, M|100/100\n|switch|p2a: Delphox|Delphox, L50, M, shiny|100/100\n|switch|p2b: Sneasler|Sneasler, L50, F|100/100\n|-weather|RainDance|[from] ability: Drizzle|[of] p1a: Pelipper\n|turn|1\n|inactive|Whitt8237 has 30 seconds left.\n|inactive|NoxxinVGC has 30 seconds left.\n|\n|t:|1776455895\n|switch|p1a: Kingambit|Kingambit, L50, M|100/100\n|detailschange|p2a: Delphox|Delphox-Mega, L50, M, shiny\n|-mega|p2a: Delphox|Delphox|Delphoxite\n|move|p2a: Delphox|Psychic|p1a: Kingambit\n|-immune|p1a: Kingambit\n|move|p2b: Sneasler|Close Combat|p1b: Archaludon\n|-supereffective|p1b: Archaludon|1\n|-ability|p1b: Archaludon|Sturdy\n|-damage|p1b: Archaludon|1/100\n|-unboost|p2b: Sneasler|def|1\n|-unboost|p2b: Sneasler|spd|1\n|move|p1b: Archaludon|Electro Shot||[still]\n|-prepare|p1b: Archaludon|Electro Shot\n|-boost|p1b: Archaludon|spa|1\n|-anim|p1b: Archaludon|Electro Shot|p2a: Delphox\n|-damage|p2a: Delphox|21/100\n|\n|-weather|RainDance|[upkeep]\n|upkeep\n|turn|2\n|\n|t:|1776455920\n|move|p1b: Archaludon|Protect|p1b: Archaludon\n|-singleturn|p1b: Archaludon|Protect\n|move|p1a: Kingambit|Sucker Punch|p2b: Sneasler\n|-resisted|p2b: Sneasler|1\n|-damage|p2b: Sneasler|48/100\n|move|p2a: Delphox|Calm Mind|p2a: Delphox\n|-boost|p2a: Delphox|spa|1\n|-boost|p2a: Delphox|spd|1\n|move|p2b: Sneasler|Close Combat|p1b: Archaludon\n|-activate|p1b: Archaludon|move: Protect\n|\n|-weather|RainDance|[upkeep]\n|upkeep\n|turn|3\n|inactive|Whitt8237 has 30 seconds left.\n|\n|t:|1776455948\n|switch|p2b: Clefable|Clefable, L50, F|100/100\n|move|p2a: Delphox|Protect|p2a: Delphox\n|-singleturn|p2a: Delphox|Protect\n|move|p1a: Kingambit|Sucker Punch||[still]\n|-fail|p1a: Kingambit\n|move|p1b: Archaludon|Thunderbolt|p2a: Delphox\n|-activate|p2a: Delphox|move: Protect\n|\n|-weather|RainDance|[upkeep]\n|upkeep\n|turn|4\n|inactive|Whitt8237 has 30 seconds left.\n|inactive|NoxxinVGC has 30 seconds left.\n|\n|t:|1776455976\n|switch|p1a: Pelipper|Pelipper, L50, F|100/100\n|move|p1b: Archaludon|Protect|p1b: Archaludon\n|-singleturn|p1b: Archaludon|Protect\n|move|p2b: Clefable|Follow Me|p2b: Clefable\n|-singleturn|p2b: Clefable|move: Follow Me\n|move|p2a: Delphox|Heat Wave|p1a: Pelipper|[spread] p1a\n|-activate|p1b: Archaludon|move: Protect\n|-resisted|p1a: Pelipper|1\n|-damage|p1a: Pelipper|75/100\n|-status|p1a: Pelipper|brn\n|\n|-weather|RainDance|[upkeep]\n|-damage|p1a: Pelipper|69/100 brn|[from] brn\n|upkeep\n|turn|5\n|\n|t:|1776455992\n|move|p2b: Clefable|Follow Me|p2b: Clefable\n|-singleturn|p2b: Clefable|move: Follow Me\n|move|p2a: Delphox|Heat Wave|p1b: Archaludon|[spread] p1a,p1b\n|-resisted|p1a: Pelipper|1\n|-damage|p1a: Pelipper|41/100 brn\n|-damage|p1b: Archaludon|0 fnt\n|faint|p1b: Archaludon\n|move|p1a: Pelipper|Tailwind|p1a: Pelipper\n|-sidestart|p1: Whitt8237|move: Tailwind\n|\n|-weather|none\n|-damage|p1a: Pelipper|35/100 brn|[from] brn\n|upkeep\n|\n|t:|1776456001\n|switch|p1b: Glimmora|Glimmora, L50, M|100/100\n|turn|6\n|\n|t:|1776456015\n|switch|p1a: Kingambit|Kingambit, L50, M|100/100\n|detailschange|p1b: Glimmora|Glimmora-Mega, L50, M\n|-mega|p1b: Glimmora|Glimmora|Glimmoranite\n|move|p2b: Clefable|Follow Me|p2b: Clefable\n|-singleturn|p2b: Clefable|move: Follow Me\n|move|p1b: Glimmora|Sludge Wave|p2b: Clefable|[spread] p2a,p2b\n|-immune|p1a: Kingambit\n|-supereffective|p2b: Clefable|1\n|-damage|p2a: Delphox|0 fnt\n|-damage|p2b: Clefable|1/100\n|-enditem|p2b: Clefable|Sitrus Berry|[eat]\n|-heal|p2b: Clefable|26/100|[from] item: Sitrus Berry\n|faint|p2a: Delphox\n|\n|upkeep\n|\n|t:|1776456038\n|switch|p2a: Sneasler|Sneasler, L50, F|48/100\n|turn|7\n|\n|t:|1776456052\n|move|p1b: Glimmora|Spiky Shield|p1b: Glimmora\n|-singleturn|p1b: Glimmora|move: Protect\n|move|p2a: Sneasler|Fake Out|p1b: Glimmora\n|-activate|p1b: Glimmora|move: Protect\n|-damage|p2a: Sneasler|35/100|[from] Spiky Shield|[of] p1b: Glimmora\n|move|p1a: Kingambit|Sucker Punch||[still]\n|-fail|p1a: Kingambit\n|move|p2b: Clefable|Moonblast|p1a: Kingambit\n|-damage|p1a: Kingambit|70/100\n|-unboost|p1a: Kingambit|spa|1\n|-ability|p1a: Kingambit|Defiant|boost\n|-boost|p1a: Kingambit|atk|2\n|\n|upkeep\n|turn|8\n|\n|t:|1776456073\n|move|p2b: Clefable|Follow Me|p2b: Clefable\n|-singleturn|p2b: Clefable|move: Follow Me\n|move|p1b: Glimmora|Sludge Wave|p2a: Sneasler|[spread] p2a,p2b\n|-immune|p1a: Kingambit\n|-resisted|p2a: Sneasler|1\n|-supereffective|p2b: Clefable|1\n|-damage|p2a: Sneasler|0 fnt\n|-damage|p2b: Clefable|0 fnt\n|faint|p2a: Sneasler\n|faint|p2b: Clefable\n|move|p1a: Kingambit|Kowtow Cleave|p2: Sneasler|[notarget]\n|-fail|p1a: Kingambit\n|\n|-sideend|p1: Whitt8237|move: Tailwind\n|upkeep\n|\n|t:|1776456086\n|switch|p2b: Basculegion|Basculegion, L50, M|100/100\n|turn|9\n|\n|t:|1776456094\n|move|p1b: Glimmora|Spiky Shield|p1b: Glimmora\n|-singleturn|p1b: Glimmora|move: Protect\n|move|p1a: Kingambit|Sucker Punch|p2b: Basculegion\n|-supereffective|p2b: Basculegion|1\n|-damage|p2b: Basculegion|0 fnt\n|faint|p2b: Basculegion\n|\n|win|Whitt8237\n|raw|Whitt8237's rating: 1154 &rarr; <strong>1181</strong><br />(+27 for winning)\n|raw|NoxxinVGC's rating: 1185 &rarr; <strong>1158</strong><br />(-27 for losing)\n|c|\u2606Whitt8237|gg\n",
  "uploadtime": 1776456110,
  "views": 32,
  "formatid": "gen9championsvgc2026regma",
  "rating": 1158,
  "private": 0,
  "password": null
}