{
  "id": "gen9championsvgc2026regma-2583965537",
  "format": "[Gen 9 Champions] VGC 2026 Reg M-A",
  "players": [
    "TehPinguen",
    "BillPokeForm"
  ],
  "log": "|j|\u2606TehPinguen\n|j|\u2606BillPokeForm\n|t:|1776212470\n|gametype|doubles\n|player|p1|TehPinguen|lady|1000\n|player|p2|BillPokeForm|170|1082\n|gen|9\n|tier|[Gen 9 Champions] VGC 2026 Reg M-A\n|rated|\n|rule|Species Clause: Limit one of each Pok\u00e9mon\n|rule|Item Clause: Limit 1 of each item\n|clearpoke\n|poke|p1|Froslass, L50, F|\n|poke|p1|Ninetales-Alola, L50, M|\n|poke|p1|Conkeldurr, L50, F|\n|poke|p1|Clefable, L50, F|\n|poke|p1|Basculegion, L50, M|\n|poke|p1|Incineroar, L50, M|\n|poke|p2|Blastoise, L50, F|\n|poke|p2|Sinistcha, L50|\n|poke|p2|Camerupt, L50, F|\n|poke|p2|Farigiraf, L50, F|\n|poke|p2|Corviknight, L50, M|\n|poke|p2|Tyranitar, L50, M|\n|teampreview|4\n|inactive|Battle timer is ON: inactive players will automatically lose when time's up. (requested by TehPinguen)\n|\n|t:|1776212513\n|teamsize|p1|4\n|teamsize|p2|4\n|start\n|switch|p1a: Froslass|Froslass, L50, F|100/100\n|switch|p1b: Basculegion|Basculegion, L50, M|100/100\n|switch|p2a: Farigiraf|Farigiraf, L50, F|100/100\n|switch|p2b: Blastoise|Blastoise, L50, F|100/100\n|turn|1\n|inactive|TehPinguen has 30 seconds left.\n|\n|t:|1776212545\n|detailschange|p1a: Froslass|Froslass-Mega, L50, F\n|-mega|p1a: Froslass|Froslass|Froslassite\n|-weather|Snowscape|[from] ability: Snow Warning|[of] p1a: Froslass\n|move|p1b: Basculegion|Flip Turn|p2a: Farigiraf\n|-damage|p2a: Farigiraf|66/100\n|\n|t:|1776212554\n|switch|p1b: Conkeldurr|Conkeldurr, L50, F|100/100|[from] Flip Turn\n|move|p1a: Froslass|Nasty Plot|p1a: Froslass\n|-boost|p1a: Froslass|spa|2\n|move|p2b: Blastoise|Flip Turn|p1a: Froslass\n|-damage|p1a: Froslass|79/100\n|\n|t:|1776212564\n|switch|p2b: Camerupt|Camerupt, L50, F|100/100|[from] Flip Turn\n|move|p2a: Farigiraf|Trick Room|p2a: Farigiraf\n|-fieldstart|move: Trick Room|[of] p2a: Farigiraf\n|\n|-weather|Snowscape|[upkeep]\n|upkeep\n|turn|2\n|\n|t:|1776212582\n|detailschange|p2b: Camerupt|Camerupt-Mega, L50, F\n|-mega|p2b: Camerupt|Camerupt|Cameruptite\n|move|p1b: Conkeldurr|Wide Guard|p1b: Conkeldurr\n|-singleturn|p1b: Conkeldurr|Wide Guard\n|move|p2b: Camerupt|Heat Wave|p1a: Froslass|[spread] \n|-activate|p1a: Froslass|move: Wide Guard\n|-activate|p1b: Conkeldurr|move: Wide Guard\n|move|p2a: Farigiraf|Psychic|p1b: Conkeldurr\n|-supereffective|p1b: Conkeldurr|1\n|-damage|p1b: Conkeldurr|46/100\n|move|p1a: Froslass|Blizzard|p2b: Camerupt|[spread] p2a,p2b\n|-damage|p2a: Farigiraf|0 fnt\n|-damage|p2b: Camerupt|17/100\n|faint|p2a: Farigiraf\n|\n|-weather|Snowscape|[upkeep]\n|upkeep\n|\n|t:|1776212605\n|switch|p2a: Tyranitar|Tyranitar, L50, M|100/100\n|-weather|Sandstorm|[from] ability: Sand Stream|[of] p2a: Tyranitar\n|turn|3\n|\n|t:|1776212615\n|switch|p1a: Basculegion|Basculegion, L50, M|100/100\n|move|p2a: Tyranitar|Protect|p2a: Tyranitar\n|-singleturn|p2a: Tyranitar|Protect\n|move|p1b: Conkeldurr|Mach Punch|p2b: Camerupt\n|-damage|p2b: Camerupt|0 fnt\n|faint|p2b: Camerupt\n|\n|-weather|Sandstorm|[upkeep]\n|-damage|p1b: Conkeldurr|40/100|[from] Sandstorm\n|-damage|p1a: Basculegion|94/100|[from] Sandstorm\n|upkeep\n|\n|t:|1776212627\n|switch|p2b: Blastoise|Blastoise, L50, F|100/100\n|turn|4\n|\n|t:|1776212635\n|move|p1b: Conkeldurr|Wide Guard|p1b: Conkeldurr\n|-singleturn|p1b: Conkeldurr|Wide Guard\n|move|p2b: Blastoise|Fake Out|p1b: Conkeldurr\n|-damage|p1b: Conkeldurr|33/100\n|move|p2a: Tyranitar|Knock Off|p1a: Basculegion\n|-supereffective|p1a: Basculegion|1\n|-damage|p1a: Basculegion|0 fnt\n|-enditem|p1a: Basculegion|Choice Scarf|[from] move: Knock Off|[of] p2a: Tyranitar\n|faint|p1a: Basculegion\n|\n|-weather|Sandstorm|[upkeep]\n|-damage|p1b: Conkeldurr|26/100|[from] Sandstorm\n|-damage|p2b: Blastoise|94/100|[from] Sandstorm\n|upkeep\n|\n|t:|1776212650\n|switch|p1a: Froslass|Froslass-Mega, L50, F|79/100\n|-weather|Snowscape|[from] ability: Snow Warning|[of] p1a: Froslass\n|turn|5\n|\n|t:|1776212670\n|move|p1a: Froslass|Protect|p1a: Froslass\n|-singleturn|p1a: Froslass|Protect\n|move|p1b: Conkeldurr|Drain Punch|p2a: Tyranitar\n|-supereffective|p2a: Tyranitar|2\n|-damage|p2a: Tyranitar|0 fnt\n|-heal|p1b: Conkeldurr|75/100|[from] drain|[of] p2a: Tyranitar\n|faint|p2a: Tyranitar\n|move|p2b: Blastoise|Ice Beam|p1b: Conkeldurr\n|-damage|p1b: Conkeldurr|54/100\n|-status|p1b: Conkeldurr|frz\n|\n|-weather|Snowscape|[upkeep]\n|-fieldend|move: Trick Room\n|upkeep\n|turn|6\n|-message|BillPokeForm forfeited.\n|\n|win|TehPinguen\n|raw|TehPinguen's rating: 1000 &rarr; <strong>1049</strong><br />(+49 for winning)\n|raw|BillPokeForm's rating: 1082 &rarr; <strong>1055</strong><br />(-27 for losing)\n|l|\u2606BillPokeForm\n|player|p2|\n",
  "uploadtime": 1776212686,
  "views": 15,
  "formatid": "gen9championsvgc2026regma",
  "rating": 1049,
  "private": 0,
  "password": null
}