{
  "id": "gen9championsvgc2026regma-2586602632",
  "format": "[Gen 9 Champions] VGC 2026 Reg M-A",
  "players": [
    "IdkImScared",
    "konopacz"
  ],
  "log": "|j|\u2606IdkImScared\n|j|\u2606konopacz\n|t:|1776446094\n|gametype|doubles\n|player|p1|IdkImScared|workerice|1326\n|player|p2|konopacz|102|1400\n|gen|9\n|tier|[Gen 9 Champions] VGC 2026 Reg M-A\n|rated|\n|rule|Species Clause: Limit one of each Pok\u00e9mon\n|rule|Item Clause: Limit 1 of each item\n|clearpoke\n|poke|p1|Kommo-o, L50, M|\n|poke|p1|Aerodactyl, L50, M|\n|poke|p1|Sinistcha, L50|\n|poke|p1|Tyranitar, L50, F|\n|poke|p1|Excadrill, L50, F|\n|poke|p1|Rotom-Wash, L50|\n|poke|p2|Garchomp, L50, M|\n|poke|p2|Floette-Eternal, L50, F|\n|poke|p2|Orthworm, L50, F|\n|poke|p2|Aerodactyl, L50, M|\n|poke|p2|Basculegion, L50, M|\n|poke|p2|Rotom-Wash, L50|\n|teampreview|4\n|\n|t:|1776446167\n|teamsize|p1|4\n|teamsize|p2|4\n|start\n|switch|p1a: Don Carlos|Aerodactyl, L50, M|100/100\n|switch|p1b: Undyne|Tyranitar, L50, F|100/100\n|switch|p2a: Floette|Floette-Eternal, L50, F|100/100\n|switch|p2b: Orthworm|Orthworm, L50, F|100/100\n|-ability|p1a: Don Carlos|Unnerve\n|-weather|Sandstorm|[from] ability: Sand Stream|[of] p1b: Undyne\n|turn|1\n|inactive|Battle timer is ON: inactive players will automatically lose when time's up. (requested by IdkImScared)\n|\n|t:|1776446236\n|detailschange|p2a: Floette|Floette-Mega, L50, F\n|-mega|p2a: Floette|Floette|Floettite\n|-ability|p2a: Floette|Fairy Aura\n|move|p1b: Undyne|Protect|p1b: Undyne\n|-singleturn|p1b: Undyne|Protect\n|move|p1a: Don Carlos|Tailwind|p1a: Don Carlos\n|-sidestart|p1: IdkImScared|move: Tailwind\n|move|p2a: Floette|Dazzling Gleam|p1b: Undyne|[spread] p1a\n|-activate|p1b: Undyne|move: Protect\n|-damage|p1a: Don Carlos|58/100\n|move|p2b: Orthworm|Body Press|p1b: Undyne\n|-activate|p1b: Undyne|move: Protect\n|\n|-weather|Sandstorm|[upkeep]\n|-damage|p2a: Floette|95/100|[from] Sandstorm\n|upkeep\n|turn|2\n|inactive|konopacz has 30 seconds left.\n|inactive|konopacz has 20 seconds left.\n|inactive|konopacz has 15 seconds left.\n|inactive|konopacz has 10 seconds left.\n|\n|t:|1776446283\n|detailschange|p1b: Undyne|Tyranitar-Mega, L50, F\n|-mega|p1b: Undyne|Tyranitar|Tyranitarite\n|move|p1a: Don Carlos|Rock Slide|p2b: Orthworm|[spread] p2a\n|-miss|p1a: Don Carlos|p2b: Orthworm\n|-damage|p2a: Floette|63/100\n|move|p1b: Undyne|Rock Slide|p2b: Orthworm|[spread] p2a,p2b\n|-resisted|p2b: Orthworm|1\n|-damage|p2a: Floette|17/100\n|-damage|p2b: Orthworm|90/100\n|cant|p2a: Floette|flinch\n|move|p2b: Orthworm|Shed Tail|p2b: Orthworm\n|-start|p2b: Orthworm|Substitute|[from] move: Shed Tail\n|-damage|p2b: Orthworm|39/100\n|\n|t:|1776446299\n|switch|p2b: Garchomp|Garchomp, L50, M|100/100|[from] Shed Tail\n|\n|-weather|Sandstorm|[upkeep]\n|-damage|p2a: Floette|11/100|[from] Sandstorm\n|upkeep\n|turn|3\n|\n|t:|1776446312\n|switch|p2a: Orthworm|Orthworm, L50, F|39/100\n|move|p1a: Don Carlos|Rock Slide|p2b: Garchomp|[spread] p2a,p2b\n|-resisted|p2b: Garchomp|1\n|-activate|p2b: Garchomp|move: Substitute|[damage]\n|-resisted|p2a: Orthworm|1\n|-damage|p2a: Orthworm|32/100\n|move|p1b: Undyne|Ice Punch|p2b: Garchomp\n|-supereffective|p2b: Garchomp|2\n|-end|p2b: Garchomp|Substitute\n|move|p2b: Garchomp|Earthquake|p1a: Don Carlos|[spread] p1b\n|-heal|p2a: Orthworm|57/100|[from] ability: Earth Eater|[of] p2b: Garchomp\n|-immune|p1a: Don Carlos\n|-supereffective|p1b: Undyne|1\n|-crit|p1b: Undyne\n|-damage|p1b: Undyne|14/100\n|\n|-weather|Sandstorm|[upkeep]\n|-heal|p2a: Orthworm|63/100|[from] item: Leftovers\n|upkeep\n|turn|4\n|inactive|konopacz has 30 seconds left.\n|\n|t:|1776446346\n|switch|p1b: Maytag|Rotom-Wash, L50|100/100\n|move|p1a: Don Carlos|Protect|p1a: Don Carlos\n|-singleturn|p1a: Don Carlos|Protect\n|move|p2b: Garchomp|Protect|p2b: Garchomp\n|-singleturn|p2b: Garchomp|Protect\n|move|p2a: Orthworm|Heavy Slam|p1b: Maytag\n|-resisted|p1b: Maytag|2\n|-crit|p1b: Maytag\n|-damage|p1b: Maytag|86/100\n|\n|-weather|Sandstorm|[upkeep]\n|-damage|p1b: Maytag|80/100|[from] Sandstorm\n|-heal|p2a: Orthworm|69/100|[from] item: Leftovers\n|-sideend|p1: IdkImScared|move: Tailwind\n|upkeep\n|turn|5\n|\n|t:|1776446367\n|move|p2b: Garchomp|Protect||[still]\n|-fail|p2b: Garchomp\n|move|p1a: Don Carlos|Tailwind|p1a: Don Carlos\n|-sidestart|p1: IdkImScared|move: Tailwind\n|move|p1b: Maytag|Hydro Pump|p2a: Orthworm\n|-damage|p2a: Orthworm|0 fnt\n|faint|p2a: Orthworm\n|\n|-weather|none\n|upkeep\n|\n|t:|1776446374\n|switch|p2a: Rotom|Rotom-Wash, L50|100/100\n|turn|6\n|\n|t:|1776446387\n|move|p1a: Don Carlos|Protect|p1a: Don Carlos\n|-singleturn|p1a: Don Carlos|Protect\n|move|p1b: Maytag|Volt Switch|p2a: Rotom\n|-damage|p2a: Rotom|55/100\n|\n|t:|1776446399\n|switch|p1b: Alphys|Excadrill, L50, F|100/100|[from] Volt Switch\n|move|p2a: Rotom|Electroweb|p1a: Don Carlos|[spread] \n|-activate|p1a: Don Carlos|move: Protect\n|-immune|p1b: Alphys\n|move|p2b: Garchomp|Dragon Claw|p1b: Alphys\n|-resisted|p1b: Alphys|1\n|-damage|p1b: Alphys|73/100\n|\n|upkeep\n|turn|7\n|inactive|konopacz has 30 seconds left.\n|\n|t:|1776446428\n|move|p1a: Don Carlos|Rock Slide|p2a: Rotom|[spread] p2a,p2b\n|-resisted|p2b: Garchomp|1\n|-damage|p2a: Rotom|21/100\n|-damage|p2b: Garchomp|88/100\n|move|p1b: Alphys|Earthquake|p2b: Garchomp|[spread] p2b\n|-immune|p1a: Don Carlos\n|-immune|p2a: Rotom|[from] ability: Levitate\n|-damage|p2b: Garchomp|39/100\n|move|p2a: Rotom|Electroweb|p1b: Alphys|[spread] p1a\n|-immune|p1b: Alphys\n|-supereffective|p1a: Don Carlos|1\n|-damage|p1a: Don Carlos|7/100\n|-unboost|p1a: Don Carlos|spe|1\n|move|p2b: Garchomp|Earthquake|p1a: Don Carlos|[spread] p1b\n|-immune|p2a: Rotom|[from] ability: Levitate\n|-immune|p1a: Don Carlos\n|-supereffective|p1b: Alphys|1\n|-damage|p1b: Alphys|0 fnt\n|faint|p1b: Alphys\n|\n|upkeep\n|inactive|IdkImScared has 30 seconds left.\n|\n|t:|1776446463\n|switch|p1b: Maytag|Rotom-Wash, L50|80/100\n|turn|8\n|\n|t:|1776446478\n|switch|p1a: Undyne|Tyranitar-Mega, L50, F|14/100\n|-weather|Sandstorm|[from] ability: Sand Stream|[of] p1a: Undyne\n|move|p2b: Garchomp|Protect|p2b: Garchomp\n|-singleturn|p2b: Garchomp|Protect\n|move|p1b: Maytag|Volt Switch|p2a: Rotom\n|-damage|p2a: Rotom|0 fnt\n|faint|p2a: Rotom\n|\n|t:|1776446487\n|switch|p1b: Don Carlos|Aerodactyl, L50, M|7/100|[from] Volt Switch\n|-ability|p1b: Don Carlos|Unnerve\n|\n|-weather|Sandstorm|[upkeep]\n|-sideend|p1: IdkImScared|move: Tailwind\n|upkeep\n|\n|t:|1776446489\n|switch|p2a: Floette|Floette-Mega, L50, F|11/100\n|-ability|p2a: Floette|Fairy Aura\n|turn|9\n|\n|t:|1776446501\n|move|p2a: Floette|Protect|p2a: Floette\n|-singleturn|p2a: Floette|Protect\n|move|p1b: Don Carlos|Tailwind|p1b: Don Carlos\n|-sidestart|p1: IdkImScared|move: Tailwind\n|move|p1a: Undyne|Ice Punch|p2b: Garchomp\n|-supereffective|p2b: Garchomp|2\n|-damage|p2b: Garchomp|0 fnt\n|-damage|p1a: Undyne|1/100|[from] ability: Rough Skin|[of] p2b: Garchomp\n|faint|p2b: Garchomp\n|\n|-weather|Sandstorm|[upkeep]\n|-damage|p2a: Floette|5/100|[from] Sandstorm\n|upkeep\n|turn|10\n|c|\u2606IdkImScared|Gg\n|inactive|konopacz has 30 seconds left.\n|l|\u2606konopacz\n|inactive|konopacz disconnected and has a minute to reconnect!\n|player|p2|\n|inactive|konopacz has 20 seconds left.\n|inactive|konopacz has 15 seconds left.\n|inactive|konopacz has 10 seconds left.\n|inactive|konopacz has 5 seconds left.\n|-message|konopacz lost due to inactivity.\n|\n|win|IdkImScared\n|raw|IdkImScared's rating: 1326 &rarr; <strong>1350</strong><br />(+24 for winning)\n|raw|konopacz's rating: 1400 &rarr; <strong>1376</strong><br />(-24 for losing)\n",
  "uploadtime": 1776446564,
  "views": 53,
  "formatid": "gen9championsvgc2026regma",
  "rating": 1350,
  "private": 0,
  "password": null
}