{
  "id": "gen9championsvgc2026regma-2585466492",
  "format": "[Gen 9 Champions] VGC 2026 Reg M-A",
  "players": [
    "Paquito40",
    "Dualforce"
  ],
  "log": "|j|\u2606Paquito40\n|j|\u2606Dualforce\n|t:|1776349187\n|gametype|doubles\n|player|p1|Paquito40|101|1085\n|player|p2|Dualforce|acetrainerf|1108\n|gen|9\n|tier|[Gen 9 Champions] VGC 2026 Reg M-A\n|rated|\n|rule|Species Clause: Limit one of each Pok\u00e9mon\n|rule|Item Clause: Limit 1 of each item\n|clearpoke\n|poke|p1|Kangaskhan, L50, F|\n|poke|p1|Pelipper, L50, F|\n|poke|p1|Aggron, L50, F|\n|poke|p1|Manectric, L50, F|\n|poke|p1|Sinistcha, L50|\n|poke|p1|Basculegion, L50, M|\n|poke|p2|Tyranitar, L50, M|\n|poke|p2|Rotom-Wash, L50|\n|poke|p2|Garchomp, L50, F|\n|poke|p2|Aerodactyl, L50, F|\n|poke|p2|Sinistcha, L50|\n|poke|p2|Sneasler, L50, F|\n|teampreview|4\nPaquito40 has agreed to open team sheets.\n|inactive|Battle timer is ON: inactive players will automatically lose when time's up. (requested by Paquito40)\n|inactive|Paquito40 has 60 seconds left.\nDualforce rejected open team sheets.\n|\n|t:|1776349250\n|teamsize|p1|4\n|teamsize|p2|4\n|start\n|switch|p1a: Kangaskhan|Kangaskhan, L50, F|100/100\n|switch|p1b: Manectric|Manectric, L50, F|100/100\n|switch|p2a: Sneasler|Sneasler, L50, F|100/100\n|switch|p2b: Rotom|Rotom-Wash, L50|100/100\n|turn|1\n|inactive|Paquito40 has 30 seconds left.\n|\n|t:|1776349282\n|detailschange|p1b: Manectric|Manectric-Mega, L50, F\n|-mega|p1b: Manectric|Manectric|Manectite\n|-ability|p1b: Manectric|Intimidate|boost\n|-unboost|p2a: Sneasler|atk|1\n|-unboost|p2b: Rotom|atk|1\n|-enditem|p2a: Sneasler|White Herb\n|-clearnegativeboost|p2a: Sneasler|[silent]\n|move|p2a: Sneasler|Fake Out|p1a: Kangaskhan\n|-damage|p1a: Kangaskhan|85/100\n|move|p1a: Kangaskhan|Fake Out|p2a: Sneasler\n|-damage|p2a: Sneasler|70/100\n|move|p2b: Rotom|Hydro Pump|p1b: Manectric\n|-damage|p1b: Manectric|31/100\n|move|p1b: Manectric|Snarl|p2a: Sneasler|[spread] p2a,p2b\n|-resisted|p2a: Sneasler|1\n|-damage|p2a: Sneasler|60/100\n|-damage|p2b: Rotom|79/100\n|-unboost|p2a: Sneasler|spa|1\n|-unboost|p2b: Rotom|spa|1\n|\n|upkeep\n|turn|2\n|inactive|Dualforce has 30 seconds left.\n|\n|t:|1776349308\n|move|p1b: Manectric|Protect|p1b: Manectric\n|-singleturn|p1b: Manectric|Protect\n|move|p1a: Kangaskhan|Sucker Punch|p2b: Rotom\n|-damage|p2b: Rotom|48/100\n|move|p2a: Sneasler|Close Combat|p1a: Kangaskhan\n|-supereffective|p1a: Kangaskhan|1\n|-enditem|p1a: Kangaskhan|Chople Berry|[eat]\n|-enditem|p1a: Kangaskhan|Chople Berry|[weaken]\n|-damage|p1a: Kangaskhan|21/100\n|-unboost|p2a: Sneasler|def|1\n|-unboost|p2a: Sneasler|spd|1\n|move|p2b: Rotom|Hydro Pump|p1b: Manectric\n|-activate|p1b: Manectric|move: Protect\n|\n|upkeep\n|turn|3\n|inactive|Paquito40 has 30 seconds left.\n|inactive|Paquito40 has 20 seconds left.\n|\n|t:|1776349344\n|switch|p2a: Garchomp|Garchomp, L50, F|100/100\n|switch|p1b: Basculegion|Basculegion, L50, M|100/100\n|move|p1a: Kangaskhan|Sucker Punch|p2b: Rotom\n|-damage|p2b: Rotom|16/100\n|move|p2b: Rotom|Hydro Pump|p1b: Basculegion\n|-resisted|p1b: Basculegion|1\n|-damage|p1b: Basculegion|82/100\n|\n|upkeep\n|turn|4\n|inactive|Paquito40 has 30 seconds left.\n|inactive|Dualforce has 30 seconds left.\n|\n|t:|1776349373\n|switch|p2b: Sneasler|Sneasler, L50, F|60/100\n|switch|p1a: Pelipper|Pelipper, L50, F|100/100\n|-weather|RainDance|[from] ability: Drizzle|[of] p1a: Pelipper\n|move|p1b: Basculegion|Wave Crash|p2a: Garchomp\n|-damage|p2a: Garchomp|0 fnt\n|faint|p2a: Garchomp\n|-damage|p1b: Basculegion|51/100|[from] Recoil\n|\n|-weather|RainDance|[upkeep]\n|upkeep\n|\n|t:|1776349384\n|switch|p2a: Rotom|Rotom-Wash, L50|16/100\n|turn|5\n|\n|t:|1776349398\n|move|p2b: Sneasler|Protect|p2b: Sneasler\n|-singleturn|p2b: Sneasler|Protect\n|move|p1b: Basculegion|Wave Crash|p2a: Rotom\n|-resisted|p2a: Rotom|1\n|-damage|p2a: Rotom|0 fnt\n|faint|p2a: Rotom\n|-damage|p1b: Basculegion|48/100|[from] Recoil\n|move|p1a: Pelipper|Hurricane|p2b: Sneasler\n|-activate|p2b: Sneasler|move: Protect\n|\n|-weather|RainDance|[upkeep]\n|upkeep\n|\n|t:|1776349409\n|switch|p2a: Tyranitar|Tyranitar, L50, M|100/100\n|-weather|Sandstorm|[from] ability: Sand Stream|[of] p2a: Tyranitar\n|turn|6\n|\n|t:|1776349420\n|switch|p1a: Kangaskhan|Kangaskhan, L50, F|21/100\n|detailschange|p2a: Tyranitar|Tyranitar-Mega, L50, M\n|-mega|p2a: Tyranitar|Tyranitar|Tyranitarite\n|move|p1b: Basculegion|Protect|p1b: Basculegion\n|-singleturn|p1b: Basculegion|Protect\n|move|p2a: Tyranitar|Protect|p2a: Tyranitar\n|-singleturn|p2a: Tyranitar|Protect\n|move|p2b: Sneasler|Dire Claw|p1b: Basculegion\n|-activate|p1b: Basculegion|move: Protect\n|\n|-weather|Sandstorm|[upkeep]\n|-damage|p2b: Sneasler|54/100|[from] Sandstorm\n|-damage|p1b: Basculegion|42/100|[from] Sandstorm\n|-damage|p1a: Kangaskhan|15/100|[from] Sandstorm\n|upkeep\n|turn|7\n|inactive|Dualforce has 30 seconds left.\n|inactive|Dualforce has 20 seconds left.\n|inactive|Dualforce has 15 seconds left.\n|inactive|Dualforce has 10 seconds left.\n|inactive|Dualforce has 5 seconds left.\n|\n|t:|1776349476\n|switch|p1b: Manectric|Manectric-Mega, L50, F|31/100\n|-ability|p1b: Manectric|Intimidate|boost\n|-unboost|p2a: Tyranitar|atk|1\n|-unboost|p2b: Sneasler|atk|1\n|move|p2b: Sneasler|Dire Claw|p1a: Kangaskhan\n|-damage|p1a: Kangaskhan|0 fnt\n|faint|p1a: Kangaskhan\n|move|p2a: Tyranitar|Rock Slide|p1b: Manectric\n|-damage|p1b: Manectric|0 fnt\n|faint|p1b: Manectric\n|\n|-weather|Sandstorm|[upkeep]\n|-damage|p2b: Sneasler|48/100|[from] Sandstorm\n|upkeep\n|\n|t:|1776349489\n|switch|p1b: Basculegion|Basculegion, L50, M|42/100\n|switch|p1a: Pelipper|Pelipper, L50, F|100/100\n|-weather|RainDance|[from] ability: Drizzle|[of] p1a: Pelipper\n|turn|8\n|inactive|Dualforce has 30 seconds left.\n|inactive|Dualforce has 20 seconds left.\n|inactive|Dualforce has 15 seconds left.\n|\n|t:|1776349534\n|move|p1b: Basculegion|Protect|p1b: Basculegion\n|-singleturn|p1b: Basculegion|Protect\n|move|p2b: Sneasler|Dire Claw|p1b: Basculegion\n|-activate|p1b: Basculegion|move: Protect\n|move|p1a: Pelipper|Hurricane|p2b: Sneasler\n|-supereffective|p2b: Sneasler|1\n|-damage|p2b: Sneasler|0 fnt\n|faint|p2b: Sneasler\n|move|p2a: Tyranitar|Knock Off|p1b: Basculegion\n|-activate|p1b: Basculegion|move: Protect\n|\n|-weather|RainDance|[upkeep]\n|upkeep\n|turn|9\n|inactive|Dualforce has 30 seconds left.\n|inactive|Dualforce has 20 seconds left.\n|-message|Dualforce forfeited.\n|\n|win|Paquito40\n|raw|Paquito40's rating: 1085 &rarr; <strong>1114</strong><br />(+29 for winning)\n|raw|Dualforce's rating: 1108 &rarr; <strong>1081</strong><br />(-27 for losing)\n|l|\u2606Dualforce\n|player|p2|\n",
  "uploadtime": 1776349682,
  "views": 36,
  "formatid": "gen9championsvgc2026regma",
  "rating": 1081,
  "private": 0,
  "password": null
}