{
  "id": "gen9championsvgc2026regma-2586092799",
  "format": "[Gen 9 Champions] VGC 2026 Reg M-A",
  "players": [
    "mytestteams",
    "doomwhisper"
  ],
  "log": "|j|\u2606mytestteams\n|j|\u2606doomwhisper\n|t:|1776398170\n|gametype|doubles\n|player|p1|mytestteams|burglar|1383\n|player|p2|doomwhisper|marshal|1366\n|gen|9\n|tier|[Gen 9 Champions] VGC 2026 Reg M-A\n|rated|\n|rule|Species Clause: Limit one of each Pok\u00e9mon\n|rule|Item Clause: Limit 1 of each item\n|clearpoke\n|poke|p1|Klefki, L50, F|\n|poke|p1|Golurk, L50|\n|poke|p1|Drampa, L50, F|\n|poke|p1|Sinistcha-Masterpiece, L50|\n|poke|p1|Araquanid, L50, M|\n|poke|p1|Kingambit, L50, F|\n|poke|p2|Charizard, L50, F|\n|poke|p2|Milotic, L50, M|\n|poke|p2|Aegislash, L50, F|\n|poke|p2|Sneasler, L50, F|\n|poke|p2|Aerodactyl, L50, M|\n|poke|p2|Sylveon, L50, M|\n|teampreview|4\n|\n|t:|1776398219\n|teamsize|p1|4\n|teamsize|p2|4\n|start\n|switch|p1a: Klefki|Klefki, L50, F, shiny|100/100\n|switch|p1b: Araquanid|Araquanid, L50, M|100/100\n|switch|p2a: Sneasler|Sneasler, L50, F|100/100\n|switch|p2b: Charizard|Charizard, L50, F|100/100\n|turn|1\n|\n|t:|1776398235\n|detailschange|p2b: Charizard|Charizard-Mega-X, L50, F\n|-mega|p2b: Charizard|Charizard|Charizardite X\n|move|p2a: Sneasler|Fake Out|p1b: Araquanid\n|-damage|p1b: Araquanid|85/100\n|cant|p1b: Araquanid|flinch\n|move|p1a: Klefki|Light Screen|p1a: Klefki\n|-sidestart|p1: mytestteams|move: Light Screen\n|move|p2b: Charizard|Flare Blitz|p1a: Klefki\n|-supereffective|p1a: Klefki|1\n|-crit|p1a: Klefki\n|-enditem|p1a: Klefki|Occa Berry|[eat]\n|-enditem|p1a: Klefki|Occa Berry|[weaken]\n|-damage|p1a: Klefki|0 fnt\n|faint|p1a: Klefki\n|-damage|p2b: Charizard|71/100|[from] Recoil\n|\n|-heal|p1b: Araquanid|91/100|[from] item: Leftovers\n|upkeep\n|\n|t:|1776398250\n|switch|p1a: Drampa|Drampa, L50, F|100/100\n|-ability|p1a: Drampa|Cloud Nine\n|turn|2\n|\n|t:|1776398261\n|switch|p1a: Golurk|Golurk, L50, shiny|100/100\n|move|p2a: Sneasler|Dire Claw|p1b: Araquanid\n|-damage|p1b: Araquanid|42/100\n|move|p2b: Charizard|Dragon Claw|p1a: Golurk\n|-crit|p1a: Golurk\n|-damage|p1a: Golurk|10/100\n|move|p1b: Araquanid|Liquidation|p2a: Sneasler\n|-damage|p2a: Sneasler|0 fnt\n|faint|p2a: Sneasler\n|\n|-heal|p1b: Araquanid|48/100|[from] item: Leftovers\n|upkeep\n|\n|t:|1776398273\n|switch|p2a: Sylveon|Sylveon, L50, M|100/100\n|turn|3\n|inactive|Battle timer is ON: inactive players will automatically lose when time's up. (requested by doomwhisper)\n|\n|t:|1776398294\n|move|p1b: Araquanid|Wide Guard|p1b: Araquanid\n|-singleturn|p1b: Araquanid|Wide Guard\n|move|p2b: Charizard|Dragon Claw|p1b: Araquanid\n|-damage|p1b: Araquanid|0 fnt\n|faint|p1b: Araquanid\n|move|p2a: Sylveon|Hyper Voice|p1a: Golurk\n|-activate|p1a: Golurk|move: Wide Guard\n|move|p1a: Golurk|Headlong Rush|p2b: Charizard\n|-supereffective|p2b: Charizard|1\n|-damage|p2b: Charizard|0 fnt\n|-unboost|p1a: Golurk|def|1\n|-unboost|p1a: Golurk|spd|1\n|faint|p2b: Charizard\n|\n|upkeep\n|\n|t:|1776398302\n|switch|p2b: Aegislash|Aegislash, L50, F|100/100\n|switch|p1b: Drampa|Drampa, L50, F|100/100\n|-ability|p1b: Drampa|Cloud Nine\n|turn|4\n|\n|t:|1776398310\n|detailschange|p1b: Drampa|Drampa-Mega, L50, F\n|-mega|p1b: Drampa|Drampa|Drampanite\n|move|p1a: Golurk|Protect|p1a: Golurk\n|-singleturn|p1a: Golurk|Protect\n|-formechange|p2b: Aegislash|Aegislash-Blade|\n|move|p2b: Aegislash|Shadow Sneak|p1a: Golurk\n|-activate|p1a: Golurk|move: Protect\n|move|p2a: Sylveon|Hyper Voice|p1a: Golurk|[spread] p1b\n|-activate|p1a: Golurk|move: Protect\n|-supereffective|p1b: Drampa|1\n|-damage|p1b: Drampa|53/100\n|move|p1b: Drampa|Earth Power|p2b: Aegislash\n|-supereffective|p2b: Aegislash|1\n|-damage|p2b: Aegislash|0 fnt\n|faint|p2b: Aegislash\n|\n|upkeep\n|turn|5\n|\n|t:|1776398328\n|move|p2a: Sylveon|Protect|p2a: Sylveon\n|-singleturn|p2a: Sylveon|Protect\n|move|p1a: Golurk|Headlong Rush|p2a: Sylveon\n|-activate|p2a: Sylveon|move: Protect\n|move|p1b: Drampa|Hyper Voice|p2a: Sylveon\n|-activate|p2a: Sylveon|move: Protect\n|\n|-sideend|p1: mytestteams|move: Light Screen\n|upkeep\n|turn|6\n|\n|t:|1776398334\n|move|p2a: Sylveon|Hyper Voice|p1b: Drampa|[spread] p1a,p1b\n|-supereffective|p1b: Drampa|1\n|-damage|p1a: Golurk|0 fnt\n|-damage|p1b: Drampa|0 fnt\n|faint|p1a: Golurk\n|faint|p1b: Drampa\n|\n|win|doomwhisper\n|raw|mytestteams's rating: 1383 &rarr; <strong>1362</strong><br />(-21 for losing)\n|raw|doomwhisper's rating: 1366 &rarr; <strong>1387</strong><br />(+21 for winning)\n|l|\u2606mytestteams\n|player|p1|\n",
  "uploadtime": 1776398339,
  "views": 42,
  "formatid": "gen9championsvgc2026regma",
  "rating": 1362,
  "private": 0,
  "password": null
}