{
  "id": "gen9championsvgc2026regma-2589396059",
  "format": "[Gen 9 Champions] VGC 2026 Reg M-A",
  "players": [
    "gorillastew",
    "WhatAreWorms"
  ],
  "log": "|j|\u2606gorillastew\n|j|\u2606WhatAreWorms\n|t:|1776719565\n|gametype|doubles\n|player|p1|gorillastew|clerkf|1100\n|player|p2|WhatAreWorms|265|1000\n|gen|9\n|tier|[Gen 9 Champions] VGC 2026 Reg M-A\n|rated|\n|rule|Species Clause: Limit one of each Pok\u00e9mon\n|rule|Item Clause: Limit 1 of each item\n|clearpoke\n|poke|p1|Glimmora, L50, M|\n|poke|p1|Talonflame, L50, M|\n|poke|p1|Sinistcha, L50|\n|poke|p1|Tauros-Paldea-Aqua, L50, M|\n|poke|p1|Orthworm, L50, F|\n|poke|p1|Mimikyu, L50, M|\n|poke|p2|Talonflame, L50, M, shiny|\n|poke|p2|Appletun, L50, F, shiny|\n|poke|p2|Toxapex, L50, M, shiny|\n|poke|p2|Rhyperior, L50, F, shiny|\n|poke|p2|Gardevoir, L50, M, shiny|\n|poke|p2|Sableye, L50, F, shiny|\n|teampreview|4\n|\n|t:|1776719600\n|teamsize|p1|4\n|teamsize|p2|4\n|start\n|switch|p1a: Tauros|Tauros-Paldea-Aqua, L50, M|100/100\n|switch|p1b: Glimmora|Glimmora, L50, M|100/100\n|switch|p2a: T-Flame|Talonflame, L50, M, shiny|100/100\n|switch|p2b: Mr Rhino|Rhyperior, L50, F, shiny|100/100\n|-ability|p1a: Tauros|Intimidate|boost\n|-unboost|p2a: T-Flame|atk|1\n|-unboost|p2b: Mr Rhino|atk|1\n|turn|1\n|\n|t:|1776719635\n|move|p1b: Glimmora|Spiky Shield|p1b: Glimmora\n|-singleturn|p1b: Glimmora|move: Protect\n|move|p2a: T-Flame|Tailwind|p2a: T-Flame\n|-sidestart|p2: WhatAreWorms|move: Tailwind\n|move|p2b: Mr Rhino|Earthquake|p1b: Glimmora|[spread] p1a\n|-activate|p1b: Glimmora|move: Protect\n|-immune|p2a: T-Flame\n|-damage|p1a: Tauros|68/100\n|move|p1a: Tauros|Wave Crash|p2b: Mr Rhino\n|-supereffective|p2b: Mr Rhino|2\n|-damage|p2b: Mr Rhino|0 fnt\n|faint|p2b: Mr Rhino\n|-damage|p1a: Tauros|26/100|[from] Recoil\n|\n|upkeep\n|\n|t:|1776719649\n|switch|p2b: Free Candy|Toxapex, L50, M, shiny|100/100\n|turn|2\n|\n|t:|1776719665\n|detailschange|p1b: Glimmora|Glimmora-Mega, L50, M\n|-mega|p1b: Glimmora|Glimmora|Glimmoranite\n|move|p2b: Free Candy|Baneful Bunker|p2b: Free Candy\n|-singleturn|p2b: Free Candy|move: Protect\n|move|p2a: T-Flame|Dual Wingbeat|p1a: Tauros\n|-supereffective|p1a: Tauros|1\n|-crit|p1a: Tauros\n|-damage|p1a: Tauros|0 fnt\n|faint|p1a: Tauros\n|-hitcount|p1: Tauros|1\n|move|p1b: Glimmora|Power Gem|p2a: T-Flame\n|-supereffective|p2a: T-Flame|2\n|-damage|p2a: T-Flame|0 fnt\n|faint|p2a: T-Flame\n|\n|upkeep\n|\n|t:|1776719680\n|switch|p2a: Gem|Sableye, L50, F, shiny|100/100\n|switch|p1a: Orthworm|Orthworm, L50, F|100/100\n|turn|3\n|\n|t:|1776719710\n|detailschange|p2a: Gem|Sableye-Mega, L50, F, shiny\n|-mega|p2a: Gem|Sableye|Sablenite\n|move|p1b: Glimmora|Spiky Shield|p1b: Glimmora\n|-singleturn|p1b: Glimmora|move: Protect\n|move|p2a: Gem|Shadow Claw|p1b: Glimmora\n|-activate|p1b: Glimmora|move: Protect\n|-damage|p2a: Gem|89/100|[from] Spiky Shield|[of] p1b: Glimmora\n|move|p2b: Free Candy|Muddy Water|p1a: Orthworm|[spread] p1a\n|-activate|p1b: Glimmora|move: Protect\n|-damage|p1a: Orthworm|78/100\n|move|p1a: Orthworm|Iron Defense|p1a: Orthworm\n|-boost|p1a: Orthworm|def|2\n|\n|-heal|p1a: Orthworm|85/100|[from] item: Leftovers\n|upkeep\n|turn|4\n|\n|t:|1776719741\n|move|p1b: Glimmora|Power Gem|p2a: Gem\n|-damage|p2a: Gem|16/100\n|move|p2a: Gem|Shadow Claw|p1b: Glimmora\n|-damage|p1b: Glimmora|70/100\n|move|p2b: Free Candy|Muddy Water|p1b: Glimmora|[spread] p1a,p1b\n|-supereffective|p1b: Glimmora|1\n|-damage|p1a: Orthworm|60/100\n|-damage|p1b: Glimmora|39/100\n|-unboost|p1b: Glimmora|accuracy|1\n|move|p1a: Orthworm|Iron Defense|p1a: Orthworm\n|-boost|p1a: Orthworm|def|2\n|\n|-heal|p1a: Orthworm|67/100|[from] item: Leftovers\n|-sideend|p2: WhatAreWorms|move: Tailwind\n|upkeep\n|turn|5\n|\n|t:|1776719765\n|move|p1b: Glimmora|Spiky Shield|p1b: Glimmora\n|-singleturn|p1b: Glimmora|move: Protect\n|move|p2a: Gem|Sucker Punch||[still]\n|-fail|p2a: Gem\n|move|p1a: Orthworm|Body Press|p2b: Free Candy\n|-resisted|p2b: Free Candy|1\n|-damage|p2b: Free Candy|66/100\n|move|p2b: Free Candy|Liquidation|p1b: Glimmora\n|-activate|p1b: Glimmora|move: Protect\n|-damage|p2b: Free Candy|54/100|[from] Spiky Shield|[of] p1b: Glimmora\n|\n|-heal|p1a: Orthworm|73/100|[from] item: Leftovers\n|upkeep\n|turn|6\n|\n|t:|1776719788\n|move|p2b: Free Candy|Baneful Bunker|p2b: Free Candy\n|-singleturn|p2b: Free Candy|move: Protect\n|move|p2a: Gem|Sucker Punch|p1b: Glimmora\n|-damage|p1b: Glimmora|6/100\n|move|p1b: Glimmora|Earth Power|p2b: Free Candy\n|-activate|p2b: Free Candy|move: Protect\n|move|p1a: Orthworm|Heavy Slam|p2a: Gem\n|-damage|p2a: Gem|2/100\n|\n|-heal|p1a: Orthworm|79/100|[from] item: Leftovers\n|upkeep\n|turn|7\n|inactive|Battle timer is ON: inactive players will automatically lose when time's up. (requested by gorillastew)\n|\n|t:|1776719828\n|move|p1b: Glimmora|Spiky Shield|p1b: Glimmora\n|-singleturn|p1b: Glimmora|move: Protect\n|move|p1a: Orthworm|Heavy Slam|p2a: Gem\n|-damage|p2a: Gem|0 fnt\n|faint|p2a: Gem\n|move|p2b: Free Candy|Muddy Water|p1a: Orthworm|[spread] \n|-activate|p1b: Glimmora|move: Protect\n|-miss|p2b: Free Candy|p1a: Orthworm\n|\n|-heal|p1a: Orthworm|85/100|[from] item: Leftovers\n|upkeep\n|turn|8\n|\n|t:|1776719845\n|move|p2b: Free Candy|Baneful Bunker|p2b: Free Candy\n|-singleturn|p2b: Free Candy|move: Protect\n|move|p1b: Glimmora|Earth Power|p2b: Free Candy\n|-activate|p2b: Free Candy|move: Protect\n|move|p1a: Orthworm|Body Press|p2b: Free Candy\n|-activate|p2b: Free Candy|move: Protect\n|\n|-heal|p1a: Orthworm|91/100|[from] item: Leftovers\n|upkeep\n|turn|9\n|\n|t:|1776719859\n|move|p1b: Glimmora|Earth Power|p2b: Free Candy|[miss]\n|-miss|p1b: Glimmora|p2b: Free Candy\n|move|p1a: Orthworm|Body Press|p2b: Free Candy\n|-resisted|p2b: Free Candy|1\n|-damage|p2b: Free Candy|19/100\n|-enditem|p2b: Free Candy|Sitrus Berry|[eat]\n|-heal|p2b: Free Candy|44/100|[from] item: Sitrus Berry\n|move|p2b: Free Candy|Muddy Water|p1b: Glimmora|[spread] p1a,p1b\n|-supereffective|p1b: Glimmora|1\n|-crit|p1b: Glimmora\n|-damage|p1a: Orthworm|68/100\n|-damage|p1b: Glimmora|0 fnt\n|-unboost|p1a: Orthworm|accuracy|1\n|faint|p1b: Glimmora\n|\n|-heal|p1a: Orthworm|74/100|[from] item: Leftovers\n|upkeep\n|\n|t:|1776719873\n|switch|p1b: Mimikyu|Mimikyu, L50, M|100/100\n|turn|10\n|\n|t:|1776719889\n|move|p1b: Mimikyu|Shadow Claw|p2b: Free Candy\n|-damage|p2b: Free Candy|20/100\n|move|p1a: Orthworm|Iron Defense|p1a: Orthworm\n|-boost|p1a: Orthworm|def|2\n|move|p2b: Free Candy|Toxic|p1b: Mimikyu\n|-status|p1b: Mimikyu|tox\n|\n|-heal|p1a: Orthworm|80/100|[from] item: Leftovers\n|-damage|p1b: Mimikyu|94/100 tox|[from] psn\n|upkeep\n|turn|11\n|\n|t:|1776719905\n|move|p2b: Free Candy|Baneful Bunker|p2b: Free Candy\n|-singleturn|p2b: Free Candy|move: Protect\n|move|p1b: Mimikyu|Shadow Claw|p2b: Free Candy\n|-activate|p2b: Free Candy|move: Protect\n|move|p1a: Orthworm|Body Press|p2b: Free Candy\n|-activate|p2b: Free Candy|move: Protect\n|\n|-heal|p1a: Orthworm|86/100|[from] item: Leftovers\n|-damage|p1b: Mimikyu|82/100 tox|[from] psn\n|upkeep\n|turn|12\n|\n|t:|1776719924\n|move|p1b: Mimikyu|Shadow Claw|p2b: Free Candy\n|-damage|p2b: Free Candy|0 fnt\n|faint|p2b: Free Candy\n|\n|win|gorillastew\n|raw|gorillastew's rating: 1100 &rarr; <strong>1118</strong><br />(+18 for winning)\n|raw|WhatAreWorms's rating: 1000 &rarr; <strong>1000</strong><br />(+0 for losing)\n|l|\u2606WhatAreWorms\n|player|p2|\n",
  "uploadtime": 1776719932,
  "views": 6,
  "formatid": "gen9championsvgc2026regma",
  "rating": 1000,
  "private": 0,
  "password": null
}