{
  "id": "gen9championsvgc2026regma-2584234403",
  "format": "[Gen 9 Champions] VGC 2026 Reg M-A",
  "players": [
    "Periquet",
    "Niko highway"
  ],
  "log": "|j|\u2606Periquet\n|j|\u2606Niko highway\n|t:|1776241412\n|gametype|doubles\n|player|p1|Periquet|swimmer-gen4|1269\n|player|p2|Niko highway|1|1373\n|gen|9\n|tier|[Gen 9 Champions] VGC 2026 Reg M-A\n|rated|\n|rule|Species Clause: Limit one of each Pok\u00e9mon\n|rule|Item Clause: Limit 1 of each item\n|clearpoke\n|poke|p1|Charizard, L50, F|\n|poke|p1|Venusaur, L50, M|\n|poke|p1|Sneasler, L50, F|\n|poke|p1|Basculegion, L50, M|\n|poke|p1|Incineroar, L50, M|\n|poke|p1|Whimsicott, L50, M|\n|poke|p2|Incineroar, L50, F|\n|poke|p2|Conkeldurr, L50, F|\n|poke|p2|Sinistcha, L50|\n|poke|p2|Cofagrigus, L50, M|\n|poke|p2|Drampa, L50, M|\n|poke|p2|Aegislash, L50, F|\n|teampreview|4\n|inactive|Battle timer is ON: inactive players will automatically lose when time's up. (requested by Periquet)\n|\n|t:|1776241435\n|teamsize|p1|4\n|teamsize|p2|4\n|start\n|switch|p1a: Whimsicott|Whimsicott, L50, M|100/100\n|switch|p1b: Incineroar|Incineroar, L50, M|100/100\n|switch|p2a: Incineroar|Incineroar, L50, F|100/100\n|switch|p2b: Cofagrigus|Cofagrigus, L50, M|100/100\n|-ability|p1b: Incineroar|Intimidate|boost\n|-unboost|p2a: Incineroar|atk|1\n|-unboost|p2b: Cofagrigus|atk|1\n|-ability|p2a: Incineroar|Intimidate|boost\n|-unboost|p1a: Whimsicott|atk|1\n|-unboost|p1b: Incineroar|atk|1\n|turn|1\n|inactive|Niko highway has 30 seconds left.\n|\n|t:|1776241469\n|move|p1b: Incineroar|Fake Out|p2a: Incineroar\n|-damage|p2a: Incineroar|93/100\n|move|p1a: Whimsicott|Tailwind|p1a: Whimsicott\n|-sidestart|p1: Periquet|move: Tailwind\n|cant|p2a: Incineroar|flinch\n|move|p2b: Cofagrigus|Trick Room|p2b: Cofagrigus\n|-fieldstart|move: Trick Room|[of] p2b: Cofagrigus\n|\n|upkeep\n|turn|2\n|\n|t:|1776241483\n|switch|p2b: Conkeldurr|Conkeldurr, L50, F|100/100\n|move|p1a: Whimsicott|Encore||[still]\n|-fail|p1a: Whimsicott\n|move|p2a: Incineroar|Flare Blitz|p1a: Whimsicott\n|-supereffective|p1a: Whimsicott|1\n|-damage|p1a: Whimsicott|8/100\n|-damage|p2a: Incineroar|70/100|[from] Recoil\n|move|p1b: Incineroar|Parting Shot|p2a: Incineroar\n|-unboost|p2a: Incineroar|atk|1\n|-unboost|p2a: Incineroar|spa|1\n|\n|t:|1776241496\n|switch|p1b: Venusaur|Venusaur, L50, M|100/100|[from] Parting Shot\n|\n|upkeep\n|turn|3\n|\n|t:|1776241503\n|move|p2b: Conkeldurr|Mach Punch|p1a: Whimsicott\n|-resisted|p1a: Whimsicott|1\n|-damage|p1a: Whimsicott|0 fnt\n|faint|p1a: Whimsicott\n|move|p2a: Incineroar|Parting Shot|p1b: Venusaur\n|-unboost|p1b: Venusaur|atk|1\n|-unboost|p1b: Venusaur|spa|1\n|\n|t:|1776241511\n|switch|p2a: Drampa|Drampa, L50, M|100/100|[from] Parting Shot\n|-ability|p2a: Drampa|Cloud Nine\n|move|p1b: Venusaur|Sleep Powder|p2b: Conkeldurr\n|-status|p2b: Conkeldurr|slp|[from] move: Sleep Powder\n|\n|upkeep\n|\n|t:|1776241519\n|switch|p1a: Incineroar|Incineroar, L50, M|100/100\n|-ability|p1a: Incineroar|Intimidate|boost\n|-unboost|p2a: Drampa|atk|1\n|-unboost|p2b: Conkeldurr|atk|1\n|turn|4\n|\n|t:|1776241526\n|move|p2a: Drampa|Protect|p2a: Drampa\n|-singleturn|p2a: Drampa|Protect\n|cant|p2b: Conkeldurr|slp\n|move|p1a: Incineroar|Fake Out|p2a: Drampa\n|-activate|p2a: Drampa|move: Protect\n|move|p1b: Venusaur|Sleep Powder|p2a: Drampa\n|-activate|p2a: Drampa|move: Protect\n|\n|-sideend|p1: Periquet|move: Tailwind\n|upkeep\n|turn|5\n|\n|t:|1776241537\n|move|p2a: Drampa|Hyper Voice|p1b: Venusaur|[spread] p1a,p1b\n|-damage|p1a: Incineroar|60/100\n|-damage|p1b: Venusaur|58/100\n|-curestatus|p2b: Conkeldurr|slp|[msg]\n|move|p2b: Conkeldurr|Drain Punch|p1a: Incineroar\n|-supereffective|p1a: Incineroar|1\n|-damage|p1a: Incineroar|0 fnt\n|faint|p1a: Incineroar\n|move|p1b: Venusaur|Sleep Powder|p2a: Drampa\n|-status|p2a: Drampa|slp|[from] move: Sleep Powder\n|\n|-heal|p1b: Venusaur|64/100|[from] item: Leftovers\n|-fieldend|move: Trick Room\n|upkeep\n|\n|t:|1776241545\n|switch|p1a: Charizard|Charizard, L50, F, shiny|100/100\n|turn|6\n|\n|t:|1776241549\n|detailschange|p1a: Charizard|Charizard-Mega-Y, L50, F, shiny\n|-mega|p1a: Charizard|Charizard|Charizardite Y\n|-weather|SunnyDay|[from] ability: Drought|[of] p1a: Charizard\n|cant|p2a: Drampa|slp\n|move|p2b: Conkeldurr|Wide Guard|p2b: Conkeldurr\n|-singleturn|p2b: Conkeldurr|Wide Guard\n|move|p1a: Charizard|Heat Wave|p2a: Drampa|[spread] \n|-activate|p2a: Drampa|move: Wide Guard\n|-activate|p2b: Conkeldurr|move: Wide Guard\n|move|p1b: Venusaur|Sleep Powder|p2b: Conkeldurr\n|-status|p2b: Conkeldurr|slp|[from] move: Sleep Powder\n|\n|-weather|SunnyDay|[upkeep]\n|-heal|p1b: Venusaur|70/100|[from] item: Leftovers\n|upkeep\n|turn|7\n|l|\u2606Periquet\n|inactive|Periquet disconnected and has a minute to reconnect!\n|player|p1|\n|j|\u2606Periquet\n|inactive|Periquet reconnected and has 50 seconds left.\n|player|p1|Periquet|swimmer-gen4|\n|\n|t:|1776241570\n|switch|p2b: Incineroar|Incineroar, L50, F|70/100\n|-ability|p2b: Incineroar|Intimidate|boost\n|-unboost|p1a: Charizard|atk|1\n|-unboost|p1b: Venusaur|atk|1\n|move|p1a: Charizard|Heat Wave|p2b: Incineroar|[spread] p2a,p2b\n|-resisted|p2a: Drampa|1\n|-resisted|p2b: Incineroar|1\n|-damage|p2a: Drampa|78/100 slp\n|-damage|p2b: Incineroar|51/100\n|move|p1b: Venusaur|Leech Seed|p2a: Drampa\n|-start|p2a: Drampa|move: Leech Seed\n|cant|p2a: Drampa|slp\n|\n|-weather|SunnyDay|[upkeep]\n|-heal|p1b: Venusaur|76/100|[from] item: Leftovers\n|-damage|p2a: Drampa|65/100 slp|[from] Leech Seed|[of] p1b: Venusaur\n|-heal|p1b: Venusaur|89/100|[silent]\n|upkeep\n|turn|8\n|l|\u2606Periquet\n|inactive|Periquet disconnected and has a minute to reconnect!\n|player|p1|\n|j|\u2606Periquet\n|inactive|Periquet reconnected and has 40 seconds left.\n|player|p1|Periquet|swimmer-gen4|\n|\n|t:|1776241594\n|move|p1a: Charizard|Air Slash|p2a: Drampa\n|-damage|p2a: Drampa|20/100 slp\n|move|p1b: Venusaur|Sludge Bomb|p2a: Drampa\n|-damage|p2a: Drampa|0 fnt\n|faint|p2a: Drampa\n|move|p2b: Incineroar|Flare Blitz|p1b: Venusaur\n|-supereffective|p1b: Venusaur|1\n|-damage|p1b: Venusaur|0 fnt\n|faint|p1b: Venusaur\n|-damage|p2b: Incineroar|26/100|[from] Recoil\n|-enditem|p2b: Incineroar|Sitrus Berry|[eat]\n|-heal|p2b: Incineroar|51/100|[from] item: Sitrus Berry\n|\n|-weather|SunnyDay|[upkeep]\n|upkeep\n|\n|t:|1776241606\n|switch|p2a: Conkeldurr|Conkeldurr, L50, F|100/100 slp\n|turn|9\n|\n|t:|1776241615\n|cant|p2a: Conkeldurr|slp\n|move|p1a: Charizard|Air Slash|p2b: Incineroar\n|-damage|p2b: Incineroar|9/100\n|move|p2b: Incineroar|Parting Shot|p1a: Charizard\n|-unboost|p1a: Charizard|atk|1\n|-unboost|p1a: Charizard|spa|1\n|\n|t:|1776241621\n|switch|p2b: Cofagrigus|Cofagrigus, L50, M|100/100|[from] Parting Shot\n|\n|-weather|SunnyDay|[upkeep]\n|upkeep\n|turn|10\n|-message|Periquet forfeited.\n|\n|win|Niko highway\n|raw|Periquet's rating: 1269 &rarr; <strong>1251</strong><br />(-18 for losing)\n|raw|Niko highway's rating: 1373 &rarr; <strong>1387</strong><br />(+14 for winning)\n|l|\u2606Periquet\n|player|p1|\n",
  "uploadtime": 1776241634,
  "views": 43,
  "formatid": "gen9championsvgc2026regma",
  "rating": 1251,
  "private": 0,
  "password": null
}