{
  "id": "gen9championsvgc2026regma-2585407558",
  "format": "[Gen 9 Champions] VGC 2026 Reg M-A",
  "players": [
    "MassonJr",
    "Azure Resolution"
  ],
  "log": "|j|\u2606MassonJr\n|j|\u2606Azure Resolution\n|t:|1776345104\n|gametype|doubles\n|player|p1|MassonJr|2|1145\n|player|p2|Azure Resolution|gentleman-gen4dp|1075\n|gen|9\n|tier|[Gen 9 Champions] VGC 2026 Reg M-A\n|rated|\n|rule|Species Clause: Limit one of each Pok\u00e9mon\n|rule|Item Clause: Limit 1 of each item\n|clearpoke\n|poke|p1|Pelipper, L50, F|\n|poke|p1|Meganium, L50, M|\n|poke|p1|Archaludon, L50, M|\n|poke|p1|Incineroar, L50, F|\n|poke|p1|Sinistcha, L50|\n|poke|p1|Basculegion, L50, M|\n|poke|p2|Altaria, L50, F|\n|poke|p2|Delphox, L50, F|\n|poke|p2|Kingambit, L50, M|\n|poke|p2|Basculegion, L50, M|\n|poke|p2|Rotom-Wash, L50|\n|poke|p2|Sableye, L50, F|\n|teampreview|4\n|\n|t:|1776345144\n|teamsize|p1|4\n|teamsize|p2|4\n|start\n|switch|p1a: Pelipper|Pelipper, L50, F|100/100\n|switch|p1b: Meganium|Meganium, L50, M|100/100\n|switch|p2a: Silly Goose|Altaria, L50, F|100/100\n|switch|p2b: Rotom|Rotom-Wash, L50|100/100\n|-weather|RainDance|[from] ability: Drizzle|[of] p1a: Pelipper\n|-ability|p2a: Silly Goose|Cloud Nine\n|turn|1\n|\n|t:|1776345168\n|detailschange|p1b: Meganium|Meganium-Mega, L50, M\n|-mega|p1b: Meganium|Meganium|Meganiumite\n|move|p2b: Rotom|Volt Switch|p1a: Pelipper\n|-supereffective|p1a: Pelipper|2\n|-enditem|p1a: Pelipper|Focus Sash\n|-damage|p1a: Pelipper|1/100\n|\n|t:|1776345181\n|switch|p2b: Basculegion|Basculegion, L50, M|100/100|[from] Volt Switch\n|move|p1b: Meganium|Dazzling Gleam|p2a: Silly Goose|[spread] p2a,p2b\n|-supereffective|p2a: Silly Goose|1\n|-damage|p2a: Silly Goose|53/100\n|-damage|p2b: Basculegion|58/100\n|move|p1a: Pelipper|Tailwind|p1a: Pelipper\n|-sidestart|p1: MassonJr|move: Tailwind\n|move|p2a: Silly Goose|Tailwind|p2a: Silly Goose\n|-sidestart|p2: Azure Resolution|move: Tailwind\n|\n|-weather|RainDance|[upkeep]\n|upkeep\n|turn|2\n|\n|t:|1776345227\n|switch|p1a: Sinistcha|Sinistcha, L50|100/100\n|move|p2a: Silly Goose|Protect|p2a: Silly Goose\n|-singleturn|p2a: Silly Goose|Protect\n|move|p2b: Basculegion|Flip Turn|p1b: Meganium\n|-resisted|p1b: Meganium|1\n|-damage|p1b: Meganium|77/100\n|\n|t:|1776345245\n|switch|p2b: Kingambit|Kingambit, L50, M|100/100|[from] Flip Turn\n|move|p1b: Meganium|Dazzling Gleam|p2b: Kingambit|[spread] p2b\n|-activate|p2a: Silly Goose|move: Protect\n|-damage|p2b: Kingambit|63/100\n|\n|-weather|RainDance|[upkeep]\n|upkeep\n|turn|3\n|\n|t:|1776345286\n|switch|p1a: Pelipper|Pelipper, L50, F|1/100\n|move|p1b: Meganium|Weather Ball|p2b: Kingambit\n|-supereffective|p2b: Kingambit|1\n|-damage|p2b: Kingambit|0 fnt\n|faint|p2b: Kingambit\n|move|p2a: Silly Goose|Brave Bird|p1b: Meganium\n|-supereffective|p1b: Meganium|1\n|-damage|p1b: Meganium|15/100\n|-damage|p2a: Silly Goose|36/100|[from] Recoil\n|-enditem|p2a: Silly Goose|Sitrus Berry|[eat]\n|-heal|p2a: Silly Goose|60/100|[from] item: Sitrus Berry\n|\n|-weather|RainDance|[upkeep]\n|upkeep\n|\n|t:|1776345304\n|switch|p2b: Rotom|Rotom-Wash, L50|100/100\n|turn|4\n|\n|t:|1776345313\n|switch|p1a: Sinistcha|Sinistcha, L50|100/100\n|-heal|p1b: Meganium|39/100|[from] ability: Hospitality|[of] p1a: Sinistcha\n|move|p1b: Meganium|Protect|p1b: Meganium\n|-singleturn|p1b: Meganium|Protect\n|move|p2b: Rotom|Volt Switch|p1a: Sinistcha\n|-resisted|p1a: Sinistcha|1\n|-damage|p1a: Sinistcha|88/100\n|\n|t:|1776345324\n|switch|p2b: Basculegion|Basculegion, L50, M|58/100|[from] Volt Switch\n|move|p2a: Silly Goose|Breaking Swipe|p1b: Meganium|[spread] p1a\n|-activate|p1b: Meganium|move: Protect\n|-damage|p1a: Sinistcha|76/100\n|-unboost|p1a: Sinistcha|atk|1\n|\n|-weather|RainDance|[upkeep]\n|-heal|p1a: Sinistcha|83/100|[from] item: Leftovers\n|-sideend|p1: MassonJr|move: Tailwind\n|-sideend|p2: Azure Resolution|move: Tailwind\n|upkeep\n|turn|5\n|\n|t:|1776345357\n|switch|p1a: Pelipper|Pelipper, L50, F|1/100\n|move|p2b: Basculegion|Last Respects|p1a: Pelipper\n|-damage|p1a: Pelipper|0 fnt\n|faint|p1a: Pelipper\n|move|p1b: Meganium|Solar Beam||[still]\n|-prepare|p1b: Meganium|Solar Beam\n|-activate|p1b: Meganium|ability: Mega Sol\n|-anim|p1b: Meganium|Solar Beam|p2b: Basculegion\n|-supereffective|p2b: Basculegion|1\n|-crit|p2b: Basculegion\n|-damage|p2b: Basculegion|0 fnt\n|faint|p2b: Basculegion\n|move|p2a: Silly Goose|Brave Bird|p1b: Meganium\n|-supereffective|p1b: Meganium|1\n|-damage|p1b: Meganium|0 fnt\n|faint|p1b: Meganium\n|-damage|p2a: Silly Goose|49/100|[from] Recoil\n|\n|-weather|none\n|upkeep\n|\n|t:|1776345376\n|switch|p1b: Sinistcha|Sinistcha, L50|83/100\n|switch|p2b: Rotom|Rotom-Wash, L50|100/100\n|switch|p1a: Basculegion|Basculegion, L50, M|100/100\n|turn|6\n|\n|t:|1776345405\n|move|p2b: Rotom|Protect|p2b: Rotom\n|-singleturn|p2b: Rotom|Protect\n|move|p1b: Sinistcha|Rage Powder|p1b: Sinistcha\n|-singleturn|p1b: Sinistcha|move: Rage Powder\n|move|p1a: Basculegion|Last Respects|p2b: Rotom\n|-activate|p2b: Rotom|move: Protect\n|move|p2a: Silly Goose|Brave Bird|p1b: Sinistcha\n|-supereffective|p1b: Sinistcha|1\n|-damage|p1b: Sinistcha|27/100\n|-damage|p2a: Silly Goose|32/100|[from] Recoil\n|\n|-heal|p1b: Sinistcha|34/100|[from] item: Leftovers\n|upkeep\n|turn|7\n|\n|t:|1776345469\n|move|p2b: Rotom|Protect|p2b: Rotom\n|-singleturn|p2b: Rotom|Protect\n|move|p1b: Sinistcha|Rage Powder|p1b: Sinistcha\n|-singleturn|p1b: Sinistcha|move: Rage Powder\n|move|p1a: Basculegion|Last Respects|p2b: Rotom\n|-activate|p2b: Rotom|move: Protect\n|move|p2a: Silly Goose|Breaking Swipe|p1b: Sinistcha|[spread] p1a,p1b\n|-crit|p1b: Sinistcha\n|-damage|p1a: Basculegion|85/100\n|-damage|p1b: Sinistcha|17/100\n|-unboost|p1a: Basculegion|atk|1\n|-unboost|p1b: Sinistcha|atk|1\n|\n|-heal|p1b: Sinistcha|23/100|[from] item: Leftovers\n|upkeep\n|turn|8\n|\n|t:|1776345492\n|move|p1b: Sinistcha|Rage Powder|p1b: Sinistcha\n|-singleturn|p1b: Sinistcha|move: Rage Powder\n|move|p1a: Basculegion|Last Respects|p2b: Rotom\n|-damage|p2b: Rotom|32/100\n|move|p2b: Rotom|Thunderbolt|p1b: Sinistcha\n|-resisted|p1b: Sinistcha|1\n|-damage|p1b: Sinistcha|6/100\n|-status|p1b: Sinistcha|par\n|move|p2a: Silly Goose|Brave Bird|p1b: Sinistcha\n|-supereffective|p1b: Sinistcha|1\n|-damage|p1b: Sinistcha|0 fnt\n|faint|p1b: Sinistcha\n|-damage|p2a: Silly Goose|30/100|[from] Recoil\n|\n|-heal|p2b: Rotom|37/100|[from] item: Leftovers\n|upkeep\n|turn|9\n|inactive|Battle timer is ON: inactive players will automatically lose when time's up. (requested by MassonJr)\n|\n|t:|1776345549\n|move|p1a: Basculegion|Last Respects|p2a: Silly Goose\n|-damage|p2a: Silly Goose|0 fnt\n|faint|p2a: Silly Goose\n|move|p2b: Rotom|Thunderbolt|p1a: Basculegion\n|-supereffective|p1a: Basculegion|1\n|-damage|p1a: Basculegion|2/100\n|\n|-heal|p2b: Rotom|43/100|[from] item: Leftovers\n|upkeep\n|turn|10\n|\n|t:|1776345559\n|move|p2b: Rotom|Protect|p2b: Rotom\n|-singleturn|p2b: Rotom|Protect\n|move|p1a: Basculegion|Last Respects|p2b: Rotom\n|-activate|p2b: Rotom|move: Protect\n|\n|-heal|p2b: Rotom|49/100|[from] item: Leftovers\n|upkeep\n|turn|11\n|\n|t:|1776345568\n|move|p1a: Basculegion|Last Respects|p2b: Rotom\n|-damage|p2b: Rotom|0 fnt\n|faint|p2b: Rotom\n|\n|win|MassonJr\n|raw|MassonJr's rating: 1145 &rarr; <strong>1165</strong><br />(+20 for winning)\n|raw|Azure Resolution's rating: 1075 &rarr; <strong>1058</strong><br />(-17 for losing)\n|c|\u2606MassonJr|gg\n|l|\u2606MassonJr\n|player|p1|\n",
  "uploadtime": 1776345585,
  "views": 29,
  "formatid": "gen9championsvgc2026regma",
  "rating": 1058,
  "private": 0,
  "password": null
}