{
  "id": "gen9championsvgc2026regma-2583447401",
  "format": "[Gen 9 Champions] VGC 2026 Reg M-A",
  "players": [
    "llolokjmn",
    "ADV169"
  ],
  "log": "|j|\u2606llolokjmn\n|j|\u2606ADV169\n|t:|1776176260\n|gametype|doubles\n|player|p1|llolokjmn|youngster-gen4dp|1135\n|player|p2|ADV169|cynthia-gen4|1103\n|gen|9\n|tier|[Gen 9 Champions] VGC 2026 Reg M-A\n|rated|\n|rule|Species Clause: Limit one of each Pok\u00e9mon\n|rule|Item Clause: Limit 1 of each item\n|clearpoke\n|poke|p1|Delphox, L50, M|\n|poke|p1|Basculegion, L50, M|\n|poke|p1|Sneasler, L50, M|\n|poke|p1|Clefable, L50, F|\n|poke|p1|Kingambit, L50, M|\n|poke|p1|Dragonite, L50, M|\n|poke|p2|Gardevoir, L50, M|\n|poke|p2|Farigiraf, L50, F|\n|poke|p2|Talonflame, L50, F|\n|poke|p2|Meowscarada, L50, F|\n|poke|p2|Rotom-Wash, L50|\n|poke|p2|Garchomp, L50, F|\n|teampreview|4\n|\n|t:|1776176328\n|teamsize|p1|4\n|teamsize|p2|4\n|start\n|switch|p1a: Sneasler|Sneasler, L50, M|100/100\n|switch|p1b: Kingambit|Kingambit, L50, M|100/100\n|switch|p2a: Carcosa|Farigiraf, L50, F|100/100\n|switch|p2b: Arrow|Talonflame, L50, F, shiny|100/100\n|-ability|p1a: Sneasler|Pressure\n|turn|1\n|\n|t:|1776176365\n|move|p1a: Sneasler|Protect|p1a: Sneasler\n|-singleturn|p1a: Sneasler|Protect\n|move|p2b: Arrow|Tailwind|p2b: Arrow\n|-sidestart|p2: ADV169|move: Tailwind\n|move|p2a: Carcosa|Psychic Terrain|p2a: Carcosa\n|-fieldstart|move: Psychic Terrain\n|move|p1b: Kingambit|Kowtow Cleave|p2b: Arrow\n|-damage|p2b: Arrow|15/100\n|\n|upkeep\n|turn|2\n|inactive|Battle timer is ON: inactive players will automatically lose when time's up. (requested by ADV169)\n|inactive|llolokjmn has 60 seconds left.\n|\n|t:|1776176420\n|move|p2b: Arrow|Heat Wave|p1b: Kingambit|[spread] p1a,p1b\n|-crit|p1a: Sneasler\n|-supereffective|p1b: Kingambit|1\n|-damage|p1a: Sneasler|50/100\n|-damage|p1b: Kingambit|45/100\n|move|p1a: Sneasler|Dire Claw|p2b: Arrow\n|-damage|p2b: Arrow|0 fnt\n|faint|p2b: Arrow\n|move|p2a: Carcosa|Expanding Force|p1b: Kingambit|[spread] p1a\n|-immune|p1b: Kingambit\n|-supereffective|p1a: Sneasler|2\n|-damage|p1a: Sneasler|0 fnt\n|faint|p1a: Sneasler\n|move|p1b: Kingambit|Kowtow Cleave|p2a: Carcosa\n|-supereffective|p2a: Carcosa|1\n|-damage|p2a: Carcosa|8/100\n|-enditem|p2a: Carcosa|Sitrus Berry|[eat]\n|-heal|p2a: Carcosa|33/100|[from] item: Sitrus Berry\n|\n|upkeep\n|\n|t:|1776176443\n|switch|p2b: Catnabis|Meowscarada, L50, F, shiny|100/100\n|switch|p1a: Clefable|Clefable, L50, F|100/100\n|turn|3\n|inactive|llolokjmn has 30 seconds left.\n|inactive|ADV169 has 30 seconds left.\n|inactive|llolokjmn has 20 seconds left.\n|inactive|ADV169 has 20 seconds left.\n|inactive|llolokjmn has 15 seconds left.\n|\n|t:|1776176485\n|move|p1b: Kingambit|Protect|p1b: Kingambit\n|-singleturn|p1b: Kingambit|Protect\n|move|p2b: Catnabis|Flower Trick|p1b: Kingambit\n|-start|p2b: Catnabis|typechange|Grass|[from] ability: Protean\n|-activate|p1b: Kingambit|move: Protect\n|move|p2a: Carcosa|Dazzling Gleam|p1b: Kingambit|[spread] p1a\n|-activate|p1b: Kingambit|move: Protect\n|-damage|p1a: Clefable|85/100\n|move|p1a: Clefable|Moonblast|p2b: Catnabis\n|-damage|p2b: Catnabis|53/100\n|\n|upkeep\n|turn|4\n|inactive|llolokjmn has 30 seconds left.\n|inactive|ADV169 has 30 seconds left.\n|inactive|llolokjmn has 20 seconds left.\n|\n|t:|1776176524\n|move|p2b: Catnabis|Brick Break|p1b: Kingambit\n|-supereffective|p1b: Kingambit|2\n|-damage|p1b: Kingambit|0 fnt\n|faint|p1b: Kingambit\n|move|p2a: Carcosa|Dazzling Gleam|p1a: Clefable\n|-damage|p1a: Clefable|66/100\n|move|p1a: Clefable|Moonblast|p2b: Catnabis\n|-damage|p2b: Catnabis|6/100\n|\n|-sideend|p2: ADV169|move: Tailwind\n|upkeep\n|\n|t:|1776176529\n|switch|p1b: Basculegion|Basculegion, L50, M|100/100\n|turn|5\n|inactive|llolokjmn has 30 seconds left.\n|\n|t:|1776176557\n|move|p1a: Clefable|Follow Me|p1a: Clefable\n|-singleturn|p1a: Clefable|move: Follow Me\n|move|p1b: Basculegion|Wave Crash|p2a: Carcosa\n|-damage|p2a: Carcosa|0 fnt\n|faint|p2a: Carcosa\n|-damage|p1b: Basculegion|88/100|[from] Recoil\n|move|p2b: Catnabis|Flower Trick|p1a: Clefable\n|-crit|p1a: Clefable\n|-damage|p1a: Clefable|29/100\n|-enditem|p1a: Clefable|Sitrus Berry|[eat]\n|-heal|p1a: Clefable|53/100|[from] item: Sitrus Berry\n|\n|-fieldend|move: Psychic Terrain\n|upkeep\n|\n|t:|1776176568\n|switch|p2a: Current|Rotom-Wash, L50|100/100\n|turn|6\n|\n|t:|1776176587\n|move|p1a: Clefable|Follow Me|p1a: Clefable\n|-singleturn|p1a: Clefable|move: Follow Me\n|move|p1b: Basculegion|Wave Crash|p2b: Catnabis\n|-resisted|p2b: Catnabis|1\n|-damage|p2b: Catnabis|0 fnt\n|faint|p2b: Catnabis\n|-damage|p1b: Basculegion|87/100|[from] Recoil\n|move|p2a: Current|Discharge|p1a: Clefable|[spread] p1a,p1b\n|-supereffective|p1b: Basculegion|1\n|-damage|p1a: Clefable|16/100\n|-damage|p1b: Basculegion|3/100\n|\n|upkeep\n|turn|7\n|\n|t:|1776176600\n|move|p1b: Basculegion|Wave Crash|p2a: Current\n|-resisted|p2a: Current|1\n|-damage|p2a: Current|55/100\n|-damage|p1b: Basculegion|0 fnt|[from] Recoil\n|faint|p1b: Basculegion\n|move|p2a: Current|Discharge|p1a: Clefable\n|-crit|p1a: Clefable\n|-damage|p1a: Clefable|0 fnt\n|faint|p1a: Clefable\n|\n|win|ADV169\n|raw|llolokjmn's rating: 1135 &rarr; <strong>1108</strong><br />(-27 for losing)\n|raw|ADV169's rating: 1103 &rarr; <strong>1130</strong><br />(+27 for winning)\n|c|\u2606ADV169|Gg\n",
  "uploadtime": 1776176616,
  "views": 27,
  "formatid": "gen9championsvgc2026regma",
  "rating": 1108,
  "private": 0,
  "password": null
}