{
  "id": "gen9championsvgc2026regma-2580417862",
  "format": "[Gen 9 Champions] VGC 2026 Reg M-A",
  "players": [
    "hozesama",
    "angstmacher>)"
  ],
  "log": "|j|\u2606hozesama\n|j|\u2606angstmacher>)\n|t:|1775893447\n|gametype|doubles\n|player|p1|hozesama|cynthia-masters4|1102\n|player|p2|angstmacher>)|harlequin|1062\n|gen|9\n|tier|[Gen 9 Champions] VGC 2026 Reg M-A\n|rated|\n|rule|Species Clause: Limit one of each Pok\u00e9mon\n|rule|Item Clause: Limit 1 of each item\n|clearpoke\n|poke|p1|Gyarados, L50, M|\n|poke|p1|Venusaur, L50, M|\n|poke|p1|Sneasler, L50, M|\n|poke|p1|Kingambit, L50, F|\n|poke|p1|Basculegion, L50, M|\n|poke|p1|Gliscor, L50, F|\n|poke|p2|Crabominable, L50, F|\n|poke|p2|Farigiraf, L50, M|\n|poke|p2|Pelipper, L50, F|\n|poke|p2|Whimsicott, L50, F|\n|poke|p2|Glimmora, L50, M|\n|poke|p2|Kingambit, L50, F|\n|teampreview|4\n|inactive|Battle timer is ON: inactive players will automatically lose when time's up. (requested by hozesama)\nhozesama rejected open team sheets.\n|inactive|angstmacher>) has 60 seconds left.\n|\n|t:|1775893516\n|teamsize|p1|4\n|teamsize|p2|4\n|start\n|switch|p1a: Gyarados|Gyarados, L50, M|100/100\n|switch|p1b: Sneasler|Sneasler, L50, M|100/100\n|switch|p2a: Crabominable|Crabominable, L50, F|100/100\n|switch|p2b: Farigiraf|Farigiraf, L50, M|100/100\n|-ability|p1a: Gyarados|Intimidate|boost\n|-fail|p2a: Crabominable|unboost|Attack|[from] ability: Hyper Cutter|[of] p2a: Crabominable\n|-unboost|p2b: Farigiraf|atk|1\n|turn|1\n|\n|t:|1775893535\n|detailschange|p1a: Gyarados|Gyarados-Mega, L50, M\n|-mega|p1a: Gyarados|Gyarados|Gyaradosite\n|-ability|p1a: Gyarados|Mold Breaker\n|detailschange|p2a: Crabominable|Crabominable-Mega, L50, F\n|-mega|p2a: Crabominable|Crabominable|Crabominite\n|move|p1b: Sneasler|Close Combat|p2a: Crabominable\n|-supereffective|p2a: Crabominable|1\n|-damage|p2a: Crabominable|11/100\n|-unboost|p1b: Sneasler|def|1\n|-unboost|p1b: Sneasler|spd|1\n|-enditem|p1b: Sneasler|White Herb\n|-clearnegativeboost|p1b: Sneasler|[silent]\n|move|p1a: Gyarados|Crunch|p2b: Farigiraf\n|-supereffective|p2b: Farigiraf|1\n|-crit|p2b: Farigiraf\n|-damage|p2b: Farigiraf|0 fnt\n|faint|p2b: Farigiraf\n|move|p2a: Crabominable|Ice Hammer|p1b: Sneasler\n|-damage|p1b: Sneasler|0 fnt\n|-unboost|p2a: Crabominable|spe|1\n|faint|p1b: Sneasler\n|\n|upkeep\n|\n|t:|1775893554\n|switch|p1b: Kingambit|Kingambit, L50, F|100/100\n|switch|p2b: Pelipper|Pelipper, L50, F|100/100\n|-weather|RainDance|[from] ability: Drizzle|[of] p2b: Pelipper\n|turn|2\n|inactive|hozesama has 30 seconds left.\n|\n|t:|1775893582\n|move|p2a: Crabominable|Protect|p2a: Crabominable\n|-singleturn|p2a: Crabominable|Protect\n|move|p1a: Gyarados|Waterfall|p2a: Crabominable\n|-activate|p2a: Crabominable|move: Protect\n|move|p2b: Pelipper|Hurricane|p1a: Gyarados\n|-damage|p1a: Gyarados|70/100\n|move|p1b: Kingambit|Kowtow Cleave|p2b: Pelipper\n|-damage|p2b: Pelipper|45/100\n|-enditem|p2b: Pelipper|Sitrus Berry|[eat]\n|-heal|p2b: Pelipper|70/100|[from] item: Sitrus Berry\n|\n|-weather|RainDance|[upkeep]\n|upkeep\n|turn|3\n|inactive|angstmacher>) has 30 seconds left.\n|\n|t:|1775893613\n|switch|p2a: Kingambit|Kingambit, L50, F|100/100\n|move|p1a: Gyarados|Waterfall|p2a: Kingambit\n|-damage|p2a: Kingambit|41/100\n|move|p2b: Pelipper|Hurricane|p1a: Gyarados\n|-damage|p1a: Gyarados|41/100\n|-start|p1a: Gyarados|confusion\n|move|p1b: Kingambit|Kowtow Cleave|p2b: Pelipper\n|-damage|p2b: Pelipper|18/100\n|\n|-weather|RainDance|[upkeep]\n|upkeep\n|turn|4\n|\n|t:|1775893624\n|move|p2b: Pelipper|Protect|p2b: Pelipper\n|-singleturn|p2b: Pelipper|Protect\n|move|p2a: Kingambit|Sucker Punch|p1a: Gyarados\n|-resisted|p1a: Gyarados|1\n|-damage|p1a: Gyarados|24/100\n|move|p1b: Kingambit|Sucker Punch||[still]\n|-fail|p1b: Kingambit\n|-activate|p1a: Gyarados|confusion\n|move|p1a: Gyarados|Waterfall|p2a: Kingambit\n|-damage|p2a: Kingambit|0 fnt\n|faint|p2a: Kingambit\n|\n|-weather|RainDance|[upkeep]\n|upkeep\n|\n|t:|1775893626\n|switch|p2a: Crabominable|Crabominable-Mega, L50, F|11/100\n|turn|5\n|\n|t:|1775893643\n|move|p1b: Kingambit|Sucker Punch|p2a: Crabominable\n|-resisted|p2a: Crabominable|1\n|-damage|p2a: Crabominable|0 fnt\n|faint|p2a: Crabominable\n|-end|p1a: Gyarados|confusion\n|move|p1a: Gyarados|Crunch|p2b: Pelipper\n|-damage|p2b: Pelipper|0 fnt\n|faint|p2b: Pelipper\n|\n|win|hozesama\n|raw|hozesama's rating: 1102 &rarr; <strong>1124</strong><br />(+22 for winning)\n|raw|angstmacher&gt;)'s rating: 1062 &rarr; <strong>1045</strong><br />(-17 for losing)\n|l|\u2606angstmacher>)\n|player|p2|\n",
  "uploadtime": 1775893656,
  "views": 19,
  "formatid": "gen9championsvgc2026regma",
  "rating": 1045,
  "private": 0,
  "password": null
}