{
  "id": "gen9championsvgc2026regma-2587071038",
  "format": "[Gen 9 Champions] VGC 2026 Reg M-A",
  "players": [
    "VladPutinVGC",
    "no1smashmouthfan"
  ],
  "log": "|j|\u2606VladPutinVGC\n|j|\u2606no1smashmouthfan\n|t:|1776489461\n|gametype|doubles\n|player|p1|VladPutinVGC|170|1086\n|player|p2|no1smashmouthfan|1|1099\n|gen|9\n|tier|[Gen 9 Champions] VGC 2026 Reg M-A\n|rated|\n|rule|Species Clause: Limit one of each Pok\u00e9mon\n|rule|Item Clause: Limit 1 of each item\n|clearpoke\n|poke|p1|Meganium, L50, F|\n|poke|p1|Kangaskhan, L50, F|\n|poke|p1|Aerodactyl, L50, M|\n|poke|p1|Archaludon, L50, M|\n|poke|p1|Tauros-Paldea-Aqua, L50, M|\n|poke|p1|Typhlosion-Hisui, L50, M|\n|poke|p2|Kingambit, L50, M|\n|poke|p2|Sneasler, L50, M|\n|poke|p2|Whimsicott, L50, F|\n|poke|p2|Tsareena, L50, F|\n|poke|p2|Delphox, L50, M|\n|poke|p2|Blastoise, L50, M|\n|teampreview|4\n|c|\u2606no1smashmouthfan|glhf\n|c|\u2606VladPutinVGC|glhf\n|\n|t:|1776489493\n|teamsize|p1|4\n|teamsize|p2|4\n|start\n|switch|p1a: Aerodactyl|Aerodactyl, L50, M|100/100\n|switch|p1b: Archaludon|Archaludon, L50, M|100/100\n|switch|p2a: Farfaduvet|Whimsicott, L50, F|100/100\n|switch|p2b: Sucreine|Tsareena, L50, F|100/100\n|-ability|p1a: Aerodactyl|Unnerve\n|turn|1\n|\n|t:|1776489519\n|move|p1a: Aerodactyl|Protect|p1a: Aerodactyl\n|-singleturn|p1a: Aerodactyl|Protect\n|move|p2a: Farfaduvet|Tailwind|p2a: Farfaduvet\n|-sidestart|p2: no1smashmouthfan|move: Tailwind\n|move|p2b: Sucreine|Triple Axel|p1a: Aerodactyl\n|-activate|p1a: Aerodactyl|move: Protect\n|move|p1b: Archaludon|Flash Cannon|p2a: Farfaduvet\n|-supereffective|p2a: Farfaduvet|1\n|-enditem|p2a: Farfaduvet|Focus Sash\n|-damage|p2a: Farfaduvet|1/100\n|\n|upkeep\n|turn|2\n|\n|t:|1776489593\n|switch|p1a: Tauros|Tauros-Paldea-Aqua, L50, M|100/100\n|-ability|p1a: Tauros|Intimidate|boost\n|-unboost|p2a: Farfaduvet|atk|1\n|-unboost|p2b: Sucreine|atk|1\n|move|p1b: Archaludon|Protect|p1b: Archaludon\n|-singleturn|p1b: Archaludon|Protect\n|move|p2b: Sucreine|Triple Axel|p1a: Tauros\n|-resisted|p1a: Tauros|1\n|-damage|p1a: Tauros|98/100\n|-resisted|p1a: Tauros|1\n|-damage|p1a: Tauros|93/100\n|-resisted|p1a: Tauros|1\n|-damage|p1a: Tauros|85/100\n|-hitcount|p1a: Tauros|3\n|move|p2a: Farfaduvet|Moonblast|p1b: Archaludon\n|-activate|p1b: Archaludon|move: Protect\n|\n|upkeep\n|turn|3\n|\n|t:|1776489625\n|switch|p2b: Farfurex|Sneasler, L50, M|100/100\n|move|p1a: Tauros|Aqua Jet|p2a: Farfaduvet\n|-resisted|p2a: Farfaduvet|1\n|-damage|p2a: Farfaduvet|0 fnt\n|faint|p2a: Farfaduvet\n|move|p1b: Archaludon|Dragon Pulse|p2b: Farfurex\n|-damage|p2b: Farfurex|36/100\n|\n|upkeep\n|\n|t:|1776489636\n|switch|p2a: Sucreine|Tsareena, L50, F|100/100\n|turn|4\n|\n|t:|1776489652\n|move|p1a: Tauros|Protect|p1a: Tauros\n|-singleturn|p1a: Tauros|Protect\n|move|p1b: Archaludon|Protect|p1b: Archaludon\n|-singleturn|p1b: Archaludon|Protect\n|move|p2b: Farfurex|Fake Out|p1b: Archaludon\n|-activate|p1b: Archaludon|move: Protect\n|move|p2a: Sucreine|Trop Kick|p1a: Tauros\n|-activate|p1a: Tauros|move: Protect\n|\n|-sideend|p2: no1smashmouthfan|move: Tailwind\n|upkeep\n|turn|5\n|\n|t:|1776489694\n|move|p2a: Sucreine|Trop Kick|p1a: Tauros\n|-supereffective|p1a: Tauros|1\n|-damage|p1a: Tauros|0 fnt\n|faint|p1a: Tauros\n|move|p2b: Farfurex|Close Combat|p1b: Archaludon\n|-supereffective|p1b: Archaludon|1\n|-damage|p1b: Archaludon|0 fnt\n|-unboost|p2b: Farfurex|def|1\n|-unboost|p2b: Farfurex|spd|1\n|faint|p1b: Archaludon\n|-enditem|p2b: Farfurex|White Herb\n|-clearnegativeboost|p2b: Farfurex|[silent]\n|\n|upkeep\n|\n|t:|1776489704\n|switch|p1a: Meganium|Meganium, L50, F|100/100\n|switch|p1b: Aerodactyl|Aerodactyl, L50, M|100/100\n|-ability|p1b: Aerodactyl|Unnerve\n|turn|6\n|\n|t:|1776489736\n|switch|p2a: Goupelin|Delphox, L50, M|100/100\n|detailschange|p1a: Meganium|Meganium-Mega, L50, F\n|-mega|p1a: Meganium|Meganium|Meganiumite\n|move|p1a: Meganium|Protect|p1a: Meganium\n|-singleturn|p1a: Meganium|Protect\n|move|p2b: Farfurex|Dire Claw|p1a: Meganium\n|-activate|p1a: Meganium|move: Protect\n|move|p1b: Aerodactyl|Dual Wingbeat|p2b: Farfurex\n|-supereffective|p2b: Farfurex|1\n|-damage|p2b: Farfurex|0 fnt\n|faint|p2b: Farfurex\n|-hitcount|p2: Farfurex|1\n|\n|upkeep\n|\n|t:|1776489748\n|switch|p2b: Sucreine|Tsareena, L50, F|100/100\n|turn|7\n|\n|t:|1776489803\n|move|p2a: Goupelin|Protect|p2a: Goupelin\n|-singleturn|p2a: Goupelin|Protect\n|move|p2b: Sucreine|Triple Axel|p1b: Aerodactyl\n|-supereffective|p1b: Aerodactyl|1\n|-damage|p1b: Aerodactyl|79/100\n|-supereffective|p1b: Aerodactyl|1\n|-damage|p1b: Aerodactyl|37/100\n|-supereffective|p1b: Aerodactyl|1\n|-damage|p1b: Aerodactyl|0 fnt\n|faint|p1b: Aerodactyl\n|-hitcount|p1: Aerodactyl|3\n|move|p1a: Meganium|Weather Ball|p2b: Sucreine\n|-supereffective|p2b: Sucreine|1\n|-damage|p2b: Sucreine|0 fnt\n|faint|p2b: Sucreine\n|\n|upkeep\n|turn|8\n|\n|t:|1776489834\n|detailschange|p2a: Goupelin|Delphox-Mega, L50, M\n|-mega|p2a: Goupelin|Delphox|Delphoxite\n|move|p2a: Goupelin|Heat Wave|p1a: Meganium\n|-supereffective|p1a: Meganium|1\n|-damage|p1a: Meganium|4/100\n|move|p1a: Meganium|Dazzling Gleam|p2a: Goupelin\n|-resisted|p2a: Goupelin|1\n|-damage|p2a: Goupelin|77/100\n|\n|upkeep\n|turn|9\n|\n|t:|1776489843\n|move|p2a: Goupelin|Heat Wave|p1a: Meganium\n|-supereffective|p1a: Meganium|1\n|-damage|p1a: Meganium|0 fnt\n|faint|p1a: Meganium\n|\n|win|no1smashmouthfan\n|raw|VladPutinVGC's rating: 1086 &rarr; <strong>1064</strong><br />(-22 for losing)\n|raw|no1smashmouthfan's rating: 1099 &rarr; <strong>1123</strong><br />(+24 for winning)\n|c|\u2606VladPutinVGC|gg\n|c|\u2606no1smashmouthfan|gg\n|l|\u2606VladPutinVGC\n|player|p1|\n",
  "uploadtime": 1776489851,
  "views": 17,
  "formatid": "gen9championsvgc2026regma",
  "rating": 1064,
  "private": 0,
  "password": null
}