{
  "id": "gen9championsvgc2026regma-2586179815",
  "format": "[Gen 9 Champions] VGC 2026 Reg M-A",
  "players": [
    "xavierbecky",
    "THUNDERBOY4272"
  ],
  "log": "|j|\u2606xavierbecky\n|j|\u2606THUNDERBOY4272\n|t:|1776409128\n|gametype|doubles\n|player|p1|xavierbecky|265|1170\n|player|p2|THUNDERBOY4272|101|1247\n|gen|9\n|tier|[Gen 9 Champions] VGC 2026 Reg M-A\n|rated|\n|rule|Species Clause: Limit one of each Pok\u00e9mon\n|rule|Item Clause: Limit 1 of each item\n|clearpoke\n|poke|p1|Jolteon, L50, M|\n|poke|p1|Arcanine-Hisui, L50, F|\n|poke|p1|Froslass, L50, F|\n|poke|p1|Garchomp, L50, M|\n|poke|p1|Hydreigon, L50, M|\n|poke|p1|Sneasler, L50, M|\n|poke|p2|Charizard, L50, M|\n|poke|p2|Sneasler, L50, F|\n|poke|p2|Basculegion, L50, M|\n|poke|p2|Garchomp, L50, F|\n|poke|p2|Incineroar, L50, M|\n|poke|p2|Venusaur, L50, M|\n|teampreview|4\n|inactive|Battle timer is ON: inactive players will automatically lose when time's up. (requested by THUNDERBOY4272)\nTHUNDERBOY4272 rejected open team sheets.\n|\n|t:|1776409156\n|teamsize|p1|4\n|teamsize|p2|4\n|start\n|switch|p1a: Arcanine|Arcanine-Hisui, L50, F|100/100\n|switch|p1b: Sneasler|Sneasler, L50, M|100/100\n|switch|p2a: Charizard|Charizard, L50, M|100/100\n|switch|p2b: Garchomp|Garchomp, L50, F|100/100\n|-ability|p1a: Arcanine|Intimidate|boost\n|-unboost|p2a: Charizard|atk|1\n|-unboost|p2b: Garchomp|atk|1\n|turn|1\n|inactive|xavierbecky has 30 seconds left.\n|\n|t:|1776409186\n|move|p2a: Charizard|Protect|p2a: Charizard\n|-singleturn|p2a: Charizard|Protect\n|move|p1a: Arcanine|Protect|p1a: Arcanine\n|-singleturn|p1a: Arcanine|Protect\n|move|p1b: Sneasler|Close Combat|p2b: Garchomp\n|-damage|p2b: Garchomp|34/100\n|-unboost|p1b: Sneasler|def|1\n|-unboost|p1b: Sneasler|spd|1\n|-damage|p1b: Sneasler|88/100|[from] ability: Rough Skin|[of] p2b: Garchomp\n|-enditem|p1b: Sneasler|White Herb\n|-clearnegativeboost|p1b: Sneasler|[silent]\n|move|p2b: Garchomp|Earthquake|p1a: Arcanine|[spread] p1b\n|-activate|p2a: Charizard|move: Protect\n|-activate|p1a: Arcanine|move: Protect\n|-supereffective|p1b: Sneasler|1\n|-damage|p1b: Sneasler|0 fnt\n|faint|p1b: Sneasler\n|\n|upkeep\n|\n|t:|1776409205\n|switch|p1b: Froslass|Froslass, L50, F|100/100\n|turn|2\n|\n|t:|1776409223\n|switch|p2a: Incineroar|Incineroar, L50, M|100/100\n|-ability|p2a: Incineroar|Intimidate|boost\n|-unboost|p1a: Arcanine|atk|1\n|-unboost|p1b: Froslass|atk|1\n|move|p1b: Froslass|Protect|p1b: Froslass\n|-singleturn|p1b: Froslass|Protect\n|move|p2b: Garchomp|Earthquake|p1b: Froslass|[spread] p2a,p1a\n|-activate|p1b: Froslass|move: Protect\n|-supereffective|p2a: Incineroar|1\n|-supereffective|p1a: Arcanine|2\n|-damage|p2a: Incineroar|49/100\n|-damage|p1a: Arcanine|0 fnt\n|-enditem|p2a: Incineroar|Sitrus Berry|[eat]\n|-heal|p2a: Incineroar|74/100|[from] item: Sitrus Berry\n|faint|p1a: Arcanine\n|\n|upkeep\n|\n|t:|1776409238\n|switch|p1a: Hydreigon|Hydreigon, L50, M|100/100\n|turn|3\n|inactive|xavierbecky has 30 seconds left.\n|\n|t:|1776409271\n|detailschange|p1b: Froslass|Froslass-Mega, L50, F\n|-mega|p1b: Froslass|Froslass|Froslassite\n|-weather|Snowscape|[from] ability: Snow Warning|[of] p1b: Froslass\n|move|p1b: Froslass|Substitute|p1b: Froslass\n|-start|p1b: Froslass|Substitute\n|-damage|p1b: Froslass|76/100\n|move|p1a: Hydreigon|Draco Meteor|p2a: Incineroar\n|-crit|p2a: Incineroar\n|-damage|p2a: Incineroar|0 fnt\n|-unboost|p1a: Hydreigon|spa|2\n|faint|p2a: Incineroar\n|move|p2b: Garchomp|Rock Slide|p1a: Hydreigon|[spread] p1a,p1b\n|-supereffective|p1b: Froslass|1\n|-end|p1b: Froslass|Substitute\n|-damage|p1a: Hydreigon|86/100\n|\n|-weather|Snowscape|[upkeep]\n|upkeep\n|\n|t:|1776409286\n|switch|p2a: Charizard|Charizard, L50, M|100/100\n|turn|4\n|\n|t:|1776409292\n|detailschange|p2a: Charizard|Charizard-Mega-Y, L50, M\n|-mega|p2a: Charizard|Charizard|Charizardite Y\n|-weather|SunnyDay|[from] ability: Drought|[of] p2a: Charizard\n|move|p1b: Froslass|Shadow Ball|p2a: Charizard\n|-crit|p2a: Charizard\n|-damage|p2a: Charizard|29/100\n|move|p1a: Hydreigon|Snarl|p2a: Charizard|[spread] p2a,p2b\n|-damage|p2a: Charizard|17/100\n|-damage|p2b: Garchomp|24/100\n|-unboost|p2a: Charizard|spa|1\n|-unboost|p2b: Garchomp|spa|1\n|move|p2b: Garchomp|Dragon Claw|p1a: Hydreigon\n|-supereffective|p1a: Hydreigon|1\n|-damage|p1a: Hydreigon|24/100\n|-enditem|p1a: Hydreigon|Sitrus Berry|[eat]\n|-heal|p1a: Hydreigon|49/100|[from] item: Sitrus Berry\n|move|p2a: Charizard|Weather Ball|p1b: Froslass\n|-supereffective|p1b: Froslass|1\n|-damage|p1b: Froslass|0 fnt\n|faint|p1b: Froslass\n|\n|-weather|SunnyDay|[upkeep]\n|upkeep\n|turn|5\n|\n|t:|1776409315\n|move|p1a: Hydreigon|Dark Pulse|p2b: Garchomp\n|-damage|p2b: Garchomp|3/100\n|move|p2b: Garchomp|Dragon Claw|p1a: Hydreigon\n|-supereffective|p1a: Hydreigon|1\n|-damage|p1a: Hydreigon|0 fnt\n|faint|p1a: Hydreigon\n|\n|win|THUNDERBOY4272\n|raw|xavierbecky's rating: 1170 &rarr; <strong>1150</strong><br />(-20 for losing)\n|raw|THUNDERBOY4272's rating: 1247 &rarr; <strong>1267</strong><br />(+20 for winning)\n|l|\u2606xavierbecky\n|player|p1|\n",
  "uploadtime": 1776409339,
  "views": 28,
  "formatid": "gen9championsvgc2026regma",
  "rating": 1150,
  "private": 0,
  "password": null
}