{
  "id": "gen9championsvgc2026regma-2587227827",
  "format": "[Gen 9 Champions] VGC 2026 Reg M-A",
  "players": [
    "yudeshuang",
    "hide on whimscott"
  ],
  "log": "|j|\u2606yudeshuang\n|j|\u2606hide on whimscott\n|t:|1776511669\n|gametype|doubles\n|player|p1|yudeshuang|102|1339\n|player|p2|hide on whimscott|artist-gen4|1413\n|gen|9\n|tier|[Gen 9 Champions] VGC 2026 Reg M-A\n|rated|\n|rule|Species Clause: Limit one of each Pok\u00e9mon\n|rule|Item Clause: Limit 1 of each item\n|clearpoke\n|poke|p1|Meganium, L50, M|\n|poke|p1|Basculegion, L50, M|\n|poke|p1|Pelipper, L50, F|\n|poke|p1|Archaludon, L50, F|\n|poke|p1|Aerodactyl, L50, F|\n|poke|p1|Aegislash, L50, F|\n|poke|p2|Garchomp, L50, M|\n|poke|p2|Aerodactyl, L50, F|\n|poke|p2|Venusaur, L50, F|\n|poke|p2|Torkoal, L50, M|\n|poke|p2|Kingambit, L50, M|\n|poke|p2|Basculegion-F, L50, F|\n|teampreview|4\n|\n|t:|1776511738\n|teamsize|p1|4\n|teamsize|p2|4\n|start\n|switch|p1a: Aerodactyl|Aerodactyl, L50, F|100/100\n|switch|p1b: Basculegion|Basculegion, L50, M|100/100\n|switch|p2a: Venusaur|Venusaur, L50, F|100/100\n|switch|p2b: Basculegion|Basculegion-F, L50, F|100/100\n|-ability|p1a: Aerodactyl|Unnerve\n|turn|1\n|inactive|Battle timer is ON: inactive players will automatically lose when time's up. (requested by hide on whimscott)\n|\n|t:|1776511801\n|detailschange|p1a: Aerodactyl|Aerodactyl-Mega, L50, F\n|-mega|p1a: Aerodactyl|Aerodactyl|Aerodactylite\n|detailschange|p2a: Venusaur|Venusaur-Mega, L50, F\n|-mega|p2a: Venusaur|Venusaur|Venusaurite\n|move|p1b: Basculegion|Protect|p1b: Basculegion\n|-singleturn|p1b: Basculegion|Protect\n|move|p1a: Aerodactyl|Tailwind|p1a: Aerodactyl\n|-sidestart|p1: yudeshuang|move: Tailwind\n|move|p2b: Basculegion|Shadow Ball|p1b: Basculegion\n|-activate|p1b: Basculegion|move: Protect\n|move|p2a: Venusaur|Energy Ball|p1a: Aerodactyl\n|-crit|p1a: Aerodactyl\n|-damage|p1a: Aerodactyl|9/100\n|\n|upkeep\n|turn|2\n|inactive|yudeshuang has 30 seconds left.\n|inactive|hide on whimscott has 30 seconds left.\n|inactive|yudeshuang has 20 seconds left.\n|\n|t:|1776511836\n|move|p2a: Venusaur|Protect|p2a: Venusaur\n|-singleturn|p2a: Venusaur|Protect\n|move|p1a: Aerodactyl|Dual Wingbeat|p2a: Venusaur\n|-activate|p2a: Venusaur|move: Protect\n|move|p1b: Basculegion|Last Respects|p2b: Basculegion\n|-supereffective|p2b: Basculegion|1\n|-damage|p2b: Basculegion|24/100\n|move|p2b: Basculegion|Shadow Ball|p1a: Aerodactyl\n|-damage|p1a: Aerodactyl|0 fnt\n|faint|p1a: Aerodactyl\n|\n|upkeep\n|\n|t:|1776511852\n|switch|p1a: Archaludon|Archaludon, L50, F|100/100\n|turn|3\n|inactive|hide on whimscott has 30 seconds left.\n|\n|t:|1776511883\n|switch|p1b: Pelipper|Pelipper, L50, F|100/100\n|-weather|RainDance|[from] ability: Drizzle|[of] p1b: Pelipper\n|move|p1a: Archaludon|Electro Shot||[still]\n|-prepare|p1a: Archaludon|Electro Shot\n|-boost|p1a: Archaludon|spa|1\n|-anim|p1a: Archaludon|Electro Shot|p2b: Basculegion\n|-supereffective|p2b: Basculegion|1\n|-damage|p2b: Basculegion|0 fnt\n|faint|p2b: Basculegion\n|move|p2a: Venusaur|Energy Ball|p1b: Pelipper\n|-damage|p1b: Pelipper|15/100\n|\n|-weather|RainDance|[upkeep]\n|upkeep\n|\n|t:|1776511891\n|switch|p2b: Torkoal|Torkoal, L50, M|100/100\n|-weather|SunnyDay|[from] ability: Drought|[of] p2b: Torkoal\n|turn|4\n|inactive|yudeshuang has 30 seconds left.\n|inactive|yudeshuang has 20 seconds left.\n|inactive|yudeshuang has 15 seconds left.\n|inactive|yudeshuang has 10 seconds left.\n|\n|t:|1776511940\n|move|p1b: Pelipper|Hurricane|p2b: Torkoal\n|-damage|p2b: Torkoal|34/100\n|-start|p2b: Torkoal|confusion\n|-enditem|p2b: Torkoal|Sitrus Berry|[eat]\n|-heal|p2b: Torkoal|59/100|[from] item: Sitrus Berry\n|move|p1a: Archaludon|Dragon Pulse|p2b: Torkoal\n|-damage|p2b: Torkoal|0 fnt\n|faint|p2b: Torkoal\n|move|p2a: Venusaur|Energy Ball|p1b: Pelipper\n|-damage|p1b: Pelipper|0 fnt\n|faint|p1b: Pelipper\n|\n|-weather|SunnyDay|[upkeep]\n|-sideend|p1: yudeshuang|move: Tailwind\n|upkeep\n|\n|t:|1776511956\n|switch|p1b: Basculegion|Basculegion, L50, M|100/100\n|switch|p2b: Kingambit|Kingambit, L50, M|100/100\n|turn|5\n|\n|t:|1776511972\n|move|p1b: Basculegion|Protect|p1b: Basculegion\n|-singleturn|p1b: Basculegion|Protect\n|move|p1a: Archaludon|Dragon Pulse|p2a: Venusaur\n|-damage|p2a: Venusaur|47/100\n|move|p2a: Venusaur|Sleep Powder|p1a: Archaludon|[miss]\n|-miss|p2a: Venusaur|p1a: Archaludon\n|move|p2b: Kingambit|Low Kick|p1a: Archaludon\n|-supereffective|p1a: Archaludon|1\n|-damage|p1a: Archaludon|58/100\n|-ability|p1a: Archaludon|Stamina|boost\n|-boost|p1a: Archaludon|def|1\n|\n|-weather|SunnyDay|[upkeep]\n|-heal|p1a: Archaludon|64/100|[from] item: Leftovers\n|upkeep\n|turn|6\n|inactive|yudeshuang has 30 seconds left.\n|inactive|hide on whimscott has 30 seconds left.\n|inactive|yudeshuang has 20 seconds left.\n|inactive|yudeshuang has 15 seconds left.\n|\n|t:|1776512016\n|move|p1b: Basculegion|Aqua Jet|p2b: Kingambit\n|-damage|p2b: Kingambit|94/100\n|move|p2b: Kingambit|Sucker Punch||[still]\n|-fail|p2b: Kingambit\n|move|p1a: Archaludon|Dragon Pulse|p2a: Venusaur\n|-damage|p2a: Venusaur|0 fnt\n|faint|p2a: Venusaur\n|\n|-weather|SunnyDay|[upkeep]\n|-heal|p1a: Archaludon|70/100|[from] item: Leftovers\n|upkeep\n|turn|7\n|-message|hide on whimscott forfeited.\n|\n|win|yudeshuang\n|raw|yudeshuang's rating: 1339 &rarr; <strong>1363</strong><br />(+24 for winning)\n|raw|hide on whimscott's rating: 1413 &rarr; <strong>1389</strong><br />(-24 for losing)\n",
  "uploadtime": 1776512023,
  "views": 22,
  "formatid": "gen9championsvgc2026regma",
  "rating": 1363,
  "private": 0,
  "password": null
}