{
  "id": "gen9championsvgc2026regma-2584054512",
  "format": "[Gen 9 Champions] VGC 2026 Reg M-A",
  "players": [
    "jlamb",
    "Nachofrize"
  ],
  "log": "|j|\u2606jlamb\n|j|\u2606Nachofrize\n|t:|1776220609\n|gametype|doubles\n|player|p1|jlamb|266|1103\n|player|p2|Nachofrize|cynthia|1135\n|gen|9\n|tier|[Gen 9 Champions] VGC 2026 Reg M-A\n|rated|\n|rule|Species Clause: Limit one of each Pok\u00e9mon\n|rule|Item Clause: Limit 1 of each item\n|clearpoke\n|poke|p1|Froslass, L50, F|\n|poke|p1|Kingambit, L50, F|\n|poke|p1|Kommo-o, L50, F|\n|poke|p1|Clefable, L50, M|\n|poke|p1|Arcanine-Hisui, L50, M|\n|poke|p1|Palafin, L50, M|\n|poke|p2|Sableye, L50, F|\n|poke|p2|Aggron, L50, F|\n|poke|p2|Toxapex, L50, M|\n|poke|p2|Clefable, L50, F|\n|poke|p2|Conkeldurr, L50, M|\n|poke|p2|Rotom-Mow, L50|\n|teampreview|4\n|\n|t:|1776220655\n|teamsize|p1|4\n|teamsize|p2|4\n|start\n|switch|p1a: Kommo-o|Kommo-o, L50, F|100/100\n|switch|p1b: Clefable|Clefable, L50, M|100/100\n|switch|p2a: Rotom|Rotom-Mow, L50|100/100\n|switch|p2b: Toxapex|Toxapex, L50, M|100/100\n|turn|1\n|\n|t:|1776220673\n|move|p1b: Clefable|Follow Me|p1b: Clefable\n|-singleturn|p1b: Clefable|move: Follow Me\n|move|p2a: Rotom|Thunderbolt|p1b: Clefable\n|-damage|p1b: Clefable|59/100\n|move|p1a: Kommo-o|Iron Defense|p1a: Kommo-o\n|-boost|p1a: Kommo-o|def|2\n|move|p2b: Toxapex|Toxic|p1b: Clefable\n|-status|p1b: Clefable|tox\n|\n|-damage|p1b: Clefable|53/100 tox|[from] psn\n|upkeep\n|turn|2\n|inactive|Battle timer is ON: inactive players will automatically lose when time's up. (requested by Nachofrize)\n|\n|t:|1776220706\n|move|p1b: Clefable|Follow Me|p1b: Clefable\n|-singleturn|p1b: Clefable|move: Follow Me\n|move|p2a: Rotom|Thunderbolt|p1b: Clefable\n|-damage|p1b: Clefable|15/100 tox\n|-enditem|p1b: Clefable|Sitrus Berry|[eat]\n|-heal|p1b: Clefable|40/100 tox|[from] item: Sitrus Berry\n|move|p1a: Kommo-o|Body Press|p2a: Rotom\n|-damage|p2a: Rotom|0 fnt\n|faint|p2a: Rotom\n|move|p2b: Toxapex|Toxic|p1b: Clefable\n|-fail|p1b: Clefable|tox\n|\n|-damage|p1b: Clefable|28/100 tox|[from] psn\n|upkeep\n|inactive|Nachofrize has 30 seconds left.\n|inactive|Nachofrize has 20 seconds left.\n|\n|t:|1776220742\n|switch|p2a: Clefable|Clefable, L50, F|100/100\n|turn|3\n|\n|t:|1776220755\n|move|p1b: Clefable|Follow Me|p1b: Clefable\n|-singleturn|p1b: Clefable|move: Follow Me\n|move|p1a: Kommo-o|Iron Defense|p1a: Kommo-o\n|-boost|p1a: Kommo-o|def|2\n|move|p2a: Clefable|Moonblast|p1b: Clefable\n|-damage|p1b: Clefable|0 fnt\n|faint|p1b: Clefable\n|move|p2b: Toxapex|Toxic|p1a: Kommo-o\n|-status|p1a: Kommo-o|tox\n|\n|-damage|p1a: Kommo-o|94/100 tox|[from] psn\n|upkeep\n|\n|t:|1776220762\n|switch|p1b: Kingambit|Kingambit, L50, F|100/100\n|turn|4\n|\n|t:|1776220776\n|switch|p2b: Aggron|Aggron, L50, F, shiny|100/100\n|move|p2a: Clefable|Protect|p2a: Clefable\n|-singleturn|p2a: Clefable|Protect\n|move|p1a: Kommo-o|Body Press|p2a: Clefable\n|-activate|p2a: Clefable|move: Protect\n|move|p1b: Kingambit|Kowtow Cleave|p2a: Clefable\n|-activate|p2a: Clefable|move: Protect\n|\n|-heal|p1a: Kommo-o|100/100 tox|[from] item: Leftovers\n|-damage|p1a: Kommo-o|88/100 tox|[from] psn\n|upkeep\n|turn|5\n|\n|t:|1776220792\n|switch|p2a: Toxapex|Toxapex, L50, M|100/100\n|detailschange|p2b: Aggron|Aggron-Mega, L50, F, shiny\n|-mega|p2b: Aggron|Aggron|Aggronite\n|move|p1a: Kommo-o|Body Press|p2b: Aggron\n|-supereffective|p2b: Aggron|1\n|-damage|p2b: Aggron|9/100\n|move|p2b: Aggron|Iron Defense|p2b: Aggron\n|-boost|p2b: Aggron|def|2\n|move|p1b: Kingambit|Kowtow Cleave|p2a: Toxapex\n|-damage|p2a: Toxapex|54/100\n|\n|-heal|p1a: Kommo-o|94/100 tox|[from] item: Leftovers\n|-heal|p2a: Toxapex|60/100|[from] item: Leftovers\n|-damage|p1a: Kommo-o|75/100 tox|[from] psn\n|upkeep\n|turn|6\n|\n|t:|1776220814\n|switch|p2a: Clefable|Clefable, L50, F|100/100\n|move|p2b: Aggron|Protect|p2b: Aggron\n|-singleturn|p2b: Aggron|Protect\n|move|p1b: Kingambit|Sucker Punch||[still]\n|-fail|p1b: Kingambit\n|move|p1a: Kommo-o|Body Press|p2a: Clefable\n|-resisted|p2a: Clefable|1\n|-damage|p2a: Clefable|82/100\n|\n|-heal|p1a: Kommo-o|82/100 tox|[from] item: Leftovers\n|-damage|p1a: Kommo-o|57/100 tox|[from] psn\n|upkeep\n|turn|7\n|\n|t:|1776220831\n|move|p2a: Clefable|Follow Me|p2a: Clefable\n|-singleturn|p2a: Clefable|move: Follow Me\n|move|p1a: Kommo-o|Body Press|p2a: Clefable\n|-resisted|p2a: Clefable|1\n|-damage|p2a: Clefable|65/100\n|move|p2b: Aggron|Body Press|p1a: Kommo-o\n|-damage|p1a: Kommo-o|41/100 tox\n|move|p1b: Kingambit|Kowtow Cleave|p2a: Clefable\n|-resisted|p2a: Clefable|1\n|-damage|p2a: Clefable|41/100\n|-enditem|p2a: Clefable|Sitrus Berry|[eat]\n|-heal|p2a: Clefable|66/100|[from] item: Sitrus Berry\n|\n|-heal|p1a: Kommo-o|47/100 tox|[from] item: Leftovers\n|-damage|p1a: Kommo-o|16/100 tox|[from] psn\n|upkeep\n|turn|8\n|\n|t:|1776220852\n|move|p2a: Clefable|Follow Me|p2a: Clefable\n|-singleturn|p2a: Clefable|move: Follow Me\n|move|p1a: Kommo-o|Flamethrower|p2a: Clefable\n|-damage|p2a: Clefable|48/100\n|move|p2b: Aggron|Body Press|p1b: Kingambit\n|-supereffective|p1b: Kingambit|2\n|-damage|p1b: Kingambit|0 fnt\n|faint|p1b: Kingambit\n|\n|-heal|p1a: Kommo-o|22/100 tox|[from] item: Leftovers\n|-damage|p1a: Kommo-o|0 fnt|[from] psn\n|faint|p1a: Kommo-o\n|upkeep\n|-message|jlamb forfeited.\n|\n|win|Nachofrize\n|raw|jlamb's rating: 1121 &rarr; <strong>1097</strong><br />(-24 for losing)\n|raw|Nachofrize's rating: 1135 &rarr; <strong>1159</strong><br />(+24 for winning)\n|l|\u2606jlamb\n|player|p1|\n",
  "uploadtime": 1776220894,
  "views": 16,
  "formatid": "gen9championsvgc2026regma",
  "rating": 1097,
  "private": 0,
  "password": null
}