{
  "id": "gen9championsvgc2026regma-2584826586",
  "format": "[Gen 9 Champions] VGC 2026 Reg M-A",
  "players": [
    "Fredbear&Memes",
    "0000220001d"
  ],
  "log": "|j|\u2606Fredbear&Memes\n|j|\u26060000220001d\n|t:|1776286635\n|gametype|doubles\n|player|p1|Fredbear&Memes|corbeau|1000\n|player|p2|0000220001d|ethan|1021\n|gen|9\n|tier|[Gen 9 Champions] VGC 2026 Reg M-A\n|rated|\n|rule|Species Clause: Limit one of each Pok\u00e9mon\n|rule|Item Clause: Limit 1 of each item\n|clearpoke\n|poke|p1|Meganium, L50, M|\n|poke|p1|Dragapult, L50, M|\n|poke|p1|Zoroark-Hisui, L50, M|\n|poke|p1|Kingambit, L50, M|\n|poke|p1|Sinistcha, L50|\n|poke|p1|Aerodactyl, L50, M|\n|poke|p2|Furfrou, L50, M|\n|poke|p2|Empoleon, L50, F|\n|poke|p2|Houndoom, L50, M|\n|poke|p2|Sableye, L50, F|\n|poke|p2|Bastiodon, L50, F|\n|poke|p2|Alakazam, L50, F|\n|teampreview|4\n|inactive|Battle timer is ON: inactive players will automatically lose when time's up. (requested by 0000220001d)\n0000220001d rejected open team sheets.\n|inactive|Fredbear&Memes has 60 seconds left.\n|\n|t:|1776286704\n|teamsize|p1|4\n|teamsize|p2|4\n|start\n|switch|p1a: Meganium|Meganium, L50, M|100/100\n|switch|p1b: Aerodactyl|Aerodactyl, L50, M|100/100\n|switch|p2a: Empoleon|Empoleon, L50, F|100/100\n|switch|p2b: Sableye|Sableye, L50, F|100/100\n|-ability|p1b: Aerodactyl|Unnerve\n|turn|1\n|inactive|Fredbear&Memes has 30 seconds left.\n|inactive|0000220001d has 30 seconds left.\n|inactive|0000220001d has 20 seconds left.\n|\n|t:|1776286741\n|switch|p1b: Kingambit|Kingambit, L50, M, shiny|100/100\n|detailschange|p1a: Meganium|Meganium-Mega, L50, M\n|-mega|p1a: Meganium|Meganium|Meganiumite\n|move|p1a: Meganium|Protect|p1a: Meganium\n|-singleturn|p1a: Meganium|Protect\n|move|p2b: Sableye|Quash|p1b: Kingambit\n|-hint|Since gen 7, Dark is immune to Prankster moves.\n|-immune|p1b: Kingambit\n|move|p2a: Empoleon|Hydro Pump|p1b: Kingambit\n|-damage|p1b: Kingambit|51/100\n|\n|upkeep\n|turn|2\n|inactive|Fredbear&Memes has 30 seconds left.\n|\n|t:|1776286769\n|move|p2b: Sableye|Encore|p1a: Meganium\n|-start|p1a: Meganium|Encore\n|move|p1a: Meganium|Protect|p1a: Meganium\n|-singleturn|p1a: Meganium|Protect\n|move|p2a: Empoleon|Hydro Pump|p1b: Kingambit|[miss]\n|-miss|p2a: Empoleon|p1b: Kingambit\n|move|p1b: Kingambit|Low Kick|p2a: Empoleon\n|-supereffective|p2a: Empoleon|1\n|-damage|p2a: Empoleon|37/100\n|\n|upkeep\n|turn|3\n|inactive|Fredbear&Memes has 30 seconds left.\n|inactive|Fredbear&Memes has 20 seconds left.\n|inactive|Fredbear&Memes has 15 seconds left.\n|\n|t:|1776286810\n|switch|p1a: Dragapult|Dragapult, L50, M|100/100\n|move|p2a: Empoleon|Protect|p2a: Empoleon\n|-singleturn|p2a: Empoleon|Protect\n|move|p1b: Kingambit|Protect|p1b: Kingambit\n|-singleturn|p1b: Kingambit|Protect\n|move|p2b: Sableye|Foul Play|p1b: Kingambit\n|-activate|p1b: Kingambit|move: Protect\n|\n|upkeep\n|turn|4\n|\n|t:|1776286839\n|move|p2b: Sableye|Quash|p1a: Dragapult\n|-activate|p1a: Dragapult|move: Quash\n|move|p2a: Empoleon|Hydro Pump|p1b: Kingambit\n|-damage|p1b: Kingambit|0 fnt\n|faint|p1b: Kingambit\n|move|p1a: Dragapult|Dragon Darts|p2b: Sableye\n|-damage|p2b: Sableye|73/100\n|-anim|p1a: Dragapult|Dragon Darts|p2a: Empoleon\n|-resisted|p2a: Empoleon|1\n|-damage|p2a: Empoleon|24/100\n|\n|upkeep\n|\n|t:|1776286852\n|switch|p1b: Aerodactyl|Aerodactyl, L50, M|100/100\n|-ability|p1b: Aerodactyl|Unnerve\n|turn|5\n|\n|t:|1776286866\n|move|p1a: Dragapult|Protect|p1a: Dragapult\n|-singleturn|p1a: Dragapult|Protect\n|move|p2a: Empoleon|Protect|p2a: Empoleon\n|-singleturn|p2a: Empoleon|Protect\n|move|p2b: Sableye|Encore|p1a: Dragapult\n|-activate|p1a: Dragapult|move: Protect\n|move|p1b: Aerodactyl|Tailwind|p1b: Aerodactyl\n|-sidestart|p1: Fredbear&Memes|move: Tailwind\n|\n|upkeep\n|turn|6\n|inactive|Fredbear&Memes has 30 seconds left.\n|\n|t:|1776286893\n|switch|p1b: Meganium|Meganium-Mega, L50, M|100/100\n|move|p2b: Sableye|Encore|p1a: Dragapult\n|-start|p1a: Dragapult|Encore\n|move|p1a: Dragapult|Protect|p1a: Dragapult\n|-singleturn|p1a: Dragapult|Protect\n|move|p2a: Empoleon|Hydro Pump|p1b: Meganium|[miss]\n|-miss|p2a: Empoleon|p1b: Meganium\n|\n|upkeep\n|turn|7\n|\n|t:|1776286910\n|switch|p1a: Aerodactyl|Aerodactyl, L50, M|100/100\n|-ability|p1a: Aerodactyl|Unnerve\n|move|p2b: Sableye|Quash|p1b: Meganium\n|-activate|p1b: Meganium|move: Quash\n|move|p2a: Empoleon|Flash Cannon|p1b: Meganium\n|-supereffective|p1b: Meganium|1\n|-damage|p1b: Meganium|40/100\n|move|p1b: Meganium|Dazzling Gleam|p2b: Sableye|[spread] p2a,p2b\n|-resisted|p2a: Empoleon|1\n|-supereffective|p2b: Sableye|1\n|-damage|p2a: Empoleon|6/100\n|-damage|p2b: Sableye|0 fnt\n|faint|p2b: Sableye\n|\n|upkeep\n|\n|t:|1776286924\n|switch|p2b: Furfrou|Furfrou, L50, M|100/100\n|turn|8\n|\n|t:|1776286938\n|move|p2a: Empoleon|Protect|p2a: Empoleon\n|-singleturn|p2a: Empoleon|Protect\n|move|p1a: Aerodactyl|Dual Wingbeat|p2b: Furfrou\n|-damage|p2b: Furfrou|86/100\n|-damage|p2b: Furfrou|71/100\n|-hitcount|p2b: Furfrou|2\n|move|p1b: Meganium|Dazzling Gleam|p2b: Furfrou|[spread] p2b\n|-activate|p2a: Empoleon|move: Protect\n|-damage|p2b: Furfrou|42/100\n|move|p2b: Furfrou|Thunder Wave|p1a: Aerodactyl\n|-status|p1a: Aerodactyl|par\n|\n|-sideend|p1: Fredbear&Memes|move: Tailwind\n|upkeep\n|turn|9\n|\n|t:|1776286962\n|move|p2b: Furfrou|Snarl|p1a: Aerodactyl|[spread] p1a,p1b\n|-resisted|p1b: Meganium|1\n|-damage|p1a: Aerodactyl|92/100 par\n|-damage|p1b: Meganium|37/100\n|-unboost|p1a: Aerodactyl|spa|1\n|-unboost|p1b: Meganium|spa|1\n|move|p1a: Aerodactyl|Tailwind|p1a: Aerodactyl\n|-sidestart|p1: Fredbear&Memes|move: Tailwind\n|move|p1b: Meganium|Dazzling Gleam|p2a: Empoleon|[spread] p2a,p2b\n|-resisted|p2a: Empoleon|1\n|-damage|p2a: Empoleon|0 fnt\n|-damage|p2b: Furfrou|20/100\n|faint|p2a: Empoleon\n|\n|upkeep\n|\n|t:|1776286972\n|switch|p2a: Houndoom|Houndoom, L50, M|100/100\n|turn|10\n|\n|t:|1776286982\n|detailschange|p2a: Houndoom|Houndoom-Mega, L50, M\n|-mega|p2a: Houndoom|Houndoom|Houndoominite\n|move|p1a: Aerodactyl|Wide Guard|p1a: Aerodactyl\n|-singleturn|p1a: Aerodactyl|Wide Guard\n|move|p1b: Meganium|Dazzling Gleam|p2b: Furfrou|[spread] p2a,p2b\n|-damage|p2a: Houndoom|71/100\n|-damage|p2b: Furfrou|0 fnt\n|faint|p2b: Furfrou\n|move|p2a: Houndoom|Heat Wave|p1b: Meganium|[spread] \n|-activate|p1a: Aerodactyl|move: Wide Guard\n|-activate|p1b: Meganium|move: Wide Guard\n|\n|upkeep\n|turn|11\n|\n|t:|1776286998\n|move|p1b: Meganium|Dazzling Gleam|p2a: Houndoom\n|-damage|p2a: Houndoom|31/100\n|move|p1a: Aerodactyl|Rock Slide|p2a: Houndoom\n|-supereffective|p2a: Houndoom|1\n|-damage|p2a: Houndoom|0 fnt\n|faint|p2a: Houndoom\n|\n|win|Fredbear&Memes\n|raw|Fredbear&amp;Memes's rating: 1000 &rarr; <strong>1042</strong><br />(+42 for winning)\n|raw|0000220001d's rating: 1021 &rarr; <strong>1007</strong><br />(-14 for losing)\n|l|\u26060000220001d\n|player|p2|\n|c|\u2606Fredbear&Memes|gg\n",
  "uploadtime": 1776287052,
  "views": 22,
  "formatid": "gen9championsvgc2026regma",
  "rating": 1007,
  "private": 0,
  "password": null
}