{
  "id": "gen9championsvgc2026regma-2587089898",
  "format": "[Gen 9 Champions] VGC 2026 Reg M-A",
  "players": [
    "Lokimain1010",
    "Loudflamingo"
  ],
  "log": "|j|\u2606Lokimain1010\n|j|\u2606Loudflamingo\n|t:|1776491951\n|gametype|doubles\n|player|p1|Lokimain1010|juan|1143\n|player|p2|Loudflamingo|1|1156\n|gen|9\n|tier|[Gen 9 Champions] VGC 2026 Reg M-A\n|rated|\n|rule|Species Clause: Limit one of each Pok\u00e9mon\n|rule|Item Clause: Limit 1 of each item\n|clearpoke\n|poke|p1|Froslass, L50, F|\n|poke|p1|Orthworm, L50, M|\n|poke|p1|Garchomp, L50, M|\n|poke|p1|Talonflame, L50, F|\n|poke|p1|Glaceon, L50, M|\n|poke|p1|Sinistcha, L50|\n|poke|p2|Sableye, L50, F|\n|poke|p2|Espathra, L50, M|\n|poke|p2|Milotic, L50, F|\n|poke|p2|Mimikyu, L50, F|\n|poke|p2|Garchomp, L50, M|\n|poke|p2|Maushold-Four, L50|\n|teampreview|4\n|inactive|Battle timer is ON: inactive players will automatically lose when time's up. (requested by Lokimain1010)\n|\n|t:|1776491974\n|teamsize|p1|4\n|teamsize|p2|4\n|start\n|switch|p1a: $T. Loser|Froslass, L50, F|100/100\n|switch|p1b: Sinistcha|Sinistcha, L50|100/100\n|switch|p2a: Sableye|Sableye, L50, F|100/100\n|switch|p2b: Espathra|Espathra, L50, M|100/100\n|turn|1\n|inactive|Lokimain1010 has 30 seconds left.\n|\n|t:|1776492000\n|move|p1a: $T. Loser|Protect|p1a: $T. Loser\n|-singleturn|p1a: $T. Loser|Protect\n|move|p2a: Sableye|Gravity|p2a: Sableye\n|-fieldstart|move: Gravity\n|move|p2b: Espathra|Hypnosis|p1a: $T. Loser\n|-activate|p1a: $T. Loser|move: Protect\n|move|p1b: Sinistcha|Imprison|p1b: Sinistcha\n|-start|p1b: Sinistcha|move: Imprison\n|\n|-ability|p2b: Espathra|Speed Boost|boost\n|-boost|p2b: Espathra|spe|1\n|upkeep\n|turn|2\n|\n|t:|1776492028\n|detailschange|p1a: $T. Loser|Froslass-Mega, L50, F\n|-mega|p1a: $T. Loser|Froslass|Froslassite\n|-weather|Snowscape|[from] ability: Snow Warning|[of] p1a: $T. Loser\n|move|p2a: Sableye|Encore|p1a: $T. Loser\n|-start|p1a: $T. Loser|Encore\n|move|p1a: $T. Loser|Protect||[still]\n|-fail|p1a: $T. Loser\n|move|p2b: Espathra|Hypnosis|p1b: Sinistcha\n|-status|p1b: Sinistcha|slp|[from] move: Hypnosis\n|cant|p1b: Sinistcha|slp\n|\n|-weather|Snowscape|[upkeep]\n|-ability|p2b: Espathra|Speed Boost|boost\n|-boost|p2b: Espathra|spe|1\n|upkeep\n|turn|3\n|\n|t:|1776492046\n|switch|p1a: Old Tech|Orthworm, L50, M|100/100\n|move|p2b: Espathra|Lumina Crash|p1a: Old Tech\n|-resisted|p1a: Old Tech|1\n|-crit|p1a: Old Tech\n|-damage|p1a: Old Tech|67/100\n|-unboost|p1a: Old Tech|spd|2\n|move|p2a: Sableye|Foul Play|p1a: Old Tech\n|-damage|p1a: Old Tech|49/100\n|-enditem|p1a: Old Tech|Sitrus Berry|[eat]\n|-heal|p1a: Old Tech|73/100|[from] item: Sitrus Berry\n|cant|p1b: Sinistcha|slp\n|\n|-weather|Snowscape|[upkeep]\n|-ability|p2b: Espathra|Speed Boost|boost\n|-boost|p2b: Espathra|spe|1\n|upkeep\n|turn|4\n|\n|t:|1776492063\n|move|p2a: Sableye|Taunt|p1a: Old Tech\n|-start|p1a: Old Tech|move: Taunt\n|move|p2b: Espathra|Lumina Crash|p1a: Old Tech\n|-resisted|p1a: Old Tech|1\n|-damage|p1a: Old Tech|27/100\n|-unboost|p1a: Old Tech|spd|2\n|cant|p1a: Old Tech|move: Taunt|Coil\n|-curestatus|p1b: Sinistcha|slp|[msg]\n|move|p1b: Sinistcha|Trick Room|p1b: Sinistcha\n|-fieldstart|move: Trick Room|[of] p1b: Sinistcha\n|\n|-weather|Snowscape|[upkeep]\n|-ability|p2b: Espathra|Speed Boost|boost\n|-boost|p2b: Espathra|spe|1\n|upkeep\n|turn|5\n|\n|t:|1776492084\n|move|p2b: Espathra|Protect|p2b: Espathra\n|-singleturn|p2b: Espathra|Protect\n|move|p2a: Sableye|Encore|p1b: Sinistcha\n|-start|p1b: Sinistcha|Encore\n|move|p1a: Old Tech|Heavy Slam|p2b: Espathra\n|-activate|p2b: Espathra|move: Protect\n|move|p1b: Sinistcha|Trick Room|p1b: Sinistcha\n|-fieldend|move: Trick Room\n|\n|-weather|Snowscape|[upkeep]\n|-fieldend|move: Gravity\n|-ability|p2b: Espathra|Speed Boost|boost\n|-boost|p2b: Espathra|spe|1\n|upkeep\n|turn|6\n|\n|t:|1776492102\n|move|p2a: Sableye|Taunt|p1b: Sinistcha\n|-start|p1b: Sinistcha|move: Taunt\n|move|p2b: Espathra|Lumina Crash|p1a: Old Tech\n|-resisted|p1a: Old Tech|1\n|-damage|p1a: Old Tech|0 fnt\n|faint|p1a: Old Tech\n|cant|p1b: Sinistcha|move: Taunt|Trick Room\n|\n|-weather|none\n|-ability|p2b: Espathra|Speed Boost|boost\n|-boost|p2b: Espathra|spe|1\n|upkeep\n|\n|t:|1776492105\n|switch|p1a: $T. Loser|Froslass-Mega, L50, F|100/100\n|-weather|Snowscape|[from] ability: Snow Warning|[of] p1a: $T. Loser\n|turn|7\n|c|\u2606Loudflamingo|Goooooood try\n|\n|t:|1776492120\n|switch|p1b: Cannibalism|Garchomp, L50, M|100/100\n|move|p2a: Sableye|Gravity|p2a: Sableye\n|-fieldstart|move: Gravity\n|move|p2b: Espathra|Hypnosis|p1a: $T. Loser\n|-status|p1a: $T. Loser|slp|[from] move: Hypnosis\n|cant|p1a: $T. Loser|slp\n|\n|-weather|Snowscape|[upkeep]\n|upkeep\n|turn|8\n|c|\u2606Lokimain1010|so annoying\n|\n|t:|1776492135\n|move|p2b: Espathra|Hypnosis|p1b: Cannibalism\n|-status|p1b: Cannibalism|slp|[from] move: Hypnosis\n|-enditem|p1b: Cannibalism|Lum Berry|[eat]\n|-curestatus|p1b: Cannibalism|slp|[msg]\n|cant|p1a: $T. Loser|slp\n|move|p1b: Cannibalism|Rock Slide|p2b: Espathra|[spread] p2a,p2b\n|-damage|p2a: Sableye|79/100\n|-damage|p2b: Espathra|82/100\n|cant|p2a: Sableye|flinch\n|\n|-weather|Snowscape|[upkeep]\n|upkeep\n|turn|9\n|c|\u2606Lokimain1010|dont type\n|\n|t:|1776492155\n|move|p2b: Espathra|Hypnosis|p1b: Cannibalism\n|-status|p1b: Cannibalism|slp|[from] move: Hypnosis\n|-curestatus|p1a: $T. Loser|slp|[msg]\n|move|p1a: $T. Loser|Blizzard|p2b: Espathra|[spread] p2a,p2b\n|-crit|p2a: Sableye\n|-damage|p2a: Sableye|0 fnt\n|-damage|p2b: Espathra|28/100\n|faint|p2a: Sableye\n|cant|p1b: Cannibalism|slp\n|\n|-weather|Snowscape|[upkeep]\n|upkeep\n|\n|t:|1776492175\n|switch|p2a: Garchomp|Garchomp, L50, M|100/100\n|turn|10\n|\n|t:|1776492184\n|move|p2b: Espathra|Hypnosis|p1a: $T. Loser\n|-status|p1a: $T. Loser|slp|[from] move: Hypnosis\n|cant|p1a: $T. Loser|slp\n|cant|p1b: Cannibalism|slp\n|move|p2a: Garchomp|Dragon Rush|p1b: Cannibalism\n|-supereffective|p1b: Cannibalism|1\n|-damage|p1b: Cannibalism|0 fnt\n|-damage|p2a: Garchomp|88/100|[from] ability: Rough Skin|[of] p1b: Cannibalism\n|faint|p1b: Cannibalism\n|\n|-weather|Snowscape|[upkeep]\n|upkeep\n|\n|t:|1776492187\n|switch|p1b: Sinistcha|Sinistcha, L50|100/100\n|turn|11\n|\n|t:|1776492207\n|move|p2b: Espathra|Hypnosis|p1b: Sinistcha\n|-status|p1b: Sinistcha|slp|[from] move: Hypnosis\n|cant|p1a: $T. Loser|slp\n|move|p2a: Garchomp|Dragon Rush|p1a: $T. Loser\n|-damage|p1a: $T. Loser|46/100 slp\n|cant|p1b: Sinistcha|slp\n|\n|-weather|none\n|-fieldend|move: Gravity\n|upkeep\n|turn|12\n|\n|t:|1776492231\n|move|p2b: Espathra|Lumina Crash|p1a: $T. Loser\n|-crit|p1a: $T. Loser\n|-damage|p1a: $T. Loser|0 fnt\n|faint|p1a: $T. Loser\n|move|p2a: Garchomp|Stomping Tantrum|p1b: Sinistcha\n|-resisted|p1b: Sinistcha|1\n|-damage|p1b: Sinistcha|83/100 slp\n|-curestatus|p1b: Sinistcha|slp|[msg]\n|move|p1b: Sinistcha|Trick Room|p1b: Sinistcha\n|-fieldstart|move: Trick Room|[of] p1b: Sinistcha\n|\n|upkeep\n|turn|13\n|\n|t:|1776492250\n|switch|p2a: Milotic|Milotic, L50, F|100/100\n|move|p2b: Espathra|Protect|p2b: Espathra\n|-singleturn|p2b: Espathra|Protect\n|move|p1b: Sinistcha|Matcha Gotcha|p2b: Espathra|[spread] p2a\n|-activate|p2b: Espathra|move: Protect\n|-supereffective|p2a: Milotic|1\n|-damage|p2a: Milotic|70/100\n|-heal|p1b: Sinistcha|100/100|[from] drain|[of] p2a: Milotic\n|\n|-heal|p2a: Milotic|76/100|[from] item: Leftovers\n|upkeep\n|turn|14\n|\n|t:|1776492270\n|move|p1b: Sinistcha|Matcha Gotcha|p2a: Milotic|[spread] p2a,p2b\n|-supereffective|p2a: Milotic|1\n|-damage|p2a: Milotic|48/100\n|-damage|p2b: Espathra|0 fnt\n|-status|p2a: Milotic|brn\n|faint|p2b: Espathra\n|move|p2a: Milotic|Hypnosis|p1b: Sinistcha\n|-status|p1b: Sinistcha|slp|[from] move: Hypnosis\n|\n|-heal|p2a: Milotic|54/100 brn|[from] item: Leftovers\n|-damage|p2a: Milotic|48/100 brn|[from] brn\n|upkeep\n|\n|t:|1776492279\n|switch|p2b: Garchomp|Garchomp, L50, M|88/100\n|turn|15\n|\n|t:|1776492290\n|cant|p1b: Sinistcha|slp\n|move|p2a: Milotic|Coil|p2a: Milotic\n|-boost|p2a: Milotic|atk|1\n|-boost|p2a: Milotic|def|1\n|-boost|p2a: Milotic|accuracy|1\n|move|p2b: Garchomp|Dragon Rush|p1b: Sinistcha\n|-damage|p1b: Sinistcha|63/100 slp\n|\n|-heal|p2a: Milotic|54/100 brn|[from] item: Leftovers\n|-damage|p2a: Milotic|48/100 brn|[from] brn\n|upkeep\n|turn|16\n|\n|t:|1776492301\n|cant|p1b: Sinistcha|slp\n|move|p2a: Milotic|Recover|p2a: Milotic\n|-heal|p2a: Milotic|98/100 brn\n|move|p2b: Garchomp|Dragon Rush|p1b: Sinistcha\n|-damage|p1b: Sinistcha|27/100 slp\n|\n|-heal|p2a: Milotic|100/100 brn|[from] item: Leftovers\n|-damage|p2a: Milotic|95/100 brn|[from] brn\n|-fieldend|move: Trick Room\n|upkeep\n|turn|17\n|\n|t:|1776492318\n|move|p2b: Garchomp|Dragon Rush|p1b: Sinistcha\n|-damage|p1b: Sinistcha|0 fnt\n|faint|p1b: Sinistcha\n|\n|win|Loudflamingo\n|raw|Lokimain1010's rating: 1143 &rarr; <strong>1119</strong><br />(-24 for losing)\n|raw|Loudflamingo's rating: 1156 &rarr; <strong>1180</strong><br />(+24 for winning)\n",
  "uploadtime": 1776492328,
  "views": 29,
  "formatid": "gen9championsvgc2026regma",
  "rating": 1119,
  "private": 0,
  "password": null
}