{
  "id": "gen9championsvgc2026regma-2582523309",
  "format": "[Gen 9 Champions] VGC 2026 Reg M-A",
  "players": [
    "sasman",
    "dio7oiant"
  ],
  "log": "|j|\u2606sasman\n|j|\u2606dio7oiant\n|t:|1776097116\n|gametype|doubles\n|player|p1|sasman|n|1059\n|player|p2|dio7oiant|ethan|1050\n|gen|9\n|tier|[Gen 9 Champions] VGC 2026 Reg M-A\n|rated|\n|rule|Species Clause: Limit one of each Pok\u00e9mon\n|rule|Item Clause: Limit 1 of each item\n|clearpoke\n|poke|p1|Rotom-Heat, L50|\n|poke|p1|Dragonite, L50, F|\n|poke|p1|Zoroark-Hisui, L50, F|\n|poke|p1|Sinistcha, L50|\n|poke|p1|Basculegion, L50, M|\n|poke|p1|Pelipper, L50, F|\n|poke|p2|Clefable, L50, F|\n|poke|p2|Charizard, L50, M|\n|poke|p2|Absol, L50, F|\n|poke|p2|Leafeon, L50, M|\n|poke|p2|Raichu, L50, F|\n|poke|p2|Rotom-Wash, L50|\n|teampreview|4\nsasman rejected open team sheets.\n|\n|t:|1776097169\n|teamsize|p1|4\n|teamsize|p2|4\n|start\n|switch|p1a: Dragonite|Dragonite, L50, F|100/100\n|switch|p1b: Pelipper|Pelipper, L50, F|100/100\n|switch|p2a: Absol|Absol, L50, F|100/100\n|switch|p2b: Clefable|Clefable, L50, F|100/100\n|-weather|RainDance|[from] ability: Drizzle|[of] p1b: Pelipper\n|turn|1\n|\n|t:|1776097205\n|move|p2b: Clefable|Follow Me|p2b: Clefable\n|-singleturn|p2b: Clefable|move: Follow Me\n|move|p1a: Dragonite|Nasty Plot|p1a: Dragonite\n|-boost|p1a: Dragonite|spa|2\n|move|p2a: Absol|Night Slash|p1a: Dragonite\n|-supereffective|p1a: Dragonite|1\n|-crit|p1a: Dragonite\n|-damage|p1a: Dragonite|0 fnt\n|replace|p1a: Zoroark|Zoroark-Hisui, L50, F\n|-end|p1a: Zoroark|Illusion\n|faint|p1a: Zoroark\n|move|p1b: Pelipper|Tailwind|p1b: Pelipper\n|-sidestart|p1: sasman|move: Tailwind\n|\n|-weather|RainDance|[upkeep]\n|upkeep\n|\n|t:|1776097228\n|switch|p1a: Dragonite|Dragonite, L50, F|100/100\n|turn|2\n|inactive|Battle timer is ON: inactive players will automatically lose when time's up. (requested by sasman)\n|\n|t:|1776097267\n|switch|p2a: Rotom|Rotom-Wash, L50, shiny|100/100\n|detailschange|p1a: Dragonite|Dragonite-Mega, L50, F\n|-mega|p1a: Dragonite|Dragonite|Dragoninite\n|move|p1a: Dragonite|Hurricane|p2a: Rotom\n|-resisted|p2a: Rotom|1\n|-damage|p2a: Rotom|77/100\n|move|p1b: Pelipper|Hurricane|p2b: Clefable\n|-damage|p2b: Clefable|66/100\n|-start|p2b: Clefable|confusion\n|-activate|p2b: Clefable|confusion\n|-damage|p2b: Clefable|61/100|[from] confusion\n|\n|-weather|RainDance|[upkeep]\n|-heal|p2a: Rotom|83/100|[from] item: Leftovers\n|upkeep\n|turn|3\n|inactive|sasman has 30 seconds left.\n|inactive|dio7oiant has 30 seconds left.\n|inactive|sasman has 20 seconds left.\n|inactive|dio7oiant has 20 seconds left.\n|\n|t:|1776097306\n|move|p1a: Dragonite|Hurricane|p2b: Clefable\n|-crit|p2b: Clefable\n|-damage|p2b: Clefable|0 fnt\n|faint|p2b: Clefable\n|move|p1b: Pelipper|Hurricane|p2a: Rotom\n|-resisted|p2a: Rotom|1\n|-damage|p2a: Rotom|67/100\n|move|p2a: Rotom|Thunderbolt|p1a: Dragonite\n|-damage|p1a: Dragonite|88/100\n|\n|-weather|RainDance|[upkeep]\n|-heal|p2a: Rotom|73/100|[from] item: Leftovers\n|upkeep\n|inactive|dio7oiant has 30 seconds left.\n|\n|t:|1776097333\n|switch|p2b: Charizard|Charizard, L50, M, shiny|100/100\n|turn|4\n|\n|t:|1776097358\n|detailschange|p2b: Charizard|Charizard-Mega-Y, L50, M, shiny\n|-mega|p2b: Charizard|Charizard|Charizardite Y\n|-weather|SunnyDay|[from] ability: Drought|[of] p2b: Charizard\n|move|p1a: Dragonite|Protect|p1a: Dragonite\n|-singleturn|p1a: Dragonite|Protect\n|move|p1b: Pelipper|Protect|p1b: Pelipper\n|-singleturn|p1b: Pelipper|Protect\n|move|p2b: Charizard|Solar Beam||[still]\n|-prepare|p2b: Charizard|Solar Beam\n|-anim|p2b: Charizard|Solar Beam|p1b: Pelipper\n|-activate|p1b: Pelipper|move: Protect\n|move|p2a: Rotom|Thunderbolt|p1a: Dragonite\n|-activate|p1a: Dragonite|move: Protect\n|\n|-weather|SunnyDay|[upkeep]\n|-heal|p2a: Rotom|79/100|[from] item: Leftovers\n|-sideend|p1: sasman|move: Tailwind\n|upkeep\n|turn|5\n|inactive|dio7oiant has 30 seconds left.\n|inactive|dio7oiant has 20 seconds left.\n|inactive|dio7oiant has 15 seconds left.\n|inactive|dio7oiant has 10 seconds left.\n|\n|t:|1776097405\n|move|p2b: Charizard|Heat Wave|p1b: Pelipper|[spread] p1a\n|-miss|p2b: Charizard|p1b: Pelipper\n|-resisted|p1a: Dragonite|1\n|-damage|p1a: Dragonite|61/100\n|-status|p1a: Dragonite|brn\n|move|p1a: Dragonite|Thunder|p2b: Charizard\n|-supereffective|p2b: Charizard|1\n|-damage|p2b: Charizard|23/100\n|-status|p2b: Charizard|par\n|move|p2a: Rotom|Thunderbolt|p1b: Pelipper\n|-supereffective|p1b: Pelipper|2\n|-enditem|p1b: Pelipper|Wacan Berry|[eat]\n|-enditem|p1b: Pelipper|Wacan Berry|[weaken]\n|-damage|p1b: Pelipper|36/100\n|move|p1b: Pelipper|Tailwind|p1b: Pelipper\n|-sidestart|p1: sasman|move: Tailwind\n|\n|-weather|SunnyDay|[upkeep]\n|-heal|p2a: Rotom|85/100|[from] item: Leftovers\n|-damage|p1a: Dragonite|55/100 brn|[from] brn\n|upkeep\n|turn|6\n|inactive|sasman has 30 seconds left.\n|inactive|dio7oiant has 30 seconds left.\n|inactive|dio7oiant has 20 seconds left.\n|inactive|dio7oiant has 15 seconds left.\n|inactive|sasman has 20 seconds left.\n|\n|t:|1776097455\n|switch|p1b: Basculegion|Basculegion, L50, M|100/100\n|move|p2b: Charizard|Protect|p2b: Charizard\n|-singleturn|p2b: Charizard|Protect\n|move|p1a: Dragonite|Draco Meteor|p2b: Charizard\n|-activate|p2b: Charizard|move: Protect\n|move|p2a: Rotom|Thunderbolt|p1a: Dragonite\n|-damage|p1a: Dragonite|31/100 brn\n|\n|-weather|SunnyDay|[upkeep]\n|-heal|p2a: Rotom|90/100|[from] item: Leftovers\n|-damage|p1a: Dragonite|25/100 brn|[from] brn\n|upkeep\n|turn|7\n|inactive|dio7oiant has 30 seconds left.\n|inactive|dio7oiant has 20 seconds left.\n|inactive|dio7oiant has 15 seconds left.\n|\n|t:|1776097497\n|switch|p1a: Pelipper|Pelipper, L50, F|36/100\n|-weather|RainDance|[from] ability: Drizzle|[of] p1a: Pelipper\n|move|p1b: Basculegion|Flip Turn|p2b: Charizard\n|-supereffective|p2b: Charizard|1\n|-damage|p2b: Charizard|0 fnt\n|faint|p2b: Charizard\n|\n|t:|1776097505\n|switch|p1b: Dragonite|Dragonite-Mega, L50, F|25/100 brn|[from] Flip Turn\n|move|p2a: Rotom|Thunderbolt|p1a: Pelipper\n|-supereffective|p1a: Pelipper|2\n|-damage|p1a: Pelipper|0 fnt\n|faint|p1a: Pelipper\n|\n|-weather|RainDance|[upkeep]\n|-heal|p2a: Rotom|96/100|[from] item: Leftovers\n|-damage|p1b: Dragonite|19/100 brn|[from] brn\n|upkeep\n|\n|t:|1776097520\n|switch|p2b: Absol|Absol, L50, F|100/100\n|switch|p1a: Basculegion|Basculegion, L50, M|100/100\n|turn|8\n|\n|t:|1776097544\n|move|p1b: Dragonite|Protect|p1b: Dragonite\n|-singleturn|p1b: Dragonite|Protect\n|move|p2b: Absol|Protect|p2b: Absol\n|-singleturn|p2b: Absol|Protect\n|move|p1a: Basculegion|Last Respects|p2a: Rotom\n|-damage|p2a: Rotom|16/100\n|move|p2a: Rotom|Thunderbolt|p1b: Dragonite\n|-activate|p1b: Dragonite|move: Protect\n|\n|-weather|RainDance|[upkeep]\n|-heal|p2a: Rotom|22/100|[from] item: Leftovers\n|-damage|p1b: Dragonite|13/100 brn|[from] brn\n|-sideend|p1: sasman|move: Tailwind\n|upkeep\n|turn|9\n|inactive|sasman has 30 seconds left.\n|inactive|dio7oiant has 30 seconds left.\n|inactive|dio7oiant has 20 seconds left.\n|inactive|dio7oiant has 15 seconds left.\n|inactive|dio7oiant has 10 seconds left.\n|\n|t:|1776097592\n|move|p2b: Absol|Sucker Punch|p1a: Basculegion\n|-supereffective|p1a: Basculegion|1\n|-damage|p1a: Basculegion|0 fnt\n|faint|p1a: Basculegion\n|move|p1b: Dragonite|Draco Meteor|p2b: Absol\n|-damage|p2b: Absol|0 fnt\n|-unboost|p1b: Dragonite|spa|2\n|faint|p2b: Absol\n|move|p2a: Rotom|Thunderbolt|p1b: Dragonite\n|-damage|p1b: Dragonite|0 fnt\n|faint|p1b: Dragonite\n|\n|win|dio7oiant\n|raw|sasman's rating: 1059 &rarr; <strong>1040</strong><br />(-19 for losing)\n|raw|dio7oiant's rating: 1050 &rarr; <strong>1083</strong><br />(+33 for winning)\n|l|\u2606sasman\n|player|p1|\n",
  "uploadtime": 1776097629,
  "views": 11,
  "formatid": "gen9championsvgc2026regma",
  "rating": 1040,
  "private": 0,
  "password": null
}