{
  "id": "gen9championsvgc2026regma-2586158335",
  "format": "[Gen 9 Champions] VGC 2026 Reg M-A",
  "players": [
    "StretchBB",
    "huchuachua"
  ],
  "log": "|j|\u2606StretchBB\n|j|\u2606huchuachua\n|t:|1776406413\n|gametype|doubles\n|player|p1|StretchBB|gambler|1090\n|player|p2|huchuachua|265|1184\n|gen|9\n|tier|[Gen 9 Champions] VGC 2026 Reg M-A\n|rated|\n|rule|Species Clause: Limit one of each Pok\u00e9mon\n|rule|Item Clause: Limit 1 of each item\n|clearpoke\n|poke|p1|Tyrantrum, L50, M|\n|poke|p1|Milotic, L50, F|\n|poke|p1|Incineroar, L50, F|\n|poke|p1|Gardevoir, L50, F|\n|poke|p1|Sneasler, L50, F|\n|poke|p1|Whimsicott, L50, F|\n|poke|p2|Kingambit, L50, M|\n|poke|p2|Gardevoir, L50, F|\n|poke|p2|Aerodactyl, L50, M|\n|poke|p2|Maushold, L50|\n|poke|p2|Incineroar, L50, F|\n|poke|p2|Sneasler, L50, M|\n|teampreview|4\n|\n|t:|1776406435\n|teamsize|p1|4\n|teamsize|p2|4\n|start\n|switch|p1a: Whimsicott|Whimsicott, L50, F|100/100\n|switch|p1b: Tyrantrum|Tyrantrum, L50, M|100/100\n|switch|p2a: Gardevoir|Gardevoir, L50, F|100/100\n|switch|p2b: Maushold|Maushold, L50|100/100\n|-ability|p2a: Gardevoir|Rock Head|Trace|[from] ability: Trace|[of] p1b: Tyrantrum\n|turn|1\n|\n|t:|1776406455\n|move|p2b: Maushold|Follow Me|p2b: Maushold\n|-singleturn|p2b: Maushold|move: Follow Me\n|move|p1a: Whimsicott|Tailwind|p1a: Whimsicott\n|-sidestart|p1: StretchBB|move: Tailwind\n|move|p1b: Tyrantrum|Close Combat|p2b: Maushold\n|-supereffective|p2b: Maushold|1\n|-enditem|p2b: Maushold|Chople Berry|[eat]\n|-enditem|p2b: Maushold|Chople Berry|[weaken]\n|-damage|p2b: Maushold|66/100\n|-unboost|p1b: Tyrantrum|def|1\n|-unboost|p1b: Tyrantrum|spd|1\n|move|p2a: Gardevoir|Trick Room|p2a: Gardevoir\n|-fieldstart|move: Trick Room|[of] p2a: Gardevoir\n|\n|upkeep\n|turn|2\n|\n|t:|1776406472\n|detailschange|p2a: Gardevoir|Gardevoir-Mega, L50, F\n|-mega|p2a: Gardevoir|Gardevoir|Gardevoirite\n|move|p1a: Whimsicott|Encore|p2a: Gardevoir\n|-start|p2a: Gardevoir|Encore\n|move|p2b: Maushold|Taunt|p1a: Whimsicott\n|-start|p1a: Whimsicott|move: Taunt\n|move|p1b: Tyrantrum|Close Combat|p2b: Maushold\n|-supereffective|p2b: Maushold|1\n|-damage|p2b: Maushold|0 fnt\n|-unboost|p1b: Tyrantrum|def|1\n|-unboost|p1b: Tyrantrum|spd|1\n|faint|p2b: Maushold\n|move|p2a: Gardevoir|Trick Room|p2a: Gardevoir\n|-fieldend|move: Trick Room\n|\n|upkeep\n|\n|t:|1776406477\n|switch|p2b: Sneasler|Sneasler, L50, M|100/100\n|turn|3\n|\n|t:|1776406502\n|switch|p1a: Sneasler|Sneasler, L50, F|100/100\n|switch|p2a: Aerodactyl|Aerodactyl, L50, M|100/100\n|-ability|p2a: Aerodactyl|Pressure\n|move|p1b: Tyrantrum|Close Combat|p2b: Sneasler\n|-resisted|p2b: Sneasler|1\n|-damage|p2b: Sneasler|68/100\n|-unboost|p1b: Tyrantrum|def|1\n|-unboost|p1b: Tyrantrum|spd|1\n|move|p2b: Sneasler|Close Combat|p1b: Tyrantrum\n|-supereffective|p1b: Tyrantrum|1\n|-damage|p1b: Tyrantrum|0 fnt\n|-unboost|p2b: Sneasler|def|1\n|-unboost|p2b: Sneasler|spd|1\n|faint|p1b: Tyrantrum\n|-enditem|p2b: Sneasler|White Herb\n|-clearnegativeboost|p2b: Sneasler|[silent]\n|\n|upkeep\n|\n|t:|1776406523\n|switch|p1b: Whimsicott|Whimsicott, L50, F|100/100\n|turn|4\n|\n|t:|1776406536\n|move|p2b: Sneasler|Protect|p2b: Sneasler\n|-singleturn|p2b: Sneasler|Protect\n|move|p1b: Whimsicott|Encore|p2b: Sneasler\n|-activate|p2b: Sneasler|move: Protect\n|move|p1a: Sneasler|Rock Tomb|p2a: Aerodactyl\n|-supereffective|p2a: Aerodactyl|1\n|-damage|p2a: Aerodactyl|27/100\n|-unboost|p2a: Aerodactyl|spe|1\n|move|p2a: Aerodactyl|Dual Wingbeat|p1b: Whimsicott\n|-supereffective|p1b: Whimsicott|1\n|-damage|p1b: Whimsicott|50/100\n|-supereffective|p1b: Whimsicott|1\n|-damage|p1b: Whimsicott|6/100\n|-hitcount|p1b: Whimsicott|2\n|\n|-sideend|p1: StretchBB|move: Tailwind\n|upkeep\n|turn|5\n|\n|t:|1776406557\n|switch|p2b: Gardevoir|Gardevoir-Mega, L50, F|100/100\n|move|p1b: Whimsicott|Encore||[still]\n|-fail|p1b: Whimsicott\n|move|p1a: Sneasler|Rock Tomb|p2a: Aerodactyl\n|-supereffective|p2a: Aerodactyl|1\n|-damage|p2a: Aerodactyl|0 fnt\n|faint|p2a: Aerodactyl\n|\n|upkeep\n|\n|t:|1776406565\n|switch|p2a: Sneasler|Sneasler, L50, M|68/100\n|turn|6\n|\n|t:|1776406588\n|move|p2a: Sneasler|Fake Out|p1a: Sneasler\n|-damage|p1a: Sneasler|75/100\n|cant|p1a: Sneasler|flinch\n|move|p1b: Whimsicott|Moonblast|p2b: Gardevoir\n|-damage|p2b: Gardevoir|79/100\n|-unboost|p2b: Gardevoir|spa|1\n|move|p2b: Gardevoir|Hyper Voice|p1a: Sneasler|[spread] p1a,p1b\n|-damage|p1a: Sneasler|25/100\n|-damage|p1b: Whimsicott|0 fnt\n|faint|p1b: Whimsicott\n|\n|upkeep\n|\n|t:|1776406602\n|switch|p1b: Incineroar|Incineroar, L50, F|100/100\n|-ability|p1b: Incineroar|Intimidate|boost\n|-unboost|p2a: Sneasler|atk|1\n|-unboost|p2b: Gardevoir|atk|1\n|turn|7\n|\n|t:|1776406612\n|move|p2b: Gardevoir|Protect|p2b: Gardevoir\n|-singleturn|p2b: Gardevoir|Protect\n|move|p1b: Incineroar|Fake Out|p2a: Sneasler\n|-damage|p2a: Sneasler|42/100\n|move|p1a: Sneasler|Dire Claw|p2b: Gardevoir\n|-activate|p2b: Gardevoir|move: Protect\n|cant|p2a: Sneasler|flinch\n|\n|upkeep\n|turn|8\n|\n|t:|1776406630\n|move|p2a: Sneasler|Close Combat|p1a: Sneasler\n|-resisted|p1a: Sneasler|1\n|-damage|p1a: Sneasler|0 fnt\n|-unboost|p2a: Sneasler|def|1\n|-unboost|p2a: Sneasler|spd|1\n|faint|p1a: Sneasler\n|move|p2b: Gardevoir|Hyper Voice|p1b: Incineroar\n|-damage|p1b: Incineroar|53/100\n|move|p1b: Incineroar|Flare Blitz|p2a: Sneasler\n|-damage|p2a: Sneasler|0 fnt\n|faint|p2a: Sneasler\n|-damage|p1b: Incineroar|41/100|[from] Recoil\n|-enditem|p1b: Incineroar|Sitrus Berry|[eat]\n|-heal|p1b: Incineroar|66/100|[from] item: Sitrus Berry\n|\n|upkeep\n|turn|9\n|\n|t:|1776406650\n|move|p2b: Gardevoir|Hyper Voice|p1b: Incineroar\n|-damage|p1b: Incineroar|16/100\n|move|p1b: Incineroar|Darkest Lariat|p2b: Gardevoir\n|-damage|p2b: Gardevoir|29/100\n|\n|upkeep\n|turn|10\n|\n|t:|1776406657\n|move|p2b: Gardevoir|Hyper Voice|p1b: Incineroar\n|-damage|p1b: Incineroar|0 fnt\n|faint|p1b: Incineroar\n|\n|win|huchuachua\n|raw|StretchBB's rating: 1090 &rarr; <strong>1073</strong><br />(-17 for losing)\n|raw|huchuachua's rating: 1184 &rarr; <strong>1202</strong><br />(+18 for winning)\n|l|\u2606StretchBB\n|player|p1|\n",
  "uploadtime": 1776406662,
  "views": 19,
  "formatid": "gen9championsvgc2026regma",
  "rating": 1073,
  "private": 0,
  "password": null
}