{
  "id": "gen9championsvgc2026regma-2585068175",
  "format": "[Gen 9 Champions] VGC 2026 Reg M-A",
  "players": [
    "chichinitz",
    "Rozs04"
  ],
  "log": "|j|\u2606chichinitz\n|j|\u2606Rozs04\n|t:|1776308493\n|gametype|doubles\n|player|p1|chichinitz|psychic-gen4|1294\n|player|p2|Rozs04|biker-gen4|1249\n|gen|9\n|tier|[Gen 9 Champions] VGC 2026 Reg M-A\n|rated|\n|rule|Species Clause: Limit one of each Pok\u00e9mon\n|rule|Item Clause: Limit 1 of each item\n|clearpoke\n|poke|p1|Meganium, L50, F|\n|poke|p1|Pelipper, L50, M|\n|poke|p1|Basculegion, L50, M|\n|poke|p1|Archaludon, L50, F|\n|poke|p1|Aerodactyl, L50, M|\n|poke|p1|Kangaskhan, L50, F|\n|poke|p2|Farigiraf, L50, M|\n|poke|p2|Whimsicott, L50, M|\n|poke|p2|Garchomp, L50, M|\n|poke|p2|Rotom-Wash, L50|\n|poke|p2|Sneasler, L50, M|\n|poke|p2|Incineroar, L50, M|\n|teampreview|4\n|\n|t:|1776308526\n|teamsize|p1|4\n|teamsize|p2|4\n|start\n|switch|p1a: Pelipper|Pelipper, L50, M|100/100\n|switch|p1b: Basculegion|Basculegion, L50, M|100/100\n|switch|p2a: Garchomp|Garchomp, L50, M|100/100\n|switch|p2b: Rotom|Rotom-Wash, L50, shiny|100/100\n|-weather|RainDance|[from] ability: Drizzle|[of] p1a: Pelipper\n|turn|1\n|\n|t:|1776308556\n|move|p2a: Garchomp|Protect|p2a: Garchomp\n|-singleturn|p2a: Garchomp|Protect\n|move|p1b: Basculegion|Flip Turn|p2a: Garchomp\n|-activate|p2a: Garchomp|move: Protect\n|move|p2b: Rotom|Discharge|p1b: Basculegion|[spread] p1a,p1b\n|-activate|p2a: Garchomp|move: Protect\n|-supereffective|p1a: Pelipper|2\n|-supereffective|p1b: Basculegion|1\n|-enditem|p1a: Pelipper|Focus Sash\n|-damage|p1a: Pelipper|1/100\n|-damage|p1b: Basculegion|30/100\n|move|p1a: Pelipper|Tailwind|p1a: Pelipper\n|-sidestart|p1: chichinitz|move: Tailwind\n|\n|-weather|RainDance|[upkeep]\n|upkeep\n|turn|2\n|\n|t:|1776308587\n|switch|p2a: Farigiraf|Farigiraf, L50, M, shiny|100/100\n|move|p1a: Pelipper|Wide Guard|p1a: Pelipper\n|-singleturn|p1a: Pelipper|Wide Guard\n|move|p1b: Basculegion|Flip Turn|p2a: Farigiraf\n|-damage|p2a: Farigiraf|38/100\n|\n|t:|1776308594\n|switch|p1b: Archaludon|Archaludon, L50, F|100/100|[from] Flip Turn\n|move|p2b: Rotom|Discharge|p1a: Pelipper|[spread] p2a\n|-activate|p1a: Pelipper|move: Wide Guard\n|-activate|p1b: Archaludon|move: Wide Guard\n|-damage|p2a: Farigiraf|10/100\n|-status|p2a: Farigiraf|par\n|\n|-weather|RainDance|[upkeep]\n|upkeep\n|turn|3\n|\n|t:|1776308610\n|move|p1b: Archaludon|Electro Shot||[still]\n|-prepare|p1b: Archaludon|Electro Shot\n|-boost|p1b: Archaludon|spa|1\n|-anim|p1b: Archaludon|Electro Shot|p2b: Rotom\n|-damage|p2b: Rotom|37/100\n|move|p1a: Pelipper|Hurricane|p2a: Farigiraf\n|-damage|p2a: Farigiraf|0 fnt\n|faint|p2a: Farigiraf\n|move|p2b: Rotom|Volt Switch|p1a: Pelipper\n|-supereffective|p1a: Pelipper|2\n|-damage|p1a: Pelipper|0 fnt\n|faint|p1a: Pelipper\n|\n|t:|1776308625\n|switch|p2b: Sneasler|Sneasler, L50, M|100/100|[from] Volt Switch\n|\n|-weather|RainDance|[upkeep]\n|upkeep\n|\n|t:|1776308653\n|switch|p1a: Basculegion|Basculegion, L50, M|30/100\n|switch|p2a: Garchomp|Garchomp, L50, M|100/100\n|turn|4\n|\n|t:|1776308697\n|move|p2a: Garchomp|Protect|p2a: Garchomp\n|-singleturn|p2a: Garchomp|Protect\n|move|p1a: Basculegion|Wave Crash|p2b: Sneasler\n|-damage|p2b: Sneasler|0 fnt\n|faint|p2b: Sneasler\n|-damage|p1a: Basculegion|4/100|[from] Recoil\n|move|p1b: Archaludon|Draco Meteor|p2a: Garchomp\n|-activate|p2a: Garchomp|move: Protect\n|\n|-weather|RainDance|[upkeep]\n|-sideend|p1: chichinitz|move: Tailwind\n|upkeep\n|\n|t:|1776308708\n|switch|p2b: Rotom|Rotom-Wash, L50, shiny|37/100\n|turn|5\n|\n|t:|1776308719\n|move|p2b: Rotom|Protect|p2b: Rotom\n|-singleturn|p2b: Rotom|Protect\n|move|p1a: Basculegion|Last Respects|p2b: Rotom\n|-activate|p2b: Rotom|move: Protect\n|move|p2a: Garchomp|Earthquake|p1a: Basculegion|[spread] p1a,p1b\n|-activate|p2b: Rotom|move: Protect\n|-supereffective|p1b: Archaludon|1\n|-damage|p1a: Basculegion|0 fnt\n|-damage|p1b: Archaludon|30/100\n|faint|p1a: Basculegion\n|move|p1b: Archaludon|Draco Meteor|p2a: Garchomp\n|-supereffective|p2a: Garchomp|1\n|-damage|p2a: Garchomp|0 fnt\n|-unboost|p1b: Archaludon|spa|2\n|faint|p2a: Garchomp\n|\n|-weather|none\n|-heal|p2b: Rotom|43/100|[from] item: Leftovers\n|upkeep\n|\n|t:|1776308734\n|switch|p1a: Meganium|Meganium, L50, F|100/100\n|turn|6\n|-message|Rozs04 forfeited.\n|\n|win|chichinitz\n|raw|chichinitz's rating: 1294 &rarr; <strong>1316</strong><br />(+22 for winning)\n|raw|Rozs04's rating: 1249 &rarr; <strong>1227</strong><br />(-22 for losing)\n|l|\u2606Rozs04\n|player|p2|\n",
  "uploadtime": 1776308746,
  "views": 47,
  "formatid": "gen9championsvgc2026regma",
  "rating": 1227,
  "private": 0,
  "password": null
}