{
  "id": "gen9championsvgc2026regma-2583087710",
  "format": "[Gen 9 Champions] VGC 2026 Reg M-A",
  "players": [
    "f1ish",
    "KingOvershield"
  ],
  "log": "|badge|p1|bronze|gen9randombattle|100-9\n|uhtml|medal-msg|<div class=\"broadcast-blue\">Curious what those medals under the avatar are? PS now has Ladder Seasons! For more information, check out the <a href=\"https://www.smogon.com/forums/threads/3740067/\">thread on Smogon.</a></div>\n|j|\u203df1ish\n|j|\u2606KingOvershield\n|t:|1776140557\n|gametype|doubles\n|player|p1|f1ish|102|1298\n|player|p2|KingOvershield|bugcatcher-gen4dp|1302\n|gen|9\n|tier|[Gen 9 Champions] VGC 2026 Reg M-A\n|rated|\n|rule|Species Clause: Limit one of each Pok\u00e9mon\n|rule|Item Clause: Limit 1 of each item\n|clearpoke\n|poke|p1|Politoed, L50, M|\n|poke|p1|Primarina, L50, F|\n|poke|p1|Basculegion, L50, M|\n|poke|p1|Incineroar, L50, M|\n|poke|p1|Sinistcha, L50|\n|poke|p1|Gengar, L50, M|\n|poke|p2|Scizor, L50, F|\n|poke|p2|Incineroar, L50, M|\n|poke|p2|Ninetales-Alola, L50, M|\n|poke|p2|Basculegion, L50, M|\n|poke|p2|Sneasler, L50, F|\n|poke|p2|Kommo-o, L50, F|\n|teampreview|4\n|inactive|Battle timer is ON: inactive players will automatically lose when time's up. (requested by f1ish)\n|inactive|KingOvershield has 60 seconds left.\n|inactive|KingOvershield has 30 seconds left.\n|\n|t:|1776140621\n|teamsize|p1|4\n|teamsize|p2|4\n|start\n|switch|p1a: Gengar|Gengar, L50, M|100/100\n|switch|p1b: Incineroar|Incineroar, L50, M|100/100\n|switch|p2a: Kommo-o|Kommo-o, L50, F|100/100\n|switch|p2b: Scizor|Scizor, L50, F|100/100\n|-ability|p1b: Incineroar|Intimidate|boost\n|-unboost|p2a: Kommo-o|atk|1\n|-unboost|p2b: Scizor|atk|1\n|turn|1\n|inactive|f1ish has 30 seconds left.\n|inactive|f1ish has 20 seconds left.\n|inactive|f1ish has 15 seconds left.\n|inactive|f1ish has 10 seconds left.\n|inactive|f1ish has 5 seconds left.\n|\n|t:|1776140676\n|switch|p2b: Basculegion|Basculegion, L50, M|100/100\n|move|p1b: Incineroar|Fake Out|p2b: Basculegion\n|-immune|p2b: Basculegion\n|move|p1a: Gengar|Perish Song|p1a: Gengar\n|-start|p1a: Gengar|perish3|[silent]\n|-start|p1b: Incineroar|perish3|[silent]\n|-immune|p2a: Kommo-o|[from] ability: Soundproof\n|-start|p2b: Basculegion|perish3|[silent]\n|-fieldactivate|move: Perish Song\n|move|p2a: Kommo-o|Clangorous Soul|p2a: Kommo-o\n|-boost|p2a: Kommo-o|atk|1\n|-boost|p2a: Kommo-o|def|1\n|-boost|p2a: Kommo-o|spa|1\n|-boost|p2a: Kommo-o|spd|1\n|-boost|p2a: Kommo-o|spe|1\n|-damage|p2a: Kommo-o|68/100\n|\n|-heal|p2a: Kommo-o|73/100|[from] item: Leftovers\n|-start|p2b: Basculegion|perish3\n|-start|p1a: Gengar|perish3\n|-start|p1b: Incineroar|perish3\n|upkeep\n|turn|2\n|l|\u203df1ish\n|inactive|f1ish disconnected and has a minute to reconnect!\n|player|p1|\n|inactive|f1ish has 30 seconds left.\n|inactive|KingOvershield has 30 seconds left.\n|j|\u203df1ish\n|inactive|f1ish reconnected and has 30 seconds left.\n|player|p1|f1ish|102|\n|inactive|f1ish has 20 seconds left.\n|inactive|KingOvershield has 20 seconds left.\n|inactive|f1ish has 15 seconds left.\n|inactive|KingOvershield has 15 seconds left.\n|inactive|f1ish has 10 seconds left.\n|\n|t:|1776140726\n|detailschange|p1a: Gengar|Gengar-Mega, L50, M\n|-mega|p1a: Gengar|Gengar|Gengarite\n|move|p1a: Gengar|Protect|p1a: Gengar\n|-singleturn|p1a: Gengar|Protect\n|move|p1b: Incineroar|Protect|p1b: Incineroar\n|-singleturn|p1b: Incineroar|Protect\n|move|p2b: Basculegion|Flip Turn|p1a: Gengar\n|-activate|p1a: Gengar|move: Protect\n|move|p2a: Kommo-o|Clanging Scales|p1a: Gengar|[spread] \n|-activate|p1a: Gengar|move: Protect\n|-activate|p1b: Incineroar|move: Protect\n|\n|-heal|p2a: Kommo-o|79/100|[from] item: Leftovers\n|-start|p2b: Basculegion|perish2\n|-start|p1a: Gengar|perish2\n|-start|p1b: Incineroar|perish2\n|upkeep\n|turn|3\n|\n|t:|1776140748\n|switch|p1a: Primarina|Primarina, L50, F|100/100\n|switch|p1b: Sinistcha|Sinistcha, L50|100/100\n|move|p2b: Basculegion|Flip Turn|p1a: Primarina\n|-resisted|p1a: Primarina|1\n|-damage|p1a: Primarina|78/100\n|\n|t:|1776140758\n|switch|p2b: Scizor|Scizor, L50, F|100/100|[from] Flip Turn\n|move|p2a: Kommo-o|Clanging Scales|p1a: Primarina|[spread] p1b\n|-immune|p1a: Primarina\n|-damage|p1b: Sinistcha|44/100\n|-unboost|p2a: Kommo-o|def|1\n|\n|-heal|p2a: Kommo-o|85/100|[from] item: Leftovers\n|-heal|p1a: Primarina|83/100|[from] item: Leftovers\n|upkeep\n|turn|4\n|inactive|KingOvershield has 30 seconds left.\n|\n|t:|1776140792\n|detailschange|p2b: Scizor|Scizor-Mega, L50, F\n|-mega|p2b: Scizor|Scizor|Scizorite\n|move|p2a: Kommo-o|Protect|p2a: Kommo-o\n|-singleturn|p2a: Kommo-o|Protect\n|move|p2b: Scizor|Bullet Punch|p1a: Primarina\n|-crit|p1a: Primarina\n|-damage|p1a: Primarina|13/100\n|move|p1b: Sinistcha|Strength Sap|p2b: Scizor\n|-unboost|p2b: Scizor|atk|1\n|-heal|p1b: Sinistcha|100/100\n|move|p1a: Primarina|Moonblast|p2a: Kommo-o\n|-activate|p2a: Kommo-o|move: Protect\n|\n|-heal|p2a: Kommo-o|91/100|[from] item: Leftovers\n|-heal|p1a: Primarina|19/100|[from] item: Leftovers\n|upkeep\n|turn|5\n|inactive|f1ish has 30 seconds left.\n|inactive|KingOvershield has 30 seconds left.\n|\n|t:|1776140826\n|switch|p2b: Basculegion|Basculegion, L50, M|100/100\n|move|p1b: Sinistcha|Rage Powder|p1b: Sinistcha\n|-singleturn|p1b: Sinistcha|move: Rage Powder\n|move|p2a: Kommo-o|Clanging Scales|p1b: Sinistcha|[spread] p1b\n|-immune|p1a: Primarina\n|-damage|p1b: Sinistcha|42/100\n|-unboost|p2a: Kommo-o|def|1\n|move|p1a: Primarina|Moonblast|p2a: Kommo-o\n|-supereffective|p2a: Kommo-o|2\n|-damage|p2a: Kommo-o|0 fnt\n|faint|p2a: Kommo-o\n|\n|-heal|p1a: Primarina|25/100|[from] item: Leftovers\n|upkeep\n|\n|t:|1776140848\n|switch|p2a: Scizor|Scizor-Mega, L50, F|100/100\n|turn|6\n|inactive|f1ish has 30 seconds left.\n|\n|t:|1776140874\n|switch|p1a: Incineroar|Incineroar, L50, M|100/100\n|-ability|p1a: Incineroar|Intimidate|boost\n|-unboost|p2a: Scizor|atk|1\n|-unboost|p2b: Basculegion|atk|1\n|move|p1b: Sinistcha|Protect|p1b: Sinistcha\n|-singleturn|p1b: Sinistcha|Protect\n|move|p2b: Basculegion|Last Respects|p1b: Sinistcha\n|-activate|p1b: Sinistcha|move: Protect\n|move|p2a: Scizor|Trailblaze|p1a: Incineroar\n|-resisted|p1a: Incineroar|1\n|-damage|p1a: Incineroar|90/100\n|-boost|p2a: Scizor|spe|1\n|\n|upkeep\n|turn|7\n|inactive|f1ish has 30 seconds left.\n|inactive|KingOvershield has 30 seconds left.\n|inactive|f1ish has 20 seconds left.\n|inactive|KingOvershield has 20 seconds left.\n|inactive|f1ish has 15 seconds left.\n|inactive|KingOvershield has 15 seconds left.\n|inactive|f1ish has 10 seconds left.\n|inactive|KingOvershield has 10 seconds left.\n|inactive|f1ish has 5 seconds left.\n|\n|t:|1776140925\n|switch|p2a: Incineroar|Incineroar, L50, M|100/100\n|-ability|p2a: Incineroar|Intimidate|boost\n|-unboost|p1a: Incineroar|atk|1\n|-unboost|p1b: Sinistcha|atk|1\n|switch|p1b: Primarina|Primarina, L50, F|25/100\n|move|p2b: Basculegion|Last Respects|p1b: Primarina\n|-damage|p1b: Primarina|0 fnt\n|faint|p1b: Primarina\n|move|p1a: Incineroar|Parting Shot|p2b: Basculegion\n|-unboost|p2b: Basculegion|atk|1\n|-unboost|p2b: Basculegion|spa|1\n|\n|t:|1776140936\n|switch|p1a: Gengar|Gengar-Mega, L50, M|100/100|[from] Parting Shot\n|\n|upkeep\n|\n|t:|1776140940\n|switch|p1b: Incineroar|Incineroar, L50, M|90/100\n|-ability|p1b: Incineroar|Intimidate|boost\n|-unboost|p2a: Incineroar|atk|1\n|-unboost|p2b: Basculegion|atk|1\n|turn|8\n|\n|t:|1776140955\n|move|p2a: Incineroar|Fake Out|p1b: Incineroar\n|-damage|p1b: Incineroar|82/100\n|cant|p1b: Incineroar|flinch\n|move|p2b: Basculegion|Last Respects|p1a: Gengar\n|-supereffective|p1a: Gengar|1\n|-crit|p1a: Gengar\n|-damage|p1a: Gengar|0 fnt\n|faint|p1a: Gengar\n|\n|upkeep\n|-message|f1ish forfeited.\n|\n|win|KingOvershield\n|raw|f1ish's rating: 1298 &rarr; <strong>1273</strong><br />(-25 for losing)\n|raw|KingOvershield's rating: 1302 &rarr; <strong>1322</strong><br />(+20 for winning)\n|l|\u203df1ish\n|player|p1|\n|j|\u203df1ish\n|player|p1|f1ish|102|\n",
  "uploadtime": 1776140975,
  "views": 20,
  "formatid": "gen9championsvgc2026regma",
  "rating": 1273,
  "private": 0,
  "password": null
}