{
  "id": "gen9championsvgc2026regma-2580776097",
  "format": "[Gen 9 Champions] VGC 2026 Reg M-A",
  "players": [
    "ASanz09",
    "Drawiee"
  ],
  "log": "|j|\u2606ASanz09\n|j|\u2606Drawiee\n|t:|1775931543\n|gametype|doubles\n|player|p1|ASanz09|preschooler|1101\n|player|p2|Drawiee|169|1132\n|gen|9\n|tier|[Gen 9 Champions] VGC 2026 Reg M-A\n|rated|\n|rule|Species Clause: Limit one of each Pok\u00e9mon\n|rule|Item Clause: Limit 1 of each item\n|clearpoke\n|poke|p1|Glimmora, L50, F|\n|poke|p1|Tinkaton, L50, F|\n|poke|p1|Altaria, L50, M|\n|poke|p1|Weavile, L50, M|\n|poke|p1|Rotom-Wash, L50|\n|poke|p1|Sneasler, L50, F|\n|poke|p2|Golurk, L50|\n|poke|p2|Farigiraf, L50, F|\n|poke|p2|Incineroar, L50, F|\n|poke|p2|Torkoal, L50, F|\n|poke|p2|Venusaur, L50, M|\n|poke|p2|Sneasler, L50, M|\n|teampreview|4\n|inactive|Battle timer is ON: inactive players will automatically lose when time's up. (requested by ASanz09)\n|inactive|ASanz09 has 60 seconds left.\n|inactive|Drawiee has 60 seconds left.\n|\n|t:|1775931598\n|teamsize|p1|4\n|teamsize|p2|4\n|start\n|switch|p1a: Glimmora|Glimmora, L50, F|100/100\n|switch|p1b: Weavile|Weavile, L50, M|100/100\n|switch|p2a: Feel That Dread?|Golurk, L50|100/100\n|switch|p2b: Sinister|Farigiraf, L50, F|100/100\n|-ability|p1b: Weavile|Pressure\n|turn|1\n|inactive|ASanz09 has 30 seconds left.\n|\n|t:|1775931623\n|detailschange|p1a: Glimmora|Glimmora-Mega, L50, F\n|-mega|p1a: Glimmora|Glimmora|Glimmoranite\n|detailschange|p2a: Feel That Dread?|Golurk-Mega, L50\n|-mega|p2a: Feel That Dread?|Golurk|Golurkite\n|move|p2a: Feel That Dread?|Protect|p2a: Feel That Dread?\n|-singleturn|p2a: Feel That Dread?|Protect\n|move|p1b: Weavile|Taunt|p2b: Sinister\n|-start|p2b: Sinister|move: Taunt\n|move|p1a: Glimmora|Sludge Bomb|p2a: Feel That Dread?\n|-activate|p2a: Feel That Dread?|move: Protect\n|cant|p2b: Sinister|move: Taunt|Trick Room\n|\n|upkeep\n|turn|2\n|\n|t:|1775931646\n|switch|p2b: Big Misser|Venusaur, L50, M|100/100\n|switch|p2a: St.Solis|Torkoal, L50, F|100/100\n|-weather|SunnyDay|[from] ability: Drought|[of] p2a: St.Solis\n|move|p1b: Weavile|Knock Off|p2a: St.Solis\n|-damage|p2a: St.Solis|63/100\n|-enditem|p2a: St.Solis|Charcoal|[from] move: Knock Off|[of] p1b: Weavile\n|move|p1a: Glimmora|Sludge Bomb|p2a: St.Solis\n|-damage|p2a: St.Solis|0 fnt\n|faint|p2a: St.Solis\n|\n|-weather|SunnyDay|[upkeep]\n|upkeep\n|\n|t:|1775931659\n|switch|p2a: Sinister|Farigiraf, L50, F|100/100\n|turn|3\n|\n|t:|1775931676\n|move|p1a: Glimmora|Spiky Shield|p1a: Glimmora\n|-singleturn|p1a: Glimmora|move: Protect\n|move|p2b: Big Misser|Sleep Powder|p1b: Weavile\n|-status|p1b: Weavile|slp|[from] move: Sleep Powder\n|cant|p1b: Weavile|slp\n|move|p2a: Sinister|Twin Beam|p1a: Glimmora\n|-activate|p1a: Glimmora|move: Protect\n|\n|-weather|SunnyDay|[upkeep]\n|upkeep\n|turn|4\n|\n|t:|1775931697\n|move|p2b: Big Misser|Leaf Storm|p1a: Glimmora\n|-crit|p1a: Glimmora\n|-damage|p1a: Glimmora|9/100\n|-unboost|p2b: Big Misser|spa|2\n|cant|p1b: Weavile|slp\n|move|p1a: Glimmora|Sludge Bomb|p2a: Sinister\n|-damage|p2a: Sinister|35/100\n|-status|p2a: Sinister|psn\n|-enditem|p2a: Sinister|Sitrus Berry|[eat]\n|-heal|p2a: Sinister|60/100 psn|[from] item: Sitrus Berry\n|move|p2a: Sinister|Twin Beam|p1a: Glimmora\n|-supereffective|p1a: Glimmora|1\n|-damage|p1a: Glimmora|0 fnt\n|faint|p1a: Glimmora\n|-hitcount|p1: Glimmora|1\n|\n|-weather|SunnyDay|[upkeep]\n|-damage|p2a: Sinister|48/100 psn|[from] psn\n|upkeep\n|\n|t:|1775931717\n|switch|p1a: Altaria|Altaria, L50, M, shiny|100/100\n|-ability|p1a: Altaria|Cloud Nine\n|turn|5\n|\n|t:|1775931729\n|-curestatus|p1b: Weavile|slp|[msg]\n|move|p1b: Weavile|Knock Off|p2a: Sinister\n|-supereffective|p2a: Sinister|1\n|-damage|p2a: Sinister|0 fnt\n|faint|p2a: Sinister\n|move|p2b: Big Misser|Sleep Powder|p1a: Altaria\n|-status|p1a: Altaria|slp|[from] move: Sleep Powder\n|cant|p1a: Altaria|slp\n|\n|-weather|SunnyDay|[upkeep]\n|upkeep\n|\n|t:|1775931739\n|switch|p2a: Feel That Dread?|Golurk-Mega, L50|100/100\n|turn|6\n|\n|t:|1775931757\n|move|p2a: Feel That Dread?|Protect|p2a: Feel That Dread?\n|-singleturn|p2a: Feel That Dread?|Protect\n|move|p1b: Weavile|Knock Off|p2a: Feel That Dread?\n|-activate|p2a: Feel That Dread?|move: Protect\n|move|p2b: Big Misser|Sleep Powder|p1b: Weavile\n|-status|p1b: Weavile|slp|[from] move: Sleep Powder\n|cant|p1a: Altaria|slp\n|\n|-weather|none\n|upkeep\n|turn|7\n|\n|t:|1775931771\n|cant|p1b: Weavile|slp\n|move|p2b: Big Misser|Sludge Bomb|p1b: Weavile\n|-damage|p1b: Weavile|74/100 slp\n|-curestatus|p1a: Altaria|slp|[msg]\n|move|p1a: Altaria|Dragon Pulse|p2b: Big Misser\n|-damage|p2b: Big Misser|80/100\n|move|p2a: Feel That Dread?|Headlong Rush|p1b: Weavile\n|-damage|p1b: Weavile|0 fnt\n|-unboost|p2a: Feel That Dread?|def|1\n|-unboost|p2a: Feel That Dread?|spd|1\n|faint|p1b: Weavile\n|\n|upkeep\n|\n|t:|1775931784\n|switch|p1b: Rotom|Rotom-Wash, L50|100/100\n|turn|8\n|\n|t:|1775931799\n|move|p2a: Feel That Dread?|Protect|p2a: Feel That Dread?\n|-singleturn|p2a: Feel That Dread?|Protect\n|move|p1b: Rotom|Hydro Pump|p2a: Feel That Dread?\n|-activate|p2a: Feel That Dread?|move: Protect\n|move|p2b: Big Misser|Sleep Powder|p1b: Rotom\n|-status|p1b: Rotom|slp|[from] move: Sleep Powder\n|move|p1a: Altaria|Dragon Pulse|p2a: Feel That Dread?\n|-activate|p2a: Feel That Dread?|move: Protect\n|\n|upkeep\n|turn|9\n|inactive|Drawiee has 30 seconds left.\n|\n|t:|1775931825\n|cant|p1b: Rotom|slp\n|move|p2b: Big Misser|Sleep Powder|p1a: Altaria\n|-status|p1a: Altaria|slp|[from] move: Sleep Powder\n|cant|p1a: Altaria|slp\n|move|p2a: Feel That Dread?|Poltergeist|p1b: Rotom\n|-activate|p1b: Rotom|move: Poltergeist|Choice Scarf\n|-damage|p1b: Rotom|13/100 slp\n|\n|upkeep\n|turn|10\n|inactive|Drawiee has 30 seconds left.\n|\n|t:|1775931853\n|move|p2a: Feel That Dread?|Protect|p2a: Feel That Dread?\n|-singleturn|p2a: Feel That Dread?|Protect\n|cant|p1b: Rotom|slp\n|move|p2b: Big Misser|Leaf Storm|p1b: Rotom\n|-supereffective|p1b: Rotom|1\n|-damage|p1b: Rotom|0 fnt\n|-unboost|p2b: Big Misser|spa|2\n|faint|p1b: Rotom\n|cant|p1a: Altaria|slp\n|\n|upkeep\n|turn|11\n|-message|ASanz09 forfeited.\n|\n|win|Drawiee\n|raw|ASanz09's rating: 1101 &rarr; <strong>1078</strong><br />(-23 for losing)\n|raw|Drawiee's rating: 1132 &rarr; <strong>1155</strong><br />(+23 for winning)\n|l|\u2606ASanz09\n|player|p1|\n",
  "uploadtime": 1775931873,
  "views": 28,
  "formatid": "gen9championsvgc2026regma",
  "rating": 1078,
  "private": 0,
  "password": null
}