{
  "id": "gen9championsvgc2026regma-2583473886",
  "format": "[Gen 9 Champions] VGC 2026 Reg M-A",
  "players": [
    "Miguel1818",
    "renjiNL"
  ],
  "log": "|j|\u2606Miguel1818\n|j|\u2606renjiNL\n|t:|1776177932\n|gametype|doubles\n|player|p1|Miguel1818|1|1109\n|player|p2|renjiNL|266|1093\n|gen|9\n|tier|[Gen 9 Champions] VGC 2026 Reg M-A\n|rated|\n|rule|Species Clause: Limit one of each Pok\u00e9mon\n|rule|Item Clause: Limit 1 of each item\n|clearpoke\n|poke|p1|Charizard, L50, M|\n|poke|p1|Venusaur, L50, M|\n|poke|p1|Garchomp, L50, M|\n|poke|p1|Gengar, L50, F|\n|poke|p1|Incineroar, L50, F|\n|poke|p1|Rotom-Wash, L50|\n|poke|p2|Victreebel, L50, M|\n|poke|p2|Dragonite, L50, F|\n|poke|p2|Sneasler, L50, F|\n|poke|p2|Basculegion-F, L50, F|\n|teampreview|4\n|inactive|Battle timer is ON: inactive players will automatically lose when time's up. (requested by renjiNL)\n|\n|t:|1776177953\n|teamsize|p1|4\n|teamsize|p2|4\n|start\n|switch|p1a: Incineroar|Incineroar, L50, F, shiny|100/100\n|switch|p1b: Gengar|Gengar, L50, F, shiny|100/100\n|switch|p2a: Victreebel|Victreebel, L50, M|100/100\n|switch|p2b: Dragonite|Dragonite, L50, F|100/100\n|-ability|p1a: Incineroar|Intimidate|boost\n|-unboost|p2a: Victreebel|atk|1\n|-unboost|p2b: Dragonite|atk|1\n|turn|1\n|\n|t:|1776177976\n|detailschange|p2a: Victreebel|Victreebel-Mega, L50, M\n|-mega|p2a: Victreebel|Victreebel|Victreebelite\n|move|p1a: Incineroar|Fake Out|p2b: Dragonite\n|-damage|p2b: Dragonite|96/100\n|move|p1b: Gengar|Icy Wind|p2a: Victreebel|[spread] p2a,p2b\n|-supereffective|p2a: Victreebel|1\n|-supereffective|p2b: Dragonite|2\n|-damage|p2a: Victreebel|68/100\n|-damage|p2b: Dragonite|36/100\n|-unboost|p2a: Victreebel|spe|1\n|-unboost|p2b: Dragonite|spe|1\n|cant|p2b: Dragonite|flinch\n|move|p2a: Victreebel|Sleep Powder|p1b: Gengar\n|-status|p1b: Gengar|slp|[from] move: Sleep Powder\n|\n|upkeep\n|turn|2\n|\n|t:|1776177994\n|cant|p1b: Gengar|slp\n|move|p2b: Dragonite|Breaking Swipe|p1b: Gengar|[spread] p1a,p1b\n|-damage|p1a: Incineroar|87/100\n|-damage|p1b: Gengar|67/100 slp\n|-unboost|p1a: Incineroar|atk|1\n|-unboost|p1b: Gengar|atk|1\n|move|p1a: Incineroar|Parting Shot|p2b: Dragonite\n|-unboost|p2b: Dragonite|atk|1\n|-unboost|p2b: Dragonite|spa|1\n|\n|t:|1776178006\n|switch|p1a: Charizard|Charizard, L50, M, shiny|100/100|[from] Parting Shot\n|move|p2a: Victreebel|Sleep Powder|p1a: Charizard\n|-status|p1a: Charizard|slp|[from] move: Sleep Powder\n|\n|upkeep\n|turn|3\n|\n|t:|1776178024\n|cant|p1b: Gengar|slp\n|cant|p1a: Charizard|slp\n|move|p2b: Dragonite|Breaking Swipe|p1a: Charizard|[spread] p1a,p1b\n|-damage|p1a: Charizard|81/100 slp\n|-damage|p1b: Gengar|40/100 slp\n|-unboost|p1a: Charizard|atk|1\n|-unboost|p1b: Gengar|atk|1\n|move|p2a: Victreebel|Strength Sap|p1a: Charizard\n|-unboost|p1a: Charizard|atk|1\n|-heal|p2a: Victreebel|100/100\n|\n|upkeep\n|turn|4\n|\n|t:|1776178049\n|detailschange|p1a: Charizard|Charizard-Mega-Y, L50, M, shiny\n|-mega|p1a: Charizard|Charizard|Charizardite Y\n|-weather|SunnyDay|[from] ability: Drought|[of] p1a: Charizard\n|move|p2b: Dragonite|Aqua Jet|p1b: Gengar\n|-damage|p1b: Gengar|32/100 slp\n|-curestatus|p1b: Gengar|slp|[msg]\n|move|p1b: Gengar|Icy Wind|p2b: Dragonite|[spread] \n|-miss|p1b: Gengar|p2a: Victreebel\n|-miss|p1b: Gengar|p2b: Dragonite\n|cant|p1a: Charizard|slp\n|move|p2a: Victreebel|Sludge Bomb|p1a: Charizard\n|-damage|p1a: Charizard|28/100 slp\n|\n|-weather|SunnyDay|[upkeep]\n|upkeep\n|turn|5\n|inactive|Miguel1818 has 30 seconds left.\n|inactive|Miguel1818 has 20 seconds left.\n|inactive|Miguel1818 has 15 seconds left.\n|\n|t:|1776178093\n|switch|p1a: Incineroar|Incineroar, L50, F, shiny|87/100\n|-ability|p1a: Incineroar|Intimidate|boost\n|-unboost|p2a: Victreebel|atk|1\n|-unboost|p2b: Dragonite|atk|1\n|move|p1b: Gengar|Protect|p1b: Gengar\n|-singleturn|p1b: Gengar|Protect\n|move|p2b: Dragonite|Breaking Swipe|p1b: Gengar|[spread] p1a\n|-activate|p1b: Gengar|move: Protect\n|-damage|p1a: Incineroar|80/100\n|-unboost|p1a: Incineroar|atk|1\n|move|p2a: Victreebel|Sleep Powder|p1b: Gengar\n|-activate|p1b: Gengar|move: Protect\n|\n|-weather|SunnyDay|[upkeep]\n|upkeep\n|turn|6\n|inactive|Miguel1818 has 30 seconds left.\n|\n|t:|1776178127\n|switch|p2b: Basculegion|Basculegion-F, L50, F|100/100\n|move|p1a: Incineroar|Fake Out|p2a: Victreebel\n|-damage|p2a: Victreebel|93/100\n|move|p1b: Gengar|Icy Wind|p2b: Basculegion|[spread] p2a,p2b\n|-supereffective|p2a: Victreebel|1\n|-resisted|p2b: Basculegion|1\n|-damage|p2a: Victreebel|62/100\n|-damage|p2b: Basculegion|92/100\n|-unboost|p2a: Victreebel|spe|1\n|-unboost|p2b: Basculegion|spe|1\n|cant|p2a: Victreebel|flinch\n|\n|-weather|SunnyDay|[upkeep]\n|upkeep\n|turn|7\n|\n|t:|1776178145\n|move|p1b: Gengar|Icy Wind|p2a: Victreebel|[spread] p2a,p2b\n|-supereffective|p2a: Victreebel|1\n|-resisted|p2b: Basculegion|1\n|-damage|p2a: Victreebel|29/100\n|-damage|p2b: Basculegion|83/100\n|-unboost|p2a: Victreebel|spe|1\n|-unboost|p2b: Basculegion|spe|1\n|move|p2b: Basculegion|Last Respects|p1b: Gengar\n|-supereffective|p1b: Gengar|1\n|-damage|p1b: Gengar|0 fnt\n|faint|p1b: Gengar\n|move|p1a: Incineroar|Heat Wave|p2a: Victreebel|[spread] p2a,p2b\n|-supereffective|p2a: Victreebel|1\n|-resisted|p2b: Basculegion|1\n|-damage|p2a: Victreebel|0 fnt\n|-damage|p2b: Basculegion|65/100\n|-damage|p1a: Incineroar|53/100|[from] ability: Innards Out|[of] p2a: Victreebel\n|faint|p2a: Victreebel\n|\n|-weather|SunnyDay|[upkeep]\n|upkeep\n|\n|t:|1776178164\n|switch|p1b: Charizard|Charizard-Mega-Y, L50, M, shiny|28/100 slp\n|switch|p2a: Sneasler|Sneasler, L50, F|100/100\n|-ability|p2a: Sneasler|Pressure\n|turn|8\n|\n|t:|1776178176\n|-curestatus|p1b: Charizard|slp|[msg]\n|move|p1b: Charizard|Protect|p1b: Charizard\n|-singleturn|p1b: Charizard|Protect\n|move|p2a: Sneasler|Fake Out|p1a: Incineroar\n|-damage|p1a: Incineroar|44/100\n|-enditem|p1a: Incineroar|Sitrus Berry|[eat]\n|-heal|p1a: Incineroar|68/100|[from] item: Sitrus Berry\n|move|p2b: Basculegion|Last Respects|p1b: Charizard\n|-activate|p1b: Charizard|move: Protect\n|cant|p1a: Incineroar|flinch\n|\n|-weather|none\n|upkeep\n|turn|9\n|inactive|Miguel1818 has 30 seconds left.\n|\n|t:|1776178208\n|switch|p1b: Garchomp|Garchomp, L50, M, shiny|100/100\n|move|p2a: Sneasler|Close Combat|p1a: Incineroar\n|-supereffective|p1a: Incineroar|1\n|-damage|p1a: Incineroar|0 fnt\n|-unboost|p2a: Sneasler|def|1\n|-unboost|p2a: Sneasler|spd|1\n|faint|p1a: Incineroar\n|move|p2b: Basculegion|Last Respects|p1b: Garchomp\n|-damage|p1b: Garchomp|48/100\n|\n|upkeep\n|\n|t:|1776178221\n|switch|p1a: Charizard|Charizard-Mega-Y, L50, M, shiny|28/100\n|-weather|SunnyDay|[from] ability: Drought|[of] p1a: Charizard\n|turn|10\n|\n|t:|1776178231\n|move|p1b: Garchomp|Earthquake|p2a: Sneasler|[spread] p2a,p2b\n|-immune|p1a: Charizard\n|-supereffective|p2a: Sneasler|1\n|-enditem|p2a: Sneasler|Focus Sash\n|-damage|p2a: Sneasler|1/100\n|-damage|p2b: Basculegion|15/100\n|move|p2a: Sneasler|Dire Claw|p1a: Charizard\n|-damage|p1a: Charizard|0 fnt\n|faint|p1a: Charizard\n|move|p2b: Basculegion|Last Respects|p1b: Garchomp\n|-damage|p1b: Garchomp|0 fnt\n|faint|p1b: Garchomp\n|\n|win|renjiNL\n|raw|Miguel1818's rating: 1109 &rarr; <strong>1083</strong><br />(-26 for losing)\n|raw|renjiNL's rating: 1093 &rarr; <strong>1120</strong><br />(+27 for winning)\n|l|\u2606Miguel1818\n|player|p1|\n",
  "uploadtime": 1776178243,
  "views": 15,
  "formatid": "gen9championsvgc2026regma",
  "rating": 1083,
  "private": 0,
  "password": null
}