{
  "id": "gen9championsvgc2026regma-2586834751",
  "format": "[Gen 9 Champions] VGC 2026 Reg M-A",
  "players": [
    "Alfredope",
    "JujuOwnedYou"
  ],
  "log": "|j|\u2606Alfredope\n|j|\u2606JujuOwnedYou\n|t:|1776463847\n|gametype|doubles\n|player|p1|Alfredope|169|1056\n|player|p2|JujuOwnedYou|hau|1020\n|gen|9\n|tier|[Gen 9 Champions] VGC 2026 Reg M-A\n|rated|\n|rule|Species Clause: Limit one of each Pok\u00e9mon\n|rule|Item Clause: Limit 1 of each item\n|clearpoke\n|poke|p1|Crabominable, L50, M|\n|poke|p1|Mr. Rime, L50, F|\n|poke|p1|Sinistcha-Masterpiece, L50|\n|poke|p1|Slowking, L50, F|\n|poke|p1|Incineroar, L50, F|\n|poke|p1|Rhyperior, L50, F|\n|poke|p2|Meganium, L50, F|\n|poke|p2|Archaludon, L50, M|\n|poke|p2|Leafeon, L50, M|\n|poke|p2|Milotic, L50, F|\n|poke|p2|Sinistcha-Masterpiece, L50|\n|poke|p2|Sableye, L50, M|\n|teampreview|4\n|inactive|Battle timer is ON: inactive players will automatically lose when time's up. (requested by JujuOwnedYou)\n|\n|t:|1776463870\n|teamsize|p1|4\n|teamsize|p2|4\n|start\n|switch|p1a: Crabominable|Crabominable, L50, M, shiny|100/100\n|switch|p1b: Mr. Rime|Mr. Rime, L50, F, shiny|100/100\n|switch|p2a: Archaludon|Archaludon, L50, M|100/100\n|switch|p2b: Leafeon|Leafeon, L50, M|100/100\n|turn|1\n|c|\u2606Alfredope|im testing something out goat\n|inactive|Alfredope has 30 seconds left.\n|\n|t:|1776463899\n|move|p2a: Archaludon|Protect|p2a: Archaludon\n|-singleturn|p2a: Archaludon|Protect\n|move|p2b: Leafeon|Rain Dance|p2b: Leafeon\n|-weather|RainDance\n|move|p1b: Mr. Rime|Frost Breath|p1a: Crabominable\n|-resisted|p1a: Crabominable|1\n|-crit|p1a: Crabominable\n|-damage|p1a: Crabominable|75/100\n|-setboost|p1a: Crabominable|atk|6|[from] ability: Anger Point\n|move|p1a: Crabominable|Close Combat|p2a: Archaludon\n|-activate|p2a: Archaludon|move: Protect\n|\n|-weather|RainDance|[upkeep]\n|upkeep\n|turn|2\n|inactive|JujuOwnedYou has 30 seconds left.\n|\n|t:|1776463928\n|detailschange|p1a: Crabominable|Crabominable-Mega, L50, M, shiny\n|-mega|p1a: Crabominable|Crabominable|Crabominite\n|move|p1a: Crabominable|Protect|p1a: Crabominable\n|-singleturn|p1a: Crabominable|Protect\n|move|p2b: Leafeon|Leaf Blade|p1a: Crabominable\n|-activate|p1a: Crabominable|move: Protect\n|move|p2a: Archaludon|Electro Shot||[still]\n|-prepare|p2a: Archaludon|Electro Shot\n|-boost|p2a: Archaludon|spa|1\n|-anim|p2a: Archaludon|Electro Shot|p1b: Mr. Rime\n|-damage|p1b: Mr. Rime|39/100\n|move|p1b: Mr. Rime|Trick Room|p1b: Mr. Rime\n|-fieldstart|move: Trick Room|[of] p1b: Mr. Rime\n|\n|-weather|RainDance|[upkeep]\n|upkeep\n|turn|3\n|inactive|Alfredope has 30 seconds left.\n|\n|t:|1776463955\n|move|p2a: Archaludon|Protect|p2a: Archaludon\n|-singleturn|p2a: Archaludon|Protect\n|move|p1a: Crabominable|Ice Hammer|p2a: Archaludon\n|-activate|p2a: Archaludon|move: Protect\n|move|p1b: Mr. Rime|Frost Breath|p2b: Leafeon\n|-supereffective|p2b: Leafeon|1\n|-crit|p2b: Leafeon\n|-damage|p2b: Leafeon|0 fnt\n|faint|p2b: Leafeon\n|\n|-weather|RainDance|[upkeep]\n|upkeep\n|\n|t:|1776463967\n|switch|p2b: Milotic|Milotic, L50, F|100/100\n|turn|4\n|inactive|Alfredope has 30 seconds left.\n|\n|t:|1776463994\n|switch|p1b: Sinistcha|Sinistcha-Masterpiece, L50|100/100\n|-heal|p1a: Crabominable|100/100|[from] ability: Hospitality|[of] p1b: Sinistcha\n|move|p1a: Crabominable|Ice Hammer|p2a: Archaludon\n|-damage|p2a: Archaludon|0 fnt\n|-unboost|p1a: Crabominable|spe|1\n|faint|p2a: Archaludon\n|move|p2b: Milotic|Scald|p1a: Crabominable\n|-damage|p1a: Crabominable|55/100\n|\n|-weather|RainDance|[upkeep]\n|upkeep\n|\n|t:|1776464006\n|switch|p2a: Meganium|Meganium, L50, F, shiny|100/100\n|turn|5\n|\n|t:|1776464022\n|detailschange|p2a: Meganium|Meganium-Mega, L50, F, shiny\n|-mega|p2a: Meganium|Meganium|Meganiumite\n|move|p1b: Sinistcha|Rage Powder|p1b: Sinistcha\n|-singleturn|p1b: Sinistcha|move: Rage Powder\n|move|p1a: Crabominable|Ice Hammer|p2a: Meganium\n|-supereffective|p2a: Meganium|1\n|-damage|p2a: Meganium|0 fnt\n|-unboost|p1a: Crabominable|spe|1\n|faint|p2a: Meganium\n|move|p2b: Milotic|Scald|p1b: Sinistcha\n|-resisted|p1b: Sinistcha|1\n|-damage|p1b: Sinistcha|68/100\n|\n|-weather|none\n|-heal|p1b: Sinistcha|74/100|[from] item: Leftovers\n|upkeep\n|turn|6\n|-message|JujuOwnedYou forfeited.\n|\n|win|Alfredope\n|raw|Alfredope's rating: 1056 &rarr; <strong>1084</strong><br />(+28 for winning)\n|raw|JujuOwnedYou's rating: 1020 &rarr; <strong>1008</strong><br />(-12 for losing)\n|l|\u2606JujuOwnedYou\n|player|p2|\n",
  "uploadtime": 1776464041,
  "views": 36,
  "formatid": "gen9championsvgc2026regma",
  "rating": 1008,
  "private": 0,
  "password": null
}