{
  "id": "gen9championsvgc2026regma-2582501874",
  "format": "[Gen 9 Champions] VGC 2026 Reg M-A",
  "players": [
    "JB Fightemup",
    "m2p mikey"
  ],
  "log": "|j|\u2606JB Fightemup\n|j|\u2606m2p mikey\n|t:|1776095752\n|gametype|doubles\n|player|p1|JB Fightemup|roughneck-gen4|1025\n|player|p2|m2p mikey|scientist|1099\n|gen|9\n|tier|[Gen 9 Champions] VGC 2026 Reg M-A\n|rated|\n|rule|Species Clause: Limit one of each Pok\u00e9mon\n|rule|Item Clause: Limit 1 of each item\n|clearpoke\n|poke|p1|Delphox, L50, M|\n|poke|p1|Basculegion, L50, M|\n|poke|p1|Clefable, L50, F|\n|poke|p1|Kingambit, L50, F|\n|poke|p1|Dragonite, L50, F|\n|poke|p1|Sneasler, L50, F|\n|poke|p2|Pelipper, L50, M|\n|poke|p2|Dragonite, L50, M|\n|poke|p2|Aggron, L50, M|\n|poke|p2|Garchomp, L50, M|\n|poke|p2|Incineroar, L50, F|\n|poke|p2|Sinistcha, L50|\n|teampreview|4\n|inactive|Battle timer is ON: inactive players will automatically lose when time's up. (requested by JB Fightemup)\n|\n|t:|1776095798\n|teamsize|p1|4\n|teamsize|p2|4\n|start\n|switch|p1a: Dragonite|Dragonite, L50, F|100/100\n|switch|p1b: Clefable|Clefable, L50, F|100/100\n|switch|p2a: Aggron|Aggron, L50, M|100/100\n|switch|p2b: Incineroar|Incineroar, L50, F|100/100\n|-ability|p2b: Incineroar|Intimidate|boost\n|-unboost|p1a: Dragonite|atk|1\n|-unboost|p1b: Clefable|atk|1\n|turn|1\n|\n|t:|1776095815\n|move|p1a: Dragonite|Protect|p1a: Dragonite\n|-singleturn|p1a: Dragonite|Protect\n|move|p1b: Clefable|Protect|p1b: Clefable\n|-singleturn|p1b: Clefable|Protect\n|move|p2b: Incineroar|Fake Out|p1b: Clefable\n|-activate|p1b: Clefable|move: Protect\n|move|p2a: Aggron|Iron Defense|p2a: Aggron\n|-boost|p2a: Aggron|def|2\n|\n|upkeep\n|turn|2\n|\n|t:|1776095839\n|switch|p1b: Kingambit|Kingambit, L50, F|100/100\n|detailschange|p2a: Aggron|Aggron-Mega, L50, M\n|-mega|p2a: Aggron|Aggron|Aggronite\n|move|p1a: Dragonite|Haze|p1a: Dragonite\n|-clearallboost\n|move|p2b: Incineroar|Parting Shot|p1a: Dragonite\n|-unboost|p1a: Dragonite|atk|1\n|-unboost|p1a: Dragonite|spa|1\n|\n|t:|1776095849\n|switch|p2b: Garchomp|Garchomp, L50, M|100/100|[from] Parting Shot\n|move|p2a: Aggron|Heavy Slam|p1b: Kingambit\n|-resisted|p1b: Kingambit|1\n|-damage|p1b: Kingambit|86/100\n|\n|upkeep\n|turn|3\n|inactive|JB Fightemup has 30 seconds left.\n|inactive|JB Fightemup has 20 seconds left.\n|\n|t:|1776095887\n|switch|p1b: Basculegion|Basculegion, L50, M|100/100\n|move|p2b: Garchomp|Dragon Claw|p1a: Dragonite\n|-supereffective|p1a: Dragonite|1\n|-damage|p1a: Dragonite|44/100\n|move|p1a: Dragonite|Scale Shot|p2b: Garchomp\n|-supereffective|p2b: Garchomp|1\n|-damage|p2b: Garchomp|81/100\n|-supereffective|p2b: Garchomp|1\n|-damage|p2b: Garchomp|61/100\n|-supereffective|p2b: Garchomp|1\n|-damage|p2b: Garchomp|42/100\n|-supereffective|p2b: Garchomp|1\n|-damage|p2b: Garchomp|23/100\n|-supereffective|p2b: Garchomp|1\n|-damage|p2b: Garchomp|6/100\n|-hitcount|p2b: Garchomp|5\n|-unboost|p1a: Dragonite|def|1\n|-boost|p1a: Dragonite|spe|1\n|move|p2a: Aggron|Iron Defense|p2a: Aggron\n|-boost|p2a: Aggron|def|2\n|\n|upkeep\n|turn|4\n|inactive|m2p mikey has 30 seconds left.\n|\n|t:|1776095916\n|switch|p2b: Incineroar|Incineroar, L50, F|100/100\n|-ability|p2b: Incineroar|Intimidate|boost\n|-unboost|p1a: Dragonite|atk|1\n|-unboost|p1b: Basculegion|atk|1\n|move|p1a: Dragonite|Haze|p1a: Dragonite\n|-clearallboost\n|move|p1b: Basculegion|Flip Turn|p2b: Incineroar\n|-supereffective|p2b: Incineroar|1\n|-enditem|p2b: Incineroar|Passho Berry|[eat]\n|-enditem|p2b: Incineroar|Passho Berry|[weaken]\n|-damage|p2b: Incineroar|62/100\n|\n|t:|1776095932\n|switch|p1b: Kingambit|Kingambit, L50, F|86/100|[from] Flip Turn\n|move|p2a: Aggron|Heavy Slam|p1a: Dragonite\n|-damage|p1a: Dragonite|24/100\n|\n|upkeep\n|turn|5\n|\n|t:|1776095950\n|switch|p2b: Sinistcha|Sinistcha, L50|100/100\n|move|p1a: Dragonite|Scale Shot|p2b: Sinistcha\n|-damage|p2b: Sinistcha|86/100\n|-damage|p2b: Sinistcha|70/100\n|-damage|p2b: Sinistcha|55/100\n|-hitcount|p2b: Sinistcha|3\n|-unboost|p1a: Dragonite|def|1\n|-boost|p1a: Dragonite|spe|1\n|move|p2a: Aggron|Body Press|p1b: Kingambit\n|-supereffective|p1b: Kingambit|2\n|-damage|p1b: Kingambit|0 fnt\n|faint|p1b: Kingambit\n|\n|upkeep\n|\n|t:|1776095962\n|switch|p1b: Basculegion|Basculegion, L50, M|100/100\n|turn|6\n|inactive|m2p mikey has 30 seconds left.\n|inactive|m2p mikey has 20 seconds left.\n|c|\u2606JB Fightemup|Dangit have a meetign\n|inactive|m2p mikey has 15 seconds left.\n|c|\u2606JB Fightemup|gg\n|inactive|m2p mikey has 10 seconds left.\n|inactive|m2p mikey has 5 seconds left.\n|\n|t:|1776096013\n|move|p1a: Dragonite|Scale Shot|p2b: Sinistcha\n|-damage|p2b: Sinistcha|41/100\n|-enditem|p2b: Sinistcha|Sitrus Berry|[eat]\n|-heal|p2b: Sinistcha|65/100|[from] item: Sitrus Berry\n|-damage|p2b: Sinistcha|51/100\n|-damage|p2b: Sinistcha|35/100\n|-hitcount|p2b: Sinistcha|3\n|-unboost|p1a: Dragonite|def|1\n|-boost|p1a: Dragonite|spe|1\n|move|p1b: Basculegion|Last Respects|p2a: Aggron\n|-damage|p2a: Aggron|69/100\n|move|p2b: Sinistcha|Matcha Gotcha|p1a: Dragonite|[spread] p1a,p1b\n|-resisted|p1a: Dragonite|2\n|-supereffective|p1b: Basculegion|1\n|-damage|p1a: Dragonite|17/100\n|-heal|p2b: Sinistcha|39/100|[from] drain|[of] p1a: Dragonite\n|-damage|p1b: Basculegion|48/100\n|-heal|p2b: Sinistcha|68/100|[from] drain|[of] p1b: Basculegion\n|move|p2a: Aggron|Iron Defense|p2a: Aggron\n|-boost|p2a: Aggron|def|2\n|\n|upkeep\n|turn|7\n|\n|t:|1776096023\n|move|p2a: Aggron|Protect|p2a: Aggron\n|-singleturn|p2a: Aggron|Protect\n|move|p1a: Dragonite|Scale Shot|p2b: Sinistcha\n|-damage|p2b: Sinistcha|54/100\n|-damage|p2b: Sinistcha|40/100\n|-hitcount|p2b: Sinistcha|2\n|-unboost|p1a: Dragonite|def|1\n|-boost|p1a: Dragonite|spe|1\n|move|p1b: Basculegion|Last Respects|p2a: Aggron\n|-activate|p2a: Aggron|move: Protect\n|move|p2b: Sinistcha|Matcha Gotcha|p1a: Dragonite|[spread] p1a,p1b\n|-resisted|p1a: Dragonite|2\n|-supereffective|p1b: Basculegion|1\n|-damage|p1a: Dragonite|11/100\n|-heal|p2b: Sinistcha|43/100|[from] drain|[of] p1a: Dragonite\n|-damage|p1b: Basculegion|0 fnt\n|-heal|p2b: Sinistcha|71/100|[from] drain|[of] p1b: Basculegion\n|faint|p1b: Basculegion\n|\n|upkeep\n|l|\u2606JB Fightemup\n|inactive|JB Fightemup disconnected and has a minute to reconnect!\n|player|p1|\n|inactive|JB Fightemup has 30 seconds left.\n|inactive|JB Fightemup has 20 seconds left.\n|inactive|JB Fightemup has 15 seconds left.\n|inactive|JB Fightemup has 10 seconds left.\n|inactive|JB Fightemup has 5 seconds left.\n|-message|JB Fightemup lost due to inactivity.\n|\n|win|m2p mikey\n|raw|JB Fightemup's rating: 1025 &rarr; <strong>1014</strong><br />(-11 for losing)\n|raw|m2p mikey's rating: 1099 &rarr; <strong>1119</strong><br />(+20 for winning)\n",
  "uploadtime": 1776096081,
  "views": 17,
  "formatid": "gen9championsvgc2026regma",
  "rating": 1014,
  "private": 0,
  "password": null
}