{
  "id": "gen9championsvgc2026regma-2580528890",
  "format": "[Gen 9 Champions] VGC 2026 Reg M-A",
  "players": [
    "zefN53",
    "mousepad burglar"
  ],
  "log": "|j|\u2606zefN53\n|j|\u2606mousepad burglar\n|t:|1775909217\n|gametype|doubles\n|player|p1|zefN53|102|1029\n|player|p2|mousepad burglar|1|1095\n|gen|9\n|tier|[Gen 9 Champions] VGC 2026 Reg M-A\n|rated|\n|rule|Species Clause: Limit one of each Pok\u00e9mon\n|rule|Item Clause: Limit 1 of each item\n|clearpoke\n|poke|p1|Charizard, L50, F|\n|poke|p1|Floette-Eternal, L50, F|\n|poke|p1|Incineroar, L50, F|\n|poke|p1|Aerodactyl, L50, F|\n|poke|p1|Garchomp, L50, M|\n|poke|p1|Venusaur, L50, F|\n|poke|p2|Chesnaught, L50, F|\n|poke|p2|Farigiraf, L50, F|\n|poke|p2|Incineroar, L50, M|\n|poke|p2|Primarina, L50, F|\n|poke|p2|Garchomp, L50, M|\n|poke|p2|Gengar, L50, F|\n|teampreview|4\n|\n|t:|1775909273\n|teamsize|p1|4\n|teamsize|p2|4\n|start\n|switch|p1a: Incineroar|Incineroar, L50, F|100/100\n|switch|p1b: Venusaur|Venusaur, L50, F|100/100\n|switch|p2a: Gengar|Gengar, L50, F|100/100\n|switch|p2b: Garchomp|Garchomp, L50, M|100/100\n|-ability|p1a: Incineroar|Intimidate|boost\n|-unboost|p2a: Gengar|atk|1\n|-unboost|p2b: Garchomp|atk|1\n|turn|1\n|\n|t:|1775909300\n|switch|p2b: Incineroar|Incineroar, L50, M|100/100\n|-ability|p2b: Incineroar|Intimidate|boost\n|-unboost|p1a: Incineroar|atk|1\n|-unboost|p1b: Venusaur|atk|1\n|detailschange|p2a: Gengar|Gengar-Mega, L50, F\n|-mega|p2a: Gengar|Gengar|Gengarite\n|move|p2a: Gengar|Protect|p2a: Gengar\n|-singleturn|p2a: Gengar|Protect\n|move|p1b: Venusaur|Protect|p1b: Venusaur\n|-singleturn|p1b: Venusaur|Protect\n|move|p1a: Incineroar|Fake Out|p2b: Incineroar\n|-damage|p2b: Incineroar|90/100\n|\n|-heal|p2b: Incineroar|96/100|[from] item: Leftovers\n|upkeep\n|turn|2\n|\n|t:|1775909373\n|switch|p2a: Primarina|Primarina, L50, F|100/100\n|move|p1b: Venusaur|Leaf Storm|p2a: Primarina\n|-supereffective|p2a: Primarina|1\n|-damage|p2a: Primarina|6/100\n|-unboost|p1b: Venusaur|spa|2\n|move|p1a: Incineroar|Parting Shot|p2a: Primarina\n|-unboost|p2a: Primarina|atk|1\n|-unboost|p2a: Primarina|spa|1\n|\n|t:|1775909390\n|switch|p1a: Floette|Floette-Eternal, L50, F|100/100|[from] Parting Shot\n|move|p2b: Incineroar|Flare Blitz|p1b: Venusaur\n|-supereffective|p1b: Venusaur|1\n|-enditem|p1b: Venusaur|Focus Sash\n|-damage|p1b: Venusaur|1/100\n|-damage|p2b: Incineroar|64/100|[from] Recoil\n|\n|-heal|p2b: Incineroar|70/100|[from] item: Leftovers\n|upkeep\n|turn|3\n|\n|t:|1775909410\n|move|p1b: Venusaur|Sludge Bomb|p2a: Primarina\n|-supereffective|p2a: Primarina|1\n|-damage|p2a: Primarina|0 fnt\n|faint|p2a: Primarina\n|move|p1a: Floette|Dazzling Gleam|p2b: Incineroar\n|-damage|p2b: Incineroar|36/100\n|move|p2b: Incineroar|Flare Blitz|p1a: Floette\n|-damage|p1a: Floette|23/100\n|-damage|p2b: Incineroar|12/100|[from] Recoil\n|\n|-heal|p2b: Incineroar|17/100|[from] item: Leftovers\n|upkeep\n|\n|t:|1775909420\n|switch|p2a: Garchomp|Garchomp, L50, M|100/100\n|turn|4\n|\n|t:|1775909447\n|switch|p1b: Incineroar|Incineroar, L50, F|100/100\n|-ability|p1b: Incineroar|Intimidate|boost\n|-unboost|p2a: Garchomp|atk|1\n|-unboost|p2b: Incineroar|atk|1\n|switch|p2b: Gengar|Gengar-Mega, L50, F|100/100\n|detailschange|p1a: Floette|Floette-Mega, L50, F\n|-mega|p1a: Floette|Floette|Floettite\n|-ability|p1a: Floette|Fairy Aura\n|move|p2a: Garchomp|Rock Slide|p1a: Floette|[spread] p1a,p1b\n|-supereffective|p1b: Incineroar|1\n|-damage|p1a: Floette|7/100\n|-damage|p1b: Incineroar|76/100\n|move|p1a: Floette|Dazzling Gleam|p2a: Garchomp|[spread] p2a,p2b\n|-supereffective|p2a: Garchomp|1\n|-resisted|p2b: Gengar|1\n|-damage|p2a: Garchomp|0 fnt\n|-damage|p2b: Gengar|64/100\n|faint|p2a: Garchomp\n|\n|upkeep\n|\n|t:|1775909460\n|switch|p2a: Incineroar|Incineroar, L50, M|17/100\n|-ability|p2a: Incineroar|Intimidate|boost\n|-unboost|p1a: Floette|atk|1\n|-unboost|p1b: Incineroar|atk|1\n|turn|5\n|\n|t:|1775909501\n|move|p1a: Floette|Protect|p1a: Floette\n|-singleturn|p1a: Floette|Protect\n|move|p2a: Incineroar|Fake Out|p1a: Floette\n|-activate|p1a: Floette|move: Protect\n|move|p2b: Gengar|Sludge Bomb|p1b: Incineroar\n|-damage|p1b: Incineroar|22/100\n|-enditem|p1b: Incineroar|Sitrus Berry|[eat]\n|-heal|p1b: Incineroar|47/100|[from] item: Sitrus Berry\n|move|p1b: Incineroar|Throat Chop|p2b: Gengar\n|-supereffective|p2b: Gengar|1\n|-damage|p2b: Gengar|0 fnt\n|faint|p2b: Gengar\n|\n|-heal|p2a: Incineroar|23/100|[from] item: Leftovers\n|upkeep\n|turn|6\n|-message|mousepad burglar forfeited.\n|\n|win|zefN53\n|raw|zefN53's rating: 1029 &rarr; <strong>1071</strong><br />(+42 for winning)\n|raw|mousepad burglar's rating: 1095 &rarr; <strong>1066</strong><br />(-29 for losing)\n|l|\u2606mousepad burglar\n|player|p2|\n",
  "uploadtime": 1775909540,
  "views": 13,
  "formatid": "gen9championsvgc2026regma",
  "rating": 1066,
  "private": 0,
  "password": null
}