{
  "id": "gen9championsvgc2026regma-2585439190",
  "format": "[Gen 9 Champions] VGC 2026 Reg M-A",
  "players": [
    "TillDerDill",
    "boysenorange"
  ],
  "log": "|j|\u2606TillDerDill\n|j|\u2606boysenorange\n|t:|1776347371\n|gametype|doubles\n|player|p1|TillDerDill|2|1229\n|player|p2|boysenorange|turo|1302\n|gen|9\n|tier|[Gen 9 Champions] VGC 2026 Reg M-A\n|rated|\n|rule|Species Clause: Limit one of each Pok\u00e9mon\n|rule|Item Clause: Limit 1 of each item\n|clearpoke\n|poke|p1|Froslass, L50, F|\n|poke|p1|Garchomp, L50, M|\n|poke|p1|Rotom-Frost, L50|\n|poke|p1|Empoleon, L50, F|\n|poke|p1|Incineroar, L50, M|\n|poke|p1|Kingambit, L50, M|\n|poke|p2|Farigiraf, L50, F|\n|poke|p2|Sinistcha, L50|\n|poke|p2|Medicham, L50, F|\n|poke|p2|Torkoal, L50, F|\n|poke|p2|Golurk, L50|\n|poke|p2|Decidueye-Hisui, L50, F|\n|teampreview|4\n|inactive|Battle timer is ON: inactive players will automatically lose when time's up. (requested by TillDerDill)\nTillDerDill rejected open team sheets.\n|inactive|boysenorange has 60 seconds left.\n|\n|t:|1776347405\n|teamsize|p1|4\n|teamsize|p2|4\n|start\n|switch|p1a: Froslass|Froslass, L50, F|100/100\n|switch|p1b: Rotom|Rotom-Frost, L50|100/100\n|switch|p2a: Sinistcha|Sinistcha, L50|100/100\n|switch|p2b: Medicham|Medicham, L50, F|100/100\n|turn|1\n|\n|t:|1776347424\n|detailschange|p1a: Froslass|Froslass-Mega, L50, F\n|-mega|p1a: Froslass|Froslass|Froslassite\n|-weather|Snowscape|[from] ability: Snow Warning|[of] p1a: Froslass\n|move|p2b: Medicham|Fake Out|p1b: Rotom\n|-damage|p1b: Rotom|85/100\n|cant|p1b: Rotom|flinch\n|move|p1a: Froslass|Aurora Veil|p1a: Froslass\n|-sidestart|p1: TillDerDill|move: Aurora Veil\n|move|p2a: Sinistcha|Trick Room|p2a: Sinistcha\n|-fieldstart|move: Trick Room|[of] p2a: Sinistcha\n|\n|-weather|Snowscape|[upkeep]\n|upkeep\n|turn|2\n|\n|t:|1776347443\n|switch|p1b: Incineroar|Incineroar, L50, M|100/100\n|-ability|p1b: Incineroar|Intimidate|boost\n|-unboost|p2a: Sinistcha|atk|1\n|-unboost|p2b: Medicham|atk|1\n|move|p2b: Medicham|Psycho Cut|p1b: Incineroar\n|-immune|p1b: Incineroar\n|move|p2a: Sinistcha|Memento|p1a: Froslass\n|-unboost|p1a: Froslass|atk|2\n|-unboost|p1a: Froslass|spa|2\n|faint|p2a: Sinistcha\n|move|p1a: Froslass|Blizzard|p2b: Medicham\n|-damage|p2b: Medicham|52/100\n|\n|-weather|Snowscape|[upkeep]\n|upkeep\n|\n|t:|1776347454\n|switch|p2a: Decidueye|Decidueye-Hisui, L50, F|100/100\n|turn|3\n|\n|t:|1776347467\n|switch|p1a: Garchomp|Garchomp, L50, M|100/100\n|move|p2a: Decidueye|Upper Hand||[still]\n|-fail|p2a: Decidueye\n|move|p1b: Incineroar|Flare Blitz|p2a: Decidueye\n|-supereffective|p2a: Decidueye|1\n|-damage|p2a: Decidueye|0 fnt\n|faint|p2a: Decidueye\n|-damage|p1b: Incineroar|69/100|[from] Recoil\n|move|p2b: Medicham|Close Combat|p1b: Incineroar\n|-supereffective|p1b: Incineroar|1\n|-damage|p1b: Incineroar|0 fnt\n|-unboost|p2b: Medicham|def|1\n|-unboost|p2b: Medicham|spd|1\n|faint|p1b: Incineroar\n|\n|-weather|Snowscape|[upkeep]\n|upkeep\n|\n|t:|1776347483\n|switch|p2a: Golurk|Golurk, L50|100/100\n|switch|p1b: Froslass|Froslass-Mega, L50, F|100/100\n|turn|4\n|\n|t:|1776347499\n|detailschange|p2a: Golurk|Golurk-Mega, L50\n|-mega|p2a: Golurk|Golurk|Golurkite\n|move|p1a: Garchomp|Protect|p1a: Garchomp\n|-singleturn|p1a: Garchomp|Protect\n|move|p1b: Froslass|Protect|p1b: Froslass\n|-singleturn|p1b: Froslass|Protect\n|move|p2a: Golurk|Shadow Punch|p1b: Froslass\n|-supereffective|p1b: Froslass|1\n|-ability|p2a: Golurk|Unseen Fist\n|-zbroken|p1b: Froslass\n|-damage|p1b: Froslass|88/100\n|move|p2b: Medicham|Psycho Cut|p1b: Froslass\n|-activate|p1b: Froslass|move: Protect\n|\n|-weather|Snowscape|[upkeep]\n|upkeep\n|turn|5\n|\n|t:|1776347515\n|move|p2a: Golurk|Shadow Punch|p1b: Froslass\n|-supereffective|p1b: Froslass|1\n|-damage|p1b: Froslass|28/100\n|move|p2b: Medicham|Close Combat|p1a: Garchomp\n|-damage|p1a: Garchomp|64/100\n|-unboost|p2b: Medicham|def|1\n|-unboost|p2b: Medicham|spd|1\n|-damage|p2b: Medicham|40/100|[from] ability: Rough Skin|[of] p1a: Garchomp\n|move|p1a: Garchomp|Dragon Claw|p2b: Medicham\n|-damage|p2b: Medicham|0 fnt\n|faint|p2b: Medicham\n|move|p1b: Froslass|Blizzard|p2a: Golurk\n|-supereffective|p2a: Golurk|1\n|-damage|p2a: Golurk|0 fnt\n|faint|p2a: Golurk\n|\n|win|TillDerDill\n|raw|TillDerDill's rating: 1229 &rarr; <strong>1259</strong><br />(+30 for winning)\n|raw|boysenorange's rating: 1302 &rarr; <strong>1278</strong><br />(-24 for losing)\n",
  "uploadtime": 1776347526,
  "views": 38,
  "formatid": "gen9championsvgc2026regma",
  "rating": 1259,
  "private": 0,
  "password": null
}