{
  "id": "gen9championsvgc2026regma-2583919119",
  "format": "[Gen 9 Champions] VGC 2026 Reg M-A",
  "players": [
    "Miko008",
    "proudcloud49"
  ],
  "log": "|j|\u2606Miko008\n|j|\u2606proudcloud49\n|t:|1776208292\n|gametype|doubles\n|player|p1|Miko008|lady|1157\n|player|p2|proudcloud49|170|1139\n|gen|9\n|tier|[Gen 9 Champions] VGC 2026 Reg M-A\n|rated|\n|rule|Species Clause: Limit one of each Pok\u00e9mon\n|rule|Item Clause: Limit 1 of each item\n|clearpoke\n|poke|p1|Primarina, L50, F|\n|poke|p1|Beedrill, L50, F|\n|poke|p1|Zoroark-Hisui, L50, F|\n|poke|p1|Noivern, L50, F|\n|poke|p1|Farigiraf, L50, F|\n|poke|p1|Garchomp, L50, M|\n|poke|p2|Aggron, L50, M|\n|poke|p2|Sinistcha, L50|\n|poke|p2|Incineroar, L50, F|\n|poke|p2|Pelipper, L50, F|\n|poke|p2|Archaludon, L50, F|\n|poke|p2|Basculegion, L50, M|\n|teampreview|4\n|\n|t:|1776208334\n|teamsize|p1|4\n|teamsize|p2|4\n|start\n|switch|p1a: Poni|Farigiraf, L50, F|100/100\n|switch|p1b: Soundwave|Noivern, L50, F|100/100\n|switch|p2a: Aggron|Aggron, L50, M|100/100\n|switch|p2b: Incineroar|Incineroar, L50, F|100/100\n|-item|p2a: Aggron|Aggronite|[from] ability: Frisk|[of] p1b: Soundwave\n|-item|p2b: Incineroar|Shuca Berry|[from] ability: Frisk|[of] p1b: Soundwave\n|-ability|p2b: Incineroar|Intimidate|boost\n|-unboost|p1a: Poni|atk|1\n|-unboost|p1b: Soundwave|atk|1\n|turn|1\n|\n|t:|1776208361\n|detailschange|p2a: Aggron|Aggron-Mega, L50, M\n|-mega|p2a: Aggron|Aggron|Aggronite\n|move|p1a: Poni|Shadow Ball|p2a: Aggron\n|-damage|p2a: Aggron|55/100\n|-unboost|p2a: Aggron|spd|1\n|move|p1b: Soundwave|Tailwind|p1b: Soundwave\n|-sidestart|p1: Miko008|move: Tailwind\n|move|p2b: Incineroar|Parting Shot|p1a: Poni\n|-unboost|p1a: Poni|atk|1\n|-unboost|p1a: Poni|spa|1\n|\n|t:|1776208371\n|switch|p2b: Sinistcha|Sinistcha, L50|100/100|[from] Parting Shot\n|-heal|p2a: Aggron|79/100|[from] ability: Hospitality|[of] p2b: Sinistcha\n|move|p2a: Aggron|Iron Defense|p2a: Aggron\n|-boost|p2a: Aggron|def|2\n|\n|upkeep\n|turn|2\n|\n|t:|1776208382\n|move|p2b: Sinistcha|Rage Powder|p2b: Sinistcha\n|-singleturn|p2b: Sinistcha|move: Rage Powder\n|move|p1a: Poni|Shadow Ball|p2b: Sinistcha\n|-supereffective|p2b: Sinistcha|1\n|-damage|p2b: Sinistcha|21/100\n|move|p1b: Soundwave|Air Slash|p2b: Sinistcha\n|-supereffective|p2b: Sinistcha|1\n|-damage|p2b: Sinistcha|0 fnt\n|faint|p2b: Sinistcha\n|move|p2a: Aggron|Body Press|p1a: Poni\n|-immune|p1a: Poni\n|\n|upkeep\n|\n|t:|1776208396\n|switch|p2b: Incineroar|Incineroar, L50, F|100/100\n|-ability|p2b: Incineroar|Intimidate|boost\n|-unboost|p1a: Poni|atk|1\n|-unboost|p1b: Soundwave|atk|1\n|turn|3\n|\n|t:|1776208410\n|switch|p1a: Poni|Farigiraf, L50, F|100/100\n|switch|p1b: Perla|Primarina, L50, F|100/100\n|move|p2b: Incineroar|Fake Out||[still]\n|cant|p1a: Poni|ability: Armor Tail|Fake Out|[of] p2b: Incineroar\n|move|p2a: Aggron|Heavy Slam|p1a: Poni\n|-damage|p1a: Poni|74/100\n|\n|upkeep\n|turn|4\n|\n|t:|1776208426\n|move|p1a: Poni|Helping Hand|p1b: Perla\n|-singleturn|p1b: Perla|Helping Hand|[of] p1a: Poni\n|move|p1b: Perla|Hyper Voice|p2a: Aggron|[spread] p2a,p2b\n|-supereffective|p2b: Incineroar|1\n|-damage|p2a: Aggron|0 fnt\n|-damage|p2b: Incineroar|8/100\n|faint|p2a: Aggron\n|move|p2b: Incineroar|Parting Shot|p1b: Perla\n|-unboost|p1b: Perla|atk|1\n|-unboost|p1b: Perla|spa|1\n|\n|t:|1776208431\n|switch|p2b: Basculegion|Basculegion, L50, M|100/100|[from] Parting Shot\n|\n|-sideend|p1: Miko008|move: Tailwind\n|upkeep\n|\n|t:|1776208433\n|switch|p2a: Incineroar|Incineroar, L50, F|8/100\n|-ability|p2a: Incineroar|Intimidate|boost\n|-unboost|p1a: Poni|atk|1\n|-unboost|p1b: Perla|atk|1\n|turn|5\n|\n|t:|1776208460\n|move|p1b: Perla|Protect|p1b: Perla\n|-singleturn|p1b: Perla|Protect\n|move|p2b: Basculegion|Wave Crash|p1b: Perla\n|-activate|p1b: Perla|move: Protect\n|move|p2a: Incineroar|Parting Shot|p1b: Perla\n|-activate|p1b: Perla|move: Protect\n|move|p1a: Poni|Psychic|p2b: Basculegion\n|-damage|p2b: Basculegion|48/100\n|\n|upkeep\n|turn|6\n|\n|t:|1776208476\n|switch|p1b: Soundwave|Noivern, L50, F|100/100\n|-item|p2a: Incineroar|Shuca Berry|[from] ability: Frisk|[of] p1b: Soundwave\n|-item|p2b: Basculegion|Choice Scarf|[from] ability: Frisk|[of] p1b: Soundwave\n|move|p2b: Basculegion|Wave Crash|p1b: Soundwave\n|-resisted|p1b: Soundwave|1\n|-damage|p1b: Soundwave|45/100\n|-damage|p2b: Basculegion|33/100|[from] Recoil\n|move|p2a: Incineroar|Parting Shot|p1b: Soundwave\n|-unboost|p1b: Soundwave|atk|1\n|-unboost|p1b: Soundwave|spa|1\n|move|p1a: Poni|Psychic|p2b: Basculegion\n|-damage|p2b: Basculegion|0 fnt\n|faint|p2b: Basculegion\n|\n|upkeep\n|turn|7\n|-message|proudcloud49 forfeited.\n|\n|win|Miko008\n|raw|Miko008's rating: 1157 &rarr; <strong>1181</strong><br />(+24 for winning)\n|raw|proudcloud49's rating: 1139 &rarr; <strong>1115</strong><br />(-24 for losing)\n|l|\u2606proudcloud49\n|player|p2|\n",
  "uploadtime": 1776208501,
  "views": 43,
  "formatid": "gen9championsvgc2026regma",
  "rating": 1115,
  "private": 0,
  "password": null
}