{
  "id": "gen9championsvgc2026regma-2588548874",
  "format": "[Gen 9 Champions] VGC 2026 Reg M-A",
  "players": [
    "yemask",
    "CertifiedDumbass67"
  ],
  "log": "|j|\u2606yemask\n|j|\u2606CertifiedDumbass67\n|t:|1776643903\n|gametype|doubles\n|player|p1|yemask|waiter-gen4dp|1043\n|player|p2|CertifiedDumbass67|ingo|1069\n|gen|9\n|tier|[Gen 9 Champions] VGC 2026 Reg M-A\n|rated|\n|rule|Species Clause: Limit one of each Pok\u00e9mon\n|rule|Item Clause: Limit 1 of each item\n|clearpoke\n|poke|p1|Incineroar, L50, F|\n|poke|p1|Gengar, L50, F, shiny|\n|poke|p1|Sinistcha, L50|\n|poke|p1|Politoed, L50, F, shiny|\n|poke|p1|Basculegion, L50, M|\n|poke|p1|Whimsicott, L50, F, shiny|\n|poke|p2|Delphox, L50, F|\n|poke|p2|Garchomp, L50, M|\n|poke|p2|Sneasler, L50, M|\n|poke|p2|Hydreigon, L50, M|\n|poke|p2|Whimsicott, L50, F|\n|poke|p2|Tauros-Paldea-Aqua, L50, M|\n|teampreview|4\n|inactive|Battle timer is ON: inactive players will automatically lose when time's up. (requested by CertifiedDumbass67)\n|inactive|yemask has 60 seconds left.\n|\n|t:|1776643953\n|teamsize|p1|4\n|teamsize|p2|4\n|start\n|switch|p1a: Incineroar|Incineroar, L50, F|100/100\n|switch|p1b: Gengar|Gengar, L50, F, shiny|100/100\n|switch|p2a: Hydreigon|Hydreigon, L50, M|100/100\n|switch|p2b: Sneasler|Sneasler, L50, M|100/100\n|-ability|p1a: Incineroar|Intimidate|boost\n|-unboost|p2a: Hydreigon|atk|1\n|-unboost|p2b: Sneasler|atk|1\n|-enditem|p2b: Sneasler|White Herb\n|-clearnegativeboost|p2b: Sneasler|[silent]\n|turn|1\n|inactive|yemask has 30 seconds left.\n|\n|t:|1776643986\n|switch|p1a: Basculegion|Basculegion, L50, M|100/100\n|move|p1b: Gengar|Protect|p1b: Gengar\n|-singleturn|p1b: Gengar|Protect\n|move|p2b: Sneasler|Fake Out|p1a: Basculegion\n|-immune|p1a: Basculegion\n|move|p2a: Hydreigon|Dark Pulse|p1b: Gengar\n|-activate|p1b: Gengar|move: Protect\n|\n|upkeep\n|turn|2\n|\n|t:|1776644002\n|switch|p2b: Garchomp|Garchomp, L50, M|100/100\n|detailschange|p1b: Gengar|Gengar-Mega, L50, F, shiny\n|-mega|p1b: Gengar|Gengar|Gengarite\n|move|p1a: Basculegion|Psychic Fangs|p2b: Garchomp\n|-damage|p2b: Garchomp|76/100\n|-damage|p1a: Basculegion|88/100|[from] ability: Rough Skin|[of] p2b: Garchomp\n|move|p1b: Gengar|Disable|p2a: Hydreigon\n|-start|p2a: Hydreigon|Disable|Dark Pulse\n|cant|p2a: Hydreigon|Disable|Dark Pulse\n|\n|upkeep\n|turn|3\n|inactive|yemask has 30 seconds left.\n|inactive|yemask has 20 seconds left.\n|inactive|yemask has 15 seconds left.\n|\n|t:|1776644042\n|switch|p1a: Sinistcha|Sinistcha, L50|100/100\n|move|p1b: Gengar|Protect|p1b: Gengar\n|-singleturn|p1b: Gengar|Protect\n|move|p2b: Garchomp|Earthquake|p1a: Sinistcha|[spread] p1a\n|-activate|p1b: Gengar|move: Protect\n|-immune|p2a: Hydreigon|[from] ability: Levitate\n|-resisted|p1a: Sinistcha|1\n|-damage|p1a: Sinistcha|84/100\n|move|p2a: Hydreigon|Draco Meteor|p1a: Sinistcha\n|-damage|p1a: Sinistcha|25/100\n|-unboost|p2a: Hydreigon|spa|2\n|-enditem|p1a: Sinistcha|Sitrus Berry|[eat]\n|-heal|p1a: Sinistcha|50/100|[from] item: Sitrus Berry\n|\n|upkeep\n|turn|4\n|inactive|yemask has 30 seconds left.\n|\n|t:|1776644073\n|switch|p1a: Incineroar|Incineroar, L50, F|100/100\n|-ability|p1a: Incineroar|Intimidate|boost\n|-unboost|p2a: Hydreigon|atk|1\n|-unboost|p2b: Garchomp|atk|1\n|move|p2b: Garchomp|Earthquake|p1b: Gengar|[spread] p1a,p1b\n|-immune|p2a: Hydreigon|[from] ability: Levitate\n|-supereffective|p1a: Incineroar|1\n|-supereffective|p1b: Gengar|1\n|-damage|p1a: Incineroar|52/100\n|-damage|p1b: Gengar|39/100\n|move|p1b: Gengar|Shadow Ball|p2b: Garchomp\n|-damage|p2b: Garchomp|24/100\n|move|p2a: Hydreigon|Draco Meteor|p1a: Incineroar|[miss]\n|-miss|p2a: Hydreigon|p1a: Incineroar\n|\n|upkeep\n|turn|5\n|inactive|yemask has 30 seconds left.\n|inactive|CertifiedDumbass67 has 30 seconds left.\n|\n|t:|1776644100\n|move|p1a: Incineroar|Fake Out|p2b: Garchomp\n|-damage|p2b: Garchomp|14/100\n|-damage|p1a: Incineroar|39/100|[from] ability: Rough Skin|[of] p2b: Garchomp\n|cant|p2b: Garchomp|flinch\n|move|p1b: Gengar|Shadow Ball|p2b: Garchomp\n|-damage|p2b: Garchomp|0 fnt\n|faint|p2b: Garchomp\n|move|p2a: Hydreigon|Tri Attack|p1a: Incineroar\n|-damage|p1a: Incineroar|29/100\n|\n|-end|p2a: Hydreigon|Disable\n|upkeep\n|\n|t:|1776644117\n|switch|p2b: Sneasler|Sneasler, L50, M|100/100\n|turn|6\n|\n|t:|1776644131\n|switch|p1a: Basculegion|Basculegion, L50, M|88/100\n|move|p1b: Gengar|Shadow Ball|p2b: Sneasler\n|-damage|p2b: Sneasler|39/100\n|move|p2b: Sneasler|Close Combat|p1a: Basculegion\n|-immune|p1a: Basculegion\n|move|p2a: Hydreigon|Dark Pulse|p1b: Gengar\n|-supereffective|p1b: Gengar|1\n|-damage|p1b: Gengar|0 fnt\n|faint|p1b: Gengar\n|\n|upkeep\n|\n|t:|1776644144\n|switch|p1b: Incineroar|Incineroar, L50, F|29/100\n|-ability|p1b: Incineroar|Intimidate|boost\n|-unboost|p2a: Hydreigon|atk|1\n|-unboost|p2b: Sneasler|atk|1\n|turn|7\n|\n|t:|1776644154\n|move|p1b: Incineroar|Fake Out|p2a: Hydreigon\n|-damage|p2a: Hydreigon|89/100\n|move|p1a: Basculegion|Flip Turn|p2b: Sneasler\n|-damage|p2b: Sneasler|0 fnt\n|faint|p2b: Sneasler\n|\n|t:|1776644161\n|switch|p1a: Sinistcha|Sinistcha, L50|50/100|[from] Flip Turn\n|-heal|p1b: Incineroar|54/100|[from] ability: Hospitality|[of] p1a: Sinistcha\n|cant|p2a: Hydreigon|flinch\n|\n|upkeep\n|\n|t:|1776644168\n|switch|p2b: Delphox|Delphox, L50, F|100/100\n|turn|8\n|\n|t:|1776644198\n|detailschange|p2b: Delphox|Delphox-Mega, L50, F\n|-mega|p2b: Delphox|Delphox|Delphoxite\n|move|p1a: Sinistcha|Protect|p1a: Sinistcha\n|-singleturn|p1a: Sinistcha|Protect\n|move|p2b: Delphox|Heat Wave|p1b: Incineroar|[spread] p1b\n|-activate|p1a: Sinistcha|move: Protect\n|-resisted|p1b: Incineroar|1\n|-damage|p1b: Incineroar|37/100\n|move|p2a: Hydreigon|Dark Pulse|p1b: Incineroar\n|-resisted|p1b: Incineroar|1\n|-damage|p1b: Incineroar|29/100\n|move|p1b: Incineroar|Snarl|p2a: Hydreigon|[spread] p2a,p2b\n|-resisted|p2a: Hydreigon|1\n|-supereffective|p2b: Delphox|1\n|-damage|p2a: Hydreigon|83/100\n|-damage|p2b: Delphox|77/100\n|-unboost|p2a: Hydreigon|spa|1\n|-unboost|p2b: Delphox|spa|1\n|\n|upkeep\n|turn|9\n|-message|CertifiedDumbass67 forfeited.\n|\n|win|yemask\n|raw|yemask's rating: 1043 &rarr; <strong>1079</strong><br />(+36 for winning)\n|raw|CertifiedDumbass67's rating: 1069 &rarr; <strong>1047</strong><br />(-22 for losing)\n|l|\u2606CertifiedDumbass67\n|player|p2|\n|j|\u2606CertifiedDumbass67\n|player|p2|CertifiedDumbass67|ingo|\n|l|\u2606yemask\n|player|p1|\n",
  "uploadtime": 1776644229,
  "views": 14,
  "formatid": "gen9championsvgc2026regma",
  "rating": 1047,
  "private": 0,
  "password": null
}