{
  "id": "gen9championsvgc2026regma-2582897362",
  "format": "[Gen 9 Champions] VGC 2026 Reg M-A",
  "players": [
    "Alola33",
    "AkujiAzure"
  ],
  "log": "|j|\u2606Alola33\n|j|\u2606AkujiAzure\n|t:|1776123043\n|gametype|doubles\n|player|p1|Alola33|backersf|1000\n|player|p2|AkujiAzure|burglar|1009\n|gen|9\n|tier|[Gen 9 Champions] VGC 2026 Reg M-A\n|rated|\n|rule|Species Clause: Limit one of each Pok\u00e9mon\n|rule|Item Clause: Limit 1 of each item\n|clearpoke\n|poke|p1|Excadrill, L50, F|\n|poke|p1|Hawlucha, L50, M|\n|poke|p1|Sinistcha-Masterpiece, L50|\n|poke|p1|Vanilluxe, L50, M|\n|poke|p1|Kingambit, L50, M|\n|poke|p1|Incineroar, L50, F|\n|poke|p2|Politoed, L50, F|\n|poke|p2|Sinistcha, L50|\n|poke|p2|Basculegion, L50, M|\n|poke|p2|Rotom-Wash, L50|\n|poke|p2|Pelipper, L50, M|\n|poke|p2|Vaporeon, L50, F|\n|teampreview|4\n|\n|t:|1776123060\n|teamsize|p1|4\n|teamsize|p2|4\n|start\n|switch|p1a: Incineroar|Incineroar, L50, F, shiny|100/100\n|switch|p1b: Kingambit|Kingambit, L50, M|100/100\n|switch|p2a: Vaporeon|Vaporeon, L50, F|100/100\n|switch|p2b: Pelipper|Pelipper, L50, M|100/100\n|-weather|RainDance|[from] ability: Drizzle|[of] p2b: Pelipper\n|-ability|p1a: Incineroar|Intimidate|boost\n|-unboost|p2a: Vaporeon|atk|1\n|-unboost|p2b: Pelipper|atk|1\n|turn|1\n|\n|t:|1776123086\n|move|p2b: Pelipper|Protect|p2b: Pelipper\n|-singleturn|p2b: Pelipper|Protect\n|move|p2a: Vaporeon|Protect|p2a: Vaporeon\n|-singleturn|p2a: Vaporeon|Protect\n|move|p1a: Incineroar|Fake Out|p2b: Pelipper\n|-activate|p2b: Pelipper|move: Protect\n|move|p1b: Kingambit|Poison Jab|p2a: Vaporeon\n|-activate|p2a: Vaporeon|move: Protect\n|\n|-weather|RainDance|[upkeep]\n|upkeep\n|turn|2\n|\n|t:|1776123109\n|switch|p1a: Vanilluxe|Vanilluxe, L50, M, shiny|100/100\n|switch|p1b: Hawlucha|Hawlucha, L50, M|100/100\n|move|p2b: Pelipper|U-turn|p1a: Vanilluxe\n|-damage|p1a: Vanilluxe|93/100\n|-ability|p1a: Vanilluxe|Weak Armor|boost\n|-unboost|p1a: Vanilluxe|def|1\n|-boost|p1a: Vanilluxe|spe|2\n|\n|t:|1776123120\n|switch|p2b: Basculegion|Basculegion, L50, M|100/100|[from] U-turn\n|move|p2a: Vaporeon|Yawn|p1b: Hawlucha\n|-start|p1b: Hawlucha|move: Yawn|[of] p2a: Vaporeon\n|\n|-weather|RainDance|[upkeep]\n|upkeep\n|turn|3\n|\n|t:|1776123141\n|detailschange|p1b: Hawlucha|Hawlucha-Mega, L50, M\n|-mega|p1b: Hawlucha|Hawlucha|Hawluchanite\n|move|p2a: Vaporeon|Protect|p2a: Vaporeon\n|-singleturn|p2a: Vaporeon|Protect\n|move|p1a: Vanilluxe|Sheer Cold|p2b: Basculegion|[miss]\n|-miss|p1a: Vanilluxe|p2b: Basculegion\n|move|p2b: Basculegion|Whirlpool|p1a: Vanilluxe\n|-damage|p1a: Vanilluxe|77/100\n|-activate|p1a: Vanilluxe|move: Whirlpool|[of] p2b: Basculegion\n|move|p1b: Hawlucha|Entrainment|p1a: Vanilluxe\n|-ability|p1a: Vanilluxe|No Guard|Weak Armor|[from] move: Entrainment|[of] p1b: Hawlucha\n|\n|-weather|RainDance|[upkeep]\n|-damage|p1a: Vanilluxe|65/100|[from] move: Whirlpool|[partiallytrapped]\n|-end|p1b: Hawlucha|move: Yawn|[silent]\n|-status|p1b: Hawlucha|slp\n|upkeep\n|turn|4\n|\n|t:|1776123169\n|switch|p2b: Politoed|Politoed, L50, F|100/100\n|move|p1a: Vanilluxe|Sheer Cold|p2a: Vaporeon\n|-damage|p2a: Vaporeon|0 fnt\n|faint|p2a: Vaporeon\n|-ohko\n|cant|p1b: Hawlucha|slp\n|\n|-weather|RainDance|[upkeep]\n|-end|p1a: Vanilluxe|Whirlpool|[partiallytrapped]|[silent]\n|upkeep\n|\n|t:|1776123178\n|switch|p2a: Basculegion|Basculegion, L50, M|100/100\n|turn|5\n|\n|t:|1776123189\n|move|p1a: Vanilluxe|Sheer Cold|p2a: Basculegion\n|-damage|p2a: Basculegion|0 fnt\n|faint|p2a: Basculegion\n|-ohko\n|cant|p1b: Hawlucha|slp\n|move|p2b: Politoed|Perish Song|p2b: Politoed\n|-start|p1a: Vanilluxe|perish3|[silent]\n|-start|p1b: Hawlucha|perish3|[silent]\n|-start|p2b: Politoed|perish3|[silent]\n|-fieldactivate|move: Perish Song\n|\n|-weather|none\n|-start|p1a: Vanilluxe|perish3\n|-start|p1b: Hawlucha|perish3\n|-start|p2b: Politoed|perish3\n|upkeep\n|\n|t:|1776123201\n|switch|p2a: Pelipper|Pelipper, L50, M|100/100\n|-weather|RainDance|[from] ability: Drizzle|[of] p2a: Pelipper\n|turn|6\n|\n|t:|1776123215\n|switch|p1b: Kingambit|Kingambit, L50, M|100/100\n|move|p1a: Vanilluxe|Sheer Cold|p2a: Pelipper\n|-damage|p2a: Pelipper|0 fnt\n|faint|p2a: Pelipper\n|-ohko\n|move|p2b: Politoed|Weather Ball|p1a: Vanilluxe\n|-damage|p1a: Vanilluxe|27/100\n|\n|-weather|RainDance|[upkeep]\n|-start|p1a: Vanilluxe|perish2\n|-start|p2b: Politoed|perish2\n|upkeep\n|turn|7\n|-message|AkujiAzure forfeited.\n|\n|win|Alola33\n|raw|Alola33's rating: 1000 &rarr; <strong>1041</strong><br />(+41 for winning)\n|raw|AkujiAzure's rating: 1009 &rarr; <strong>1000</strong><br />(-9 for losing)\n|l|\u2606AkujiAzure\n|player|p2|\n",
  "uploadtime": 1776123239,
  "views": 26,
  "formatid": "gen9championsvgc2026regma",
  "rating": 1000,
  "private": 0,
  "password": null
}