{
  "id": "gen9championsvgc2026regma-2586091735",
  "format": "[Gen 9 Champions] VGC 2026 Reg M-A",
  "players": [
    "kuanyou",
    "RookieHj"
  ],
  "log": "|j|\u2606kuanyou\n|j|\u2606RookieHj\n|t:|1776398052\n|gametype|doubles\n|player|p1|kuanyou|266|1285\n|player|p2|RookieHj|clerk|1286\n|gen|9\n|tier|[Gen 9 Champions] VGC 2026 Reg M-A\n|rated|\n|rule|Species Clause: Limit one of each Pok\u00e9mon\n|rule|Item Clause: Limit 1 of each item\n|clearpoke\n|poke|p1|Sneasler, L50, M|\n|poke|p1|Scovillain, L50, M|\n|poke|p1|Primarina, L50, F|\n|poke|p1|Kingambit, L50, M|\n|poke|p1|Aerodactyl, L50, M|\n|poke|p1|Garchomp, L50, F|\n|poke|p2|Kommo-o, L50, M|\n|poke|p2|Floette-Eternal, L50, F|\n|poke|p2|Aegislash, L50, F|\n|poke|p2|Sneasler, L50, M|\n|poke|p2|Incineroar, L50, F|\n|poke|p2|Rotom-Wash, L50|\n|teampreview|4\nkuanyou has agreed to open team sheets.\n|\n|t:|1776398136\n|teamsize|p1|4\n|teamsize|p2|4\n|start\n|switch|p1a: Sneasler|Sneasler, L50, M|100/100\n|switch|p1b: Primarina|Primarina, L50, F|100/100\n|switch|p2a: Rotom|Rotom-Wash, L50, shiny|100/100\n|switch|p2b: Sneasler|Sneasler, L50, M, shiny|100/100\n|turn|1\n|\n|t:|1776398179\n|switch|p1a: Scovillain|Scovillain, L50, M|100/100\n|move|p1b: Primarina|Protect|p1b: Primarina\n|-singleturn|p1b: Primarina|Protect\n|move|p2b: Sneasler|Fake Out|p1b: Primarina\n|-activate|p1b: Primarina|move: Protect\n|move|p2a: Rotom|Will-O-Wisp|p1a: Scovillain\n|-immune|p1a: Scovillain\n|\n|-ability|p1a: Scovillain|Moody|boost\n|-boost|p1a: Scovillain|def|2\n|-unboost|p1a: Scovillain|atk|1\n|upkeep\n|turn|2\n|\n|t:|1776398228\n|switch|p2a: Floette|Floette-Eternal, L50, F|100/100\n|detailschange|p1a: Scovillain|Scovillain-Mega, L50, M\n|-mega|p1a: Scovillain|Scovillain|Scovillainite\n|move|p1a: Scovillain|Rage Powder|p1a: Scovillain\n|-singleturn|p1a: Scovillain|move: Rage Powder\n|move|p2b: Sneasler|Dire Claw|p1a: Scovillain\n|-supereffective|p1a: Scovillain|1\n|-damage|p1a: Scovillain|50/100\n|-status|p2b: Sneasler|brn|[from] ability: Spicy Spray|[of] p1a: Scovillain\n|move|p1b: Primarina|Calm Mind|p1b: Primarina\n|-boost|p1b: Primarina|spa|1\n|-boost|p1b: Primarina|spd|1\n|\n|-damage|p2b: Sneasler|95/100 brn|[from] brn\n|upkeep\n|turn|3\n|\n|t:|1776398247\n|detailschange|p2a: Floette|Floette-Mega, L50, F\n|-mega|p2a: Floette|Floette|Floettite\n|-ability|p2a: Floette|Fairy Aura\n|move|p1a: Scovillain|Rage Powder|p1a: Scovillain\n|-singleturn|p1a: Scovillain|move: Rage Powder\n|move|p2b: Sneasler|Dire Claw|p1a: Scovillain\n|-supereffective|p1a: Scovillain|1\n|-damage|p1a: Scovillain|27/100\n|move|p2a: Floette|Calm Mind|p2a: Floette\n|-boost|p2a: Floette|spa|1\n|-boost|p2a: Floette|spd|1\n|move|p1b: Primarina|Moonblast|p2b: Sneasler\n|-damage|p2b: Sneasler|0 fnt\n|faint|p2b: Sneasler\n|\n|upkeep\n|\n|t:|1776398267\n|switch|p2b: Rotom|Rotom-Wash, L50, shiny|100/100\n|turn|4\n|\n|t:|1776398306\n|move|p1b: Primarina|Protect|p1b: Primarina\n|-singleturn|p1b: Primarina|Protect\n|move|p2b: Rotom|Electroweb|p1b: Primarina|[spread] p1a\n|-activate|p1b: Primarina|move: Protect\n|-resisted|p1a: Scovillain|1\n|-damage|p1a: Scovillain|18/100\n|-unboost|p1a: Scovillain|spe|1\n|-status|p2b: Rotom|brn|[from] ability: Spicy Spray|[of] p1a: Scovillain\n|move|p2a: Floette|Dazzling Gleam|p1b: Primarina|[spread] p1a\n|-activate|p1b: Primarina|move: Protect\n|-resisted|p1a: Scovillain|1\n|-damage|p1a: Scovillain|0 fnt\n|-status|p2a: Floette|brn|[from] ability: Spicy Spray|[of] p1a: Scovillain\n|faint|p1a: Scovillain\n|\n|-damage|p2b: Rotom|95/100 brn|[from] brn\n|-damage|p2a: Floette|94/100 brn|[from] brn\n|upkeep\n|\n|t:|1776398329\n|switch|p1a: Aerodactyl|Aerodactyl, L50, M|100/100\n|-ability|p1a: Aerodactyl|Unnerve\n|turn|5\n|\n|t:|1776398340\n|move|p1a: Aerodactyl|Wide Guard|p1a: Aerodactyl\n|-singleturn|p1a: Aerodactyl|Wide Guard\n|move|p2b: Rotom|Electroweb|p1a: Aerodactyl|[spread] \n|-activate|p1a: Aerodactyl|move: Wide Guard\n|-activate|p1b: Primarina|move: Wide Guard\n|move|p2a: Floette|Dazzling Gleam|p1b: Primarina|[spread] \n|-activate|p1a: Aerodactyl|move: Wide Guard\n|-activate|p1b: Primarina|move: Wide Guard\n|move|p1b: Primarina|Moonblast|p2b: Rotom\n|-damage|p2b: Rotom|0 fnt\n|faint|p2b: Rotom\n|\n|-damage|p2a: Floette|88/100 brn|[from] brn\n|upkeep\n|\n|t:|1776398346\n|switch|p2b: Kommo-o|Kommo-o, L50, M|100/100\n|turn|6\n|-message|RookieHj forfeited.\n|\n|win|kuanyou\n|raw|kuanyou's rating: 1285 &rarr; <strong>1310</strong><br />(+25 for winning)\n|raw|RookieHj's rating: 1286 &rarr; <strong>1261</strong><br />(-25 for losing)\n",
  "uploadtime": 1776398361,
  "views": 31,
  "formatid": "gen9championsvgc2026regma",
  "rating": 1261,
  "private": 0,
  "password": null
}