{
  "id": "gen9championsvgc2026regma-2585265291",
  "format": "[Gen 9 Champions] VGC 2026 Reg M-A",
  "players": [
    "lojj",
    "Muddy TTV"
  ],
  "log": "|j|\u2606lojj\n|j|\u2606Muddy TTV\n|t:|1776331641\n|gametype|doubles\n|player|p1|lojj|supernerd|\n|player|p2|Muddy TTV|caitlin|\n|gen|9\n|tier|[Gen 9 Champions] VGC 2026 Reg M-A\n|rule|Species Clause: Limit one of each Pok\u00e9mon\n|rule|Item Clause: Limit 1 of each item\n|clearpoke\n|poke|p1|Scovillain, L50, M|\n|poke|p1|Dragonite, L50, F|\n|poke|p1|Kingambit, L50, M|\n|poke|p1|Primarina, L50, F|\n|poke|p1|Garganacl, L50, M|\n|poke|p1|Sneasler, L50, F|\n|poke|p2|Floette-Eternal, L50, F|\n|poke|p2|Sneasler, L50, F|\n|poke|p2|Aerodactyl, L50, F|\n|poke|p2|Garchomp, L50, F|\n|poke|p2|Rotom-Wash, L50|\n|poke|p2|Incineroar, L50, F|\n|teampreview|4\n|inactive|Battle timer is ON: inactive players will automatically lose when time's up. (requested by Muddy TTV)\n|c|\u2606Muddy TTV|wait it gotta bo3\nMuddy TTV has agreed to open team sheets.\nlojj has agreed to open team sheets.\n|showteam|p1|Scovillain||Scovillainite|Moody|LeechSeed,RagePowder,Flamethrower,Protect|||M|||50|]Dragonite||WhiteHerb|Multiscale|ScaleShot,StompingTantrum,Protect,ExtremeSpeed|||F|||50|]Kingambit||BlackGlasses|Defiant|KowtowCleave,SuckerPunch,Protect,SwordsDance|||M|||50|]Primarina||Leftovers|LiquidVoice|HyperVoice,CalmMind,Moonblast,Protect|||F|||50|]Garganacl||SitrusBerry|PurifyingSalt|SaltCure,Recover,WideGuard,Protect|||M|||50|]Sneasler||FocusSash|Unburden|Coaching,CloseCombat,DireClaw,FakeOut|||F|||50|\n|showteam|p2|Floette-Eternal||Floettite|FlowerVeil|Moonblast,DazzlingGleam,CalmMind,Protect|||F|||50|]Sneasler||WhiteHerb|Unburden|CloseCombat,DireClaw,Protect,FakeOut|||F|||50|]Aerodactyl||FocusSash|Unnerve|RockSlide,DualWingbeat,Tailwind,Protect|||F|||50|]Garchomp||SoftSand|RoughSkin|Earthquake,DragonClaw,StompingTantrum,Protect|||F|||50|]Rotom-Wash||ChoiceScarf|Levitate|HydroPump,VoltSwitch,Electroweb,WillOWisp||||||50|]Incineroar||SitrusBerry|Intimidate|FlareBlitz,ThroatChop,FakeOut,PartingShot|||F|||50|\n|j| Swapnil50\n|c|\u2606lojj|we do it after\n|j| s!dd_1\n|inactive|lojj has 60 seconds left.\n|inactive|Muddy TTV has 60 seconds left.\n|j| Winguard007\n|j| IdkWhatImDoing67\n|j| Gerryjunior\n|j| tastyfloop\n|c| Winguard007|ROUND 1\n|j| goodbye brede\n|\n|t:|1776331698\n|teamsize|p1|4\n|teamsize|p2|4\n|start\n|switch|p1a: Sneasler|Sneasler, L50, F|100/100\n|switch|p1b: Scovillain|Scovillain, L50, M|100/100\n|switch|p2a: Aerodactyl|Aerodactyl, L50, F|100/100\n|switch|p2b: Floette|Floette-Eternal, L50, F|100/100\n|-ability|p2a: Aerodactyl|Unnerve\n|turn|1\n|c| Winguard007|FIGHT\n|j| AceeeVGC\n|c| Swapnil50|FIGHT\n|\n|t:|1776331707\n|detailschange|p1b: Scovillain|Scovillain-Mega, L50, M\n|-mega|p1b: Scovillain|Scovillain|Scovillainite\n|move|p2a: Aerodactyl|Protect|p2a: Aerodactyl\n|-singleturn|p2a: Aerodactyl|Protect\n|move|p2b: Floette|Protect|p2b: Floette\n|-singleturn|p2b: Floette|Protect\n|move|p1a: Sneasler|Fake Out|p2a: Aerodactyl\n|-activate|p2a: Aerodactyl|move: Protect\n|move|p1b: Scovillain|Leech Seed|p2b: Floette\n|-activate|p2b: Floette|move: Protect\n|\n|upkeep\n|turn|2\n|\n|t:|1776331728\n|detailschange|p2b: Floette|Floette-Mega, L50, F\n|-mega|p2b: Floette|Floette|Floettite\n|-ability|p2b: Floette|Fairy Aura\n|move|p2a: Aerodactyl|Tailwind|p2a: Aerodactyl\n|-sidestart|p2: Muddy TTV|move: Tailwind\n|move|p2b: Floette|Dazzling Gleam|p1b: Scovillain|[spread] p1a,p1b\n|-resisted|p1b: Scovillain|1\n|-damage|p1a: Sneasler|33/100\n|-damage|p1b: Scovillain|82/100\n|-status|p2b: Floette|brn|[from] ability: Spicy Spray|[of] p1b: Scovillain\n|move|p1a: Sneasler|Dire Claw|p2b: Floette\n|-supereffective|p2b: Floette|1\n|-damage|p2b: Floette|8/100 brn\n|move|p1b: Scovillain|Leech Seed|p2a: Aerodactyl\n|-start|p2a: Aerodactyl|move: Leech Seed\n|\n|-damage|p2a: Aerodactyl|88/100|[from] Leech Seed|[of] p1b: Scovillain\n|-heal|p1b: Scovillain|94/100|[silent]\n|-damage|p2b: Floette|2/100 brn|[from] brn\n|upkeep\n|turn|3\n|j| elychee267\n|\n|t:|1776331747\n|move|p1b: Scovillain|Protect|p1b: Scovillain\n|-singleturn|p1b: Scovillain|Protect\n|move|p2a: Aerodactyl|Dual Wingbeat|p1b: Scovillain\n|-activate|p1b: Scovillain|move: Protect\n|move|p2b: Floette|Dazzling Gleam|p1b: Scovillain|[spread] p1a\n|-activate|p1b: Scovillain|move: Protect\n|-damage|p1a: Sneasler|0 fnt\n|faint|p1a: Sneasler\n|\n|-damage|p2a: Aerodactyl|76/100|[from] Leech Seed|[of] p1b: Scovillain\n|-heal|p1b: Scovillain|100/100|[silent]\n|-damage|p2b: Floette|0 fnt|[from] brn\n|faint|p2b: Floette\n|upkeep\n|\n|t:|1776331753\n|switch|p1a: Primarina|Primarina, L50, F|100/100\n|switch|p2b: Sneasler|Sneasler, L50, F|100/100\n|turn|4\n|\n|t:|1776331763\n|switch|p2a: Rotom|Rotom-Wash, L50|100/100\n|move|p1a: Primarina|Protect|p1a: Primarina\n|-singleturn|p1a: Primarina|Protect\n|move|p2b: Sneasler|Dire Claw|p1a: Primarina\n|-activate|p1a: Primarina|move: Protect\n|move|p1b: Scovillain|Leech Seed|p2b: Sneasler\n|-start|p2b: Sneasler|move: Leech Seed\n|\n|-damage|p2b: Sneasler|88/100|[from] Leech Seed|[of] p1b: Scovillain\n|upkeep\n|turn|5\n|j| INT Leite Ninho\n|l| INT Leite Ninho\n|\n|t:|1776331775\n|switch|p1a: Kingambit|Kingambit, L50, M|100/100\n|move|p2a: Rotom|Volt Switch|p1b: Scovillain\n|-resisted|p1b: Scovillain|1\n|-damage|p1b: Scovillain|89/100\n|-status|p2a: Rotom|brn|[from] ability: Spicy Spray|[of] p1b: Scovillain\n|\n|t:|1776331777\n|switch|p2a: Aerodactyl|Aerodactyl, L50, F|76/100|[from] Volt Switch\n|-ability|p2a: Aerodactyl|Unnerve\n|move|p2b: Sneasler|Dire Claw|p1a: Kingambit\n|-immune|p1a: Kingambit\n|move|p1b: Scovillain|Leech Seed|p2a: Aerodactyl\n|-start|p2a: Aerodactyl|move: Leech Seed\n|\n|-damage|p2a: Aerodactyl|64/100|[from] Leech Seed|[of] p1b: Scovillain\n|-heal|p1b: Scovillain|99/100|[silent]\n|-damage|p2b: Sneasler|76/100|[from] Leech Seed|[of] p1b: Scovillain\n|-heal|p1b: Scovillain|100/100|[silent]\n|-sideend|p2: Muddy TTV|move: Tailwind\n|upkeep\n|turn|6\n|j| porygon-epilepz\n|j| A Regu1ar Guy\n|\n|t:|1776331790\n|switch|p2b: Rotom|Rotom-Wash, L50|100/100 brn\n|move|p1b: Scovillain|Rage Powder|p1b: Scovillain\n|-singleturn|p1b: Scovillain|move: Rage Powder\n|move|p2a: Aerodactyl|Dual Wingbeat|p1b: Scovillain\n|-supereffective|p1b: Scovillain|1\n|-damage|p1b: Scovillain|54/100\n|-status|p2a: Aerodactyl|brn|[from] ability: Spicy Spray|[of] p1b: Scovillain\n|-supereffective|p1b: Scovillain|1\n|-crit|p1b: Scovillain\n|-damage|p1b: Scovillain|21/100\n|-hitcount|p1b: Scovillain|2\n|move|p1a: Kingambit|Kowtow Cleave|p2b: Rotom\n|-damage|p2b: Rotom|30/100 brn\n|\n|-damage|p2a: Aerodactyl|51/100 brn|[from] Leech Seed|[of] p1b: Scovillain\n|-heal|p1b: Scovillain|32/100|[silent]\n|-damage|p2b: Rotom|24/100 brn|[from] brn\n|-damage|p2a: Aerodactyl|46/100 brn|[from] brn\n|upkeep\n|turn|7\n|c|\u2606Muddy TTV|scovialan kinda demos my team\n|c| s!dd_1|scovillian is super annoying for muddy lol\n|l| A Regu1ar Guy\n|\n|t:|1776331812\n|move|p1b: Scovillain|Rage Powder|p1b: Scovillain\n|-singleturn|p1b: Scovillain|move: Rage Powder\n|move|p1a: Kingambit|Sucker Punch||[still]\n|-fail|p1a: Kingambit\n|move|p2b: Rotom|Will-O-Wisp|p1b: Scovillain\n|-immune|p1b: Scovillain\n|move|p2a: Aerodactyl|Dual Wingbeat|p1b: Scovillain\n|-supereffective|p1b: Scovillain|1\n|-damage|p1b: Scovillain|9/100\n|-supereffective|p1b: Scovillain|1\n|-damage|p1b: Scovillain|0 fnt\n|faint|p1b: Scovillain\n|-hitcount|p1: Scovillain|2\n|\n|-damage|p2b: Rotom|19/100 brn|[from] brn\n|-damage|p2a: Aerodactyl|40/100 brn|[from] brn\n|upkeep\n|j| slugma lmao\n|\n|t:|1776331817\n|switch|p1b: Primarina|Primarina, L50, F|100/100\n|turn|8\n|\n|t:|1776331822\n|switch|p2a: Sneasler|Sneasler, L50, F|76/100\n|move|p2b: Rotom|Will-O-Wisp|p1a: Kingambit\n|-status|p1a: Kingambit|brn\n|move|p1b: Primarina|Hyper Voice|p2b: Rotom|[spread] p2a,p2b\n|-resisted|p2b: Rotom|1\n|-damage|p2a: Sneasler|28/100\n|-damage|p2b: Rotom|0 fnt\n|faint|p2b: Rotom\n|move|p1a: Kingambit|Swords Dance|p1a: Kingambit\n|-boost|p1a: Kingambit|atk|2\n|\n|-damage|p1a: Kingambit|94/100 brn|[from] brn\n|upkeep\n|l| slugma lmao\n|\n|t:|1776331828\n|switch|p2b: Aerodactyl|Aerodactyl, L50, F|40/100 brn\n|-ability|p2b: Aerodactyl|Unnerve\n|turn|9\n|c| Swapnil50|that scovialan was a problem'\n|\n|t:|1776331835\n|move|p1b: Primarina|Protect|p1b: Primarina\n|-singleturn|p1b: Primarina|Protect\n|move|p1a: Kingambit|Protect|p1a: Kingambit\n|-singleturn|p1a: Kingambit|Protect\n|move|p2b: Aerodactyl|Rock Slide|p1b: Primarina|[spread] \n|-activate|p1a: Kingambit|move: Protect\n|-activate|p1b: Primarina|move: Protect\n|move|p2a: Sneasler|Dire Claw|p1b: Primarina\n|-activate|p1b: Primarina|move: Protect\n|\n|-damage|p2b: Aerodactyl|34/100 brn|[from] brn\n|-damage|p1a: Kingambit|88/100 brn|[from] brn\n|upkeep\n|turn|10\n|j| shoccco\u2764\n|\n|t:|1776331844\n|move|p1a: Kingambit|Sucker Punch|p2a: Sneasler\n|-resisted|p2a: Sneasler|1\n|-damage|p2a: Sneasler|0 fnt\n|faint|p2a: Sneasler\n|move|p2b: Aerodactyl|Rock Slide|p1a: Kingambit|[spread] p1a,p1b\n|-resisted|p1a: Kingambit|1\n|-damage|p1a: Kingambit|82/100 brn\n|-damage|p1b: Primarina|81/100\n|move|p1b: Primarina|Hyper Voice|p2b: Aerodactyl\n|-supereffective|p2b: Aerodactyl|1\n|-damage|p2b: Aerodactyl|0 fnt\n|faint|p2b: Aerodactyl\n|\n|win|lojj\n",
  "uploadtime": 1776331789,
  "views": 23,
  "formatid": "gen9championsvgc2026regma",
  "rating": null,
  "private": 0,
  "password": null
}