{
  "id": "gen9championsvgc2026regma-2582090487",
  "format": "[Gen 9 Champions] VGC 2026 Reg M-A",
  "players": [
    "Tzucci",
    "IGNOTUS1103"
  ],
  "log": "|j|\u2606Tzucci\n|j|\u2606IGNOTUS1103\n|t:|1776056643\n|gametype|doubles\n|player|p1|Tzucci|elesa|1015\n|player|p2|IGNOTUS1103|lucas|1082\n|gen|9\n|tier|[Gen 9 Champions] VGC 2026 Reg M-A\n|rated|\n|rule|Species Clause: Limit one of each Pok\u00e9mon\n|rule|Item Clause: Limit 1 of each item\n|clearpoke\n|poke|p1|Tyranitar, L50, F|\n|poke|p1|Excadrill, L50, M|\n|poke|p1|Incineroar, L50, F|\n|poke|p1|Forretress, L50, M|\n|poke|p1|Primarina, L50, F|\n|poke|p1|Whimsicott, L50, F|\n|poke|p2|Arcanine, L50, M|\n|poke|p2|Venusaur, L50, F|\n|poke|p2|Rotom-Wash, L50|\n|poke|p2|Garchomp, L50, F|\n|poke|p2|Corviknight, L50, M|\n|poke|p2|Sneasler, L50, F|\n|teampreview|4\n|inactive|Battle timer is ON: inactive players will automatically lose when time's up. (requested by IGNOTUS1103)\n|\n|t:|1776056676\n|teamsize|p1|4\n|teamsize|p2|4\n|start\n|switch|p1a: GOJIRA|Tyranitar, L50, F|100/100\n|switch|p1b: SANDMAN|Excadrill, L50, M|100/100\n|switch|p2a: Arcanine|Arcanine, L50, M|100/100\n|switch|p2b: Corviknight|Corviknight, L50, M, shiny|100/100\n|-ability|p2a: Arcanine|Intimidate|boost\n|-unboost|p1a: GOJIRA|atk|1\n|-unboost|p1b: SANDMAN|atk|1\n|-weather|Sandstorm|[from] ability: Sand Stream|[of] p1a: GOJIRA\n|turn|1\n|inactive|Tzucci has 30 seconds left.\n|\n|t:|1776056709\n|detailschange|p1a: GOJIRA|Tyranitar-Mega, L50, F\n|-mega|p1a: GOJIRA|Tyranitar|Tyranitarite\n|move|p2b: Corviknight|Protect|p2b: Corviknight\n|-singleturn|p2b: Corviknight|Protect\n|move|p1b: SANDMAN|High Horsepower|p2a: Arcanine\n|-supereffective|p2a: Arcanine|1\n|-damage|p2a: Arcanine|15/100\n|-enditem|p2a: Arcanine|Sitrus Berry|[eat]\n|-heal|p2a: Arcanine|40/100|[from] item: Sitrus Berry\n|move|p2a: Arcanine|Will-O-Wisp|p1a: GOJIRA\n|-status|p1a: GOJIRA|brn\n|move|p1a: GOJIRA|Rock Slide|p2b: Corviknight|[spread] p2a\n|-activate|p2b: Corviknight|move: Protect\n|-supereffective|p2a: Arcanine|1\n|-damage|p2a: Arcanine|17/100\n|\n|-weather|Sandstorm|[upkeep]\n|-damage|p2a: Arcanine|11/100|[from] Sandstorm\n|-damage|p1a: GOJIRA|95/100 brn|[from] brn\n|upkeep\n|turn|2\n|inactive|Tzucci has 30 seconds left.\n|\n|t:|1776056739\n|move|p2a: Arcanine|Protect|p2a: Arcanine\n|-singleturn|p2a: Arcanine|Protect\n|move|p1b: SANDMAN|High Horsepower|p2a: Arcanine\n|-activate|p2a: Arcanine|move: Protect\n|move|p1a: GOJIRA|Rock Slide|p2b: Corviknight|[spread] p2b\n|-activate|p2a: Arcanine|move: Protect\n|-damage|p2b: Corviknight|90/100\n|cant|p2b: Corviknight|flinch\n|\n|-weather|Sandstorm|[upkeep]\n|-damage|p2a: Arcanine|5/100|[from] Sandstorm\n|-heal|p2b: Corviknight|96/100|[from] item: Leftovers\n|-damage|p1a: GOJIRA|89/100 brn|[from] brn\n|upkeep\n|turn|3\n|\n|t:|1776056758\n|move|p1b: SANDMAN|High Horsepower|p2a: Arcanine\n|-supereffective|p2a: Arcanine|1\n|-damage|p2a: Arcanine|0 fnt\n|faint|p2a: Arcanine\n|move|p1a: GOJIRA|Rock Slide|p2b: Corviknight\n|-damage|p2b: Corviknight|83/100\n|cant|p2b: Corviknight|flinch\n|\n|-weather|Sandstorm|[upkeep]\n|-heal|p2b: Corviknight|89/100|[from] item: Leftovers\n|-damage|p1a: GOJIRA|83/100 brn|[from] brn\n|upkeep\n|\n|t:|1776056770\n|switch|p2a: Venusaur|Venusaur, L50, F, shiny|100/100\n|turn|4\n|inactive|Tzucci has 30 seconds left.\n|\n|t:|1776056802\n|move|p1b: SANDMAN|High Horsepower|p2a: Venusaur\n|-damage|p2a: Venusaur|57/100\n|move|p1a: GOJIRA|Rock Slide|p2a: Venusaur|[spread] p2a,p2b\n|-damage|p2a: Venusaur|44/100\n|-damage|p2b: Corviknight|79/100\n|move|p2a: Venusaur|Leech Seed|p1b: SANDMAN\n|-start|p1b: SANDMAN|move: Leech Seed\n|cant|p2b: Corviknight|flinch\n|\n|-weather|Sandstorm|[upkeep]\n|-damage|p2a: Venusaur|38/100|[from] Sandstorm\n|-heal|p2b: Corviknight|85/100|[from] item: Leftovers\n|-damage|p1b: SANDMAN|88/100|[from] Leech Seed|[of] p2a: Venusaur\n|-heal|p2a: Venusaur|50/100|[silent]\n|-damage|p1a: GOJIRA|77/100 brn|[from] brn\n|upkeep\n|turn|5\n|\n|t:|1776056823\n|move|p1b: SANDMAN|High Horsepower|p2a: Venusaur\n|-damage|p2a: Venusaur|10/100\n|move|p1a: GOJIRA|Rock Slide|p2b: Corviknight|[spread] p2a,p2b\n|-damage|p2a: Venusaur|0 fnt\n|-damage|p2b: Corviknight|75/100\n|faint|p2a: Venusaur\n|move|p2b: Corviknight|Iron Head|p1a: GOJIRA\n|-supereffective|p1a: GOJIRA|1\n|-damage|p1a: GOJIRA|38/100 brn\n|\n|-weather|none\n|-heal|p2b: Corviknight|80/100|[from] item: Leftovers\n|-damage|p1a: GOJIRA|32/100 brn|[from] brn\n|upkeep\n|-message|IGNOTUS1103 forfeited.\n|\n|win|Tzucci\n|raw|Tzucci's rating: 1015 &rarr; <strong>1060</strong><br />(+45 for winning)\n|raw|IGNOTUS1103's rating: 1082 &rarr; <strong>1055</strong><br />(-27 for losing)\n|l|\u2606IGNOTUS1103\n|player|p2|\n",
  "uploadtime": 1776056836,
  "views": 9,
  "formatid": "gen9championsvgc2026regma",
  "rating": 1055,
  "private": 0,
  "password": null
}