{
  "id": "gen9championsvgc2026regma-2583981048",
  "format": "[Gen 9 Champions] VGC 2026 Reg M-A",
  "players": [
    "Zhm/r",
    "KaZac_ez-dub"
  ],
  "log": "|j|\u2606Zhm/r\n|j|\u2606KaZac_ez-dub\n|t:|1776213870\n|gametype|doubles\n|player|p1|Zhm/r|clown|1142\n|player|p2|KaZac_ez-dub|170|1135\n|gen|9\n|tier|[Gen 9 Champions] VGC 2026 Reg M-A\n|rated|\n|rule|Species Clause: Limit one of each Pok\u00e9mon\n|rule|Item Clause: Limit 1 of each item\n|clearpoke\n|poke|p1|Aggron, L50, F|\n|poke|p1|Slowbro, L50, F|\n|poke|p1|Incineroar, L50, M|\n|poke|p1|Sinistcha, L50|\n|poke|p1|Meganium, L50, M|\n|poke|p1|Aerodactyl, L50, M|\n|poke|p2|Delphox, L50, F|\n|poke|p2|Sinistcha, L50|\n|poke|p2|Tyranitar, L50, F|\n|poke|p2|Excadrill, L50, F|\n|poke|p2|Rotom-Wash, L50|\n|poke|p2|Incineroar, L50, M|\n|teampreview|4\n|inactive|Battle timer is ON: inactive players will automatically lose when time's up. (requested by KaZac_ez-dub)\n|\n|t:|1776213899\n|teamsize|p1|4\n|teamsize|p2|4\n|start\n|switch|p1a: Aerodactyl|Aerodactyl, L50, M|100/100\n|switch|p1b: Incineroar|Incineroar, L50, M|100/100\n|switch|p2a: Delphox|Delphox, L50, F|100/100\n|switch|p2b: Incineroar|Incineroar, L50, M|100/100\n|-ability|p1b: Incineroar|Intimidate|boost\n|-unboost|p2a: Delphox|atk|1\n|-unboost|p2b: Incineroar|atk|1\n|-ability|p2b: Incineroar|Intimidate|boost\n|-unboost|p1a: Aerodactyl|atk|1\n|-unboost|p1b: Incineroar|atk|1\n|turn|1\n|\n|t:|1776213915\n|switch|p2a: Rotom|Rotom-Wash, L50|100/100\n|move|p2b: Incineroar|Fake Out|p1a: Aerodactyl\n|-resisted|p1a: Aerodactyl|1\n|-damage|p1a: Aerodactyl|96/100\n|cant|p1a: Aerodactyl|flinch\n|move|p1b: Incineroar|Lash Out|p2a: Rotom\n|-damage|p2a: Rotom|62/100\n|\n|-heal|p2a: Rotom|67/100|[from] item: Leftovers\n|upkeep\n|turn|2\n|\n|t:|1776213936\n|move|p1a: Aerodactyl|Tailwind|p1a: Aerodactyl\n|-sidestart|p1: Zhm/r|move: Tailwind\n|move|p1b: Incineroar|Parting Shot|p2a: Rotom\n|-unboost|p2a: Rotom|atk|1\n|-unboost|p2a: Rotom|spa|1\n|\n|t:|1776213941\n|switch|p1b: Slowbro|Slowbro, L50, F|100/100|[from] Parting Shot\n|move|p2a: Rotom|Volt Switch|p1a: Aerodactyl\n|-supereffective|p1a: Aerodactyl|1\n|-damage|p1a: Aerodactyl|55/100\n|\n|t:|1776213957\n|switch|p2a: Sinistcha|Sinistcha, L50|100/100|[from] Volt Switch\n|move|p2b: Incineroar|Throat Chop|p1b: Slowbro\n|-supereffective|p1b: Slowbro|1\n|-damage|p1b: Slowbro|65/100\n|-start|p1b: Slowbro|Throat Chop|[silent]\n|\n|-heal|p1b: Slowbro|71/100|[from] item: Leftovers\n|upkeep\n|turn|3\n|\n|t:|1776213976\n|move|p1a: Aerodactyl|Dual Wingbeat|p2a: Sinistcha\n|-supereffective|p2a: Sinistcha|1\n|-damage|p2a: Sinistcha|83/100\n|-supereffective|p2a: Sinistcha|1\n|-damage|p2a: Sinistcha|65/100\n|-hitcount|p2a: Sinistcha|2\n|move|p1b: Slowbro|Scald|p2b: Incineroar\n|-supereffective|p2b: Incineroar|1\n|-damage|p2b: Incineroar|58/100\n|move|p2a: Sinistcha|Life Dew|p2a: Sinistcha|[spread] p2a,p2b\n|-heal|p2a: Sinistcha|90/100\n|-heal|p2b: Incineroar|83/100\n|move|p2b: Incineroar|Parting Shot|p1a: Aerodactyl\n|-unboost|p1a: Aerodactyl|atk|1\n|-unboost|p1a: Aerodactyl|spa|1\n|\n|t:|1776213995\n|switch|p2b: Rotom|Rotom-Wash, L50|67/100|[from] Parting Shot\n|\n|-heal|p2b: Rotom|73/100|[from] item: Leftovers\n|-heal|p1b: Slowbro|77/100|[from] item: Leftovers\n|-end|p1b: Slowbro|Throat Chop|[silent]\n|upkeep\n|turn|4\n|\n|t:|1776214013\n|switch|p1a: Meganium|Meganium, L50, M|100/100\n|move|p2a: Sinistcha|Protect|p2a: Sinistcha\n|-singleturn|p2a: Sinistcha|Protect\n|move|p2b: Rotom|Volt Switch|p1a: Meganium\n|-resisted|p1a: Meganium|1\n|-damage|p1a: Meganium|88/100\n|\n|t:|1776214024\n|switch|p2b: Delphox|Delphox, L50, F|100/100|[from] Volt Switch\n|move|p1b: Slowbro|Light Screen|p1b: Slowbro\n|-sidestart|p1: Zhm/r|move: Light Screen\n|\n|-heal|p1b: Slowbro|83/100|[from] item: Leftovers\n|upkeep\n|turn|5\n|\n|t:|1776214037\n|detailschange|p1a: Meganium|Meganium-Mega, L50, M\n|-mega|p1a: Meganium|Meganium|Meganiumite\n|detailschange|p2b: Delphox|Delphox-Mega, L50, F\n|-mega|p2b: Delphox|Delphox|Delphoxite\n|move|p2a: Sinistcha|Rage Powder|p2a: Sinistcha\n|-singleturn|p2a: Sinistcha|move: Rage Powder\n|move|p1a: Meganium|Weather Ball|p2a: Sinistcha\n|-supereffective|p2a: Sinistcha|1\n|-damage|p2a: Sinistcha|0 fnt\n|faint|p2a: Sinistcha\n|move|p2b: Delphox|Nasty Plot|p2b: Delphox\n|-boost|p2b: Delphox|spa|2\n|move|p1b: Slowbro|Scald|p2b: Delphox\n|-supereffective|p2b: Delphox|1\n|-damage|p2b: Delphox|45/100\n|\n|-heal|p1b: Slowbro|89/100|[from] item: Leftovers\n|-sideend|p1: Zhm/r|move: Tailwind\n|upkeep\n|\n|t:|1776214055\n|switch|p2a: Incineroar|Incineroar, L50, M|83/100\n|-ability|p2a: Incineroar|Intimidate|boost\n|-unboost|p1a: Meganium|atk|1\n|-unboost|p1b: Slowbro|atk|1\n|turn|6\n|\n|t:|1776214067\n|switch|p1a: Incineroar|Incineroar, L50, M|100/100\n|-ability|p1a: Incineroar|Intimidate|boost\n|-unboost|p2a: Incineroar|atk|1\n|-unboost|p2b: Delphox|atk|1\n|move|p2a: Incineroar|Fake Out|p1b: Slowbro\n|-damage|p1b: Slowbro|82/100\n|move|p2b: Delphox|Heat Wave|p1a: Incineroar|[spread] p1a,p1b\n|-resisted|p1a: Incineroar|1\n|-resisted|p1b: Slowbro|1\n|-damage|p1a: Incineroar|69/100\n|-damage|p1b: Slowbro|62/100\n|cant|p1b: Slowbro|flinch\n|\n|-heal|p1b: Slowbro|68/100|[from] item: Leftovers\n|upkeep\n|turn|7\n|inactive|KaZac_ez-dub has 30 seconds left.\n|\n|t:|1776214093\n|move|p2b: Delphox|Protect|p2b: Delphox\n|-singleturn|p2b: Delphox|Protect\n|move|p1a: Incineroar|Fake Out|p2a: Incineroar\n|-damage|p2a: Incineroar|72/100\n|cant|p2a: Incineroar|flinch\n|move|p1b: Slowbro|Scald|p2b: Delphox\n|-activate|p2b: Delphox|move: Protect\n|\n|-heal|p1b: Slowbro|74/100|[from] item: Leftovers\n|upkeep\n|turn|8\n|\n|t:|1776214111\n|switch|p2b: Rotom|Rotom-Wash, L50|73/100\n|move|p1a: Incineroar|Lash Out|p2b: Rotom\n|-damage|p2b: Rotom|43/100\n|move|p2a: Incineroar|Throat Chop|p1b: Slowbro\n|-supereffective|p1b: Slowbro|1\n|-damage|p1b: Slowbro|37/100\n|-start|p1b: Slowbro|Throat Chop|[silent]\n|move|p1b: Slowbro|Scald|p2a: Incineroar\n|-supereffective|p2a: Incineroar|1\n|-damage|p2a: Incineroar|33/100\n|-enditem|p2a: Incineroar|Sitrus Berry|[eat]\n|-heal|p2a: Incineroar|57/100|[from] item: Sitrus Berry\n|\n|-heal|p2b: Rotom|48/100|[from] item: Leftovers\n|-heal|p1b: Slowbro|43/100|[from] item: Leftovers\n|-sideend|p1: Zhm/r|move: Light Screen\n|upkeep\n|turn|9\n|\n|t:|1776214133\n|move|p1b: Slowbro|Protect|p1b: Slowbro\n|-singleturn|p1b: Slowbro|Protect\n|move|p2b: Rotom|Hydro Pump|p1a: Incineroar\n|-supereffective|p1a: Incineroar|1\n|-damage|p1a: Incineroar|0 fnt\n|faint|p1a: Incineroar\n|move|p2a: Incineroar|Throat Chop|p1b: Slowbro\n|-activate|p1b: Slowbro|move: Protect\n|\n|-heal|p2b: Rotom|54/100|[from] item: Leftovers\n|-heal|p1b: Slowbro|49/100|[from] item: Leftovers\n|-end|p1b: Slowbro|Throat Chop|[silent]\n|upkeep\n|\n|t:|1776214148\n|switch|p1a: Aerodactyl|Aerodactyl, L50, M|55/100\n|turn|10\n|\n|t:|1776214155\n|move|p1a: Aerodactyl|Tailwind|p1a: Aerodactyl\n|-sidestart|p1: Zhm/r|move: Tailwind\n|move|p2b: Rotom|Thunderbolt|p1a: Aerodactyl\n|-supereffective|p1a: Aerodactyl|1\n|-damage|p1a: Aerodactyl|0 fnt\n|faint|p1a: Aerodactyl\n|move|p1b: Slowbro|Scald|p2a: Incineroar\n|-supereffective|p2a: Incineroar|1\n|-damage|p2a: Incineroar|18/100\n|move|p2a: Incineroar|Throat Chop|p1b: Slowbro\n|-supereffective|p1b: Slowbro|1\n|-damage|p1b: Slowbro|16/100\n|-start|p1b: Slowbro|Throat Chop|[silent]\n|\n|-heal|p2b: Rotom|60/100|[from] item: Leftovers\n|-heal|p1b: Slowbro|22/100|[from] item: Leftovers\n|upkeep\n|\n|t:|1776214167\n|switch|p1a: Meganium|Meganium-Mega, L50, M|88/100\n|turn|11\n|\n|t:|1776214182\n|move|p1a: Meganium|Solar Beam||[still]\n|-prepare|p1a: Meganium|Solar Beam\n|-activate|p1a: Meganium|ability: Mega Sol\n|-anim|p1a: Meganium|Solar Beam|p2b: Rotom\n|-supereffective|p2b: Rotom|1\n|-damage|p2b: Rotom|0 fnt\n|faint|p2b: Rotom\n|move|p1b: Slowbro|Scald|p2a: Incineroar\n|-supereffective|p2a: Incineroar|1\n|-damage|p2a: Incineroar|0 fnt\n|faint|p2a: Incineroar\n|\n|-heal|p1b: Slowbro|28/100|[from] item: Leftovers\n|-end|p1b: Slowbro|Throat Chop|[silent]\n|upkeep\n|\n|t:|1776214192\n|switch|p2b: Delphox|Delphox-Mega, L50, F|45/100\n|turn|12\n|\n|t:|1776214200\n|move|p1a: Meganium|Protect|p1a: Meganium\n|-singleturn|p1a: Meganium|Protect\n|move|p2b: Delphox|Heat Wave|p1a: Meganium|[spread] p1b\n|-activate|p1a: Meganium|move: Protect\n|-resisted|p1b: Slowbro|1\n|-damage|p1b: Slowbro|12/100\n|move|p1b: Slowbro|Scald|p2b: Delphox\n|-supereffective|p2b: Delphox|1\n|-damage|p2b: Delphox|0 fnt\n|faint|p2b: Delphox\n|\n|win|Zhm/r\n|raw|Zhm&#x2f;r's rating: 1142 &rarr; <strong>1166</strong><br />(+24 for winning)\n|raw|KaZac_ez-dub's rating: 1135 &rarr; <strong>1111</strong><br />(-24 for losing)\n|l|\u2606KaZac_ez-dub\n|player|p2|\n",
  "uploadtime": 1776214216,
  "views": 22,
  "formatid": "gen9championsvgc2026regma",
  "rating": 1111,
  "private": 0,
  "password": null
}