{
  "id": "gen9championsvgc2026regma-2586275324",
  "format": "[Gen 9 Champions] VGC 2026 Reg M-A",
  "players": [
    "13thskaven",
    "Pansageboy44"
  ],
  "log": "|j|\u260613thskaven\n|j|\u2606Pansageboy44\n|t:|1776420209\n|gametype|doubles\n|player|p1|13thskaven|rocketgrunt|1102\n|player|p2|Pansageboy44|cilan|1009\n|gen|9\n|tier|[Gen 9 Champions] VGC 2026 Reg M-A\n|rated|\n|rule|Species Clause: Limit one of each Pok\u00e9mon\n|rule|Item Clause: Limit 1 of each item\n|clearpoke\n|poke|p1|Starmie, L50|\n|poke|p1|Kangaskhan, L50, F|\n|poke|p1|Gyarados, L50, M|\n|poke|p1|Aerodactyl, L50, M|\n|poke|p1|Drampa, L50, F|\n|poke|p1|Slowbro-Galar, L50, M|\n|poke|p2|Farigiraf, L50, F|\n|poke|p2|Camerupt, L50, M|\n|poke|p2|Slurpuff, L50, F|\n|poke|p2|Corviknight, L50, M|\n|poke|p2|Ninetales, L50, F|\n|poke|p2|Cofagrigus, L50, M|\n|teampreview|4\n|\n|t:|1776420244\n|teamsize|p1|4\n|teamsize|p2|4\n|start\n|switch|p1a: Gyarados|Gyarados, L50, M|100/100\n|switch|p1b: Drampa|Drampa, L50, F|100/100\n|switch|p2a: Ninetales|Ninetales, L50, F|100/100\n|switch|p2b: Cofagrigus|Cofagrigus, L50, M, shiny|100/100\n|-weather|SunnyDay|[from] ability: Drought|[of] p2a: Ninetales\n|-ability|p1a: Gyarados|Intimidate|boost\n|-unboost|p2a: Ninetales|atk|1\n|-unboost|p2b: Cofagrigus|atk|1\n|-ability|p1b: Drampa|Cloud Nine\n|turn|1\n|\n|t:|1776420294\n|move|p2a: Ninetales|Will-O-Wisp|p1a: Gyarados\n|-status|p1a: Gyarados|brn\n|move|p1a: Gyarados|Waterfall|p2a: Ninetales\n|-supereffective|p2a: Ninetales|1\n|-damage|p2a: Ninetales|67/100\n|move|p1b: Drampa|Draco Meteor|p2b: Cofagrigus\n|-damage|p2b: Cofagrigus|31/100\n|-unboost|p1b: Drampa|spa|2\n|-enditem|p1b: Drampa|White Herb\n|-clearnegativeboost|p1b: Drampa|[silent]\n|move|p2b: Cofagrigus|Trick Room|p2b: Cofagrigus\n|-fieldstart|move: Trick Room|[of] p2b: Cofagrigus\n|\n|-weather|SunnyDay|[upkeep]\n|-heal|p2a: Ninetales|73/100|[from] item: Leftovers\n|-damage|p1a: Gyarados|95/100 brn|[from] brn\n|upkeep\n|turn|2\n|\n|t:|1776420321\n|move|p1a: Gyarados|Helping Hand|p1b: Drampa\n|-singleturn|p1b: Drampa|Helping Hand|[of] p1a: Gyarados\n|move|p1b: Drampa|Earth Power|p2a: Ninetales\n|-supereffective|p2a: Ninetales|1\n|-damage|p2a: Ninetales|0 fnt\n|faint|p2a: Ninetales\n|move|p2b: Cofagrigus|Toxic Spikes|p1a: Gyarados\n|-sidestart|p1: 13thskaven|move: Toxic Spikes\n|\n|-weather|SunnyDay|[upkeep]\n|-damage|p1a: Gyarados|89/100 brn|[from] brn\n|upkeep\n|\n|t:|1776420331\n|switch|p2a: Camerupt|Camerupt, L50, M, shiny|100/100\n|turn|3\n|\n|t:|1776420348\n|detailschange|p2a: Camerupt|Camerupt-Mega, L50, M, shiny\n|-mega|p2a: Camerupt|Camerupt|Cameruptite\n|move|p1a: Gyarados|Helping Hand|p1b: Drampa\n|-singleturn|p1b: Drampa|Helping Hand|[of] p1a: Gyarados\n|move|p2a: Camerupt|Eruption|p1a: Gyarados|[spread] p1a,p1b\n|-resisted|p1a: Gyarados|1\n|-resisted|p1b: Drampa|1\n|-damage|p1a: Gyarados|68/100 brn\n|-damage|p1b: Drampa|64/100\n|move|p1b: Drampa|Earth Power|p2a: Camerupt\n|-supereffective|p2a: Camerupt|1\n|-damage|p2a: Camerupt|0 fnt\n|faint|p2a: Camerupt\n|move|p2b: Cofagrigus|Shadow Ball|p1a: Gyarados\n|-damage|p1a: Gyarados|52/100 brn\n|\n|-weather|SunnyDay|[upkeep]\n|-damage|p1a: Gyarados|46/100 brn|[from] brn\n|upkeep\n|-enditem|p1a: Gyarados|Sitrus Berry|[eat]\n|-heal|p1a: Gyarados|71/100 brn|[from] item: Sitrus Berry\n|\n|t:|1776420354\n|switch|p2a: Slurpuff|Slurpuff, L50, F|100/100\n|turn|4\n|\n|t:|1776420383\n|move|p1a: Gyarados|Helping Hand|p1b: Drampa\n|-singleturn|p1b: Drampa|Helping Hand|[of] p1a: Gyarados\n|move|p1b: Drampa|Hyper Voice|p2a: Slurpuff|[spread] p2a\n|-immune|p2b: Cofagrigus\n|-damage|p2a: Slurpuff|32/100\n|-enditem|p2a: Slurpuff|Sitrus Berry|[eat]\n|-heal|p2a: Slurpuff|57/100|[from] item: Sitrus Berry\n|move|p2b: Cofagrigus|Will-O-Wisp|p1b: Drampa\n|-status|p1b: Drampa|brn\n|move|p2a: Slurpuff|Thunderbolt|p1a: Gyarados\n|-supereffective|p1a: Gyarados|2\n|-damage|p1a: Gyarados|13/100 brn\n|\n|-weather|SunnyDay|[upkeep]\n|-damage|p1b: Drampa|58/100 brn|[from] brn\n|-damage|p1a: Gyarados|7/100 brn|[from] brn\n|upkeep\n|turn|5\n|\n|t:|1776420407\n|move|p1a: Gyarados|Helping Hand|p1b: Drampa\n|-singleturn|p1b: Drampa|Helping Hand|[of] p1a: Gyarados\n|move|p2a: Slurpuff|Protect|p2a: Slurpuff\n|-singleturn|p2a: Slurpuff|Protect\n|move|p1b: Drampa|Hyper Voice|p2b: Cofagrigus|[spread] \n|-activate|p2a: Slurpuff|move: Protect\n|-immune|p2b: Cofagrigus\n|move|p2b: Cofagrigus|Toxic Spikes|p1b: Drampa\n|-sidestart|p1: 13thskaven|move: Toxic Spikes\n|\n|-weather|none\n|-damage|p1b: Drampa|52/100 brn|[from] brn\n|-damage|p1a: Gyarados|1/100 brn|[from] brn\n|-fieldend|move: Trick Room\n|upkeep\n|turn|6\n|\n|t:|1776420451\n|switch|p1b: Slowbro|Slowbro-Galar, L50, M|100/100\n|-sideend|p1: 13thskaven|move: Toxic Spikes|[of] p1b: Slowbro\n|move|p2a: Slurpuff|Dazzling Gleam|p1a: Gyarados|[spread] p1a,p1b\n|-resisted|p1b: Slowbro|1\n|-damage|p1a: Gyarados|0 fnt\n|-damage|p1b: Slowbro|89/100\n|faint|p1a: Gyarados\n|move|p2b: Cofagrigus|Toxic Spikes|p1b: Slowbro\n|-sidestart|p1: 13thskaven|move: Toxic Spikes\n|\n|upkeep\n|\n|t:|1776420470\n|switch|p1a: Kangaskhan|Kangaskhan, L50, F|100/100\n|-status|p1a: Kangaskhan|psn\n|turn|7\n|-activate|p1b: Slowbro|item: Quick Claw\n|\n|t:|1776420490\n|move|p1a: Kangaskhan|Fake Out|p2b: Cofagrigus\n|-damage|p2b: Cofagrigus|20/100\n|-activate|p2b: Cofagrigus|ability: Mummy|p1a: Kangaskhan|[ability] Scrappy\n|move|p1b: Slowbro|Shell Side Arm|p2a: Slurpuff|[anim] Shell Side Arm Physical\n|-supereffective|p2a: Slurpuff|1\n|-damage|p2a: Slurpuff|0 fnt\n|-hint|Physical Shell Side Arm\n|faint|p2a: Slurpuff\n|cant|p2b: Cofagrigus|flinch\n|\n|-damage|p1a: Kangaskhan|88/100 psn|[from] psn\n|upkeep\n|turn|8\n|-activate|p1b: Slowbro|ability: Quick Draw\n|\n|t:|1776420516\n|move|p1b: Slowbro|Zen Headbutt|p2b: Cofagrigus\n|-damage|p2b: Cofagrigus|0 fnt\n|-activate|p2b: Cofagrigus|ability: Mummy|p1b: Slowbro|[ability] Quick Draw\n|faint|p2b: Cofagrigus\n|\n|win|13thskaven\n|raw|13thskaven's rating: 1102 &rarr; <strong>1120</strong><br />(+18 for winning)\n|raw|Pansageboy44's rating: 1009 &rarr; <strong>1001</strong><br />(-8 for losing)\n",
  "uploadtime": 1776420527,
  "views": 36,
  "formatid": "gen9championsvgc2026regma",
  "rating": 1001,
  "private": 0,
  "password": null
}