{
  "id": "gen9championsvgc2026regma-2587884366",
  "format": "[Gen 9 Champions] VGC 2026 Reg M-A",
  "players": [
    "Kdog2025",
    "abcdWang"
  ],
  "log": "|j|\u2606Kdog2025\n|j|\u2606abcdWang\n|t:|1776574454\n|gametype|doubles\n|player|p1|Kdog2025|170|1442\n|player|p2|abcdWang|iono-masters2|1505\n|gen|9\n|tier|[Gen 9 Champions] VGC 2026 Reg M-A\n|rated|\n|rule|Species Clause: Limit one of each Pok\u00e9mon\n|rule|Item Clause: Limit 1 of each item\n|clearpoke\n|poke|p1|Pelipper, L50, F|\n|poke|p1|Basculegion, L50, M|\n|poke|p1|Archaludon, L50, F|\n|poke|p1|Meganium, L50, M|\n|poke|p1|Farigiraf, L50, F|\n|poke|p1|Incineroar, L50, M|\n|poke|p2|Kingambit, L50, F|\n|poke|p2|Gardevoir, L50, M|\n|poke|p2|Aerodactyl, L50, F|\n|poke|p2|Maushold-Four, L50|\n|poke|p2|Incineroar, L50, M|\n|poke|p2|Sneasler, L50, F|\n|teampreview|4\n|inactive|Battle timer is ON: inactive players will automatically lose when time's up. (requested by Kdog2025)\nabcdWang rejected open team sheets.\n|\n|t:|1776574484\n|teamsize|p1|4\n|teamsize|p2|4\n|start\n|switch|p1a: Pelipper|Pelipper, L50, F|100/100\n|switch|p1b: Basculegion|Basculegion, L50, M|100/100\n|switch|p2a: Gardevoir|Gardevoir, L50, M|100/100\n|switch|p2b: Aerodactyl|Aerodactyl, L50, F|100/100\n|-ability|p2b: Aerodactyl|Unnerve\n|-weather|RainDance|[from] ability: Drizzle|[of] p1a: Pelipper\n|-ability|p2a: Gardevoir|Drizzle|Trace|[from] ability: Trace|[of] p1a: Pelipper\n|turn|1\n|c|\u2606Kdog2025|Glhf\n|\n|t:|1776574509\n|detailschange|p2a: Gardevoir|Gardevoir-Mega, L50, M\n|-mega|p2a: Gardevoir|Gardevoir|Gardevoirite\n|move|p2a: Gardevoir|Protect|p2a: Gardevoir\n|-singleturn|p2a: Gardevoir|Protect\n|move|p1b: Basculegion|Flip Turn|p2b: Aerodactyl\n|-supereffective|p2b: Aerodactyl|1\n|-enditem|p2b: Aerodactyl|Focus Sash\n|-damage|p2b: Aerodactyl|1/100\n|\n|t:|1776574515\n|switch|p1b: Farigiraf|Farigiraf, L50, F|100/100|[from] Flip Turn\n|move|p2b: Aerodactyl|Tailwind|p2b: Aerodactyl\n|-sidestart|p2: abcdWang|move: Tailwind\n|move|p1a: Pelipper|Weather Ball|p2b: Aerodactyl\n|-supereffective|p2b: Aerodactyl|1\n|-damage|p2b: Aerodactyl|0 fnt\n|faint|p2b: Aerodactyl\n|\n|-weather|RainDance|[upkeep]\n|upkeep\n|\n|t:|1776574525\n|switch|p2b: Kingambit|Kingambit, L50, F|100/100\n|turn|2\n|\n|t:|1776574535\n|move|p1a: Pelipper|Wide Guard|p1a: Pelipper\n|-singleturn|p1a: Pelipper|Wide Guard\n|move|p2a: Gardevoir|Hyper Voice|p1a: Pelipper|[spread] \n|-activate|p1a: Pelipper|move: Wide Guard\n|-activate|p1b: Farigiraf|move: Wide Guard\n|move|p2b: Kingambit|Kowtow Cleave|p1a: Pelipper\n|-damage|p1a: Pelipper|21/100\n|move|p1b: Farigiraf|Trick Room|p1b: Farigiraf\n|-fieldstart|move: Trick Room|[of] p1b: Farigiraf\n|\n|-weather|RainDance|[upkeep]\n|upkeep\n|turn|3\n|\n|t:|1776574550\n|move|p1b: Farigiraf|Psychic Noise|p2a: Gardevoir\n|-resisted|p2a: Gardevoir|1\n|-damage|p2a: Gardevoir|90/100\n|-start|p2a: Gardevoir|move: Heal Block\n|move|p1a: Pelipper|Weather Ball|p2b: Kingambit\n|-damage|p2b: Kingambit|7/100\n|move|p2b: Kingambit|Kowtow Cleave|p1a: Pelipper\n|-damage|p1a: Pelipper|0 fnt\n|faint|p1a: Pelipper\n|move|p2a: Gardevoir|Trick Room|p2a: Gardevoir\n|-fieldend|move: Trick Room\n|\n|-weather|RainDance|[upkeep]\n|upkeep\n|\n|t:|1776574565\n|switch|p1a: Archaludon|Archaludon, L50, F|100/100\n|turn|4\n|\n|t:|1776574573\n|move|p2a: Gardevoir|Hyper Voice|p1b: Farigiraf|[spread] p1a,p1b\n|-damage|p1a: Archaludon|30/100\n|-damage|p1b: Farigiraf|56/100\n|move|p2b: Kingambit|Kowtow Cleave|p1b: Farigiraf\n|-supereffective|p1b: Farigiraf|1\n|-damage|p1b: Farigiraf|0 fnt\n|faint|p1b: Farigiraf\n|move|p1a: Archaludon|Electro Shot||[still]\n|-prepare|p1a: Archaludon|Electro Shot\n|-boost|p1a: Archaludon|spa|1\n|-anim|p1a: Archaludon|Electro Shot|p2b: Kingambit\n|-damage|p2b: Kingambit|0 fnt\n|faint|p2b: Kingambit\n|\n|-weather|RainDance|[upkeep]\n|-end|p2a: Gardevoir|move: Heal Block\n|-sideend|p2: abcdWang|move: Tailwind\n|upkeep\n|\n|t:|1776574584\n|switch|p2b: Sneasler|Sneasler, L50, F|100/100\n|switch|p1b: Basculegion|Basculegion, L50, M|100/100\n|turn|5\n|\n|t:|1776574593\n|move|p2a: Gardevoir|Protect|p2a: Gardevoir\n|-singleturn|p2a: Gardevoir|Protect\n|move|p1b: Basculegion|Last Respects|p2a: Gardevoir\n|-activate|p2a: Gardevoir|move: Protect\n|move|p2b: Sneasler|Close Combat|p1a: Archaludon\n|-supereffective|p1a: Archaludon|1\n|-damage|p1a: Archaludon|0 fnt\n|-unboost|p2b: Sneasler|def|1\n|-unboost|p2b: Sneasler|spd|1\n|faint|p1a: Archaludon\n|-enditem|p2b: Sneasler|White Herb\n|-clearnegativeboost|p2b: Sneasler|[silent]\n|\n|-weather|none\n|upkeep\n|turn|6\n|\n|t:|1776574608\n|move|p2b: Sneasler|Dire Claw|p1b: Basculegion\n|-resisted|p1b: Basculegion|1\n|-damage|p1b: Basculegion|74/100\n|move|p1b: Basculegion|Last Respects|p2a: Gardevoir\n|-supereffective|p2a: Gardevoir|1\n|-damage|p2a: Gardevoir|0 fnt\n|faint|p2a: Gardevoir\n|\n|upkeep\n|turn|7\n|\n|t:|1776574614\n|move|p2b: Sneasler|Dire Claw|p1b: Basculegion\n|-resisted|p1b: Basculegion|1\n|-damage|p1b: Basculegion|46/100\n|move|p1b: Basculegion|Last Respects|p2b: Sneasler\n|-crit|p2b: Sneasler\n|-damage|p2b: Sneasler|0 fnt\n|faint|p2b: Sneasler\n|\n|win|Kdog2025\n|raw|Kdog2025's rating: 1442 &rarr; <strong>1466</strong><br />(+24 for winning)\n|raw|abcdWang's rating: 1505 &rarr; <strong>1481</strong><br />(-24 for losing)\n|l|\u2606abcdWang\n|player|p2|\n|l|\u2606Kdog2025\n|player|p1|\n",
  "uploadtime": 1776574656,
  "views": 21,
  "formatid": "gen9championsvgc2026regma",
  "rating": 1466,
  "private": 0,
  "password": null
}