{
  "id": "gen9championsvgc2026regma-2584251178",
  "format": "[Gen 9 Champions] VGC 2026 Reg M-A",
  "players": [
    "porygon-epilepz",
    "nanismo"
  ],
  "log": "|j|\u2606porygon-epilepz\n|j|\u2606nanismo\n|t:|1776243312\n|gametype|doubles\n|player|p1|porygon-epilepz|hiker-gen4|1268\n|player|p2|nanismo|101|1279\n|gen|9\n|tier|[Gen 9 Champions] VGC 2026 Reg M-A\n|rated|\n|rule|Species Clause: Limit one of each Pok\u00e9mon\n|rule|Item Clause: Limit 1 of each item\n|clearpoke\n|poke|p1|Floette-Eternal, L50, F|\n|poke|p1|Incineroar, L50, F|\n|poke|p1|Garchomp, L50, M|\n|poke|p1|Aerodactyl, L50, F|\n|poke|p1|Sneasler, L50, M|\n|poke|p1|Basculegion, L50, M|\n|poke|p2|Sneasler, L50, F|\n|poke|p2|Kingambit, L50, M|\n|poke|p2|Clefable, L50, F|\n|poke|p2|Delphox, L50, M|\n|poke|p2|Dragonite, L50, F|\n|poke|p2|Basculegion, L50, M|\n|teampreview|4\n|\n|t:|1776243409\n|teamsize|p1|4\n|teamsize|p2|4\n|start\n|switch|p1a: Basculegion|Basculegion, L50, M|100/100\n|switch|p1b: Aerodactyl|Aerodactyl, L50, F|100/100\n|switch|p2a: Sneasler|Sneasler, L50, F|100/100\n|switch|p2b: Basculegion|Basculegion, L50, M|100/100\n|-ability|p1b: Aerodactyl|Unnerve\n|turn|1\n|\n|t:|1776243419\n|move|p2a: Sneasler|Fake Out|p1b: Aerodactyl\n|-resisted|p1b: Aerodactyl|1\n|-damage|p1b: Aerodactyl|90/100\n|move|p1a: Basculegion|Flip Turn|p2b: Basculegion\n|-resisted|p2b: Basculegion|1\n|-damage|p2b: Basculegion|75/100\n|\n|t:|1776243428\n|switch|p1a: Sneasler|Sneasler, L50, M|100/100|[from] Flip Turn\n|move|p2b: Basculegion|Wave Crash|p1b: Aerodactyl\n|-supereffective|p1b: Aerodactyl|1\n|-damage|p1b: Aerodactyl|0 fnt\n|faint|p1b: Aerodactyl\n|-damage|p2b: Basculegion|52/100|[from] Recoil\n|\n|upkeep\n|\n|t:|1776243431\n|switch|p1b: Basculegion|Basculegion, L50, M|100/100\n|turn|2\n|\n|t:|1776243451\n|move|p1a: Sneasler|Fake Out|p2a: Sneasler\n|-damage|p2a: Sneasler|72/100\n|move|p2b: Basculegion|Wave Crash|p1a: Sneasler\n|-damage|p1a: Sneasler|0 fnt\n|faint|p1a: Sneasler\n|-damage|p2b: Basculegion|26/100|[from] Recoil\n|move|p1b: Basculegion|Last Respects|p2b: Basculegion\n|-supereffective|p2b: Basculegion|1\n|-damage|p2b: Basculegion|0 fnt\n|faint|p2b: Basculegion\n|cant|p2a: Sneasler|flinch\n|\n|upkeep\n|inactive|Battle timer is ON: inactive players will automatically lose when time's up. (requested by nanismo)\n|\n|t:|1776243494\n|switch|p1a: Floette|Floette-Eternal, L50, F|100/100\n|switch|p2b: Dragonite|Dragonite, L50, F|100/100\n|turn|3\n|\n|t:|1776243505\n|detailschange|p1a: Floette|Floette-Mega, L50, F\n|-mega|p1a: Floette|Floette|Floettite\n|-ability|p1a: Floette|Fairy Aura\n|move|p2a: Sneasler|Protect|p2a: Sneasler\n|-singleturn|p2a: Sneasler|Protect\n|move|p2b: Dragonite|Protect|p2b: Dragonite\n|-singleturn|p2b: Dragonite|Protect\n|move|p1b: Basculegion|Last Respects|p2a: Sneasler\n|-activate|p2a: Sneasler|move: Protect\n|move|p1a: Floette|Dazzling Gleam|p2a: Sneasler|[spread] \n|-activate|p2a: Sneasler|move: Protect\n|-activate|p2b: Dragonite|move: Protect\n|\n|upkeep\n|turn|4\n|inactive|nanismo has 30 seconds left.\n|\n|t:|1776243531\n|move|p1b: Basculegion|Last Respects|p2a: Sneasler\n|-damage|p2a: Sneasler|0 fnt\n|faint|p2a: Sneasler\n|move|p1a: Floette|Moonblast|p2b: Dragonite\n|-supereffective|p2b: Dragonite|1\n|-damage|p2b: Dragonite|20/100\n|move|p2b: Dragonite|Scale Shot|p1b: Basculegion\n|-damage|p1b: Basculegion|83/100\n|-damage|p1b: Basculegion|66/100\n|-crit|p1b: Basculegion\n|-damage|p1b: Basculegion|39/100\n|-damage|p1b: Basculegion|20/100\n|-damage|p1b: Basculegion|4/100\n|-hitcount|p1b: Basculegion|5\n|-unboost|p2b: Dragonite|def|1\n|-boost|p2b: Dragonite|spe|1\n|\n|upkeep\n|\n|t:|1776243535\n|switch|p2a: Delphox|Delphox, L50, M|100/100\n|turn|5\n|\n|t:|1776243554\n|detailschange|p2a: Delphox|Delphox-Mega, L50, M\n|-mega|p2a: Delphox|Delphox|Delphoxite\n|move|p2b: Dragonite|Scale Shot|p1b: Basculegion\n|-damage|p1b: Basculegion|0 fnt\n|faint|p1b: Basculegion\n|-hitcount|p1: Basculegion|1\n|-unboost|p2b: Dragonite|def|1\n|-boost|p2b: Dragonite|spe|1\n|move|p2a: Delphox|Heat Wave|p1a: Floette\n|-damage|p1a: Floette|53/100\n|move|p1a: Floette|Dazzling Gleam|p2b: Dragonite|[spread] p2a,p2b\n|-resisted|p2a: Delphox|1\n|-supereffective|p2b: Dragonite|1\n|-damage|p2a: Delphox|77/100\n|-damage|p2b: Dragonite|0 fnt\n|faint|p2b: Dragonite\n|\n|upkeep\n|turn|6\n|\n|t:|1776243567\n|move|p2a: Delphox|Psychic|p1a: Floette\n|-damage|p1a: Floette|10/100\n|move|p1a: Floette|Light of Ruin|p2a: Delphox\n|-resisted|p2a: Delphox|1\n|-damage|p2a: Delphox|17/100\n|-damage|p1a: Floette|0 fnt|[from] Recoil\n|faint|p1a: Floette\n|\n|win|nanismo\n|raw|porygon-epilepz's rating: 1268 &rarr; <strong>1244</strong><br />(-24 for losing)\n|raw|nanismo's rating: 1279 &rarr; <strong>1303</strong><br />(+24 for winning)\n",
  "uploadtime": 1776243315,
  "views": 30,
  "formatid": "gen9championsvgc2026regma",
  "rating": 1244,
  "private": 0,
  "password": null
}