{
  "id": "gen9championsvgc2026regma-2582524011",
  "format": "[Gen 9 Champions] VGC 2026 Reg M-A",
  "players": [
    "lufox2.0",
    "juleocesar"
  ],
  "log": "|j|\u2606lufox2.0\n|j|\u2606juleocesar\n|inactive|Battle timer is ON: inactive players will automatically lose when time's up.\n|t:|1776097159\n|gametype|doubles\n|player|p1|lufox2.0|n|\n|player|p2|juleocesar|cowgirl|\n|gen|9\n|tier|[Gen 9 Champions] VGC 2026 Reg M-A\n|rated|Tournament battle\n|rule|Species Clause: Limit one of each Pok\u00e9mon\n|rule|Item Clause: Limit 1 of each item\n|clearpoke\n|poke|p1|Glimmora, L50, F|\n|poke|p1|Whimsicott, L50, M|\n|poke|p1|Incineroar, L50, F|\n|poke|p1|Tinkaton, L50, F|\n|poke|p1|Rotom-Wash, L50|\n|poke|p1|Krookodile, L50, M|\n|poke|p2|Lopunny, L50, F|\n|poke|p2|Scizor, L50, F|\n|poke|p2|Aerodactyl, L50, M|\n|poke|p2|Archaludon, L50, M|\n|poke|p2|Dragapult, L50, M|\n|poke|p2|Sylveon, L50, F|\n|teampreview|4\n|inactive|lufox2.0 also wants the timer to be on.\n|j| enzoo1600\n|j| yashiroyy\n|inactive|juleocesar has 60 seconds left.\n|\n|t:|1776097203\n|teamsize|p1|4\n|teamsize|p2|4\n|start\n|switch|p1a: Incineroar|Incineroar, L50, F, shiny|100/100\n|switch|p1b: Whimsicott|Whimsicott, L50, M, shiny|100/100\n|switch|p2a: Lopunny|Lopunny, L50, F|100/100\n|switch|p2b: Dragapult|Dragapult, L50, M|100/100\n|-ability|p1a: Incineroar|Intimidate|boost\n|-unboost|p2a: Lopunny|atk|1\n|-fail|p2b: Dragapult|unboost|[from] ability: Clear Body|[of] p2b: Dragapult\n|turn|1\n|j| riquelme14\n|inactive|juleocesar has 30 seconds left.\n|\n|t:|1776097231\n|switch|p2b: Archaludon|Archaludon, L50, M|100/100\n|detailschange|p2a: Lopunny|Lopunny-Mega, L50, F\n|-mega|p2a: Lopunny|Lopunny|Lopunnite\n|move|p2a: Lopunny|Fake Out|p1b: Whimsicott\n|-damage|p1b: Whimsicott|85/100\n|move|p1a: Incineroar|Fake Out|p2a: Lopunny\n|-damage|p2a: Lopunny|87/100\n|cant|p1b: Whimsicott|flinch\n|\n|upkeep\n|turn|2\n|\n|t:|1776097252\n|switch|p2a: Sylveon|Sylveon, L50, F|100/100\n|switch|p1a: Krookodile|Krookodile, L50, M, shiny|100/100\n|move|p1b: Whimsicott|Protect|p1b: Whimsicott\n|-singleturn|p1b: Whimsicott|Protect\n|move|p2b: Archaludon|Iron Head|p1b: Whimsicott\n|-activate|p1b: Whimsicott|move: Protect\n|\n|upkeep\n|turn|3\n|j| Banco Master\n|\n|t:|1776097268\n|move|p2b: Archaludon|Protect|p2b: Archaludon\n|-singleturn|p2b: Archaludon|Protect\n|move|p1b: Whimsicott|Tailwind|p1b: Whimsicott\n|-sidestart|p1: lufox2.0|move: Tailwind\n|move|p1a: Krookodile|High Horsepower|p2b: Archaludon\n|-activate|p2b: Archaludon|move: Protect\n|move|p2a: Sylveon|Hyper Voice|p1b: Whimsicott|[spread] p1a,p1b\n|-supereffective|p1a: Krookodile|1\n|-damage|p1a: Krookodile|0 fnt\n|-damage|p1b: Whimsicott|6/100\n|faint|p1a: Krookodile\n|\n|upkeep\n|\n|t:|1776097280\n|switch|p1a: Glimmora|Glimmora, L50, F, shiny|100/100\n|turn|4\n|\n|t:|1776097304\n|detailschange|p1a: Glimmora|Glimmora-Mega, L50, F, shiny\n|-mega|p1a: Glimmora|Glimmora|Glimmoranite\n|move|p1b: Whimsicott|Encore|p2b: Archaludon\n|-start|p2b: Archaludon|Encore\n|move|p2b: Archaludon|Protect||[still]\n|-fail|p2b: Archaludon\n|move|p1a: Glimmora|Earth Power|p2b: Archaludon\n|-supereffective|p2b: Archaludon|1\n|-damage|p2b: Archaludon|33/100\n|move|p2a: Sylveon|Hyper Voice|p1a: Glimmora|[spread] p1a,p1b\n|-resisted|p1a: Glimmora|1\n|-damage|p1a: Glimmora|70/100\n|-damage|p1b: Whimsicott|0 fnt\n|faint|p1b: Whimsicott\n|\n|-heal|p2b: Archaludon|40/100|[from] item: Leftovers\n|upkeep\n|\n|t:|1776097317\n|switch|p1b: Incineroar|Incineroar, L50, F, shiny|100/100\n|-ability|p1b: Incineroar|Intimidate|boost\n|-unboost|p2a: Sylveon|atk|1\n|-unboost|p2b: Archaludon|atk|1\n|turn|5\n|\n|t:|1776097334\n|switch|p2b: Lopunny|Lopunny-Mega, L50, F|87/100\n|move|p2a: Sylveon|Protect|p2a: Sylveon\n|-singleturn|p2a: Sylveon|Protect\n|move|p1b: Incineroar|Fake Out|p2a: Sylveon\n|-activate|p2a: Sylveon|move: Protect\n|move|p1a: Glimmora|Earth Power|p2b: Lopunny\n|-damage|p2b: Lopunny|44/100\n|\n|upkeep\n|turn|6\n|inactive|lufox2.0 has 30 seconds left.\n|inactive|juleocesar has 30 seconds left.\n|\n|t:|1776097377\n|move|p1a: Glimmora|Earth Power|p2b: Lopunny\n|-damage|p2b: Lopunny|0 fnt\n|faint|p2b: Lopunny\n|move|p1b: Incineroar|Parting Shot|p2a: Sylveon\n|-unboost|p2a: Sylveon|atk|1\n|-unboost|p2a: Sylveon|spa|1\n|move|p2a: Sylveon|Hyper Voice|p1b: Incineroar|[spread] p1a,p1b\n|-resisted|p1a: Glimmora|1\n|-damage|p1a: Glimmora|50/100\n|-damage|p1b: Incineroar|74/100\n|\n|-sideend|p1: lufox2.0|move: Tailwind\n|upkeep\n|\n|t:|1776097388\n|switch|p2b: Dragapult|Dragapult, L50, M|100/100\n|turn|7\n|\n|t:|1776097413\n|move|p2b: Dragapult|Protect|p2b: Dragapult\n|-singleturn|p2b: Dragapult|Protect\n|move|p2a: Sylveon|Protect|p2a: Sylveon\n|-singleturn|p2a: Sylveon|Protect\n|move|p1a: Glimmora|Power Gem|p2b: Dragapult\n|-activate|p2b: Dragapult|move: Protect\n|move|p1b: Incineroar|Snarl|p2a: Sylveon|[spread] \n|-activate|p2a: Sylveon|move: Protect\n|-activate|p2b: Dragapult|move: Protect\n|\n|upkeep\n|turn|8\n|\n|t:|1776097433\n|move|p2b: Dragapult|Draco Meteor|p1a: Glimmora\n|-damage|p1a: Glimmora|0 fnt\n|-unboost|p2b: Dragapult|spa|2\n|faint|p1a: Glimmora\n|-enditem|p2b: Dragapult|White Herb\n|-clearnegativeboost|p2b: Dragapult|[silent]\n|move|p2a: Sylveon|Hyper Voice|p1b: Incineroar\n|-damage|p1b: Incineroar|39/100\n|move|p1b: Incineroar|Snarl|p2a: Sylveon|[spread] p2a,p2b\n|-resisted|p2a: Sylveon|1\n|-supereffective|p2b: Dragapult|1\n|-damage|p2a: Sylveon|97/100\n|-damage|p2b: Dragapult|64/100\n|-unboost|p2a: Sylveon|spa|1\n|\n|upkeep\n|turn|9\n|j| MigRu\n|c|\u2606lufox2.0|gg\n|c|\u2606juleocesar|gg tinha esquecido do tailwind no ultimo turno\n|l| MigRu\n|c|\u2606juleocesar|valeu\n|\n|t:|1776097454\n|move|p2b: Dragapult|Draco Meteor|p1b: Incineroar\n|-damage|p1b: Incineroar|0 fnt\n|-unboost|p2b: Dragapult|spa|2\n|faint|p1b: Incineroar\n|\n|win|juleocesar\n|n|\u2606lufox2.0|lufox20\n|n|\u2606juleocesar|juleocesar\n|n| enzoo1600|enzoo1600\n|n| yashiroyy|yashiroyy\n|n| riquelme14|riquelme14\n|n| Banco Master|bancomaster\n",
  "uploadtime": 1776097454,
  "views": 8,
  "formatid": "gen9championsvgc2026regma",
  "rating": null,
  "private": 0,
  "password": null
}