{
  "id": "gen9championsvgc2026regma-2588196970",
  "format": "[Gen 9 Champions] VGC 2026 Reg M-A",
  "players": [
    "Markiito18",
    "Poke_Marcos_23"
  ],
  "log": "|j|\u2606Markiito18\n|j|\u2606Poke_Marcos_23\n|t:|1776613524\n|gametype|doubles\n|player|p1|Markiito18|rood|1322\n|player|p2|Poke_Marcos_23|ethan|1340\n|gen|9\n|tier|[Gen 9 Champions] VGC 2026 Reg M-A\n|rated|\n|rule|Species Clause: Limit one of each Pok\u00e9mon\n|rule|Item Clause: Limit 1 of each item\n|clearpoke\n|poke|p1|Farigiraf, L50, M, shiny|\n|poke|p1|Sylveon, L50, F, shiny|\n|poke|p1|Hydreigon, L50, M, shiny|\n|poke|p1|Aegislash, L50, F, shiny|\n|poke|p1|Slowking-Galar, L50, M, shiny|\n|poke|p1|Lopunny, L50, M, shiny|\n|poke|p2|Floette-Eternal, L50, F|\n|poke|p2|Milotic, L50, F|\n|poke|p2|Incineroar, L50, F|\n|poke|p2|Kingambit, L50, M|\n|poke|p2|Sneasler, L50, F|\n|poke|p2|Garchomp, L50, F|\n|teampreview|4\n|inactive|Battle timer is ON: inactive players will automatically lose when time's up. (requested by Markiito18)\n|inactive|Markiito18 has 60 seconds left.\n|inactive|Markiito18 has 30 seconds left.\n|\n|t:|1776613615\n|teamsize|p1|4\n|teamsize|p2|4\n|start\n|switch|p1a: Sylveon|Sylveon, L50, F, shiny|100/100\n|switch|p1b: Lopunny|Lopunny, L50, M, shiny|100/100\n|switch|p2a: Kingambit|Kingambit, L50, M|100/100\n|switch|p2b: Sneasler|Sneasler, L50, F|100/100\n|turn|1\n|\n|t:|1776613630\n|detailschange|p1b: Lopunny|Lopunny-Mega, L50, M, shiny\n|-mega|p1b: Lopunny|Lopunny|Lopunnite\n|move|p1b: Lopunny|Fake Out|p2b: Sneasler\n|-damage|p2b: Sneasler|67/100\n|cant|p2b: Sneasler|flinch\n|move|p1a: Sylveon|Hyper Voice|p2b: Sneasler|[spread] p2a,p2b\n|-damage|p2a: Kingambit|57/100\n|-damage|p2b: Sneasler|2/100\n|move|p2a: Kingambit|Iron Head|p1a: Sylveon\n|-supereffective|p1a: Sylveon|1\n|-damage|p1a: Sylveon|0 fnt\n|faint|p1a: Sylveon\n|\n|upkeep\n|inactive|Markiito18 has 30 seconds left.\n|\n|t:|1776613663\n|switch|p1a: Slowking|Slowking-Galar, L50, M, shiny|100/100\n|-clearboost|p1b: Lopunny|[from] ability: Curious Medicine|[of] p1a: Slowking\n|turn|2\n|\n|t:|1776613683\n|move|p1b: Lopunny|Close Combat|p2a: Kingambit\n|-supereffective|p2a: Kingambit|2\n|-damage|p2a: Kingambit|0 fnt\n|-unboost|p1b: Lopunny|def|1\n|-unboost|p1b: Lopunny|spd|1\n|faint|p2a: Kingambit\n|move|p2b: Sneasler|Close Combat|p1b: Lopunny\n|-supereffective|p1b: Lopunny|1\n|-damage|p1b: Lopunny|0 fnt\n|-unboost|p2b: Sneasler|def|1\n|-unboost|p2b: Sneasler|spd|1\n|faint|p1b: Lopunny\n|-enditem|p2b: Sneasler|White Herb\n|-clearnegativeboost|p2b: Sneasler|[silent]\n|move|p1a: Slowking|Trick Room|p1a: Slowking\n|-fieldstart|move: Trick Room|[of] p1a: Slowking\n|\n|upkeep\n|\n|t:|1776613696\n|switch|p2a: Garchomp|Garchomp, L50, F|100/100\n|switch|p1b: Hydreigon|Hydreigon, L50, M, shiny|100/100\n|turn|3\n|\n|t:|1776613713\n|move|p1a: Slowking|Ice Beam|p2a: Garchomp\n|-supereffective|p2a: Garchomp|2\n|-damage|p2a: Garchomp|0 fnt\n|faint|p2a: Garchomp\n|move|p1b: Hydreigon|Earth Power|p2b: Sneasler\n|-supereffective|p2b: Sneasler|1\n|-damage|p2b: Sneasler|0 fnt\n|faint|p2b: Sneasler\n|\n|upkeep\n|\n|t:|1776613720\n|switch|p2b: Floette|Floette-Eternal, L50, F|100/100\n|turn|4\n|inactive|Markiito18 has 30 seconds left.\n|\n|t:|1776613746\n|detailschange|p2b: Floette|Floette-Mega, L50, F\n|-mega|p2b: Floette|Floette|Floettite\n|-ability|p2b: Floette|Fairy Aura\n|move|p2b: Floette|Protect|p2b: Floette\n|-singleturn|p2b: Floette|Protect\n|move|p1a: Slowking|Sludge Bomb|p2b: Floette\n|-activate|p2b: Floette|move: Protect\n|move|p1b: Hydreigon|Dark Pulse|p2b: Floette\n|-activate|p2b: Floette|move: Protect\n|\n|upkeep\n|turn|5\n|\n|t:|1776613755\n|move|p1a: Slowking|Sludge Bomb|p2b: Floette\n|-supereffective|p2b: Floette|1\n|-damage|p2b: Floette|51/100\n|move|p1b: Hydreigon|Dark Pulse|p2b: Floette\n|-resisted|p2b: Floette|1\n|-damage|p2b: Floette|33/100\n|move|p2b: Floette|Calm Mind|p2b: Floette\n|-boost|p2b: Floette|spa|1\n|-boost|p2b: Floette|spd|1\n|\n|upkeep\n|turn|6\n|\n|t:|1776613768\n|move|p2b: Floette|Protect|p2b: Floette\n|-singleturn|p2b: Floette|Protect\n|move|p1a: Slowking|Sludge Bomb|p2b: Floette\n|-activate|p2b: Floette|move: Protect\n|move|p1b: Hydreigon|Dark Pulse|p2b: Floette\n|-activate|p2b: Floette|move: Protect\n|\n|-fieldend|move: Trick Room\n|upkeep\n|turn|7\n|\n|t:|1776613774\n|move|p1b: Hydreigon|Protect|p1b: Hydreigon\n|-singleturn|p1b: Hydreigon|Protect\n|move|p2b: Floette|Dazzling Gleam|p1b: Hydreigon|[spread] p1a\n|-activate|p1b: Hydreigon|move: Protect\n|-resisted|p1a: Slowking|1\n|-damage|p1a: Slowking|82/100\n|move|p1a: Slowking|Trick Room|p1a: Slowking\n|-fieldstart|move: Trick Room|[of] p1a: Slowking\n|\n|upkeep\n|turn|8\n|-message|Poke_Marcos_23 forfeited.\n|\n|win|Markiito18\n|raw|Markiito18's rating: 1322 &rarr; <strong>1343</strong><br />(+21 for winning)\n|raw|Poke_Marcos_23's rating: 1340 &rarr; <strong>1319</strong><br />(-21 for losing)\n|l|\u2606Poke_Marcos_23\n|player|p2|\n",
  "uploadtime": 1776613782,
  "views": 10,
  "formatid": "gen9championsvgc2026regma",
  "rating": 1319,
  "private": 0,
  "password": null
}