{
  "id": "gen9championsvgc2026regma-2589405743",
  "format": "[Gen 9 Champions] VGC 2026 Reg M-A",
  "players": [
    "crizzy69",
    "My name is c00lkid"
  ],
  "log": "|j|\u2606crizzy69\n|j|\u2606My name is c00lkid\n|t:|1776720302\n|gametype|doubles\n|player|p1|crizzy69|veteran|1084\n|player|p2|My name is c00lkid|iris-gen5bw2|1023\n|gen|9\n|tier|[Gen 9 Champions] VGC 2026 Reg M-A\n|rated|\n|rule|Species Clause: Limit one of each Pok\u00e9mon\n|rule|Item Clause: Limit 1 of each item\n|clearpoke\n|poke|p1|Araquanid, L50, F|\n|poke|p1|Heracross, L50, F|\n|poke|p1|Beedrill, L50, F|\n|poke|p1|Volcarona, L50, F|\n|poke|p1|Scizor, L50, M|\n|poke|p1|Vivillon, L50, F|\n|poke|p2|Sneasler, L50, F, shiny|\n|poke|p2|Feraligatr, L50, F|\n|poke|p2|Talonflame, L50, M, shiny|\n|poke|p2|Sinistcha-Masterpiece, L50|\n|poke|p2|Kingambit, L50, M, shiny|\n|poke|p2|Gardevoir, L50, M|\n|teampreview|4\n|inactive|Battle timer is ON: inactive players will automatically lose when time's up. (requested by My name is c00lkid)\n|\n|t:|1776720329\n|teamsize|p1|4\n|teamsize|p2|4\n|start\n|switch|p1a: Volcarona|Volcarona, L50, F|100/100\n|switch|p1b: Vivillon|Vivillon, L50, F|100/100\n|switch|p2a: Feraligatr|Feraligatr, L50, F|100/100\n|switch|p2b: Talonflame|Talonflame, L50, M, shiny|100/100\n|turn|1\n|\n|t:|1776720345\n|move|p2a: Feraligatr|Protect|p2a: Feraligatr\n|-singleturn|p2a: Feraligatr|Protect\n|move|p2b: Talonflame|Brave Bird|p1b: Vivillon\n|-supereffective|p1b: Vivillon|1\n|-enditem|p1b: Vivillon|Focus Sash\n|-damage|p1b: Vivillon|1/100\n|-damage|p2b: Talonflame|68/100|[from] Recoil\n|move|p1b: Vivillon|Sleep Powder|p2a: Feraligatr\n|-activate|p2a: Feraligatr|move: Protect\n|move|p1a: Volcarona|Quiver Dance|p1a: Volcarona\n|-boost|p1a: Volcarona|spa|1\n|-boost|p1a: Volcarona|spd|1\n|-boost|p1a: Volcarona|spe|1\n|\n|upkeep\n|turn|2\n|inactive|My name is c00lkid has 30 seconds left.\n|\n|t:|1776720373\n|detailschange|p2a: Feraligatr|Feraligatr-Mega, L50, F\n|-mega|p2a: Feraligatr|Feraligatr|Feraligite\n|move|p1b: Vivillon|Protect|p1b: Vivillon\n|-singleturn|p1b: Vivillon|Protect\n|move|p1a: Volcarona|Quiver Dance|p1a: Volcarona\n|-boost|p1a: Volcarona|spa|1\n|-boost|p1a: Volcarona|spd|1\n|-boost|p1a: Volcarona|spe|1\n|move|p2b: Talonflame|Brave Bird|p1b: Vivillon\n|-activate|p1b: Vivillon|move: Protect\n|move|p2a: Feraligatr|Liquidation|p1a: Volcarona\n|-supereffective|p1a: Volcarona|1\n|-damage|p1a: Volcarona|0 fnt\n|faint|p1a: Volcarona\n|\n|upkeep\n|\n|t:|1776720379\n|switch|p1a: Beedrill|Beedrill, L50, F|100/100\n|turn|3\n|\n|t:|1776720402\n|detailschange|p1a: Beedrill|Beedrill-Mega, L50, F\n|-mega|p1a: Beedrill|Beedrill|Beedrillite\n|move|p1a: Beedrill|Poison Jab|p2a: Feraligatr\n|-damage|p2a: Feraligatr|53/100\n|move|p2b: Talonflame|Tailwind|p2b: Talonflame\n|-sidestart|p2: My name is c00lkid|move: Tailwind\n|move|p2a: Feraligatr|Double-Edge|p1a: Beedrill\n|-damage|p1a: Beedrill|0 fnt\n|faint|p1a: Beedrill\n|-damage|p2a: Feraligatr|29/100|[from] Recoil\n|move|p1b: Vivillon|Sleep Powder|p2b: Talonflame\n|-status|p2b: Talonflame|slp|[from] move: Sleep Powder\n|\n|upkeep\n|\n|t:|1776720410\n|switch|p1a: Araquanid|Araquanid, L50, F|100/100\n|turn|4\n|\n|t:|1776720421\n|switch|p2b: Sinistcha|Sinistcha-Masterpiece, L50|100/100\n|-heal|p2a: Feraligatr|54/100|[from] ability: Hospitality|[of] p2b: Sinistcha\n|move|p2a: Feraligatr|Protect|p2a: Feraligatr\n|-singleturn|p2a: Feraligatr|Protect\n|move|p1b: Vivillon|Sleep Powder|p2a: Feraligatr\n|-activate|p2a: Feraligatr|move: Protect\n|move|p1a: Araquanid|Sticky Web|p2a: Feraligatr\n|-sidestart|p2: My name is c00lkid|move: Sticky Web\n|\n|upkeep\n|turn|5\n|\n|t:|1776720439\n|move|p1a: Araquanid|Wide Guard|p1a: Araquanid\n|-singleturn|p1a: Araquanid|Wide Guard\n|move|p2a: Feraligatr|Double-Edge|p1a: Araquanid\n|-damage|p1a: Araquanid|24/100\n|-damage|p2a: Feraligatr|31/100|[from] Recoil\n|move|p2b: Sinistcha|Matcha Gotcha|p1a: Araquanid|[spread] \n|-activate|p1a: Araquanid|move: Wide Guard\n|-activate|p1b: Vivillon|move: Wide Guard\n|move|p1b: Vivillon|Sleep Powder|p2a: Feraligatr\n|-status|p2a: Feraligatr|slp|[from] move: Sleep Powder\n|\n|upkeep\n|turn|6\n|\n|t:|1776720458\n|switch|p2a: Sneasler|Sneasler, L50, F, shiny|100/100\n|-activate|p2a: Sneasler|move: Sticky Web\n|-unboost|p2a: Sneasler|spe|1\n|move|p1a: Araquanid|Wide Guard|p1a: Araquanid\n|-singleturn|p1a: Araquanid|Wide Guard\n|move|p2b: Sinistcha|Rage Powder|p2b: Sinistcha\n|-singleturn|p2b: Sinistcha|move: Rage Powder\n|move|p1b: Vivillon|Pollen Puff|p2b: Sinistcha\n|-damage|p2b: Sinistcha|49/100\n|-enditem|p2b: Sinistcha|Sitrus Berry|[eat]\n|-heal|p2b: Sinistcha|74/100|[from] item: Sitrus Berry\n|\n|-sideend|p2: My name is c00lkid|move: Tailwind\n|upkeep\n|turn|7\n|\n|t:|1776720479\n|move|p2a: Sneasler|Fake Out|p1a: Araquanid\n|-damage|p1a: Araquanid|12/100\n|cant|p1a: Araquanid|flinch\n|move|p1b: Vivillon|Pollen Puff|p1a: Araquanid\n|-heal|p1a: Araquanid|62/100\n|move|p2b: Sinistcha|Matcha Gotcha|p1b: Vivillon|[spread] p1b\n|-miss|p2b: Sinistcha|p1a: Araquanid\n|-resisted|p1b: Vivillon|2\n|-damage|p1b: Vivillon|0 fnt\n|-heal|p2b: Sinistcha|75/100|[from] drain|[of] p1b: Vivillon\n|faint|p1b: Vivillon\n|\n|upkeep\n|turn|8\n|\n|t:|1776720500\n|move|p2b: Sinistcha|Rage Powder|p2b: Sinistcha\n|-singleturn|p2b: Sinistcha|move: Rage Powder\n|move|p2a: Sneasler|Dire Claw|p1a: Araquanid\n|-damage|p1a: Araquanid|11/100\n|-status|p1a: Araquanid|slp\n|cant|p1a: Araquanid|slp\n|\n|upkeep\n|turn|9\n|\n|t:|1776720520\n|move|p2a: Sneasler|Dire Claw|p1a: Araquanid\n|-damage|p1a: Araquanid|0 fnt\n|faint|p1a: Araquanid\n|\n|win|My name is c00lkid\n|raw|crizzy69's rating: 1084 &rarr; <strong>1057</strong><br />(-27 for losing)\n|raw|My name is c00lkid's rating: 1023 &rarr; <strong>1066</strong><br />(+43 for winning)\n|l|\u2606crizzy69\n|player|p1|\n",
  "uploadtime": 1776720530,
  "views": 20,
  "formatid": "gen9championsvgc2026regma",
  "rating": 1057,
  "private": 0,
  "password": null
}