{
  "id": "gen9championsvgc2026regma-2587418753",
  "format": "[Gen 9 Champions] VGC 2026 Reg M-A",
  "players": [
    "srpelea",
    "imnotsweeping"
  ],
  "log": "|j|\u2606srpelea\n|j|\u2606imnotsweeping\n|t:|1776530186\n|gametype|doubles\n|player|p1|srpelea|n|1206\n|player|p2|imnotsweeping|crasherwake|1200\n|gen|9\n|tier|[Gen 9 Champions] VGC 2026 Reg M-A\n|rated|\n|rule|Species Clause: Limit one of each Pok\u00e9mon\n|rule|Item Clause: Limit 1 of each item\n|clearpoke\n|poke|p1|Tyranitar, L50, F|\n|poke|p1|Excadrill, L50, M|\n|poke|p1|Gallade, L50, M|\n|poke|p1|Kingambit, L50, F|\n|poke|p1|Milotic, L50, M|\n|poke|p1|Incineroar, L50, F|\n|poke|p2|Pelipper, L50, F|\n|poke|p2|Basculegion, L50, M|\n|poke|p2|Aegislash, L50, M|\n|poke|p2|Meganium, L50, M|\n|poke|p2|Archaludon, L50, F|\n|poke|p2|Incineroar, L50, F|\n|teampreview|4\n|inactive|Battle timer is ON: inactive players will automatically lose when time's up. (requested by srpelea)\n|inactive|imnotsweeping has 60 seconds left.\n|\n|t:|1776530245\n|teamsize|p1|4\n|teamsize|p2|4\n|start\n|switch|p1a: Milotic|Milotic, L50, M|100/100\n|switch|p1b: Gallade|Gallade, L50, M|100/100\n|switch|p2a: Pelipper|Pelipper, L50, F|100/100\n|switch|p2b: Incineroar|Incineroar, L50, F|100/100\n|-ability|p2b: Incineroar|Intimidate|boost\n|-unboost|p1a: Milotic|atk|1\n|-ability|p1a: Milotic|Competitive|boost\n|-boost|p1a: Milotic|spa|2\n|-unboost|p1b: Gallade|atk|1\n|-weather|RainDance|[from] ability: Drizzle|[of] p2a: Pelipper\n|turn|1\n|inactive|srpelea has 30 seconds left.\n|inactive|imnotsweeping has 30 seconds left.\n|\n|t:|1776530273\n|move|p1b: Gallade|Protect|p1b: Gallade\n|-singleturn|p1b: Gallade|Protect\n|move|p2b: Incineroar|Fake Out|p1a: Milotic\n|-damage|p1a: Milotic|89/100\n|cant|p1a: Milotic|flinch\n|move|p2a: Pelipper|Tailwind|p2a: Pelipper\n|-sidestart|p2: imnotsweeping|move: Tailwind\n|\n|-weather|RainDance|[upkeep]\n|upkeep\n|turn|2\n|\n|t:|1776530297\n|switch|p2b: Meganium|Meganium, L50, M|100/100\n|switch|p1b: Tyranitar|Tyranitar, L50, F|100/100\n|-weather|Sandstorm|[from] ability: Sand Stream|[of] p1b: Tyranitar\n|move|p2a: Pelipper|Hurricane|p1b: Tyranitar|[miss]\n|-miss|p2a: Pelipper|p1b: Tyranitar\n|move|p1a: Milotic|Ice Beam|p2a: Pelipper\n|-damage|p2a: Pelipper|53/100\n|\n|-weather|Sandstorm|[upkeep]\n|-damage|p2b: Meganium|95/100|[from] Sandstorm\n|-damage|p2a: Pelipper|47/100|[from] Sandstorm\n|-damage|p1a: Milotic|83/100|[from] Sandstorm\n|upkeep\n|turn|3\n|inactive|imnotsweeping has 30 seconds left.\n|inactive|imnotsweeping has 20 seconds left.\n|\n|t:|1776530334\n|switch|p2a: Archaludon|Archaludon, L50, F|100/100\n|detailschange|p2b: Meganium|Meganium-Mega, L50, M\n|-mega|p2b: Meganium|Meganium|Meganiumite\n|move|p1b: Tyranitar|Protect|p1b: Tyranitar\n|-singleturn|p1b: Tyranitar|Protect\n|move|p2b: Meganium|Solar Beam||[still]\n|-prepare|p2b: Meganium|Solar Beam\n|-activate|p2b: Meganium|ability: Mega Sol\n|-anim|p2b: Meganium|Solar Beam|p1a: Milotic\n|-supereffective|p1a: Milotic|1\n|-enditem|p1a: Milotic|Rindo Berry|[eat]\n|-enditem|p1a: Milotic|Rindo Berry|[weaken]\n|-damage|p1a: Milotic|46/100\n|move|p1a: Milotic|Ice Beam|p2b: Meganium\n|-supereffective|p2b: Meganium|1\n|-damage|p2b: Meganium|2/100\n|\n|-weather|Sandstorm|[upkeep]\n|-damage|p2b: Meganium|0 fnt|[from] Sandstorm\n|-damage|p1a: Milotic|40/100|[from] Sandstorm\n|faint|p2b: Meganium\n|upkeep\n|\n|t:|1776530352\n|switch|p2b: Pelipper|Pelipper, L50, F|47/100\n|-weather|RainDance|[from] ability: Drizzle|[of] p2b: Pelipper\n|turn|4\n|inactive|imnotsweeping has 30 seconds left.\n|\n|t:|1776530380\n|switch|p1a: Excadrill|Excadrill, L50, M|100/100\n|switch|p1b: Gallade|Gallade, L50, M|100/100\n|move|p2a: Archaludon|Electro Shot||[still]\n|-prepare|p2a: Archaludon|Electro Shot\n|-boost|p2a: Archaludon|spa|1\n|-anim|p2a: Archaludon|Electro Shot|p1a: Excadrill\n|-immune|p1a: Excadrill\n|move|p2b: Pelipper|Weather Ball|p1b: Gallade\n|-damage|p1b: Gallade|47/100\n|\n|-weather|RainDance|[upkeep]\n|-sideend|p2: imnotsweeping|move: Tailwind\n|upkeep\n|turn|5\n|inactive|srpelea has 30 seconds left.\n|inactive|imnotsweeping has 30 seconds left.\n|\n|t:|1776530412\n|switch|p2b: Incineroar|Incineroar, L50, F|100/100\n|-ability|p2b: Incineroar|Intimidate|boost\n|-unboost|p1a: Excadrill|atk|1\n|-unboost|p1b: Gallade|atk|1\n|detailschange|p1b: Gallade|Gallade-Mega, L50, M\n|-mega|p1b: Gallade|Gallade|Galladite\n|move|p2a: Archaludon|Protect|p2a: Archaludon\n|-singleturn|p2a: Archaludon|Protect\n|move|p1b: Gallade|Sacred Sword|p2a: Archaludon\n|-activate|p2a: Archaludon|move: Protect\n|move|p1a: Excadrill|Rock Slide|p2a: Archaludon|[spread] p2b\n|-activate|p2a: Archaludon|move: Protect\n|-supereffective|p2b: Incineroar|1\n|-damage|p2b: Incineroar|71/100\n|\n|-weather|RainDance|[upkeep]\n|upkeep\n|turn|6\n|inactive|imnotsweeping has 30 seconds left.\n|inactive|imnotsweeping has 20 seconds left.\n|inactive|imnotsweeping has 15 seconds left.\n|inactive|imnotsweeping has 10 seconds left.\n|inactive|imnotsweeping has 5 seconds left.\n|\n|t:|1776530463\n|switch|p1b: Milotic|Milotic, L50, M|40/100\n|switch|p1a: Tyranitar|Tyranitar, L50, F|100/100\n|-weather|Sandstorm|[from] ability: Sand Stream|[of] p1a: Tyranitar\n|move|p2b: Incineroar|Fake Out|p1a: Tyranitar\n|-resisted|p1a: Tyranitar|1\n|-damage|p1a: Tyranitar|97/100\n|move|p2a: Archaludon|Flash Cannon|p1a: Tyranitar\n|-supereffective|p1a: Tyranitar|1\n|-damage|p1a: Tyranitar|44/100\n|\n|-weather|Sandstorm|[upkeep]\n|-damage|p1b: Milotic|34/100|[from] Sandstorm\n|-damage|p2b: Incineroar|65/100|[from] Sandstorm\n|-heal|p1a: Tyranitar|50/100|[from] item: Leftovers\n|upkeep\n|turn|7\n|inactive|imnotsweeping has 30 seconds left.\n|inactive|imnotsweeping has 20 seconds left.\n|\n|t:|1776530500\n|switch|p2b: Pelipper|Pelipper, L50, F|47/100\n|-weather|RainDance|[from] ability: Drizzle|[of] p2b: Pelipper\n|move|p1a: Tyranitar|Protect|p1a: Tyranitar\n|-singleturn|p1a: Tyranitar|Protect\n|move|p2a: Archaludon|Flash Cannon|p1a: Tyranitar\n|-activate|p1a: Tyranitar|move: Protect\n|move|p1b: Milotic|Recover|p1b: Milotic\n|-heal|p1b: Milotic|84/100\n|\n|-weather|RainDance|[upkeep]\n|-heal|p1a: Tyranitar|56/100|[from] item: Leftovers\n|upkeep\n|turn|8\n|\n|t:|1776530523\n|switch|p1a: Excadrill|Excadrill, L50, M|100/100\n|move|p2b: Pelipper|Wide Guard|p2b: Pelipper\n|-singleturn|p2b: Pelipper|Wide Guard\n|move|p2a: Archaludon|Electro Shot||[still]\n|-prepare|p2a: Archaludon|Electro Shot\n|-boost|p2a: Archaludon|spa|1\n|-anim|p2a: Archaludon|Electro Shot|p1b: Milotic\n|-supereffective|p1b: Milotic|1\n|-damage|p1b: Milotic|0 fnt\n|faint|p1b: Milotic\n|\n|-weather|RainDance|[upkeep]\n|upkeep\n|\n|t:|1776530538\n|switch|p1b: Tyranitar|Tyranitar, L50, F|56/100\n|-weather|Sandstorm|[from] ability: Sand Stream|[of] p1b: Tyranitar\n|turn|9\n|\n|t:|1776530551\n|switch|p2b: Incineroar|Incineroar, L50, F|65/100\n|-ability|p2b: Incineroar|Intimidate|boost\n|-unboost|p1a: Excadrill|atk|1\n|-unboost|p1b: Tyranitar|atk|1\n|move|p1a: Excadrill|Stomping Tantrum|p2b: Incineroar\n|-supereffective|p2b: Incineroar|1\n|-damage|p2b: Incineroar|5/100\n|move|p2a: Archaludon|Flash Cannon|p1b: Tyranitar\n|-supereffective|p1b: Tyranitar|1\n|-damage|p1b: Tyranitar|0 fnt\n|faint|p1b: Tyranitar\n|\n|-weather|Sandstorm|[upkeep]\n|-damage|p2b: Incineroar|0 fnt|[from] Sandstorm\n|faint|p2b: Incineroar\n|upkeep\n|\n|t:|1776530567\n|switch|p1b: Gallade|Gallade-Mega, L50, M|47/100\n|switch|p2b: Pelipper|Pelipper, L50, F|47/100\n|-weather|RainDance|[from] ability: Drizzle|[of] p2b: Pelipper\n|turn|10\n|\n|t:|1776530584\n|move|p2a: Archaludon|Protect|p2a: Archaludon\n|-singleturn|p2a: Archaludon|Protect\n|move|p1b: Gallade|Sacred Sword|p2a: Archaludon\n|-activate|p2a: Archaludon|move: Protect\n|move|p1a: Excadrill|Rock Slide|p2a: Archaludon|[spread] p2b\n|-activate|p2a: Archaludon|move: Protect\n|-supereffective|p2b: Pelipper|1\n|-damage|p2b: Pelipper|16/100\n|move|p2b: Pelipper|Tailwind|p2b: Pelipper\n|-sidestart|p2: imnotsweeping|move: Tailwind\n|\n|-weather|RainDance|[upkeep]\n|upkeep\n|turn|11\n|\n|t:|1776530601\n|move|p1b: Gallade|Protect|p1b: Gallade\n|-singleturn|p1b: Gallade|Protect\n|move|p2a: Archaludon|Electro Shot||[still]\n|-prepare|p2a: Archaludon|Electro Shot\n|-boost|p2a: Archaludon|spa|1\n|-anim|p2a: Archaludon|Electro Shot|p1b: Gallade\n|-activate|p1b: Gallade|move: Protect\n|move|p2b: Pelipper|Weather Ball|p1a: Excadrill\n|-supereffective|p1a: Excadrill|1\n|-enditem|p1a: Excadrill|Focus Sash\n|-damage|p1a: Excadrill|1/100\n|move|p1a: Excadrill|Rock Slide|p2b: Pelipper|[spread] p2a,p2b\n|-resisted|p2a: Archaludon|1\n|-supereffective|p2b: Pelipper|1\n|-damage|p2a: Archaludon|95/100\n|-damage|p2b: Pelipper|0 fnt\n|-ability|p2a: Archaludon|Stamina|boost\n|-boost|p2a: Archaludon|def|1\n|faint|p2b: Pelipper\n|\n|-weather|RainDance|[upkeep]\n|-heal|p2a: Archaludon|100/100|[from] item: Leftovers\n|upkeep\n|turn|12\n|inactive|srpelea has 30 seconds left.\n|inactive|imnotsweeping has 30 seconds left.\n|inactive|imnotsweeping has 20 seconds left.\n|inactive|imnotsweeping has 15 seconds left.\n|inactive|srpelea has 20 seconds left.\n|\n|t:|1776530647\n|move|p2a: Archaludon|Flash Cannon|p1b: Gallade\n|-damage|p1b: Gallade|0 fnt\n|faint|p1b: Gallade\n|move|p1a: Excadrill|Stomping Tantrum|p2a: Archaludon\n|-supereffective|p2a: Archaludon|1\n|-damage|p2a: Archaludon|72/100\n|-ability|p2a: Archaludon|Stamina|boost\n|-boost|p2a: Archaludon|def|1\n|\n|-weather|RainDance|[upkeep]\n|-heal|p2a: Archaludon|78/100|[from] item: Leftovers\n|upkeep\n|turn|13\n|\n|t:|1776530659\n|move|p1a: Excadrill|Protect|p1a: Excadrill\n|-singleturn|p1a: Excadrill|Protect\n|move|p2a: Archaludon|Flash Cannon|p1a: Excadrill\n|-activate|p1a: Excadrill|move: Protect\n|\n|-weather|RainDance|[upkeep]\n|-heal|p2a: Archaludon|84/100|[from] item: Leftovers\n|-sideend|p2: imnotsweeping|move: Tailwind\n|upkeep\n|turn|14\n|\n|t:|1776530670\n|move|p1a: Excadrill|Stomping Tantrum|p2a: Archaludon\n|-supereffective|p2a: Archaludon|1\n|-crit|p2a: Archaludon\n|-damage|p2a: Archaludon|0 fnt\n|faint|p2a: Archaludon\n|\n|win|srpelea\n|raw|srpelea's rating: 1206 &rarr; <strong>1231</strong><br />(+25 for winning)\n|raw|imnotsweeping's rating: 1200 &rarr; <strong>1175</strong><br />(-25 for losing)\n|c|\u2606imnotsweeping|man\n|c|\u2606srpelea|Man\n|c|\u2606imnotsweeping|gg\n|c|\u2606srpelea|I AM a lucky man\n|c|\u2606srpelea|Gg\n",
  "uploadtime": 1776530705,
  "views": 24,
  "formatid": "gen9championsvgc2026regma",
  "rating": 1175,
  "private": 0,
  "password": null
}