{
  "id": "gen9championsvgc2026regma-2582144641",
  "format": "[Gen 9 Champions] VGC 2026 Reg M-A",
  "players": [
    "Wooper2988",
    "oddest-odd"
  ],
  "log": "|j|\u2606Wooper2988\n|j|\u2606oddest-odd\n|t:|1776063742\n|gametype|doubles\n|player|p1|Wooper2988|sage|1044\n|player|p2|oddest-odd|101|1000\n|gen|9\n|tier|[Gen 9 Champions] VGC 2026 Reg M-A\n|rated|\n|rule|Species Clause: Limit one of each Pok\u00e9mon\n|rule|Item Clause: Limit 1 of each item\n|clearpoke\n|poke|p1|Incineroar, L50, M|\n|poke|p1|Pelipper, L50, F|\n|poke|p1|Meganium, L50, M|\n|poke|p1|Kleavor, L50, M|\n|poke|p1|Archaludon, L50, M|\n|poke|p1|Basculegion, L50, M|\n|poke|p2|Alakazam, L50, M|\n|poke|p2|Scizor, L50, M|\n|poke|p2|Manectric, L50, M|\n|poke|p2|Lucario, L50, M|\n|poke|p2|Meowstic, L50, M|\n|poke|p2|Palafin, L50, M|\n|teampreview|4\n|\n|t:|1776063794\n|teamsize|p1|4\n|teamsize|p2|4\n|start\n|switch|p1a: Basculegion|Basculegion, L50, M|100/100\n|switch|p1b: Pelipper|Pelipper, L50, F|100/100\n|switch|p2a: Manectric|Manectric, L50, M, shiny|100/100\n|switch|p2b: Meowstic|Meowstic, L50, M|100/100\n|-weather|RainDance|[from] ability: Drizzle|[of] p1b: Pelipper\n|turn|1\n|\n|t:|1776063808\n|detailschange|p2a: Manectric|Manectric-Mega, L50, M, shiny\n|-mega|p2a: Manectric|Manectric|Manectite\n|-ability|p2a: Manectric|Intimidate|boost\n|-unboost|p1a: Basculegion|atk|1\n|-unboost|p1b: Pelipper|atk|1\n|move|p2b: Meowstic|Sunny Day|p2b: Meowstic\n|-weather|SunnyDay\n|move|p2a: Manectric|Thunderbolt|p1a: Basculegion\n|-supereffective|p1a: Basculegion|1\n|-damage|p1a: Basculegion|0 fnt\n|faint|p1a: Basculegion\n|move|p1b: Pelipper|Tailwind|p1b: Pelipper\n|-sidestart|p1: Wooper2988|move: Tailwind\n|\n|-weather|SunnyDay|[upkeep]\n|upkeep\n|\n|t:|1776063817\n|switch|p1a: Incineroar|Incineroar, L50, M|100/100\n|-ability|p1a: Incineroar|Intimidate|boost\n|-unboost|p2a: Manectric|atk|1\n|-unboost|p2b: Meowstic|atk|1\n|turn|2\n|\n|t:|1776063827\n|move|p2b: Meowstic|Quick Guard|p2b: Meowstic\n|-singleturn|p2b: Meowstic|Quick Guard\n|move|p1a: Incineroar|Fake Out|p2b: Meowstic\n|-activate|p2b: Meowstic|move: Quick Guard\n|move|p2a: Manectric|Thunderbolt|p1b: Pelipper\n|-supereffective|p1b: Pelipper|2\n|-damage|p1b: Pelipper|0 fnt\n|faint|p1b: Pelipper\n|\n|-weather|SunnyDay|[upkeep]\n|upkeep\n|\n|t:|1776063835\n|switch|p1b: Meganium|Meganium, L50, M|100/100\n|turn|3\n|\n|t:|1776063850\n|switch|p2b: Palafin|Palafin, L50, M, shiny|100/100\n|detailschange|p1b: Meganium|Meganium-Mega, L50, M\n|-mega|p1b: Meganium|Meganium|Meganiumite\n|move|p1b: Meganium|Solar Beam||[still]\n|-prepare|p1b: Meganium|Solar Beam\n|-anim|p1b: Meganium|Solar Beam|p2a: Manectric\n|-damage|p2a: Manectric|3/100\n|move|p2a: Manectric|Flamethrower|p1b: Meganium\n|-supereffective|p1b: Meganium|1\n|-damage|p1b: Meganium|1/100\n|move|p1a: Incineroar|Parting Shot|p2a: Manectric\n|-unboost|p2a: Manectric|atk|1\n|-unboost|p2a: Manectric|spa|1\n|\n|-weather|SunnyDay|[upkeep]\n|upkeep\n|turn|4\n|\n|t:|1776063876\n|detailschange|p2b: Palafin|Palafin-Hero, L50, M, shiny\n|switch|p2b: Meowstic|Meowstic, L50, M|100/100\n|move|p1b: Meganium|Solar Beam||[still]\n|-prepare|p1b: Meganium|Solar Beam\n|-anim|p1b: Meganium|Solar Beam|p2b: Meowstic\n|-crit|p2b: Meowstic\n|-enditem|p2b: Meowstic|Focus Sash\n|-damage|p2b: Meowstic|1/100\n|move|p2a: Manectric|Hyper Voice|p1a: Incineroar|[spread] p1b\n|-miss|p2a: Manectric|p1a: Incineroar\n|-crit|p1b: Meganium\n|-damage|p1b: Meganium|0 fnt\n|faint|p1b: Meganium\n|move|p1a: Incineroar|Darkest Lariat|p2a: Manectric\n|-damage|p2a: Manectric|0 fnt\n|faint|p2a: Manectric\n|\n|-weather|SunnyDay|[upkeep]\n|-sideend|p1: Wooper2988|move: Tailwind\n|upkeep\n|\n|t:|1776063887\n|switch|p2a: Palafin|Palafin-Hero, L50, M, shiny|100/100\n|-activate|p2a: Palafin|ability: Zero to Hero\n|turn|5\n|\n|t:|1776063901\n|move|p2b: Meowstic|Rain Dance|p2b: Meowstic\n|-weather|RainDance\n|move|p2a: Palafin|Jet Punch|p1a: Incineroar\n|-supereffective|p1a: Incineroar|1\n|-damage|p1a: Incineroar|7/100\n|move|p1a: Incineroar|Will-O-Wisp|p2a: Palafin\n|-status|p2a: Palafin|brn\n|\n|-weather|RainDance|[upkeep]\n|-damage|p2a: Palafin|95/100 brn|[from] brn\n|upkeep\n|turn|6\n|-message|Wooper2988 forfeited.\n|\n|win|oddest-odd\n|raw|Wooper2988's rating: 1044 &rarr; <strong>1025</strong><br />(-19 for losing)\n|raw|oddest-odd's rating: 1000 &rarr; <strong>1045</strong><br />(+45 for winning)\n|l|\u2606Wooper2988\n|player|p1|\n",
  "uploadtime": 1776063914,
  "views": 8,
  "formatid": "gen9championsvgc2026regma",
  "rating": 1025,
  "private": 0,
  "password": null
}