{
  "id": "gen9championsvgc2026regma-2586704771",
  "format": "[Gen 9 Champions] VGC 2026 Reg M-A",
  "players": [
    "Dra. Healer",
    "Tuuuuuuf"
  ],
  "log": "|j|\u2606Dra. Healer\n|j|\u2606Tuuuuuuf\n|t:|1776453533\n|gametype|doubles\n|player|p1|Dra. Healer|brycen|1088\n|player|p2|Tuuuuuuf|169|1000\n|gen|9\n|tier|[Gen 9 Champions] VGC 2026 Reg M-A\n|rated|\n|rule|Species Clause: Limit one of each Pok\u00e9mon\n|rule|Item Clause: Limit 1 of each item\n|clearpoke\n|poke|p1|Gallade, L50, M|\n|poke|p1|Banette, L50, F|\n|poke|p1|Alcremie, L50, F|\n|poke|p1|Maushold, L50|\n|poke|p1|Sableye, L50, M|\n|poke|p1|Hatterene, L50, F|\n|poke|p2|Meganium, L50, M|\n|poke|p2|Aerodactyl, L50, M|\n|poke|p2|Tauros-Paldea-Aqua, L50, M|\n|poke|p2|Typhlosion-Hisui, L50, F|\n|poke|p2|Kangaskhan, L50, F|\n|poke|p2|Archaludon, L50, F|\n|teampreview|4\n|\n|t:|1776453598\n|teamsize|p1|4\n|teamsize|p2|4\n|start\n|switch|p1a: Banette|Banette, L50, F|100/100\n|switch|p1b: Maushold|Maushold, L50|100/100\n|switch|p2a: Typhlosion|Typhlosion-Hisui, L50, F|100/100\n|switch|p2b: Archaludon|Archaludon, L50, F|100/100\n|-item|p1a: Banette|Banettite|[from] ability: Frisk|[of] p2a: Typhlosion\n|-item|p1b: Maushold|Sitrus Berry|[from] ability: Frisk|[of] p2a: Typhlosion\n|turn|1\n|\n|t:|1776453647\n|detailschange|p1a: Banette|Banette-Mega, L50, F\n|-mega|p1a: Banette|Banette|Banettite\n|move|p2a: Typhlosion|Eruption|p1a: Banette|[spread] p1a,p1b\n|-crit|p1b: Maushold\n|-damage|p1a: Banette|39/100\n|-damage|p1b: Maushold|0 fnt\n|faint|p1b: Maushold\n|move|p2b: Archaludon|Steel Beam|p1a: Banette|[miss]\n|-miss|p2b: Archaludon|p1a: Banette\n|-damage|p2b: Archaludon|50/100|[from] steelbeam\n|move|p1a: Banette|Trick Room|p1a: Banette\n|-fieldstart|move: Trick Room|[of] p1a: Banette\n|\n|-heal|p2b: Archaludon|56/100|[from] item: Leftovers\n|upkeep\n|\n|t:|1776453675\n|switch|p1b: Hatterene|Hatterene, L50, F|100/100\n|-ability|p1b: Hatterene|Anticipation\n|turn|2\n|\n|t:|1776453692\n|switch|p2a: Tauros|Tauros-Paldea-Aqua, L50, M|100/100\n|-ability|p2a: Tauros|Intimidate|boost\n|-unboost|p1a: Banette|atk|1\n|-unboost|p1b: Hatterene|atk|1\n|move|p2b: Archaludon|Protect|p2b: Archaludon\n|-singleturn|p2b: Archaludon|Protect\n|move|p1b: Hatterene|Misty Terrain|p1b: Hatterene\n|-fieldstart|move: Misty Terrain\n|move|p1a: Banette|Poltergeist|p2a: Tauros\n|-activate|p2a: Tauros|move: Poltergeist|White Herb\n|-damage|p2a: Tauros|45/100\n|\n|-heal|p2b: Archaludon|63/100|[from] item: Leftovers\n|upkeep\n|turn|3\n|\n|t:|1776453713\n|switch|p2b: Meganium|Meganium, L50, M|100/100\n|move|p2a: Tauros|Aqua Jet|p1a: Banette\n|-damage|p1a: Banette|6/100\n|move|p1b: Hatterene|Dazzling Gleam|p2a: Tauros|[spread] p2a,p2b\n|-supereffective|p2a: Tauros|1\n|-damage|p2a: Tauros|0 fnt\n|-damage|p2b: Meganium|56/100\n|faint|p2a: Tauros\n|move|p1a: Banette|Dazzling Gleam|p2b: Meganium\n|-damage|p2b: Meganium|32/100\n|\n|upkeep\n|\n|t:|1776453730\n|switch|p2a: Archaludon|Archaludon, L50, F|63/100\n|turn|4\n|\n|t:|1776453769\n|detailschange|p2b: Meganium|Meganium-Mega, L50, M\n|-mega|p2b: Meganium|Meganium|Meganiumite\n|move|p2b: Meganium|Protect|p2b: Meganium\n|-singleturn|p2b: Meganium|Protect\n|move|p2a: Archaludon|Protect|p2a: Archaludon\n|-singleturn|p2a: Archaludon|Protect\n|move|p1b: Hatterene|Dazzling Gleam|p2a: Archaludon|[spread] \n|-activate|p2a: Archaludon|move: Protect\n|-activate|p2b: Meganium|move: Protect\n|move|p1a: Banette|Dazzling Gleam|p2b: Meganium|[spread] \n|-activate|p2a: Archaludon|move: Protect\n|-activate|p2b: Meganium|move: Protect\n|\n|-heal|p2a: Archaludon|69/100|[from] item: Leftovers\n|upkeep\n|turn|5\n|\n|t:|1776453804\n|move|p1b: Hatterene|Dazzling Gleam|p2b: Meganium|[spread] p2a,p2b\n|-damage|p2a: Archaludon|15/100\n|-damage|p2b: Meganium|0 fnt\n|faint|p2b: Meganium\n|move|p1a: Banette|Dazzling Gleam|p2a: Archaludon\n|-damage|p2a: Archaludon|0 fnt\n|faint|p2a: Archaludon\n|\n|-fieldend|move: Trick Room\n|upkeep\n|\n|t:|1776453816\n|switch|p2b: Typhlosion|Typhlosion-Hisui, L50, F|100/100\n|-item|p1a: Banette|Banettite|[from] ability: Frisk|[of] p2b: Typhlosion\n|-item|p1b: Hatterene|Fairy Feather|[from] ability: Frisk|[of] p2b: Typhlosion\n|turn|6\n|\n|t:|1776453829\n|move|p2b: Typhlosion|Eruption|p1a: Banette|[spread] p1a,p1b\n|-damage|p1a: Banette|0 fnt\n|-damage|p1b: Hatterene|36/100\n|faint|p1a: Banette\n|move|p1b: Hatterene|Trick Room|p1b: Hatterene\n|-fieldstart|move: Trick Room|[of] p1b: Hatterene\n|\n|-fieldend|Misty Terrain\n|upkeep\n|\n|t:|1776453837\n|switch|p1a: Alcremie|Alcremie, L50, F|100/100\n|turn|7\n|inactive|Battle timer is ON: inactive players will automatically lose when time's up. (requested by Tuuuuuuf)\n|\n|t:|1776453849\n|move|p1b: Hatterene|Dark Pulse|p2b: Typhlosion\n|-supereffective|p2b: Typhlosion|1\n|-damage|p2b: Typhlosion|10/100\n|move|p1a: Alcremie|Mystical Fire|p2b: Typhlosion\n|-resisted|p2b: Typhlosion|1\n|-damage|p2b: Typhlosion|0 fnt\n|faint|p2b: Typhlosion\n|\n|win|Dra. Healer\n|raw|Dra. Healer's rating: 1088 &rarr; <strong>1108</strong><br />(+20 for winning)\n|raw|Tuuuuuuf's rating: 1000 &rarr; <strong>1000</strong><br />(+0 for losing)\n|l|\u2606Tuuuuuuf\n|player|p2|\n",
  "uploadtime": 1776453866,
  "views": 36,
  "formatid": "gen9championsvgc2026regma",
  "rating": 1000,
  "private": 0,
  "password": null
}