{
  "id": "gen9championsvgc2026regma-2583224641",
  "format": "[Gen 9 Champions] VGC 2026 Reg M-A",
  "players": [
    "Gelatina78",
    "zannara"
  ],
  "log": "|j|\u2606Gelatina78\n|j|\u2606zannara\n|t:|1776156691\n|gametype|doubles\n|player|p1|Gelatina78|artist-gen4|\n|player|p2|zannara|cheren-gen5bw2|\n|gen|9\n|tier|[Gen 9 Champions] VGC 2026 Reg M-A\n|rated|Tournament battle\n|rule|Species Clause: Limit one of each Pok\u00e9mon\n|rule|Item Clause: Limit 1 of each item\n|raw|<div class=\"infobox\"><details class=\"readmore\" open><summary><strong>1 custom rule:</strong></summary> Force Open Team Sheets</details></div>\n|clearpoke\n|poke|p1|Meganium, L50, F|\n|poke|p1|Pelipper, L50, M|\n|poke|p1|Basculegion, L50, M|\n|poke|p1|Archaludon, L50, M|\n|poke|p1|Incineroar, L50, M|\n|poke|p1|Sneasler, L50, F|\n|poke|p2|Floette-Eternal, L50, F|\n|poke|p2|Aerodactyl, L50, F|\n|poke|p2|Sneasler, L50, M|\n|poke|p2|Rotom-Wash, L50|\n|poke|p2|Garchomp, L50, F|\n|poke|p2|Incineroar, L50, M|\n|teampreview|4\n|showteam|p1|Meganium||Meganiumite|LeafGuard|SolarBeam,WeatherBall,DazzlingGleam,Protect|||F|||50|]Pelipper||FocusSash|Drizzle|Hurricane,Tailwind,Protect,WeatherBall|||M|||50|]Basculegion||ChoiceScarf|Adaptability|WaveCrash,LastRespects,FlipTurn,AquaJet|||M|||50|]Archaludon||Leftovers|Stamina|ElectroShot,DragonPulse,FlashCannon,Protect|||M|||50|]Incineroar||SitrusBerry|Intimidate|FakeOut,FlareBlitz,ThroatChop,PartingShot|||M|||50|]Sneasler||WhiteHerb|Unburden|FakeOut,DireClaw,CloseCombat,Protect|||F|||50|\n|showteam|p2|Floette-Eternal||Floettite|FlowerVeil|Moonblast,DazzlingGleam,CalmMind,Protect|||F|||50|]Aerodactyl||FocusSash|Unnerve|DualWingbeat,RockSlide,Tailwind,Protect|||F|||50|]Sneasler||WhiteHerb|Unburden|CloseCombat,DireClaw,RockTomb,FakeOut|||M|||50|]Rotom-Wash||ChoiceScarf|Levitate|Thunderbolt,HydroPump,VoltSwitch,Electroweb||||||50|]Garchomp||HabanBerry|RoughSkin|DragonClaw,StompingTantrum,RockSlide,Earthquake|||F|||50|]Incineroar||SitrusBerry|Intimidate|FlareBlitz,ThroatChop,FakeOut,PartingShot|||M|||50|\n|inactive|Battle timer is ON: inactive players will automatically lose when time's up. (requested by Gelatina78)\n|inactive|zannara also wants the timer to be on.\n|j| qizon\n|j| pepo893\n|c|\u2606zannara|gl\n|c|\u2606Gelatina78|glhf\n|inactive|Gelatina78 has 60 seconds left.\n|\n|t:|1776156749\n|teamsize|p1|4\n|teamsize|p2|4\n|start\n|switch|p1a: Pelipper|Pelipper, L50, M|100/100\n|switch|p1b: Incineroar|Incineroar, L50, M|100/100\n|switch|p2a: Rotom|Rotom-Wash, L50|100/100\n|switch|p2b: Garchomp|Garchomp, L50, F|100/100\n|-weather|RainDance|[from] ability: Drizzle|[of] p1a: Pelipper\n|-ability|p1b: Incineroar|Intimidate|boost\n|-unboost|p2a: Rotom|atk|1\n|-unboost|p2b: Garchomp|atk|1\n|turn|1\n|inactive|zannara has 30 seconds left.\n|\n|t:|1776156777\n|move|p1b: Incineroar|Fake Out|p2a: Rotom\n|-damage|p2a: Rotom|87/100\n|cant|p2a: Rotom|flinch\n|move|p2b: Garchomp|Rock Slide|p1b: Incineroar|[spread] p1a,p1b\n|-supereffective|p1a: Pelipper|1\n|-supereffective|p1b: Incineroar|1\n|-damage|p1a: Pelipper|67/100\n|-damage|p1b: Incineroar|74/100\n|move|p1a: Pelipper|Tailwind|p1a: Pelipper\n|-sidestart|p1: Gelatina78|move: Tailwind\n|\n|-weather|RainDance|[upkeep]\n|upkeep\n|turn|2\n|j| GoonTheGamer\n|inactive|Gelatina78 has 30 seconds left.\n|\n|t:|1776156803\n|move|p1a: Pelipper|Protect|p1a: Pelipper\n|-singleturn|p1a: Pelipper|Protect\n|move|p2a: Rotom|Electroweb|p1a: Pelipper|[spread] p1b\n|-activate|p1a: Pelipper|move: Protect\n|-damage|p1b: Incineroar|58/100\n|-unboost|p1b: Incineroar|spe|1\n|move|p2b: Garchomp|Earthquake|p1b: Incineroar|[spread] p1b\n|-activate|p1a: Pelipper|move: Protect\n|-immune|p2a: Rotom|[from] ability: Levitate\n|-supereffective|p1b: Incineroar|1\n|-damage|p1b: Incineroar|7/100\n|-enditem|p1b: Incineroar|Sitrus Berry|[eat]\n|-heal|p1b: Incineroar|32/100|[from] item: Sitrus Berry\n|move|p1b: Incineroar|Parting Shot|p2b: Garchomp\n|-unboost|p2b: Garchomp|atk|1\n|-unboost|p2b: Garchomp|spa|1\n|\n|t:|1776156817\n|switch|p1b: Meganium|Meganium, L50, F|100/100|[from] Parting Shot\n|\n|-weather|RainDance|[upkeep]\n|upkeep\n|turn|3\n|l| GoonTheGamer\n|j| gymbattle4\n|j| GoonTheGamer\n|\n|t:|1776156836\n|switch|p2b: Aerodactyl|Aerodactyl, L50, F|100/100\n|-ability|p2b: Aerodactyl|Unnerve\n|detailschange|p1b: Meganium|Meganium-Mega, L50, F\n|-mega|p1b: Meganium|Meganium|Meganiumite\n|move|p1a: Pelipper|Weather Ball|p2b: Aerodactyl\n|-supereffective|p2b: Aerodactyl|1\n|-enditem|p2b: Aerodactyl|Focus Sash\n|-damage|p2b: Aerodactyl|1/100\n|move|p2a: Rotom|Electroweb|p1b: Meganium|[spread] p1a,p1b\n|-supereffective|p1a: Pelipper|2\n|-resisted|p1b: Meganium|1\n|-crit|p1b: Meganium\n|-damage|p1a: Pelipper|0 fnt\n|-damage|p1b: Meganium|89/100\n|-unboost|p1b: Meganium|spe|1\n|faint|p1a: Pelipper\n|move|p1b: Meganium|Solar Beam||[still]\n|-prepare|p1b: Meganium|Solar Beam\n|-activate|p1b: Meganium|ability: Mega Sol\n|-anim|p1b: Meganium|Solar Beam|p2a: Rotom\n|-supereffective|p2a: Rotom|1\n|-damage|p2a: Rotom|0 fnt\n|faint|p2a: Rotom\n|\n|-weather|RainDance|[upkeep]\n|upkeep\n|inactive|zannara has 30 seconds left.\n|\n|t:|1776156862\n|switch|p2a: Floette|Floette-Eternal, L50, F|100/100\n|switch|p1a: Basculegion|Basculegion, L50, M|100/100\n|turn|4\n|l| GoonTheGamer\n|j| GoonTheGamer\n|inactive|Gelatina78 has 30 seconds left.\n|\n|t:|1776156893\n|detailschange|p2a: Floette|Floette-Mega, L50, F\n|-mega|p2a: Floette|Floette|Floettite\n|-ability|p2a: Floette|Fairy Aura\n|move|p1a: Basculegion|Aqua Jet|p2a: Floette\n|-damage|p2a: Floette|44/100\n|move|p2b: Aerodactyl|Tailwind|p2b: Aerodactyl\n|-sidestart|p2: zannara|move: Tailwind\n|move|p2a: Floette|Moonblast|p1a: Basculegion\n|-damage|p1a: Basculegion|22/100\n|move|p1b: Meganium|Dazzling Gleam|p2b: Aerodactyl|[spread] p2a,p2b\n|-damage|p2a: Floette|3/100\n|-damage|p2b: Aerodactyl|0 fnt\n|faint|p2b: Aerodactyl\n|\n|-weather|RainDance|[upkeep]\n|-sideend|p1: Gelatina78|move: Tailwind\n|upkeep\n|j| OnToTheOther\n|j| AceeeVGC\n|\n|t:|1776156907\n|switch|p2b: Garchomp|Garchomp, L50, F|100/100\n|turn|5\n|\n|t:|1776156916\n|move|p2a: Floette|Protect|p2a: Floette\n|-singleturn|p2a: Floette|Protect\n|move|p1a: Basculegion|Aqua Jet|p2b: Garchomp\n|-damage|p2b: Garchomp|58/100\n|-damage|p1a: Basculegion|10/100|[from] ability: Rough Skin|[of] p2b: Garchomp\n|move|p2b: Garchomp|Stomping Tantrum|p1a: Basculegion\n|-damage|p1a: Basculegion|0 fnt\n|faint|p1a: Basculegion\n|move|p1b: Meganium|Dazzling Gleam|p2b: Garchomp|[spread] p2b\n|-activate|p2a: Floette|move: Protect\n|-supereffective|p2b: Garchomp|1\n|-damage|p2b: Garchomp|0 fnt\n|faint|p2b: Garchomp\n|\n|-weather|none\n|upkeep\n|\n|t:|1776156924\n|switch|p1a: Incineroar|Incineroar, L50, M|32/100\n|-ability|p1a: Incineroar|Intimidate|boost\n|-unboost|p2a: Floette|atk|1\n|turn|6\n|\n|t:|1776156927\n|move|p1a: Incineroar|Fake Out|p2a: Floette\n|-damage|p2a: Floette|0 fnt\n|faint|p2a: Floette\n|\n|win|Gelatina78\n|n|\u2606Gelatina78|gelatina78\n|n|\u2606zannara|zannara\n|n| qizon|qizon\n|n| pepo893|pepo893\n|n| gymbattle4|gymbattle4\n|n| GoonTheGamer|goonthegamer\n|n| OnToTheOther|ontotheother\n|n| AceeeVGC|aceeevgc\n",
  "uploadtime": 1776156927,
  "views": 19,
  "formatid": "gen9championsvgc2026regma",
  "rating": null,
  "private": 0,
  "password": null
}