{
  "id": "gen9championsvgc2026regma-2582463436",
  "format": "[Gen 9 Champions] VGC 2026 Reg M-A",
  "players": [
    "HL SIGNAL",
    "colfox"
  ],
  "log": "|j|\u2606HL SIGNAL\n|j|\u2606colfox\n|t:|1776093334\n|gametype|doubles\n|player|p1|HL SIGNAL|drayden|1246\n|player|p2|colfox|265|1211\n|gen|9\n|tier|[Gen 9 Champions] VGC 2026 Reg M-A\n|rated|\n|rule|Species Clause: Limit one of each Pok\u00e9mon\n|rule|Item Clause: Limit 1 of each item\n|clearpoke\n|poke|p1|Tyranitar, L50, F|\n|poke|p1|Whimsicott, L50, M|\n|poke|p1|Aegislash, L50, M|\n|poke|p1|Garchomp, L50, F|\n|poke|p1|Rotom-Wash, L50|\n|poke|p1|Incineroar, L50, F|\n|poke|p2|Ninetales, L50, F|\n|poke|p2|Dragonite, L50, M|\n|poke|p2|Sylveon, L50, M|\n|poke|p2|Milotic, L50, F|\n|poke|p2|Delphox, L50, F|\n|poke|p2|Garchomp, L50, M|\n|teampreview|4\n|\n|t:|1776093381\n|teamsize|p1|4\n|teamsize|p2|4\n|start\n|switch|p1a: Whimsicott|Whimsicott, L50, M|100/100\n|switch|p1b: Rotom|Rotom-Wash, L50|100/100\n|switch|p2a: Milotic|Milotic, L50, F|100/100\n|switch|p2b: Delphox|Delphox, L50, F|100/100\n|turn|1\n|l|\u2606HL SIGNAL\n|player|p1|\n|j|\u2606HL SIGNAL\n|player|p1|HL SIGNAL|drayden|\n|\n|t:|1776093417\n|detailschange|p2b: Delphox|Delphox-Mega, L50, F\n|-mega|p2b: Delphox|Delphox|Delphoxite\n|move|p2b: Delphox|Protect|p2b: Delphox\n|-singleturn|p2b: Delphox|Protect\n|move|p1a: Whimsicott|Tailwind|p1a: Whimsicott\n|-sidestart|p1: HL SIGNAL|move: Tailwind\n|move|p1b: Rotom|Thunderbolt|p2a: Milotic\n|-supereffective|p2a: Milotic|1\n|-damage|p2a: Milotic|43/100\n|-status|p2a: Milotic|par\n|move|p2a: Milotic|Icy Wind|p1a: Whimsicott|[spread] p1a,p1b\n|-supereffective|p1a: Whimsicott|1\n|-resisted|p1b: Rotom|1\n|-damage|p1a: Whimsicott|57/100\n|-damage|p1b: Rotom|94/100\n|-unboost|p1a: Whimsicott|spe|1\n|-unboost|p1b: Rotom|spe|1\n|\n|-heal|p1b: Rotom|99/100|[from] item: Leftovers\n|-heal|p2a: Milotic|49/100 par|[from] item: Leftovers\n|upkeep\n|turn|2\n|\n|t:|1776093463\n|switch|p2a: Dragonite|Dragonite, L50, M|100/100\n|move|p1a: Whimsicott|Encore|p2b: Delphox\n|-start|p2b: Delphox|Encore\n|move|p2b: Delphox|Protect||[still]\n|-fail|p2b: Delphox\n|move|p1b: Rotom|Thunderbolt|p2a: Dragonite\n|-damage|p2a: Dragonite|59/100\n|\n|-heal|p1b: Rotom|100/100|[from] item: Leftovers\n|upkeep\n|turn|3\n|\n|t:|1776093488\n|switch|p2b: Garchomp|Garchomp, L50, M|100/100\n|move|p2a: Dragonite|Protect|p2a: Dragonite\n|-singleturn|p2a: Dragonite|Protect\n|move|p1a: Whimsicott|Moonblast|p2a: Dragonite\n|-activate|p2a: Dragonite|move: Protect\n|move|p1b: Rotom|Thunderbolt|p2a: Dragonite\n|-activate|p2a: Dragonite|move: Protect\n|\n|upkeep\n|turn|4\n|\n|t:|1776093515\n|switch|p2b: Delphox|Delphox-Mega, L50, F|100/100\n|move|p1a: Whimsicott|Moonblast|p2b: Delphox\n|-resisted|p2b: Delphox|1\n|-damage|p2b: Delphox|85/100\n|move|p1b: Rotom|Hydro Pump|p2b: Delphox\n|-supereffective|p2b: Delphox|1\n|-damage|p2b: Delphox|0 fnt\n|faint|p2b: Delphox\n|move|p2a: Dragonite|Dragon Claw|p1b: Rotom\n|-damage|p1b: Rotom|51/100\n|\n|-heal|p1b: Rotom|57/100|[from] item: Leftovers\n|-sideend|p1: HL SIGNAL|move: Tailwind\n|upkeep\n|\n|t:|1776093531\n|switch|p2b: Garchomp|Garchomp, L50, M|100/100\n|turn|5\n|\n|t:|1776093543\n|move|p1a: Whimsicott|Tailwind|p1a: Whimsicott\n|-sidestart|p1: HL SIGNAL|move: Tailwind\n|move|p2b: Garchomp|Rock Slide|p1b: Rotom|[spread] p1a\n|-miss|p2b: Garchomp|p1b: Rotom\n|-damage|p1a: Whimsicott|28/100\n|move|p1b: Rotom|Will-O-Wisp|p2b: Garchomp\n|-status|p2b: Garchomp|brn\n|move|p2a: Dragonite|Tailwind|p2a: Dragonite\n|-sidestart|p2: colfox|move: Tailwind\n|\n|-heal|p1b: Rotom|63/100|[from] item: Leftovers\n|-damage|p2b: Garchomp|95/100 brn|[from] brn\n|upkeep\n|turn|6\n|\n|t:|1776093576\n|move|p2a: Dragonite|Extreme Speed|p1a: Whimsicott\n|-damage|p1a: Whimsicott|0 fnt\n|faint|p1a: Whimsicott\n|move|p2b: Garchomp|Dragon Claw|p1b: Rotom\n|-damage|p1b: Rotom|40/100\n|move|p1b: Rotom|Thunderbolt|p2a: Dragonite\n|-damage|p2a: Dragonite|20/100\n|\n|-heal|p1b: Rotom|46/100|[from] item: Leftovers\n|-damage|p2b: Garchomp|89/100 brn|[from] brn\n|upkeep\n|\n|t:|1776093598\n|switch|p1a: Garchomp|Garchomp, L50, F|100/100\n|turn|7\n|\n|t:|1776093611\n|move|p2b: Garchomp|Dragon Claw|p1a: Garchomp\n|-supereffective|p1a: Garchomp|1\n|-damage|p1a: Garchomp|58/100\n|move|p1a: Garchomp|Dragon Claw|p2b: Garchomp\n|-supereffective|p2b: Garchomp|1\n|-damage|p2b: Garchomp|10/100 brn\n|-damage|p1a: Garchomp|46/100|[from] ability: Rough Skin|[of] p2b: Garchomp\n|move|p2a: Dragonite|Dragon Claw|p1a: Garchomp\n|-supereffective|p1a: Garchomp|1\n|-damage|p1a: Garchomp|0 fnt\n|faint|p1a: Garchomp\n|move|p1b: Rotom|Thunderbolt|p2a: Dragonite\n|-crit|p2a: Dragonite\n|-damage|p2a: Dragonite|0 fnt\n|faint|p2a: Dragonite\n|\n|-heal|p1b: Rotom|52/100|[from] item: Leftovers\n|-damage|p2b: Garchomp|4/100 brn|[from] brn\n|upkeep\n|\n|t:|1776093631\n|switch|p1a: Tyranitar|Tyranitar, L50, F|100/100\n|switch|p2a: Milotic|Milotic, L50, F|49/100 par\n|-weather|Sandstorm|[from] ability: Sand Stream|[of] p1a: Tyranitar\n|turn|8\n|\n|t:|1776093643\n|move|p1a: Tyranitar|Protect|p1a: Tyranitar\n|-singleturn|p1a: Tyranitar|Protect\n|move|p1b: Rotom|Protect|p1b: Rotom\n|-singleturn|p1b: Rotom|Protect\n|move|p2a: Milotic|Protect|p2a: Milotic\n|-singleturn|p2a: Milotic|Protect\n|move|p2b: Garchomp|Dragon Claw|p1b: Rotom\n|-activate|p1b: Rotom|move: Protect\n|\n|-weather|Sandstorm|[upkeep]\n|-damage|p1b: Rotom|46/100|[from] Sandstorm\n|-damage|p2a: Milotic|43/100 par|[from] Sandstorm\n|-heal|p1b: Rotom|52/100|[from] item: Leftovers\n|-heal|p2a: Milotic|49/100 par|[from] item: Leftovers\n|-damage|p2b: Garchomp|0 fnt|[from] brn\n|faint|p2b: Garchomp\n|-sideend|p1: HL SIGNAL|move: Tailwind\n|-sideend|p2: colfox|move: Tailwind\n|upkeep\n|turn|9\n|\n|t:|1776093663\n|detailschange|p1a: Tyranitar|Tyranitar-Mega, L50, F\n|-mega|p1a: Tyranitar|Tyranitar|Tyranitarite\n|move|p1a: Tyranitar|Crunch|p2a: Milotic\n|-damage|p2a: Milotic|0 fnt\n|faint|p2a: Milotic\n|\n|win|HL SIGNAL\n|raw|HL SIGNAL's rating: 1246 &rarr; <strong>1268</strong><br />(+22 for winning)\n|raw|colfox's rating: 1211 &rarr; <strong>1189</strong><br />(-22 for losing)\n",
  "uploadtime": 1776093667,
  "views": 36,
  "formatid": "gen9championsvgc2026regma",
  "rating": 1189,
  "private": 0,
  "password": null
}