{
  "id": "gen9championsvgc2026regma-2586852413",
  "format": "[Gen 9 Champions] VGC 2026 Reg M-A",
  "players": [
    "Yosoynolazco",
    "DavidTIS"
  ],
  "log": "|j|\u2606Yosoynolazco\n|j|\u2606DavidTIS\n|t:|1776465416\n|gametype|doubles\n|player|p1|Yosoynolazco|102|1156\n|player|p2|DavidTIS|170|1165\n|gen|9\n|tier|[Gen 9 Champions] VGC 2026 Reg M-A\n|rated|\n|rule|Species Clause: Limit one of each Pok\u00e9mon\n|rule|Item Clause: Limit 1 of each item\n|clearpoke\n|poke|p1|Gengar, L50, F|\n|poke|p1|Maushold-Four, L50|\n|poke|p1|Decidueye-Hisui, L50, F|\n|poke|p1|Incineroar, L50, M|\n|poke|p1|Primarina, L50, F|\n|poke|p1|Garchomp, L50, F|\n|poke|p2|Starmie, L50|\n|poke|p2|Lucario, L50, F|\n|poke|p2|Lycanroc-Dusk, L50, M|\n|poke|p2|Hydreigon, L50, F|\n|poke|p2|Slowbro-Galar, L50, M|\n|poke|p2|Skarmory, L50, F|\n|teampreview|4\n|\n|t:|1776465468\n|teamsize|p1|4\n|teamsize|p2|4\n|start\n|switch|p1a: Incineroar|Incineroar, L50, M|100/100\n|switch|p1b: Decidueye|Decidueye-Hisui, L50, F, shiny|100/100\n|switch|p2a: Starmie|Starmie, L50|100/100\n|switch|p2b: Lucario|Lucario, L50, F|100/100\n|-ability|p1a: Incineroar|Intimidate|boost\n|-unboost|p2a: Starmie|atk|1\n|-fail|p2b: Lucario|unboost|Attack|[from] ability: Inner Focus|[of] p2b: Lucario\n|turn|1\n|\n|t:|1776465488\n|detailschange|p2a: Starmie|Starmie-Mega, L50\n|-mega|p2a: Starmie|Starmie|Starminite\n|move|p1a: Incineroar|Fake Out|p2a: Starmie\n|-damage|p2a: Starmie|86/100\n|cant|p2a: Starmie|flinch\n|move|p2b: Lucario|Aura Sphere|p1a: Incineroar\n|-supereffective|p1a: Incineroar|1\n|-damage|p1a: Incineroar|13/100\n|-enditem|p1a: Incineroar|Sitrus Berry|[eat]\n|-heal|p1a: Incineroar|38/100|[from] item: Sitrus Berry\n|move|p1b: Decidueye|Tailwind|p1b: Decidueye\n|-sidestart|p1: Yosoynolazco|move: Tailwind\n|\n|upkeep\n|turn|2\n|\n|t:|1776465509\n|move|p2a: Starmie|Protect|p2a: Starmie\n|-singleturn|p2a: Starmie|Protect\n|move|p2b: Lucario|Vacuum Wave|p1a: Incineroar\n|-supereffective|p1a: Incineroar|1\n|-damage|p1a: Incineroar|0 fnt\n|faint|p1a: Incineroar\n|move|p1b: Decidueye|Leaf Blade|p2a: Starmie\n|-activate|p2a: Starmie|move: Protect\n|\n|upkeep\n|\n|t:|1776465516\n|switch|p1a: Maushold|Maushold-Four, L50|100/100\n|turn|3\n|\n|t:|1776465533\n|switch|p1a: Gengar|Gengar, L50, F|100/100\n|move|p2b: Lucario|Vacuum Wave|p1a: Gengar\n|-immune|p1a: Gengar\n|move|p1b: Decidueye|Leaf Blade|p2a: Starmie\n|-supereffective|p2a: Starmie|1\n|-damage|p2a: Starmie|0 fnt\n|faint|p2a: Starmie\n|\n|upkeep\n|\n|t:|1776465545\n|switch|p2a: Slowbro|Slowbro-Galar, L50, M|100/100\n|turn|4\n|\n|t:|1776465562\n|detailschange|p1a: Gengar|Gengar-Mega, L50, F\n|-mega|p1a: Gengar|Gengar|Gengarite\n|move|p2a: Slowbro|Protect|p2a: Slowbro\n|-singleturn|p2a: Slowbro|Protect\n|move|p1a: Gengar|Shadow Ball|p2b: Lucario\n|-damage|p2b: Lucario|24/100\n|move|p1b: Decidueye|Triple Arrows|p2b: Lucario\n|-supereffective|p2b: Lucario|1\n|-damage|p2b: Lucario|0 fnt\n|faint|p2b: Lucario\n|\n|-sideend|p1: Yosoynolazco|move: Tailwind\n|upkeep\n|\n|t:|1776465576\n|switch|p2b: Lycanroc|Lycanroc-Dusk, L50, M|100/100\n|turn|5\n|\n|t:|1776465587\n|move|p1a: Gengar|Shadow Ball|p2a: Slowbro\n|-supereffective|p2a: Slowbro|1\n|-damage|p2a: Slowbro|0 fnt\n|faint|p2a: Slowbro\n|move|p2b: Lycanroc|Rock Slide|p1a: Gengar|[spread] p1a,p1b\n|-crit|p1a: Gengar\n|-resisted|p1b: Decidueye|1\n|-damage|p1a: Gengar|33/100\n|-damage|p1b: Decidueye|82/100\n|move|p1b: Decidueye|Triple Arrows|p2b: Lycanroc\n|-supereffective|p2b: Lycanroc|1\n|-enditem|p2b: Lycanroc|Focus Sash\n|-damage|p2b: Lycanroc|1/100\n|\n|upkeep\n|turn|6\n|\n|t:|1776465600\n|move|p1a: Gengar|Shadow Ball|p2b: Lycanroc\n|-damage|p2b: Lycanroc|0 fnt\n|faint|p2b: Lycanroc\n|\n|win|Yosoynolazco\n|raw|Yosoynolazco's rating: 1156 &rarr; <strong>1182</strong><br />(+26 for winning)\n|raw|DavidTIS's rating: 1165 &rarr; <strong>1139</strong><br />(-26 for losing)\n|l|\u2606Yosoynolazco\n|player|p1|\n",
  "uploadtime": 1776465602,
  "views": 34,
  "formatid": "gen9championsvgc2026regma",
  "rating": 1139,
  "private": 0,
  "password": null
}