{
  "id": "gen9championsvgc2026regma-2587236741",
  "format": "[Gen 9 Champions] VGC 2026 Reg M-A",
  "players": [
    "dune's kitchen",
    "SickShok"
  ],
  "log": "|j|\u2606dune's kitchen\n|j|\u2606SickShok\n|t:|1776512779\n|gametype|doubles\n|player|p1|dune's kitchen|baker|1131\n|player|p2|SickShok|2|1159\n|gen|9\n|tier|[Gen 9 Champions] VGC 2026 Reg M-A\n|rated|\n|rule|Species Clause: Limit one of each Pok\u00e9mon\n|rule|Item Clause: Limit 1 of each item\n|clearpoke\n|poke|p1|Meowstic-F, L50, F|\n|poke|p1|Wyrdeer, L50, F|\n|poke|p1|Sinistcha, L50|\n|poke|p1|Tyranitar, L50, M|\n|poke|p1|Excadrill, L50, M|\n|poke|p1|Kommo-o, L50, F|\n|poke|p2|Venusaur, L50, F|\n|poke|p2|Espathra, L50, F|\n|poke|p2|Dragonite, L50, M|\n|poke|p2|Milotic, L50, M|\n|poke|p2|Sneasler, L50, F|\n|poke|p2|Incineroar, L50, F|\n|teampreview|4\n|\n|t:|1776512808\n|teamsize|p1|4\n|teamsize|p2|4\n|start\n|switch|p1a: Meowstic|Meowstic-F, L50, F|100/100\n|switch|p1b: Wyrdeer|Wyrdeer, L50, F|100/100\n|switch|p2a: Espathra|Espathra, L50, F|100/100\n|switch|p2b: Incineroar|Incineroar, L50, F|100/100\n|-ability|p2b: Incineroar|Intimidate|boost\n|-unboost|p1a: Meowstic|atk|1\n|-ability|p1a: Meowstic|Competitive|boost\n|-boost|p1a: Meowstic|spa|2\n|-unboost|p1b: Wyrdeer|atk|1\n|-ability|p1b: Wyrdeer|Intimidate|boost\n|-unboost|p2a: Espathra|atk|1\n|-unboost|p2b: Incineroar|atk|1\n|turn|1\n|\n|t:|1776512874\n|move|p1a: Meowstic|Fake Out|p2b: Incineroar\n|-damage|p2b: Incineroar|97/100\n|cant|p2b: Incineroar|flinch\n|move|p2a: Espathra|Calm Mind|p2a: Espathra\n|-boost|p2a: Espathra|spa|1\n|-boost|p2a: Espathra|spd|1\n|move|p1b: Wyrdeer|Trick Room|p1b: Wyrdeer\n|-fieldstart|move: Trick Room|[of] p1b: Wyrdeer\n|\n|-ability|p2a: Espathra|Speed Boost|boost\n|-boost|p2a: Espathra|spe|1\n|upkeep\n|turn|2\n|\n|t:|1776512891\n|detailschange|p1a: Meowstic|Meowstic-F-Mega, L50, F\n|-mega|p1a: Meowstic|Meowstic|Meowsticite\n|-ability|p1a: Meowstic|Intimidate|Trace|[from] ability: Trace|[of] p2b: Incineroar\n|-ability|p1a: Meowstic|Intimidate|boost\n|-unboost|p2a: Espathra|atk|1\n|-unboost|p2b: Incineroar|atk|1\n|move|p1b: Wyrdeer|Skill Swap|p2b: Incineroar\n|-activate|p1b: Wyrdeer|Skill Swap|Intimidate|Intimidate|[of] p2b: Incineroar\n|-ability|p2b: Incineroar|Intimidate|boost\n|-unboost|p1a: Meowstic|atk|1\n|-unboost|p1b: Wyrdeer|atk|1\n|-ability|p1b: Wyrdeer|Intimidate|boost\n|-unboost|p2a: Espathra|atk|1\n|-unboost|p2b: Incineroar|atk|1\n|move|p2b: Incineroar|Darkest Lariat|p1a: Meowstic\n|-supereffective|p1a: Meowstic|1\n|-damage|p1a: Meowstic|56/100\n|move|p1a: Meowstic|Thunderbolt|p2a: Espathra\n|-damage|p2a: Espathra|34/100\n|-status|p2a: Espathra|par\n|cant|p2a: Espathra|par\n|\n|-ability|p2a: Espathra|Speed Boost|boost\n|-boost|p2a: Espathra|spe|1\n|upkeep\n|turn|3\n|\n|t:|1776512932\n|switch|p2b: Milotic|Milotic, L50, M|100/100\n|move|p2a: Espathra|Protect|p2a: Espathra\n|-singleturn|p2a: Espathra|Protect\n|move|p1a: Meowstic|Protect|p1a: Meowstic\n|-singleturn|p1a: Meowstic|Protect\n|move|p1b: Wyrdeer|Earth Power|p2b: Milotic\n|-damage|p2b: Milotic|80/100\n|-unboost|p2b: Milotic|spd|1\n|-ability|p2b: Milotic|Competitive|boost\n|-boost|p2b: Milotic|spa|2\n|\n|-heal|p2b: Milotic|86/100|[from] item: Leftovers\n|-ability|p2a: Espathra|Speed Boost|boost\n|-boost|p2a: Espathra|spe|1\n|upkeep\n|turn|4\n|\n|t:|1776512958\n|move|p2a: Espathra|Protect||[still]\n|-fail|p2a: Espathra\n|move|p2b: Milotic|Icy Wind|p1b: Wyrdeer|[spread] p1a,p1b\n|-damage|p1a: Meowstic|24/100\n|-damage|p1b: Wyrdeer|80/100\n|-unboost|p1a: Meowstic|spe|1\n|-unboost|p1b: Wyrdeer|spe|1\n|move|p1a: Meowstic|Psychic Noise|p2a: Espathra\n|-resisted|p2a: Espathra|1\n|-damage|p2a: Espathra|0 fnt\n|faint|p2a: Espathra\n|move|p1b: Wyrdeer|Trick Room|p1b: Wyrdeer\n|-fieldend|move: Trick Room\n|\n|-heal|p2b: Milotic|92/100|[from] item: Leftovers\n|upkeep\n|\n|t:|1776512968\n|switch|p2a: Incineroar|Incineroar, L50, F|97/100\n|-ability|p2a: Incineroar|Intimidate|boost\n|-unboost|p1a: Meowstic|atk|1\n|-unboost|p1b: Wyrdeer|atk|1\n|turn|5\n|\n|t:|1776512981\n|move|p1a: Meowstic|Protect|p1a: Meowstic\n|-singleturn|p1a: Meowstic|Protect\n|move|p2a: Incineroar|Fake Out|p1a: Meowstic\n|-activate|p1a: Meowstic|move: Protect\n|move|p2b: Milotic|Icy Wind|p1b: Wyrdeer|[spread] p1b\n|-activate|p1a: Meowstic|move: Protect\n|-damage|p1b: Wyrdeer|60/100\n|-unboost|p1b: Wyrdeer|spe|1\n|move|p1b: Wyrdeer|Skill Swap|p2b: Milotic\n|-activate|p1b: Wyrdeer|Skill Swap|Competitive|Intimidate|[of] p2b: Milotic\n|-ability|p2b: Milotic|Intimidate|boost\n|-unboost|p1a: Meowstic|atk|1\n|-unboost|p1b: Wyrdeer|atk|1\n|-ability|p1b: Wyrdeer|Competitive|boost\n|-boost|p1b: Wyrdeer|spa|2\n|\n|-heal|p2b: Milotic|98/100|[from] item: Leftovers\n|upkeep\n|turn|6\n|\n|t:|1776513009\n|switch|p1b: Tyranitar|Tyranitar, L50, M|100/100\n|-weather|Sandstorm|[from] ability: Sand Stream|[of] p1b: Tyranitar\n|move|p2b: Milotic|Scald|p1b: Tyranitar\n|-supereffective|p1b: Tyranitar|1\n|-damage|p1b: Tyranitar|14/100\n|-status|p1b: Tyranitar|brn\n|move|p1a: Meowstic|Thunderbolt|p2b: Milotic\n|-supereffective|p2b: Milotic|1\n|-damage|p2b: Milotic|0 fnt\n|faint|p2b: Milotic\n|move|p2a: Incineroar|Darkest Lariat|p1a: Meowstic\n|-supereffective|p1a: Meowstic|1\n|-damage|p1a: Meowstic|0 fnt\n|faint|p1a: Meowstic\n|\n|-weather|Sandstorm|[upkeep]\n|-damage|p2a: Incineroar|92/100|[from] Sandstorm\n|-damage|p1b: Tyranitar|8/100 brn|[from] brn\n|upkeep\n|\n|t:|1776513029\n|switch|p1a: Excadrill|Excadrill, L50, M|100/100\n|switch|p2b: Venusaur|Venusaur, L50, F|100/100\n|turn|7\n|\n|t:|1776513051\n|detailschange|p2b: Venusaur|Venusaur-Mega, L50, F\n|-mega|p2b: Venusaur|Venusaur|Venusaurite\n|move|p2b: Venusaur|Protect|p2b: Venusaur\n|-singleturn|p2b: Venusaur|Protect\n|move|p1a: Excadrill|High Horsepower|p2a: Incineroar\n|-supereffective|p2a: Incineroar|1\n|-damage|p2a: Incineroar|0 fnt\n|faint|p2a: Incineroar\n|move|p1b: Tyranitar|Rock Slide|p2b: Venusaur\n|-activate|p2b: Venusaur|move: Protect\n|\n|-weather|Sandstorm|[upkeep]\n|-damage|p2b: Venusaur|95/100|[from] Sandstorm\n|-damage|p1b: Tyranitar|2/100 brn|[from] brn\n|upkeep\n|turn|8\n|\n|t:|1776513068\n|move|p1a: Excadrill|Iron Head|p2b: Venusaur\n|-damage|p2b: Venusaur|55/100\n|cant|p2b: Venusaur|flinch\n|move|p1b: Tyranitar|Rock Slide|p2b: Venusaur\n|-damage|p2b: Venusaur|37/100\n|\n|-weather|Sandstorm|[upkeep]\n|-damage|p2b: Venusaur|32/100|[from] Sandstorm\n|-damage|p1b: Tyranitar|0 fnt|[from] brn\n|faint|p1b: Tyranitar\n|upkeep\n|\n|t:|1776513071\n|switch|p1b: Wyrdeer|Wyrdeer, L50, F|60/100\n|-ability|p1b: Wyrdeer|Intimidate|boost\n|-unboost|p2b: Venusaur|atk|1\n|turn|9\n|\n|t:|1776513077\n|move|p1a: Excadrill|Iron Head|p2b: Venusaur\n|-damage|p2b: Venusaur|0 fnt\n|faint|p2b: Venusaur\n|\n|win|dune's kitchen\n|raw|dune&apos;s kitchen's rating: 1131 &rarr; <strong>1158</strong><br />(+27 for winning)\n|raw|SickShok's rating: 1159 &rarr; <strong>1132</strong><br />(-27 for losing)\n",
  "uploadtime": 1776513080,
  "views": 17,
  "formatid": "gen9championsvgc2026regma",
  "rating": 1132,
  "private": 0,
  "password": null
}