{
  "id": "gen9championsvgc2026regma-2588575802",
  "format": "[Gen 9 Champions] VGC 2026 Reg M-A",
  "players": [
    "blue schucle",
    "wyjd09"
  ],
  "log": "|j|\u2606blue schucle\n|j|\u2606wyjd09\n|t:|1776646542\n|gametype|doubles\n|player|p1|blue schucle|lance|1157\n|player|p2|wyjd09|102|1150\n|gen|9\n|tier|[Gen 9 Champions] VGC 2026 Reg M-A\n|rated|\n|rule|Species Clause: Limit one of each Pok\u00e9mon\n|rule|Item Clause: Limit 1 of each item\n|clearpoke\n|poke|p1|Tauros-Paldea-Aqua, L50, M, shiny|\n|poke|p1|Incineroar, L50, M|\n|poke|p1|Snorlax, L50, M, shiny|\n|poke|p1|Scovillain, L50, F|\n|poke|p1|Sneasler, L50, F|\n|poke|p1|Garchomp, L50, M|\n|poke|p2|Espathra, L50, F|\n|poke|p2|Dragonite, L50, F|\n|poke|p2|Venusaur, L50, F|\n|poke|p2|Incineroar, L50, F|\n|poke|p2|Milotic, L50, F|\n|poke|p2|Sneasler, L50, M|\n|teampreview|4\n|inactive|Battle timer is ON: inactive players will automatically lose when time's up. (requested by blue schucle)\n|\n|t:|1776646581\n|teamsize|p1|4\n|teamsize|p2|4\n|start\n|switch|p1a: Montezuma|Snorlax, L50, M, shiny|100/100\n|switch|p1b: John incine|Incineroar, L50, M|100/100\n|switch|p2a: Espathra|Espathra, L50, F|100/100\n|switch|p2b: Sneasler|Sneasler, L50, M|100/100\n|-ability|p1b: John incine|Intimidate|boost\n|-unboost|p2a: Espathra|atk|1\n|-unboost|p2b: Sneasler|atk|1\n|-enditem|p2b: Sneasler|White Herb\n|-clearnegativeboost|p2b: Sneasler|[silent]\n|turn|1\n|\n|t:|1776646600\n|move|p2b: Sneasler|Fake Out|p1b: John incine\n|-damage|p1b: John incine|91/100\n|cant|p1b: John incine|flinch\n|move|p2a: Espathra|Calm Mind|p2a: Espathra\n|-boost|p2a: Espathra|spa|1\n|-boost|p2a: Espathra|spd|1\n|move|p1a: Montezuma|Stockpile|p1a: Montezuma\n|-start|p1a: Montezuma|stockpile1\n|-boost|p1a: Montezuma|def|1\n|-boost|p1a: Montezuma|spd|1\n|\n|-ability|p2a: Espathra|Speed Boost|boost\n|-boost|p2a: Espathra|spe|1\n|upkeep\n|turn|2\n|inactive|blue schucle has 30 seconds left.\n|\n|t:|1776646625\n|move|p2a: Espathra|Protect|p2a: Espathra\n|-singleturn|p2a: Espathra|Protect\n|move|p2b: Sneasler|Close Combat|p1a: Montezuma\n|-supereffective|p1a: Montezuma|1\n|-damage|p1a: Montezuma|44/100\n|-unboost|p2b: Sneasler|def|1\n|-unboost|p2b: Sneasler|spd|1\n|move|p1b: John incine|Will-O-Wisp|p2b: Sneasler\n|-status|p2b: Sneasler|brn\n|move|p1a: Montezuma|Yawn|p2a: Espathra\n|-activate|p2a: Espathra|move: Protect\n|\n|-heal|p1a: Montezuma|50/100|[from] item: Leftovers\n|-damage|p2b: Sneasler|95/100 brn|[from] brn\n|-ability|p2a: Espathra|Speed Boost|boost\n|-boost|p2a: Espathra|spe|1\n|upkeep\n|turn|3\n|inactive|blue schucle has 30 seconds left.\n|inactive|wyjd09 has 30 seconds left.\n|\n|t:|1776646653\n|move|p2b: Sneasler|Close Combat|p1b: John incine\n|-supereffective|p1b: John incine|1\n|-damage|p1b: John incine|49/100\n|-unboost|p2b: Sneasler|def|1\n|-unboost|p2b: Sneasler|spd|1\n|-enditem|p1b: John incine|Sitrus Berry|[eat]\n|-heal|p1b: John incine|74/100|[from] item: Sitrus Berry\n|move|p2a: Espathra|Baton Pass|p2a: Espathra\n|\n|t:|1776646662\n|switch|p2a: Dragonite|Dragonite, L50, F|100/100|[from] Baton Pass\n|move|p1b: John incine|Parting Shot|p2a: Dragonite\n|-unboost|p2a: Dragonite|atk|1\n|-unboost|p2a: Dragonite|spa|1\n|\n|t:|1776646672\n|switch|p1b: Spicy girls|Scovillain, L50, F|100/100|[from] Parting Shot\n|move|p1a: Montezuma|Yawn|p2a: Dragonite\n|-start|p2a: Dragonite|move: Yawn|[of] p1a: Montezuma\n|\n|-heal|p1a: Montezuma|56/100|[from] item: Leftovers\n|-damage|p2b: Sneasler|89/100 brn|[from] brn\n|-ability|p1b: Spicy girls|Moody|boost\n|-boost|p1b: Spicy girls|spd|2\n|-unboost|p1b: Spicy girls|spa|1\n|upkeep\n|turn|4\n|\n|t:|1776646690\n|switch|p2a: Milotic|Milotic, L50, F|100/100\n|move|p1b: Spicy girls|Protect|p1b: Spicy girls\n|-singleturn|p1b: Spicy girls|Protect\n|move|p1a: Montezuma|Protect|p1a: Montezuma\n|-singleturn|p1a: Montezuma|Protect\n|move|p2b: Sneasler|Gunk Shot|p1b: Spicy girls\n|-activate|p1b: Spicy girls|move: Protect\n|\n|-heal|p1a: Montezuma|62/100|[from] item: Leftovers\n|-damage|p2b: Sneasler|83/100 brn|[from] brn\n|-ability|p1b: Spicy girls|Moody|boost\n|-boost|p1b: Spicy girls|atk|2\n|-unboost|p1b: Spicy girls|spd|1\n|upkeep\n|turn|5\n|inactive|blue schucle has 30 seconds left.\n|\n|t:|1776646723\n|detailschange|p1b: Spicy girls|Scovillain-Mega, L50, F\n|-mega|p1b: Spicy girls|Scovillain|Scovillainite\n|move|p2b: Sneasler|Close Combat|p1a: Montezuma\n|-supereffective|p1a: Montezuma|1\n|-damage|p1a: Montezuma|35/100\n|-unboost|p2b: Sneasler|def|1\n|-unboost|p2b: Sneasler|spd|1\n|move|p2a: Milotic|Scald|p1a: Montezuma\n|-damage|p1a: Montezuma|22/100\n|move|p1b: Spicy girls|Giga Drain|p2a: Milotic\n|-supereffective|p2a: Milotic|1\n|-damage|p2a: Milotic|64/100\n|move|p1a: Montezuma|Stockpile|p1a: Montezuma\n|-start|p1a: Montezuma|stockpile2\n|-boost|p1a: Montezuma|def|1\n|-boost|p1a: Montezuma|spd|1\n|\n|-heal|p2a: Milotic|70/100|[from] item: Leftovers\n|-heal|p1a: Montezuma|28/100|[from] item: Leftovers\n|-damage|p2b: Sneasler|77/100 brn|[from] brn\n|upkeep\n|turn|6\n|inactive|blue schucle has 30 seconds left.\n|inactive|wyjd09 has 30 seconds left.\n|inactive|wyjd09 has 20 seconds left.\n|inactive|wyjd09 has 15 seconds left.\n|\n|t:|1776646763\n|move|p2a: Milotic|Protect|p2a: Milotic\n|-singleturn|p2a: Milotic|Protect\n|move|p2b: Sneasler|Gunk Shot|p1b: Spicy girls\n|-supereffective|p1b: Spicy girls|1\n|-damage|p1b: Spicy girls|44/100\n|-status|p1b: Spicy girls|psn\n|move|p1b: Spicy girls|Leech Seed|p2a: Milotic\n|-activate|p2a: Milotic|move: Protect\n|move|p1a: Montezuma|Body Press|p2b: Sneasler\n|-resisted|p2b: Sneasler|1\n|-damage|p2b: Sneasler|0 fnt\n|faint|p2b: Sneasler\n|\n|-heal|p2a: Milotic|75/100|[from] item: Leftovers\n|-heal|p1a: Montezuma|34/100|[from] item: Leftovers\n|-damage|p1b: Spicy girls|32/100 psn|[from] psn\n|upkeep\n|\n|t:|1776646781\n|switch|p2b: Espathra|Espathra, L50, F|100/100\n|turn|7\n|\n|t:|1776646792\n|move|p2b: Espathra|Protect|p2b: Espathra\n|-singleturn|p2b: Espathra|Protect\n|move|p2a: Milotic|Icy Wind|p1a: Montezuma|[spread] p1a,p1b\n|-damage|p1a: Montezuma|30/100\n|-damage|p1b: Spicy girls|23/100 psn\n|-unboost|p1a: Montezuma|spe|1\n|-unboost|p1b: Spicy girls|spe|1\n|-status|p2a: Milotic|brn|[from] ability: Spicy Spray|[of] p1b: Spicy girls\n|move|p1b: Spicy girls|Giga Drain|p2a: Milotic\n|-supereffective|p2a: Milotic|1\n|-damage|p2a: Milotic|39/100 brn\n|-heal|p1b: Spicy girls|46/100 psn|[from] drain|[of] p2a: Milotic\n|move|p1a: Montezuma|Yawn|p2b: Espathra\n|-activate|p2b: Espathra|move: Protect\n|\n|-heal|p2a: Milotic|45/100 brn|[from] item: Leftovers\n|-heal|p1a: Montezuma|36/100|[from] item: Leftovers\n|-damage|p1b: Spicy girls|34/100 psn|[from] psn\n|-damage|p2a: Milotic|39/100 brn|[from] brn\n|-ability|p2b: Espathra|Speed Boost|boost\n|-boost|p2b: Espathra|spe|1\n|upkeep\n|turn|8\n|inactive|blue schucle has 30 seconds left.\n|inactive|wyjd09 has 30 seconds left.\n|\n|t:|1776646818\n|move|p2b: Espathra|Lumina Crash|p1a: Montezuma\n|-damage|p1a: Montezuma|26/100\n|-unboost|p1a: Montezuma|spd|2\n|move|p2a: Milotic|Scald|p1a: Montezuma\n|-damage|p1a: Montezuma|7/100\n|move|p1b: Spicy girls|Giga Drain|p2a: Milotic\n|-supereffective|p2a: Milotic|1\n|-damage|p2a: Milotic|3/100 brn\n|-heal|p1b: Spicy girls|56/100 psn|[from] drain|[of] p2a: Milotic\n|move|p1a: Montezuma|Yawn|p2b: Espathra\n|-start|p2b: Espathra|move: Yawn|[of] p1a: Montezuma\n|\n|-heal|p2a: Milotic|9/100 brn|[from] item: Leftovers\n|-heal|p1a: Montezuma|13/100|[from] item: Leftovers\n|-damage|p1b: Spicy girls|44/100 psn|[from] psn\n|-damage|p2a: Milotic|3/100 brn|[from] brn\n|-ability|p2b: Espathra|Speed Boost|boost\n|-boost|p2b: Espathra|spe|1\n|upkeep\n|turn|9\n|inactive|wyjd09 has 30 seconds left.\n|\n|t:|1776646844\n|move|p1a: Montezuma|Protect|p1a: Montezuma\n|-singleturn|p1a: Montezuma|Protect\n|move|p2b: Espathra|Baton Pass|p2b: Espathra\n|\n|t:|1776646848\n|switch|p2b: Dragonite|Dragonite, L50, F|100/100|[from] Baton Pass\n|move|p2a: Milotic|Scald|p1a: Montezuma\n|-activate|p1a: Montezuma|move: Protect\n|move|p1b: Spicy girls|Giga Drain|p2a: Milotic\n|-supereffective|p2a: Milotic|1\n|-damage|p2a: Milotic|0 fnt\n|-heal|p1b: Spicy girls|45/100 psn|[from] drain|[of] p2a: Milotic\n|faint|p2a: Milotic\n|\n|-heal|p1a: Montezuma|19/100|[from] item: Leftovers\n|-damage|p1b: Spicy girls|33/100 psn|[from] psn\n|upkeep\n|\n|t:|1776646864\n|switch|p2a: Espathra|Espathra, L50, F|100/100\n|turn|10\n|\n|t:|1776646875\n|detailschange|p2b: Dragonite|Dragonite-Mega, L50, F\n|-mega|p2b: Dragonite|Dragonite|Dragoninite\n|move|p2b: Dragonite|Heat Wave|p1b: Spicy girls|[spread] p1a,p1b\n|-damage|p1a: Montezuma|1/100\n|-damage|p1b: Spicy girls|11/100 psn\n|-status|p1a: Montezuma|brn\n|-status|p2b: Dragonite|brn|[from] ability: Spicy Spray|[of] p1b: Spicy girls\n|move|p2a: Espathra|Calm Mind|p2a: Espathra\n|-boost|p2a: Espathra|spa|1\n|-boost|p2a: Espathra|spd|1\n|move|p1b: Spicy girls|Leech Seed|p2b: Dragonite\n|-start|p2b: Dragonite|move: Leech Seed\n|move|p1a: Montezuma|Yawn||[still]\n|-fail|p1a: Montezuma\n|\n|-heal|p1a: Montezuma|7/100 brn|[from] item: Leftovers\n|-damage|p2b: Dragonite|88/100 brn|[from] Leech Seed|[of] p1b: Spicy girls\n|-heal|p1b: Spicy girls|25/100 psn|[silent]\n|-damage|p1b: Spicy girls|13/100 psn|[from] psn\n|-damage|p2b: Dragonite|82/100 brn|[from] brn\n|-damage|p1a: Montezuma|1/100 brn|[from] brn\n|-ability|p2a: Espathra|Speed Boost|boost\n|-boost|p2a: Espathra|spe|1\n|upkeep\n|turn|11\n|inactive|blue schucle has 30 seconds left.\n|inactive|wyjd09 has 30 seconds left.\n|\n|t:|1776646904\n|move|p2a: Espathra|Protect|p2a: Espathra\n|-singleturn|p2a: Espathra|Protect\n|move|p1b: Spicy girls|Protect|p1b: Spicy girls\n|-singleturn|p1b: Spicy girls|Protect\n|move|p2b: Dragonite|Heat Wave|p1a: Montezuma|[spread] p1a\n|-activate|p1b: Spicy girls|move: Protect\n|-damage|p1a: Montezuma|0 fnt\n|faint|p1a: Montezuma\n|\n|-damage|p2b: Dragonite|70/100 brn|[from] Leech Seed|[of] p1b: Spicy girls\n|-heal|p1b: Spicy girls|26/100 psn|[silent]\n|-damage|p1b: Spicy girls|14/100 psn|[from] psn\n|-damage|p2b: Dragonite|64/100 brn|[from] brn\n|-ability|p2a: Espathra|Speed Boost|boost\n|-boost|p2a: Espathra|spe|1\n|upkeep\n|\n|t:|1776646921\n|switch|p1a: John incine|Incineroar, L50, M|74/100\n|-ability|p1a: John incine|Intimidate|boost\n|-unboost|p2a: Espathra|atk|1\n|-unboost|p2b: Dragonite|atk|1\n|turn|12\n|\n|t:|1776646930\n|move|p1a: John incine|Fake Out|p2b: Dragonite\n|-damage|p2b: Dragonite|55/100 brn\n|cant|p2b: Dragonite|flinch\n|move|p2a: Espathra|Lumina Crash|p1b: Spicy girls\n|-damage|p1b: Spicy girls|0 fnt\n|-status|p2a: Espathra|brn|[from] ability: Spicy Spray|[of] p1b: Spicy girls\n|faint|p1b: Spicy girls\n|\n|-damage|p2b: Dragonite|49/100 brn|[from] brn\n|-damage|p2a: Espathra|95/100 brn|[from] brn\n|-ability|p2a: Espathra|Speed Boost|boost\n|-boost|p2a: Espathra|spe|1\n|upkeep\n|\n|t:|1776646945\n|switch|p1b: Destructo|Garchomp, L50, M|100/100\n|turn|13\n|\n|t:|1776646963\n|move|p2a: Espathra|Lumina Crash|p1b: Destructo\n|-damage|p1b: Destructo|40/100\n|-unboost|p1b: Destructo|spd|2\n|move|p2b: Dragonite|Dragon Pulse|p1a: John incine\n|-crit|p1a: John incine\n|-damage|p1a: John incine|0 fnt\n|faint|p1a: John incine\n|move|p1b: Destructo|Dragon Claw|p2b: Dragonite\n|-supereffective|p2b: Dragonite|1\n|-damage|p2b: Dragonite|0 fnt\n|faint|p2b: Dragonite\n|\n|-damage|p2a: Espathra|89/100 brn|[from] brn\n|-ability|p2a: Espathra|Speed Boost|boost\n|-boost|p2a: Espathra|spe|1\n|upkeep\n|turn|14\n|\n|t:|1776646983\n|move|p2a: Espathra|Lumina Crash|p1b: Destructo\n|-damage|p1b: Destructo|0 fnt\n|faint|p1b: Destructo\n|\n|win|wyjd09\n|raw|blue schucle's rating: 1157 &rarr; <strong>1131</strong><br />(-26 for losing)\n|raw|wyjd09's rating: 1150 &rarr; <strong>1176</strong><br />(+26 for winning)\n|c|\u2606wyjd09|Gg\n",
  "uploadtime": 1776647008,
  "views": 8,
  "formatid": "gen9championsvgc2026regma",
  "rating": 1131,
  "private": 0,
  "password": null
}