{
  "id": "gen9championsvgc2026regma-2580760845",
  "format": "[Gen 9 Champions] VGC 2026 Reg M-A",
  "players": [
    "AveryOfCrowsGirlie",
    "ElMacoJr"
  ],
  "log": "|j|\u2606AveryOfCrowsGirlie\n|j|\u2606ElMacoJr\n|t:|1775930304\n|gametype|doubles\n|player|p1|AveryOfCrowsGirlie|2|1045\n|player|p2|ElMacoJr|1|1000\n|gen|9\n|tier|[Gen 9 Champions] VGC 2026 Reg M-A\n|rated|\n|rule|Species Clause: Limit one of each Pok\u00e9mon\n|rule|Item Clause: Limit 1 of each item\n|clearpoke\n|poke|p1|Froslass, L50, F|\n|poke|p1|Maushold-Four, L50|\n|poke|p1|Quaquaval, L50, F|\n|poke|p1|Incineroar, L50, F|\n|poke|p1|Whimsicott, L50, F|\n|poke|p1|Sinistcha, L50|\n|poke|p2|Pelipper, L50, M|\n|poke|p2|Archaludon, L50, M|\n|poke|p2|Basculegion, L50, M|\n|poke|p2|Meganium, L50, F|\n|poke|p2|Maushold, L50|\n|poke|p2|Incineroar, L50, F|\n|teampreview|4\n|c|\u2606AveryOfCrowsGirlie|glhf!\nAveryOfCrowsGirlie rejected open team sheets.\n|c|\u2606ElMacoJr|Thx!\n|\n|t:|1775930390\n|teamsize|p1|4\n|teamsize|p2|4\n|start\n|switch|p1a: Froslass|Froslass, L50, F|100/100\n|switch|p1b: Sinistcha|Sinistcha, L50|100/100\n|switch|p2a: Incineroar|Incineroar, L50, F|100/100\n|switch|p2b: Archaludon|Archaludon, L50, M|100/100\n|-ability|p2a: Incineroar|Intimidate|boost\n|-unboost|p1a: Froslass|atk|1\n|-unboost|p1b: Sinistcha|atk|1\n|turn|1\n|\n|t:|1775930432\n|switch|p1b: Incineroar|Incineroar, L50, F|100/100\n|-ability|p1b: Incineroar|Intimidate|boost\n|-unboost|p2a: Incineroar|atk|1\n|-unboost|p2b: Archaludon|atk|1\n|detailschange|p1a: Froslass|Froslass-Mega, L50, F\n|-mega|p1a: Froslass|Froslass|Froslassite\n|-weather|Snowscape|[from] ability: Snow Warning|[of] p1a: Froslass\n|move|p1a: Froslass|Aurora Veil|p1a: Froslass\n|-sidestart|p1: AveryOfCrowsGirlie|move: Aurora Veil\n|move|p2b: Archaludon|Snarl|p1b: Incineroar|[spread] p1a,p1b\n|-supereffective|p1a: Froslass|1\n|-resisted|p1b: Incineroar|1\n|-damage|p1a: Froslass|82/100\n|-damage|p1b: Incineroar|98/100\n|-unboost|p1a: Froslass|spa|1\n|-unboost|p1b: Incineroar|spa|1\n|move|p2a: Incineroar|Parting Shot|p1a: Froslass\n|-unboost|p1a: Froslass|atk|1\n|-unboost|p1a: Froslass|spa|1\n|\n|t:|1775930461\n|switch|p2a: Pelipper|Pelipper, L50, M|100/100|[from] Parting Shot\n|-weather|RainDance|[from] ability: Drizzle|[of] p2a: Pelipper\n|\n|-weather|RainDance|[upkeep]\n|-heal|p1b: Incineroar|100/100|[from] item: Leftovers\n|upkeep\n|turn|2\n|\n|t:|1775930492\n|switch|p1a: Quaquaval|Quaquaval, L50, F|100/100\n|switch|p2b: Incineroar|Incineroar, L50, F|100/100\n|-ability|p2b: Incineroar|Intimidate|boost\n|-unboost|p1a: Quaquaval|atk|1\n|-unboost|p1b: Incineroar|atk|1\n|move|p2a: Pelipper|Protect|p2a: Pelipper\n|-singleturn|p2a: Pelipper|Protect\n|move|p1b: Incineroar|Parting Shot|p2b: Incineroar\n|-unboost|p2b: Incineroar|atk|1\n|-unboost|p2b: Incineroar|spa|1\n|\n|t:|1775930502\n|switch|p1b: Froslass|Froslass-Mega, L50, F|82/100|[from] Parting Shot\n|-weather|Snowscape|[from] ability: Snow Warning|[of] p1b: Froslass\n|\n|-weather|Snowscape|[upkeep]\n|upkeep\n|turn|3\n|\n|t:|1775930531\n|move|p1a: Quaquaval|Knock Off|p2b: Incineroar\n|-resisted|p2b: Incineroar|1\n|-crit|p2b: Incineroar\n|-damage|p2b: Incineroar|72/100\n|-enditem|p2b: Incineroar|Sitrus Berry|[from] move: Knock Off|[of] p1a: Quaquaval\n|move|p1b: Froslass|Blizzard|p2b: Incineroar|[spread] p2a,p2b\n|-resisted|p2b: Incineroar|1\n|-damage|p2a: Pelipper|16/100\n|-damage|p2b: Incineroar|46/100\n|move|p2a: Pelipper|Tailwind|p2a: Pelipper\n|-sidestart|p2: ElMacoJr|move: Tailwind\n|move|p2b: Incineroar|Parting Shot|p1b: Froslass\n|-unboost|p1b: Froslass|atk|1\n|-unboost|p1b: Froslass|spa|1\n|\n|t:|1775930547\n|switch|p2b: Archaludon|Archaludon, L50, M|100/100|[from] Parting Shot\n|\n|-weather|Snowscape|[upkeep]\n|upkeep\n|turn|4\n|\n|t:|1775930568\n|switch|p1b: Sinistcha|Sinistcha, L50|100/100\n|switch|p2a: Incineroar|Incineroar, L50, F|46/100\n|-ability|p2a: Incineroar|Intimidate|boost\n|-unboost|p1a: Quaquaval|atk|1\n|-unboost|p1b: Sinistcha|atk|1\n|move|p1a: Quaquaval|Knock Off|p2a: Incineroar\n|-resisted|p2a: Incineroar|1\n|-damage|p2a: Incineroar|41/100\n|move|p2b: Archaludon|Flash Cannon|p1b: Sinistcha\n|-damage|p1b: Sinistcha|75/100\n|-unboost|p1b: Sinistcha|spd|1\n|\n|-weather|Snowscape|[upkeep]\n|upkeep\n|turn|5\n|\n|t:|1775930594\n|switch|p1a: Incineroar|Incineroar, L50, F|100/100\n|-ability|p1a: Incineroar|Intimidate|boost\n|-unboost|p2a: Incineroar|atk|1\n|-unboost|p2b: Archaludon|atk|1\n|move|p2a: Incineroar|Fake Out|p1a: Incineroar\n|-damage|p1a: Incineroar|96/100\n|move|p2b: Archaludon|Snarl|p1b: Sinistcha|[spread] p1a,p1b\n|-resisted|p1a: Incineroar|1\n|-supereffective|p1b: Sinistcha|1\n|-damage|p1a: Incineroar|93/100\n|-damage|p1b: Sinistcha|47/100\n|-unboost|p1a: Incineroar|spa|1\n|-unboost|p1b: Sinistcha|spa|1\n|move|p1b: Sinistcha|Strength Sap|p2a: Incineroar\n|-unboost|p2a: Incineroar|atk|1\n|-heal|p1b: Sinistcha|98/100\n|\n|-weather|Snowscape|[upkeep]\n|-heal|p1a: Incineroar|99/100|[from] item: Leftovers\n|-sideend|p1: AveryOfCrowsGirlie|move: Aurora Veil\n|upkeep\n|turn|6\n|\n|t:|1775930648\n|move|p2b: Archaludon|Electro Shot||[still]\n|-prepare|p2b: Archaludon|Electro Shot\n|-boost|p2b: Archaludon|spa|1\n|move|p2a: Incineroar|Parting Shot|p1a: Incineroar\n|-unboost|p1a: Incineroar|atk|1\n|-unboost|p1a: Incineroar|spa|1\n|\n|t:|1775930656\n|switch|p2a: Pelipper|Pelipper, L50, M|16/100|[from] Parting Shot\n|-weather|RainDance|[from] ability: Drizzle|[of] p2a: Pelipper\n|move|p1b: Sinistcha|Matcha Gotcha|p2a: Pelipper|[spread] p2a,p2b\n|-resisted|p2b: Archaludon|2\n|-damage|p2a: Pelipper|0 fnt\n|-heal|p1b: Sinistcha|100/100|[from] drain|[of] p2a: Pelipper\n|-damage|p2b: Archaludon|95/100\n|-status|p2b: Archaludon|brn\n|faint|p2a: Pelipper\n|move|p1a: Incineroar|Flare Blitz|p2b: Archaludon\n|-damage|p2b: Archaludon|80/100 brn\n|-damage|p1a: Incineroar|95/100|[from] Recoil\n|\n|-weather|RainDance|[upkeep]\n|-heal|p1a: Incineroar|100/100|[from] item: Leftovers\n|-damage|p2b: Archaludon|74/100 brn|[from] brn\n|-sideend|p2: ElMacoJr|move: Tailwind\n|upkeep\n|\n|t:|1775930676\n|switch|p2a: Basculegion|Basculegion, L50, M|100/100\n|turn|7\n|\n|t:|1775930691\n|switch|p1b: Froslass|Froslass-Mega, L50, F|82/100\n|-weather|Snowscape|[from] ability: Snow Warning|[of] p1b: Froslass\n|move|p2b: Archaludon|Electro Shot|p1a: Incineroar|[from] lockedmove\n|-damage|p1a: Incineroar|57/100\n|move|p2a: Basculegion|Last Respects|p1b: Froslass\n|-supereffective|p1b: Froslass|1\n|-damage|p1b: Froslass|0 fnt\n|faint|p1b: Froslass\n|move|p1a: Incineroar|Parting Shot|p2a: Basculegion\n|-unboost|p2a: Basculegion|atk|1\n|-unboost|p2a: Basculegion|spa|1\n|\n|t:|1775930705\n|switch|p1a: Quaquaval|Quaquaval, L50, F|100/100|[from] Parting Shot\n|\n|-weather|Snowscape|[upkeep]\n|-damage|p2b: Archaludon|69/100 brn|[from] brn\n|upkeep\n|\n|t:|1775930717\n|switch|p1b: Incineroar|Incineroar, L50, F|57/100\n|-ability|p1b: Incineroar|Intimidate|boost\n|-unboost|p2a: Basculegion|atk|1\n|-unboost|p2b: Archaludon|atk|1\n|turn|8\n|\n|t:|1775930754\n|switch|p2b: Incineroar|Incineroar, L50, F|41/100\n|-ability|p2b: Incineroar|Intimidate|boost\n|-unboost|p1a: Quaquaval|atk|1\n|-unboost|p1b: Incineroar|atk|1\n|move|p1a: Quaquaval|Knock Off|p2a: Basculegion\n|-supereffective|p2a: Basculegion|1\n|-damage|p2a: Basculegion|47/100\n|-enditem|p2a: Basculegion|Mystic Water|[from] move: Knock Off|[of] p1a: Quaquaval\n|move|p2a: Basculegion|Wave Crash|p1b: Incineroar\n|-supereffective|p1b: Incineroar|1\n|-damage|p1b: Incineroar|15/100\n|-damage|p2a: Basculegion|33/100|[from] Recoil\n|move|p1b: Incineroar|Crunch|p2a: Basculegion\n|-supereffective|p2a: Basculegion|1\n|-damage|p2a: Basculegion|0 fnt\n|faint|p2a: Basculegion\n|\n|-weather|Snowscape|[upkeep]\n|-heal|p1b: Incineroar|21/100|[from] item: Leftovers\n|upkeep\n|\n|t:|1775930771\n|switch|p2a: Archaludon|Archaludon, L50, M|69/100 brn\n|turn|9\n|\n|t:|1775930788\n|move|p2b: Incineroar|Fake Out|p1a: Quaquaval\n|-damage|p1a: Quaquaval|86/100\n|cant|p1a: Quaquaval|flinch\n|move|p2a: Archaludon|Dragon Pulse|p1b: Incineroar\n|-damage|p1b: Incineroar|0 fnt\n|faint|p1b: Incineroar\n|\n|-weather|Snowscape|[upkeep]\n|-damage|p2a: Archaludon|63/100 brn|[from] brn\n|upkeep\n|\n|t:|1775930797\n|switch|p1b: Sinistcha|Sinistcha, L50|100/100\n|-heal|p1a: Quaquaval|100/100|[from] ability: Hospitality|[of] p1b: Sinistcha\n|turn|10\n|\n|t:|1775930826\n|move|p1a: Quaquaval|Knock Off|p2a: Archaludon\n|-damage|p2a: Archaludon|51/100 brn\n|move|p2a: Archaludon|Dragon Pulse|p1a: Quaquaval\n|-damage|p1a: Quaquaval|52/100\n|move|p1b: Sinistcha|Hex|p2a: Archaludon\n|-damage|p2a: Archaludon|0 fnt\n|faint|p2a: Archaludon\n|move|p2b: Incineroar|Flare Blitz|p1a: Quaquaval\n|-resisted|p1a: Quaquaval|1\n|-damage|p1a: Quaquaval|22/100\n|-damage|p2b: Incineroar|32/100|[from] Recoil\n|\n|-weather|Snowscape|[upkeep]\n|upkeep\n|turn|11\n|\n|t:|1775930847\n|move|p1a: Quaquaval|Knock Off|p2b: Incineroar\n|-resisted|p2b: Incineroar|1\n|-damage|p2b: Incineroar|23/100\n|move|p1b: Sinistcha|Strength Sap|p2b: Incineroar\n|-unboost|p2b: Incineroar|atk|1\n|move|p2b: Incineroar|Flare Blitz|p1a: Quaquaval\n|-resisted|p1a: Quaquaval|1\n|-damage|p1a: Quaquaval|2/100\n|-damage|p2b: Incineroar|17/100|[from] Recoil\n|\n|-weather|none\n|upkeep\n|turn|12\n|-message|ElMacoJr forfeited.\n|\n|win|AveryOfCrowsGirlie\n|raw|AveryOfCrowsGirlie's rating: 1045 &rarr; <strong>1074</strong><br />(+29 for winning)\n|raw|ElMacoJr's rating: 1000 &rarr; <strong>1000</strong><br />(+0 for losing)\n|l|\u2606ElMacoJr\n|player|p2|\n",
  "uploadtime": 1775930860,
  "views": 12,
  "formatid": "gen9championsvgc2026regma",
  "rating": 1000,
  "private": 0,
  "password": null
}