{
  "id": "gen9championsvgc2026regma-2586073077",
  "format": "[Gen 9 Champions] VGC 2026 Reg M-A",
  "players": [
    "jshqydhdm",
    "MeeChaaaN"
  ],
  "log": "|j|\u2606jshqydhdm\n|j|\u2606MeeChaaaN\n|t:|1776396091\n|gametype|doubles\n|player|p1|jshqydhdm|265|1625\n|player|p2|MeeChaaaN|1|1639\n|gen|9\n|tier|[Gen 9 Champions] VGC 2026 Reg M-A\n|rated|\n|rule|Species Clause: Limit one of each Pok\u00e9mon\n|rule|Item Clause: Limit 1 of each item\n|clearpoke\n|poke|p1|Scovillain, L50, F|\n|poke|p1|Tyranitar, L50, M|\n|poke|p1|Corviknight, L50, M|\n|poke|p1|Kommo-o, L50, M|\n|poke|p1|Farigiraf, L50, M|\n|poke|p1|Basculegion, L50, M|\n|poke|p2|Whimsicott, L50, M|\n|poke|p2|Blastoise, L50, F|\n|poke|p2|Tyranitar, L50, F|\n|poke|p2|Tsareena, L50, F|\n|poke|p2|Mimikyu, L50, M|\n|poke|p2|Pelipper, L50, F|\n|teampreview|4\n|j| TeddiursaBloodMoon\n|inactive|Battle timer is ON: inactive players will automatically lose when time's up. (requested by jshqydhdm)\n|\n|t:|1776396146\n|teamsize|p1|4\n|teamsize|p2|4\n|start\n|switch|p1a: Scovillain|Scovillain, L50, F|100/100\n|switch|p1b: Basculegion|Basculegion, L50, M|100/100\n|switch|p2a: Whimsicott|Whimsicott, L50, M|100/100\n|switch|p2b: Blastoise|Blastoise, L50, F|100/100\n|turn|1\n|inactive|MeeChaaaN has 30 seconds left.\n|inactive|MeeChaaaN has 20 seconds left.\n|inactive|MeeChaaaN has 15 seconds left.\n|inactive|MeeChaaaN has 10 seconds left.\n|\n|t:|1776396195\n|detailschange|p1a: Scovillain|Scovillain-Mega, L50, F\n|-mega|p1a: Scovillain|Scovillain|Scovillainite\n|detailschange|p2b: Blastoise|Blastoise-Mega, L50, F\n|-mega|p2b: Blastoise|Blastoise|Blastoisinite\n|move|p2b: Blastoise|Fake Out|p1a: Scovillain\n|-damage|p1a: Scovillain|90/100\n|-status|p2b: Blastoise|brn|[from] ability: Spicy Spray|[of] p1a: Scovillain\n|move|p1b: Basculegion|Flip Turn|p2b: Blastoise\n|-resisted|p2b: Blastoise|1\n|-damage|p2b: Blastoise|86/100 brn\n|\n|t:|1776396206\n|switch|p1b: Farigiraf|Farigiraf, L50, M|100/100|[from] Flip Turn\n|move|p2a: Whimsicott|Moonblast|p1a: Scovillain\n|-resisted|p1a: Scovillain|1\n|-damage|p1a: Scovillain|72/100\n|-status|p2a: Whimsicott|brn|[from] ability: Spicy Spray|[of] p1a: Scovillain\n|cant|p1a: Scovillain|flinch\n|\n|-damage|p2a: Whimsicott|95/100 brn|[from] brn\n|-damage|p2b: Blastoise|80/100 brn|[from] brn\n|upkeep\n|turn|2\n|\n|t:|1776396223\n|move|p1a: Scovillain|Leech Seed|p2b: Blastoise\n|-start|p2b: Blastoise|move: Leech Seed\n|move|p2b: Blastoise|Water Spout|p1b: Farigiraf|[spread] p1a,p1b\n|-damage|p1a: Scovillain|18/100\n|-damage|p1b: Farigiraf|51/100\n|move|p1b: Farigiraf|Hyper Voice|p2b: Blastoise|[spread] p2a,p2b\n|-damage|p2a: Whimsicott|60/100 brn\n|-damage|p2b: Blastoise|59/100 brn\n|move|p2a: Whimsicott|Trick Room|p2a: Whimsicott\n|-fieldstart|move: Trick Room|[of] p2a: Whimsicott\n|\n|-damage|p2b: Blastoise|47/100 brn|[from] Leech Seed|[of] p1a: Scovillain\n|-heal|p1a: Scovillain|31/100|[silent]\n|-damage|p2b: Blastoise|41/100 brn|[from] brn\n|-damage|p2a: Whimsicott|54/100 brn|[from] brn\n|upkeep\n|turn|3\n|inactive|MeeChaaaN has 30 seconds left.\n|\n|t:|1776396257\n|switch|p2b: Tsareena|Tsareena, L50, F|100/100\n|move|p1b: Farigiraf|Hyper Voice|p2b: Tsareena|[spread] p2a,p2b\n|-crit|p2a: Whimsicott\n|-damage|p2a: Whimsicott|6/100 brn\n|-damage|p2b: Tsareena|74/100\n|move|p1a: Scovillain|Flamethrower|p2a: Whimsicott\n|-supereffective|p2a: Whimsicott|1\n|-damage|p2a: Whimsicott|0 fnt\n|faint|p2a: Whimsicott\n|\n|upkeep\n|\n|t:|1776396270\n|switch|p2a: Mimikyu|Mimikyu, L50, M|100/100\n|turn|4\n|\n|t:|1776396282\n|move|p2b: Tsareena|Protect|p2b: Tsareena\n|-singleturn|p2b: Tsareena|Protect\n|move|p1b: Farigiraf|Twin Beam|p2a: Mimikyu\n|-activate|p2a: Mimikyu|ability: Disguise\n|-damage|p2a: Mimikyu|100/100\n|detailschange|p2a: Mimikyu|Mimikyu-Busted, L50, M\n|-damage|p2a: Mimikyu|88/100|[from] pokemon: Mimikyu-Busted\n|-damage|p2a: Mimikyu|71/100\n|-hitcount|p2a: Mimikyu|2\n|move|p1a: Scovillain|Flamethrower|p2b: Tsareena\n|-activate|p2b: Tsareena|move: Protect\n|move|p2a: Mimikyu|Trick Room|p2a: Mimikyu\n|-fieldend|move: Trick Room\n|\n|upkeep\n|turn|5\n|j| Duelyst II\n|inactive|jshqydhdm has 30 seconds left.\n|\n|t:|1776396312\n|move|p2a: Mimikyu|Shadow Claw|p1a: Scovillain\n|-damage|p1a: Scovillain|0 fnt\n|-status|p2a: Mimikyu|brn|[from] ability: Spicy Spray|[of] p1a: Scovillain\n|faint|p1a: Scovillain\n|move|p2b: Tsareena|Power Whip|p1b: Farigiraf\n|-damage|p1b: Farigiraf|0 fnt\n|faint|p1b: Farigiraf\n|\n|-damage|p2a: Mimikyu|65/100 brn|[from] brn\n|upkeep\n|\n|t:|1776396322\n|switch|p1a: Basculegion|Basculegion, L50, M|100/100\n|switch|p1b: Kommo-o|Kommo-o, L50, M|100/100\n|turn|6\n|\n|t:|1776396347\n|switch|p2a: Blastoise|Blastoise-Mega, L50, F|41/100 brn\n|move|p1a: Basculegion|Last Respects|p2a: Blastoise\n|-damage|p2a: Blastoise|0 fnt\n|faint|p2a: Blastoise\n|move|p1b: Kommo-o|Clangorous Soul|p1b: Kommo-o\n|-boost|p1b: Kommo-o|atk|1\n|-boost|p1b: Kommo-o|def|1\n|-boost|p1b: Kommo-o|spa|1\n|-boost|p1b: Kommo-o|spd|1\n|-boost|p1b: Kommo-o|spe|1\n|-damage|p1b: Kommo-o|68/100\n|move|p2b: Tsareena|Power Whip|p1a: Basculegion\n|-supereffective|p1a: Basculegion|1\n|-damage|p1a: Basculegion|0 fnt\n|faint|p1a: Basculegion\n|\n|-heal|p1b: Kommo-o|74/100|[from] item: Leftovers\n|upkeep\n|\n|t:|1776396366\n|switch|p2a: Mimikyu|Mimikyu-Busted, L50, M|65/100 brn\n|turn|7\n|\n|t:|1776396372\n|move|p1b: Kommo-o|Aura Sphere|p2b: Tsareena\n|-damage|p2b: Tsareena|18/100\n|move|p2a: Mimikyu|Play Rough|p1b: Kommo-o\n|-supereffective|p1b: Kommo-o|2\n|-damage|p1b: Kommo-o|22/100\n|move|p2b: Tsareena|Triple Axel|p1b: Kommo-o\n|-supereffective|p1b: Kommo-o|1\n|-damage|p1b: Kommo-o|8/100\n|-supereffective|p1b: Kommo-o|1\n|-damage|p1b: Kommo-o|0 fnt\n|faint|p1b: Kommo-o\n|-hitcount|p1: Kommo-o|2\n|\n|win|MeeChaaaN\n|raw|jshqydhdm's rating: 1625 &rarr; <strong>1606</strong><br />(-19 for losing)\n|raw|MeeChaaaN's rating: 1639 &rarr; <strong>1658</strong><br />(+19 for winning)\n|l|\u2606jshqydhdm\n|player|p1|\n",
  "uploadtime": 1776396382,
  "views": 171,
  "formatid": "gen9championsvgc2026regma",
  "rating": 1606,
  "private": 0,
  "password": null
}