{
  "id": "gen9championsvgc2026regma-2586544271",
  "format": "[Gen 9 Champions] VGC 2026 Reg M-A",
  "players": [
    "shmandles",
    "Phillip Blevin"
  ],
  "log": "|j|\u203dshmandles\n|j|\u2606Phillip Blevin\n|t:|1776441971\n|gametype|doubles\n|player|p1|shmandles|waiter|1343\n|player|p2|Phillip Blevin|cynthia-masters4|1326\n|gen|9\n|tier|[Gen 9 Champions] VGC 2026 Reg M-A\n|rated|\n|rule|Species Clause: Limit one of each Pok\u00e9mon\n|rule|Item Clause: Limit 1 of each item\n|clearpoke\n|poke|p1|Sinistcha-Masterpiece, L50|\n|poke|p1|Gyarados, L50, M|\n|poke|p1|Tyranitar, L50, M|\n|poke|p1|Gardevoir, L50, F|\n|poke|p1|Garchomp, L50, M|\n|poke|p1|Orthworm, L50, M|\n|poke|p2|Froslass, L50, F|\n|poke|p2|Corviknight, L50, M|\n|poke|p2|Arcanine-Hisui, L50, F|\n|poke|p2|Rotom-Wash, L50|\n|poke|p2|Sneasler, L50, M|\n|poke|p2|Garchomp, L50, M|\n|teampreview|4\n|inactive|Battle timer is ON: inactive players will automatically lose when time's up. (requested by Phillip Blevin)\nPhillip Blevin has agreed to open team sheets.\n|inactive|shmandles has 60 seconds left.\n|inactive|Phillip Blevin has 60 seconds left.\n|\n|t:|1776442021\n|teamsize|p1|4\n|teamsize|p2|4\n|start\n|switch|p1a: Gardevoir|Gardevoir, L50, F|100/100\n|switch|p1b: Orthworm|Orthworm, L50, M|100/100\n|switch|p2a: Rotom|Rotom-Wash, L50|100/100\n|switch|p2b: Corviknight|Corviknight, L50, M|100/100\n|turn|1\n|\n|t:|1776442032\n|move|p2a: Rotom|Electroweb|p1b: Orthworm|[spread] p1a,p1b\n|-damage|p1a: Gardevoir|83/100\n|-damage|p1b: Orthworm|85/100\n|-unboost|p1a: Gardevoir|spe|1\n|-unboost|p1b: Orthworm|spe|1\n|move|p2b: Corviknight|Bulk Up|p2b: Corviknight\n|-boost|p2b: Corviknight|atk|1\n|-boost|p2b: Corviknight|def|1\n|move|p1b: Orthworm|Shed Tail|p1b: Orthworm\n|-start|p1b: Orthworm|Substitute|[from] move: Shed Tail\n|-damage|p1b: Orthworm|34/100\n|-enditem|p1b: Orthworm|Sitrus Berry|[eat]\n|-heal|p1b: Orthworm|59/100|[from] item: Sitrus Berry\n|\n|t:|1776442045\n|switch|p1b: Tyranitar|Tyranitar, L50, M|100/100|[from] Shed Tail\n|-weather|Sandstorm|[from] ability: Sand Stream|[of] p1b: Tyranitar\n|move|p1a: Gardevoir|Trick Room|p1a: Gardevoir\n|-fieldstart|move: Trick Room|[of] p1a: Gardevoir\n|\n|-weather|Sandstorm|[upkeep]\n|-damage|p1a: Gardevoir|77/100|[from] Sandstorm\n|-damage|p2a: Rotom|95/100|[from] Sandstorm\n|upkeep\n|turn|2\n|\n|t:|1776442059\n|move|p1b: Tyranitar|Rock Slide|p2a: Rotom|[spread] p2a,p2b\n|-damage|p2a: Rotom|62/100\n|-damage|p2b: Corviknight|87/100\n|move|p2b: Corviknight|Brave Bird|p1a: Gardevoir\n|-damage|p1a: Gardevoir|0 fnt\n|faint|p1a: Gardevoir\n|-damage|p2b: Corviknight|69/100|[from] Recoil\n|move|p2a: Rotom|Electroweb|p1b: Tyranitar\n|-activate|p1b: Tyranitar|move: Substitute|[damage]\n|\n|-weather|Sandstorm|[upkeep]\n|-damage|p2a: Rotom|56/100|[from] Sandstorm\n|-heal|p2b: Corviknight|75/100|[from] item: Leftovers\n|upkeep\n|\n|t:|1776442066\n|switch|p1a: Orthworm|Orthworm, L50, M|59/100\n|turn|3\n|\n|t:|1776442084\n|switch|p2a: Sneasler|Sneasler, L50, M|100/100\n|move|p1b: Tyranitar|Rock Slide|p2a: Sneasler|[spread] p2a,p2b\n|-resisted|p2a: Sneasler|1\n|-damage|p2a: Sneasler|71/100\n|-damage|p2b: Corviknight|63/100\n|move|p1a: Orthworm|Body Press|p2b: Corviknight\n|-damage|p2b: Corviknight|53/100\n|move|p2b: Corviknight|Bulk Up|p2b: Corviknight\n|-boost|p2b: Corviknight|atk|1\n|-boost|p2b: Corviknight|def|1\n|\n|-weather|Sandstorm|[upkeep]\n|-damage|p2a: Sneasler|66/100|[from] Sandstorm\n|-heal|p2b: Corviknight|59/100|[from] item: Leftovers\n|upkeep\n|turn|4\n|\n|t:|1776442106\n|detailschange|p1b: Tyranitar|Tyranitar-Mega, L50, M\n|-mega|p1b: Tyranitar|Tyranitar|Tyranitarite\n|move|p2a: Sneasler|Fake Out|p1a: Orthworm\n|-resisted|p1a: Orthworm|1\n|-damage|p1a: Orthworm|54/100\n|-immune|p1a: Orthworm\n|move|p1b: Tyranitar|Earthquake|p2b: Corviknight|[spread] p2a\n|-heal|p1a: Orthworm|78/100|[from] ability: Earth Eater|[of] p1b: Tyranitar\n|-immune|p2b: Corviknight\n|-supereffective|p2a: Sneasler|1\n|-damage|p2a: Sneasler|0 fnt\n|faint|p2a: Sneasler\n|cant|p1a: Orthworm|flinch\n|move|p2b: Corviknight|Roost|p2b: Corviknight\n|-heal|p2b: Corviknight|100/100\n|-singleturn|p2b: Corviknight|move: Roost\n|\n|-weather|Sandstorm|[upkeep]\n|upkeep\n|\n|t:|1776442112\n|switch|p2a: Rotom|Rotom-Wash, L50|56/100\n|turn|5\n|\n|t:|1776442129\n|move|p1b: Tyranitar|Rock Slide|p2b: Corviknight|[spread] p2a\n|-miss|p1b: Tyranitar|p2b: Corviknight\n|-crit|p2a: Rotom\n|-damage|p2a: Rotom|0 fnt\n|faint|p2a: Rotom\n|move|p1a: Orthworm|Shed Tail|p1a: Orthworm\n|-start|p1a: Orthworm|Substitute|[from] move: Shed Tail\n|-damage|p1a: Orthworm|28/100\n|\n|t:|1776442137\n|switch|p1a: Gyarados|Gyarados, L50, M|100/100|[from] Shed Tail\n|-ability|p1a: Gyarados|Intimidate|boost\n|-ability|p2b: Corviknight|Mirror Armor\n|-unboost|p1a: Gyarados|atk|1\n|move|p2b: Corviknight|Body Press|p1b: Tyranitar\n|-supereffective|p1b: Tyranitar|2\n|-end|p1b: Tyranitar|Substitute\n|\n|-weather|none\n|-fieldend|move: Trick Room\n|upkeep\n|\n|t:|1776442139\n|switch|p2a: Froslass|Froslass, L50, F|100/100\n|turn|6\n|\n|t:|1776442151\n|switch|p1b: Orthworm|Orthworm, L50, M|28/100\n|detailschange|p2a: Froslass|Froslass-Mega, L50, F\n|-mega|p2a: Froslass|Froslass|Froslassite\n|-weather|Snowscape|[from] ability: Snow Warning|[of] p2a: Froslass\n|move|p2a: Froslass|Blizzard|p1a: Gyarados|[spread] p1a,p1b\n|-end|p1a: Gyarados|Substitute\n|-resisted|p1b: Orthworm|1\n|-damage|p1b: Orthworm|4/100\n|move|p1a: Gyarados|Earthquake|p2a: Froslass|[spread] p2a\n|-heal|p1b: Orthworm|29/100|[from] ability: Earth Eater|[of] p1a: Gyarados\n|-immune|p2b: Corviknight\n|-damage|p2a: Froslass|83/100\n|move|p2b: Corviknight|Body Press|p1b: Orthworm\n|-supereffective|p1b: Orthworm|1\n|-damage|p1b: Orthworm|0 fnt\n|faint|p1b: Orthworm\n|\n|-weather|Snowscape|[upkeep]\n|upkeep\n|\n|t:|1776442168\n|switch|p1b: Tyranitar|Tyranitar-Mega, L50, M|100/100\n|-weather|Sandstorm|[from] ability: Sand Stream|[of] p1b: Tyranitar\n|turn|7\n|\n|t:|1776442175\n|move|p1b: Tyranitar|Protect|p1b: Tyranitar\n|-singleturn|p1b: Tyranitar|Protect\n|move|p2a: Froslass|Shadow Ball|p1a: Gyarados\n|-damage|p1a: Gyarados|63/100\n|-unboost|p1a: Gyarados|spd|1\n|move|p1a: Gyarados|Waterfall|p2a: Froslass\n|-damage|p2a: Froslass|42/100\n|move|p2b: Corviknight|Body Press|p1b: Tyranitar\n|-activate|p1b: Tyranitar|move: Protect\n|\n|-weather|Sandstorm|[upkeep]\n|-damage|p2a: Froslass|36/100|[from] Sandstorm\n|-damage|p1a: Gyarados|57/100|[from] Sandstorm\n|upkeep\n|turn|8\n|\n|t:|1776442196\n|move|p2a: Froslass|Shadow Ball|p1a: Gyarados\n|-damage|p1a: Gyarados|0 fnt\n|faint|p1a: Gyarados\n|move|p2b: Corviknight|Body Press|p1b: Tyranitar\n|-supereffective|p1b: Tyranitar|2\n|-damage|p1b: Tyranitar|0 fnt\n|faint|p1b: Tyranitar\n|\n|win|Phillip Blevin\n|raw|shmandles's rating: 1343 &rarr; <strong>1322</strong><br />(-21 for losing)\n|raw|Phillip Blevin's rating: 1326 &rarr; <strong>1347</strong><br />(+21 for winning)\n",
  "uploadtime": 1776442197,
  "views": 33,
  "formatid": "gen9championsvgc2026regma",
  "rating": 1322,
  "private": 0,
  "password": null
}