{
  "id": "gen9championsvgc2026regma-2585540652",
  "format": "[Gen 9 Champions] VGC 2026 Reg M-A",
  "players": [
    "Munchlaxxxed",
    "Kiim_Dokjja"
  ],
  "log": "|j|\u2606Munchlaxxxed\n|j|\u2606Kiim_Dokjja\n|t:|1776354311\n|gametype|doubles\n|player|p1|Munchlaxxxed|2|1301\n|player|p2|Kiim_Dokjja|plasmagrunt|1267\n|gen|9\n|tier|[Gen 9 Champions] VGC 2026 Reg M-A\n|rated|\n|rule|Species Clause: Limit one of each Pok\u00e9mon\n|rule|Item Clause: Limit 1 of each item\n|clearpoke\n|poke|p1|Aerodactyl, L50, M|\n|poke|p1|Charizard, L50, M|\n|poke|p1|Venusaur, L50, M|\n|poke|p1|Aegislash, L50, F|\n|poke|p1|Sneasler, L50, F|\n|poke|p1|Milotic, L50, F|\n|poke|p2|Incineroar, L50, M|\n|poke|p2|Farigiraf, L50, F|\n|poke|p2|Golurk, L50|\n|poke|p2|Sneasler, L50, F|\n|poke|p2|Torkoal, L50, F|\n|poke|p2|Venusaur, L50, F|\n|teampreview|4\n|inactive|Battle timer is ON: inactive players will automatically lose when time's up. (requested by Kiim_Dokjja)\n|inactive|Munchlaxxxed has 60 seconds left.\n|\n|t:|1776354367\n|teamsize|p1|4\n|teamsize|p2|4\n|start\n|switch|p1a: Charizard|Charizard, L50, M|100/100\n|switch|p1b: Venusaur|Venusaur, L50, M|100/100\n|switch|p2a: Farigiraf|Farigiraf, L50, F|100/100\n|switch|p2b: Golurk|Golurk, L50|100/100\n|turn|1\n|inactive|Kiim_Dokjja has 30 seconds left.\n|\n|t:|1776354393\n|switch|p2b: Venusaur|Venusaur, L50, F|100/100\n|detailschange|p1a: Charizard|Charizard-Mega-Y, L50, M\n|-mega|p1a: Charizard|Charizard|Charizardite Y\n|-weather|SunnyDay|[from] ability: Drought|[of] p1a: Charizard\n|move|p1b: Venusaur|Sleep Powder|p2a: Farigiraf\n|-status|p2a: Farigiraf|slp|[from] move: Sleep Powder\n|move|p1a: Charizard|Fire Blast|p2a: Farigiraf\n|-damage|p2a: Farigiraf|25/100 slp\n|-enditem|p2a: Farigiraf|Sitrus Berry|[eat]\n|-heal|p2a: Farigiraf|50/100 slp|[from] item: Sitrus Berry\n|cant|p2a: Farigiraf|slp\n|\n|-weather|SunnyDay|[upkeep]\n|upkeep\n|turn|2\n|\n|t:|1776354418\n|move|p1a: Charizard|Protect|p1a: Charizard\n|-singleturn|p1a: Charizard|Protect\n|move|p1b: Venusaur|Sludge Bomb|p2b: Venusaur\n|-damage|p2b: Venusaur|74/100\n|move|p2b: Venusaur|Sleep Powder|p1a: Charizard\n|-activate|p1a: Charizard|move: Protect\n|cant|p2a: Farigiraf|slp\n|\n|-weather|SunnyDay|[upkeep]\n|upkeep\n|turn|3\n|\n|t:|1776354437\n|move|p1b: Venusaur|Leaf Storm|p2a: Farigiraf\n|-damage|p2a: Farigiraf|2/100 slp\n|-unboost|p1b: Venusaur|spa|2\n|move|p2b: Venusaur|Sleep Powder|p1a: Charizard|[miss]\n|-miss|p2b: Venusaur|p1a: Charizard\n|move|p1a: Charizard|Fire Blast|p2b: Venusaur\n|-supereffective|p2b: Venusaur|1\n|-damage|p2b: Venusaur|0 fnt\n|faint|p2b: Venusaur\n|-curestatus|p2a: Farigiraf|slp|[msg]\n|move|p2a: Farigiraf|Trick Room|p2a: Farigiraf\n|-fieldstart|move: Trick Room|[of] p2a: Farigiraf\n|\n|-weather|SunnyDay|[upkeep]\n|upkeep\n|\n|t:|1776354451\n|switch|p2b: Torkoal|Torkoal, L50, F|100/100\n|turn|4\n|\n|t:|1776354466\n|move|p2a: Farigiraf|Helping Hand|p2b: Torkoal\n|-singleturn|p2b: Torkoal|Helping Hand|[of] p2a: Farigiraf\n|move|p1b: Venusaur|Protect|p1b: Venusaur\n|-singleturn|p1b: Venusaur|Protect\n|move|p2b: Torkoal|Eruption|p1b: Venusaur|[spread] p1a\n|-activate|p1b: Venusaur|move: Protect\n|-resisted|p1a: Charizard|1\n|-damage|p1a: Charizard|38/100\n|move|p1a: Charizard|Heat Wave|p2a: Farigiraf|[spread] p2a,p2b\n|-resisted|p2b: Torkoal|1\n|-damage|p2a: Farigiraf|0 fnt\n|-damage|p2b: Torkoal|44/100\n|faint|p2a: Farigiraf\n|\n|-weather|SunnyDay|[upkeep]\n|upkeep\n|\n|t:|1776354475\n|switch|p2a: Golurk|Golurk, L50|100/100\n|turn|5\n|\n|t:|1776354497\n|switch|p1a: Aerodactyl|Aerodactyl, L50, M|100/100\n|detailschange|p2a: Golurk|Golurk-Mega, L50\n|-mega|p2a: Golurk|Golurk|Golurkite\n|move|p2b: Torkoal|Heat Wave|p1b: Venusaur|[spread] p1a,p1b\n|-resisted|p1a: Aerodactyl|1\n|-supereffective|p1b: Venusaur|1\n|-damage|p1a: Aerodactyl|58/100\n|-enditem|p1b: Venusaur|Focus Sash\n|-damage|p1b: Venusaur|1/100\n|move|p2a: Golurk|Headlong Rush|p1b: Venusaur\n|-crit|p1b: Venusaur\n|-damage|p1b: Venusaur|0 fnt\n|-unboost|p2a: Golurk|def|1\n|-unboost|p2a: Golurk|spd|1\n|faint|p1b: Venusaur\n|\n|-weather|none\n|upkeep\n|\n|t:|1776354521\n|switch|p1b: Charizard|Charizard-Mega-Y, L50, M|38/100\n|-weather|SunnyDay|[from] ability: Drought|[of] p1b: Charizard\n|turn|6\n|\n|t:|1776354540\n|move|p1b: Charizard|Protect|p1b: Charizard\n|-singleturn|p1b: Charizard|Protect\n|move|p2b: Torkoal|Heat Wave|p1a: Aerodactyl|[spread] p1a\n|-activate|p1b: Charizard|move: Protect\n|-resisted|p1a: Aerodactyl|1\n|-damage|p1a: Aerodactyl|20/100\n|move|p2a: Golurk|Ice Punch|p1a: Aerodactyl\n|-supereffective|p1a: Aerodactyl|1\n|-damage|p1a: Aerodactyl|0 fnt\n|faint|p1a: Aerodactyl\n|\n|-weather|SunnyDay|[upkeep]\n|upkeep\n|\n|t:|1776354548\n|switch|p1a: Sneasler|Sneasler, L50, F|100/100\n|turn|7\n|\n|t:|1776354572\n|move|p1b: Charizard|Protect||[still]\n|-fail|p1b: Charizard\n|move|p1a: Sneasler|Fake Out|p2b: Torkoal\n|-damage|p2b: Torkoal|31/100\n|cant|p2b: Torkoal|flinch\n|move|p2a: Golurk|Poltergeist|p1b: Charizard\n|-activate|p1b: Charizard|move: Poltergeist|Charizardite Y\n|-damage|p1b: Charizard|0 fnt\n|faint|p1b: Charizard\n|\n|-weather|SunnyDay|[upkeep]\n|-fieldend|move: Trick Room\n|upkeep\n|turn|8\n|\n|t:|1776354588\n|move|p1a: Sneasler|Dire Claw|p2b: Torkoal\n|-damage|p2b: Torkoal|0 fnt\n|faint|p2b: Torkoal\n|move|p2a: Golurk|Headlong Rush|p1a: Sneasler\n|-supereffective|p1a: Sneasler|1\n|-damage|p1a: Sneasler|0 fnt\n|-unboost|p2a: Golurk|def|1\n|-unboost|p2a: Golurk|spd|1\n|faint|p1a: Sneasler\n|\n|win|Kiim_Dokjja\n|raw|Munchlaxxxed's rating: 1301 &rarr; <strong>1279</strong><br />(-22 for losing)\n|raw|Kiim_Dokjja's rating: 1267 &rarr; <strong>1294</strong><br />(+27 for winning)\n",
  "uploadtime": 1776354589,
  "views": 29,
  "formatid": "gen9championsvgc2026regma",
  "rating": 1279,
  "private": 0,
  "password": null
}