{
  "id": "gen9championsvgc2026regma-2586951585",
  "format": "[Gen 9 Champions] VGC 2026 Reg M-A",
  "players": [
    "PPPOOPOOMANthe3rd",
    "datrobino"
  ],
  "log": "|j|\u2606PPPOOPOOMANthe3rd\n|j|\u2606datrobino\n|t:|1776474961\n|gametype|doubles\n|player|p1|PPPOOPOOMANthe3rd|170|1116\n|player|p2|datrobino|veteran|1134\n|gen|9\n|tier|[Gen 9 Champions] VGC 2026 Reg M-A\n|rated|\n|rule|Species Clause: Limit one of each Pok\u00e9mon\n|rule|Item Clause: Limit 1 of each item\n|clearpoke\n|poke|p1|Garchomp, L50, M|\n|poke|p1|Espathra, L50, F|\n|poke|p1|Tyranitar, L50, M|\n|poke|p1|Archaludon, L50, F|\n|poke|p1|Incineroar, L50, F|\n|poke|p1|Glimmora, L50, F|\n|poke|p2|Blastoise, L50, M|\n|poke|p2|Farigiraf, L50, F|\n|poke|p2|Kingambit, L50, F|\n|poke|p2|Sinistcha, L50|\n|poke|p2|Zoroark-Hisui, L50, M|\n|poke|p2|Incineroar, L50, F|\n|teampreview|4\n|inactive|Battle timer is ON: inactive players will automatically lose when time's up. (requested by PPPOOPOOMANthe3rd)\ndatrobino rejected open team sheets.\n|inactive|PPPOOPOOMANthe3rd has 60 seconds left.\n|\n|t:|1776474999\n|teamsize|p1|4\n|teamsize|p2|4\n|start\n|switch|p1a: Espathra|Espathra, L50, F|100/100\n|switch|p1b: Archaludon|Archaludon, L50, F|100/100\n|switch|p2a: Blastoise|Blastoise, L50, M|100/100\n|switch|p2b: Farigiraf|Farigiraf, L50, F|100/100\n|turn|1\n|\n|t:|1776475019\n|detailschange|p2a: Blastoise|Blastoise-Mega, L50, M\n|-mega|p2a: Blastoise|Blastoise|Blastoisinite\n|move|p2a: Blastoise|Fake Out|p1b: Archaludon\n|-resisted|p1b: Archaludon|1\n|-damage|p1b: Archaludon|96/100\n|-ability|p1b: Archaludon|Stamina|boost\n|-boost|p1b: Archaludon|def|1\n|move|p1a: Espathra|Lumina Crash|p2b: Farigiraf\n|-resisted|p2b: Farigiraf|1\n|-damage|p2b: Farigiraf|88/100\n|-unboost|p2b: Farigiraf|spd|2\n|cant|p1b: Archaludon|flinch\n|move|p2b: Farigiraf|Trick Room|p2b: Farigiraf\n|-fieldstart|move: Trick Room|[of] p2b: Farigiraf\n|\n|-heal|p1b: Archaludon|100/100|[from] item: Leftovers\n|-ability|p1a: Espathra|Speed Boost|boost\n|-boost|p1a: Espathra|spe|1\n|upkeep\n|turn|2\n|inactive|PPPOOPOOMANthe3rd has 30 seconds left.\n|\n|t:|1776475048\n|move|p2b: Farigiraf|Helping Hand|p2a: Blastoise\n|-singleturn|p2a: Blastoise|Helping Hand|[of] p2b: Farigiraf\n|move|p2a: Blastoise|Water Spout|p1a: Espathra|[spread] p1a,p1b\n|-resisted|p1b: Archaludon|1\n|-enditem|p1a: Espathra|Focus Sash\n|-damage|p1a: Espathra|1/100\n|-damage|p1b: Archaludon|27/100\n|-ability|p1b: Archaludon|Stamina|boost\n|-boost|p1b: Archaludon|def|1\n|move|p1b: Archaludon|Draco Meteor|p2a: Blastoise\n|-damage|p2a: Blastoise|44/100\n|-unboost|p1b: Archaludon|spa|2\n|move|p1a: Espathra|Calm Mind|p1a: Espathra\n|-boost|p1a: Espathra|spa|1\n|-boost|p1a: Espathra|spd|1\n|\n|-heal|p1b: Archaludon|33/100|[from] item: Leftovers\n|-ability|p1a: Espathra|Speed Boost|boost\n|-boost|p1a: Espathra|spe|1\n|upkeep\n|turn|3\n|\n|t:|1776475073\n|switch|p2b: Sinistcha|Sinistcha, L50|100/100\n|-heal|p2a: Blastoise|68/100|[from] ability: Hospitality|[of] p2b: Sinistcha\n|switch|p1b: Tyranitar|Tyranitar, L50, M|100/100\n|-weather|Sandstorm|[from] ability: Sand Stream|[of] p1b: Tyranitar\n|move|p1a: Espathra|Protect|p1a: Espathra\n|-singleturn|p1a: Espathra|Protect\n|move|p2a: Blastoise|Water Spout|p1b: Tyranitar|[spread] p1b\n|-activate|p1a: Espathra|move: Protect\n|-supereffective|p1b: Tyranitar|1\n|-damage|p1b: Tyranitar|39/100\n|\n|-weather|Sandstorm|[upkeep]\n|-damage|p2b: Sinistcha|94/100|[from] Sandstorm\n|-damage|p2a: Blastoise|62/100|[from] Sandstorm\n|-damage|p1a: Espathra|0 fnt|[from] Sandstorm\n|faint|p1a: Espathra\n|upkeep\n|\n|t:|1776475084\n|switch|p1a: Archaludon|Archaludon, L50, F|33/100\n|turn|4\n|\n|t:|1776475093\n|move|p1b: Tyranitar|Protect|p1b: Tyranitar\n|-singleturn|p1b: Tyranitar|Protect\n|move|p2b: Sinistcha|Life Dew|p2b: Sinistcha|[spread] p2a,p2b\n|-heal|p2a: Blastoise|88/100\n|-heal|p2b: Sinistcha|100/100\n|move|p2a: Blastoise|Water Spout|p1a: Archaludon|[spread] p1a\n|-activate|p1b: Tyranitar|move: Protect\n|-resisted|p1a: Archaludon|1\n|-damage|p1a: Archaludon|0 fnt\n|faint|p1a: Archaludon\n|\n|-weather|Sandstorm|[upkeep]\n|-damage|p2b: Sinistcha|94/100|[from] Sandstorm\n|-damage|p2a: Blastoise|82/100|[from] Sandstorm\n|upkeep\n|\n|t:|1776475098\n|switch|p1a: Glimmora|Glimmora, L50, F|100/100\n|turn|5\n|-message|PPPOOPOOMANthe3rd forfeited.\n|\n|win|datrobino\n|raw|PPPOOPOOMANthe3rd's rating: 1116 &rarr; <strong>1092</strong><br />(-24 for losing)\n|raw|datrobino's rating: 1134 &rarr; <strong>1158</strong><br />(+24 for winning)\n|l|\u2606PPPOOPOOMANthe3rd\n|player|p1|\n",
  "uploadtime": 1776475104,
  "views": 22,
  "formatid": "gen9championsvgc2026regma",
  "rating": 1092,
  "private": 0,
  "password": null
}