{
  "id": "gen9championsvgc2026regma-2582619367",
  "format": "[Gen 9 Champions] VGC 2026 Reg M-A",
  "players": [
    "L_Yami_H",
    "TwoTop1"
  ],
  "log": "|j|\u2606L_Yami_H\n|j|\u2606TwoTop1\n|t:|1776103038\n|gametype|doubles\n|player|p1|L_Yami_H|ghetsis|1121\n|player|p2|TwoTop1|red|1137\n|gen|9\n|tier|[Gen 9 Champions] VGC 2026 Reg M-A\n|rated|\n|rule|Species Clause: Limit one of each Pok\u00e9mon\n|rule|Item Clause: Limit 1 of each item\n|clearpoke\n|poke|p1|Sableye, L50, M|\n|poke|p1|Victreebel, L50, F|\n|poke|p1|Farigiraf, L50, M|\n|poke|p1|Araquanid, L50, F|\n|poke|p1|Arcanine, L50, M|\n|poke|p1|Raichu, L50, M|\n|poke|p2|Aegislash, L50, F|\n|poke|p2|Incineroar, L50, M|\n|poke|p2|Froslass, L50, F|\n|poke|p2|Rotom-Wash, L50|\n|poke|p2|Garchomp, L50, M|\n|poke|p2|Sneasler, L50, F|\n|teampreview|4\n|inactive|Battle timer is ON: inactive players will automatically lose when time's up. (requested by TwoTop1)\n|\n|t:|1776103073\n|teamsize|p1|4\n|teamsize|p2|4\n|start\n|switch|p1a: Gabu|Arcanine, L50, M|100/100\n|switch|p1b: Yami|Sableye, L50, M|100/100\n|switch|p2a: Rotom|Rotom-Wash, L50|100/100\n|switch|p2b: Garchomp|Garchomp, L50, M|100/100\n|-ability|p1a: Gabu|Intimidate|boost\n|-unboost|p2a: Rotom|atk|1\n|-unboost|p2b: Garchomp|atk|1\n|turn|1\n|\n|t:|1776103094\n|move|p1b: Yami|Fake Out|p2a: Rotom\n|-damage|p2a: Rotom|88/100\n|cant|p2a: Rotom|flinch\n|move|p2b: Garchomp|Earthquake|p1b: Yami|[spread] p1a,p1b\n|-immune|p2a: Rotom|[from] ability: Levitate\n|-supereffective|p1a: Gabu|1\n|-damage|p1a: Gabu|49/100\n|-damage|p1b: Yami|60/100\n|-enditem|p1a: Gabu|Sitrus Berry|[eat]\n|-heal|p1a: Gabu|74/100|[from] item: Sitrus Berry\n|move|p1a: Gabu|Snarl|p2b: Garchomp|[spread] p2a,p2b\n|-damage|p2a: Rotom|78/100\n|-damage|p2b: Garchomp|90/100\n|-unboost|p2a: Rotom|spa|1\n|-unboost|p2b: Garchomp|spa|1\n|\n|upkeep\n|turn|2\n|\n|t:|1776103113\n|move|p1b: Yami|Skill Swap|p1a: Gabu\n|-activate|p1b: Yami|Skill Swap|||[of] p1a: Gabu\n|-ability|p1b: Yami|Intimidate|boost\n|-unboost|p2a: Rotom|atk|1\n|-unboost|p2b: Garchomp|atk|1\n|move|p1a: Gabu|Will-O-Wisp|p2b: Garchomp\n|-status|p2b: Garchomp|brn\n|move|p2a: Rotom|Volt Switch|p1a: Gabu\n|-damage|p1a: Gabu|54/100\n|\n|t:|1776103128\n|switch|p2a: Aegislash|Aegislash, L50, F|100/100|[from] Volt Switch\n|move|p2b: Garchomp|Earthquake|p1b: Yami|[spread] p2a,p1a,p1b\n|-supereffective|p2a: Aegislash|1\n|-crit|p2a: Aegislash\n|-supereffective|p1a: Gabu|1\n|-damage|p2a: Aegislash|43/100\n|-damage|p1a: Gabu|32/100\n|-damage|p1b: Yami|46/100\n|\n|-heal|p2a: Aegislash|49/100|[from] item: Leftovers\n|-damage|p2b: Garchomp|84/100 brn|[from] brn\n|upkeep\n|turn|3\n|\n|t:|1776103153\n|move|p1a: Gabu|Morning Sun|p1a: Gabu\n|-heal|p1a: Gabu|82/100\n|move|p1b: Yami|Sucker Punch|p2a: Aegislash\n|-supereffective|p2a: Aegislash|1\n|-damage|p2a: Aegislash|9/100\n|move|p2b: Garchomp|Dragon Claw|p1a: Gabu\n|-damage|p1a: Gabu|74/100\n|-formechange|p2a: Aegislash|Aegislash-Blade|\n|move|p2a: Aegislash|Flash Cannon|p1b: Yami\n|-damage|p1b: Yami|0 fnt\n|faint|p1b: Yami\n|\n|-heal|p2a: Aegislash|15/100|[from] item: Leftovers\n|-damage|p2b: Garchomp|78/100 brn|[from] brn\n|upkeep\n|\n|t:|1776103167\n|switch|p1b: J.H|Farigiraf, L50, M|100/100\n|turn|4\n|\n|t:|1776103178\n|switch|p2b: Rotom|Rotom-Wash, L50|78/100\n|-formechange|p2a: Aegislash|Aegislash|\n|move|p2a: Aegislash|King's Shield|p2a: Aegislash\n|-singleturn|p2a: Aegislash|Protect\n|move|p1a: Gabu|Heat Wave|p2b: Rotom|[spread] p2b\n|-activate|p2a: Aegislash|move: Protect\n|-resisted|p2b: Rotom|1\n|-damage|p2b: Rotom|66/100\n|move|p1b: J.H|Trick Room|p1b: J.H\n|-fieldstart|move: Trick Room|[of] p1b: J.H\n|\n|-heal|p2a: Aegislash|21/100|[from] item: Leftovers\n|upkeep\n|turn|5\n|\n|t:|1776103202\n|-formechange|p2a: Aegislash|Aegislash-Blade|\n|move|p2a: Aegislash|Shadow Ball|p1a: Gabu\n|-damage|p1a: Gabu|37/100\n|-unboost|p1a: Gabu|spd|1\n|move|p1b: J.H|Twin Beam|p2b: Rotom\n|-damage|p2b: Rotom|41/100\n|-damage|p2b: Rotom|16/100\n|-hitcount|p2b: Rotom|2\n|move|p1a: Gabu|Snarl|p2b: Rotom|[spread] p2a,p2b\n|-supereffective|p2a: Aegislash|1\n|-crit|p2b: Rotom\n|-damage|p2a: Aegislash|0 fnt\n|-damage|p2b: Rotom|2/100\n|-unboost|p2b: Rotom|spa|1\n|faint|p2a: Aegislash\n|move|p2b: Rotom|Thunderbolt|p1b: J.H\n|-crit|p1b: J.H\n|-damage|p1b: J.H|33/100\n|\n|upkeep\n|\n|t:|1776103211\n|switch|p2a: Garchomp|Garchomp, L50, M|78/100 brn\n|turn|6\n|\n|t:|1776103224\n|move|p1a: Gabu|Morning Sun|p1a: Gabu\n|-heal|p1a: Gabu|86/100\n|move|p1b: J.H|Dazzling Gleam|p2a: Garchomp|[spread] p2a,p2b\n|-supereffective|p2a: Garchomp|1\n|-damage|p2a: Garchomp|36/100 brn\n|-damage|p2b: Rotom|0 fnt\n|faint|p2b: Rotom\n|move|p2a: Garchomp|Earthquake|p1b: J.H|[spread] p1a,p1b\n|-supereffective|p1a: Gabu|1\n|-crit|p1b: J.H\n|-damage|p1a: Gabu|43/100\n|-damage|p1b: J.H|1/100\n|\n|-damage|p2a: Garchomp|30/100 brn|[from] brn\n|upkeep\n|\n|t:|1776103230\n|switch|p2b: Sneasler|Sneasler, L50, F|100/100\n|turn|7\n|\n|t:|1776103244\n|move|p2b: Sneasler|Protect|p2b: Sneasler\n|-singleturn|p2b: Sneasler|Protect\n|move|p1b: J.H|Dazzling Gleam|p2a: Garchomp|[spread] p2a\n|-activate|p2b: Sneasler|move: Protect\n|-supereffective|p2a: Garchomp|1\n|-damage|p2a: Garchomp|0 fnt\n|faint|p2a: Garchomp\n|move|p1a: Gabu|Heat Wave|p2b: Sneasler\n|-activate|p2b: Sneasler|move: Protect\n|\n|upkeep\n|turn|8\n|\n|t:|1776103254\n|move|p1a: Gabu|Will-O-Wisp|p2b: Sneasler\n|-status|p2b: Sneasler|brn\n|move|p1b: J.H|Twin Beam|p2b: Sneasler\n|-supereffective|p2b: Sneasler|2\n|-damage|p2b: Sneasler|0 fnt\n|faint|p2b: Sneasler\n|-hitcount|p2: Sneasler|1\n|\n|win|L_Yami_H\n|raw|L_Yami_H's rating: 1121 &rarr; <strong>1147</strong><br />(+26 for winning)\n|raw|TwoTop1's rating: 1137 &rarr; <strong>1111</strong><br />(-26 for losing)\n|l|\u2606TwoTop1\n|player|p2|\n",
  "uploadtime": 1776103263,
  "views": 23,
  "formatid": "gen9championsvgc2026regma",
  "rating": 1111,
  "private": 0,
  "password": null
}