{
  "id": "gen9championsvgc2026regma-2584165673",
  "format": "[Gen 9 Champions] VGC 2026 Reg M-A",
  "players": [
    "AlejoSv8",
    "Fuzzyaidan"
  ],
  "log": "|j|\u2606AlejoSv8\n|j|\u2606Fuzzyaidan\n|t:|1776233129\n|gametype|doubles\n|player|p1|AlejoSv8|102|1099\n|player|p2|Fuzzyaidan|265|1167\n|gen|9\n|tier|[Gen 9 Champions] VGC 2026 Reg M-A\n|rated|\n|rule|Species Clause: Limit one of each Pok\u00e9mon\n|rule|Item Clause: Limit 1 of each item\n|clearpoke\n|poke|p1|Torkoal, L50, F|\n|poke|p1|Gallade, L50, M|\n|poke|p1|Venusaur, L50, F|\n|poke|p1|Farigiraf, L50, F|\n|poke|p1|Charizard, L50, M|\n|poke|p1|Garchomp, L50, F|\n|poke|p2|Gyarados, L50, F|\n|poke|p2|Aegislash, L50, M|\n|poke|p2|Charizard, L50, M|\n|poke|p2|Garchomp, L50, F|\n|poke|p2|Whimsicott, L50, M|\n|poke|p2|Sneasler, L50, M|\n|teampreview|4\n|\n|t:|1776233185\n|teamsize|p1|4\n|teamsize|p2|4\n|start\n|switch|p1a: Farigiraf|Farigiraf, L50, F|100/100\n|switch|p1b: Gallade|Gallade, L50, M|100/100\n|switch|p2a: Charizard|Charizard, L50, M|100/100\n|switch|p2b: Whimsicott|Whimsicott, L50, M, shiny|100/100\n|turn|1\n|\n|t:|1776233220\n|move|p1b: Gallade|Wide Guard|p1b: Gallade\n|-singleturn|p1b: Gallade|Wide Guard\n|move|p2b: Whimsicott|Moonblast|p1b: Gallade\n|-supereffective|p1b: Gallade|1\n|-damage|p1b: Gallade|34/100\n|move|p2a: Charizard|Dragon Dance|p2a: Charizard\n|-boost|p2a: Charizard|atk|1\n|-boost|p2a: Charizard|spe|1\n|move|p1a: Farigiraf|Trick Room|p1a: Farigiraf\n|-fieldstart|move: Trick Room|[of] p1a: Farigiraf\n|\n|upkeep\n|turn|2\n|\n|t:|1776233246\n|move|p2b: Whimsicott|Encore||[still]\n|cant|p1a: Farigiraf|ability: Armor Tail|Encore|[of] p2b: Whimsicott\n|move|p1a: Farigiraf|Hyper Voice|p2b: Whimsicott|[spread] p2a,p2b\n|-damage|p2a: Charizard|64/100\n|-damage|p2b: Whimsicott|52/100\n|move|p1b: Gallade|Psycho Cut|p2a: Charizard\n|-damage|p2a: Charizard|0 fnt\n|faint|p2a: Charizard\n|\n|upkeep\n|\n|t:|1776233258\n|switch|p2a: Sneasler|Sneasler, L50, M|100/100\n|turn|3\n|\n|t:|1776233301\n|switch|p2a: Aegislash|Aegislash, L50, M, shiny|100/100\n|move|p1a: Farigiraf|Hyper Voice|p2a: Aegislash|[spread] p2b\n|-immune|p2a: Aegislash\n|-damage|p2b: Whimsicott|8/100\n|move|p1b: Gallade|Psycho Cut|p2a: Aegislash\n|-resisted|p2a: Aegislash|1\n|-damage|p2a: Aegislash|78/100\n|move|p2b: Whimsicott|Moonblast|p1b: Gallade\n|-supereffective|p1b: Gallade|1\n|-damage|p1b: Gallade|0 fnt\n|faint|p1b: Gallade\n|\n|-heal|p2a: Aegislash|84/100|[from] item: Leftovers\n|upkeep\n|\n|t:|1776233318\n|switch|p1b: Torkoal|Torkoal, L50, F|100/100\n|-weather|SunnyDay|[from] ability: Drought|[of] p1b: Torkoal\n|turn|4\n|\n|t:|1776233330\n|move|p2a: Aegislash|Wide Guard|p2a: Aegislash\n|-singleturn|p2a: Aegislash|Wide Guard\n|move|p1b: Torkoal|Eruption|p2a: Aegislash|[spread] \n|-activate|p2a: Aegislash|move: Wide Guard\n|-activate|p2b: Whimsicott|move: Wide Guard\n|move|p1a: Farigiraf|Hyper Voice|p2b: Whimsicott|[spread] \n|-activate|p2a: Aegislash|move: Wide Guard\n|-activate|p2b: Whimsicott|move: Wide Guard\n|move|p2b: Whimsicott|Moonblast|p1a: Farigiraf\n|-damage|p1a: Farigiraf|66/100\n|\n|-weather|SunnyDay|[upkeep]\n|-heal|p2a: Aegislash|90/100|[from] item: Leftovers\n|upkeep\n|turn|5\n|\n|t:|1776233361\n|switch|p2a: Sneasler|Sneasler, L50, M|100/100\n|move|p2b: Whimsicott|Protect|p2b: Whimsicott\n|-singleturn|p2b: Whimsicott|Protect\n|move|p1b: Torkoal|Eruption|p2b: Whimsicott|[spread] p2a\n|-activate|p2b: Whimsicott|move: Protect\n|-damage|p2a: Sneasler|0 fnt\n|faint|p2a: Sneasler\n|move|p1a: Farigiraf|Hyper Voice|p2b: Whimsicott\n|-activate|p2b: Whimsicott|move: Protect\n|\n|-weather|SunnyDay|[upkeep]\n|-fieldend|move: Trick Room\n|upkeep\n|\n|t:|1776233378\n|switch|p2a: Aegislash|Aegislash, L50, M, shiny|90/100\n|turn|6\n|\n|t:|1776233398\n|move|p1a: Farigiraf|Protect|p1a: Farigiraf\n|-singleturn|p1a: Farigiraf|Protect\n|move|p1b: Torkoal|Protect|p1b: Torkoal\n|-singleturn|p1b: Torkoal|Protect\n|move|p2a: Aegislash|Wide Guard|p2a: Aegislash\n|-singleturn|p2a: Aegislash|Wide Guard\n|move|p2b: Whimsicott|Moonblast|p1a: Farigiraf\n|-activate|p1a: Farigiraf|move: Protect\n|\n|-weather|SunnyDay|[upkeep]\n|-heal|p2a: Aegislash|96/100|[from] item: Leftovers\n|upkeep\n|turn|7\n|\n|t:|1776233452\n|move|p2a: Aegislash|Wide Guard|p2a: Aegislash\n|-singleturn|p2a: Aegislash|Wide Guard\n|move|p2b: Whimsicott|Moonblast|p1a: Farigiraf\n|-damage|p1a: Farigiraf|30/100\n|-enditem|p1a: Farigiraf|Sitrus Berry|[eat]\n|-heal|p1a: Farigiraf|55/100|[from] item: Sitrus Berry\n|move|p1b: Torkoal|Eruption|p2a: Aegislash|[spread] \n|-activate|p2a: Aegislash|move: Wide Guard\n|-activate|p2b: Whimsicott|move: Wide Guard\n|move|p1a: Farigiraf|Trick Room|p1a: Farigiraf\n|-fieldstart|move: Trick Room|[of] p1a: Farigiraf\n|\n|-weather|SunnyDay|[upkeep]\n|-heal|p2a: Aegislash|100/100|[from] item: Leftovers\n|upkeep\n|turn|8\n|\n|t:|1776233482\n|move|p1b: Torkoal|Weather Ball|p2a: Aegislash\n|-supereffective|p2a: Aegislash|1\n|-damage|p2a: Aegislash|0 fnt\n|faint|p2a: Aegislash\n|move|p1a: Farigiraf|Psychic|p2b: Whimsicott\n|-damage|p2b: Whimsicott|0 fnt\n|faint|p2b: Whimsicott\n|\n|win|AlejoSv8\n|raw|AlejoSv8's rating: 1099 &rarr; <strong>1129</strong><br />(+30 for winning)\n|raw|Fuzzyaidan's rating: 1167 &rarr; <strong>1137</strong><br />(-30 for losing)\n|l|\u2606Fuzzyaidan\n|player|p2|\n",
  "uploadtime": 1776233495,
  "views": 17,
  "formatid": "gen9championsvgc2026regma",
  "rating": 1129,
  "private": 0,
  "password": null
}