{
  "id": "gen9championsvgc2026regma-2588559810",
  "format": "[Gen 9 Champions] VGC 2026 Reg M-A",
  "players": [
    "conquestwasgood",
    "Johten"
  ],
  "log": "|j|\u2606conquestwasgood\n|j|\u2606Johten\n|t:|1776644985\n|gametype|doubles\n|player|p1|conquestwasgood|hero-conquest|1240\n|player|p2|Johten|veteran|1203\n|gen|9\n|tier|[Gen 9 Champions] VGC 2026 Reg M-A\n|rated|\n|rule|Species Clause: Limit one of each Pok\u00e9mon\n|rule|Item Clause: Limit 1 of each item\n|clearpoke\n|poke|p1|Froslass, L50, F|\n|poke|p1|Aerodactyl, L50, M|\n|poke|p1|Sneasler, L50, M|\n|poke|p1|Primarina, L50, M|\n|poke|p1|Scizor, L50, F|\n|poke|p1|Incineroar, L50, F|\n|poke|p2|Talonflame, L50, M|\n|poke|p2|Milotic, L50, F|\n|poke|p2|Farigiraf, L50, F|\n|poke|p2|Heliolisk, L50, F|\n|poke|p2|Gardevoir, L50, M|\n|poke|p2|Delphox, L50, M|\n|teampreview|4\n|inactive|Battle timer is ON: inactive players will automatically lose when time's up. (requested by Johten)\n|\n|t:|1776645010\n|teamsize|p1|4\n|teamsize|p2|4\n|start\n|switch|p1a: Sneasler|Sneasler, L50, M|100/100\n|switch|p1b: Aerodactyl|Aerodactyl, L50, M|100/100\n|switch|p2a: Milotic|Milotic, L50, F|100/100\n|switch|p2b: Delphox|Delphox, L50, M|100/100\n|-ability|p1b: Aerodactyl|Unnerve\n|turn|1\n|\n|t:|1776645030\n|switch|p2b: Farigiraf|Farigiraf, L50, F|100/100\n|move|p1a: Sneasler|Fake Out||[still]\n|cant|p2b: Farigiraf|ability: Armor Tail|Fake Out|[of] p1a: Sneasler\n|move|p1b: Aerodactyl|Tailwind|p1b: Aerodactyl\n|-sidestart|p1: conquestwasgood|move: Tailwind\n|move|p2a: Milotic|Scald|p1b: Aerodactyl\n|-supereffective|p1b: Aerodactyl|1\n|-crit|p1b: Aerodactyl\n|-enditem|p1b: Aerodactyl|Focus Sash\n|-damage|p1b: Aerodactyl|1/100\n|-status|p1b: Aerodactyl|brn\n|\n|-damage|p1b: Aerodactyl|0 fnt|[from] brn\n|faint|p1b: Aerodactyl\n|upkeep\n|\n|t:|1776645052\n|switch|p1b: Froslass|Froslass, L50, F|100/100\n|turn|2\n|inactive|conquestwasgood has 30 seconds left.\n|\n|t:|1776645081\n|detailschange|p1b: Froslass|Froslass-Mega, L50, F\n|-mega|p1b: Froslass|Froslass|Froslassite\n|-weather|Snowscape|[from] ability: Snow Warning|[of] p1b: Froslass\n|move|p2b: Farigiraf|Protect|p2b: Farigiraf\n|-singleturn|p2b: Farigiraf|Protect\n|move|p1a: Sneasler|Close Combat|p2b: Farigiraf\n|-activate|p2b: Farigiraf|move: Protect\n|move|p1b: Froslass|Aurora Veil|p1b: Froslass\n|-sidestart|p1: conquestwasgood|move: Aurora Veil\n|move|p2a: Milotic|Scald|p1a: Sneasler\n|-damage|p1a: Sneasler|76/100\n|\n|-weather|Snowscape|[upkeep]\n|upkeep\n|turn|3\n|inactive|conquestwasgood has 30 seconds left.\n|\n|t:|1776645116\n|move|p1a: Sneasler|Close Combat|p2a: Milotic\n|-damage|p2a: Milotic|43/100\n|-unboost|p1a: Sneasler|def|1\n|-unboost|p1a: Sneasler|spd|1\n|-enditem|p1a: Sneasler|White Herb\n|-clearnegativeboost|p1a: Sneasler|[silent]\n|move|p1b: Froslass|Blizzard|p2a: Milotic|[spread] p2a,p2b\n|-resisted|p2a: Milotic|1\n|-damage|p2a: Milotic|28/100\n|-damage|p2b: Farigiraf|58/100\n|-status|p2b: Farigiraf|frz\n|-enditem|p2b: Farigiraf|Lum Berry|[eat]\n|-curestatus|p2b: Farigiraf|frz|[msg]\n|move|p2a: Milotic|Scald|p1b: Froslass\n|-damage|p1b: Froslass|77/100\n|move|p2b: Farigiraf|Twin Beam|p1a: Sneasler\n|-supereffective|p1a: Sneasler|2\n|-damage|p1a: Sneasler|13/100\n|-supereffective|p1a: Sneasler|2\n|-damage|p1a: Sneasler|0 fnt\n|faint|p1a: Sneasler\n|-hitcount|p1: Sneasler|2\n|\n|-weather|Snowscape|[upkeep]\n|-heal|p2a: Milotic|34/100|[from] item: Leftovers\n|upkeep\n|\n|t:|1776645131\n|switch|p1a: Primarina|Primarina, L50, M|100/100\n|turn|4\n|\n|t:|1776645147\n|move|p2a: Milotic|Protect|p2a: Milotic\n|-singleturn|p2a: Milotic|Protect\n|move|p1b: Froslass|Blizzard|p2b: Farigiraf|[spread] p2b\n|-activate|p2a: Milotic|move: Protect\n|-crit|p2b: Farigiraf\n|-damage|p2b: Farigiraf|1/100\n|move|p1a: Primarina|Hyper Voice|p2b: Farigiraf|[spread] p2b\n|-activate|p2a: Milotic|move: Protect\n|-damage|p2b: Farigiraf|0 fnt\n|faint|p2b: Farigiraf\n|\n|-weather|Snowscape|[upkeep]\n|-heal|p2a: Milotic|41/100|[from] item: Leftovers\n|-sideend|p1: conquestwasgood|move: Tailwind\n|upkeep\n|\n|t:|1776645160\n|switch|p2b: Talonflame|Talonflame, L50, M|100/100\n|turn|5\n|\n|t:|1776645168\n|move|p2b: Talonflame|Tailwind|p2b: Talonflame\n|-sidestart|p2: Johten|move: Tailwind\n|move|p2a: Milotic|Recover|p2a: Milotic\n|-heal|p2a: Milotic|91/100\n|move|p1b: Froslass|Blizzard|p2b: Talonflame|[spread] p2a,p2b\n|-resisted|p2a: Milotic|1\n|-damage|p2a: Milotic|75/100\n|-damage|p2b: Talonflame|29/100\n|move|p1a: Primarina|Hyper Voice|p2a: Milotic|[spread] p2a,p2b\n|-resisted|p2a: Milotic|1\n|-supereffective|p2b: Talonflame|1\n|-damage|p2a: Milotic|64/100\n|-damage|p2b: Talonflame|0 fnt\n|faint|p2b: Talonflame\n|\n|-weather|Snowscape|[upkeep]\n|-heal|p2a: Milotic|70/100|[from] item: Leftovers\n|upkeep\n|\n|t:|1776645181\n|switch|p2b: Delphox|Delphox, L50, M|100/100\n|turn|6\n|\n|t:|1776645200\n|move|p2b: Delphox|Protect|p2b: Delphox\n|-singleturn|p2b: Delphox|Protect\n|move|p2a: Milotic|Scald|p1a: Primarina\n|-resisted|p1a: Primarina|1\n|-damage|p1a: Primarina|92/100\n|move|p1b: Froslass|Shadow Ball|p2b: Delphox\n|-activate|p2b: Delphox|move: Protect\n|move|p1a: Primarina|Dazzling Gleam|p2a: Milotic|[spread] p2a\n|-activate|p2b: Delphox|move: Protect\n|-damage|p2a: Milotic|54/100\n|\n|-weather|none\n|-heal|p2a: Milotic|60/100|[from] item: Leftovers\n|-sideend|p1: conquestwasgood|move: Aurora Veil\n|upkeep\n|turn|7\n|\n|t:|1776645218\n|detailschange|p2b: Delphox|Delphox-Mega, L50, M\n|-mega|p2b: Delphox|Delphox|Delphoxite\n|move|p1b: Froslass|Protect|p1b: Froslass\n|-singleturn|p1b: Froslass|Protect\n|move|p2b: Delphox|Heat Wave|p1b: Froslass|[spread] p1a\n|-activate|p1b: Froslass|move: Protect\n|-resisted|p1a: Primarina|1\n|-damage|p1a: Primarina|76/100\n|move|p2a: Milotic|Scald|p1a: Primarina\n|-resisted|p1a: Primarina|1\n|-damage|p1a: Primarina|63/100\n|-status|p1a: Primarina|brn\n|move|p1a: Primarina|Icy Wind|p2a: Milotic|[spread] p2a,p2b\n|-resisted|p2a: Milotic|1\n|-resisted|p2b: Delphox|1\n|-damage|p2a: Milotic|57/100\n|-damage|p2b: Delphox|94/100\n|-unboost|p2a: Milotic|spe|1\n|-ability|p2a: Milotic|Competitive|boost\n|-boost|p2a: Milotic|spa|2\n|-unboost|p2b: Delphox|spe|1\n|\n|-heal|p2a: Milotic|63/100|[from] item: Leftovers\n|-damage|p1a: Primarina|57/100 brn|[from] brn\n|upkeep\n|turn|8\n|inactive|conquestwasgood has 30 seconds left.\n|inactive|Johten has 30 seconds left.\n|inactive|conquestwasgood has 20 seconds left.\n|inactive|conquestwasgood has 15 seconds left.\n|\n|t:|1776645258\n|move|p2b: Delphox|Heat Wave|p1a: Primarina|[spread] p1a,p1b\n|-resisted|p1a: Primarina|1\n|-supereffective|p1b: Froslass|1\n|-damage|p1a: Primarina|41/100 brn\n|-damage|p1b: Froslass|0 fnt\n|faint|p1b: Froslass\n|move|p2a: Milotic|Scald|p1a: Primarina\n|-resisted|p1a: Primarina|1\n|-damage|p1a: Primarina|17/100 brn\n|move|p1a: Primarina|Hyper Voice|p2a: Milotic|[spread] p2a,p2b\n|-resisted|p2a: Milotic|1\n|-supereffective|p2b: Delphox|1\n|-damage|p2a: Milotic|53/100\n|-damage|p2b: Delphox|30/100\n|\n|-heal|p2a: Milotic|59/100|[from] item: Leftovers\n|-damage|p1a: Primarina|11/100 brn|[from] brn\n|-sideend|p2: Johten|move: Tailwind\n|upkeep\n|turn|9\n|\n|t:|1776645276\n|move|p2b: Delphox|Psychic|p1a: Primarina\n|-damage|p1a: Primarina|0 fnt\n|faint|p1a: Primarina\n|\n|win|Johten\n|raw|conquestwasgood's rating: 1240 &rarr; <strong>1212</strong><br />(-28 for losing)\n|raw|Johten's rating: 1203 &rarr; <strong>1231</strong><br />(+28 for winning)\n",
  "uploadtime": 1776645281,
  "views": 15,
  "formatid": "gen9championsvgc2026regma",
  "rating": 1212,
  "private": 0,
  "password": null
}