{
  "id": "gen9championsvgc2026regma-2587751094",
  "format": "[Gen 9 Champions] VGC 2026 Reg M-A",
  "players": [
    "Egzy",
    "blazegeo"
  ],
  "log": "|j|\u2606Egzy\n|j|\u2606blazegeo\n|t:|1776560322\n|gametype|doubles\n|player|p1|Egzy|169|1137\n|player|p2|blazegeo|169|1040\n|gen|9\n|tier|[Gen 9 Champions] VGC 2026 Reg M-A\n|rated|\n|rule|Species Clause: Limit one of each Pok\u00e9mon\n|rule|Item Clause: Limit 1 of each item\n|clearpoke\n|poke|p1|Garchomp, L50, M|\n|poke|p1|Rotom-Wash, L50|\n|poke|p1|Delphox, L50, F|\n|poke|p1|Aerodactyl, L50, F|\n|poke|p1|Sneasler, L50, M|\n|poke|p1|Meganium, L50, F|\n|poke|p2|Kommo-o, L50, F|\n|poke|p2|Tinkaton, L50, F|\n|poke|p2|Milotic, L50, F|\n|poke|p2|Sableye, L50, F|\n|poke|p2|Arcanine, L50, M|\n|poke|p2|Emolga, L50, M|\n|teampreview|4\n|inactive|Battle timer is ON: inactive players will automatically lose when time's up. (requested by blazegeo)\n|inactive|Egzy also wants the timer to be on.\n|j| gymleader avery\n|l| gymleader avery\n|inactive|blazegeo has 60 seconds left.\n|\n|t:|1776560355\n|teamsize|p1|4\n|teamsize|p2|4\n|start\n|switch|p1a: Meganium|Meganium, L50, F|100/100\n|switch|p1b: Aerodactyl|Aerodactyl, L50, F|100/100\n|switch|p2a: Arcanine|Arcanine, L50, M|100/100\n|switch|p2b: Tinkaton|Tinkaton, L50, F|100/100\n|-ability|p2a: Arcanine|Intimidate|boost\n|-unboost|p1a: Meganium|atk|1\n|-unboost|p1b: Aerodactyl|atk|1\n|-ability|p2b: Tinkaton|Mold Breaker\n|turn|1\n|inactive|Egzy has 30 seconds left.\n|inactive|blazegeo has 30 seconds left.\n|\n|t:|1776560381\n|detailschange|p1a: Meganium|Meganium-Mega, L50, F\n|-mega|p1a: Meganium|Meganium|Meganiumite\n|move|p2b: Tinkaton|Fake Out|p1b: Aerodactyl\n|-resisted|p1b: Aerodactyl|1\n|-damage|p1b: Aerodactyl|94/100\n|move|p2a: Arcanine|Flare Blitz|p1a: Meganium\n|-supereffective|p1a: Meganium|1\n|-damage|p1a: Meganium|0 fnt\n|faint|p1a: Meganium\n|-damage|p2a: Arcanine|68/100|[from] Recoil\n|cant|p1b: Aerodactyl|flinch\n|\n|upkeep\n|\n|t:|1776560393\n|switch|p1a: Rotom|Rotom-Wash, L50|100/100\n|turn|2\n|\n|t:|1776560409\n|switch|p2a: Kommo-o|Kommo-o, L50, F|100/100\n|move|p2b: Tinkaton|Protect|p2b: Tinkaton\n|-singleturn|p2b: Tinkaton|Protect\n|move|p1b: Aerodactyl|Rock Slide|p2b: Tinkaton|[spread] \n|-activate|p2b: Tinkaton|move: Protect\n|-miss|p1b: Aerodactyl|p2a: Kommo-o\n|move|p1a: Rotom|Hydro Pump|p2b: Tinkaton\n|-activate|p2b: Tinkaton|move: Protect\n|\n|upkeep\n|turn|3\n|\n|t:|1776560428\n|move|p1b: Aerodactyl|Dual Wingbeat|p2a: Kommo-o\n|-supereffective|p2a: Kommo-o|1\n|-damage|p2a: Kommo-o|79/100\n|-supereffective|p2a: Kommo-o|1\n|-damage|p2a: Kommo-o|54/100\n|-hitcount|p2a: Kommo-o|2\n|move|p2b: Tinkaton|Gigaton Hammer|p1b: Aerodactyl\n|-supereffective|p1b: Aerodactyl|1\n|-damage|p1b: Aerodactyl|0 fnt\n|faint|p1b: Aerodactyl\n|move|p1a: Rotom|Electroweb|p2b: Tinkaton|[spread] p2a,p2b\n|-resisted|p2a: Kommo-o|1\n|-damage|p2a: Kommo-o|42/100\n|-damage|p2b: Tinkaton|85/100\n|-unboost|p2a: Kommo-o|spe|1\n|-unboost|p2b: Tinkaton|spe|1\n|move|p2a: Kommo-o|Clanging Scales|p1a: Rotom\n|-damage|p1a: Rotom|22/100\n|-unboost|p2a: Kommo-o|def|1\n|\n|upkeep\n|\n|t:|1776560441\n|switch|p1b: Sneasler|Sneasler, L50, M|100/100\n|turn|4\n|\n|t:|1776560462\n|switch|p2b: Sableye|Sableye, L50, F|100/100\n|move|p2a: Kommo-o|Protect|p2a: Kommo-o\n|-singleturn|p2a: Kommo-o|Protect\n|move|p1b: Sneasler|Fake Out|p2b: Sableye\n|-immune|p2b: Sableye\n|move|p1a: Rotom|Hydro Pump|p2b: Sableye|[miss]\n|-miss|p1a: Rotom|p2b: Sableye\n|\n|upkeep\n|turn|5\n|-message|Egzy forfeited.\n|\n|win|blazegeo\n|raw|Egzy's rating: 1137 &rarr; <strong>1105</strong><br />(-32 for losing)\n|raw|blazegeo's rating: 1040 &rarr; <strong>1083</strong><br />(+43 for winning)\n|l|\u2606Egzy\n|player|p1|\n|c|\u2606blazegeo|gg\n",
  "uploadtime": 1776560488,
  "views": 12,
  "formatid": "gen9championsvgc2026regma",
  "rating": 1083,
  "private": 0,
  "password": null
}