{
  "id": "gen9championsvgc2026regma-2582893755",
  "format": "[Gen 9 Champions] VGC 2026 Reg M-A",
  "players": [
    "thezekroman",
    "BloodTrailedCometV"
  ],
  "log": "|j|\u2606thezekroman\n|j|\u2606BloodTrailedCometV\n|t:|1776122724\n|gametype|doubles\n|player|p1|thezekroman|cynthia|1084\n|player|p2|BloodTrailedCometV|lance-masters2|1092\n|gen|9\n|tier|[Gen 9 Champions] VGC 2026 Reg M-A\n|rated|\n|rule|Species Clause: Limit one of each Pok\u00e9mon\n|rule|Item Clause: Limit 1 of each item\n|clearpoke\n|poke|p1|Dragonite, L50, M|\n|poke|p1|Pelipper, L50, M|\n|poke|p1|Basculegion, L50, M|\n|poke|p1|Archaludon, L50, F|\n|poke|p1|Incineroar, L50, F|\n|poke|p1|Sneasler, L50, F|\n|poke|p2|Golurk, L50|\n|poke|p2|Crabominable, L50, M|\n|poke|p2|Hatterene, L50, F|\n|poke|p2|Sinistcha-Masterpiece, L50|\n|poke|p2|Kingambit, L50, M|\n|poke|p2|Torkoal, L50, M|\n|teampreview|4\n|inactive|Battle timer is ON: inactive players will automatically lose when time's up. (requested by BloodTrailedCometV)\n|inactive|thezekroman also wants the timer to be on.\n|c|\u2606BloodTrailedCometV|It\u2019s all rain\nBloodTrailedCometV rejected open team sheets.\n|inactive|thezekroman has 60 seconds left.\n|\n|t:|1776122760\n|teamsize|p1|4\n|teamsize|p2|4\n|start\n|switch|p1a: Archaludon|Archaludon, L50, F|100/100\n|switch|p1b: Basculegion|Basculegion, L50, M|100/100\n|switch|p2a: Sinistcha|Sinistcha-Masterpiece, L50|100/100\n|switch|p2b: Hatterene|Hatterene, L50, F|100/100\n|turn|1\n|inactive|thezekroman has 30 seconds left.\n|inactive|thezekroman has 20 seconds left.\n|inactive|thezekroman has 15 seconds left.\n|\n|t:|1776122801\n|move|p2a: Sinistcha|Rage Powder|p2a: Sinistcha\n|-singleturn|p2a: Sinistcha|move: Rage Powder\n|move|p1b: Basculegion|Last Respects|p2a: Sinistcha\n|-supereffective|p2a: Sinistcha|1\n|-damage|p2a: Sinistcha|38/100\n|move|p1a: Archaludon|Flash Cannon|p2a: Sinistcha\n|-damage|p2a: Sinistcha|0 fnt\n|faint|p2a: Sinistcha\n|move|p2b: Hatterene|Trick Room|p2b: Hatterene\n|-fieldstart|move: Trick Room|[of] p2b: Hatterene\n|\n|upkeep\n|\n|t:|1776122819\n|switch|p2a: Golurk|Golurk, L50, shiny|100/100\n|turn|2\n|\n|t:|1776122827\n|switch|p1b: Pelipper|Pelipper, L50, M|100/100\n|-weather|RainDance|[from] ability: Drizzle|[of] p1b: Pelipper\n|detailschange|p2a: Golurk|Golurk-Mega, L50, shiny\n|-mega|p2a: Golurk|Golurk|Golurkite\n|move|p1a: Archaludon|Protect|p1a: Archaludon\n|-singleturn|p1a: Archaludon|Protect\n|move|p2b: Hatterene|Dazzling Gleam|p1b: Pelipper|[spread] p1b\n|-activate|p1a: Archaludon|move: Protect\n|-damage|p1b: Pelipper|34/100\n|move|p2a: Golurk|Poltergeist|p1b: Pelipper\n|-activate|p1b: Pelipper|move: Poltergeist|Focus Sash\n|-damage|p1b: Pelipper|0 fnt\n|faint|p1b: Pelipper\n|\n|-weather|RainDance|[upkeep]\n|upkeep\n|\n|t:|1776122849\n|switch|p1b: Basculegion|Basculegion, L50, M|100/100\n|turn|3\n|\n|t:|1776122859\n|move|p1b: Basculegion|Aqua Jet|p2a: Golurk\n|-supereffective|p2a: Golurk|1\n|-damage|p2a: Golurk|37/100\n|move|p2b: Hatterene|Dazzling Gleam|p1b: Basculegion|[spread] p1a,p1b\n|-damage|p1a: Archaludon|56/100\n|-damage|p1b: Basculegion|62/100\n|move|p2a: Golurk|Poltergeist|p1b: Basculegion\n|-activate|p1b: Basculegion|move: Poltergeist|Choice Scarf\n|-supereffective|p1b: Basculegion|1\n|-damage|p1b: Basculegion|0 fnt\n|faint|p1b: Basculegion\n|move|p1a: Archaludon|Flash Cannon|p2b: Hatterene\n|-supereffective|p2b: Hatterene|1\n|-damage|p2b: Hatterene|9/100\n|\n|-weather|RainDance|[upkeep]\n|upkeep\n|\n|t:|1776122865\n|switch|p1b: Sneasler|Sneasler, L50, F|100/100\n|turn|4\n|inactive|BloodTrailedCometV has 30 seconds left.\n|\n|t:|1776122892\n|move|p2b: Hatterene|Protect|p2b: Hatterene\n|-singleturn|p2b: Hatterene|Protect\n|move|p1b: Sneasler|Protect|p1b: Sneasler\n|-singleturn|p1b: Sneasler|Protect\n|move|p2a: Golurk|Headlong Rush|p1a: Archaludon\n|-supereffective|p1a: Archaludon|1\n|-damage|p1a: Archaludon|0 fnt\n|-unboost|p2a: Golurk|def|1\n|-unboost|p2a: Golurk|spd|1\n|faint|p1a: Archaludon\n|\n|-weather|RainDance|[upkeep]\n|upkeep\n|turn|5\n|-message|thezekroman forfeited.\n|\n|win|BloodTrailedCometV\n|raw|thezekroman's rating: 1084 &rarr; <strong>1062</strong><br />(-22 for losing)\n|raw|BloodTrailedCometV's rating: 1092 &rarr; <strong>1118</strong><br />(+26 for winning)\n|l|\u2606thezekroman\n|player|p1|\n",
  "uploadtime": 1776122904,
  "views": 11,
  "formatid": "gen9championsvgc2026regma",
  "rating": 1062,
  "private": 0,
  "password": null
}