{
  "id": "gen9championsvgc2026regma-2584568707",
  "format": "[Gen 9 Champions] VGC 2026 Reg M-A",
  "players": [
    "wetchickenstrips",
    "In Da Trickroom"
  ],
  "log": "|j|\u2606wetchickenstrips\n|j|\u2606In Da Trickroom\n|t:|1776269332\n|gametype|doubles\n|player|p1|wetchickenstrips|2|1186\n|player|p2|In Da Trickroom|harlequin|1166\n|gen|9\n|tier|[Gen 9 Champions] VGC 2026 Reg M-A\n|rated|\n|rule|Species Clause: Limit one of each Pok\u00e9mon\n|rule|Item Clause: Limit 1 of each item\n|clearpoke\n|poke|p1|Charizard, L50, M|\n|poke|p1|Incineroar, L50, M|\n|poke|p1|Whimsicott, L50, F|\n|poke|p1|Venusaur, L50, F|\n|poke|p1|Garchomp, L50, F|\n|poke|p1|Rotom-Wash, L50|\n|poke|p2|Greninja-*, L50, F|\n|poke|p2|Pelipper, L50, F|\n|poke|p2|Garchomp, L50, M|\n|poke|p2|Sneasler, L50, F|\n|poke|p2|Maushold-Four, L50|\n|poke|p2|Milotic, L50, F|\n|teampreview|4\n|inactive|Battle timer is ON: inactive players will automatically lose when time's up. (requested by In Da Trickroom)\n|inactive|In Da Trickroom has 60 seconds left.\n|\n|t:|1776269387\n|teamsize|p1|4\n|teamsize|p2|4\n|start\n|switch|p1a: Charizard|Charizard, L50, M|100/100\n|switch|p1b: Whimsicott|Whimsicott, L50, F|100/100\n|switch|p2a: Sneasler|Sneasler, L50, F|100/100\n|switch|p2b: Maushold|Maushold-Four, L50|100/100\n|turn|1\n|inactive|wetchickenstrips has 30 seconds left.\n|inactive|In Da Trickroom has 30 seconds left.\n|inactive|wetchickenstrips has 20 seconds left.\n|inactive|In Da Trickroom has 20 seconds left.\n|inactive|wetchickenstrips has 15 seconds left.\n|inactive|In Da Trickroom has 15 seconds left.\n|inactive|In Da Trickroom has 10 seconds left.\n|\n|t:|1776269433\n|move|p1a: Charizard|Protect|p1a: Charizard\n|-singleturn|p1a: Charizard|Protect\n|move|p2a: Sneasler|Fake Out|p1a: Charizard\n|-activate|p1a: Charizard|move: Protect\n|move|p2b: Maushold|Super Fang|p1b: Whimsicott\n|-damage|p1b: Whimsicott|51/100\n|move|p1b: Whimsicott|Moonblast|p2a: Sneasler\n|-damage|p2a: Sneasler|75/100\n|-unboost|p2a: Sneasler|spa|1\n|-enditem|p2a: Sneasler|White Herb\n|-clearnegativeboost|p2a: Sneasler|[silent]\n|\n|upkeep\n|turn|2\n|\n|t:|1776269462\n|switch|p2a: Pelipper|Pelipper, L50, F|100/100\n|-weather|RainDance|[from] ability: Drizzle|[of] p2a: Pelipper\n|detailschange|p1a: Charizard|Charizard-Mega-Y, L50, M\n|-mega|p1a: Charizard|Charizard|Charizardite Y\n|-weather|SunnyDay|[from] ability: Drought|[of] p1a: Charizard\n|move|p1b: Whimsicott|Encore||[still]\n|-fail|p1b: Whimsicott\n|move|p2b: Maushold|Super Fang|p1a: Charizard\n|-damage|p1a: Charizard|51/100\n|move|p1a: Charizard|Heat Wave|p2b: Maushold|[spread] p2a,p2b\n|-resisted|p2a: Pelipper|1\n|-damage|p2a: Pelipper|69/100\n|-damage|p2b: Maushold|23/100\n|\n|-weather|SunnyDay|[upkeep]\n|upkeep\n|turn|3\n|inactive|wetchickenstrips has 30 seconds left.\n|inactive|In Da Trickroom has 30 seconds left.\n|inactive|In Da Trickroom has 20 seconds left.\n|inactive|In Da Trickroom has 15 seconds left.\n|\n|t:|1776269507\n|switch|p2b: Sneasler|Sneasler, L50, F|75/100\n|move|p1a: Charizard|Protect|p1a: Charizard\n|-singleturn|p1a: Charizard|Protect\n|move|p2a: Pelipper|Wide Guard|p2a: Pelipper\n|-singleturn|p2a: Pelipper|Wide Guard\n|move|p1b: Whimsicott|Moonblast|p2b: Sneasler\n|-damage|p2b: Sneasler|40/100\n|\n|-weather|SunnyDay|[upkeep]\n|upkeep\n|turn|4\n|inactive|wetchickenstrips has 30 seconds left.\n|inactive|wetchickenstrips has 20 seconds left.\n|inactive|wetchickenstrips has 15 seconds left.\n|\n|t:|1776269547\n|switch|p1a: Venusaur|Venusaur, L50, F|100/100\n|move|p2b: Sneasler|Fake Out|p1a: Venusaur\n|-damage|p1a: Venusaur|83/100\n|move|p1b: Whimsicott|Tailwind|p1b: Whimsicott\n|-sidestart|p1: wetchickenstrips|move: Tailwind\n|move|p2a: Pelipper|Weather Ball|p1b: Whimsicott\n|-supereffective|p1b: Whimsicott|1\n|-damage|p1b: Whimsicott|0 fnt\n|faint|p1b: Whimsicott\n|\n|-weather|SunnyDay|[upkeep]\n|-heal|p1a: Venusaur|89/100|[from] item: Leftovers\n|upkeep\n|\n|t:|1776269562\n|switch|p1b: Rotom|Rotom-Wash, L50|100/100\n|turn|5\n|inactive|wetchickenstrips has 30 seconds left.\n|\n|t:|1776269596\n|switch|p2a: Maushold|Maushold-Four, L50|23/100\n|move|p1a: Venusaur|Sleep Powder|p2b: Sneasler|[miss]\n|-miss|p1a: Venusaur|p2b: Sneasler\n|move|p1b: Rotom|Thunderbolt|p2a: Maushold\n|-damage|p2a: Maushold|0 fnt\n|faint|p2a: Maushold\n|move|p2b: Sneasler|Close Combat|p1b: Rotom\n|-damage|p1b: Rotom|32/100\n|-unboost|p2b: Sneasler|def|1\n|-unboost|p2b: Sneasler|spd|1\n|\n|-weather|SunnyDay|[upkeep]\n|-heal|p1a: Venusaur|95/100|[from] item: Leftovers\n|upkeep\n|\n|t:|1776269614\n|switch|p2a: Pelipper|Pelipper, L50, F|69/100\n|-weather|RainDance|[from] ability: Drizzle|[of] p2a: Pelipper\n|turn|6\n|\n|t:|1776269633\n|move|p1b: Rotom|Thunderbolt|p2a: Pelipper\n|-supereffective|p2a: Pelipper|2\n|-damage|p2a: Pelipper|0 fnt\n|faint|p2a: Pelipper\n|move|p1a: Venusaur|Sleep Powder|p2b: Sneasler\n|-status|p2b: Sneasler|slp|[from] move: Sleep Powder\n|cant|p2b: Sneasler|slp\n|\n|-weather|RainDance|[upkeep]\n|-heal|p1a: Venusaur|100/100|[from] item: Leftovers\n|upkeep\n|\n|t:|1776269636\n|switch|p2a: Greninja|Greninja, L50, F|100/100\n|turn|7\n|\n|t:|1776269651\n|move|p2a: Greninja|Protect|p2a: Greninja\n|-start|p2a: Greninja|typechange|Normal|[from] ability: Protean\n|-singleturn|p2a: Greninja|Protect\n|-curestatus|p2b: Sneasler|slp|[msg]\n|move|p2b: Sneasler|Protect|p2b: Sneasler\n|-singleturn|p2b: Sneasler|Protect\n|move|p1b: Rotom|Thunderbolt|p2a: Greninja\n|-activate|p2a: Greninja|move: Protect\n|move|p1a: Venusaur|Giga Drain|p2a: Greninja\n|-activate|p2a: Greninja|move: Protect\n|\n|-weather|RainDance|[upkeep]\n|-sideend|p1: wetchickenstrips|move: Tailwind\n|upkeep\n|turn|8\n|inactive|wetchickenstrips has 30 seconds left.\n|inactive|wetchickenstrips has 20 seconds left.\n|\n|t:|1776269691\n|detailschange|p2a: Greninja|Greninja-Mega, L50, F\n|-mega|p2a: Greninja|Greninja|Greninjite\n|move|p2a: Greninja|Sludge Wave|p1b: Rotom|[spread] p2b,p1a,p1b\n|-start|p2a: Greninja|typechange|Poison|[from] ability: Protean\n|-resisted|p2b: Sneasler|1\n|-damage|p2b: Sneasler|3/100\n|-damage|p1a: Venusaur|60/100\n|-damage|p1b: Rotom|0 fnt\n|faint|p1b: Rotom\n|move|p2b: Sneasler|Dire Claw|p1a: Venusaur\n|-damage|p1a: Venusaur|5/100\n|move|p1a: Venusaur|Sludge Bomb|p2a: Greninja\n|-resisted|p2a: Greninja|1\n|-damage|p2a: Greninja|68/100\n|\n|-weather|RainDance|[upkeep]\n|-heal|p1a: Venusaur|11/100|[from] item: Leftovers\n|upkeep\n|\n|t:|1776269705\n|switch|p1b: Charizard|Charizard-Mega-Y, L50, M|51/100\n|-weather|SunnyDay|[from] ability: Drought|[of] p1b: Charizard\n|turn|9\n|inactive|In Da Trickroom has 30 seconds left.\n|inactive|In Da Trickroom has 20 seconds left.\n|inactive|In Da Trickroom has 15 seconds left.\n|inactive|In Da Trickroom has 10 seconds left.\n|\n|t:|1776269752\n|move|p2a: Greninja|Protect|p2a: Greninja\n|-singleturn|p2a: Greninja|Protect\n|move|p1a: Venusaur|Sleep Powder|p2a: Greninja\n|-activate|p2a: Greninja|move: Protect\n|move|p2b: Sneasler|Dire Claw|p1a: Venusaur\n|-damage|p1a: Venusaur|0 fnt\n|faint|p1a: Venusaur\n|move|p1b: Charizard|Heat Wave|p2a: Greninja|[spread] \n|-activate|p2a: Greninja|move: Protect\n|-miss|p1b: Charizard|p2b: Sneasler\n|\n|-weather|SunnyDay|[upkeep]\n|upkeep\n|turn|10\n|\n|t:|1776269772\n|move|p2a: Greninja|Dark Pulse|p1b: Charizard\n|-damage|p1b: Charizard|22/100\n|move|p2b: Sneasler|Dire Claw|p1b: Charizard\n|-damage|p1b: Charizard|0 fnt\n|faint|p1b: Charizard\n|\n|win|In Da Trickroom\n|raw|wetchickenstrips's rating: 1186 &rarr; <strong>1160</strong><br />(-26 for losing)\n|raw|In Da Trickroom's rating: 1166 &rarr; <strong>1192</strong><br />(+26 for winning)\n",
  "uploadtime": 1776269777,
  "views": 22,
  "formatid": "gen9championsvgc2026regma",
  "rating": 1160,
  "private": 0,
  "password": null
}