{
  "id": "gen9championsvgc2026regma-2588301101",
  "format": "[Gen 9 Champions] VGC 2026 Reg M-A",
  "players": [
    "spideryacorn22",
    "the mighty wren"
  ],
  "log": "|j|\u2606spideryacorn22\n|j|\u2606the mighty wren\n|t:|1776622272\n|gametype|doubles\n|player|p1|spideryacorn22|rocketgrunt|1058\n|player|p2|the mighty wren|hiker|1060\n|gen|9\n|tier|[Gen 9 Champions] VGC 2026 Reg M-A\n|rated|\n|rule|Species Clause: Limit one of each Pok\u00e9mon\n|rule|Item Clause: Limit 1 of each item\n|clearpoke\n|poke|p1|Aggron, L50, M, shiny|\n|poke|p1|Farigiraf, L50, M, shiny|\n|poke|p1|Clawitzer, L50, M, shiny|\n|poke|p1|Sableye, L50, M, shiny|\n|poke|p1|Alcremie-Rainbow-Swirl, L50, F, shiny|\n|poke|p1|Crabominable, L50, M, shiny|\n|poke|p2|Pelipper, L50, F|\n|poke|p2|Basculegion, L50, M|\n|poke|p2|Sneasler, L50, F|\n|poke|p2|Aerodactyl, L50, F|\n|poke|p2|Raichu, L50, M|\n|poke|p2|Sinistcha-Masterpiece, L50|\n|teampreview|4\n|\n|t:|1776622296\n|teamsize|p1|4\n|teamsize|p2|4\n|start\n|switch|p1a: Inbatible|Aggron, L50, M, shiny|100/100\n|switch|p1b: Jirafo|Farigiraf, L50, M, shiny|100/100\n|switch|p2a: Hack 'n Slash|Sneasler, L50, F|100/100\n|switch|p2b: Ded Fish|Basculegion, L50, M|100/100\n|turn|1\n|\n|t:|1776622319\n|switch|p2b: Rocky|Aerodactyl, L50, F|100/100\n|-ability|p2b: Rocky|Pressure\n|detailschange|p1a: Inbatible|Aggron-Mega, L50, M, shiny\n|-mega|p1a: Inbatible|Aggron|Aggronite\n|move|p2a: Hack 'n Slash|Dire Claw|p1b: Jirafo\n|-damage|p1b: Jirafo|54/100\n|-status|p1b: Jirafo|psn\n|move|p1a: Inbatible|Iron Defense|p1a: Inbatible\n|-boost|p1a: Inbatible|def|2\n|move|p1b: Jirafo|Trick Room|p1b: Jirafo\n|-fieldstart|move: Trick Room|[of] p1b: Jirafo\n|\n|-heal|p1b: Jirafo|60/100 psn|[from] item: Leftovers\n|-damage|p1b: Jirafo|48/100 psn|[from] psn\n|upkeep\n|turn|2\n|\n|t:|1776622357\n|move|p1a: Inbatible|Iron Defense|p1a: Inbatible\n|-boost|p1a: Inbatible|def|2\n|move|p1b: Jirafo|Psychic|p2a: Hack 'n Slash\n|-supereffective|p2a: Hack 'n Slash|2\n|-damage|p2a: Hack 'n Slash|0 fnt\n|faint|p2a: Hack 'n Slash\n|move|p2b: Rocky|Rock Slide|p1a: Inbatible|[spread] p1a,p1b\n|-resisted|p1a: Inbatible|1\n|-damage|p1a: Inbatible|99/100\n|-damage|p1b: Jirafo|23/100 psn\n|\n|-heal|p1b: Jirafo|29/100 psn|[from] item: Leftovers\n|-damage|p1b: Jirafo|16/100 psn|[from] psn\n|upkeep\n|\n|t:|1776622371\n|switch|p2a: Ded Fish|Basculegion, L50, M|100/100\n|turn|3\n|\n|t:|1776622386\n|switch|p1b: BFG|Clawitzer, L50, M, shiny|100/100\n|move|p2a: Ded Fish|Aqua Jet|p1b: BFG\n|-resisted|p1b: BFG|1\n|-damage|p1b: BFG|85/100\n|move|p1a: Inbatible|Body Press|p2b: Rocky\n|-damage|p2b: Rocky|0 fnt\n|faint|p2b: Rocky\n|\n|upkeep\n|\n|t:|1776622396\n|switch|p2b: Noodles|Sinistcha-Masterpiece, L50|100/100\n|turn|4\n|\n|t:|1776622414\n|move|p2a: Ded Fish|Aqua Jet|p1a: Inbatible\n|-damage|p1a: Inbatible|93/100\n|move|p1a: Inbatible|Iron Defense|p1a: Inbatible\n|-boost|p1a: Inbatible|def|2\n|move|p1b: BFG|Dark Pulse|p2a: Ded Fish\n|-supereffective|p2a: Ded Fish|1\n|-damage|p2a: Ded Fish|14/100\n|move|p2b: Noodles|Matcha Gotcha|p1b: BFG|[spread] p1a,p1b\n|-resisted|p1a: Inbatible|1\n|-supereffective|p1b: BFG|1\n|-damage|p1a: Inbatible|82/100\n|-damage|p1b: BFG|25/100\n|-status|p1a: Inbatible|brn\n|\n|-damage|p1a: Inbatible|76/100 brn|[from] brn\n|upkeep\n|turn|5\n|\n|t:|1776622438\n|move|p2a: Ded Fish|Aqua Jet|p1b: BFG\n|-resisted|p1b: BFG|1\n|-damage|p1b: BFG|9/100\n|move|p1a: Inbatible|Rest|p1a: Inbatible\n|-status|p1a: Inbatible|slp|[from] move: Rest\n|-heal|p1a: Inbatible|100/100 slp|[silent]\n|move|p1b: BFG|Dark Pulse|p2a: Ded Fish\n|-supereffective|p2a: Ded Fish|1\n|-damage|p2a: Ded Fish|0 fnt\n|faint|p2a: Ded Fish\n|move|p2b: Noodles|Life Dew||[still]\n|-fail|p2b: Noodles|heal\n|\n|-fieldend|move: Trick Room\n|upkeep\n|turn|6\n|\n|t:|1776622460\n|switch|p1b: Wey|Crabominable, L50, M, shiny|100/100\n|move|p2b: Noodles|Matcha Gotcha|p1b: Wey|[spread] \n|-miss|p2b: Noodles|p1a: Inbatible\n|-miss|p2b: Noodles|p1b: Wey\n|cant|p1a: Inbatible|slp\n|\n|upkeep\n|turn|7\n|\n|t:|1776622475\n|cant|p1a: Inbatible|slp\n|move|p2b: Noodles|Shadow Ball|p1b: Wey\n|-damage|p1b: Wey|52/100\n|move|p1b: Wey|Ice Hammer|p2b: Noodles\n|-supereffective|p2b: Noodles|1\n|-damage|p2b: Noodles|0 fnt\n|-unboost|p1b: Wey|spe|1\n|faint|p2b: Noodles\n|\n|win|spideryacorn22\n|raw|spideryacorn22's rating: 1058 &rarr; <strong>1089</strong><br />(+31 for winning)\n|raw|the mighty wren's rating: 1060 &rarr; <strong>1041</strong><br />(-19 for losing)\n",
  "uploadtime": 1776622489,
  "views": 13,
  "formatid": "gen9championsvgc2026regma",
  "rating": 1041,
  "private": 0,
  "password": null
}