{
  "id": "gen9championsvgc2026regma-2581547415",
  "format": "[Gen 9 Champions] VGC 2026 Reg M-A",
  "players": [
    "youlookgreattoday",
    "keklorekek"
  ],
  "log": "|j|\u2606youlookgreattoday\n|j|\u2606keklorekek\n|t:|1776009976\n|gametype|doubles\n|player|p1|youlookgreattoday|169|1078\n|player|p2|keklorekek|winona|1109\n|gen|9\n|tier|[Gen 9 Champions] VGC 2026 Reg M-A\n|rated|\n|rule|Species Clause: Limit one of each Pok\u00e9mon\n|rule|Item Clause: Limit 1 of each item\n|clearpoke\n|poke|p1|Aegislash, L50, M|\n|poke|p1|Whimsicott, L50, M|\n|poke|p1|Sneasler, L50, F|\n|poke|p1|Incineroar, L50, F|\n|poke|p1|Floette-Eternal, L50, F|\n|poke|p1|Maushold, L50|\n|poke|p2|Basculegion, L50, M|\n|poke|p2|Incineroar, L50, M|\n|poke|p2|Meganium, L50, M|\n|poke|p2|Pelipper, L50, F|\n|poke|p2|Slowking-Galar, L50, F|\n|poke|p2|Kingambit, L50, F|\n|teampreview|4\n|inactive|Battle timer is ON: inactive players will automatically lose when time's up. (requested by keklorekek)\nkeklorekek rejected open team sheets.\n|inactive|youlookgreattoday has 60 seconds left.\n|inactive|youlookgreattoday also wants the timer to be on.\n|inactive|youlookgreattoday has 30 seconds left.\n|inactive|youlookgreattoday has 20 seconds left.\n|inactive|youlookgreattoday has 15 seconds left.\n|\n|t:|1776010086\n|teamsize|p1|4\n|teamsize|p2|4\n|start\n|switch|p1a: Sneasler|Sneasler, L50, F|100/100\n|switch|p1b: Floette|Floette-Eternal, L50, F|100/100\n|switch|p2a: Incineroar|Incineroar, L50, M|100/100\n|switch|p2b: Slowking|Slowking-Galar, L50, F, shiny|100/100\n|-ability|p2a: Incineroar|Intimidate|boost\n|-unboost|p1a: Sneasler|atk|1\n|-unboost|p1b: Floette|atk|1\n|turn|1\n|\n|t:|1776010107\n|detailschange|p1b: Floette|Floette-Mega, L50, F\n|-mega|p1b: Floette|Floette|Floettite\n|-ability|p1b: Floette|Fairy Aura\n|move|p1a: Sneasler|Fake Out|p2b: Slowking\n|-damage|p2b: Slowking|91/100\n|move|p1b: Floette|Calm Mind|p1b: Floette\n|-boost|p1b: Floette|spa|1\n|-boost|p1b: Floette|spd|1\n|move|p2a: Incineroar|Parting Shot|p1b: Floette\n|-unboost|p1b: Floette|atk|1\n|-unboost|p1b: Floette|spa|1\n|\n|t:|1776010125\n|switch|p2a: Pelipper|Pelipper, L50, F|100/100|[from] Parting Shot\n|-weather|RainDance|[from] ability: Drizzle|[of] p2a: Pelipper\n|cant|p2b: Slowking|flinch\n|\n|-weather|RainDance|[upkeep]\n|-heal|p2b: Slowking|97/100|[from] item: Leftovers\n|upkeep\n|turn|2\n|\n|t:|1776010139\n|move|p1a: Sneasler|Dire Claw|p2a: Pelipper\n|-damage|p2a: Pelipper|60/100\n|-status|p2a: Pelipper|psn\n|move|p1b: Floette|Moonblast|p2a: Pelipper\n|-damage|p2a: Pelipper|0 fnt\n|faint|p2a: Pelipper\n|move|p2b: Slowking|Psychic|p1a: Sneasler\n|-supereffective|p1a: Sneasler|2\n|-damage|p1a: Sneasler|0 fnt\n|faint|p1a: Sneasler\n|\n|-weather|RainDance|[upkeep]\n|-heal|p2b: Slowking|100/100|[from] item: Leftovers\n|upkeep\n|\n|t:|1776010155\n|switch|p1a: Whimsicott|Whimsicott, L50, M|100/100\n|switch|p2a: Meganium|Meganium, L50, M|100/100\n|turn|3\n|\n|t:|1776010169\n|detailschange|p2a: Meganium|Meganium-Mega, L50, M\n|-mega|p2a: Meganium|Meganium|Meganiumite\n|move|p1a: Whimsicott|Encore|p2b: Slowking\n|-start|p2b: Slowking|Encore\n|move|p1b: Floette|Calm Mind|p1b: Floette\n|-boost|p1b: Floette|spa|1\n|-boost|p1b: Floette|spd|1\n|move|p2a: Meganium|Solar Beam||[still]\n|-prepare|p2a: Meganium|Solar Beam\n|-activate|p2a: Meganium|ability: Mega Sol\n|-anim|p2a: Meganium|Solar Beam|p1b: Floette\n|-damage|p1b: Floette|76/100\n|move|p2b: Slowking|Psychic|p1b: Floette\n|-damage|p1b: Floette|59/100\n|\n|-weather|RainDance|[upkeep]\n|upkeep\n|turn|4\n|\n|t:|1776010187\n|switch|p2b: Incineroar|Incineroar, L50, M|100/100\n|-ability|p2b: Incineroar|Intimidate|boost\n|-unboost|p1a: Whimsicott|atk|1\n|-unboost|p1b: Floette|atk|1\n|move|p1a: Whimsicott|Moonblast|p2a: Meganium\n|-damage|p2a: Meganium|57/100\n|move|p1b: Floette|Moonblast|p2a: Meganium\n|-crit|p2a: Meganium\n|-damage|p2a: Meganium|0 fnt\n|faint|p2a: Meganium\n|\n|-weather|RainDance|[upkeep]\n|upkeep\n|\n|t:|1776010196\n|switch|p2a: Slowking|Slowking-Galar, L50, F, shiny|100/100\n|turn|5\n|\n|t:|1776010201\n|move|p1a: Whimsicott|Protect|p1a: Whimsicott\n|-singleturn|p1a: Whimsicott|Protect\n|move|p1b: Floette|Protect|p1b: Floette\n|-singleturn|p1b: Floette|Protect\n|move|p2b: Incineroar|Fake Out|p1b: Floette\n|-activate|p1b: Floette|move: Protect\n|move|p2a: Slowking|Sludge Bomb|p1b: Floette\n|-activate|p1b: Floette|move: Protect\n|\n|-weather|none\n|upkeep\n|turn|6\n|\n|t:|1776010214\n|move|p1a: Whimsicott|Moonblast|p2b: Incineroar\n|-damage|p2b: Incineroar|54/100\n|-unboost|p2b: Incineroar|spa|1\n|move|p1b: Floette|Moonblast|p2b: Incineroar\n|-damage|p2b: Incineroar|0 fnt\n|faint|p2b: Incineroar\n|move|p2a: Slowking|Sludge Bomb|p1b: Floette\n|-supereffective|p1b: Floette|1\n|-crit|p1b: Floette\n|-damage|p1b: Floette|0 fnt\n|faint|p1b: Floette\n|\n|upkeep\n|\n|t:|1776010224\n|switch|p1b: Incineroar|Incineroar, L50, F|100/100\n|-ability|p1b: Incineroar|Intimidate|boost\n|-unboost|p2a: Slowking|atk|1\n|turn|7\n|\n|t:|1776010233\n|move|p2a: Slowking|Protect|p2a: Slowking\n|-singleturn|p2a: Slowking|Protect\n|move|p1b: Incineroar|Fake Out|p2a: Slowking\n|-activate|p2a: Slowking|move: Protect\n|move|p1a: Whimsicott|Moonblast|p2a: Slowking\n|-activate|p2a: Slowking|move: Protect\n|\n|upkeep\n|turn|8\n|\n|t:|1776010238\n|move|p1a: Whimsicott|Encore|p2a: Slowking\n|-start|p2a: Slowking|Encore\n|move|p2a: Slowking|Protect||[still]\n|-fail|p2a: Slowking\n|move|p1b: Incineroar|Snarl|p2a: Slowking\n|-supereffective|p2a: Slowking|1\n|-damage|p2a: Slowking|74/100\n|-unboost|p2a: Slowking|spa|1\n|\n|-heal|p2a: Slowking|80/100|[from] item: Leftovers\n|upkeep\n|turn|9\n|-message|keklorekek forfeited.\n|\n|win|youlookgreattoday\n|raw|youlookgreattoday's rating: 1078 &rarr; <strong>1109</strong><br />(+31 for winning)\n|raw|keklorekek's rating: 1109 &rarr; <strong>1082</strong><br />(-27 for losing)\n",
  "uploadtime": 1776010248,
  "views": 12,
  "formatid": "gen9championsvgc2026regma",
  "rating": 1082,
  "private": 0,
  "password": null
}