{
  "id": "gen9championsvgc2026regma-2582685635",
  "format": "[Gen 9 Champions] VGC 2026 Reg M-A",
  "players": [
    "monkeyboy014",
    "yuriimon"
  ],
  "log": "|j|\u2606monkeyboy014\n|j|\u2606yuriimon\n|t:|1776107205\n|gametype|doubles\n|player|p1|monkeyboy014|170|1110\n|player|p2|yuriimon|waitress-gen4|1102\n|gen|9\n|tier|[Gen 9 Champions] VGC 2026 Reg M-A\n|rated|\n|rule|Species Clause: Limit one of each Pok\u00e9mon\n|rule|Item Clause: Limit 1 of each item\n|clearpoke\n|poke|p1|Froslass, L50, F|\n|poke|p1|Incineroar, L50, F|\n|poke|p1|Lycanroc-Dusk, L50, F|\n|poke|p1|Whimsicott, L50, F|\n|poke|p1|Rotom-Wash, L50|\n|poke|p1|Excadrill, L50, F|\n|poke|p2|Feraligatr, L50, M|\n|poke|p2|Aerodactyl, L50, F|\n|poke|p2|Sneasler, L50, F|\n|poke|p2|Mimikyu, L50, F|\n|poke|p2|Camerupt, L50, M|\n|poke|p2|Kingambit, L50, M|\n|teampreview|4\n|inactive|Battle timer is ON: inactive players will automatically lose when time's up. (requested by yuriimon)\n|inactive|monkeyboy014 has 60 seconds left.\n|inactive|monkeyboy014 has 30 seconds left.\n|inactive|monkeyboy014 has 20 seconds left.\nmonkeyboy014 has agreed to open team sheets.\n|inactive|monkeyboy014 has 15 seconds left.\n|inactive|monkeyboy014 has 10 seconds left.\n|inactive|monkeyboy014 has 5 seconds left.\n|\n|t:|1776107291\n|teamsize|p1|4\n|teamsize|p2|4\n|start\n|switch|p1a: Whimsicott|Whimsicott, L50, F|100/100\n|switch|p1b: Froslass|Froslass, L50, F|100/100\n|switch|p2a: Sneasler|Sneasler, L50, F|100/100\n|switch|p2b: Mimikyu|Mimikyu, L50, F|100/100\n|turn|1\n|\n|t:|1776107306\n|detailschange|p1b: Froslass|Froslass-Mega, L50, F\n|-mega|p1b: Froslass|Froslass|Froslassite\n|-weather|Snowscape|[from] ability: Snow Warning|[of] p1b: Froslass\n|move|p2a: Sneasler|Fake Out|p1a: Whimsicott\n|-damage|p1a: Whimsicott|86/100\n|cant|p1a: Whimsicott|flinch\n|move|p1b: Froslass|Aurora Veil|p1b: Froslass\n|-sidestart|p1: monkeyboy014|move: Aurora Veil\n|move|p2b: Mimikyu|Trick Room|p2b: Mimikyu\n|-fieldstart|move: Trick Room|[of] p2b: Mimikyu\n|\n|-weather|Snowscape|[upkeep]\n|upkeep\n|turn|2\n|\n|t:|1776107319\n|switch|p2a: Camerupt|Camerupt, L50, M|100/100\n|move|p1a: Whimsicott|Encore|p2b: Mimikyu\n|-start|p2b: Mimikyu|Encore\n|-enditem|p2b: Mimikyu|Mental Herb\n|-end|p2b: Mimikyu|Encore\n|move|p2b: Mimikyu|Sunny Day|p2b: Mimikyu\n|-weather|SunnyDay\n|move|p1b: Froslass|Blizzard|p2b: Mimikyu|[spread] p2a\n|-miss|p1b: Froslass|p2b: Mimikyu\n|-crit|p2a: Camerupt\n|-damage|p2a: Camerupt|7/100\n|\n|-weather|SunnyDay|[upkeep]\n|upkeep\n|turn|3\n|inactive|monkeyboy014 has 30 seconds left.\n|inactive|monkeyboy014 has 20 seconds left.\n|c|\u2606monkeyboy014|no open sheets\n|inactive|monkeyboy014 has 15 seconds left.\n|c|\u2606monkeyboy014|</3\n|inactive|monkeyboy014 has 10 seconds left.\n|inactive|monkeyboy014 has 5 seconds left.\n|\n|t:|1776107371\n|switch|p2b: Feraligatr|Feraligatr, L50, M|100/100\n|switch|p1b: Incineroar|Incineroar, L50, F|100/100\n|-ability|p1b: Incineroar|Intimidate|boost\n|-unboost|p2a: Camerupt|atk|1\n|-unboost|p2b: Feraligatr|atk|1\n|move|p1a: Whimsicott|Encore||[still]\n|-fail|p1a: Whimsicott\n|move|p2a: Camerupt|Yawn|p1b: Incineroar\n|-start|p1b: Incineroar|move: Yawn|[of] p2a: Camerupt\n|\n|-weather|SunnyDay|[upkeep]\n|upkeep\n|turn|4\n|\n|t:|1776107391\n|switch|p2b: Sneasler|Sneasler, L50, F|100/100\n|move|p2a: Camerupt|Protect|p2a: Camerupt\n|-singleturn|p2a: Camerupt|Protect\n|move|p1a: Whimsicott|Encore|p2a: Camerupt\n|-activate|p2a: Camerupt|move: Protect\n|move|p1b: Incineroar|Parting Shot|p2b: Sneasler\n|-unboost|p2b: Sneasler|atk|1\n|-unboost|p2b: Sneasler|spa|1\n|\n|t:|1776107404\n|switch|p1b: Froslass|Froslass-Mega, L50, F|100/100|[from] Parting Shot\n|-weather|Snowscape|[from] ability: Snow Warning|[of] p1b: Froslass\n|\n|-weather|Snowscape|[upkeep]\n|upkeep\n|turn|5\n|\n|t:|1776107423\n|move|p1a: Whimsicott|Encore|p2a: Camerupt\n|-start|p2a: Camerupt|Encore\n|move|p2a: Camerupt|Protect||[still]\n|-fail|p2a: Camerupt\n|move|p1b: Froslass|Blizzard|p2a: Camerupt|[spread] p2a,p2b\n|-damage|p2a: Camerupt|0 fnt\n|-damage|p2b: Sneasler|42/100\n|faint|p2a: Camerupt\n|move|p2b: Sneasler|Dire Claw|p1a: Whimsicott\n|-supereffective|p1a: Whimsicott|2\n|-damage|p1a: Whimsicott|12/100\n|-status|p1a: Whimsicott|slp\n|\n|-weather|Snowscape|[upkeep]\n|-sideend|p1: monkeyboy014|move: Aurora Veil\n|-fieldend|move: Trick Room\n|upkeep\n|\n|t:|1776107431\n|switch|p2a: Feraligatr|Feraligatr, L50, M|100/100\n|turn|6\n|\n|t:|1776107443\n|switch|p1a: Incineroar|Incineroar, L50, F|100/100\n|-ability|p1a: Incineroar|Intimidate|boost\n|-unboost|p2a: Feraligatr|atk|1\n|-unboost|p2b: Sneasler|atk|1\n|detailschange|p2a: Feraligatr|Feraligatr-Mega, L50, M\n|-mega|p2a: Feraligatr|Feraligatr|Feraligite\n|move|p2b: Sneasler|Coaching|p2a: Feraligatr\n|-boost|p2a: Feraligatr|atk|1\n|-boost|p2a: Feraligatr|def|1\n|move|p1b: Froslass|Aurora Veil|p1b: Froslass\n|-sidestart|p1: monkeyboy014|move: Aurora Veil\n|move|p2a: Feraligatr|Double-Edge|p1b: Froslass\n|-damage|p1b: Froslass|39/100\n|-damage|p2a: Feraligatr|80/100|[from] Recoil\n|\n|-weather|Snowscape|[upkeep]\n|upkeep\n|turn|7\n|\n|t:|1776107461\n|move|p2a: Feraligatr|Protect|p2a: Feraligatr\n|-singleturn|p2a: Feraligatr|Protect\n|move|p1a: Incineroar|Fake Out|p2a: Feraligatr\n|-activate|p2a: Feraligatr|move: Protect\n|move|p2b: Sneasler|Coaching|p2a: Feraligatr\n|-boost|p2a: Feraligatr|atk|1\n|-boost|p2a: Feraligatr|def|1\n|move|p1b: Froslass|Blizzard|p2b: Sneasler|[spread] p2b\n|-activate|p2a: Feraligatr|move: Protect\n|-damage|p2b: Sneasler|0 fnt\n|faint|p2b: Sneasler\n|\n|-weather|Snowscape|[upkeep]\n|upkeep\n|\n|t:|1776107473\n|switch|p2b: Mimikyu|Mimikyu, L50, F|100/100\n|turn|8\n|\n|t:|1776107494\n|move|p1b: Froslass|Blizzard|p2a: Feraligatr|[spread] p2a,p2b\n|-damage|p2a: Feraligatr|40/100\n|-activate|p2b: Mimikyu|ability: Disguise\n|-damage|p2b: Mimikyu|100/100\n|-status|p2b: Mimikyu|frz\n|detailschange|p2b: Mimikyu|Mimikyu-Busted, L50, F\n|-damage|p2b: Mimikyu|88/100 frz|[from] pokemon: Mimikyu-Busted\n|move|p2a: Feraligatr|Liquidation|p1a: Incineroar\n|-supereffective|p1a: Incineroar|1\n|-damage|p1a: Incineroar|0 fnt\n|faint|p1a: Incineroar\n|cant|p2b: Mimikyu|frz\n|\n|-weather|none\n|upkeep\n|\n|t:|1776107508\n|switch|p1a: Lycanroc|Lycanroc-Dusk, L50, F|100/100\n|turn|9\n|\n|t:|1776107522\n|switch|p1b: Whimsicott|Whimsicott, L50, F|12/100 slp\n|move|p2a: Feraligatr|Protect|p2a: Feraligatr\n|-singleturn|p2a: Feraligatr|Protect\n|move|p1a: Lycanroc|Close Combat|p2a: Feraligatr\n|-activate|p2a: Feraligatr|move: Protect\n|-curestatus|p2b: Mimikyu|frz|[msg]\n|move|p2b: Mimikyu|Trick Room|p2b: Mimikyu\n|-fieldstart|move: Trick Room|[of] p2b: Mimikyu\n|\n|upkeep\n|turn|10\n|inactive|yuriimon has 30 seconds left.\n|\n|t:|1776107551\n|cant|p1b: Whimsicott|slp\n|move|p2a: Feraligatr|Liquidation|p1a: Lycanroc\n|-supereffective|p1a: Lycanroc|1\n|-enditem|p1a: Lycanroc|Focus Sash\n|-damage|p1a: Lycanroc|1/100\n|move|p2b: Mimikyu|Play Rough|p1b: Whimsicott\n|-damage|p1b: Whimsicott|0 fnt\n|faint|p1b: Whimsicott\n|move|p1a: Lycanroc|Close Combat|p2a: Feraligatr\n|-damage|p2a: Feraligatr|14/100\n|-unboost|p1a: Lycanroc|def|1\n|-unboost|p1a: Lycanroc|spd|1\n|\n|-sideend|p1: monkeyboy014|move: Aurora Veil\n|upkeep\n|\n|t:|1776107557\n|switch|p1b: Froslass|Froslass-Mega, L50, F|39/100\n|-weather|Snowscape|[from] ability: Snow Warning|[of] p1b: Froslass\n|turn|11\n|\n|t:|1776107574\n|move|p2b: Mimikyu|Shadow Sneak|p1a: Lycanroc\n|-damage|p1a: Lycanroc|0 fnt\n|faint|p1a: Lycanroc\n|move|p2a: Feraligatr|Liquidation|p1b: Froslass\n|-damage|p1b: Froslass|0 fnt\n|faint|p1b: Froslass\n|\n|win|yuriimon\n|raw|monkeyboy014's rating: 1110 &rarr; <strong>1084</strong><br />(-26 for losing)\n|raw|yuriimon's rating: 1102 &rarr; <strong>1128</strong><br />(+26 for winning)\n|c|\u2606yuriimon|ggwp\n|l|\u2606monkeyboy014\n|player|p1|\n",
  "uploadtime": 1776107583,
  "views": 12,
  "formatid": "gen9championsvgc2026regma",
  "rating": 1084,
  "private": 0,
  "password": null
}