{
  "id": "gen9championsvgc2026regma-2582473482",
  "format": "[Gen 9 Champions] VGC 2026 Reg M-A",
  "players": [
    "LGPESWEEPER",
    "danieldanie"
  ],
  "log": "|j|\u2606LGPESWEEPER\n|j|\u2606danieldanie\n|t:|1776093973\n|gametype|doubles\n|player|p1|LGPESWEEPER|169|1080\n|player|p2|danieldanie|102|1165\n|gen|9\n|tier|[Gen 9 Champions] VGC 2026 Reg M-A\n|rated|\n|rule|Species Clause: Limit one of each Pok\u00e9mon\n|rule|Item Clause: Limit 1 of each item\n|clearpoke\n|poke|p1|Gyarados, L50, M|\n|poke|p1|Garchomp, L50, M|\n|poke|p1|Tinkaton, L50, F|\n|poke|p1|Sneasler, L50, M|\n|poke|p1|Sinistcha, L50|\n|poke|p1|Pelipper, L50, M|\n|poke|p2|Pelipper, L50, F|\n|poke|p2|Meganium, L50, F|\n|poke|p2|Basculegion, L50, M|\n|poke|p2|Tinkaton, L50, F|\n|poke|p2|Aerodactyl, L50, F|\n|poke|p2|Sinistcha, L50|\n|teampreview|4\n|\n|t:|1776094001\n|teamsize|p1|4\n|teamsize|p2|4\n|start\n|switch|p1a: Garchomp|Garchomp, L50, M|100/100\n|switch|p1b: Gyarados|Gyarados, L50, M|100/100\n|switch|p2a: Aerodactyl|Aerodactyl, L50, F|100/100\n|switch|p2b: Basculegion|Basculegion, L50, M|100/100\n|-ability|p2a: Aerodactyl|Unnerve\n|-ability|p1b: Gyarados|Intimidate|boost\n|-unboost|p2a: Aerodactyl|atk|1\n|-unboost|p2b: Basculegion|atk|1\n|turn|1\n|\n|t:|1776094013\n|switch|p1b: Tinkaton|Tinkaton, L50, F|100/100\n|-ability|p1b: Tinkaton|Mold Breaker\n|move|p2a: Aerodactyl|Tailwind|p2a: Aerodactyl\n|-sidestart|p2: danieldanie|move: Tailwind\n|move|p2b: Basculegion|Flip Turn|p1a: Garchomp\n|-damage|p1a: Garchomp|70/100\n|-damage|p2b: Basculegion|88/100|[from] ability: Rough Skin|[of] p1a: Garchomp\n|\n|t:|1776094032\n|switch|p2b: Tinkaton|Tinkaton, L50, F|100/100|[from] Flip Turn\n|move|p1a: Garchomp|Rock Slide|p2a: Aerodactyl|[spread] p2a,p2b\n|-supereffective|p2a: Aerodactyl|1\n|-resisted|p2b: Tinkaton|1\n|-damage|p2a: Aerodactyl|40/100\n|-damage|p2b: Tinkaton|92/100\n|\n|upkeep\n|turn|2\n|\n|t:|1776094064\n|switch|p2b: Meganium|Meganium, L50, F|100/100\n|move|p1a: Garchomp|Protect|p1a: Garchomp\n|-singleturn|p1a: Garchomp|Protect\n|move|p2a: Aerodactyl|Rock Slide|p1b: Tinkaton|[spread] p1b\n|-activate|p1a: Garchomp|move: Protect\n|-resisted|p1b: Tinkaton|1\n|-damage|p1b: Tinkaton|91/100\n|cant|p1b: Tinkaton|flinch\n|\n|upkeep\n|turn|3\n|\n|t:|1776094080\n|detailschange|p2b: Meganium|Meganium-Mega, L50, F\n|-mega|p2b: Meganium|Meganium|Meganiumite\n|move|p2a: Aerodactyl|Rock Slide|p1b: Tinkaton|[spread] \n|-miss|p2a: Aerodactyl|p1a: Garchomp\n|-miss|p2a: Aerodactyl|p1b: Tinkaton\n|move|p2b: Meganium|Solar Beam||[still]\n|-prepare|p2b: Meganium|Solar Beam\n|-activate|p2b: Meganium|ability: Mega Sol\n|-anim|p2b: Meganium|Solar Beam|p1a: Garchomp\n|-damage|p1a: Garchomp|0 fnt\n|faint|p1a: Garchomp\n|move|p1b: Tinkaton|Gigaton Hammer|p2b: Meganium\n|-supereffective|p2b: Meganium|1\n|-damage|p2b: Meganium|0 fnt\n|faint|p2b: Meganium\n|\n|upkeep\n|\n|t:|1776094099\n|switch|p1a: Gyarados|Gyarados, L50, M|100/100\n|switch|p2b: Tinkaton|Tinkaton, L50, F|92/100\n|-ability|p1a: Gyarados|Intimidate|boost\n|-unboost|p2a: Aerodactyl|atk|1\n|-fail|p2b: Tinkaton|unboost|Attack|[from] ability: Own Tempo|[of] p2b: Tinkaton\n|turn|4\n|\n|t:|1776094110\n|move|p1a: Gyarados|Protect|p1a: Gyarados\n|-singleturn|p1a: Gyarados|Protect\n|move|p2b: Tinkaton|Fake Out|p1a: Gyarados\n|-activate|p1a: Gyarados|move: Protect\n|move|p2a: Aerodactyl|Rock Slide|p1a: Gyarados|[spread] p1b\n|-activate|p1a: Gyarados|move: Protect\n|-resisted|p1b: Tinkaton|1\n|-damage|p1b: Tinkaton|84/100\n|move|p1b: Tinkaton|Play Rough|p2a: Aerodactyl\n|-damage|p2a: Aerodactyl|0 fnt\n|faint|p2a: Aerodactyl\n|\n|-sideend|p2: danieldanie|move: Tailwind\n|upkeep\n|\n|t:|1776094121\n|switch|p2a: Basculegion|Basculegion, L50, M|88/100\n|turn|5\n|\n|t:|1776094135\n|switch|p1a: Sneasler|Sneasler, L50, M|100/100\n|move|p2a: Basculegion|Last Respects|p1a: Sneasler\n|-damage|p1a: Sneasler|0 fnt\n|faint|p1a: Sneasler\n|move|p2b: Tinkaton|Thunder Wave|p1b: Tinkaton|[miss]\n|-miss|p2b: Tinkaton|p1b: Tinkaton\n|move|p1b: Tinkaton|Gigaton Hammer|p2b: Tinkaton\n|-damage|p2b: Tinkaton|28/100\n|-enditem|p2b: Tinkaton|Sitrus Berry|[eat]\n|-heal|p2b: Tinkaton|53/100|[from] item: Sitrus Berry\n|\n|upkeep\n|\n|t:|1776094148\n|switch|p1a: Gyarados|Gyarados, L50, M|100/100\n|-ability|p1a: Gyarados|Intimidate|boost\n|-unboost|p2a: Basculegion|atk|1\n|-fail|p2b: Tinkaton|unboost|Attack|[from] ability: Own Tempo|[of] p2b: Tinkaton\n|turn|6\n|\n|t:|1776094160\n|detailschange|p1a: Gyarados|Gyarados-Mega, L50, M\n|-mega|p1a: Gyarados|Gyarados|Gyaradosite\n|-ability|p1a: Gyarados|Mold Breaker\n|move|p2a: Basculegion|Last Respects|p1a: Gyarados\n|-resisted|p1a: Gyarados|1\n|-damage|p1a: Gyarados|68/100\n|move|p1a: Gyarados|Crunch|p2a: Basculegion\n|-supereffective|p2a: Basculegion|1\n|-damage|p2a: Basculegion|0 fnt\n|faint|p2a: Basculegion\n|move|p2b: Tinkaton|Gigaton Hammer|p1a: Gyarados\n|-resisted|p1a: Gyarados|1\n|-damage|p1a: Gyarados|47/100\n|move|p1b: Tinkaton|Encore|p2b: Tinkaton\n|-start|p2b: Tinkaton|Encore\n|\n|upkeep\n|turn|7\n|-message|danieldanie forfeited.\n|\n|win|LGPESWEEPER\n|raw|LGPESWEEPER's rating: 1080 &rarr; <strong>1115</strong><br />(+35 for winning)\n|raw|danieldanie's rating: 1165 &rarr; <strong>1134</strong><br />(-31 for losing)\n|l|\u2606danieldanie\n|player|p2|\n",
  "uploadtime": 1776094175,
  "views": 18,
  "formatid": "gen9championsvgc2026regma",
  "rating": 1115,
  "private": 0,
  "password": null
}