{
  "id": "gen9championsvgc2026regma-2582357667",
  "format": "[Gen 9 Champions] VGC 2026 Reg M-A",
  "players": [
    "Isidino",
    "dongazpacho0"
  ],
  "log": "|j|\u2606Isidino\n|j|\u2606dongazpacho0\n|t:|1776086122\n|gametype|doubles\n|player|p1|Isidino|102|1100\n|player|p2|dongazpacho0|cynthia|1078\n|gen|9\n|tier|[Gen 9 Champions] VGC 2026 Reg M-A\n|rated|\n|rule|Species Clause: Limit one of each Pok\u00e9mon\n|rule|Item Clause: Limit 1 of each item\n|clearpoke\n|poke|p1|Charizard, L50, M|\n|poke|p1|Whimsicott, L50, F|\n|poke|p1|Venusaur, L50, F|\n|poke|p1|Dragonite, L50, M|\n|poke|p1|Sneasler, L50, M|\n|poke|p1|Torkoal, L50, F|\n|poke|p2|Venusaur, L50, M|\n|poke|p2|Arcanine, L50, F|\n|poke|p2|Rotom-Wash, L50|\n|poke|p2|Garchomp, L50, M|\n|poke|p2|Corviknight, L50, F|\n|poke|p2|Sneasler, L50, M|\n|teampreview|4\n|inactive|Battle timer is ON: inactive players will automatically lose when time's up. (requested by Isidino)\n|inactive|Isidino has 60 seconds left.\n|\n|t:|1776086170\n|teamsize|p1|4\n|teamsize|p2|4\n|start\n|switch|p1a: Charizard|Charizard, L50, M, shiny|100/100\n|switch|p1b: Whimsicott|Whimsicott, L50, F, shiny|100/100\n|switch|p2a: Sneasler|Sneasler, L50, M, shiny|100/100\n|switch|p2b: Venusaur|Venusaur, L50, M, shiny|100/100\n|turn|1\n|\n|t:|1776086184\n|detailschange|p2b: Venusaur|Venusaur-Mega, L50, M, shiny\n|-mega|p2b: Venusaur|Venusaur|Venusaurite\n|move|p2a: Sneasler|Fake Out|p1b: Whimsicott\n|-damage|p1b: Whimsicott|78/100\n|cant|p1b: Whimsicott|flinch\n|move|p1a: Charizard|Heat Wave|p2a: Sneasler|[spread] p2a,p2b\n|-supereffective|p2b: Venusaur|1\n|-damage|p2a: Sneasler|58/100\n|-damage|p2b: Venusaur|77/100\n|-status|p2a: Sneasler|brn\n|move|p2b: Venusaur|Sludge Bomb|p1b: Whimsicott\n|-supereffective|p1b: Whimsicott|2\n|-damage|p1b: Whimsicott|0 fnt\n|faint|p1b: Whimsicott\n|\n|-damage|p2a: Sneasler|52/100 brn|[from] brn\n|upkeep\n|\n|t:|1776086198\n|switch|p1b: Sneasler|Sneasler, L50, M|100/100\n|turn|2\n|\n|t:|1776086221\n|detailschange|p1a: Charizard|Charizard-Mega-Y, L50, M, shiny\n|-mega|p1a: Charizard|Charizard|Charizardite Y\n|-weather|SunnyDay|[from] ability: Drought|[of] p1a: Charizard\n|move|p2b: Venusaur|Protect|p2b: Venusaur\n|-singleturn|p2b: Venusaur|Protect\n|move|p1b: Sneasler|Fake Out|p2a: Sneasler\n|-damage|p2a: Sneasler|27/100 brn\n|cant|p2a: Sneasler|flinch\n|move|p1a: Charizard|Heat Wave|p2a: Sneasler|[spread] p2a\n|-activate|p2b: Venusaur|move: Protect\n|-damage|p2a: Sneasler|0 fnt\n|faint|p2a: Sneasler\n|\n|-weather|SunnyDay|[upkeep]\n|upkeep\n|\n|t:|1776086238\n|switch|p2a: Garchomp|Garchomp, L50, M, shiny|100/100\n|turn|3\n|\n|t:|1776086244\n|move|p1a: Charizard|Protect|p1a: Charizard\n|-singleturn|p1a: Charizard|Protect\n|move|p1b: Sneasler|Close Combat|p2a: Garchomp\n|-damage|p2a: Garchomp|41/100\n|-unboost|p1b: Sneasler|def|1\n|-unboost|p1b: Sneasler|spd|1\n|-damage|p1b: Sneasler|88/100|[from] ability: Rough Skin|[of] p2a: Garchomp\n|-enditem|p1b: Sneasler|White Herb\n|-clearnegativeboost|p1b: Sneasler|[silent]\n|move|p2a: Garchomp|Rock Slide|p1b: Sneasler|[spread] p1b\n|-activate|p1a: Charizard|move: Protect\n|-resisted|p1b: Sneasler|1\n|-damage|p1b: Sneasler|73/100\n|move|p2b: Venusaur|Leech Seed|p1b: Sneasler\n|-start|p1b: Sneasler|move: Leech Seed\n|\n|-weather|SunnyDay|[upkeep]\n|-damage|p1b: Sneasler|60/100|[from] Leech Seed|[of] p2b: Venusaur\n|-heal|p2b: Venusaur|87/100|[silent]\n|upkeep\n|turn|4\n|\n|t:|1776086266\n|switch|p2a: Arcanine|Arcanine, L50, F, shiny|100/100\n|-ability|p2a: Arcanine|Intimidate|boost\n|-unboost|p1a: Charizard|atk|1\n|-unboost|p1b: Sneasler|atk|1\n|move|p1b: Sneasler|Close Combat|p2a: Arcanine\n|-damage|p2a: Arcanine|52/100\n|-unboost|p1b: Sneasler|def|1\n|-unboost|p1b: Sneasler|spd|1\n|move|p1a: Charizard|Heat Wave|p2b: Venusaur|[spread] p2a,p2b\n|-resisted|p2a: Arcanine|1\n|-supereffective|p2b: Venusaur|1\n|-damage|p2a: Arcanine|16/100\n|-damage|p2b: Venusaur|39/100\n|-enditem|p2a: Arcanine|Sitrus Berry|[eat]\n|-heal|p2a: Arcanine|41/100|[from] item: Sitrus Berry\n|move|p2b: Venusaur|Leech Seed|p1a: Charizard\n|-start|p1a: Charizard|move: Leech Seed\n|\n|-weather|SunnyDay|[upkeep]\n|-damage|p1b: Sneasler|48/100|[from] Leech Seed|[of] p2b: Venusaur\n|-heal|p2b: Venusaur|49/100|[silent]\n|-damage|p1a: Charizard|88/100|[from] Leech Seed|[of] p2b: Venusaur\n|-heal|p2b: Venusaur|59/100|[silent]\n|upkeep\n|turn|5\n|\n|t:|1776086288\n|move|p2b: Venusaur|Protect|p2b: Venusaur\n|-singleturn|p2b: Venusaur|Protect\n|move|p1b: Sneasler|Close Combat|p2a: Arcanine\n|-damage|p2a: Arcanine|0 fnt\n|-unboost|p1b: Sneasler|def|1\n|-unboost|p1b: Sneasler|spd|1\n|faint|p2a: Arcanine\n|move|p1a: Charizard|Heat Wave|p2b: Venusaur\n|-activate|p2b: Venusaur|move: Protect\n|\n|-weather|SunnyDay|[upkeep]\n|-damage|p1b: Sneasler|36/100|[from] Leech Seed|[of] p2b: Venusaur\n|-heal|p2b: Venusaur|69/100|[silent]\n|-damage|p1a: Charizard|76/100|[from] Leech Seed|[of] p2b: Venusaur\n|-heal|p2b: Venusaur|80/100|[silent]\n|upkeep\n|\n|t:|1776086302\n|switch|p2a: Garchomp|Garchomp, L50, M, shiny|41/100\n|turn|6\n|\n|t:|1776086310\n|move|p1b: Sneasler|Close Combat|p2a: Garchomp\n|-damage|p2a: Garchomp|0 fnt\n|-unboost|p1b: Sneasler|def|1\n|-unboost|p1b: Sneasler|spd|1\n|-damage|p1b: Sneasler|24/100|[from] ability: Rough Skin|[of] p2a: Garchomp\n|faint|p2a: Garchomp\n|move|p1a: Charizard|Heat Wave|p2b: Venusaur\n|-supereffective|p2b: Venusaur|1\n|-damage|p2b: Venusaur|15/100\n|move|p2b: Venusaur|Sludge Bomb|p1a: Charizard\n|-damage|p1a: Charizard|29/100\n|\n|-weather|none\n|-damage|p1b: Sneasler|11/100|[from] Leech Seed|[of] p2b: Venusaur\n|-heal|p2b: Venusaur|26/100|[silent]\n|-damage|p1a: Charizard|17/100|[from] Leech Seed|[of] p2b: Venusaur\n|-heal|p2b: Venusaur|36/100|[silent]\n|upkeep\n|turn|7\n|\n|t:|1776086327\n|switch|p1b: Venusaur|Venusaur, L50, F|100/100\n|move|p2b: Venusaur|Protect|p2b: Venusaur\n|-singleturn|p2b: Venusaur|Protect\n|move|p1a: Charizard|Heat Wave|p2b: Venusaur\n|-activate|p2b: Venusaur|move: Protect\n|\n|-damage|p1a: Charizard|4/100|[from] Leech Seed|[of] p2b: Venusaur\n|-heal|p2b: Venusaur|46/100|[silent]\n|upkeep\n|turn|8\n|\n|t:|1776086340\n|move|p1a: Charizard|Heat Wave|p2b: Venusaur|[miss]\n|-miss|p1a: Charizard|p2b: Venusaur\n|move|p1b: Venusaur|Sludge Bomb|p2b: Venusaur\n|-damage|p2b: Venusaur|6/100\n|move|p2b: Venusaur|Sludge Bomb|p1b: Venusaur\n|-damage|p1b: Venusaur|51/100\n|\n|-damage|p1a: Charizard|0 fnt|[from] Leech Seed|[of] p2b: Venusaur\n|-heal|p2b: Venusaur|9/100|[silent]\n|faint|p1a: Charizard\n|upkeep\n|\n|t:|1776086345\n|switch|p1a: Sneasler|Sneasler, L50, M|11/100\n|turn|9\n|\n|t:|1776086357\n|move|p1a: Sneasler|Fake Out|p2b: Venusaur\n|-damage|p2b: Venusaur|0 fnt\n|faint|p2b: Venusaur\n|\n|win|Isidino\n|raw|Isidino's rating: 1100 &rarr; <strong>1123</strong><br />(+23 for winning)\n|raw|dongazpacho0's rating: 1078 &rarr; <strong>1058</strong><br />(-20 for losing)\n",
  "uploadtime": 1776086359,
  "views": 23,
  "formatid": "gen9championsvgc2026regma",
  "rating": 1058,
  "private": 0,
  "password": null
}