{
  "id": "gen9championsvgc2026regma-2586807685",
  "format": "[Gen 9 Champions] VGC 2026 Reg M-A",
  "players": [
    "Ckoqee",
    "jakeofonline"
  ],
  "log": "|j|\u2606Ckoqee\n|j|\u2606jakeofonline\n|t:|1776461541\n|gametype|doubles\n|player|p1|Ckoqee|2|1110\n|player|p2|jakeofonline|brycenman|1156\n|gen|9\n|tier|[Gen 9 Champions] VGC 2026 Reg M-A\n|rated|\n|rule|Species Clause: Limit one of each Pok\u00e9mon\n|rule|Item Clause: Limit 1 of each item\n|clearpoke\n|poke|p1|Incineroar, L50, M|\n|poke|p1|Torkoal, L50, F|\n|poke|p1|Venusaur, L50, F|\n|poke|p1|Rotom-Mow, L50|\n|poke|p1|Gardevoir, L50, M|\n|poke|p1|Greninja-*, L50, M|\n|poke|p2|Chandelure, L50, M|\n|poke|p2|Oranguru, L50, F|\n|poke|p2|Tsareena, L50, F|\n|poke|p2|Florges, L50, F|\n|poke|p2|Aerodactyl, L50, F|\n|poke|p2|Gallade, L50, M|\n|teampreview|4\n|inactive|Battle timer is ON: inactive players will automatically lose when time's up. (requested by jakeofonline)\n|inactive|Ckoqee has 60 seconds left.\n|\n|t:|1776461586\n|teamsize|p1|4\n|teamsize|p2|4\n|start\n|switch|p1a: Incineroar|Incineroar, L50, M|100/100\n|switch|p1b: Venusaur|Venusaur, L50, F|100/100\n|switch|p2a: Oranguru|Oranguru, L50, F|100/100\n|switch|p2b: Tsareena|Tsareena, L50, F|100/100\n|-ability|p1a: Incineroar|Intimidate|boost\n|-fail|p2a: Oranguru|unboost|Attack|[from] ability: Inner Focus|[of] p2a: Oranguru\n|-unboost|p2b: Tsareena|atk|1\n|turn|1\n|inactive|Ckoqee has 30 seconds left.\n|inactive|Ckoqee has 20 seconds left.\n|\n|t:|1776461622\n|switch|p2b: Chandelure|Chandelure, L50, M|100/100\n|move|p1b: Venusaur|Sludge Bomb|p2a: Oranguru\n|-damage|p2a: Oranguru|72/100\n|-status|p2a: Oranguru|psn\n|move|p1a: Incineroar|Flare Blitz|p2a: Oranguru\n|-damage|p2a: Oranguru|18/100 psn\n|-enditem|p2a: Oranguru|Sitrus Berry|[eat]\n|-heal|p2a: Oranguru|43/100 psn|[from] item: Sitrus Berry\n|-damage|p1a: Incineroar|83/100|[from] Recoil\n|move|p2a: Oranguru|Trick Room|p2a: Oranguru\n|-fieldstart|move: Trick Room|[of] p2a: Oranguru\n|\n|-damage|p2a: Oranguru|30/100 psn|[from] psn\n|upkeep\n|turn|2\n|\n|t:|1776461641\n|switch|p1b: Torkoal|Torkoal, L50, F|100/100\n|-weather|SunnyDay|[from] ability: Drought|[of] p1b: Torkoal\n|detailschange|p2b: Chandelure|Chandelure-Mega, L50, M\n|-mega|p2b: Chandelure|Chandelure|Chandelurite\n|move|p1a: Incineroar|Flare Blitz|p2a: Oranguru\n|-damage|p2a: Oranguru|0 fnt\n|faint|p2a: Oranguru\n|-damage|p1a: Incineroar|74/100|[from] Recoil\n|move|p2b: Chandelure|Heat Wave|p1b: Torkoal|[spread] p1a,p1b\n|-resisted|p1a: Incineroar|1\n|-resisted|p1b: Torkoal|1\n|-damage|p1a: Incineroar|47/100\n|-damage|p1b: Torkoal|58/100\n|-enditem|p1a: Incineroar|Sitrus Berry|[eat]\n|-heal|p1a: Incineroar|72/100|[from] item: Sitrus Berry\n|\n|-weather|SunnyDay|[upkeep]\n|upkeep\n|\n|t:|1776461657\n|switch|p2a: Aerodactyl|Aerodactyl, L50, F|100/100\n|turn|3\n|\n|t:|1776461675\n|move|p1b: Torkoal|Lava Plume|p2a: Aerodactyl|[spread] p1a,p2a,p2b\n|-resisted|p1a: Incineroar|1\n|-resisted|p2a: Aerodactyl|1\n|-crit|p2a: Aerodactyl\n|-resisted|p2b: Chandelure|1\n|-damage|p1a: Incineroar|56/100\n|-damage|p2a: Aerodactyl|53/100\n|-damage|p2b: Chandelure|80/100\n|move|p1a: Incineroar|Parting Shot|p2a: Aerodactyl\n|-unboost|p2a: Aerodactyl|atk|1\n|-unboost|p2a: Aerodactyl|spa|1\n|\n|t:|1776461685\n|switch|p1a: Greninja|Greninja, L50, M|100/100|[from] Parting Shot\n|move|p2b: Chandelure|Heat Wave|p1a: Greninja|[spread] p1a,p1b\n|-resisted|p1a: Greninja|1\n|-resisted|p1b: Torkoal|1\n|-damage|p1a: Greninja|37/100\n|-damage|p1b: Torkoal|11/100\n|move|p2a: Aerodactyl|Rock Slide|p1a: Greninja|[spread] p1a,p1b\n|-supereffective|p1b: Torkoal|1\n|-damage|p1a: Greninja|11/100\n|-damage|p1b: Torkoal|0 fnt\n|faint|p1b: Torkoal\n|\n|-weather|SunnyDay|[upkeep]\n|upkeep\n|\n|t:|1776461694\n|switch|p1b: Incineroar|Incineroar, L50, M|56/100\n|-ability|p1b: Incineroar|Intimidate|boost\n|-unboost|p2a: Aerodactyl|atk|1\n|-unboost|p2b: Chandelure|atk|1\n|turn|4\n|inactive|Ckoqee has 30 seconds left.\n|\n|t:|1776461726\n|move|p1a: Greninja|Protect|p1a: Greninja\n|-start|p1a: Greninja|typechange|Normal|[from] ability: Protean\n|-singleturn|p1a: Greninja|Protect\n|move|p2a: Aerodactyl|Protect|p2a: Aerodactyl\n|-singleturn|p2a: Aerodactyl|Protect\n|move|p1b: Incineroar|Parting Shot|p2b: Chandelure\n|-unboost|p2b: Chandelure|atk|1\n|-unboost|p2b: Chandelure|spa|1\n|\n|t:|1776461735\n|switch|p1b: Venusaur|Venusaur, L50, F|100/100|[from] Parting Shot\n|move|p2b: Chandelure|Heat Wave|p1b: Venusaur|[spread] p1b\n|-activate|p1a: Greninja|move: Protect\n|-supereffective|p1b: Venusaur|1\n|-damage|p1b: Venusaur|0 fnt\n|faint|p1b: Venusaur\n|\n|-weather|SunnyDay|[upkeep]\n|upkeep\n|\n|t:|1776461743\n|switch|p1b: Incineroar|Incineroar, L50, M|56/100\n|-ability|p1b: Incineroar|Intimidate|boost\n|-unboost|p2a: Aerodactyl|atk|1\n|-unboost|p2b: Chandelure|atk|1\n|turn|5\n|\n|t:|1776461766\n|switch|p2a: Tsareena|Tsareena, L50, F|100/100\n|detailschange|p1a: Greninja|Greninja-Mega, L50, M\n|-mega|p1a: Greninja|Greninja|Greninjite\n|move|p1b: Incineroar|Protect|p1b: Incineroar\n|-singleturn|p1b: Incineroar|Protect\n|move|p2b: Chandelure|Heat Wave|p1b: Incineroar|[spread] p1a\n|-activate|p1b: Incineroar|move: Protect\n|-resisted|p1a: Greninja|1\n|-damage|p1a: Greninja|0 fnt\n|faint|p1a: Greninja\n|\n|-weather|SunnyDay|[upkeep]\n|-fieldend|move: Trick Room\n|upkeep\n|turn|6\n|\n|t:|1776461785\n|move|p2b: Chandelure|Shadow Ball|p1b: Incineroar\n|-resisted|p1b: Incineroar|1\n|-damage|p1b: Incineroar|42/100\n|move|p2a: Tsareena|Low Kick|p1b: Incineroar\n|-supereffective|p1b: Incineroar|1\n|-damage|p1b: Incineroar|0 fnt\n|faint|p1b: Incineroar\n|\n|win|jakeofonline\n|raw|Ckoqee's rating: 1110 &rarr; <strong>1088</strong><br />(-22 for losing)\n|raw|jakeofonline's rating: 1156 &rarr; <strong>1178</strong><br />(+22 for winning)\n",
  "uploadtime": 1776461792,
  "views": 21,
  "formatid": "gen9championsvgc2026regma",
  "rating": 1088,
  "private": 0,
  "password": null
}