{
  "id": "gen9championsvgc2026regma-2584142951",
  "format": "[Gen 9 Champions] VGC 2026 Reg M-A",
  "players": [
    "Bman3111",
    "holdingb"
  ],
  "log": "|j|\u2606Bman3111\n|j|\u2606holdingb\n|t:|1776230101\n|gametype|doubles\n|player|p1|Bman3111|1|\n|player|p2|holdingb|anabel-gen7|\n|gen|9\n|tier|[Gen 9 Champions] VGC 2026 Reg M-A\n|rated|Tournament battle\n|rule|Species Clause: Limit one of each Pok\u00e9mon\n|rule|Item Clause: Limit 1 of each item\n|raw|<div class=\"infobox\"><details class=\"readmore\" open><summary><strong>1 custom rule:</strong></summary> Force Open Team Sheets</details></div>\n|clearpoke\n|poke|p1|Gengar, L50, M|\n|poke|p1|Incineroar, L50, F|\n|poke|p1|Politoed, L50, M|\n|poke|p1|Rotom-Wash, L50|\n|poke|p1|Sneasler, L50, M|\n|poke|p1|Corviknight, L50, M|\n|poke|p2|Gardevoir, L50, M|\n|poke|p2|Kangaskhan, L50, F|\n|poke|p2|Talonflame, L50, M|\n|poke|p2|Meowscarada, L50, F|\n|poke|p2|Rotom-Wash, L50|\n|poke|p2|Aegislash, L50, M|\n|teampreview|4\n|showteam|p1|Gengar||Gengarite|CursedBody|ShadowBall,SludgeBomb,PerishSong,Protect|||M|||50|]Incineroar||ChopleBerry|Intimidate|FakeOut,ThroatChop,PartingShot,Protect|||F|||50|]Politoed||SitrusBerry|Drizzle|MuddyWater,IcyWind,PerishSong,Protect|||M|||50|]Rotom-Wash||ChoiceScarf|Levitate|HydroPump,Thunderbolt,Electroweb,VoltSwitch||||||50|]Sneasler||WhiteHerb|Unburden|FakeOut,CloseCombat,DireClaw,Protect|||M|||50|]Corviknight||Leftovers|MirrorArmor|BodyPress,BraveBird,BulkUp,Roost|||M|||50|\n|showteam|p2|Gardevoir||ChoiceScarf|Trace|Psyshock,Moonblast,IcyWind,Trick|||M|||50|]Kangaskhan||Kangaskhanite|Scrappy|FakeOut,DoubleEdge,DrainPunch,IcePunch|||F|||50|]Talonflame||SharpBeak|GaleWings|Tailwind,BraveBird,Feint,QuickGuard|||M|||50|]Meowscarada||FocusSash|Overgrow|FlowerTrick,KnockOff,SuckerPunch,Protect|||F|||50|]Rotom-Wash||SitrusBerry|Levitate|HydroPump,Thunderbolt,Protect,WillOWisp||||||50|]Aegislash||Leftovers|StanceChange|FlashCannon,ShadowBall,KingsShield,Substitute|||M|||50|\n|inactive|Battle timer is ON: inactive players will automatically lose when time's up. (requested by Bman3111)\n|inactive|holdingb also wants the timer to be on.\nBman3111 has agreed to open team sheets.\nholdingb rejected open team sheets.\n|j| OnToTheOther\n|inactive|Bman3111 has 60 seconds left.\n|inactive|holdingb has 60 seconds left.\n|\n|t:|1776230150\n|teamsize|p1|4\n|teamsize|p2|4\n|start\n|switch|p1a: Gengar|Gengar, L50, M|100/100\n|switch|p1b: Incineroar|Incineroar, L50, F|100/100\n|switch|p2a: Gardevoir|Gardevoir, L50, M|100/100\n|switch|p2b: Talonflame|Talonflame, L50, M|100/100\n|-ability|p2a: Gardevoir|Intimidate|Trace|[from] ability: Trace|[of] p1b: Incineroar\n|-ability|p2a: Gardevoir|Intimidate|boost\n|-unboost|p1a: Gengar|atk|1\n|-unboost|p1b: Incineroar|atk|1\n|-ability|p1b: Incineroar|Intimidate|boost\n|-unboost|p2a: Gardevoir|atk|1\n|-unboost|p2b: Talonflame|atk|1\n|turn|1\n|\n|t:|1776230175\n|detailschange|p1a: Gengar|Gengar-Mega, L50, M\n|-mega|p1a: Gengar|Gengar|Gengarite\n|move|p1a: Gengar|Protect|p1a: Gengar\n|-singleturn|p1a: Gengar|Protect\n|move|p2b: Talonflame|Quick Guard|p2b: Talonflame\n|-singleturn|p2b: Talonflame|Quick Guard\n|move|p2a: Gardevoir|Psyshock|p1a: Gengar\n|-activate|p1a: Gengar|move: Protect\n|move|p1b: Incineroar|Parting Shot|p2a: Gardevoir\n|-unboost|p2a: Gardevoir|atk|1\n|-unboost|p2a: Gardevoir|spa|1\n|j| flyingmantis\n|l| flyingmantis\n|inactive|Bman3111 has 30 seconds left.\n|\n|t:|1776230203\n|switch|p1b: Sneasler|Sneasler, L50, M|100/100|[from] Parting Shot\n|\n|upkeep\n|turn|2\n|j| RookieHj\n|\n|t:|1776230212\n|switch|p1b: Incineroar|Incineroar, L50, F|100/100\n|-ability|p1b: Incineroar|Intimidate|boost\n|-unboost|p2a: Gardevoir|atk|1\n|-unboost|p2b: Talonflame|atk|1\n|move|p2b: Talonflame|Quick Guard|p2b: Talonflame\n|-singleturn|p2b: Talonflame|Quick Guard\n|move|p2a: Gardevoir|Psyshock|p1b: Incineroar\n|-immune|p1b: Incineroar\n|move|p1a: Gengar|Perish Song|p1a: Gengar\n|-start|p1a: Gengar|perish3|[silent]\n|-start|p1b: Incineroar|perish3|[silent]\n|-start|p2a: Gardevoir|perish3|[silent]\n|-start|p2b: Talonflame|perish3|[silent]\n|-fieldactivate|move: Perish Song\n|\n|-start|p2a: Gardevoir|perish3\n|-start|p1a: Gengar|perish3\n|-start|p2b: Talonflame|perish3\n|-start|p1b: Incineroar|perish3\n|upkeep\n|turn|3\n|\n|t:|1776230228\n|move|p1a: Gengar|Protect|p1a: Gengar\n|-singleturn|p1a: Gengar|Protect\n|move|p1b: Incineroar|Protect|p1b: Incineroar\n|-singleturn|p1b: Incineroar|Protect\n|move|p2b: Talonflame|Quick Guard|p2b: Talonflame\n|-singleturn|p2b: Talonflame|Quick Guard\n|move|p2a: Gardevoir|Psyshock|p1a: Gengar\n|-activate|p1a: Gengar|move: Protect\n|\n|-start|p2a: Gardevoir|perish2\n|-start|p1a: Gengar|perish2\n|-start|p2b: Talonflame|perish2\n|-start|p1b: Incineroar|perish2\n|upkeep\n|turn|4\n|\n|t:|1776230238\n|switch|p1a: Corviknight|Corviknight, L50, M|100/100\n|move|p2b: Talonflame|Tailwind|p2b: Talonflame\n|-sidestart|p2: holdingb|move: Tailwind\n|move|p2a: Gardevoir|Psyshock|p1a: Corviknight\n|-resisted|p1a: Corviknight|1\n|-crit|p1a: Corviknight\n|-damage|p1a: Corviknight|78/100\n|move|p1b: Incineroar|Parting Shot|p2b: Talonflame\n|-unboost|p2b: Talonflame|atk|1\n|-unboost|p2b: Talonflame|spa|1\n|\n|t:|1776230247\n|switch|p1b: Gengar|Gengar-Mega, L50, M|100/100|[from] Parting Shot\n|\n|-heal|p1a: Corviknight|84/100|[from] item: Leftovers\n|-start|p2a: Gardevoir|perish1\n|-start|p2b: Talonflame|perish1\n|upkeep\n|turn|5\n|\n|t:|1776230268\n|switch|p1a: Incineroar|Incineroar, L50, F|100/100\n|-ability|p1a: Incineroar|Intimidate|boost\n|-unboost|p2a: Gardevoir|atk|1\n|-unboost|p2b: Talonflame|atk|1\n|move|p1b: Gengar|Protect|p1b: Gengar\n|-singleturn|p1b: Gengar|Protect\n|move|p2b: Talonflame|Feint|p1b: Gengar\n|-immune|p1b: Gengar\n|move|p2a: Gardevoir|Psyshock|p1b: Gengar\n|-activate|p1b: Gengar|move: Protect\n|\n|-start|p2a: Gardevoir|perish0\n|-start|p2b: Talonflame|perish0\n|faint|p2a: Gardevoir\n|faint|p2b: Talonflame\n|upkeep\n|\n|t:|1776230282\n|switch|p2b: Kangaskhan|Kangaskhan, L50, F|100/100\n|switch|p2a: Aegislash|Aegislash, L50, M|100/100\n|turn|6\n|\n|t:|1776230303\n|switch|p1a: Corviknight|Corviknight, L50, M|84/100\n|move|p2b: Kangaskhan|Fake Out|p1b: Gengar\n|-damage|p1b: Gengar|72/100\n|cant|p1b: Gengar|flinch\n|-formechange|p2a: Aegislash|Aegislash-Blade|\n|move|p2a: Aegislash|Shadow Ball|p1b: Gengar\n|-supereffective|p1b: Gengar|1\n|-damage|p1b: Gengar|0 fnt\n|faint|p1b: Gengar\n|\n|-heal|p1a: Corviknight|90/100|[from] item: Leftovers\n|upkeep\n|\n|t:|1776230314\n|switch|p1b: Incineroar|Incineroar, L50, F|100/100\n|-ability|p1b: Incineroar|Intimidate|boost\n|-unboost|p2a: Aegislash|atk|1\n|-fail|p2b: Kangaskhan|unboost|Attack|[from] ability: Scrappy|[of] p2b: Kangaskhan\n|turn|7\n|\n|t:|1776230334\n|detailschange|p2b: Kangaskhan|Kangaskhan-Mega, L50, F\n|-mega|p2b: Kangaskhan|Kangaskhan|Kangaskhanite\n|-formechange|p2a: Aegislash|Aegislash|\n|move|p2a: Aegislash|King's Shield|p2a: Aegislash\n|-singleturn|p2a: Aegislash|Protect\n|move|p1b: Incineroar|Fake Out|p2b: Kangaskhan\n|-damage|p2b: Kangaskhan|90/100\n|cant|p2b: Kangaskhan|flinch\n|move|p1a: Corviknight|Bulk Up|p1a: Corviknight\n|-boost|p1a: Corviknight|atk|1\n|-boost|p1a: Corviknight|def|1\n|\n|-heal|p1a: Corviknight|96/100|[from] item: Leftovers\n|-sideend|p2: holdingb|move: Tailwind\n|upkeep\n|turn|8\n|\n|t:|1776230354\n|move|p1b: Incineroar|Protect|p1b: Incineroar\n|-singleturn|p1b: Incineroar|Protect\n|move|p2b: Kangaskhan|Double-Edge|p1b: Incineroar\n|-activate|p1b: Incineroar|move: Protect\n|move|p1a: Corviknight|Body Press|p2b: Kangaskhan\n|-supereffective|p2b: Kangaskhan|1\n|-damage|p2b: Kangaskhan|17/100\n|move|p2a: Aegislash|Substitute|p2a: Aegislash\n|-start|p2a: Aegislash|Substitute\n|-damage|p2a: Aegislash|76/100\n|\n|-heal|p1a: Corviknight|100/100|[from] item: Leftovers\n|-heal|p2a: Aegislash|82/100|[from] item: Leftovers\n|upkeep\n|turn|9\n|inactive|holdingb has 30 seconds left.\n|\n|t:|1776230381\n|switch|p1b: Sneasler|Sneasler, L50, M|100/100\n|move|p2b: Kangaskhan|Double-Edge|p1b: Sneasler\n|-damage|p1b: Sneasler|0 fnt\n|faint|p1b: Sneasler\n|-hitcount|p1: Sneasler|1\n|-damage|p2b: Kangaskhan|0 fnt|[from] Recoil\n|faint|p2b: Kangaskhan\n|move|p1a: Corviknight|Body Press|p2a: Aegislash\n|-immune|p2a: Aegislash\n|-formechange|p2a: Aegislash|Aegislash-Blade|\n|move|p2a: Aegislash|Shadow Ball|p1a: Corviknight\n|-damage|p1a: Corviknight|61/100\n|\n|-heal|p1a: Corviknight|67/100|[from] item: Leftovers\n|-heal|p2a: Aegislash|88/100|[from] item: Leftovers\n|upkeep\n|\n|t:|1776230389\n|switch|p1b: Incineroar|Incineroar, L50, F|100/100\n|-ability|p1b: Incineroar|Intimidate|boost\n|-immune|p2a: Aegislash\n|turn|10\n|\n|t:|1776230396\n|-formechange|p2a: Aegislash|Aegislash|\n|move|p2a: Aegislash|King's Shield|p2a: Aegislash\n|-singleturn|p2a: Aegislash|Protect\n|move|p1b: Incineroar|Parting Shot|p2a: Aegislash\n|-unboost|p2a: Aegislash|atk|1\n|-unboost|p2a: Aegislash|spa|1\n|move|p1a: Corviknight|Bulk Up|p1a: Corviknight\n|-boost|p1a: Corviknight|atk|1\n|-boost|p1a: Corviknight|def|1\n|\n|-heal|p1a: Corviknight|73/100|[from] item: Leftovers\n|-heal|p2a: Aegislash|94/100|[from] item: Leftovers\n|upkeep\n|turn|11\n|\n|t:|1776230404\n|move|p1b: Incineroar|Throat Chop|p2a: Aegislash\n|-supereffective|p2a: Aegislash|1\n|-crit|p2a: Aegislash\n|-end|p2a: Aegislash|Substitute\n|move|p1a: Corviknight|Brave Bird|p2a: Aegislash\n|-resisted|p2a: Aegislash|1\n|-damage|p2a: Aegislash|63/100\n|-damage|p1a: Corviknight|65/100|[from] Recoil\n|-formechange|p2a: Aegislash|Aegislash-Blade|\n|move|p2a: Aegislash|Shadow Ball|p1b: Incineroar\n|-resisted|p1b: Incineroar|1\n|-damage|p1b: Incineroar|86/100\n|-unboost|p1b: Incineroar|spd|1\n|\n|-heal|p1a: Corviknight|71/100|[from] item: Leftovers\n|-heal|p2a: Aegislash|69/100|[from] item: Leftovers\n|upkeep\n|turn|12\n|j| SH0CKING BLUE\n|\n|t:|1776230416\n|move|p1b: Incineroar|Parting Shot|p2a: Aegislash\n|-unboost|p2a: Aegislash|atk|1\n|-unboost|p2a: Aegislash|spa|1\n|move|p1a: Corviknight|Brave Bird|p2a: Aegislash\n|-resisted|p2a: Aegislash|1\n|-damage|p2a: Aegislash|1/100\n|-damage|p1a: Corviknight|51/100|[from] Recoil\n|move|p2a: Aegislash|Substitute|p2a: Aegislash\n|-fail|p2a: Aegislash|move: Substitute|[weak]\n|\n|-heal|p1a: Corviknight|57/100|[from] item: Leftovers\n|-heal|p2a: Aegislash|7/100|[from] item: Leftovers\n|upkeep\n|turn|13\n|c|\u2606Bman3111|gg\n|c|\u2606holdingb|gg\n|\n|t:|1776230430\n|-formechange|p2a: Aegislash|Aegislash|\n|move|p2a: Aegislash|King's Shield|p2a: Aegislash\n|-singleturn|p2a: Aegislash|Protect\n|move|p1b: Incineroar|Throat Chop|p2a: Aegislash\n|-activate|p2a: Aegislash|move: Protect\n|-unboost|p1b: Incineroar|atk|1\n|move|p1a: Corviknight|Brave Bird|p2a: Aegislash\n|-activate|p2a: Aegislash|move: Protect\n|-ability|p1a: Corviknight|Mirror Armor\n|-unboost|p2a: Aegislash|atk|1\n|\n|-heal|p1a: Corviknight|64/100|[from] item: Leftovers\n|-heal|p2a: Aegislash|13/100|[from] item: Leftovers\n|upkeep\n|turn|14\n|l| RookieHj\n|\n|t:|1776230433\n|move|p2a: Aegislash|King's Shield|p2a: Aegislash\n|-singleturn|p2a: Aegislash|Protect\n|move|p1b: Incineroar|Throat Chop|p2a: Aegislash\n|-activate|p2a: Aegislash|move: Protect\n|-unboost|p1b: Incineroar|atk|1\n|move|p1a: Corviknight|Brave Bird|p2a: Aegislash\n|-activate|p2a: Aegislash|move: Protect\n|-ability|p1a: Corviknight|Mirror Armor\n|-unboost|p2a: Aegislash|atk|1\n|\n|-heal|p1a: Corviknight|70/100|[from] item: Leftovers\n|-heal|p2a: Aegislash|19/100|[from] item: Leftovers\n|upkeep\n|turn|15\n|\n|t:|1776230436\n|move|p2a: Aegislash|King's Shield||[still]\n|-fail|p2a: Aegislash\n|move|p1b: Incineroar|Throat Chop|p2a: Aegislash\n|-supereffective|p2a: Aegislash|1\n|-damage|p2a: Aegislash|0 fnt\n|faint|p2a: Aegislash\n|\n|win|Bman3111\n|n|\u2606Bman3111|bman3111\n|n|\u2606holdingb|holdingb\n|n| OnToTheOther|ontotheother\n|n| SH0CKING BLUE|sh0ckingblue\n|l|\u2606holdingb\n|player|p2|\n|l| SH0CKING BLUE\n",
  "uploadtime": 1776230449,
  "views": 18,
  "formatid": "gen9championsvgc2026regma",
  "rating": null,
  "private": 0,
  "password": null
}