{
  "id": "gen9championsvgc2026regma-2587861318",
  "format": "[Gen 9 Champions] VGC 2026 Reg M-A",
  "players": [
    "Jaxson_Piwek",
    "Vanis25"
  ],
  "log": "|j|\u2606Jaxson_Piwek\n|j|\u2606Vanis25\n|t:|1776571728\n|gametype|doubles\n|player|p1|Jaxson_Piwek|n|1171\n|player|p2|Vanis25|aaron|1278\n|gen|9\n|tier|[Gen 9 Champions] VGC 2026 Reg M-A\n|rated|\n|rule|Species Clause: Limit one of each Pok\u00e9mon\n|rule|Item Clause: Limit 1 of each item\n|clearpoke\n|poke|p1|Dragonite, L50, F|\n|poke|p1|Pelipper, L50, M|\n|poke|p1|Basculegion, L50, M|\n|poke|p1|Sneasler, L50, M|\n|poke|p1|Meganium, L50, M|\n|poke|p1|Archaludon, L50, F|\n|poke|p2|Glimmora, L50, F|\n|poke|p2|Corviknight, L50, F|\n|poke|p2|Incineroar, L50, F|\n|poke|p2|Garchomp, L50, F|\n|poke|p2|Ninetales-Alola, L50, M|\n|poke|p2|Gyarados, L50, F|\n|teampreview|4\nJaxson_Piwek rejected open team sheets.\n|inactive|Battle timer is ON: inactive players will automatically lose when time's up. (requested by Vanis25)\n|\n|t:|1776571798\n|teamsize|p1|4\n|teamsize|p2|4\n|start\n|switch|p1a: Pelipper|Pelipper, L50, M|100/100\n|switch|p1b: Basculegion|Basculegion, L50, M|100/100\n|switch|p2a: Glimmora|Glimmora, L50, F|100/100\n|switch|p2b: Incineroar|Incineroar, L50, F|100/100\n|-weather|RainDance|[from] ability: Drizzle|[of] p1a: Pelipper\n|-ability|p2b: Incineroar|Intimidate|boost\n|-unboost|p1a: Pelipper|atk|1\n|-unboost|p1b: Basculegion|atk|1\n|turn|1\n|\n|t:|1776571817\n|switch|p1a: Archaludon|Archaludon, L50, F|100/100\n|switch|p2b: Ninetales|Ninetales-Alola, L50, M|100/100\n|-weather|Snowscape|[from] ability: Snow Warning|[of] p2b: Ninetales\n|detailschange|p2a: Glimmora|Glimmora-Mega, L50, F\n|-mega|p2a: Glimmora|Glimmora|Glimmoranite\n|move|p2a: Glimmora|Power Gem|p1a: Archaludon\n|-resisted|p1a: Archaludon|1\n|-damage|p1a: Archaludon|54/100\n|-ability|p1a: Archaludon|Stamina|boost\n|-boost|p1a: Archaludon|def|1\n|move|p1b: Basculegion|Flip Turn|p2a: Glimmora\n|-supereffective|p2a: Glimmora|1\n|-damage|p2a: Glimmora|33/100\n|\n|t:|1776571830\n|switch|p1b: Pelipper|Pelipper, L50, M|100/100|[from] Flip Turn\n|-weather|RainDance|[from] ability: Drizzle|[of] p1b: Pelipper\n|\n|-weather|RainDance|[upkeep]\n|-heal|p1a: Archaludon|60/100|[from] item: Leftovers\n|upkeep\n|turn|2\n|inactive|Jaxson_Piwek has 30 seconds left.\n|\n|t:|1776571860\n|switch|p2b: Garchomp|Garchomp, L50, F|100/100\n|move|p1b: Pelipper|Weather Ball|p2a: Glimmora\n|-supereffective|p2a: Glimmora|1\n|-damage|p2a: Glimmora|0 fnt\n|faint|p2a: Glimmora\n|move|p1a: Archaludon|Flash Cannon|p2b: Garchomp\n|-damage|p2b: Garchomp|55/100\n|\n|-weather|RainDance|[upkeep]\n|-heal|p1a: Archaludon|66/100|[from] item: Leftovers\n|upkeep\n|\n|t:|1776571868\n|switch|p2a: Ninetales|Ninetales-Alola, L50, M|100/100\n|-weather|Snowscape|[from] ability: Snow Warning|[of] p2a: Ninetales\n|turn|3\n|\n|t:|1776571887\n|switch|p1b: Basculegion|Basculegion, L50, M|100/100\n|move|p1a: Archaludon|Protect|p1a: Archaludon\n|-singleturn|p1a: Archaludon|Protect\n|move|p2b: Garchomp|Rock Slide|p1b: Basculegion|[spread] p1b\n|-activate|p1a: Archaludon|move: Protect\n|-damage|p1b: Basculegion|74/100\n|move|p2a: Ninetales|Blizzard|p1b: Basculegion|[spread] p1b\n|-activate|p1a: Archaludon|move: Protect\n|-resisted|p1b: Basculegion|1\n|-damage|p1b: Basculegion|55/100\n|\n|-weather|Snowscape|[upkeep]\n|-heal|p1a: Archaludon|72/100|[from] item: Leftovers\n|upkeep\n|turn|4\n|inactive|Jaxson_Piwek has 30 seconds left.\n|inactive|Vanis25 has 30 seconds left.\n|inactive|Jaxson_Piwek has 20 seconds left.\n|\n|t:|1776571923\n|switch|p2a: Incineroar|Incineroar, L50, F|100/100\n|-ability|p2a: Incineroar|Intimidate|boost\n|-unboost|p1a: Archaludon|atk|1\n|-unboost|p1b: Basculegion|atk|1\n|switch|p1b: Pelipper|Pelipper, L50, M|100/100\n|-weather|RainDance|[from] ability: Drizzle|[of] p1b: Pelipper\n|move|p2b: Garchomp|Rock Slide|p1b: Pelipper|[spread] p1a,p1b\n|-resisted|p1a: Archaludon|1\n|-supereffective|p1b: Pelipper|1\n|-damage|p1a: Archaludon|68/100\n|-damage|p1b: Pelipper|47/100\n|-ability|p1a: Archaludon|Stamina|boost\n|-boost|p1a: Archaludon|def|1\n|cant|p1a: Archaludon|flinch\n|\n|-weather|RainDance|[upkeep]\n|-heal|p1a: Archaludon|74/100|[from] item: Leftovers\n|upkeep\n|turn|5\n|inactive|Jaxson_Piwek has 30 seconds left.\n|\n|t:|1776571954\n|switch|p1b: Basculegion|Basculegion, L50, M|55/100\n|move|p2a: Incineroar|Fake Out|p1a: Archaludon\n|-resisted|p1a: Archaludon|1\n|-crit|p1a: Archaludon\n|-damage|p1a: Archaludon|69/100\n|-ability|p1a: Archaludon|Stamina|boost\n|-boost|p1a: Archaludon|def|1\n|move|p2b: Garchomp|Rock Slide|p1b: Basculegion|[spread] p1a,p1b\n|-resisted|p1a: Archaludon|1\n|-damage|p1a: Archaludon|67/100\n|-damage|p1b: Basculegion|30/100\n|-ability|p1a: Archaludon|Stamina|boost\n|-boost|p1a: Archaludon|def|1\n|cant|p1a: Archaludon|flinch\n|\n|-weather|RainDance|[upkeep]\n|-heal|p1a: Archaludon|73/100|[from] item: Leftovers\n|upkeep\n|turn|6\n|inactive|Jaxson_Piwek has 30 seconds left.\n|\n|t:|1776571982\n|switch|p2a: Ninetales|Ninetales-Alola, L50, M|100/100\n|-weather|Snowscape|[from] ability: Snow Warning|[of] p2a: Ninetales\n|move|p2b: Garchomp|Rock Slide|p1b: Basculegion|[spread] p1a,p1b\n|-resisted|p1a: Archaludon|1\n|-damage|p1a: Archaludon|71/100\n|-damage|p1b: Basculegion|5/100\n|-ability|p1a: Archaludon|Stamina|boost\n|-boost|p1a: Archaludon|def|1\n|move|p1b: Basculegion|Flip Turn|p2a: Ninetales\n|-damage|p2a: Ninetales|44/100\n|\n|t:|1776571993\n|switch|p1b: Pelipper|Pelipper, L50, M|47/100|[from] Flip Turn\n|-weather|RainDance|[from] ability: Drizzle|[of] p1b: Pelipper\n|cant|p1a: Archaludon|flinch\n|\n|-weather|RainDance|[upkeep]\n|-heal|p1a: Archaludon|77/100|[from] item: Leftovers\n|upkeep\n|turn|7\n|inactive|Jaxson_Piwek has 30 seconds left.\n|\n|t:|1776572019\n|switch|p1b: Basculegion|Basculegion, L50, M|5/100\n|switch|p2a: Incineroar|Incineroar, L50, F|100/100\n|-ability|p2a: Incineroar|Intimidate|boost\n|-unboost|p1a: Archaludon|atk|1\n|-unboost|p1b: Basculegion|atk|1\n|move|p2b: Garchomp|Rock Slide|p1b: Basculegion|[spread] p1a,p1b\n|-resisted|p1a: Archaludon|1\n|-damage|p1a: Archaludon|75/100\n|-damage|p1b: Basculegion|0 fnt\n|-ability|p1a: Archaludon|Stamina|boost\n|-boost|p1a: Archaludon|def|1\n|faint|p1b: Basculegion\n|cant|p1a: Archaludon|flinch\n|\n|-weather|RainDance|[upkeep]\n|-heal|p1a: Archaludon|81/100|[from] item: Leftovers\n|upkeep\n|c|\u2606Jaxson_Piwek|bruh\n|\n|t:|1776572037\n|switch|p1b: Dragonite|Dragonite, L50, F|100/100\n|turn|8\n|c|\u2606Vanis25|lmao\n|\n|t:|1776572049\n|detailschange|p1b: Dragonite|Dragonite-Mega, L50, F\n|-mega|p1b: Dragonite|Dragonite|Dragoninite\n|move|p2a: Incineroar|Fake Out|p1a: Archaludon\n|-resisted|p1a: Archaludon|1\n|-damage|p1a: Archaludon|80/100\n|move|p2b: Garchomp|Rock Slide|p1a: Archaludon|[spread] p1a,p1b\n|-resisted|p1a: Archaludon|1\n|-supereffective|p1b: Dragonite|1\n|-damage|p1a: Archaludon|78/100\n|-damage|p1b: Dragonite|82/100\n|move|p1b: Dragonite|Tailwind|p1b: Dragonite\n|-sidestart|p1: Jaxson_Piwek|move: Tailwind\n|cant|p1a: Archaludon|flinch\n|\n|-weather|RainDance|[upkeep]\n|-heal|p1a: Archaludon|84/100|[from] item: Leftovers\n|upkeep\n|turn|9\n|c|\u2606Jaxson_Piwek|its okay archaludon take your time\n|inactive|Jaxson_Piwek has 30 seconds left.\n|\n|t:|1776572084\n|move|p1b: Dragonite|Hurricane|p2a: Incineroar\n|-damage|p2a: Incineroar|49/100\n|move|p2b: Garchomp|Rock Slide|p1a: Archaludon|[spread] p1b\n|-miss|p2b: Garchomp|p1a: Archaludon\n|-supereffective|p1b: Dragonite|1\n|-crit|p1b: Dragonite\n|-damage|p1b: Dragonite|24/100\n|move|p1a: Archaludon|Flash Cannon|p2b: Garchomp\n|-crit|p2b: Garchomp\n|-damage|p2b: Garchomp|0 fnt\n|faint|p2b: Garchomp\n|move|p2a: Incineroar|Parting Shot|p1a: Archaludon\n|-unboost|p1a: Archaludon|atk|1\n|-unboost|p1a: Archaludon|spa|1\n|\n|t:|1776572093\n|switch|p2a: Ninetales|Ninetales-Alola, L50, M|44/100|[from] Parting Shot\n|-weather|Snowscape|[from] ability: Snow Warning|[of] p2a: Ninetales\n|\n|-weather|Snowscape|[upkeep]\n|-heal|p1a: Archaludon|90/100|[from] item: Leftovers\n|upkeep\n|\n|t:|1776572096\n|switch|p2b: Incineroar|Incineroar, L50, F|49/100\n|-ability|p2b: Incineroar|Intimidate|boost\n|-unboost|p1a: Archaludon|atk|1\n|-unboost|p1b: Dragonite|atk|1\n|turn|10\n|c|\u2606Jaxson_Piwek|good riddance LOL\n|\n|t:|1776572107\n|move|p1b: Dragonite|Protect|p1b: Dragonite\n|-singleturn|p1b: Dragonite|Protect\n|move|p1a: Archaludon|Protect|p1a: Archaludon\n|-singleturn|p1a: Archaludon|Protect\n|move|p2b: Incineroar|Fake Out|p1a: Archaludon\n|-activate|p1a: Archaludon|move: Protect\n|move|p2a: Ninetales|Blizzard|p1a: Archaludon|[spread] \n|-activate|p1a: Archaludon|move: Protect\n|-activate|p1b: Dragonite|move: Protect\n|\n|-weather|Snowscape|[upkeep]\n|-heal|p1a: Archaludon|96/100|[from] item: Leftovers\n|upkeep\n|turn|11\n|inactive|Vanis25 has 30 seconds left.\n|\n|t:|1776572136\n|move|p1b: Dragonite|Dragon Pulse|p2b: Incineroar\n|-damage|p2b: Incineroar|11/100\n|move|p1a: Archaludon|Flash Cannon|p2a: Ninetales\n|-supereffective|p2a: Ninetales|2\n|-damage|p2a: Ninetales|0 fnt\n|faint|p2a: Ninetales\n|move|p2b: Incineroar|Throat Chop|p1a: Archaludon\n|-damage|p1a: Archaludon|91/100\n|-start|p1a: Archaludon|Throat Chop|[silent]\n|\n|-weather|Snowscape|[upkeep]\n|-heal|p1a: Archaludon|97/100|[from] item: Leftovers\n|-sideend|p1: Jaxson_Piwek|move: Tailwind\n|upkeep\n|turn|12\n|-message|Vanis25 forfeited.\n|\n|win|Jaxson_Piwek\n|raw|Jaxson_Piwek's rating: 1171 &rarr; <strong>1203</strong><br />(+32 for winning)\n|raw|Vanis25's rating: 1278 &rarr; <strong>1246</strong><br />(-32 for losing)\n|l|\u2606Vanis25\n|player|p2|\n",
  "uploadtime": 1776572526,
  "views": 30,
  "formatid": "gen9championsvgc2026regma",
  "rating": 1203,
  "private": 0,
  "password": null
}