{
  "id": "gen9championsvgc2026regma-2580875701",
  "format": "[Gen 9 Champions] VGC 2026 Reg M-A",
  "players": [
    "petercastf14",
    "Zach1717"
  ],
  "log": "|j|\u2606petercastf14\n|j|\u2606Zach1717\n|t:|1775939691\n|gametype|doubles\n|player|p1|petercastf14|102|1029\n|player|p2|Zach1717|chuck|1005\n|gen|9\n|tier|[Gen 9 Champions] VGC 2026 Reg M-A\n|rated|\n|rule|Species Clause: Limit one of each Pok\u00e9mon\n|rule|Item Clause: Limit 1 of each item\n|clearpoke\n|poke|p1|Charizard, L50, M|\n|poke|p1|Venusaur, L50, M|\n|poke|p1|Garchomp, L50, M|\n|poke|p1|Gardevoir, L50, F|\n|poke|p1|Milotic, L50, M|\n|poke|p1|Incineroar, L50, M|\n|poke|p2|Scovillain, L50, F|\n|poke|p2|Garchomp, L50, F|\n|poke|p2|Primarina, L50, M|\n|poke|p2|Sneasler, L50, M|\n|poke|p2|Kingambit, L50, F|\n|poke|p2|Dragonite, L50, M|\n|teampreview|4\n|\n|t:|1775939734\n|teamsize|p1|4\n|teamsize|p2|4\n|start\n|switch|p1a: PITEI|Incineroar, L50, M|100/100\n|switch|p1b: KAKAROT|Charizard, L50, M|100/100\n|switch|p2a: Primarina|Primarina, L50, M|100/100\n|switch|p2b: Dragonite|Dragonite, L50, M|100/100\n|-ability|p1a: PITEI|Intimidate|boost\n|-unboost|p2a: Primarina|atk|1\n|-fail|p2b: Dragonite|unboost|Attack|[from] ability: Inner Focus|[of] p2b: Dragonite\n|turn|1\n|\n|t:|1775939760\n|detailschange|p1b: KAKAROT|Charizard-Mega-Y, L50, M\n|-mega|p1b: KAKAROT|Charizard|Charizardite Y\n|-weather|SunnyDay|[from] ability: Drought|[of] p1b: KAKAROT\n|move|p1a: PITEI|Fake Out|p2a: Primarina\n|-damage|p2a: Primarina|86/100\n|move|p1b: KAKAROT|Solar Beam||[still]\n|-prepare|p1b: KAKAROT|Solar Beam\n|-anim|p1b: KAKAROT|Solar Beam|p2a: Primarina\n|-supereffective|p2a: Primarina|1\n|-damage|p2a: Primarina|6/100\n|move|p2b: Dragonite|Scale Shot|p1b: KAKAROT|[miss]\n|-miss|p2b: Dragonite|p1b: KAKAROT\n|cant|p2a: Primarina|flinch\n|\n|-weather|SunnyDay|[upkeep]\n|-heal|p2a: Primarina|12/100|[from] item: Leftovers\n|upkeep\n|turn|2\n|\n|t:|1775939786\n|move|p2a: Primarina|Protect|p2a: Primarina\n|-singleturn|p2a: Primarina|Protect\n|move|p1b: KAKAROT|Solar Beam||[still]\n|-prepare|p1b: KAKAROT|Solar Beam\n|-anim|p1b: KAKAROT|Solar Beam|p2a: Primarina\n|-activate|p2a: Primarina|move: Protect\n|move|p2b: Dragonite|Stomping Tantrum|p1a: PITEI\n|-supereffective|p1a: PITEI|1\n|-damage|p1a: PITEI|0 fnt\n|faint|p1a: PITEI\n|\n|-weather|SunnyDay|[upkeep]\n|-heal|p2a: Primarina|18/100|[from] item: Leftovers\n|upkeep\n|\n|t:|1775939798\n|switch|p1a: ARANDONIA|Gardevoir, L50, F|100/100\n|-ability|p1a: ARANDONIA|Inner Focus|Trace|[from] ability: Trace|[of] p2b: Dragonite\n|turn|3\n|\n|t:|1775939810\n|switch|p2a: Kingambit|Kingambit, L50, F|100/100\n|move|p1a: ARANDONIA|Dazzling Gleam|p2b: Dragonite|[spread] p2a,p2b\n|-supereffective|p2b: Dragonite|1\n|-damage|p2a: Kingambit|71/100\n|-damage|p2b: Dragonite|36/100\n|move|p1b: KAKAROT|Overheat|p2b: Dragonite|[miss]\n|-miss|p1b: KAKAROT|p2b: Dragonite\n|move|p2b: Dragonite|Scale Shot|p1b: KAKAROT\n|-damage|p1b: KAKAROT|79/100\n|-damage|p1b: KAKAROT|60/100\n|-damage|p1b: KAKAROT|39/100\n|-damage|p1b: KAKAROT|18/100\n|-hitcount|p1b: KAKAROT|4\n|-unboost|p2b: Dragonite|def|1\n|-boost|p2b: Dragonite|spe|1\n|-enditem|p2b: Dragonite|White Herb\n|-clearnegativeboost|p2b: Dragonite|[silent]\n|\n|-weather|SunnyDay|[upkeep]\n|upkeep\n|turn|4\n|\n|t:|1775939850\n|move|p1b: KAKAROT|Protect|p1b: KAKAROT\n|-singleturn|p1b: KAKAROT|Protect\n|move|p2b: Dragonite|Extreme Speed|p1b: KAKAROT\n|-activate|p1b: KAKAROT|move: Protect\n|move|p1a: ARANDONIA|Dazzling Gleam|p2b: Dragonite|[spread] p2a,p2b\n|-supereffective|p2b: Dragonite|1\n|-damage|p2a: Kingambit|41/100\n|-damage|p2b: Dragonite|0 fnt\n|faint|p2b: Dragonite\n|move|p2a: Kingambit|Swords Dance|p2a: Kingambit\n|-boost|p2a: Kingambit|atk|2\n|\n|-weather|SunnyDay|[upkeep]\n|upkeep\n|\n|t:|1775939858\n|switch|p2b: Scovillain|Scovillain, L50, F|100/100\n|turn|5\n|\n|t:|1775939876\n|detailschange|p2b: Scovillain|Scovillain-Mega, L50, F\n|-mega|p2b: Scovillain|Scovillain|Scovillainite\n|move|p2b: Scovillain|Rage Powder|p2b: Scovillain\n|-singleturn|p2b: Scovillain|move: Rage Powder\n|move|p2a: Kingambit|Sucker Punch|p1b: KAKAROT\n|-damage|p1b: KAKAROT|0 fnt\n|faint|p1b: KAKAROT\n|move|p1a: ARANDONIA|Dazzling Gleam|p2b: Scovillain|[spread] p2a,p2b\n|-resisted|p2b: Scovillain|1\n|-damage|p2a: Kingambit|13/100\n|-damage|p2b: Scovillain|85/100\n|-status|p1a: ARANDONIA|brn|[from] ability: Spicy Spray|[of] p2b: Scovillain\n|\n|-weather|none\n|-damage|p1a: ARANDONIA|94/100 brn|[from] brn\n|upkeep\n|\n|t:|1775939885\n|switch|p1b: PRESOA30|Garchomp, L50, M|100/100\n|turn|6\n|inactive|Battle timer is ON: inactive players will automatically lose when time's up. (requested by petercastf14)\n|\n|t:|1775939907\n|move|p1b: PRESOA30|Protect|p1b: PRESOA30\n|-singleturn|p1b: PRESOA30|Protect\n|move|p2b: Scovillain|Rage Powder|p2b: Scovillain\n|-singleturn|p2b: Scovillain|move: Rage Powder\n|move|p2a: Kingambit|Sucker Punch|p1a: ARANDONIA\n|-damage|p1a: ARANDONIA|0 fnt\n|faint|p1a: ARANDONIA\n|\n|upkeep\n|turn|7\n|\n|t:|1775939920\n|move|p2a: Kingambit|Sucker Punch|p1b: PRESOA30\n|-damage|p1b: PRESOA30|11/100\n|-damage|p2a: Kingambit|1/100|[from] ability: Rough Skin|[of] p1b: PRESOA30\n|move|p1b: PRESOA30|Earthquake|p2a: Kingambit|[spread] p2a,p2b\n|-supereffective|p2a: Kingambit|1\n|-damage|p2a: Kingambit|0 fnt\n|-damage|p2b: Scovillain|36/100\n|-status|p1b: PRESOA30|brn|[from] ability: Spicy Spray|[of] p2b: Scovillain\n|faint|p2a: Kingambit\n|move|p2b: Scovillain|Giga Drain|p1b: PRESOA30\n|-damage|p1b: PRESOA30|0 fnt\n|-heal|p2b: Scovillain|41/100|[from] drain|[of] p1b: PRESOA30\n|faint|p1b: PRESOA30\n|\n|win|Zach1717\n|raw|petercastf14's rating: 1029 &rarr; <strong>1014</strong><br />(-15 for losing)\n|raw|Zach1717's rating: 1005 &rarr; <strong>1047</strong><br />(+42 for winning)\n|l|\u2606petercastf14\n|player|p1|\n|l|\u2606Zach1717\n|player|p2|\n|j|\u2606Zach1717\n|player|p2|Zach1717|chuck|\n",
  "uploadtime": 1775939972,
  "views": 13,
  "formatid": "gen9championsvgc2026regma",
  "rating": 1014,
  "private": 0,
  "password": null
}