{
  "id": "gen9championsvgc2026regma-2580983630",
  "format": "[Gen 9 Champions] VGC 2026 Reg M-A",
  "players": [
    "cor pol",
    "space9982"
  ],
  "log": "|j|\u2606cor pol\n|j|\u2606space9982\n|t:|1775948961\n|gametype|doubles\n|player|p1|cor pol|hiker-gen4|1304\n|player|p2|space9982|266|1373\n|gen|9\n|tier|[Gen 9 Champions] VGC 2026 Reg M-A\n|rated|\n|rule|Species Clause: Limit one of each Pok\u00e9mon\n|rule|Item Clause: Limit 1 of each item\n|clearpoke\n|poke|p1|Charizard, L50, F|\n|poke|p1|Whimsicott, L50, M|\n|poke|p1|Kleavor, L50, F|\n|poke|p1|Sinistcha, L50|\n|poke|p1|Incineroar, L50, F|\n|poke|p1|Sylveon, L50, F|\n|poke|p2|Charizard, L50, M|\n|poke|p2|Whimsicott, L50, F|\n|poke|p2|Garchomp, L50, M|\n|poke|p2|Sneasler, L50, M|\n|poke|p2|Incineroar, L50, M|\n|poke|p2|Rotom-Wash, L50|\n|teampreview|4\n|inactive|Battle timer is ON: inactive players will automatically lose when time's up. (requested by space9982)\n|j| gE1xjZRtuhW2DdT0AK\n|inactive|space9982 has 60 seconds left.\n|inactive|space9982 has 30 seconds left.\n|\n|t:|1775949024\n|teamsize|p1|4\n|teamsize|p2|4\n|start\n|switch|p1a: Sinistcha|Sinistcha, L50|100/100\n|switch|p1b: Incineroar|Incineroar, L50, F|100/100\n|switch|p2a: Incineroar|Incineroar, L50, M, shiny|100/100\n|switch|p2b: Sneasler|Sneasler, L50, M, shiny|100/100\n|-ability|p2a: Incineroar|Intimidate|boost\n|-unboost|p1a: Sinistcha|atk|1\n|-unboost|p1b: Incineroar|atk|1\n|-ability|p1b: Incineroar|Intimidate|boost\n|-unboost|p2a: Incineroar|atk|1\n|-unboost|p2b: Sneasler|atk|1\n|-enditem|p2b: Sneasler|White Herb\n|-clearnegativeboost|p2b: Sneasler|[silent]\n|turn|1\n|\n|t:|1775949040\n|switch|p1b: Sylveon|Sylveon, L50, F|100/100\n|move|p2b: Sneasler|Fake Out|p1b: Sylveon\n|-damage|p1b: Sylveon|85/100\n|move|p2a: Incineroar|Snarl|p1b: Sylveon|[spread] p1a,p1b\n|-supereffective|p1a: Sinistcha|1\n|-resisted|p1b: Sylveon|1\n|-damage|p1a: Sinistcha|80/100\n|-damage|p1b: Sylveon|82/100\n|-unboost|p1a: Sinistcha|spa|1\n|-unboost|p1b: Sylveon|spa|1\n|move|p1a: Sinistcha|Trick Room|p1a: Sinistcha\n|-fieldstart|move: Trick Room|[of] p1a: Sinistcha\n|\n|upkeep\n|turn|2\n|\n|t:|1775949065\n|move|p2a: Incineroar|Snarl|p1a: Sinistcha|[spread] p1a,p1b\n|-supereffective|p1a: Sinistcha|1\n|-resisted|p1b: Sylveon|1\n|-damage|p1a: Sinistcha|59/100\n|-damage|p1b: Sylveon|78/100\n|-unboost|p1a: Sinistcha|spa|1\n|-unboost|p1b: Sylveon|spa|1\n|move|p1b: Sylveon|Hyper Voice|p2b: Sneasler|[spread] p2a,p2b\n|-damage|p2a: Incineroar|77/100\n|-damage|p2b: Sneasler|69/100\n|move|p1a: Sinistcha|Matcha Gotcha|p2b: Sneasler|[spread] p2a,p2b\n|-resisted|p2a: Incineroar|1\n|-resisted|p2b: Sneasler|1\n|-damage|p2a: Incineroar|70/100\n|-heal|p1a: Sinistcha|63/100|[from] drain|[of] p2a: Incineroar\n|-damage|p2b: Sneasler|60/100\n|-heal|p1a: Sinistcha|67/100|[from] drain|[of] p2b: Sneasler\n|move|p2b: Sneasler|Dire Claw|p1b: Sylveon\n|-supereffective|p1b: Sylveon|1\n|-damage|p1b: Sylveon|0 fnt\n|faint|p1b: Sylveon\n|\n|-heal|p2a: Incineroar|76/100|[from] item: Leftovers\n|upkeep\n|\n|t:|1775949086\n|switch|p1b: Charizard|Charizard, L50, F|100/100\n|turn|3\n|\n|t:|1775949095\n|switch|p1a: Incineroar|Incineroar, L50, F|100/100\n|-ability|p1a: Incineroar|Intimidate|boost\n|-unboost|p2a: Incineroar|atk|1\n|-unboost|p2b: Sneasler|atk|1\n|detailschange|p1b: Charizard|Charizard-Mega-Y, L50, F\n|-mega|p1b: Charizard|Charizard|Charizardite Y\n|-weather|SunnyDay|[from] ability: Drought|[of] p1b: Charizard\n|move|p2a: Incineroar|Snarl|p1b: Charizard|[spread] p1a,p1b\n|-resisted|p1a: Incineroar|1\n|-damage|p1a: Incineroar|96/100\n|-damage|p1b: Charizard|90/100\n|-unboost|p1a: Incineroar|spa|1\n|-unboost|p1b: Charizard|spa|1\n|move|p1b: Charizard|Air Slash|p2b: Sneasler\n|-supereffective|p2b: Sneasler|1\n|-damage|p2b: Sneasler|0 fnt\n|faint|p2b: Sneasler\n|\n|-weather|SunnyDay|[upkeep]\n|-heal|p2a: Incineroar|82/100|[from] item: Leftovers\n|upkeep\n|\n|t:|1775949105\n|switch|p2b: Charizard|Charizard, L50, M, shiny|100/100\n|turn|4\n|\n|t:|1775949121\n|detailschange|p2b: Charizard|Charizard-Mega-Y, L50, M, shiny\n|-mega|p2b: Charizard|Charizard|Charizardite Y\n|move|p2b: Charizard|Protect|p2b: Charizard\n|-singleturn|p2b: Charizard|Protect\n|move|p1a: Incineroar|Parting Shot|p2a: Incineroar\n|-unboost|p2a: Incineroar|atk|1\n|-unboost|p2a: Incineroar|spa|1\n|\n|t:|1775949128\n|switch|p1a: Sinistcha|Sinistcha, L50|67/100|[from] Parting Shot\n|-heal|p1b: Charizard|100/100|[from] ability: Hospitality|[of] p1a: Sinistcha\n|move|p2a: Incineroar|Parting Shot|p1b: Charizard\n|-unboost|p1b: Charizard|atk|1\n|-unboost|p1b: Charizard|spa|1\n|\n|t:|1775949132\n|switch|p2a: Whimsicott|Whimsicott, L50, F, shiny|100/100|[from] Parting Shot\n|move|p1b: Charizard|Heat Wave|p2a: Whimsicott|[spread] p2a\n|-activate|p2b: Charizard|move: Protect\n|-supereffective|p2a: Whimsicott|1\n|-enditem|p2a: Whimsicott|Focus Sash\n|-damage|p2a: Whimsicott|1/100\n|\n|-weather|SunnyDay|[upkeep]\n|upkeep\n|turn|5\n|\n|t:|1775949155\n|move|p1a: Sinistcha|Matcha Gotcha|p2b: Charizard|[spread] p2a,p2b\n|-resisted|p2a: Whimsicott|1\n|-resisted|p2b: Charizard|2\n|-damage|p2a: Whimsicott|0 fnt\n|-heal|p1a: Sinistcha|68/100|[from] drain|[of] p2a: Whimsicott\n|-damage|p2b: Charizard|95/100\n|-heal|p1a: Sinistcha|71/100|[from] drain|[of] p2b: Charizard\n|faint|p2a: Whimsicott\n|move|p2b: Charizard|Ancient Power|p1b: Charizard\n|-supereffective|p1b: Charizard|2\n|-damage|p1b: Charizard|0 fnt\n|faint|p1b: Charizard\n|\n|-weather|SunnyDay|[upkeep]\n|-fieldend|move: Trick Room\n|upkeep\n|\n|t:|1775949167\n|switch|p2a: Incineroar|Incineroar, L50, M, shiny|82/100\n|switch|p1b: Incineroar|Incineroar, L50, F|96/100\n|-ability|p2a: Incineroar|Intimidate|boost\n|-unboost|p1a: Sinistcha|atk|1\n|-unboost|p1b: Incineroar|atk|1\n|-ability|p1b: Incineroar|Intimidate|boost\n|-unboost|p2a: Incineroar|atk|1\n|-unboost|p2b: Charizard|atk|1\n|turn|6\n|\n|t:|1775949176\n|move|p2a: Incineroar|Fake Out|p1b: Incineroar\n|-damage|p1b: Incineroar|91/100\n|cant|p1b: Incineroar|flinch\n|move|p2b: Charizard|Heat Wave|p1b: Incineroar|[spread] p1a,p1b\n|-supereffective|p1a: Sinistcha|1\n|-enditem|p1a: Sinistcha|Occa Berry|[eat]\n|-enditem|p1a: Sinistcha|Occa Berry|[weaken]\n|-resisted|p1b: Incineroar|1\n|-damage|p1a: Sinistcha|3/100\n|-damage|p1b: Incineroar|56/100\n|move|p1a: Sinistcha|Life Dew|p1a: Sinistcha|[spread] p1a,p1b\n|-heal|p1a: Sinistcha|28/100\n|-heal|p1b: Incineroar|81/100\n|\n|-weather|SunnyDay|[upkeep]\n|-heal|p2a: Incineroar|88/100|[from] item: Leftovers\n|upkeep\n|turn|7\n|-message|cor pol forfeited.\n|\n|win|space9982\n|raw|cor pol's rating: 1304 &rarr; <strong>1288</strong><br />(-16 for losing)\n|raw|space9982's rating: 1373 &rarr; <strong>1389</strong><br />(+16 for winning)\n|l|\u2606cor pol\n|player|p1|\n",
  "uploadtime": 1775949189,
  "views": 20,
  "formatid": "gen9championsvgc2026regma",
  "rating": 1288,
  "private": 0,
  "password": null
}