{
  "id": "gen9championsvgc2026regma-2582002656",
  "format": "[Gen 9 Champions] VGC 2026 Reg M-A",
  "players": [
    "TLP27",
    "Pawns12"
  ],
  "log": "|j|\u2606TLP27\n|j|\u2606Pawns12\n|t:|1776047332\n|gametype|doubles\n|player|p1|TLP27|lady|1040\n|player|p2|Pawns12|2|1040\n|gen|9\n|tier|[Gen 9 Champions] VGC 2026 Reg M-A\n|rated|\n|rule|Species Clause: Limit one of each Pok\u00e9mon\n|rule|Item Clause: Limit 1 of each item\n|clearpoke\n|poke|p1|Kangaskhan, L50, F|\n|poke|p1|Tinkaton, L50, F|\n|poke|p1|Incineroar, L50, M|\n|poke|p1|Pelipper, L50, F|\n|poke|p1|Archaludon, L50, F|\n|poke|p1|Basculegion, L50, M|\n|poke|p2|Torkoal, L50, F|\n|poke|p2|Charizard, L50, F|\n|poke|p2|Aegislash, L50, F|\n|poke|p2|Gyarados, L50, F|\n|poke|p2|Whimsicott, L50, M|\n|poke|p2|Raichu, L50, M|\n|teampreview|4\n|\n|t:|1776047364\n|teamsize|p1|4\n|teamsize|p2|4\n|start\n|switch|p1a: Incineroar|Incineroar, L50, M|100/100\n|switch|p1b: Kangaskhan|Kangaskhan, L50, F|100/100\n|switch|p2a: Charizard|Charizard, L50, F|100/100\n|switch|p2b: Raichu|Raichu, L50, M|100/100\n|-ability|p1a: Incineroar|Intimidate|boost\n|-unboost|p2a: Charizard|atk|1\n|-unboost|p2b: Raichu|atk|1\n|turn|1\n|\n|t:|1776047396\n|move|p2a: Charizard|Protect|p2a: Charizard\n|-singleturn|p2a: Charizard|Protect\n|move|p1b: Kangaskhan|Fake Out|p2b: Raichu\n|-damage|p2b: Raichu|66/100\n|move|p1a: Incineroar|Fake Out|p2a: Charizard\n|-activate|p2a: Charizard|move: Protect\n|cant|p2b: Raichu|flinch\n|\n|upkeep\n|turn|2\n|\n|t:|1776047436\n|switch|p2a: Whimsicott|Whimsicott, L50, M|100/100\n|move|p1b: Kangaskhan|Sucker Punch|p2b: Raichu\n|-damage|p2b: Raichu|26/100\n|move|p2b: Raichu|Nuzzle|p1b: Kangaskhan\n|-damage|p1b: Kangaskhan|95/100\n|-status|p1b: Kangaskhan|par\n|move|p1a: Incineroar|Darkest Lariat|p2a: Whimsicott\n|-resisted|p2a: Whimsicott|1\n|-damage|p2a: Whimsicott|75/100\n|\n|upkeep\n|turn|3\n|\n|t:|1776047464\n|detailschange|p1b: Kangaskhan|Kangaskhan-Mega, L50, F\n|-mega|p1b: Kangaskhan|Kangaskhan|Kangaskhanite\n|move|p2b: Raichu|Protect|p2b: Raichu\n|-singleturn|p2b: Raichu|Protect\n|move|p2a: Whimsicott|Tailwind|p2a: Whimsicott\n|-sidestart|p2: Pawns12|move: Tailwind\n|move|p1b: Kangaskhan|Double-Edge|p2b: Raichu\n|-activate|p2b: Raichu|move: Protect\n|move|p1a: Incineroar|Flare Blitz|p2a: Whimsicott\n|-supereffective|p2a: Whimsicott|1\n|-damage|p2a: Whimsicott|0 fnt\n|faint|p2a: Whimsicott\n|-damage|p1a: Incineroar|84/100|[from] Recoil\n|\n|upkeep\n|\n|t:|1776047479\n|switch|p2a: Charizard|Charizard, L50, F|100/100\n|turn|4\n|\n|t:|1776047503\n|detailschange|p2a: Charizard|Charizard-Mega-Y, L50, F\n|-mega|p2a: Charizard|Charizard|Charizardite Y\n|-weather|SunnyDay|[from] ability: Drought|[of] p2a: Charizard\n|move|p2b: Raichu|Nuzzle|p1a: Incineroar\n|-damage|p1a: Incineroar|80/100\n|-status|p1a: Incineroar|par\n|move|p2a: Charizard|Heat Wave|p1b: Kangaskhan|[spread] p1a,p1b\n|-resisted|p1a: Incineroar|1\n|-damage|p1a: Incineroar|48/100 par\n|-damage|p1b: Kangaskhan|22/100 par\n|move|p1b: Kangaskhan|Double-Edge|p2a: Charizard\n|-damage|p2a: Charizard|19/100\n|-damage|p2a: Charizard|0 fnt\n|faint|p2a: Charizard\n|-hitcount|p2: Charizard|2\n|-damage|p1b: Kangaskhan|0 fnt|[from] Recoil\n|faint|p1b: Kangaskhan\n|move|p1a: Incineroar|Darkest Lariat|p2b: Raichu\n|-damage|p2b: Raichu|0 fnt\n|faint|p2b: Raichu\n|\n|-weather|SunnyDay|[upkeep]\n|upkeep\n|\n|t:|1776047528\n|switch|p1b: Pelipper|Pelipper, L50, F|100/100\n|switch|p2b: Torkoal|Torkoal, L50, F|100/100\n|-weather|RainDance|[from] ability: Drizzle|[of] p1b: Pelipper\n|-weather|SunnyDay|[from] ability: Drought|[of] p2b: Torkoal\n|turn|5\n|\n|t:|1776047549\n|move|p1b: Pelipper|Protect|p1b: Pelipper\n|-singleturn|p1b: Pelipper|Protect\n|move|p2b: Torkoal|Eruption|p1a: Incineroar|[spread] p1a\n|-activate|p1b: Pelipper|move: Protect\n|-resisted|p1a: Incineroar|1\n|-damage|p1a: Incineroar|7/100 par\n|move|p1a: Incineroar|Parting Shot|p2b: Torkoal\n|-unboost|p2b: Torkoal|atk|1\n|-unboost|p2b: Torkoal|spa|1\n|\n|t:|1776047558\n|switch|p1a: Archaludon|Archaludon, L50, F|100/100|[from] Parting Shot\n|\n|-weather|SunnyDay|[upkeep]\n|upkeep\n|turn|6\n|l|\u2606Pawns12\n|player|p2|\n|inactive|Battle timer is ON: inactive players will automatically lose when time's up. (requested by TLP27)\n|inactive|Pawns12 has 30 seconds to reconnect!\n|inactive|Pawns12 has 20 seconds to reconnect!\n|inactive|Pawns12 has 15 seconds to reconnect!\n|inactive|Pawns12 has 10 seconds to reconnect!\n|inactive|Pawns12 has 5 seconds to reconnect!\n|-message|Pawns12 lost due to inactivity.\n|\n|win|TLP27\n|raw|TLP27's rating: 1040 &rarr; <strong>1074</strong><br />(+34 for winning)\n|raw|Pawns12's rating: 1040 &rarr; <strong>1024</strong><br />(-16 for losing)\n",
  "uploadtime": 1776047700,
  "views": 25,
  "formatid": "gen9championsvgc2026regma",
  "rating": 1024,
  "private": 0,
  "password": null
}