{
  "id": "gen9championsvgc2026regma-2586787334",
  "format": "[Gen 9 Champions] VGC 2026 Reg M-A",
  "players": [
    "kuzi24",
    "mimrat6"
  ],
  "log": "|j|\u2606kuzi24\n|j|\u2606mimrat6\n|t:|1776459882\n|gametype|doubles\n|player|p1|kuzi24|cyrus|1237\n|player|p2|mimrat6|backersf|1210\n|gen|9\n|tier|[Gen 9 Champions] VGC 2026 Reg M-A\n|rated|\n|rule|Species Clause: Limit one of each Pok\u00e9mon\n|rule|Item Clause: Limit 1 of each item\n|clearpoke\n|poke|p1|Typhlosion-Hisui, L50, F|\n|poke|p1|Whimsicott, L50, M|\n|poke|p1|Sneasler, L50, F|\n|poke|p1|Farigiraf, L50, M|\n|poke|p1|Charizard, L50, M|\n|poke|p1|Tauros-Paldea-Aqua, L50, M|\n|poke|p2|Froslass, L50, F|\n|poke|p2|Kingambit, L50, F|\n|poke|p2|Rotom-Wash, L50|\n|poke|p2|Sneasler, L50, M|\n|poke|p2|Sinistcha, L50|\n|poke|p2|Arcanine-Hisui, L50, M|\n|teampreview|4\n|inactive|Battle timer is ON: inactive players will automatically lose when time's up. (requested by mimrat6)\n|\n|t:|1776459902\n|teamsize|p1|4\n|teamsize|p2|4\n|start\n|switch|p1a: Whimsicott|Whimsicott, L50, M|100/100\n|switch|p1b: Charizard|Charizard, L50, M|100/100\n|switch|p2a: Rotom|Rotom-Wash, L50|100/100\n|switch|p2b: Kingambit|Kingambit, L50, F|100/100\n|turn|1\n|\n|t:|1776459923\n|move|p1b: Charizard|Protect|p1b: Charizard\n|-singleturn|p1b: Charizard|Protect\n|move|p1a: Whimsicott|Tailwind|p1a: Whimsicott\n|-sidestart|p1: kuzi24|move: Tailwind\n|move|p2a: Rotom|Electroweb|p1a: Whimsicott|[spread] p1a\n|-activate|p1b: Charizard|move: Protect\n|-resisted|p1a: Whimsicott|1\n|-damage|p1a: Whimsicott|86/100\n|-unboost|p1a: Whimsicott|spe|1\n|move|p2b: Kingambit|Swords Dance|p2b: Kingambit\n|-boost|p2b: Kingambit|atk|2\n|\n|upkeep\n|turn|2\n|inactive|kuzi24 has 30 seconds left.\n|\n|t:|1776459954\n|detailschange|p1b: Charizard|Charizard-Mega-Y, L50, M\n|-mega|p1b: Charizard|Charizard|Charizardite Y\n|-weather|SunnyDay|[from] ability: Drought|[of] p1b: Charizard\n|move|p2b: Kingambit|Sucker Punch|p1b: Charizard\n|-damage|p1b: Charizard|0 fnt\n|faint|p1b: Charizard\n|move|p1a: Whimsicott|Moonblast|p2b: Kingambit\n|-damage|p2b: Kingambit|66/100\n|move|p2a: Rotom|Electroweb|p1a: Whimsicott\n|-resisted|p1a: Whimsicott|1\n|-damage|p1a: Whimsicott|69/100\n|-unboost|p1a: Whimsicott|spe|1\n|\n|-weather|SunnyDay|[upkeep]\n|upkeep\n|\n|t:|1776459972\n|switch|p1b: Sneasler|Sneasler, L50, F|100/100\n|turn|3\n|\n|t:|1776459984\n|move|p2b: Kingambit|Protect|p2b: Kingambit\n|-singleturn|p2b: Kingambit|Protect\n|move|p1b: Sneasler|Fake Out|p2b: Kingambit\n|-activate|p2b: Kingambit|move: Protect\n|move|p2a: Rotom|Electroweb|p1a: Whimsicott|[spread] p1a,p1b\n|-resisted|p1a: Whimsicott|1\n|-damage|p1a: Whimsicott|56/100\n|-damage|p1b: Sneasler|79/100\n|-unboost|p1a: Whimsicott|spe|1\n|-unboost|p1b: Sneasler|spe|1\n|-enditem|p1b: Sneasler|White Herb\n|-clearnegativeboost|p1b: Sneasler|[silent]\n|move|p1a: Whimsicott|Moonblast|p2b: Kingambit\n|-activate|p2b: Kingambit|move: Protect\n|\n|-weather|SunnyDay|[upkeep]\n|upkeep\n|turn|4\n|inactive|mimrat6 has 30 seconds left.\n|\n|t:|1776460013\n|move|p1a: Whimsicott|Protect|p1a: Whimsicott\n|-singleturn|p1a: Whimsicott|Protect\n|move|p1b: Sneasler|Protect|p1b: Sneasler\n|-singleturn|p1b: Sneasler|Protect\n|move|p2b: Kingambit|Sucker Punch||[still]\n|-fail|p2b: Kingambit\n|move|p2a: Rotom|Electroweb|p1a: Whimsicott|[spread] \n|-activate|p1a: Whimsicott|move: Protect\n|-activate|p1b: Sneasler|move: Protect\n|\n|-weather|SunnyDay|[upkeep]\n|-sideend|p1: kuzi24|move: Tailwind\n|upkeep\n|turn|5\n|inactive|kuzi24 has 30 seconds left.\n|\n|t:|1776460039\n|move|p1a: Whimsicott|Tailwind|p1a: Whimsicott\n|-sidestart|p1: kuzi24|move: Tailwind\n|move|p2b: Kingambit|Sucker Punch||[still]\n|-fail|p2b: Kingambit\n|move|p1b: Sneasler|Close Combat|p2b: Kingambit\n|-supereffective|p2b: Kingambit|2\n|-damage|p2b: Kingambit|0 fnt\n|-unboost|p1b: Sneasler|def|1\n|-unboost|p1b: Sneasler|spd|1\n|faint|p2b: Kingambit\n|move|p2a: Rotom|Electroweb|p1a: Whimsicott|[spread] p1b\n|-miss|p2a: Rotom|p1a: Whimsicott\n|-damage|p1b: Sneasler|47/100\n|-unboost|p1b: Sneasler|spe|1\n|\n|-weather|SunnyDay|[upkeep]\n|upkeep\n|\n|t:|1776460055\n|switch|p2b: Arcanine|Arcanine-Hisui, L50, M|100/100\n|-ability|p2b: Arcanine|Intimidate|boost\n|-unboost|p1a: Whimsicott|atk|1\n|-unboost|p1b: Sneasler|atk|1\n|turn|6\n|\n|t:|1776460068\n|switch|p1b: Tauros|Tauros-Paldea-Aqua, L50, M|100/100\n|-ability|p1b: Tauros|Intimidate|boost\n|-unboost|p2a: Rotom|atk|1\n|-unboost|p2b: Arcanine|atk|1\n|move|p1a: Whimsicott|Protect|p1a: Whimsicott\n|-singleturn|p1a: Whimsicott|Protect\n|move|p2b: Arcanine|Extreme Speed|p1b: Tauros\n|-damage|p1b: Tauros|81/100\n|move|p2a: Rotom|Electroweb|p1a: Whimsicott|[spread] p1b\n|-activate|p1a: Whimsicott|move: Protect\n|-supereffective|p1b: Tauros|1\n|-damage|p1b: Tauros|34/100\n|-unboost|p1b: Tauros|spe|1\n|-enditem|p1b: Tauros|Sitrus Berry|[eat]\n|-heal|p1b: Tauros|59/100|[from] item: Sitrus Berry\n|\n|-weather|none\n|upkeep\n|turn|7\n|inactive|kuzi24 has 30 seconds left.\n|inactive|mimrat6 has 30 seconds left.\n|inactive|mimrat6 has 20 seconds left.\n|\n|t:|1776460105\n|move|p2b: Arcanine|Protect|p2b: Arcanine\n|-singleturn|p2b: Arcanine|Protect\n|move|p1a: Whimsicott|Encore|p2b: Arcanine\n|-activate|p2b: Arcanine|move: Protect\n|move|p2a: Rotom|Electroweb|p1b: Tauros|[spread] p1a,p1b\n|-resisted|p1a: Whimsicott|1\n|-supereffective|p1b: Tauros|1\n|-damage|p1a: Whimsicott|44/100\n|-damage|p1b: Tauros|8/100\n|-unboost|p1a: Whimsicott|spe|1\n|-unboost|p1b: Tauros|spe|1\n|move|p1b: Tauros|High Horsepower|p2b: Arcanine\n|-activate|p2b: Arcanine|move: Protect\n|\n|upkeep\n|turn|8\n|\n|t:|1776460126\n|switch|p2b: Froslass|Froslass, L50, F|100/100\n|move|p1a: Whimsicott|Encore||[still]\n|-fail|p1a: Whimsicott\n|move|p2a: Rotom|Electroweb|p1a: Whimsicott|[spread] p1a,p1b\n|-resisted|p1a: Whimsicott|1\n|-supereffective|p1b: Tauros|1\n|-damage|p1a: Whimsicott|31/100\n|-damage|p1b: Tauros|0 fnt\n|-unboost|p1a: Whimsicott|spe|1\n|faint|p1b: Tauros\n|\n|-sideend|p1: kuzi24|move: Tailwind\n|upkeep\n|\n|t:|1776460137\n|switch|p1b: Sneasler|Sneasler, L50, F|47/100\n|turn|9\n|\n|t:|1776460157\n|detailschange|p2b: Froslass|Froslass-Mega, L50, F\n|-mega|p2b: Froslass|Froslass|Froslassite\n|-weather|Snowscape|[from] ability: Snow Warning|[of] p2b: Froslass\n|move|p1a: Whimsicott|Tailwind|p1a: Whimsicott\n|-sidestart|p1: kuzi24|move: Tailwind\n|move|p1b: Sneasler|Close Combat|p2a: Rotom\n|-damage|p2a: Rotom|25/100\n|-unboost|p1b: Sneasler|def|1\n|-unboost|p1b: Sneasler|spd|1\n|move|p2a: Rotom|Electroweb|p1b: Sneasler|[spread] p1a,p1b\n|-resisted|p1a: Whimsicott|1\n|-damage|p1a: Whimsicott|18/100\n|-damage|p1b: Sneasler|17/100\n|-unboost|p1a: Whimsicott|spe|1\n|-unboost|p1b: Sneasler|spe|1\n|move|p2b: Froslass|Blizzard|p1b: Sneasler|[spread] p1a,p1b\n|-supereffective|p1a: Whimsicott|1\n|-damage|p1a: Whimsicott|0 fnt\n|-damage|p1b: Sneasler|0 fnt\n|faint|p1a: Whimsicott\n|faint|p1b: Sneasler\n|\n|win|mimrat6\n|raw|kuzi24's rating: 1237 &rarr; <strong>1210</strong><br />(-27 for losing)\n|raw|mimrat6's rating: 1210 &rarr; <strong>1237</strong><br />(+27 for winning)\n|l|\u2606kuzi24\n|player|p1|\n",
  "uploadtime": 1776460177,
  "views": 42,
  "formatid": "gen9championsvgc2026regma",
  "rating": 1210,
  "private": 0,
  "password": null
}