{
  "id": "gen9championsvgc2026regma-2581773981",
  "format": "[Gen 9 Champions] VGC 2026 Reg M-A",
  "players": [
    "juansimon383",
    "Riverpasta"
  ],
  "log": "|j|\u2606juansimon383\n|j|\u2606Riverpasta\n|t:|1776027332\n|gametype|doubles\n|player|p1|juansimon383|swimmerf|1431\n|player|p2|Riverpasta|red|1360\n|gen|9\n|tier|[Gen 9 Champions] VGC 2026 Reg M-A\n|rated|\n|rule|Species Clause: Limit one of each Pok\u00e9mon\n|rule|Item Clause: Limit 1 of each item\n|clearpoke\n|poke|p1|Milotic, L50, F|\n|poke|p1|Gengar, L50, M|\n|poke|p1|Incineroar, L50, F|\n|poke|p1|Garchomp, L50, M|\n|poke|p1|Rotom-Mow, L50|\n|poke|p1|Aerodactyl, L50, F|\n|poke|p2|Crabominable, L50, M|\n|poke|p2|Slowking, L50, M|\n|poke|p2|Incineroar, L50, M|\n|poke|p2|Hatterene, L50, F|\n|poke|p2|Camerupt, L50, M|\n|poke|p2|Sinistcha, L50|\n|teampreview|4\n|j| harrybxrry\n|l| harrybxrry\n|\n|t:|1776027358\n|teamsize|p1|4\n|teamsize|p2|4\n|start\n|switch|p1a: Gengar|Gengar, L50, M, shiny|100/100\n|switch|p1b: Incineroar|Incineroar, L50, F|100/100\n|switch|p2a: Incineroar|Incineroar, L50, M|100/100\n|switch|p2b: Slowking|Slowking, L50, M|100/100\n|-ability|p2a: Incineroar|Intimidate|boost\n|-unboost|p1a: Gengar|atk|1\n|-unboost|p1b: Incineroar|atk|1\n|-ability|p1b: Incineroar|Intimidate|boost\n|-unboost|p2a: Incineroar|atk|1\n|-fail|p2b: Slowking|unboost|Attack|[from] ability: Oblivious|[of] p2b: Slowking\n|turn|1\n|\n|t:|1776027375\n|detailschange|p1a: Gengar|Gengar-Mega, L50, M, shiny\n|-mega|p1a: Gengar|Gengar|Gengarite\n|move|p2a: Incineroar|Fake Out|p1b: Incineroar\n|-damage|p1b: Incineroar|92/100\n|move|p1a: Gengar|Shadow Ball|p2b: Slowking\n|-supereffective|p2b: Slowking|1\n|-damage|p2b: Slowking|26/100\n|-unboost|p2b: Slowking|spd|1\n|cant|p1b: Incineroar|flinch\n|move|p2b: Slowking|Trick Room|p2b: Slowking\n|-fieldstart|move: Trick Room|[of] p2b: Slowking\n|\n|upkeep\n|turn|2\n|\n|t:|1776027400\n|move|p1a: Gengar|Protect|p1a: Gengar\n|-singleturn|p1a: Gengar|Protect\n|-prepare|p2b: Slowking|Chilly Reception|[premajor]\n|move|p2b: Slowking|Chilly Reception|p2b: Slowking\n|-weather|Snowscape\n|\n|t:|1776027403\n|switch|p2b: Crabominable|Crabominable, L50, M|100/100|[from] Chilly Reception\n|move|p1b: Incineroar|Parting Shot|p2a: Incineroar\n|-unboost|p2a: Incineroar|atk|1\n|-unboost|p2a: Incineroar|spa|1\n|j| harrybxrry\n|l| harrybxrry\n|\n|t:|1776027411\n|switch|p1b: Milotic|Milotic, L50, F, shiny|100/100|[from] Parting Shot\n|move|p2a: Incineroar|Darkest Lariat|p1a: Gengar\n|-activate|p1a: Gengar|move: Protect\n|\n|-weather|Snowscape|[upkeep]\n|upkeep\n|turn|3\n|\n|t:|1776027431\n|switch|p1a: Incineroar|Incineroar, L50, F|92/100\n|-ability|p1a: Incineroar|Intimidate|boost\n|-unboost|p2a: Incineroar|atk|1\n|-fail|p2b: Crabominable|unboost|Attack|[from] ability: Hyper Cutter|[of] p2b: Crabominable\n|detailschange|p2b: Crabominable|Crabominable-Mega, L50, M\n|-mega|p2b: Crabominable|Crabominable|Crabominite\n|move|p2b: Crabominable|Thunder Punch|p1b: Milotic\n|-supereffective|p1b: Milotic|1\n|-damage|p1b: Milotic|26/100\n|-status|p1b: Milotic|par\n|move|p1b: Milotic|Scald|p2b: Crabominable\n|-damage|p2b: Crabominable|77/100\n|move|p2a: Incineroar|Parting Shot|p1a: Incineroar\n|-unboost|p1a: Incineroar|atk|1\n|-unboost|p1a: Incineroar|spa|1\n|\n|t:|1776027444\n|switch|p2a: Sinistcha|Sinistcha, L50|100/100|[from] Parting Shot\n|-heal|p2b: Crabominable|100/100|[from] ability: Hospitality|[of] p2a: Sinistcha\n|\n|-weather|Snowscape|[upkeep]\n|-heal|p1b: Milotic|32/100 par|[from] item: Leftovers\n|upkeep\n|turn|4\n|\n|t:|1776027458\n|move|p2b: Crabominable|Protect|p2b: Crabominable\n|-singleturn|p2b: Crabominable|Protect\n|move|p1a: Incineroar|Fake Out|p2b: Crabominable\n|-activate|p2b: Crabominable|move: Protect\n|move|p1b: Milotic|Recover|p1b: Milotic\n|-heal|p1b: Milotic|82/100 par\n|move|p2a: Sinistcha|Matcha Gotcha|p1a: Incineroar|[spread] p1a,p1b\n|-resisted|p1a: Incineroar|1\n|-supereffective|p1b: Milotic|1\n|-damage|p1a: Incineroar|76/100\n|-damage|p1b: Milotic|26/100 par\n|\n|-weather|Snowscape|[upkeep]\n|-heal|p1b: Milotic|32/100 par|[from] item: Leftovers\n|upkeep\n|turn|5\n|\n|t:|1776027481\n|switch|p1a: Gengar|Gengar-Mega, L50, M, shiny|100/100\n|move|p2b: Crabominable|Drain Punch|p1a: Gengar\n|-immune|p1a: Gengar\n|move|p1b: Milotic|Recover|p1b: Milotic\n|-heal|p1b: Milotic|82/100 par\n|move|p2a: Sinistcha|Matcha Gotcha|p1b: Milotic|[spread] p1a,p1b\n|-resisted|p1a: Gengar|1\n|-supereffective|p1b: Milotic|1\n|-damage|p1a: Gengar|75/100\n|-damage|p1b: Milotic|28/100 par\n|\n|-weather|Snowscape|[upkeep]\n|-heal|p1b: Milotic|34/100 par|[from] item: Leftovers\n|-fieldend|move: Trick Room\n|upkeep\n|turn|6\n|\n|t:|1776027501\n|move|p1a: Gengar|Shadow Ball|p2a: Sinistcha\n|-supereffective|p2a: Sinistcha|1\n|-damage|p2a: Sinistcha|0 fnt\n|faint|p2a: Sinistcha\n|move|p1b: Milotic|Icy Wind|p2b: Crabominable|[miss]\n|-miss|p1b: Milotic|p2b: Crabominable\n|move|p2b: Crabominable|Drain Punch|p1b: Milotic\n|-damage|p1b: Milotic|0 fnt\n|faint|p1b: Milotic\n|\n|-weather|none\n|upkeep\n|\n|t:|1776027511\n|switch|p1b: Incineroar|Incineroar, L50, F|76/100\n|switch|p2a: Incineroar|Incineroar, L50, M|100/100\n|-ability|p2a: Incineroar|Intimidate|boost\n|-unboost|p1a: Gengar|atk|1\n|-unboost|p1b: Incineroar|atk|1\n|-ability|p1b: Incineroar|Intimidate|boost\n|-unboost|p2a: Incineroar|atk|1\n|-unboost|p2b: Crabominable|atk|1\n|turn|7\n|\n|t:|1776027528\n|move|p1a: Gengar|Protect|p1a: Gengar\n|-singleturn|p1a: Gengar|Protect\n|move|p2a: Incineroar|Fake Out|p1b: Incineroar\n|-damage|p1b: Incineroar|68/100\n|cant|p1b: Incineroar|flinch\n|move|p2b: Crabominable|Drain Punch|p1b: Incineroar\n|-supereffective|p1b: Incineroar|1\n|-damage|p1b: Incineroar|4/100\n|-enditem|p1b: Incineroar|Sitrus Berry|[eat]\n|-heal|p1b: Incineroar|28/100|[from] item: Sitrus Berry\n|\n|upkeep\n|turn|8\n|\n|t:|1776027548\n|move|p1a: Gengar|Sludge Bomb|p2b: Crabominable\n|-damage|p2b: Crabominable|53/100\n|move|p2a: Incineroar|Flare Blitz|p1b: Incineroar\n|-resisted|p1b: Incineroar|1\n|-damage|p1b: Incineroar|12/100\n|-damage|p2a: Incineroar|95/100|[from] Recoil\n|move|p1b: Incineroar|Parting Shot|p2b: Crabominable\n|-unboost|p2b: Crabominable|atk|1\n|-unboost|p2b: Crabominable|spa|1\n|\n|t:|1776027556\n|switch|p1b: Garchomp|Garchomp, L50, M|100/100|[from] Parting Shot\n|move|p2b: Crabominable|Ice Hammer|p1a: Gengar\n|-damage|p1a: Gengar|13/100\n|-unboost|p2b: Crabominable|spe|1\n|\n|upkeep\n|turn|9\n|c|\u2606Riverpasta|Why doesnt that kill\n|c|\u2606Riverpasta|Bruh\n|\n|t:|1776027577\n|move|p1a: Gengar|Protect|p1a: Gengar\n|-singleturn|p1a: Gengar|Protect\n|move|p2b: Crabominable|Protect|p2b: Crabominable\n|-singleturn|p2b: Crabominable|Protect\n|move|p1b: Garchomp|Earthquake|p2a: Incineroar|[spread] p2a\n|-activate|p1a: Gengar|move: Protect\n|-activate|p2b: Crabominable|move: Protect\n|-supereffective|p2a: Incineroar|1\n|-damage|p2a: Incineroar|13/100\n|-enditem|p2a: Incineroar|Sitrus Berry|[eat]\n|-heal|p2a: Incineroar|38/100|[from] item: Sitrus Berry\n|move|p2a: Incineroar|Parting Shot|p1b: Garchomp\n|-unboost|p1b: Garchomp|atk|1\n|-unboost|p1b: Garchomp|spa|1\n|\n|t:|1776027581\n|switch|p2a: Slowking|Slowking, L50, M|26/100|[from] Parting Shot\n|\n|upkeep\n|turn|10\n|j| Floop Noopulus\n|l| Floop Noopulus\n|\n|t:|1776027602\n|switch|p1b: Incineroar|Incineroar, L50, F|12/100\n|-ability|p1b: Incineroar|Intimidate|boost\n|-fail|p2a: Slowking|unboost|Attack|[from] ability: Oblivious|[of] p2a: Slowking\n|-unboost|p2b: Crabominable|atk|1\n|move|p1a: Gengar|Sludge Bomb|p2a: Slowking\n|-damage|p2a: Slowking|0 fnt\n|faint|p2a: Slowking\n|move|p2b: Crabominable|Ice Hammer|p1b: Incineroar\n|-resisted|p1b: Incineroar|1\n|-damage|p1b: Incineroar|1/100\n|-unboost|p2b: Crabominable|spe|1\n|\n|upkeep\n|\n|t:|1776027610\n|switch|p2a: Incineroar|Incineroar, L50, M|38/100\n|-ability|p2a: Incineroar|Intimidate|boost\n|-unboost|p1a: Gengar|atk|1\n|-unboost|p1b: Incineroar|atk|1\n|turn|11\n|\n|t:|1776027634\n|move|p2a: Incineroar|Fake Out|p1b: Incineroar\n|-damage|p1b: Incineroar|0 fnt\n|faint|p1b: Incineroar\n|move|p1a: Gengar|Sludge Bomb|p2b: Crabominable\n|-damage|p2b: Crabominable|6/100\n|move|p2b: Crabominable|Thunder Punch|p1a: Gengar\n|-damage|p1a: Gengar|0 fnt\n|faint|p1a: Gengar\n|\n|upkeep\n|-message|Riverpasta forfeited.\n|\n|win|juansimon383\n|raw|juansimon383's rating: 1431 &rarr; <strong>1447</strong><br />(+16 for winning)\n|raw|Riverpasta's rating: 1360 &rarr; <strong>1344</strong><br />(-16 for losing)\n|l|\u2606Riverpasta\n|player|p2|\n|l|\u2606juansimon383\n|player|p1|\n",
  "uploadtime": 1776027707,
  "views": 25,
  "formatid": "gen9championsvgc2026regma",
  "rating": 1344,
  "private": 0,
  "password": null
}