{
  "id": "gen9championsvgc2026regma-2586143242",
  "format": "[Gen 9 Champions] VGC 2026 Reg M-A",
  "players": [
    "potentvapors",
    "paquetty"
  ],
  "log": "|j|\u2606potentvapors\n|j|\u2606paquetty\n|t:|1776404427\n|gametype|doubles\n|player|p1|potentvapors|flannery|1124\n|player|p2|paquetty|ethan|1059\n|gen|9\n|tier|[Gen 9 Champions] VGC 2026 Reg M-A\n|rated|\n|rule|Species Clause: Limit one of each Pok\u00e9mon\n|rule|Item Clause: Limit 1 of each item\n|clearpoke\n|poke|p1|Manectric, L50, M|\n|poke|p1|Jolteon, L50, M|\n|poke|p1|Slowking-Galar, L50, F|\n|poke|p1|Umbreon, L50, F|\n|poke|p1|Typhlosion, L50, F|\n|poke|p1|Raichu, L50, F|\n|poke|p2|Aegislash, L50, F|\n|poke|p2|Hydreigon, L50, M|\n|poke|p2|Farigiraf, L50, M|\n|poke|p2|Milotic, L50, F|\n|poke|p2|Whimsicott, L50, M|\n|poke|p2|Chandelure, L50, F|\n|teampreview|4\n|\n|t:|1776404450\n|teamsize|p1|4\n|teamsize|p2|4\n|start\n|switch|p1a: Manectric|Manectric, L50, M, shiny|100/100\n|switch|p1b: Raichu|Raichu, L50, F|100/100\n|switch|p2a: Aegislash|Aegislash, L50, F|100/100\n|switch|p2b: Hydreigon|Hydreigon, L50, M|100/100\n|turn|1\n|inactive|Battle timer is ON: inactive players will automatically lose when time's up. (requested by paquetty)\n|\n|t:|1776404482\n|detailschange|p1a: Manectric|Manectric-Mega, L50, M, shiny\n|-mega|p1a: Manectric|Manectric|Manectite\n|-ability|p1a: Manectric|Intimidate|boost\n|-unboost|p2a: Aegislash|atk|1\n|-unboost|p2b: Hydreigon|atk|1\n|-enditem|p2a: Aegislash|White Herb\n|-clearnegativeboost|p2a: Aegislash|[silent]\n|move|p1b: Raichu|Fake Out|p2b: Hydreigon\n|-damage|p2b: Hydreigon|90/100\n|move|p1a: Manectric|Flamethrower|p2a: Aegislash\n|-supereffective|p2a: Aegislash|1\n|-damage|p2a: Aegislash|51/100\n|cant|p2b: Hydreigon|flinch\n|move|p2a: Aegislash|Swords Dance|p2a: Aegislash\n|-boost|p2a: Aegislash|atk|2\n|\n|upkeep\n|turn|2\n|inactive|potentvapors has 30 seconds left.\n|\n|t:|1776404508\n|move|p2a: Aegislash|King's Shield|p2a: Aegislash\n|-singleturn|p2a: Aegislash|Protect\n|move|p1a: Manectric|Discharge|p2b: Hydreigon|[spread] p2b\n|-activate|p2a: Aegislash|move: Protect\n|-ability|p1b: Raichu|Lightning Rod|boost\n|-boost|p1b: Raichu|spa|1\n|-resisted|p2b: Hydreigon|1\n|-damage|p2b: Hydreigon|69/100\n|move|p1b: Raichu|Alluring Voice|p2b: Hydreigon\n|-supereffective|p2b: Hydreigon|2\n|-damage|p2b: Hydreigon|0 fnt\n|faint|p2b: Hydreigon\n|\n|upkeep\n|\n|t:|1776404519\n|switch|p2b: Whimsicott|Whimsicott, L50, M|100/100\n|turn|3\n|inactive|potentvapors has 30 seconds left.\n|inactive|potentvapors has 20 seconds left.\n|inactive|potentvapors has 15 seconds left.\n|\n|t:|1776404563\n|move|p2b: Whimsicott|Tailwind|p2b: Whimsicott\n|-sidestart|p2: paquetty|move: Tailwind\n|move|p1a: Manectric|Flamethrower|p2b: Whimsicott\n|-supereffective|p2b: Whimsicott|1\n|-damage|p2b: Whimsicott|13/100\n|move|p1b: Raichu|Alluring Voice|p2b: Whimsicott\n|-damage|p2b: Whimsicott|0 fnt\n|faint|p2b: Whimsicott\n|-formechange|p2a: Aegislash|Aegislash-Blade|\n|move|p2a: Aegislash|Iron Head|p1a: Manectric\n|-resisted|p1a: Manectric|1\n|-damage|p1a: Manectric|32/100\n|\n|upkeep\n|\n|t:|1776404577\n|switch|p2b: Farigiraf|Farigiraf, L50, M|100/100\n|turn|4\n|\n|t:|1776404600\n|move|p2a: Aegislash|Shadow Sneak|p1a: Manectric\n|-damage|p1a: Manectric|0 fnt\n|faint|p1a: Manectric\n|move|p1b: Raichu|Thunderbolt|p2b: Farigiraf\n|-damage|p2b: Farigiraf|50/100\n|-status|p2b: Farigiraf|par\n|move|p2b: Farigiraf|Psychic|p1b: Raichu\n|-damage|p1b: Raichu|38/100\n|\n|upkeep\n|\n|t:|1776404610\n|switch|p1a: Typhlosion|Typhlosion, L50, F, shiny|100/100\n|turn|5\n|\n|t:|1776404625\n|move|p2a: Aegislash|Shadow Sneak|p1a: Typhlosion\n|-damage|p1a: Typhlosion|41/100\n|move|p1a: Typhlosion|Eruption|p2a: Aegislash|[spread] p2a,p2b\n|-supereffective|p2a: Aegislash|1\n|-damage|p2a: Aegislash|0 fnt\n|-damage|p2b: Farigiraf|29/100 par\n|faint|p2a: Aegislash\n|move|p1b: Raichu|Thunderbolt|p2b: Farigiraf\n|-damage|p2b: Farigiraf|0 fnt\n|faint|p2b: Farigiraf\n|\n|win|potentvapors\n|raw|potentvapors's rating: 1124 &rarr; <strong>1144</strong><br />(+20 for winning)\n|raw|paquetty's rating: 1059 &rarr; <strong>1044</strong><br />(-15 for losing)\n|l|\u2606paquetty\n|player|p2|\n",
  "uploadtime": 1776404645,
  "views": 22,
  "formatid": "gen9championsvgc2026regma",
  "rating": 1044,
  "private": 0,
  "password": null
}