{
  "id": "gen9championsvgc2026regma-2585194547",
  "format": "[Gen 9 Champions] VGC 2026 Reg M-A",
  "players": [
    "San gerger",
    "nsbnsb"
  ],
  "log": "|j|\u2606San gerger\n|j|\u2606nsbnsb\n|t:|1776323500\n|gametype|doubles\n|player|p1|San gerger|1|1532\n|player|p2|nsbnsb|ghetsis|1582\n|gen|9\n|tier|[Gen 9 Champions] VGC 2026 Reg M-A\n|rated|\n|rule|Species Clause: Limit one of each Pok\u00e9mon\n|rule|Item Clause: Limit 1 of each item\n|clearpoke\n|poke|p1|Delphox, L50, F|\n|poke|p1|Floette-Eternal, L50, F|\n|poke|p1|Aerodactyl, L50, M|\n|poke|p1|Kingambit, L50, F|\n|poke|p1|Basculegion-F, L50, F|\n|poke|p1|Sneasler, L50, M|\n|poke|p2|Crabominable, L50, M|\n|poke|p2|Farigiraf, L50, M|\n|poke|p2|Kingambit, L50, M|\n|poke|p2|Sinistcha, L50|\n|poke|p2|Camerupt, L50, M|\n|poke|p2|Sneasler, L50, M|\n|teampreview|4\n|inactive|Battle timer is ON: inactive players will automatically lose when time's up. (requested by nsbnsb)\n|j| maliciousdeez\n|inactive|San gerger has 60 seconds left.\nnsbnsb has agreed to open team sheets.\n|j| 1382 rocks\n|inactive|San gerger has 30 seconds left.\n|\n|t:|1776323563\n|teamsize|p1|4\n|teamsize|p2|4\n|start\n|switch|p1a: Delphox|Delphox, L50, F|100/100\n|switch|p1b: Floette|Floette-Eternal, L50, F|100/100\n|switch|p2a: Sinistcha|Sinistcha, L50|100/100\n|switch|p2b: Sneasler|Sneasler, L50, M|100/100\n|turn|1\n|j| fishle\n|inactive|nsbnsb has 30 seconds left.\n|\n|t:|1776323592\n|detailschange|p1b: Floette|Floette-Mega, L50, F\n|-mega|p1b: Floette|Floette|Floettite\n|-ability|p1b: Floette|Fairy Aura\n|move|p2b: Sneasler|Fake Out|p1a: Delphox\n|-damage|p1a: Delphox|79/100\n|cant|p1a: Delphox|flinch\n|move|p1b: Floette|Light of Ruin|p2a: Sinistcha\n|-enditem|p2a: Sinistcha|Focus Sash\n|-damage|p2a: Sinistcha|1/100\n|-damage|p1b: Floette|48/100|[from] Recoil\n|move|p2a: Sinistcha|Trick Room|p2a: Sinistcha\n|-fieldstart|move: Trick Room|[of] p2a: Sinistcha\n|\n|upkeep\n|turn|2\n|\n|t:|1776323613\n|move|p2a: Sinistcha|Matcha Gotcha|p1b: Floette|[spread] p1a,p1b\n|-resisted|p1a: Delphox|1\n|-damage|p1a: Delphox|64/100\n|-heal|p2a: Sinistcha|8/100|[from] drain|[of] p1a: Delphox\n|-damage|p1b: Floette|26/100\n|-heal|p2a: Sinistcha|19/100|[from] drain|[of] p1b: Floette\n|move|p1b: Floette|Dazzling Gleam|p2b: Sneasler|[spread] p2a,p2b\n|-damage|p2a: Sinistcha|0 fnt\n|-damage|p2b: Sneasler|33/100\n|faint|p2a: Sinistcha\n|move|p1a: Delphox|Heat Wave|p2b: Sneasler\n|-damage|p2b: Sneasler|0 fnt\n|faint|p2b: Sneasler\n|\n|upkeep\n|\n|t:|1776323617\n|switch|p2a: Camerupt|Camerupt, L50, M|100/100\n|switch|p2b: Kingambit|Kingambit, L50, M, shiny|100/100\n|turn|3\n|\n|t:|1776323639\n|detailschange|p2a: Camerupt|Camerupt-Mega, L50, M\n|-mega|p2a: Camerupt|Camerupt|Cameruptite\n|move|p1b: Floette|Protect|p1b: Floette\n|-singleturn|p1b: Floette|Protect\n|move|p1a: Delphox|Protect|p1a: Delphox\n|-singleturn|p1a: Delphox|Protect\n|move|p2a: Camerupt|Eruption|p1b: Floette|[spread] \n|-activate|p1a: Delphox|move: Protect\n|-activate|p1b: Floette|move: Protect\n|move|p2b: Kingambit|Kowtow Cleave|p1a: Delphox\n|-activate|p1a: Delphox|move: Protect\n|\n|upkeep\n|turn|4\n|inactive|San gerger has 30 seconds left.\n|\n|t:|1776323667\n|move|p1b: Floette|Protect||[still]\n|-fail|p1b: Floette\n|move|p1a: Delphox|Protect||[still]\n|-fail|p1a: Delphox\n|move|p2a: Camerupt|Eruption|p1a: Delphox|[spread] p1a,p1b\n|-resisted|p1a: Delphox|1\n|-crit|p1b: Floette\n|-damage|p1a: Delphox|26/100\n|-damage|p1b: Floette|0 fnt\n|faint|p1b: Floette\n|move|p2b: Kingambit|Kowtow Cleave|p1a: Delphox\n|-supereffective|p1a: Delphox|1\n|-damage|p1a: Delphox|0 fnt\n|faint|p1a: Delphox\n|\n|upkeep\n|\n|t:|1776323683\n|switch|p1b: Basculegion|Basculegion-F, L50, F|100/100\n|switch|p1a: Kingambit|Kingambit, L50, F|100/100\n|turn|5\n|\n|t:|1776323706\n|move|p1a: Kingambit|Sucker Punch|p2a: Camerupt\n|-damage|p2a: Camerupt|61/100\n|move|p2a: Camerupt|Eruption|p1b: Basculegion|[spread] p1a,p1b\n|-supereffective|p1a: Kingambit|1\n|-resisted|p1b: Basculegion|1\n|-damage|p1a: Kingambit|19/100\n|-damage|p1b: Basculegion|75/100\n|move|p2b: Kingambit|Kowtow Cleave|p1b: Basculegion\n|-supereffective|p1b: Basculegion|1\n|-damage|p1b: Basculegion|0 fnt\n|faint|p1b: Basculegion\n|\n|-fieldend|move: Trick Room\n|upkeep\n|turn|6\n|-message|San gerger forfeited.\n|\n|win|nsbnsb\n|raw|San gerger's rating: 1532 &rarr; <strong>1515</strong><br />(-17 for losing)\n|raw|nsbnsb's rating: 1582 &rarr; <strong>1599</strong><br />(+17 for winning)\n|l|\u2606San gerger\n|player|p1|\n",
  "uploadtime": 1776323720,
  "views": 69,
  "formatid": "gen9championsvgc2026regma",
  "rating": 1515,
  "private": 0,
  "password": null
}