{
  "id": "gen9championsvgc2026regma-2581580193",
  "format": "[Gen 9 Champions] VGC 2026 Reg M-A",
  "players": [
    "cross streets 43",
    "JoelMasterX"
  ],
  "log": "|badge|p2|bronze|gen9ru|100-9\n|uhtml|medal-msg|<div class=\"broadcast-blue\">Curious what those medals under the avatar are? PS now has Ladder Seasons! For more information, check out the <a href=\"https://www.smogon.com/forums/threads/3740067/\">thread on Smogon.</a></div>\n|j|\u2606cross streets 43\n|j|\u2606JoelMasterX@!\n|inactive|Battle timer is ON: inactive players will automatically lose when time's up.\n|t:|1776012567\n|gametype|doubles\n|player|p1|cross streets 43|dawn|\n|player|p2|JoelMasterX|taunie|\n|gen|9\n|tier|[Gen 9 Champions] VGC 2026 Reg M-A\n|rated|Tournament battle\n|rule|Species Clause: Limit one of each Pok\u00e9mon\n|rule|Item Clause: Limit 1 of each item\n|clearpoke\n|poke|p1|Floette-Eternal, L50, F|\n|poke|p1|Arcanine, L50, F|\n|poke|p1|Skarmory, L50, M|\n|poke|p1|Sneasler, L50, M|\n|poke|p1|Whimsicott, L50, F|\n|poke|p1|Venusaur, L50, M|\n|poke|p2|Chimecho, L50, F|\n|poke|p2|Torkoal, L50, M|\n|poke|p2|Crabominable, L50, M|\n|poke|p2|Mimikyu, L50, M|\n|poke|p2|Primarina, L50, F|\n|poke|p2|Kingambit, L50, F|\n|teampreview|4\n|j|*Lady Monita \ncross streets 43 has agreed to open team sheets.\nJoelMasterX has agreed to open team sheets.\n|showteam|p1|Floette-Eternal||Floettite|FlowerVeil|Moonblast,DazzlingGleam,DrainingKiss,Protect|||F|||50|]Arcanine||SitrusBerry|Intimidate|WillOWisp,ExtremeSpeed,Protect,FlareBlitz|||F|||50|]Skarmory||Skarmorite|Sturdy|Tailwind,IronHead,BraveBird,Protect|||M|||50|]Sneasler||FocusSash|Unburden|CloseCombat,Protect,FakeOut,DireClaw|||M|||50|]Whimsicott||BabiriBerry|Prankster|Tailwind,Moonblast,SunnyDay,EnergyBall|||F|||50|]Venusaur||OccaBerry|Chlorophyll|WeatherBall,SludgeBomb,LeafStorm,Protect|||M|||50|\n|showteam|p2|Chimecho||Chimechite|Levitate|Psychic,FlashCannon,Trick,Protect|||F|||50|]Torkoal||Charcoal|Drought|Eruption,HeatWave,Protect,EarthPower|||M|||50|]Crabominable||Crabominite|IronFist|IceHammer,CloseCombat,ThunderPunch,WideGuard|||M|||50|]Mimikyu||MentalHerb|Disguise|TrickRoom,ShadowClaw,PlayRough,DrainPunch|||M|||50|]Primarina||Leftovers|Torrent|WeatherBall,DazzlingGleam,SparklingAria,Protect|||F|||50|]Kingambit||BlackGlasses|Defiant|KowtowCleave,IronHead,Protect,SuckerPunch|||F|||50|\n|c|\u2606JoelMasterX|glhf\n|c|\u2606cross streets 43|You too\n|j| Rats220\n|inactive|cross streets 43 has 60 seconds left.\n|inactive|JoelMasterX has 60 seconds left.\n|c|\u2606cross streets 43|Is chimecho supposed to have tr\n|inactive|cross streets 43 has 30 seconds left.\n|inactive|cross streets 43 has 20 seconds left.\n|inactive|cross streets 43 has 15 seconds left.\n|\n|t:|1776012645\n|teamsize|p1|4\n|teamsize|p2|4\n|start\n|switch|p1a: Arcanine|Arcanine, L50, F|100/100\n|switch|p1b: Floette|Floette-Eternal, L50, F|100/100\n|switch|p2a: Mimikyu|Mimikyu, L50, M|100/100\n|switch|p2b: Primarina|Primarina, L50, F|100/100\n|-ability|p1a: Arcanine|Intimidate|boost\n|-unboost|p2a: Mimikyu|atk|1\n|-unboost|p2b: Primarina|atk|1\n|turn|1\n|c|\u2606JoelMasterX|yes\n|\n|t:|1776012661\n|switch|p1a: Venusaur|Venusaur, L50, M|100/100\n|detailschange|p1b: Floette|Floette-Mega, L50, F\n|-mega|p1b: Floette|Floette|Floettite\n|-ability|p1b: Floette|Fairy Aura\n|move|p2b: Primarina|Protect|p2b: Primarina\n|-singleturn|p2b: Primarina|Protect\n|move|p1b: Floette|Dazzling Gleam|p2a: Mimikyu|[spread] p2a\n|-activate|p2b: Primarina|move: Protect\n|-activate|p2a: Mimikyu|ability: Disguise\n|-damage|p2a: Mimikyu|100/100\n|detailschange|p2a: Mimikyu|Mimikyu-Busted, L50, M\n|-damage|p2a: Mimikyu|88/100|[from] pokemon: Mimikyu-Busted\n|move|p2a: Mimikyu|Trick Room|p2a: Mimikyu\n|-fieldstart|move: Trick Room|[of] p2a: Mimikyu\n|\n|upkeep\n|turn|2\n|inactive|cross streets 43 has 30 seconds left.\n|\n|t:|1776012693\n|switch|p2a: Torkoal|Torkoal, L50, M|100/100\n|-weather|SunnyDay|[from] ability: Drought|[of] p2a: Torkoal\n|move|p2b: Primarina|Weather Ball|p1a: Venusaur\n|-supereffective|p1a: Venusaur|1\n|-enditem|p1a: Venusaur|Occa Berry|[eat]\n|-enditem|p1a: Venusaur|Occa Berry|[weaken]\n|-damage|p1a: Venusaur|35/100\n|move|p1b: Floette|Dazzling Gleam|p2a: Torkoal|[spread] p2a,p2b\n|-resisted|p2a: Torkoal|1\n|-damage|p2a: Torkoal|67/100\n|-damage|p2b: Primarina|60/100\n|move|p1a: Venusaur|Sludge Bomb|p2b: Primarina\n|-supereffective|p2b: Primarina|1\n|-damage|p2b: Primarina|0 fnt\n|faint|p2b: Primarina\n|\n|-weather|SunnyDay|[upkeep]\n|upkeep\n|\n|t:|1776012701\n|switch|p2b: Kingambit|Kingambit, L50, F|100/100\n|turn|3\n|j| realooos\n|\n|t:|1776012720\n|move|p1b: Floette|Protect|p1b: Floette\n|-singleturn|p1b: Floette|Protect\n|move|p1a: Venusaur|Protect|p1a: Venusaur\n|-singleturn|p1a: Venusaur|Protect\n|move|p2a: Torkoal|Heat Wave|p1b: Floette|[spread] \n|-activate|p1a: Venusaur|move: Protect\n|-activate|p1b: Floette|move: Protect\n|move|p2b: Kingambit|Iron Head|p1b: Floette\n|-activate|p1b: Floette|move: Protect\n|\n|-weather|SunnyDay|[upkeep]\n|upkeep\n|turn|4\n|inactive|cross streets 43 has 30 seconds left.\n|\n|t:|1776012746\n|switch|p1b: Skarmory|Skarmory, L50, M|100/100\n|switch|p1a: Arcanine|Arcanine, L50, F|100/100\n|-ability|p1a: Arcanine|Intimidate|boost\n|-unboost|p2a: Torkoal|atk|1\n|-unboost|p2b: Kingambit|atk|1\n|-ability|p2b: Kingambit|Defiant|boost\n|-boost|p2b: Kingambit|atk|2\n|move|p2a: Torkoal|Heat Wave|p1a: Arcanine|[spread] p1a,p1b\n|-resisted|p1a: Arcanine|1\n|-supereffective|p1b: Skarmory|1\n|-damage|p1a: Arcanine|79/100\n|-ability|p1b: Skarmory|Sturdy\n|-damage|p1b: Skarmory|1/100\n|move|p2b: Kingambit|Kowtow Cleave|p1b: Skarmory\n|-damage|p1b: Skarmory|0 fnt\n|faint|p1b: Skarmory\n|\n|-weather|SunnyDay|[upkeep]\n|upkeep\n|\n|t:|1776012767\n|switch|p1b: Floette|Floette-Mega, L50, F|100/100\n|-ability|p1b: Floette|Fairy Aura\n|turn|5\n|n| CAPLT26EQ LOSS|realooos\n|\n|t:|1776012792\n|move|p2b: Kingambit|Protect|p2b: Kingambit\n|-singleturn|p2b: Kingambit|Protect\n|move|p1a: Arcanine|Protect|p1a: Arcanine\n|-singleturn|p1a: Arcanine|Protect\n|move|p1b: Floette|Protect|p1b: Floette\n|-singleturn|p1b: Floette|Protect\n|move|p2a: Torkoal|Earth Power|p1b: Floette\n|-activate|p1b: Floette|move: Protect\n|\n|-weather|SunnyDay|[upkeep]\n|-fieldend|move: Trick Room\n|upkeep\n|turn|6\n|\n|t:|1776012811\n|move|p2a: Torkoal|Protect|p2a: Torkoal\n|-singleturn|p2a: Torkoal|Protect\n|move|p2b: Kingambit|Sucker Punch|p1a: Arcanine\n|-damage|p1a: Arcanine|0 fnt\n|faint|p1a: Arcanine\n|move|p1b: Floette|Moonblast|p2a: Torkoal\n|-activate|p2a: Torkoal|move: Protect\n|\n|-weather|none\n|upkeep\n|j| aurora ltd\n|\n|t:|1776012818\n|switch|p1a: Venusaur|Venusaur, L50, M|35/100\n|turn|7\n|\n|t:|1776012838\n|move|p2b: Kingambit|Sucker Punch|p1a: Venusaur\n|-damage|p1a: Venusaur|0 fnt\n|faint|p1a: Venusaur\n|move|p1b: Floette|Moonblast|p2b: Kingambit\n|-damage|p2b: Kingambit|30/100\n|-unboost|p2b: Kingambit|spa|1\n|-ability|p2b: Kingambit|Defiant|boost\n|-boost|p2b: Kingambit|atk|2\n|move|p2a: Torkoal|Heat Wave|p1b: Floette\n|-damage|p1b: Floette|61/100\n|\n|upkeep\n|turn|8\n|\n|t:|1776012853\n|move|p2b: Kingambit|Sucker Punch|p1b: Floette\n|-resisted|p1b: Floette|1\n|-damage|p1b: Floette|0 fnt\n|faint|p1b: Floette\n|\n|win|JoelMasterX\n|n|\u2606cross streets 43|crossstreets43\n|n|\u2606JoelMasterX@!|joelmasterx\n|n|*Lady Monita |ladymonita\n|n| Rats220|rats220\n|n| CAPLT26EQ LOSS|caplt26eqloss\n|n| aurora ltd|auroraltd\n|l|*Lady Monita \n|c|\u2606JoelMasterX|gg\n|c|\u2606cross streets 43|Gg\n|l|\u2606cross streets 43\n|player|p1|\n",
  "uploadtime": 1776012878,
  "views": 19,
  "formatid": "gen9championsvgc2026regma",
  "rating": null,
  "private": 0,
  "password": null
}