{
  "id": "gen9championsvgc2026regma-2584960288",
  "format": "[Gen 9 Champions] VGC 2026 Reg M-A",
  "players": [
    "JesHX11",
    "Ohfreckhe"
  ],
  "log": "|j|\u2606JesHX11\n|j|\u2606Ohfreckhe\n|t:|1776298349\n|gametype|doubles\n|player|p1|JesHX11|102|1153\n|player|p2|Ohfreckhe|alder|1181\n|gen|9\n|tier|[Gen 9 Champions] VGC 2026 Reg M-A\n|rated|\n|rule|Species Clause: Limit one of each Pok\u00e9mon\n|rule|Item Clause: Limit 1 of each item\n|clearpoke\n|poke|p1|Incineroar, L50, M|\n|poke|p1|Basculegion, L50, M|\n|poke|p1|Farigiraf, L50, M|\n|poke|p1|Corviknight, L50, F|\n|poke|p1|Tyranitar, L50, F|\n|poke|p1|Hydrapple, L50, M|\n|poke|p2|Araquanid, L50, M|\n|poke|p2|Armarouge, L50, M|\n|poke|p2|Froslass, L50, F|\n|poke|p2|Crabominable, L50, M|\n|poke|p2|Kingambit, L50, M|\n|poke|p2|Empoleon, L50, M|\n|teampreview|4\n|\n|t:|1776298378\n|teamsize|p1|4\n|teamsize|p2|4\n|start\n|switch|p1a: Basculegion|Basculegion, L50, M|100/100\n|switch|p1b: Farigiraf|Farigiraf, L50, M|100/100\n|switch|p2a: Froslass|Froslass, L50, F|100/100\n|switch|p2b: Empoleon|Empoleon, L50, M|100/100\n|turn|1\n|\n|t:|1776298405\n|detailschange|p2a: Froslass|Froslass-Mega, L50, F\n|-mega|p2a: Froslass|Froslass|Froslassite\n|-weather|Snowscape|[from] ability: Snow Warning|[of] p2a: Froslass\n|move|p1a: Basculegion|Flip Turn|p2b: Empoleon\n|-resisted|p2b: Empoleon|1\n|-damage|p2b: Empoleon|78/100\n|\n|t:|1776298411\n|switch|p1a: Tyranitar|Tyranitar, L50, F|100/100|[from] Flip Turn\n|-weather|Sandstorm|[from] ability: Sand Stream|[of] p1a: Tyranitar\n|move|p2a: Froslass|Aurora Veil||[still]\n|-fail|p2a: Froslass\n|move|p2b: Empoleon|Hydro Pump|p1b: Farigiraf\n|-damage|p1b: Farigiraf|48/100\n|move|p1b: Farigiraf|Trick Room|p1b: Farigiraf\n|-fieldstart|move: Trick Room|[of] p1b: Farigiraf\n|\n|-weather|Sandstorm|[upkeep]\n|-damage|p1b: Farigiraf|41/100|[from] Sandstorm\n|-damage|p2a: Froslass|94/100|[from] Sandstorm\n|upkeep\n|turn|2\n|\n|t:|1776298446\n|switch|p2a: Crabominable|Crabominable, L50, M|100/100\n|move|p1b: Farigiraf|Twin Beam|p2b: Empoleon\n|-resisted|p2b: Empoleon|1\n|-damage|p2b: Empoleon|70/100\n|-resisted|p2b: Empoleon|1\n|-damage|p2b: Empoleon|61/100\n|-hitcount|p2b: Empoleon|2\n|move|p2b: Empoleon|Flash Cannon|p1a: Tyranitar\n|-supereffective|p1a: Tyranitar|1\n|-damage|p1a: Tyranitar|48/100\n|move|p1a: Tyranitar|Stomping Tantrum|p2b: Empoleon\n|-supereffective|p2b: Empoleon|1\n|-damage|p2b: Empoleon|8/100\n|\n|-weather|Sandstorm|[upkeep]\n|-damage|p2a: Crabominable|95/100|[from] Sandstorm\n|-damage|p1b: Farigiraf|35/100|[from] Sandstorm\n|upkeep\n|turn|3\n|\n|t:|1776298471\n|switch|p1b: Basculegion|Basculegion, L50, M|100/100\n|move|p2b: Empoleon|Protect|p2b: Empoleon\n|-singleturn|p2b: Empoleon|Protect\n|move|p1a: Tyranitar|Protect|p1a: Tyranitar\n|-singleturn|p1a: Tyranitar|Protect\n|move|p2a: Crabominable|Mach Punch|p1a: Tyranitar\n|-activate|p1a: Tyranitar|move: Protect\n|\n|-weather|Sandstorm|[upkeep]\n|-damage|p2a: Crabominable|89/100|[from] Sandstorm\n|-damage|p1b: Basculegion|94/100|[from] Sandstorm\n|upkeep\n|turn|4\n|\n|t:|1776298514\n|switch|p1a: Farigiraf|Farigiraf, L50, M|35/100\n|move|p2a: Crabominable|Mach Punch||[still]\n|cant|p1a: Farigiraf|ability: Armor Tail|Mach Punch|[of] p2a: Crabominable\n|move|p2b: Empoleon|Hydro Pump|p1a: Farigiraf|[miss]\n|-miss|p2b: Empoleon|p1a: Farigiraf\n|move|p1b: Basculegion|Flip Turn|p2b: Empoleon\n|-resisted|p2b: Empoleon|1\n|-damage|p2b: Empoleon|0 fnt\n|faint|p2b: Empoleon\n|\n|t:|1776298527\n|switch|p1b: Incineroar|Incineroar, L50, M|100/100|[from] Flip Turn\n|-ability|p1b: Incineroar|Intimidate|boost\n|-unboost|p2a: Crabominable|atk|1\n|-enditem|p2a: Crabominable|White Herb\n|-clearnegativeboost|p2a: Crabominable|[silent]\n|\n|-weather|Sandstorm|[upkeep]\n|-damage|p2a: Crabominable|83/100|[from] Sandstorm\n|-damage|p1a: Farigiraf|29/100|[from] Sandstorm\n|-damage|p1b: Incineroar|95/100|[from] Sandstorm\n|upkeep\n|\n|t:|1776298536\n|switch|p2b: Kingambit|Kingambit, L50, M|100/100\n|turn|5\n|\n|t:|1776298555\n|move|p1b: Incineroar|Fake Out|p2b: Kingambit\n|-resisted|p2b: Kingambit|1\n|-damage|p2b: Kingambit|97/100\n|move|p2a: Crabominable|Mach Punch||[still]\n|cant|p1a: Farigiraf|ability: Armor Tail|Mach Punch|[of] p2a: Crabominable\n|cant|p2b: Kingambit|flinch\n|move|p1a: Farigiraf|Twin Beam|p2a: Crabominable\n|-supereffective|p2a: Crabominable|1\n|-damage|p2a: Crabominable|39/100\n|-supereffective|p2a: Crabominable|1\n|-damage|p2a: Crabominable|0 fnt\n|faint|p2a: Crabominable\n|-hitcount|p2: Crabominable|2\n|\n|-weather|none\n|-fieldend|move: Trick Room\n|upkeep\n|\n|t:|1776298565\n|switch|p2a: Froslass|Froslass-Mega, L50, F|94/100\n|-weather|Snowscape|[from] ability: Snow Warning|[of] p2a: Froslass\n|turn|6\n|\n|t:|1776298581\n|switch|p1a: Tyranitar|Tyranitar, L50, F|48/100\n|-weather|Sandstorm|[from] ability: Sand Stream|[of] p1a: Tyranitar\n|move|p2a: Froslass|Blizzard|p1a: Tyranitar|[spread] p1a,p1b\n|-resisted|p1b: Incineroar|1\n|-damage|p1a: Tyranitar|22/100\n|-damage|p1b: Incineroar|78/100\n|move|p1b: Incineroar|Parting Shot|p2a: Froslass\n|-unboost|p2a: Froslass|atk|1\n|-unboost|p2a: Froslass|spa|1\n|\n|t:|1776298592\n|switch|p1b: Farigiraf|Farigiraf, L50, M|29/100|[from] Parting Shot\n|move|p2b: Kingambit|Kowtow Cleave|p1b: Farigiraf\n|-supereffective|p1b: Farigiraf|1\n|-damage|p1b: Farigiraf|0 fnt\n|faint|p1b: Farigiraf\n|\n|-weather|Sandstorm|[upkeep]\n|-damage|p2a: Froslass|88/100|[from] Sandstorm\n|upkeep\n|\n|t:|1776298600\n|switch|p1b: Basculegion|Basculegion, L50, M|94/100\n|turn|7\n|\n|t:|1776298627\n|switch|p1b: Incineroar|Incineroar, L50, M|78/100\n|-ability|p1b: Incineroar|Intimidate|boost\n|-unboost|p2a: Froslass|atk|1\n|-unboost|p2b: Kingambit|atk|1\n|-ability|p2b: Kingambit|Defiant|boost\n|-boost|p2b: Kingambit|atk|2\n|detailschange|p1a: Tyranitar|Tyranitar-Mega, L50, F\n|-mega|p1a: Tyranitar|Tyranitar|Tyranitarite\n|move|p2a: Froslass|Icy Wind|p1a: Tyranitar|[spread] p1a\n|-miss|p2a: Froslass|p1b: Incineroar\n|-damage|p1a: Tyranitar|14/100\n|-unboost|p1a: Tyranitar|spe|1\n|move|p2b: Kingambit|Kowtow Cleave|p1b: Incineroar\n|-resisted|p1b: Incineroar|1\n|-damage|p1b: Incineroar|49/100\n|-enditem|p1b: Incineroar|Sitrus Berry|[eat]\n|-heal|p1b: Incineroar|74/100|[from] item: Sitrus Berry\n|move|p1a: Tyranitar|Stomping Tantrum|p2b: Kingambit\n|-supereffective|p2b: Kingambit|1\n|-damage|p2b: Kingambit|52/100\n|\n|-weather|Sandstorm|[upkeep]\n|-damage|p2a: Froslass|82/100|[from] Sandstorm\n|-damage|p1b: Incineroar|68/100|[from] Sandstorm\n|upkeep\n|turn|8\n|\n|t:|1776298659\n|move|p1b: Incineroar|Fake Out|p2b: Kingambit\n|-resisted|p2b: Kingambit|1\n|-damage|p2b: Kingambit|49/100\n|move|p2a: Froslass|Blizzard|p1b: Incineroar|[spread] p1a,p1b\n|-resisted|p1b: Incineroar|1\n|-damage|p1a: Tyranitar|0 fnt\n|-damage|p1b: Incineroar|56/100\n|faint|p1a: Tyranitar\n|cant|p2b: Kingambit|flinch\n|\n|-weather|Sandstorm|[upkeep]\n|-damage|p2a: Froslass|76/100|[from] Sandstorm\n|-damage|p1b: Incineroar|50/100|[from] Sandstorm\n|upkeep\n|\n|t:|1776298669\n|switch|p1a: Basculegion|Basculegion, L50, M|94/100\n|turn|9\n|\n|t:|1776298690\n|move|p1a: Basculegion|Last Respects|p2a: Froslass\n|-supereffective|p2a: Froslass|1\n|-damage|p2a: Froslass|0 fnt\n|faint|p2a: Froslass\n|move|p1b: Incineroar|Flare Blitz|p2b: Kingambit\n|-supereffective|p2b: Kingambit|1\n|-damage|p2b: Kingambit|0 fnt\n|faint|p2b: Kingambit\n|-damage|p1b: Incineroar|34/100|[from] Recoil\n|\n|win|JesHX11\n|raw|JesHX11's rating: 1153 &rarr; <strong>1180</strong><br />(+27 for winning)\n|raw|Ohfreckhe's rating: 1181 &rarr; <strong>1154</strong><br />(-27 for losing)\n|l|\u2606Ohfreckhe\n|player|p2|\n",
  "uploadtime": 1776298718,
  "views": 18,
  "formatid": "gen9championsvgc2026regma",
  "rating": 1154,
  "private": 0,
  "password": null
}