{
  "id": "gen9championsvgc2026regma-2584512635",
  "format": "[Gen 9 Champions] VGC 2026 Reg M-A",
  "players": [
    "Snoopyninenine",
    "NathanaelW19"
  ],
  "log": "|j|\u2606Snoopyninenine\n|j|\u2606NathanaelW19\n|t:|1776265763\n|gametype|doubles\n|player|p1|Snoopyninenine|lance|1159\n|player|p2|NathanaelW19|dragontamer|1180\n|gen|9\n|tier|[Gen 9 Champions] VGC 2026 Reg M-A\n|rated|\n|rule|Species Clause: Limit one of each Pok\u00e9mon\n|rule|Item Clause: Limit 1 of each item\n|clearpoke\n|poke|p1|Incineroar, L50, M|\n|poke|p1|Archaludon, L50, M|\n|poke|p1|Basculegion, L50, M|\n|poke|p1|Pelipper, L50, M|\n|poke|p1|Floette-Eternal, L50, F|\n|poke|p1|Sinistcha, L50|\n|poke|p2|Emboar, L50, F|\n|poke|p2|Heliolisk, L50, F|\n|poke|p2|Sneasler, L50, M|\n|poke|p2|Aerodactyl, L50, M|\n|poke|p2|Hydreigon, L50, M|\n|poke|p2|Farigiraf, L50, M|\n|teampreview|4\n|inactive|Battle timer is ON: inactive players will automatically lose when time's up. (requested by NathanaelW19)\n|inactive|Snoopyninenine has 60 seconds left.\n|\n|t:|1776265807\n|teamsize|p1|4\n|teamsize|p2|4\n|start\n|switch|p1a: Basculegion|Basculegion, L50, M|100/100\n|switch|p1b: Incineroar|Incineroar, L50, M|100/100\n|switch|p2a: Sneasler|Sneasler, L50, M, shiny|100/100\n|switch|p2b: Aerodactyl|Aerodactyl, L50, M|100/100\n|-ability|p2b: Aerodactyl|Unnerve\n|-ability|p1b: Incineroar|Intimidate|boost\n|-unboost|p2a: Sneasler|atk|1\n|-unboost|p2b: Aerodactyl|atk|1\n|-enditem|p2a: Sneasler|White Herb\n|-clearnegativeboost|p2a: Sneasler|[silent]\n|turn|1\n|\n|t:|1776265823\n|move|p2a: Sneasler|Protect|p2a: Sneasler\n|-singleturn|p2a: Sneasler|Protect\n|move|p2b: Aerodactyl|Protect|p2b: Aerodactyl\n|-singleturn|p2b: Aerodactyl|Protect\n|move|p1b: Incineroar|Fake Out|p2b: Aerodactyl\n|-activate|p2b: Aerodactyl|move: Protect\n|move|p1a: Basculegion|Psychic Fangs|p2a: Sneasler\n|-activate|p2a: Sneasler|move: Protect\n|\n|upkeep\n|turn|2\n|inactive|Snoopyninenine has 30 seconds left.\n|\n|t:|1776265849\n|move|p2a: Sneasler|Close Combat|p1b: Incineroar\n|-supereffective|p1b: Incineroar|1\n|-damage|p1b: Incineroar|0 fnt\n|-unboost|p2a: Sneasler|def|1\n|-unboost|p2a: Sneasler|spd|1\n|faint|p1b: Incineroar\n|move|p1a: Basculegion|Psychic Fangs|p2a: Sneasler\n|-supereffective|p2a: Sneasler|2\n|-damage|p2a: Sneasler|0 fnt\n|faint|p2a: Sneasler\n|move|p2b: Aerodactyl|Tailwind|p2b: Aerodactyl\n|-sidestart|p2: NathanaelW19|move: Tailwind\n|\n|upkeep\n|\n|t:|1776265862\n|switch|p2a: Heliolisk|Heliolisk, L50, F|100/100\n|switch|p1b: Floette|Floette-Eternal, L50, F|100/100\n|turn|3\n|\n|t:|1776265883\n|switch|p1a: Pelipper|Pelipper, L50, M|100/100\n|-weather|RainDance|[from] ability: Drizzle|[of] p1a: Pelipper\n|move|p2b: Aerodactyl|Dual Wingbeat|p1b: Floette\n|-damage|p1b: Floette|79/100\n|-damage|p1b: Floette|59/100\n|-hitcount|p1b: Floette|2\n|move|p2a: Heliolisk|Volt Switch|p1a: Pelipper\n|-supereffective|p1a: Pelipper|2\n|-enditem|p1a: Pelipper|Focus Sash\n|-damage|p1a: Pelipper|1/100\n|\n|t:|1776265885\n|switch|p2a: Emboar|Emboar, L50, F, shiny|100/100|[from] Volt Switch\n|move|p1b: Floette|Calm Mind|p1b: Floette\n|-boost|p1b: Floette|spa|1\n|-boost|p1b: Floette|spd|1\n|\n|-weather|RainDance|[upkeep]\n|upkeep\n|turn|4\n|inactive|Snoopyninenine has 30 seconds left.\n|\n|t:|1776265912\n|move|p1b: Floette|Protect|p1b: Floette\n|-singleturn|p1b: Floette|Protect\n|move|p2b: Aerodactyl|Rock Slide|p1a: Pelipper|[spread] p1a\n|-activate|p1b: Floette|move: Protect\n|-supereffective|p1a: Pelipper|1\n|-damage|p1a: Pelipper|0 fnt\n|faint|p1a: Pelipper\n|move|p2a: Emboar|Flare Blitz|p1b: Floette\n|-activate|p1b: Floette|move: Protect\n|\n|-weather|RainDance|[upkeep]\n|upkeep\n|\n|t:|1776265923\n|switch|p1a: Basculegion|Basculegion, L50, M|100/100\n|turn|5\n|\n|t:|1776265941\n|switch|p2a: Heliolisk|Heliolisk, L50, F|100/100\n|move|p2b: Aerodactyl|Dual Wingbeat|p1b: Floette\n|-damage|p1b: Floette|39/100\n|-damage|p1b: Floette|17/100\n|-hitcount|p1b: Floette|2\n|move|p1a: Basculegion|Wave Crash|p2a: Heliolisk\n|-immune|p2a: Heliolisk|[from] ability: Dry Skin\n|move|p1b: Floette|Dazzling Gleam|p2a: Heliolisk|[spread] p2a,p2b\n|-damage|p2a: Heliolisk|32/100\n|-damage|p2b: Aerodactyl|34/100\n|\n|-weather|RainDance|[upkeep]\n|-heal|p2a: Heliolisk|44/100|[from] ability: Dry Skin\n|-sideend|p2: NathanaelW19|move: Tailwind\n|upkeep\n|turn|6\n|\n|t:|1776265958\n|move|p2b: Aerodactyl|Protect|p2b: Aerodactyl\n|-singleturn|p2b: Aerodactyl|Protect\n|move|p1b: Floette|Protect|p1b: Floette\n|-singleturn|p1b: Floette|Protect\n|move|p1a: Basculegion|Wave Crash|p2b: Aerodactyl\n|-activate|p2b: Aerodactyl|move: Protect\n|move|p2a: Heliolisk|Hyper Voice|p1b: Floette|[spread] \n|-activate|p1b: Floette|move: Protect\n|-immune|p1a: Basculegion\n|\n|-weather|RainDance|[upkeep]\n|-heal|p2a: Heliolisk|57/100|[from] ability: Dry Skin\n|upkeep\n|turn|7\n|\n|t:|1776265975\n|detailschange|p1b: Floette|Floette-Mega, L50, F\n|-mega|p1b: Floette|Floette|Floettite\n|-ability|p1b: Floette|Fairy Aura\n|move|p1a: Basculegion|Wave Crash|p2b: Aerodactyl\n|-supereffective|p2b: Aerodactyl|1\n|-damage|p2b: Aerodactyl|0 fnt\n|faint|p2b: Aerodactyl\n|-damage|p1a: Basculegion|92/100|[from] Recoil\n|move|p2a: Heliolisk|Hyper Voice|p1b: Floette|[spread] p1b\n|-immune|p1a: Basculegion\n|-damage|p1b: Floette|0 fnt\n|faint|p1b: Floette\n|\n|-weather|none\n|upkeep\n|\n|t:|1776265985\n|switch|p2b: Emboar|Emboar, L50, F, shiny|100/100\n|turn|8\n|\n|t:|1776265991\n|detailschange|p2b: Emboar|Emboar-Mega, L50, F, shiny\n|-mega|p2b: Emboar|Emboar|Emboarite\n|-ability|p2b: Emboar|Mold Breaker\n|move|p2b: Emboar|Sucker Punch|p1a: Basculegion\n|-supereffective|p1a: Basculegion|1\n|-damage|p1a: Basculegion|21/100\n|move|p1a: Basculegion|Wave Crash|p2b: Emboar\n|-supereffective|p2b: Emboar|1\n|-damage|p2b: Emboar|0 fnt\n|faint|p2b: Emboar\n|-damage|p1a: Basculegion|0 fnt|[from] Recoil\n|faint|p1a: Basculegion\n|\n|win|NathanaelW19\n|raw|Snoopyninenine's rating: 1159 &rarr; <strong>1136</strong><br />(-23 for losing)\n|raw|NathanaelW19's rating: 1180 &rarr; <strong>1203</strong><br />(+23 for winning)\n",
  "uploadtime": 1776266000,
  "views": 20,
  "formatid": "gen9championsvgc2026regma",
  "rating": 1136,
  "private": 0,
  "password": null
}