{
  "id": "gen9championsvgc2026regma-2584838051",
  "format": "[Gen 9 Champions] VGC 2026 Reg M-A",
  "players": [
    "albedowo",
    "benjiapollo"
  ],
  "log": "|j|\u2606albedowo\n|j|\u2606benjiapollo\n|t:|1776287567\n|gametype|doubles\n|player|p1|albedowo|1|1175\n|player|p2|benjiapollo|giovanni|1203\n|gen|9\n|tier|[Gen 9 Champions] VGC 2026 Reg M-A\n|rated|\n|rule|Species Clause: Limit one of each Pok\u00e9mon\n|rule|Item Clause: Limit 1 of each item\n|clearpoke\n|poke|p1|Milotic, L50, F|\n|poke|p1|Incineroar, L50, F|\n|poke|p1|Garchomp, L50, F|\n|poke|p1|Delphox, L50, F|\n|poke|p1|Klefki, L50, F|\n|poke|p1|Scizor, L50, M|\n|poke|p2|Basculegion, L50, M|\n|poke|p2|Charizard, L50, F|\n|poke|p2|Kingambit, L50, F|\n|poke|p2|Sneasler, L50, F|\n|poke|p2|Venusaur, L50, M|\n|poke|p2|Talonflame, L50, M|\n|teampreview|4\n|inactive|Battle timer is ON: inactive players will automatically lose when time's up. (requested by albedowo)\n|\n|t:|1776287594\n|teamsize|p1|4\n|teamsize|p2|4\n|start\n|switch|p1a: Incineroar|Incineroar, L50, F|100/100\n|switch|p1b: Milotic|Milotic, L50, F, shiny|100/100\n|switch|p2a: Talonflame|Talonflame, L50, M|100/100\n|switch|p2b: Charizard|Charizard, L50, F|100/100\n|-ability|p1a: Incineroar|Intimidate|boost\n|-unboost|p2a: Talonflame|atk|1\n|-unboost|p2b: Charizard|atk|1\n|turn|1\n|\n|t:|1776287611\n|detailschange|p2b: Charizard|Charizard-Mega-X, L50, F\n|-mega|p2b: Charizard|Charizard|Charizardite X\n|move|p2a: Talonflame|Quick Guard|p2a: Talonflame\n|-singleturn|p2a: Talonflame|Quick Guard\n|move|p1a: Incineroar|Fake Out|p2b: Charizard\n|-activate|p2b: Charizard|move: Quick Guard\n|move|p2b: Charizard|Thunder Punch|p1b: Milotic\n|-supereffective|p1b: Milotic|1\n|-damage|p1b: Milotic|65/100\n|move|p1b: Milotic|Icy Wind|p2b: Charizard|[spread] p2a,p2b\n|-damage|p2a: Talonflame|84/100\n|-damage|p2b: Charizard|87/100\n|-unboost|p2a: Talonflame|spe|1\n|-unboost|p2b: Charizard|spe|1\n|\n|-heal|p1b: Milotic|71/100|[from] item: Leftovers\n|upkeep\n|turn|2\n|\n|t:|1776287628\n|switch|p2b: Kingambit|Kingambit, L50, F|100/100\n|move|p2a: Talonflame|Tailwind|p2a: Talonflame\n|-sidestart|p2: benjiapollo|move: Tailwind\n|move|p1b: Milotic|Icy Wind|p2a: Talonflame|[spread] p2b\n|-miss|p1b: Milotic|p2a: Talonflame\n|-resisted|p2b: Kingambit|1\n|-damage|p2b: Kingambit|96/100\n|-unboost|p2b: Kingambit|spe|1\n|-ability|p2b: Kingambit|Defiant|boost\n|-boost|p2b: Kingambit|atk|2\n|move|p1a: Incineroar|Parting Shot|p2b: Kingambit\n|-unboost|p2b: Kingambit|atk|1\n|-ability|p2b: Kingambit|Defiant|boost\n|-boost|p2b: Kingambit|atk|2\n|-unboost|p2b: Kingambit|spa|1\n|-ability|p2b: Kingambit|Defiant|boost\n|-boost|p2b: Kingambit|atk|2\n|\n|t:|1776287634\n|switch|p1a: Klefki|Klefki, L50, F, shiny|100/100|[from] Parting Shot\n|\n|-heal|p1b: Milotic|77/100|[from] item: Leftovers\n|upkeep\n|turn|3\n|inactive|benjiapollo has 30 seconds left.\n|\n|t:|1776287664\n|move|p1b: Milotic|Protect|p1b: Milotic\n|-singleturn|p1b: Milotic|Protect\n|move|p1a: Klefki|Thunder Wave|p2b: Kingambit\n|-hint|Since gen 7, Dark is immune to Prankster moves.\n|-immune|p2b: Kingambit\n|move|p2a: Talonflame|Flare Blitz|p1a: Klefki\n|-supereffective|p1a: Klefki|1\n|-damage|p1a: Klefki|33/100\n|-damage|p2a: Talonflame|61/100|[from] Recoil\n|move|p2b: Kingambit|Kowtow Cleave|p1b: Milotic\n|-activate|p1b: Milotic|move: Protect\n|\n|-heal|p1b: Milotic|83/100|[from] item: Leftovers\n|upkeep\n|turn|4\n|\n|t:|1776287682\n|move|p1a: Klefki|Reflect|p1a: Klefki\n|-sidestart|p1: albedowo|Reflect\n|move|p2a: Talonflame|Flare Blitz|p1a: Klefki\n|-supereffective|p1a: Klefki|1\n|-damage|p1a: Klefki|0 fnt\n|faint|p1a: Klefki\n|-damage|p2a: Talonflame|50/100|[from] Recoil\n|move|p1b: Milotic|Scald|p2b: Kingambit\n|-damage|p2b: Kingambit|68/100\n|move|p2b: Kingambit|Kowtow Cleave|p1b: Milotic\n|-damage|p1b: Milotic|0 fnt\n|faint|p1b: Milotic\n|\n|upkeep\n|\n|t:|1776287690\n|switch|p1b: Incineroar|Incineroar, L50, F|100/100\n|switch|p1a: Delphox|Delphox, L50, F, shiny|100/100\n|-ability|p1b: Incineroar|Intimidate|boost\n|-unboost|p2a: Talonflame|atk|1\n|-unboost|p2b: Kingambit|atk|1\n|-ability|p2b: Kingambit|Defiant|boost\n|-boost|p2b: Kingambit|atk|2\n|turn|5\n|\n|t:|1776287707\n|detailschange|p1a: Delphox|Delphox-Mega, L50, F, shiny\n|-mega|p1a: Delphox|Delphox|Delphoxite\n|move|p2a: Talonflame|Quick Guard|p2a: Talonflame\n|-singleturn|p2a: Talonflame|Quick Guard\n|move|p1b: Incineroar|Fake Out|p2a: Talonflame\n|-activate|p2a: Talonflame|move: Quick Guard\n|move|p2b: Kingambit|Sucker Punch|p1a: Delphox\n|-supereffective|p1a: Delphox|1\n|-damage|p1a: Delphox|0 fnt\n|faint|p1a: Delphox\n|\n|-sideend|p2: benjiapollo|move: Tailwind\n|upkeep\n|turn|6\n|-message|albedowo forfeited.\n|\n|win|benjiapollo\n|raw|albedowo's rating: 1175 &rarr; <strong>1152</strong><br />(-23 for losing)\n|raw|benjiapollo's rating: 1203 &rarr; <strong>1226</strong><br />(+23 for winning)\n|l|\u2606albedowo\n|player|p1|\n",
  "uploadtime": 1776287784,
  "views": 27,
  "formatid": "gen9championsvgc2026regma",
  "rating": 1152,
  "private": 0,
  "password": null
}