{
  "id": "gen9championsvgc2026regma-2582234550",
  "format": "[Gen 9 Champions] VGC 2026 Reg M-A",
  "players": [
    "sillysanch",
    "rick98"
  ],
  "log": "|j|\u2606sillysanch\n|j|\u2606rick98\n|t:|1776074406\n|gametype|doubles\n|player|p1|sillysanch|265|1043\n|player|p2|rick98|ethan|1076\n|gen|9\n|tier|[Gen 9 Champions] VGC 2026 Reg M-A\n|rated|\n|rule|Species Clause: Limit one of each Pok\u00e9mon\n|rule|Item Clause: Limit 1 of each item\n|clearpoke\n|poke|p1|Talonflame, L50, F|\n|poke|p1|Politoed, L50, M|\n|poke|p1|Meganium, L50, F|\n|poke|p1|Maushold, L50|\n|poke|p1|Basculegion, L50, M|\n|poke|p1|Goodra-Hisui, L50, F|\n|poke|p2|Talonflame, L50, F|\n|poke|p2|Garchomp, L50, F|\n|poke|p2|Gyarados, L50, F|\n|poke|p2|Floette-Eternal, L50, F|\n|poke|p2|Sneasler, L50, F|\n|poke|p2|Orthworm, L50, F|\n|teampreview|4\n|inactive|Battle timer is ON: inactive players will automatically lose when time's up. (requested by rick98)\n|inactive|sillysanch has 60 seconds left.\n|inactive|rick98 has 60 seconds left.\n|inactive|sillysanch has 30 seconds left.\n|inactive|rick98 has 30 seconds left.\n|inactive|sillysanch has 20 seconds left.\n|inactive|rick98 has 20 seconds left.\n|inactive|sillysanch has 15 seconds left.\n|inactive|rick98 has 15 seconds left.\n|inactive|sillysanch has 10 seconds left.\n|inactive|rick98 has 10 seconds left.\n|\n|t:|1776074491\n|teamsize|p1|4\n|teamsize|p2|4\n|start\n|switch|p1a: Talonflame|Talonflame, L50, F|100/100\n|switch|p1b: Politoed|Politoed, L50, M|100/100\n|switch|p2a: Floette|Floette-Eternal, L50, F|100/100\n|switch|p2b: Talonflame|Talonflame, L50, F|100/100\n|-weather|RainDance|[from] ability: Drizzle|[of] p1b: Politoed\n|turn|1\n|inactive|rick98 has 30 seconds left.\n|\n|t:|1776074521\n|detailschange|p2a: Floette|Floette-Mega, L50, F\n|-mega|p2a: Floette|Floette|Floettite\n|-ability|p2a: Floette|Fairy Aura\n|move|p2b: Talonflame|Tailwind|p2b: Talonflame\n|-sidestart|p2: rick98|move: Tailwind\n|move|p1a: Talonflame|Tailwind|p1a: Talonflame\n|-sidestart|p1: sillysanch|move: Tailwind\n|move|p2a: Floette|Calm Mind|p2a: Floette\n|-boost|p2a: Floette|spa|1\n|-boost|p2a: Floette|spd|1\n|move|p1b: Politoed|Weather Ball|p2a: Floette\n|-damage|p2a: Floette|76/100\n|\n|-weather|RainDance|[upkeep]\n|upkeep\n|turn|2\n|\n|t:|1776074540\n|move|p2a: Floette|Protect|p2a: Floette\n|-singleturn|p2a: Floette|Protect\n|move|p1a: Talonflame|Quick Guard|p1a: Talonflame\n|-singleturn|p1a: Talonflame|Quick Guard\n|move|p2b: Talonflame|Brave Bird|p1a: Talonflame\n|-activate|p1a: Talonflame|move: Quick Guard\n|move|p1b: Politoed|Muddy Water|p2b: Talonflame|[spread] \n|-activate|p2a: Floette|move: Protect\n|-miss|p1b: Politoed|p2b: Talonflame\n|\n|-weather|RainDance|[upkeep]\n|upkeep\n|turn|3\n|\n|t:|1776074564\n|switch|p2b: Sneasler|Sneasler, L50, F|100/100\n|move|p1a: Talonflame|Hurricane|p2a: Floette\n|-damage|p2a: Floette|51/100\n|-start|p2a: Floette|confusion\n|-activate|p2a: Floette|confusion\n|-damage|p2a: Floette|44/100|[from] confusion\n|move|p1b: Politoed|Weather Ball|p2a: Floette\n|-damage|p2a: Floette|20/100\n|\n|-weather|RainDance|[upkeep]\n|upkeep\n|turn|4\n|\n|t:|1776074581\n|move|p2b: Sneasler|Fake Out|p1a: Talonflame\n|-damage|p1a: Talonflame|79/100\n|cant|p1a: Talonflame|flinch\n|-activate|p2a: Floette|confusion\n|move|p2a: Floette|Moonblast|p1b: Politoed\n|-damage|p1b: Politoed|6/100\n|-enditem|p1b: Politoed|Sitrus Berry|[eat]\n|-heal|p1b: Politoed|30/100|[from] item: Sitrus Berry\n|move|p1b: Politoed|Muddy Water|p2b: Sneasler|[spread] p2b\n|-miss|p1b: Politoed|p2a: Floette\n|-damage|p2b: Sneasler|52/100\n|-unboost|p2b: Sneasler|accuracy|1\n|\n|-weather|RainDance|[upkeep]\n|-sideend|p2: rick98|move: Tailwind\n|-sideend|p1: sillysanch|move: Tailwind\n|upkeep\n|turn|5\n|inactive|sillysanch has 30 seconds left.\n|inactive|rick98 has 30 seconds left.\n|inactive|rick98 has 20 seconds left.\n|\n|t:|1776074620\n|switch|p2b: Garchomp|Garchomp, L50, F|100/100\n|move|p1a: Talonflame|Tailwind|p1a: Talonflame\n|-sidestart|p1: sillysanch|move: Tailwind\n|move|p1b: Politoed|Muddy Water|p2b: Garchomp|[spread] p2a,p2b\n|-damage|p2a: Floette|5/100\n|-damage|p2b: Garchomp|66/100\n|-unboost|p2a: Floette|accuracy|1\n|-activate|p2a: Floette|confusion\n|-damage|p2a: Floette|0 fnt|[from] confusion\n|faint|p2a: Floette\n|\n|-weather|none\n|upkeep\n|\n|t:|1776074632\n|switch|p2a: Talonflame|Talonflame, L50, F|100/100\n|turn|6\n|\n|t:|1776074647\n|move|p2a: Talonflame|Tailwind|p2a: Talonflame\n|-sidestart|p2: rick98|move: Tailwind\n|move|p2b: Garchomp|Rock Slide|p1b: Politoed|[spread] p1a\n|-miss|p2b: Garchomp|p1b: Politoed\n|-supereffective|p1a: Talonflame|2\n|-damage|p1a: Talonflame|0 fnt\n|faint|p1a: Talonflame\n|move|p1b: Politoed|Muddy Water|p2b: Garchomp|[spread] p2b\n|-miss|p1b: Politoed|p2a: Talonflame\n|-damage|p2b: Garchomp|44/100\n|-unboost|p2b: Garchomp|accuracy|1\n|\n|upkeep\n|\n|t:|1776074662\n|switch|p1a: Basculegion|Basculegion, L50, M|100/100\n|turn|7\n|\n|t:|1776074671\n|switch|p2b: Sneasler|Sneasler, L50, F|52/100\n|move|p1a: Basculegion|Aqua Jet|p2b: Sneasler\n|-damage|p2b: Sneasler|14/100\n|move|p2a: Talonflame|Will-O-Wisp|p1a: Basculegion\n|-status|p1a: Basculegion|brn\n|move|p1b: Politoed|Muddy Water|p2b: Sneasler|[spread] p2a,p2b\n|-supereffective|p2a: Talonflame|1\n|-damage|p2a: Talonflame|39/100\n|-damage|p2b: Sneasler|0 fnt\n|-unboost|p2a: Talonflame|accuracy|1\n|faint|p2b: Sneasler\n|\n|-damage|p1a: Basculegion|94/100 brn|[from] brn\n|upkeep\n|\n|t:|1776074685\n|switch|p2b: Garchomp|Garchomp, L50, F|44/100\n|turn|8\n|\n|t:|1776074705\n|move|p2a: Talonflame|Protect|p2a: Talonflame\n|-singleturn|p2a: Talonflame|Protect\n|move|p1b: Politoed|Protect|p1b: Politoed\n|-singleturn|p1b: Politoed|Protect\n|move|p1a: Basculegion|Aqua Jet|p2a: Talonflame\n|-activate|p2a: Talonflame|move: Protect\n|move|p2b: Garchomp|Earthquake|p1b: Politoed|[spread] p1a\n|-activate|p2a: Talonflame|move: Protect\n|-activate|p1b: Politoed|move: Protect\n|-damage|p1a: Basculegion|46/100 brn\n|\n|-damage|p1a: Basculegion|40/100 brn|[from] brn\n|-sideend|p1: sillysanch|move: Tailwind\n|upkeep\n|turn|9\n|\n|t:|1776074727\n|move|p2a: Talonflame|Protect|p2a: Talonflame\n|-singleturn|p2a: Talonflame|Protect\n|move|p1a: Basculegion|Aqua Jet|p2a: Talonflame\n|-activate|p2a: Talonflame|move: Protect\n|move|p2b: Garchomp|Earthquake|p1b: Politoed|[spread] p1a,p1b\n|-activate|p2a: Talonflame|move: Protect\n|-damage|p1a: Basculegion|0 fnt\n|-damage|p1b: Politoed|0 fnt\n|faint|p1a: Basculegion\n|faint|p1b: Politoed\n|\n|-sideend|p2: rick98|move: Tailwind\n|upkeep\n|c|\u2606sillysanch|wow\n|\n|t:|1776074745\n|switch|p1b: Goodra|Goodra-Hisui, L50, F|100/100\n|turn|10\n|c|\u2606rick98|what is happening with this game...\n|\n|t:|1776074761\n|move|p2b: Garchomp|Earthquake|p1b: Goodra|[spread] p1b\n|-immune|p2a: Talonflame\n|-supereffective|p1b: Goodra|1\n|-damage|p1b: Goodra|19/100\n|move|p2a: Talonflame|Will-O-Wisp|p1b: Goodra|[miss]\n|-miss|p2a: Talonflame|p1b: Goodra\n|move|p1b: Goodra|Dragon Pulse|p2b: Garchomp\n|-supereffective|p2b: Garchomp|1\n|-damage|p2b: Garchomp|0 fnt\n|faint|p2b: Garchomp\n|\n|upkeep\n|turn|11\n|\n|t:|1776074777\n|move|p2a: Talonflame|Brave Bird|p1b: Goodra\n|-resisted|p1b: Goodra|1\n|-damage|p1b: Goodra|0 fnt\n|faint|p1b: Goodra\n|-damage|p2a: Talonflame|32/100|[from] Recoil\n|\n|win|rick98\n|raw|sillysanch's rating: 1043 &rarr; <strong>1028</strong><br />(-15 for losing)\n|raw|rick98's rating: 1076 &rarr; <strong>1102</strong><br />(+26 for winning)\n|l|\u2606sillysanch\n|player|p1|\n",
  "uploadtime": 1776074793,
  "views": 18,
  "formatid": "gen9championsvgc2026regma",
  "rating": 1028,
  "private": 0,
  "password": null
}