{
  "id": "gen9championsvgc2026regma-2581374855",
  "format": "[Gen 9 Champions] VGC 2026 Reg M-A",
  "players": [
    "1200 elo player",
    "zawaray"
  ],
  "log": "|j|\u26061200 elo player\n|j|\u2606zawaray\n|t:|1775993403\n|gametype|doubles\n|player|p1|1200 elo player|170|1040\n|player|p2|zawaray|cynthia-gen4|1037\n|gen|9\n|tier|[Gen 9 Champions] VGC 2026 Reg M-A\n|rated|\n|rule|Species Clause: Limit one of each Pok\u00e9mon\n|rule|Item Clause: Limit 1 of each item\n|clearpoke\n|poke|p1|Whimsicott, L50, F|\n|poke|p1|Charizard, L50, F|\n|poke|p1|Basculegion, L50, M|\n|poke|p1|Maushold-Four, L50|\n|poke|p1|Aerodactyl, L50, F|\n|poke|p1|Kingambit, L50, M|\n|poke|p2|Charizard, L50, M|\n|poke|p2|Venusaur, L50, F|\n|poke|p2|Garchomp, L50, M|\n|poke|p2|Whimsicott, L50, F|\n|poke|p2|Sneasler, L50, F|\n|poke|p2|Incineroar, L50, M|\n|teampreview|4\n|inactive|Battle timer is ON: inactive players will automatically lose when time's up. (requested by 1200 elo player)\n|\n|t:|1775993450\n|teamsize|p1|4\n|teamsize|p2|4\n|start\n|switch|p1a: Aerodactyl|Aerodactyl, L50, F, shiny|100/100\n|switch|p1b: Whimsicott|Whimsicott, L50, F, shiny|100/100\n|switch|p2a: Gabo|Garchomp, L50, M|100/100\n|switch|p2b: Kaiji|Incineroar, L50, M|100/100\n|-ability|p1a: Aerodactyl|Unnerve\n|-ability|p2b: Kaiji|Intimidate|boost\n|-unboost|p1a: Aerodactyl|atk|1\n|-unboost|p1b: Whimsicott|atk|1\n|turn|1\n|\n|t:|1775993470\n|move|p2b: Kaiji|Helping Hand|p2a: Gabo\n|-singleturn|p2a: Gabo|Helping Hand|[of] p2b: Kaiji\n|move|p1a: Aerodactyl|Protect|p1a: Aerodactyl\n|-singleturn|p1a: Aerodactyl|Protect\n|move|p1b: Whimsicott|Moonblast|p2a: Gabo\n|-supereffective|p2a: Gabo|1\n|-damage|p2a: Gabo|42/100\n|-unboost|p2a: Gabo|spa|1\n|move|p2a: Gabo|Rock Slide|p1a: Aerodactyl|[spread] p1b\n|-activate|p1a: Aerodactyl|move: Protect\n|-damage|p1b: Whimsicott|55/100\n|\n|upkeep\n|turn|2\n|\n|t:|1775993493\n|switch|p2a: Ivysaur!|Venusaur, L50, F|100/100\n|move|p1a: Aerodactyl|Rock Slide|p2a: Ivysaur!|[spread] p2a,p2b\n|-supereffective|p2b: Kaiji|1\n|-damage|p2a: Ivysaur!|77/100\n|-damage|p2b: Kaiji|74/100\n|move|p1b: Whimsicott|Moonblast|p2a: Ivysaur!\n|-resisted|p2a: Ivysaur!|1\n|-damage|p2a: Ivysaur!|56/100\n|-unboost|p2a: Ivysaur!|spa|1\n|cant|p2b: Kaiji|flinch\n|\n|upkeep\n|turn|3\n|\n|t:|1775993510\n|move|p1b: Whimsicott|Tailwind|p1b: Whimsicott\n|-sidestart|p1: 1200 elo player|move: Tailwind\n|move|p1a: Aerodactyl|Dual Wingbeat|p2a: Ivysaur!\n|-supereffective|p2a: Ivysaur!|1\n|-damage|p2a: Ivysaur!|25/100\n|-supereffective|p2a: Ivysaur!|1\n|-damage|p2a: Ivysaur!|0 fnt\n|faint|p2a: Ivysaur!\n|-hitcount|p2: Ivysaur!|2\n|move|p2b: Kaiji|Parting Shot|p1a: Aerodactyl\n|-unboost|p1a: Aerodactyl|atk|1\n|-unboost|p1a: Aerodactyl|spa|1\n|\n|t:|1775993524\n|switch|p2b: Gabo|Garchomp, L50, M|42/100|[from] Parting Shot\n|\n|upkeep\n|\n|t:|1775993528\n|switch|p2a: Kaiji|Incineroar, L50, M|74/100\n|-ability|p2a: Kaiji|Intimidate|boost\n|-unboost|p1a: Aerodactyl|atk|1\n|-unboost|p1b: Whimsicott|atk|1\n|turn|4\n|\n|t:|1775993540\n|switch|p1a: Basculegion|Basculegion, L50, M, shiny|100/100\n|move|p1b: Whimsicott|Protect|p1b: Whimsicott\n|-singleturn|p1b: Whimsicott|Protect\n|move|p2b: Gabo|Rock Slide|p1b: Whimsicott|[spread] p1a\n|-activate|p1b: Whimsicott|move: Protect\n|-damage|p1a: Basculegion|73/100\n|move|p2a: Kaiji|Flare Blitz|p1b: Whimsicott\n|-activate|p1b: Whimsicott|move: Protect\n|\n|upkeep\n|turn|5\n|\n|t:|1775993557\n|move|p1a: Basculegion|Flip Turn|p2a: Kaiji\n|-supereffective|p2a: Kaiji|1\n|-damage|p2a: Kaiji|8/100\n|-enditem|p2a: Kaiji|Sitrus Berry|[eat]\n|-heal|p2a: Kaiji|33/100|[from] item: Sitrus Berry\n|\n|t:|1775993563\n|switch|p1a: Aerodactyl|Aerodactyl, L50, F, shiny|100/100|[from] Flip Turn\n|-ability|p1a: Aerodactyl|Unnerve\n|move|p1b: Whimsicott|Moonblast|p2b: Gabo\n|-supereffective|p2b: Gabo|1\n|-damage|p2b: Gabo|0 fnt\n|faint|p2b: Gabo\n|move|p2a: Kaiji|Parting Shot|p1a: Aerodactyl\n|-unboost|p1a: Aerodactyl|atk|1\n|-unboost|p1a: Aerodactyl|spa|1\n|\n|t:|1775993573\n|switch|p2a: Luis Miguel|Charizard, L50, M, shiny|100/100|[from] Parting Shot\n|\n|upkeep\n|\n|t:|1775993576\n|switch|p2b: Kaiji|Incineroar, L50, M|33/100\n|-ability|p2b: Kaiji|Intimidate|boost\n|-unboost|p1a: Aerodactyl|atk|1\n|-unboost|p1b: Whimsicott|atk|1\n|turn|6\n|\n|t:|1775993600\n|detailschange|p2a: Luis Miguel|Charizard-Mega-Y, L50, M, shiny\n|-mega|p2a: Luis Miguel|Charizard|Charizardite Y\n|-weather|SunnyDay|[from] ability: Drought|[of] p2a: Luis Miguel\n|move|p1b: Whimsicott|Protect|p1b: Whimsicott\n|-singleturn|p1b: Whimsicott|Protect\n|move|p1a: Aerodactyl|Protect|p1a: Aerodactyl\n|-singleturn|p1a: Aerodactyl|Protect\n|move|p2b: Kaiji|Fake Out|p1a: Aerodactyl\n|-activate|p1a: Aerodactyl|move: Protect\n|move|p2a: Luis Miguel|Heat Wave|p1b: Whimsicott|[spread] \n|-activate|p1a: Aerodactyl|move: Protect\n|-activate|p1b: Whimsicott|move: Protect\n|\n|-weather|SunnyDay|[upkeep]\n|-sideend|p1: 1200 elo player|move: Tailwind\n|upkeep\n|turn|7\n|\n|t:|1775993622\n|move|p2b: Kaiji|Helping Hand|p2a: Luis Miguel\n|-singleturn|p2a: Luis Miguel|Helping Hand|[of] p2b: Kaiji\n|move|p1b: Whimsicott|Tailwind|p1b: Whimsicott\n|-sidestart|p1: 1200 elo player|move: Tailwind\n|move|p1a: Aerodactyl|Rock Slide|p2b: Kaiji|[spread] p2a,p2b\n|-supereffective|p2a: Luis Miguel|2\n|-supereffective|p2b: Kaiji|1\n|-damage|p2a: Luis Miguel|36/100\n|-damage|p2b: Kaiji|11/100\n|move|p2a: Luis Miguel|Solar Beam||[still]\n|-prepare|p2a: Luis Miguel|Solar Beam\n|-anim|p2a: Luis Miguel|Solar Beam|p1a: Aerodactyl\n|-damage|p1a: Aerodactyl|0 fnt\n|faint|p1a: Aerodactyl\n|\n|-weather|SunnyDay|[upkeep]\n|upkeep\n|\n|t:|1775993635\n|switch|p1a: Charizard|Charizard, L50, F|100/100\n|turn|8\n|\n|t:|1775993647\n|detailschange|p1a: Charizard|Charizard-Mega-Y, L50, F\n|-mega|p1a: Charizard|Charizard|Charizardite Y\n|move|p1b: Whimsicott|Encore|p2a: Luis Miguel\n|-start|p2a: Luis Miguel|Encore\n|move|p1a: Charizard|Heat Wave|p2b: Kaiji|[spread] p2a\n|-miss|p1a: Charizard|p2b: Kaiji\n|-resisted|p2a: Luis Miguel|1\n|-damage|p2a: Luis Miguel|3/100\n|move|p2a: Luis Miguel|Solar Beam||[still]\n|-prepare|p2a: Luis Miguel|Solar Beam\n|-anim|p2a: Luis Miguel|Solar Beam|p1b: Whimsicott\n|-resisted|p1b: Whimsicott|1\n|-damage|p1b: Whimsicott|15/100\n|move|p2b: Kaiji|Parting Shot|p1a: Charizard\n|-unboost|p1a: Charizard|atk|1\n|-unboost|p1a: Charizard|spa|1\n|\n|-weather|SunnyDay|[upkeep]\n|upkeep\n|turn|9\n|\n|t:|1775993671\n|move|p1b: Whimsicott|Moonblast|p2b: Kaiji\n|-damage|p2b: Kaiji|0 fnt\n|faint|p2b: Kaiji\n|move|p1a: Charizard|Heat Wave|p2a: Luis Miguel\n|-resisted|p2a: Luis Miguel|1\n|-damage|p2a: Luis Miguel|0 fnt\n|faint|p2a: Luis Miguel\n|\n|win|1200 elo player\n|raw|1200 elo player's rating: 1040 &rarr; <strong>1074</strong><br />(+34 for winning)\n|raw|zawaray's rating: 1037 &rarr; <strong>1022</strong><br />(-15 for losing)\n|l|\u2606zawaray\n|player|p2|\n",
  "uploadtime": 1775993691,
  "views": 17,
  "formatid": "gen9championsvgc2026regma",
  "rating": 1022,
  "private": 0,
  "password": null
}