{
  "id": "gen9championsvgc2026regma-2582258149",
  "format": "[Gen 9 Champions] VGC 2026 Reg M-A",
  "players": [
    "emaster2048",
    "touch grass"
  ],
  "log": "|j|\u2606emaster2048\n|j|\u2606touch grass\n|t:|1776076988\n|gametype|doubles\n|player|p1|emaster2048|elesa|1066\n|player|p2|touch grass|backpacker|1133\n|gen|9\n|tier|[Gen 9 Champions] VGC 2026 Reg M-A\n|rated|\n|rule|Species Clause: Limit one of each Pok\u00e9mon\n|rule|Item Clause: Limit 1 of each item\n|clearpoke\n|poke|p1|Beedrill, L50, F|\n|poke|p1|Farigiraf, L50, F|\n|poke|p1|Aerodactyl, L50, F|\n|poke|p1|Greninja-*, L50, F|\n|poke|p1|Incineroar, L50, F|\n|poke|p1|Kingambit, L50, M|\n|poke|p2|Garchomp, L50, F|\n|poke|p2|Sneasler, L50, M|\n|poke|p2|Incineroar, L50, M|\n|poke|p2|Gardevoir, L50, F|\n|poke|p2|Rotom-Wash, L50|\n|poke|p2|Pelipper, L50, F|\n|teampreview|4\n|inactive|Battle timer is ON: inactive players will automatically lose when time's up. (requested by touch grass)\n|\n|t:|1776077007\n|teamsize|p1|4\n|teamsize|p2|4\n|start\n|switch|p1a: Greninja|Greninja, L50, F|100/100\n|switch|p1b: Incineroar|Incineroar, L50, F|100/100\n|switch|p2a: Pelipper|Pelipper, L50, F|100/100\n|switch|p2b: Rotom|Rotom-Wash, L50|100/100\n|-weather|RainDance|[from] ability: Drizzle|[of] p2a: Pelipper\n|-ability|p1b: Incineroar|Intimidate|boost\n|-unboost|p2a: Pelipper|atk|1\n|-unboost|p2b: Rotom|atk|1\n|turn|1\n|\n|t:|1776077020\n|move|p1b: Incineroar|Fake Out|p2b: Rotom\n|-damage|p2b: Rotom|82/100\n|move|p1a: Greninja|Sludge Wave|p2a: Pelipper|[spread] p1b,p2a,p2b\n|-start|p1a: Greninja|typechange|Poison|[from] ability: Protean\n|-damage|p1b: Incineroar|72/100\n|-damage|p2a: Pelipper|57/100\n|-damage|p2b: Rotom|39/100\n|cant|p2b: Rotom|flinch\n|move|p2a: Pelipper|Tailwind|p2a: Pelipper\n|-sidestart|p2: touch grass|move: Tailwind\n|\n|-weather|RainDance|[upkeep]\n|upkeep\n|turn|2\n|\n|t:|1776077038\n|move|p1b: Incineroar|Protect|p1b: Incineroar\n|-singleturn|p1b: Incineroar|Protect\n|move|p2b: Rotom|Thunder|p1a: Greninja\n|-damage|p1a: Greninja|18/100\n|-status|p1a: Greninja|par\n|move|p2a: Pelipper|Hydro Pump|p1b: Incineroar\n|-activate|p1b: Incineroar|move: Protect\n|move|p1a: Greninja|Sludge Wave|p2a: Pelipper|[spread] p2a,p2b\n|-activate|p1b: Incineroar|move: Protect\n|-damage|p2a: Pelipper|14/100\n|-damage|p2b: Rotom|0 fnt\n|faint|p2b: Rotom\n|\n|-weather|RainDance|[upkeep]\n|upkeep\n|\n|t:|1776077045\n|switch|p2b: Garchomp|Garchomp, L50, F|100/100\n|turn|3\n|\n|t:|1776077061\n|switch|p1b: Farigiraf|Farigiraf, L50, F|100/100\n|move|p2b: Garchomp|Earthquake|p1a: Greninja|[spread] p1a,p1b\n|-immune|p2a: Pelipper\n|-supereffective|p1a: Greninja|1\n|-damage|p1a: Greninja|0 fnt\n|-damage|p1b: Farigiraf|66/100\n|faint|p1a: Greninja\n|move|p2a: Pelipper|Hydro Pump|p1b: Farigiraf\n|-damage|p1b: Farigiraf|19/100\n|-enditem|p1b: Farigiraf|Sitrus Berry|[eat]\n|-heal|p1b: Farigiraf|43/100|[from] item: Sitrus Berry\n|\n|-weather|RainDance|[upkeep]\n|upkeep\n|\n|t:|1776077068\n|switch|p1a: Incineroar|Incineroar, L50, F|72/100\n|-ability|p1a: Incineroar|Intimidate|boost\n|-unboost|p2a: Pelipper|atk|1\n|-unboost|p2b: Garchomp|atk|1\n|turn|4\n|inactive|touch grass has 30 seconds left.\n|\n|t:|1776077105\n|move|p2a: Pelipper|Protect|p2a: Pelipper\n|-singleturn|p2a: Pelipper|Protect\n|move|p1a: Incineroar|Fake Out|p2b: Garchomp\n|-damage|p2b: Garchomp|86/100\n|cant|p2b: Garchomp|flinch\n|move|p1b: Farigiraf|Hyper Voice|p2b: Garchomp|[spread] p2b\n|-activate|p2a: Pelipper|move: Protect\n|-damage|p2b: Garchomp|58/100\n|\n|-weather|RainDance|[upkeep]\n|-sideend|p2: touch grass|move: Tailwind\n|upkeep\n|turn|5\n|\n|t:|1776077119\n|move|p1a: Incineroar|Protect|p1a: Incineroar\n|-singleturn|p1a: Incineroar|Protect\n|move|p2b: Garchomp|Earthquake|p1b: Farigiraf|[spread] p1b\n|-activate|p1a: Incineroar|move: Protect\n|-immune|p2a: Pelipper\n|-damage|p1b: Farigiraf|21/100\n|move|p2a: Pelipper|Hydro Pump|p1b: Farigiraf\n|-damage|p1b: Farigiraf|0 fnt\n|faint|p1b: Farigiraf\n|\n|-weather|none\n|upkeep\n|\n|t:|1776077130\n|switch|p1b: Beedrill|Beedrill, L50, F, shiny|100/100\n|turn|6\n|inactive|emaster2048 has 30 seconds left.\n|inactive|touch grass has 30 seconds left.\n|inactive|touch grass has 20 seconds left.\n|\n|t:|1776077166\n|switch|p2b: Sneasler|Sneasler, L50, M|100/100\n|-ability|p2b: Sneasler|Pressure\n|detailschange|p1b: Beedrill|Beedrill-Mega, L50, F, shiny\n|-mega|p1b: Beedrill|Beedrill|Beedrillite\n|move|p1b: Beedrill|U-turn|p2b: Sneasler\n|-resisted|p2b: Sneasler|2\n|-damage|p2b: Sneasler|76/100\n|move|p2a: Pelipper|Hydro Pump|p1a: Incineroar\n|-supereffective|p1a: Incineroar|1\n|-damage|p1a: Incineroar|0 fnt\n|faint|p1a: Incineroar\n|\n|upkeep\n|turn|7\n|\n|t:|1776077182\n|move|p2b: Sneasler|Fake Out|p1b: Beedrill\n|-damage|p1b: Beedrill|64/100\n|cant|p1b: Beedrill|flinch\n|move|p2a: Pelipper|Hurricane|p1b: Beedrill\n|-supereffective|p1b: Beedrill|1\n|-damage|p1b: Beedrill|0 fnt\n|faint|p1b: Beedrill\n|\n|win|touch grass\n|raw|emaster2048's rating: 1066 &rarr; <strong>1050</strong><br />(-16 for losing)\n|raw|touch grass's rating: 1133 &rarr; <strong>1153</strong><br />(+20 for winning)\n",
  "uploadtime": 1776077186,
  "views": 12,
  "formatid": "gen9championsvgc2026regma",
  "rating": 1050,
  "private": 0,
  "password": null
}