{
  "id": "gen9championsvgc2026regma-2583594186",
  "format": "[Gen 9 Champions] VGC 2026 Reg M-A",
  "players": [
    "Orpxed",
    "ZBA1062"
  ],
  "log": "|j|\u2606Orpxed\n|j|\u2606ZBA1062\n|t:|1776185417\n|gametype|doubles\n|player|p1|Orpxed|102|\n|player|p2|ZBA1062|169|\n|gen|9\n|tier|[Gen 9 Champions] VGC 2026 Reg M-A\n|rule|Species Clause: Limit one of each Pok\u00e9mon\n|rule|Item Clause: Limit 1 of each item\n|clearpoke\n|poke|p1|Whimsicott, L50, F|\n|poke|p1|Garchomp, L50, F|\n|poke|p1|Archaludon, L50, M|\n|poke|p1|Pelipper, L50, F|\n|poke|p1|Basculegion, L50, M|\n|poke|p1|Charizard, L50, M|\n|poke|p2|Aggron, L50, M|\n|poke|p2|Abomasnow, L50, F|\n|poke|p2|Ceruledge, L50, F|\n|poke|p2|Floette-Eternal, L50, F|\n|poke|p2|Gardevoir, L50, F|\n|poke|p2|Greninja-*, L50, F|\n|teampreview|4\n|inactive|Battle timer is ON: inactive players will automatically lose when time's up. (requested by Orpxed)\n|\n|t:|1776185433\n|teamsize|p1|4\n|teamsize|p2|4\n|start\n|switch|p1a: Charizard|Charizard, L50, M, shiny|100/100\n|switch|p1b: Garchomp|Garchomp, L50, F, shiny|100/100\n|switch|p2a: luma|Gardevoir, L50, F, shiny|100/100\n|switch|p2b: frogee|Greninja, L50, F, shiny|100/100\n|-ability|p2a: luma|Rough Skin|Trace|[from] ability: Trace|[of] p1b: Garchomp\n|turn|1\n|inactive|ZBA1062 has 30 seconds left.\n|\n|t:|1776185460\n|detailschange|p2b: frogee|Greninja-Mega, L50, F, shiny\n|-mega|p2b: frogee|Greninja|Greninjite\n|detailschange|p1a: Charizard|Charizard-Mega-Y, L50, M, shiny\n|-mega|p1a: Charizard|Charizard|Charizardite Y\n|-weather|SunnyDay|[from] ability: Drought|[of] p1a: Charizard\n|move|p1b: Garchomp|Protect|p1b: Garchomp\n|-singleturn|p1b: Garchomp|Protect\n|move|p2b: frogee|Hydro Pump|p1a: Charizard\n|-start|p2b: frogee|typechange|Water|[from] ability: Protean\n|-supereffective|p1a: Charizard|1\n|-damage|p1a: Charizard|44/100\n|move|p1a: Charizard|Solar Beam||[still]\n|-prepare|p1a: Charizard|Solar Beam\n|-anim|p1a: Charizard|Solar Beam|p2b: frogee\n|-supereffective|p2b: frogee|1\n|-crit|p2b: frogee\n|-damage|p2b: frogee|0 fnt\n|faint|p2b: frogee\n|move|p2a: luma|Moonblast|p1b: Garchomp\n|-activate|p1b: Garchomp|move: Protect\n|\n|-weather|SunnyDay|[upkeep]\n|upkeep\n|\n|t:|1776185480\n|switch|p2b: charie|Ceruledge, L50, F, shiny|100/100\n|turn|2\n|\n|t:|1776185490\n|switch|p1a: Pelipper|Pelipper, L50, F, shiny|100/100\n|-weather|RainDance|[from] ability: Drizzle|[of] p1a: Pelipper\n|switch|p1b: Archaludon|Archaludon, L50, M, shiny|100/100\n|move|p2b: charie|Poltergeist|p1a: Pelipper\n|-activate|p1a: Pelipper|move: Poltergeist|Focus Sash\n|-damage|p1a: Pelipper|40/100\n|move|p2a: luma|Encore||[still]\n|-fail|p2a: luma\n|\n|-weather|RainDance|[upkeep]\n|upkeep\n|turn|3\n|inactive|ZBA1062 has 30 seconds left.\n|inactive|ZBA1062 has 20 seconds left.\n|inactive|ZBA1062 has 15 seconds left.\n|\n|t:|1776185533\n|move|p2b: charie|Bitter Blade|p1a: Pelipper\n|-resisted|p1a: Pelipper|1\n|-damage|p1a: Pelipper|26/100\n|move|p2a: luma|Moonblast|p1a: Pelipper\n|-damage|p1a: Pelipper|0 fnt\n|faint|p1a: Pelipper\n|move|p1b: Archaludon|Electro Shot||[still]\n|-prepare|p1b: Archaludon|Electro Shot\n|-boost|p1b: Archaludon|spa|1\n|-anim|p1b: Archaludon|Electro Shot|p2b: charie\n|-damage|p2b: charie|16/100\n|\n|-weather|RainDance|[upkeep]\n|upkeep\n|\n|t:|1776185552\n|switch|p1a: Charizard|Charizard-Mega-Y, L50, M, shiny|44/100\n|-weather|SunnyDay|[from] ability: Drought|[of] p1a: Charizard\n|turn|4\n|inactive|ZBA1062 has 30 seconds left.\n|\n|t:|1776185577\n|switch|p2b: Flora|Floette-Eternal, L50, F, shiny|100/100\n|move|p1a: Charizard|Rock Slide|p2a: luma|[spread] p2a,p2b\n|-damage|p2a: luma|80/100\n|-damage|p2b: Flora|80/100\n|move|p2a: luma|Moonblast|p1a: Charizard\n|-resisted|p1a: Charizard|1\n|-damage|p1a: Charizard|19/100\n|-unboost|p1a: Charizard|spa|1\n|move|p1b: Archaludon|Flash Cannon|p2a: luma\n|-supereffective|p2a: luma|1\n|-damage|p2a: luma|0 fnt\n|faint|p2a: luma\n|\n|-weather|SunnyDay|[upkeep]\n|upkeep\n|\n|t:|1776185592\n|switch|p2a: charie|Ceruledge, L50, F, shiny|16/100\n|turn|5\n|\n|t:|1776185614\n|switch|p1a: Garchomp|Garchomp, L50, F, shiny|100/100\n|move|p1b: Archaludon|Protect|p1b: Archaludon\n|-singleturn|p1b: Archaludon|Protect\n|move|p2a: charie|Bitter Blade|p1a: Garchomp\n|-resisted|p1a: Garchomp|1\n|-damage|p1a: Garchomp|58/100\n|-heal|p2a: charie|42/100|[from] drain|[of] p1a: Garchomp\n|-damage|p2a: charie|30/100|[from] ability: Rough Skin|[of] p1a: Garchomp\n|move|p2b: Flora|Light of Ruin|p1b: Archaludon\n|-activate|p1b: Archaludon|move: Protect\n|\n|-weather|SunnyDay|[upkeep]\n|upkeep\n|turn|6\n|inactive|ZBA1062 has 30 seconds left.\n|\n|t:|1776185652\n|move|p2a: charie|Bitter Blade|p1a: Garchomp\n|-resisted|p1a: Garchomp|1\n|-damage|p1a: Garchomp|15/100\n|-heal|p2a: charie|58/100|[from] drain|[of] p1a: Garchomp\n|-damage|p2a: charie|46/100|[from] ability: Rough Skin|[of] p1a: Garchomp\n|move|p1a: Garchomp|Dragon Claw|p2a: charie\n|-damage|p2a: charie|0 fnt\n|faint|p2a: charie\n|move|p2b: Flora|Endeavor|p1b: Archaludon\n|-damage|p1b: Archaludon|73/100\n|-ability|p1b: Archaludon|Stamina|boost\n|-boost|p1b: Archaludon|def|1\n|move|p1b: Archaludon|Flash Cannon|p2b: Flora\n|-supereffective|p2b: Flora|1\n|-damage|p2b: Flora|0 fnt\n|faint|p2b: Flora\n|\n|win|Orpxed\n|l|\u2606ZBA1062\n|player|p2|\n",
  "uploadtime": 1776185692,
  "views": 12,
  "formatid": "gen9championsvgc2026regma",
  "rating": null,
  "private": 0,
  "password": null
}