{
  "id": "gen9championsvgc2026regma-2583010747",
  "format": "[Gen 9 Champions] VGC 2026 Reg M-A",
  "players": [
    "JayTodd13",
    "ThePeasent"
  ],
  "log": "|j|\u2606JayTodd13\n|j|\u2606ThePeasent\n|t:|1776133110\n|gametype|doubles\n|player|p1|JayTodd13|1|1270\n|player|p2|ThePeasent|gloria-dojo|1260\n|gen|9\n|tier|[Gen 9 Champions] VGC 2026 Reg M-A\n|rated|\n|rule|Species Clause: Limit one of each Pok\u00e9mon\n|rule|Item Clause: Limit 1 of each item\n|clearpoke\n|poke|p1|Sneasler, L50, F|\n|poke|p1|Tyranitar, L50, F|\n|poke|p1|Rotom-Wash, L50|\n|poke|p1|Whimsicott, L50, M|\n|poke|p1|Floette-Eternal, L50, F|\n|poke|p1|Incineroar, L50, M|\n|poke|p2|Glimmora, L50, M|\n|poke|p2|Tyranitar, L50, F|\n|poke|p2|Excadrill, L50, M|\n|poke|p2|Milotic, L50, M|\n|poke|p2|Sneasler, L50, F|\n|poke|p2|Rotom-Wash, L50|\n|teampreview|4\n|inactive|Battle timer is ON: inactive players will automatically lose when time's up. (requested by ThePeasent)\nThePeasent has agreed to open team sheets.\n|inactive|ThePeasent has 60 seconds left.\n|\n|t:|1776133146\n|teamsize|p1|4\n|teamsize|p2|4\n|start\n|switch|p1a: Rotom|Rotom-Wash, L50|100/100\n|switch|p1b: Whimsicott|Whimsicott, L50, M|100/100\n|switch|p2a: Rotom|Rotom-Wash, L50|100/100\n|switch|p2b: Sneasler|Sneasler, L50, F|100/100\n|-ability|p2b: Sneasler|Pressure\n|turn|1\n|\n|t:|1776133162\n|move|p2b: Sneasler|Fake Out|p1b: Whimsicott\n|-damage|p1b: Whimsicott|81/100\n|cant|p1b: Whimsicott|flinch\n|move|p1a: Rotom|Electroweb|p2a: Rotom|[spread] p2a,p2b\n|-damage|p2a: Rotom|81/100\n|-damage|p2b: Sneasler|77/100\n|-unboost|p2a: Rotom|spe|1\n|-unboost|p2b: Sneasler|spe|1\n|-enditem|p2b: Sneasler|White Herb\n|-clearnegativeboost|p2b: Sneasler|[silent]\n|move|p2a: Rotom|Electroweb|p1b: Whimsicott|[spread] p1a,p1b\n|-resisted|p1b: Whimsicott|1\n|-damage|p1a: Rotom|79/100\n|-damage|p1b: Whimsicott|70/100\n|-unboost|p1a: Rotom|spe|1\n|-unboost|p1b: Whimsicott|spe|1\n|\n|upkeep\n|turn|2\n|\n|t:|1776133178\n|move|p1b: Whimsicott|Encore|p2b: Sneasler\n|-start|p2b: Sneasler|Encore\n|move|p2b: Sneasler|Fake Out||[still]\n|-hint|Fake Out only works on your first turn out.\n|-fail|p2b: Sneasler\n|move|p1a: Rotom|Electroweb|p2b: Sneasler|[spread] p2a,p2b\n|-damage|p2a: Rotom|64/100\n|-damage|p2b: Sneasler|51/100\n|-unboost|p2a: Rotom|spe|1\n|-unboost|p2b: Sneasler|spe|1\n|move|p2a: Rotom|Electroweb|p1a: Rotom|[spread] p1a,p1b\n|-resisted|p1b: Whimsicott|1\n|-damage|p1a: Rotom|60/100\n|-damage|p1b: Whimsicott|59/100\n|-unboost|p1a: Rotom|spe|1\n|-unboost|p1b: Whimsicott|spe|1\n|\n|upkeep\n|turn|3\n|\n|t:|1776133198\n|switch|p2b: Excadrill|Excadrill, L50, M|100/100\n|switch|p1a: Sneasler|Sneasler, L50, F|100/100\n|move|p1b: Whimsicott|Moonblast|p2b: Excadrill\n|-resisted|p2b: Excadrill|1\n|-crit|p2b: Excadrill\n|-damage|p2b: Excadrill|73/100\n|move|p2a: Rotom|Electroweb|p1a: Sneasler|[spread] p1a,p1b\n|-resisted|p1b: Whimsicott|1\n|-damage|p1a: Sneasler|79/100\n|-damage|p1b: Whimsicott|49/100\n|-unboost|p1a: Sneasler|spe|1\n|-unboost|p1b: Whimsicott|spe|1\n|-enditem|p1a: Sneasler|White Herb\n|-clearnegativeboost|p1a: Sneasler|[silent]\n|\n|upkeep\n|turn|4\n|\n|t:|1776133214\n|move|p2b: Excadrill|Protect|p2b: Excadrill\n|-singleturn|p2b: Excadrill|Protect\n|move|p1b: Whimsicott|Tailwind|p1b: Whimsicott\n|-sidestart|p1: JayTodd13|move: Tailwind\n|move|p1a: Sneasler|Close Combat|p2b: Excadrill\n|-activate|p2b: Excadrill|move: Protect\n|move|p2a: Rotom|Electroweb|p1a: Sneasler|[spread] p1a,p1b\n|-resisted|p1b: Whimsicott|1\n|-damage|p1a: Sneasler|59/100\n|-damage|p1b: Whimsicott|38/100\n|-unboost|p1a: Sneasler|spe|1\n|-unboost|p1b: Whimsicott|spe|1\n|\n|upkeep\n|turn|5\n|\n|t:|1776133231\n|switch|p2b: Sneasler|Sneasler, L50, F|51/100\n|-ability|p2b: Sneasler|Pressure\n|move|p1b: Whimsicott|Encore||[still]\n|-fail|p1b: Whimsicott\n|move|p1a: Sneasler|Close Combat|p2a: Rotom\n|-damage|p2a: Rotom|0 fnt\n|-unboost|p1a: Sneasler|def|1\n|-unboost|p1a: Sneasler|spd|1\n|faint|p2a: Rotom\n|\n|upkeep\n|\n|t:|1776133241\n|switch|p2a: Milotic|Milotic, L50, M|100/100\n|turn|6\n|\n|t:|1776133261\n|move|p1b: Whimsicott|Protect|p1b: Whimsicott\n|-singleturn|p1b: Whimsicott|Protect\n|move|p1a: Sneasler|Protect|p1a: Sneasler\n|-singleturn|p1a: Sneasler|Protect\n|move|p2b: Sneasler|Fake Out|p1b: Whimsicott\n|-activate|p1b: Whimsicott|move: Protect\n|move|p2a: Milotic|Muddy Water|p1a: Sneasler|[spread] \n|-activate|p1a: Sneasler|move: Protect\n|-activate|p1b: Whimsicott|move: Protect\n|\n|upkeep\n|turn|7\n|inactive|JayTodd13 has 30 seconds left.\n|inactive|JayTodd13 has 20 seconds left.\n|\n|t:|1776133296\n|switch|p1b: Rotom|Rotom-Wash, L50|60/100\n|move|p1a: Sneasler|Close Combat|p2b: Sneasler\n|-resisted|p2b: Sneasler|1\n|-damage|p2b: Sneasler|0 fnt\n|-unboost|p1a: Sneasler|def|1\n|-unboost|p1a: Sneasler|spd|1\n|faint|p2b: Sneasler\n|move|p2a: Milotic|Muddy Water|p1a: Sneasler|[spread] p1b\n|-miss|p2a: Milotic|p1a: Sneasler\n|-resisted|p1b: Rotom|1\n|-damage|p1b: Rotom|45/100\n|-unboost|p1b: Rotom|accuracy|1\n|\n|-sideend|p1: JayTodd13|move: Tailwind\n|upkeep\n|\n|t:|1776133302\n|switch|p2b: Excadrill|Excadrill, L50, M|73/100\n|turn|8\n|\n|t:|1776133312\n|move|p1a: Sneasler|Close Combat|p2b: Excadrill\n|-supereffective|p2b: Excadrill|1\n|-crit|p2b: Excadrill\n|-damage|p2b: Excadrill|0 fnt\n|-unboost|p1a: Sneasler|def|1\n|-unboost|p1a: Sneasler|spd|1\n|faint|p2b: Excadrill\n|move|p1b: Rotom|Thunderbolt|p2a: Milotic\n|-supereffective|p2a: Milotic|1\n|-damage|p2a: Milotic|40/100\n|move|p2a: Milotic|Muddy Water|p1a: Sneasler|[spread] \n|-miss|p2a: Milotic|p1a: Sneasler\n|-miss|p2a: Milotic|p1b: Rotom\n|\n|-heal|p2a: Milotic|46/100|[from] item: Leftovers\n|upkeep\n|turn|9\n|\n|t:|1776133318\n|move|p1a: Sneasler|Close Combat|p2a: Milotic\n|-damage|p2a: Milotic|0 fnt\n|-unboost|p1a: Sneasler|def|1\n|-unboost|p1a: Sneasler|spd|1\n|faint|p2a: Milotic\n|\n|win|JayTodd13\n|raw|JayTodd13's rating: 1270 &rarr; <strong>1294</strong><br />(+24 for winning)\n|raw|ThePeasent's rating: 1260 &rarr; <strong>1236</strong><br />(-24 for losing)\n|c|\u2606ThePeasent|85% accuracy btw\n",
  "uploadtime": 1776133328,
  "views": 63,
  "formatid": "gen9championsvgc2026regma",
  "rating": 1236,
  "private": 0,
  "password": null
}