{
  "id": "gen9championsvgc2026regma-2587348081",
  "format": "[Gen 9 Champions] VGC 2026 Reg M-A",
  "players": [
    "userneme",
    "DeltaZ82"
  ],
  "log": "|j|\u2606userneme\n|j|\u2606DeltaZ82\n|t:|1776524192\n|gametype|doubles\n|player|p1|userneme|170|1131\n|player|p2|DeltaZ82|benga|1146\n|gen|9\n|tier|[Gen 9 Champions] VGC 2026 Reg M-A\n|rated|\n|rule|Species Clause: Limit one of each Pok\u00e9mon\n|rule|Item Clause: Limit 1 of each item\n|clearpoke\n|poke|p1|Kangaskhan, L50, F|\n|poke|p1|Talonflame, L50, F|\n|poke|p1|Sinistcha, L50|\n|poke|p1|Primarina, L50, M|\n|poke|p1|Mamoswine, L50, F|\n|poke|p1|Tyranitar, L50, F|\n|poke|p2|Gengar, L50, M|\n|poke|p2|Lopunny, L50, M|\n|poke|p2|Garchomp, L50, F|\n|poke|p2|Aerodactyl, L50, M, shiny|\n|poke|p2|Sinistcha, L50|\n|poke|p2|Rotom-Wash, L50, shiny|\n|teampreview|4\n|\n|t:|1776524265\n|teamsize|p1|4\n|teamsize|p2|4\n|start\n|switch|p1a: Primarina|Primarina, L50, M|100/100\n|switch|p1b: Sinistcha|Sinistcha, L50|100/100\n|switch|p2a: Garchomp|Garchomp, L50, F|100/100\n|switch|p2b: Rotom|Rotom-Wash, L50, shiny|100/100\n|turn|1\n|\n|t:|1776524277\n|move|p2a: Garchomp|Swords Dance|p2a: Garchomp\n|-boost|p2a: Garchomp|atk|2\n|move|p2b: Rotom|Discharge|p1a: Primarina|[spread] p1a,p1b\n|-immune|p2a: Garchomp\n|-supereffective|p1a: Primarina|1\n|-resisted|p1b: Sinistcha|1\n|-damage|p1a: Primarina|64/100\n|-damage|p1b: Sinistcha|84/100\n|-status|p1a: Primarina|par\n|-status|p1b: Sinistcha|par\n|move|p1b: Sinistcha|Matcha Gotcha|p2b: Rotom|[spread] p2a,p2b\n|-supereffective|p2b: Rotom|1\n|-damage|p2a: Garchomp|77/100\n|-heal|p1b: Sinistcha|96/100 par|[from] drain|[of] p2a: Garchomp\n|-damage|p2b: Rotom|46/100\n|-heal|p1b: Sinistcha|100/100 par|[from] drain|[of] p2b: Rotom\n|-status|p2a: Garchomp|brn\n|move|p1a: Primarina|Hyper Voice|p2b: Rotom|[spread] p2a,p2b\n|-resisted|p2b: Rotom|1\n|-damage|p2a: Garchomp|40/100 brn\n|-damage|p2b: Rotom|20/100\n|\n|-heal|p2b: Rotom|26/100|[from] item: Leftovers\n|-damage|p2a: Garchomp|34/100 brn|[from] brn\n|upkeep\n|turn|2\n|\n|t:|1776524302\n|move|p2a: Garchomp|Rock Slide|p1a: Primarina|[spread] p1a,p1b\n|-damage|p1a: Primarina|43/100 par\n|-damage|p1b: Sinistcha|89/100 par\n|move|p2b: Rotom|Discharge|p1a: Primarina|[spread] p1a,p1b\n|-immune|p2a: Garchomp\n|-supereffective|p1a: Primarina|1\n|-resisted|p1b: Sinistcha|1\n|-damage|p1a: Primarina|4/100 par\n|-damage|p1b: Sinistcha|73/100 par\n|cant|p1b: Sinistcha|par\n|cant|p1a: Primarina|flinch\n|\n|-heal|p2b: Rotom|32/100|[from] item: Leftovers\n|-heal|p1b: Sinistcha|79/100 par|[from] item: Leftovers\n|-damage|p2a: Garchomp|28/100 brn|[from] brn\n|upkeep\n|turn|3\n|c|\u2606userneme|im going to shoot you, with a gun\n|n|\u203duserneme|userneme\n|c|~|/log userneme was locked from talking by Artemis. (\u2606userneme: im going to shoot you, with a gun)\n|c|~|/raw <small>This action was done automatically. Want to learn more about the AI? <a href=\"https://www.smogon.com/forums/threads/3570628/#post-9056769\">Visit the information thread</a>.</small>\n|\n|t:|1776524335\n|switch|p2a: Sinistcha|Sinistcha, L50|100/100\n|-heal|p2b: Rotom|57/100|[from] ability: Hospitality|[of] p2a: Sinistcha\n|move|p1a: Primarina|Protect|p1a: Primarina\n|-singleturn|p1a: Primarina|Protect\n|move|p2b: Rotom|Volt Switch|p1a: Primarina\n|-activate|p1a: Primarina|move: Protect\n|move|p1b: Sinistcha|Shadow Ball|p2a: Sinistcha\n|-supereffective|p2a: Sinistcha|1\n|-damage|p2a: Sinistcha|32/100\n|-enditem|p2a: Sinistcha|Sitrus Berry|[eat]\n|-heal|p2a: Sinistcha|57/100|[from] item: Sitrus Berry\n|\n|-heal|p2b: Rotom|63/100|[from] item: Leftovers\n|-heal|p1b: Sinistcha|85/100 par|[from] item: Leftovers\n|upkeep\n|turn|4\n|\n|t:|1776524359\n|switch|p1a: Mamoswine|Mamoswine, L50, F|100/100\n|move|p2b: Rotom|Discharge|p1a: Mamoswine|[spread] p2a,p1b\n|-immune|p1a: Mamoswine\n|-resisted|p2a: Sinistcha|1\n|-resisted|p1b: Sinistcha|1\n|-damage|p2a: Sinistcha|44/100\n|-damage|p1b: Sinistcha|68/100 par\n|move|p2a: Sinistcha|Life Dew|p2a: Sinistcha|[spread] p2a,p2b\n|-heal|p2a: Sinistcha|69/100\n|-heal|p2b: Rotom|88/100\n|move|p1b: Sinistcha|Shadow Ball|p2a: Sinistcha\n|-supereffective|p2a: Sinistcha|1\n|-damage|p2a: Sinistcha|0 fnt\n|faint|p2a: Sinistcha\n|\n|-heal|p2b: Rotom|94/100|[from] item: Leftovers\n|-heal|p1b: Sinistcha|75/100 par|[from] item: Leftovers\n|upkeep\n|\n|t:|1776524375\n|switch|p2a: Gengar|Gengar, L50, M|100/100\n|turn|5\n|\n|t:|1776524380\n|detailschange|p2a: Gengar|Gengar-Mega, L50, M\n|-mega|p2a: Gengar|Gengar|Gengarite\n|move|p1b: Sinistcha|Rage Powder|p1b: Sinistcha\n|-singleturn|p1b: Sinistcha|move: Rage Powder\n|move|p2a: Gengar|Shadow Ball|p1b: Sinistcha\n|-supereffective|p1b: Sinistcha|1\n|-damage|p1b: Sinistcha|0 fnt\n|faint|p1b: Sinistcha\n|move|p2b: Rotom|Hydro Pump|p1a: Mamoswine\n|-supereffective|p1a: Mamoswine|1\n|-damage|p1a: Mamoswine|0 fnt\n|faint|p1a: Mamoswine\n|\n|-heal|p2b: Rotom|99/100|[from] item: Leftovers\n|upkeep\n|\n|t:|1776524390\n|switch|p1a: Kangaskhan|Kangaskhan, L50, F|100/100\n|switch|p1b: Primarina|Primarina, L50, M|4/100 par\n|turn|6\n|\n|t:|1776524398\n|detailschange|p1a: Kangaskhan|Kangaskhan-Mega, L50, F\n|-mega|p1a: Kangaskhan|Kangaskhan|Kangaskhanite\n|move|p2a: Gengar|Protect|p2a: Gengar\n|-singleturn|p2a: Gengar|Protect\n|move|p1a: Kangaskhan|Sucker Punch||[still]\n|-fail|p1a: Kangaskhan\n|move|p2b: Rotom|Discharge|p1b: Primarina|[spread] p1a,p1b\n|-activate|p2a: Gengar|move: Protect\n|-supereffective|p1b: Primarina|1\n|-damage|p1a: Kangaskhan|77/100\n|-damage|p1b: Primarina|0 fnt\n|faint|p1b: Primarina\n|\n|-heal|p2b: Rotom|100/100|[from] item: Leftovers\n|upkeep\n|turn|7\n|\n|t:|1776524414\n|switch|p2a: Garchomp|Garchomp, L50, F|28/100 brn\n|move|p1a: Kangaskhan|Sucker Punch||[still]\n|-fail|p1a: Kangaskhan\n|move|p2b: Rotom|Hydro Pump|p1a: Kangaskhan\n|-damage|p1a: Kangaskhan|37/100\n|\n|-damage|p2a: Garchomp|22/100 brn|[from] brn\n|upkeep\n|turn|8\n|-message|userneme forfeited.\n|\n|win|DeltaZ82\n",
  "uploadtime": 1776524318,
  "views": 11,
  "formatid": "gen9championsvgc2026regma",
  "rating": null,
  "private": 0,
  "password": null
}