{
  "id": "gen9championsvgc2026regma-2587117494",
  "format": "[Gen 9 Champions] VGC 2026 Reg M-A",
  "players": [
    "WashedNotSloshed",
    "AquaticPanic"
  ],
  "log": "|j|\u2606WashedNotSloshed\n|j|\u2606AquaticPanic\n|t:|1776495869\n|gametype|doubles\n|player|p1|WashedNotSloshed|1|1313\n|player|p2|AquaticPanic|bellelba|1392\n|gen|9\n|tier|[Gen 9 Champions] VGC 2026 Reg M-A\n|rated|\n|rule|Species Clause: Limit one of each Pok\u00e9mon\n|rule|Item Clause: Limit 1 of each item\n|clearpoke\n|poke|p1|Froslass, L50, F|\n|poke|p1|Orthworm, L50, M|\n|poke|p1|Rotom-Frost, L50|\n|poke|p1|Incineroar, L50, M|\n|poke|p1|Basculegion, L50, M|\n|poke|p1|Garchomp, L50, F|\n|poke|p2|Venusaur, L50, F|\n|poke|p2|Charizard, L50, F|\n|poke|p2|Garchomp, L50, F|\n|poke|p2|Armarouge, L50, F|\n|poke|p2|Rotom-Wash, L50|\n|poke|p2|Aerodactyl, L50, F|\n|teampreview|4\n|inactive|Battle timer is ON: inactive players will automatically lose when time's up. (requested by WashedNotSloshed)\n|\n|t:|1776495905\n|teamsize|p1|4\n|teamsize|p2|4\n|start\n|switch|p1a: Orthworm|Orthworm, L50, M|100/100\n|switch|p1b: Garchomp|Garchomp, L50, F|100/100\n|switch|p2a: Venusaur|Venusaur, L50, F|100/100\n|switch|p2b: Armarouge|Armarouge, L50, F|100/100\n|turn|1\n|inactive|WashedNotSloshed has 30 seconds left.\n|inactive|AquaticPanic has 30 seconds left.\n|inactive|WashedNotSloshed has 20 seconds left.\n|inactive|WashedNotSloshed has 15 seconds left.\n|inactive|WashedNotSloshed has 10 seconds left.\n|inactive|WashedNotSloshed has 5 seconds left.\n|\n|t:|1776495960\n|detailschange|p2a: Venusaur|Venusaur-Mega, L50, F\n|-mega|p2a: Venusaur|Venusaur|Venusaurite\n|move|p1b: Garchomp|Earthquake|p2a: Venusaur|[spread] p2a,p2b\n|-immune|p1a: Orthworm|[from] ability: Earth Eater\n|-supereffective|p2b: Armarouge|1\n|-damage|p2a: Venusaur|68/100\n|-damage|p2b: Armarouge|22/100\n|-ability|p2b: Armarouge|Weak Armor|boost\n|-unboost|p2b: Armarouge|def|1\n|-boost|p2b: Armarouge|spe|2\n|move|p2b: Armarouge|Armor Cannon|p1a: Orthworm\n|-supereffective|p1a: Orthworm|1\n|-damage|p1a: Orthworm|0 fnt\n|-unboost|p2b: Armarouge|def|1\n|-unboost|p2b: Armarouge|spd|1\n|faint|p1a: Orthworm\n|move|p2a: Venusaur|Sleep Powder|p1b: Garchomp\n|-status|p1b: Garchomp|slp|[from] move: Sleep Powder\n|\n|upkeep\n|j| ham_unbound\n|l| ham_unbound\n|inactive|WashedNotSloshed has 30 seconds left.\n|\n|t:|1776495986\n|switch|p1a: Froslass|Froslass, L50, F|100/100\n|turn|2\n|\n|t:|1776496001\n|detailschange|p1a: Froslass|Froslass-Mega, L50, F\n|-mega|p1a: Froslass|Froslass|Froslassite\n|-weather|Snowscape|[from] ability: Snow Warning|[of] p1a: Froslass\n|move|p2b: Armarouge|Armor Cannon|p1a: Froslass\n|-supereffective|p1a: Froslass|1\n|-damage|p1a: Froslass|0 fnt\n|-unboost|p2b: Armarouge|def|1\n|-unboost|p2b: Armarouge|spd|1\n|faint|p1a: Froslass\n|cant|p1b: Garchomp|slp\n|move|p2a: Venusaur|Giga Drain|p1b: Garchomp\n|-damage|p1b: Garchomp|58/100 slp\n|-heal|p2a: Venusaur|90/100|[from] drain|[of] p1b: Garchomp\n|\n|-weather|Snowscape|[upkeep]\n|upkeep\n|\n|t:|1776496016\n|switch|p1a: Basculegion|Basculegion, L50, M|100/100\n|turn|3\n|\n|t:|1776496027\n|move|p2b: Armarouge|Wide Guard|p2b: Armarouge\n|-singleturn|p2b: Armarouge|Wide Guard\n|move|p1a: Basculegion|Last Respects|p2b: Armarouge\n|-supereffective|p2b: Armarouge|1\n|-damage|p2b: Armarouge|0 fnt\n|faint|p2b: Armarouge\n|cant|p1b: Garchomp|slp\n|move|p2a: Venusaur|Giga Drain|p1a: Basculegion\n|-supereffective|p1a: Basculegion|1\n|-damage|p1a: Basculegion|9/100\n|-heal|p2a: Venusaur|100/100|[from] drain|[of] p1a: Basculegion\n|\n|-weather|Snowscape|[upkeep]\n|upkeep\n|\n|t:|1776496043\n|switch|p2b: Rotom|Rotom-Wash, L50|100/100\n|turn|4\n|\n|t:|1776496055\n|move|p1a: Basculegion|Last Respects|p2a: Venusaur\n|-damage|p2a: Venusaur|31/100\n|-curestatus|p1b: Garchomp|slp|[msg]\n|move|p1b: Garchomp|Rock Slide|p2b: Rotom|[spread] p2a,p2b\n|-crit|p2a: Venusaur\n|-damage|p2a: Venusaur|9/100\n|-damage|p2b: Rotom|80/100\n|cant|p2b: Rotom|flinch\n|move|p2a: Venusaur|Giga Drain|p1a: Basculegion\n|-supereffective|p1a: Basculegion|1\n|-damage|p1a: Basculegion|0 fnt\n|-heal|p2a: Venusaur|14/100|[from] drain|[of] p1a: Basculegion\n|faint|p1a: Basculegion\n|\n|-weather|Snowscape|[upkeep]\n|upkeep\n|turn|5\n|\n|t:|1776496072\n|move|p2b: Rotom|Protect|p2b: Rotom\n|-singleturn|p2b: Rotom|Protect\n|move|p1b: Garchomp|Rock Slide|p2b: Rotom|[spread] \n|-activate|p2b: Rotom|move: Protect\n|-miss|p1b: Garchomp|p2a: Venusaur\n|move|p2a: Venusaur|Sleep Powder|p1b: Garchomp|[miss]\n|-miss|p2a: Venusaur|p1b: Garchomp\n|\n|-weather|Snowscape|[upkeep]\n|upkeep\n|turn|6\n|\n|t:|1776496084\n|move|p1b: Garchomp|Rock Slide|p2a: Venusaur|[spread] p2a\n|-miss|p1b: Garchomp|p2b: Rotom\n|-damage|p2a: Venusaur|0 fnt\n|faint|p2a: Venusaur\n|move|p2b: Rotom|Hydro Pump|p1b: Garchomp\n|-damage|p1b: Garchomp|0 fnt\n|faint|p1b: Garchomp\n|\n|win|AquaticPanic\n|raw|WashedNotSloshed's rating: 1313 &rarr; <strong>1297</strong><br />(-16 for losing)\n|raw|AquaticPanic's rating: 1392 &rarr; <strong>1408</strong><br />(+16 for winning)\n",
  "uploadtime": 1776496091,
  "views": 37,
  "formatid": "gen9championsvgc2026regma",
  "rating": 1297,
  "private": 0,
  "password": null
}