{
  "id": "gen9championsvgc2026regma-2587476322",
  "format": "[Gen 9 Champions] VGC 2026 Reg M-A",
  "players": [
    "Isidino",
    "ironman3169"
  ],
  "log": "|j|\u2606Isidino\n|j|\u2606ironman3169\n|t:|1776535042\n|gametype|doubles\n|player|p1|Isidino|266|1290\n|player|p2|ironman3169|ash|1331\n|gen|9\n|tier|[Gen 9 Champions] VGC 2026 Reg M-A\n|rated|\n|rule|Species Clause: Limit one of each Pok\u00e9mon\n|rule|Item Clause: Limit 1 of each item\n|clearpoke\n|poke|p1|Pelipper, L50, M|\n|poke|p1|Basculegion-F, L50, F, shiny|\n|poke|p1|Starmie, L50, shiny|\n|poke|p1|Sneasler, L50, M|\n|poke|p1|Sableye, L50, M, shiny|\n|poke|p1|Scovillain, L50, F, shiny|\n|poke|p2|Golurk, L50|\n|poke|p2|Torkoal, L50, F|\n|poke|p2|Incineroar, L50, F|\n|poke|p2|Farigiraf, L50, M|\n|poke|p2|Venusaur, L50, M|\n|poke|p2|Sneasler, L50, M|\n|teampreview|4\n|inactive|Battle timer is ON: inactive players will automatically lose when time's up. (requested by Isidino)\n|inactive|ironman3169 has 60 seconds left.\n|\n|t:|1776535094\n|teamsize|p1|4\n|teamsize|p2|4\n|start\n|switch|p1a: Scovillain|Scovillain, L50, F, shiny|100/100\n|switch|p1b: Sneasler|Sneasler, L50, M|100/100\n|switch|p2a: Farigiraf|Farigiraf, L50, M|100/100\n|switch|p2b: Venusaur|Venusaur, L50, M|100/100\n|turn|1\n|\n|t:|1776535104\n|move|p1b: Sneasler|Close Combat|p2a: Farigiraf\n|-damage|p2a: Farigiraf|47/100\n|-unboost|p1b: Sneasler|def|1\n|-unboost|p1b: Sneasler|spd|1\n|-enditem|p2a: Farigiraf|Sitrus Berry|[eat]\n|-heal|p2a: Farigiraf|72/100|[from] item: Sitrus Berry\n|-enditem|p1b: Sneasler|White Herb\n|-clearnegativeboost|p1b: Sneasler|[silent]\n|move|p2b: Venusaur|Sludge Bomb|p1a: Scovillain\n|-supereffective|p1a: Scovillain|1\n|-damage|p1a: Scovillain|0 fnt\n|faint|p1a: Scovillain\n|move|p2a: Farigiraf|Psychic|p1b: Sneasler\n|-supereffective|p1b: Sneasler|2\n|-damage|p1b: Sneasler|0 fnt\n|faint|p1b: Sneasler\n|\n|upkeep\n|\n|t:|1776535120\n|switch|p1b: Basculegion|Basculegion-F, L50, F, shiny|100/100\n|switch|p1a: Pelipper|Pelipper, L50, M|100/100\n|-weather|RainDance|[from] ability: Drizzle|[of] p1a: Pelipper\n|turn|2\n|\n|t:|1776535130\n|move|p1b: Basculegion|Icy Wind|p2b: Venusaur|[spread] p2b\n|-miss|p1b: Basculegion|p2a: Farigiraf\n|-supereffective|p2b: Venusaur|1\n|-damage|p2b: Venusaur|70/100\n|-unboost|p2b: Venusaur|spe|1\n|move|p1a: Pelipper|Hurricane|p2b: Venusaur\n|-supereffective|p2b: Venusaur|1\n|-damage|p2b: Venusaur|0 fnt\n|faint|p2b: Venusaur\n|move|p2a: Farigiraf|Trick Room|p2a: Farigiraf\n|-fieldstart|move: Trick Room|[of] p2a: Farigiraf\n|\n|-weather|RainDance|[upkeep]\n|upkeep\n|\n|t:|1776535141\n|switch|p2b: Torkoal|Torkoal, L50, F|100/100\n|-weather|SunnyDay|[from] ability: Drought|[of] p2b: Torkoal\n|turn|3\n|\n|t:|1776535160\n|move|p2b: Torkoal|Weather Ball|p1b: Basculegion\n|-resisted|p1b: Basculegion|1\n|-damage|p1b: Basculegion|56/100\n|move|p2a: Farigiraf|Psychic|p1a: Pelipper\n|-damage|p1a: Pelipper|30/100\n|move|p1a: Pelipper|Weather Ball|p2a: Farigiraf\n|-damage|p2a: Farigiraf|34/100\n|move|p1b: Basculegion|Shadow Ball|p2b: Torkoal\n|-damage|p2b: Torkoal|49/100\n|\n|-weather|SunnyDay|[upkeep]\n|upkeep\n|turn|4\n|\n|t:|1776535175\n|move|p1a: Pelipper|Protect|p1a: Pelipper\n|-singleturn|p1a: Pelipper|Protect\n|move|p1b: Basculegion|Protect|p1b: Basculegion\n|-singleturn|p1b: Basculegion|Protect\n|move|p2b: Torkoal|Weather Ball|p1b: Basculegion\n|-activate|p1b: Basculegion|move: Protect\n|move|p2a: Farigiraf|Psychic|p1a: Pelipper\n|-activate|p1a: Pelipper|move: Protect\n|\n|-weather|SunnyDay|[upkeep]\n|upkeep\n|turn|5\n|\n|t:|1776535191\n|move|p2b: Torkoal|Weather Ball|p1b: Basculegion\n|-resisted|p1b: Basculegion|1\n|-damage|p1b: Basculegion|14/100\n|move|p2a: Farigiraf|Psychic|p1b: Basculegion\n|-damage|p1b: Basculegion|0 fnt\n|faint|p1b: Basculegion\n|move|p1a: Pelipper|Weather Ball|p2a: Farigiraf\n|-damage|p2a: Farigiraf|0 fnt\n|faint|p2a: Farigiraf\n|\n|-weather|SunnyDay|[upkeep]\n|upkeep\n|\n|t:|1776535197\n|switch|p2a: Golurk|Golurk, L50|100/100\n|turn|6\n|\n|t:|1776535211\n|detailschange|p2a: Golurk|Golurk-Mega, L50\n|-mega|p2a: Golurk|Golurk|Golurkite\n|move|p1a: Pelipper|Protect|p1a: Pelipper\n|-singleturn|p1a: Pelipper|Protect\n|move|p2b: Torkoal|Weather Ball|p1a: Pelipper\n|-activate|p1a: Pelipper|move: Protect\n|move|p2a: Golurk|Ice Punch|p1a: Pelipper\n|-ability|p2a: Golurk|Unseen Fist\n|-zbroken|p1a: Pelipper\n|-damage|p1a: Pelipper|19/100\n|\n|-weather|SunnyDay|[upkeep]\n|-fieldend|move: Trick Room\n|upkeep\n|turn|7\n|\n|t:|1776535225\n|move|p1a: Pelipper|Weather Ball|p2a: Golurk\n|-damage|p2a: Golurk|65/100\n|move|p2a: Golurk|Ice Punch|p1a: Pelipper\n|-damage|p1a: Pelipper|0 fnt\n|faint|p1a: Pelipper\n|\n|win|ironman3169\n|raw|Isidino's rating: 1290 &rarr; <strong>1268</strong><br />(-22 for losing)\n|raw|ironman3169's rating: 1331 &rarr; <strong>1349</strong><br />(+18 for winning)\n",
  "uploadtime": 1776535228,
  "views": 39,
  "formatid": "gen9championsvgc2026regma",
  "rating": 1268,
  "private": 0,
  "password": null
}