{
  "id": "gen9championsvgc2026regma-2586425089",
  "format": "[Gen 9 Champions] VGC 2026 Reg M-A",
  "players": [
    "Crumbil",
    "njlkhsdfn"
  ],
  "log": "|j|\u2606Crumbil\n|j|\u2606njlkhsdfn\n|t:|1776433777\n|gametype|doubles\n|player|p1|Crumbil|169|1067\n|player|p2|njlkhsdfn|cyrus|1000\n|gen|9\n|tier|[Gen 9 Champions] VGC 2026 Reg M-A\n|rated|\n|rule|Species Clause: Limit one of each Pok\u00e9mon\n|rule|Item Clause: Limit 1 of each item\n|clearpoke\n|poke|p1|Incineroar, L50, F|\n|poke|p1|Farigiraf, L50, M|\n|poke|p1|Venusaur, L50, F|\n|poke|p1|Torkoal, L50, F|\n|poke|p1|Sneasler, L50, F|\n|poke|p1|Golurk, L50|\n|poke|p2|Sneasler, L50, M|\n|poke|p2|Incineroar, L50, M|\n|poke|p2|Golurk, L50|\n|poke|p2|Venusaur, L50, M|\n|poke|p2|Farigiraf, L50, M|\n|poke|p2|Torkoal, L50, M|\n|teampreview|4\n|inactive|Battle timer is ON: inactive players will automatically lose when time's up. (requested by Crumbil)\n|inactive|njlkhsdfn has 60 seconds left.\n|\n|t:|1776433864\n|teamsize|p1|4\n|teamsize|p2|4\n|start\n|switch|p1a: Farigiraf|Farigiraf, L50, M|100/100\n|switch|p1b: Incineroar|Incineroar, L50, F|100/100\n|switch|p2a: Incineroar|Incineroar, L50, M, shiny|100/100\n|switch|p2b: Golurk|Golurk, L50, shiny|100/100\n|-ability|p2a: Incineroar|Intimidate|boost\n|-unboost|p1a: Farigiraf|atk|1\n|-unboost|p1b: Incineroar|atk|1\n|-ability|p1b: Incineroar|Intimidate|boost\n|-unboost|p2a: Incineroar|atk|1\n|-unboost|p2b: Golurk|atk|1\n|turn|1\n|inactive|Crumbil has 30 seconds left.\n|inactive|njlkhsdfn has 30 seconds left.\n|inactive|Crumbil has 20 seconds left.\n|inactive|njlkhsdfn has 20 seconds left.\n|inactive|Crumbil has 15 seconds left.\n|\n|t:|1776433907\n|switch|p1a: Sneasler|Sneasler, L50, F|100/100\n|detailschange|p2b: Golurk|Golurk-Mega, L50, shiny\n|-mega|p2b: Golurk|Golurk|Golurkite\n|move|p2a: Incineroar|Parting Shot|p1a: Sneasler\n|-unboost|p1a: Sneasler|atk|1\n|-unboost|p1a: Sneasler|spa|1\n|\n|t:|1776433915\n|switch|p2a: Sneasler|Sneasler, L50, M, shiny|100/100|[from] Parting Shot\n|-enditem|p1a: Sneasler|White Herb\n|-clearnegativeboost|p1a: Sneasler|[silent]\n|move|p1b: Incineroar|Darkest Lariat|p2b: Golurk\n|-supereffective|p2b: Golurk|1\n|-damage|p2b: Golurk|47/100\n|move|p2b: Golurk|Headlong Rush|p1b: Incineroar\n|-supereffective|p1b: Incineroar|1\n|-enditem|p1b: Incineroar|Shuca Berry|[eat]\n|-enditem|p1b: Incineroar|Shuca Berry|[weaken]\n|-damage|p1b: Incineroar|48/100\n|-unboost|p2b: Golurk|def|1\n|-unboost|p2b: Golurk|spd|1\n|\n|upkeep\n|turn|2\n|inactive|Crumbil has 30 seconds left.\n|inactive|njlkhsdfn has 30 seconds left.\n|inactive|Crumbil has 20 seconds left.\n|inactive|njlkhsdfn has 20 seconds left.\n|\n|t:|1776433952\n|switch|p1b: Farigiraf|Farigiraf, L50, M|100/100\n|switch|p2b: Incineroar|Incineroar, L50, M, shiny|100/100\n|-ability|p2b: Incineroar|Intimidate|boost\n|-unboost|p1a: Sneasler|atk|1\n|-unboost|p1b: Farigiraf|atk|1\n|move|p1a: Sneasler|Protect|p1a: Sneasler\n|-singleturn|p1a: Sneasler|Protect\n|move|p2a: Sneasler|Fake Out||[still]\n|cant|p1b: Farigiraf|ability: Armor Tail|Fake Out|[of] p2a: Sneasler\n|\n|upkeep\n|turn|3\n|inactive|njlkhsdfn has 30 seconds left.\n|inactive|njlkhsdfn has 20 seconds left.\n|inactive|njlkhsdfn has 15 seconds left.\n|\n|t:|1776433997\n|switch|p2b: Golurk|Golurk-Mega, L50, shiny|47/100\n|move|p1a: Sneasler|Close Combat|p2b: Golurk\n|-immune|p2b: Golurk\n|move|p2a: Sneasler|Dire Claw|p1a: Sneasler\n|-resisted|p1a: Sneasler|1\n|-damage|p1a: Sneasler|64/100\n|-status|p1a: Sneasler|slp\n|move|p1b: Farigiraf|Twin Beam|p2a: Sneasler\n|-supereffective|p2a: Sneasler|2\n|-damage|p2a: Sneasler|0 fnt\n|faint|p2a: Sneasler\n|-hitcount|p2: Sneasler|1\n|\n|upkeep\n|\n|t:|1776434017\n|switch|p2a: Venusaur|Venusaur, L50, M, shiny|100/100\n|turn|4\n|\n|t:|1776434029\n|switch|p1a: Incineroar|Incineroar, L50, F|48/100\n|-ability|p1a: Incineroar|Intimidate|boost\n|-unboost|p2a: Venusaur|atk|1\n|-unboost|p2b: Golurk|atk|1\n|move|p2a: Venusaur|Sleep Powder|p1b: Farigiraf\n|-status|p1b: Farigiraf|slp|[from] move: Sleep Powder\n|move|p2b: Golurk|Headlong Rush|p1a: Incineroar\n|-supereffective|p1a: Incineroar|1\n|-damage|p1a: Incineroar|0 fnt\n|-unboost|p2b: Golurk|def|1\n|-unboost|p2b: Golurk|spd|1\n|faint|p1a: Incineroar\n|cant|p1b: Farigiraf|slp\n|\n|upkeep\n|\n|t:|1776434046\n|switch|p1a: Golurk|Golurk, L50|100/100\n|turn|5\n|\n|t:|1776434061\n|detailschange|p1a: Golurk|Golurk-Mega, L50\n|-mega|p1a: Golurk|Golurk|Golurkite\n|move|p2a: Venusaur|Sleep Powder|p1a: Golurk\n|-status|p1a: Golurk|slp|[from] move: Sleep Powder\n|move|p2b: Golurk|Poltergeist|p1a: Golurk\n|-activate|p1a: Golurk|move: Poltergeist|Golurkite\n|-supereffective|p1a: Golurk|1\n|-damage|p1a: Golurk|12/100 slp\n|cant|p1a: Golurk|slp\n|cant|p1b: Farigiraf|slp\n|\n|upkeep\n|turn|6\n|-message|Crumbil forfeited.\n|\n|win|njlkhsdfn\n|raw|Crumbil's rating: 1067 &rarr; <strong>1043</strong><br />(-24 for losing)\n|raw|njlkhsdfn's rating: 1000 &rarr; <strong>1048</strong><br />(+48 for winning)\n|l|\u2606Crumbil\n|player|p1|\n",
  "uploadtime": 1776434086,
  "views": 26,
  "formatid": "gen9championsvgc2026regma",
  "rating": 1043,
  "private": 0,
  "password": null
}