{
  "id": "gen9championsvgc2026regma-2587188760",
  "format": "[Gen 9 Champions] VGC 2026 Reg M-A",
  "players": [
    "GingkoZeppeli",
    "AurelioupLaChipz"
  ],
  "log": "|j|\u2606GingkoZeppeli\n|j|\u2606AurelioupLaChipz\n|t:|1776506365\n|gametype|doubles\n|player|p1|GingkoZeppeli|morty|1063\n|player|p2|AurelioupLaChipz|dawn|1000\n|gen|9\n|tier|[Gen 9 Champions] VGC 2026 Reg M-A\n|rated|\n|rule|Species Clause: Limit one of each Pok\u00e9mon\n|rule|Item Clause: Limit 1 of each item\n|clearpoke\n|poke|p1|Tyranitar, L50, M, shiny|\n|poke|p1|Garchomp, L50, M|\n|poke|p1|Sinistcha, L50|\n|poke|p1|Sneasler, L50, F|\n|poke|p1|Basculegion, L50, M, shiny|\n|poke|p1|Kingambit, L50, M, shiny|\n|poke|p2|Gengar, L50, M, shiny|\n|poke|p2|Crabominable, L50, F|\n|poke|p2|Garchomp, L50, M|\n|poke|p2|Incineroar, L50, F|\n|poke|p2|Clefable, L50, F|\n|poke|p2|Farigiraf, L50, F|\n|teampreview|4\n|inactive|Battle timer is ON: inactive players will automatically lose when time's up. (requested by AurelioupLaChipz)\n|inactive|GingkoZeppeli has 60 seconds left.\n|\n|t:|1776506411\n|teamsize|p1|4\n|teamsize|p2|4\n|start\n|switch|p1a: Sneasler|Sneasler, L50, F|100/100\n|switch|p1b: Tyranitar|Tyranitar, L50, M, shiny|100/100\n|switch|p2a: Wimessir|Clefable, L50, F|100/100\n|switch|p2b: DansLaLune|Farigiraf, L50, F|100/100\n|-weather|Sandstorm|[from] ability: Sand Stream|[of] p1b: Tyranitar\n|turn|1\n|inactive|AurelioupLaChipz has 30 seconds left.\n|c|\u2606GingkoZeppeli|French ?\n|\n|t:|1776506440\n|move|p1a: Sneasler|Protect|p1a: Sneasler\n|-singleturn|p1a: Sneasler|Protect\n|move|p2a: Wimessir|Follow Me|p2a: Wimessir\n|-singleturn|p2a: Wimessir|move: Follow Me\n|move|p1b: Tyranitar|Knock Off|p2a: Wimessir\n|-resisted|p2a: Wimessir|1\n|-damage|p2a: Wimessir|80/100\n|-enditem|p2a: Wimessir|Leftovers|[from] move: Knock Off|[of] p1b: Tyranitar\n|move|p2b: DansLaLune|Trick Room|p2b: DansLaLune\n|-fieldstart|move: Trick Room|[of] p2b: DansLaLune\n|\n|-weather|Sandstorm|[upkeep]\n|-damage|p2b: DansLaLune|94/100|[from] Sandstorm\n|-damage|p1a: Sneasler|95/100|[from] Sandstorm\n|upkeep\n|turn|2\n|inactive|GingkoZeppeli has 30 seconds left.\n|\n|t:|1776506466\n|switch|p2a: VrmMoche|Crabominable, L50, F|100/100\n|switch|p1a: Garchomp|Garchomp, L50, M|100/100\n|move|p2b: DansLaLune|Hyper Voice|p1b: Tyranitar|[spread] p1a,p1b\n|-resisted|p1b: Tyranitar|1\n|-damage|p1a: Garchomp|68/100\n|-damage|p1b: Tyranitar|95/100\n|move|p1b: Tyranitar|Knock Off|p2b: DansLaLune\n|-supereffective|p2b: DansLaLune|1\n|-damage|p2b: DansLaLune|20/100\n|-enditem|p2b: DansLaLune|Focus Sash|[from] move: Knock Off|[of] p1b: Tyranitar\n|\n|-weather|Sandstorm|[upkeep]\n|-damage|p2a: VrmMoche|95/100|[from] Sandstorm\n|-damage|p2b: DansLaLune|14/100|[from] Sandstorm\n|upkeep\n|turn|3\n|inactive|GingkoZeppeli has 30 seconds left.\n|\n|t:|1776506498\n|detailschange|p2a: VrmMoche|Crabominable-Mega, L50, F\n|-mega|p2a: VrmMoche|Crabominable|Crabominite\n|move|p2a: VrmMoche|Drain Punch|p1b: Tyranitar\n|-supereffective|p1b: Tyranitar|2\n|-damage|p1b: Tyranitar|0 fnt\n|-heal|p2a: VrmMoche|100/100|[from] drain|[of] p1b: Tyranitar\n|faint|p1b: Tyranitar\n|move|p2b: DansLaLune|Psychic|p1a: Garchomp\n|-damage|p1a: Garchomp|29/100\n|-unboost|p1a: Garchomp|spd|1\n|move|p1a: Garchomp|Rock Slide|p2a: VrmMoche|[spread] p2a,p2b\n|-damage|p2a: VrmMoche|84/100\n|-damage|p2b: DansLaLune|0 fnt\n|faint|p2b: DansLaLune\n|\n|-weather|Sandstorm|[upkeep]\n|-damage|p2a: VrmMoche|78/100|[from] Sandstorm\n|upkeep\n|inactive|AurelioupLaChipz has 30 seconds left.\n|\n|t:|1776506524\n|switch|p2b: Wolfey|Incineroar, L50, F|100/100\n|switch|p1b: Sneasler|Sneasler, L50, F|95/100\n|-ability|p2b: Wolfey|Intimidate|boost\n|-unboost|p1a: Garchomp|atk|1\n|-unboost|p1b: Sneasler|atk|1\n|-enditem|p1b: Sneasler|White Herb\n|-clearnegativeboost|p1b: Sneasler|[silent]\n|turn|4\n|\n|t:|1776506539\n|move|p2b: Wolfey|Fake Out|p1b: Sneasler\n|-damage|p1b: Sneasler|72/100\n|cant|p1b: Sneasler|flinch\n|move|p2a: VrmMoche|Ice Hammer|p1b: Sneasler\n|-damage|p1b: Sneasler|0 fnt\n|-unboost|p2a: VrmMoche|spe|1\n|faint|p1b: Sneasler\n|move|p1a: Garchomp|Rock Slide|p2b: Wolfey|[spread] p2a,p2b\n|-supereffective|p2b: Wolfey|1\n|-damage|p2a: VrmMoche|67/100\n|-damage|p2b: Wolfey|71/100\n|\n|-weather|Sandstorm|[upkeep]\n|-damage|p2a: VrmMoche|62/100|[from] Sandstorm\n|-damage|p2b: Wolfey|65/100|[from] Sandstorm\n|upkeep\n|\n|t:|1776506547\n|switch|p1b: Basculegion|Basculegion, L50, M, shiny|100/100\n|turn|5\n|\n|t:|1776506567\n|move|p2a: VrmMoche|Ice Hammer|p1a: Garchomp\n|-supereffective|p1a: Garchomp|2\n|-damage|p1a: Garchomp|0 fnt\n|-unboost|p2a: VrmMoche|spe|1\n|faint|p1a: Garchomp\n|move|p2b: Wolfey|Parting Shot|p1b: Basculegion\n|-unboost|p1b: Basculegion|atk|1\n|-unboost|p1b: Basculegion|spa|1\n|\n|t:|1776506576\n|switch|p2b: Wimessir|Clefable, L50, F|80/100|[from] Parting Shot\n|move|p1b: Basculegion|Wave Crash|p2b: Wimessir\n|-damage|p2b: Wimessir|13/100\n|-damage|p1b: Basculegion|81/100|[from] Recoil\n|\n|-weather|none\n|-fieldend|move: Trick Room\n|upkeep\n|turn|6\n|\n|t:|1776506597\n|move|p1b: Basculegion|Aqua Jet|p2b: Wimessir\n|-damage|p2b: Wimessir|0 fnt\n|faint|p2b: Wimessir\n|move|p2a: VrmMoche|Drain Punch|p1b: Basculegion\n|-immune|p1b: Basculegion\n|\n|upkeep\n|\n|t:|1776506604\n|switch|p2b: Wolfey|Incineroar, L50, F|65/100\n|-ability|p2b: Wolfey|Intimidate|boost\n|-unboost|p1b: Basculegion|atk|1\n|turn|7\n|\n|t:|1776506619\n|move|p2b: Wolfey|Fake Out|p1b: Basculegion\n|-immune|p1b: Basculegion\n|move|p1b: Basculegion|Wave Crash|p2b: Wolfey\n|-supereffective|p2b: Wolfey|1\n|-damage|p2b: Wolfey|0 fnt\n|faint|p2b: Wolfey\n|-damage|p1b: Basculegion|63/100|[from] Recoil\n|move|p2a: VrmMoche|Crabhammer|p1b: Basculegion\n|-resisted|p1b: Basculegion|1\n|-damage|p1b: Basculegion|36/100\n|\n|upkeep\n|turn|8\n|\n|t:|1776506632\n|move|p1b: Basculegion|Last Respects|p2a: VrmMoche\n|-damage|p2a: VrmMoche|9/100\n|move|p2a: VrmMoche|Crabhammer|p1b: Basculegion\n|-resisted|p1b: Basculegion|1\n|-damage|p1b: Basculegion|9/100\n|\n|upkeep\n|turn|9\n|\n|t:|1776506640\n|move|p1b: Basculegion|Last Respects|p2a: VrmMoche\n|-damage|p2a: VrmMoche|0 fnt\n|faint|p2a: VrmMoche\n|\n|win|GingkoZeppeli\n|raw|GingkoZeppeli's rating: 1063 &rarr; <strong>1088</strong><br />(+25 for winning)\n|raw|AurelioupLaChipz's rating: 1000 &rarr; <strong>1000</strong><br />(+0 for losing)\n|l|\u2606AurelioupLaChipz\n|player|p2|\n",
  "uploadtime": 1776506650,
  "views": 17,
  "formatid": "gen9championsvgc2026regma",
  "rating": 1000,
  "private": 0,
  "password": null
}