{
  "id": "gen9championsvgc2026regma-2589539492",
  "format": "[Gen 9 Champions] VGC 2026 Reg M-A",
  "players": [
    "flopogusthegreat",
    "rainman2561$"
  ],
  "log": "|j|\u2606flopogusthegreat\n|j|\u2606rainman2561$\n|html|<table width=\"100%\"><tr><td align=\"left\">flopogusthegreat</td><td align=\"right\">rainman2561$</tr><tr><td align=\"left\"><i class=\"fa fa-circle-o\"></i> <i class=\"fa fa-circle-o\"></i> </td><td align=\"right\"><i class=\"fa fa-circle-o\"></i> <i class=\"fa fa-circle-o\"></i> </tr></table>\n|uhtml|bestof|<h2><strong>Game 1</strong> of <a href=\"/game-bestof3-gen9championsvgc2026regma-2589539491\">a best-of-3</a></h2>\n|t:|1776732246\n|gametype|doubles\n|player|p1|flopogusthegreat|pokefanf-gen4|\n|player|p2|rainman2561$|lucas|\n|gen|9\n|tier|[Gen 9 Champions] VGC 2026 Reg M-A\n|rule|Species Clause: Limit one of each Pok\u00e9mon\n|rule|Item Clause: Limit 1 of each item\n|raw|<div class=\"infobox\"><details class=\"readmore\" open><summary><strong>1 custom rule:</strong></summary> Best of = 3</details></div>\n|clearpoke\n|poke|p1|Gyarados, L50, M, shiny|\n|poke|p1|Aerodactyl, L50, F, shiny|\n|poke|p1|Sinistcha, L50|\n|poke|p1|Empoleon, L50, F|\n|poke|p1|Scizor, L50, M|\n|poke|p1|Raichu, L50, M, shiny|\n|poke|p2|Slowbro, L50, F|\n|poke|p2|Drampa, L50, F|\n|poke|p2|Aerodactyl, L50, M|\n|poke|p2|Garchomp, L50, F|\n|poke|p2|Rotom-Wash, L50|\n|poke|p2|Sylveon, L50, M|\n|teampreview|4\nflopogusthegreat rejected open team sheets.\n|c|\u2606flopogusthegreat|Good luck\n|c|\u2606flopogusthegreat|have fun\n|c|\u2606flopogusthegreat|glad we sorted that out\n|c|\u2606rainman2561$|GLHF\n|\n|t:|1776732407\n|teamsize|p1|4\n|teamsize|p2|4\n|start\n|switch|p1a: Ace|Raichu, L50, M, shiny|100/100\n|switch|p1b: Wombo|Empoleon, L50, F|100/100\n|switch|p2a: Aerodactyl|Aerodactyl, L50, M|100/100\n|switch|p2b: Garchomp|Garchomp, L50, F|100/100\n|-ability|p2a: Aerodactyl|Unnerve\n|turn|1\n|\n|t:|1776732465\n|move|p2a: Aerodactyl|Protect|p2a: Aerodactyl\n|-singleturn|p2a: Aerodactyl|Protect\n|move|p1a: Ace|Fake Out|p2a: Aerodactyl\n|-activate|p2a: Aerodactyl|move: Protect\n|move|p1b: Wombo|Icy Wind|p2b: Garchomp|[spread] p2b\n|-activate|p2a: Aerodactyl|move: Protect\n|-supereffective|p2b: Garchomp|2\n|-damage|p2b: Garchomp|44/100\n|-unboost|p2b: Garchomp|spe|1\n|move|p2b: Garchomp|Earthquake|p1a: Ace|[spread] p1a,p1b\n|-activate|p2a: Aerodactyl|move: Protect\n|-supereffective|p1a: Ace|1\n|-supereffective|p1b: Wombo|1\n|-damage|p1a: Ace|0 fnt\n|-damage|p1b: Wombo|0 fnt\n|faint|p1a: Ace\n|faint|p1b: Wombo\n|\n|upkeep\n|\n|t:|1776732494\n|switch|p1a: Happy Hour|Sinistcha, L50|100/100\n|switch|p1b: Paper Scizors|Scizor, L50, M|100/100\n|turn|2\n|c|\u2606flopogusthegreat|soft sand?\n|\n|t:|1776732552\n|detailschange|p1b: Paper Scizors|Scizor-Mega, L50, M\n|-mega|p1b: Paper Scizors|Scizor|Scizorite\n|move|p2a: Aerodactyl|Fire Fang|p1b: Paper Scizors\n|-supereffective|p1b: Paper Scizors|2\n|-damage|p1b: Paper Scizors|36/100\n|move|p1b: Paper Scizors|Assurance|p2b: Garchomp\n|-damage|p2b: Garchomp|8/100\n|-damage|p1b: Paper Scizors|23/100|[from] ability: Rough Skin|[of] p2b: Garchomp\n|move|p2b: Garchomp|Shadow Claw|p1a: Happy Hour\n|-supereffective|p1a: Happy Hour|1\n|-damage|p1a: Happy Hour|54/100\n|move|p1a: Happy Hour|Matcha Gotcha|p2b: Garchomp|[spread] p2b\n|-miss|p1a: Happy Hour|p2a: Aerodactyl\n|-damage|p2b: Garchomp|0 fnt\n|-heal|p1a: Happy Hour|58/100|[from] drain|[of] p2b: Garchomp\n|faint|p2b: Garchomp\n|\n|upkeep\n|\n|t:|1776732571\n|switch|p2b: Rotom|Rotom-Wash, L50|100/100\n|turn|3\n|\n|t:|1776732612\n|move|p1a: Happy Hour|Rage Powder|p1a: Happy Hour\n|-singleturn|p1a: Happy Hour|move: Rage Powder\n|move|p1b: Paper Scizors|Bullet Punch|p2a: Aerodactyl\n|-supereffective|p2a: Aerodactyl|1\n|-enditem|p2a: Aerodactyl|Focus Sash\n|-damage|p2a: Aerodactyl|1/100\n|move|p2a: Aerodactyl|Fire Fang|p1a: Happy Hour\n|-supereffective|p1a: Happy Hour|1\n|-damage|p1a: Happy Hour|39/100\n|move|p2b: Rotom|Volt Switch|p1a: Happy Hour\n|-resisted|p1a: Happy Hour|1\n|-damage|p1a: Happy Hour|26/100\n|\n|t:|1776732628\n|switch|p2b: Sylveon|Sylveon, L50, M|100/100|[from] Volt Switch\n|\n|upkeep\n|turn|4\n|\n|t:|1776732649\n|move|p2b: Sylveon|Protect|p2b: Sylveon\n|-singleturn|p2b: Sylveon|Protect\n|move|p1a: Happy Hour|Rage Powder|p1a: Happy Hour\n|-singleturn|p1a: Happy Hour|move: Rage Powder\n|move|p1b: Paper Scizors|Bullet Punch|p2a: Aerodactyl\n|-supereffective|p2a: Aerodactyl|1\n|-damage|p2a: Aerodactyl|0 fnt\n|-enditem|p1a: Happy Hour|Sitrus Berry|[eat]\n|-heal|p1a: Happy Hour|51/100|[from] item: Sitrus Berry\n|faint|p2a: Aerodactyl\n|\n|upkeep\n|c|\u2606rainman2561$|si\n|\n|t:|1776732663\n|switch|p2a: Rotom|Rotom-Wash, L50|100/100\n|turn|5\n|\n|t:|1776732718\n|move|p2a: Rotom|Helping Hand|p2b: Sylveon\n|-singleturn|p2b: Sylveon|Helping Hand|[of] p2a: Rotom\n|move|p1a: Happy Hour|Rage Powder|p1a: Happy Hour\n|-singleturn|p1a: Happy Hour|move: Rage Powder\n|move|p1b: Paper Scizors|Bullet Punch|p2b: Sylveon\n|-supereffective|p2b: Sylveon|1\n|-damage|p2b: Sylveon|4/100\n|move|p2b: Sylveon|Hyper Voice|p1b: Paper Scizors|[spread] p1a,p1b\n|-resisted|p1b: Paper Scizors|1\n|-damage|p1a: Happy Hour|0 fnt\n|-damage|p1b: Paper Scizors|0 fnt\n|faint|p1a: Happy Hour\n|faint|p1b: Paper Scizors\n|\n|win|rainman2561$\n|inactive|flopogusthegreat has 30 seconds to confirm battle start!\n|inactive|rainman2561$ has 30 seconds to confirm battle start!\n|c|\u2606flopogusthegreat|gg\n||flopogusthegreat is ready for game 2.\n|inactive|rainman2561$ has 20 seconds to confirm battle start!\n||rainman2561$ is ready for game 2.\n|uhtml|next|Next: <a href=\"/battle-gen9championsvgc2026regma-2589544748\"><strong>Game 2 of 3</strong></a>\n|l|\u2606rainman2561$\n|player|p2|\n",
  "uploadtime": 1776733590,
  "views": 5,
  "formatid": "gen9championsvgc2026regma",
  "rating": null,
  "private": 0,
  "password": null
}