{
  "id": "gen9championsvgc2026regma-2587879912",
  "format": "[Gen 9 Champions] VGC 2026 Reg M-A",
  "players": [
    "Regm-aSucks",
    "Celentinel"
  ],
  "log": "|j|\u2606Regm-aSucks\n|j|\u2606Celentinel\n|t:|1776573911\n|gametype|doubles\n|player|p1|Regm-aSucks|101|1242\n|player|p2|Celentinel|101|1179\n|gen|9\n|tier|[Gen 9 Champions] VGC 2026 Reg M-A\n|rated|\n|rule|Species Clause: Limit one of each Pok\u00e9mon\n|rule|Item Clause: Limit 1 of each item\n|clearpoke\n|poke|p1|Gengar, L50, F|\n|poke|p1|Sinistcha, L50|\n|poke|p1|Kingambit, L50, F, shiny|\n|poke|p1|Tyranitar, L50, F, shiny|\n|poke|p1|Kommo-o, L50, M, shiny|\n|poke|p1|Incineroar, L50, F, shiny|\n|poke|p2|Pelipper, L50, M|\n|poke|p2|Archaludon, L50, F|\n|poke|p2|Sinistcha, L50|\n|poke|p2|Meganium, L50, F|\n|poke|p2|Basculegion, L50, M|\n|poke|p2|Manectric, L50, M|\n|teampreview|4\n|inactive|Battle timer is ON: inactive players will automatically lose when time's up. (requested by Celentinel)\n|inactive|Regm-aSucks has 60 seconds left.\n|\n|t:|1776573946\n|teamsize|p1|4\n|teamsize|p2|4\n|start\n|switch|p1a: Gengar|Gengar, L50, F|100/100\n|switch|p1b: moewchoman|Incineroar, L50, F, shiny|100/100\n|switch|p2a: Sinistcha|Sinistcha, L50|100/100\n|switch|p2b: Basculegion|Basculegion, L50, M|100/100\n|-ability|p1b: moewchoman|Intimidate|boost\n|-unboost|p2a: Sinistcha|atk|1\n|-unboost|p2b: Basculegion|atk|1\n|turn|1\n|inactive|Celentinel has 30 seconds left.\n|\n|t:|1776573972\n|switch|p2a: Pelipper|Pelipper, L50, M|100/100\n|-weather|RainDance|[from] ability: Drizzle|[of] p2a: Pelipper\n|detailschange|p1a: Gengar|Gengar-Mega, L50, F\n|-mega|p1a: Gengar|Gengar|Gengarite\n|move|p1a: Gengar|Protect|p1a: Gengar\n|-singleturn|p1a: Gengar|Protect\n|move|p2b: Basculegion|Wave Crash|p1a: Gengar\n|-activate|p1a: Gengar|move: Protect\n|move|p1b: moewchoman|Parting Shot|p2b: Basculegion\n|-unboost|p2b: Basculegion|atk|1\n|-unboost|p2b: Basculegion|spa|1\n|\n|t:|1776573978\n|switch|p1b: Tyranitar|Tyranitar, L50, F, shiny|100/100|[from] Parting Shot\n|-weather|Sandstorm|[from] ability: Sand Stream|[of] p1b: Tyranitar\n|\n|-weather|Sandstorm|[upkeep]\n|-damage|p2a: Pelipper|95/100|[from] Sandstorm\n|-damage|p1a: Gengar|95/100|[from] Sandstorm\n|-damage|p2b: Basculegion|94/100|[from] Sandstorm\n|upkeep\n|turn|2\n|\n|t:|1776573991\n|move|p2a: Pelipper|Rain Dance|p2a: Pelipper\n|-weather|RainDance\n|move|p2b: Basculegion|Wave Crash|p1b: Tyranitar\n|-supereffective|p1b: Tyranitar|1\n|-damage|p1b: Tyranitar|0 fnt\n|faint|p1b: Tyranitar\n|-damage|p2b: Basculegion|65/100|[from] Recoil\n|move|p1a: Gengar|Perish Song|p1a: Gengar\n|-start|p1a: Gengar|perish3|[silent]\n|-start|p2a: Pelipper|perish3|[silent]\n|-start|p2b: Basculegion|perish3|[silent]\n|-fieldactivate|move: Perish Song\n|\n|-weather|RainDance|[upkeep]\n|-start|p2b: Basculegion|perish3\n|-start|p2a: Pelipper|perish3\n|-start|p1a: Gengar|perish3\n|upkeep\n|\n|t:|1776574007\n|switch|p1b: Sinistcha|Sinistcha, L50|100/100\n|-heal|p1a: Gengar|100/100|[from] ability: Hospitality|[of] p1b: Sinistcha\n|turn|3\n|\n|t:|1776574024\n|move|p1a: Gengar|Protect|p1a: Gengar\n|-singleturn|p1a: Gengar|Protect\n|move|p2b: Basculegion|Wave Crash|p1a: Gengar\n|-activate|p1a: Gengar|move: Protect\n|move|p2a: Pelipper|Rain Dance||[still]\n|-fail|p2a: Pelipper\n|move|p1b: Sinistcha|Matcha Gotcha|p2a: Pelipper|[spread] p2a\n|-miss|p1b: Sinistcha|p2b: Basculegion\n|-damage|p2a: Pelipper|49/100\n|\n|-weather|RainDance|[upkeep]\n|-start|p2b: Basculegion|perish2\n|-start|p2a: Pelipper|perish2\n|-start|p1a: Gengar|perish2\n|upkeep\n|turn|4\n|\n|t:|1776574042\n|move|p1b: Sinistcha|Rage Powder|p1b: Sinistcha\n|-singleturn|p1b: Sinistcha|move: Rage Powder\n|move|p2b: Basculegion|Wave Crash|p1b: Sinistcha\n|-resisted|p1b: Sinistcha|1\n|-crit|p1b: Sinistcha\n|-damage|p1b: Sinistcha|26/100\n|-enditem|p1b: Sinistcha|Sitrus Berry|[eat]\n|-heal|p1b: Sinistcha|51/100|[from] item: Sitrus Berry\n|-damage|p2b: Basculegion|42/100|[from] Recoil\n|move|p2a: Pelipper|Rain Dance||[still]\n|-fail|p2a: Pelipper\n|move|p1a: Gengar|Shadow Ball|p2b: Basculegion\n|-supereffective|p2b: Basculegion|1\n|-damage|p2b: Basculegion|0 fnt\n|faint|p2b: Basculegion\n|\n|-weather|RainDance|[upkeep]\n|-start|p2a: Pelipper|perish1\n|-start|p1a: Gengar|perish1\n|upkeep\n|\n|t:|1776574051\n|switch|p2b: Archaludon|Archaludon, L50, F|100/100\n|turn|5\n|\n|t:|1776574063\n|switch|p1a: moewchoman|Incineroar, L50, F, shiny|100/100\n|-ability|p1a: moewchoman|Intimidate|boost\n|-unboost|p2a: Pelipper|atk|1\n|-unboost|p2b: Archaludon|atk|1\n|move|p2a: Pelipper|Rain Dance||[still]\n|-fail|p2a: Pelipper\n|move|p2b: Archaludon|Electro Shot||[still]\n|-prepare|p2b: Archaludon|Electro Shot\n|-boost|p2b: Archaludon|spa|1\n|-anim|p2b: Archaludon|Electro Shot|p1b: Sinistcha\n|-resisted|p1b: Sinistcha|1\n|-damage|p1b: Sinistcha|23/100\n|move|p1b: Sinistcha|Life Dew||[still]|[spread] p1a,p1b\n|-fail|p1a: moewchoman|heal\n|-heal|p1b: Sinistcha|47/100\n|\n|-weather|RainDance|[upkeep]\n|-start|p2a: Pelipper|perish0\n|upkeep\n|faint|p2a: Pelipper\n|\n|t:|1776574066\n|switch|p2a: Sinistcha|Sinistcha, L50|100/100\n|turn|6\n|\n|t:|1776574081\n|move|p2b: Archaludon|Protect|p2b: Archaludon\n|-singleturn|p2b: Archaludon|Protect\n|move|p1b: Sinistcha|Life Dew||[still]|[spread] p1a,p1b\n|-fail|p1a: moewchoman|heal\n|-heal|p1b: Sinistcha|72/100\n|move|p2a: Sinistcha|Shadow Ball|p1b: Sinistcha\n|-supereffective|p1b: Sinistcha|1\n|-damage|p1b: Sinistcha|11/100\n|move|p1a: moewchoman|Parting Shot|p2a: Sinistcha\n|-unboost|p2a: Sinistcha|atk|1\n|-unboost|p2a: Sinistcha|spa|1\n|\n|t:|1776574083\n|switch|p1a: Gengar|Gengar-Mega, L50, F|100/100|[from] Parting Shot\n|\n|-weather|none\n|upkeep\n|turn|7\n|\n|t:|1776574101\n|move|p1b: Sinistcha|Rage Powder|p1b: Sinistcha\n|-singleturn|p1b: Sinistcha|move: Rage Powder\n|move|p1a: Gengar|Perish Song|p1a: Gengar\n|-start|p1a: Gengar|perish3|[silent]\n|-start|p1b: Sinistcha|perish3|[silent]\n|-start|p2a: Sinistcha|perish3|[silent]\n|-start|p2b: Archaludon|perish3|[silent]\n|-fieldactivate|move: Perish Song\n|move|p2b: Archaludon|Draco Meteor|p1b: Sinistcha\n|-damage|p1b: Sinistcha|0 fnt\n|-unboost|p2b: Archaludon|spa|2\n|faint|p1b: Sinistcha\n|move|p2a: Sinistcha|Shadow Ball|p1a: Gengar\n|-supereffective|p1a: Gengar|1\n|-damage|p1a: Gengar|49/100\n|\n|-start|p1a: Gengar|perish3\n|-start|p2b: Archaludon|perish3\n|-start|p2a: Sinistcha|perish3\n|upkeep\n|\n|t:|1776574103\n|switch|p1b: moewchoman|Incineroar, L50, F, shiny|100/100\n|-ability|p1b: moewchoman|Intimidate|boost\n|-unboost|p2a: Sinistcha|atk|1\n|-unboost|p2b: Archaludon|atk|1\n|turn|8\n|n|!Celentinel|celentinel\n|-message|Celentinel forfeited.\n|\n|win|Regm-aSucks\n",
  "uploadtime": 1776574120,
  "views": 7,
  "formatid": "gen9championsvgc2026regma",
  "rating": null,
  "private": 0,
  "password": null
}