{
  "id": "gen9championsvgc2026regma-2581112356",
  "format": "[Gen 9 Champions] VGC 2026 Reg M-A",
  "players": [
    "Kailzer",
    "520zhb"
  ],
  "log": "|j|\u2606Kailzer\n|j|\u2606520zhb\n|t:|1775961024\n|gametype|doubles\n|player|p1|Kailzer|morty|1307\n|player|p2|520zhb|169|1394\n|gen|9\n|tier|[Gen 9 Champions] VGC 2026 Reg M-A\n|rated|\n|rule|Species Clause: Limit one of each Pok\u00e9mon\n|rule|Item Clause: Limit 1 of each item\n|clearpoke\n|poke|p1|Ditto, L50|\n|poke|p1|Tyranitar, L50, F|\n|poke|p1|Aerodactyl, L50, M|\n|poke|p1|Sneasler, L50, F|\n|poke|p1|Rotom-Wash, L50|\n|poke|p1|Sylveon, L50, M|\n|poke|p2|Floette-Eternal, L50, F|\n|poke|p2|Aerodactyl, L50, F|\n|poke|p2|Milotic, L50, M|\n|poke|p2|Sinistcha, L50|\n|poke|p2|Incineroar, L50, F|\n|poke|p2|Sneasler, L50, M|\n|teampreview|4\n|inactive|Battle timer is ON: inactive players will automatically lose when time's up. (requested by 520zhb)\n|inactive|Kailzer has 60 seconds left.\n|inactive|520zhb has 60 seconds left.\n|\n|t:|1775961058\n|teamsize|p1|4\n|teamsize|p2|4\n|start\n|switch|p1a: Aerodactyl|Aerodactyl, L50, M|100/100\n|switch|p1b: Tyranitar|Tyranitar, L50, F|100/100\n|switch|p2a: Aerodactyl|Aerodactyl, L50, F|100/100\n|switch|p2b: Floette|Floette-Eternal, L50, F|100/100\n|-ability|p2a: Aerodactyl|Unnerve\n|-ability|p1a: Aerodactyl|Unnerve\n|-weather|Sandstorm|[from] ability: Sand Stream|[of] p1b: Tyranitar\n|turn|1\n|\n|t:|1775961076\n|detailschange|p2b: Floette|Floette-Mega, L50, F\n|-mega|p2b: Floette|Floette|Floettite\n|-ability|p2b: Floette|Fairy Aura\n|detailschange|p1b: Tyranitar|Tyranitar-Mega, L50, F\n|-mega|p1b: Tyranitar|Tyranitar|Tyranitarite\n|move|p1a: Aerodactyl|Tailwind|p1a: Aerodactyl\n|-sidestart|p1: Kailzer|move: Tailwind\n|move|p1b: Tyranitar|Rock Slide|p2b: Floette|[spread] p2a\n|-miss|p1b: Tyranitar|p2b: Floette\n|-supereffective|p2a: Aerodactyl|1\n|-crit|p2a: Aerodactyl\n|-enditem|p2a: Aerodactyl|Focus Sash\n|-damage|p2a: Aerodactyl|1/100\n|move|p2a: Aerodactyl|Tailwind|p2a: Aerodactyl\n|-sidestart|p2: 520zhb|move: Tailwind\n|move|p2b: Floette|Dazzling Gleam|p1b: Tyranitar|[spread] p1a,p1b\n|-supereffective|p1b: Tyranitar|1\n|-damage|p1a: Aerodactyl|60/100\n|-damage|p1b: Tyranitar|43/100\n|\n|-weather|Sandstorm|[upkeep]\n|-damage|p2b: Floette|95/100|[from] Sandstorm\n|upkeep\n|turn|2\n|inactive|Kailzer has 30 seconds left.\n|inactive|Kailzer has 20 seconds left.\n|\n|t:|1775961112\n|move|p2a: Aerodactyl|Rock Slide|p1b: Tyranitar|[spread] p1b\n|-miss|p2a: Aerodactyl|p1a: Aerodactyl\n|-damage|p1b: Tyranitar|24/100\n|move|p1a: Aerodactyl|Rock Slide|p2b: Floette|[spread] p2a,p2b\n|-supereffective|p2a: Aerodactyl|1\n|-damage|p2a: Aerodactyl|0 fnt\n|-damage|p2b: Floette|67/100\n|faint|p2a: Aerodactyl\n|move|p2b: Floette|Moonblast|p1b: Tyranitar\n|-supereffective|p1b: Tyranitar|1\n|-damage|p1b: Tyranitar|0 fnt\n|faint|p1b: Tyranitar\n|\n|-weather|Sandstorm|[upkeep]\n|-damage|p2b: Floette|61/100|[from] Sandstorm\n|upkeep\n|\n|t:|1775961130\n|switch|p2a: Incineroar|Incineroar, L50, F|100/100\n|switch|p1b: Sneasler|Sneasler, L50, F|100/100\n|-ability|p2a: Incineroar|Intimidate|boost\n|-unboost|p1a: Aerodactyl|atk|1\n|-unboost|p1b: Sneasler|atk|1\n|-enditem|p1b: Sneasler|White Herb\n|-clearnegativeboost|p1b: Sneasler|[silent]\n|turn|3\n|\n|t:|1775961154\n|switch|p1a: Ditto|Ditto, L50|100/100\n|-transform|p1a: Ditto|p2b: Floette|[from] ability: Imposter\n|-ability|p1a: Ditto|Fairy Aura\n|switch|p2a: Sinistcha|Sinistcha, L50|100/100\n|-heal|p2b: Floette|86/100|[from] ability: Hospitality|[of] p2a: Sinistcha\n|move|p1b: Sneasler|Protect|p1b: Sneasler\n|-singleturn|p1b: Sneasler|Protect\n|move|p2b: Floette|Protect||[still]\n|-fail|p2b: Floette\n|\n|-weather|Sandstorm|[upkeep]\n|-damage|p1b: Sneasler|95/100|[from] Sandstorm\n|-damage|p2b: Floette|80/100|[from] Sandstorm\n|-damage|p1a: Ditto|95/100|[from] Sandstorm\n|-damage|p2a: Sinistcha|94/100|[from] Sandstorm\n|upkeep\n|turn|4\n|\n|t:|1775961178\n|switch|p2a: Incineroar|Incineroar, L50, F|100/100\n|-ability|p2a: Incineroar|Intimidate|boost\n|-unboost|p1a: Ditto|atk|1\n|-unboost|p1b: Sneasler|atk|1\n|move|p2b: Floette|Protect|p2b: Floette\n|-singleturn|p2b: Floette|Protect\n|move|p1b: Sneasler|Dire Claw|p2b: Floette\n|-activate|p2b: Floette|move: Protect\n|move|p1a: Ditto|Calm Mind|p1a: Ditto\n|-boost|p1a: Ditto|spa|1\n|-boost|p1a: Ditto|spd|1\n|\n|-weather|Sandstorm|[upkeep]\n|-damage|p1b: Sneasler|89/100|[from] Sandstorm\n|-damage|p2b: Floette|74/100|[from] Sandstorm\n|-damage|p1a: Ditto|89/100|[from] Sandstorm\n|-damage|p2a: Incineroar|95/100|[from] Sandstorm\n|-sideend|p2: 520zhb|move: Tailwind\n|-sideend|p1: Kailzer|move: Tailwind\n|upkeep\n|turn|5\n|inactive|Kailzer has 30 seconds left.\n|inactive|Kailzer has 20 seconds left.\n|-activate|p1a: Ditto|item: Quick Claw\n|\n|t:|1775961214\n|move|p1a: Ditto|Dazzling Gleam|p2b: Floette|[spread] p2a,p2b\n|-damage|p2a: Incineroar|36/100\n|-damage|p2b: Floette|30/100\n|move|p1b: Sneasler|Dire Claw|p2b: Floette\n|-supereffective|p2b: Floette|1\n|-damage|p2b: Floette|0 fnt\n|faint|p2b: Floette\n|move|p2a: Incineroar|Roar|p1a: Ditto\n|drag|p1a: Aerodactyl|Aerodactyl, L50, M|60/100\n|-ability|p1a: Aerodactyl|Unnerve\n|\n|-weather|none\n|upkeep\n|-message|520zhb forfeited.\n|\n|win|Kailzer\n|raw|Kailzer's rating: 1307 &rarr; <strong>1332</strong><br />(+25 for winning)\n|raw|520zhb's rating: 1394 &rarr; <strong>1369</strong><br />(-25 for losing)\n|l|\u2606520zhb\n|player|p2|\n|l|\u2606Kailzer\n|player|p1|\n",
  "uploadtime": 1775961311,
  "views": 21,
  "formatid": "gen9championsvgc2026regma",
  "rating": 1332,
  "private": 0,
  "password": null
}