{
  "id": "gen9championsvgc2026regma-2584719982",
  "format": "[Gen 9 Champions] VGC 2026 Reg M-A",
  "players": [
    "SleepyBadBoy",
    "JohnsonLamborghini"
  ],
  "log": "|j|\u2606SleepyBadBoy\n|j|\u2606JohnsonLamborghini\n|t:|1776278935\n|gametype|doubles\n|player|p1|SleepyBadBoy|102|1278\n|player|p2|JohnsonLamborghini|169|1181\n|gen|9\n|tier|[Gen 9 Champions] VGC 2026 Reg M-A\n|rated|\n|rule|Species Clause: Limit one of each Pok\u00e9mon\n|rule|Item Clause: Limit 1 of each item\n|clearpoke\n|poke|p1|Gengar, L50, F|\n|poke|p1|Incineroar, L50, F|\n|poke|p1|Kommo-o, L50, F|\n|poke|p1|Sinistcha, L50|\n|poke|p1|Kingambit, L50, F|\n|poke|p1|Tyranitar, L50, M|\n|poke|p2|Araquanid, L50, F|\n|poke|p2|Sinistcha, L50|\n|poke|p2|Incineroar, L50, M|\n|poke|p2|Farigiraf, L50, M|\n|poke|p2|Chimecho, L50, F|\n|poke|p2|Sableye, L50, F|\n|teampreview|4\n|inactive|Battle timer is ON: inactive players will automatically lose when time's up. (requested by SleepyBadBoy)\n|inactive|SleepyBadBoy has 60 seconds left.\n|\n|t:|1776278985\n|teamsize|p1|4\n|teamsize|p2|4\n|start\n|switch|p1a: Incineroar|Incineroar, L50, F|100/100\n|switch|p1b: Gengar|Gengar, L50, F|100/100\n|switch|p2a: Sinistcha|Sinistcha, L50|100/100\n|switch|p2b: Incineroar|Incineroar, L50, M|100/100\n|-ability|p1a: Incineroar|Intimidate|boost\n|-unboost|p2a: Sinistcha|atk|1\n|-unboost|p2b: Incineroar|atk|1\n|-ability|p2b: Incineroar|Intimidate|boost\n|-unboost|p1a: Incineroar|atk|1\n|-unboost|p1b: Gengar|atk|1\n|turn|1\n|\n|t:|1776279000\n|detailschange|p1b: Gengar|Gengar-Mega, L50, F\n|-mega|p1b: Gengar|Gengar|Gengarite\n|move|p2a: Sinistcha|Protect|p2a: Sinistcha\n|-singleturn|p2a: Sinistcha|Protect\n|move|p1a: Incineroar|Fake Out|p2b: Incineroar\n|-damage|p2b: Incineroar|96/100\n|move|p1b: Gengar|Shadow Ball|p2a: Sinistcha\n|-activate|p2a: Sinistcha|move: Protect\n|cant|p2b: Incineroar|flinch\n|\n|upkeep\n|turn|2\n|\n|t:|1776279013\n|move|p1b: Gengar|Protect|p1b: Gengar\n|-singleturn|p1b: Gengar|Protect\n|move|p1a: Incineroar|Parting Shot|p2b: Incineroar\n|-unboost|p2b: Incineroar|atk|1\n|-unboost|p2b: Incineroar|spa|1\n|\n|t:|1776279018\n|switch|p1a: Kommo-o|Kommo-o, L50, F|100/100|[from] Parting Shot\n|move|p2b: Incineroar|Parting Shot|p1b: Gengar\n|-activate|p1b: Gengar|move: Protect\n|move|p2a: Sinistcha|Trick Room|p2a: Sinistcha\n|-fieldstart|move: Trick Room|[of] p2a: Sinistcha\n|\n|upkeep\n|turn|3\n|\n|t:|1776279035\n|switch|p1b: Incineroar|Incineroar, L50, F|100/100\n|-ability|p1b: Incineroar|Intimidate|boost\n|-unboost|p2a: Sinistcha|atk|1\n|-unboost|p2b: Incineroar|atk|1\n|move|p2a: Sinistcha|Protect|p2a: Sinistcha\n|-singleturn|p2a: Sinistcha|Protect\n|move|p2b: Incineroar|Parting Shot|p1b: Incineroar\n|-unboost|p1b: Incineroar|atk|1\n|-unboost|p1b: Incineroar|spa|1\n|\n|t:|1776279043\n|switch|p2b: Araquanid|Araquanid, L50, F|100/100|[from] Parting Shot\n|move|p1a: Kommo-o|Clangorous Soul|p1a: Kommo-o\n|-boost|p1a: Kommo-o|atk|1\n|-boost|p1a: Kommo-o|def|1\n|-boost|p1a: Kommo-o|spa|1\n|-boost|p1a: Kommo-o|spd|1\n|-boost|p1a: Kommo-o|spe|1\n|-damage|p1a: Kommo-o|68/100\n|\n|-heal|p1a: Kommo-o|73/100|[from] item: Leftovers\n|upkeep\n|turn|4\n|\n|t:|1776279060\n|move|p2b: Araquanid|Wide Guard|p2b: Araquanid\n|-singleturn|p2b: Araquanid|Wide Guard\n|move|p1b: Incineroar|Fake Out|p2b: Araquanid\n|-damage|p2b: Araquanid|94/100\n|move|p2a: Sinistcha|Nasty Plot|p2a: Sinistcha\n|-boost|p2a: Sinistcha|spa|2\n|move|p1a: Kommo-o|Clanging Scales|p2a: Sinistcha|[spread] \n|-activate|p2a: Sinistcha|move: Wide Guard\n|-activate|p2b: Araquanid|move: Wide Guard\n|\n|-heal|p2b: Araquanid|99/100|[from] item: Leftovers\n|-heal|p1a: Kommo-o|79/100|[from] item: Leftovers\n|upkeep\n|turn|5\n|\n|t:|1776279083\n|move|p2b: Araquanid|Soak|p1a: Kommo-o\n|-start|p1a: Kommo-o|typechange|Water\n|move|p2a: Sinistcha|Matcha Gotcha|p1b: Incineroar|[spread] p1a,p1b\n|-supereffective|p1a: Kommo-o|1\n|-resisted|p1b: Incineroar|1\n|-damage|p1a: Kommo-o|0 fnt\n|-damage|p1b: Incineroar|69/100\n|faint|p1a: Kommo-o\n|move|p1b: Incineroar|Parting Shot|p2a: Sinistcha\n|-unboost|p2a: Sinistcha|atk|1\n|-unboost|p2a: Sinistcha|spa|1\n|\n|t:|1776279094\n|switch|p1b: Gengar|Gengar-Mega, L50, F|100/100|[from] Parting Shot\n|\n|-heal|p2b: Araquanid|100/100|[from] item: Leftovers\n|upkeep\n|\n|t:|1776279095\n|switch|p1a: Incineroar|Incineroar, L50, F|69/100\n|-ability|p1a: Incineroar|Intimidate|boost\n|-unboost|p2a: Sinistcha|atk|1\n|-unboost|p2b: Araquanid|atk|1\n|turn|6\n|\n|t:|1776279106\n|move|p2b: Araquanid|Protect|p2b: Araquanid\n|-singleturn|p2b: Araquanid|Protect\n|move|p1a: Incineroar|Protect|p1a: Incineroar\n|-singleturn|p1a: Incineroar|Protect\n|move|p1b: Gengar|Protect|p1b: Gengar\n|-singleturn|p1b: Gengar|Protect\n|move|p2a: Sinistcha|Matcha Gotcha|p1a: Incineroar|[spread] \n|-activate|p1a: Incineroar|move: Protect\n|-activate|p1b: Gengar|move: Protect\n|\n|-fieldend|move: Trick Room\n|upkeep\n|turn|7\n|\n|t:|1776279124\n|move|p2a: Sinistcha|Protect|p2a: Sinistcha\n|-singleturn|p2a: Sinistcha|Protect\n|move|p1b: Gengar|Shadow Ball|p2a: Sinistcha\n|-activate|p2a: Sinistcha|move: Protect\n|move|p1a: Incineroar|Throat Chop|p2a: Sinistcha\n|-activate|p2a: Sinistcha|move: Protect\n|move|p2b: Araquanid|Waterfall|p1a: Incineroar\n|-supereffective|p1a: Incineroar|1\n|-damage|p1a: Incineroar|30/100\n|\n|upkeep\n|turn|8\n|inactive|JohnsonLamborghini has 30 seconds left.\n|\n|t:|1776279150\n|switch|p1a: Sinistcha|Sinistcha, L50|100/100\n|switch|p2a: Incineroar|Incineroar, L50, M|96/100\n|-ability|p2a: Incineroar|Intimidate|boost\n|-unboost|p1a: Sinistcha|atk|1\n|-unboost|p1b: Gengar|atk|1\n|move|p1b: Gengar|Substitute|p1b: Gengar\n|-start|p1b: Gengar|Substitute\n|-damage|p1b: Gengar|76/100\n|move|p2b: Araquanid|Waterfall|p1a: Sinistcha\n|-resisted|p1a: Sinistcha|1\n|-damage|p1a: Sinistcha|88/100\n|\n|upkeep\n|turn|9\n|\n|t:|1776279168\n|move|p1b: Gengar|Shadow Ball|p2b: Araquanid\n|-damage|p2b: Araquanid|70/100\n|-unboost|p2b: Araquanid|spd|1\n|move|p1a: Sinistcha|Matcha Gotcha|p2b: Araquanid|[spread] p2a\n|-miss|p1a: Sinistcha|p2b: Araquanid\n|-resisted|p2a: Incineroar|1\n|-damage|p2a: Incineroar|86/100\n|-heal|p1a: Sinistcha|94/100|[from] drain|[of] p2a: Incineroar\n|move|p2a: Incineroar|Darkest Lariat|p1b: Gengar\n|-supereffective|p1b: Gengar|1\n|-end|p1b: Gengar|Substitute\n|move|p2b: Araquanid|Waterfall|p1b: Gengar\n|-damage|p1b: Gengar|44/100\n|\n|-heal|p2b: Araquanid|75/100|[from] item: Leftovers\n|upkeep\n|turn|10\n|inactive|JohnsonLamborghini has 30 seconds left.\n|inactive|JohnsonLamborghini has 20 seconds left.\n|\n|t:|1776279205\n|move|p1b: Gengar|Protect|p1b: Gengar\n|-singleturn|p1b: Gengar|Protect\n|move|p1a: Sinistcha|Matcha Gotcha|p2b: Araquanid|[spread] p2b\n|-miss|p1a: Sinistcha|p2a: Incineroar\n|-damage|p2b: Araquanid|50/100\n|-heal|p1a: Sinistcha|100/100|[from] drain|[of] p2b: Araquanid\n|move|p2a: Incineroar|Darkest Lariat|p1b: Gengar\n|-activate|p1b: Gengar|move: Protect\n|move|p2b: Araquanid|Waterfall|p1b: Gengar\n|-activate|p1b: Gengar|move: Protect\n|\n|-heal|p2b: Araquanid|55/100|[from] item: Leftovers\n|upkeep\n|turn|11\n|\n|t:|1776279218\n|switch|p1b: Incineroar|Incineroar, L50, F|30/100\n|-ability|p1b: Incineroar|Intimidate|boost\n|-unboost|p2a: Incineroar|atk|1\n|-unboost|p2b: Araquanid|atk|1\n|move|p2b: Araquanid|Wide Guard|p2b: Araquanid\n|-singleturn|p2b: Araquanid|Wide Guard\n|move|p1a: Sinistcha|Life Dew||[still]|[spread] p1a,p1b\n|-fail|p1a: Sinistcha|heal\n|-heal|p1b: Incineroar|55/100\n|move|p2a: Incineroar|Darkest Lariat|p1a: Sinistcha\n|-supereffective|p1a: Sinistcha|1\n|-damage|p1a: Sinistcha|63/100\n|\n|-heal|p2b: Araquanid|61/100|[from] item: Leftovers\n|upkeep\n|turn|12\n|\n|t:|1776279237\n|switch|p2a: Sinistcha|Sinistcha, L50|100/100\n|switch|p2b: Sableye|Sableye, L50, F|100/100\n|move|p1a: Sinistcha|Life Dew|p1a: Sinistcha|[spread] p1a,p1b\n|-heal|p1a: Sinistcha|89/100\n|-heal|p1b: Incineroar|81/100\n|move|p1b: Incineroar|Throat Chop|p2b: Sableye\n|-damage|p2b: Sableye|66/100\n|-start|p2b: Sableye|Throat Chop|[silent]\n|\n|upkeep\n|turn|13\n|\n|t:|1776279256\n|move|p2b: Sableye|Reflect|p2b: Sableye\n|-sidestart|p2: JohnsonLamborghini|Reflect\n|move|p1a: Sinistcha|Matcha Gotcha|p2b: Sableye|[spread] p2a,p2b\n|-resisted|p2a: Sinistcha|1\n|-crit|p2b: Sableye\n|-damage|p2a: Sinistcha|86/100\n|-heal|p1a: Sinistcha|96/100|[from] drain|[of] p2a: Sinistcha\n|-damage|p2b: Sableye|20/100\n|-heal|p1a: Sinistcha|100/100|[from] drain|[of] p2b: Sableye\n|move|p1b: Incineroar|Throat Chop|p2a: Sinistcha\n|-supereffective|p2a: Sinistcha|1\n|-damage|p2a: Sinistcha|50/100\n|-start|p2a: Sinistcha|Throat Chop|[silent]\n|move|p2a: Sinistcha|Trick Room|p2a: Sinistcha\n|-fieldstart|move: Trick Room|[of] p2a: Sinistcha\n|\n|-end|p2b: Sableye|Throat Chop|[silent]\n|upkeep\n|turn|14\n|\n|t:|1776279272\n|move|p2b: Sableye|Knock Off|p1a: Sinistcha\n|-supereffective|p1a: Sinistcha|1\n|-damage|p1a: Sinistcha|56/100\n|-enditem|p1a: Sinistcha|Sitrus Berry|[from] move: Knock Off|[of] p2b: Sableye\n|move|p2a: Sinistcha|Nasty Plot|p2a: Sinistcha\n|-boost|p2a: Sinistcha|spa|2\n|move|p1b: Incineroar|Throat Chop|p2a: Sinistcha\n|-supereffective|p2a: Sinistcha|1\n|-damage|p2a: Sinistcha|11/100\n|move|p1a: Sinistcha|Matcha Gotcha|p2a: Sinistcha|[spread] p2a\n|-miss|p1a: Sinistcha|p2b: Sableye\n|-resisted|p2a: Sinistcha|1\n|-damage|p2a: Sinistcha|0 fnt\n|-heal|p1a: Sinistcha|61/100|[from] drain|[of] p2a: Sinistcha\n|faint|p2a: Sinistcha\n|\n|upkeep\n|\n|t:|1776279285\n|switch|p2a: Araquanid|Araquanid, L50, F|61/100\n|turn|15\n|\n|t:|1776279296\n|move|p2b: Sableye|Light Screen|p2b: Sableye\n|-sidestart|p2: JohnsonLamborghini|move: Light Screen\n|move|p2a: Araquanid|Waterfall|p1b: Incineroar\n|-supereffective|p1b: Incineroar|1\n|-damage|p1b: Incineroar|17/100\n|move|p1b: Incineroar|Throat Chop|p2b: Sableye\n|-damage|p2b: Sableye|0 fnt\n|faint|p2b: Sableye\n|move|p1a: Sinistcha|Life Dew|p1a: Sinistcha|[spread] p1a,p1b\n|-heal|p1a: Sinistcha|86/100\n|-heal|p1b: Incineroar|43/100\n|\n|-heal|p2a: Araquanid|67/100|[from] item: Leftovers\n|upkeep\n|\n|t:|1776279303\n|switch|p2b: Incineroar|Incineroar, L50, M|86/100\n|-ability|p2b: Incineroar|Intimidate|boost\n|-unboost|p1a: Sinistcha|atk|1\n|-unboost|p1b: Incineroar|atk|1\n|turn|16\n|\n|t:|1776279315\n|move|p1a: Sinistcha|Rage Powder|p1a: Sinistcha\n|-singleturn|p1a: Sinistcha|move: Rage Powder\n|move|p2a: Araquanid|Waterfall|p1a: Sinistcha\n|-resisted|p1a: Sinistcha|1\n|-damage|p1a: Sinistcha|69/100\n|move|p2b: Incineroar|Parting Shot|p1a: Sinistcha\n|-unboost|p1a: Sinistcha|atk|1\n|-unboost|p1a: Sinistcha|spa|1\n|move|p1b: Incineroar|Parting Shot|p2a: Araquanid\n|-unboost|p2a: Araquanid|atk|1\n|-unboost|p2a: Araquanid|spa|1\n|\n|t:|1776279323\n|switch|p1b: Gengar|Gengar-Mega, L50, F|44/100|[from] Parting Shot\n|\n|-heal|p2a: Araquanid|72/100|[from] item: Leftovers\n|upkeep\n|turn|17\n|inactive|JohnsonLamborghini has 30 seconds left.\n|\n|t:|1776279355\n|switch|p1b: Incineroar|Incineroar, L50, F|43/100\n|-ability|p1b: Incineroar|Intimidate|boost\n|-unboost|p2a: Araquanid|atk|1\n|-unboost|p2b: Incineroar|atk|1\n|move|p2a: Araquanid|Waterfall|p1b: Incineroar\n|-supereffective|p1b: Incineroar|1\n|-damage|p1b: Incineroar|13/100\n|move|p2b: Incineroar|Darkest Lariat|p1a: Sinistcha\n|-supereffective|p1a: Sinistcha|1\n|-damage|p1a: Sinistcha|27/100\n|move|p1a: Sinistcha|Life Dew|p1a: Sinistcha|[spread] p1a,p1b\n|-heal|p1a: Sinistcha|53/100\n|-heal|p1b: Incineroar|38/100\n|\n|-heal|p2a: Araquanid|78/100|[from] item: Leftovers\n|-sideend|p2: JohnsonLamborghini|Reflect\n|-fieldend|move: Trick Room\n|upkeep\n|turn|18\n|\n|t:|1776279374\n|move|p1b: Incineroar|Fake Out|p2a: Araquanid\n|-damage|p2a: Araquanid|67/100\n|move|p1a: Sinistcha|Life Dew|p1a: Sinistcha|[spread] p1a,p1b\n|-heal|p1a: Sinistcha|78/100\n|-heal|p1b: Incineroar|63/100\n|move|p2b: Incineroar|Darkest Lariat|p1b: Incineroar\n|-resisted|p1b: Incineroar|1\n|-damage|p1b: Incineroar|55/100\n|cant|p2a: Araquanid|flinch\n|\n|-heal|p2a: Araquanid|73/100|[from] item: Leftovers\n|upkeep\n|turn|19\n|\n|t:|1776279387\n|switch|p1a: Gengar|Gengar-Mega, L50, F|44/100\n|move|p1b: Incineroar|Parting Shot|p2b: Incineroar\n|-unboost|p2b: Incineroar|atk|1\n|-unboost|p2b: Incineroar|spa|1\n|\n|t:|1776279392\n|switch|p1b: Sinistcha|Sinistcha, L50|78/100|[from] Parting Shot\n|-heal|p1a: Gengar|68/100|[from] ability: Hospitality|[of] p1b: Sinistcha\n|move|p2b: Incineroar|Flare Blitz|p1a: Gengar\n|-damage|p1a: Gengar|41/100\n|-damage|p2b: Incineroar|78/100|[from] Recoil\n|move|p2a: Araquanid|Waterfall|p1b: Sinistcha\n|-resisted|p1b: Sinistcha|1\n|-damage|p1b: Sinistcha|68/100\n|\n|-heal|p2a: Araquanid|79/100|[from] item: Leftovers\n|-sideend|p2: JohnsonLamborghini|move: Light Screen\n|upkeep\n|turn|20\n|\n|t:|1776279407\n|switch|p1a: Incineroar|Incineroar, L50, F|55/100\n|-ability|p1a: Incineroar|Intimidate|boost\n|-unboost|p2a: Araquanid|atk|1\n|-unboost|p2b: Incineroar|atk|1\n|move|p1b: Sinistcha|Matcha Gotcha|p2a: Araquanid|[spread] p2a,p2b\n|-resisted|p2b: Incineroar|1\n|-damage|p2a: Araquanid|63/100\n|-heal|p1b: Sinistcha|76/100|[from] drain|[of] p2a: Araquanid\n|-damage|p2b: Incineroar|68/100\n|-heal|p1b: Sinistcha|82/100|[from] drain|[of] p2b: Incineroar\n|move|p2b: Incineroar|Flare Blitz|p1b: Sinistcha\n|-supereffective|p1b: Sinistcha|1\n|-damage|p1b: Sinistcha|50/100\n|-damage|p2b: Incineroar|59/100|[from] Recoil\n|move|p2a: Araquanid|Waterfall|p1a: Incineroar\n|-supereffective|p1a: Incineroar|1\n|-damage|p1a: Incineroar|31/100\n|\n|-heal|p2a: Araquanid|69/100|[from] item: Leftovers\n|upkeep\n|turn|21\n|\n|t:|1776279428\n|move|p1b: Sinistcha|Life Dew|p1b: Sinistcha|[spread] p1a,p1b\n|-heal|p1a: Incineroar|56/100\n|-heal|p1b: Sinistcha|76/100\n|move|p1a: Incineroar|Throat Chop|p2a: Araquanid\n|-damage|p2a: Araquanid|38/100\n|-start|p2a: Araquanid|Throat Chop|[silent]\n|move|p2b: Incineroar|Flare Blitz|p1b: Sinistcha\n|-supereffective|p1b: Sinistcha|1\n|-damage|p1b: Sinistcha|44/100\n|-damage|p2b: Incineroar|50/100|[from] Recoil\n|-enditem|p2b: Incineroar|Sitrus Berry|[eat]\n|-heal|p2b: Incineroar|75/100|[from] item: Sitrus Berry\n|move|p2a: Araquanid|Waterfall|p1a: Incineroar\n|-supereffective|p1a: Incineroar|1\n|-damage|p1a: Incineroar|32/100\n|\n|-heal|p2a: Araquanid|44/100|[from] item: Leftovers\n|upkeep\n|turn|22\n|\n|t:|1776279445\n|move|p1b: Sinistcha|Life Dew|p1b: Sinistcha|[spread] p1a,p1b\n|-heal|p1a: Incineroar|57/100\n|-heal|p1b: Sinistcha|70/100\n|move|p1a: Incineroar|Throat Chop|p2b: Incineroar\n|-resisted|p2b: Incineroar|1\n|-damage|p2b: Incineroar|64/100\n|-start|p2b: Incineroar|Throat Chop|[silent]\n|move|p2b: Incineroar|Darkest Lariat|p1a: Incineroar\n|-resisted|p1a: Incineroar|1\n|-damage|p1a: Incineroar|52/100\n|move|p2a: Araquanid|Waterfall|p1a: Incineroar\n|-supereffective|p1a: Incineroar|1\n|-damage|p1a: Incineroar|26/100\n|\n|-heal|p2a: Araquanid|50/100|[from] item: Leftovers\n|-end|p2a: Araquanid|Throat Chop|[silent]\n|upkeep\n|turn|23\n|\n|t:|1776279458\n|move|p1b: Sinistcha|Life Dew|p1b: Sinistcha|[spread] p1a,p1b\n|-heal|p1a: Incineroar|51/100\n|-heal|p1b: Sinistcha|95/100\n|move|p1a: Incineroar|Throat Chop|p2a: Araquanid\n|-damage|p2a: Araquanid|20/100\n|-start|p2a: Araquanid|Throat Chop|[silent]\n|move|p2b: Incineroar|Flare Blitz|p1a: Incineroar\n|-resisted|p1a: Incineroar|1\n|-damage|p1a: Incineroar|45/100\n|-damage|p2b: Incineroar|62/100|[from] Recoil\n|move|p2a: Araquanid|Waterfall|p1a: Incineroar\n|-supereffective|p1a: Incineroar|1\n|-damage|p1a: Incineroar|21/100\n|\n|-heal|p2a: Araquanid|26/100|[from] item: Leftovers\n|-end|p2b: Incineroar|Throat Chop|[silent]\n|upkeep\n|turn|24\n|-message|JohnsonLamborghini forfeited.\n|\n|win|SleepyBadBoy\n|raw|SleepyBadBoy's rating: 1278 &rarr; <strong>1296</strong><br />(+18 for winning)\n|raw|JohnsonLamborghini's rating: 1181 &rarr; <strong>1163</strong><br />(-18 for losing)\n|l|\u2606JohnsonLamborghini\n|player|p2|\n",
  "uploadtime": 1776279480,
  "views": 15,
  "formatid": "gen9championsvgc2026regma",
  "rating": 1163,
  "private": 0,
  "password": null
}