{
  "id": "gen9championsvgc2026regma-2588305623",
  "format": "[Gen 9 Champions] VGC 2026 Reg M-A",
  "players": [
    "gyuhjkjn",
    "H2OCrow"
  ],
  "log": "|j|\u2606gyuhjkjn\n|j|\u2606H2OCrow\n|t:|1776622639\n|gametype|doubles\n|player|p1|gyuhjkjn|170|1000\n|player|p2|H2OCrow|brawly|1045\n|gen|9\n|tier|[Gen 9 Champions] VGC 2026 Reg M-A\n|rated|\n|rule|Species Clause: Limit one of each Pok\u00e9mon\n|rule|Item Clause: Limit 1 of each item\n|clearpoke\n|poke|p1|Excadrill, L50, F|\n|poke|p1|Tyranitar, L50, F|\n|poke|p1|Greninja, L50, F|\n|poke|p1|Sinistcha-Masterpiece, L50|\n|poke|p1|Typhlosion, L50, M|\n|poke|p1|Reuniclus, L50, M|\n|poke|p2|Tyranitar, L50, M|\n|poke|p2|Whimsicott, L50, F|\n|poke|p2|Arcanine-Hisui, L50, M|\n|poke|p2|Scizor, L50, M|\n|poke|p2|Farigiraf, L50, F|\n|poke|p2|Aerodactyl, L50, F|\n|teampreview|4\n|inactive|Battle timer is ON: inactive players will automatically lose when time's up. (requested by H2OCrow)\n|inactive|gyuhjkjn also wants the timer to be on.\nH2OCrow rejected open team sheets.\n|\n|t:|1776622663\n|teamsize|p1|4\n|teamsize|p2|4\n|start\n|switch|p1a: Greninja|Greninja, L50, F|100/100\n|switch|p1b: Tyranitar|Tyranitar, L50, F|100/100\n|switch|p2a: Farigiraf|Farigiraf, L50, F|100/100\n|switch|p2b: Arcanine|Arcanine-Hisui, L50, M|100/100\n|-ability|p2b: Arcanine|Intimidate|boost\n|-unboost|p1a: Greninja|atk|1\n|-unboost|p1b: Tyranitar|atk|1\n|-weather|Sandstorm|[from] ability: Sand Stream|[of] p1b: Tyranitar\n|turn|1\n|\n|t:|1776622681\n|switch|p1b: Excadrill|Excadrill, L50, F|100/100\n|detailschange|p1a: Greninja|Greninja-Mega, L50, F\n|-mega|p1a: Greninja|Greninja|Greninjite\n|move|p1a: Greninja|Taunt|p2a: Farigiraf\n|-start|p1a: Greninja|typechange|Dark|[from] ability: Protean\n|-start|p2a: Farigiraf|move: Taunt\n|move|p2b: Arcanine|Rock Slide|p1a: Greninja|[spread] p1a,p1b\n|-resisted|p1b: Excadrill|2\n|-damage|p1a: Greninja|60/100\n|-damage|p1b: Excadrill|91/100\n|cant|p2a: Farigiraf|move: Taunt|Trick Room\n|\n|-weather|Sandstorm|[upkeep]\n|-damage|p1a: Greninja|54/100|[from] Sandstorm\n|-damage|p2a: Farigiraf|94/100|[from] Sandstorm\n|upkeep\n|turn|2\n|inactive|H2OCrow has 30 seconds left.\n|\n|t:|1776622707\n|switch|p2b: Scizor|Scizor, L50, M|100/100\n|move|p1b: Excadrill|High Horsepower|p2b: Scizor\n|-crit|p2b: Scizor\n|-damage|p2b: Scizor|39/100\n|move|p1a: Greninja|Dark Pulse|p2a: Farigiraf\n|-supereffective|p2a: Farigiraf|1\n|-damage|p2a: Farigiraf|12/100\n|cant|p2a: Farigiraf|flinch\n|\n|-weather|Sandstorm|[upkeep]\n|-damage|p1a: Greninja|48/100|[from] Sandstorm\n|-damage|p2a: Farigiraf|6/100|[from] Sandstorm\n|upkeep\n|turn|3\n|\n|t:|1776622732\n|switch|p2a: Arcanine|Arcanine-Hisui, L50, M|100/100\n|-ability|p2a: Arcanine|Intimidate|boost\n|-unboost|p1a: Greninja|atk|1\n|-unboost|p1b: Excadrill|atk|1\n|move|p1a: Greninja|Protect|p1a: Greninja\n|-singleturn|p1a: Greninja|Protect\n|move|p2b: Scizor|Bullet Punch|p1a: Greninja\n|-activate|p1a: Greninja|move: Protect\n|move|p1b: Excadrill|Substitute|p1b: Excadrill\n|-start|p1b: Excadrill|Substitute\n|-damage|p1b: Excadrill|66/100\n|\n|-weather|Sandstorm|[upkeep]\n|-damage|p1a: Greninja|42/100|[from] Sandstorm\n|upkeep\n|turn|4\n|inactive|H2OCrow has 30 seconds left.\n|\n|t:|1776622760\n|switch|p1a: Sinistcha|Sinistcha-Masterpiece, L50|100/100\n|-heal|p1b: Excadrill|91/100|[from] ability: Hospitality|[of] p1a: Sinistcha\n|move|p2a: Arcanine|Extreme Speed|p1a: Sinistcha\n|-immune|p1a: Sinistcha\n|move|p1b: Excadrill|High Horsepower|p2a: Arcanine\n|-supereffective|p2a: Arcanine|2\n|-damage|p2a: Arcanine|0 fnt\n|faint|p2a: Arcanine\n|move|p2b: Scizor|Roost|p2b: Scizor\n|-heal|p2b: Scizor|89/100\n|-singleturn|p2b: Scizor|move: Roost\n|\n|-weather|Sandstorm|[upkeep]\n|-damage|p1a: Sinistcha|95/100|[from] Sandstorm\n|-heal|p1a: Sinistcha|100/100|[from] item: Leftovers\n|upkeep\n|\n|t:|1776622775\n|switch|p2a: Farigiraf|Farigiraf, L50, F|6/100\n|turn|5\n|\n|t:|1776622784\n|move|p2a: Farigiraf|Protect|p2a: Farigiraf\n|-singleturn|p2a: Farigiraf|Protect\n|move|p1b: Excadrill|High Horsepower|p2b: Scizor\n|-damage|p2b: Scizor|62/100\n|move|p1a: Sinistcha|Matcha Gotcha|p2b: Scizor|[spread] p2b\n|-activate|p2a: Farigiraf|move: Protect\n|-resisted|p2b: Scizor|2\n|-damage|p2b: Scizor|52/100\n|move|p2b: Scizor|Dual Wingbeat|p1a: Sinistcha\n|-supereffective|p1a: Sinistcha|1\n|-damage|p1a: Sinistcha|62/100\n|-supereffective|p1a: Sinistcha|1\n|-damage|p1a: Sinistcha|21/100\n|-hitcount|p1a: Sinistcha|2\n|\n|-weather|none\n|-heal|p1a: Sinistcha|27/100|[from] item: Leftovers\n|upkeep\n|turn|6\n|inactive|H2OCrow has 30 seconds left.\n|\n|t:|1776622812\n|move|p2b: Scizor|Bullet Punch|p1a: Sinistcha\n|-damage|p1a: Sinistcha|0 fnt\n|faint|p1a: Sinistcha\n|move|p1b: Excadrill|Iron Head|p2a: Farigiraf|[miss]\n|-miss|p1b: Excadrill|p2a: Farigiraf\n|move|p2a: Farigiraf|Trick Room|p2a: Farigiraf\n|-fieldstart|move: Trick Room|[of] p2a: Farigiraf\n|\n|upkeep\n|\n|t:|1776622827\n|switch|p1a: Tyranitar|Tyranitar, L50, F|100/100\n|-weather|Sandstorm|[from] ability: Sand Stream|[of] p1a: Tyranitar\n|turn|7\n|inactive|H2OCrow has 30 seconds left.\n|inactive|H2OCrow has 20 seconds left.\n|\n|t:|1776622862\n|detailschange|p2b: Scizor|Scizor-Mega, L50, M\n|-mega|p2b: Scizor|Scizor|Scizorite\n|move|p2b: Scizor|Bullet Punch|p1a: Tyranitar\n|-supereffective|p1a: Tyranitar|1\n|-damage|p1a: Tyranitar|51/100\n|move|p2a: Farigiraf|Hyper Voice|p1b: Excadrill|[spread] p1a,p1b\n|-resisted|p1a: Tyranitar|1\n|-resisted|p1b: Excadrill|1\n|-crit|p1b: Excadrill\n|-damage|p1a: Tyranitar|39/100\n|-damage|p1b: Excadrill|62/100\n|move|p1a: Tyranitar|Rock Slide|p2a: Farigiraf|[spread] p2a,p2b\n|-damage|p2a: Farigiraf|0 fnt\n|-damage|p2b: Scizor|35/100\n|faint|p2a: Farigiraf\n|move|p1b: Excadrill|High Horsepower|p2b: Scizor\n|-damage|p2b: Scizor|13/100\n|\n|-weather|Sandstorm|[upkeep]\n|upkeep\n|\n|t:|1776622877\n|switch|p2a: Tyranitar|Tyranitar, L50, M|100/100\n|turn|8\n|\n|t:|1776622891\n|move|p2b: Scizor|Bullet Punch|p1a: Tyranitar\n|-supereffective|p1a: Tyranitar|1\n|-damage|p1a: Tyranitar|0 fnt\n|faint|p1a: Tyranitar\n|move|p2a: Tyranitar|Body Press|p1b: Excadrill\n|-supereffective|p1b: Excadrill|1\n|-end|p1b: Excadrill|Substitute\n|move|p1b: Excadrill|High Horsepower|p2a: Tyranitar\n|-supereffective|p2a: Tyranitar|1\n|-damage|p2a: Tyranitar|60/100\n|\n|-weather|Sandstorm|[upkeep]\n|upkeep\n|\n|t:|1776622901\n|switch|p1a: Greninja|Greninja-Mega, L50, F|42/100\n|turn|9\n|\n|t:|1776622913\n|move|p2b: Scizor|Bullet Punch|p1a: Greninja\n|-resisted|p1a: Greninja|1\n|-damage|p1a: Greninja|19/100\n|move|p2a: Tyranitar|Body Press|p1b: Excadrill\n|-supereffective|p1b: Excadrill|1\n|-damage|p1b: Excadrill|0 fnt\n|faint|p1b: Excadrill\n|move|p1a: Greninja|Hydro Pump|p2a: Tyranitar|[miss]\n|-start|p1a: Greninja|typechange|Water|[from] ability: Protean\n|-miss|p1a: Greninja|p2a: Tyranitar\n|\n|-weather|Sandstorm|[upkeep]\n|-damage|p1a: Greninja|13/100|[from] Sandstorm\n|upkeep\n|turn|10\n|-message|gyuhjkjn forfeited.\n|\n|win|H2OCrow\n|raw|gyuhjkjn's rating: 1000 &rarr; <strong>1000</strong><br />(+0 for losing)\n|raw|H2OCrow's rating: 1045 &rarr; <strong>1074</strong><br />(+29 for winning)\n|l|\u2606gyuhjkjn\n|player|p1|\n",
  "uploadtime": 1776622932,
  "views": 16,
  "formatid": "gen9championsvgc2026regma",
  "rating": 1000,
  "private": 0,
  "password": null
}