{
  "id": "gen9championsvgc2026regma-2581580609",
  "format": "[Gen 9 Champions] VGC 2026 Reg M-A",
  "players": [
    "fangyusuhe",
    "KennarDH"
  ],
  "log": "|j|\u2606fangyusuhe\n|j|\u2606KennarDH\n|t:|1776012601\n|gametype|doubles\n|player|p1|fangyusuhe|dawn|\n|player|p2|KennarDH|rocketgruntf|\n|gen|9\n|tier|[Gen 9 Champions] VGC 2026 Reg M-A\n|rated|Tournament battle\n|rule|Species Clause: Limit one of each Pok\u00e9mon\n|rule|Item Clause: Limit 1 of each item\n|raw|<div class=\"infobox\"><details class=\"readmore\" open><summary><strong>1 custom rule:</strong></summary> Force Open Team Sheets</details></div>\n|clearpoke\n|poke|p1|Incineroar, L50, F|\n|poke|p1|Sinistcha, L50|\n|poke|p1|Kingambit, L50, F|\n|poke|p1|Floette-Eternal, L50, F|\n|poke|p1|Dragapult, L50, M|\n|poke|p1|Sneasler, L50, M|\n|poke|p2|Oranguru, L50, M|\n|poke|p2|Hatterene, L50, F|\n|poke|p2|Golurk, L50|\n|poke|p2|Kommo-o, L50, F|\n|poke|p2|Venusaur, L50, F|\n|poke|p2|Torkoal, L50, F|\n|teampreview|4\n|showteam|p1|Incineroar||ChopleBerry|Intimidate|PartingShot,ThroatChop,FlareBlitz,FakeOut|||F|||50|]Sinistcha||SitrusBerry|Hospitality|Protect,LifeDew,RagePowder,MatchaGotcha||||||50|]Kingambit||BlackGlasses|Defiant|SwordsDance,SuckerPunch,KowtowCleave,Protect|||F|||50|]Floette-Eternal||Floettite|FlowerVeil|Moonblast,DazzlingGleam,Protect,CalmMind|||F|||50|]Dragapult||FocusSash|ClearBody|DragonDarts,WillOWisp,PsychicFangs,HelpingHand|||M|||50|]Sneasler||WhiteHerb|Unburden|CloseCombat,DireClaw,RockSlide,Protect|||M|||50|\n|showteam|p2|Oranguru||MentalHerb|InnerFocus|TrickRoom,Instruct,HyperVoice,Encore|||M|||50|]Hatterene||FairyFeather|MagicBounce|DazzlingGleam,Psychic,TrickRoom,Protect|||F|||50|]Golurk||Golurkite|NoGuard|HeadlongRush,IcePunch,Poltergeist,ThunderPunch||||||50|]Kommo-o||SitrusBerry|Overcoat|UpperHand,BodyPress,DracoMeteor,Flamethrower|||F|||50|]Venusaur||FocusSash|Chlorophyll|SludgeBomb,EnergyBall,EarthPower,Protect|||F|||50|]Torkoal||LumBerry|Drought|Eruption,WeatherBall,Protect,EarthPower|||F|||50|\n|inactive|Battle timer is ON: inactive players will automatically lose when time's up. (requested by fangyusuhe)\n|inactive|KennarDH has 60 seconds left.\n|j| MagcargoWithMoxie\n|j| bbvmn\n|\n|t:|1776012664\n|teamsize|p1|4\n|teamsize|p2|4\n|start\n|switch|p1a: Floette|Floette-Eternal, L50, F|100/100\n|switch|p1b: Kingambit|Kingambit, L50, F|100/100\n|switch|p2a: Oranguru|Oranguru, L50, M|100/100\n|switch|p2b: Kommo-o|Kommo-o, L50, F|100/100\n|turn|1\n|\n|t:|1776012679\n|move|p1a: Floette|Calm Mind|p1a: Floette\n|-boost|p1a: Floette|spa|1\n|-boost|p1a: Floette|spd|1\n|move|p2b: Kommo-o|Body Press|p1b: Kingambit\n|-supereffective|p1b: Kingambit|2\n|-crit|p1b: Kingambit\n|-damage|p1b: Kingambit|0 fnt\n|faint|p1b: Kingambit\n|move|p2a: Oranguru|Trick Room|p2a: Oranguru\n|-fieldstart|move: Trick Room|[of] p2a: Oranguru\n|\n|upkeep\n|\n|t:|1776012686\n|switch|p1b: Sinistcha|Sinistcha, L50|100/100\n|turn|2\n|j| indyssaviour\n|inactive|KennarDH has 30 seconds left.\n|l| indyssaviour\n|inactive|KennarDH has 20 seconds left.\n|\n|t:|1776012725\n|switch|p2a: Torkoal|Torkoal, L50, F|100/100\n|-weather|SunnyDay|[from] ability: Drought|[of] p2a: Torkoal\n|move|p1b: Sinistcha|Matcha Gotcha|p2b: Kommo-o|[spread] p2a,p2b\n|-resisted|p2a: Torkoal|1\n|-resisted|p2b: Kommo-o|1\n|-damage|p2a: Torkoal|86/100\n|-damage|p2b: Kommo-o|90/100\n|move|p2b: Kommo-o|Draco Meteor|p1b: Sinistcha\n|-damage|p1b: Sinistcha|51/100\n|-unboost|p2b: Kommo-o|spa|2\n|move|p1a: Floette|Calm Mind|p1a: Floette\n|-boost|p1a: Floette|spa|1\n|-boost|p1a: Floette|spd|1\n|\n|-weather|SunnyDay|[upkeep]\n|upkeep\n|turn|3\n|\n|t:|1776012744\n|move|p1b: Sinistcha|Protect|p1b: Sinistcha\n|-singleturn|p1b: Sinistcha|Protect\n|move|p2a: Torkoal|Eruption|p1b: Sinistcha|[spread] p1a\n|-activate|p1b: Sinistcha|move: Protect\n|-damage|p1a: Floette|81/100\n|move|p2b: Kommo-o|Flamethrower|p1a: Floette\n|-damage|p1a: Floette|73/100\n|move|p1a: Floette|Dazzling Gleam|p2b: Kommo-o|[spread] p2a,p2b\n|-resisted|p2a: Torkoal|1\n|-supereffective|p2b: Kommo-o|2\n|-damage|p2a: Torkoal|54/100\n|-damage|p2b: Kommo-o|0 fnt\n|faint|p2b: Kommo-o\n|\n|-weather|SunnyDay|[upkeep]\n|upkeep\n|\n|t:|1776012760\n|switch|p2b: Oranguru|Oranguru, L50, M|100/100\n|turn|4\n|\n|t:|1776012764\n|switch|p1b: Incineroar|Incineroar, L50, F|100/100\n|-ability|p1b: Incineroar|Intimidate|boost\n|-unboost|p2a: Torkoal|atk|1\n|-fail|p2b: Oranguru|unboost|Attack|[from] ability: Inner Focus|[of] p2b: Oranguru\n|detailschange|p1a: Floette|Floette-Mega, L50, F\n|-mega|p1a: Floette|Floette|Floettite\n|-ability|p1a: Floette|Fairy Aura\n|move|p2a: Torkoal|Eruption|p1a: Floette|[spread] p1a,p1b\n|-resisted|p1b: Incineroar|1\n|-damage|p1a: Floette|61/100\n|-damage|p1b: Incineroar|89/100\n|move|p2b: Oranguru|Instruct|p2a: Torkoal\n|-singleturn|p2a: Torkoal|move: Instruct|[of] p2b: Oranguru\n|move|p2a: Torkoal|Eruption|p1a: Floette|[spread] p1a,p1b\n|-resisted|p1b: Incineroar|1\n|-damage|p1a: Floette|48/100\n|-damage|p1b: Incineroar|79/100\n|move|p1a: Floette|Dazzling Gleam|p2a: Torkoal|[spread] p2a,p2b\n|-resisted|p2a: Torkoal|1\n|-damage|p2a: Torkoal|0 fnt\n|-damage|p2b: Oranguru|37/100\n|faint|p2a: Torkoal\n|\n|-weather|SunnyDay|[upkeep]\n|upkeep\n|\n|t:|1776012788\n|switch|p2a: Venusaur|Venusaur, L50, F|100/100\n|turn|5\n|l| MagcargoWithMoxie\n|\n|t:|1776012798\n|move|p2a: Venusaur|Protect|p2a: Venusaur\n|-singleturn|p2a: Venusaur|Protect\n|move|p2b: Oranguru|Hyper Voice|p1a: Floette|[spread] p1a,p1b\n|-crit|p1b: Incineroar\n|-damage|p1a: Floette|41/100\n|-damage|p1b: Incineroar|52/100\n|move|p1b: Incineroar|Flare Blitz|p2a: Venusaur\n|-activate|p2a: Venusaur|move: Protect\n|move|p1a: Floette|Dazzling Gleam|p2a: Venusaur|[spread] p2b\n|-activate|p2a: Venusaur|move: Protect\n|-damage|p2b: Oranguru|0 fnt\n|faint|p2b: Oranguru\n|\n|-weather|SunnyDay|[upkeep]\n|-fieldend|move: Trick Room\n|upkeep\n|turn|6\n|\n|t:|1776012814\n|switch|p1b: Sinistcha|Sinistcha, L50|51/100\n|-heal|p1a: Floette|66/100|[from] ability: Hospitality|[of] p1b: Sinistcha\n|move|p2a: Venusaur|Earth Power|p1b: Sinistcha\n|-resisted|p1b: Sinistcha|1\n|-damage|p1b: Sinistcha|38/100\n|-enditem|p1b: Sinistcha|Sitrus Berry|[eat]\n|-heal|p1b: Sinistcha|63/100|[from] item: Sitrus Berry\n|move|p1a: Floette|Moonblast|p2a: Venusaur\n|-resisted|p2a: Venusaur|1\n|-damage|p2a: Venusaur|25/100\n|-unboost|p2a: Venusaur|spa|1\n|\n|-weather|none\n|upkeep\n|turn|7\n|-message|KennarDH forfeited.\n|\n|win|fangyusuhe\n|n|\u2606fangyusuhe|fangyusuhe\n|n|\u2606KennarDH|kennardh\n|n| bbvmn|bbvmn\n",
  "uploadtime": 1776012830,
  "views": 21,
  "formatid": "gen9championsvgc2026regma",
  "rating": null,
  "private": 0,
  "password": null
}