{
  "id": "gen9championsvgc2026regma-2585290246",
  "format": "[Gen 9 Champions] VGC 2026 Reg M-A",
  "players": [
    "HyugaAnbu",
    "teopresa"
  ],
  "log": "|j|\u2606HyugaAnbu\n|j|\u2606teopresa\n|t:|1776334360\n|gametype|doubles\n|player|p1|HyugaAnbu|169|1116\n|player|p2|teopresa|hoopster|1116\n|gen|9\n|tier|[Gen 9 Champions] VGC 2026 Reg M-A\n|rated|\n|rule|Species Clause: Limit one of each Pok\u00e9mon\n|rule|Item Clause: Limit 1 of each item\n|clearpoke\n|poke|p1|Lopunny, L50, M|\n|poke|p1|Milotic, L50, M|\n|poke|p1|Maushold-Four, L50|\n|poke|p1|Aerodactyl, L50, M|\n|poke|p1|Sinistcha, L50|\n|poke|p1|Typhlosion-Hisui, L50, M|\n|poke|p2|Sneasler, L50, F|\n|poke|p2|Incineroar, L50, F|\n|poke|p2|Dragonite, L50, M|\n|poke|p2|Basculegion, L50, M|\n|poke|p2|Kingambit, L50, F|\n|poke|p2|Floette-Eternal, L50, F|\n|teampreview|4\n|inactive|Battle timer is ON: inactive players will automatically lose when time's up. (requested by HyugaAnbu)\n|\n|t:|1776334396\n|teamsize|p1|4\n|teamsize|p2|4\n|start\n|switch|p1a: Lopunny|Lopunny, L50, M|100/100\n|switch|p1b: Aerodactyl|Aerodactyl, L50, M|100/100\n|switch|p2a: Basculegion|Basculegion, L50, M|100/100\n|switch|p2b: Dragonite|Dragonite, L50, M|100/100\n|-ability|p1b: Aerodactyl|Unnerve\n|turn|1\n|inactive|teopresa has 30 seconds left.\n|\n|t:|1776334421\n|detailschange|p1a: Lopunny|Lopunny-Mega, L50, M\n|-mega|p1a: Lopunny|Lopunny|Lopunnite\n|detailschange|p2b: Dragonite|Dragonite-Mega, L50, M\n|-mega|p2b: Dragonite|Dragonite|Dragoninite\n|move|p2a: Basculegion|Wave Crash|p1b: Aerodactyl\n|-supereffective|p1b: Aerodactyl|1\n|-enditem|p1b: Aerodactyl|Focus Sash\n|-damage|p1b: Aerodactyl|1/100\n|-damage|p2a: Basculegion|74/100|[from] Recoil\n|move|p1a: Lopunny|Triple Axel|p2b: Dragonite|[miss]\n|-miss|p1a: Lopunny|p2b: Dragonite\n|move|p1b: Aerodactyl|Tailwind|p1b: Aerodactyl\n|-sidestart|p1: HyugaAnbu|move: Tailwind\n|move|p2b: Dragonite|Dragon Pulse|p1a: Lopunny\n|-damage|p1a: Lopunny|25/100\n|\n|upkeep\n|turn|2\n|inactive|HyugaAnbu has 30 seconds left.\n|\n|t:|1776334448\n|move|p2b: Dragonite|Protect|p2b: Dragonite\n|-singleturn|p2b: Dragonite|Protect\n|move|p1a: Lopunny|Triple Axel|p2b: Dragonite\n|-activate|p2b: Dragonite|move: Protect\n|move|p1b: Aerodactyl|Rock Slide|p2a: Basculegion|[spread] p2a\n|-activate|p2b: Dragonite|move: Protect\n|-damage|p2a: Basculegion|44/100\n|cant|p2a: Basculegion|flinch\n|\n|upkeep\n|turn|3\n|inactive|teopresa has 30 seconds left.\n|\n|t:|1776334475\n|move|p1a: Lopunny|Triple Axel|p2b: Dragonite\n|-supereffective|p2b: Dragonite|2\n|-damage|p2b: Dragonite|86/100\n|-hitcount|p2b: Dragonite|1\n|move|p1b: Aerodactyl|Dual Wingbeat|p2a: Basculegion\n|-damage|p2a: Basculegion|19/100\n|-damage|p2a: Basculegion|0 fnt\n|faint|p2a: Basculegion\n|-hitcount|p2: Basculegion|2\n|move|p2b: Dragonite|Roost|p2b: Dragonite\n|-heal|p2b: Dragonite|100/100\n|-singleturn|p2b: Dragonite|move: Roost\n|\n|upkeep\n|\n|t:|1776334489\n|switch|p2a: Incineroar|Incineroar, L50, F|100/100\n|-ability|p2a: Incineroar|Intimidate|boost\n|-fail|p1a: Lopunny|unboost|Attack|[from] ability: Scrappy|[of] p1a: Lopunny\n|-unboost|p1b: Aerodactyl|atk|1\n|turn|4\n|\n|t:|1776334509\n|move|p1a: Lopunny|Protect|p1a: Lopunny\n|-singleturn|p1a: Lopunny|Protect\n|move|p1b: Aerodactyl|Protect|p1b: Aerodactyl\n|-singleturn|p1b: Aerodactyl|Protect\n|move|p2b: Dragonite|Protect|p2b: Dragonite\n|-singleturn|p2b: Dragonite|Protect\n|move|p2a: Incineroar|Fake Out|p1b: Aerodactyl\n|-activate|p1b: Aerodactyl|move: Protect\n|\n|-sideend|p1: HyugaAnbu|move: Tailwind\n|upkeep\n|turn|5\n|\n|t:|1776334531\n|move|p1a: Lopunny|Triple Axel|p2b: Dragonite\n|-supereffective|p2b: Dragonite|2\n|-damage|p2b: Dragonite|87/100\n|-supereffective|p2b: Dragonite|2\n|-damage|p2b: Dragonite|39/100\n|-supereffective|p2b: Dragonite|2\n|-damage|p2b: Dragonite|0 fnt\n|faint|p2b: Dragonite\n|-hitcount|p2: Dragonite|3\n|move|p1b: Aerodactyl|Rock Slide|p2a: Incineroar\n|-supereffective|p2a: Incineroar|1\n|-damage|p2a: Incineroar|48/100\n|move|p2a: Incineroar|Flare Blitz|p1a: Lopunny\n|-damage|p1a: Lopunny|0 fnt\n|faint|p1a: Lopunny\n|-damage|p2a: Incineroar|41/100|[from] Recoil\n|\n|upkeep\n|\n|t:|1776334547\n|switch|p1a: Milotic|Milotic, L50, M|100/100\n|switch|p2b: Kingambit|Kingambit, L50, F, shiny|100/100\n|turn|6\n|\n|t:|1776334564\n|move|p2b: Kingambit|Sucker Punch|p1b: Aerodactyl\n|-damage|p1b: Aerodactyl|0 fnt\n|faint|p1b: Aerodactyl\n|move|p2a: Incineroar|Parting Shot|p1a: Milotic\n|-unboost|p1a: Milotic|atk|1\n|-unboost|p1a: Milotic|spa|1\n|move|p1a: Milotic|Scald|p2b: Kingambit\n|-damage|p2b: Kingambit|80/100\n|\n|upkeep\n|\n|t:|1776334568\n|switch|p1b: Maushold|Maushold-Four, L50|100/100\n|turn|7\n|\n|t:|1776334587\n|move|p1b: Maushold|Super Fang|p2b: Kingambit\n|-damage|p2b: Kingambit|41/100\n|move|p2a: Incineroar|Throat Chop|p1a: Milotic\n|-damage|p1a: Milotic|80/100\n|-start|p1a: Milotic|Throat Chop|[silent]\n|move|p1a: Milotic|Scald|p2a: Incineroar\n|-supereffective|p2a: Incineroar|1\n|-damage|p2a: Incineroar|8/100\n|move|p2b: Kingambit|Swords Dance|p2b: Kingambit\n|-boost|p2b: Kingambit|atk|2\n|\n|-heal|p1a: Milotic|86/100|[from] item: Leftovers\n|upkeep\n|turn|8\n|inactive|teopresa has 30 seconds left.\n|\n|t:|1776334620\n|move|p2b: Kingambit|Sucker Punch|p1b: Maushold\n|-damage|p1b: Maushold|5/100\n|move|p1b: Maushold|Super Fang|p2b: Kingambit\n|-damage|p2b: Kingambit|21/100\n|move|p2a: Incineroar|Parting Shot|p1a: Milotic\n|-unboost|p1a: Milotic|atk|1\n|-unboost|p1a: Milotic|spa|1\n|move|p1a: Milotic|Scald|p2a: Incineroar\n|-supereffective|p2a: Incineroar|1\n|-damage|p2a: Incineroar|0 fnt\n|faint|p2a: Incineroar\n|\n|-heal|p1a: Milotic|92/100|[from] item: Leftovers\n|-end|p1a: Milotic|Throat Chop|[silent]\n|upkeep\n|turn|9\n|\n|t:|1776334640\n|move|p1b: Maushold|Super Fang|p2b: Kingambit\n|-damage|p2b: Kingambit|11/100\n|move|p1a: Milotic|Scald|p2b: Kingambit\n|-damage|p2b: Kingambit|0 fnt\n|faint|p2b: Kingambit\n|\n|win|HyugaAnbu\n|raw|HyugaAnbu's rating: 1116 &rarr; <strong>1141</strong><br />(+25 for winning)\n|raw|teopresa's rating: 1116 &rarr; <strong>1091</strong><br />(-25 for losing)\n",
  "uploadtime": 1776334652,
  "views": 39,
  "formatid": "gen9championsvgc2026regma",
  "rating": 1091,
  "private": 0,
  "password": null
}