{
  "id": "gen9championsvgc2026regma-2587552116",
  "format": "[Gen 9 Champions] VGC 2026 Reg M-A",
  "players": [
    "Captain Clean 13",
    "qmantra"
  ],
  "log": "|j|\u2606Captain Clean 13\n|j|\u2606qmantra\n|t:|1776541623\n|gametype|doubles\n|player|p1|Captain Clean 13|steven|1166\n|player|p2|qmantra|101|1233\n|gen|9\n|tier|[Gen 9 Champions] VGC 2026 Reg M-A\n|rated|\n|rule|Species Clause: Limit one of each Pok\u00e9mon\n|rule|Item Clause: Limit 1 of each item\n|clearpoke\n|poke|p1|Farigiraf, L50, F|\n|poke|p1|Volcarona, L50, M|\n|poke|p1|Torkoal, L50, M|\n|poke|p1|Meganium, L50, M|\n|poke|p1|Rhyperior, L50, M|\n|poke|p1|Heliolisk, L50, M|\n|poke|p2|Aerodactyl, L50, M|\n|poke|p2|Incineroar, L50, F|\n|poke|p2|Kingambit, L50, M|\n|poke|p2|Sinistcha, L50|\n|poke|p2|Gyarados, L50, F|\n|poke|p2|Gengar, L50, F|\n|teampreview|4\n|inactive|Battle timer is ON: inactive players will automatically lose when time's up. (requested by qmantra)\n|inactive|Captain Clean 13 also wants the timer to be on.\n|c|\u2606Captain Clean 13|glhf!\n|inactive|Captain Clean 13 has 60 seconds left.\n|\n|t:|1776541657\n|teamsize|p1|4\n|teamsize|p2|4\n|start\n|switch|p1a: Farigiraf|Farigiraf, L50, F|100/100\n|switch|p1b: Rohnta|Volcarona, L50, M|100/100\n|switch|p2a: Aerodactyl|Aerodactyl, L50, M|100/100\n|switch|p2b: Gengar|Gengar, L50, F|100/100\n|-ability|p2a: Aerodactyl|Unnerve\n|turn|1\n|inactive|qmantra has 30 seconds left.\n|\n|t:|1776541688\n|detailschange|p2b: Gengar|Gengar-Mega, L50, F\n|-mega|p2b: Gengar|Gengar|Gengarite\n|move|p2b: Gengar|Perish Song|p2b: Gengar\n|-start|p1a: Farigiraf|perish3|[silent]\n|-start|p1b: Rohnta|perish3|[silent]\n|-start|p2a: Aerodactyl|perish3|[silent]\n|-start|p2b: Gengar|perish3|[silent]\n|-fieldactivate|move: Perish Song\n|move|p2a: Aerodactyl|Rock Slide|p1b: Rohnta|[spread] p1a,p1b\n|-supereffective|p1b: Rohnta|2\n|-damage|p1a: Farigiraf|82/100\n|-enditem|p1b: Rohnta|Focus Sash\n|-damage|p1b: Rohnta|1/100\n|cant|p1b: Rohnta|flinch\n|move|p1a: Farigiraf|Trick Room|p1a: Farigiraf\n|-fieldstart|move: Trick Room|[of] p1a: Farigiraf\n|\n|-start|p1a: Farigiraf|perish3\n|-start|p1b: Rohnta|perish3\n|-start|p2a: Aerodactyl|perish3\n|-start|p2b: Gengar|perish3\n|upkeep\n|turn|2\n|inactive|qmantra has 30 seconds left.\n|\n|t:|1776541721\n|move|p2b: Gengar|Protect|p2b: Gengar\n|-singleturn|p2b: Gengar|Protect\n|move|p1a: Farigiraf|Psychic|p2b: Gengar\n|-activate|p2b: Gengar|move: Protect\n|move|p1b: Rohnta|Heat Wave|p2b: Gengar|[spread] p2a\n|-activate|p2b: Gengar|move: Protect\n|-resisted|p2a: Aerodactyl|1\n|-damage|p2a: Aerodactyl|72/100\n|move|p2a: Aerodactyl|Rock Slide|p1a: Farigiraf|[spread] p1a,p1b\n|-supereffective|p1b: Rohnta|2\n|-damage|p1a: Farigiraf|60/100\n|-damage|p1b: Rohnta|0 fnt\n|faint|p1b: Rohnta\n|\n|-start|p1a: Farigiraf|perish2\n|-start|p2a: Aerodactyl|perish2\n|-start|p2b: Gengar|perish2\n|upkeep\n|inactive|Captain Clean 13 has 30 seconds left.\n|\n|t:|1776541747\n|switch|p1b: Torkoal|Torkoal, L50, M|100/100\n|-weather|SunnyDay|[from] ability: Drought|[of] p1b: Torkoal\n|turn|3\n|\n|t:|1776541759\n|switch|p2b: Incineroar|Incineroar, L50, F|100/100\n|-ability|p2b: Incineroar|Intimidate|boost\n|-unboost|p1a: Farigiraf|atk|1\n|-unboost|p1b: Torkoal|atk|1\n|move|p2a: Aerodactyl|Protect|p2a: Aerodactyl\n|-singleturn|p2a: Aerodactyl|Protect\n|move|p1b: Torkoal|Eruption|p2b: Incineroar|[spread] p2b\n|-activate|p2a: Aerodactyl|move: Protect\n|-resisted|p2b: Incineroar|1\n|-damage|p2b: Incineroar|60/100\n|move|p1a: Farigiraf|Psychic|p2b: Incineroar\n|-immune|p2b: Incineroar\n|\n|-weather|SunnyDay|[upkeep]\n|-start|p1a: Farigiraf|perish1\n|-start|p2a: Aerodactyl|perish1\n|upkeep\n|turn|4\n|inactive|Captain Clean 13 has 30 seconds left.\n|inactive|qmantra has 30 seconds left.\n|\n|t:|1776541796\n|switch|p1a: Rhyolite|Rhyperior, L50, M|100/100\n|switch|p2a: Gengar|Gengar-Mega, L50, F|100/100\n|move|p2b: Incineroar|Fake Out|p1b: Torkoal\n|-damage|p1b: Torkoal|93/100\n|cant|p1b: Torkoal|flinch\n|\n|-weather|SunnyDay|[upkeep]\n|upkeep\n|turn|5\n|inactive|Captain Clean 13 has 30 seconds left.\n|\n|t:|1776541823\n|switch|p2b: Aerodactyl|Aerodactyl, L50, M|72/100\n|-ability|p2b: Aerodactyl|Unnerve\n|move|p2a: Gengar|Protect|p2a: Gengar\n|-singleturn|p2a: Gengar|Protect\n|move|p1b: Torkoal|Eruption|p2b: Aerodactyl|[spread] p2b\n|-activate|p2a: Gengar|move: Protect\n|-resisted|p2b: Aerodactyl|1\n|-damage|p2b: Aerodactyl|13/100\n|move|p1a: Rhyolite|Swords Dance|p1a: Rhyolite\n|-boost|p1a: Rhyolite|atk|2\n|\n|-weather|SunnyDay|[upkeep]\n|-fieldend|move: Trick Room\n|upkeep\n|turn|6\n|inactive|qmantra has 30 seconds left.\n|\n|t:|1776541849\n|move|p2a: Gengar|Shadow Ball|p1a: Rhyolite\n|-damage|p1a: Rhyolite|49/100\n|move|p2b: Aerodactyl|Rock Slide|p1a: Rhyolite|[spread] p1a,p1b\n|-resisted|p1a: Rhyolite|1\n|-supereffective|p1b: Torkoal|1\n|-damage|p1a: Rhyolite|40/100\n|-damage|p1b: Torkoal|54/100\n|move|p1a: Rhyolite|High Horsepower|p2a: Gengar\n|-supereffective|p2a: Gengar|1\n|-damage|p2a: Gengar|0 fnt\n|faint|p2a: Gengar\n|move|p1b: Torkoal|Heat Wave|p2b: Aerodactyl\n|-resisted|p2b: Aerodactyl|1\n|-damage|p2b: Aerodactyl|0 fnt\n|faint|p2b: Aerodactyl\n|\n|-weather|SunnyDay|[upkeep]\n|upkeep\n|\n|t:|1776541862\n|switch|p2a: Incineroar|Incineroar, L50, F|60/100\n|switch|p2b: Kingambit|Kingambit, L50, M|100/100\n|-ability|p2a: Incineroar|Intimidate|boost\n|-unboost|p1a: Rhyolite|atk|1\n|-unboost|p1b: Torkoal|atk|1\n|turn|7\n|inactive|qmantra has 30 seconds left.\n|c|\u2606Captain Clean 13|GG\n|\n|t:|1776541894\n|move|p2a: Incineroar|Fake Out|p1a: Rhyolite\n|-resisted|p1a: Rhyolite|1\n|-crit|p1a: Rhyolite\n|-damage|p1a: Rhyolite|35/100\n|move|p2b: Kingambit|Swords Dance|p2b: Kingambit\n|-boost|p2b: Kingambit|atk|2\n|cant|p1a: Rhyolite|flinch\n|move|p1b: Torkoal|Heat Wave|p2a: Incineroar|[spread] p2b\n|-miss|p1b: Torkoal|p2a: Incineroar\n|-supereffective|p2b: Kingambit|1\n|-damage|p2b: Kingambit|0 fnt\n|faint|p2b: Kingambit\n|\n|-weather|none\n|upkeep\n|turn|8\n|c|\u2606Captain Clean 13|oh\n|-message|qmantra forfeited.\n|\n|win|Captain Clean 13\n|raw|Captain Clean 13's rating: 1166 &rarr; <strong>1196</strong><br />(+30 for winning)\n|raw|qmantra's rating: 1233 &rarr; <strong>1203</strong><br />(-30 for losing)\n|l|\u2606qmantra\n|player|p2|\n|c|\u2606Captain Clean 13|never mind then lol\n",
  "uploadtime": 1776541923,
  "views": 19,
  "formatid": "gen9championsvgc2026regma",
  "rating": 1196,
  "private": 0,
  "password": null
}