{
  "id": "gen9championsvgc2026regma-2583079197",
  "format": "[Gen 9 Champions] VGC 2026 Reg M-A",
  "players": [
    "sh1roki",
    "hvaloy"
  ],
  "log": "|j|\u2606sh1roki\n|j|\u2606hvaloy\n|t:|1776139630\n|gametype|doubles\n|player|p1|sh1roki|veteran|1013\n|player|p2|hvaloy|rocketgrunt|1068\n|gen|9\n|tier|[Gen 9 Champions] VGC 2026 Reg M-A\n|rated|\n|rule|Species Clause: Limit one of each Pok\u00e9mon\n|rule|Item Clause: Limit 1 of each item\n|clearpoke\n|poke|p1|Greninja-*, L50, M|\n|poke|p1|Pelipper, L50, M|\n|poke|p1|Archaludon, L50, M|\n|poke|p1|Sinistcha, L50|\n|poke|p1|Incineroar, L50, F|\n|poke|p1|Basculegion, L50, M|\n|poke|p2|Froslass, L50, F|\n|poke|p2|Ninetales-Alola, L50, F|\n|poke|p2|Incineroar, L50, M|\n|poke|p2|Goodra-Hisui, L50, F|\n|poke|p2|Sneasler, L50, F|\n|poke|p2|Palafin, L50, M|\n|teampreview|4\n|inactive|Battle timer is ON: inactive players will automatically lose when time's up. (requested by hvaloy)\n|\n|t:|1776139680\n|teamsize|p1|4\n|teamsize|p2|4\n|start\n|switch|p1a: Basculegion|Basculegion, L50, M, shiny|100/100\n|switch|p1b: Incineroar|Incineroar, L50, F|100/100\n|switch|p2a: Palafin|Palafin, L50, M|100/100\n|switch|p2b: Sneasler|Sneasler, L50, F|100/100\n|-ability|p1b: Incineroar|Intimidate|boost\n|-unboost|p2a: Palafin|atk|1\n|-unboost|p2b: Sneasler|atk|1\n|-enditem|p2b: Sneasler|White Herb\n|-clearnegativeboost|p2b: Sneasler|[silent]\n|turn|1\n|inactive|sh1roki has 30 seconds left.\n|\n|t:|1776139712\n|move|p2b: Sneasler|Fake Out|p1b: Incineroar\n|-damage|p1b: Incineroar|84/100\n|cant|p1b: Incineroar|flinch\n|move|p1a: Basculegion|Wave Crash|p2b: Sneasler\n|-damage|p2b: Sneasler|0 fnt\n|faint|p2b: Sneasler\n|-damage|p1a: Basculegion|75/100|[from] Recoil\n|move|p2a: Palafin|Flip Turn|p1b: Incineroar\n|-supereffective|p1b: Incineroar|1\n|-damage|p1b: Incineroar|45/100\n|-enditem|p1b: Incineroar|Sitrus Berry|[eat]\n|-heal|p1b: Incineroar|70/100|[from] item: Sitrus Berry\n|\n|t:|1776139729\n|detailschange|p2a: Palafin|Palafin-Hero, L50, M\n|switch|p2a: Froslass|Froslass, L50, F|100/100|[from] Flip Turn\n|\n|upkeep\n|\n|t:|1776139734\n|switch|p2b: Palafin|Palafin-Hero, L50, M|100/100\n|-activate|p2b: Palafin|ability: Zero to Hero\n|turn|2\n|inactive|sh1roki has 30 seconds left.\n|inactive|hvaloy has 30 seconds left.\n|\n|t:|1776139765\n|detailschange|p2a: Froslass|Froslass-Mega, L50, F\n|-mega|p2a: Froslass|Froslass|Froslassite\n|-weather|Snowscape|[from] ability: Snow Warning|[of] p2a: Froslass\n|move|p1a: Basculegion|Protect|p1a: Basculegion\n|-singleturn|p1a: Basculegion|Protect\n|move|p2a: Froslass|Aurora Veil|p2a: Froslass\n|-sidestart|p2: hvaloy|move: Aurora Veil\n|move|p2b: Palafin|Wave Crash|p1a: Basculegion\n|-activate|p1a: Basculegion|move: Protect\n|move|p1b: Incineroar|Darkest Lariat|p2a: Froslass\n|-supereffective|p2a: Froslass|1\n|-damage|p2a: Froslass|53/100\n|\n|-weather|Snowscape|[upkeep]\n|upkeep\n|turn|3\n|inactive|sh1roki has 30 seconds left.\n|\n|t:|1776139794\n|switch|p1b: Pelipper|Pelipper, L50, M|100/100\n|-weather|RainDance|[from] ability: Drizzle|[of] p1b: Pelipper\n|move|p2b: Palafin|Aqua Jet|p1b: Pelipper\n|-resisted|p1b: Pelipper|1\n|-damage|p1b: Pelipper|70/100\n|move|p1a: Basculegion|Last Respects|p2a: Froslass\n|-supereffective|p2a: Froslass|1\n|-damage|p2a: Froslass|3/100\n|move|p2a: Froslass|Shadow Ball|p1a: Basculegion\n|-supereffective|p1a: Basculegion|1\n|-damage|p1a: Basculegion|0 fnt\n|faint|p1a: Basculegion\n|\n|-weather|RainDance|[upkeep]\n|upkeep\n|inactive|sh1roki has 30 seconds left.\n|\n|t:|1776139820\n|switch|p1a: Incineroar|Incineroar, L50, F|70/100\n|-ability|p1a: Incineroar|Intimidate|boost\n|-unboost|p2a: Froslass|atk|1\n|-unboost|p2b: Palafin|atk|1\n|turn|4\n|\n|t:|1776139833\n|move|p1a: Incineroar|Fake Out|p2b: Palafin\n|-damage|p2b: Palafin|94/100\n|move|p2a: Froslass|Shadow Ball|p1b: Pelipper\n|-damage|p1b: Pelipper|0 fnt\n|faint|p1b: Pelipper\n|cant|p2b: Palafin|flinch\n|\n|-weather|RainDance|[upkeep]\n|upkeep\n|\n|t:|1776139842\n|switch|p1b: Archaludon|Archaludon, L50, M|100/100\n|turn|5\n|\n|t:|1776139856\n|switch|p2a: Goodra|Goodra-Hisui, L50, F|100/100\n|move|p2b: Palafin|Flip Turn|p1a: Incineroar\n|-supereffective|p1a: Incineroar|1\n|-damage|p1a: Incineroar|0 fnt\n|faint|p1a: Incineroar\n|\n|t:|1776139864\n|switch|p2b: Froslass|Froslass-Mega, L50, F|3/100|[from] Flip Turn\n|-weather|Snowscape|[from] ability: Snow Warning|[of] p2b: Froslass\n|move|p1b: Archaludon|Electro Shot||[still]\n|-prepare|p1b: Archaludon|Electro Shot\n|-boost|p1b: Archaludon|spa|1\n|\n|-weather|Snowscape|[upkeep]\n|upkeep\n|turn|6\n|-message|sh1roki forfeited.\n|\n|win|hvaloy\n|raw|sh1roki's rating: 1013 &rarr; <strong>1003</strong><br />(-10 for losing)\n|raw|hvaloy's rating: 1068 &rarr; <strong>1093</strong><br />(+25 for winning)\n|l|\u2606sh1roki\n|player|p1|\n",
  "uploadtime": 1776139887,
  "views": 21,
  "formatid": "gen9championsvgc2026regma",
  "rating": 1003,
  "private": 0,
  "password": null
}