{
  "id": "gen9championsvgc2026regma-2582932829",
  "format": "[Gen 9 Champions] VGC 2026 Reg M-A",
  "players": [
    "Tgeyrge",
    "jdbsksjdbd"
  ],
  "log": "|j|\u2606Tgeyrge\n|j|\u2606jdbsksjdbd\n|t:|1776126197\n|gametype|doubles\n|player|p1|Tgeyrge|wallace|1000\n|player|p2|jdbsksjdbd|harlequin|1000\n|gen|9\n|tier|[Gen 9 Champions] VGC 2026 Reg M-A\n|rated|\n|rule|Species Clause: Limit one of each Pok\u00e9mon\n|rule|Item Clause: Limit 1 of each item\n|clearpoke\n|poke|p1|Farigiraf, L50, M|\n|poke|p1|Araquanid, L50, M|\n|poke|p1|Gardevoir, L50, M|\n|poke|p1|Garchomp, L50, F|\n|poke|p1|Whimsicott, L50, M|\n|poke|p1|Rotom-Heat, L50|\n|poke|p2|Abomasnow, L50, M|\n|poke|p2|Sinistcha, L50|\n|poke|p2|Crabominable, L50, M|\n|poke|p2|Farigiraf, L50, F|\n|poke|p2|Ninetales-Alola, L50, M|\n|poke|p2|Weavile, L50, M|\n|teampreview|4\n|inactive|Battle timer is ON: inactive players will automatically lose when time's up. (requested by Tgeyrge)\n|inactive|jdbsksjdbd also wants the timer to be on.\njdbsksjdbd rejected open team sheets.\n|\n|t:|1776126221\n|teamsize|p1|4\n|teamsize|p2|4\n|start\n|switch|p1a: Garchomp|Garchomp, L50, F|100/100\n|switch|p1b: Rotom|Rotom-Heat, L50|100/100\n|switch|p2a: Abomasnow|Abomasnow, L50, M|100/100\n|switch|p2b: Sinistcha|Sinistcha, L50|100/100\n|-weather|Snowscape|[from] ability: Snow Warning|[of] p2a: Abomasnow\n|turn|1\n|inactive|jdbsksjdbd has 30 seconds left.\n|\n|t:|1776126247\n|detailschange|p2a: Abomasnow|Abomasnow-Mega, L50, M\n|-mega|p2a: Abomasnow|Abomasnow|Abomasite\n|move|p1b: Rotom|Overheat|p2a: Abomasnow\n|-supereffective|p2a: Abomasnow|2\n|-damage|p2a: Abomasnow|0 fnt\n|-unboost|p1b: Rotom|spa|2\n|faint|p2a: Abomasnow\n|move|p1a: Garchomp|Rock Slide|p2b: Sinistcha\n|-damage|p2b: Sinistcha|84/100\n|cant|p2b: Sinistcha|flinch\n|\n|-weather|Snowscape|[upkeep]\n|upkeep\n|\n|t:|1776126259\n|switch|p2a: Weavile|Weavile, L50, M|100/100\n|turn|2\n|\n|t:|1776126269\n|switch|p1b: Farigiraf|Farigiraf, L50, M|100/100\n|move|p2a: Weavile|Knock Off|p1b: Farigiraf\n|-supereffective|p1b: Farigiraf|1\n|-enditem|p1b: Farigiraf|Colbur Berry|[eat]\n|-enditem|p1b: Farigiraf|Colbur Berry|[weaken]\n|-damage|p1b: Farigiraf|52/100\n|move|p1a: Garchomp|Rock Slide|p2a: Weavile|[spread] p2a,p2b\n|-supereffective|p2a: Weavile|1\n|-damage|p2a: Weavile|62/100\n|-damage|p2b: Sinistcha|72/100\n|cant|p2b: Sinistcha|flinch\n|\n|-weather|Snowscape|[upkeep]\n|upkeep\n|turn|3\n|\n|t:|1776126291\n|move|p2a: Weavile|Ice Spinner|p1a: Garchomp\n|-supereffective|p1a: Garchomp|2\n|-enditem|p1a: Garchomp|Yache Berry|[eat]\n|-enditem|p1a: Garchomp|Yache Berry|[weaken]\n|-damage|p1a: Garchomp|26/100\n|-damage|p2a: Weavile|49/100|[from] ability: Rough Skin|[of] p1a: Garchomp\n|move|p1a: Garchomp|Rock Slide|p2a: Weavile|[spread] p2b\n|-miss|p1a: Garchomp|p2a: Weavile\n|-damage|p2b: Sinistcha|59/100\n|move|p1b: Farigiraf|Psychic|p2b: Sinistcha\n|-damage|p2b: Sinistcha|9/100\n|-unboost|p2b: Sinistcha|spd|1\n|cant|p2b: Sinistcha|flinch\n|\n|-weather|Snowscape|[upkeep]\n|upkeep\n|turn|4\n|\n|t:|1776126312\n|move|p1a: Garchomp|Protect|p1a: Garchomp\n|-singleturn|p1a: Garchomp|Protect\n|move|p2b: Sinistcha|Protect|p2b: Sinistcha\n|-singleturn|p2b: Sinistcha|Protect\n|move|p2a: Weavile|Ice Spinner|p1a: Garchomp\n|-activate|p1a: Garchomp|move: Protect\n|move|p1b: Farigiraf|Psychic|p2b: Sinistcha\n|-activate|p2b: Sinistcha|move: Protect\n|\n|-weather|Snowscape|[upkeep]\n|upkeep\n|turn|5\n|\n|t:|1776126322\n|switch|p1a: Rotom|Rotom-Heat, L50|100/100\n|move|p2b: Sinistcha|Protect||[still]\n|-fail|p2b: Sinistcha\n|move|p2a: Weavile|Ice Spinner|p1a: Rotom\n|-resisted|p1a: Rotom|1\n|-damage|p1a: Rotom|77/100\n|move|p1b: Farigiraf|Foul Play|p2a: Weavile\n|-resisted|p2a: Weavile|1\n|-damage|p2a: Weavile|32/100\n|\n|-weather|none\n|upkeep\n|turn|6\n|\n|t:|1776126333\n|switch|p1b: Garchomp|Garchomp, L50, F|26/100\n|move|p1a: Rotom|Discharge|p2b: Sinistcha|[spread] p2a,p2b\n|-immune|p1b: Garchomp\n|-crit|p2a: Weavile\n|-resisted|p2b: Sinistcha|1\n|-damage|p2a: Weavile|0 fnt\n|-damage|p2b: Sinistcha|0 fnt\n|faint|p2a: Weavile\n|faint|p2b: Sinistcha\n|\n|upkeep\n|\n|t:|1776126341\n|switch|p2b: Farigiraf|Farigiraf, L50, F|100/100\n|turn|7\n|-message|jdbsksjdbd forfeited.\n|\n|win|Tgeyrge\n|raw|Tgeyrge's rating: 1000 &rarr; <strong>1040</strong><br />(+40 for winning)\n|raw|jdbsksjdbd's rating: 1000 &rarr; <strong>1000</strong><br />(+0 for losing)\n|l|\u2606jdbsksjdbd\n|player|p2|\n",
  "uploadtime": 1776126345,
  "views": 13,
  "formatid": "gen9championsvgc2026regma",
  "rating": 1000,
  "private": 0,
  "password": null
}