{
  "id": "gen9championsvgc2026regma-2588430725",
  "format": "[Gen 9 Champions] VGC 2026 Reg M-A",
  "players": [
    "3ibkbl4",
    "goobert1234"
  ],
  "log": "|j|\u26063ibkbl4\n|j|\u2606goobert1234\n|t:|1776632895\n|gametype|doubles\n|player|p1|3ibkbl4|unknown|1117\n|player|p2|goobert1234|n|1111\n|gen|9\n|tier|[Gen 9 Champions] VGC 2026 Reg M-A\n|rated|\n|rule|Species Clause: Limit one of each Pok\u00e9mon\n|rule|Item Clause: Limit 1 of each item\n|clearpoke\n|poke|p1|Archaludon, L50, M|\n|poke|p1|Pelipper, L50, M|\n|poke|p1|Scizor, L50, F|\n|poke|p1|Gallade, L50, M|\n|poke|p1|Scovillain, L50, F|\n|poke|p1|Aerodactyl, L50, F|\n|poke|p2|Aggron, L50, M, shiny|\n|poke|p2|Clefable, L50, F|\n|poke|p2|Hippowdon, L50, F|\n|poke|p2|Klefki, L50, F|\n|poke|p2|Excadrill, L50, M, shiny|\n|poke|p2|Ditto, L50|\n|teampreview|4\ngoobert1234 rejected open team sheets.\n|inactive|Battle timer is ON: inactive players will automatically lose when time's up. (requested by goobert1234)\n|\n|t:|1776632922\n|teamsize|p1|4\n|teamsize|p2|4\n|start\n|switch|p1a: Scovillain|Scovillain, L50, F|100/100\n|switch|p1b: Scizor|Scizor, L50, F|100/100\n|switch|p2a: guppy|Clefable, L50, F|100/100\n|switch|p2b: dimitri|Klefki, L50, F|100/100\n|turn|1\n|\n|t:|1776632936\n|move|p1a: Scovillain|Protect|p1a: Scovillain\n|-singleturn|p1a: Scovillain|Protect\n|move|p1b: Scizor|Protect|p1b: Scizor\n|-singleturn|p1b: Scizor|Protect\n|move|p2b: dimitri|Reflect|p2b: dimitri\n|-sidestart|p2: goobert1234|Reflect\n|move|p2a: guppy|Amnesia|p2a: guppy\n|-boost|p2a: guppy|spd|2\n|\n|-ability|p1a: Scovillain|Moody|boost\n|-boost|p1a: Scovillain|spa|2\n|-unboost|p1a: Scovillain|spe|1\n|upkeep\n|turn|2\n|\n|t:|1776632962\n|move|p2b: dimitri|Light Screen|p2b: dimitri\n|-sidestart|p2: goobert1234|move: Light Screen\n|move|p1b: Scizor|Bullet Punch|p2a: guppy\n|-supereffective|p2a: guppy|1\n|-damage|p2a: guppy|53/100\n|move|p2a: guppy|Baton Pass|p2a: guppy\n|\n|t:|1776632967\n|switch|p2a: THE WALL!!!|Aggron, L50, M, shiny|100/100|[from] Baton Pass\n|move|p1a: Scovillain|Flamethrower|p2b: dimitri\n|-supereffective|p2b: dimitri|1\n|-damage|p2b: dimitri|0 fnt\n|faint|p2b: dimitri\n|\n|-ability|p1a: Scovillain|Moody|boost\n|-boost|p1a: Scovillain|spe|2\n|-unboost|p1a: Scovillain|spa|1\n|upkeep\n|\n|t:|1776632977\n|switch|p2b: rhino|Hippowdon, L50, F|100/100\n|-weather|Sandstorm|[from] ability: Sand Stream|[of] p2b: rhino\n|turn|3\n|\n|t:|1776632999\n|switch|p1b: Pelipper|Pelipper, L50, M|100/100\n|-weather|RainDance|[from] ability: Drizzle|[of] p1b: Pelipper\n|detailschange|p2a: THE WALL!!!|Aggron-Mega, L50, M, shiny\n|-mega|p2a: THE WALL!!!|Aggron|Aggronite\n|move|p1a: Scovillain|Protect|p1a: Scovillain\n|-singleturn|p1a: Scovillain|Protect\n|move|p2a: THE WALL!!!|Body Press|p1b: Pelipper\n|-resisted|p1b: Pelipper|1\n|-damage|p1b: Pelipper|78/100\n|move|p2b: rhino|Fire Fang|p1b: Pelipper\n|-resisted|p1b: Pelipper|1\n|-damage|p1b: Pelipper|71/100\n|\n|-weather|RainDance|[upkeep]\n|-ability|p1a: Scovillain|Moody|boost\n|-boost|p1a: Scovillain|spd|2\n|-unboost|p1a: Scovillain|spe|1\n|upkeep\n|turn|4\n|inactive|3ibkbl4 has 30 seconds left.\n|\n|t:|1776633024\n|move|p1b: Pelipper|Weather Ball|p2b: rhino\n|-supereffective|p2b: rhino|1\n|-damage|p2b: rhino|17/100\n|move|p1a: Scovillain|Energy Ball|p2b: rhino\n|-supereffective|p2b: rhino|1\n|-damage|p2b: rhino|0 fnt\n|faint|p2b: rhino\n|move|p2a: THE WALL!!!|Stone Edge|p1b: Pelipper\n|-supereffective|p1b: Pelipper|1\n|-damage|p1b: Pelipper|0 fnt\n|faint|p1b: Pelipper\n|\n|-weather|RainDance|[upkeep]\n|-ability|p1a: Scovillain|Moody|boost\n|-boost|p1a: Scovillain|def|2\n|-unboost|p1a: Scovillain|spe|1\n|upkeep\n|\n|t:|1776633038\n|switch|p1b: Scizor|Scizor, L50, F|100/100\n|switch|p2b: guppy|Clefable, L50, F|53/100\n|turn|5\n|\n|t:|1776633046\n|move|p1a: Scovillain|Protect|p1a: Scovillain\n|-singleturn|p1a: Scovillain|Protect\n|move|p1b: Scizor|Bullet Punch|p2b: guppy\n|-supereffective|p2b: guppy|1\n|-damage|p2b: guppy|9/100\n|move|p2b: guppy|Thunder Wave|p1a: Scovillain\n|-activate|p1a: Scovillain|move: Protect\n|move|p2a: THE WALL!!!|Body Press|p1b: Scizor\n|-damage|p1b: Scizor|60/100\n|\n|-weather|RainDance|[upkeep]\n|-heal|p2b: guppy|15/100|[from] item: Leftovers\n|-sideend|p2: goobert1234|Reflect\n|-ability|p1a: Scovillain|Moody|boost\n|-boost|p1a: Scovillain|atk|2\n|-unboost|p1a: Scovillain|spd|1\n|upkeep\n|turn|6\n|\n|t:|1776633064\n|detailschange|p1a: Scovillain|Scovillain-Mega, L50, F\n|-mega|p1a: Scovillain|Scovillain|Scovillainite\n|move|p1a: Scovillain|Rage Powder|p1a: Scovillain\n|-singleturn|p1a: Scovillain|move: Rage Powder\n|move|p1b: Scizor|Bullet Punch|p2b: guppy\n|-supereffective|p2b: guppy|1\n|-damage|p2b: guppy|0 fnt\n|faint|p2b: guppy\n|move|p2a: THE WALL!!!|Stone Edge|p1a: Scovillain\n|-supereffective|p1a: Scovillain|1\n|-damage|p1a: Scovillain|55/100\n|-status|p2a: THE WALL!!!|brn|[from] ability: Spicy Spray|[of] p1a: Scovillain\n|\n|-weather|RainDance|[upkeep]\n|-damage|p2a: THE WALL!!!|94/100 brn|[from] brn\n|-sideend|p2: goobert1234|move: Light Screen\n|upkeep\n|turn|7\n|\n|t:|1776633083\n|move|p1a: Scovillain|Protect|p1a: Scovillain\n|-singleturn|p1a: Scovillain|Protect\n|move|p1b: Scizor|Superpower|p2a: THE WALL!!!\n|-supereffective|p2a: THE WALL!!!|1\n|-damage|p2a: THE WALL!!!|60/100 brn\n|-unboost|p1b: Scizor|atk|1\n|-unboost|p1b: Scizor|def|1\n|move|p2a: THE WALL!!!|Stone Edge|p1a: Scovillain\n|-activate|p1a: Scovillain|move: Protect\n|\n|-weather|none\n|-damage|p2a: THE WALL!!!|54/100 brn|[from] brn\n|upkeep\n|turn|8\n|-message|goobert1234 forfeited.\n|\n|win|3ibkbl4\n|raw|3ibkbl4's rating: 1117 &rarr; <strong>1142</strong><br />(+25 for winning)\n|raw|goobert1234's rating: 1111 &rarr; <strong>1086</strong><br />(-25 for losing)\n|l|\u2606goobert1234\n|player|p2|\n",
  "uploadtime": 1776633089,
  "views": 10,
  "formatid": "gen9championsvgc2026regma",
  "rating": 1086,
  "private": 0,
  "password": null
}