{
  "id": "gen9championsvgc2026regma-2580630682",
  "format": "[Gen 9 Champions] VGC 2026 Reg M-A",
  "players": [
    "halyson003",
    "AidzPlayz"
  ],
  "log": "|j|\u2606halyson003\n|j|\u2606AidzPlayz\n|t:|1775919654\n|gametype|doubles\n|player|p1|halyson003|ninjaboy|1079\n|player|p2|AidzPlayz|ghetsis-gen5bw|1028\n|gen|9\n|tier|[Gen 9 Champions] VGC 2026 Reg M-A\n|rated|\n|rule|Species Clause: Limit one of each Pok\u00e9mon\n|rule|Item Clause: Limit 1 of each item\n|clearpoke\n|poke|p1|Dragonite, L50, M|\n|poke|p1|Pelipper, L50, F|\n|poke|p1|Archaludon, L50, M|\n|poke|p1|Incineroar, L50, M|\n|poke|p1|Basculegion, L50, M|\n|poke|p1|Sneasler, L50, M|\n|poke|p2|Aerodactyl, L50, M|\n|poke|p2|Incineroar, L50, M|\n|poke|p2|Floette-Eternal, L50, F|\n|poke|p2|Basculegion, L50, M|\n|poke|p2|Garchomp, L50, M|\n|poke|p2|Sneasler, L50, M|\n|teampreview|4\n|inactive|Battle timer is ON: inactive players will automatically lose when time's up. (requested by halyson003)\nhalyson003 rejected open team sheets.\n|\n|t:|1775919698\n|teamsize|p1|4\n|teamsize|p2|4\n|start\n|switch|p1a: Siegfried|Dragonite, L50, M, shiny|100/100\n|switch|p1b: Hercules|Incineroar, L50, M|100/100\n|switch|p2a: Sneasler|Sneasler, L50, M|100/100\n|switch|p2b: Aerodactyl|Aerodactyl, L50, M|100/100\n|-ability|p2b: Aerodactyl|Unnerve\n|-ability|p1b: Hercules|Intimidate|boost\n|-unboost|p2a: Sneasler|atk|1\n|-unboost|p2b: Aerodactyl|atk|1\n|-enditem|p2a: Sneasler|White Herb\n|-clearnegativeboost|p2a: Sneasler|[silent]\n|turn|1\n|inactive|halyson003 has 30 seconds left.\n|inactive|AidzPlayz has 30 seconds left.\n|\n|t:|1775919729\n|detailschange|p1a: Siegfried|Dragonite-Mega, L50, M, shiny\n|-mega|p1a: Siegfried|Dragonite|Dragoninite\n|move|p1b: Hercules|Fake Out|p2a: Sneasler\n|-damage|p2a: Sneasler|81/100\n|cant|p2a: Sneasler|flinch\n|move|p2b: Aerodactyl|Tailwind|p2b: Aerodactyl\n|-sidestart|p2: AidzPlayz|move: Tailwind\n|move|p1a: Siegfried|Tailwind|p1a: Siegfried\n|-sidestart|p1: halyson003|move: Tailwind\n|\n|upkeep\n|turn|2\n|inactive|halyson003 has 30 seconds left.\n|inactive|AidzPlayz has 30 seconds left.\n|\n|t:|1775919763\n|move|p1a: Siegfried|Protect|p1a: Siegfried\n|-singleturn|p1a: Siegfried|Protect\n|move|p2a: Sneasler|Close Combat|p1b: Hercules\n|-supereffective|p1b: Hercules|1\n|-damage|p1b: Hercules|0 fnt\n|-unboost|p2a: Sneasler|def|1\n|-unboost|p2a: Sneasler|spd|1\n|faint|p1b: Hercules\n|move|p2b: Aerodactyl|Rock Slide|p1a: Siegfried\n|-activate|p1a: Siegfried|move: Protect\n|\n|upkeep\n|\n|t:|1775919773\n|switch|p1b: Tup\u00e3|Pelipper, L50, F, shiny|100/100\n|-weather|RainDance|[from] ability: Drizzle|[of] p1b: Tup\u00e3\n|turn|3\n|\n|t:|1775919790\n|move|p2b: Aerodactyl|Protect|p2b: Aerodactyl\n|-singleturn|p2b: Aerodactyl|Protect\n|move|p1b: Tup\u00e3|Wide Guard|p1b: Tup\u00e3\n|-singleturn|p1b: Tup\u00e3|Wide Guard\n|move|p2a: Sneasler|Rock Tomb|p1b: Tup\u00e3\n|-supereffective|p1b: Tup\u00e3|1\n|-damage|p1b: Tup\u00e3|48/100\n|-unboost|p1b: Tup\u00e3|spe|1\n|move|p1a: Siegfried|Hurricane|p2a: Sneasler\n|-supereffective|p2a: Sneasler|1\n|-damage|p2a: Sneasler|0 fnt\n|faint|p2a: Sneasler\n|\n|-weather|RainDance|[upkeep]\n|upkeep\n|\n|t:|1775919809\n|switch|p2a: Floette|Floette-Eternal, L50, F|100/100\n|turn|4\n|\n|t:|1775919826\n|switch|p1b: Zeus|Archaludon, L50, M, shiny|100/100\n|detailschange|p2a: Floette|Floette-Mega, L50, F\n|-mega|p2a: Floette|Floette|Floettite\n|-ability|p2a: Floette|Fairy Aura\n|move|p1a: Siegfried|Protect|p1a: Siegfried\n|-singleturn|p1a: Siegfried|Protect\n|move|p2b: Aerodactyl|Rock Slide|p1b: Zeus|[spread] p1b\n|-activate|p1a: Siegfried|move: Protect\n|-resisted|p1b: Zeus|1\n|-damage|p1b: Zeus|94/100\n|-ability|p1b: Zeus|Stamina|boost\n|-boost|p1b: Zeus|def|1\n|move|p2a: Floette|Moonblast|p1b: Zeus\n|-damage|p1b: Zeus|0 fnt\n|faint|p1b: Zeus\n|\n|-weather|RainDance|[upkeep]\n|-sideend|p1: halyson003|move: Tailwind\n|-sideend|p2: AidzPlayz|move: Tailwind\n|upkeep\n|\n|t:|1775919843\n|switch|p1b: Tup\u00e3|Pelipper, L50, F, shiny|48/100\n|turn|5\n|\n|t:|1775919853\n|move|p1b: Tup\u00e3|Wide Guard|p1b: Tup\u00e3\n|-singleturn|p1b: Tup\u00e3|Wide Guard\n|move|p2b: Aerodactyl|Tailwind|p2b: Aerodactyl\n|-sidestart|p2: AidzPlayz|move: Tailwind\n|move|p2a: Floette|Moonblast|p1a: Siegfried\n|-supereffective|p1a: Siegfried|1\n|-damage|p1a: Siegfried|23/100\n|move|p1a: Siegfried|Tailwind|p1a: Siegfried\n|-sidestart|p1: halyson003|move: Tailwind\n|\n|-weather|RainDance|[upkeep]\n|upkeep\n|turn|6\n|\n|t:|1775919872\n|move|p2b: Aerodactyl|Dual Wingbeat|p1a: Siegfried\n|-damage|p1a: Siegfried|11/100\n|-damage|p1a: Siegfried|0 fnt\n|faint|p1a: Siegfried\n|-hitcount|p1: Siegfried|2\n|move|p2a: Floette|Moonblast|p1b: Tup\u00e3\n|-damage|p1b: Tup\u00e3|0 fnt\n|faint|p1b: Tup\u00e3\n|\n|win|AidzPlayz\n|raw|halyson003's rating: 1079 &rarr; <strong>1054</strong><br />(-25 for losing)\n|raw|AidzPlayz's rating: 1028 &rarr; <strong>1069</strong><br />(+41 for winning)\n|c|\u2606AidzPlayz|gg\n|l|\u2606halyson003\n|player|p1|\n",
  "uploadtime": 1775919872,
  "views": 16,
  "formatid": "gen9championsvgc2026regma",
  "rating": 1054,
  "private": 0,
  "password": null
}