{
  "id": "gen9championsvgc2026regma-2585575387",
  "format": "[Gen 9 Champions] VGC 2026 Reg M-A",
  "players": [
    "AriehA1995",
    "5wamp"
  ],
  "log": "|j|\u2606AriehA1995\n|j|\u26065wamp\n|t:|1776356513\n|gametype|doubles\n|player|p1|AriehA1995|fantina|1353\n|player|p2|5wamp|carmine-festival|1329\n|gen|9\n|tier|[Gen 9 Champions] VGC 2026 Reg M-A\n|rated|\n|rule|Species Clause: Limit one of each Pok\u00e9mon\n|rule|Item Clause: Limit 1 of each item\n|clearpoke\n|poke|p1|Blastoise, L50, M|\n|poke|p1|Pelipper, L50, M|\n|poke|p1|Basculegion, L50, M|\n|poke|p1|Archaludon, L50, F|\n|poke|p1|Raichu, L50, F|\n|poke|p1|Chesnaught, L50, F|\n|poke|p2|Floette-Eternal, L50, F|\n|poke|p2|Sneasler, L50, M|\n|poke|p2|Basculegion, L50, M|\n|poke|p2|Aerodactyl, L50, M|\n|poke|p2|Kingambit, L50, M|\n|poke|p2|Incineroar, L50, F|\n|teampreview|4\n|inactive|Battle timer is ON: inactive players will automatically lose when time's up. (requested by 5wamp)\n|inactive|AriehA1995 also wants the timer to be on.\nAriehA1995 has agreed to open team sheets.\n|\n|t:|1776356533\n|teamsize|p1|4\n|teamsize|p2|4\n|start\n|switch|p1a: Pelipper|Pelipper, L50, M|100/100\n|switch|p1b: Blastoise|Blastoise, L50, M|100/100\n|switch|p2a: Aerodactyl|Aerodactyl, L50, M|100/100\n|switch|p2b: Kingambit|Kingambit, L50, M|100/100\n|-ability|p2a: Aerodactyl|Unnerve\n|-weather|RainDance|[from] ability: Drizzle|[of] p1a: Pelipper\n|turn|1\n|\n|t:|1776356553\n|detailschange|p1b: Blastoise|Blastoise-Mega, L50, M\n|-mega|p1b: Blastoise|Blastoise|Blastoisinite\n|move|p1b: Blastoise|Fake Out|p2a: Aerodactyl\n|-resisted|p2a: Aerodactyl|1\n|-damage|p2a: Aerodactyl|93/100\n|cant|p2a: Aerodactyl|flinch\n|move|p1a: Pelipper|Tailwind|p1a: Pelipper\n|-sidestart|p1: AriehA1995|move: Tailwind\n|move|p2b: Kingambit|Kowtow Cleave|p1a: Pelipper\n|-damage|p1a: Pelipper|51/100\n|\n|-weather|RainDance|[upkeep]\n|upkeep\n|turn|2\n|\n|t:|1776356576\n|move|p2a: Aerodactyl|Protect|p2a: Aerodactyl\n|-singleturn|p2a: Aerodactyl|Protect\n|move|p2b: Kingambit|Sucker Punch|p1b: Blastoise\n|-damage|p1b: Blastoise|62/100\n|move|p1b: Blastoise|Water Spout|p2a: Aerodactyl|[spread] p2b\n|-activate|p2a: Aerodactyl|move: Protect\n|-damage|p2b: Kingambit|43/100\n|move|p1a: Pelipper|Weather Ball|p2b: Kingambit\n|-damage|p2b: Kingambit|0 fnt\n|faint|p2b: Kingambit\n|\n|-weather|RainDance|[upkeep]\n|upkeep\n|\n|t:|1776356585\n|switch|p2b: Floette|Floette-Eternal, L50, F|100/100\n|turn|3\n|\n|t:|1776356597\n|detailschange|p2b: Floette|Floette-Mega, L50, F\n|-mega|p2b: Floette|Floette|Floettite\n|-ability|p2b: Floette|Fairy Aura\n|move|p2a: Aerodactyl|Protect||[still]\n|-fail|p2a: Aerodactyl\n|move|p2b: Floette|Protect|p2b: Floette\n|-singleturn|p2b: Floette|Protect\n|move|p1b: Blastoise|Water Spout|p2b: Floette|[spread] p2a\n|-activate|p2b: Floette|move: Protect\n|-supereffective|p2a: Aerodactyl|1\n|-damage|p2a: Aerodactyl|0 fnt\n|faint|p2a: Aerodactyl\n|move|p1a: Pelipper|Weather Ball|p2b: Floette\n|-activate|p2b: Floette|move: Protect\n|\n|-weather|RainDance|[upkeep]\n|upkeep\n|\n|t:|1776356601\n|switch|p2a: Basculegion|Basculegion, L50, M|100/100\n|turn|4\n|inactive|AriehA1995 has 30 seconds left.\n|-activate|p1a: Pelipper|item: Quick Claw\n|\n|t:|1776356636\n|switch|p1b: Archaludon|Archaludon, L50, F|100/100\n|move|p1a: Pelipper|Protect|p1a: Pelipper\n|-singleturn|p1a: Pelipper|Protect\n|move|p2a: Basculegion|Last Respects|p1a: Pelipper\n|-activate|p1a: Pelipper|move: Protect\n|move|p2b: Floette|Moonblast|p1b: Archaludon\n|-damage|p1b: Archaludon|0 fnt\n|faint|p1b: Archaludon\n|\n|-weather|RainDance|[upkeep]\n|-sideend|p1: AriehA1995|move: Tailwind\n|upkeep\n|\n|t:|1776356661\n|switch|p1b: Basculegion|Basculegion, L50, M|100/100\n|turn|5\n|\n|t:|1776356683\n|switch|p1a: Blastoise|Blastoise-Mega, L50, M|62/100\n|move|p1b: Basculegion|Liquidation|p2b: Floette\n|-damage|p2b: Floette|40/100\n|-unboost|p2b: Floette|def|1\n|move|p2a: Basculegion|Last Respects|p1a: Blastoise\n|-damage|p1a: Blastoise|0 fnt\n|faint|p1a: Blastoise\n|move|p2b: Floette|Moonblast|p1b: Basculegion\n|-damage|p1b: Basculegion|17/100\n|\n|-weather|none\n|upkeep\n|\n|t:|1776356698\n|switch|p1a: Pelipper|Pelipper, L50, M|51/100\n|-weather|RainDance|[from] ability: Drizzle|[of] p1a: Pelipper\n|turn|6\n|inactive|AriehA1995 has 30 seconds left.\n|\n|t:|1776356731\n|move|p1b: Basculegion|Last Respects|p2a: Basculegion\n|-supereffective|p2a: Basculegion|1\n|-damage|p2a: Basculegion|0 fnt\n|faint|p2a: Basculegion\n|move|p2b: Floette|Moonblast|p1b: Basculegion\n|-damage|p1b: Basculegion|0 fnt\n|faint|p1b: Basculegion\n|move|p1a: Pelipper|Weather Ball|p2b: Floette\n|-damage|p2b: Floette|0 fnt\n|faint|p2b: Floette\n|\n|win|AriehA1995\n|raw|AriehA1995's rating: 1353 &rarr; <strong>1372</strong><br />(+19 for winning)\n|raw|5wamp's rating: 1329 &rarr; <strong>1310</strong><br />(-19 for losing)\n",
  "uploadtime": 1776356732,
  "views": 22,
  "formatid": "gen9championsvgc2026regma",
  "rating": 1310,
  "private": 0,
  "password": null
}