{
  "id": "gen9championsvgc2026regma-2581925687",
  "format": "[Gen 9 Champions] VGC 2026 Reg M-A",
  "players": [
    "p.k sabota",
    "officialzoruah"
  ],
  "log": "|j|\u2606p.k sabota\n|j|\u2606officialzoruah\n|t:|1776040323\n|gametype|doubles\n|player|p1|p.k sabota|170|1153\n|player|p2|officialzoruah|101|1067\n|gen|9\n|tier|[Gen 9 Champions] VGC 2026 Reg M-A\n|rated|\n|rule|Species Clause: Limit one of each Pok\u00e9mon\n|rule|Item Clause: Limit 1 of each item\n|clearpoke\n|poke|p1|Sableye, L50, M|\n|poke|p1|Garchomp, L50, M|\n|poke|p1|Floette-Eternal, L50, F|\n|poke|p1|Incineroar, L50, M|\n|poke|p1|Basculegion, L50, M|\n|poke|p1|Sinistcha, L50|\n|poke|p2|Farigiraf, L50, M|\n|poke|p2|Zoroark-Hisui, L50, M|\n|poke|p2|Pelipper, L50, M|\n|poke|p2|Archaludon, L50, F|\n|teampreview|4\n|\n|t:|1776040346\n|teamsize|p1|4\n|teamsize|p2|4\n|start\n|switch|p1a: Sableye|Sableye, L50, M|100/100\n|switch|p1b: Incineroar|Incineroar, L50, M|100/100\n|switch|p2a: Farigiraf|Farigiraf, L50, M, shiny|100/100\n|switch|p2b: Archaludon|Archaludon, L50, F, shiny|100/100\n|-ability|p1b: Incineroar|Intimidate|boost\n|-unboost|p2a: Farigiraf|atk|1\n|-unboost|p2b: Archaludon|atk|1\n|turn|1\n|\n|t:|1776040376\n|switch|p2b: Pelipper|Pelipper, L50, M|100/100\n|-weather|RainDance|[from] ability: Drizzle|[of] p2b: Pelipper\n|move|p1a: Sableye|Protect|p1a: Sableye\n|-singleturn|p1a: Sableye|Protect\n|move|p1b: Incineroar|Darkest Lariat|p2a: Farigiraf\n|-supereffective|p2a: Farigiraf|1\n|-damage|p2a: Farigiraf|7/100\n|move|p2a: Farigiraf|Dazzling Gleam|p1a: Sableye|[spread] p1b\n|-activate|p1a: Sableye|move: Protect\n|-crit|p1b: Incineroar\n|-damage|p1b: Incineroar|64/100\n|\n|-weather|RainDance|[upkeep]\n|upkeep\n|turn|2\n|\n|t:|1776040420\n|move|p2a: Farigiraf|Ally Switch|p2a: Farigiraf\n|swap|p2a: Farigiraf|1|[from] move: Ally Switch\n|move|p1a: Sableye|Disable||[still]\n|cant|p2b: Farigiraf|ability: Armor Tail|Disable|[of] p1a: Sableye\n|move|p2a: Pelipper|Weather Ball|p1b: Incineroar\n|-supereffective|p1b: Incineroar|1\n|-damage|p1b: Incineroar|0 fnt\n|faint|p1b: Incineroar\n|\n|-weather|RainDance|[upkeep]\n|upkeep\n|\n|t:|1776040433\n|switch|p1b: Sinistcha|Sinistcha, L50|100/100\n|turn|3\n|\n|t:|1776040447\n|switch|p2b: Archaludon|Archaludon, L50, F, shiny|100/100\n|move|p1a: Sableye|Encore|p2a: Pelipper\n|-start|p2a: Pelipper|Encore\n|move|p2a: Pelipper|Weather Ball|p1a: Sableye\n|-damage|p1a: Sableye|27/100\n|move|p1b: Sinistcha|Calm Mind|p1b: Sinistcha\n|-boost|p1b: Sinistcha|spa|1\n|-boost|p1b: Sinistcha|spd|1\n|\n|-weather|RainDance|[upkeep]\n|upkeep\n|turn|4\n|\n|t:|1776040469\n|move|p1a: Sableye|Disable|p2a: Pelipper\n|-start|p2a: Pelipper|Disable|Weather Ball\n|move|p2b: Archaludon|Draco Meteor|p1b: Sinistcha\n|-damage|p1b: Sinistcha|51/100\n|-unboost|p2b: Archaludon|spa|2\n|cant|p2a: Pelipper|Disable|Weather Ball\n|move|p1b: Sinistcha|Calm Mind|p1b: Sinistcha\n|-boost|p1b: Sinistcha|spa|1\n|-boost|p1b: Sinistcha|spd|1\n|\n|-weather|RainDance|[upkeep]\n|-heal|p1b: Sinistcha|57/100|[from] item: Leftovers\n|upkeep\n|turn|5\n|\n|t:|1776040493\n|switch|p2a: Farigiraf|Farigiraf, L50, M, shiny|100/100\n|move|p1a: Sableye|Encore|p2b: Archaludon\n|-start|p2b: Archaludon|Encore\n|move|p2b: Archaludon|Draco Meteor|p1b: Sinistcha\n|-damage|p1b: Sinistcha|40/100\n|-unboost|p2b: Archaludon|spa|2\n|move|p1b: Sinistcha|Matcha Gotcha|p2b: Archaludon|[spread] p2b\n|-miss|p1b: Sinistcha|p2a: Farigiraf\n|-resisted|p2b: Archaludon|2\n|-damage|p2b: Archaludon|87/100\n|-heal|p1b: Sinistcha|48/100|[from] drain|[of] p2b: Archaludon\n|-status|p2b: Archaludon|brn\n|-ability|p2b: Archaludon|Stamina|boost\n|-boost|p2b: Archaludon|def|1\n|\n|-weather|none\n|-heal|p1b: Sinistcha|54/100|[from] item: Leftovers\n|-damage|p2b: Archaludon|81/100 brn|[from] brn\n|upkeep\n|turn|6\n|\n|t:|1776040531\n|move|p1a: Sableye|Protect|p1a: Sableye\n|-singleturn|p1a: Sableye|Protect\n|move|p1b: Sinistcha|Protect|p1b: Sinistcha\n|-singleturn|p1b: Sinistcha|Protect\n|move|p2a: Farigiraf|Flamethrower|p1b: Sinistcha\n|-activate|p1b: Sinistcha|move: Protect\n|move|p2b: Archaludon|Draco Meteor|p1a: Sableye\n|-activate|p1a: Sableye|move: Protect\n|\n|-heal|p1b: Sinistcha|60/100|[from] item: Leftovers\n|-damage|p2b: Archaludon|75/100 brn|[from] brn\n|upkeep\n|turn|7\n|\n|t:|1776040572\n|switch|p2b: Pelipper|Pelipper, L50, M|100/100\n|-weather|RainDance|[from] ability: Drizzle|[of] p2b: Pelipper\n|switch|p1a: Floette|Floette-Eternal, L50, F|100/100\n|move|p2a: Farigiraf|Shadow Ball|p1b: Sinistcha\n|-supereffective|p1b: Sinistcha|1\n|-damage|p1b: Sinistcha|0 fnt\n|faint|p1b: Sinistcha\n|\n|-weather|RainDance|[upkeep]\n|upkeep\n|\n|t:|1776040586\n|switch|p1b: Sableye|Sableye, L50, M|27/100\n|turn|8\n|\n|t:|1776040597\n|detailschange|p1a: Floette|Floette-Mega, L50, F\n|-mega|p1a: Floette|Floette|Floettite\n|-ability|p1a: Floette|Fairy Aura\n|move|p1b: Sableye|Protect|p1b: Sableye\n|-singleturn|p1b: Sableye|Protect\n|move|p1a: Floette|Dazzling Gleam|p2b: Pelipper|[spread] p2a,p2b\n|-damage|p2a: Farigiraf|18/100\n|-damage|p2b: Pelipper|39/100\n|replace|p2a: Zoroark|Zoroark-Hisui, L50, M, shiny\n|-end|p2a: Zoroark|Illusion\n|move|p2a: Zoroark|Shadow Ball|p1a: Floette\n|-damage|p1a: Floette|54/100\n|move|p2b: Pelipper|Hurricane|p1a: Floette\n|-damage|p1a: Floette|9/100\n|\n|-weather|RainDance|[upkeep]\n|upkeep\n|turn|9\n|\n|t:|1776040626\n|move|p2b: Pelipper|Wide Guard|p2b: Pelipper\n|-singleturn|p2b: Pelipper|Wide Guard\n|move|p1b: Sableye|Disable|p2a: Zoroark\n|-start|p2a: Zoroark|Disable|Shadow Ball\n|move|p1a: Floette|Dazzling Gleam|p2a: Zoroark|[spread] \n|-activate|p2a: Zoroark|move: Wide Guard\n|-activate|p2b: Pelipper|move: Wide Guard\n|cant|p2a: Zoroark|Disable|Shadow Ball\n|\n|-weather|RainDance|[upkeep]\n|upkeep\n|turn|10\n|\n|t:|1776040650\n|switch|p2a: Archaludon|Archaludon, L50, F, shiny|75/100 brn\n|switch|p2b: Farigiraf|Farigiraf, L50, M, shiny|7/100\n|move|p1b: Sableye|Protect|p1b: Sableye\n|-singleturn|p1b: Sableye|Protect\n|move|p1a: Floette|Dazzling Gleam|p2b: Farigiraf|[spread] p2a,p2b\n|-damage|p2a: Archaludon|25/100 brn\n|-damage|p2b: Farigiraf|0 fnt\n|-ability|p2a: Archaludon|Stamina|boost\n|-boost|p2a: Archaludon|def|1\n|faint|p2b: Farigiraf\n|\n|-weather|RainDance|[upkeep]\n|-damage|p2a: Archaludon|19/100 brn|[from] brn\n|upkeep\n|\n|t:|1776040663\n|switch|p2b: Pelipper|Pelipper, L50, M|39/100\n|turn|11\n|\n|t:|1776040674\n|move|p2b: Pelipper|Wide Guard|p2b: Pelipper\n|-singleturn|p2b: Pelipper|Wide Guard\n|move|p1b: Sableye|Quash||[still]\n|-fail|p1b: Sableye\n|move|p1a: Floette|Dazzling Gleam|p2a: Archaludon|[spread] \n|-activate|p2a: Archaludon|move: Wide Guard\n|-activate|p2b: Pelipper|move: Wide Guard\n|move|p2a: Archaludon|Electro Shot||[still]\n|-prepare|p2a: Archaludon|Electro Shot\n|-boost|p2a: Archaludon|spa|1\n|-anim|p2a: Archaludon|Electro Shot|p1a: Floette\n|-damage|p1a: Floette|0 fnt\n|faint|p1a: Floette\n|-heal|p2a: Archaludon|19/100 brn|[from] item: Shell Bell|[of] p1: Floette\n|\n|-weather|none\n|-damage|p2a: Archaludon|13/100 brn|[from] brn\n|upkeep\n|turn|12\n|c|\u2606officialzoruah|dont be shit...\n|\n|t:|1776040704\n|move|p1b: Sableye|Encore|p2b: Pelipper\n|-start|p2b: Pelipper|Encore\n|move|p2b: Pelipper|Wide Guard|p2b: Pelipper\n|-singleturn|p2b: Pelipper|Wide Guard\n|move|p2a: Archaludon|Flash Cannon|p1b: Sableye\n|-damage|p1b: Sableye|0 fnt\n|faint|p1b: Sableye\n|-heal|p2a: Archaludon|16/100 brn|[from] item: Shell Bell|[of] p1: Sableye\n|\n|win|officialzoruah\n|raw|p.k sabota's rating: 1153 &rarr; <strong>1122</strong><br />(-31 for losing)\n|raw|officialzoruah's rating: 1067 &rarr; <strong>1104</strong><br />(+37 for winning)\n|c|\u2606officialzoruah|stop following meta\n|c|\u2606officialzoruah|have fun\n|l|\u2606p.k sabota\n|player|p1|\n",
  "uploadtime": 1776040728,
  "views": 23,
  "formatid": "gen9championsvgc2026regma",
  "rating": 1104,
  "private": 0,
  "password": null
}