{
  "id": "gen9championsvgc2026regma-2587023924",
  "format": "[Gen 9 Champions] VGC 2026 Reg M-A",
  "players": [
    "Rtx_sebas",
    "collete"
  ],
  "log": "|j|\u2606Rtx_sebas\n|j|\u2606collete\n|t:|1776482351\n|gametype|doubles\n|player|p1|Rtx_sebas|266|1204\n|player|p2|collete|2|1105\n|gen|9\n|tier|[Gen 9 Champions] VGC 2026 Reg M-A\n|rated|\n|rule|Species Clause: Limit one of each Pok\u00e9mon\n|rule|Item Clause: Limit 1 of each item\n|clearpoke\n|poke|p1|Charizard, L50, M|\n|poke|p1|Sneasler, L50, M|\n|poke|p1|Maushold, L50|\n|poke|p1|Venusaur, L50, F|\n|poke|p1|Sableye, L50, F|\n|poke|p1|Garchomp, L50, F|\n|poke|p2|Incineroar, L50, M|\n|poke|p2|Starmie, L50|\n|poke|p2|Archaludon, L50, F|\n|poke|p2|Sneasler, L50, M|\n|poke|p2|Sinistcha, L50|\n|poke|p2|Aerodactyl, L50, F|\n|teampreview|4\n|inactive|Battle timer is ON: inactive players will automatically lose when time's up. (requested by collete)\n|\n|t:|1776482396\n|teamsize|p1|4\n|teamsize|p2|4\n|start\n|switch|p1a: Charizard|Charizard, L50, M|100/100\n|switch|p1b: Sableye|Sableye, L50, F|100/100\n|switch|p2a: Aerodactyl|Aerodactyl, L50, F|100/100\n|switch|p2b: Starmie|Starmie, L50|100/100\n|-ability|p2a: Aerodactyl|Unnerve\n|turn|1\n|inactive|collete has 30 seconds left.\n|\n|t:|1776482421\n|switch|p2b: Archaludon|Archaludon, L50, F, shiny|100/100\n|move|p1a: Charizard|Protect|p1a: Charizard\n|-singleturn|p1a: Charizard|Protect\n|move|p1b: Sableye|Will-O-Wisp|p2b: Archaludon\n|-status|p2b: Archaludon|brn\n|-enditem|p2b: Archaludon|Lum Berry|[eat]\n|-curestatus|p2b: Archaludon|brn|[msg]\n|move|p2a: Aerodactyl|Tailwind|p2a: Aerodactyl\n|-sidestart|p2: collete|move: Tailwind\n|\n|upkeep\n|turn|2\n|inactive|Rtx_sebas has 30 seconds left.\n|\n|t:|1776482449\n|switch|p1a: Garchomp|Garchomp, L50, F|100/100\n|move|p1b: Sableye|Encore|p2a: Aerodactyl\n|-start|p2a: Aerodactyl|Encore\n|move|p2a: Aerodactyl|Tailwind||[still]\n|-fail|p2a: Aerodactyl\n|move|p2b: Archaludon|Dragon Pulse|p1a: Garchomp\n|-supereffective|p1a: Garchomp|1\n|-damage|p1a: Garchomp|8/100\n|\n|upkeep\n|turn|3\n|inactive|Rtx_sebas has 30 seconds left.\n|\n|t:|1776482476\n|switch|p2a: Sneasler|Sneasler, L50, M|100/100\n|move|p1b: Sableye|Quash|p2b: Archaludon\n|-activate|p2b: Archaludon|move: Quash\n|move|p1a: Garchomp|Rock Slide|p2a: Sneasler|[spread] p2a,p2b\n|-resisted|p2a: Sneasler|1\n|-resisted|p2b: Archaludon|1\n|-damage|p2a: Sneasler|83/100\n|-damage|p2b: Archaludon|91/100\n|-ability|p2b: Archaludon|Stamina|boost\n|-boost|p2b: Archaludon|def|1\n|cant|p2b: Archaludon|flinch\n|\n|upkeep\n|turn|4\n|\n|t:|1776482494\n|move|p1a: Garchomp|Protect|p1a: Garchomp\n|-singleturn|p1a: Garchomp|Protect\n|move|p1b: Sableye|Will-O-Wisp|p2a: Sneasler\n|-status|p2a: Sneasler|brn\n|move|p2a: Sneasler|Dire Claw|p1b: Sableye\n|-resisted|p1b: Sableye|1\n|-damage|p1b: Sableye|87/100\n|move|p2b: Archaludon|Dragon Pulse|p1a: Garchomp\n|-activate|p1a: Garchomp|move: Protect\n|\n|-damage|p2a: Sneasler|77/100 brn|[from] brn\n|-sideend|p2: collete|move: Tailwind\n|upkeep\n|turn|5\n|inactive|Rtx_sebas has 30 seconds left.\n|inactive|Rtx_sebas has 20 seconds left.\n|inactive|Rtx_sebas has 15 seconds left.\n|inactive|Rtx_sebas has 10 seconds left.\n|inactive|Rtx_sebas has 5 seconds left.\n|\n|t:|1776482546\n|move|p1b: Sableye|Will-O-Wisp|p2b: Archaludon\n|-status|p2b: Archaludon|brn\n|move|p2a: Sneasler|Dire Claw|p1b: Sableye\n|-resisted|p1b: Sableye|1\n|-damage|p1b: Sableye|73/100\n|-status|p1b: Sableye|psn\n|move|p1a: Garchomp|Earthquake|p2b: Archaludon|[spread] p1b,p2a,p2b\n|-supereffective|p2a: Sneasler|1\n|-supereffective|p2b: Archaludon|1\n|-damage|p1b: Sableye|22/100 psn\n|-damage|p2a: Sneasler|0 fnt\n|-damage|p2b: Archaludon|47/100 brn\n|-ability|p2b: Archaludon|Stamina|boost\n|-boost|p2b: Archaludon|def|1\n|faint|p2a: Sneasler\n|move|p2b: Archaludon|Dragon Pulse|p1a: Garchomp\n|-supereffective|p1a: Garchomp|1\n|-damage|p1a: Garchomp|0 fnt\n|faint|p1a: Garchomp\n|\n|-damage|p1b: Sableye|10/100 psn|[from] psn\n|-damage|p2b: Archaludon|41/100 brn|[from] brn\n|upkeep\n|inactive|collete has 30 seconds left.\n|\n|t:|1776482572\n|switch|p2a: Aerodactyl|Aerodactyl, L50, F|100/100\n|switch|p1a: Charizard|Charizard, L50, M|100/100\n|-ability|p2a: Aerodactyl|Unnerve\n|turn|6\n|\n|t:|1776482588\n|detailschange|p1a: Charizard|Charizard-Mega-Y, L50, M\n|-mega|p1a: Charizard|Charizard|Charizardite Y\n|-weather|SunnyDay|[from] ability: Drought|[of] p1a: Charizard\n|move|p1b: Sableye|Will-O-Wisp|p2a: Aerodactyl\n|-status|p2a: Aerodactyl|brn\n|move|p2a: Aerodactyl|Tailwind|p2a: Aerodactyl\n|-sidestart|p2: collete|move: Tailwind\n|move|p2b: Archaludon|Dragon Pulse|p1b: Sableye\n|-damage|p1b: Sableye|0 fnt\n|faint|p1b: Sableye\n|move|p1a: Charizard|Heat Wave|p2b: Archaludon|[spread] p2a,p2b\n|-resisted|p2a: Aerodactyl|1\n|-damage|p2a: Aerodactyl|57/100 brn\n|-damage|p2b: Archaludon|0 fnt\n|faint|p2b: Archaludon\n|\n|-weather|SunnyDay|[upkeep]\n|-damage|p2a: Aerodactyl|51/100 brn|[from] brn\n|upkeep\n|\n|t:|1776482603\n|switch|p2b: Starmie|Starmie, L50|100/100\n|switch|p1b: Sneasler|Sneasler, L50, M|100/100\n|turn|7\n|inactive|Rtx_sebas has 30 seconds left.\n|inactive|Rtx_sebas has 20 seconds left.\n|inactive|Rtx_sebas has 15 seconds left.\n|inactive|Rtx_sebas has 10 seconds left.\n|inactive|Rtx_sebas has 5 seconds left.\n|\n|t:|1776482653\n|detailschange|p2b: Starmie|Starmie-Mega, L50\n|-mega|p2b: Starmie|Starmie|Starminite\n|move|p2a: Aerodactyl|Protect|p2a: Aerodactyl\n|-singleturn|p2a: Aerodactyl|Protect\n|move|p1b: Sneasler|Fake Out|p2b: Starmie\n|-damage|p2b: Starmie|81/100\n|cant|p2b: Starmie|flinch\n|move|p1a: Charizard|Heat Wave|p2a: Aerodactyl|[spread] p2b\n|-activate|p2a: Aerodactyl|move: Protect\n|-resisted|p2b: Starmie|1\n|-damage|p2b: Starmie|38/100\n|\n|-weather|SunnyDay|[upkeep]\n|-damage|p2a: Aerodactyl|45/100 brn|[from] brn\n|upkeep\n|turn|8\n|inactive|Rtx_sebas has 30 seconds left.\n|\n|t:|1776482683\n|move|p2a: Aerodactyl|Protect||[still]\n|-fail|p2a: Aerodactyl\n|move|p1a: Charizard|Protect|p1a: Charizard\n|-singleturn|p1a: Charizard|Protect\n|move|p2b: Starmie|Self-Destruct|p1b: Sneasler|[spread] p2a,p1b\n|-activate|p1a: Charizard|move: Protect\n|-resisted|p2a: Aerodactyl|1\n|-damage|p2a: Aerodactyl|0 fnt\n|-damage|p1b: Sneasler|0 fnt\n|faint|p2b: Starmie\n|faint|p2a: Aerodactyl\n|faint|p1b: Sneasler\n|\n|win|Rtx_sebas\n|raw|Rtx_sebas's rating: 1204 &rarr; <strong>1222</strong><br />(+18 for winning)\n|raw|collete's rating: 1105 &rarr; <strong>1087</strong><br />(-18 for losing)\n|l|\u2606collete\n|player|p2|\n",
  "uploadtime": 1776482730,
  "views": 14,
  "formatid": "gen9championsvgc2026regma",
  "rating": 1087,
  "private": 0,
  "password": null
}