{
  "id": "gen9championsvgc2026regma-2588055857",
  "format": "[Gen 9 Champions] VGC 2026 Reg M-A",
  "players": [
    "ppyyy-inertia",
    "showwell"
  ],
  "log": "|j|\u2606ppyyy-inertia\n|j|\u2606showwell\n|html|<table width=\"100%\"><tr><td align=\"left\">ppyyy-inertia</td><td align=\"right\">showwell</tr><tr><td align=\"left\"><i class=\"fa fa-circle-o\"></i> <i class=\"fa fa-circle-o\"></i> </td><td align=\"right\"><i class=\"fa fa-circle-o\"></i> <i class=\"fa fa-circle-o\"></i> </tr></table>\n|uhtml|bestof|<h2><strong>Game 1</strong> of <a href=\"/game-bestof3-gen9championsvgc2026regma-2588055856\">a best-of-3</a></h2>\n|t:|1776598879\n|gametype|doubles\n|player|p1|ppyyy-inertia|elesa-gen5bw2|\n|player|p2|showwell|cynthia-gen4|\n|gen|9\n|tier|[Gen 9 Champions] VGC 2026 Reg M-A\n|rated|Tournament battle\n|rule|Species Clause: Limit one of each Pok\u00e9mon\n|rule|Item Clause: Limit 1 of each item\n|raw|<div class=\"infobox\"><details class=\"readmore\" open><summary><strong>2 custom rules:</strong></summary> Force Open Team Sheets, Best of = 3</details></div>\n|clearpoke\n|poke|p1|Incineroar, L50, F|\n|poke|p1|Floette-Eternal, L50, F, shiny|\n|poke|p1|Zoroark-Hisui, L50, M, shiny|\n|poke|p1|Tinkaton, L50, F, shiny|\n|poke|p1|Dragonite, L50, M, shiny|\n|poke|p1|Tsareena, L50, F, shiny|\n|poke|p2|Floette-Eternal, L50, F|\n|poke|p2|Sneasler, L50, M|\n|poke|p2|Basculegion, L50, M|\n|poke|p2|Kingambit, L50, M|\n|poke|p2|Aerodactyl, L50, M|\n|poke|p2|Sableye, L50, F|\n|teampreview|4\n|showteam|p1|Incineroar||SitrusBerry|Intimidate|FakeOut,FlareBlitz,ThroatChop,PartingShot|||F|||50|]Floette-Eternal||Floettite|FlowerVeil|Moonblast,DazzlingGleam,CalmMind,Protect|||F|||50|]Zoroark-Hisui||FocusSash|Illusion|ShadowBall,IcyWind,WillOWisp,Protect|||M|||50|]Tinkaton||ShucaBerry|OwnTempo|FakeOut,GigatonHammer,Feint,PlayRough|||F|||50|]Dragonite||DragonFang|Multiscale|ScaleShot,Haze,Tailwind,Protect|||M|||50|]Tsareena||OccaBerry|QueenlyMajesty|TropKick,LowKick,HelpingHand,Protect|||F|||50|\n|showteam|p2|Floette-Eternal||Floettite|FlowerVeil|CalmMind,DrainingKiss,DazzlingGleam,Protect|||F|||50|]Sneasler||WhiteHerb|Unburden|FakeOut,DireClaw,CloseCombat,Protect|||M|||50|]Basculegion||ChoiceScarf|Adaptability|LastRespects,WaveCrash,FlipTurn,AquaJet|||M|||50|]Kingambit||ChopleBerry|Defiant|SuckerPunch,KowtowCleave,LowKick,Protect|||M|||50|]Aerodactyl||FocusSash|RockHead|DualWingbeat,RockSlide,Tailwind,Protect|||M|||50|]Sableye||SitrusBerry|Prankster|LightScreen,Reflect,Encore,Disable|||F|||50|\n|\n|t:|1776598922\n|teamsize|p1|4\n|teamsize|p2|4\n|start\n|switch|p1a: Floette|Floette-Eternal, L50, F, shiny|100/100\n|switch|p1b: Tinkaton|Tinkaton, L50, F, shiny|100/100\n|switch|p2a: Aerodactyl|Aerodactyl, L50, M|100/100\n|switch|p2b: Floette|Floette-Eternal, L50, F|100/100\n|turn|1\n|j| TimeforCHILLI\n|\n|t:|1776598983\n|detailschange|p2b: Floette|Floette-Mega, L50, F\n|-mega|p2b: Floette|Floette|Floettite\n|-ability|p2b: Floette|Fairy Aura\n|move|p2b: Floette|Protect|p2b: Floette\n|-singleturn|p2b: Floette|Protect\n|move|p1b: Tinkaton|Feint|p2b: Floette\n|-activate|p2b: Floette|move: Feint\n|-crit|p2b: Floette\n|-damage|p2b: Floette|91/100\n|move|p2a: Aerodactyl|Tailwind|p2a: Aerodactyl\n|-sidestart|p2: showwell|move: Tailwind\n|move|p1a: Floette|Icy Wind|p2b: Floette|[spread] p2b\n|-miss|p1a: Floette|p2a: Aerodactyl\n|-damage|p2b: Floette|80/100\n|-unboost|p2b: Floette|spe|1\n|\n|upkeep\n|turn|2\n|inactive|Battle timer is ON: inactive players will automatically lose when time's up. (requested by ppyyy-inertia)\n|\n|t:|1776599049\n|switch|p1a: Incineroar|Incineroar, L50, F|100/100\n|-ability|p1a: Incineroar|Intimidate|boost\n|-unboost|p2a: Aerodactyl|atk|1\n|-unboost|p2b: Floette|atk|1\n|move|p2a: Aerodactyl|Rock Slide|p1b: Tinkaton|[spread] p1a,p1b\n|-supereffective|p1a: Incineroar|1\n|-resisted|p1b: Tinkaton|1\n|-damage|p1a: Incineroar|79/100\n|-damage|p1b: Tinkaton|92/100\n|move|p2b: Floette|Dazzling Gleam|p1a: Incineroar|[spread] p1a,p1b\n|-resisted|p1b: Tinkaton|1\n|-damage|p1a: Incineroar|42/100\n|-damage|p1b: Tinkaton|73/100\n|-enditem|p1a: Incineroar|Sitrus Berry|[eat]\n|-heal|p1a: Incineroar|66/100|[from] item: Sitrus Berry\n|cant|p1b: Tinkaton|flinch\n|\n|upkeep\n|turn|3\n|inactive|showwell has 30 seconds left.\n|inactive|ppyyy-inertia has 30 seconds left.\n|inactive|showwell has 20 seconds left.\n|inactive|showwell has 15 seconds left.\n|inactive|showwell has 10 seconds left.\n|\n|t:|1776599098\n|move|p1a: Incineroar|Fake Out|p2a: Aerodactyl\n|-resisted|p2a: Aerodactyl|1\n|-damage|p2a: Aerodactyl|92/100\n|cant|p2a: Aerodactyl|flinch\n|move|p2b: Floette|Draining Kiss|p1a: Incineroar\n|-damage|p1a: Incineroar|33/100\n|-heal|p2b: Floette|100/100|[from] drain|[of] p1a: Incineroar\n|move|p1b: Tinkaton|Gigaton Hammer|p2b: Floette\n|-supereffective|p2b: Floette|1\n|-damage|p2b: Floette|7/100\n|\n|upkeep\n|turn|4\n|\n|t:|1776599119\n|move|p2a: Aerodactyl|Rock Slide|p1b: Tinkaton|[spread] p1a,p1b\n|-supereffective|p1a: Incineroar|1\n|-resisted|p1b: Tinkaton|1\n|-damage|p1a: Incineroar|9/100\n|-damage|p1b: Tinkaton|66/100\n|move|p2b: Floette|Dazzling Gleam|p1a: Incineroar|[spread] p1a,p1b\n|-resisted|p1b: Tinkaton|1\n|-damage|p1a: Incineroar|0 fnt\n|-damage|p1b: Tinkaton|48/100\n|faint|p1a: Incineroar\n|move|p1b: Tinkaton|Play Rough|p2b: Floette\n|-damage|p2b: Floette|0 fnt\n|faint|p2b: Floette\n|\n|-sideend|p2: showwell|move: Tailwind\n|upkeep\n|\n|t:|1776599137\n|switch|p2b: Sneasler|Sneasler, L50, M|100/100\n|switch|p1a: Floette|Floette-Eternal, L50, F, shiny|100/100\n|turn|5\n|j| giftedyew\n|\n|t:|1776599150\n|move|p2b: Sneasler|Fake Out|p1a: Floette\n|-immune|p1a: Floette\n|move|p2a: Aerodactyl|Tailwind|p2a: Aerodactyl\n|-sidestart|p2: showwell|move: Tailwind\n|move|p1a: Floette|Will-O-Wisp|p2b: Sneasler\n|-status|p2b: Sneasler|brn\n|move|p1b: Tinkaton|Gigaton Hammer|p2a: Aerodactyl\n|-supereffective|p2a: Aerodactyl|1\n|-damage|p2a: Aerodactyl|0 fnt\n|faint|p2a: Aerodactyl\n|\n|-damage|p2b: Sneasler|95/100 brn|[from] brn\n|upkeep\n|l| giftedyew\n|j| giftedyew\n|\n|t:|1776599165\n|switch|p2a: Basculegion|Basculegion, L50, M|100/100\n|turn|6\n|\n|t:|1776599185\n|move|p2a: Basculegion|Last Respects|p1a: Floette\n|-immune|p1a: Floette\n|move|p2b: Sneasler|Close Combat|p1b: Tinkaton\n|-damage|p1b: Tinkaton|17/100\n|-unboost|p2b: Sneasler|def|1\n|-unboost|p2b: Sneasler|spd|1\n|-enditem|p2b: Sneasler|White Herb\n|-clearnegativeboost|p2b: Sneasler|[silent]\n|move|p1a: Floette|Shadow Ball|p2a: Basculegion\n|-supereffective|p2a: Basculegion|1\n|-damage|p2a: Basculegion|11/100\n|move|p1b: Tinkaton|Play Rough|p2b: Sneasler\n|-damage|p2b: Sneasler|39/100 brn\n|\n|-damage|p2b: Sneasler|33/100 brn|[from] brn\n|upkeep\n|turn|7\n|l| TimeforCHILLI\n|inactive|showwell has 30 seconds left.\n|\n|t:|1776599217\n|move|p2b: Sneasler|Dire Claw|p1a: Floette\n|-resisted|p1a: Floette|1\n|-damage|p1a: Floette|80/100\n|-status|p1a: Floette|slp\n|replace|p1a: Zoroark|Zoroark-Hisui, L50, M, shiny\n|-end|p1a: Zoroark|Illusion\n|move|p2a: Basculegion|Last Respects|p1b: Tinkaton\n|-damage|p1b: Tinkaton|0 fnt\n|faint|p1b: Tinkaton\n|cant|p1a: Zoroark|slp\n|\n|-damage|p2b: Sneasler|27/100 brn|[from] brn\n|upkeep\n|\n|t:|1776599229\n|switch|p1b: Floette|Floette-Eternal, L50, F, shiny|100/100\n|turn|8\n|inactive|showwell has 30 seconds left.\n|\n|t:|1776599255\n|move|p1b: Floette|Protect|p1b: Floette\n|-singleturn|p1b: Floette|Protect\n|move|p2b: Sneasler|Dire Claw|p1a: Zoroark\n|-resisted|p1a: Zoroark|1\n|-damage|p1a: Zoroark|58/100 slp\n|move|p2a: Basculegion|Last Respects|p1b: Floette\n|-activate|p1b: Floette|move: Protect\n|-curestatus|p1a: Zoroark|slp|[msg]\n|move|p1a: Zoroark|Shadow Ball|p2a: Basculegion\n|-supereffective|p2a: Basculegion|1\n|-damage|p2a: Basculegion|0 fnt\n|faint|p2a: Basculegion\n|\n|-damage|p2b: Sneasler|21/100 brn|[from] brn\n|-sideend|p2: showwell|move: Tailwind\n|upkeep\n|turn|9\n|-message|showwell forfeited.\n|\n|win|ppyyy-inertia\n|l|\u2606showwell\n|player|p2|\n||ppyyy-inertia is ready for game 2.\n|inactive|showwell has 30 seconds to confirm battle start!\n|inactive|showwell has 20 seconds to confirm battle start!\n|inactive|showwell has 10 seconds to confirm battle start!\n|uhtml|next|Next: <a href=\"/battle-gen9championsvgc2026regma-2588059245\"><strong>Game 2 of 3</strong></a>\n|j| TimeforCHILLI\n|j| reanschawrzer\n|l| giftedyew\n|l| TimeforCHILLI\n|j| TimeforCHILLI\n|l| TimeforCHILLI\n",
  "uploadtime": 1776599280,
  "views": 8,
  "formatid": "gen9championsvgc2026regma",
  "rating": null,
  "private": 0,
  "password": null
}