{
  "id": "gen9championsvgc2026regma-2583841360",
  "format": "[Gen 9 Champions] VGC 2026 Reg M-A",
  "players": [
    "sernapo",
    "randomtransgirly"
  ],
  "log": "|j|\u2606sernapo\n|j|\u2606randomtransgirly\n|t:|1776201889\n|gametype|doubles\n|player|p1|sernapo|2|1085\n|player|p2|randomtransgirly|hilda|1000\n|gen|9\n|tier|[Gen 9 Champions] VGC 2026 Reg M-A\n|rated|\n|rule|Species Clause: Limit one of each Pok\u00e9mon\n|rule|Item Clause: Limit 1 of each item\n|clearpoke\n|poke|p1|Scizor, L50, F|\n|poke|p1|Politoed, L50, M|\n|poke|p1|Sableye, L50, M|\n|poke|p1|Basculegion, L50, M|\n|poke|p1|Sneasler, L50, M|\n|poke|p1|Incineroar, L50, F|\n|poke|p2|Aggron, L50, F|\n|poke|p2|Toxapex, L50, M|\n|poke|p2|Corviknight, L50, M|\n|poke|p2|Aegislash, L50, M|\n|poke|p2|Incineroar, L50, F|\n|poke|p2|Alakazam, L50, F|\n|teampreview|4\nrandomtransgirly rejected open team sheets.\n|inactive|Battle timer is ON: inactive players will automatically lose when time's up. (requested by randomtransgirly)\n|\n|t:|1776201935\n|teamsize|p1|4\n|teamsize|p2|4\n|start\n|switch|p1a: Sableye|Sableye, L50, M|100/100\n|switch|p1b: Politoed|Politoed, L50, M|100/100\n|switch|p2a: Incineroar|Incineroar, L50, F|100/100\n|switch|p2b: Aegislash|Aegislash, L50, M|100/100\n|-weather|RainDance|[from] ability: Drizzle|[of] p1b: Politoed\n|turn|1\n|\n|t:|1776201960\n|move|p2a: Incineroar|Fake Out|p1b: Politoed\n|-damage|p1b: Politoed|90/100\n|move|p1a: Sableye|Will-O-Wisp|p2b: Aegislash\n|-status|p2b: Aegislash|brn\n|cant|p1b: Politoed|flinch\n|move|p2b: Aegislash|Substitute|p2b: Aegislash\n|-start|p2b: Aegislash|Substitute\n|-damage|p2b: Aegislash|76/100 brn\n|\n|-weather|RainDance|[upkeep]\n|-damage|p2b: Aegislash|70/100 brn|[from] brn\n|upkeep\n|turn|2\n|\n|t:|1776201979\n|move|p1b: Politoed|Weather Ball|p2a: Incineroar\n|-supereffective|p2a: Incineroar|1\n|-damage|p2a: Incineroar|31/100\n|-formechange|p2b: Aegislash|Aegislash-Blade|\n|move|p2b: Aegislash|Shadow Ball|p1b: Politoed\n|-damage|p1b: Politoed|58/100\n|move|p2a: Incineroar|Taunt|p1a: Sableye\n|-start|p1a: Sableye|move: Taunt\n|move|p1a: Sableye|Foul Play|p2b: Aegislash\n|-supereffective|p2b: Aegislash|1\n|-end|p2b: Aegislash|Substitute\n|\n|-weather|RainDance|[upkeep]\n|-damage|p2b: Aegislash|64/100 brn|[from] brn\n|upkeep\n|turn|3\n|inactive|sernapo has 30 seconds left.\n|inactive|randomtransgirly has 30 seconds left.\n|\n|t:|1776202007\n|switch|p2a: Toxapex|Toxapex, L50, M|100/100\n|switch|p1a: Sneasler|Sneasler, L50, M|100/100\n|-formechange|p2b: Aegislash|Aegislash|\n|move|p2b: Aegislash|King's Shield|p2b: Aegislash\n|-singleturn|p2b: Aegislash|Protect\n|move|p1b: Politoed|Weather Ball|p2a: Toxapex\n|-resisted|p2a: Toxapex|1\n|-damage|p2a: Toxapex|84/100\n|\n|-weather|RainDance|[upkeep]\n|-heal|p2a: Toxapex|90/100|[from] item: Leftovers\n|-damage|p2b: Aegislash|58/100 brn|[from] brn\n|upkeep\n|turn|4\n|inactive|sernapo has 30 seconds left.\n|inactive|randomtransgirly has 30 seconds left.\n|\n|t:|1776202036\n|switch|p1a: Sableye|Sableye, L50, M|100/100\n|switch|p2b: Incineroar|Incineroar, L50, F|31/100\n|move|p1b: Politoed|Earth Power|p2a: Toxapex\n|-supereffective|p2a: Toxapex|1\n|-damage|p2a: Toxapex|62/100\n|move|p2a: Toxapex|Toxic|p1b: Politoed\n|-status|p1b: Politoed|tox\n|\n|-weather|RainDance|[upkeep]\n|-heal|p2a: Toxapex|67/100|[from] item: Leftovers\n|-damage|p1b: Politoed|52/100 tox|[from] psn\n|upkeep\n|turn|5\n|\n|t:|1776202057\n|move|p2b: Incineroar|Fake Out|p1b: Politoed\n|-damage|p1b: Politoed|41/100 tox\n|-enditem|p1b: Politoed|Sitrus Berry|[eat]\n|-heal|p1b: Politoed|66/100 tox|[from] item: Sitrus Berry\n|move|p1a: Sableye|Light Screen|p1a: Sableye\n|-sidestart|p1: sernapo|move: Light Screen\n|cant|p1b: Politoed|flinch\n|move|p2a: Toxapex|Toxic|p1a: Sableye\n|-status|p1a: Sableye|tox\n|\n|-weather|none\n|-heal|p2a: Toxapex|73/100|[from] item: Leftovers\n|-damage|p1b: Politoed|54/100 tox|[from] psn\n|-damage|p1a: Sableye|95/100 tox|[from] psn\n|upkeep\n|turn|6\n|inactive|sernapo has 30 seconds left.\n|\n|t:|1776202087\n|move|p1b: Politoed|Earth Power|p2b: Incineroar\n|-supereffective|p2b: Incineroar|1\n|-damage|p2b: Incineroar|6/100\n|move|p2b: Incineroar|Taunt|p1a: Sableye\n|-start|p1a: Sableye|move: Taunt\n|move|p1a: Sableye|Foul Play|p2a: Toxapex\n|-damage|p2a: Toxapex|55/100\n|move|p2a: Toxapex|Recover|p2a: Toxapex\n|-heal|p2a: Toxapex|100/100\n|\n|-damage|p1b: Politoed|36/100 tox|[from] psn\n|-damage|p1a: Sableye|83/100 tox|[from] psn\n|upkeep\n|turn|7\n|inactive|randomtransgirly has 30 seconds left.\n|\n|t:|1776202118\n|move|p1b: Politoed|Icy Wind|p2a: Toxapex|[spread] p2a,p2b\n|-resisted|p2a: Toxapex|1\n|-resisted|p2b: Incineroar|1\n|-damage|p2a: Toxapex|97/100\n|-damage|p2b: Incineroar|3/100\n|-unboost|p2a: Toxapex|spe|1\n|-unboost|p2b: Incineroar|spe|1\n|move|p1a: Sableye|Foul Play|p2b: Incineroar\n|-resisted|p2b: Incineroar|1\n|-damage|p2b: Incineroar|0 fnt\n|faint|p2b: Incineroar\n|move|p2a: Toxapex|Ice Beam|p1a: Sableye\n|-damage|p1a: Sableye|74/100 tox\n|\n|-heal|p2a: Toxapex|100/100|[from] item: Leftovers\n|-damage|p1b: Politoed|11/100 tox|[from] psn\n|-damage|p1a: Sableye|57/100 tox|[from] psn\n|upkeep\n|\n|t:|1776202132\n|switch|p2b: Aggron|Aggron, L50, F|100/100\n|turn|8\n|inactive|sernapo has 30 seconds left.\n|\n|t:|1776202164\n|detailschange|p2b: Aggron|Aggron-Mega, L50, F\n|-mega|p2b: Aggron|Aggron|Aggronite\n|move|p1b: Politoed|Earth Power|p2b: Aggron\n|-supereffective|p2b: Aggron|1\n|-damage|p2b: Aggron|64/100\n|move|p1a: Sableye|Foul Play|p2b: Aggron\n|-crit|p2b: Aggron\n|-damage|p2b: Aggron|38/100\n|move|p2b: Aggron|Iron Defense|p2b: Aggron\n|-boost|p2b: Aggron|def|2\n|move|p2a: Toxapex|Ice Beam|p1a: Sableye\n|-damage|p1a: Sableye|47/100 tox\n|\n|-damage|p1b: Politoed|0 fnt|[from] psn\n|faint|p1b: Politoed\n|-damage|p1a: Sableye|24/100 tox|[from] psn\n|-end|p1a: Sableye|move: Taunt\n|upkeep\n|\n|t:|1776202188\n|switch|p1b: Sneasler|Sneasler, L50, M|100/100\n|turn|9\n|\n|t:|1776202198\n|move|p1b: Sneasler|Fake Out|p2a: Toxapex\n|-damage|p2a: Toxapex|88/100\n|move|p1a: Sableye|Will-O-Wisp|p2b: Aggron\n|-status|p2b: Aggron|brn\n|move|p2b: Aggron|High Horsepower|p1b: Sneasler\n|-supereffective|p1b: Sneasler|1\n|-damage|p1b: Sneasler|50/100\n|cant|p2a: Toxapex|flinch\n|\n|-heal|p2a: Toxapex|93/100|[from] item: Leftovers\n|-damage|p1a: Sableye|0 fnt|[from] psn\n|faint|p1a: Sableye\n|-damage|p2b: Aggron|32/100 brn|[from] brn\n|-sideend|p1: sernapo|move: Light Screen\n|upkeep\n|\n|t:|1776202215\n|switch|p1a: Basculegion|Basculegion, L50, M|100/100\n|turn|10\n|\n|t:|1776202239\n|switch|p2b: Aegislash|Aegislash, L50, M|58/100 brn\n|move|p1a: Basculegion|Last Respects|p2a: Toxapex\n|-damage|p2a: Toxapex|8/100\n|move|p1b: Sneasler|Close Combat|p2b: Aegislash\n|-immune|p2b: Aegislash\n|move|p2a: Toxapex|Toxic|p1a: Basculegion\n|-status|p1a: Basculegion|tox\n|\n|-heal|p2a: Toxapex|14/100|[from] item: Leftovers\n|-damage|p1a: Basculegion|94/100 tox|[from] psn\n|-damage|p2b: Aegislash|52/100 brn|[from] brn\n|upkeep\n|turn|11\n|inactive|sernapo has 30 seconds left.\n|\n|t:|1776202266\n|move|p1a: Basculegion|Last Respects|p2a: Toxapex\n|-damage|p2a: Toxapex|0 fnt\n|faint|p2a: Toxapex\n|move|p1b: Sneasler|Dire Claw|p2b: Aegislash\n|-immune|p2b: Aegislash\n|-formechange|p2b: Aegislash|Aegislash-Blade|\n|move|p2b: Aegislash|Flash Cannon|p1b: Sneasler\n|-damage|p1b: Sneasler|0 fnt\n|faint|p1b: Sneasler\n|\n|-damage|p1a: Basculegion|82/100 tox|[from] psn\n|-damage|p2b: Aegislash|46/100 brn|[from] brn\n|upkeep\n|\n|t:|1776202279\n|switch|p2a: Aggron|Aggron-Mega, L50, F|32/100 brn\n|turn|12\n|\n|t:|1776202294\n|move|p1a: Basculegion|Last Respects|p2a: Aggron\n|-damage|p2a: Aggron|0 fnt\n|faint|p2a: Aggron\n|move|p2b: Aegislash|Shadow Ball|p1a: Basculegion\n|-supereffective|p1a: Basculegion|1\n|-damage|p1a: Basculegion|0 fnt\n|faint|p1a: Basculegion\n|\n|win|randomtransgirly\n|raw|sernapo's rating: 1085 &rarr; <strong>1057</strong><br />(-28 for losing)\n|raw|randomtransgirly's rating: 1000 &rarr; <strong>1050</strong><br />(+50 for winning)\n|l|\u2606sernapo\n|player|p1|\n",
  "uploadtime": 1776202320,
  "views": 29,
  "formatid": "gen9championsvgc2026regma",
  "rating": 1050,
  "private": 0,
  "password": null
}