{
  "id": "gen9championsvgc2026regma-2588284237",
  "format": "[Gen 9 Champions] VGC 2026 Reg M-A",
  "players": [
    "sqwueblenuts",
    "Bona1718"
  ],
  "log": "|j|\u2606sqwueblenuts\n|j|\u2606Bona1718\n|t:|1776620898\n|gametype|doubles\n|player|p1|sqwueblenuts|101|1040\n|player|p2|Bona1718|266|1105\n|gen|9\n|tier|[Gen 9 Champions] VGC 2026 Reg M-A\n|rated|\n|rule|Species Clause: Limit one of each Pok\u00e9mon\n|rule|Item Clause: Limit 1 of each item\n|clearpoke\n|poke|p1|Farigiraf, L50, M|\n|poke|p1|Scizor, L50, M|\n|poke|p1|Hydreigon, L50, F|\n|poke|p1|Snorlax, L50, M, shiny|\n|poke|p1|Incineroar, L50, M, shiny|\n|poke|p1|Sinistcha, L50|\n|poke|p2|Floette-Eternal, L50, F, shiny|\n|poke|p2|Basculegion, L50, M, shiny|\n|poke|p2|Kingambit, L50, M, shiny|\n|poke|p2|Sneasler, L50, M, shiny|\n|poke|p2|Aerodactyl, L50, M|\n|poke|p2|Garchomp, L50, F|\n|teampreview|4\n|inactive|Battle timer is ON: inactive players will automatically lose when time's up. (requested by sqwueblenuts)\nsqwueblenuts rejected open team sheets.\n|\n|t:|1776620955\n|teamsize|p1|4\n|teamsize|p2|4\n|start\n|switch|p1a: Farigiraf|Farigiraf, L50, M|100/100\n|switch|p1b: Snorlax|Snorlax, L50, M, shiny|100/100\n|switch|p2a: Basculegion|Basculegion, L50, M, shiny|100/100\n|switch|p2b: Kingambit|Kingambit, L50, M, shiny|100/100\n|turn|1\n|inactive|sqwueblenuts has 30 seconds left.\n|\n|t:|1776620982\n|move|p2b: Kingambit|Sucker Punch||[still]\n|cant|p1a: Farigiraf|ability: Armor Tail|Sucker Punch|[of] p2b: Kingambit\n|move|p2a: Basculegion|Wave Crash|p1b: Snorlax\n|-damage|p1b: Snorlax|46/100\n|-enditem|p1b: Snorlax|Sitrus Berry|[eat]\n|-heal|p1b: Snorlax|71/100|[from] item: Sitrus Berry\n|-damage|p2a: Basculegion|78/100|[from] Recoil\n|move|p1b: Snorlax|Belly Drum|p1b: Snorlax\n|-damage|p1b: Snorlax|21/100\n|-setboost|p1b: Snorlax|atk|6|[from] move: Belly Drum\n|move|p1a: Farigiraf|Trick Room|p1a: Farigiraf\n|-fieldstart|move: Trick Room|[of] p1a: Farigiraf\n|\n|upkeep\n|turn|2\n|inactive|sqwueblenuts has 30 seconds left.\n|inactive|Bona1718 has 30 seconds left.\n|\n|t:|1776621016\n|switch|p1a: Sinistcha|Sinistcha, L50|100/100\n|-heal|p1b: Snorlax|46/100|[from] ability: Hospitality|[of] p1a: Sinistcha\n|switch|p2a: Sneasler|Sneasler, L50, M, shiny|100/100\n|move|p1b: Snorlax|High Horsepower|p2b: Kingambit\n|-supereffective|p2b: Kingambit|1\n|-damage|p2b: Kingambit|0 fnt\n|faint|p2b: Kingambit\n|\n|upkeep\n|\n|t:|1776621030\n|switch|p2b: Basculegion|Basculegion, L50, M, shiny|78/100\n|turn|3\n|\n|t:|1776621044\n|move|p2a: Sneasler|Fake Out|p1b: Snorlax\n|-damage|p1b: Snorlax|35/100\n|move|p1a: Sinistcha|Rage Powder|p1a: Sinistcha\n|-singleturn|p1a: Sinistcha|move: Rage Powder\n|cant|p1b: Snorlax|flinch\n|move|p2b: Basculegion|Last Respects|p1a: Sinistcha\n|-supereffective|p1a: Sinistcha|1\n|-damage|p1a: Sinistcha|0 fnt\n|faint|p1a: Sinistcha\n|\n|upkeep\n|\n|t:|1776621054\n|switch|p1a: Farigiraf|Farigiraf, L50, M|100/100\n|turn|4\n|\n|t:|1776621078\n|switch|p2b: Aerodactyl|Aerodactyl, L50, M|100/100\n|-ability|p2b: Aerodactyl|Unnerve\n|move|p1b: Snorlax|High Horsepower|p2a: Sneasler\n|-supereffective|p2a: Sneasler|1\n|-damage|p2a: Sneasler|0 fnt\n|faint|p2a: Sneasler\n|move|p1a: Farigiraf|Thunderbolt|p2b: Aerodactyl\n|-supereffective|p2b: Aerodactyl|1\n|-damage|p2b: Aerodactyl|13/100\n|-status|p2b: Aerodactyl|par\n|\n|upkeep\n|\n|t:|1776621090\n|switch|p2a: Basculegion|Basculegion, L50, M, shiny|78/100\n|turn|5\n|\n|t:|1776621111\n|cant|p2b: Aerodactyl|par\n|move|p1b: Snorlax|High Horsepower|p2a: Basculegion\n|-damage|p2a: Basculegion|0 fnt\n|faint|p2a: Basculegion\n|move|p1a: Farigiraf|Hyper Voice|p2b: Aerodactyl\n|-resisted|p2b: Aerodactyl|1\n|-damage|p2b: Aerodactyl|0 fnt\n|faint|p2b: Aerodactyl\n|\n|win|sqwueblenuts\n|raw|sqwueblenuts's rating: 1040 &rarr; <strong>1080</strong><br />(+40 for winning)\n|raw|Bona1718's rating: 1105 &rarr; <strong>1075</strong><br />(-30 for losing)\n|l|\u2606Bona1718\n|player|p2|\n",
  "uploadtime": 1776621122,
  "views": 19,
  "formatid": "gen9championsvgc2026regma",
  "rating": 1075,
  "private": 0,
  "password": null
}