{
  "id": "gen9championsvgc2026regma-2581234014",
  "format": "[Gen 9 Champions] VGC 2026 Reg M-A",
  "players": [
    "SkelyStealth",
    "StrikerMohamud"
  ],
  "log": "|j|\u2606SkelyStealth\n|j|\u2606StrikerMohamud\n|t:|1775974126\n|gametype|doubles\n|player|p1|SkelyStealth|yellow|1229\n|player|p2|StrikerMohamud|unknown|1199\n|gen|9\n|tier|[Gen 9 Champions] VGC 2026 Reg M-A\n|rated|\n|rule|Species Clause: Limit one of each Pok\u00e9mon\n|rule|Item Clause: Limit 1 of each item\n|clearpoke\n|poke|p1|Mamoswine, L50, M|\n|poke|p1|Rotom-Heat, L50|\n|poke|p1|Farigiraf, L50, F|\n|poke|p1|Kangaskhan, L50, F|\n|poke|p1|Araquanid, L50, M|\n|poke|p1|Whimsicott, L50, F|\n|poke|p2|Kangaskhan, L50, F|\n|poke|p2|Incineroar, L50, F|\n|poke|p2|Azumarill, L50, F|\n|poke|p2|Froslass, L50, F|\n|poke|p2|Garchomp, L50, F|\n|poke|p2|Talonflame, L50, F|\n|teampreview|4\n|inactive|Battle timer is ON: inactive players will automatically lose when time's up. (requested by SkelyStealth)\n|inactive|SkelyStealth has 60 seconds left.\n|inactive|StrikerMohamud has 60 seconds left.\n|inactive|StrikerMohamud has 30 seconds left.\n|inactive|StrikerMohamud has 20 seconds left.\n|inactive|StrikerMohamud has 15 seconds left.\n|inactive|StrikerMohamud has 10 seconds left.\n|inactive|StrikerMohamud has 5 seconds left.\n|\n|t:|1775974220\n|teamsize|p1|4\n|teamsize|p2|4\n|start\n|switch|p1a: Ice Cap Zone|Mamoswine, L50, M|100/100\n|switch|p1b: Burnout|Rotom-Heat, L50|100/100\n|switch|p2a: Kangaskhan|Kangaskhan, L50, F|100/100\n|switch|p2b: Incineroar|Incineroar, L50, F, shiny|100/100\n|-ability|p2b: Incineroar|Intimidate|boost\n|-fail|p1a: Ice Cap Zone|unboost|Attack|[from] ability: Oblivious|[of] p1a: Ice Cap Zone\n|-unboost|p1b: Burnout|atk|1\n|turn|1\n|inactive|StrikerMohamud has 30 seconds left.\n|\n|t:|1775974255\n|detailschange|p2a: Kangaskhan|Kangaskhan-Mega, L50, F\n|-mega|p2a: Kangaskhan|Kangaskhan|Kangaskhanite\n|move|p2b: Incineroar|Fake Out|p1b: Burnout\n|-damage|p1b: Burnout|83/100\n|cant|p1b: Burnout|flinch\n|move|p1a: Ice Cap Zone|Earthquake|p2a: Kangaskhan|[spread] p2a,p2b\n|-immune|p1b: Burnout|[from] ability: Levitate\n|-supereffective|p2b: Incineroar|1\n|-enditem|p2b: Incineroar|Shuca Berry|[eat]\n|-enditem|p2b: Incineroar|Shuca Berry|[weaken]\n|-damage|p2a: Kangaskhan|61/100\n|-damage|p2b: Incineroar|60/100\n|move|p2a: Kangaskhan|Double-Edge|p1b: Burnout\n|-damage|p1b: Burnout|0 fnt\n|faint|p1b: Burnout\n|-hitcount|p1: Burnout|1\n|-damage|p2a: Kangaskhan|43/100|[from] Recoil\n|\n|upkeep\n|inactive|SkelyStealth has 30 seconds left.\n|\n|t:|1775974280\n|switch|p1b: bloom|Whimsicott, L50, F|100/100\n|turn|2\n|\n|t:|1775974303\n|switch|p2a: Froslass|Froslass, L50, F, shiny|100/100\n|move|p1b: bloom|Moonblast|p2a: Froslass\n|-damage|p2a: Froslass|53/100\n|move|p1a: Ice Cap Zone|Earthquake|p2b: Incineroar|[spread] p1b,p2a,p2b\n|-resisted|p1b: bloom|1\n|-supereffective|p2b: Incineroar|1\n|-damage|p1b: bloom|79/100\n|-damage|p2a: Froslass|0 fnt\n|-damage|p2b: Incineroar|0 fnt\n|faint|p2a: Froslass\n|faint|p2b: Incineroar\n|\n|upkeep\n|\n|t:|1775974311\n|switch|p2a: Kangaskhan|Kangaskhan-Mega, L50, F|43/100\n|switch|p2b: Azumarill|Azumarill, L50, F, shiny|100/100\n|turn|3\n|\n|t:|1775974328\n|move|p1a: Ice Cap Zone|Protect|p1a: Ice Cap Zone\n|-singleturn|p1a: Ice Cap Zone|Protect\n|move|p2a: Kangaskhan|Fake Out|p1a: Ice Cap Zone\n|-activate|p1a: Ice Cap Zone|move: Protect\n|move|p1b: bloom|Tailwind|p1b: bloom\n|-sidestart|p1: SkelyStealth|move: Tailwind\n|move|p2b: Azumarill|Belly Drum|p2b: Azumarill\n|-damage|p2b: Azumarill|50/100\n|-setboost|p2b: Azumarill|atk|6|[from] move: Belly Drum\n|-enditem|p2b: Azumarill|Sitrus Berry|[eat]\n|-heal|p2b: Azumarill|75/100|[from] item: Sitrus Berry\n|\n|upkeep\n|turn|4\n|\n|t:|1775974343\n|move|p2b: Azumarill|Aqua Jet|p1a: Ice Cap Zone\n|-supereffective|p1a: Ice Cap Zone|1\n|-crit|p1a: Ice Cap Zone\n|-enditem|p1a: Ice Cap Zone|Focus Sash\n|-damage|p1a: Ice Cap Zone|1/100\n|move|p1b: bloom|Moonblast|p2a: Kangaskhan\n|-damage|p2a: Kangaskhan|18/100\n|move|p1a: Ice Cap Zone|Earthquake|p2b: Azumarill|[spread] p1b,p2a,p2b\n|-resisted|p1b: bloom|1\n|-damage|p1b: bloom|56/100\n|-damage|p2a: Kangaskhan|0 fnt\n|-damage|p2b: Azumarill|30/100\n|faint|p2a: Kangaskhan\n|\n|upkeep\n|turn|5\n|-message|StrikerMohamud forfeited.\n|\n|win|SkelyStealth\n",
  "uploadtime": 1775974131,
  "views": 11,
  "formatid": "gen9championsvgc2026regma",
  "rating": null,
  "private": 0,
  "password": null
}