{
  "id": "gen9championsvgc2026regma-2585010972",
  "format": "[Gen 9 Champions] VGC 2026 Reg M-A",
  "players": [
    "shiver419",
    "syshj"
  ],
  "log": "|j|\u2606shiver419\n|j|\u2606syshj\n|t:|1776303116\n|gametype|doubles\n|player|p1|shiver419|101|1349\n|player|p2|syshj|dawn|1445\n|gen|9\n|tier|[Gen 9 Champions] VGC 2026 Reg M-A\n|rated|\n|rule|Species Clause: Limit one of each Pok\u00e9mon\n|rule|Item Clause: Limit 1 of each item\n|clearpoke\n|poke|p1|Farigiraf, L50, M|\n|poke|p1|Sinistcha, L50|\n|poke|p1|Kingambit, L50, M|\n|poke|p1|Blastoise, L50, M|\n|poke|p1|Aerodactyl, L50, F|\n|poke|p1|Kangaskhan, L50, F|\n|poke|p2|Basculegion, L50, M|\n|poke|p2|Pelipper, L50, F|\n|poke|p2|Floette-Eternal, L50, F|\n|poke|p2|Incineroar, L50, M|\n|poke|p2|Sinistcha-Masterpiece, L50|\n|poke|p2|Kingambit, L50, F|\n|teampreview|4\n|\n|t:|1776303161\n|teamsize|p1|4\n|teamsize|p2|4\n|start\n|switch|p1a: big boy|Blastoise, L50, M|100/100\n|switch|p1b: Farigiraf|Farigiraf, L50, M|100/100\n|switch|p2a: Kingambit|Kingambit, L50, F|100/100\n|switch|p2b: Basculegion|Basculegion, L50, M|100/100\n|turn|1\n|\n|t:|1776303191\n|switch|p2a: Pelipper|Pelipper, L50, F|100/100\n|-weather|RainDance|[from] ability: Drizzle|[of] p2a: Pelipper\n|move|p1a: big boy|Fake Out|p2a: Pelipper\n|-damage|p2a: Pelipper|90/100\n|move|p2b: Basculegion|Wave Crash|p1b: Farigiraf\n|-damage|p1b: Farigiraf|20/100\n|-enditem|p1b: Farigiraf|Sitrus Berry|[eat]\n|-heal|p1b: Farigiraf|45/100|[from] item: Sitrus Berry\n|-damage|p2b: Basculegion|71/100|[from] Recoil\n|move|p1b: Farigiraf|Rain Dance||[still]\n|-fail|p1b: Farigiraf\n|\n|-weather|RainDance|[upkeep]\n|upkeep\n|turn|2\n|\n|t:|1776303211\n|detailschange|p1a: big boy|Blastoise-Mega, L50, M\n|-mega|p1a: big boy|Blastoise|Blastoisinite\n|move|p2b: Basculegion|Wave Crash|p1b: Farigiraf\n|-damage|p1b: Farigiraf|0 fnt\n|faint|p1b: Farigiraf\n|-damage|p2b: Basculegion|54/100|[from] Recoil\n|move|p2a: Pelipper|Hurricane|p1a: big boy\n|-damage|p1a: big boy|56/100\n|move|p1a: big boy|Dark Pulse|p2b: Basculegion\n|-supereffective|p2b: Basculegion|1\n|-damage|p2b: Basculegion|0 fnt\n|faint|p2b: Basculegion\n|\n|-weather|RainDance|[upkeep]\n|upkeep\n|\n|t:|1776303236\n|switch|p2b: Floette|Floette-Eternal, L50, F|100/100\n|switch|p1b: Sinistcha|Sinistcha, L50|100/100\n|-heal|p1a: big boy|81/100|[from] ability: Hospitality|[of] p1b: Sinistcha\n|turn|3\n|\n|t:|1776303261\n|detailschange|p2b: Floette|Floette-Mega, L50, F\n|-mega|p2b: Floette|Floette|Floettite\n|-ability|p2b: Floette|Fairy Aura\n|move|p2b: Floette|Calm Mind|p2b: Floette\n|-boost|p2b: Floette|spa|1\n|-boost|p2b: Floette|spd|1\n|move|p2a: Pelipper|Hurricane|p1b: Sinistcha\n|-supereffective|p1b: Sinistcha|1\n|-damage|p1b: Sinistcha|2/100\n|-start|p1b: Sinistcha|confusion\n|move|p1a: big boy|Water Pulse|p2b: Floette\n|-damage|p2b: Floette|62/100\n|-activate|p1b: Sinistcha|confusion\n|-damage|p1b: Sinistcha|0 fnt|[from] confusion\n|faint|p1b: Sinistcha\n|\n|-weather|RainDance|[upkeep]\n|upkeep\n|\n|t:|1776303274\n|switch|p1b: Kingambit|Kingambit, L50, M|100/100\n|turn|4\n|\n|t:|1776303285\n|move|p1b: Kingambit|Sucker Punch|p2b: Floette\n|-resisted|p2b: Floette|1\n|-damage|p2b: Floette|39/100\n|move|p2b: Floette|Dazzling Gleam|p1b: Kingambit|[spread] p1a,p1b\n|-damage|p1a: big boy|17/100\n|-damage|p1b: Kingambit|29/100\n|move|p2a: Pelipper|Weather Ball|p1b: Kingambit\n|-damage|p1b: Kingambit|0 fnt\n|faint|p1b: Kingambit\n|move|p1a: big boy|Dark Pulse|p2a: Pelipper\n|-damage|p2a: Pelipper|9/100\n|\n|-weather|RainDance|[upkeep]\n|upkeep\n|turn|5\n|-message|shiver419 forfeited.\n|\n|win|syshj\n|raw|shiver419's rating: 1349 &rarr; <strong>1334</strong><br />(-15 for losing)\n|raw|syshj's rating: 1445 &rarr; <strong>1460</strong><br />(+15 for winning)\n|l|\u2606shiver419\n|player|p1|\n",
  "uploadtime": 1776303299,
  "views": 30,
  "formatid": "gen9championsvgc2026regma",
  "rating": 1334,
  "private": 0,
  "password": null
}