{
  "id": "gen9championsvgc2026regma-2588880413",
  "format": "[Gen 9 Champions] VGC 2026 Reg M-A",
  "players": [
    "CTGLDOISBACKW",
    "Idkanygoodteams1"
  ],
  "log": "|j|\u2606CTGLDOISBACKW\n|j|\u2606Idkanygoodteams1\n|html|<table width=\"100%\"><tr><td align=\"left\">CTGLDOISBACKW</td><td align=\"right\">Idkanygoodteams1</tr><tr><td align=\"left\"><i class=\"fa fa-circle-o\"></i> <i class=\"fa fa-circle-o\"></i> </td><td align=\"right\"><i class=\"fa fa-circle-o\"></i> <i class=\"fa fa-circle-o\"></i> </tr></table>\n|uhtml|bestof|<h2><strong>Game 1</strong> of <a href=\"/game-bestof3-gen9championsvgc2026regma-2588880412\">a best-of-3</a></h2>\n|t:|1776681825\n|gametype|doubles\n|player|p1|CTGLDOISBACKW|101|\n|player|p2|Idkanygoodteams1|unknown|\n|gen|9\n|tier|[Gen 9 Champions] VGC 2026 Reg M-A\n|rule|Species Clause: Limit one of each Pok\u00e9mon\n|rule|Item Clause: Limit 1 of each item\n|raw|<div class=\"infobox\"><details class=\"readmore\" open><summary><strong>1 custom rule:</strong></summary> Best of = 3</details></div>\n|clearpoke\n|poke|p1|Meganium, L50, M|\n|poke|p1|Kingambit, L50, M|\n|poke|p1|Kangaskhan, L50, F|\n|poke|p1|Torkoal, L50, M|\n|poke|p1|Farigiraf, L50, F|\n|poke|p1|Hawlucha, L50, M|\n|poke|p2|Tyranitar, L50, M|\n|poke|p2|Excadrill, L50, F|\n|poke|p2|Meganium, L50, M|\n|poke|p2|Arcanine, L50, F|\n|poke|p2|Gengar, L50, F|\n|poke|p2|Whimsicott, L50, M|\n|teampreview|4\n|inactive|Battle timer is ON: inactive players will automatically lose when time's up. (requested by Idkanygoodteams1)\n|\n|t:|1776681857\n|teamsize|p1|4\n|teamsize|p2|4\n|start\n|switch|p1a: Meganium|Meganium, L50, M|100/100\n|switch|p1b: Kingambit|Kingambit, L50, M|100/100\n|switch|p2a: Whimsicott|Whimsicott, L50, M|100/100\n|switch|p2b: Tyranitar|Tyranitar, L50, M|100/100\n|-weather|Sandstorm|[from] ability: Sand Stream|[of] p2b: Tyranitar\n|turn|1\n|\n|t:|1776681871\n|move|p2a: Whimsicott|Tailwind|p2a: Whimsicott\n|-sidestart|p2: Idkanygoodteams1|move: Tailwind\n|move|p2b: Tyranitar|Stomping Tantrum|p1b: Kingambit\n|-supereffective|p1b: Kingambit|1\n|-damage|p1b: Kingambit|59/100\n|move|p1a: Meganium|Leaf Storm|p2b: Tyranitar\n|-supereffective|p2b: Tyranitar|1\n|-damage|p2b: Tyranitar|39/100\n|-unboost|p1a: Meganium|spa|2\n|move|p1b: Kingambit|Iron Head|p2a: Whimsicott\n|-supereffective|p2a: Whimsicott|1\n|-damage|p2a: Whimsicott|0 fnt\n|faint|p2a: Whimsicott\n|\n|-weather|Sandstorm|[upkeep]\n|-damage|p1a: Meganium|95/100|[from] Sandstorm\n|-heal|p2b: Tyranitar|44/100|[from] item: Leftovers\n|upkeep\n|\n|t:|1776681883\n|switch|p2a: Gengar|Gengar, L50, F|100/100\n|turn|2\n|\n|t:|1776681907\n|detailschange|p2a: Gengar|Gengar-Mega, L50, F\n|-mega|p2a: Gengar|Gengar|Gengarite\n|move|p2b: Tyranitar|Protect|p2b: Tyranitar\n|-singleturn|p2b: Tyranitar|Protect\n|move|p2a: Gengar|Destiny Bond|p2a: Gengar\n|-singlemove|p2a: Gengar|Destiny Bond\n|move|p1a: Meganium|Pollen Puff|p2b: Tyranitar\n|-activate|p2b: Tyranitar|move: Protect\n|move|p1b: Kingambit|Kowtow Cleave|p2a: Gengar\n|-supereffective|p2a: Gengar|1\n|-damage|p2a: Gengar|0 fnt\n|faint|p2a: Gengar\n|-activate|p2a: Gengar|move: Destiny Bond\n|faint|p1b: Kingambit\n|\n|-weather|Sandstorm|[upkeep]\n|-damage|p1a: Meganium|89/100|[from] Sandstorm\n|-heal|p2b: Tyranitar|50/100|[from] item: Leftovers\n|upkeep\n|\n|t:|1776681926\n|switch|p2a: Excadrill|Excadrill, L50, F|100/100\n|switch|p1b: Hawlucha|Hawlucha, L50, M|100/100\n|turn|3\n|inactive|CTGLDOISBACKW has 30 seconds left.\n|inactive|CTGLDOISBACKW has 20 seconds left.\n|inactive|CTGLDOISBACKW has 15 seconds left.\n|\n|t:|1776681967\n|move|p1b: Hawlucha|Protect|p1b: Hawlucha\n|-singleturn|p1b: Hawlucha|Protect\n|move|p2a: Excadrill|Rock Slide|p1a: Meganium|[spread] p1a\n|-activate|p1b: Hawlucha|move: Protect\n|-damage|p1a: Meganium|64/100\n|move|p2b: Tyranitar|Stone Edge|p1b: Hawlucha\n|-activate|p1b: Hawlucha|move: Protect\n|move|p1a: Meganium|Solar Beam||[still]\n|-prepare|p1a: Meganium|Solar Beam\n|\n|-weather|Sandstorm|[upkeep]\n|-damage|p1b: Hawlucha|95/100|[from] Sandstorm\n|-damage|p1a: Meganium|59/100|[from] Sandstorm\n|-heal|p2b: Tyranitar|56/100|[from] item: Leftovers\n|upkeep\n|turn|4\n|\n|t:|1776681991\n|move|p2a: Excadrill|Rock Slide|p1b: Hawlucha|[spread] p1a,p1b\n|-damage|p1a: Meganium|35/100\n|-damage|p1b: Hawlucha|62/100\n|move|p2b: Tyranitar|Stone Edge|p1a: Meganium\n|-damage|p1a: Meganium|0 fnt\n|faint|p1a: Meganium\n|cant|p1b: Hawlucha|flinch\n|\n|-weather|Sandstorm|[upkeep]\n|-damage|p1b: Hawlucha|56/100|[from] Sandstorm\n|-heal|p2b: Tyranitar|62/100|[from] item: Leftovers\n|-sideend|p2: Idkanygoodteams1|move: Tailwind\n|upkeep\n|\n|t:|1776682003\n|switch|p1a: Torkoal|Torkoal, L50, M|100/100\n|-weather|SunnyDay|[from] ability: Drought|[of] p1a: Torkoal\n|turn|5\n|\n|t:|1776682023\n|detailschange|p1b: Hawlucha|Hawlucha-Mega, L50, M\n|-mega|p1b: Hawlucha|Hawlucha|Hawluchanite\n|move|p1b: Hawlucha|Entrainment|p2b: Tyranitar\n|-ability|p2b: Tyranitar|No Guard|Sand Stream|[from] move: Entrainment|[of] p1b: Hawlucha\n|move|p2a: Excadrill|Rock Slide|p1b: Hawlucha|[spread] p1a,p1b\n|-supereffective|p1a: Torkoal|1\n|-damage|p1a: Torkoal|65/100\n|-damage|p1b: Hawlucha|30/100\n|move|p2b: Tyranitar|Stone Edge|p1b: Hawlucha\n|-damage|p1b: Hawlucha|0 fnt\n|faint|p1b: Hawlucha\n|move|p1a: Torkoal|Fissure|p2a: Excadrill\n|-damage|p2a: Excadrill|0 fnt\n|faint|p2a: Excadrill\n|-ohko\n|\n|-weather|SunnyDay|[upkeep]\n|-heal|p2b: Tyranitar|67/100|[from] item: Leftovers\n|upkeep\n|turn|6\n|inactive|CTGLDOISBACKW has 30 seconds left.\n|\n|t:|1776682049\n|move|p2b: Tyranitar|Stone Edge|p1a: Torkoal\n|-supereffective|p1a: Torkoal|1\n|-damage|p1a: Torkoal|0 fnt\n|faint|p1a: Torkoal\n|\n|win|Idkanygoodteams1\n||CTGLDOISBACKW is ready for game 2.\n||Idkanygoodteams1 is ready for game 2.\n|uhtml|next|Next: <a href=\"/battle-gen9championsvgc2026regma-2588882604\"><strong>Game 2 of 3</strong></a>\n",
  "uploadtime": 1776682085,
  "views": 8,
  "formatid": "gen9championsvgc2026regma",
  "rating": null,
  "private": 0,
  "password": null
}