{
  "id": "gen9championsvgc2026regma-2582728520",
  "format": "[Gen 9 Champions] VGC 2026 Reg M-A",
  "players": [
    "pokecircuitcom",
    "MilkTeaWayGalaxy"
  ],
  "log": "|j|\u2606pokecircuitcom\n|j|\u2606MilkTeaWayGalaxy\n|html|<table width=\"100%\"><tr><td align=\"left\">pokecircuitcom</td><td align=\"right\">MilkTeaWayGalaxy</tr><tr><td align=\"left\"><i class=\"fa fa-circle-o\"></i> <i class=\"fa fa-circle-o\"></i> </td><td align=\"right\"><i class=\"fa fa-circle-o\"></i> <i class=\"fa fa-circle\"></i> </tr></table>\n|uhtml|bestof|<h2><strong>Game 2</strong> of <a href=\"/game-bestof3-gen9championsvgc2026regma-2582723559\">a best-of-3</a></h2>\n|t:|1776110028\n|gametype|doubles\n|player|p1|pokecircuitcom|266|\n|player|p2|MilkTeaWayGalaxy|rosa-pokestar3|\n|gen|9\n|tier|[Gen 9 Champions] VGC 2026 Reg M-A\n|rated|Tournament battle\n|rule|Species Clause: Limit one of each Pok\u00e9mon\n|rule|Item Clause: Limit 1 of each item\n|raw|<div class=\"infobox\"><details class=\"readmore\" open><summary><strong>2 custom rules:</strong></summary> Force Open Team Sheets, Best of = 3</details></div>\n|clearpoke\n|poke|p1|Chandelure, L50, M|\n|poke|p1|Gardevoir, L50, F|\n|poke|p1|Sneasler, L50, M|\n|poke|p1|Meowscarada, L50, F|\n|poke|p1|Corviknight, L50, F|\n|poke|p1|Rotom-Wash, L50|\n|poke|p2|Froslass, L50, F|\n|poke|p2|Sinistcha, L50|\n|poke|p2|Kingambit, L50, F|\n|poke|p2|Sneasler, L50, F|\n|poke|p2|Incineroar, L50, F|\n|poke|p2|Basculegion, L50, M|\n|teampreview|4\n|showteam|p1|Chandelure||ChoiceScarf|FlashFire|HeatWave,ShadowBall,EnergyBall,Psychic|||M|||50|]Gardevoir||Gardevoirite|Trace|HyperVoice,Psychic,Thunderbolt,Protect|||F|||50|]Sneasler||WhiteHerb|Unburden|FakeOut,CloseCombat,DireClaw,Feint|||M|||50|]Meowscarada||FocusSash|Overgrow|TripleAxel,FlowerTrick,KnockOff,Protect|||F|||50|]Corviknight||Leftovers|MirrorArmor|BraveBird,IronHead,Tailwind,Protect|||F|||50|]Rotom-Wash||SitrusBerry|Levitate|HydroPump,Thunderbolt,Protect,Electroweb||||||50|\n|showteam|p2|Froslass||Froslassite|CursedBody|Protect,Blizzard,AuroraVeil,ShadowBall|||F|||50|]Sinistcha||SitrusBerry|Hospitality|MatchaGotcha,RagePowder,LifeDew,Protect||||||50|]Kingambit||BlackGlasses|Defiant|SuckerPunch,KowtowCleave,IronHead,Protect|||F|||50|]Sneasler||WhiteHerb|Unburden|Coaching,Protect,DireClaw,CloseCombat|||F|||50|]Incineroar||Leftovers|Intimidate|DarkestLariat,FlareBlitz,FakeOut,PartingShot|||F|||50|]Basculegion||MysticWater|Adaptability|WaveCrash,Protect,AquaJet,LastRespects|||M|||50|\n|j| WhyMeDaddy\n|j| Tripb85\n|l| Tripb85\n|\n|t:|1776110048\n|teamsize|p1|4\n|teamsize|p2|4\n|start\n|switch|p1a: Chandelure|Chandelure, L50, M, shiny|100/100\n|switch|p1b: Sneasler|Sneasler, L50, M|100/100\n|switch|p2a: Froslass|Froslass, L50, F|100/100\n|switch|p2b: Kingambit|Kingambit, L50, F|100/100\n|turn|1\n|j| ido1234567890\n|\n|t:|1776110056\n|switch|p2a: Incineroar|Incineroar, L50, F|100/100\n|-ability|p2a: Incineroar|Intimidate|boost\n|-unboost|p1a: Chandelure|atk|1\n|-unboost|p1b: Sneasler|atk|1\n|-enditem|p1b: Sneasler|White Herb\n|-clearnegativeboost|p1b: Sneasler|[silent]\n|move|p2b: Kingambit|Protect|p2b: Kingambit\n|-singleturn|p2b: Kingambit|Protect\n|move|p1b: Sneasler|Close Combat|p2b: Kingambit\n|-activate|p2b: Kingambit|move: Protect\n|move|p1a: Chandelure|Shadow Ball|p2a: Incineroar\n|-resisted|p2a: Incineroar|1\n|-damage|p2a: Incineroar|83/100\n|\n|-heal|p2a: Incineroar|89/100|[from] item: Leftovers\n|upkeep\n|turn|2\n|j| TG511\n|j| coconut1234\n|\n|t:|1776110083\n|switch|p1a: Rotom|Rotom-Wash, L50|100/100\n|switch|p2a: Froslass|Froslass, L50, F|100/100\n|switch|p2b: Basculegion|Basculegion, L50, M|100/100\n|move|p1b: Sneasler|Close Combat|p2a: Froslass\n|-immune|p2a: Froslass\n|\n|upkeep\n|turn|3\n|j| partcore32\n|l| partcore32\n|l| coconut1234\n|\n|t:|1776110107\n|switch|p2b: Incineroar|Incineroar, L50, F|89/100\n|-ability|p2b: Incineroar|Intimidate|boost\n|-unboost|p1a: Rotom|atk|1\n|-unboost|p1b: Sneasler|atk|1\n|detailschange|p2a: Froslass|Froslass-Mega, L50, F\n|-mega|p2a: Froslass|Froslass|Froslassite\n|-weather|Snowscape|[from] ability: Snow Warning|[of] p2a: Froslass\n|move|p1b: Sneasler|Dire Claw|p2b: Incineroar\n|-damage|p2b: Incineroar|63/100\n|-status|p2b: Incineroar|psn\n|move|p2a: Froslass|Aurora Veil|p2a: Froslass\n|-sidestart|p2: MilkTeaWayGalaxy|move: Aurora Veil\n|move|p1a: Rotom|Electroweb|p2b: Incineroar|[spread] p2a,p2b\n|-damage|p2a: Froslass|84/100\n|-damage|p2b: Incineroar|53/100 psn\n|-unboost|p2a: Froslass|spe|1\n|-unboost|p2b: Incineroar|spe|1\n|\n|-weather|Snowscape|[upkeep]\n|-heal|p2b: Incineroar|59/100 psn|[from] item: Leftovers\n|-damage|p2b: Incineroar|47/100 psn|[from] psn\n|upkeep\n|turn|4\n|\n|t:|1776110128\n|move|p2b: Incineroar|Fake Out|p1b: Sneasler\n|-crit|p1b: Sneasler\n|-damage|p1b: Sneasler|71/100\n|cant|p1b: Sneasler|flinch\n|move|p1a: Rotom|Electroweb|p2b: Incineroar|[spread] p2a,p2b\n|-damage|p2a: Froslass|68/100\n|-damage|p2b: Incineroar|36/100 psn\n|-unboost|p2a: Froslass|spe|1\n|-unboost|p2b: Incineroar|spe|1\n|move|p2a: Froslass|Blizzard|p1b: Sneasler|[spread] p1a,p1b\n|-resisted|p1a: Rotom|1\n|-damage|p1a: Rotom|75/100\n|-damage|p1b: Sneasler|16/100\n|\n|-weather|Snowscape|[upkeep]\n|-heal|p2b: Incineroar|42/100 psn|[from] item: Leftovers\n|-damage|p2b: Incineroar|30/100 psn|[from] psn\n|upkeep\n|turn|5\n|\n|t:|1776110149\n|switch|p1b: Chandelure|Chandelure, L50, M, shiny|100/100\n|move|p1a: Rotom|Thunderbolt|p2a: Froslass\n|-damage|p2a: Froslass|32/100\n|move|p2a: Froslass|Shadow Ball|p1a: Rotom\n|-damage|p1a: Rotom|27/100\n|-unboost|p1a: Rotom|spd|1\n|-enditem|p1a: Rotom|Sitrus Berry|[eat]\n|-heal|p1a: Rotom|52/100|[from] item: Sitrus Berry\n|move|p2b: Incineroar|Darkest Lariat|p1b: Chandelure\n|-supereffective|p1b: Chandelure|1\n|-damage|p1b: Chandelure|0 fnt\n|faint|p1b: Chandelure\n|\n|-weather|Snowscape|[upkeep]\n|-heal|p2b: Incineroar|36/100 psn|[from] item: Leftovers\n|-damage|p2b: Incineroar|24/100 psn|[from] psn\n|upkeep\n|\n|t:|1776110158\n|switch|p1b: Ayanami|Gardevoir, L50, F, shiny|100/100\n|-ability|p1b: Ayanami|Snow Warning|Trace|[from] ability: Trace|[of] p2a: Froslass\n|turn|6\n|\n|t:|1776110177\n|switch|p1a: Sneasler|Sneasler, L50, M|16/100\n|switch|p2a: Kingambit|Kingambit, L50, F|100/100\n|detailschange|p1b: Ayanami|Gardevoir-Mega, L50, F, shiny\n|-mega|p1b: Ayanami|Gardevoir|Gardevoirite\n|move|p1b: Ayanami|Hyper Voice|p2b: Incineroar|[spread] p2a,p2b\n|-damage|p2a: Kingambit|72/100\n|-damage|p2b: Incineroar|0 fnt\n|faint|p2b: Incineroar\n|\n|-weather|Snowscape|[upkeep]\n|upkeep\n|\n|t:|1776110186\n|switch|p2b: Basculegion|Basculegion, L50, M|100/100\n|turn|7\n|\n|t:|1776110194\n|move|p1b: Ayanami|Protect|p1b: Ayanami\n|-singleturn|p1b: Ayanami|Protect\n|move|p2b: Basculegion|Protect|p2b: Basculegion\n|-singleturn|p2b: Basculegion|Protect\n|move|p2a: Kingambit|Protect|p2a: Kingambit\n|-singleturn|p2a: Kingambit|Protect\n|move|p1a: Sneasler|Dire Claw|p2b: Basculegion\n|-activate|p2b: Basculegion|move: Protect\n|\n|-weather|none\n|-sideend|p2: MilkTeaWayGalaxy|move: Aurora Veil\n|upkeep\n|turn|8\n|\n|t:|1776110207\n|switch|p1a: Rotom|Rotom-Wash, L50|52/100\n|move|p2b: Basculegion|Aqua Jet|p1a: Rotom\n|-resisted|p1a: Rotom|1\n|-damage|p1a: Rotom|32/100\n|move|p1b: Ayanami|Thunderbolt|p2b: Basculegion\n|-supereffective|p2b: Basculegion|1\n|-damage|p2b: Basculegion|29/100\n|move|p2a: Kingambit|Iron Head|p1b: Ayanami\n|-supereffective|p1b: Ayanami|1\n|-damage|p1b: Ayanami|0 fnt\n|faint|p1b: Ayanami\n|\n|upkeep\n|\n|t:|1776110216\n|switch|p1b: Sneasler|Sneasler, L50, M|16/100\n|turn|9\n|c|\u2606pokecircuitcom|gg\n|\n|t:|1776110224\n|move|p2b: Basculegion|Protect|p2b: Basculegion\n|-singleturn|p2b: Basculegion|Protect\n|move|p2a: Kingambit|Protect|p2a: Kingambit\n|-singleturn|p2a: Kingambit|Protect\n|move|p1b: Sneasler|Close Combat|p2a: Kingambit\n|-activate|p2a: Kingambit|move: Protect\n|move|p1a: Rotom|Thunderbolt|p2b: Basculegion\n|-activate|p2b: Basculegion|move: Protect\n|\n|upkeep\n|turn|10\n|c|\u2606MilkTeaWayGalaxy|gg\n|\n|t:|1776110236\n|move|p2b: Basculegion|Aqua Jet|p1b: Sneasler\n|-damage|p1b: Sneasler|0 fnt\n|faint|p1b: Sneasler\n|move|p2a: Kingambit|Sucker Punch|p1a: Rotom\n|-damage|p1a: Rotom|0 fnt\n|faint|p1a: Rotom\n|\n|win|MilkTeaWayGalaxy\n",
  "uploadtime": 1776110244,
  "views": 17,
  "formatid": "gen9championsvgc2026regma",
  "rating": null,
  "private": 0,
  "password": null
}