{
  "id": "gen9championsvgc2026regma-2585386086",
  "format": "[Gen 9 Champions] VGC 2026 Reg M-A",
  "players": [
    "Dbzone9001",
    "palomanco"
  ],
  "log": "|j|\u2606Dbzone9001\n|j|\u2606palomanco\n|t:|1776343401\n|gametype|doubles\n|player|p1|Dbzone9001|265|1442\n|player|p2|palomanco|102|1423\n|gen|9\n|tier|[Gen 9 Champions] VGC 2026 Reg M-A\n|rated|\n|rule|Species Clause: Limit one of each Pok\u00e9mon\n|rule|Item Clause: Limit 1 of each item\n|clearpoke\n|poke|p1|Garchomp, L50, F|\n|poke|p1|Whimsicott, L50, F|\n|poke|p1|Milotic, L50, F|\n|poke|p1|Charizard, L50, F|\n|poke|p1|Venusaur, L50, F|\n|poke|p1|Orthworm, L50, M|\n|poke|p2|Kleavor, L50, M|\n|poke|p2|Meganium, L50, M|\n|poke|p2|Talonflame, L50, M|\n|poke|p2|Basculegion, L50, M|\n|poke|p2|Pelipper, L50, F|\n|poke|p2|Archaludon, L50, F|\n|teampreview|4\n|j| zSpacePirate\n|\n|t:|1776343444\n|teamsize|p1|4\n|teamsize|p2|4\n|start\n|switch|p1a: Garchomp|Garchomp, L50, F|100/100\n|switch|p1b: Charizard|Charizard, L50, F|100/100\n|switch|p2a: Kleavor|Kleavor, L50, M|100/100\n|switch|p2b: Talonflame|Talonflame, L50, M|100/100\n|turn|1\n|\n|t:|1776343458\n|move|p1b: Charizard|Protect|p1b: Charizard\n|-singleturn|p1b: Charizard|Protect\n|move|p2b: Talonflame|Tailwind|p2b: Talonflame\n|-sidestart|p2: palomanco|move: Tailwind\n|move|p2a: Kleavor|Stone Axe|p1b: Charizard\n|-activate|p1b: Charizard|move: Protect\n|move|p1a: Garchomp|Rock Slide|p2b: Talonflame|[spread] p2a,p2b\n|-supereffective|p2a: Kleavor|1\n|-supereffective|p2b: Talonflame|2\n|-damage|p2a: Kleavor|45/100\n|-enditem|p2b: Talonflame|Focus Sash\n|-damage|p2b: Talonflame|1/100\n|\n|upkeep\n|turn|2\n|\n|t:|1776343473\n|switch|p2b: Meganium|Meganium, L50, M|100/100\n|switch|p1b: Orthworm|Orthworm, L50, M|100/100\n|move|p2a: Kleavor|Stone Axe|p1b: Orthworm\n|-resisted|p1b: Orthworm|1\n|-crit|p1b: Orthworm\n|-damage|p1b: Orthworm|75/100\n|-sidestart|p1: Dbzone9001|move: Stealth Rock\n|move|p1a: Garchomp|Rock Slide|p2a: Kleavor|[spread] p2a,p2b\n|-supereffective|p2a: Kleavor|1\n|-damage|p2a: Kleavor|0 fnt\n|-damage|p2b: Meganium|76/100\n|faint|p2a: Kleavor\n|\n|upkeep\n|\n|t:|1776343489\n|switch|p2a: Basculegion|Basculegion, L50, M|100/100\n|turn|3\n|\n|t:|1776343508\n|detailschange|p2b: Meganium|Meganium-Mega, L50, M\n|-mega|p2b: Meganium|Meganium|Meganiumite\n|move|p2b: Meganium|Weather Ball|p1b: Orthworm\n|-supereffective|p1b: Orthworm|1\n|-damage|p1b: Orthworm|0 fnt\n|faint|p1b: Orthworm\n|move|p2a: Basculegion|Liquidation|p1a: Garchomp\n|-damage|p1a: Garchomp|51/100\n|-unboost|p1a: Garchomp|def|1\n|-damage|p2a: Basculegion|88/100|[from] ability: Rough Skin|[of] p1a: Garchomp\n|move|p1a: Garchomp|Rock Slide|p2a: Basculegion|[spread] p2a,p2b\n|-damage|p2a: Basculegion|65/100\n|-damage|p2b: Meganium|54/100\n|\n|upkeep\n|\n|t:|1776343518\n|switch|p1b: Venusaur|Venusaur, L50, F|100/100\n|-damage|p1b: Venusaur|88/100|[from] Stealth Rock\n|turn|4\n|\n|t:|1776343537\n|move|p2b: Meganium|Dazzling Gleam|p1a: Garchomp|[spread] p1a,p1b\n|-supereffective|p1a: Garchomp|1\n|-crit|p1a: Garchomp\n|-resisted|p1b: Venusaur|1\n|-damage|p1a: Garchomp|0 fnt\n|-damage|p1b: Venusaur|70/100\n|faint|p1a: Garchomp\n|move|p2a: Basculegion|Last Respects|p1b: Venusaur\n|-damage|p1b: Venusaur|13/100\n|move|p1b: Venusaur|Sludge Bomb|p2b: Meganium\n|-supereffective|p2b: Meganium|2\n|-damage|p2b: Meganium|0 fnt\n|faint|p2b: Meganium\n|\n|-sideend|p2: palomanco|move: Tailwind\n|upkeep\n|\n|t:|1776343545\n|switch|p1a: Charizard|Charizard, L50, F|100/100\n|switch|p2b: Talonflame|Talonflame, L50, M|1/100\n|-damage|p1a: Charizard|50/100|[from] Stealth Rock\n|turn|5\n|\n|t:|1776343570\n|detailschange|p1a: Charizard|Charizard-Mega-Y, L50, F\n|-mega|p1a: Charizard|Charizard|Charizardite Y\n|-weather|SunnyDay|[from] ability: Drought|[of] p1a: Charizard\n|move|p2a: Basculegion|Protect|p2a: Basculegion\n|-singleturn|p2a: Basculegion|Protect\n|move|p1b: Venusaur|Giga Drain|p2b: Talonflame\n|-resisted|p2b: Talonflame|2\n|-damage|p2b: Talonflame|0 fnt\n|-heal|p1b: Venusaur|13/100|[from] drain|[of] p2b: Talonflame\n|faint|p2b: Talonflame\n|move|p1a: Charizard|Air Slash|p2a: Basculegion\n|-activate|p2a: Basculegion|move: Protect\n|\n|-weather|SunnyDay|[upkeep]\n|upkeep\n|turn|6\n|\n|t:|1776343583\n|move|p2a: Basculegion|Aqua Jet|p1b: Venusaur\n|-resisted|p1b: Venusaur|1\n|-damage|p1b: Venusaur|8/100\n|move|p1b: Venusaur|Giga Drain|p2a: Basculegion\n|-supereffective|p2a: Basculegion|1\n|-damage|p2a: Basculegion|0 fnt\n|-heal|p1b: Venusaur|46/100|[from] drain|[of] p2a: Basculegion\n|faint|p2a: Basculegion\n|\n|win|Dbzone9001\n|raw|Dbzone9001's rating: 1442 &rarr; <strong>1461</strong><br />(+19 for winning)\n|raw|palomanco's rating: 1423 &rarr; <strong>1404</strong><br />(-19 for losing)\n|l|\u2606palomanco\n|player|p2|\n|l|\u2606Dbzone9001\n|player|p1|\n|l| zSpacePirate\n",
  "uploadtime": 1776343630,
  "views": 35,
  "formatid": "gen9championsvgc2026regma",
  "rating": 1404,
  "private": 0,
  "password": null
}