{
  "id": "gen9championsvgc2026regma-2585074139",
  "format": "[Gen 9 Champions] VGC 2026 Reg M-A",
  "players": [
    "Royher",
    "tacomnivore"
  ],
  "log": "|j|\u2606Royher\n|j|\u2606tacomnivore\n|t:|1776309075\n|gametype|doubles\n|player|p1|Royher|zinzolin|1133\n|player|p2|tacomnivore|crasherwake|1054\n|gen|9\n|tier|[Gen 9 Champions] VGC 2026 Reg M-A\n|rated|\n|rule|Species Clause: Limit one of each Pok\u00e9mon\n|rule|Item Clause: Limit 1 of each item\n|clearpoke\n|poke|p1|Delphox, L50, M|\n|poke|p1|Garchomp, L50, M|\n|poke|p1|Whimsicott, L50, F|\n|poke|p1|Sneasler, L50, M|\n|poke|p1|Floette-Eternal, L50, F|\n|poke|p1|Milotic, L50, F|\n|poke|p2|Aerodactyl, L50, M|\n|poke|p2|Sableye, L50, F|\n|poke|p2|Gardevoir, L50, F|\n|poke|p2|Kingambit, L50, M|\n|poke|p2|Drampa, L50, M|\n|poke|p2|Sinistcha-Masterpiece, L50|\n|teampreview|4\ntacomnivore rejected open team sheets.\n|inactive|Battle timer is ON: inactive players will automatically lose when time's up. (requested by tacomnivore)\n|\n|t:|1776309116\n|teamsize|p1|4\n|teamsize|p2|4\n|start\n|switch|p1a: Whimsicott|Whimsicott, L50, F, shiny|100/100\n|switch|p1b: Garchomp|Garchomp, L50, M|100/100\n|switch|p2a: Gardevoir|Gardevoir, L50, F|100/100\n|switch|p2b: Sableye|Sableye, L50, F|100/100\n|turn|1\n|\n|t:|1776309134\n|switch|p1b: Delphox|Delphox, L50, M|100/100\n|detailschange|p2a: Gardevoir|Gardevoir-Mega, L50, F\n|-mega|p2a: Gardevoir|Gardevoir|Gardevoirite\n|move|p2b: Sableye|Fake Out|p1a: Whimsicott\n|-damage|p1a: Whimsicott|93/100\n|cant|p1a: Whimsicott|flinch\n|move|p2a: Gardevoir|Calm Mind|p2a: Gardevoir\n|-boost|p2a: Gardevoir|spa|1\n|-boost|p2a: Gardevoir|spd|1\n|\n|upkeep\n|turn|2\n|inactive|tacomnivore has 30 seconds left.\n|inactive|tacomnivore has 20 seconds left.\n|inactive|tacomnivore has 15 seconds left.\n|inactive|tacomnivore has 10 seconds left.\n|\n|t:|1776309181\n|detailschange|p1b: Delphox|Delphox-Mega, L50, M\n|-mega|p1b: Delphox|Delphox|Delphoxite\n|move|p2b: Sableye|Protect|p2b: Sableye\n|-singleturn|p2b: Sableye|Protect\n|move|p1a: Whimsicott|Encore|p2a: Gardevoir\n|-start|p2a: Gardevoir|Encore\n|move|p1b: Delphox|Heat Wave|p2a: Gardevoir|[spread] p2a\n|-activate|p2b: Sableye|move: Protect\n|-damage|p2a: Gardevoir|75/100\n|move|p2a: Gardevoir|Calm Mind|p2a: Gardevoir\n|-boost|p2a: Gardevoir|spa|1\n|-boost|p2a: Gardevoir|spd|1\n|\n|upkeep\n|turn|3\n|\n|t:|1776309198\n|switch|p1a: Garchomp|Garchomp, L50, M|100/100\n|move|p2b: Sableye|Disable|p1b: Delphox\n|-start|p1b: Delphox|Disable|Heat Wave\n|cant|p1b: Delphox|Disable|Heat Wave\n|move|p2a: Gardevoir|Calm Mind|p2a: Gardevoir\n|-boost|p2a: Gardevoir|spa|1\n|-boost|p2a: Gardevoir|spd|1\n|\n|upkeep\n|turn|4\n|\n|t:|1776309220\n|move|p2b: Sableye|Protect|p2b: Sableye\n|-singleturn|p2b: Sableye|Protect\n|move|p1a: Garchomp|Earthquake|p2b: Sableye|[spread] p2a\n|-activate|p2b: Sableye|move: Protect\n|-immune|p1b: Delphox|[from] ability: Levitate\n|-damage|p2a: Gardevoir|19/100\n|move|p1b: Delphox|Scorching Sands|p2b: Sableye\n|-activate|p2b: Sableye|move: Protect\n|move|p2a: Gardevoir|Calm Mind|p2a: Gardevoir\n|-boost|p2a: Gardevoir|spa|1\n|-boost|p2a: Gardevoir|spd|1\n|\n|-end|p2a: Gardevoir|Encore\n|upkeep\n|turn|5\n|\n|t:|1776309241\n|switch|p1a: Whimsicott|Whimsicott, L50, F, shiny|93/100\n|switch|p2b: Aerodactyl|Aerodactyl, L50, M|100/100\n|-ability|p2b: Aerodactyl|Unnerve\n|move|p1b: Delphox|Protect|p1b: Delphox\n|-singleturn|p1b: Delphox|Protect\n|move|p2a: Gardevoir|Protect||[still]\n|-fail|p2a: Gardevoir\n|\n|upkeep\n|turn|6\n|inactive|tacomnivore has 30 seconds left.\n|inactive|tacomnivore has 20 seconds left.\n|\n|t:|1776309278\n|switch|p1b: Garchomp|Garchomp, L50, M|100/100\n|switch|p2b: Sinistcha|Sinistcha-Masterpiece, L50|100/100\n|-heal|p2a: Gardevoir|44/100|[from] ability: Hospitality|[of] p2b: Sinistcha\n|move|p1a: Whimsicott|Encore|p2a: Gardevoir\n|-start|p2a: Gardevoir|Encore\n|move|p2a: Gardevoir|Protect||[still]\n|-fail|p2a: Gardevoir\n|\n|upkeep\n|turn|7\n|\n|t:|1776309298\n|switch|p1a: Delphox|Delphox-Mega, L50, M|100/100\n|switch|p2a: Aerodactyl|Aerodactyl, L50, M|100/100\n|-ability|p2a: Aerodactyl|Unnerve\n|switch|p2b: Sableye|Sableye, L50, F|100/100\n|move|p1b: Garchomp|Earthquake|p2b: Sableye|[spread] p2b\n|-immune|p1a: Delphox|[from] ability: Levitate\n|-immune|p2a: Aerodactyl\n|-damage|p2b: Sableye|54/100\n|\n|upkeep\n|turn|8\n|inactive|tacomnivore has 30 seconds left.\n|\n|t:|1776309325\n|switch|p1b: Whimsicott|Whimsicott, L50, F, shiny|93/100\n|move|p2b: Sableye|Fake Out|p1a: Delphox\n|-damage|p1a: Delphox|87/100\n|cant|p1a: Delphox|flinch\n|move|p2a: Aerodactyl|Tailwind|p2a: Aerodactyl\n|-sidestart|p2: tacomnivore|move: Tailwind\n|\n|upkeep\n|turn|9\n|inactive|tacomnivore has 30 seconds left.\n|inactive|tacomnivore has 20 seconds left.\n|\n|t:|1776309363\n|switch|p2b: Gardevoir|Gardevoir-Mega, L50, F|44/100\n|move|p2a: Aerodactyl|Protect|p2a: Aerodactyl\n|-singleturn|p2a: Aerodactyl|Protect\n|move|p1b: Whimsicott|Encore|p2a: Aerodactyl\n|-activate|p2a: Aerodactyl|move: Protect\n|move|p1a: Delphox|Heat Wave|p2b: Gardevoir|[spread] p2b\n|-activate|p2a: Aerodactyl|move: Protect\n|-damage|p2b: Gardevoir|13/100\n|\n|upkeep\n|turn|10\n|\n|t:|1776309377\n|switch|p2a: Sinistcha|Sinistcha-Masterpiece, L50|100/100\n|-heal|p2b: Gardevoir|38/100|[from] ability: Hospitality|[of] p2a: Sinistcha\n|move|p1b: Whimsicott|Tailwind|p1b: Whimsicott\n|-sidestart|p1: Royher|move: Tailwind\n|move|p1a: Delphox|Heat Wave|p2b: Gardevoir|[spread] p2a,p2b\n|-supereffective|p2a: Sinistcha|1\n|-damage|p2a: Sinistcha|26/100\n|-damage|p2b: Gardevoir|1/100\n|move|p2b: Gardevoir|Hyper Voice|p1b: Whimsicott|[spread] p1a,p1b\n|-resisted|p1a: Delphox|1\n|-damage|p1a: Delphox|60/100\n|-damage|p1b: Whimsicott|17/100\n|\n|-heal|p2a: Sinistcha|33/100|[from] item: Leftovers\n|upkeep\n|turn|11\n|inactive|tacomnivore has 30 seconds left.\n|inactive|tacomnivore has 20 seconds left.\n|\n|t:|1776309416\n|switch|p2b: Aerodactyl|Aerodactyl, L50, M|100/100\n|-ability|p2b: Aerodactyl|Unnerve\n|switch|p2a: Sableye|Sableye, L50, F|54/100\n|move|p1a: Delphox|Heat Wave|p2a: Sableye|[spread] p2a,p2b\n|-resisted|p2b: Aerodactyl|1\n|-damage|p2a: Sableye|10/100\n|-damage|p2b: Aerodactyl|70/100\n|move|p1b: Whimsicott|Moonblast|p2a: Sableye\n|-supereffective|p2a: Sableye|1\n|-damage|p2a: Sableye|0 fnt\n|faint|p2a: Sableye\n|\n|-sideend|p2: tacomnivore|move: Tailwind\n|upkeep\n|\n|t:|1776309433\n|switch|p2a: Sinistcha|Sinistcha-Masterpiece, L50|33/100\n|-heal|p2b: Aerodactyl|95/100|[from] ability: Hospitality|[of] p2a: Sinistcha\n|turn|12\n|\n|t:|1776309449\n|move|p2a: Sinistcha|Rage Powder|p2a: Sinistcha\n|-singleturn|p2a: Sinistcha|move: Rage Powder\n|move|p1a: Delphox|Psychic|p2a: Sinistcha\n|-damage|p2a: Sinistcha|0 fnt\n|faint|p2a: Sinistcha\n|move|p1b: Whimsicott|Moonblast|p2b: Aerodactyl\n|-damage|p2b: Aerodactyl|53/100\n|move|p2b: Aerodactyl|Rock Slide|p1b: Whimsicott|[spread] p1a,p1b\n|-supereffective|p1a: Delphox|1\n|-crit|p1b: Whimsicott\n|-damage|p1a: Delphox|0 fnt\n|-damage|p1b: Whimsicott|0 fnt\n|faint|p1a: Delphox\n|faint|p1b: Whimsicott\n|\n|upkeep\n|\n|t:|1776309462\n|switch|p1a: Garchomp|Garchomp, L50, M|100/100\n|switch|p1b: Sneasler|Sneasler, L50, M, shiny|100/100\n|switch|p2a: Gardevoir|Gardevoir-Mega, L50, F|1/100\n|turn|13\n|\n|t:|1776309473\n|move|p2b: Aerodactyl|Protect|p2b: Aerodactyl\n|-singleturn|p2b: Aerodactyl|Protect\n|move|p2a: Gardevoir|Protect|p2a: Gardevoir\n|-singleturn|p2a: Gardevoir|Protect\n|move|p1a: Garchomp|Rock Slide|p2a: Gardevoir|[spread] \n|-activate|p2a: Gardevoir|move: Protect\n|-activate|p2b: Aerodactyl|move: Protect\n|move|p1b: Sneasler|Close Combat|p2b: Aerodactyl\n|-activate|p2b: Aerodactyl|move: Protect\n|\n|-sideend|p1: Royher|move: Tailwind\n|upkeep\n|turn|14\n|\n|t:|1776309490\n|move|p1a: Garchomp|Rock Slide|p2b: Aerodactyl|[spread] p2a,p2b\n|-supereffective|p2b: Aerodactyl|1\n|-damage|p2a: Gardevoir|0 fnt\n|-damage|p2b: Aerodactyl|0 fnt\n|faint|p2a: Gardevoir\n|faint|p2b: Aerodactyl\n|\n|win|Royher\n|raw|Royher's rating: 1133 &rarr; <strong>1152</strong><br />(+19 for winning)\n|raw|tacomnivore's rating: 1054 &rarr; <strong>1040</strong><br />(-14 for losing)\n|c|\u2606tacomnivore|gg\n|l|\u2606Royher\n|player|p1|\n",
  "uploadtime": 1776309500,
  "views": 28,
  "formatid": "gen9championsvgc2026regma",
  "rating": 1040,
  "private": 0,
  "password": null
}