{
  "id": "gen9championsvgc2026regma-2581643654",
  "format": "[Gen 9 Champions] VGC 2026 Reg M-A",
  "players": [
    "erboston",
    "SimplyNarwall"
  ],
  "log": "|j|\u2606erboston\n|j|\u2606SimplyNarwall\n|t:|1776017458\n|gametype|doubles\n|player|p1|erboston|101|1435\n|player|p2|SimplyNarwall|169|1345\n|gen|9\n|tier|[Gen 9 Champions] VGC 2026 Reg M-A\n|rated|\n|rule|Species Clause: Limit one of each Pok\u00e9mon\n|rule|Item Clause: Limit 1 of each item\n|clearpoke\n|poke|p1|Politoed, L50, M|\n|poke|p1|Incineroar, L50, F|\n|poke|p1|Gengar, L50, M|\n|poke|p1|Corviknight, L50, F|\n|poke|p1|Maushold, L50|\n|poke|p1|Sneasler, L50, F|\n|poke|p2|Alcremie, L50, F|\n|poke|p2|Sinistcha, L50|\n|poke|p2|Chimecho, L50, F|\n|poke|p2|Dragonite, L50, M|\n|poke|p2|Chesnaught, L50, M|\n|poke|p2|Glimmora, L50, M|\n|teampreview|4\n|inactive|Battle timer is ON: inactive players will automatically lose when time's up. (requested by erboston)\n|j| zane121\n|\n|t:|1776017490\n|teamsize|p1|4\n|teamsize|p2|4\n|start\n|switch|p1a: Gengar|Gengar, L50, M|100/100\n|switch|p1b: Incineroar|Incineroar, L50, F|100/100\n|switch|p2a: Chimecho|Chimecho, L50, F|100/100\n|switch|p2b: Alcremie|Alcremie, L50, F|100/100\n|-ability|p1b: Incineroar|Intimidate|boost\n|-unboost|p2a: Chimecho|atk|1\n|-unboost|p2b: Alcremie|atk|1\n|turn|1\n|inactive|SimplyNarwall has 30 seconds left.\n|\n|t:|1776017519\n|detailschange|p1a: Gengar|Gengar-Mega, L50, M\n|-mega|p1a: Gengar|Gengar|Gengarite\n|detailschange|p2a: Chimecho|Chimecho-Mega, L50, F\n|-mega|p2a: Chimecho|Chimecho|Chimechite\n|move|p2b: Alcremie|Protect|p2b: Alcremie\n|-singleturn|p2b: Alcremie|Protect\n|move|p1b: Incineroar|Fake Out|p2a: Chimecho\n|-resisted|p2a: Chimecho|1\n|-damage|p2a: Chimecho|97/100\n|move|p1a: Gengar|Perish Song|p1a: Gengar\n|-start|p1a: Gengar|perish3|[silent]\n|-start|p1b: Incineroar|perish3|[silent]\n|-start|p2a: Chimecho|perish3|[silent]\n|-start|p2b: Alcremie|perish3|[silent]\n|-fieldactivate|move: Perish Song\n|cant|p2a: Chimecho|flinch\n|\n|-start|p1a: Gengar|perish3\n|-start|p2a: Chimecho|perish3\n|-start|p2b: Alcremie|perish3\n|-start|p1b: Incineroar|perish3\n|upkeep\n|turn|2\n|inactive|SimplyNarwall has 30 seconds left.\n|\n|t:|1776017547\n|move|p1a: Gengar|Protect|p1a: Gengar\n|-singleturn|p1a: Gengar|Protect\n|move|p2a: Chimecho|Protect|p2a: Chimecho\n|-singleturn|p2a: Chimecho|Protect\n|move|p2b: Alcremie|Decorate|p2a: Chimecho\n|-boost|p2a: Chimecho|atk|2\n|-boost|p2a: Chimecho|spa|2\n|move|p1b: Incineroar|Parting Shot|p2b: Alcremie\n|-unboost|p2b: Alcremie|atk|1\n|-unboost|p2b: Alcremie|spa|1\n|\n|t:|1776017558\n|switch|p1b: Sneasler|Sneasler, L50, F|100/100|[from] Parting Shot\n|\n|-start|p1a: Gengar|perish2\n|-start|p2a: Chimecho|perish2\n|-start|p2b: Alcremie|perish2\n|upkeep\n|turn|3\n|l| zane121\n|j| stagory\n|\n|t:|1776017579\n|move|p1b: Sneasler|Fake Out|p2a: Chimecho\n|-resisted|p2a: Chimecho|1\n|-damage|p2a: Chimecho|92/100\n|move|p1a: Gengar|Shadow Ball|p2a: Chimecho\n|-supereffective|p2a: Chimecho|1\n|-damage|p2a: Chimecho|19/100\n|cant|p2a: Chimecho|flinch\n|move|p2b: Alcremie|Mystical Fire|p1a: Gengar\n|-damage|p1a: Gengar|86/100\n|-unboost|p1a: Gengar|spa|1\n|\n|-start|p1a: Gengar|perish1\n|-start|p2a: Chimecho|perish1\n|-start|p2b: Alcremie|perish1\n|upkeep\n|turn|4\n|l| stagory\n|inactive|SimplyNarwall has 30 seconds left.\n|j| gE1xjZRtuhW2DdT0AK\n|\n|t:|1776017611\n|switch|p1a: Incineroar|Incineroar, L50, F|100/100\n|-ability|p1a: Incineroar|Intimidate|boost\n|-unboost|p2a: Chimecho|atk|1\n|-unboost|p2b: Alcremie|atk|1\n|move|p1b: Sneasler|Protect|p1b: Sneasler\n|-singleturn|p1b: Sneasler|Protect\n|move|p2a: Chimecho|Psychic|p1a: Incineroar\n|-immune|p1a: Incineroar\n|move|p2b: Alcremie|Alluring Voice|p1a: Incineroar\n|-damage|p1a: Incineroar|84/100\n|\n|-start|p2a: Chimecho|perish0\n|-start|p2b: Alcremie|perish0\n|faint|p2a: Chimecho\n|faint|p2b: Alcremie\n|upkeep\n|\n|t:|1776017624\n|switch|p2a: Dragonite|Dragonite, L50, M|100/100\n|switch|p2b: Sinistcha|Sinistcha, L50|100/100\n|turn|5\n|\n|t:|1776017640\n|move|p1b: Sneasler|U-turn|p2b: Sinistcha\n|-crit|p2b: Sinistcha\n|-damage|p2b: Sinistcha|72/100\n|\n|t:|1776017642\n|switch|p1b: Politoed|Politoed, L50, M|100/100|[from] U-turn\n|-weather|RainDance|[from] ability: Drizzle|[of] p1b: Politoed\n|move|p2a: Dragonite|Dragon Claw|p1a: Incineroar\n|-damage|p1a: Incineroar|42/100\n|-enditem|p1a: Incineroar|Sitrus Berry|[eat]\n|-heal|p1a: Incineroar|66/100|[from] item: Sitrus Berry\n|move|p1a: Incineroar|Parting Shot|p2a: Dragonite\n|-unboost|p2a: Dragonite|atk|1\n|-unboost|p2a: Dragonite|spa|1\n|\n|t:|1776017652\n|switch|p1a: Sneasler|Sneasler, L50, F|100/100|[from] Parting Shot\n|move|p2b: Sinistcha|Trick Room|p2b: Sinistcha\n|-fieldstart|move: Trick Room|[of] p2b: Sinistcha\n|\n|-weather|RainDance|[upkeep]\n|upkeep\n|turn|6\n|c|\u2606SimplyNarwall|gg\n|-message|SimplyNarwall forfeited.\n|\n|win|erboston\n|raw|erboston's rating: 1435 &rarr; <strong>1450</strong><br />(+15 for winning)\n|raw|SimplyNarwall's rating: 1345 &rarr; <strong>1330</strong><br />(-15 for losing)\n|l|\u2606SimplyNarwall\n|player|p2|\n",
  "uploadtime": 1776017678,
  "views": 26,
  "formatid": "gen9championsvgc2026regma",
  "rating": 1330,
  "private": 0,
  "password": null
}