{
  "id": "gen9championsvgc2026regma-2583462558",
  "format": "[Gen 9 Champions] VGC 2026 Reg M-A",
  "players": [
    "Pigcosmos",
    "ultimatehen420"
  ],
  "log": "|j|\u2606Pigcosmos\n|j|\u2606ultimatehen420\n|t:|1776177225\n|gametype|doubles\n|player|p1|Pigcosmos|scientist-gen4|1149\n|player|p2|ultimatehen420|ghetsis|1148\n|gen|9\n|tier|[Gen 9 Champions] VGC 2026 Reg M-A\n|rated|\n|rule|Species Clause: Limit one of each Pok\u00e9mon\n|rule|Item Clause: Limit 1 of each item\n|clearpoke\n|poke|p1|Victreebel, L50, M|\n|poke|p1|Sableye, L50, M|\n|poke|p1|Forretress, L50, F|\n|poke|p1|Dragonite, L50, F|\n|poke|p1|Basculegion, L50, M|\n|poke|p1|Audino, L50, M|\n|poke|p2|Aerodactyl, L50, F|\n|poke|p2|Sinistcha-Masterpiece, L50|\n|poke|p2|Sneasler, L50, M|\n|poke|p2|Meganium, L50, F|\n|poke|p2|Glimmora, L50, M|\n|poke|p2|Sylveon, L50, F|\n|teampreview|4\n|inactive|Battle timer is ON: inactive players will automatically lose when time's up. (requested by Pigcosmos)\n|inactive|Pigcosmos has 60 seconds left.\n|inactive|ultimatehen420 has 60 seconds left.\n|\n|t:|1776177279\n|teamsize|p1|4\n|teamsize|p2|4\n|start\n|switch|p1a: Victreebel|Victreebel, L50, M|100/100\n|switch|p1b: Sableye|Sableye, L50, M|100/100\n|switch|p2a: Aerodactyl|Aerodactyl, L50, F|100/100\n|switch|p2b: Meganium|Meganium, L50, F|100/100\n|-ability|p2a: Aerodactyl|Unnerve\n|turn|1\n|\n|t:|1776177298\n|detailschange|p1a: Victreebel|Victreebel-Mega, L50, M\n|-mega|p1a: Victreebel|Victreebel|Victreebelite\n|detailschange|p2b: Meganium|Meganium-Mega, L50, F\n|-mega|p2b: Meganium|Meganium|Meganiumite\n|move|p2a: Aerodactyl|Protect|p2a: Aerodactyl\n|-singleturn|p2a: Aerodactyl|Protect\n|move|p1b: Sableye|Fake Out|p2a: Aerodactyl\n|-activate|p2a: Aerodactyl|move: Protect\n|move|p1a: Victreebel|Sludge Bomb|p2b: Meganium\n|-supereffective|p2b: Meganium|2\n|-damage|p2b: Meganium|0 fnt\n|faint|p2b: Meganium\n|\n|upkeep\n|\n|t:|1776177310\n|switch|p2b: Sneasler|Sneasler, L50, M|100/100\n|turn|2\n|inactive|Pigcosmos has 30 seconds left.\n|inactive|Pigcosmos has 20 seconds left.\n|inactive|Pigcosmos has 15 seconds left.\n|inactive|Pigcosmos has 10 seconds left.\n|\n|t:|1776177358\n|move|p1a: Victreebel|Protect|p1a: Victreebel\n|-singleturn|p1a: Victreebel|Protect\n|move|p2b: Sneasler|Fake Out|p1a: Victreebel\n|-activate|p1a: Victreebel|move: Protect\n|move|p2a: Aerodactyl|Tailwind|p2a: Aerodactyl\n|-sidestart|p2: ultimatehen420|move: Tailwind\n|move|p1b: Sableye|Knock Off|p2a: Aerodactyl\n|-damage|p2a: Aerodactyl|59/100\n|-enditem|p2a: Aerodactyl|Focus Sash|[from] move: Knock Off|[of] p1b: Sableye\n|\n|upkeep\n|turn|3\n|\n|t:|1776177380\n|move|p1b: Sableye|Quash|p2b: Sneasler\n|-activate|p2b: Sneasler|move: Quash\n|move|p2a: Aerodactyl|Rock Slide|p1a: Victreebel|[spread] p1a,p1b\n|-damage|p1a: Victreebel|65/100\n|-damage|p1b: Sableye|71/100\n|move|p1a: Victreebel|Toxic|p2a: Aerodactyl\n|-status|p2a: Aerodactyl|tox\n|move|p2b: Sneasler|Dire Claw|p1a: Victreebel\n|-damage|p1a: Victreebel|6/100\n|\n|-damage|p2a: Aerodactyl|53/100 tox|[from] psn\n|upkeep\n|turn|4\n|\n|t:|1776177407\n|move|p1a: Victreebel|Protect|p1a: Victreebel\n|-singleturn|p1a: Victreebel|Protect\n|move|p1b: Sableye|Recover|p1b: Sableye\n|-heal|p1b: Sableye|100/100\n|move|p2a: Aerodactyl|Rock Slide|p1b: Sableye|[spread] p1b\n|-activate|p1a: Victreebel|move: Protect\n|-damage|p1b: Sableye|69/100\n|move|p2b: Sneasler|Dire Claw|p1a: Victreebel\n|-activate|p1a: Victreebel|move: Protect\n|\n|-damage|p2a: Aerodactyl|42/100 tox|[from] psn\n|upkeep\n|turn|5\n|\n|t:|1776177429\n|switch|p1a: Forretress|Forretress, L50, F|100/100\n|move|p1b: Sableye|Recover|p1b: Sableye\n|-heal|p1b: Sableye|100/100\n|move|p2a: Aerodactyl|Rock Slide|p1a: Forretress|[spread] p1a,p1b\n|-damage|p1a: Forretress|80/100\n|-damage|p1b: Sableye|65/100\n|move|p2b: Sneasler|Dire Claw|p1a: Forretress\n|-immune|p1a: Forretress\n|\n|-damage|p2a: Aerodactyl|24/100 tox|[from] psn\n|-sideend|p2: ultimatehen420|move: Tailwind\n|upkeep\n|turn|6\n|inactive|Pigcosmos has 30 seconds left.\n|\n|t:|1776177459\n|move|p1b: Sableye|Recover|p1b: Sableye\n|-heal|p1b: Sableye|100/100\n|move|p2a: Aerodactyl|Tailwind|p2a: Aerodactyl\n|-sidestart|p2: ultimatehen420|move: Tailwind\n|move|p2b: Sneasler|Close Combat|p1a: Forretress\n|-damage|p1a: Forretress|22/100\n|-unboost|p2b: Sneasler|def|1\n|-unboost|p2b: Sneasler|spd|1\n|-enditem|p2b: Sneasler|White Herb\n|-clearnegativeboost|p2b: Sneasler|[silent]\n|move|p1a: Forretress|Stealth Rock|p2a: Aerodactyl\n|-sidestart|p2: ultimatehen420|move: Stealth Rock\n|\n|-damage|p2a: Aerodactyl|1/100 tox|[from] psn\n|upkeep\n|turn|7\n|inactive|ultimatehen420 has 30 seconds left.\n|inactive|ultimatehen420 has 20 seconds left.\n|inactive|ultimatehen420 has 15 seconds left.\n|-activate|p1a: Forretress|item: Quick Claw\n|\n|t:|1776177503\n|move|p1a: Forretress|Protect|p1a: Forretress\n|-singleturn|p1a: Forretress|Protect\n|move|p2b: Sneasler|Close Combat|p1a: Forretress\n|-activate|p1a: Forretress|move: Protect\n|move|p2a: Aerodactyl|Rock Slide|p1a: Forretress|[spread] p1b\n|-activate|p1a: Forretress|move: Protect\n|-damage|p1b: Sableye|66/100\n|move|p1b: Sableye|Knock Off|p2b: Sneasler\n|-resisted|p2b: Sneasler|1\n|-damage|p2b: Sneasler|88/100\n|\n|-damage|p2a: Aerodactyl|0 fnt|[from] psn\n|faint|p2a: Aerodactyl\n|upkeep\n|\n|t:|1776177517\n|switch|p2a: Sylveon|Sylveon, L50, F|100/100\n|-damage|p2a: Sylveon|88/100|[from] Stealth Rock\n|turn|8\n|\n|t:|1776177536\n|move|p2b: Sneasler|Vacuum Wave|p1a: Forretress\n|-damage|p1a: Forretress|14/100\n|move|p1b: Sableye|Quash|p2a: Sylveon\n|-activate|p2a: Sylveon|move: Quash\n|move|p1a: Forretress|Gyro Ball|p2a: Sylveon\n|-supereffective|p2a: Sylveon|1\n|-damage|p2a: Sylveon|0 fnt\n|faint|p2a: Sylveon\n|\n|upkeep\n|turn|9\n|-message|ultimatehen420 forfeited.\n|\n|win|Pigcosmos\n|raw|Pigcosmos's rating: 1149 &rarr; <strong>1174</strong><br />(+25 for winning)\n|raw|ultimatehen420's rating: 1148 &rarr; <strong>1123</strong><br />(-25 for losing)\n|l|\u2606ultimatehen420\n|player|p2|\n|l|\u2606Pigcosmos\n|player|p1|\n|j|\u2606Pigcosmos\n|player|p1|Pigcosmos|scientist-gen4|\n",
  "uploadtime": 1776177589,
  "views": 18,
  "formatid": "gen9championsvgc2026regma",
  "rating": 1123,
  "private": 0,
  "password": null
}