{
  "id": "gen9championsvgc2026regma-2584255685",
  "format": "[Gen 9 Champions] VGC 2026 Reg M-A",
  "players": [
    "Oscarbolt",
    "FlowerGirl2"
  ],
  "log": "|j|\u2606Oscarbolt\n|j|\u2606FlowerGirl2\n|t:|1776243835\n|gametype|doubles\n|player|p1|Oscarbolt|266|1139\n|player|p2|FlowerGirl2|schoolkidf|1225\n|gen|9\n|tier|[Gen 9 Champions] VGC 2026 Reg M-A\n|rated|\n|rule|Species Clause: Limit one of each Pok\u00e9mon\n|rule|Item Clause: Limit 1 of each item\n|clearpoke\n|poke|p1|Manectric, L50, F|\n|poke|p1|Sneasler, L50, F|\n|poke|p1|Talonflame, L50, M|\n|poke|p1|Garchomp, L50, F|\n|poke|p1|Blastoise, L50, F|\n|poke|p1|Sinistcha, L50|\n|poke|p2|Delphox, L50, F|\n|poke|p2|Kingambit, L50, M|\n|poke|p2|Sneasler, L50, M|\n|poke|p2|Rotom-Wash, L50|\n|poke|p2|Garchomp, L50, F|\n|poke|p2|Ninetales-Alola, L50, F|\n|teampreview|4\n|inactive|Battle timer is ON: inactive players will automatically lose when time's up. (requested by FlowerGirl2)\n|inactive|Oscarbolt has 60 seconds left.\n|inactive|FlowerGirl2 has 60 seconds left.\n|\n|t:|1776243870\n|teamsize|p1|4\n|teamsize|p2|4\n|start\n|switch|p1a: Sneasler|Sneasler, L50, F|100/100\n|switch|p1b: Talonflame|Talonflame, L50, M|100/100\n|switch|p2a: Sneasler|Sneasler, L50, M|100/100\n|switch|p2b: Delphox|Delphox, L50, F|100/100\n|turn|1\n|inactive|Oscarbolt has 30 seconds left.\n|inactive|FlowerGirl2 has 30 seconds left.\n|\n|t:|1776243901\n|detailschange|p2b: Delphox|Delphox-Mega, L50, F\n|-mega|p2b: Delphox|Delphox|Delphoxite\n|move|p1a: Sneasler|Fake Out|p2b: Delphox\n|-damage|p2b: Delphox|81/100\n|move|p2a: Sneasler|Fake Out|p1b: Talonflame\n|-damage|p1b: Talonflame|81/100\n|cant|p2b: Delphox|flinch\n|cant|p1b: Talonflame|flinch\n|\n|upkeep\n|turn|2\n|inactive|FlowerGirl2 has 30 seconds left.\n|inactive|FlowerGirl2 has 20 seconds left.\n|\n|t:|1776243936\n|move|p2b: Delphox|Encore|p1a: Sneasler\n|-start|p1a: Sneasler|Encore\n|move|p1a: Sneasler|Fake Out||[still]\n|-hint|Fake Out only works on your first turn out.\n|-fail|p1a: Sneasler\n|move|p1b: Talonflame|Tailwind|p1b: Talonflame\n|-sidestart|p1: Oscarbolt|move: Tailwind\n|move|p2a: Sneasler|Dire Claw|p1b: Talonflame\n|-damage|p1b: Talonflame|24/100\n|\n|upkeep\n|turn|3\n|inactive|FlowerGirl2 has 30 seconds left.\n|\n|t:|1776243965\n|switch|p1a: Blastoise|Blastoise, L50, F|100/100\n|switch|p2b: Kingambit|Kingambit, L50, M|100/100\n|move|p1b: Talonflame|Dual Wingbeat|p2a: Sneasler\n|-supereffective|p2a: Sneasler|1\n|-damage|p2a: Sneasler|53/100\n|-supereffective|p2a: Sneasler|1\n|-damage|p2a: Sneasler|6/100\n|-hitcount|p2a: Sneasler|2\n|move|p2a: Sneasler|Close Combat|p1b: Talonflame\n|-resisted|p1b: Talonflame|1\n|-damage|p1b: Talonflame|0 fnt\n|-unboost|p2a: Sneasler|def|1\n|-unboost|p2a: Sneasler|spd|1\n|faint|p1b: Talonflame\n|-enditem|p2a: Sneasler|White Herb\n|-clearnegativeboost|p2a: Sneasler|[silent]\n|\n|upkeep\n|\n|t:|1776243978\n|switch|p1b: Sneasler|Sneasler, L50, F|100/100\n|turn|4\n|\n|t:|1776243989\n|detailschange|p1a: Blastoise|Blastoise-Mega, L50, F\n|-mega|p1a: Blastoise|Blastoise|Blastoisinite\n|move|p2a: Sneasler|Protect|p2a: Sneasler\n|-singleturn|p2a: Sneasler|Protect\n|move|p2b: Kingambit|Protect|p2b: Kingambit\n|-singleturn|p2b: Kingambit|Protect\n|move|p1b: Sneasler|Fake Out|p2b: Kingambit\n|-activate|p2b: Kingambit|move: Protect\n|move|p1a: Blastoise|Water Spout|p2a: Sneasler|[spread] \n|-activate|p2a: Sneasler|move: Protect\n|-activate|p2b: Kingambit|move: Protect\n|\n|upkeep\n|turn|5\n|inactive|FlowerGirl2 has 30 seconds left.\n|\n|t:|1776244017\n|switch|p2b: Rotom|Rotom-Wash, L50|100/100\n|move|p1b: Sneasler|Close Combat|p2b: Rotom\n|-damage|p2b: Rotom|12/100\n|-unboost|p1b: Sneasler|def|1\n|-unboost|p1b: Sneasler|spd|1\n|-status|p2b: Rotom|psn|[from] ability: Poison Touch|[of] p1b: Sneasler\n|move|p2a: Sneasler|Close Combat|p1a: Blastoise\n|-damage|p1a: Blastoise|45/100\n|-unboost|p2a: Sneasler|def|1\n|-unboost|p2a: Sneasler|spd|1\n|move|p1a: Blastoise|Water Spout|p2b: Rotom|[spread] p2a,p2b\n|-resisted|p2b: Rotom|1\n|-damage|p2a: Sneasler|0 fnt\n|-damage|p2b: Rotom|0 fnt\n|faint|p2a: Sneasler\n|faint|p2b: Rotom\n|\n|-sideend|p1: Oscarbolt|move: Tailwind\n|upkeep\n|\n|t:|1776244035\n|switch|p2a: Delphox|Delphox-Mega, L50, F|81/100\n|switch|p2b: Kingambit|Kingambit, L50, M|100/100\n|turn|6\n|\n|t:|1776244066\n|switch|p1b: Sinistcha|Sinistcha, L50|100/100\n|-heal|p1a: Blastoise|69/100|[from] ability: Hospitality|[of] p1b: Sinistcha\n|move|p2a: Delphox|Psychic|p1b: Sinistcha\n|-damage|p1b: Sinistcha|40/100\n|move|p1a: Blastoise|Dark Pulse|p2a: Delphox\n|-supereffective|p2a: Delphox|1\n|-damage|p2a: Delphox|0 fnt\n|faint|p2a: Delphox\n|move|p2b: Kingambit|Swords Dance|p2b: Kingambit\n|-boost|p2b: Kingambit|atk|2\n|\n|upkeep\n|turn|7\n|\n|t:|1776244091\n|move|p1b: Sinistcha|Rage Powder|p1b: Sinistcha\n|-singleturn|p1b: Sinistcha|move: Rage Powder\n|move|p2b: Kingambit|Sucker Punch||[still]\n|-fail|p2b: Kingambit\n|move|p1a: Blastoise|Water Spout|p2b: Kingambit\n|-damage|p2b: Kingambit|46/100\n|\n|upkeep\n|turn|8\n|\n|t:|1776244100\n|move|p1b: Sinistcha|Rage Powder|p1b: Sinistcha\n|-singleturn|p1b: Sinistcha|move: Rage Powder\n|move|p1a: Blastoise|Water Spout|p2b: Kingambit\n|-damage|p2b: Kingambit|0 fnt\n|faint|p2b: Kingambit\n|\n|win|Oscarbolt\n|raw|Oscarbolt's rating: 1139 &rarr; <strong>1170</strong><br />(+31 for winning)\n|raw|FlowerGirl2's rating: 1225 &rarr; <strong>1194</strong><br />(-31 for losing)\n|l|\u2606FlowerGirl2\n|player|p2|\n",
  "uploadtime": 1776244108,
  "views": 18,
  "formatid": "gen9championsvgc2026regma",
  "rating": 1170,
  "private": 0,
  "password": null
}