{
  "id": "gen9championsvgc2026regma-2581085812",
  "format": "[Gen 9 Champions] VGC 2026 Reg M-A",
  "players": [
    "MrTestingPith",
    "pedolemefc"
  ],
  "log": "|j|\u2606MrTestingPith\n|j|\u2606pedolemefc\n|t:|1775958485\n|gametype|doubles\n|player|p1|MrTestingPith|266|1330\n|player|p2|pedolemefc|102|1358\n|gen|9\n|tier|[Gen 9 Champions] VGC 2026 Reg M-A\n|rated|\n|rule|Species Clause: Limit one of each Pok\u00e9mon\n|rule|Item Clause: Limit 1 of each item\n|clearpoke\n|poke|p1|Sinistcha, L50|\n|poke|p1|Incineroar, L50, M|\n|poke|p1|Corviknight, L50, F|\n|poke|p1|Gardevoir, L50, M|\n|poke|p1|Garchomp, L50, F|\n|poke|p1|Rotom-Wash, L50|\n|poke|p2|Tyranitar, L50, M|\n|poke|p2|Lycanroc, L50, M|\n|poke|p2|Gyarados, L50, M|\n|poke|p2|Talonflame, L50, M|\n|poke|p2|Floette-Eternal, L50, F|\n|poke|p2|Garchomp, L50, F|\n|teampreview|4\nMrTestingPith rejected open team sheets.\n|inactive|Battle timer is ON: inactive players will automatically lose when time's up. (requested by MrTestingPith)\n|inactive|pedolemefc has 60 seconds left.\n|\n|t:|1775958552\n|teamsize|p1|4\n|teamsize|p2|4\n|start\n|switch|p1a: Corviknight|Corviknight, L50, F|100/100\n|switch|p1b: Rotom|Rotom-Wash, L50|100/100\n|switch|p2a: Talonflame|Talonflame, L50, M|100/100\n|switch|p2b: Tyranitar|Tyranitar, L50, M|100/100\n|-weather|Sandstorm|[from] ability: Sand Stream|[of] p2b: Tyranitar\n|turn|1\n|\n|t:|1775958575\n|switch|p1a: Incineroar|Incineroar, L50, M|100/100\n|-ability|p1a: Incineroar|Intimidate|boost\n|-unboost|p2a: Talonflame|atk|1\n|-unboost|p2b: Tyranitar|atk|1\n|detailschange|p2b: Tyranitar|Tyranitar-Mega, L50, M\n|-mega|p2b: Tyranitar|Tyranitar|Tyranitarite\n|move|p2a: Talonflame|Overheat|p1a: Incineroar\n|-resisted|p1a: Incineroar|1\n|-damage|p1a: Incineroar|79/100\n|-unboost|p2a: Talonflame|spa|2\n|move|p1b: Rotom|Volt Switch|p2a: Talonflame\n|-supereffective|p2a: Talonflame|1\n|-damage|p2a: Talonflame|7/100\n|\n|t:|1775958587\n|switch|p1b: Corviknight|Corviknight, L50, F|100/100|[from] Volt Switch\n|move|p2b: Tyranitar|Rock Slide|p1a: Incineroar|[spread] p1a,p1b\n|-supereffective|p1a: Incineroar|1\n|-crit|p1a: Incineroar\n|-damage|p1a: Incineroar|0 fnt\n|-damage|p1b: Corviknight|81/100\n|faint|p1a: Incineroar\n|\n|-weather|Sandstorm|[upkeep]\n|-damage|p2a: Talonflame|1/100|[from] Sandstorm\n|-heal|p2a: Talonflame|7/100|[from] item: Leftovers\n|upkeep\n|\n|t:|1775958597\n|switch|p1a: Gardevoir|Gardevoir, L50, M|100/100\n|turn|2\n|j| Fp On\n|inactive|MrTestingPith has 30 seconds left.\n|inactive|MrTestingPith has 20 seconds left.\n|\n|t:|1775958636\n|switch|p2a: Lycanroc|Lycanroc, L50, M|100/100\n|detailschange|p1a: Gardevoir|Gardevoir-Mega, L50, M\n|-mega|p1a: Gardevoir|Gardevoir|Gardevoirite\n|move|p2b: Tyranitar|Protect|p2b: Tyranitar\n|-singleturn|p2b: Tyranitar|Protect\n|move|p1b: Corviknight|Roost|p1b: Corviknight\n|-heal|p1b: Corviknight|100/100\n|-singleturn|p1b: Corviknight|move: Roost\n|move|p1a: Gardevoir|Trick Room|p1a: Gardevoir\n|-fieldstart|move: Trick Room|[of] p1a: Gardevoir\n|\n|-weather|Sandstorm|[upkeep]\n|-damage|p1a: Gardevoir|95/100|[from] Sandstorm\n|upkeep\n|turn|3\n|j| VProfugus\n|inactive|MrTestingPith has 30 seconds left.\n|inactive|pedolemefc has 30 seconds left.\n|\n|t:|1775958668\n|move|p1a: Gardevoir|Protect|p1a: Gardevoir\n|-singleturn|p1a: Gardevoir|Protect\n|move|p2b: Tyranitar|Rock Slide|p1b: Corviknight|[spread] p1b\n|-activate|p1a: Gardevoir|move: Protect\n|-damage|p1b: Corviknight|80/100\n|cant|p1b: Corviknight|flinch\n|move|p2a: Lycanroc|Rock Slide|p1b: Corviknight|[spread] p1b\n|-activate|p1a: Gardevoir|move: Protect\n|-crit|p1b: Corviknight\n|-damage|p1b: Corviknight|43/100\n|\n|-weather|Sandstorm|[upkeep]\n|-damage|p1a: Gardevoir|89/100|[from] Sandstorm\n|upkeep\n|turn|4\n|inactive|pedolemefc has 30 seconds left.\n|\n|t:|1775958702\n|move|p2b: Tyranitar|Rock Slide|p1b: Corviknight|[spread] p1a,p1b\n|-damage|p1a: Gardevoir|61/100\n|-damage|p1b: Corviknight|22/100\n|move|p1b: Corviknight|Body Press|p2a: Lycanroc\n|-supereffective|p2a: Lycanroc|1\n|-damage|p2a: Lycanroc|36/100\n|cant|p1a: Gardevoir|flinch\n|move|p2a: Lycanroc|Rock Slide|p1b: Corviknight|[spread] p1a,p1b\n|-damage|p1a: Gardevoir|32/100\n|-damage|p1b: Corviknight|0 fnt\n|faint|p1b: Corviknight\n|\n|-weather|Sandstorm|[upkeep]\n|-damage|p1a: Gardevoir|26/100|[from] Sandstorm\n|upkeep\n|l| VProfugus\n|\n|t:|1775958725\n|switch|p1b: Rotom|Rotom-Wash, L50|100/100\n|turn|5\n|\n|t:|1775958746\n|move|p2a: Lycanroc|Protect|p2a: Lycanroc\n|-singleturn|p2a: Lycanroc|Protect\n|move|p2b: Tyranitar|Knock Off|p1b: Rotom\n|-damage|p1b: Rotom|64/100\n|-enditem|p1b: Rotom|Sitrus Berry|[from] move: Knock Off|[of] p2b: Tyranitar\n|move|p1b: Rotom|Hydro Pump|p2b: Tyranitar\n|-supereffective|p2b: Tyranitar|1\n|-damage|p2b: Tyranitar|54/100\n|move|p1a: Gardevoir|Psychic|p2a: Lycanroc\n|-activate|p2a: Lycanroc|move: Protect\n|\n|-weather|none\n|upkeep\n|turn|6\n|\n|t:|1775958769\n|move|p2b: Tyranitar|Rock Slide|p1b: Rotom|[spread] p1a,p1b\n|-damage|p1a: Gardevoir|0 fnt\n|-damage|p1b: Rotom|41/100\n|faint|p1a: Gardevoir\n|move|p1b: Rotom|Thunderbolt|p2a: Lycanroc\n|-crit|p2a: Lycanroc\n|-damage|p2a: Lycanroc|0 fnt\n|faint|p2a: Lycanroc\n|\n|-fieldend|move: Trick Room\n|upkeep\n|\n|t:|1775958781\n|switch|p2a: Talonflame|Talonflame, L50, M|7/100\n|turn|7\n|\n|t:|1775958800\n|move|p2a: Talonflame|Tailwind|p2a: Talonflame\n|-sidestart|p2: pedolemefc|move: Tailwind\n|move|p2b: Tyranitar|Rock Slide|p1b: Rotom\n|-damage|p1b: Rotom|13/100\n|cant|p1b: Rotom|flinch\n|\n|-heal|p2a: Talonflame|14/100|[from] item: Leftovers\n|upkeep\n|turn|8\n|-message|MrTestingPith forfeited.\n|\n|win|pedolemefc\n",
  "uploadtime": 1775958720,
  "views": 9,
  "formatid": "gen9championsvgc2026regma",
  "rating": null,
  "private": 0,
  "password": null
}