{
  "id": "gen9championsvgc2026regma-2580781886",
  "format": "[Gen 9 Champions] VGC 2026 Reg M-A",
  "players": [
    "AnaoDesconfiado",
    "Sceptilicious"
  ],
  "log": "|j|\u2606AnaoDesconfiado\n|j|\u2606Sceptilicious\n|t:|1775932014\n|gametype|doubles\n|player|p1|AnaoDesconfiado|caitlin|1040\n|player|p2|Sceptilicious|266|1115\n|gen|9\n|tier|[Gen 9 Champions] VGC 2026 Reg M-A\n|rated|\n|rule|Species Clause: Limit one of each Pok\u00e9mon\n|rule|Item Clause: Limit 1 of each item\n|clearpoke\n|poke|p1|Alakazam, L50, F|\n|poke|p1|Delphox, L50, M|\n|poke|p1|Whimsicott, L50, M|\n|poke|p1|Incineroar, L50, M|\n|poke|p1|Slowking-Galar, L50, F|\n|poke|p1|Typhlosion-Hisui, L50, F|\n|poke|p2|Sinistcha, L50|\n|poke|p2|Dragonite, L50, F|\n|poke|p2|Pelipper, L50, F|\n|poke|p2|Arcanine-Hisui, L50, F|\n|poke|p2|Milotic, L50, M|\n|poke|p2|Rotom-Wash, L50|\n|teampreview|4\n|inactive|Battle timer is ON: inactive players will automatically lose when time's up. (requested by AnaoDesconfiado)\n|\n|t:|1775932047\n|teamsize|p1|4\n|teamsize|p2|4\n|start\n|switch|p1a: Alakazam|Alakazam, L50, F|100/100\n|switch|p1b: Delphox|Delphox, L50, M|100/100\n|switch|p2a: Arcanine|Arcanine-Hisui, L50, F|100/100\n|switch|p2b: Milotic|Milotic, L50, M|100/100\n|-ability|p2a: Arcanine|Intimidate|boost\n|-fail|p1a: Alakazam|unboost|Attack|[from] ability: Inner Focus|[of] p1a: Alakazam\n|-unboost|p1b: Delphox|atk|1\n|turn|1\n|\n|t:|1775932068\n|detailschange|p1b: Delphox|Delphox-Mega, L50, M\n|-mega|p1b: Delphox|Delphox|Delphoxite\n|move|p2b: Milotic|Protect|p2b: Milotic\n|-singleturn|p2b: Milotic|Protect\n|move|p1a: Alakazam|Psychic Terrain|p1a: Alakazam\n|-fieldstart|move: Psychic Terrain\n|move|p1b: Delphox|Expanding Force|p2a: Arcanine\n|-damage|p2a: Arcanine|57/100\n|move|p2a: Arcanine|Stealth Rock|p1a: Alakazam\n|-sidestart|p1: AnaoDesconfiado|move: Stealth Rock\n|\n|upkeep\n|turn|2\n|\n|t:|1775932086\n|move|p2a: Arcanine|Protect|p2a: Arcanine\n|-singleturn|p2a: Arcanine|Protect\n|move|p1a: Alakazam|Shadow Ball|p2a: Arcanine\n|-activate|p2a: Arcanine|move: Protect\n|move|p1b: Delphox|Expanding Force|p2a: Arcanine\n|-activate|p2a: Arcanine|move: Protect\n|move|p2b: Milotic|Icy Wind|p1a: Alakazam|[spread] p1a,p1b\n|-resisted|p1b: Delphox|1\n|-damage|p1a: Alakazam|91/100\n|-damage|p1b: Delphox|96/100\n|-unboost|p1a: Alakazam|spe|1\n|-unboost|p1b: Delphox|spe|1\n|\n|upkeep\n|turn|3\n|inactive|AnaoDesconfiado has 30 seconds left.\n|inactive|Sceptilicious has 30 seconds left.\n|-activate|p1a: Alakazam|item: Quick Claw\n|\n|t:|1775932113\n|switch|p1b: Slowking|Slowking-Galar, L50, F|100/100\n|-damage|p1b: Slowking|88/100|[from] Stealth Rock\n|move|p1a: Alakazam|Reflect|p1a: Alakazam\n|-sidestart|p1: AnaoDesconfiado|Reflect\n|move|p2a: Arcanine|Rock Slide|p1b: Slowking|[spread] p1a,p1b\n|-damage|p1a: Alakazam|62/100\n|-damage|p1b: Slowking|73/100\n|-heal|p2a: Arcanine|62/100|[from] item: Shell Bell|[of] p1b: Slowking\n|move|p2b: Milotic|Scald|p1a: Alakazam\n|-damage|p1a: Alakazam|25/100\n|\n|-heal|p1b: Slowking|79/100|[from] item: Leftovers\n|upkeep\n|turn|4\n|\n|t:|1775932136\n|switch|p1a: Whimsicott|Whimsicott, L50, M|100/100\n|-damage|p1a: Whimsicott|89/100|[from] Stealth Rock\n|move|p2a: Arcanine|Rock Slide|p1a: Whimsicott|[spread] p1a,p1b\n|-damage|p1a: Whimsicott|74/100\n|-damage|p1b: Slowking|64/100\n|-heal|p2a: Arcanine|65/100|[from] item: Shell Bell|[of] p1b: Slowking\n|move|p2b: Milotic|Scald|p1b: Slowking\n|-damage|p1b: Slowking|38/100\n|move|p1b: Slowking|Icy Wind|p2a: Arcanine|[spread] p2a,p2b\n|-resisted|p2a: Arcanine|1\n|-resisted|p2b: Milotic|1\n|-damage|p2a: Arcanine|60/100\n|-damage|p2b: Milotic|97/100\n|-unboost|p2a: Arcanine|spe|1\n|-unboost|p2b: Milotic|spe|1\n|-ability|p2b: Milotic|Competitive|boost\n|-boost|p2b: Milotic|spa|2\n|\n|-heal|p1b: Slowking|44/100|[from] item: Leftovers\n|upkeep\n|turn|5\n|inactive|AnaoDesconfiado has 30 seconds left.\n|inactive|Sceptilicious has 30 seconds left.\n|\n|t:|1775932165\n|move|p1a: Whimsicott|Tailwind|p1a: Whimsicott\n|-sidestart|p1: AnaoDesconfiado|move: Tailwind\n|move|p1b: Slowking|Psychic|p2a: Arcanine\n|-damage|p2a: Arcanine|9/100\n|move|p2a: Arcanine|Rock Slide|p1b: Slowking|[spread] p1a,p1b\n|-damage|p1a: Whimsicott|58/100\n|-damage|p1b: Slowking|30/100\n|-heal|p2a: Arcanine|13/100|[from] item: Shell Bell|[of] p1b: Slowking\n|move|p2b: Milotic|Icy Wind|p1a: Whimsicott|[spread] p1a,p1b\n|-supereffective|p1a: Whimsicott|1\n|-damage|p1a: Whimsicott|15/100\n|-damage|p1b: Slowking|16/100\n|-unboost|p1a: Whimsicott|spe|1\n|-unboost|p1b: Slowking|spe|1\n|\n|-heal|p1b: Slowking|22/100|[from] item: Leftovers\n|-fieldend|move: Psychic Terrain\n|upkeep\n|turn|6\n|inactive|AnaoDesconfiado has 30 seconds left.\n|inactive|Sceptilicious has 30 seconds left.\n|\n|t:|1775932192\n|move|p1a: Whimsicott|U-turn|p2a: Arcanine\n|-resisted|p2a: Arcanine|1\n|-damage|p2a: Arcanine|8/100\n|\n|t:|1775932196\n|switch|p1a: Alakazam|Alakazam, L50, F|25/100|[from] U-turn\n|-damage|p1a: Alakazam|12/100|[from] Stealth Rock\n|move|p2a: Arcanine|Rock Slide|p1b: Slowking|[spread] p1a,p1b\n|-damage|p1a: Alakazam|0 fnt\n|-damage|p1b: Slowking|8/100\n|faint|p1a: Alakazam\n|-heal|p2a: Arcanine|11/100|[from] item: Shell Bell|[of] p1b: Slowking\n|move|p2b: Milotic|Scald|p1b: Slowking\n|-damage|p1b: Slowking|0 fnt\n|faint|p1b: Slowking\n|\n|upkeep\n|\n|t:|1775932214\n|switch|p1a: Delphox|Delphox-Mega, L50, M|96/100\n|switch|p1b: Whimsicott|Whimsicott, L50, M|15/100\n|-damage|p1a: Delphox|71/100|[from] Stealth Rock\n|-damage|p1b: Whimsicott|3/100|[from] Stealth Rock\n|turn|7\n|\n|t:|1775932226\n|move|p1b: Whimsicott|Sunny Day|p1b: Whimsicott\n|-weather|SunnyDay\n|move|p1a: Delphox|Heat Wave|p2b: Milotic|[spread] p2a,p2b\n|-resisted|p2a: Arcanine|2\n|-resisted|p2b: Milotic|1\n|-damage|p2a: Arcanine|0 fnt\n|-damage|p2b: Milotic|78/100\n|-status|p2b: Milotic|brn\n|faint|p2a: Arcanine\n|move|p2b: Milotic|Scald|p1a: Delphox\n|-supereffective|p1a: Delphox|1\n|-damage|p1a: Delphox|3/100\n|\n|-weather|SunnyDay|[upkeep]\n|-damage|p2b: Milotic|72/100 brn|[from] brn\n|-sideend|p1: AnaoDesconfiado|Reflect\n|upkeep\n|\n|t:|1775932247\n|switch|p2a: Pelipper|Pelipper, L50, F|100/100\n|-weather|RainDance|[from] ability: Drizzle|[of] p2a: Pelipper\n|turn|8\n|-message|AnaoDesconfiado forfeited.\n|\n|win|Sceptilicious\n|raw|AnaoDesconfiado's rating: 1040 &rarr; <strong>1027</strong><br />(-13 for losing)\n|raw|Sceptilicious's rating: 1115 &rarr; <strong>1135</strong><br />(+20 for winning)\n|l|\u2606AnaoDesconfiado\n|player|p1|\n",
  "uploadtime": 1775932266,
  "views": 10,
  "formatid": "gen9championsvgc2026regma",
  "rating": 1027,
  "private": 0,
  "password": null
}