{
  "id": "gen9championsvgc2026regma-2583088478",
  "format": "[Gen 9 Champions] VGC 2026 Reg M-A",
  "players": [
    "JoeFlowDD",
    "exobial"
  ],
  "log": "|j|\u2606JoeFlowDD\n|j|\u2606exobial\n|t:|1776140649\n|gametype|doubles\n|player|p1|JoeFlowDD|palmer|1226\n|player|p2|exobial|shadowtriad|1312\n|gen|9\n|tier|[Gen 9 Champions] VGC 2026 Reg M-A\n|rated|\n|rule|Species Clause: Limit one of each Pok\u00e9mon\n|rule|Item Clause: Limit 1 of each item\n|clearpoke\n|poke|p1|Aggron, L50, F|\n|poke|p1|Sinistcha, L50|\n|poke|p1|Incineroar, L50, F|\n|poke|p1|Milotic, L50, M|\n|poke|p1|Garchomp, L50, M|\n|poke|p1|Hatterene, L50, F|\n|poke|p2|Kingambit, L50, M|\n|poke|p2|Charizard, L50, M|\n|poke|p2|Dragapult, L50, F|\n|poke|p2|Maushold-Four, L50|\n|poke|p2|Sneasler, L50, F|\n|poke|p2|Garchomp, L50, M|\n|teampreview|4\n|\n|t:|1776140680\n|teamsize|p1|4\n|teamsize|p2|4\n|start\n|switch|p1a: Aggron|Aggron, L50, F|100/100\n|switch|p1b: Incineroar|Incineroar, L50, F|100/100\n|switch|p2a: Kingambit|Kingambit, L50, M|100/100\n|switch|p2b: Sneasler|Sneasler, L50, F|100/100\n|-ability|p1b: Incineroar|Intimidate|boost\n|-unboost|p2a: Kingambit|atk|1\n|-ability|p2a: Kingambit|Defiant|boost\n|-boost|p2a: Kingambit|atk|2\n|-unboost|p2b: Sneasler|atk|1\n|turn|1\n|\n|t:|1776140699\n|detailschange|p1a: Aggron|Aggron-Mega, L50, F\n|-mega|p1a: Aggron|Aggron|Aggronite\n|move|p2a: Kingambit|Protect|p2a: Kingambit\n|-singleturn|p2a: Kingambit|Protect\n|move|p1b: Incineroar|Fake Out|p2b: Sneasler\n|-damage|p2b: Sneasler|82/100\n|cant|p2b: Sneasler|flinch\n|move|p1a: Aggron|Iron Defense|p1a: Aggron\n|-boost|p1a: Aggron|def|2\n|\n|upkeep\n|turn|2\n|\n|t:|1776140719\n|move|p2a: Kingambit|Protect|p2a: Kingambit\n|-singleturn|p2a: Kingambit|Protect\n|move|p2b: Sneasler|Close Combat|p1b: Incineroar\n|-supereffective|p1b: Incineroar|1\n|-damage|p1b: Incineroar|26/100\n|-unboost|p2b: Sneasler|def|1\n|-unboost|p2b: Sneasler|spd|1\n|move|p1b: Incineroar|Parting Shot|p2b: Sneasler\n|-unboost|p2b: Sneasler|atk|1\n|-unboost|p2b: Sneasler|spa|1\n|\n|t:|1776140726\n|switch|p1b: Milotic|Milotic, L50, M|100/100|[from] Parting Shot\n|move|p1a: Aggron|Body Press|p2a: Kingambit\n|-activate|p2a: Kingambit|move: Protect\n|\n|upkeep\n|turn|3\n|\n|t:|1776140741\n|switch|p2b: Charizard|Charizard, L50, M, shiny|100/100\n|switch|p2a: Maushold|Maushold-Four, L50|100/100\n|move|p1b: Milotic|Coil|p1b: Milotic\n|-boost|p1b: Milotic|atk|1\n|-boost|p1b: Milotic|def|1\n|-boost|p1b: Milotic|accuracy|1\n|move|p1a: Aggron|Body Press|p2a: Maushold\n|-supereffective|p2a: Maushold|1\n|-enditem|p2a: Maushold|Chople Berry|[eat]\n|-enditem|p2a: Maushold|Chople Berry|[weaken]\n|-damage|p2a: Maushold|0 fnt\n|faint|p2a: Maushold\n|\n|upkeep\n|\n|t:|1776140749\n|switch|p2a: Sneasler|Sneasler, L50, F|82/100\n|turn|4\n|\n|t:|1776140761\n|detailschange|p2b: Charizard|Charizard-Mega-Y, L50, M, shiny\n|-mega|p2b: Charizard|Charizard|Charizardite Y\n|-weather|SunnyDay|[from] ability: Drought|[of] p2b: Charizard\n|move|p1a: Aggron|Protect|p1a: Aggron\n|-singleturn|p1a: Aggron|Protect\n|move|p2a: Sneasler|Fake Out|p1a: Aggron\n|-activate|p1a: Aggron|move: Protect\n|move|p2b: Charizard|Solar Beam||[still]\n|-prepare|p2b: Charizard|Solar Beam\n|-anim|p2b: Charizard|Solar Beam|p1b: Milotic\n|-supereffective|p1b: Milotic|1\n|-damage|p1b: Milotic|39/100\n|-enditem|p1b: Milotic|Sitrus Berry|[eat]\n|-heal|p1b: Milotic|64/100|[from] item: Sitrus Berry\n|move|p1b: Milotic|Hypnosis|p2b: Charizard\n|-status|p2b: Charizard|slp|[from] move: Hypnosis\n|\n|-weather|SunnyDay|[upkeep]\n|upkeep\n|turn|5\n|inactive|Battle timer is ON: inactive players will automatically lose when time's up. (requested by exobial)\n|\n|t:|1776140796\n|move|p2a: Sneasler|Close Combat|p1a: Aggron\n|-supereffective|p1a: Aggron|1\n|-damage|p1a: Aggron|78/100\n|-unboost|p2a: Sneasler|def|1\n|-unboost|p2a: Sneasler|spd|1\n|cant|p2b: Charizard|slp\n|move|p1b: Milotic|Muddy Water|p2a: Sneasler|[spread] p2a,p2b\n|-supereffective|p2b: Charizard|1\n|-damage|p2a: Sneasler|60/100\n|-damage|p2b: Charizard|83/100 slp\n|-unboost|p2b: Charizard|accuracy|1\n|move|p1a: Aggron|Body Press|p2a: Sneasler\n|-resisted|p2a: Sneasler|1\n|-damage|p2a: Sneasler|0 fnt\n|faint|p2a: Sneasler\n|\n|-weather|SunnyDay|[upkeep]\n|upkeep\n|\n|t:|1776140807\n|switch|p2a: Kingambit|Kingambit, L50, M|100/100\n|turn|6\n|\n|t:|1776140817\n|move|p2a: Kingambit|Protect|p2a: Kingambit\n|-singleturn|p2a: Kingambit|Protect\n|cant|p2b: Charizard|slp\n|move|p1b: Milotic|Muddy Water|p2a: Kingambit|[spread] p2b\n|-activate|p2a: Kingambit|move: Protect\n|-supereffective|p2b: Charizard|1\n|-damage|p2b: Charizard|63/100 slp\n|move|p1a: Aggron|Body Press|p2b: Charizard\n|-resisted|p2b: Charizard|1\n|-damage|p2b: Charizard|21/100 slp\n|\n|-weather|SunnyDay|[upkeep]\n|upkeep\n|turn|7\n|\n|t:|1776140845\n|move|p1a: Aggron|Protect|p1a: Aggron\n|-singleturn|p1a: Aggron|Protect\n|-curestatus|p2b: Charizard|slp|[msg]\n|move|p2b: Charizard|Overheat|p1a: Aggron\n|-activate|p1a: Aggron|move: Protect\n|move|p1b: Milotic|Muddy Water|p2b: Charizard|[spread] p2a,p2b\n|-supereffective|p2b: Charizard|1\n|-damage|p2a: Kingambit|89/100\n|-damage|p2b: Charizard|1/100\n|move|p2a: Kingambit|Kowtow Cleave|p1b: Milotic\n|-damage|p1b: Milotic|31/100\n|\n|-weather|SunnyDay|[upkeep]\n|upkeep\n|turn|8\n|inactive|JoeFlowDD has 30 seconds left.\n|\n|t:|1776140874\n|move|p2a: Kingambit|Sucker Punch||[still]\n|-fail|p2a: Kingambit\n|move|p2b: Charizard|Overheat|p1a: Aggron|[miss]\n|-miss|p2b: Charizard|p1a: Aggron\n|move|p1b: Milotic|Hypnosis|p2a: Kingambit\n|-status|p2a: Kingambit|slp|[from] move: Hypnosis\n|move|p1a: Aggron|Body Press|p2b: Charizard\n|-resisted|p2b: Charizard|1\n|-damage|p2b: Charizard|0 fnt\n|faint|p2b: Charizard\n|\n|-weather|none\n|upkeep\n|turn|9\n|c|\u2606JoeFlowDD|gg\n|-message|exobial forfeited.\n|\n|win|JoeFlowDD\n|raw|JoeFlowDD's rating: 1226 &rarr; <strong>1257</strong><br />(+31 for winning)\n|raw|exobial's rating: 1312 &rarr; <strong>1287</strong><br />(-25 for losing)\n|l|\u2606exobial\n|player|p2|\n",
  "uploadtime": 1776140892,
  "views": 29,
  "formatid": "gen9championsvgc2026regma",
  "rating": 1257,
  "private": 0,
  "password": null
}