{
  "id": "gen9championsvgc2026regma-2582179798",
  "format": "[Gen 9 Champions] VGC 2026 Reg M-A",
  "players": [
    "Lovelees",
    "DracovishGlazer"
  ],
  "log": "|j|\u2606Lovelees\n|j|\u2606DracovishGlazer\n|t:|1776068083\n|gametype|doubles\n|player|p1|Lovelees|265|1340\n|player|p2|DracovishGlazer|skier|1408\n|gen|9\n|tier|[Gen 9 Champions] VGC 2026 Reg M-A\n|rated|\n|rule|Species Clause: Limit one of each Pok\u00e9mon\n|rule|Item Clause: Limit 1 of each item\n|clearpoke\n|poke|p1|Aerodactyl, L50, F|\n|poke|p1|Basculegion, L50, M|\n|poke|p1|Kingambit, L50, F|\n|poke|p1|Delphox, L50, F|\n|poke|p1|Clefable, L50, M|\n|poke|p1|Sneasler, L50, M|\n|poke|p2|Froslass, L50, F|\n|poke|p2|Glimmora, L50, F|\n|poke|p2|Basculegion, L50, M|\n|poke|p2|Incineroar, L50, M|\n|poke|p2|Corviknight, L50, F|\n|poke|p2|Sinistcha, L50|\n|teampreview|4\n|inactive|Battle timer is ON: inactive players will automatically lose when time's up. (requested by DracovishGlazer)\n|\n|t:|1776068122\n|teamsize|p1|4\n|teamsize|p2|4\n|start\n|switch|p1a: Delphox|Delphox, L50, F|100/100\n|switch|p1b: Basculegion|Basculegion, L50, M|100/100\n|switch|p2a: Glimmora|Glimmora, L50, F|100/100\n|switch|p2b: Basculegion|Basculegion, L50, M|100/100\n|turn|1\n|inactive|Lovelees has 30 seconds left.\n|j| CARtu348rjf90\n|\n|t:|1776068153\n|detailschange|p1a: Delphox|Delphox-Mega, L50, F\n|-mega|p1a: Delphox|Delphox|Delphoxite\n|move|p1a: Delphox|Protect|p1a: Delphox\n|-singleturn|p1a: Delphox|Protect\n|move|p1b: Basculegion|Flip Turn|p2b: Basculegion\n|-resisted|p2b: Basculegion|1\n|-damage|p2b: Basculegion|78/100\n|\n|t:|1776068163\n|switch|p1b: Clefable|Clefable, L50, M|100/100|[from] Flip Turn\n|move|p2b: Basculegion|Last Respects|p1b: Clefable\n|-damage|p1b: Clefable|71/100\n|move|p2a: Glimmora|Power Gem|p1a: Delphox\n|-activate|p1a: Delphox|move: Protect\n|\n|-heal|p1b: Clefable|77/100|[from] item: Leftovers\n|upkeep\n|turn|2\n|\n|t:|1776068183\n|move|p1b: Clefable|Follow Me|p1b: Clefable\n|-singleturn|p1b: Clefable|move: Follow Me\n|move|p2b: Basculegion|Last Respects|p1b: Clefable\n|-damage|p1b: Clefable|47/100\n|move|p1a: Delphox|Psychic|p2a: Glimmora\n|-supereffective|p2a: Glimmora|1\n|-enditem|p2a: Glimmora|Focus Sash\n|-damage|p2a: Glimmora|1/100\n|move|p2a: Glimmora|Power Gem|p1b: Clefable\n|-damage|p1b: Clefable|16/100\n|\n|-heal|p1b: Clefable|22/100|[from] item: Leftovers\n|upkeep\n|turn|3\n|\n|t:|1776068200\n|move|p1b: Clefable|Follow Me|p1b: Clefable\n|-singleturn|p1b: Clefable|move: Follow Me\n|move|p2b: Basculegion|Last Respects|p1b: Clefable\n|-damage|p1b: Clefable|0 fnt\n|faint|p1b: Clefable\n|move|p1a: Delphox|Heat Wave|p2b: Basculegion|[spread] p2b\n|-miss|p1a: Delphox|p2a: Glimmora\n|-resisted|p2b: Basculegion|1\n|-damage|p2b: Basculegion|52/100\n|move|p2a: Glimmora|Power Gem|p1a: Delphox\n|-supereffective|p1a: Delphox|1\n|-damage|p1a: Delphox|24/100\n|\n|upkeep\n|\n|t:|1776068215\n|switch|p1b: Kingambit|Kingambit, L50, F|100/100\n|turn|4\n|\n|t:|1776068235\n|move|p1b: Kingambit|Sucker Punch|p2b: Basculegion\n|-supereffective|p2b: Basculegion|1\n|-damage|p2b: Basculegion|0 fnt\n|faint|p2b: Basculegion\n|move|p1a: Delphox|Heat Wave|p2a: Glimmora\n|-resisted|p2a: Glimmora|1\n|-damage|p2a: Glimmora|0 fnt\n|faint|p2a: Glimmora\n|\n|upkeep\n|\n|t:|1776068240\n|switch|p2a: Froslass|Froslass, L50, F|100/100\n|switch|p2b: Corviknight|Corviknight, L50, F|100/100\n|turn|5\n|\n|t:|1776068253\n|detailschange|p2a: Froslass|Froslass-Mega, L50, F\n|-mega|p2a: Froslass|Froslass|Froslassite\n|-weather|Snowscape|[from] ability: Snow Warning|[of] p2a: Froslass\n|move|p1a: Delphox|Heat Wave|p2b: Corviknight|[spread] p2a\n|-miss|p1a: Delphox|p2b: Corviknight\n|-supereffective|p2a: Froslass|1\n|-damage|p2a: Froslass|14/100\n|move|p2a: Froslass|Aurora Veil|p2a: Froslass\n|-sidestart|p2: DracovishGlazer|move: Aurora Veil\n|move|p2b: Corviknight|Body Press|p1b: Kingambit\n|-supereffective|p1b: Kingambit|2\n|-damage|p1b: Kingambit|23/100\n|move|p1b: Kingambit|Kowtow Cleave|p2a: Froslass\n|-supereffective|p2a: Froslass|1\n|-damage|p2a: Froslass|0 fnt\n|faint|p2a: Froslass\n|\n|-weather|Snowscape|[upkeep]\n|upkeep\n|turn|6\n|\n|t:|1776068278\n|move|p1b: Kingambit|Sucker Punch|p2b: Corviknight\n|-damage|p2b: Corviknight|80/100\n|move|p1a: Delphox|Heat Wave|p2b: Corviknight\n|-supereffective|p2b: Corviknight|1\n|-damage|p2b: Corviknight|1/100\n|-status|p2b: Corviknight|brn\n|move|p2b: Corviknight|Brave Bird|p1a: Delphox\n|-damage|p1a: Delphox|0 fnt\n|faint|p1a: Delphox\n|-damage|p2b: Corviknight|0 fnt|[from] Recoil\n|faint|p2b: Corviknight\n|\n|win|Lovelees\n|raw|Lovelees's rating: 1340 &rarr; <strong>1364</strong><br />(+24 for winning)\n|raw|DracovishGlazer's rating: 1408 &rarr; <strong>1384</strong><br />(-24 for losing)\n|l|\u2606DracovishGlazer\n|player|p2|\n|l|\u2606Lovelees\n|player|p1|\n",
  "uploadtime": 1776068312,
  "views": 23,
  "formatid": "gen9championsvgc2026regma",
  "rating": 1364,
  "private": 0,
  "password": null
}