{
  "id": "gen9championsvgc2026regma-2583886706",
  "format": "[Gen 9 Champions] VGC 2026 Reg M-A",
  "players": [
    "aceac3",
    "sicklenickle"
  ],
  "log": "|j|\u2606aceac3\n|j|\u2606sicklenickle\n|t:|1776205532\n|gametype|doubles\n|player|p1|aceac3|riley|1025\n|player|p2|sicklenickle|blue-masters2|1045\n|gen|9\n|tier|[Gen 9 Champions] VGC 2026 Reg M-A\n|rated|\n|rule|Species Clause: Limit one of each Pok\u00e9mon\n|rule|Item Clause: Limit 1 of each item\n|clearpoke\n|poke|p1|Blastoise, L50, M|\n|poke|p1|Clefable, L50, F|\n|poke|p1|Maushold-Four, L50|\n|poke|p1|Pelipper, L50, F|\n|poke|p1|Sinistcha, L50|\n|poke|p1|Oranguru, L50, F|\n|poke|p2|Maushold, L50|\n|poke|p2|Sinistcha, L50|\n|poke|p2|Blastoise, L50, M|\n|poke|p2|Pelipper, L50, F|\n|poke|p2|Archaludon, L50, F|\n|poke|p2|Sneasler, L50, F|\n|teampreview|4\n|l|\u2606aceac3\n|player|p1|\nsicklenickle rejected open team sheets.\n|inactive|Battle timer is ON: inactive players will automatically lose when time's up. (requested by sicklenickle)\n|j|\u2606aceac3\n|inactive|aceac3 reconnected and has 80 seconds left.\n|player|p1|aceac3|riley|\n|\n|t:|1776205622\n|teamsize|p1|4\n|teamsize|p2|4\n|start\n|switch|p1a: Blastoise|Blastoise, L50, M|100/100\n|switch|p1b: Clefable|Clefable, L50, F|100/100\n|switch|p2a: Sinistcha|Sinistcha, L50|100/100\n|switch|p2b: Blastoise|Blastoise, L50, M|100/100\n|turn|1\n|\n|t:|1776205646\n|detailschange|p1a: Blastoise|Blastoise-Mega, L50, M\n|-mega|p1a: Blastoise|Blastoise|Blastoisinite\n|detailschange|p2b: Blastoise|Blastoise-Mega, L50, M\n|-mega|p2b: Blastoise|Blastoise|Blastoisinite\n|move|p2a: Sinistcha|Rage Powder|p2a: Sinistcha\n|-singleturn|p2a: Sinistcha|move: Rage Powder\n|move|p1b: Clefable|Follow Me|p1b: Clefable\n|-singleturn|p1b: Clefable|move: Follow Me\n|move|p1a: Blastoise|Shell Smash|p1a: Blastoise\n|-unboost|p1a: Blastoise|def|1\n|-unboost|p1a: Blastoise|spd|1\n|-boost|p1a: Blastoise|atk|2\n|-boost|p1a: Blastoise|spa|2\n|-boost|p1a: Blastoise|spe|2\n|move|p2b: Blastoise|Shell Smash|p2b: Blastoise\n|-unboost|p2b: Blastoise|def|1\n|-unboost|p2b: Blastoise|spd|1\n|-boost|p2b: Blastoise|atk|2\n|-boost|p2b: Blastoise|spa|2\n|-boost|p2b: Blastoise|spe|2\n|\n|upkeep\n|turn|2\n|inactive|aceac3 has 30 seconds left.\n|inactive|sicklenickle has 30 seconds left.\n|c|\u2606aceac3|XD\n|inactive|sicklenickle has 20 seconds left.\n|inactive|sicklenickle has 15 seconds left.\n|inactive|sicklenickle has 10 seconds left.\n|\n|t:|1776205700\n|move|p1b: Clefable|Helping Hand|p1a: Blastoise\n|-singleturn|p1a: Blastoise|Helping Hand|[of] p1b: Clefable\n|move|p2b: Blastoise|Protect|p2b: Blastoise\n|-singleturn|p2b: Blastoise|Protect\n|move|p1a: Blastoise|Water Spout|p2a: Sinistcha|[spread] p2a\n|-activate|p2b: Blastoise|move: Protect\n|-resisted|p2a: Sinistcha|1\n|-damage|p2a: Sinistcha|15/100\n|-enditem|p2a: Sinistcha|Sitrus Berry|[eat]\n|-heal|p2a: Sinistcha|39/100|[from] item: Sitrus Berry\n|move|p2a: Sinistcha|Trick Room|p2a: Sinistcha\n|-fieldstart|move: Trick Room|[of] p2a: Sinistcha\n|\n|upkeep\n|turn|3\n|inactive|aceac3 has 30 seconds left.\n|\n|t:|1776205730\n|move|p1b: Clefable|Helping Hand|p1a: Blastoise\n|-singleturn|p1a: Blastoise|Helping Hand|[of] p1b: Clefable\n|move|p2a: Sinistcha|Matcha Gotcha|p1b: Clefable|[spread] p1a,p1b\n|-supereffective|p1a: Blastoise|1\n|-damage|p1a: Blastoise|26/100\n|-heal|p2a: Sinistcha|72/100|[from] drain|[of] p1a: Blastoise\n|-damage|p1b: Clefable|85/100\n|-heal|p2a: Sinistcha|81/100|[from] drain|[of] p1b: Clefable\n|move|p2b: Blastoise|Water Spout|p1a: Blastoise|[spread] p1a,p1b\n|-resisted|p1a: Blastoise|1\n|-damage|p1a: Blastoise|0 fnt\n|-damage|p1b: Clefable|9/100\n|faint|p1a: Blastoise\n|\n|upkeep\n|\n|t:|1776205744\n|switch|p1a: Sinistcha|Sinistcha, L50|100/100\n|-heal|p1b: Clefable|34/100|[from] ability: Hospitality|[of] p1a: Sinistcha\n|turn|4\n|c|\u2606aceac3|gg\n|\n|t:|1776205766\n|move|p1b: Clefable|Helping Hand|p1a: Sinistcha\n|-singleturn|p1a: Sinistcha|Helping Hand|[of] p1b: Clefable\n|move|p2b: Blastoise|Protect|p2b: Blastoise\n|-singleturn|p2b: Blastoise|Protect\n|move|p1a: Sinistcha|Matcha Gotcha|p2a: Sinistcha|[spread] p2a\n|-activate|p2b: Blastoise|move: Protect\n|-resisted|p2a: Sinistcha|1\n|-damage|p2a: Sinistcha|59/100\n|move|p2a: Sinistcha|Trick Room|p2a: Sinistcha\n|-fieldend|move: Trick Room\n|\n|upkeep\n|turn|5\n|-message|aceac3 forfeited.\n|\n|win|sicklenickle\n|raw|aceac3's rating: 1025 &rarr; <strong>1012</strong><br />(-13 for losing)\n|raw|sicklenickle's rating: 1045 &rarr; <strong>1076</strong><br />(+31 for winning)\n|l|\u2606aceac3\n|player|p1|\n|c|\u2606sicklenickle|gg\n",
  "uploadtime": 1776205786,
  "views": 24,
  "formatid": "gen9championsvgc2026regma",
  "rating": 1012,
  "private": 0,
  "password": null
}