{
  "id": "gen9championsvgc2026regma-2587450236",
  "format": "[Gen 9 Champions] VGC 2026 Reg M-A",
  "players": [
    "dohawyth",
    "miyagi is waifu"
  ],
  "log": "|j|\u2606dohawyth\n|j|\u2606miyagi is waifu\n|t:|1776532836\n|gametype|doubles\n|player|p1|dohawyth|265|1232\n|player|p2|miyagi is waifu|170|1177\n|gen|9\n|tier|[Gen 9 Champions] VGC 2026 Reg M-A\n|rated|\n|rule|Species Clause: Limit one of each Pok\u00e9mon\n|rule|Item Clause: Limit 1 of each item\n|clearpoke\n|poke|p1|Incineroar, L50, M|\n|poke|p1|Crabominable, L50, F|\n|poke|p1|Kingambit, L50, F|\n|poke|p1|Slowking-Galar, L50, M|\n|poke|p1|Sinistcha, L50|\n|poke|p1|Primarina, L50, M|\n|poke|p2|Gengar, L50, F|\n|poke|p2|Incineroar, L50, F|\n|poke|p2|Kingambit, L50, F|\n|poke|p2|Palafin, L50, F|\n|poke|p2|Politoed, L50, M|\n|poke|p2|Sableye, L50, M|\n|teampreview|4\n|inactive|Battle timer is ON: inactive players will automatically lose when time's up. (requested by miyagi is waifu)\n|\n|t:|1776532887\n|teamsize|p1|4\n|teamsize|p2|4\n|start\n|switch|p1a: Sinistcha|Sinistcha, L50|100/100\n|switch|p1b: Primarina|Primarina, L50, M|100/100\n|switch|p2a: Gengar|Gengar, L50, F|100/100\n|switch|p2b: Kingambit|Kingambit, L50, F|100/100\n|turn|1\n|inactive|dohawyth has 30 seconds left.\n|\n|t:|1776532912\n|detailschange|p2a: Gengar|Gengar-Mega, L50, F\n|-mega|p2a: Gengar|Gengar|Gengarite\n|move|p1b: Primarina|Protect|p1b: Primarina\n|-singleturn|p1b: Primarina|Protect\n|move|p2a: Gengar|Shadow Ball|p1b: Primarina\n|-activate|p1b: Primarina|move: Protect\n|move|p2b: Kingambit|Kowtow Cleave|p1a: Sinistcha\n|-supereffective|p1a: Sinistcha|1\n|-damage|p1a: Sinistcha|0 fnt\n|faint|p1a: Sinistcha\n|\n|upkeep\n|\n|t:|1776532926\n|switch|p1a: Kingambit|Kingambit, L50, F|100/100\n|turn|2\n|inactive|miyagi is waifu has 30 seconds left.\n|\n|t:|1776532958\n|move|p2a: Gengar|Shadow Ball|p1b: Primarina\n|-damage|p1b: Primarina|63/100\n|move|p2b: Kingambit|Low Kick|p1a: Kingambit\n|-supereffective|p1a: Kingambit|2\n|-damage|p1a: Kingambit|0 fnt\n|faint|p1a: Kingambit\n|move|p1b: Primarina|Moonblast|p2b: Kingambit\n|-damage|p2b: Kingambit|34/100\n|\n|-heal|p1b: Primarina|69/100|[from] item: Leftovers\n|upkeep\n|\n|t:|1776532965\n|switch|p1a: Crabominable|Crabominable, L50, F|100/100\n|turn|3\n|inactive|miyagi is waifu has 30 seconds left.\n|inactive|miyagi is waifu has 20 seconds left.\n|inactive|miyagi is waifu has 15 seconds left.\n|inactive|miyagi is waifu has 10 seconds left.\n|inactive|miyagi is waifu has 5 seconds left.\n|\n|t:|1776533020\n|detailschange|p1a: Crabominable|Crabominable-Mega, L50, F\n|-mega|p1a: Crabominable|Crabominable|Crabominite\n|move|p2b: Kingambit|Protect|p2b: Kingambit\n|-singleturn|p2b: Kingambit|Protect\n|move|p2a: Gengar|Shadow Ball|p1a: Crabominable\n|-damage|p1a: Crabominable|63/100\n|-unboost|p1a: Crabominable|spd|1\n|move|p1b: Primarina|Hyper Voice|p2b: Kingambit|[spread] p2a\n|-activate|p2b: Kingambit|move: Protect\n|-damage|p2a: Gengar|57/100\n|move|p1a: Crabominable|Ice Hammer|p2a: Gengar|[miss]\n|-miss|p1a: Crabominable|p2a: Gengar\n|\n|-heal|p1b: Primarina|75/100|[from] item: Leftovers\n|upkeep\n|turn|4\n|\n|t:|1776533044\n|move|p2b: Kingambit|Protect||[still]\n|-fail|p2b: Kingambit\n|move|p2a: Gengar|Shadow Ball|p1a: Crabominable\n|-damage|p1a: Crabominable|8/100\n|move|p1b: Primarina|Hyper Voice|p2a: Gengar|[spread] p2a,p2b\n|-damage|p2a: Gengar|18/100\n|-damage|p2b: Kingambit|0 fnt\n|faint|p2b: Kingambit\n|move|p1a: Crabominable|Ice Hammer|p2a: Gengar\n|-damage|p2a: Gengar|0 fnt\n|-unboost|p1a: Crabominable|spe|1\n|faint|p2a: Gengar\n|\n|-heal|p1b: Primarina|81/100|[from] item: Leftovers\n|upkeep\n|\n|t:|1776533048\n|switch|p2a: Politoed|Politoed, L50, M|100/100\n|switch|p2b: Incineroar|Incineroar, L50, F|100/100\n|-weather|RainDance|[from] ability: Drizzle|[of] p2a: Politoed\n|-ability|p2b: Incineroar|Intimidate|boost\n|-unboost|p1a: Crabominable|atk|1\n|-unboost|p1b: Primarina|atk|1\n|turn|5\n|inactive|miyagi is waifu has 30 seconds left.\n|\n|t:|1776533078\n|move|p1a: Crabominable|Protect|p1a: Crabominable\n|-singleturn|p1a: Crabominable|Protect\n|move|p2b: Incineroar|Fake Out|p1b: Primarina\n|-damage|p1b: Primarina|66/100\n|move|p2a: Politoed|Perish Song|p2a: Politoed\n|-start|p1a: Crabominable|perish3|[silent]\n|-start|p1b: Primarina|perish3|[silent]\n|-start|p2a: Politoed|perish3|[silent]\n|-start|p2b: Incineroar|perish3|[silent]\n|-fieldactivate|move: Perish Song\n|cant|p1b: Primarina|flinch\n|\n|-weather|RainDance|[upkeep]\n|-heal|p1b: Primarina|72/100|[from] item: Leftovers\n|-start|p2a: Politoed|perish3\n|-start|p2b: Incineroar|perish3\n|-start|p1b: Primarina|perish3\n|-start|p1a: Crabominable|perish3\n|upkeep\n|turn|6\n|\n|t:|1776533090\n|move|p1a: Crabominable|Mach Punch|p2a: Politoed\n|-damage|p2a: Politoed|79/100\n|move|p2a: Politoed|Weather Ball|p1a: Crabominable\n|-damage|p1a: Crabominable|0 fnt\n|faint|p1a: Crabominable\n|move|p1b: Primarina|Hyper Voice|p2b: Incineroar|[spread] p2a,p2b\n|-resisted|p2a: Politoed|1\n|-supereffective|p2b: Incineroar|1\n|-damage|p2a: Politoed|55/100\n|-damage|p2b: Incineroar|11/100\n|move|p2b: Incineroar|Parting Shot|p1b: Primarina\n|-unboost|p1b: Primarina|atk|1\n|-unboost|p1b: Primarina|spa|1\n|\n|-weather|RainDance|[upkeep]\n|-heal|p2b: Incineroar|17/100|[from] item: Leftovers\n|-heal|p1b: Primarina|78/100|[from] item: Leftovers\n|-start|p2a: Politoed|perish2\n|-start|p2b: Incineroar|perish2\n|-start|p1b: Primarina|perish2\n|upkeep\n|turn|7\n|\n|t:|1776533115\n|move|p2b: Incineroar|Protect|p2b: Incineroar\n|-singleturn|p2b: Incineroar|Protect\n|move|p2a: Politoed|Weather Ball|p1b: Primarina\n|-resisted|p1b: Primarina|1\n|-damage|p1b: Primarina|56/100\n|move|p1b: Primarina|Hyper Voice|p2a: Politoed|[spread] p2a\n|-activate|p2b: Incineroar|move: Protect\n|-resisted|p2a: Politoed|1\n|-damage|p2a: Politoed|40/100\n|-enditem|p2a: Politoed|Sitrus Berry|[eat]\n|-heal|p2a: Politoed|65/100|[from] item: Sitrus Berry\n|\n|-weather|RainDance|[upkeep]\n|-heal|p2b: Incineroar|23/100|[from] item: Leftovers\n|-heal|p1b: Primarina|61/100|[from] item: Leftovers\n|-start|p2a: Politoed|perish1\n|-start|p1b: Primarina|perish1\n|-start|p2b: Incineroar|perish1\n|upkeep\n|turn|8\n|\n|t:|1776533137\n|move|p2a: Politoed|Protect|p2a: Politoed\n|-singleturn|p2a: Politoed|Protect\n|move|p2b: Incineroar|Protect||[still]\n|-fail|p2b: Incineroar\n|move|p1b: Primarina|Hyper Voice|p2a: Politoed|[spread] p2b\n|-activate|p2a: Politoed|move: Protect\n|-supereffective|p2b: Incineroar|1\n|-damage|p2b: Incineroar|0 fnt\n|faint|p2b: Incineroar\n|\n|-weather|RainDance|[upkeep]\n|-heal|p1b: Primarina|67/100|[from] item: Leftovers\n|-start|p2a: Politoed|perish0\n|-start|p1b: Primarina|perish0\n|faint|p2a: Politoed\n|faint|p1b: Primarina\n|\n|win|dohawyth\n|raw|dohawyth's rating: 1232 &rarr; <strong>1253</strong><br />(+21 for winning)\n|raw|miyagi is waifu's rating: 1177 &rarr; <strong>1156</strong><br />(-21 for losing)\n|c|\u2606dohawyth|thanks\n",
  "uploadtime": 1776533152,
  "views": 16,
  "formatid": "gen9championsvgc2026regma",
  "rating": 1156,
  "private": 0,
  "password": null
}