{
  "id": "gen9championsvgc2026regma-2582048867",
  "format": "[Gen 9 Champions] VGC 2026 Reg M-A",
  "players": [
    "cammellio",
    "luxcannon"
  ],
  "log": "|j|\u2606cammellio\n|j|\u2606luxcannon\n|t:|1776051855\n|gametype|doubles\n|player|p1|cammellio|1|1065\n|player|p2|luxcannon|iris-gen5bw2|1000\n|gen|9\n|tier|[Gen 9 Champions] VGC 2026 Reg M-A\n|rated|\n|rule|Species Clause: Limit one of each Pok\u00e9mon\n|rule|Item Clause: Limit 1 of each item\n|clearpoke\n|poke|p1|Pelipper, L50, M|\n|poke|p1|Orthworm, L50, M|\n|poke|p1|Feraligatr, L50, F|\n|poke|p1|Archaludon, L50, F|\n|poke|p1|Incineroar, L50, M|\n|poke|p1|Sinistcha, L50|\n|poke|p2|Passimian, L50, F|\n|poke|p2|Garganacl, L50, F|\n|poke|p2|Forretress, L50, F|\n|poke|p2|Sinistcha, L50|\n|poke|p2|Chimecho, L50, M|\n|poke|p2|Froslass, L50, F|\n|teampreview|4\n|inactive|Battle timer is ON: inactive players will automatically lose when time's up. (requested by cammellio)\n|inactive|cammellio has 60 seconds left.\n|\n|t:|1776051898\n|teamsize|p1|4\n|teamsize|p2|4\n|start\n|switch|p1a: Orthworm|Orthworm, L50, M|100/100\n|switch|p1b: Pelipper|Pelipper, L50, M|100/100\n|switch|p2a: Passimian|Passimian, L50, F|100/100\n|switch|p2b: Forretress|Forretress, L50, F|100/100\n|-weather|RainDance|[from] ability: Drizzle|[of] p1b: Pelipper\n|turn|1\n|\n|t:|1776051921\n|move|p1b: Pelipper|Hurricane|p2a: Passimian\n|-supereffective|p2a: Passimian|1\n|-damage|p2a: Passimian|6/100\n|move|p2a: Passimian|Bulk Up|p2a: Passimian\n|-boost|p2a: Passimian|atk|1\n|-boost|p2a: Passimian|def|1\n|move|p1a: Orthworm|Shed Tail|p1a: Orthworm\n|-start|p1a: Orthworm|Substitute|[from] move: Shed Tail\n|-damage|p1a: Orthworm|50/100\n|\n|t:|1776051930\n|switch|p1a: Feraligatr|Feraligatr, L50, F|100/100|[from] Shed Tail\n|move|p2b: Forretress|Reflect|p2b: Forretress\n|-sidestart|p2: luxcannon|Reflect\n|\n|-weather|RainDance|[upkeep]\n|upkeep\n|turn|2\n|\n|t:|1776051942\n|switch|p2b: Sinistcha|Sinistcha, L50|100/100\n|-heal|p2a: Passimian|30/100|[from] ability: Hospitality|[of] p2b: Sinistcha\n|move|p2a: Passimian|Protect|p2a: Passimian\n|-singleturn|p2a: Passimian|Protect\n|move|p1a: Feraligatr|Dragon Dance|p1a: Feraligatr\n|-boost|p1a: Feraligatr|atk|1\n|-boost|p1a: Feraligatr|spe|1\n|move|p1b: Pelipper|Hurricane|p2a: Passimian\n|-activate|p2a: Passimian|move: Protect\n|\n|-weather|RainDance|[upkeep]\n|upkeep\n|turn|3\n|inactive|luxcannon has 30 seconds left.\n|\n|t:|1776051968\n|detailschange|p1a: Feraligatr|Feraligatr-Mega, L50, F\n|-mega|p1a: Feraligatr|Feraligatr|Feraligite\n|move|p1a: Feraligatr|Double-Edge|p2b: Sinistcha\n|-damage|p2b: Sinistcha|16/100\n|-damage|p1a: Feraligatr|69/100|[from] Recoil\n|move|p1b: Pelipper|Hurricane|p2a: Passimian\n|-supereffective|p2a: Passimian|1\n|-damage|p2a: Passimian|0 fnt\n|faint|p2a: Passimian\n|move|p2b: Sinistcha|Trick Room|p2b: Sinistcha\n|-fieldstart|move: Trick Room|[of] p2b: Sinistcha\n|\n|-weather|RainDance|[upkeep]\n|upkeep\n|\n|t:|1776051984\n|switch|p2a: Chimecho|Chimecho, L50, M|100/100\n|turn|4\n|inactive|luxcannon has 30 seconds left.\n|\n|t:|1776052010\n|detailschange|p2a: Chimecho|Chimecho-Mega, L50, M\n|-mega|p2a: Chimecho|Chimecho|Chimechite\n|move|p1b: Pelipper|Wide Guard|p1b: Pelipper\n|-singleturn|p1b: Pelipper|Wide Guard\n|move|p2a: Chimecho|Wish|p2a: Chimecho\n|move|p2b: Sinistcha|Strength Sap|p1b: Pelipper\n|-unboost|p1b: Pelipper|atk|1\n|-heal|p2b: Sinistcha|51/100\n|move|p1a: Feraligatr|Liquidation|p2a: Chimecho\n|-damage|p2a: Chimecho|47/100\n|-unboost|p2a: Chimecho|def|1\n|\n|-weather|RainDance|[upkeep]\n|upkeep\n|turn|5\n|inactive|luxcannon has 30 seconds left.\n|\n|t:|1776052041\n|move|p1a: Feraligatr|Protect|p1a: Feraligatr\n|-singleturn|p1a: Feraligatr|Protect\n|move|p2a: Chimecho|Cosmic Power|p2a: Chimecho\n|-boost|p2a: Chimecho|def|1\n|-boost|p2a: Chimecho|spd|1\n|move|p2b: Sinistcha|Matcha Gotcha|p1b: Pelipper|[spread] p1b\n|-activate|p1a: Feraligatr|move: Protect\n|-damage|p1b: Pelipper|41/100\n|-heal|p2b: Sinistcha|74/100|[from] drain|[of] p1b: Pelipper\n|move|p1b: Pelipper|Hurricane|p2b: Sinistcha\n|-supereffective|p2b: Sinistcha|1\n|-damage|p2b: Sinistcha|0 fnt\n|faint|p2b: Sinistcha\n|\n|-weather|none\n|-heal|p2a: Chimecho|97/100|[from] move: Wish|[wisher] Chimecho\n|-sideend|p2: luxcannon|Reflect\n|upkeep\n|\n|t:|1776052054\n|switch|p2b: Forretress|Forretress, L50, F|100/100\n|turn|6\n|-message|luxcannon forfeited.\n|\n|win|cammellio\n|raw|cammellio's rating: 1065 &rarr; <strong>1090</strong><br />(+25 for winning)\n|raw|luxcannon's rating: 1000 &rarr; <strong>1000</strong><br />(+0 for losing)\n|l|\u2606luxcannon\n|player|p2|\n",
  "uploadtime": 1776052065,
  "views": 33,
  "formatid": "gen9championsvgc2026regma",
  "rating": 1000,
  "private": 0,
  "password": null
}