{
  "id": "gen9championsvgc2026regma-2584574046",
  "format": "[Gen 9 Champions] VGC 2026 Reg M-A",
  "players": [
    "Rotomwashlover67",
    "chaperomon"
  ],
  "log": "|j|\u203dRotomwashlover67\n|j|\u2606chaperomon\n|t:|1776269674\n|gametype|doubles\n|player|p1|Rotomwashlover67|volkner|1295\n|player|p2|chaperomon|flannery|1338\n|gen|9\n|tier|[Gen 9 Champions] VGC 2026 Reg M-A\n|rated|\n|rule|Species Clause: Limit one of each Pok\u00e9mon\n|rule|Item Clause: Limit 1 of each item\n|clearpoke\n|poke|p1|Incineroar, L50, M|\n|poke|p1|Sinistcha, L50|\n|poke|p1|Tyranitar, L50, M|\n|poke|p1|Kommo-o, L50, M|\n|poke|p1|Kingambit, L50, M|\n|poke|p1|Gengar, L50, F|\n|poke|p2|Froslass, L50, F|\n|poke|p2|Sneasler, L50, M|\n|poke|p2|Talonflame, L50, M|\n|poke|p2|Primarina, L50, F|\n|poke|p2|Kingambit, L50, M|\n|poke|p2|Garchomp, L50, M|\n|teampreview|4\n|inactive|Battle timer is ON: inactive players will automatically lose when time's up. (requested by Rotomwashlover67)\n|inactive|chaperomon has 60 seconds left.\n|\n|t:|1776269726\n|teamsize|p1|4\n|teamsize|p2|4\n|start\n|switch|p1a: Gengar|Gengar, L50, F|100/100\n|switch|p1b: Incineroar|Incineroar, L50, M|100/100\n|switch|p2a: Garchomp|Garchomp, L50, M|100/100\n|switch|p2b: Talonflame|Talonflame, L50, M|100/100\n|-ability|p1b: Incineroar|Intimidate|boost\n|-unboost|p2a: Garchomp|atk|1\n|-unboost|p2b: Talonflame|atk|1\n|turn|1\n|\n|t:|1776269739\n|detailschange|p1a: Gengar|Gengar-Mega, L50, F\n|-mega|p1a: Gengar|Gengar|Gengarite\n|move|p2b: Talonflame|Quick Guard|p2b: Talonflame\n|-singleturn|p2b: Talonflame|Quick Guard\n|move|p1b: Incineroar|Fake Out|p2a: Garchomp\n|-activate|p2a: Garchomp|move: Quick Guard\n|move|p2a: Garchomp|Earthquake|p1a: Gengar|[spread] p1a,p1b\n|-immune|p2b: Talonflame\n|-supereffective|p1a: Gengar|1\n|-supereffective|p1b: Incineroar|1\n|-enditem|p1b: Incineroar|Shuca Berry|[eat]\n|-enditem|p1b: Incineroar|Shuca Berry|[weaken]\n|-damage|p1a: Gengar|36/100\n|-damage|p1b: Incineroar|79/100\n|move|p1a: Gengar|Perish Song|p1a: Gengar\n|-start|p1a: Gengar|perish3|[silent]\n|-start|p1b: Incineroar|perish3|[silent]\n|-start|p2a: Garchomp|perish3|[silent]\n|-start|p2b: Talonflame|perish3|[silent]\n|-fieldactivate|move: Perish Song\n|\n|-start|p2a: Garchomp|perish3\n|-start|p2b: Talonflame|perish3\n|-start|p1a: Gengar|perish3\n|-start|p1b: Incineroar|perish3\n|upkeep\n|turn|2\n|\n|t:|1776269761\n|move|p1a: Gengar|Protect|p1a: Gengar\n|-singleturn|p1a: Gengar|Protect\n|move|p1b: Incineroar|Protect|p1b: Incineroar\n|-singleturn|p1b: Incineroar|Protect\n|move|p2b: Talonflame|Dual Wingbeat|p1a: Gengar\n|-activate|p1a: Gengar|move: Protect\n|move|p2a: Garchomp|Earthquake|p1b: Incineroar|[spread] \n|-activate|p1a: Gengar|move: Protect\n|-activate|p1b: Incineroar|move: Protect\n|-immune|p2b: Talonflame\n|\n|-start|p2a: Garchomp|perish2\n|-start|p2b: Talonflame|perish2\n|-start|p1a: Gengar|perish2\n|-start|p1b: Incineroar|perish2\n|upkeep\n|turn|3\n|inactive|Rotomwashlover67 has 30 seconds left.\n|\n|t:|1776269791\n|switch|p1a: Sinistcha|Sinistcha, L50|100/100\n|-heal|p1b: Incineroar|100/100|[from] ability: Hospitality|[of] p1a: Sinistcha\n|move|p2b: Talonflame|Dual Wingbeat|p1b: Incineroar\n|-damage|p1b: Incineroar|91/100\n|-damage|p1b: Incineroar|82/100\n|-hitcount|p1b: Incineroar|2\n|move|p2a: Garchomp|Earthquake|p1b: Incineroar|[spread] p1a,p1b\n|-immune|p2b: Talonflame\n|-resisted|p1a: Sinistcha|1\n|-supereffective|p1b: Incineroar|1\n|-damage|p1a: Sinistcha|89/100\n|-damage|p1b: Incineroar|36/100\n|move|p1b: Incineroar|Parting Shot|p2a: Garchomp\n|-unboost|p2a: Garchomp|atk|1\n|-unboost|p2a: Garchomp|spa|1\n|\n|t:|1776269807\n|switch|p1b: Gengar|Gengar-Mega, L50, F|36/100|[from] Parting Shot\n|\n|-start|p2a: Garchomp|perish1\n|-start|p2b: Talonflame|perish1\n|upkeep\n|turn|4\n|\n|t:|1776269816\n|move|p1b: Gengar|Protect|p1b: Gengar\n|-singleturn|p1b: Gengar|Protect\n|move|p2b: Talonflame|Tailwind|p2b: Talonflame\n|-sidestart|p2: chaperomon|move: Tailwind\n|move|p2a: Garchomp|Earthquake|p1a: Sinistcha|[spread] p1a\n|-activate|p1b: Gengar|move: Protect\n|-immune|p2b: Talonflame\n|-resisted|p1a: Sinistcha|1\n|-damage|p1a: Sinistcha|80/100\n|move|p1a: Sinistcha|Life Dew|p1a: Sinistcha|[spread] p1a,p1b\n|-heal|p1a: Sinistcha|100/100\n|-heal|p1b: Gengar|61/100\n|\n|-start|p2a: Garchomp|perish0\n|-start|p2b: Talonflame|perish0\n|faint|p2a: Garchomp\n|faint|p2b: Talonflame\n|upkeep\n|\n|t:|1776269822\n|switch|p2b: Sneasler|Sneasler, L50, M|100/100\n|switch|p2a: Primarina|Primarina, L50, F|100/100\n|turn|5\n|c|\u2606chaperomon|ull never see the pearly gates\n|inactive|Rotomwashlover67 has 30 seconds left.\n|inactive|Rotomwashlover67 has 20 seconds left.\n|inactive|Rotomwashlover67 has 15 seconds left.\n|\n|t:|1776269864\n|move|p2b: Sneasler|Dire Claw|p1a: Sinistcha\n|-damage|p1a: Sinistcha|58/100\n|move|p1b: Gengar|Shadow Ball|p2b: Sneasler\n|-damage|p2b: Sneasler|38/100\n|-unboost|p2b: Sneasler|spd|1\n|-enditem|p2b: Sneasler|White Herb\n|-clearnegativeboost|p2b: Sneasler|[silent]\n|move|p2a: Primarina|Hyper Voice|p1b: Gengar|[spread] p1a,p1b\n|-resisted|p1a: Sinistcha|1\n|-damage|p1a: Sinistcha|40/100\n|-damage|p1b: Gengar|18/100\n|-enditem|p1a: Sinistcha|Sitrus Berry|[eat]\n|-heal|p1a: Sinistcha|65/100|[from] item: Sitrus Berry\n|move|p1a: Sinistcha|Matcha Gotcha|p2b: Sneasler|[spread] p2a,p2b\n|-supereffective|p2a: Primarina|1\n|-resisted|p2b: Sneasler|1\n|-damage|p2a: Primarina|56/100\n|-heal|p1a: Sinistcha|88/100|[from] drain|[of] p2a: Primarina\n|-damage|p2b: Sneasler|22/100\n|-heal|p1a: Sinistcha|95/100|[from] drain|[of] p2b: Sneasler\n|-status|p2a: Primarina|brn\n|-status|p2b: Sneasler|brn\n|\n|-heal|p2a: Primarina|62/100 brn|[from] item: Leftovers\n|-damage|p2b: Sneasler|16/100 brn|[from] brn\n|-damage|p2a: Primarina|56/100 brn|[from] brn\n|upkeep\n|turn|6\n|inactive|Rotomwashlover67 has 30 seconds left.\n|inactive|chaperomon has 30 seconds left.\n|\n|t:|1776269898\n|move|p2b: Sneasler|Dire Claw|p1a: Sinistcha\n|-damage|p1a: Sinistcha|73/100\n|-status|p1a: Sinistcha|psn\n|move|p1b: Gengar|Shadow Ball|p2b: Sneasler\n|-damage|p2b: Sneasler|0 fnt\n|faint|p2b: Sneasler\n|move|p2a: Primarina|Hyper Voice|p1a: Sinistcha|[spread] p1a,p1b\n|-resisted|p1a: Sinistcha|1\n|-damage|p1a: Sinistcha|56/100 psn\n|-damage|p1b: Gengar|0 fnt\n|faint|p1b: Gengar\n|move|p1a: Sinistcha|Matcha Gotcha|p2a: Primarina|[miss]\n|-miss|p1a: Sinistcha|p2a: Primarina\n|\n|-heal|p2a: Primarina|62/100 brn|[from] item: Leftovers\n|-damage|p1a: Sinistcha|43/100 psn|[from] psn\n|-damage|p2a: Primarina|56/100 brn|[from] brn\n|upkeep\n|\n|t:|1776269920\n|switch|p1b: Incineroar|Incineroar, L50, M|36/100\n|-ability|p1b: Incineroar|Intimidate|boost\n|-unboost|p2a: Primarina|atk|1\n|turn|7\n|\n|t:|1776269926\n|move|p1b: Incineroar|Fake Out|p2a: Primarina\n|-damage|p2a: Primarina|41/100 brn\n|cant|p2a: Primarina|flinch\n|move|p1a: Sinistcha|Matcha Gotcha|p2a: Primarina\n|-supereffective|p2a: Primarina|1\n|-damage|p2a: Primarina|0 fnt\n|-heal|p1a: Sinistcha|64/100 psn|[from] drain|[of] p2a: Primarina\n|faint|p2a: Primarina\n|\n|win|Rotomwashlover67\n|raw|Rotomwashlover67's rating: 1295 &rarr; <strong>1323</strong><br />(+28 for winning)\n|raw|chaperomon's rating: 1338 &rarr; <strong>1316</strong><br />(-22 for losing)\n|l|\u203dRotomwashlover67\n|player|p1|\n",
  "uploadtime": 1776269951,
  "views": 52,
  "formatid": "gen9championsvgc2026regma",
  "rating": 1316,
  "private": 0,
  "password": null
}