{
  "id": "gen9championsvgc2026regma-2581502428",
  "format": "[Gen 9 Champions] VGC 2026 Reg M-A",
  "players": [
    "DavidTIS",
    "Fran651"
  ],
  "log": "|j|\u2606DavidTIS\n|j|\u2606Fran651\n|t:|1776006301\n|gametype|doubles\n|player|p1|DavidTIS|volkner|1026\n|player|p2|Fran651|jogger|1128\n|gen|9\n|tier|[Gen 9 Champions] VGC 2026 Reg M-A\n|rated|\n|rule|Species Clause: Limit one of each Pok\u00e9mon\n|rule|Item Clause: Limit 1 of each item\n|clearpoke\n|poke|p1|Garganacl, L50, F|\n|poke|p1|Mimikyu, L50, M|\n|poke|p1|Chimecho, L50, M|\n|poke|p1|Avalugg, L50, M|\n|poke|p1|Slowbro, L50, F|\n|poke|p1|Lucario, L50, M|\n|poke|p2|Charizard, L50, M|\n|poke|p2|Garchomp, L50, F|\n|poke|p2|Whimsicott, L50, F|\n|poke|p2|Sneasler, L50, F|\n|poke|p2|Rotom-Wash, L50|\n|poke|p2|Sinistcha, L50|\n|teampreview|4\n|inactive|Battle timer is ON: inactive players will automatically lose when time's up. (requested by DavidTIS)\n|inactive|Fran651 has 60 seconds left.\n|\n|t:|1776006352\n|teamsize|p1|4\n|teamsize|p2|4\n|start\n|switch|p1a: Garganacl|Garganacl, L50, F|100/100\n|switch|p1b: Mimikyu|Mimikyu, L50, M|100/100\n|switch|p2a: Sinistcha|Sinistcha, L50|100/100\n|switch|p2b: Charizard|Charizard, L50, M|100/100\n|turn|1\n|\n|t:|1776006370\n|move|p2b: Charizard|Protect|p2b: Charizard\n|-singleturn|p2b: Charizard|Protect\n|move|p2a: Sinistcha|Matcha Gotcha|p1b: Mimikyu|[spread] p1a,p1b\n|-supereffective|p1a: Garganacl|1\n|-damage|p1a: Garganacl|46/100\n|-activate|p1b: Mimikyu|ability: Disguise\n|-damage|p1b: Mimikyu|100/100\n|detailschange|p1b: Mimikyu|Mimikyu-Busted, L50, M\n|-damage|p1b: Mimikyu|88/100|[from] pokemon: Mimikyu-Busted\n|move|p1a: Garganacl|Rock Slide|p2b: Charizard|[spread] p2a\n|-activate|p2b: Charizard|move: Protect\n|-damage|p2a: Sinistcha|76/100\n|move|p1b: Mimikyu|Trick Room|p1b: Mimikyu\n|-fieldstart|move: Trick Room|[of] p1b: Mimikyu\n|\n|upkeep\n|turn|2\n|inactive|Fran651 has 30 seconds left.\n|\n|t:|1776006402\n|switch|p2b: Sneasler|Sneasler, L50, F|100/100\n|-ability|p2b: Sneasler|Pressure\n|move|p1a: Garganacl|Rock Slide|p2b: Sneasler|[spread] p2a,p2b\n|-resisted|p2b: Sneasler|1\n|-damage|p2a: Sinistcha|53/100\n|-damage|p2b: Sneasler|79/100\n|move|p1b: Mimikyu|Shadow Claw|p2a: Sinistcha\n|-supereffective|p2a: Sinistcha|1\n|-damage|p2a: Sinistcha|0 fnt\n|faint|p2a: Sinistcha\n|\n|upkeep\n|\n|t:|1776006416\n|switch|p2a: Whimsicott|Whimsicott, L50, F|100/100\n|turn|3\n|\n|t:|1776006433\n|move|p1a: Garganacl|Protect|p1a: Garganacl\n|-singleturn|p1a: Garganacl|Protect\n|move|p1b: Mimikyu|Shadow Claw|p2b: Sneasler\n|-damage|p2b: Sneasler|22/100\n|move|p2a: Whimsicott|Moonblast|p1b: Mimikyu\n|-damage|p1b: Mimikyu|61/100\n|move|p2b: Sneasler|Close Combat|p1b: Mimikyu\n|-immune|p1b: Mimikyu\n|\n|upkeep\n|turn|4\n|inactive|DavidTIS has 30 seconds left.\n|\n|t:|1776006461\n|move|p2b: Sneasler|Protect|p2b: Sneasler\n|-singleturn|p2b: Sneasler|Protect\n|move|p1b: Mimikyu|Shadow Claw|p2b: Sneasler\n|-activate|p2b: Sneasler|move: Protect\n|move|p2a: Whimsicott|Moonblast|p1b: Mimikyu\n|-damage|p1b: Mimikyu|33/100\n|-enditem|p1b: Mimikyu|Sitrus Berry|[eat]\n|-heal|p1b: Mimikyu|58/100|[from] item: Sitrus Berry\n|move|p1a: Garganacl|Avalanche|p2a: Whimsicott\n|-supereffective|p2a: Whimsicott|1\n|-damage|p2a: Whimsicott|61/100\n|\n|upkeep\n|turn|5\n|inactive|Fran651 has 30 seconds left.\n|\n|t:|1776006492\n|move|p2b: Sneasler|Protect||[still]\n|-fail|p2b: Sneasler\n|move|p2a: Whimsicott|Tailwind|p2a: Whimsicott\n|-sidestart|p2: Fran651|move: Tailwind\n|move|p1a: Garganacl|Rock Slide|p2a: Whimsicott|[spread] p2a,p2b\n|-resisted|p2b: Sneasler|1\n|-damage|p2a: Whimsicott|30/100\n|-damage|p2b: Sneasler|2/100\n|move|p1b: Mimikyu|Shadow Claw|p2b: Sneasler\n|-crit|p2b: Sneasler\n|-damage|p2b: Sneasler|0 fnt\n|faint|p2b: Sneasler\n|\n|-fieldend|move: Trick Room\n|upkeep\n|\n|t:|1776006504\n|switch|p2b: Charizard|Charizard, L50, M|100/100\n|turn|6\n|-activate|p1a: Garganacl|item: Quick Claw\n|\n|t:|1776006517\n|detailschange|p2b: Charizard|Charizard-Mega-Y, L50, M\n|-mega|p2b: Charizard|Charizard|Charizardite Y\n|-weather|SunnyDay|[from] ability: Drought|[of] p2b: Charizard\n|move|p1a: Garganacl|Rock Slide|p2b: Charizard|[spread] p2a,p2b\n|-supereffective|p2b: Charizard|2\n|-damage|p2a: Whimsicott|0 fnt\n|-damage|p2b: Charizard|0 fnt\n|faint|p2a: Whimsicott\n|faint|p2b: Charizard\n|\n|win|DavidTIS\n|raw|DavidTIS's rating: 1026 &rarr; <strong>1072</strong><br />(+46 for winning)\n|raw|Fran651's rating: 1128 &rarr; <strong>1096</strong><br />(-32 for losing)\n",
  "uploadtime": 1776006527,
  "views": 20,
  "formatid": "gen9championsvgc2026regma",
  "rating": 1072,
  "private": 0,
  "password": null
}