{
  "id": "gen9championsvgc2026regma-2589393038",
  "format": "[Gen 9 Champions] VGC 2026 Reg M-A",
  "players": [
    "dede la saumure",
    "MasterofDerp2005"
  ],
  "log": "|j|\u2606dede la saumure\n|j|\u2606MasterofDerp2005\n|t:|1776719331\n|gametype|doubles\n|player|p1|dede la saumure|swimmer|1000\n|player|p2|MasterofDerp2005|n|1000\n|gen|9\n|tier|[Gen 9 Champions] VGC 2026 Reg M-A\n|rated|\n|rule|Species Clause: Limit one of each Pok\u00e9mon\n|rule|Item Clause: Limit 1 of each item\n|clearpoke\n|poke|p1|Crabominable, L50, M|\n|poke|p1|Slowking-Galar, L50, F|\n|poke|p1|Bastiodon, L50, F|\n|poke|p1|Hydrapple, L50, F|\n|poke|p1|Incineroar, L50, M|\n|poke|p1|Clawitzer, L50, F|\n|poke|p2|Dragonite, L50, F, shiny|\n|poke|p2|Pelipper, L50, M|\n|poke|p2|Sneasler, L50, F|\n|poke|p2|Basculegion, L50, M|\n|poke|p2|Archaludon, L50, M|\n|poke|p2|Whimsicott, L50, F|\n|teampreview|4\n|inactive|Battle timer is ON: inactive players will automatically lose when time's up. (requested by MasterofDerp2005)\nMasterofDerp2005 has agreed to open team sheets.\n|inactive|dede la saumure has 60 seconds left.\n|\n|t:|1776719363\n|teamsize|p1|4\n|teamsize|p2|4\n|start\n|switch|p1a: Raver|Crabominable, L50, M|100/100\n|switch|p1b: Jokester|Slowking-Galar, L50, F|100/100\n|switch|p2a: Gulper|Pelipper, L50, M|100/100\n|switch|p2b: The Sneaky One|Sneasler, L50, F|100/100\n|-weather|RainDance|[from] ability: Drizzle|[of] p2a: Gulper\n|turn|1\n|\n|t:|1776719386\n|detailschange|p1a: Raver|Crabominable-Mega, L50, M\n|-mega|p1a: Raver|Crabominable|Crabominite\n|move|p2b: The Sneaky One|Fake Out|p1b: Jokester\n|-damage|p1b: Jokester|86/100\n|move|p2a: Gulper|Tailwind|p2a: Gulper\n|-sidestart|p2: MasterofDerp2005|move: Tailwind\n|move|p1a: Raver|Rock Slide|p2a: Gulper|[spread] p2a,p2b\n|-supereffective|p2a: Gulper|1\n|-resisted|p2b: The Sneaky One|1\n|-damage|p2a: Gulper|41/100\n|-damage|p2b: The Sneaky One|80/100\n|-enditem|p2a: Gulper|Sitrus Berry|[eat]\n|-heal|p2a: Gulper|65/100|[from] item: Sitrus Berry\n|cant|p1b: Jokester|flinch\n|\n|-weather|RainDance|[upkeep]\n|upkeep\n|turn|2\n|\n|t:|1776719405\n|move|p2b: The Sneaky One|Protect|p2b: The Sneaky One\n|-singleturn|p2b: The Sneaky One|Protect\n|move|p2a: Gulper|Hurricane|p1a: Raver\n|-supereffective|p1a: Raver|1\n|-damage|p1a: Raver|47/100\n|-start|p1a: Raver|confusion\n|-activate|p1a: Raver|confusion\n|move|p1a: Raver|Rock Slide|p2a: Gulper|[spread] p2a\n|-activate|p2b: The Sneaky One|move: Protect\n|-supereffective|p2a: Gulper|1\n|-damage|p2a: Gulper|0 fnt\n|faint|p2a: Gulper\n|move|p1b: Jokester|Trick Room|p1b: Jokester\n|-fieldstart|move: Trick Room|[of] p1b: Jokester\n|\n|-weather|RainDance|[upkeep]\n|upkeep\n|\n|t:|1776719424\n|switch|p2a: Skyscraper|Archaludon, L50, M|100/100\n|turn|3\n|\n|t:|1776719436\n|-prepare|p1b: Jokester|Chilly Reception|[premajor]\n|move|p1b: Jokester|Chilly Reception|p1b: Jokester\n|-weather|Snowscape\n|\n|t:|1776719441\n|switch|p1b: The Wall|Bastiodon, L50, F|100/100|[from] Chilly Reception\n|-activate|p1a: Raver|confusion\n|-damage|p1a: Raver|32/100|[from] confusion\n|move|p2a: Skyscraper|Aura Sphere|p1a: Raver\n|-supereffective|p1a: Raver|1\n|-damage|p1a: Raver|0 fnt\n|faint|p1a: Raver\n|move|p2b: The Sneaky One|Dire Claw|p1b: The Wall\n|-immune|p1b: The Wall\n|\n|-weather|Snowscape|[upkeep]\n|upkeep\n|\n|t:|1776719454\n|switch|p1a: Wack'A'Wyrm|Hydrapple, L50, F|100/100\n|-ability|p1a: Wack'A'Wyrm|Supersweet Syrup\n|-unboost|p2a: Skyscraper|evasion|1\n|-unboost|p2b: The Sneaky One|evasion|1\n|-enditem|p2b: The Sneaky One|White Herb\n|-clearnegativeboost|p2b: The Sneaky One|[silent]\n|turn|4\n|\n|t:|1776719470\n|switch|p2b: Puff|Dragonite, L50, F, shiny|100/100\n|move|p1b: The Wall|Body Press|p2a: Skyscraper\n|-supereffective|p2a: Skyscraper|1\n|-damage|p2a: Skyscraper|30/100\n|move|p1a: Wack'A'Wyrm|Earth Power|p2b: Puff\n|-immune|p2b: Puff\n|move|p2a: Skyscraper|Aura Sphere|p1b: The Wall\n|-supereffective|p1b: The Wall|2\n|-damage|p1b: The Wall|7/100\n|\n|-weather|Snowscape|[upkeep]\n|-sideend|p2: MasterofDerp2005|move: Tailwind\n|upkeep\n|turn|5\n|inactive|MasterofDerp2005 has 30 seconds left.\n|\n|t:|1776719498\n|detailschange|p2b: Puff|Dragonite-Mega, L50, F, shiny\n|-mega|p2b: Puff|Dragonite|Dragoninite\n|move|p1b: The Wall|Rest|p1b: The Wall\n|-status|p1b: The Wall|slp|[from] move: Rest\n|-heal|p1b: The Wall|100/100 slp|[silent]\n|-enditem|p1b: The Wall|Chesto Berry|[eat]\n|-curestatus|p1b: The Wall|slp|[msg]\n|move|p1a: Wack'A'Wyrm|Earth Power|p2a: Skyscraper\n|-supereffective|p2a: Skyscraper|1\n|-damage|p2a: Skyscraper|0 fnt\n|faint|p2a: Skyscraper\n|move|p2b: Puff|Dragon Pulse|p1a: Wack'A'Wyrm\n|-supereffective|p1a: Wack'A'Wyrm|1\n|-damage|p1a: Wack'A'Wyrm|0 fnt\n|faint|p1a: Wack'A'Wyrm\n|\n|-weather|Snowscape|[upkeep]\n|upkeep\n|\n|t:|1776719514\n|switch|p1a: Jokester|Slowking-Galar, L50, F|100/100\n|switch|p2a: The Sneaky One|Sneasler, L50, F|80/100\n|turn|6\n|\n|t:|1776719532\n|move|p2a: The Sneaky One|Fake Out|p1b: The Wall\n|-resisted|p1b: The Wall|2\n|-damage|p1b: The Wall|98/100\n|cant|p1b: The Wall|flinch\n|move|p1a: Jokester|Blizzard|p2a: The Sneaky One|[spread] p2a,p2b\n|-supereffective|p2b: Puff|2\n|-damage|p2a: The Sneaky One|50/100\n|-damage|p2b: Puff|64/100\n|-status|p2a: The Sneaky One|frz\n|move|p2b: Puff|Dragon Pulse|p1a: Jokester\n|-damage|p1a: Jokester|58/100\n|\n|-weather|Snowscape|[upkeep]\n|-fieldend|move: Trick Room\n|upkeep\n|turn|7\n|inactive|dede la saumure has 30 seconds left.\n|\n|t:|1776719561\n|cant|p2a: The Sneaky One|frz\n|move|p2b: Puff|Thunder|p1a: Jokester|[miss]\n|-miss|p2b: Puff|p1a: Jokester\n|move|p1b: The Wall|Foul Play|p2b: Puff\n|-damage|p2b: Puff|40/100\n|move|p1a: Jokester|Trick Room|p1a: Jokester\n|-fieldstart|move: Trick Room|[of] p1a: Jokester\n|\n|-weather|none\n|upkeep\n|turn|8\n|inactive|MasterofDerp2005 has 30 seconds left.\n|-message|MasterofDerp2005 forfeited.\n|\n|win|dede la saumure\n|raw|dede la saumure's rating: 1000 &rarr; <strong>1040</strong><br />(+40 for winning)\n|raw|MasterofDerp2005's rating: 1000 &rarr; <strong>1000</strong><br />(+0 for losing)\n|l|\u2606MasterofDerp2005\n|player|p2|\n",
  "uploadtime": 1776719604,
  "views": 11,
  "formatid": "gen9championsvgc2026regma",
  "rating": 1000,
  "private": 0,
  "password": null
}