{
  "id": "gen9championsvgc2026regma-2587466273",
  "format": "[Gen 9 Champions] VGC 2026 Reg M-A",
  "players": [
    "saisai0305",
    "moonone"
  ],
  "log": "|j|\u2606saisai0305\n|j|\u203dmoonone\n|t:|1776534193\n|gametype|doubles\n|player|p1|saisai0305|266|1318\n|player|p2|moonone|170|1416\n|gen|9\n|tier|[Gen 9 Champions] VGC 2026 Reg M-A\n|rated|\n|rule|Species Clause: Limit one of each Pok\u00e9mon\n|rule|Item Clause: Limit 1 of each item\n|clearpoke\n|poke|p1|Pelipper, L50, M|\n|poke|p1|Basculegion, L50, M|\n|poke|p1|Archaludon, L50, M|\n|poke|p1|Incineroar, L50, M|\n|poke|p1|Sinistcha, L50|\n|poke|p1|Kangaskhan, L50, F|\n|poke|p2|Froslass, L50, F, shiny|\n|poke|p2|Milotic, L50, F, shiny|\n|poke|p2|Sneasler, L50, M|\n|poke|p2|Garchomp, L50, M|\n|poke|p2|Rotom-Wash, L50|\n|poke|p2|Kingambit, L50, M|\n|teampreview|4\nsaisai0305 has agreed to open team sheets.\n|\n|t:|1776534239\n|teamsize|p1|4\n|teamsize|p2|4\n|start\n|switch|p1a: Pelipper|Pelipper, L50, M|100/100\n|switch|p1b: Basculegion|Basculegion, L50, M|100/100\n|switch|p2a: Sneasler|Sneasler, L50, M|100/100\n|switch|p2b: Milotic|Milotic, L50, F, shiny|100/100\n|-weather|RainDance|[from] ability: Drizzle|[of] p1a: Pelipper\n|turn|1\n|inactive|Battle timer is ON: inactive players will automatically lose when time's up. (requested by saisai0305)\n|\n|t:|1776534260\n|move|p2a: Sneasler|Protect|p2a: Sneasler\n|-singleturn|p2a: Sneasler|Protect\n|move|p1b: Basculegion|Flip Turn|p2a: Sneasler\n|-activate|p2a: Sneasler|move: Protect\n|move|p1a: Pelipper|Tailwind|p1a: Pelipper\n|-sidestart|p1: saisai0305|move: Tailwind\n|move|p2b: Milotic|Coil|p2b: Milotic\n|-boost|p2b: Milotic|atk|1\n|-boost|p2b: Milotic|def|1\n|-boost|p2b: Milotic|accuracy|1\n|\n|-weather|RainDance|[upkeep]\n|upkeep\n|turn|2\n|\n|t:|1776534280\n|switch|p2a: Garchomp|Garchomp, L50, M|100/100\n|move|p1b: Basculegion|Flip Turn|p2b: Milotic\n|-resisted|p2b: Milotic|1\n|-damage|p2b: Milotic|84/100\n|\n|t:|1776534297\n|switch|p1b: Incineroar|Incineroar, L50, M|100/100|[from] Flip Turn\n|-ability|p1b: Incineroar|Intimidate|boost\n|-unboost|p2a: Garchomp|atk|1\n|-unboost|p2b: Milotic|atk|1\n|-ability|p2b: Milotic|Competitive|boost\n|-boost|p2b: Milotic|spa|2\n|move|p1a: Pelipper|Hurricane|p2b: Milotic\n|-damage|p2b: Milotic|51/100\n|move|p2b: Milotic|Hypnosis|p1b: Incineroar\n|-status|p1b: Incineroar|slp|[from] move: Hypnosis\n|\n|-weather|RainDance|[upkeep]\n|-heal|p2b: Milotic|57/100|[from] item: Leftovers\n|upkeep\n|turn|3\n|\n|t:|1776534320\n|switch|p1b: Basculegion|Basculegion, L50, M|100/100\n|move|p1a: Pelipper|Hurricane|p2b: Milotic\n|-damage|p2b: Milotic|24/100\n|move|p2a: Garchomp|Rock Slide|p1b: Basculegion|[spread] p1a,p1b\n|-supereffective|p1a: Pelipper|1\n|-damage|p1a: Pelipper|64/100\n|-damage|p1b: Basculegion|83/100\n|move|p2b: Milotic|Hypnosis|p1a: Pelipper\n|-status|p1a: Pelipper|slp|[from] move: Hypnosis\n|\n|-weather|RainDance|[upkeep]\n|-heal|p2b: Milotic|30/100|[from] item: Leftovers\n|upkeep\n|turn|4\n|inactive|moonone has 30 seconds left.\n|\n|t:|1776534348\n|move|p1b: Basculegion|Wave Crash|p2b: Milotic\n|-resisted|p2b: Milotic|1\n|-damage|p2b: Milotic|0 fnt\n|faint|p2b: Milotic\n|-damage|p1b: Basculegion|72/100|[from] Recoil\n|cant|p1a: Pelipper|slp\n|move|p2a: Garchomp|Dragon Claw|p1b: Basculegion\n|-damage|p1b: Basculegion|37/100\n|\n|-weather|RainDance|[upkeep]\n|-sideend|p1: saisai0305|move: Tailwind\n|upkeep\n|\n|t:|1776534361\n|switch|p2b: Froslass|Froslass, L50, F, shiny|100/100\n|turn|5\n|inactive|moonone has 30 seconds left.\n|inactive|moonone has 20 seconds left.\n|\n|t:|1776534396\n|switch|p1a: Incineroar|Incineroar, L50, M|100/100 slp\n|-ability|p1a: Incineroar|Intimidate|boost\n|-unboost|p2a: Garchomp|atk|1\n|-unboost|p2b: Froslass|atk|1\n|move|p2b: Froslass|Protect|p2b: Froslass\n|-singleturn|p2b: Froslass|Protect\n|move|p1b: Basculegion|Wave Crash|p2a: Garchomp\n|-damage|p2a: Garchomp|0 fnt\n|-damage|p1b: Basculegion|25/100|[from] ability: Rough Skin|[of] p2a: Garchomp\n|faint|p2a: Garchomp\n|-damage|p1b: Basculegion|0 fnt|[from] Recoil\n|faint|p1b: Basculegion\n|\n|-weather|none\n|upkeep\n|\n|t:|1776534413\n|switch|p2a: Sneasler|Sneasler, L50, M|100/100\n|switch|p1b: Archaludon|Archaludon, L50, M|100/100\n|turn|6\n|inactive|saisai0305 has 30 seconds left.\n|inactive|moonone has 30 seconds left.\n|inactive|saisai0305 has 20 seconds left.\n|inactive|saisai0305 has 15 seconds left.\n|\n|t:|1776534458\n|move|p1b: Archaludon|Protect|p1b: Archaludon\n|-singleturn|p1b: Archaludon|Protect\n|move|p2a: Sneasler|Close Combat|p1a: Incineroar\n|-supereffective|p1a: Incineroar|1\n|-damage|p1a: Incineroar|6/100 slp\n|-unboost|p2a: Sneasler|def|1\n|-unboost|p2a: Sneasler|spd|1\n|-enditem|p2a: Sneasler|White Herb\n|-clearnegativeboost|p2a: Sneasler|[silent]\n|move|p2b: Froslass|Substitute|p2b: Froslass\n|-start|p2b: Froslass|Substitute\n|-damage|p2b: Froslass|76/100\n|cant|p1a: Incineroar|slp\n|\n|upkeep\n|turn|7\n|inactive|moonone has 30 seconds left.\n|\n|t:|1776534488\n|switch|p1a: Pelipper|Pelipper, L50, M|64/100 slp\n|-weather|RainDance|[from] ability: Drizzle|[of] p1a: Pelipper\n|detailschange|p2b: Froslass|Froslass-Mega, L50, F, shiny\n|-mega|p2b: Froslass|Froslass|Froslassite\n|-weather|Snowscape|[from] ability: Snow Warning|[of] p2b: Froslass\n|move|p2a: Sneasler|Close Combat|p1b: Archaludon\n|-supereffective|p1b: Archaludon|1\n|-ability|p1b: Archaludon|Sturdy\n|-damage|p1b: Archaludon|1/100\n|-unboost|p2a: Sneasler|def|1\n|-unboost|p2a: Sneasler|spd|1\n|move|p2b: Froslass|Blizzard|p1b: Archaludon|[spread] p1a,p1b\n|-damage|p1a: Pelipper|0 fnt\n|-damage|p1b: Archaludon|0 fnt\n|faint|p1a: Pelipper\n|faint|p1b: Archaludon\n|\n|-weather|Snowscape|[upkeep]\n|upkeep\n|-message|saisai0305 forfeited.\n|\n|win|moonone\n|raw|saisai0305's rating: 1318 &rarr; <strong>1303</strong><br />(-15 for losing)\n|raw|moonone's rating: 1416 &rarr; <strong>1431</strong><br />(+15 for winning)\n|l|\u2606saisai0305\n|player|p1|\n",
  "uploadtime": 1776534536,
  "views": 37,
  "formatid": "gen9championsvgc2026regma",
  "rating": 1303,
  "private": 0,
  "password": null
}