{
  "id": "gen9championsvgc2026regma-2584599575",
  "format": "[Gen 9 Champions] VGC 2026 Reg M-A",
  "players": [
    "Tabula Rasa (TB)",
    "Seaking Destroy"
  ],
  "log": "|j|\u2606Tabula Rasa (TB)\n|j|\u2606Seaking Destroy\n|t:|1776271283\n|gametype|doubles\n|player|p1|Tabula Rasa (TB)|zinzolin|1273\n|player|p2|Seaking Destroy|burglar|1258\n|gen|9\n|tier|[Gen 9 Champions] VGC 2026 Reg M-A\n|rated|\n|rule|Species Clause: Limit one of each Pok\u00e9mon\n|rule|Item Clause: Limit 1 of each item\n|clearpoke\n|poke|p1|Zoroark-Hisui, L50, M|\n|poke|p1|Meganium, L50, M|\n|poke|p1|Basculegion, L50, M|\n|poke|p1|Meowstic, L50, M|\n|poke|p1|Pelipper, L50, M|\n|poke|p1|Serperior, L50, M|\n|poke|p2|Volcarona, L50, F|\n|poke|p2|Oranguru, L50, M|\n|poke|p2|Drampa, L50, M|\n|poke|p2|Sylveon, L50, F|\n|poke|p2|Charizard, L50, M|\n|poke|p2|Venusaur, L50, M|\n|teampreview|4\n|inactive|Battle timer is ON: inactive players will automatically lose when time's up. (requested by Tabula Rasa (TB))\n|inactive|Tabula Rasa (TB) has 60 seconds left.\n|\n|t:|1776271337\n|teamsize|p1|4\n|teamsize|p2|4\n|start\n|switch|p1a: Meowstic|Meowstic, L50, M, shiny|100/100\n|switch|p1b: Glorilla|Serperior, L50, M, shiny|100/100\n|switch|p2a: Volcarona|Volcarona, L50, F, shiny|100/100\n|switch|p2b: Oranguru|Oranguru, L50, M|100/100\n|turn|1\n|\n|t:|1776271351\n|move|p1a: Meowstic|Fake Tears|p1b: Glorilla\n|-boost|p1b: Glorilla|spd|2\n|move|p2a: Volcarona|Heat Wave|p1b: Glorilla|[spread] p1a,p1b\n|-supereffective|p1b: Glorilla|1\n|-damage|p1a: Meowstic|72/100\n|-damage|p1b: Glorilla|64/100\n|move|p1b: Glorilla|Glare|p2b: Oranguru\n|-status|p2b: Oranguru|par\n|move|p2b: Oranguru|Trick Room|p2b: Oranguru\n|-fieldstart|move: Trick Room|[of] p2b: Oranguru\n|\n|upkeep\n|turn|2\n|\n|t:|1776271365\n|move|p1a: Meowstic|Fake Tears|p1b: Glorilla\n|-boost|p1b: Glorilla|spd|2\n|move|p2b: Oranguru|Instruct|p2a: Volcarona\n|-singleturn|p2a: Volcarona|move: Instruct|[of] p2b: Oranguru\n|move|p2a: Volcarona|Heat Wave|p1b: Glorilla|[spread] p1b\n|-miss|p2a: Volcarona|p1a: Meowstic\n|-supereffective|p1b: Glorilla|1\n|-damage|p1b: Glorilla|40/100\n|-enditem|p1b: Glorilla|Sitrus Berry|[eat]\n|-heal|p1b: Glorilla|65/100|[from] item: Sitrus Berry\n|move|p1b: Glorilla|Glare|p2a: Volcarona\n|-status|p2a: Volcarona|par\n|move|p2a: Volcarona|Heat Wave|p1b: Glorilla|[spread] p1a,p1b\n|-supereffective|p1b: Glorilla|1\n|-damage|p1a: Meowstic|39/100\n|-damage|p1b: Glorilla|42/100\n|\n|upkeep\n|turn|3\n|inactive|Tabula Rasa (TB) has 30 seconds left.\n|\n|t:|1776271395\n|move|p1a: Meowstic|Rain Dance|p1a: Meowstic\n|-weather|RainDance\n|move|p2b: Oranguru|Instruct|p2a: Volcarona\n|-singleturn|p2a: Volcarona|move: Instruct|[of] p2b: Oranguru\n|move|p2a: Volcarona|Heat Wave|p1b: Glorilla|[spread] p1a,p1b\n|-supereffective|p1b: Glorilla|1\n|-damage|p1a: Meowstic|25/100\n|-damage|p1b: Glorilla|32/100\n|cant|p2a: Volcarona|par\n|move|p1b: Glorilla|Dragon Tail|p2a: Volcarona\n|-damage|p2a: Volcarona|84/100 par\n|drag|p2a: Drampa|Drampa, L50, M, shiny|100/100\n|-ability|p2a: Drampa|Cloud Nine\n|\n|-weather|RainDance|[upkeep]\n|upkeep\n|turn|4\n|\n|t:|1776271415\n|detailschange|p2a: Drampa|Drampa-Mega, L50, M, shiny\n|-mega|p2a: Drampa|Drampa|Drampanite\n|move|p1a: Meowstic|Fake Tears|p1b: Glorilla\n|-boost|p1b: Glorilla|spd|2\n|move|p2b: Oranguru|Instruct||[still]\n|-fail|p2b: Oranguru\n|move|p2a: Drampa|Hyper Voice|p1b: Glorilla|[spread] p1a,p1b\n|-damage|p1a: Meowstic|0 fnt\n|-damage|p1b: Glorilla|21/100\n|faint|p1a: Meowstic\n|move|p1b: Glorilla|Glare|p2a: Drampa\n|-status|p2a: Drampa|par\n|\n|-weather|RainDance|[upkeep]\n|upkeep\n|\n|t:|1776271431\n|switch|p1a: Basculegion|Basculegion, L50, M, shiny|100/100\n|turn|5\n|\n|t:|1776271444\n|move|p1a: Basculegion|Protect|p1a: Basculegion\n|-singleturn|p1a: Basculegion|Protect\n|move|p2a: Drampa|Draco Meteor|p1a: Basculegion\n|-activate|p1a: Basculegion|move: Protect\n|cant|p2b: Oranguru|par\n|move|p1b: Glorilla|Dragon Tail|p2a: Drampa\n|-supereffective|p2a: Drampa|1\n|-damage|p2a: Drampa|80/100 par\n|drag|p2a: Volcarona|Volcarona, L50, F, shiny|84/100 par\n|\n|-weather|RainDance|[upkeep]\n|-fieldend|move: Trick Room\n|upkeep\n|turn|6\n|inactive|Tabula Rasa (TB) has 30 seconds left.\n|\n|t:|1776271474\n|move|p1a: Basculegion|Wave Crash|p2a: Volcarona\n|-supereffective|p2a: Volcarona|1\n|-damage|p2a: Volcarona|0 fnt\n|faint|p2a: Volcarona\n|-damage|p1a: Basculegion|78/100|[from] Recoil\n|move|p2b: Oranguru|Encore|p1a: Basculegion\n|-start|p1a: Basculegion|Encore\n|move|p1b: Glorilla|Dragon Tail|p2b: Oranguru\n|-damage|p2b: Oranguru|89/100 par\n|drag|p2b: Sylveon|Sylveon, L50, F, shiny|100/100\n|\n|-weather|RainDance|[upkeep]\n|upkeep\n|-message|Seaking Destroy forfeited.\n|\n|win|Tabula Rasa (TB)\n|raw|Tabula Rasa (TB)'s rating: 1273 &rarr; <strong>1297</strong><br />(+24 for winning)\n|raw|Seaking Destroy's rating: 1258 &rarr; <strong>1234</strong><br />(-24 for losing)\n|l|\u2606Seaking Destroy\n|player|p2|\n",
  "uploadtime": 1776271489,
  "views": 47,
  "formatid": "gen9championsvgc2026regma",
  "rating": 1234,
  "private": 0,
  "password": null
}