{
  "id": "gen9championsvgc2026regma-2581211060",
  "format": "[Gen 9 Champions] VGC 2026 Reg M-A",
  "players": [
    "p3rdicion",
    "ZeederVGC"
  ],
  "log": "|j|\u2606p3rdicion\n|j|\u2606ZeederVGC\n|t:|1775971273\n|gametype|doubles\n|player|p1|p3rdicion|harlequin|1054\n|player|p2|ZeederVGC|169|1000\n|gen|9\n|tier|[Gen 9 Champions] VGC 2026 Reg M-A\n|rated|\n|rule|Species Clause: Limit one of each Pok\u00e9mon\n|rule|Item Clause: Limit 1 of each item\n|clearpoke\n|poke|p1|Tyranitar, L50, F|\n|poke|p1|Excadrill, L50, F|\n|poke|p1|Incineroar, L50, F|\n|poke|p1|Sinistcha, L50|\n|poke|p1|Corviknight, L50, F|\n|poke|p1|Sneasler, L50, F|\n|poke|p2|Floette-Eternal, L50, F|\n|poke|p2|Garchomp, L50, M|\n|poke|p2|Talonflame, L50, F|\n|poke|p2|Aegislash, L50, M|\n|poke|p2|Maushold, L50|\n|poke|p2|Rotom-Wash, L50|\n|teampreview|4\np3rdicion has agreed to open team sheets.\n|\n|t:|1775971315\n|teamsize|p1|4\n|teamsize|p2|4\n|start\n|switch|p1a: Sneasler|Sneasler, L50, F, shiny|100/100\n|switch|p1b: Sinistcha|Sinistcha, L50|100/100\n|switch|p2a: Rotom|Rotom-Wash, L50|100/100\n|switch|p2b: Talonflame|Talonflame, L50, F|100/100\n|turn|1\n|\n|t:|1775971352\n|move|p1a: Sneasler|Fake Out|p2b: Talonflame\n|-damage|p2b: Talonflame|78/100\n|cant|p2b: Talonflame|flinch\n|move|p2a: Rotom|Thunderbolt|p1a: Sneasler\n|-damage|p1a: Sneasler|51/100\n|move|p1b: Sinistcha|Matcha Gotcha|p2a: Rotom|[spread] p2a,p2b\n|-supereffective|p2a: Rotom|1\n|-resisted|p2b: Talonflame|2\n|-damage|p2a: Rotom|57/100\n|-damage|p2b: Talonflame|68/100\n|\n|upkeep\n|turn|2\n|\n|t:|1775971382\n|switch|p1a: Tyranitar|Tyranitar, L50, F|100/100\n|-weather|Sandstorm|[from] ability: Sand Stream|[of] p1a: Tyranitar\n|move|p2b: Talonflame|Tailwind|p2b: Talonflame\n|-sidestart|p2: ZeederVGC|move: Tailwind\n|move|p2a: Rotom|Volt Switch|p1a: Tyranitar\n|-damage|p1a: Tyranitar|83/100\n|\n|t:|1775971404\n|switch|p2a: Aegislash|Aegislash, L50, M|100/100|[from] Volt Switch\n|move|p1b: Sinistcha|Trick Room|p1b: Sinistcha\n|-fieldstart|move: Trick Room|[of] p1b: Sinistcha\n|\n|-weather|Sandstorm|[upkeep]\n|-damage|p1b: Sinistcha|94/100|[from] Sandstorm\n|-damage|p2b: Talonflame|63/100|[from] Sandstorm\n|upkeep\n|turn|3\n|\n|t:|1775971428\n|switch|p1b: Excadrill|Excadrill, L50, F|100/100\n|move|p2b: Talonflame|Protect|p2b: Talonflame\n|-singleturn|p2b: Talonflame|Protect\n|move|p1a: Tyranitar|Dragon Dance|p1a: Tyranitar\n|-boost|p1a: Tyranitar|atk|1\n|-boost|p1a: Tyranitar|spe|1\n|-formechange|p2a: Aegislash|Aegislash-Blade|\n|move|p2a: Aegislash|Iron Head|p1a: Tyranitar\n|-supereffective|p1a: Tyranitar|1\n|-damage|p1a: Tyranitar|18/100\n|\n|-weather|Sandstorm|[upkeep]\n|-damage|p2b: Talonflame|57/100|[from] Sandstorm\n|upkeep\n|turn|4\n|\n|t:|1775971454\n|switch|p2b: Rotom|Rotom-Wash, L50|57/100\n|move|p1a: Tyranitar|Protect|p1a: Tyranitar\n|-singleturn|p1a: Tyranitar|Protect\n|-formechange|p2a: Aegislash|Aegislash|\n|move|p2a: Aegislash|King's Shield|p2a: Aegislash\n|-singleturn|p2a: Aegislash|Protect\n|move|p1b: Excadrill|Earthquake|p2b: Rotom|[spread] \n|-activate|p1a: Tyranitar|move: Protect\n|-activate|p2a: Aegislash|move: Protect\n|-immune|p2b: Rotom|[from] ability: Levitate\n|\n|-weather|Sandstorm|[upkeep]\n|-damage|p2b: Rotom|51/100|[from] Sandstorm\n|upkeep\n|turn|5\n|\n|t:|1775971482\n|switch|p1b: Sinistcha|Sinistcha, L50|94/100\n|-heal|p1a: Tyranitar|43/100|[from] ability: Hospitality|[of] p1b: Sinistcha\n|move|p1a: Tyranitar|Knock Off|p2a: Aegislash\n|-supereffective|p2a: Aegislash|1\n|-damage|p2a: Aegislash|0 fnt\n|-enditem|p2a: Aegislash|Spell Tag|[from] move: Knock Off|[of] p1a: Tyranitar\n|faint|p2a: Aegislash\n|move|p2b: Rotom|Volt Switch|p1a: Tyranitar\n|-crit|p1a: Tyranitar\n|-damage|p1a: Tyranitar|15/100\n|\n|t:|1775971492\n|switch|p2b: Floette|Floette-Eternal, L50, F|100/100|[from] Volt Switch\n|\n|-weather|Sandstorm|[upkeep]\n|-damage|p1b: Sinistcha|88/100|[from] Sandstorm\n|-damage|p2b: Floette|95/100|[from] Sandstorm\n|-sideend|p2: ZeederVGC|move: Tailwind\n|upkeep\n|\n|t:|1775971505\n|switch|p2a: Talonflame|Talonflame, L50, F|57/100\n|turn|6\n|\n|t:|1775971529\n|detailschange|p2b: Floette|Floette-Mega, L50, F\n|-mega|p2b: Floette|Floette|Floettite\n|-ability|p2b: Floette|Fairy Aura\n|move|p2b: Floette|Protect|p2b: Floette\n|-singleturn|p2b: Floette|Protect\n|move|p2a: Talonflame|Protect|p2a: Talonflame\n|-singleturn|p2a: Talonflame|Protect\n|move|p1b: Sinistcha|Rage Powder|p1b: Sinistcha\n|-singleturn|p1b: Sinistcha|move: Rage Powder\n|move|p1a: Tyranitar|Rock Slide|p2b: Floette|[spread] \n|-activate|p2a: Talonflame|move: Protect\n|-activate|p2b: Floette|move: Protect\n|\n|-weather|none\n|-fieldend|move: Trick Room\n|upkeep\n|turn|7\n|\n|t:|1775971553\n|detailschange|p1a: Tyranitar|Tyranitar-Mega, L50, F\n|-mega|p1a: Tyranitar|Tyranitar|Tyranitarite\n|-weather|Sandstorm|[from] ability: Sand Stream|[of] p1a: Tyranitar\n|move|p1a: Tyranitar|Protect|p1a: Tyranitar\n|-singleturn|p1a: Tyranitar|Protect\n|move|p2a: Talonflame|Flare Blitz|p1b: Sinistcha\n|-supereffective|p1b: Sinistcha|1\n|-damage|p1b: Sinistcha|7/100\n|-damage|p2a: Talonflame|25/100|[from] Recoil\n|move|p2b: Floette|Dazzling Gleam|p1a: Tyranitar|[spread] p1b\n|-activate|p1a: Tyranitar|move: Protect\n|-damage|p1b: Sinistcha|0 fnt\n|faint|p1b: Sinistcha\n|\n|-weather|Sandstorm|[upkeep]\n|-damage|p2a: Talonflame|19/100|[from] Sandstorm\n|-damage|p2b: Floette|89/100|[from] Sandstorm\n|upkeep\n|\n|t:|1775971568\n|switch|p1b: Excadrill|Excadrill, L50, F|100/100\n|turn|8\n|\n|t:|1775971596\n|move|p2b: Floette|Protect|p2b: Floette\n|-singleturn|p2b: Floette|Protect\n|move|p1b: Excadrill|Iron Head|p2b: Floette\n|-activate|p2b: Floette|move: Protect\n|move|p2a: Talonflame|Tailwind|p2a: Talonflame\n|-sidestart|p2: ZeederVGC|move: Tailwind\n|move|p1a: Tyranitar|Rock Slide|p2b: Floette|[spread] \n|-activate|p2b: Floette|move: Protect\n|-miss|p1a: Tyranitar|p2a: Talonflame\n|\n|-weather|Sandstorm|[upkeep]\n|-damage|p2a: Talonflame|14/100|[from] Sandstorm\n|-damage|p2b: Floette|83/100|[from] Sandstorm\n|upkeep\n|turn|9\n|\n|t:|1775971618\n|move|p2a: Talonflame|Flare Blitz|p1b: Excadrill\n|-supereffective|p1b: Excadrill|1\n|-enditem|p1b: Excadrill|Focus Sash\n|-damage|p1b: Excadrill|1/100\n|-damage|p2a: Talonflame|0 fnt|[from] Recoil\n|faint|p2a: Talonflame\n|move|p1b: Excadrill|Iron Head|p2b: Floette\n|-supereffective|p2b: Floette|1\n|-damage|p2b: Floette|0 fnt\n|faint|p2b: Floette\n|move|p1a: Tyranitar|Rock Slide|p2: Talonflame|[notarget]\n|-fail|p1a: Tyranitar\n|\n|-weather|Sandstorm|[upkeep]\n|upkeep\n|\n|t:|1775971627\n|switch|p2b: Rotom|Rotom-Wash, L50|51/100\n|turn|10\n|\n|t:|1775971636\n|move|p1a: Tyranitar|Protect|p1a: Tyranitar\n|-singleturn|p1a: Tyranitar|Protect\n|move|p1b: Excadrill|Iron Head|p2b: Rotom\n|-resisted|p2b: Rotom|2\n|-damage|p2b: Rotom|39/100\n|-enditem|p2b: Rotom|Sitrus Berry|[eat]\n|-heal|p2b: Rotom|64/100|[from] item: Sitrus Berry\n|move|p2b: Rotom|Thunderbolt|p1b: Excadrill\n|-immune|p1b: Excadrill\n|\n|-weather|Sandstorm|[upkeep]\n|-damage|p2b: Rotom|58/100|[from] Sandstorm\n|upkeep\n|turn|11\n|\n|t:|1775971663\n|switch|p1a: Sneasler|Sneasler, L50, F, shiny|51/100\n|move|p1b: Excadrill|Protect|p1b: Excadrill\n|-singleturn|p1b: Excadrill|Protect\n|move|p2b: Rotom|Hydro Pump|p1a: Sneasler\n|-damage|p1a: Sneasler|0 fnt\n|faint|p1a: Sneasler\n|\n|-weather|none\n|-sideend|p2: ZeederVGC|move: Tailwind\n|upkeep\n|\n|t:|1775971671\n|switch|p1a: Tyranitar|Tyranitar-Mega, L50, F|15/100\n|-weather|Sandstorm|[from] ability: Sand Stream|[of] p1a: Tyranitar\n|turn|12\n|\n|t:|1775971683\n|move|p1b: Excadrill|Iron Head|p2b: Rotom\n|-resisted|p2b: Rotom|2\n|-damage|p2b: Rotom|47/100\n|move|p2b: Rotom|Hydro Pump|p1b: Excadrill\n|-supereffective|p1b: Excadrill|1\n|-damage|p1b: Excadrill|0 fnt\n|faint|p1b: Excadrill\n|move|p1a: Tyranitar|Knock Off|p2b: Rotom\n|-damage|p2b: Rotom|4/100\n|\n|-weather|Sandstorm|[upkeep]\n|-damage|p2b: Rotom|0 fnt|[from] Sandstorm\n|faint|p2b: Rotom\n|\n|win|p3rdicion\n|raw|p3rdicion's rating: 1054 &rarr; <strong>1081</strong><br />(+27 for winning)\n|raw|ZeederVGC's rating: 1000 &rarr; <strong>1000</strong><br />(+0 for losing)\n|l|\u2606ZeederVGC\n|player|p2|\n",
  "uploadtime": 1775971731,
  "views": 12,
  "formatid": "gen9championsvgc2026regma",
  "rating": 1000,
  "private": 0,
  "password": null
}