{
  "id": "gen9championsvgc2026regma-2588599723",
  "format": "[Gen 9 Champions] VGC 2026 Reg M-A",
  "players": [
    "aroswing",
    "t3r3best"
  ],
  "log": "|j|\u2606aroswing\n|j|\u2606t3r3best\n|t:|1776648862\n|gametype|doubles\n|player|p1|aroswing|marnie|1152\n|player|p2|t3r3best|ghetsis-gen5bw|1079\n|gen|9\n|tier|[Gen 9 Champions] VGC 2026 Reg M-A\n|rated|\n|rule|Species Clause: Limit one of each Pok\u00e9mon\n|rule|Item Clause: Limit 1 of each item\n|clearpoke\n|poke|p1|Toxicroak, L50, M|\n|poke|p1|Pelipper, L50, M|\n|poke|p1|Blastoise, L50, M|\n|poke|p1|Sinistcha, L50|\n|poke|p1|Archaludon, L50, M|\n|poke|p1|Dragonite, L50, F|\n|poke|p2|Talonflame, L50, F|\n|poke|p2|Tyranitar, L50, F|\n|poke|p2|Excadrill, L50, M|\n|poke|p2|Milotic, L50, M|\n|poke|p2|Farigiraf, L50, M|\n|poke|p2|Meganium, L50, M|\n|teampreview|4\n|inactive|Battle timer is ON: inactive players will automatically lose when time's up. (requested by aroswing)\n|inactive|aroswing has 60 seconds left.\n|\n|t:|1776648899\n|teamsize|p1|4\n|teamsize|p2|4\n|start\n|switch|p1a: Toxicroak|Toxicroak, L50, M|100/100\n|switch|p1b: Blastoise|Blastoise, L50, M|100/100\n|switch|p2a: Talonflame|Talonflame, L50, F|100/100\n|switch|p2b: Tyranitar|Tyranitar, L50, F|100/100\n|-weather|Sandstorm|[from] ability: Sand Stream|[of] p2b: Tyranitar\n|turn|1\n|\n|t:|1776648912\n|detailschange|p1b: Blastoise|Blastoise-Mega, L50, M\n|-mega|p1b: Blastoise|Blastoise|Blastoisinite\n|move|p2b: Tyranitar|Protect|p2b: Tyranitar\n|-singleturn|p2b: Tyranitar|Protect\n|move|p1a: Toxicroak|Fake Out|p2a: Talonflame\n|-damage|p2a: Talonflame|82/100\n|cant|p2a: Talonflame|flinch\n|move|p1b: Blastoise|Water Spout|p2a: Talonflame|[spread] p2a\n|-activate|p2b: Tyranitar|move: Protect\n|-supereffective|p2a: Talonflame|1\n|-damage|p2a: Talonflame|0 fnt\n|faint|p2a: Talonflame\n|\n|-weather|Sandstorm|[upkeep]\n|-damage|p1b: Blastoise|95/100|[from] Sandstorm\n|-damage|p1a: Toxicroak|95/100|[from] Sandstorm\n|upkeep\n|\n|t:|1776648927\n|switch|p2a: Meganium|Meganium, L50, M|100/100\n|turn|2\n|inactive|aroswing has 30 seconds left.\n|\n|t:|1776648956\n|switch|p2a: Excadrill|Excadrill, L50, M|100/100\n|move|p2b: Tyranitar|Dragon Dance|p2b: Tyranitar\n|-boost|p2b: Tyranitar|atk|1\n|-boost|p2b: Tyranitar|spe|1\n|move|p1b: Blastoise|Aura Sphere|p2b: Tyranitar\n|-supereffective|p2b: Tyranitar|2\n|-damage|p2b: Tyranitar|0 fnt\n|faint|p2b: Tyranitar\n|move|p1a: Toxicroak|Close Combat|p2a: Excadrill\n|-supereffective|p2a: Excadrill|1\n|-enditem|p2a: Excadrill|Focus Sash\n|-damage|p2a: Excadrill|1/100\n|-unboost|p1a: Toxicroak|def|1\n|-unboost|p1a: Toxicroak|spd|1\n|-enditem|p1a: Toxicroak|White Herb\n|-clearnegativeboost|p1a: Toxicroak|[silent]\n|\n|-weather|Sandstorm|[upkeep]\n|-damage|p1b: Blastoise|89/100|[from] Sandstorm\n|-damage|p1a: Toxicroak|89/100|[from] Sandstorm\n|upkeep\n|inactive|t3r3best has 30 seconds left.\n|inactive|t3r3best has 20 seconds left.\n|inactive|t3r3best has 15 seconds left.\n|inactive|t3r3best has 10 seconds left.\n|inactive|t3r3best has 5 seconds left.\n|\n|t:|1776649011\n|switch|p2b: Meganium|Meganium, L50, M|100/100\n|turn|3\n|inactive|t3r3best has 30 seconds left.\n|inactive|t3r3best has 20 seconds left.\n|inactive|t3r3best has 15 seconds left.\n|inactive|t3r3best has 10 seconds left.\n|inactive|t3r3best has 5 seconds left.\n|\n|t:|1776649066\n|move|p1b: Blastoise|Protect|p1b: Blastoise\n|-singleturn|p1b: Blastoise|Protect\n|move|p2a: Excadrill|Rock Slide|p1b: Blastoise|[spread] p1a\n|-activate|p1b: Blastoise|move: Protect\n|-resisted|p1a: Toxicroak|1\n|-damage|p1a: Toxicroak|77/100\n|cant|p1a: Toxicroak|flinch\n|move|p2b: Meganium|Weather Ball|p1b: Blastoise\n|-activate|p1b: Blastoise|move: Protect\n|\n|-weather|Sandstorm|[upkeep]\n|-damage|p1b: Blastoise|83/100|[from] Sandstorm\n|-damage|p1a: Toxicroak|72/100|[from] Sandstorm\n|-damage|p2b: Meganium|95/100|[from] Sandstorm\n|upkeep\n|turn|4\n|inactive|t3r3best has 30 seconds left.\n|inactive|t3r3best has 20 seconds left.\n|inactive|t3r3best has 15 seconds left.\n|inactive|aroswing has 30 seconds left.\n|inactive|t3r3best has 10 seconds left.\n|inactive|t3r3best has 5 seconds left.\n|\n|t:|1776649121\n|switch|p1b: Sinistcha|Sinistcha, L50|100/100\n|-heal|p1a: Toxicroak|96/100|[from] ability: Hospitality|[of] p1b: Sinistcha\n|move|p2a: Excadrill|Rock Slide|p1b: Sinistcha|[spread] p1a,p1b\n|-resisted|p1a: Toxicroak|1\n|-damage|p1a: Toxicroak|85/100\n|-damage|p1b: Sinistcha|80/100\n|move|p1a: Toxicroak|Cross Poison|p2b: Meganium\n|-supereffective|p2b: Meganium|1\n|-damage|p2b: Meganium|37/100\n|-status|p2b: Meganium|psn\n|move|p2b: Meganium|Weather Ball|p1b: Sinistcha\n|-damage|p1b: Sinistcha|42/100\n|\n|-weather|Sandstorm|[upkeep]\n|-damage|p1a: Toxicroak|79/100|[from] Sandstorm\n|-damage|p2b: Meganium|31/100 psn|[from] Sandstorm\n|-damage|p1b: Sinistcha|36/100|[from] Sandstorm\n|-heal|p1b: Sinistcha|42/100|[from] item: Leftovers\n|-damage|p2b: Meganium|19/100 psn|[from] psn\n|upkeep\n|turn|5\n|inactive|t3r3best has 30 seconds left.\n|inactive|t3r3best has 20 seconds left.\n|inactive|t3r3best has 15 seconds left.\n|inactive|t3r3best has 10 seconds left.\n|inactive|t3r3best has 5 seconds left.\n|\n|t:|1776649176\n|move|p1b: Sinistcha|Rage Powder|p1b: Sinistcha\n|-singleturn|p1b: Sinistcha|move: Rage Powder\n|move|p2a: Excadrill|Rock Slide|p1a: Toxicroak|[spread] p1a,p1b\n|-resisted|p1a: Toxicroak|1\n|-damage|p1a: Toxicroak|66/100\n|-damage|p1b: Sinistcha|20/100\n|move|p1a: Toxicroak|Cross Poison|p2b: Meganium\n|-supereffective|p2b: Meganium|1\n|-damage|p2b: Meganium|0 fnt\n|faint|p2b: Meganium\n|\n|-weather|none\n|-heal|p1b: Sinistcha|26/100|[from] item: Leftovers\n|upkeep\n|turn|6\n|inactive|t3r3best has 30 seconds left.\n|inactive|t3r3best has 20 seconds left.\n|inactive|t3r3best has 15 seconds left.\n|inactive|t3r3best has 10 seconds left.\n|inactive|t3r3best has 5 seconds left.\n|\n|t:|1776649231\n|move|p1b: Sinistcha|Rage Powder|p1b: Sinistcha\n|-singleturn|p1b: Sinistcha|move: Rage Powder\n|move|p2a: Excadrill|Rock Slide|p1b: Sinistcha|[spread] p1a,p1b\n|-resisted|p1a: Toxicroak|1\n|-damage|p1a: Toxicroak|54/100\n|-damage|p1b: Sinistcha|3/100\n|move|p1a: Toxicroak|Close Combat|p2a: Excadrill\n|-supereffective|p2a: Excadrill|1\n|-damage|p2a: Excadrill|0 fnt\n|-unboost|p1a: Toxicroak|def|1\n|-unboost|p1a: Toxicroak|spd|1\n|faint|p2a: Excadrill\n|\n|win|aroswing\n|raw|aroswing's rating: 1152 &rarr; <strong>1170</strong><br />(+18 for winning)\n|raw|t3r3best's rating: 1057 &rarr; <strong>1043</strong><br />(-14 for losing)\n",
  "uploadtime": 1776649238,
  "views": 5,
  "formatid": "gen9championsvgc2026regma",
  "rating": 1043,
  "private": 0,
  "password": null
}