{
  "id": "gen9championsvgc2026regma-2587664763",
  "format": "[Gen 9 Champions] VGC 2026 Reg M-A",
  "players": [
    "Shayminstriker",
    "Prohxy"
  ],
  "log": "|j|\u2606Shayminstriker\n|j|\u2606Prohxy\n|t:|1776551746\n|gametype|doubles\n|player|p1|Shayminstriker|acetrainer-gen4|1100\n|player|p2|Prohxy|swimmerf|1053\n|gen|9\n|tier|[Gen 9 Champions] VGC 2026 Reg M-A\n|rated|\n|rule|Species Clause: Limit one of each Pok\u00e9mon\n|rule|Item Clause: Limit 1 of each item\n|clearpoke\n|poke|p1|Oranguru, L50, M|\n|poke|p1|Garganacl, L50, F|\n|poke|p1|Farigiraf, L50, M|\n|poke|p1|Camerupt, L50, M|\n|poke|p1|Golurk, L50|\n|poke|p1|Kingambit, L50, F|\n|poke|p2|Sinistcha-Masterpiece, L50|\n|poke|p2|Palafin, L50, M, shiny|\n|poke|p2|Altaria, L50, M|\n|poke|p2|Talonflame, L50, M, shiny|\n|poke|p2|Tsareena, L50, F, shiny|\n|poke|p2|Ninetales-Alola, L50, F, shiny|\n|teampreview|4\n|inactive|Battle timer is ON: inactive players will automatically lose when time's up. (requested by Prohxy)\n|inactive|Shayminstriker also wants the timer to be on.\nProhxy rejected open team sheets.\n|inactive|Shayminstriker has 60 seconds left.\n|inactive|Prohxy has 60 seconds left.\n|\n|t:|1776551785\n|teamsize|p1|4\n|teamsize|p2|4\n|start\n|switch|p1a: Farigiraf|Farigiraf, L50, M|100/100\n|switch|p1b: Camerupt|Camerupt, L50, M|100/100\n|switch|p2a: Palafin|Palafin, L50, M, shiny|100/100\n|switch|p2b: Tsareena|Tsareena, L50, F, shiny|100/100\n|turn|1\n|\n|t:|1776551797\n|detailschange|p1b: Camerupt|Camerupt-Mega, L50, M\n|-mega|p1b: Camerupt|Camerupt|Cameruptite\n|move|p1b: Camerupt|Protect|p1b: Camerupt\n|-singleturn|p1b: Camerupt|Protect\n|move|p2a: Palafin|Flip Turn|p1a: Farigiraf\n|-damage|p1a: Farigiraf|80/100\n|\n|t:|1776551804\n|detailschange|p2a: Palafin|Palafin-Hero, L50, M, shiny\n|switch|p2a: Altaria|Altaria, L50, M|100/100|[from] Flip Turn\n|move|p2b: Tsareena|U-turn|p1a: Farigiraf\n|-supereffective|p1a: Farigiraf|1\n|-damage|p1a: Farigiraf|32/100\n|-enditem|p1a: Farigiraf|Sitrus Berry|[eat]\n|-heal|p1a: Farigiraf|57/100|[from] item: Sitrus Berry\n|\n|t:|1776551813\n|switch|p2b: Talonflame|Talonflame, L50, M, shiny|100/100|[from] U-turn\n|move|p1a: Farigiraf|Trick Room|p1a: Farigiraf\n|-fieldstart|move: Trick Room|[of] p1a: Farigiraf\n|\n|upkeep\n|turn|2\n|inactive|Prohxy has 30 seconds left.\n|\n|t:|1776551847\n|switch|p1b: Garganacl|Garganacl, L50, F|100/100\n|move|p1a: Farigiraf|Psychic Noise|p2b: Talonflame\n|-crit|p2b: Talonflame\n|-damage|p2b: Talonflame|26/100\n|-start|p2b: Talonflame|move: Heal Block\n|move|p2a: Altaria|Ice Beam|p1b: Garganacl\n|-damage|p1b: Garganacl|82/100\n|move|p2b: Talonflame|U-turn|p1a: Farigiraf\n|-supereffective|p1a: Farigiraf|1\n|-damage|p1a: Farigiraf|21/100\n|\n|t:|1776551864\n|switch|p2b: Tsareena|Tsareena, L50, F, shiny|100/100|[from] U-turn\n|\n|-heal|p1b: Garganacl|88/100|[from] item: Leftovers\n|upkeep\n|turn|3\n|\n|t:|1776551886\n|move|p1b: Garganacl|Salt Cure|p2a: Altaria\n|-supereffective|p2a: Altaria|1\n|-damage|p2a: Altaria|67/100\n|-start|p2a: Altaria|Salt Cure\n|move|p1a: Farigiraf|Foul Play|p2b: Tsareena\n|-damage|p2b: Tsareena|65/100\n|move|p2b: Tsareena|Trop Kick|p1b: Garganacl\n|-supereffective|p1b: Garganacl|1\n|-damage|p1b: Garganacl|28/100\n|-unboost|p1b: Garganacl|atk|1\n|move|p2a: Altaria|Ice Beam|p1a: Farigiraf\n|-damage|p1a: Farigiraf|2/100\n|\n|-heal|p1b: Garganacl|34/100|[from] item: Leftovers\n|-damage|p2a: Altaria|61/100|[from] Salt Cure\n|upkeep\n|turn|4\n|inactive|Shayminstriker has 30 seconds left.\n|inactive|Prohxy has 30 seconds left.\n|\n|t:|1776551916\n|detailschange|p2a: Altaria|Altaria-Mega, L50, M\n|-mega|p2a: Altaria|Altaria|Altarianite\n|move|p1b: Garganacl|Recover|p1b: Garganacl\n|-heal|p1b: Garganacl|84/100\n|move|p1a: Farigiraf|Foul Play|p2b: Tsareena\n|-damage|p2b: Tsareena|31/100\n|move|p2b: Tsareena|U-turn|p1a: Farigiraf\n|-supereffective|p1a: Farigiraf|1\n|-damage|p1a: Farigiraf|0 fnt\n|faint|p1a: Farigiraf\n|\n|t:|1776551928\n|switch|p2b: Palafin|Palafin-Hero, L50, M, shiny|100/100|[from] U-turn\n|-activate|p2b: Palafin|ability: Zero to Hero\n|move|p2a: Altaria|Hyper Voice|p1b: Garganacl\n|-damage|p1b: Garganacl|45/100\n|\n|-heal|p1b: Garganacl|51/100|[from] item: Leftovers\n|-damage|p2a: Altaria|55/100|[from] Salt Cure\n|upkeep\n|\n|t:|1776551932\n|switch|p1a: Kingambit|Kingambit, L50, F|100/100\n|turn|5\n|\n|t:|1776551952\n|switch|p2a: Talonflame|Talonflame, L50, M, shiny|26/100\n|move|p1b: Garganacl|Salt Cure|p2b: Palafin\n|-crit|p2b: Palafin\n|-damage|p2b: Palafin|81/100\n|-start|p2b: Palafin|Salt Cure\n|move|p1a: Kingambit|Iron Head|p2a: Talonflame\n|-resisted|p2a: Talonflame|1\n|-damage|p2a: Talonflame|0 fnt\n|faint|p2a: Talonflame\n|move|p2b: Palafin|Flip Turn|p1b: Garganacl\n|-supereffective|p1b: Garganacl|1\n|-damage|p1b: Garganacl|3/100\n|\n|t:|1776551965\n|switch|p2b: Tsareena|Tsareena, L50, F, shiny|31/100|[from] Flip Turn\n|\n|-heal|p1b: Garganacl|9/100|[from] item: Leftovers\n|-fieldend|move: Trick Room\n|upkeep\n|\n|t:|1776551974\n|switch|p2a: Altaria|Altaria-Mega, L50, M|55/100\n|turn|6\n|\n|t:|1776551994\n|move|p1b: Garganacl|Protect|p1b: Garganacl\n|-singleturn|p1b: Garganacl|Protect\n|move|p2a: Altaria|Flamethrower|p1a: Kingambit\n|-supereffective|p1a: Kingambit|1\n|-damage|p1a: Kingambit|39/100\n|move|p2b: Tsareena|Trop Kick|p1b: Garganacl\n|-activate|p1b: Garganacl|move: Protect\n|move|p1a: Kingambit|Iron Head|p2b: Tsareena\n|-damage|p2b: Tsareena|0 fnt\n|faint|p2b: Tsareena\n|\n|-heal|p1b: Garganacl|15/100|[from] item: Leftovers\n|upkeep\n|\n|t:|1776552007\n|switch|p2b: Palafin|Palafin-Hero, L50, M, shiny|81/100\n|turn|7\n|\n|t:|1776552021\n|move|p1a: Kingambit|Sucker Punch|p2b: Palafin\n|-damage|p2b: Palafin|32/100\n|move|p2b: Palafin|Drain Punch|p1a: Kingambit\n|-supereffective|p1a: Kingambit|2\n|-damage|p1a: Kingambit|0 fnt\n|-heal|p2b: Palafin|55/100|[from] drain|[of] p1a: Kingambit\n|faint|p1a: Kingambit\n|move|p2a: Altaria|Hyper Voice|p1b: Garganacl\n|-damage|p1b: Garganacl|0 fnt\n|faint|p1b: Garganacl\n|\n|upkeep\n|-message|Shayminstriker forfeited.\n|\n|win|Prohxy\n|raw|Shayminstriker's rating: 1100 &rarr; <strong>1072</strong><br />(-28 for losing)\n|raw|Prohxy's rating: 1053 &rarr; <strong>1089</strong><br />(+36 for winning)\n|l|\u2606Shayminstriker\n|player|p1|\n",
  "uploadtime": 1776552033,
  "views": 16,
  "formatid": "gen9championsvgc2026regma",
  "rating": 1072,
  "private": 0,
  "password": null
}