{
  "id": "gen9championsvgc2026regma-2588229560",
  "format": "[Gen 9 Champions] VGC 2026 Reg M-A",
  "players": [
    "Eternal prisoner",
    "futuring"
  ],
  "log": "|j|\u2606Eternal prisoner\n|j|\u2606futuring\n|t:|1776616327\n|gametype|doubles\n|player|p1|Eternal prisoner|az|1075\n|player|p2|futuring|102|1064\n|gen|9\n|tier|[Gen 9 Champions] VGC 2026 Reg M-A\n|rated|\n|rule|Species Clause: Limit one of each Pok\u00e9mon\n|rule|Item Clause: Limit 1 of each item\n|clearpoke\n|poke|p1|Delphox, L50, F|\n|poke|p1|Sneasler, L50, M|\n|poke|p1|Palafin, L50, M|\n|poke|p1|Kingambit, L50, M|\n|poke|p1|Sinistcha, L50|\n|poke|p1|Ninetales-Alola, L50, F|\n|poke|p2|Excadrill, L50, M|\n|poke|p2|Incineroar, L50, F|\n|poke|p2|Tyrantrum, L50, M|\n|poke|p2|Starmie, L50|\n|poke|p2|Lucario, L50, M|\n|poke|p2|Ninetales-Alola, L50, M|\n|teampreview|4\n|\n|t:|1776616376\n|teamsize|p1|4\n|teamsize|p2|4\n|start\n|switch|p1a: Sneasler|Sneasler, L50, M|100/100\n|switch|p1b: Palafin|Palafin, L50, M|100/100\n|switch|p2a: Lucario|Lucario, L50, M|100/100\n|switch|p2b: Ninetales|Ninetales-Alola, L50, M|100/100\n|-weather|Snowscape|[from] ability: Snow Warning|[of] p2b: Ninetales\n|turn|1\n|inactive|Battle timer is ON: inactive players will automatically lose when time's up. (requested by futuring)\n|\n|t:|1776616429\n|detailschange|p1b: Palafin|Palafin-Hero, L50, M\n|switch|p1b: Ceroba|Delphox, L50, F|100/100\n|move|p1a: Sneasler|Fake Out|p2b: Ninetales\n|-damage|p2b: Ninetales|84/100\n|move|p2a: Lucario|Upper Hand||[still]\n|-fail|p2a: Lucario\n|cant|p2b: Ninetales|flinch\n|\n|-weather|Snowscape|[upkeep]\n|upkeep\n|turn|2\n|inactive|Eternal prisoner has 30 seconds left.\n|inactive|futuring has 30 seconds left.\n|\n|t:|1776616458\n|switch|p2b: Tyrantrum|Tyrantrum, L50, M|100/100\n|switch|p1a: Palafin|Palafin-Hero, L50, M|100/100\n|-activate|p1a: Palafin|ability: Zero to Hero\n|detailschange|p1b: Ceroba|Delphox-Mega, L50, F\n|-mega|p1b: Ceroba|Delphox|Delphoxite\n|move|p1b: Ceroba|Heat Wave|p2b: Tyrantrum|[spread] p2a,p2b\n|-supereffective|p2a: Lucario|1\n|-resisted|p2b: Tyrantrum|2\n|-damage|p2a: Lucario|0 fnt\n|-damage|p2b: Tyrantrum|83/100\n|faint|p2a: Lucario\n|\n|-weather|Snowscape|[upkeep]\n|upkeep\n|\n|t:|1776616469\n|switch|p2a: Incineroar|Incineroar, L50, F|100/100\n|-ability|p2a: Incineroar|Intimidate|boost\n|-unboost|p1a: Palafin|atk|1\n|-unboost|p1b: Ceroba|atk|1\n|turn|3\n|\n|t:|1776616480\n|switch|p1a: Sneasler|Sneasler, L50, M|100/100\n|move|p1b: Ceroba|Protect|p1b: Ceroba\n|-singleturn|p1b: Ceroba|Protect\n|move|p2a: Incineroar|Fake Out|p1b: Ceroba\n|-activate|p1b: Ceroba|move: Protect\n|move|p2b: Tyrantrum|Head Smash|p1b: Ceroba\n|-activate|p1b: Ceroba|move: Protect\n|\n|-weather|Snowscape|[upkeep]\n|upkeep\n|turn|4\n|inactive|Eternal prisoner has 30 seconds left.\n|inactive|Eternal prisoner has 20 seconds left.\n|\n|t:|1776616518\n|switch|p1b: Kingambit|Kingambit, L50, M|100/100\n|move|p2b: Tyrantrum|Protect|p2b: Tyrantrum\n|-singleturn|p2b: Tyrantrum|Protect\n|move|p2a: Incineroar|Protect|p2a: Incineroar\n|-singleturn|p2a: Incineroar|Protect\n|move|p1a: Sneasler|Close Combat|p2a: Incineroar\n|-activate|p2a: Incineroar|move: Protect\n|\n|-weather|Snowscape|[upkeep]\n|upkeep\n|turn|5\n|inactive|futuring has 30 seconds left.\n|inactive|futuring has 20 seconds left.\n|\n|t:|1776616556\n|move|p1a: Sneasler|Close Combat|p2a: Incineroar\n|-supereffective|p2a: Incineroar|1\n|-damage|p2a: Incineroar|0 fnt\n|-unboost|p1a: Sneasler|def|1\n|-unboost|p1a: Sneasler|spd|1\n|faint|p2a: Incineroar\n|-enditem|p1a: Sneasler|White Herb\n|-clearnegativeboost|p1a: Sneasler|[silent]\n|move|p2b: Tyrantrum|Dragon Claw|p1a: Sneasler\n|-damage|p1a: Sneasler|20/100\n|move|p1b: Kingambit|Swords Dance|p1b: Kingambit\n|-boost|p1b: Kingambit|atk|2\n|\n|-weather|none\n|upkeep\n|\n|t:|1776616566\n|switch|p2a: Ninetales|Ninetales-Alola, L50, M|84/100\n|-weather|Snowscape|[from] ability: Snow Warning|[of] p2a: Ninetales\n|turn|6\n|inactive|Eternal prisoner has 30 seconds left.\n|\n|t:|1776616592\n|move|p1a: Sneasler|Dire Claw|p2a: Ninetales\n|-supereffective|p2a: Ninetales|1\n|-damage|p2a: Ninetales|0 fnt\n|faint|p2a: Ninetales\n|move|p2b: Tyrantrum|Dragon Claw|p1a: Sneasler\n|-crit|p1a: Sneasler\n|-damage|p1a: Sneasler|0 fnt\n|faint|p1a: Sneasler\n|move|p1b: Kingambit|Kowtow Cleave|p2b: Tyrantrum\n|-damage|p2b: Tyrantrum|0 fnt\n|faint|p2b: Tyrantrum\n|\n|win|Eternal prisoner\n",
  "uploadtime": 1776616331,
  "views": 6,
  "formatid": "gen9championsvgc2026regma",
  "rating": null,
  "private": 0,
  "password": null
}