{
  "id": "gen9championsvgc2026regma-2583591789",
  "format": "[Gen 9 Champions] VGC 2026 Reg M-A",
  "players": [
    "camilo contreras",
    "fdrgsfafawdawd"
  ],
  "log": "|j|\u2606camilo contreras\n|j|\u2606fdrgsfafawdawd\n|t:|1776185270\n|gametype|doubles\n|player|p1|camilo contreras|266|1100\n|player|p2|fdrgsfafawdawd|palmer|1000\n|gen|9\n|tier|[Gen 9 Champions] VGC 2026 Reg M-A\n|rated|\n|rule|Species Clause: Limit one of each Pok\u00e9mon\n|rule|Item Clause: Limit 1 of each item\n|clearpoke\n|poke|p1|Floette-Eternal, L50, F|\n|poke|p1|Emboar, L50, M|\n|poke|p1|Garchomp, L50, F|\n|poke|p1|Corviknight, L50, M|\n|poke|p1|Rotom-Wash, L50|\n|poke|p1|Raichu, L50, M|\n|poke|p2|Dragonite, L50, M|\n|poke|p2|Milotic, L50, M|\n|poke|p2|Venusaur, L50, F|\n|poke|p2|Gardevoir, L50, M|\n|poke|p2|Charizard, L50, F|\n|poke|p2|Typhlosion-Hisui, L50, M|\n|teampreview|4\n|inactive|Battle timer is ON: inactive players will automatically lose when time's up. (requested by camilo contreras)\n|inactive|camilo contreras has 60 seconds left.\n|inactive|fdrgsfafawdawd has 60 seconds left.\nfdrgsfafawdawd rejected open team sheets.\n|\n|t:|1776185313\n|teamsize|p1|4\n|teamsize|p2|4\n|start\n|switch|p1a: Emboar|Emboar, L50, M, shiny|100/100\n|switch|p1b: Raichu|Raichu, L50, M|100/100\n|switch|p2a: Venusaur|Venusaur, L50, F|100/100\n|switch|p2b: Charizard|Charizard, L50, F, shiny|100/100\n|turn|1\n|\n|t:|1776185331\n|move|p2b: Charizard|Protect|p2b: Charizard\n|-singleturn|p2b: Charizard|Protect\n|move|p2a: Venusaur|Protect|p2a: Venusaur\n|-singleturn|p2a: Venusaur|Protect\n|move|p1b: Raichu|Fake Out|p2a: Venusaur\n|-activate|p2a: Venusaur|move: Protect\n|move|p1a: Emboar|Wild Charge|p1b: Raichu\n|-activate|p1b: Raichu|ability: Lightning Rod\n|-ability|p1b: Raichu|Lightning Rod|boost\n|-boost|p1b: Raichu|spa|1\n|\n|upkeep\n|turn|2\n|\n|t:|1776185350\n|switch|p1a: Garchomp|Garchomp, L50, F|100/100\n|detailschange|p2b: Charizard|Charizard-Mega-Y, L50, F, shiny\n|-mega|p2b: Charizard|Charizard|Charizardite Y\n|-weather|SunnyDay|[from] ability: Drought|[of] p2b: Charizard\n|move|p2a: Venusaur|Sleep Powder|p1b: Raichu\n|-status|p1b: Raichu|slp|[from] move: Sleep Powder\n|cant|p1b: Raichu|slp\n|move|p2b: Charizard|Air Slash|p1a: Garchomp\n|-damage|p1a: Garchomp|49/100\n|\n|-weather|SunnyDay|[upkeep]\n|upkeep\n|turn|3\n|inactive|fdrgsfafawdawd has 30 seconds left.\n|\n|t:|1776185375\n|move|p2a: Venusaur|Sleep Powder|p1a: Garchomp|[miss]\n|-miss|p2a: Venusaur|p1a: Garchomp\n|cant|p1b: Raichu|slp\n|move|p2b: Charizard|Heat Wave|p1b: Raichu|[spread] p1a,p1b\n|-resisted|p1a: Garchomp|1\n|-damage|p1a: Garchomp|10/100\n|-enditem|p1b: Raichu|Focus Sash\n|-damage|p1b: Raichu|1/100 slp\n|move|p1a: Garchomp|Rock Slide|p2a: Venusaur|[spread] p2a,p2b\n|-supereffective|p2b: Charizard|2\n|-damage|p2a: Venusaur|75/100\n|-damage|p2b: Charizard|0 fnt\n|faint|p2b: Charizard\n|\n|-weather|SunnyDay|[upkeep]\n|upkeep\n|\n|t:|1776185390\n|switch|p2b: Typhlosion|Typhlosion-Hisui, L50, M|100/100\n|-item|p1a: Garchomp|Roseli Berry|[from] ability: Frisk|[of] p2b: Typhlosion\n|turn|4\n|\n|t:|1776185405\n|move|p2a: Venusaur|Sleep Powder|p1a: Garchomp\n|-status|p1a: Garchomp|slp|[from] move: Sleep Powder\n|move|p2b: Typhlosion|Eruption|p1a: Garchomp|[spread] p1a,p1b\n|-resisted|p1a: Garchomp|1\n|-damage|p1a: Garchomp|0 fnt\n|-damage|p1b: Raichu|0 fnt\n|faint|p1a: Garchomp\n|faint|p1b: Raichu\n|\n|-weather|SunnyDay|[upkeep]\n|upkeep\n|\n|t:|1776185410\n|switch|p1b: Emboar|Emboar, L50, M, shiny|100/100\n|switch|p1a: Rotom|Rotom-Wash, L50|100/100\n|turn|5\n|\n|t:|1776185432\n|move|p2a: Venusaur|Sleep Powder|p1b: Emboar|[miss]\n|-miss|p2a: Venusaur|p1b: Emboar\n|move|p2b: Typhlosion|Eruption|p1a: Rotom|[spread] p1a,p1b\n|-resisted|p1a: Rotom|1\n|-resisted|p1b: Emboar|1\n|-damage|p1a: Rotom|62/100\n|-damage|p1b: Emboar|44/100\n|move|p1b: Emboar|Head Smash|p2b: Typhlosion\n|-supereffective|p2b: Typhlosion|1\n|-crit|p2b: Typhlosion\n|-damage|p2b: Typhlosion|0 fnt\n|faint|p2b: Typhlosion\n|-damage|p1b: Emboar|4/100|[from] Recoil\n|move|p1a: Rotom|Volt Switch|p2a: Venusaur\n|-resisted|p2a: Venusaur|1\n|-damage|p2a: Venusaur|60/100\n|\n|-weather|SunnyDay|[upkeep]\n|upkeep\n|\n|t:|1776185448\n|switch|p2b: Dragonite|Dragonite, L50, M, shiny|100/100\n|turn|6\n|\n|t:|1776185469\n|move|p2a: Venusaur|Sleep Powder|p1b: Emboar|[miss]\n|-miss|p2a: Venusaur|p1b: Emboar\n|move|p1b: Emboar|Head Smash|p2b: Dragonite|[miss]\n|-miss|p1b: Emboar|p2b: Dragonite\n|move|p2b: Dragonite|Tailwind|p2b: Dragonite\n|-sidestart|p2: fdrgsfafawdawd|move: Tailwind\n|move|p1a: Rotom|Volt Switch|p2a: Venusaur\n|-resisted|p2a: Venusaur|1\n|-damage|p2a: Venusaur|47/100\n|-enditem|p2a: Venusaur|Sitrus Berry|[eat]\n|-heal|p2a: Venusaur|71/100|[from] item: Sitrus Berry\n|\n|-weather|none\n|upkeep\n|turn|7\n|inactive|fdrgsfafawdawd has 30 seconds left.\n|\n|t:|1776185497\n|move|p2a: Venusaur|Knock Off|p1b: Emboar\n|-resisted|p1b: Emboar|1\n|-damage|p1b: Emboar|0 fnt\n|-enditem|p1b: Emboar|Choice Scarf|[from] move: Knock Off|[of] p2a: Venusaur\n|faint|p1b: Emboar\n|move|p2b: Dragonite|Thunder|p1a: Rotom\n|-damage|p1a: Rotom|34/100\n|-enditem|p1a: Rotom|Sitrus Berry|[eat]\n|-heal|p1a: Rotom|58/100|[from] item: Sitrus Berry\n|move|p1a: Rotom|Volt Switch|p2a: Venusaur\n|-resisted|p2a: Venusaur|1\n|-damage|p2a: Venusaur|57/100\n|\n|upkeep\n|turn|8\n|\n|t:|1776185519\n|move|p2a: Venusaur|Sleep Powder|p1a: Rotom\n|-status|p1a: Rotom|slp|[from] move: Sleep Powder\n|move|p2b: Dragonite|Hurricane|p1a: Rotom|[miss]\n|-miss|p2b: Dragonite|p1a: Rotom\n|cant|p1a: Rotom|slp\n|\n|upkeep\n|turn|9\n|\n|t:|1776185536\n|move|p2a: Venusaur|Weather Ball|p1a: Rotom\n|-damage|p1a: Rotom|48/100 slp\n|move|p2b: Dragonite|Hurricane|p1a: Rotom|[miss]\n|-miss|p2b: Dragonite|p1a: Rotom\n|-curestatus|p1a: Rotom|slp|[msg]\n|move|p1a: Rotom|Volt Switch|p2a: Venusaur\n|-resisted|p2a: Venusaur|1\n|-damage|p2a: Venusaur|41/100\n|\n|-sideend|p2: fdrgsfafawdawd|move: Tailwind\n|upkeep\n|turn|10\n|c|\u2606fdrgsfafawdawd|...\n|\n|t:|1776185552\n|move|p2a: Venusaur|Protect|p2a: Venusaur\n|-singleturn|p2a: Venusaur|Protect\n|move|p2b: Dragonite|Tailwind|p2b: Dragonite\n|-sidestart|p2: fdrgsfafawdawd|move: Tailwind\n|move|p1a: Rotom|Volt Switch|p2a: Venusaur\n|-activate|p2a: Venusaur|move: Protect\n|\n|upkeep\n|turn|11\n|\n|t:|1776185562\n|move|p2a: Venusaur|Sleep Powder|p1a: Rotom\n|-status|p1a: Rotom|slp|[from] move: Sleep Powder\n|move|p2b: Dragonite|Hurricane|p1a: Rotom\n|-resisted|p1a: Rotom|1\n|-damage|p1a: Rotom|30/100 slp\n|cant|p1a: Rotom|slp\n|\n|upkeep\n|turn|12\n|\n|t:|1776185580\n|move|p2a: Venusaur|Weather Ball|p1a: Rotom\n|-damage|p1a: Rotom|20/100 slp\n|move|p2b: Dragonite|Thunder|p1a: Rotom\n|-crit|p1a: Rotom\n|-damage|p1a: Rotom|0 fnt\n|faint|p1a: Rotom\n|\n|win|fdrgsfafawdawd\n|raw|camilo contreras's rating: 1077 &rarr; <strong>1051</strong><br />(-26 for losing)\n|raw|fdrgsfafawdawd's rating: 1000 &rarr; <strong>1049</strong><br />(+49 for winning)\n|c|\u2606fdrgsfafawdawd|HOW MUHC BULK\n|l|\u2606camilo contreras\n|player|p1|\n",
  "uploadtime": 1776185588,
  "views": 14,
  "formatid": "gen9championsvgc2026regma",
  "rating": 1049,
  "private": 0,
  "password": null
}