{
  "id": "gen9championsvgc2026regma-2586585599",
  "format": "[Gen 9 Champions] VGC 2026 Reg M-A",
  "players": [
    "mkugmrs_guest",
    "campeondelfitness"
  ],
  "log": "|j|\u2606mkugmrs_guest\n|j|\u2606campeondelfitness\n|t:|1776444935\n|gametype|doubles\n|player|p1|mkugmrs_guest|iono-masters2|1158\n|player|p2|campeondelfitness|swimmer|1212\n|gen|9\n|tier|[Gen 9 Champions] VGC 2026 Reg M-A\n|rated|\n|rule|Species Clause: Limit one of each Pok\u00e9mon\n|rule|Item Clause: Limit 1 of each item\n|clearpoke\n|poke|p1|Floette-Eternal, L50, F|\n|poke|p1|Torkoal, L50, M|\n|poke|p1|Farigiraf, L50, F|\n|poke|p1|Aerodactyl, L50, F|\n|poke|p1|Chimecho, L50, F|\n|poke|p1|Gallade, L50, M|\n|poke|p2|Tyranitar, L50, M|\n|poke|p2|Garchomp, L50, F|\n|poke|p2|Heliolisk, L50, M|\n|poke|p2|Rotom-Heat, L50|\n|poke|p2|Orthworm, L50, F|\n|poke|p2|Aerodactyl, L50, M|\n|teampreview|4\n|inactive|Battle timer is ON: inactive players will automatically lose when time's up. (requested by campeondelfitness)\nmkugmrs_guest rejected open team sheets.\n|inactive|mkugmrs_guest has 60 seconds left.\n|inactive|campeondelfitness has 60 seconds left.\n|inactive|campeondelfitness has 30 seconds left.\n|inactive|campeondelfitness has 20 seconds left.\n|inactive|campeondelfitness has 15 seconds left.\n|\n|t:|1776445014\n|teamsize|p1|4\n|teamsize|p2|4\n|start\n|switch|p1a: Gallade|Gallade, L50, M|100/100\n|switch|p1b: Aerodactyl|Aerodactyl, L50, F|100/100\n|switch|p2a: Tyranitar|Tyranitar, L50, M|100/100\n|switch|p2b: Rotom|Rotom-Heat, L50|100/100\n|-ability|p1b: Aerodactyl|Unnerve\n|-weather|Sandstorm|[from] ability: Sand Stream|[of] p2a: Tyranitar\n|turn|1\n|inactive|campeondelfitness has 30 seconds left.\n|inactive|campeondelfitness has 20 seconds left.\n|inactive|campeondelfitness has 15 seconds left.\n|\n|t:|1776445055\n|move|p1b: Aerodactyl|Tailwind|p1b: Aerodactyl\n|-sidestart|p1: mkugmrs_guest|move: Tailwind\n|move|p1a: Gallade|Sacred Sword|p2b: Rotom\n|-damage|p2b: Rotom|0 fnt\n|faint|p2b: Rotom\n|move|p2a: Tyranitar|Knock Off|p1a: Gallade\n|-crit|p1a: Gallade\n|-damage|p1a: Gallade|0 fnt\n|-enditem|p1a: Gallade|Black Belt|[from] move: Knock Off|[of] p2a: Tyranitar\n|faint|p1a: Gallade\n|\n|-weather|Sandstorm|[upkeep]\n|upkeep\n|\n|t:|1776445080\n|switch|p2b: Aerodactyl|Aerodactyl, L50, M|100/100\n|switch|p1a: Floette|Floette-Eternal, L50, F|100/100\n|-ability|p2b: Aerodactyl|Unnerve\n|turn|2\n|\n|t:|1776445095\n|switch|p1b: Torkoal|Torkoal, L50, M|100/100\n|-weather|SunnyDay|[from] ability: Drought|[of] p1b: Torkoal\n|detailschange|p1a: Floette|Floette-Mega, L50, F\n|-mega|p1a: Floette|Floette|Floettite\n|-ability|p1a: Floette|Fairy Aura\n|move|p2b: Aerodactyl|Wide Guard|p2b: Aerodactyl\n|-singleturn|p2b: Aerodactyl|Wide Guard\n|move|p1a: Floette|Dazzling Gleam|p2a: Tyranitar|[spread] \n|-activate|p2a: Tyranitar|move: Wide Guard\n|-activate|p2b: Aerodactyl|move: Wide Guard\n|move|p2a: Tyranitar|Knock Off|p1b: Torkoal\n|-damage|p1b: Torkoal|70/100\n|-enditem|p1b: Torkoal|Leftovers|[from] move: Knock Off|[of] p2a: Tyranitar\n|\n|-weather|SunnyDay|[upkeep]\n|upkeep\n|turn|3\n|\n|t:|1776445111\n|move|p2b: Aerodactyl|Wide Guard|p2b: Aerodactyl\n|-singleturn|p2b: Aerodactyl|Wide Guard\n|move|p1a: Floette|Dazzling Gleam|p2a: Tyranitar|[spread] \n|-activate|p2a: Tyranitar|move: Wide Guard\n|-activate|p2b: Aerodactyl|move: Wide Guard\n|move|p2a: Tyranitar|Icy Wind|p1a: Floette|[spread] p1a,p1b\n|-resisted|p1b: Torkoal|1\n|-damage|p1a: Floette|92/100\n|-damage|p1b: Torkoal|65/100\n|-unboost|p1a: Floette|spe|1\n|-unboost|p1b: Torkoal|spe|1\n|move|p1b: Torkoal|Solar Beam||[still]\n|-prepare|p1b: Torkoal|Solar Beam\n|-anim|p1b: Torkoal|Solar Beam|p2a: Tyranitar\n|-supereffective|p2a: Tyranitar|1\n|-damage|p2a: Tyranitar|59/100\n|\n|-weather|SunnyDay|[upkeep]\n|upkeep\n|turn|4\n|\n|t:|1776445130\n|switch|p2a: Garchomp|Garchomp, L50, F|100/100\n|move|p2b: Aerodactyl|Wide Guard|p2b: Aerodactyl\n|-singleturn|p2b: Aerodactyl|Wide Guard\n|move|p1a: Floette|Dazzling Gleam|p2a: Garchomp|[spread] \n|-activate|p2a: Garchomp|move: Wide Guard\n|-activate|p2b: Aerodactyl|move: Wide Guard\n|move|p1b: Torkoal|Solar Beam||[still]\n|-prepare|p1b: Torkoal|Solar Beam\n|-anim|p1b: Torkoal|Solar Beam|p2a: Garchomp\n|-damage|p2a: Garchomp|72/100\n|\n|-weather|SunnyDay|[upkeep]\n|-sideend|p1: mkugmrs_guest|move: Tailwind\n|upkeep\n|turn|5\n|\n|t:|1776445145\n|detailschange|p2a: Garchomp|Garchomp-Mega, L50, F\n|-mega|p2a: Garchomp|Garchomp|Garchompite\n|move|p2b: Aerodactyl|Wide Guard|p2b: Aerodactyl\n|-singleturn|p2b: Aerodactyl|Wide Guard\n|move|p2a: Garchomp|Earthquake|p1b: Torkoal|[spread] p1a,p1b\n|-activate|p2b: Aerodactyl|move: Wide Guard\n|-supereffective|p1b: Torkoal|1\n|-damage|p1a: Floette|39/100\n|-damage|p1b: Torkoal|0 fnt\n|faint|p1b: Torkoal\n|move|p1a: Floette|Solar Beam||[still]\n|-prepare|p1a: Floette|Solar Beam\n|-anim|p1a: Floette|Solar Beam|p2a: Garchomp\n|-damage|p2a: Garchomp|24/100\n|\n|-weather|SunnyDay|[upkeep]\n|upkeep\n|\n|t:|1776445154\n|switch|p1b: Aerodactyl|Aerodactyl, L50, F|100/100\n|-ability|p1b: Aerodactyl|Unnerve\n|turn|6\n|\n|t:|1776445171\n|move|p2a: Garchomp|Protect|p2a: Garchomp\n|-singleturn|p2a: Garchomp|Protect\n|move|p1a: Floette|Protect|p1a: Floette\n|-singleturn|p1a: Floette|Protect\n|move|p2b: Aerodactyl|Tailwind|p2b: Aerodactyl\n|-sidestart|p2: campeondelfitness|move: Tailwind\n|move|p1b: Aerodactyl|Dual Wingbeat|p2a: Garchomp\n|-activate|p2a: Garchomp|move: Protect\n|\n|-weather|none\n|upkeep\n|turn|7\n|\n|t:|1776445189\n|switch|p2a: Tyranitar|Tyranitar, L50, M|59/100\n|-weather|Sandstorm|[from] ability: Sand Stream|[of] p2a: Tyranitar\n|move|p2b: Aerodactyl|Dual Wingbeat|p1a: Floette\n|-damage|p1a: Floette|19/100\n|-damage|p1a: Floette|0 fnt\n|faint|p1a: Floette\n|-hitcount|p1: Floette|2\n|move|p1b: Aerodactyl|Dual Wingbeat|p2a: Tyranitar\n|-resisted|p2a: Tyranitar|1\n|-damage|p2a: Tyranitar|52/100\n|-resisted|p2a: Tyranitar|1\n|-damage|p2a: Tyranitar|45/100\n|-hitcount|p2a: Tyranitar|2\n|\n|-weather|Sandstorm|[upkeep]\n|upkeep\n|turn|8\n|-message|mkugmrs_guest forfeited.\n|\n|win|campeondelfitness\n|raw|mkugmrs_guest's rating: 1158 &rarr; <strong>1137</strong><br />(-21 for losing)\n|raw|campeondelfitness's rating: 1212 &rarr; <strong>1233</strong><br />(+21 for winning)\n|l|\u2606mkugmrs_guest\n|player|p1|\n",
  "uploadtime": 1776445207,
  "views": 44,
  "formatid": "gen9championsvgc2026regma",
  "rating": 1137,
  "private": 0,
  "password": null
}