{
  "id": "gen9championsvgc2026regma-2580826514",
  "format": "[Gen 9 Champions] VGC 2026 Reg M-A",
  "players": [
    "ferenainexi",
    "bugawup"
  ],
  "log": "|j|\u2606ferenainexi\n|j|\u2606bugawup\n|html|<table width=\"100%\"><tr><td align=\"left\">ferenainexi</td><td align=\"right\">bugawup</tr><tr><td align=\"left\"><i class=\"fa fa-circle\"></i> <i class=\"fa fa-circle-o\"></i> </td><td align=\"right\"><i class=\"fa fa-circle-o\"></i> <i class=\"fa fa-circle\"></i> </tr></table>\n|uhtml|bestof|<h2><strong>Game 3</strong> of <a href=\"/game-bestof3-gen9championsvgc2026regma-2580812593\">a best-of-3</a></h2>\n|t:|1775935642\n|gametype|doubles\n|player|p1|ferenainexi|scientistf|\n|player|p2|bugawup|101|\n|gen|9\n|tier|[Gen 9 Champions] VGC 2026 Reg M-A\n|rule|Species Clause: Limit one of each Pok\u00e9mon\n|rule|Item Clause: Limit 1 of each item\n|raw|<div class=\"infobox\"><details class=\"readmore\" open><summary><strong>1 custom rule:</strong></summary> Best of = 3</details></div>\n|clearpoke\n|poke|p1|Pinsir, L50, M|\n|poke|p1|Heracross, L50, F|\n|poke|p1|Vivillon, L50, M|\n|poke|p1|Orthworm, L50, F|\n|poke|p1|Kleavor, L50, F|\n|poke|p1|Clawitzer, L50, M|\n|poke|p2|Meowscarada, L50, F|\n|poke|p2|Mudsdale, L50, M|\n|poke|p2|Skarmory, L50, F|\n|poke|p2|Lucario, L50, M|\n|poke|p2|Whimsicott, L50, M|\n|poke|p2|Zoroark-Hisui, L50, F|\n|teampreview|4\n|\n|t:|1775935675\n|teamsize|p1|4\n|teamsize|p2|4\n|start\n|switch|p1a: Sir Pin|Pinsir, L50, M|100/100\n|switch|p1b: Vivillon|Vivillon, L50, M|100/100\n|switch|p2a: Whimsicott|Whimsicott, L50, M|100/100\n|switch|p2b: Lucario|Lucario, L50, M|100/100\n|turn|1\n|\n|t:|1775935767\n|move|p2a: Whimsicott|Switcheroo|p1b: Vivillon\n|-activate|p2a: Whimsicott|move: Trick|[of] p1b: Vivillon\n|-item|p1b: Vivillon|Choice Scarf|[from] move: Switcheroo\n|-item|p2a: Whimsicott|Focus Sash|[from] move: Switcheroo\n|move|p1b: Vivillon|Tailwind|p1b: Vivillon\n|-sidestart|p1: ferenainexi|move: Tailwind\n|move|p1a: Sir Pin|Throat Chop|p2b: Lucario\n|-supereffective|p2b: Lucario|1\n|-damage|p2b: Lucario|5/100\n|-start|p2b: Lucario|Throat Chop|[silent]\n|replace|p2b: Zoroark|Zoroark-Hisui, L50, F\n|-end|p2b: Zoroark|Illusion\n|move|p2b: Zoroark|Flamethrower|p1b: Vivillon\n|-supereffective|p1b: Vivillon|1\n|-damage|p1b: Vivillon|0 fnt\n|faint|p1b: Vivillon\n|\n|upkeep\n|\n|t:|1775935798\n|switch|p1b: Heracross|Heracross, L50, F|100/100\n|turn|2\n|\n|t:|1775935819\n|move|p1b: Heracross|Knock Off|p2b: Zoroark\n|-supereffective|p2b: Zoroark|1\n|-damage|p2b: Zoroark|0 fnt\n|-enditem|p2b: Zoroark|Bright Powder|[from] move: Knock Off|[of] p1b: Heracross\n|faint|p2b: Zoroark\n|-ability|p1b: Heracross|Moxie|boost\n|-boost|p1b: Heracross|atk|1\n|move|p1a: Sir Pin|Lunge|p2a: Whimsicott\n|-damage|p2a: Whimsicott|45/100\n|-unboost|p2a: Whimsicott|atk|1\n|move|p2a: Whimsicott|Moonblast|p1b: Heracross\n|-supereffective|p1b: Heracross|1\n|-damage|p1b: Heracross|22/100\n|\n|upkeep\n|\n|t:|1775935836\n|switch|p2b: Lucario|Lucario, L50, M|100/100\n|turn|3\n|\n|t:|1775935869\n|detailschange|p1b: Heracross|Heracross-Mega, L50, F\n|-mega|p1b: Heracross|Heracross|Heracronite\n|detailschange|p2b: Lucario|Lucario-Mega, L50, M\n|-mega|p2b: Lucario|Lucario|Lucarionite\n|move|p2b: Lucario|Protect|p2b: Lucario\n|-singleturn|p2b: Lucario|Protect\n|move|p2a: Whimsicott|Tailwind|p2a: Whimsicott\n|-sidestart|p2: bugawup|move: Tailwind\n|move|p1a: Sir Pin|Lunge|p2a: Whimsicott\n|-damage|p2a: Whimsicott|0 fnt\n|faint|p2a: Whimsicott\n|move|p1b: Heracross|Close Combat|p2b: Lucario\n|-activate|p2b: Lucario|move: Protect\n|\n|upkeep\n|\n|t:|1775935883\n|switch|p2a: Meowscarada|Meowscarada, L50, F|100/100\n|turn|4\n|\n|t:|1775935947\n|move|p2a: Meowscarada|Protect|p2a: Meowscarada\n|-start|p2a: Meowscarada|typechange|Normal|[from] ability: Protean\n|-singleturn|p2a: Meowscarada|Protect\n|move|p1b: Heracross|Protect|p1b: Heracross\n|-singleturn|p1b: Heracross|Protect\n|move|p2b: Lucario|Flash Cannon|p1b: Heracross\n|-activate|p1b: Heracross|move: Protect\n|move|p1a: Sir Pin|High Horsepower|p2b: Lucario\n|-supereffective|p2b: Lucario|1\n|-damage|p2b: Lucario|32/100\n|\n|-sideend|p1: ferenainexi|move: Tailwind\n|upkeep\n|turn|5\n|\n|t:|1775935997\n|move|p2a: Meowscarada|Triple Axel|p1b: Heracross\n|-damage|p1b: Heracross|14/100\n|-damage|p1b: Heracross|0 fnt\n|faint|p1b: Heracross\n|-hitcount|p1: Heracross|2\n|move|p2b: Lucario|Flash Cannon|p1a: Sir Pin\n|-damage|p1a: Sir Pin|13/100\n|-enditem|p1a: Sir Pin|Sitrus Berry|[eat]\n|-heal|p1a: Sir Pin|38/100|[from] item: Sitrus Berry\n|move|p1a: Sir Pin|Rock Slide|p2a: Meowscarada|[spread] p2a,p2b\n|-resisted|p2b: Lucario|2\n|-damage|p2a: Meowscarada|77/100\n|-damage|p2b: Lucario|27/100\n|\n|upkeep\n|\n|t:|1775936010\n|switch|p1b: Clawitzer|Clawitzer, L50, M|100/100\n|turn|6\n|\n|t:|1775936066\n|move|p2a: Meowscarada|Flower Trick|p1b: Clawitzer\n|-supereffective|p1b: Clawitzer|1\n|-crit|p1b: Clawitzer\n|-damage|p1b: Clawitzer|15/100\n|move|p2b: Lucario|Flash Cannon|p1a: Sir Pin\n|-damage|p1a: Sir Pin|0 fnt\n|faint|p1a: Sir Pin\n|move|p1b: Clawitzer|Aura Sphere|p2a: Meowscarada\n|-supereffective|p2a: Meowscarada|1\n|-damage|p2a: Meowscarada|0 fnt\n|faint|p2a: Meowscarada\n|\n|-sideend|p2: bugawup|move: Tailwind\n|upkeep\n|turn|7\n|\n|t:|1775936084\n|move|p2b: Lucario|Aura Sphere|p1b: Clawitzer\n|-damage|p1b: Clawitzer|0 fnt\n|faint|p1b: Clawitzer\n|\n|win|bugawup\n|l|\u2606ferenainexi\n|player|p1|\n",
  "uploadtime": 1775936102,
  "views": 9,
  "formatid": "gen9championsvgc2026regma",
  "rating": null,
  "private": 0,
  "password": null
}