{
  "id": "gen9championsvgc2026regma-2585438821",
  "format": "[Gen 9 Champions] VGC 2026 Reg M-A",
  "players": [
    "bl4ze4444",
    "jack zelong"
  ],
  "log": "|j|\u2606bl4ze4444\n|j|\u2606jack zelong\n|t:|1776347345\n|gametype|doubles\n|player|p1|bl4ze4444|steven|1111\n|player|p2|jack zelong|chili|1172\n|gen|9\n|tier|[Gen 9 Champions] VGC 2026 Reg M-A\n|rated|\n|rule|Species Clause: Limit one of each Pok\u00e9mon\n|rule|Item Clause: Limit 1 of each item\n|clearpoke\n|poke|p1|Glimmora, L50, F|\n|poke|p1|Zoroark-Hisui, L50, M|\n|poke|p1|Incineroar, L50, M|\n|poke|p1|Basculegion, L50, M|\n|poke|p1|Sinistcha, L50|\n|poke|p1|Kingambit, L50, M|\n|poke|p2|Crabominable, L50, F|\n|poke|p2|Aromatisse, L50, M|\n|poke|p2|Kingambit, L50, M|\n|poke|p2|Conkeldurr, L50, M|\n|poke|p2|Farigiraf, L50, M|\n|poke|p2|Aegislash, L50, F|\n|teampreview|4\n|\n|t:|1776347409\n|teamsize|p1|4\n|teamsize|p2|4\n|start\n|switch|p1a: Incineroar|Incineroar, L50, M|100/100\n|switch|p1b: Kingambit|Kingambit, L50, M|100/100\n|switch|p2a: Aromatisse|Aromatisse, L50, M|100/100\n|switch|p2b: Kingambit|Kingambit, L50, M|100/100\n|turn|1\n|c|\u2606jack zelong|blaze :_:\n|\n|t:|1776347453\n|switch|p2b: Conkeldurr|Conkeldurr, L50, M|100/100\n|move|p1a: Incineroar|Flare Blitz|p2b: Conkeldurr\n|-damage|p2b: Conkeldurr|48/100\n|-damage|p1a: Incineroar|82/100|[from] Recoil\n|move|p1b: Kingambit|Iron Head|p2a: Aromatisse\n|-supereffective|p2a: Aromatisse|1\n|-damage|p2a: Aromatisse|25/100\n|move|p2a: Aromatisse|Trick Room|p2a: Aromatisse\n|-fieldstart|move: Trick Room|[of] p2a: Aromatisse\n|\n|upkeep\n|turn|2\n|\n|t:|1776347496\n|switch|p1b: Sinistcha|Sinistcha, L50|100/100\n|-heal|p1a: Incineroar|100/100|[from] ability: Hospitality|[of] p1b: Sinistcha\n|move|p2a: Aromatisse|Heal Pulse|p2b: Conkeldurr\n|-heal|p2b: Conkeldurr|98/100\n|move|p2b: Conkeldurr|Drain Punch|p1a: Incineroar\n|-supereffective|p1a: Incineroar|1\n|-damage|p1a: Incineroar|5/100\n|-heal|p2b: Conkeldurr|100/100|[from] drain|[of] p1a: Incineroar\n|move|p1a: Incineroar|Flare Blitz|p2b: Conkeldurr\n|-damage|p2b: Conkeldurr|31/100\n|-damage|p1a: Incineroar|0 fnt|[from] Recoil\n|faint|p1a: Incineroar\n|\n|upkeep\n|\n|t:|1776347528\n|switch|p1a: Basculegion|Basculegion, L50, M|100/100\n|turn|3\n|\n|t:|1776347545\n|move|p2a: Aromatisse|Heal Pulse|p2b: Conkeldurr\n|-heal|p2b: Conkeldurr|81/100\n|move|p2b: Conkeldurr|Knock Off|p1a: Basculegion\n|-supereffective|p1a: Basculegion|1\n|-damage|p1a: Basculegion|7/100\n|-enditem|p1a: Basculegion|Choice Scarf|[from] move: Knock Off|[of] p2b: Conkeldurr\n|move|p1b: Sinistcha|Matcha Gotcha|p2a: Aromatisse|[spread] p2a,p2b\n|-damage|p2a: Aromatisse|0 fnt\n|-damage|p2b: Conkeldurr|48/100\n|faint|p2a: Aromatisse\n|move|p1a: Basculegion|Wave Crash|p2b: Conkeldurr\n|-damage|p2b: Conkeldurr|0 fnt\n|faint|p2b: Conkeldurr\n|-damage|p1a: Basculegion|0 fnt|[from] Recoil\n|faint|p1a: Basculegion\n|\n|upkeep\n|\n|t:|1776347564\n|switch|p2a: Kingambit|Kingambit, L50, M|100/100\n|switch|p2b: Aegislash|Aegislash, L50, F|100/100\n|switch|p1a: Kingambit|Kingambit, L50, M|100/100\n|turn|4\n|\n|t:|1776347591\n|move|p1b: Sinistcha|Protect|p1b: Sinistcha\n|-singleturn|p1b: Sinistcha|Protect\n|move|p2a: Kingambit|Kowtow Cleave|p1b: Sinistcha\n|-activate|p1b: Sinistcha|move: Protect\n|move|p1a: Kingambit|Kowtow Cleave|p2b: Aegislash\n|-supereffective|p2b: Aegislash|1\n|-damage|p2b: Aegislash|9/100\n|-formechange|p2b: Aegislash|Aegislash-Blade|\n|move|p2b: Aegislash|Shadow Ball|p1b: Sinistcha\n|-activate|p1b: Sinistcha|move: Protect\n|\n|upkeep\n|turn|5\n|\n|t:|1776347634\n|move|p2a: Kingambit|Kowtow Cleave|p1b: Sinistcha\n|-supereffective|p1b: Sinistcha|1\n|-damage|p1b: Sinistcha|5/100\n|move|p1a: Kingambit|Kowtow Cleave|p2b: Aegislash\n|-supereffective|p2b: Aegislash|1\n|-damage|p2b: Aegislash|0 fnt\n|faint|p2b: Aegislash\n|move|p1b: Sinistcha|Matcha Gotcha|p2a: Kingambit|[miss]\n|-miss|p1b: Sinistcha|p2a: Kingambit\n|\n|-heal|p1b: Sinistcha|11/100|[from] item: Leftovers\n|-fieldend|move: Trick Room\n|upkeep\n|turn|6\n|\n|t:|1776347667\n|move|p1b: Sinistcha|Protect|p1b: Sinistcha\n|-singleturn|p1b: Sinistcha|Protect\n|move|p2a: Kingambit|Sucker Punch||[still]\n|-fail|p2a: Kingambit\n|move|p1a: Kingambit|Kowtow Cleave|p2a: Kingambit\n|-resisted|p2a: Kingambit|1\n|-damage|p2a: Kingambit|80/100\n|\n|-heal|p1b: Sinistcha|17/100|[from] item: Leftovers\n|upkeep\n|turn|7\n|\n|t:|1776347681\n|move|p1b: Sinistcha|Matcha Gotcha|p2a: Kingambit\n|-resisted|p2a: Kingambit|1\n|-damage|p2a: Kingambit|61/100\n|-heal|p1b: Sinistcha|29/100|[from] drain|[of] p2a: Kingambit\n|move|p1a: Kingambit|Kowtow Cleave|p2a: Kingambit\n|-resisted|p2a: Kingambit|1\n|-damage|p2a: Kingambit|40/100\n|move|p2a: Kingambit|Kowtow Cleave|p1b: Sinistcha\n|-supereffective|p1b: Sinistcha|1\n|-damage|p1b: Sinistcha|0 fnt\n|faint|p1b: Sinistcha\n|\n|upkeep\n|turn|8\n|-message|jack zelong forfeited.\n|\n|win|bl4ze4444\n|raw|bl4ze4444's rating: 1111 &rarr; <strong>1140</strong><br />(+29 for winning)\n|raw|jack zelong's rating: 1172 &rarr; <strong>1143</strong><br />(-29 for losing)\n|l|\u2606jack zelong\n|player|p2|\n",
  "uploadtime": 1776347701,
  "views": 25,
  "formatid": "gen9championsvgc2026regma",
  "rating": 1140,
  "private": 0,
  "password": null
}