{
  "id": "gen9championsvgc2026regma-2588491700",
  "format": "[Gen 9 Champions] VGC 2026 Reg M-A",
  "players": [
    "clickformoreinfos",
    "Snarkyshane"
  ],
  "log": "|j|\u2606clickformoreinfos\n|j|\u2606Snarkyshane\n|t:|1776638367\n|gametype|doubles\n|player|p1|clickformoreinfos|medium|1486\n|player|p2|Snarkyshane|gambler|1421\n|gen|9\n|tier|[Gen 9 Champions] VGC 2026 Reg M-A\n|rated|\n|rule|Species Clause: Limit one of each Pok\u00e9mon\n|rule|Item Clause: Limit 1 of each item\n|clearpoke\n|poke|p1|Mudsdale, L50, F|\n|poke|p1|Delphox, L50, F|\n|poke|p1|Rotom-Wash, L50|\n|poke|p1|Sneasler, L50, M|\n|poke|p1|Tyranitar, L50, F|\n|poke|p1|Kingambit, L50, F|\n|poke|p2|Kommo-o, L50, M|\n|poke|p2|Incineroar, L50, M|\n|poke|p2|Rotom-Wash, L50|\n|poke|p2|Talonflame, L50, M|\n|poke|p2|Scizor, L50, M|\n|poke|p2|Maushold-Four, L50|\n|teampreview|4\n|inactive|Battle timer is ON: inactive players will automatically lose when time's up. (requested by clickformoreinfos)\n|inactive|Snarkyshane also wants the timer to be on.\n|inactive|Snarkyshane has 60 seconds left.\n|\n|t:|1776638412\n|teamsize|p1|4\n|teamsize|p2|4\n|start\n|switch|p1a: Mudsdale|Mudsdale, L50, F|100/100\n|switch|p1b: Rotom|Rotom-Wash, L50|100/100\n|switch|p2a: The Gong|Kommo-o, L50, M|100/100\n|switch|p2b: Maus of Pain|Maushold-Four, L50|100/100\n|turn|1\n|\n|t:|1776638435\n|move|p1b: Rotom|Discharge|p2a: The Gong|[spread] p2a,p2b\n|-immune|p1a: Mudsdale\n|-resisted|p2a: The Gong|1\n|-damage|p2a: The Gong|88/100\n|-damage|p2b: Maus of Pain|63/100\n|move|p2b: Maus of Pain|Super Fang|p1a: Mudsdale\n|-damage|p1a: Mudsdale|51/100\n|move|p2a: The Gong|Clangorous Soul|p2a: The Gong\n|-boost|p2a: The Gong|atk|1\n|-boost|p2a: The Gong|def|1\n|-boost|p2a: The Gong|spa|1\n|-boost|p2a: The Gong|spd|1\n|-boost|p2a: The Gong|spe|1\n|-damage|p2a: The Gong|56/100\n|move|p1a: Mudsdale|Earthquake|p2a: The Gong|[spread] p2a,p2b\n|-immune|p1b: Rotom|[from] ability: Levitate\n|-damage|p2a: The Gong|36/100\n|-damage|p2b: Maus of Pain|8/100\n|\n|upkeep\n|turn|2\n|inactive|Snarkyshane has 30 seconds left.\n|\n|t:|1776638461\n|move|p2a: The Gong|Protect|p2a: The Gong\n|-singleturn|p2a: The Gong|Protect\n|move|p1b: Rotom|Discharge|p2a: The Gong|[spread] p2b\n|-activate|p2a: The Gong|move: Protect\n|-immune|p1a: Mudsdale\n|-damage|p2b: Maus of Pain|0 fnt\n|faint|p2b: Maus of Pain\n|move|p1a: Mudsdale|Earthquake|p2a: The Gong|[spread] \n|-activate|p2a: The Gong|move: Protect\n|-immune|p1b: Rotom|[from] ability: Levitate\n|\n|upkeep\n|\n|t:|1776638472\n|switch|p2b: Sidekick|Incineroar, L50, M|100/100\n|-ability|p2b: Sidekick|Intimidate|boost\n|-fail|p1a: Mudsdale|unboost|Attack|[from] ability: Inner Focus|[of] p1a: Mudsdale\n|-unboost|p1b: Rotom|atk|1\n|turn|3\n|\n|t:|1776638495\n|move|p2b: Sidekick|Fake Out|p1b: Rotom\n|-crit|p1b: Rotom\n|-damage|p1b: Rotom|79/100\n|cant|p1b: Rotom|flinch\n|move|p2a: The Gong|Clanging Scales|p1b: Rotom|[spread] p1a,p1b\n|-damage|p1a: Mudsdale|0 fnt\n|-damage|p1b: Rotom|0 fnt\n|faint|p1a: Mudsdale\n|faint|p1b: Rotom\n|-unboost|p2a: The Gong|def|1\n|\n|upkeep\n|\n|t:|1776638503\n|switch|p1b: Sneasler|Sneasler, L50, M|100/100\n|switch|p1a: Delphox|Delphox, L50, F|100/100\n|turn|4\n|\n|t:|1776638516\n|switch|p2b: Squeaky Clean|Rotom-Wash, L50|100/100\n|detailschange|p1a: Delphox|Delphox-Mega, L50, F\n|-mega|p1a: Delphox|Delphox|Delphoxite\n|move|p2a: The Gong|Protect|p2a: The Gong\n|-singleturn|p2a: The Gong|Protect\n|move|p1a: Delphox|Nasty Plot|p1a: Delphox\n|-boost|p1a: Delphox|spa|2\n|move|p1b: Sneasler|Close Combat|p2b: Squeaky Clean\n|-damage|p2b: Squeaky Clean|41/100\n|-unboost|p1b: Sneasler|def|1\n|-unboost|p1b: Sneasler|spd|1\n|-enditem|p2b: Squeaky Clean|Sitrus Berry|[eat]\n|-heal|p2b: Squeaky Clean|65/100|[from] item: Sitrus Berry\n|-enditem|p1b: Sneasler|White Herb\n|-clearnegativeboost|p1b: Sneasler|[silent]\n|\n|upkeep\n|turn|5\n|\n|t:|1776638540\n|switch|p2b: Sidekick|Incineroar, L50, M|100/100\n|-ability|p2b: Sidekick|Intimidate|boost\n|-unboost|p1a: Delphox|atk|1\n|-unboost|p1b: Sneasler|atk|1\n|move|p1b: Sneasler|Close Combat|p2b: Sidekick\n|-supereffective|p2b: Sidekick|1\n|-enditem|p2b: Sidekick|Chople Berry|[eat]\n|-enditem|p2b: Sidekick|Chople Berry|[weaken]\n|-damage|p2b: Sidekick|63/100\n|-unboost|p1b: Sneasler|def|1\n|-unboost|p1b: Sneasler|spd|1\n|move|p2a: The Gong|Clanging Scales|p1b: Sneasler|[spread] p1a,p1b\n|-damage|p1a: Delphox|28/100\n|-damage|p1b: Sneasler|0 fnt\n|faint|p1b: Sneasler\n|-unboost|p2a: The Gong|def|1\n|move|p1a: Delphox|Dazzling Gleam|p2b: Sidekick|[spread] p2a,p2b\n|-supereffective|p2a: The Gong|2\n|-crit|p2b: Sidekick\n|-damage|p2a: The Gong|0 fnt\n|-damage|p2b: Sidekick|4/100\n|faint|p2a: The Gong\n|\n|upkeep\n|\n|t:|1776638559\n|switch|p2a: Squeaky Clean|Rotom-Wash, L50|65/100\n|turn|6\n|\n|t:|1776638569\n|move|p1a: Delphox|Protect|p1a: Delphox\n|-singleturn|p1a: Delphox|Protect\n|move|p2b: Sidekick|Fake Out|p1a: Delphox\n|-activate|p1a: Delphox|move: Protect\n|move|p2a: Squeaky Clean|Thunderbolt|p1a: Delphox\n|-activate|p1a: Delphox|move: Protect\n|\n|upkeep\n|turn|7\n|\n|t:|1776638579\n|move|p1a: Delphox|Dazzling Gleam|p2b: Sidekick|[spread] p2a,p2b\n|-damage|p2a: Squeaky Clean|16/100\n|-damage|p2b: Sidekick|0 fnt\n|faint|p2b: Sidekick\n|move|p2a: Squeaky Clean|Thunderbolt|p1a: Delphox\n|-damage|p1a: Delphox|0 fnt\n|faint|p1a: Delphox\n|\n|win|Snarkyshane\n|raw|clickformoreinfos's rating: 1486 &rarr; <strong>1462</strong><br />(-24 for losing)\n|raw|Snarkyshane's rating: 1421 &rarr; <strong>1445</strong><br />(+24 for winning)\n|l|\u2606clickformoreinfos\n|player|p1|\n",
  "uploadtime": 1776638586,
  "views": 16,
  "formatid": "gen9championsvgc2026regma",
  "rating": 1445,
  "private": 0,
  "password": null
}