{
  "id": "gen9championsvgc2026regma-2586436847",
  "format": "[Gen 9 Champions] VGC 2026 Reg M-A",
  "players": [
    "P!nkbearz07",
    "Roline123"
  ],
  "log": "|j|\u2606P!nkbearz07\n|j|\u2606Roline123\n|t:|1776434610\n|gametype|doubles\n|player|p1|P!nkbearz07|1|1020\n|player|p2|Roline123|petrel|1000\n|gen|9\n|tier|[Gen 9 Champions] VGC 2026 Reg M-A\n|rated|\n|rule|Species Clause: Limit one of each Pok\u00e9mon\n|rule|Item Clause: Limit 1 of each item\n|clearpoke\n|poke|p1|Krookodile, L50, F|\n|poke|p1|Aggron, L50, M|\n|poke|p1|Sinistcha, L50|\n|poke|p1|Tyranitar, L50, M|\n|poke|p1|Sneasler, L50, F|\n|poke|p1|Farigiraf, L50, M|\n|poke|p2|Gengar, L50, F|\n|poke|p2|Kingambit, L50, F|\n|poke|p2|Sinistcha, L50|\n|poke|p2|Incineroar, L50, F|\n|poke|p2|Kommo-o, L50, M|\n|poke|p2|Tyranitar, L50, M|\n|teampreview|4\n|inactive|Battle timer is ON: inactive players will automatically lose when time's up. (requested by P!nkbearz07)\n|\n|t:|1776434635\n|teamsize|p1|4\n|teamsize|p2|4\n|start\n|switch|p1a: Sneasler|Sneasler, L50, F|100/100\n|switch|p1b: Krookodile|Krookodile, L50, F|100/100\n|switch|p2a: Gengar|Gengar, L50, F|100/100\n|switch|p2b: Kingambit|Kingambit, L50, F|100/100\n|-ability|p1b: Krookodile|Intimidate|boost\n|-unboost|p2a: Gengar|atk|1\n|-unboost|p2b: Kingambit|atk|1\n|-ability|p2b: Kingambit|Defiant|boost\n|-boost|p2b: Kingambit|atk|2\n|turn|1\n|l|\u2606Roline123\n|inactive|Roline123 disconnected and has a minute to reconnect!\n|player|p2|\n|j|\u2606Roline123\n|inactive|Roline123 reconnected and has 45 seconds left.\n|player|p2|Roline123|petrel|\n|c|\u2606P!nkbearz07|glhf\n|inactive|Roline123 has 30 seconds left.\n|\n|t:|1776434661\n|switch|p2b: Incineroar|Incineroar, L50, F, shiny|100/100\n|-ability|p2b: Incineroar|Intimidate|boost\n|-unboost|p1a: Sneasler|atk|1\n|-unboost|p1b: Krookodile|atk|1\n|-enditem|p1a: Sneasler|White Herb\n|-clearnegativeboost|p1a: Sneasler|[silent]\n|detailschange|p2a: Gengar|Gengar-Mega, L50, F\n|-mega|p2a: Gengar|Gengar|Gengarite\n|move|p1a: Sneasler|Close Combat|p2b: Incineroar\n|-supereffective|p2b: Incineroar|1\n|-damage|p2b: Incineroar|0 fnt\n|-unboost|p1a: Sneasler|def|1\n|-unboost|p1a: Sneasler|spd|1\n|faint|p2b: Incineroar\n|move|p1b: Krookodile|Crunch|p2a: Gengar\n|-supereffective|p2a: Gengar|1\n|-damage|p2a: Gengar|28/100\n|move|p2a: Gengar|Perish Song|p2a: Gengar\n|-start|p1a: Sneasler|perish3|[silent]\n|-start|p1b: Krookodile|perish3|[silent]\n|-start|p2a: Gengar|perish3|[silent]\n|-fieldactivate|move: Perish Song\n|\n|-start|p1a: Sneasler|perish3\n|-start|p1b: Krookodile|perish3\n|-start|p2a: Gengar|perish3\n|upkeep\n|\n|t:|1776434683\n|switch|p2b: Sinistcha|Sinistcha, L50|100/100\n|-heal|p2a: Gengar|53/100|[from] ability: Hospitality|[of] p2b: Sinistcha\n|turn|2\n|\n|t:|1776434695\n|move|p2a: Gengar|Protect|p2a: Gengar\n|-singleturn|p2a: Gengar|Protect\n|move|p1a: Sneasler|Dire Claw|p2b: Sinistcha\n|-damage|p2b: Sinistcha|59/100\n|move|p1b: Krookodile|Crunch|p2a: Gengar\n|-activate|p2a: Gengar|move: Protect\n|move|p2b: Sinistcha|Life Dew|p2b: Sinistcha|[spread] p2a,p2b\n|-heal|p2a: Gengar|77/100\n|-heal|p2b: Sinistcha|84/100\n|\n|-start|p1a: Sneasler|perish2\n|-start|p1b: Krookodile|perish2\n|-start|p2a: Gengar|perish2\n|upkeep\n|turn|3\n|inactive|Roline123 has 30 seconds left.\n|\n|t:|1776434720\n|move|p2a: Gengar|Protect|p2a: Gengar\n|-singleturn|p2a: Gengar|Protect\n|move|p1a: Sneasler|Dire Claw|p2a: Gengar\n|-activate|p2a: Gengar|move: Protect\n|move|p1b: Krookodile|Crunch|p2a: Gengar\n|-activate|p2a: Gengar|move: Protect\n|move|p2b: Sinistcha|Life Dew|p2b: Sinistcha|[spread] p2a,p2b\n|-heal|p2a: Gengar|100/100\n|-heal|p2b: Sinistcha|100/100\n|\n|-start|p1a: Sneasler|perish1\n|-start|p1b: Krookodile|perish1\n|-start|p2a: Gengar|perish1\n|upkeep\n|turn|4\n|\n|t:|1776434742\n|switch|p2a: Kingambit|Kingambit, L50, F|100/100\n|move|p2b: Sinistcha|Rage Powder|p2b: Sinistcha\n|-singleturn|p2b: Sinistcha|move: Rage Powder\n|move|p1a: Sneasler|Dire Claw|p2b: Sinistcha\n|-damage|p2b: Sinistcha|58/100\n|-status|p2b: Sinistcha|par\n|move|p1b: Krookodile|Crunch|p2b: Sinistcha\n|-supereffective|p2b: Sinistcha|1\n|-damage|p2b: Sinistcha|9/100 par\n|-enditem|p2b: Sinistcha|Sitrus Berry|[eat]\n|-heal|p2b: Sinistcha|34/100 par|[from] item: Sitrus Berry\n|\n|-start|p1a: Sneasler|perish0\n|-start|p1b: Krookodile|perish0\n|upkeep\n|faint|p1a: Sneasler\n|faint|p1b: Krookodile\n|\n|t:|1776434747\n|switch|p1a: Sinistcha|Sinistcha, L50|100/100\n|switch|p1b: Aggron|Aggron, L50, M, shiny|100/100\n|turn|5\n|\n|t:|1776434769\n|switch|p2b: Gengar|Gengar-Mega, L50, F|100/100\n|detailschange|p1b: Aggron|Aggron-Mega, L50, M, shiny\n|-mega|p1b: Aggron|Aggron|Aggronite\n|move|p1a: Sinistcha|Rage Powder|p1a: Sinistcha\n|-singleturn|p1a: Sinistcha|move: Rage Powder\n|move|p2a: Kingambit|Low Kick|p1a: Sinistcha\n|-immune|p1a: Sinistcha\n|move|p1b: Aggron|Body Press|p2a: Kingambit\n|-supereffective|p2a: Kingambit|2\n|-enditem|p2a: Kingambit|Chople Berry|[eat]\n|-enditem|p2a: Kingambit|Chople Berry|[weaken]\n|-damage|p2a: Kingambit|42/100\n|\n|upkeep\n|turn|6\n|\n|t:|1776434789\n|move|p2a: Kingambit|Protect|p2a: Kingambit\n|-singleturn|p2a: Kingambit|Protect\n|move|p2b: Gengar|Perish Song|p2b: Gengar\n|-start|p1a: Sinistcha|perish3|[silent]\n|-start|p1b: Aggron|perish3|[silent]\n|-start|p2a: Kingambit|perish3|[silent]\n|-start|p2b: Gengar|perish3|[silent]\n|-fieldactivate|move: Perish Song\n|move|p1a: Sinistcha|Matcha Gotcha|p2b: Gengar|[spread] p2b\n|-activate|p2a: Kingambit|move: Protect\n|-resisted|p2b: Gengar|1\n|-damage|p2b: Gengar|86/100\n|move|p1b: Aggron|Heavy Slam|p2b: Gengar\n|-damage|p2b: Gengar|22/100\n|\n|-start|p2b: Gengar|perish3\n|-start|p1a: Sinistcha|perish3\n|-start|p2a: Kingambit|perish3\n|-start|p1b: Aggron|perish3\n|upkeep\n|turn|7\n|\n|t:|1776434813\n|switch|p2a: Sinistcha|Sinistcha, L50|34/100 par\n|-heal|p2b: Gengar|47/100|[from] ability: Hospitality|[of] p2a: Sinistcha\n|move|p2b: Gengar|Protect|p2b: Gengar\n|-singleturn|p2b: Gengar|Protect\n|move|p1a: Sinistcha|Rage Powder|p1a: Sinistcha\n|-singleturn|p1a: Sinistcha|move: Rage Powder\n|move|p1b: Aggron|Body Press|p2a: Sinistcha\n|-immune|p2a: Sinistcha\n|\n|-start|p2b: Gengar|perish2\n|-start|p1a: Sinistcha|perish2\n|-start|p1b: Aggron|perish2\n|upkeep\n|turn|8\n|-message|P!nkbearz07 forfeited.\n|\n|win|Roline123\n|raw|P!nkbearz07's rating: 1020 &rarr; <strong>1006</strong><br />(-14 for losing)\n|raw|Roline123's rating: 1000 &rarr; <strong>1042</strong><br />(+42 for winning)\n|l|\u2606P!nkbearz07\n|player|p1|\n",
  "uploadtime": 1776434860,
  "views": 18,
  "formatid": "gen9championsvgc2026regma",
  "rating": 1006,
  "private": 0,
  "password": null
}