{
  "id": "gen9championsvgc2026regma-2588551630",
  "format": "[Gen 9 Champions] VGC 2026 Reg M-A",
  "players": [
    "ShaggyMetagross",
    "fenjaminbranklin"
  ],
  "log": "|j|\u2606ShaggyMetagross\n|j|\u2606fenjaminbranklin\n|t:|1776644171\n|gametype|doubles\n|player|p1|ShaggyMetagross|cyrus|1113\n|player|p2|fenjaminbranklin|169|1121\n|gen|9\n|tier|[Gen 9 Champions] VGC 2026 Reg M-A\n|rated|\n|rule|Species Clause: Limit one of each Pok\u00e9mon\n|rule|Item Clause: Limit 1 of each item\n|clearpoke\n|poke|p1|Meganium, L50, F, shiny|\n|poke|p1|Milotic, L50, F, shiny|\n|poke|p1|Aerodactyl, L50, F, shiny|\n|poke|p1|Kangaskhan, L50, F, shiny|\n|poke|p1|Aegislash, L50, M, shiny|\n|poke|p1|Sneasler, L50, F, shiny|\n|poke|p2|Farigiraf, L50, M, shiny|\n|poke|p2|Crabominable, L50, M, shiny|\n|poke|p2|Slowking, L50, F, shiny|\n|poke|p2|Sinistcha, L50, shiny|\n|poke|p2|Beartic, L50, F, shiny|\n|poke|p2|Archaludon, L50, F, shiny|\n|teampreview|4\n|inactive|Battle timer is ON: inactive players will automatically lose when time's up. (requested by fenjaminbranklin)\n|inactive|ShaggyMetagross has 60 seconds left.\n|\n|t:|1776644230\n|teamsize|p1|4\n|teamsize|p2|4\n|start\n|switch|p1a: Nessa|Milotic, L50, F, shiny|100/100\n|switch|p1b: Little Foot|Meganium, L50, F, shiny|100/100\n|switch|p2a: Farigiraf|Farigiraf, L50, M, shiny|100/100\n|switch|p2b: Slowking|Slowking, L50, F, shiny|100/100\n|turn|1\n|inactive|fenjaminbranklin has 30 seconds left.\n|inactive|fenjaminbranklin has 20 seconds left.\n|inactive|fenjaminbranklin has 15 seconds left.\n|inactive|fenjaminbranklin has 10 seconds left.\n|\n|t:|1776644275\n|switch|p2b: Sinistcha|Sinistcha, L50, shiny|100/100\n|detailschange|p1b: Little Foot|Meganium-Mega, L50, F, shiny\n|-mega|p1b: Little Foot|Meganium|Meganiumite\n|move|p1b: Little Foot|Solar Beam||[still]\n|-prepare|p1b: Little Foot|Solar Beam\n|-activate|p1b: Little Foot|ability: Mega Sol\n|-anim|p1b: Little Foot|Solar Beam|p2b: Sinistcha\n|-resisted|p2b: Sinistcha|1\n|-damage|p2b: Sinistcha|58/100\n|move|p1a: Nessa|Coil|p1a: Nessa\n|-boost|p1a: Nessa|atk|1\n|-boost|p1a: Nessa|def|1\n|-boost|p1a: Nessa|accuracy|1\n|move|p2a: Farigiraf|Trick Room|p2a: Farigiraf\n|-fieldstart|move: Trick Room|[of] p2a: Farigiraf\n|\n|upkeep\n|turn|2\n|inactive|ShaggyMetagross has 30 seconds left.\n|\n|t:|1776644303\n|move|p2a: Farigiraf|Psychic|p1b: Little Foot\n|-damage|p1b: Little Foot|61/100\n|move|p2b: Sinistcha|Matcha Gotcha|p1a: Nessa|[spread] p1a,p1b\n|-supereffective|p1a: Nessa|1\n|-resisted|p1b: Little Foot|1\n|-damage|p1a: Nessa|63/100\n|-heal|p2b: Sinistcha|79/100|[from] drain|[of] p1a: Nessa\n|-damage|p1b: Little Foot|50/100\n|-heal|p2b: Sinistcha|85/100|[from] drain|[of] p1b: Little Foot\n|move|p1a: Nessa|Blizzard|p2b: Sinistcha|[spread] p2a,p2b\n|-supereffective|p2b: Sinistcha|1\n|-damage|p2a: Farigiraf|74/100\n|-damage|p2b: Sinistcha|23/100\n|move|p1b: Little Foot|Solar Beam||[still]\n|-prepare|p1b: Little Foot|Solar Beam\n|-activate|p1b: Little Foot|ability: Mega Sol\n|-anim|p1b: Little Foot|Solar Beam|p2b: Sinistcha\n|-resisted|p2b: Sinistcha|1\n|-damage|p2b: Sinistcha|0 fnt\n|faint|p2b: Sinistcha\n|\n|upkeep\n|\n|t:|1776644323\n|switch|p2b: Crabominable|Crabominable, L50, M, shiny|100/100\n|turn|3\n|\n|t:|1776644340\n|detailschange|p2b: Crabominable|Crabominable-Mega, L50, M, shiny\n|-mega|p2b: Crabominable|Crabominable|Crabominite\n|move|p1b: Little Foot|Protect|p1b: Little Foot\n|-singleturn|p1b: Little Foot|Protect\n|move|p2b: Crabominable|Ice Hammer|p1b: Little Foot\n|-activate|p1b: Little Foot|move: Protect\n|move|p2a: Farigiraf|Psychic|p1a: Nessa\n|-damage|p1a: Nessa|29/100\n|-enditem|p1a: Nessa|Sitrus Berry|[eat]\n|-heal|p1a: Nessa|54/100|[from] item: Sitrus Berry\n|move|p1a: Nessa|Coil|p1a: Nessa\n|-boost|p1a: Nessa|atk|1\n|-boost|p1a: Nessa|def|1\n|-boost|p1a: Nessa|accuracy|1\n|\n|upkeep\n|turn|4\n|inactive|ShaggyMetagross has 30 seconds left.\n|inactive|fenjaminbranklin has 30 seconds left.\n|inactive|fenjaminbranklin has 20 seconds left.\n|inactive|fenjaminbranklin has 15 seconds left.\n|inactive|fenjaminbranklin has 10 seconds left.\n|inactive|fenjaminbranklin has 5 seconds left.\n|\n|t:|1776644392\n|switch|p2b: Slowking|Slowking, L50, F, shiny|100/100\n|switch|p1b: Monado|Aegislash, L50, M, shiny|100/100\n|move|p2a: Farigiraf|Psychic|p1a: Nessa\n|-damage|p1a: Nessa|24/100\n|move|p1a: Nessa|Hypnosis|p2b: Slowking\n|-status|p2b: Slowking|slp|[from] move: Hypnosis\n|\n|upkeep\n|turn|5\n|inactive|ShaggyMetagross has 30 seconds left.\n|inactive|ShaggyMetagross has 20 seconds left.\n|\n|t:|1776644429\n|switch|p1a: Peetree|Aerodactyl, L50, F, shiny|100/100\n|-ability|p1a: Peetree|Unnerve\n|cant|p2b: Slowking|slp\n|move|p2a: Farigiraf|Psychic|p1a: Peetree\n|-damage|p1a: Peetree|37/100\n|-formechange|p1b: Monado|Aegislash-Blade|\n|move|p1b: Monado|Poltergeist|p2b: Slowking\n|-activate|p2b: Slowking|move: Poltergeist|Bright Powder\n|-supereffective|p2b: Slowking|1\n|-damage|p2b: Slowking|0 fnt\n|faint|p2b: Slowking\n|\n|-fieldend|move: Trick Room\n|upkeep\n|\n|t:|1776644445\n|switch|p2b: Crabominable|Crabominable-Mega, L50, M, shiny|100/100\n|turn|6\n|\n|t:|1776644463\n|move|p2b: Crabominable|Mach Punch|p1a: Peetree\n|-damage|p1a: Peetree|0 fnt\n|faint|p1a: Peetree\n|move|p1b: Monado|Poltergeist|p2b: Crabominable\n|-activate|p2b: Crabominable|move: Poltergeist|Crabominite\n|-damage|p2b: Crabominable|43/100\n|move|p2a: Farigiraf|Trick Room|p2a: Farigiraf\n|-fieldstart|move: Trick Room|[of] p2a: Farigiraf\n|\n|upkeep\n|inactive|ShaggyMetagross has 30 seconds left.\n|\n|t:|1776644490\n|switch|p1a: Nessa|Milotic, L50, F, shiny|24/100\n|turn|7\n|inactive|fenjaminbranklin has 30 seconds left.\n|inactive|fenjaminbranklin has 20 seconds left.\n|inactive|fenjaminbranklin has 15 seconds left.\n|\n|t:|1776644532\n|-formechange|p1b: Monado|Aegislash|\n|move|p1b: Monado|King's Shield|p1b: Monado\n|-singleturn|p1b: Monado|Protect\n|move|p2b: Crabominable|Thunder Punch|p1b: Monado\n|-activate|p1b: Monado|move: Protect\n|-unboost|p2b: Crabominable|atk|1\n|move|p2a: Farigiraf|Psychic|p1a: Nessa\n|-damage|p1a: Nessa|0 fnt\n|faint|p1a: Nessa\n|\n|upkeep\n|\n|t:|1776644545\n|switch|p1a: Little Foot|Meganium-Mega, L50, F, shiny|50/100\n|turn|8\n|\n|t:|1776644564\n|move|p1a: Little Foot|Protect|p1a: Little Foot\n|-singleturn|p1a: Little Foot|Protect\n|move|p2b: Crabominable|Thunder Punch|p1b: Monado\n|-damage|p1b: Monado|76/100\n|-status|p1b: Monado|par\n|-formechange|p1b: Monado|Aegislash-Blade|\n|move|p1b: Monado|Iron Head|p2b: Crabominable\n|-supereffective|p2b: Crabominable|1\n|-damage|p2b: Crabominable|0 fnt\n|faint|p2b: Crabominable\n|move|p2a: Farigiraf|Psychic|p1a: Little Foot\n|-activate|p1a: Little Foot|move: Protect\n|\n|upkeep\n|turn|9\n|\n|t:|1776644586\n|move|p1b: Monado|Iron Head|p2a: Farigiraf\n|-damage|p2a: Farigiraf|26/100\n|-enditem|p2a: Farigiraf|Sitrus Berry|[eat]\n|-heal|p2a: Farigiraf|51/100|[from] item: Sitrus Berry\n|move|p2a: Farigiraf|Psychic|p1a: Little Foot\n|-damage|p1a: Little Foot|13/100\n|move|p1a: Little Foot|Solar Beam||[still]\n|-prepare|p1a: Little Foot|Solar Beam\n|-activate|p1a: Little Foot|ability: Mega Sol\n|-anim|p1a: Little Foot|Solar Beam|p2a: Farigiraf\n|-damage|p2a: Farigiraf|0 fnt\n|faint|p2a: Farigiraf\n|\n|win|ShaggyMetagross\n|raw|ShaggyMetagross's rating: 1113 &rarr; <strong>1139</strong><br />(+26 for winning)\n|raw|fenjaminbranklin's rating: 1121 &rarr; <strong>1095</strong><br />(-26 for losing)\n",
  "uploadtime": 1776644604,
  "views": 18,
  "formatid": "gen9championsvgc2026regma",
  "rating": 1095,
  "private": 0,
  "password": null
}