{
  "id": "gen9championsvgc2026regma-2587882093",
  "format": "[Gen 9 Champions] VGC 2026 Reg M-A",
  "players": [
    "abcdWang",
    "chang21"
  ],
  "log": "|j|\u2606abcdWang\n|j|\u2606chang21\n|t:|1776574174\n|gametype|doubles\n|player|p1|abcdWang|iono-masters2|1531\n|player|p2|chang21|102|1418\n|gen|9\n|tier|[Gen 9 Champions] VGC 2026 Reg M-A\n|rated|\n|rule|Species Clause: Limit one of each Pok\u00e9mon\n|rule|Item Clause: Limit 1 of each item\n|clearpoke\n|poke|p1|Kingambit, L50, F|\n|poke|p1|Gardevoir, L50, M|\n|poke|p1|Aerodactyl, L50, F|\n|poke|p1|Maushold-Four, L50|\n|poke|p1|Incineroar, L50, M|\n|poke|p1|Sneasler, L50, M|\n|poke|p2|Floette-Eternal, L50, F|\n|poke|p2|Sneasler, L50, F|\n|poke|p2|Garchomp, L50, M|\n|poke|p2|Rotom-Wash, L50|\n|poke|p2|Incineroar, L50, F|\n|poke|p2|Aerodactyl, L50, M|\n|teampreview|4\n|inactive|Battle timer is ON: inactive players will automatically lose when time's up. (requested by abcdWang)\nabcdWang rejected open team sheets.\n|inactive|chang21 has 60 seconds left.\n|inactive|chang21 has 30 seconds left.\n|inactive|chang21 has 20 seconds left.\n|inactive|chang21 has 15 seconds left.\n|inactive|chang21 has 10 seconds left.\n|\n|t:|1776574260\n|teamsize|p1|4\n|teamsize|p2|4\n|start\n|switch|p1a: Gardevoir|Gardevoir, L50, M|100/100\n|switch|p1b: Aerodactyl|Aerodactyl, L50, F|100/100\n|switch|p2a: Rotom|Rotom-Wash, L50|100/100\n|switch|p2b: Sneasler|Sneasler, L50, F|100/100\n|-ability|p1b: Aerodactyl|Unnerve\n|-ability|p1a: Gardevoir|Unburden|Trace|[from] ability: Trace|[of] p2b: Sneasler\n|turn|1\n|\n|t:|1776574275\n|detailschange|p1a: Gardevoir|Gardevoir-Mega, L50, M\n|-mega|p1a: Gardevoir|Gardevoir|Gardevoirite\n|move|p2a: Rotom|Electroweb|p1b: Aerodactyl|[spread] p1a,p1b\n|-supereffective|p1b: Aerodactyl|1\n|-crit|p1b: Aerodactyl\n|-damage|p1a: Gardevoir|90/100\n|-damage|p1b: Aerodactyl|38/100\n|-unboost|p1a: Gardevoir|spe|1\n|-unboost|p1b: Aerodactyl|spe|1\n|move|p2b: Sneasler|Dire Claw|p1a: Gardevoir\n|-supereffective|p1a: Gardevoir|1\n|-damage|p1a: Gardevoir|0 fnt\n|faint|p1a: Gardevoir\n|move|p1b: Aerodactyl|Dual Wingbeat|p2b: Sneasler\n|-supereffective|p2b: Sneasler|1\n|-damage|p2b: Sneasler|40/100\n|-supereffective|p2b: Sneasler|1\n|-damage|p2b: Sneasler|0 fnt\n|faint|p2b: Sneasler\n|-hitcount|p2: Sneasler|2\n|\n|upkeep\n|\n|t:|1776574297\n|switch|p2b: Aerodactyl|Aerodactyl, L50, M|100/100\n|switch|p1a: Incineroar|Incineroar, L50, M|100/100\n|-ability|p2b: Aerodactyl|Unnerve\n|-ability|p1a: Incineroar|Intimidate|boost\n|-unboost|p2a: Rotom|atk|1\n|-unboost|p2b: Aerodactyl|atk|1\n|turn|2\n|\n|t:|1776574321\n|move|p2a: Rotom|Electroweb|p1a: Incineroar|[spread] p1a,p1b\n|-supereffective|p1b: Aerodactyl|1\n|-damage|p1a: Incineroar|85/100\n|-damage|p1b: Aerodactyl|0 fnt\n|-unboost|p1a: Incineroar|spe|1\n|faint|p1b: Aerodactyl\n|move|p2b: Aerodactyl|Tailwind|p2b: Aerodactyl\n|-sidestart|p2: chang21|move: Tailwind\n|move|p1a: Incineroar|Parting Shot|p2b: Aerodactyl\n|-unboost|p2b: Aerodactyl|atk|1\n|-unboost|p2b: Aerodactyl|spa|1\n|\n|t:|1776574330\n|switch|p1a: Sneasler|Sneasler, L50, M|100/100|[from] Parting Shot\n|\n|upkeep\n|\n|t:|1776574333\n|switch|p1b: Incineroar|Incineroar, L50, M|85/100\n|-ability|p1b: Incineroar|Intimidate|boost\n|-unboost|p2a: Rotom|atk|1\n|-unboost|p2b: Aerodactyl|atk|1\n|turn|3\n|\n|t:|1776574351\n|move|p1b: Incineroar|Fake Out|p2a: Rotom\n|-damage|p2a: Rotom|89/100\n|cant|p2a: Rotom|flinch\n|move|p2b: Aerodactyl|Rock Slide|p1b: Incineroar|[spread] p1a,p1b\n|-resisted|p1a: Sneasler|1\n|-supereffective|p1b: Incineroar|1\n|-damage|p1a: Sneasler|93/100\n|-damage|p1b: Incineroar|70/100\n|cant|p1a: Sneasler|flinch\n|\n|upkeep\n|turn|4\n|\n|t:|1776574369\n|move|p2a: Rotom|Electroweb|p1b: Incineroar|[spread] p1a,p1b\n|-damage|p1a: Sneasler|71/100\n|-damage|p1b: Incineroar|55/100\n|-unboost|p1a: Sneasler|spe|1\n|-unboost|p1b: Incineroar|spe|1\n|-enditem|p1a: Sneasler|White Herb\n|-clearnegativeboost|p1a: Sneasler|[silent]\n|move|p2b: Aerodactyl|Rock Slide|p1b: Incineroar|[spread] p1a,p1b\n|-resisted|p1a: Sneasler|1\n|-supereffective|p1b: Incineroar|1\n|-damage|p1a: Sneasler|64/100\n|-damage|p1b: Incineroar|40/100\n|cant|p1a: Sneasler|flinch\n|move|p1b: Incineroar|Throat Chop|p2a: Rotom\n|-damage|p2a: Rotom|53/100\n|-start|p2a: Rotom|Throat Chop|[silent]\n|\n|upkeep\n|turn|5\n|\n|t:|1776574390\n|move|p1a: Sneasler|Protect|p1a: Sneasler\n|-singleturn|p1a: Sneasler|Protect\n|move|p2a: Rotom|Electroweb|p1b: Incineroar|[spread] p1b\n|-activate|p1a: Sneasler|move: Protect\n|-damage|p1b: Incineroar|26/100\n|-unboost|p1b: Incineroar|spe|1\n|move|p2b: Aerodactyl|Rock Slide|p1a: Sneasler|[spread] p1b\n|-activate|p1a: Sneasler|move: Protect\n|-supereffective|p1b: Incineroar|1\n|-damage|p1b: Incineroar|10/100\n|cant|p1b: Incineroar|flinch\n|\n|-end|p2a: Rotom|Throat Chop|[silent]\n|-sideend|p2: chang21|move: Tailwind\n|upkeep\n|turn|6\n|j| GentleH\n|\n|t:|1776574408\n|move|p1a: Sneasler|Close Combat|p2a: Rotom\n|-damage|p2a: Rotom|0 fnt\n|-unboost|p1a: Sneasler|def|1\n|-unboost|p1a: Sneasler|spd|1\n|faint|p2a: Rotom\n|move|p2b: Aerodactyl|Tailwind|p2b: Aerodactyl\n|-sidestart|p2: chang21|move: Tailwind\n|move|p1b: Incineroar|Throat Chop|p2b: Aerodactyl\n|-damage|p2b: Aerodactyl|52/100\n|-start|p2b: Aerodactyl|Throat Chop|[silent]\n|\n|upkeep\n|\n|t:|1776574412\n|switch|p2a: Floette|Floette-Eternal, L50, F|100/100\n|turn|7\n|l| GentleH\n|\n|t:|1776574430\n|detailschange|p2a: Floette|Floette-Mega, L50, F\n|-mega|p2a: Floette|Floette|Floettite\n|-ability|p2a: Floette|Fairy Aura\n|move|p2b: Aerodactyl|Dual Wingbeat|p1a: Sneasler\n|-supereffective|p1a: Sneasler|1\n|-damage|p1a: Sneasler|29/100\n|-supereffective|p1a: Sneasler|1\n|-damage|p1a: Sneasler|0 fnt\n|faint|p1a: Sneasler\n|-hitcount|p1: Sneasler|2\n|move|p2a: Floette|Dazzling Gleam|p1b: Incineroar\n|-damage|p1b: Incineroar|0 fnt\n|faint|p1b: Incineroar\n|\n|win|chang21\n|raw|abcdWang's rating: 1531 &rarr; <strong>1505</strong><br />(-26 for losing)\n|raw|chang21's rating: 1418 &rarr; <strong>1444</strong><br />(+26 for winning)\n|l|\u2606chang21\n|player|p2|\n|l|\u2606abcdWang\n|player|p1|\n",
  "uploadtime": 1776574447,
  "views": 17,
  "formatid": "gen9championsvgc2026regma",
  "rating": 1444,
  "private": 0,
  "password": null
}